4046 6484
554 491 656 557 1'9

1792 489 2172 548 GRFGORII
2209 488 2530 547 PALAil‘L-E

3700 480 3820 545 160

553 619 770 671 quoque
805 619 902 673 per
956 603 1218 672 jejunium
1271 603 1617 654 etuuudatus.
1675 600 1856 653 Daniel
1912 615 2126 670 quoque

2235 599 2376 669 οἴνῳ,
2404 599 2540 668 μηδὲ
2580 599 2725 670 κόρῳ
2763 597 3145 668 βαρ-δνώμεθα,
3172 599 3229 651 ἐν
3259 593 3338 661 οἷς
3360 598 3509 650 ἐστιν
3534 597 3566 666 η
3603 596 3818 648 ἀσωτία

554 705 773 762 aspectu
821 695 907 747 Dei
957 695 1173 762 gavisus
1206 702 1311 753 est,
1346 707 1560 744 necnon
1598 691 1756 743 unius
1790 706 1852 743 ev
1889 692 2118 743 :trcltan.

553 787 704 849 gulis,
740 803 768 839 a
805 802 908 852 quo
935 785 1240 842 futurorum
1276 783 1524 835 notitiam
1562 782 1814 845 obtinuit,
1849 783 1941 831 sed
1975 781 2123 848 prius

554 894 648 943 per
698 888 841 931 totas
898 877 1087 945 viginti
1126 876 1243 928 dies
1285 889 1422 940 pane
1529 889 1634 926 non
1679 872 1934 924 comedit.
1974 871 2124 925 Alius

555 983 681 1018 vero
711 968 969 1036 pmplteta
997 966 1318 1019 interfectus
1340 974 1444 1026 est,
1472 963 1597 1031 quia
1629 962 1978 1016 manducavit
1997 976 2124 1013 con-

553 1071 633 1113 tra
692 1059 1001 1113 mandatum
1054 1057 1172 1111 Dei.
1231 1054 1467 1110 Nost-itis
1525 1070 1713 1108 omnes
1771 1053 1910 1107 Esau
1959 1052 2123 1104 lilium

557 1147 726 1211 lsaac,
753 1148 842 1216 qtti
877 1158 1097 1216 propter
1132 1152 1337 1200 ventris
1371 1145 1661 1213 ingluviem
1694 1160 1721 1197 a
1751 1142 2126 1212 primogenitis

555 1250 889 1307 patri-tuique
922 1239 1116 1290 decEd;t
1168 1237 1565 1290 benedictione.
1602 1234 1906 1288 Careamus
1940 1244 1992 1287 et
2028 1248 2127 1287 nos

555 1346 622 1384 ne
660 1331 832 1383 ventri
871 1329 1214 1397 indulgentes
1251 1343 1276 1377 a
1307 1327 1570 1393 promissa
1619 1326 1705 1378 illa
1746 1325 2126 1379 benedictione

554 1435 608 1474 et
645 1421 964 1476 ltzrretlitale
1012 1421 1194 1472 Patris
1229 1419 1470 1471 cwlcstis
1507 1419 1839 1470 dccidamus.
1883 1415 1986 1470 Nec
2017 1426 2126 1468 tres

554 1531 748 1584 pueros
771 1515 1056 1586 ignoratis,
1081 1514 1170 1581 qui
1201 1512 1407 1581 jejunio
1439 1511 1604 1564 dediti
1637 1526 1729 1579 per
1762 1510 2034 1564 fornacem
2067 1509 2121 1562 in

557 1608 832 1676 Babylone
865 1615 1050 1660 contra
1084 1621 1178 1660 eos
1224 1605 1526 1673 septuplutn
1569 1617 1884 1658 succensam
1917 1602 2126 1656 incom-

556 1703 728 1754 ltuslis
783 1700 1007 1768 pedibus
1059 1699 1491 1766 corporibusque
1539 1695 1992 1757 ambulaverunt;
2029 1707 2126 1746 nos

554 1809 770 1862 quoque
818 1794 862 1846 si
923 1807 1109 1844 verum
1165 1804 1513 1844 exerceamus
1557 1787 1848 1858 jejunium,
1878 1785 2130 1840 similiter

556 1885 778 1934 ardores
811 1881 991 1934 earnis
1024 1881 1410 1934 concttlcantes
1440 1879 1868 1947 exstinguemus,
1896 1886 1950 1929 et
1978 1875 2128 1929 futu-

556 1988 666 2024 ram
705 1972 983 2024 fort-act‘m
1019 1970 1202 2024 intacti
1249 1971 1624 2034 transibimus,
1678 1970 1897 2036 quando
1947 1968 2133 2022 unius-

553 2061 818 2131 cujusque
844 2075 987 2128 opus
1015 2059 1155 2129 ignis
1190 2060 1462 2128 probabit.
1491 2058 1629 2124 Quid
1667 2064 1880 2126 oportet
1924 2057 2134 2110 referre

553 2153 935 2220 [t“0;'llClﬂrllitt
974 2150 1259 2204 Dominum
1312 2149 1427 2219 qui,
1471 2165 1634 2203 carne
1671 2159 1965 2215 assumpta,
2011 2163 2137 2216 pro-

552 2253 672 2310 pter
711 2258 806 2296 nos
847 2243 1022 2297 factus
1056 2243 1240 2304 homo,
1271 2250 1327 2294 ιιι
1354 2241 1575 2294 ntodutu
1618 2241 1776 2295 nobis
1805 2247 2134 2292 monstraret

550 2335 823 2387 diabolum
865 2333 1141 2394 vincendi,
1178 2332 1435 2401 jejuuans
1466 2333 1519 2385 in
1564 2332 1817 2384 omnibus
1856 2344 1978 2382 eum
2007 2331 2134 2385 vicit

553 2424 866 2477 omnimoda
911 2425 1207 2477 tcntatioue
1246 2423 1672 2492 aggredieutem,
1728 2437 1935 2477 necnon
1968 2421 2132 2475 disci-

554 2518 695 2585 pulis
719 2517 830 2572 suis
871 2517 936 2570 de
976 2526 1126 2568 tnuto
1155 2517 1432 2584 surdoque
1461 2515 1706 2568 daemone
1741 2513 1878 2566 dixit
1907 2531 1920 2566 :
1963 2531 1982 2564 ι
2017 2513 2132 2567 Hoc

552 2623 722 2676 genus
754 2609 1141 2661 dwmoniorum
1175 2621 1278 2660 non
1305 2605 1520 2676 eiicitur
1553 2603 1659 2658 nisi
1694 2618 1790 2672 per
1823 2603 2128 2658 orationem

550 2711 608 2753 et
641 2701 929 2768 jejunium.
957 2719 976 2751 ι

556 2797 772 2849 πάντων
802 2795 1019 2863 ἐνίκησε
1041 2793 1246 2859 τοῦτον,
1275 2791 1453 2846 πάντα
1473 2789 1593 2845 κατ’
1623 2787 1788 2842 αὑτοῦ
1812 2788 2110 2858 κινήσαντα
2151 2795 2478 2864 πειρασμόν·
2527 2797 2620 2847 καὶ
2658 2796 2796 2863 πρὸς

2231 691 2325 744 καὶ
2357 693 2389 762 ἡ
2421 691 2670 744 ἀσέϐεια.
2697 691 2942 758 Θεόπτης
2976 691 3068 743 καὶ
3098 693 3125 743 ὁ
3162 689 3369 754 Ἠλίας,
3405 690 3540 742 ἀλλά
3601 706 3849 759 προκα-ο

2233 779 2454 849 θαρθεὶς
2484 779 2575 832 καὶ
2613 773 2769 841 οὗτος
2805 781 2893 833 διὰ
2923 779 3198 850 νηστείας.
3239 779 3437 847 Ἔτυχε
3495 777 3590 831 καὶ
3609 773 3820 846 Δανιὴλ

2229 871 2506 934 θεοπτίας.
2538 878 2631 924 καὶ
2663 874 2771 925 τῶν
2799 873 3157 944 ἀρχαγγέλων
3197 871 3323 934 ἐνὸς
3357 871 3648 935 ὀπτασίας,
3711 869 3821 937 τὴν

2229 961 2338 1015 τῶν
2365 963 2668 1029 μελλόντων
2695 965 2895 1030 γνῶσιν
2928 964 3078 1034 αὐτῷ
3125 964 3480 1032 παρέχοντος,
3503 962 3636 1015 ἀλλά
3672 961 3821 1031 πρό-

2230 1070 2389 1123 τερον
2420 1054 2507 1123 ἐφ’
2535 1057 2748 1126 ἡμέρας
2773 1056 2899 1118 ὅλας
2932 1057 3106 1109 είκοσι
3150 1055 3437 1124 διαμείνας
3463 1055 3674 1115 ἄσιτος.
3713 1054 3824 1106 Πε-

2231 1147 2485 1214 φδνευται
2516 1149 2608 1200 καὶ
2643 1149 2929 1218 προφήτης
2974 1148 3160 1217 ἕτερος
3211 1147 3318 1200 ὑπὸ
3368 1146 3607 1208 λέοντος,
3676 1145 3823 1199 ἀλλά

2233 1237 2422 1306 φαγὼν
2452 1239 2601 1306 παρά
2631 1240 2854 1309 γνώμην
2878 1238 3034 1291 Θεοῦ.
3064 1237 3368 1291 Γινώσκετε
3402 1239 3598 1298 πάντος
3636 1233 3820 1290 Ἡσαῦ

2228 1330 2320 1382 τὸν
2359 1330 2452 1382 τοῦ
2501 1331 2708 1393 Ἰσαὰκ,
2745 1330 2802 1392 ὃς
2834 1331 2939 1383 ὑπὸ
2974 1331 3417 1400 γαστριμαργίας
3473 1329 3581 1380 τῶν
3606 1346 3661 1380 τε
3721 1329 3824 1381 ἀλ·-

2230 1420 2336 1472 λων
2369 1422 2769 1487 πρωτοτοκίων,
2796 1421 3002 1489 καὶτῆς
3027 1423 3298 1490 πατρικῆς
3329 1421 3582 1486 ἐξέπεσεν
3620 1419 3821 1486 εὐχῆς.

2229 1515 2559 1585 Φοδηθῶμεν
2602 1515 2676 1585 μὴ
2705 1516 2796 1568 καὶ
2839 1516 2998 1586 ἡμεῖς
3028 1518 3092 1586 τῇ
3153 1514 3575 1586 γαστριμαργίᾳ
3633 1513 3820 1584 ταύτῃ

2231 1606 2593 1675 προσέχοντες
2621 1607 2948 1676 ἐκπέσωμεν
2977 1607 3077 1677 τῆς
3123 1607 3545 1678 ἐπηγγελμένης
3595 1606 3824 1671 ἐκείνης

2231 1695 2485 1762 εὐλογίας
2528 1696 2624 1748 καὶ
2686 1695 3046 1765 κληροδοσίας
3097 1695 3194 1749 τοῦ
3237 1696 3515 1749 ἀνωτάτου
3573 1694 3822 1765 Πατρός.

2231 1785 2365 1840 Οὐδὲ
2399 1787 2524 1848 τοὺς
2552 1788 2700 1854 τρεῖς
2741 1787 2930 1850 παῖδας
2959 1788 3250 1856 ἀγνοεῖτε,
3274 1786 3322 1839 οῖ
3353 1785 3580 1858 νηστεία
3637 1801 3824 1853 προσ-

2232 1879 2503 1946 κείμενοι,
2533 1879 2631 1949 τὴν
2687 1879 3075 1942 ὲπταπλασίως
3110 1878 3231 1931 κατ’
3287 1877 3468 1930 αὐτῶν
3524 1877 3580 1927 ἐν
3638 1875 3828 1927 Βαϐυ-

2242 1971 2374 2023 λῶνι
2402 1972 2634 2038 κάμινον
2663 1971 3024 2026 ὲκκαυθεῖσαν
3075 1970 3365 2040 ἀφλέκτοις
3419 1972 3545 2024 ποσὶ
3570 1969 3664 2020 καὶ
3715 1969 3830 2020 σὼ-

2239 2079 2369 2130 μασι
2391 2063 2503 2132 69
2535 2063 2920 2133 κατεπάτησαν
2945 2079 2960 2094 σ
2984 2062 3078 2114 ἐὰν
3102 2063 3195 2113 καὶ
3224 2062 3386 2128 ἡμεῖς
3427 2057 3685 2127 ἀληθινὴν
3725 2075 3827 2125 νη-

2235 2155 2418 2206 στείαν
2439 2155 2799 2224 ἀσκήσωμεν,
2835 2157 2930 2209 καὶ
2959 2155 3060 2222 τὴν
3113 2151 3351 2205 ἐνταῦθα
3402 2149 3651 2216 πύρωπῑν
3713 2148 3825 2215 τῆς

2236 2245 2440 2310 σαρκδς
2471 2245 2938 2316 καταπατήσομέν
2961 2262 3019 2297 τε
3044 2244 3135 2297 καὶ
3194 2243 3484 2308 σϐέσομεν,
3552 2243 3646 2293 καὶ
3719 2238 3827 2306 τὴν

2235 2335 2542 2404 μέλλουσαν
2571 2337 2804 2406 κάμινον
2835 2336 3057 2406 ἀζήμιοι
3108 2335 3542 2404 διαπεράσομεν,
3577 2333 3707 2384 ὃταν
3763 2331 3827 2383 ὲ·-

2236 2427 2442 2480 κάστου
2468 2429 2529 2482 τὺ
2559 2429 2720 2498 ἔργον
2765 2430 2825 2482 τὸ
2858 2428 2970 2498 πῦρ
3028 2424 3327 2497 δοκιμάσῃ.
3389 2424 3456 2476 Τί
3505 2423 3588 2474 δεῖ
3635 2421 3829 2488 λέγειν

2231 2518 2324 2569 τὸν
2350 2518 2459 2571 τῶν
2489 2522 2787 2589 προφητῶν
2834 2520 3070 2590 Κύριονς
3102 2520 3163 2582 ὃς
3218 2520 3400 2586 σάρκα
3459 2513 3661 2576 λαϐὼν,
3720 2513 3828 2564 καὶ

2234 2607 2302 2660 δι’
2330 2611 2478 2678 ἡμᾶς
2501 2612 2794 2680 γενόμενος
2825 2611 3135 2680 ἄνθρωπος,
3179 2609 3503 2670 ὑποδεικνὺς
3543 2607 3677 2675 ἡμῖν
3725 2605 3828 2656 τὶν

2234 2701 2434 2768 τρόπον
2460 2703 2558 2769 τῆς
2591 2703 2730 2756 κατά
2764 2703 2858 2756 τοῦ
2881 2703 3131 2756 διαϐόλου
3163 2701 3343 2769 νίκης,
3392 2697 3672 2768 νηστεύων
3724 2696 3829 2750 διὰ

2875 2797 3003 2858 τοὺς
3071 2795 3306 2857 οἰκείους
3365 2791 3612 2862 μαθητὰς
3675 2792 3820 2858 περὶ

550 2889 646 2940 τοῦ
669 2887 862 2941 ἀλάλου
897 2887 990 2940 καὶ
1018 2885 1200 2955 κωφοῦ
1235 2885 1512 2957 δαιμονίου
1547 2883 1700 2952 ἔλεγε
1723 2899 1735 2914 ·
1771 2900 1790 2935 ι
1846 2881 2018 2934 Τοῦτο
2049 2881 2108 2934 τὸ
2147 2883 2422 2954 δαιμόνιον
2495 2889 2597 2942 οὐκ
2659 2887 2964 2959 ἐξέρχεται,
2997 2889 3046 2942 εί
3085 2888 3160 2958 μὴ
3230 2891 3288 2940 ὲν
3350 2887 3628 2956 προσευχῇ
3695 2883 3798 2938 καὶ

552 2983 796 3052 νηστείᾳ.

625 3078 740 3142 Eia,
775 3077 992 3140 fratres,
1027 3075 1378 3131 ostendamus
1407 3072 1560 3129 Vobis
1585 3072 1745 3142 quale
1779 3072 1851 3127 sit
1880 3070 1990 3127 Deo
2019 3087 2145 3141 gra-

553 3181 666 3224 tum
718 3184 1014 3236 verumque
1039 3169 1325 3239 jejunium.
1375 3166 1486 3222 Hoc
1525 3168 1668 3221 enim
1698 3175 1873 3220 estote
1903 3166 2142 3220 scientes

551 3265 806 3328 quoniam
851 3277 953 3312 non
1007 3261 1179 3327 ipsum
1233 3268 1452 3329 propter
1490 3273 1547 3313 se
1578 3257 1824 3323 corporis
1874 3255 2140 3326 jejunium

551 3347 961 3412 laudatuuspcd
985 3349 1104 3417 quia
1129 3350 1192 3402 ad
1221 3349 1322 3402 alia
1342 3349 1536 3401 animze
1560 3348 1774 3401 utiliora
1798 3347 2094 3400 contribuit
2125 3367 2140 3407 :

555 3459 677 3498 nam
703 3441 1038 3509 corporalem
1061 3441 1509 3494 exercitationem
1542 3442 1608 3491 ad
1634 3440 1905 3492 modicum
1944 3439 2131 3492 utilem

551 3549 676 3588 esse
707 3534 862 3588 divus
901 3534 978 3586 ait
1023 3531 1340 3600 Apostolus.
1379 3531 1501 3585 Ideo
1537 3531 1644 3584 divi
1682 3545 1899 3600 quoque
1937 3530 2131 3589 Patres

554 3625 727 3680 tto-tri
762 3640 828 3678 ex
865 3623 1205 3693 experientia
1249 3624 1530 3691 loquentes
1561 3623 1816 3677 diuturna
1863 3637 1968 3676 non
2006 3637 2132 3690 pro-

555 3716 684 3770 bant
711 3713 937 3781 jejunia,
971 3712 1065 3768 sed
1094 3714 1418 3768 laudabilius
1446 3712 1693 3780 iudicant
1721 3712 1889 3768 settth
1919 3724 2128 3767 tantum

556 3809 610 3862 in
639 3806 728 3860 die
755 3805 1107 3869 manducare,
1134 3820 1239 3858 non
1273 3814 1453 3860 autem
1485 3805 1698 3869 satiAri,
1731 3814 1785 3859 ct
1813 3805 1913 3859 hoc
1929 3801 2130 3860 'dicunt

554 3901 855 3955 secundum
930 3897 1144 3951 ntodum
1212 3897 1585 3966 rationemque
1631 3895 1900 3966 jejunium
1934 3914 1950 3963 ;
1986 3898 2135 3965 quod

555 3992 719 4043 etiam
765 3996 950 4042 monet
1006 3986 1309 4055 Scriptura,
1344 4003 1448 4042 non
1485 3987 1694 4041 servire
1731 3988 1935 4041 ventris
1971 4004 2131 4041 vora-

555 4082 729 4141 citati.
779 4096 954 4150 neque
1000 4081 1138 4148 gula:
1189 4081 1478 4149 voluptati,
1524 4083 1620 4134 sed
1667 4081 1970 4136 naturalem
2024 4082 2131 4135 cibi

557 4171 852 4238 appetitum
885 4172 1186 4236 remittere,
1223 4185 1403 4225 escam
1430 4181 1610 4225 autem
1642 4179 1846 4224 tantam
1881 4180 1935 4226 et
1971 4171 2131 4226 talem

554 4277 679 4318 esse
721 4273 777 4317 ut
820 4263 1003 4318 robori
1041 4271 1096 4318 et
1137 4273 1570 4333 temperamento
1608 4266 1826 4318 enutriti
1883 4265 2132 4334 corporis

553 4356 863 4419 coztvcttiat,
891 4355 1112 4424 ejusque
1147 4355 1364 4410 sanitati
1413 4365 1672 4422 quantum
1707 4365 1884 4425 potest
1909 4372 2132 4412 conscr-

557 4447 747 4501 vandze
779 4448 1027 4501 stilliciat.
1061 4446 1270 4501 Etenim
1303 4447 1577 4501 inﬁrmum
1626 4448 1922 4502 secundum
1982 4447 2134 4501 inﬁr-

553 4539 763 4591 mitatis
792 4539 1017 4607 gradum
1057 4538 1125 4592 de
1173 4538 1403 4607 dapibus
1451 4537 1717 4608 appositis
1762 4539 1815 4591 in
1869 4552 2125 4593 mensura

557 4631 913 4691 manducare,
976 4629 1019 4682 si
1080 4629 1407 4684 necessariis
1446 4617 1779 4698 supervacua
1815 4639 1871 4683 et
1916 4628 2129 4684 inutilia

557 4738 663 4779 non
700 4721 969 4790 adjiciat;
1005 4721 1050 4775 si
1087 4720 1438 4774 nutritioucm
1471 4731 1702 4789 qutcrat,
1755 4735 1860 4774 non
1891 4721 2137 4790 volupta-

2260 3094 2262 3096 '
2321 3073 2482 3130 Ἀλλά
2510 3073 2646 3143 φέρε
2679 3071 2945 3142 δείξωμεν
2986 3074 3135 3141 ύμῖν,
3172 3071 3410 3138 ἀδελφοὶ,
3439 3070 3524 3131 τίς
3579 3071 3730 3123 ἐστιν
3788 3070 3825 3140 ἡ

2238 3167 2530 3236 θεάρεστος
2559 3166 2782 3234 νηστεία
2811 3165 2908 3218 καὶ
2935 3165 3145 3233 ἀληθής
3164 3179 3177 3192 ·
3217 3162 3377 3216 τοῦτο
3412 3164 3522 3232 γάρ
3584 3165 3708 3215 ἐστε
3736 3179 3830 3229 γι-

2237 3257 2561 3320 νὼσκοντες,
2596 3259 2671 3318 ὡς
2703 3257 2803 3310 οὐκ
2854 3257 3026 3327 αὐτὴν
3053 3256 3122 3309 δι’
3167 3255 3367 3324 ἑαυτὴν
3418 3255 3516 3324 τὴν
3575 3272 3825 3324 σωματι-

2236 3351 2341 3421 κὴν
2365 3349 2697 3418 ἐπαινοῦμεν
2721 3350 2998 3418 νηστείαν,
3033 3348 3148 3402 ἀλλ’
3178 3348 3256 3411 ὡς
3291 3347 3628 3415 ἐνεργοῦσαν
3683 3346 3827 3415 πρδς

2236 3444 2402 3508 ἕτερα
2426 3443 2926 3514 ψυχωφελέστερα·
2986 3441 3085 3513 τὴν
3139 3441 3249 3511 γὰρ
3282 3441 3604 3512 σωματικὴν
3652 3441 3827 3510 ἔργαο
3907 3492 3910 3495 .

2240 3533 2362 3588 σίαν
2389 3535 2524 3605 πρὸς
2544 3535 2724 3604 ὀλίγον
2752 3536 3031 3610 ὠφέλιμον
3080 3529 3220 3589 εἶναι
3243 3536 3340 3587 καὶ
3369 3535 3406 3587 δ’
3459 3533 3604 3597 θεῖος
3671 3530 3828 3586 Παῦ-

2237 3627 2328 3690 λός
2363 3644 2519 3698 φησι.
2551 3628 2642 3680 Διὸ
2673 3628 2768 3680 καὶ
2789 3628 2838 3680 οί
2870 3627 2960 3681 διά
2987 3627 3182 3696 πείρας
3213 3625 3506 3700 λαλοῦντες
3565 3623 3824 3694 θεοφόροι

2240 3720 2485 3790 Πατέρες
2504 3718 2604 3773 οὐκ
2628 3719 2986 3788 ἀποδέχονται
3009 3721 3110 3782 τάς
3133 3717 3305 3786 πολυη
3317 3718 3514 3786 μέρους
3536 3717 3824 3786 νηστείας,

2237 3812 2373 3866 ἀλλά
2407 3811 2775 3881 δοκιμώτερον
2807 3811 3054 3880 κρίνουσι
3083 3810 3142 3862 τδ
3173 3810 3298 3861 καθ’
3351 3808 3563 3878 ἡμέραν
3616 3794 3843 3860 ἐσθίειν

2239 3900 2410 3968 ἅπαξ,
2445 3903 2540 3955 καὶ
2578 3901 2652 3972 μὴ
2689 3900 3083 3971 χορτάζεσθαι·
3121 3900 3216 3953 καὶ
3247 3884 3404 3952 τοῦτό
3439 3915 3572 3966 φασι
3605 3897 3828 3967 σύμμε-

2237 4010 2367 4061 τρον
2396 3994 2494 4046 καὶ
2527 3994 2667 4062 μετά
2695 3993 2855 4060 λόγου
2885 3991 3144 4061 νηστείαν
3171 4006 3188 4022 ·
3220 3991 3248 4044 ὃ
3292 3991 3441 4061 καὶὴ
3480 3990 3675 4060 Γραφὴ
3735 3990 3828 4042 λέ-

2238 4085 2430 4151 γει,τὺ
2459 4085 2532 4154 μὴ
2567 4085 2884 4138 ἀπατᾶσθαι
2915 4083 3184 4154 χορτασίᾳ
3203 4082 3434 4146 κοιλίας,
3466 4071 3562 4137 καὶ
3584 4085 3649 4153 τῇ
3719 4083 3823 4135 τοῦ

2238 4175 2438 4246 λαιμοῦ
2461 4176 2644 4247 ἡδονῇ,
2684 4177 2821 4230 ἀλλά
2850 4177 2949 4245 τῆς
2971 4176 3070 4246 μὲν
3095 4175 3330 4247 ὀρέξεως
3355 4177 3688 4247 ἐγκειμένης
3734 4177 3821 4233 ἔτι

2238 4269 2337 4338 τῆς
2363 4269 2570 4338 τροφῆς
2604 4268 2886 4337 ἀφίεσθαι,
2911 4269 3008 4338 τὴν
3041 4269 3097 4321 δὲ
3127 4271 3393 4338 ποιότητα
3452 4267 3655 4338 ταύτης
3721 4268 3823 4321 καὶ

2240 4358 2511 4427 ποσότητα
2532 4357 2870 4426 κατάλληλον
2905 4349 3042 4410 εἶναι
3069 4361 3136 4429 τῇ
3167 4358 3395 4428 δυνάμει
3424 4360 3516 4411 καὶ
3573 4357 3824 4412 διαθέσει

2238 4448 2333 4502 τοῦ
2351 4448 2686 4518 τρεφομένου
2727 4448 3002 4518 σώματος,
3061 4451 3200 4519 πρὸς
3218 4451 3279 4501 τὸ
3337 4451 3434 4504 καὶ
3485 4449 3584 4520 τὴν
3631 4450 3827 4518 ὑγείαν

2239 4539 2406 4592 αὐτοῦ
2432 4539 2575 4592 κατά
2613 4534 2672 4592 τὸ
2701 4539 2929 4594 δυνατὸν
2973 4539 3360 4606 συντηρεῖσθαι
3387 4560 3400 4572 ·
3431 4539 3492 4592 τδ
3538 4539 3649 4610 γὰρ
3717 4557 3824 4594 κα-

2239 4629 2518 4692 ταλλήλως
2549 4632 2616 4699 τῇ
2654 4631 2909 4701 ἀσθενείᾳ
2959 4631 3290 4701 συμμέτρως
3319 4630 3521 4684 ἐσθίειν
3543 4631 3650 4684 ἀπὸ
3707 4631 3827 4685 τῶν

2239 4722 2543 4790 δεδομένων
2571 4722 2879 4792 βρωμάτων
2902 4723 2994 4775 τὸν
3042 4723 3267 4792 ἀσθενῆ,
3323 4724 3398 4794 μὴ
3455 4723 3824 4795 προστιθέντα

559 4826 712 4882 tem;
762 4814 806 4867 si
835 4822 1046 4883 potum,
1087 4827 1191 4864 uou
1233 4811 1588 4877 ebrietatem;
1617 4813 1660 4867 si
1697 4827 1848 4866 usum
1885 4814 2132 4867 modera-

2246 4816 2358 4877 τοῖς
2383 4814 2702 4882 ἀναγκαίοις
2731 4812 2800 4866 τά
2834 4815 2955 4866 λίαν
2993 4817 3224 4883 περιττὰ
3249 4815 3345 4867 καὶ
3397 4814 3677 4882 λυσιτελῆ,
3724 4817 3825 4868 καὶ

561 4916 698 4972 tum,
723 4921 828 4960 non
864 4903 1292 4973 superﬂuitatetn
1327 4911 1382 4956 et
1403 4903 1902 4970 intemperantiam,
1930 4913 1983 4957 et
2007 4904 2141 4959 abu-

559 5015 702 5063 sunt,
741 5010 1081 5066 nequaquam
1117 4993 1254 5048 tollit
1295 4994 1500 5050 utentis
1538 4995 1907 5049 sanctitatem.

557 5093 776 5162 χρῆσιν,
806 5089 923 5142 ἀλλ’
945 5089 1006 5141 οὐ
1037 5087 1135 5156 τὴν
1160 5087 1427 5156 ἀμετρίαν
1451 5087 1546 5140 καὶ
1569 5087 1668 5159 τὴν
1715 5087 1988 5152 ἀκρασίαν
2041 5087 2136 5141 καὶ

557 5189 657 5257 τὴν
685 5187 970 5255 άγιότητα.

628 5281 706 5343 ita
735 5279 950 5348 quidem
988 5277 1309 5348 principium
1344 5279 1455 5332 veri
1493 5279 1706 5348 Deoqtte
1736 5282 1874 5348 grati
1899 5281 2126 5350 jejunii,

562 5372 684 5432 ﬁnis
711 5386 837 5425 vero
863 5380 1082 5438 propter
1102 5385 1260 5440 quem
1285 5370 1601 5440 imperatum
1626 5373 1726 5426 t'uit
1745 5383 1797 5427 et
1819 5388 1848 5428 a
1871 5371 2136 5429 CbriStia—

560 5464 645 5518 nis
673 5462 968 5532 laudatum,
993 5461 1186 5516 animae
1210 5469 1284 5516 est
1314 5464 1583 5533 purgatio.
1608 5463 1740 5518 Nam
1768 5465 1896 5534 quid
1917 5467 2139 5536 prodest

563 5571 590 5606 a
618 5554 896 5621 corporeis
929 5554 1065 5608 cibis
1101 5554 1394 5622 abstinere,
1433 5557 1742 5612 carnalibus
1777 5568 1956 5611 autem
1991 5556 2138 5625 cogi-

559 5645 856 5702 tationibus
889 5652 942 5698 ct
979 5645 1436 5714 concupiscentiis
1485 5645 1738 5717 turgere?
1761 5645 1892 5712 Quae
1936 5645 2142 5701 utilitas

557 5736 604 5786 ei
635 5735 726 5802 qui
751 5751 776 5786 a
800 5737 923 5787 vino
940 5735 1173 5791 abstinet
1193 5738 1450 5808 sitimque
1471 5737 1803 5806 comprimit,
1828 5737 1874 5790 si
1905 5736 2144 5791 inebriee-

557 5836 644 5885 tm‘
694 5842 796 5879 non
855 5843 882 5879 a
938 5827 1084 5892 vino,
1116 5829 1413 5883 secundum
1461 5813 1777 5896 prophetam
1827 5830 2140 5882 dicentem:

550 5915 659 5983 ﬂat
699 5919 864 5980 ebriis
913 5935 1017 5977 non
1051 5937 1079 5974 a
1112 5920 1271 5989 vino;
1306 5921 1350 5975 si
1399 5921 1577 5975 anima
1613 5918 1818 5979 ferveat
1861 5919 1936 5976 ira
1971 5927 2024 5975 et
2057 5920 2142 5973 in-

2248 4905 2310 4957 τὺ
2330 4905 2428 4974 τὴν
2453 4905 2658 4974 τροφὴν
2681 4903 2986 4974 ἐπιζητεῖν,
3037 4905 3152 4958 ἀλλ’
3173 4905 3236 4957 ού
3269 4905 3368 4975 τὴν
3421 4905 3664 4975 τρυφὴν,
3723 4908 3825 4960 καὶ

2246 4995 2346 5065 τὴν
2375 4996 2556 5060 πόσιν,
2587 4997 2705 5049 ἀλλ’
2734 4995 2796 5049 ού
2817 4997 2919 5066 τὴν
2983 4997 3177 5066 μέθην,
3216 4998 3314 5050 καὶ
3360 4996 3459 5068 τὴν
3508 4998 3827 5066 σύμμετρον

2172 5087 2273 5158 τὴν
2326 5089 2702 5159 παράχρησιν,
2755 5088 2857 5141 οὐκ
2937 5089 3254 5160 ἀφαιρεῖται
3309 5089 3406 5141 τοῦ
3457 5092 3825 5170 κεχρημένου

2321 5277 2388 5329 Ἠ
2421 5274 2522 5344 μὲν
2554 5270 2814 5344 οὖνάρχὴ
2849 5274 2945 5341 τῆς
2966 5275 3200 5345 ἀληθοῦς
3225 5277 3318 5329 καὶ
3379 5276 3681 5347 θεαρέστου
3728 5295 3830 5348 νη-

2243 5369 2426 5429 στείας
2447 5369 2599 5419 τοιαύ
2614 5382 2702 5435 τη,
2737 5367 2797 5417 τὸ
2819 5365 2876 5417 δὲ
2899 5365 3049 5428 τέλος
3076 5365 3144 5419 δι’
3173 5366 3201 5419 ὅ
3233 5367 3674 5438 νενομοθέτηται,
3724 5369 3828 5421 καὶ

2244 5459 2479 5529 ἐτιμήθη
2504 5458 2912 5528 Χριστιανοῖςή
2961 5457 3060 5526 τῆς
3096 5457 3274 5528 ψυχῆς
3331 5460 3449 5514 ἐστι
3516 5458 3826 5528 κάθαρσις*

2245 5552 2330 5612 τίς
2360 5551 2470 5617 γὰρ
2498 5547 2739 5616 ὠφέλεια
2796 5550 3119 5616 σωματικῆς
3177 5547 3486 5618 ἀπέχεσθαι
3539 5548 3825 5619 βρώσεως,

2243 5643 2354 5695 τῶν
2380 5641 2436 5695 δὲ
2467 5641 2746 5710 σαρκικῶν
2769 5641 3033 5712 ἡττᾶσθαι
3071 5643 3437 5711 φρονημάτων
3489 5658 3549 5694 τε
3583 5644 3680 5695 καὶ
3727 5659 3831 5694 πα-

2227 5733 2360 5794 ,θών
2389 5752 2403 5799 ;
2447 5733 2511 5784 Τί
2531 5734 2590 5786 τὺ
2618 5732 2807 5801 ὄφελος
2835 5735 2980 5786 οίνου
3009 5733 3339 5803 ἀπέχεσθαι,
3374 5735 3470 5787 καὶ
3498 5733 3655 5802 δίψειι
3698 5735 3826 5787 πιέ-

2253 5825 2464 5890 ζεσθαι,
2500 5825 2594 5878 καὶ
2627 5823 2848 5892 μεθύειν
2887 5825 2944 5878 δὲ
2968 5826 3068 5879 οὐκ
3091 5827 3199 5880 ἀπὸ
3219 5827 3386 5890 οἴνου,
3416 5826 3556 5879 κατά
3616 5826 3710 5879 τδν
3739 5825 3828 5877 λέ-

2249 5933 2417 5988 γοντα
2438 5933 2452 5948 ⁸
2499 5917 2636 6001 Οὐαὶ
2673 5918 2720 5971 οί
2753 5915 3046 5990 μεθύοντες
3078 5918 3176 5972 οὐκ
3211 5919 3318 5973 ἀπὸ
3345 5919 3513 5985 οἴνου,
3541 5920 3636 5974 καὶ
3663 5915 3826 5996 θυαῷ
