4046 6462
164 252 276 319 161

1531 251 1868 313 l-lOMlLiA
1908 253 2082 315 Xlll-

3345 247 3454 314 με

164 374 268 423 καὶ
303 363 570 439 βασκανία
601 364 697 436 τὴν
723 363 902 436 ψυχὴν
927 363 1328 436 ταράττεσθαι;
1373 366 1441 418 Τί
1470 367 1530 418 τὸ
1560 363 1751 435 διρελος

1859 362 2038 418 vidia?
2061 361 2198 430 Quid
2219 363 2438 432 prodest
2461 376 2486 412 a
2512 358 2660 414 lauta
2689 368 2874 416 mensa
2899 359 3454 426 abstinere,animam

160 465 436 533 λαμπρᾶς
460 461 741 531 τραπέζης
773 460 1096 530 ἀπέχεσθαι,
1126 461 1220 514 καὶ
1249 462 1349 529 τὴν
1393 459 1574 530 ψυχὴν
1621 461 1753 510 ἀτα-

162 552 443 606 πείνωτον
470 548 632 616 εῖναι,
667 553 761 603 καὶ
789 550 888 620 τὴν
926 551 1028 620 μέν
1063 552 1244 622 σάρκα
1291 551 1622 618 ἠλλοιῶσθαι
1680 549 1749 601 δι’

163 645 379 709 ἔλαιον,
412 643 488 715 μὴ
519 642 917 712 ταπεινωθῆναι
964 643 1021 696 δὲ
1074 643 1172 713 τὴν
1219 642 1398 712 ψυχὴν
1440 645 1497 695 ἐν
1529 641 1754 712 νηστείᾳ

159 737 319 794 κατὰ
349 738 437 790 τὸν
467 732 668 801 Δαϐίδ;
706 735 770 787 Τί
803 735 861 788 τὸ
891 735 1083 804 ὄφελος
1107 735 1492 803 ἀπαλλαγῆναι
1521 735 1621 803 μὲν
1655 735 1753 803 τῆς

158 831 232 882 ἐκ
261 829 379 881 τῶν
404 827 613 881 πολλῶν
637 829 943 897 βρωμάτων
975 825 1438 897 ἀναθυμιωμένης
1495 826 1749 896 ὁμίχλης,

157 904 424 993 φροντίσι
452 921 508 974 δὲ
536 920 626 974 καὶ
644 920 926 989 λογισμοῖς
956 920 1208 990 ματαίοις
1239 919 1596 990 ἀχρειοῦσθαι
1659 921 1753 970 τὸν

155 1015 448 1082 ἡμέτερον
473 1010 617 1076 νοῦν,
647 1011 743 1064 καὶ
790 1009 1245 1080 συναχρειοῦσθαι
1302 1013 1403 1076 τὰς
1455 993 1590 1078 πρὸς
1661 1009 1754 1062 τὸν

162 1099 304 1154 Θεὸν
336 1101 681 1170 προσευχάς;
713 1099 812 1152 Διά
831 1098 990 1152 τοῦτο
1040 1099 1180 1172 καλὴ
1210 1101 1434 1171 νηστεία
1471 1103 1504 1172 ἠ
1564 1101 1752 1156 τελου-

167 1192 310 1261 μένη
334 1192 473 1263 πρὸς
507 1190 800 1261 μαρασμὸν
824 1191 924 1262 τῆς
962 1190 1284 1261 ἐπιθυμίας,
1315 1192 1453 1262 πρὸς
1480 1193 1752 1247 ταπείνω-

162 1301 253 1335 σιν
280 1283 402 1358 τῆς⁵
445 1279 646 1351 ψυχῆς,
705 1280 844 1351 πρὸς
906 1280 1100 1352 μίσους
1172 1300 1310 1351 μετα
1357 1283 1559 1352 οίησιν,
1615 1284 1752 1355 πρὸς

159 1375 352 1445 θυμοῦ
387 1377 607 1437 σϐέσιν,
637 1376 775 1447 πρὸς
831 1376 1204 1445 μνησικακίας
1256 1375 1571 1445 ἀπαλειψιν,
1615 1377 1752 1448 πρὸς

157 1469 408 1531 διανοίας
437 1470 529 1520 καὶ
563 1469 871 1539 προσευχῆς
891 1471 1165 1539 ἐργασίαν
1221 1472 1317 1525 καὶ
1371 1469 1748 1540 καθαρότητα.

159 1563 227 1615 Εἰ
253 1562 314 1614 δὲ
345 1562 622 1632 εὖπορεῖς,
656 1561 796 1615 ἔστω
827 1579 908 1616 σοι
947 1564 1038 1615 καὶ
1067 1566 1128 1616 τὸ
1147 1562 1472 1634 περιττεῦον
1494 1563 1595 1635 τῆς
1626 1581 1752 1632 τρο-

157 1654 276 1721 φῆς
315 1654 402 1716 είς
444 1655 541 1720 τὴν
610 1654 718 1706 τῶν
763 1654 1112 1722 ἀπορούντων
1177 1655 1552 1728 παραμυθίαν.
1624 1655 1753 1709 Ἐὰν

155 1745 312 1798 οὕτω
344 1743 637 1816 νηστεύης,
662 1746 724 1796 οὐ
757 1746 916 1814 μόνον
949 1747 1295 1815 συμπάσχων
1338 1746 1438 1820 ἔσῃ
1469 1746 1561 1798 καὶ
1621 1762 1751 1799 συν-

157 1838 556 1912 νεκρούμενος.
589 1835 723 1891 ἀλλά
744 1837 837 1890 καὶ
865 1839 1325 1908 συνανιστὰμενος
1388 1840 1482 1892 καὶ
1533 1837 1751 1908 συμϐαι-

156 1929 402 1982 σιλεύων
442 1928 660 2000 Χριστῷ
694 1929 771 1990 είς
797 1928 998 1991 αἰῶνας
1031 1931 1156 1993 τοὺς
1201 1930 1542 1999 ἀπεράντους
1563 1945 1577 1961 ο
1613 1928 1753 2000 σύμ-

158 2041 335 2092 φυτος
369 2025 475 2092 γὰρ
503 2020 746 2089 γεγονὼς
803 2021 890 2074 διὰ
913 2020 1016 2090 τῆς
1060 2020 1314 2091 τοιαύτης
1353 2022 1606 2091 νηστείας
1673 2023 1752 2093 τῷ

158 2115 484 2184 ὁμοιώματι
512 2113 606 2167 τοῦ
643 2113 877 2166 Θανάτου
919 2113 1110 2179 αὐτοῦ,
1143 2114 1240 2167 καὶ⁵
1260 2114 1361 2184 τῆς
1395 2114 1752 2178 ἀναστάσεως

165 2208 428 2268 κοινωνὸς
461 2206 579 2278 ἔσῃ,
607 2207 700 2260 καὶ
733 2207 832 2277 τῆς
872 2209 930 2259 ἐν
965 2206 1114 2276 αὐτῷ
1176 2206 1324 2276 ζωῆς
1384 2207 1748 2277 κληρονόμος.

173 2299 238 2350 Ὀ
271 2300 570 2366 νηστεύων,
628 2299 723 2352 ἐὰν
771 2298 869 2370 μὲν
899 2299 1252 2370 πειράςηται,
1319 2301 1447 2370 νικᾷ
1489 2299 1582 2353 τὸν
1643 2300 1752 2371 ⁷ο

162 2390 505 2459 πειράζοντα
537 2407 551 2420 ο
591 2391 688 2444 ἐὰν
721 2391 778 2445 δέ
817 2390 892 2461 μὴ
949 2390 1305 2463 πειράζηται,
1348 2395 1612 2463 συντηρεῖ
1650 2394 1750 2464 τὴν

163 2482 402 2552 εἰρήνην
430 2481 531 2552 τῆς
557 2481 736 2554 ψυχῆς
760 2485 854 2539 καὶ
912 2482 1007 2535 τοῦ
1067 2481 1344 2554 σώματος,
1408 2483 1751 2549 ὑπωπιάζων

163 2576 314 2628 κατὰ
346 2575 556 2628 Παῦλον
579 2575 639 2626 τὸ
672 2573 832 2645 σῶμα
879 2576 977 2629 καὶ
1012 2575 1398 2644 δουλαγωγὼν,
1464 2577 1751 2631 δειλιῶντα

169 2666 375 2735 μήπως
396 2666 650 2734 ἀδόκιμος
676 2667 900 2736 γένηται
925 2686 938 2697 ο
971 2669 1018 2719 εἰ
1049 2667 1103 2720 δὲ
1140 2668 1351 2730 Παῦλος
1378 2669 1571 2741 δειλιᾷ,
1601 2673 1751 2742 πόσῳ

168 2759 381 2827 pili-ev
418 2759 562 2828 ἡμᾶς
589 2758 865 2829 προσῆκεν
895 2761 984 2824 ;Ὀ
1008 2757 1140 2828 γοῦν
1171 2761 1454 2831 νηστεύων
1477 2762 1752 2832 δουλαγω-

166 2854 261 2918 γεῖ
296 2852 355 2903 τὸ
389 2853 546 2921 σῶμα
565 2852 654 2903 καὶ
684 2851 908 2921 δόκιμον
945 2854 1092 2905 ποιεῖ
1114 2851 1214 2923 τὴν
1231 2852 1430 2924 ψυχὴν,
1459 2854 1487 2906 ὁ
1511 2857 1566 2907 δὲ
1586 2872 1753 2957 κβασ

167 2940 408 2994 πιαίνων
433 2941 530 3010 τὴν
570 2940 688 3011 μετ’
719 2943 898 3008 ὀλίγον
928 2942 1361 3013 φθαρησομένην
1396 2940 1636 3013 σάρκα,’
1667 2945 1745 3015 μὴ

1862 467 2041 509 autem
2076 467 2198 509 esse
2227 453 2559 522 superbam;
2591 464 2639 504 et
2673 466 2894 507 carnem
2929 454 3144 522 quidem
3180 457 3456 512 immutari

1859 557 2082 615 propter
2103 546 2304 606 oio-um,
2333 543 2570 597 animam
2604 554 2784 596 autem
2823 545 3044 599 minime
3069 546 3120 600 in
3139 547 3350 617 jejunio
3373 564 3451 603 se-

1859 638 2095 692 cundum
2131 636 2297 691 David
2333 635 2651 689 humiliari?
2681 636 2808 701 Quae
2841 637 3047 692 utilitas
3073 679 3089 706 ,
3114 641 3160 693 si
3194 642 3262 693 ah
3291 643 3460 696 odore

1860 726 2095 797 plurium
2152 727 2349 792 dapum
2397 725 2810 779 commist'arum
2847 743 3157 789 arceantur.
3198 733 3244 786 si
3303 747 3455 786 mens

1862 830 2048 874 nosua
2083 817 2236 872 curis
2292 815 2825 886 cogitationibusque
2862 820 3016 873 vanis
3052 835 3183 874 vana
3219 821 3333 885 ﬁat,
3362 838 3457 875 va-

1860 925 2052 978 nzrque
2080 919 2281 963 nostra:
2320 910 2385 961 ad
2429 910 2593 962 Deum
2626 908 3056 976 postulatiOnes?
3093 911 3218 965 Ideo
3251 912 3454 967 bonum

1858 1011 1940 1055 est
1966 1001 2232 1071 jejunium
2264 1002 2406 1071 quod
2438 1000 2717 1068 perficitur
2742 1002 2807 1055 ad
2832 1002 3216 1057 debilitandam
3248 1020 3455 1060 cont-u-

1858 1093 2200 1163 piscentiam,
2236 1094 2301 1147 ad
2341 1093 2732 1147 humiliandam
2769 1095 3116 1162 animam,ad
3151 1099 3454 1152 sanandum

1857 1185 2062 1248 odium,
2096 1184 2162 1238 ad
2193 1184 2647 1252 exstinguendam
2681 1184 3042 1252 iracundiam,
3077 1190 3140 1241 ad
3172 1189 3454 1244 delendam

1859 1277 2124 1331 malorum
2146 1277 2489 1342 memoriam,
2515 1276 2580 1330 ad
2605 1278 3019 1333 meditationem
3044 1281 3459 1352 orationemque

1861 1367 2200 1423 exercendas
2234 1377 2286 1422 et
2323 1352 2652 1438 purgandus.
2690 1369 2745 1425 Si
2801 1372 2998 1440 opibus
3056 1371 3321 1435 abundas,
3347 1377 3460 1428 sint

1860 1460 1953 1515 tibi
2000 1459 2245 1514 ciborum
2295 1460 2509 1516 residua
2559 1461 2626 1516 ad
2686 1464 3024 1527 adiuvandas
3078 1481 3367 1534 pauperes.
3398 1464 3456 1520 St

1858 1552 1930 1606 ita
1985 1549 2338 1627 ieiunaveris,
2388 1566 2494 1604 non
2557 1563 2766 1607 tantum
2821 1570 2943 1608 rum
3002 1554 3218 1610 Christo
3264 1571 3457 1624 passus

1858 1655 1910 1699 et
1948 1655 2221 1709 mortuus,
2254 1644 2348 1698 sed
2378 1645 2544 1699 etiam
2595 1663 2718 1699 rum
2753 1647 2942 1704 eodem
2994 1664 3245 1719 resurges
3278 1659 3330 1703 et
3363 1665 3459 1718 per

1855 1737 2064 1794 inﬁnita
2094 1741 2289 1794 sa‘cula
2323 1740 2612 1810 regnabis;
2646 1744 3049 1813 complantatus
3100 1746 3246 1798 enim
3281 1742 3460 1798 lactus

1853 1830 2193 1887 similitudini
2220 1833 2412 1887 mortis
2436 1833 2577 1904 ejus,
2607 1835 2772 1888 simul
2817 1843 2871 1890 et
2900 1837 3322 1892 resurrectionis
3341 1837 3456 1892 eris

1857 1925 2151 1993 particeps,
2181 1925 2416 1994 vitaeque
2453 1925 2506 1979 in
2544 1925 2661 1994 ipso
2698 1929 2893 1983 haeres.
2919 1926 3284 1999 Jejuuans,,si
3333 1940 3454 1984 teu-

1855 2024 2022 2082 tetur,
2057 2018 2224 2072 vincit
2251 2024 2577 2072 teutatorem
2599 2035 2616 2086 ;
2641 2019 2685 2073 si
2712 2035 2840 2073 vero
2862 2035 2967 2075 non
2994 2032 3252 2086 tentetur,
3274 2033 3460 2076 servat

1853 2123 2045 2180 pacem
2085 2109 2282 2161 anima.-
2314 2117 2366 2161 et
2397 2095 2668 2177 corporis.
2703 2110 2933 2166 domans
2967 2127 3167 2180 corpus
3202 2115 3454 2184 exemplo

1856 2199 2011 2254 Pauli
2043 2209 2098 2256 et
2127 2199 2180 2254 in
2204 2200 2523 2256 servitutem
2557 2202 2834 2272 redigens,
2865 2203 3065 2260 timens
3086 2221 3154 2259 ne
3189 2209 3456 2275 reprobus

1854 2291 2160 2359 eﬂiciatur;
2193 2294 2240 2348 si
2290 2292 2436 2347 enim
2495 2291 2698 2348 Paulus
2736 2295 2913 2360 timet,
2945 2306 3214 2368 quantum
3245 2309 3300 2354 et
3349 2314 3455 2354 nos

1857 2391 2028 2458 magis
2062 2389 2259 2442 timere
2291 2387 2483 2442 decet?
2510 2387 2679 2458 Igitur
2715 2387 2975 2459 jejunans
3019 2405 3216 2460 corpus
3253 2393 3304 2446 itt
3337 2407 3455 2447 ser-

1855 2480 2081 2534 vitutem
2115 2479 2333 2547 redigit,
2368 2479 2768 2550 probatumque
2813 2482 2945 2536 facit
2993 2482 3272 2549 animam;
3301 2499 3455 2539 com—

1855 2586 2046 2644 putans
2069 2584 2246 2626 autem
2271 2588 2493 2626 carnem
2513 2573 2738 2641 jamjam
2760 2556 3196 2634 consumendam
3218 2579 3454 2631 delectat

1856 2672 2087 2724 minime
2116 2669 2451 2722 mandat-aus
2487 2679 2543 2720 ut
2594 2669 2758 2731 vivat,
2780 2669 2873 2724 sed
2927 2668 3110 2736 potius
3165 2671 3354 2725 virens
3394 2681 3455 2727 ut

1856 2763 2170 2822 manducet,
2202 2759 2345 2811 sicut
2373 2758 2632 2810 animalia
2657 2773 2684 2810 a
2714 2758 2872 2813 nobis
2899 2761 2964 2812 ad
2995 2759 3322 2816 occisionem
3349 2775 3452 2830 pa-

1854 2863 1958 2914 Sta,
1992 2851 2319 2904 necessariis
2353 2849 2558 2904 addens
2599 2864 2965 2918 supervacua.
3007 2862 3065 2905 ut
3116 2867 3318 2922 corpus
3364 2854 3452 2908 in-

1855 2956 2168 2999 crassatum
2205 2943 2272 2996 ad
2293 2943 2774 3011 concupiscentias
2811 2957 2916 2996 non
2951 2943 3122 2998 bonas
3154 2946 3444 3008 excitetur,

168 3033 371 3086 ἐσθίων
396 3033 485 3085 διὰ
510 3031 569 3084 τδ
602 3033 720 3103 ζῇν,
769 3032 903 3084 ἀλλά
942 3032 1142 3101 μᾶλλον
1173 3033 1283 3096 ζῶν
1314 3033 1380 3084 ἶν’
1414 3033 1577 3106 ἐσθίῃ
1619 3052 1720 3088 κα·

1859 3037 1938 3091 vel
1961 3052 2067 3090 uno
2093 3035 2258 3090 verbo
2277 3037 2342 3087 ad
2370 3034 2703 3102 voluptatem
2738 3035 2789 3087 in
2811 3035 3136 3108 corporibus
3153 3036 3447 3107 jacentetn,

169 3123 350 3194 θάπερ
379 3123 448 3176 τὰ
483 3124 614 3193 παρ’
647 3123 802 3194 ἡμῶν
863 3124 1262 3194 ἐτοιμαζόμενα
1310 3125 1450 3195 πρὸς
1505 3123 1746 3196 σφαγὴν,

166 3217 265 3268 καὶ
312 3213 621 3283 προστιθεὶς
672 3214 788 3277 τοῖς
858 3214 1178 3279 ἀναγκαίοις
1230 3213 1297 3266 τά
1363 3215 1603 3282 περιττά
1663 3217 1749 3270 ἵνα

1862 3129 1996 3182 nihil
2033 3126 2257 3181 omnino
2279 3125 2423 3180 aliud
2455 3140 2614 3194 quant
2639 3125 2976 3194 pinguiorem
3007 3126 3282 3182 vermibus
3311 3142 3452 3198 prte-

1862 3229 2017 3291 parat
2042 3235 2246 3276 csram.

166 3307 394 3376 λιπαίνῃ
426 3307 485 3358 τὸ
525 3305 702 3376 σῶμα,
734 3305 767 3376 ἢ
797 3306 930 3376 πρὸς
962 3305 1264 3374 ἐπιθυμίας
1314 3307 1377 3359 οὐ
1409 3307 1579 3371 καλάς
1609 3311 1883 3386 διεγείρει,
1925 3314 1958 3386 ἢ
2034 3313 2225 3376 ἀπλῶς
2304 3312 2448 3366 οὕτω
2511 3310 2649 3384 πρὸς
2703 3313 3014 3385 φιληδονίαν
3083 3313 3180 3386 τὴν
3225 3317 3286 3368 ἐν
3339 3318 3450 3379 τοῖς

170 3399 442 3468 σώμασιν,
469 3397 619 3451 οὐδὲν
645 3399 772 3452 ἄλλο
826 3401 1042 3462 πάντως
1080 3399 1114 3469 ἢ
1146 3401 1259 3462 τοῖς
1307 3399 1579 3471 σκώληξιν
1609 3405 1885 3476 ἐτοιμάζει
1913 3407 2306 3478 δαψιλεστέραν
2327 3410 2556 3478 τροφήν.

249 3493 438 3555 Καλῶς
462 3493 571 3565 ἄρα
597 3493 690 3546 καὶ
728 3495 755 3546 ὁ
782 3501 1067 3564 προφήτης
1119 3494 1316 3563 ψάλλει
1363 3495 1530 3547 Δαϐίό
1550 3513 1563 3527 ·
1621 3500 1748 3562 «Ti;

176 3579 411 3647 ὠφέλεια
436 3585 495 3634 ἐν
523 3581 600 3652 τῷ
627 3582 818 3652 αἵματί
845 3601 950 3652 μου
971 3585 1030 3636 ἐν
1057 3583 1134 3654 τῷ
1163 3584 1518 3638 καταϐαίνειν
1571 3605 1637 3658 με
1669 3591 1750 3653 είς

171 3676 510 3744 διαφθοράνς
544 3669 570 3729 ἰ
623 3675 920 3746 Νηστεύων
965 3676 1059 3730 οῦν
1100 3679 1195 3730 καὶ
1241 3677 1360 3748 μετ’
1423 3680 1752 3750 ἐγκρατείας

178 3765 531 3842 τρεφόμενος,
558 3770 633 3840 μὴ
658 3770 1047 3836 ἀποτιθέμενος
1069 3772 1148 3834 εἰς
1176 3769 1273 3841 τὴν
1318 3770 1510 3844 αὔριον
1533 3773 1626 3827 ἔσο
1682 3775 1754 3827 τα

181 3861 436 3931 περιττὰ,
466 3861 580 3914 ἀλλ’
632 3860 821 3930 ὥσπερ
851 3863 878 3915 ὁ
939 3861 1144 3932 Κύριος
1208 3864 1552 3934 πτωχεύσας,
1603 3866 1753 3935 ἡμᾶς

177 3955 533 4022 ἐπλούτησεν,
560 3953 702 4008 οὕτω
725 3956 815 4008 καὶ
851 3955 915 4007 σὺ
950 3956 1163 4008 πεινῶν
1203 3957 1492 4025 ἑκουσίως,
1554 3960 1753 4029 χόρτα-

177 4064 269 4100 σον
302 4049 393 4099 τὸν
449 4046 716 4109 ἀκουσίως
786 4046 1151 4116 λιμώττοντα,
1199 4048 1293 4100 καὶ
1350 4049 1506 4103 ἔσται
1563 4067 1658 4102 σου
1716 4050 1748 4120 ἡ

175 4139 397 4209 νηστεία
430 4139 678 4210 καθάπερ
699 4140 998 4210 περιστερὰ
1029 4143 1240 4212 κάρφος
1263 4141 1450 4206 ἐλαίας
1479 4143 1744 4212 φέρουσα,

179 4235 376 4308 ᾗῗέξῖ
397 4233 550 4308 ψυχῇ
577 4250 676 4289 στα
715 4234 920 4305 τὴνιέκ
978 4233 1072 4286 τοῦ
1125 4234 1522 4302 κατακλυσμοῦ
1588 4235 1746 4288 λύσιν

178 4331 677 4402 εὖαγγελιζομένηέ
725 4348 745 4381 ι
794 4330 921 4382 Ἐὰν
950 4330 1069 4398 γὰρ
1107 4327 1302 4398 ἀνέλῃς
1329 4326 1439 4380 ἀπὸ
1497 4326 1592 4380 σοῦ
1620 4326 1749 4379 σύν-

180 4425 372 4496 δεσμον
396 4424 490 4477 καὶ
553 4421 907 4494 χειροτονίαν,
961 4422 988 4473 ὁ
1041 4421 1213 4491 μέγας
1269 4418 1438 4491 φησὶν
1495 4419 1751 4484 Ἡσαΐας,

180 4519 272 4572 καὶ
300 4516 452 4590 ῥῆμα
485 4513 825 4585 γογγυσμοῦ,
851 4515 944 4567 καὶ
977 4513 1082 4584 δῷς
1111 4515 1369 4568 πεινῶντι
1442 4513 1610 4585 ἄρτον
1681 4515 1750 4568 ἐκ

178 4613 355 4682 ψυχῆς
387 4625 503 4675 σου,
525 4609 620 4661 καὶ
646 4606 820 4678 ψυχὴν
897 4606 1379 4677 τεταπεινωμένην
1431 4605 1747 4676 ἐμπλήσῃς,

179 4705 301 4759 τότε
335 4702 583 4757 ἀνατελεί
605 4702 660 4754 ἐν
694 4701 875 4753 σκότει
909 4701 971 4754 τὸ
1005 4701 1121 4769 φῶς
1156 4716 1274 4763 σου,
1319 4699 1412 4752 καὶ
1447 4700 1506 4751 τὸ
1557 4699 1748 4761 σκότος
1769 4750 1786 4761 _

184 4813 278 4849 σου
303 4795 376 4859 ὼς
405 4792 724 4864 μεσημϐρία
746 4831 762 4847 .
794 4811 814 4844 ι
865 4793 926 4845 Εἰ
960 4792 1016 4844 δὲ
1074 4793 1149 4862 μὴ
1181 4791 1253 4845 τά
1307 4793 1489 4846 οἰκεῖα
1543 4791 1752 4845 διδόναι

182 4883 382 4958 βούλει,
408 4881 511 4935 κᾶν
529 4882 635 4934 τῶν
659 4881 954 4950 ἀλλοτρίων
983 4882 1214 4952 ἀπέχου,
1251 4884 1345 4934 καὶ
1411 4879 1488 4952 μὴ
1550 4883 1751 4951 κάτεχε

185 4977 330 5046 παρά
352 4973 566 5042 σεαυτῷ
601 4973 667 5027 τά
699 4972 773 5045 μὴ
795 4973 884 5038 σά,
944 4972 1318 5044 καθαρπάζων
1351 4975 1441 5027 καὶ
1500 4973 1752 5026 πλουτῶν

183 5071 326 5125 ἔστιν
363 5066 582 5122 ὅτεκαὶ
613 5066 762 5135 παρὰ
791 5064 901 5118 τῶν
959 5067 1303 5138 πενεστέρων
1372 5067 1598 5132 ἀδίκως,
1660 5065 1749 5119 ἵνα

189 5163 255 5233 μὴ
297 5160 426 5230 παρ’
465 5157 632 5211 αὐτοῦ
691 5155 784 5209 τοῦ
842 5156 1128 5226 Προφήτου
1191 5157 1415 5222 δικαίως
1471 5159 1752 5232 ἀκούσῃς’

190 5235 549 5322 «Οὐταύτην
596 5249 696 5320 τὴν
716 5267 970 5320 νηστειαν
1032 5250 1365 5322 ἐξελεξάμην
1424 5249 1557 5319 ἐγὼ,
1603 5251 1753 5318 λέγει

185 5350 208 5402 ὁ
241 5348 464 5419 Κύριος,
488 5342 603 5413 oss;
634 5341 699 5395 ἂν
749 5342 971 5413 κάμψῃς
1002 5343 1076 5405 ὡς
1123 5342 1313 5411 κρίκον
1368 5342 1460 5395 τὸν
1482 5341 1754 5412 τράχηλόν

186 5458 288 5506 σου,
329 5441 487 5492 ἔσται
519 5453 606 5489 σοι
634 5435 854 5504 νηστεία
883 5435 1069 5504 δεκτὴ,
1123 5435 1259 5490 ἀλλά
1291 5435 1384 5487 λύε
1419 5436 1596 5489 πάντα
1629 5437 1754 5488 σύν-

184 5533 362 5604 δεσμον
388 5529 638 5590 ἀδικίας,
670 5526 850 5579 διάλυε
879 5527 1247 5598 στραγγαλιάς
1298 5528 1490 5599 βιαίων
1549 5527 1750 5580 συναλ..

271 5719 309 5753 ⁸³
343 5713 498 5774 Psal.
538 5725 697 5771 χειν,
732 5707 816 5762 Η.
890 5708 936 5740 ⁸⁵
970 5710 1074 5764 lsa.
1114 5723 1227 5772 Lux,
1265 5708 1318 5763 l.

1921 3501 2158 3563 Pulchre
2190 3516 2322 3570 ergo
2345 3503 2606 3571 propheta
2641 3501 2834 3556 cet-init
2880 3499 3042 3554 Dat-id
3084 3517 3098 3552 :
3136 3517 3153 3550 ι
3178 3500 3310 3566 Quae
3339 3501 3448 3552 uti-

1853 3594 1978 3648 litas
2013 3595 2066 3655 in
2110 3595 2378 3662 sanguine
2411 3609 2552 3655 meo,
2581 3597 2703 3648 dum
2745 3593 3014 3647 descendo
3056 3591 3109 3645 in
3148 3594 3452 3660 corruptio-

1853 3703 1975 3742 ltem
2004 3684 2076 3740 ⁸⁸2
2123 3705 2142 3739 ι
2179 3687 2346 3754 Igitur
2380 3684 2634 3755 jejunans
2685 3687 3010 3754 modiceque
3052 3700 3299 3749 vesccns,
3335 3687 3444 3740 nuli

1854 3781 2074 3832 tardare
2093 3792 2124 3831 a
2146 3777 2518 3848 relinquendis
2538 3775 2840 3843 inutilibus,
2858 3777 2950 3830 sed
2981 3777 3440 3844 quemadmodum

1859 3869 2124 3924 Dominus
2159 3883 2382 3940 propter
2417 3883 2516 3923 nos
2552 3867 2729 3922 factus
2762 3881 2964 3936 egenus
2997 3883 3097 3922 nos
3125 3869 3340 3933 ditavit,
3369 3873 3444 3924 ita

1859 3970 1914 4015 et
1941 3969 1996 4013 tu
2025 3962 2258 4015 libenter
2283 3962 2534 4016 esuriens
2566 3959 2703 4014 satia
2741 3959 2908 4014 invita
2943 3957 3086 4015 fame
3110 3959 3444 4027 confectum,

1860 4063 2123 4122 tuumque
2154 4052 2258 4108 erit
2281 4052 2550 4122 jejunium
2577 4052 2734 4122 quasi
2764 4052 3016 4111 columba
3051 4068 3258 4111 ramum
3291 4055 3446 4108 olivae

1855 4145 2086 4201 all'erens
2110 4157 2164 4200 et
2187 4147 2392 4212 anima:
2425 4157 2530 4199 tuae
2575 4146 2938 4201 cessationem
2979 4145 3168 4200 diluvii
3215 4146 3448 4202 feliciter

1861 4239 2214 4294 annuntians.
2257 4256 2286 4302 ι,
2317 4236 2374 4292 Si
2409 4237 2701 4292 abstuleris
2741 4240 2806 4291 de
2841 4235 3019 4291 medio
3053 4237 3129 4290 tui
3171 4249 3445 4305 catenam,

1860 4341 1914 4385 et
1946 4330 2176 4385 desieris
2230 4328 2524 4384 extendere
2572 4329 2823 4394 digitum.
2864 4339 2915 4380 et
2948 4327 3090 4395 loqui
3145 4330 3289 4396 quod
3337 4345 3446 4382 non
3521 4397 3524 4399 Α

1864 4422 2117 4493 prodest;
2143 4435 2268 4475 cum
2300 4419 2684 4482 obtuleris,ait
2716 4433 2946 4486 magnus
2977 4415 3163 4480 Isaias,
3181 4418 3444 4473 esurienti

1860 4528 2054 4586 panem
2095 4515 2293 4566 anima:
2337 4521 2454 4565 tum
2485 4519 2539 4564 et
2569 4510 2808 4563 animum
2843 4508 3095 4562 amictum
3127 4510 3445 4576 replew-ris,

1861 4617 1992 4662 tunc
2024 4607 2232 4661 orietur
2271 4605 2328 4659 in
2380 4603 2622 4658 tenebris
2665 4603 2753 4656 lux
2809 4614 2924 4667 tua,
2965 4612 3022 4657 et
3071 4605 3308 4656 tenent-te
3342 4615 3448 4656 tne

1857 4707 2017 4757 erunt
2045 4701 2187 4754 sicut
2224 4683 2482 4752 meridies
2499 4694 2570 4750 ⁸¹ο
2608 4713 2627 4748 ι
2667 4693 2722 4749 Si
2768 4710 2892 4749 Vt't‘O
2925 4702 3018 4748 tua
3053 4697 3183 4748 dare
3215 4710 3320 4746 nun
3353 4714 3449 4746 νυ-

1859 4792 2046 4856 lneris,
2078 4791 2271 4846 saltem
2304 4789 2373 4854 ab
2399 4789 2594 4855 alienis
2636 4788 2870 4852 abstine,
2903 4787 3011 4841 noli
3055 4791 3194 4856 apud
3228 4799 3280 4839 te
3313 4787 3446 4839 reti-

1859 4899 1991 4940 nere
2013 4899 2135 4954 qua:
2168 4891 2276 4950 tua
2313 4895 2418 4935 non
2472 4888 2621 4946 sunt,
2659 4895 2789 4933 cate
2826 4895 2893 4932 ne
2943 4894 3242 4947 pauperum
3291 4881 3448 4932 huius

1861 4975 2060 5042 injuste
2087 4975 2255 5044 raptis
2283 4972 2540 5031 ditescas,
2565 4987 2632 5025 ne
2655 4969 2801 5038 juste
2832 4986 2860 5022 a
2909 4972 3172 5039 propheta
3216 4972 3442 5025 audias:

1865 5086 1884 5120 ι
1915 5065 2032 5120 Non
2067 5068 2170 5133 tale
2197 5064 2468 5136 jejunium
2508 5079 2609 5134 ego
2659 5065 2820 5132 elegi,
2850 5065 2983 5119 dicit
3019 5062 3306 5128 Dominus,
3336 5065 3445 5118 noli
3489 5105 3492 5109 .

1859 5173 2225 5230 contorquere
2257 5160 2413 5230 quasi
2449 5159 2715 5212 circulum
2747 5168 2911 5228 caput
2947 5169 3123 5221 tuum,
3153 5166 3210 5210 et
3235 5157 3445 5225 eritje-
3469 5153 3491 5201 "-

1857 5255 2071 5325 junium
2104 5262 2252 5306 tuum
2297 5250 2654 5322 acceptabile,
2678 5251 2918 5306 dissolve
2939 5248 3314 5318 colligationes
3341 5249 3444 5300 itn-
3481 5250 3485 5255 '

1863 5346 2113 5418 pictatis;
2155 5343 2304 5399 solve
2363 5342 2657 5406 fasciculus
2719 5356 2994 5396 ramorum
3054 5339 3443 5407 deprimentes,

1863 5452 2076 5494 oxnnem
2103 5434 2428 5504 scripturam
2453 5433 2711 5500 injustam
2739 5433 2986 5498 dirmnpe
3006 5446 3021 5493 ;
3043 5439 3170 5482 tunc
3194 5435 3444 5488 erumpet

1858 5530 2011 5602 quasi
2039 5542 2196 5583 mane
2223 5528 2400 5581 luuten
2427 5536 2600 5592 tuum,
2621 5538 2674 5580 et
2699 5526 2902 5580 sanitas
2928 5533 3016 5576 tua
3035 5521 3192 5575 citius
3213 5521 3438 5581 orietur,
