4046 6454
550 289 654 357 iiii

1793 283 2171 344 GREGORII
2209 284 2535 343 PALAhLE

3711 273 3811 337 104

547 418 601 461 et
627 404 850 461 autc-ibit
885 403 1070 459 facient
1114 413 1256 457 tuam
1286 401 1492 472 jostitia
1525 413 1640 466 tua,
1667 410 1720 457 et
1757 402 1923 472 gloria
1959 398 2131 452 Domi-
2159 440 2170 462 Α

2271 400 2551 469 αγμάτων,
2592 399 2770 452 πᾶσαν
2818 394 3141 465 συγγραφὴν
3185 392 3371 446 ἄδικον
3404 390 3638 444 διάσπα’
3689 391 3809 442 τότε

550 500 605 553 ni
640 496 857 569 colliget
894 508 942 552 te
958 494 1024 549 ⁸³.
1065 517 1081 548 ι

622 769 777 835 Quod
809 770 851 823 si
885 769 949 821 de
988 768 1116 833 tuis,
1145 776 1198 820 et
1246 766 1464 835 quidem
1508 762 1816 833 superiluis,
1850 763 1993 832 inopi
2028 779 2131 816 non

554 862 792 922 dederis,
823 859 930 913 noli
964 859 1152 911 saltem
1193 857 1294 909 ista
1340 855 1621 919 possidere
1659 857 1710 907 in
1753 854 2133 908 detrimentum

556 951 763 1019 inopis;
794 951 894 1001 hos
939 948 1156 1016 quidem
1208 947 1451 997 omnium
1512 944 1773 997 Dominus
1829 942 2079 996 Christus
2107 958 2133 994 a

557 1043 795 1095 sinistris
826 1050 1033 1093 stantes
1065 1039 1115 1090 iu
1174 1038 1349 1103 ignem
1393 1038 1610 1089 mittens
1639 1036 1939 1103 iisdemque
1967 1034 2138 1087 male-

556 1131 769 1195 diceus,
800 1142 904 1184 non
930 1138 987 1183 ut
1022 1139 1269 1198 raptores
1299 1128 1540 1188 damnat,
1575 1127 1665 1179 sed
1687 1128 1807 1194 quia
1841 1127 1980 1179 bona
2004 1140 2139 1195 pau-

469 1232 478 1240 '
559 1223 673 1294 peri
704 1237 808 1275 non
845 1222 1265 1274 communicant.
1295 1217 1566 1283 Raptores
1600 1227 1800 1284 ergoet
1830 1216 1997 1285 iniqui
2034 1231 2140 1270 non

560 1322 845 1381 resurgent
871 1311 922 1365 iu
943 1311 1147 1380 judicio
1166 1321 1217 1365 et
1246 1310 1572 1367 vadimonio.
1594 1309 1685 1362 sed
1719 1308 1770 1361 in
1802 1308 2068 1362 sententia
2091 1317 2147 1362 et

560 1408 929 1466 damnatione,
961 1418 1083 1457 eum
1145 1404 1306 1456 etiam
1353 1402 1405 1455 iu
1460 1401 1545 1455 his
1594 1401 1752 1455 terris
1788 1400 1871 1454 isti
1926 1416 1991 1454 ex
2036 1410 2144 1453 tota

561 1498 741 1551 anima
786 1496 894 1550 Deo
948 1510 1053 1549 nou
1103 1495 1396 1558 astiterint,
1426 1504 1483 1547 ut
1513 1494 1765 1547 videtur:
1797 1510 1815 1541 t
1853 1490 1957 1558 Qui
2001 1491 2145 1546 enim

563 1588 828 1644 devorant
856 1586 1068 1656 plebem
1111 1600 1308 1650 meam,
1341 1586 1485 1639 sicut
1514 1599 1695 1639 escam
1751 1585 1931 1653 panis,
1968 1584 2151 1638 Domi-

562 1693 693 1733 num
715 1693 824 1731 non
853 1679 1262 1731 invocaverunt.
1299 1696 1320 1729 ι
1354 1676 1538 1742 Dives,
1562 1677 1720 1745 cujus
1761 1690 1888 1746 ager
1934 1676 2148 1742 fertilis,

2233 494 2535 561 ῥαγήσεται
2562 489 2812 559 πρώῑμον
2842 488 2902 539 τὸ
2928 486 3043 555 φῶς
3082 502 3199 547 σου,
3226 482 3320 537 καὶ
3352 481 3419 535 τὰ
3477 479 3686 550 ἰάματά
3717 496 3810 534 σου

2230 584 2369 651 ταχὺ
2398 582 2670 647 ἀνατελεῖ,
2705 582 2799 634 καὶ
2830 578 3160 648 πορεύσεται
3190 573 3506 644 ἔμπροσθεν
3552 571 3813 643 ἡδικαιο-

2235 675 2369 745 σύνη
2404 692 2521 739 σου,
2547 676 2704 745 καὶὴ
2754 673 2880 737 δόξα
2931 671 3025 724 τοῦ
3080 668 3217 722 Θεοῦ
3277 664 3597 735 περιστελεῖ
3662 681 3747 720 σε.
3789 681 3807 714 ι

2306 770 2367 821 Εί
2400 766 2476 838 μὴ
2507 767 2663 827 δίδως
2694 766 2873 818 τοίνυν
2896 765 2958 816 ὲκ
2994 761 3101 815 τῶν
3137 759 3246 814 σῶν
3283 758 3499 827 πένητι,
3532 757 3626 809 καὶ
3686 753 3817 808 ταῦ-

2235 878 2302 914 τα
2322 857 2596 928 περιττῶν
2643 857 2834 920 ὄντων,
2900 854 3004 933 κᾷν
3038 851 3112 921 μὴ
3143 849 3257 904 κτῶ
3312 849 3484 903 ταῦτα
3522 846 3665 900 κατὰ
3724 843 3818 896 τοῦ

2236 952 2469 1020 πένητος
2496 947 2694 1002 ’καίτοι
2721 951 2748 1001 6
2778 948 2998 1000 πάντων
3055 944 3325 1014 δεσπότης
3393 938 3631 1011 Χριστὸς
3690 936 3819 995 τοὺς

2238 1040 2335 1108 τῆς
2375 1039 2669 1110 ἀριστερᾶς
2706 1037 2924 1107 μερίδος
2975 1035 3053 1096 είς
3081 1034 3140 1087 τὸ
3166 1031 3277 1102 πῦρ
3328 1029 3678 1098 ἀποπέμπων
3731 1029 3824 1078 καὶ

2240 1132 2652 1202 καταρώμενος,
2682 1131 2742 1181 οὐ
2782 1126 3135 1189 καταδικάζει
3165 1123 3388 1186 τούτους
3426 1121 3500 1182 ώς
3541 1120 3820 1191 ἅρπαγας.

2241 1224 2356 1278 ἀλλ’
2386 1222 2461 1286 ὠς
2483 1222 2560 1292 μὴ
2591 1219 2919 1290 μεταδόντας
2947 1217 3027 1289 τῷ
3064 1216 3327 1285 δεομένῳ.
3390 1211 3600 1266 Οὐκοῦν
3620 1210 3672 1262 oi
3732 1208 3827 1278 ἆρ-

2245 1330 2423 1382 παγες
2453 1313 2555 1367 καὶ
2586 1314 2634 1366 οἱ
2659 1313 2831 1366 ἄδικοι
2854 1310 2972 1364 οὐδὲ
2997 1308 3395 1377 ἀναστήσονται
3428 1304 3509 1365 είς
3534 1299 3825 1370 παράστα-

2249 1422 2332 1458 σιν
2358 1405 2453 1457 καὶ
2490 1404 2693 1474 κρίσιν,
2726 1401 2841 1456 ἀλλ’
2874 1403 2953 1464 είς
3019 1399 3323 1466 καταδίκην
3380 1394 3541 1456 εὐθὺς
3597 1388 3827 1460 μείζονα

2247 1497 2340 1549 καὶ
2368 1495 2698 1565 κατάκρισιν
2723 1510 2737 1526 ο
2771 1494 2893 1546 ἐπεὶ
2916 1490 3172 1545 κάνταῦθ’
3198 1490 3274 1552 ὡς
3300 1488 3479 1540 έοικεν
3536 1475 3689 1537 οὗτοι
3743 1480 3830 1533 οὑ-

2248 1588 2444 1656 δέποτε
2468 1586 2604 1650 ὅλως
2656 1587 2721 1639 ἐκ
2756 1582 2933 1654 ψυχῆς
2962 1580 3039 1649 τῷ
3078 1580 3197 1646 Θεῷ
3250 1577 3631 1650 παρέστησαν·
3685 1592 3707 1626 ι
3769 1572 3830 1625 Oi

2252 1680 2361 1750 γὰρ
2386 1679 2681 1742 ἐσθίοντες,
2714 1677 2871 1746 φησι,
2902 1676 2993 1728 τὸν
3020 1675 3146 1728 λαόν
3180 1690 3283 1742 μου
3309 1675 3365 1726 ὲν
3401 1669 3603 1740 βρώσει
3634 1668 3827 1736 ἄρτου,

564 1770 728 1838 bysso
744 1779 798 1823 et
821 1781 1061 1837 purpura
1089 1766 1332 1832 indutus,
1361 1764 1581 1819 minime
1611 1766 1735 1833 quia
1769 1766 2040 1820 commis't
2067 1765 2148 1819 iu-

2271 1772 2340 1825 :6v
2371 1771 2504 1824 Θεὸν
2530 1770 2630 1823 οὐκ
2660 1769 3089 1821 ἐπεκαλέσαντο.
3126 1783 3144 1816 ι
3183 1765 3245 1818 ’0
3288 1763 3546 1823 πλούσιος
3567 1754 3628 1814 οὗ
3664 1757 3830 1826 εὐφό-

562 1859 965 1931 ]ustitiam,sed
996 1858 1124 1928 quia
1179 1872 1431 1928 possessa
1469 1871 1576 1911 non
1637 1857 1842 1922 divisit,
1868 1856 1992 1927 jure
2021 1871 2149 1909 cou—

568 1953 854 2005 demnatur
878 1967 893 2015 ;
934 1962 1251 2003 communes
1289 1948 1435 2001 enim
1491 1954 1619 2001 sunt
1672 1961 1739 2001 ex
1772 1947 2151 2001 communibus

572 2042 785 2096 horreis
841 2040 936 2096 Dei
991 2042 1259 2096 bonorum
1311 2040 1572 2095 thesauri.
1632 2037 1917 2105 Quomodo
1980 2040 2149 2108 igitur

569 2148 768 2189 avarus
804 2147 1076 2201 usurpans
1098 2133 1425 2197 communia,
1448 2131 1555 2185 etsi
1601 2147 1705 2184 non
1741 2141 1797 2185 ut
1827 2131 1915 2185 ille
1939 2146 1998 2183 ea
2035 2140 2155 2198 qum

575 2234 723 2297 patet
775 2226 1003 2280 alterius
1055 2239 1183 2281 esse
1217 2222 1482 2293 occupet?
1514 2223 1686 2291 Igitur
1729 2222 1864 2277 alter
1911 2224 2167 2297 quiderm

570 2317 715 2371 sicut
755 2328 949 2370 servus
985 2330 1217 2387 nequam
1264 2316 1615 2385 eiectionem,
1650 2314 1787 2369 heul
1823 2312 2153 2366 horrendam

566 2410 834 2477 patietur,
867 2408 1007 2461 alter
1047 2422 1178 2461 vero
1206 2406 1387 2475 pejora
1436 2416 1491 2461 et
1520 2404 1845 2459 terribiliora
1881 2404 2156 2468 tolerabit,

572 2498 885 2564 {torumque
900 2504 1097 2550 neuter
1132 2509 1347 2565 penam
1370 2495 1555 2565 fugere
1580 2495 1797 2562 poterit,
1822 2494 1926 2548 nisi
1961 2507 2159 2562 paupe-

577 2601 670 2642 res
704 2588 1020 2655 excipiant;
1051 2600 1191 2640 unus
1246 2587 1461 2654 quidem
1511 2585 1713 2656 optime
1763 2584 2162 2639 administrabit

576 2679 874 2733 eorumisea
900 2678 1001 2733 sibi
1021 2694 1049 2731 a
1077 2676 1207 2742 Deo,
1234 2678 1370 2731 alter
1400 2691 1527 2732 vero
1562 2677 1841 2747 dissipabit
1872 2675 2012 2730 male
2032 2690 2161 2729 con-t

578 2781 823 2840 gregata.
857 2769 1080 2838 Magnus
1104 2767 1305 2824 Paulus
1333 2767 1916 2823 Thessalonicensibus
1943 2766 2163 2835 proavis

582 2862 791 2916 nostris
817 2863 1064 2916 scribens
1089 2861 1154 2914 de
1173 2860 1512 2915 fraternitate
1542 2860 1707 2913 dixit:
1747 2875 1766 2910 ι
1795 2858 1913 2910 Non
1941 2871 2168 2913 necesse

583 2956 619 3010 h
638 2957 852 3010 thomus
889 2955 1127 3009 scribere
1157 2954 1313 3008 vobis
1366 2972 1378 3008 :
1419 2954 1520 3022 ipsi
1554 2952 1698 3005 enim
1727 2965 1820 3006 vos
1852 2966 1879 3003 a
1913 2951 2023 3005 Deo
2054 2966 2168 3007 mo-

594 3046 696 3100 niti
734 3048 867 3102 estis
904 3055 964 3100 ut
996 3044 1234 3114 diligatis
1275 3041 1592 3099 invicem“.
1630 3060 1647 3095 ι

2252 1879 2419 1933 ρησεν
2444 1862 2478 1932 ὴ
2505 1859 2679 1931 χώρα,
2709 1865 2804 1914 καὶ
2830 1862 2858 1912 6
2893 1858 3184 1928 πορφύραν
3222 1855 3317 1909 καὶ
3370 1853 3569 1924 βύσσον
3614 1850 3826 1905 ἐνδεδυ-
3903 1928 3910 1934 ι
3958 1850 3959 1873 ι

2255 1955 2440 2025 μένος,
2477 1955 2576 2024 οὐχ
2603 1952 2678 2016 ὡς
2710 1951 3067 2021 ἀδικήσαντες
3117 1966 3261 2015 τινα,
3294 1948 3411 2002 ἀλλ’
3443 1947 3519 2009 ώς
3553 1945 3628 2015 μὴ
3665 1960 3836 2014 μετα-

2250 2043 2429 2105 δόντες
2459 2040 2569 2094 τῶν
2610 2040 2841 2104 ἐκείνοις
2880 2038 3194 2110 κτηθέντων
3244 2038 3475 2098 δικαίως
3529 2034 3837 2089 καταδικά-

2254 2132 2441 2197 ζονται
2473 2146 2489 2163 ⁶
2525 2131 2683 2185 κοινά
2734 2131 2842 2199 γὰρ
2893 2130 2959 2183 ὲκ
3021 2128 3214 2183 κοινῶν
3268 2126 3509 2199 ταμείων
3567 2124 3680 2179 τῶν
3745 2123 3836 2177 τοῦ

2255 2224 2391 2278 Θεοῦ
2445 2223 2764 2293 κτισμάτων
2822 2221 2890 2275 τὰ
2931 2220 3389 2293 θησαυρίσματα.
3449 2218 3573 2281 Πῶς
3625 2216 3725 2271 οῦν
3778 2214 3837 2268 οὐ

2258 2314 2586 2386 πλεονέκτης
2634 2316 2662 2368 6
2721 2311 3085 2384 ἑξιδιούμενος
3121 2314 3189 2366 τά
3245 2312 3425 2377 κοινά,
3481 2310 3585 2364 κᾶν
3629 2308 3735 2379 οὐχ
3767 2307 3839 2371 ὡς

2257 2406 2463 2470 ἐκεῖνος
2487 2409 2515 2461 6
2536 2406 2604 2463 τὰ
2624 2406 2872 2476 φανερῶς
2901 2406 3157 2477 ἀλλότρια
3178 2403 3633 2475 σφετεριζόμενος
3663 2419 3677 2469 ;
3701 2401 3841 2455 Οὐκ-

2261 2498 2356 2551 οῦν
2410 2498 2439 2550 6
2474 2498 2571 2568 μὲν
2604 2498 2679 2560 ὡς
2718 2497 2887 2561 κακὸς
2925 2498 3112 2562 δοῦλος
3145 2497 3515 2567 ὑποστήσεται
3567 2492 3710 2565 φεῦί
3742 2492 3845 2562 τὴν

2265 2588 2513 2660 φρικώδη
2546 2589 2888 2660 διχοτομίαν,
2920 2592 2948 2643 6
2976 2590 3033 2644 δὲ
3055 2587 3123 2642 τά
3153 2588 3429 2658 δεινότερα
3479 2587 3574 2639 καὶ
3633 2572 3846 2655 φρικω-

2262 2682 2489 2753 δέστερα
2518 2683 2784 2745 πείσεται,
2819 2685 2913 2737 καὶ
2946 2683 3057 2736 οὐδ’
3083 2683 3268 2754 ἕτερος
3315 2680 3498 2735 αὐτῶν
3552 2678 3845 2749 δυνήσεταί

2267 2792 2399 2829 ποτε
2436 2777 2610 2830 ταῦτα
2637 2776 2944 2847 διαφυγεῖν,
2965 2775 3030 2829 ἂν
3068 2775 3144 2847 μὴ
3190 2776 3318 2838 τοὺς
3352 2774 3601 2844 πτωχοὺς
3654 2772 3847 2837 δεξιώ-

2270 2883 2471 2923 σωνται
2496 2885 2513 2902 ο
2543 2870 2635 2922 καὶ
2665 2871 2692 2920 6
2715 2869 2813 2939 μὲν
2841 2869 3022 2933 καλῶς
3069 2868 3416 2937 οἰκονομήσει
3449 2866 3516 2918 τὰ
3541 2881 3848 2918 πεπιστευ-

2273 2959 2408 3030 μένα
2435 2960 2608 3031 τούτῳ
2641 2960 2790 3030 παρὰ
2844 2961 3002 3026 Θεοῦ,
3028 2960 3057 3012 6
3091 2960 3149 3014 δὲ
3205 2959 3386 3022 καλῶς
3432 2957 3722 3029 σκορπίσει
3780 2960 3849 3012 τὰ

2274 3051 2465 3116 κακῶς
2495 3054 2852 3126 συναχθέντα.
2881 3052 3091 3116 Παῦλος
3120 3054 3149 3106 6
3175 3052 3349 3123 μέγας
3383 3049 3851 3106 Θεσσαλονικεῦσι

587 3140 697 3210 71’
722 3139 951 3210 γράφων
1009 3141 1123 3200 τοῖς
1185 3136 1345 3206 ἡμῶν
1371 3137 1589 3198 πάντως
1629 3134 1937 3204 προγόνοις,
1985 3135 2115 3206 περὶ
2143 3138 2254 3210 τῆς
2283 3144 2632 3213 φιλαδελφίας
2657 3146 2823 3217 φησίν
2848 3162 2862 3175 ο
2903 3164 2921 3197 t
2957 3145 3032 3200 Οὐ
3058 3144 3245 3217 χρείαν
3274 3144 3426 3215 ἔχετε
3453 3143 3684 3214 γράφειν
3721 3143 3854 3213 ὑμῖν

588 3233 745 3285 αὐτοὶ
768 3231 877 3299 γὰρ
899 3228 1227 3282 θεοδίδακτοί
1254 3231 1378 3281 ἔστε
1400 3228 1481 3291 είς
1501 3226 1561 3279 τὸ
1582 3226 1809 3296 ἀγαπᾷν
1831 3223 2114 3296 ἀλλήλους.
2147 3247 2167 3281 r

665 3323 826 3392 Igitur
847 3335 971 3376 cum
1004 3321 1266 3374 Dominus
1295 3319 1363 3373 ad
1391 3317 1649 3386 quosdam
1674 3315 1909 3371 dixerit:
1943 3334 1963 3368 ι
1995 3318 2053 3372 Si
2079 3316 2170 3373 ﬁlii

2353 3323 2462 3378 Τοῦ
2515 3321 2723 3393 Κυρίου
2758 3322 2940 3376 τοίνυν
2978 3320 3113 3393 πρός
3168 3335 3320 3384 τινας
3371 3319 3694 3388 εἰρηκότος·
3733 3339 3750 3372 ι
3790 3306 3854 3374 Εὶ

592 3416 863 3469 Abraham
887 3412 1222 3481 estis,opera
1244 3409 1518 3465 Abraham
1546 3406 1708 3463 facite
1722 3408 1791 3472 ⁸⁸,
1834 3427 1853 3461 ι
1885 3409 2171 3465 timeamus

594 3519 654 3561 et
684 3522 781 3560 uos
810 3507 955 3559 illam
989 3518 1178 3558 vocem
1211 3517 1320 3556 non
1354 3513 1483 3556 tunc
1521 3500 1737 3569 quidem
1770 3501 1837 3555 ad
1875 3514 1972 3554 nos
2002 3501 2177 3570 prola-

594 3606 730 3663 tam,
764 3598 856 3650 sed
885 3593 939 3647 in
960 3593 1257 3655 horrenda,
1287 3582 1429 3661 quod
1458 3599 1667 3645 avertat
1697 3590 1859 3656 Deus,
1879 3591 1964 3645 die
1993 3606 2181 3658 expro-

596 3688 874 3749 mendam,
896 3685 1110 3755 quando
1141 3684 1320 3751 potius
1350 3697 1414 3736 ex
1451 3680 1832 3738 coniormitate
1848 3696 2075 3750 operum
2093 3681 2181 3749 ju-

597 3782 870 3836 dicahitur
931 3777 1333 3849 propinquitas,
1374 3776 1590 3844 quando
1664 3791 1876 3841 omnes,
1921 3787 2033 3830 tum
2089 3773 2178 3844 qui

597 3879 973 3941 paupertatem
997 3884 1095 3925 seu
1116 3869 1307 3924 saltem
1337 3881 1603 3939 pauperes
1632 3867 1684 3921 in
1716 3868 1938 3924 Christo
1964 3881 2183 3923 amave-

600 3965 731 4027 rint,
761 3972 876 4017 tum
914 3963 1102 4033 gloria:
1161 3972 1593 4030 contemptores,
1657 3968 1770 4014 tum
1817 3962 2185 4028 temperantiae

596 4066 902 4115 amatores,
934 4068 1126 4109 omnes
1171 4052 1409 4120 denique
1464 4052 1555 4121 qui
1602 4051 1918 4121 evangelica
1959 4053 2183 4106 oracula

597 4162 709 4200 non
732 4145 1040 4200 audiverim.
1069 4152 1305 4207 tantum,
1322 4136 1415 4200 sed
1428 4143 1602 4197 etiam
1626 4141 1873 4205 fecerint,
1891 4145 2186 4197 secundum

598 4239 873 4292 orationis
902 4236 1215 4292 communis
1250 4235 1427 4289 Patris
1485 4235 1647 4305 modo
1702 4235 1964 4304 singulari
2022 4249 2186 4287 unum

599 4342 789 4397 erunt;
814 4330 887 4386 ait
920 4330 1098 4383 enim:
1130 4346 1152 4381 ι
1180 4327 1256 4382 Da
1286 4336 1349 4383 ut
1375 4341 1567 4383 omnes
1593 4341 1761 4381 unum
1793 4328 1931 4394 sint,
1965 4310 2107 4381 sicut
2137 4332 2191 4380 et

608 4437 708 4479 nos
730 4437 896 4477 unum
926 4420 1218 4489 sumus“;
1251 4438 1270 4472 ι
1304 4421 1519 4501 quando
1544 4418 1890 4473 acutissimus
1915 4421 2062 4472 ensis
2081 4416 2188 4485 spi-

608 4517 751 4571 ritus
778 4512 1054 4584 separabit
1089 4513 1362 4567 hominem
1394 4527 1421 4563 a
1454 4520 1629 4580 patre,
1662 4508 1826 4564 tiliam
1857 4526 1886 4563 a
1923 4519 2114 4575 matre,
2140 4517 2193 4563 et

609 4606 819 4660 alienos
867 4604 1026 4658 faciet
1078 4603 1318 4657 moribus
1344 4602 1765 4670 discrepantes;
1798 4599 1843 4656 si
1890 4599 2034 4655 enim
2078 4601 2190 4671 jam

2280 3415 2374 3469 τοῦ
2416 3414 2668 3485 ’Δϐραὰμ
2703 3409 2825 3485 ἦτε,
2862 3412 2929 3466 τὰ
2980 3411 3118 3484 ἔργα
3150 3409 3245 3464 τοῦ
3305 3410 3559 3480 Ἀϐραὰμ
3612 3413 3856 3465 ἐποιεῖτε

2280 3509 2381 3563 ἄν’
2414 3527 2432 3559 ι
2471 3507 2801 3577 φοϐηθῶμεν
2825 3506 2921 3560 καὶ
2947 3504 3105 3558 αὐτοὶ
3152 3504 3243 3557 τὸν
3276 3503 3434 3572 λόγον
3485 3502 3701 3569 τοῦτον,
3753 3504 3859 3557 οὐκ

2282 3598 2521 3653 ἐνταῦθα
2579 3598 2680 3667 μὲν
2724 3595 2860 3666 πρὸς
2915 3597 3063 3666 ἡμᾶς
3112 3594 3424 3665 λεγόμενον.
3470 3592 3706 3648 ἀλλ’ἒπὶ
3757 3596 3859 3664 τῆς

2284 3695 2539 3762 φρικτῆς,
2573 3689 2601 3743 δ
2632 3690 2708 3761 μὴ
2755 3688 2986 3758 γένοιτο,
3018 3686 3396 3758 ῥηθησόμενον
3424 3684 3658 3758 ἡμέρας,
3690 3687 3859 3757 ἡνίκα

2288 3783 2489 3854 μᾶλλον
2540 3781 2799 3849 ἀποστῆς
2848 3778 3168 3852 ὁμοιότητος
3221 3779 3332 3833 τῶν
3379 3779 3791 3849 πεπραγμένων
3826 3781 3860 3850 ἡ

2288 3877 2579 3944 συγγένεια
2620 3875 2891 3945 κρίνεται,
2936 3873 3101 3944 ἡνίκα
3152 3872 3353 3936 πάντες
3384 3871 3437 3926 oi
3468 3871 3564 3941 τὴν
3612 3872 3672 3923 ὲν
3724 3870 3864 3941 Χρι-

2289 3967 2402 4036 στῷ
2438 3963 2739 4036 πτωχείαν,
2770 3963 2821 4017 εί
2861 3962 2906 4017 δ’
2935 3961 3029 4016 οὖν
3053 3960 3189 4015 ἀλλά
3236 3962 3361 4025 τοὺς
3419 3960 3668 4031 πτωχοὺς
3723 3961 3863 4029 γοῦν

2287 4054 2664 4126 ἠγαπηκότες,
2728 4053 2779 4107 οἱ
2835 4052 3250 4123 καταφρονηταὶ
3278 4052 3379 4122 τῆς
3430 4052 3609 4123 δόξης,
3656 4054 3706 4107 oi
3759 4054 3864 4123 τῆς

2289 4147 2619 4217 ιγκρατείας
2647 4147 2898 4216 ἐρασταὶ,
2924 4147 2972 4198 oi
2993 4145 3104 4199 τῶν
3142 4143 3519 4213 εὐαγγελικῶν
3551 4143 3869 4216 θεσπισμά-

2289 4257 2397 4295 των
2441 4241 2541 4292 οὐκ
2595 4237 2864 4308 ἀκροαταὶ
2916 4234 3101 4307 μόνον,
3145 4235 3278 4289 ἀλλά
3313 4237 3407 4291 καὶ
3442 4237 3686 4303 ποιηταὶ,
3715 4238 3867 4292 κατὰ

2290 4335 2388 4401 τὴν
2436 4330 2533 4384 τοῦ
2576 4328 2762 4383 κοινοῦ
2809 4328 2994 4399 χάριτι
3026 4328 3241 4399 Πατρὶς
3278 4328 3445 4398 εὐχὴν
3470 4326 3768 4397 ὑπερφυῶς
3804 4330 3868 4383 ἓν

2291 4423 2536 4476 ἔσονται·
2586 4422 2725 4484 «Δδς
2777 4421 2909 4491 γὰρ,
2954 4420 3140 4491 φησὶν,
3196 4419 3378 4482 αὐτοῖς
3431 4418 3518 4472 ῐνα
3560 4419 3764 4484 πάντες
3806 4422 3871 4477 ἓν

2292 4508 2416 4579 ὦσι,
2454 4513 2637 4576 καθὼς
2697 4513 2861 4583 ἡμεῖς
2913 4512 2971 4564 ἓν
3018 4513 3188 4581 ὶσμεν
3220 4526 3235 4543 ο
3264 4529 3281 4563 ι
3321 4510 3485 4582 ἡνίκα
3544 4512 3797 4584 φανερῶς
3830 4517 3865 4584 ἡ

2296 4607 2671 4677 κριτικωτὰτη
2715 4606 2962 4675 μάχαιρα
3015 4602 3111 4657 τοῦ
3150 4603 3468 4673 Πνεύματος
3515 4603 3726 4675 διχάσει
3774 4606 3874 4659 ἄν.

613 4696 700 4750 his
730 4696 782 4750 iu
820 4694 984 4749 terris
1014 4694 1299 4759 ista’iiuut,
1324 4666 1540 4760 quanto.
1561 4691 1733 4761 magis
1755 4690 1827 4745 ibi
1860 4690 1951 4745 ubi
1976 4666 2169 4761 quisei

2297 4666 2514 4769 θρωπον
2545 4666 2685 4750 κατά
2716 4666 2833 4748 ’τοῦ
2874 4666 3099 4764 πατρὸς,
3128 4695 3224 4749 καὶ
3269 4666 3546 4763 θυγατέρα
3569 4666 3735 4748 ’κατά
3767 4697 3873 4765 τῆς

614 4802 649 4841 o
675 4789 795 4840 ι.ηἰ;ι
823 4788 927 4841 sibi
958 4786 1155 4839 virtute
1186 4799 1291 4838 uou
1323 4785 1694 4838 confortuatos
1724 4782 1945 4853 negabit
1973 4784 2192 4836 dicens:

619 4898 639 4929 ι
674 4876 870 4933 Nescio
909 4893 1021 4931 vos.
1061 4895 1079 4928 ι
1120 4875 1255 4930 Nam
1287 4891 1393 4929 non
1422 4875 1718 4940 babent,ut
1745 4877 1977 4942 videtur,
2008 4876 2198 4942 imagi-

621 4987 743 5026 nem
782 4970 956 5028 Patris
993 4970 1279 5024 coelestis:
1315 4983 1421 5023 non
1456 4968 1670 5022 fuerunt
1710 4969 2109 5033 misericordes,
2146 4976 2201 5021 ut

518 5056 521 5059 ’
620 5062 785 5118 Pater
838 5061 1166 5129 communis,
1204 5061 1343 5114 bona
1399 5060 1686 5130 egentibus
1732 5062 2039 5114 couunuuia
2095 5074 2199 5114 non

619 5155 886 5220 iecerunt,
905 5155 1049 5209 sicut
1068 5153 1366 5209 ille'omnes
1391 5155 1649 5207 bonorum
1666 5168 1883 5208 suorum
1908 5154 2200 5222 participes

620 5244 781 5308 fecit;
807 5243 1069 5312 proximis
1106 5254 1211 5295 nou
1245 5241 1463 5296 fuerunt
1489 5242 1734 5307 ofﬁciosi,
1759 5257 1852 5297 eos
1870 5243 1959 5309 qui
1989 5257 2019 5296 a
2046 5243 2203 5309 longe

622 5334 845 5390 Stabant
875 5333 1206 5402 propinquos
1239 5346 1336 5403 per
1368 5334 1760 5388 humanitatem
1791 5348 1895 5387 non
1932 5334 2203 5395 foverunt,

625 5425 786 5493 cujus
811 5423 1185 5492 discrepantize
1203 5438 1364 5478 causa
1393 5439 1489 5478 uec
1507 5424 1625 5477 illos
1649 5425 1752 5478 scit
1776 5438 1872 5477 nec
1898 5424 1951 5476 in
1977 5421 2198 5476 domum

625 5514 926 5570 introducit
982 5516 1240 5585 optimus.
1273 5516 1424 5584 Quod
1470 5513 1517 5570 si
1578 5515 1681 5571 iste
1732 5516 1878 5581 talis,
1908 5530 2032 5567 cum
2086 5516 2206 5584 ipso

2301 4789 2528 4858 μητρὺς,
2564 4787 2661 4839 καὶ
2695 4784 3009 4854 ἀλλοτρίους
3040 4785 3256 4854 ποιήσει
3284 4786 3414 4846 τοῦς
3432 4784 3720 4853 ἀνομοίους
3752 4788 3874 4849 τοῖς

2296 4881 2552 4950 τρόποις⁶
2584 4879 2637 4930 εἰ
2668 4878 2776 4945 γὰρ
2804 4875 3057 4934 ἐνταῦθα,
3092 4877 3245 4947 πόσῳ
3294 4872 3494 4946 μᾶλλον
3548 4878 3682 4941 ἐκεῖ,
3734 4878 3872 4931 ὅπου

2300 4974 2397 5026 καὶ
2449 4974 2477 5024 ὁ
2531 4970 2711 5022 πάντα
2766 4967 2921 5030 εἰδὼς
2974 4968 3109 5036 πρὸς
3175 4968 3302 5031 τοὺς
3365 4967 3440 5037 μὴ
3492 4969 3613 5021 κατ’
3664 4969 3874 5039 ἀρετὴν

2301 5060 2711 5128 ώμοιωμένους,
2740 5077 2756 5109 t
2783 5059 2894 5111 Οὐκ
2914 5056 3027 5112 οἶδα
3047 5060 3242 5129 ὑμὶςη
3270 5061 3651 5128 ἀποφαίνεται;
3668 5061 3741 5113 Οὐ
3761 5063 3874 5131 γὰρ

2304 5151 2637 5223 Excurrit/,6);
2674 5153 2839 5215 ἔοικε,
2876 5153 2975 5219 τὴν
3018 5152 3201 5203 εἰκόνα
3248 5149 3341 5204 τοῦ
3375 5152 3736 5222 ἐπουρανίου*
3770 5153 3877 5206 οὐκ

2305 5246 2556 5312 ἐγένοντο
2585 5234 2931 5312 οἰκτίρμονες
2978 5243 3051 5304 ώς
3078 5244 3106 5295 6
3146 5244 3322 5309 κοινὸς
3359 5244 3547 5312 Πατὴρ
3572 5259 3586 5273 ·
3622 5244 3684 5294 οὐ
3720 5247 3878 5298 κοινά

2306 5336 2377 5388 τὰ
2400 5335 2531 5388 ὄντα
2561 5337 2675 5395 τοῖς
2701 5335 2973 5403 δεομένοις
3001 5335 3352 5403 ἐποιήσαντο,
3379 5330 3632 5405 καθάπερ
3663 5337 3874 5396 ἐκεῖνος

2308 5425 2421 5478 τιῖιν
2453 5425 2671 5477 οἰκείων
2705 5423 2929 5491 ἀγαθῶν
2962 5425 3169 5494 δωρεὰν
3201 5425 3507 5495 μετέδωκεν
3543 5426 3750 5479 ἅπασιν
3773 5440 3790 5456 ·
3812 5425 3874 5476 οὐ

2306 5521 2417 5579 τοῖς
2444 5516 2669 5587 πλησίον
2702 5515 2953 5583 ἐγένοντο
2991 5532 3021 5587 χ
3032 5519 3238 5588 ρηστοὶ,
3270 5519 3329 5569 οὐ
3367 5518 3489 5580 τοὺς
3535 5516 3757 5588 μακρὰν
3785 5514 3877 5569 διά

700 5698 746 5733 ⁸³
777 5697 875 5756 lsa.
908 5714 1058 5768 Lvttt,
1086 5700 1197 5759 5.8.
1274 5700 1320 5735 ⁸⁵
1349 5700 1367 5755 l
1408 5698 1597 5756 Thess.
1630 5714 1704 5763 tv,
1725 5698 1779 5752 9.
1855 5692 2077 5748 "Joan.
2102 5707 2221 5759 rm,
2254 5692 2342 5747 59.
2406 5692 2475 5723 ’⁸⁵
2500 5692 2658 5749 Joan.
2689 5705 2823 5757 xvu,
2856 5689 2951 5747 22.

3912 48 3922 299 l

3951 1550 3955 1709 κ
