4046 6486
484 283 582 348 167

1735 279 2120 341 GREGORU
2165 281 2495 344 PALAM/E

3632 277 3751 342 168

478 410 532 453 et
551 397 794 453 dixlnlus
818 405 874 452 et
900 395 1072 468 magis
1097 409 1126 450 a
1153 395 1313 452 nobis
1336 394 1649 452 necessario
1662 395 2063 450 concinendum

2173 405 2437 468 σιωτερον
2489 397 2586 450 καὶ
2614 395 2912 467 θειότερον,
2951 398 3046 451 καὶ
3091 392 3408 464 παρ’ήμῶν
3452 392 3754 460 ὑμνεῖσθαι

479 499 788 546 creaturam
819 491 1056 556 aliquam
1086 489 1201 543 iieri
1238 488 1404 543 Deum
1442 497 1496 542 et
1537 503 1644 542 non
1675 488 1836 542 modo
1875 487 2062 550 Deum,

485 583 580 638 sed
627 582 777 636 illum
817 583 908 651 qui
948 591 1032 637 est
1065 597 1192 636 vere
1228 582 1371 635 Deus
1397 621 1413 647 ,
1465 589 1519 633 et
1573 580 1644 632 ita
1670 618 1684 642 ,
1731 580 1835 633 etsi
1873 589 2065 632 natura

485 688 675 730 nostra
711 675 973 729 exciderit
1005 674 1072 728 ab
1099 675 1188 728 ilia
1211 672 1500 740 dignitate,
1525 671 1580 725 in
1611 677 1719 739 qua
1751 679 1931 723 creata
1959 679 2065 732 est,

481 776 764 838 propterea
817 766 883 820 ad
944 764 1129 818 inﬁma
1167 773 1326 819 terra:
1380 762 1578 816 merito
1627 759 1883 830 dejecta?
1930 757 2062 812 Nam

483 863 584 916 hoc
617 869 700 915 est
753 876 1009 929 magnum
1043 869 1096 914 et
1125 858 1398 921 divinum,
1429 853 1703 909 ineffabile
1742 866 1954 909 necnon
1981 864 2064 905 ra-

481 950 614 1006 tioni
651 952 1012 1019 impervium,
1047 959 1303 1003 naturam
1337 955 1580 1000 nostram
1616 944 1867 1012 conjungi
1894 952 1948 998 et
1971 955 2067 1012 per

480 1059 599 1096 eam
635 1041 793 1096 nobis
829 1040 1096 1110 impertiri
1136 1041 1190 1093 in
1229 1037 1424 1092 melius
1456 1035 1899 1097 conversionem,
1925 1033 2065 1086 adeo

483 1144 544 1187 ut
574 1133 780 1188 sanctis
813 1131 1022 1201 angelis
1051 1139 1106 1184 et
1135 1130 1268 1199 ipsis
1301 1127 1580 1198 prophetis
1612 1127 1740 1180 licet
1764 1127 1818 1179 in
1854 1124 2064 1193 Spiritu

491 1229 676 1282 futura
709 1226 1138 1295 praevidentibus
1165 1223 1681 1291 incomprehensum
1707 1219 1930 1274 omnino
1954 1233 2068 1272 ma-

481 1328 607 1372 ncat
642 1316 987 1388 mysterium,
1023 1315 1173 1385 quod
1203 1313 1306 1368 fuit
1337 1328 1368 1367 a
1401 1312 1618 1366 smculis
1651 1309 2060 1366 absconditum.

483 1410 588 1463 Sed
635 1426 734 1463 cur
779 1411 874 1464 has
922 1423 1010 1464 res
1065 1422 1308 1460 memoro
1347 1413 1644 1474 antequam
1694 1402 1852 1457 factae
1902 1401 2064 1456 sunt?

485 1499 600 1554 lloc
643 1515 830 1554 revera
865 1498 1117 1567 contigit,
1156 1497 1248 1552 sed
1291 1513 1396 1550 non
1437 1496 1490 1549 in
1519 1510 1584 1550 eo
1623 1493 1765 1564 quod
1817 1493 2062 1562 contigit,

483 1594 620 1647 bene
668 1607 796 1648 vero
827 1592 1102 1660 quomodo
1137 1587 1428 1657 contigerit
1467 1594 1710 1644 remanet
1741 1584 2061 1654 mysterium

480 1681 810 1734 credendum
845 1679 1087 1749 quidem,
1123 1687 1303 1732 mente
1333 1685 1513 1730 autem
1557 1690 1664 1728 non
1693 1674 2062 1743 complecten-

484 1772 638 1833 dum,
677 1770 1043 1831 adorandum,
1081 1768 1174 1823 sed
1209 1781 1317 1820 non
1346 1765 1620 1821 curiosius
1651 1764 2058 1833 inquirendum,

481 1873 537 1916 et
587 1861 918 1915 medendum
983 1870 1036 1914 et
1088 1857 1426 1913 adorandum
1497 1857 1550 1909 in
1609 1855 1726 1911 solo
1788 1853 1996 1924 Spiritu
2047 1870 2062 1907 :

487 1971 508 2006 ι
544 1950 714 2005 Nemo
763 1950 905 2004 enim
943 1957 1121 2019 ptest
1158 1949 1342 2002 dicere
1393 1947 1680 2001 Dominum
1715 1943 1902 2020 desum
1956 1943 2062 1998 nisi

484 2043 540 2095 in
559 2041 760 2109 Spiritu
788 2050 1008 2104 sancto;
1047 2058 1065 2091 ι
1091 2051 1144 2094 et
1163 2039 1399 2108 Spiritus
1420 2050 1502 2098 est
1523 2037 1576 2090 in
1600 2051 1710 2107 quo
1735 2035 2060 2108 adoramus,

481 2145 535 2189 et
567 2133 620 2188 in
653 2148 767 2202 qnu
789 2147 1034 2196 oratoris,
1074 2141 1131 2184 ut
1160 2130 1236 2183 ait
1265 2128 1581 2197 Apostolus.

554 2403 714 2468 Quod
747 2416 856 2462 non
905 2399 1222 2457 hominibus
1276 2409 1489 2457 tantum
1540 2399 1636 2457 sed
1670 2409 1725 2456 et
1771 2399 1980 2470 angelis
2011 2408 2068 2456 et

482 2497 615 2566 ipsis
630 2494 973 2560 arehangelis
990 2493 1440 2562 inperserutabile
1460 2494 1531 2549 sit
1557 2493 1696 2555 istud
1718 2493 2063 2564 mysterium,

480 2590 640 2641 docte
671 2584 928 2654 exprimit
979 2583 1095 2638 haec
1141 2583 1259 2637 dies
1310 2597 1340 2636 a
1393 2582 1556 2638 nobis
1605 2583 1895 2638 celebrata.
1927 2581 2062 2636 Nam

482 2677 848 2741 a‘rchangelus
893 2675 1112 2745 quidem
1161 2674 1433 2727 nuntiavit
1469 2671 1680 2742 Virgini
1755 2675 2067 2742 conceptio-

485 2781 654 2831 nem;
694 2765 785 2818 illa
819 2773 1002 2818 autem
1057 2765 1308 2825 cupiente
1365 2761 1576 2816 discere
1621 2762 1843 2816 modum
1894 2771 1947 2815 et
1997 2761 2064 2815 ad

482 2875 607 2912 eum
646 2858 865 2912 dicente
897 2873 911 2909 :
947 2872 966 2906 ι
1005 2853 1292 2919 Quomodo
1343 2853 1435 2907 ﬁet
1482 2853 1649 2918 istud,
1692 2852 1952 2922 quoniam
1981 2853 2062 2905 vi-

481 2965 605 3004 rum
636 2964 743 3002 non
777 2945 1090 3016 cognosco?
1122 2963 1141 2997 ι
1169 2944 1528 3014 archangelus
1567 2959 1691 2998 cum
1724 2945 1874 2998 nullo
1902 2947 2064 2998 modo

2169 488 2618 556 ἀναγκαιότερον,
2650 486 2712 540 τὸ
2741 485 2996 556 γενέσθαι
3027 504 3078 540 τι
3117 485 3225 538 τῶν
3253 485 3421 537 ὄντων
3453 482 3609 544 θεδν,
3645 481 3756 534 καὶ

2167 576 2265 647 οὐχ
2311 577 2496 640 ἁπλῶς
2541 577 2694 643 Θεδν,
2737 578 2872 631 ἀλλά
2930 576 3021 628 τὸν
3075 575 3246 639 ὅντως
3288 574 3416 626 ὄντα
3464 572 3617 632 Θεὸν.
3647 575 3755 625 καὶ¹

2167 669 2345 724 ταῦτα
2397 672 2498 740 τὴν
2549 671 2686 741 μηδὲ
2722 669 2956 739 φυλάξαι
2989 666 3336 734 δυνηθεῖσαν,
3385 665 3416 735 ἢ
3461 663 3752 734 βουληθεῖ-

2169 779 2284 826 σαν,
2315 760 2376 816 τδ
2407 760 2530 815 καθ’
2555 761 2584 814 ὃ
2605 763 2824 830 γέγονεν
2847 758 3124 830 ἡμετέραν
3147 757 3330 826 φύσιν,
3362 757 3454 808 καὶ
3471 755 3558 807 διὰ
3578 753 3752 805 τοῦτο

2167 851 2390 913 δικαίως
2415 852 2497 912 είς
2528 851 2594 905 τὰ
2640 851 2928 904 κατώτατα
2964 849 3066 918 τῆς
3093 852 3194 918 γῆς
3219 847 3601 907 ἀπωσθεῐσαν;
3639 842 3753 894 Το-

2171 944 2332 998 σοῦτο
2373 945 2483 1014 γὰρ
2526 943 2668 1014 μέγα
2694 944 2790 996 καὶ
2817 943 2981 1008 θετον,
3018 941 3334 1012 ἀπόρρητόν
3359 955 3421 991 τε
3455 939 3547 990 καὶ
3573 938 3746 988 ἀνεν-

2170 1040 2383 1105 νόητον,
2426 1037 2528 1106 τὴν
2556 1037 2833 1108 ἡμετέραν
2881 1035 3044 1104 φύσιν
3074 1033 3330 1102 γενέσθαι
3359 1028 3607 1100 όμόθεον,
3641 1029 3748 1080 καὶ

2167 1127 2236 1181 δι’
2265 1129 2432 1198 αὐτῆς
2461 1131 2598 1200 ἡμῖν
2625 1126 2954 1199 χαρισθῆναι
2982 1125 3078 1195 τὴν
3115 1124 3211 1177 ἐπὶ
3233 1123 3292 1176 τὸ
3324 1125 3570 1193 κρεῖττον
3603 1120 3753 1171 ἐπά-

2171 1219 2341 1284 νοδον,
2369 1219 2444 1281 ὡς
2477 1221 2713 1282 καὶτοῖς
2752 1219 2927 1287 ἀγέοις
2969 1216 3223 1286 ἀγγέλοις
3278 1233 3338 1267 τε
3389 1215 3483 1267 καὶ
3525 1209 3753 1280 ἀνθρὼ-

2171 1328 2317 1376 ποις,
2347 1315 2440 1365 καὶ
2485 1313 2669 1375 αὐτοῖς
2722 1313 2835 1374 τοῖς
2887 1311 3215 1380 προφήταις,
3249 1307 3426 1361 καίτοι
3452 1304 3540 1358 διὰ
3571 1303 3754 1355 Πνεύ-

2170 1420 2343 1473 ματος
2374 1404 2592 1474 ὁρῶσιν,
2624 1403 3032 1470 ἀνεπίγνωστον
3081 1401 3248 1461 ὅντως
3274 1398 3480 1464 μένειν,
3506 1395 3612 1448 ἀπὸ
3640 1395 3748 1446 τοῦ

2169 1496 2366 1558 αἰῶνος
2423 1495 2670 1564 ὑπάρχον
2733 1493 3122 1564 κεκρυμμένον
3185 1487 3638 1562 μυστήριονοκαὶ
3687 1488 3750 1538 τί

2165 1587 2307 1656 λέγω
2338 1589 2468 1658 πρὶν
2505 1589 2586 1651 εἰς
2625 1588 2798 1657 πέρας
2836 1585 3044 1652 ὲλθεῖνί
3081 1586 3190 1640 Καὶ
3219 1571 3440 1652 γεγονός
3473 1581 3606 1650 γὰρ,
3638 1579 3748 1650 οὐχ

2168 1683 2250 1735 ὅτι
2279 1682 2527 1749 γέγονεν,
2561 1679 2677 1736 ἀλλ’
2702 1682 2851 1744 ὅπως
2888 1679 3082 1749 γέγονε
3119 1677 3281 1732 πάλιν
3311 1676 3606 1747 μυστήριον
3637 1674 3752 1742 μέ-

2168 1790 2272 1836 νει,
2325 1764 2740 1842 πιστευόμενον,
2769 1771 2884 1826 ἀλλ’
2915 1771 2977 1824 οὐ
3021 1770 3443 1839 γινωσκόμενον,
3497 1782 3749 1836 προσκυ-

2166 1865 2445 1934 νούμενον,
2485 1862 2599 1917 ἀλλ’
2653 1865 2714 1917 οὐ
2767 1861 3413 1932 πολυπραγμονούμενον,
3441 1859 3533 1913 καὶ
3564 1873 3750 1928 προσ-

2167 1954 2507 2025 κυνούμενόν
2578 1972 2639 2008 τε
2695 1956 2789 2006 καὶ
2845 1953 3240 2021 πιστευόμενον
3281 1948 3372 2003 διὰ
3429 1950 3592 2018 μόνου
3641 1946 3748 1998 τοῦ

2168 2047 2523 2116 Πνεῦματος⁶
2581 2045 2817 2108 «Οὐδεὶς
2867 2044 2974 2115 γὰρ
3033 2043 3258 2096 δύναται
3295 2041 3470 2094 εἰπεῖν
3533 2040 3748 2108 Κύριον

2179 2139 2410 2211 Ἰησοῦν,
2446 2140 2494 2191 εί
2526 2138 2602 2209 μὴ
2633 2137 2690 2190 ὲν
2718 2137 2997 2206 Πνεῦματι
3035 2135 3204 2206 ἁγίιρο
3240 2153 3260 2188 ι
3303 2134 3486 2188 καὶτὸ
3513 2133 3746 2202 Πνεῦμά

2167 2230 2286 2282 ἐστι
2311 2230 2380 2282 δι’
2413 2224 2474 2283 οῦ
2501 2231 2921 2299 προσκυνοῦμεν
2954 2226 3050 2280 καὶ
3093 2227 3162 2282 δι’
3201 2219 3263 2281 οὗ
3297 2228 3745 2298 προσευχόμεθα,

2169 2321 2336 2392 φησὶν
2361 2323 2390 2376 ό
2409 2321 2759 2386 Ἀπόστολος.

2242 2414 2364 2466 Ὀτι
2391 2413 2447 2466 δὲ
2480 2413 2557 2483 μὴ
2613 2415 2726 2477 τοῖς
2771 2412 3081 2484 ἀνθρώποις
3109 2414 3292 2484 μόνον,
3327 2412 3462 2473 ἀλλά
3495 2412 3590 2467 καὶ
3620 2413 3745 2475 τοῖς

2165 2505 2420 2572 ἀγγέλοις
2453 2506 2547 2557 καὶ
2584 2505 2698 2567 τοῖς
2736 2505 3102 2574 ἀρχαγγέλοις
3149 2505 3336 2568 αὐτοῖς
3375 2504 3745 2574 ἀπερινόητόν

2169 2596 2285 2647 ἐστι
2336 2595 2397 2647 τὸ
2455 2596 2759 2665 μυστήριον
2787 2595 2966 2660 τοῦτο,
2992 2597 3294 2666 παρίστησι
3327 2596 3513 2665 σαφῶς
3550 2596 3646 2648 καὶ
3677 2594 3745 2646 τὸ

2166 2687 2298 2757 παρ’
2344 2687 2504 2756 ἡμῶν
2569 2686 2967 2756 ἑορταζόμενον
3003 2691 3264 2758 σήμερον.
3329 2688 3748 2758 Ιεύηγγελίσατο

2171 2777 2272 2844 μὲν
2306 2776 2414 2846 γὰρ
2447 2778 2476 2830 ὁ
2509 2777 2854 2848 ἀρχάγγελος
2887 2782 2954 2850 τῇ
3008 2779 3272 2851 Παρθένῳ
3301 2779 3401 2850 τὴν
3440 2778 3702 2850 σύλληψιν
3723 2794 3740 2808 ·

2167 2867 2264 2938 τῆς
2289 2869 2344 2922 δὲ
2376 2868 2567 2937 μαθεῖν
2603 2869 2875 2939 ζητούσης
2907 2871 2998 2923 τὸν
3029 2871 3250 2940 τρόπον,
3278 2871 3371 2925 καὶ
3403 2873 3538 2942 πρὸς
3571 2872 3745 2925 αὑτὸν

2168 2959 2430 3029 εἰπούσης
2455 2974 2468 2988 ⁸
2509 2977 2528 3011 ι
2570 2961 2692 3024 Πῶς
2723 2960 2878 3014 ἐσται
2916 2979 3008 3032 μοι
3038 2962 3231 3029 τοῦτο;
3284 2963 3406 3016 ἐπεὶ
3458 2963 3628 3033 ἄνδρα
3673 2963 3740 3017 οὑ

485 3050 670 3110 posset
705 3039 1028 3108 mysterium
1062 3037 1380 3124 explanare,
1401 3023 1517 3106 ipse
1551 3051 1771 3106 quoque
1799 3037 1865 3090 ad
1891 3036 2059 3091 Deum

2168 3023 2421 3118 γινώσκῶ
2439 3066 2488 3102 ο»
2518 3051 2786 3121 μηδαμῶς
2818 3023 2956 3123 Exue:
2986 3055 3014 3106 ὁ
3038 3023 3378 3125 ἀρχάγγελος
3401 3023 3742 3126 ἑρμηνεῦσαι

480 3132 727 3201 confugit
760 3149 773 3184 :
809 3149 828 3183 ι
861 3130 1123 3199 Spiritus,
1150 3131 1608 3193 dicens,sanctus
1637 3129 1982 3197 superveniet
2006 3129 2059 3184 in

2168 3143 2257 3194 τὸν
2313 3142 2536 3212 τρόπον,
2579 3143 2672 3196 ἐπὶ
2718 3143 2810 3196 τὸν
2868 3143 3004 3197 Θεὸν
3061 3147 3159 3198 καὶ
3208 3138 3362 3212 οὗτος
3411 3148 3737 3217 κατέφυγεν

484 3237 558 3288 te,
589 3233 641 3278 et
672 3223 850 3278 virtus
885 3222 1150 3277 Altissimi
1183 3221 1534 3276 obumbrabit
1568 3221 1664 3275 tibi
1687 3219 1754 3274 ⁸⁸.
1787 3238 1805 3272 ›
1846 3221 2059 3275 Etenim

483 3316 712 3386 perinde
742 3329 806 3370 ac
847 3314 892 3369 si
924 3314 1048 3382 quis
1081 3321 1352 3384 quaereret
1393 3327 1422 3367 a
1455 3311 1642 3384 Moyse
1675 3313 1952 3381 quomodo
1995 3329 2062 3367 cx

482 3421 626 3463 terra
659 3408 846 3472 homo,
878 3406 1158 3476 quomodo
1187 3420 1254 3461 ex
1289 3407 1403 3460 luto
1425 3419 1548 3460 ossa
1573 3415 1626 3459 et
1657 3404 1805 3475 nervi
1827 3417 1881 3459 et
1909 3420 2060 3473 caro,

481 3500 763 3570 quomodo
793 3497 1062 3552 sententia
1109 3512 1177 3552 ex
1211 3512 1408 3552 sensus
1440 3496 1774 3565 expertibus,
1805 3497 1889 3550 vel
1921 3511 2060 3566 quo-

485 3593 650 3646 modo
683 3607 745 3645 ex
794 3599 947 3645 costa
998 3590 1192 3645 Adami
1232 3589 1334 3658 ipsi
1389 3588 1625 3650 similis,
1684 3588 1958 3658 quomodo
2000 3603 2062 3643 os

481 3692 774 3736 extensum
805 3690 861 3734 et
896 3679 1254 3736 distributum
1287 3687 1341 3733 et
1392 3688 1633 3748 aptatum
1677 3678 1779 3733 fuit
1831 3691 1882 3733 et
1933 3680 2064 3733 adu-

484 3787 672 3830 natum
699 3792 714 3840 ;
745 3775 1023 3844 quomodo
1055 3787 1120 3826 ex
1151 3786 1278 3826 osse
1309 3773 1520 3824 viscera
1550 3778 1603 3824 et
1635 3770 1769 3824 varii
1803 3771 2063 3827 humores

483 3877 539 3920 et
576 3876 768 3920 Caetera
801 3865 1008 3919 omnia.
1043 3863 1274 3917 Perinde
1305 3874 1434 3928 ergo
1480 3875 1545 3914 ac
1572 3861 1616 3915 si
1649 3859 1774 3930 quis
1811 3876 1843 3915 a
1881 3860 2064 3932 Moyse

484 3958 590 4013 ista
643 3957 970 4027 inquireret,
1025 3953 1162 4009 nilnl
1214 3953 1446 4023 amplius
1501 3953 1707 4006 diceret
1757 3953 1866 4006 nisi
1917 3954 2062 4022 quod

490 4045 630 4099 Deus
674 4044 820 4114 cepit
854 4044 1040 4099 limum
1089 4059 1118 4097 a
1176 4051 1343 4106 terra,
1405 4043 1716 4110 creavitque
1766 4043 1959 4109 Adam,
2011 4051 2065 4097 et

485 4140 612 4193 tulit
643 4154 804 4192 unam
837 4139 905 4192 de
931 4137 1098 4192 costis
1130 4138 1307 4190 Adam
1340 4146 1395 4190 et
1431 4135 1594 4190 Evam
1630 4135 1930 4200 formavit;
1985 4133 2066 4188 l'a-

2171 3234 2446 3304 ιΠνεῦμα
2494 3233 2648 3303 ἅγιον
2698 3236 3054 3292 δπιλεὺσεται
3105 3241 3202 3292 ἐπὶ
3256 3239 3338 3304 σὲ,
3374 3242 3470 3294 καὶ
3501 3240 3738 3311 δύναμις

2175 3329 2438 3397 Ὑψίστου
2471 3327 2782 3397 ἐπισκιάσει
2826 3345 2930 3382 σοι.
2966 3346 2985 3379 ι
3041 3329 3253 3400 Ὠσπερ
3291 3330 3400 3402 γὰρ
3441 3333 3488 3384 εί
3519 3334 3614 3385 καὶ
3644 3335 3739 3387 τὸν

2164 3420 2407 3486 Μωῦσῆν
2437 3418 2602 3489 ηριτό
2641 3435 2745 3483 τις,
2787 3419 2912 3482 Πῶς
2943 3421 3007 3473 ὲκ
3039 3420 3145 3490 γῆς
3177 3421 3497 3493 ἀνθρωποςς
3526 3424 3644 3487 πῶς
3674 3427 3739 3479 ὲκ

2166 3514 2424 3584 χώματος
2450 3511 2586 3565 ὀστᾶ
2612 3512 2704 3565 καὶ
2736 3511 2902 3579 νεῦρα
2927 3513 3019 3564 καὶ
3049 3512 3220 3581 σάρξς
3261 3513 3375 3576 πῶς
3404 3514 3742 3584 αἰσθητήρια

2166 3605 2274 3677 73
2322 3603 2383 3670 ἐξ
2429 3605 2949 3674 ἁναισθήτου,ἁλλὰ
3007 3604 3102 3658 καὶ
3151 3609 3215 3658 ἐκ
3265 3606 3362 3673 τῆς
3412 3605 3744 3675 Ἀδαμιαίας

2166 3698 2410 3768 πλευρᾶς
2438 3697 2553 3758 πῶς
2586 3695 2750 3750 πάλιν
2783 3695 3104 3764 ἀνθρωποςς
3139 3695 3256 3758 πῶς
3286 3696 3346 3750 τδ
3383 3696 3574 3750 ὀστοῦν
3621 3699 3747 3764 ἔξε-

2167 3787 2306 3853 «seu
2331 3787 2425 3841 καὶ
2454 3785 2681 3856 διῃρέθη
2718 3785 2812 3838 καὶ
2841 3784 3028 3856 ὴνὼθη
3059 3787 3156 3839 καὶ
3187 3786 3485 3858 συνεδέθη;
3525 3789 3644 3850 πῶς
3674 3792 3743 3844 ὲκ

2164 3876 2258 3930 τοῦ
2294 3874 2454 3928 ὀστοῦ
2490 3874 2780 3942 σπλάγχνα
2807 3873 2902 3926 καὶ
2935 3873 3104 3943 χυμοὶ
3133 3873 3404 3945 διάφοροι,
3439 3875 3534 3928 καὶ
3568 3877 3744 3931 τᾶλλα

2167 3967 2347 4021 πάντα
2365 3983 2381 4031 ;
2416 3965 2628 4034 ’Ὠσπερ
2654 3964 2748 4018 οὖν
2769 3965 2923 4027 εἴτις
2948 3963 3122 4018 ταῦτα
3143 3966 3234 4019 τὸν
3257 3967 3499 4036 Μωῦσῆν
3527 3968 3744 4038 ἠρώτα,

2167 4057 2321 4112 εἶπεν
2353 4059 2418 4114 ἂν
2457 4059 2610 4112 οὐδὲν
2639 4058 2824 4122 πλέον,
2860 4058 3002 4128 πλὴν
3043 4060 3123 4113 ὅτι
3151 4060 3180 4112 ό
3209 4059 3342 4124 Θεός
3371 4063 3522 4115 ἐστιν
3548 4063 3576 4113 ό
3605 4063 3744 4130 χοῦν

2167 4149 2345 4204 λαϐὼν
2401 4150 2510 4204 ἀπὸ
2558 4149 2658 4219 τῆς
2709 4151 2814 4220 γῆς
2859 4151 2957 4202 καὶ
3012 4151 3252 4220 ποιήσας
3276 4151 3367 4204 τὸν
3411 4152 3604 4223 Ἀδὰμ,
3641 4156 3742 4207 καὶ

485 4242 698 4286 ctorein
738 4233 960 4302 quidem
994 4231 1152 4293 dixit,
1188 4229 1406 4283 [inodum
1443 4239 1622 4283 autem
1649 4243 1759 4298 quo
1781 4227 1918 4282 facta
1941 4235 2063 4282 sunt

2171 4242 2302 4310 μίαν
2331 4241 2440 4294 τῶν
2471 4241 2728 4312 πλευρῶν
2764 4241 2950 4294 λαϐὼν
2978 4243 3074 4294 καὶ
3104 4242 3205 4310 τὴν
3248 4242 3396 4296 Εὕαν
3421 4245 3745 4314 ἐργασάμεο
3829 4297 3834 4301 .

489 4337 598 4374 non
631 4320 790 4374 dixit.
823 4319 901 4375 lta
941 4330 994 4374 et
1024 4321 1243 4374 Gabriel
1275 4318 1420 4388 quod
1457 4335 1522 4373 ex
1560 4319 1765 4389 Spiritu
1792 4327 1984 4373 sancto
2013 4329 2063 4374 et

2168 4349 2280 4397 νος,
2336 4332 2432 4385 καὶ
2475 4333 2558 4395 τίς
2595 4332 2695 4402 μὲν
2721 4335 2748 4386 ό
2786 4335 3042 4402 ποιήσας,
3095 4329 3252 4387 εἶπε·
3287 4335 3378 4388 τὸν
3423 4335 3480 4388 δὲ
3533 4339 3745 4404 τρόπον

489 4416 690 4465 virtute
717 4411 980 4466 Altissimi
1016 4415 1132 4466 sine
1159 4413 1369 4466 semine
1405 4412 1726 4466 formandus
1757 4427 1893 4482 puer
1917 4419 2062 4466 esset.

2168 4425 2286 4486 πῶς
2320 4426 2506 4479 ἐκεῖνα
2524 4425 2747 4494 γέγονεν
2773 4425 2873 4476 οὐκ
2901 4419 3073 4478 εἶπενο
3107 4423 3250 4478 οὕτω
3285 4427 3381 4480 καὶ
3410 4429 3436 4480 ό
3475 4427 3743 4499 Γαϐριὴλ,

486 4506 744 4572 equidem
780 4505 937 4568 dixit,
975 4505 1068 4559 Sed
1120 4505 1400 4573 quomodo
1436 4519 1544 4558 non
1593 4503 1748 4557 dixit.
1808 4501 1867 4557 Si
1918 4505 2063 4559 enim

2168 4517 2375 4587 ὅτιμὲν
2405 4518 2464 4568 τὸ
2509 4516 2736 4584 Πνεῦμα
2791 4515 2851 4568 τὸ
2910 4515 3068 4582 ἅγιον
3117 4518 3212 4571 καὶ
3255 4519 3288 4588 ἡ
3342 4517 3436 4571 τοῦ
3483 4518 3746 4588 Ὑψίστου

489 4597 725 4650 ulterius
762 4597 828 4651 de
888 4596 1167 4649 Elisabeth
1219 4609 1654 4649 commemorans
1703 4597 1960 4666 quoniam
2013 4598 2063 4652 in

2168 4611 2397 4678 δύναμις
2426 4608 2520 4662 τὸν
2572 4608 2813 4680 ἄσπορον
2850 4611 3176 4681 ἐργάσονται
3209 4611 3389 4671 τόκον,
3417 4607 3536 4664 sine
3556 4628 3570 4643 ·
3593 4614 3654 4663 τὸ
3682 4613 3744 4665 δὲ

490 4707 646 4744 δι’-1110
671 4702 725 4744 et
756 4699 1046 4744 διοτιιιιςιιε
1077 4689 1414 4758 conceperit,
1441 4689 1579 4744 nihil
1609 4690 1845 4759 amplius
1877 4690 2071 4745 habuit

487 4783 781 4836 dicendum
810 4782 911 4836 nisi
945 4783 1089 4850 quod
1115 4797 1221 4833 non
1248 4790 1332 4834 est
1363 4781 1702 4851 impossibile
1731 4785 1870 4852 apud
1898 4784 2065 4838 Deum

489 4891 654 4927 onme
691 4875 938 4938 verbum,
990 4887 1098 4941 qua
1153 4873 1365 4926 ratione
1417 4873 1685 4942 potuisset
1755 4873 2059 4943 patefacere

493 4967 710 5019 modum
767 4980 876 5034 quo
905 4964 1056 5031 virgo
1103 4972 1434 5031 conceptura
1480 4975 1624 5018 esset
1671 4973 1726 5020 et
1779 4966 2061 5033 paritura?

490 5058 741 5124 Amplius
790 5058 1009 5125 quidem
1063 5055 1292 5109 habetur
1339 5057 1649 5125 archangeli
1684 5057 1751 5111 ad
1789 5055 2058 5128 Virginem

490 5163 698 5210 serum,
753 5151 843 5202 sed
896 5148 1102 5216 majore
1163 5149 1342 5202 adhuc
1394 5149 1652 5219 mysterio
1689 5165 1941 5204 arcanus.
1973 5151 2061 5205 Ait

491 5241 641 5293 cnim
676 5257 689 5292 :
732 5257 751 5289 ι
788 5238 1028 5308 Spiritus
1061 5250 1289 5294 sanctus
1324 5240 1672 5309 superveniet
1705 5241 1756 5295 in
1792 5251 1936 5306 te,ct
1961 5244 2070 5296 vir-

494 5343 582 5385 tus
619 5331 888 5384 Altissiini
919 5331 1272 5386 obumbrabit
1305 5333 1420 5388 tibi.
1459 5351 1478 5385 ι
1517 5335 1736 5400 Quare?
1759 5332 1896 5399 Quia
1923 5336 2070 5404 quod

495 5431 756 5473 nascetur
795 5436 895 5474 nec
932 5421 1198 5489 propheta
1235 5439 1332 5477 nec
1361 5438 1546 5477 merus
1587 5426 1753 5478 homo
1786 5436 1839 5478 ut
1872 5426 2068 5488 Adam,

493 5509 586 5562 sed
625 5508 908 5562 vocabitur
942 5509 1113 5566 Filius
1147 5511 1259 5577 Dei,
1304 5524 1357 5568 et
1398 5513 1652 5570 Saluator
1687 5524 1741 5570 ct
1787 5513 2073 5570 Liberatnr

569 5687 616 5719 ⁸⁸
644 5689 773 5746 Luc.
803 5707 842 5758 ι,
868 5693 958 5749 55.

2166 4701 2285 4764 πῶς
2321 4702 2421 4754 οὐκ
2453 4695 2629 4754 εἶπεν.
2655 4701 2718 4754 Εἰ
2751 4701 2858 4772 γὰρ
2894 4703 3150 4775 περὶτῆς
3195 4703 3478 4772 Ἐλισὰϐετ
3533 4706 3745 4772 προῖὼν

2171 4795 2457 4863 μνησθεὶς,
2495 4795 2577 4846 ὅτι
2633 4794 2925 4847 συνέλαϐεν
2957 4797 3015 4848 ὲν
3042 4796 3190 4866 γήρα
3219 4796 3313 4849 καὶ
3342 4797 3534 4865 στείρα
3577 4793 3740 4858 οὖσα,

2170 4885 2330 4938 πλέον
2361 4884 2523 4955 ἔσχεν
2550 4886 2727 4938 εἰπεῖν
2758 4886 2932 4952 οὐδὲν,
2969 4887 3109 4956 πλὴν
3136 4888 3220 4940 ὅτι
3259 4888 3361 4940 οὐκ
3411 4888 3742 4956 ἀδυνατήσει

2170 4971 2247 5042 τῷ
2272 4971 2392 5044 Θεῷ
2418 4975 2526 5026 πᾶν
2558 4973 2733 5044 ῥῆμα,
2758 4973 2871 5036 πῶς
2895 4973 2960 5028 ἂν
2986 4975 3079 5027 ἐπὶ
3101 4976 3200 5046 τῆς
3227 4978 3286 5027 ὲν
3310 4975 3578 5047 παρθενίᾳ
3615 4977 3742 5028 συλ-

2172 5063 2444 5136 λαϐούσης
2505 5066 2598 5118 καὶ
2637 5066 2906 5138 τεκούσης
2946 5066 3105 5137 ἔσχεν
3137 5069 3314 5120 εἰπεῖν
3359 5068 3450 5121 τὸν
3499 5068 3739 5136 τρόπον,

2176 5157 2330 5225 Ἔχει
2371 5156 2425 5208 δὲ
2453 5157 2602 5226 ὅμως
2633 5157 2728 5211 καὶ
2760 5159 2920 5211 πλέον
2952 5160 3013 5212 τὸ
3043 5161 3179 5229 πρὸς
3207 5159 3306 5230 τὴν
3333 5159 3607 5229 Παρθένον
3642 5161 3742 5212 τοῦ

2167 5247 2517 5316 ἀρχαγγέλου
2565 5247 2883 5316 λεγόμενον,
2938 5249 3056 5302 ἀλλ’
3085 5249 3164 5312 είς
3217 5252 3520 5319 μυστηρίου
3559 5249 3743 5318 μείζο-
3805 5285 3816 5292 .

2169 5355 2258 5400 νος
2296 5338 2484 5405 λόγον’
2523 5356 2540 5390 ι
2578 5338 2962 5392 Ἐπελεύσεται
2992 5341 3122 5410 γὰρ,
3156 5345 3310 5410 φησὶ,
3333 5339 3558 5409 Πνεῦμα
3583 5339 3743 5407 ἅγιον

2172 5431 2266 5484 ἐπὶ
2301 5430 2382 5494 σὲ,
2449 5431 2545 5483 καὶ
2598 5429 2829 5501 δύναμις
2886 5431 3146 5502 Ὑψίστου
3205 5431 3519 5486 ἐπισκιάσει
3581 5447 3738 5485 σοι.»

2169 5519 2359 5587 Διατί;
2389 5519 2472 5573 δτι
2508 5520 2603 5574 καὶ
2641 5520 2708 5576 τὸ
2762 5519 3102 5594 γεννώμενον
3144 5521 3205 5576 οὐ
3267 5521 3578 5593 προφήτης,
3626 5516 3739 5575 οὐδ’
