4046 6480
276 467 371 532 169

1630 458 1953 521 ΠΟΜῘῌᾹ
1998 454 2152 527 XiY.

3413 463 3511 521 Ῑῗϋ

269 580 447 644 ἁπλῶς
507 578 793 650 ἄνθρωπος
851 576 927 641 ὡς
978 578 1007 632 6
1046 577 1241 649 Ἀδὰμ,
1278 578 1392 632 ἀλλ’
1420 578 1533 641 υίὸς
1568 576 1828 648 Ὑψίστου

1947 576 2147 643 generis
2192 574 2441 638 humani,
2494 588 2547 628 et
2592 571 2705 629 Rex
2742 573 2795 630 in
2826 585 3117 630 aetettmm.
3151 572 3284 630 Nam
3312 577 3449 631 sient
3487 598 3513 627 a

269 673 618 743 κληθήσεται,
670 672 765 726 καὶ
842 669 1025 741 σωτὴρ
1090 673 1189 725 καὶ
1254 672 1459 744 ρύστης
1528 669 1834 741 ἀνθρώπων

270 767 472 832 γένους,
517 764 611 817 καὶ
660 763 912 832 βασιλεὺς
967 764 1206 826 αἰώνιος.
1271 764 1542 831 Καθάπερ
1576 762 1687 833 γὰρ
1710 763 1835 824 τοὺς

267 858 371 912 ἀπὸ
430 859 674 928 κορυφῆς
726 853 881 925 θροῦς
935 856 1268 918 ἐκπεσόντας
1338 854 1542 920 λίθους,
1594 855 1686 907 καὶ
1741 852 1839 923 μέο

270 949 489 1020 κριτῶν
526 948 768 1018 ἐσχάτων
791 946 891 1017 τῆς
932 948 1217 1020 ὑπωρείας
1248 946 1627 1015 κινουμένους,
1651 933 1845 998 πολλοι

266 1042 596 1111 διαδέχονται
633 1042 894 1110 κρημνοὶ,
927 1038 1104 1102 οὓτως
1156 1038 1305 1108 ἡμᾶς
1353 1037 1462 1091 ἀπὸ
1493 1036 1596 1107 τῆς
1652 1038 1711 1089 ὲν
1758 1034 1838 1105 τῷ

268 1128 582 1199 παραδείσῳ
624 1127 779 1191 θείας
825 1127 1071 1198 έντολῆς,
1105 1125 1202 1180 καὶ
1247 1125 1346 1195 τῆς
1382 1125 1506 1178 κατ’
1535 1122 1703 1177 αὐτὸν
1729 1140 1838 1193 μα-

272 1221 467 1291 καρίας
500 1219 713 1289 διαίτης
742 1219 1106 1283 ῑκπεσόντας,
1139 1216 1236 1270 καὶ
1278 1215 1473 1287 μέχρις
1499 1214 1629 1287 ᾅδου
1659 1231 1837 1269 κατα-

270 1310 624 1382 φερομένους,
653 1307 826 1361 «una
876 1306 1186 1373 διεδέξαντο
1211 1305 1385 1360 δεινά.
1413 1306 1490 1358 Οὐ
1518 1304 1629 1375 γὰρ
1665 1304 1834 1358 ἀκάν-

269 1405 364 1467 θας
399 1401 496 1457 καὶ
524 1401 810 1472 τριύόλους
855 1400 1018 1469 μόνον
1064 1398 1331 1468 αἰσθητὰς
1380 1397 1722 1467 ἀνέτειλενή
1761 1397 1834 1466 γῆ

268 1493 407 1545 κατὰ
431 1490 529 1562 τὴν
562 1492 640 1553 εἰς
672 1489 763 1542 τδν
786 1489 1115 1559 προπάτορα
1167 1486 1438 1558 κατάραν,
1468 1485 1605 1539 ἀλλά
1655 1483 1837 1552 πολλῷ

273 1584 472 1655 μᾶλλον
527 1586 648 1646 ταῖς
737 1581 1037 1635 πολυειδέσι
1126 1581 1236 1634 τῶν
1310 1579 1570 1650 πονηρῶν
1643 1577 1838 1631 παθῶν

268 1675 531 1737 ἀκάνθαις
601 1673 689 1727 καὶ
737 1674 852 1736 ταῖς
920 1672 1121 1735 δειναῖς
1168 1671 1438 1741 τριϐόλοις
1498 1671 1597 1740 τῆς
1654 1670 1875 1738 ἁμαρ-⁸

268 1768 388 1831 τίας
420 1767 825 1837 ὲνεσπάρημεν.
867 1765 1004 1819 Οὐδὲ
1036 1764 1134 1835 τήν
1180 1764 1361 1834 λύπην
1396 1762 1565 1833 μόνην
1612 1760 1831 1831 ἐκείνην

268 1859 394 1930 ἔσχε
417 1859 478 1912 τὸ
498 1860 770 1929 ἡμέτερον
800 1858 980 1927 γένος,
1006 1857 1076 1927 ἠν
1094 1857 1128 1927 ἡ
1156 1856 1464 1928 προμήτωρ
1487 1853 1838 1925 ἐκληρώσατο

1938 665 2181 720 culmine
2212 665 2416 720 montis
2466 665 2783 721 decidentes
2816 667 3021 736 lapides
3056 684 3161 721 non
3202 685 3343 721 unus
3374 672 3512 723 reci-

1937 757 2015 826 pit
2066 756 2298 828 abyssus
2351 757 2420 812 ad
2470 757 2639 811 imum
2668 758 2825 813 collis
2869 769 3111 826 ruentes,
3146 760 3216 814 ita
3249 770 3300 814 et
3339 778 3437 815 nos
3486 779 3513 815 a

1940 858 2211 919 praecepto
2238 848 2386 919 quod
2437 847 2576 904 Dens
2610 849 2663 904 in
2694 850 2954 919 paradiso
2984 850 3253 922 imposuit
3297 861 3351 907 et
3380 868 3409 906 a
3441 852 3514 906 fc-

1941 941 2028 993 Iiei
2076 940 2417 1006 paradisiaca
2470 940 2895 995 conversatione
2926 957 3099 1012 usque
3143 948 3209 998 ad
3242 944 3515 999 infernum

1938 1031 2190 1100 delapsos
2222 1031 2393 1086 multa
2428 1043 2796 1102 susceperunt
2832 1034 3175 1089 discrimina.
3209 1034 3325 1090 Non
3370 1038 3515 1091 enim

1940 1122 2128 1190 spinas
2156 1130 2367 1178 tantum
2406 1132 2459 1177 et
2496 1137 2687 1193 vepres
2720 1124 2950 1180 sensiles
2988 1133 3133 1181 terra
3179 1126 3405 1193 protulit
3435 1144 3516 1185 se-

1941 1212 2181 1265 cundum
2233 1210 2585 1266 maledictum
2624 1216 2679 1267 in
2723 1214 2960 1283 primutn
3001 1224 3281 1284 parentem
3306 1219 3517 1284 datum,

1940 1299 2036 1354 sc-d
2068 1301 2242 1355 multo
2278 1302 2453 1370 magis
2493 1303 2857 1359 multiformes
2884 1320 3175 1373 pravarum
3204 1310 3518 1377 passionum

1941 1393 2131 1460 spinas
2161 1401 2214 1446 et
2262 1408 2489 1463 asperas
2540 1397 2747 1464 peccati
2792 1413 2985 1467 vepres
3029 1401 3239 1469 experti
3291 1417 3520 1468 sumus;

1943 1498 2041 1537 nec
2092 1483 2241 1538 illam
2299 1486 2476 1539 solum
2536 1502 2753 1557 poenam
2813 1488 2965 1543 dedit
3023 1504 3199 1557 genus
3272 1504 3518 1549 no~trum

1940 1592 2105 1645 quam
2144 1577 2314 1645 prima
2351 1588 2529 1634 mater
2558 1595 2622 1633 ex
2662 1581 3059 1650 imprecatione
3081 1585 3134 1638 in
3167 1600 3284 1639 eam
3310 1588 3519 1656 prolata

1940 1671 2258 1737 sortitaest,
2288 1670 2353 1725 ad
2388 1671 2709 1740 pariendum
2743 1674 2796 1727 in
2830 1674 3113 1731 doloribus
3135 1678 3519 1741 condemnata.

1940 1761 2035 1814 sed
2071 1760 2178 1815 vita
2219 1773 2404 1816 nostra
2431 1760 2546 1817 fere
2571 1770 2682 1817 tota
2717 1762 2859 1820 facta
2880 1775 2963 1820 est
2984 1782 3227 1841 aerumna
3258 1779 3313 1824 et
3341 1770 3520 1829 dolor.

1944 1849 2049 1906 Sed
2088 1862 2381 1924 postquam
2431 1854 2499 1909 ad
2552 1869 2653 1909 nos
2694 1854 2963 1925 benignus
3003 1869 3216 1914 creator
3248 1854 3436 1915 noster
3467 1864 3519 1916 in

270 1952 354 2004 διὰ
380 1952 478 2020 τῆς
509 1949 647 2019 πρὸς
670 1949 843 2019 αὐτὴν
868 1949 1139 2020 κατάρας,
1169 1949 1228 2001 ἑν
1271 1947 1471 2011 λύπαις
1491 1947 1699 1999 τίκτειν
1733 1962 1837 1999 κα-

1947 1944 2249 2000 visceribus
2294 1946 2688 2001 misericordiae
2737 1963 2852 2004 suae
2902 1950 3179 2007 inclinatis
3233 1953 3390 2010 ctelis
3429 1955 3526 2011 de-

269 2041 744 2113 ταψηφισαμένης,
788 2040 926 2094 ἀλλά
973 2040 1070 2092 καὶ
1109 2040 1220 2101 πᾶς
1268 2039 1297 2091 6
1349 2036 1464 2108 βίος
1490 2035 1653 2107 ήμῶν
1674 2034 1837 2100 όδύνη

272 2133 369 2185 καὶ
398 2132 540 2202 λύπη
578 2132 769 2199 γέγονε
801 2130 1011 2201 σχεδόν.
1048 2129 1261 2184 Ἐπεῖδε
1318 2129 1505 2199 μέντοι
1534 2123 1840 2197 φιλανθρώ-

273 2242 389 2286 πως
413 2224 497 2292 ἐφ’
529 2223 676 2293 ἡμᾶς
708 2225 737 2275 6
766 2222 977 2284 πλάσας
1010 2221 1159 2291 ἡμᾶς
1192 2220 1327 2283 Θεὸς
1400 2219 1489 2273 διά
1547 2218 1835 2289 σπλάγχνα

271 2314 455 2378 ἐλέους
500 2312 688 2380 αὑτοῦ,
729 2314 827 2367 καὶ
873 2311 1061 2375 κλίνας
1117 2311 1383 2381 οὐρανοὺς
1429 2308 1691 2380 κατῆλθε,
1740 2310 1836 2362 καὶ

272 2406 709 2479 προσῦ.α6όμενος
747 2405 810 2458 ἑκ
849 2404 1128 2474 Παρθένου
1157 2405 1319 2471 ἁγίας
1351 2403 1451 2471 τὴν
1478 2402 1637 2474 ήμῶν
1662 2401 1830 2470 φύσιν

271 2499 581 2553 ἀνεκαίνισε
634 2498 731 2552 καὶ
760 2497 1103 2569 ἐπανήγαγε,
1136 2495 1338 2565 μᾶλλον
1364 2494 1422 2548 δὲ
1452 2495 1732 2565 ἀνήγαγεν
1758 2492 1840 2555 είς

271 2589 417 2643 θεῖον
437 2590 531 2644 καὶ
557 2590 810 2660 οὐράνιον
837 2588 994 2660 ὕψος.
1021 2589 1094 2642 Το
1105 2588 1200 2641 ύτο
1244 2587 1307 2658 δὴ
1351 2585 1634 2658 βουληθεὶς
1672 2600 1844 2638 κατα-

274 2684 498 2752 πρᾶξαι,
537 2681 739 2752 μᾶλλον
761 2682 817 2734 δὲ
848 2680 947 2750 τὴν
975 2678 1306 2751 προαιώνιον
1336 2676 1503 2733 αὐτοῦ
1534 2676 1731 2748 βουλὴν
1759 2676 1841 2738 είς

271 2774 424 2838 τέλος
461 2775 689 2843 ἀγαγεῖν
734 2774 996 2845 σήμερον,
1064 2772 1277 2843 πέμπει
1339 2771 1432 2826 τὸν
1488 2767 1841 2842 ἀρχάγγελον

1942 2035 2179 2100 scendit,
2220 2045 2445 2105 accepta
2488 2037 2542 2091 in
2594 2049 2754 2094 utero
2796 2052 3003 2098 sanctae
3042 2041 3283 2115 Virginis
3327 2059 3521 2103 natura

1944 2135 2133 2181 nostra
2166 2169 2181 2194 ,
2224 2127 2365 2183 hanc
2394 2134 2677 2184 renovavit
2715 2140 2769 2185 et
2801 2132 3038 2199 reduxit,
3074 2151 3169 2189 seu
3216 2145 3396 2207 potius
3425 2141 3524 2196 ad-

1942 2220 2097 2275 duxit
2128 2221 2192 2274 ad
2225 2221 2468 2277 divinam
2500 2231 2555 2276 et
2593 2224 2873 2279 cwlcstem
2920 2229 3318 2286 excelsitatem.
3363 2232 3521 2300 Quod

1942 2325 2067 2365 cum
2110 2311 2372 2382 perlicere
2400 2314 2579 2380 vellet,
2613 2315 2696 2368 vel
2733 2316 2918 2385 potius
2959 2332 2990 2372 a
3022 2320 3224 2375 saeculo
3242 2324 3525 2389 prmdesti-

1944 2413 2130 2457 natum
2171 2403 2332 2458 hodie
2371 2403 2438 2458 ad
2472 2404 2636 2459 ﬁnem
2688 2406 3026 2476 perducere,
3086 2413 3251 2467 mittit
3303 2411 3523 2471 Gabriel

1943 2493 2357 2563 archangelum,
2399 2499 2546 2550 sicut
2577 2497 2654 2551 ait
2696 2496 2871 2553 Lucas
2904 2500 3259 2569 evangelista,
3308 2506 3375 2560 ad
3409 2504 3524 2560 Na-

1947 2583 2130 2638 zaretlt
2182 2583 2249 2638 ad
2295 2585 2562 2654 virginem
2620 2588 3009 2657 desponsatam
3048 2593 3167 2648 viro
3197 2595 3287 2649 cui
3325 2612 3521 2653 tt0tnett

1945 2685 2064 2730 erat
2100 2674 2302 2744 Joseph
2347 2674 2416 2730 de
2458 2676 2623 2737 domo
2656 2686 2711 2735 et
2744 2680 2821 2736 de.
2851 2679 3058 2739 familia
3107 2683 3296 2755 David,
3327 2697 3382 2744 et
3423 2705 3523 2746 no-

1953 2779 2084 2820 men
2112 2762 2573 2835 Virginis‘Maria.

272 2865 636 2935 Γαὸριὴλ,ὡς
704 2866 733 2919 6
787 2864 1186 2936 εὐαγγελιστής
1235 2880 1372 2935 φησι
1421 2864 1672 2927 Λουκᾶςο
1739 2860 1882 2923 «Et;
1958 2858 2215 2929 Ναζαρὲτ
2264 2859 2404 2930 πρὸς
2462 2860 2746 2931 Παρθένον
2805 2870 3303 2944 μεμνηστευμένην
3343 2874 3522 2950 ἀνδρὶ,

271 2956 319 3029 ᾧ
348 2960 520 3031 ὄνομα
554 2961 774 3030 Ἰωσὴφ,
822 2960 880 3027 ἐξ
914 2960 1066 3013 οἴκου
1122 2960 1219 3013 καὶ
1247 2958 1488 3029 πατριᾶς
1514 2956 1703 3021 Δαδὶδ,
1734 2954 1833 3009 καὶ
1867 2952 2040 3023 ὄνομα
2062 2952 2166 3021 τῆς
2192 2951 2473 3025 Παρθένου
2500 2954 2754 3026 Μαριάμ.
2795 2976 2815 3010 ν

347 3057 489 3129 Πρὸς
547 3056 822 3125 Παρθένον
856 3056 958 3127 μὲν
979 3051 1075 3110 οὖν
1100 3055 1194 3109 τὸν
1249 3052 1599 3126 ἀρχάγγελον
1637 3053 1667 3107 6
1712 3050 1845 3115 Θεὸς

270 3149 503 3218 πέμπει,
550 3149 642 3202 καὶ
684 3144 889 3215 ταύτην
943 3147 1214 3217 μένουσαν
1279 3145 1573 3216 παρθένον,
1631 3144 1844 3198 οἰκείαν

280 3240 519 3292 ποιεῖται
580 3237 795 3308 μητέρα
840 3237 929 3290 διὰ
987 3237 1150 3307 μόνου
1174 3236 1568 3306 προσρήματος
1588 3249 1603 3264 ⁶
1627 3232 1845 3302 ἐπειδή-

269 3347 403 3401 περ,
436 3332 594 3400 εἰπερ
651 3334 716 3383 ὲκ
771 3330 1091 3399 σπέρματος
1131 3327 1469 3398 συνελήφθη,
1514 3327 1617 3379 οὐκ
1674 3325 1740 3378 ἂν
1770 3318 1839 3394 ἦν

272 3422 463 3484 καινὸς
526 3420 838 3489 ἄνθρωπος,
870 3419 979 3473 οὐδ’
1025 3421 1413 3490 ἀναμάρτητος
1464 3414 1534 3487 ἦν
1588 3416 1683 3469 καλ⁵
1728 3414 1840 3468 τῶν

275 3476 837 3584 ἁμαρτόντων-σωτήρ
857 3528 872 3545 ο
904 3514 938 3584 ή
967 3512 1075 3582 γὰρ
1109 3476 1436 3581 τῆςισαρκδς
1460 3476 1596 3579 πρὸς
1624 3507 1839 3576 γένεσιν
1869 3476 1909 3528 C

278 3606 511 3676 κίνησις,
558 3605 955 3667 ἀνυποτάκτως
1008 3604 1207 3674 ἔχουσα
1275 3602 1414 3674 πρὸς
1476 3604 1568 3655 τὸν
1630 3602 1838 3671 ἠγεμο-

280 3696 457 3748 νεύειν
493 3695 601 3749 τῶν
646 3697 706 3748 ὲν
758 3696 891 3764 ήμίν
924 3695 1078 3765 παρὰ
1129 3692 1266 3747 Θεοῦ
1319 3691 1659 3761 τεταγμένον
1690 3687 1837 3751 νοῦν,

270 3790 379 3841 οὐκ
439 3788 595 3851 ἐκτὸς
639 3788 990 3842 παντάπασιν
1045 3785 1321 3857 ἁμαρτίας
1376 3782 1631 3837 ἐστίοδιδ
1684 3783 1778 3836 καὶ
1813 3783 1841 3836 6

272 3879 443 3931 Δαόὶδ
480 3878 691 3947 ἔλεγεν
724 3897 744 3930 ι
785 3878 877 3932 Ἐν
919 3878 1173 3947 ἀνομίαις
1228 3874 1602 3947 συνελήφθην,
1643 3875 1741 3927 καὶ
1784 3874 1842 3926 ὲν

270 3970 573 4040 ἁμαρτίαις
612 3969 873 4040 ὲκίσσησέ
900 3986 973 4040 με
1002 3971 1036 4040 ή
1064 3969 1251 4040 μήτηρ
1280 3983 1409 4038 μου.
1438 3984 1457 4019 ι
1499 3966 1562 4019 Et
1600 3964 1735 4034 γοῦν
1778 3966 1844 4018 ἐκ

211 4098 216 4104 -
272 4065 594 4132 σπέρματος
644 4057 714 4133 ἦν
743 4063 777 4129 ἡ
833 4061 926 4115 τοῦ
977 4061 1113 4115 Θεοῦ
1180 4058 1495 4130 σύλληψις,
1529 4058 1631 4113 οὐκ
1680 4057 1747 4111 ἂν
1774 4052 1844 4129 ἦν

273 4154 466 4215 καινὸς
508 4151 818 4223 ἄνθρωπος,
871 4150 994 4204 οὐδὲ
1050 4151 1150 4219 τῆς
1188 4151 1384 4220 καινῆς
1428 4147 1529 4202 καὶ
1573 4146 1844 4217 μηδαμῶς

274 4244 685 4313 παλαιουμένης
715 4240 861 4311 ζωῆς
874 4240 1115 4313 ἀρχηγός
1138 4257 1152 4272 ο
1173 4240 1269 4293 τοῦ
1306 4240 1414 4312 γὰρ
1442 4236 1675 4293 παλαιοῦ
1709 4240 1845 4309 κόμ-

277 4354 450 4409 ματος
504 4335 602 4400 ὢν.
630 4337 725 4387 καὶ
754 4334 1088 4403 κληρονόμος
1125 4332 1334 4386 ἐκείνου
1364 4330 1458 4384 τοῦ
1485 4332 1844 4399 πταίσματος,

272 4432 382 4483 οὐκ
410 4429 475 4481 ἂν
530 4426 772 4497 ⁴ήδυνήθη
798 4425 858 4479 τὸ
884 4426 1154 4496 πλήρωμα
1211 4426 1269 4477 ὲν
1316 4422 1496 4493 ἑαυτῷ
1530 4423 1719 4494 φέρειν
1746 4422 1844 4492 τῆς

270 4521 558 4589 ἀκηράτου
578 4520 851 4590 θεότητος,
875 4517 970 4571 καὶ
985 4516 1168 4588 πηγήν
1185 4516 1413 4586 ποιῆσαι
1434 4514 1531 4589 τὴν
1553 4514 1731 4587 σάρκα
1751 4513 1845 4568 τοῦ

274 4614 393 4688 74
433 4613 708 4685 ἀγιασμοῢ
737 4612 1161 4682 ἀνεξάντλητοψ
1194 4611 1267 4673 ὡς
1313 4610 1409 4663 καὶ
1436 4610 1545 4664 τῶν
1570 4609 1847 4680 προπατό-

275 4726 395 4779 ρων
449 4706 674 4759 ἐκείνων
729 4705 821 4758 τὸν
867 4702 1143 4774 μολυσμὸν
1188 4700 1498 4755 ἀποπλῦναι
1559 4700 1847 4770 περιουσίᾳ

2010 3046 2187 3106 Mittit
2212 3062 2343 3120 ergo
2369 3048 2514 3105 Deus
2540 3054 2925 3125 archangelum
2945 3055 3012 3111 ad
3037 3055 3309 3132 Virginem
3335 3079 3523 3134 quam,

1947 3150 2161 3195 servata
2224 3141 2580 3209 virginitate,
2634 3155 2819 3211 {suam
2877 3146 3042 3203 ellicit
3123 3165 3351 3209 matrem
3427 3174 3529 3229 per

1945 3233 2118 3288 solam
2155 3232 2572 3300 allocutionem,
2621 3242 2880 3306 quoniam
2926 3239 2970 3294 si
3026 3257 3090 3296 ex
3145 3247 3353 3303 semine
3393 3264 3527 3305 con-

1944 3334 2137 3395 ceptus
2185 3324 2402 3388 fuisset.
2447 3341 2558 3381 non
2623 3328 2788 3384 homo
2841 3346 3016 3390 novus
3051 3347 3198 3392 esset
3256 3355 3357 3395 nec
3402 3358 3529 3413 pec—

1944 3429 2068 3474 cato
2121 3419 2407 3486 immunis,
2465 3436 2639 3491 neque
2691 3435 3041 3493 peccatorum
3080 3432 3359 3501 salvator;
3406 3452 3529 3491 mo-

1947 3518 2035 3564 tus
2105 3510 2250 3564 enim
2328 3511 2512 3566 carnis
2581 3514 2648 3567 ad
2726 3519 3175 3588 generationem,
3222 3523 3529 3584 inordinate

1948 3602 2179 3657 tendens
2222 3605 2288 3656 ad
2327 3612 2566 3659 mentem
2605 3620 2636 3660 a
2676 3605 2787 3663 Deo
2828 3609 3158 3680 dispositam
3207 3616 3284 3674 ita
3321 3624 3528 3679 nostris

1949 3696 2139 3764 praesit
2183 3695 2560 3761 facultatibus,
2603 3714 2711 3753 non
2744 3703 2978 3759 estsine
3019 3720 3351 3780 quocunque
3397 3731 3526 3783 pec-

1951 3793 2096 3840 cato.
2136 3784 2264 3840 ideo
2297 3785 2516 3841 dicebat
2547 3787 2715 3843 David
2748 3808 2764 3843 :
2803 3810 2823 3844 t
2859 3792 2917 3847 ln
2965 3794 3349 3866 iniquitatibus
3394 3822 3529 3863 con-

1950 3886 2142 3947 ecptus
2199 3891 2346 3944 sum,
2410 3888 2463 3933 et
2520 3879 2575 3934 in
2620 3883 2862 3951 peccatis
2915 3892 3165 3958 concepit
3209 3910 3295 3948 me
3356 3910 3529 3955 mater

1952 3984 2069 4022 mea
2097 3968 2167 4022 "'.
2212 3987 2231 4022 ι
2274 3969 2444 4040 Igitur
2483 3971 2528 4025 si
2565 3987 2631 4027 ex
2666 3974 2878 4031 semine
2912 3975 3055 4033 facta
3086 3980 3280 4040 fuisset
3307 3984 3526 4046 Domini

1952 4062 2263 4129 conceptio,
2302 4075 2408 4114 non
2448 4070 2597 4118 esset
2629 4062 2794 4119 homo
2826 4081 3003 4124 novus
3030 4086 3131 4129 nec
3168 4089 3324 4130 nova:
3346 4081 3525 4135 nullo-

1954 4162 2062 4221 que
2084 4152 2244 4206 modo
2264 4162 2587 4209 veteratum
2604 4156 2729 4211 vitae
2751 4159 2857 4212 dux
2881 4168 2935 4214 et
2955 4163 3366 4234 antesignanus.
3392 4168 3524 4226 Nam

1957 4242 2157 4298 veteris
2199 4242 2508 4299 collisionis
2540 4247 2818 4316 particeps
2849 4258 2903 4303 et
2940 4250 3087 4307 illius
3111 4255 3285 4311 haeres
3316 4267 3527 4329 peccati

1955 4350 2064 4389 non
2103 4335 2371 4404 potuisset
2417 4336 2472 4391 in
2524 4352 2583 4393 se
2630 4337 2998 4396 immaculata:
3041 4344 3346 4405 divinitatis
3389 4352 3532 4409 ferre

1957 4428 2350 4498 plenitudinem
2391 4439 2446 4484 et
2490 4445 2711 4486 carnem
2748 4430 2930 4489 facere
2970 4435 3172 4493 fontem
3224 4445 3533 4503 sanctifica-

1959 4520 2125 4575 tionis
2187 4519 2618 4587 inexhaustum,
2672 4538 2891 4581 necnon
2949 4527 3167 4586 illorum
3230 4536 3529 4603 primorum

1958 4618 2248 4680 parentum
2304 4612 2576 4666 maculam
2637 4617 2957 4684 prastantia
3017 4621 3240 4678 virtutis
3283 4627 3530 4698 abluere,

1957 4711 2012 4755 et
2049 4701 2306 4763 omnibus
2341 4717 2529 4757 eorum
2584 4707 2818 4774 posteris
2867 4709 2934 4763 ad
2988 4713 3333 4772 sanctitatem
3384 4722 3535 4777 sutil-

275 4798 561 4866 δυνάμεως
591 4835 609 4860 ,
646 4796 745 4849 καὶ
800 4798 911 4858 τοῖς
958 4794 1089 4863 ἑξῆς
1141 4794 1331 4865 ἀρκεῖν
1374 4792 1512 4862 πρὸς
1576 4792 1843 4861 ἀγιασμὸν

1957 4806 2104 4847 cere.
2146 4792 2266 4863 Ipse
2316 4809 2448 4849 vero
2498 4794 2764 4851 Dominus
2817 4800 2968 4854 venit
3019 4814 3318 4875 conceptus
3357 4820 3410 4866 et
3453 4815 3535 4868 iu-

277 4890 478 4945 ἅπασι.
516 4889 613 4940 Διά
642 4887 803 4941 τοῦτο
830 4887 929 4940 οὐκ
959 4885 1189 4955 ἄγγελος
1212 4925 1227 4949 ,
1261 4886 1361 4938 οὐκ
1391 4883 1699 4953 ἄνθρωπος,
1731 4882 1848 4935 ἀλλ’

278 4982 449 5044 αὐτὸς
484 4983 513 5035 6
542 4980 745 5051 Κύριος
791 4974 922 5050 ἦλθε
953 4979 1046 5031 καὶ¹
1077 4978 1282 5032 ἔσωσεν
1310 4978 1480 5048 ἡμᾶς,
1522 4975 1793 5045 συλληφθε
1821 4992 1850 5038 ς

277 5074 375 5125 καὶ
406 5070 708 5142 σαρκωθεὶς
733 5072 790 5126 ὲν
821 5071 1006 5143 μήτρᾳ
1028 5069 1328 5139 Παρθένου,
1354 5071 1447 5123 καὶ
1477 5067 1665 5138 μείνας
1685 5068 1848 5120 ἀναλι

274 5163 517 5227 λοιώτως
550 5164 700 5225 Θεός.

354 5254 502 5307 Ἔδει
532 5254 590 5306 δὲ
616 5255 711 5307 καὶ
743 5254 995 5325 μάρτυρα
1023 5251 1123 5324 τὴν
1164 5252 1441 5322 Παρθένον
1480 5252 1628 5323 ἔχειν
1659 5251 1756 5322 τῆς
1785 5251 1848 5305 ἀ·

281 5347 489 5413 σπόρου
544 5345 878 5417 συλλήψεως,
922 5347 1018 5399 καὶ
1052 5344 1404 5415 συλλήπτορα
1447 5345 1584 5413 πρὸς
1625 5343 1695 5396 τὰ
1733 5340 1853 5395 κατ’

280 5437 596 5505 οἰκονομίαν
648 5436 1104 5506 τελεσθησόμενα.
1144 5435 1278 5490 Τίνα
1328 5435 1537 5501 ταῦτα;
1597 5435 1708 5504 Τὴν
1762 5435 1855 5487 ἐπὶ

285 5535 536 5605 Βηθλεὲμ
562 5534 764 5599 ἄνοδον,
791 5532 918 5585 ἔνθα
957 5536 1051 5586 καὶ
1078 5535 1106 5587 6
1137 5534 1285 5599 παρὰ
1309 5534 1415 5587 τῶν
1448 5531 1719 5600 οὐρανίων
1755 5533 1854 5602 ἀγ·-

286 5629 461 5690 γέλων
505 5624 1004 5694 καταγγελλόμενός
1044 5642 1102 5677 τε
1138 5629 1230 5679 καὶ
1261 5624 1618 5693 δοξαζόμενος
1650 5625 1849 5690 τόκο,ξ·

285 5721 384 5793 τὴν
422 5722 503 5781 είς
534 5719 595 5771 τὸ
645 5718 787 5787 ἱερὸν
832 5718 1065 5783 ἐλευσιν,
1112 5718 1241 5773 ἔνθα
1293 5718 1446 5792 παρὰ
1494 5715 1725 5787 Συμεὼν
1754 5717 1849 5769 καὶ

357 5902 403 5934 ³⁹
436 5897 585 5956 Psal.
610 5912 663 5965 ι,
711 5897 765 5951 7.
1170 5921 1179 5930 -

614 5996 879 6054 Ρηιιοῐ..
924 5990 1037 6052 Gtt.
1085 5989 1181 6050 Cb

1955 4893 2215 4940 caruatus
2258 4885 2313 4940 in
2362 4895 2520 4940 utero
2549 4883 2831 4958 Virginis,
2879 4890 3199 4962 impollutus
3243 4913 3533 4961 remanens

1956 4975 2121 5032 Deus.

2031 5252 2330 5321 Oportebat
2354 5252 2519 5307 etiam
2552 5249 2778 5307 Matrem
2816 5252 3021 5311 habere
3053 5266 3241 5313 testem
3272 5277 3383 5317 suae
3414 5264 3533 5318 sine

1959 5347 2167 5401 semine
2200 5337 2577 5415 conceptionis
2606 5355 2659 5400 et
2698 5346 3002 5415 adiutorem
3055 5351 3107 5404 in
3142 5354 3398 5408 omnibus
3429 5355 3531 5409 do-

1963 5438 2190 5491 mestice
2211 5437 2556 5506 peragendis.
2578 5435 2840 5503 Quaenam
2868 5438 3007 5494 ista?
3031 5439 3136 5495 lter
3160 5443 3225 5497 ad
3258 5444 3530 5500 Bethleem

1963 5528 2052 5581 ubi
2094 5542 2226 5596 puer
2265 5527 2334 5580 ab
2388 5528 2595 5597 angelis
2643 5541 2762 5582 erat
2817 5531 3232 5585 annontiandus
3286 5543 3342 5588 et
3393 5537 3535 5589 cele-

1961 5617 2244 5682 brandus;
2293 5618 2477 5686 templi
2527 5618 2706 5673 aditus
2758 5620 2811 5672 in
2866 5634 2974 5688 quo
3019 5620 3242 5674 Simeon
3288 5634 3341 5677 et
3376 5625 3533 5678 Anna

1964 5713 2087 5769 vita:
2147 5711 2451 5783 mortisque
2502 5712 2795 5767 Dominum
2839 5722 3110 5768 testantur
3160 5714 3534 5784 infantulum,

3052 5987 3090 6045 6
