4046 6454
504 416 596 480 171

506 621 715 674 reditus
760 618 1059 675 secundum
1107 625 1327 671 sanctas
1354 614 1693 685 pr0phetias,
1723 623 1773 668 et
1810 613 1917 667 alia
1947 627 2070 681 quae

509 729 653 765 nunc
695 726 1019 767 enumerare
1065 725 1172 765 non
1224 710 1460 778 expedit.
1521 705 1815 777 Propterea
1871 704 2069 774 coniux

504 812 761 871 acceptus
810 814 892 857 est
952 801 1154 870 Joseph
1182 841 1198 866 ,
1249 808 1305 855 et
1351 799 1576 869 angelus
1624 797 1824 852 missus
1866 804 1952 850 est
2004 797 2070 849 ad

506 897 767 966 virginem
808 895 1166 964 deponsatam
1195 891 1314 946 viro
1358 892 1446 946 cui
1483 905 1678 944 nomen
1712 885 2070 953 eratJoseph.

506 988 629 1040 Haec
661 995 839 1040 autem
882 984 1047 1039 verba
1084 1000 1099 1037 :
1136 983 1201 1037 de
1236 994 1397 1037 domo
1443 992 1498 1035 et
1541 981 1609 1036 de
1645 978 1849 1033 familia
1878 977 2069 1042 David,

502 1077 568 1131 de
611 1077 829 1131 duobus
882 1075 1189 1145 intelliges;
1227 1076 1512 1127 amborum
1556 1070 1703 1125 enim
1745 1078 1801 1124 et.
1848 1068 2076 1137 virginis

500 1177 552 1221 et
581 1166 776 1234 Josepli
801 1181 828 1220 a
855 1165 1021 1220 David
1040 1164 1341 1219 ducebatur
1369 1161 1545 1230 origo.
1587 1158 1686 1212 «Et
1721 1175 1920 1215 nomen
1947 1158 2068 1211 Vir-

502 1260 644 1330 ginis
678 1259 893 1323 Mariae,
930 1277 949 1311 ι
998 1256 1142 1326 quod
1194 1256 1591 1324 interpretatur
1634 1250 1887 1305 Domina.
1933 1248 2078 1305 Con-

506 1363 655 1405 notat
685 1367 785 1404 vox
822 1351 924 1404 ista
958 1358 1011 1403 et
1042 1348 1281 1418 Virginis
1315 1347 1635 1416 dignitatem
1670 1343 2077 1413 etvirginitatis

507 1443 815 1497 ﬁrmitatem
854 1455 1133 1510 nunquam
1176 1439 1288 1510 jam
1325 1436 1640 1498 defectum,
1678 1443 1732 1489 et
1778 1435 1911 1488 illud
1935 1433 2077 1501 quod

508 1540 593 1585 est
631 1531 688 1585 in
721 1532 840 1602 ejus
882 1531 989 1584 vita
1038 1530 1105 1585 ab
1155 1529 1278 1583 aliis
1306 1528 1626 1597 discrepans
1657 1535 1713 1580 et
1739 1526 1807 1579 ab
1829 1524 2081 1578 omnibus

510 1624 890 1693 inquirendum
942 1631 1018 1685 et,
1048 1628 1108 1675 ut
1164 1621 1235 1674 ita
1276 1619 1476 1683 dicam,
1516 1632 1579 1671 ex
1638 1616 1784 1670 nulla
1836 1629 2078 1684 unquam
2132 1632 2147 1649 ι

510 1722 664 1780 parte
714 1712 1156 1781 vituperandum.
1216 1708 1350 1764 Nam
1405 1724 1533 1763 vere
1593 1718 1651 1761 et
1708 1705 2082 1776 principaliter

1760 416 2133 477 GREGURII
2170 419 2255 475 PA
2271 421 2353 477 LA
2367 421 2412 477 .ll
2427 418 2485 477 :13

499 528 687 600 procul
720 527 786 581 ab
814 524 1026 583 llerode
1053 523 1176 595 fuga
1214 523 1267 579 in
1305 522 1624 598 «Egyptum,
1658 523 1804 578 etab
1835 521 2067 592 IEgyplo

2193 524 2270 593 τῆς
2309 528 2505 596 ’Λννης
2535 524 2679 596 ζωῆς
2708 528 2798 580 καὶ
2834 527 3066 581 θανάτου
3109 529 3298 597 κύριος

3641 417 3734 481 172

3390 534 3749 600 μαρτυρεῖται

2178 616 2238 668 τὸ
2279 616 2477 686 βρέφος
2503 635 2515 647 ·
2550 618 2739 687 τὴθείς
2770 620 3043 685 Αἴγυπτον
3077 620 3135 684 ἐξ
3168 620 3408 691 Ἡρώδου
3435 623 3636 690 φυγὴν,
3654 621 3749 673 καὶ

2177 707 2275 773 τὴν
2306 709 2366 773 ἐξ
2397 709 2671 777 Αίγύπτου
2716 709 2857 762 κατὰ
2886 709 2983 772 τὰς
3018 711 3165 780 ἱερὰς
3191 711 3529 781 προρρήσεις
3553 711 3750 763 ἐπάνο-

2176 800 2285 866 δον,
2318 803 2412 854 καὶ
2436 802 2604 857 τᾶλλα
2633 803 2733 854 ὅσα
2765 802 2861 856 νῦν
2892 801 3213 865 καταλέγειν
3241 802 3340 854 οὐκ
3373 802 3619 872 εὐχερές.
3648 803 3749 854 Διὰ

2176 891 2347 945 ταῦτα
2381 896 2641 964 μνήστωρ
2674 896 2701 946 ὁ
2751 893 2952 962 Ἰωσὴφ
3001 891 3353 964 παρελήφθη,
3387 892 3480 946 καὶ
3518 894 3549 945 ό
3580 893 3753 960 ἄγγε-

2178 983 2268 1046 λος
2298 985 2557 1054 ἐπέμφθη
2592 985 2729 1054 πρὸς
2764 984 3037 1053 Παρθένον
3072 984 3565 1054 μεμειηστευμένην
3595 984 3755 1056 ἀνδρὶ

2179 1070 2223 1151 ᾧ
2247 1075 2418 1142 ὄνομα
2460 1076 2681 1145 Ἰωσήφ.
2711 1076 2785 1126 Ἰὀ
2816 1075 2871 1127 δὲ
2900 1074 2960 1141 ἐξ
2990 1072 3140 1127 οἴκου
3180 1074 3272 1126 καὶ
3315 1076 3553 1145 πατριᾶς
3585 1077 3757 1128 Δαεὶδ

2180 1167 2267 1219 ἐπ’
2292 1166 2621 1235 ἀμφοτέρων
2648 1166 2889 1233 νοήσεις’
2917 1164 3085 1234 ἄμφω
3123 1164 3231 1236 γὰρ
3271 1165 3307 1235 ἦ
3354 1182 3413 1219 τε
3473 1166 3758 1235 Παρθένος
3860 1214 3867 1220 .

2181 1258 2275 1310 καὶ
2308 1260 2335 1310 6
2377 1256 2581 1326 Ἰωσὴφ
2612 1258 2690 1319 είς
2718 1256 2882 1309 Δαϐὶδ
2922 1257 2983 1309 τὸ
3006 1257 3154 1317 γένος
3185 1258 3470 1328 ἀνέφερον.
3517 1259 3660 1311 «Καὶ
3695 1259 3760 1311 τὸ

2189 1349 2384 1415 ὄνομα,
2418 1348 2572 1416 φησὶ,
2607 1349 2706 1416 τῆς
2731 1349 3006 1418 Παρθένου
3041 1349 3276 1419 Μαριάμ
3303 1365 3350 1402 ⁸1
3385 1349 3545 1402 τοῦτο
3574 1349 3634 1403 δὲ
3659 1351 3763 1419 ἑρ-

2185 1439 2483 1507 μηνεύεται
2513 1438 2715 1509 κυρία.
2755 1440 3061 1509 Παρίστησι
3099 1440 3155 1492 δὲ
3191 1441 3286 1493 καὶ
3314 1439 3378 1492 τὸ
3404 1440 3628 1511 ἀξίωμα
3655 1441 3761 1510 τῆς

2184 1528 2487 1598 Παρθένου,
2522 1529 2621 1582 καὶ
2660 1528 2721 1581 τὸ
2762 1528 2982 1597 βέϐαιον
3014 1530 3116 1597 τῆς
3165 1525 3489 1596 παρθενίας,
3538 1529 3635 1579 καὶ
3674 1529 3762 1589 εἰς

2182 1621 2245 1673 τὸ
2279 1619 2684 1691 ἐξηλλαγμένον
2731 1619 2903 1687 αὐτῆς
2946 1618 3039 1671 τοῦ
3094 1618 3233 1688 βίου,
3279 1620 3371 1671 καὶ
3404 1618 3493 1672 διὰ
3536 1617 3767 1674 πάντων

2186 1710 2591 1781 ὴκριϐωμένον,
2631 1711 2728 1763 καὶ
2751 1709 2827 1772 ὡς
2860 1710 3038 1761 sint»
3062 1708 3512 1779 παναμὼμητονο
3548 1708 3761 1777 κυρίως

515 1808 677 1877 Virgo
710 1806 929 1861 t0talern
957 1814 1012 1859 et
1035 1802 1413 1859 omnimodum
1442 1800 1630 1854 habuit
1660 1798 1910 1869 puritatis
1932 1798 2084 1866 prin-

2193 1802 2299 1872 γὰρ
2330 1800 2464 1855 οὖσα
2495 1799 2833 1871 φερωνύμως
2857 1798 3149 1871 παρθένος,
3179 1799 3360 1852 πᾶσαν
3387 1794 3501 1868 εἶχε
3523 1798 3624 1869 τὴν
3655 1799 3767 1866 τῆς

509 1899 769 1967 eipatum,
791 1894 957 1968 Virgo
983 1906 1177 1964 potens
1204 1908 1434 1962 corpore
1461 1901 1515 1947 et
1545 1891 1750 1954 anima,
1779 1889 2087 1956 animatque

2193 1892 2412 1960 ἁγνείας
2462 1892 2706 1961 παντελῆ
2754 1891 3124 1961 παγκτησίαν,
3167 1889 3435 1961 παρθένος
3467 1888 3602 1944 οὖσα
3661 1892 3769 1945 καὶ

510 1989 864 2042 facultatibus
923 2000 1138 2041 necnon
1198 1985 1460 2039 omnibus
1524 1980 1776 2050 corporis
1833 1978 2085 2032 sensibus

2193 1983 2245 2037 τὸ
2286 1981 2448 2051 σῶμα
2480 1984 2575 2036 καὶ
2613 1982 2711 2051 τὴν
2741 1981 2944 2052 ψυχὴν,
2977 1982 3072 2035 καὶ
3100 1980 3200 2044 τὰς
3251 1980 3351 2050 τῆς
3383 1979 3561 2050 ψυχῆς
3592 1980 3764 2034 δυνά-

509 2078 658 2131 nnllo
698 2078 1120 2147 inquinamento
1178 2074 1438 2144 pollutis,
1495 2081 1550 2126 et
1603 2072 1703 2124 ista
1759 2070 1985 2123 ﬁrmiter
2030 2079 2086 2124 et

512 2170 914 2239 principaliter,
965 2175 1020 2222 et
1053 2177 1112 2220 ut
1139 2166 1212 2221 ita
1248 2166 1452 2231 dicam,
1486 2165 1635 2220 sicut
1668 2162 1951 2218 Dominam
1991 2162 2089 2214 de-

511 2269 620 2325 cet,
657 2270 712 2313 et
741 2274 804 2313 ex
836 2258 987 2313 omni
1023 2266 1178 2327 parte
1214 2256 1610 2311 inviolabiliter
1660 2254 1712 2308 in
1768 2254 1916 2307 omni
1948 2262 2088 2307 tent-

514 2370 665 2423 pore,
693 2353 841 2406 velut
860 2361 1016 2421 porta
1039 2351 1249 2416 clausa,
1286 2364 1415 2418 Opes
1448 2347 1713 2412 inclusas,
1741 2346 1878 2401 liber
1905 2346 2089 2414 signa-

516 2459 606 2499 tus
637 2445 812 2498 oculis
863 2441 1077 2497 occulta
1129 2439 1371 2496 custodit
1410 2439 1634 2508 scripta.
1688 2436 1812 2493 ldeo
1857 2438 1925 2493 de
1971 2438 2086 2506 ipsa

515 2535 782 2605 scriptum
839 2544 923 2588 est
960 2548 972 2583 :
1014 2550 1031 2582 ι
1065 2531 1163 2585 Hic
1192 2537 1276 2584 est
1336 2530 1471 2584 liber
1524 2530 1842 2598 signatus...
1883 2537 1935 2581 et
1968 2529 2087 2597 ipsa

515 2631 670 2691 porta
729 2624 918 2677 clausa
968 2621 1095 2686 erit,
1144 2629 1199 2674 et
1226 2634 1384 2674 nemo
1416 2618 1639 2673 intrabit
1659 2632 1757 2689 per
1784 2633 1925 2673 eam.
1958 2636 1977 2668 ι

2190 2091 2334 2144 μεις,
2364 2075 2459 2129 καὶ
2490 2074 2591 2138 τὰς
2621 2073 2715 2128 τοῦ
2754 2074 3005 2145 σώματος
3043 2072 3331 2143 αἰσθήσεις
3367 2073 3546 2134 πάσας
3582 2071 3762 2141 μολο-

2190 2166 2330 2235 σμοῦ
2376 2167 2578 2230 παντὸς
2605 2166 3138 2237 ὑπερανῳκισμένας
3168 2163 3510 2219 πλουτοῦσα*
3544 2165 3638 2218 καὶ
3671 2181 3764 2218 τοο

2191 2257 2348 2312 σοῦτο
2374 2259 2582 2328 κυρίως
2625 2274 2683 2311 τε
2742 2258 2838 2312 καὶ
2867 2256 3122 2328 βεϐαίως,
3159 2257 3253 2310 καὶ
3275 2258 3351 2320 ὡς
3385 2256 3562 2311 είπεῖν
3591 2274 3767 2311 κεκυ-

2193 2350 2477 2418 ρωμένως,
2506 2350 2601 2403 καὶ
2639 2351 2753 2412 τοῖς
2802 2349 2970 2402 πᾶσιν
3001 2347 3218 2411 ἀσύλως
3241 2348 3336 2401 τὸν
3373 2348 3591 2404 ἅπαντα
3630 2349 3767 2421 χρό-

2191 2457 2306 2505 νον,
2340 2440 2533 2510 ὥσπερ
2578 2441 2612 2509 ἡ
2659 2439 3025 2510 κεκλεισμένη
3061 2438 3204 2510 πύλη
3251 2439 3321 2493 τὰ
3375 2440 3773 2512 ὲντεθησαυρο-

2192 2532 2387 2601 σμένα,
2431 2533 2527 2587 καὶ
2582 2532 2642 2585 τὸ
2698 2533 3139 2602 ὲσφραγισμένον
3215 2531 3420 2599 βιϐλίον
3461 2532 3771 2602 ὀφθαλμοῖς

2196 2621 2454 2691 ἄψαυστα
2489 2624 2648 2692 τηρεῖ
2698 2623 2768 2675 τὰ
2812 2621 3267 2692 ἐγγεγραμμένα·
3310 2624 3431 2675 ἐπεὶ
3481 2624 3577 2676 καὶ
3637 2626 3774 2693 περὶ

518 2716 693 2785 αὐτῆς
756 2711 1088 2782 γέγραπται,
1165 2729 1184 2763 ε
1234 2710 1402 2764 Τοῦτό
1440 2713 1556 2764 ἐστι
1607 2710 1674 2764 τὸ
1716 2711 2163 2780 ὲσφραγισμένον
2206 2713 2432 2784 βιϐλίον,
2485 2716 2581 2768 καὶ
2617 2713 2756 2785 αὕτη
2791 2717 2825 2787 ἡ
2864 2714 3014 2785 πύλη
3061 2714 3425 2787 κεκλεισμένη
3457 2715 3637 2785 ἔσται,
3671 2721 3773 2771 καὶ

515 2810 692 2875 οὐδεὶς
730 2809 791 2862 οὐ
821 2808 895 2879 μὴ
934 2805 1116 2875 διέλθῃ
1139 2804 1205 2859 δι’
1234 2805 1423 2874 αὐτῆς.
1459 2823 1477 2856 ι

590 2906 800 2958 llursus
832 2902 1002 2955 altero
1053 2898 1211 2952 titulo
1256 2897 1422 2952 etiam
1481 2896 1707 2950 Domina
1756 2905 1843 2952 est
1900 2894 2091 2966 Virgo,

520 3007 792 3064 quatenus
840 3006 937 3061 per
960 2991 1278 3060 dignitatem
1311 2990 1554 3044 Omnium
1586 2989 1795 3059 regina,
1829 2990 2089 3056 quoniam

520 3100 644 3141 cum
680 3082 769 3151 qni
808 3089 1004 3136 natura
1035 3090 1118 3135 est
1153 3079 1339 3134 mundi
1384 3078 1646 3133 Dominus
1694 3079 1750 3132 in
1790 3089 1944 3133 utero
1978 3079 2088 3131 vir-

2275 2889 2440 2945 Ἀλλὰ
2469 2891 2563 2945 καὶ
2596 2890 2779 2957 Κυρία
2813 2888 2978 2944 πάλιν
3027 2889 3216 2960 ἕτερον
3246 2891 3449 2959 τρόπον
3479 2892 3512 2960 ἡ
3544 2892 3771 2962 Παρθέ-

2193 2997 2286 3044 νος
2333 2981 2476 3034 κατὰ
2526 2982 2624 3052 τὴν
2674 2981 2856 3045 ἀξίαν,
2894 2982 2970 3043 ὡς
3004 2981 3346 3046 δεσπόζουσα
3391 2984 3636 3048 πάντων,
3670 2984 3771 3038 ἅτε

2195 3072 2285 3126 τὸν
2324 3074 2487 3142 φύσει
2537 3074 2635 3127 τοῦ
2697 3073 2899 3136 παντὸς
2952 3074 3235 3145 Δεσπότην
3260 3075 3318 3129 ὲν
3340 3075 3609 3147 παρθενίᾳ
3642 3078 3774 3130 συ).-

516 3174 682 3242 ginali
733 3170 981 3240 concepit
1018 3179 1075 3224 et
1103 3170 1368 3225 divinitus
1407 3169 1639 3239 peperit.
1696 3169 1889 3224 Adhuc
1924 3168 2088 3224 etiam

2198 3162 2439 3216 λαϐοῦσά
2467 3180 2527 3216 τε
2574 3165 2665 3216 καὶ
2695 3163 2930 3217 τεκοῦσα
2964 3163 3142 3225 θείως.
3178 3165 3301 3218 Ἔτι
3337 3180 3402 3234 γε
3443 3167 3554 3237 μὴν
3588 3169 3776 3239 Κυρίσι

518 3265 747 3320 Domina
799 3271 883 3318 est
934 3277 1043 3316 non
1083 3262 1246 3316 modo
1272 3262 1399 3330 quia
1433 3276 1461 3313 a
1497 3261 1762 3316 servitute
1808 3260 2093 3325 immunis,

510 3366 573 3410 et
623 3354 821 3408 divina:
865 3351 1257 3408 dominationis
1291 3351 1586 3421 particeps,
1634 3353 1727 3406 sed
1774 3352 1936 3407 etiam
1967 3353 2095 3421 quia

517 3445 646 3501 fons
681 3456 735 3501 et
764 3444 917 3500 radix
950 3443 1166 3513 generis
1198 3443 1422 3496 humani
1477 3442 1820 3497 liberationis
1864 3457 2095 3512 praeser-

521 3540 617 3592 tiin
649 3539 702 3591 in
736 3548 893 3607 partu
924 3544 1032 3590 tam
1075 3535 1197 3588 laeto
1245 3548 1411 3603 quam
1460 3531 1742 3587 ineffabili.
1781 3531 1914 3587 Viro
1947 3535 2093 3589 enim

521 3629 810 3698 coniugata
844 3626 1026 3696 potius
1057 3632 1142 3679 est
1171 3623 1451 3678 dominata
1485 3637 1646 3690 quam
1675 3623 1918 3685 domina,
1963 3639 2096 3693 pra:-

523 3720 709 3773 sertim
770 3716 825 3770 in
875 3728 1106 3785 pretioso
1167 3712 1531 3780 dolorosoque
1581 3722 1737 3780 partu
1792 3715 2089 3767 secundum

523 3808 671 3861 illam
704 3806 759 3860 in
800 3804 964 3860 Evam
1007 3801 1442 3857 maledictioneui
1481 3819 1496 3856 :
1536 3820 1554 3853 ι
1581 3799 1639 3855 In
1678 3800 1862 3857 dolore
1908 3806 2095 3873 paries

522 3900 770 3964 ﬁlios;...
799 3897 901 3952 sub
932 3896 1033 3951 viri
1062 3902 1330 3964 potestate
1364 3893 1473 3948 eris
1495 3904 1551 3947 et
1584 3894 1698 3962 ipse
1724 3896 2090 3949 dominabitur

519 3991 614 4046 tibi
633 4008 679 4056 ;»
702 4003 805 4059 qua
825 3987 1200 4043 maledictione
1214 3982 1383 4054 Virgo
1398 3983 1568 4039 Mater
1597 4000 1768 4055 genus
1791 3987 2092 4043 humanum

517 4082 819 4135 liberatura
846 4087 1067 4132 econtra
1098 4065 1337 4129 salutem'
1364 4078 1433 4128 ab
1463 4072 1653 4144 angelo
1681 4084 1733 4128 et
1756 4075 2093 4132 benedictio-

528 4186 652 4227 nem
691 4170 907 4240 aecipit.
946 4166 1080 4221 Nam
1115 4165 1377 4235 scriptum
1410 4175 1534 4221 est:
1564 4164 1848 4239 Ingressus
1870 4167 2094 4237 angelus

525 4264 665 4318 dixit
711 4261 779 4317 ad
810 4260 1093 4330 Virginem
1130 4275 1144 4312 :
1176 4258 1308 4319 Ave.
1366 4256 1538 4324 gratia
1580 4257 1736 4326 plena
1762 4296 1777 4319 ,
1833 4256 2096 4311 Dominus

526 4348 1037 4420 tecum,‘,benedieta
1064 4347 1195 4402 tuin
1225 4346 1565 4400 mulieribus.
1592 4342 1709 4398 Non
1736 4347 1919 4399 statim
1950 4345 2094 4400 futu-

2197 3257 2291 3308 καὶ
2328 3254 2401 3320 ὡς
2423 3256 2524 3310 οὐκ
2559 3255 2825 3327 ἐλευθέρα
2851 3259 3012 3324 μόνον
3045 3257 3311 3325 δουλείας,
3334 3259 3428 3311 καὶ
3450 3259 3776 3331 κυριότητος

2197 3347 2350 3411 θείας
2378 3349 2777 3419 ἐπειλημμένη,
2801 3350 2939 3403 ἀλλὰ
2962 3350 3057 3404 καὶ
3086 3350 3159 3413 ὡς
3194 3351 3346 3422 πηγὴ
3378 3354 3472 3406 καὶ
3497 3353 3625 3422 ῥίζα
3670 3356 3776 3423 τῆς

2195 3440 2290 3492 τοῦ
2320 3440 2510 3509 γένους
2546 3439 2881 3512 ἐλευθερίας,
2915 3442 3281 3511 καὶ-μάλιστα
3308 3445 3448 3514 μετὰ
3477 3445 3571 3498 τὸν
3592 3447 3775 3518 ἀπόρ-

2198 3531 2360 3599 ρητον
2392 3529 2483 3581 καὶ
2506 3526 2847 3598 χαρμόσυιιον
2868 3533 3028 3586 τόκον
3049 3548 3061 3563 ·
3083 3535 3116 3602 ἡ
3138 3533 3247 3605 γὰρ
3268 3535 3423 3603 ἀνδρὶ
3468 3535 3770 3603 συζυγεῖσα

2198 3621 2558 3692 κυριευομένη
2607 3623 2806 3691 μᾶλλόν
2856 3625 3006 3676 ἐστιν
3051 3624 3084 3694 ἢ
3142 3627 3328 3693 κυρία,
3375 3628 3471 3680 καὶ
3529 3628 3773 3697 μάλιστα

2201 3711 2341 3780 μετὰ
2365 3712 2456 3764 τὸν
2495 3714 2793 3782 περίλυπον
2821 3716 2914 3767 καὶ
2947 3716 3257 3771 κατώδυνον
3293 3718 3473 3782 τόκον,
3501 3722 3646 3773 κατὰ
3668 3722 3774 3790 τὴν

2199 3791 2336 3869 διερὸς
2370 3802 2467 3872 τὴν
2526 3802 2669 3856 Εὔαν
2715 3805 2854 3874 ἀρὰν
2889 3807 3138 3876 ἐκείνηνθ
3191 3827 3210 3859 ε
3242 3809 3331 3860 Ἐν
3381 3810 3576 3875 λύπαις
3637 3810 3776 3883 τέξῃ

2195 3893 2382 3960 τέκνα,
2415 3893 2509 3946 καὶ
2557 3896 2693 3962 πρὸς
2734 3897 2825 3949 τὸν
2858 3897 3029 3967 ἄνδρα
3076 3914 3169 3950 σου
3208 3900 3240 3969 ή
3294 3900 3609 3972 ἀποστροφή
3645 3917 3769 3966 σου,

2196 3986 2290 4037 καὶ
2316 3984 2479 4047 αὐτός
2513 4002 2608 4039 σου
2669 3988 2984 4056 κυριεύσει·
3020 4007 3039 4040 ι
3095 3985 3160 4058 ἦς
3189 3990 3329 4059 ἀρᾶς
3356 3992 3390 4061 ἡ
3414 3992 3773 4062 Παρθενομή-
3850 4012 3855 4017 ·

2195 4093 2309 4146 τωρ
2334 4076 2693 4147 ἐλευθεροῦσα
2727 4079 2787 4130 τὸ
2830 4078 3174 4150 ἀνθρώπινον
3217 4083 3394 4149 γένος,
3444 4083 3544 4152 τὴν
3588 4087 3772 4154 χαρὰν

2197 4167 2265 4220 δι’
2285 4168 2519 4237 ἀγγέλου
2565 4171 2659 4223 καὶ
2708 4170 2809 4240 τὴν
2858 4170 3110 4239 εὐλογίαν
3150 4173 3773 4240 ἀντιλαμϐάνειοείσελ-

2200 4256 2308 4312 θὼν
2341 4258 2474 4329 γὰρ,
2513 4260 2700 4329 φησὶν,
2733 4266 2760 4314 ὸ
2784 4260 3038 4328 ἄγγελος,
3086 4256 3208 4315 εἷπε
3256 4266 3393 4334 πρὸς
3422 4267 3520 4335 τὴν
3552 4267 3775 4336 Παρθέ-

2201 4367 2290 4403 νον
2311 4368 2324 4382 ·
2357 4369 2377 4403 ε
2404 4353 2601 4422 Χαῖρε,
2639 4354 3060 4425 κεχαριτωμένη
3083 4371 3097 4387 ο
3127 4356 3157 4408 ὁ
3186 4356 3392 4425 Κύριος
3440 4360 3579 4427 μετὰ
3627 4359 3724 4412 σοῦ
3756 4378 3772 4391 ·

511 4460 650 4498 .rum
705 4442 1030 4512 praznuntia‘t
1070 4441 1117 4493 ei
1169 4438 1396 4493 dicens:
1432 4436 1692 4492 Dominus
1748 4447 1946 4503 tecum,
1997 4440 2088 4494 sed

2200 4442 2537 4513 εὐλογημένη
2565 4445 2629 4497 σὺ
2659 4445 2718 4498 ὲν
2746 4444 3013 4514 γυναιξίν.
3046 4464 3065 4498 ι
3099 4448 3173 4500 Οὐ
3208 4448 3270 4500 τὸ
3293 4447 3532 4517 μέλλονὸ
3555 4450 3775 4520 ἀρχάγ-

524 4536 671 4609 quod
704 4533 1048 4589 invisibiliter
1081 4531 1223 4585 videt
1266 4530 1322 4584 in
1355 4546 1419 4585 ea
1449 4530 1558 4600 jam
1612 4529 1910 4601 perfectum
1958 4548 2094 4602 pra:-

526 4629 713 4693 mittit,
743 4640 861 4680 eam
891 4624 1047 4693 quasi
1074 4623 1256 4677 sedem
1286 4622 1593 4676 divinarum
1622 4622 2094 4705 humanarumque

521 4714 822 4790 gratiarum
866 4713 1213 4779 intelligens,
1260 4722 1315 4764 et
1368 4708 1624 4764 omnibus
1653 4709 1973 4765 adornatam
2008 4713 2092 4765 di-

524 4812 630 4866 vini
671 4807 907 4883 Spiritus
938 4801 1393 4867 charismatibus,
1426 4802 1598 4868 gratia
1629 4801 1842 4872 plenam
1872 4802 2092 4873 proprie

524 4882 873 4973 praedicavit.
896 4891 1125 4964 liisuper
1142 4894 1285 4947 illam
1306 4909 1428 4964 qua:
1452 4894 1608 4963 quasi
1639 4894 1748 4962 iam
1780 4895 1835 4947 in
1860 4908 1922 4948 ea
1942 4909 2095 4949 recu-

528 4995 750 5049 bantem
780 4989 1099 5058 conceperit
1118 5002 1244 5042 eum
1269 4987 1453 5055 in;quo
1472 4994 1601 5041 sunt
1632 5001 1824 5041 omnes
1852 4986 2094 5041 thesauri

525 5082 893 5154 conspiciens,
923 5079 1335 5151 praevidensque
1364 5079 1483 5149 ejus
1508 5076 1887 5148 graviditatem
1909 5080 2097 5134 dolore

523 5177 826 5231 immunem
856 5181 910 5226 et
931 5180 1146 5236 partum
1182 5170 1368 5224 labore
1403 5171 1662 5236 liberum,
1710 5170 1834 5241 jure
1864 5172 1928 5225 ad
1961 5186 2096 5239 gau-

526 5268 678 5322 dium
710 5264 983 5329 invitavit,
1009 5272 1064 5317 et
1089 5263 1259 5317 solam
1292 5262 1632 5316 benedictam
1661 5273 1715 5316 et
1738 5263 2095 5332 gloriﬁcatam

527 5359 581 5413 in
620 5353 945 5411 mulieribus
979 5352 1170 5407 merito
1224 5353 1507 5407 indicavit.
1558 5354 1614 5407 Si
1661 5354 1807 5409 enim
1846 5357 2096 5411 attendas

527 5460 728 5521 quanta
787 5446 961 5513 gloria
1018 5446 1253 5515 gaudeat
1295 5443 1460 5517 Virgo
1511 5446 1761 5517 Deipara,
1822 5448 1968 5502 nulla
2014 5458 2098 5504 est

526 5541 631 5597 alia
687 5538 983 5612 gloriﬁcata
1017 5547 1440 5607 quantacunque
1478 5538 1639 5594 laude
1669 5547 1916 5594 ornetur.

596 5800 727 5867 Quae
772 5815 894 5856 cum
941 5802 1165 5860 vidisset
1204 5802 1413 5876 Virgo,
1465 5805 1666 5860 timens
1714 5821 1782 5861 ne
1840 5807 2099 5862 seductor

2121 4492 2173 4553 D

2198 4531 2353 4600 γελος
2388 4536 2861 4604 προκαταγγέλλει
2923 4538 3061 4607 πρὸς
3113 4538 3285 4609 αὐτὴν
3325 4541 3520 4609 λέγων,
3562 4543 3622 4594 ’0
3658 4543 3777 4596 Κύ-

2201 4639 2313 4692 ριος
2353 4626 2492 4692 μετὰ
2537 4625 2655 4692 σοῦ,
2690 4626 2806 4682 ἀλλ’
2837 4629 2976 4700 ὅπερ
3013 4631 3257 4702 ἀοράτως
3284 4632 3431 4704 ἑώρα
3464 4636 3776 4703 τηνικαῦτα

2197 4713 2522 4783 τελούμενον
2564 4716 2902 4785 ἐξαγγέλλει.
2962 4721 3075 4774 Καὶ
3150 4723 3351 4792 χωρίον
3411 4724 3512 4794 μὲν
3559 4724 3773 4796 ταύτην

2201 4805 2362 4859 θείων
2395 4808 2494 4859 καὶ
2523 4809 2880 4878 ἀνθρωπίνων
2936 4814 3295 4881 χαρισμάτων
3342 4816 3640 4880 κατανοῶν,
3674 4821 3773 4871 καὶ

2200 4894 2291 4947 διὰ
2341 4897 2560 4950 πάντων
2614 4900 3043 4969 κεκοσμημένην
3093 4901 3204 4956 τῶν
3260 4906 3619 4976 χαρισμάτων
3669 4908 3771 4961 τοῦ

2204 4985 2349 5038 θείου
2383 4987 2718 5057 Πνεύματος,
2745 4992 3203 5063 κεχαριτωμένην
3224 4995 3439 5064 ἐτύμως
3466 4983 3771 5069 ἆνηγόρευο

2211 5079 2586 5131 σεν.Ἔνοικον
2621 5079 2677 5132 δὲ
2703 5080 2974 5136 λαϐοῦσαν
2995 5084 3094 5153 ἤδη
3117 5085 3350 5139 κατιδὼν
3379 5086 3470 5141 τὸν
3500 5088 3557 5139 έν
3579 5082 3625 5156 ᾧ
3645 5089 3767 5143 τού-

2199 5186 2308 5222 των
2368 5170 2625 5224 ἁπάντων
2680 5172 2729 5225 οί
2777 5171 3063 5244 θησαυροὶ,
3110 5176 3205 5228 καὶ
3247 5177 3614 5252 προκαθορῶν
3664 5184 3772 5248 τὴν

2201 5261 2408 5314 ἄλυπον
2462 5265 2779 5333 κυοφορίαν,
2819 5264 2915 5317 καὶ
2957 5265 3064 5317 τῶν
3102 5267 3232 5320 ἄνευ
3282 5268 3486 5321 ὠδίνων
3510 5271 3773 5340 ἐσόμενον

2200 5355 2381 5421 τόκον,
2431 5354 2977 5426 προσευηγγελίσατο
3020 5357 3195 5431 ταύτῃ
3243 5360 3348 5429 75
3382 5362 3618 5430 χαίρειν,
3674 5367 3773 5417 καὶ

2205 5445 2374 5515 μόνην
2406 5445 2778 5516 εὐλογημένην
2811 5445 2951 5500 εἶναι
2982 5447 3078 5501 καὶ
3107 5449 3506 5521 δεδοξασμένην
3544 5453 3773 5517 εἰκότως

2201 5540 2259 5591 ὲν
2280 5538 2499 5606 γυναιξὶ
2527 5540 2822 5594 διετείνατο
2848 5558 2862 5573 ·
2895 5545 2959 5612 τῇ
3012 5543 3122 5614 γὰρ
3170 5544 3449 5615 ὑπερϐολῇ
3481 5548 3580 5616 τῆς
3630 5551 3774 5603 κατὰ

2206 5628 2305 5699 τὴν
2332 5632 2639 5700 θεομήτορα
2671 5622 2946 5701 Παρθένον
2980 5633 3137 5705 δόξης
3165 5636 3266 5690 οὐκ
3316 5636 3433 5689 ἐστι
3482 5655 3563 5701 τις
3608 5640 3776 5711 ἑτέρα

2208 5721 2590 5789 δεδοξασμένη,
2620 5722 2725 5774 κᾶν
2748 5723 3033 5793 ἐδοξάσθη.

2288 5812 2503 5885 Ἀλλζή
2533 5813 2811 5883 Παρθένος
2844 5814 3028 5870 ἰδοῦσα
3083 5819 3177 5872 καὶ
3215 5818 3516 5891 φοϐηθεῖσα
3560 5820 3636 5890 μή
3690 5837 3774 5886 τις
