4046 6466
273 509 367 568 17.;
1373 489 1383 496 ’
1513 553 1515 556 ‹
1629 503 1954 565 ιιοιιιιιρι
2001 501 2153 563 XIV.

3427 494 3526 558 171

265 623 539 694 ἀπατηλὸς
568 624 798 692 ἄγγελος
833 622 887 695 ᾖ,
924 623 1170 693 κλέπτων
1204 625 1300 684 τὰς
1340 622 1481 676 κατὰ
1537 623 1636 691 τὴν
1697 620 1840 674 Εὕαν
1874 630 1912 682 Α
1946 628 2092 673 esset
2117 634 2236 688 ιιιςει
2260 622 2341 671 ius
2372 618 2461 684 qui
2496 617 2662 671 Evam
2693 615 3044 669 simulatione
3081 613 3388 680 decr‘prraI.
3415 629 3521 664 ιιυιι

264 717 724 785 ἀπερισκέπτους,
760 715 848 766 τὸν
881 715 1172 783 ἀσπασμὸν
1202 713 1580 778 ἀνεξετάστως
1606 715 1667 765 οὐ
1701 730 1839 780 παρα

266 805 522 869 εἰέξατο³
568 805 666 860 καὶ
706 805 806 873 τὴν
862 807 1188 874 συνάφειαν,
1244 806 1310 873 ἢν
1359 798 1513 865 οὗτος
1552 802 1841 871 εὐηγγελίο

270 894 412 960 ζετο,
445 897 573 962 πρὸς
602 896 734 948 Θεὸν
769 897 938 966 μήπω
973 897 1228 967 καθαρῶς
1268 894 1496 963 γνοῦσα,
1534 893 1838 963 ἐταράχθην

269 988 457 1054 φησὶν,
480 988 569 1037 ἐπὶ
593 985 670 1054 τῷ
695 986 837 1056 λόγῳ
863 987 1050 1053 αὐτοῦ,
1073 987 1242 1055 ἀπρὶξ
1265 986 1339 1048 ὡς
1375 986 1549 1038 εἰπεῖν
1573 986 1664 1037 καὶ
1705 1001 1830 1036 κατ-

266 1077 447 1143 άκρας
479 1080 575 1146 τῆς
631 1077 933 1146 παρθενίας
963 1078 1299 1148 ἀντεχομένη
1326 1093 1340 1108 ο
1398 1097 1415 1129 ι
1451 1080 1563 1132 Καὶ
1613 1076 1843 1145 διελογί-

265 1167 391 1228 ζετο
420 1168 656 1229 ποταπὸς
707 1167 792 1239 εἴη
839 1169 866 1221 6
916 1170 1201 1238 ἀσπασμὸς
1253 1161 1425 1232 οὗτος.
1467 1188 1486 1221 ι
1540 1169 1642 1223 Διὰ
1685 1168 1842 1222 τοῦτο

267 1259 362 1309 καὶ
387 1261 413 1310 ὁ
436 1259 780 1327 ἀρχάγγελος
812 1261 1072 1330 πάραυτα
1106 1260 1224 1313 λύει
1247 1260 1338 1312 τὸν
1368 1259 1592 1331 θεοφιλῆ
1621 1261 1720 1329 τῆς
1751 1276 1842 1311 κε-

265 1352 654 1420 χαριτωμένης
686 1351 966 1422 Παρθένου
996 1352 1180 1419 φόϐον,
1216 1352 1353 1424 πρὸς
1394 1351 1565 1421 αὐτὴν
1623 1349 1792 1404 εἰπών
1822 1367 1836 1381 ·

270 1459 289 1490 ι
336 1439 425 1510 Μὴ
473 1441 952 1512 φοὸοὖ,Μαριάμ⁶
1001 1437 1160 1513 εὗρες
1216 1445 1323 1512 γάρ
1375 1443 1538 1514 χάριν
1579 1441 1730 1512 παρά
1763 1441 1841 1512 τῷ

265 1531 409 1601 Θεῷ.
444 1553 464 1583 ι
511 1533 640 1584 Τίνα
665 1536 824 1604 χάριν
861 1551 876 1600 ;
909 1534 1075 1598 Ἤτις
1103 1535 1251 1605 μόνῳ
1285 1535 1486 1603 δυνατὴ
1509 1535 1585 1605 τῷ
1618 1535 1684 1588 τὰ
1715 1535 1840 1588 ἀδύ-

266 1642 402 1677 νατα
425 1626 736 1694 δυναμένῳ,
768 1629 864 1678 καὶ
899 1627 1036 1698 μόνῃ
1069 1631 1152 1680 σοὶ
1189 1629 1538 1698 τετηρημένη
1595 1628 1701 1698 πρὸ
1731 1627 1840 1680 τῶν

267 1713 484 1768 αἰώνων
512 1714 532 1746 ’·
594 1734 613 1769 ι
664 1715 797 1770 Ἰδοὺ
824 1718 953 1786 γὰρ,
989 1719 1236 1791 συλλὴψῃ
1269 1721 1328 1772 ὲν
1366 1720 1566 1791 γαστρί
1598 1739 1609 1750 ι
1651 1698 1680 1772 ι’
1712 1720 1840 1773 σύλ-

267 1805 430 1874 ληψιν
458 1805 587 1876 γὰρ,
617 1808 803 1878 φησὶν,
840 1807 1137 1876 ἀκούουσα,
1189 1809 1463 1880 μηδεμίαν
1514 1811 1838 1879 ὑπολογίζου

268 1897 368 1964 τῆς
393 1899 688 1968 παρθενίας
717 1902 1100 1972 παρατροπὴν,
1136 1903 1271 1970 μηδὲ
1302 1903 1388 1956 διὰ
1435 1904 1594 1956 τοῦτο
1643 1904 1837 1976 δυσχέ-

1953 712 2096 764 illico
2130 709 2518 763 salutationem
2557 707 2884 776 acceptavit,
2917 721 3017 759 nec
3048 704 3224 774 ciuilis
3265 713 3410 757 esset
3435 703 3526 756 illa

1949 820 2074 858 cuin
2111 802 2220 855 Deo
2249 799 2616 869 praenuntiata
2643 799 2879 852 societas
2907 796 3134 850 omnino
3163 809 3526 864 cognoscens,

1953 894 2168 948 turbata
2206 908 2236 948 e
2276 901 2316 952 t,
2352 902 2406 945 ut
2432 891 2699 960 scriptum
2727 898 2832 954 cst,
2868 890 2922 942 iu
2953 902 3206 943 sermone
3238 886 3375 956 (jus,
3401 887 3528 937 totis

1955 986 2169 1041 vitibus
2219 996 2271 1038 et
2323 997 2378 1037 ut
2415 983 2488 1038 ita
2529 984 2708 1038 dicam
2743 982 3023 1035 mordicus
3058 979 3124 1035 ad
3161 980 3438 1048 virginitat
3477 994 3526 1029 ιιι

1951 1079 2259 1140 adhaerens,
2282 1085 2335 1129 ct
2365 1075 2723 1144 intermgavit
2749 1073 2926 1140 qualis
2945 1081 3088 1127 esset
3115 1072 3214 1124 ista
3249 1071 3528 1127 salutati".

1951 1169 2244 1238 Propterea
2282 1167 2644 1238 archangelus
2677 1168 2859 1220 statim
2897 1165 3059 1219 solvit
3107 1164 3248 1231 pium
3286 1162 3527 1233 Virginis

1950 1261 2120 1328 gratia
2141 1261 2312 1330 plena!
2339 1260 2590 1312 timorem
2621 1257 2687 1310 ad
2721 1271 2840 1310 eam
2867 1254 3055 1309 dicens
3088 1271 3101 1306 :
3142 1272 3162 1305 ι
3201 1252 3277 1307 Ne
3311 1253 3524 1315 linteas,

1950 1350 2140 1412 Maria,
2181 1350 2442 1404 invenisti
2494 1349 2640 1402 enim
2673 1347 2906 1417 gratiam
2956 1345 3104 1414 apud
3153 1343 3466 1400 Dominum.
3505 1362 3523 1394 ι

1949 1443 2174 1510 Qualem
2235 1440 2504 1512 gratiam?
2542 1440 2675 1505 Quae
2723 1439 2828 1492 soli
2865 1437 3284 1507 impossibilium
3342 1440 3527 1502 capaci

1950 1533 2230 1604 possibilis
2265 1542 2370 1587 est.
2413 1551 2433 1584 ι
2490 1531 2630 1587 Ecce
2677 1530 2824 1585 enim
2873 1531 2926 1584 in
2972 1540 3125 1583 utero
3165 1529 3464 1598 concipies.
3502 1547 3518 1580 ι

1956 1625 2154 1680 Verum
2194 1608 2314 1679 ideo
2348 1624 2458 1678 noli
2494 1621 2812 1678 contristari
2857 1636 2959 1675 nec
3005 1620 3343 1675 conturbari.
3395 1619 3524 1672 Nam

1950 1720 2036 1772 vix
2077 1719 2206 1772 illud
2243 1737 2255 1772 :
2301 1736 2317 1768 ι
2359 1715 2499 1770 Ecce
2555 1715 2859 1785 concipies,
2895 1733 2916 1767 ι
2953 1712 3162 1781 Virgini
3194 1713 3366 1774 dixit,’
3399 1728 3522 1764 rum

1951 1811 2132 1863 statim
2167 1823 2292 1862 rum
2316 1806 2631 1876 virginitate
2662 1805 2944 1860 conciliari
2980 1803 3395 1874 concoptionem
3428 1804 3524 1856 dc-

1952 1909 2243 1956 monstrat.
2281 1917 2300 1951 ι
2341 1898 2482 1954 Ecce
2514 1900 2702 1970 igitur,
2745 1899 2957 1970 inquit,
2991 1897 3270 1968 concipies
3293 1935 3307 1959 ,
3352 1906 3406 1950 et
3441 1912 3534 1964 pa-

271 2004 423 2056 ραινε
454 1989 549 2041 καὶ
582 1991 848 2058 ταράττον
884 2008 898 2024 ·
931 1990 1090 2044 τοῦτο
1117 1993 1224 2063 γὰρ
1255 1993 1337 2056 τὸ,
1383 1994 1516 2048 Ἰδοὺ
1570 1974 1841 2069 συλλήψῃ,

1954 1994 2058 2046 ries
2102 1993 2295 2045 ﬁlium.
2332 2010 2351 2043 ι
2403 1991 2618 2046 Etenim
2665 1993 2914 2046 manebis
2964 1991 3110 2045 sicut
3159 2003 3306 2044 nunc
3345 2003 3427 2053 es,
3478 1998 3534 2041 ιιι

270 2079 569 2150 τηνικαῦτα
624 2084 760 2152 πρὸς
811 2082 910 2154 τὴν
969 2085 1243 2154 Παρθένον
1305 2085 1473 2140 οὖσαν
1524 2086 1840 2158 λεγόμενον,

271 2173 569 2245 σύνδρομον
627 2177 930 2248 τηνικαῦτα
985 2181 1050 2249 τῇ
1103 2179 1374 2251 παρθενίᾳ
1426 2179 1524 2249 τὴν
1581 2181 1842 2252 σύλληψιν

272 2267 555 2320 ὑπεδείκνυ
596 2284 609 2299 ο
648 2287 666 2320 ι
713 2270 845 2322 Ἰδοὺ
883 2268 977 2323 οὖν
1029 2270 1304 2343 συλλήψῃ,
1358 2272 1514 2340 φησὶ,
1557 2271 1652 2324 καὶ
1716 2273 1846 2344 τέξῃ

271 2359 385 2410 υἱόν
412 2377 424 2387 ·
459 2377 478 2410 ι
518 2358 715 2428 ἔχουσα
745 2359 854 2431 γὰρ
899 2361 1088 2431 ὥσπερ
1119 2364 1215 2416 νύν
1255 2363 1420 2432 ἔχεις,
1471 2362 1564 2416 καὶ
1605 2351 1862 2433 μένουσα

268 2447 368 2518 τὴν
399 2450 692 2518 παρθενίαν
718 2450 1102 2523 ἁδιαλώδητος,
1140 2452 1378 2523 ἔμϐρυον
1398 2453 1562 2520 ἔξεις,
1593 2455 1687 2509 καὶ
1712 2454 1846 2528 τέξῃ

270 2541 362 2594 τὸν
403 2540 497 2594 τοῦ
543 2541 798 2610 Ὑψίστου
850 2543 978 2596 Υἱόν
1015 2560 1027 2572 ·
1085 2544 1243 2598 τοῦτο
1294 2549 1403 2617 γὰρ
1469 2548 1562 2600 καὶ
1619 2548 1846 2611 Ἡσαΐας

271 2633 522 2702 προορῶν
566 2633 629 2685 ἐκ
701 2632 912 2689 πολλῶν
957 2634 1094 2688 ὲτῶν
1147 2638 1444 2706 προέλεγεν
1475 2655 1488 2668 ·
1556 2656 1576 2689 ‹
1626 2639 1762 2692 Ἰδοὺ
1811 2641 1843 2711 ἡ

272 2722 550 2793 Παρθένος
579 2725 636 2775 ἐν
674 2725 873 2795 γαστρὶ
912 2725 1044 2791 ἕξει,
1077 2729 1171 2780 καὶ
1207 2729 1424 2794 τέξεται
1472 2730 1587 2784 υίόν
1618 2747 1630 2762 '
1669 2749 1686 2782 ι
1752 2723 1844 2784 διαὶ

269 2813 356 2865 ὅτι
421 2832 440 2864 ι
481 2814 790 2884 Προσῆλθον
822 2815 957 2886 πρὸς
995 2815 1092 2885 τὴν
1135 2819 1426 2888 προφῆτιν.
1467 2838 1486 2869 ι
1551 2819 1670 2882 Πῶς
1694 2815 1785 2872 οὖν
1818 2821 1847 2872 6

271 2905 558 2975 προφήτης
607 2905 882 2977 προσῆλθε
909 2907 1043 2974 πρὸς
1083 2909 1182 2976 τὴν
1217 2909 1532 2977 προφῆτιν;
1582 2909 1667 2968 Ὠς
1696 2908 1788 2961 νῦν
1819 2911 1847 2963 6

269 2997 607 3065 ἀρχάγγελος
656 2998 788 3066 πρὸς
850 2998 1059 3070 αὐτήν·
1117 2998 1145 3050 ὃ
1198 2998 1306 3070 γὰρ
1363 2998 1458 3051 νῦν
1505 2995 1658 3062 οὗτος
1714 2996 1842 3065 εἶδε,

270 3088 431 3140 τοῦτο
460 3091 661 3152 ἐκεῖνος
685 3089 902 3159 προεῖδέ
935 3107 993 3140 τε
1024 3090 1118 3143 καὶ
1151 3092 1436 3159 προεῖπεν.
1471 3089 1595 3144 Ὅτι
1627 3090 1683 3143 δὲ
1716 3109 1846 3161 προ-

271 3181 454 3249 φῆτις,
485 3180 825 3250 προφητικὴν
856 3179 1053 3250 ἔχουσα
1083 3182 1244 3251 χάριν
1290 3183 1320 3252 ἡ
1354 3182 1647 3251 Παρθένος,
1711 3183 1745 3254 ἠ
1773 3185 1846 3242 ,ὲν

272 3271 589 3340 mamma.
617 3275 749 3340 πρὸς
780 3273 912 3324 Θε“›ν
952 3272 1063 3342 ᾠδὴ
1107 3273 1314 3342 ταύτης
1371 3278 1717 3346 παραστήσει
1767 3275 1846 3348 τῷ
1874 3313 1918 3374 c

272 3360 602 3430 βουλομένῳ.
640 3361 952 3431 Προσῆλθεν
989 3359 1102 3425 οὖν,
1136 3364 1322 3434 φησὶν,
1365 3365 1392 3416 6
1429 3365 1652 3429 Ἡσαΐας
1708 3369 1846 3438 πρὸς

272 3448 372 3518 τὴν
411 3450 700 3520 προφῆτιν,
736 3451 811 3521 τῷ
842 3454 1237 3522 προϐλεπτικῷ
1293 3455 1510 3519 πάντως
1545 3457 1843 3528 πνεύματι,

274 3543 373 3592 καὶ
404 3541 460 3592 ἐν
491 3545 692 3613 γαστρὶ
731 3544 912 3611 ἔλαϐε,
954 3549 1085 3616 πρὶν
1121 3549 1296 3604 ἐλθεῖν
1354 3551 1461 3604 τῶν
1495 3553 1702 3608 ὠδίνων
1755 3557 1847 3610 τὸν

278 3631 434 3684 πόνον
467 3633 718 3702 ἐξέφυγε,
753 3638 844 3690 καὶ
870 3637 1055 3691 ἔτεκεν
1097 3639 1281 3710 ἄρσεν.
1329 3641 1386 3694 '0
1417 3643 1470 3695 δὲ
1505 3644 1846 3714 ἀρχάγγελος

270 3723 370 3774 νῦν
401 3727 532 3794 πρὸς
565 3729 735 3795 αὑτήν
770 3744 783 3756 ·
821 3749 837 3779 ι
872 3730 1033 3802 Τέξῃ,
1079 3734 1263 3801 φησὶν,
1303 3734 1438 3800 υἱὸν,
1476 3737 1567 3788 καὶ
1599 3737 1847 3802 καλέσεις

272 3815 333 3864 τὸ
361 3814 530 3883 ὄνομα
596 3817 761 3870 αὑτοῦ
809 3821 1019 3890 Ἰησοῦν
1073 3821 1120 3890 (ὃ
1152 3823 1519 3892 ἑρμηνεύεται
1575 3827 1786 3900 Σωτήρ)
1830 3843 1842 3858 ·

1949 2087 2158 2154 integra
2204 2085 2538 2154 virginitate,
2591 2085 2799 2155 prolem
2838 2084 3089 2149 habebis,
3123 2093 3175 2137 et
3213 2083 3394 2151 paries
3433 2082 3530 2135 Al-

1948 2175 2147 2232 tissimi
2182 2174 2404 2231 Filium.
2443 2175 2570 2231 Haec
2617 2184 2749 2230 sunt
2780 2191 2901 2246 qua:
2937 2174 3266 2244 pra‘coguita
3299 2173 3467 2226 Isaias
3502 2188 3530 2224 a

1960 2267 2146 2321 multis
2197 2271 2357 2322 annis
2399 2267 2649 2336 praedixit
2692 2285 2706 2320 :
2742 2284 2760 2316 ι
2801 2266 2943 2318 Ecce
2985 2265 3150 2336 Virgo
3202 2262 3424 2318 habebit
3475 2262 3529 2314 in

1951 2369 2110 2413 utero
2142 2371 2195 2413 et
2223 2361 2405 2428 pariet
2433 2360 2604 2414 tilium
2635 2360 2717 2425 ⁸ος
2760 2377 2778 2410 ι
2815 2369 2870 2414 et
2917 2357 3071 2412 addit
3101 2374 3113 2411 :
3153 2375 3171 2408 ι
3208 2357 3428 2411 Accessi
3463 2357 3532 2410 ad

1950 2450 2356 2520 prophetissam
2386 2452 2454 2504 ⁹¹.
2495 2471 2513 2504 ι
2577 2450 2870 2518 Quomodo
2923 2464 3054 2520 ergo
3119 2451 3382 2518 propheta
3442 2463 3534 2501 ar-

1949 2545 2119 2599 cessit
2170 2546 2238 2598 ad
2291 2543 2733 2614 prophetissam?
2780 2543 2936 2598 Sicut
2973 2541 3136 2598 hodie
3166 2543 3534 2612 archangelus

1949 2633 2018 2688 ad
2047 2634 2256 2704 ipsam;
2292 2638 2439 2706 quod
2472 2635 2620 2689 enim
2651 2633 2753 2689 iste
2785 2635 2949 2689 hodie
2979 2633 3138 2697 dixit,
3171 2632 3261 2689 ille
3287 2635 3537 2703 praevidit

1948 2735 2002 2781 et
2054 2727 2323 2796 praedixit.
2364 2727 2520 2793 Quod
2567 2735 2623 2781 et
2673 2725 2840 2798 Virgo
2887 2729 2959 2782 sit
3007 2727 3346 2798 prophetissa
3400 2744 3534 2798 pro-

1948 2819 2150 2888 phetia:
2187 2820 2362 2890 gratia
2404 2819 2672 2889 gaudens,
2699 2819 2821 2887 ejus
2850 2804 3234 2888 evangelicum
3259 2819 3326 2874 ad
3361 2822 3532 2877 Deum

1949 2915 2224 2966 canticum
2263 2911 2490 2966 cuilibet
2519 2911 2718 2965 volenti
2751 2911 3084 2966 manifestat.
3109 2911 3352 2966 AcceSsit
3376 2927 3532 2982 ergo,

1950 3014 2008 3058 ut
2041 3005 2156 3072 ipse
2190 3005 2287 3070 ait,
2313 3002 2482 3059 Isaias
2504 3006 2570 3058 ad
2596 3003 2999 3072 prophetissam
3023 3002 3279 3072 (praescia
3303 3005 3533 3058 omnino

1950 3096 2192 3166 spiritu),
2247 3107 2302 3152 et
2358 3097 2414 3150 in
2475 3108 2633 3150 utero
2693 3095 2988 3165 concepit._-
3041 3104 3096 3149 et
3155 3104 3284 3151 ante
3341 3107 3533 3166 partu-

1951 3173 2179 3242 ritionis
2206 3187 2424 3241 labores
2447 3226 2460 3249 ,
2512 3187 2673 3239 enixa
2703 3196 2808 3249 est,
2863 3195 2916 3239 et
2951 3185 3162 3255 peperit
3202 3188 3532 3244 masculum.

1951 3277 2326 3346 Archangclus
2373 3287 2554 3331 autem
2592 3277 2755 3330 hodie
2804 3275 2869 3330 ad
2909 3291 3076 3333 eam:
3114 3294 3134 3328 ι
3180 3278 3392 3344 Paries,
3443 3281 3532 3334 in-

1950 3376 2091 3443 quit,
2131 3374 2302 3427 lilium
2335 3381 2389 3426 et
2428 3371 2648 3427 vocabis
2697 3385 2896 3424 nomen
2935 3370 3052 3441 ejus
3086 3369 3302 3436 Jesum,
3333 3373 3388 3427 id
3425 3386 3531 3432 est.

1951 3467 2226 3522 Salvator.
2255 3465 2354 3519 llic
2379 3465 2482 3520 erit
2504 3478 2771 3534 magnus;
2809 3481 2826 3514 ι
2853 3478 3045 3518 rursus
3070 3463 3303 3518 dixisset
3325 3466 3532 3521 Isaias:

1957 3578 1976 3610 ι
2012 3557 2386 3620 Admirabilis,
2420 3556 2794 3618 consiliarius,
2834 3553 2978 3608 Deus
3014 3552 3196 3620 fortis,
3246 3555 3535 3624 Dominus,

1951 3653 2208 3721 princeps
2240 3648 2413 3716 pacis,
2452 3655 2606 3714 pater
2638 3644 2808 3698 futuri
2856 3644 3042 3698 saeculi
3067 3645 3136 3697 °'.
3176 3664 3194 3697 ι
3247 3647 3350 3703 Cui
3389 3665 3538 3705 nunc

1953 3753 2221 3800 consonat
2260 3737 2626 3807 archangelus
2680 3737 2868 3791 dicens
2905 3752 2920 3791 :
2955 3736 3054 3792 llic
3109 3752 3339 3809 magnus
3389 3743 3534 3808 erit,

1955 3846 2012 3891 et
2048 3835 2220 3888 Filius
2252 3830 2515 3886 Altissitni
2548 3827 2864 3882 vocabitur.
2977 3819 2982 3824 ’

272 3902 428 3970 οὗτος
465 3912 569 3980 γάρ
595 3912 746 3964 ἔσται
781 3912 974 3981 μέγας.
1013 3931 1031 3963 ι
1073 3911 1238 3967 Εἶπεν
1297 3916 1363 3968 ἂν
1407 3916 1638 3980 Ἡσαΐας
1702 3921 1861 3974 πάλιν
1894 3943 1910 3955 ο
1952 3943 1970 3976 ι
2010 3926 2342 3993 Θαυμαστὸς
2388 3919 2734 3988 σύμϐουλος,
2785 3917 2918 3980 Θεὸς
2983 3917 3227 3988 ἰσχυρὸς,
3287 3922 3543 3986 ἐξουσια-

274 4001 426 4069 στῆς,
461 4003 644 4072 ἄρχων
668 4003 914 4073 εἰρήνης,
949 4004 1127 4074 πατὴρ
1149 4006 1242 4058 τοῦ
1265 4007 1552 4076 μέλλοντος
1577 4009 1792 4074 αἰῶνος.
1825 4032 1842 4065 ι
1887 4016 2078 4089 Τούτῳ
2108 4017 2321 4087 συνῳδὰ
2343 4015 2437 4070 νῦν
2470 4015 2564 4068 καὶ
2586 4017 2613 4068 6
2636 4011 2978 4084 ἀρχάγγελός
3036 4029 3201 4083 φησιν
3235 4030 3248 4046 ·
3318 4035 3336 4068 ι
3370 4011 3540 4080 Οὗτος

273 4096 426 4147 ἔσται
471 4097 664 4163 μέγας,
696 4100 788 4150 καὶ
829 4099 954 4160 Υἱὸς
993 4099 1253 4168 Ὑψίστου
1287 4101 1640 4173 κληθήσεται.
1693 4125 1712 4157 ι

345 4189 469 4250 Πῶς
494 4185 672 4241 ὂὲόὺκ
704 4183 879 4254 εἶπεν,
905 4190 1059 4242 Ἔστι
1085 4189 1257 4260 μέγας
1282 4193 1375 4244 καὶ
1406 4193 1534 4257 Υἱὸς
1567 4193 1851 4265 Ὑψίστου,

277 4282 415 4346 ἀλλ’,
463 4282 660 4335 Ἔσται
720 4283 813 4334 καὶ
853 4280 1216 4351 κληθήσεταις
1261 4282 1336 4345 ὡς
1399 4286 1526 4354 περὶ
1563 4285 1668 4339 τοῦ
1711 4290 1853 4343 κατὰ

250 4359 512 4443 ’Χριστὸν
565 4371 906 4443 ἀνθρωπίνου
969 4373 1294 4443 ποιούμενος
1344 4373 1434 4427 τὸν
1491 4375 1687 4445 λόγον,
1733 4379 1853 4448 ἅμα

279 4470 372 4520 καὶ
400 4468 597 4536 δηλῶν,
635 4468 716 4518 ὅτι
741 4469 831 4518 καὶ
859 4466 1234 4536 γνωσθήσεται
1270 4471 1384 4530 τοῖς
1411 4471 1573 4535 πᾶσι,
1610 4469 1705 4524 καὶ
1745 4471 1851 4524 ὑπὸ

281 4558 485 4608 τούτων
520 4555 758 4618 τοιοῦτος
809 4556 1071 4625 ὑπάρχων
1132 4559 1570 4627 κηρυχθήσεται,
1629 4560 1704 4624 ὡς
1757 4563 1850 4612 καὶ

277 4652 368 4700 τὸν
407 4647 618 4700 Παῦλον
676 4647 901 4716 ὕστερον
935 4647 1114 4714 λέγειν
1146 4648 1290 4718 ἔχειν
1314 4666 1328 4680 '
1374 4668 1390 4700 ι
1444 4649 1504 4701 Ὀ
1554 4649 1687 4712 Θεὸς
1721 4655 1852 4720 ἑφα-

278 4737 490 4805 νερώθη
522 4739 576 4787 ὲν
613 4738 795 4805 σαρκὶ,
827 4736 1108 4806 ἐκηρύχθη
1142 4740 1200 4792 ἐν
1248 4737 1481 4804 ἔθνεσιν,
1552 4741 1848 4808 ἐπιστεύθη

219 4867 230 4874 τ
280 4834 334 4881 ἐν
387 4832 576 4898 κόσμῳ
606 4845 619 4858 ⁸
653 4849 671 4880 ι
712 4829 844 4882 ἀλλὰ
877 4832 992 4896 καὶ,
1033 4850 1050 4881 ι
1090 4828 1282 4895 Δὼσει,
1315 4834 1499 4901 φησὶν,
1535 4833 1687 4903 αὐτῷ
1739 4833 1855 4887 Κύ-

279 4939 394 4994 ριος
423 4923 512 4974 τὸν
537 4922 725 4989 θρόνον
756 4921 920 4973 Δαόὶδ
958 4920 1049 4973 τοῦ
1099 4922 1304 4991 πατρὸς
1334 4921 1498 4974 αὐτοῦ
1531 4938 1544 4951 ·
1579 4923 1670 4975 καὶ
1701 4926 1854 4993 ροισι-

273 5017 459 5068 λεύσει
494 5018 586 5066 ἐπὶ
613 5018 702 5066 τὸν
731 5009 876 5067 οἷκον
923 5011 1116 5064 Ἰακὼὸ
1162 5015 1241 5076 είς
1298 5014 1423 5075 τοὺς
1479 5013 1703 5078 αἰῶνας,
1758 5015 1854 5067 καὶ

1591 5101 1850 5177 »οὖδὲὴ

276 5202 528 5270 βασιλεία
585 5201 688 5272 είς,
713 5199 911 5260 αἰῶνας
957 5197 1090 5250 οὖσα.
1148 5201 1317 5266 πέρας
1354 5197 1455 5248 οὐκ
1493 5198 1626 5266 ἔχει,
1659 5201 1686 5251 6
1721 5199 1854 5262 Θεὸς

278 5297 427 5345 ἐστιν
462 5292 646 5353 αὐτὸς.
711 5290 873 5342 Ἀλλὰ
935 5289 1028 5342 καὶ
1072 5290 1283 5358 πατέρα
1345 5290 1435 5340 τὸν
1483 5289 1647 5340 Δα6“ιδ
1699 5281 1853 5352 οὗτος

282 5387 416 5453 ἔχει,
442 5381 641 5436 οὐκοῦν
669 5384 763 5434 καὶ
792 5379 1076 5452 ἄνθρωπός
1113 5383 1261 5431 ἐστιν
1293 5381 1320 5430 6
1357 5380 1541 5441 αὐτὸς,
1583 5379 1657 5440 ὼς
1712 5375 1853 5432 εἶναι

282 5480 371 5528 τὶν
401 5474 805 5544 τεχθησόμενον
840 5472 968 5524 Θεὸν
997 5471 1130 5540 ὁμοῦ
1165 5474 1257 5524 καὶ
1297 5470 1602 5540 ἄνθρωπον,
1638 5471 1752 5523 υίόν
1795 5489 1856 5524 τε

287 5569 602 5636 ἀνθρώπου,
635 5568 728 5617 καὶ
757 5565 887 5617 ,Υἰὸν
939 5565 1094 5625 Θεοῦ,
1129 5564 1278 5633 παρὰ
1308 5563 1441 5616 Θεοῦ
1479 5562 1571 5614 καὶ
1621 5563 1856 5632 Πατρὸς,

283 5662 350 5723 ὡς
379 5660 671 5730 ἄνθρωπον
704 5658 800 5726 τὴν
846 5656 1122 5726 ἁδιάδοχον
1153 5655 1426 5725 βασιλείαν
1486 5653 1853 5721 λαμϐάνοντα,

281 5755 350 5817 ὡς
383 5751 492 5807 εἶδε
518 5753 614 5806 καὶ
646 5751 1094 5822 προανεκήρυξεν
1135 5751 1161 5802 ὁ
1187 5747 1387 5819 Δανιὴλ
1411 5763 1426 5779 ο
1485 5766 1502 5798 ι
1551 5746 1857 5816 Ἐθεώρουν

272 5112 371 5178 τῆς
433 5105 706 5174 βασιλείας
766 5105 930 5157 αὐτοῦ
995 5106 1093 5156 οὐκ
1146 5106 1300 5158 ἔσται
1342 5105 1495 5166 τέλος
1531 5121 1545 5135 ·

347 5932 391 5962 *θ
434 5931 537 5984 Isa.
574 5943 675 5992 vn,
716 5927 798 5979 l4.
901 5927 944 5960 θ’
1007 5926 1112 5982 lsa.
1145 5943 1260 5994 vui,
1297 5927 1384 5981 l5.

2030 4200 2212 4266 Quare
2239 4215 2345 4252 non
2389 4196 2463 4250 ait
2495 4209 2509 4248 :
2544 4193 2638 4247 Est
2663 4207 2890 4260 magnus
2921 4202 2973 4245 et
3001 4192 3174 4248 Filius
3227 4195 3536 4264 Altissimi;

1958 4289 2097 4343 bene
2123 4301 2272 4351 vero,
2308 4284 2422 4338 Erit
2443 4296 2495 4338 et
2524 4281 2856 4336 vocabitur?
2890 4280 3027 4346 Quia
3059 4298 3166 4338 non
3201 4286 3307 4340 nisi
3339 4288 3404 4342 de
3431 4289 3540 4343 huc

1959 4380 2219 4436 manitate
2249 4379 2452 4435 Christi
2489 4391 2802 4433 sermonem
2838 4377 3024 4440 habet,
3054 4377 3216 4431 sin-.ul
3246 4379 3536 4436 declarans

1960 4473 2087 4541 quia
2122 4473 2188 4525 ab
2209 4472 2468 4524 omnibus
2495 4477 2856 4538 cognoscetur
2877 4477 2932 4522 et
2961 4468 3030 4522 ab
3055 4470 3136 4522 eis
3161 4478 3220 4522 ut
3248 4471 3370 4524 talis
3393 4487 3534 4540 pra:-

1957 4565 2255 4620 dicabitur.
2287 4564 2364 4618 Ita
2397 4570 2449 4614 et
2473 4561 2678 4615 Paulus
2712 4570 2902 4629 postea
2925 4571 3110 4629 aperte
3134 4561 3312 4618 dixit:
3344 4581 3364 4614 ι
3395 4563 3535 4619 Deus

1959 4655 2350 4712 manifestatus
2385 4662 2469 4710 est
2498 4655 2551 4706 in
2591 4668 2778 4718 carne,
2811 4653 3143 4722 praedicatus
3175 4654 3228 4707 in
3255 4656 3534 4724 gentibus.

1957 4748 2201 4802 creditus
2238 4751 2290 4801 in
2325 4745 2530 4802 mundo
2559 4745 2660 4796 “.1
2699 4743 2804 4798 Sed
2834 4745 2986 4798 addit
3008 4747 3236 4815 angelus
3265 4767 3279 4802 :
3328 4765 3346 4798 ι
3380 4747 3535 4803 Dabit
3584 4743 3621 4802 εἰ.

1956 4836 2006 4891 ei
2039 4835 2302 4890 Dmninus
2336 4834 2476 4888 Deus
2514 4830 2702 4888 sedem
2741 4830 2908 4885 Datid
2955 4834 3123 4900 patris
3177 4835 3319 4902 eius,
3359 4845 3414 4889 et
3449 4851 3538 4891 re-
3581 4832 3583 4834 ’
3626 4827 3629 4832 ’

1960 4926 2146 4996 gnabit
2177 4926 2230 4979 in
2257 4926 2420 4980 domo
2444 4924 2610 4980 Iacob
2634 4926 2689 4978 in
2719 4933 3006 4986 aeternum,
3027 4932 3079 4977 et
3102 4926 3252 4994 regni
3277 4925 3398 4995 ejus
3427 4943 3542 4983 non

1959 5019 2066 5072 erit
2099 5018 2244 5073 ﬁnis.
2287 5036 2306 5068 »
2354 5017 2528 5084 Cujus
2559 5017 2779 5084 quidem
2811 5030 3038 5086 regnum
3082 5016 3246 5084 tinem
3291 5034 3400 5072 non
3444 5020 3542 5075 hac

1967 5109 2079 5171 bet,
2109 5108 2202 5162 hic
2227 5117 2311 5162 est
2342 5107 2509 5162 Deus.
2543 5107 2660 5176 Ipse
2692 5116 2874 5162 autem
2913 5115 2970 5162 et
2997 5106 3164 5162 David
3196 5121 3406 5178 patrem
3442 5113 3540 5165 ha-

1970 5200 2095 5262 bet;
2133 5199 2296 5267 igitur
2331 5198 2472 5252 idem
2509 5209 2593 5252 est
2616 5198 2780 5252 etiam
2819 5199 3003 5261 homo,
3045 5198 3118 5253 ita
3155 5209 3216 5253 ut
3244 5202 3542 5270 pariendus

1969 5291 2040 5345 sit
2065 5291 2208 5344 Deus
2239 5289 2405 5344 simul
2430 5300 2486 5351 et,
2514 5290 2700 5352 homo,
2742 5287 2917 5342 Filius
2947 5288 3040 5344 Dei
3071 5299 3125 5344 et
3155 5289 3416 5358 hominis,
3449 5309 3542 5348 ac-

1967 5391 2119 5450 cepta
2158 5397 2188 5436 a
2241 5381 2346 5435 Deo
2378 5389 2433 5436 et
2467 5396 2494 5433 a
2542 5379 2703 5434 Patre
2755 5381 2898 5451 regia
2936 5389 3208 5448 potestate
3246 5397 3409 5450 quam
3448 5397 3545 5437 ne-
3599 5403 3602 5406 λ
3659 5364 3664 5369 ’

1968 5472 2102 5524 mini
2157 5473 2462 5526 successori
2517 5472 2812 5539 relinquet,
2863 5471 3008 5526 sicut
3040 5469 3178 5524 vidit
3202 5479 3258 5526 el.
3296 5473 3545 5541 praecinit

1968 5563 2155 5618 Daniel
2183 5565 2374 5619 dicens
2414 5580 2427 5618 :
2478 5547 2881 5632 clAspiciebam
2929 5564 3106 5617 donec
3153 5563 3337 5620 throni
3380 5565 3545 5633 positi

1968 5664 2118 5718 sunt,
2160 5665 2214 5709 et
2249 5657 2523 5726 Antiquus
2555 5657 2770 5711 dierum
2797 5655 2958 5716 sedit,
2987 5663 3043 5708 et
3069 5669 3198 5709 ecce
3225 5656 3361 5711 cum
3385 5655 3546 5710 nubi-

1970 5747 2073 5802 bus
2113 5747 2239 5801 coeli
2277 5747 2436 5817 quasi
2478 5747 2648 5803 Filius
2684 5744 2924 5804 hominis
2963 5746 3236 5812 veniebat,
3265 5757 3320 5804 et
3370 5759 3548 5816 usque

1467 5931 1509 5962 "
1545 5929 1650 5983 lsa.
1680 5944 1754 5995 Ix,
1811 5929 1864 5980 6.
1941 5927 2037 5980 1ἐἸ
2079 5925 2220 5980 Tim.
2276 5925 2450 5993 "1,16.
