4046 6444
579 504 678 566 175
1829 507 2206 570 GREGORII
2247 511 2570 571 PALMLE
3688 515 3778 576 lib

571 614 637 666 ad
669 611 952 682 antiquum
986 613 1195 667 dierum
1231 616 1492 683 pervenit,
1529 624 1582 668 et
1616 615 1680 669 de
1705 615 1761 669 iit
1798 615 1848 670 ei
1884 625 2103 685 potesta-

2220 619 2354 689 γὰρ,
2389 619 2575 687 φησὶν,
2624 617 2728 683 ἕως
2761 610 2822 672 οῦ
2883 617 3065 689 θρόνοι
3111 617 3377 688 ἐτέθησαν
3428 619 3522 673 καὶ
3571 622 3785 687 παλαιὸς

572 715 676 755 mu
704 714 758 757 et
793 705 1050 758 honorem
1081 712 1136 759 et
1167 719 1394 775 regnum
1424 723 1438 771 ;
1469 706 1556 775 cju
1581 741 1586 747 .
1619 720 1804 776 regum
1833 716 2103 769 aeternum1

2234 711 2267 779 ᾖ
2277 709 2461 779 μερῶν
2490 709 2714 762 ἐκάθισε
2744 723 2760 739 ·
2798 709 2892 763 καὶ
2927 707 3035 762 ἰδοῦ
3068 709 3144 772 ὡς
3173 708 3285 771 υἱὸς
3318 709 3604 779 ἀνθρώπου
3637 713 3783 782 ἐρχό-

568 804 620 845 et
645 803 764 859 p-ite
798 804 879 848 tas
905 794 1024 863 ejus
1057 797 1210 850 alteri
1243 813 1346 851 non
1380 797 1791 866 derelinquetut‘
1810 797 1877 851 “.
1919 817 1939 850 ι

2239 815 2399 868 μενος
2422 798 2515 851 ἐπὶ
2543 799 2651 851 τῶν
2679 799 2923 869 νεφελῶν
2949 799 3044 852 τοῦ
3069 800 3325 870 ούρανοῦ,
3367 802 3462 856 καὶ
3504 803 3660 874 μέχρι
3701 806 3787 858 τοῦ

569 887 680 956 76
709 885 940 940 παλαιοῦ
971 885 1076 936 τῶν
1103 886 1326 956 ήμερῶν
1353 885 1579 955 ἐφθασε,
1605 887 1698 940 καὶ
1727 886 1876 957 αὐτῷ
1906 887 2065 956 ἐδόθη
2101 889 2135 956 ή
2170 886 2308 956 τιμὴ
2339 888 2434 940 καὶ
2467 889 2499 958 ή
2531 888 2751 955 ἐξουσία
2775 905 2794 923 ο
2821 889 2915 943 καὶ
2942 890 2976 960 ή
3020 889 3268 959 βασιλεία
3327 889 3492 946 αὑτοῦ
3559 892 3790 962 βασιλεία

566 983 804 1044 αἰώνιος,
831 987 926 1035 καὶ
978 981 1189 1051 βασιλεῖ
1225 983 1397 1052 ἑτέρῳ
1443 983 1558 1052 οὖχ-
1592 982 2065 1054 ὑπολειφθήσεται.
2106 1003 2126 1034 ι

633 1075 789 1130 Certe
818 1073 1062 1143 regnabit
1087 1088 1250 1142 super
1283 1075 1542 1127 thronum
1575 1072 1767 1142 David,
1796 1084 1850 1130 et
1881 1075 2102 1146 reguabi

2312 1077 2542 1132 Καθίσει
2569 1077 2627 1131 δὲ
2655 1079 2746 1132 ἐπὶ
2775 1078 2868 1132 τὸν
2897 1077 3091 1148 θρόνον
3125 1077 3310 1138 easta.
3362 1075 3460 1131 καὶ
3495 1077 3790 1147 βασιλεύσει

563 1167 618 1222 in
655 1166 816 1220 domo
838 1165 1029 1230 Jacob,
1053 1179 1174 1219 eum
1208 1163 1377 1220 Jacob
1405 1166 1628 1236 quidem
1657 1166 1729 1220 sit
1760 1166 2005 1222 omnium
2035 1182 2103 1235 qu

2236 1167 2329 1221 ἐπὶ
2360 1170 2450 1220 τὸν
2487 1161 2638 1222 οἶκον
2663 1168 2865 1222 Ἰακώϐ
2892 1182 2910 1198 ·
2943 1167 3246 1238 ἐπειδήπερ
3272 1170 3301 1223 ὁ
3344 1169 3447 1240 μὲν
3474 1167 3670 1222 Ἰακὼό
3695 1186 3791 1222 πα·
3819 1224 3826 1226 _

563 1257 730 1312 Deum
768 1268 1027 1311 verentur
1060 1251 1413 1324 patriarcha,‘
1435 1255 1604 1311 David
1636 1265 1817 1312 autem
1851 1257 1976 1327 pius
2013 1269 2102 1311 om

2234 1256 2499 1327 τριάρχης
2532 1255 2642 1310 τῶν
2674 1255 2946 1310 θεοσεσῶν
2971 1257 3118 1310 ἐστιν
3142 1256 3423 1321 ἁπάντων,
3467 1257 3494 1310 ὁ
3531 1257 3587 1310 δέ
3636 1257 3792 1310 Δασὶδ

560 1347 710 1401 nium
763 1361 952 1416 regum
986 1346 1193 1415 primus
1224 1347 1555 1416 regnaverit,
1581 1361 1612 1401 a
1649 1347 1758 1402 Deo
1785 1353 2041 1416 acceptus
2071 1345 2103 1400 it

2232 1348 2450 1419 πρῶτος
2479 1347 2736 1403 ἁπάντων
2774 1347 3044 1411 θεοσεϐῶς
3073 1347 3214 1417 ὁμοῦ
3242 1349 3338 1402 καὶ
3377 1347 3685 1418 θεαρέστως
3711 1351 3787 1413 εἰς

561 1440 784 1506 ﬁguram
817 1438 1022 1492 Christi
1056 1437 1148 1506 qui
1177 1439 1598 1507 patriarchalem
1635 1449 1688 1494 et
1740 1437 1942 1508 regiam
1975 1446 2103 1507 pote

2228 1439 2401 1493 τύπον
2423 1438 2745 1493 ἐϐασίλευσε
2788 1438 3025 1509 Χριστοῦ
3052 1453 3066 1469 ·
3110 1438 3170 1502 ὃς
3201 1439 3572 1511 πατριαρχίαν
3603 1456 3660 1491 τε
3702 1440 3792 1492 καὶ

561 1540 750 1585 statem
783 1529 836 1582 in
867 1545 1032 1582 unum
1065 1530 1336 1584 caelestem
1371 1538 1426 1583 et
1460 1539 1723 1584 aeternum
1761 1529 2103 1599 principatun

2225 1531 2505 1600 βασιλείαν
2532 1532 2611 1594 είς
2641 1531 2770 1600 μίαν
2804 1531 3057 1599 οὐράνιον
3088 1531 3185 1584 καὶ
3235 1530 3460 1584 αἰώνιον
3493 1531 3787 1598 συνήγαγεν

561 1623 860 1694 :onjunxit.
900 1619 1062 1691 Virgo
1123 1636 1252 1674 vero
1295 1619 1714 1690 gratiosissima,
1763 1619 1963 1674 auditis
2012 1627 2103 1673 tan

2222 1623 2420 1693 ἀρχήν.
2465 1621 2528 1675 Ἦ
2562 1623 2619 1676 δέ
2670 1621 3097 1693 κεχαριτωμένη
3150 1619 3427 1692 Παρθένος
3479 1621 3587 1674 τῶν
3628 1619 3788 1682 οὕτως

559 1717 712 1769 novis
737 1725 956 1782 tamque
982 1713 1183 1766 divinis
1208 1712 1277 1765 ab
1321 1711 1516 1782 angelo
1549 1712 1615 1765 ad
1648 1712 1820 1780 ipsam
1854 1709 2103 1767 sermoni!

2221 1713 2476 1778 ἐξαισίων
2541 1714 2637 1768 καὶ
2685 1712 2844 1767 θείων
2905 1712 2980 1776 ώς
3023 1715 3224 1784 ήκουσε
3287 1711 3384 1766 τοῦ
3448 1713 3789 1783 ἀρχαγγέλου

557 1815 655 1860 bus
685 1821 700 1862 :
744 1823 762 1855 ι
786 1803 1056 1857 Dominus
1087 1813 1362 1866 tecum,...
1389 1813 1443 1858 et
1462 1817 1590 1857 ecce
1616 1801 1892 1871 concipias
1913 1817 2035 1867 ;...)
2069 1814 2103 1853 ο

2221 1805 2359 1874 πρὸς
2388 1806 2560 1875 αὐτὴν
2590 1804 2874 1877 ῥημάτων,
2893 1805 2976 1858 δτι
3017 1804 3078 1858 ’0
3109 1803 3314 1876 Κύριος
3346 1803 3490 1874 μετὰ
3545 1803 3660 1870 σοῦ,
3700 1803 3790 1857 καὶ

555 1895 779 1950 habebis
814 1891 1012 1947 Filium
1070 1901 1386 1964 regnantem
1437 1894 1491 1947 in
1541 1902 1805 1947 aternum
1855 1891 2097 1946 Altissim

2231 1897 2341 1952 ἰδοὺ
2397 1896 2666 1968 συλλήψῃ,
2701 1897 2798 1950 καὶ
2820 1894 2935 1949 υἱὸν
2956 1895 3120 1963 ἕξεις,
3145 1896 3239 1948 τὸν
3280 1895 3637 1966 βασιλεύοντα
3686 1893 3788 1948 τῶν

555 1983 744 2039 Filium
777 2001 791 2038 :
829 2003 846 2035 ι
876 1983 1182 2050 Quomodo,
1207 1983 1300 2046 ait,
1329 1985 1416 2036 ﬁet
1446 1983 1631 2038 istud?
1654 1984 1907 2052 quoniam
1942 1983 2103 2037 virun

2223 1989 2435 2042 αἰώνων
2472 1989 2566 2042 τοῦ
2609 1988 2864 2059 Ὑψίστου
2895 1987 3024 2040 Υἱὸν
3058 2003 3072 2018 ·
3103 2004 3122 2039 ι
3163 1985 3288 2051 Πῶς
3309 1985 3467 2041 ἐσται
3493 2004 3603 2056 μοι,
3637 1985 3786 2056 φησὶ,

552 2092 659 2130 neu
683 2091 974 2146 cognosco;
997 2093 1016 2126 ι
1039 2074 1168 2129 licet
1191 2075 1527 2143 spiritualem
1543 2075 1704 2130 nimis
1720 2075 2124 2145 corporalibus-

550 2183 655 2239 que
681 2167 1028 2238 passionibus
1059 2169 1396 2237 superiorem
1423 2167 1556 2222 mihi
1592 2168 1841 2222 nuntium
1882 2167 2080 2224 afferas
2103 2206 2119 2234 ,

550 2270 730 2314 tamen
753 2259 887 2314 mihi
911 2257 1150 2329 loqueris
1171 2258 1223 2312 in
1244 2267 1401 2314 utero
1415 2262 1852 2330 conceptionem,
1871 2269 1922 2314 et
1945 2261 2124 2331 gravi-

549 2351 772 2406 ditatem
818 2357 873 2404 et
903 2360 1118 2418 partum
1151 2363 1274 2418 qua:
1325 2349 1733 2420 conceptionem
1775 2360 2116 2418 sequentur;

547 2439 821 2510 quomodo
835 2453 966 2509 ergo
984 2437 1118 2493 mihi
1131 2440 1234 2492 erit
1251 2438 1418 2505 istud,
1435 2443 1692 2508 quoniam
1713 2439 1887 2494 virum
1902 2455 2011 2494 non
2029 2455 2120 2496 co-

549 2527 790 2600 gnosco?
810 2522 902 2584 Sic
923 2528 1068 2582 fatur
1087 2525 1273 2600 Virgo,
1296 2542 1403 2582 non
1425 2529 1552 2599 quia
1581 2529 1820 2585 nondum
1839 2529 2117 2594 credebat,

549 2621 642 2675 sed
668 2620 794 2691 quia
827 2619 1036 2675 discere
1064 2627 1332 2690 quantum
1360 2628 1593 2689 poterat,
1617 2621 1892 2689 quomodo
1913 2635 2001 2676 res
2023 2620 2116 2675 ﬁe—

549 2723 654 2777 ret,
683 2708 1125 2779 concupiscebat.
1151 2709 1446 2778 Propterea
1475 2710 1833 2780 archangclus
1853 2710 1918 2764 ad
1941 2725 2062 2764 eam
2095 2727 2109 2763 :

555 2821 574 2854 ε
611 2801 870 2872 Spiritus,
916 2801 1017 2866 ait,
1053 2808 1278 2855 sanctus
1305 2801 1656 2872 superveniet
1682 2800 1735 2854 in
1765 2810 1837 2868 te,
1865 2811 1919 2856 et
1941 2802 2114 2860 virtus

544 2867 813 2946 Altissimi
841 2867 1197 2945 obumbrabit
1238 2888 1334 2943 tibi
1357 2867 1390 2954 ς’
1410 2867 1532 2943 σεο
1572 2899 1626 2942 et
1667 2867 1829 2958 quod
1857 2901 2114 2946 nascetur

543 2989 795 3040 sanetum
825 2981 1108 3037 vocabitur
1135 2977 1307 3034 Filius
1343 2977 1458 3034 Dei.
1497 2997 1516 3031 ι
1544 2977 1662 3034 Jam
1695 2981 1911 3049 quidem
1982 2997 2112 3035 san-

543 3085 630 3128 cta
665 3089 746 3138 es,
785 3073 987 3142 inquit,
1035 3086 1068 3127 ο
1101 3068 1287 3142 Virgo,
1324 3070 1595 3141 plenaque
1640 3071 1835 3141 gratia,
1871 3071 2109 3142 Spiritus

538 3172 724 3218 tamen
755 3171 979 3218 sanctus
1005 3160 1350 3232 superveniet
1370 3161 1423 3214 in
1457 3169 1510 3215 te
1531 3176 1628 3231 per
1652 3162 1885 3231 amplius
1902 3163 2073 3216 sancti

542 3253 818 3308 ﬂcatiouis
845 3253 1271 3320 incrementum,
1321 3254 1596 3308 instruens
1625 3262 1680 3307 et
1707 3267 2018 3323 praeparans
2053 3253 2106 3325 in

541 3351 598 3400 te
625 3343 717 3398 Dei
763 3343 1135 3413 operationem
1165 3384 1180 3408 ,
1209 3351 1264 3397 et
1290 3342 1469 3398 virtus
1509 3343 1778 3398 Altissimi
1813 3345 2106 3398 obumbra-

539 3432 620 3490 bit
649 3433 744 3487 tibi
773 3432 938 3489 situui
967 3432 1352 3495 corroborans,
1379 3432 1542 3501 vique
1591 3433 2031 3488 obumbrationis
2054 3445 2110 3489 et

539 3524 818 3579 societatis
846 3523 901 3576 in
937 3531 988 3576 te
1020 3521 1325 3576 inlormans
1355 3522 1775 3588 humanitatem,
1808 3540 1904 3580 seu
1934 3535 1991 3579 ut
2032 3526 2106 3581 ita

539 3613 740 3676 dicam,
778 3611 910 3666 illud
939 3611 1085 3680 quod
1134 3621 1390 3664 noscetur
1425 3619 1706 3676 sanctum,
1745 3611 1841 3667 Dei
1881 3613 2101 3680 Filium,

538 3703 806 3759 Altissimi
839 3704 1093 3756 virtutem
1127 3690 1363 3755 humana
1417 3701 1595 3756 forma
1652 3703 1923 3758 indutam.
1968 3703 2101 3759 Nam

536 3810 665 3852 ecce
731 3793 1009 3849 Elisabeth
1067 3803 1293 3863 cognata
1365 3801 1501 3860 tua,
1585 3792 1713 3848 licet
1774 3794 1829 3848 in
1905 3797 2106 3850 strrili-

537 3895 648 3942 tate
693 3893 804 3942 tota
847 3887 954 3940 vita
1012 3894 1327 3949 transaCIa,
1379 3901 1524 3940 nunc
1591 3884 1644 3939 in
1699 3897 1978 3942 senectute
2033 3904 2098 3942 ex

535 3979 652 4032 sola
724 3977 816 4032 Dei
864 3977 1145 4032 voluntate
1199 3977 1371 4030 lilium
1417 3977 1688 4046 concepit,
1749 3997 1768 4029 ε
1811 3979 1937 4047 quia
1993 3994 2101 4033 non

535 4069 642 4122 erit
706 4067 1042 4137 impossibile
1103 4068 1246 4137 apud
1313 4066 1480 4119 Dcum
1547 4082 1708 4121 omne
1769 4073 2011 4122 verbum.
2075 4086 2096 4120 ι

535 4162 675 4228 Quid
736 4162 903 4230 igitur
965 4170 1089 4232 post
1153 4160 1279 4213 talia
1333 4158 1498 4229 Virgo
1557 4160 1952 4228 gratiosissimo
2011 4164 2100 4215 cui

535 4253 681 4306 tmlla
727 4261 946 4320 propter
982 4265 1138 4304 suam
1179 4265 1301 4305 cum
1349 4249 1460 4303 Deo
1488 4252 1935 4320 conjunctionem
1967 4268 2100 4308 con-

536 4343 666 4400 ferri
702 4343 920 4412 potest?
967 4341 1165 4396 lterum
1206 4343 1272 4396 ad
1312 4341 1481 4397 Deum
1533 4343 1706 4398 currit
1756 4354 1809 4398 et
1843 4361 1938 4414 per
1973 4360 2098 4400 ora-

2220 2082 2426 2148 τοῦτο;
2483 2083 2606 2136 ἐπεὶ⁷
2668 2081 2836 2152 ἄνδρα
2887 2081 2951 2136 οὐ
3012 2079 3288 2148 γινώσκω.
3332 2098 3355 2134 ι
3413 2081 3478 2135 El
3537 2081 3646 2150 γὰρ
3697 2079 3787 2134 καὶ

2221 2176 2591 2245 πνευματικὸν
2619 2177 2780 2244 ἄγαν,
2813 2174 2910 2229 καὶ⁹
2951 2173 3233 2244 σαρκικῶν
3278 2172 3478 2228 παθῶν
3511 2173 3787 2242 ύπερανῳ-

2219 2268 2478 2336 κισμένον
2507 2282 2601 2337 μοι
2631 2266 2877 2335 κομίζεις
2899 2267 2960 2318 τὸ
2988 2264 3329 2333 εὐαγγέλιον,
3364 2264 3502 2318 ἀλλὰ
3537 2263 3787 2333 σύλληψίν

2222 2375 2314 2430 μοι
2335 2358 2514 2426 λέγεις
2543 2358 2602 2411 ἐν
2637 2356 2856 2434 γαστρὶ.
2891 2357 2986 2410 καὶ
3015 2356 3214 2426 κύησιν
3246 2357 3344 2409 καὶ
3381 2357 3568 2420 τόκον,
3599 2355 3691 2409 καὶ
3729 2353 3786 2406 τδ

2222 2449 2334 2503 ίδοὺ
2362 2447 2662 2520 προστίθης
2690 2447 2783 2502 ἐπὶ
2819 2448 2921 2518 τῆς
2957 2447 3272 2517 συλλήψεως
3300 2462 3314 2477 ³
3355 2447 3478 2512 πῶς
3517 2443 3610 2501 οῦν
3642 2447 3788 2499 ἔσται

2219 2559 2312 2613 μοι
2339 2539 2497 2595 τοῦτο
2527 2556 2543 2607 ;
2587 2540 2712 2594 ἐπεὶ
2745 2539 2936 2611 ἄνδρα,
2967 2539 3154 2610 φησὶν,
3181 2538 3243 2592 οὐ
3290 2539 3578 2607 γινώσκω.
3627 2537 3790 2592 Τοῦτο

2213 2635 2270 2688 δέ
2301 2651 2465 2704 φησιν
2490 2635 2523 2701 ή
2560 2631 2831 2702 Παρθένος
2859 2629 3040 2684 οὐκέτ’
3086 2629 3422 2698 ἀπιστοῦσα,
3486 2631 3674 2702 μαθεῖν
3735 2629 3791 2682 δὲ

2214 2723 2276 2779 τδ
2310 2725 2540 2795 πρᾶγμα
2565 2722 2703 2776 κατᾶ
2729 2722 2788 2776 τὸ
2811 2721 3034 2775 δυνατὸν
3065 2721 3142 2785 ὡς
3184 2722 3300 2792 ἔχει
3361 2722 3600 2794 ζητοῦσα
3632 2739 3647 2756 ⁶
3701 2721 3786 2776 διὰ

2213 2817 2373 2872 τοῦτο
2396 2817 2490 2870 καὶ
2517 2817 2544 2870 ὁ
2573 2813 2913 2885 ἀρχάγγελος
2933 2814 3069 2883 πρὸς
3095 2812 3286 2884 αὗτὴν,
3356 2833 3378 2869 ε
3415 2814 3662 2885 Πνεῦμα,
3687 2829 3786 2884 φη-

2214 2907 2322 2976 σὶν,
2353 2909 2506 2978 ἅγιον
2535 2907 2887 2961 ἐπελεύσεται
2918 2905 3011 2958 ἐπί
3039 2904 3119 2970 σὺ,
3145 2907 3240 2960 καὶ
3257 2905 3496 2978 δύναμις
3531 2905 3782 2976 Ὑψίστου
3843 2915 3859 2936 '

2211 2999 2522 3054 ἐπισκιάσει
2555 3015 2638 3052 σοι
2670 3012 2684 3027 ·
2745 2995 2827 3050 διδ
2859 2995 3040 3050 καὶτὸ
3067 2996 3411 3066 γεννώμενον
3461 2997 3618 3066 ἅγιον
3659 2997 3784 3066 κλη-

2211 3089 2434 3160 θήσεται
2489 3087 2616 3152 Υἱὸς
2677 3085 2813 3141 Θεοῦ
2846 3100 2860 3114 ⁶
2897 3105 2918 3137 ι
2957 3086 3086 3154 ἁγία
3130 3086 3227 3156 μὲν
3269 3088 3382 3157 γὰρ
3407 3083 3462 3143 εἳ
3488 3089 3576 3154 σὺ,
3633 3086 3780 3158 φησὶ,

2133 3209 2178 3269 c
2210 3179 2304 3233 aut
2328 3178 2764 3249 κεχαριτωμένη,
2787 3176 3032 3269 Παρθένε
3061 3194 3075 3209 ο
3107 3174 3332 3246 Πνεῦμα
3362 3177 3422 3231 δὲ
3445 3178 3610 3234 πάλιν
3636 3180 3782 3269 ᾅγιον

2209 3270 2561 3324 ἐπελεύσεται
2591 3269 2683 3321 ἐπὶ
2717 3271 2797 3334 σέ,
2824 3267 2895 3321 δι’
2919 3268 3197 3337 ἀγιασμοῦ
3230 3269 3562 3340 προσθήκης
3588 3268 3785 3338 ὑψηλο-

2208 3363 2407 3432 τέρας,
2456 3359 2746 3430 ἐτοιμάζον
2797 3357 2893 3412 καὶ
2944 3357 3387 3428 προκαταρτίζον
3449 3359 3550 3430 τήν
3597 3360 3656 3412 ἐν
3703 3357 3783 3410 σοὶ

2208 3454 2496 3523 θεουργίαν
2526 3468 2540 3483 °
2592 3451 2688 3505 καὶ
2737 3451 2966 3520 δύναμις
3005 3450 3261 3520 Ὑψίστου
3303 3452 3627 3505 ἐπισκιάσει
3681 3467 3783 3514 σοι,

2209 3542 2686 3613 συνεπιῤῥωννῦσά
2709 3558 2768 3595 τε
2796 3541 2912 3611 ἅμα
2934 3541 3028 3595 καὶ
3055 3539 3144 3594 διὰ
3188 3541 3287 3610 τῆς
3329 3545 3390 3596 ἐν
3414 3544 3500 3596 σοὶ
3535 3545 3782 3596 ἐπισκιά-

2207 3653 2345 3700 σεως
2373 3637 2468 3688 καὶ
2502 3633 2804 3704 συναφείας
2839 3634 3005 3704 ἐαυτῇ
3033 3632 3322 3702 μορφοῦσα
3372 3634 3478 3704 τήν
3503 3632 3786 3705 ἀνθρωπόα-

2203 3744 2363 3797 τητα,
2392 3725 2466 3788 ὡς
2499 3719 2719 3779 εἶναιτὸ
2753 3722 3092 3793 γεννώμενον
3141 3721 3328 3791 ἅγιον,
3361 3725 3496 3778 Υίδν
3525 3721 3788 3790 Θεοῦ,δύ-

2205 3835 2369 3888 ναμιν
2434 3817 2689 3886 Ὑψίστου
2747 3813 3187 3885 μεμορφωμένην
3261 3813 3389 3866 κατ’
3460 3813 3783 3884 ἄνθρωπον·

2208 3910 2319 3964 ίδοὺ
2351 3910 2460 3980 γὰρ
2489 3909 2583 3961 καὶ
2629 3906 2904 3959 Ἐλισάὁετ
2929 3906 2964 3976 ή
3008 3904 3276 3973 συγγενής
3306 3922 3406 3958 σου
3443 3907 3638 3980 στείρα
3695 3903 3782 3956 τὸν

2203 4001 2420 4056 ἅπαντα
2482 3998 2785 4052 διανύσασα
2821 3996 2969 4066 βίον,
3005 3995 3102 4048 νῦν
3139 3997 3216 4061 -ἐν
3257 3969 3620 4067 γήρᾳ,.Θεοῦ
3666 3995 3787 4066 βου-

2202 4091 2480 4161 λτιθέντος,
2500 4087 2818 4160 παραδόξως
2847 4088 3130 4156 κυοφορεῖ,
3172 4087 3254 4140 ὅτι
3303 4089 3410 4142 οὐκ
3458 4089 3786 4152 ἀδυνατήσει

2203 4179 2354 4249 παρὰ
2391 4179 2469 4248 τῷ
2488 4177 2606 4244 Θεῷ
2634 4177 2742 4229 πᾶν
2785 4177 2958 4245 ῥῆμα.
3013 4173 3078 4227 Τί
3125 4173 3219 4227 οὖν
3271 4177 3305 4245 ή
3367 4177 3785 4248 κεχαριτωμένη

2204 4273 2342 4342 πρδς
2404 4268 2575 4322 ταῦτα
2633 4266 2929 4334 Παρθένος,
2979 4265 3068 4318 καὶ
3105 4265 3204 4336 τὴν
3254 4267 3484 4323 σύνεσιν
3525 4269 3646 4323 θεία
3695 4266 3788 4321 καὶ

2203 4359 2582 4432 ἀπαρὰμιλλος
2607 4376 2622 4424 ;
2651 4358 2818 4410 Πάλιν
2849 4357 2984 4424 πρὸς
3009 4355 3102 4408 τὸν
3131 4356 3263 4408 Θεὸν
3293 4359 3513 4429 τρέχει,
3567 4358 3666 4412 καὶ
3723 4356 3787 4409 δι’

535 4436 740 4488 tionem
774 4435 841 4486 ad
879 4433 1056 4500 ipsum
1089 4433 1348 4498 intendit,
1381 4433 1768 4505 archangelum
1798 4435 1958 4491 allata
1989 4453 2003 4490 :
2040 4437 2096 4492 Si

2204 4451 2371 4521 εὐχῆς
2400 4451 2533 4521 πρὸς
2559 4449 2719 4502 αὑτὸν
2742 4445 3108 4510 ἀνατείνεται,
3142 4444 3279 4514 πρὸς
3307 4447 3404 4500 τὸν
3434 4448 3786 4520 ἀρχάγγελον

501 4525 794 4597 .Spiritus,
827 4535 886 4580 ut
938 4525 1043 4590 ais,
1099 4538 1322 4580 sanctus
1352 4527 1698 4595 superveniet
1750 4527 1804 4581 in
1858 4544 1944 4582 me
2000 4533 2094 4600 qui

2204 4542 2436 4608 λέγουσα
2461 4556 2473 4570 ’
2497 4539 2556 4592 Εἰ
2594 4537 2839 4607 Πνεῦμα,
2877 4535 3020 4588 καθὰ
3051 4536 3178 4606 φῂς,
3221 4535 3381 4604 ἆγιον
3431 4539 3790 4593 ἐπελεύσεται

535 4632 711 4673 meam
743 4627 997 4670 naturam
1039 4617 1295 4686 purilicet
1341 4627 1394 4671 et
1424 4618 1708 4672 continuet
1737 4619 1802 4674 ad
1833 4621 2102 4691 recipien-

531 4706 664 4761 dum
721 4704 1016 4759 salutarem
1067 4712 1308 4772 partum,
1357 4705 1403 4758 si
1459 4704 1634 4761 virtus
1686 4707 1958 4762 Altissimi
2009 4725 2097 4766 me

534 4796 886 4852 obumbrabit
912 4795 978 4849 ad
1013 4793 1412 4849 eil'ormandum
1446 4797 1500 4850 in
1537 4811 1623 4852 me
1655 4801 1956 4855 secundum
1991 4803 2092 4856 hu.

531 4888 849 4944 manitatem
885 4887 1037 4941 illum
1077 4889 1168 4957 qui
1204 4898 1288 4942 est
1312 4886 1365 4940 in
1397 4886 1572 4940 forma
1608 4888 1727 4955 Dei,
1753 4899 1808 4945 et
1841 4889 2096 4963 emungen-

533 4983 657 5037 dam
708 4982 827 5036 sine
858 4980 1062 5034 semine
1123 4979 1355 5046 prolem,
1391 4978 1436 5034 si
1491 4980 1636 5049 quod
1689 4993 1946 5040 nascetur
1991 4989 2097 5042 erit

528 5082 822 5132 sanctum,
879 5079 932 5123 et
981 5067 1150 5123 Filius
1204 5069 1296 5122 Dei
1357 5081 1412 5122 et
1469 5069 1610 5125 Deus
1669 5084 1725 5127 et
1790 5090 1882 5130 rex
1947 5093 2094 5134 sem-

528 5167 800 5235 piternus,
857 5176 964 5216 non
1021 5172 1105 5216 est
1149 5162 1296 5216 enim
1345 5163 1678 5233 impossibile
1731 5169 1871 5237 apud
1926 5171 2093 5224 lieum

529 5271 693 5313 omne
735 5254 958 5310 verbum
996 5270 1010 5305 :
1049 5272 1068 5305 ι
1111 5253 1248 5308 Ecce
1298 5256 1494 5309 ancilla
1544 5258 1782 5324 Domini,
1838 5261 1924 5315 liat
1959 5262 2090 5315 mihi

528 5347 826 5404 secundum
890 5346 1113 5400 verbum
1188 5357 1362 5400 tuum.
1407 5365 1425 5398 ι
1494 5347 1554 5402 Ει
1617 5351 1870 5406 discessit
1919 5369 2084 5423 auge-

526 5440 612 5494 lus
692 5437 760 5490 ab
813 5450 876 5489 ea
930 5436 1246 5504 relinquens
1309 5437 1362 5489 in
1425 5447 1580 5522 utero
1658 5431 1805 5498 illius
1866 5445 2087 5513 corpori

529 5528 898 5583 coadunatum
951 5527 1196 5579 ornnium
1255 5529 1616 5594 conditorem,
1682 5545 1734 5587 et
1796 5549 1889 5602 per
1930 5534 2088 5589 istam

526 5618 972 5685 coniunctionem
1047 5617 1132 5670 cui
1204 5618 1536 5676 ministravit
1601 5623 1830 5694 largitus
1887 5626 2091 5681 mundo

529 5711 780 5763 salutem.
853 5707 926 5760 ita
980 5724 1111 5764 sane
1169 5709 1336 5764 Isaias
1396 5727 1496 5781 per
1547 5729 1611 5770 ea
1666 5732 1786 5784 qua:
1850 5718 1981 5770 vidit
2037 5727 2089 5770 et

600 5886 644 5916 ³³
669 5884 803 5941 Dan.
838 5899 933 5956 γει,
961 5885 1013 5954 9,
1068 5885 1149 5955 l5,
1187 5887 1275 5942 14.

1620 6003 1721 6036 υτον-δ”
1746 6035 1760 6044 .
1790 6012 1828 6028 “"
1849 6005 2204 6040 5<~;«.'.u.a-e.nmxr~
2227 6003 2336 6023 -“·⁶⁹”“

2199 4629 2285 4682 ἐπ’
2314 4630 2439 4696 ἐμὲ,
2469 4626 2568 4697 τὴν
2596 4625 2734 4696 ἐμὴν
2769 4627 2933 4692 φύσιν
2969 4625 3049 4677 ἐτι
3088 4626 3354 4695 καθαῖρον
3395 4632 3492 4683 καὶ
3538 4629 3789 4700 ἐνισχύον

2197 4718 2457 4784 δέξασθαί
2491 4735 2558 4787 με
2583 4717 2642 4769 τὸ
2672 4717 2942 4784 σωτήριον
2972 4715 3160 4784 κύημα
3184 4729 3198 4742 ⁶
3227 4719 3278 4768 εἰ
3325 4717 3573 4790 δύναμις
3621 4717 3789 4791 ’Υψί-

2196 4825 2324 4861 στου
2357 4807 2667 4860 ἐπισκιάσει
2727 4821 2842 4875 μοι,
2879 4803 3166 4875 μορφοῦσα
3223 4809 3351 4860 κατ’
3393 4809 3696 4880 ἄνθρωπον
3733 4812 3792 4862 ἐν

2195 4902 2318 4971 ἐμοὶ
2351 4904 2443 4953 τὸν
2471 4902 2528 4953 ἐν
2556 4900 2736 4968 μορφῇ
2765 4895 2899 4950 Θεοῦ
2929 4897 3080 4962 ὄντα,
3113 4897 3655 4970 κα“ιδημιουργοῦσα
3693 4902 3784 4954 λο-

2195 4990 2348 5060 χείαν
2385 4988 2624 5058 ἄσπορον
2659 5003 2671 5016 ·
2705 4989 2754 5040 εί
2807 4987 2868 5039 τὸ
2896 4987 3235 5056 γεννώμενον
3275 4989 3440 5055 ἅγιον
3510 4993 3607 5046 καὶ
3666 4993 3791 5054 Υἱὸς

2193 5078 2348 5142 Θεοῦ,
2377 5076 2472 5129 καὶ
2499 5075 2632 5137 Θεὸς
2674 5075 2771 5128 καὶ
2803 5075 3054 5143 βασιλεὺς
3088 5077 3307 5139 αἰώνιος
3339 5094 3356 5107 ·
3410 5081 3476 5133 οὐ
3519 5092 3634 5152 γαρ
3664 5081 3791 5135 ἀδυ-

2193 5173 2344 5225 νατεί
2373 5169 2526 5240 παρὰ
2555 5169 2632 5238 τῷ
2665 5167 2785 5237 Θεῷ
2804 5170 2912 5222 πᾶν
2949 5170 3099 5240 ῥῆμα
3129 5187 3143 5201 ·
3180 5189 3200 5222 ι
3240 5171 3375 5226 Ἰδοὺ
3421 5176 3456 5244 ή
3485 5175 3658 5247 δούλη
3677 5178 3790 5230 Κυ-

2195 5263 2312 5334 ρίου
2346 5277 2361 5292 ο
2397 5261 2605 5330 γένοιτό
2633 5277 2721 5330 μοι
2749 5261 2892 5314 κατὰ
2929 5262 2989 5313 τὸ
3035 5261 3188 5331 ῥῆμά
3214 5279 3332 5316 σου.
3373 5285 3394 5316 ι
3441 5269 3559 5320 Καὶ
3610 5267 3786 5335 ἀπῆλ-

2192 5355 2286 5408 θεν
2319 5354 2412 5407 ὰπ’
2435 5353 2606 5423 αὐτῆς
2635 5355 2663 5406 ὁ
2682 5352 2930 5421 ἄγγελος,
2952 5352 3125 5406 λιπὼν
3155 5356 3213 5406 ἐν
3242 5357 3306 5424 τῇ
3340 5355 3556 5430 γαστρὶ
3586 5359 3790 5428 ταύτης

2200 5447 2410 5516 σώματι
2441 5446 2784 5516 συνημμένον
2827 5444 2919 5498 τὸν
2964 5445 3059 5498 τοῦ
3098 5447 3293 5509 παντὸς
3346 5454 3635 5522 ποιητὴν,
3697 5454 3789 5505 καὶ

2199 5535 2287 5588 διὰ
2315 5535 2416 5604 τῆς
2461 5536 2518 5586 ἐν
2573 5533 2710 5604 αὐτῇ
2763 5533 2966 5602 ταύτης
3012 5535 3324 5605 συναφείας,
3469 5541 3788 5611 διηκόνηῖε.

2201 5624 2540 5695 προξενῄσας
2566 5625 2647 5695 τῷ
2680 5623 2868 5695 κόσμῳ
2919 5625 3016 5694 τὴν
3057 5628 3357 5695 σωτηρίαν.
3393 5629 3562 5684 Οὕτω
3600 5631 3660 5684 δὲ
3696 5631 3790 5684 καὶ

2214 5719 2438 5781 Ἦσαῖας
2460 5718 2527 5771 δι’
2549 5711 2624 5773 ὧν
2657 5718 2756 5789 ήδη
2791 5721 2882 5771 καὶ
2911 5719 3192 5788 μακαρίως
3215 5717 3429 5792 ἠξιώθη
3465 5725 3669 5786 παθεῖν
3711 5727 3794 5776 ἐν.

2681 6011 2685 6014 Α
2710 6010 2766 6019 -.η-
2785 6015 2791 6020 _
2829 6008 2891 6022 *λη
2910 6006 2960 6027 ,ἐκ
2977 6009 2985 6014 .
