4046 6446
275 400 377 463 ι’ἷῖ

1665 406 1943 467 IlOMlLl
1964 413 1996 466 Α,
2039 407 2161 468 XV.

3412 414 3509 476 173

263 513 445 580 αργῶς
481 512 938 586 προῦπέγραψεν·
973 516 1034 570 οὑ
1062 516 1168 588 γὰρ
1197 516 1418 589 ἀμέσως
1480 518 1695 590 ἑώρακε
1744 519 1836 572 τὸν

1968 520 2050 573 nti
2088 519 2316 574 feliciter
2346 516 2596 587 dignatus
2644 529 2725 576 est
2759 522 3034 591 perlucide
3066 522 3155 576 diu
3186 529 3313 575 ante
3345 538 3509 574 ercu-

264 604 542 674 Σεραφεῖμ
571 606 636 657 ἐκ
667 605 758 658 τοῦ
795 607 914 659 κατ’
938 608 1169 677 οὐρανὸν
1216 610 1407 682 νοητοῦ
1449 610 1836 682 θυσιαστηρίου

262 697 353 746 τ“ν
393 695 634 763 ἄνθρακα
664 697 895 752 λαϐόντα
922 713 937 730 ⁸
965 699 1054 752 διὰ
1093 700 1201 769 γὰρ
1230 701 1329 771 τῆς
1386 701 1602 765 λαϐίδος
1650 701 1842 755 τοῦτον

262 787 456 839 ἔλαϐεν
482 788 509 840 ὁ
542 788 843 858 Σεραφεὶμ,
881 788 953 842 δι’
998 784 1066 862 ἦς
1110 792 1205 844 καὶ
1238 794 1347 845 τῶν
1394 793 1560 847 αὑτοῦ
1614 794 1842 863 χειλέων

265 877 462 944 ἥψατο,
488 878 587 946 τὴν
617 878 883 949 κάθαρσιν
911 881 1109 945 διδούς.
1141 883 1313 938 Τοῦτο
1348 884 1396 938 δ’
1422 881 1490 954 ἦν
1521 884 1581 937 τὸ
1609 886 1706 953 τῆς
1744 886 1842 938 λα-

267 966 411 1026 ϐίδος
437 967 626 1037 ἐκείνῳ
647 966 727 1038 τῷ
780 970 1007 1041 μεγάλῳ
1039 970 1271 1042 θεάματι
1329 974 1545 1038 ταυτὸν,
1576 974 1603 1027 ὃ
1637 976 1843 1046 Μωσῆς

266 1058 501 1124 ἑώρακε,
538 1058 699 1128 βάτον
722 1062 786 1116 ἐκ
813 1062 1255 1135 πρὸςὴμμένην
1288 1065 1382 1120 καὶ
1421 1067 1495 1137 μὴ
1547 1084 1845 1122 κατακαιο-

271 1150 461 1217 μένην.
486 1149 582 1213 Τίς
610 1150 656 1203 δ’
687 1151 789 1206 οὐκ
816 1148 978 1219 οἶδεν,
1006 1154 1081 1218 ὠς
1109 1157 1143 1224 ἡ
1177 1157 1626 1229 Παρθενομήτωρ
1659 1160 1843 1231 ἐκείνη

268 1257 329 1292 τε
378 1241 412 1309 ἠ
462 1241 620 1309 βάτος
660 1244 757 1296 καὶ
805 1242 949 1314 αὕτη
1003 1245 1225 1317 ήλαϐίς
1277 1248 1446 1311 ἐστιν,
1487 1251 1545 1302 ἐν
1588 1251 1754 1320 ἐαυτῇ
1784 1250 1847 1304 τὸ

272 1333 415 1386 θεῖον
445 1333 555 1403 πῦρ
586 1336 986 1405 ἀπυρπολύτως
1009 1338 1371 1407 συλλαϐοῦσα,
1397 1342 1680 1397 κάνταῦθα
1729 1342 1846 1396 δια-

271 1424 599 1491 κονῆσαντος
640 1425 995 1495 ἀρχαγγέλου
1024 1430 1092 1499 τῇ
1136 1429 1416 1499 συλλήψει,
1476 1432 1571 1484 καὶ
1625 1431 1717 1485 τὸν
1764 1431 1850 1485 αῖ-

276 1530 438 1581 ροντα
483 1514 579 1583 τὴν
602 1517 878 1587 ἁμαρτίαν
912 1517 1007 1573 τοῦ
1035 1519 1243 1590 κόσμου
1275 1520 1341 1575 δι’
1369 1521 1541 1589 αὐτῆς
1574 1522 1848 1592 συνάψαν-

274 1622 369 1667 τος
399 1607 502 1676 7⁷
528 1607 606 1679 τῷ
636 1608 963 1682 ἀνθρωπείῳ
990 1612 1164 1679 γένει,
1192 1612 1285 1666 καὶ
1320 1613 1409 1667 διὰ
1442 1613 1545 1682 τῆς
1606 1615 1853 1686 amp“?

274 1714 372 1751 του
408 1697 609 1769 ταύτης
654 1701 949 1770 συναφείας
990 1704 1139 1773 ἡμᾶς
1168 1704 1639 1776 περικαθάραντος
1669 1725 1682 1772 ;
1712 1708 1854 1760 Οὐκ-

276 1790 374 1844 οῦν
429 1793 462 1859 ή
523 1793 960 1863 παρθενομήτωρ
1034 1794 1172 1866 αῦτη
1235 1798 1373 1865 μόνη
1433 1797 1689 1868 μεθόριον
1736 1799 1854 1851 ἐστι

283 1884 507 1952 κτιστῆς
531 1882 624 1936 καὶ
647 1883 905 1938 ἀκτίστου
922 1888 1159 1954 φύσεως,
1190 1889 1284 1940 καὶ
1311 1887 1481 1959 αὐτὴν
1506 1889 1741 1943 εἴσονται
1760 1890 1854 1944 τοῦ

282 1975 565 2044 άχωρήτου
599 1974 781 2045 χώραν
808 1976 925 2030 ὅσοι
955 1977 1019 2049 δὴ
1049 1977 1379 2045 γινώσκουσι
1419 1979 1572 2045 Θεὸν,
1614 1982 1710 2033 καὶ
1757 1982 1857 2035 αὐ-

284 2064 385 2134 τὴν
415 2065 714 2136 ὑμνήσουσι
741 2067 880 2137 μετὰ
909 2068 1042 2122 Θεὸν
1088 2069 1204 2123 ὅσοι
1243 2069 1336 2123 τὸν
1387 2069 1521 2123 Θεὸν
1572 2070 1855 2140 ὑμνοῦσιν.

291 2156 435 2225 Αῦτη
455 2157 549 2209 καὶ
576 2156 683 2212 τῶν
712 2158 817 2230 πρὸ
839 2158 1010 2229 αὐτῆς
1044 2159 1215 2223 αίτία,
1251 2162 1345 2213 καὶ
1385 2161 1493 2215 τῶν
1527 2163 1648 2232 μετ’
1689 2163 1861 2234 αὐτὴν

290 2247 605 2316 προστάτις,
650 2250 745 2303 καὶ
784 2250 893 2303 τῶν
953 2252 1190 2307 αίωνίων
1220 2253 1500 2323 πρόξενος.
1556 2255 1706 2324 Αὕτη
1751 2256 1861 2310 τῶν

292 2338 584 2409 προφητῶν
643 2340 934 2406 ὑπόθεσις,
985 2342 1096 2396 τῶν
1155 2344 1474 2399 ἀποστόλων
1529 2347 1692 2418 ἀρχὴ,
1751 2348 1861 2401 τῶν

297 2429 590 2499 μαρτύρων
624 2431 921 2501 ἑδραίωμα,
949 2431 1057 2486 τῶν
1079 2433 1419 2487 διδασκάλων
1450 2437 1676 2506 κρηπίς.
1710 2438 1859 2508 Αὕτη

293 2518 404 2571 τῶν
426 2520 515 2571 ἐπὶ
535 2521 636 2590 γῆς
672 2522 706 2590 ἡ
737 2522 885 2588 δόξα,
912 2522 1021 2577 τῶν
1043 2524 1167 2577 κατ’
1195 2524 1427 2596 οὐρανὸν
1470 2528 1502 2598 ἡ
1540 2528 1861 2598 τερπνότης,

296 2610 356 2662 τὸ
379 2611 559 2681 πάσης
579 2610 809 2677 κτίσεως
834 2613 1288 2686 ἐγκαλλώπισμα.
1313 2617 1463 2688 Αὕτη
1485 2621 1735 2690 καταρχὴ
1769 2623 1866 2675 καὶ

300 2702 451 2772 πηγὴ
476 2703 568 2756 καὶ
593 2704 720 2773 ῥίζα
751 2707 849 2775 τῆς
877 2707 1253 2778 ἀποκειμένης
1308 2710 1442 2779 ἡμῖν
1485 2712 1544 2764 ἐν
1608 2711 1866 2781 οὐρανοῖς

301 2795 514 2859 ἐλπίδος
544 2811 556 2825 ·
584 2792 652 2870 ἧς
694 2797 903 2865 γίνοιτο
948 2799 1160 2865 πάντας
1193 2802 1341 2871 ἡμᾶς
1406 2805 1685 2874 ἐπιτυχεῖν
1744 2808 1867 2870 ταῖς

304 2886 472 2956 αὐτῆς
501 2888 642 2960 ὑπὲρ
672 2889 830 2960 ἡμῶν
859 2891 1180 2962 πρεσϐείαις
1207 2895 1287 2957 είς
1322 2893 1482 2961 δόξαν
1509 2894 1604 2948 τοῦ
1652 2894 1759 2967 πρὸ
1786 2897 1871 2950 ai-

302 2976 455 3032 ὡνων
485 2978 548 3031 ἐκ
578 2978 785 3048 [ἰατρὸς
812 2980 1188 3052 γεννηθέντος,
1211 2982 1307 3037 καὶ
1348 2983 1438 3037 ἐπ’
1482 2982 1731 3054 ἐσχάτων
1780 2986 1870 3040 αί-

302 3067 457 3123 ώνων
502 3068 564 3136 ἐξ
622 3071 792 3142 αὐτῆς
843 3073 1220 3144 σαρκωθέντος
1253 3074 1431 3146 Ἰησοῦ
1484 3075 1725 3147 Χριστοῦ
1773 3076 1869 3132 τοῦ

1944 622 2057 667 tum
2093 613 2409 681 set-ipscrat.
2442 612 2558 666 Non
2593 613 2735 667 enim
2778 615 2912 668 vidit
2946 613 3233 683 Seraphim
3274 614 3452 683 ipsum
3483 631 3511 667 a

1943 702 2150 757 caelesti
2187 705 2330 771 quod
2377 704 2710 772 excogitavit
2748 703 3028 758 tburibulo
3060 703 3355 759 carbonem
3396 704 3515 757 sine

1944 793 2308 848 instrumento
2334 792 2717 860 accipientem,
2751 808 2874 847 nam
2918 795 3124 863 accepit
3158 794 3366 862 forcipe
3412 793 3514 848 Se-

1946 884 2157 954 raphim
2221 884 2371 937 illum
2434 883 2723 937 carbonem
2780 884 3061 953 tetigitque
3126 886 3403 955 propheta:
3438 884 3519 937 la-

1944 976 2034 1031 hia
2079 977 2276 1046 quibus
2322 977 2643 1031 munditiam
2673 976 2868 1031 attulit.
2902 977 2983 1031 Ab
3032 978 3136 1031 ista
3176 977 3378 1046 forcipe
3405 993 3513 1032 non

1945 1069 2293 1138 discrepabat
2327 1084 2584 1138 magnum
2626 1069 2756 1124 illud
2794 1070 3166 1138 spectaculum
3196 1069 3343 1139 quod
3374 1069 3522 1123 vide-

1947 1168 2034 1215 rat
2065 1159 2277 1230 Moyses
2310 1175 2325 1214 :
2372 1160 2571 1215 rubum
2606 1158 2824 1213 ﬂamma
2871 1161 3154 1215 ardentem
3198 1176 3299 1215 nec
3338 1172 3517 1214 tamen

1948 1263 2358 1321 consumptum.
2395 1251 2512 1306 Jam
2548 1252 2672 1321 quis
2707 1267 2815 1306 non
2848 1251 3114 1320 intelligat
3140 1254 3394 1319 quoniam
3430 1253 3518 1307 illa

1950 1343 2120 1399 Mater
2151 1344 2316 1413 Virgo
2353 1346 2488 1399 rubo
2523 1357 2574 1400 et
2634 1345 2835 1413 forcipe
2871 1346 3349 1415 praetigurabatur,
3392 1362 3516 1400 cum

1952 1437 2005 1490 in
2036 1445 2188 1491 utero
2223 1436 2465 1490 divinum
2502 1439 2679 1506 ignem
2714 1443 2831 1491 sine
2869 1436 2979 1492 ullo
3012 1438 3339 1490 detrimento
3385 1451 3524 1490 con-

1952 1528 2182 1598 ceperit,
2213 1529 2558 1596 conreptioni
2604 1532 2766 1583 etiam
2801 1531 3149 1584 ministrante
3185 1530 3519 1598 archangclo

1953 1622 2045 1691 qui
2080 1621 2316 1676 humano
2346 1622 2525 1691 generi
2554 1622 2837 1691 conjunxit
2870 1622 3020 1676 illum
3048 1623 3139 1690 qui
3182 1621 3232 1674 in
3255 1620 3375 1689 ipsa
3415 1622 3506 1675 tolo

1956 1714 2017 1769 lit
2062 1721 2281 1783 peccata
2320 1713 2529 1775 mundi,
2567 1721 2622 1765 et
2652 1729 2752 1768 nos
2792 1714 2895 1767 ista
2952 1712 3209 1768 ineffabili
3246 1711 3526 1765 coaduna-

1958 1808 2108 1860 tione
2146 1804 2465 1858 Inundavit?
2513 1804 2678 1875 Igitur
2714 1805 2803 1859 illa
2836 1807 2986 1875 virgo
3038 1805 3202 1860 simul
3243 1813 3295 1857 et
3354 1813 3526 1856 mater

1957 1898 2072 1954 sola
2103 1898 2363 1966 estquasi
2391 1897 2622 1952 confinis
2665 1897 2808 1951 inter
2846 1907 3085 1953 creatam
3137 1896 3513 1949 etincreatam

1956 1999 2250 2053 naturam;
2294 1989 2467 2059 ipsam
2532 1988 2709 2043 scient
2755 1986 3058 2057 capientem
3108 2001 3230 2039 cum
3278 1983 3367 2053 qui
3406 1982 3524 2050 capi

1958 2098 2065 2137 non
2108 2090 2285 2149 potest
2338 2081 2673 2150 quicumque
2715 2079 2884 2134 Deum
2938 2086 3298 2147 cognoscunt,
3354 2075 3526 2144 ipsam

1960 2182 2084 2243 post
2117 2172 2283 2226 Deum
2309 2171 2605 2227 concinent
2645 2170 2961 2239 quicunque
3004 2167 3170 2220 Deutn
3202 2165 3528 2220 concinunt.

1961 2260 2081 2330 Ipsa
2105 2269 2191 2315 est
2220 2261 2381 2312 etiam
2414 2274 2508 2328 per
2532 2273 2695 2327 quam
2720 2257 2957 2311 mundus
2983 2265 3096 2309 tum
3123 2264 3247 2308 ante
3274 2265 3385 2309 tum
3412 2260 3533 2322 post

1960 2368 2079 2409 eam
2102 2350 2366 2406 beneficia
2392 2350 2638 2418 recepit;
2668 2349 2782 2417 ipsa
2814 2358 3013 2402 :ctcrna
3042 2347 3239 2415 gaudia
3270 2345 3532 2414 largitur;

1962 2446 2079 2514 ipsa
2132 2444 2541 2514 propbetiarum
2593 2442 2844 2502 materia,
2899 2439 3274 2509 apostolorum
3325 2439 3533 2505 regina,

1963 2544 2263 2605 martyrum
2298 2532 2702 2595 fulcimentum,
2736 2532 3023 2584 doctorum
3055 2530 3235 2585 sedes.
3279 2526 3396 2597 lp‘sa
3429 2538 3536 2582 ter-

1967 2640 2224 2681 renorum
2262 2624 2454 2695 gloria,
2483 2624 2786 2678 caelestium
2822 2621 3033 2687 laetitia,
3079 2621 3350 2676 universa:
3382 2634 3540 2675 crea-

1970 2718 2135 2773 tionis
2180 2725 2588 2771 ornamentum.
2628 2715 2746 2785 Ipsa
2777 2714 3108 2783 principium
3150 2721 3207 2767 et
3237 2711 3393 2766 radix
3435 2724 3538 2765 nos

1970 2808 2245 2863 manentis
2278 2808 2390 2874 Spci
2449 2805 2688 2861 caelestis
2720 2820 2885 2875 quam
2920 2819 3023 2858 nos
3051 2818 3245 2859 omnes
3277 2802 3539 2871 consequi

1970 2899 2209 2954 donetur
2238 2897 2384 2952 illius
2406 2913 2504 2968 pro
2537 2897 2697 2955 nobis
2718 2894 3215 2967 supplicationibus
3232 2893 3285 2947 in
3309 2893 3539 2963 gloriam

1972 2990 2120 3047 illius
2154 2998 2282 3045 ante
2309 2990 2509 3046 stecula
2542 3005 2572 3044 a
2605 2986 2763 3042 Patre
2791 2987 2983 3057 geniti,
3004 2996 3058 3041 et
3088 2984 3408 3040 novissimis
3439 2999 3543 3038 sa:-

1974 3082 2114 3137 culis
2140 3098 2207 3137 ex
2239 3084 2355 3152 ipsa
2392 3080 2659 3136 incarnati
2694 3078 2821 3135 Jesu
2864 3077 3068 3134 Christi
3108 3077 3326 3132 Domini
3368 3076 3543 3130 nostri

304 3159 510 3232 Κυρίου
539 3163 695 3234 ἡμῶν
725 3180 741 3211 ι
768 3156 815 3232 ᾦ
852 3165 1055 3237 πρέπει
1086 3166 1234 3222 πᾶσα
1261 3167 1413 3235 δόξα,
1431 3166 1565 3239 τιμὴ
1586 3168 1682 3222 καὶ
1706 3186 1867 3240 προσ-

1973 3175 2060 3231 cui
2089 3175 2269 3230 omnis
2302 3173 2497 3246 gloria,
2524 3174 2700 3227 honor
2732 3181 2785 3227 et
2814 3170 3063 3228 adoratio
3090 3180 3237 3225 nunc
3275 3178 3331 3225 et
3360 3167 3418 3223 in
3445 3181 3551 3221 sa:-

306 3251 531 3323 κῦνησις
548 3252 644 3309 νῦν
671 3255 766 3311 καὶ
788 3256 874 3312 ἀεὶ
903 3256 997 3314 καὶ
1012 3259 1093 3324 είς
1117 3258 1247 3325 τοὺς
1270 3259 1475 3324 αίῶνας
1496 3259 1605 3317 τῶν
1635 3260 1868 3318 αίὼνων.

322 3342 514 3417 ’Δμήν.

901 3548 1146 3607 ΟΜῘΛΙΔ
1185 3552 1286 3608 lE'.

468 3682 908 3753 Ἐκφωνηθεῒσα
941 3686 1017 3756 τῇ
1050 3687 1320 3758 Κυριακῇ
1367 3688 1489 3744 τῶν
1518 3691 1735 3747 Βατων.

1974 3266 2100 3322 cuia
2130 3266 2475 3323 saeculorum.
2510 3268 2701 3322 Amen.

2541 3528 2826 3589 HOMILIA
2871 3528 2991 3586 XV.

2303 3670 2460 3726 Dicta
2486 3670 2541 3723 in
2574 3667 2850 3722 Dominica
2878 3664 3219 3719 Palmarum.

396 3834 415 3869 ι
457 3818 643 3889 Καιρῷ
670 3819 841 3891 δεκτῷ
868 3822 1152 3893 ἐπήκουσά
1182 3840 1301 3890 σου,
1330 3824 1425 3878 καὶ
1463 3824 1521 3876 ἐν
1551 3825 1735 3895 ἡμέρᾳ
1768 3843 1867 3880 σω·

2062 3829 2081 3862 ι
2114 3807 2384 3877 Tempore
2412 3812 2636 3873 accepto
2668 3800 2920 3856 exaudivi
2956 3808 3028 3865 te,
3060 3810 3115 3855 et
3144 3798 3196 3854 in
3233 3797 3321 3852 die
3366 3796 3558 3852 salutis

313 3912 509 3980 τηρίας
565 3886 839 3985 ἐϐοήθησά
892 3886 997 3982 σοί,
1035 3934 1055 3967 ι
1093 3915 1180 3969 διὰ
1227 3886 1323 3969 τοῦ
1385 3886 1613 3969 Ἠσαίου
1664 3886 1867 3970 sim-Nl

1986 3901 2167 3972 adjuvi
2194 3909 2266 3966 te,
2295 3918 2313 3948 ι
2348 3897 2486 3952 dixit
2517 3911 2613 3966 per
2637 3893 2830 3950 Isaiam
2857 3892 3119 3947 Dominus
3151 3890 3219 3946 θ’.
3243 3886 3405 3944 Juvat
3434 3904 3559 3959 ergo
3642 3928 3645 3933 .

315 4002 470 4066 Θεός.
534 3980 711 4059 Καλὸν
750 3980 849 4059 οῦν
895 3980 1138 4077 σήμερον
1168 4008 1229 4061 τὸ
1284 4007 1645 4062 άποστολικὸν
1704 4009 1867 4063 ἐκεῖνι

1986 3995 2150 4051 ιιοςιίε
2179 3992 2246 4047 ad
2279 3998 2514 4045 vestram
2546 3987 2869 4042 cltaritatem
2905 3984 3051 4041 istud
3093 3982 3451 4054 apostolicum
3483 3980 3553 4034 af-

321 4097 458 4165 πρὸς
489 4098 587 4167 τὴν
615 4097 887 4169 ὑμετέραν
926 4100 1148 4172 ἀγάπην
1199 4101 1375 4155 εἰπεῖν
1399 4119 1414 4135 ο
1458 4118 1478 4153 ι
1520 4101 1652 4155 Ἰδοὺ
1694 4101 1867 4169 καιρὸς

1990 4088 2093 4143 fari
2133 4102 2147 4140 :
2187 4104 2205 4137 ι
2243 4082 2381 4138 Ecce
2439 4096 2585 4136 nunc
2624 4089 2842 4149 tempus
2876 4077 3229 4147 acceptabile,
3264 4090 3389 4131 ecce
3421 4089 3563 4129 nunc

321 4166 735 4257 εὐπρόσδεκτος,
783 4166 891 4246 ίδοὺ
942 4166 1128 4263 ἡμέρα
1183 4191 1459 4264 σωτηρίας,
1484 4209 1499 4223 °
1549 4166 1867 4262 ἀποθώμεθε

1989 4180 2106 4235 dies
2164 4176 2390 4240 salutis,
2442 4172 2767 4244 abjiciamus
2805 4185 2970 4240 opera
3005 4170 3351 4223 tenebrarum
3398 4176 3451 4220 et
3487 4166 3563 4231 in;

319 4278 416 4335 οῦν
444 4282 511 4335 τὰ
550 4280 687 4351 ἔργα
712 4282 808 4335 τοῦ
844 4257 1090 4348 σκότους,
1125 4284 1218 4336 καὶ
1255 4257 1604 4353 ἐνδυσώμεθα
1637 4285 1704 4338 τὰ
1748 4257 1867 4338 δπλι

1968 4273 2226 4358 ρυιιιιιιιι·
2243 4282 2396 4323 arma
2423 4266 2583 4331 lucis,
2618 4272 2874 4333 tanquam
2911 4261 2963 4316 in
3001 4260 3090 4316 die
3118 4261 3345 4315 honeste
3369 4257 3567 4311 ambu-

318 4373 417 4425 τοῦ
446 4349 642 4441 φωτὸς,
672 4371 748 4434 ὡς
781 4371 840 4425 ἐν
874 4372 1062 4446 ἡμέρᾳ
1108 4349 1867 4443 εὐσχημόνως-περιπατήσωε

1968 4349 2169 4417 Ἰειιιιιε
2197 4360 2271 4413 ⁸⁸.
2309 4364 2345 4411 ι’
2367 4358 2780 4428 Appropinquat
2811 4355 2956 4409 ettim
3010 4351 3330 4407 salutarium
3365 4349 3568 4403 Cluisti

323 4480 427 4532 μεν
451 4479 465 4494 ’
504 4481 523 4515 ι
574 4461 782 4532 ἐγγίζει
805 4462 914 4532 γὰρ
948 4465 983 4533 ἡ
1031 4462 1141 4516 τῶν
1173 4463 1460 4533 σωτηρίων
1502 4450 1599 4517 τοῦ
1643 4463 1867 4534 Χριστοί

1992 4455 2308 4527 passionum
2328 4448 2825 4513 memoria,accedit
2839 4461 3038 4503 novum
3058 4453 3110 4500 et
3129 4456 3380 4515 magnum
3401 4448 3570 4511 etspi-

320 4523 665 4626 παθημάτων
691 4523 1016 4627 άνάμντισις,
1048 4554 1227 4609 καὶτὸ
1259 4523 1444 4613 xitva
1478 4555 1575 4608 καὶ
1610 4523 1751 4624 μέγα
1795 4558 1867 4609 κα

1968 4544 1969 4557 ¹
1995 4523 2193 4603 rituale
2233 4543 2463 4607 Pascha,
2484 4542 2632 4611 pacis
2656 4540 2909 4610 pretium,
2932 4536 3099 4591 futuri
3126 4534 3305 4589 saeculi
3334 4534 3529 4603 pignus
3554 4548 3571 4598 ;

325 4624 697 4716 πνευματικὸν
734 4624 947 4716 Πάσχα,
979 4645 1042 4699 τὸ
1066 4645 1169 4715 τῆς
1218 4644 1491 4709 ἀπαθείας
1523 4644 1797 4715 βραϐεῖον,
1830 4648 1867 4699 τὲ

2002 4642 2105 4696 hoc
2136 4637 2432 4707 proclamat
2463 4635 2696 4689 Lazarus
2726 4646 2757 4686 e
2786 4632 2966 4686 medio
3004 4629 3343 4700 sepultorum
3394 4626 3446 4679 in
3494 4624 3572 4678 in-

323 4738 422 4792 τοῦ
456 4737 737 4808 μέλλοντος
794 4736 990 4800 αίῶνος
1021 4735 1329 4807 προοίμιον,
1375 4736 1470 4790 καὶ
1518 4736 1867 4806 προκηρύττε

2001 4730 2157 4786 ferno
2188 4743 2440 4797 surgens,
2469 4733 2525 4781 et
2550 4739 2682 4781 voce
2705 4723 2932 4792 soloque
2951 4722 3111 4793 jussu
3135 4716 3339 4775 Chrisri
3368 4716 3493 4771 vitae
3522 4724 3577 4769 et

325 4828 486 4883 τοῦτο
514 4828 783 4902 Λάζαρος,
810 4829 875 4881 ἐκ
908 4829 1020 4883 τῶν
1051 4826 1179 4899 ᾅδου
1207 4825 1541 4898 κευθμώνων
1562 4827 1867 4881 ἐπανελθὼν

2005 4820 2200 4878 mortis
2233 4819 2466 4889 imperio
2493 4815 2780 4888 gaudentis
2811 4812 3212 4884 quatriduanus
3247 4826 3308 4863 ex
3343 4808 3578 4862 mortuis

326 4924 427 4977 καὶ
461 4898 737 4993 φωνῇκαὶ
785 4898 1174 4992 προστάγματι
1210 4919 1357 4991 μόνῳ
1399 4918 1559 4983 Θεοῦ,
1602 4918 1698 4973 τοῦ
1754 4920 1867 4989 ζ’ωῆ

2007 4923 2333 4977 revocatus;
2368 4909 2661 4980 procinunt
2692 4904 2844 4976 pueri
2875 4913 2930 4958 et
2963 4905 3230 4979 innocens
3259 4901 3421 4955 turba
3456 4898 3581 4968 Spi-

326 5015 544 5085 ἐχοντος
590 5016 686 5071 καὶ
712 5015 941 5071 θανάτου
969 5016 1069 5086 τὴν
1119 5014 1392 5080 ἐξουσίαν,
1419 5014 1796 5086 τετραήμερος
1836 5015 1901 5065 ἐκ

327 5110 544 5181 νεκρῶν
603 5110 861 5173 ἀναστάς.
921 5109 1034 5162 Καὶ
1090 5105 1498 5177 προανυμνοῦσι
1554 5105 1748 5170 παῖδες
1807 5105 1903 5160 καὶ

329 5203 463 5268 λαὸς
491 5202 693 5263 ἄκακος
725 5200 983 5272 ἐπιπνοίᾳ
1028 5201 1124 5253 τοῦ
1158 5200 1307 5252 θείου
1344 5199 1663 5269 Πνεῡματος
1710 5197 1802 5249 τὸν
1834 5198 1899 5249 ἐκ

333 5295 571 5351 θανάτου
604 5291 990 5364 λυτρούμενον,
1023 5292 1117 5346 τὸν
1148 5292 1207 5359 ἐξ
1250 5291 1377 5363 ᾆδον
1404 5290 1581 5361 ψυχὰς
1610 5289 1902 5356 ἀνάγοντα,

332 5391 429 5443 τὸν
451 5388 600 5459 ψυχῇ
646 5387 743 5440 καὶ
786 5386 995 5455 σώματι
1029 5384 1176 5455 ζωὴν
1219 5384 1389 5436 ἀΐδιον
1424 5380 1807 5452 χαριζόμενον.
1842 5378 1909 5431 Et

334 5498 423 5545 τις
456 5479 552 5536 οῦν
578 5477 751 5534 ἐθέλει
774 5480 941 5546 ζωὴν,
975 5478 1189 5547 ἡμέρας
1220 5477 1346 5529 ἰδεῖν
1371 5473 1605 5543 ἀγαθὰς,
1641 5472 1907 5524 παυσάτω

336 5572 437 5645 τὴν
461 5572 717 5642 γλῶσσαν
751 5569 915 5624 αὑτοῦ
950 5570 1056 5623 ἀπὸ
1088 5568 1284 5635 κακοῦ,
1314 5568 1408 5620 καὶ
1441 5564 1595 5636 χείλη
1619 5561 1784 5615 αὐτοῦ
1812 5559 1907 5614 τοῦ

342 5666 419 5735 μὴ
429 5664 657 5735 λαλῆσαι
671 5661 823 5717 δόλον
842 5676 859 5696 ⁸
878 5661 1181 5716 ἐκκλινάτω
1201 5659 1309 5713 ἀπὸ
1329 5657 1501 5713 κακοῦ
1515 5657 1609 5707 καὶ
1628 5654 1911 5721 ποιησάτω

414 5845 462 5878 ⁸³
498 5844 603 5900 lsa.
641 5818 786 5907 nix,
822 5840 875 5895 8.
951 5838 996 5871 ⁹⁶
1064 5837 1108 5893 ll
1138 5837 1265 5893 Cor.
1302 5851 1377 5902 vt,
1402 5834 1480 5898 2;
1516 5832 1678 5899 Bom.
1707 5845 1818 5893 xm,
1858 5827 1944 5882 12.

2009 5006 2115 5060 ritu
2146 5003 2235 5058 Dei
2268 5000 2447 5056 aillata
2479 4998 2670 5053 mortis
2701 4996 3016 5057 victoriam,
3056 4994 3361 5048 animarum
3394 5008 3461 5047 ex
3502 4991 3582 5045 in-

2010 5099 2162 5154 ferno
2179 5096 2583 5157 suscitator-em,
2606 5090 2803 5145 animae
2826 5097 2880 5144 et
2894 5087 3109 5157 corpori
3132 5086 3297 5139 vitam
3325 5093 3584 5140 aeternam

2011 5191 2355 5259 largientem.
2386 5185 2441 5241 Si
2482 5185 2604 5255 quis
2638 5183 2752 5237 vult
2778 5183 2944 5237 vitam
2970 5222 2985 5247 ,
3014 5179 3188 5249 diligit
3238 5178 3357 5232 dics
3401 5174 3586 5229 videre

2011 5282 2205 5345 bonos,
2226 5276 2507 5347 prohibeat
2536 5275 2769 5345 linguam
2800 5287 2956 5328 suam
2983 5287 3011 5325 a
3033 5270 3197 5336 malo,
3225 5278 3278 5323 et
3300 5262 3438 5321 labia
3468 5263 3587 5331 ejus

2012 5386 2081 5425 ne
2115 5371 2405 5439 loquantur
2433 5368 2642 5431 dolum,
2672 5366 2904 5419 divertat
2934 5378 2963 5417 a
3012 5362 3153 5417 malo
3194 5371 3250 5415 et
3292 5358 3454 5412 faciat
3488 5355 3589 5408 bo-

2014 5477 2145 5517 num
2179 5460 2250 5514 ’⁷.
2300 5479 2320 5512 ι
2372 5458 2571 5513 Malum
2616 5458 2819 5512 ventris
2854 5454 3115 5518 servitus,
3146 5461 3201 5507 et
3238 5449 3497 5506 ebrietas.
3532 5453 3589 5498 et

2015 5552 2325 5618 dissolutio,
2349 5551 2551 5605 malum
2580 5549 2701 5604 auri
2725 5548 2942 5619 cupido,
2968 5545 3195 5601 avaritia
3218 5552 3270 5597 ct
3296 5538 3589 5608 injustitia,

2017 5647 2218 5702 malum
2254 5661 2392 5700 vana
2418 5644 2611 5715 gloria,
2648 5641 2973 5700 confidentia
3011 5650 3065 5695 et
3094 5634 3371 5708 superbia.
3401 5631 3593 5684 Divcr-i

2018 5828 2061 5859 ’7
2095 5826 2217 5881 Dsal
2273 5841 2459 5889 γνιιιι,
2505 5824 2588 5887 15,
2628 5824 2704 5877 15.
