4046 6464
470 354 595 435 ’179

1781 373 2168 433 GREGORII
2204 372 2530 434 PALAM/E

3632 367 3756 432 τξσ

486 494 571 540 tat
595 502 724 556 ergo
754 486 1071 555 quicunque
1098 486 1168 542 ab
1196 487 1319 543 istis
1361 486 1517 542 malis
1538 495 1591 542 et
1619 495 1877 556 operetur
1903 487 2066 543 bona.

2178 489 2233 542 τὸ
2269 488 2495 558 ἀγαθόν.
2530 487 2713 543 Κακδν
2745 453 2838 541 οῦν
2883 485 3298 557 γαστριμαργία
3344 483 3439 545 καὶ
3487 482 3625 552 μέθη
3650 485 3748 536 καὶ

487 575 792 640 Quaenam?
819 575 1283 647 Tcmperantiam,
1305 579 1604 648 jejunium,
1623 581 1953 644 castitatem,
1977 581 2065 649 ju-

485 666 718 726 sti:iam,
760 666 1183 739 elcemosynam,
1217 670 1662 737 generositatem,
1702 670 2025 724 cltaritatem
2050 710 2066 737 ,

492 755 873 816 humilitatem.
898 765 957 810 ut
987 758 1147 825 digne
1178 759 1472 830 participes
1494 759 1665 814 simus
1683 760 1945 816 immolati
1971 774 2071 827 pro

487 845 646 900 nobis
667 847 790 914 agni
826 845 939 912 Del,
965 833 1177 902 ctinde
1212 863 1496 903 sumamus
1524 849 1721 904 arrhas
1748 848 2071 904 immortali—

492 931 618 992 t‘atis
644 952 782 1006 quas
816 938 868 992 in
904 939 1062 995 nobis
1101 954 1384 994 servemus
1414 954 1535 993 cum
1577 940 1732 995 ﬁrma
1767 956 1862 1011 spe
1908 942 2069 996 nobis

488 1030 541 1083 in
588 1030 745 1086 caelis
788 1030 1071 1098 promissae
1125 1030 1480 1086 luereditatis.
1515 1029 1619 1085 Sed
1657 1047 1843 1088 nonne
1885 1048 2072 1102 perar-

485 1121 653 1174 duum
683 1127 767 1173 est
792 1120 1017 1188 bonum,
1052 1119 1394 1189 virtutesque
1420 1137 1600 1176 nonne
1627 1122 1773 1179 vitiis
1803 1123 2069 1180 dillicilio-

486 1213 616 1268 res?
649 1211 760 1279 Ego
796 1213 870 1268 ita
910 1228 1017 1267 non
1047 1214 1250 1269 sentio.
1279 1212 1470 1269 Plures
1508 1215 1653 1268 cutim
1685 1216 1878 1270 tolerat
1916 1216 2070 1271 labo-

484 1320 575 1360 res
619 1290 870 1360 ebriosus
906 1320 1070 1375 quam
1108 1296 1190 1359 vir
1226 1307 1364 1360 bene
1395 1306 1718 1374 ordinatus,
1760 1311 1939 1377 plures
1978 1307 2073 1361 lla-

406 1406 419 1411 ’
485 1396 717 1466 gitiosus
766 1412 930 1466 quam
994 1406 1138 1453 recte
1190 1382 1573 1466 compositus,
1619 1399 1803 1468 plures
1851 1400 2070 1457 divitias

487 1499 753 1560 appetens
787 1504 948 1558 quam
977 1488 1265 1545 sufﬁcienti
1290 1499 1600 1552 contentus,
1630 1491 1813 1559 plures
1839 1491 2068 1559 gloriam

483 1594 590 1649 qua
654 1579 911 1635 induatur
973 1581 1219 1636 ambiens
1277 1596 1443 1651 quam
1483 1581 1536 1634 in
1594 1566 1926 1637 obscuritate
1980 1584 2075 1637 tle-

485 1688 640 1742 gens.
681 1670 876 1726 Verum
943 1689 1066 1727 cum
1108 1683 1327 1742 propter
1360 1680 1603 1727 nostram
1635 1673 1916 1728 mollitiem
1974 1690 2076 1730 no-

484 1763 572 1818 bis
603 1762 926 1820 dilliciliores
959 1764 1245 1818 videantur
1275 1764 1506 1818 virtutes
1532 1803 1547 1829 ,
1601 1765 1649 1817 vi
1706 1766 2078 1833 nosmetipsos

486 1855 804 1923 frangamus
835 1871 848 1907 :

486 1949 712 2014 patitur,
753 1956 805 2001 et
835 1946 1056 2001 violenti
1093 1946 1312 2017 rapi-unt
1346 1946 1478 2002 illud
1512 1946 1579 2000 ".
1620 1966 1641 1999 ι

2173 580 2383 635 ἀσωτία
2402 596 2416 610 ⁸
2449 582 2621 634 κακὸν
2670 580 3045 651 φιλαργυρία,
3074 576 3361 642 πλεονεξία
3388 575 3486 629 καὶ
3516 576 3703 628 ἀδικία
3735 591 3752 605 ·
3820 620 3823 623 ,

2172 673 2344 725 κακὸν
2386 672 2682 738 κενοδοξία,
2737 670 3016 741 θρασύτης
3064 670 3158 724 καὶ
3208 665 3584 737 ὑπερηφανία.
3626 664 3754 718 Ἐκ-

2172 762 2410 817 κλινάτω
2437 757 2529 816 οῦν
2554 764 2660 823 πᾶς
2685 761 2795 816 ἀπὸ
2814 761 2922 814 τῶν
2945 761 3205 814 τοιούτων
3236 757 3444 820 κακῶν,
3472 757 3567 810 καί
3588 758 3757 825 ἐργα-

2173 849 2351 915 ξέσθω
2380 851 2448 905 τὰ
2480 850 2685 919 ἀγαθά.
2722 850 2856 905 Τίνα
2887 849 3099 914 ταῦτα;
3130 847 3244 917 Τὴν
3269 847 3617 918 ἐγκράτειαν,
3648 847 3755 915 τὴν

2174 943 2456 1012 νηστείαν,
2508 942 2607 1012 τὴν
2656 942 3042 1012 σωφροσύνην,
3091 942 3192 1011 τὴν
3243 938 3615 1007 δικαιοσύνην,
3649 939 3757 1009 τὴν

2174 1033 2566 1107 ἐλεημοσύνην,
2606 1035 2704 1104 τὴν
2755 1032 3165 1104 μακροθυμίαν,
3214 1032 3315 1102 τὴν
3360 1029 3606 1098 ἀγάπην,
3652 1028 3760 1099 τὴν

2174 1123 2531 1188 ταπείνωσιν,
2578 1124 2666 1177 ἵνα
2718 1123 3118 1193 μεταλάϐωμεν
3153 1122 3319 1186 ἀξίως
3353 1119 3449 1174 τοῦ
3498 1119 3760 1181 τυθέντος

2176 1213 2319 1285 ὐπὲρ
2354 1213 2511 1283 ἡμῶν
2560 1213 2735 1285 ἀμνοῦ
2764 1213 2860 1267 τοῦ
2889 1213 3048 1279 Θεοῦ,
3080 1212 3176 1267 καὶ
3217 1211 3477 1280 λάϐωμεν
3504 1208 3760 1264 ἐντεῦθεν

2175 1303 2269 1356 τὸν
2296 1304 2595 1377 ἀρραϐῶνα
2634 1304 2732 1374 τῆς
2760 1302 3095 1374 ἀφθαρσίας,
3126 1304 3223 1357 καὶ
3255 1301 3584 1371 φυλάξωμεν
3619 1299 3759 1368 παρ’

2174 1397 2389 1461 ἑαυτοῖς
2424 1396 2502 1452 εἰς
2530 1396 2906 1466 πληροφορίαν
2932 1395 3031 1463 τῆς
3058 1395 3117 1446 ἐν
3147 1394 3400 1463 οὐρανοῖς
3424 1393 3558 1462 ἡμῖν
3582 1393 3762 1460 ἐπηγ-

2176 1486 2449 1556 γελμένης
2495 1488 2886 1557 κληρονομίας.
2934 1484 3098 1541 Ἀλλὰ
3140 1483 3475 1539 δυσάνυστον
3504 1482 3565 1533 τὸ
3614 1481 3763 1547 ἁγα-

2178 1581 2295 1647 θδν,
2321 1582 2416 1635 καὶ
2447 1581 2502 1633 αἰ
2545 1582 2738 1650 ἀρεταὶ
2770 1580 2882 1650 78
2912 1578 3318 1646 δυσκολώτεραί
3354 1576 3463 1629 εισι
3510 1573 3621 1626 τῶν
3657 1590 3763 1625 καο

2174 1672 2335 1733 ,κιῶν.
2379 1670 2521 1736 Ἐγὼ
2561 1672 2660 1741 μὲν
2712 1672 2813 1740 οὐχ
2865 1671 2975 1740 ὁρῶ
3011 1670 3195 1734 τοῦτο,
3230 1669 3325 1721 καὶ
3369 1667 3479 1737 γὰρ
3532 1664 3764 1726 πλείους

2178 1763 2405 1818 αὐτόθεν
2439 1766 2737 1833 ὑφίσταται
2788 1764 2983 1826 πόνους
3025 1765 3053 1815 6
3088 1763 3328 1833 μέθυσος
3377 1759 3471 1812 καὶ
3506 1755 3763 1826 ἀκρατὴς

896 1873 914 1907 ο
952 1855 1194 1929 Regnum
1229 1854 1522 1922 caelorum,
1544 1855 1619 1909 ait
1647 1854 1928 1919 Dominus.
1955 1857 2062 1911 vim

2178 1854 2267 1908 τοῦ
2304 1856 2628 1926 ἐγκρατοῦς,
2660 1856 2755 1909 καὶ
2796 1858 2824 1910 6
2856 1856 3156 1916 ἀκόλαστος
3188 1850 3283 1905 τοῦ
3322 1848 3762 1919 σωφρονοῦντος,

2176 1948 2276 2005 καὶ
2305 1949 2334 2002 6
2381 1965 2411 2001 σ
2438 1948 2626 2001 τεύδων
2662 1948 2915 2001 πλουτεῖν
2961 1944 3055 1998 τοῦ
3085 1946 3144 1998 ἐν
3191 1941 3496 2013 αὐταρκείᾳ
3531 1940 3764 2006 ζῶντος,

487 2041 583 2093 καὶ
617 2042 644 2093 6
673 2039 829 2104 δόξαν
861 2041 1038 2110 ἐαυτῷ
1067 2041 1389 2110 περιθέσθαι
1416 2040 1596 2113 ζητῶν
1616 2040 1712 2095 τοῦ
1741 2042 1796 2096 ἐν
1820 2042 2057 2113 ἀφανείᾳ.
2094 2041 2404 2110 διάγοντος.
2457 2043 2604 2097 Ἀλλ’
2640 2044 2765 2097 ἐπε¹ί⁵
2793 2043 2891 2097 διὰ
2923 2042 3024 2112 τὴν
3100 2038 3375 2111 ἡμετέραν
3423 2033 3764 2106 ἡδυπάθειαν

485 2129 889 2200 δυσκολώτεραι
916 2132 1051 2202 ἡμῖν
1081 2134 1366 2201 φαίνονται
1400 2135 1457 2188 αἰ
1491 2135 1710 2206 ἀρεταὶ,
1740 2134 2061 2206 βιασώμεθα
2097 2136 2249 2205 ἡμᾶς
2277 2138 2477 2201 αὐτούς
2498 2153 2514 2169 °
2551 2156 2571 2190 ι
2616 2137 2822 2215 Βιαστὴ
2850 2136 2961 2207 γάρ
3010 2136 3149 2199 ἐστι,
3182 2132 3350 2203 φησὶν
3417 2133 3447 2185 ὁ
3519 2127 3759 2207 Κύριος,

487 2227 522 2294 η
552 2223 800 2293 βασιλεία
833 2226 938 2278 τῶν
986 2225 1257 2297 οὐρανῶν,
1294 2230 1388 2281 καὶ
1441 2226 1660 2298 βιασταὶ
1716 2228 2059 2300 ἁρπάζουσιν
2094 2226 2286 2299 αὐτήν.
2326 2250 2345 2284 ι

566 2316 738 2382 Igitur
768 2318 1062 2374 sedulitate
1091 2329 1147 2375 et
1177 2319 1460 2390 diligentia
1485 2336 1624 2391 opus
1648 2329 1733 2377 est
1765 2322 1923 2379 nobis
1951 2322 2080 2377 illu-

495 2410 702 2464 stribus
745 2420 797 2464 et
839 2410 1113 2481 ingloriis,
1158 2413 1596 2482 gubernantibus
1636 2424 1691 2471 et
1734 2415 2076 2487 gubernatis,

489 2500 750 2556 divitibus
775 2511 828 2556 et
862 2502 1155 2568 mendicis,
1185 2512 1244 2557 ut
1281 2520 1475 2573 pravas
1506 2506 1831 2576 cupiditates
1863 2507 1932 2562 ab
1962 2508 2081 2561 ani-

2251 2324 2497 2397 Σπουδῆς
2526 2321 2623 2381 οῦν
2671 2327 2802 2396 ἡμῖν
2830 2325 2965 2379 πᾶσι
2999 2322 3160 2394 χρεία
3203 2324 3296 2375 καὶ
3335 2317 3633 2388 προσοχῆς,
3672 2317 3763 2368 ἐν-

2177 2416 2351 2482 δόξοις
2407 2435 2468 2471 τε
2529 2419 2625 2471 καὶ
2673 2418 2909 2483 ἀδόξοις,
2963 2416 3196 2486 ἄρχουσι
3250 2416 3348 2465 καὶ
3406 2408 3761 2479 ἀρχομένοις.

2178 2505 2459 2569 πλουσίοις
2484 2508 2578 2561 καί
2607 2500 2875 2577 πένησιν,
2893 2504 3037 2558 ὥστε
3061 2504 3131 2558 τὰ
3156 2502 3374 2570 πονηρὰ
3407 2499 3554 2567 πάθη
3584 2496 3766 2551 ταῦτα

493 2592 598 2644 mis
649 2590 823 2644 nostri
871 2606 1228 2648 amoveamus
1263 2603 1311 2649 et
1367 2595 1601 2651 istorum
1657 2598 1778 2653 loco
1826 2597 2076 2653 ordinem

2178 2597 2276 2664 τῆς
2305 2596 2512 2658 οἰκείας
2538 2597 2829 2653 ἀπώσαθαι
2855 2596 3033 2666 ψυχῆς
3056 2594 3152 2648 καὶ
3166 2591 3562 2649 ἀντεισοικίσαι
3583 2589 3763 2661 ταύτῃ

492 2682 754 2747 virtnium
774 2681 1100 2739 inseramus.
1122 2685 1334 2739 Etenim
1364 2686 1600 2756 agricola
1621 2698 1673 2742 et
1697 2696 1848 2742 sutor
1866 2698 1919 2742 et
1934 2695 2076 2742 stru-

2178 2687 2408 2747 τὸντῶν
2441 2688 2654 2760 ἀρετῶν
2686 2688 3012 2755 κατάλογον.
3047 2687 3159 2741 Καὶ
3182 2687 3210 2738 6
3235 2685 3485 2754 γεωργὸς
3516 2682 3625 2751 γὰρ
3664 2684 3766 2734 καὶ

491 2780 615 2825 ctor
658 2781 711 2839 et
749 2781 926 2826 sartor
949 2780 1003 2827 et
1035 2780 1234 2839 tutor,
1269 2790 1463 2830 om..es
1501 2776 1726 2832 omnino
1756 2777 1851 2846 qui
1886 2776 2076 2832 frontis

2178 2779 2208 2832 6
2242 2777 2576 2849 σκυτοτόμος
2616 2782 2712 2832 καὶ
2743 2780 2772 2831 6
2830 2778 3113 2846 οἰκοδόμος
3151 2779 3249 2830 καὶ
3277 2777 3307 2828 6
3358 2775 3571 2846 ράπτης
3606 2774 3710 2827 καὶ
3736 2773 3767 2823 6

494 2861 693 2916 sudore
723 2878 1055 2934 suarumque
1081 2881 1336 2919 manuum
1373 2867 1559 2923 labore
1583 2867 1686 2922 sibi
1716 2868 1898 2922 cibum
1927 2882 2076 2924 com-

2180 2869 2447 2940 ὑφαντὴς,
2480 2871 2577 2925 καὶ
2636 2869 2826 2933 ἁπλῶς
2859 2868 2968 2930 πᾶς
3007 2868 3035 2920 6
3065 2866 3131 2921 δι’
3182 2866 3403 2919 οἰκείων
3438 2864 3616 2918 πόνων
3665 2864 3766 2916 καὶ

493 2962 732 3019 parant.
797 2955 843 3010 si
898 2956 1401 3033 concupiscentiam
1465 2958 1777 3013 divitiarum
1807 2967 1862 3014 et
1896 2960 2076 3030 gloriae

2179 2967 2277 3035 τῆς
2304 2962 2412 3018 ἀπὸ
2443 2962 2556 3016 τῶν
2605 2962 2806 3033 χειρῶν
2839 2962 3103 3032 ἐργασίας
3146 2957 3508 3031 ποριζόμενος
3544 2957 3607 3009 τὸ
3633 2953 3772 3025 ζῇν,

494 3050 550 3094 et
630 3044 875 3097 mollitici
948 3047 1017 3100 ab
1079 3047 1262 3105 anima
1337 3059 1665 3114 coerci-ant,
1737 3066 1865 3108 vere
1931 3051 2073 3107 beati

2180 3057 2279 3110 ἐὰν
2309 3055 2410 3125 τὴν
2460 3055 2762 3123 ἐπιθυμίαν
2792 3054 2888 3108 τοῦ
2942 3053 3176 3107 πλούτου
3211 3052 3305 3104 καὶ
3348 3051 3446 3120 τῆς
3473 3049 3632 3118 δόξης
3665 3050 3764 3101 καὶ

497 3145 650 3201 sunt.
688 3131 847 3188 Tales
892 3137 1037 3188 enim
1093 3144 1224 3192 sunt
1258 3152 1522 3217 pauperes
1572 3153 1805 3208 quorum
1838 3149 1923 3198 est
1973 3156 2076 3196 re—

2181 3148 2283 3217 τῆς
2319 3148 2533 3219 τρυφῆς
2584 3148 2694 3200 ἀπὸ
2727 3146 2828 3215 τῆς
2865 3145 3071 3210 οἰκείας
3124 3146 3397 3201 ἐκϐάλωσι
3430 3144 3630 3214 ψυχῆς,
3663 3142 3763 3195 δν-

495 3238 662 3293 gnuzn
711 3227 997 3279 cm'orum.
1039 3225 1165 3281 Ideo
1215 3225 1478 3283 Dominus
1529 3229 1598 3296 de
1636 3226 1743 3286 illis
1776 3249 1791 3286 :
1828 3251 1847 3283 ι
1882 3230 2075 3299 Beati,

2183 3257 2291 3303 τως
2322 3239 2586 3309 μακάριοι
2612 3253 2628 3269 ⁸
2669 3233 2816 3293 οῦτοι
2843 3238 2955 3309 γάρ
2987 3241 3126 3292 εἰσιν
3152 3239 3203 3291 οἰ
3239 3238 3470 3307 πτωχοὶ,
3498 3230 3573 3289 ὧν
3604 3236 3766 3286 ἐστιν

497 3314 699 3383 inquit,
743 3331 1010 3383 pauperes
1042 3317 1237 3386 spiritu
1271 3319 1340 3373 ⁸⁸.
1382 3338 1402 3372 ›
1437 3319 1712 3390 Pauperes
1736 3330 1917 3378 autem
1951 3334 2076 3379 sunt

2184 3334 2217 3403 ἠ
2249 3331 2499 3401 βασιλεία
2524 3330 2634 3384 τῶν
2675 3330 2926 3400 οὐρανῶν
2953 3345 2967 3360 ·
3015 3329 3097 3383 διὸ
3143 3331 3237 3383 καὶ
3271 3329 3358 3383 διὰ
3397 3327 3527 3390 τοὺς
3574 3325 3770 3379 10-46-

475 3406 694 3473 .spiritu
741 3407 833 3475 qui
867 3407 1060 3476 spiritu
1093 3423 1187 3464 seu
1220 3409 1404 3464 animo
1440 3411 1691 3468 modesto
1746 3431 1846 3471 nec
1895 3417 2076 3485 gloriae

2182 3441 2307 3488 τους
2341 3424 2370 3477 6
2423 3423 2650 3493 Κύριος,
2680 3438 2699 3473 ι
2747 3423 3046 3493 Μακάριοι,
3080 3422 3267 3492 φησὶν,
3322 3420 3372 3473 οἰ
3417 3418 3627 3487 πτωχοὶ
3676 3416 3766 3485 τῷ

501 3512 603 3552 nec
629 3497 965 3567 voluptatum
1000 3502 1294 3577 cupiditate
1322 3504 1560 3572 irretito,
1585 3505 1816 3563 libenter
1847 3523 2080 3577 pauper-

504 3597 668 3641 tatem
700 3591 1121 3659 amplectuntur,
1150 3595 1234 3649 vel
1261 3610 1379 3649 eam
1407 3636 1421 3658 ,
1456 3596 1500 3651 si
1555 3597 1922 3654 involuntaria
1966 3602 2038 3654 sit
2062 3639 2078 3664 ,

501 3675 736 3732 libenter
763 3679 1052 3736 suli‘erunt.
1087 3682 1297 3740 Divites
1330 3700 1457 3740 vero
1484 3695 1537 3741 et
1564 3687 1776 3743 deliciis
1802 3691 2082 3748 alﬂuentes

503 3779 557 3826 ει
596 3771 856 3825 caduc-am
900 3774 1203 3837 ambientes
1256 3775 1484 3847 gloriam
1516 3817 1533 3845 ,
1573 3779 1667 3849 qui
1716 3780 1820 3836 ista
1860 3798 2082 3852 prorsus

504 3862 726 3931 explent
771 3862 1065 3943 desideria,
1091 3866 1466 3923 acerbioribus
1495 3869 1961 3940 concupiscentiis
1998 3874 2081 3927 in-

506 3953 742 4023 servient
757 3962 809 4008 et
826 3955 879 4008 in
904 3956 1204 4029 strictiores
1218 3965 1273 4013 et
1294 3958 1475 4026 plures
1493 3968 1548 4014 et
1561 3960 1865 4029 asperiores
1876 3961 2080 4023 diaboli

507 4042 737 4112 laqueos
779 4043 1043 4101 incident.
1074 4044 1208 4101 Nam
1241 4048 1544 4104 ditescendi
1577 4053 2078 4121 concupiscentiam

508 4134 712 4203 ditatus
748 4151 855 4188 non
889 4136 1139 4203 dimittit,
1178 4138 1273 4193 sed
1304 4139 1484 4207 potius
1508 4152 1688 4211 auget,
1724 4144 1879 4212 plura
1914 4161 2082 4214 quam

506 4224 664 4295 prius
687 4236 969 4295 expetens.
1002 4225 1093 4282 Sic
1124 4240 1175 4281 et
1203 4228 1562 4298 voluptuosns
1594 4241 1647 4287 et
1678 4248 1876 4289 avarus
1909 4245 1963 4290 et
1987 4236 2083 4292 lla-

511 4316 736 4386 gitiosns
766 4326 820 4372 et
842 4319 1168 4395 dissolutus,
1195 4322 1422 4391 expletis
1450 4326 1568 4381 suis
1597 4330 2081 4398 concupiscrntiis,

520 4409 644 4464 illas
699 4411 879 4479 potius
942 4414 1265 4479 aCCt'lltllllll,
1309 4415 1403 4470 sed
1442 4433 1719 4485 nunquam
1772 4424 2079 4487 repudiant.

2183 3516 2482 3586 πνεύματι.
2517 3534 2536 3568 ι
2572 3515 2787 3586 Πτωχοὶ
2836 3513 2893 3571 δέ
2934 3513 3046 3568 εἰσι
3074 3512 3153 3583 τῷ
3198 3511 3469 3581 πνεύματι
3499 3510 3549 3562 οἰ
3583 3506 3672 3561 διὰ
3706 3514 3766 3561 τὸ

2183 3604 2541 3674 ἀκόμπαστον
2565 3604 2661 3657 καὶ
2689 3602 3007 3673 ἀφιλόδοξον
3029 3605 3124 3657 καὶ
3155 3601 3476 3670 ἀφιλήδονον
3501 3596 3597 3651 τοῦ
3627 3597 3691 3648 ἐα
3704 3614 3766 3647 υ-

2181 3696 2290 3751 τῶν
2317 3696 2656 3766 πνεύματος,
2684 3694 2803 3765 ἦτοι
2829 3691 2928 3758 τῆς
2954 3689 3156 3762 ψυχῆς,
3187 3689 3221 3759 ἢ
3258 3686 3506 3741 ἑκούσιον
3536 3687 3633 3738 καὶ
3657 3686 3765 3753 τὴν

2181 3789 2339 3853 ἐκτὸς
2374 3788 2591 3859 ἔχοντες
2624 3784 2922 3856 πτωχείαν,
2952 3783 2988 3855 ἢ
3024 3781 3292 3850 γενναίως
3319 3776 3524 3847 ταύτην
3563 3774 3766 3845 φέρον-

2181 3900 2295 3948 τες,
2345 3880 2449 3936 κᾶν
2481 3880 2737 3943 ἀκούσιος
2855 3878 2921 3933 Οἱ
2970 3876 3026 3930 δὲ
3060 3873 3420 3934 πλουτοῦντες
3447 3870 3542 3923 καὶ
3581 3869 3764 3921 εὐπαο

2182 3972 2424 4040 θοῦντες,
2457 3972 2555 4027 καὶ
2605 3974 2708 4042 τῆς
2751 3967 3096 4040 προσκαίρου
3154 3964 3315 4034 δόξης
3364 3960 3763 4024 ἀπολαύοντες,

2134 4084 2137 4089 ‘
2182 4066 2277 4122 καὶ
2301 4063 2490 4128 ἁπλῶς
2513 4064 2563 4116 οἰ
2587 4061 2696 4116 τῶν
2722 4060 2984 4119 τοιούτων
3004 4058 3347 4129 ἐπιθυμηταὶ
3370 4054 3761 4125 τυγχάνοντες,

2180 4156 2511 4224 δεινοτέροις
2564 4155 2771 4222 πάθεσι
2820 4152 3321 4223 περιπαρήσονται.
3374 4147 3469 4201 καί⁸
3502 4148 3584 4208 εἰς
3640 4144 3765 4214 μεί-

2181 4246 2308 4310 ζους
2341 4246 2437 4300 καὶ
2488 4244 2710 4307 πλείους
2761 4243 2857 4298 καὶ
2904 4241 3342 4313 δυσχερεστέρας
3385 4235 3763 4309 ἐμπεσοῦνται

2182 4337 2419 4405 παγίδας
2443 4336 2540 4390 τοῦ
2561 4335 2814 4389 διαϐόλου
2838 4353 2851 4367 ·
2878 4335 2979 4406 τὴν
3009 4335 3120 4405 γᾴρ
3144 4331 3443 4403 ἐπιθυμίαν
3465 4329 3561 4384 τοῦ
3595 4327 3764 4382 πλου-

2182 4427 2292 4479 τεῖν
2324 4427 2353 4478 6
2387 4424 2698 4494 πλουτήσας
2742 4425 2844 4479 οὐκ
2886 4422 3227 4489 ἀποτίθεται,
3263 4418 3383 4474 ἀλλ’
3434 4417 3589 4482 αὔξει
3623 4416 3766 4485 μᾶλ-

512 4498 793 4568 Principes
829 4512 1010 4557 autem
1050 4503 1264 4572 virique
1300 4504 1540 4562 illustres
1571 4497 1835 4577 potestate
1854 4525 2074 4584 accepta

2185 4521 2293 4580 λον,
2325 4516 2593 4571 πλειόνων
2626 4516 2660 4585 ἢ
2710 4515 2980 4585 πρότερον
3024 4514 3376 4585 ὀρεγόμενος.
3409 4509 3569 4564 Οὕτω
3609 4508 3711 4562 καὶ⁵
3735 4512 3767 4559 6

509 4589 666 4661 plura
697 4601 916 4660 peet-ata
954 4593 1298 4666 majoresque
1319 4608 1644 4676 perpetrant
1681 4602 2003 4673 injusxitias.

2187 4609 2492 4679 φιλήδονος,
2523 4609 2618 4660 καὶ
2649 4610 2676 4661 6
2706 4607 2992 4677 φίλαρχος,
3025 4605 3167 4659 καὶὸ
3194 4605 3427 4667 ἄσωτος,
3455 4602 3550 4655 καὶ
3575 4603 3604 4653 6
3633 4599 3767 4653 ἀκό⁴

509 4682 726 4747 λαστος,
762 4683 985 4749 αὔξουσι
1021 4686 1224 4755 μᾶλλον
1269 4689 1495 4755 ταύτας,
1532 4691 1649 4744 ἀλλ’
1713 4695 1813 4749 οὐκ
1857 4697 2280 4757 ἀποϐάλλοντάι.
2343 4702 2408 4754 Οἰ
2477 4700 2537 4754 δὲ
2600 4700 2863 4771 αρχοντες
2916 4700 3013 4753 καὶ
3040 4699 3091 4752 οἱ
3142 4695 3346 4762 ἔνδοξοι
3398 4693 3760 4766 προσλαμσὼ

508 4793 662 4831 νουσι
710 4777 803 4828 καὶ
852 4777 1080 4850 δύναμιν
1114 4779 1255 4834 ὥστε
1309 4782 1530 4851 μείζους
1581 4787 1823 4841 ἐκτελεῖν
1864 4792 2080 4857 ἀδικίας
2116 4797 2211 4849 καὶ
2245 4797 2543 4867 ἁμαρτίας.

585 4866 711 4922 Ideo
741 4866 960 4922 diﬂicile
993 4878 1078 4923 est
1104 4870 1403 4941 principem
1442 4877 1639 4929 salvari
1675 4888 1731 4932 et
1770 4880 1992 4936 divitem
2026 4879 2079 4938 in

506 4975 736 5035 regnum
765 4958 857 5014 Dei
894 4960 1121 5016 intrare.
1150 4963 1302 5018 Unde
1349 4966 1610 5023 Dominus
1651 4985 1665 5023 :
1715 4988 1734 5020 ι
1775 4971 2081 5041 Quomodo,

508 5052 608 5127 ait,
659 5067 754 5108 vos
804 5053 1037 5123 potestis
1084 5055 1303 5111 credere
1333 5057 1425 5126 qui
1462 5059 1689 5127 gloriam
1737 5064 1805 5115 ab
1849 5064 2077 5121 invicem

506 5144 782 5212 accipitis,
801 5154 855 5199 et
884 5145 1109 5212 gloriam
1136 5163 1257 5217 quae
1285 5164 1314 5204 a
1342 5150 1449 5205 Deo
1478 5160 1562 5205 est
1591 5168 1699 5207 non
1721 5155 1962 5220 quaeritis
1987 5156 2002 5187 ¹
2022 5156 2073 5209 2»

506 5237 616 5291 Sed
654 5253 814 5293 nemo
852 5240 1107 5294 turbetur
1150 5241 1200 5294 si
1248 5242 1564 5311 opulentus,
1625 5244 1672 5297 si
1734 5243 1980 5310 illustris,
2036 5249 2081 5301 si

512 5328 765 5397 princeps
810 5331 900 5384 sit.
929 5329 1112 5385 Potest
1139 5332 1285 5386 cnim
1322 5333 1442 5387 talis
1488 5334 1531 5388 si
1565 5336 1688 5389 velit
1720 5335 1949 5404 gloriam
1990 5337 2080 5391 Dei

511 5438 757 5487 eittzttl'cre
790 5431 844 5476 et
876 5422 1197 5492 sibimetipsi
1230 5424 1335 5477 vim
1369 5424 1595 5493 inferre,
1636 5427 1711 5482 ita
1758 5438 1817 5482 ut
1839 5429 2082 5500 disrupta

512 5514 577 5565 a:l
613 5515 813 5567 malum
849 5518 1214 5586 propensione
1240 5556 1254 5581 ,
1285 5531 1510 5587 magnas
1542 5534 1799 5575 exerceas
1835 5522 2081 5585 virtutes,

518 5620 710 5669 magna
743 5622 931 5663 arceas
963 5607 1118 5670 vitia,
1142 5623 1249 5661 non
1298 5622 1327 5663 a
1374 5609 1666 5679 semetipso
1695 5618 1915 5665 tantum"
1939 5625 2084 5667 ricta

596 5787 639 5815 ’⁸
672 5787 853 5841 nillil.
895 5806 970 5852 Καὶ,
1018 5788 1078 5841 19.
1180 5790 1221 5817 ⁹²
1253 5789 1408 5845 littill:

1470 5807 1520 5853 ν,
1555 5794 1602 5844 ’i.
1688 5794 1699 5820 '
1743 5791 1986 5849 λελιυργ,
2026 5794 2081 5845 14

2260 4889 2360 4941 Διά
2393 4886 2553 4940 τοῦτο
2603 4887 2860 4941 δύσκολόν
2890 4888 3040 4942 ἐστιν
3072 4886 3314 4956 ἄρχοντα
3369 4880 3632 4951 σωθῆναι,
3667 4882 3763 4934 καὶ

2189 4980 2448 5035 πλούσιον
2468 4982 2549 5044 εἰς
2574 4983 2673 5052 τὴν
2706 4981 2980 5051 βασιλείαν
3002 4980 3096 5037 τοῦ
3120 4978 3257 5035 Θεοῦ
3284 4977 3575 5032 εἰσελθεῖν.
3607 4994 3628 5028 ι
3653 4978 3767 5030 Καὶ

2185 5072 2325 5135 πῶς,
2356 5075 2511 5143 φησι,
2561 5072 2793 5128 δύνασθε
2822 5074 3101 5129 πιστεύειν
3131 5075 3211 5137 εἰς
3265 5071 3388 5141 ἐμὲ,
3417 5069 3578 5135 δόξαν
3609 5071 3764 5139 παρὰ

2185 5163 2490 5232 ἀνθρώπων
2538 5163 2934 5232 λαμϐάνοντες,
2984 5165 3079 5217 καὶ
3132 5162 3232 5232 τὴν
3268 5162 3430 5226 δόξαν
3458 5164 3559 5231 τὴν
3608 5160 3763 5228 παρά

2185 5253 2280 5307 τοῦ
2317 5254 2478 5322 μόνου
2510 5254 2645 5307 Θεοῦ
2698 5257 2774 5325 μὴ
2820 5256 3107 5327 ζητοῦντες
3143 5274 3157 5320 ;
3197 5275 3214 5307 ι
3257 5255 3422 5308 Ἀλλὰ
3473 5255 3547 5323 μὴ
3601 5252 3764 5321 θορυ-

2186 5343 2389 5396 ϐείπθω
2419 5346 2473 5397 εἴ
2506 5361 2589 5408 τις
2615 5344 2852 5412 εὔπορος
2883 5347 2914 5416 ἢ
2953 5347 3163 5412 ἔνδοξος
3200 5346 3232 5417 ἦ
3263 5347 3449 5415 ἄρχων
3479 5345 3595 5401 ἐστί
3621 5358 3636 5372 ·
3664 5341 3763 5394 δύ·

2187 5452 2345 5488 ναται
2384 5438 2491 5505 γὰρ
2543 5429 2719 5500 οὗτος,
2760 5438 2858 5491 ἐὰν
2912 5437 3063 5510 θέλῃ,
3113 5438 3213 5508 τὴν
3279 5436 3439 5500 δόξαν
3468 5434 3564 5487 τοῦ
3619 5430 3757 5485 Θεοῦ

2188 5524 2392 5592 ζητεῖν,
2445 5526 2551 5578 καὶ
2596 5526 2879 5595 βιάζεσθαι
2933 5528 3149 5593 ἑαυτὸν,
3179 5527 3320 5580 ὥστε
3369 5525 3470 5595 τὴν
3521 5524 3657 5593 πρὸς
3688 5521 3757 5573 τὰ

2188 5616 2355 5685 χείρω
2392 5618 2566 5688 ῥοπὴν
2621 5620 2972 5683 ἀνακόπτειν,
3009 5614 3471 5690 μεγάλαςὰρετὰς
3520 5614 3760 5688 ἐργάσι-
