4046 6440
332 366 422 429 ῙᾌῙ

1740 366 2066 426 HUMILIA
2102 368 2222 429 XV.

3470 374 3569 463 ita

327 482 476 546 σθαι,
504 480 596 533 καὶ
622 477 864 548 μεγάλας
897 476 1224 532 ἀπώσασθαι
1258 479 1475 545 κακίας,
1505 479 1604 532 οὐκ
1640 479 1732 548 ἀφ“
1758 481 1888 531 ἐαυ-

2015 479 2279 541 tlecliuuc,
2314 481 2404 533 sed
2438 480 2597 534 ctiam
2646 480 2711 534 ah
2746 480 2867 535 aliis
2919 479 3104 532 multis
3154 480 3318 533 etiam
3364 477 3569 533 invitis.

324 573 420 625 τοῦ
472 573 651 640 μόνον,
702 571 841 625 ἀλλὰ
892 573 983 624 καὶ
1031 572 1138 625 ἀπὸ
1186 572 1395 625 πολλῶν
1427 573 1630 643 ἑτέρων
1679 570 1890 643 τῶνμὴ

327 662 670 733 βουλομένων
695 678 711 693 ο
741 664 835 716 καὶ
863 663 970 732 γάρ
997 662 1220 717 δύναται
1256 665 1330 732 μὴ
1378 665 1538 732 μόνον
1568 665 1892 732 δικαιοπρα-

326 756 443 820 γεῖν
482 754 573 807 καὶ
609 755 927 824 σωφρονεῖν,
961 753 1093 807 ἀλλὰ
1123 754 1218 808 καὶ
1246 756 1371 816 τοὺς
1399 755 1607 808 ἀδικεῖι
1641 756 1738 807 καὶ
1767 756 1896 808 ἀκο-

327 845 634 900 λασταίνειν
666 845 1041 916 βουλομένους
1097 845 1328 901 κωλύειν
1373 847 1748 920 πολυτρόπως,
1802 850 1894 900 καὶ

330 935 409 1006 μὴ
442 935 601 1003 μόνον
651 936 876 1008 εὐπειθῆ
910 938 1171 1009 παρέχειν
1223 938 1415 992 ἑαυτὸν
1448 940 1523 1006 τῷ
1576 940 1897 1010 Εὑαγγελίῳ

328 1027 425 1081 τοῦ
454 1028 696 1099 Χριστοῦ
722 1030 819 1083 καὶ
846 1031 959 1092 τοῖς
990 1029 1219 1100 κῆρυξιν
1250 1028 1439 1092 αὐτοῦ,
1475 1028 1610 1082 ἀλλὰ
1647 1032 1739 1082 καὶ
1771 1031 1895 1091 τοῦς

336 1119 585 1173 ἀπειθεῖν
636 1119 1001 1189 βουλομένους
1053 1120 1376 1173 ὑποτάσσειν
1426 1120 1491 1189 τῇ
1525 1118 1618 1172 τοῦ
1656 1117 1896 1188 Χριστοῦ

341 1209 657 1281 Ἐκκλησία,
715 1210 810 1263 nt
861 1212 974 1273 τοῖς
1032 1210 1177 1263 κατὰ
1232 1207 1472 1279 Χριστὸν
1528 1206 1898 1283 προεστηκόσι

328 1302 554 1372 ταύτης,
594 1303 671 1373 μὴ
702 1302 867 1374 μόνον
908 1304 998 1356 διὰ
1030 1302 1146 1373 τῆς¹
1183 1302 1465 1372 δυνάμεως
1513 1303 1608 1356 καὶ
1651 1301 1897 1368 ἐξουσίας

330 1389 400 1465 ἦς
432 1394 592 1464 ἔλαχε
641 1394 797 1466 παρὰ
842 1393 1001 1458 Θεοῦ,
1033 1393 1168 1448 ἀλλὰ
1214 1394 1310 1448 καὶ
1347 1394 1409 1447 τὸ
1445 1393 1612 1455 τύπος
1654 1392 1899 1460 γίνεσθαι

327 1487 441 1549 τοῖς
476 1485 999 1556 ὑποδεεστέροιςὲν
1049 1486 1212 1539 πᾶσιν
1257 1484 1514 1552 άγαθοῖς’
1565 1482 1900 1553 ἐξομοιοῦται

331 1579 441 1649 γὰρ
472 1576 550 1648 τῷ
585 1579 809 1646 ἄρχοντι
862 1579 923 1631 τὸ
964 1577 1286 1649 ἀρχόμενον.
1321 1577 1561 1646 Σπουδῆς
1612 1575 1705 1629 οὖν
1744 1576 1903 1644 χρεία

334 1670 431 1721 καὶ
465 1667 584 1737 βίας
614 1670 708 1722 καὶ
753 1669 1026 1739 προσοχῆς
1075 1670 1211 1722 πᾶσι
1257 1668 1378 1737 μὲν,
1428 1669 1527 1722 οὐκ
1561 1669 1758 1738 ἐπίσης
1805 1666 1901 1720 δέ’

308 1759 452 1823 aut;
482 1760 591 1831 γὰρ
628 1762 686 1814 ἐν
723 1760 848 1833 δόξῃ
878 1762 971 1815 καὶ
1000 1760 1216 1831 πλούτῳ
1245 1761 1339 1814 καὶ
1371 1760 1513 1830 ἀρχῇ
1568 1760 1896 1824 καθεστῶσι,

334 1853 430 1904 xui.
470 1854 581 1916 τοῖς
614 1854 740 1924 περὶ
767 1852 956 1921 λόγους
987 1854 1232 1921 καὶπερὶ
1261 1853 1360 1923 τὴν
1400 1853 1592 1923 κτῆσιν
1636 1855 1734 1924 τῆς
1776 1853 1897 1907 κατ’

332 1946 527 2009 αὖτοὺς
576 1947 767 2016 σοφίας
826 1948 1237 2014 ἐσπουδακόσιν,
1284 1947 1446 2018 εἴπερ
1490 1947 1727 2015 σωθῆναι
1776 1931 1900 2019 βού-

334 2038 530 2103 λοιντο,
570 2038 817 2104 πλείονος
860 2039 1019 2110 χρεία
1062 2039 1179 2107 βίας
1212 2056 1273 2093 τε
1316 2041 1412 2095 καὶ
1463 2041 1730 2112 σπουδῆς,
1776 2043 1901 2095 ἐπεὶ

332 2126 428 2179 καὶ
458 2126 763 2195 πεφύκασιν
797 2122 936 2180 εἷναί
963 2146 1093 2192 ’πως
1125 2128 1590 2201 δυσπειθέστεροι.

406 2215 514 2286 79
544 2216 711 2270 Τοῦτο
744 2217 808 2288 δὴ
859 2220 953 2272 καὶ
999 2221 1108 2273 ἀπὸ
1158 2220 1265 2273 τῶν
1326 2220 1454 2291 χθὲς
1506 2221 1599 2274 καὶ
1657 2223 1901 2293 σήμερον

334 2308 790 2375 ἀναγνωσθέντων
847 2310 1198 2379 Εὑαγγελίων
1250 2309 1344 2364 τοῦ
1394 2311 1633 2381 Χριστοῦ
1690 2313 1899 2379 γίνεται

335 2402 680 2466 καταφανὲςο
709 2399 800 2452 τοῦ
832 2402 940 2472 γὰρ
971 2403 1060 2453 ἐπὶ
1106 2399 1346 2473 Λαζάρῳ
1373 2401 1722 2466 τελεσθέντος
1769 2404 1898 2456 θαύ-

341 2508 531 2559 ματος,
564 2493 655 2546 καὶ
679 2492 812 2546 Θεὸν
833 2491 980 2549 ,εἶναι
1003 2494 1094 2547 τὸν
1121 2494 1428 2565 ποιήσαντα
1450 2496 1765 2566 περιφανῶς
1798 2513 1898 2549 πα-

340 2581 729 2649 ραστήσαντος,
760 2583 788 2635 ὁ
811 2583 912 2652 μὲν
938 2582 1068 2644 λαὸς
1094 2583 1493 2654 ἀνεπείσθησαν
1518 2583 1613 2637 καὶ
1651 2585 1900 2638 ἐπίστευ-

342 2688 461 2733 σαν,
520 2672 572 2723 οί
624 2672 680 2724 δὲ
735 2671 1039 2737 τηνικαῦτα
1102 2674 1388 2742 ἄρχοντες,
1442 2675 1491 2727 oi
1556 2679 1906 2746 γραμματεῖς

339 2762 580 2829 δηλονότι
612 2764 707 2816 καὶ
751 2765 1055 2834 Φαρισαῖοι,
1096 2765 1355 2819 τοσοῦτον
1386 2765 1625 2836 ἀπέσχον
1647 2767 1740 2820 τοῦ
1782 2785 1903 2821 πει-

344 2852 561 2922 σθῆναι,
587 2854 662 2918 ὥς
687 2856 781 2908 καὶ
810 2856 932 2909 κατ’
961 2854 1124 2909 αὑτοῦ
1163 2856 1397 2926 μανῆναι
1429 2858 1653 2928 μᾶλλον,
1678 2861 1770 2913 καὶ
1804 2861 1909 2914 ὑπὸ

344 2945 767 3015 φμνοὸλαόείας
797 2946 1014 3018 θανάτῳ
1038 2948 1379 3014 παραδοῦναι
1411 2949 1765 3019 βουλεύεσθαι
1793 2953 1906 3015 τὸν,

343 3038 436 3091 καὶ
465 3036 532 3090 δι’
562 3031 636 3092 ὧν
668 3033 817 3105 εἷπε,
843 3043 937 3097 καλ⁸
965 3040 1034 3093 δι’
1059 3033 1133 3094 ὧν
1164 3040 1392 3111 ἔπραξε,
1424 3041 1570 3108 ζωῆς
1602 3045 1696 3097 καὶ
1740 3045 1909 3098 θανά-

1994 568 2128 624 Nam
2164 579 2341 638 potest
2383 587 2490 625 non
2525 579 2733 625 tantum
2779 570 3050 641 justitiam
3097 578 3149 621 ct
3184 569 3568 622 castimoniam

1997 661 2194 728 colere,
2226 663 2317 716 sed
2345 663 2616 733 etiamqui
2649 664 2848 732 injuste
2873 672 2929 718 et
2957 661 3223 717 dissolute
3247 661 3426 715 vivere
3457 660 3570 711 vcl-

1999 754 2071 809 let
2102 754 2419 808 multimode
2450 756 2754 824 castigare;
2786 755 2881 809 sed
2916 769 3013 807 nec
3051 755 3212 809 etiam
3232 753 3572 820 iniquitatem

1999 848 2161 902 modo
2186 862 2216 901 e
2245 848 2380 902 solio
2417 849 2634 916 ejicere,
2668 864 2854 903 verum
2903 848 3081 902 adhuc
3120 847 3399 916 justitiam.
3422 845 3478 898 in
3513 860 3577 895 eo

1999 938 2354 1001 constituere,
2394 954 2493 992 nec
2525 946 2731 991 tantum
2766 952 2823 991 se
2854 939 3030 1006 ipsum
3061 935 3292 990 docilem
3337 934 3578 1003 praebere
3608 982 3625 987 _

2000 1027 2053 1082 in
2082 1029 2384 1085 obedieudo
2403 1029 2697 1100 Evangelio
2723 1029 2947 1092 Christi,
2967 1028 3196 1099 ejusque
3208 1026 3574 1097 ρςέὺεειιξιηιε,

1954 1150 1958 1154 Α
2000 1122 2091 1177 sed
2130 1121 2295 1176 etiam
2327 1131 2677 1177 contumaces
2707 1122 3031 1177 submittere
3054 1121 3258 1176 Christi
3295 1120 3575 1183 Ecclesiae,

2002 1214 2230 1283 ejusque
2265 1215 2564 1269 secundum
2601 1214 2882 1270 Christum
2933 1214 3257 1282 praepositis,
3303 1230 3425 1282 quae
3466 1206 3605 1266 non”

2001 1304 2178 1357 solum
2213 1304 2413 1359 utendo
2445 1315 2706 1375 potestate
2738 1318 2788 1358 ct
2810 1306 2933 1374 jure
2967 1320 2994 1357 a
3031 1303 3143 1359 Deo
3177 1304 3414 1371 acceptis
3439 1341 3453 1365 ,
3484 1302 3577 1355 sed

2002 1395 2166 1449 etiam
2201 1412 2259 1452 se
2289 1397 2470 1451 minus
2514 1396 2674 1451 bonis
2710 1400 2762 1450 iu
2810 1396 3119 1463 evctnplum
3150 1393 3329 1451 dando
3363 1394 3581 1448 obtine-

2003 1487 2100 1542 bit.
2135 1488 2268 1543 Nam
2301 1490 2435 1543 tales
2463 1488 2665 1543 subditi
2697 1490 2889 1558 quales
2933 1487 3231 1556 principes.
3277 1484 3581 1539 Sedulitatc

2004 1594 2135 1648 ergo
2166 1588 2218 1633 et
2248 1579 2507 1636 violentia
2548 1590 2604 1636 et
2638 1581 2915 1650 diligentia
2973 1593 3108 1648 opus
3150 1588 3235 1633 est
3265 1622 3277 1640 .
3319 1576 3575 1631 omnibus

2007 1672 2249 1740 quidem,
2278 1672 2371 1728 sed
2406 1688 2510 1725 non
2534 1673 2835 1743 mqualiter.
2863 1672 2964 1739 Qui
2984 1671 3128 1725 enim
3159 1671 3331 1741 gloria
3361 1676 3415 1724 et
3446 1668 3584 1723 divi.

2011 1763 2100 1817 tiis
2156 1769 2210 1817 ct
2241 1770 2503 1831 potestate
2533 1763 3027 1831 superinduuntur,
3094 1770 3148 1816 et
3176 1760 3327 1816 circa
3369 1759 3582 1812 litteras

2002 1861 2054 1906 et
2096 1852 2516 1921 comparandam
2562 1852 2705 1907 illam
2751 1868 2916 1924 quam
2957 1852 3209 1922 iudicant
3257 1848 3582 1919 sapientiam

2001 1943 2244 2002 studiose
2276 1954 2588 2011 versantur,
2625 1945 2669 1999 si
2705 1945 2909 2000 salvari
2946 1946 3144 2004 velint,
3176 1942 3347 2012 magis
3392 1957 3580 1996 neces-

2002 2038 2201 2092 sariam
2228 2037 2427 2091 habent
2459 2038 2564 2092 vim
2592 2047 2648 2091 et
2672 2036 3007 2107 diligentiam
3034 2077 3047 2099 ,
3080 2050 3206 2090 cum
3246 2043 3437 2088 natura
3475 2033 3585 2088 sint

2003 2125 2344 2183 iudocilioris
2377 2128 2601 2197 ingenii.

2001 2252 2008 2258 -
2074 2212 2227 2282 Quod
2260 2231 2325 2270 ex
2357 2216 2614 2270 hesterno
2647 2231 2858 2286 necnon
2886 2232 2948 2270 ex
2986 2214 3250 2270 hodierno
3291 2210 3588 2282 Evangelia

2003 2308 2283 2364 evidenter
2310 2316 2472 2377 patet.
2504 2307 2713 2362 Etenim
2737 2307 2973 2375 perfecto
3004 2320 3169 2374 super
3192 2303 3455 2358 Lazarum
3486 2302 3589 2357 mi-

2005 2401 2194 2457 raculo
2243 2417 2353 2471 quo
2409 2401 2658 2457 Christus
2715 2415 2773 2454 se
2808 2398 2974 2453 Deum
3042 2398 3186 2452 clare
3244 2395 3587 2465 probaverat.

2006 2493 2240 2563 populus
2271 2492 2490 2562 quidem
2523 2506 2819 2562 persuasus
2854 2490 3087 2545 credidit
3111 2528 3127 2554 ,
3169 2487 3448 2557 principes
3488 2501 3590 2540 au-

1990 2595 2136 2657 tem,
2169 2585 2223 2641 id
2255 2594 2340 2640 est
2381 2584 2584 2640 Scriba:
2630 2592 2689 2638 et
2706 2581 2991 2647 Pharisasi,
3027 2588 3239 2635 tantum
3293 2579 3481 2639 aberat
3533 2584 3591 2629 ut

2007 2679 2311 2737 crederent,
2379 2683 2440 2731 ut
2495 2685 2688 2729 contra
2736 2674 2912 2743 ipsum
2978 2672 3244 2737 furerent,
3302 2679 3356 2725 et
3410 2668 3590 2723 insani

2009 2784 2134 2824 eum
2199 2769 2415 2823 tradere
2491 2765 2655 2821 morti
2737 2765 3084 2821 intenderent
3141 2760 3234 2832 qui
3307 2769 3359 2814 et
3431 2760 3593 2814 dictis

2011 2869 2065 2916 et
2098 2859 2257 2914 factis
2295 2874 2416 2914 sese
2455 2839 2579 2912 vitae
2609 2857 2913 2925 mortisque
2943 2854 3233 2910 Domiuum
3275 2852 3594 2907 manifesta-

2012 2964 2185 3010 verat.
2235 2954 2371 3010 Nam
2417 2953 2542 3025 quis
2576 2960 2888 3008 autumaret
2933 2965 2999 3004 ex
3032 2965 3098 3003 eo
3141 2946 3286 3019 quod
3318 2946 3592 3013 Christus,

2012 3045 2235 3101 elevatis
2265 3061 2486 3101 sursum
2513 3041 2707 3107 oculis,
2734 3042 2935 3097 dixerit
2966 3059 2978 3095 :
3010 3058 3029 3092 ‹
3062 3041 3241 3105 Pater,
3265 3037 3470 3109 gratias
3492 3052 3594 3106 ago

341 3147 435 3184 του
470 3129 673 3201 Κύριον
701 3130 1051 3201 ἁναφανέντα
1070 3148 1085 3164 ·
1115 3133 1176 3186 οὐ
1207 3134 1316 3204 γὰρ
1342 3133 1455 3204 ἔχει
1489 3152 1572 3198 τις
1603 3137 1801 3199 εἰπεῖν,
1828 3139 1910 3190 ὅτι

2021 3138 2145 3211 tibi,
2177 3155 2195 3188 ι
2233 3137 2577 3206 prohibuisse
2645 3150 2711 3189 ne
2771 3131 2921 3187 Patri
2986 3130 3212 3200 aequalis
3261 3129 3594 3200 putaretur?

343 3220 406 3274 τὺ
444 3223 567 3285 τοὺς
597 3223 829 3286 οίκείους
873 3221 1186 3294 ὀφθαλμοὺς
1233 3223 1346 3279 ἄνω
1387 3226 1510 3279 τότε
1559 3226 1649 3278 τὸν
1680 3228 1913 3297 Χριστὸν

348 3314 553 3382 ἐπᾶραι
578 3313 671 3366 καὶ
709 3314 915 3368 εἰπεῖν’
942 3314 1151 3383 Πάτερ,
1181 3300 1493 3387 εὐχαριστῶ
1526 3332 1608 3368 σοι
1635 3318 1715 3370 ὅτι
1747 3316 1916 3386 ηκου-

351 3405 447 3468 σάς
480 3423 605 3476 μου,
649 3405 906 3476 ἐμπόδιον
935 3406 1120 3470 αὐτοῖς
1146 3407 1364 3476 ἐγένετο
1391 3409 1525 3480 πρὸς
1551 3408 1610 3461 τὸ
1639 3407 1752 3462 ίσον
1781 3404 1916 3462 εἶναι

352 3494 568 3564 νομίσαι
595 3492 783 3548 τοῦτον
817 3494 894 3565 τῷ
920 3495 1129 3566 Πατρίο
1163 3497 1419 3566 ἐπιφέρει
1450 3496 1561 3566 γὰρ
1605 3496 1766 3562 αὐτὸς
1799 3500 1918 3551 ἐκεῖ

355 3585 485 3657 πρὸς
520 3585 611 3640 τὸν
645 3586 864 3656 Πατέρα
906 3586 1120 3656 λέγων·
1155 3604 1174 3638 ι
1222 3586 1364 3656 Ἐγὼ
1392 3587 1449 3641 δὲ
1493 3588 1640 3659 ᾕῗειν
1671 3590 1751 3643 ὅτι
1783 3591 1920 3645 πάν-

350 3676 469 3729 τοτέ
504 3694 603 3748 μου
657 3677 896 3742 ἀκούεις,
928 3677 1066 3732 ἀλλὰ
1112 3677 1200 3731 διά
1245 3677 1336 3731 τὸν
1365 3677 1525 3749 ὄχλον
1573 3678 1664 3732 τὸν
1723 3697 1918 3749 περιε-

354 3767 530 3821 στῶτα
565 3764 737 3829 εἶπον.
779 3768 868 3824 ἵνα
923 3767 1292 3822 πιστεύσωσιν
1326 3770 1410 3821 ὅτι
1450 3769 1513 3822 σύ
1553 3787 1620 3837 με
1667 3769 1921 3823 ἀπέστει-

348 3864 467 3924 λας.
516 3880 535 3912 ι
568 3862 683 3914 Ἵνα
716 3862 827 3932 γὰρ
858 3860 994 3931 ὁμοῦ
1025 3878 1081 3914 τε
1118 3861 1251 3913 Θεὸν
1284 3860 1453 3928 γνῶσι
1487 3859 1699 3925 τοῦτον,
1741 3863 1834 3914 καὶ
1858 3864 1922 3915 ὲκ

352 3953 447 4008 τοῦ
485 3953 692 4023 ﬂat-pb;
728 3936 881 4019 ⁴ὄντα,
913 3955 1009 4007 καὶ
1047 3951 1169 4006 κατ’
1207 3953 1361 4006 οὐδὲν
1406 3952 1752 4017 ὑπεναντίον,
1785 3954 1921 4010 ἀλλὰ

356 4043 495 4097 κατὰ
524 4043 751 4115 γνώμην
787 4043 883 4098 τοῦ
914 4044 1125 4114 Πατρος
1153 4043 1221 4096 τὰ
1248 4042 1505 4113 θαύματα
1531 4045 1920 4115 ἐργαζόμενον,

353 4132 456 4213 ἦρε
506 4136 603 4206 μὲν
657 4135 885 4190 ἐνώπιον
925 4135 1142 4188 πάντων
1196 4134 1323 4197 τοὺς
1380 4135 1692 4205 ὀφθαλμοὺς
1756 4137 1922 4190 αὐτοῦ

356 4228 492 4298 πρὸς
522 4228 613 4281 τὶν
650 4227 890 4298 Πατέρα,
932 4231 1117 4280 ἐκεῖνα
1148 4228 1204 4282 δὲ
1233 4225 1354 4280 εἶπε
1388 4228 1525 4299 πρὸς
1562 4227 1748 4294 αὑτὸν,
1782 4227 1925 4301 ἅπερ

359 4320 473 4371 ἴσον
501 4318 852 4374 ἀποδείκνυσι
896 4318 987 4372 τὸν
1021 4319 1112 4371 ἐπὶ
1151 4318 1254 4389 γῆς
1297 4319 1521 4372 εἰπόντα
1555 4319 1633 4389 τῷ
1663 4321 1926 4392 ἀνωτάτω

356 4412 451 4465 καὶ
475 4412 595 4465 κατ’
619 4409 849 4481 οὐρανὸν
886 4411 1059 4481 Πατρί
1086 4426 1098 4440 ·
1137 4409 1328 4480 ὥσπερ
1362 4410 1470 4480 γὰρ
1514 4411 1799 4479 μέλλοντος
1828 4410 1925 4483 τὴν

2022 3227 2264 3297 Explicat
2302 3228 2447 3281 enim
2495 3226 2612 3296 ipse
2657 3225 2873 3281 Patrem
2913 3223 3109 3279 allatus
3145 3239 3160 3276 :
3203 3238 3223 3272 ι
3265 3220 3379 3292 Ego
3412 3230 3595 3275 autem

2019 3319 2255 3372 sciebam
2286 3317 2413 3386 quia
2450 3330 2667 3385 semper
2696 3330 2781 3369 me
2808 3313 2988 3377 audis,
3030 3310 3122 3366 sed
3167 3317 3390 3380 propter
3419 3323 3596 3377 popu-

2019 3414 2128 3468 lum
2153 3411 2244 3480 qui
2281 3411 2600 3465 circumstat
2623 3406 2756 3471 dixi,
2785 3416 2844 3460 ut
2877 3404 3103 3461 credant
3126 3402 3251 3474 quia
3286 3411 3340 3456 tu
3376 3417 3462 3455 me
3495 3401 3600 3454 nti-

2019 3503 2222 3559 θίξιν.»
2250 3500 2317 3556 Ut
2340 3501 2484 3555 enim
2506 3500 2706 3570 pariter
2732 3498 2901 3553 Deum
2920 3511 3042 3551 esse
3064 3502 3417 3565 cognoscant,
3445 3492 3596 3546 illum

2019 3603 2072 3647 et
2115 3608 2145 3647 a
2181 3590 2344 3646 Patre
2375 3591 2756 3660 procedentem
2795 3596 2850 3641 et
2883 3585 2934 3639 in
2975 3585 3122 3639 nullo
3165 3584 3430 3638 minorem
3453 3622 3468 3648 ,
3502 3582 3600 3637 sed
3680 3598 3684 3602 ‘

2020 3683 2319 3738 secundum
2381 3696 2665 3737 assensum
2745 3678 3011 3732 miracula
3064 3676 3318 3744 operari,
3369 3674 3603 3729 elevavit
3680 3680 3685 3689 '

2020 3776 2238 3845 quidem
2287 3789 2469 3829 coram
2520 3771 2776 3827 omnibus
2833 3769 3021 3824 oculos
3071 3767 3138 3820 ad
3184 3764 3422 3829 Patrem,
3475 3764 3604 3819 talia

2021 3884 2152 3923 vero
2184 3867 2251 3921 ad
2299 3866 2474 3935 ipsum
2516 3863 2658 3918 dixit
2701 3876 2823 3931 qua:
2849 3859 3205 3916 ostenderent
3246 3856 3301 3911 in
3335 3856 3496 3911 terris
3525 3857 3605 3907 lo—

2023 3968 2281 4030 quentem
2330 3957 2575 4029 regnanti
2633 3956 2685 4010 in
2735 3954 2970 4009 excelsis
3025 3964 3080 4007 et
3134 3953 3186 4006 in
3243 3951 3399 4006 coclis
3452 3947 3603 4003 Patri

2023 4054 2308 4122 aequalem.
2340 4050 2630 4106 Enimvero
2655 4049 2799 4104 sicut
2823 4047 2876 4101 iu
2905 4044 3193 4115 principio,
3223 4059 3347 4098 cum
3378 4041 3603 4110 jamjam

2025 4144 2301 4200 creandus
2334 4153 2482 4199 esset
2531 4144 2715 4207 homo,
2768 4139 3054 4196 consilium
3113 4135 3388 4206 pra-cedit,
3438 4134 3510 4187 ita
3551 4130 3607 4185 in

2027 4233 2232 4291 Lazaro
2263 4250 2388 4291 eum
2425 4234 2589 4289 homo
2625 4246 2814 4287 rursus
2840 4237 2984 4285 esset
3010 4225 3347 4282 formandus.
3368 4222 3478 4277 Illic
3507 4236 3609 4276 au-

2032 4332 2137 4376 tem
2168 4321 2330 4377 Pater
2359 4319 2426 4376 ad
2466 4318 2665 4375 Filium
2691 4319 2760 4373 de
2788 4318 2899 4388 jam
2943 4315 3180 4371 creando
3207 4313 3429 4368 homine
3450 4311 3606 4366 dixit:

2038 4433 2056 4467 ι
2096 4411 2383 4469 Faciamus
2413 4412 2688 4468 hominem
2727 4411 2784 4473 ³;
2824 4429 2842 4460 ι
2882 4409 3051 4463 Filius
3082 4422 3211 4462 vero
3247 4405 3466 4458 Patrem
3509 4418 3611 4456 an-

355 4503 533 4574 ἁρχὴν
563 4474 894 4557 πλάττεσθαι
912 4474 1020 4556 τοῦ.
1039 4474 1330 4572 ἀνθρώπου
1355 4474 1526 4573 βούλῆ
1545 4474 1905 4575 προηγήσατο

2033 4503 2188 4567 divit,
2212 4510 2265 4556 ct
2295 4502 2375 4556 sic
2400 4488 2563 4556 homo
2584 4501 2634 4554 in
2664 4498 2828 4551 vitam
2864 4495 3151 4567 processit.
3186 4492 3287 4548 Hic
3312 4500 3493 4547 autem
3521 4487 3613 4544 Fi-

360 4596 504 4648 εὒτω
533 4597 627 4648 καὶ
661 4595 753 4647 νῦν
783 4595 839 4647 ὲν
861 4594 938 4664 τῷ
974 4595 1234 4666 Λαζάρῳ,
1262 4596 1356 4649 τοῦ
1382 4594 1676 4664 ἀνθρώπου
1709 4596 1930 4665 μέλλον-

358 4705 450 4749 τος
505 4685 942 4740 ἀναπλάττεσθαι
982 4685 1147 4755 βουλὴ
1208 4691 1555 4758 προηγεῖται.
1611 4687 1754 4741 Ἀλλ’
1813 4690 1932 4742 ἐκεῖ

365 4781 464 4850 μὲν
491 4777 584 4832 τοῦ
624 4779 835 4849 Πατρὸς
865 4780 999 4849 πρὸς
1026 4780 1118 4832 τὸν
1144 4778 1273 4831 Υίῖν
1307 4782 1364 4832 ἐν
1402 4778 1480 4850 τῷ
1514 4779 1726 4849 μέλλειν
1759 4781 1927 4834 πλάτ-

360 4870 553 4922 τεσθαι
583 4869 674 4920 τὸν
716 4865 1003 4937 ἄνθρωπον
1038 4868 1308 4933 εἰπόντος,
1362 4871 1688 4940 Ποιήσωμεν
1719 4870 1931 4942 ἅνθρω·

363 4976 487 5025 πον,
525 4957 684 5021 αὐτὸς
721 4960 749 5012 ὀ
784 4958 909 5022 Υίδς
963 4960 1167 5030 ἢκουσε
1199 4959 1291 5012 τοῦ
1345 4959 1582 5030 Πατρδς,
1625 4960 1720 5014 καὶ
1760 4960 1932 5023 οὕτως

362 5052 390 5101 ὁ
423 5048 707 5118 ἄνθρωπος
740 5049 820 5111 είς
862 5050 923 5101 τὸ
950 5044 1088 5103 εἶναι
1123 5049 1380 5120 παρήχθη
1407 5068 1421 5083 ο
1466 5049 1700 5105 ἐνταῦθα
1733 5050 1789 5103 δὲ
1839 5048 1933 5102 νῦν

362 5142 555 5196 ἀκούει
581 5140 675 5194 τοῦ
705 5140 833 5194 Υίοῦ
863 5141 1110 5204 εἰπόντος
1139 5134 1165 5194 ό
1196 5140 1409 5211 Πατὴρ,
1439 5145 1533 5197 καὶ
1558 5140 1730 5199 οὕτως
1762 5143 1789 5194 ὁ
1826 5143 1933 5195 Λά-

365 5235 531 5301 ζιρος
559 5230 804 5299 ἔζωώθη.
846 5230 1044 5302 Ὀρᾶτε
1076 5231 1173 5302 τὴν
1204 5231 1499 5301 ὀμοτιμίαν
1534 5232 1629 5284 καὶ
1660 5231 1757 5301 τὴν
1803 5234 1933 5301 ὁμο-

363 5322 587 5376 δουλίαν
614 5322 711 5392 ὅση
736 5336 753 5386 ;
784 5320 857 5373 Τὸ
896 5323 991 5390 μὲν
1019 5322 1127 5390 γάρ
1166 5323 1353 5392 σχῆμα
1382 5324 1481 5392 τῆς
1511 5323 1820 5392 προσευχῆς
1849 5322 1936 5375 διὰ

364 5414 456 5463 τ“ν
506 5410 849 5482 περιεστῶτα
899 5411 1122 5479 γέγονεν
1156 5411 1331 5481 ὄχλον,
1367 5411 1438 5462 τά
1489 5410 1546 5463 δὲ
1600 5411 1824 5481 ῥήματα
1873 5415 1933 5465 οὐ

367 5504 678 5575 προσευχῆς
704 5498 795 5573 ἦν,
831 5501 965 5554 ἀλλὰ
1003 5503 1318 5564 δεσποτείας
1349 5501 1446 5555 καὶ
1480 5502 1935 5572 αὐτοκρατορίας

367 5597 613 5668 Λάζαρε,
634 5594 796 5667 δεῦρο
823 5592 948 5658 ἔξω,
979 5597 1072 5648 καὶ
1104 5595 1264 5658 εὐθὺς
1286 5597 1314 5648 ὁ
1344 5596 1718 5666 τετραήμερος
1749 5594 1940 5662 νεκρὸς

457 5780 655 5835 'Joan.
684 5795 758 5842 ιιι,
795 5777 881 5841 41,
922 5777 1005 5831 42.
1083 5779 1102 5809 ⁸
1131 5777 1171 5831 G
1211 5792 1260 5829 n.
1295 5793 1330 5837 ι,
1364 5779 1450 5829 ‘2‘.

1535 5774 1737 5827 "Juun.
1795 5788 1870 5837 ιι,
1906 5772 1995 5827 43.

2035 4597 2164 4650 lium
2192 4596 2507 4663 loquentem
2537 4592 2687 4646 audit
2707 4589 2889 4657 Pater,
2919 4599 2973 4643 et
3005 4588 3084 4642 sic
3102 4585 3343 4641 Lazarus
3365 4584 3422 4638 in
3445 4574 3611 4637 vitam
3658 4636 3667 4641 ,

2036 4686 2215 4740 rediit.
2249 4684 2437 4739 Videte
2493 4683 2720 4737 honoris
2778 4691 2831 4736 et
2880 4679 3098 4734 consilii
3134 4678 3442 4747 paritatem.
3482 4672 3617 4728 For-

2036 4789 2176 4826 mam
2211 4773 2430 4841 quidt-m
2462 4771 2727 4823 orationis
2761 4777 2982 4837 propter
3014 4765 3461 4821 circumstanlem
3504 4771 3618 4817 tur-

2035 4865 2157 4918 ham
2192 4863 2472 4927 adhibuit;
2508 4865 2667 4917 verba
2690 4870 2873 4916 autem
2903 4858 3168 4914 orationis
3202 4872 3312 4911 non
3344 4862 3491 4922 sunt,
3522 4853 3618 4910 sed

2035 4951 2247 5023 imperii
2276 4963 2329 5006 ct
2359 4951 2528 5020 pleum
2557 4949 2844 5021 potestatis
2878 4966 2893 5003 :
2934 4946 3190 5010 «Lazare,
3220 4942 3514 5001 venil‘oras
3536 4944 3613 5010 ⁸,»

2035 5052 2090 5099 et
2123 5046 2330 5109 statim,
2364 5043 2652 5098 defunctus
2678 5041 3077 5111 quatriduanus
3111 5037 3185 5091 illi
3214 5038 3373 5093 vivus
3398 5036 3574 5091 adfuit
3603 5053 3616 5089 :

2041 5150 2222 5193 utrum
2251 5135 2479 5191 viventis
2504 5135 2738 5204 imperio
2765 5149 2835 5188 an
2861 5131 3187 5189 vivificantis
3209 5130 3458 5186 oratione
3476 5130 3500 5183 τ
3517 5130 3621 5182 Ex-

2040 5228 2293 5283 (lamaxit
2325 5240 2456 5282 voce
2480 5240 2695 5295 magna,
2723 5236 2775 5281 et
2799 5224 2901 5280 hoc
2919 5232 3139 5295 praptcr
3169 5222 3618 5282 circumstantes,

2043 5329 2248 5391 poterat
2277 5320 2419 5373 enim
2446 5319 2497 5373 vi
2523 5333 2631 5372 non
2659 5326 2867 5372 tantum
2895 5313 3311 5377 vocismodicm,
3339 5311 3429 5368 scd
3454 5311 3616 5381 etiam

2044 5412 2304 5483 simplicis
2337 5409 2634 5465 voluntatis
2655 5410 2985 5465 resuscitare
3003 5408 3129 5461 licet
3155 5402 3310 5458 valde
3329 5403 3540 5456 distans
3563 5409 3620 5455 et

2043 5501 2293 5573 quamvis
2320 5500 2456 5570 lapis
2485 5498 2777 5570 impositus
2802 5507 2964 5554 esset.
3007 5494 3114 5549 Sed
3142 5495 3205 5549 ad
3244 5491 3513 5547 tumulum
3533 5504 3622 5542 ac-

2048 5593 2216 5648 ceSsit
2248 5605 2301 5645 et
2325 5590 2812 5648 circumstantibus
2841 5600 3146 5643 sermonem
3188 5582 3398 5644 habuit,
3432 5590 3486 5635 et
3530 5591 3618 5635 tu.-
