4046 6444
495 357 600 424 183

1797 372 2179 436 GREGORII
2210 371 2536 436 PALAME

3665 371 3766 434 18$

493 471 1034 542 leriiiit'fa,.itlein,'ct
1073 478 1322 536 factorem
1355 492 1643 539 senserunt
1669 523 1685 550 ,
1715 493 1771 542 et
1804 501 1938 543 voce
1968 503 2073 542 ma-

2187 486 2299 552 ζῶν
2350 487 2500 558 αὑτῷ
2556 486 2805 559 παρίστη
2835 501 2850 518 ’
2899 481 3010 558 ἄρα
3064 483 3454 557 προστάγματι
3500 483 3771 549 ζωοῦντος

488 581 598 632 gna
625 566 874 621 rlamavit
901 577 955 623 et
979 573 1190 626 voravit
1221 571 1510 644 Lazarum,
1550 583 1606 630 et
1633 577 1713 633 sic
1737 593 1862 634 cum
1896 578 1964 633 ad
1995 578 2077 633 lu-

493 673 614 712 cem
644 659 898 727 reddidit,
938 673 996 715 ut
1023 666 1260 734 propriis
1290 669 1489 733 oculis,
1522 670 1780 726 viderunt
1816 669 1962 726 enim
1994 682 2077 727 tu-

495 749 704 802 mulum
750 751 1055 817 adstantes,
1089 757 1310 825 propria
1363 761 1736 830 perceptione,
1787 772 2078 817 senserunt

495 842 694 896 mortui
723 844 976 900 latorem
996 886 1012 910 ,
1049 865 1173 902 nam
1203 852 1622 920 quatriduamus
1655 863 1807 922 erat,
1852 859 2075 926 proprio

495 941 667 998 tat-tu,
703 935 822 991 suis
852 937 998 992 enim
1034 940 1291 997 manibus
1332 945 1511 1013 primo
1556 945 1791 1016 lapidem
1841 963 1909 1002 ex
1959 962 2078 1000 mo-

491 1038 756 1082 numento
785 1032 1150 1096 sustulerunt,
1179 1033 1376 1088 deinde
1403 1036 1618 1092 vincula
1645 1038 1844 1107 quibus
1874 1054 2074 1108 corpus

493 1119 789 1188 ligabatur,
827 1133 882 1179 et
912 1124 1218 1188 sudarium,
1256 1141 1366 1196 quo
1392 1129 1673 1183 velabatur
1704 1129 1872 1186 facies
1906 1131 2076 1185 solve-

495 1223 642 1277 ruut,
665 1224 717 1267 et
742 1216 979 1285 propriis
1006 1217 1257 1284 auribus,
1282 1219 1496 1274 Domini
1524 1221 1671 1275 enim
1699 1238 1801 1276 vox
1825 1223 2070 1277 omnium

493 1304 720 1359 auribus
756 1310 1092 1377 personavit,
1133 1325 1324 1365 omnes
1369 1311 1741 1382 intelligerent
1775 1323 1829 1368 et
1873 1315 2071 1370 crede-

490 1405 612 1450 rent
661 1399 924 1467 quoniam
984 1401 1102 1472 ipse
1171 1413 1254 1457 est
1299 1419 1502 1460 vocans
1551 1421 1612 1460 ea
1641 1422 1763 1476 qua!
1792 1422 1898 1461 non
1946 1415 2073 1463 ειιιιῑ

488 1495 747 1559 tanquam
776 1505 840 1547 ea
872 1508 994 1562 quae
1030 1503 1160 1549 sunt
1193 1495 1236 1558 ⁸,
1269 1507 1501 1564 portans
1543 1498 1726 1552 omnia
1759 1499 1925 1554 verbo
1961 1500 2109 1564 vir-_

489 1579 621 1635 tutis
650 1598 764 1638 suae
794 1593 848 1640 ct
875 1586 1061 1641 omnia
1097 1588 1151 1642 in
1196 1587 1468 1659 principio
1500 1590 1620 1645 solo
1651 1591 1818 1647 verbo
1857 1593 1912 1646 in
1955 1607 2079 1648 esse

489 1672 789 1730 adducens.

2185 579 2364 646 τοῦτο,
2396 580 2429 650 ἢ
2453 579 2520 634 δι’
2547 580 2714 648 εὐχῆς
2739 577 3132 643 ζωοποιοῦντος
3158 596 3173 644 ;
3215 576 3494 648 Ἐφώνησε
3525 576 3584 629 δέ
3613 581 3767 648 φωνῇ

2190 671 2428 742 μεγάλῃ,
2464 672 2560 726 καὶ
2601 669 2763 724 τοῦτο
2798 670 2887 725 διὰ
2914 669 3045 733 τοὺς
3081 667 3461 734 περιεστῶτας
3489 683 3502 698 ·
3538 667 3771 720 ἐδύνατο

2185 761 2295 832 γάρ
2349 761 2426 832 μὴ
2463 761 2662 832 μετρίᾳ
2700 763 2853 832 φωνῇ
2885 761 3068 830 μόνον,
3121 757 3260 814 ἀλλὰ
3315 757 3413 811 καὶ
3462 756 3773 828 βουλήματι

2189 854 2342 925 μόνῳ’
2363 853 2555 908 τοῦτον
2578 854 2907 924 ἀναστῆσαι,
2932 852 3124 923 ὥσπερ
3153 853 3249 904 καὶ
3279 851 3501 922 μακράν
3518 849 3770 918 ἀπέχων,

2185 947 2278 999 καὶ
2334 943 2429 999 τοῦ
2484 945 2634 999 λίθου
2670 947 3064 1014 ἐπικειμένουο
3117 942 3254 998 ἀλλά
3301 941 3399 995 καὶ
3453 939 3659 1008 ἐπέστη
3689 937 3774 1006 τῷ

2181 1039 2360 1108 τάφῳ,
2409 1039 2505 1090 καὶ
2537 1035 2658 1090 εἷπε
2711 1040 2825 1101 τοῖς
2875 1037 3232 1108 περιεστῶσι,
3264 1034 3360 1088 καὶ
3416 1028 3561 1103 ἦραν
3609 1030 3774 1084 αύτιὶ

2180 1128 2276 1183 τὴν
2297 1128 2449 1181 λίθον
2487 1129 2584 1182 καὶ
2628 1128 2856 1199 ᾔσθοντο
2884 1128 2985 1196 τῆς
3029 1126 3317 1191 δυσωδίας,
3348 1125 3446 1179 καὶ
3477 1125 3629 1194 φωνῇ
3667 1137 3776 1191 με·

2181 1222 2322 1293 γάλῃ
2379 1221 2628 1288 ἐφώνησε
2679 1222 2774 1275 καὶ
2816 1221 3068 1285 ἐκάλεσε,
3100 1221 3196 1273 καὶ
3244 1218 3417 1280 οὕτως
3463 1217 3772 1283 ἀνέστησεν

2179 1317 2364 1380 αὐτὸν,
2394 1315 2481 1370 ῐνα
2511 1316 2606 1368 καὶ
2635 1315 2723 1370 διὰ
2755 1313 2858 1386 τῆς
2891 1314 3102 1378 οἰκείας
3151 1312 3398 1380 ὁράσεως
3423 1325 3438 1339 ⁸
3466 1307 3622 1362 αὐτοὶ
3651 1305 3771 1373 γὰρ

2183 1407 2371 1479 ἐώρων
2403 1408 2755 1478 ἐφισταμένῳ
2803 1406 2880 1477 τῷ
2906 1407 3065 1476 τάφῳ
3089 1421 3104 1436 ·
3155 1406 3252 1458 καὶ
3283 1403 3370 1458 διά
3417 1403 3512 1471 τῆς
3551 1398 3772 1457 οἰκείας

2182 1501 2544 1572 ὀσφρήσεωςο
2596 1500 2751 1555 αὐτοὶ
2800 1500 2909 1570 γάρ
2947 1499 3180 1571 ᾔσθοντο
3210 1497 3312 1565 τῆς
3363 1493 3630 1554 δυσωδίας
3668 1488 3774 1542 τοῦ

2185 1591 2406 1661 νεκροῦ,
2456 1593 2779 1660 τεταρταῖος
2827 1592 2940 1662 γὰρ
2985 1585 3090 1660 ἦν’
3139 1591 3236 1645 καὶ
3263 1587 3353 1642 διὰ
3402 1587 3500 1657 τῆς
3557 1581 3777 1638 ἑαυτῶν

2190 1682 2360 1752 ἁφῆς,
2391 1682 2460 1735 δι’
2486 1677 2554 1755 ἧς
2585 1682 2742 1736 αὐτοὶ
2770 1686 2892 1745 ταῖς
2931 1681 3160 1742 οἰκείαις
3192 1679 3535 1752 χρησάμενοι
3580 1672 3777 1745 χερσὶ.

489 1766 707 1837 πρῶτον
741 1769 842 1836 μὲν
872 1767 1019 1844 ἦραν
1055 1773 1150 1826 τὸν
1178 1771 1331 1828 λίθον
1347 1775 1412 1828 ἐκ
1445 1773 1540 1828 τοῦ
1585 1776 1877 1846 μνημείου,
1915 1775 2146 1848 ὕστερον
2171 1777 2230 1831 δέ
2274 1777 2367 1830 τὸν
2440 1776 2535 1830 ἐπὶ
2597 1776 2692 1830 τοῦ
2737 1775 2992 1846 σώματος
3061 1775 3262 1844 δεσμὸν
3306 1773 3401 1826 καὶ
3442 1771 3504 1825 τὸ
3547 1771 3639 1823 ἐπὶ
3698 1771 3775 1839 τῇ

484 1859 606 1930 ὄψει
645 1863 932 1933 σουδάριον
979 1865 1212 1920 ἔλυσαν·
1247 1867 1341 1920 καὶ
1410 1867 1500 1922 διὰ
1563 1870 1674 1923 τῶν
1719 1869 1940 1924 οἰκείων
1981 1869 2138 1924 ὤτων
2176 1871 2280 1936 τῆς
2304 1871 2400 1925 τοῦ
2428 1872 2639 1944 Κυρίου
2671 1871 2855 1942 φωνῆς
2887 1870 2985 1924 ἐπὶ
3018 1869 3118 1934 τὰς
3153 1870 3376 1923 πάντων
3418 1867 3592 1927 ἀκοὰς
3623 1864 3780 1935 φθαί-

483 1953 705 2023 νούσης.
745 1954 946 2011 συνῶσι
973 1957 1180 2023 πάντες
1211 1960 1306 2014 καὶ
1337 1960 1729 2028 πιστεύσωσιν,
1761 1963 1844 2016 ὅτι
1885 1963 2055 2028 αὐτός
2086 1965 2236 2018 ἐστιν
2271 1965 2299 2018 6
2331 1964 2515 2018 καλῶν
2544 1964 2614 2019 τὰ
2666 1968 2741 2036 μὴ
2782 1964 2912 2018 ὂντα
2937 1963 3016 2027 ὡς
3047 1963 3199 2028 δντα,
3239 1964 3268 2016 6
3327 1965 3514 2034 φέρων
3578 1961 3775 2018 πάντα

482 2050 561 2118 τῷ
592 2051 801 2121 ῥήματι
827 2049 926 2120 τῆς
970 2050 1257 2122 δυνάμεως
1309 2053 1498 2118 αὑτοῦ,
1536 2056 1564 2108 6
1612 2055 1710 2108 καὶ
1753 2056 1934 2110 πάντα
1967 2055 2069 2124 τὴν
2102 2056 2282 2127 ἀρχὴν
2315 2057 2522 2128 ῥήματι
2554 2057 2700 2128 μόνῳ
2733 2059 2796 2110 ἐκ
2829 2055 2906 2127 μὴ
2949 2055 3119 2109 δντων
3147 2053 3220 2108 τὰ
3243 2053 3375 2109 δντα
3426 2054 3685 2125 ποιήσας.

555 2139 799 2208 Populus
825 2157 958 2211 ergo
982 2144 1218 2213 simplex
1251 2156 1475 2215 pmpter
1513 2147 1642 2201 talia
1673 2146 1754 2203 sic
1797 2148 1864 2202 ei!
1889 2148 2068 2202 credi-
2101 2155 2143 2210 Β

480 2232 562 2286 dit
588 2241 648 2288 ut
675 2249 783 2289 non
809 2234 989 2290 solum
1019 2235 1188 2292 silens
1211 2237 1466 2293 habuerit
1489 2237 1676 2305 tidem,
1697 2241 1793 2296 sed
1821 2250 1874 2295 et
1900 2255 2078 2311 praeco

482 2324 660 2379 fartus
688 2325 759 2378 sit
787 2339 954 2395 opere
1001 2335 1056 2381 et
1104 2326 1290 2396 lingua
1338 2327 1462 2399 ejus
1495 2328 1824 2385 divinitatis.
1859 2328 2074 2383 Etenim

477 2414 690 2472 Lazaro
745 2432 777 2470 e
831 2431 1029 2472 somno
1085 2419 1458 2489 quatriduano
1506 2422 1769 2486 excitato,
1808 2421 2078 2477 Dominus

480 2517 679 2564 nactus
733 2508 950 2564 asinum
997 2525 1162 2580 quem
1224 2522 1552 2579 paraverant
1597 2513 1878 2583 discipuli,
1928 2513 2080 2568 sicut

477 2599 814 2670 evangelista
841 2599 1130 2656 Mattheus
1152 2611 1341 2655 narrat
1365 2601 1410 2668 ',
1433 2602 1487 2656 in
1519 2601 1640 2672 ipso
1663 2605 1862 2659 sedens
1886 2601 2081 2658 Hiero-

482 2691 694 2762 solyma
739 2690 1066 2760 ingreditur,
1098 2703 1264 2762 prout
1309 2691 1736 2762 prophetaverat
1782 2693 2079 2750 Zacharias

482 2783 713 2838 dicens:
751 2800 770 2834 ι
813 2781 932 2838 Noli
967 2783 1187 2848 timere,
1214 2783 1322 2839 tilia
1356 2783 1512 2853 Sion,
1545 2800 1676 2842 ecce
1705 2803 1800 2843 rex
1828 2794 1959 2842 tuus
1991 2801 2082 2842 ve-

483 2875 566 2932 nit
605 2874 702 2930 tibi
746 2875 928 2946 justus
965 2886 1018 2930 et
1058 2875 1350 2942 Salvator;
1389 2877 1505 2946 ipse
1539 2889 1865 2935 mansuetus
1905 2887 1961 2934 et
1997 2892 2080 2934 se-

480 2968 618 3023 dens
647 2981 815 3037 super
842 2964 1186 3038 subjugatem
1220 2981 1273 3022 et
1299 2967 1512 3039 pullum
1550 2969 1719 3024 asinae
1750 2969 1825 3026 ⁷.»
1864 2970 2078 3036 Quibus

483 3055 664 3112 verbis
715 3055 956 3112 ostendit
989 3056 1257 3128 propheta
1287 3060 1436 3128 quod
1488 3060 1784 3130 przedictus
1824 3071 1942 3118 erat
1981 3077 2075 3117 rex

482 3150 602 3218 ipse
633 3147 726 3220 qui
762 3147 915 3205 solus
940 3149 1058 3204 Rex
1093 3149 1227 3206 Sion
1252 3149 1377 3221 jure
1403 3153 1732 3223 appellatur.
1769 3153 1860 3209 Ait
1888 3153 2074 3209 enim:

481 3227 597 3299 Rex
633 3252 760 3298 tuus
791 3258 896 3298 non
929 3251 1015 3299 est
1044 3257 1110 3299 ex
1135 3244 1444 3314 conSpectls
1471 3245 1818 3312 metuendus,
1845 3261 1948 3303 nec
1975 3261 2078 3302 au-

481 3346 687 3403 stetus,
721 3351 822 3392 nec
851 3334 1122 3404 nefarius,
1158 3338 1424 3394 satellites
1445 3340 1811 3410 stipatorcsve
1835 3354 1943 3394 non
1973 3339 2076 3394 ba-

478 3427 592 3492 bet,
625 3443 726 3484 nec
757 3429 1004 3498 peditum
1048 3429 1128 3484 vel
1157 3429 1404 3500 equitum
1438 3432 1652 3485 turbam
1693 3431 1938 3494 adducit.
1970 3445 2073 3486 nec

2254 2147 2315 2202 Ὀ
2356 2150 2460 2220 μὲν
2486 2145 2581 2206 οὖν
2619 2150 2828 2213 ἄκακος
2879 2149 3007 2212 λαὸς
3049 2147 3195 2202 οὕτω
3236 2147 3326 2203 διὰ
3386 2147 3610 2202 πάντων
3643 2147 3778 2201 ἐπί-

2183 2259 2417 2297 στευσαν
2452 2243 2624 2314 αὐτῷ,
2655 2244 2731 2308 ὡς
2759 2244 2835 2316 μὴ
2873 2243 3035 2315 μόνον
3078 2243 3208 2314 σιγῇ
3250 2240 3348 2311 τὴν
3378 2240 3568 2295 πίστιν
3600 2240 3775 2311 ἔχειν,

2181 2333 2321 2388 ἀλλά
2365 2334 2461 2388 καὶ⁵
2488 2335 2731 2404 κήρυκες
2759 2333 3016 2404 γενέσθαι
3047 2333 3114 2387 δι’
3145 2333 3328 2402 ἔργων
3358 2349 3419 2386 τε
3468 2333 3560 2386 καὶ
3590 2331 3775 2400 λόγων

2178 2423 2281 2494 τῆς
2332 2424 2499 2480 αὑτοῦ
2536 2424 2810 2496 θεότητος.
2862 2425 3019 2479 Μετὰ
3069 2427 3180 2496 γὰρ
3227 2426 3330 2495 τὴν
3365 2422 3461 2478 τοῦ
3507 2423 3774 2493 Λαζάρου

2179 2517 2557 2588 τετραήμερον
2606 2516 2852 2588 ιγερσιν,
2903 2517 3123 2586 ὀνάριον
3179 2514 3359 2586 εὑρὼν
3392 2517 3421 2569 6
3475 2514 3704 2584 Κύριος,
3740 2515 3775 2568 δ

2180 2606 2625 2679 προητοίμασται
2679 2608 2832 2678 παρὰ
2863 2607 2973 2660 τῶν
3007 2607 3289 2678 μαθητῶν,
3333 2606 3410 2669 ὡς
3445 2607 3473 2659 6
3525 2605 3772 2674 εὐαγγε-

2169 2697 2372 2768 ελιστὴς
2399 2699 2686 2763 Ματθαῖός
2718 2717 2908 2770 φησιν,
2939 2700 3027 2752 ἐπ’
3059 2697 3227 2752 αὐτοῦ
3258 2699 3514 2761 καθίσας,
3546 2697 3615 2750 τά
3663 2696 3772 2750 '1:-

2181 2789 2458 2862 ροσόλυμα
2489 2790 2602 2860 80
2639 2791 2814 2862 εἰσῄει
2859 2791 3000 2845 κατὰ
3033 2796 3137 2862 τὴν
3187 2795 3530 2861 προφητείαν
3577 2790 3770 2858 Ζαχαο

2182 2883 2326 2952 ρίου,
2386 2883 2817 2954 προειρηκότος·
2858 2903 2876 2936 ι
2915 2885 3008 2955 Μὴ
3063 2885 3256 2954 φοϐοῦ,
3292 2885 3536 2954 θύγατερ
3594 2881 3760 2947 Σιὼν,

2182 2974 2292 3028 ἰδοὺ
2327 2975 2356 3027 6
2393 2972 2648 3044 βασιλεύς
2679 2991 2776 3027 σου
2808 2973 3034 3046 ἔρχεταί
3067 2993 3151 3029 σοι
3178 2975 3389 3038 δίκαιος
3415 2974 3513 3028 καὶ
3549 2973 3767 3038 σώζω-ι·

2179 3063 2342 3127 αὐτὸς
2372 3064 2544 3135 πρᾶος
2583 3064 2679 3116 καὶ
2707 3063 3060 3136 ἐπιϐεϐηκὼς
3082 3065 3176 3118 ἐπὶ
3199 3063 3497 3132 ὑποζύγιον
3529 3064 3625 3117 καὶ
3650 3062 3770 3115 πῶ-

2177 3155 2270 3209 λον
2317 3155 2468 3212 δνου.
2515 3173 2534 3208 ι
2590 3156 2836 3210 Ἐδείκνυ
2871 3156 2928 3210 δέ
2961 3156 3050 3210 διά
3096 3155 3208 3209 τῶν
3261 3156 3437 3225 λόγων
3481 3153 3692 3209 τούτων
3737 3155 3770 3207 6

2179 3248 2491 3319 προφήτης,
2527 3248 2610 3303 ὅτι
2659 3248 2689 3302 6
2733 3241 3224 3319 προφητευόμενος
3267 3241 3424 3310 οὗτος
3478 3246 3758 3319 βασιλεὺς,

2176 3339 2234 3403 ὃς
2265 3339 2361 3394 καὶ
2389 3339 2551 3409 μόνος
2579 3339 2752 3402 ὅντως
2778 3340 2881 3407 τῆς
2913 3338 3053 3392 Σιὼν
3092 3339 3332 3410 ὑπάρχει
3361 3337 3619 3410 βασιλεύς
3641 3355 3657 3373 ο
3698 3337 3764 3393 ’0

2181 3431 2436 3504 βασιλεύς
2483 3448 2577 3485 σου
2635 3432 2770 3502 γὰρ,
2810 3431 2998 3503 φησὶν,
3047 3433 3151 3486 οὐκ
3203 3431 3320 3486 ἐστι
3371 3429 3602 3500 φοϐερὸς
3649 3429 3767 3484 ἀπὸ

479 3532 646 3573 avare
699 3517 868 3589 degit,
909 3533 1008 3572 nec
1049 3519 1256 3572 tributa
1288 3529 1380 3573 aut
1415 3521 1698 3590 vectigalia
1743 3522 1910 3589 exigit
1959 3535 2063 3575 nec

2179 3523 2287 3576 τῶν
2314 3522 2634 3594 ὁρωμένων,
2667 3521 2788 3576 ούδέ
2819 3521 2995 3593 βαρύς
3021 3537 3108 3586 τις
3137 3522 3232 3576 καὶ
3261 3518 3582 3581 κακοποιὸς,
3616 3518 3766 3572 ὑπαο

480 3609 778 3666 acrvitutes
838 3619 932 3664 aut
984 3607 1157 3664 ofﬁcia
1211 3627 1317 3668 non
1379 3613 1562 3668 minus
1594 3614 1722 3668 vilia
1759 3629 1923 3683 quam
1972 3629 2073 3667 no—

481 3702 592 3757 xia.
613 3700 718 3755 Sed
753 3701 874 3771 ejus
906 3701 1136 3774 insignia
1169 3703 1474 3769 humilitas,
1505 3714 1793 3774 paupertas
1817 3713 1870 3758 et
1896 3705 2072 3774 parci-

479 3792 707 3859 mouia;
795 3791 950 3848 asino
1033 3794 1279 3849 insidens
1353 3795 1696 3866 ingreditur,
1785 3797 2069 3852 h-eminum

477 3897 612 3938 vero
641 3880 902 3935 comitatu
934 3880 1104 3935 utitur
1129 3882 1301 3936 nullo.
1325 3881 1454 3937 Ideo
1471 3881 1655 3952 justus
1677 3883 1827 3939 solus
1853 3883 1956 3936 iste
1977 3898 2069 3936 rex

477 3972 771 4030 ctsalvans
797 3973 850 4026 in
873 3972 1154 4042 aequitate,
1179 3982 1233 4028 et
1263 3973 1380 4045 ipse
1412 3984 1768 4030 mansuetus:
1791 3974 2069 4044 propriam

478 4064 628 4120 enim
673 4064 837 4120 habet
881 4063 1385 4120 mansuetudinem.
1419 4061 1577 4120 Unde
1609 4073 1664 4119 et
1706 4064 1970 4119 Dominus
2004 4067 2071 4119 de

479 4157 666 4226 scipso
697 4155 838 4210 dixit
870 4173 884 4210 :
922 4174 942 4207 ι
981 4153 1184 4212 Discite
1213 4171 1243 4210 a
1269 4147 1356 4211 me
1383 4157 1511 4227 quia
1545 4155 1696 4211 mitis
1729 4171 1855 4212 sum
1890 4167 1944 4211 et
1969 4155 2072 4210 hu-

483 4248 626 4305 mllis
659 4248 826 4305 corde
850 4249 894 4302 ⁸.
933 4267 951 4302 ι
977 4248 1074 4305 llle
1104 4265 1234 4321 ergo
1258 4249 1354 4319 qui
1397 4248 1668 4304 Lazarum
1706 4249 2070 4305 resuscitave~

478 4347 584 4404 rat,
614 4355 704 4395 rex
736 4354 901 4410 super
926 4340 1140 4394 asinum
1185 4339 1410 4404 sedens,
1445 4339 1529 4395 sic
1564 4337 1947 4411 Hierosolyma
1978 4339 2069 4394 in-

477 4431 746 4506 greditur,
787 4446 981 4486 omnes
1028 4441 1211 4485 autem
1255 4431 1448 4496 turbae,
1491 4431 1607 4487 fere
1661 4447 1856 4488 omnes
1889 4433 2067 4503 pueri,

475 4524 606 4588 viri,
637 4523 902 4589 seniores,
935 4523 1221 4593 prostratis
1251 4522 1599 4578 vestimentis
1631 4532 1688 4576 et
1715 4523 1954 4592 acceptis
1983 4538 2070 4576 ra-

477 4617 585 4672 mis
603 4616 906 4686 palmarum
939 4631 1064 4686 qua:
1085 4624 1218 4671 sunt
1249 4615 1494 4670 victoriae
1527 4616 1769 4684 signant,
1807 4623 2067 4685 tanquam

476 4709 603 4764 vita:
633 4707 848 4764 auctori
894 4707 1201 4777 mortisque
1243 4706 1438 4761 victori
1462 4715 1850 4773 occurrerunt,
1901 4723 2066 4777 quem

477 4800 782 4856 adorabaut
797 4811 853 4856 et
870 4801 1208 4856 deducebant
1229 4817 1335 4855 non
1358 4811 1510 4854 extra
1531 4809 1764 4868 tantum,
1783 4801 1877 4856 sed
1900 4803 2065 4855 etiam

478 4894 622 4949 intra
672 4901 990 4948 sanctorum
1044 4893 1246 4948 mtenia
1297 4908 1404 4946 una
1460 4907 1594 4948 voce
1645 4892 2000 4948 concinentes
2043 4911 2058 4947 :

2177 3615 2410 3678 σπιστάς
2439 3615 2536 3667 καὶ
2578 3613 2914 3684 δορυφόρους
2953 3611 3319 3683 ἐπαγόμενος,
3347 3611 3382 3682 ἢ
3416 3608 3604 3673 πεζῶν
3653 3608 3761 3663 καὶ

2176 3705 2426 3760 ἱπποτῶν
2453 3704 2852 3774 ἐπισυρόμενος
2881 3703 3112 3773 πλῆθος,
3141 3701 3432 3773 πλεονεξία
3455 3717 3516 3754 τε
3549 3701 3760 3766 συζῶν,

2175 3801 2274 3853 καὶ
2322 3799 2453 3869 τέλη
2489 3798 2585 3852 καὶ
2639 3797 2842 3868 φόρους
2893 3795 3168 3861 ἀπαιτῶν,
3209 3795 3306 3848 καὶ
3357 3792 3606 3854 δουλείας
3663 3792 3768 3846 καὶ

2174 3890 2488 3963 ὑπηρεσίας
2519 3890 2739 3958 άγενείς
2770 3906 2830 3942 τε
2865 3889 2963 3943 καὶ
2986 3887 3304 3951 ἐπιδλαὸεϊς
3329 3903 3344 3919 ·
3372 3884 3512 3940 ἀλλὰ
3539 3885 3602 3938 τὸ
3633 3887 3764 3939 ἐπί-

2176 3997 2355 4051 σημον
2387 3979 2558 4034 αὑτοῦ
2587 3980 2922 4043 ταπείνωσίς
2951 3981 3090 4046 ἐστι,
3128 3979 3226 4032 καὶ⁵
3269 3977 3511 4048 πτωχεία
3543 3976 3639 4030 καὶ
3669 3975 3767 4027 εὖ-

2172 4074 2396 4128 τέ).εια·
2429 4071 2538 4142 ὄνῳ
2585 4072 2696 4142 γάρ
2742 4071 3110 4140 ἐποχούμενος
3164 4067 3360 4139 είσῄει,
3410 4066 3765 4138 ἀνθρώπινον

2171 4161 2340 4230 δγκον
2390 4162 2733 4230 ἐπαγόμενος
2759 4159 2970 4213 οὐδένα.
3007 4158 3106 4211 Διὰ
3151 4155 3312 4210 τοῦτο
3341 4156 3552 4218 δίκαιος
3595 4154 3764 4225 μόνος

2171 4247 2331 4314 οὗτος
2361 4250 2638 4323 βασιλεὺς,
2688 4249 2785 4305 καὶ
2819 4247 3011 4316 σώζων
3040 4247 3098 4301 ἐν
3143 4245 3483 4317 δικαιοσύνη,
3534 4244 3632 4298 καὶ
3659 4245 3764 4298 αὐ-

2172 4345 2264 4408 τὸς
2293 4345 2469 4415 πρᾶος
2515 4343 2591 4409 ὡς
2631 4343 2938 4413 ίδιαιτάτην
2985 4341 3127 4412 ἔχων
3171 4338 3272 4412 τὴν
3300 4339 3624 4410 πραότηταο
3660 4337 3762 4391 καὶ

2172 4437 2282 4509 γάρ
2314 4439 2408 4493 καὶ
2437 4437 2600 4500 αύτδς
2638 4439 2665 4489 6
2703 4435 2906 4507 Κύριος
2956 4434 3086 4504 περὶ⁵
3116 4430 3312 4485 ἐαυτοῦ
3356 4447 3491 4500 φησι
3514 4446 3529 4460 ·
3568 4447 3590 4484 ι
3635 4431 3754 4484 Μά-

2173 4529 2296 4583 θετε
2328 4529 2426 4583 ἀπ’
2483 4526 2645 4598 ἐμοῦ,
2695 4527 2778 4579 ὅτι
2839 4525 3016 4594 πρᾶός
3069 4514 3188 4594 εἰμι
3238 4520 3335 4575 καὶ
3391 4518 3646 4583 ταπεινὸς
3685 4522 3757 4593 τῇ

2173 4619 2394 4692 καρδίᾳ.
2429 4637 2450 4672 ι
2497 4619 2558 4673 '0
2588 4619 2687 4690 μὲν
2717 4616 2811 4670 οὖν
2837 4619 2932 4670 τὸν
2979 4614 3234 4684 Λάζαρον
3264 4613 3330 4665 ἐκ
3358 4610 3571 4681 νεκρῶν
3618 4613 3761 4664 άνα-

2173 4717 2378 4784 στήσας
2401 4711 2656 4782 βασιλεὺς
2677 4710 2784 4780 δνῳ
2804 4707 3212 4779 ἐπικαθήμενος
3235 4703 3410 4776 είσῄει
3444 4698 3758 4776 τηνικαῦτα

2171 4806 2240 4858 τά
2295 4802 2682 4874 Ἱεροσόλυμαο
2723 4801 2773 4854 oi
2807 4800 2865 4854 δέ
2893 4799 3014 4853 λαοὶ
3065 4800 3292 4866 πάντες,
3340 4800 3506 4862 εὐθὺς
3541 4797 3754 4869 σχεδὸν,

2171 4895 2381 4962 παίδες,
2408 4894 2624 4964 ἄνδρες,
2660 4891 2989 4964 πρεσΰῦται,
3013 4891 3084 4945 τά
3107 4908 3168 4944 τε
3207 4893 3399 4962 ίμάτια
3436 4892 3758 4961 ὑποστρωνο

485 5007 504 5041 ι
531 4988 788 5044 “osanna
825 4987 938 5042 (ilio
973 4985 1176 5040 David!
1234 4983 1489 5041 ﬂosanna
1525 4987 1577 5040 in
1612 4985 1843 5042 excelsis
1867 4988 1914 5038 ί»
1945 4984 2061 5042 Hoc

2179 4986 2380 5050 νύντες,
2426 4987 2521 5039 καὶ
2549 4985 2679 5053 βάῑα
2729 4983 2990 5046 λαϐόντες
3035 4984 3100 5036 ἐκ
3132 4984 3415 5053 φοινίκων,
3459 4983 3604 5054 ᾇπερ
3635 4984 3757 5036 ἐστὶ

477 5080 698 5152 quidem
731 5081 978 5136 hosanna
1014 5078 1247 5149 hymnus
1281 5086 1366 5132 est
1390 5077 1456 5133 ad
1488 5077 1655 5133 Deum
1689 5079 1930 5145 missus;
1978 5078 2061 5132 in-

481 5181 835 5244 terpretatum
867 5169 1014 5225 enim
1047 5169 1188 5225 idem
1221 5179 1384 5226 sonat
1419 5184 1484 5225 ac
1527 5169 1715 5226 «Salva
1748 5169 1996 5225 Domine.
2037 5187 2057 5222 ι

478 5265 616 5320 Illud
649 5275 829 5319 autem
848 5263 994 5333 quod
1023 5261 1276 5320 additur:
1305 5264 1359 5317 in
1387 5263 1638 5328 excelsis,
1675 5264 1916 5319 ostendit
1935 5279 2060 5318 eum

483 5372 594 5411 non
641 5355 697 5409 in
739 5354 902 5409 terris
935 5363 1144 5409 tantum
1174 5368 1276 5408 uec
1307 5355 1471 5408 modo
1500 5355 1568 5408 ab
1601 5355 1935 5417 hominibus,
1970 5355 2064 5409 sed

479 5447 614 5502 etin
646 5447 876 5502 excelsis
925 5447 992 5501 ab
1039 5445 1352 5515 angelorum
1391 5448 1572 5502 cnoris
1621 5448 1906 5502 celebrari.
1953 5445 2066 5502 Nec

481 5548 692 5592 tantum
727 5537 877 5591 illum
909 5539 989 5592 sic
1031 5538 1384 5594 concinentes
1421 5539 1586 5595 Deum
1619 5541 1936 5610 pradicant,
1961 5541 2057 5595 sed

479 5628 646 5683 etiam
679 5630 864 5698 pravis
907 5631 1152 5686 consiliis
1199 5641 1254 5687 et
1302 5642 1490 5687 contra
1550 5633 1714 5688 Deum
1766 5631 2062 5704 propositis

2173 5081 2332 5150 νίκης
2388 5077 2659 5147 σύμϐολα,
2702 5077 2780 5153 ὡς
2831 5075 3080 5145 ζωοποιῷ
3116 5077 3210 5130 καὶ
3269 5078 3466 5148 νικητῇ
3516 5077 3753 5130 θανάτου

2171 5171 2420 5242 γεγονότι
2467 5171 2896 5242 προσυπήντων,
2930 5170 3331 5238 προσέπιπτον,
3386 5168 3752 5240 προέπεμπον

2171 5264 2336 5318 αὐτόν
2369 5281 2383 5296 ο
2409 5263 2510 5317 οὐκ
2545 5263 2703 5325 ἐκτὸς
2756 5261 2943 5331 μόνον,
2974 5259 3112 5316 ἀλλὰ
3160 5264 3256 5314 καὶ
3310 5259 3461 5323 ἐντὸς
3499 5258 3609 5314 τῶν
3651 5255 3752 5312 τοῦ

2171 5355 2318 5428 ἱεροῦ
2375 5355 2684 5426 περιϐόλων
2740 5354 3048 5424 συμφώνως
3092 5353 3335 5426 ᾄδοντες,
3384 5351 3615 5406 Ὡσαννὰ
3669 5351 3754 5420 τῷ

2171 5449 2271 5519 υἱῷ
2321 5449 2508 5515 Δαδὶδ,
2556 5447 2775 5501 ὡσαννὰ
2825 5449 2882 5500 ἐν
2930 5449 3048 5510 τοῖς
3097 5447 3364 5516 ὑψίστοις.
3398 5442 3474 5498 Τὸ
3529 5443 3632 5516 μὲν
3656 5440 3752 5512 οὖν

2171 5541 2389 5595 ὼσαννά
2419 5540 2589 5610 ὕμνος
2618 5541 2734 5592 ἐστὶ
2779 5539 2915 5609 πρὸς
2941 5538 3079 5593 Θεὸν
3124 5539 3588 5609 ἀναπεμπόμενος
3612 5552 3626 5566 ο
3661 5537 3750 5604 ἐρα

2177 5631 2548 5702 μηνευόμενον
2575 5629 2708 5701 γὰρ,
2752 5629 2934 5682 Σῶσον
2953 5627 3040 5700 δὴ,
3075 5627 3269 5698 Κύριε,
3300 5625 3434 5696 φησί
3461 5641 3476 5658 ο
3511 5625 3571 5679 τὸ
3611 5624 3665 5675 δὲ
3701 5631 3750 5677 λν

554 5803 574 5834 ⁸
631 5818 787 5860 nom.
816 5821 887 5869 tv,
923 5805 1004 5862 l7.
1086 5807 1107 5838 ⁸
1138 5806 1329 5864 Matth.
1365 5808 1523 5870 ειμι
1561 5820 1716 5872 seqq.
1793 5809 1812 5838 ⁷
1843 5805 2074 5862 Zachar.
2105 5819 2179 5867 ix.
2211 5804 2264 5858 9.
2341 5804 2363 5836 ⁸
2389 5801 2580 5858 Matth.
2622 5800 2811 5866 v.29.
