4046 6446
374 389 472 450 135
1775 396 2113 459 HOMILIA
2156 401 2294 466 XV.
3528 406 3635 473 186

366 513 477 571 τοῖς
511 508 756 577 ὑψίστοις
811 509 1210 577 προσκείμενον
1251 510 1528 568 δείκνυσιν
1576 511 1678 566 οὐκ
1714 511 1809 565 ἐπὶ
1838 512 1942 580 γῆς

2048 513 2366 571 Scribarum
2399 525 2452 572 et
2502 516 2904 573 Pharisaeorum
2959 517 3205 574 sicut.et
3247 523 3520 588 prmtextis
3567 526 3637 581 ab

369 602 529 655 αὐτὸν
562 601 742 669 μόνον,
776 602 888 654 οὐδ’
919 601 1026 655 ὑπὸ
1066 602 1175 655 τῶν
1209 603 1515 673 ἀνθρώπων
1574 606 1759 673 μόνον,
1804 604 1943 659 ἀλλά

2050 609 2131 663 eis
2158 609 2339 663 allatis
2372 609 2653 664 adversari
2686 625 2791 664 non
2838 618 3144 665 cessarunt.
3176 609 3355 666 Stulte
3393 615 3538 666 enim
3570 614 3637 668 de

369 692 463 745 καὶ
514 693 571 745 ἐν
598 694 711 753 τοῖς
762 690 1011 759 ὑψίστοις
1056 693 1162 744 ὐπὸ
1209 692 1317 745 τῶν
1368 692 1639 760 οὐρανίων
1695 694 1946 762 ἀγγέλων

2048 701 2142 756 illo
2173 700 2427 755 dicebant
2460 717 2475 754 :
2513 720 2532 753 ι
2566 700 2743 755 Homo
2767 702 2869 756 iste
2902 718 3010 757 non
3036 718 3103 756 ex
3132 702 3240 758 Deo
3272 716 3390 769 est;
3420 718 3475 759 et
3509 707 3638 775 quia

371 782 801 852 ἀνυμνούμενον.
840 783 915 835 Οὐ
945 783 1107 853 μόνον
1145 782 1201 836 δὲ
1232 784 1570 853 ἀνυμνοῦσιν
1602 786 1766 841 αὐτὸν
1800 786 1945 841 οὕτω

2050 792 2216 846 multa
2256 790 2387 847 facit
2415 791 2590 861 signa,
2625 792 2669 845 si
2697 791 3026 847 dimittimus
3057 807 3184 847 eum
3217 793 3298 847 sic
3332 805 3384 848 et
3415 809 3521 848 non
3558 795 3641 847 in-

372 877 467 930 καὶ
497 874 863 940 θεολογοῦσιν,
914 876 1051 929 ἀλλά
1097 876 1192 929 καὶ
1228 878 1295 948 τῇ
1339 877 1663 949 κακοϐούλῳ
1699 881 1795 932 καὶ
1827 880 1947 932 θεο-

2051 886 2407 947 terliciamus,
2438 902 2631 940 omnes
2658 887 2885 940 credent
2919 886 2973 940 in
3005 902 3153 953 cum,
3191 896 3246 940 et
3287 888 3505 941 venient
3527 889 3639 944 Bo-

374 969 532 1038 μάχῳ
556 966 754 1037 γνώμῃ
798 967 906 1020 τῶν
940 968 1326 1038 Γραμματέων
1356 970 1454 1023 καὶ
1483 971 1821 1036 ⁴ιιαρισαίων,
1850 974 1946 1024 καὶ

2050 979 2194 1031 mani
2227 988 2280 1033 et
2319 979 2509 1032 tollent
2548 988 2797 1031 nostrum
2832 980 3010 1033 locum
3049 986 3103 1033 et
3149 980 3435 1049 gentem’.
3478 999 3496 1032 ι
3528 978 3637 1034 Ρο-

370 1062 510 1132 πρὸς
557 1060 655 1123 τὰς
686 1061 914 1128 φονικὰς
964 1062 1142 1116 αὐτῶν
1190 1064 1496 1132 προφάσεις
1548 1063 1635 1117 διά
1668 1063 1778 1117 τῶν
1818 1060 1946 1132 ἑξῆς

2050 1071 2210 1142 pulus
2259 1086 2387 1125 vero
2422 1070 2552 1138 quid
2586 1070 2764 1124 dixit?
2801 1089 2819 1122 ι
2859 1070 3186 1125 Benedictus
3233 1074 3324 1141 qui
3376 1073 3525 1127 venit
3573 1072 3628 1127 in

372 1153 778 1205 ἐναντιοῦνταιο
811 1153 861 1204 oi
897 1153 997 1223 μὲν
1025 1154 1135 1223 γὰρ
1169 1154 1555 1223 φρενοδλαῦὦς
1588 1154 1777 1223 ἔλεγον
1816 1160 1946 1225 περὶ

2049 1163 2272 1217 nomine
2316 1161 2552 1216 Domini.
2612 1160 2981 1230 Benedictum
3016 1163 3161 1231 quod
3208 1164 3359 1216 venit
3403 1179 3635 1233 regnum

370 1243 536 1296 αὐτοῦ
560 1260 573 1274 ο
617 1262 635 1295 ι
676 1238 843 1307 Οὗτος
866 1247 893 1298 ό
926 1244 1215 1318 ἄνθρωπος
1244 1248 1345 1299 οὐκ
1384 1247 1531 1300 ἐστιν
1558 1249 1621 1299 ἐκ
1648 1246 1743 1300 τοῦ
1784 1246 1944 1311 Θεοῦ,

2049 1256 2217 1325 patris
2249 1256 2419 1310 nostri
2465 1254 2698 1308 David!»
2743 1253 2843 1309 Per
2891 1256 3006 1308 haec
3028 1254 3192 1309 verba
3227 1273 3240 1310 :
3281 1255 3641 1311 «Benedictus

370 1336 465 1387 καὶ
500 1334 687 1401 ἐπειδὴ
741 1337 945 1405 σημεῖα
980 1336 1153 1392 πολλά
1212 1340 1378 1398 ποιεῖ.
1413 1342 1508 1393 ἐὰν
1563 1339 1795 1407 ἀφῶμεν
1851 1340 1945 1392 καὶ

2049 1347 2141 1417 qui
2180 1347 2326 1399 venit
2359 1346 2408 1399 in
2436 1347 2657 1400 nomine
2686 1344 2923 1411 Domini,
2964 1363 2982 1397 ι
3016 1345 3395 1401 monstrabant
3424 1362 3549 1401 eum
3574 1364 3641 1402 ex

374 1426 449 1495 μὴ
487 1426 891 1497 θανατώσωμεν
949 1427 1134 1495 αὐτὸν,
1188 1430 1390 1493 πάντες
1442 1431 1836 1484 πιστεύσουσιν
1864 1433 1946 1494 είς

2052 1440 2164 1494 Deo
2203 1437 2435 1492 utPatre
2466 1452 2607 1501 esse,
2639 1447 2693 1491 et
2722 1436 2774 1490 in
2808 1436 3026 1490 nomine
3052 1435 3232 1491 Patris
3259 1436 3466 1503 venire,
3496 1438 3642 1491 sicut

371 1519 570 1571 αὐτόν’
624 1519 717 1572 καὶ
776 1520 1094 1574 ἐλεύσονται
1138 1524 1191 1575 οί
1242 1522 1527 1593 Ῥωμαῖοι,
1567 1525 1663 1576 καὶ
1714 1524 1945 1595 ἀροῦσιν

2053 1531 2315 1585 Dominus
2347 1531 2413 1584 de
2438 1529 2734 1597 semetipso
2761 1527 2899 1581 dixit
2930 1543 2945 1580 :
2986 1527 3126 1597 «Ego
3163 1528 3284 1582 veni
3326 1529 3381 1581 in
3420 1530 3643 1583 nomine

370 1612 528 1681 ἡμῶν
565 1612 664 1679 τὴν
698 1613 852 1666 πόλιν
902 1615 998 1667 καὶ
1031 1615 1092 1667 τὸ
1123 1615 1301 1679 ἐθνος.
1340 1635 1360 1668 ι
1406 1616 1463 1668 '0
1492 1615 1548 1668 δέ
1574 1615 1724 1679 λαὸς.
1754 1616 1805 1669 τί
1835 1632 1945 1684 φη·

2049 1623 2226 1677 Patris
2274 1621 2378 1675 mei
2426 1621 2489 1685 ",
2526 1639 2545 1672 ι
2584 1630 2637 1673 et
2670 1637 2684 1673 :
2724 1638 2742 1672 ι
2781 1622 2855 1674 Ex
2895 1620 3002 1674 Deo
3037 1619 3180 1674 exivi
3218 1630 3274 1674 et
3299 1619 3462 1675 venio
3499 1619 3565 1674 ¹¹.
3609 1637 3628 1671 ι

373 1719 459 1755 σιν
484 1719 499 1768 ;
531 1721 549 1754 ι
586 1701 964 1775 Εὐλογημένος
990 1707 1017 1758 ό
1041 1706 1338 1777 ἐρχόμενος
1355 1708 1414 1761 ἐν
1441 1707 1668 1777 ὀνόματι
1701 1709 1910 1777 Κυρίου
1928 1724 1943 1739 ο

2052 1714 2155 1770 Sed
2190 1730 2284 1782 per
2310 1715 2413 1768 ista
2442 1732 2454 1765 :
2485 1711 2832 1773 Benedictum
2862 1710 3006 1780 quod
3034 1689 3436 1779 venit'regnum
3467 1710 3640 1780 patris

370 1794 715 1865 εὐλογημένη
741 1796 775 1865 ἡ
814 1797 1086 1869 ἐρχομένη
1123 1797 1371 1868 βασιλεία
1400 1800 1496 1853 τοῦ
1544 1800 1751 1868 πατρὸς
1787 1800 1946 1871 ἡμῶν

2052 1807 2227 1861 nostri
2284 1804 2491 1868 David,
2532 1803 2898 1858 ostenderunt
2943 1803 3076 1857 illud
3129 1817 3255 1857 esse
3303 1816 3531 1871 regnum
3586 1800 3642 1854 in

371 1887 534 1941 Δαϐίδ
558 1902 572 1917 ’
611 1907 630 1941 ι
669 1888 759 1942 διά
788 1890 890 1960 μὲν
939 1886 1033 1945 οὖν
1070 1890 1166 1945 τοῦ
1211 1892 1415 1961 λέγειν,
1455 1913 1473 1944 ι
1501 1892 1883 1963 Εὐλογημένος
1914 1895 1942 1946 ὁ

2048 1900 2193 1971 quod
2230 1898 2532 1954 secundum
2584 1896 2927 1966 prophetiam
2969 1895 3259 1949 crediturae
3287 1903 3417 1950 sunt
3454 1903 3644 1965 gentes

371 1980 666 2049 ἐρχόμενος
694 1980 755 2033 ἐν
785 1981 1008 2051 ὀνόματι
1041 1984 1275 2055 Κυρίου,
1307 2003 1326 2037 ι
1359 1985 1713 2039 ὑπεδείκνυον
1753 1986 1819 2036 ἐκ
1847 1984 1943 2037 τοῦ

2047 2003 2101 2048 et
2137 1995 2188 2047 in
2221 1992 2415 2062 primis
2444 1989 2638 2044 Judtei.
2672 1987 2767 2044 Ille
2801 1990 2946 2043 enim
2984 1987 3097 2041 Rex
3134 2004 3241 2042 non
3273 1997 3481 2041 tantum
3518 2001 3644 2053 spes

370 2069 506 2123 Θεοῦ
556 2071 651 2124 καὶ
694 2072 906 2143 Πατρός
944 2073 1108 2128 αὐτὸν
1156 2075 1307 2142 ὄντα,
1354 2078 1452 2130 καὶ
1488 2078 1547 2129 ἐν
1600 2076 1677 2147 τῷ
1713 2076 1942 2144 ὀνόματι

2048 2082 2235 2145 Israel,
2267 2081 2361 2135 sed
2395 2090 2448 2134 et
2476 2084 2812 2148 exspectatio
2842 2079 3168 2147 populorum
3206 2122 3219 2143 ,
3253 2086 3419 2148 prout
3445 2076 3645 2147 praedi-

370 2164 467 2216 τοῦ
501 2164 709 2236 Πατρὸς
742 2166 907 2219 αὐτὸν
939 2166 1186 2232 ἐλθόντα,
1229 2170 1306 2232 ὡς
1333 2169 1428 2222 καὶ
1475 2169 1640 2230 αὐτὸς
1674 2171 1703 2222 ό
1739 2168 1943 2239 Κύριος

2049 2182 2203 2229 xerat
2226 2171 2416 2235 Iacob,
2446 2170 2674 2238 alligans
2695 2170 2760 2224 ad
2809 2171 2970 2223 vitem
3003 2170 3217 2224 asinum
3251 2183 3437 2235 suum,
3471 2168 3522 2221 id
3560 2182 3647 2230 est

372 2256 506 2324 περὶ
532 2257 728 2311 ἑαυτοῦ
771 2276 974 2329 φησιν·
1029 2279 1049 2314 ι
1085 2261 1207 2316 Ὀτι
1257 2262 1369 2330 ἐγὼ
1397 2258 1566 2331 ἦλθον
1601 2263 1659 2315 ἐν
1703 2262 1781 2332 τῷ
1827 2262 1946 2314 ὀνό-

2120 2269 2148 2324 si
2180 2266 2508 2323 submissam
2540 2263 2852 2319 Iudaeorum
2898 2272 3139 2332 gentem,
3164 2271 3220 2317 et
3250 2262 3464 2332 palmiti
3517 2260 3645 2315 vitis
3716 2292 3718 2294 -

375 2364 508 2416 ματι
540 2348 634 2402 τοῦ
660 2352 869 2421 Πατρός
909 2370 1033 2423 μου,
1064 2354 1158 2407 καὶ
1188 2356 1252 2406 ἐκ
1281 2354 1376 2406 τοῦ
1416 2353 1551 2407 Θεοῦ
1585 2354 1810 2422 ἐξῆλθον
1848 2352 1945 2407 καὶ

2053 2359 2261 2429 pullmn
2309 2354 2445 2411 asini
2484 2354 2679 2422 ipsius.
2713 2353 2853 2408 Vitis
2906 2353 3041 2407 rami
3092 2361 3225 2407 sunt
3270 2350 3526 2419 discipuli
3578 2350 3644 2402 ad

372 2439 512 2509 ἥκω.
551 2459 570 2492 ι
605 2442 704 2496 Διά
747 2443 803 2497 δέ
853 2445 948 2497 τοῦ
986 2444 1185 2514 λέγειν,
1233 2465 1252 2499 ι
1298 2446 1654 2517 Εὐλογημένη
1704 2447 1737 2515 ἡ
1790 2448 1947 2513 ἐρχο-

2056 2466 2194 2519 quos
2225 2447 2487 2501 Dominus
2515 2445 2651 2500 dixit
2699 2460 2714 2496 :
2753 2464 2771 2496 ‹
2813 2445 2927 2514 Ego
2970 2459 3091 2499 sum
3131 2443 3274 2508 vitis,
3326 2458 3422 2497 vos
3462 2454 3644 2497 autem

378 2533 516 2601 μὲνη
569 2532 818 2603 βασιλεία
850 2536 945 2590 τοῦ
981 2540 1189 2609 πατρὸς
1241 2537 1401 2609 ἡμῶν
1453 2538 1638 2602 Δαϐὶδ,
1674 2556 1692 2590 ι
1727 2535 1948 2590 ὑπεδείο

2059 2539 2310 2609 palmites
2345 2537 2410 2590 “.
2447 2555 2465 2588 ι
2497 2535 2591 2589 llis
2620 2548 2750 2605 ergo
2781 2535 2947 2589 ramis
2980 2534 3225 2604 alligavit
3246 2533 3350 2589 sibi
3384 2532 3647 2588 Dominus

373 2636 537 2675 κνυον
565 2625 770 2693 ταύτην
812 2623 950 2681 εῖναι
982 2628 1082 2701 τὴν
1111 2629 1420 2700 βασιλείαν,
1463 2632 1544 2690 εἰς
1577 2631 1644 2701 ἢν
1692 2627 1949 2698 μέλλουσι

2060 2630 2266 2700 pullum
2314 2627 2400 2683 sui
2449 2628 2624 2696 ipsius
2674 2626 2813 2681 asini
2866 2642 2961 2682 seu
3017 2641 3217 2681 novum
3270 2641 3337 2680 ex
3392 2626 3648 2695 gentibus

375 2717 517 2769 κατὰ
548 2718 647 2786 τὴν
698 2721 1040 2789 προφητείαν
1096 2724 1375 2776 πιστεύειν
1410 2722 1505 2776 καὶ
1541 2724 1610 2775 τὰ
1667 2721 1819 2789 ἔθνη,
1856 2719 1951 2773 καὶ

2061 2719 2253 2782 Israel,
2308 2719 2399 2788 qui
2435 2718 2737 2772 secundum
2770 2716 3111 2787 prephetiam
3140 2715 3268 2772 facti
3321 2724 3452 2771 sunt
3476 2715 3649 2770 Abra—

380 2809 615 2876 μάλιστα
643 2812 691 2863 oi
728 2812 1010 2883 Ῥωμαῖοι.
1063 2808 1233 2879 Οὗτος
1264 2815 1374 2887 γάρ
1395 2818 1422 2868 ό
1455 2815 1710 2886 βασιλεὺς
1749 2814 1810 2867 οὐ
1851 2815 1950 2882 μό-

2062 2814 2147 2868 ha:
2187 2813 2304 2867 filii.
2354 2811 2410 2865 Si
2461 2826 2588 2880 ergo
2638 2825 2732 2864 rex
2768 2810 2871 2865 iste
2922 2824 3048 2880 spes
3097 2818 3181 2864 est
3205 2809 3469 2878 gentium,
3503 2823 3647 2877 quo-

378 2917 469 2953 νον
517 2903 671 2967 ἐλπίς
723 2910 837 2960 ἐστι
877 2908 970 2961 τοῦ
1022 2908 1263 2981 Ἰσραὴλ,
1317 2909 1455 2964 ἀλλά
1510 2909 1607 2962 καὶ
1646 2906 1949 2978 προσδοκία

2063 2907 2225 2959 modo
2255 2905 2514 2957 dixerunt
2538 2921 2551 2955 :
2577 2902 2633 2957 Si
2669 2904 2722 2957 in
2752 2902 2928 2972 ipsmn
2954 2900 3269 2968 credamus,
3294 2916 3393 2957 nos
3416 2900 3651 2971 punieut

376 2994 488 3045 τῶν
537 2996 705 3049 ἐθνῶν
761 3000 903 3053 κατὰ
951 3001 1052 3071 τὴν
1114 3002 1451 3074 προφητείαν
1509 3000 1727 3065 Ἰακὼϐ,
1786 3016 1809 3051 ‹
1854 3000 1951 3051 Δε-
2060 2995 2335 3051 Romani?

379 3086 596 3157 σμεύων
623 3090 759 3162 πρὸς
790 3091 1036 3162 ἄμπελον
1062 3094 1165 3165 τὴν
1195 3092 1316 3147 ὖνον
1350 3091 1542 3154 αὐτοῦ,
1576 3109 1595 3143 ›
1634 3089 1885 3144 τουτέστι
1912 3086 2003 3140 τὸν
2038 3085 2401 3155 ὑποκείμενον
2437 3083 2495 3148 ἐξ
2538 3079 2816 3136 Ἰουδαίων
2861 3080 3013 3151 αὐτῷ
3035 3080 3168 3136 λαόν
3189 3097 3204 3113 ⁸
3243 3083 3340 3136 καὶ
3405 3086 3474 3153 τῇ
3502 3081 3650 3135 ἕλικι

379 3182 482 3252 τῆς
522 3185 768 3252 ἀμπέλου
808 3187 900 3240 τὸν
946 3186 1132 3241 πῶλον
1169 3187 1269 3257 τῆς
1315 3186 1437 3239 όνου
1471 3183 1663 3240 αὑτοῦ.
1700 3182 1858 3247 Ἔλιξ
1899 3179 1958 3235 δέ
2022 3181 2122 3251 τῆς
2194 3177 2446 3247 ἀμπέλου
2499 3176 2639 3229 είσὶν
2673 3175 2724 3227 oi
2776 3174 2887 3235 τοῦ
2928 3174 3135 3246 Κυρίου
3192 3173 3460 3245 μαθηταὶ,
3512 3175 3652 3241 πρὸς

379 3276 473 3340 (ὓς
504 3280 530 3330 ὁ
561 3275 761 3345 Κύριος
791 3276 977 3345 ἔλεγεν
1000 3292 1017 3309 ’
1051 3296 1071 3330 ι
1117 3277 1262 3346 Ἐγώ
1289 3279 1403 3345 ειμι
1432 3278 1467 3347 ἠ
1489 3275 1758 3346 ἄμπελος,
1792 3274 1954 3344 ὑμεῖς
1987 3272 2056 3326 τά
2080 3271 2361 3340 κλήματα.
2400 3287 2420 3322 ι
2460 3269 2542 3339 Τῇ
2568 3263 2663 3321 οὖν
2728 3266 2869 3320 ἕλικι
2886 3265 3064 3338 ταύτῃ
3090 3267 3380 3337 συνέδησεν
3453 3268 3483 3319 ό
3538 3266 3653 3320 Κύ-

382 3390 498 3445 ριος
532 3373 637 3442 81
673 3373 851 3442 ἐαυτῷ
877 3372 970 3426 τὸν
992 3371 1173 3425 πῶλον
1207 3371 1307 3442 τῆς
1340 3372 1464 3425 δνου
1491 3369 1679 3434 αὐτοῦ,
1741 3368 1991 3422 τουτέστι
2052 3365 2145 3418 τὸν
2180 3363 2237 3429 ἐξ
2271 3363 2438 3416 ἐθνῶν
2471 3360 2593 3413 νέον
2633 3360 2874 3430 Ἰσραὴλ,
2923 3359 2973 3413 οἳ
3005 3361 3150 3414 κατά
3180 3362 3344 3430 χάριν
3386 3361 3499 3414 υίοὶ
3550 3376 3650 3428 γε-

376 3467 570 3536 γόνασι
596 3466 688 3519 τοῦ
728 3466 998 3538 Ἁϐραάμ.
1035 3467 1098 3519 El
1125 3466 1310 3519 τοίνυν
1341 3463 1569 3519 καὶτῶν
1598 3461 1772 3517 ἐθνῶν
1798 3458 1954 3524 ἐλπίς
1989 3458 2203 3525 ἐστινή
2240 3454 2488 3528 βασιλεία
2541 3451 2683 3521 αῦτη
2742 3451 2860 3515 πῶς
2920 3468 3111 3521 φασιν,
3170 3452 3266 3516 Είς
3328 3451 3501 3507 «om:
3563 3470 3655 3504 πι-

386 3561 713 3624 στεύσαντες
743 3561 927 3630 ἡμεῖς,
956 3560 1085 3623 τοὺς
1124 3558 1435 3629 Ῥωμαίους
1483 3554 1913 3627 φοϐηθησόμεθα
1941 3569 1956 3617 ;

456 3655 610 3709 Οὕτω
660 3655 755 3724 μὲν
785 3653 879 3707 οὖν
915 3655 967 3706 οι
1008 3653 1084 3724 μὴ
1126 3654 1225 3716 τάς
1265 3650 1471 3723 φρένας
1511 3649 1646 3704 ἀλλά
1674 3651 1742 3719 τῇ
1780 3649 1952 3717 κακίᾳ
1981 3649 2022 3705 c

2126 3640 2217 3697 Sic
2273 3652 2406 3703 ergo
2462 3637 2539 3689 illi
2568 3651 2674 3690 non
2732 3643 2945 3698 mente,
2982 3633 3079 3688 sed
3115 3632 3363 3703 nequitia
3406 3634 3646 3703 parvuli,

384 3748 766 3819 νηπιάζοντες,
819 3743 1252 3813 ἐμπνευσθέντες
1289 3741 1393 3796 ὑπὸ
1439 3740 1535 3794 τοῦ
1581 3737 1740 3806 ἁγίου
1785 3734 1959 3788 Πνεύ-

2066 3732 2277 3802 Spiritu
2321 3729 2414 3783 Dei
2440 3728 2626 3792 alliati,
2659 3726 2963 3796 perfectum
3019 3726 3381 3795 ultimumque
3418 3726 3651 3780 Domino

388 3815 557 3910 ματος
592 3834 1004 3906 ἀπηρτισμένον
1030 3837 1126 3888 καὶ
1150 3834 1361 3887 τέλειον
1387 3829 1711 3899 ἀνέπεμψαν
1732 3828 1812 3897 τῷ
1846 3827 1957 3879 Κυ-

2064 3826 2357 3879 Cantahant
2388 3822 2655 3892 hymnum
2694 3826 2967 3871 testantes
3014 3815 3277 3885 quoniam
3332 3816 3657 3883 quatridua~

387 3904 490 4001 ρίῳ
532 3904 726 4001 ὕμνον,
766 3904 1174 3999 μαρτυροῦντες
1223 3927 1307 3980 ὅτι
1355 3924 1733 3995 τετραήμερον
1761 3917 1957 3986 νεκρὸν

2148 3929 2196 3997 ιιι
2225 3919 2501 3965 mortuum
2538 3907 2604 3962 ad
2646 3907 2813 3961 vitam
2849 3914 2907 3959 ut
2940 3904 3083 3960 Deus
3115 3906 3415 3960 revocavit.
3445 3906 3653 3960 Scriba
3738 3918 3746 3924 ‘

383 3987 511 4077 δντα
536 3987 627 4076 sitv
653 3987 900 4089 Λάζαρον
920 3987 995 4083 ῶς
1017 3987 1167 4082 Θεὸς
1182 3987 1578 4087 ἐζωοποίησινξ
1609 3987 1673 4068 Di
1693 4013 1749 4067 δὲ
1772 4013 1958 4081 Γραμ-

2065 3987 2194 4060 vero
2220 4018 2282 4057 ac
2309 3999 2572 4056 Pharisaei
2595 3999 2718 4054 talia
2751 3998 2904 4069 signa
2928 3996 3132 4063 intuiti,
3157 3997 3281 4067 illos
3314 4005 3493 4052 tamen
3523 4013 3660 4067 pue-

391 4114 580 4182 ματιῖς
616 4113 712 4166 καὶ
747 4088 1031 4181 Φαρισαῖοι
1068 4109 1137 4163 τὰ
1166 4107 1396 4162 τοιαῦτα
1440 4105 1725 4176 θαυμάσια
1759 4103 1958 4161 ἰδόντες

2064 4113 2157 4153 ros
2212 4097 2513 4152 clamantes
2570 4093 2625 4147 in
2677 4092 2799 4147 loco
2860 4102 3055 4147 sancto
3106 4100 3161 4143 et
3207 4090 3456 4144 dicentes
3490 4106 3503 4142 :
3542 4088 3654 4144 Ho-

385 4181 482 4258 καὶ
510 4204 635 4266 τοὺς
691 4202 968 4263 τοιούτους
1019 4197 1217 4260 παῖδας
1266 4196 1571 4268 κράζοντας
1607 4195 1664 4248 ἐν
1712 4191 1789 4262 τῷ
1823 4189 1957 4260 ίερῷ

2064 4205 2238 4249 sanna
2298 4188 2409 4242 tilio
2471 4185 2681 4240 Davidl
2740 4181 3005 4252 indignati
3068 4181 3302 4236 Domino
3341 4181 3650 4235 dixerunt:

385 4295 479 4349 καὶ
511 4293 788 4362 λέγονταςο
807 4291 1040 4346 Ὡσαννά
1067 4289 1145 4360 τῷ
1171 4289 1273 4360 υίῷ
1313 4289 1500 4351 Δαὸὶδ,
1535 4286 1955 4358 ἠγανάκτησαν,

2063 4283 2256 4338 Nonne
2308 4280 2466 4335 audis
2518 4292 2640 4348 quae
2696 4275 2787 4330 isti
2846 4273 3085 4330 dicunt?
3135 4272 3410 4327 Potuisset
3469 4272 3653 4340 potius

384 4389 480 4441 καὶ
508 4387 645 4458 πρὸς
673 4387 768 4439 τδν
789 4384 1006 4453 ,Κύριον
1048 4383 1237 4451 ελεγον
1261 4396 1278 4415 ⁸
1310 4382 1425 4436 Οὐκ
1470 4378 1691 4443 ἀκούεις
1732 4377 1784 4430 τί
1811 4367 1957 4429 οὗτοι

2130 4371 2458 4430 mtinusillis
2479 4368 2663 4424 dicere
2694 4383 2710 4421 :
2738 4364 2932 4420 Nonne
2957 4365 3175 4430 videtis,
3200 4378 3302 4419 nec
3327 4362 3531 4418 auditis
3554 4378 3656 4417 nec

387 4455 638 4544 λέγουσιν
663 4492 679 4541 ;
706 4476 843 4546 ὅπερ
876 4474 1079 4545 μᾶλλον
1114 4473 1220 4527 [est
1255 4470 1393 4541 πρὸς
1425 4469 1622 4530 αὐτοὺς
1648 4467 1827 4520 είπεῖν
1860 4481 1956 4534 τη-

2070 4461 2427 4532 intelligitis?
2461 4459 2590 4516 ideo
2632 4472 2940 4515 conversus
2981 4455 3051 4510 ad
3085 4456 3210 4511 illos
3257 4456 3349 4525 qui
3386 4470 3510 4509 eum
3560 4468 3658 4509 ex-

386 4566 618 4620 νικαῦτα
647 4565 740 4620 τὸν
768 4564 996 4634 Κύριον,
1028 4564 1114 4618 ὅτι
1145 4563 1223 4616 Οὐ
1265 4562 1516 4629 βλέπετε,
1556 4556 1671 4612 οὐδ’
1701 4555 1956 4621 ἀκούετε,

2068 4554 2397 4626 probrarent
2424 4567 2490 4606 ex
2523 4565 2590 4605 eo
2625 4550 2773 4619 quod
2814 4549 3077 4619 hymnum
3111 4546 3229 4602 solo
3257 4544 3367 4600 Deo
3406 4544 3652 4599 debitum

386 4658 508 4714 οὐδέ
543 4657 796 4720 συνίετε;
829 4655 919 4709 Διὸ
944 4655 1038 4708 καὶ
1071 4653 1235 4716 αὐτὸς
1267 4653 1548 4723 ἐντρέπων
1579 4650 1778 4710 αὐτοὺς
1818 4665 1960 4718 μεμ-

2068 4646 2341 4715 acciperet
2384 4658 2401 4698 :
2432 4640 2652 4711 Utique,
2686 4639 2786 4703 ait,
2815 4637 2980 4692 audio
3008 4636 3361 4691 invisibiliter
3390 4635 3532 4704 apud
3566 4648 3656 4690 me

391 4748 680 4819 φομένους,
710 4747 785 4809 ὡς
809 4746 1139 4815 ἀνεχόμενον
1170 4743 1271 4814 τῆς
1304 4741 1424 4813 Θεῷ
1449 4743 1614 4812 μόνον
1637 4740 1959 4809 πρεπούσης

2067 4737 2409 4792 disserentes
2444 4742 2498 4787 et
2529 4731 2658 4786 talia
2700 4731 2768 4785 de
2804 4743 2892 4782 me
2941 4728 3389 4799 proclamantes;
3432 4724 3480 4782 si
3520 4740 3653 4781 vero

389 4840 691 4909 ὕμνῳδίας,
720 4839 851 4901 Ναὶ,
888 4839 1074 4909 φησὶν,
1102 4836 1288 4891 ἀκούω
1325 4834 1435 4889 τῶν
1470 4833 1604 4903 παρ’
1645 4831 1781 4902 ἐμοῦ
1810 4848 1961 4901 σοφι-

2069 4830 2123 4884 hi
2162 4834 2461 4890 tacuerint,
2500 4825 2711 4895 lapides
2763 4821 3103 4877 clamabunt.
3154 4819 3348 4875 Nonne
3406 4834 3649 4890 unquam

391 4932 632 5001 ζομένων
664 4930 934 5000 ἀοράτως,
971 4930 1068 4983 καὶ
1115 4929 1244 5000 περὶ
1274 4928 1411 4998 ἐμοῦ
1453 4926 1680 4981 τοιαῦτα
1722 4925 1959 4995 φθεγγο-

2066 4919 2404 4993 cognovistis
2473 4916 2608 4972 illud
2668 4915 3049 4984 propheticum
3091 4930 3105 4965 :
3146 4930 3165 4964 ι
3206 4913 3282 4985 Ex
3319 4927 3416 4967 ore
3472 4910 3656 4965 infan-

394 5000 606 5094 μένων·
658 5022 750 5077 ἐὰν
782 5022 840 5076 δὲ
875 5022 969 5075 καὶ
998 5016 1146 5075 οὗτοι
1196 5021 1575 5090 σιωπήσωσιν,
1607 5021 1654 5072 oi
1700 5017 1837 5071 λίθοι
1872 5034 1963 5071 κε-

2070 5015 2203 5069 tium
2229 5021 2284 5065 et
2310 5008 2629 5065 laetentium
2679 5004 2959 5075 perfecisti
3041 5004 3253 5058 laudem
3285 5002 3309 5055 ?
3345 5020 3362 5054 ι
3404 5002 3648 5073 Ingentis

390 5116 703 5186 κράξονται.
740 5115 931 5184 Ὑμεῖς
965 5115 1022 5167 δὲ
1050 5114 1307 5166 οὐδέποτε
1364 5112 1639 5181 ἀνέγνωτε
1687 5111 1865 5162 ἐκεῖνο
1898 5109 1961 5163 τὸ

2074 5107 2177 5162 hoc
2208 5113 2327 5160 erat
2356 5101 2609 5158 miraculi
2646 5098 2886 5154 infantes
2921 5111 3124 5167 pueros
3159 5105 3216 5151 et
3255 5096 3477 5165 ignaros
3517 5110 3646 5149 vere

392 5208 750 5277 προφητικὸν,
771 5207 894 5270 ὄτιζι
920 5206 1017 5260 Ἐκ
1046 5206 1314 5274 στόματος
1330 5203 1543 5273 νηπίων
1572 5201 1669 5255 καὶ
1700 5200 1962 5270 θηλαζόν-

2071 5199 2243 5254 Deum
2274 5196 2459 5251 dicere
2488 5192 2583 5264 qui
2611 5208 2709 5261 pro
2742 5190 2902 5245 nobis
2934 5189 3076 5245 Deus
3108 5188 3285 5244 fuerat
3321 5189 3643 5242 incarnatus

388 5316 499 5353 των
520 5301 848 5369 κατιρτὴσω
873 5294 1082 5364 αἷνονμ
1107 5299 1218 5352 Καὶ
1250 5296 1358 5368 γὰρ
1391 5298 1486 5349 καὶ⁹
1513 5296 1671 5350 τοῦτο
1699 5294 1961 5363 μεγίστου

2064 5290 2375 5362 angelicum
2402 5303 2496 5342 ore
2524 5286 2788 5357 hymnum
2824 5284 3177 5353 accipientes.
3207 5280 3342 5334 Nam
3373 5280 3515 5334 sicut
3545 5294 3644 5332 an—

391 5390 669 5459 θαύματος
692 5386 782 5460 ἦν,
813 5391 875 5443 τὸ
899 5391 1025 5454 τοὺς
1071 5391 1291 5453 ἰδιώτας
1327 5389 1424 5443 καὶ
1458 5387 1655 5449 παῖδας
1681 5385 1777 5440 καὶ⁴
1816 5387 1961 5453 ἀμα-

2063 5386 2193 5457 geli,
2221 5394 2348 5439 nato
2374 5383 2608 5437 Domino
2635 5382 3068 5437 concinuerant:
3095 5377 3308 5434 «Gloria
3332 5379 3386 5430 in
3411 5373 3646 5428 excelsis

391 5483 501 5546 θεῖς
532 5483 803 5551 θεολογεῖν
833 5483 1052 5546 τελείως
1071 5484 1162 5536 τὸν
1183 5483 1250 5537 δι’
1275 5483 1427 5553 ἡμᾶς
1455 5480 1959 5551 ἐνανθρωπήσαντα

2061 5478 2196 5543 Deo,
2230 5484 2287 5531 et
2314 5477 2369 5530 in
2406 5474 2676 5537 ιρι-τοτ’.»
2710 5482 2841 5539 etc.,
2874 5472 2947 5526 ita
2970 5469 3058 5525 isti
3092 5471 3279 5525 eodem
3308 5465 3657 5536 ingrediente

388 5574 542 5639 Θεὸν,
583 5575 874 5643 ἀγγελικὸν
903 5575 996 5628 ἐπὶ
1027 5578 1299 5643 στόματος
1345 5572 1720 5633 ἀναλαϐόντας
1749 5568 1919 5636 ὕμνον
1941 5585 1954 5598 °

2061 5570 2132 5626 ad
2183 5568 2439 5624 eumdem
2500 5566 2848 5638 proferebant
2878 5564 3141 5635 hymnum
3175 5577 3190 5616 :
3229 5578 3251 5611 ι
3281 5560 3539 5613 Hosanna
3587 5554 3641 5610 in

387 5665 461 5729 ὡς
518 5666 628 5736 γὰρ
676 5668 724 5721 oi
792 5668 1014 5736 ἄγγελοι
1071 5668 1165 5722 ἐπὶ
1198 5671 1266 5739 τῇ
1308 5670 1559 5735 γεννήσει
1601 5661 1696 5717 τοῦ
1746 5662 1954 5732 Κυρίου
2058 5661 2315 5718 cxceris.
2358 5679 2377 5712 ι

460 5848 481 5879 ⁹
509 5845 665 5900 Joan.
698 5863 772 5913 Si,
806 5844 959 5913 “,8.
1036 5847 1078 5880 ¹⁰
1112 5844 1267 5903 Joan.
1295 5862 1345 5912 v,
1391 5844 1476 5901 £3.
1558 5844 1596 5875 "
1639 5844 1795 5900 Jtmn.
1836 5839 2190 5906 “1,2128.
2277 5840 2315 5870 "
2345 5834 2510 5892 Jroan.
2548 5850 2638 5903 XV,
2672 5835 2726 5890 5.
2807 5831 2850 5866 ¹³
2897 5830 3030 5884 Luc.
3065 5844 3125 5895 It,
3164 5828 3249 5882 Μ.
