4046 6436
386 369 478 432 Ἰ8)

941 488 1180 541 omnm
1220 486 1334 552 ICT.

384 619 517 683 ﬁeri
547 621 655 685 τῆς
691 620 842 675 κατὰ
894 622 1091 687 σάρκα
1120 623 1226 676 τοῦ
1269 623 1488 690 Κυρίου
1521 620 1690 687 ἡμῶν
1741 622 1948 687 Ἰησοῦ

456 692 714 750 Χριστοῦ
743 695 1108 758 οίκονομίας.
1145 693 1246 745 καί
1297 693 1416 745 τῶν
1447 691 1521 745 δι’
1548 692 1737 759 αὐτῆς
1771 710 1949 760 κεχα-

446 761 749 828 ρισμένων
779 763 903 827 τοῖς
937 765 1016 828 ὡς
1071 763 1311 828 ἀληθῶς
1356 765 1444 827 είς
1486 764 1673 815 αὐτὸν
1704 767 1950 818 πιστεύ-

453 849 588 884 ουσι
616 849 631 862 ’
666 833 760 885 καί
792 833 877 883 ὅτι
935 835 1327 899 πολυτρόπως
1351 837 1382 883 (ί
1443 834 1586 896 Θειλς
1614 832 1949 900 δυνάμενος

456 901 565 966 τῆς
621 902 728 953 τοῦ
757 902 1044 956 διαϐόλου
1096 903 1453 971 τυραννίδος
1521 905 1948 967 λυτρώσασθαι

457 972 557 1023 τὸν
567 972 900 1036 ἄνθρωπον,
925 975 1168 1033 εἰκότως
1185 975 1368 1040 ταύτῃ
1383 971 1628 1039 μᾶλλον
1641 974 1947 1040 ἐχρήσατο

452 1040 522 1105 τῇ
554 1045 882 1114 οἰκονομίᾳ.
915 1041 1190 1111 Ῥηθεῖσα
1245 1042 1324 1108 τῷ
1375 1044 1520 1114 ἁγίῳ
1578 1045 1674 1096 καί
1712 1047 1952 1112 μεγάλῳ

453 1112 747 1178 Σαϐϐάτῳ.

464 1227 522 1279 Ὀ
544 1225 636 1280 τοῦ
694 1226 828 1278 Θεοῦ
887 1226 1215 1296 προαιὼνιος
1277 1229 1372 1281 καὶ
1428 1230 1952 1296 ἀπερίληπτοςηκαὶ

383 1320 776 1388 παντοκράτωρ
839 1321 1012 1387 Λόγος
1063 1322 1158 1372 καὶ
1187 1321 1314 1382 Υἱὸς
1372 1322 1781 1391 παντοδύναμος
1836 1322 1956 1376 ἐδύ-

381 1429 508 1464 νατο
538 1411 756 1475 πάντως
781 1413 874 1464 καὶ
909 1413 1076 1484 χωρὶς
1107 1415 1204 1482 τῆς
1234 1413 1442 1483 οἰκείας
1475 1414 1952 1484 ἐνανθρωπήσεως

385 1505 654 1574 ῥύσασθαι
684 1505 776 1558 τὸν
815 1504 1107 1571 ἄνθρωπον
1160 1507 1259 1575 τῆς
1326 1506 1657 1577 θνητότητος
1699 1509 1792 1560 καὶ
1853 1509 1954 1577 τῆς

381 1597 623 1662 δουλείας
652 1599 747 1650 τοῦ
807 1597 1058 1652 διαϐόλου
1087 1615 1101 1629 ⁸
1173 1600 1352 1653 πάντα
1384 1600 1493 1669 γάρ
1534 1601 1693 1669 φέρει
1733 1599 1810 1667 τῷ
1851 1601 1952 1670 ῥή-

383 1707 514 1759 ματι
546 1689 644 1758 τῆς
693 1690 980 1760 δυνάμεως
1037 1691 1228 1753 αὑτοῦ.
1267 1693 1365 1747 καὶ
1431 1693 1610 1746 πάντα
1663 1693 1954 1746 ὑπόκειται

379 1786 444 1852 τῇ
473 1783 664 1838 τούτου
696 1783 851 1854 θεῖκῇ
892 1784 1135 1856 ἐξουσίᾳ,
1176 1787 1270 1838 καὶ
1316 1785 1497 1838 πάντα
1526 1785 1775 1850 δύναται,
1811 1787 1954 1840 κατά

380 1876 472 1928 τὸν
515 1876 658 1943 Ἰὼϐ,
695 1877 957 1931 ἀδυνατεῖ
999 1879 1057 1932 δὲ
1123 1880 1300 1947 τούτῳ
1334 1879 1488 1932 οὐδέν
1517 1896 1530 1909 ·
1565 1883 1629 1949 τῇ
1694 1881 1802 1949 γὰρ
1859 1880 1952 1934 τοῦ

382 1968 605 2022 κτίστου
664 1970 888 2042 ἐξουσίᾳ
954 1971 1251 2041 κτίσματος
1289 1972 1610 2040 ἀντιϐλέψαι
1677 1973 1832 2043 ίσχὺς
1892 1975 1954 2026 οὐ

380 2061 626 2123 δύναται,
683 2062 904 2117 καὶτοῦ
957 2065 1413 2135 Παντοκράτορος
1479 2066 1836 2136 ἰσχυρότερον
1867 2067 1954 2120 οὑ-

379 2155 491 2210 δέν.
551 2154 692 2208 Ἀλλ’
737 2158 764 2209 6
801 2156 896 2210 καὶ⁵
953 2156 1092 2226 πρὸς
1150 2155 1250 2227 τὴν
1305 2158 1586 2227 ἡμετέραν
1643 2157 1831 2226 φύσιν»
1860 2159 1958 2212 καὶ

383 2245 671 2299 ἀσθένειαν
701 2247 1132 2317 ἁρμοδιώτερος,
1164 2249 1259 2301 καὶ
1310 2248 1389 2318 τῷ
1417 2248 1616 2317 δρῶντι
1668 2250 1955 2319 πρεπωδέ-

384 2353 576 2402 στατος
608 2340 810 2409 τρόπος
843 2333 998 2402 οὗτος
1022 2335 1112 2410 ἦν,
1150 2340 1180 2392 ό
1213 2340 1301 2392 διά
1351 2340 1454 2407 τῆς
1478 2341 1636 2393 ἐνανο
1649 2344 1957 2409 ρωπήσεως

383 2429 476 2481 τοῦ
505 2430 680 2496 Λόγου
713 2429 808 2483 τοῦ
842 2431 998 2495 Θεοῦ,
1032 2431 1106 2494 ὡς
1136 2431 1232 2484 καὶ
1261 2431 1322 2484 τὸ
1379 2431 1591 2486 δίκαιον
1648 2432 1790 2502 ἔχων
1833 2432 1955 2502 μεθ’

383 2520 605 2584 ἑαυτοῦ,
634 2514 695 2574 οὗ
724 2523 891 2593 χωρὶς
923 2523 1079 2577 οὐδὲν
1121 2523 1226 2578 ὑπὸ
1284 2523 1417 2577 Θεοῦ
1478 2522 1754 2577 τελεῖται·
1815 2543 1835 2576 ‹
1871 2525 1960 2576 Δί-

383 2630 536 2675 καιος
573 2613 682 2684 γὰρ
717 2615 746 2668 6
784 2615 936 2681 Θεὸς,
972 2616 1068 2668 καὶ
1109 2614 1464 2678 δικαιοσύνας.
1509 2615 1790 2684 ἠγάπησε,
1859 2616 1956 2669 καὶ

382 2708 482 2758 οὐκ
513 2705 660 2760 ἐστιν
700 2707 884 2760 ἀδικία
918 2709 978 2761 ἐν
1001 2706 1175 2778 αὐτῷ,
1211 2727 1230 2758 ι
1305 2707 1451 2762 κατά
1518 2707 1608 2760 τὸν
1662 2707 1957 2778 ψαλμῳδὸν

385 2799 704 2867 Προφήτην.
745 2799 899 2852 Ἐπεὶ
922 2801 978 2852 δὲ
1002 2800 1097 2853 καὶ
1123 2800 1224 2869 τὴν
1277 2799 1454 2870 ἀρχὴν
1479 2801 1507 2853 6
1547 2799 1838 2868 ἄνθρωπος
1868 2800 1962 2866 ἐγ-

382 2890 771 2957 καταλειφθεὶς
803 2893 906 2944 ὑπὸ
931 2891 1068 2945 Θεοῦ
1118 2891 1369 2958 δικαίως,
1404 2893 1481 2954 ὡς
1527 2891 1691 2954 αὐτὸς
1739 2889 1958 2960 πρῶτος

385 2984 770 3050 ἐγκαταλιπὼν
846 2985 1032 3049 αὐτὸν,
1063 2986 1156 3038 καί¹
1200 2983 1279 3053 τῷ
1340 2983 1639 3052 ἀρχεκάκῳ
1679 2984 1960 3053 προσδρα-

388 3075 506 3142 μὼν
543 3075 703 3140 ἑκὼν,
742 3077 838 3129 καὶ
862 3076 1121 3130 τάναντία
1179 3077 1278 3128 σὺν
1331 3074 1469 3144 δόλῳ
1529 3073 1958 3143 συμϐουλεύοντι

1760 374 1952 432 ΙΙΟΜΙ
1973 375 2088 433 LIA
2118 377 2277 436 XVI.

1976 491 2025 542 Α

3517 370 3619 433 190

2607 485 2888 541 ιιοιιιιιΑ
2931 485 3070 539 XVI.

2049 615 2130 668 De
2166 615 2550 683 dispensatione
2586 617 2975 672 incarnationis
3017 615 3232 668 Domini
3273 618 3444 667 nostri
3488 616 3618 668 Jcstt

2123 687 2347 753 Christi.
2378 699 2423 740 et
2450 688 2514 740 de
2534 692 2720 754 gratiis
2751 706 2842 756 per
2858 705 2970 741 eum
2991 686 3182 756 vereiin
3215 687 3380 751 ipsum
3404 686 3624 738 creden-

2124 757 2257 810 tibus
2317 760 2618 821 concessis;
2673 755 2869 812 necnon
2930 758 3053 824 quia
3109 755 3244 807 Deus
3291 771 3403 807 cum
3454 766 3626 822 posset

2123 827 2434 881 multimoda
2477 830 2733 882 hominem
2760 847 2788 881 a
2814 828 3070 881 da’ntonis
3104 825 3382 894 tyrannide
3405 826 3628 878 liberare

2119 899 2292 962 potius
2315 899 2411 950 hac
2438 915 2559 950 usus
2599 909 2673 950 est
2712 898 3118 958 dispensatione.
3138 898 3268 961 Quae
3301 909 3483 948 sancto
3511 913 3627 948 nta-

2115 967 2334 1038 joreque
2367 969 2604 1022 Sabban
2636 969 2824 1022 habita
2858 968 2981 1033 fuit.

2125 1237 2411 1292 Hilernum
2446 1237 2947 1307 ctincircumscripl
2963 1253 3052 1291 um
3076 1252 3289 1292 necnon
3308 1237 3630 1306 praepollens

2055 1331 2147 1386 Dei
2170 1333 2400 1386 Verbum
2425 1331 2882 1403 omnipotensque
2901 1332 3074 1386 Filius
3093 1338 3304 1399 poterat
3324 1331 3548 1383 omnino
3577 1340 3632 1381 et

2057 1421 2269 1488 absque
2305 1420 2522 1489 propria
2571 1422 2954 1475 incarnatione
2981 1421 3260 1474 hominem
3297 1433 3325 1470 a
3371 1427 3546 1470 morte
3579 1428 3633 1471 et

2059 1515 2326 1568 servitute
2353 1529 2552 1568 eruere
2581 1532 2594 1567 :
2623 1516 2808 1569 omnia
2843 1515 2990 1568 enim
3030 1523 3213 1583 portat
3249 1513 3416 1567 verbo
3448 1512 3630 1566 virtu—
3661 1561 3670 1569 ,

2056 1606 2126 1662 tis
2142 1621 2272 1668 suae.
2293 1616 2346 1660 et
2371 1607 2553 1660 omnia
2575 1607 2772 1661 divinas
2793 1605 2915 1674 ejus
2935 1605 3187 1674 potestati
3209 1605 3451 1670 subjecta
3474 1612 3629 1666 sunt;

2055 1701 2240 1754 omnia
2266 1708 2464 1768 potest,
2486 1699 2788 1754 secundum
2806 1698 2992 1762 Job”,
3018 1697 3264 1767 nihilque
3294 1697 3394 1766 ipsi
3417 1706 3499 1750 est
3531 1695 3636 1747 im-

2060 1791 2342 1859 possibile,
2378 1791 2578 1846 etenim
2605 1792 2916 1845 conditoris
2948 1793 3204 1859 potestati
3240 1796 3512 1842 creaturae
3547 1802 3636 1839 ro-

2064 1884 2162 1936 bur
2193 1883 2460 1936 obluctari
2491 1897 2838 1952 nequaquam
2874 1890 3080 1952 potest,
3111 1879 3360 1948 nihilque
3387 1877 3636 1945 omnipo-

2060 1985 2208 2030 tento
2257 1975 2519 2029 validius.
2577 1975 2680 2029 Sed
2731 1975 2796 2029 ad
2836 1985 3090 2026 naturam
3147 1971 3638 2036 inﬁrmitatemque

2059 2077 2300 2123 nostram
2335 2068 2510 2133 magis
2539 2066 3014 2129 accommodatus,
3073 2077 3127 2118 et
3174 2063 3353 2132 agenti
3401 2062 3637 2114 maxime

2058 2158 2408 2211 consentiens
2429 2166 2554 2211 erat
2580 2159 2667 2212 hic
2702 2157 2920 2220 modus,
2958 2156 3172 2211 scilicet
3201 2144 3367 2207 Verbi
3410 2153 3500 2206 Dei
3556 2153 3640 2204 iu-

2055 2251 2304 2306 carnatio
2334 2261 2606 2317 quatenus
2632 2249 2900 2318 justitiam
2927 2263 3110 2302 secum
3135 2247 3356 2312 habent,
3384 2245 3504 2300 sine
3529 2259 3634 2312 qua

2058 2342 2194 2397 nihil
2231 2360 2262 2396 a
2302 2342 2411 2397 Deo
2441 2343 2718 2410 perﬁcitur
2753 2360 2766 2394 :
2805 2360 2824 2393 ι
2863 2341 3054 2396 Justus
3079 2341 3226 2394 enim
3265 2339 3552 2403 DOmEnus,
3586 2347 3640 2390 ιιι

2056 2434 2326 2504 justitiam
2355 2433 2570 2499 dilexit,
2598 2421 2650 2487 et
2678 2435 2943 2499 iniquitas
2972 2434 3024 2485 in
3062 2447 3126 2486 eo
3157 2447 3264 2485 non
3304 2439 3387 2484 est
3421 2429 3486 2492 ¹”’,
3523 2448 3540 2478 ι
3579 2437 3638 2480 ιιι

2059 2527 2256 2582 cecinit
2290 2525 2606 2581 Psalmistes
2648 2526 2940 2594 propheta.
2978 2522 3178 2577 Verum
3233 2537 3356 2575 cum
3403 2521 3455 2573 in
3488 2521 3638 2589 prin.

2059 2619 2204 2688 cipio
2238 2620 2404 2673 homo
2431 2620 2581 2688 juste
2613 2635 2642 2673 a
2695 2619 2804 2673 Deo
2835 2617 3133 2671 derelictus
3170 2615 3296 2685 quia
3334 2616 3451 2683 ipse
3489 2616 3642 2683 prior

2059 2712 2210 2766 illum
2239 2713 2590 2780 relinquerat,
2624 2722 2678 2766 et
2700 2712 2766 2765 ad
2795 2711 3094 2776 malignum
3123 2709 3360 2762 libenter
3384 2720 3640 2767 currens,

2059 2803 2248 2858 dolose
2280 2804 2560 2857 insidianti
2590 2805 2822 2858 credens
2849 2801 2969 2870 jure
3013 2800 3249 2854 traditus
3284 2797 3406 2857 fuit,
3440 2794 3513 2848 ita
3560 2794 3644 2847 ia-

2059 2895 2265 2950 dividia
2301 2895 2505 2950 diaboli
2554 2895 2812 2963 justaque
2866 2892 2959 2946 Dei
2997 2889 3368 2962 permissione
3398 2901 3551 2939 mors
3585 2884 3640 2936 in

2062 2987 2328 3041 mundum
2364 2987 2610 3048 intravit,
2647 3002 2769 3055 qua:
2824 3001 2890 3040 ex
2955 2984 3179 3037 immani
3245 2975 3644 3046 perversissimi

2063 3079 2271 3135 malitia
2305 3079 2588 3148 multiplici
2641 3079 2806 3132 modo
2852 3076 3098 3139 accidit;
3153 3089 3279 3127 nam
3310 3087 3420 3125 non
3464 3068 3643 3123 solum

389 3169 628 3231 πεισθεὶς
657 3168 881 3232 δικαίως
916 3170 1111 3237 ἐκείνῳ
1142 3167 1436 3238 παρεδόθη.
1477 3168 1572 3220 καὶ
1593 3166 1739 3221 οὕτω
1773 3167 1955 3236 φθόνῳ

2068 3186 2219 3225 mors
2257 3185 2287 3224 e
2317 3179 2509 3224 natura
2537 3171 2816 3234 evcniens,
2863 3168 2957 3222 scd
3023 3168 3190 3223 etiam
3240 3179 3343 3219 nex
3381 3163 3645 3222 violenta,

385 3260 480 3312 τοῦ
514 3261 772 3331 πονηροῦ,
810 3261 906 3316 καὶ
969 3261 1318 3330 συγχωρήσει
1345 3261 1534 3331 δικαίᾳ
1587 3261 1682 3314 τοῦ
1753 3259 1960 3328 ἀγαθοῦ

2056 3262 2193 3332 ipso
2226 3261 2538 3330 adjuvantc,
2568 3269 2935 3330 perpetratul'.

389 3349 623 3416 Θάνατος
684 3353 764 3414 είς
828 3351 919 3403 τὸν
983 3348 1190 3418 κόσμον
1233 3350 1528 3416 εἰσῆλθεν·
1561 3350 1618 3412 ὃς
1680 3349 1742 3415 ἐξ
1802 3351 2259 3422 ὑπερϐαλλούσης
2315 3354 2424 3423 83
2476 3351 2573 3405 τοῦ
2611 3353 2926 3420 ἀρχεκάκου
2955 3349 3158 3411 κακίας
3189 3347 3285 3402 καὶ
3348 3344 3646 3404 διπλασίως

387 3444 636 3512 ἐγένετο·
668 3443 766 3513 οὐχ
798 3443 826 3496 ὁ
860 3441 1091 3511 φυσικὸς
1150 3440 1259 3512 γὰρ
1324 3442 1508 3510 μόνος,
1547 3441 1687 3494 ἀλλὰ
1711 3442 1808 3496 καὶ
1861 3443 1890 3494 6
1917 3441 2092 3512 βίαιος
2137 3444 2308 3496 αὐτοῦ
2356 3443 2749 3512 προξενοῦντος
2788 3443 3050 3497 τελεῖται.

473 3597 626 3651 Ἐπεὶ
655 3591 745 3649 οῦν
777 3596 873 3649 σὺν
893 3594 1019 3665 δίκῃ
1059 3597 1126 3664 τῇ
1165 3593 1261 3647 τοῦ
1301 3593 1562 3647 διαϐόλου
1619 3595 1838 3667 δουλείᾳ
1869 3597 1966 3650 καὶ

391 3693 458 3760 τῇ
493 3689 780 3760 θνητότητι
811 3687 1221 3757 παρεδόθημεν,
1261 3686 1367 3740 ἔδει
1429 3689 1652 3751 πάντως
1706 3690 1802 3741 καὶ
1864 3689 1964 3756 τὴν

392 3786 526 3852 πρὸς
567 3781 877 3851 ἐλευθερίαν
913 3782 1004 3833 καὶ
1057 3780 1202 3849 ζωὴν
1247 3781 1511 3834 ἐπάνοδον
1551 3781 1644 3833 τοῦ
1681 3780 1961 3849 ἀνθρωπί-

393 3896 484 3930 νου
502 3877 689 3943 γένους
712 3874 808 3928 σὺν
828 3873 954 3943 δίκῃ
971 3875 1121 3943 παρά
1140 3873 1232 3926 τοῦ
1247 3871 1380 3926 Θεοῦ
1399 3872 1738 3943 τελεσθῆναι.
1763 3875 1855 3944 Μὴ
1874 3873 1966 3942 μό-

395 3985 482 4020 νον
511 3967 567 4020 δέ
588 3969 616 4020 6
643 3965 925 4035 ἄνθρωπος
947 3964 1064 4034 θείᾳ
1086 3963 1402 4036 δικαιοσύνῃ
1418 3963 1492 4033 τῷ
1511 3963 1837 4034 φθονήσαντι
1859 3982 1963 4018 πα-

397 4057 607 4127 ρεδόθη,
630 4058 766 4110 ἀλλά
783 4057 877 4108 καὶ
903 4055 1062 4118 αὐτὸς
1080 4057 1107 4105 6
1130 4055 1374 4118 διάϐολος
1388 4057 1486 4126 τὴν
1509 4055 1607 4126 μὲν
1621 4055 1967 4124 δικαιοσύνην

392 4151 483 4217 ἀφ’
524 4148 717 4202 ἑαυτοῦ
754 4148 1032 4212 ἀπώσατο,
1065 4145 1302 4216 γεγονὼς
1345 4147 1399 4199 δὲ
1433 4148 1630 4211 ἀδίκως
1681 4151 1777 4218 τῆς
1813 4149 1963 4214 ἐξου-

394 4243 514 4308 σίας
529 4241 623 4296 ml.
642 4245 739 4312 τῆς
761 4240 1211 4312 αὐτοκρατορίας,
1237 4239 1437 4309 μᾶλλον
1454 4239 1510 4294 δὲ
1531 4240 1629 4309 τῆς
1648 4240 1966 4312 τυραννίδος

392 4335 646 4405 ἐραστὴς,
679 4337 742 4406 τῇ
767 4331 1082 4405 δικαιοσύνῃ
1119 4331 1447 4402 μαχόμενος,
1469 4335 1534 4401 τῇ
1567 4333 1793 4401 δυνάμει
1824 4333 1966 4386 κατὰ

2149 3600 2320 3670 igitur
2351 3616 2475 3654 cum
2508 3600 2633 3667 jure
2657 3614 2723 3655 ac
2759 3599 2958 3655 merito
2989 3599 3192 3655 diaboli
3224 3601 3479 3656 servituti
3507 3617 3654 3656 mur—

2070 3694 2221 3765 tique
2248 3691 2430 3746 traditi
2469 3688 2790 3753 fuissemus,
2829 3690 3055 3744 omnino
3085 3691 3375 3759 oportebat
3417 3691 3648 3746 humani

2066 3786 2284 3856 generis
2311 3786 2374 3836 ad
2415 3784 2724 3837 libertatem
2766 3791 2823 3836 et
2851 3783 3015 3835 vitam
3049 3782 3285 3835 reditum
3318 3781 3442 3851 jure
3473 3797 3504 3836 a
3539 3784 3654 3838 Deo

2065 3877 2272 3948 perﬁci.
2315 3875 2510 3930 Verum
2541 3891 2648 3929 non
2677 3877 2844 3929 homo
2873 3883 3081 3928 tantum
3110 3874 3294 3928 divina
3321 3875 3535 3944 justitia
3563 3875 3645 3928 in-

2066 3969 2273 4023 videnti
2311 3969 2541 4022 traditus
2575 3967 2696 4030 fuit,
2748 3967 2842 4022 sed
2875 3967 3130 4022 diabolus
3165 3967 3329 4021 etiam
3371 3966 3645 4033 justitiam

2069 4062 2288 4132 quidem
2317 4062 2383 4115 ah
2415 4077 2474 4116 se
2499 4063 2618 4130 ipso
2645 4062 2872 4121 amovit,
2901 4059 3080 4114 factus
3113 4069 3295 4113 autem
3327 4061 3512 4128 inique
3544 4075 3656 4129 po-

2071 4156 2286 4210 testatis
2312 4163 2365 4206 ('l.
2393 4153 2787 4207 dominationis
2820 4169 2914 4207 seu
2947 4154 3127 4220 potius
3159 4153 3464 4223 tyrannidis
3496 4167 3655 4207 ama-

2071 4255 2180 4310 tor,
2203 4245 2473 4314 justitiam
2507 4245 2856 4316 imnugnans,
2889 4245 3208 4298 fortitudine
3244 4251 3432 4298 contra
3470 4243 3652 4297 homi-

2071 4353 2196 4394 nem
2215 4353 2346 4394 usus
2364 4335 2685 4392 est.Placutt
2700 4351 2830 4404 ergo
2851 4336 2958 4389 Deo
2971 4335 3124 4404 prius
3146 4334 3518 4404 perjustitiam
3539 4333 3654 4388 dia-

391 4425 482 4479 τοῦ
511 4424 799 4495 ἀνθρώπου
845 4424 1353 4495 ἐχρήσατο.Ἧρ-εσε
1371 4423 1500 4492 γοῦν
1519 4423 1596 4494 τῷ
1612 4423 1731 4496 Θεῷ
1750 4425 1961 4494 πρῶτον

2074 4429 2260 4484 bolum
2295 4428 2556 4498 dejicere,
2591 4427 2707 4495 ipsa
2738 4442 2862 4495 qua:
2906 4425 3037 4479 facit
3069 4435 3347 4482 evertens.
3381 4425 3654 4492 posterius

391 4524 452 4590 τῇ
488 4520 802 4590 δικαιοσύνῃ
826 4515 1239 4587 καταϐληθῆναι
1273 4516 1365 4568 τὸν
1393 4515 1664 4583 διάϐολον,
1697 4511 1845 4591 ᾗπερ
1870 4517 1967 4570 αὑ-

389 4615 477 4675 τός
510 4609 746 4664 διατελεῖ
780 4608 1113 4679 μαχόμενος·
1152 4605 1378 4676 ὕστερον
1400 4607 1455 4659 δὲ
1486 4610 1550 4676 τῇ
1587 4608 1842 4678 δυνάμει,
1877 4607 1966 4660 διά

391 4707 489 4771 τῆς
527 4701 873 4764 ἀναστάσεως
907 4701 999 4753 καὶ
1039 4700 1139 4768 τῆς
1178 4699 1476 4769 μελλούσης
1512 4702 1781 4768 κρίσεως·
1821 4697 1962 4768 αὕτη

391 4799 499 4866 γὰρ
537 4795 733 4864 ἀρίστη
761 4791 932 4854 τάξις,
969 4790 1332 4861 προηγεῖσθαι
1369 4791 1466 4860 τὴν
1491 4790 1838 4859 δικαιοσύνην
1867 4791 1966 4858 τῆς

391 4889 692 4958 δυνάμεως,
723 4885 818 4938 καὶ
863 4884 1021 4936 τοῦτο
1070 4882 1220 4945 Θείας
1254 4883 1329 4946 ὡς
1360 4882 1577 4951 ἀληθῶς
1616 4883 1710 4934 καὶ
1762 4881 1972 4951 ἀγαθῆς

390 4977 727 5038 δεσποτείας,
760 4972 878 5027 ἀλλ’
907 4976 966 5025 0-3
998 4972 1311 5043 τυραννίδος
1362 4973 1523 5042 ἔργον
1553 4975 1616 5041 τῇ
1650 4971 1970 5042 δικαιοσύνῃ

389 5092 488 5138 τεν
535 5071 761 5137 δύναμιν
812 5065 1062 5118 ἕπεσθαι.
1114 5065 1380 5133 Καθάπερ
1429 5064 1538 5132 γάρ
1579 5066 1605 5116 ό
1654 5065 1748 5116 ἀπ’
1797 5067 1970 5134 ἀρχῆς

390 5157 842 5229 ἀνθρωποκτόνος
878 5157 1056 5226 φθόνῳ
1093 5156 1187 5206 καὶ
1219 5155 1366 5222 μίσει
1401 5157 1521 5208 καθ’
1550 5156 1705 5226 ἡμῶν
1729 5157 1964 5227 ἐπήρθη,

389 5255 562 5315 οὕτως
591 5255 617 5303 6
651 5247 892 5318 ἁρχηγδς
922 5247 1018 5316 τῆς
1062 5245 1209 5314 ζωῆς
1241 5247 1517 5318 ὑπερϐολῇ
1557 5248 1968 5317 φιλανθρωπίας

391 5343 483 5395 ml.
515 5339 848 5409 ἁγαθότητος
873 5335 1010 5403 ὑπὲρ
1039 5336 1194 5403 ἡμῶν
1228 5335 1454 5406 ἐκινήθη
1477 5351 1489 5366 ·
1524 5338 1620 5388 καὶ
1663 5338 1732 5397 ὼ,
1765 5339 1972 5400 ἐκεῖνος

392 5439 593 5499 ἀδίκοις
618 5432 836 5503 ἠράσθη
873 5429 965 5498 τῆς
1008 5431 1283 5492 ἀπωλείας
1314 5431 1406 5482 τοῦ
1453 5431 1588 5483 Θεοῦ
1625 5432 1970 5501 πλάσματος,

389 5535 562 5590 οὔτως
613 5529 830 5584 ἐνδίκως
877 5526 902 5574 ὁ
937 5523 1148 5581 πλάσας
1197 5523 1412 5591 ἠρέσθη
1448 5523 1544 5588 τῆς
1571 5527 1841 5593 σωτηρίας
1875 5523 1969 5576 τοῦ

393 5619 966 5688 τίλασιουργὴματοςσ
1003 5617 1094 5666 καὶ
1124 5614 1196 5676 ὼς
1231 5617 1437 5678 ἐκεῖνος
1473 5615 1665 5686 ἀδικία.
1709 5620 1800 5670 καὶ
1832 5619 1969 5686 δόλῳ

468 5839 507 5866 ⁵⁸
529 5833 628 5889 Job
677 5849 809 5895 mi,
834 5831 888 5884 “2.
971 5832 1008 5861 ”
1033 5793 1176 5886 i’sal.
1208 5847 1262 5894 κ,
1293 5829 1345 5882 8.

2075 4537 2208 4580 vero
2239 4538 2333 4590 per
2371 4519 2668 4589 potentiam
2705 4520 2757 4572 iu
2798 4519 2887 4573 die
2913 4518 3342 4572 resurrectionis
3371 4515 3656 4585 iuturique

2069 4612 2265 4684 judieii
2295 4629 2309 4678 ;
2341 4627 2464 4681 qua:
2496 4611 2636 4666 ratio
2689 4610 2893 4675 optima
2921 4619 3008 4662 est
3043 4625 3058 4661 :
3091 4603 3361 4677 justitiam
3413 4617 3654 4676 potesta-

2079 4715 2187 4762 tem
2223 4705 2553 4774 praecedere,
2585 4712 2640 4758 et
2668 4703 2771 4756 hoc
2800 4717 2929 4755 vere
2957 4702 3160 4756 divina:
3187 4702 3454 4769 bonaeque
3483 4701 3662 4753 domi-

2075 4797 2338 4859 nationis,
2381 4813 2486 4850 uon
2513 4807 2697 4850 autem
2739 4794 3048 4865 tyrannidis
3107 4809 3248 4863 opus
3283 4811 3296 4846 :
3333 4787 3657 4861 potestatem

2075 4889 2228 4957 sequi
2256 4889 2552 4958 justitiam.
2587 4885 2722 4940 Nam
2751 4887 3224 4956 quemadmodum
3264 4885 3352 4938 illc
3385 4884 3476 4953 qui
3511 4896 3586 4935 est
3628 4900 3658 4936 a

2072 4981 2348 5050 principio
2392 4981 2693 5043 homicida,
2740 4980 2948 5034 invidia
2985 4987 3041 5032 et
3087 4979 3226 5033 odio-
3261 4980 3525 5032 adversus
3562 4992 3660 5030 nos

2072 5072 2354 5136 intumuit,
2389 5074 2464 5126 ita
2510 5072 2764 5142 princeps
2796 5071 2920 5126 vitae
2955 5070 3155 5126 eximia
3203 5071 3547 5139 benignitate
3608 5079 3663 5118 et

2078 5162 2320 5217 bonitate
2349 5180 2446 5232 pro
2497 5164 2655 5218 nobis
2688 5177 2872 5218 metus
2903 5161 3045 5224 fuit;
3088 5151 3143 5215 et
3171 5171 3315 5217 stent
3360 5162 3448 5212 ille
3477 5158 3666 5223 inique

2080 5257 2390 5325 perditione
2443 5269 2712 5311 creaturae
2770 5255 2860 5311 Dei
2914 5255 3220 5310 delectatus
3255 5263 3362 5317 est,
3405 5254 3475 5304 ita
3514 5251 3666 5316 juste

2082 5347 2334 5400 conditor
2392 5351 2616 5415 gavisus
2671 5358 2759 5403 est.
2789 5349 2968 5401 salute
3035 5347 3352 5414 plasmatis;
3415 5353 3467 5395 et
3521 5341 3664 5393 sic-nt

2085 5438 2173 5492 ille
2251 5437 2515 5506 injustitia
2579 5449 2633 5492 t-t
2705 5439 2832 5492 dolo
2893 5438 3174 5491 victoriam
3231 5436 3336 5488 sibi
3395 5433 3664 5486 hominis-

2080 5545 2184 5597 que
2245 5531 2458 5581 rniuam
2513 5539 2903 5598 (meralusesl,
2953 5529 3024 5581 ita
3080 5529 3340 5581 liberator
3405 5523 3458 5576 in
3501 5521 3667 5589 justi-

2081 5620 2154 5672 lia
2211 5622 2557 5689 asapientia
2619 5630 2938 5689 perpetuam
2972 5615 3356 5688 malignissittti
3415 5611 3662 5672 Cladclll»
