4046 6492
394 411 491 475 191
1543 366 1550 373 '
1621 417 2007 478 GREGORlI
2052 417 2138 476 PA
2149 418 2298 478 LAM
2313 418 2375 476 [Ε
3537 409 3633 475 132

388 523 730 594 proprimquc
756 536 1022 580 creatura:
1055 535 1466 582 renovattonent
1494 527 1744 598 patravit.
1783 527 1955 597 Igitur
1984 579 1989 590 λ

2093 526 2154 594 ἡν
2177 527 2336 595 νίκην
2362 524 2539 596 ἑαυτῷ
2556 525 2654 581 καὶ
2675 526 2775 596 τὴν
2802 525 2894 579 τοῦ
2938 524 3226 595 ἀνθρώπου
3264 519 3472 575 πτῶσιν
3500 538 3634 573 κατ-

389 619 542 686 prius
567 597 718 672 'Deus
742 620 926 673 omisit
959 623 1102 692 quod
1138 631 1375 692 poterat,
1409 631 1466 676 nt
1496 597 1639 691 quod
1671 622 1959 691 Oportebat

2099 619 2322 690 πραξεν,
2365 619 2534 681 οὕτως
2576 621 2606 672 6
2657 618 3034 688 ἐλευθερωτής
3085 618 3142 669 ὲν
3191 612 3511 682 δικαιοσύνῃ
3542 611 3639 663 καὶ

391 710 546 778 prius
583 710 845 768 enicet-et.
882 713 1088 767 Exinde
1116 713 1429 784 praeclarior
1457 713 1596 768 facta
1632 722 1716 768 est
1751 713 1958 780 iustitia

2093 712 2232 781 ςοφίᾳ
2267 713 2365 779 τὴν
2394 706 2563 782 ἧτταν
2609 713 2689 773 είς
2717 712 2871 774 τέλος
2908 708 3002 761 τοῦ
3049 707 3361 779 ἀρχεκάκου
3404 704 3498 757 καὶ
3539 701 3640 771 τὴν

391 802 460 854 ab
485 817 548 854 eo
590 803 684 871 qui
720 803 1139 872 insuperabilem
1192 814 1514 874 potestatem
1555 805 1717 858 habet
1750 819 1956 874 prmpo-

2093 803 2411 857 ινακαίνισιν
2463 803 2556 856 τοῦ
2605 805 2808 856 οἰκείου
2870 800 3222 870 ἐξείργασται
3293 795 3638 862 πλάσματος.

392 894 518 958 sita,
559 895 806 949 homines
832 911 959 949 vero
983 897 1198 950 discere
1216 897 1786 965 Oportebatjustitiam
1815 910 1962 951 nunc

2093 895 2378 966 Ῑαρέλιπεν
2425 891 2520 948 οῦν
2569 898 2597 948 6
2645 895 2778 958 Θεὸς
2819 895 3084 964 πρότερον
3113 892 3251 962 ὅπερ
3276 888 3532 971 ἠδύνατο,
3577 881 3646 936 ἵν’

391 997 490 1053 per
522 1000 687 1054 Opera
725 988 778 1040 in
841 998 1087 1056 tempore
1123 988 1477 1042 mortalitatis
1513 987 1779 1057 proferre,
1806 997 1868 1042 ut
1905 989 1960 1042 iu

2097 1005 2202 1057 περ
2250 990 2416 1058 ἐχρῆν
2457 988 2729 1059 ὲνεργήσῃ
2779 986 3064 1056 πρότερον.
3110 979 3558 1051 Περιφανεστέρα
3587 976 3647 1028 δὲ

393 1083 636 1143 tempore
668 1077 1116 1144 immortalitatis,
1145 1089 1412 1148 potestate
1442 1080 1820 1149 accepta,jam
1848 1094 1958 1135 non

2093 1080 2361 1132 τάντεῦθεν
2414 1078 2792 1148 ὴδικαιοσύνη
2841 1077 3031 1144 γέγονε
3071 1072 3435 1145 προκριθεῖσα
3488 1066 3644 1138 παρὰ

395 1167 750 1223 amittendam
786 1171 1116 1239 possideant.
1496 1231 1503 1235 _

2093 1169 2163 1222 τοῦ
2221 1169 2451 1238 δύναμιν
2489 1170 2759 1240 ἀήττητον
2801 1167 3054 1237 ἔχοντοςο
3102 1162 3418 1234 διδαχθῆναι
3463 1160 3520 1213 δὲ
3550 1158 3651 1214 καὶ

393 1263 520 1321 τοὺς
559 1264 879 1333 ἀνθρώπους
934 1267 1040 1318 ἔδει
1089 1265 1188 1337 τὴν
1233 1265 1584 1336 δικαιοσύνην
1630 1266 1868 1321 ἐνταῦθα
1905 1265 1972 1319 δι’
2005 1265 2183 1336 ἔργων
2213 1267 2272 1318 ὲν
2298 1265 2378 1334 τῷ
2427 1263 2607 1334 καερῷ
2649 1264 2748 1333 τῆς
2812 1262 3139 1334 θνητότητος
3211 1253 3653 1311 ἐπιδείκνυσθαι»
3756 1245 3766 1256 ’

398 1355 466 1408 ἶν’
499 1357 556 1406 ὲν
580 1354 658 1425 τῷ
687 1357 866 1428 καιρῷ
899 1357 997 1426 τῆς
1034 1358 1334 1423 ἀθανασίας
1377 1358 1478 1428 τὴν
1521 1358 1754 1428 δύναμιν
1785 1356 2060 1422 λαϐόντες,
2093 1354 2468 1426 ἀναπόϐλητον
2495 1356 2680 1426 ἔχωσι.

475 1444 740 1500 Praeterea
790 1449 1079 1517 oportebat
1111 1448 1401 1514 victorem,
1437 1451 1580 1504 victa
1625 1459 1843 1514 natura,
1877 1448 1970 1502 de-

2143 1447 2287 1518 Πρδς
2320 1447 2376 1500 δὲ
2399 1448 2610 1510 τούτοις
2645 1447 2753 1499 ἔδει
2787 1445 2882 1498 καὶ
2920 1442 3028 1497 ὑπὸ
3055 1442 3154 1510 τῆς
3191 1439 3508 1508 νικηθείσης
3541 1437 3650 1506 φύε

399 1538 565 1590 v'mei.
597 1538 722 1592 ldeo
752 1539 1032 1607 oportebat
1055 1553 1105 1594 et
1133 1543 1506 1596 necessarium
1540 1551 1658 1596 erat
1693 1540 1969 1594 hominem

2093 1556 2212 1601 rem;
2247 1537 2538 1607 νικηθῆναι
2570 1538 2662 1590 τὸν
2695 1538 3021 1604 νικήσαντα,
3058 1536 3149 1587 καὶ
3177 1531 3654 1600 κατασοφισθῆναι

401 1627 553 1682 nasci
600 1630 807 1696 peccati
858 1640 1158 1698 expertem.
1198 1630 1313 1688 Hoc
1343 1643 1524 1686 autem
1567 1641 1687 1688 erat
1720 1630 1974 1702 impossi-

403 1719 531 1774 bile.
573 1718 746 1773 Nemo
774 1720 946 1781 enim.
979 1720 1057 1775 ait
1090 1720 1396 1792 Scriptura,
1435 1723 1554 1778 sine
1584 1734 1827 1792 peccato,
1863 1721 1968 1776 etsi

2073 1631 2168 1683 τὸν
2217 1631 2745 1700 κατασοφισάμενον.
2782 1627 2883 1680 Διὰ
2913 1629 3071 1680 τοῦτο
3115 1625 3222 1678 ἔδει
3255 1640 3315 1677 τε
3347 1624 3442 1675 καὶ
3488 1623 3658 1690 άναγ-

2077 1726 2232 1778 καῖον
2282 1717 2353 1793 ἦν
2401 1723 2690 1791 ἄνθρωπον
2744 1719 2999 1788 γενέσθαι
3060 1717 3342 1787 ἁμαρτίας
3385 1715 3660 1783 ἄγευστον

404 1824 508 1860 una
539 1809 657 1864 dies
681 1811 789 1864 vita
818 1810 999 1876 illius;
1032 1819 1086 1866 et
1118 1829 1132 1866 :
1172 1813 1338 1880 «Quis
1368 1823 1543 1885 potest
1565 1815 1747 1870 dicere
1779 1833 1790 1866 :
1823 1813 1970 1869 Mun-

2093 1816 2352 1885 :aép.svov.
2404 1813 2576 1868 Τοῦτο
2637 1812 2694 1866 δὲ
2750 1811 2861 1864 τῶν
2913 1810 3193 1864 ἀδυνάτων
3235 1805 3304 1880 ἦν
3329 1824 3345 1840 ⁶
3394 1825 3412 1858 ι
3465 1806 3657 1869 Οὐδεὶς

403 1900 533 1953 dum
569 1910 653 1954 est
686 1917 782 1956 cor
807 1917 988 1957 meum
1018 1904 1106 1958 ’⁸1
1136 1905 1203 1958 Ει
1240 1906 1420 1960 nullus
1449 1907 1568 1961 sine
1594 1915 1821 1976 peccato
1861 1907 1970 1961 nisi

407 1987 577 2045 Dens.
612 1988 739 2044 Ideo
772 1990 1036 2057 Verbum,
1088 1997 1153 2049 de
1189 1995 1296 2050 Deo
1325 1994 1487 2061 Deus,
1525 2011 1592 2051 ex
1627 1998 1715 2051 illo
1748 1997 1972 2067 quidem

404 2085 475 2136 ab
499 2093 702 2138 aeterno
733 2084 1057 2153 procedens,
1093 2087 1366 2142 exsistens
1396 2099 1578 2144 autem
1608 2091 1661 2143 in
1691 2090 1822 2155 illo;
1847 2107 1972 2146 nam

405 2173 531 2239 quis
564 2175 727 2229 Deum
789 2178 909 2233 sine
946 2176 1128 2235 Verbo
1161 2183 1471 2254 excogitare
1503 2186 1732 2253 posset?
1760 2200 1973 2240 necnon

405 2281 552 2320 unus
580 2281 706 2322 cum
743 2283 810 2324 eo
850 2270 994 2326 Deus
1029 2272 1270 2328 :etenim
1303 2273 1437 2330 solis
1478 2273 1640 2342 iubar
1669 2275 1850 2328 lumen
1891 2275 1974 2328 al-

411 2370 585 2429 terum
621 2369 814 2430 praater
846 2364 1018 2418 solem
1058 2380 1163 2419 non
1198 2363 1350 2431 facit,
1395 2381 1568 2436 neque
1617 2367 1751 2422 solis
1787 2367 1976 2420 radius

406 2451 551 2503 alius
584 2459 670 2506 est
731 2451 813 2506 sol
847 2462 1038 2522 praeter
1073 2469 1198 2509 eum
1259 2457 1351 2525 qui
1407 2457 1558 2511 solus
1617 2457 1974 2526 splendescit.

412 2540 537 2594 Ideo
568 2541 715 2595 solus
749 2543 869 2596 sine
896 2555 1119 2610 peccato
1153 2541 1326 2600 Filius
1357 2545 1449 2600 Dei
1482 2554 1551 2601 ‘et
1590 2545 1826 2601 Verbum
1892 2544 1983 2601 Fi-

412 2629 519 2684 lius
550 2630 789 2686 hominis
823 2631 998 2688 factus
1027 2645 1136 2698 est,
1167 2635 1467 2690 secundum
1497 2636 1840 2691 divinitatem
1855 2637 1980 2700 ,imo

413 2727 716 2790 mutabilis,
742 2728 1043 2783 secundum
1079 2730 1471 2786 humanitatem
1531 2731 1982 2800 irreprehensibi-

411 2817 502 2870 lis.
537 2835 556 2867 ι
584 2816 712 2882 Qui,
738 2817 879 2873 sicut
906 2819 1157 2887 pradixit
1191 2820 1358 2876 Isaias
1381 2822 1445 2886 ",
1476 2831 1755 2891 peccatum
1783 2837 1886 2876 nm:
1907 2822 1985 2878 fe-

413 2907 513 2967 rit.
549 2922 647 2961 nec
672 2908 924 2964 inventus
950 2919 1033 2964 est
1060 2910 1217 2967 dolus
1245 2911 1300 2966 in
1330 2927 1424 2966 ore
1453 2913 1596 2982 ejus.
1641 2932 1659 2966 ι
1697 2913 1800 2978 Qui
1837 2913 1986 2969 insu-

415 3012 512 3053 t-er
543 2999 693 3053 solus
725 2999 776 3052 in
823 2999 1210 3070 iniquitatibus
1247 3017 1354 3056 non
1387 3003 1489 3057 fuit
1519 3011 1838 3068 conceptus,
1884 3019 1986 3060 nec

413 3085 472 3142 in
505 3089 744 3156 peccatis
774 3099 931 3146 utero
977 3101 1244 3162 gestatus,
1276 3103 1436 3164 prout
1467 3094 1522 3149 in
1551 3093 1782 3152 Psalmis
1813 3096 1980 3153 David

2078 1908 2210 1978 γὰρ,
2259 1908 2292 1978 ἠ
2323 1907 2517 1976 Γραφή
2540 1922 2727 1976 φησιν,
2767 1904 3175 1973 ἀναμάρτητος,
3215 1901 3324 1954 οὐδ’
3366 1900 3434 1955 ἂν
3466 1902 3562 1969 μία
3595 1901 3662 1970 ή-

2081 2001 2224 2068 μέρα
2251 1999 2284 2070 ἠ
2315 1997 2428 2069 ζωὴ
2456 1999 2647 2051 αὐτοῦ’
2686 2015 2706 2049 ι
2754 2014 2774 2048 ι
2815 1997 2932 2058 καὶ,
2963 1996 3088 2058 «Τίς
3122 1993 3460 2063 καυχήσεται
3484 1991 3659 2060 ἁγνὴν

2077 2089 2223 2160 ἔχειν
2251 2089 2349 2158 τὴν
2378 2088 2609 2159 καρδίαν
2635 2104 2652 2153 ;
2693 2107 2710 2139 ι
2749 2087 2860 2139 Καὶ
2894 2086 3067 2148 οὐδεὶς
3093 2087 3481 2153 ἀναμάρτητος
3503 2085 3552 2135 εί
3579 2080 3658 2152 μὴ

2078 2175 2160 2243 εἷς
2199 2181 2226 2232 6
2271 2179 2427 2242 Θεός.
2461 2181 2558 2232 Δια
2594 2180 2764 2232 ταῦτα
2804 2181 2832 2232 6
2881 2181 2943 2232 ἐκ
2991 2177 3126 2230 Θεοῦ
3170 2176 3305 2238 Θεὸς
3354 2175 3549 2242 Λόγος,
3597 2173 3658 2240 ἐξ

2083 2268 2296 2321 ἐκείνου
2330 2267 2430 2337 μὲν
2461 2268 2518 2334 ἐξ
2547 2267 2715 2321 άῖδίου
2754 2267 2850 2331 ὢν,
2904 2268 3040 2320 ἀλλὰ
3088 2267 3184 2320 καὶ
3235 2266 3294 2318 ἑν
3334 2265 3568 2335 ἐκείνῳ·
3596 2265 3659 2317 ού

2079 2359 2190 2428 γάρ
2219 2358 2366 2412 ἐστιν
2396 2359 2507 2412 οὐδ’
2538 2360 2792 2429 ἐννοῆσαί
2839 2375 2970 2412 ποτε
2995 2358 3127 2410 Θεὸν
3158 2358 3388 2425 ἄλογον⁸
3429 2357 3526 2410 καὶ
3565 2356 3662 2410 σὺν

2079 2451 2296 2520 εκείνῳ,
2354 2444 2437 2514 εἷς
2486 2450 2620 2513 Θεὸς
2675 2451 2976 2521 ὐπάρχωνί·
3017 2449 3137 2503 οὐδὲ
3171 2447 3282 2519 γάρ
3326 2448 3388 2501 τὸ
3433 2448 3662 2518 ἡλιακὸν

2081 2541 2427 2610 ἀπαύγασμα
2459 2543 2577 2610 φῶς
2605 2543 2694 2596 ἓτε
2705 2560 2798 2612 ρον
2845 2543 2998 2612 παρὰ
3027 2540 3119 2595 τὸν
3141 2540 3318 2611 ἥλιον,
3360 2539 3486 2619 οὐδὲ
3509 2540 3542 2608 ἡ
3565 2537 3662 2592 τοῦ

2081 2631 2232 2701 ἡλίου
2275 2633 2434 2696 ἀκτὶς
2479 2633 2666 2704 ἕτερός
2713 2636 2861 2688 ἐστιν
2899 2634 3054 2704 ἥλιος
3084 2632 3236 2703 παρὰ
3268 2630 3360 2685 τὸν
3399 2631 3522 2686 ἕνα.
3561 2630 3665 2684 Διὰ

2079 2722 2253 2777 ταῦτα
2285 2725 2464 2778 τοίνυν
2492 2727 2519 2780 6
2556 2728 2716 2796 μόνος
2758 2727 3142 2796 ἀναμάρτητος
3194 2725 3326 2788 Υίδς
3369 2724 3464 2778 καὶ
3490 2723 3663 2791 Λόγος

2081 2815 2176 2868 τοῦ
2193 2815 2328 2869 Θεοῦ
2352 2816 2484 2880 Υίδς
2529 2817 2819 2888 ἀνθρώπου
2845 2817 3075 2886 γίνεται,
3113 2818 3258 2871 κατὰ
3291 2815 3390 2886 τὴν
3430 2815 3666 2884 θεότητα

2081 2906 2375 2976 ἄτρεπτος,
2408 2907 2550 2962 κατά
2579 2908 2677 2973 τὴν
2717 2907 3118 2979 άνθρωπότητα
3164 2909 3412 2980 άμεπτος
3433 2925 3449 2941 ο
3483 2926 3504 2961 ι
3539 2910 3664 2974 Ὃς,

2082 2998 2337 3069 καθάπερ
2355 2999 2567 3068 φθάσας
2587 2999 2813 3062 Ἡσαΐας
2840 3000 3362 3072 προεμαρτύρησεν,
3389 3000 3668 3070 ἁμαρτίαν

2084 3086 2188 3140 οὐκ
2216 3087 2498 3158 ἐποίησεν,
2531 3087 2653 3142 οὐδὲ
2691 3089 2892 3161 εὑρέθη
2915 3089 3067 3155 δόλος
3100 3093 3159 3145 ιν
3197 3090 3273 3159 τῷ
3305 3090 3536 3160 στόματι
3563 3089 3670 3143 αύ-

417 3181 484 3232 «ίε
515 3178 834 3249 semetipso.
871 3196 966 3236 seu
1000 3183 1184 3251 potius
1223 3183 1292 3240 de
1355 3186 1598 3254 quolibet
1643 3188 1864 3243 homine
1902 3196 1985 3243 te-

2093 3176 2209 3232 τοῦ.
2257 3195 2276 3229 ι
2306 3178 2419 3232 Καὶ
2447 3177 2509 3232 οὐ
2555 3177 2716 3232 τοῦτο
2757 3178 2940 3250 μόνον,
2988 3181 3108 3236 ἀλλ’
3133 3180 3193 3244 δς
3225 3181 3386 3252 μόνος
3431 3182 3490 3233 ὲν
3517 3178 3668 3234 ’άνοο

419 3275 599 3322 s'atus
625 3279 730 3324 est.
753 3268 885 3324 Nam
913 3273 1096 3327 carnis
1123 3273 1327 3329 ercetio
1357 3291 1479 3330 cum
1498 3277 1571 3331 sit
1591 3286 1778 3333 contra
1803 3277 1991 3332 volun-

419 3363 587 3411 tatem
626 3371 921 3430 aperteque
950 3361 1051 3428 legi
1091 3366 1292 3420 mentis
1323 3365 1623 3430 obsistens,
1657 3367 1760 3423 etsi
1794 3385 1822 3422 a
1857 3384 1992 3425 con-

421 3448 728 3505 tinentibus
778 3451 832 3505 in
886 3453 1206 3508 servitutem
1261 3454 1314 3509 vi
1352 3455 1632 3524 redigatur
1663 3467 1719 3514 et
1771 3470 1994 3528 propter

421 3540 594 3594 solum
633 3543 1039 3610 generationem
1097 3545 1268 3614 prolis
1327 3546 1661 3613 intendatur,
1721 3550 1988 3619 prolatam

423 3641 609 3685 tamen
645 3646 676 3685 a
698 3633 967 3702 principio
1001 3633 1408 3690 damnationem
1453 3638 1680 3706 patitur,
1705 3653 1831 3693 eum
1867 3655 1989 3694 cor-

429 3723 618 3789 ruptio
643 3723 712 3775 sit
736 3731 792 3776 et
825 3723 1058 3789 dicatur,
1093 3739 1304 3780 necnon
1337 3725 1402 3779 ad
1429 3727 1837 3797 corruptionem
1868 3746 1988 3784 om-

427 3811 559 3864 nino
594 3821 838 3880 generet,
877 3813 1280 3880 vehemensque
1305 3814 1398 3867 ﬁat
1421 3823 1600 3870 tnotus
1633 3815 1732 3868 ιὶι·ἰ
1765 3816 1990 3872 minime

428 3899 656 3956 scientis
702 3902 964 3956 honorem
1009 3919 1171 3972 quem
1208 3916 1395 3958 nostra
1429 3919 1460 3960 a
1495 3905 1604 3961 Deo
1626 3905 1862 3963 obtinuit
1896 3922 1994 3963 na-

431 4000 571 4052 tura,
599 3992 862 4060 jumentis
891 4008 1019 4048 vero
1051 3995 1358 4050 assintilati.

2089 3269 2242 3340 μίαις
2299 3269 2362 3322 οὐ
2417 3269 2748 3340 συνελήφθη,
2802 3271 2911 3325 οὐδ’
2961 3272 3020 3326 ἑν
3073 3272 3376 3342 ἁμαρτίαις
3430 3271 3668 3342 ἑκυήθη,

2087 3357 2343 3428 καθάπερ
2371 3359 2431 3413 ιν
2471 3359 2728 3429 Ψαλμοῖς
2764 3361 2792 3414 6
2840 3361 3004 3415 Δαϐὶδ
3041 3362 3171 3431 περὶ
3209 3360 3429 3427 ἑαυτοῦ,
3463 3360 3670 3432 μᾶλλον

2087 3450 2146 3506 δὶ
2183 3450 2389 3514 παντὸς
2413 3449 2706 3522 ἀνθρώπου
2746 3454 3032 3524 μαρτυρεῖ.
3075 3452 3143 3507 Ἦ
3178 3454 3288 3522 γὰρ
3323 3453 3424 3522 τῆς
3461 3453 3670 3524 σαρκὸς

2093 3543 2470 3606 ιπανάστασις
2517 3543 2771 3608 ἀκούσιος
2808 3539 2966 3610 οὖσα,
3009 3545 3106 3599 καὶ
3133 3543 3670 3617 άντιστρατευομὲνη

2090 3635 2342 3705 φανερῶς
2385 3635 2462 3705 τῷ
2493 3635 2643 3705 νόμῳ
2674 3635 2768 3689 τοῦ
2813 3636 2955 3700 νοὸς,
2992 3639 3039 3690 εί
3080 3638 3175 3692 καὶ⁸
3221 3637 3376 3708 παρὰ
3406 3637 3518 3690 τῶν
3559 3653 3672 3689 σω-

2092 3726 2434 3795 φρονούντων
2458 3726 2549 3797 βίᾳ
2567 3727 3012 3796 δουλαγωγετται,
3033 3729 3129 3782 καὶ
3151 3729 3290 3798 πρὸς
3321 3726 3672 3782 παιδοποιίαν

2107 3817 2266 3886 μόνον
2305 3817 2535 3879 ἀνίεται,
2577 3818 2712 3871 ἀλλὰ
2743 3818 2842 3887 τὴν
2873 3819 2968 3871 ἀπ’
2991 3819 3163 3890 ἀρχῆς
3197 3819 3464 3886 ἐπάγεται
3495 3834 3673 3871 κατα-

2097 3906 2273 3978 δίκην,
2314 3908 2489 3979 φθορά
2519 3904 2655 3963 οῦσά
2680 3926 2742 3962 τε
2777 3909 2871 3963 καὶ
2897 3908 3191 3979 λεγομένη,
3233 3911 3326 3963 καὶ
3365 3910 3504 3979 πριες
3535 3907 3673 3976 φθο-

2108 4001 2211 4070 ρὰν
2251 4001 2473 4065 πάντως
2513 4000 2781 4069 γεννῶσα,
2813 4000 2926 4073 85
2975 4002 3073 4054 atat
3118 4001 3214 4055 τοῦ
3265 4002 3341 4074 μὴ
3374 4000 3677 4064 συνειδότος

434 4082 532 4152 τὴν
567 4082 753 4154 τιμὴν,
783 4083 850 4152 ἢν
881 4083 1034 4153 ἡμῶν
1067 4085 1098 4154 ἡ
1125 4085 1289 4155 φύσις
1312 4087 1470 4157 ἔλαχε
1499 4087 1646 4158 παρὰ
1672 4085 1830 4154 Θεοῦ,
1863 4085 1997 4141 ἀλλὰ
2033 4088 2145 4152 τοῖς
2177 4090 2435 4160 κτήνεσιν
2501 4088 2860 4157 ὁμοιωθέντος
2888 4088 3140 4160 ἐμπαθὴς
3185 4089 3506 4162 ὑπάρχουσα
3587 4089 3676 4142 κί-

431 4192 608 4244 νησις.

504 4269 798 4338 Propterea
824 4282 932 4322 non
961 4277 1174 4322 tantum
1210 4269 1352 4324 Deus
1373 4268 1552 4325 tactus
1577 4278 1662 4326 est
1686 4269 1875 4333 homo.
1900 4269 1996 4326 sed

433 4361 599 4414 etiam
624 4376 688 4414 ex
724 4370 909 4415 sancta
933 4359 1174 4428 Virgine,
1199 4371 1252 4414 et
1280 4361 1504 4431 Virgine
1551 4361 1709 4418 [tedis
1741 4377 1809 4416 ex
1833 4376 1999 4416 carne

2102 4266 2274 4328 έδεΔιά
2303 4265 2460 4320 τοῦτο
2486 4265 2548 4319 οὐ
2591 4266 2754 4335 μόνον
2785 4266 2918 4332 Θεὸς
2953 4267 3014 4320 ἑν
3042 4266 3376 4338 ἀνθρώποις,
3401 4266 3538 4322 ἀλλά
3580 4263 3677 4321 καὶ

2101 4355 2168 4410 ἐκ
2211 4356 2492 4426 Παρθένου
2549 4355 2732 4424 άγίας,
2777 4357 2874 4410 καὶ
2922 4358 3353 4428 μεμολυσμόνων
3397 4355 3678 4428 λογισμῶν

432 4449 856 4520 cogitationibus
889 4451 1047 4520 longe
1071 4451 1413 4519 praecellente
1441 4453 1739 4508 secundum
1765 4453 1989 4524 prephe-

2101 4448 2212 4502 τῶν
2239 4449 2303 4501 ὲκ
2336 4450 2440 4516 τῆς
2479 4448 2684 4518 σαρκὸς
2714 4449 2994 4520 άνωτέρας
3032 4449 3172 4502 κατὰ
3207 4449 3342 4512 τοὺς
3386 4450 3679 4519 προφήτας

436 4552 524 4596 tas
551 4552 714 4597 natus
743 4552 827 4596 est
870 4542 1031 4611 cujus
1061 4542 1478 4612 conceptionem
1553 4544 1731 4598 sancti
1761 4541 2001 4612 Spiritus

436 4633 810 4693 obumbratio.
846 4649 951 4688 non
984 4634 1169 4689 carnis
1199 4635 1402 4688 creavit
1432 4634 1636 4688 erectio
1665 4650 1680 4698 ;
1709 4631 2002 4688 annuntia-

437 4727 512 4781 tio
541 4725 782 4792 fidesque
811 4723 978 4781 Deum
1013 4723 1320 4779 inhabitare
1345 4723 1494 4785 iecit,
1523 4724 1747 4777 minime
1775 4737 2001 4778 ascensa

435 4830 616 4884 neque
650 4824 856 4870 tentata
888 4816 1188 4886 voluptatis
1212 4815 1681 4883 concupiscentia.
1713 4813 1816 4868 Ista
1850 4813 2000 4868 enim

435 4911 653 4980 penitus
683 4908 880 4968 ablata,
915 4908 1159 4962 oratione
1189 4915 1245 4960 et
1270 4907 1468 4976 gaudio
1507 4903 1790 4974 Spiritali:
1819 4925 1837 4958 ι
1866 4905 2002 4961 Ecce

433 5001 634 5056 ancilla
655 5001 895 5065 Domini,
911 4998 1467 5055 ﬂatmihisceundum
1483 4997 1706 5052 verbum
1731 4997 1994 5064 tuum'°,i

435 5096 518 5152 ait
559 5097 626 5151 ad
679 5095 934 5151 nuntium
971 5092 1223 5162 angelum
1275 5088 1442 5159 Virgo
1482 5091 1826 5155 intemerata,
1853 5106 2001 5161 quat,

435 5205 560 5244 cum
592 5187 954 5255 concepisset,
1016 5184 1268 5254 peperit;
1310 5183 1382 5237 ita
1420 5191 1481 5237 ut
1543 5181 1716 5238 victor
1767 5183 1996 5249 diaboli,

439 5282 604 5336 homo
639 5281 893 5348 Deusque
925 5279 1114 5340 simul,
1163 5275 1410 5330 traheret
1442 5285 1692 5328 naturam
1729 5284 1938 5329 tantum
1973 5290 2004 5329 a

439 5386 659 5442 genere,
690 5371 1078 5443 minimevero
1127 5377 1435 5436 peccatum,
1474 5369 1622 5422 solus
1653 5382 1717 5420 ex
1750 5367 2006 5422 omnibus

442 5480 549 5519 non
576 5464 629 5516 in
657 5461 944 5530 iniquitate
966 5470 1284 5530 conceptus,
1318 5476 1490 5532 neque
1519 5461 1573 5515 in
1606 5460 1844 5530 peccatis
1871 5474 2004 5511 ven-

442 5565 528 5610 tre
557 5563 819 5624 gestatus,
851 5551 1130 5620 voluptate
1181 5552 1398 5608 scilicet
1429 5561 1482 5607 et
1531 5552 1786 5622 passione
1822 5549 2008 5603 carnis

446 5645 808 5713 turpibusque
839 5642 1264 5711 cogitationibus
1315 5654 1522 5698 natura:
1577 5659 1638 5696 cx
1696 5652 2005 5711 transgres-

523 5818 568 5852 "
598 5820 760 5875 Prov.
796 5837 885 5888 xx,
922 5821 975 5876 9.
1055 5822 1096 5855 "
1122 5823 1225 5879 lsa.
1253 5839 1367 5885 ιλιι,
1414 5825 1485 5889 9;
1523 5821 1538 5876 I
1568 5823 1710 5878 l'et».
1748 5838 1807 5882 ιι,
1840 5820 1930 5872 ‘22.

2101 4541 2362 4609 γεννᾶται
2412 4539 2717 4611 Παρθένου,
2772 4534 2843 4608 ἧς
2871 4542 2969 4611 τὴν
3013 4539 3277 4610 σύλληψιν
3311 4541 3470 4609 ἁγίου
3507 4541 3682 4594 Πνεύ-

2103 4649 2273 4703 ματος
2327 4633 2648 4710 ἐπελευσις,
2697 4631 2760 4688 οὒ
2821 4632 3027 4704 σαρκὸς
3088 4634 3395 4703 ἐπήνεγκεν
3454 4633 3658 4704 δρεξις.

2100 4724 2518 4794 εὐαγγελισμδς]
2557 4725 2651 4778 καὶ
2704 4725 2888 4789 πίστις
2925 4724 3064 4779 Θεοῦ
3109 4724 3393 4794 ὲνδημίας,
3439 4724 3558 4779 ἀλλ’
3615 4725 3678 4778 οὐ

2103 4817 2509 4884 συγκατάθεσις
2535 4817 2633 4870 καὶ
2671 4819 2834 4886 πεῖρα
2857 4816 3137 4883 ὲμπαθοῦς
3158 4815 3457 4888 ἐπιθυμίας
3490 4821 3678 4886 προειο

2101 4909 2276 4978 ληφε·
2316 4909 2524 4978 ταύτης
2565 4911 2674 4980 γὰρ
2725 4910 3005 4975 παντελῶς
3059 4909 3477 4981 ἀπῳκισμένης,
3509 4915 3681 4981 προσ-

2106 5002 2360 5071 ευχῇκαὶ
2395 5001 2634 5070 θυμηδίᾳ
2669 5003 3012 5070 πνευματικῇ
3061 5018 3077 5033 ο
3111 5020 3129 5052 ι
3155 5000 3286 5054 Ἰδοὺ
3319 5001 3428 5071 γὰρ
3456 5002 3488 5072 ή
3518 5002 3680 5074 δούλη

2109 5093 2342 5159 Κυρίου,
2366 5092 2578 5160 γένοιτό
2617 5109 2708 5161 μοι
2732 5091 2875 5145 κατὰ
2901 5091 2960 5144 τδ
2987 5092 3139 5161 ῥῆμά
3181 5109 3298 5155 σου,
3348 5111 3369 5146 ›
3415 5092 3554 5164 πρὸς
3589 5094 3682 5146 τὸν

2110 5184 2510 5253 εὐαγγελιστὴν
2561 5183 2791 5250 ἄγγελον
2858 5185 2892 5252 ἡ
2946 5185 3174 5247 ἄσπιλος
3236 5183 3512 5254 Παρθένος
3553 5185 3679 5254 ἔφη,

2115 5266 2458 5329 συλλαϐοῦσα
2513 5291 2574 5328 τε
2605 5276 2961 5344 γεγέννηκενο
3025 5275 3098 5338 ὡς
3148 5277 3214 5330 ἂν
3246 5279 3273 5330 ό
3302 5275 3396 5330 τοῦ
3436 5277 3684 5331 διαϐόλου

2113 5366 2360 5438 νικητὴς,
2389 5365 2676 5435 ἄνθρωπος
2721 5367 3072 5437 θεάνθρωπος
3103 5365 3204 5430 ὢν,
3238 5371 3333 5422 τοῦ
3367 5368 3558 5436 γένους
3591 5367 3688 5438 μό-

2117 5476 2227 5522 νον,
2261 5456 2373 5509 ἀλλ’
2405 5457 2527 5524 οὐχὶ
2559 5457 2650 5508 καὶ
2705 5457 2802 5524 τῆς
2854 5457 3125 5527 ἁμαρτίας
3173 5457 3308 5529 ἕλκῃ
3360 5456 3461 5528 τὴν
3487 5456 3645 5526 ῥίζαν
3667 5470 3685 5486 ·

2120 5551 2279 5620 μόνος
2304 5549 2561 5601 ἁπάντων
2589 5549 2690 5600 οἰκ
2724 5549 2783 5600 ὲν
2811 5549 3063 5617 άνομίαις
3095 5549 3445 5619 συλληφθεὶς,
3482 5547 3592 5601 οὐδ’
3627 5548 3688 5601 ὲν

2118 5640 2418 5710 ἁμαρτίαις
2450 5639 2702 5704 κυηθεὶς,
2730 5639 2890 5710 ἡδονῇ
2920 5639 3122 5711 δηλαδὴ
3153 5639 3358 5710 σαρκὸς
3379 5637 3472 5692 καὶ
3495 5635 3683 5704 πάθει,

2013 5819 2054 5849 ¹⁶
2081 5817 2216 5878 Luc.
2250 5829 2289 5880 1,
2323 5813 2412 5867 53.
