4046 6458
400 366 501 433 193

1769 364 2099 427 HOMILIA
2137 372 2286 437 XVI.

3550 378 3660 449 194

354 484 494 537 ,καὶ
525 480 792 554 ῥυπαροῖς
846 478 1129 550 λογισμοῖς
1188 478 1287 550 τῆς
1334 477 1401 532 ἐκ
1454 477 1556 547 τῆς
1606 475 1979 547 παραϐάσεως

2085 481 2243 537 sione
2270 485 2489 554 politum
2515 503 2531 551 ;
2558 497 2615 542 ut
2640 497 2781 543 CSSCI
2812 489 3119 547 secundum
3144 500 3313 547 totam
3353 494 3462 549 vim
3507 501 3663 552 vocis

401 571 782 645 μεμιασμένης
838 571 1056 640 φύσεως
1076 586 1091 601 ο
1125 568 1202 631 ὡς
1235 569 1301 622 ἂν
1347 565 1383 642 ᾗ
1428 568 1692 623 καὶκατὰ
1716 567 1777 620 τὸ
1806 566 1974 637 πρόσ-

399 664 592 734 λημμα
615 662 839 724 τελείως
871 662 1114 732 καθαρὸς
1150 662 1247 715 καὶ
1275 662 1599 731 ἀμόλυντος,
1630 660 1723 712 καὶ
1757 659 1831 729 μὴ
1856 659 1979 712 κατ’

399 754 531 809 αὐτὸ
558 755 628 808 δι’
656 755 822 809 αὐτὸν
850 753 1167 824 καθαρσίων
1211 754 1492 823 δεόμενος,
1533 752 1671 805 ἀλλὰ
1702 751 1773 804 δι’
1828 749 1978 820 ἡμᾶς

401 847 468 902 τά
513 848 690 902 πάντα
749 844 933 915 σοφῶς
972 846 1294 915 δεχόμενοςο
1337 844 1433 898 καὶ
1476 842 1619 896 οὕτω
1646 843 1764 906 νέος
1810 841 1979 904 ὅντως

411 938 583 1006 Ἀδὰμ
616 936 959 1007 χρηματίσῃ,
995 937 1088 989 καὶ
1124 935 1381 1006 διαμείνῃ
1416 934 1535 997 νέος
1565 934 1735 997 ὅντως
1766 932 1859 985 καὶ
1885 931 1977 984 εὐ-

404 1029 622 1099 σθενὴς,
678 1027 945 1099 μηδαμῶς
995 1025 1421 1097 παλαιούμενος,
1469 1025 1565 1079 καὶ
1616 1026 1707 1078 τὸν
1747 1023 1978 1076 παλαιὸν

410 1120 585 1191 Ἀδὰμ
629 1121 686 1171 ἐν
716 1119 899 1192 ἐαυτῷ
932 1116 1138 1173 καὶ“δι’
1187 1118 1383 1172 ἑαυτοῦ
1429 1118 1726 1190 ἀνακτίση.
1759 1118 1855 1170 καὶ
1898 1117 1980 1179 είς

399 1212 486 1264 ἀεὶ
511 1214 746 1283 συντηρή
757 1227 824 1283 σῃ
850 1213 991 1279 νέον,
1031 1212 1260 1275 δυνατὸς
1284 1211 1360 1265 ὢν
1386 1212 1469 1274 είς
1498 1210 1647 1265 ἅπαν
1678 1211 1977 1265 ἀποσείσα-

400 1303 526 1358 σθαι
549 1303 649 1375 τὴν
683 1304 1015 1359 παλαίωσιν.
1043 1305 1314 1367 Κάκεῖνος
1343 1304 1453 1375 γὰρ
1480 1305 1509 1357 6
1554 1302 1774 1374 πρῶτος
1807 1301 1979 1372 Ἀδὰμ

400 1398 706 1465 ἀμόλυντος
736 1398 836 1470 τὴν
869 1398 1046 1471 ἀρχὴν
1073 1397 1300 1468 ἐκτίσθη
1332 1398 1486 1465 παρά
1527 1397 1691 1458 Θεοῦ.
1727 1397 1824 1450 καὶ
1859 1397 1979 1460 νέος

399 1486 492 1562 ἦν,
538 1491 727 1561 μέχρις
780 1491 921 1544 ἑκὼν
978 1489 1055 1561 τῷ
1092 1490 1325 1560 διαϐόλῳ
1358 1489 1627 1555 πεισθεὶς,
1697 1491 1788 1544 καὶ
1839 1488 1977 1561 πρὸς

399 1584 500 1644 τὰς
536 1583 635 1652 τῆς
666 1583 874 1653 σαρκὸς
905 1582 1101 1652 ἡδονὰς
1133 1582 1454 1653 ἐκτραπεὶς,
1481 1581 1575 1635 καὶ
1601 1580 1680 1651 τῷ
1714 1581 1978 1650 μολυσμῷ

400 1672 500 1743 τῆς
533 1670 810 1745 ἁμαρτίας
834 1672 1126 1726 ὑποπεσὼν
1158 1673 1565 1742 πεπαλαίωται,
1600 1674 1697 1729 καὶ
1746 1672 1890 1745 πρὸς
1916 1672 1979 1726 τὸ

399 1766 551 1836 παρά
576 1764 736 1834 φύσιν
766 1765 1017 1831 ἐξέπεσε.

2081 590 2253 640 purus
2282 588 2335 632 et
2368 577 2706 646 impollutus,
2757 590 2810 636 et
2844 583 2964 637 ideo
2998 599 3108 638 non
3137 599 3307 653 egens
3346 596 3567 657 propter
3599 603 3665 645 se

2081 665 2337 733 piaculis,
2364 669 2460 724 sed
2487 681 2714 741 propter
2735 689 2836 729 nos
2857 676 3044 730 omnia
3072 677 3353 746 sapienter
3382 680 3665 749 accipiens

2079 764 2135 810 et
2166 755 2293 812 inde
2325 775 2452 815 vere
2472 777 2650 818 novus
2676 765 2852 821 Adam
2884 780 3197 835 vocaretur,
3237 785 3448 825 necnon
3490 786 3665 826 rema-

2081 858 2304 907 neretet
2332 868 2459 910 vere
2482 870 2659 912 novus
2688 866 2740 911 et
2766 856 2948 926 fortis,
2980 861 3292 918 nullatenus
3314 864 3589 929 exoletus,
3608 873 3665 921 et

2080 943 2319 990 veterem
2352 938 2525 992 Adam
2567 938 2618 994 in
2657 942 2841 1010 seipso
2869 952 3036 1011 atque
3076 962 3175 1015 per
3206 948 3449 1017 seipsqu
3493 966 3660 1005 reno-

2079 1035 2254 1091 varet,
2294 1027 2345 1081 in
2383 1040 2707 1100 perpetuum
2756 1034 3103 1100 itm-mutem
3156 1053 3515 1096 conservaret
3566 1044 3663 1114 qui

2080 1126 2281 1186 potens
2303 1128 2387 1174 est
2419 1135 2636 1177 omnem
2669 1127 2948 1194 expellere
2983 1138 3338 1184 vetustatem.
3384 1133 3476 1186 Ille
3504 1135 3652 1191 enim

2080 1211 2290 1277 primus
2320 1212 2494 1267 Adam
2548 1215 2911 1272 intemeratus
2954 1235 2984 1274 a
3024 1221 3293 1293 principio
3343 1239 3439 1293 per
3493 1225 3661 1280 Deum

2079 1313 2296 1358 creatus
2328 1316 2412 1358 est
2453 1314 2507 1360 et
2542 1324 2719 1365 novus
2759 1319 2903 1375 erat,
2943 1310 3119 1368 donec
3169 1315 3402 1370 libenter
3443 1318 3667 1388 diabolo

2080 1393 2316 1451 credens
2350 1405 2405 1450 et
2437 1398 2504 1452 ad
2539 1398 2847 1468 voluptates
2897 1406 3085 1459 carnis
3131 1422 3463 1471 conversus,
3497 1413 3662 1465 sorde

2080 1487 2291 1554 peccati
2316 1488 2504 1555 lapsus
2529 1491 2820 1546 consenuit
2843 1505 2895 1550 et
2923 1495 2979 1550 in
2999 1498 3265 1567 probrosa
3290 1512 3484 1557 contra
3507 1513 3667 1558 uatu-

2080 1591 2196 1630 ram
2228 1574 2455 1636 decidit.
3702 1584 3705 1587 Ι

586 1815 752 1911 ,τοῦτο
770 1815 849 1910 οῦ
1076 1855 1238 1927 μόνον
1266 1857 1295 1910 6
1325 1858 1603 1929 Δεσπότης
1634 1836 1979 1923 ἀνακαίνίζει

2156 1842 2283 1897 Ideo
2312 1859 2422 1898 non
2476 1861 2642 1901 manu
2678 1856 2889 1903 tantum
2928 1849 3188 1907 Dominus
3241 1856 3570 1909 mirabiliter
3602 1858 3667 1910 ii-

400 1950 719 2020 παραδόξως
755 1948 954 2013 αὑτὸν,
999 1947 1135 2002 ἀλλὰ
1194 1948 1291 2005 καί⁹
1334 1950 1557 2020 κατέχει
1612 1950 1801 2003 τοῦτον
1846 1949 1980 2021 παρ’

398 2042 600 2113 ἐαυτῷ,
634 2042 734 2095 οὐκ
764 2040 1173 2112 ἀναλαϐόμενος
1215 2041 1378 2112 μόνον
1410 2044 1506 2097 καὶ
1544 2040 1639 2096 τοῦ
1682 2041 1981 2128 πτώματος

399 2137 495 2209 τὴν
528 2135 880 2206 ἀνθρωπίνην
907 2135 1111 2206 ἐξάρας
1140 2135 1326 2205 φύσιν,
1391 2135 1530 2190 ἀλλά
1557 2138 1653 2189 καὶ
1684 2134 1982 2207 περιϐαλό-

404 2245 565 2299 μενος
596 2227 915 2297 ἀφράστως,
946 2229 1041 2280 καὶ
1089 2227 1386 2301 συναφθεὶς
1420 2227 1747 2299 ἀδιαιρέτως
1803 2226 1983 2297 ταύτῃ

400 2321 494 2374 καὶ
527 2318 739 2391 τεχθεὶς
769 2318 903 2382 Θεὸς
948 2318 1086 2389 ὁμοῦ
1127 2320 1222 2372 καὶ
1260 2319 1574 2391 ἄνθρωπος,
1608 2321 1673 2372 ἐκ
1721 2318 1982 2389 γυναικὸς

402 2416 527 2485 μὲν,
563 2414 650 2467 ίνα
698 2413 797 2486 τὴν
830 2410 965 2469 wo’
1016 2411 1186 2467 αὐτοῦ
1234 2411 1571 2468 πλασθεϊσαν
1609 2412 1848 2483 ἐκείνην,
1889 2412 1984 2467 καὶ

402 2508 467 2577 τῇ
514 2504 609 2561 τοῦ
651 2512 892 2578 πονηροῦ
945 2504 1222 2577 συμϐουλῇ
1290 2504 1597 2560 κλαπεῖσαν
1640 2504 1982 2578 ἀναλάϐηται

400 2599 584 2667 φύσιν,
614 2598 680 2651 ἐκ
715 2596 990 2668 παρθένου
1028 2596 1086 2650 δὲ
1129 2597 1338 2668 ταὺτης
1398 2598 1489 2653 ίνα
1536 2596 1725 2652 καινδν
1775 2598 1981 2670 ποιήσῃ

398 2690 492 2745 τὸν
516 2690 837 2763 ἀνθρωπονο
862 2692 912 2745 εί
957 2692 1069 2761 γὰρ
1100 2692 1167 2745 ἐκ
1202 2690 1522 2762 σπέρματος
1552 2687 1644 2765 ῆν,
1685 2691 1787 2747 οὐκ
1815 2691 1882 2747 ἂν
1912 2687 1982 2764 ἦν

402 2783 589 2846 καινὸς
616 2783 935 2854 ἀνθρωποςο
984 2783 1084 2836 οὐκ
1113 2781 1181 2836 ἂν
1209 2782 1311 2853 τῆς
1348 2782 1548 2854 καινῆς
1582 2784 1677 2839 καὶ
1708 2783 1983 2857 μηδαμῶς

400 2876 811 2946 παλαιουμένης
852 2875 998 2946 ζωῆς
1039 2876 1285 2947 ἀρχηγός
1325 2893 1386 2930 τε
1420 2879 1515 2932 καὶ
1546 2878 1784 2950 χορηγός
1810 2892 1828 2911 ο
1869 2876 1982 2933 οὐδ’

401 2972 472 3023 ἂν
500 2968 757 3038 ἐδυνήθη,
786 2968 882 3021 τοῦ
908 2968 1144 3022 παλαιοῦ
1174 2968 1460 3039 κόμματος
1489 2968 1588 3036 ὢν,
1612 2969 1675 3023 τὸ
1700 2970 1983 3043 πλήρωμα

400 3059 459 3112 ἐν
489 3057 665 3128 ἐαυτῷ
700 3055 957 3122 δέξασθαι
986 3056 1086 3128 τῆς
1114 3058 1397 3131 ἀκηράτου
1441 3057 1716 3129 θεότητος,
1756 3063 1851 3114 καὶ
1875 3078 1984 3133 πη-

2085 1934 2196 1989 lum
2240 1948 2490 2002 renovat,
2542 1941 2636 1993 sed
2671 1951 2726 1994 et
2775 1941 2921 1997 hunc
2953 1943 3007 1997 in
3047 1946 3348 2015 semetipso
3396 1948 3663 2009 continot.

2084 2044 2191 2081 non
2245 2028 2422 2083 solum
2459 2032 2878 2100 apprehendens
2916 2043 2967 2088 et
3003 2045 3260 2091 naturam
3298 2038 3593 2094 humanam
3632 2057 3666 2094 α

2084 2119 2241 2190 lapsu
2274 2121 2513 2192 erigens,
2550 2123 2644 2178 sed
2675 2124 2842 2177 etiam
2875 2140 2997 2180 eam
3031 2127 3483 2186 inenarrabiliter
3506 2147 3663 2187 mm-

2082 2212 2453 2281 prehendens,
2482 2213 2587 2283 ipsi
2628 2213 3044 2271 indivisibiliter
3071 2219 3352 2276 adunatus
3381 2232 3665 2294 natusque

2084 2303 2225 2359 Deus
2255 2304 2416 2359 simul
2448 2313 2501 2359 et
2539 2308 2700 2362 homo
2732 2324 2797 2362 ex
2833 2309 3067 2365 muliere
3091 2312 3339 2381 quidem,
3370 2324 3427 2369 ut
3455 2316 3604 2370 illam
3632 2333 3668 2372 a

2082 2410 2143 2451 se
2174 2396 2448 2450 conditam
2488 2407 2542 2452 et
2570 2398 2793 2469 maligni
2824 2400 3040 2458 insidiis
3076 2404 3323 2460 delusam
3352 2409 3665 2479 apprehen-

2082 2488 2237 2545 deret
2262 2499 2541 2556 naturam,
2574 2508 2636 2546 ex
2674 2493 2913 2548 muliere
2959 2505 3141 2551 autem
3183 2498 3416 2568 virgine,
3454 2510 3514 2554 ut
3563 2519 3665 2556 no-

2085 2595 2211 2634 vum
2246 2580 2451 2636 faceret
2488 2582 2788 2638 hominem.
2817 2582 2874 2638 Si
2911 2587 3059 2641 enim
3103 2602 3135 2640 e
3183 2589 3393 2645 semine
3446 2590 3668 2657 fuisset,

2084 2688 2192 2728 non
2224 2683 2371 2730 esset
2396 2690 2573 2731 novus
2609 2678 2797 2743 homo,
2841 2693 2943 2732 nec
2984 2694 3141 2734 nom
3188 2696 3369 2751 neque
3419 2700 3665 2753 unquam

2083 2775 2414 2824 veteratura:
2447 2768 2573 2822 vita:
2602 2770 2713 2823 dux
2745 2782 2799 2825 et
2826 2781 3045 2836 auctor,
3080 2789 3181 2829 nec
3211 2778 3502 2846 potuisset,
3537 2794 3664 2834 cum

2082 2873 2149 2914 ex
2183 2870 2369 2915 vetere
2409 2875 2590 2930 panno
2637 2859 2857 2925 fuisset,
2907 2863 3307 2934 plenitudinem
3344 2851 3671 2939 purissimae
3758 2885 3762 2887 ‘

2082 2951 2388 3008 divinitatis
2422 2955 2474 3007 in
2505 2969 2566 3009 se
2594 2954 2841 3024 recipere
2870 2964 2926 3010 et
2969 2954 3172 3011 fontem
3207 2962 3670 3016 sanctiﬁcationis

2084 3047 2476 3105 inexhaustum
2510 3064 2732 3105 carnem
2764 3050 3000 3115 eliicere,
3046 3052 3119 3107 ita
3153 3064 3211 3106 ut
3241 3055 3398 3124 copia
3443 3056 3669 3113 virtutis

400 3153 504 3224 γὴν
532 3151 755 3221 ποιῆσαι
785 3152 882 3219 τὴν
912 3151 1095 3222 σάρκα
1119 3151 1213 3205 τοῦ
1250 3151 1529 3223 ἀγιασμοῦ
1558 3151 1978 3226 ἀνεξάντλητον,

2085 3148 2299 3208 patrum
2333 3141 2524 3195 sordes
2574 3141 2842 3204 ablueret,
2896 3150 2951 3195 et
3002 3146 3235 3211 posteris
3282 3145 3543 3199 omnibus
3598 3148 3668 3202 ad

290 3276 295 3279 λ
402 3246 478 3307 ὡς
518 3246 606 3298 καὶ
635 3245 742 3298 τῶν
770 3245 1137 3314 προπατόρων
1167 3244 1394 3298 ἐκείνων
1424 3244 1516 3299 τὸν
1538 3245 1817 3317 μολυσμὸν
1839 3248 1977 3301 ἀποο

403 3337 603 3391 πλῦναι
646 3337 937 3407 περιουσίᾳ
970 3335 1280 3407 δυνάμεως,
1326 3336 1424 3390 καὶ⁸
1460 3339 1574 3400 τοῖς
1614 3335 1744 3407 ἑξῆς
1782 3340 1977 3409 ἀρκεῖν

404 3430 539 3499 πρὸς
570 3429 837 3497 άγιασμὸν
876 3428 1073 3484 ἅπασι.
1115 3430 1215 3481 Διά
1246 3428 1411 3483 τοῦτο
1444 3428 1544 3483 οὐκ
1583 3429 1838 3499 ἄγγελος,
1875 3431 1977 3486 οὐκ

406 3519 705 3591 ἄνθρωπος,
741 3520 856 3573 ἀλλ⁹
895 3520 1054 3583 αὐτὸς
1094 3520 1123 3573 6
1158 3519 1364 3591 Κύριος
1411 3518 1585 3584 οὕτως
1615 3521 1877 3593 εὐδόκησε
1906 3523 1976 3578 δι’

406 3611 550 3674 ἔλεος
579 3611 726 3682 ἡμᾶς
756 3610 930 3664 σῶσαι
956 3610 1052 3666 καὶ
1083 3610 1422 3675 ἀναπλάσαι,
1450 3613 1647 3682 μείνας
1678 3612 1782 3682 μὲν
1810 3614 1978 3669 ἀναλ-

406 3702 642 3766 Αοιώτως
680 3702 836 3770 Θεὸς,
884 3702 1171 3775 προελθὼν
1198 3705 1256 3759 δέ
1285 3704 1492 3768 τέλειος
1526 3703 1650 3759 καθ’
1690 3707 1840 3776 ἡμᾶς
1887 3707 1981 3761 ἀν-

406 3797 641 3868 θρωπος.

476 3887 738 3942 Γεννᾶται
772 3886 1060 3959 τοιγαροῦν
1099 3888 1163 3943 ὲκ
1212 3889 1491 3960 Παρθένου
1532 3889 1695 3958 ἀγίας
1740 3891 1771 3945 6
1820 3893 1981 3964 μόνος

407 3980 466 4048 ἐξ
496 3980 692 4045 αίῶνος
726 3981 1103 4046 ἀνυπεύθυνος
1150 3981 1457 4057 ἄνθρωπος,
1483 3983 1511 4036 6
1544 3984 1702 4054 μόνος
1735 3985 1982 4058 μηδαμό-

407 4075 498 4127 θεν
519 4074 595 4127 ὣν
626 4074 725 4145 τῆς
749 4072 843 4127 τοῦ
874 4073 1011 4129 Θεοῦ
1038 4074 1477 4144 ἐγκαταλείψεως
1498 4076 1672 4143 ἀξιος.
1707 4080 1817 4131 Καὶ
1847 4077 1982 4149 πρὶν

410 4167 441 4239 ἢ
474 4165 680 4235 γνῶναι
726 4167 785 4220 τὸ
820 4167 989 4220 κακὸν
1029 4166 1313 4235 ἐκλέγεται
1345 4168 1404 4220 τὸ
1436 4166 1667 4237 ἀγαθὸν,
1698 4172 1843 4224 κατὰ
1879 4171 1983 4242 τὴν

408 4259 783 4331 προφητείανο
821 4259 917 4314 καὶ
970 4259 1078 4323 βιοῖ
1111 4260 1227 4328 βίον
1262 4260 1610 4315 παντάπασιν
1657 4263 1984 4333 ἀναμάρτηο

407 4370 519 4415 τον,
553 4351 691 4422 μηδέ
718 4352 835 4405 κατ’
862 4352 1025 4406 αὑτὸν
1053 4352 1299 4420 εὑρεθεὶς
1318 4353 1416 4406 σὺν
1446 4354 1572 4426 δίκῃ
1598 4354 1699 4423 τῆς
1722 4355 1820 4408 τοῦ
1844 4356 1982 4411 Θεοῦ

407 4443 849 4514 ὲΥκσιτταλείείιηειιυς
886 4443 1061 4511 ἄξιος,
1090 4444 1215 4498 ἐπεὶ
1250 4444 1377 4516 μηδ’
1410 4446 1574 4510 αὐτὸς
1600 4447 1692 4500 τὸν
1723 4447 1883 4514 Θεὸν,
1904 4449 1982 4512 ὡς

407 4538 436 4589 6
467 4536 683 4608 πρῶτος
713 4536 910 4607 Ἀδὰμ,
938 4536 1201 4608 παραϐὰς
1233 4536 1587 4606 ἐγκατέλιπε,
1624 4538 1808 4609 πάσης
1841 4540 1991 4593 ἐντο·

408 4632 507 4703 λῆς
543 4631 716 4695 θείας,
738 4630 940 4692 παντὸς
967 4630 1134 4700 νόμου
1165 4629 1311 4682 θείου
1345 4627 1639 4702 πληρωτὴς
1670 4633 1989 4702 γενόμενος,

410 4725 703 4781 κάντεῦθεν
752 4724 978 4796 καὶτῆς
1029 4722 1123 4777 τοῦ
1171 4723 1421 4777 διαϐόλου
1472 4724 1720 4788 δουλείας
1764 4725 1993 4790 δικαίως

411 4818 713 4889 ἐλεύθερος.
746 4817 856 4871 Καὶ
886 4815 1029 4869 οὕτω
1066 4818 1282 4870 νικᾶται
1324 4817 1477 4886 παρὰ
1520 4816 1811 4887 ἀνθρώπου
1840 4818 1869 4871 6
1893 4818 2003 4889 τῆν’

409 4913 585 4986 ἀρχὴν
616 4910 709 4966 τὸν
754 4910 1046 4981 ἄνθρωπον
1099 4910 1330 4981 νικήσας
1362 4909 1611 4973 διάϐολος
1632 4925 1646 4939 ·
1683 4909 1793 4979 85
1842 4917 1938 4965 καὶ
1964 4911 1993 4964 ὁ

410 5006 513 5076 τὴν
553 5004 672 5058 κατ’
704 5003 886 5057 εἰκόνα
920 5000 1058 5055 Θεοῦ
1099 5002 1331 5070 νικήσας
1361 5000 1528 5070 φύσιν
1579 5002 1675 5055 καὶ
1710 5002 1796 5055 διά
1833 5002 1991 5055 τοῦτο

415 5095 776 5169 μεγαλαυχῶν
823 5093 1226 5147 καταϐάλλεται
1282 5096 1382 5164 τῆς
1442 5093 1752 5163 ἐπάρσεως,
1816 5094 1909 5147 καὶ
1964 5096 1992 5148 ὁ

414 5189 702 5260 ἄνθρωπος
737 5186 1142 5241 ἀναπλάττεται
1173 5183 1268 5237 τοῦ
1304 5184 1446 5238 κατά
1473 5184 1650 5255 ψυχὴν
1697 5189 1791 5237 καὶ
1823 5186 1992 5248 ὅντως

416 5284 677 5337 θανάτου·
713 5280 969 5342 θανάτου,
1014 5278 1073 5331 ὃν
1123 5279 1397 5332 ἀπέθανεν
1448 5279 1611 5340 εὐθὺς
1644 5277 1738 5329 τοῦ
1782 5278 1999 5345 ἀπηγοο

424 5372 684 5444 ρευμένου
718 5370 878 5437 ξύλου
928 5369 1266 5438 γευσάμενος
1288 5383 1322 5417 ὀ
1337 5368 1593 5431 θανάτου,
1621 5366 1678 5429 ὃς
1703 5367 1997 5435 ηπείληται

419 5464 528 5537 πρὸ
558 5465 654 5535 τῆς
701 5462 986 5531 παρακοῆς
1016 5461 1093 5531 τῷ
1129 5460 1301 5528 Ἀδὰμ
1350 5459 1444 5511 καὶ
1472 5462 1539 5528 τῇ
1576 5455 1690 5511 Εὕα
1727 5458 1831 5511 ὑπὸ
1860 5458 1997 5511 Θεοῦ

420 5556 555 5629 πρὸς
584 5557 783 5618 αὐτοὺς
815 5554 1061 5617 εἰπόντος
1082 5566 1097 5583 ⁸
1138 5570 1157 5603 ι
1200 5545 1279 5619 ᾞ
1309 5551 1376 5605 ἂν
1408 5553 1597 5622 ἡμέρᾳ
1626 5549 1877 5620 φάγησοε
1903 5549 1999 5603 ἀπ’

418 5651 609 5715 αὑτοῦ,
658 5647 877 5717 θανάτῳ
925 5645 1283 5701 ἀποθανεῖσθε
1304 5658 1321 5678 ο
1356 5662 1375 5698 ι
1411 5645 1500 5698 τὸν
1531 5644 1638 5715 γὰρ
1664 5645 1765 5712 τῆς
1799 5643 2003 5715 σαρκὸς

493 5828 535 5860 ¹¹
572 5827 674 5883 isa.
708 5839 806 5889 vn,
834 5824 922 5880 15.
998 5825 1045 5856 η
1073 5822 1211 5878 Gen.
1237 5836 1297 5890 ιι,
1334 5822 1421 5876 l7.

2084 3231 2578 3287 sanetilicationem
2605 3232 2898 3288 suliiceret.
2936 3232 3232 3303 Propterea
3270 3252 3379 3291 non
3413 3241 3667 3310 angelus,

2083 3339 2192 3378 non
2228 3323 2416 3385 homo.
2449 3325 2543 3379 sed
2577 3325 2694 3395 ipse
2726 3325 2992 3381 Dominus
3031 3327 3103 3381 sic
3132 3329 3397 3398 judicavit
3438 3348 3540 3386 nos
3575 3349 3671 3402 pl'l'

2084 3417 2521 3473 misericordiam
2571 3423 2788 3475 salvare
2816 3431 2873 3475 et
2915 3436 3137 3476 rursum
3166 3436 3381 3491 creare,
3432 3441 3663 3482 manens

2083 3510 2306 3581 quidem
2361 3510 2507 3567 Deus
2558 3512 2907 3583 impollutus,
2960 3514 3267 3585 procedens
3314 3531 3446 3574 vero
3503 3520 3671 3575 horno

2084 3603 2386 3658 secundum
2416 3617 2515 3659 nos
2543 3603 2848 3674 perfectus.

2159 3890 2420 3947 Nascitur
2462 3906 2594 3964 ergo
2620 3907 2686 3948 ex
2721 3892 2939 3965 Virgine
2968 3907 3159 3953 sancta
3192 3898 3345 3956 solus
3393 3916 3422 3955 a
3467 3904 3672 3958 saeculo

2090 3983 2357 4039 innocens
2384 3984 2571 4047 homo,
2597 3985 2747 4041 solus
2766 3987 2917 4044 nullo
2943 3990 3105 4044 modo
3121 3991 3320 4060 dignus
3359 3995 3452 4064 qui
3490 4011 3519 4049 a
3558 3996 3670 4050 Deo

2089 4077 2601 4147 derelinqueretur;
2629 4089 2682 4132 et
2708 4078 3037 4150 priusquam
3072 4083 3528 4155 sciatreprobare
3560 4105 3678 4142 nm-

2091 4166 2203 4220 lum
2234 4174 2289 4220 cl.
2324 4166 2526 4237 eligere
2553 4169 2783 4232 bonum,
2812 4173 3116 4226 secundum
3140 4176 3479 4245 prophetiam
3508 4180 3578 4244 ’⁸,
3602 4181 3676 4231 vi-

2092 4268 2202 4315 tam
2240 4260 2376 4314 vivit
2429 4259 2579 4314 omni
2636 4275 2701 4314 ex
2742 4271 2895 4329 parte
2951 4263 3538 4332 irreprehensibilem;
3573 4268 3669 4339 qui

2085 4350 2214 4420 jure
2246 4365 2314 4405 ac
2342 4352 2551 4419 :merito
2583 4366 2692 4405 non
2737 4354 2972 4406 meritus
3021 4365 3105 4407 est
3144 4364 3203 4408 ut
3236 4371 3263 4409 a
3319 4355 3428 4411 Deo
3458 4358 3680 4413 (ἱρείη-ε·-

2095 4453 2268 4505 retur,
2299 4457 2423 4496 cum
2466 4443 2583 4513 ipse
2628 4443 2820 4507 Deum,
2855 4444 2996 4501 sicut
3036 4445 3247 4512 primus
3272 4446 3465 4509 Adam,
3502 4458 3680 4504 trans-

2024 4532 2068 4587 D
2096 4535 2349 4607 grediens
2385 4550 2493 4589 non
2526 4535 2853 4600 deseruerit,
2891 4538 3074 4592 onmis
3095 4538 3336 4593 mandati
3356 4540 3682 4604 divini,om-

2094 4627 2180 4679 nis
2221 4625 2357 4696 legis
2408 4626 2608 4680 divina:
2644 4626 2842 4690 factor,
2894 4636 2951 4681 et
2984 4629 3217 4697 proinde
3247 4633 3405 4699 justo
3460 4633 3599 4686 liber
3647 4649 3676 4688 a

2096 4720 2365 4777 diabolica
2401 4719 2691 4774 servitute.
2742 4719 2816 4773 Ita
2846 4721 3086 4775 vincitur
3122 4724 3191 4777 ab
3225 4725 3448 4777 homine
3481 4726 3574 4794 qui
3610 4727 3681 4780 ab

2094 4812 2254 4868 initio
2304 4811 2582 4865 hominem
2621 4809 2752 4863 vicit
2801 4811 3100 4878 diabolus;
3153 4814 3247 4881 qui
3303 4822 3556 4867 naturam
3615 4816 3682 4869 ad

2096 4902 2397 4974 imaginem
2446 4901 2539 4956 Dei
2591 4902 2878 4956 conditam
2928 4901 3252 4970 foedauerat,
3305 4915 3359 4960 et
3391 4916 3683 4976 propterea

2098 4995 2243 5052 fastu
2305 4995 2483 5051 elatus
2548 5011 2576 5047 ο
2641 4995 2904 5065 iaetantia
2966 4994 3245 5063 dejicitur,
3296 5006 3351 5053 et
3406 5000 3687 5054 reviviscit

2100 5090 2265 5144 homo
2298 5104 2423 5142 vera
2452 5090 2652 5141 animae
2676 5096 2854 5142 morte
2886 5098 3165 5155 mortuus,
3200 5098 3379 5145 morte
3404 5106 3533 5158 qua,
3581 5108 3685 5161 gu-

2100 5191 2245 5236 stato
2275 5181 2455 5235 fructu
2501 5180 2777 5248 prohibito
2797 5181 3074 5245 occubuit,
3112 5191 3289 5236 morte
3336 5197 3499 5252 quam
3535 5198 3684 5236 eunt.

2097 5276 2342 5327 minatus
2366 5281 2485 5328 erat
2518 5271 2662 5326 Deus
2688 5272 2861 5326 Adam
2892 5283 2947 5328 et
2975 5270 3102 5327 Evaa
3136 5276 3455 5344 priusquam
3487 5288 3682 5328 contu-

2097 5381 2282 5421 maces
2300 5365 2561 5428 fuissent,
2598 5365 2789 5420 dicens
2825 5367 2888 5418 ad
2916 5380 3014 5420 eos
3053 5382 3066 5419 :
3103 5384 3121 5417 ι
3156 5365 3210 5418 In
3244 5381 3574 5435 quocunque
3600 5367 3687 5419 die

2098 5456 2453 5511 coznederilis
2486 5471 2552 5510 ex
2576 5471 2665 5521 ea,
2726 5466 2905 5511 morte
2937 5456 3249 5512 moriemini
3276 5460 3342 5511 “.
3382 5477 3399 5509 ›
3431 5474 3445 5523 ;
3484 5458 3684 5511 etenim

2098 5558 2222 5619 post
2276 5547 2705 5604 iuobedientiam
2742 5549 2809 5604 ad
2865 5560 3098 5604 mortem
3151 5550 3404 5619 corporis
3444 5551 3685 5604 damimti

2105 5657 2317 5709 sumus,
2354 5641 2462 5697 Deo
2493 5651 2786 5713 propterea
2825 5643 2893 5697 ad
2925 5641 3103 5698 Adam
3143 5642 3361 5698 dicente
3396 5658 3409 5695 :
3463 5660 3481 5691 ι
3515 5640 3687 5698 Terra
