4046 6434
320 420 420 485 197

321 628 468 696 δείξῃ
495 621 747 676 τοσοῦτον
780 619 1052 686 ἁμαρτίας
1079 611 1247 666 οὖσαν
1286 611 1464 674 ἐκτὸς,
1517 609 1612 661 καὶ
1676 606 1899 658 τοσοῦτο

327 710 764 781 κεκαθαρμένην,
807 707 880 768 ὡς
934 705 1030 755 καὶ
1089 701 1355 770 ἐνωθῆναι
1409 697 1583 766 τούτῳ
1640 693 1898 747 δύνασθαι

327 803 447 856 καθ’
484 801 804 858 ὑπόστασιν,
829 797 921 848 καὶ
945 791 1363 851 συνδιαιωνίζειν
1387 785 1532 854 αύτῷ
1559 785 1862 852 ἀδιαίρετον
1884 793 1899 808 ·

330 897 424 949 καὶ
457 893 625 954 οὑτως
669 892 814 960 ἔργῳ
844 887 1009 938 πᾶσιν
1038 881 1533 950 ἀνακηρύττεσθαι,
1567 877 1650 929 ὅτι
1684 877 1712 927 ό
1770 871 1902 932 Θεὸς

331 984 530 1051 ἀγαθός
567 998 623 1033 τε
649 982 741 1033 καὶ
765 978 991 1040 δίκαιος,
1024 973 1248 1040 ἀγαθῶν
1298 985 1355 1021 τε
1384 967 1631 1038 ποιητὴς,
1689 966 1783 1018 καὶ
1831 962 1907 1014 δί-

235 1079 245 1086 ’
333 1095 432 1146 κης
461 1076 671 1136 δικαίας
699 1067 1028 1138 ἑφορος.Τοῦ
1053 1066 1154 1134 μὲν
1187 1067 1292 1133 γὰρ
1317 1063 1492 1114 Σατᾰν
1521 1063 1614 1110 καὶ
1644 1059 1753 1108 τῶν
1783 1073 1906 1107 ουν-

335 1167 686 1222 αποστάντων
731 1162 978 1233 ἀγγέλων
1034 1159 1090 1222 εξ
1123 1154 1351 1223 ούρανοῦ
1397 1152 1694 1209 πεσόντων,
1724 1143 1790 1218 ἦν
1844 1147 1909 1196 ἐκ

334 1264 446 1316 τῶν
478 1259 855 1328 φυλαττόντων
882 1252 981 1322 τὴν
1006 1249 1211 1302 ἑαυτῶν
1262 1246 1412 1308 τάξιν
1449 1241 1697 1311 ἀγγέλων
1743 1255 1912 1292 κατα-

339 1354 503 1413 νοεῖν,
538 1351 620 1402 ὅτι
650 1348 709 1399 οὑ
731 1345 891 1414 φύσει
922 1342 982 1393 τὸ
1013 1338 1181 1392 κακὸν
1237 1338 1295 1387 ἐν
1319 1334 1595 1402 ἀγγέλοις,
1625 1329 1787 1397 φύσει
1853 1327 1912 1380 δὲ

344 1443 545 1513 μᾶλλον
576 1439 636 1492 τδ
663 1436 864 1506 ἀγαθὸν
900 1435 956 1486 ἐν
1006 1431 1213 1494 αὐτοῖς,
1244 1427 1341 1481 καὶ
1387 1425 1548 1495 φύσις
1566 1424 1714 1476 ἐστὶν
1771 1422 1914 1488 ἀγα-

343 1537 566 1604 θέτητος
593 1531 623 1582 ό
645 1529 836 1588 κτίσας
870 1523 1091 1585 αὑτοὺς,
1126 1519 1257 1588 παρ’
1309 1511 1370 1570 οῦ
1398 1516 1494 1570 καὶ¹
1520 1518 1547 1568 ὁ
1577 1514 1753 1566 Σατὰν
1810 1510 1916 1562 ὑπὸ

344 1626 505 1692 ζόφον
533 1619 750 1674 αἰώνιον
771 1616 894 1686 δίκῃ
924 1611 1104 1682 δικαίᾳ
1135 1606 1520 1676 κατεδικάσθη,
1553 1604 1626 1666 ὡς
1651 1603 1714 1674 δη
1726 1618 1919 1672 μιουρ-

344 1719 438 1786 γὺς
459 1714 617 1776 αὐτὸς
643 1708 820 1778 ἐαυτῷ
842 1707 941 1776 τῆς
973 1703 1172 1764 κακίας
1222 1700 1516 1769 γενόμενος
1572 1699 1636 1767 τῇ
1673 1695 1916 1764 ἐκτροπῇ

343 1808 437 1863 τοῦ
468 1805 659 1861 καλοῦ.
698 1801 868 1869 Ἀδὰμ
893 1789 1232 1856 δὲ’πεσόντος
1260 1796 1326 1863 τῇ
1350 1789 1444 1845 τοῦ
1469 1790 1635 1845 καλοῦ
1677 1789 1813 1859 πρὸς
1859 1787 1920 1838 τὸ

342 1903 514 1956 κακὸν
560 1895 825 1966 ἐκτροπῇ,
873 1888 1053 1950 οὐδεὶς
1105 1884 1409 1953 ὑπελείφθη
1464 1882 1602 1952 πρὸς
1644 1881 1704 1933 τὸ
1755 1878 1920 1932 κακὸν

346 1995 634 2063 ἄτρεπτος,
667 1986 788 2040 ούδέ
816 1986 954 2055 μετὰ
982 1989 1072 2038 τὸν
1101 1980 1271 2047 Ἀδὰμ
1297 1975 1560 2044 ἀνεφάνη.

417 2083 516 2136 Διὰ
543 2083 698 2136 τοῦτο
720 2082 838 2143 νέος
851 2079 1025 2148 Ἀδὰμ
1045 2073 1288 2142 ἀνεφάνη
1310 2068 1567 2138 Χριστὶς,
1586 2065 1642 2128 ὃς
1665 2064 1805 2117 κατὰ
1832 2065 1923 2116 τὶν

358 2177 585 2230 Ἡσαΐαν
607 2173 880 2244 ἁμαρτίαν
901 2175 1002 2225 οὐκ
1015 2169 1294 2239 ἐποίησεν,
1315 2160 1722 2231 οὑδὲδιενοήθη,
1743 2156 1924 2226 πολλῷ

349 2268 551 2338 μᾶλλον
575 2266 696 2319 οὑδὲ
739 2263 1006 2334 ἐλάλησεν
1036 2262 1154 2315 ούδέ
1204 2261 1313 2330 γὰρ
1350 2257 1549 2328 εὑρέθη
1579 2254 1727 2316 δόλος
1759 2254 1814 2303 ἐν
1847 2248 1926 2318 τῷ

349 2363 578 2431 στόματι
596 2358 778 2413 αὑτοῦ.
799 2358 912 2412 Οὑκ
929 2352 1102 2422 εἶπεν,
1117 2357 1179 2408 ἐκ
1200 2353 1292 2406 τοῦ
1313 2353 1601 2421 στόματος,
1624 2345 1758 2412 ἀλλ’,
1778 2347 1835 2396 ἐν
1850 2343 1928 2412 τῷ

353 2454 608 2522 στόματι,
641 2451 728 2503 ἴνα
752 2450 848 2503 καὶ
901 2449 962 2501 τὸ
992 2447 1099 2500 τῶν
1125 2444 1406 2514 λογισμῶν
1455 2440 1685 2510 ἄμωμον
1720 2436 1930 2503 ὑποση-

356 2546 523 2618 μήνῃ,
552 2543 625 2606 ὡς
660 2542 753 2594 καὶ
779 2538 1012 2609 ἀλλαχοῦ
1042 2554 1230 2609 φησιν,
1256 2538 1336 2590 ὅτι
1372 2535 1500 2604 πρὶν
1533 2532 1566 2604 ἢ
1625 2529 1830 2598 γνῶναι
1869 2525 1932 2578 τὸ

356 2638 545 2699 κακὸν,
574 2633 867 2700 ἐξελέξατο·
889 2631 950 2684 τὸ
973 2630 1198 2699 ἀγαθόν.
1226 2628 1335 2682 Καὶ
1351 2625 1523 2687 οὕτως
1579 2619 1874 2687 ἐδικαιώθη
1906 2619 1933 2670 ὁ

353 2727 508 2791 θεὸς,
539 2723 613 2787 ὡς
640 2724 879 2792 εἴρηται,
919 2721 1010 2775 καὶ
1039 2717 1324 2789 ἀνεδείχθη
1356 2716 1524 2778 ὅντως
1573 2711 1795 2781 ἀγαθὸς,
1837 2709 1933 2762 καὶ

355 2813 578 2882 ἀγαθῶν
613 2813 788 2884 ἔργων
818 2811 1072 2881 ποιητὴς,
1102 2809 1493 2879 ἀναμαρτήτου
1509 2803 1794 2872 γεγονότος
1841 2801 1937 2851 ἁν-

357 2905 600 2976 Θρώπου,
618 2905 711 2957 καὶ
725 2902 1098 2971 ἀναφανείσης.
1121 2903 1179 2954 ἐν
1196 2897 1420 2970 Χριστῷ
1455 2899 1553 2966 τῆς
1581 2897 1830 2964 ἐνυπηργ
1841 2892 1937 2962 μέ-

359 3014 456 3068 νης
472 2994 740 3050 ὑπἀὐτοῦ
767 2994 1136 3064 καθαρότητος
1161 2995 1230 3062 τῇ
1256 2989 1570 3058 ἀνθρωπίνηςΙ
1587 2987 1766 3056 φύσει..
1784 2986 1939 3039 Ἐπεὶ

359 3088 454 3140 οῦν
486 3088 590 3140 ἔδει
619 3085 998 3156 φανερωθῆναι
1042 3086 1134 3136 καὶ
1162 3084 1449 3154 παρρησίᾳ
1481 3077 1814 3150 προτεθῆναι
1839 3077 1940 3146 τὴν

1673 393 2000 458 HOMILH
2035 392 2198 452 XVI.

322 537 480 589 τοῦτο
509 525 885 597 ἀναλαμϐάνει
915 523 1012 594 τὴν
1047 517 1394 590 ἀνθρωπίνην
1424 517 1585 585 φύσιν
1615 516 1766 579 Θεὸς,
1800 512 1888 565 ἴνα
1920 515 1960 569 Α
1992 510 2133 575 cepit
2180 503 2237 555 Ι).
2259 518 2344 565 us,

3473 369 3572 431 198

2404 507 2456 552 ιιι
2493 501 2820 551 monstraret
2855 490 3000 544 illam
3035 487 3170 542 adeo
3199 495 3350 541 extra
3383 499 3579 554 pecca-

2005 609 2140 660 tum,
2183 596 2426 663 adeoque
2476 605 2663 658 puram
2701 601 2822 641 esse
2855 591 2915 636 ιιι
2947 583 3049 635 sibi
3097 578 3352 650 conjungi
3395 585 3582 644 posset

2005 687 2308 743 secundum
2364 697 2692 748 personam,
2745 693 2951 731 necnon
3005 670 3408 734 imlivisihiliter
3455 683 3580 721 cum

2006 783 2125 850 ipso
2155 781 2208 831 in
2238 786 2494 829 retentum
2532 784 2793 841 regnare;
2827 779 2990 836 utque
3022 763 3276 832 operibus
3314 761 3438 813 inde
3469 774 3588 812 om-

2009 872 2167 924 nibus
2201 868 2586 936 praedicantur
2615 862 2740 931 quia
2779 861 2912 911 Deus
2950 859 3123 910 bonus
3158 863 3241 908 est
3281 863 3332 905 et
3376 851 3585 919 justus,

2010 963 2170 1015 honor
2191 977 2278 1011 um
2307 969 2546 1019 creator,
2582 954 2822 1020 justiquc
2864 966 2948 1002 aut
2973 958 3054 1000 tor
3081 945 3291 1016 judicii.
3325 943 3588 1012 Equidem

2012 1055 2174 1108 Satan
2209 1063 2261 1106 et
2293 1049 2498 1119 angelis
2545 1043 2864 1100 dch‘tllOllis
2897 1040 3059 1095 soii's
3099 1056 3127 1091 e
3163 1039 3302 1091 coelo
3333 1034 3590 1103 delapsis,

2011 1157 2128 1201 erat
2158 1160 2222 1197 ex
2256 1142 2460 1212 angelis
2503 1154 2658 1193 suum
2701 1137 2948 1189 ordinem
2987 1131 3421 1186 cusmdienlibus
3467 1144 3594 1197 per-

2015 1238 2247 1308 pendere
2278 1236 2479 1287 malum
2515 1241 2708 1284 natura
2738 1227 2945 1296 angelis
2978 1241 3080 1278 non
3115 1223 3320 1283 inesse,
3355 1220 3446 1274 sed
3495 1235 3594 1286 po-

2017 1334 2124 1385 tius
2157 1332 2384 1391 bonum,
2417 1341 2628 1378 necnon
2661 1337 2852 1376 eorum
2887 1330 3186 1372 creatorem
3218 1327 3409 1368 natura
3441 1314 3600 1366 honi-

2016 1432 2182 1477 tatem
2218 1436 2339 1475 esse
2370 1434 2398 1473 e
2437 1433 2544 1488 quo
2577 1417 2744 1470 Satan
2793 1413 2858 1466 ad
2906 1419 3138 1464 alternas
3173 1409 3427 1460 tenebras
3455 1404 3600 1474 justa

2018 1515 2286 1572 sententia
2322 1514 2617 1567 damnatus
2646 1508 2766 1573 fuit,
2803 1507 2930 1576 quia
2961 1505 3075 1573 ipse
3103 1501 3206 1556 sibi
3254 1500 3380 1552 mali
3411 1507 3603 1551 aut-lor

2019 1620 2164 1666 esset
2201 1624 2298 1664 sua
2338 1623 2366 1660 a
2405 1606 2547 1660 hono
2585 1601 2888 1657 aversione.
2921 1597 3054 1650 Cum
3091 1605 3268 1648 autem
3317 1591 3487 1644 Adam
3537 1589 3603 1641 ad

2023 1706 2221 1760 malum
2250 1714 2597 1756 conversuse
2617 1697 2761 1751 bono
2791 1693 3098 1753 cecidisset,
3149 1689 3331 1741 nullus
3354 1689 3610 1739 inventus

2023 1810 2111 1853 est
2133 1805 2257 1866 post
2289 1793 2462 1847 Adam
2495 1790 2625 1861 quin
2657 1791 2721 1842 ad
2757 1787 2960 1841 malum
2989 1788 3425 1837 converteretur.

2100 2087 2224 2140 Ideo
2260 2099 2435 2138 novus
2469 2082 2639 2135 Adam
2686 2078 2924 2132 surrexit
2967 2073 3242 2134 Christus,
3283 2071 3376 2142 qui
3418 2085 3616 2126 secun-

2027 2181 2155 2235 dum
2207 2178 2406 2232 Isaiam
2469 2185 2755 2244 peceatum
2809 2186 2914 2222 non
2974 2167 3122 2230 fecit,
3177 2180 3281 2219 nec
3331 2165 3614 2234 regitavit,

2030 2281 2234 2345 quanto
2272 2269 2445 2339 magis
2487 2283 2592 2320 non
2625 2264 2842 2317 locutus
2873 2271 2977 2326 est,
3007 2273 3148 2311 nam
3169 2273 3274 2310 non
3307 2266 3390 2312 est
3423 2257 3605 2310 inreu~

2033 2379 2121 2423 tus
2153 2365 2312 2420 dolus
2343 2363 2396 2417 in
2429 2375 2524 2416 ore
2551 2359 2690 2428 ejus.
2753 2354 2868 2408 Non
2905 2353 3044 2408 dixit
3077 2366 3093 2404 :
3127 2366 3190 2404 ex
3222 2365 3338 2414 ore,
3392 2349 3510 2411 sed,
3560 2349 3612 2400 in

2034 2475 2131 2514 ore
2184 2457 2322 2526 ejus,
2387 2463 2448 2508 ut
2493 2450 2834 2521 signiﬁcaret
2889 2444 3252 2513 cogitationes
3282 2441 3430 2511 ipsas
3459 2452 3618 2494 extra

2035 2548 2250 2617 Culpam
2282 2559 2426 2608 esse,
2459 2541 2600 2596 sicut
2637 2537 2766 2593 alibi
2801 2536 2938 2591 dixit
2963 2534 3220 2602 quoniam
3249 2572 3263 2596 ,
3300 2532 3622 2600 priusquam

2037 2640 2197 2694 sciret
2229 2636 2454 2699 malum,
2482 2631 2648 2702 elegit
2679 2631 2902 2686 bonum.
2943 2626 3010 2680 Et
3053 2626 3134 2682 sic
3177 2625 3507 2696 justilicatus
3540 2632 3626 2676 est

2041 2731 2180 2786 Deus
2220 2738 2278 2783 ut
2308 2727 2701 2798 praedicaretur
2731 2736 2784 2777 et
2818 2703 3205 2777 ostenderetur
3245 2734 3370 2772 vere
3421 2718 3623 2778 bonus,

2038 2836 2250 2875 necnon
2303 2818 2572 2871 bonorum
2619 2815 2792 2867 factor
2833 2826 3084 2880 operum,
3131 2824 3254 2862 cum
3304 2809 3469 2862 homo
3509 2807 3632 2862 sine

2039 2920 2260 2982 peccato
2293 2909 2471 2963 factus
2522 2906 2702 2972 luerit,
2738 2915 2790 2958 et
2824 2903 3016 2957 fuisset
3041 2902 3092 2955 in
3119 2900 3340 2955 Christo
3369 2898 3631 2954 sanctitas

2042 3008 2109 3060 ab
2143 3007 2262 3074 ipso
2293 3017 2497 3057 naturze
2523 3007 2772 3056 humana:
2814 2999 3070 3053 adunata.
3109 2994 3276 3062 Igitur
3308 3009 3431 3046 cum
3461 3008 3632 3060 upor-

2044 3109 2181 3154 teret
2218 3093 2448 3166 proferri
2488 3093 2775 3163 palamque
2820 3089 3045 3158 proponi
3102 3085 3437 3140 inelIabilem
3470 3087 3633 3137 istam

363 3181 678 3252 ἀπόρρητον
720 3177 920 3248 ταύτην
968 3176 1301 3244 οἰκονομίαν,
1358 3176 1634 3241 πέμπεται
1687 3169 1936 3235 Ἰωάννης

2047 3189 2534 3260 dispensationem,
2571 3199 2634 3236 ex
2673 3185 2894 3236 deserto
2942 3178 3177 3231 mittitur
3203 3190 3231 3228 a
3265 3171 3637 3227 DeoJoaunes

365 3274 429 3326 ἐκ
453 3273 550 3341 τῆς
595 3271 832 3342 ἐρημίας
863 3273 890 3322 ό
943 3268 1285 3340 φερωνύμως
1345 3265 1660 3334 Πρόδρομος
1706 3263 1812 3314 ὑπὸ
1840 3261 1936 3314 τοῦ

366 3365 522 3428 Θεοῦ,
557 3363 833 3433 βαπτίζων
870 3361 996 3424 τοὺς
1049 3360 1373 3430 προσιόντας
1400 3359 1493 3411 καὶ
1545 3356 1938 3428 παραγγέλλων

368 3459 612 3527 ἑτοίμους
649 3453 786 3510 εἶναι
816 3454 1094 3528 πιστεύειν
1129 3454 1209 3515 είς
1247 3453 1336 3505 τὸν
1360 3453 1680 3521 ἐρχόμενον,
1715 3450 1773 3502 ὃν
1804 3465 1939 3518 φησι

372 3551 463 3603 καὶ
486 3549 766 3620 βαπτίσειν
795 3549 990 3609 αὐτοὺς
1021 3548 1077 3598 ἐν
1113 3544 1390 3614 ιινεύματι
1444 3542 1586 3613 ἁγίῳ
1638 3540 1731 3594 καὶ
1783 3543 1936 3609 πυρί·

374 3644 507 3697 ἀλλὰ
563 3643 658 3695 καὶ
691 3640 911 3711 μείζονα
946 3638 1135 3691 ἑαυτοῦ
1185 3636 1438 3690 τοσοῦτον
1495 3633 1656 3697 εἶναι,
1705 3634 1828 3686 ὅσον
1883 3632 1944 3684 τὸ

374 3735 594 3804 Πνεῦμα
620 3734 680 3787 τὸ
701 3732 856 3800 ἅγιον
887 3730 1143 3800 ὑπερέχει
1160 3727 1253 3780 τοῦ
1281 3727 1472 3789 ὓδατος
1491 3741 1504 3755 ·
1531 3725 1806 3793 Δεσπότην
1836 3725 1944 3792 γὰρ

372 3825 511 3880 εἷναι
535 3825 720 3880 τοῦτον
751 3824 1020 3894 μαρτυρεῖ
1040 3823 1131 3874 καὶ
1162 3818 1259 3872 τοῦ
1309 3819 1511 3879 παντὸς
1563 3816 1816 3887 ποιητὴν,
1849 3817 1945 3869 καὶ

379 3916 731 3988 ἐξουσιαστὴν
762 3916 868 3968 τῶν
899 3914 1148 3982 ἀγγέλων
1175 3912 1271 3965 καὶ
1307 3912 1414 3964 τῶν
1471 3907 1775 3979 ἀνθρώπων
1801 3924 1813 3936 ·
1848 3907 1946 3960 καὶ

374 4010 564 4065 τούτου
593 4010 808 4077 λογικὸν
831 4007 1098 4078 γεώργιον
1135 4005 1263 4066 τοὺς
1282 4001 1601 4073 ἀνθρώπους
1643 3995 1782 4053 εἶναι
1815 4000 1950 4052 πάν-

376 4120 496 4167 τας,
518 4103 610 4155 καί⁸
633 4101 725 4154 τοῦ
752 4099 998 4153 τοιούτου
1026 4096 1298 4166 γεωργίου
1326 4095 1388 4148 τὸ
1430 4092 1621 4156 πτύον,
1685 4093 1780 4154 τὰς
1841 4092 1950 4142 λεί-

379 4193 670 4264 τουργικὰς
692 4193 948 4262 δυνάμεις
979 4190 1200 4260 δηλαδὴ,
1234 4191 1289 4242 ἐν
1305 4191 1371 4259 τῇ
1404 4189 1543 4257 χειρὶ
1572 4187 1665 4239 καὶ
1693 4188 1760 4256 τῇ
1801 4184 1953 4249 ἐξου-

384 4289 474 4360 σίᾳ
502 4286 644 4356 ἔχειν
676 4285 872 4338 ἑαυτοῦ
900 4285 992 4366 τὸν
1012 4284 1328 4354 ἐρχόμενον.
1360 4281 1435 4334 Ού
1464 4279 1625 4346 μόνον
1650 4277 1710 4331 δὲ
1735 4279 1800 4330 δι’
1828 4279 1954 4330 ἐαυ-

382 4376 477 4431 τοῦ
499 4375 736 4430 τοιοῦτον
771 4371 914 4427 εἶναι
975 4372 1250 4442 μαρτυρεί
1298 4372 1392 4424 τὸν
1455 4369 1750 4440 ἐρχόμενον
1785 4371 1812 4421 ὁ
1858 4367 1952 4420 τοῦ

387 4470 591 4537 Κυρίου
619 4469 947 4538 Πρόδρομος,
973 4465 1112 4517 ἀλλὰ
1136 4463 1228 4517 καὶ
1263 4463 1353 4514 τὸν
1390 4461 1619 4515 Ἡσαΐαν
1665 4459 1954 4529 ὑποφαίνει

2045 3281 2469 3352 cognominatus
2516 3276 2854 3334 Praecursor,
2889 3271 2983 3340 qui
3030 3268 3349 3324 accedentes
3400 3267 3638 3335 haptizet

2046 3388 2095 3430 et
2127 3376 2380 3430 hortetur
2414 3377 2473 3422 ut
2503 3369 2676 3438 parati
2711 3367 2824 3418 sint
2850 3363 2903 3416 in
2938 3377 3064 3415 eum
3099 3362 3190 3430 qui
3225 3360 3374 3411 venit
3407 3357 3634 3410 credere

2048 3470 2174 3540 qui,
2227 3468 2340 3529 ait,
2375 3483 2392 3514 ι
2429 3459 2740 3532 Baptizabit
2799 3471 2892 3511 eos
2958 3455 3012 3508 in
3071 3451 3278 3522 Spiritu
3335 3460 3524 3502 sancto
3585 3462 3642 3499 et

2050 3560 2266 3631 igne":
2295 3577 2312 3608 ι
2331 3559 2540 3628 «docens
2563 3554 2786 3620 insuper
2812 3564 2936 3602 eum
2966 3545 3068 3600 sibi
3095 3554 3306 3598 tantum
3327 3541 3640 3611 pra-cellere

2051 3663 2314 3724 quantum
2389 3647 2624 3715 Spiritus
2677 3651 2903 3697 sanctus
2955 3653 3110 3707 aqua:
3173 3643 3413 3704 pt‘testat.
3477 3632 3636 3684 Illum

2052 3747 2195 3799 enim
2232 3740 2682 3794 Dominum-esse
2729 3742 2960 3789 testatur
3003 3730 3360 3794 omniumque
3393 3725 3646 3778 condito-

2054 3853 2192 3900 rem,
2238 3831 2554 3901 augelorum
2585 3837 2638 3881 et
2676 3825 2962 3879 hominum
2997 3819 3394 3876 dominatorem
3424 3831 3438 3880 ;
3483 3813 3646 3882 hujrs

2055 3944 2243 4003 agrum
2278 3923 2579 3993 spiritalem
2607 3934 2796 3974 Omnes
2829 3915 3080 3971 homines
3106 3925 3249 3972 esse,
3271 3911 3501 3980 ejusque
3525 3905 3640 3976 agri

2059 4000 2444 4080 ventilabrum,
2481 4014 2728 4083 publicas
2779 4008 2988 4066 scilicet
3034 4013 3352 4075 potestates,
3389 4000 3443 4053 in
3479 4013 3644 4051 manu

2057 4129 2155 4170 sua
2195 4113 2392 4166 habere
2419 4125 2544 4163 eum
2581 4106 2673 4176 qui
2707 4102 2876 4158 venit.
2909 4098 3030 4154 Non
3083 4095 3432 4151 solummodo
3468 4108 3560 4162 per
3590 4107 3658 4144 se.

2060 4213 2287 4260 testatur
2314 4212 2525 4256 tantum
2551 4214 2674 4254 esse
2706 4212 2829 4250 eum
2857 4193 2949 4262 qui
2984 4191 3131 4246 venit
3160 4187 3374 4242 Domini
3404 4185 3651 4239 Praecur-

2061 4314 2174 4360 sor,
2197 4278 2398 4349 ‘verum
2431 4292 2594 4346 etiam
2633 4289 2825 4345 Isaiam
2857 4285 3106 4354 designat
3132 4281 3226 4352 qui
3262 4281 3417 4349 prius
3465 4277 3642 4346 ipsum

2065 4391 2352 4444 Dominum
2394 4381 2806 4456 prmdicaverit;
2843 4394 2902 4433 se
2931 4385 3114 4431 autem
3170 4373 3484 4427 ministrum
3519 4384 3646 4437 pro-

2062 4483 2264 4538 clamat
2299 4479 2526 4532 missum
2558 4474 2621 4528 ad
2655 4469 3091 4526 annuntiandum
3139 4464 3258 4533 ejus
3311 4462 3604 4516 adventum
3634 4497 3649 4520 ,

386 4560 917 4647 προανακηρύξαντα
947 4558 1150 4628 Κύριον
1182 4557 1364 4618 αὑτὸν,
1392 4573 1396 4575 ‘
1423 4555 1616 4608 ἑαυτὸν
1646 4554 1703 4607 δὲ
1754 4553 1933 4624 ὑπηρέ

2065 4571 2470 4637 hortandosque
2500 4564 2687 4618 ﬁdeles
2729 4572 2789 4615 ut
2832 4562 2992 4614 corda
3035 4557 3101 4610 ad
3139 4552 3512 4622 ret-ipiendum
3547 4566 3664 4618 pag

386 4646 484 4722 την
522 4652 842 4721 πεμφθέντα
869 4652 947 4712 εἰς
979 4651 1041 4703 τὸ
1078 4647 1421 4719 προκηρύξαι
1448 4646 1549 4717 τὴν
1566 4647 1780 4699 ἐκείνου
1809 4647 1962 4700 ἕλευ-ί

389 4763 497 4809 σιν,
528 4747 624 4800 καὶ
658 4743 1072 4815 προτρέψασθαι
1103 4744 1229 4805 τοὺς
1251 4740 1604 4811 πειθομένους
1637 4739 1962 4810 ἑτοιμασθῆ-

389 4855 476 4891 ναι
504 4839 637 4908 πρὸς
653 4837 936 4907 ὑποδοχὴν,
963 4835 1140 4904 λέγων
1160 4850 1174 4864 ’
1216 4853 1236 4886 ι
1297 4833 1436 4901 Ἐγὼ
1466 4832 1615 4902 φωνὴ
1647 4831 1880 4902 βοῶντος
1904 4835 1963 4887 ἐν

390 4933 455 5000 τῇ
481 4930 674 5000 ἐρήμῳ
694 4946 707 4959 ·
743 4928 1102 4998 Ἑτοιμάσατε
1134 4926 1232 4998 τὴν
1253 4927 1369 4979 ὁδὸν
1399 4926 1624 4995 Κυρίου.
1661 4944 1679 4976 ι

461 5024 750 5092 Μαρτυρεῖ
767 5023 823 5074 δὲ
841 5021 1051 5085 τοῦτον,
1069 5020 1151 5072 ὅτι
1176 5021 1269 5072 κο)⁹
1305 5021 1410 5090 πρὸ
1435 5020 1529 5072 τοῦ
1591 5018 1968 5090 συλληφθῆναι

393 5115 556 5168 αὑτὸν
581 5114 676 5166 καὶ
709 5112 962 5181 γενέσθαι
984 5108 1050 5183 ἦν
1074 5129 1088 5142 ο
1130 5129 1149 5162 ι
1189 5109 1545 5180 Ἐμπροσθεν
1573 5110 1684 5181 γάρ
1723 5127 1825 5179 μου
1875 5110 1970 5177 γέ-

394 5226 541 5278 γονε,
571 5208 760 5280 φησιν,
790 5209 870 5260 ὅτι
904 5206 1116 5275 πρῶτός
1151 5221 1254 5273 μου
1282 5201 1371 5275 ἦν·
1421 5222 1440 5254 ι
1473 5204 1650 5256 καίτοι
1680 5205 1713 5272 ή
1776 5203 1967 5272 σύλλη-

394 5306 484 5371 ψις
518 5301 681 5355 αὑτοῦ
713 5299 807 5352 καὶ
833 5301 864 5368 ἡ
894 5301 1145 5368 γέννησις
1169 5297 1393 5366 ὕστερον
1416 5298 1551 5364 μετὰ
1586 5296 1683 5363 τὴν
1718 5295 1967 5346 Ἰωάννου

397 5392 486 5465 ἦν.
523 5396 583 5447 Εἰ
617 5389 709 5446 οὖν
749 5393 982 5460 πρῶτος,
1016 5392 1076 5442 ού
1108 5391 1247 5443 κατὰ
1288 5390 1468 5460 σάρκα
1493 5387 1548 5439 δὲ
1605 5381 1696 5457 ἦν,
1729 5389 1834 5453 πρὸ
1870 5387 1973 5452 τῆς

403 5489 604 5558 σαρκὸς
630 5487 824 5539 οὐκοῦν
853 5479 941 5556 ἦν.
976 5482 1191 5555 Προϊὼν
1214 5483 1271 5535 δὲ
1302 5484 1395 5535 καὶ
1451 5481 1623 5550 ἀμνὸν
1685 5478 1778 5531 τοῦ
1834 5477 1970 5530 Θεοῦ

402 5576 542 5632 εἶναι
575 5579 761 5632 τοῦτον
791 5579 1076 5647 μαρτυρεῖ,
1137 5577 1234 5644 τὴν
1290 5575 1562 5645 ἁμαρτίαν
1602 5573 1828 5637 αἴροντα
1879 5571 1972 5624 τοῦ

408 5674 634 5741 κόσμου,
696 5669 1186 5741 προκαταγγέλλων
1239 5668 1335 5738 τὴν
1371 5667 1511 5737 ὑπὲρ
1565 5666 1809 5734 ἀφέσεως
1865 5663 1972 5717 τῶν

481 5851 523 5883 ⁸⁸
550 5849 733 5906 Matth.
765 5863 849 5916 ιιι,
883 5849 964 5904 ll.

1059 5847 1104 5878 "
1127 5845 1256 5901 Luc.
1278 5859 1359 5910 ιιι,
1381 5843 1434 5898 4.
1510 5843 1560 5873 ’⁸
1583 5841 1740 5896 .ῐο;ιιι.
1769 5857 1806 5904 1,
1825 5840 1911 5895 15.

2064 4674 2270 4728 rarent,
2305 4663 2540 4716 dicens:
2582 4679 2599 4710 ι
2633 4659 2744 4728 Ego
2799 4671 2902 4712 vox
2959 4641 3333 4721 clamantisjn
3383 4648 3602 4700 deserto
3637 4659 3652 4696 :

2065 4749 2262 4808 Parate
2298 4755 2438 4807 viam
2469 4751 2690 4807 Domini
2721 4749 2790 4802 ’³.
2829 4767 2848 4800 ι

2144 5022 2297 5075 llunc
2325 5021 2551 5087 insuper
2583 5022 2814 5069 testatur
2849 5022 3170 5080 priusquam
3210 5013 3510 5071 conceptus
3564 4999 3648 5050 νιιι

2073 5114 2234 5168 etiam
2274 5121 2436 5164 natus
2464 5109 2652 5162 fuisset
2680 5104 2975 5160 exstitisse.
3006 5101 3094 5155 Ait
3118 5100 3262 5154 enim
3299 5116 3312 5152 :
3349 5115 3365 5146 ι
3394 5094 3495 5160 Qui
3533 5098 3655 5159 pmt

2077 5219 2160 5256 me
2192 5211 2455 5254 venturus
2480 5209 2560 5250 est
2587 5207 2713 5249 ante
2758 5212 2843 5247 me
2879 5192 3056 5246 fartus
3092 5199 3192 5254 est,
3222 5188 3350 5258 quia
3389 5185 3536 5254 prior
3571 5195 3656 5231 nu:

2043 5293 2198 5349 erat
2225 5296 2291 5356 ’⁸,
2334 5310 2352 5343 ι
2398 5290 2495 5345 etsi
2529 5290 2646 5358 ejus
2693 5287 2978 5354 conceptio
3029 5279 3394 5358 nativitasque
3440 5273 3655 5328 easdem

2079 5384 2310 5440 Joannis
2335 5390 2640 5436 consecutae
2668 5379 2920 5433 fuissent.
2949 5374 3006 5428 Si
3038 5388 3165 5442 ergo
3207 5370 3372 5440 prior,
3410 5381 3514 5418 non
3541 5363 3661 5431 qui-

2082 5480 2205 5533 dem
2251 5477 2551 5531 secundum
2582 5488 2823 5536 carnem,
2858 5467 2950 5524 sed
2983 5476 3108 5519 ante
3140 5446 3357 5516 carnem
3388 5468 3526 5512 erat.
3557 5453 3599 5506 A
3625 5459 3663 5502 :-

2085 5569 2220 5622 dcns
2247 5568 2408 5621 etiam
2438 5565 2622 5619 Jesum
2659 5561 2748 5616 Dei
2778 5561 2990 5628 Agnum
3019 5569 3138 5608 esse
3167 5557 3397 5604 testatur
3424 5561 3533 5614 quo
3563 5543 3667 5594 tol-

2087 5666 2214 5717 litur
2255 5667 2533 5729 ιυρισιιοιιιιιι
2577 5654 2788 5720 mundi,
2835 5648 3214 5723 praenuntiatus
3249 5640 3483 5696 hostiam
3514 5635 3670 5691 victi-
