4046 6500
365 415 465 480 199

1594 411 1977 476 GREGORII
2013 410 2338 476 PALAME

3515 397 3619 460 200

359 527 614 598 tii‘amque
644 544 740 598 pro
773 526 1096 584 remissione
1117 535 1465 598 peccatorum
1494 539 1804 582 nostrorqu
1834 529 1934 581 im-

2062 524 2325 596 ιμαρτιῶν
2349 521 2511 591 ἡμῶν
2537 516 2704 572 αὐτοῦ
2751 516 2945 570 θυσίαν
2992 517 3085 569 καὶ
3145 517 3384 582 σφαγήν.
3460 514 3618 567 Ἀλλὰ

363 623 696 675 motandam.
731 620 962 689 Insuper
999 623 1252 676 eumdem
1296 629 1528 676 testatur
1565 634 1687 675 esse
1727 619 1947 674 Altissi-

363 727 533 772 munt,
588 727 618 766 a
650 713 789 766 coelo
817 713 1192 776 descendisse,
1220 727 1397 780 neque
1422 711 1583 765 linem
1615 709 1820 764 habere
1853 707 1945 775 qui

365 801 626 864 Spiritum
656 818 684 856 a
712 801 874 857 Patre
902 818 1008 857 non
1049 803 1101 857 iu
1138 818 1395 858 mensura
1426 802 1654 870 accepit.
1679 802 1734 854 In
1765 802 1944 870 ipsum

275 894 279 898 ’
361 893 582 962 quidem
615 893 966 949 credentibus
998 895 1164 948 vitam
1191 893 1480 964 pollicetur
1504 901 1782 954 aternatn,
1827 891 1949 945 inli-

363 982 577 1037 delibus
650 999 776 1038 vero
847 984 1256 1039 ineluctabilem
1325 982 1420 1037 Dei
1493 982 1734 1037 minatur
1787 981 1946 1034 iram.

366 1071 439 1125 De
462 1074 758 1143 semetipso
782 1073 1069 1144 respondet
1094 1089 1124 1128 a
1150 1073 1762 1144 propriisinterrogatus
1786 1069 1951 1124 disci-

369 1162 512 1230 pulis
541 1177 556 1214 :
589 1181 609 1214 t
649 1163 804 1217 illum
843 1172 1059 1234 oportet
1087 1163 1299 1232 augeri,
1335 1178 1422 1218 me
1449 1171 1626 1217 autem
1651 1160 1820 1216 minui
1844 1160 1944 1214 ".i

367 1252 433 1307 Et
461 1253 762 1308 ostendens
787 1265 1010 1324 propter
1039 1270 1202 1324 quam
1232 1269 1452 1309 causam
1499 1269 1602 1306 non
1633 1255 1745 1322 ipse
1771 1252 1945 1314 solus,

367 1346 462 1398 sed
504 1356 559 1399 et
604 1345 786 1398 omnia
831 1346 880 1399 ei
925 1355 1134 1398 tantum
1199 1357 1326 1399 sunt
1379 1344 1635 1398 inferiora
1683 1351 1949 1412 Quantum

369 1442 511 1488 terra
535 1435 853 1491 coelestibus
893 1452 907 1489 :
942 1454 961 1486 ι
1000 1435 1104 1502 Qui
1160 1437 1448 1491 desursum
1499 1437 1682 1500 venit,
1736 1437 1947 1504 inquit,

367 1540 533 1594 super
575 1540 767 1581 omnes
817 1536 902 1582 est
933 1526 1013 1592 “;
1059 1545 1081 1580 ι
1113 1527 1181 1581 ab
1214 1527 1493 1582 munibus
1525 1536 1862 1597 segregatus,
1897 1537 1951 1580 ct

372 1625 652 1685 paternam
686 1633 920 1674 servans
944 1618 1319 1674 excellentiam
1354 1629 1608 1688 tanquam
1639 1619 1779 1674 ﬁlius
1809 1619 1948 1674 dile-

371 1720 514 1762 ctus.
545 1706 612 1760 Et
643 1725 832 1765 rursus
868 1727 884 1764 :
924 1728 942 1761 ι
985 1710 1146 1764 Pater
1181 1711 1358 1780 diligit
1407 1708 1604 1764 Filium
1633 1748 1648 1773 ,
1679 1722 1732 1766 et
1763 1710 1950 1766 omnia

371 1797 518 1854 dedit
546 1797 602 1852 in
635 1807 900 1869 poteState
936 1799 1078 1868 ejus.
1105 1800 1206 1866 Qui
1237 1803 1413 1856 credit
1457 1803 1510 1854 in
1541 1798 1758 1867 Filium,
1790 1801 1953 1855 habet

374 1890 540 1942 vitam
564 1895 825 1943 aeternam
849 1906 863 1955 ;
889 1890 978 1958 qui
1002 1899 1181 1943 autem
1207 1891 1521 1945 incredulus
1548 1899 1632 1946 est
1655 1889 1816 1956 Filio,
1841 1905 1950 1944 non

373 1981 582 2036 videbit
615 1981 806 2046 vitatu,
838 1981 930 2035 sed
960 1981 1042 2036 ira
1076 1980 1169 2038 Dei
1200 1991 1386 2037 manet
1413 1997 1579 2053 super
1605 1997 1730 2038 eum
1759 1982 1828 2040 ".
1859 2001 1880 2037 ι

366 2223 372 2232 Ι
443 2155 575 2212 Inde
601 2158 668 2212 ad
710 2158 1043 2230 baptismum
1090 2161 1237 2216 venit
1283 2160 1444 2218 Jesus
1491 2163 1558 2218 ad
1599 2163 1956 2218 exercendum

379 2249 742 2303 obedientiam
810 2249 1034 2306 iuequ
1088 2252 1179 2322 qui
1253 2251 1522 2308 Joannem
1580 2253 1755 2320 misit,
1816 2255 1962 2309 sicut

380 2340 497 2410 ipse
541 2340 678 2394 dixit
726 2356 742 2394 :
782 2358 800 2392 ι
832 2340 921 2397 Sic
954 2343 1107 2397 decet
1147 2357 1246 2398 nos
1280 2343 1507 2414 implere
1537 2359 1757 2400 omnem
1789 2345 1953 2413 justi-

382 2432 515 2486 tiam
541 2432 609 2497 “;
641 2449 660 2484 ι
690 2434 834 2502 quod
867 2433 995 2489 fecit
1027 2434 1096 2489 ad
1121 2449 1276 2489 suam
1312 2435 1804 2492 tuanil'estatiouetu
1832 2451 1848 2502 ;
1877 2436 1963 2491 itt-

369 2537 573 2602 Asuper,
603 2530 663 2577 ut
693 2522 1034 2578 salutiferam
1065 2527 1334 2595 arriperet
1362 2525 1524 2591 viam,
1556 2535 1612 2582 et
1636 2535 1845 2582 certum
1875 2526 1961 2582 fa-

370 2617 536 2688 iceret
577 2615 935 2684 sequentibus
989 2616 1408 2686 baptizatisque,
1443 2619 1583 2673 sicut
1627 2618 1748 2691 ipse
1794 2619 1965 2676 subo-

371 2703 593 2778 ;stendit
611 2712 666 2759 et
684 2704 955 2776 patefecit,
982 2707 1241 2775 quoniam
1267 2707 1428 2763 datur
1449 2705 1686 2778 Spiritus
1713 2719 1964 2777 sanctus,

371 2773 606 2850 ‘nccnon
654 2773 751 2867 per
781 2773 1132 2867 semetipsum
1167 2773 1508 2870 baptismum
1537 2801 1848 2857 institueret
1885 2773 1968 2858 re;

372 2871 664 2982 ξιιιιιάἰιιιη,
694 2889 1002 2982 emundans
1029 2900 1244 2947 nostras
1265 2907 1330 2947 ex
1353 2891 1644 2949 libidinosa
1680 2895 1966 2951 nativitate

373 2979 613 3048 ivitaque
657 2988 808 3036 ortas
855 2981 1079 3047 sordes;
1127 2983 1240 3054 ipse
1292 2985 1438 3041 cnim
1483 2998 1754 3058 quatenus
1805 2986 1970 3043 homo

373 3073 797 3144 gemundatione
827 3074 970 3129 haud
999 3075 1272 3146 indigebat
1312 3094 1380 3134 ex
1430 3080 1714 3150 impolluta
1745 3079 1969 3150 Virgine

388 3174 574 3231 natus,
594 3174 648 3220 et
671 3181 769 3236 per
789 3176 962 3222 totam
987 3170 1150 3224 vitam
1175 3174 1379 3240 peccati
1399 3172 1677 3239 immunis,
1709 3176 1804 3230 sed
1839 3175 1966 3245 quia
1993 3209 2040 3274 Ο

375 3237 619 3353 :propter
651 3273 752 3314 nos
808 3269 970 3315 natus
1017 3269 1100 3316 est
1125 3302 1141 3326 ,
1176 3237 1356 3318 etiam
1395 3276 1613 3336 preptcr
1644 3237 1746 3322 nos
1777 3237 1968 3334 purifi-

377 3349 571 3404 icatur.
608 3349 776 3420 Igitur
801 3367 829 3404 a
854 3350 1066 3408 Joanne
1097 3355 1430 3423 baptizatur,
1471 3367 1525 3412 et
1555 3359 1870 3412 ascendenti
1903 3359 1971 3412 ab

378 3425 534 3524 :aqua
563 3442 665 3512 ipsi
689 3425 1080 3513 adaperiuntur
1107 3447 1252 3512 coeli,
1279 3456 1330 3502 ct
1359 3462 1485 3502 ecce
1514 3465 1616 3502 vox
1642 3446 1820 3502 Patris
1845 3449 1971 3502 hinc

379 3531 615 3589 'auditur
655 3552 671 3589 :
714 3554 733 3587 ι
774 3535 872 3590 Hic
910 3547 994 3592 est
1040 3535 1208 3595 Filius
1260 3556 1412 3596 tuens
1446 3542 1714 3605 dilectus,
1762 3542 1815 3596 itt
1861 3556 1971 3609 quo

381 3625 534 3704 {mihi
568 3626 871 3692 complacui
906 3629 992 3694 ³¹;
1031 3648 1051 3682 ι
1103 3639 1157 3684 et
1196 3631 1340 3686 sicut
1369 3633 1623 3687 columba
1677 3632 1732 3686 itt
1791 3633 1968 3704 ipsum

380 3697 675 3794 {descendit
709 3717 949 3787 Spiritus
984 3719 1075 3776 Dei
1118 3721 1414 3778 iudicantis
1443 3725 1621 3793 qualis
1653 3727 1724 3778 sit
1753 3697 1842 3778 ille
1875 3724 1968 3793 qui

382 3795 426 3861 ’a
471 3808 610 3862 cmlo
651 3810 1026 3866 tostimoninm
1069 3813 1282 3883 accipit.
1340 3814 1416 3869 lta
1466 3817 1681 3886 quidem
1741 3816 1972 3871 manife-

395 3905 570 3953 statur
597 3899 706 3964 ille,
737 3909 800 3954 ut
831 3917 990 3957 verus
1023 3901 1232 3966 Filius;
1263 3904 1649 3960 manifestatur
1687 3915 1742 3961 et
1772 3907 1825 3960 in
1863 3920 1976 3961 coe-

396 3988 462 4043 lis
509 3988 669 4045 Pater
714 3991 870 4060 quasi
909 4007 1077 4048 verus
1133 3993 1330 4061 Pater;
1386 3995 1772 4051 manifestatur
1807 3995 1971 4050 etiam

399 4079 639 4150 Spiritus
666 4091 892 4138 sanctus
919 4085 1222 4154 procedens
1247 4086 1466 4154 quidem
1501 4089 1552 4141 in
1584 4103 1704 4143 csse
1739 4103 1767 4140 a
1792 4085 1974 4154 Patre,

399 4175 494 4228 sed
529 4190 690 4246 super
743 4177 1045 4232 naturalem
1097 4179 1278 4234 Patris
1329 4177 1526 4234 Filium
1580 4181 1973 4249 requiescens;

2049 617 2142 669 καὶ
2161 613 2324 668 αὑτὸν
2345 609 2484 664 εἶναι
2516 613 2782 681 μαρτυρεῖ
2811 611 2904 661 τὸν
2937 609 3221 678 ’Υψιστον,
3251 609 3344 662 καὶ
3371 609 3430 674 ἐξ
3457 609 3624 676 οῦρι·

2048 707 2142 764 νοῦ
2173 707 2367 760 τοῦτον
2394 703 2725 766 καταϐῆναι,
2748 702 2839 753 καὶ
2869 700 3303 770 ἀπειροδύναμον
3353 693 3517 764 εῖναι,
3551 699 3624 760 ῶς

2048 800 2145 853 οὐκ
2181 797 2246 850 ὲκ
2282 795 2483 866 μέτρου
2523 792 2754 845 λαϐόντα
2777 791 2838 844 τὺ
2902 790 3123 858 Πνεῦμα
3168 791 3280 860 87
3313 791 3466 856 παρὰ
3529 790 3626 842 τοῦ

2049 889 2282 960 Πατρός.
2315 889 2425 942 Καὶ
2439 889 2551 948 τοῖς
2579 885 2679 951 μὲν
2700 885 2781 945 είς
2801 884 2965 936 αὐτὸν
2983 882 3336 936 πιστεύουσιν
3357 881 3628 948 ἐπαγγέλ-

2047 983 2198 1036 λεται
2223 980 2370 1050 ζωὴν
2399 980 2638 1042 αἰώνιον,
2664 981 2777 1040 τοῖς
2799 975 2856 1028 δὲ
2884 974 3202 1028 ἀπειθοῦσιν
3251 974 3470 1028 ἀπειλεῖ
3528 973 3627 1043 ⁸ιὴν

2047 1073 2142 1128 τοῦ
2202 1071 2341 1126 Θεοῦ
2391 1071 2796 1136 ἀναπόδραστον
2859 1067 3065 1135 ὀργήν·
3103 1065 3461 1136 ἀποκρίνεται
3519 1067 3631 1132 γὰρ

2050 1165 2178 1237 περὶ⁵
2202 1162 2392 1228 αὐτοῦ,
2419 1162 2570 1230 παρὰ
2599 1160 2709 1214 τῶν
2737 1159 2956 1214 οίκείων
2984 1156 3245 1227 μαθητῶν
3305 1155 3628 1228 ἐρωτηθεὶς.

2048 1261 2132 1312 δτι
2183 1277 2202 1310 ι
2239 1258 2480 1310 Ἐκεῖνον
2506 1253 2591 1306 δεῖ
2633 1253 2909 1319 αὐξάνειν,
2963 1251 3064 1319 ἐμὲ
3085 1249 3142 1303 δὲ
3181 1247 3562 1302 ἐλαττοῦσθαι.
3601 1264 3622 1298 ι

2052 1350 2164 1403 Καὶ
2189 1348 2406 1408 δεικνὺς
2428 1348 2575 1408 τίνος
2603 1345 2791 1397 ἕνεκεν
2815 1342 3026 1395 ἐκείνου
3089 1339 3164 1411 μὴ
3225 1339 3388 1409 μόνον
3440 1339 3629 1400 αὐτὸς,

2050 1441 2187 1494 ἀλλὰ
2213 1440 2306 1494 καὶ
2336 1442 2406 1491 τα
2432 1439 2606 1492 πάντα
2636 1437 2862 1498 ἐλάττω,
2904 1433 3134 1487 καθόσον
3157 1434 3188 1500 ἡ
3239 1431 3312 1500 γῆ
3335 1429 3429 1483 τοῦ
3458 1431 3636 1498 ὑπερ-

2051 1533 2325 1601 ουρανίου.
2391 1548 2410 1582 t
2455 1530 2515 1584 '0
2561 1527 2789 1592 ἄνωθεν,
2858 1527 3042 1594 φησὶν,
3093 1523 3388 1594 έρχόμενος
3440 1523 3634 1574 ἐπάνω

2053 1627 2273 1679 πάντων
2305 1623 2454 1676 ἐστίν
2492 1635 2510 1652 ο
2556 1639 2576 1673 ι
2607 1618 2946 1693 ἐξῃρημένος
2992 1615 3230 1676 πάντων,
3255 1615 3351 1668 καὶ
3395 1614 3495 1682 τὴν
3521 1629 3634 1664 πα-

2051 1717 2238 1791 τρῴαν
2294 1713 2568 1784 ὑπεροχὴν
2594 1708 2914 1775 ἀποσώζων,
2939 1708 3016 1770 ὡς
3047 1708 3163 1771 υίὸς
3185 1706 3489 1775 ἀγαπητός.
3519 1701 3635 1758 Καὶ

2055 1808 2219 1862 πάλιν
2249 1820 2262 1834 ⁸
2293 1823 2313 1857 ι
2364 1803 2424 1854 '0
2459 1801 2647 1870 Πατὴρ
2669 1800 2860 1869 ἀγαπᾷ
2893 1798 2984 1851 τὸν
3017 1797 3168 1861 Υίδν,
3201 1797 3293 1850 καὶ
3332 1796 3509 1848 πάντα
3546 1793 3634 1847 δέ·-

2055 1900 2227 1954 δωκεν
2254 1899 2310 1951 ὲν
2332 1897 2397 1965 τῇ
2427 1893 2572 1964 χειρὶ
2595 1891 2782 1944 αὑτοῦ.
2821 1890 2880 1944 Ὀ
2917 1888 3192 1942 πιστεύων
3239 1887 3321 1948 είς
3362 1884 3453 1939 τὸν
3505 1885 3635 1939 Υίδν

2057 1991 2170 2062 ἔχει
2194 1989 2340 2055 ζωὴν
2368 1986 2586 2040 αίὼνιον
2617 1999 2632 2015 ⁸
2659 1984 2688 2036 6
2735 1981 2980 2054 ἀπειθῶν
3039 1979 3118 2049 τῷ
3145 1977 3259 2048 Υίῷ
3293 1979 3397 2031 οὒκ
3441 1975 3634 2044 θψεται

2056 2083 2156 2148 τὴν
2185 2080 2350 2152 ζωὴν,
2386 2076 2550 2145 ἀλλ’ἢ
2573 2075 2711 2148 ὀργὴ
2747 2075 2842 2128 τοῦ
2871 2072 3010 2127 Θεοῦ
3039 2073 3192 2142 μενεί
3237 2069 3326 2124 ἐπ’
3380 2068 3566 2122 αὐτόν.
3609 2085 3629 2118 ι

2135 2170 2398 2240 Ἔρχεται
2423 2167 2554 2236 γοῦν
2588 2165 2684 2220 καὶ
2714 2167 2743 2218 ό
2768 2164 3005 2234 Χριστὸς
3038 2162 3176 2233 πρὸς
3206 2160 3267 2214 τὸ
3318 2159 3632 2228 βάπτισμα,

2059 2261 2218 2318 τοῦτο
2248 2261 2347 2331 μὲν
2371 2260 2457 2314 διὰ
2485 2259 2586 2330 τὴν
2610 2257 2748 2329 πρὸς
2779 2257 2872 2310 τὸν
2891 2254 3183 2324 πέμψαντα
3237 2252 3330 2304 τὸν
3384 2249 3636 2318 Ἰωάννην

2062 2350 2397 2412 εὐπείθειαν,
2423 2349 2499 2411 ὡς
2537 2348 2632 2400 καὶ
2657 2346 2818 2409 αὐτὸς
2849 2341 3036 2397 εἶπενο
3073 2362 3090 2394 ι
3141 2342 3295 2395 Οὕτω
3333 2340 3443 2410 γὰρ
3501 2340 3638 2409 πρέυ

2063 2461 2164 2498 πον
2191 2444 2322 2513 ἡμῖν
2352 2443 2468 2495 ιστι
2501 2437 2787 2511 πληρῶσαι
2811 2438 2993 2491 πᾶσαν
3017 2433 3364 2504 δικαιοσύνην
3391 2452 3411 2486 ι
3434 2449 3451 2463 ο
3477 2431 3639 2485 τοῦτο

2063 2536 2120 2590 δι
2151 2535 2238 2589 διὰ
2267 2536 2365 2605 τὴν
2386 2531 2596 2586 οἰκείαν
2639 2531 2946 2601 φανέρωσιν
2974 2543 2991 2558 ·
3045 2526 3179 2597 πρὸς
3218 2523 3298 2590 δὲ,
3359 2523 3454 2578 καὶ
3493 2520 3637 2575 ὥστε

2067 2627 2167 2698 τῆς
2193 2626 2468 2696 σωτηρίου
2495 2622 2764 2700 ποδηγίας
2789 2618 3165 2692 ἀπάρξασθαι,
3197 2619 3293 2670 καὶ
3348 2613 3632 2668 πιστώσαο

2069 2717 2196 2772 σθαι
2224 2718 2336 2779 τοῖς
2364 2714 2656 2784 ἑπομένοις
2696 2712 2791 2767 καὶ
2843 2709 3289 2781 βαπτιζομένοις,
3351 2706 3426 2770 ῶς
3475 2707 3640 2767 αὐτὸς

2067 2807 2312 2874 ὑπέδειξε
2352 2806 2446 2861 καὶ
2469 2802 2824 2875 προσέταξεν,
2851 2803 2937 2857 ὅτι
2956 2800 3184 2870 Πνεῦμα
3209 2800 3367 2867 αγιον
3413 2796 3641 2862 δίδοται,

2071 2904 2169 2956 καὶ
2204 2898 2276 2955 δι’
2297 2897 2494 2952 ἑαυτοῦ
2522 2896 2583 2950 τδ
2607 2885 2894 2966 βάπτισμα
2909 2891 3321 2948 κατασκευάσαι
3374 2890 3644 2962 καθαρτι-

2070 2995 2168 3049 κὸν
2198 2993 2491 3063 φάρμακον
2521 2989 2631 3043 τῶν
2675 2988 2734 3041 έν
2755 2990 2883 3059 ἡμῖν
2907 2985 3244 3040 εντακέντων
3273 2981 3648 3052 μολυσμάτων

2073 3085 2132 3152 ἐξ
2160 3083 2441 3155 ιμπαθοῦς
2461 3083 2728 3150 γενέσεως
2760 3081 2854 3132 καὶ
2883 3077 3130 3148 βιώσεως
3155 3091 3170 3108 ο
3193 3076 3242 3127 εί
3272 3075 3381 3143 γὰρ
3414 3071 3510 3124 καὶ
3547 3071 3648 3123 αὑ-

2071 3178 2165 3239 τὸς
2202 3174 2402 3238 οὐδ’ῶς
2441 3174 2726 3243 ἄνθρωπος
2747 3171 2916 3224 ἐδεῖτο
2933 3167 3275 3237 καθάρσεως,
3328 3163 3388 3228 ἐξ
3410 3161 3653 3234 ἀμολύν-

2071 3287 2166 3322 του
2196 3266 2477 3337 γεννηθεὶς
2503 3263 2804 3333 Παρθένου,
2845 3260 2941 3314 καὶ
2979 3259 3129 3327 βιοὺς
3153 3260 3334 3330 πάσης
3367 3257 3650 3327 ἁμαρτίας

2072 3361 2255 3423 ἐκτὸς,
2285 3357 2400 3412 ἀλλ’
2434 3356 2558 3410 ἐπεὶ
2585 3354 2653 3409 δι’
2691 3355 2839 3425 ἡμᾶς
2899 3353 3190 3424 ἐγεννήθη,
3233 3353 3302 3406 δι’
3351 3353 3499 3423 ἡμᾶς
3553 3354 3650 3404 καὶ

2071 3453 2416 3522 καθαίρεται.
2473 3447 2804 3511 Βιπτίςεται
2871 3445 3053 3499 τοίνυν
3108 3445 3263 3516 παρὰ
3321 3445 3418 3498 τοῦ
3454 3445 3642 3497 Ἰωάν-

2075 3560 2192 3607 νου,
2223 3543 2320 3595 καὶ
2339 3541 2544 3596 ἀνιόντι
2579 3540 2687 3592 ἀπὸ
2709 3537 2804 3592 τοῦ
2837 3536 3030 3600 ὕδατος
3066 3537 3377 3605 ἀνοίγονται
3404 3535 3554 3606 αὐτῷ
3597 3537 3650 3590 oi

2073 3635 2314 3706 οὐρανοὶ,
2357 3631 2454 3685 καὶ
2510 3629 2668 3700 φωνὴ
2717 3627 2812 3682 τοῦ
2872 3628 3084 3698 Πατρδς
3140 3628 3473 3692 ἐξάκουστος
3504 3628 3653 3680 ὲκεί-

2075 3723 2167 3776 θεν
2186 3723 2414 3790 γίνεται·
2439 3739 2457 3773 ι
2480 3712 2648 3795 Οὗτός
2674 3720 2820 3774 ἔστιν
2839 3719 2868 3770 ό
2887 3715 3014 3780 Υἱός
3033 3735 3139 3788 μου
3157 3719 3185 3771 ό
3201 3718 3504 3788 ἀγαπητὸς,
3530 3718 3588 3770 ὲν
3605 3709 3652 3784 ᾧ

2075 3815 2344 3886 εὐδόκησα
2367 3827 2383 3842 °
2411 3831 2430 3866 ι
2460 3815 2553 3866 καὶ
2573 3811 2647 3874 ὡς
2673 3811 2975 3882 περιστερὰ
3007 3809 3098 3864 ἐπ’
3129 3800 3299 3863 ἀὐτὸν
3320 3809 3652 3880 κατέρχεται
3734 3825 3740 3832 ·

2075 3908 2138 3960 τὸ
2152 3905 2373 3975 Πνεῦμα
2394 3903 2486 3957 τοῦ
2502 3903 2662 3968 Θεοῦ,
2676 3901 2985 3966 δεικνύντος
3009 3905 3122 3965 τοῖς
3149 3902 3384 3972 παροῦσι
3401 3902 3492 3955 τὸν
3512 3918 3655 3971 μαρ-

2075 3998 2408 4066 τυρούμενον
2428 3992 2654 4048 ἄνωθεν.
2685 3994 2793 4047 Καὶ
2811 3992 3143 4063 φανεροῦται
3162 3992 3261 4062 μὶν
3301 3993 3474 4054 οὕτως
3506 3993 3655 4044 ἐκεῖ·

2077 4104 2166 4149 νος
2222 4086 2349 4148 Υίὸς
2375 4083 2451 4136 ὢν
2482 4084 2735 4154 ἀληθινός
2762 4099 2777 4115 ’
2805 4082 3133 4155 φανεροῦται
3165 4084 3221 4137 δὲ
3253 4085 3282 4136 ὁ
3312 4084 3371 4136 έν
3422 4087 3532 4145 τοῖς
3563 4081 3657 4136 οὑ-

2082 4179 2264 4250 ρανοτς
2293 4177 2504 4248 Πατὴρ,
2538 4177 2727 4248 Πατὴρ
2756 4177 3018 4247 ὑπάρχων
3048 4175 3288 4245 ἀληθήςο
3320 4173 3653 4246 φανεροῦται

399 4267 670 4322 inhabitat
709 4282 838 4322 vero
876 4284 1034 4338 aqua:
1091 4269 1439 4338 baptismatis
1487 4272 1661 4339 gratia
1693 4271 1887 4342 ipsius,
1924 4284 1962 4323 et

2080 4271 2137 4324 δὲ
2155 4271 2216 4323 τὸ
2253 4269 2478 4339 Πνεῦμα
2502 4269 2562 4321 τὸ
2593 4267 2771 4338 ἅγιον,
2797 4269 2988 4339 προϊὸν
3007 4267 3109 4338 μὲν
3123 4267 3260 4349 ,καθ’
3300 4264 3538 4337 ὓπαρξιν
3587 4267 3656 4319 ἐκ

403 4358 580 4412 Patris
611 4359 728 4429 ejus
751 4368 804 4413 et
828 4356 1086 4428 Spiritus,
1113 4369 1172 4415 ut
1205 4368 1388 4430 postea
1421 4361 1596 4416 instar
1629 4361 1770 4417 illius
1805 4363 1962 4433 bapti-

2079 4362 2173 4416 τοῦ
2197 4362 2430 4433 Πατρός,
2447 4361 2930 4431 ἐπαναπαυόμενον
2950 4359 3008 4413 δὲ
3023 4359 3101 4428 τῷ
3112 4359 3319 4429 γνησίῳ
3333 4357 3428 4411 τοῦ
3445 4358 3660 4426 Πατρὺς

401 4451 592 4505 zandis
626 4449 786 4504 insita
823 4451 920 4506 hos
945 4451 1210 4507 divinitus
1245 4463 1532 4522 regeneret
1560 4467 1612 4508 et
1659 4455 1962 4510 tuiraltilitet

2083 4455 2217 4525 Υίῷυ
2239 4455 2673 4524 ὲγκατοικίζεται
2710 4453 2769 4506 δὲ
2789 4453 2865 4524 τῷ
2894 4452 3048 4505 ὕδατι
3079 4449 3173 4504 τοῦ
3217 4451 3587 4522 βαπτίσματος
3622 4453 3657 4520 ὴ

404 4540 634 4598 refectos
671 4551 915 4607 renovet,
959 4543 1032 4597 ita
1083 4552 1142 4597 ut
1169 4558 1292 4598 cum
1330 4545 1444 4614 jam
1477 4560 1542 4599 ex
1599 4554 1776 4600 vett-re
1808 4547 1962 4601 Adau

2087 4547 2244 4616 χάρις
2261 4543 2480 4608 ἑαυτοῦ,
2500 4543 2596 4598 καὶ
2619 4545 2712 4597 τοῦ
2736 4543 2948 4612 [ἰατρὸς
2967 4542 3155 4608 αὐτοῦ,
3181 4542 3387 4596 καὶτοῦ
3413 4541 3663 4612 Πνεῦμα-

405 4649 514 4689 non
545 4633 676 4696 sint,
708 4633 834 4689 inde
871 4649 1218 4704 nequaquam
1251 4634 1685 4690 maledictionem
1723 4637 1941 4692 trahant

2085 4650 2198 4701 τοςο
2213 4639 2285 4698 ὼς
2300 4636 2365 4689 ἂν
2383 4637 2493 4698 τοῖς
2517 4635 2640 4689 κατ’
2656 4635 2819 4688 αὑτὸν
2834 4634 3026 4687 ἔπειτα
3047 4633 3469 4703 βαπτιζομένοις
3486 4646 3663 4702 προσ-

411 4740 594 4780 verum
630 4740 660 4779 e
696 4740 837 4780 novo
864 4725 1038 4779 Adam
1071 4725 1356 4780 nativitate
1384 4737 1627 4796 accepta,
1659 4727 1788 4783 hinc
1823 4731 1988 4786 bene-

406 4817 698 4872 dictionem
735 4815 992 4880 habeant,
1019 4815 1215 4886 etiam
1239 4817 1485 4872 desinant
1509 4834 1631 4874 esse
1657 4820 1748 4875 lilii
1780 4823 1960 4877 carnis

2091 4821 2415 4891 ἁναπλάττῃ
2434 4819 2712 4890 μυστικῶς
2729 4819 2806 4881 ῶς
2825 4817 3026 4888 μηκέτι
3041 4817 3106 4870 ἑκ
3119 4817 3215 4869 τοῦ
3235 4815 3471 4869 παλαιοῦ
3489 4813 3668 4881 Ἀδὰμ

413 4908 615 4979 Deique
664 4909 795 4965 [lant
843 4909 934 4963 lilii
973 4909 1062 4978 qui
1114 4925 1221 4964 non
1273 4925 1339 4964 ex
1390 4913 1675 4981 sanguine,
1703 4929 1879 4984 neque
1915 4931 1962 4970 et

2090 4915 2272 4976 ὄντας,
2295 4910 2504 4964 ἐκεῖθεν
2549 4910 2727 4963 ἕλκειν
2765 4908 2867 4979 τὴν
2913 4908 3076 4978 ἀρὰν,
3124 4907 3240 4960 ἀλλ’
3275 4908 3344 4960 ὲκ
3396 4905 3491 4959 τοῦ
3543 4905 3667 4957 νέου

409 4998 691 5052 voluntate
745 4998 947 5059 carnis,
985 5012 1164 5067 neque
1195 5013 1260 5053 ex
1305 5000 1588 5056 voluntate
1632 5002 1760 5068 viri,
1792 5005 1887 5059 sed
1918 5018 1962 5059 et

2104 5002 2278 5070 Ἀδὰμ
2305 5001 2406 5072 τὴν
2427 5003 2684 5069 γέννησιν
2716 5000 2964 5070 σχόντας,
2986 4998 3087 5069 τὴν
3114 4997 3365 5065 εὐλογίαν
3416 4993 3668 5049 ἐντεῦθεν

413 5087 525 5144 Deo
571 5103 664 5158 per
690 5086 876 5143 Jesum
907 5087 1187 5142 Christum
1220 5089 1331 5143 nati
1372 5099 1522 5146 sunt.

2095 5095 2264 5165 ἔχειν,
2301 5094 2500 5164 μηκέτι
2531 5091 2698 5144 τέκνα
2733 5093 2932 5162 σαρκὸς
2949 5092 3129 5154 ὄντας,
3157 5089 3296 5142 ἀλλὰ
3319 5091 3485 5142 τέκνα
3509 5087 3671 5148 Θεοῦ,

413 5185 464 5239 οἳ
499 5185 598 5238 οὐκ
632 5185 689 5251 ἐξ
719 5184 992 5254 αἱμάτων,
1019 5183 1140 5236 οὐδὲ
1159 5188 1223 5237 ὲκ
1269 5185 1572 5256 θελήματος
1617 5188 1840 5258 σαρκὸς,
1867 5190 1989 5244 οὐδὲ
2022 5189 2087 5244 ὲκ
2115 5190 2419 5253 θελήματος
2449 5189 2660 5258 ἀνδρὸς,
2691 5186 2808 5241 ἀλλ’
2837 5187 2903 5239 ἐκ
2931 5185 3067 5239 Θεοῦ
3127 5185 3216 5238 διὰ
3286 5182 3463 5254 Ἰησοῦ
3533 5183 3672 5252 Χριι

418 5278 545 5332 στοῦ
573 5277 970 5348 ἐγεννήθησαν.

488 5371 623 5426 Nam
652 5369 754 5424 etsi
789 5369 856 5424 ad
887 5371 1208 5427 exercitium
1239 5412 1255 5438 ,
1290 5372 1354 5427 ad
1395 5373 1832 5444 experimentum
1860 5417 1876 5441 ,
1927 5391 1954 5428 a

2167 5369 2287 5422 Κᾶν
2317 5368 2425 5437 γὰρ
2454 5364 2536 5418 ἔτι
2564 5364 2697 5435 πρὸς
2723 5360 3055 5432 γυμνασίαν,
3097 5359 3234 5431 πρὸς
3261 5359 3510 5429 δοκιμὴν,
3533 5359 3670 5429 πρὸς

419 5464 814 5518 correctionem
842 5501 857 5527 ,
892 5464 957 5518 ad
994 5466 1484 5534 apprehensionem
1521 5467 1667 5521 exitu
1703 5468 1867 5536 hujus
1895 5484 1962 5523 sa:

2095 5462 2403 5528 διόρθωσιν,
2429 5459 2564 5528 πρὸς
2581 5455 2887 5525 κατάληψιν
2909 5455 3006 5522 τῆς
3031 5455 3408 5522 ταλαιπωρίας
3432 5451 3675 5504 1030.55)-

424 5555 532 5608 culi
583 5556 926 5623 gravescenti
965 5555 1202 5626 pondere
1229 5557 1411 5612 carnis
1440 5568 1710 5627 corruptae
1741 5574 1962 5628 premau

2097 5575 2188 5619 νος
2211 5555 2408 5609 τούτου
2441 5553 2518 5623 τῷ
2541 5553 2695 5606 κάτω
2722 5551 2962 5622 βρίθοντι
2989 5551 3194 5621 φορτίῳ
3225 5553 3323 5621 τῆς
3375 5549 3675 5619 φθειρομέ..

426 5654 550 5711 tur,
581 5643 929 5701 invisibiliter
979 5656 1155 5702 tamen
1202 5648 1480 5705 Christum
1516 5649 1696 5704 induti
1735 5659 1884 5714 sunt,
1925 5649 1962 5702 it

2099 5665 2198 5718 νης
2233 5647 2434 5718 σαρκὸς
2463 5645 2824 5717 βαρύνωνται,
2885 5641 3002 5696 ἀλλ’
3047 5641 3294 5713 ἀοράτως
3340 5641 3683 5712 ἐνδεδυμένοι

500 5824 543 5855 ’⁷
571 5820 730 5878 Joan.
764 5839 853 5890 ιιι,
879 5825 968 5881 50.
1046 5827 1092 5862 ³³
1119 5826 1276 5885 Joan.
1313 5829 1506 5896 ttt,3l.
1584 5830 1628 5862 ”
1668 5827 1806 5884 ibid.
1838 5826 1928 5890 55,

2075 5825 2266 5883 Matth.
2304 5825 2499 5890 nt,15.
2578 5825 2620 5859 ³⁸
2650 5823 2844 5880 Matth.
2885 5840 2966 5886 ιιι.
2997 5823 3095 5880 l7.

2087 4727 2334 4797 φυομένη
2368 4726 2636 4796 ἀναγεννᾷ
2654 4724 2877 4789 τούτους
2905 4723 3066 4788 θείως
3100 4723 3196 4777 καί
3223 4723 3545 4792 ἀνακαινίζῃ
3567 4722 3664 4773 καὶ
3691 4748 3693 4750 -
3777 4735 3781 4738 '
