4046 6466
333 338 437 406 201

1713 343 1873 404 ΗΟΜ
1887 343 2041 404 ΙιΙΛ
2077 345 2230 407 XVI.
2904 371 2915 400 ο

3489 335 3598 400 202

327 461 737 533 Xptct-iveiscv,
768 462 843 526 ὡς
859 462 1117 518 δύνασθαι
1137 465 1418 519 κάνταῦθα
1473 466 1572 534 τῆς
1603 463 1769 516 αὑτοῦ
1810 481 1907 514 πο-

2012 471 2073 516 ut
2101 465 2319 518 studere
2345 469 2551 533 queant
2587 459 2988 529 consequentiae
3019 457 3138 529 ejus
3166 457 3395 522 civitati,
3430 474 3596 528 quam

325 555 532 618 λιτείας
564 556 1002 628 μεταλαγχάνειν
1020 559 1442 623 σπουδάζοντες,
1473 557 1568 610 καὶ
1597 557 1744 628 μετὰ
1811 557 1910 626 τὴν

324 647 539 701 ἐνθένδε
560 647 716 717 λῆξιν
738 649 838 720 τῆς
862 649 1029 703 αὑτοῦ
1061 651 1470 721 μακαριότητος
1515 649 1612 702 καὶ
1655 650 1911 718 λαμπρό-

322 757 490 809 τητος
512 741 604 794 καὶ
631 740 941 810 ἀφθαρσίας
999 744 1289 811 μετασχεῖν
1313 759 1328 772 ·
1383 740 1644 810 καθάπερ
1683 741 1792 809 γάρ
1842 737 1912 791 δι’

322 831 452 893 ἐνὸς
499 833 592 884 τοῦ
625 830 798 899 Ἀδάμ
827 832 907 895 είς
935 831 1060 894 τοὺς
1120 832 1622 902 μεταγενεστέρους
1659 846 1915 900 προγονι-

321 923 441 984 κῶς
470 922 622 994 διέϐη
649 924 682 992 ή
705 923 798 975 τοῦ
835 922 1068 977 θανάτου
1101 924 1325 994 εὑθύνη,
1361 924 1536 988 οὕτως
1570 927 1628 990 ἐξ
1664 923 1780 985 ἐνὸς
1817 921 1911 975 τοῦ

321 1013 678 1084 θεανθρὼπου
703 1015 880 1081 Λόγου
926 1017 1006 1076 εἰς
1028 1014 1155 1079 τοὺς
1191 1015 1674 1086 ἁναγεννωμένους
1714 1014 1774 1078 ἐξ
1820 1015 1917 1066 αὐ-

318 1105 423 1157 τοῦ
458 1105 661 1167 πάντας
689 1106 720 1174 ἠ
751 1105 851 1174 τῆς
883 1107 1106 1158 αἰωνίου
1132 1106 1228 1160 καὶ
1250 1107 1504 1177 οὐρανίου
1538 1105 1684 1176 ζωῆς
1699 1105 1914 1160 διαϐαί-

318 1213 408 1248 νει
429 1195 588 1264 χάρις
610 1212 625 1226 ⁸
655 1195 737 1248 διὸ
759 1197 853 1248 καὶ
873 1197 1218 1266 ἀνεῳγμένος
1239 1200 1358 1250 ἐστὶ
1378 1198 1588 1258 τούτοις
1619 1199 1648 1250 6
1662 1198 1911 1267 οὐρανὸς,

318 1289 715 1356 ὑποδεξάμενος
750 1288 980 1350 τούτους
1017 1289 1160 1341 κατὰ
1207 1292 1422 1360 καιρὸν,
1477 1292 1637 1362 είπερ
1673 1291 1913 1363 τραφένο

314 1396 418 1442 τες
449 1382 505 1432 ὲν
537 1382 601 1448 τῇ
629 1380 766 1450 πρὸς
801 1380 965 1432 αὐτὸν
999 1379 1206 1446 πίστει,
1254 1385 1349 1435 καὶ
1410 1385 1477 1453 τῇ
1526 1383 1671 1436 κατὰ
1727 1383 1914 1436 πίστιν

315 1472 638 1543 δικαιοσύνῃ
697 1475 1026 1544 κληρονόμοι
1089 1476 1204 1547 88
1258 1465 1522 1541 γένωνται
1593 1475 1753 1542 Θεοῦ,
1812 1493 1915 1529 κα-

317 1565 502 1636 θάπερ
550 1567 800 1630 ἐξουσίαν
831 1566 1046 1631 ἔλαϐον,
1089 1570 1185 1620 καὶ
1217 1569 1455 1638 Χριστοῦ
1538 1569 1915 1640 συγκληρονό-

321 1676 443 1727 μοι,
475 1659 573 1725 τῆς
607 1659 888 1729 ἀκηράτου
916 1657 1061 1730 ζωῆς
1093 1659 1280 1727 αὐτοῦ,
1315 1660 1413 1713 καὶ
1464 1661 1564 1732 τῆς
1609 1660 1915 1725 ἀθανασίας

320 1751 710 1830 μετασχόντες,
753 1753 848 1804 καὶ
875 1752 1049 1822 τούτῳ
1107 1753 1360 1816 συνόντες
1417 1753 1762 1824 άχωρίστως,
1819 1756 1913 1809 καὶ

2017 557 2195 612 801·ιίιί
2227 556 2496 612 fclicitatis
2523 555 2644 624 ejus
2671 569 2884 608 necnon
2929 552 3195 608 claritatis
3245 562 3300 607 et
3348 552 3600 607 incorru-

2017 649 2325 718 ptibilitatis
2354 649 2650 719 participes
2691 649 2859 708 liant;
2890 645 3092 701 etenim
3125 645 3267 700 sicut
3295 656 3594 712 per-unum

2015 741 2185 793 Altam
2221 741 2272 793 in
2305 745 2554 808 posteros
2585 738 2911 793 necessitate
2938 736 3310 807 generationis
3347 735 3602 789 transivit

2017 831 2210 887 mortis
2240 831 2574 901 stipendium
2597 873 2612 898 ,
2651 830 2722 884 ita
2756 847 2820 885 ex
2855 846 2969 884 uno
3002 829 3113 884 Deo
3147 828 3479 898 homineque
3521 829 3602 882 si-

2015 927 2127 980 mul
2158 924 2336 980 Verbo
2365 924 2420 978 in
2450 939 2640 979 omnes
2663 939 2726 979 ex
2757 937 2823 976 eo
2850 932 3197 992 regeneratos
3225 929 3442 976 aeternae
3479 935 3597 974 cce-

2016 1019 2279 1087 Iestisque
2302 1020 2428 1071 vitae
2447 1019 2646 1070 transit
2667 1015 2869 1085 gratia.
2901 1013 3022 1069 Ideo
3049 1014 3167 1069 istis
3199 1029 3418 1084 quoque
3441 1029 3600 1081 aper-

2017 1120 2134 1164 tum
2182 1120 2269 1164 est
2313 1111 2551 1170 coelum,
2586 1125 2682 1164 eos
2719 1110 2771 1161 in
2803 1119 3054 1176 tempore
3104 1117 3492 1175 recepturum,
3549 1105 3598 1158 si

2017 1203 2182 1257 modo
2211 1202 2401 1256 nutriti
2433 1202 2486 1256 in
2529 1201 2632 1257 lide
2666 1203 2720 1255 in
2755 1202 2934 1270 ipsum
2967 1198 3178 1270 justitia
3214 1213 3337 1267 quae
3381 1207 3466 1251 est
3507 1212 3600 1250 se—

2017 1294 2256 1348 cundum
2291 1295 2452 1347 tidem
2487 1291 2577 1346 Dei
2613 1291 2857 1346 liazredes
2888 1291 3040 1357 liant,
3067 1298 3126 1344 ut
3153 1297 3472 1357 potestatein
3504 1303 3601 1341 ae-

2016 1396 2303 1455 ceperunt,
2331 1386 2642 1456 Christique
2668 1385 3001 1445 cohaeredes,
3036 1383 3267 1439 sincerae
3304 1383 3448 1437 illius
3475 1382 3598 1436 vitae

2017 1491 2069 1534 et
2111 1479 2549 1534 immortalitatis
2591 1479 2908 1548 participes,
2963 1478 3151 1546 illique
3189 1475 3598 1530 indivisibilitcr

2017 1573 2378 1631 adhaerentes,
2407 1581 2460 1625 et
2491 1571 2662 1639 gloria
2699 1571 2820 1640 ejus
2863 1569 3028 1624 simul
3075 1569 3341 1623 fruentes.
3388 1566 3600 1635 Quippe

2019 1667 2178 1721 nobis
2227 1665 2476 1722 clausum
2527 1667 2682 1735 prius
2713 1675 2836 1719 erat
2867 1664 3092 1726 coelum,
3123 1675 3453 1728 cramusque
3501 1658 3598 1712 lilii

2021 1757 2114 1812 ira:
2148 1773 2272 1827 qua:
2302 1765 2386 1812 est
2411 1756 2560 1824 justa
2589 1756 2678 1811 Dei
2709 1756 2984 1828 derelictio
3009 1763 3227 1824 propter
3259 1760 3442 1808 nostra
3473 1764 3602 1820 pec-

316 1843 422 1911 τῆς
486 1842 697 1896 ἐκείνου
748 1843 908 1912 δόξης
963 1843 1482 1907 καταπολαύοντες⁸
1524 1846 1908 1916 κεκλεισμένος

2013 1861 2136 1904 cata
2170 1859 2524 1918 nostramque
2554 1848 2969 1911 inﬁdelitatem;
3015 1862 3201 1902 verum
3243 1847 3371 1916 quia
3405 1853 3596 1899 nostra

315 1937 429 2007 γὰρ
457 1932 525 2007 ἦν
553 1937 581 1989 6
600 1935 825 2006 οὐρανὸς
859 1937 1124 2008 πρότερον
1151 1937 1306 2006 ἡμῖν.
1338 1937 1428 1990 καὶ
1448 1937 1618 1990 τέκνα
1655 1934 1800 2008 ἦμεν
1817 1939 1908 2008 ὀρ-

2018 1943 2071 1997 in
2100 1943 2324 1998 Christo
2355 1951 2549 1998 natura
2585 1958 2614 1996 a
2648 1950 2878 2010 peccato
2911 1939 3014 1994 fuit
3043 1941 3215 1995 libera
3253 1938 3473 2007 Deoque
3505 1938 3600 1990 ad-

314 2031 448 2099 γῆς,
477 2031 600 2099 ἥτις
639 2029 757 2080 ἐστὶ
809 2028 995 2081 δικαία
1048 2028 1144 2080 τοῦ
1215 2030 1352 2082 Θεοῦ
1376 2030 1770 2101 ὲγκατάλειῴις
1825 2033 1908 2085 διὰ

2017 2038 2239 2092 modum
2272 2036 2554 2099 obediens,
2613 2035 2706 2090 lilii
2757 2034 3169 2102 complacentiae
3218 2032 3348 2086 facti
3399 2045 3597 2087 sumus

313 2122 420 2192 τὴν
466 2119 745 2191 ἡμετέραν
816 2121 1091 2189 ἁμαρτίαν
1141 2121 1238 2174 καὶ
1272 2121 1372 2190 τὴν
1417 2122 1734 2176 ἀπείθειαν·
1777 2124 1908 2178 ἀλλὰ

2015 2130 2110 2200 qui
2141 2129 2418 2184 Christum
2442 2127 2747 2195 sequimur,
2772 2126 3042 2195 liberique
3075 2125 3281 2184 dilecti.
3314 2133 3369 2176 et
3395 2122 3595 2178 cmlnm

312 2215 408 2267 διὰ
439 2215 542 2286 τὴν
568 2215 626 2267 έν
647 2213 869 2286 Χριστῷ
919 2215 1020 2284 τῆς
1075 2215 1356 2286 ἡμετέρας
1399 2217 1617 2287 φύσεως
1665 2222 1908 2289 ἀναμαρ-

2015 2231 2266 2291 apertum
2300 2231 2385 2274 est
2418 2219 2598 2284 nobis,
2648 2218 2722 2271 ita
2765 2225 2826 2272 ut
2855 2217 3019 2269 etiam
3072 2215 3125 2268 in
3163 2229 3262 2268 nos
3296 2211 3599 2267 descendat

313 2308 534 2378 τησίαν,
568 2307 664 2359 καὶ
701 2306 799 2377 τὴν
831 2307 966 2375 πρὸς
1028 2306 1121 2359 τὸν
1182 2307 1318 2360 Θεὸν
1363 2308 1678 2363 εὐπείθειαν
1745 2313 1908 2364 τέκνα

2018 2314 2256 2384 Spiritus
2305 2312 2401 2366 Dei
2441 2321 2494 2366 et
2540 2311 2595 2365 in
2647 2308 2806 2364 nobis
2857 2315 3098 2369 maneat,
3135 2317 3194 2360 et
3232 2320 3328 2375 per
3367 2319 3492 2358 eum
3541 2305 3594 2356 in

314 2400 568 2463 εὐδοκίας
603 2400 908 2470 γεγόναμεν
941 2401 992 2452 oi
1018 2401 1244 2471 Χριστῷ
1277 2401 1630 2472 κολλώμενοι,
1657 2405 1754 2458 καὶ
1803 2407 1908 2460 υἱοὶ

2015 2415 2266 2476 tempore
2298 2405 2350 2460 in
2374 2404 2574 2460 coelum
2610 2405 2785 2458 simus
2820 2400 3158 2464 assumendi,
3188 2398 3410 2468 quando
3435 2398 3482 2452 is
3502 2398 3596 2467 qui

315 2492 621 2560 ἀγαπητοὶ,
644 2493 738 2544 καὶ
765 2493 792 2543 6
826 2492 1057 2559 οὐρανὸς
1091 2493 1370 2561 ἡνέῳκται
1394 2495 1548 2564 ἡμῖν,
1581 2495 1657 2558 ὼς
1687 2496 1783 2550 καὶ
1824 2497 1912 2564 ἐφ’

317 2586 469 2655 ἡμᾶς
493 2585 554 2637 τὸ
577 2583 800 2654 Πνεῦμα
845 2586 1092 2639 κατιέναι
1148 2588 1243 2639 τοῦ
1296 2587 1436 2639 Θεοῦ
1461 2589 1558 2640 καὶ
1623 2591 1808 2659 μένειν
1852 2595 1910 2644 ὲν

319 2681 476 2749 ἡμῖν,
509 2679 605 2731 καὶ
635 2677 706 2732 δι’
737 2677 902 2730 αὐτοῦ
932 2678 1074 2731 κατὰ
1103 2679 1292 2745 καιρὸν
1330 2682 1412 2742 εἰς
1471 2680 1736 2750 οὐρανοὺς
1781 2683 1912 2738 ἁνα-

321 2771 591 2840 φέρεσθαι
620 2771 789 2840 ἡμᾶς,
818 2771 1024 2840 ἡνίκαὸ
1049 2770 1274 2838 ἐγείρας
1296 2765 1388 2825 τὸν
1419 2774 1659 2842 Χριστὸν
1700 2777 1765 2829 ἐκ
1823 2794 1911 2828 νε-

320 2862 469 2930 κρῶν
496 2859 812 2933 ζωοποιήσῃ
851 2862 945 2914 καὶ
986 2862 1050 2914 τὰ
1081 2863 1256 2930 θνητὰ
1304 2862 1538 2933 σώματα
1604 2866 1784 2937 ἡμῶν,
1817 2868 1908 2922 διὰ

317 2955 379 3006 τὸ
417 2954 660 3007 ἐνοικοῦν
691 2955 857 3008 αὑτοῦ
883 2954 1112 3024 Πνεῦμα
1138 2957 1198 3007 έν
1257 2958 1412 3025 ήμίν,
1464 2961 1905 3030 μεταμορφώσας

317 3045 379 3097 τὸ
398 3045 560 3115 σῶμα
614 3046 709 3116 τῆς
760 3045 1148 3109 ταπεινώσεως
1199 3047 1383 3118 ήμῶν,
1441 3051 1538 3104 καὶ
1579 3052 1905 3124 σύμμορφον

319 3140 552 3208 ποιήσας
585 3138 662 3208 τῷ
694 3138 1026 3210 σώματιτῆς
1071 3140 1230 3212 δῦξης
1280 3142 1373 3195 τοῦ
1435 3143 1698 3213 Χριστοῦ,
1719 3146 1788 3199 δι’
1840 3139 1902 3199 οῦ

319 3233 420 3301 τὴν
452 3231 752 3285 ἀθανασίαν
787 3234 1229 3302 ὲπλουτήσαμεν,
1257 3235 1351 3287 καὶ
1379 3236 1460 3300 είς
1491 3238 1754 3306 οὐρανοὺς
1784 3240 1908 3293 ἀνε-

218 3357 227 3366 -
323 3326 625 3394 κλήθημεν,
663 3325 756 3378 καὶ
780 3326 1034 3397 ὑπεράνω
1070 3329 1255 3397 πάσης
1286 3329 1460 3399 ἀρχῆς
1498 3332 1594 3382 καὶ
1654 3331 1906 3396 ἔξουσίας

326 3421 381 3470 ἑν
411 3418 560 3489 δεξιᾷ
589 3423 689 3488 τῆς
723 3419 1116 3489 μεγαλωσύνης
1149 3423 1208 3473 ἐν
1230 3422 1480 3490 οὐρανοῖς
1509 3423 1542 3492 ἡ
1590 3423 1748 3493 ήμῶν
1786 3428 1871 3477 ένε
1891 3452 1906 3465 -

331 3510 581 3581 θρονίσθη
606 3511 789 3580 φύσις.
823 3513 886 3564 Ὢ
919 3511 1084 3582 βάθος
1124 3513 1360 3567 πλούτου
1422 3517 1523 3577 καὶ
1574 3517 1769 3586 σοφίας
1810 3519 1906 3572 καὶ

331 3605 734 3677 φιλανθρωπίας
755 3605 904 3668 θείας
935 3607 946 3658 l
986 3605 1172 3670 Οῦτως
1204 3603 1312 3661 οἶδε
1340 3608 1472 3672 Θεὸς
1495 3609 1562 3662 τὰ
1601 3611 1663 3674 ἐξ
1713 3611 1906 3676 αὐτεξ-

325 3700 508 3753 ουσίου
550 3700 910 3772 παρατροπῆς
955 3701 1115 3772 ἡμῶν
1142 3701 1489 3773 ὀλισθήματα
1517 3707 1584 3775 τῇ
1619 3705 1749 3776 παρ’
1784 3707 1908 3758 ἑαυ-

322 3791 418 3845 τοῦ
453 3791 613 3862 σοφία
652 3809 712 3844 τε
744 3793 837 3845 καὶ
868 3793 1102 3862 δυνάμει
1133 3794 1532 3866 φιλανθρώπως
1567 3799 1909 3865 μετασκευά-

325 3883 441 3947 ζειν
470 3883 818 3954 ἀσυγκρίτως
879 3885 973 3938 ἐπὶ
1005 3887 1066 3938 τὸ
1119 3890 1365 3957 κρεῖττον
1393 3902 1409 3918 ⁸
1444 3889 1494 3940 εί
1554 3889 1629 3958 μὴ
1677 3890 1788 3960 γὰρ
1841 3895 1906 3944 ἐκ

323 3977 431 4028 τῶν
458 3977 702 4046 οὐρανῶν
738 3977 1009 4047 κατῆλθεν
1047 3983 1076 4033 6
1106 3980 1200 4035 τοῦ
1234 3981 1369 4035 Θεοῦ
1395 3981 1550 4047 Υἱὸς,
1620 3983 1905 4049 άνέλπιδες

326 4069 392 4120 ἂν
416 4069 576 4138 ἡμεῖς
597 4063 736 4137 ἦμεν
765 4070 863 4133 τῆς
895 4069 1030 4140 πρὸς
1061 4072 1293 4138 οὐρανὸν
1321 4073 1527 4141 ,ἀνόδου
1563 4090 1576 4104 ⁸
1608 4077 1658 4128 εί
1683 4076 1760 4148 μὴ
1815 4069 1907 4131 οὗ·

322 4177 415 4215 τος
444 4159 731 4231 ὲσαρκώθη
767 4162 860 4214 καὶ
893 4161 1137 4214 πέπονθε
1177 4164 1366 4235 σαρκὶ,
1400 4165 1493 4219 καὶ
1520 4167 1742 4238 ἀνέστη,
1811 4170 1908 4223 καὶ

321 4251 601 4324 ἀνελήφθη
630 4251 698 4304 δι’
727 4253 896 4324 ἡμᾶς,
931 4253 1035 4307 οὐκ
1061 4254 1128 4307 ἂν
1161 4255 1411 4326 ἔγνωμεν
1468 4257 1528 4310 τὸ
1563 4258 1906 4328 ὑπερϐάλλον

321 4345 420 4410 τῆς
459 4343 596 4412 πρὸς
629 4345 776 4414 ἡμᾶς
809 4344 1032 4416 ἀγάπης
1066 4344 1158 4399 τοῦ
1177 4346 1314 4400 Θεοῦ
1336 4363 1350 4378 ⁸
1385 4350 1434 4403 τί
1465 4349 1540 4420 μὴ
1569 4350 1650 4404 ἒτι
1681 4353 1900 4409 ἀσεϐῶν

319 4433 490 4487 ὅντων
521 4435 695 4504 ήμῶν,
727 4435 867 4506 ὑπὲρ
891 4435 1048 4506 ἡμῶν
1096 4437 1409 4509 ὲσαρκώθη,
1467 4440 1565 4493 καὶ
1615 4441 1677 4494 τὸ
1723 4443 1898 4508 πάθος

2011 2499 2290 2552 CliriStum
2329 2512 2360 2553 e
2395 2496 2629 2551 mortuis
2670 2495 2846 2549 erexit
2878 2493 3177 2548 viviﬁcabit
3211 2499 3424 2546 mortua
3471 2505 3598 2544 cor-

2014 2605 2145 2660 pora
2177 2599 2362 2644 nostra
2395 2605 2495 2659 per
2525 2587 2916 2643 inhabitantem
2943 2585 3098 2642 nobis
3124 2584 3385 2654 Spiritum
3410 2599 3594 2648 suum,

2013 2683 2323 2737 reformans
2354 2697 2556 2752 corpus
2587 2679 2914 2735 humilitatis
2939 2686 3139 2733 nostra:
3163 2686 3217 2731 et
3241 2675 3596 2745 conligurans

2010 2774 2224 2844 corpori
2275 2774 2460 2844 gloriae
2492 2772 2724 2838 Christi,
2764 2786 2861 2840 per
2909 2785 3071 2840 quem
3131 2767 3595 2822 immortalitatem

2011 2865 2296 2922 consecuti
2337 2880 2552 2929 sumus,
2599 2873 2655 2918 et
2700 2865 2751 2918 in
2799 2863 3000 2918 coelum
3061 2861 3321 2923 revocati,
3378 2875 3596 2916 necnon

2009 2977 2174 3031 super
2203 2975 2422 3015 omnem
2458 2958 2824 3028 principatum
2857 2965 2910 3010 et
2948 2962 3276 3024 potestatem
3308 2954 3373 3008 ad
3406 2957 3596 3008 dexte-

2008 3069 2123 3107 ram
2175 3051 2475 3122 majestatis
2513 3051 2565 3102 in
2623 3049 2780 3104 caelis
2822 3058 3009 3102 nostra
3069 3047 3268 3100 throno
3323 3045 3595 3100 collocata

2011 3146 2110 3200 fuit
2136 3157 2352 3200 natura.
2384 3145 2425 3198 Ο
2460 3144 2719 3214 abyssum
2756 3140 3040 3210 sapientiae
3071 3149 3125 3194 et
3157 3138 3370 3193 divitiae
3397 3147 3453 3194 et
3488 3138 3592 3194 bo-

2012 3242 2203 3295 nitatis
2235 3239 2362 3293 Dei!
2395 3237 2474 3291 Ita
2506 3237 2665 3292 scivit
2699 3235 2843 3288 Deus
2872 3245 3090 3288 nostros
3117 3233 3412 3288 volnntaﬁi
3439 3248 3596 3288 erro-

2012 3335 2092 3390 ris
2138 3335 2324 3402 lapsus
2371 3330 2591 3400 propria
2630 3326 2898 3398 sapientia
2941 3332 2995 3380 et
3042 3327 3244 3380 virtute
3293 3325 3347 3378 in
3398 3327 3596 3383 melius

2014 3423 2245 3494 benigne
2278 3421 2574 3488 corrigere,
2607 3431 2732 3471 nam
2769 3415 2872 3472 nisi
2902 3431 2933 3470 e
2963 3414 3121 3470 cmlis
3151 3413 3246 3469 Dei
3290 3411 3463 3470 Filius
3493 3415 3592 3470 de-

2013 3516 2360 3579 scendisset,
2415 3511 2564 3566 nulla
2611 3509 2773 3566 nobis
2825 3508 3038 3564 reditus
3085 3508 3154 3562 ad
3207 3509 3411 3564 malum
3466 3523 3596 3579 spes

2015 3613 2364 3672 superesset;
2401 3601 2506 3655 nisi
2559 3601 2661 3656 iste
2709 3600 3031 3654 incarnatus
3076 3614 3358 3668 carneque
3391 3615 3594 3671 passus

2010 3695 2228 3761 fuisset,
2290 3707 2637 3763 nequaquam
2699 3705 3159 3760 c0gnosceremus
3209 3691 3436 3746 nimiam
3501 3691 3592 3746 Dei

2008 3808 2136 3864 erga
2173 3807 2272 3847 nos
2302 3789 2652 3854 charitatem;
2681 3789 2785 3842 nisi
2807 3829 2823 3854 ,
2850 3803 2972 3842 cum
2999 3804 3102 3842 nos
3133 3788 3285 3857 impii
3319 3803 3590 3854 essemus,

2007 3901 2108 3956 pro
2143 3884 2304 3938 nobis
2333 3899 2462 3938 caro
2491 3880 2665 3936 factus
2685 3889 2850 3946 esset,
2881 3889 2936 3935 et
2969 3879 3279 3944 passionem
3306 3881 3589 3944 subiissel,

2009 3977 2328 4047 neutiquam
2363 3976 2418 4029 in
2462 3983 2671 4028 tantum
2706 3973 2775 4028 ab
2805 3987 2873 4028 eo
2909 3973 3108 4028 elevati
3162 3973 3231 4028 ab
3268 3973 3592 4028 humiliante

2009 4070 2247 4124 elatione
2295 4066 2777 4121 abstinuissemus.
2821 4062 2978 4118 Nunc
3027 4074 3234 4128 autem,
3287 4080 3413 4120 cum
3473 4066 3594 4120 sine

2011 4163 2118 4216 ulla
2155 4168 2310 4231 parte
2351 4168 2541 4212 nostra
2597 4157 2791 4212 elevati
2833 4171 3045 4220 sumus,
3078 4171 3362 4211 manemus
3394 4156 3446 4210 in
3483 4157 3590 4211 bu—

2009 4255 2242 4310 militatc
2293 4261 2350 4307 et
2401 4250 2834 4320 magnitudinem
2909 4248 3296 4318 promissionis
3346 4251 3593 4320 donique

2009 4358 2217 4404 attente
2249 4344 2679 4413 correpicientes,
2711 4357 2926 4412 semper
2951 4342 3272 4399 humiliores
3305 4343 3592 4410 eﬂiciniur,

2009 4442 2154 4497 unde
2187 4439 2346 4496 nobis
2372 4436 2539 4490 salus.

321 4533 652 4602 ὑπήνεγκεν,
681 4534 780 4587 οὐκ
811 4536 878 4587 ἄν
909 4533 1213 4604 ὑψωθέντες
1251 4536 1652 4593 ἐπὶίτοσοῦτον
1706 4540 1802 4594 ὑπ’
1869 4541 2060 4611 αὐτοῦ,
2119 4541 2221 4608 τῆς
2279 4532 2656 4605 κατασπώσης
2713 4533 3003 4606 ὲπάρσεως
3051 4535 3426 4606 ἀπεσχόμεθα.
3479 4533 3596 4589 Νὖν

321 4631 431 4699 γὰρ
461 4627 535 4691 ὡς
590 4626 756 4697 μηδὲν
801 4629 1282 4696 προσενεγκόντες,
1337 4630 1532 4702 ὑψηλοὶ
1576 4636 1884 4702 γεγονότες,
1931 4641 2166 4710 μένομεν
2200 4635 2258 4686 ἐν
2281 4633 2349 4702 τῇ
2381 4628 2732 4694 ταπεινώσει,
2758 4629 2854 4681 καὶ
2877 4629 3017 4700 προς
3074 4630 3134 4682 τό
3190 4630 3424 4700 μέγεθος
3493 4635 3594 4706 τῆς

322 4719 651 4788 ἐπαγγελίας
685 4720 778 4771 καὶ
803 4719 902 4786 τῆς
927 4719 1250 4789 εὐεργεσίας
1296 4720 1530 4791 ὁρῶντες
1557 4728 1697 4793 μετὰ
1739 4729 2035 4795 συνέσεως,
2065 4728 2154 4781 ἀεὶ
2183 4721 2563 4790 ταπεινότεροι
2586 4719 2873 4788 γινόμεθα,
2915 4719 3041 4773 ὅθεν
3094 4720 3129 4789 ἡ
3179 4721 3452 4791 σωτηρία,

394 4813 589 4879 Γέγονε
616 4809 800 4862 τοίνυν
847 4811 874 4862 ὁ
923 4809 1017 4862 τοῦ
1072 4810 1209 4862 Θεοῦ
1255 4811 1384 4874 Υἱὸς
1434 4812 1752 4884 ἄνθρωπος,
1817 4816 1906 4870 ἵνα

2085 4818 2252 4890 Igitur
2285 4815 2376 4870 Dei
2424 4813 2598 4867 Filius
2627 4809 2810 4867 factus
2847 4821 2934 4868 est
2967 4812 3154 4876 homo,
3189 4822 3250 4868 ut
3283 4815 3599 4874 ostenderit

323 4905 468 4976 δείξῃ
500 4906 580 4967 είς
609 4899 721 4957 οἷον
756 4902 889 4973 ὕψος
939 4905 1091 4974 ἡμᾶς
1138 4905 1327 4972 ἀνάξει
1360 4922 1374 4937 ⁸
1425 4909 1513 4962 ἴνα
1548 4909 1623 4980 μὴ
1658 4912 1905 4983 ὲπαιρώ..

327 4997 466 5067 μεθα
491 4997 567 5058 ὡς
591 4997 695 5066 ἀφ’
761 4997 969 5049 ἑαυτῶν
1005 4998 1107 5066 τὴν
1153 4992 1334 5068 ιῆτταν
1379 4999 1859 5068 άναπαλαίσαντες
1885 5018 1900 5034 ⁸

326 5091 411 5144 ἵνα
440 5088 662 5152 διπλοῦς
695 5087 791 5155 ῶν,
825 5091 991 5152 ὐντως
1017 5092 1246 5159 μεσίτης
1275 5088 1333 5164 ᾖ,
1364 5091 1624 5162 ἁρμόζων
1649 5094 1718 5147 δι’
1771 5097 1906 5151 έκα-

323 5185 484 5255 τέρου
518 5183 654 5253 πρὸς
687 5183 853 5252 μέρος
876 5183 1140 5252 ἑκάτερον
1169 5199 1183 5214 ⁸
1211 5183 1298 5237 ἵνα
1319 5184 1455 5256 λύσῃ
1470 5187 1562 5239 τὸν
1585 5187 1781 5259 δεσμὸν
1808 5189 1906 5260 τῆς

324 5273 602 5343 ἁμαρτίας
627 5289 642 5304 ⁸
666 5274 754 5328 ἵνα
779 5274 994 5346 καθάρῃ
1023 5274 1116 5328 τὸν
1141 5274 1200 5339 ἐξ
1251 5275 1530 5347 ἁμαρτίας
1554 5278 1651 5348 τῆς
1703 5281 1905 5350 σαρκὸς

331 5365 604 5438 μολυσμόν
627 5382 641 5394 ⁸
677 5366 766 5419 ῐνα
796 5365 944 5439 δείξῃ
962 5367 1064 5435 τὴν
1091 5366 1186 5419 τοῦ
1226 5367 1363 5421 Θεοῦ
1389 5367 1530 5433 πρὸς
1567 5370 1714 5440 ἡμᾶς
1767 5371 1910 5438 ἀγά-

329 5476 436 5528 πην
468 5474 482 5487 ⁸
514 5458 603 5511 ἵνα
631 5458 785 5531 δείξῃ
807 5460 890 5520 είς
934 5460 1059 5512 ὅσον
1104 5458 1266 5529 βάθος
1303 5461 1494 5515 κακῶν
1539 5463 1902 5531 ὲνεπέσαμεν,

329 5551 398 5614 ὡς
425 5551 746 5622 σαρκώσεως
781 5552 914 5606 Θεοῦ
943 5550 1186 5606 δεῖσθαι’
1223 5553 1310 5607 ἵνα
1341 5554 1650 5621 ὑπόδειγμα
1682 5556 1907 5624 γένηται

331 5647 460 5716 ἡμῖν
489 5645 892 5713 ταπεινώσεως,
919 5645 987 5718 ῆν
1021 5648 1054 5717 ἡ
1077 5648 1214 5717 σὰρξ
1239 5646 1354 5718 ἔχει
1379 5647 1477 5701 καὶ
1504 5648 1565 5700 τὸ
1589 5647 1783 5714 πάθος,
1814 5655 1910 5708 καὶ

332 5739 622 5809 φάρμακον
655 5739 1049 5808 θεραπευτικδν
1080 5741 1181 5810 τῆς
1211 5739 1585 5810 ὑπερηφανίας
1608 5754 1624 5770 ⁸
1651 5739 1735 5791 ἵνα
1752 5739 1902 5810 δείξῃ

331 5834 541 5903 ἀγαθὴν
594 5833 697 5899 τὴν
763 5831 919 5900 ἡμῶν
967 5833 1128 5898 φύσιν
1187 5833 1338 5903 παρὰ
1381 5830 1516 5886 Θεοῦ
1554 5832 1898 5885 κτισθεῖσαν

541 5932 808 5986 ΙἈτιιοι..
841 5923 959 5983 (in.
993 5923 1112 5984 CLI

2013 4912 2083 4968 ad
2118 4919 2386 4981 quantum
2415 4909 2626 4979 apicem
2658 4921 2762 4961 nos
2787 4906 3002 4972 evehet,
3047 4914 3107 4960 ut
3151 4922 3261 4962 non
3305 4908 3601 4966 efferamur

2012 5004 2171 5076 quasi
2202 5018 2234 5058 a
2269 5003 2427 5057 nobis
2450 5000 2624 5055 cladis
2657 4999 3125 5068 triumphatores;
3156 5012 3216 5053 ut
3243 5016 3367 5056 cum
3396 5003 3598 5074 duplex

2011 5101 2177 5155 esset,
2214 5105 2342 5144 vere
2375 5089 2645 5145 mediator
2682 5096 2890 5154 staret,
2918 5102 3015 5159 per
3050 5098 3344 5161 utramque
3385 5106 3596 5164 partem

2010 5186 2148 5239 duas
2196 5192 2378 5252 partes
2421 5181 2883 5245 accommodans;
2933 5188 2992 5233 ut
3044 5181 3280 5237 solveret
3315 5185 3595 5240 vinculum

2013 5275 2260 5347 peccati;
2307 5282 2369 5330 ut
2411 5281 2744 5341 expurgat-et
2789 5273 2982 5328 sordes
3019 5289 3086 5328 ex
3144 5286 3371 5344 peccato
3415 5280 3598 5332 carnis

2011 5376 2198 5433 ortas;
2226 5375 2285 5422 ut
2317 5366 2634 5424 ostenderet
2664 5365 2987 5420 charitatem
3038 5365 3131 5421 Dei
3176 5381 3304 5437 erga
3354 5382 3490 5427 nos;
3537 5378 3598 5423 ut

2013 5467 2347 5514 monstraret
2386 5457 2440 5511 in
2471 5467 2738 5526 quantum
2772 5457 3030 5528 abyssum
3065 5457 3332 5514 malorum
3372 5473 3596 5514 eramus

2012 5552 2212 5622 illapsi,
2263 5551 2399 5605 adeo
2449 5560 2510 5605 ut
2561 5549 2653 5605 Dei
2704 5549 3081 5604 incarnatione
3118 5567 3256 5617 Opus
3302 5562 3482 5616 esset;
3539 5563 3598 5608 ut

2012 5645 2323 5714 exemplum
2350 5642 2510 5698 nobis
2543 5642 2694 5697 ﬁeret
2725 5641 3071 5707 humilitatis,
3094 5657 3256 5711 quam
3284 5643 3445 5698 habet
3465 5660 3597 5700 caro

2010 5747 2065 5792 et
2097 5751 2288 5804 angor,
2320 5746 2375 5790 et
2407 5735 2708 5788 remedium
2755 5734 2991 5789 salutare
3015 5744 3204 5790 contra
3239 5738 3548 5806 superbiam
3574 5757 3591 5797 ;

2015 5839 2072 5883 ut
2135 5828 2463 5898 patefaceret
2497 5841 2764 5899 naturam
2817 5837 3058 5882 nostram
3112 5843 3142 5880 a
3219 5826 3329 5884 Dco
3391 5831 3590 5886 bonum

3175 5925 3213 5984 7

1991 6005 2101 6016 ..σο-ι,
2126 6005 2154 6013 ..-
