4046 6436
331 373 446 444 209

337 497 679 570 ἁμαρτωλῶν
725 495 989 564 ἀπέθανε,
1044 495 1254 560 δίκαιος

337 595 486 662 ἡμᾶς
515 594 860 665 προσενέγκῃ
898 591 977 662 τῷ
1005 591 1148 660 Θεῷ⁶
1182 591 1524 656 θανατωθεὶς
1581 591 1680 661 μὲν
1725 590 1918 661 σαρκὶ,

342 688 450 752 ζῶν
472 688 530 740 δὲ
555 685 849 756 πνεύματι,
880 688 939 739 ὲν
969 680 1013 754 ᾧ
1045 688 1140 740 καὶ
1203 689 1318 750 τοίς
1375 687 1435 739 ὲν
1489 686 1704 754 φυλακῇ
1757 681 1922 737 πνεύο

346 795 514 848 μασιν
557 778 702 850 (ἦτοι
723 781 844 842 ταῖς
873 778 1078 850 ψυχαῖς
1112 779 1226 833 τῶν
1269 777 1368 832 ἀπ’
1407 778 1611 842 αἰῶνος
1666 775 1924 847 νεκρῶν),

346 870 631 942 πορευθεὶς
687 871 1025 943 ἐκήρυξεν.»
1086 871 1302 942 Ὥσπερ
1350 871 1444 925 οὖν
1505 873 1534 926 6
1572 871 1811 938 πονηρὸς
1860 867 1926 921 δι’

347 966 466 1028 ἐνὸς
505 963 600 1016 τοῦ
650 965 856 1018 οἰκείου
917 964 1060 1019 κατά
1113 965 1334 1036 πνεῦμα
1395 963 1656 1024 θανάτου,
1704 959 1930 1014 διπλοῦν

347 1059 480 1125 ἡμῖν
517 1056 610 1109 τὸν
637 1055 876 1111 θάνατον
911 1055 1294 1129 προεξένησεν,
1345 1056 1517 1117 οὕτως
1566 1057 1594 1109 6
1625 1051 1830 1121 ἀγαθὸς
1861 1042 1944 1104 δι’

348 1150 468 1212 ὲνδς
499 1149 592 1203 τοῦ
620 1150 762 1203 κατά
799 1149 960 1218 σῶμα
1005 1149 1242 1202 θανάτου
1269 1149 1366 1202 τὸν
1403 1145 1631 1201 διπλοῦν
1666 1146 1801 1216 ἡμῖν
1845 1144 1930 1198 ἰά-

352 1261 484 1298 σατο
514 1244 769 1306 θάνατον,
806 1233 902 1296 καὶ
927 1241 1015 1296 διὰ
1059 1243 1188 1311 μιᾶς
1221 1241 1324 1310 τῆς
1359 1239 1456 1294 τοῦ
1489 1239 1623 1293 ἰδίου
1677 1237 1935 1306 σώματος

353 1337 703 1398 ἀναστάσεως
725 1335 825 1406 τὴν
847 1335 1042 1403 διπλῆν
1070 1336 1203 1406 ἡμῖν
1238 1334 1538 1388 ἀνάστασιν
1596 1330 1934 1400 ἐδωρήσατο,

355 1431 443 1484 διὰ
475 1429 786 1500 σωματικοῦ
819 1429 1054 1484 θανάτου
1107 1426 1357 1482 καθελὼν
1391 1427 1484 1479 τὸν
1537 1425 1597 1476 ὲν
1630 1421 1848 1488 θανάτῳ
1879 1416 1943 1471 τδ

358 1522 562 1592 κράτος
584 1521 779 1591 ἔχοντα
815 1523 960 1576 κατά
998 1521 1101 1590 τῆς
1138 1519 1320 1590 ψυχῆς
1376 1516 1536 1588 ἡμῶν
1576 1515 1672 1569 καὶ
1695 1511 1790 1566 τοῦ
1838 1509 1943 1563 σώ-

365 1631 557 1683 ματος,
593 1612 687 1668 καὶ
721 1615 845 1665 κατ’
867 1613 1037 1682 ἄμφω
1061 1613 1160 1682 τῆς
1192 1611 1406 1664 ἐκείνου
1443 1606 1760 1677 τυραννίδος
1787 1602 1939 1674 ἡμᾶς

361 1708 665 1776 ῥυσάμενος
687 1725 700 1738 ·
732 1705 1021 1760 ὑποδύεται
1055 1706 1155 1775 μὲν
1177 1704 1284 1775 γάρ
1315 1707 1341 1756 6
1369 1701 1606 1772 πονηρὸς
1665 1699 1758 1752 τὸν
1790 1697 1940 1765 ὅφιν,

363 1801 439 1858 ὡς
463 1799 529 1852 δι’
564 1797 731 1852 αὑτοῦ
766 1798 858 1852 τὸν
910 1798 1198 1868 ἄνθρωπον
1244 1797 1573 1861 ἀπατήσων,
1613 1789 1941 1859 ἀναλαμϐά-

1716 377 2048 439 HOMILIA
2093 376 2255 439 XVI.

1339 498 1480 568 ὑπὲρ
1539 488 1761 562 ἀδίκων,
1823 497 1967 554 ira!

2077 493 2414 550 :ccatoribus
2464 503 2718 552 mortuus
2770 504 2874 559 est.
2917 496 3104 566 justus
3158 513 3256 567 pro
3289 497 3530 568 iniustis,
3565 517 3625 564 ιιι

3501 381 3610 448 210

2041 602 2143 642 nos
2171 588 2394 646 offerret
2433 593 2572 657 .Deo,
2609 593 2976 649 mortiﬁcatus
3005 594 3225 663 quidem
3261 610 3451 655 carne,
3489 595 3625 647 vivi-

2043 680 2238 737 ﬁcatus
2265 696 2449 739 autem
2496 687 2718 754 spiritu,
2748 687 2803 742 iu
2837 703 2945 753 quo
2981 695 3033 742 et
3075 687 3160 742 his
3191 684 3282 756 qui
3318 687 3374 740 in
3408 701 3633 741 carcere

2043 782 2202 828 erant
2251 776 2538 845 spiritibus
2569 777 2644 846 (id
2691 788 2776 832 est
2809 778 3013 832 animis
3057 789 3405 833 mortuorum
3451 792 3481 831 a
3527 793 3632 832 sa:-
3720 761 3726 764 ’

2046 865 2208 932 culo)
2267 867 2496 924 veniens
2537 870 2952 939 praedicavit“.
2990 891 3008 921 ι
3073 871 3264 940 Itaque
3322 870 3468 924 sicut
3541 885 3635 939 per

2048 973 2217 1012 unam
2251 970 2484 1016 mortem
2518 976 2676 1016 suam
2711 963 3017 1028 spiritalem
3051 963 3327 1034 malignus
3359 962 3634 1032 duplicem

2052 1050 2210 1105 nobis
2251 1055 2462 1123 peperit
2511 1063 2767 1121 mortem,
2803 1055 2884 1110 sic
2932 1057 3107 1110 bonus
3153 1071 3251 1125 per
3293 1070 3459 1110 unam
3509 1069 3637 1110 cor-

2051 1146 2200 1211 poris
2249 1157 2504 1210 mortem,
2539 1147 2810 1218 duplicem
2843 1148 3004 1203 nobis
3028 1149 3246 1203 sanavit
3279 1157 3552 1209 mortem;
3586 1156 3642 1200 et

2053 1252 2149 1306 per
2175 1254 2342 1294 unam
2388 1243 2638 1310 corporis
2691 1240 2778 1296 sui
2830 1239 3321 1305 resurrectionen't,
3363 1239 3638 1306 duplicem

2057 1331 2216 1386 nobis
2248 1331 2478 1402 largitus
2501 1341 2609 1396 est.
2641 1347 2736 1402 per
2764 1333 3103 1402 corporalem
3131 1346 3317 1385 necem
3350 1331 3644 1385 dcstruens

2055 1441 2179 1479 eum
2212 1427 2304 1496 qtti
2343 1423 2396 1479 in
2427 1434 2606 1480 morte
2663 1427 2894 1481 habebat
2945 1425 3237 1494 imperium
3290 1434 3402 1477 tum
3447 1423 3647 1478 anima:

2057 1526 2171 1570 tum
2201 1517 2456 1586 corporis
2481 1518 2678 1582 nostri,
2705 1531 2761 1574 et
2797 1533 2896 1573 nos
2921 1518 2989 1572 ab
3022 1527 3251 1586 utraque
3283 1518 3404 1586 ejus
3440 1533 3646 1575 erueus

2054 1609 2377 1682 tyrannide;
2433 1611 2708 1680 malignus
2760 1612 2981 1680 quidem
3044 1613 3096 1665 in
3134 1622 3446 1681 serpentem
3483 1612 3650 1664 intrat

2058 1714 2120 1758 ut
2162 1719 2257 1774 per
2304 1719 2429 1759 eum
2463 1707 2742 1760 hominem
2783 1705 3028 1769 deludat,
3062 1713 3313 1760 naturam
3347 1705 3646 1759 humanam

2061 1797 2154 1852 Dei
2199 1799 2433 1852 assumit
2464 1797 2705 1853 Verbum
2759 1808 2819 1852 ut
2865 1813 2960 1867 per
2993 1812 3115 1852 eam
3151 1802 3471 1853 mendacem
3527 1782 3653 1852 irri-

363 1909 446 1944 νει
473 1895 573 1961 τὴν
603 1890 948 1960 ἀνθρωπίνην
977 1861 1140 1958 φύσιν
1165 1892 1193 1944 6
1216 1888 1310 1942 τοῦ
1335 1888 1472 1942 Θεοῦ
1530 1884 1750 1954 Λόγοςῆ
1778 1883 1854 1945 ὼς
1876 1880 1946 1934 δι’

2077 1893 2225 1954 Ieat;
2269 1889 2364 1945 sed
2421 1891 2596 1945 errori
2657 1890 2886 1945 minime
2939 1875 3220 1944 innoxiam
3277 1901 3331 1944 et
3386 1889 3648 1943 mundam

365 1984 536 2053 αὐτῆς
565 1983 873 2052 φενακίσων
922 1980 1012 2036 τὸν
1071 1982 1478 2051 φενακίσαντα·
1519 1977 1635 2032 ἀλλ’
1672 1972 1949 2040 ἀνεξαπά-

2077 1998 2170 2038 iam
2204 1983 2476 2052 suscipit,
2528 1993 2583 2038 et
2633 1983 2800 2038 talem
2850 1983 2906 2038 in
2959 1977 3122 2038 linem
3173 1993 3360 2038 servat
3414 1983 3649 2036 offerens

363 2093 533 2143 τητον
560 2074 729 2144 αὐτὴν
753 2073 1022 2142 λαμϐάνει
1053 2072 1148 2126 καὶ
1205 2072 1478 2142 καθαρὰν⁹
1529 2069 1626 2122 καὶ
1689 2063 1950 2134 τοιαύτην

2077 2091 2172 2131 :am
2201 2075 2349 2131 Patri
2388 2075 2441 2130 in
2485 2075 2761 2145 primitias
2792 2083 2847 2129 et
2877 2075 3374 2130 sanctiﬁca‘tionem
3401 2085 3646 2128 nostram

366 2173 449 2232 εἰς
470 2169 622 2230 τέλος
658 2168 930 2237 διατηρεῖ,
969 2165 1264 2236 προσάγων
1290 2163 1368 2232 τῷ
1398 2163 1580 2232 Πατρὶ
1627 2159 1839 2228 ταύτην
1875 2158 1950 2222 ὼς

369 2263 650 2332 ἀπαρχὴν,
684 2263 764 2323 εἰς
793 2258 1067 2329 ἀγιασμδν
1098 2259 1258 2328 ἡμῶν
1306 2257 1401 2325 ἀφ’
1458 2254 1639 2326 ἡμῶν.
1675 2255 1738 2307 Εἰ
1770 2253 1827 2306 δὲ
1858 2253 1953 2304 καὶ

371 2357 536 2424 σῶμα
565 2354 637 2424 μὴ
668 2353 864 2424 θνητὸν
897 2351 993 2406 καὶ
1028 2351 1274 2423 παθητὸν
1306 2348 1444 2404 ὀτοῦ
1464 2346 1602 2402 Θεοῦ
1640 2344 1958 2414 Λόγος’ἀνέ-

369 2446 528 2508 ὶαδε,
558 2444 673 2508 πῶς
701 2446 768 2498 ἀν
799 2442 1082 2513 ἠπατήθη,
1109 2441 1228 2506 πῶς
1260 2441 1325 2496 ἀν
1353 2437 1587 2509 ἐδυνήθη
1625 2434 1958 2508 προσϐαλεῖν

371 2542 403 2594 6
441 2538 763 2608 αὐτόχρημα
799 2536 1034 2604 φθόνοςς

447 2631 615 2686 Ταῦτ’
643 2630 750 2702 ἀρα
775 2630 898 2684 οὐδὲ
927 2628 1261 2698 προσϐἀλλει
1287 2625 1480 2696 μέχρις
1501 2616 1561 2678 οὗ
1594 2623 1786 2677 τοῦτον
1842 2618 1955 2674 οἶδε

377 2725 621 2793 παθητὸν
655 2723 1026 2793 περιφέροντα
1056 2721 1215 2788 σῶμα
1235 2739 1249 2754 ο
1283 2717 1588 2788 νηστεύσας
1607 2716 1717 2786 γὰρ
1737 2717 1793 2768 ἐν
1827 2714 1963 2783 ἒρὴ-
1984 2703 2006 2719 ⁸

385 2837 470 2889 μῳ
497 2818 710 2888 ἡμέρας
739 2817 1148 2884 τεσσαράκοντα
1180 2811 1276 2866 καὶ
1309 2812 1384 2884 μὴ
1423 2811 1696 2869 πεινάσας
1724 2826 1739 2840 ο
1779 2809 1826 2860 εἰ
1854 2807 1964 2876 γὰρ

380 2914 480 2968 καὶ
525 2912 682 2980 σῶμα
713 2909 956 2978 παθητὸν
994 2907 1332 2978 περιέκειτο,
1379 2905 1515 2959 ἀλλά
1550 2903 1664 2958 τότ’
1730 2902 1964 2971 ἔπραττε

379 3006 545 3060 τοῦτο
575 3005 670 3058 καὶ
705 3002 914 3071 ἔπασχε
952 3000 1021 3054 τά
1052 3001 1248 3064 οἰκεία,
1276 2998 1438 3069 ἡνίκα
1474 2995 1581 3049 ὑπὸ
1625 2996 1724 3064 τῆς
1758 3010 1968 3062 συνημ-

390 3106 562 3176 μένης
606 3099 964 3170 συνεχωρεῖτο
1039 3094 1454 3160 παντοδυνάμου
1505 3093 1812 3160 δυνάμεως·
1873 3108 1970 3158 νηε

2053 2186 2083 2224 a
2112 2170 2291 2226 nobis.
2321 2169 2430 2225 Sed
2456 2169 2501 2223 si
2521 2168 2615 2223 Dei
2636 2167 2876 2223 Verbum
2912 2183 3022 2222 non
3059 2167 3291 2223 mortale
3317 2175 3372 2222 et
3391 2167 3648 2236 passibilr

2056 2276 2259 2330 corpus
2292 2261 2617 2329 accepisset,
2647 2259 2922 2329 quomodo
2955 2259 3076 2329 ipsa
3107 2259 3314 2314 invidia
3341 2274 3480 2316 ausa
3507 2267 3649 2315 esset

2057 2371 2184 2412 eum
2219 2354 2439 2426 aggredi
2469 2364 2523 2410 et
2556 2353 2805 2423 decipere
2835 2352 3139 2409 tentasset?

2135 2618 2261 2675 ideo
2310 2621 2413 2674 ista
2453 2635 2562 2674 non
2598 2618 2907 2689 exploravit
2939 2618 3182 2688 quandiu
3219 2620 3455 2676 nescivit
3507 2622 3658 2678 illum

2065 2726 2298 2782 corpore
2327 2712 2504 2767 dolori
2535 2711 2776 2766 obnoxio
2808 2712 3061 2766 indutum
3087 2729 3102 2778 ;
3129 2712 3403 2782 jejunavit
3428 2715 3572 2770 enim
3605 2717 3660 2770 in

2065 2807 2284 2862 deserto
2325 2807 2693 2878 quadraginta
2739 2806 2858 2862 dies
2899 2815 2953 2861 et
2983 2822 3093 2861 non
3127 2808 3362 2873 esuriit;
3415 2809 3664 2878 passihiii

2067 2902 2290 2972 quidem
2333 2917 2564 2969 corpore
2616 2900 3108 2962 circumdabatur,
3164 2901 3257 2956 sed
3297 2915 3404 2954 non
3464 2903 3667 2971 agebat

2069 3002 2121 3046 et
2151 2991 2482 3061 patiebatur,
2515 2991 2622 3046 nisi
2660 3000 2926 3061 quantum
2975 2991 3273 3062 conjuncta
3321 2991 3668 3059 sinebat,vo-

2072 3085 2259 3140 luntas
2313 3085 2684 3153 omnipotens.
2744 3083 2882 3138 Cum
2940 3097 3075 3152 ergo
3134 3083 3499 3152 quadraginta
3549 3084 3667 3138 dies

357 3172 617 3257 ’στεύσας
640 3193 733 3247 οῦν
761 3192 976 3263 ἡμέρας
1007 3189 1444 3260 τεσσαράκοντα,
1496 3185 1639 3238 κατά
1672 3183 1733 3237 τὸ
1789 3182 1964 3250 Εὐαγ-

2077 3174 2400 3244 jejunasset,
2461 3185 2650 3242 postea
2717 3173 2938 3229 esuriit.
2993 3172 3150 3228 Tunc
3197 3174 3436 3244 primum
3489 3190 3661 3231 ausus

388 3289 591 3358 γέλιον,
629 3285 856 3356 ὕστερον
884 3285 1165 3338 ὲπείνασε.
1199 3282 1332 3335 Τότε
1364 3281 1430 3348 δὴ
1482 3278 1705 3350 πρῶτον
1757 3276 1971 3348 θαρρή-

393 3401 492 3446 σας
518 3383 610 3435 καὶ
641 3378 966 3450 προσϐαλὼν
999 3380 1026 3432 ὁ
1059 3377 1366 3447 ἀρχέκακος
1400 3375 1492 3429 τὸν
1525 3371 1841 3442 πειρασμὸν
1875 3371 1974 3422 ὲπυ

392 3479 645 3544 ήνεγκεν,
669 3473 872 3527 εἴσοδον
891 3471 1072 3540 εὑρεῖν
1095 3468 1343 3523 σπεύδων
1361 3468 1502 3521 κατά
1517 3465 1612 3519 τοῦ
1635 3464 1970 3532 πνεύματος

397 3571 470 3632 ὠς
492 3568 551 3621 δὲ
587 3565 824 3636 ἰσχυρῶς
859 3561 1234 3632 ἀπεκρούσθη,
1272 3559 1366 3614 καὶ
1427 3559 1591 3612 πάλιν
1645 3554 1975 3627 προσϐαλὼν

397 3661 631 3728 γενικῶς
661 3658 750 3712 διά
774 3657 957 3725 πάσης
992 3653 1351 3727 ἡδυπαθείας,
1385 3651 1526 3705 κατὰ
1578 3651 1780 3721 κράτος
1807 3651 1972 3718 ἡττή-

398 3754 491 3822 θη,
522 3750 896 3820 ὲκνευρισθεὶς
945 3748 1039 3802 καὶ
1075 3744 1368 3818 θραυσθεὶς
1420 3742 1516 3796 καὶ
1551 3741 1978 3810 καταισχυνθεὶς

399 3843 579 3912 φυγὰς
608 3841 797 3912 ᾤχετο.
828 3839 928 3892 Διά
950 3839 1004 3891 τί
1032 3832 1125 3892 οὖν
1159 3833 1515 3906 ἀπεκρούσθη
1571 3831 1648 3901 τῷ
1678 3831 1843 3885 πάθει
1900 3831 1978 3900 τῷ

397 3935 496 3988 ’τιῦ
527 3935 776 4004 σώματος
832 3932 1118 4003 θαρρήσας
1163 3930 1257 3984 καὶ
1308 3925 1677 3999 προσϐαλὼνς
1729 3925 1981 3994 Ἐπειδὴ-

402 4045 510 4097 περ
541 4026 816 4096 ἁμαρτίαν
862 4023 1166 4096 ἐμποιῆσαι
1195 4020 1274 4092 τῷ
1335 4019 1706 4090 ἀναμαρτήτῳ
1763 4015 1982 4084 ἐπεχεί-

404 4137 572 4191 ρησεν
612 4117 908 4190 ἀνθρώπῳ.
941 4115 1140 4184 Φεύγει
1185 4114 1282 4184 μὲν
1313 4107 1406 4166 οὖν
1447 4112 1659 4173 ἐκεῖνος
1693 4109 1838 4163 οὕτω
1863 4108 1982 4178 μετ’

405 4212 670 4281 αἰσχύνης
700 4209 1119 4278 ἀποκρουσθεὶς,
1153 4209 1180 4262 6
1206 4207 1266 4261 δὲ
1329 4206 1568 4277 Χριστὸς
1627 4203 1986 4258 καταδιώκων

405 4306 566 4360 αὑτὸν
596 4307 698 4360 οὐκ
725 4306 910 4374 ἀνίησι
940 4303 1045 4358 τῶν
1070 4301 1454 4372 δαιμονῶντων
1483 4297 1832 4360 ἀποδιὼκων,
1859 4295 1986 4359 τοὺς

404 4398 499 4454 ὑπ’
528 4399 692 4452 αὐτοῦ
718 4395 1116 4467 κατεχομένους
1168 4395 1227 4449 ὲν
1260 4393 1437 4457 νόσοις
1472 4391 1726 4461 ἰώμενος,
1758 4390 1988 4459 νεκροὺς

405 4498 664 4563 ἀνιστῶν,
704 4495 802 4549 οὐκ
827 4494 1141 4565 ἀρτιθανεῖς
1167 4492 1351 4561 μόνον,
1374 4490 1490 4543 ἀλλ’
1519 4489 1622 4559 ἤδη
1685 4489 1782 4541 καὶ
1837 4485 1988 4554 διεφο

2077 3265 2340 3319 accedere
2373 3265 2631 3336 princeps
2679 3265 2804 3320 mali
2858 3265 3219 3321 tcutationem
3269 3266 3525 3331 induxit,
3583 3268 3696 3320 iu-'

2077 3372 2328 3428 gressum
2363 3359 2430 3414 ad
2472 3359 2712 3414 animam
2765 3361 2998 3415 studens
3031 3359 3299 3415 invenire.
3346 3362 3415 3416 At
3456 3361 3672 3418 fortiter

2079 3463 2332 3506 retrusus
2394 3459 2470 3514 et,
2504 3467 2629 3507 eum
2661 3467 2826 3506 omne
2855 3453 3319 3521 concupiscentia:
3349 3469 3522 3520 genus
3544 3470 3672 3506 rur-

2079 3559 2203 3599 sum
2253 3543 2553 3606 intulisset,
2607 3543 2761 3598 firme
2807 3544 3197 3614 propulsatns,
3255 3545 3576 3601 debilitatus
3621 3556 3676 3602 et

2080 3636 2407 3690 vulneratus
2437 3646 2492 3690 et
2523 3637 2820 3706 ignominia
2845 3638 3114 3692 confusus
3149 3637 3367 3708 fugiens
3392 3638 3674 3694 discessit.

2083 3726 2268 3794 Quare
2296 3742 2429 3797 ergo
2467 3737 2718 3782 retrusus
2766 3736 2850 3781 est
2893 3728 2987 3797 qui
3018 3728 3090 3782 ob
3124 3729 3378 3797 corporis
3424 3728 3674 3783 dolorem

2081 3837 2253 3877 ausus
2285 3831 2403 3876 erat
2433 3821 2733 3877 accedere?
2769 3820 2906 3888 Quia
2938 3820 3006 3874 ad
3038 3833 3320 3891 peccatum
3353 3832 3676 3890 perpetran-

2083 3916 2213 3969 dum
2251 3914 2530 3969 hominem
2559 3913 2767 3984 peccati
2800 3914 3116 3982 ineapacem
3166 3913 3480 3968 induxerat.
3515 3912 3680 3982 Fugit

2088 4007 2254 4078 igitur
2287 4007 2377 4061 ille
2408 4005 2777 4076 ignominiose
2803 4007 3183 4075 propulsatus,
3209 4005 3465 4060 Christus
3491 4015 3676 4058 autem

2087 4103 2239 4157 ilium
2267 4101 2572 4156 insectatus
2614 4114 2962 4170 nequaquam
3010 4099 3214 4154 desinit
3249 4113 3278 4151 a
3323 4098 3684 4152 dtemoniacis

2087 4214 2212 4253 cum
2245 4195 2496 4265 ejiciens,
2557 4210 2588 4249 a
2628 4193 2834 4250 morbis
2875 4207 3081 4248 sanans
3129 4193 3200 4247 ab
3243 4207 3310 4246 eo
3369 4207 3683 4262 possessus,

2090 4301 2341 4348 mortuos
2373 4291 2439 4345 ad
2475 4289 2641 4344 vitam
2676 4302 2968 4349 revocans,
3003 4301 3115 4341 non
3145 4292 3356 4340 tantum
3391 4302 3566 4355 nuper
3590 4288 3684 4342 dc-

2092 4381 2334 4446 functos,
2371 4377 2467 4434 sed
2496 4379 2661 4434 etiam
2692 4377 2806 4447 jam
2835 4376 3090 4431 foetentcs
3133 4383 3187 4429 et
3231 4374 3348 4428 hme
3386 4390 3496 4428 uno
3525 4376 3682 4442 jussu

2095 4484 2356 4545 operatur
2382 4493 2396 4534 ;
2437 4472 2549 4527 imo
2579 4486 2676 4526 eos
2704 4470 2772 4524 ab
2799 4469 3092 4524 animabus
3119 4467 3368 4538 eiiciens,
3411 4469 3687 4536 pamiten-

409 4549 664 4661 θορόταςζ
698 4549 989 4642 καὶταῦτα
1057 4549 1207 4656 μόννίρ
1263 4549 1687 4654 προστάγματι·
1741 4580 1878 4649 πρὸς

2097 4571 2228 4626 tiam
2273 4567 2615 4638 praedicans,
2667 4578 2892 4634 regnum
2938 4562 3204 4616 caelorum
3242 4560 3687 4629 appropinquare

409 4688 507 4738 καὶ
531 4683 640 4738 τῶν
676 4682 866 4753 ψυχῶν
911 4679 1237 4735 ἀπελαύνων
1281 4677 1481 4738 αὐτούς
1504 4692 1518 4706 ⁸
1553 4673 1848 4746 μετάνοιαν
1882 4689 1985 4740 κη-

415 4775 769 4848 ρύττων,καὶ
821 4773 922 4843 τὴν
977 4772 1264 4842 βασιλείαν
1308 4767 1613 4838 ὲγγίσασαν
1683 4764 1992 4825 ἐπιδεικνὺς

413 4869 510 4939 τὴν
549 4867 824 4938 οὐράνιον,
853 4867 948 4921 καὶ
975 4868 1071 4927 τάς
1098 4863 1278 4936 ψυχὰς
1324 4863 1462 4934 πρὸς
1518 4860 1700 4913 πίστιν
1755 4857 1990 4924 ὲνάγων,

413 4965 508 5016 καὶ
534 4964 649 5034 βίον
677 4961 755 5032 τῷ
785 4961 1152 5030 ἀντικειμένῳ
1192 4958 1459 5026 πολέμιον
1487 4973 1502 4987 ο
1528 4956 1623 5008 καὶ
1649 4953 1778 5015 τοὺς
1810 4953 1991 5020 ἀμαρ-

414 5055 617 5117 τωλοῦς
646 5051 1072 5123 μετασκευάξων
1113 5053 1207 5104 καὶ
1238 5047 1676 5120 προσδεχόμενος
1699 5061 1714 5078 ο
1747 5046 1814 5097 οὐ
1832 5044 1994 5113 μόνον

415 5147 469 5200 δὲ
495 5146 634 5199 ἀλλὰ
659 5145 751 5198 καὶ
776 5146 888 5207 τοῖς
911 5145 1135 5208 οἰκείοις
1169 5143 1345 5206 διδοὺς
1399 5141 1544 5196 κατά
1594 5142 1872 5211 δαιμόνων
1933 5140 1994 5193 τὸ

417 5239 640 5307 κράτος.
672 5233 797 5309 *Δρ*
823 5236 915 5292 οὖν
952 5233 1019 5310 ἦν
1054 5237 1192 5300 ὅλως
1209 5237 1455 5300 ἀνεκτῶς
1486 5235 1631 5306 ἔχειν
1656 5234 1794 5305 πρὸς
1819 5231 1995 5288 ταῦτα

417 5333 510 5385 τὸν
548 5332 815 5396 Σατανᾶν,
841 5331 938 5384 καὶ
965 5333 1092 5394 τοὺς
1115 5329 1498 5399 συναποστατή
1509 5345 1711 5390 σαντας
1727 5325 1994 5395 ἀγγέλους

420 5423 743 5493 αὐτῷςθ2
767 5419 896 5493 'Ap‘
927 5423 1074 5492 ἔχειν
1137 5423 1366 5491 νομίσας
1413 5423 1564 5483 ὅπως
1618 5419 1684 5472 διν
1743 5415 1994 5490 ἀνακόψῃ

425 5518 517 5586 τὴν
544 5516 663 5569 κατ’
702 5516 870 5570 αὐτοῦ
924 5515 1234 5588 φερομένην
1271 5513 1548 5582 τοσαύτην
1581 5511 1759 5581 ἰσχὺν,
1792 5511 2000 5580 ἠμέλη-

423 5625 514 5660 σεν
541 5602 817 5678 ἀν;τΑρα
845 5605 902 5659 δὲ
957 5607 1183 5661 ἀνεκτὸν
1231 5607 1383 5678 αύτῷ
1423 5606 1524 5677 ζῇν
1569 5605 1628 5657 ὲν
1685 5602 1998 5673 ἀνθρώποις

428 5703 515 5754 τὸν
546 5697 878 5754 ἐκϐάλλοντα
907 5699 1016 5754 τῶν
1050 5700 1358 5773 ἀνθρώπων
1388 5699 1574 5766 αὐτὸν,
1610 5697 1704 5753 καὶ
1755 5695 1851 5766 τῆς
1874 5692 2000 5748 κατ’

475 5877 588 5956 ﬂ“!
617 5878 760 5937 Pctr.
793 5897 877 5946 ιιι,
921 5879 1006 5935 18.

1590 5976 1692 5988 ....¢

2099 4662 2466 4733 proclamans,
2503 4657 2715 4712 animas
2739 4655 2806 4709 ad
2838 4653 2998 4708 fidem
3033 4651 3334 4714 adducens,
3366 4667 3576 4707 necnon
3619 4652 3687 4704 ad

2097 4751 2572 4810 conversationem
2601 4747 2920 4804 adversario
2945 4747 3279 4816 oppositam.
3303 4747 3526 4814 insuper
3560 4761 3691 4814 pec-

2095 4858 2311 4904 calores
2356 4852 2688 4901 convertens
2736 4849 2791 4896 et
2844 4839 3141 4908 recipiens,
3185 4838 3300 4892 imo
3342 4838 3459 4894 suis
3497 4848 3688 4892 contra

2098 4940 2378 4995 dmmones
2407 4934 2644 5004 largiens
2665 4929 3064 4989 fortitudinem.
3085 4927 3370 4984 Putatisne
3403 4930 3690 4997 luceat-quo

2100 5031 2286 5088 animo
2334 5031 2573 5084 tolerare
2618 5025 2876 5080 Satanam
2919 5023 3152 5093 ejusque
3198 5022 3490 5093 apostasia:
3534 5036 3691 5076 com-

2099 5127 2268 5197 plices
2287 5123 2535 5192 angelos,
2579 5135 2680 5175 nec
2729 5117 3082 5188 perpendisse
3111 5116 3694 5186 quomodo-frangeret

2101 5226 2310 5273 tantam
2343 5216 2603 5270 virtutem
2641 5212 2749 5268 sibi
2785 5209 3197 5264 adversariam?
3223 5208 3516 5262 Poteratne
3550 5205 3695 5259 ferre

2100 5312 2285 5366 vivum
2344 5309 2509 5364 istum
2565 5304 2845 5360 hominem
2888 5301 2981 5372 qui
3036 5316 3099 5354 ex
3161 5298 3482 5353 hominibus
3539 5295 3691 5348 illmn

2102 5407 2358 5479 ejiciebat
2400 5413 2456 5460 et
2485 5419 2514 5458 a
2549 5399 2875 5458 multiformi
2903 5411 3002 5455 sua
3037 5394 3330 5466 tyrannide
3372 5389 3696 5446 evertebat?

2109 5501 2407 5571 Propterea
2461 5503 2655 5552 contra
2711 5492 2989 5548 Christum
3040 5486 3264 5549 furens,
3342 5495 3467 5534 cum
3527 5479 3697 5534 sciret

2107 5595 2228 5666 ejus
2258 5591 2351 5647 Dei
2385 5587 2729 5658 hominisque
2775 5583 3016 5639 animam
3053 5574 3370 5632 tcntationis
3410 5571 3694 5626 victricem

2108 5689 2320 5747 nullius
2346 5701 2412 5744 ex
2445 5685 2594 5743 vitiis
2621 5696 2742 5741 esse
2787 5691 3044 5749 capacem
3079 5687 3316 5743 quorum
3375 5669 3492 5738 ipse
3531 5675 3698 5735 caput
