4046 6506
445 372 545 440 211

1716 372 2102 433 GREGURII
2148 373 2239 435 PA
2250 373 2473 436 [ΑΜΕ

3595 367 3690 429 ιιι

450 482 693 540 exsistit.
723 494 828 536 nee
875 478 987 535 ullo
1032 478 1191 535 modo
1223 478 1385 534 trorti
1421 493 1545 535 esse
1589 480 1882 535 obnoxiam
1925 496 2031 552 qua

2144 486 2324 542 αὐτῶν
2356 485 2650 550 πολυετοῦς
2688 484 3046 556 τυραννίδος;
3082 482 3182 538 Διά
3211 480 3387 537 ταῦτα
3408 480 3580 536 τοίνυν
3600 483 3687 537 ht-

448 577 568 645 ipse
603 588 696 643 per
728 574 1080 639 semetipsum
1113 570 1362 626 homines
1388 570 1589 637 adecit.
1618 586 1821 643 corpus
1843 582 2026 629 autem

449 667 573 731 eius
626 675 736 719 tum
775 664 947 717 dolori
986 672 1098 717 tum
1144 663 1301 717 morti
1343 662 1669 732 subjacere;
1727 679 1852 719 cum
1895 679 2025 720 vero

454 759 616 812 talem
654 770 840 810 necem
874 770 971 824 per
1005 769 1065 809 se
1100 754 1349 821 nequiret
1383 754 1621 820 inferre,
1668 754 1736 809 ad
1770 755 1891 825 ejus
1923 771 2030 811 rte-

453 849 573 904 dem
612 847 909 904 inﬁdelium
947 844 1262 900 Iudaeorum
1294 854 1505 901 mentes
1552 856 1734 902 movet
1770 862 1907 917 quas
1943 858 2025 902 ut-

455 950 580 1010 pote
624 939 887 1007 scelestas
944 952 974 992 a
1023 937 1244 993 Christo
1279 937 1560 992 convictas
1606 945 1661 992 et
1711 938 2027 1007 reprobatas

456 1036 635 1082 movet
655 1036 708 1082 et
736 1026 926 1083 suadet
965 1026 1177 1095 ad‘rjns
1208 1040 1417 1085 necem.
1449 1025 1517 1079 ad
1560 1039 1745 1080 necem
1789 1024 2025 1096 ignomi-

453 1120 667 1174 niosam
714 1118 1167 1175 solissceleratis
1208 1125 1264 1173 et
1295 1118 1479 1188 impiis
1526 1117 1879 1183 destinatam,
1922 1134 2028 1189 pu-

457 1222 583 1267 tans
615 1212 687 1266 ita
714 1211 865 1267 illum
900 1224 929 1264 a
961 1221 1105 1264 terra
1129 1209 1331 1280 ejicere
1356 1218 1411 1264 et
1438 1224 1635 1265 nomen
1663 1210 1780 1278 ejus
1804 1211 1856 1265 in
1886 1219 2028 1266 terra

456 1305 763 1360 destruere.
820 1303 1088 1372 Sperabat
1131 1304 1319 1365 etiam,
1371 1316 1439 1358 eo
1496 1310 1737 1364 mortuo.
1790 1303 2027 1357 animam

453 1393 606 1450 illitis
639 1393 695 1448 in
733 1393 947 1450 inferno
977 1394 1254 1449 occlusam
1284 1402 1466 1449 tenere
1496 1394 1638 1449 sicut
1667 1393 1881 1448 animas
1904 1408 2030 1448 om-

454 1487 605 1540 nium
640 1501 669 1540 a
716 1486 931 1541 sareulis
973 1484 1384 1540 defunctorum.

2137 576 2328 647 μανεὶς
2387 578 2530 634 κατά
2573 577 2838 646 Χριστοῦ,
2887 576 3017 631 imi.
3058 575 3157 645 τὴν
3217 573 3322 643 μὶν
3384 572 3692 643 θεανδρικὴν

2134 669 2352 737 εκείνην
2377 668 2557 740 ψυχὴν
2605 669 2695 723 διὰ
2749 666 2945 736 πείρας
3000 664 3540 735 ύπερανῳκισμένην
3593 660 3692 717 οἶδε

2132 760 2450 815 παντάπασι
2479 760 2588 814 τῶν
2610 759 2823 823 παθῶν,
2845 753 2922 812 ὧν
2947 756 3191 827 ἀρχηγὸς
3238 753 3487 823 ὑπῆρξεν
3522 754 3692 825 αὐτὸς,

2128 860 2224 906 καὶ
2264 853 2498 907 θανάτου
2552 851 2834 915 παντελῶς
2891 850 3268 915 ἀνεπίδεκτον,
3314 839 3491 915 οὗπερ
3548 844 3697 907 αὐτὸς

2128 944 2194 998 δι’
2224 944 2422 998 ἑαυτοῦ
2454 943 2738 1011 ποιητικός
2796 942 2913 995 ἐστι
2976 941 3090 1003 τοῖς
3147 936 3485 1010 ἀνθρώποις,
3534 935 3596 988 τὸ
3646 935 3699 989 δὲ

2128 1032 2292 1101 σῶμα
2331 1031 2575 1103 παθητόν
2610 1047 2670 1083 τε
2697 1030 2790 1083 καὶ
2819 1029 3035 1100 θνητὸν,
3073 1029 3239 1092 αύτδς
3302 1026 3365 1080 δὲ
3403 1024 3472 1079 δι’
3516 1024 3698 1078 ἑαυτοῦ

2132 1125 2365 1179 θάνατον
2391 1124 2638 1177 τοιοῦτον
2663 1123 2953 1193 ἐπιφέρειν
2982 1122 3045 1177 ού
3092 1120 3549 1191 συγκεχώρηται,
3574 1127 3702 1177 xm!

2133 1216 2272 1285 πρὸς
2311 1215 2471 1284 φόνον
2494 1213 2687 1267 τούτου
2718 1214 2816 1274 τάς
2848 1211 3077 1282 γνώμας
3133 1211 3248 1266 τῶν
3302 1209 3546 1265 ἀπειθῶν
3582 1209 3705 1264 Ἰου⁴

2131 1306 2319 1371 δαίων,
2356 1305 2493 1377 πρὸς
2517 1304 2711 1373 φθόνον
2733 1305 2828 1358 καὶ
2885 1302 3086 1374 μανίαν
3145 1302 3462 1357 ἀκάθεκτον
3501 1300 3706 1368 ἐγείρας

2136 1396 2237 1465 τὴν
2264 1394 2389 1448 κατ’
2409 1394 2596 1455 αὑτοῦ,
2632 1393 2729 1448 ἀτε
2763 1393 2859 1445 καὶ
2889 1392 3100 1448 τούτων
3142 1391 3219 1455 ὡς
3281 1390 3539 1462 πονηρῶν
3570 1391 3708 1454 ἐλεγ-

2137 1480 2385 1550 χομένων
2414 1496 2472 1533 τε
2499 1481 2594 1534 καὶ
2646 1480 3026 1549 ἀθετουμένων
3077 1480 3183 1535 ὑπὸ
3244 1468 3516 1553 Χριστοῦ.
3565 1480 3710 1532 Κινεῖ

456 1575 639 1630 τοίνυν
695 1576 792 1629 καὶ
844 1574 1021 1629 πείθει
1076 1574 1215 1645 πρὸς
1261 1573 1422 1644 φόνον
1475 1571 1691 1637 τούτου,
1740 1570 1837 1625 καὶ
1870 1573 2030 1641 φόνον
2070 1572 2266 1641 ἄτιμον
2290 1572 2386 1626 καὶ
2424 1573 2757 1646 κακούργοις
2818 1574 3003 1644 μόνοις
3028 1574 3123 1628 καὶ
3158 1574 3391 1629 ἀσεϐέσι
3471 1589 3709 1640 νενομισ-

461 1669 647 1740 μένον,
679 1668 913 1738 νομίσας
959 1666 1134 1728 οὕτως
1160 1668 1322 1720 αὐτόν
1377 1683 1441 1718 τε
1475 1667 1540 1718 ὲκ
1565 1664 1666 1734 τῆς
1702 1665 1807 1733 γῆς
1865 1664 2139 1728 ἐκϐαλεῖν,
2174 1666 2272 1719 καὶ
2304 1666 2366 1720 τὸ
2420 1668 2594 1738 δνομα
2650 1669 2841 1725 τούτου
2901 1669 2995 1722 ἐπὶ
3060 1670 3158 1739 τῆς
3210 1668 3320 1738 γῆς
3396 1667 3706 1739 ἁχρειῶσαι.

471 1763 727 1833 Ἐθάρῤει
749 1762 805 1815 δὲ
833 1761 1023 1816 τούτου
1054 1760 1334 1827 θανόντος,
1362 1760 1461 1814 καὶ
1504 1760 1606 1829 τὴν
1653 1757 1819 1813 αὑτοῦ
1850 1757 2030 1830 ψυχὴν
2063 1760 2121 1810 ὲν
2156 1758 2706 1832 ᾂδου’κατάκλειστον
2726 1763 2892 1836 ἔχειν,
2918 1763 2996 1828 ὡς
3026 1761 3122 1817 καὶ
3154 1761 3258 1826 τὰς
3279 1761 3391 1816 τῶν
3455 1760 3515 1828 ἐξ
3591 1757 3713 1813 αἰώ-

457 1871 569 1908 νων
595 1855 848 1909 ἁπάντων
869 1852 1069 1923 ψυχάς.

529 1949 625 2005 Sic
657 1948 916 2018 deceptus
943 1956 1027 2003 est
1050 1946 1326 2016 deceptor,
1357 1960 1578 2001 carnem
1604 1945 1807 2002 Christi
1837 1951 2027 2015 utpote

2201 1943 2388 2011 Οὕτως
2416 1947 2445 2000 ὁ
2503 1944 2761 2000 ἀπατεὼν
2800 1943 3169 2014 ἔξηπὶτηται,
3228 1943 3314 2012 τῷ
3359 1943 3461 2013 τῆς
3522 1943 3710 2015 σαρκὸς

461 2039 637 2095 dolori
668 2048 722 2095 et
746 2039 904 2093 morti
925 2037 1212 2092 obnoxiam
1237 2045 1534 2101 attentans,
1556 2046 1610 2093 et
1632 2039 1806 2093 lucem
1834 2037 2039 2091 invitus

2144 2035 2234 2091 τοῦ
2270 2035 2509 2108 Χριστοῦ
2533 2034 2762 2105 παθητῷ
2792 2052 2853 2089 τε
2877 2034 2974 2089 καὶ¹
3003 2032 3184 2104 θνητῷ
3211 2033 3566 2105 προσϐαλὼν,
3623 2033 3709 2086 καί

462 2131 649 2187 attulit
707 2130 1013 2186 tenebrosis
1071 2130 1378 2200 amatisqne
1432 2128 1550 2198 ejus
1612 2127 1949 2192 carceribus,
1986 2134 2039 2182 et

2144 2128 2200 2182 τὸ
2226 2128 2342 2198 φῶς
2366 2128 2601 2201 ἤνεγκεν
2629 2127 2780 2183 ἄκων
2805 2128 2927 2191 ταῖς
2956 2129 3273 2190 σκοτεινοῖς
3311 2126 3411 2180 καὶ
3442 2124 3711 2186 ποθειναῖς

460 2226 588 2279 vitm
622 2224 938 2293 largitorem
990 2222 1190 2277 animis
1242 2223 1311 2276 ah
1354 2237 1421 2276 eo
1473 2232 1691 2293 propter
1740 2220 2039 2291 spiritalem

2144 2219 2310 2275 αὐτοῦ
2335 2219 2691 2286 καταδύσεσι,
2720 2221 2813 2273 καὶ
2856 2218 2948 2272 τδν
3004 2218 3106 2288 τῆς
3159 2217 3314 2288 ζωῆς
3368 2218 3571 2288 δοτῆρα
3603 2219 3711 2280 ταῖς

461 2327 692 2372 mortem
732 2315 942 2370 vexatis
998 2315 1311 2383 proposuit;
1349 2314 1574 2383 insuper
1625 2328 1825 2383 corpus
1864 2327 1893 2365 a
1930 2327 2039 2381 quo

2144 2308 2231 2364 διὰ
2253 2308 2351 2380 τὴν
2377 2308 2572 2379 νοητὴν
2595 2309 2866 2380 νέκρωσιν
2899 2307 2995 2361 ὑπ’
3028 2306 3197 2360 αὑτοῦ
3250 2307 3710 2378 τυραννουμέναις

462 2410 710 2480 procedit
759 2407 1086 2463 resurrectio
1119 2417 1171 2460 et
1204 2405 1586 2459 immortalitas
1626 2418 1752 2458 eum
1807 2403 2039 2457 mortuis

2144 2400 2341 2473 ψυχαῖς
2378 2400 2802 2471 ἐπέστησεν·ού
2846 2401 3011 2471 μόνον
3066 2400 3123 2454 δὲ
3184 2399 3326 2454 ἀλλὰ
3380 2400 3476 2454 καὶ
3523 2399 3581 2452 τὸ
3625 2399 3714 2465 τῆς

461 2500 826 2561 commiscuit,
855 2497 1078 2566 cupiens
1115 2497 1248 2552 illud
1280 2497 1440 2551 morti
1470 2505 1524 2550 et
1560 2496 1835 2551 vermibus
1867 2495 2045 2550 trade.

466 2612 546 2650 re.
582 2592 843 2647 Dominus
863 2599 1045 2645 autem
1080 2589 1177 2643 itas
1215 2590 1379 2643 etiam
1418 2587 1566 2641 illius
1602 2587 1831 2641 insidias
1886 2593 2044 2655 pote-

462 2693 550 2740 rat
573 2683 792 2752 quidem
834 2690 1097 2740 evertere,
1123 2679 1218 2733 sed
1250 2691 1594 2747 nequaquam
1629 2677 1823 2741 voluit,
1854 2674 2044 2730 maluit

2145 2494 2501 2557 ἀναστάσεως
2550 2494 2645 2547 καὶ
2692 2493 2791 2562 τῆς
2837 2492 3140 2555 ἀθανασίας
3184 2493 3527 2561 παρεκτικδν
3566 2491 3711 2558 σῶμα

2142 2588 2259 2646 τοῖς
2301 2586 2626 2656 τεθνηκόσιν
2655 2585 2902 2656 ἀνέμιξε,
2933 2584 3152 2654 θανάτῳ
3179 2584 3281 2638 καὶ
3344 2588 3490 2656 ταφῇ
3544 2600 3711 2654 παρα-

2142 2679 2322 2732 δοῦναι
2356 2679 2595 2743 σπεύσας
2617 2678 2808 2740 αὑτός.
2861 2677 2993 2732 Ὀδδ
3057 2676 3269 2745 Κύριος
3326 2678 3562 2748 ἠδύνατο
3624 2676 3712 2742 μὲν

465 2791 597 2832 vero
631 2774 869 2829 dolorem
915 2784 1015 2840 pro
1067 2770 1225 2824 nobis
1275 2768 1522 2833 sufferre,
1556 2768 1680 2823 ideo
1706 2767 1847 2824 Deus
1880 2768 2043 2823 homo

465 2866 646 2925 factus
676 2874 782 2921 est.
813 2862 926 2919 Nisi
962 2863 1105 2917 enim
1142 2862 1308 2916 homo
1342 2871 1506 2926 esset,
1542 2861 1654 2931 pati
1689 2877 1796 2915 non
1833 2860 2044 2931 potuis-

464 2967 582 3025 set;
609 2957 655 3011 si
693 2954 853 3018 Dens,
884 2969 1008 3008 cum
1039 2952 1217 3008 locum
1258 2952 1427 3008 dolori
1460 2953 1666 3006 nullum
1699 2954 1954 3022 praebeat,
1986 2952 2039 3006 in

2146 2957 2319 3019 πάθος
2350 2956 2494 3025 ὑπὲρ
2548 2957 2733 3027 ἡμῶν,
2791 2956 2874 3008 διὸ
2911 2956 3007 3008 καὶ
3064 2954 3425 3025 θεάνθρωπος
3482 2954 3708 3020 γέγονεν.

462 3049 748 3105 divinitate
817 3060 916 3103 sua
986 3044 1402 3115 permansisset,
1440 3060 1539 3114 pro
1576 3045 1733 3100 nobis
1779 3044 1832 3098 iu
1873 3059 2039 3100 carne

2144 3053 2207 3105 Εί
2242 3050 2315 3121 μὴ
2341 3050 2449 3120 γάρ
2488 3049 2778 3120 ἄνθρωπος
2823 3043 2913 3119 ἦν,
2945 3048 3047 3101 οὐκ
3098 3044 3167 3120 ἦν
3196 3047 3433 3100 δυνατὸν
3492 3043 3708 3097 παθεῖν·

465 3154 695 3195 mortem
730 3155 836 3192 non
870 3138 1147 3202 subiisset,
1168 3152 1275 3207 qua
1309 3137 1703 3192 surreetionem
1734 3152 1830 3193 seu
1862 3139 2039 3206 potius

2146 3144 2196 3195 εί
2230 3142 2286 3195 δὲ
2320 3141 2396 3211 μὴ
2419 3140 2553 3204 Θεὸς
2592 3139 2814 3209 ἀπαθὴς
2863 3140 3006 3191 κατὰ.
3035 3139 3132 3205 τὴν
3164 3138 3403 3207 θεότητα
3433 3136 3723 3205 διαμένων.,

465 3228 925 3285 resurrectionem
980 3224 1140 3280 nobis
1194 3225 1424 3293 largitus
1484 3234 1736 3290 est;non
1794 3226 2039 3281 creditus

2144 3236 2246 3288 οὐκ
2274 3231 2341 3287 ἂν
2364 3229 2684 3302 ὗπὲρήμῶν
2719 3231 2926 3299 ὑπέστη
2961 3230 3131 3299 σαρκὶ
3182 3231 3280 3284 τὸν
3343 3230 3597 3287 θάνατον,
3651 3220 3712 3284 δι’

2146 2771 2241 2825 καὶ
2265 2770 2468 2834 ταύτας
2538 2772 2706 2826 αὑτοῦ
2753 2772 2851 2832 τὰς
2906 2769 3202 2833 επιὸουλάς
3270 2768 3710 2841 διακρούσασθαι.

2143 2862 2259 2916 ἀλλ’
2286 2862 2384 2916 ούκ
2402 2862 2686 2933 ἠθέλησεν,
2746 2861 2983 2932 ἠθέλησε
3027 2858 3317 2932 δὲμᾶλλον
3359 2860 3609 2917 ὑπελθεῖν
3658 2851 3713 2908 τὸ

464 3321 660 3379 fuisset
690 3333 850 3389 posse
883 3317 1097 3387 quidem
1135 3317 1269 3371 nihil
1309 3318 1441 3385 pati,
1472 3316 1706 3372 libenter
1739 3333 1868 3371 vero
1916 3332 2043 3386 pas-

465 3415 676 3469 sionem
700 3410 903 3481 eiigere
924 3421 985 3464 ut
1007 3414 1338 3464 monstraret
1364 3407 1729 3462 humilitatem
1756 3423 1910 3462 suam
1940 3424 2041 3465 nos

465 3506 727 3573 liberatos
752 3510 1056 3558 erecturam
1096 3513 1237 3564 esse,
1267 3508 1321 3555 et
1350 3510 1515 3569 opere
1545 3500 1765 3554 doceret
1793 3514 2043 3554 necessa-

464 3598 610 3652 rium
640 3611 764 3652 esse
796 3609 972 3665 usque
1005 3588 1072 3648 ad
1110 3600 1340 3647 mortem
1382 3606 1480 3662 pro
1514 3592 1723 3662 justitia
1757 3591 2040 3658 dimicare,

466 3698 527 3745 ut
545 3688 891 3746 credentibus
912 3701 1009 3756 per
1031 3684 1487 3742 resurrectionem
1520 3684 1789 3739 nuntiaret
1816 3684 2043 3739 immor-

466 3779 690 3835 talitatis
718 3778 965 3832 virtutem
995 3790 1115 3847 quae
1150 3790 1258 3830 non
1297 3788 1612 3843 permanere
1642 3782 1852 3829 tantum
1887 3774 2039 3836 dicit,

466 3874 562 3929 sed
613 3873 778 3928 etiam
832 3883 1154 3941 permanere
1201 3876 1354 3922 extra
1402 3875 1660 3921 aeternam
1720 3865 2040 3935 perniciem,

464 3975 729 4022 aeternum
756 3964 882 4019 dico
908 3970 964 4016 et
997 3960 1151 4015 valde
1190 3959 1526 4013 horrendum
1559 3958 1890 4027 supplicium
1928 3958 2040 4011 dia.

465 4056 591 4112 bolo
621 4062 1011 4125 praeparatum,
1037 4059 1090 4104 et
1116 4064 1456 4119 conregnare
1484 4063 1607 4101 cum
1641 4048 1846 4102 sanctis
1876 4062 2043 4117 ange-

466 4148 557 4209 lis.
591 4147 756 4202 beato
807 4146 1148 4212 pereuntque
1210 4153 1378 4209 regno
1437 4139 1865 4208 congaudentes.
1917 4136 2044 4192 Ideo

468 4252 632 4308 quam
663 4251 771 4290 non
796 4234 980 4288 debuit
1012 4243 1241 4287 mortem
1286 4231 1455 4287 subiit
1502 4244 1600 4298 pro
1635 4228 1816 4293 nobis,
1845 4238 1905 4283 ut
1948 4242 2045 4282 nos

468 4329 675 4398 quibus
692 4324 956 4381 sull‘ectus
982 4333 1065 4379 est
1089 4323 1367 4378 debitores
1396 4334 1427 4375 a
1461 4320 1726 4374 servitute
1769 4318 1967 4375 diaboli
1991 4328 2046 4375 et

467 4428 643 4473 morte
690 4418 967 4479 liberaret,
1000 4423 1174 4469 morte
1217 4413 1431 4467 scilicet
1484 4420 1594 4465 tam
1633 4411 1829 4466 anima:
1878 4426 2042 4479 quam

467 4510 736 4580 corporis,
766 4516 881 4563 tum
907 4505 1191 4576 temporali
1217 4515 1332 4558 tum
1370 4505 1582 4574 perreni
1605 4522 1620 4571 ;
1645 4503 1878 4573 pretium
1898 4503 2043 4559 enim

2147 3322 2314 3377 αὐτοῦ
2354 3321 2454 3390 τὴν
2486 3321 2810 3383 ἀνάστασιν,
2863 3319 3064 3388 μᾶλλον
3095 3320 3151 3372 δὲ
3202 3320 3570 3384 ἐξανάστασιν
3628 3310 3713 3364 καὶ

2147 3411 2452 3467 ἀθανασίαν
2504 3413 2636 3481 ἡμῖν
2689 3411 3090 3483 χαριζόμενος*
3145 3411 3257 3466 οὐδ’
3290 3411 3359 3464 ἂν
3434 3403 3711 3471 ἐπιστεύθη

2147 3504 2409 3559 δύνασθαι
2446 3502 2544 3574 μὲν
2573 3502 2649 3574 μὴ
2679 3502 2895 3563 παθεῖν.
2932 3502 3075 3556 ἑκὼν
3114 3502 3167 3555 δὲ
3198 3501 3398 3556 παθεῖν
3430 3496 3715 3570 προελόμε-

2148 3615 2258 3659 νος,
2298 3597 2375 3658 ὡς
2433 3597 2580 3667 ἡμᾶς
2621 3594 2944 3667 ἐλευθεροῦν
2996 3598 3091 3648 καὶ
3140 3594 3385 3665 ἀνυψοῦν
3422 3591 3713 3662 μέλλουσαν

2147 3691 2360 3753 δεικνὺς
2388 3687 2487 3760 τὴν
2537 3687 2747 3741 οἰκείαν
2792 3686 3149 3751 ταπείνωσιν,
3190 3689 3287 3740 καὶ
3324 3684 3611 3742 διδάσκων,
3668 3676 3713 3729 εἰ

2147 3783 2352 3853 δεήσει,
2377 3781 2446 3834 δι’
2488 3779 2686 3851 ἔργων,
2740 3779 2906 3852 μέχρι
2938 3778 3170 3832 θανάτου
3206 3777 3350 3847 ὑπὲρ
3381 3771 3712 3835 δικαιοσύνης

2150 3873 2537 3942 ἀγωνίζεσθαι,
2593 3873 2688 3927 καὶ
2718 3870 3165 3946 ἐπαγγειλάμενος
3199 3873 3320 3931 τοῖς
3379 3864 3712 3935 πειθομένοις

2150 3966 2218 4021 δι’
2248 3964 2600 4026 ἀναστάσεως
2634 3963 2733 4030 τῆς
2793 3962 3094 4026 ἀθανασίας
3127 3961 3224 4033 τὴν
3253 3962 3511 4029 δύναμιν,
3540 3957 3601 4012 ού
3626 3948 3710 4007 τοῦ

2150 4055 2229 4118 είς
2251 4055 2340 4108 ἀεὶ
2380 4052 2663 4123 διαμένειν
2698 4050 2886 4121 μόνον,
2915 4050 3050 4106 ἀλλά
3083 4051 3180 4105 καὶ
3215 4051 3313 4104 τοῦ
3346 4048 3565 4104 αἰωνίου
3610 4042 3715 4096 ὀλέ-

2150 4145 2281 4214 θρου
2308 4143 2586 4212 διαμένειν
2626 4143 2802 4207 ἐκτὸς,
2833 4143 2933 4212 τῆς
2966 4142 3190 4196 αἰωνίου
3235 4142 3385 4207 λέγω
3418 4134 3714 4208 φρικωδεσ-

2150 4236 2320 4306 τάτης
2352 4237 2649 4300 κολάσεως,
2679 4235 2777 4304 τῆς
2810 4233 3228 4304 ἠτοιμασμένης
3251 4234 3332 4305 τῷ
3353 4229 3601 4297 διαδόλῳ,
3627 4220 3713 4276 καὶ

2153 4327 2573 4393 συνδιαιωνίζειν
2599 4331 2711 4392 τοῖς
2738 4329 2916 4397 ἀγῖοις
2964 4328 3240 4396 ἀγγέλοις,
3287 4328 3389 4396 τῆς
3440 4317 3712 4392 ἀκηράτου

2152 4420 2247 4475 καὶ
2299 4420 2660 4490 ἀτελευτήτου
2723 4419 3003 4490 βασιλείας
3066 4419 3564 4474 συναπολαύοντας.
3625 4404 3715 4462 Διά

2150 4513 2313 4567 τούτο
2334 4515 2444 4583 γάρ
2471 4513 2529 4566 ὃν
2560 4512 2663 4565 οὐκ
2688 4510 2922 4580 ὤφειλεν
2969 4511 3121 4585 ὑπὲρ.
3149 4510 3309 4581 ¹ἡμῶν
3346 4509 3604 4577 ὑπέμεινε
3628 4499 3715 4552 θά-

465 4618 568 4672 pro
598 4602 755 4656 nobis
789 4610 1013 4670 propter
1042 4609 1327 4668 peceatum
1356 4597 1467 4652 reis
1496 4596 1768 4651 insontem
1795 4605 1982 4666 utpote
2012 4612 2039 4649 ιι

2151 4618 2351 4671 νατον,“
2386 4605 2472 4659 ἵνα
2507 4604 2632 4665 τοὺς
2661 4604 3103 4672 ὲποφειλομένως
3131 4595 3711 4673 ύιρισταμένουςὴμᾶςο

464 4699 691 4761 peccato
722 4689 1018 4743 immunem
1053 4687 1290 4743 fundens
1320 4686 1664 4758 sanguinem,
1699 4703 1803 4743 nos
1828 4704 1855 4741 a
1890 4697 2039 4742 reatu

2148 4697 2214 4752 ἔκ
2250 4716 2308 4751 τε
2337 4696 2438 4766 τῆς
2462 4696 2708 4760 δουλείας
2760 4696 2854 4749 τοῦ
2909 4695 3181 4750 διαϐόλου·
3209 4697 3306 4750 καὶ
3370 4694 3464 4749 τοῦ
3501 4689 3711 4745 θανάτου

464 4783 718 4851 redemit,
748 4781 975 4837 dimissa
1007 4779 1295 4853 iniquitate
1329 4789 1536 4847 nostra,
1565 4781 1969 4850 dilaceratoque
1990 4780 2039 4834 in

2148 4789 2540 4859 λυτρώσηται·
2570 4788 2808 4842 θανάτου
2845 4787 2939 4841 καὶ
2971 4788 3067 4841 τοῦ
3132 4788 3275 4840 κατὰ
3319 4785 3501 4858 ψυχὴν
3557 4782 3709 4847 λέγω,

464 4886 629 4930 cruce
645 4872 1029 4944 ehimgraplto,
1064 4888 1166 4928 nos
1188 4887 1220 4927 a
1246 4874 1533 4944 tyrannide
1563 4872 1762 4929 diaboli
1794 4873 2048 4929 redemit.

2152 4883 2247 4935 καὶ
2278 4879 2375 4934 τοῦ
2399 4881 2542 4934 κατά
2599 4880 2784 4950 σῶμα,
2832 4883 2930 4933 τοῦ
2993 4897 3053 4933 τε
3105 4882 3446 4951 προσκαίρου
3488 4872 3580 4927 καὶ
3623 4864 3710 4919 τοῦ

462 4963 557 5021 Ille
587 4966 731 5021 enim
754 4966 1010 5035 deceptus
1059 4974 1114 5021 et
1134 4968 1289 5036 quasi
1340 4967 1751 5037 obstupeseens,
1775 4980 2039 5021 noswum-

2146 4973 2547 5035 διαιωνίζοντος
2564 4988 2578 5003 '
2614 4972 2810 5043 λύτρον
2831 4972 2938 5040 γὰρ
2964 4970 3287 5041 ὑπὲρὴμῶν
3309 4971 3422 5025 τῶν
3455 4968 3523 5020 δι’
3546 4965 3712 5030 ἁμαρ·

462 5074 571 5127 que
594 5059 832 5130 pretium
852 5059 1171 5130 sanguinem
1195 5060 1347 5116 illum
1376 5059 1723 5117 Dominicum
1747 5058 1950 5114 edundi
1974 5058 2051 5114 si-

465 5151 662 5207 tienter
693 5160 976 5221 appetens,
1002 5153 1347 5223 sanguinem,
1372 5154 1619 5224 inquam,
1640 5165 1749 5205 non
1773 5151 2044 5206 insontem

464 5245 650 5310 modo,
673 5246 767 5300 sed
798 5244 962 5298 etiam
994 5245 1193 5300 virtute
1243 5245 1425 5300 divina
1479 5246 1727 5305 divitem.
1762 5244 1831 5299 ab
1858 5257 1923 5298 eo
1954 5244 2042 5297 di-

458 5344 609 5393 tatus
637 5350 749 5391 non
779 5336 901 5401 fuit,
924 5338 1019 5391 sed
1059 5335 1275 5392 fortiter
1298 5338 1535 5401 vinctus,
1576 5338 1628 5390 in
1653 5351 1816 5390 cruce
1844 5335 2044 5391 Christi

464 5425 853 5496 triumphatus,
893 5437 948 5481 et
1005 5429 1078 5482 ita
1131 5442 1233 5483 nos
1291 5444 1356 5482 ex
1414 5429 1534 5498 ejus
1593 5428 1854 5483 servitute
1904 5426 2047 5481 eruti

458 5531 728 5576 sumuset
753 5521 1110 5576 transivimus
1142 5522 1194 5575 in
1218 5534 1447 5591 regnum
1483 5520 1603 5575 Filii
1633 5520 1748 5583 Dei,
1773 5520 1866 5587 qui
1901 5522 2048 5588 prius

460 5610 681 5679 quidem
704 5626 925 5667 eramus
944 5613 1140 5667 domus
1165 5612 1279 5677 irae,
1307 5612 1436 5668 lacti
1465 5623 1645 5666 autem
1670 5613 1738 5667 ab
1758 5628 1825 5667 eo
1848 5613 2045 5667 domus

461 5701 864 5759 misericordia!
906 5706 1002 5774 qui
1064 5705 1306 5775 alligavit
1362 5705 1558 5759 fortem
1610 5720 1720 5773 pt‘ae
1778 5706 1953 5763 nobis.
1992 5714 2047 5758 et

468 5794 689 5848 domum
720 5793 837 5857 eius
867 5794 1122 5857 diripuit:
1158 5796 1248 5857 qui
1282 5797 1421 5855 iure.
1454 5808 1637 5853 utoote
1669 5796 1869 5862 injuste
1917 5812 2045 5863 snt;-

2146 5064 2273 5117 τίαν
2307 5062 2625 5118 ὑπευθύνων
2652 5063 2713 5116 τὸ
2765 5063 3062 5116 ἀνεύθυνον
3116 5063 3192 5125 ὡς
3241 5062 3622 5131 ἀναμάρτητον
3648 5049 3711 5101 οἱ·

2155 5156 2303 5208 κεῖον
2336 5153 2639 5224 αἷμαδοῦς,
2689 5154 3039 5224 ἑλυτρώσατο
3097 5154 3197 5224 τῆς
3270 5153 3503 5221 εὐθύνης
3546 5141 3708 5214 ἡμᾶς.

2149 5247 2250 5310 τὰς
2273 5246 2548 5317 ἁμαρτίας
2611 5246 2979 5315 συγχωρήσας
3016 5244 3199 5312 me»),
3260 5246 3355 5297 καὶ
3406 5242 3465 5293 τὺ
3519 5232 3710 5289 τούτων

2151 5338 2518 5406 χειρόγραφον
2550 5336 2609 5389 ιν
2638 5335 2719 5404 τῷ
2748 5334 2967 5405 σταυρῷ
2997 5335 3322 5407 διαρρήξας,
3379 5325 3710 5395 ἐλυτρώσατο

2152 5430 2253 5497 τῆς
2289 5426 2604 5494 τυραννίδος
2650 5425 2746 5479 τοῦ
2780 5427 3053 5482 διαϐόλου.
3102 5427 3428 5488 Δελεασθεὶς
3447 5422 3551 5490 γάρ
3576 5415 3708 5466 ἐκεῖ-

2157 5537 2246 5584 νος
2273 5521 2369 5573 καὶ
2394 5518 2709 5589 περιχανὼν
2741 5514 2874 5584 οἷον,
2910 5519 3006 5573 καὶ
3029 5519 3089 5572 τὸ
3124 5522 3395 5591 ἡμέτερον
3424 5515 3628 5582 λύτρον.
3655 5500 3708 5554 τδ

2152 5609 2298 5681 αἷμα
2326 5612 2505 5663 ἐκεῖνο
2526 5610 2588 5663 τὸ
2616 5609 2942 5666 δεσποτικδν
2991 5609 3228 5682 χυθῆναι
3265 5609 3522 5670 σπεύσας,
3556 5600 3613 5652 τδ
3640 5591 3706 5664 μὴ

2157 5706 2317 5773 μόνον
2351 5700 2685 5767 ἀνεύθυνον,
2718 5703 2854 5757 άλλά
2909 5705 3004 5757 καὶ
3054 5705 3245 5774 θεῖκὴν
3288 5703 3513 5771 δύναμιν
3560 5691 3708 5745 πλου-

2153 5796 2300 5862 τοῦν,
2323 5796 2423 5849 οὐκ
2455 5795 2784 5867 ἐπὶουτίσθη
2818 5798 2908 5850 ὑπ’
2935 5798 3126 5865 αὑτοῦ,
3160 5798 3276 5859 ἀλλ’
3336 5790 3567 5863 ἰσχυρῶς
3596 5781 3699 5835 ἰδέα
