4046 6444
517 349 628 415 215

1792 357 2181 422 GBEGORII
2223 365 2548 449 ΡΑιΑΜέΈ

3657 377 3750 441 216

511 470 695 514 ranter
732 456 1044 529 inquirendi
1075 465 1336 515 aeternam
1373 459 1521 516 illam
1557 461 1880 521 tiliationem
1915 478 1972 523 et
2004 485 2067 525 re

2197 479 2390 550 θυμεῖν
2414 482 2720 555 διαπύρως,
2757 486 2850 538 καὶ
2884 485 3068 553 ζητεῖν
3105 485 3386 555 ἐπιμόνως
3408 484 3503 556 τὴν
3530 485 3742 542 διαιωνίο

507 549 906 617 demptionem,
941 563 1247 619 novamque
1288 565 1416 606 vere
1447 551 1612 606 vitam
1663 561 1718 608 et
1749 554 2088 612 felicitatem.

507 641 724 712 Quippe
745 657 870 696 cum
898 642 1099 710 duplex
1131 641 1204 696 sit
1235 651 1342 697 tam
1381 644 1579 698 anima:
1623 660 1790 715 quam
1839 650 2091 718 corporis

505 745 690 790 nostra
719 733 772 788 in
791 732 1009 788 Christo
1033 734 1218 789 filiatio
1246 744 1298 790 et
1323 735 1626 802 renovatio,
1652 752 1774 806 quae
1797 739 2012 793 initium
2037 751 2092 796 et

503 827 664 880 ﬁnem
698 825 859 881 habet
902 841 1004 881 nec
1042 827 1238 881 mediis
1281 836 1457 893 caret,
1490 829 1821 898 principium
1864 832 2085 901 quidem

501 919 659 973 nobis
689 918 844 988 ponit
871 918 1123 988 baptismi
1157 919 1330 989 gratia
1361 935 1466 990 qua
1498 920 1658 976 datur
1688 925 1932 978 omnium
1962 940 2088 995 pec-

499 1019 746 1062 catorum
772 1021 827 1065 et
855 1023 1038 1066 reatus
1068 1027 1134 1067 ex
1172 1013 1554 1069 maledictione
1591 1017 1769 1071 exorti
1804 1018 2084 1084 remissio,

501 1115 554 1153 et
589 1103 845 1156 balneum
877 1105 1308 1172 regenerationis
1331 1107 1674 1176 appellatur;
1711 1108 1874 1164 finem
1897 1119 2080 1164 autem

497 1195 649 1248 dabit
673 1203 889 1265 sperata
921 1196 1170 1252 ﬁdelibus
1198 1201 1532 1254 resurrectio
1563 1201 1784 1270 vitaque
1809 1201 1865 1256 in
1897 1200 2082 1256 futuro

499 1287 702 1341 szeculo
736 1289 1031 1357 promissa,
1068 1291 1244 1344 media
1278 1306 1406 1345 vero
1438 1291 1579 1346 inter
1597 1293 1700 1348 ista
1740 1293 1846 1348 vita
1874 1303 1958 1349 est
1995 1309 2082 1349 se-

495 1381 737 1432 cundum
791 1380 1147 1450 Evangelium
1201 1382 1431 1450 Christi,
1460 1399 1556 1452 per
1599 1399 1763 1454 quam
1817 1385 2078 1452 nutritur,

495 1471 695 1524 crescit
724 1481 778 1525 et
809 1482 1102 1553 renovatur
1130 1475 1179 1527 in
1209 1473 1326 1529 dies
1359 1475 1445 1528 vir
1479 1474 1571 1528 Dei
1609 1477 1661 1529 in
1701 1476 2077 1546 cognitionem

496 1563 590 1617 Dei
619 1565 938 1633 procedens,
965 1566 1018 1621 in
1038 1567 1305 1636 justitiam
1328 1577 1382 1621 et
1401 1569 1891 1625 sanctiﬁcationem
1912 1572 2079 1641 paulo

492 1655 678 1710 minus
721 1657 792 1710 ab
831 1659 1042 1726 angelis
1095 1659 1426 1726 minoratus,
1458 1675 1488 1714 a
1519 1661 1702 1730 seipso
1759 1664 2077 1719 rescindens

487 1763 644 1802 suam
673 1749 737 1804 ad
766 1743 1051 1806 humiliora
1075 1754 1518 1822 prepensionem,
1545 1763 1600 1807 et
1629 1754 1900 1810 desideria
1931 1772 1960 1809 a
1991 1757 2073 1810 vi-

2197 569 2400 632 ζουσαν
2419 574 2632 642 ἐκείνην
2669 576 2953 630 υἱοθεσίαν
2975 578 3070 630 καὶ
3102 577 3504 647 ἀπολύτρωσιν,
3532 581 3620 630 καὶ
3644 595 3752 632 και-

2193 665 2290 734 νὴν
2314 663 2484 728 ὅντως
2508 665 2654 738 ζωὴν
2681 668 2778 721 καὶ
2824 669 3232 740 μακαριότητα.
3296 669 3612 738 Πολλαπλῆς
3652 671 3751 738 γὰρ

2191 752 2360 823 οὔσης
2387 755 2530 808 κατά
2580 772 2641 808 τε
2685 757 2845 827 σῶμα
2899 760 2995 810 καὶ
3036 757 3219 828 ψυχὴν
3250 757 3351 827 τῆς
3386 758 3653 828 ἡμετέρας
3701 761 3754 813 ἐν

2191 844 2414 914 Χριστῷ
2441 848 2714 911 υἱοθεσίας
2766 850 2861 902 καὶ
2889 851 3292 913 ἀνακαινίσεως
3349 852 3526 920 ἀρχήν
3559 867 3618 902 τε
3666 851 3753 903 καὶ

2189 936 2505 1006 τελειότητα
2531 939 2782 1014 ἐχούσης,
2817 941 2916 994 καὶ
2940 941 3011 994 τά
3047 941 3259 995 τούτων
3290 940 3517 1011 μεταξὺ,
3541 941 3636 1010 τὴν
3664 943 3755 1010 μὲν

2189 1019 2367 1091 ἀρχὴν
2401 1024 2676 1094 ἐντίθησιν
2734 1028 2940 1098 ήμῖνή
3000 1029 3098 1082 τοῦ
3158 1029 3534 1098 βαπτίσματος
3588 1029 3752 1098 χάρις,

2187 1113 2408 1167 πάντων
2441 1132 2501 1168 τε
2534 1117 2643 1170 τῶν
2675 1119 3092 1190 ἁμαρτημάτων
3148 1121 3246 1176 καὶ
3274 1121 3376 1190 τῆς
3409 1123 3472 1175 ὲκ
3507 1121 3604 1190 τῆς
3626 1123 3753 1188 ἀρᾶς

2185 1205 2421 1278 εὐθύνης
2454 1209 2554 1280 τὴν
2589 1211 2784 1278 ἄφεσιν
2808 1214 3147 1282 παρέχουσα,
3175 1213 3271 1266 καὶ
3315 1213 3536 1282 λουτρὸν
3567 1214 3754 1280 παλιγ-

2185 1302 2440 1369 γενεσίας
2487 1303 2709 1367 λέγεται
2741 1320 2756 1335 ’
2820 1305 2919 1375 τὴν
2971 1306 3030 1359 δὲ
3073 1305 3396 1377 τελειότητα
3447 1306 3672 1376 παρέξει
3723 1307 3754 1375 ἡ

2184 1392 2519 1464 ἐλπιζομένη
2563 1397 2677 1457 τοῖς
2724 1399 2940 1460 πιστοῖς
2985 1395 3373 1462 ἐξανάστασις,
3409 1397 3506 1450 καὶ
3558 1399 3591 1466 ή
3624 1396 3754 1448 κατά

2180 1486 2274 1540 τὸν
2311 1487 2486 1541 αἰῶνα
2513 1487 2608 1542 τὸν
2641 1489 2908 1559 μέλλοντα
2951 1489 3297 1557 ἐπαγγελίαο
3339 1489 3410 1543 τά
3451 1489 3510 1542 δὲ
3560 1487 3754 1558 μεταξὺ

2181 1577 2411 1644 τούτων,
2435 1581 2469 1650 ἡ
2496 1584 2640 1635 κατὰ
2662 1581 2722 1634 τὸ
2740 1579 2835 1634 τοῦ
2855 1581 3097 1649 Χριστοῦ
3127 1581 3462 1649 Εὐαγγέλιόν
3485 1582 3598 1634 ἐστι
3628 1579 3754 1649 ζωὴ,

2179 1665 2337 1742 δι’ἦς
2383 1671 2645 1741 τρέφεται
2695 1673 2789 1726 καὶ
2813 1671 2971 1738 αὖξει
3027 1671 3139 1742 94
3202 1673 3298 1724 καὶ
3361 1669 3756 1734 ἀνακαινίζεται

2180 1761 2394 1832 ἡμέραν
2422 1763 2481 1827 ἐξ
2508 1763 2724 1834 ἡμέρας
2753 1766 3086 1833 προκόπτων
3105 1765 3133 1817 ὁ
3163 1765 3310 1817 κατὰ
3326 1763 3461 1817 Θεὸν
3481 1761 3756 1833 ἄνθρωπος

489 1841 746 1896 sibilibus
786 1855 839 1898 et
870 1846 1182 1900 carnalibus
1215 1855 1267 1900 et
1308 1846 1677 1914 temporaneis
1709 1846 1777 1900 ad
1806 1849 2066 1921 intelligi-

2177 1851 2255 1912 εἰς
2291 1851 2587 1920 ἐπίγνωσιν
2606 1853 2765 1920 Θεοῦ,
2803 1857 2899 1909 καὶ
2927 1854 3302 1925 δικαιοσύνην,
3329 1856 3430 1908 καὶ
3463 1852 3750 1921 ἀγιασμὺν,

487 1931 619 1986 hilia
649 1944 703 1988 et
738 1935 1042 2004 Spiritualia
1077 1946 1131 1992 et
1175 1945 1377 1992 aeterna
1425 1937 1786 1992 transferens.

2180 1944 2275 1996 καὶ
2305 1946 2447 1996 κατὰ
2480 1947 2676 2016 μικρὸν
2712 1947 2906 2014 μειῶν,
2967 1949 3064 2000 καὶ
3109 1947 3204 2014 ἀφ’
3239 1944 3438 1999 ἑαυτοῦ
3491 1943 3757 1996 ἐκκόπτων

484 2025 586 2092 τὴν
615 2027 692 2087 είς
727 2027 794 2079 τὰ
841 2029 995 2111 κάτω
1035 2031 1437 2100 προσπάθειαν,
1468 2031 1932 2101 καὶμεταφέρων
1983 2031 2074 2084 τὸν
2116 2032 2275 2088 πόθον
2323 2037 2432 2090 ἀπὸ
2459 2038 2567 2091 τῶν
2596 2039 2822 2120 ὁρατῶν.
2853 2039 2949 2092 καὶ
3000 2038 3282 2108 σαρκικῶν
3352 2040 3448 2091 καὶ.
3505 2029 3756 2107 προσκαε.

485 2135 594 2186 ρων
619 2119 838 2190 πρὸςτά
865 2121 1030 2192 νοητὰ
1070 2123 1165 2175 καὶ
1199 2123 1544 2192 πνευματικά
1575 2127 1671 2180 καὶ
1703 2124 1872 2179 ἀΐδια.

557 2210 899 2281 Τιὶριεχιιοο
920 2214 987 2270 de
1017 2217 1421 2272 resurrectione
1473 2216 1675 2272 Christi
1723 2233 1824 2273 nos
1854 2219 2089 2274 edocens
2137 2203 2141 2207 ’

479 2307 516 2364 ιι
540 2307 574 2361 ιί
607 2306 901 2362 ineﬁ‘abilia
932 2308 1185 2379 mysteria
1229 2307 1465 2378 Spiritus
1528 2309 1930 2378 contemplatus
1963 2310 2088 2370 fuit.

487 2417 580 2456 vas
606 2397 886 2455 electionis
927 2399 1125 2454 Paulus
1175 2416 1418 2474 magnus
1457 2400 1719 2456 Romanis
1755 2403 1809 2456 in
1839 2401 2079 2472 Epistula

482 2494 676 2547 scribit
721 2509 738 2548 :
780 2512 798 2544 ι
838 2491 1162 2561 Quicunque
1218 2492 1474 2562 haptizati
1513 2508 1709 2549 sumus
1748 2493 1802 2547 in
1852 2494 2075 2549 Christo

485 2581 641 2647 Jcsn,
679 2583 734 2636 in
775 2592 947 2637 morte
980 2583 1153 2651 ipsius
1198 2581 1454 2650 baptizati
1491 2597 1717 2648 sumus;
1757 2582 2068 2651 consepulti

484 2691 618 2744 ergo
649 2692 842 2731 sumus
869 2691 992 2730 cum
1019 2675 1110 2729 illo
1139 2691 1234 2743 per
1256 2675 1586 2744 baptismum
1613 2675 1666 2728 in
1693 2683 1924 2728 mortem
1962 2676 2064 2729 ".i

484 2770 599 2822 Hoc
621 2779 704 2824 est
729 2767 1147 2824 resurrectionis
1180 2775 1381 2822 nostrae
1407 2767 1734 2839 principium
1756 2784 1771 2834 ;
1794 2768 2075 2836 chirogra-

481 2863 648 2930 phum
675 2860 820 2916 enim
849 2861 1198 2931 iniquitalum
1225 2868 1539 2914 nostrarum
1556 2861 1810 2916 Christus
1833 2861 1884 2914 in
1913 2875 2076 2916 cruce

482 2976 495 3003 ι
523 2955 800 3008 iLiceravit
829 2963 883 3008 et
901 2969 996 3023 per
1027 2954 1356 3021 baptismum
1380 2969 1567 3008 secum
1601 2953 1962 3022 consepultos
1985 2952 2073 3006 in-

482 3055 745 3101 nocentes
769 3045 965 3100 cifecit.
985 3042 1091 3100 Sed
1113 3045 1238 3098 audi
1263 3045 1502 3100 medium
1525 3044 1736 3099 instans
1755 3044 2024 3113 principio
2052 3063 2066 3100 :

487 3159 504 3188 ι
533 3138 621 3200 Ut,
641 3138 737 3200 ait,
769 3138 1042 3205 quomodo
1073 3137 1314 3191 surrexit
1349 3152 1380 3190 a
1404 3137 1656 3200 mortuis,
1695 3137 1768 3190 ita
1796 3145 1848 3190 et
1882 3151 1979 3191 nos
2010 3138 2063 3192 in

481 3232 720 3284 novitate
743 3231 868 3283 vitae
898 3229 1279 3294 ambulemus;
1315 3247 1334 3281 ι
1364 3238 1417 3282 et
1448 3230 1609 3283 linem
1641 3230 2063 3284 resurrectionis

2276 2221 2351 2274 Τὸ
2378 2221 2591 2292 τριττὸν
2649 2221 2806 2275 τοῦτο
2844 2223 2942 2293 τῆς
2999 2221 3058 2274 ἐν
3103 2218 3326 2292 Χριστῷ
3383 2213 3754 2272 ἀνακαινίσεωε

2194 2316 2343 2384 ἡμᾶς
2381 2317 2648 2370 διδάσκων
2697 2319 2725 2370 ό
2773 2315 2879 2370 τῶν
2934 2316 3265 2385 ἀπορρήτων
3321 2309 3642 2381 μυστηρίων
3671 2301 3755 2357 τοῦ

2192 2408 2509 2479 Πνεύματος
2541 2409 2761 2478 θεατὴς,
2787 2410 2846 2462 τὸ
2883 2409 3076 2470 σκεῦος
3101 2407 3162 2460 τὸ
3195 2404 3475 2468 ἐκλεκτὸν,
3506 2399 3707 2459 Παῦλος
3733 2396 3754 2448 ξ

2187 2500 2384 2569 μέγας,
2409 2502 2613 2571 γράφει
2655 2500 2951 2570 Ῥωμαίοις
2997 2497 3364 2551 ἐπιστέλλωνο
3404 2513 3423 2546 ι
3454 2494 3604 2546 Ὅσοι
3638 2487 3752 2542 £61.-

2181 2589 2489 2660 πτίσθημεν
2524 2594 2601 2654 είς
2634 2591 2869 2655 Χριστὸν
2910 2589 3146 2659 Ἰησοῦν,
3180 2590 3261 2650 είς
3283 2586 3383 2641 τ’ὁν
3421 2585 3645 2640 θάνατον
3671 2582 3751 2636 αὖ·

2178 2682 2274 2737 τοῦ
2299 2683 2742 2754 ἐϐαπτίσθημεν·
2799 2682 3186 2751 συνετάφημεν
3217 2680 3309 2734 οῦν
3370 2678 3520 2748 αὐτῷ
3546 2677 3631 2732 διά
3668 2672 3754 2727 τοῦ

2181 2775 2556 2845 βαπτίσματος
2586 2777 2666 2839 εἰς
2697 2777 2788 2828 τὸν
2819 2775 3068 2828 θάνατον.
3109 2794 3127 2825 ι
3181 2773 3334 2843 Αὕτη
3375 2775 3407 2843 ή
3439 2773 3538 2842 τῆς
3567 2768 3749 2841 ἡμετὲ-

2182 2885 2280 2937 ρας
2330 2869 2732 2931 ἀνακαινίσεως
2785 2867 2929 2936 ἀρχή
2955 2881 2969 2899 ·
3025 2865 3082 2920 τὸ
3113 2867 3224 2936 γὰρ
3256 2867 3624 2936 χειρόγραφον
3653 2860 3752 2914 τῶν

2177 2959 2462 3030 ἡμετέρων
2507 2960 2926 3030 ἁμαρτημάτων
2959 2959 2986 3010 ό
3041 2957 3274 3028 Χριστὸς
3309 2958 3374 3010 ἐν
3421 2955 3500 3025 τῷ
3551 2949 3752 3019 σταυρῷ

2167 3052 2442 3124 διέρρηξε,
2481 3053 2574 3106 καὶ
2606 3053 2733 3114 τοὺς
2767 3052 2854 3105 διὰ
2885 3051 2980 3104 τοῦ
3025 3050 3412 3122 βαπτίσματος
3454 3047 3602 3117 αὑτῷ
3637 3061 3751 3098 συν-

2167 3143 2542 3212 θαπτομένους
2597 3143 2926 3204 ἀνευθύνους
2979 3142 3257 3212 ἐποίησεν.
3329 3143 3536 3193 ’Ἄκουε
3585 3135 3750 3190 δὲκαὶ

2164 3236 2264 3304 τῆς
2301 3238 2441 3304 μετά
2461 3236 2560 3304 τὴν
2595 3235 2769 3304 ἀρχὴν
2806 3234 3134 3304 μεσότητος’
3176 3252 3195 3285 ί
3231 3232 3357 3287 Ἵνα
3391 3232 3521 3301 γὰρ,
3575 3227 3749 3297 φησὶν,

481 3320 733 3388 producit
764 3319 995 3374 dicens:
1044 3339 1062 3372 ι
1109 3321 1164 3374 Si
1197 3321 1343 3374 enim
1390 3319 1746 3388 complaulati
1797 3318 1924 3375 facti
1974 3336 2066 3376 su-

2171 3327 2359 3396 ῶσπερ
2399 3325 2609 3396 ἠγέρθη
2655 3326 2887 3396 Χριστὸς
2919 3327 2984 3378 ἐκ
3018 3325 3256 3395 νεκρῶν,
3289 3324 3442 3378 οὕτω
3469 3323 3562 3377 καὶ
3604 3319 3750 3388 ἡμεῖς

484 3428 607 3466 mus
645 3411 990 3466 similitudini
1027 3413 1220 3468 mortis
1245 3412 1389 3482 ejus,
1429 3411 1594 3466 simul
1618 3421 1673 3465 et
1705 3407 2070 3467 resurrectio—

478 3507 565 3558 nis
594 3505 824 3558 erimus.
872 3522 892 3556 ι
931 3503 1174 3574 Denique
1208 3502 1535 3573 principium
1587 3511 1640 3556 et
1679 3518 1849 3572 genus
1883 3518 2072 3559 resur-

481 3613 505 3648 r
539 3595 735 3650 ctionis
752 3605 805 3650 et
838 3596 1116 3651 ﬁliationis
1144 3595 1450 3651 evidentius
1482 3596 1900 3667 demonstrans,
1952 3617 1970 3648 ι
2005 3595 2071 3651 Et

479 3702 580 3742 nos
615 3686 739 3758 ipsi,
767 3687 962 3756 inquit,
989 3688 1260 3758 primitias
1291 3686 1529 3754 Spiritus
1561 3687 1844 3754 habentes,
1880 3699 1932 3742 et
1964 3688 2066 3757 ipsi

479 3782 619 3835 intra
668 3796 768 3836 nos
809 3781 1103 3850 gemimus,
1144 3781 1489 3850 adoptionem
1520 3780 1767 3844 ﬁliorum
1831 3780 1926 3834 Dei
1973 3797 2068 3836 ex-

476 3882 784 3942 epcctantes
811 3873 877 3927 ³⁸.
919 3890 937 3922 ι
974 3871 1251 3927 Primitias
1283 3871 1522 3943 Spiritus
1566 3883 1722 3928 vocat
1750 3873 2065 3928 sanctiﬁca-

479 3966 680 4019 tionem
715 3973 770 4019 et
811 3963 1050 4034 Spiritus
1081 3964 1312 4034 gratiam
1349 3979 1513 4033 quam
1554 3965 1740 4018 divino
1790 3965 2062 4033 baptismo

473 4055 800 4125 accipimus,
854 4056 922 4109 ah
971 4053 1354 4122 iniquitatibus
1404 4058 1653 4109 conversi
1695 4065 1751 4109 et
1791 4055 2059 4120 renovati,

475 4149 758 4217 gratisque
800 4146 1001 4202 Christi
1036 4146 1209 4217 gratia
1247 4145 1568 4216 justiﬁrati;
1598 4147 1714 4202 haec
1753 4147 1898 4201 enim
1933 4155 2061 4200 sunt

475 4243 786 4295 futurorum
842 4243 1110 4293 honorum
1171 4237 1446 4306 primitiae.
1506 4239 1741 4293 Dicendo
1799 4248 1981 4292 autem
2044 4255 2059 4293 :

473 4335 819 4402 adoptionem
849 4331 1084 4386 ﬁliorum
1113 4330 1201 4384 Dei
1226 4340 1630 4400 exspectantes,
1657 4332 1980 4385 monstravit
2001 4347 2060 4387 se

473 4424 665 4479 nonde
689 4423 949 4478 ﬁliatione
967 4439 1035 4477 cx
1063 4422 1329 4491 baptismo
1352 4431 1471 4477 orta
1492 4422 1660 4492 loqui,
1682 4421 1775 4476 sed
1799 4422 1865 4476 de
1878 4421 2060 4480 futura

471 4518 561 4572 illa
589 4525 643 4571 et
671 4515 908 4586 perfecta
942 4524 996 4569 et
1023 4514 1322 4577 indelebili,
1353 4513 1558 4569 addens
1590 4532 1604 4569 :
1644 4533 1662 4565 ι
1703 4513 2057 4586 Redemptio-

469 4625 594 4663 nem
629 4608 879 4677 corporis
920 4605 1119 4670 nostri,
1159 4623 1178 4656 ι
1220 4605 1429 4661 scilicet
1465 4605 1610 4659 illius
1639 4620 1667 4658 a
1697 4605 1997 4668 doloribus,
2023 4621 2050 4661 a

2175 3421 2234 3472 ἐν
2261 3419 2544 3487 καινότητι
2584 3417 2731 3487 ζωῆς
2764 3419 3269 3489 περιπατήσωμεν·
3303 3435 3320 3468 ι
3369 3419 3461 3470 καὶ
3490 3409 3748 3488 προσεπά-

2171 3529 2260 3580 γει
2287 3513 2388 3583 τὴν
2417 3511 2733 3582 τελειότητα
2763 3512 2861 3580 τῆς
2900 3511 3317 3575 ἀνακαινίσεως,
3350 3509 3564 3571 δεικνύς
3583 3525 3597 3538 ·
3635 3523 3652 3556 ι
3682 3503 3739 3558 ΕΞ

2174 3606 2280 3675 γὰρ
2312 3605 2586 3674 σύμφυτοι
2611 3603 2920 3673 γεγόναμεν
2949 3603 3028 3674 τῷ
3052 3601 3366 3673 ὁμοιώματι
3399 3603 3494 3658 τοῦ
3523 3599 3742 3655 θανάτου

2169 3698 2354 3760 αὐτοῦ,
2391 3696 2529 3750 ἀλλά
2571 3697 2664 3749 καὶ
2698 3695 2797 3766 τῆς
2829 3696 3182 3758 ἀναστάσεως
3225 3695 3490 3767 ἐσόμεθα.
3527 3713 3544 3745 ι
3588 3689 3742 3758 Ἑξῆς

2167 3788 2354 3858 δὲτὴν
2388 3787 2563 3859 ἀρχὴν
2614 3787 2709 3840 καὶ
2757 3787 2818 3840 τὸ
2847 3788 3005 3855 γένος
3043 3787 3146 3856 τῆς
3203 3787 3604 3848 ἀνακαινίσεως
3653 3779 3741 3836 καὶ

2166 3882 2439 3943 υἱοθεσίας
2469 3881 2872 3951 ἐμφανέστερον
2913 3878 3118 3950 δηλῶν,
3159 3898 3177 3931 ι
3219 3879 3329 3951 καὶ
3351 3879 3528 3943 αὐτοὶ,
3561 3875 3736 3946 φησὶν,

2165 3977 2215 4027 oi
2246 3974 2344 4045 τὴν
2375 3950 2632 4044 ἀπαρχὴν
2659 3972 2754 4026 τοῦ
2785 3950 3129 4042 νΠνεύματος
3172 3950 3416 4042 ἔχοντες,
3454 3973 3550 4026 καὶ
3587 3969 3740 4040 ἡμεῖς

2164 4062 2319 4115 αὐτοὶ
2365 4063 2423 4116 ἐν
2453 4062 2666 4124 ἑαυτοῖς
2717 4061 3073 4129 στενάζομεν,
3112 4061 3392 4114 υἱοθεσίαν
3453 4056 3740 4127 ἀπεκδεχό-

2167 4170 2351 4222 μενοι·
2392 4173 2410 4204 »
2477 4153 2732 4224 ἀπαρχὴν
2783 4153 2878 4205 τοῦ
2942 4151 3259 4220 Πνεύματος
3316 4153 3600 4222 ὀνομάζων
3652 4149 3739 4202 τὸν

2161 4244 2456 4314 ἀγιασμδν,
2489 4245 2585 4297 καὶ
2615 4244 2714 4314 τὴν
2758 4243 2920 4313 χάριν
2954 4240 3046 4296 τοῦ
3080 4242 3424 4311 Πνεύματος,
3471 4244 3537 4314 ἣν
3578 4243 3635 4295 ἐν
3666 4237 3740 4307 τῷ

2163 4335 2292 4406 θείῳ
2327 4335 2666 4406 βαπτίσματι
2717 4334 3092 4405 λαμὸάνομεν,
3152 4335 3261 4388 τῶν
3323 4333 3738 4406 ἁμαρτημάτων

2160 4425 2572 4494 ἀπαλλαγέντες
2622 4425 2718 4480 καὶ
2746 4425 3247 4492 ἀνακαινισθέντες,
3295 4429 3392 4482 καὶ
3420 4427 3630 4496 δωρεὰν
3672 4421 3737 4489 τῇ

2159 4517 2252 4569 τοῦ
2282 4518 2521 4586 Χριστοῦ
2560 4517 2746 4587 χάριτι
2777 4516 3193 4582 δικαιωθέντες·
3223 4518 3452 4590 ἀπαρχὴ
3499 4520 3602 4588 γάρ
3627 4517 3736 4568 ἐστι

2158 4612 2333 4662 ταῦτα
2372 4609 2482 4662 τῶν
2514 4608 2822 4678 μελλόντων
2870 4610 3096 4662 ἐκείνων
3146 4611 3393 4678 ἀγαθῶν.
3441 4609 3625 4664 Εἰπὼν
3651 4606 3727 4669 δὲ,

467 4701 819 4768 corruptione
857 4699 1274 4761 liberationem;
1329 4698 1420 4751 illa
1475 4699 1619 4752 enim
1670 4697 1904 4752 ﬁliorum
1950 4698 2046 4754 Dei

2171 4720 2180 4754 ι
2219 4701 2490 4754 υἱοθεσίαν
2515 4675 2961 4771 ἀπεκδεχόμενοι,
2988 4720 3007 4752 ι
3048 4675 3285 4764 δεικνὺς.
3321 4704 3400 4767 ὡς
3425 4704 3488 4757 οὐ
3523 4702 3618 4772 τὴν
3638 4698 3724 4752 διὰ

465 4793 684 4861 adeptio
734 4790 932 4858 sacpius
964 4789 1264 4854 evanescit,
1321 4789 1437 4843 haec
1478 4798 1660 4842 autem
1709 4804 1738 4843 a
1799 4805 1940 4844 nova
1979 4807 2045 4845 ex

466 4885 699 4938 mortuis
749 4883 857 4936 vita
903 4891 958 4937 et
1007 4884 1410 4937 resurrectione
1475 4883 1684 4947 adorta,
1745 4882 1864 4952 ipsa
1923 4898 2048 4938 vere

466 4976 702 5046 perfecta
738 4985 822 5030 est
852 4973 1186 5029 ﬁrmissima.
1221 4972 1367 5028 Idem
1401 4989 1528 5028 vero
1555 4974 1622 5027 ad
1665 4973 2044 5044 Philippenses

462 5068 710 5123 scribens
743 5067 903 5121 ﬁnem
932 5075 1094 5120 tanta:
1115 5064 1485 5120 renovationls
1513 5065 1816 5132 sapientius
1837 5065 2044 5134 profert

462 5164 688 5216 dicens:
723 5159 1095 5212 «Salvatorem
1125 5165 1509 5226 exspectamus
1536 5155 1826 5211 Dominum
1857 5155 2038 5212 Jcsum

461 5254 739 5307 Christum
765 5250 858 5320 qui
890 5249 1209 5306 reformabit
1249 5265 1447 5320 corpus
1483 5249 1804 5304 humilitatis
1842 5257 2042 5303 nostra:

462 5344 860 5412 conﬁguratum
893 5342 1110 5412 corpori
1147 5342 1334 5412 gloriae
1379 5355 1492 5396 suae
1527 5341 1593 5395 ³⁸.
1628 5359 1646 5392 ι
1681 5339 1817 5393 Nam
1849 5354 2042 5408 quem-

462 5435 758 5489 admodum
805 5433 1057 5490 Christus
1109 5447 1360 5488 mortuus
1407 5442 1491 5488 est
1535 5433 1587 5486 itt
1643 5431 1962 5484 infirmitate
1990 5439 2042 5483 et

463 5524 798 5591 ignobilitate
812 5523 1010 5586 carnis,
1029 5525 1269 5580 surrexit
1290 5533 1466 5578 autem
1489 5525 1540 5578 in
1567 5524 1765 5578 virtute
1787 5529 1840 5577 ct
1865 5522 2036 5592 gloria

463 5615 595 5682 Dei,
623 5617 697 5670 ita
727 5616 816 5688 qui
847 5616 1146 5672 secundum
1199 5614 1478 5671 Christum
1513 5615 1747 5668 vixerint
1777 5628 1870 5683 per
1894 5630 2040 5667 mor-

519 5795 581 5829 ’³⁷
616 5794 773 5853 llum.
802 5813 876 5868 vr,
917 5799 969 5856 3.
1050 5801 1095 5834 ³⁸
1125 5797 1284 5856 Rozn.
1329 5816 1451 5867 vm,
1485 5802 1572 5857 ‘25.

2151 4795 2242 4848 τοῦ
2282 4795 2660 4866 βαπτίσματός
2693 4812 2861 4864 φησιν
2888 4797 3182 4861 υἱοθεσίαν,
3209 4797 3343 4851 ἀλλὰ
3379 4798 3479 4868 τὴν
3513 4795 3734 4866 μέλλου-

2152 4907 2250 4942 σαν
2281 4888 2499 4957 ἐκείνην
2544 4887 2638 4940 καὶ
2676 4886 2890 4940 τελείαν
2935 4889 3031 4942 καὶ
3057 4889 3423 4954 ἀδιάπτωτον,
3451 4885 3731 4960 προσεπά-

2147 4999 2232 5048 γει
2250 4998 2266 5013 ο
2305 4999 2325 5032 ‹
2357 4981 2466 5050 Τὴν
2483 4979 2861 5051 ἀπολύτρωσιν
2883 4980 2975 5034 τοῦ
3000 4982 3249 5050 σώματος
3272 4983 3437 5050 ἡμῶν
3453 4998 3469 5014 ο
3493 5002 3511 5033 i
3543 4980 3730 5054 malev.-

2144 5072 2228 5124 ότι
2258 5072 2355 5141 τὴν
2385 5070 2492 5125 ἀπὸ
2537 5070 2647 5124 τῶν
2689 5070 2878 5124 παθῶν
2911 5071 3005 5122 καὶ
3052 5070 3152 5140 τῆς
3194 5071 3403 5139 φθορᾶς
3428 5070 3597 5123 αὑτοῦ
3635 5065 3723 5119 λύε

2141 5179 2377 5234 τρωσιν·
2439 5163 2472 5232 ἡ
2533 5162 2633 5230 μὲν
2687 5164 2797 5232 γὰρ
2857 5161 3094 5215 ἐνταῦθα
3159 5163 3404 5216 υἱοθεσία
3445 5162 3724 5216 διαπίπτει

2143 5255 2425 5319 πολλάκις,
2475 5255 2509 5326 ἠ
2540 5254 2597 5307 δὲ
2627 5253 2717 5308 διὰ
2747 5255 2845 5324 τῆς
2888 5256 2953 5307 ἐκ
2985 5254 3196 5323 νεκρῶν
3241 5255 3583 5318 παλινζωῖας
3631 5251 3722 5305 καὶ

2141 5345 2514 5410 ἀναστάσεως,
2571 5343 2712 5414 αὕτη
2767 5345 2949 5398 τελεία
3002 5347 3096 5398 καὶ
3161 5345 3494 5416 βεϐαιοτάτη
3553 5344 3720 5402 ὅντως

2141 5437 2309 5490 ἐστίν.

2227 5523 2288 5581 Ὀ
2331 5527 2493 5589 αὐτὸς
2544 5526 2600 5580 δὲ
2633 5528 2727 5578 καὶ
2773 5525 3165 5596 Φιλιππησίοις
3208 5528 3442 5598 γράφων
3485 5526 3546 5578 τδ
3569 5524 3718 5586 τέλος

2145 5618 2243 5688 τῆς
2298 5618 2557 5688 τοιαύτης
2608 5619 3002 5684 ἀνακαινίσεως
3034 5621 3370 5690 σαφέστερον
3431 5619 3676 5691 ἐκτίθησι
3695 5657 3713 5681 ,,

1664 5801 1705 5833 ³³
1741 5800 1972 5868 Philipp.
2011 5815 2090 5867 Ill,
2125 5799 2218 5852 9.0.
