4046 6450
328 413 432 480 211

1616 447 1632 460 -
1656 413 1990 476 HOMILIA
2030 413 2192 480 XVI.

3481 417 3586 481 218

323 551 344 585 ι
371 530 622 600 Σωτῆρα,
646 529 845 598 λέγων,
871 528 1291 602 ἀπεκδεχόμεθα
1310 528 1514 601 Κύριον
1531 527 1741 598 Ἰησοῦν
1763 531 1879 600 Χριι

2002 540 2132 596 tem,
2161 539 2222 586 ut
2248 547 2439 590 rursus
2471 535 2776 591 secundum
2796 534 3026 590 Paulum
3062 534 3280 605 loquar,
3309 532 3586 589 seminan-

321 624 464 687 στὸν,
491 622 552 685 ὃς
581 623 1052 693 μετασχηματίσει
1082 624 1144 677 τὸ
1169 622 1328 690 σῶμα
1371 622 1472 692 τῆς
1506 622 1890 686 ταπεινώσεως

319 715 474 786 ήμῶν
503 716 582 780 είς
628 715 690 768 τὸ
733 716 987 784 γενέσθαι
1043 715 1372 787 σύμμορφον
1423 714 1501 786 τῷ
1546 716 1762 786 σώματι
1791 717 1891 782 τῆς

317 806 477 877 δόξης
504 806 671 861 αὐτοῦ
691 821 706 835 ·
744 826 764 860 ι
800 809 876 872 ὡς
907 809 1014 878 γὰρ
1043 811 1070 863 ό
1099 811 1334 880 Χριστὸς
1355 809 1626 863 ἀπέθανεν
1645 810 1702 863 ἐν
1725 811 1888 862 ἀσθε-

318 901 437 972 νείᾳ
485 905 577 956 καὶ
602 902 794 972 ἀτιμίᾳ
826 905 1046 973 σαρκὸς,
1079 904 1279 973 ἀνέστη
1338 904 1394 956 δὲ
1435 905 1494 957 ἐν
1523 903 1754 973 δυνάμει
1795 907 1888 958 καὶ

315 994 439 1064 δόξῃ
469 997 532 1064 τῇ
565 993 746 1066 θεῖκῇ,
777 994 921 1048 οὕτω
952 999 1046 1050 καὶ
1075 999 1125 1050 οἱ
1167 997 1308 1051 κατά
1341 998 1578 1069 Χριστὸν
1623 999 1889 1069 ζήσαντες

322 1086 634 1155 σπείρονται
655 1088 744 1140 διὰ
765 1088 857 1141 τοῦ
892 1088 1124 1143 Θανάτου
1168 1090 1354 1157 πάλιν,
1395 1092 1539 1146 κατά
1572 1093 1784 1146 Παῦλον
1815 1093 1891 1144 εἱ-

316 1181 462 1244 πεῖν,
497 1182 553 1232 ἐν
579 1180 832 1254 ἀσθενείᾳ
853 1183 948 1236 καὶ
978 1183 1191 1252 ἀτιμίᾳ,
1227 1184 1536 1256 ἐγείρονται
1565 1185 1624 1239 ἐν
1656 1186 1887 1253 δυνάμει

316 1272 414 1324 καὶ
444 1271 592 1343 δόξῃ,
625 1272 785 1342 σῶμα
833 1273 1092 1338 λαϐόντες
1115 1275 1503 1346 δεδοξασμένον
1531 1293 1590 1330 τε
1623 1278 1719 1330 καὶ
1749 1276 1888 1346 ἀκή-

317 1380 500 1433 ρατον,
535 1366 718 1427 ὁποῖον
744 1366 904 1436 ἔσχεν
941 1370 969 1421 ό
989 1368 1225 1437 Χριστὸς
1265 1368 1405 1438 μετά
1438 1370 1538 1438 τὴν
1566 1368 1884 1433 ἀνάστασιν,

316 1456 658 1526 πρωτότοκος
697 1460 756 1510 ἐκ
789 1456 899 1511 τῶν
922 1459 1154 1529 νεκρῶν,
1189 1460 1285 1514 καὶ
1315 1461 1542 1532 ἀπαρχὴ
1566 1459 1676 1513 τῶν
1704 1475 1889 1512 κεκοι-

316 1547 576 1616 μημένων
637 1546 948 1618 γενόμενος.
1003 1549 1149 1603 Ἀλλ’
1218 1550 1358 1620 αῦτη
1425 1553 1458 1622 ἡ
1513 1553 1570 1604 ἐν
1629 1551 1706 1621 τῷ
1781 1550 1890 1603 σώ-

314 1653 446 1708 ματι
512 1639 850 1704 ἀνακαίνισις
899 1642 1084 1695 πίστει
1127 1643 1328 1714 μᾶλλον
1385 1645 1583 1715 ὁρᾶται
1631 1644 1750 1708 νῦν,
1787 1646 1887 1698 οὐκ

311 1729 561 1800 αὑτοψίᾳ,
599 1730 714 1783 ἀλλ’
740 1732 937 1796 ἐλπίδι,
993 1733 1284 1804 πράγματι
1317 1734 1376 1787 δὲ
1405 1714 1562 1788 οῦπω
1584 1750 1599 1766 ⁸
1631 1737 1664 1806 ή
1697 1736 1754 1789 δέ
1785 1714 1908 1805 τῆς*

309 1822 486 1892 ψυχῆς
516 1821 780 1892 λαμϐάνει
802 1825 898 1894 μὲν
917 1828 1012 1878 καὶ
1037 1825 1174 1893 αὕτη
1201 1826 1299 1896 τὴν
1323 1827 1517 1897 ἀρχὴν,
1545 1827 1621 1890 ὡς
1645 1829 1882 1896 εἴρηται,

310 1917 374 1967 ἐν
404 1914 484 1985 τῷ
526 1915 652 1985 θείῳ
687 1915 1018 1986 βαπτίσματι
1055 1917 1144 1972 διὰ
1187 1920 1288 1990 τῆς
1319 1919 1426 1973 τῶν
1469 1921 1881 1990 ἁμαρτημάτων

311 2007 582 2073 ἀφέσεως,
614 2009 868 2078 τρέφεταί
907 2028 965 2064 τε
993 2010 1086 2063 καὶ
1115 2009 1339 2076 αὔξεται
1363 2012 1449 2066 διὰ
1481 2015 1581 2083 τῆς
1614 2015 1672 2066 ἐν
1701 2013 1882 2067 πίστει

311 2099 676 2171 δικαιοσύνης,
709 2101 789 2155 ἔτι
823 2101 918 2155 καὶ
948 2102 1029 2156 ἔτι
1077 2103 1536 2174 ἀνακαινιζομένη
1568 2106 1626 2157 ἐν
1650 2102 1884 2173 ἐπιγνώ-

314 2206 400 2242 σει
432 2189 526 2242 τοῦ
575 2191 730 2253 Θεοῦ,
763 2192 860 2244 καὶ
886 2195 1008 2256 ταῖς
1040 2193 1176 2263 αὐτῇ
1210 2193 1466 2264 ἀλλήλοις
1494 2195 1750 2264 ἀρεταϊςο
1789 2193 1885 2265 λή-

305 2283 470 2352 ψεται
494 2281 551 2334 δὲ
594 2281 693 2354 τὴν
721 2283 999 2338 τελείωσιν
1031 2285 1088 2337 ιν
1119 2288 1185 2355 τῇ
1233 2285 1374 2340 κατά
1398 2287 1459 2339 τὸ
1489 2287 1682 2355 μέλλον
1716 2287 1885 2356 πρόσ-

305 2392 460 2427 ωπον
509 2376 640 2445 πρὸς
688 2376 981 2446 πρόσωπον
1032 2377 1125 2430 τοῦ
1161 2378 1298 2430 Θεοῦ
1357 2378 1565 2450 θεωρίᾳ
1590 2395 1604 2409 ·
1640 2378 1736 2432 νῦν
1773 2381 1882 2448 γάρ

306 2468 374 2519 δι’
401 2467 663 2536 ἐσόπτρου
717 2469 902 2538 βλέπει
935 2471 1030 2522 καὶ
1059 2471 1118 2523 ἐν
1147 2469 1462 2539 αἱνίγματι’
1496 2470 1583 2523 διὰ
1605 2469 1766 2524 τοῦτο
1789 2473 1882 2525 καὶ

309 2561 337 2613 ὁ
369 2561 447 2629 τῷ
475 2562 518 2614 Χ
529 2561 692 2631 ριστῷ
711 2563 1072 2632 διαφερόντως
1100 2563 1455 2633 ἠγαπημένος
1482 2562 1590 2632 95
1628 2563 1882 2634 Ἰωάννης

309 2655 626 2723 ἀμφοτέρας
658 2655 755 2714 τὰς
791 2653 1164 2717 ἀνακαινίσεις
1221 2654 1502 2708 σνλλαόὼν
1529 2655 1624 2708 τοῦ
1679 2672 1738 2706 τε
1777 2655 1883 2706 σώ-

313 2762 484 2815 ματος
535 2745 628 2797 καὶ
678 2745 778 2813 τῆς
826 2743 1028 2814 ψυχῆς,
1087 2763 1105 2796 ι
1142 2745 1279 2810 Νῦν,
1339 2747 1494 2813 φησὶ,
1549 2747 1713 2799 τέκνα
1743 2745 1880 2799 Θεοῦ

308 2839 513 2906 ἐσμεν.-
533 2854 551 2885 ι
583 2833 752 2888 Τοῦτο
784 2838 816 2904 ή
845 2836 944 2904 τῆς
995 2836 1266 2900 υἱοθεσίας
1291 2837 1614 2907 ἀρχήολάλλ⁹
1659 2857 1676 2889 ι
1714 2837 1882 2892 Οὔπω

307 2924 630 2994 ἐφανερὼοη
654 2923 707 2976 τί
745 2923 983 2993 ἐσόμεθα
1011 2941 1024 2956 ο
1054 2924 1276 2994 οἴδαμεν
1301 2925 1356 2977 δὲ
1392 2927 1474 2978 ὅτι
1502 2927 1598 2980 ἐὰν
1629 2945 1881 2998 φανερω-

309 3017 398 3085 θῇ,
433 3018 605 3086 ὅμοιοι
634 3017 779 3084 αύτῷ
809 3017 1068 3087 ἐσόμεθα,
1101 3018 1184 3071 ὅτι
1225 3019 1469 3089 ὀψόμεθα
1498 3022 1663 3074 αὐτὸν
1693 3023 1879 3086 καθώς

306 3111 445 3162 ἐςτι.
474 3129 492 3160 ι
547 3109 714 3161 Τοῦτο
762 3111 793 3177 ή
821 3110 1103 3186 τελείωσις
1151 3111 1255 3179 τῆς
1300 3112 1440 3165 κατὰ
1467 3113 1602 3167 Θεὸν
1632 3116 1767 3185 ἡμῖν
1793 3116 1880 3170 διά

1993 637 2083 682 tur
2131 629 2185 682 in
2220 628 2538 683 inﬁrmitate
2565 639 2620 683 et
2651 629 3014 700 ignobilitate,
3049 634 3274 697 surgent
3302 635 3484 681 autem
3528 626 3581 679 in

1991 721 2196 775 virtute
2226 729 2279 774 et
2303 721 2499 789 gloria,
2527 731 2751 786 accepto
2777 735 3008 790 corpore
3038 717 3279 789 glorioso
3302 727 3356 772 et
3385 717 3580 770 imma-

1991 812 2174 868 culato
2209 813 2372 882 quale
2401 810 2594 866 habuit
2636 810 2889 866 Christus
2930 822 3052 879 post
3085 809 3540 862 resurrectionem
3561 845 3579 870 ,

1990 905 2387 976 primogenitus
2439 919 2506 958 ex
2561 905 2828 969 mortuis,
2884 902 3142 972 primitiae
3189 899 3578 956 dormientium

1989 999 2186 1054 factus.
2216 995 2418 1050 Verum
2448 996 2552 1050 ista
2582 995 2638 1049 in
2661 1009 2890 1063 corpore
2921 995 3201 1049 renovatio
3241 992 3346 1048 fide
3377 991 3575 1060 magis,

1990 1104 2098 1144 non
2115 1089 2400 1143 intuitione
2417 1102 2563 1142 nunc
2582 1087 2938 1156 conspicitur,
2955 1101 3051 1155 spe
3072 1085 3313 1154 quidem,
3336 1084 3579 1138 nondum

1989 1197 2119 1236 vero
2143 1181 2198 1234 in
2238 1195 2297 1234 re
2325 1180 2595 1246 habetur;
2623 1187 2678 1232 at
2709 1179 2903 1232 animae
2931 1179 3211 1232 renovatio
3237 1176 3434 1241 accipit
3457 1174 3581 1243 qui-

1989 1274 2110 1327 dem
2166 1279 2220 1327 et.
2253 1271 2368 1341 ipsa
2404 1271 2754 1340 principium,
2802 1278 2860 1323 ut
2901 1268 3109 1324 dictum
3142 1278 3245 1332 est,
3283 1267 3336 1320 in
3386 1265 3578 1321 divino

1988 1365 2316 1435 baptismate
2357 1381 2454 1434 per
2501 1363 2881 1418 remissionem
2929 1361 3303 1432 iniquitatum,
3337 1359 3580 1413 nutritur

1988 1471 2120 1511 vero
2155 1466 2211 1511 et
2239 1464 2469 1525 augetur
2499 1469 2594 1523 per
2625 1451 2895 1524 justitiam
2932 1467 3052 1521 quae
3082 1460 3166 1505 est
3201 1451 3254 1504 in
3300 1449 3429 1509 fide.
3459 1461 3580 1501 ma-

1987 1549 2072 1620 gis
2101 1564 2165 1602 ac
2190 1549 2363 1618 magis
2389 1549 2690 1602 instaurata
2715 1545 2768 1598 in
2793 1545 3110 1614 cognitione
3138 1542 3230 1596 Dei
3256 1541 3580 1608 ceterisque

1987 1642 2282 1696 virtutibus
2320 1637 2740 1703 consentaneis;
2791 1637 3166 1694 linemautem
3209 1642 3582 1699 consequetur

1988 1737 2041 1790 in
2083 1735 2268 1790 futuro
2304 1733 2524 1804 quando
2551 1730 2688 1786 facie
2723 1731 2788 1784 ad
2822 1729 3017 1783 faciem
3069 1719 3346 1782 videbitur
3388 1725 3575 1783 Deus:

1989 1844 2132 1884 nunc
2152 1828 2293 1882 enim
2313 1842 2408 1898 per
2427 1825 2708 1896 speculum
2738 1831 2790 1876 et
2819 1824 2873 1875 in
2897 1821 3184 1890 aenigmate
3214 1816 3576 1886 conspicitur,

1988 1922 2111 1975 ideo
2139 1919 2342 1975 eximie
2372 1917 2596 1971 Christo
2627 1917 2856 1971 dilectus
2876 1913 3118 1969 Joannes
3153 1911 3347 1965 ambas
3376 1924 3577 1977 corpo-

1983 2013 2062 2068 ris
2093 2025 2145 2066 et
2173 2012 2372 2066 anima:
2405 2009 2791 2064 renovationes
2813 2007 3138 2074 complexus
3173 2021 3187 2058 :
3225 2022 3243 2054 ι
3276 2002 3454 2065 Nunc,
3493 2002 3579 2056 in-

1983 2104 2124 2170 quit,
2153 2100 2245 2155 lilii
2280 2101 2372 2155 Dei
2413 2116 2639 2166 sumus;
2686 2117 2704 2151 ι
2739 2099 2846 2153 hoc
2873 2104 2958 2151 est
2990 2096 3306 2164 adoptionis
3341 2094 3574 2147 ﬁliorum

1984 2191 2080 2246 Dei
2120 2192 2366 2259 initium;
2400 2193 2493 2245 sed
2533 2210 2552 2242 ι
2594 2189 2843 2244 Nondum
2881 2186 3135 2258 apparuit
3163 2187 3292 2255 quid
3330 2185 3578 2246 erimus;

1985 2285 2192 2340 scimus
2256 2283 2520 2354 quoniam
2566 2298 2693 2336 cum
2740 2281 3092 2352 apparuerit,
3130 2279 3338 2332 similes
3383 2278 3429 2331 ei
3466 2277 3578 2330 eri-

1985 2391 2129 2442 mus,
2183 2381 2441 2447 quoniam
2491 2375 2737 2430 videmus
2798 2387 2922 2427 eum
2978 2371 3138 2428 sicuti
3190 2381 3274 2424 est
3303 2369 3426 2422 ³⁹’.›
3495 2367 3576 2421 En

1984 2470 2109 2524 linis
2179 2467 2490 2538 adoptionis
2557 2474 2615 2521 et
2680 2464 3054 2520 renovationis
3091 2468 3236 2532 quae
3279 2460 3576 2516 secundum

1984 2559 2154 2614 Deum
2222 2573 2252 2613 a
2308 2557 2525 2611 Christo
2591 2555 2749 2609 nobis
2819 2554 3236 2623 SUppeditatur,
3314 2553 3382 2606 de
3456 2551 3580 2619 qui-

1985 2653 2086 2706 bus
2135 2651 2274 2705 idem
2311 2650 2448 2703 dixit
2487 2649 2541 2702 in
2577 2646 2873 2718 Evangelia
2914 2663 2930 2701 :
2968 2665 2986 2698 ι
3023 2646 3176 2699 Dedit
3207 2645 3472 2699 Christus
3509 2643 3577 2698 iis

1983 2746 2074 2813 qui
2125 2745 2356 2799 credunt
2393 2743 2448 2796 in
2504 2742 2728 2795 nomine
2760 2741 2881 2809 ejus
2924 2745 3250 2809 potestatem
3289 2737 3430 2792 filios
3480 2735 3576 2790 Dei

1985 2837 2136 2902 fieri,
2169 2837 2261 2906 qui
2301 2851 2408 2890 non
2440 2851 2504 2890 ex
2538 2835 2919 2903 sattguinibus,
2965 2847 3142 2902 neque
3183 2847 3247 2886 ex
3303 2831 3578 2884 voluntate

1983 2931 2221 2995 carnis,‘
2242 2946 2420 2998 neque
2462 2943 2528 2982 ex
2576 2929 2856 2982 voluntate
2897 2925 3021 2989 viri,
3070 2924 3165 2980 sed
3207 2939 3270 2977 ex
3323 2921 3432 2976 Deo
3463 2923 3574 2974 nati

1984 3035 2130 3079 sunt.
2171 3043 2189 3075 ι
2227 3021 2359 3076 Nam
2397 3021 2662 3076 discendo
2689 3036 2752 3074 ex
2781 3034 2948 3074 carne
2979 3033 3086 3071 non
3118 3025 3275 3070 natos
3303 3029 3444 3076 esse,
3481 3014 3575 3068 sed

1985 3133 2049 3170 ex
2107 3116 2236 3178 Deo,
2288 3115 2757 3184 regenerationem
2813 3119 2867 3166 et
2910 3112 3146 3165 liliorum
3185 3109 3276 3162 Dei
3323 3107 3575 3176 adoptio-

305 3203 402 3254 τοῦ
460 3202 695 3272 Χριστοῦ
739 3202 1094 3273 χαρισθείσης
1130 3203 1406 3269 υἱοθεσίας
1445 3207 1540 3258 καὶ
1596 3209 1878 3262 ἀνακαινί-

1982 3224 2103 3262 nem
2142 3207 2380 3262 declarat
2419 3223 2512 3276 per
2540 3221 2702 3275 quam
2746 3205 2798 3258 in
2823 3203 3065 3273 Epistula
3096 3201 3234 3256 dixit
3271 3201 3573 3268 :quoniam

309 3309 469 3356 σεως,
501 3292 570 3344 δι’
600 3292 667 3360 ήν
720 3293 814 3345 καὶ
843 3293 900 3344 ἐν
939 3291 1016 3360 τῷ
1065 3291 1382 3363 Εὐαγγελίῳ
1434 3295 1602 3362 φησὶν
1631 3297 1658 3348 ό
1690 3296 1873 3362 αὐτὸς,

307 3385 421 3436 ὅτι·
462 3403 479 3434 ι
514 3384 753 3437 Ἔδωκεν
778 3384 807 3436 ό
832 3383 1066 3453 Χριστὸς
1097 3381 1347 3462 ἐξουσίαν
1383 3387 1497 3444 τοῖς
1525 3387 1878 3440 πιστεύουσιν

312 3480 389 3540 εἱς
407 3479 469 3530 τὸ
486 3477 656 3548 ὄνομα
688 3477 850 3530 αὐτοῦ
880 3478 1048 3531 τέκνα
1097 3477 1233 3531 Θεοῦ
1265 3478 1556 3546 γενέσθαι’
1604 3480 1655 3533 οἳ
1684 3482 1783 3533 ούκ
1819 3480 1877 3545 ἐξ

315 3570 574 3636 αἱμάτων,
609 3569 730 3623 ούδέ
760 3571 821 3621 ἐκ
853 3568 1162 3638 θελήματος
1213 3569 1437 3645 σαρκὸς,
1474 3571 1595 3624 οὐδὲ
1626 3573 1689 3624 ἐκ
1722 3571 1878 3641 θελή-
1907 3581 1918 3591 ·

312 3680 479 3731 ματος
529 3662 741 3731 ἀνδρὸς,
786 3662 901 3716 ἀλλ’
933 3663 996 3714 ἐκ
1027 3659 1162 3714 Θεοῦ
1211 3663 1612 3733 ἐγεννήθησαν
1645 3683 1664 3716 ι
1703 3663 1876 3730 λέγων

304 3756 414 3827 γὰρ
445 3756 544 3809 οὐκ
575 3756 638 3808 ἐκ
675 3753 876 3823 σαρκὸς
907 3755 1059 3824 ἡμᾶς
1108 3755 1462 3823 γεννηθῆναι,
1514 3754 1633 3808 ἀλλ’
1665 3757 1730 3809 ἐκ
1779 3759 1874 3810 τοῦ

304 3848 465 3912 Θεοῦ,
499 3847 598 3916 τὴν
622 3846 710 3899 διὰ
748 3847 842 3900 τοῦ
885 3843 1029 3898 θείου
1083 3845 1465 3916 βαπτίσματος
1512 3847 1876 3918 ἀναγέννησιν

300 3945 398 3996 καὶ
431 3939 703 3994 υἱοθεσίαν
733 3939 901 4009 δηλοῖ,
933 3939 999 3991 δι’
1045 3941 1112 4009 ἢν
1140 3939 1236 3992 καὶ
1272 3938 1426 4008 ἐνξτῇ
1446 3940 1740 4011 Ἐπιστολῇ
1768 3957 1872 4010 φη-

305 4052 411 4093 σιν,
437 4033 516 4085 ὅτι
543 4030 636 4083 νῦν
667 4031 832 4083 τέκνα
855 4029 990 4082 Θεοῦ
1022 4032 1212 4098 ἐσμεν.
1260 4029 1446 4084 Εἱπὼν
1474 4029 1530 4083 δὲ
1563 4031 1647 4084 ὅτι
1676 4031 1874 4086 ἔδωκεν

300 4128 434 4195 ⁴ἡμῖν
469 4125 713 4190 ἐξουσίαν
737 4123 901 4175 τέκνα
931 4122 1067 4200 Θεοῦ
1095 4123 1370 4190 γενέσθαι,
1404 4122 1482 4186 ὡς
1531 4124 1697 4193 μήπω
1729 4121 1871 4190 οὖσι,

300 4219 360 4270 τὸ
390 4218 593 4270 τέλειον
623 4217 722 4282 τῆς
743 4213 1017 4277 υἱοθεσίας
1037 4214 1288 4280 ὑπέδειξε
1311 4229 1326 4244 ·
1369 4213 1628 4283 καθάπερ
1677 4216 1786 4286 γὰρ
1813 4215 1875 4271 τδ

298 4309 580 4380 ἀρτιγενὲς
609 4307 804 4377 βρέφος
829 4305 1053 4376 δύναμιν
1080 4305 1180 4374 μὲν
1197 4306 1310 4376 ἔχει
1329 4307 1481 4376 παρὰ
1507 4306 1610 4376 τῆς
1659 4307 1874 4373 φύσεως

302 4404 465 4470 σοφὸν
490 4401 762 4470 γενέσθαι,
806 4399 900 4452 καὶ
925 4399 1088 4468 σοφόν
1112 4399 1229 4451 ἐστι
1257 4397 1510 4469 δυνάμει,
1544 4402 1645 4468 τῆς
1678 4401 1722 4452 δ’
1748 4400 1873 4471 ήλι-

296 4498 424 4559 κίας
450 4495 765 4562 προϊούσης,
797 4492 955 4561 είπερ
985 4492 1079 4544 καὶ
1107 4491 1176 4544 τὰ
1207 4490 1554 4545 συντείνοντα
1582 4494 1720 4562 πρὸς
1765 4493 1867 4564 τὴν

1989 3301 2082 3354 lilii
2108 3299 2198 3353 Dei
2227 3314 2438 3355 sumus.
2464 3298 2702 3352 Dicendu
2728 3307 2912 3352 autem
2948 3295 3208 3365 quoniam
3237 3292 3383 3345 dedit
3416 3291 3576 3344 nobis

1986 3402 2311 3463 potestatem
2348 3393 2488 3446 filius
2514 3391 2605 3446 Dei
2643 3390 2783 3454 fieri,
2818 3390 2976 3459 quasi
3010 3387 3248 3440 nondum
3281 3387 3475 3447 simus,
3509 3381 3569 3435 fi-

1983 3501 2107 3540 nem
2141 3485 2448 3555 aduptionis
2476 3485 2707 3539 filiorum
2735 3479 3082 3538 suhostendit
3110 3496 3124 3543 ;
3160 3493 3284 3529 nam
3317 3477 3454 3529 sicut
3487 3489 3573 3527 re-

1985 3593 2120 3631 cens
2165 3588 2328 3631 natus
2361 3576 2666 3630 infantulus
2707 3581 3037 3644 potestatem
3067 3570 3286 3639 quidem
3330 3567 3491 3621 habet
3542 3580 3572 3619 a

1985 3682 2178 3726 natura
2207 3670 2504 3737 sapientem
2542 3666 2655 3720 fieri
2684 3706 2699 3728 ,
2732 3676 2782 3720 et
2848 3674 2931 3717 est
2964 3664 3182 3733 sapiens
3211 3663 3264 3715 in
3291 3661 3532 3731 putentia
3552 3701 3570 3728 ,

1985 3777 2275 3834 progressa
2306 3775 2434 3814 vero
2464 3767 2702 3817 :etatatc.
2740 3757 2783 3812 si
2814 3757 3015 3822 pariter
3038 3754 3092 3807 in
3129 3753 3411 3807 scientiam
3449 3758 3575 3819 pro-

1984 3857 2280 3925 grediatur,
2312 3866 2443 3908 tunc
2493 3853 2600 3906 erit
2638 3866 2766 3904 vere
2805 3848 3044 3917 sapiens,
3090 3845 3161 3899 ita
3213 3851 3571 3913 regeneratus

1991 3965 2087 4018 per
2135 3947 2382 4001 divinum
2437 3943 2704 4013 baptisma
2749 3949 3068 4010 potestatem
3107 3937 3321 4008 quidem
3364 3937 3572 4007 accepit

1981 4036 2310 4108 conligurari
2340 4049 2572 4102 corpore
2603 4032 2789 4099 gloria?
2817 4029 2909 4083 lilii
2948 4027 3078 4093 Dei;
3111 4028 3275 4097 igitur
3307 4025 3353 4082 si
3391 4028 3440 4079 in
3475 4043 3573 4080 no-

1982 4131 2151 4184 vitate
2186 4130 2311 4183 vita:
2343 4126 2730 4189 ambulaverit,
2765 4120 3068 4177 secundum
3102 4121 3381 4192 Christum
3424 4119 3570 4188 ejus-

1980 4240 2088 4295 que
2115 4221 2472 4291 Evangelium
2500 4220 2706 4284 vivens,
2741 4217 2845 4271 hac
2871 4225 3144 4284 potestate
3175 4214 3240 4268 ad
3275 4213 3573 4282 perfer-tio-

1978 4333 2104 4373 nem
2151 4315 2205 4370 in
2239 4313 2642 4370 resurrectione
2679 4309 3027 4378 procedente,
3064 4307 3174 4375 jam
3211 4322 3317 4358 non
3367 4305 3473 4357 title
3515 4311 3564 4356 et

1978 4421 2093 4474 spe,
2130 4405 2224 4460 sed
2265 4418 2324 4457 re
2354 4410 2410 4457 et
2448 4401 2675 4454 veritate
2717 4397 3016 4467 gloriosum
3051 4403 3105 4448 et
3153 4393 3565 4447 immaculatum

1978 4511 2178 4565 corpus
2228 4493 2469 4555 habebit,
2501 4493 2665 4556 quale
2701 4490 2893 4544 habuit
2930 4486 3187 4541 Christus
3223 4493 3344 4553 post
3383 4499 3566 4537 resur-

296 4586 609 4670 ἐπιστήμην
658 4582 926 4652 μετέλθοι,
952 4580 1126 4644 οὕτως
1171 4581 1324 4634 ἔσται
1352 4583 1448 4637 καὶ
1497 4585 1750 4654 ἐνεργείᾳ
1778 4563 1864 4637 σο-

1982 4587 2298 4649 'eclionem,
2331 4592 2543 4654 quanto
2593 4582 2768 4649 magis
2813 4578 3087 4650 spiritum.
3127 4578 3245 4644 Ipsa
3279 4576 3424 4630 enim
3461 4577 3566 4629 im-

297 4678 421 4746 φὺν,
443 4675 536 4728 τὸν
562 4674 722 4729 αὑτὸν
761 4673 964 4743 τρόπον
1018 4674 1114 4726 καὶ
1139 4673 1169 4725 ό
1201 4673 1593 4741 ἀναγεννηθεὶς
1641 4675 1729 4728 διὰ
1775 4676 1868 4730 τοῦ

299 4769 445 4822 θείου
477 4767 868 4838 βαπτίσματος,
905 4765 1139 4834 δύναμιν
1177 4764 1276 4834 μὲν
1327 4763 1486 4816 ἔλαϐε
1539 4763 1869 4833 σύμμορφος

295 4861 554 4930 γενέσθαι
581 4858 658 4929 τῷ
694 4857 906 4924 σώματι
931 4856 1027 4926 τῆς
1070 4856 1228 4925 δόξης
1257 4855 1353 4909 τοῦ
1405 4855 1535 4908 Υίοῦ
1567 4857 1660 4909 τοῦ
1691 4857 1825 4911 Θεοῦ
1850 4873 1866 4888 ο

293 4955 344 5014 εἰ
382 4952 512 5022 γοῦν
549 4953 644 5004 καὶ
670 4951 730 5004 ἐν
765 4949 1041 5018 καινότητι
1080 4948 1228 5018 ζωῆς
1280 4949 1670 5020 περιπατήσει,
1724 4949 1866 5002 κατὰ

289 5044 532 5114 Χριστὸν
579 5043 672 5095 καὶ
701 5041 763 5095 τὸ
787 5039 980 5093 τούτου
1014 5038 1346 5108 Εὑαγγὲλιον
1372 5038 1503 5104 ζῶν,
1535 5041 1594 5093 ἐν
1619 5043 1684 5110 τῇ
1729 5041 1862 5093 ἀνα-

292 5137 488 5188 στάσει
527 5133 625 5202 τῆς
643 5132 921 5201 δυνάμεως
953 5129 1159 5201 ταύτης
1199 5118 1557 5202 προκοψάστῖς
1604 5133 1684 5194 είς
1713 5133 1863 5186 ἐντέ.

287 5229 470 5289 λειαν,
496 5224 680 5278 οὐκέτι
729 5223 910 5276 πίστει
947 5221 1044 5275 καὶ
1091 5224 1304 5288 ἐλπίδι,
1343 5224 1461 5278 ἀλλ’
1489 5223 1718 5296 ἀληθείᾳ
1770 5228 1866 5279 καὶ

287 5320 600 5390 πράγματι,
633 5315 1022 5384 δεδοξασμένον
1047 5315 1140 5368 καὶ
1164 5315 1441 5385 ἀκήρατον
1463 5315 1575 5382 ἕξει
1598 5317 1659 5370 τὸ
1679 5318 1864 5388 σῶμα,

287 5414 480 5466 ὁποῖον
501 5411 592 5463 καὶ
619 5413 647 5464 ό
676 5408 874 5476 Κύριος
904 5409 1029 5478 ἔσχε
1072 5407 1212 5478 μετά
1234 5409 1331 5480 τὴν
1356 5410 1677 5478 ἀνάστασιν,
1714 5413 1864 5484 πόσῳ

288 5504 495 5574 μᾶλλον
534 5501 596 5554 τὸ
629 5499 884 5570 Πνεῦμα;
923 5499 1346 5570 Ἀναστήσονται
1389 5503 1488 5572 μὲν
1526 5503 1635 5573 γάρ
1668 5507 1763 5558 καὶ
1792 5509 1861 5561 τὰ

1967 4682 2184 4750 piorum
2229 4691 2459 4746 corpora
2502 4682 2790 4743 resurgent
2833 4671 3079 4741 quidem,
3113 4670 3204 4723 sed
3249 4669 3477 4723 minimc
3511 4669 3563 4721 in

1968 4774 2140 4845 gloria
2185 4770 2419 4833 ccelesti,
2454 4784 2578 4824 nam
2623 4782 2732 4820 non
2775 4775 2940 4820 erunt
2969 4764 3302 4833 conligurata
3339 4761 3558 4831 (ποι-ροτί

1965 4867 2154 4938 gloriae
2178 4864 2408 4926 Christi,
2431 4863 2554 4917 ideo
2579 4875 2685 4915 non
2717 4860 2971 4912 fruentur
3003 4855 3273 4925 promissa
3305 4854 3562 4910 ﬁdelibus

1967 4960 2176 5013 visione
2222 4954 2315 5009 Dei
2359 4968 2482 5024 quas
2516 4951 2606 5006 Dei
2651 4966 2882 5020 regnum
2929 4959 3180 5004 vocatur.
3211 4949 3300 5002 Ait
3341 4949 3486 5002 enim
3541 4966 3557 5003 :

1971 5068 1990 5102 ι
2025 5049 2218 5104 Pereat
2247 5047 2471 5116 iu'tpius,
2503 5052 2561 5100 ut
2590 5059 2695 5099 non
2720 5043 2901 5097 videat
2923 5042 3159 5110 gloriam
3195 5041 3408 5095 Domini
3435 5041 3501 5096 ".
3534 5057 3555 5091 ι

1968 5143 2074 5198 Sed
2125 5138 2430 5210 regenerati
2473 5146 2530 5192 et
2567 5137 2869 5193 secundum
2900 5135 3182 5189 Christum
3228 5134 3474 5200 ettutriti,
3507 5140 3564 5187 et

1969 5246 2303 5297 mensuram,
2330 5236 2602 5300 quantum
2636 5227 2689 5280 in
2721 5235 2989 5295 potestate
3025 5226 3209 5287 fuerit,
3244 5222 3425 5278 aetatis
3446 5223 3563 5290 ple-

1969 5322 2238 5379 nitudinis
2273 5318 2480 5374 Christi
2519 5316 2828 5382 consecuti,
2900 5317 2978 5371 illi
3015 5316 3267 5370 divinum
3307 5312 3564 5383 splendo-

1974 5431 2088 5470 rem
2120 5411 2356 5468 felicitcr
2388 5411 2711 5471 sortientur.
2744 5418 2797 5464 et
2827 5419 2989 5480 prout
3017 5408 3283 5476 scriptum
3319 5414 3424 5468 est,
3459 5403 3564 5458 ful-

1970 5507 2169 5578 gebunt
2191 5503 2335 5558 sicut
2366 5504 2448 5558 sol
2483 5502 2534 5556 in
2562 5518 2733 5573 regno
2765 5503 2949 5556 Patris
2982 5515 3198 5554 eorum.

283 5599 460 5669 νεκρά
497 5597 726 5666 σώματα
750 5595 859 5684 τῶν
883 5595 1116 5658 ἀσεδῶν,
1169 5597 1282 5648 ἀλλ’
1316 5598 1416 5651 οὒκ
1463 5601 1520 5653 ὲν
1544 5601 1670 5674 δόξῃ
1693 5604 1968 5674 οὐρανίῳ·
1997 5605 2059 5657 ού
2116 5601 2225 5672 γὰρ
2255 5602 2508 5667 ἐσονταιῖ
2542 5599 2846 5669 σύμμορφα
2913 5596 2990 5665 τῷ
3034 5594 3250 5661 σώματι
3317 5591 3418 5659 τῆς
3474 5593 3559 5645 δό.

283 5694 386 5762 ξης
418 5691 513 5746 τοῦ
565 5690 823 5760 Χριστοῦ,
856 5689 968 5744 ἀλλ’
1001 5689 1120 5743 οὐδὲ
1153 5689 1253 5762 τὴν
1299 5693 1720 5768 ἐπηγγελμένην
1743 5699 1858 5762 τοῖς
1897 5699 2112 5762 πιστοῖς
2134 5696 2358 5766 ὄψονται
2409 5693 2648 5762 θεωρίαν
2680 5692 2772 5746 τοῦ
2826 5690 2997 5756 Θεοῦ,
3064 5690 3100 5760 ἡ
3153 5688 3243 5740 καὶ
3311 5686 3559 5756 βασιλεία
3611 5703 3614 5706 ’

341 5884 407 5916 ³⁸⁹
441 5883 640 5939 Huan.
681 5897 760 5954 ιιι,
792 5881 844 5937 2.
939 5882 983 5916 ’⁸ο
1016 5883 1120 5940 Isa.
1153 5898 1299 5950 nrt,
1331 5881 1416 5938 10.
