4046 6450
574 377 686 444 223

1829 379 2215 441 GREGORll
2258 379 2604 440 PALAME.

3720 377 3813 440 22‘.

577 495 708 555 Sed,
748 493 1022 564 inquiunt,
1052 506 1083 546 a
1119 493 1267 548 nullo
1297 491 1407 547 alio
1433 501 1634 564 prmter
1671 491 1938 547 unitatem
1972 490 2161 543 multi-

2270 487 2372 556 μὸς
2407 488 2471 542 ὲκ
2517 487 2748 558 μονάδος
2793 489 3088 557 γεννᾶταιο
3130 488 3161 557 ή
3210 485 3268 540 δὲ
3317 486 3550 557 ἑϐδομὰς
3580 485 3808 558 ἀριθμὸς,

575 589 774 656 plicato
819 597 1143 657 generatur;
1193 597 1251 641 at
1288 602 1397 642 non
1441 587 1658 659 genitus
1685 587 1874 656 nequit
1904 585 2012 640 dici
2063 583 2158 652 qui

576 696 688 734 nun
724 697 752 732 a
788 681 972 735 multis
1021 681 1114 735 sed
1159 680 1250 748 qui
1291 695 1323 735 a
1362 681 1514 736 nullo
1561 687 1871 752 generatur,
1907 679 2052 750 quod
2103 678 2160 732 in

581 770 919 826 Itebdontada
949 786 1057 828 non
1085 773 1268 832 datur.

650 1035 854 1092 Deinde
878 1039 925 1094 si
961 1049 1180 1109 propter
1211 1040 1357 1096 hunc
1387 1057 1673 1097 numerum
1700 1053 1759 1098 ιιι
1799 1045 1964 1100 talem
1989 1044 2160 1101 bene.

578 1127 760 1184 dictus
811 1130 914 1184 fuit
963 1131 1049 1186 hic
1098 1133 1236 1196 dies,
1286 1145 1495 1203 quanto
1537 1136 1710 1205 magis
1757 1139 1989 1206 primus,
2030 1139 2160 1208 quia

577 1225 884 1288 prmsertltn
912 1223 1063 1276 illum
1099 1224 1312 1294 Moyses
1338 1226 1473 1282 dixit
1508 1245 1698 1292 unum,
1724 1229 2160 1285 benedictionem

581 1315 906 1380 accepisset,
949 1317 1132 1372 unitas
1163 1319 1389 1372 omnino
1417 1329 1501 1375 est
1528 1321 1792 1392 ingenita.
1825 1320 1952 1386 Sed,
1983 1324 2158 1386 aiunt,

579 1403 696 1471 ipsa
723 1407 1080 1476 multiplicata
1109 1418 1195 1463 est
1238 1423 1415 1465 mater
1465 1413 1646 1467 omnis
1691 1415 1926 1472 numeri.
1971 1431 2161 1470 eorum

582 1495 746 1548 etiam
776 1513 898 1566 quae
931 1502 1066 1556 intra
1091 1501 1376 1558 denarium
1405 1507 1793 1571 continentur;
1825 1507 2162 1563 hcbdumada

580 1603 713 1642 vero
739 1593 945 1645 nullum
972 1595 1111 1662 parit
1153 1597 1294 1650 intra
1321 1597 1628 1657 denarium.
1654 1609 1708 1654 et
1737 1599 1858 1654 ideo
1878 1610 1957 1655 est
1988 1603 2159 1669 virgo.

583 1677 734 1744 Esto,
763 1685 912 1752 virgo
933 1696 1015 1741 est
1036 1702 1156 1756 qum
1180 1689 1328 1742 nullo
1355 1690 1516 1742 modo
1541 1699 1628 1744 est
1649 1700 1855 1754 mater;
1889 1697 1990 1747 hoc
2015 1694 2162 1747 enim

579 1785 688 1824 non
715 1786 800 1828 est
827 1790 893 1829 ex
913 1779 1258 1860 necessitate,
1285 1781 1522 1836 concedo
1557 1792 1737 1836 tamen
1763 1801 1777 1846 ;
1807 1799 1936 1854 ergo
1956 1795 2164 1854 quanto

581 1863 734 1932 plura
765 1871 1128 1933 generaverit,
1165 1882 1314 1925 tanto
1357 1876 1530 1942 magis
1581 1891 1609 1927 a
1641 1876 1958 1945 virginitate
2007 1894 2162 1934 rece-

579 1955 707 2008 det?
736 1956 903 2012 Porro
930 1960 1271 2016 hebdomada
1298 1967 1526 2034 repetita
1563 1977 1614 2021 et
1645 1969 2009 2039 multiplicata
2044 1974 2162 2025 nul-

577 2045 690 2101 lum
741 2050 958 2115 quidem
1019 2068 1310 2120 munerum
1362 2058 1503 2111 intra
1552 2059 1838 2114 denarium
1893 2073 2157 2130 generat.

581 2143 782 2196 multos
815 2159 938 2197 vero
971 2161 1136 2214 supra
1161 2151 1448 2217 eumdem;
1475 2153 1751 2220 quomodo
1790 2155 1958 2223 igitur
1989 2156 2164 2225 virgo?

579 2226 684 2281 Sed
744 2235 1206 2302 prepugnatioues
1257 2247 1478 2294 nostras
1528 2240 1799 2313 fugientes
1847 2246 1914 2299 ad
1972 2247 2158 2301 lunam

577 2324 955 2379 ctinsceudunt
977 2339 1030 2382 et
1059 2328 1126 2382 ad
1161 2333 1316 2397 polos
1360 2347 1499 2401 quos
1529 2347 1737 2405 septem
1792 2348 2022 2405 ponunt,
2075 2341 2158 2394 lu-

580 2430 702 2469 natn
736 2433 864 2472 vero
903 2423 1252 2478 ostendentes
1286 2441 1381 2493 per
1424 2441 1629 2493 septem
1664 2429 1801 2492 dies,
1837 2431 2114 2485 hiiidutam
2144 2473 2160 2496 ,

548 2521 677 2575 ,per
714 2517 789 2562 tot
819 2511 952 2566 alias
983 2514 1224 2581 plenam,
1252 2527 1305 2570 et
1337 2519 1450 2586 pari
1481 2529 1728 2588 tempore
1757 2524 1821 2575 nd
1862 2525 2159 2592 pristinum

577 2609 777 2656 statum
815 2607 1154 2662 redeuntem.
1187 2607 1450 2665 Nesciunt.
1477 2614 1621 2666 enim
1668 2616 1924 2683 qttouiam
1961 2619 2005 2670 si
2039 2634 2163 2685 pro-

576 2703 761 2763 pterea
793 2709 1062 2766 angustus
1099 2709 1182 2754 est
1210 2711 1468 2770 septenus
1497 2720 1781 2768 numerus,
1817 2706 1909 2759 alii
1941 2723 2162 2775 quoque

577 2783 712 2836 nihil
744 2785 869 2838 huic
900 2790 1120 2847 cedunt.
1174 2799 1227 2842 et
1276 2793 1578 2861 prwsertim
1622 2797 1868 2850 omnium
1907 2799 2158 2865 primus;

574 2875 776 2944 quippe
805 2893 947 2932 unus
971 2893 1052 2933 εει
1079 2880 1167 2934 hic
1194 2883 1481 2938 universus
1513 2889 1770 2953 mundus,
1807 2905 1973 2942 unum
2002 2905 2163 2945 omne

576 2969 775 3023 ccelum
817 2972 897 3025 vel
939 2973 1129 3028 saltem
1183 2977 1534 3053 non_duohns
1575 2980 1790 3048 plures;
1827 2997 1968 3036 unus
1995 2984 2160 3036 etiam

576 3067 657 3116 sol
690 3065 742 3118 in
774 3067 1051 3129 universo,
1088 3069 1215 3124 luna
1243 3085 1371 3137 una,
1403 3088 1469 3125 ue
1492 3073 1666 3127 dicam
1695 3075 1878 3128 omnia
1915 3075 1965 3129 in
1992 3091 2162 3130 unum

2262 580 2462 634 οὐκοῦν
2489 581 2588 635 οὐκ
2612 581 2930 651 ἀγέννητος.
2990 581 3132 634 Ἀλλ’
3163 580 3262 650 οὐχ
3309 579 3415 632 ὑπό
3445 596 3606 642 τινος,
3645 579 3810 648 φασὶν,

2261 673 2454 743 ιτέρου
2501 675 2611 727 τῶν
2657 676 2795 745 μετὰ
2823 674 2919 744 τὴν
2968 675 3174 743 μονάδα
3233 671 3812 740 πολλαπλασιαζομένου

2262 768 2523 832 γεννᾶται
2550 783 2565 798 ο
2591 765 2708 819 ἀλλ’
2743 767 2842 837 οὐχ
2883 762 3040 829 οὗτος
3067 766 3368 833 ἁγέννητος
3399 765 3426 816 6
3462 763 3536 831 μὴ
3564 761 3816 830 γεννώμεο

2261 874 2353 920 νος
2395 858 2502 912 ὑπὸ
2553 859 2796 923 πολλῶν,
2836 859 2952 911 ἀλλ’
2989 859 3048 921 ὃς
3096 858 3164 912 ἂν
3208 856 3300 910 ὑπ’
3330 857 3542 921 οὐδενὸς
3581 854 3814 926 γεννῷτο,

2262 952 2402 1021 ὅπερ
2433 954 2466 1022 ή
2496 953 2732 1021 ἑϐδομὰς
2770 953 2870 1030 οὐκ
2903 953 3038 1022 ἔχει.

2339 1046 2576 1098 Ἔπειτα
2609 1048 2658 1098 εἰ
2705 1046 2796 1100 διὰ
2821 1046 2914 1098 τὸν
2949 1043 3184 1114 ἀριθμὸν
3207 1043 3399 1097 τοῦτον
3450 1043 3576 1095 ὄντα
3603 1041 3822 1094 τοιοῦτον

2265 1135 2298 1203 ή
2330 1135 2515 1204 ἡμέρα
2546 1136 2859 1204 εὐλόγηται,
2899 1135 3080 1204 πολλῷ
3113 1134 3316 1204 μᾶλλον
3344 1135 3410 1188 ἂν
3439 1135 3472 1203 ή
3501 1132 3708 1202 πρώτη,
3737 1131 3824 1184 καὶ

2267 1227 2484 1296 μάλισθ’
2518 1228 2599 1280 ὅτι
2656 1229 2753 1280 καί¹
2812 1228 2942 1297 μίαν
2991 1228 3163 1296 αὐτὴν
3196 1230 3224 1280 6
3266 1227 3507 1296 Μωῦσῆς
3554 1221 3691 1288 εἶπε,
3737 1223 3825 1293 τὴν

2264 1319 2517 1387 εὐλογίαν
2569 1320 2788 1384 ἐδέξατο
2813 1337 2827 1350 ·
2879 1321 3053 1391 ήγὰρ
3092 1319 3262 1386 μονὰς
3295 1319 3594 1386 ἀγέννητος
3640 1318 3826 1384 πάντη.

2277 1410 2439 1464 Ἀλλὰ
2493 1412 2814 1482 γεννητικὴ,
2850 1413 3037 1482 φασὶν,
3086 1412 3226 1480 αὓτη
3257 1409 3827 1476 πολλαπλασιαζομένη

2266 1504 2467 1567 παντὸς
2501 1504 2762 1575 ἀριθμοῦ,
2791 1506 2885 1558 καὶ
2909 1504 3020 1558 τῶν
3061 1505 3212 1567 ὲντὸς
3237 1504 3461 1566 δεκάδος
3489 1519 3504 1534 ·
3546 1505 3578 1572 ή
3603 1502 3658 1554 δὲ
3696 1502 3830 1554 ἑϐδο⁹

2270 1602 2378 1669 μὰς
2407 1602 2516 1654 τῶν
2545 1601 2695 1663 ἐντὸς
2726 1601 2950 1662 δεκάδος
2984 1601 3227 1665 οὐδενδς,
3275 1603 3372 1654 καὶ
3403 1598 3496 1653 διὰ
3528 1597 3680 1651 τοῦτο
3707 1613 3832 1666 παρ-

2269 1693 2444 1755 θένος.
2475 1695 2654 1746 Ἔστω
2675 1693 2739 1762 δὴ
2771 1693 3044 1762 παρθένος
3090 1695 3124 1764 ή
3167 1691 3438 1761 μηδαμῶς
3477 1691 3753 1759 γεννῶσα·
3780 1689 3830 1740 οὗ

2268 1787 2376 1855 γὰρ
2427 1785 2484 1851 ἐξ
2529 1786 2800 1854 ἀνάγκης,
2852 1786 2996 1839 ἔστω
3029 1785 3074 1838 δ’
3109 1785 3200 1838 οὖν
3235 1786 3424 1854 ὅμως·
3471 1787 3504 1855 ὴ
3554 1783 3610 1836 δὲ
3658 1785 3835 1852 μέτρια

2271 1877 2369 1946 μὲν
2411 1873 2496 1938 οὒ,
2537 1877 2714 1930 πολλὰ
2749 1878 2806 1930 δὲ
2857 1878 3130 1945 γεννῶσα,
3189 1877 3426 1930 καθόσον
3479 1875 3670 1937 πλείω,
3709 1873 3836 1925 κατὰ

2263 1967 2522 2020 τοσοῦτον
2551 1969 2770 2031 πάντως
2815 1969 3158 2040 πορρωτέρω
3201 1967 3639 2038 τῆς·παρθενίας
3683 1964 3834 2017 ἐστίν.

2276 2062 2342 2114 Ἦ
2371 2061 2500 2131 γοῦν
2555 2062 2794 2128 ἑϐδομὰς
2831 2060 3434 2130 πολλαπλασιαξομένη
3487 2059 3580 2113 καὶ
3618 2057 3838 2112 συντιθε-

2269 2155 2404 2223 μένη
2445 2156 2555 2207 τῶν
2605 2155 2704 2223 μὲν
2734 2154 2886 2217 ἐντὸς
2935 2154 3158 2216 δεκάδος
3188 2155 3386 2207 οὐδένα
3436 2155 3625 2224 γεννᾷ,
3656 2151 3757 2203 τῶν
3791 2150 3839 2201 δὲ

2265 2248 2407 2315 ὑπὲρ
2459 2247 2662 2301 δεκάδα
2715 2247 2986 2310 πολλούς’
3034 2246 3151 2308 πῶς
3202 2242 3294 2299 οὖν
3330 2247 3642 2313 παρθένοςς
3717 2238 3843 2294 Ἀλλ’

2263 2338 2629 2406 ἐκφεύγοντες
2662 2341 2819 2410 ἡμῶν
2852 2340 2962 2402 τὰς
3003 2339 3172 2402 λαϐὰς
3210 2332 3324 2391 οἷον
3366 2337 3466 2392 ἐπὶ
3503 2337 3602 2408 τὴν
3634 2335 3842 2404 σελήνην

2265 2433 2620 2486 ἀναϐαίνουσι
2649 2432 2742 2484 καὶ
2771 2432 2898 2494 τοὺς
2939 2431 3162 2496 πόλους,
3209 2431 3341 2493 τοὺς
3383 2431 3483 2500 μὲν
3513 2429 3652 2481 ὲπτὰ
3681 2427 3843 2492 λέγον-

2264 2543 2355 2587 τες
2390 2521 2552 2586 εἶναι,
2599 2522 2699 2593 τὴν
2744 2523 2799 2576 δὲ
2846 2523 3077 2591 σελήνην
3115 2523 3433 2584 δεικνύντες
3483 2525 3542 2574 ὲν
3575 2519 3711 2572 ἑπτὰ
3761 2517 3845 2585 μὲν

2265 2618 2504 2686 ἡμέραις
2531 2616 2838 2685 διχοτόμον,
2868 2618 2926 2668 ὲν
2955 2614 3146 2677 ἄλλαις
3175 2613 3230 2666 δὲ
3258 2613 3564 2676 τοσαύταις
3595 2609 3844 2677 πανσέλη-

2267 2730 2379 2778 νον,
2428 2711 2524 2764 καὶ
2572 2711 2662 2764 διὰ
2711 2710 2819 2764 τῶν
2878 2711 3011 2763 ἴσων
3063 2708 3226 2762 πάλιν
3293 2707 3844 2776 ἑπαναστρέφουσανο

2267 2805 2526 2873 ἀγνοοῦσι
2558 2805 2667 2873 γὰρ
2697 2804 2774 2866 ὼς
2819 2803 2867 2854 εί
2900 2803 2988 2854 διὰ
3018 2802 3193 2854 ταῦτα
3242 2801 3448 2862 σεπτδς
3505 2801 3533 2852 ὁ
3573 2798 3730 2861 ἑπτὰ,
3767 2791 3847 2843 καὶ

2265 2899 2315 2951 οἱ
2370 2897 2519 2950 ἄλλοι
2565 2895 2676 2948 τῶν
2723 2895 2973 2965 ἀριθμῶν
3022 2892 3181 2945 οὐδὲν
3236 2887 3438 2964 ἦττον,
3497 2894 3593 2944 κοιλ⁵
3637 2889 3850 2959 μάλισεα

2268 2992 2490 3045 πάντων
2519 2989 2552 3059 ἡ
2580 2987 2787 3041 τούτων
2836 2986 2980 3057 ἀρχή
3003 3001 3018 3017 ο
3047 2981 3128 3047 εἷς
3158 2984 3267 3054 γὰρ
3298 2984 3574 3054 αἰσθητδς
3603 2984 3742 3044 ἅπας
3771 2977 3850 3032 κό-

2269 3101 2428 3152 σμος,
2458 3083 2554 3136 καὶ
2582 3077 2663 3142 εἷς
2691 3083 2720 3134 6
2753 3081 2861 3142 πᾶς
2889 3079 3140 3147 οὐρανὸς,
3172 3077 3206 3147 ἢ
3239 3077 3400 3130 δυοῖν
3431 3079 3494 3131 οὐ
3538 3077 3706 3128 πλείω
3725 3089 3738 3103 °
3770 3071 3850 3123 ml

576 3161 894 3226 cont'enire,
920 3171 1097 3217 stante
1135 3179 1231 3233 pro
1262 3165 1520 3221 omnibus
1559 3175 1612 3220 et
1646 3183 1739 3236 per
1765 3168 1952 3222 omnia
1983 3175 2038 3222 et.
2068 3183 2158 3222 su-

2270 3170 2343 3236 εῖς
2381 3173 2530 3243 ἣλιος
2584 3173 2642 3225 ὲν
2689 3169 2767 3240 τῷ
2809 3171 2997 3230 παντὶ,
3049 3171 3145 3222 καὶ
3184 3167 3282 3236 μία
3315 3169 3532 3238 σελήνη
3585 3168 3745 3226 ἐστὶν,
3774 3163 3850 3213 ἵνα

575 3266 674 3319 per
712 3253 896 3308 omnia
932 3254 1082 3319 Deo,
1115 3273 1278 3325 quem
1325 3274 1492 3312 unum
1544 3267 1690 3314 recte
1726 3258 2161 3331 intelligentibus

579 3361 704 3400 vere
737 3347 1098 3416 proclamant.
1131 3350 1237 3404 Sed
1279 3365 1405 3404 cum
1458 3351 1694 3406 rotunda
1737 3351 1844 3406 sint
1881 3363 2154 3408 astrorum

575 3442 943 3510 polorumque
975 3443 1208 3513 singula,
1243 3453 1297 3498 et
1340 3445 1393 3497 iu
1444 3443 1632 3499 orbem
1663 3452 1875 3499 constet
1927 3445 2158 3502 univer—

576 3549 720 3597 sum,
745 3534 894 3590 orbis
925 3546 1106 3590 autem
1137 3553 1202 3591 ex
1232 3536 1470 3602 duobus,
1523 3547 1728 3607 puncto
1766 3538 2044 3608 lineaque,
2072 3541 2156 3594 in-

577 3632 862 3694 stituatur,
904 3640 958 3684 et
993 3631 1111 3685 sine
1137 3631 1355 3686 duobus
1386 3629 1510 3686 istis
1551 3631 1685 3685 nihil
1727 3633 2032 3700 prtescrtim
2066 3647 2162 3686 eo-

575 3737 698 3777 rum
731 3738 850 3792 quae
881 3722 982 3777 sub
1012 3737 1235 3778 sensum
1263 3723 1463 3778 cadunt
1489 3724 1659 3792 possit
1679 3725 1962 3790 exsistere,
2000 3725 2162 3780 binus

574 3835 706 3888 ergo
732 3833 996 3874 numerus
1024 3820 1230 3873 mundo
1281 3817 1606 3874 utilissimus
1647 3829 1730 3874 est
1769 3831 1822 3873 et
1863 3819 2158 3874 admodum

577 3913 947 3967 ttecessarius.
996 3909 1195 3966 Verum
1227 3912 1356 3981 quia
1400 3925 1508 3964 non
1541 3911 1678 3965 linea
1706 3921 1940 3978 tantunt,
1975 3912 2068 3967 sed
2106 3921 2162 3967 et

577 4005 737 4074 plana
786 4003 1098 4074 Superﬂcies
1144 4004 1198 4057 in
1239 4003 1499 4058 universo
1543 4005 1938 4073 conspiciatur,
1967 4013 2158 4060 ternus

575 4098 742 4168 igitur
776 4113 1038 4153 numerus
1070 4099 1211 4152 inter
1259 4097 1398 4152 alios
1425 4112 1610 4167 parem
1641 4100 1804 4152 habet
1845 4098 2111 4153 honorem
2142 4115 2156 4164 ;

576 4205 702 4242 nam
732 4198 997 4258 praetereo
1028 4187 1164 4242 alias
1197 4187 1360 4258 hujus
1397 4189 1614 4242 numeri
1645 4187 2022 4243 excellentius.
2060 4189 2160 4245 Ast

576 4281 703 4348 quia
751 4281 1135 4350 praedictorum
1167 4280 1381 4350 singula
1415 4297 1524 4336 non
1559 4281 1711 4338 orbis
1743 4282 1856 4337 sint
1906 4291 2114 4336 tantum
2141 4324 2158 4350 ,

575 4379 670 4432 sed
703 4390 755 4429 et
785 4376 1018 4432 solidum
1049 4384 1102 4430 et
1131 4375 1347 4445 sphaera
1375 4415 1390 4441 ,
1421 4376 1536 4431 inec
1563 4386 1743 4430 autent
1781 4379 1902 4430 sine
1925 4387 2162 4442 quatuor

575 4470 844 4525 exsistere
872 4479 1168 4539 nequeant,
1209 4485 1335 4523 nam
1372 4469 1598 4539 insuper
1625 4469 2162 4525 alteriusudiscrimi-

497 4567 505 4573 ’
577 4564 663 4618 nis
697 4562 993 4617 necessitas
1017 4563 1094 4616 eis
1129 4561 1712 4632 incumbit,quontodo
1743 4577 2008 4618 numerus
2032 4578 2165 4632 qua-

578 4657 851 4711 ternarius
885 4658 1027 4710 inter
1065 4665 1329 4723 augustos
1359 4657 1566 4725 pariter
1598 4671 1710 4708 non
1738 4654 2164 4710 adnumeratur?

575 4747 849 4802 Pimterea
875 4747 1166 4818 quinarius
1192 4749 1359 4801 etiam
1405 4759 1627 4818 propter
1658 4747 1762 4801 alia
1795 4762 1903 4801 non
1933 4747 2164 4803 absimi-

578 4843 666 4904 lis,
695 4851 750 4895 et
781 4841 1082 4910 prtesertim
1109 4848 1294 4894 sextus
1321 4839 1465 4893 inter
1495 4855 1690 4895 omnes
1719 4855 2008 4906 numerus;
2035 4856 2162 4896 nam

578 4936 682 4989 iste
717 4949 828 5003 pra:
868 4931 1129 4986 omnibus
1173 4931 1288 4985 suis
1323 4932 1572 5000 partibus
1618 4942 1970 5002 comparatus
2019 4933 2164 4988 inter

580 5024 850 5093 perfectos
906 5023 1054 5092 prior
1095 5031 1374 5085 censetur,
1407 5021 1531 5075 ideo
1583 5037 1678 5092 per
1731 5023 1890 5077 talem
1944 5024 2158 5080 dierum

581 5131 871 5171 numerum
901 5113 1143 5185 perfecta
1175 5123 1306 5168 sunt
1332 5115 1537 5170 omnia.

656 5297 866 5352 Idcirco
886 5295 978 5366 qui
1006 5303 1230 5366 propter
1256 5294 1386 5350 talia
1415 5295 1810 5352 hebdomadam
1839 5305 2166 5352 venerantur

583 5387 914 5458 semctipsos
947 5385 1165 5442 fallunt.
1199 5403 1304 5442 non
1336 5387 1481 5442 illam
1512 5397 1722 5443 tantum
1747 5388 1841 5444 sed
1869 5389 2171 5458 quemlibet

584 5480 832 5535 colentes
861 5495 1168 5546 numerum,
1200 5495 1393 5536 omnes
1415 5481 1560 5535 enim
1592 5482 1805 5536 numeri
1830 5496 2015 5551 parem
2049 5482 2171 5537 cul-

588 5581 677 5625 tus
704 5570 972 5626 rationem
995 5571 1250 5626 videntur
1280 5573 1509 5628 habere.
1553 5573 1688 5627 Nam
1747 5587 1874 5628 cum
1906 5588 2174 5628 numerus

585 5677 710 5718 cum
743 5663 1002 5719 omnibus
1032 5679 1153 5735 qua:
1176 5672 1304 5721 sunt
1331 5665 1494 5721 simul
1528 5675 1748 5722 creatus
1779 5665 1963 5732 fuerit,
1988 5665 2171 5720 omnia

585 5773 717 5811 vero
761 5773 790 5812 a
835 5756 947 5813 Deo
975 5770 1160 5813 creata
1202 5759 1428 5830 pulchra
1461 5760 1573 5815 sint
1609 5773 1665 5814 et
1696 5759 1923 5828 pulchra
1961 5759 2125 5812 nimis
2155 5799 2169 5822 ,

583 5848 730 5906 sicut
757 5867 854 5923 per
886 5853 1106 5925 Moysen
1134 5863 1364 5912 testatus
1393 5865 1476 5912 est
1507 5855 1622 5927 ipse
1651 5853 1900 5923 Greater,
1943 5853 2174 5924 quicun-

2273 3269 2348 3338 μὴ
2382 3267 2526 3334 λέγω
2559 3266 2642 3318 ὅτι
2669 3264 2850 3317 πάντα
2883 3261 2958 3332 τῷ
2982 3262 3062 3315 évl.
3096 3260 3434 3328 συνέστηκε,
3469 3261 3567 3313 τοῦ
3603 3257 3707 3329 πρὸ
3734 3255 3855 3308 πάν-

2267 3378 2400 3424 των,
2453 3358 2549 3411 καὶ
2589 3355 2678 3410 διὰ
2723 3355 2965 3419 πάντων,
3027 3354 3121 3407 καὶ
3155 3353 3268 3423 98
3299 3354 3408 3406 ἐπὶ
3447 3355 3673 3408 πάντων
3715 3345 3856 3410 Θεοῦ,

2267 3451 2428 3513 τὸὼς
2475 3447 2691 3519 άληθῶς
2722 3447 2928 3500 ἐνιαϊον
2982 3446 3096 3508 τοῖς
3131 3443 3316 3506 καλῶς
3380 3449 3620 3500 συνιεῖσι
3674 3437 3862 3513 κηρύτ-

2270 3565 2452 3602 τοντα.
2506 3545 2567 3598 Εί
2607 3544 2663 3596 δὲ
2700 3544 2795 3596 καὶ
2853 3541 3156 3612 περιφερὴς
3193 3539 3304 3592 τῶν
3361 3559 3426 3595 τε
3491 3541 3738 3609 ἀστέρων
3776 3535 3857 3587 καὶ

2269 3640 2378 3693 τῶν
2409 3639 2590 3692 πόλων
2633 3637 2886 3698 ἕκαστος,
2923 3635 3019 3686 καὶ
3064 3632 3248 3702 κύκλῳ
3289 3634 3418 3687 τόδε
3461 3635 3526 3687 τὸ
3581 3635 3710 3695 πᾶν,
3757 3630 3782 3682 6
3809 3625 3858 3680 δὲ

2273 3732 2474 3795 κύκλος
2505 3731 2570 3784 ὲκ
2607 3731 2754 3783 δυοῖν
2804 3725 3034 3798 σημείου
3064 3743 3125 3778 τε
3158 3725 3254 3778 καὶ
3285 3726 3592 3798 γραμμῆς,
3632 3725 3724 3778 zeal.
3763 3718 3856 3774 τῶν

2269 3826 2364 3880 δύο
2394 3823 2566 3896 χωρὶς
2593 3821 2705 3876 οὐδ’
2744 3819 2812 3874 ἂν
2843 3814 2914 3888 ἦν
2960 3817 3114 3870 οὐδὲν
3169 3816 3420 3884 μάλιστα
3450 3811 3530 3873 ὧν
3579 3811 3859 3885 αἰσθητῶν,

2270 3920 2366 3974 καὶ
2420 3918 2516 3972 δύο
2575 3914 2762 3969 λοιπὸν
2807 3911 3045 3983 ἀριθμὸς
3086 3911 3531 3982 χρειωδέστατος
3581 3910 3660 3980 τῷ
3715 3906 3860 3960 παντὶ

2268 4013 2364 4068 καὶ
2398 4011 2852 4080 ἀναγκαιότατος.
2894 4009 3052 4061 Ἐπεὶ
3103 4006 3162 4060 δὲ
3200 4006 3276 4076 μὴ
3309 4008 3564 4078 γραμμὴ
3617 4009 3750 4077 μόνη
3780 4000 3864 4056 καὶ

2271 4104 2529 4159 ἐπίπεδον
2557 4107 2616 4157 ὲν
2640 4103 2718 4174 τῷ
2749 4101 2936 4163 παντὶ,
2971 4100 3124 4169 καὶὴ
3165 4100 3342 4170 ’τριὰς
3381 4101 3590 4154 οὐκοῦν
3627 4101 3684 4152 ὲν
3721 4093 3865 4164 apto-

2273 4198 2394 4265 μοῖς
2419 4195 2509 4248 τὸν
2529 4195 2645 4248 ἴσον
2657 4195 2884 4265 τρόπον’
2906 4193 3145 4264 παρίημι
3163 4192 3274 4260 γάρ
3296 4191 3497 4260 λέγειν
3540 4193 3612 4246 τὰ
3630 4191 3763 4247 ἄλλα
3785 4183 3866 4240 τοῦ

2267 4284 2508 4356 ἀριθμοῦ
2543 4285 2737 4338 τούτου
2757 4283 3232 4352 πλεονεκτήματα.
3253 4281 3417 4335 Ἐπεὶ
3450 4283 3499 4335 δ’
3549 4281 3621 4336 αὖ
3663 4276 3866 4333 καὶτῶν

2267 4379 2685 4450 προειρημένων
2715 4377 2974 4440 ἕκαστον,
3009 4376 3067 4429 οὐ
3101 4373 3302 4438 κύκλος
3365 4376 3564 4446 μόνον,
3621 4373 3759 4430 ἀλλὰ
3788 4367 3871 4424 καὶ

2271 4471 2492 4541 στερεόν
2519 4471 2640 4522 ἐστι
2684 4468 2780 4522 καὶ
2817 4467 3052 4536 σφαῖρα,
3087 4464 3260 4518 ταῦτα
3313 4466 3377 4520 δὲ
3423 4463 3574 4520 εἶναι
3611 4466 3722 4519 τῶν
3759 4461 3872 4516 ἁδυ-

2271 4567 2448 4621 νάτων
2474 4565 2601 4620 ἄνευ
2644 4562 2743 4631 τῆς
2771 4559 3033 4630 τετράδος
3055 4575 3071 4591 ο
3111 4559 3194 4611 δεῖ
3221 4557 3336 4629 γὰρ
3380 4560 3580 4625 αὐτοῖς
3614 4561 3675 4626 ἐξ
3719 4555 3876 4621 ἀνάγ-

2271 4674 2376 4727 κης
2408 4657 2502 4710 καὶ
2553 4653 2928 4722 διαστήματος
2955 4650 3146 4721 ἐτέρου
3172 4665 3187 4681 ·
3231 4650 3356 4713 πῶς
3405 4653 3541 4721 οὐχὶ
3573 4653 3672 4705 καὶ
3718 4651 3750 4720 ή
3794 4663 3875 4700 τεο

2271 4744 2408 4814 τρὰς
2440 4741 2634 4810 ἐπίσης
2685 4741 2795 4792 τῶν
2849 4738 3189 4807 ἀξιολόγων;
3244 4739 3377 4792 Ἔτι
3415 4757 3486 4810 γε
3556 4741 3666 4812 μὴν
3711 4737 3804 4793 καὶ
3851 4735 3879 4804 ἡ

2273 4834 2476 4910 πεντάς
2497 4833 2564 4886 δι’
2596 4832 2759 4902 ἕτερα
2789 4830 3172 4901 παραπλήσια,
3218 4830 3316 4882 καὶ
3359 4831 3620 4900 μάλιστα
3661 4831 3768 4884 τῶν
3795 4827 3881 4882 ἆλ-

2272 4926 2380 4980 λων
2407 4927 2436 4978 6
2469 4923 2530 4989 ἓξ
2574 4923 2809 4994 ἀριθμός
2834 4936 2847 4950 ⁰
2880 4915 3038 4986 οὗτος
3069 4922 3179 4991 γὰρ
3225 4922 3338 4992 πρὸ
3373 4923 3495 4977 τῶν
3541 4925 3725 4979 ἄλλων
3775 4920 3881 4982 τοῖς

2273 5018 2497 5080 οἰκείοις
2560 5017 2784 5086 μέρεσιν
2832 5014 3186 5084 ὲξισούμενος
3245 5014 3482 5083 πρῶτος
3529 5019 3592 5070 ὲν
3645 5019 3757 5078 τοῖς
3786 5031 3882 5066 τε-

2276 5112 2443 5174 λείοις
2472 5110 2621 5164 ὲστί⁶
2655 5109 2736 5163 διὸ
2758 5109 2856 5161 καὶ
2889 5108 3010 5162 κατ’
3042 5107 3206 5160 αὐτὸν
3237 5107 3298 5160 τὸ
3352 5111 3476 5164 πᾶν
3523 5104 3880 5173 συνετελέσθη

2273 5203 2456 5259 τοῦτο.

2351 5297 2416 5350 Ol.
2457 5294 2640 5349 τοίνυν
2674 5295 2738 5347 ὲκ
2779 5291 3039 5346 τοιούτων
3067 5294 3443 5360 σεμνύνοντες
3473 5293 3580 5367 τὴν
3618 5289 3885 5360 ἑϐδομάδα

2274 5389 2565 5462 λελήθασιν
2623 5386 2873 5452 ἑαυτοὺς,
2929 5385 2990 5438 οὐ
3022 5384 3228 5454 ταύτην
3281 5386 3485 5454 μόνον,
3533 5388 3660 5443 ἀλλ’
3708 5383 3886 5443 ἁπλῶς

2275 5484 2496 5539 ἅπαντα
2536 5479 2993 5552 σεμνοποιοῦντες
3045 5479 3282 5550 ἀριθμόν
3312 5493 3331 5508 ·
3382 5481 3561 5535 ἱκανὰ
3593 5485 3708 5553 γὰρ
3749 5476 3887 5534 εἰκό-

2276 5594 2386 5639 τως
2437 5576 2552 5644 ἔχει
2603 5572 2828 5626 τοιαῦτα
2890 5573 3382 5642 σεμνολογήματα.
3462 5577 3634 5630 Ἐπεὶ
3694 5575 3802 5643 γὰρ
3861 5570 3888 5621 6

2279 5667 2516 5736 ἀριθμὸς
2554 5665 2672 5751 ὑπὸ.
2705 5663 2844 5718 Θεοῦ
2888 5667 3001 5728 τοῖς
3053 5659 3176 5718 οὖσι
3214 5667 3573 5740 συνεκτίσθη
3629 5668 3792 5731 πᾶσι,
3824 5662 3887 5716 τὰ

2279 5762 2336 5814 δὲ
2377 5761 2482 5814 ὑπὸ
2537 5761 2630 5814 τοῦ
2680 5759 2818 5813 Θεοῦ
2863 5759 3152 5813 κτισθέντα
3203 5759 3399 5816 πάντα
3455 5765 3612 5819 καλά
3675 5780 3738 5816 τε
3799 5757 3889 5812 καὶ

2283 5853 2420 5910 καλὰ
2448 5852 2586 5918 λίλν,
2621 5853 2694 5918 ὡς
2719 5855 2806 5909 διὰ
2853 5853 3102 5917 Μωσέως
3135 5853 3296 5916 αὐτὸς
3357 5855 3837 5931 ὲπεμαρτύρησεν
3864 5850 3889 5903 ὁ
