4046 6458
260 441 350 510 225

1589 438 1928 501 HOMILIA
1996 413 2217 503 Κνιῐῖ

3408 438 3516 506 226

250 560 442 623 κτίσας,
469 557 497 613 δ
523 575 610 624 τις
633 558 701 614 ἂν
724 560 816 615 τοῦ
849 561 1088 634 ἀριθμοῦ
1119 563 1288 633 μέρος
1311 560 1604 617 ἀπολαϐὼν
1634 559 1821 624 ἐξετα-

1943 575 2054 628 lue,
2087 566 2307 628 sumpta
2341 557 2554 613 numeri
2577 566 2753 628 parte,
2782 573 2902 614 eam
2930 566 3188 614 accurate
3214 574 3519 630 conspexe-

250 653 435 717 πικῶς
479 653 724 719 κατίδοι,
782 655 949 709 καλὸν
1010 657 1238 727 εὑρήσει
1291 657 1386 709 καὶ
1440 654 1606 708 καλὸν
1661 653 1814 718 λίαν,

246 750 411 821 ἑαυτῷ
456 767 514 802 τε
546 752 642 803 καὶ
671 753 785 814 τοῖς
815 751 1001 815 ἄλλοις
1055 751 1238 819 λόγοις
1278 747 1574 817 ἀναλογίας
1602 745 1817 818 ἐμπρέ-

245 857 337 894 πον
387 839 725 910 θαυμασίως.
783 843 858 896 Οὐ
897 823 1004 911 μὴν
1058 842 1148 897 διὰ
1196 843 1288 896 τὸν
1343 841 1579 912 ἀριθμὸν
1630 840 1819 900 ἁπλῶς

244 931 395 999 ἑτέρα
423 931 523 1001 τῆς
558 932 753 1002 ἑτέρας
784 933 1094 1005 διενήνοχεν
1133 934 1386 1004 ἡμέραςο
1422 931 1511 986 ἐπ’
1556 931 1821 1001 οὐδεμιᾶς

244 1027 344 1095 γὰρ
367 1025 395 1077 6
422 1025 667 1099 Μωῦσῆς
688 1025 984 1096 ἐπαινέτην
1010 1025 1248 1097 ἀριθμοῦ
1276 1025 1550 1096 γεγονότα
1573 1025 1666 1078 τὸν
1689 1023 1822 1077 Θεὸν

244 1114 544 1184 ἱστόρησεν,
598 1114 740 1170 ἀλλὰ
790 1117 858 1169 τὰ
905 1116 1028 1171 καθ’
1059 1117 1302 1189 ἑκάστην
1335 1115 1429 1169 ὐπ’
1462 1115 1632 1169 αὐτοῦ
1687 1132 1817 1184 προ-

246 1206 450 1278 ηγμένα
488 1207 557 1261 δι’
610 1211 840 1263 ἐπαίνου
899 1210 1184 1265 τίθεσθαι·
1230 1199 1543 1283 ’τοιγαροῦν
1598 1209 1721 1263 οὐδὲ
1783 1210 1816 1279 ἡ

246 1301 443 1372 ἑϐδόμη
496 1302 605 1356 τῶν
660 1303 891 1374 ἡμερῶν
937 1303 1024 1358 διὰ
1077 1305 1450 1376 τὸνάριθμὸν
1507 1303 1822 1358 ἐπαινετέα.

244 1392 486 1462 Λέγομεν
542 1395 723 1448 τοίνυν
771 1399 933 1465 ἡμεῖς
970 1399 1118 1461 τίνος
1171 1397 1364 1450 ἕνεκεν
1404 1396 1433 1449 6
1461 1396 1595 1460 Θεὸς
1653 1396 1825 1463 αὐτὴν

239 1483 600 1556 διαφερόντως
631 1487 896 1558 εὐλόγησὲ
918 1505 979 1541 τε
1007 1490 1101 1542 καὶ
1134 1489 1384 1561 ἡγίασεν,
1415 1488 1475 1554 ἐξ
1505 1489 1685 1542 αὐτῶν
1716 1479 1826 1540 τῶν

241 1577 334 1630 τοῦ
379 1578 622 1642 Μωσέως
665 1578 842 1647 λόγων
891 1580 1148 1644 λαϐόντες
1197 1581 1298 1644 τὰς
1341 1581 1540 1650 ἀρχάς.
1584 1598 1602 1632 t
1651 1579 1827 1633 Κατέ-

240 1685 416 1721 παυσε
453 1668 581 1738 γὰρ,
616 1672 806 1740 φησὶν,
839 1671 865 1724 6
897 1671 1032 1735 Θεὸς
1057 1674 1124 1743 τῇ
1159 1671 1345 1742 ἡμέρᾳ
1370 1675 1436 1744 τῇ
1472 1671 1679 1742 ἐϐδόμῃ
1719 1671 1826 1724 ἀπὸ

239 1763 458 1815 πάντων
486 1763 595 1815 τῶν
635 1763 814 1833 ἔργων
833 1763 1002 1818 αὐτοῦ
1031 1759 1105 1819 ὧν
1134 1765 1415 1835 ἐποίησεν.
1446 1783 1465 1817 ι
1498 1761 1632 1820 Εἶτα
1659 1781 1828 1835 προς-

1924 652 2015 715 rit,
2047 651 2332 721 pulchram
2372 651 2615 705 inveniet
2639 651 2911 721 nimisque
2943 653 3226 721 pulchram
3255 654 3522 710 sibimet-

1923 743 2026 812 ipsi
2072 743 2316 812 aliisque
2342 743 2687 812 respectibus
2703 744 2952 812 analogia
2978 745 3116 800 mire
3142 756 3518 815 Prsestautem.

1923 831 2116 889 Nullus
2149 849 2282 889 sane
2305 832 2423 889 dies
2455 834 2608 889 alteri
2637 849 2735 904 per
2763 851 3051 890 numerum
3083 852 3309 906 prorsus
3341 840 3524 890 excel-

1925 927 2021 995 lit;
2050 927 2281 983 nullius-
2308 928 2456 982 enim
2480 943 2768 983 numerum
2817 928 3029 998 Moyses
3067 928 3233 982 Deum
3267 929 3523 985 laudasse

1925 1031 2172 1084 enarrat,
2205 1037 2396 1074 verum
2430 1036 2600 1089 opera
2639 1020 2988 1092 singulorum
3032 1024 3100 1075 ab
3133 1023 3252 1092 ipso
3291 1039 3519 1078 enume-

1925 1123 2044 1169 rata
2077 1114 2358 1185 praeconio
2385 1123 2579 1167 ornata
2607 1113 2810 1178 fuisse;
2841 1114 2959 1166 ideo
2983 1131 3081 1168 nec
3110 1115 3382 1183 septimus
3407 1116 3525 1169 dies

1928 1218 2151 1278 propter
2197 1220 2486 1260 numerum
2543 1203 2749 1275 dignus
2809 1217 2887 1260 est
2940 1205 3221 1260 laudibus.
3278 1206 3527 1262 Dicimus

1927 1317 2059 1368 ergo
2104 1299 2202 1355 nos
2244 1302 2402 1369 cujus
2441 1303 2617 1371 gratia
2652 1301 2794 1354 Deus
2834 1301 2882 1354 ei
2931 1300 3135 1355 eximie
3162 1299 3440 1356 benedixit
3472 1313 3528 1355 et

1930 1395 2082 1448 illum
2112 1394 2497 1461 sanctificavit,
2529 1404 2757 1464 accepto
2782 1395 2850 1448 ab
2882 1395 3017 1464 ipsis
3064 1393 3266 1464 Moysis
3299 1394 3527 1448 vocibus

1929 1487 2128 1552 initio;
2166 1488 2243 1542 ait
2273 1489 2419 1542 enim
2453 1507 2465 1542 :
2499 1505 2516 1538 t
2556 1487 2845 1553 Requievil
2878 1485 3022 1542 Deus
3053 1487 3142 1541 die
3180 1487 3418 1557 septimo
3461 1488 3531 1540 ab

1931 1579 2192 1634 omnibus
2224 1579 2485 1650 operibus
2516 1595 2638 1650 quae
2670 1579 2894 1634 fecerat.
2930 1597 2948 1632 ι
2986 1577 3182 1634 Postea
3219 1579 3484 1646 adjiciens
3511 1595 3528 1632 :

1938 1692 1955 1725 ι
2006 1673 2073 1727 Et
2117 1672 2397 1728 benedixit
2438 1672 2580 1728 Deus
2627 1673 2734 1728 diei
2782 1675 3017 1742 septimo
3066 1682 3120 1727 et
3165 1673 3532 1728 sanctilicavit

1930 1778 2101 1828 eum;
2143 1780 2162 1814 ι
2213 1775 2268 1818 et
2301 1764 2484 1818 statim
2518 1778 2744 1818 causam
2787 1764 2937 1818 addit
2977 1763 3378 1834 benedictionis
3408 1781 3530 1817 rur—

243 1855 381 1917 θεὶς,
414 1855 530 1908 ὅτιδ
572 1874 590 1907 t
625 1856 736 1909 Καὶ
767 1856 1069 1929 εὐλόγησεν
1103 1861 1129 1911 ὁ
1163 1860 1296 1922 Θεὸς
1341 1859 1443 1927 τὴν
1479 1859 1696 1929 ἡμέραν
1729 1858 1830 1928 τὴν

1943 1871 2029 1911 sus
2052 1855 2194 1911 idem
2219 1855 2410 1912 dicens
2444 1875 2459 1912 :
2492 1875 2510 1908 ι
2546 1856 2817 1922 Quoniam
2853 1856 3123 1926 requievit
3150 1856 3292 1911 Deus
3322 1855 3391 1909 ab
3412 1871 3533 1910 om-

245 1951 502 2020 ἑϐδόμην,
533 1952 629 2004 καὶ
663 1951 894 2023 ἡγίασεν
932 1953 1106 2023 αὐτήν
1127 1970 1141 1985 ·
1181 1971 1200 2005 ι
1241 1953 1334 2006 καὶ
1368 1952 1469 2022 τὴν
1516 1952 1701 2006 αἰτίαν
1734 1953 1828 2006 εὐ·-

1943 1949 2100 2003 nibus
2131 1949 2394 2015 operibus
2429 1964 2552 2018 qua:
2576 1947 2754 2004 facere
2790 1949 3094 2017 inceperat.
3137 1966 3155 1998 ι
3200 1947 3371 2020 Igitur
3402 1956 3534 2001 sunt

245 2043 338 2108 θύς
378 2043 701 2115 προστίθησι
732 2044 827 2115 τῆς
854 2045 1113 2113 εὐλογίας
1149 2046 1282 2099 αὐτὸ
1311 2047 1473 2100 τοῦτο
1515 2045 1691 2114 λέγων
1721 2044 1826 2098 πά-

1943 2056 2096 2110 spera
2156 2040 2250 2095 Dei
2297 2056 2420 2111 quae
2462 2043 2704 2096 nondum
2758 2042 3082 2110 inceperat,
3141 2051 3210 2110 et_
3247 2058 3277 2096 a
3328 2041 3534 2110 quibus

240 2134 368 2188 λινο
417 2153 435 2187 ι
488 2136 608 2188 Ὀτι
655 2137 1002 2190 κατέπαυσεν
1031 2138 1058 2190 ό
1097 2138 1229 2200 Θεὸς
1274 2137 1382 2190 ἀπὸ
1443 2137 1662 2191 πάντων
1720 2137 1829 2190 τῶν

239 2227 422 2298 ἔργων
466 2227 630 2281 αὐτοῦ
680 2222 990 2300 ὧνςὴρξατο
1041 2230 1289 2299 ποιῆσαι.
1355 2247 1374 2280 ι
1416 2228 1633 2282 Οὐκοῦν
1684 2230 1832 2282 ἐστιν

241 2322 382 2392 ἔργα
415 2318 511 2373 τοῦ
546 2320 680 2373 Θεοῦ
722 2323 866 2391 ἅπερ
917 2320 1043 2374 οὐτε
1077 2321 1284 2393 ἤρξατο
1317 2323 1514 2388 ποιεῖν,
1546 2321 1672 2374 οὐτε
1698 2339 1835 2375 κατ-

1935 2151 2046 2189 non
2102 2133 2348 2204 quievit;
2388 2153 2406 2185 ι
2445 2136 2590 2204 quod
2619 2134 2886 2191 Dominus
2922 2138 3037 2204 ipse
3081 2135 3240 2189 nobis
3274 2135 3539 2189 revelat-it

1943 2226 2132 2281 dicens
2172 2244 2186 2280 :
2228 2244 2246 2276 ι
2291 2223 2454 2282 Pater
2483 2242 2642 2284 meus
2676 2230 3011 2298 usquemodo
3038 2239 3299 2298 Operatur
3333 2235 3389 2282 et
3435 2243 3540 2298 ego

1943 2337 2143 2390 Operor
2177 2321 2268 2375 δί’.
2307 2341 2327 2375 ι

241 2419 451 2472 έπειυσε
515 2417 707 2471 ποιῶνο
767 2417 844 2482 ὡς
885 2420 982 2473 καὶ
1032 2419 1195 2482 αὐτὸς
1257 2420 1287 2473 ό
1332 2419 1540 2492 Κύριος
1575 2419 1934 2490 ἀπεκάλυψεν
1961 2421 2094 2491 ἡμῖν
2151 2421 2367 2490 λέγων·
2407 2441 2426 2475 t
2473 2422 2534 2476 '0
2600 2422 2796 2495 Πατήρ
2843 2440 2942 2492 μου
3012 2421 3119 2485 ἕως
3164 2420 3291 2492 ἄρτι
3366 2420 3538 2491 ὲργά-

239 2513 417 2578 ζεται,
455 2512 610 2579 κάγὼ
641 2515 971 2582 ἐργάζομαι.
1021 2532 1041 2566 ι

309 2608 498 2666 Θέλων
527 2605 621 2664 οὖν
670 2611 698 2664 6
727 2611 858 2676 Θεὸς
895 2610 1007 2664 τῶν
1043 2609 1306 2665 τοιούτων
1333 2611 1514 2682 ἔργων
1565 2613 1697 2682 ἡμῖν
1729 2612 1828 2682 τὴν

241 2703 478 2774 δυνατὴν
523 2702 727 2772 γνῶσιν
763 2704 1090 2773 παρασχεῖν,
1115 2703 1212 2756 καὶ
1243 2703 1414 2757 ταῦτα
1453 2704 1621 2770 δεῖξαι
1658 2705 1830 2773 ζητη-

243 2796 341 2850 τέα
383 2795 589 2865 μᾶλλον
637 2794 728 2847 ὐπ’
786 2794 1043 2864 αἴσθησιν
1094 2795 1374 2857 ἁπάντων,
1435 2796 1536 2863 τὴν
1590 2796 1830 2866 ἑϐδόμην

244 2887 366 2942 καθ’
397 2891 466 2958 ἢν
509 2888 824 2941 κατέπαυσε
860 2887 929 2940 τὰ
979 2887 1218 2951 αἰσθητὰ
1256 2888 1427 2943 ποιῶν
1471 2889 1734 2960 εὐλόγησέ
1769 2907 1830 2942 τε

244 2983 335 3034 καὶ
367 2980 621 3052 ἡγίασεν,
649 2979 724 3043 ὡς
768 2977 1027 3033 ἐπάνοδον
1054 2975 1166 3034 οἷον
1207 2977 1374 3034 οὖσαν
1414 2982 1501 3036 διὰ
1534 2982 1632 3052 τῆς
1661 2967 1826 3035 κατασ

245 3073 502 3134 παύσεως
534 3072 640 3127 ἀπὸ
689 3073 798 3127 τῶν
847 3075 1020 3138 κάτω,
1054 3073 1193 3144 πρὸς
1248 3075 1435 3126 ἐκεῖνα
1483 3075 1550 3126 τὰ
1592 3074 1831 3144 κρείττω

245 3169 340 3221 καὶ
397 3167 772 3237 ὑπερκόσμια.
831 3168 992 3222 Κατὰ
1022 3168 1127 3237 γὰρ
1176 3166 1270 3220 τὸν
1323 3168 1498 3236 μέγαν
1553 3170 1831 3221 Διονύσιον

245 3259 445 3319 εἰπεῖν,
483 3255 588 3322 ἔξω
637 3258 832 3311 ἑαυτοῦ
864 3258 1076 3327 γίνεται
1109 3258 1180 3311 δι’
1213 3257 1521 3330 ὑπερϐολὴν
1554 3259 1832 3329 ἀγαθότη-

242 3367 334 3414 τος
355 3353 384 3404 ό
413 3351 570 3414 Θεὸς,
603 3351 698 3404 καὶ
738 3353 804 3404 ὲκ
836 3350 931 3404 τοῦ
969 3351 1192 3404 πάντων
1227 3351 1570 3421 ἐξῃρημένου
1603 3353 1744 3423 πρὸς
1773 3352 1834 3405 τὸ

246 3440 304 3491 ὲν
338 3441 475 3492 πᾶσι
511 3441 839 3509 κατάγεται,
871 3440 993 3495 κατ’
1022 3443 1356 3510 ἐκστατικὴν
1389 3443 1718 3511 ὐπερούσιον
1746 3443 1833 3496 δύ-

1945 3445 2078 3498 tutis
2108 3461 2228 3514 qua:
2263 3460 2480 3514 semper
2525 3447 2735 3512 integra
2771 3456 2954 3500 manet
2998 3447 3393 3501 abundantiam
3422 3489 3439 3512 ,
3473 3463 3542 3502 ex
3635 3482 3638 3487 -

251 3553 414 3603 ναμιν
444 3536 838 3604 ἀνεκφοίτητον
872 3534 1073 3588 ἑαυτοῦ
1104 3551 1118 3565 ’
1155 3534 1512 3603 συγκαταϐὰς
1553 3534 1618 3606 δὴ
1647 3537 1839 3605 φιλαν·

253 3627 501 3697 θρώπως,
555 3628 644 3698 ἐφ’
691 3628 816 3681 ὅσον
861 3628 1026 3692 αὐτὸς
1078 3628 1314 3699 ὴθέλησε
1365 3630 1460 3681 καὶ
1494 3608 1685 3699 ἐρχῆν,
1748 3629 1842 3682 καὶ

242 3721 342 3772 τὸν
371 3722 492 3774 καθ’
518 3722 668 3791 ἡμᾶς
697 3720 956 3792 αἰσθητὸν
1004 3720 1192 3775 τοῦτον
1219 3723 1277 3774 ὲν
1302 3720 1362 3790 ἒξ
1392 3723 1628 3792 ἡμέραις
1675 3725 1842 3793 ἐργα-

246 3812 485 3882 σάμενος
541 3814 767 3882 κόσμον,
802 3815 943 3867 κατὰ
996 3813 1094 3884 τὴν
1148 3814 1386 3885 ἑϐδόμην
1429 3815 1510 3877 είς
1546 3817 1605 3867 τὸ
1636 3815 1842 3879 οἰκεῖον

248 3907 406 3976 ὕψος,
437 3906 467 3960 ὂ
498 3908 622 3976 μηδ’
649 3907 905 3974 ἀπέλιπε,
931 3907 1256 3978 θεοπρεπῶς
1286 3908 1584 3980 ἐπανῆλθε,
1620 3910 1713 3963 καὶ
1739 3909 1840 3980 τὴν

246 3999 373 4051 κατ’
403 3999 580 4070 αὐτὴν
624 4000 974 4055 κατάπαυσιν
1023 4001 1405 4074 εὐλογημένην
1457 4001 1661 4073 μᾶλλον
1707 4000 1843 4054 ὐπέ-

253 4090 422 4157 δειξε,
456 4090 728 4145 διδάσκων
780 4093 876 4145 καὶ
927 4093 1077 4164 ἡμᾶς
1116 4092 1306 4166 ζητεῖν
1354 4094 1645 4160 είσελθεῖν,
1695 4093 1841 4146 κατὰ

249 4184 313 4235 τὸ
335 4184 640 4254 ἐγχωροῦν,
665 4186 744 4248 είς
770 4185 988 4257 ὲκείνην
1015 4186 1114 4256 τὴν
1133 4185 1511 4251 κατάπαυσιν,
1534 4187 1659 4258 ἥτις
1689 4189 1840 4242 ἐστὶν

246 4274 365 4346 99
390 4279 424 4347 ἡ
458 4279 601 4330 κατά
648 4277 774 4330 νοῦν
812 4278 969 4350 ἡμῶν
1025 4279 1253 4350 Θεωρία,
1284 4281 1379 4334 καὶ
1431 4281 1581 4352 ἡδιὰ
1633 4281 1842 4351 ταύτης

248 4372 392 4436 πρὸς
423 4369 557 4422 Θεὸν
611 4368 923 4434 ἀνάνευσις.
967 4369 1113 4441 Πρὸς
1155 4373 1221 4440 ἣν
1280 4374 1629 4427 κατάπαυσιν
1689 4374 1782 4428 καὶ
1815 4377 1842 4428 6

260 4456 594 4522 ’Δπόστολος
650 4459 950 4532 διαρρήδην
999 4460 1376 4532 προτρέπεται
1407 4480 1422 4494 ο
1471 4463 1701 4533 προθεὶς
1733 4465 1842 4536 γὰρ

247 4549 310 4603 τὸ
339 4549 498 4620 παρὰ
528 4550 624 4604 τοῦ
655 4551 794 4604 Θεοῦ
831 4552 920 4606 διὰ
955 4552 1050 4607 τοῦ
1093 4553 1407 4626 Ψαλμῳδοῦ
1461 4557 1592 4626 περὶ
1622 4558 1716 4611 τοῦ
1745 4559 1844 4625 γέ·

245 4660 378 4707 νους
407 4643 520 4697 τῶν
567 4643 840 4699 Ἰουδαίων
893 4646 1224 4717 λεγόμενον*
1273 4667 1292 4700 ι
1341 4648 1429 4714 Ὠς
1455 4647 1646 4719 ὤμοσα
1684 4652 1741 4704 ἐν
1771 4653 1840 4722 τῇ

241 4735 393 4807 ὀργῇ
456 4752 584 4805 μου,
641 4739 690 4790 εί
747 4739 1151 4793 εἰσελεύσονται
1208 4741 1290 4802 είς
1331 4740 1432 4812 τὴν
1485 4739 1840 4795 κατάπαυσίν

252 4840 397 4896 patr
431 4847 450 4880 ι
485 4829 738 4899 ἐπιφέρει
764 4830 1028 4900 γράφων·
1067 4850 1086 4884 t
1126 4832 1358 4902 Εἴρηται
1405 4848 1510 4884 που
1562 4833 1692 4904 περὶ
1741 4834 1842 4903 τῆς

243 4918 493 4993 ἑϐδόμης
540 4921 623 4976 ὅτι
673 4925 1022 4978 κατέπαυσεν
1055 4926 1084 4978 6
1128 4924 1262 4987 Θεὸς
1305 4924 1414 4978 ἀπὸ
1461 4925 1683 4978 πάντων
1729 4925 1839 4979 τῶν

242 5010 434 5084 Ξργων
487 5011 676 5068 αὐτοῦ.
713 5032 732 5066 ›
785 5016 893 5069 Καὶ
939 5014 1062 5085 μετ’
1105 5015 1302 5084 όλίγα’
1352 5033 1372 5066 ι
1430 5015 1835 5086 Σπουδάσωμεν

236 5098 350 5178 ,οὖν
379 5104 480 5156 καὶ
510 5106 668 5176 ἡμεῖς
693 5105 958 5159 εἰσελθεῖν
981 5108 1064 5170 είς
1093 5107 1191 5176 τὴν
1215 5105 1564 5160 κατάπαυσιν
1585 5105 1753 5159 αὐτοῦ
1771 5121 1783 5134 ·
1816 5125 1836 5159 ι

244 5197 276 5251 ὁ
301 5197 421 5269 γὰρ
451 5195 733 5264 είσελθὼν,
768 5200 1083 5252 κατέπαυσε
1118 5201 1213 5252 καὶ
1263 5199 1427 5263 αὐτὸς
1460 5199 1568 5252 ἀπὸ
1605 5199 1715 5252 τῶν
1748 5197 1842 5270 ἕρ-

244 5307 366 5362 γων
405 5290 596 5356 αὐτοῦ,
634 5293 886 5362 καθάπερ
919 5291 1028 5347 ἀπὸ
1059 5291 1171 5346 τῶν
1201 5292 1349 5347 ἰδίων
1373 5294 1401 5346 6
1433 5291 1590 5355 Θεός.

328 5383 501 5438 Ἀλλὰ
532 5382 616 5448 τίς
645 5381 784 5455 αὕτη
815 5385 847 5455 ἡ
883 5384 1235 5448 κατάπαυσις
1259 5383 1343 5436 ἑτι
1377 5386 1721 5454 σαωέστερεν
1751 5400 1846 5437 πο-

239 5477 415 5533 θεῖτε.
458 5479 674 5548 μαθεῖν,
710 5479 806 5531 καὶ
843 5477 960 5540 πῶς
1011 5479 1103 5531 καὶ
1133 5479 1294 5548 ἡμεῖς
1345 5477 1422 5540 είς
1474 5477 1650 5548 αὐτὴν
1693 5480 1840 5530 είσε-

235 5568 590 5639 λευσόμεθας
632 5569 732 5621 Ἂν
765 5568 832 5621 τὰ
867 5565 1006 5638 ἔργα
1057 5565 1340 5637 μάθωμεν,
1376 5559 1452 5621 ὧν
1475 5565 1551 5627 ὼς
1583 5564 1839 5635 ἀνάρχων

236 5662 424 5716 ὄντων
453 5665 481 5715 ὀ
516 5662 648 5725 Θεὸς
689 5661 791 5714 οὐκ
825 5660 1053 5730 ἡρξατο,
1095 5658 1176 5712 ἔτι
1207 5658 1409 5729 μᾶλλον
1460 5659 1558 5711 καὶ
1598 5657 1700 5728 τῆς
1739 5677 1839 5714 κα-

234 5753 581 5816 ταπαύσεως
635 5751 866 5822 ταύτης,
909 5751 1004 5804 καὶ
1046 5753 1145 5823 τῆς
1180 5750 1317 5821 πρὸς
1367 5750 1537 5822 αὐτὴν
1591 5747 1835 5805 εἰσελεύ-

311 5937 380 5968 ⁸⁸¹
415 5936 578 5995 Joan.
606 5951 659 5996 ν,
697 5935 779 5990 l7.
856 5935 1069 5991 “Psal.
1115 5951 1258 5998 serv,
1299 5935 1383 5989 11.

1464 5931 1510 5966 ⁸³
1551 5931 1716 5991 llebr.
1749 5949 1820 5999 tv.
1848 5935 1906 5994 ε.

2012 2611 2198 2680 Itaque
2222 2625 2347 2664 eum
2378 2609 2519 2666 Dens
2552 2610 2748 2664 horum
2778 2624 3008 2678 operum
3038 2609 3294 2664 notitiam
3327 2609 3542 2666 viribus

1936 2706 2147 2759 nostris
2193 2703 2668 2758 accommodatam
2721 2704 2882 2758 vellet
2931 2704 3209 2774 praebere,
3267 2704 3544 2774 simulque

1937 2797 2237 2853 osrendere
2270 2811 2334 2850 ea
2371 2795 2679 2852 studiosius
2713 2811 2878 2866 quam
2917 2799 3102 2852 omnia
3135 2813 3258 2866 qua:
3287 2797 3542 2852 sentiun-

1939 2901 2029 2944 tur
2059 2905 2182 2944 esse
2213 2891 2534 2958 quaerenda,
2571 2889 2718 2943 diem
2752 2905 2862 2960 quo
2899 2890 2967 2944 ab
3006 2890 3269 2958 operibus
3301 2891 3543 2945 sensibi«

1936 2984 2081 3038 libus
2101 2981 2308 3052 quievit
2332 2982 2697 3036 sanctiﬁcavit
2728 2983 2890 3052 eique
2922 2983 3222 3048 benedixit,
3256 2983 3414 3052 quasi
3442 2999 3540 3053 per

1939 3075 2101 3130 istam
2163 3075 2404 3144 quietem
2461 3076 2731 3129 indicaret
2762 3090 2862 3129 nos
2907 3074 3110 3129 debere
3144 3090 3174 3128 a
3203 3075 3438 3131 terrenis
3469 3077 3537 3130 ad

1941 3167 2168 3219 meliora
2197 3173 2250 3218 et
2279 3181 2443 3236 supra
2477 3175 2730 3220 naturam
2765 3181 3074 3235 assurgere.
3118 3165 3289 3231 Nam,
3343 3182 3543 3237 magno

1938 3257 2122 3325 judice
2161 3258 2443 3329 Dionysio,
2472 3259 2538 3312 ad
2577 3266 2733 3313 extra
2765 3259 2980 3312 excedit
3017 3259 3162 3313 Deus
3194 3270 3413 3329 prepter
3451 3262 3539 3314 ni.

1947 3355 2114 3406 miatn
2156 3350 2453 3406 bonitatem
2487 3367 2667 3416 suam,
2693 3361 2747 3407 et
2782 3367 2879 3422 per
2916 3353 3226 3408 diﬂusivain
3271 3369 3387 3408 sua:
3432 3353 3544 3408 vir—

1956 3538 2228 3594 charilate
2271 3555 2398 3608 erga
2451 3541 2702 3596 homines
2729 3542 3069 3598 descendens
3103 3553 3370 3612 quantum
3427 3548 3543 3614 ipse

1947 3631 2125 3686 voluit
2152 3641 2207 3686 et
2235 3633 2543 3689 necessitas
2579 3634 2699 3698 fuit,
2740 3643 2927 3688 creato
2962 3651 3058 3705 per
3088 3651 3251 3691 senos
3284 3636 3402 3692 dies
3435 3639 3542 3694 hoc

1945 3736 2136 3779 nostro
2167 3725 2411 3779 sensibili
2448 3727 2676 3789 mundo,
2709 3726 2798 3781 die
2844 3729 3079 3794 septimo
3112 3730 3164 3782 in
3197 3745 3351 3782 suam
3389 3746 3542 3783 sum-

1946 3819 2191 3873 mitatem
2243 3835 2407 3887 quam
2462 3821 2763 3876 unllimode
2800 3821 3132 3891 reliquerat,
3185 3838 3248 3878 ex
3289 3824 3542 3878 decentia

1945 3912 2217 3977 ascendit,
2248 3921 2302 3965 et
2336 3911 2479 3966 diem
2515 3913 2568 3966 in
2611 3927 2720 3982 qua
2751 3913 3024 3983 requievit
3059 3915 3409 3984 singulariter
3446 3917 3541 3970 he-

1947 4003 2226 4058 nedictum
2262 4003 2611 4070 monstravit,
2642 4004 2849 4060 docens
2881 4015 2933 4059 et
2961 4021 3060 4060 nos
3087 4023 3333 4076 qurerere
3366 4019 3423 4063 ut
3458 4007 3546 4062 in-

1945 4097 2281 4167 grediamur,
2310 4099 2534 4167 quando
2561 4097 2771 4164 licebit,
2796 4099 2849 4153 in
2884 4082 3437 4173 illamrequicnrqum
3461 4112 3548 4158 est

1945 4188 2488 4257 spiritalisnostrmn
2521 4188 2805 4245 meditatio
2850 4199 2904 4244 et
2949 4206 3046 4261 per
3093 4208 3214 4247 eam
3267 4198 3331 4247 ad
3370 4193 3541 4248 Deum

1947 4291 2227 4352 aspectus.
2262 4283 2341 4337 Ad
2374 4299 2540 4353 quam
2589 4285 2834 4353 requiem
2866 4286 3166 4355 Apostolus
3203 4286 3382 4342 lucide
3409 4303 3544 4342 con-

1947 4373 2214 4438 vertitur;
2248 4375 2588 4440 prarn-ittens
2622 4377 2769 4429 enim
2805 4378 2952 4446 quod
2988 4391 3018 4430 a
3045 4376 3156 4432 Deo
3188 4393 3282 4446 per
3315 4376 3546 4434 Psalmi-

1946 4478 2085 4524 Statu
2121 4468 2188 4523 de
2221 4466 2452 4522 Judaico
2489 4483 2686 4534 genere
2714 4469 2922 4524 dicnnn
2959 4481 3043 4526 est
3077 4486 3090 4522 :
3127 4474 3427 4540 tQuoniant
3450 4474 3543 4544 ju-

1945 4560 2061 4614 ravi
2097 4559 2150 4614 in
2182 4561 2261 4613 ira
2295 4574 2438 4625 mea,
2472 4560 2516 4614 si
2547 4560 2855 4615 introibunt
2883 4562 2936 4616 in
2970 4565 3215 4632 requiem
3241 4581 3414 4620 meam
3436 4567 3538 4633 ⁶¹,›

1943 4651 2230 4722 subjungit
2254 4652 2504 4707 scribens
2536 4669 2551 4705 :
2592 4671 2610 4704 ι
2660 4651 2808 4709 Dixit
2842 4653 2895 4708 in
2923 4657 3162 4724 quodam
3211 4657 3330 4712 loco
3361 4659 3428 4714 de
3457 4661 3545 4716 die

1949 4746 2181 4816 septima
2232 4744 2314 4800 sic
2362 4763 2376 4798 :
2422 4763 2442 4797 ι
2484 4748 2547 4799 Et
2581 4747 2854 4816 requievit
2889 4748 3030 4804 Deus
3071 4749 3157 4804 die
3201 4753 3432 4820 septima
3474 4756 3544 4809 ab

1952 4839 2210 4893 onmibus
2250 4839 2512 4906 operibus
2548 4841 2720 4894 suis.»
2761 4839 2829 4893 Et
2859 4841 3050 4909 paucis
3075 4845 3385 4912 praedictis:
3411 4845 3544 4901 «Fe-

1949 4928 2224 4984 stinemus
2253 4944 2382 4998 ergo
2405 4938 2460 4983 et
2499 4945 2598 4983 nos
2631 4929 2837 4999 ingredi
2878 4932 2928 4984 in
2960 4931 3109 4985 illam
3143 4936 3385 5004 requiem
3421 4936 3487 5002 ⁸³;
3521 4955 3539 4987 ι
3593 4966 3597 4970 -

1946 5021 2038 5090 qui
2079 5020 2223 5074 enim
2257 5023 2535 5088 ingressus
2564 5022 2746 5088 luerit,
2771 5024 3075 5094 requiescet
3097 5035 3150 5080 et
3181 5027 3294 5096 ipse
3321 5029 3390 5082 ab
3414 5044 3546 5100 Ope-

1949 5113 2105 5167 ribus
2139 5113 2279 5178 suis,
2311 5113 2778 5182 quemadmodum
2810 5115 2958 5171 Dens
2987 5130 3018 5172 a
3053 5120 3310 5188 pi-Opriis.

2025 5377 2229 5437 Verum
2278 5398 2402 5453 qua:
2456 5385 2528 5440 sit
2580 5386 2695 5444 haec
2744 5390 2964 5459 requies
3018 5399 3074 5446 et
3115 5390 3394 5460 quomodo
3445 5406 3544 5446 nos

1951 5474 2115 5528 etiam
2151 5475 2204 5528 in
2239 5492 2359 5530 eam
2399 5477 2780 5550 ingrediantur
2835 5483 3052 5550 plenius
3077 5482 3292 5540 discere
3319 5482 3544 5536 deside-

1950 5567 2120 5622 ratis?
2150 5568 2206 5622 Si
2238 5585 2405 5640 opera
2431 5572 2710 5631 discamus
2740 5591 2862 5645 qua:
2893 5582 3080 5646 utpote
3107 5575 3268 5630 initio
3298 5577 3544 5631 carentia

1948 5659 2095 5718 Deus
2118 5663 2440 5735 neutiquam
2467 5666 2698 5737 int-epit.
2726 5668 2898 5739 magis
2923 5672 3089 5724 etiam
3117 5670 3257 5722 hanc
3297 5669 3543 5737 requiem

1948 5762 2003 5809 et
2023 5758 2301 5826 quomodo
2325 5757 2380 5813 in
2408 5773 2528 5815 eam
2555 5759 2932 5830 ingrediantur
2961 5760 3356 5831 inteiligemus.
3385 5761 3548 5822 Qua:-
