4046 6468
531 390 636 461 ειι

1770 387 2161 448 GREGORII
2206 386 2532 449 PALAM/E

3665 375 3759 440 232

533 507 658 562 aliis
689 502 1082 574 supereminet,
1110 516 1320 557 necnon
1349 498 1516 555 futuri
1559 499 1769 566 saeculi,
1807 500 1973 557 unius
2003 517 2127 570 quas

2235 503 2393 570 μένη,
2437 499 2572 550 ἀλλὰ
2632 483 2722 549 καὶ
2755 495 2861 548 τῶν
2895 493 3011 562 μετ’
3045 491 3220 560 αὑτήν
3274 491 3389 542 ἐστι
3441 486 3656 559 πράηη’
3699 488 3764 547 ὡς

536 597 716 654 nescit
740 610 1002 650 occasum
1037 595 1147 648 diei
1179 602 1288 648 stat
1311 592 1621 648 exordium.

2228 589 2370 644 εἶναι
2416 592 2625 660 ταύτην
2681 587 2854 658 αὐτὴν
2906 587 3124 652 ἐκείνην
3176 585 3242 634 ἐκ
3303 580 3626 650 περιτροπῆς
3682 578 3770 645 τὴν

536 691 732 760 καινὴν
767 691 862 744 καὶ
895 688 1120 758 πρώτην
1169 687 1403 742 άπασῶν
1429 687 1674 757 ἡμέραν,
1715 685 1784 754 ἣν
1817 686 1980 755 ἡμεῖς
2013 685 2113 755 μὲν
2151 686 2438 756 Κυριακὴν
2475 684 2773 752 καλοῦμεν,
2801 684 2829 734 6
2866 680 2923 733 δὲ
2955 677 3199 744 Μωῦσῆς
3269 674 3328 726 οὐ
3357 670 3596 742 πρώτην,
3651 669 3772 760 άλὶά

540 780 1178 855 μίανπροσηγΰρευσεν,
1209 778 1286 841 ὡς
1331 778 1440 832 τῶν
1474 777 1650 832 άλλων
1694 777 2211 848 ὐπερεξῃρημένην,
2244 779 2340 832 καὶ
2381 777 2667 848 προοίμιον
2703 768 2869 827 οὖσαν
2933 770 3035 840 τῆς
3097 765 3194 821 τοῦ
3258 763 3539 834 μέλλοντος
3596 759 3771 822 αἰῶνος

540 879 672 948 μιᾶς
700 879 796 932 καὶ
831 877 1137 947 άνεσπέρου
1180 875 1412 944 ἡμέρας.

606 968 784 1021 Aliam
833 965 1057 1035 insuper
1138 963 1444 1018 Dominice
1497 975 1624 1033 prae
1658 963 1871 1018 caneris
1925 963 2117 1018 diebus

539 1060 750 1116 festivis
773 1061 826 1112 in
853 1069 1034 1113 mente
1057 1065 1268 1112 versate
1293 1055 1670 1111 excellentiam
1697 1057 1823 1110 inde
1844 1065 2115 1110 exortam.

541 1152 850 1218 Quendibet
883 1150 1031 1204 enim
1064 1149 1208 1203 diem
1230 1147 1480 1203 festivum
1517 1155 1662 1202 totus
1681 1163 1856 1201 annus
1887 1162 2118 1203 currens

541 1246 712 1302 semel
757 1243 995 1308 inducit,
1031 1240 1374 1294 Dominicam
1423 1249 1606 1292 autem
1658 1253 1880 1294 menses
1918 1239 2119 1308 singuli

541 1345 740 1406 quater
768 1333 928 1388 nobis
959 1333 1254 1394 invehunt.
1283 1331 1356 1384 ita
1382 1340 1444 1384 ut
1469 1345 1564 1400 per
1592 1344 1886 1385 occursum
1911 1329 1982 1384 ita
2011 1330 2122 1385 fre-

543 1437 802 1498 quentem
827 1427 987 1480 nonis
1012 1439 1218 1479 annum
1280 1435 1456 1478 telum
1501 1439 1627 1478 vere
1657 1423 1999 1477 remissionis
2023 1439 2122 1476 au-

545 1535 698 1585 nnm,
730 1533 932 1573 annum
968 1519 1082 1574 Deo
1115 1517 1512 1587 acceptabilem
1541 1523 1825 1584 operatur.
1854 1515 1983 1570 ldeo
2015 1513 2122 1569 Do-

545 1613 730 1666 minus
761 1611 908 1665 illam
935 1610 1094 1665 nobis
1122 1608 1508 1664 celebrandam
1545 1605 1846 1661 secundum
1875 1607 2122 1676 singulas

546 1707 756 1758 dierum
776 1705 956 1772 lapsas
979 1702 1344 1756 hebdomades
1369 1713 1707 1768 proponens,
1730 1700 1984 1767 apparuit
1999 1697 2124 1766 qui-

547 1795 671 1848 dem
709 1795 945 1862 primum
976 1791 1263 1862 discipulis
1298 1790 1352 1844 in
1386 1790 1696 1854 caenaculo,
1731 1790 1858 1843 dum
1883 1787 2123 1844 Thomas

546 1887 783 1950 abesset,
815 1892 869 1938 et
915 1885 1270 1952 semetipsum
1314 1881 1512 1935 obtulit
1557 1881 1762 1947 vivum,
1809 1896 1995 1950 pacem
2040 1880 2124 1933 eis

551 1975 780 2044 largitus
822 1982 935 2036 est,
954 1982 1009 2027 et
1034 1986 1128 2040 per
1155 1973 1430 2041 propriam
1451 1967 1868 2023 insul'ﬂationem
1895 1970 2124 2037 primam

546 2067 616 2119 ab
653 2065 806 2118 initio
833 2064 1017 2117 datam
1049 2077 1319 2117 renovans
1344 2062 1783 2130 iuspirationem,
1810 2057 1981 2112 divini
2009 2059 2128 2126 Spi-

546 2157 684 2210 ritus
702 2155 883 2210 tribuit
905 2155 1159 2223 gratiam,
1181 2152 1422 2206 divinam
1454 2151 1535 2206 eis
1557 2150 1849 2205 infundens
1871 2150 2126 2203 virtutem

549 2247 752 2316 ligandi
790 2254 955 2315 atque
991 2245 1236 2300 solvendi
1287 2253 1534 2313 peccata,
1568 2253 1857 2297 consortes
1884 2241 2006 2296 illos
2039 2256 2129 2310 po-

549 2339 764 2393 testatis
786 2340 902 2407 ejus
927 2339 1020 2407 qui
1049 2339 1103 2392 in
1132 2338 1274 2391 ccelo
1299 2347 1382 2392 est
1405 2337 1666 2400 ellicieus,
1690 2336 1756 2388 ad
1781 2350 1876 2388 eos
1898 2333 2088 2387 dicens
2111 2350 2124 2386 :

552 2448 574 2480 ι
610 2428 852 2498 Accipite
885 2429 1154 2498 Spiritum
1205 2438 1480 2491 sanctum,
1535 2441 1770 2496 quorum
1805 2425 2126 2480 remiseritis

548 2528 813 2589 peccata,
856 2521 1204 2574 remittentur
1235 2521 1338 2586 eis,
1374 2530 1428 2574 et
1472 2533 1703 2589 quorum
1753 2518 2123 2580 retinueritis,

547 2621 759 2665 retenta
789 2622 917 2666 sunt
941 2611 1008 2667 ⁸⁵⁷.
1050 2629 1069 2663 ι

617 2875 768 2930 lianc
810 2891 938 2946 ergo
982 2885 1302 2944 potestatem
1331 2883 1384 2930 et
1434 2876 1666 2947 gratiam
1696 2872 1994 2943 impertivit
2020 2871 2127 2927 Do-

547 2969 729 3022 minus
783 2981 1055 3037 apparens
1115 2967 1169 3022 in
1213 2969 1331 3038 ipsa
1388 2966 1812 3022 resurrectionis
1858 2964 1948 3019 die
2001 2980 2124 3034 qure

545 3074 772 3128 prorsus
798 3069 914 3111 erat
939 3058 1253 3123 Dominica;
1289 3059 1488 3112 deinde
1523 3057 1730 3112 relictis
1767 3055 1962 3112 mediis
1993 3057 2125 3112 heb-

2159 1917 2202 1972 Β

547 3151 795 3204 ιΙοιιιεόιε
828 3149 1046 3216 diebus,
1081 3151 1133 3202 in
1175 3159 1370 3204 octava
1399 3165 1560 3217 quam
1595 3149 1756 3203 hodie
1787 3162 1907 3213 nos,
1949 3159 2005 3201 ιιι
2040 3149 2123 3202 di-
2153 3184 2192 3239 C

545 3254 674 3294 cere
715 3239 955 3315 expedit,
1019 3240 1352 3296 Dominicam
1396 3241 1634 3309 agimus,
1687 3253 1882 3292 rursus
1931 3240 2122 3295 eodem

544 3423 835 3479 caenaculo
855 3438 1150 3489 renovans,
1184 3425 1528 3494 dubiumque
1568 3425 1838 3484 Thomam
1872 3431 1939 3486 ad
1965 3431 2127 3485 fidem

545 3516 858 3580 adducens;
891 3530 1016 3568 nam
1052 3518 1354 3570 secundum
1408 3516 1665 3573 dilectum
1699 3519 1914 3576 Domini
1965 3538 2120 3578 evan-

543 3607 793 3678 gelistam
818 3618 876 3660 et
923 3605 1295 3675 discipulum:
1333 3624 1354 3658 ι
1410 3606 1540 3662 Post
1585 3611 1702 3666 dies
1737 3620 1881 3678 octo,
1930 3613 2126 3667 iterum

545 3708 708 3753 erant
742 3697 996 3768 discipuli
1051 3699 1242 3766 intus;
1293 3709 1350 3754 et
1397 3697 1638 3756 Thomas
1685 3718 1805 3758 cum
1841 3706 1940 3759 eis.
1967 3703 2130 3759 Venit

545 3787 727 3852 Jesus,
746 3789 930 3857 januis
955 3790 1180 3856 clausis,
1201 3800 1255 3844 et
1273 3795 1422 3846 stetit
1454 3792 1507 3845 in
1531 3796 1732 3861 medio,
1753 3806 1803 3850 et
1826 3797 1962 3850 dixit
1987 3797 2129 3852 :Pax

544 3882 702 3938 vobis
726 3880 796 3936 “.
828 3899 846 3932 ι
872 3880 1151 3936 Videtisne
1182 3883 1455 3952 quomodo
1497 3885 1548 3937 in
1593 3885 1871 3942 Dominica
1925 3888 2127 3942 Christi

545 3974 801 4042 discipuli
826 3981 1226 4036 convenerunt,
1257 3989 1463 4043 eosque
1488 3976 1657 4029 adivit
1682 3977 1980 4033 Dominus?
2006 3979 2131 4034 Erat

545 4068 693 4120 enim
734 4067 1016 4119 Dominica
1047 4067 1270 4134 quando
1304 4067 1536 4134 primum
1568 4072 1914 4140 cengregatis
1961 4087 2130 4141 appa-

549 4157 680 4224 ruit,
712 4165 931 4228 etpost
955 4158 1072 4212 dies
1120 4169 1246 4211 octo
1277 4172 1473 4212 rursus
1526 4160 1780 4214 veniente
1826 4161 2129 4226 Dominica,

2301 959 2456 1029 101
2507 957 2596 1012 Ἑν
2646 954 2896 1025 περινοίᾳ
2924 953 2982 1005 δὲ
3031 950 3113 1004 ἔτι
3148 948 3356 1019 γενήσῃ
3381 944 3480 1016 τῆς
3528 943 3662 996 κατὰ
3688 942 3775 1011 τὴν

2226 1047 2521 1118 Κυριακὴν
2561 1045 2700 1115 πρὸς
2726 1043 2825 1104 τὰς
2866 1036 3030 1105 ἄλλοις
3065 1039 3308 1109 έορτίους
3357 1038 3568 1106 ἡμέρας
3595 1035 3776 1100 ὑπερο-

2226 1139 2326 1208 χῆς
2361 1133 2684 1188 κάντεῦθεν.
2731 1133 2921 1186 Πᾶσαν
2957 1130 3056 1199 μὲν
3085 1128 3194 1196 γάρ
3240 1126 3406 1196 ἄλλην
3449 1125 3652 1193 ἡμέραν
3677 1122 3780 1189 ἑόρ-

2225 1242 2344 1278 τιον
2379 1226 2407 1276 6
2439 1222 2686 1284 ἐνιαυτὸς
2731 1223 2876 1278 ἄπας
2910 1218 3060 1282 ἅπαξ
3103 1217 3299 1285 ὲπάγει
3331 1212 3579 1282 περιιὼν,
3612 1212 3702 1282 τὴν
3729 1211 3779 1263 δὲ

2227 1315 2518 1386 Κυριακὴν
2552 1313 2648 1366 καὶ
2681 1312 2870 1382 μηνῶν
2910 1310 3137 1370 ἕκαστος
3188 1307 3447 1376 τετράκις
3487 1305 3614 1374 ἡμῖν
3658 1304 3780 1354 ἐπα-

2228 1411 2386 1477 νάγει
2429 1409 2517 1461 διά
2545 1409 2645 1477 τῆς
2688 1403 2830 1457 οὕτω
2864 1405 3066 1472 συχνῆς
3119 1402 3373 1470 περιόδου
3412 1397 3505 1450 τὸν
3558 1393 3784 1446 ἐνιαυτὸν

2228 1499 2468 1565 ἅπαντα,
2514 1497 2759 1550 ἐνιαυτὸν
2811 1496 2944 1564 ἡμῖν
2990 1486 3436 1562 δημιουργοῦσαν
3484 1487 3580 1556 τῆς
3629 1483 3783 1542 ὅντως

2228 1593 2503 1659 ἀφέσεως,
2534 1588 2630 1642 καὶ
2661 1586 2909 1640 ἐνιαυτὸν
2940 1583 3130 1653 Κυρίῳ
3164 1582 3374 1634 δεκτόν.
3409 1579 3500 1631 Διὸ
3525 1579 3616 1630 καὶ
3639 1579 3663 1628 ὁ
3689 1576 3787 1626 Κύ-

2233 1701 2346 1754 ριος
2371 1683 2574 1750 ταύτην
2595 1681 2730 1749 ἡμῖν
2749 1676 3030 1746 ἑορτάζειν
3053 1675 3202 1746 ἔργῳ
3231 1673 3581 1739 καθεκάστην
3603 1665 3783 1736 παρελο

2229 1776 2428 1829 θοῦσαν
2467 1773 2692 1843 ἡμερῶν
2733 1768 3004 1838 ἑϐδομάδα
3031 1766 3381 1837 παραδιδοὺς,
3417 1763 3659 1830 ἐπεφάνη
3699 1761 3786 1829 μὲν

2227 1868 2447 1939 πρῶτον
2471 1867 2529 1919 ὲν
2559 1865 2706 1933 οἰκίᾳ.
2737 1864 2851 1924 τοῖς
2879 1862 3173 1930 μαθηταῖς,
3210 1857 3306 1911 τοῦ
3337 1855 3512 1924 Θωμᾶ
3545 1853 3620 1924 μὴ
3652 1867 3782 1919 παρ-

2229 1961 2427 2022 όντοςν
2458 1958 2556 2010 καὶ
2611 1955 2952 2026 παρέστησεν
3013 1953 3207 2005 ἑαυτὸν
3262 1949 3473 2014 ζῶντα,
3555 1947 3650 2000 καὶ
3699 1943 3786 2012 τὴν

2229 2053 2454 2121 εἰρήνην
2489 2049 2771 2119 παρέσχεν
2803 2047 3007 2111 αὐτοῖς,
3037 2047 3130 2097 καὶ
3158 2044 3228 2096 δι’
3272 2043 3666 2112 ὲμφυσήματος
3705 2033 3786 2087 τοῦ

2226 2139 2433 2192 οἰκείου
2461 2137 2523 2190 τὸ
2557 2135 2680 2190 κατ’
2705 2135 2878 2206 άρχὰς
2913 2134 3202 2203 δεδομένον
3243 2134 3604 2190 ἀνακαινίσας
3634 2124 3792 2196 ἐμφύ-

2230 2247 2401 2299 σημα,
2433 2229 2532 2300 τὴν
2579 2228 2674 2282 τοῦ
2710 2228 2858 2280 θείου
2922 2225 3240 2296 Πνεῦματος
3292 2223 3589 2293 ἐχαρίσατο
3624 2219 3788 2290 χάριν,

2225 2323 2458 2393 δύναμιν
2483 2321 2660 2384 ἐνθεὶς
2696 2321 2886 2384 αὐτοῖς
2938 2318 3090 2371 θείαν
3130 2316 3226 2371 τοῦ
3257 2317 3489 2386 δεσμεῖν
3534 2315 3627 2367 καὶ
3657 2310 3791 2364 λύειν

2225 2415 2320 2476 τὰς
2353 2414 2647 2484 ἁμαρτίας,
2679 2414 2771 2465 καὶ
2795 2411 3124 2482 συμψήφους
3157 2409 3361 2472 αὐτοὺς
3385 2407 3487 2477 τῆς
3513 2408 3572 2459 ὲν
3596 2401 3792 2474 οὐρανῷ

2224 2507 2540 2564 δεσποτείας
2602 2507 3095 2575 ἀπεργασάμενος,
3155 2501 3329 2556 είπὼν
3384 2502 3523 2572 πρὸς
3573 2497 3791 2559 αὐτούς*

2231 2617 2248 2649 ι
2293 2600 2502 2652 Λάϐετε
2535 2596 2758 2668 Πνεῦμα
2793 2597 2969 2666 διγιον,
2997 2596 3064 2650 ἄν
3091 2613 3254 2648 τινων
3286 2597 3474 2666 ἀφῆτε
3506 2597 3602 2655 τάς
3627 2594 3793 2661 ἁμαρ·

2224 2693 2366 2751 τῐας,
2409 2691 2662 2759 ἀφίενται
2718 2691 2928 2754 αὐτοῖς,
2971 2691 3036 2745 άν
3082 2707 3246 2742 τινων
3290 2688 3568 2760 κρατῆτε,
3610 2685 3796 2754 κεκρά-

2224 2799 2441 2851 τηνται.
2482 2803 2499 2833 ι

2296 2877 2515 2944 Ταύτην
2537 2875 2636 2944 μὲν
2666 2871 2761 2928 οῦν
2804 2877 2906 2946 τὴν
2925 2874 3160 2944 δύναμιν
3207 2876 3304 2928 καὶ
3337 2875 3441 2944 τὴν
3480 2874 3638 2943 χάριν
3671 2885 3800 2938 παρ-

2225 2970 2432 3038 έσχενδ
2483 2969 2688 3038 Κύριος
2728 2969 3008 3036 ἐπιφανεὶς
3053 2967 3176 3020 κατ’
3244 2969 3427 3038 αὐτὴν
3458 2969 3558 3038 τὴν
3612 2965 3797 3034 ἡμέραν

2228 3061 2329 3129 τῆς
2365 3061 2536 3113 αὑτοῦ
2571 3060 2939 3124 ἀναστάσεως,
2963 3060 3140 3130 ἥτιςὴ
3177 3061 3450 3129 Κυριακὴ
3480 3061 3690 3119 πάντως
3719 3051 3796 3123 ἦν·

2229 3149 2349 3202 εἶτα
2391 3150 2658 3203 διαλιπὼν
2691 3154 2787 3211 τάς
2838 3149 3042 3218 μεταξὺ
3077 3149 3174 3216 τῆς
3223 3150 3535 3219 ἑϐδομάδος
3583 3148 3798 3216 ἡμέρας,

2175 3218 2194 3241 λ
2231 3242 2374 3295 κατὰ
2422 3242 2523 3310 τὴν
2555 3241 2776 3311 ὀγδόην,
2821 3241 2989 3294 ταυτὸ
3031 3240 3076 3293 δ’
3127 3241 3336 3306 εἰπεῖν,
3367 3218 3479 3312 τὴν
3537 3235 3803 3309 Κυριακὴν

555 3331 722 3384 modo
758 3331 910 3385 visus
938 3330 1059 3396 fuit,
1089 3333 1232 3385 idem
1282 3332 1656 3401 spectaculum
1707 3327 1810 3384 sibi
1846 3325 1901 3379 in
1934 3331 2127 3383 eodem

2229 3336 2409 3406 ἥνπερ
2459 3336 2703 3402 σήμερον
2741 3335 2970 3402 ἄγομεν,
3024 3333 3322 3402 ἐφίσταται
3361 3336 3529 3388 πάλιν
3563 3330 3804 3390 ὡσαύτως

2231 3429 2326 3480 καὶ
2357 3425 2498 3479 κατὰ
2546 3427 2646 3495 τὴν
2685 3427 2857 3496 αὐτὴν
2897 3426 3101 3492 οἰκίαν,
3141 3426 3486 3494 ὲγκαινίζων
3518 3423 3694 3494 ἑαυτῷ
3719 3420 3806 3490 τὴν

2229 3520 2564 3589 πανήγυριν,
2609 3517 2822 3572 καὶτὸν
2855 3517 3058 3587 Θωμᾶν
3092 3517 3228 3588 πρὸς
3267 3519 3467 3571 πίστιν
3504 3517 3711 3584 ἔνάγων
3738 3511 3805 3562 διο

2233 3612 2502 3676 στάζοντα
2527 3627 2543 3643 ο
2579 3611 2724 3665 κατὰ
2754 3611 2863 3682 γὰρ
2895 3612 2986 3663 τὸν
3016 3611 3380 3680 ἠγαπημένον
3412 3603 3802 3678 Εὐαγγελιστὴν

2229 3704 2323 3757 τοῦ
2373 3703 2629 3776 Σωτῆρος
2687 3706 2782 3757 καὶ
2832 3703 3116 3773 μαθητήν·
3152 3722 3172 3754 ι
3211 3704 3352 3756 Μεθ’
3403 3706 3623 3774 ἡμέρας
3673 3696 3804 3751 ὀκτὼ

2232 3797 2397 3850 πάλιν
2423 3793 2564 3868 ἦσαν
2600 3797 2708 3850 ἔσω
2737 3797 2788 3849 οἱ
2824 3797 3064 3868 μαθηταὶ
3092 3795 3191 3849 καὶ
3219 3796 3432 3867 Θωμᾶς
3469 3796 3590 3867 μετ’
3621 3791 3804 3855 αὐτῶν,

2232 3893 2456 3960 ἔρχεται
2510 3893 2538 3944 6
2591 3889 2798 3960 Ἰησοῦς
2858 3889 2967 3941 τῶν
3019 3888 3199 3960 θυρῶν
3257 3890 3678 3959 κεκλεισμένων
3724 3884 3806 3938 καὶ

2231 3985 2360 4053 ἔστη
2383 3987 2467 4047 εἰς
2492 3983 2561 4036 τδ
2581 3987 2769 4052 μέσον,
2800 3984 2896 4034 καὶ
2920 3981 3070 4048 λέγει
3121 3981 3330 4044 αὐτοῖς,
3378 3981 3592 4052 Εἰρήνη
3622 3982 3761 4050 ὑμῖν.
3785 3993 3801 4025 ι

2245 4076 2446 4144 Ὀρᾶτε
2479 4074 2622 4128 κατὰ
2648 4073 2933 4144 Κυριακὴν
2959 4077 3054 4128 καὶ
3085 4073 3192 4124 τῶν
3220 4074 3317 4126 τοῦ
3362 4074 3609 4144 Χριστοῦ
3647 4072 3808 4142 μαθη-

2229 4166 2344 4218 τῶν
2371 4167 2471 4234 τὴν
2518 4165 2853 4226 συνέλευσιν,
2889 4164 2984 4216 καὶ
3019 4161 3113 4215 τοῦ
3151 4163 3362 4232 Κυρίου
3425 4166 3570 4233 πρὸς
3630 4159 3810 4219 αὐτοὺς

545 4253 893 4322 congregatis
919 4265 1040 4306 sese
1066 4249 1293 4306 obtulit.
1336 4248 1487 4315 Quos
1520 4260 1828 4307 conventus
1866 4263 2129 4322 perpetuo

2232 4258 2330 4324 τὴν
2363 4256 2686 4320 έπέλευσινς
2723 4252 2978 4322 Κυριακὴ
3014 4252 3121 4323 γάρ
3154 4248 3246 4322 ἦν,
3295 4255 3390 4306 ὅτε
3412 4255 3636 4324 πρῶτον
3685 4267 3811 4302 συνο

547 4345 805 4414 exprimit
828 4343 1035 4399 Christi
1056 4341 1319 4408 Ecclesia,
1352 4357 1475 4410 qtue
1514 4344 1814 4412 prmsertim
1854 4345 1908 4396 in
1946 4343 2129 4398 Domi-

551 4437 672 4490 nica
713 4447 1019 4490 conventus
1046 4434 1181 4506 agit,
1223 4449 1324 4487 nos
1359 4449 1582 4503 quoque
1609 4438 1749 4489 inter
1780 4451 1876 4490 vos
1903 4451 2132 4490 conver-

549 4535 759 4593 santes,
795 4527 946 4582 vobis
973 4526 1042 4581 ad
1075 4525 1302 4581 salutant
1338 4527 1654 4582 communia
1686 4526 1969 4598 loquentes
2002 4544 2128 4585 nee-
2158 4513 2206 4574 Ῑ)

550 4635 660 4674 non
703 4622 770 4675 ad
819 4620 1077 4690 pietatem
1127 4621 1381 4690 piamque
1415 4621 1581 4675 vitam
1636 4623 1988 4678 adducentes.
2042 4622 2130 4678 ld-

2232 4345 2498 4417 ηγμένοις
2561 4345 2786 4414 ἐπέστη,
2822 4344 2918 4396 καὶ
2959 4343 3080 4412 μεθ’
3125 4344 3343 4413 ἡμέρας
3377 4344 3532 4396 ὀκτὼ
3577 4343 3677 4409 τὴν
3707 4341 3812 4392 Κυ-

2237 4441 2434 4512 ριακὴν
2468 4439 2630 4492 πάλιν
2658 4436 3070 4505 ὲπαναγούσας,
3098 4436 3397 4502 ἐφίσταται
3438 4437 3814 4507 συνηγμένοις.

2249 4532 2492 4595 Ἐκείνας
2538 4533 2636 4593 τὰς
2685 4531 2938 4594 συνάξεις
2996 4527 3253 4590 εἱκονίζει
3308 4529 3590 4600 διηνεκῶς
3643 4529 3675 4598 ἡ
3729 4521 3816 4576 τοῦ

2234 4626 2474 4697 Χριστοῦ
2529 4623 2854 4693 Ἐκκλησία,
2899 4622 3040 4676 κατὰ
3089 4622 3383 4690 Κυριακὴν
3438 4623 3681 4692 μάλιστα
3728 4619 3820 4678 τὰς

548 4715 700 4767 circo
749 4727 911 4768 nemo
957 4724 1179 4782 propter
1225 4713 1496 4783 ignaviam
1555 4716 1638 4767 vel
1693 4715 2008 4770 continuam
2061 4717 2129 4771 de

2234 4719 2486 4784 συνάξεις
2531 4717 2878 4780 ὲπιτελοῦσα,
2917 4716 3012 4770 καὶ
3037 4716 3202 4784 ἡμεῖς
3249 4713 3388 4784 ὑμῖν
3437 4712 3822 4784 ἐνδημοῦντες.

549 4807 786 4860 terrenis
819 4803 1242 4859 sollicitudinem
1278 4805 1346 4859 ab
1389 4805 1472 4860 his
1506 4807 1680 4861 sacris
1716 4806 1938 4877 Deoqne
1967 4823 2128 4862 man-

550 4898 694 4952 datis
743 4898 1108 4952 conventibus
1150 4898 1434 4959 abscedat,
1468 4913 1538 4951 ne
1564 4899 1690 4968 jure
1719 4915 1749 4954 a
1783 4899 1897 4956 Deo
1931 4901 2131 4957 dereli-

551 5001 678 5045 ctus
697 4990 882 5058 pt'jora
917 5005 1078 5058 quam
1106 4989 1344 5046 Thomas
1374 4994 1622 5046 incurrat
1649 4994 1785 5058 ;etsi
1816 4997 1984 5050 semel
2015 5011 2134 5066 rap-

547 5095 635 5137 tns
664 5084 920 5148 abfuerit,
945 5083 1055 5151 jam
1088 5088 1346 5153 deinceps
1364 5085 1606 5148 accedat,
1629 5087 1835 5141 Christi
1857 5089 2014 5143 adeat
2039 5088 2134 5144 Ec-

545 5173 796 5235 clesium,
821 5189 886 5227 ne
927 5174 1251 5228 insanabilis
1281 5185 1518 5247 maneat,
1557 5178 1861 5231 secundum
1888 5179 2128 5232 animam

549 5279 643 5332 per
695 5263 1067 5318 inﬁdelitatem
1107 5267 1368 5335 operibus
1419 5267 1538 5322 sive
1589 5269 1774 5325 verbis
1827 5262 2125 5338 aegrotans,

551 5369 648 5408 nec
671 5356 733 5407 ad
771 5349 1093 5410 medicinam
1117 5356 1319 5412 Christi
1341 5361 1627 5425 accedens,
1661 5375 1836 5429 neque
1855 5371 2125 5424 sanctam,

549 5459 608 5502 ut
641 5449 800 5503 divus
819 5449 1079 5514 Thomas,
1111 5451 1451 5505 sanationem
1484 5452 1782 5521 accipiens.
1811 5450 1933 5514 Sint
1953 5452 2122 5517 enim,

548 5542 660 5595 sint
686 5556 792 5594 non
820 5551 1034 5596 tantum
1059 5544 1220 5598 verba
1246 5555 1302 5599 et
1329 5545 1720 5614 cegitationes,
1757 5546 1851 5599 sed
1875 5554 1931 5600 et
1959 5561 2122 5615 opera

2237 4814 2336 4866 καὶ
2361 4814 2428 4864 τὰ
2462 4811 2600 4880 πρὸς
2643 4809 2921 4879 σωτηρίαν
2955 4808 3267 4878 ὁμιλοῦντες
3317 4812 3512 4879 κοινῇ,
3566 4808 3661 4860 καὶ
3693 4802 3823 4872 πρὶς

2231 4904 2518 4958 εὐσέϐειαν
2552 4905 2649 4956 καὶ
2691 4903 2784 4955 τὸν
2818 4901 2940 4956 κατ’
2987 4899 3274 4954 εὐσέϐειαν
3325 4902 3636 4968 ἐνάγοντες
3690 4896 3821 4968 βίον.

2236 4996 2444 5065 Μηδεὶς
2473 4992 2567 5049 οὖν
2599 4994 2704 5046 ὑπὸ
2736 4993 3016 5063 ῥᾳθυμίας
3071 4992 3104 5061 ἢ
3132 4991 3230 5060 τῆς
3270 4994 3418 5060 πρὶς
3446 4995 3521 5046 τὰ
3549 4995 3712 5061 γήϊνα
3742 4988 3822 5039 διὰ

2237 5090 2438 5152 παντὸς
2474 5087 2736 5156 ἀσχολίας
2765 5082 3239 5152 άπολιμπανέσθω
3279 5085 3401 5139 τῶν
3432 5085 3584 5138 κατὰ
3619 5086 3823 5153 Κυρια-

2233 5181 2337 5251 κὴν
2373 5181 2538 5251 ἱερῶν
2571 5179 2670 5232 καὶ
2701 5176 3122 5248 θεοπαραδότων
3151 5174 3442 5240 συνάξεων
3469 5178 3709 5237 τούτων,
3742 5173 3824 5225 ἵνα

2235 5271 2312 5342 μὴ
2357 5270 2583 5334 δικαίως
2639 5265 3100 5337 ἐγκαταλειφθεὶς
3155 5266 3262 5319 ὑπὸ
3305 5266 3482 5332 Θεοῦ,
3529 5265 3822 5338 παραπλή-

2235 5365 2351 5418 σιόν
2398 5381 2453 5416 τι
2491 5363 2571 5434 τῷ
2615 5362 2789 5432 Θωμᾷ
2845 5359 3016 5430 πάθῃ,
3053 5359 3130 5428 μὴ
3176 5356 3322 5413 κατὰ
3355 5361 3564 5432 καιρὸν
3617 5360 3824 5413 mam-

2233 5460 2338 5510 κᾶν
2370 5453 2781 5525 συναρπασθεὶς
2812 5453 2958 5517 ἅπαξ
2987 5450 3318 5520 ἀπολειφθῇ,
3364 5455 3436 5522 τῇ
3479 5452 3616 5521 ἑξῆς
3646 5451 3826 5504 61:05:-

2229 5548 2388 5614 δότω,
2421 5548 2604 5617 φέρων
2643 5544 2836 5598 ἑαυτὸν
2868 5547 2935 5614 τῇ
2964 5542 3058 5596 τοῦ
3098 5542 3344 5613 Χριστοῦ
3391 5543 3728 5614 Ἐκκλησία,
3755 5540 3826 5608 μὴ

546 5645 601 5690 et
630 5636 770 5689 facta
808 5652 820 5688 :
873 5654 892 5687 ι
931 5633 1172 5692 Ostende
1233 5639 1389 5704 mihi,
1421 5638 1622 5707 inquit,
1661 5640 1824 5692 tidem
1875 5649 2022 5693 tuam
2056 5654 2120 5692 ex

2235 5642 2331 5692 καὶ
2362 5639 2582 5700 ἀνίατος
2612 5637 2793 5708 μείνῃ,
2830 5637 2972 5716 κατὰ
3000 5635 3180 5706 ψυχὴν
3220 5635 3322 5706 μὲν
3359 5638 3615 5708 νοσήσας
3650 5635 3826 5705 ἔργοις

633 5811 675 5843 ⁸⁷
719 5810 872 5866 Joan.
908 5830 996 5879 xx,
1032 5814 1140 5894 23.‘
1201 5815 1245 5848 "
1272 5815 1428 5871 Joan.
1473 5832 1562 5882 xx,
1594 5816 1685 5870 26.

3657 5942 3709 5952 ..ο
