4046 6452
263 403 348 466 233

1614 412 1945 474 HOMILIA
1975 413 2104 477 XVI
2121 416 2161 476 Ῐ.

3387 436 3493 497 erit

265 510 465 581 ἢλόγοις
495 509 595 580 τὴν
623 511 906 578 ἀπιστίαν,
948 515 1028 588 τῷ
1069 516 1291 588 ἰατρείῳ
1322 518 1376 571 δὲ
1419 517 1514 572 τοῦ
1565 520 1793 590 Χριστοῐ

1912 525 2174 592 operibus
2197 525 2264 578 ".
2303 546 2348 591 ι,
2384 542 2448 582 ex
2477 530 2676 599 quibus
2712 532 2758 588 si
2804 538 2928 606 quis
2951 539 3238 606 deciderit,
3265 549 3491 602 omnino

265 602 327 673 μὴ
354 605 746 673 προσενεχθεὶς,
792 605 884 659 καὶ
915 607 1015 679 τήν
1065 609 1218 680 ἱερὰν
1261 610 1336 673 ὡς
1367 612 1395 663 ὁ
1427 611 1570 674 Gaio;
1599 613 1804 683 Θωμᾶς

265 695 476 768 ἰατρείαν
522 697 597 766 μὴ
632 699 1069 768 προσδεξάμενος
1093 717 1106 729 ·
1135 704 1243 755 εἰσὶ
1281 704 1579 810 γὰρμκείσὶν
1616 707 1676 758 οὐ
1710 705 1802 758 λον

260 787 421 856 γισμοί
449 805 508 840 τε
534 791 628 842 καὶ
676 790 825 857 λόγοι
856 795 1040 860 μόνον,
1067 795 1203 848 ἀλλὰ
1237 797 1326 848 καὶ
1359 787 1496 866 ἔργα
1539 799 1634 851 atati.
1665 801 1804 867 πρά-

262 882 349 946 ξεις
386 882 650 944 πίστεως,-⁹
685 902 702 934 ι
743 886 925 948 Δεῖξον
959 886 1065 956 γάρ
1113 905 1225 956 μοι,
1273 890 1431 958 φησὶ,
1477 890 1578 960 τὴν
1613 893 1803 944 πίστιν

262 994 337 1032 σου
366 982 423 1031 ὲκ
447 979 556 1032 τῶν
580 978 760 1049 ἔργων
791 997 885 1032 σου
907 996 919 1010 ·
962 999 980 1031 ι
1021 975 1094 1035 ὧν
1124 984 1176 1036 εί
1218 1001 1301 1047 τις
1343 987 1600 1039 ὲκπέσειε
1641 986 1839 1048 τελέως

261 1072 419 1125 ἑαυτὸν
452 1073 574 1125 ὅλον
617 1073 859 1134 ἐκδιδοὺς
910 1076 1024 1138 τοῖς
1077 1078 1348 1144 ματαίοις,
1401 1078 1604 1148 νεκρὰν
1659 1080 1795 1147 ἔχει.
1835 1082 1998 1133 τκυτδ
2045 1080 2091 1132 δ’
2125 1082 2322 1147 εἰπεῖν.
2378 1087 2452 1156 μὴ
2503 1088 2668 1141 οὖσαν
2700 1091 2802 1163 τὴν
2852 1096 3058 1158 πίστιν.

253 1159 391 1226 αὐτὸς
416 1163 504 1218 διὰ
538 1165 637 1234 τῆς
672 1165 948 1237 ἁμαρτίας
982 1169 1299 1238 γενόμενος.

321 1257 450 1311 Ἀλλ’
477 1260 746 1330 ἀποροῦσί
774 1280 944 1330 τινες,
977 1264 1097 1326 πῶς
1124 1265 1532 1334 κεκλεισμένων
1563 1264 1671 1318 τῶν
1700 1265 1797 1315 θυ-

255 1351 346 1421 ρῶν
377 1350 592 1422 είσῆλθε
625 1353 786 1423 σῶμα
816 1355 1206 1426 περικείμενος
1239 1360 1266 1411 ὁ
1291 1359 1526 1427 Χριστός
1547 1376 1562 1389 ο
1603 1359 1662 1410 οὐ
1691 1357 1798 1428 γὰρ

254 1443 426 1508 ἴσασιν,
470 1445 548 1508 ὡς
595 1445 764 1514 ἔοικε,
815 1453 1210 1520 πνευματικοῖς
1259 1451 1580 1523 συγκρίνειν
1635 1467 1803 1504 πνευ-

252 1540 447 1608 ματικὰ,
495 1541 588 1593 καὶ
610 1540 681 1593 δι’
722 1542 971 1613 ἀλλήλων
1022 1545 1409 1614 ἐπιγινώσκειν
1458 1545 1618 1612 αὐτὰ,
1658 1545 1802 1599 καθὰ

250 1645 392 1697 φησιν
436 1633 463 1683 ὁ
499 1630 637 1696 θεῖος
687 1633 1034 1698 Ἀπόστολος.
1073 1637 1132 1688 El
1155 1636 1266 1706 γὰρ
1303 1638 1404 1706 τῆς
1449 1637 1591 1691 κατὰ
1625 1636 1803 1708 σάρκα

247 1719 484 1791 τεκούσης
521 1722 687 1776 αὑτὸν
744 1725 1024 1796 Παρθένου
1053 1725 1154 1781 τὴν
1195 1728 1412 1798 μήτραν
1441 1729 1542 1781 οὐκ
1588 1728 1800 1799 ἐλυμήο

246 1827 352 1863 νατο
381 1811 644 1883 μηδαμῶς
674 1814 863 1879 λύσας,
909 1818 1026 1870 ἀλλ’
1055 1819 1216 1887 ἀσινῆ
1261 1820 1509 1890 τηρήσας
1547 1819 1704 1891 102
1738 1823 1796 1874 ἐν

1915 617 1984 670 ab
2040 617 2283 672 Ecclesia
2337 619 2540 675 Christi
2585 623 2856 693 alienatis,
2924 635 3092 698 seque
3158 635 3492 692 vanitatibus

1915 717 2086 762 toturn
2122 713 2361 777 tradens,
2398 727 2691 786 mortuam,
2726 733 2821 775 seu
2849 730 2904 775 ut
2937 725 3117 792 potius
3143 727 3342 792 dicam,
3373 736 3494 796 tull-

1915 801 2022 854 lant
2069 801 2231 857 habet
2283 805 2469 870 fidunt,
2510 806 2734 881 ipseque
2769 816 2933 869 etiam
2965 834 3061 886 per
3109 834 3390 890 peceatum
3436 826 3494 878 iit

1914 906 2185 948 DIOI‘lllllS.

1913 987 2014 1054 τῆς
2077 990 2407 1061 Ἐκκλησίας
2460 995 2555 1047 τοῦ
2614 997 2856 1066 Χριστοῦ
2912 1011 3345 1076 μακρυνόμενος,
3401 1017 3496 1067 καὶ

3142 1106 3331 1172 νεκρὸς
3399 1111 3494 1162 καὶ

1981 1268 2048 1320 At
2078 1281 2333 1338 quaarunt
2390 1276 2639 1331 nonnulli
2682 1285 2981 1350 quomodo,
3029 1288 3217 1356 jau-uis
3265 1296 3491 1357 clausis»

1907 1359 2413 1428 intrariﬁChristus
2444 1383 2674 1439 corpore
2717 1373 2980 1446 indutus;
3033 1386 3285 1444 nesciunt
3321 1380 3490 1458 enim,

1910 1460 1968 1506 ut
1997 1455 2233 1520 videtur,
2285 1459 2626 1528 spiritalibus
2681 1467 2952 1534 Spiritalia
2990 1490 3311 1546 comparare
3337 1494 3390 1538 et
3425 1487 3493 1541 de

1909 1543 1991 1596 eis
2027 1559 2124 1613 per
2166 1547 2366 1601 similia
2399 1549 2670 1620 judicare,
2708 1557 2851 1613 sicut
2882 1561 3020 1616 dixit
3065 1543 3222 1622 divus
3256 1571 3494 1639 Aposto-

1913 1636 1997 1690 lus
2022 1637 2090 1692 ⁸⁰.
2133 1638 2345 1709 Quippe
2388 1644 2433 1698 si
2482 1643 2723 1716 Virginis
2770 1667 2894 1706 eum
2930 1659 3237 1713 secundum
3270 1679 3491 1720 carnem

1911 1730 2272 1796 parturientis
2307 1735 2519 1790 vulvam
2548 1754 2653 1792 non
2685 1741 2827 1797 laedit
2861 1747 3084 1802 minime.
3113 1754 3352 1820 ειιίνττης,
3396 1760 3489 1810 sed

1909 1821 2113 1875 intacta
2136 1827 2453 1883 custodiens
2487 1830 2540 1884 in
2578 1831 2699 1902 ipso
2735 1847 2890 1904 partu
2924 1843 3170 1910 symbnla
3210 1849 3490 1917 virginita-

244 1903 308 1973 τῷ
339 1905 612 1961 τίκτεσθαι
649 1909 746 1978 τῆς
804 1911 1104 1980 παρθενίας
1155 1912 1224 1966 τὰ
1276 1913 1540 1983 σύμῦολα,
1590 1916 1793 2008 καίπερ

1908 1913 1994 1977 tis,
2021 1917 2122 1970 etsi
2146 1917 2256 1986 jam
2293 1930 2421 1975 tune
2455 1927 2699 1991 passibili,
2737 1940 2788 1983 et
2825 1937 3040 1988 mortali
3077 1957 3304 2008 ('Ol'piitc
3330 1944 3489 2000 indu-

243 2000 519 2068 τηνικαῦτα
548 2001 794 2072 παθητὸν
823 2006 918 2057 καὶ
959 2003 1151 2068 θνητὸν
1197 2007 1584 2075 περικείμενος
1614 1998 1797 2080 σῶμα,

241 2090 285 2142 τί
311 2089 619 2160 θαυμαστὸν
665 2097 713 2148 εί
747 2097 1167 2160 ἅπαθανατίσας
1201 2098 1262 2150 τὸ
1297 2098 1663 2170 πρόσλημμα,
1705 2103 1800 2155 καὶ

243 2183 379 2252 σῶμα
415 2185 514 2239 νῦν
546 2189 883 2258 κεκτημένος
937 2190 1210 2244 ἀθάνατον
1239 2191 1640 2263 κεκλεισμένας
1675 2195 1797 2248 είσ-

238 2274 314 2328 έδυ
341 2276 536 2347 θύραςς
581 2281 723 2334 Ἀλλ’
771 2281 1066 2353 ἐπειδήπερ
1115 2275 1384 2339 ἀθάνατον
1444 2289 1538 2341 καὶ
1582 2288 1796 2352 ἀπαθὲς

239 2363 334 2438 εἶχε
374 2372 596 2435 πάντως
626 2372 687 2426 τὺ
721 2373 901 2443 σῶμα,
928 2374 1046 2438 πῶς
1079 2372 1172 2430 οὖν
1207 2378 1299 2429 ἐπὶ
1325 2377 1435 2430 τῶν
1466 2379 1668 2450 χειρῶν
1700 2381 1797 2433 καὶ

238 2462 322 2530 τῆς
352 2464 593 2536 πλευρᾶς
625 2461 738 2536 εἶχε
776 2468 878 2533 τὰς
912 2459 1142 2533 ὠτειλὰς
1185 2473 1278 2523 καὶ
1307 2471 1408 2534 τὰς
1437 2472 1789 2542 διατρήσεις;

239 2556 354 2623 φησὶ
385 2557 486 2628 γὰρ
524 2560 554 2610 ὀ
580 2558 988 2630 Εὑαγγελιστὴς
1026 2562 1207 2614 εἰπεῖν
1239 2562 1318 2632 τῷ
1351 2562 1522 2633 Θωμᾷ
1557 2564 1651 2617 τὸν
1685 2564 1795 2616 Κύ-

242 2662 374 2716 ριον·
413 2668 432 2701 ι
466 2651 610 2722 Φέρε
661 2645 761 2705 ὧδε
797 2654 886 2706 τὸν
930 2653 1196 2707 δάκτυλόν
1246 2673 1366 2722 σου,
1411 2659 1508 2710 καὶ
1566 2657 1641 2710 ἴδε
1693 2659 1794 2722 τὰς

241 2741 400 2811 χεῖράς
432 2760 565 2813 μου,
619 2745 712 2798 καὶ
756 2746 888 2816 φέρε
935 2747 1034 2818 τὴν
1067 2735 1222 2818 χεῖρά
1255 2767 1371 2814 σου,
1423 2751 1517 2804 καὶ
1547 2750 1675 2822 βάλε
1713 2752 1794 2815 εἰς

239 2833 320 2902 τήν
350 2835 590 2906 πλευράν
625 2851 746 2908 μου,
792 2839 888 2892 καὶ
930 2841 1004 2909 μὴ
1041 2841 1190 2909 γίνου
1237 2841 1488 2910 ἄπιστος,
1522 2843 1656 2898 ἀλλὰ
1703 2862 1794 2898 πι-

242 2927 360 2990 στός.
391 2947 408 2980 ι
444 2931 576 2993 Πῶς
601 2929 691 2983 οὖν
717 2927 831 3001 εἶχε
854 2933 952 2994 τὰς
977 2931 1240 2999 ὠτειλάς;
1277 2933 1468 3003 θνητὸν
1501 2937 1600 3006 μὲν
1631 2938 1790 3008 σῶμα

243 3021 316 3073 καὶ
346 3023 591 3095 παθητὸν
628 3024 727 3076 οὐκ
755 3024 820 3078 ἂν
853 3025 1080 3088 ὠτειλάς
1109 3043 1168 3078 τε
1200 3029 1293 3080 καὶ
1321 3028 1632 3100 δ;ατρήσεις
1669 3034 1788 3084 ἐπι-

240 3111 380 3179 δεῖξαι
411 3115 656 3180 δύναιτο,
686 3117 780 3168 καὶ¹
807 3115 946 3169 σῶον
979 3116 1073 3170 καὶ
1105 3119 1256 3184 ὑγιὲς
1281 3119 1559 3190 διαμένειν
1586 3141 1598 3153 ·
1631 3121 1691 3176 τὸ
1730 3125 1788 3176 δὲ

242 3205 416 3272 ἀπαθὲς
473 3211 580 3263 καὶ
621 3209 886 3263 ἀθάνατον
925 3211 1036 3282 ἔχει
1088 3214 1183 3265 καὶ
1239 3213 1472 3278 ὠτειλὰς
1514 3214 1788 3272 δεικνύναι

242 3300 314 3351 καί
340 3301 657 3374 διατρήσεις
690 3303 755 3367 ἃς
785 3276 1128 3375 προϋπέστη,
1171 3305 1266 3358 καὶ
1296 3302 1378 3369 οἷς
1408 3276 1474 3360 ἂν
1507 3307 1658 3380 θέλῃ,
1695 3312 1791 3365 καὶ
1820 3276 1863 3332 c

245 3392 397 3458 μένειν
425 3397 586 3450 οὐδὲν
610 3393 772 3470 ἦττον
809 3398 1018 3462 ἀπαθὲς
1059 3400 1152 3453 καὶ
1196 3401 1488 3456 ἀθάνατον.
1532 3403 1687 3471 Ἐμοὶ
1734 3405 1790 3457 δὲ

241 3483 382 3550 τοῦτο,
404 3489 494 3541 καὶ
526 3488 694 3542 τοῦτο
719 3489 904 3544 δίδωσι
930 3493 1184 3563 συνορᾷν,
1210 3493 1291 3545 ὅτι
1329 3493 1426 3556 τὰς
1455 3494 1684 3559 ὠτειλὰς
1711 3501 1788 3580 είς

250 3573 643 3652 ὲγκαλλώπισμα
693 3581 953 3654 φέρουσιν
1004 3583 1226 3637 αἰώνιον
1279 3587 1328 3638 οἱ
1382 3587 1651 3652 παθόντες
1701 3576 1790 3643 διὰ.

241 3666 435 3738 Χριστόν
459 3691 472 3706 ·
507 3673 769 3744 καθάπερ
801 3677 908 3747 γὰρ
943 3679 998 3730 αἰ
1035 3681 1363 3748 φωταγωγοὶ
1396 3680 1505 3731 τῶν
1533 3680 1785 3752 θυρίδων,

246 3762 379 3831 μηδὲν
411 3770 469 3838 τῇ
517 3767 804 3840 ἀσφαλείᾳ
854 3769 953 3838 τῆς
999 3769 1290 3842 οἰκοδομῆς
1326 3775 1785 3845 προσιστάμεναι,

243 3853 325 3906 οὐδ’
351 3855 546 3929 αἶσχος,
592 3861 732 3916 ἀλλὰ
762 3863 964 3932 κόσμος
999 3865 1107 3919 εἰσὶ
1150 3869 1264 3928 τοῖς
1296 3868 1465 3930 οῐκοις
1492 3869 1789 3938 ἀναγκαιό-

242 3959 384 4018 τατος,
427 3953 484 4005 τό
509 3971 572 4006 τε
621 3953 736 4023 φῶς
787 3955 922 4008 εἵσω
952 3958 1294 4028 πέμπουσαι,
1348 3959 1443 4014 καὶ
1498 3963 1610 4025 τοῖς
1650 3963 1788 4017 ένοιι-

239 4039 361 4093 itabat
386 4044 479 4112 τὴν
514 4046 662 4114 πρὸς
694 4046 762 4100 τὰ
792 4047 896 4112 ἔξω
934 4047 1062 4102 θέαν
1103 4051 1472 4122 παρέχουσαι,
1506 4054 1595 4106 τὸν
1622 4055 1784 4109 αὑτὸν

237 4127 286 4200 δὴ
323 4136 505 4205 τρόπον
547 4138 652 4192 καὶ
705 4139 774 4192 τὰ
815 4140 904 4194 διὰ
957 4143 1194 4214 Χριστὸν
1253 4146 1348 4198 ἐπὶ
1387 4146 1482 4200 τοῦ
1534 4145 1786 4217 σώματος

236 4223 374 4295 πάθη,
412 4232 504 4283 καὶ
555 4233 618 4284 αἱ
654 4231 782 4304 παρ’
831 4234 1011 4288 αὐτῶν
1058 4235 1392 4306 διατρήσεις,
1452 4242 1784 4308 φωταγωγο“ι

238 4315 435 4381 μάλιστα
461 4325 843 4395 καθεστήκασι
873 4327 952 4398 τῷ
983 4331 1308 4400 κεκτημένῳ
1340 4329 1436 4383 τοῦ
1471 4333 1780 4402 ἀνεσπέρου

236 4410 396 4478 φωτὸς,
429 4417 523 4469 καὶ
571 4419 641 4469 ὲκ
682 4415 775 4470 τοῦ
822 4419 968 4472 θείου
1017 4421 1252 4485 κάλλους
1303 4425 1506 4492 μᾶλλον
1553 4426 1784 4497 καὶτῆς

237 4493 603 4576 λαμπρότητος,
640 4507 755 4561 ἀλλ’
787 4511 888 4564 οὐκ
935 4514 1000 4566 ὲκ
1032 4511 1126 4566 τοῦ
1158 4513 1432 4579 δυσειδοῢς
1464 4517 1576 4571 τῶν
1616 4536 1783 4589 τραυ-

238 4590 406 4660 μάτων,
447 4600 595 4654 κατὰ
631 4601 721 4654 τὸν
752 4603 942 4674 καιρὸν
972 4605 1074 4675 τῆς
1111 4607 1431 4678 ὲκφάνσεως
1463 4609 1558 4663 τοῦ
1593 4613 1773 4681 φωτὸς
1804 4613 1858 4674 D

233 4680 407 4740 ἐκείνου
442 4692 840 4764 γνωρίζονται·
892 4696 1116 4750 τοσοῦτο
1164 4701 1231 4769 τῇ
1268 4700 1508 4773 ἀπαθείᾳ
1553 4680 1630 4773 μή
1683 4705 1779 4758 λυ·-

236 4780 547 4849 μαινόμεναι,
581 4785 711 4856 παρ’
737 4787 860 4841 ὅσον
882 4791 976 4842 καὶ
1004 4790 1254 4861 πρόξενοι
1285 4793 1490 4863 μᾶλλον
1515 4799 1610 4864 τῆς
1641 4798 1779 4851 ἀθα-

233 4865 392 4931 νασίας
419 4873 546 4926 είσί.

289 4955 353 5008 Τὸ
377 4961 432 5013 δὲ
477 4963 575 5017 τοῦ
636 4967 872 5037 Χριστοῦ
922 4969 1080 5040 σῶμα
1111 4973 1211 5042 τὴν
1258 4974 1352 5026 τοῦ
1400 4973 1546 5028 θείου
1603 4979 1784 5046 φωτὸς
1837 5031 1841 5035 ,

231 5049 387 5120 πηγήν
416 5060 758 5128 κεκτημένον
801 5059 969 5128 ἔνδον,
1002 5065 1214 5117 ἐκεῖθεν
1249 5066 1539 5138 ἐκλάμψαν
1569 5072 1774 5142 νοερῶς

228 5134 430 5204 ἐφώτισε
473 5147 566 5199 τὸν
616 5149 966 5214 διστάζοντα·
1002 5155 1076 5218 ὡς
1131 5157 1384 5226 πάραυτα
1436 5159 1525 5211 τὸν
1567 5161 1772 5231 Θωμᾶν

231 5227 500 5305 ἀναϐοῆσαι
551 5241 750 5306 τελέως
785 5242 1185 5317 θεολογήσαντα
1209 5264 1223 5280 ·
1265 5267 1285 5302 ι
1336 5251 1395 5304 ’0
1429 5252 1631 5322 Κύριός
1664 5227 1776 5325 ’μου

227 5323 302 5374 καὶ
324 5328 349 5378 ὀ
371 5327 500 5394 Θεός
539 5350 644 5402 μου
669 5351 682 5364 ·
719 5354 736 5387 ι
779 5338 807 5389 ὁ
840 5338 897 5391 δὲ
933 5339 1139 5414 Κύριος
1175 5345 1311 5411 πρὸς
1346 5343 1507 5396 αὐτόν
1531 5359 1546 5376 ⁶
1585 5363 1602 5396 ι
1651 5323 1776 5401 Ὅτι

227 5410 446 5484 ὲώρᾶκάς
485 5440 577 5492 με,
611 5428 1000 5496 πεπίστευκας.
1037 5410 1320 5504 Μακάριοι
1374 5436 1424 5488 oi
1467 5438 1540 5506 μὴ
1573 5437 1778 5502 ἰδόντες

226 5507 306 5558 καὶ
340 5517 726 5583 πιστεύσαντες
749 5537 764 5552 ·
805 5541 825 5575 ι
864 5524 1081 5589 δεικνὺς
1116 5527 1284 5597 μηδὲν
1311 5528 1460 5600 ἔχειν
1499 5529 1663 5584 πλέον
1695 5535 1774 5594 εἰς

226 5591 358 5660 δόξαν
398 5606 523 5668 τοὺς
562 5607 836 5677 αὐτόπτας
890 5619 1301 5687 γεγενημένους
1335 5620 1446 5672 τῶν
1479 5620 1546 5673 δι’
1588 5623 1770 5677 αὐτῶν

227 5691 290 5752 εἰς
328 5694 419 5764 τήν
464 5701 602 5770 πρὸς
639 5705 793 5760 αὑτὸν
850 5708 1033 5763 πίστιν
1087 5711 1473 5783 ὲναγομένωνο
1503 5715 1554 5767 εί
1605 5715 1660 5769 δὲ
1693 5716 1771 5787 μὴ

294 5873 333 5906 δ’
368 5875 480 5936 Jac.
512 5899 574 5942 it,
628 5884 716 5943 18.
800 5891 846 5922 ⁸ο
896 5889 1067 5947 lCor.
1118 5893 1298 5959 ",13.

510 5978 795 6042 I’AT-‘RUL.
838 5986 951 6046 Gn.
1001 5985 1129 6046 CLI

1379 5898 1420 5930 "
1460 5896 1619 5954 Joan.
1660 5916 1748 5968 xx,
1781 5900 1874 5956 ‘27.

1908 2015 2026 2060 tus:
2062 2011 2190 2077 quid
2221 2012 2416 2068 mirum
2459 2016 2506 2070 si
2548 2022 2693 2087 quod
2725 2038 3097 2094 assumpserat
3138 2037 3356 2102 corpori
3388 2037 3490 2090 itu-

1906 2101 2300 2156 mortalitatem
2332 2105 2646 2175 impertitus
2675 2120 2733 2165 ct
2779 2130 2997 2183 carnem
3032 2135 3176 2175 nunc
3215 2139 3486 2183 consecu-

1903 2200 1992 2248 tus
2021 2194 2386 2254 immortalem
2412 2201 2611 2257 clausis
2632 2203 2816 2272 januis
2856 2209 3192 2280 ingreditur?
3226 2217 3328 2272 Sed
3360 2237 3483 2274 rqu

1902 2281 2210 2340 immortale
2243 2297 2296 2341 et
2328 2305 2552 2358 prorsus
2605 2294 2941 2364 impassibile
2986 2317 3187 2374 corpus
3239 2307 3487 2378 haberet,

1901 2375 2176 2442 quomodo
2215 2376 2383 2447 igitur
2425 2382 2478 2434 in
2518 2385 2773 2442 tinnitibus
2813 2397 2867 2443 et
2906 2391 3076 2449 latere
3103 2412 3257 2467 Signa
3297 2401 3486 2456 clavo-

1900 2481 2020 2519 rum
2051 2476 2104 2522 et
2142 2481 2430 2538 aperturas
2459 2477 2718 2532 servabat
2746 2479 2768 2532 ?
2798 2481 2939 2539 dixit
2967 2489 3112 2542 enim
3146 2496 3485 2564 evangelista

1899 2558 2189 2617 Dominum
2227 2564 2308 2620 sic
2344 2563 2570 2624 Thomae
2613 2573 2857 2630 locutum
2892 2593 3014 2635 esse
3066 2599 3078 2635 :
3143 2603 3162 2634 ι
3200 2585 3347 2643 infer
3397 2595 3486 2647 hie

1895 2653 2124 2724 digitum
2154 2666 2328 2725 tuum,
2356 2671 2408 2716 et
2458 2665 2578 2719 vide
2604 2684 2798 2726 manus
2827 2688 2998 2738 meas,
3025 2687 3073 2729 et
3094 2680 3229 2734 all'er
3258 2702 3482 2743 manum

1899 2759 2069 2815 tuam,
2095 2759 2148 2805 et
2189 2755 2343 2808 mitte
2378 2756 2430 2809 in
2465 2761 2607 2816 latus
2641 2779 2846 2828 meutn,
2883 2780 2937 2824 et
2988 2774 3100 2827 noli
3142 2791 3264 2831 esse
3297 2779 3480 2836 itu-rc—

1897 2843 2080 2912 dulus,
2120 2849 2213 2900 sed
2253 2847 2520 2908 fidelis“.
2553 2873 2572 2904 ι
2614 2855 2902 2922 Quomodo
2951 2880 3082 2938 ergo
3114 2872 3338 2928 vulnera
3387 2878 3484 2932 ha-

1894 2931 2057 2986 buit?
2087 2938 2318 2993 mortale
2351 2942 2572 3009 quidem
2619 2955 2674 3000 et
2717 2950 2982 3017 passibile
3013 2931 3224 3026 veorpus
3263 2977 3480 3031 nequa-

1902 3039 2066 3092 quam
2096 3040 2281 3097 posset
2306 3032 2531 3089 vulnera
2568 3044 2620 3091 et
2643 3051 2928 3108 aperturas
2950 3051 3260 3118 ostendere,
3293 3058 3482 3112 simul-

1893 3130 2000 3183 que
2031 3133 2225 3173 sanum
2250 3131 2304 3176 et
2334 3124 2606 3196 integrum
2631 3145 2980 3202 permanere,
3008 3155 3138 3210 caro
3169 3157 3349 3202 autem
3376 3151 3478 3205 im-
3517 3199 3522 3202 _

1898 3211 2172 3277 passibilis
2209 3227 2262 3269 et
2297 3217 2628 3278 immortalis
2660 3225 2750 3280 illa
2775 3244 2898 3298 qua:
2930 3234 3080 3302 prius
3105 3239 3272 3294 subiit
3299 3255 3479 3310 potest

1900 3313 2227 3371 monstrare,
2263 3311 2468 3378 quibus
2513 3316 2771 3388 voluerit,
2814 3337 2916 3378 nec
2960 3337 3139 3384 tamen
3169 3334 3350 3390 minus
3371 3339 3478 3392 itit-

1894 3395 2174 3462 passibilis
2205 3416 2390 3456 manet
2422 3413 2476 3458 et
2504 3407 2854 3470 immortalis.
2880 3416 3032 3474 istud
3066 3436 3192 3478 vero
3226 3443 3310 3483 tne
3345 3432 3479 3488 sinit

1895 3488 2248 3545 considerare
2279 3495 2427 3564 quod
2466 3499 2693 3556 vulnera
2725 3505 2790 3558 ad
2822 3518 3370 3584 reteruumdecorem
3401 3524 3480 3578 fe-

1894 3589 2022 3633 runt
2058 3583 2150 3650 qui
2188 3594 2409 3654 propter
2429 3587 2710 3645 Christum
2741 3601 2892 3663 passi
2924 3613 3075 3658 sunt.
3110 3583 3248 3662 Nam
3277 3627 3478 3679 querna

1893 3673 2190 3729 admodum
2225 3676 2524 3746 januarum
2567 3684 2820 3743 fenestra:
2862 3695 2964 3748 etsi
2991 3699 3141 3756 nullo
3163 3705 3330 3758 modo
3351 3723 3476 3776 pro-

1892 3764 2004 3819 sint
2034 3765 2321 3824 firmandis
2350 3773 2952 3850 aedibus,jnequaquam
2980 3796 3158 3860 turpe,
3189 3796 3286 3848 sed
3319 3764 3476 3856 valde

1891 3863 2266 3916 necessarium
2284 3865 2539 3922 domibus
2570 3880 2653 3926 est
2677 3887 3089 3948 ornamentum,
3123 3888 3251 3941 dum
3286 3890 3474 3950 lumen

1891 3949 2039 4006 intus
2072 3955 2366 4012 mittantet
2391 3960 2830 4024 inhabitantibus
2853 3975 3472 4044 pcrmittautexteriora

1889 4047 2248 4115 conspicere;
2313 4053 2505 4109 eodem
2578 4059 2741 4114 modo
2799 4066 3086 4132 passiones
3154 4088 3184 4126 a
3251 4076 3475 4137 Christo

1887 4151 2121 4208 corpore
2187 4144 2429 4202 toleratae
2489 4149 2724 4222 indeque
2788 4166 2924 4213 orta:
2991 4163 3276 4224 citatrices
3345 4185 3478 4231 sunt

1888 4235 2038 4290 velut
2093 4236 2345 4308 fenestra;
2397 4248 2600 4314 quibus
2655 4251 2832 4306 lucem
2868 4272 3155 4327 vesperum
3199 4281 3324 4322 .uun
3377 4271 3478 4326 ha-

1886 4325 2104 4382 bentem
2135 4332 2368 4388 sortitus
2413 4347 2521 4403 est,
2552 4349 2606 4394 et
2637 4356 2702 4396 ex
2751 4343 2936 4398 divino
2967 4349 3164 4404 decore
3213 4357 3296 4408 vel
3354 4375 3471 4413 tua—

1892 4420 1975 4488 gis
2000 4437 2068 4476 ex
2125 4425 2438 4495 splendore,
2489 4430 2583 4486 sed
2627 4450 2732 4490 non
2770 4451 2838 4491 ex
2897 4440 3140 4498 tarditate
3185 4447 3470 4506 vulnerum

1889 4528 2000 4582 quo
2034 4525 2278 4587 tempore
2329 4521 2500 4592 fulget
2549 4526 2640 4581 illa
2671 4528 2762 4583 lux
2801 4545 3229 4602 cognoscuntur,
3264 4543 3468 4598 nedum

1891 4607 2093 4664 doloris
2147 4611 2393 4670 absentia
2417 4617 2799 4687 destruantur,
2831 4625 2947 4693 ipsa
2969 4627 3131 4682 etiam
3163 4635 3339 4703 magis
3371 4636 3472 4691 im-

1887 4705 2274 4762 mortalitatem
2305 4709 2650 4780 impertiunt.

1959 4974 2163 5032 Chi-isti
2201 4991 2331 5033 vero
2361 4993 2563 5051 corpus
2598 4985 2768 5039 divini
2813 4989 3039 5046 luminis
3080 4991 3286 5050 fontem
3320 4995 3471 5053 intus

1888 5067 2143 5136 habebat,
2187 5070 2332 5125 unde
2382 5075 2770 5143 splendescens
2818 5093 3095 5138 errantem
3146 5089 3470 5156 spiritaliter

1886 5160 2236 5229 illuminavit,
2275 5165 2348 5220 ita
2375 5176 2432 5222 ut
2461 5167 2702 5226 Thomas
2736 5191 2994 5232 sermone
3027 5196 3257 5248 prorsus
3305 5184 3466 5236 theo-

1888 5252 2067 5323 logico
2117 5257 2555 5317 exclamaverit:
2619 5281 2636 5314 ι
2681 5265 2945 5325 Dominus
3001 5253 3156 5328 meus
3208 5283 3264 5328 et
3317 5275 3464 5330 Deus

1888 5362 2043 5402 meus
2082 5368 2100 5400 ι
2137 5351 2404 5409 Dominus
2437 5365 2616 5412 autem
2645 5362 2711 5416 ad
2736 5376 2896 5418 eum:
2941 5365 3109 5431 «Quia
3144 5368 3329 5422 vidisti
3357 5385 3463 5436 me,

1885 5442 2189 5514 credidisti,
2215 5446 2360 5502 beati
2378 5450 2470 5520 qui
2496 5466 2602 5505 non
2624 5453 2880 5510 viderunt
2901 5470 2956 5513 et
2973 5461 3326 5516 crediderunt
3348 5463 3392 5494 δ’
3417 5483 3462 5525 ι,

1885 5537 2186 5593 ostendens
2215 5540 2349 5594 nihil
2385 5544 2554 5615 magis
2585 5545 2788 5602 habere
2817 5550 2967 5619 ipsos
2996 5553 3172 5606 oculis
3207 5555 3323 5607 suis
3344 5555 3468 5624 glu-

1883 5629 2020 5682 riam
2053 5633 2682 5708 contemplantesquam
2715 5642 2807 5697 alii
2839 5643 2907 5697 ad
2937 5645 3096 5698 fidem
3126 5645 3180 5699 in
3214 5661 3339 5700 eum
3374 5664 3470 5716 per

1882 5735 1976 5776 eos
2007 5720 2254 5780 adducti.
2286 5724 2422 5782 'Non
2457 5732 2772 5791 credituros
2800 5734 3020 5804 quidem
3054 5737 3214 5806 dixit,
3254 5741 3345 5795 sed
3373 5750 3466 5810 qui

1953 5903 1996 5936 ⁵²
2032 5903 2172 5962 ibid.
2207 5906 2299 5974 28,
2330 5906 2422 5965 ‘29.
