4046 6454
514 375 621 434 2’25

1764 367 2153 429 GREGORII
2185 365 2515 429 PALAMA!

3645 366 3736 433 236

513 482 885 546 crediderunt,
919 489 974 535 at
1012 481 1232 538 locutus
1266 461 1371 537 Eii"
1411 470 1485 536 iii'
1523 470 1707 539 divina
1749 491 1804 538 et
1850 482 2077 553 praiscia

2183 479 2571 543 πιστεύσοντες
2617 475 2791 544 εἷπεν,
2843 463 2983 531 ἀλλά
3033 472 3449 540 πιστεύσαντες,
3501 477 3629 535 ἀ).λά
3676 481 3733 548 τῇ

516 574 711 627 virtute
756 572 876 642 ejus
909 575 1002 644 qui
1034 574 1218 629 omnia
1251 574 1536 645 cognoscit
1575 583 1873 645 antequam
1922 575 2078 639 liant,

512 681 566 717 et
597 667 775 719 futura
802 666 953 734 quasi
976 665 1087 734 jam
1120 664 1286 719 facta.
1317 666 1478 731 Quod
1519 680 1650 721 vero
1677 665 1811 720 inihi
1845 666 1901 720 iu
1931 680 2085 719 men-

514 768 621 807 mu
652 755 819 820 venit,
858 754 961 808 hoc
992 763 1188 809 vestrm
1221 755 1478 809 charitati
1513 758 1714 811 dicam.
1755 757 1889 811 Cum
1936 755 2083 810 enim

517 844 763 898 videbam
814 842 1103 909 Thomam,
1152 861 1277 899 cum
1317 847 1493 910 abest,
1538 846 1813 900 inlidelem
1850 846 2079 910 factum,

513 938 634 990 aliis
683 950 813 990 vero
878 937 1230 992 credentibus
1288 939 1707 993 convenientem
1764 938 1878 1008 jam
1933 938 2083 993 nullo

516 1034 673 1087 modo
711 1048 740 1085 a
773 1032 877 1088 llde
900 1034 1296 1111 discedentem,
1323 1035 1377 1089 in
1411 1047 1591 1091 meme
1628 1035 1912 1092 versaham
1942 1050 2083 1106 quo-

512 1124 658 1177 niam
706 1125 872 1179 liotuo
926 1136 1206 1196 peccator,
1248 1126 1292 1183 si
1359 1127 1531 1197 fugiat
1579 1127 1741 1180 modo
1791 1111 2081 1197 pravorum

510 1218 984 1271 conversationem
1039 1229 1095 1270 et
1121 1217 1188 1271 ad
1230 1217 1409 1286 iustos
1444 1227 1848 1282 convertatur,
1892 1219 2005 1288 jam
2053 1231 2083 1271 a

506 1308 722 1379 justitia
758 1309 995 1378 dataque
1036 1323 1131 1376 per
1156 1324 1272 1363 eam
1304 1309 1502 1362 anima:
1538 1311 1709 1365 salute
1738 1311 1960 1365 minime
1994 1292 2081 1363 re-

517 1399 692 1454 rodet.
729 1397 886 1466 Quod
925 1397 1214 1456 Psalmista
1266 1401 1528 1468 propheta
1550 1400 1617 1465 ⁸³,
1644 1416 1729 1454 me
1757 1401 1965 1469 judice,
1993 1416 2085 1454 an-

517 1490 635 1547 nuit
667 1508 792 1547 cum
844 1493 1061 1547 beatum
1100 1491 1227 1547 facit
1269 1493 1361 1561 qui
1395 1493 1446 1546 in
1485 1494 1570 1546 via
1626 1493 1923 1562 impiorum
1971 1507 2080 1545 non

515 1583 672 1647 abiit,
695 1598 871 1651 neque
902 1597 1026 1635 cum
1054 1581 1161 1635 illis
1192 1582 1464 1637 consedit.
1500 1581 1564 1635 Et
1593 1584 1855 1654 propheta
1889 1582 2028 1636 alius
2066 1598 2081 1636 :

459 1745 465 1750 _
518 1692 537 1724 ι
574 1675 690 1728 Noli
727 1689 849 1728 cum
884 1673 1065 1729 multis
1109 1674 1252 1743 loqui
1289 1688 1455 1736 super
1507 1674 1903 1737 malignitatem
1931 1674 1985 1709 “—
2012 1690 2026 1738 ;
2055 1692 2075 1725 ο

511 1773 565 1817 et
593 1774 784 1818 auctor
809 1764 1231 1819 Proverbiorum
1264 1782 1277 1818 :
1310 1782 1329 1815 ι
1357 1765 1413 1818 In
1441 1780 1713 1837 synagoga
1739 1766 2080 1836 peccantium

511 1857 792 1911 exardcbit
822 1857 997 1927 ignis;
1025 1858 1117 1926 qui
1154 1867 1337 1911 autem
1356 1871 1483 1911 cum
1502 1858 1840 1931 sapientibps
1873 1859 1977 1915 iter
2004 1861 2082 1915 le-

509 1950 665 2013 cerit,
698 1948 916 2018 sapiens
949 1949 1054 2003 erit
1084 1949 1151 2003 ".

585 2127 774 2197 Igitur,
822 2127 1045 2194 fratres,
1078 2126 1500 2193 conveniamus,
1555 2137 1609 2182 et
1642 2126 1941 2184 Ecclesiam
1985 2127 2078 2186 Dei

507 2221 798 2285 adeamus;
826 2220 891 2275 ad
932 2220 1073 2273 hanc
1102 2219 1248 2274 enim
1285 2217 1598 2290 quicunque
1639 2235 1765 2276 vere
1796 2220 2081 2292 religiosus

507 2309 744 2362 ;.ccurrit
773 2323 875 2361 nec
912 2307 979 2361 ab
1014 2323 1076 2361 ea
1111 2306 1390 2375 discedit;
1433 2324 1669 2380 cumque
1702 2310 1936 2382 quisque
1983 2326 2081 2368 ve-

502 2411 684 2459 ιιι-ιιιη
708 2400 772 2453 ad
798 2415 915 2453 eam
954 2399 1182 2463 venerit,
1221 2399 1583 2471 religiosiores
1607 2403 1947 2474 conspiciat;
1977 2419 2079 2473 po-

513 2493 637 2545 ierit
670 2492 791 2545 illos
826 2504 1162 2561 cognoscere
1193 2493 1314 2547 solo
1348 2502 1568 2564 aspectu
1602 2511 1793 2551 eorum
1828 2495 1882 2551 in
1913 2498 2080 2554 silen-

513 2590 591 2637 tio
619 2593 675 2638 et
705 2584 949 2637 oratione
972 2597 1284 2638 consessus.
1320 2583 1520 2639 Cernat
1541 2600 1671 2656 ergo
1706 2587 2076 2656 religiosiores

509 2684 565 2729 et
606 2674 907 2745 prasertim
951 2674 1044 2743 qui
1078 2688 1143 2728 ex
1193 2674 1275 2730 eis
1315 2676 1491 2747 magis
1540 2675 1829 2731 Dominum
1863 2682 2073 2748 timent,

511 2764 726 2832 illisque
753 2763 1023 2818 accedens
1053 2762 1336 2827 inhaereat,
1358 2778 1568 2818 necnon
1597 2781 1721 2818 cum
1748 2765 1830 2821 eis
1859 2767 1912 2820 iu
1941 2782 2075 2821 con-

509 2865 699 2926 spectu
734 2855 827 2910 Dei
857 2855 1114 2923 assistat;
1149 2864 1204 2910 et
1229 2855 1276 2910 si
1310 2856 1436 2911 inde
1456 2856 1633 2911 oilicio
1650 2856 1866 2912 functus
1896 2872 2077 2928 egres-

509 2964 603 3003 sus
643 2947 829 3016 tuerit,
882 2948 949 3003 ab
983 2948 1240 3003 omnibus
1275 2947 1506 3004 terrenis
1555 2950 1815 3019 operibus
1848 2965 2069 3018 vacans,

507 3057 633 3095 cum
688 3041 762 3096 sit
808 3039 1086 3095 Doniinica
1137 3050 1357 3110 propter
1399 3038 1689 3095 Dominum
1730 3056 1760 3096 a
1794 3056 1905 3112 quo
1952 3042 2070 3111 ipsa

2187 571 2313 642 θείᾳ
2349 572 2447 627 καὶ
2491 572 2880 642 προγνωστικῇ
2911 570 3140 641 δυνάμει
3170 567 3266 623 τοῦ
3299 569 3475 624 πάντα
3507 572 3628 639 πρὶν
3650 587 3735 638 γε·

2186 663 2387 726 νέσεως
2434 663 2660 726 εἰδότος,
2702 662 2779 727 ὡς
2824 662 3092 731 γεγονότα
3140 661 3262 714 ἐστὶ
3304 660 3371 715 τὰ
3398 661 3639 731 ἐσόμενα.
3677 662 3736 714 ’0

2185 757 2243 811 δέ
2280 773 2371 826 μοι
2397 755 2494 810 νῦν
2524 754 2727 825 ἐπῆλθε
2757 757 2825 825 τῇ
2869 753 3102 824 διανοίᾳ,
3137 751 3299 807 τοῦτο
3328 752 3463 823 πρὸς
3493 752 3588 823 τὴν
3612 753 3734 821 ὐμε-

2182 850 2350 918 τέραν
2397 847 2623 917 ἀγάπην
2664 847 2793 919 ἐρῶ.
2827 846 2931 901 Τὸν
2976 846 3086 918 γὰρ
3114 845 3317 915 Θωμᾶν
3360 845 3501 916 ὁρῶν
3545 845 3738 898 ἀπόντα

2188 941 2287 1011 μὲν
2315 942 2546 996 ἄπιστον
2568 939 2859 1010 γεγονότα,
2883 939 3288 1008 συνεληλυθότα
3313 939 3369 994 δὲ
3399 942 3511 996 τοίς
3536 940 3740 994 πιστεύ-

2190 1049 2319 1087 σασι
2353 1033 2623 1104 μηδαμῶς
2654 1032 2757 1102 τῆς
2802 1032 3045 1097 πίστεως
3075 1033 3481 1105 ἀστοχήσαντα,
3511 1033 3603 1088 ἐπὶ
3625 1033 3738 1088 νοῦν

2186 1126 2482 1195 ἐϐαλόμην,
2503 1126 2595 1179 ’ὅτι
2627 1128 2723 1178 καὶ⁵
2745 1125 2775 1177 ὁ
2801 1124 3125 1195 ἁμαρτωλὸς
3154 1124 3460 1196 ἄνθρωπος,
3495 1124 3560 1181 ἂν
3590 1125 3740 1195 μόνον

2186 1218 2349 1286 φύγοι
2378 1218 2479 1285 τὴν
2506 1217 2645 1288 μετά
2674 1219 2783 1269 τῶν
2825 1216 3046 1285 φαύλων
3092 1217 3463 1288 ἀναστροφὴν,
3512 1219 3607 1271 καὶ
3636 1220 3741 1280 τοῖς

2183 1306 2417 1371 δικαίοις
2445 1306 2984 1377 συναναστρέφηται,
3021 1307 3120 1376 τῆς
3155 1306 3503 1378 δικαιοσύνης
3533 1308 3624 1361 καὶ
3651 1309 3741 1376 τῆς

2183 1398 2249 1453 δι’
2275 1400 2446 1470 αὐτὴν
2475 1398 2616 1453 κατὰ
2643 1398 2822 1469 ψυχὴν
2850 1398 3125 1471 σωτηρίας
3150 1400 3250 1454 οὐκ
3275 1399 3568 1471 ἀστοχῆσαι
3595 1399 3739 1452 ποτέ.

2184 1495 2296 1549 Καὶ
2323 1493 2469 1547 τοῦτ’
2499 1489 2655 1563 οἶμαι
2681 1494 2775 1546 καὶ
2805 1495 2834 1546 ὁ
2875 1491 3168 1562 ψαλμῳδὺς
3196 1491 3491 1564 Προφήτης
3520 1489 3742 1545 αἰνίττε-

2182 1601 2295 1649 ται,
2330 1583 2654 1654 μακαρίζων
2701 1585 2829 1645 τοὺς
2871 1582 3221 1644 ὲκκλίνοντας
3261 1582 3364 1653 τὴν
3409 1581 3518 1635 τῶν
3552 1580 3744 1652 λοιμῶν

2186 1674 2475 1747 συνεδρίαν
2501 1675 2596 1730 καὶ
2627 1674 3058 1743 συνοδοιπορίαν.
3092 1675 3200 1727 Καὶ
3222 1673 3310 1757 ἔζεε
3322 1690 3411 1743 ρος
3436 1673 3708 1744 προφήτης
3726 1686 3740 1701 ·

2189 1785 2208 1819 ι
2242 1767 2335 1838 Μὴ
2381 1766 2507 1833 ἴσθι,
2550 1767 2744 1835 λέγων,
2798 1766 2934 1833 μετὰ
2975 1766 3206 1820 πολλῶν.
3234 1767 3330 1818 ἐπὶ
3368 1764 3537 1835 κακίᾳ
3558 1778 3572 1793 ·
3605 1780 3623 1816 ι
3656 1764 3745 1816 καὶ

2188 1860 2218 1912 ό
2265 1858 2714 1930 Παροιμιαστής·
2752 1875 2771 1909 ι
2820 1858 2909 1911 Ἐν
2952 1859 3242 1928 συναγωγῇ
3285 1855 3623 1927 ἁμαρτωλῶν
3660 1855 3742 1907 ἐκ·

2189 1950 2527 2020 καυθήσεται
2573 1949 2686 2021 πῦρ
2710 1965 2725 1981 ο
2763 1952 2791 2004 ό
2818 1949 2875 2003 δὲ
2925 1949 3413 2022 συμπορευόμενος
3463 1948 3641 2016 σοφοῖς
3665 1963 3743 2000 σο·

2188 2040 2284 2111 φὶς
2314 2041 2484 2097 ἔσται.
2522 2059 2544 2096 ι

2257 2132 2587 2206 Τοιγαροῦν,
2620 2132 2864 2201 ἀδελφοὶ,
2902 2133 3298 2205 συνερχώμεθα
3330 2137 3427 2190 καὶ
3455 2136 3629 2192 πυκνά
3652 2151 3742 2189 πα-

2188 2227 2550 2299 ραϐάλλωμεν
2577 2229 2645 2297 τῇ
2678 2225 2772 2281 τοῦ
2799 2224 2934 2281 Θεοῦ
2973 2227 3269 2302 Ἐκκλησία
3289 2245 3304 2260 ο
3324 2229 3495 2302 ταύτῃ
3520 2231 3626 2299 γὰρ
3645 2230 3742 2291 πᾶς

2184 2319 2261 2384 ὡς
2289 2319 2507 2390 ἀληθῶς
2538 2319 2773 2390 εὐλαϐὴς
2821 2319 3174 2389 προσεδρεύει
3204 2320 3300 2375 καὶ⁵
3345 2320 3647 2392 παραμένει
3677 2317 3744 2388 μὴ

2185 2411 2596 2481 ἀφιστάμενος·
2633 2411 2729 2464 καὶ
2778 2410 2907 2467 ὅταν
2959 2411 3190 2474 ἕκαστος
3244 2411 3405 2481 ὑμῶν
3454 2412 3532 2474 εἰς
3587 2411 3744 2479 αὐτὴν

2184 2505 2336 2575 ἔλθῃ,
2402 2503 2676 2557 σκοπείτω
2732 2503 2860 2566 τοὺς
2911 2502 3366 2575 εὐλαϐεστέρους,
3425 2503 3644 2560 δυνατὸν
3690 2500 3744 2556 δὲ

2183 2597 2449 2665 γνωρίσαι
2480 2597 2577 2651 καὶ
2604 2595 2742 2666 μόνη
2777 2598 2842 2667 τῇ
2872 2595 2973 2669 θέᾳ
3001 2594 3227 2661 τούτους
3248 2596 3351 2667 τῆς
3378 2599 3437 2651 ὲν
3464 2598 3635 2667 σιωπῇ
3658 2593 3743 2649 καὶ

2185 2688 2432 2758 προσοχῇ
2462 2689 2883 2757 παραστάσεως.
2921 2687 3201 2743 Σκοπείτω
3222 2688 3410 2744 τοίνυν
3436 2690 3563 2753 τοὺς
3594 2686 3746 2742 εὐλα-

2182 2780 2497 2847 ϐεστέρους,
2555 2777 2649 2832 καὶ
2703 2778 2942 2847 μάλιστα
2998 2778 3107 2834 τῶν
3143 2779 3327 2836 ἄλλων
3391 2780 3744 2853 φοϐουμένους

2186 2870 2342 2940 103
2369 2872 2461 2922 τὸν
2488 2869 2717 2942 Κύριον,
2750 2869 2847 2924 καὶ
2890 2868 3106 2933 τούτοις
3144 2871 3336 2942 φέρων
3360 2872 3555 2926 ἑαυτὸν
3586 2886 3745 2943 προσ·

2181 2962 2446 3027 κολλάτω,
2499 2961 2595 3014 καὶ
2643 2961 2789 3031 μετά
2827 2962 3034 3016 τούτων
3079 2964 3565 3034 συμπαριστάσθω
3596 2963 3740 3033 Θεῷ’

2180 3055 2284 3108 κᾶν
2310 3053 2560 3109 ἐντεῦθεν
2593 3053 2788 3126 ἐξέλθῃ
2829 3056 2971 3123 μετά
3012 3056 3111 3126 τὴν
3140 3057 3440 3122 ἀπόλυσιν,
3474 3057 3743 3131 Κυριακῆς

509 3147 814 3203 cognomen
843 3132 1064 3203 accipit,
1111 3138 1367 3187 accurate
1396 3132 1642 3205 inquirat
1693 3133 1739 3190 si
1773 3135 1898 3204 quis
1939 3134 2070 3202 .illos

2183 3147 2367 3219 οὔσης,
2399 3147 2594 3229 σχολὴν
2621 3148 2770 3214 ἄγων
2802 3147 2909 3201 ἀπὸ
2936 3148 3046 3201 τῶν
3088 3150 3296 3221 γηΐνων
3335 3153 3514 3222 ἔργων
3554 3152 3639 3205 διὰ
3661 3151 3744 3204 τὸν

512 3226 758 3281 imitatus
815 3223 1097 3296 apostolos
1125 3237 1185 3278 se
1230 3222 1379 3279 domi
1415 3224 1703 3280 includens
1751 3226 2073 3296 plerumque

2184 3232 2411 3305 Κύριον,
2443 3226 2506 3288 οὗ
2540 3238 2632 3288 καὶ
2663 3236 2811 3288 ἐστιν
2840 3235 3131 3307 ἐπώνυμος
3169 3238 3341 3309 αὕτη,
3380 3241 3612 3311 ζητείτω
3638 3240 3742 3311 μετ’

512 3317 890 3389 permanserit,
937 3330 1033 3386 per
1064 3316 1396 3381 orationem,
1430 3315 1793 3386 psiilmodiam
1828 3317 2074 3390 aliasque

515 3422 676 3480 pares
713 3408 906 3478 agendi
948 3407 1195 3463 rationes
1244 3407 1299 3461 in
1351 3420 1483 3477 pace
1517 3407 1805 3463 Dominum
1855 3409 2075 3466 deside-

515 3518 662 3557 rans.
701 3501 857 3557 llunc
896 3500 988 3556 ille
1022 3500 1204 3565 adeat,
1257 3499 1312 3554 in
1360 3498 1674 3555 cubiculum
1723 3501 1843 3572 ejus
1887 3502 2074 3572 intret,

512 3599 658 3651 velut
686 3597 738 3649 in
765 3595 1041 3651 caelestem
1068 3592 1360 3662 quamdam
1395 3592 1670 3663 regionem
1698 3593 1847 3649 intus
1875 3595 2077 3652 haben-

451 3693 457 3699 ‘
512 3699 618 3743 tem
645 3686 1078 3743 sanetitlcantem
1112 3683 1352 3755 Spiritus
1373 3683 1670 3751 virtutem;
1699 3699 1824 3740 cum
1853 3685 2071 3745 inhabi.

514 3789 663 3835 tante
697 3778 959 3846 assideat,
987 3788 1044 3833 et
1075 3775 1241 3832 simul
1267 3775 1587 3831 demoretur
1616 3786 1879 3847 quantum
1918 3790 2075 3851 pote-

512 3873 603 3934 rit,
630 3871 698 3927 de
728 3868 840 3925 Deo
870 3868 1184 3939 divinisque
1222 3866 1593 3937 colloquatur,
1639 3868 1987 3943 interrogans
2022 3881 2077 3928 et

509 3978 634 4018 cum
667 3962 975 4017 humilitate
1001 3961 1247 4023 discens,
1279 3973 1492 4015 necnon
1521 3975 1617 4030 per
1642 3964 1945 4018 orationem
1973 3964 2077 4018 im-

511 4057 734 4125 plorans
769 4054 1060 4109 auxilium.
1087 4049 1129 4105 τ
1135 4051 1274 4107 alea)
1309 4050 1561 4108 Christus
1592 4064 1744 4109 certo
1778 4054 2087 4117 invisibili-.

512 4158 594 4201 ter
633 4146 854 4212 inviset,
902 4148 1052 4200 intus
1097 4157 1287 4215 pacem
1318 4144 1449 4199 talia
1481 4145 1738 4215 cogitanti
1789 4144 2073 4218 largietur,

509 4240 633 4295 lidei
677 4237 982 4295 mercedem
1017 4234 1260 4307 adiiciet,
1307 4236 1768 4306 perseverantiam
1801 4239 2075 4308 impertie-

508 4351 614 4401 tur,
649 4344 704 4391 et
753 4349 877 4389 cum
915 4330 1104 4388 electis
1136 4330 1190 4384 in
1226 4340 1472 4399 tempore
1511 4330 1563 4386 in
1609 4345 1774 4399 regno
1805 4332 2070 4388 ccelorum

2182 3325 2521 3397 ἑπιμελείας,
2571 3326 2624 3380 ετ
2661 3326 2763 3379 πού
2812 3345 2897 3393 τις
2939 3329 3066 3393 τοὺς
3125 3331 3471 3398 ἀποστόλους
3518 3333 3744 3393 ἐκείνους

2185 3412 2541 3485 μιμούμενος,
2593 3414 2987 3480 κατάκλειστος
3041 3418 3119 3481 ὡς
3167 3419 3236 3473 τὰ
3282 3421 3467 3477 πολλὰ
3511 3421 3747 3495 διαμένει

2179 3502 2271 3556 διά
2295 3503 2395 3574 τῆς
2425 3503 2485 3557 ὲν
2510 3505 2711 3576 ἡσυχίᾳ
2728 3504 3042 3577 προσευχῆς
3068 3508 3165 3561 καὶ
3191 3507 3520 3583 ψαλμῳδίας
3545 3514 3743 3579 καὶτῆς

2180 3594 2350 3666 ἄλλης
2366 3595 2708 3667 καταλλήλου
2730 3595 2942 3666 διαίτης
2958 3595 3141 3652 ποθῶν
3159 3596 3251 3652 τὸν
3270 3601 3497 3673 Κύριον.
3530 3601 3742 3671 Ἐκείνῳ

2182 3688 2248 3759 δὴ
2279 3688 2523 3757 προσίτω
2553 3686 2648 3742 καὶ
2673 3680 2850 3753 οὗτος,
2885 3688 2982 3745 καὶ
3012 3691 3202 3744 εἰσίτω
3230 3695 3371 3762 μετά
3402 3693 3636 3757 πίστεως
3660 3695 3743 3746 τὸν

2180 3779 2426 3833 οἰκίσκον
2482 3778 2717 3843 ἐκείνου,
2767 3779 3019 3849 καθάπερ
3065 3781 3320 3850 οὐράνιόν
3371 3801 3498 3839 τινα
3553 3785 3740 3857 χῶρον,

2181 3869 2331 3924 ἔνδον
2364 3870 2558 3941 ἔχοντα
2600 3872 2700 3943 τὴν
2731 3871 3059 3942 ἀγιαστικὴν
3097 3870 3193 3926 τοῦ
3244 3874 3570 3949 Πνεύματος
3596 3876 3744 3930 δύνα-

2184 3981 2278 4035 μιν
2301 3979 2316 3993 ·
2345 3964 2440 4018 καὶ
2478 3962 2556 4032 τῷ
2585 3963 2886 4017 ἑνοικοῦντι
2920 3965 3426 4036 παρακαθεζέσθω,
3471 3969 3566 4022 καὶ
3613 3983 3742 4037 συμο

2181 4054 2547 4124 παραμενέτω
2592 4053 2826 4110 καθόσον
2871 4053 3005 4126 εχει,
3060 4056 3154 4110 καὶ
3195 4058 3577 4129 προσλαλείτω
3605 4059 3742 4130 ,περὶ

2181 4146 2315 4200 Θεοῦ
2346 4145 2577 4200 καὶτῶν
2623 4145 2804 4214 θείων,
2852 4148 3076 4217 ἐρωτῶν
3119 4149 3211 4203 καὶ
3264 4151 3367 4206 σὺν
3421 4151 3742 4207 ταπεινώσει

2184 4239 2493 4310 μανθάνων,
2529 4238 2625 4291 καὶ
2659 4237 2760 4309 τὴν
2797 4238 2867 4291 δι’
2895 4240 3062 4310 εὐχῆς
3104 4241 3438 4314 ἐπικουρίαν
3464 4243 3744 4300 ἐπικαλού-

2183 4348 2344 4403 μενος
2369 4347 2382 4363 ·
2443 4329 2727 4385 ἐλεύσεται
2778 4331 2890 4403 γάρ
2935 4332 3076 4386 οὕτω
3132 4336 3451 4404 πράττοντα
3483 4336 3579 4391 καὶ
3617 4335 3745 4408 πρὸς

507 4429 816 4492 collocabit,
850 4426 994 4495 quod
1031 4438 1132 4480 nos
1184 4435 1378 4479 omnes
1421 4425 1680 4492 consequi
1713 4423 1966 4493 donetur,
2016 4425 2069 4481 in

2183 4426 2342 4479 αὐτὸν
2375 4424 2645 4495 ἀοράτως,
2676 4416 2735 4476 εὖ
2788 4420 2926 4485 οῖδα,
2965 4425 3220 4494 Χριστὸς,
3251 4429 3350 4485 καὶ
3381 4429 3483 4501 τὴν
3525 4430 3745 4501 εἰρήνην

507 4540 576 4575 eo
609 4523 701 4587 qui
743 4535 841 4588 pro
871 4516 1029 4572 nobis
1076 4513 1268 4569 mortis
1300 4516 1473 4568 victor
1494 4515 1828 4579 resurrexit,
1861 4525 1915 4570 et
1969 4518 2070 4571 ali-

2183 4516 2325 4570 ἑνδον
2375 4488 2457 4584 τῶ
2503 4513 2838 4583 λογιζομένῳ
2886 4516 2986 4584 τῆς
3021 4488 3215 4587 ,ψυχῆς
3259 4488 3518 4590 παρέξει,
3551 4488 3643 4574 κἀι

507 4614 728 4683 quando
769 4624 890 4664 cum
952 4606 1122 4676 gloria
1178 4604 1381 4669 veniet,
1448 4605 1500 4659 in
1561 4620 1687 4673 rege
1741 4610 2067 4664 saeculorum

2183 4608 2365 4660 πίστει
2400 4605 2720 4675 προσθήσει,
2762 4604 2858 4659 καὶ
2887 4605 2980 4657 τὸν
3015 4608 3320 4676 στηριγμδν
3348 4611 3629 4673 ἐπιδώσει,
3658 4606 3745 4660 καὶ

504 4703 745 4763 Christo,
778 4698 1037 4768 quoniam
1067 4696 1246 4766 ipsum
1271 4696 1425 4751 decet
1453 4696 1622 4765 gloria
1658 4698 1709 4751 in
1742 4700 1939 4754 saecula
1971 4714 2072 4755 sa:-

2183 4697 2325 4770 μετά
2353 4695 2463 4749 τῶν
2510 4695 2784 4750 ἐκλεκτῶν
2829 4697 3125 4761 κατατάξει
3159 4699 3299 4753 κατὰ
3354 4703 3550 4769 καιρὸν
3592 4703 3649 4751 ἐν
3683 4702 3743 4768 τῇ

508 4797 782 4850 culorum.
815 4793 1014 4845 Amen.

2183 4786 2434 4859 βασιλείᾳ
2485 4785 2926 4856 τῶμίούρανῶνο
2972 4782 3040 4859 ἧς
3086 4790 3296 4857 γένοιτο
3347 4795 3562 4855 πάντας
3603 4790 3745 4860 ἡμᾶς

506 4892 782 4962 ἐπιτυχεῖν
829 4889 887 4941 ὲν
925 4884 1074 4956 αὐτῷ
1105 4884 1184 4954 τῷ
1235 4883 1329 4938 νῦν
1358 4884 1496 4953 ὑπὲρ
1553 4886 1710 4956 ἡμῶν
1739 4887 2066 4941 ἀποθανόντι
2106 4887 2203 4940 καὶ
2226 4886 2542 4947 ἀναστάντι,
2582 4883 2676 4935 καὶ
2722 4881 2949 4952 ὕστερον
2983 4885 3123 4951 μετά
3179 4885 3334 4957 δόξης
3403 4889 3744 4957 ἐλεισσομένῳ

504 4985 718 5058 βασιλεῖ
741 4980 849 5032 τῶν
874 4977 1088 5031 αίὼνων
1116 4976 1337 5047 Χριστῷ
1363 4992 1375 5005 ·
1414 4979 1495 5029 ὅτι
1533 4978 1681 5049 αὐτῴ
1711 4979 1913 5049 πρέπει
1942 4977 2069 5044 δόξα
2106 4981 2184 5042 εἰς
2209 4978 2331 5040 τοὺς
2359 4975 2558 5038 αἰῶνας
2596 4976 2703 5029 τῶν
2742 4976 2976 5030 αἰώνων.
3020 4980 3208 5048 Ἀμήν.

1033 5093 1310 5150 IIOMILIA
1351 5093 1539 5150 XVIII.

2770 5094 3010 5149 OMIAIA
3042 5098 3145 5152 lH’.

504 5215 530 5267 Ι
540 5231 569 5268 ιι
604 5212 877 5267 Dominica
910 5208 1427 5280 nguemiferarum,
1458 5218 1504 5260 et
1528 5206 1869 5280 quod_prima
1891 5207 2072 5261 Domi-

654 5299 777 5335 num
813 5298 876 5335 ea:
912 5275 1130 5335 mortuis
1164 5275 1455 5337 rediriuum
1491 5277 1615 5329 vidit
1659 5275 1913 5345 Deipara.

578 5444 790 5500 Domini
822 5442 1154 5497 resurrectio
1181 5450 1395 5493 naturae
1444 5437 1699 5491 humanm
1726 5446 1809 5492 est
1837 5452 2067 5493 renova-

506 5541 601 5599 tio,
637 5552 847 5591 necnon
881 5538 1077 5605 prioris
1110 5535 1279 5585 Adam
1312 5544 1407 5597 per
1444 5541 1723 5597 peccatum
1757 5539 1931 5585 niorlc
1972 5532 2066 5585 ab-

502 5628 671 5698 scrpti
696 5637 747 5682 ct
775 5643 868 5698 per
895 5638 1121 5679 mortem
1159 5622 1225 5674 ad
1261 5630 1461 5671 terram
1495 5634 1557 5672 ex
1593 5636 1694 5688 qua
1730 5630 1948 5676 creatus
1983 5633 2065 5678 est

576 5810 619 5842 “
680 5809 827 5864 l‘sal.
853 5823 891 5873 ι,
920 5808 965 5861 l.
1045 5808 1088 5836 δ”
1119 5805 1284 5885 Eccli.
1321 5823 1396 5875 τι,
1434 5811 1484 5864 ‘J.
1561 5813 1603 5842 ⁸⁵
1649 5809 1815 5865 Eccli.
1850 5824 1958 5869 xvi,
1995 5807 2046 5860 7.

706 6050 737 6069 ς

2179 5207 2253 5275 Τῇ
2283 5208 2547 5284 Kooten]
2574 5207 2695 5284 τῶν
2723 5212 3090 5284 Μυρσφορων
3113 5230 3126 5244 ο
3156 5213 3221 5266 ἐν
3303 5213 3406 5266 καί
3430 5213 3524 5284 ὅτι
3550 5212 3744 5282 ,πρώτη

2246 5284 2361 5363 τὼς
2389 5281 2610 5346 Κύριον
2637 5282 2675 5351 ἡ
2710 5283 2999 5350 Θεοτόκος
3023 5284 3186 5339 εἶδεν
3220 5281 3288 5337 sic
3329 5282 3567 5352 νεκρῶν
3595 5281 3745 5339 ἀγα-

2248 5366 2290 5402 σ
2298 5365 2498 5402 ταντα.
2686 5384 2691 5399 τ
3700 5382 3707 5387 ι

2259 5441 2324 5493 Ἢ
2355 5440 2445 5494 τοῦ
2471 5443 2676 5511 Κυρίου
2710 5443 3001 5509 ἀνάστασις
3028 5446 3127 5515 τῆς
3154 5448 3509 5519 ἀνθρωπίνης
3536 5444 3745 5518 φύσεώς

2174 5535 2322 5587 ἐστιν
2365 5535 2684 5601 ἀνανέωσις,
2722 5539 2813 5589 καὶ
2855 5539 2950 5590 τοῦ
2981 5540 3196 5608 πρώτου
3226 5540 3312 5592 διὰ
3343 5542 3447 5611 τὴν
3473 5537 3744 5612 ἁμαρτίαν

2174 5628 2387 5698 θανάτῳ
2416 5629 2815 5693 καταποθέντος
2855 5630 3044 5703 Ἀδὰμ,
3083 5636 3176 5686 καὶ
3204 5633 3290 5685 διὰ
3341 5632 3581 5687 θανάτου
3614 5630 3746 5704 πρὸς
