4046 6458
280 403 364 466 237
1582 409 1908 471 HOMILIA
1953 413 2169 475 XVIII.

3409 422 3441 480 2
3464 425 3508 483 ‘3

283 517 364 581 γῆν
418 510 539 564 ὃθεν
575 511 820 583 ἐπλάσθη
885 516 1439 589 παλινδρομήσαντος,
1500 522 1812 587 ἀναζώωσις

1929 525 2276 595 properantis
2315 539 2452 579 nova
2489 527 2757 583 animatio
2793 539 2844 583 et
2894 531 3186 597 reparatio.
3243 545 3403 603 atth
3442 540 3509 589 ad

281 603 358 656 καὶ
385 599 701 666 ἀνάπλατις,
740 605 833 654 καὶ
867 605 1006 674 πρὸς
1040 605 1185 677 ζωὴν
1215 609 1486 663 ἀθάνατον
1528 613 1821 664 ἐπανελευ-

283 710 368 755 σις.
399 693 602 761 Ὥσπερ
637 693 730 746 οὔν
758 698 965 748 ἐκεῖνον
994 697 1090 767 τὴν
1122 700 1300 770 ἀρχὴν
1335 703 1700 773 πλαττόμενον
1721 707 1818 758 καὶ

282 785 558 853 ζωούμενον
603 781 745 840 εἶδεν
800 790 975 853 οὐδεὶς
1027 791 1354 862 ἀνθρώπων,
1404 793 1560 849 οὔπω
1616 798 1724 867 γάρ
1761 800 1820 852 ὲν

280 877 434 945 ἐκείνῃ
461 879 526 947 τῇ
580 877 698 948 ὥρᾳ
744 880 851 931 τῶν
886 881 1191 952 ἀνθρώπων
1241 903 1327 948 τις
1355 881 1445 957 ἦν,
1492 889 1630 957 μετά
1668 890 1725 942 δὲ
1759 891 1817 942 τὸ

278 967 430 1020 λαϐεῖν
457 970 624 1038 πνοὴν
677 971 822 1041 ζωῆς
876 973 941 1024 δι’
973 975 1372 1045 ἐμφυσήμᾳτος
1418 977 1588 1040 θείου,
1621 979 1812 1051 πρώτη

275 1060 363 1112 τῶν
387 1060 558 1113 ἄλλων
579 1059 686 1114 εἶδε
712 1064 890 1134 γυνή’
923 1067 1110 1135 πρώτη
1150 1068 1256 1136 γάρ
1303 1068 1414 1123 Εὔα
1446 1071 1564 1141 μετ’
1607 1073 1816 1127 ἐκεῖνον

273 1146 326 1222 ἦν
349 1155 399 1204 ἐν
432 1152 741 1223 ἀνθρώποις
765 1170 778 1182 ⁶
807 1155 950 1211 οὔτω
979 1159 1073 1212 καὶ
1104 1159 1194 1212 τὸν
1232 1161 1487 1231 δεύτερον
1525 1163 1716 1235 Ἀδὰμ,
1757 1166 1816 1229 ὃς

273 1247 396 1298 ἐστιν
433 1248 462 1299 ὁ
509 1246 730 1317 Κύριος,
757 1250 1117 1320 ἀνιστάμενον
1147 1255 1212 1306 ὲκ
1237 1257 1448 1323 νεκρῶν
1475 1253 1615 1310 εἶδεν
1639 1261 1817 1324 οὐδεὶς

270 1338 578 1407 ἀνθρώπωνο
615 1346 799 1412 παρῆν
831 1344 938 1414 γάρ
969 1345 1140 1406 οὐδεὶς
1171 1347 1282 1400 τῶν
1313 1349 1555 1417 οἰκείων,
1583 1352 1634 1404 οῖ
1667 1370 1725 1406 τε
1756 1357 1816 1407 τὸ

273 1431 434 1500 μνῆμα
460 1435 826 1501 φυλάσσοντες
853 1438 1184 1506 στρατιῶται
1213 1440 1290 1509 τῷ
1325 1442 1475 1511 φόϐῳ
1507 1445 1817 1508 σεισθέντες

268 1521 378 1574 ὡσεὶ
398 1526 582 1594 νεκροὶ¹
605 1526 895 1594 γεγόνασιο
941 1531 1077 1598 μετὰ
1110 1529 1168 1582 δὲ
1200 1531 1261 1583 τὸ
1285 1533 1585 1602 ἀναστῆναι
1620 1537 1812 1608 πρώτη

170 1652 176 1660 .
267 1615 358 1668 τῶν
379 1615 551 1669 ἀλλων
580 1612 687 1669 εῐδε
709 1617 866 1688 γυνὴ,
897 1620 1151 1688 καθάπερ
1183 1621 1502 1692 ἠκούσαμεν
1523 1625 1816 1694 εὐαγγελιο

268 1707 468 1778 ζομένου
524 1710 619 1764 τοῦ
666 1711 904 1797 Μάρκου
959 1714 1231 1782 σήμερον⁹
1304 1734 1323 1766 ι
1386 1716 1647 1781 Ἀναστὰς
1679 1719 1814 1788 γὰρ,

265 1795 424 1872 φησιν,
486 1805 517 1856 ὀ
579 1795 785 1874 Ἰησους
843 1805 990 1876 πρωῒ
1024 1808 1218 1878 πρώτῃ
1271 1809 1578 1876 Σαϐϐάτου,
1635 1812 1811 1881 ἐφάνη

1931 619 2094 672 vitam
2123 619 2482 674 imn'tortalcm
2517 624 2812 677 revocatio.
2844 623 3014 691 Igitur
3042 627 3506 693 quemadmodum

1934 710 2075 762 bunt:
2103 709 2154 761 itt
2202 711 2472 779 principio
2498 723 2742 766 creatum
2774 724 2823 766 ct
2857 720 3160 768 animatum
3196 717 3378 771 nullus
3411 720 3480 772 lto

1934 802 2140 856 minum
2178 804 2351 869 vidit;
2390 810 2629 858 nondum
2667 808 2809 859 enim
2845 813 2896 860 in
2936 811 3022 860 illi
3061 810 3191 862 liora
3223 811 3506 866 hominum

1934 909 2073 947 unus
2109 909 2266 962 erat;
2327 898 2419 951 sed
2455 908 2740 966 postquam
2801 902 3050 968 spiritum
3118 905 3237 956 vita:
3273 921 3366 973 per
3431 907 3511 958 di-

1931 992 2110 1046 vinam
2147 989 2568 1044 insumationem
2603 993 2926 1060 accepisset,
2967 997 3117 1060 pt'iut'
3154 1006 3279 1049 ante
3311 1014 3506 1052 omm-s

1929 1084 2064 1136 vidit
2096 1083 2338 1146 mulier;
2385 1083 2561 1151 prima
2613 1085 2757 1136 enim
2811 1094 2927 1152 post
2966 1086 3115 1138 illum
3162 1086 3266 1140 Eva
3316 1101 3508 1141 natura

1928 1173 2166 1228 humana
2215 1175 2417 1228 donata
2448 1174 2585 1240 luit;
2627 1176 2700 1228 ita
2749 1185 2802 1229 et
2830 1181 3132 1230 secundum
3182 1179 3377 1243 Adam,
3413 1182 3505 1248 qui

1929 1265 2194 1321 Dominus
2225 1278 2326 1332 est,
2365 1282 2394 1320 a
2436 1268 2670 1322 mortuis
2705 1282 3080 1339 resurgentem
3121 1272 3299 1324 nullus
3335 1273 3510 1326 homi-

1932 1375 2060 1413 num
2094 1359 2254 1424 vidit;
2281 1375 2403 1413 nam
2440 1376 2597 1414 nemo
2633 1376 2700 1433 ex,
2727 1361 3009 1430 disvipttlis
3037 1364 3226 1417 aderat
3256 1381 3268 1430 ;
3308 1365 3508 1422 milites

1926 1460 2109 1505 autem
2155 1463 2570 1507 monumentum
2602 1456 2974 1510 custodientes
3040 1467 3184 1511 metu
3229 1462 3507 1526 perterriti

1927 1541 2056 1597 facti
2084 1552 2211 1597 sunt
2250 1545 2400 1599 velut
2435 1546 2676 1610 mortui;
2713 1549 2807 1599 sed
2845 1559 3135 1616 postquam
3172 1549 3509 1603 resurrexis—

1927 1642 2029 1706 set,
2062 1636 2239 1714 prima
2262 1637 2605 1704 exiomnibus
2636 1638 2769 1691 vidit
2791 1640 3012 1703 mulier,
3040 1642 3505 1710 quemadmodum

1925 1726 2239 1782 audivimus
2263 1728 2501 1782 Marcum
2525 1729 2686 1784 hodie
2710 1732 3128 1787 annuntiantem
3162 1749 3176 1785 :
3208 1731 3504 1802 «Surgens,
3583 1774 3589 1780 .

1925 1820 2126 1890 inquit,
2168 1837 2332 1876 mane
2367 1838 2474 1876 una
2519 1821 2766 1888 Sabbati,
2799 1825 3056 1894 apparuit
3102 1827 3280 1894 primo
3320 1825 3505 1882 Mariae

269 1893 456 1963 πρῶτον
518 1895 712 1968 Μαρίᾳ
765 1898 830 1966 τῇ
888 1897 1248 1968 Μαγδαληνῇ.
1292 1917 1310 1950 ι
1375 1903 1537 1955 Δοκεῖ
1593 1903 1693 1972 μὲν
1725 1904 1812 1957 οὔν

1922 1907 2256 1981 Ποεόαιειιαι
2275 1914 2346 1967 ⁸⁸.
2387 1931 2407 1965 ι
2448 1911 2678 1968 Videtur
2710 1916 2930 1982 quidem
2967 1917 3305 1985 evangelista
3359 1928 3506 1972 recte

189 2039 202 2051 ,
265 1989 426 2056 σαφῶς
462 1988 640 2042 εἰπεῖν
673 1992 700 2043 ὁ
720 1991 1118 2062 εὐαγγελιστὴς
1150 1994 1246 2046 καὶ
1266 1994 1365 2063 τὴν
1385 1994 1539 2064 ὤραν
1573 1997 1697 2050 καθ’
1745 1999 1814 2070 ἢν

263 2080 436 2149 ἀνίστη
465 2083 496 2133 δ
527 2079 749 2151 Κύριος,
780 2082 865 2135 δτι
911 2083 1080 2153 πρωῒ,
1135 2089 1232 2137 καὶ
1279 2087 1361 2139 ὅτι
1399 2089 1618 2155 πρῶτον
1651 2089 1812 2160 ὤφθη

262 2174 430 2244 Μαρια
458 2177 530 2245 τῇ
559 2175 915 2246 Μαγδαληνῇ,
948 2181 1043 2230 καὶ
1066 2179 1149 2232 ὅτι
1183 2180 1303 2232 κατ’
1337 2181 1511 2249 αὐτὴν
1543 2181 1642 2253 τὴν
1663 2183 1815 2254 ὥραν

260 2263 394 2336 ὤφθη
422 2268 526 2335 τῆς
555 2268 902 2334 ἀναστάσεως
924 2286 938 2300 ·
963 2270 1060 2340 οὐχ
1083 2271 1226 2325 οὔτω
1254 2273 1311 2324 δέ
1337 2290 1525 2342 φησιν,
1553 2275 1629 2338 ὡς
1655 2277 1813 2350 δῆλον

260 2358 392 2413 ἔσται
426 2361 625 2429 μικρὸν
656 2361 985 2433 ἐπιστήσασι
1009 2378 1023 2392 ·
1057 2363 1256 2434 μικρὸν
1290 2365 1400 2436 γὰρ
1425 2368 1687 2438 ἀνωτέρω
1719 2371 1813 2424 καὶ¹

259 2443 390 2512 οὗτος
437 2456 554 2515 τοῖς
602 2453 781 2516 ἀλλοις
823 2455 1244 2523 εὔαγγελισταῖς
1297 2459 1578 2528 ὁμολόγως
1634 2462 1812 2516 ἐλθεῖν

259 2558 372 2612 φησι
393 2544 486 2616 τήν
531 2546 753 2615 Μαρίαν
779 2547 1172 2620 ταύτην-ιθῇΙ
1197 2550 1336 2620 μετὰ
1372 2551 1466 2604 καὶ
1496 2551 1606 2606 τῶν
1635 2553 1812 2608 ἀλλων

259 2633 581 2704 Μυροφόρων
601 2638 696 2691 ἐπὶ
726 2637 816 2692 τὸν
845 2639 1021 2707 τάφον
1051 2644 1145 2693 καὶ
1173 2641 1464 2712 πρότερον,
1497 2646 1591 2698 καὶ
1621 2649 1810 2700 καινὸν

259 2725 399 2779 αὑτὸν
427 2728 563 2782 ιδεῖν
588 2729 685 2782 καὶ
711 2729 967 2785 ἀπελθεῖν
991 2747 1005 2762 °
1033 2731 1177 2787 ὥστε
1205 2734 1388 2805 πολλῷ
1417 2737 1684 2807 πρότερον
1708 2739 1810 2806 τῆς

260 2821 464 2888 πρωῖας,
518 2822 648 2875 καθ’
698 2824 763 2894 ἢν
817 2823 981 2878 αὑτὸν
1037 2819 1201 2890 εῐδεν,
1262 2826 1465 2897 ἀνέστη
1498 2831 1527 2882 ὁ
1582 2831 1806 2900 Κύριος.

268 2910 781 2984 Ἐπισημαινόμενος
830 2916 888 2969 δὲ
951 2920 1044 2970 καὶ
1093 2918 1185 2971 τὸν
1217 2920 1412 2990 καιρὸν
1445 2923 1678 2983 ἐκεῖνον,
1709 2925 1809 2995 οὐχ

260 3003 420 3069 ἁπλῶς
439 3004 762 3076 εἷπε,πρω⁴ῑ,
782 3008 1032 3081 καθάπερ
1051 3010 1308 3075 ἐνταῦθα,
1326 3012 1613 3081 ἀλλὰ,λίαν
1637 3019 1808 3086 πρωϊ·

258 3100 427 3153 οὐκοῦν
449 3105 548 3156 καὶ
583 3102 846 3173 ἀνατολὴν
870 3104 1026 3174 ἡλίου
1059 3106 1176 3158 ἐκεῖ
1202 3105 1302 3177 τὴν
1341 3107 1436 3160 ἐπὶ
1462 3107 1559 3162 τοῦ
1599 3111 1810 3181 ὁρίζον·

257 3191 335 3254 τός
378 3211 503 3265 φησι
565 3196 972 3267 προτρέχουσαν
1024 3198 1278 3268 ἀμυδρὰν
1308 3199 1532 3268 φαῢσιν,
1560 3201 1626 3272 ἢν
1659 3205 1754 3257 καὶ
1781 3207 1809 3257 ὁ

1917 2005 2166 2060 indicare
2214 2015 2269 2061 et
2305 2006 2495 2062 horam
2539 2023 2642 2076 qua
2677 2007 2947 2062 Dominus
3007 2009 3274 2072 surrexit,
3313 2012 3362 2062 id
3414 2023 3500 2063 est

1917 2113 2098 2165 mane,
2133 2107 2188 2154 et
2235 2100 2496 2169 quoniam
2530 2101 2707 2168 primo
2741 2100 2925 2153 Maria:
2971 2100 3307 2170 Magdalenae
3337 2117 3504 2173 appa—

1915 2191 2047 2256 ruit,
2088 2207 2300 2247 necnon
2328 2194 2474 2261 quod
2499 2193 2552 2246 in
2575 2194 2692 2262 ipsa
2717 2191 3160 2247 Resurrectionis
3189 2195 3323 2247 liora
3349 2195 3503 2250 visus

1914 2282 2158 2348 est;sed
2184 2285 2254 2338 ita
2287 2300 2392 2338 non
2427 2296 2534 2350 est,
2582 2285 2728 2338 sicut
2769 2285 3050 2353 paululum
3099 2287 3505 2341 attendentibus

1914 2375 2060 2430 clare
2093 2377 2385 2430 constabit.
2404 2375 2538 2430 Nam
2559 2377 2722 2446 paulo
2738 2376 3114 2446 superiusipse
3129 2378 3251 2432 aliis
3271 2394 3502 2450 evange-

1917 2467 2066 2523 listis
2093 2472 2445 2524 consentiens
2492 2471 2644 2538 prius
2670 2470 2890 2524 venisse
2912 2469 3050 2525 dixit
3094 2471 3321 2525 Mariam
3367 2488 3492 2527 cum

1912 2561 2034 2616 aliis
2054 2572 2327 2634 unguenta
2345 2560 2645 2617 ferentibus
2657 2563 2722 2615 ad
2744 2573 3181 2630 monumentum,
3196 2580 3307 2634 quo
3327 2581 3498 2619 vacuo

1913 2654 2157 2718 invento,
2189 2654 2341 2716 abiit,
2368 2654 2514 2709 unde
2546 2654 2704 2708 valde
2735 2665 2864 2709 ante
2900 2657 3232 2710 matutinum
3271 2665 3487 2724 tempus

1913 2762 2022 2816 quo
2070 2747 2223 2800 illttm
2277 2746 2415 2801 vidit
2446 2759 2760 2802 surrexerat
2790 2747 3078 2802 Dominus.
3113 2747 3242 2824 ideo
3275 2749 3342 2801 ad
3389 2752 3496 2802 hoc

1916 2847 2132 2910 tempus
2181 2837 2562 2903 indicandum,
2613 2854 2724 2893 non
2779 2839 3102 2908 simpliciter
3138 2855 3298 2894 mane
3332 2840 3492 2903 dixit,

1914 2940 1974 2985 ut
1997 2946 2185 3000 supra,
2213 2934 2305 2986 sed
2330 2931 2485 2986 valde
2516 2946 2693 2996 mane,
2719 2931 2923 3000 quibus
2949 2931 3128 2986 verbis
3147 2946 3491 3002 nequaquam

1913 3025 2042 3080 solis
2064 3035 2243 3080 ortum
2267 3025 2360 3080 sed
2381 3026 2637 3095 praevium
2659 3024 2800 3079 lucis
2820 3023 3067 3080 obscurae
3085 3027 3496 3094 crepusculum,

1913 3117 2056 3184 quod
2086 3116 2376 3186 assignans
2405 3115 2642 3172 Joannes
2671 3118 2887 3170 venisse
2915 3115 3054 3170 dixit
3080 3113 3306 3170 Mariam
3338 3117 3493 3189 Mag-

1915 3208 2168 3261 dalenam
2219 3222 2402 3274 mane,
2463 3208 2594 3262 dum
2643 3207 2827 3261 adhuc
2874 3206 3114 3262 tenebras
3153 3219 3363 3274 essent,
3424 3215 3493 3266 ad

269 3284 497 3357 Ἰωάννης
531 3288 736 3358 δηλῶν,
766 3289 942 3343 ἐλθεῖν
969 3307 1104 3359 φησι
1137 3291 1238 3362 τὴν
1284 3293 1658 3365 Μαγδαληνὴν
1693 3298 1812 3350 Μα-

1919 3308 2360 3366 monumentunt,
2397 3307 2452 3357 et
2481 3299 2684 3355 vidisse
2734 3299 2971 3370 lapidem
3001 3300 3276 3356 sublatum
3305 3318 3339 3357 a
3373 3319 3493 3358 mo-

266 3375 367 3440 ρίαν
390 3379 561 3449 πρωῒ,
609 3380 826 3443 σκοτίας
855 3381 938 3435 ἔτι
968 3381 1156 3452 οὔσης,
1210 3386 1292 3447 εὶς
1319 3385 1380 3438 τὸ
1416 3388 1686 3457 μνημεῖον
1717 3393 1814 3442 καὶ

267 3468 375 3521 ἰδεῖν
401 3471 486 3526 τὸν
515 3471 676 3526 λίθον
705 3472 946 3544 ἠρμένον
975 3477 1042 3531 ὲκ
1072 3476 1166 3529 τοῦ
1200 3478 1498 3548 μνημείου.

326 3605 424 3659 Οὖκ
447 3603 590 3680 ἦλθε
646 3608 702 3661 δὲ
741 3609 861 3662 τότε
917 3611 1058 3680 πρὸς
1109 3612 1170 3664 τὸ
1203 3613 1392 3684 μνῆμα
1451 3615 1612 3686 μόνον
1651 3616 1814 3687 αὔτη,

272 3700 386 3752 κατὰ
412 3702 494 3754 τὸν
531 3701 823 3771 Ἰωάννην,
853 3701 990 3755 ἀλλά
1015 3705 1110 3754 καὶ
1134 3704 1344 3774 ἀπῆλθε
1378 3706 1472 3759 τοῦ
1505 3709 1812 3779 μνήματος,

285 3790 410 3858 μήπω
455 3793 544 3846 τὸν
606 3792 813 3862 Κύριον
848 3793 1066 3847 ἰδοῦσα·
1117 3798 1306 3867 τρέχει
1337 3799 1446 3870 γὰρ
1474 3801 1569 3852 καὶ
1593 3800 1812 3871 ἔρχεται

287 3880 392 3946 πρὸς
416 3887 494 3938 τὸν
523 3885 738 3954 Πέτρον
780 3888 875 3940 καὶ
917 3887 1191 3954 Ἰωάννην,
1228 3891 1324 3943 καὶ
1351 3892 1685 3961 ἀπαγγέλλει
1715 3895 1814 3966 οὔχ

280 3967 342 4022 ὅτι
367 3975 540 4049 ἀνέστη
565 3978 603 4030 ὁ
639 3976 866 4048 Κύριος,
905 3978 1022 4031 ἀλλ’
1060 3981 1142 4033 ὅτι
1164 3981 1308 4052 ήρθη
1337 3982 1444 4034 ἀπὸ
1477 3982 1570 4035 τοῦ
1613 3985 1812 4054 τάφου,

276 4059 387 4115 ὥστε
409 4069 501 4136 τὴν
525 4069 832 4123 ἀνάστασιν
869 4070 1023 4126 οὔπω
1052 4071 1194 4144 ᾔδει·
1230 4074 1485 4129 λείπεται
1518 4076 1583 4147 δὴ
1609 4081 1671 4146 τῇ
1689 4079 1812 4130 Μα-

272 4156 347 4227 ρίᾳ
364 4161 450 4231 οὐχ
468 4162 658 4226 ἁπλῶς
685 4165 875 4238 πρώτῃ
903 4167 995 4219 τδν
1041 4166 1248 4236 Κύριον
1287 4169 1647 4238 ἐπιφανῆναι,
1680 4172 1815 4226 ἀλλά

272 4254 388 4316 μετά
413 4255 507 4326 τὴν
563 4259 846 4328 ἀκραιφνῆ
903 4261 1002 4330 τῆς
1032 4261 1246 4332 ήμέρας
1289 4261 1459 4332 ὥραν.
1489 4264 1646 4319 Ἔστι
1678 4266 1814 4336 δῆτα

269 4350 725 4419 συνεσκιασμὲνως
754 4351 903 4421 παρά
931 4352 1040 4404 τῶν
1068 4354 1480 4422 εὔαγγελιστῶν
1524 4357 1812 4427 ἀπαγγελ-

267 4432 485 4505 λόμενον,
509 4443 655 4509 ὅπερ
689 4443 1024 4513 ἀνακαλύψω
1056 4447 1192 4514 πρὸς
1228 4445 1326 4516 τὴν
1357 4440 1634 4519 ὑμετέραν
1681 4451 1815 4518 ἀγά-

270 4541 374 4596 πην.
399 4531 468 4582 Τὸ
497 4533 610 4602 γὰρ
639 4533 734 4602 τῆς
762 4533 854 4585 τοῦ
881 4534 1088 4605 Κυρίου
1122 4537 1472 4600 ἀναστάσεως
1491 4539 1811 4607 εὐαγγέλιον

262 4710 450 4782 ὑπῆρχε
485 4718 582 4769 καὶ
627 4718 857 4783 δίκαιον,
911 4720 943 4788 ἡ
977 4719 1236 4782 Θεοτὸκος
1277 4722 1428 4790 παρὰ
1478 4722 1569 4774 τοῦ
1599 4724 1804 4794 Κυρίου

261 4803 474 4872 ἐδέξατο,
535 4809 635 4862 καὶ
669 4809 820 4881 ,αὔτη
847 4811 1037 4864 τοῦτον
1080 4812 1392 4867 ἀναστάντα
1447 4815 1552 4886 πρὸ
1590 4816 1807 4870 πάντων

259 4891 368 4961 εἶδε,
393 4901 482 4950 καὶ
515 4903 616 4970 τῆς
643 4901 802 4954 αὑτοῦ
825 4901 970 4965 θείας
998 4902 1222 4972 ὁμιλίας
1250 4904 1556 4972 ἀπήλαυσε,
1589 4907 1681 4966 καὶ
1706 4907 1807 4959 οὐκ

256 4987 377 5040 εἶδεν
408 4991 707 5060 ὀφθαλμοῖς
745 4995 901 5063 μόνον
935 4993 1122 5058 αὐτὸν,
1175 4996 1272 5048 καὶ
1323 4997 1590 5066 αὐτήκοος
1639 4998 1806 5050 αὑτοῦ

258 5079 484 5151 γέγονεν,
540 5083 680 5137 ἀλλὰ
717 5086 808 5138 καὶ
836 5091 1024 5156 χερσὶν
1050 5087 1228 5157 ἥψατο
1290 5087 1481 5155 πρώτη
1541 5089 1635 5142 καὶ
1671 5091 1808 5159 μόνή

255 5172 351 5224 τῶν
375 5176 663 5244 ἀχράντων
711 5177 914 5231 ἐκείνου
949 5179 1148 5242 ποδῶν,
1181 5178 1282 5231 κᾶν
1340 5179 1390 5230 οἱ
1425 5179 1811 5249 εὐαγγελισταὶ

255 5263 411 5318 ταῦτα
443 5271 626 5321 πάντα
657 5272 895 5340 φανερῶς
925 5272 985 5324 οὔ
1038 5272 1262 5339 λέγωσι,
1303 5271 1378 5340 μὴ
1428 5270 1676 5334 θέλοντες
1711 5272 1810 5343 τὴν

249 5361 456 5451 μητέρα
483 5362 776 5431 προφέρειν
827 5365 907 5424 είς
939 5365 1268 5435 μαρτυρίαν,
1317 5365 1406 5416 ἵνα
1438 5364 1512 5433 μὴ
1539 5367 1652 5427 τοῖς
1680 5365 1812 5417 ἀπί-

261 5464 389 5510 στοις
420 5453 659 5523 ὑποψίας
688 5456 935 5526 ἀφορμὴν
967 5457 1152 5512 δῶσιν.
1225 5457 1380 5510 Ἐπεὶ
1414 5457 1469 5509 δὲ
1527 5457 1621 5508 νῦν
1677 5459 1811 5528 ἡμῖν

257 5543 425 5611 χάριτι
458 5547 554 5598 τοῦ
582 5547 905 5612 ἀναστάντος
932 5550 1070 5619 πρὸς
1094 5551 1321 5612 πιστοὺς
1358 5551 1385 5602 ὁ
1411 5549 1591 5616 λόγος,
1629 5553 1724 5602 καὶ
1774 5553 1807 5621 ἡ

259 5635 346 5702 τῆς
391 5638 585 5709 ἑορτῆς
638 5641 886 5706 ὑπόθεσις
937 5645 1008 5696 τὰ
1037 5642 1145 5695 τῶν
1203 5643 1550 5712 Μυροφόρων
1596 5642 1810 5712 ἐπείγει

321 5875 366 5907 ³⁸
394 5878 556 5934 Marc.
601 5895 712 5947 xvt,
739 5881 793 5937 9.
868 5884 911 5916 ⁸⁷
939 5880 1216 5948 JoanJX,
1256 5881 1304 5935 ι.

1916 3399 2177 3446 numento
2197 3391 2263 3446 ⁸⁷.

1988 3614 2095 3671 Sed
2130 3631 2238 3670 non
2269 3625 2478 3672 tantum
2509 3617 2622 3687 ipsa
2653 3618 2719 3672 ad
2756 3630 3172 3674 monumentum
3207 3623 3375 3685 venit,
3412 3638 3498 3678 se-

1915 3705 2154 3756 cundum
2190 3702 2481 3771 Joannem,
2513 3719 2699 3759 verum
2717 3706 2936 3760 etiamsi
2972 3720 3490 3774 monumento,cum

1919 3795 2212 3849 Dominum
2249 3812 2357 3850 non
2408 3797 2655 3860 vidisset,
2711 3799 2979 3864 recessit;
3035 3802 3185 3854 venit
3219 3810 3274 3855 et
3311 3804 3489 3856 currit

1918 3888 1984 3941 ad
2019 3887 2240 3942 Petrum
2281 3899 2335 3942 et
2370 3889 2636 3943 Joannem
2679 3890 3011 3959 nuntiatque
3041 3891 3264 3944 minime
3300 3890 3485 3945 Domi-

1919 3996 2046 4032 num
2085 3981 2416 4043 surrexisse,
2459 3982 2552 4036 sed
2586 3996 2615 4034 a
2650 3993 3003 4036 monumento
3035 3981 3308 4036 sublatum
3343 3997 3490 4045 esse,

1918 4072 2064 4125 unde
2081 4071 2259 4126 adhuc
2283 4087 2403 4127 resu
2416 4074 2739 4127 rrectionem
2764 4072 3060 4127 nesciebat.
3083 4071 3341 4140 Superest
3359 4087 3489 4142 ergo

1918 4161 2210 4216 Dominum
2238 4161 2420 4218 Maria:
2443 4178 2551 4217 non
2575 4165 2744 4233 prima
2771 4164 2875 4218 diei
2902 4167 3058 4230 hora,
3084 4166 3174 4219 sed
3202 4173 3488 4233 postquam

1922 4269 2028 4309 una
2060 4254 2224 4310 fuerit
2251 4258 2454 4326 elapsa,
2483 4259 2829 4327 apparuisse.
2858 4257 3062 4312 Verum
3091 4259 3161 4312 ab
3212 4259 3491 4328 cvangeli-

1917 4347 2018 4402 stis
2045 4347 2280 4403 obscure
2309 4349 2691 4403 annuntiatum
2725 4360 2808 4404 est
2835 4351 2978 4420 quod
3012 4361 3204 4403 vestra:
3235 4351 3488 4404 Cltal'llali

1917 4441 2195 4495 revelabo.
2245 4439 2483 4496 Felicem
2531 4445 2675 4495 enim
2729 4426 3492 4498 Dominicmresurrectionis

1921 4532 2198 4595 nuntium,
2229 4537 2379 4603 prior
2413 4544 2543 4588 ante
2586 4549 2779 4587 omnes
2809 4534 3082 4597 homines,
3117 4538 3258 4589 sicut
3289 4536 3490 4590 decens

165 4619 179 4640 ‘
263 4620 438 4690 πρώτη
477 4626 698 4678 πάντων
741 4625 1076 4694 ἀνθρώπιον,
1115 4627 1367 4697 καθάπερ
1404 4631 1497 4682 καὶ
1529 4631 1810 4700 προσῆκον

1919 4635 2034 4678 erat
2078 4623 2385 4692 etjustum,
2419 4623 2645 4693 Deipara
2682 4639 2710 4678 a
2744 4624 2977 4679 Domino
3011 4628 3244 4695 accepit,
3275 4627 3394 4696 ipsa
3421 4629 3492 4683 il-

1914 4717 2030 4770 lum
2062 4717 2366 4772 redivivum
2407 4733 2503 4786 pro
2526 4718 2790 4773 omnibus
2819 4719 2972 4782 vidit,
3009 4721 3124 4788 ipsa
3157 4721 3342 4775 divino
3364 4719 3493 4792 ejus

1916 4809 2101 4881 gavisa
2153 4821 2236 4864 est
2269 4810 2560 4879 colloquio,
2611 4826 2710 4865 nec
2757 4811 2933 4866 oculis
2974 4812 3149 4866 solum
3179 4818 3490 4884 conspexit,

1916 4911 1969 4957 et
1999 4901 2226 4957 auribus
2252 4917 2376 4955 eum
2409 4903 2643 4966 audivit,
2683 4903 2776 4956 sed
2813 4912 2866 4956 et
2907 4905 3080 4972 prima
3117 4904 3342 4972 solaque
3381 4923 3496 4958 ma-

1917 4993 2080 5046 nibus
2125 4994 2303 5063 tetigit
2349 5003 2569 5046 sanctos
2616 4992 2736 5060 ejus
2767 4993 2950 5062 pedes.
2994 4995 3096 5048 etsi
3149 4996 3497 5061 evangelista:

1919 5090 2034 5138 lucc
2062 5086 2247 5139 omnia
2281 5100 2385 5137 non
2413 5093 2598 5153 aperte
2639 5082 2904 5149 indicent,
2935 5085 3060 5154 quia
3094 5085 3355 5139 nolebant
3385 5086 3488 5139 Ma-

1910 5181 2050 5231 riam
2084 5177 2138 5230 in
2171 5177 2546 5231 testimonium
2567 5176 2836 5246 proferre,
2867 5192 2935 5231 ne
2965 5177 3279 5232 inﬁdelibus
3307 5179 3491 5246 suspi-

1912 5269 2087 5324 cionis
2137 5269 2485 5323 occasionem
2535 5269 2754 5324 darent.
2793 5268 2952 5323 Nunc
2993 5285 3119 5324 vero
3163 5284 3288 5322 cum
3323 5268 3495 5337 gratia

1910 5361 2030 5429 ejus
2057 5361 2150 5430 qui
2204 5363 2506 5417 resurrexit
2527 5353 2620 5418 "ad
2671 5363 2858 5417 ﬁdeles
2897 5363 3059 5421 nobis
3105 5363 3176 5417 sit
3208 5377 3390 5416 sermo
3437 5370 3488 5415 et

1915 5452 2293 5510 festivitasnos
2323 5457 2703 5524 adjudicanda
2732 5466 3009 5528 unguenta
3034 5455 3320 5510 ferentium
3349 5463 3468 5508 acta
3509 5481 3511 5485 -

1919 5545 2169 5612 inducat,
2196 5549 2497 5619 inspirante
2526 5566 2589 5606 eo
2632 5554 2726 5621 qui
2763 5550 2938 5605 dixit:
2976 5567 2995 5601 ‹
3024 5549 3169 5601 Nihil
3215 5549 3492 5600 occultum

1920 5643 2068 5711 quod
2102 5658 2210 5698 non
2242 5644 2583 5701 revelabitur
2605 5661 2651 5712 ›,
2685 5644 2789 5698 hoc
2839 5641 3017 5710 ipsum
3072 5635 3490 5708 patefaciemus.
