4046 6450
506 356 610 416 23)

1789 363 2168 427 GREGORII
2203 366 2536 430 PALMUE

3646 377 3740 438 240

504 470 850 536 διευκρινεῖν,
895 469 1050 538 λόγον
1097 470 1326 534 διδόντος
1379 471 1473 526 τοῦ
1527 471 1774 537 είπόντος
1800 491 1814 508 ο
1855 494 1875 527 ‹
1917 477 2084 530 Οὐδὲν
2125 483 2370 548 κρυπτὸν
2399 480 2427 533 δ
2459 481 2520 533 ού
2556 481 2787 553 φανερὸν
2823 483 3135 556 γενήσεται,
3179 501 3197 536 i
3227 483 3319 538 καὶ
3382 483 3532 539 τοῦτο
3595 505 3734 556 ww.

508 569 836 637 ρωθῂσεται.

578 664 741 731 Igitur
764 671 1032 730 unguenta
1051 661 1287 718 ferentes
1320 673 1446 718 sunt
1463 681 1584 734 quze
1608 665 1737 720 Jesu
1757 666 1982 723 Matrem
2001 683 2068 723 co

2271 671 2592 741 Μυροφὸροι
2621 671 2802 726 τοίνυν
2833 673 2969 726 είσὶν
2995 673 3054 727 αί
3099 670 3583 726 συνακολουθοῦσαι
3623 673 3744 742 μετά

505 756 728 817 mitatzc,
753 763 808 807 et
843 764 1084 819 tempore
1112 756 1408 810 salutileraa
1432 758 1704 826 passionis
1730 775 2082 828 perseverano

502 858 583 902 tes
618 850 682 901 ad
716 847 1076 901 condiendum
1118 863 1317 917 corpus
1353 851 1736 918 properabant.
1779 851 1911 907 Nam
1955 870 2080 907 cum

499 939 695 1010 Josepli
729 951 779 995 et
835 939 1165 995 Nicndemus
1210 942 1534 1010 petivissent
1584 952 1637 997 et
1682 947 2022 1015 accepissent
2051 962 2080 1000 a

499 1034 676 1087 Pilato
704 1048 904 1102 corpus
944 1033 1308 1100 Dominicum,
1340 1049 1450 1105 quo
1486 1037 1716 1090 sindone
1748 1052 1872 1093 cum
1903 1039 2080 1093 visco-

498 1129 574 1183 sis
599 1128 940 1182 aromatibus
969 1127 1215 1181 involuto
1256 1137 1542 1196 postquam
1574 1145 1604 1184 e
1636 1146 1799 1185 cruce
1826 1133 2084 1188 abstulis-

497 1231 637 1285 sent,
667 1231 718 1274 et
746 1220 962 1290 lapideo
986 1231 1336 1275 monumento
1369 1221 1782 1290 imposuissent,
1825 1241 2079 1294 magnum

499 1316 731 1382 lapidem
770 1321 1073 1382 posuerunt
1112 1313 1178 1366 ad
1223 1313 1422 1368 ostium
1459 1317 1824 1378 innnumenti,
1857 1319 2082 1372 aderant

497 1403 920 1472 conspicientes,
992 1401 1295 1456 secundum
1357 1406 1743 1474 evangelistam
1811 1405 2080 1472 Marcum,

498 1495 668 1549 Maria
710 1495 1024 1564 Magdalene
1054 1505 1106 1550 et
1144 1497 1308 1550 altera
1361 1496 1526 1549 Maria
1586 1497 1837 1551 sedentes
1887 1509 2078 1553 contra

499 1587 830 1656 sepulcrum.
887 1587 1154 1641 Dicendo:
1211 1601 1262 1642 ct
1319 1589 1485 1642 altera
1543 1588 1732 1655 Maria,
1793 1589 2078 1659 Deiparam

500 1696 729 1749 prorsus
781 1679 1075 1745 indicavit;
1127 1683 1241 1748 ipsa
1297 1682 1458 1733 etiam
1524 1679 1710 1734 Jacobi
1775 1692 1826 1736 et
1875 1681 2076 1751 Joseplt

498 1782 670 1825 mater
695 1771 1010 1836 vocabatur,
1038 1774 1163 1840 quia
1195 1787 1259 1826 ex
1287 1771 1406 1840 ejus
1440 1772 1669 1842 conjuge
1697 1771 1895 1842 Josepli
1923 1783 2081 1829 erant

496 1867 624 1918 orti.
661 1863 861 1919 Verum
893 1859 998 1917 non
1032 1864 1133 1916 illze
1159 1874 1367 1918 tantum
1399 1865 1799 1933 conspicientes
1827 1865 2076 1930 aderant,

494 1961 706 2030 sepulto
740 1959 990 2024 Domino,
1022 1962 1114 2013 sed
1144 1967 1200 2012 et
1229 1957 1350 2014 aliae
1395 1960 1674 2024 mulieres,
1703 1959 1848 2015 sicut
1899 1959 2076 2015 Lucas

493 2053 732 2107 narravit
756 2053 1038 2108 scribens:
1075 2068 1093 2102 ι
1119 2050 1437 2105 Subsecuta:
1464 2063 1644 2105 autent
1673 2053 1930 2106 mulieres
1954 2067 2076 2120 qua:

489 2159 616 2195 cum
643 2157 708 2195 eo
736 2151 992 2194 venerant
1019 2140 1086 2194 de
1104 2140 1346 2202 Galilaea,
1382 2140 2063 2196 videruntmonumeutum

490 2244 546 2288 et
571 2233 1029 2302 quemadmodum
1081 2231 1317 2300 positum
1354 2241 1471 2286 erat
1503 2247 1702 2302 corpus
1730 2233 1888 2302 ejus;
1920 2243 2078 2289 erant

489 2337 671 2381 autem
705 2323 870 2379 Maria
899 2322 1239 2393 Magdalene,
1272 2334 1326 2377 et
1355 2321 1586 2391 Joanna,
1611 2334 1665 2379 et
1688 2325 1858 2380 Maria
1883 2323 2075 2381 Jacobi

489 2434 543 2475 et
574 2432 785 2476 exterae
830 2434 956 2474 eum
989 2419 1068 2474 eis
1085 2419 1152 2474 ³⁸.
1194 2439 1213 2471 ι
1253 2419 1404 2485 ρυλε,
1439 2421 1534 2484 ait,
1566 2429 1904 2476 revertentes
1931 2435 2077 2475 eme-

491 2525 618 2568 runt
638 2523 881 2566 aromata
907 2523 963 2567 et
991 2522 1301 2582 unguenta;
1344 2513 1584 2567 nondum
1612 2513 1756 2567 enim
1791 2513 1944 2581 plene
1978 2529 2077 2566 no-

493 2616 681 2659 verant
709 2607 884 2674 ipsum
910 2619 1030 2659 esse
1057 2621 1240 2658 verum
1267 2605 1388 2659 vitae
1403 2606 1625 2660 odoi'em
1652 2605 1720 2660 iis
1742 2607 1833 2674 qui
1863 2606 1929 2659 ad
1947 2620 2075 2660 cum

492 2697 596 2749 lide
628 2697 917 2758 accedunt,
951 2695 1094 2750 sicut
1125 2704 1208 2749 est
1240 2695 1376 2748 odor
1412 2694 1609 2749 mortis
1641 2695 1708 2749 iis
1740 2694 1832 2763 qui
1869 2695 1922 2748 in
1960 2695 2080 2748 inti-

489 2791 708 2843 delitate
751 2803 923 2857 usque
949 2789 1015 2842 ad
1049 2788 1208 2840 linem
1237 2796 1590 2856 permanent;
1626 2798 1680 2841 et
1709 2789 1934 2841 odorem
1981 2802 2072 2842 ve-

489 2882 870 2935 stimentorum
929 2879 1068 2950 ejus,
1110 2879 1161 2932 id
1215 2887 1297 2932 est
1349 2879 1622 2947 corporis,
1677 2894 1844 2949 super
1897 2880 2079 2934 omnia

489 2982 754 3037 z-romata,
807 2980 861 3025 et
891 2981 1231 3040 unguentum
1262 2969 1494 3024 eﬂusum
1546 2986 1740 3024 nomen
1798 2971 1940 3040 ejus,
1972 2987 2082 3041 quo

487 3063 672 3116 divino
700 3063 865 3115 odore
912 3071 1111 3114 terram
1163 3060 1418 3128 replevit;
1453 3061 1544 3115 sed
1581 3068 1775 3129 parant
1808 3071 2081 3129 unguenta

491 3167 544 3209 et
573 3163 840 3218 aromata,
879 3153 969 3206 illa
1014 3152 1233 3221 quidem
1283 3154 1337 3208 iu
1371 3152 1630 3208 honorem
1668 3153 1930 3223 jacentis,
1966 3154 2082 3206 liaac

489 3263 617 3302 vero
647 3247 711 3302 ad
725 3246 1111 3316 corrigendum
1142 3245 1391 3300 latorem
1415 3259 1446 3299 e
1473 3259 1702 3315 corpore
1729 3251 2080 3312 putrescente

2186 763 2282 830 τῆς
2305 761 2398 814 τοῦ
2431 761 2638 830 Κυρίου
2669 763 2914 831 Μητρὸς,
2949 762 3044 816 καὶ
3072 762 3152 831 τῷ
3173 761 3348 831 καιρῷ
3367 761 3461 814 τοῦ
3491 763 3746 830 σωτηρίου

2185 851 2394 913 πάθους
2427 855 2985 922 συμπαραμείνασαι,
3013 853 3108 904 καὶ
3141 852 3201 903 τὸ
3232 852 3325 904 τοῦ
3371 851 3573 920 Κυρίου
3599 854 3744 919 σῶμα

2187 945 2416 1014 μυρίσαι
2437 947 2836 1001 σπουδάσασαι.
2863 946 2972 1000 Τοῦ
3002 947 3112 1016 γὰρ
3157 947 3358 1016 Ἰωσὴφ
3410 946 3504 998 καὶ
3540 945 3629 996 τοῦ
3654 945 3746 996 Ni-

2185 1038 2422 1107 κοδήμου
2462 1037 2806 1107 αἰτησάντων
2853 1039 2949 1093 καὶ
2982 1037 3254 1092 λαϐόντων
3287 1040 3438 1106 παρὰ
3465 1035 3557 1088 τοῦ
3588 1035 3741 1086 [Itid-

2180 1145 2274 1182 του
2307 1130 2366 1184 τὸ
2416 1130 2740 1183 δεσποτικὸν
2780 1130 2960 1195 σῶμα.
3018 1131 3115 1183 καὶ
3145 1129 3480 1184 καθελόντων
3528 1129 3631 1179 dub
3657 1126 3742 1178 τοῦ

2185 1220 2444 1289 σταυροῦ,
2475 1221 2570 1273 καὶ
2595 1221 2966 1290 περισχόντων
2989 1221 3193 1274 σινδόσι
3228 1223 3324 1273 σὺν
3351 1218 3606 1287 ἀρώμασι
3626 1216 3744 1269 κολ.

2183 1313 2561 1377 λωδεστάτοις,
2617 1314 2712 1366 καὶ
2743 1311 2988 1382 λαξευτῷ
3045 1312 3298 1382 μνημείῳ
3331 1309 3615 1371 ἔνθέντων,
3661 1308 3747 1360 καὶ

2181 1403 2327 1457 λίθον
2372 1405 2673 1458 ὲπιθίντων
2729 1406 2905 1475 μέγαν
2953 1407 3046 1456 ἐπὶ.
3073 1407 3142 1474 τῇ
3175 1402 3314 1474 θύρᾳ
3335 1401 3431 1455 τοῦ
3465 1399 3741 1470 μνημείου.

2183 1493 2486 1562 θεωροῦσαι
2516 1494 2658 1547 κατὰ
2691 1495 2781 1547 τὸν
2811 1493 3208 1562 εὐαγγελιστὴν
3239 1495 3468 1564 Μάρκον
3505 1488 3742 1556 παρῆσαν

2180 1585 2372 1655 Μαρία
2405 1588 2438 1656 ἡ
2471 1585 2806 1656 Μαγδαληνὴ
2839 1588 2936 1638 καὶ
2969 1587 3003 1656 ἡ
3037 1585 3172 1654 ἄλλη
3205 1583 3416 1654 Μαρία,
3445 1581 3743 1650 καθήμεναι

2181 1676 2445 1730 ἁπέιαντι
2499 1676 2594 1730 τοῦ
2641 1678 2836 1745 τάφου.
2892 1676 2992 1728 Διὰ
3045 1674 3140 1729 τοῦ
3171 1677 3374 1737 εἰπεῖν,
3408 1671 3516 1725 Καὶ
3563 1667 3743 1740 ήάλλη

2178 1767 2392 1836 Μαρία,
2416 1767 2514 1837 τὴν
2544 1767 2868 1837 Θεομήτορα
2891 1767 3110 1828 πάντως
3133 1766 3473 1832 ὑποφαίνων.
3510 1761 3619 1814 Καὶ
3645 1759 3742 1810 Ἰαο

2179 1858 2359 1913 κώὸου
2386 1860 2496 1930 γὰρ
2527 1863 2618 1914 καὶ
2663 1861 2820 1930 Ἰωσῆ
2854 1860 2992 1930 αὕτη
3049 1858 3300 1912 ἐκαλεῖτο
3344 1857 3550 1926 μήτηρ.
3575 1852 3648 1912 ὡς
3687 1848 3741 1912 ἔξ

2193 1952 2394 2020 Ἰωσὴφ
2425 1951 2519 2004 τοῦ
2548 1952 2869 2022 Μνήστορος
2901 1954 3128 2005 ἐκείνων
3151 1951 3346 2004 ὄντων.
3380 1948 3455 2003 Οὐ
3495 1946 3645 2014 μόναι
3688 1940 3739 1991 δὴ
3831 1989 3845 2004 .

2177 2038 2339 2097 αὗται
2367 2044 2670 2116 θεωροῦσαι
2702 2047 2983 2116 παρῆσαν,
3013 2042 3486 2114 ὲνταφιαζομένου
3513 2040 3605 2090 τοῦ
3635 2036 3738 2087 Ku-

2179 2138 2316 2207 ρίου,
2344 2137 2482 2190 ἀλλὰ
2505 2137 2600 2190 καὶ
2633 2136 2820 2208 ἕτεραι
2862 2139 3146 2203 γυναῖκες,
3178 2135 3254 2198 ὡς
3283 2137 3314 2188 ό
3343 2132 3558 2193 Λουκᾶς
3609 2125 3742 2179 ιστό.

2179 2245 2314 2298 ρησε
2362 2229 2626 2298 γράφων
2697 2245 2716 2279 ε
2748 2227 3313 2295 Κατακολουθήσασαι
3365 2223 3423 2276 δὲ
3478 2220 3740 2288 γυναῖκες.

2177 2321 2380 2380 αἵτινες
2413 2316 2553 2387 ἦσαν
2586 2319 3004 2388 συνεληλυθυῖαι
3037 2317 3185 2385 αύτῷ
3215 2318 3280 2370 ὲκ
3317 2317 3413 2386 τῆς
3443 2305 3741 2370 Γαλιλαίας,

2179 2410 2476 2462 ἐθεάσαντο
2509 2410 2570 2461 τὸ
2609 2411 2896 2478 μνημεῖον,
2921 2409 3017 2460 καὶ
3054 2407 3130 2469 ώς
3153 2405 3315 2477 ἐτέθη
3350 2405 3412 2458 τὸ
3451 2401 3610 2470 σῶμα
3652 2395 3743 2449 αὐ-

2179 2503 2274 2556 τοῦ
2296 2519 2311 2535 ο
2341 2499 2480 2573 ἦσαν
2509 2503 2565 2555 δὲ
2595 2504 2626 2571 ἡ
2654 2501 2992 2572 Μαγδαληνὴ
3020 2499 3219 2569 ’Μαρία
3256 2501 3358 2552 καὶ
3403 2495 3622 2552 Ἰωάννα
3658 2486 3744 2540 καὶ

2181 2595 2371 2665 Μαρία
2405 2593 2662 2648 Ἰακώϐου
2697 2595 2793 2648 καὶ
2819 2595 2874 2646 at
2901 2594 3093 2646 λοιπαὶ
3125 2592 3224 2646 σὺν
3253 2591 3474 2652 αὐταῖς.
3520 2604 3540 2638 ι
3585 2582 3744 2634 ’Υποο

2182 2687 2487 2756 στρέψασαι
2518 2685 2594 2749 δὲ,
2627 2685 2812 2751 φησὶν,
2835 2684 3116 2754 ἠγόρασαν
3147 2683 3420 2752 ἀρώματα
3445 2678 3540 2732 καὶ
3573 2673 3710 2742 μύρα
3729 2683 3740 2696 ’

2179 2776 2334 2830 ούπω
2354 2777 2462 2846 γὰρ
2485 2776 2731 2844 ἔγνωσαν
2757 2775 3024 2846 ἀκριϐῶς,
3057 2778 3143 2831 ὅτι
3176 2775 3344 2836 αὑτός
3374 2775 3522 2825 ἔστιν
3548 2761 3744 2831 ἀληθῶς

2182 2868 2391 2939 ἡδσμὴ
2443 2871 2542 2940 τῆς
2583 2867 2751 2937 ζωῆς,
2793 2870 2906 2929 τοῖς
2965 2867 3118 2934 αὐτῷ
3178 2862 3473 2935 προσιοῦσι
3527 2852 3741 2912 πιστῶς,

2182 2963 2371 3032 ὥσπερ
2399 2961 2546 3032 ὀσμὴ
2575 2963 2809 3016 θανάτου
2838 2962 2951 3023 τοῖς
2971 2959 3298 3014 ἀπειθοῦσιν
3339 2959 3420 3014 είς
3442 2952 3594 3011 τέλος
3617 2962 3628 2974 ·
3661 2941 3746 2996 καὶ

2182 3057 2326 3128 ὀσμὴ
2359 3055 2593 3126 ἱματίων
2628 3054 2817 3126 αὐτοῦ,
2851 3054 3132 3107 τουτέστιν
3159 3051 3335 3106 αὐτοῦ
3365 3047 3457 3102 τοῦ
3490 3044 3742 3109 σώματοςο

2185 3155 2323 3224 ὑπὲρ
2358 3155 2538 3207 πάντα
2583 3155 2655 3206 τὰ
2711 3151 3014 3224 ἀρώματα·
3077 3149 3173 3204 καὶ
3225 3149 3401 3220 μύρον
3461 3134 3742 3197 ὲκκενωθὲν

2183 3247 2355 3314 ὄνομα
2373 3245 2544 3316 αὐτῷ,
2577 3245 2644 3298 δι’
2673 3240 2733 3300 οὗ
2765 3245 2858 3297 καὶ
2885 3242 2984 3315 τὴν
3007 3242 3347 3312 οίκουμένην
3369 3240 3518 3298 θείας
3539 3229 3744 3286 εὐωδίας

487 3348 890 3409 erimipcntcm,
931 3352 1166 3408 quorum
1211 3337 1468 3391 unctione
1500 3339 1633 3391 lines
1668 3349 1800 3391 suos
1823 3336 2072 3390 obtinere

2183 3340 2499 3408 ἐνέπλησεν,
2532 3337 2646 3392 ἀλλ’
2675 3335 3027 3408 ἑτοιμάζουσι
3057 3336 3208 3406 μύρα
3237 3353 3297 3389 τε
3344 3333 3441 3390 καὶ
3470 3326 3742 3418 domito“?

486 3431 771 3502 putabant.

2177 3433 2338 3488 τοῦτο
2364 3433 2463 3501 μὲν
2488 3432 2568 3494 είς
2595 3430 2764 3500 τιμὴν
2792 3430 2888 3482 τοῦ
2915 3429 3198 3499 κειμένου,
3221 3427 3389 3482 τοῦτο
3412 3427 3468 3479 δὲ
3495 3415 3644 3493 105
3664 3410 3746 3465 καὶ

485 3529 840 3604 παραμυθίαν
867 3525 1002 3598 πρὸς
1037 3526 1302 3580 δυσωδίαν
1332 3527 1606 3598 μυδώντος
1636 3527 1730 3580 τοῦ
1779 3525 2054 3637 σώματης,
2093 3531 2182 3585 διὰ
2202 3533 2302 3604 τῆς
2329 3531 2558 3603 ἁλοιφῆς
2575 3530 2783 3584 τούτων
2801 3531 2916 3594 τοῖς
2970 3526 3318 3598 βουλομένοις
3379 3520 3744 3597 προσεδρεύειν

484 3621 816 3676 ἐπινοοῦσαι.

558 3720 765 3774 l’aratis
807 3733 934 3788 ergo
985 3718 1322 3772 aromatibus
1370 3727 1424 3770 et
1476 3718 1789 3787 unguentis,
1829 3717 2067 3773 Sabbato

483 3815 698 3884 quidem
730 3813 1053 3882 quieverunt
1083 3809 1387 3866 secundum
1445 3812 1796 3879 mandatum;
1827 3811 2070 3864 nondum

482 3911 627 3963 enim
660 3921 786 3960 vera
815 3906 1146 3960 advenerant
1195 3903 1445 3968 sabbata,
1476 3917 1575 3957 nec
1604 3902 1736 3956 illud
1783 3902 1838 3957 in
1879 3901 2072 3973 primis

487 4001 834 4057 benedictum
861 4005 1125 4052 noverant
1143 3994 1434 4052 sabbatum
1453 4009 1562 4064 quo
1579 4006 1772 4050 natura
1799 4005 1984 4051 nostra
2004 4013 2070 4050 ex

485 4093 684 4148 inferni
719 4092 933 4163 abyssis
969 4089 1034 4144 ad
1069 4089 1393 4159 praefulgens
1414 4098 1468 4142 et
1498 4088 1739 4143 divinum
1771 4101 1825 4143 et
1850 4090 2070 4144 emleste

485 4185 702 4238 culmen
740 4185 999 4238 translata
1044 4181 1168 4234 fuit.
1205 4178 1374 4253 t.Una
1422 4190 1604 4234 autem
1653 4177 1876 4234 Sabbati
1914 4180 2069 4234 valde

485 4274 748 4338 diluculo,
776 4272 916 4327 sicut
947 4271 1022 4323 ait
1046 4268 1242 4334 Lucas,
1272 4279 1538 4323 venerunt
1563 4268 1628 4323 ad
1655 4278 2068 4324 monumentum

484 4371 764 4432 poitantcs
811 4375 932 4431 quze
986 4369 1318 4428 paraverunt
1363 4360 1688 4413 aromata”.
1729 4377 1745 4410 ι
1783 4357 2072 4413 Mattliacus

487 4474 646 4509 vero:
687 4473 704 4506 ι
748 4452 1009 4524 Vespere,
1066 4453 1265 4522 inquit,
1301 4451 1523 4506 Sabbati
1580 4467 1702 4521 qua:
1737 4451 1960 4506 lucescit
2013 4451 2068 4506 iu

491 4552 667 4618 prima
701 4547 923 4602 Sabbati
950 4545 1018 4612 ⁸⁸,
1059 4563 1077 4596 ι
1135 4545 1382 4612 duasque
1436 4543 1588 4612 ponit
1624 4544 2067 4613 pra-greilientes.

483 4653 552 4694 Al
575 4641 816 4696 Marcus:
837 4658 859 4690 ι
876 4637 1040 4691 Valde
1055 4651 1214 4690 mane
1233 4651 1339 4689 una
1356 4635 1708 4690 sabbatorum
1731 4638 1794 4700 “·¹,
1808 4655 1826 4687 ι
1849 4644 2068 4706 tresque

484 4734 616 4787 dicit
643 4732 934 4787 venientes.
960 4727 1200 4782 Joannes
1226 4727 1443 4780 tandem
1469 4743 1482 4780 :
1513 4743 1532 4777 ι
1559 4725 1717 4781 Mane
1740 4741 1858 4780 cum
1887 4729 2067 4781 adlmc

2261 3719 2655 3789 Ἐτοιμάσασαι
2712 3719 2890 3773 τοίνυν
2935 3719 3008 3772 τὰ
3045 3717 3194 3787 μύρα
3245 3719 3345 3771 καὶ
3376 3716 3444 3771 τὰ
3469 3710 3740 3784 ἀρώματα.

2179 3812 2239 3866 τὸ
2262 3810 2364 3881 μὲν
2396 3809 2675 3864 Σάϐϐατον
2709 3807 2989 3881 ἡσύχασαν
3011 3811 3153 3866 κατὰ
3174 3811 3271 3879 τὴν
3307 3809 3531 3878 ἐντολήν
3555 3818 3568 3833 ⁸
3602 3799 3658 3854 οὗ
3671 3815 3740 3851 πω

2182 3905 2286 3974 γὰρ
2319 3903 2550 3975 ἀληθινὰ
2579 3903 2836 3957 Σάϐϐατα
2870 3903 3130 3972 συνῆκαν,
3161 3901 3268 3955 οὐδ’
3301 3903 3484 3956 ἐκεῖνο
3507 3897 3564 3951 τὺ
3591 3894 3742 3957 ὑπερο

2178 3995 2545 4066 ευλογημένον
2575 3994 2853 4060 Σάϐὅατον
2875 3993 3220 4062 ἐπέγνωσαν,
3243 3993 3303 4046 τὸ
3342 3993 3579 4065 μετάγον
3599 3982 3740 4054 ἡμῶν

2172 4087 2275 4158 τὴν
2307 4087 2467 4157 φύσιν
2525 4087 2636 4140 ἀπὸ
2682 4085 2791 4139 τῶν
2848 4085 2944 4139 τοῦ
3006 4085 3134 4156 ᾅδου
3185 4085 3524 4157 κευθμώνων
3567 4077 3654 4133 ἐπὶ
3689 4074 3741 4125 τὸ

2176 4177 2434 4246 παμφαὲς
2463 4177 2560 4231 καὶ
2587 4176 2728 4232 θεῖον
2779 4177 2877 4230 καὶ
2904 4176 3159 4247 οὐράνιον
3187 4175 3324 4248 ὕψος
3343 4193 3357 4208 ’
3412 4193 3433 4230 r
3467 4175 3545 4246 Τῇ
3569 4171 3625 4226 δὲ
3653 4165 3742 4238 μέᾷ

2172 4269 2282 4324 τῶν
2317 4269 2636 4336 Σαϐϐάτων,
2666 4269 2867 4341 ὄρθρου
2907 4269 3120 4341 βαθέος,
3153 4270 3228 4334 ώς
3254 4271 3283 4323 ὁ
3317 4269 3534 4332 Λουκᾶς
3564 4277 3738 4334 φησιν.

2173 4358 2338 4433 ἦλθον
2389 4363 2481 4415 ἐπὶ
2535 4361 2597 4416 τὸ
2645 4362 2860 4434 μνῆμα,
2903 4362 3166 4432 φέρουσαι
3211 4359 3248 4416 ἃ
3279 4363 3585 4433 ἡτοίμασαν
3610 4351 3744 4426 ἀρώ-

2179 4470 2347 4524 ματα.
2379 4471 2398 4506 )
2458 4453 2516 4506 '0
2544 4451 2601 4504 δὲ
2655 4453 2953 4516 Ματθαίος,
3014 4470 3032 4504 ι
3081 4452 3209 4521 Ὀψὲ
3246 4454 3562 4512 Σαὸὄάτων.
3595 4445 3738 4516 φησὶν

2175 4549 2240 4618 τῇ
2280 4533 2670 4618 ὲπιῷωσκούσῃ
2694 4546 2772 4610 είς
2803 4547 2932 4616 μίαν
2963 4546 3260 4600 Σαϐϐάτων
3279 4562 3298 4578 ·
3325 4566 3344 4600 ι
3380 4547 3474 4601 καὶ
3497 4543 3590 4598 δύο
3611 4536 3740 4593 εἶναι

2176 4642 2275 4704 τὰς
2309 4639 2739 4710 προσελθούσας.
2786 4639 2845 4692 '0
2867 4639 2923 4693 δὲ
2963 4640 3220 4710 Ἰωάννης
3245 4656 3259 4671 '
3297 4660 3316 4694 ι
3359 4637 3513 4712 Πρωῒ
3536 4633 3745 4690 σκοτίας

2176 4732 2257 4786 ἔτι
2292 4733 2459 4804 οὔσης
2477 4749 2490 4762 ⁸
2527 4752 2545 4786 ι
2575 4733 2668 4786 καὶ
2701 4731 2834 4800 μίαν
2857 4729 2998 4786 εἷναι
3027 4733 3124 4805 τὴν
3147 4733 3512 4803 Μαγδαληνην
3539 4723 3744 4796 Μαρίαν

484 4828 722 4882 tenebrae
785 4821 1046 4880 essent“
1091 4840 1108 4872 ›
1149 4833 1197 4874 et
1261 4820 1434 4874 solam
1491 4819 1660 4874 refert
1717 4822 2063 4875 accedentem

2178 4828 2275 4894 τὴν
2306 4824 2732 4893 προσελθοῦσαν.
2776 4825 2834 4878 Ὀ
2867 4825 2923 4878 δὲ
2953 4826 3176 4895 Μάρκος
3197 4841 3211 4856 ο
3255 4845 3274 4878 ι
3307 4826 3444 4879 Δίαν
3476 4817 3616 4890 πρωῒ
3651 4817 3741 4882 τῆς

483 4921 708 4973 Mariam
738 4915 1136 4984 Magdalenam.
1165 4912 1337 4967 Unam
1378 4912 1739 4966 babbatorum
1789 4915 2063 4982 evangeli-

482 5024 580 5068 suie
613 5024 806 5066 omnes
840 5005 1176 5063 Dominicam
1212 5005 1502 5070 dixerunt;
1540 5005 1700 5060 verba
1738 5015 1944 5071 autem,
1972 5022 2064 5061 ve-

485 5097 645 5174 spere
697 5111 879 5155 autem
937 5096 1179 5165 Sabbati,
1209 5098 1364 5153 valde
1392 5099 1655 5165 diluculo,
1688 5099 1837 5153 valde
1884 5115 2062 5166 mane,

485 5199 613 5250 dum
640 5196 821 5249 adhuc
847 5191 1082 5247 tenebrae
1111 5199 1314 5252 essent.
1343 5201 1556 5261 tempus
1587 5193 1730 5247 circa
1764 5192 2063 5246 diluculum

485 5289 609 5341 lucc
635 5285 800 5338 simul
826 5293 879 5336 et
908 5282 1142 5338 tenebris
1169 5275 1514 5336 commistum
1551 5281 1817 5345 iudicant,
1855 5281 2068 5336 scilicet

484 5395 593 5447 quo
631 5390 828 5431 aurora
869 5375 1008 5430 cmlo
1061 5373 1564 5445 fulgescere'empit
1621 5375 2066 5444 diemgprienun-

487 5477 650 5525 tians.
699 5467 906 5523 Forsan
954 5468 1143 5539 aliqui,
1197 5479 1256 5523 ut
1307 5469 1436 5524 illud
1469 5472 1785 5539 expressius
1825 5480 2070 5527 statuant

490 5566 676 5618 borain
710 5562 885 5616 noctis
910 5565 1126 5620 circiter
1155 5581 1356 5619 nouam
1388 5562 1724 5634 cogitabant,
1765 5565 1836 5619 ita
1865 5574 1921 5617 ut
1955 5574 2065 5620 tres

490 5661 710 5727 integra:
779 5668 903 5712 ante
956 5659 1096 5714 diem
1172 5671 1490 5715 remaneant
1550 5660 1718 5714 horae.
1803 5659 2066 5716 Videntur

2177 4921 2306 4989 μιᾶς
2340 4918 2669 4972 Σιπιῦεῑέιειων⁸
2709 4937 2727 4970 ι
2765 4920 2857 4972 καὶ
2887 4921 3036 4988 τρεῖς
3096 4914 3236 4973 εἶναι
3270 4921 3371 4981 τὰς
3424 4905 3744 4989 προσελθού-

2175 5029 2294 5075 σας.
2325 5012 2472 5064 Μίαν
2504 5012 2604 5081 μὲν
2625 5009 2716 5064 οῦν
2749 5011 3043 5066 Σαὸὁὰτων
3061 5013 3111 5064 οἱ
3143 5007 3529 5080 εὐαγγελισταὶ
3551 5005 3738 5059 πάντες

2173 5105 2272 5176 τὴν
2312 5107 2596 5176 Κυριακην
2627 5123 2794 5175 φασιν
2818 5121 2832 5136 ο
2870 5104 2968 5174 ὀψὲ
3003 5105 3058 5158 δὲ
3092 5105 3408 5171 Σαϐϐάτων,
3438 5103 3533 5156 καὶ
3553 5095 3737 5168 ὄρθρον

2176 5199 2366 5270 βαθὺν,
2396 5202 2489 5254 καὶ
2521 5199 2666 5271 πρωῒ
2696 5201 2841 5268 λίαν,
2880 5202 2975 5256 κα)⁸
3009 5201 3154 5272 πρωῒ
3188 5201 3411 5262 σκοτίας
3445 5199 3525 5251 ἔτι
3555 5191 3736 5256 οὔσης,

2171 5293 2262 5347 τὸν
2295 5295 2423 5362 περὶ
2450 5293 2541 5347 τὸν
2561 5293 2756 5365 ὄρθρον
2782 5294 3093 5365 σύμμικτον
3108 5293 3287 5362 φωτός
3311 5310 3367 5346 τε
3402 5290 3498 5344 καὶ
3523 5283 3733 5340 σκότους
3763 5367 3768 5372 ι

2169 5389 2360 5457 χρόνον
2382 5407 2396 5420 ο
2430 5381 2584 5452 οὗτος
2617 5389 2673 5442 δέ
2701 5391 2849 5442 ἔστιν
2903 5388 3043 5456 ἀφοῦ
3077 5389 3139 5442 τὸ
3168 5388 3261 5442 τοῦ
3306 5386 3582 5457 ὁρίζοντος
3614 5373 3763 5444 ἑῷον

2169 5480 2506 5548 αὐγάζεσθαι
2557 5481 2804 5551 ἄρξεται,
2855 5481 2950 5551 τὴν
2981 5481 3196 5550 ἡμέραν
3224 5471 3729 5549 προκαταγγέλλωνο

2173 5574 2304 5626 Ἷόοι
2325 5573 2369 5626 δ’
2412 5574 2476 5626 ἄν
2506 5591 2589 5635 τις
2612 5575 2669 5638 ἐξ
2699 5575 2945 5626 ἀπόπτου
2972 5575 3106 5643 πρὸς
3136 5573 3292 5628 τοῦτο
3327 5572 3418 5642 βλέ
3433 5587 3559 5630 πων,
3581 5558 3732 5633 ἀρχό·

2173 5683 2333 5734 μενον
2361 5666 2855 5736 μεταχρώννυσθαι
2914 5673 3053 5736 φωτὶ
3105 5669 3232 5738 περί
3263 5683 3361 5718 που
3391 5663 3486 5734 τὴν
3515 5657 3728 5720 ὲννιίτἠ”⁴

560 5847 604 5878 ⁸⁸
636 5847 764 5900 Luc.
814 5862 970 5913 xxiii,
996 5848 1062 5902 55
1092 5859 1142 5903 et
1173 5863 1320 5913 xxxv,
1366 5848 1450 5903 lO.
1525 5847 1570 5879 "
1607 5845 1739 5901 Luc.
1777 5863 1922 5916 xxxv,
1959 5848 2004 5903 1.

2178 5850 2345 5906 νιιιιίι.
2379 5864 2569 5918 xxvut,
2623 5854 2664 5910 Ι,
2731 5854 2772 5886 ⁶¹
2802 5853 2967 5911 Marc.
3011 5868 3119 5922 xrt,
3170 5856 3213 5906 'l.
3279 5854 3322 5885 “
3362 5851 3515 5905 Jun.
3551 5859 3632 5909 xx,
3679 5837 3723 5890 1ο
