4046 6476
286 524 386 590 241

1625 539 1952 600 ΠΟΜΗᾸΑ
1997 538 2214 602 XVIII.

3447 522 3552 588 242

288 643 389 706 τῆς
417 641 610 706 νυκτὸς
655 645 826 714 ὥραν,
881 646 954 709 ὡς
983 643 1121 702 εἶναι
1152 649 1248 712 τὰς
1304 651 1634 717 ὑπολοίπους
1665 655 1857 726 μέχρις

1974 665 2142 710 autem
2176 653 2519 722 evangelistm
2550 668 2656 707 non
2689 662 2897 706 tantum
2931 651 2997 705 de
3025 650 3180 713 hora,
3230 645 3321 700 sed
3355 644 3418 697 de
3445 659 3551 696 nu-

289 734 502 804 ἡμέρας
552 736 893 805 ἀκραιφνοῦς
921 739 1070 808 ὥρας
1118 744 1284 812 τρεῖς.
1317 745 1542 799 Δοκοῦσι
1577 747 1632 799 δέ
1666 766 1782 810 πως
1811 749 1858 801 οἱ

291 825 677 894 εύαγγελισταὶ
707 827 995 898 διαφωνεῖν
1023 831 1116 885 ἐπί
1143 853 1203 887 τε
1253 835 1347 888 τοῦ
1385 838 1579 908 καιροῦ
1645 839 1858 904 τούτου,

294 919 388 970 καὶ⁵
411 918 501 969 τοῦ
522 918 633 970 τῶν
654 923 930 987 γυναικῶν
958 925 1193 996 ἀριθμοῦ
1215 943 1229 959 ·
1261 929 1582 999 ἐπειδήπερ,
1601 931 1677 995 ὡς
1704 933 1858 1000 ἔφην,

293 1009 347 1060 αἱ
381 1009 691 1079 Μυροφόροι
729 1013 921 1066 πολλαί
948 1032 1006 1066 τε
1033 1013 1194 1086 ἦσαν,
1229 1019 1324 1071 καὶ
1354 1021 1454 1090 οὐχ
1503 1023 1674 1088 ἅπαξ.
1727 1025 1864 1077 ἀλλὰ

289 1102 386 1152 καὶ
417 1101 494 1162 δὶς
523 1105 615 1156 καὶ
644 1105 765 1173 τρὶς
798 1102 966 1174 ἦλθον,
989 1109 1078 1160 ἐπὶ
1112 1111 1203 1161 τὸν
1255 1112 1447 1178 τάφον,
1478 1115 1574 1166 σὺν
1607 1116 1866 1185 ἀλλήλαις

295 1192 414 1258 μὲν,
440 1195 558 1262 οὐχὶ
592 1199 710 1256 ταῖς
752 1197 942 1259 αὐταῖς
977 1199 1052 1264 δὲ,
1088 1201 1184 1252 καὶ
1236 1203 1377 1255 κατὰ
1408 1205 1498 1256 τὸν
1532 1205 1728 1276 ὄρθρον
1763 1209 1864 1276 μὲν

293 1287 484 1346 πᾶσαι,
518 1287 576 1337 οὐ
613 1286 704 1337 τὸν
739 1288 981 1340 αὑτὸνδὲ
1028 1291 1220 1359 χρόνον
1255 1293 1340 1345 ἐπ’
1374 1297 1688 1365 ἀκριϐείας·
1724 1301 1755 1368 ἡ
1806 1299 1864 1351 δὲ

294 1374 617 1444 Μαγδαληνὴ
666 1377 761 1428 καὶ
821 1378 1126 1446 μονωθεῖσα
1169 1381 1277 1432 τῶν
1308 1383 1484 1437 ἄλλων
1531 1386 1694 1437 πάλιν
1731 1382 1863 1456 ἦ).οε

238 1504 248 1518 .
291 1465 386 1515 καὶ
423 1466 751 1534 παρέμεινεν
793 1469 882 1522 ἐπὶ
921 1470 1099 1523 πλέον.
1135 1474 1402 1538 Ἕκαστος
1445 1474 1538 1530 οὖν
1568 1478 1676 1529 τῶν
1703 1480 1866 1545 εὐαγ-

254 1557 578 1622 ’γελιστῶν,
643 1559 769 1626 μὶαν
809 1559 959 1613 ἔστιν
1005 1555 1079 1615 ὧν
1137 1567 1489 1634 προσέλευσιν
1541 1569 1733 1632 εἰπὼν,
1767 1573 1865 1628 τὰς

290 1647 458 1710 ἄλλας
481 1651 728 1718 παρῆκεν
753 1668 764 1682 ·
797 1653 872 1716 ὡς
892 1654 948 1707 δὲ
976 1656 1086 1722 ἐγὼ
1120 1659 1415 1726 συμϐάλλω
1446 1678 1504 1714 τε
1531 1664 1624 1716 καὶ
1647 1666 1865 1732 συνάγω

240 1759 253 1802 ;
291 1741 442 1806 παρᾶ
465 1739 573 1792 τῶν
616 1742 1020 1810 εὐαγγελιστῶν
1076 1748 1355 1815 ἁπάντων,
1389 1751 1534 1804 καθά
1578 1755 1669 1804 καὶ
1709 1756 1865 1807 τοῦτο

291 1835 571 1898 προεῖπον,
598 1833 790 1903 πρώτη
828 1836 1050 1889 πάντων
1085 1839 1116 1906 ἡ
1158 1839 1422 1904 Θεοτὸκος
1453 1839 1617 1912 ἦλθεν
1656 1847 1747 1897 ἐπὶ
1775 1846 1865 1898 τὸν

289 1922 385 1974 τοῦ
425 1922 552 1974 Υῑοῦ
585 1927 681 1979 καὶ
712 1926 846 1978 Θεοῦ
877 1930 1070 1996 τάφον,
1118 1930 1217 2000 τὴν
1249 1931 1618 2001 Μαγδαληνὴν
1647 1932 1864 2002 Μαρίαν

1963 761 2111 800 mero
2142 747 2424 800 mulierum
2451 745 2794 812 discrepare;
2825 743 2916 796 sed
2949 741 3088 796 haud
3117 738 3339 793 dii‘llrile
3369 734 3554 790 conci—

1963 839 2188 900 liantur,
2225 852 2373 902 cutu,
2413 848 2470 890 ut
2511 836 2645 900 dixi,
2681 835 2938 888 mulieres
2992 841 3264 902 unguenta
3312 829 3549 882 ferentes

1963 929 2149 998 plures
2182 941 2384 994 essent,
2421 939 2473 981 et
2507 943 2610 980 non
2639 928 2804 982 semel
2833 926 3016 988 modo,
3056 923 3146 978 sed
3181 922 3267 976 bis
3291 931 3346 974 et
3375 930 3454 974 ter
3482 919 3546 970 ad

1965 1023 2274 1089 sepulcrum
2329 1019 2597 1082 venirent,
2632 1018 2906 1071 nonnullae
2957 1015 3174 1085 quidetn
3239 1011 3424 1071 simul.
3455 1011 3548 1065 St'tl

1966 1127 2307 1182 nequaquam
2345 1127 2468 1165 cum
2502 1110 2716 1173 iisdem,
2747 1124 2938 1163 omnes
2977 1109 3120 1162 circa
3149 1104 3474 1164 diluculum,
3499 1111 3554 1154 at

1968 1221 2074 1258 non
2103 1219 2295 1257 omnes
2326 1203 2378 1256 in
2418 1203 2610 1257 eodem
2649 1200 2912 1268 temporis
2947 1198 3201 1259 articulo,
3237 1195 3550 1266 Magdalena

1967 1306 2143 1350 autem
2173 1300 2286 1349 sola
2309 1309 2497 1347 rursus
2522 1294 2637 1347 sine
2665 1293 2784 1346 aliis
2813 1291 2977 1354 venit,
2999 1289 3272 1344 eldiutius
3299 1302 3551 1356 perinan—

1969 1382 2058 1436 sit.
2100 1383 2267 1452 Igitur
2319 1383 2515 1446 singuli
2575 1381 2920 1446 evangelista:
2981 1395 3147 1433 unum
3209 1393 3396 1430 earum
3452 1376 3554 1428 iter

1971 1475 2241 1535 referunt,
2273 1475 2493 1528 omiss's
2521 1474 2660 1526 aliis.
2687 1473 2789 1527 Sed
2819 1482 2876 1525 nt
2899 1488 2999 1542 ego
3027 1487 3090 1526 ex
3118 1470 3371 1525 omnibus
3391 1484 3554 1519 ev.ui-

1967 1565 2176 1635 gelistis
2198 1565 2392 1634 colligo
2416 1574 2468 1618 et
2489 1564 2738 1630 coniicio.
2761 1562 3221 1633 quemadmodum
3251 1575 3412 1627 supra
3437 1558 3548 1627 jam

1969 1658 2104 1722 dixi,
2143 1659 2314 1727 prima
2343 1675 2406 1712 ex
2446 1657 2701 1711 omnibus
2733 1657 2798 1710 ad
2838 1657 3149 1723 Sepulcrum
3190 1653 3309 1708 Filii
3351 1653 3552 1717 Deique

1969 1748 2131 1802 simul
2183 1749 2330 1800 venit
2379 1745 2606 1814 Deipara
2659 1762 2781 1799 cum
2832 1745 2996 1798 Maria
3034 1744 3366 1814 Magdalene.
3401 1742 3552 1806 Quod

1970 1840 2270 1909 praesertim
2320 1840 2477 1891 didici
2509 1856 2572 1892 ex
2627 1839 2960 1908 evangelista
3000 1837 3253 1892 Mattliaro
3306 1835 3553 1890 dicente:

1975 1953 1992 1985 ι
2035 1931 2380 1985 VenitMaria
2401 1931 2720 2002 Magdaleua
2755 1942 2805 1985 et
2831 1933 2996 1985 altera
3032 1931 3193 1983 Maria
3223 1928 3241 2001 (
3268 1946 3388 1998 qua:
3408 1937 3556 1983 certo

291 2015 643 2086 ἐπειγομένη.
712 2019 818 2072 Καὶ
849 2021 1010 2072 τοῦτο
1055 2022 1290 2090 μάλιστα
1339 2024 1666 2093 διδάσκομαι
1716 2027 1866 2095 παρὰ

1974 2035 2051 2080 est
2088 2023 2350 2092 Dcipara)
2383 2024 2561 2078 videre
2585 2024 2916 2092 sepulcrum.
2949 2023 3012 2076 Et
3039 2038 3165 2076 ecce
3193 2032 3349 2079 terra:
3375 2032 3557 2074 motus

288 2107 383 2160 τοῦ
418 2111 808 2178 εὐαγγελιστοῦ
844 2115 1126 2169 Martiale-4
1155 2135 1168 2147 ·
1222 2136 1239 2168 ι
1276 2113 1450 2172 Ἦλθε
1503 2119 1633 2186 γὰρ,
1675 2121 1862 2189 φησὶν,

291 2203 324 2270 ἡ
356 2201 686 2274 Μαγδαληνὴ
743 2208 953 2276 Μαρία,
1007 2212 1099 2261 καὶ
1155 2211 1187 2278 ἡ
1238 2211 1371 2280 ἄλλη
1418 2212 1772 2281 Μαῃξα,ἣτις
1799 2209 1866 2280 ἦν

292 2292 513 2355 ’πάντως
550 2297 579 2361 ἡ
613 2296 935 2367 Θεομήτωρ,
961 2299 1238 2369 θεωρῆσαι
1277 2303 1369 2354 τὸν
1397 2303 1567 2369 τάφον
1589 2319 1602 2331 ⁸
1637 2306 1727 2355 καὶ
1755 2304 1866 2354 ἰδοὺ

292 2386 518 2453 σεισμὸς
549 2387 766 2455 ἐγένετο
795 2390 969 2457 μέγας
995 2406 1011 2422 ο
1048 2391 1283 2459 ἄγγελος
1325 2394 1429 2462 γάρ
1459 2393 1665 2463 Κυρίου
1698 2411 1860 2446 κατα-

293 2482 396 2542 ϐάς
419 2478 479 2543 ὲξ
506 2481 756 2550 οὐρανοῦ,
781 2483 1099 2555 προσελθὼν
1125 2485 1422 2539 ἀπεκύλισε
1456 2486 1548 2539 τον
1571 2487 1722 2539 λίθον
1757 2486 1868 2538 ἀπὸ

291 2573 393 2640 τῆς
420 2572 589 2640 θύρας
623 2574 716 2626 τοῦ
748 2577 1039 2644 μνημείου,
1069 2578 1164 2630 καὶ
1197 2577 1431 2648 ἐκάθητο
1463 2579 1648 2631 ἐπάνω
1680 2578 1867 2631 αὐτοῦ’

1975 2117 2154 2172 faclus
2182 2127 2265 2169 est
2303 2131 2556 2184 magnus;
2595 2115 2819 2186 angelus
2850 2117 2993 2169 enim
3029 2114 3238 2168 Domini
3276 2114 3559 2168 descendit

1974 2211 2040 2263 de
2067 2210 2227 2274 cmlo,
2261 2219 2308 2262 et
2334 2209 2597 2262 accedens
2631 2210 2857 2264 revolvit
2892 2209 3122 2276 lapidem
3160 2208 3226 2262 ab
3258 2207 3400 2261 ostio
3438 2225 3554 2258 mo-

1985 2305 2258 2363 numenti,
2289 2309 2342 2353 et
2381 2301 2604 2354 sedebat
2636 2316 2799 2370 super
2829 2318 2976 2354 eum.
3009 2299 3138 2352 Erat
3180 2309 3358 2352 autem
3398 2314 3556 2366 διενε-

1971 2405 2095 2449 ctus
2134 2393 2253 2462 ejus
2283 2394 2426 2446 sicut
2458 2393 2657 2463 fulgur,
2693 2393 3014 2446 vestimenta
3066 2392 3184 2462 ejus
3235 2391 3354 2444 allia
3417 2391 3558 2444 situt

1976 2488 2102 2552 nix;
2140 2503 2246 2557 prae
2276 2489 2470 2540 timore
2499 2496 2678 2539 autem
2703 2485 2824 2554 ejus
2850 2485 3090 2540 exterriti
3124 2494 3248 2539 sunt
3277 2489 3554 2541 custodes.

1977 2590 2031 2634 et
2062 2580 2186 2635 facti
2220 2588 2349 2634 sunt
2379 2579 2527 2632 velut
2569 2578 2788 2632 mortui.
2830 2597 2847 2628 ι

293 2661 365 2733 ἦν
385 2666 439 2718 δὲ
463 2668 492 2736 ή
521 2667 632 2720 ἰδέα
661 2667 821 2722 αὐτοῦ
860 2669 936 2731 ὡς
961 2670 1239 2742 ἀστραπὴ,
1270 2673 1364 2724 καὶ
1385 2674 1443 2725 τὸ
1470 2673 1674 2737 ἔνδυμα
1697 2673 1863 2728 αὑτοῦ
1903 2674 2093 2728 λευκὸν
2125 2673 2256 2728 ὡσεὶ
2290 2674 2446 2744 χιὼν,
2480 2673 2586 2727 ἀπὸ
2606 2672 2662 2726 δὲ
2691 2671 2786 2726 τοῦ
2812 2671 2978 2740 φόϐου
3053 2671 3219 2726 αὑτοῦ
3300 2672 3558 2742 ἐσείσθη-

296 2780 397 2815 σαν
418 2762 467 2811 οἱ
494 2762 806 2831 τηροῦντες,
845 2763 938 2814 καὶ
979 2765 1229 2833 ἐγένοντο
1264 2766 1396 2819 ὡσεὶ
1431 2768 1636 2837 νεκροί.
1680 2788 1698 2820 ι

369 2854 545 2905 Πᾶσαι
596 2853 690 2906 οὖν
725 2856 778 2907 αἱ
812 2855 969 2908 ἄλλαι
1024 2859 1284 2923 γυναῖκες
1333 2862 1472 2927 μετὰ
1515 2863 1604 2912 τὸν
1634 2863 1863 2932 σεισμὸν

293 2939 477 3010 ἦλθον,
511 2944 602 2996 καὶ
633 2944 739 2996 τῶν
776 2945 1033 3011 φυλάκων
1064 2945 1162 3014 τὴν
1196 2949 1393 3018 φυγὴν,
1429 2951 1523 3001 καὶ
1557 2950 1648 3004 τὸν
1689 2951 1863 3019 τάφον

294 3035 647 3104 ἀνεῳγμένον
679 3028 854 3106 εὗρον,
898 3038 991 3090 καὶ
1021 3039 1110 3090 τὶν
1144 3040 1290 3092 λίθον
1332 3042 1861 3112 ἀποκεκυλισμένον

293 3130 324 3193 ἡ
358 3126 416 3177 δὲ
456 3125 896 3197 Ιῐαρθενομήτωρ
940 3131 1122 3198 παρῆν
1152 3127 1245 3180 τοῦ
1279 3129 1506 3200 σεισμοῦ
1547 3133 1863 3202 γινομένου,

294 3219 395 3270 καὶ
423 3219 926 3288 ἀποκεκυλισμένον
951 3221 1042 3273 τοῦ
1071 3221 1244 3288 λίθου,
1272 3225 1365 3276 καὶ
1394 3223 1489 3276 τοῦ
1515 3226 1686 3294 τάφου
1723 3227 1871 3280 άνοι-

2040 2857 2260 2914 Cteteraz
2306 2873 2435 2927 ergo
2490 2856 2746 2910 mulieres
2797 2864 2915 2922 post
2952 2862 3108 2908 terrm
3147 2866 3354 2907 titulum
3393 2869 3554 2907 vene'

1969 2958 2119 3014 ruul,
2150 2963 2272 3003 cum
2301 2946 2412 3016 jam
2445 2945 2788 3016 aulugissent
2830 2944 3108 3010 custodes,
3135 2944 3561 3014 sepulcrumque

1971 3041 2294 3095 invenerunt
2360 3049 2626 3107 apertum,
2661 3047 2714 3089 et
2774 3037 3008 3103 lapidem
3075 3035 3557 3101 revolututu;‘sed

1974 3132 2140 3203 Virgo
2178 3131 2351 3186 Mater
2380 3132 2570 3185 aderat
2604 3130 2734 3183 dum
2775 3127 2937 3182 liebat
2970 3137 3130 3182 terra:
3179 3135 3386 3192 motus,
3419 3126 3556 3196 lapis

1974 3227 2374 3301 revolvebatur,
2407 3223 2753 3294 aperiebatur
2789 3226 3123 3292 sepulcrum.
3153 3222 3394 3291 dumque
3432 3222 3560 3274 adc-

295 3310 556 3380 γομένου,
607 3315 696 3364 καὶ
722 3312 828 3365 τῶν
856 3314 1172 3383 τηρούντων
1206 3316 1513 3387 παρόντων,
1551 3319 1599 3370 εἰ
1637 3319 1731 3372 καὶ
1771 3339 1868 3373 κα-

1974 3329 2096 3374 rant
2123 3317 2404 3379 custodes,
2433 3317 2560 3371 licet
2605 3329 2753 3370 metu
2813 3315 3112 3384 perterriti,
3142 3314 3286 3378 ideo,
3325 3313 3560 3367 remisso

293 3400 739 3469 τασεσεισμένων
765 3402 844 3470 τῷ
888 3403 1038 3474 φόϐῳ
1060 3420 1073 3434 ο
1123 3403 1205 3457 διὸ
1234 3407 1328 3457 καὶ
1358 3407 1496 3474 μετὰ
1519 3408 1608 3459 τὸν
1643 3409 1870 3478 σεισμὸν

297 3492 710 3560 ἀνασφήλαντες
734 3496 870 3562 πρὸς
894 3497 1074 3562 φυγὴν
1108 3495 1272 3558 εὐθὺς
1297 3495 1535 3567 ἔϐλεψαν
1557 3515 1571 3530 ⁸
1602 3501 1634 3569 ἡ
1655 3500 1712 3552 δὲ
1742 3501 1872 3552 Θεο-

303 3582 496 3651 μήτωρ
529 3583 847 3654 ἀδεέστερον
880 3587 1151 3656 ὲνετρύφα
1186 3591 1250 3659 τῇ
1285 3589 1404 3660 θέᾳ,
1451 3590 1605 3660 Ἐμοὶ
1632 3591 1688 3643 δὲ
1724 3592 1874 3645 δοκεῖ

301 3677 396 3726 καὶ
427 3674 494 3727 δι’
533 3676 704 3743 αὐτὴν
728 3677 947 3747 πρώτην
979 3678 1069 3732 τὸν
1098 3681 1384 3753 ζωηφόρον
1410 3684 1619 3736 ἐκεῖνον
1646 3685 1871 3754 ἀνοιγῆ-

305 3781 393 3816 ναι
425 3765 589 3832 τάφον
615 3781 629 3797 ·
688 3767 756 3818 δι’
813 3766 985 3840 αὐτὴν
1021 3769 1128 3839 γάρ
1189 3772 1418 3842 πρώτην
1469 3775 1564 3826 καὶ
1595 3774 1664 3827 δι’
1698 3777 1872 3846 αὐτῆς

318 3855 482 3908 πάντα
512 3858 647 3926 ἡμῖν
669 3857 964 3928 ἀνέῳκται,
987 3863 1088 3916 ὅσα
1115 3863 1207 3917 ἐπὶ
1231 3864 1326 3917 τοῦ
1350 3866 1587 3934 ούρανοῦ
1616 3865 1749 3933 ἄνω,
1777 3869 1873 3923 καὶ

316 3947 412 3999 ὅσα
445 3951 530 4002 ἐπὶ
583 3951 682 4021 τῆς
729 3951 830 4021 γῆς
870 3955 1042 4018 κάτω,
1095 3956 1188 4009 καὶ
1216 3955 1284 4009 δι’
1309 3958 1482 4028 αὐτὴν
1512 3959 1606 4012 τὸν
1635 3962 1875 4028 ἄγγελον

307 4040 478 4106 οὕτως
533 4045 890 4112 ἀστράπτειν,
957 4047 1034 4110 ὡς
1089 4049 1185 4100 καὶ
1231 4049 1334 4118 τῆς
1392 4050 1541 4122 ὧρας
1571 4053 1653 4106 ἔτι
1689 4055 1875 4109 σκότει

310 4137 695 4208 κατεχομένης,
751 4138 856 4191 ὑπὸ
903 4138 1120 4208 δαψιλεῖ
1154 4143 1362 4214 ταύτην
1409 4145 1487 4214 τῷ
1514 4146 1609 4199 τοῦ
1641 4147 1874 4216 ἀγγέλου

307 4229 469 4295 φωτὶ,
505 4229 580 4299 μὴ
608 4233 698 4283 τὸν
724 4231 894 4300 τάφον
926 4233 1055 4286 ἰδεῖν
1088 4236 1244 4288 κενὸν
1279 4235 1441 4306 μόνον
1462 4277 1477 4303 ,
1522 4240 1658 4292 ἀλλὰ
1691 4243 1786 4295 καὶ
1807 4241 1876 4294 τὰ

306 4321 534 4390 ἐντάφια
591 4323 731 4377 κατὰ
787 4324 996 4395 κόσμον
1057 4344 1116 4379 τε
1149 4330 1401 4400 κείμενα,
1457 4331 1550 4384 καὶ
1578 4333 1876 4398 πολυειδῶς

309 4414 696 4484 μαρτυροῦντα
723 4417 800 4488 τῷ
831 4419 1252 4489 ἐνταφιασθέντι
1275 4423 1372 4493 τὴν
1401 4424 1644 4496 ἔγερσιν.
1677 4423 1787 4480 Ἶιν
1819 4429 1876 4482 δὲ

305 4509 412 4576 ἄρα
459 4509 555 4561 καὶ
611 4510 639 4561 ὁ
669 4508 1060 4580 εὐαγγελιστὴς
1099 4512 1334 4581 ἄγγελος
1384 4515 1546 4578 αὐτὸς
1611 4520 1816 4582 ἐκεῖνος
1849 4521 1878 4572 ὁ

304 4600 550 4670 Γαϐριὴλ
576 4616 592 4631 ⁸
644 4601 718 4664 ὡς
766 4601 874 4672 γὰρ
907 4597 1014 4656 εἶδε
1047 4603 1254 4675 ταύτην
1294 4600 1450 4668 οὗτος
1510 4610 1878 4678 ἐπειγομένην

304 4693 398 4744 ἐπὶ
425 4693 518 4744 τὸν
543 4692 731 4762 τάφον,
765 4695 792 4745 ὁ
813 4692 913 4764 τὴν
960 4697 1138 4765 ἀρχὴν
1192 4697 1328 4766 προς
1356 4699 1528 4768 αὐτὴν
1560 4700 1752 4766 εἰπὼν,
1785 4700 1878 4770 Μὴ

311 4784 472 4854 106
500 4784 687 4852 φοϐεῦ,
723 4785 956 4854 Μαριάμ
981 4803 996 4817 ο
1049 4781 1208 4858 εὗρες
1261 4789 1372 4860 γὰρ
1415 4791 1571 4860 χάριν
1625 4792 1776 4862 παρὰ
1801 4793 1877 4861 τῷ

306 4877 446 4945 Θεῷ,
472 4877 690 4931 σπεύδει
724 4882 816 4933 καὶ
845 4879 937 4931 νῦν
962 4883 1056 4932 καὶ
1093 4881 1416 4934 καταϐαίνει
1455 4884 1516 4935 τὸ
1547 4885 1679 4936 αὐτὸ
1714 4885 1879 4938 πάλιν

304 4975 374 5042 τῇ
419 4972 792 5044 Ἀειπαρθένῳ
850 4975 1353 5046 προσφθέγξασθαι,
1395 4979 1492 5029 καὶ
1544 4978 1641 5048 τὴν
1675 4981 1737 5030 ἐκ
1793 4997 1878 5031 νε-

305 5064 457 5134 κρῶν
482 5063 779 5118 ἀνάστασιν
813 5065 904 5118 τοῦ
935 5067 993 5131 ἐξ
1025 5067 1195 5136 αὐτῆς
1231 5070 1586 5139 γεννηθέντος
1613 5070 1875 5139 ἀσπόρως

305 5156 787 5222 εὐαγγελίσασθαι,
836 5159 930 5211 καὶ
964 5160 1055 5211 τὸν
1084 5159 1228 5212 λίθον
1262 5156 1418 5230 ἆραι,
1473 5163 1567 5214 καὶ
1599 5161 1877 5226 ὑποδεῖξαι

305 5249 464 5300 κενὸν
523 5248 614 5299 τόν
644 5265 699 5300 τε
729 5248 899 5317 τάφον
927 5251 1024 5302 καὶ
1052 5249 1121 5301 τά
1171 5253 1421 5319 ἐντάφια,
1457 5250 1554 5305 καὶ
1588 5252 1733 5306 οὕτω
1787 5271 1878 5305 πι-

306 5339 617 5393 στώσασθαι
641 5338 813 5412 ταύτῃ
836 5341 898 5392 τὸ
922 5341 1274 5410 Εὐαγγέλιον.
1308 5362 1327 5395 ι
1365 5344 1714 5414 Ἀποκριθεὶς
1738 5345 1877 5415 γὰρ,

305 5434 474 5502 φησιν
495 5475 510 5498 ,
544 5433 573 5484 ὁ
602 5433 834 5500 ἄγγελος
887 5430 1010 5488 εἷπε
1046 5438 1168 5499 ταῖς
1209 5437 1458 5505 γυναιξί*
1492 5439 1582 5500 Μὴ
1619 5440 1878 5507 φοϐεῖσθε

308 5526 489 5592 ὑμεῖς,
524 5523 731 5592 Ἰησοῦν
756 5524 972 5594 ζητεῖτε
1008 5526 1100 5577 τὸν
1135 5528 1579 5598 ἐσταυρωμένον;
1612 5527 1879 5599 Ἠγέρθη·

308 5617 386 5669 ῐδε
409 5619 436 5668 ὁ
466 5616 627 5679 τόπος
656 5617 790 5669 ὅπου
820 5615 998 5669 ἔκειτο
1027 5618 1056 5669 ὀ
1077 5617 1291 5689 Κύριος
1316 5637 1330 5649 ·
1368 5638 1387 5670 ι
1420 5619 1468 5672 εἰ
1495 5621 1602 5689 γὰρ
1624 5621 1719 5673 καὶ
1750 5621 1877 5685 τοὺς

307 5709 576 5778 φύλακας,
623 5711 809 5779 φησὶν,
863 5711 1027 5778 ὁρᾶτε
1076 5714 1542 5778 κατασεισθέντας
1586 5713 1666 5784 τῷ
1701 5715 1876 5785 φόϐῳ,

308 5806 422 5859 ἀλλ’
453 5805 608 5874 ὑμεῖς
661 5804 736 5874 μὴ
774 5803 1024 5873 φοϐεῖσθε
1048 5820 1062 5836 ο
1120 5801 1237 5857 οῖδα
1274 5809 1381 5876 γάρ
1426 5809 1508 5861 ὅτι
1546 5807 1752 5879 Ἰησοῦν
1789 5809 1879 5862 τὸν

383 5985 426 6016 ⁸³
449 5984 561 6041 Luc
615 5986 762 6052 1,50.
843 5985 886 6016 °"
918 5985 1104 6040 Matth.
1138 6003 1324 6053 xxvm,
1361 5987 1412 6053 5,

1971 3426 2034 3465 ex
2068 3425 2265 3478 pavore
2295 3410 2480 3464 animo
2532 3421 2655 3478 post
2692 3417 2848 3464 terrae
2896 3418 3104 3462 motum
3132 3407 3315 3460 statim
3368 3403 3547 3474 fugam

1972 3507 2319 3568 Spectarunt;
2354 3500 2616 3554 audacius
2651 3511 2832 3552 autem
2867 3499 3093 3568 Deipara
3125 3497 3441 3568 spectaculo
3467 3497 3560 3551 lae-

1975 3589 2208 3644 tabatur.
2229 3588 2356 3642 Mihi
2378 3589 2588 3644 videtur
2610 3600 2830 3658 prOpter
2855 3590 3001 3643 illam
3032 3590 3259 3658 primam
3284 3587 3556 3641 vivilicum

1974 3681 2104 3736 illud
2146 3681 2456 3749 sepulcrum
2491 3683 2735 3750 patuisse
2767 3699 2782 3748 ;
2814 3697 2936 3735 nam
2973 3689 3193 3750 propter
3228 3694 3348 3733 eam
3379 3687 3432 3732 et
3467 3693 3562 3746 per

1975 3789 2096 3828 eam
2133 3774 2314 3828 omnia
2342 3782 2449 3827 tam
2485 3775 2536 3825 in
2566 3774 2720 3828 cwlis
2748 3789 2913 3842 supra
2941 3787 3104 3842 quam
3139 3772 3190 3824 in
3222 3771 3384 3824 terris
3416 3769 3557 3824 infra

1975 3867 2134 3921 nobis
2166 3875 2349 3936 aperta
2405 3875 2534 3920 sunt
2563 3883 2578 3930 ;
2617 3875 2837 3934 propter
2865 3880 2986 3920 eam
3041 3874 3171 3933 puto
3201 3863 3452 3933 angelum
3485 3864 3556 3915 ita

1973 3956 2261 4021 eDfulsisse,
2290 3971 2366 4020 ut,
2389 3959 2515 4012 dum
2541 3957 2674 4012 hora
2701 3961 2875 4014 adhuc
2907 3957 3141 4012 tenebris
3162 3956 3552 4012 involveretur.

1976 4068 2040 4108 ex
2072 4051 2294 4120 cepioso
2318 4051 2493 4121 angeli
2529 4051 2840 4120 Splendore,
2872 4065 2978 4105 non
3004 4057 3214 4104 tantum
3246 4050 3554 4119 sepulcrum

1976 4146 2175 4202 viderit
2203 4159 2452 4210 vacuum,
2475 4143 2568 4198 sed
2586 4144 2750 4198 etiam
2768 4143 3085 4197 linteamina
3106 4142 3158 4197 in
3177 4143 3368 4196 ordine
3390 4145 3560 4212 positu

1971 4248 2031 4293 et
2062 4237 2381 4292 multimode
2438 4237 2894 4292 resurrectionem
2928 4236 3124 4305 sepulti
3153 4236 3433 4290 testantia.
3466 4236 3565 4288 Be-

1979 4320 2229 4386 nedictus
2262 4330 2350 4386 ille
2375 4331 2600 4385 nuntius
2627 4329 2844 4384 Gabriel
2875 4344 2992 4384 erat
3017 4329 3282 4399 angelus;
3328 4339 3387 4382 ut
3418 4330 3561 4382 enim

1977 4424 2178 4479 viderit
2199 4423 2400 4477 eamad
2423 4422 2732 4490 sepulcrum
2757 4430 3160 4491 properantem,
3191 4421 3331 4488 quia
3357 4422 3567 4490 princi-

1979 4518 2068 4588 pio
2089 4516 2156 4570 ad
2183 4531 2302 4570 eam
2323 4516 2488 4570 dixit:
2530 4515 2638 4568 «Ne
2661 4515 2875 4580 timeas,
2901 4513 3098 4574 Maria;
3131 4514 3386 4568 invenisti
3415 4518 3562 4569 enim

1912 4650 1954 4704 υ
1981 4610 2208 4681 gratiam
2241 4609 2384 4676 apud
2416 4606 2707 4661 Dominum
2734 4605 2800 4672 ⁸⁸,
2842 4625 2860 4657 ι
2903 4604 3171 4660 festinans
3203 4605 3485 4658 descendit
3507 4620 3565 4658 ιιι

1985 4700 2177 4755 eadem
2220 4712 2407 4752 rursus
2457 4710 2674 4765 semper
2733 4693 2939 4765 Virgini
3002 4694 3249 4759 referret,
3291 4704 3346 4749 et
3386 4711 3566 4750 resur-

1985 4791 2195 4844 rexisse
2233 4803 2357 4842 eum
2387 4788 2480 4856 qui
2509 4802 2573 4841 ex
2605 4802 2669 4842 ea
2704 4787 2823 4841 sine
2858 4786 3070 4840 semine
3103 4796 3264 4840 natus
3286 4799 3564 4842 eratnuu-

1985 4883 2166 4946 tiaret,
2198 4892 2251 4934 et
2287 4880 2505 4935 sublato
2541 4878 2740 4947 lapide,
2784 4893 3013 4932 vacuum
3065 4879 3383 4947 sepulcrum
3439 4895 3564 4932 cum

1983 4974 2392 5030 linteaminibus
2414 4972 2743 5034 ostenderet,
2777 4970 2965 5040 sicque
2995 4971 3196 5024 bonum
3229 4971 3279 5024 ei
3314 4973 3564 5025 nuntium

1987 5068 2246 5122 ﬁrmaret.
2292 5085 2310 5118 ι
2348 5065 2707 5133 Respondens
2738 5063 2883 5118 enim
2926 5064 3153 5134 angelus
3199 5062 3337 5118 dixit
3369 5065 3568 5118 mulie-

1985 5161 2180 5215 ribus:
2219 5157 2396 5212 Nolite
2417 5158 2652 5221 timere;
2691 5156 2874 5211 Jesum
2921 5156 3164 5226 quan-itis
3204 5155 3568 5210 cruciﬁxum?

1989 5253 2259 5316 Surrexit,
2289 5268 2398 5306 non
2436 5259 2519 5305 est
2548 5250 2666 5306 hic:
2700 5265 2828 5304 ecce
2859 5250 3011 5304 locus
3063 5249 3153 5302 ubi
3210 5249 3418 5318 positus
3450 5259 3568 5300 erat

1985 5343 2335 5399 Dominus“.
2373 5362 2390 5394 ι
2432 5342 2568 5397 Nam
2635 5343 2738 5398 etsi
2802 5342 3062 5398 custodes
3129 5340 3357 5395 videatis
3419 5347 3566 5394 metu

1987 5438 2331 5509 perterritos,
2374 5451 2471 5492 vos
2531 5443 2714 5490 tamen
2765 5435 2937 5490 nolite
2984 5433 3212 5499 timere;
3250 5433 3365 5487 scio
3420 5431 3564 5484 enim

1986 5533 2134 5604 quod
2167 5531 2353 5588 Iesum
2381 5531 2705 5586 cruciﬁxum
2741 5528 3021 5598 quaeritis;
3059 5525 3448 5585 surrexit,non
3483 5534 3568 5576 est

1987 5626 2165 5684 bic.ls
2195 5626 2339 5679 enim
2375 5639 2482 5678 non
2527 5622 2702 5678 solum
2745 5619 2946 5675 inferni
2976 5617 3208 5681 foribus,
3244 5614 3482 5684 pessulis
3515 5620 3572 5667 et

1987 5714 2182 5784 sigillis
2210 5712 2439 5768 detineri
2472 5727 2578 5766 non
2611 5711 2809 5780 potuit,
2835 5707 2931 5762 sed
2961 5718 3012 5762 et
3040 5704 3196 5759 nobis
3243 5705 3568 5758 immortali-

1987 5809 2091 5863 bus
2121 5817 2175 5862 et
2212 5804 2533 5860 coelestibus
2581 5802 2790 5872 angelis
2843 5799 2976 5855 vivit
3019 5798 3302 5864 Dominus,
3343 5796 3570 5866 ipseque
