4046 6450
512 427 622 491 243
1794 450 2083 511 GREGOI

2219 457 2305 514 PA
2318 457 2543 518 [ΑΜΕ
3656 469 3754 535 244

514 543 666 600 solus
712 555 796 600 est
849 552 1095 606 omnium
1161 555 1440 612 Dominus.
1477 559 1564 613 Ait
1622 561 1766 616 enim
1802 581 1814 616 :
1849 583 1868 614 ι
1909 565 2083 620 Videte

2201 570 2622 641 ἐσταυρωμένον
2673 573 2918 645 ζητεῖτε’
2988 577 3226 648 ἠγέρθη,
3288 579 3387 633 οὐκ
3444 579 3590 636 ἐστιν
3642 581 3756 638 ὦδε-

514 636 691 692 locum
731 641 821 696 ubi
855 645 1066 712 positus
1097 656 1214 702 erat
1241 648 1540 717 Dominus;
1566 662 1618 708 et
1644 655 1758 708 cito
1787 665 1981 712 euntes
2005 657 2083 711 di.

2205 636 2383 725 Οὗτος.
2422 636 2531 734 γάρ
2589 665 2650 718 ού
2707 636 2869 737 μόνον
2907 636 3165 740 ᾄδουκαὶ
3190 636 3426 724 ’θανάτου
3455 670 3547 725 xui
3592 636 3754 742 τάφου

513 730 619 784 cite
653 732 934 803 discipulis
965 738 1093 806 quia
1126 741 1364 795 surrexit
1387 759 1415 795 a
1445 747 1694 799 mortuis.
1723 746 1790 800 Et
1819 747 2083 812 exieruntI

2200 730 2475 819 κλείθροις
2501 730 2603 808 καὶ
2645 730 2863 826 μοχλοῖς
2897 730 2992 812 καὶ
3037 761 3332 830 σφραγῖσίν
3372 764 3518 815 ἐστιν
3573 730 3757 815 ἀκάθε-

513 821 708 888 inquit.
740 840 862 878 cum
901 827 1095 883 timore
1121 840 1172 884 et
1199 833 1400 900 gaudio
1438 849 1635 904 magno
1655 835 1719 888 ".
1760 855 1778 887 ι

2199 859 2349 908 κτος,
2387 845 2526 898 ἀλλά
2577 821 2678 900 καὶ
2718 821 3152 903 τῶνήάθανάτων
3199 821 3358 920 ημῶν
3389 854 3485 906 xui
3507 853 3755 918 οὐρανίων

511 919 760 984 αγγέλων
801 923 1037 993 ὑπάρχει
1085 925 1307 996 Κύριος,
1350 931 1448 983 xui
1483 932 1644 1000 μόνος
1685 926 1843 998 οὗτός
1875 937 2024 989 ἐστιν
2055 938 2082 989 6
2117 937 2210 989 τοῦ
2253 941 2456 1003 παντὸς
2490 943 2727 1012 Κύριοςο
2767 964 2785 996 t
2835 946 3006 999 Ἴδετε
3045 947 3176 1015 γὰρ,
3226 951 3382 1018 φησὶ,
3456 949 3548 1002 τὸν
3604 951 3756 1004 τόπον

510 1017 847 1116 arioli-Exstat)
877 1023 904 1072 6
933 1019 1167 1116 Ιξύριοςο
1202 1027 1295 1077 καὶ
1321 1028 1458 1096 ταχὺ
1496 1029 1848 1097 πορευθεῖσαι
1893 1033 2083 1085 εἴπατε
2124 1037 2239 1096 τοῖς
2281 1037 2554 1106 μαθηταῖς
2581 1040 2770 1104 αὑτοῦ,
2794 1041 2878 1095 ὅτι
2901 1042 3111 1114 ἠγέρθη
3139 1043 3250 1097 ἀπὸ
3291 1017 3420 1098 τῶν
3484 1047 3704 1116 νεκρῶν.
3732 1066 3749 1098 ι

513 1129 531 1160 t
577 1110 924 1175 Ἐξελθοῦσαι
953 1114 1030 1178 δὲ,
1065 1132 1219 1184 φησι,
1254 1119 1391 1185 μετὰ
1437 1119 1601 1186 φόϐου
1631 1123 1726 1174 καὶ
1751 1125 1926 1192 χαρᾶς
1966 1125 2228 1197 μεγάλης.
2263 1147 2280 1179 ι

577 1202 778 1257 lterum
875 1203 1010 1259 mihi
1098 1206 1312 1260 videtur
1372 1207 1681 1278 Blagdalena
1765 1210 1931 1266 Maria
2019 1213 2089 1265 ti-

505 1309 712 1349 morem
775 1297 1094 1366 concepisse
1153 1314 1362 1353 ttccnon
1417 1309 1628 1355 cazterze
1685 1317 1808 1356 cum
1863 1319 1926 1357 ea
1969 1320 2089 1356 mu-

507 1385 708 1451 lieres;
745 1400 855 1441 non
894 1387 1037 1441 enim
1071 1389 1456 1444 intellexerunt
1486 1391 1756 1446 dictorum
1793 1393 1859 1446 ab
1894 1395 2090 1462 angelo

504 1493 728 1532 sensum
771 1494 947 1548 neque
977 1480 1146 1535 lucem
1185 1485 1432 1552 accipere
1460 1483 1697 1552 perfecte
1746 1495 1998 1555 poterant
2029 1496 2110 1540 ut-

502 1569 722 1638 penitus
783 1568 1028 1623 viderent
1074 1579 1126 1624 et
1165 1571 1571 1641 intelligerent;
1616 1573 1900 1644 Deiparam
1956 1591 2087 1630 vero

508 1669 702 1730 magna
755 1661 926 1716 credo
993 1663 1355 1720 exsultavisse
1416 1666 1648 1733 laetitia;
1723 1683 1850 1722 nam
1921 1671 2085 1724 verba

505 1750 682 1820 angeli
716 1751 980 1806 intellexit
1010 1762 1063 1807 et
1105 1763 1212 1808 tota
1255 1756 1477 1812 luminis
1509 1756 1647 1812 facta
1687 1766 1871 1826 utpote
1903 1759 2086 1829 puris-

504 1841 642 1896 sima
671 1843 981 1914 divinisque
1007 1845 1164 1914 plena
1193 1847 1406 1914 gratiis,
1441 1848 1492 1902 in
1523 1849 1780 1904 omnibus
1819 1849 1975 1918 plene
1997 1864 2086 1904 ve-

2284 1217 2438 1286 Ἐμοὶ
2461 1220 2611 1274 δοκεῖ
2640 1221 2804 1274 πάλιν
2837 1222 2928 1275 τὸν
2961 1224 3062 1292 μὲν
3097 1224 3262 1292 φόϐον
3291 1225 3374 1278 ἔτι
3405 1225 3506 1296 τὴν
3546 1227 3756 1292 Μαγδαο

2198 1307 2368 1378 ληνὴν
2395 1311 2619 1380 Μαρίαν
2643 1315 2813 1383 ἔχειν,
2874 1316 2969 1368 xui
3000 1315 3101 1380 τὰς
3129 1317 3294 1386 μέχρι
3330 1317 3453 1368 τότε
3488 1317 3756 1370 συνελθούσ-

2199 1417 2298 1464 σας
2324 1402 2432 1455 τῶν
2464 1403 2640 1458 ἄλλων
2703 1405 3026 1473 γυναικῶν·
3084 1409 3146 1461 ού
3206 1410 3314 1478 γὰρ
3373 1409 3613 1479 συνῆκαν
3655 1410 3755 1462 τῶν

2196 1493 2505 1563 εἰρημένων
2532 1497 2685 1566 παρὰ
2714 1497 2810 1551 τοῦ
2833 1499 3070 1564 ἀγγέλου
3103 1499 3201 1569 τὴν
3236 1501 3492 1570 δύναμιν,
3523 1501 3639 1554 οὐδὲ
3671 1501 3755 1554 τοῦ

2194 1583 2374 1650 φωτὸς
2406 1586 2796 1642 ἀντιλαϐέσθαι
2855 1589 3056 1654 τελέως
3095 1591 3350 1662 ἴσχυσαν,
3377 1593 3455 1656 ὡς
3491 1593 3620 1646 ίδεῖν
3670 1594 3755 1646 xui

2193 1676 2535 1745 καταμαθεῖν
2559 1679 2805 1750 ἀκριϐῶς
2828 1697 2844 1713 ο
2879 1682 2981 1749 τὴν
3013 1682 3070 1734 δὲ
3099 1683 3429 1754 Θεομήτορα
3457 1686 3570 1755 τὴν⁵
3596 1685 3754 1754 μεγά·

2191 1767 2290 1839 λην
2325 1770 2634 1838 κτήσασθαι
2677 1773 2876 1842 χαρὰν,
2910 1773 2983 1826 τὰ
3013 1773 3168 1842 παρά
3198 1775 3296 1828 τοῦ
3322 1776 3558 1843 ἀγγέλου
3589 1778 3753 1829 συνείι

2194 1877 2312 1924 σαν,
2341 1860 2437 1914 xui
2464 1861 2558 1914 τοῦ
2587 1863 2766 1930 φωτὸς
2793 1867 3091 1936 γενομένην
3126 1866 3278 1937 ὃλην,
3307 1868 3383 1928 ὡς
3423 1865 3747 1936 κεκαθαρμέ-

504 1935 720 1989 riletem
763 1937 1140 2006 apprehendit,
1177 1947 1230 1992 et
1270 1938 1504 1993 credidit
1539 1940 1868 2009 archangelo
1910 1943 2002 2010 qui
2034 1951 2083 1995 et

2193 1921 2530 2024 νην-ἄκρως,
2562 1921 2658 2009 καὶ
2691 1921 3145 2026 κεχαριτωμένην
3174 1921 3485 2024 θείωςίκαὶ
3511 1959 3600 2011 διὰ
3631 1921 3755 2009 ἐτξιν.

505 2028 675 2082 multa
712 2028 814 2084 ﬁde
853 2029 1049 2098 dignus
1077 2045 1143 2083 ex
1181 2032 1440 2100 operibus
1472 2043 1821 2102 apparuerat.
1858 2032 1922 2088 Et
1961 2049 2083 2088 vero

2193 2060 2299 2096 των
2356 2044 2593 2114 βεϐαίως
2639 2047 2700 2099 τὸ
2757 2047 2955 2115 ἀληθὲς
3011 2051 3107 2102 xui
3145 2049 3522 2118 γνωρίσασαν,
3577 2045 3753 2116 καὶτῷ

505 2120 780 2189 quomodo
809 2137 976 2191 quum
1009 2123 1125 2191 ipsa
1158 2123 1423 2192 portentis
1463 2125 1698 2188 adesset,
1727 2139 1837 2180 non
1869 2126 2083 2181 intelle-

2193 2136 2519 2208 ἀρχαγγέλῳ
2572 2139 2969 2204 πιστεύσασαν,
3022 2141 3146 2194 ἐπεὶ
3174 2142 3270 2194 xui
3301 2143 3496 2204 πιστὸς
3523 2136 3672 2204 οὗτος
3696 2141 3752 2193 ιιι

508 2217 678 2270 sisset
701 2213 864 2283 Virgo
891 2214 1090 2269 divinae
1119 2216 1278 2271 sedes
1304 2217 1586 2287 sapientiae
1610 2217 1750 2286 quod
1783 2217 2083 2287 perfectum

2191 2229 2388 2281 πολλοῦ
2439 2229 2612 2302 ταύτῃ
2671 2233 2762 2285 διὰ
2816 2233 2926 2286 τῶν
2972 2234 3151 2303 ἔργων
3179 2233 3384 2303 ἐφάνη.
3443 2233 3567 2294 Πῶς
3589 2234 3644 2287 δὲ
3668 2233 3752 2286 καὶ

503 2307 697 2371 fuerat,
726 2322 848 2377 qua:
886 2306 1098 2362 viderat
1121 2317 1279 2363 terra:
1317 2319 1524 2362 motum
1560 2317 1635 2376 et,
1664 2324 1919 2379 magnum
1961 2310 2083 2364 dein

2192 2338 2266 2372 πα
2276 2320 2345 2389 ρὰ
2383 2321 2492 2374 τῶν
2521 2324 2834 2393 γενομένων
2869 2323 3042 2390 αὐτῆς
3075 2323 3390 2394 παρούσης,
3420 2326 3522 2379 οὐκ
3549 2325 3614 2380 ἂν
3642 2341 3755 2378 συν-

503 2398 754 2468 angelum
787 2415 815 2453 a
841 2399 994 2468 :cmlo
1036 2399 1482 2464 descendentem,
1521 2401 1609 2455 cui
1652 2409 1908 2469 aspectus
1947 2401 2083 2456 sicut

2190 2415 2324 2484 ἧκεν
2383 2416 2417 2484 ἡ
2453 2415 2714 2485 θεόσοφος
2761 2417 3040 2486 Παρθένος
3099 2417 3163 2471 τὸ
3209 2417 3488 2486 τελεσθὲν,
3545 2419 3750 2487 σεισμὸν

504 2493 709 2560 fulgur,
741 2491 996 2547 custodes
1032 2491 1203 2547 factos
1227 2492 1378 2548 velut
1416 2501 1686 2558 mortuos,
1722 2492 1956 2563 lapidem
1993 2509 2081 2548 re-

505 2582 773 2647 volutum,
804 2583 1180 2637 linteaminum
1220 2583 1360 2638 inter
1409 2597 1470 2637 se
1521 2597 1706 2654 myrra
1762 2589 1816 2636 et
1845 2583 1964 2637 aloe
1993 2599 2088 2653 ag-

509 2675 901 2744 glutinatorum
927 2688 1160 2744 corpore
1179 2690 1478 2730 vacuorum
1511 2674 1702 2746 ingens
1738 2675 2086 2740 miraculum,

505 2767 815 2836 sepulcrum
839 2766 1018 2834 inane,
1050 2774 1104 2822 et
1146 2766 1367 2836 insuper
1396 2766 1581 2820 laetum
1601 2766 1776 2838 angeli
1811 2778 2086 2838 aspectum

506 2873 562 2918 ct
592 2865 886 2919 nuntium?
909 2864 1014 2920 Sed
1047 2880 1266 2936 egressa
1301 2873 1423 2932 post
1453 2867 1597 2920 hunc
1631 2865 1885 2920 nuntium
1922 2866 2085 2920 Maria

503 2957 722 3024 quidem
781 2956 1116 3028 Magdalene,
1148 2955 1303 3026 quasi
1359 2957 1611 3026 angelum
1655 2972 1760 3012 non
1792 2957 2089 3014 audivisset

502 3050 594 3116 qui
629 3061 886 3106 caeterum
924 3067 1030 3106 non
1088 3061 1310 3122 propter
1348 3066 1466 3104 eam
1518 3051 1735 3105 locutus
1785 3049 1985 3116 fuerat,
2016 3051 2083 3105 ad

503 3143 740 3212 spatium
767 3144 1005 3213 sepulcri
1021 3158 1248 3198 vacuum
1267 3141 1522 3208 accessit,
1545 3141 1804 3212 neglectis
1818 3141 2088 3198 linteami-

2193 2503 2395 2570 ίδοῦσα,
2459 2505 2558 2559 xui
2615 2505 2806 2560 τοῦτον
2861 2506 3060 2576 μέγαν,
3095 2506 3331 2574 ἄγγελον
3364 2507 3749 2578 κατερχόμενον

2190 2597 2504 2667 οὐρανόθεν,
2555 2599 2650 2652 xui
2704 2599 2895 2653 τοῦτον
2925 2599 3386 2670 ἀστραπηφόρον.
3427 2604 3522 2670 τήν
3549 2617 3608 2652 τε
3652 2599 3749 2652 τῶν

2187 2686 2501 2758 τηρούντων
2529 2687 2821 2757 νέκρωσιν,
2857 2689 2956 2742 καὶ
2985 2687 3082 2740 τοῦ
3115 2687 3272 2741 λίθου
3304 2689 3407 2759 τὴν
3453 2689 3747 2758 μετάθεσιν.

2189 2780 2287 2832 καὶ
2314 2778 2410 2832 τοῦ
2444 2780 2615 2848 τάφου
2665 2780 2767 2850 τὴν
2819 2780 3071 2846 κένωσιν,
3110 2779 3206 2833 xui
3243 2780 3358 2834 τῶν
3389 2779 3654 2849 ἑνταφίων
3696 2779 3750 2829 τὸ

2191 2870 2336 2940 μέγα
2357 2867 2562 2939 θαῦμα,
2591 2869 2893 2923 ἀδιαλύτων
2924 2870 3068 2940 ἅμα.
3103 2871 3201 2923 xui
3247 2871 3474 2942 σμύρνῃ
3504 2870 3598 2923 καὶ
3629 2867 3748 2935 ἀλόῃ

2189 2961 2585 3031 συνεχομένων,
2639 2963 2736 3015 καὶ
2767 2961 2946 3015 κενῶν
2995 2962 3298 3032 ὁρωμένων
3359 2962 3457 3015 τοῦ
3490 2960 3746 3030 σώματος,

2187 3053 2283 3106 xui
2311 3053 2449 3122 πρὸς
2476 3053 2688 3116 τούτοις
2708 3053 2807 3124 τὴν
2841 3055 2974 3124 πρὸς
3010 3053 3183 3124 αὐτὴν
3216 3053 3378 3124 παρὰ
3409 3051 3745 3120 τοῦζάγγέλου

2186 3144 2534 3213 χαρμόσυνον
2585 3143 2714 3197 θέαν
2757 3145 2851 3198 καὶ
2899 3144 3198 3211 ἀγγελίαν;
3245 3145 3392 3199 Ἀλλ’
3446 3142 3744 3209 ἐξελθοῦσαι

506 3236 688 3299 uibus,
709 3245 762 3290 et
782 3236 954 3290 currit
975 3236 1041 3290 au'
1069 3233 1348 3290 Simonem
1373 3245 1426 3290 et
1447 3235 1513 3289 ad
1539 3234 1704 3288 alium
1731 3233 2080 3304 discipulum,

2192 3235 2333 3304 μετὰ
2389 3236 2475 3289 τὸν
2513 3236 2919 3306 εὐαγγελισμὸν
2968 3236 3182 3298 τοῦτον,
3237 3238 3271 3306 ὴ
3307 3237 3412 3306 μὲν
3433 3226 3746 3302 Μαγδαληνὴ

503 3328 645 3382 sicut
674 3327 808 3380 dixit
833 3325 1092 3381 Joannes.
1118 3324 1313 3394 Wirgo
1341 3333 1519 3379 autem
1545 3324 1770 3394 Deipara
1803 3325 1926 3380 aliis
1951 3341 2081 3380 con-

498 3420 689 3486 juncta
719 3418 1034 3472 mulieribus
1069 3418 1256 3472 eodem
1286 3415 1427 3470 unde
1464 3425 1688 3470 venerat
1731 3415 1974 3482 redibat;
2028 3426 2082 3471 et

501 3525 652 3573 ecce,
689 3510 1144 3580 quemadmodum
1188 3509 1362 3578 inquit
1400 3505 1716 3562 Mattbaeus:
1757 3525 1775 3558 ι
1803 3505 1963 3564 Iesus
1991 3523 2086 3563 oc-

504 3606 678 3659 currit
703 3603 810 3659 illis
833 3603 1020 3658 dicens
1046 3621 1060 3656 :
1101 3601 1270 3655 Avete
1292 3599 1358 3654 “.
1397 3617 1416 3650 ι

504 3698 601 3753 xui
631 3698 721 3752 τὸν
749 3697 907 3752 ἄλλον
939 3695 1210 3766 μαθητὴν,
1243 3695 1317 3758 ὡς
1345 3695 1374 3746 6
1409 3694 1664 3763 Ἰωάννης
1697 3694 1886 3764 φησίν.
1957 3692 2026 3745 'll
2060 3692 2115 3745 δὲ
2154 3693 2444 3767 θεομήτωρ
2507 3696 2788 3767 Παρθένος
2846 3695 3064 3765 ἑτέραις

2190 3327 2403 3396 Μαρία,
2431 3326 2508 3390 ὡς
2535 3327 2602 3382 ἂν
2624 3329 2672 3381 εί
2695 3327 2832 3398 μηδὲ
2856 3329 3058 3400 ἢκουσε
3081 3327 3174 3382 τοῦ
3199 3328 3462 3395 ἀγγέλου,
3491 3325 3609 3398 μηδ’
3625 3321 3749 3376 ἑκεί-

2190 3435 2283 3471 νου
2331 3419 2504 3489 δήπου
2547 3419 2616 3472 δι’
2665 3420 2836 3488 αὐτὴν
2871 3420 3283 3490 φθεγξαμένου,
3339 3420 3438 3491 τὴν
3464 3417 3558 3472 τοῦ
3587 3415 3743 3481 τάφου

2189 3507 2418 3562 κένωσιν
2439 3509 2824 3579 ὲξακριϐοῦται
2859 3511 3051 3581 μόνην,
3096 3509 3204 3565 τῶν
3235 3509 3514 3578 ὲνταφίων
3562 3503 3746 3574 μηδένα

2191 3600 2349 3668 λόγον
2372 3603 2720 3673 ποιησαμένη
2743 3617 2757 3632 ο
2790 3604 2886 3656 καὶ
2911 3603 3101 3672 τρέχει
3139 3601 3275 3670 πρὸς
3301 3601 3527 3671 Σίμωνα
3561 3594 3745 3661 Πέτρον

3141 3694 3368 3763 γυναιξὶ
3410 3691 3743 3761 συναφθεῖσσι⁹

504 3791 629 3845 ὃθεν
657 3784 843 3862 ἦλθεν,
883 3791 1225 3861 ἐπανήρχετο
1273 3789 1437 3844 πάλιν
1465 3804 1478 3819 ·
1529 3792 1623 3844 xui
1660 3790 1795 3857 ἰδοῦ,
1821 3787 2074 3860 καθάπερ
2109 3788 2138 3840 6
2165 3789 2445 3856 Mutﬂzié;
2475 3809 2639 3871 φησιν
2662 3810 2676 3824 ο
2735 3805 2753 3839 t
2799 3791 2860 3841 ’0
2935 3791 3144 3859 Ἰησοῦς
3193 3792 3510 3864 ὑπήντησεν
3536 3784 3743 3860 ,αὐταῖς

504 3885 703 3952 λέγων,
739 3884 995 3955 Χαίρετε.
1039 3903 1056 3935 ι

578 3980 789 4036 Videtis
829 3981 1109 4048 Deiparam
1144 3989 1271 4034 ante
1313 3979 1534 4034 Mariam
1563 3978 1932 4047 Magdalenam
1958 3992 2082 4033 eum

506 4074 602 4144 qui
629 4080 850 4144 propter
879 4073 1108 4126 salutem
1142 4081 1390 4126 noui-am
1420 4086 1587 4125 carne
1609 4085 1806 4138 passus
1836 4077 1891 4124 et
1908 4067 2088 4138 sepul-

510 4179 602 4222 tus
657 4167 959 4222 resurrexit
1005 4165 1399 4232 conspexisse?
1436 4183 1454 4216 ι
1489 4165 1597 4220 Illa:
1648 4174 1852 4229 autem,
1887 4162 2084 4231 inquit,

506 4267 860 4315 accesserunt
915 4265 968 4312 et
1015 4259 1280 4326 amplexa:
1325 4255 1488 4325 pedes
1540 4256 1679 4325 ejus,
1718 4257 2086 4311 adoraverunt

503 4370 651 4409 cum.
709 4371 728 4406 ι
784 4349 1256 4418 Quemadmodum
1334 4348 1755 4403 resurrectionis
1826 4347 2074 4414 nuntium

503 4455 795 4514 postquam
824 4444 891 4498 ab
917 4441 1110 4513 angelo
1140 4456 1263 4496 cum
1296 4439 1460 4493 Maria
1500 4439 1812 4510 Magdalena
1839 4437 2080 4493 audivis-

505 4538 714 4593 setsola
737 4537 1006 4591 dictorum
1033 4547 1251 4588 sensum
1283 4531 1550 4586 intellexit
1571 4530 1822 4600 Deipara,
1852 4530 1922 4585 ita
1954 4546 2075 4584 cum

507 4628 720 4684 czeteris
753 4625 1072 4680 mulieribus
1098 4623 1259 4677 obvia
1283 4621 1422 4676 Filio
1447 4621 1713 4690 simulque
1750 4623 1879 4686 Deo,
1907 4623 2078 4691 prima

507 4736 572 4774 ex
601 4719 856 4773 omnibus
886 4716 1097 4772 cmteris
1122 4727 1174 4768 et
1192 4713 1325 4766 vidit
1359 4721 1411 4768 et
1435 4691 1654 4780 agnovit
1675 4714 1995 4776 redivivum,
2027 4724 2082 4768 ct

505 4813 798 4880 procidcns
842 4811 1005 4878 pedes
1049 4809 1166 4872 ejus
1199 4805 1391 4874 tetigit,
1451 4813 1504 4860 et
1557 4806 1749 4859 nuntia
1791 4805 1905 4874 ipsa
1940 4805 2078 4859 facta

503 4916 586 4960 est
619 4906 683 4958 ad
725 4904 1024 4972 apostolos.
1062 4899 1216 4965 Quod
1251 4907 1433 4952 autem
1460 4897 1624 4950 Maria
1655 4897 1964 4967 Magdalrne
1986 4914 2080 4951 ne-

505 5015 777 5068 quaqnam
813 5003 932 5048 erat
983 5008 1107 5048 cum
1148 4991 1240 5044 Dei
1278 4999 1473 5052 matre,
1511 4991 1731 5057 quando
1764 5005 1792 5042 a
1827 4992 2081 5060 sepulcro

507 5106 768 5160 regressa:
797 5099 1094 5140 occurrens
1112 5082 1425 5151 apparuitet
1451 5081 1664 5136 locutus
1689 5091 1772 5136 est
1796 5081 2076 5144 Dominus,

506 5183 768 5233 «iis-cimus
793 5193 818 5227 a
849 5175 1060 5230 Joanne
1089 5174 1331 5227 dicente:
1369 5192 1386 5223 ι
1416 5173 1673 5226 Cucurrit
1701 5174 1765 5226 ad
1801 5173 2078 5227 Simonem

510 5275 724 5326 l‘ctrum
759 5285 812 5325 et
843 5270 909 5322 ad
937 5269 1098 5321 alium
1121 5265 1450 5334 discipulum
1474 5281 1632 5335 quem
1652 5266 1866 5320 amabat
1893 5265 2077 5332 Jesus,

505 5375 558 5419 et
583 5363 712 5418 dicit
745 5361 887 5413 illis:
920 5357 1184 5410 Tulerunt
1218 5353 1504 5408 Dominum
1536 5356 1601 5408 tle
1627 5364 2000 5417 monumento,
2029 5366 2084 5410 et

507 5457 784 5511 nescimus
813 5453 902 5504 ubi
934 5460 1233 5520 posuerunt
1261 5448 1466 5501 eum“.
1505 5468 1520 5498 ι
1548 5445 1682 5500 Nam
1707 5448 1751 5500 si
1777 5448 2006 5503 vidisset
2028 5458 2081 5502 et

509 5550 762 5602 manibus
801 5545 1070 5612 tetigisset
1099 5550 1152 5596 et
1187 5549 1558 5594 occurrentem
1609 5541 1922 5605 audivisset,
1972 5557 2084 5610 quo

506 5649 663 5705 pacto
693 5638 919 5701 diceret,
960 5634 1224 5688 Tulerunt
1261 5649 1384 5686 cum
1439 5642 1490 5686 et
1547 5633 1674 5687 hinc
1705 5643 2082 5702 portaverunt,

2265 3975 2466 4045 Ὀρᾶτε
2493 3974 2577 4028 ὅτι
2638 3974 2736 4028 καὶ
2789 3971 2896 4043 πρὸ
2922 3972 3024 4042 τῆς
3059 3965 3435 4040 Μαγδαληνῆς
3467 3967 3674 4038 Μαρίας
3709 3961 3739 4032 ἡ

2183 4069 2482 4139 Θεομήτωρ
2539 4063 2647 4120 εἶδε
2697 4066 2790 4120 τὸν
2849 4065 2938 4119 διὰ
2995 4063 3096 4132 τὴν
3147 4063 3434 4134 ἡμετέραν
3484 4056 3740 4128 σωτηρίαν

2184 4158 2350 4230 σαρκὶ
2395 4157 2492 4211 xui
2555 4156 2802 4210 παθόντα
2856 4155 2954 4208 καὶ
3003 4153 3246 4222 ταφέντα
3273 4154 3372 4206 xui
3408 4151 3737 4210 ἀναστάντας

2163 4267 2165 4270 ‘
2189 4268 2209 4302 ε
2236 4250 2302 4303 Δί
2335 4249 2393 4304 δὲ
2415 4246 2840 4320 προσελθοῦσαι,
2873 4247 3060 4318 φησὶν,
3093 4245 3411 4314 ἐκράτησαν
3437 4241 3598 4298 αὐτοῦ
3624 4238 3740 4298 τοὺς

2185 4343 2350 4403 πόδας
2403 4341 2496 4393 xui
2552 4337 2974 4409 προσεκύνησαν
3023 4337 3193 4408 αύτῷ.
3230 4355 3250 4388 ι
3315 4337 3586 4405 Καθάπερ
3609 4331 3662 4384 δὲ
3687 4327 3739 4379 τὸ

2186 4434 2506 4502 εὐαγγέλιον
2547 4433 2640 4498 τῆς
2677 4433 3031 4493 ἀναστάσεως
3065 4429 3204 4500 μετὰ
3232 4429 3335 4500 τῆς
3387 4421 3738 4496 Μαγδαληνῆς

2186 4527 2406 4593 Μαρίας
2450 4525 2771 4594 ἠΘεοτόκος
2834 4525 2986 4593 παρὰ
3044 4522 3138 4576 τοῦ
3190 4521 3429 4590 ἀγγέλου
3476 4517 3740 4574 ἀκούσασα

2190 4619 2328 4689 μόνη
2365 4619 2564 4683 συνῆκε
2588 4617 2698 4670 τῶν
2729 4615 3036 4686 εἰρημένων
3078 4614 3178 4686 τὴν
3207 4613 3462 4683 δύναμιν,
3492 4611 3628 4664 οῦτω
3657 4605 3739 4659 xi

2189 4710 2329 4779 μετὰ
2389 4709 2497 4762 τῶν
2553 4708 2728 4761 ἄλλων
2791 4705 3088 4774 γυναικῶν,
3123 4705 3481 4776 ὕπαντήσασα
3527 4701 3601 4770 τῷ
3637 4695 3740 4761 Υἱῴ

2187 4803 2282 4855 καὶ
2311 4801 2452 4868 Θεῷ,
2507 4799 2697 4870 πρώτη
2753 4798 2859 4851 τῶν
2888 4799 3062 4852 ἄλλων
3115 4796 3347 4851 ἀπασῶν
3386 4795 3482 4849 xui
3516 4789 3620 4844 εἶδε
3654 4785 3740 4840 καὶ

2187 4897 2401 4963 ἐπέγνω
2429 4897 2522 4948 τὸν
2547 4895 2877 4958 ἀναστάντα,
2908 4896 3005 4946 καὶ
3036 4890 3428 4962 προσπεσοῦσα
3457 4889 3564 4941 τῶν
3587 4880 3738 4937 αὺτοῦ

2188 4990 2366 5060 ἥψατο
2397 4989 2594 5054 ποδῶν,
2638 4989 2727 5040 καὶ
2758 4987 3057 5049 ἀπόστολος
3105 4985 3274 5038 αὑτοῦ
3312 4985 3448 5052 πρὸς
3479 4982 3600 5040 τοὺς
3623 4977 3742 5028 ἀπι-

2193 5087 2413 5149 στόλους
2459 5086 2700 5154 ἐγένετο.
2757 5083 2880 5136 Ὀτι
2939 5082 2994 5134 δὲ
3033 5080 3432 5152 ήΜαγδαληνὴ
3478 5073 3658 5144 Μαρία
3683 5068 3738 5119 οὗ

2189 5180 2356 5247 συνῆν
2416 5181 2484 5248 τῇ
2526 5176 2621 5230 τοῦ
2681 5176 2816 5230 Θεοῦ
2849 5175 3055 5244 Μητρὶ,
3101 5174 3261 5243 ἡνίκα
3287 5172 3439 5241 παρά
3463 5169 3554 5222 τοῦ
3581 5164 3738 5230 τάφου

2188 5270 2490 5343 ὲπανιούση
2519 5270 2797 5340 ὑπήντησε
2823 5268 2918 5321 xui
2948 5267 3192 5335 ἐπεφάνη
3225 5265 3322 5318 καὶ
3347 5259 3740 5334 προσελάλησεν

2189 5364 2327 5432 αῦτῇ
2362 5364 2390 5413 6
2443 5362 2674 5431 Κύριος,
2716 5359 3088 5428 διδασκόμεθα
3132 5357 3282 5426 παρά
3337 5355 3433 5408 τοῦ
3485 5353 3736 5404 Ἰωάννου’

2198 5473 2215 5506 ι
2247 5455 2442 5522 Τρέχει
2464 5455 2594 5524 γὰρ,
2630 5453 2815 5523 φησὶν,
2847 5450 2986 5519 αῦτη
3023 5451 3158 5519 πρὸς
3191 5450 3407 5518 Σίμωνα
3433 5447 3629 5514 Πέτρον
3657 5437 3741 5492 καὶ

2192 5547 2326 5616 πρὸς
2369 5547 2458 5597 τὸν
2508 5545 2666 5599 ἄλλον
2705 5543 2973 5614 μαθητὴν,
3005 5544 3065 5595 ὃν
3113 5543 3287 5612 ἐφίλει
3326 5543 3352 5594 ὁ
3401 5537 3626 5610 Ἰησοῦς,
3656 5535 3740 5585 καὶ

2185 5637 2334 5703 λέγει
2370 5639 2573 5701 αὐτοῖς,
2607 5632 2791 5706 Ἦραν
2833 5639 2921 5688 τὸν
2970 5636 3171 5704 Κύριον
3231 5638 3294 5688 ἐκ
3325 5633 3418 5686 τοῦ
3467 5628 3735 5701 μνημείων

508 5746 616 5800 quo
655 5738 860 5783 autem.
921 5727 1231 5782 nescimus?
1268 5726 1372 5780 Sed
1433 5737 1722 5796 postquam
1784 5725 1974 5780 Petrus
2036 5738 2083 5779 et

2189 5732 2280 5783 καὶ
2333 5730 2488 5800 107
2519 5731 2618 5783 οὐκ
2649 5729 2870 5798 οἴδαμεν
2928 5729 3029 5781 ποῦ
3094 5730 3296 5793 ἔθηκαν
3355 5726 3532 5778 αὐτόν.
3570 5741 3586 5772 ι
3632 5715 3739 5773 Πῶς

581 5914 624 5944 θ’
686 5911 874 5966 Matth.
910 5883 1094 5976 xivur,
1136 5915 1252 5966 (5-8.
1331 5913 1372 5942 ⁶⁶
1413 5910 1544 5962 ibid.
1588 5909 1637 5962 9.
1719 5909 1760 5939 "
1803 5907 1928 5958 ’.ιλιι
1996 5923 2083 5971 xx,

2126 5906 2158 5940 »ἦ
