4046 6444
298 449 407 513 ets

1610 459 1775 520 ΗοΜ
1791 460 1938 521 ILIA
1967 463 2184 524 XVIII.

3443 469 3558 534 246

304 562 413 630 γάρ
438 563 502 614 ἂν
530 562 687 633 εἴπερ
715 557 846 629 εῖδε,
870 567 961 618 καὶ
986 569 1178 637 χερσὶν
1207 570 1406 640 ἥψατο,
1439 570 1532 623 καὶ
1565 573 1867 641 συντυγχά-

1982 573 2204 628 Ioannes
2255 577 2638 634 rtmurrissent
2665 578 2732 631 ad
2778 567 3215 643 moimmentnm,
3250 590 3303 636 et
3329 599 3558 655 conspe-

304 670 487 716 νοντος
516 655 740 726 ἢκουσε,
771 658 996 712 τοιαῦτα
1027 661 1232 728 ἔλεγεν,
1266 663 1352 715 ὅτι
1384 657 1568 732 1Ἥραν
1600 666 1695 716 καὶ
1732 681 1863 732 μετ-

309 743 530 810 ἐθηκαν,
562 743 697 798 ὅπου
734 746 812 813 δὲ,
843 747 942 800 οὐκ
973 749 1234 818 οἴδαμενς
1279 751 1438 804 Ἀλλὰ
1474 752 1614 822 μετά
1649 753 1740 805 τὸν
1766 755 1868 806 ne.

308 853 439 904 τρου
487 837 581 889 καὶ
631 838 878 894 Ἰωάννου
928 841 1130 911 δρόμον
1160 846 1253 901 ἐπὶ
1283 847 1375 900 τὸν
1417 847 1610 914 τάφον,
1641 848 1734 900 καὶ
1764 849 1862 917 τὴν
1901 851 2020 902 ἐκεῖ
2071 851 2200 905 θέαν
2259 853 2368 906 τῶν
2415 855 2644 909 ὀθονίων
2697 859 2794 911 καὶ
2827 861 2926 930 τὴν
2993 863 3274 929 ἐπάνοδον,

309 927 570 995 εἱστήκει,
603 929 758 996 φησὶ,
790 930 926 1001 πρρς
952 933 1012 986 τὸ
1055 939 1326 1004 μνημεῖον
1379 935 1642 993 κλαίουσα
1675 938 1802 1005 ἐξω.

390 1017 581 1084 Ὁρᾶτε
629 1017 705 1081 ὡς
765 1019 838 1093 μὴ
899 1023 1060 1092 μόνον
1097 1025 1249 1080 οὔπω
1279 1024 1443 1095 εἶδεν,
1499 1030 1614 1083 ἀλλ’
1641 1031 1766 1084 οὐδὲ
1806 1030 1874 1083 δι’

307 1109 476 1177 ἀκοῆς
509 1111 926 1185 ἐπληροφορήθη
954 1118 1134 1183 ;,,καὶ
1186 1121 1296 1174 τῶν
1348 1126 1786 1194 ἐπιφαινομένων
1815 1125 1872 1178 δὲ

307 1203 508 1271 ταύτην
560 1205 953 1275 ἐρωτησάντων
999 1211 1269 1279 ἀγγέλων,
1306 1215 1492 1282 Γύναι,
1525 1217 1580 1271 τί
1615 1218 1864 1284 κλαίειςς

308 1291 490 1359 ἐκείνη
524 1293 685 1348 πάλιν
727 1295 802 1358 ὡς
856 1300 986 1366 περὶ
1017 1304 1213 1370 νεκροῦ
1265 1306 1656 1374 ἀποκρίνεταιο
1691 1308 1783 1370 ὡς
1812 1309 1870 1362 δὲ

310 1387 612 1451 στραφεῖσα
658 1387 750 1440 τὸν
819 1391 1026 1462 Ἰησοῦν
1053 1389 1212 1459 εἶδεν,
1257 1397 1378 1449 οὐδὲ
1410 1398 1571 1452 πάλιν
1608 1401 1868 1470 συνῆκεν,

305 1473 422 1524 ἀλλ’
449 1476 774 1550 ἐρωτωμένη
803 1483 895 1535 καὶ
924 1485 1059 1555 παρ’
1081 1486 1270 1551 αὑτοῦ,
1301 1489 1363 1542 τί.
1406 1492 1582 1545 κλαίει
1610 1533 1624 1558 ,
1657 1492 1724 1546 τὰ
1760 1510 1866 1546 πα-

309 1566 584 1636 ραπλήσια
643 1572 960 1642 φθέγγεται,
1009 1580 1112 1641 ἕως
1141 1575 1201 1634 οὗ
1231 1582 1290 1647 ἐξ
1338 1584 1607 1654 ὀνόματος
1660 1587 1868 1647 ἐκεῖνος

306 1658 475 1727 αὐτὴν
515 1661 771 1728 καλέσας,
822 1666 1012 1721 ἐαυτὸν
1073 1673 1418 1742 παρέστησεν
1445 1676 1594 1732 ὄντα.
1633 1677 1768 1732 Τότε
1803 1679 1870 1747 δὴ

309 1753 694 1814 προσπεσοῦσα
741 1759 838 1824 καὶ
869 1761 1028 1830 αὑτὴ,
1055 1763 1151 1816 καὶ
1179 1765 1421 1834 ζητοῦσα
1451 1766 1542 1822 τὸν
1575 1768 1871 1839 ἀσπασμὸν

305 1841 417 1900 τοῖς
441 1840 648 1896 ἐκείνου
683 1847 812 1898 ποσὶ
837 1855 1244 1934 προσενεγκεῖν,
1278 1855 1480 1924 ἢκουσε
1515 1859 1648 1928 παρ’
1677 1860 1867 1926 αὑτοῦ,

1981 667 2086 720 etis
2149 667 2219 720 ibi
2277 667 2687 725 linteaminibus
2722 673 3066 739 redivissent,
3132 674 3318 739 Maria,
3358 679 3556 746 inquit,

1979 757 2160 810 stabat
2186 759 2250 810 ad
2294 769 2708 816 monumentum
2743 763 2897 825 foris,
2923 767 3164 834 plorans.

3368 863 3558 934 Μαρία

2053 1029 2330 1084 Videtisne
2361 1045 2480 1085 eam
2522 1048 2626 1086 non
2675 1034 2852 1088 solum
2903 1037 3147 1090 nondum
3200 1039 3427 1106 vidisse,
3462 1041 3555 1094 sed

1980 1121 2144 1174 etiam
2177 1123 2414 1176 nondum
2454 1125 2732 1180 audivisse
2763 1126 3095 1182 Dominum?
3136 1129 3203 1183 Et
3247 1133 3557 1200 apparenti-

1981 1212 2084 1266 bns
2139 1214 2352 1281 angelis
2412 1217 2504 1283 qni
2557 1231 2676 1272 eam
2730 1220 3208 1288 interrogaverunt
3264 1223 3556 1277 dicentes:

1980 1303 2194 1370 Mulier,
2215 1305 2345 1374 quid
2377 1307 2605 1376 ploras?
2635 1309 2724 1363 illa
2744 1309 2938 1364 iterum
2967 1321 3223 1381 tanquam
3250 1313 3318 1368 de
3343 1327 3565 1367 morum

1980 1398 2315 1466 respondet;
2359 1410 2413 1453 et
2463 1391 2684 1469 quando
2724 1419 2987 1459 conversa
3025 1405 3158 1458 vidit
3199 1403 3406 1471 Jesmn,
3463 1420 3560 1458 nec

1976 1487 2158 1542 adhuc
2193 1489 2435 1557 agnovit,
2469 1489 2564 1543 sed
2591 1492 2659 1543 ab
2690 1506 2756 1545 eo
2779 1492 3109 1562 interrogata
3141 1493 3271 1562 quid
3301 1492 3557 1562 ploraret.

1977 1579 2328 1633 vehementer
2360 1580 2692 1636 lamentatur
2723 1583 2899 1638 donec
2936 1585 3025 1637 ille
3053 1599 3172 1637 eam
3207 1583 3430 1637 nomine
3460 1599 3559 1652 ap-

1981 1672 2193 1740 pellans
2249 1674 2601 1744 semetipsum
2665 1676 2937 1730 viventem
2997 1678 3215 1732 obtulit.
3253 1675 3411 1730 Tunc
3441 1678 3556 1744 ipsa

1977 1779 2197 1832 quoque
2228 1765 2538 1833 procidens,
2569 1775 2624 1821 et
2661 1768 2888 1837 cupiens
2928 1769 3093 1837 pedes
3121 1768 3242 1837 ejus
3282 1769 3558 1836 amplecti,

1976 1855 2044 1908 ab
2073 1870 2138 1909 eo
2170 1857 2379 1910 audivit
2419 1875 2432 1909 :
2466 1857 2588 1912 Noli
2634 1875 2719 1914 me
2752 1871 2972 1931 tangere
3003 1877 3018 1925 ;
3056 1874 3086 1914 a
3117 1874 3223 1930 quo
3255 1859 3555 1923 discimus.

307 1930 414 2028 Μή.
453 1949 554 2002 μου
606 1935 817 2028 ἅπτου·
871 1930 1000 2012 παρ’
1038 1937 1099 1996 οὗ
1159 1948 1532 2020 μανθάνομεν,
1585 1952 1662 2016 ὡς
1697 1953 1864 2028 ἡνίκα

1982 1947 2224 2016 quoniam
2275 1951 2494 2015 quando
2520 1951 2672 2021 prius
2713 1953 2862 2007 visus
2913 1962 2996 2007 est
3035 1951 3190 2007 Matri
3238 1953 3559 2024 caeterisque

309 2020 599 2114 πρότερον.
630 2025 782 2102 ὤφθη
843 2036 909 2101 τῇ
971 2053 1032 2089 τε
1059 2037 1248 2107 Μητρὶ
1279 2041 1378 2094 καὶ
1403 2046 1524 2107 ταῖς
1582 2020 1874 2111 συνούσαις

307 2113 447 2208 αὐτῇ
486 2113 753 2186 γυναιξὶν,
808 2125 944 2194 αὐτῇ
973 2129 1110 2201 μόνῃ
1161 2135 1255 2188 καὶ
1283 2135 1393 2189 τῶν
1423 2138 1604 2192 ποδῶν
1626 2138 1873 2208 ἅψασθαι

308 2207 601 2298 παρέσχεν,
633 2216 681 2266 εί
711 2217 804 2269 καὶ
831 2219 857 2270 ὁ
887 2219 1163 2287 Ματθαῖος
1209 2232 1600 2285 κοινοποιεῖται
1628 2233 1726 2287 καὶ
1751 2237 1876 2298 ταῖς

277 2295 492 2396 suam
538 2303 755 2371 γυναιξὶ
800 2310 976 2375 τοῦτο,
1022 2313 1099 2384 μὴ
1132 2315 1304 2371 θέλων
1347 2319 1415 2373 δι’
1444 2323 1511 2392 ἢν
1559 2323 1659 2392 τὴν
1697 2295 1876 2396 ἀρχὴν

307 2390 520 2463 ἔφημεν
565 2399 768 2465 αἰτίαν,
807 2406 1057 2474 φανερῶς
1086 2409 1182 2479 τὴν
1208 2411 1437 2483 Μητέρα
1467 2390 1877 2485 προάγειν

307 2487 419 2540 τῶν
446 2492 724 2549 τοιούτων.
765 2496 918 2552 Ἐπεὶ
945 2499 1002 2553 δὲ
1035 2503 1177 2570 μετά
1207 2504 1267 2557 τὸ
1297 2504 1524 2577 πρώτην
1567 2507 1748 2564 ἐλθεῖν
1781 2509 1876 2562 ἐπὶ

308 2578 402 2672 τον
429 2579 598 2650 τάφον
655 2583 752 2654 τὴν
778 2585 1143 2660 άιιπάρθενον
1177 2595 1429 2664 Μαρίαν,
1489 2598 1587 2652 καὶ
1649 2599 1877 2672 πρώτην

309 2671 372 2721 τὸ
397 2672 709 2746 εὐαγγέλιον
735 2681 831 2747 τῆς
856 2682 1208 2748 ἀναστάσεως
1231 2687 1488 2752 δέξασθαι
1525 2691 1722 2746 ’πολλαὶ⁵
1746 2709 1876 2747 συν·

310 2760 493 2829 ἦλθον,
519 2767 723 2820 καὶτὸν
755 2769 900 2823 λίθον
945 2767 1084 2826 εῐδον
1133 2777 1634 2847 ἀποκεκυλισμένον
1688 2782 1879 2836 κάκεῖ-

313 2872 423 2916 ναι,
453 2859 547 2910 καὶ
568 2859 675 2911 τῶν
696 2861 940 2928 ἀγγέλων
959 2864 1219 2934 ἥκουσαν,
1255 2871 1575 2927 ἐπανιοῦσαι
1608 2875 1750 2945 μετά
1777 2875 1879 2949 τὴν

309 2947 570 3020 τοιαύτην
603 2950 768 3020 ἀκοὴν
801 2957 894 3008 καὶ
923 2955 1051 3011 θέαν
1073 2958 1474 3032 ἐμερίσθησαν.
1507 2965 1618 3018 Καὶ
1663 2967 1720 3020 aI
1754 2947 1876 3038 μὲν,

314 3039 568 3110 καθάπερ
611 3041 638 3095 ό
674 3044 901 3115 Μάρκος
945 3049 1097 3118 φησι,
1153 3069 1174 3103 ε
1219 3051 1424 3123 ἐφυγον
1465 3057 1576 3111 ἀπὸ
1603 3057 1699 3112 τοῦ
1734 3077 1878 3132 μνη-

312 3133 497 3201 μείου,
543 3151 635 3187 και
678 3138 824 3206 εἶχεν
876 3141 1047 3205 αὐτὰς
1103 3145 1268 3212 φόϐος
1320 3150 1416 3202 καὶ
1464 3150 1752 3221 ἔκστασις,
1784 3158 1881 3210 καὶ

311 3223 496 3278 οὐδενὶ
551 3226 702 3280 οὐδὲν
729 3225 901 3297 εἷπον,
956 3234 1245 3302 ἐφοϐοῦντο
1273 3241 1380 3309 γάρ
1404 3259 1417 3272 ·
1459 3261 1478 3294 ι
1515 3244 1572 3296 αί
1599 3243 1656 3298 δὲ
1687 3249 1756 3317 τῇ
1783 3247 1878 3301 τοῦ

311 3316 524 3386 Κυρίου
559 3319 773 3374 εἵποντο
827 3324 1033 3395 Μητρὶ.
1080 3326 1136 3381 αἱ
1189 3330 1284 3382 καὶ
1329 3335 1429 3399 τῆς
1470 3333 1564 3387 τοῦ
1597 3316 1876 3391 Δεσπότου

314 3407 442 3473 θέας
469 3413 560 3477 καὶ
590 3414 805 3482 ὁμιλίας
855 3418 1138 3487 ἐπέτυχον.
1188 3419 1255 3474 Ἦ
1280 3423 1338 3476 δέ
1366 3423 1708 3498 Μαγδαληνὴ
1744 3431 1881 3500 πρὸς

314 3501 528 3573 Πέτρον
558 3505 650 3558 καὶ
703 3505 957 3576 Ἰωάννην
1008 3507 1196 3582 ἀπῄει,
1230 3511 1350 3580 μεθ’
1377 3505 1455 3568 ὧν
1477 3514 1575 3570 καὶ
1614 3516 1754 3588 πρὸς
1789 3520 1882 3574 τδν

316 3596 488 3664 τάφον
522 3595 682 3651 πάλιν
714 3599 930 3668 ἔρχεται
969 3600 1106 3673 μόνη
1129 3618 1143 3633 ο
1189 3605 1464 3660 κάκείνων
1489 3608 1885 3681 ἀναχωρησάν-

316 3705 447 3754 των,
471 3688 609 3760 αὐτὴ
627 3692 1018 3761 παραμείνασα
1033 3695 1132 3764 τῆς
1158 3698 1496 3768 Δεσποτικῆς
1517 3700 1764 3766 ἀξιοῦται
1787 3705 1885 3758 καὶ

329 3780 457 3852 αὓτη
479 3781 628 3848 θέας,
653 3786 746 3836 καὶ
775 3783 910 3853 πρὸς
939 3785 1066 3849 τοὺς
1090 3788 1419 3852 ἀποστόλους
1440 3786 1533 3842 καὶ
1561 3789 1703 3862 αὕτη
1740 3794 1882 3864 πέμ-

334 3890 500 3942 πεται,
556 3877 653 3930 καὶ
714 3877 851 3947 πρὸς
883 3877 1083 3941 αὐτοὺς
1109 3877 1331 3950 ἔρχεται
1380 3881 1566 3951 πάλιν,
1601 3883 1879 3954 ἀπαγγέλ-

324 3965 483 4018 λουσα
539 3969 724 4032 πᾶσιν,
781 3968 855 4031 ὡς
899 3969 1151 4038 Ἰωάννης
1205 3973 1393 4042 φησὶν,
1450 3992 1471 4027 ι
1513 3974 1634 4029 Ὅτι
1666 3975 1879 4048 ἑώρακε

319 4059 410 4111 τὸν
439 4059 662 4128 Κύριον,
693 4061 789 4114 καὶ
821 4061 996 4115 ταῦτα
1028 4058 1180 4116 εἶπεν
1210 4063 1373 4135 αὐτῇ.
1399 4085 1420 4119 ι

388 4150 602 4221 Ταύτην
661 4147 755 4205 οὖν
814 4151 914 4221 τὴν
951 4152 1081 4206 θέαν
1115 4154 1263 4223 πρωΐ
1292 4171 1427 4225 φησι
1460 4157 1565 4211 καὶ
1590 4158 1618 4210 ό
1648 4158 1879 4228 Μάρκος

315 4239 590 4308 γενέσθαι,
619 4241 871 4296 τουτέστι
910 4243 1055 4297 κατὰ
1083 4243 1179 4314 τὴν
1209 4247 1497 4317 ἀκραιφνῆ
1535 4249 1633 4317 τῆς
1663 4250 1879 4320 ἡμέρας

314 4330 511 4401 ἀρχὴν,
553 4331 652 4386 τοῦ
685 4333 881 4404 ὄρθρου
930 4335 1296 4404 παρελθόντος
1341 4337 1564 4404 παντὸς,
1613 4341 1728 4394 ἀλλ’
1755 4343 1880 4412 οὐχὶ

312 4423 412 4492 τὴν
440 4424 534 4476 τοῦ
573 4425 775 4495 Κυρίου
807 4425 1131 4490 ἀνάστασιν,
1172 4427 1293 4481 οὐδὲ
1326 4429 1424 4501 τὴν
1449 4433 1672 4502 πρώτην
1708 4433 1878 4486 αὑτοῦ

315 4514 634 4583 ἐπιφάνειαν
671 4515 790 4569 τότε
852 4517 1104 4585 γενέσθαι
1153 4519 1583 4591 ἰσχυριζόμενος.
1643 4523 1879 4595 Ἕχομεν

1979 2040 2302 2096 mulieribus
2332 2042 2745 2108 comitantibus,
2783 2045 2909 2099 huic
2937 2045 3036 2099 soli
3067 2045 3215 2100 dedit
3248 2044 3410 2113 pedes
3435 2053 3558 2100 tan.-

1977 2147 2126 2204 gere,
2173 2135 2272 2185 etsi
2315 2132 2604 2191 Mattlneus
2655 2137 2798 2190 istud
2858 2137 2982 2190 aliis
3036 2137 3358 2191 mulieribus
3405 2150 3560 2190 com-

1979 2239 2146 2278 mune
2185 2223 2370 2289 faciat,
2417 2242 2587 2296 quum
2639 2229 2804 2281 nollet
2865 2237 3084 2298 propter
3133 2243 3249 2282 eam
3292 2242 3457 2296 quam
3502 2226 3555 2281 in

1979 2320 2256 2391 principio
2308 2320 2602 2378 retulimus
2661 2337 2917 2386 causam,
2982 2331 3170 2392 aperte
3219 2321 3444 2376 Matrem
3502 2324 3557 2376 in

1982 2413 2180 2469 talibus
2236 2413 2672 2470 circumstantiis
2743 2423 2935 2469 testem
3015 2413 3279 2484 proferre.
3355 2414 3558 2468 Verum

1982 2523 2107 2564 cum
2161 2509 2337 2580 prima
2371 2511 2688 2579 sepulcrum
2754 2509 2924 2564 Maria
2973 2525 3190 2581 semper
3225 2509 3386 2578 Virgo
3443 2510 3562 2564 adi-

1980 2601 2174 2667 visset,
2217 2603 2504 2673 primaque
2557 2619 2883 2674 prosperum
2937 2602 3365 2658 resurrectionis
3409 2617 3556 2656 nun-

1983 2695 2115 2748 tium
2135 2694 2456 2766 accepisset,
2480 2696 2665 2766 plures
2692 2699 2919 2750 aderant
2944 2710 3068 2766 quae
3097 2696 3304 2764 pariter
3325 2694 3557 2762 lapidem

1982 2786 2240 2840 viderunt
2279 2787 2587 2841 revolutum
2616 2788 2955 2856 angelosque
2984 2787 3305 2850 audierunt;
3361 2786 3559 2854 quibus

1982 2877 2187 2932 auditis
2229 2887 2284 2932 et
2325 2880 2458 2934 visis
2506 2889 2841 2936 reVertemes
2873 2882 3061 2936 divisae
3093 2889 3238 2934 sunt.
3273 2880 3406 2934 Alias.
3437 2881 3561 2948 qui-

1981 2971 2127 3037 dem,
2185 2971 2326 3027 sicut
2389 2972 2604 3028 Marcus
2647 2971 2806 3040 dixit,
2866 2992 2885 3026 ι
2924 2974 3181 3044 fugerunt
3247 2971 3315 3026 dc
3365 2987 3552 3027 monu-

1986 3073 2190 3130 mento,
2247 3065 2521 3122 invaserat
2578 3069 2723 3122 enim
2779 3083 2877 3124 eas
2926 3079 3132 3122 tremor
3162 3075 3217 3122 et
3265 3079 3456 3136 pavor,
3509 3075 3561 3119 rt

1987 3157 2190 3212 nemini
2232 3159 2528 3228 quidquam
2579 3160 2891 3215 dixerunt:
2928 3160 3193 3216 timebant
3242 3159 3391 3215 enim
3420 3157 3486 3210 ⁸⁸.
3536 3175 3554 3206 ›

1985 3250 2121 3305 Alia:
2174 3266 2306 3306 vero
2367 3261 2567 3307 secutae
2623 3260 2756 3308 sunt
2816 3251 3045 3307 Matrem
3122 3251 3342 3307 Domini
3400 3251 3562 3319 cujus

1984 3349 2207 3409 aspectu
2260 3353 2314 3396 et
2343 3343 2621 3415 colloquio
2659 3346 2856 3414 gavisae
2902 3356 3051 3400 sunt.
3086 3343 3402 3415 Magdalene
3434 3359 3562 3398 vero

1985 3433 2051 3486 ad
2099 3432 2316 3487 Petrum
2364 3443 2423 3488 et
2459 3433 2726 3490 Joannem
2781 3435 2936 3502 abiit,
2987 3436 3316 3506 quibuscum
3368 3435 3435 3490 ad
3472 3450 3562 3489 se-

1982 3523 2236 3592 pulcrum
2286 3541 2480 3580 rursus
2513 3527 2667 3582 venit
2721 3527 2862 3594 sola,
2904 3530 3106 3600 quibus
3151 3528 3561 3594 recedentibus.

1986 3613 2102 3682 ipsa
2135 3628 2463 3683 permanens
2492 3615 2779 3672 Dominico
2813 3617 3035 3687 dignata
3080 3626 3166 3673 est
3206 3629 3429 3686 aspectu
3457 3662 3469 3678 ,
3508 3631 3564 3670 ct

1985 3706 2053 3757 ad
2102 3704 2381 3769 apostolos
2416 3705 2534 3774 ipsa
2573 3721 2796 3776 quoque
2829 3707 3083 3773 mittitur,
3131 3717 3188 3764 et
3233 3709 3300 3764 ad
3335 3724 3432 3764 eos
3473 3725 3561 3764 te-

1984 3792 2595 3856 vertitur,’annuntians
2621 3797 2902 3862 omnibus,
2928 3798 3072 3854 sicut
3092 3797 3560 3867 retulitJoanncs,

1991 3899 2010 3932 ι
2047 3880 2188 3948 Quia
2229 3882 2339 3938 vidi
2375 3882 2692 3949 Dominum,
2726 3897 2780 3941 ct
2813 3888 2926 3942 lucc
2961 3889 3097 3943 dixit
3130 3888 3266 3943 mihi
3294 3887 3363 3943 θ’.
3396 3906 3415 3939 ι

2055 4147 2225 4218 Igitur
2275 4150 2416 4206 hanc
2462 4151 2726 4208 visionem
2782 4168 2940 4208 mane
3001 4155 3201 4209 factam
3251 4170 3374 4210 esse
3426 4154 3560 4210 dixit

1985 4239 2224 4306 Marcus,
2269 4243 2323 4297 id
2375 4251 2460 4298 est
2507 4243 2561 4297 in
2597 4245 2718 4311 ipso
2763 4245 2871 4299 diei
2923 4245 3120 4307 initio,
3173 4246 3416 4301 diluculo
3447 4247 3557 4312 jam

1983 4349 2209 4402 prorsus
2235 4335 2442 4405 elapso,
2476 4353 2584 4391 non
2614 4346 2795 4393 autem
2829 4338 3044 4392 Domini
3075 4339 3556 4395 Resurrectionem

1983 4437 2036 4480 et
2066 4427 2296 4495 primam
2329 4427 2448 4496 ejus
2483 4428 2876 4497 apparitiouem
2922 4439 3056 4484 tunc
3083 4432 3385 4502 contigisse
3417 4433 3562 4487 allii--

1984 4525 2116 4568 mat.
2142 4515 2706 4586 Penitusinvestigata
2743 4519 3005 4576 habemus
3040 4518 3558 4590 Ungucntiferarum

313 4606 376 4676 δὴ
407 4606 476 4658 τὰ
507 4606 612 4660 τῶν
641 4607 983 4680 Μυροφόρων
1009 4610 1388 4680 ἡκριὸωμένα,
1421 4613 1517 4666 καὶ
1548 4614 1644 4683 τὴν
1669 4615 1876 4668 ἄνωθεν

1986 4616 2128 4670 acta,
2167 4615 2222 4661 et
2276 4622 2442 4675 supra
2478 4613 2764 4678 quwsitam
2805 4621 3042 4680 quatuor
3088 4614 3555 4681 evangelistarum

319 4699 658 4769 ζητουμένην
699 4699 794 4752 ἐπὶ
825 4700 1052 4764 ταύταις
1088 4701 1197 4755 τῶν
1253 4710 1539 4768 τεσσάρων
1593 4707 1876 4774 εὐαγγελι-

1982 4700 2354 4754 concordiam.
2418 4701 2674 4769 Discipuli
2737 4719 2899 4766 vero,
2940 4705 3055 4772 ipsa
3112 4705 3558 4761 Resurrectionis

321 4791 462 4842 στῶν
528 4793 865 4860 συμφωνίαν.
917 4793 1072 4847 ὒιδὲ
1121 4794 1369 4864 μαθηταὶ
1418 4794 1540 4850 κατ’
1579 4797 1748 4868 αὐτὴν
1782 4799 1880 4867 τὴν

319 4883 530 4951 ἡμέραν
579 4882 676 4952 τῆς
721 4883 1071 4946 ἀναστάσεως
1103 4883 1254 4957 παρά
1283 4899 1344 4937 τε
1396 4885 1504 4938 τῶν
1537 4887 1884 4958 Μυροφόρων

313 4971 644 5034 ἀκούσαντες
689 4974 904 5025 καὶτοῦ
951 4975 1177 5042 Πέτρου,
1234 4975 1327 5030 καὶ¹
1365 4978 1514 5045 παρὰ
1548 4979 1736 5031 Λουκᾶ
1784 4981 1881 5032 καὶ

318 5063 555 5128 Κλεόπα,
588 5064 669 5115 ὅτι
699 5068 724 5115 ὁ
782 5064 978 5136 Κύριος
1039 5064 1127 5136 ζῇ,
1183 5069 1277 5121 καὶ
1313 5067 1516 5141 ἐθεάθη
1552 5069 1644 5121 ὑπ’
1673 5071 1876 5135 αὐτῶν,

312 5156 623 5226 ἠπίστησαν
643 5173 654 5184 ·
677 5157 756 5209 διὸ
783 5160 874 5208 καὶ
897 5159 1249 5223 ὀνειδίζονται
1269 5159 1398 5229 παρ’
1424 5161 1612 5224 αὐτοῦ,
1647 5159 1878 5231 ὕστερον

315 5247 566 5301 συνοῦσιν
592 5249 941 5314 ἐπιφανέντος
974 5252 1178 5312 αὐτοῖς.
1203 5253 1356 5305 Μετὰ
1382 5252 1436 5304 δὲ
1475 5254 1532 5305 τὸ
1557 5254 1644 5305 διὰ
1671 5254 1876 5308 πολλῶν

315 5343 409 5392 καὶ
432 5339 690 5401 πολλάκις
729 5342 921 5394 ἑαυτὸν
974 5344 1328 5412 παραστῆσαι
1361 5344 1563 5407 ζῶντα,
1626 5347 1726 5398 οὐκ
1756 5346 1880 5398 ἐπί-

316 5443 546 5480 στευσαν
579 5427 737 5494 μόνον
779 5429 996 5496 πάντες,
1027 5430 1162 5484 ἀλλὰ
1217 5433 1312 5484 καὶ
1363 5433 1639 5504 ἐκήρυξαν
1677 5453 1881 5488 παντα-

312 5513 407 5583 χοῦ
429 5531 444 5544 ·
505 5533 522 5564 ι
559 5517 650 5576 Εἰς
681 5518 862 5568 πᾶσαν
893 5519 999 5588 γάρ
1049 5520 1146 5588 τὴν
1198 5523 1301 5588 γῆν
1330 5522 1552 5593 ἐξῆλθεν
1581 5527 1606 5576 ὁ
1637 5526 1876 5594 φθόγγος

313 5604 510 5670 αὐτῶν,
541 5608 635 5659 καὶ
669 5609 748 5668 εἰς
769 5609 836 5660 τὰ
857 5609 1066 5678 πέρατα
1091 5612 1188 5680 τῆς
1221 5615 1542 5682 οἰκουμένης
1565 5616 1630 5668 τά
1658 5617 1878 5686 ῥήματα

315 5697 509 5762 αὐτῶν,
548 5717 566 5749 ι
608 5719 625 5750 ι
664 5700 768 5753 Τοῦ
802 5701 1007 5774 κυρίου
1039 5705 1448 5775 συνεργοῦντος,
1479 5709 1572 5760 καὶ
1605 5710 1696 5761 τὸν
1724 5709 1880 5777 λόγον

1980 4795 2067 4849 die
2092 4834 2107 4858 ,
2161 4810 2285 4848 cum
2322 4795 2390 4848 ab
2420 4794 2529 4851 illis
2562 4796 2902 4861 mulieribus,
2933 4813 3144 4852 necnon
3202 4814 3230 4852 a
3266 4797 3453 4864 Petro,
3504 4811 3559 4854 et

1982 4887 2284 4942 secundum
2324 4885 2549 4951 Lucam,
2584 4902 2612 4940 a
2647 4887 2890 4955 Cleopha
2924 4888 3260 4944 audivissent
3283 4891 3408 4958 quia
3454 4893 3560 4944 [)0-

1992 4980 2175 5032 minns
2208 4979 2338 5033 vivit
2368 4987 2420 5032 et
2465 4979 2535 5033 ab
2585 4980 2665 5034 eis
2693 4980 2844 5034 visus
2879 4991 2983 5044 est,
3037 4981 3264 5040 minime
3314 4987 3561 5040 credide-

1990 5082 2151 5134 runt;
2180 5071 2298 5125 ideo
2324 5071 2624 5140 increpavit
2652 5087 2744 5126 eos
2780 5072 3066 5137 υοιιιὶιιιιε,
3096 5092 3288 5132 rursus
3318 5081 3398 5132 eis
3428 5094 3562 5132 con-

1986 5164 2224 5230 gregatis
2260 5179 2549 5232 apparens.
2584 5163 2687 5218 Sed
2709 5175 2992 5234 postquam
3019 5169 3297 5222 multoties
3318 5170 3560 5238 seipsunt

1983 5249 2051 5301 iis
2083 5251 2263 5304 vivum
2307 5251 2614 5316 obtulisset,
2637 5269 2746 5308 non
2775 5254 2937 5308 modo
2966 5258 3319 5313 crediderunt
3344 5274 3557 5324 omnes,

1985 5344 2078 5397 sed
2137 5352 2190 5397 et
2223 5345 2426 5413 ubique
2466 5345 2941 5414 praedicaverunt;
2994 5366 3120 5404 nam
3182 5370 3198 5400 ι
3234 5351 3290 5405 In
3338 5366 3557 5405 onlnem

1989 5445 2186 5490 terram
2219 5439 2384 5491 exivit
2417 5455 2587 5494 sonus
2613 5456 2830 5508 eorum,
2862 5451 2917 5496 et
2946 5443 2997 5496 in
3047 5446 3183 5497 lines
3208 5447 3360 5497 orbis
3401 5457 3560 5497 terra:

1985 5534 2150 5583 verba
2190 5547 2378 5585 eorum
2407 5531 2474 5598 ⁷⁸,
2513 5551 2531 5584 ι
2578 5551 2596 5584 t
2639 5533 2872 5590 Domino
2907 5546 3233 5604 cooperante
3271 5543 3326 5588 et
3356 5550 3562 5588 sermo—

1990 5637 2112 5676 nem
2146 5623 2509 5679 con‘lirmante
2531 5627 2890 5696 sequentibus
2914 5625 3087 5696 signis
3111 5626 3181 5678 τι.
3198 5644 3214 5676 ι
3249 5625 3383 5688 Nam
3405 5625 3560 5693 signa

1988 5715 2165 5786 donec
2197 5718 2419 5770 verbum
2449 5734 2545 5787 per
2568 5735 2780 5776 omnem
2815 5729 3012 5775 terram
3037 5717 3389 5788 praedicantur
3418 5715 3559 5773 futa-

388 5879 433 5909 ⁶⁸
463 5877 630 5937 Marc.
676 5900 786 5948 ut,
821 5887 872 5941 8.
953 5889 994 5920 ⁸³
1024 5887 1182 5945 Joan.
1210 5893 1411 5956 xx,18.
1493 5894 1536 5926 ⁷⁰
1565 5895 1712 5951 Psal.
1744 5911 1876 5951 xvm

1982 5933 1989 5948 .
2070 5895 2113 5928 "'
2156 5895 2321 5953 Male.
2365 5899 2599 5964 “1,920.
