4046 6444
202 470 318 537 ειν

204 681 430 748 γέγονε,
481 674 580 728 καὶ
612 672 775 744 μόνος
808 668 1033 740 ἀπαρχὴ
1061 667 1174 720 τῶν
1221 659 1645 733 κεκοιμημένων
1676 656 1799 722 ἐγέ-

208 789 369 835 νετο,
405 769 501 821 καὶ
529 765 876 837 πρωτότοκος
906 763 971 814 ὲκ
1001 758 1111 813 τῶν
1139 757 1375 827 νεκρῶν,
1411 754 1508 808 καὶ
1539 750 1636 805 τοῦ
1666 747 1797 819 μέλο

205 865 406 924 λοντος
445 858 643 921 αἰῶνος
701 855 911 924 πατήρ.
953 853 1063 907 Καὶ
1099 849 1353 917 καθάπερ
1408 849 1466 900 ὲν
1499 844 1580 912 τῷ
1627 841 1800 910 ’Δδάμ

209 958 426 1018 πάντες
477 950 920 1020 ἀποθνήσκουσιν
970 941 1287 1016 ἁμαρτωλοί
1347 958 1408 994 τε
1444 939 1539 993 καὶ
1572 937 1797 1000 δίκαιοι,

211 1050 398 1109 οὕτως
431 1049 488 1100 ὲν
515 1042 594 1113 τῷ
613 1041 834 1112 Χριστῷ
858 1041 1060 1102 πάντες
1083 1033 1589 1102 ζωοποιηθήσονται
1615 1029 1800 1100 ἀμαρ-

216 1141 387 1194 τωλοί
421 1155 479 1190 τε
516 1138 610 1190 καὶ
636 1136 860 1195 δίκαιοι,
898 1130 1012 1186 ἀλλ’
1035 1131 1271 1191 ἕκαστος
1309 1117 1469 1196 109
1502 1127 1561 1176 ὲν
1587 1122 1664 1192 τῷ
1686 1120 1802 1188 ίδίῳ

215 1231 470 1298 τάγματι
490 1242 504 1255 ⁸
533 1224 755 1295 ἀπαρχὴ
776 1221 1035 1292 Χριστὸς,
1068 1220 1261 1272 ἔπειτα
1281 1219 1330 1269 ol
1360 1214 1456 1267 τοῦ
1479 1209 1718 1280 Χριστοῦ
1745 1208 1802 1259 ἐν

218 1327 292 1394 τῇ
340 1319 614 1393 παρουσίᾳ
637 1315 826 1374 αὑτοῦ,
853 1310 972 1368 εἶτα
1001 1314 1063 1365 τὸ
1107 1311 1280 1372 τέλος,
1311 1310 1442 1362 ὅταν
1471 1302 1804 1372 καταργήσῃ

164 1446 174 1452 -
221 1420 413 1472 πᾶσαν
433 1415 605 1485 ἀρχὴν
619 1413 714 1466 καὶ
737 1410 987 1476 ἐξουσίαν
1007 1409 1100 1462 καὶ
1117 1407 1365 1474 δύναμιν,
1389 1403 1482 1455 καὶ
1503 1400 1570 1470 θῇ
1594 1399 1804 1458 πάντας

218 1509 358 1570 τοὺς
390 1505 619 1578 ἐχθροὺς
648 1503 812 1557 αὐτοῦ
841 1500 942 1552 ὑπὸ
976 1504 1102 1561 τοὺς
1125 1497 1290 1558 πόδας
1315 1491 1502 1547 αὐτοῦ.
1537 1491 1804 1558 Ἕσχατος

221 1601 428 1670 ἐχθρὸς
450 1597 806 1666 καταργεῖται
829 1595 858 1645 ὁ
889 1593 1116 1652 θάνατος
1148 1592 1207 1642 ὲν
1250 1591 1318 1658 τῇ
1361 1587 1515 1654 κοινῇ
1570 1579 1806 1635 ἀναστά-

156 1673 342 1780 .’σει,
383 1695 444 1746 ὲν
488 1695 554 1760 τῇ
592 1689 799 1760 ἐσχάτῃ
866 1686 1130 1752 σάλπιγγι
1154 1699 1170 1714 ο
1212 1683 1293 1735 δεῖ
1322 1681 1429 1750 γὰρ
1462 1679 1525 1732 τὸ
1563 1673 1805 1745 φθαρτὸν

223 1786 394 1841 τοῦτο
425 1782 749 1838 ἐνδύσασθαι
781 1779 1115 1850 ἀφθαρσίαν,
1169 1776 1266 1830 καὶ
1311 1775 1376 1826 τὸ
1425 1771 1618 1844 θνητὸν
1647 1767 1807 1822 τοῦτο

224 1876 558 1934 ἐνδύσασθαι
576 1874 900 1928 ἀθανασίαν.

300 1969 572 2038 Τοιαύτης
594 1967 804 2037 δωρεᾶς
843 1950 1099 2032 πρόξενος
1125 1961 1256 2032 ἡμῖν
1299 1960 1449 2011 ἐστιν
1493 1957 1526 2024 ή
1568 1951 1662 2007 τοῦ
1694 1954 1806 2007 Κυ-

227 2063 358 2133 ρίου
388 2059 704 2119 ἀνάστασις,
737 2055 829 2108 καὶ
861 2054 950 2108 διὰ
975 2052 1134 2106 τοῦτο
1169 2051 1336 2119 μόνην
1376 2047 1582 2114 ταύτην
1627 2047 1686 2097 ὲν
1714 2061 1806 2098 το·

226 2153 412 2224 σαύτῃ
439 2151 745 2220 παρατάσει
779 2147 888 2201 τῶν
931 2143 1156 2215 ἡμερῶν
1184 2141 1538 2214 ἑορτάζομεν,
1566 2139 1641 2202 ὡς
1670 2136 1801 2191 ἀθά-

227 2265 398 2304 νατον
426 2245 591 2299 οὖσαν
629 2244 724 2296 καὶ
752 2240 1058 2306 ἀνώλεθρον
1089 2239 1184 2290 καλ¹
1234 2237 1425 2299 ἀΐδιον,
1455 2230 1807 2303 προϋπογρά-

227 2356 430 2408 φοντες
474 2338 561 2389 διὰ
601 2319 808 2387 τούτων
843 2333 942 2385 καὶ
976 2331 1077 2397 τὴν
1128 2329 1432 2398 μέλλουσαν
1479 2325 1593 2377 τῶν
1643 2322 1813 2389 ἁγίων

231 2431 640 2501 μακαριότητα,
670 2423 736 2499 ἦς
767 2425 976 2496 ἀπέδρα
1014 2425 1164 2476 πᾶσα
1191 2421 1350 2490 ὀδύνη
1387 2417 1482 2473 καὶ
1531 2416 1675 2486 λύπη
1718 2414 1814 2467 καὶ

232 2524 578 2591 στεναγμός-
640 2519 876 2587 θυμηδία
934 2517 990 2570 δὲ
1049 2522 1141 2568 καὶ
1200 2511 1508 2581 πανήγυρίς
1554 2511 1703 2563 ἐστιν
1758 2508 1814 2559 ὲν

231 2617 415 2689 ταύτῃ
436 2615 688 2686 διηνεκὴς
712 2613 892 2675 ἐνθεός
927 2628 985 2663 τε
1017 2611 1110 2662 καὶ
1139 2607 1498 2666 ἀναλλοίωτος
1523 2621 1538 2635 ·
1571 2604 1687 2655 ἐκεῖ
1707 2601 1817 2670 γάρ

232 2713 356 2764 ἐστι
393 2709 504 2762 τῶν
543 2706 713 2768 ὅντως
746 2702 1190 2773 εὐφραινομένων
1235 2701 1268 2769 ή
1296 2697 1572 2751 κατοικία.
1604 2695 1694 2748 Διὸ
1724 2694 1818 2747 καὶ

235 2803 348 2874 πρὸ
377 2802 490 2854 τῶν
522 2798 745 2870 ἡμερῶν
779 2796 988 2850 τούτων
1029 2794 1128 2862 τὴν
1173 2792 1325 2862 ἱερὰν
1359 2785 1820 2858 Τεσσαρακοστὴν

234 2898 296 2949 ἐν
321 2894 548 2964 νηστείᾳ
572 2892 662 2945 καὶ
689 2887 972 2960 ἀγρυπνίᾳ
1019 2887 1115 2940 καὶ
1142 2885 1417 2954 προσευχῇ
1457 2883 1553 2934 καὶ
1587 2879 1822 2949 ἀσκήσει

237 2984 480 3055 παντοίᾳ
517 2983 626 3036 τῶν
657 2981 872 3052 ἀρετῶν
917 2979 1075 3046 ἀγειν
1108 2976 1256 3046 ἡμᾶς
1290 2976 1324 3046 ή
1355 2971 1451 3026 τοῦ
1499 2970 1822 3039 Πνεύματος

237 3076 404 3146 χάρις
428 3071 808 3142 ἐνομοθέτησε,
846 3067 934 3122 διὰ
969 3067 1068 3138 μὲν
1092 3067 1196 3132 τῆς
1230 3062 1686 3132 Τεσσαρακοστῆς
1712 3059 1822 3114 τῶν

239 3163 468 3235 ἡμερῶν
491 3161 741 3215 δεικνῦσα
767 3159 866 3226 τὴν
893 3159 953 3211 ὲν
985 3158 1063 3226 τῷ
1093 3155 1253 3208 αίῶνι
1292 3155 1466 3222 τούτῳ
1505 3152 1616 3206 τῶν
1648 3150 1823 3214 σωζο-

242 3256 430 3318 μένων
461 3251 629 3322 ζωὴν,
655 3250 728 3316 ὡς
764 3251 917 3305 οὐδὲν
949 3248 1136 3320 ἔτερόν
1159 3249 1326 3310 ἐστιν,
1358 3247 1391 3318 ἦ
1440 3244 1698 3314 μετάνοια
1728 3243 1828 3297 καὶ

242 3344 358 3414 βίος
392 3341 645 3412 θεοφιλής
665 3357 683 3373 ·
711 3341 798 3392 διὰ
819 3339 876 3393 δὲ
907 3339 1008 3408 τῆς
1055 3337 1172 3408 μετ’
1218 3336 1390 3405 αὐτὴν
1441 3332 1824 3403 Πεντηκοστῆς

242 3440 471 3507 ταύτης,
501 3438 565 3507 ἣν
592 3433 920 3506 διερχόμεθα
956 3432 1072 3497 νῦν,
1123 3429 1476 3484 ὲπιδεὶκνῦσα
1517 3427 1618 3498 τὴν
1647 3426 1825 3480 διαδε-

248 3531 485 3602 ξομένην
525 3530 649 3591 τοὺς
690 3525 924 3582 ἐνταῦθα
956 3525 1044 3578 διὰ
1085 3525 1179 3577 τὸν
1207 3524 1342 3577 Θεὸν
1377 3521 1685 3589 ἐναγωνίως
1721 3519 1826 3589 ζή-

251 3641 452 3687 σαντας
475 3623 659 3678 ἀνεσιν
682 3622 776 3675 καὶ
798 3619 1126 3674 ἀπόλαυσιν.
1172 3618 1272 3670 Διά
1302 3615 1463 3670 τοῦτο
1495 3616 1591 3668 καὶ
1617 3615 1826 3665 Tessa-

259 3719 491 3791 ρακοστὴ
542 3717 642 3788 μέν
677 3717 825 3768 ἐστιν
865 3714 1070 3784 ἐκείνη,
1105 3713 1199 3765 καὶ
1251 3707 1674 3779 συνηρτημένην
1712 3703 1826 3773 ἔχει

264 3814 360 3880 τὴν
395 3812 604 3881 μνήμην
643 3808 751 3862 τῶν
773 3805 866 3861 τοῦ
904 3805 1115 3875 Κυρίου
1160 3802 1448 3872 σωτηρίων
1489 3798 1701 3878 παθῷν,
1733 3795 1829 3848 καὶ

263 3869 362 3974 ea}
385 3869 622 3982 νηστείας
644 3901 742 3971 τὴν
773 3900 926 3953 λύσιν
963 3869 1105 3968 μετὰ
1133 3896 1233 3968 τὴν
1256 3869 1493 3963 ἑϐδόμην
1518 3869 1788 3960 λαμϐάνει
1809 3905 1826 3920 ο

259 3998 394 4067 αὕτη
421 3997 473 4049 δὲ
507 3980 858 4064 Πεντηκοστὴ
899 3990 1034 4046 οὖσα
1066 3985 1588 4058 συμπεριλαμϐάνει
1607 3983 1700 4036 καὶ
1728 3980 1829 4052 τὴν

257 4091 362 4144 ἀπὸ
395 4089 498 4160 γῆς
545 4089 625 4152 είς
662 4085 888 4156 οὐρανὸν
924 4084 1238 4155 μετάθεσιν,
1277 4081 1371 4134 καὶ
1413 4079 1515 4146 τὴν
1550 4075 1643 4129 τοῦ
1681 4075 1828 4129 θείου

256 4184 571 4253 Πνεύματος
609 4178 912 4234 κατάϐασιν
971 4176 1067 4229 καὶ
1120 4173 1377 4227 διάδοσιν.
1441 4166 1830 4238 Ἑὸδοματικδς

255 4279 359 4347 γάρ
387 4278 539 4330 ἐστιν
566 4275 595 4326 ὁ
619 4272 755 4327 αίὼν
782 4263 958 4334 οὗτος,
991 4268 1087 4322 καὶ
1115 4267 1203 4320 διὰ
1227 4266 1515 4336 τεσσάρων
1543 4263 1704 4334 ὡρῶν
1731 4263 1828 4314 καὶ

261 4370 441 4441 μερῶν
480 4368 578 4422 καὶ
618 4365 896 4436 στοιχείων
924 4363 1265 4424 συνίσταται,
1307 4359 1542 4421 καὶτοῖς
1576 4356 1636 4409 ὲν
1680 4353 1832 4423 αὐτῷ

259 4461 548 4522 κοινωνοὺς
590 4459 818 4520 ἑαυτοὺς
865 4455 933 4510 δι’
955 4455 1136 4525 ἔργων
1184 4452 1400 4508 ποιοῦσι
1443 4450 1555 4503 τῶν
1591 4445 1830 4519 Χριστοῦ

263 4555 619 4622 παθημάτων,
656 4551 754 4618 τὴν
778 4552 873 4620 τῆς
899 4545 1280 4617 Πεντήκοστῆς
1321 4543 1516 4614 ἑορτὴν
1555 4540 1830 4611 ἐπιφέρει,

1580 441 1921 509 IlOMILIA
1962 437 2122 502 XIX.

206 587 310 640 καὶ
335 586 494 655 μόνος
524 579 671 651 ἀρχὴ
696 575 797 646 τῆς
835 563 1138 646 μελλούσης
1184 569 1404 626 πάντων
1438 564 1792 625 ἀναστάσεως
1818 611 1820 620 ,

1922 556 2051 611 ιοΙιιε
2111 549 2294 606 factus

3379 405 3490 474 250

2342 553 2430 602 est
2495 541 2695 598 fotum
2748 534 2997 595 omnium
3065 523 3494 586 resurrectionis

1902 639 2258 715 principium,
2283 636 2457 692 solus
2485 629 2758 704 lprimitiae
2801 621 3190 682 dormientium
3218 619 3266 649 "
3289 654 3305 678 ,
3343 613 3495 669 solus

1902 734 2304 808 primogenitus
2333 745 2401 784 ex
2430 725 2686 787 mortuis,
2720 732 2773 778 et
2808 730 2958 790 pater
2990 713 3159 770 futuri
3189 709 3395 767 saeculi.
3431 705 3496 758 Et

1904 834 2048 888 sicut
2102 829 2159 883 in
2215 825 2386 879 Adam
2429 835 2626 877 omnes
2676 815 2876 872 mortui
2933 818 3061 867 sunt
3093 814 3412 877 peccatores
3443 811 3499 853 et

1899 921 2057 993 justi,
2102 920 2176 973 ita
2211 918 2265 971 in
2307 914 2526 970 Christo
2583 923 2775 965 omnes
2825 896 3251 960 viviﬁcantur”
3301 907 3498 963 pecca-

1907 1026 2054 1069 tores
2089 1019 2144 1066 et
2173 1009 2330 1080 justi,
2369 1006 2465 1082 sed
2511 1001 2711 1073 singuli
2745 1000 2799 1053 in
2831 1011 2934 1052 suo
2965 993 3180 1048 ordine.
3236 983 3501 1041 Primitiae

1904 1107 2186 1165 Christus.
2244 1100 2442 1156 deinde
2501 1096 2597 1167 qui
2650 1101 2779 1148 sunt
2829 1087 3035 1145 Christi
3089 1086 3146 1138 in
3201 1085 3497 1148 conspectu

1905 1202 2048 1270 ejus,
2091 1205 2278 1269 postea
2309 1194 2454 1255 linis,
2484 1189 2709 1260 quando
2736 1179 3073 1239 destruxerit
3105 1189 3322 1231 onmem
3355 1169 3504 1241 prin-

1907 1301 2174 1366 cipatum,
2215 1300 2270 1347 et
2309 1292 2656 1360 potestatem
2712 1292 2766 1336 et
2817 1279 3102 1340 virtutem,
3137 1279 3191 1327 et
3253 1265 3502 1338 posuerit

1907 1404 2104 1447 omnes
2138 1387 2393 1442 inimicos
2429 1397 2562 1437 suos
2606 1375 2908 1434 seabellum
2945 1369 3145 1439 pedum
3183 1377 3404 1417 suorum
3429 1361 3498 1411 ⁷⁸.

1910 1485 2150 1542 Ultimus
2220 1477 2479 1532 inimicus
2538 1471 2859 1532 destruitur,
2906 1478 3055 1518 mors
3109 1460 3163 1512 in
3223 1451 3501 1509 communi

1909 1570 2337 1628 resurrectione,
2382 1566 2434 1617 in
2470 1563 2660 1617 ultima
2697 1559 2870 1621 tuba;
2922 1560 3137 1622 oportet
3184 1546 3330 1601 enim
3382 1558 3504 1597 cor-

1909 1662 2168 1734 rttptibile
2221 1661 2323 1712 hoc
2376 1656 2603 1711 induere
2655 1646 3154 1717 incorruptionem,
3184 1647 3239 1694 et
3272 1634 3506 1690 mortale

1912 1755 2017 1810 hoc
2063 1753 2290 1808 induere
2331 1744 2828 1803 immortalitatem.

1835 1928 1879 1983 Β
1978 1931 2112 1988 Tale
2146 1931 2349 1986 donum
2399 1921 2886 1994 nobisimpertitur
2911 1911 3128 1971 Domini
3150 1903 3506 1969 resurrectio,

1913 2029 2152 2095 ideoque
2216 2024 2358 2078 hanc
2391 2021 2564 2076 solam
2609 2018 2662 2072 in
2729 2015 2823 2069 tali
2881 2011 3093 2066 dierum
3149 1998 3510 2075 productione

1912 2121 2290 2182 celebramus,
2359 2123 2546 2184 utpote
2596 2107 2960 2164 immortalem
3030 2108 3086 2156 et
3160 2091 3506 2151 indelebilem

1911 2224 1966 2270 et
2011 2225 2301 2276 aeternam,
2359 2206 2783 2276 praescribentes
2840 2198 2894 2252 in
2954 2191 3212 2249 omnibus
3262 2187 3504 2241 futuram

1913 2315 2230 2364 sanctorum
2287 2301 2632 2360 felicitatem,
2669 2294 2763 2349 ubi
2811 2305 2921 2344 non
2962 2299 3047 2342 est
3093 2285 3297 2345 luctus,
3327 2288 3511 2346 neque

1914 2401 2146 2458 clamor.
2181 2398 2275 2452 sed
2310 2411 2411 2450 nec
2435 2395 2579 2446 ullus
2603 2388 2783 2454 dolor,
2809 2383 2901 2440 sed
2925 2379 3110 2436 laetitia
3139 2387 3191 2432 et
3217 2371 3511 2428 exsultatio

1915 2494 2100 2548 divina
2155 2491 2416 2559 perennis
2471 2484 2716 2554 nullique
2768 2474 3065 2534 mutationi
3103 2469 3380 2532 obnoxia;
3435 2463 3509 2518 ibi

1917 2591 2000 2638 est
2045 2580 2191 2636 enim
2224 2593 2352 2633 vere
2384 2575 2688 2631 laetantium
2719 2569 3014 2626 habitatio.
3069 2561 3194 2618 Ideo
3238 2570 3367 2614 ante
3398 2555 3515 2609 dies

1919 2675 2078 2737 istos,
2118 2685 2335 2726 sacram
2371 2665 2852 2737 quadragesimum
2892 2660 2946 2713 in
2974 2653 3187 2727 jejunio
3223 2659 3278 2705 et
3311 2645 3516 2714 vigiliis

1919 2782 1972 2824 et
2006 2768 2255 2822 oratione
2313 2763 2576 2833 omnique
2629 2758 2878 2812 omnium
2929 2751 3194 2804 virtutum
3253 2739 3518 2797 exercitio

1920 2862 2093 2933 gratia
2125 2859 2364 2929 Spiritus
2396 2831 2500 2910 nos
2524 2863 2785 2922 peragere
2819 2841 3122 2903 mandavit,
3159 2853 3252 2908 per
3284 2837 3382 2889 hos
3400 2831 3518 2886 dies

1923 2950 2434 3023 quadragesimales
2476 2941 2839 2998 manifestans
2898 2932 3292 2988 salvandorum
3349 2921 3517 2975 vitam

1923 3046 1978 3100 in
2012 3045 2115 3098 hoc
2144 3040 2369 3104 sazculo,
2402 3039 2535 3107 quia
2577 3033 2714 3088 nihil
2747 3039 2832 3083 est
2872 3025 3017 3081 aliud
3052 3023 3158 3076 nisi
3196 3011 3518 3083 poenitentia

1924 3149 1980 3192 et
2014 3137 2208 3205 pietas,
2238 3145 2291 3188 et
2321 3147 2416 3202 per
2445 3130 2582 3184 istos
2619 3121 3020 3194 quinquaginta
3053 3115 3171 3169 dies
3206 3126 3344 3181 quos
3376 3118 3522 3160 nunc

1929 3229 2288 3299 transigimus
2321 3223 2573 3278 iudicans
2609 3219 2859 3288 requiem
2897 3222 3063 3281 atque
3100 3197 3522 3278 prosperitatem

1929 3325 1983 3376 in
2015 3297 2133 3389 qua:
2163 3314 2466 3385 recipiendi
2519 3319 2644 3367 sunt
2671 3309 2762 3378 qui
2814 3306 2869 3360 in
2924 3304 3027 3357 hoc
3063 3297 3270 3354 mundo
3304 3302 3524 3364 propter

1930 3416 2098 3470 Deum
2130 3384 2404 3467 certantes
2429 3405 2685 3461 vixerint.
2707 3399 3006 3468 PrOpterea
3033 3384 3526 3463 quadragesimalis

1893 3508 2020 3564 'ille
2055 3505 2322 3574 temporis
2348 3503 2621 3555 decursus
2654 3495 2974 3566 adjunctam
3006 3488 3172 3542 habet
3197 3479 3526 3540 salutarium

1929 3599 2148 3656 Domini
2190 3596 2510 3668 passionum
2559 3588 2884 3645 memoriam
2915 3628 2930 3649 ,
2988 3581 3294 3652 jejuniique
3337 3575 3526 3637 linem,

1929 3667 2211 3748 transacta
2244 3686 2612 3744 hebdomade,
2653 3681 2884 3748 accipit;
2917 3675 3065 3732 istud
3119 3683 3300 3726 autem
3355 3667 3526 3736 quin-

1931 3785 2308 3857 quagesimum
2345 3779 2610 3848 temporis
2637 3773 2876 3842 Spatium
2913 3764 3296 3836 complectitur
3326 3769 3380 3814 et
3438 3773 3530 3812 asc

1932 3879 2308 3949 sumptionem
2363 3889 2392 3929 a
2447 3871 2611 3926 terris
2665 3867 2719 3922 in
2767 3865 2966 3920 coelum
2999 3869 3053 3913 et
3082 3855 3253 3911 divini
3288 3850 3529 3922 Spiritus

1933 3969 2481 4032 communicationem
2505 3972 2672 4033 atque
2693 3959 3041 4014 descensum.
3062 3948 3196 4004 Nam
3237 3945 3535 4000 hebdoma-

1933 4068 2016 4123 dis
2035 4062 2380 4132 componitur
2401 4059 2502 4111 hoc
2520 4053 2864 4108 intervallum
2878 4037 3534 4113 ,constansquadragint:

1937 4159 2113 4222 horis,
2162 4155 2408 4225 partibus
2444 4160 2498 4204 et
2525 4146 2908 4208 divisionibus,
2965 4148 3017 4194 et
3050 4139 3147 4193 eis.
3183 4135 3274 4204 qui
3315 4131 3534 4198 seipsos

1933 4223 2193 4323 operibus
2219 4245 2429 4301 faciunt
2458 4237 2734 4312 passionis
2779 4234 2982 4291 Christi
3029 4229 3351 4302 participes,
3393 4223 3535 4277 Pen-

1935 4353 2170 4400 tecostes
2203 4339 2550 4394 festivitatem
2599 4333 2896 4391 adducunt,
2954 4340 3075 4394 qua:
3112 4330 3300 4375 octava
3337 4313 3536 4383 incipit

1937 4447 1992 4493 et
2022 4429 2453 4490 octava'desinit
2493 4442 2598 4481 non
2655 4423 2833 4480 solum
2891 4435 2986 4489 per
3021 4412 3406 4487 quatriduum,
3439 4405 3535 4460 sed

1938 4531 2106 4585 etiam
2159 4540 2258 4596 per
2317 4519 2688 4577 venerabilem
2765 4514 3031 4586 producta
3091 4501 3532 4565 hebdomadem;

243 4601 469 4724 'ﬂftglgx
500 4645 597 4712 τῆς
629 4601 1098 4712 όγδόηςιάρχεταί,
1134 4601 1340 4700 italu-el;
1366 4601 1560 4705 όγδόην
1585 4601 1700 4705 ἔχει

1948 4637 2157 4678 necnon
2191 4633 2287 4688 per
2329 4613 2795 4670 resurrectionem
2844 4601 3062 4660 Domini
3104 4607 3542 4669 sequentemquo

1956 4718 1967 4724 “
2159 4715 2169 4724 “
2482 4717 2493 4724 -
2525 4719 2656 4724 α-ιλ-
2693 4699 2918 4724 lum-nn:
2944 4694 3157 4724 ηΛ-ιιιιιῖο
3178 4687 3542 4724 -οοηιιιιοριὶη-

266 4687 374 4724 ἰε-ν
403 4687 469 4699 νυν
513 4687 596 4712 ’Ἰν
630 4687 816 4712 νιν-ν-ιν
850 4687 1098 4711 *Γανννί
1137 4687 1231 4691 --νη
1267 4687 1337 4700 μυ
1374 4687 1419 4705 ί.
1443 4687 1484 4689 η
1515 4687 1528 4705 .
1615 4687 1647 4705 ,ς
1791 4687 1802 4703 .

264 4742 432 4812 λῆξιν,
461 4739 557 4792 καὶ
592 4739 691 4809 τὴν
722 4737 934 4805 σεπτὴν
967 4732 1258 4804 ἑϐδομάδα,
1294 4733 1388 4785 καὶ
1410 4731 1511 4800 τῆν
1533 4726 1820 4799 τετρακτὺ·

1941 4715 2340 4772 Ascensionem
2374 4717 2660 4762 venturam
2693 4699 2918 4756 humani
2940 4694 3160 4768 generis
3178 4687 3542 4747 resurrectio-

270 4833 605 4905 ὑπερϐᾶσαν.
641 4831 738 4886 καὶ⁸
761 4829 850 4883 διὰ
875 4827 976 4898 τῆς
996 4825 1347 4888 ἀναστάσεως
1375 4822 1471 4876 τοῦ
1504 4821 1714 4891 Κυρίου
1743 4820 1842 4872 καὶ

270 4902 385 4994 τῆς
411 4923 530 4992 μετ’
559 4920 730 4988 αὐτὴν
769 4917 1116 4987 ἀναλήψεως,
1162 4915 1266 4984 τὴν
1313 4911 1624 4983 μέλλουσαν
1671 4902 1867 4978 σιταρί-⁴

273 5030 424 5084 στησι
446 5012 540 5066 τοῦ
579 5011 688 5064 τῶν
711 5007 1019 5077 ἀνθρώπων
1045 5005 1240 5072 γένους
1265 5003 1586 5064 ἀνάστασιν,
1611 4997 1708 5053 καὶ
1737 4997 1837 5069 τὴν

1942 4829 2068 4867 nem
2105 4807 2366 4879 exprimit
2401 4813 2456 4860 et
2503 4803 2928 4868 subsequentem
2964 4798 3284 4846 sanctorum
3318 4787 3374 4838 in
3435 4797 3540 4836 nu-

1939 4905 2101 4959 bibus
2158 4899 2524 4957 elevationem
2589 4893 2643 4946 in
2707 4901 3000 4946 occursum
3056 4882 3173 4949 Dei,
3234 4879 3315 4934 dei

1939 4996 2184 5068 quietam
2224 4994 2277 5048 In
2315 4990 2423 5045 Deo
2455 4984 2932 5042 inltabitationem.

270 5110 382 5161 κατ’
418 5107 589 5176 αὐτὴν
619 5106 728 5157 τῶν
756 5103 918 5168 ἀξίων
945 5103 1005 5154 ὲν
1030 5100 1280 5169 νεφέλαις
1305 5094 1542 5165 ἔπαρσιν
1571 5062 1710 5162 πρὸς
1737 5062 1839 5162 τήν
1880 5062 2033 5142 θείαν
2063 5086 2387 5154 ὑπάντησιν,
2427 5078 2522 5134 καὶ
2547 5074 2674 5146 ἑξῆς
2703 5073 2787 5138 είς
2815 5071 3020 5134 αἰῶνας
3046 5069 3186 5138 πρὸς
3247 5062 3382 5119 Θεὸν
3415 5075 3540 5113 συν-

271 5203 449 5257 ουσίαν
475 5218 533 5252 τε
557 5201 651 5253 καὶ
679 5197 1042 5252 κατάπαυσιν.

339 5296 483 5367 Αὕτη
518 5297 617 5365 μὲν
673 5292 767 5346 οὖν
812 5292 966 5346 ἔσται
1017 5289 1162 5344 κατά
1209 5287 1424 5359 καιρόν.
1457 5285 1521 5339 ‘0
1549 5284 1606 5338 δὲ
1634 5281 1841 5354 Κύριος

276 5393 376 5460 πρὸ
402 5388 500 5443 τοῦ
550 5386 759 5449 πάθους
795 5385 892 5438 καὶ
935 5383 1034 5454 τῆς
1072 5381 1424 5443 ἀναστάσεως
1466 5377 1750 5450 κηρύττων
1783 5373 1844 5427 τὸ

277 5480 605 5550 Εὐαγγέλιον
650 5480 750 5547 τῆς
774 5477 1073 5547 βασιλείας,
1120 5475 1359 5536 καὶτοῖς
1417 5471 1696 5541 μαθηταῖς
1737 5467 1846 5520 δει-

276 5578 418 5638 κνὺς.
451 5573 526 5634 ὡς
555 5572 657 5626 οὐκ
694 5572 760 5625 ὲκ
784 5569 895 5624 τῶν
932 5568 1201 5624 Ἰουδαίων
1247 5566 1412 5636 μόνον
1440 5567 1474 5636 ή
1501 5561 1704 5632 ἐκλογὴ
1737 5559 1846 5615 τῶν

277 5669 436 5732 ἀξίων
457 5666 556 5736 τῆς
587 5663 822 5726 πίστεως
851 5662 1023 5725 ἔσται,
1057 5661 1152 5714 καὶ
1183 5660 1282 5731 τῆς
1309 5657 1403 5711 ὑπ’
1431 5655 1596 5711 αὑτοῦ
1622 5669 1848 5724 προτει-

279 5778 303 5812 ν
336 5759 502 5827 μένης
522 5755 696 5809 ἀϊδίου
715 5752 1094 5824 κληρονζιμίας,
1111 5749 1248 5804 ἀλλά
1272 5749 1364 5803 καὶ
1387 5747 1493 5802 ἀπὸ
1519 5745 1628 5800 τῶν
1648 5743 1841 5810 ὲθνῶν,

345 5939 386 5967 ’⁸³
427 5938 441 5990 l
479 5935 606 5990 Cor.
665 5949 759 5998 tr,
794 5933 894 5988 ‘20..
964 5933 1006 5964 ⁷⁵
1032 5929 1165 5987 ibid.
1191 5929 1286 5986 2'2.
1364 5927 1407 5960 "
1443 5923 1588 5981 Psal.
1616 5939 1728 5992 cu,
1776 5923 1827 5978 l.

2013 5275 2139 5331 Haec
2173 5259 2393 5345 quidem
2433 5269 2565 5324 (ient
2595 5267 2651 5321 in
2684 5277 2784 5319 suo
2817 5273 3081 5330 tempore.
3117 5253 3376 5310 Dominus
3404 5264 3537 5303 vero

1945 5379 2073 5424 ante
2107 5367 2422 5439 passionem
2450 5372 2504 5417 et
2543 5355 3004 5415 resurrectionem
3033 5364 3187 5404 suam
3241 5345 3546 5416 ιηοεειιὶοειιιε

1944 5431 2301 5530 Evangelium
2344 5454 2496 5525 regni
2536 5460 2592 5508 et
2618 5445 2906 5518 discipulis
2942 5438 3238 5498 ostendens
3273 5431 3534 5504 quoniam

1945 5571 2056 5613 non
2093 5528 2157 5610 ex
2186 5550 2395 5607 Iuda-is
2423 5555 2636 5602 tantum
2669 5542 2939 5611 eligentur
2979 5533 3126 5604 digni
3173 5528 3277 5582 lide
3305 5535 3541 5580 mterna-

1958 5661 2066 5720 que
2096 5647 2164 5701 ab
2199 5659 2264 5699 co
2295 5640 2568 5713 promissa
2596 5635 2937 5696 haereditate,
2970 5627 3064 5683 sed
3113 5622 3281 5678 etiam
3310 5633 3374 5672 ex
3408 5630 3540 5684 gen-

1956 5742 2128 5809 tibus,
2148 5735 2449 5797 sccundum
2473 5733 2637 5791 hodie
2661 5729 2724 5784 ad
2752 5739 2913 5782 aures
2946 5728 3156 5778 vestras
3180 5717 3540 5770 memoratam
