4046 6498
501 453 603 520 251

1764 451 2148 513 GREGORII
2189 451 2514 514 PALAME

3704 458 3811 520 25!

503 567 788 638 Evangelii
837 581 1024 624 verem
1060 583 1073 620 :
1115 585 1134 618 ι
1176 565 1332 622 Venit
1386 565 1440 621 in
1495 564 1771 620 civitatem
1827 564 2088 619 Samariae

2204 567 2333 618 κατά
2373 568 2472 638 τὴν
2523 570 2764 642 σήμερον
2815 569 3357 642 ἁναγινωσκομένην
3411 569 3505 634 εἰς
3577 572 3822 638 ἐπήκοον

507 675 629 723 qua:
682 659 882 714 dicitur
937 658 1170 723 Sichar,
1223 659 1378 728 juxta
1430 657 1686 727 prmdium
1741 657 1886 724 quod
1942 655 2094 710 dedit

505 752 676 806 Jaeob
707 752 911 820 Joseph
954 752 1066 806 ﬁlio
1103 767 1204 807 suo
1229 752 1301 806 ⁸⁸⁷.
1345 770 1362 806 ι
1425 750 1552 804 Erat
1593 750 1664 802 ibi
1719 748 1842 804 fons
1879 748 2092 815 Jac-ob;

510 844 712 897 fontem
747 851 967 916 puto.an
996 843 1160 906 dixit,
1189 843 1314 911 quia
1341 857 1538 911 aquam
1564 857 1626 894 ex
1657 840 1805 895 fonte
1835 841 2091 906 habebat,

511 943 567 987 nt
600 943 746 1002 patet
782 950 844 987 ex
877 935 1058 989 verbis
1085 933 1515 1002 praecedentibus
1541 950 1555 998 ;
1585 931 1769 988 Jacobi
1797 942 1935 999 erat,
1966 933 2094 1003 quia

509 1026 598 1080 hic
628 1041 751 1080 eum
788 1025 1019 1081 foderat.
1077 1025 1348 1080 Praedium
1384 1042 1511 1080 vero
1543 1026 1687 1094 quod
1738 1025 1906 1080 Jacob
1948 1025 2097 1080 dedit

507 1114 745 1185 Jusepho
798 1126 915 1172 erat
969 1118 1233 1184 Sichem;
1272 1119 1348 1171 ait
1397 1112 1648 1173 enim'ad
1688 1133 1812 1172 eum
1845 1117 2094 1172 ultimum

510 1209 698 1263 emans
739 1209 990 1277 spiritum
1031 1211 1084 1263 in
1123 1207 1380 1279 Egypto,
1432 1219 1486 1264 et
1517 1219 1900 1264 testamentum
1936 1225 2096 1264 suum

512 1300 875 1354 i-onscribens
904 1318 920 1354 :
959 1320 976 1353 ι
1015 1300 1094 1354 En
1123 1317 1223 1370 ego
1266 1302 1492 1363 morior.
1530 1317 1631 1356 vos
1666 1312 1845 1356 autem
1877 1302 2100 1357 reducet

519 1396 660 1447 heus
700 1408 764 1447 ex
811 1403 954 1447 terra
1011 1395 1109 1448 ista
1145 1394 1210 1447 ad
1265 1405 1465 1447 terram
1513 1403 1727 1462 patrum
1759 1401 2099 1449 vestrorum.

519 1488 591 1538 lio
639 1487 733 1540 tibi
787 1487 1008 1540 Sichem
1058 1499 1270 1556 partem
1305 1503 1468 1540 unam
1500 1497 1652 1540 extra
1691 1487 1888 1561 fratres
1927 1497 2052 1542 tuos
2080 1529 2096 1554 ,

510 1596 680 1647 quam
740 1580 834 1634 tuli
871 1582 938 1634 de
974 1596 1135 1634 manu
1187 1580 1492 1635 Amorrhaei
1548 1581 1599 1634 iu
1651 1581 1834 1650 gladio
1881 1593 1934 1636 et
1969 1597 2096 1637 arcu

510 1673 758 1726 meo".i
790 1671 915 1726 Ideo
947 1673 1162 1726 Sichem
1190 1673 1368 1727 stabat
1401 1673 1453 1725 in
1488 1688 1548 1725 ea
1588 1685 1739 1740 parte
1767 1687 1873 1741 qua
1908 1682 2097 1741 postea

513 1764 767 1818 constitit
813 1765 991 1819 tribus
1026 1765 1285 1834 Ephraim
1343 1765 1435 1818 ﬁlii
1473 1765 1673 1834 Joseph
1723 1766 2093 1837 primogeniti,

514 1873 676 1926 quem
708 1857 855 1912 circa
907 1857 1087 1911 locum
1141 1857 1464 1912 habitabant
1495 1858 1680 1912 decem
1722 1858 1898 1914 tribus
1926 1859 2092 1915 Israel

2197 657 2288 710 τοῦ
2335 659 2666 727 Εὐαγγελίου
2709 664 2930 732 φωνήν*
2968 683 2986 715 ι
3019 665 3296 733 Ἔρχεται
3357 665 3452 724 εἰς
3511 663 3681 716 πόλιν
3729 664 3824 726 τῆς

2197 749 2508 820 Σαμαρείας
2555 752 2856 823 λεγομένην
2901 755 3092 824 Σιχάρ,
3146 754 3411 823 πλησίον
3468 752 3574 807 τοῦ
3612 754 3825 822 ’χωρίου

2195 834 2255 893 οὗ
2290 841 2490 896 ἔδωκεν
2531 843 2727 897 Ἰακὼϐ
2777 846 2974 916 Ἰωσὴφ
3024 846 3100 915 τῷ
3142 844 3270 915 υἱῷ
3311 843 3527 898 αὐτοῦ.
3572 861 3593 895 ι
3640 844 3827 914 Πηγῆν

2200 934 2298 1004 μὲν
2335 935 2428 990 οὖν
2466 936 2528 990 τὸ
2568 939 2747 1008 φρέαρ
2801 938 2974 1009 φησί·
3018 939 3210 1008 τὸγὰρ
3257 937 3428 1007 ὕδωρ
3470 939 3726 1005 πηγαῖον
3755 932 3828 988 ei-

2197 1043 2312 1095 χεν,
2335 1027 2410 1089 ὠς
2437 1027 2594 1095 δῆλον
2627 1029 2781 1083 ἔσται
2809 1030 3086 1102 προίόντος
3123 1029 3219 1082 τοῦ
3253 1031 3480 1095 λόγους
3512 1029 3616 1081 τοῦ
3635 1026 3826 1081 Ἰακὼϐ

2197 1120 2252 1170 δὲ
2279 1115 2366 1188 ἦν,
2399 1121 2696 1191 ἐπειδήπερ
2725 1125 2932 1186 ἐκεῖνος
2959 1123 3166 1192 ὤρυξεν
3208 1124 3391 1178 αὑτό.
3425 1124 3510 1177 Τδ
3536 1123 3598 1177 δὲ
3629 1123 3826 1193 χωρίον

2198 1211 2226 1264 ὃ
2254 1212 2416 1266 ἔδωκε
2442 1214 2518 1282 τῷ
2553 1213 2750 1284 Ἰωσὴφ
2779 1216 2807 1267 ὁ
2845 1214 3038 1269 Ἰακὼϐ
3075 1216 3144 1269 τὰ
3186 1214 3446 1285 Σίκημά
3498 1218 3627 1269 ἐστι
3649 1230 3664 1246 ο
3695 1216 3829 1283 φησὶ

2199 1304 2310 1372 γὰρ
2348 1306 2484 1373 πρὸς
2525 1306 2685 1359 αὑτὸν
2715 1305 2783 1357 τὰ
2838 1305 3044 1376 ἔσχατα
3077 1309 3267 1362 πνέων
3308 1312 3376 1362 ὲν
3423 1307 3710 1376 Αἰγύπτῳ
3739 1310 3824 1361 καὶ

2199 1394 2574 1465 διατιθέμενος
2596 1413 2611 1426 ·
2647 1417 2665 1448 ι
2707 1399 2836 1452 Ἰδοὺ
2865 1399 2972 1466 ἐγὼ
3001 1400 3354 1468 ἀποθνήσκω
3383 1417 3399 1432 ·
3430 1402 3593 1468 ὑμᾶς
3619 1397 3677 1452 δὲ
3701 1401 3826 1451 ἀπο-

2203 1485 2428 1556 στρέψει
2467 1488 2493 1539 ὀ
2531 1487 2664 1552 Θεὸς
2699 1491 2764 1542 ὲκ
2793 1489 2894 1557 τῆς
2921 1490 3025 1558 γῆς
3047 1489 3259 1560 ταύτης
3293 1491 3388 1550 είς
3445 1489 3557 1560 τὴν
3584 1489 3692 1556 γῆν
3721 1489 3824 1542 τῶν

2203 1579 2456 1648 πατέρων
2485 1581 2661 1649 ημῶν.
2701 1580 2843 1648 Ἐγὼ
2873 1581 2927 1635 δὲ
2974 1581 3167 1651 δίδωμί
3203 1599 3300 1634 σοι
3345 1582 3591 1652 Σίκημα
3613 1581 3822 1652 ἐξαίρε-

2199 1688 2292 1724 τον
2324 1673 2474 1742 παρὰ
2510 1674 2639 1735 τοὺς
2683 1673 2946 1743 ἀδελφούς
2978 1691 3096 1739 σου,
3144 1673 3212 1744 ἢν
3251 1673 3475 1728 ἔλαϐον
3533 1675 3606 1727 ἐκ
3643 1674 3820 1745 χειρὸς

2202 1762 2310 1815 τῶν
2348 1763 2690 1834 Ἀμορραίων
2741 1764 2800 1815 ἐν
2829 1766 2895 1834 τῇ
2935 1764 3180 1836 μαχαίρᾳ
3237 1782 3359 1834 μου
3417 1765 3529 1818 καὶ
3572 1765 3658 1835 τῷ
3689 1763 3819 1834 τόξῳ

2206 1871 2331 1923 μου.
2360 1872 2378 1905 ι
2409 1854 2500 1906 Διὸ
2530 1853 2599 1906 τὰ
2633 1854 2730 1924 μὲν
2759 1855 2977 1924 Σίκημα
3003 1857 3315 1924 κατῳκεῖτο
3343 1855 3524 1925 llo
3549 1855 3708 1926 παρὰ
3726 1856 3819 1923 τῆς

515 1964 686 2018 super
714 1964 852 2018 quas
894 1949 1140 2016 regnavit
1189 1947 1479 2003 Jeroboam
1529 1957 1799 2018 aposmta.
1829 1949 1936 2014 Qui
1969 1965 2096 2006 cum

2215 1945 2454 2014 Ἐφραὶμ
2502 1944 2678 2013 φυλῆς
2721 1944 2968 2016 ὕστερον,
3024 1945 3083 2009 ὃς
3133 1941 3206 2016 ἦν
3268 1946 3401 2010 υἱὸς
3461 1945 3814 2015 πρωτότοκος

515 2041 718 2110 saepius
777 2041 944 2094 Deum
979 2040 1355 2106 offendissent,
1408 2055 1548 2109 saepe
1610 2042 1676 2097 ab
1722 2055 1788 2097 eo
1849 2042 2098 2098 derelicti

515 2133 750 2201 denique
787 2133 1028 2187 universi
1059 2132 1204 2186 ducti
1242 2140 1371 2186 sunt
1415 2132 1469 2186 in
1504 2131 1899 2201 captivitatem.
1940 2133 2014 2187 ita
2043 2141 2102 2187 ut

513 2237 614 2291 pro
639 2223 720 2276 eis
753 2224 918 2276 variat
946 2237 1134 2291 gentes
1162 2237 1192 2275 a
1231 2237 1356 2292 rege
1377 2221 1728 2291 Assyriorum
1757 2231 2100 2292 congregatae

515 2317 571 2369 iu
605 2329 794 2369 eorum
833 2316 952 2368 loco
988 2313 1417 2368 inhabitaverint
1458 2323 1512 2367 et
1564 2313 1965 2368 Samaritarum
2004 2326 2104 2368 no-

515 2421 637 2461 men
684 2422 713 2460 a
767 2417 951 2460 monte
985 2407 1180 2460 Somor
1229 2405 1562 2473 acceperint.
1631 2404 2104 2470 Quemadmodum

2195 2035 2296 2089 τοῦ
2331 2036 2526 2106 Ἰωσήφ
2549 2053 2561 2067 ·
2609 2035 2702 2091 τὸν
2751 2035 2809 2090 δὲ
2839 2037 2970 2108 περὶ
2999 2037 3138 2091 αὐτά
3190 2039 3378 2091 τόπον
3425 2037 3728 2108 κατῴκουν
3762 2052 3812 2104 αι

2196 2129 2330 2182 δέκα
2359 2127 2524 2197 φυλαὶ
2551 2127 2646 2180 τοῦ
2686 2128 2924 2199 Ἰσραὴλ,
2963 2123 3038 2184 ὧν
3077 2130 3384 2202 Ἰεροὸοάμ
3416 2133 3449 2183 ὁ
3495 2132 3813 2200 ἀποστάτης

2196 2214 2352 2290 ἦρξε.
2398 2219 2885 2292 Προσκρούσαντες
2921 2221 2979 2274 δὲ
3009 2221 3089 2292 τῷ
3127 2221 3250 2292 Θεῷ
3309 2223 3604 2281 πολλάκις
3650 2215 3807 2285 οὗτοι,

2200 2313 2293 2366 καὶ
2340 2311 2600 2376 πολλάκις
2647 2311 3190 2381 ἑγκαταλειφθέντες,
3240 2313 3499 2386 ὕστερον
3564 2312 3808 2382 παγγενῆ

2206 2405 2494 2474 γεγόνασιν
2522 2405 2884 2476 αἰχμάλωτοι,
2913 2409 2989 2469 ὡς
3016 2407 3134 2460 ἀντ’
3163 2408 3367 2462 αὐτῶν
3409 2408 3552 2478 ἔθνη
3583 2408 3809 2476 διάφορα

515 2496 872 2565 pregrediens
901 2494 1096 2560 Jacob,
1133 2496 1276 2551 sicut
1309 2503 1500 2549 narrat
1536 2494 1788 2558 historia,
1839 2494 2102 2549 habitavit

2207 2495 2638 2566 συμφορήσαντα
2670 2493 2762 2548 τὸν
2790 2495 3028 2564 ἄρχοντα
3052 2495 3162 2550 τῶν
3192 2497 3526 2568 Ἀσσυρίων
3559 2500 3804 2565 ἐγκατοι-

513 2583 673 2654 juxta
709 2589 900 2643 urbem
936 2587 1334 2650 Sichitnorum,
1387 2588 1461 2642 ita
1506 2603 1656 2641 nunc
1686 2585 1947 2641 Christus
1985 2601 2102 2654 pro-

2207 2586 2372 2654 κῆσαι
2397 2585 2474 2654 τῷ
2499 2586 2669 2655 τόπῳ,
2696 2586 2790 2638 καί
2834 2585 3179 2657 Σαμαρείτας
3205 2587 3327 2642 ἀπὸ
3359 2588 3466 2642 τοῦ
3508 2589 3676 2660 ὅρους
3714 2586 3807 2639 Σο-

517 2680 768 2746 grediens
792 2679 1248 2750 appropinquavit
1271 2683 1339 2734 ad
1371 2677 1694 2734 Samariam.
1723 2676 1827 2733 Sed
1873 2678 1961 2734 ille
1988 2679 2102 2748 qui-

2211 2675 2316 2744 μδρ
2347 2674 2594 2730 καλέσαι.
2641 2676 2910 2745 Καθάπερ
2939 2677 2995 2731 δὲ
3036 2682 3592 2752 παραπορευόμενος
3639 2683 3668 2734 ὁ
3711 2682 3804 2734 Ἰαμ-

529 2775 674 2837 dem,
708 2782 766 2826 ut
796 2775 909 2843 ipse
947 2774 1102 2832 dixit.
1159 2774 1213 2828 in
1269 2773 1450 2843 gladio
1482 2783 1537 2827 et
1591 2788 1758 2837 arcu,
1811 2773 1864 2828 id
1914 2783 2001 2830 est
2035 2775 2103 2830 ad

519 2867 747 2921 exitium
778 2876 833 2921 et
872 2867 1085 2920 ruinam
1152 2866 1400 2935 priorum
1423 2865 1785 2920 habitantium
1809 2903 1824 2929 ,
1851 2861 2105 2920 Christus

521 2973 652 3012 vero
679 2957 732 3011 in
768 2972 1021 3012 sermone
1046 2967 1101 3011 et
1122 2956 1396 3020 doctrina,
1424 2964 1479 3009 et
1507 2955 1736 3025 proinde
1758 2955 1824 3008 ad
1851 2954 2105 3010 salutem.

526 3049 691 3105 «Nam
723 3050 910 3114 Iesus,
943 3049 1208 3119 fatigatus
1227 3064 1290 3104 ex
1327 3048 1543 3112 itinere,
1581 3047 1804 3102 sedebat
1835 3048 1916 3103 sic
1939 3061 2106 3118 supra

522 3147 753 3197 fontem.
798 3139 941 3194 liora
971 3147 1089 3194 erat
1118 3140 1276 3207 quasi
1307 3147 1481 3194 sexta.
1517 3157 1537 3192 ι

2213 2766 2348 2833 κὼό,
2381 2765 2456 2830 ὡς
2488 2769 2522 2836 ἡ
2569 2768 2782 2838 ἱστορία
2820 2770 2978 2838 φησὶ,
3009 2772 3418 2842 παρεστήσατο
3457 2773 3531 2827 τὰ
3566 2773 3798 2842 Σίκημα,

2202 2859 2345 2915 οὕτω
2393 2863 2916 2934 παραπορευόμενος
2945 2865 2974 2916 ὁ
3017 2864 3258 2935 Χριστὸς
3296 2867 3426 2932 νῦν,
3482 2867 3799 2937 ὑπηγάγετο

2202 2955 2304 3024 τὴν
2335 2954 2666 3024 Σαμάρειαν.
2705 2953 2846 3008 Ἀλλ’
2889 2956 3098 3017 ἐκεῖνος
3126 2955 3249 3025 μὲν.
3284 2957 3372 3021 ὡς
3416 2957 3590 3020 αὑτός
3619 2972 3794 3027 φησιν,

2203 3048 2264 3101 ἒν
2293 3048 2358 3116 τῇ
2393 3047 2642 3118 ῥομφαίᾳ
2667 3047 2766 3101 καὶ
2816 3046 2896 3116 τῷ
2941 3047 3082 3119 τόξῳ
3116 3049 3314 3116 αὐτοῦ,
3375 3051 3634 3120 δηλονότι
3667 3047 3792 3118 πρὸς

2207 3136 2587 3207 ἐξολόθρευσιν
2624 3143 2722 3192 καὶ
2749 3137 3032 3192 ἀπώλειαν
3059 3139 3168 3192 τῶν
3197 3141 3490 3212 πρότερον
3522 3140 3788 3196 ἐνοικούν-

520 3255 628 3290 των
655 3251 669 3266 ’
696 3218 724 3288 δ
751 3236 807 3290 δὲ
834 3234 1071 3304 Χριστδς
1101 3216 1331 3302 ἐν’λόγῳ
1357 3234 1451 3287 καὶ
1504 3231 1849 3304 διδασκαλίᾳ,
1883 3233 1962 3286 διὸ
1988 3233 2085 3286 καὶ
2122 3231 2258 3302 πρὸς
2288 3232 2568 3302 σωτηρίαν
2596 3247 2612 3264 ο
2647 3249 2667 3285 ι
2700 3232 2762 3287 '0
2793 3232 2904 3303 γάρ
2945 3231 3156 3302 Ἰησοῦς
3217 3234 3617 3300 κεκοπιακὼς,
3685 3251 3786 3304 φη-

522 3332 629 3393 σὶν,
665 3333 730 3385 ἐκ
759 3331 858 3399 τῆς
886 3327 1216 3397 ὁδοιπορίας,
1252 3326 1487 3396 ἐκάθητο
1511 3325 1684 3390 οὕτως
1711 3327 1806 3382 ἐπὶ
1825 3329 1892 3396 τῇ
1918 3327 2094 3396 πηγῇο
2134 3323 2254 3394 ὥρα
2277 3318 2344 3394 ἦν
2373 3322 2504 3376 ὡσεὶ
2533 3323 2690 3391 ἕκτη.
2724 3342 2744 3377 ι

594 3424 737 3478 liora
769 3431 822 3488 et
859 3419 1106 3490 fatigatio
1142 3427 1200 3474 ut
1228 3419 1440 3474 sederet
1488 3418 1796 3474 invitabant
1843 3433 1968 3473 eum
2000 3416 2092 3484 qui

2270 3415 2381 3470 Καὶ
2406 3415 2439 3486 ὴ
2461 3414 2578 3486 ὥρα
2610 3418 2704 3471 καὶ
2732 3418 2761 3470 ὁ
2789 3419 2958 3482 κόπος
2981 3421 3156 3474 ἐδίδου
3185 3418 3482 3493 καθῆσθαι
3511 3421 3608 3477 τὸν
3635 3420 3782 3492 σῶμα

516 3531 723 3586 corpus
751 3522 940 3569 nostro
972 3526 1321 3582 nequaquum
1349 3510 1598 3565 absimile
1639 3509 1912 3566 induerat.
1947 3507 2101 3575 Quod
2133 3528 2144 3540 -

520 3619 581 3662 ut
626 3609 1031 3663 demonstraret
1087 3613 1140 3657 et
1190 3602 1432 3658 futuram
1481 3603 1828 3673 prospiciens
1887 3603 2101 3655 lucrum

521 3700 663 3756 sedit
697 3700 799 3767 sic,
830 3707 892 3751 ut
918 3697 1122 3752 dictum
1153 3706 1258 3761 est,
1291 3709 1456 3760 supra
1491 3695 1718 3759 fontem,
1752 3693 1805 3748 id
1842 3701 1922 3747 est
1956 3704 2104 3745 mere

522 3791 694 3858 humi,
710 3790 858 3846 solus
879 3787 1033 3857 quasi
1055 3797 1107 3841 et
1128 3801 1267 3841 unus
1289 3801 1353 3840 ex
1374 3785 1561 3840 multis
1578 3786 1784 3851 viator;
1809 3782 1930 3852 ejus
1956 3783 2100 3838 enim

519 3883 776 3952 discipuli
820 3882 1073 3936 abierant
1129 3880 1182 3934 in
1236 3878 1514 3934 civitatem
1566 3888 1625 3932 ut
1655 3878 1808 3932 cibos
1836 3884 2100 3930 emerent.

523 3979 658 4032 Dum
716 3989 847 4044 ergo
894 3973 975 4028 sic
1023 3973 1172 4027 solus
1215 3988 1379 4042 supra
1426 3971 1632 4026 fontem
1675 3972 1912 4034 sederet,
1953 3969 2103 4026 venit

523 4069 721 4122 mulier
755 4065 823 4119 de
861 4063 1111 4118 Samaria
1162 4063 1390 4117 haurire
1427 4077 1655 4131 aquam;
1695 4060 1961 4115 Dominus
1999 4074 2103 4112 au-

523 4169 630 4212 lem
666 4165 720 4212 et
764 4156 959 4211 sitiens
1009 4163 1066 4207 ut
1123 4153 1310 4218 homo,
1373 4163 1426 4208 et
1480 4152 1860 4222 obsequiosam
1913 4151 2103 4205 videns

524 4268 646 4321 qum
677 4250 743 4303 ad
795 4249 939 4302 sitim
988 4247 1285 4301 sedandam
1318 4245 1589 4311 veniebat,
1624 4260 1857 4300 cernens
1890 4260 2015 4297 vero
2047 4255 2105 4298 ut

529 4347 670 4396 Deus
697 4356 814 4396 eam
845 4353 985 4407 aqua
1017 4338 1207 4391 salutis
1240 4336 1396 4391 sitire
1426 4349 1589 4405 quam
1616 4334 1796 4403 ipsum
1826 4333 2104 4404 impertire

529 4435 830 4494 nesciebat,
889 4431 1247 4500 semetipsum
1303 4428 1501 4482 anima).
1558 4425 1803 4495 diligenti
1858 4424 2102 4479 revelare

527 4531 717 4598 coepit.
785 4525 948 4589 Nam,
1005 4523 1145 4578 sicut
1200 4523 1464 4589 scriptum
1511 4528 1636 4584 est,
1680 4517 1970 4587 diligentes
2045 4530 2104 4570 se

528 4621 730 4690 diligit.
763 4617 956 4686 Incipit
985 4627 1168 4670 autem
1211 4629 1316 4682 qua
1351 4611 1458 4667 erit
1483 4619 1761 4679 acceptus,
1792 4615 1854 4664 et
1884 4606 1954 4661 ad
1981 4621 2101 4662 eam

528 4714 662 4768 (lin
705 4731 716 4765 :
754 4732 772 4763 ι
821 4712 892 4765 lla
955 4708 1084 4764 mihi
1146 4707 1352 4762 bibere.
1390 4723 1409 4757 ›
1470 4704 1566 4760 Illa
1611 4717 1743 4759 vero
1794 4701 2106 4758 cum'esset

2208 3507 2621 3576 περικείμενον,
2650 3509 2839 3562 ὁποῖόν
2873 3510 2992 3565 ἐστι
3021 3512 3083 3566 τὸ
3115 3512 3401 3586 ἡμέτερον
3425 3531 3443 3548 ο
3469 3514 3632 3569 τοῦτο
3683 3513 3785 3567 τοί-

2205 3616 2300 3653 νυν
2332 3599 2720 3669 πιστούμενος,
2753 3601 2928 3654 καὶτὸ
2957 3601 3154 3672 μέλλον
3199 3605 3406 3676 κέρδος
3465 3605 3782 3677 προϐλέπων

2205 3691 2466 3762 ἐκάθητο,
2501 3693 2690 3762 φησὶν,
2761 3692 2936 3758 οὕτως
2996 3696 3089 3748 επὶ
3141 3700 3207 3767 τῇ
3269 3703 3461 3770 πηγῇ,
3517 3699 3784 3754 τουτέστιν

2205 3785 2421 3852 ἀφελῶς
2456 3788 2650 3854 χαμαὶ,
2704 3789 2865 3855 μόνος
2898 3787 2972 3850 ὡς
3001 3783 3080 3851 εἷς
3137 3789 3244 3842 τῶν
3303 3793 3526 3849 πολλῶν
3559 3788 3732 3857 ὁδίτης
3761 3803 3778 3819 ⁹

2203 3878 2254 3930 oi
2278 3880 2388 3950 γὰρ
2413 3880 2656 3950 μαθηταὶ
2707 3878 2874 3934 αὑτοῦ
2915 3881 3364 3951 ἀπεληλύθεισαν
3423 3887 3508 3949 είς
3558 3884 3657 3955 τὴν
3690 3881 3776 3934 πόα

2206 3969 2312 4037 λιν,
2343 3971 2430 4025 ἵνα
2490 3971 2696 4042 τροφὰς
2751 3971 3088 4042 άγοράσωσι.
3141 3976 3564 4048 Μεμονωμένου
3610 3972 3776 4027 τοίνυν

2207 4060 2382 4125 οὕτως
2413 4064 2506 4115 ἐπὶ
2534 4066 2600 4134 τῇ
2630 4066 2782 4133 πηγῇ
2834 4064 3174 4134 καθημένου,
3227 4066 3458 4136 ἔρχεται
3522 4067 3660 4138 γυνὴ
3717 4067 3789 4119 ὲκε

2211 4151 2305 4218 τῆς
2339 4151 2652 4221 Σαμαρείας
2703 4153 2970 4223 ἀντλῆσαι
3033 4153 3198 4224 ὕδωρ·
3238 4159 3266 4210 ὁ
3322 4159 3382 4212 δὲ
3443 4159 3650 4229 Κύριος
3687 4154 3771 4208 καὶ

2209 4239 2379 4306 διψῶν
2430 4241 2507 4303 ὡς
2534 4242 2842 4311 ἄνθρωπος,
2870 4245 2964 4298 καὶ
2986 4247 3086 4315 τὴν
3133 4247 3371 4317 ἔχουσαν
3421 4247 3769 4316 ἀνθρωπίνως

2207 4335 2305 4402 τὴν
2337 4332 2502 4400 δίψαν
2553 4333 2762 4387 παῦσαι
2815 4340 3270 4408 παραγενομένην
3307 4339 3466 4403 ἰδὼν,
3521 4338 3688 4406 δρῶν
3716 4333 3768 4386 δὲ

2208 4423 2284 4485 ὡς
2312 4423 2444 4485 Θεὸς
2487 4424 2584 4476 καὶ
2625 4425 2725 4492 τὴν
2755 4425 2955 4496 ταύτης
2989 4427 3220 4497 καρδίαν
3271 4429 3523 4499 διψῶσαν
3589 4427 3767 4485 ὓδατος

2209 4512 2500 4584 σωτηρίου,
2529 4513 2618 4567 τὸν
2664 4515 2720 4568 δὲ
2751 4516 3050 4585 δυνάμενον
3104 4517 3262 4570 τοῦτο
3320 4519 3633 4589 παρασχεῖν
3676 4513 3768 4564 οὐκ

2207 4607 2433 4671 εἰδυῖαν,
2460 4607 2811 4674 ἀποκαλύψαι
2844 4611 2945 4677 μὲν
2990 4610 3182 4665 ἑαυτὸν
3231 4611 3520 4681 ἐπείγεται
3579 4610 3642 4679 τῇ
3669 4621 3762 4658 πο·

2209 4699 2380 4772 θούσῃ
2421 4699 2570 4770 ψυχῇ
2592 4717 2610 4733 ο
2647 4700 2803 4753 ποθεί
2833 4702 2939 4770 γὰρ
2993 4704 3089 4762 καὶ
3123 4703 3283 4764 αὐτὸς
3309 4704 3441 4769 τοὺς
3484 4699 3768 4756 ποθοῦντας

529 4806 836 4878 perspicax,
879 4812 934 4858 et
961 4818 1028 4856 ex
1085 4800 1199 4855 sola
1230 4808 1401 4860 veSte,
1441 4812 1509 4851 ex
1541 4795 1736 4859 forma,
1765 4809 1832 4849 ex
1855 4790 2102 4848 decentia

2213 4791 2354 4844 κατὰ
2384 4791 2445 4844 τὸ
2473 4791 2861 4861 γεγραμμένον
2885 4807 2900 4821 ο
2931 4791 3161 4861 ἄρχεται
3203 4792 3261 4846 δὲ
3302 4795 3429 4848 ὅθεν
3479 4787 3765 4858 semota:-

534 4900 671 4955 furis
702 4897 939 4965 fulgente
967 4910 1093 4949 eum
1128 4907 1250 4948 esse
1269 4888 1528 4958 Judaeum
1565 4888 1813 4960 legisque
1853 4885 2116 4941 observa-

535 5006 710 5047 torem
759 4989 1106 5056 intelligeret,
1163 4983 1351 5048 Miror,
1399 4981 1596 5048 inquit,
1651 4977 1926 5048 quomodo
1977 4985 2032 5030 tu
2080 4990 2113 5031 a

531 5082 760 5136 muliere
792 5078 1137 5132 Samaritana
1168 5073 1351 5144 poscis
1385 5071 1607 5136 bibere;
1638 5067 1806 5122 Judzei
1834 5067 1980 5123 enim
2015 5069 2115 5121 Sa-

2211 4898 2339 4947 κτος
2387 4881 2566 4948 ἔσται,
2603 4883 2708 4934 καί
2731 4899 2862 4952 φησι
2905 4883 3040 4952 πρὸς
3070 4884 3240 4954 αὐτήν
3263 4900 3276 4914 ’
3319 4903 3337 4936 ι
3379 4887 3478 4948 Δός
3512 4898 3601 4951 μοι
3635 4877 3765 4943 ὕδωρ

2213 4977 2377 5030 πιεῖν.
2411 4991 2429 5026 ›
2481 4972 2547 5026 Ἠ
2575 4973 2633 5026 δὲ
2661 4975 2857 5044 συνετὴ
2923 4972 3081 5041 οὖσα,
3137 4978 3232 5028 καὶ
3293 4978 3404 5031 ἀπὸ
3465 4975 3628 5045 μόνης
3673 4968 3760 5034 τῆς

2211 5067 2403 5136 στολῆς
2451 5067 2548 5120 καὶ
2578 5067 2670 5120 τοῦ
2709 5067 2990 5139 σχήματος
3052 5069 3146 5122 mi
3183 5068 3283 5138 τῆς
3348 5063 3759 5136 ἐπιφαινομένη

533 5170 823 5226 maritanis
878 5175 1067 5237 utpote
1127 5163 1356 5235 paganis
1414 5176 1524 5216 non
1583 5166 1897 5214 coutuntur.
1954 5155 2102 5213 Unde

2208 5158 2409 5225 ἔξωθεν
2442 5159 2802 5229 κοσμιότητος
2850 5159 3105 5212 Ἰουδαῖὸν
3134 5176 3194 5212 τε
3243 5160 3374 5214 ὄντα
3408 5157 3644 5217 συνεῖσα,
3674 5146 3758 5201 καὶ

535 5239 1182 5318 limuinus'occasionem
1219 5255 1370 5325 cepit
1422 5253 1774 5322 semetipsum
1805 5249 2107 5316 revelandi,

533 5358 598 5410 ad
631 5371 749 5411 eam
783 5354 974 5409 dicens
1013 5366 1028 5404 :
1063 5369 1082 5401 ι
1122 5349 1180 5403 Si
1209 5346 1380 5402 scires
1409 5346 1610 5401 donum
1638 5343 1756 5409 Dei,
1795 5352 1848 5397 et
1874 5343 2001 5414 quis
2026 5353 2111 5398 est

537 5449 628 5517 qui
665 5445 797 5501 dicit
828 5444 924 5499 tibi
953 5461 967 5498 :
1002 5441 1075 5495 Da
1105 5439 1237 5494 mihi
1271 5437 1481 5501 bibere,
1534 5444 1587 5491 tu
1622 5435 1852 5490 forsitan
1880 5433 2112 5506 petisses

538 5545 606 5594 ab
645 5556 732 5606 eo,
768 5549 822 5594 et
850 5537 1091 5592 dedisset
1120 5534 1214 5589 tibi
1247 5547 1442 5601 aquam
1479 5533 1680 5584 vivam.

537 5634 788 5704 ἄρχεται,
821 5631 958 5701 πρὸς
983 5627 1152 5697 αὐτὴν
1180 5625 1356 5693 λέγων
1385 5640 1399 5654 ·
1440 5642 1457 5675 ι
1505 5623 1566 5675 Εἰ
1590 5623 1738 5693 ᾔδεις
1764 5621 1860 5691 τὴν
1893 5621 2101 5692 δωρεὰν
2142 5620 2242 5674 τοῦ.
2264 5619 2425 5688 Θεοῦ,
2462 5622 2552 5674 καὶ
2584 5621 2669 5684 τίς
2699 5623 2844 5675 ἐστιν
2877 5621 3097 5689 ὁλιίγων
3122 5640 3224 5690 σοι,
3281 5621 3377 5682 Δός
3464 5630 3552 5685 μοι

2211 5253 2304 5306 τοῦ
2334 5253 2501 5322 νόμου
2547 5252 2787 5322 φύλακα,
2819 5251 3115 5321 Θαυμάζω,
3150 5251 3280 5322 ἔφη,
3329 5251 3449 5315 πῶς
3492 5245 3636 5312 παρὰ
3662 5241 3755 5293 Σα-

2216 5344 2525 5415 μαρείτιδος
2563 5346 2733 5408 αἰτεῖς
2769 5348 2942 5412 πόμα,
2973 5343 3083 5396 τῶν
3126 5344 3393 5399 Ἰουδαίων
3447 5341 3557 5400 τοῖς
3583 5335 3750 5400 Σαμα-

2217 5436 2424 5505 ρείταις
2466 5435 2796 5500 ὡςὲθνικοῖς
2828 5431 2946 5489 οὖσι
2982 5437 3056 5506 μὴ
3111 5434 3531 5491 κοινωνούντων.
3604 5426 3657 5475 Ὅ
3702 5418 3752 5468 δὲ

2217 5501 2424 5600 Κύριος
2457 5529 2711 5600 ἀφορμῆς
2763 5501 3067 5600 λαθόμενος
3115 5531 3306 5584 ἑαυτὸν
3363 5501 3780 5582 άποκαλύπτειν’

3618 5603 3749 5666 ὕδωρ

536 5731 704 5792 πιεῖν,
727 5726 791 5779 σὺ
813 5724 879 5778 ἂν
908 5724 1114 5796 ᾔτησας
1142 5721 1323 5786 αὑτὸν,
1365 5719 1459 5772 καὶ
1493 5717 1690 5770 ἔδωκεν
1716 5718 1781 5772 ἄν
1835 5734 1918 5770 σοι
1952 5715 2097 5787 ὕδωρ
2137 5715 2266 5780 ζῶν.
2308 5735 2331 5770 ι

613 5903 839 5958 "Joau.
880 5917 950 5966 ιν,
992 5901 1044 5954 Ei.
1124 5903 1167 5933 7"
1203 5900 1340 5956 Gen.
1381 5913 1568 5963 sLHII,
1595 5897 1682 5950 '21.
