4046 6440
228 453 341 518 233

1597 431 1931 511 HOMILIA
1967 444 2132 506 xrx.

3393 425 3502 492 254

325 565 524 630 Ὁρᾶτε
591 561 1066 636 μαρτυρούμενον,
1137 565 1212 629 ὥς
1282 566 1444 636 εἴπερ
1501 566 1820 634 ἐγίνωσκεν,

1998 558 2190 613 Videte
2233 561 2521 612 testantem
2558 529 2819 623 quoniam
2870 547 2916 605 si
2963 542 3328 616 cognovisset,
3377 541 3496 612 ipsa

221 659 448 728 ,ᾔτησεν
510 657 577 710 ἂν
644 658 926 726 πάραυτα,
997 660 1095 712 καὶ
1147 660 1375 730 μέτοχος
1419 662 1663 728 ἐγεγόνει
1722 657 1818 712 τοῦ

236 749 415 812 ὅντως
450 749 657 812 ζῶντος
691 748 906 814 ὓδατος,
968 752 1046 813 ὡς
1093 753 1187 804 καὶ
1237 751 1486 821 μαθοῦσα
1549 751 1820 818 πεποίηκε

238 840 342 892 καὶ
372 838 685 908 ἀπήλαυσεν
717 840 967 912 ὕστερον.
1004 842 1078 895 Τδ
1107 843 1162 896 δὲ
1224 843 1501 912 συνέδριον
1541 841 1652 894 τῶν
1692 842 1826 894 Ἰου-

240 932 415 984 δαίων
457 932 858 1002 ἐρωτήσαντες,
896 935 992 986 καὶ
1041 935 1229 1002 σαφῶς
1294 934 1651 997 ἀκούσαντες,
1703 926 1822 984 εἶτα

241 1027 341 1076 τὸν
372 1022 576 1092 Κύριον
631 1026 731 1092 τῆς
782 1025 943 1092 δόξης
1009 1025 1384 1095 ἐσταύρωσαν.
1437 1024 1600 1078 Ἀλλὰ
1648 1026 1732 1086 τίς
1787 1025 1822 1093 ή

248 1115 432 1186 δωρεὰ
459 1112 552 1166 τοῦ
583 1113 721 1166 Θεοῦ
745 1155 760 1178 ,
805 1133 821 1165 ι
853 1115 918 1168 Et
953 1115 1102 1186 ᾔδεις
1138 1116 1272 1186 γὰρ,
1307 1118 1464 1184 φησὶ,
1497 1118 1596 1186 τὴν
1611 1116 1824 1184 δωρεὰν

247 1204 346 1258 τοῦ
403 1201 562 1256 Θεοῦ·
598 1221 617 1254 ι
673 1203 759 1256 ἴνα
784 1203 954 1256 τᾶλλα
993 1205 1282 1275 παρῶμεν,
1307 1207 1438 1258 αὐτὸ
1469 1206 1532 1258 τὸ
1569 1205 1695 1268 τοὺς
1719 1203 1825 1257 ὑπὸ

261 1295 535 1349 Ἰουδαίων
569 1295 896 1365 βδελυκτοὺς
931 1293 1073 1351 εῖναι
1103 1297 1517 1366 νομιζομένους,
1547 1296 1822 1366 καὶμέχρι

248 1385 790 1461 δόματοςιπόματος
853 1387 1277 1456 ἀκοινωνήτους,
1333 1387 1422 1438 τὸν
1474 1384 1826 1455 ἐνανθρωπή-

256 1495 432 1531 σαντα
475 1477 606 1529 Θεον
634 1478 712 1554 μὴ
755 1477 1163 1546 βδελύττεσθαι,
1225 1477 1465 1548 πηλίκης
1501 1477 1710 1547 δωρεᾶς
1763 1494 1823 1531 τε

251 1571 353 1623 καὶ
382 1569 606 1638 χάριτος
629 1584 644 1633 ;
671 1569 746 1621 Τὸ
766 1569 822 1622 δὲ
856 1571 971 1622 καὶ-
1003 1569 1262 1622 τοσοῦτον
1318 1569 1619 1641 ἐρασμίους
1671 1571 1826 1639 ήγεϊο

257 1661 406 1724 σθαι,
447 1661 522 1722 ὡς
553 1659 628 1728 μὴ
662 1660 826 1728 μόνον
854 1661 922 1714 τὰ
957 1661 1089 1730 παρ’
1124 1661 1309 1715 αὐτῶν
1357 1661 1618 1731 διδόμενα
1670 1661 1822 1730 δέκεο

255 1754 404 1816 σθαι,
453 1752 590 1806 ἀλλά
637 1753 734 1806 καὶ
791 1752 957 1807 αὑτὸν
1013 1752 1248 1818 ἐκείνοις
1290 1754 1399 1807 τῶν
1453 1753 1622 1808 αὐτοῦ
1664 1753 1826 1807 θείων

256 1849 614 1919 χαρισμάτων
656 1846 1036 1918 μεταδιδόναις
1070 1849 1134 1902 Τί
1186 1848 1352 1916 λέγω
1393 1866 1506 1902 των
1551 1850 1828 1920 χαρισμά-

257 1959 371 1994 των
403 1959 417 2004 ;
457 1941 680 1994 Ἑαυτὸν
715 1941 825 2013 γὰρ
859 1941 1118 2011 παρέχει,
1143 1942 1238 1996 καὶ
1273 1942 1448 2015 σκεύη
1473 1943 1700 1996 δεκτικά
1725 1943 1826 2011 τῆς

258 2031 423 2086 αὑτοῦ
451 2031 702 2102 θεότητος
731 2033 1104 2103 ἀπεργάζεται
1154 2037 1280 2098 τοὺς
1325 2036 1689 2100 πιστεύοντας
1711 2053 1724 2067 ⁶
1759 2036 1825 2090 οὐ

257 2124 370 2195 γάρ
400 2125 547 2178 ἐστιν
581 2124 755 2189 ἄλλως
787 2126 975 2196 πηγὴν
1009 2127 1210 2192 αὐτοὺς
1265 2128 1432 2197 ἔχειν,
1469 2130 1561 2192 ὡς·
1590 2129 1829 2198 προϊδὼν

258 2215 672 2283 ἐπαγγέλλεται,
715 2217 854 2288 πρὸς
893 2216 1039 2288 ζωὴν
1081 2217 1301 2272 αίὼνιον
1366 2219 1692 2289 ἀλλομένην.
1729 2218 1827 2284 Τίς

260 2308 388 2372 νοῦς
429 2310 674 2378 ἐννοήσει
702 2327 718 2374 ;
760 2310 858 2373 Τίς
886 2311 1043 2379 λόγος
1075 2312 1346 2382 ἐκφράσει
1373 2313 1435 2366 τδ
1482 2313 1830 2384 ὑπερϐάλλον

259 2402 358 2472 τῆς
380 2401 617 2469 δωρεᾶςς
663 2401 725 2456 Ἥ
753 2402 808 2456 δέ
838 2405 1166 2476 Σαμαρεῖτις
1201 2407 1368 2477 μήπω
1427 2405 1489 2459 τὺ
1542 2406 1830 2476 μεγαλεῖον

264 2497 487 2548 συνεῖσα
517 2494 612 2548 τοῦ
670 2496 869 2561 ζῶντος
907 2496 1122 2562 ὕδατος,
1193 2499 1411 2569 πρῶτον
1453 2500 1554 2568 μὲν
1613 2501 1828 2567 ἀπορεῖ,

264 2587 432 2641 πόθεν
460 2589 489 2640 ό
515 2589 838 2660 προσλαλῶν
887 2591 1114 2661 εὑρήσει
1144 2591 1209 2645 τὸ
1259 2591 1405 2664 ὓδωρ
1437 2594 1466 2647 δ
1498 2591 1834 2662 ἐπαγγέλλε-

263 2695 377 2735 ται,
407 2679 544 2748 μήτε
601 2678 850 2750 ἄντλημα
883 2681 1042 2751 ἔχων,
1097 2683 1194 2736 καὶ
1240 2683 1334 2737 τοῦ
1402 2685 1636 2756 φρέατος
1680 2684 1833 2748 ὄντος

272 2769 463 2838 βαθέος
487 2785 504 2803 ο
539 2767 654 2824 εἷτα
693 2774 788 2826 καὶ
819 2774 1144 2845 συγκρίνειν
1171 2775 1440 2844 ἐπιχειρεῖ
1477 2777 1668 2831 τοῦτον
1693 2778 1834 2848 πρὸς

278 2861 494 2928 Ἰακὼϐ,
546 2862 604 2915 δν
629 2863 725 2916 καὶ
750 2863 972 2931 Πατέρα
1002 2865 1182 2929 καλεῖ,
1211 2868 1621 2937 σεμνολογοῦσα
1651 2869 1712 2923 τὺ
1737 2870 1832 2938 γέ-

263 2971 350 3018 νος
373 2954 482 3007 ἀπο
513 2954 601 3008 τοῦ
629 2955 818 3020 τόπου,
845 2957 942 3012 καὶ
977 2957 1038 3011 τὺ
1068 2957 1211 3029 ὕδωρ
1247 2960 1459 3029 ἐξαίρει
1509 2960 1605 3016 τοῦ
1661 2962 1834 3034 φρέα-

262 3060 375 3109 τος,
415 3045 490 3107 ὡς
526 3045 676 3114 ιιι
709 3047 783 3116 μή
823 3046 892 3101 ἂν
916 3048 1234 3118 εὑρεθέντος
1292 3051 1573 3116 καλλίονος
1602 3067 1617 3084 ο
1646 3052 1722 3116 ὡς
1774 3052 1832 3106 δὲ

263 3136 468 3206 ἤκουσε
501 3137 594 3188 τοῦ
619 3136 826 3208 Κυρίου
859 3140 1130 3203 εἰπόντος,
1173 3141 1256 3194 ὅτι
1289 3141 1363 3194 Τὸ
1409 3141 1576 3211 ὕδωρ,
1644 3143 1674 3197 δ
1721 3144 1832 3214 ἐγὼ

1925 651 2110 722 potius
2156 664 2269 703 rem
2318 646 2641 718 petivisset,
2692 653 2747 699 et
2776 656 2930 713 aquae
2971 639 3151 708 reipsa
3201 636 3335 691 vivze
3377 651 3502 704 pare

1925 745 2097 812 ticeps
2133 741 2300 808 facta,
2333 741 2519 795 audita
2555 740 2770 794 fecisset
2826 745 2991 805 atque
3033 739 3223 803 postea
3256 729 3505 800 collegis-

1925 847 2025 894 set.
2051 836 2365 890 Judazorum
2391 845 2572 888 tamen
2593 831 2848 887 Seniores
2870 829 2973 884 etsi
3005 827 3505 894 interrogassentet

1927 938 2075 985 recte
2106 928 2470 990 audivissent,
2522 925 2718 979 deinde
2779 921 3066 975 Dominum
3120 917 3308 989 gloria:
3355 917 3505 971 cruci

1926 1021 2238 1074 aflixerunt.
2289 1017 2393 1073 Sed
2447 1016 2595 1086 quod
2643 1024 2724 1070 est
2758 1015 2958 1068 donum
3013 1010 3143 1065 Dei?
3191 1011 3278 1064 Ait
3310 1011 3505 1064 enim:

1923 1127 1950 1164 '4
1987 1111 2041 1166 Si
2077 1111 2246 1165 scires
2278 1109 2370 1163 Dei
2403 1109 2638 1170 donum;
2675 1125 2694 1158 ι
2736 1115 2791 1159 ut
2827 1105 2930 1157 alia
2966 1104 3308 1166 omittamus,
3340 1100 3505 1154 Detun

1928 1205 2272 1258 incarnatum
2297 1215 2645 1269 nequaquam
2680 1205 3029 1252 contemnere
3050 1211 3142 1248 eos
3171 1209 3310 1263 quos
3334 1191 3506 1246 Judaei

1927 1297 2002 1351 ita
2034 1297 2170 1351 viles
2204 1293 2483 1349 habebant
2513 1299 2573 1347 ut
2604 1307 2703 1346 nec
2733 1299 2918 1360 potum
2967 1289 3034 1344 ab
3070 1289 3149 1342 eis
3193 1289 3390 1342 vellent
3421 1303 3512 1341 ac-

1927 1391 2138 1459 cipere;
2169 1396 2433 1459 quantum
2464 1395 2545 1441 est
2569 1385 2798 1448 donum,
2823 1391 3027 1452 quanta
3061 1382 3233 1452 gratia
3262 1383 3275 1436 i
3312 1382 3510 1435 Verum

1927 1495 2022 1535 eos
2050 1479 2122 1533 ita
2157 1478 2423 1533 amabiles
2447 1485 2735 1531 autumare
2761 1483 2819 1529 ut
2867 1488 2978 1527 non
3019 1470 3414 1526 donata'modo
3446 1470 3514 1524 ab

1928 1575 2011 1628 eis
2045 1571 2348 1642 acciperet,
2405 1569 2498 1625 sed
2554 1569 2721 1622 etiam
2776 1583 2873 1622 eos
2924 1565 3233 1620 divinarum
3287 1580 3510 1619 suarum

1931 1663 2224 1734 participes
2249 1662 2547 1734 gratiarum
2573 1661 2840 1726 elliceret;
2867 1659 2996 1728 quid
3027 1657 3148 1712 dico
3180 1657 3512 1728 gratiarum?

1927 1753 2060 1809 Nam
2096 1756 2335 1824 seipsutn
2369 1753 2654 1824 impendit,
2694 1761 2750 1808 et
2800 1750 3155 1820 acceptabilia
3188 1748 3405 1803 deitatis
3433 1757 3513 1800 ta-

1936 1844 2230 1899 bernacula
2273 1845 2561 1899 credentes
2601 1842 2759 1908 facit,
2829 1857 2951 1897 eum
2990 1840 3156 1894 alium
3199 1855 3308 1894 non
3349 1838 3514 1893 liceat

1931 1939 2012 1992 eis
2051 1937 2255 1992 fontem
2317 1938 2520 1992 habere
2581 1937 2633 1990 in
2671 1936 2839 1990 vitam
2891 1943 3150 1988 aeternam
3206 1932 3514 1998 salientem,

1893 2060 1899 2070 -
1931 2038 2130 2099 praeter
2166 2044 2291 2084 eum
2324 2045 2486 2099 quem
2517 2030 2668 2098 prius
2705 2027 2986 2098 promisit.
3023 2025 3156 2092 Qua:
3191 2025 3518 2092 menscogi-

1933 2122 2092 2182 tabit,
2136 2137 2259 2192 qua!
2295 2137 2397 2176 vox
2429 2121 2740 2176 enuntiabit
2771 2119 2903 2174 doni
2938 2113 3368 2173 excellentiam?
3407 2114 3510 2170 SI-

1930 2215 2201 2270 maritana
2259 2229 2413 2287 vero,
2473 2229 2596 2269 cum
2654 2213 2896 2267 nondum
2949 2213 3085 2264 vivae
3163 2209 3324 2277 hujus
3361 2223 3518 2276 aquae

1930 2308 2276 2377 concepisset
2309 2305 2704 2377 praestantiam,
2737 2305 2974 2375 primum
3011 2302 3214 2372 qumrit
3247 2300 3390 2354 unde
3421 2299 3516 2355 ille

1938 2401 2181 2457 inveniet
2214 2401 2356 2455 hanc
2386 2414 2548 2470 quam
2591 2397 2862 2469 promittit
2887 2410 3114 2466 aquam,
3168 2410 3293 2449 cum
3323 2403 3518 2464 puteus

1930 2496 2076 2550 altus
2110 2493 2204 2563 sit,
2240 2507 2418 2563 neque
2455 2507 2550 2546 vas
2575 2489 2843 2545 habeatin
2890 2501 3002 2559 quo
3025 2488 3267 2552 hauriet;
3323 2485 3519 2541 deinde

1933 2594 2169 2642 conatur
2199 2601 2330 2640 eum
2372 2599 2494 2638 cum
2524 2581 2696 2638 Jacob
2731 2597 3051 2651 comparare
3102 2597 3262 2652 quem
3303 2582 3517 2638 Patrem

1931 2688 2092 2737 vocat
2138 2694 2315 2750 genus
2369 2693 2434 2734 ex
2496 2680 2621 2733 loro
2677 2689 2961 2744 venerata,
3018 2678 3301 2748 ipsamque
3353 2673 3524 2742 jactat

1931 2775 2078 2842 putei
2110 2788 2309 2844 aquam
2355 2788 2461 2844 qua
2511 2772 2745 2828 inveniri
2783 2772 2976 2827 melior
3020 2787 3128 2826 non
3181 2771 3368 2841 possit.
3415 2766 3522 2822 Sed

1934 2874 2226 2934 postquam
2272 2866 2520 2920 audisset
2573 2863 2860 2920 Dominum
2917 2864 3242 2919 dicentem:
3296 2863 3520 2930 «Aqua,

1933 2972 2098 3028 quam
2127 2973 2229 3027 ego
2269 2958 2432 3022 dabo,
2473 2958 2564 3013 [iet
2598 2957 2804 3012 bibenti
2837 2957 2959 3011 fons
2996 2972 3152 3026 aqum
3182 2957 3430 3010 salientis
3461 2954 3517 3008 in

1931 3053 2099 3106 vitam
2158 3061 2536 3116 aeternam;.1
2599 3051 2798 3104 anima:
2849 3049 3222 3105 desiderantis
3289 3049 3518 3104 verbum

1935 3145 2144 3210 emisit,
2181 3155 2234 3199 et
2292 3144 2356 3198 ad
2406 3143 2567 3198 ﬁdem
2606 3143 2874 3205 adducta,
2926 3143 3028 3198 etsi
3079 3143 3320 3196 nomium
3368 3143 3518 3196 clare

260 3225 442 3289 δώσω,
482 3226 630 3297 πηγὴ
656 3229 946 3298 γενήσεται
975 3229 1053 3301 τῷ
1088 3229 1307 3285 λαϐόντι
1335 3232 1472 3304 πρὸς
1520 3231 1666 3304 ζωὴν
1699 3213 1832 3288 aid)-

1940 3248 2127 3308 posset
2160 3237 2334 3292 lucem
2368 3236 2592 3302 intueri,
2661 3254 2678 3287 ι
2720 3234 2974 3297 Domine,
3033 3234 3230 3301 inquit,
3279 3233 3344 3287 da
3388 3232 3525 3288 mihi
3576 3304 3579 3307 .

262 3336 377 3372 νιον
403 3319 696 3390 ἁλλομένη,
735 3321 916 3393 ψυχῆς
951 3323 1050 3392 μὲν
1112 3323 1385 3394 ποθούσης
1445 3325 1624 3396 ἀφῆκε
1661 3326 1837 3398 ῥῆμα,

266 3412 362 3465 καὶ
396 3411 533 3482 πρὸς
562 3411 746 3467 πίστιν
788 3415 1150 3486 ἐναγομένης,
1194 3418 1360 3487 μήπω
1422 3418 1478 3472 δὲ
1521 3419 1840 3491 δυνηθείσης

265 3505 405 3574 πρὸς
433 3504 495 3556 τὸ
546 3503 658 3574 φῶς
689 3507 903 3577 τρανῶς
959 3509 1264 3580 ἀναϐλέψαι
1290 3524 1305 3542 ·
1349 3529 1368 3563 ι
1405 3511 1506 3574 Δός
1569 3527 1661 3580 μοι
1702 3511 1835 3582 γὰρ,

269 3598 429 3667 φησὶ,
473 3597 664 3667 Κύριε,
693 3599 754 3652 τὸ
792 3599 933 3671 ὕδωρ
981 3600 1168 3666 τοῦτο,
1233 3603 1319 3656 ἵνα
1372 3604 1446 3675 μὴ
1487 3603 1647 3675 διψῶ,
1706 3606 1840 3676 μηδέ

270 3691 519 3760 ιρχωμαι
557 3690 742 3746 ἐνθάδε
795 3693 1005 3747 ἀντλεῖν
1029 3707 1044 3722 '
1078 3713 1096 3746 ι
1133 3697 1162 3747 ό
1193 3695 1249 3748 δὶ
1302 3695 1510 3768 Κύριος
1569 3698 1651 3750 ἔτι
1699 3700 1840 3752 κατὰ

286 3784 468 3852 μικρὸν
492 3783 685 3837 ἑαυτὸν
716 3785 1125 3842 ἀνακαλύπτειν
1154 3786 1482 3857 βουλόμενος
1507 3791 1839 3860 προστάττει

283 3874 447 3945 ταύτῃ
473 3875 563 3930 καὶ
593 3875 686 3928 τὸν
715 3876 886 3948 ἄνδρα
933 3879 1203 3950 φωνῆσαι.
1251 3880 1345 3944 Ὠς
1399 3880 1446 3933 δ’
1502 3880 1686 3950 ἐκείνη
1745 3883 1838 3936 καὶ

279 3967 591 4034 κρύπτουσα
619 3967 687 4022 τά
711 3969 830 4022 κατ’
856 3969 1050 4040 αὐτὴν,
1084 3973 1182 4026 καὶ
1205 3972 1515 4027 σπεύδουσα
1544 3972 1606 4026 τὺ
1663 3971 1839 4044 δῶρον

273 4059 478 4126 λαϐεῖν,
508 4059 714 4129 ἔλεγεν,
745 4061 860 4116 Οὐκ
887 4062 994 4133 Exte
1024 4063 1216 4135 ἄνδρα,
1258 4063 1462 4128 πόσους
1493 4064 1734 4128 οἰκείους
1773 4065 1838 4119 ἐκ

274 4154 469 4218 παιδὸς
535 4155 692 4224 ἔσχεν
731 4155 943 4220 ἀκούει,
997 4155 1095 4211 καὶ
1139 4157 1237 4212 νῦν
1290 4159 1576 4231 ἐλέγχεται
1628 4159 1706 4229 μὴ
1743 4159 1838 4212 τὸν

1936 3333 2084 3386 hanc
2135 3345 2359 3400 aquam,
2416 3337 2616 3383 utnon
2655 3328 2860 3389 sitiam.
2923 3341 3099 3396 neque
3151 3325 3364 3380 veniam
3421 3325 3527 3379 huc

1935 3424 2178 3480 haurire.
2215 3441 2234 3475 ι
2295 3419 2405 3476 Sed
2464 3418 2740 3473 Dominus
2786 3434 2910 3472 cum
2967 3418 3144 3473 adhuc
3189 3417 3352 3472 vellet
3379 3417 3428 3472 ei
3468 3433 3528 3473 sc

1933 3515 2195 3588 paulatim
2217 3513 2478 3578 revelare,
2499 3511 2652 3582 jubet
2676 3525 2795 3564 eam
2827 3510 3001 3564 virum
3027 3525 3226 3564 vocare
3244 3526 3424 3565 suum.
3453 3511 3529 3567 Ut

1937 3624 2067 3664 vero
2100 3607 2190 3662 illa
2227 3604 2516 3661 occultans
2541 3618 2638 3658 sua
2667 3613 2721 3658 et
2760 3602 3027 3658 festinans
3056 3618 3250 3672 aquam
3279 3602 3530 3671 accipeie

1938 3700 2171 3754 dixisset
2207 3711 2268 3753 se
2293 3696 2471 3750 virum
2509 3711 2614 3750 non
2660 3694 2892 3760 habere,
2937 3693 3148 3749 audivit
3185 3678 3320 3764 quot
3362 3693 3528 3749 fami-

1937 3793 2108 3848 liares
2149 3790 2218 3845 ab
2252 3787 2623 3844 adolescentia
2651 3785 2924 3847 habuerit,
2958 3796 3156 3841 etcum
3189 3787 3524 3842 contumelia

1938 3882 2090 3937 audit
2109 3881 2254 3952 quod
2275 3880 2355 3933 vir
2369 3893 2532 3949 quem
2559 3877 2790 3931 habebat
2812 3891 2919 3930 non
2934 3885 3051 3930 erat
3069 3877 3187 3945 ejus
3209 3895 3224 3943 ;
3247 3876 3339 3932 sed
3355 3878 3530 3931 nenti—

1936 3989 2104 4045 quam
2139 3971 2536 4043 vituperatione
2574 3979 2956 4038 exasperatur,
3017 3968 3170 4023 illum
3225 3985 3356 4025 vero
3409 3978 3526 4028 rata

1942 4075 2274 4138 prepuetam
2308 4079 2430 4120 esse
2457 4062 2552 4134 qui
2607 4061 3191 4133 loquebatur,lmajora
3217 4063 3530 4132 aggreditur

1947 4157 2244 4231 postulata.

271 4253 469 4306 οἰκεῖον
490 4252 658 4321 αὐτῆς
685 4251 829 4324 ἔχειν
853 4254 1070 4324 ἀνδραο
1131 4257 1226 4310 καὶ
1291 4257 1427 4328 πρὸς
1487 4257 1588 4328 μὲν
1652 4255 1744 4311 τδν
1795 4251 2020 4326 ἔλεγχον
2086 4254 2148 4310 οὐ
2204 4251 2578 4326 δυσχεραίνει,
2633 4250 2892 4324 πάραυτα
2942 4249 3000 4304 δὲ
3050 4267 3339 4322 προφητην
3402 4250 3533 4304 ὄντα

269 4345 470 4413 γνοῦσα
497 4346 586 4400 τὸν
614 4346 1026 4414 προσλαλοῦντα
1062 4349 1329 4418 μειζόνων
1377 4351 1610 4405 ἅπτεται
1662 4351 2024 4424 ζητημάτων.

348 4442 548 4512 Ὁρᾶτε
576 4441 638 4493 τὸ
664 4440 1019 4511 μακρόθυμον
1052 4442 1168 4512 ἅμα
1231 4444 1327 4496 καὶ
1384 4443 1688 4513 φιλομαθὲς
1737 4444 1836 4514 τῆς

270 4532 532 4602 γυναικὸς
559 4534 718 4600 ὃσονς
754 4551 772 4584 ι
812 4535 874 4586 Οἱ
913 4534 1154 4605 πατέρες
1185 4537 1313 4604 γὰρ,
1359 4537 1547 4604 φησὶν,
1577 4535 1735 4605 ἡμῶν
1779 4537 1837 4590 ὲν

269 4627 345 4696 τῷ
367 4627 485 4696 ὄρει
507 4627 682 4696 τούτῳ
715 4627 1153 4698 προσεκύνησαν,
1187 4631 1282 4682 καὶ
1345 4630 1501 4700 ὑμεῖς
1539 4630 1726 4699 λέγετε
1754 4632 1834 4684 ὃτι

1903 4535 2136 4590 οιὶοηειη
2218 4531 2381 4602 hujus
2447 4528 2764 4585 mulieris?
2831 4525 2922 4590 Ait
2980 4527 3126 4583 enim
3175 4544 3189 4582 :

2009 4440 2292 4498 Videtisne
2334 4436 2835 4509 magnanimitatem
2874 4443 2931 4492 et
2969 4435 3271 4493 studiosam
3302 4437 3532 4508 indaga-

3258 4545 3275 4579 ι
3338 4527 3535 4585 Patres

1937 4627 2108 4682 nostri
2139 4625 2192 4679 in
2223 4635 2406 4679 monte
2437 4623 2539 4677 hoc
2565 4621 2951 4688 adoraverunt,
2978 4629 3032 4677 et
3055 4637 3151 4676 vos
3178 4619 3362 4675 dicitis
3386 4623 3538 4692 quod

271 4721 329 4770 ἐν
365 4717 756 4788 Ἱεροσολύμοις
789 4721 938 4773 ἐστὶν
973 4720 1001 4772 ό
1029 4722 1220 4788 τόπος,
1256 4725 1392 4776 ὅπου
1459 4724 1542 4778 δεῖ
1599 4743 1832 4795 προσκυ-

1946 4717 2342 4788 Hierosolyma:
2366 4725 2448 4770 est
2472 4715 2624 4769 locus
2649 4715 2738 4768 ubi
2769 4715 3000 4770 adorare
3020 4722 3253 4783 Oportet.
3293 4733 3312 4767 ι
3357 4714 3519 4769 Vide-

272 4813 403 4864 νεῖν.
447 4829 466 4860 ι
509 4810 705 4880 Ὁρᾶτε
733 4811 852 4865 οἵαν
904 4808 1052 4880 εἶχεν
1082 4813 1140 4864 ἐν
1184 4816 1246 4883 τῇ
1315 4814 1528 4884 διανοίᾳ
1586 4816 1840 4885 μελέτην,

273 4904 362 4953 καῖ
418 4902 591 4970 πόσην
644 4898 759 4955 εἶχε
806 4905 904 4974 τῆς
957 4903 1179 4972 Γραφῆς
1231 4905 1475 4974 εῐδησιν;
1540 4907 1701 4959 Πόσοι
1748 4907 1842 4959 νῦν

270 4996 378 5046 τῶν
411 4999 474 5048 ὲκ
498 4997 725 5066 γενετῆς
753 4999 962 5051 πιστῶν
988 5000 1081 5054 καὶ
1111 5001 1176 5069 τῇ
1224 4999 1531 5072 Ἐκκλησία
1557 5002 1844 5072 τροφίμων

270 5087 557 5154 ἀγνοοῦσιν
616 5089 751 5157 ὅπερ
818 5089 851 5160 ἡ
911 5091 1251 5160 Σαμαρεῖτις
1310 5093 1602 5163 ἠπίστατο,
1658 5096 1740 5147 ὃτι
1793 5095 1840 5147 oi

271 5181 507 5250 πατέρες
557 5182 732 5248 ἡμῶν,
811 5182 1005 5236 Ἰακὼϐ
1059 5183 1302 5254 δηλονότι
1341 5187 1434 5239 καὶ
1486 5189 1532 5238 οἱ
1571 5186 1630 5253 ἐξ
1677 5187 1844 5242 αὐτοῦ

271 5274 607 5344 πατριάρχαι
657 5275 715 5326 ἐν
770 5276 848 5345 τῷ
895 5276 1011 5344 δρει
1045 5275 1220 5348 τούτῳ
1285 5279 1709 5350 προσεκύνησαν
1767 5281 1845 5352 τῷ

270 5365 424 5433 Harp:
457 5366 676 5433 Ταύτην
711 5367 810 5437 τὴν
837 5367 1042 5436 γνῶσιν
1084 5368 1181 5422 καὶ
1231 5370 1330 5439 τὴν
1373 5371 1508 5442 πρὸς
1544 5373 1844 5441 ἐπίγνωσιν

273 5459 507 5524 μελέτην
537 5459 630 5526 τῆς
653 5458 1015 5514 θεοπνεύστου
1048 5461 1269 5532 Γραφῆς
1295 5463 1369 5525 ὼς
1401 5464 1579 5533 ὀσμὴν
1611 5466 1842 5529 εὐωδίας

267 5552 294 5600 ὁ
327 5549 560 5616 Χριττὸς
609 5551 992 5618 προσιέμενος,
1031 5553 1468 5622 προσεκαρτέρει
1533 5555 1839 5625 συντυγχά-

267 5659 369 5690 νων
395 5641 567 5708 ήδέως
593 5643 654 5708 τῇ
692 5641 1042 5710 Σαμαρείτιδι
1071 5659 1084 5672 ·
1144 5642 1394 5714 καθάπερ
1443 5645 1554 5712 γὰρ
1606 5646 1699 5700 ἐπὶ
1728 5647 1840 5704 τῶν

266 5730 560 5795 ἀνθράκων
597 5729 662 5782 ἂν
699 5733 801 5796 μέν
828 5749 877 5783 τι
913 5731 1018 5784 τῶν
1063 5731 1312 5801 εὐόσμων
1346 5734 1525 5806 ἐνθῇς,
1585 5737 1840 5807 ἐπιστρέ-

271 5836 389 5883 get;
423 5821 515 5872 καὶ
550 5823 955 5891 παρακατέχεις
985 5824 1112 5885 τοὺς
1174 5825 1526 5892 προσιόντας,
1581 5828 1646 5880 ἂν
1680 5829 1736 5881 δὲ
1789 5849 1840 5884 τι

269 5909 373 5959 τῶν
405 5912 736 5981 galea/Sapor;
773 5913 866 5966 καὶ
901 5913 1173 5978 δυσωδῶν,
1213 5915 1449 5973 amna;
1487 5919 1706 5981 τούτιυς
1745 5922 1837 5971 καὶ

1939 4813 2010 4867 tis
2068 4812 2283 4881 qualem
2340 4809 2592 4864 versabat
2646 4810 2697 4862 in
2752 4819 2931 4864 mente
2980 4807 3415 4870 meditationem,
3463 4816 3520 4860 et

1939 4915 2198 4977 quantam
2251 4905 2485 4958 habebat
2537 4903 2835 4973 Scriptura;-
2884 4901 3172 4957 notitiam?
3206 4901 3348 4969 Quot
3399 4910 3530 4956 sunt

1937 5015 2088 5054 nunc
2113 5015 2178 5054 ex
2208 5014 2406 5070 genere
2445 4997 2801 5062 credentium,
2855 5013 2920 5052 ex
2950 4995 3032 5052 eis
3073 5010 3214 5066 quos
3265 4996 3538 5050 enutrivit.

1942 5090 2211 5154 Ecclesia,
2243 5090 2337 5160 qui
2375 5088 2690 5144 didicerunt
2747 5089 2890 5158 quod
2919 5087 3124 5142 sciebat
3165 5086 3256 5141 illa
3289 5085 3532 5141 Samari-

1945 5183 2102 5238 tana?
2131 5185 2320 5238 Patres
2356 5190 2596 5245 nostros,
2631 5179 2802 5237 Jacob
2831 5181 3042 5236 scilicet
3080 5190 3343 5248 ortosque
3369 5194 3433 5230 ex
3468 5192 3544 5230 eo-

1941 5275 2291 5330 Patriarchas
2320 5275 2372 5326 in
2414 5274 2506 5328 illo
2549 5282 2734 5326 monte
2765 5272 2935 5328 Deum
2966 5271 3324 5328 adoravisse?
3353 5271 3528 5337 Quam

1939 5369 2194 5421 notitiam
2273 5377 2326 5420 et
2403 5366 2468 5419 ad
2545 5382 2664 5420 cant
2735 5369 3037 5437 augendam
3115 5365 3527 5422 meditationem

1944 5459 2228 5527 Scriptura
2282 5458 2487 5528 Spiritu
2556 5459 2741 5514 divino
2802 5472 3037 5515 exarata:
3084 5458 3242 5529 quasi
3307 5459 3528 5511 odorem

1937 5550 2222 5605 suavitatis
2271 5550 2524 5604 Christus
2583 5551 2833 5615 laudans,
2885 5551 3060 5621 pergit
3105 5549 3349 5618 jucunde
3407 5564 3530 5602 cum

1951 5642 2280 5696 Samaritide
2330 5644 2644 5696 conversari
2705 5659 2720 5708 ;
2775 5660 2898 5696 nam
2973 5640 3428 5712 quemadmodum
3486 5641 3529 5692 si

1947 5735 2188 5788 eat-boui:
2215 5751 2277 5788 us
2310 5735 2554 5802 imponas
2586 5735 2964 5793 odorantenta,
2997 5747 3189 5787 omnes
3208 5732 3529 5786 accedentes

1950 5825 2124 5879 allicis
2166 5837 2218 5878 et
2254 5825 2474 5887 retines,
2520 5827 2563 5880 si
2601 5839 2778 5878 autem
2829 5823 3074 5877 fu'lidutn
3117 5822 3248 5892 quid
3287 5831 3342 5875 et
3394 5823 3534 5876 male

1949 5921 2101 5973 o’eus
2160 5918 2472 5982 comburas,
2525 5935 2678 5972 arces
2714 5934 2805 5972 eos
2850 5926 2899 5971 et
2953 5916 3184 5978 avertis;
3237 5915 3305 5968 ita
3351 5927 3401 5967 et
3459 5916 3517 5968 ιιι
