4046 6476
510 425 619 490 255

1797 430 2179 494 GliEGOHlI
2221 436 2548 498 PALAMrE

3707 443 3809 505 9.36

511 551 696 598 mente
738 541 784 597 si
833 543 1038 598 sanctis
1069 544 1340 601 incumbis
1369 546 1836 615 meditationibus,
1863 550 2094 620 teipsum

2215 554 2592 626 ἰποστρέφεις,
2621 543 2892 611 οὕτωκαὶ
2954 559 3049 611 ἐπὶ
3073 558 3170 626 τῆς
3223 557 3493 620 διανοίας
3528 571 3541 586 °
3582 557 3651 611 ἂν
3719 568 3813 628 μὲν

514 635 736 704 dignum
784 634 918 689 facis
958 652 1116 705 quem
1163 636 1307 693 Deus
1342 641 1649 706 intueatur;
1692 641 1780 698 hic
1815 651 1898 697 est
1945 645 2090 698 enim

515 727 651 779 odor
694 726 998 791 suavitatis,
1047 743 1204 797 quem
1254 729 1512 784 odoratur
1543 733 1837 799 Dominus‘;
1879 734 1927 789 si
1967 749 2095 788 vero

517 817 702 888 pravis
725 827 778 872 et
811 819 1047 874 sordidis
1077 835 1137 874 ac
1167 823 1522 878 terrestribus
1553 824 1777 893 agitaris
1808 827 2096 895 cogitatio-

516 908 701 973 nibus,
732 909 890 978 longe
923 911 985 964 iis
1017 910 1084 964 ab
1121 911 1294 968 oculis
1325 913 1439 979 Dei,
1469 923 1523 967 et
1554 915 1752 970 misere
1791 925 1842 970 te
1871 917 2093 984 dignum

515 1000 695 1053 reddis
735 1002 1018 1057 aversione
1057 1004 1242 1058 divina
1277 1024 1290 1059 :
1331 1022 1350 1057 ι
1386 1004 1520 1060 Nam
1558 1023 1663 1062 non
1700 1010 2100 1078 permanebunt

519 1089 702 1155 injusti
735 1102 860 1146 ante
891 1095 1083 1150 oculos
1113 1103 1294 1161 tuos,»
1327 1097 1465 1152 dixit
1499 1097 1607 1153 Deo
1645 1100 1904 1169 propheta
1939 1099 2092 1154 Psal-

515 1184 702 1240 mistes
743 1187 812 1241 ".
862 1187 1072 1243 Etenim
1124 1205 1246 1246 cum
1300 1192 1382 1246 lex
1423 1193 1541 1261 ipsa
1564 1194 1753 1263 jubeat
1787 1213 1801 1249 :
1842 1214 1861 1246 ι
1894 1195 2100 1249 Recor-

516 1278 649 1332 dare
681 1279 737 1333 in
767 1281 1021 1337 omnibus
1056 1281 1269 1338 Domini
1304 1284 1394 1341 Dei
1441 1287 1540 1351 tui,
1574 1287 1691 1343 sive
1731 1287 1956 1354 sedens,
1983 1290 2102 1345 sive

517 1371 826 1438 ambulans,
865 1382 972 1428 tam
1014 1375 1067 1429 in
1102 1377 1268 1431 cubili
1301 1393 1462 1447 quam
1493 1379 1547 1434 in
1575 1381 1776 1450 vigiliis
1805 1382 1888 1445 “;
1927 1401 1945 1434 ι
1975 1397 2100 1438 cum

518 1459 742 1532 insuper
769 1464 914 1519 dicat
940 1467 1268 1536 evangelista
1299 1485 1314 1524 :
1342 1485 1361 1518 ι
1390 1467 1726 1525 Scrutamini
1762 1470 2101 1541 Seripturas,

518 1563 571 1606 et
598 1553 651 1606 in
681 1552 762 1609 eis
792 1553 958 1608 vitam
991 1565 1250 1611 aeternam
1281 1558 1683 1627 invenietis“;)
1722 1578 1932 1618 necnon
1975 1564 2103 1617 hor-

520 1652 670 1698 tetur
734 1647 1030 1716 Apostolus
1084 1648 1274 1716 dicens
1340 1667 1356 1704 :
1417 1669 1438 1703 ι
1479 1651 1625 1708 .Sine
1702 1655 2107 1712 intermissione

521 1746 672 1790 orate
687 1736 787 1802 θ’,ι
815 1738 907 1807 qui
937 1715 1290 1799 terreistribus
1313 1742 1638 1799 immoratur
1655 1747 2103 1832 cogitationibus,

521 1828 746 1882 omnino
782 1840 862 1885 est
903 1830 1035 1902 legis
1076 1842 1488 1904 transgressor;
1532 1838 1622 1906 qui
1657 1853 1786 1893 vero
1812 1839 2010 1908 'pravis
2045 1828 2103 1894 et

523 1926 809 1996 turpibus,
845 1938 1045 1998 quanto
1080 1929 1290 2000 magis?
1335 1931 1401 1983 At
1427 1945 1665 2000 quonam
1694 1943 1937 2002 tempore
1969 1934 2104 1988 ado-

524 2027 788 2072 raverunt
861 2028 1048 2088 patres
1106 2021 1277 2075 nostri
1331 2022 1386 2076 in
1441 2022 1534 2077 illo
1592 2023 1821 2077 monte?
1873 2023 2104 2089 Quando

523 2108 694 2164 Jacob
735 2109 1049 2180 patriarcha
1103 2111 1244 2167 Esau
1302 2112 1524 2166 fratrem
1574 2114 1817 2168 invidttm
1869 2114 2101 2183 fugiens,

524 2214 834 2270 parensque
877 2200 1122 2256 consiliis
1161 2203 1332 2270 patris
1361 2203 1512 2257 lsaac
1541 2204 1674 2258 abiit
1708 2203 1764 2259 in
1798 2203 2105 2273 Mesopota-

526 2291 711 2353 miam,
741 2301 794 2347 et
816 2293 1034 2362 quando
1065 2293 1190 2348 inde
1221 2310 1340 2349 cum
1371 2295 1694 2352 mulieribus
1721 2305 1776 2352 et
1805 2296 1992 2352 liberis
2021 2311 2107 2350 re-

528 2383 658 2438 divit
686 2400 700 2450 ;
733 2399 858 2438 nam
905 2399 1187 2455 regressus
1212 2385 1370 2457 juxta
1397 2388 1579 2442 locum
1610 2387 1761 2443 illum
1791 2388 1910 2443 ﬁxit
1933 2397 2109 2444 tento-

525 2475 632 2540 ria,
658 2476 713 2530 in
739 2491 845 2546 quo
876 2475 1143 2533 Dominus
1161 2493 1284 2533 cum
1317 2479 1649 2535 Samaritide
1671 2479 2106 2550 colloquebatur,

529 2574 584 2619 et
634 2575 758 2636 post
803 2578 1018 2637 raptum
1071 2567 1220 2622 Dime
1269 2570 1808 2639 Sichemitarumque
1855 2570 2108 2638 exitium,

529 2654 669 2710 dixit
719 2655 859 2712 Deus
897 2653 1084 2724 Jacob,
1131 2658 1274 2714 sicut
1314 2658 1368 2713 in
1416 2659 1614 2717 Genesi
1668 2661 1930 2730 scriptum
1961 2669 2045 2716 est
2091 2678 2106 2715 :

537 2768 557 2801 ι
593 2750 768 2820 Surge
811 2759 863 2805 et
897 2751 1132 2806 ascende
1168 2751 1372 2817 Bethel,
1411 2751 1606 2823 l‘aeque
1660 2753 1734 2808 ibi
1782 2753 1957 2808 altare
2000 2751 2111 2808 Deo

530 2839 624 2910 qui
682 2842 934 2911 apparuit
978 2842 1076 2898 tibi
1121 2843 1340 2912 quando
1391 2844 1640 2914 l'ugiebas
1696 2847 1835 2900 Esau
1888 2845 2109 2900 fratrem

533 2941 687 2988 tuum
707 2934 774 2988 ³³.
811 2954 830 2987 ι
865 2935 1079 3002 Quibus
1130 2937 1353 3002 auditis,
1387 2937 1622 2993 surrexit
1672 2935 1841 2992 Jacob
1873 2938 1926 2991 in
1972 2952 2112 3007 prae-

533 3023 739 3080 dictum
790 3037 1058 3092 montem,
1100 3037 1151 3081 et
1191 3028 1478 3083 mdilicavit
1531 3028 1641 3095 ibi,
1677 3038 1733 3082 ut
1759 3027 1964 3082 dictum
1995 3037 2110 3092 est,

534 3116 729 3184 altare,
772 3127 828 3172 et
861 3119 1152 3187 appellavit
1201 3133 1400 3174 nomen
1430 3119 1534 3176 loci
1579 3119 1724 3175 illius
1767 3118 1992 3184 Bethel;
2037 3117 2112 3172 ibi

2200 646 2352 713 ἱερὰν
2408 648 2540 719 ἔχῃς
2567 651 2804 719 μελέτην
2833 649 2932 703 καὶ
2986 649 3247 716 σπουδήν.
3289 650 3630 716 ἐπισκοπῆς
3667 650 3813 712 θείας

2198 739 2346 803 ἀξιον
2383 743 2555 803 ποιεῖς
2582 743 2810 795 σεαυτόν
2834 758 2849 773 ο
2881 743 3022 812 αὕτη
3054 743 3160 812 γὰρ
3193 737 3264 813 ἦς
3292 743 3682 811 ὀσφραίνεται
3712 745 3814 795 κε-

2203 849 2318 901 ριος
2348 834 2525 903 ὀσμῆς
2559 834 2789 898 εὐωδίας
2811 852 2824 869 ·
2858 837 2924 890 ἂν
2949 837 3004 890 δέ
3032 838 3314 905 πονηροὺς
3377 837 3484 886 καὶ
3531 838 3813 904 ῥυπαροὺς

2201 926 2294 980 καὶ
2323 927 2548 994 γηῖνους
2577 928 2726 980 ἔνδον
2771 927 2980 998 τρέφῃς
3011 928 3346 996 λογισμοὺς,
3417 927 3656 995 μακρὰν
3692 929 3814 999 γίνῃ

2199 1019 2301 1086 τῆς
2328 1017 2479 1081 Θείας
2544 1021 2877 1090 ἐπισκοπῆς,
2924 1023 3025 1090 τῆς
3076 1022 3458 1088 ἀποστροφῆς
3515 1018 3617 1071 τοῦ
3683 1021 3814 1072 Θεοῦ
3902 1027 3905 1030 ’

2202 1109 2305 1178 φεῦ
2349 1110 2498 1174 ἄξιον
2532 1111 2728 1162 σαυτὸν
2755 1111 3170 1180 ἐργασάμενοςῐ
3211 1130 3230 1161 ι
3307 1112 3394 1165 Οὐ
3451 1111 3570 1179 γὰρ
3627 1111 3805 1180 διαμε-

2203 1199 2356 1254 νοῦσι
2384 1201 2695 1270 παράνομοι
2723 1202 3015 1256 κατέναντι
3079 1204 3188 1253 τῶν
3239 1202 3575 1271 ὀφθαλμῶν
3635 1219 3752 1264 σου,
3792 1223 3808 1253 ι

2204 1292 2336 1359 πρὸς
2365 1293 2458 1346 τὸν
2487 1295 2621 1346 Θεὸν
2650 1312 2814 1364 φησιν
2867 1297 2894 1347 6
2948 1294 3242 1362 ψαλμεε.›δὸς
3297 1295 3647 1362 Προφήτης.
3709 1293 3809 1347 Τοῦ

2206 1383 2318 1453 γὰρ
2347 1384 2515 1453 νόμου
2555 1385 3037 1453 διακελευομένου,
3079 1403 3098 1436 ι
3140 1384 3474 1455 Μνησθὴσῃ
3539 1385 3632 1436 διὰ
3686 1403 3814 1437 παν-

2205 1471 2294 1531 τὸς
2345 1473 2550 1543 Κυρίου
2602 1473 2695 1526 τοῦ
2725 1475 2865 1527 Θεοῦ
2921 1493 3038 1534 σου.
3094 1476 3432 1544 καθήμενος
3467 1478 3568 1528 καὶ
3619 1491 3814 1546 πορευ-

2206 1561 2422 1629 όμενος,
2455 1563 2840 1634 κοιταζόμενος
2875 1567 2972 1618 καὶ
3002 1566 3446 1636 διανιστάμενος
3472 1581 3488 1597 ·
3529 1584 3550 1617 ι
3583 1568 3683 1619 καὶ
3724 1567 3812 1620 τοῦ

2209 1653 2547 1723 Εὑαγγελίου
2573 1656 2827 1722 λέγοντος
2847 1674 2862 1690 ο
2904 1676 2924 1708 ι
2946 1657 3236 1728 Ἐρευνᾶτε
3283 1659 3395 1720 τὰς
3435 1659 3696 1726 Γραφὰς,
3729 1659 3814 1712 καὶ

2210 1745 2268 1797 ἐν
2298 1745 2490 1807 αὑταῖς
2523 1746 2788 1816 εὑρήσετε
2821 1746 2970 1818 ζωήν
3014 1747 3114 1817 τὴν
3165 1747 3408 1802 αἰώνιον
3438 1762 3454 1777 ⁶
3502 1767 3523 1799 ι
3569 1751 3667 1802 καὶ
3725 1749 3810 1800 τοῦ

2224 1838 2552 1892 Ἀποστόλου
2577 1839 3054 1908 παραγγέλλοντος
3076 1857 3090 1872 ·
3138 1859 3156 1890 ι
3201 1841 3629 1902 Ἀδιαλείπτως
3658 1859 3813 1911 προσ-

2205 1929 2432 2001 εύχεσθε
2457 1970 2472 1996 ,
2512 1947 2531 1981 ι
2563 1933 2588 1983 6
2618 1931 2826 1999 γηῒνοις
2870 1931 3152 2000 λογισμοῖς
3209 1932 3598 2002 ἐμϐραδύνων
3642 1934 3809 2003 παρά-

2206 2018 2372 2089 νομός
2407 2020 2522 2071 ἐστι
2555 2017 2778 2081 πάντως
2805 2034 2818 2047 ·
2849 2020 2876 2072 6
2906 2017 2961 2070 δὲ
2994 2019 3090 2072 καὶ
3148 2024 3428 2090 πονηροῖς
3488 2023 3590 2073 καὶ
3646 2023 3813 2090 ῥυπα-

2210 2111 2326 2180 ροῖς
2361 2108 2513 2177 πόσῳ
2547 2108 2786 2179 μᾶλλον;
2857 2109 3022 2164 ’Λλλά
3054 2109 3183 2162 πότε
3215 2109 3298 2180 τῷ
3343 2111 3476 2180 Θεῷ
3542 2111 3809 2180 προσεκύ-

2207 2217 2379 2268 νησαν
2414 2200 2465 2252 oi
2502 2200 2740 2270 πατέρες
2779 2200 2936 2271 ήμῶν
2965 2203 3025 2254 ἐν
3051 2199 3129 2269 τῷ
3162 2200 3284 2271 ὄρει
3343 2204 3574 2272 τούτῳ;
3621 2203 3803 2254 Ἦνίκα

2219 2289 2414 2345 Ἰακὼὸ
2449 2292 2477 2344 ὁ
2527 2291 2878 2362 πατριάρχης
2932 2293 3027 2346 τόν
3083 2309 3143 2345 τε
3210 2293 3462 2363 ἀδελφὸν
3507 2294 3804 2363 φθονοῦντα

2210 2383 2432 2452 φεύγων
2498 2382 2691 2446 Ἠσαῦ,
2729 2384 2824 2436 καὶ
2880 2385 3002 2446 ταῖς
3034 2383 3387 2453 συμϐουλαῖς
3437 2386 3542 2439 τοῦ
3609 2385 3806 2454 πατρὸς

2211 2475 2456 2528 ὑπείκων
2500 2474 2709 2540 Ἰσαὰκ,
2757 2475 2894 2544 πρὸς
2948 2477 3396 2545 Μεσοποταμίαν
3457 2477 3657 2550 ἀπῄει,
3717 2479 3804 2531 καὶ

2209 2567 2375 2636 ήνίκα
2407 2566 2504 2620 σὺν
2535 2565 2782 2634 γυναιξὶν
2829 2565 3039 2621 ἐκεῖθεν
3089 2567 3327 2638 ἐπανῄει
3378 2569 3484 2622 καὶ
3556 2570 3802 2630 τέκνοις·

2212 2659 2355 2711 κατὰ
2387 2657 2494 2729 γὰρ
2517 2657 2616 2728 τὴν
2656 2658 2918 2713 ἐπάνοδον
2950 2660 3155 2728 σκηνὰς
3191 2661 3520 2732 πηςαιυένῳ
3555 2661 3686 2732 περί
3706 2677 3798 2712 που

2211 2751 2304 2806 τὸν
2333 2751 2498 2805 τόπον
2559 2750 2771 2818 τοῦτον,
2809 2750 2933 2804 καθ’
2959 2750 3019 2804 ὃν
3043 2752 3073 2804 ὀ
3111 2750 3322 2820 Κύριος
3351 2751 3563 2822 ὡμίλει
3602 2755 3666 2822 τῇ
3707 2751 3801 2803 Σα-

2217 2843 2512 2914 μαρείτιδι,
2552 2843 2694 2913 μετά
2729 2842 2797 2896 τὰ
2827 2844 2970 2897 κατά
3007 2841 3106 2912 τὴν
3142 2842 3367 2908 Δείναν,
3406 2845 3504 2898 καὶ
3549 2843 3649 2911 τὴν
3673 2842 3799 2895 ἀλωο

2216 2952 2301 2989 σιν
2347 2935 2456 2988 τῶν
2505 2935 2786 3005 Σικήμων,
2848 2930 3004 2988 εἶπεν
3039 2936 3067 2988 6
3101 2934 3232 2999 Θεὸς
3293 2937 3380 3006 τῷ
3459 2934 3682 2999 Ἰακὼϐ,
3732 2932 3800 2994 ὡς

2215 3028 2274 3080 ἐν
2303 3029 2370 3097 τῇ
2401 3025 2617 3080 Γενέσει
2669 3026 3020 3097 γέγραπται·
3061 3045 3081 3077 ι
3125 3027 3410 3092 Ἀναστὰς
3445 3025 3685 3094 ἀνάϐηθι
3726 3027 3797 3086 είς

2216 3115 2442 3185 Βαιθὴλ,
2467 3117 2564 3168 καὶ
2591 3116 2814 3186 ποίησον
2867 3116 2988 3170 ἐκεῖ
3008 3116 3410 3188 θυσιαστήριον
3443 3118 3526 3188 τῷ
3563 3115 3701 3186 Θεῷ,
3727 3112 3796 3182 τῷ

534 3208 678 3263 enim
721 3210 975 3280 apparuit
1018 3209 1066 3265 ei
1117 3208 1282 3269 Deus.
1350 3210 1477 3266 ldeo
1531 3209 1874 3265 Samaritana
1930 3209 2111 3264 dixit:

2219 3207 2442 3276 ὀφθέντι
2479 3224 2561 3260 σοι
2590 3209 2648 3260 ἐν
2677 3208 2756 3278 τῷ
2787 3207 3216 3279 ἀποδιδράσκειν
3255 3227 3321 3262 σε
3364 3211 3481 3264 ἀπὸ
3512 3207 3795 3280 προσώπου

542 3317 560 3352 ι
604 3299 739 3355 Vere
761 3311 941 3370 patres
982 3302 1153 3357 nostri
1210 3303 1576 3358 adoraverunt
1633 3302 1685 3357 in
1728 3303 1833 3356 hoc
1866 3309 2108 3365 monte,»

538 3393 734 3464 prisca
776 3392 885 3464 legi
939 3393 1350 3464 adharescens;
1398 3412 1522 3450 nam
1577 3395 2016 3465 praescriptiones
2055 3393 2122 3446 de

539 3484 740 3554 templo
788 3483 1282 3557 Hierosolymitano
1337 3488 1606 3544 mandatae
1649 3497 1778 3543 sunt
1822 3485 2116 3556 posterius.

540 3578 607 3630 Et
651 3591 772 3631 cum
804 3577 957 3632 locus
1003 3578 1093 3633 ille
1136 3597 1154 3630 ι
1197 3581 1392 3636 domus
1432 3580 1524 3635 Dei
1559 3599 1577 3632 ›
1612 3597 1643 3636 a
1676 3580 1846 3636 Jacob
1895 3589 2121 3633 vocatus

543 3667 708 3724 fuerit
758 3670 884 3740 (hoc
935 3670 1080 3726 enim
1131 3671 1546 3742 interpretatum
1595 3673 1854 3745 exprimit
1911 3670 2120 3741 Bethel)

545 3762 738 3817 mulier
791 3763 982 3834 qumrit
1042 3765 1318 3834 quomodo
1355 3781 1460 3822 nou
1493 3768 1608 3836 jam
1663 3769 1715 3821 in
1767 3764 1975 3829 Bethel,
2028 3763 2122 3818 sed

545 3852 936 3925 Hierosolymis
984 3856 1197 3912 dicatur
1224 3873 1346 3914 esse
1386 3859 1580 3915 domus
1609 3858 1701 3912 Dei
1747 3857 1798 3911 iu
1829 3871 1935 3926 qua
1965 3854 2124 3924 jube-

545 3947 743 4002 bantur
803 3948 1075 4004 sacrilicia
1122 3959 1178 4005 et
1226 3951 1570 4007 adoratioues
1614 3951 1721 4005 Deo
1765 3949 1985 4005 oll‘errc.
2015 3948 2124 4004 Do-

546 4040 731 4095 minus
759 4056 885 4095 vero
915 4041 1074 4097 ﬁnem
1103 4058 1413 4098 sermonum
1447 4043 1947 4101 suoruminferens
1975 4053 2032 4099 ct
2057 4045 2126 4101 de

548 4132 667 4198 ipsa
717 4133 943 4189 muliere
1003 4135 1304 4205 praedicens
1353 4152 1474 4192 eam
1530 4150 1652 4190 esse
1709 4135 1922 4205 qualem
1983 4138 2125 4193 Deus

549 4217 812 4284 quaeritet
861 4219 1077 4288 accipit,
1109 4221 1289 4275 verbis
1313 4221 1456 4275 illius
1488 4221 1846 4289 respondens,
1879 4219 2124 4290 «Mulier,

456 4307 464 4319 '
549 4309 743 4378 inquit,
791 4312 951 4366 crede
1005 4312 1136 4366 mihi
1184 4312 1312 4382 quia
1351 4312 1499 4366 venit
1531 4312 1659 4366 hora
1699 4313 1920 4382 quando
1951 4329 2126 4383 neque

547 4404 601 4457 in
654 4414 834 4460 monte
884 4406 1006 4472 hoe,
1059 4422 1236 4477 neque
1286 4408 1338 4460 in
1389 4406 1775 4477 Hierosolymis
1817 4406 2127 4461 adorabunt

547 4496 785 4562 Patrem,
821 4516 840 4548 ι
903 4499 1200 4569 paucisque
1234 4497 1393 4554 dictis
1449 4517 1462 4552 :
1521 4518 1539 4551 ι
1596 4498 1738 4554 Deus
1788 4498 1932 4554 enim
1990 4499 2128 4556 tales

547 4591 740 4658 quaerit
769 4589 1108 4653 adoratores.
1141 4610 1159 4643 ι

2232 3298 2402 3353 Ἠσαῦ
2437 3298 2532 3352 τοῦ
2559 3298 2787 3367 ἀδελφοῦ
2813 3316 2930 3353 σου.
2969 3319 2987 3351 ι
3034 3300 3146 3354 Καὶ
3170 3302 3316 3368 μετά
3351 3301 3417 3355 τὸ
3447 3303 3605 3373 ῥῆμα
3632 3299 3796 3362 τοῦτο,

2225 3391 2574 3460 μεταναστὰς
2615 3391 2645 3443 6
2689 3388 2888 3444 Ἰακὼϐ
2934 3391 3102 3462 ἀνέϐη
3151 3393 3230 3456 είς
3263 3393 3333 3446 τὸ
3395 3395 3796 3464 παρακείμενον

2220 3483 2368 3553 ὅρος,
2424 3481 2519 3535 καὶ
2555 3480 2904 3552 ᾠκοδόμησε,
2965 3484 3152 3552 φησιν,
3209 3485 3335 3536 ἐκεῖ
3389 3484 3797 3551 θυσιαστήριον,

2219 3577 2316 3628 καὶ
2347 3573 2572 3628 ἐκάλεσε
2609 3573 2668 3626 τὸ
2715 3573 2888 3641 ὄνομα
2912 3573 3005 3627 τοῦ
3037 3575 3204 3628 τόπου
3237 3574 3455 3646 Βαιθήλ
3485 3593 3499 3605 ·
3531 3577 3650 3627 ἐκεῖ
3697 3573 3794 3640 γὰρ

2221 3668 2471 3738 ἐπεφάνη
2500 3667 2648 3738 αύτῷ
2672 3669 2699 3720 6
2721 3667 2876 3730 Θεός.
2899 3667 2998 3720 Διά
3021 3667 3177 3721 τοῦτό
3209 3685 3385 3737 φησιν
3405 3671 3438 3739 ἡ
3474 3668 3790 3737 Σαμαρεῖτις

2222 3761 2304 3814 ὅτι
2346 3761 2410 3814 0i
2433 3761 2669 3829 πατέρας
2699 3759 2855 3830 ἡμῶν
3069 3762 3125 3811 ἐν
3152 3759 3230 3830 τῷ
3271 3760 3397 3829 ὄρει
3431 3760 3611 3830 τούτῳ
3639 3771 3794 3828 προσ·

2225 3851 2522 3924 εκύνησαν,
2577 3853 2686 3905 τῶν
2732 3851 2978 3920 ἀρχαίων
3029 3851 3256 3905 ἐκείνων
3312 3851 3696 3922 ἀντεχομένη·
3733 3845 3793 3896 τὰ

2224 3946 2334 4016 γὰρ
2365 3946 2509 4000 κατά
2547 3946 2641 3998 τὸν
2671 3947 2730 3999 ἐν
2770 3942 3175 4014 Ἰεροσολύμοις
3226 3946 3362 3998 ναὸν
3403 3944 3634 4014 ὕστερον
3691 3941 3795 3991 ἐνο-

2227 4038 2547 4109 μοθετήθη’
2577 4039 2671 4089 καὶ⁸
2737 4036 3042 4106 ἐπειδήπερ
3095 4037 3124 4088 ὀ
3174 4036 3345 4100 τόπος
3412 4037 3623 4096 ἐκεῖνος
3663 4027 3793 4089 οἶκος

2225 4131 2364 4186 Θεοῦ
2393 4130 2599 4200 ἐκλήθη
2637 4128 2788 4199 παρά
2818 4127 2912 4182 τοῦ
2969 4127 3167 4182 Ἰακώϐ
3191 4143 3204 4156 ·
3242 4128 3409 4182 τοῦτο
3467 4129 3578 4195 γὰρ
3636 4125 3792 4191 ἑρμη-

2229 4225 2524 4295 νευόμενον
2551 4221 2703 4292 δηλοῖ
2729 4220 2792 4274 τὸ
2827 4220 3033 4290 Βαιθήλ
3057 4237 3071 4252 ο
3129 4220 3387 4292 διαπορεῖ
3431 4218 3672 4273 ποθοῦσα
3705 4229 3794 4281 μα-

2227 4315 2363 4381 θεῖν,
2400 4314 2520 4378 πῶς
2545 4313 2647 4367 οὐκ
2679 4314 2798 4366 ἐκεῖ
2836 4313 3062 4382 μᾶλλον,
3113 4311 3231 4364 ἀλλ’
3286 4314 3348 4365 ἐν
3411 4307 3793 4380 Ἰεροσολύμοις⁵

2229 4403 2372 4462 εἶναι
2429 4406 2648 4476 λέγεται
2700 4408 2728 4459 ὀ
2773 4402 2920 4468 οἶκος
2949 4405 3043 4459 τοῦ
3093 4404 3253 4470 Θεοῦ,
3295 4407 3354 4456 ἐν
3403 4399 3448 4472 ᾧ
3503 4403 3652 4455 θύειν
3711 4394 3791 4446 καὶ

2231 4499 2565 4569 προσκυνεῖν
2590 4496 2668 4565 τῷ
2712 4495 2833 4565 Θεῷ
2877 4495 3185 4564 νομίζεται.
3250 4495 3308 4547 ’0
3367 4496 3425 4548 δὲ
3483 4493 3680 4561 Κύριος
3712 4483 3793 4537 καὶ

2153 4583 2197 4636 Ῑ)
2226 4591 2319 4644 τὸν
2365 4588 2568 4643 σκοπὸν
2605 4587 2717 4642 τῶν
2740 4588 2957 4640 οἰκείων
2987 4586 3164 4652 λόγων
3195 4587 3296 4656 ἤδη
3350 4585 3648 4656 περαίνων,
3708 4575 3792 4627 καὶ

547 4681 681 4750 περὶ
725 4684 823 4752 τῆς
855 4684 1112 4751 γυναικὸς
1161 4684 1551 4753 προφητεύων,
1583 4684 1666 4737 ὅτι
1704 4682 1933 4752 τοιαύτη
1965 4683 2118 4735 ἔσται
2155 4680 2278 4734 οἵαν
2308 4682 2335 4732 6
2359 4680 2491 4742 Θεὸς
2514 4679 2670 4749 ξητεῖ
2733 4697 2792 4732 τε
2827 4681 2919 4732 καὶ
2947 4677 3296 4746 ἀποδέχεται,
3350 4680 3448 4730 καί
3510 4674 3644 4742 πρὸς
3678 4663 3791 4766 τοδί

548 4773 720 4844 αὐτῆς
776 4774 970 4842 λόγους
1043 4775 1503 4844 ἀποκρινόμενος,
1569 4795 1587 4828 t
1647 4775 1948 4828 Πίστευσον
2010 4792 2122 4844 μοι,
2165 4774 2350 4842 γύναι,
2415 4773 2605 4844 φησιν,
2671 4773 2754 4825 ὅτι
2817 4771 3040 4841 ἔρχεται
3097 4770 3238 4840 ὥρα,
3295 4771 3388 4824 ὅτε
3425 4769 3552 4822 οὔτε
3613 4768 3666 4816 ἐν
3721 4776 3790 4825 τῳ

527 4868 667 4936 ’ὄρει
695 4868 893 4939 τούτῳ,
915 4866 1038 4920 οὔτε
1072 4869 1131 4920 ἐν
1165 4867 1569 4938 Ἰεροσολύμοις
1600 4870 2013 4938 προσκυνήσετε
2035 4864 2111 4936 τῷ
2147 4867 2343 4936 Πατρί.
2381 4886 2398 4918 ι
2435 4867 2545 4918 Καὶ
2576 4864 2692 4934 μετ’
2735 4862 2928 4930 ὀλίγα.
2989 4881 3008 4914 ι
3070 4861 3359 4922 Τοιούτους
3434 4859 3546 4928 γάρ
3592 4858 3618 4908 ὁ
3669 4850 3788 4908 θεὸς

550 4962 705 5030 ζητεῖ
733 4962 861 5025 τοὺς
881 4959 1325 5032 προσκυνοῦντας
1353 4960 1540 5015 αὐτόν.
1569 4978 1589 5012 ι

624 5053 830 5111 Videtis
853 5041 1134 5126 quomodo
1168 5055 1233 5108 de
1267 5055 1384 5124 ipsa
1431 5056 1628 5110 asserit
1657 5071 1776 5109 eam
1813 5054 1972 5108 talem
2007 5066 2128 5107 es<c

551 5147 766 5218 qualem
797 5149 937 5202 Deus
963 5149 1191 5216 quaerit,
1226 5146 1441 5202 Patrem
1467 5147 1793 5202 altissiruum
1831 5161 1937 5200 nou
1971 5146 2022 5198 in
2064 5145 2123 5196 li-

553 5260 684 5313 gura
707 5243 798 5298 sed
817 5246 1114 5297 secundum
1140 5244 1416 5298 veritatem
1439 5241 1712 5314 Evangelii
1732 5241 2126 5298 adoraturam?

553 5337 618 5391 Ei
661 5335 804 5390 enim
830 5334 961 5390 dicit
992 5354 1005 5390 :
1047 5354 1064 5387 ι
1100 5332 1217 5389 Jam
1260 5351 1365 5390 non
1403 5336 1458 5390 in
1494 5337 1596 5393 hoc
1630 5347 1829 5402 monte,
1863 5351 2039 5404 neque
2074 5335 2126 5389 in

554 5427 946 5496 Hierosolymis
985 5429 1284 5484 adorabitis
1329 5427 1573 5496 Patrem;
1619 5447 1638 5481 ι
1679 5429 1951 5498 simulque
1991 5427 2126 5494 legis

555 5521 962 5578 translationem
1001 5520 1076 5576 illi
1117 5530 1301 5592 aperte
1338 5521 1657 5586 adnuntiat;
1689 5536 1811 5574 nam
1865 5521 2126 5575 translata

555 5613 894 5676 adoratione,
946 5627 1169 5669 necesse
1212 5621 1295 5668 est
1329 5623 1390 5667 ut
1418 5620 1472 5666 et
1511 5611 1644 5680 legis
1684 5610 1968 5665 translatio
2013 5611 2124 5664 tiat.

559 5702 665 5756 Sed
702 5702 904 5758 interea
949 5701 1099 5758 addit
1137 5721 1150 5757 :
1194 5721 1213 5757 ι
1246 5701 1356 5758 Vos
1397 5703 1640 5757 adoratis
1670 5701 1812 5771 quod
1849 5701 2073 5755 nescitis
2114 5716 2127 5753 :

656 5879 701 5907 ”’
732 5877 879 5934 Ρεκίι
930 5896 979 5945 ν,
1014 5880 1066 5936 6.
1142 5882 1185 5915 ⁸ο
1208 5880 1362 5939 Deut.
1392 5897 1468 5949 vx,
1503 5880 1555 5934 7.
1630 5880 1670 5912 ⁸¹
1706 5878 1864 5935 Joan.
1892 5894 1944 5947 ν,
1971 5878 2058 5931 δ’).

2216 5875 2232 5929 l
2268 5873 2461 5930 Thess.
2503 5889 2554 5939 ν,
2585 5874 2668 5926 Π.

2308 5050 2506 5118 ’(λρᾶτε
2536 5047 2616 5100 ὅτι
2645 5046 2740 5098 καὶ
2772 5045 2902 5111 περὶ
2945 5045 3113 5112 αὐτῆς
3173 5043 3522 5095 διατείνεται,
3557 5037 3634 5087 ὅτι
3685 5045 3784 5078 τοισ

2227 5146 2366 5213 αὐτη
2402 5143 2554 5194 ἔσται
2581 5140 2700 5193 οἵαν
2733 5139 2762 5189 ὀ
2793 5137 2923 5198 Θεὸς
2961 5135 3138 5205 ζητεῖ,
3167 5137 3261 5186 καὶ
3291 5134 3375 5186 ὅτι
3434 5122 3780 5199 προσκυνήσει

2226 5237 2304 5306 τῷ
2335 5232 2602 5287 ἀνωτάτω
2639 5229 2814 5299 Πατρὶ
2847 5230 2922 5299 μὴ
2953 5227 3220 5289 τοπικῶς,
3251 5224 3368 5278 ἀλλ’
3404 5217 3776 5306 asangm;

2227 5305 2370 5398 Πρὸς
2395 5327 2570 5393 αὐτὴν
2600 5325 2710 5394 γὰρ
2737 5325 2765 5375 6
2792 5321 2972 5390 λόγος,
3005 5321 3088 5374 ὅτι
3111 5319 3250 5373 Οὔτε
3276 5321 3333 5372 ἐν
3363 5317 3439 5385 τῷ
3468 5315 3579 5382 ὀρει
3599 5305 3773 5398 τούτιξνς

2227 5391 2359 5476 cii-rs
2423 5421 2482 5472 ἐν
2516 5391 2915 5488 Ἱεροσολύμοις
2971 5412 3381 5482 προσκυνήσετε
3444 5406 3522 5475 τῷ
3580 5391 3770 5493 Han-Pl"

2227 5514 2345 5582 ἃμα
2373 5512 2426 5564 δὲ
2455 5511 2549 5562 καὶ
2598 5509 2698 5579 τὴν
2731 5507 2827 5562 τοῦ
2859 5507 3026 5576 νόμου
3064 5504 3355 5574 μετάθεσιν
3390 5490 3767 5586 φανερῶςαύξῐ]

2227 5603 2630 5675 προαγγέλλειο
2671 5599 3105 5670 μετατιθεμένης
3162 5598 3273 5666 γὰρ
3329 5593 3457 5684 τῆς*
3485 5589 3764 5684 7:9”?in

2230 5711 2388 5758 σεως.
2423 5692 2481 5758 ἐξ
2532 5692 2780 5762 ἀνάγκης
2816 5691 2910 5745 καὶ
2959 5688 3055 5742 τοῦ
3095 5688 3260 5758 νόμου
3293 5681 3579 5756 μετάθεσις
3610 5677 3760 5719 ἔσται’

2772 5871 2815 5903 ⁸³
2847 5871 2984 5925 Gen.
3014 5885 3176 5932 xxxv,
3220 5869 3266 5921 l.
