4046 6458
566 377 676 436 263

1854 361 2237 426 GREGORII
2271 357 2600 420 ΡΑΙιΑΜᾹΞ

3702 359 3792 423 24

578 501 710 542 nam
756 485 941 538 hostes
993 478 1294 535 invisibiles
1328 476 1573 534 intuetur
1605 476 1955 531 vehementer
2006 477 2157 531 inva-

2274 472 2357 524 ἐπὶ
2408 469 2476 524 τὰ
2523 465 2676 531 ἐκτὸς
2729 466 2830 537 τῆς
2881 467 3088 532 πόλεως
3147 468 3329 521 πυκνὰ
3371 466 3669 538 γινομένης,
3692 475 3798 534 τοὺς

590 581 806 641 dentes,
840 575 1162 642 instansque
1187 570 1452 634 exitium;
1488 569 1727 636 pra'tcrit
1759 568 1927 630 enim,
1960 567 2156 635 inquit,

582 671 754 738 figura
787 667 948 734 hujus
984 663 1192 729 mundi,
1228 677 1334 715 non
1379 660 1597 730 quidem
1631 660 1858 714 firmiter
1889 658 2156 724 constitit,

573 762 666 817 sed
698 761 842 816 sicut
870 757 1027 816 dixit,
1073 753 1361 822 prtesentia
1394 768 1500 806 non
1539 760 1668 804 sunt
1703 751 1808 804 nisi
1851 764 1999 805 mera
2032 764 2158 816 spe-

573 855 727 918 cies;
764 851 899 903 fiunt
927 857 981 901 et
1006 849 1118 917 jam
1161 858 1267 897 non
1303 851 1456 907 sunt,
1498 842 1774 911 paulisper
1804 851 2070 909 apparent
2107 849 2162 894 et

571 950 882 1007 transeunt,
908 949 960 993 et
983 940 1028 994 si
1052 937 1176 1007 quis
1204 935 1441 990 voluerit
1472 934 1778 1003 possidere,
1811 946 2160 1002 nequaquam

572 1035 814 1106 poterit;
868 1027 942 1086 it'a
1001 1039 1192 1085 aestate
1240 1028 1410 1082 nubes
1463 1026 1608 1080 sicca
1654 1034 1815 1078 vento
1856 1023 2065 1093 rapitur
2108 1030 2164 1077 ct

571 1130 758 1184 statim
785 1140 974 1182 secum
998 1124 1248 1178 umbram
1277 1120 1477 1175 aufert.
1511 1118 1668 1184 Quod
1697 1131 1796 1173 nos
1826 1118 2076 1171 hertatur
2104 1125 2162 1171 ut

571 1221 925 1275 manifestam
970 1219 1271 1272 habeamus
1313 1214 1675 1276 voluntatem,
1715 1222 1770 1265 et
1805 1211 2162 1266 ostendamus

573 1321 676 1359 nos
725 1317 1058 1372 cognoscere
1103 1301 1408 1355 doctrinam
1445 1312 1477 1350 a
1525 1294 1633 1350 Deo
1669 1305 1950 1363 acceptam
1981 1310 1996 1359 ;
2034 1308 2160 1347 nam

571 1398 784 1451 frustra
809 1395 995 1454 velles,
1033 1393 1300 1462 sicutjam
1335 1390 1471 1453 dixi,
1506 1387 1844 1458 aufugientia
1870 1387 1987 1440 haec
2020 1387 2163 1440 bona

573 1490 878 1556 possidere,
909 1489 1119 1555 hocque
1145 1493 1362 1554 propter
1397 1482 1666 1550 duplicem
1697 1481 1966 1534 rationem
1995 1497 2009 1538 :
2037 1495 2162 1534 nam

575 1597 683 1635 non
714 1582 815 1634 iste
837 1583 992 1632 modo
1019 1576 1250 1630 mundus
1285 1573 1500 1637 transit,
1533 1573 1626 1628 sed
1653 1576 1816 1626 etiam
1841 1572 2073 1642 quisque
2095 1586 2163 1626 ex

579 1676 742 1727 nobis
757 1671 849 1741 qui
872 1671 1034 1724 rebus
1054 1667 1217 1736 hujus
1245 1665 1435 1720 mundi
1459 1663 1802 1727 utimur,fere
1819 1671 1946 1716 ante
1963 1678 2026 1718 ea
2043 1677 2166 1733 quae

2259 561 2464 630 ἀγροὺς
2495 559 2696 629 ἔχομεν
2727 558 2906 630 ὡςομὴ
2943 560 3159 631 ἔχοντες
3192 575 3208 590 '
3234 560 3329 613 καὶ
3355 559 3446 613 τὸν
3489 559 3651 615 πλείω
3694 564 3800 632 χρό-

2261 668 2350 706 νον
2371 652 2616 713 ἐκείνους
2637 650 2950 717 φεύγοντες,
2973 651 3122 714 ἐντὸς
3151 651 3208 702 ἐν
3234 649 3503 721 ἀσφαλείᾳ
3526 650 3799 723 καθήμεθισ

2265 742 2422 813 115
2457 743 2560 796 κᾶν
2614 741 2709 796 ἐπὶ
2768 742 2958 812 καιρὸν
3003 745 3503 814 ἀναχωρήσωσινηοί
3560 744 3803 812 πολέμιοι,

2261 833 2526 905 Χρώμεθα
2559 833 2695 904 πρὸς
2721 834 2896 906 βραχὺ
2934 837 3046 897 τοῖς
3087 834 3192 905 πρὸ
3226 834 3319 887 τοῦ
3366 835 3554 896 ἄστεος
3600 837 3806 905 περιπά-

2261 944 2397 989 τοις,
2424 925 2539 979 ἀλλ’
2565 927 2626 979 οὐ
2659 925 3098 996 καταχρώμεθα,
3131 925 3225 979 τὸν
3253 927 3445 996 καιρὸν
3468 927 3566 994 τῆς
3589 927 3808 997 χρήσεως

2265 1018 2699 1090 συνεσταλμένον
2728 1018 2966 1090 ὁρῶντες
2991 1035 3008 1051 ο
3041 1019 3187 1072 οὕτω
3214 1021 3309 1073 καὶ
3327 1018 3406 1090 τῷ
3454 1018 3638 1089 κόσμῳ
3661 1018 3808 1089 τούτῳ

2262 1110 2522 1180 χρῆσθαι,
2580 1113 2674 1165 καὶ⁸
2719 1110 2796 1182 μὴ
2848 1111 3231 1182 καταχρῆσθαι
3297 1113 3557 1182 παραινεῖ
3597 1111 3812 1174 καλῶςὸ

2263 1203 2589 1265 Ἀπόστολος
2621 1218 2632 1232 ·
2670 1203 2774 1274 έορᾷ
2797 1203 2906 1274 γὰρ
2935 1206 3062 1267 τοὺς
3091 1205 3364 1275 ἀοράτους
3394 1203 3675 1271 πολεμίους
3726 1205 3810 1255 δεμ

2264 1294 2369 1358 νῶς
2399 1295 2855 1363 ἐπεμϐαίνοντας,
2877 1296 2969 1348 καὶ
2999 1299 3060 1348 τὸ
3086 1296 3454 1367 προσδόκιμον
3483 1297 3576 1367 τῆς
3610 1295 3809 1366 φθορᾶς·

2264 1384 2505 1454 παράγει
2534 1386 2663 1455 γὰρ,
2699 1385 2856 1454 φησὶ,
2889 1385 2950 1436 τὸ
2981 1385 3171 1456 σχῆμα
3200 1385 3293 1440 τοῦ
3348 1387 3558 1456 κόσμου
3603 1385 3773 1438 τούτου
3801 1400 3812 1414 ·

2267 1477 2442 1531 καίτοι
2469 1479 2766 1550 ἐπειδήπερ
2785 1480 2843 1531 οὐ
2873 1479 3080 1548 κυρίως
3107 1480 3436 1549 ὑφέστηκεν,
3473 1479 3584 1533 ἀλλ’
3607 1478 3675 1540 ὡς
3695 1473 3814 1539 εἷπε,

2268 1569 2653 1639 σχηματισμός
2687 1568 2896 1622 ἐστιτὰ
2946 1571 3192 1640 παρόντα
3254 1571 3439 1638 μόνον,
3489 1570 3583 1623 καὶ
3638 1569 3815 1636 γίνεται

2270 1661 2390 1730 μὲν,
2421 1661 2519 1714 οὐκ
2548 1660 2662 1713 ἔστι
2691 1661 2770 1726 δὲ,
2796 1661 2931 1731 πρὸς
2956 1661 3138 1730 ὀλίγον
3167 1660 3474 1732 φαινόμενὰ
3505 1679 3564 1712 τε
3592 1659 3682 1714 καὶ
3707 1675 3817 1725 παρ-

578 1783 743 1821 tnann
784 1774 1032 1818 tenemus
1061 1760 1277 1814 transit.
1307 1758 1398 1812 Sic
1431 1759 1473 1812 si
1496 1761 1617 1826 quis
1651 1759 1752 1810 iter
1781 1756 1987 1810 faciens
2022 1755 2163 1808 riam

2274 1753 2536 1823 ερχόμενα
2573 1768 2586 1782 ·
2622 1752 2724 1805 κᾶν
2785 1769 2868 1815 τις
2909 1753 3070 1824 ἐθέλῃ
3123 1753 3397 1822 κατέχειν,
3455 1752 3512 1805 οὐ
3565 1747 3818 1821 δυνήσεταί

577 1871 706 1912 ante
736 1854 926 1910 oculos
951 1854 1055 1907 late
1084 1860 1355 1922 patentem
1382 1849 1597 1918 arripit,
1625 1848 1946 1902 alterutrum
1979 1863 2166 1902 neces-

2455 1845 2709 1916 καθάπερ
2733 1845 2952 1914 θερινῆς
2979 1821 3177 1914 ἀγνόνου
3212 1821 3449 1914 νεφέλης
3493 1841 3817 1911 ἐλαυνομένης

579 1952 727 2006 sario
762 1948 959 2004 accidit
996 1963 1009 1999 :
1040 1944 1122 1998 vel
1157 1945 1247 1997 illa
1283 1958 1405 1998 eum
1430 1943 1482 1994 in
1521 1941 1605 1994 via
1641 1940 1985 1995 occurrentia
2023 1955 2164 2010 prte-

581 2041 998 2112 tergredientem
1031 2037 1252 2106 frangit,
1287 2043 1342 2090 et
1379 2036 1493 2103 jam
1521 2047 1642 2103 quae
1673 2034 1917 2102 possedit
1942 2033 2028 2088 ille
2050 2033 2164 2103 jam

579 2150 688 2190 non
727 2131 1048 2204 possidebit,
1084 2130 1164 2184 vel
1207 2129 1295 2182 ille
1342 2127 1482 2182 viam
1522 2125 1657 2190 vitae,
1683 2125 1940 2182 exhaurit
1973 2136 2026 2180 et
2049 2125 2162 2197 jam

578 2226 701 2279 vitae
737 2225 877 2278 bona
933 2220 1214 2292 possidere
1269 2233 1378 2272 non
1438 2217 1674 2286 poteritj;
1725 2231 1876 2280 nam,
1910 2231 2036 2272 cum
2093 2217 2164 2273 sit

579 2316 850 2379 mortalis,
883 2313 1048 2371 rebus
1080 2313 1203 2366 vitae
1227 2317 1580 2382 comparatur
1607 2310 1774 2368 homo
1794 2323 1914 2380 quae
1947 2317 2002 2364 et
2033 2309 2166 2380 ipsae

579 2409 870 2462 mutationi
904 2406 1212 2470 subiacent.

2280 1937 2374 1992 ὑπ’
2401 1939 2635 2008 ἀνέμου,
2691 1939 2785 1991 καὶ
2825 1940 2962 2008 ταχὺ
3023 1939 3480 2009 παρατρεχούσης
3533 1935 3698 1990 σκιάν.
3740 1933 3820 1984 Διὰ

2267 2032 2430 2102 μόνον
2457 2032 2518 2084 τὸ
2544 2032 2786 2102 φανερὰν
2810 2031 3066 2100 γενέσθαι
3105 2032 3204 2103 τὴν
3239 2033 3475 2086 ἑκάστου
3528 2028 3763 2101 πρόθεσιν
3793 2026 3819 2094 ἠ

2267 2126 2613 2196 παραίνεσις,
2635 2127 2731 2178 καὶ
2762 2125 2823 2178 τὸ
2853 2125 3036 2178 δοῦναι
3077 2125 3304 2196 σημεῖον
3347 2125 3445 2195 τῆς
3505 2120 3819 2189 ἐπιγνώσεως

2269 2219 2377 2272 τῶν
2437 2218 2590 2289 παρὰ
2622 2217 2757 2272 Θεοῦ
2801 2219 3149 2288 διδαγμάτων
3182 2234 3200 2251 ο
3241 2219 3350 2272 κᾶν
3407 2217 3514 2288 γὰρ
3561 2215 3707 2283 ἐθέλῃ
3756 2226 3821 2270 τις

2271 2311 2550 2382 κατέχειν,
2589 2311 2842 2380 καθάπερ
2866 2311 3025 2382 ἔφην,
3055 2312 3114 2363 οὺ
3173 2307 3420 2364 meme
3471 2299 3541 2362 τὰ
3591 2305 3820 2375 παρόντα»

2272 2397 2370 2457 καὶ
2401 2403 2560 2457 τοῦτο
2618 2402 2782 2474 διχῶς
2820 2419 2834 2434 ο
2899 2403 2960 2456 οὐ
3013 2404 3121 2475 γὰρ
3158 2403 3319 2473 μόνον
3361 2405 3388 2456 ὁ
3442 2401 3639 2471 κόσμος
3698 2390 3822 2452 οὗτος

580 2504 848 2572 παράγει,
872 2501 1007 2554 ἀλλὰ
1034 2499 1132 2553 καὶ
1184 2495 1344 2568 ἡμῶν
1388 2479 1620 2559 ἕκαστος
1671 2493 1782 2548 τῶν
1829 2493 1909 2566 τῷ
1964 2495 2154 2568 κόσμῳ
2193 2495 2373 2570 τούτῳ
2410 2497 2715 2569 χρωμένων
2747 2494 2862 2550 ἐσθ’
2924 2495 3012 2548 ὅτε
3048 2497 3143 2549 καὶ
3194 2497 3301 2567 πρὸ
3373 2495 3480 2548 τῶν
3523 2494 3623 2547 ἀνὰ
3664 2491 3822 2561 χεῖρας

579 2593 639 2646 ἐν
671 2593 748 2662 τῷ
778 2595 968 2663 κόσμῳ
992 2591 1252 2658 παράγει.
1286 2591 1394 2643 Καὶ
1417 2589 1674 2660 καθάπερ
1695 2589 1816 2643 ὁδόν
1867 2607 1988 2643 τινα
2016 2589 2250 2660 βαδίζων
2314 2593 2674 2668 παρέρχεται
2725 2593 2834 2655 πᾶς
2894 2587 3204 2662 ἄνθρωπος,
3276 2591 3373 2644 καὶ
3425 2588 3592 2660 αὐτὴν
3644 2583 3826 2639 πολυειι-

580 2685 688 2749 δὼς
722 2689 1053 2755 κινουμένην
1083 2686 1184 2738 καὶ
1221 2683 1643 2753 παρερχομένην
1663 2684 1850 2746 αὐτὸν,
1908 2684 2005 2738 καὶ
2030 2683 2175 2738 δυοῖν
2211 2686 2269 2752 ἐξ
2302 2667 2555 2760 ἀνάγκης
2589 2670 2842 2740 ἐκϐαίνεῖ
2873 2685 3123 2756 θάτερον,
3163 2686 3197 2756 ἦ
3247 2688 3493 2757 πρότερα
3541 2680 3712 2736 τοῦτον
3767 2672 3823 2725 τὰ

577 2784 679 2853 τῆς
702 2780 823 2834 ὁδοῦ
850 2777 1194 2848 παρελθόντα
1223 2775 1442 2845 φθάνει,
1496 2776 1591 2828 καὶ
1641 2773 1677 2830 ἃ.
1717 2776 1974 2846 κατεῖχεν
2026 2770 2182 2843 οὗτος
2213 2779 2393 2832 οὐκέτ’
2421 2779 2534 2850 ἔχει
2566 2781 2840 2852 κατέχειν,
2863 2779 2896 2850 ἢ
2923 2779 3083 2842 αὐτὸς
3117 2778 3316 2847 φθάνει
3367 2775 3590 2838 τελείως
3652 2766 3822 2841 παρελ·

580 2880 690 2934 θὼν
719 2879 817 2946 τὴν
852 2873 947 2928 τοῦ
976 2874 1092 2944 βίου
1122 2872 1330 2942 ταύτην
1352 2871 1493 2936 ὁδὸν,
1522 2873 1616 2924 καὶ
1646 2871 1827 2925 οὐκέτ’
1878 2872 1992 2942 ἔχει
2042 2875 2306 2945 κατέχειν
2360 2878 2430 2946 τὰ
2488 2881 2547 2932 ἐν
2600 2877 2677 2949 τῷ
2733 2875 2835 2946 βίῳ
2869 2890 2886 2908 ⁸
2945 2877 3142 2947 θνητὸς
3195 2877 3308 2945 γὰρ
3357 2875 3432 2931 ὣν
3488 2875 3516 2928 ὁ
3577 2871 3822 2945 ἄνθρωπος

577 2975 690 3036 τοῖς
720 2973 777 3025 ἐν
797 2969 874 3039 τῷ
907 2967 1006 3039 βίῳ
1043 2965 1393 3036 συνημμένος
1421 2965 1590 3030 ἐστὶν,
1628 2964 1664 3018 ἆ
1703 2967 1822 3020 ἐστι
1855 2969 1950 3021 καὶ
1993 2968 2174 3042 ταῦτα,
2205 2970 2440 3040 τρεπτά.
2993 2955 2998 2960 ’

657 3063 774 3119 lloc
799 3063 963 3118 modo
999 3059 1321 3114 multimode
1347 3067 1590 3114 mutatur
1625 3060 1980 3116 mutabilibus
2015 3076 2170 3117 com-

2355 3065 2419 3118 El
2458 3063 2550 3120 οὖν
2584 3064 2942 3136 πολυτρόπως
2986 3064 3250 3136 τρέπεται
3279 3067 3398 3129 τοῖς
3447 3065 3690 3136 στρεπτοῖς
3724 3073 3823 3112 συν·

578 3164 822 3226 paratus,
866 3152 952 3208 vel
995 3151 1197 3206 amittit
1225 3165 1348 3220 quae
1378 3150 1570 3206 habuit
1607 3161 1715 3206 tam
1748 3152 1968 3209 divitias
1997 3169 2166 3225 quam

2283 3159 2555 3228 ημμένος,
2610 3162 2706 3211 καὶ
2743 3156 3028 3220 ἀπώλεσεν
3082 3156 3118 3212 ἃ
3155 3161 3410 3229 κατεῖχε,
3445 3157 3667 3212 πλοῦτον
3699 3153 3820 3214 ἴσως,

580 3248 750 3302 decus
785 3253 840 3301 et
873 3243 1404 3316 magnanimitatem,
1437 3245 1518 3298 vel
1552 3245 1663 3316 ipse
1698 3245 1801 3302 sibi
1831 3247 2165 3305 moribundo

2277 3232 2659 3320 περιφάνειαν,
2689 3251 2961 3331 εὐθυμίαν
2986 3267 3000 3282 ·
3038 3253 3078 3322 ἢ.
3106 3252 3283 3307 θανὼν
3315 3251 3482 3315 αὐτὸς
3519 3245 3686 3317 ἐαυτῷ
3708 3243 3823 3346 (peti:

580 3338 1030 3412 prlncipaliorem
1063 3338 1230 3394 infert
1266 3338 1646 3406 mulationem,
1677 3341 1852 3397 nudus
1887 3341 2059 3408 vadit,
2089 3357 2178 3398 re-

582 3435 727 3490 lictis
751 3431 950 3501 opibns
979 3431 1175 3500 hisque
1207 3428 1392 3484 innixa
1425 3446 1544 3502 spe.
1579 3431 1725 3500 llatc,
1764 3435 2002 3504 inquies,
2037 3436 2180 3494 libe,-_

580 3529 660 3584 ris
699 3527 993 3583 accident?
1017 3528 1116 3583 sed
1147 3542 1272 3596 quae
1297 3527 1377 3582 illi
1407 3527 1534 3583 inde
1571 3529 1860 3599 voluptas?
1895 3530 1991 3587 llis
2031 3531 2178 3586 enim

579 3622 692 3691 jam
734 3637 842 3678 non
885 3624 1000 3690 ipse
1031 3621 1281 3688 fruetur,
1319 3621 1475 3676 liberi
1507 3631 1690 3677 autem
1727 3623 1834 3678 alio
1880 3624 2041 3678 modo
2087 3623 2180 3680 alii

585 3715 914 3780 interibunt.
947 3713 1115 3784 Igitur
1149 3729 1368 3782 semper
1399 3725 1484 3768 est
1527 3714 1814 3770 calamitas
1858 3717 2040 3771 exitus
2087 3731 2181 3769 eo-

584 3821 708 3862 rum
739 3809 834 3875 qui
875 3809 1019 3862 hunc
1054 3808 1317 3860 mundum
1343 3807 1621 3872 adamaut,
1647 3809 1740 3877 qui
1766 3807 1898 3866 nudi
1927 3807 2180 3862 ultimum

581 3898 906 3960 efferuntur,
939 3898 1202 3953 omnibus
1254 3897 1340 3954 hic
1373 3897 1578 3954 relictis
1612 3914 1734 3968 qua
1781 3899 1937 3967 prius
1989 3899 2182 3968 dilige-

582 3989 736 4046 bant.
770 3989 863 4044 Eis
902 4005 1030 4044 vero
1059 3992 1152 4058 qui
1185 3991 1331 4044 hunc
1357 3992 1624 4045 munitum
1659 3998 2051 4068 aspernantur,
2086 3992 2182 4061 qui

582 4082 800 4137 discere
851 4083 1075 4156 student
1119 4082 1188 4138 de
1238 4084 1444 4139 mundo
1504 4085 1736 4150 futuro,
1787 4083 2183 4153 patrandisque

584 4176 916 4230 incumbunt
945 4177 1027 4230 eis
1071 4192 1195 4244 qua:
1225 4177 1291 4236 ad
1319 4192 1446 4230 eum
1479 4177 1713 4250 prosint,
1743 4189 1892 4232 mors
1919 4190 2182 4245 superve-

584 4266 740 4320 niens
778 4265 1040 4320 damnum
1079 4281 1427 4336 nequaquam
1453 4265 1634 4328 affert,
1664 4268 1759 4331 sed
1785 4266 1970 4335 potius
2000 4275 2184 4323 trans-

583 4357 693 4415 fert
723 4360 915 4414 abhis
954 4360 1113 4415 vanis
1144 4372 1198 4414 et
1223 4359 1388 4414 ﬂuxis
1436 4363 1502 4412 ad
1542 4360 1684 4414 diem
1713 4373 1835 4428 qua:
1875 4359 2050 4416 nescit
2090 4375 2184 4415 oe-

583 4466 792 4516 casum,
819 4454 890 4506 ad
922 4453 1092 4508 vitam
1131 4452 1523 4514 immortalem,
1552 4450 1620 4505 ad
1653 4451 1874 4508 divitias
1909 4451 2182 4508 inexhau-

579 4553 726 4608 stas,
759 4545 825 4599 ad
866 4546 1177 4616 voluptates
1229 4545 1608 4609 intemeratas,
1641 4547 1706 4598 ad
1755 4544 1986 4615 gloriam
2020 4556 2182 4602 aeter-

2281 3357 2385 3408 νει,
2413 3341 2515 3412 τὴν
2546 3341 2753 3413 τροπὴν
2795 3343 3340 3414 κεφαλαιωδέστερον
3373 3339 3714 3418 ἐπενεγκὼν,
3749 3332 3825 3388 καὶ

2282 3433 2487 3502 γυμνὸς
2515 3432 2728 3499 ἄπεισι,
2763 3435 2958 3512 τὰνῦν
2997 3436 3132 3496 ὄντα
3163 3437 3258 3490 καὶ
3285 3438 3391 3499 τὰς
3416 3436 3508 3488 ἐπὶ
3536 3433 3728 3488 τούτοις
3754 3426 3824 3478 ἐλ-

2283 3527 2444 3591 πίδας
2477 3526 2823 3581 καταλιπών.
2860 3530 3058 3582 Πεσεῐν
3105 3530 3275 3593 tam;
3307 3529 3450 3582 ἀλλὰ
3495 3527 3574 3588 τίς
3615 3523 3702 3576 καὶ
3721 3515 3824 3571 τού·

2280 3637 2376 3673 του
2422 3619 2657 3691 τέρψιςς
2710 3620 2866 3691 αὐτῷ
2909 3621 3010 3690 μὶν
3044 3623 3152 3691 γὰρ
3181 3687 3184 3692 _
3209 3621 3468 3691 αἴσθησις
3517 3613 3688 3671 οὐκέτ’
3732 3610 3824 3663 ἐστι

2281 3714 2392 3767 τῶν
2425 3713 2688 3778 ἐνταῦθα,
2741 3716 2792 3769 οί
2826 3715 2884 3768 δέ
2921 3714 3112 3777 παῖδες
3143 3714 3410 3780 τδνῐσον,
3462 3712 3494 3782 ἦ
3546 3709 3632 3763 τὸν
3669 3707 3826 3771 ἕτερον

2282 3805 2667 3860 διαπεσοῦνται
2725 3807 2947 3875 τρόπον.
3009 3805 3278 3876 Συμφορὰ
3341 3802 3435 3860 οὖν
3486 3803 3574 3856 ἀεὶ
3621 3798 3719 3851 τῶν
3764 3789 3825 3856 τῷ

2282 3902 2472 3972 κόσμῳ
2503 3901 2682 3971 τούτῳ
2704 3901 3124 3972 προσκειμένων
3155 3901 3218 3954 τὸ
3241 3901 3422 3966 τέλος,
3447 3897 3664 3969 γυμνῶν
3689 3893 3823 3944 Bora-

2279 4009 2372 4046 τον
2407 3993 2817 4064 ἐκφερομένων,
2865 3994 2961 4046 καὶ
2991 3995 3197 4046 πάντα·
3225 3991 3734 4062 καταλιμπανόντων
3759 3981 3827 4031 ὲν·

2283 4083 2456 4136 ταῦθα
2481 4084 2550 4138 τὰ
2583 4086 2927 4156 καταθύμια.
2961 4087 3166 4152 Τοῖς,δέ
3194 4086 3261 4149 τὰ
3296 4087 3398 4142 τοῦ
3435 4085 3634 4153 κόσμου
3666 4075 3824 4130 τούτου

2283 4177 2700 4246 περιφρονοῦσι,
2736 4181 2831 4232 καὶ
2867 4178 3164 4248 μανθάνειν
3195 4179 3423 4248 ζητοῦσι
3450 4175 3593 4245 ,περὶ
3622 4170 3705 4224 τοῦ
3729 4163 3828 4235 μέλ·

2281 4270 2467 4332 λοντος
2494 4271 2724 4339 κόσμου,
2759 4275 2856 4324 καὶ
2898 4273 3162 4340 πράττειν
3206 4273 3504 4325 σπεύδουσι
3539 4269 3605 4321 τὰ
3640 4265 3825 4316 λυσιτε-

2281 4361 2524 4433 λήσοντα
2564 4365 2702 4433 πρὸς
2734 4367 2963 4432 ἐκεῖνον,
3001 4366 3061 4418 οὐ
3098 4367 3304 4436 ζημίαν
3355 4369 3386 4418 ὁ
3432 4365 3656 4421 θάνατος
3699 4349 3828 4407 ἐπε).-

2285 4452 2396 4507 θὼν
2431 4455 2665 4522 ἐπάγειο
2709 4455 2939 4526 μετάγει
2970 4455 3029 4508 δὲ
3085 4455 3313 4518 τούτους
3367 4455 3567 4526 μᾶλλον
3614 4446 3713 4502 ἀπὸ
3743 4439 3827 4493 τῶν

2287 4545 2537 4614 ματαίων
2573 4547 2668 4600 καὶ
2697 4547 2945 4615 ῥευστῶν
2973 4545 3182 4599 τούτων
3221 4547 3360 4616 πρὸς
3394 4543 3604 4615 ἡμέραν
3635 4535 3844 4590 ἀνέσπε·’

596 4650 748 4700 nam,
781 4652 942 4704 quam
969 4638 1232 4706 consequi
1275 4635 1542 4690 concedat
1588 4637 1759 4703 gratia
1789 4645 1843 4690 et
1869 4637 2171 4706 benignitas

2290 4655 2404 4709 ρον,
2443 4639 2578 4709 πρὸς
2620 4637 2767 4710 ζωὴν
2797 4638 3090 4703 ἀθάνατον,
3117 4640 3252 4708 πρὸς
3304 4637 3536 4690 πλοῦτόν
3585 4624 3830 4687 ἀδαπάνη·

585 4729 708 4796 ejus
739 4731 838 4799 qui
881 4732 1051 4786 cmlos
1080 4731 1350 4786 inclinans
1399 4729 1682 4784 descendit
1718 4745 1818 4800 pro
1852 4731 2032 4796 nobis,
2068 4747 2178 4786 non

589 4820 769 4874 solum
804 4823 870 4875 ad
905 4837 1024 4888 nos,
1063 4823 1160 4877 sed
1184 4832 1237 4876 et
1261 4823 1330 4876 ad
1358 4823 1573 4876 animas
1603 4823 1657 4876 in
1685 4823 1872 4880 limbis
1900 4827 2176 4891 detentas,

586 4921 643 4965 et
671 4913 797 4967 inde
822 4929 916 4982 per
947 4916 1410 4969 resurrectionem
1441 4929 1750 4985 novamque
1779 4917 2047 4980 ascendit,
2076 4933 2179 4973 no-

589 5002 674 5056 bis
715 5019 812 5072 per
837 5006 1194 5074 semetipsum
1234 5005 1472 5075 largiens
1503 5006 1678 5061 lucem
1725 5016 1779 5061 et
1807 5007 2176 5078 cognitionem

586 5104 642 5149 et
669 5111 820 5164 spem
860 5098 1166 5151 caelestium
1207 5107 1261 5151 et
1289 5108 1649 5162 aeternorum,
1681 5099 1735 5153 in
1769 5099 1968 5168 quibus
2002 5098 2173 5169 glori-

588 5184 784 5242 ficatur
816 5188 868 5241 in
911 5189 1112 5242 saecula
1141 5191 1489 5245 sreculorum.
1533 5195 1727 5246 Amen.

2281 4747 2394 4794 τον,
2447 4732 2585 4797 πρὸς
2617 4731 2831 4801 τρυφὴν
2886 4731 3190 4801 ἀκήρατον,
3253 4729 3394 4798 πρὸς
3459 4726 3612 4792 δόξαν
3665 4715 3830 4770 ἀῖδον.

2283 4820 2420 4889 πρὸς
2452 4823 2523 4872 τὰ
2580 4819 2750 4882 ὅντως
2805 4820 2936 4872 ὅντα
2990 4822 3085 4873 καὶ
3140 4817 3476 4874 ἀναλλοίωτα
3520 4809 3828 4882 διαμένονταο

2281 4903 2356 4962 ὧν
2390 4911 2606 4976 γένοιτο
2661 4912 2874 4972 πάντας
2907 4912 3056 4980 ἡμᾶς
3106 4911 3386 4979 ἐπιτυχεῖν
3431 4907 3610 4976 χάριτι
3655 4896 3830 4957 mli"

2281 5002 2603 5073 λανθρωττίᾳ
2636 5002 2729 5056 τοῦ
2777 5003 3060 5066 κλίναντος
3096 5005 3364 5073 οὐρανοὺς
3394 5001 3488 5053 καὶ
3527 4989 3828 5050 καταϐάντος

2283 5097 2427 5166 ὑπὲρ
2462 5097 2642 5166 ἡμῶν,
2675 5098 2737 5149 οὐ
2782 5097 2952 5166 μέχρι
2988 5097 3151 5166 μόνον
3195 5096 3374 5166 ἡμῶν,
3409 5091 3544 5146 ἀλλὰ
3575 5085 3728 5157 μέχρι
3751 5074 3828 5130 καὶ

2284 5189 2394 5242 τῶν
2417 5189 2947 5256 ,συγκεκλεισμένων
2984 5192 3043 5242 ὲν
3073 5191 3185 5251 τοῖς
3223 5184 3588 5256 καταχθονίοις
3622 5179 3786 5245 ψυχων
3813 5175 3826 5190 ⁸

591 5280 851 5333 κάκεῖθεν
902 5280 969 5332 δι’
1003 5282 1358 5347 ἀναστάσεως
1404 5289 1496 5337 καὶ
1552 5285 1890 5350 παλιινζωῖας
1941 5283 2371 5354 ἀναδραμόντος,
2415 5284 2513 5336 καὶ
2549 5285 2681 5351 ἡμῖν
2743 5284 3118 5353 περασχόντος
3181 5282 3250 5334 δι’
3293 5279 3487 5334 ἑαυτοῦ
3542 5274 3625 5326 τὸν
3692 5275 3827 5334 itm"

593 5373 750 5440 σμὸν,
786 5372 880 5424 καὶ
917 5371 1015 5442 τὴν
1056 5375 1282 5442 γνῶσιν,
1331 5379 1429 5431 καὶ
1470 5379 1570 5450 τὴν
1619 5380 1814 5433 ἐλπίδα
1853 5378 1964 5432 τῶν
1992 5379 2283 5449 ,οὐρανίων
2319 5379 2415 5432 καὶ
2473 5377 2682 5446 ἀϊδίων,
2727 5381 2788 5433 ἐν
2850 5372 2933 5443 οἷς
2989 5380 3108 5432 ἐστι
3156 5375 3544 5447 δεδοξασμένοις
3597 5369 3671 5431 εἰς
3719 5361 3824 5412 τοδί

593 5464 796 5526 αἰῶνας
827 5461 938 5516 τῶν
965 5461 1198 5519 αίώνων.
1246 5467 1438 5539 Ἀμήν.
