4046 6476
313 435 415 503 269

1679 440 2017 502 IIOMILIA
2056 436 2184 499 XX.
3469 428 3580 490 επ)

313 554 406 608 καὶ
436 550 732 622 μετάθεσιν
761 553 854 607 τοῦ
887 553 1160 624 σώματος,
1195 555 1433 610 διάθεσιν
1481 554 1581 625 μὲν
1619 555 1754 624 πρὶς
1792 555 1885 608 αὖ·

1996 546 2134 600 dens
2171 546 2416 599 animum
2462 558 2647 600 revera
2702 543 2770 598 ad
2828 557 2954 599 eum
3008 540 3312 607 attendere,
3369 544 3464 598 sed
3514 545 3585 596 de

312 645 402 698 τὸν
440 647 504 698 ἐκ
560 645 738 715 ψυχῆς
793 647 1204 715 ἐνδεικνυμένη,
1257 650 1424 718 μηδὲν
1474 649 1529 700 δὲ
1586 648 1888 716 Θεοπρεπὲς

317 738 444 805 περὶ
494 738 659 792 αὑτοῦ
691 738 986 808 φρονοῦσα.
1039 725 1103 791 Ui.
1139 739 1195 792 δὲ
1243 741 1311 793 δι’
1353 742 1530 809 ἔργων
1587 742 1891 809 παριστᾶσι

315 829 408 882 καὶ
426 831 607 881 αὐτῶν
638 831 746 882 τῶν
775 831 1026 899 ἀγγέλων
1056 831 1150 883 τοῦ
1197 831 1335 886 Θεοῦ
1369 833 1561 885 τοῦτον
1607 830 1747 886 εἶναι
1782 833 1893 886 Κῦ-

320 936 461 991 ριον·
493 922 658 990 μήπω
688 921 796 991 γὰρ
842 921 1052 974 ἐκείνου
1086 923 1510 991 ἐπιφαινομένου
1552 923 1706 975 αὐτοὶ
1747 941 1891 990 παρ-

317 1012 582 1080 εκάθηντο
619 1014 696 1082 τῷ
734 1014 913 1080 τάφῳ,
972 1013 1066 1066 τοῦ
1121 1015 1393 1067 Δεσπότου
1447 1015 1504 1067 δὲ
1555 1014 1891 1086 καταντικρὺ

315 1105 668 1170 ἐπιφανέντος
726 1105 1094 1175 ἐξανέστησαν
1147 1107 1327 1170 εὐθὺς,
1391 1109 1487 1160 καὶ
1548 1106 1724 1177 τούτῳ
1774 1105 1894 1176 μετ’

314 1195 600 1258 εὐλαϐείας
655 1197 749 1249 καὶ
788 1197 1034 1267 θάμϐους
1070 1199 1126 1249 ἐν
1156 1197 1412 1267 οἰκετικῷ
1453 1199 1693 1268 σχήματι
1733 1199 1896 1269 118

316 1289 614 1356 προσέσχον
637 1287 866 1352 ἀτενῶς.
903 1289 1216 1359 Στραφείσα
1241 1291 1296 1344 δὲ
1331 1293 1362 1360 ἡ
1387 1292 1580 1360 Μαρία
1616 1292 1894 1364 Θεωρῆσαι

315 1378 367 1428 τί
411 1378 466 1430 τὸ
498 1379 766 1446 ἀγγέλους
800 1381 1082 1450 ἐκπλῆξαι)
1132 1383 1226 1436 καὶ
1263 1384 1428 1451 μόνον
1473 1384 1662 1452 φανὲν,
1697 1386 1895 1454 θεωρεῖ

319 1470 405 1521 τῦν
466 1470 672 1536 Ἰησοῦν
734 1472 967 1534 ἑστῶτα,
1007 1474 1068 1526 οὐ
1125 1476 1310 1542 μέντοι
1367 1476 1502 1546 ᾔδει,
1551 1477 1633 1529 ὅτι
1685 1475 1895 1538 Ἰησοῦς

317 1559 488 1623 ἐστιν,
527 1559 864 1629 ἀνήκουστον
911 1563 1007 1615 καὶ
1060 1564 1505 1634 δυσπαράδεκτον
1560 1567 1761 1635 ἔχουσα
1795 1568 1893 1637 τὴν

316 1650 632 1706 ἀνάστασιν.
681 1653 834 1707 Ἐπεὶ
889 1655 947 1708 δὲ
999 1657 1094 1710 καὶ
1144 1657 1387 1727 ἀμυδρὸν
1433 1659 1588 1720 ἐκτὸς
1646 1659 1892 1730 ὑπῆρχεν

315 1741 391 1794 ἔτι
427 1743 485 1795 τὸ
506 1745 599 1814 τῆς
629 1745 836 1814 ἡμέρας
873 1747 1011 1816 φῶς,
1045 1749 1141 1801 καὶ
1168 1751 1194 1800 ὁ
1233 1749 1436 1820 Κύριος
1469 1750 1568 1803 οὐκ
1604 1751 1890 1805 ἐπεδείκνυ

309 1832 480 1904 ταύτῃ
518 1835 614 1908 τὴν
649 1835 800 1889 θείαν
849 1840 1236 1912 λαμπρότητα,
1271 1845 1345 1907 ὡς
1381 1846 1447 1898 ἂν
1481 1847 1644 1911 αὐτὸς
1688 1849 1894 1911 ἐκεῖνος

1998 639 2090 692 illo
2137 638 2272 691 nihil
2308 637 2398 692 Dei
2441 638 2664 707 dignum
2698 637 2970 707 cogitans.
3007 635 3088 690 llli
3139 643 3322 691 autem
3371 645 3477 702 pan
3500 637 3582 687 fa-

1997 730 2153 784 ciunt
2184 738 2239 783 et
2262 729 2506 798 ipsorum
2547 730 2640 783 Dei
2669 732 2986 800 angelorum
3015 729 3271 783 eumdem
3317 743 3438 781 esse
3480 728 3584 780 Do-

1998 822 2235 876 minum.
2264 819 2385 886 Quo
2419 822 2660 875 nondum
2695 831 3010 891 apparettle,
3061 821 3243 891 angeli
3291 821 3355 875 ad
3387 836 3584 874 monu-

1999 925 2242 968 mentum
2284 912 2570 976 sedebant,
2610 911 2836 965 Omnino
2881 922 3059 966 autem
3094 913 3273 980 palam
3308 920 3577 976 exstante,

1996 1007 2179 1058 statim
2209 1013 2589 1067 surrexerunt,
2621 1014 2675 1060 et
2703 1004 2803 1073 ipsi
2838 1021 2946 1059 non
2979 1005 3161 1060 minus
3194 1004 3375 1059 devoti
3409 1021 3572 1074 quam

1997 1098 2180 1153 mirati
2215 1099 2267 1152 in
2299 1098 2522 1168 prepria
2570 1100 2754 1168 specie
2799 1107 3003 1153 attente
3049 1099 3364 1153 adfuerunt.
3414 1099 3584 1152 Maria

1996 1207 2128 1246 vero
2161 1206 2429 1246 conversa
2456 1201 2516 1246 ut
2545 1192 2752 1247 videret
2787 1194 2914 1262 quid
2951 1193 3034 1246 vix
3065 1207 3333 1260 apparens
3359 1193 3584 1263 angelos

1997 1283 2346 1351 perculisset,
2378 1283 2517 1337 vidit
2545 1282 2735 1338 Jesum
2779 1293 3038 1338 stantem.
3078 1282 3367 1338 Nesciebat
3400 1293 3582 1337 tamen

1999 1375 2128 1444 quia
2162 1374 2324 1429 .lcsus
2376 1386 2540 1440 esset,
2603 1376 2909 1429 inauditam
2943 1386 2996 1430 et
3051 1375 3164 1430 fere
3209 1377 3580 1432 incredibilem

1997 1468 2207 1523 habens
2240 1468 2358 1534 ejus
2389 1469 2849 1523 resurrectionem
2869 1508 2884 1532 ,
2921 1479 2971 1524 et
3009 1470 3253 1524 tenebris
3284 1471 3464 1524 adhuc
3493 1487 3584 1522 sn-

1995 1561 2318 1629 perantibus
2347 1561 2458 1614 diei
2504 1561 2706 1621 lucem,
2759 1561 3101 1630 Dominoque
3152 1577 3260 1616 non
3312 1564 3584 1617 revelante

1995 1654 2244 1707 divinum
2299 1655 2648 1724 splendorem
2679 1669 2789 1722 quo
2831 1654 2987 1708 vivus
3026 1654 3109 1708 vel
3153 1655 3315 1708 etiam
3367 1657 3582 1724 patiens

1994 1745 2315 1816 recognilus
2351 1745 2567 1809 inissa,
2601 1744 2766 1799 Maria
2795 1761 2919 1800 eum
2950 1761 3058 1799 non
3088 1749 3347 1815 agnovit,
3388 1763 3581 1802 verum

1997 1837 2346 1892 hortulanum
2417 1839 2520 1892 sibi
2604 1839 2840 1908 tingebat
2896 1840 3202 1893 animarum
3264 1841 3580 1904 cultorem,

311 1923 386 1976 ῶν
423 1927 448 1978 ὁ
471 1929 564 1980 καὶ
597 1929 786 1982 παθὼν
834 1933 1191 2003 γνωρίζηται,
1229 1938 1261 2006 ἡ
1298 1938 1487 2008 Μαρία
1541 1941 1640 1992 οὐκ
1675 1941 1885 2009 ἐπέγνω

1995 1931 2146 1986 orbis
2183 1931 2544 1985 conditorem.
2589 1932 2691 1997 Qui
2728 1948 2852 1986 cum
2907 1933 3123 1986 locuuts
3154 1941 3316 1998 esset,
3353 1947 3583 2001 eamque

311 2017 496 2079 αὑτὸν,
537 2019 672 2073 ἀλλὰ
700 2026 795 2077 καὶ
827 2027 1109 2095 κηπουρὸν
1141 2027 1250 2079 τῶν
1282 2030 1399 2081 ἐκεῖ
1429 2032 1614 2098 φυτῶν
1647 2032 1889 2096 ὑπενόει,

311 2109 402 2160 τὸν
427 2113 666 2181 γεωργὸν
703 2115 812 2168 τῶν
849 2117 1060 2187 ψυχῶν,
1097 2120 1187 2172 τὸν
1229 2122 1565 2192 δημιουργὸν
1611 2125 1708 2177 τοῦ
1751 2143 1890 2179 πανσ

309 2203 422 2266 τός.
471 2203 552 2267 Ὠς
584 2207 639 2258 δέ
672 2211 929 2278 φωνήσας
977 2213 1185 2276 ἐκεῖνος
1217 2213 1313 2266 καὶ
1361 2216 1596 2279 καλέσας
1632 2217 1803 2290 αὐτὴν
1834 2219 1891 2286 ἐξ

308 2296 594 2364 ὀνόματα,
630 2302 922 2370 ἐγνώρισεν
966 2303 1149 2369 αὑτὸν,
1197 2307 1406 2376 Μαρία,
1439 2308 1629 2376 εἰπὼν,
1657 2311 1890 2379 ἀπεκρί-

313 2403 442 2438 νατο
504 2393 806 2459 στραφεῖσα
867 2393 965 2464 τὴν
1022 2395 1248 2464 γνώμην
1301 2398 1522 2468 ἐκείνη,
1583 2402 1677 2454 καί
1733 2419 1888 2472 φησι,

326 2480 632 2548 Ῥαὸϐουνὶ,
670 2485 698 2535 ὃ
727 2485 945 2552 λέγεται
979 2488 1266 2542 διδάσκαλε
1292 2507 1306 2518 ⁸
1349 2491 1466 2544 οὐδὲ
1499 2491 1672 2556 οὕτως
1707 2497 1754 2547 εἰ
1792 2497 1888 2548 καὶ

309 2571 489 2626 ζῶντα
538 2574 724 2626 τοῦτον
778 2575 963 2645 ἐώρα,
1030 2576 1334 2650 θεοπρεπὲς
1390 2597 1445 2632 τι
1501 2582 1742 2636 λαϐοῦσα
1795 2586 1890 2638 ἐπὶ

308 2664 456 2726 νοῦν,
491 2665 602 2717 ἀλλ’
628 2667 701 2730 ὠς
731 2668 920 2732 ἁπλῶς
961 2671 1234 2742 ἀνθρώπῳ
1261 2673 1424 2738 Θεοῦ,
1459 2674 1555 2728 καὶ
1581 2675 1889 2748 διδασκάλῳ

305 2755 418 2807 τῶν
463 2755 618 2808 Θείων
663 2761 1027 2831 προσέχουσα,
1073 2764 1154 2816 διὸ
1203 2765 1278 2835 μὴ
1315 2766 1478 2833 μόνον
1533 2771 1888 2835 προσπεσεῖν,

305 2847 444 2899 ἀλλὰ
489 2851 581 2902 καὶ
614 2850 857 2914 ἅψασθαι
891 2855 999 2907 τῶν
1029 2857 1194 2909 αὐτοῦ
1227 2858 1408 2911 ποδῶν
1453 2859 1558 2912 ὑπὸ
1601 2861 1701 2929 τῆς
1751 2862 1891 2927 ἀγά-

307 2956 417 3006 πης
453 2938 729 3010 ὥρμησεν,
755 2944 869 2996 ἀλλ’
918 2945 1130 3008 ἀκούει,
1175 2948 1265 3017 Μή
1317 2966 1421 3018 μου
1452 2949 1667 3004 ἆπτου⁹
1698 2952 1887 3024 ἐπειδὴ

307 3031 439 3102 γὰρ,
474 3035 658 3102 φησιν,
686 3036 718 3105 ἡ
757 3037 825 3106 σὴ
870 3037 1081 3092 διάνοια
1115 3039 1211 3093 τοῦ
1244 3039 1415 3108 ὕψους
1445 3043 1544 3112 οὐχ
1589 3043 1768 3114 ἥψατο
1792 3045 1888 3100 τοῦ

305 3123 433 3175 κατ’
465 3125 564 3193 ἐμὲ
606 3129 930 3199 μυστηρίου,
967 3132 1051 3183 ὅτι
1093 3131 1224 3194 Θεὸς
1278 3131 1375 3197 ὢν,
1441 3125 1748 3205 ἐν’σὼματι
1793 3135 1889 3190 νῦν

303 3215 528 3284 ὁρῶμαι
583 3218 668 3270 διὰ
719 3220 800 3283 σὲ,
835 3221 931 3273 καὶ
974 3221 1183 3275 τούτων
1217 3223 1312 3277 νῦν
1350 3224 1585 3294 μάλιστα
1641 3226 1885 3294 Θεοειδεῖ,

303 3300 396 3362 διὰ
428 3311 604 3372 τοῦτο,
635 3311 723 3381 Μή
759 3329 861 3386 μου
894 3313 1089 3368 ἅπτου.
1137 3315 1286 3368 Ἔδει
1320 3318 1376 3370 δὲ
1406 3319 1502 3372 καὶ
1530 3319 1687 3374 τοῦτο
1715 3337 1889 3393 τηρη-

306 3402 468 3468 θῆναι
497 3405 558 3472 τῇ
589 3404 682 3456 τοῦ
712 3405 846 3457 Θεοῦ
875 3407 1082 3477 Μητρὶ,
1110 3408 1172 3460 τὸ
1205 3409 1379 3478 μόνην
1416 3411 1586 3480 αὐτὴν
1611 3413 1670 3464 ἐν
1697 3429 1887 3479 γυναι-

304 3490 391 3556 ξὶν
417 3491 657 3560 ἅψασθαι
686 3495 778 3548 τοῦ
819 3497 1073 3561 σώματος
1123 3502 1260 3567 μετὰ
1310 3503 1408 3572 τὴν
1453 3503 1756 3557 ἀνάστασιν
1786 3507 1882 3558 τοῦ

306 3583 370 3648 ἐξ
420 3586 587 3654 αὐτῆς
642 3587 708 3640 δι’
761 3591 908 3659 ἡμᾶς
967 3593 1493 3662 ἐνανθρωπήσαντος
1531 3596 1690 3660 Θεοῦ,
1729 3597 1754 3650 ὂ
1790 3599 1884 3651 καὶ

307 3677 550 3744 γέγονεν,
585 3680 658 3744 ὡς
690 3682 717 3732 ὁ
751 3682 1144 3754 εὐαγγελιστὴς
1192 3687 1472 3751 Ματοαίος
1517 3690 1756 3759 ἱστορεί’
1795 3690 1883 3744 διὰ

308 3771 512 3836 ταύτην
542 3772 649 3838 γάρ
699 3791 885 3842 φησιν,
942 3777 1024 3828 ὅτι
1075 3778 1468 3846 προσελθοῦσαι
1515 3782 1726 3850 ἥψαντο
1772 3785 1883 3837 τῶν

321 3859 512 3912 πεδῶν
560 3866 625 3930 τῇ
677 3864 732 3916 δὲ
781 3864 960 3936 Μαρία
994 3869 1148 3936 φησι,
1188 3871 1278 3939 Μή
1337 3888 1437 3940 μου
1480 3871 1650 3925 ἅπτου
1679 3890 1691 3904 ·
1727 3873 1882 3928 οὔπω

317 3950 418 4019 γὰρ
444 3955 756 4024 ἀναϐέϐηκα
789 3959 924 4027 πρὸς
955 3960 1046 4012 τὸν
1079 3963 1295 4032 Πατέρα
1325 3982 1451 4031 μου.
1482 3966 1652 4018 Τοῦτο
1682 3985 1882 4037 συνηρ-

307 4047 538 4113 τημένον
575 4050 673 4116 μέν
707 4052 822 4103 ἐστι
850 4055 961 4114 τοῖς
1011 4054 1136 4124 ἑξῆς
1168 4058 1304 4126 πρὸς
1342 4059 1466 4120 τεὺς
1506 4057 1755 4128 μαθητάς
1788 4061 1883 4114 αὐ-

305 4135 399 4187 τοῦ
450 4137 650 4204 λέγοις,
695 4141 776 4194 ὅτι
817 4144 1116 4198 Ἀναϐαίνω
1167 4149 1300 4216 πρὸς
1345 4149 1436 4200 τὸν
1486 4151 1706 4222 Πατέρα
1746 4169 1877 4222 μου’

304 4225 458 4280 οὔπω
486 4230 593 4300 γὰρ
631 4233 963 4305 ἀναὸἐϐηκα.
1001 4236 1160 4305 Λέγει
1193 4239 1246 4291 δὲ
1286 4239 1466 4303 τοῦτο,
1501 4243 1881 4314 ἐμμερίμνους

299 4321 500 4384 αὐτοὺς
549 4325 715 4376 ποιῶν
767 4329 862 4379 καὶ
902 4329 1397 4401 σπουδαιοτέρους,
1451 4338 1545 4386 καὶ
1594 4336 1880 4408 διεγείρων

302 4414 440 4480 πρὸς
491 4415 812 4487 ἐπιπόθησιν
853 4437 911 4471 τε
973 4415 1072 4475 καῖ
1101 4421 1328 4492 ζήτησιν
1383 4425 1481 4492 τῆς
1529 4428 1695 4481 αὐτοῦ
1727 4429 1875 4492 θέας.

304 4505 461 4574 ἰ’χει
491 4506 546 4557 δέ
577 4523 627 4558 τι
673 4513 765 4562 καὶ
803 4512 938 4581 πρὸς
968 4513 1068 4582 τὴν
1105 4515 1474 4588 Μαγδαληνὴ-θ
1505 4518 1751 4590 Μαρίαν’
1786 4521 1876 4591 Μή

1998 2022 2218 2077 nomine
2260 2039 2361 2077 suo
2395 2022 2730 2086 vocavissct,
2763 2023 2995 2078 dicens:
3035 2042 3054 2074 ι
3097 2023 3289 2086 Maria,
3324 2043 3342 2075 ι
3379 2034 3580 2077 mutata

1995 2115 2267 2168 sententia
2321 2116 2599 2183 respondit
2630 2128 2684 2166 et
2739 2113 2814 2167 ait
2859 2130 2872 2167 :
2908 2112 3178 2177 [{ahboni,
3212 2114 3356 2184 quod
3381 2115 3582 2168 dicitur

2005 2207 2291 2275 magister.
2333 2208 2584 2260 Attamen
2641 2206 2744 2260 etsi
2799 2207 2982 2260 vivum
3018 2206 3249 2269 videret,
3284 2206 3418 2259 nihil
3446 2207 3584 2258 divi-

1995 2313 2125 2351 num
2180 2297 2235 2350 in
2287 2307 2466 2351 mente
2499 2298 2768 2365 concepit,
2799 2297 2892 2350 sed
2932 2304 3194 2366 tanquam
3229 2311 3440 2351 merum
3488 2297 3578 2349 1)ιεί

1997 2389 2294 2452 hominem,
2334 2398 2592 2456 tanquam
2627 2388 2937 2443 divinorum
2969 2389 3353 2458 mysteriorum
3393 2389 3582 2442 docto-

1997 2496 2107 2534 rem
2150 2480 2314 2534 all'ata
2339 2490 2443 2534 est.
2473 2480 2598 2535 Ideo
2629 2495 2736 2536 non
2769 2489 2980 2534 tantum
3015 2489 3072 2534 ut
3100 2482 3482 2550 procumberet
3512 2483 3580 2535 ad

1992 2588 2189 2643 genua,
2217 2573 2308 2626 sed
2333 2572 2492 2625 etiam
2523 2581 2581 2624 ut
2615 2572 2776 2640 pedes
2801 2581 3144 2641 peramanter
3183 2580 3428 2643 tangeret
3455 2589 3582 2642 pro-

1992 2665 2179 2718 silivil.
2216 2663 2284 2717 At
2339 2666 2532 2717 audit:
2571 2681 2590 2714 ‹
2629 2663 2748 2717 Noli
2807 2680 2894 2719 me
2943 2675 3200 2736 tangere;
3249 2683 3267 2718 ι
3324 2665 3482 2734 quasi
3533 2665 3581 2720 si

1992 2757 2198 2812 diceret
2225 2776 2236 2811 :
2269 2757 2408 2822 Quia
2441 2773 2594 2811 mens
2627 2766 2716 2812 tua
2741 2774 2847 2811 non
2882 2759 3056 2828 tetigit
3087 2759 3330 2828 mysterii
3370 2760 3472 2812 mei
3501 2760 3582 2812 al-

1993 2849 2282 2903 titudinem
2309 2868 2322 2914 ;
2353 2865 2475 2904 cum
2506 2850 2652 2904 enim
2689 2848 2830 2904 Deus
2858 2849 2986 2914 sim,
3023 2851 3133 2905 tuis
3162 2851 3340 2905 oculis
3371 2850 3424 2904 in
3453 2867 3580 2904 cor-

1991 2955 2122 3010 pore
2141 2940 2323 2993 divina
2349 2940 2519 3009 gloria
2551 2939 2890 2995 circumfuso
2935 2942 3270 3010 conspicier,
3294 2952 3577 3010 prepterea

1993 3032 2103 3085 noli
2156 3047 2241 3086 me
2297 3042 2540 3102 tangere.
2591 3030 2707 3086 Hoc
2759 3032 3025 3088 reservari
3061 3033 3287 3089 decebat
3337 3032 3580 3102 Deiparae

1991 3138 2112 3192 quae
2147 3125 2264 3179 sola
2291 3124 2342 3179 in
2376 3125 2695 3180 mulieribus
2729 3135 2854 3196 post
2887 3126 3345 3182 resurrectionem
3375 3143 3578 3198 corpus

1999 3224 2223 3285 tangere
2268 3216 2563 3282 obtineret,
2614 3215 2724 3271 Deo
2766 3231 2832 3272 ex
2861 3218 2977 3287 ipsa
3007 3228 3228 3288 propter
3261 3234 3362 3273 nos
3394 3220 3579 3274 incar-

1914 3284 1959 3349 (ἶ
1997 3284 2149 3362 nato.
2177 3305 2331 3374 Quod
2367 3305 2570 3362 factum
2597 3315 2701 3374 est,
2744 3284 2898 3363 sicut
2925 3284 3257 3380 evangelista
3292 3309 3578 3365 Mattlneus

1993 3399 2267 3456 edisserit.
2296 3399 2442 3454 Illius
2463 3401 2606 3454 enim
2638 3401 2812 3470 gratia
2845 3401 2938 3468 ait,
2964 3403 3225 3471 quoniam
3253 3403 3578 3460 accedentes

1993 3499 2284 3547 tenuerunt
2317 3491 2484 3561 pedes
2508 3492 2648 3559 ejus.
2671 3492 2753 3547 Ad
2782 3491 3010 3547 Mariam
3037 3502 3220 3547 autem
3248 3532 3263 3559 ,
3294 3511 3312 3544 ι
3342 3492 3463 3550 Noli
3491 3511 3578 3549 me

1994 3593 2235 3654 tangere,
2266 3582 2466 3652 inquit,
2497 3583 2740 3637 nondum
2771 3584 2919 3638 enim
2946 3584 3168 3638 ascendi
3209 3584 3274 3638 ad
3302 3583 3573 3638 Patrem.»

1990 3676 2147 3742 Quod
2177 3688 2300 3746 apte
2331 3677 2631 3730 concordat
2658 3675 2740 3731 eis
2789 3690 2909 3744 qua:
2958 3685 3148 3746 postea
3179 3676 3246 3729 ad
3278 3675 3578 3745 discipulos

1988 3769 2169 3823 dixit:
2202 3787 2220 3819 ι
2262 3769 2400 3833 Quia
2443 3768 2685 3823 ascendo
2733 3769 2801 3822 ad
2849 3767 3091 3833 Patrem,
3139 3769 3381 3823 nondum
3427 3770 3574 3824 enim

1987 3858 2230 3912 ascendi.
2274 3878 2292 3912 ι
2346 3858 2461 3914 Tali
2494 3873 2747 3913 sermone
2783 3859 2956 3913 utitur
3000 3867 3062 3914 ut
3095 3874 3192 3915 eos
3223 3861 3577 3916 sollicitiores

1987 3961 2040 4006 et
2071 3951 2450 4020 diligentiores
2483 3951 2673 4006 reddat
2699 3963 2753 4005 et
2791 3953 2989 4022 majori
3027 3952 3332 4008 inﬂammet
3360 3955 3577 4008 deside-

1987 4046 2068 4100 rio
2103 4060 2212 4114 quo
2242 4045 2364 4113 ejus
2393 4055 2673 4113 aspectum
2702 4055 3032 4115 quaarereut.
3087 4047 3250 4101 Addit
3296 4063 3430 4102 vero
3480 4047 3578 4102 ali-

1985 4137 2115 4207 quid
2143 4137 2368 4192 Mariam
2399 4139 2772 4208 .‘l’lagdalenam
2797 4140 3104 4205 allocutus;
3136 4141 3214 4194 ait
3240 4141 3387 4196 enim
3417 4159 3430 4195 :
3457 4139 3576 4197 Noli

1986 4248 2070 4287 me
2107 4233 2494 4302 tangere,qnia
2530 4233 2634 4288 hoc
2659 4247 2858 4303 corpus
2885 4248 2994 4303 quo
3026 4234 3221 4288 induor
3265 4235 3389 4305 igne
3422 4236 3577 4290 vola-

1985 4324 2134 4378 tilius
2162 4333 2246 4378 est
2274 4332 2326 4378 et
2355 4324 2697 4380 tractabilius
2720 4365 2735 4387 ,
2787 4326 2858 4378 ita
2898 4335 2954 4378 ut
2987 4341 3093 4379 non
3124 4335 3336 4380 tantum
3365 4327 3432 4382 ad
3465 4342 3577 4382 cm-

1981 4416 2119 4483 lum,
2154 4417 2247 4472 sed
2276 4419 2441 4471 etiam
2483 4417 2552 4472 ad
2587 4419 2802 4473 Patrem
2827 4419 2965 4473 coelo
2987 4418 3374 4488 excelsissimo
3400 4421 3578 4474 excel-

1984 4511 2185 4566 siorem
2230 4513 2405 4579 possit
2453 4511 2778 4567 ascendere.
2818 4511 3073 4565 Nondum
3118 4523 3301 4567 autem
3346 4515 3570 4568 ascendi

301 4614 405 4664 μου
435 4599 543 4666 γαρ
577 4599 772 4664 ἅπτου,
820 4605 1004 4674 φησὶν,
1055 4606 1134 4658 ὅτι
1168 4607 1379 4660 τοιοῦτο
1412 4611 1506 4660 νῦν
1545 4612 1689 4664 ἐστιν
1720 4611 1747 4664 ὃ
1781 4629 1878 4665 πε-

1989 4605 2050 4658 nd
2081 4606 2294 4659 Patrem
2332 4621 2536 4669 meum,
2572 4607 2699 4675 quia
2733 4605 2974 4659 nondum
3023 4623 3086 4661 ex
3119 4624 3228 4678 quo
3276 4622 3306 4661 a
3339 4609 3575 4663 mortuis

303 4686 551 4757 ρίκειμαι
597 4693 775 4762 σῶμα,
807 4694 878 4758 ὡς
913 4698 1007 4749 καὶ
1034 4698 1202 4764 πυρὸς
1241 4701 1689 4786 ἀνωφερέστερον
1735 4701 1878 4760 εἶναι

295 4782 394 4834 καὶ
423 4783 877 4856 δραστικῶτερυν,
919 4792 1013 4842 καὶ
1046 4792 1120 4861 μὴ
1163 4793 1323 4862 μόνον
1367 4782 1683 4850 ἀναϐαίνειν
1713 4797 1878 4851 δύνα-

297 4872 423 4925 σθαι
452 4875 585 4940 πρὸς
615 4877 863 4944 οὐρανὸν,
893 4880 1027 4934 ἀλλὰ
1053 4883 1144 4935 καὶ
1172 4885 1305 4953 πρὸς
1347 4886 1512 4938 αὐτὸν
1561 4887 1652 4941 τὸν
1704 4889 1878 4958 ὑπερ-

290 4966 547 5033 ουρὰνιον
590 4968 837 5038 Πατέρα·
885 4972 1038 5026 οὔπω
1088 4975 1145 5026 δὲ
1199 4977 1519 5046 ἀναϐέϐηκα
1593 4980 1728 5049 πρὸς
1785 4981 1878 5031 τὸν

291 5060 513 5127 Πατέρα
544 5078 667 5130 μου,
698 5064 779 5115 ὅτι
808 5064 959 5117 οὔπω
987 5067 1125 5134 μετὰ
1154 5067 1250 5138 τὴν
1284 5071 1347 5122 ἐκ
1381 5069 1590 5140 νεκρῶν
1639 5073 1880 5124 ἀνάστα-

1982 4697 2257 4752 resurrexi
2294 4697 2604 4766 ,mcipsum
2670 4698 2810 4752 meis
2862 4699 3207 4754 manifestavi
3266 4700 3572 4770 discipulis.

1984 4807 2002 4840 ι
2038 4788 2186 4858 Vade
2226 4803 2359 4859 ergo
2404 4790 2471 4844 ad
2525 4789 2721 4845 fratres
2777 4806 2964 4857 meos,
3001 4811 3020 4843 ι
3070 4792 3230 4846 unius
3287 4794 3430 4847 enim
3467 4791 3574 4847 Pa-

1983 4883 2080 4936 tris
2104 4899 2320 4946 sumus,
2355 4882 2446 4938 sed
2474 4899 2580 4936 non
2626 4884 2816 4939 eodem
2855 4887 3052 4951 modo;
3094 4902 3194 4955 ego
3242 4886 3463 4956 quidem
3505 4902 3574 4941 ex

1983 4986 2174 5028 natura
2209 4984 2264 5029 et
2310 4979 2614 5044 scentulum
2643 4977 2939 5032 essentiam
2966 5020 2980 5044 ,
3015 4979 3089 5033 illi
3123 4988 3308 5033 autem
3345 4995 3439 5050 per
3488 4994 3575 5032 me

1982 5071 2050 5124 ab
2077 5073 2192 5138 ipso
2221 5069 2486 5140 adoptati.
2533 5087 2550 5120 ι

289 5167 379 5204 σιν
431 5153 625 5206 ἑαυτὸν
676 5157 985 5228 ἐφανέρωσε
1025 5163 1136 5222 τοῖς
1167 5165 1387 5226 οἰκείοις
1430 5165 1721 5234 μαθηταῖς.
1761 5165 2000 5236 Πορεύου
2036 5166 2127 5218 οὖν
2179 5165 2314 5236 πρὸς
2344 5167 2470 5228 τοὺς
2507 5167 2771 5237 ἀδελφούς
2830 5187 2932 5238 μου
2996 5172 3259 5233 τούτουςο
3305 5172 3424 5229 ἑνὸς
3463 5171 3572 5243 γάρ

286 5251 463 5313 ἐσμεν
511 5247 733 5312 πάντες,
781 5252 829 5302 εί
877 5254 972 5303 καὶ
1012 5254 1088 5321 μὴ
1136 5259 1277 5306 κατὰ
1334 5255 1424 5308 τὸν
1495 5257 1659 5309 αὑτὸν
1705 5259 1942 5327 τρόπον·
1985 5259 2095 5324 ἐγὼ
2127 5259 2227 5326 μὲν
2268 5260 2375 5328 γὰρ
2409 5259 2480 5322 ὡς
2516 5262 2740 5328 γνήσιος
2772 5263 2969 5332 ἐκείνῳ
3004 5266 3097 5316 καὶ
3127 5263 3396 5333 opowa
3428 5263 3571 5315 ἐκεῖη

285 5346 369 5393 "et
408 5344 464 5396 δὲ
494 5344 568 5407 ὡς
597 5347 667 5399 δι’
700 5347 834 5413 ἐμοῦ
875 5349 1174 5418 υἱοποίητοι
1211 5352 1385 5421 τούτῳ
1417 5353 1724 5418 γεγονότες.

368 5456 386 5488 ι
432 5439 674 5507 Πορεύου
709 5439 764 5490 δὲ
801 5442 939 5509 προς
973 5443 1098 5504 τοὺς
1129 5442 1394 5511 ἀδελφούς
1446 5462 1568 5514 μου,
1616 5447 1709 5497 καὶ
1753 5445 1871 5496 εἰπὲ

282 5532 492 5594 αὐτοῖς,
525 5535 610 5584 ὅτι
672 5533 950 5584 ἀναϐαίνω
1004 5535 1136 5604 πρὸς
1194 5535 1284 5587 τὸν
1344 5537 1561 5606 Πατέρα
1601 5555 1722 5606 μου,
1775 5539 1871 5590 καὶ

281 5624 504 5690 Πατίρα
532 5626 713 5692 ὑμῶν,
746 5627 838 5676 καὶ
883 5626 1014 5678 Θεὸν
1052 5644 1176 5694 μου,
1227 5630 1320 5681 καὶ
1352 5629 1483 5681 Θεὸν
1513 5631 1542 5681 ὑ
1566 5631 1666 5681 λῶν
1692 5647 1706 5661 ·
1744 5650 1762 5682 ι
1799 5632 1872 5693 ὡς

279 5718 392 5787 γὰρ
422 5718 582 5787 ἡμῶν
623 5717 726 5785 μὲν
762 5717 948 5785 Πατήρ
971 5719 1085 5772 ἐστι
1115 5719 1294 5788 χάριτι
1321 5720 1407 5774 διὰ
1440 5722 1534 5773 τοῦ
1566 5721 1665 5791 τῆς
1696 5725 1873 5776 υἱοθε-

273 5810 397 5874 σίας
439 5811 788 5879 Πνεύματος,
819 5810 1026 5863 ἐκείνου
1066 5811 1122 5864 δὲ
1161 5815 1348 5883 Πατὴρ
1392 5815 1553 5883 φύσει
1585 5819 1728 5868 κατὰ
1771 5819 1870 5870 τὴν

274 5898 533 5968 ῦεύτητα.
570 5899 752 5961 οὕτως
785 5900 936 5968 ἡειίῖν
974 5902 1072 5971 μὲν
1109 5903 1264 5969 Θεὸς,
1298 5905 1370 5967 ὡς
1403 5906 1499 5973 τῆς
1531 5907 1744 5972 φύσεως
1774 5908 1870 5977 δη·

2057 5446 2221 5505 Υιιιῗιι,
2273 5446 2519 5513 inquam,
2569 5447 2634 5499 ad
2694 5447 2827 5501 istos
2887 5448 3081 5502 fratres
3141 5463 3289 5502 meos
3321 5499 3336 5524 ,
3378 5459 3432 5503 et
3478 5450 3568 5503 die

1975 5537 2083 5590 illis
2139 5539 2264 5605 quia
2324 5538 2561 5592 ascendo
2629 5539 2694 5592 ad
2755 5539 2963 5593 Patrem
3029 5557 3208 5594 meum
3265 5550 3322 5594 et
3352 5541 3564 5595 Patrem

1978 5639 2214 5684 vestrum
2254 5672 2266 5691 ,

1976 5722 2110 5774 Nam
2143 5724 2285 5776 sicut
2335 5740 2519 5777 noster
2552 5725 2721 5793 gratia
2765 5739 2848 5780 est
2900 5725 3058 5781 Pater
3115 5743 3211 5796 per
3254 5729 3565 5797 adoptionis

1976 5815 2261 5882 Spiritum.
2288 5817 2430 5868 illius
2456 5828 2636 5870 autem
2667 5829 2859 5870 natura
2882 5817 3039 5872 Pater
3063 5823 3359 5874 secundant
3388 5821 3560 5889 ipsam

1972 5908 2335 5968 ιιινιιιιιειιριιι,
2386 5911 2458 5962 ita
2509 5917 2691 5963 noster
2721 5924 2803 5964 est
2855 5910 2991 5967 Deus
3042 5921 3300 5982 tarn-lnam
3354 5923 3564 5970 natura:

2319 5631 2383 5682 ad
2447 5630 2614 5684 Deum
2670 5650 2845 5686 meum
2908 5647 2960 5686 et
3014 5634 3180 5687 Deum
3239 5645 3502 5689 vestrum.
3541 5656 3558 5686 ι
