4046 6466
529 412 633 481 ΞΤῙ

1783 414 2159 476 GREGORII
2200 412 2522 477 PALAMAI

3668 412 3756 482 ’ἐπὶ

532 538 876 602 procreator,
909 530 1059 586 illius
1090 543 1219 585 vero
1266 528 1407 585 Deus
1460 543 1554 599 per
1596 528 1965 583 'humauilatis
2022 528 2130 584 dis-

2244 535 2527 603 μιουργὸς,
2576 533 2786 588 ἐκείνου
2827 534 2885 591 δὲ
2929 535 3019 592 8ιά
3049 534 3149 607 τὴν
3179 532 3321 590 κατὰ
3366 534 3425 589 τί)
3462 530 3758 606 ἀνθρώπινον

533 629 934 698 pensationem.
986 626 1273 695 Propterea
1307 621 1617 692 separatire
1668 621 1885 676 locutus
1914 631 2033 687 est,
2069 629 2128 675 ut

538 736 639 774 nos
687 727 1118 774 consentaneum
1155 717 1462 770 sentiamus
1508 713 1827 767 discrimen.
1874 712 1976 765 Per
2025 714 2128 768 hoc

535 813 752 882 signum
783 812 906 879 quia
939 810 1186 864 ascendit
1224 809 1291 862 ad
1326 805 1543 859 Patrem
1566 840 1589 869 ς
1634 803 1758 858 illos
1798 803 2024 857 adduxit
2053 804 2119 858 ad

535 902 941 973 intelligendum
974 903 1041 956 de
1065 915 1167 956 suo
1186 913 1440 968 corpore,
1465 896 1720 966 quoniam
1745 910 1852 949 non
1887 905 1971 951 est
1992 895 2125 951 illud

532 994 692 1063 quale
720 1007 933 1063 semper
963 993 1017 1047 in
1061 1000 1205 1047 terra
1243 992 1388 1045 sicut
1412 988 1565 1058 prius
1606 993 1879 1041 versatum
1919 993 2036 1039 erat
2068 992 2126 1041 et

533 1101 587 1163 in
606 1086 781 1139 medio
813 1099 1000 1139 eorum
1033 1097 1206 1153 usque
1236 1082 1547 1137 exstiterat.

2235 625 2568 693 οἰκονομίαν,
2595 627 2690 679 καὶ
2730 627 2819 680 διὰ
2849 626 3009 701 τοῦτρ
3055 627 3471 698 κεχωρισμένως
3496 617 3652 690 εἶπεν,
3683 625 3757 680 ἵνα

2236 715 2397 783 ἡμεῖς
2426 715 2526 782 τὴν
2550 715 2889 787 κατάλληλον
2911 716 3177 788 διαφορὰν
3207 719 3556 785 ἐννοήσωμεν.
3596 715 3759 783 Ἔνῆγε

2232 803 2289 856 δὲ
2318 805 2605 868 κάκείνους
2629 806 2717 860 διὰ
2745 807 2898 861 τοῦδε
2922 808 3018 862 τοῦ
3053 809 3390 879 μηνύματος,
3413 809 3493 861 ὅτι
3515 805 3760 860 ἀναϐαίνει

2233 896 2370 964 πρὸς
2398 896 2491 949 τὸν
2522 897 2761 967 Πατέρα,
2791 899 3038 970 περὶτοῦ
3067 900 3269 953 οἰκείου
3299 899 3542 969 σώματος
3570 899 3762 961 ἐννοεῖν,

2231 986 2307 1050 ὡς
2341 985 2583 1041 τοιοῦτόν
2637 989 2806 1055 ἐστιν,
2858 982 2972 1045 οἷον
3028 991 3122 1045 ἐπὶ
3151 992 3253 1062 γῆς
3284 991 3370 1044 ἀεὶ
3418 990 3653 1057 καθάπερ
3684 989 3764 1040 καὶ

2237 1080 2503 1151 πρότερον
2558 1081 2928 1153 στρέφεσθαι,
2981 1079 3104 1138 ’καὶ
3164 1087 3403 1138 συνεῖναι
3457 1082 3652 1143 τούτοις
3692 1080 3766 1133 διὰ

533 1180 753 1243 παντός.
795 1177 933 1232 Ἀλλ’
964 1181 994 1247 ἡ
1031 1178 1128 1247 μὲν
1174 1176 1507 1247 Μαγδαληνὴ
1546 1175 1756 1246 Μαρία,
1793 1174 1861 1246 ἢν
1900 1173 1996 1228 καὶ
2035 1172 2112 1236 ὡς
2143 1172 2273 1244 μίαν
2322 1173 2433 1228 τῶν
2497 1174 2593 1229 τοῦ
2640 1175 2878 1245 Χριστοῦ
2942 1178 3270 1257 μυροφόρων
3296 1175 3582 1245 ὐμνοῦμεν,
3625 1174 3693 1235 είς
3712 1173 3768 1243 ἦν

533 1272 916 1327 ἀπελαθέντων
957 1272 1108 1341 παρὰ
1148 1269 1384 1340 Χριστοῦ
1431 1269 1540 1323 τῶν
1579 1268 1719 1323 έπτά
1763 1268 2093 1338 πνευμάτων
2147 1267 2247 1337 τῆς
2303 1267 2592 1339 πονηρίας,
2623 1269 3025 1341 ἀντεισῳκίσθη
3069 1272 3293 1336 πάντως
3348 1269 3593 1341 έπταχῶς
3641 1271 3768 1337 ένερ·

535 1367 709 1436 γοῦσα
754 1366 871 1417 θεία
911 1364 1071 1436 χάρις
1100 1362 1195 1416 τοῦ
1234 1362 1566 1432 Πνεύματος.

604 1460 815 1515 Interea
847 1457 1017 1510 Maria
1048 1452 1361 1524 Magdalena
1393 1469 1555 1523 quam
1600 1453 1771 1509 solam
1815 1466 1879 1508 ex
1909 1449 2117 1506 Christi

535 1548 912 1619 unguentariis
950 1546 1355 1614 cognoscimus,
1387 1545 1442 1598 iu
1467 1559 1653 1614 quam,
1684 1542 1872 1613 ejectis
1899 1556 1929 1596 a
1956 1540 2120 1595 Chri-

534 1653 620 1699 sto
649 1651 851 1710 septem
880 1640 1165 1711 spiritibus
1191 1636 1448 1706 nequitia:
1474 1676 1490 1701 ,
1524 1638 1721 1691 horum
1764 1635 1886 1691 loco
1933 1634 2116 1690 sedem

536 1725 774 1804 elegerat
803 1731 1134 1802 septiformis
1164 1731 1333 1785 divini
1356 1729 1593 1799 Spiritus
1617 1727 1892 1798 operatrix
1918 1725 2115 1797 gratia,

537 1829 729 1892 Maria,
761 1828 1010 1894 inquam,
1034 1824 1347 1893 Magdalena
1375 1832 1598 1892 propter
1622 1829 1964 1876 constantem
1994 1832 2119 1889 per-

535 1920 899 1977 severantiam
939 1917 1251 1987 angelorum
1300 1924 1552 1985 aspectus
1581 1925 1635 1968 et
1682 1909 2119 1967 conversationis

539 2012 763 2080 prunuio
788 2011 985 2063 donata
1005 2016 1056 2060 et
1096 2010 1211 2076 ipso
1256 2018 1549 2074 conspecto
1572 2003 1820 2067 Domino,
1841 2002 1961 2070 ejus
1996 2016 2127 2071 apo-

537 2104 672 2157 stola
708 2117 773 2156 ao
809 2099 1086 2168 apostolos
1117 2098 1433 2160 ellicitur,et
1463 2096 1531 2149 ab
1554 2095 1672 2165 ipso
1702 2094 1797 2148 Dei
1824 2108 1919 2147 ore
1935 2092 2125 2148 edocta

533 2204 587 2249 et
610 2193 836 2250 oninino
863 2190 1114 2245 convicta
1151 2189 1295 2243 radit
1330 2188 1397 2242 ad
1431 2186 1705 2256 apostolos
1746 2185 1882 2255 ipsis
1902 2183 2127 2237 nuntia-

532 2299 654 2352 wra
695 2282 951 2353 quoniam
978 2279 1111 2334 vidit
1144 2277 1431 2333 Dominum
1489 2276 1643 2345 isque
1685 2276 1798 2330 hazc
1830 2273 1931 2341 ipsi
1969 2272 2127 2326 dixit.

536 2375 646 2430 Nos
705 2388 853 2439 vero,
913 2371 1138 2436 fratres,
1191 2368 1607 2425 consideremus
1641 2374 1909 2436 quantum
1954 2362 2125 2418 Maria

544 2468 858 2539 Magdalena
909 2465 1174 2533 dignitate
1238 2462 1468 2516 cedebat
1530 2458 1690 2513 Petro
1752 2456 2123 2528 apostolorum

536 2561 846 2630 coryphteo,
872 2570 1083 2612 necnon
1115 2552 1309 2608 Joanni
1346 2566 1509 2624 quem
1557 2549 1819 2619 diligebat
1865 2548 2121 2611 Christus

544 2651 821 2719 theologo,
877 2654 933 2702 et
982 2655 1165 2701 tamen
1197 2653 1418 2714 quanta:
1466 2640 1653 2711 gratia:
1687 2654 1798 2709 pra:
1829 2638 1937 2692 illis
1964 2639 2128 2707 digna

538 2743 725 2797 habita
756 2740 891 2796 I‘uit!
928 2737 1011 2792 Illi
1040 2736 1185 2791 enim
1221 2736 1288 2790 ad
1318 2734 1628 2803 sepulcrum
1673 2740 1959 2786 currentes
2012 2729 2127 2783 sola

534 2835 795 2891 viderunt
829 2834 995 2887 lintea
1025 2839 1079 2885 et
1123 2828 1441 2893 sudarium;
1474 2825 1642 2879 Maria
1676 2833 1859 2879 autem
1895 2836 1989 2892 per
2035 2819 2131 2876 lir-

542 2947 690 2985 -mam
750 2937 804 2983 ct
864 2934 1184 2997 perpetuam
1250 2921 1613 2978 constantiam
1674 2933 1795 2974 cum
1861 2917 1914 2971 in
1969 2915 2131 2971 linem

2302 1444 2452 1517 Αὕτη
2485 1446 2585 1518 μὲν
2624 1447 2718 1504 οὖν
2751 1450 2784 1520 ή
2811 1450 3147 1522 Μαγδαληνὴ
3180 1452 3402 1523 Μαρία,
3431 1452 3516 1506 διὰ
3544 1452 3636 1520 τὴν
3660 1450 3766 1505 ἐπί-

2234 1554 2397 1609 μονον
2432 1540 2779 1610 προσεδρίαν,
2822 1543 2917 1595 καὶ
2946 1543 3044 1612 τῆς
3088 1542 3386 1614 ἀγγελικῆς
3420 1542 3669 1607 ὀπτασίας
3694 1541 3772 1595 καὶ

2226 1630 2441 1701 ὁμιλίας
2489 1631 2807 1700 ἀξιωθεῖσα,
2858 1636 2958 1689 καὶ
3000 1635 3163 1689 αὐτὸν
3211 1634 3393 1689 ἰδοῦσα
3435 1636 3522 1688 τὸν
3573 1635 3770 1704 Κύριον,

2224 1722 2523 1787 ἀπόστολος
2553 1724 2720 1779 αὑτοῦ
2754 1725 2893 1794 πρὸς
2914 1726 3042 1789 τοὺς
3066 1725 3400 1789 ἀποστόλους
3446 1725 3664 1797 γίνεται,
3694 1725 3771 1778 καὶ

2230 1817 2362 1887 παρ’
2389 1815 2558 1870 αὐτοῦ
2589 1814 2685 1870 τοῦ
2718 1816 2864 1870 θείου
2894 1817 3164 1886 στόματος
3191 1818 3504 1888 διδαχθεῖσα
3533 1819 3620 1871 καὶ
3656 1817 3773 1886 πλη-

2232 1911 2600 1981 ροφορηθεῖσα
2632 1910 2852 1974 τελείως
2873 1912 3173 1982 ἀπέρχεται
3195 1913 3333 1982 πρὸς
3356 1913 3479 1975 τοὺς
3501 1911 3651 1981 119
3664 1913 3778 1964 ἀπο-

2231 2001 2475 2066 στόλους,
2509 2000 2933 2069 ἀπαγγέλλουσα
2960 2001 3174 2063 τούτοις
3201 2001 3283 2053 ὅτι
3325 2000 3535 2070 ἑώρακε
3569 2000 3652 2051 τὸν
3683 1995 3774 2049 Κύο

2234 2110 2369 2164 ρισν,
2401 2093 2495 2145 καὶ
2529 2093 2704 2146 ταῦτα
2730 2090 2883 2146 εἶπεν
2908 2092 3070 2162 αὑτῇ.
3116 2093 3311 2162 Ἡμεῖς
3332 2092 3390 2146 δὲ
3419 2091 3774 2161 σκοπήσωμεν,

2228 2185 2485 2254 ἀδελφοὶ,
2539 2187 2707 2238 πόσον
2760 2185 2793 2255 ἡ
2856 2185 3191 2253 Μαγδαληνὴ
3242 2186 3435 2254 Μαρία
3492 2185 3590 2253 τῆς
3643 2181 3773 2248 ἀξίας

2230 2280 2426 2347 ἀπεῖχε
2454 2277 2662 2347 Πέτρου
2712 2277 2809 2330 τοῦ
2857 2279 3160 2348 κορυφαίου
3189 2279 3302 2333 τῶν
3348 2277 3671 2341 ἀποστόλων,
3698 2275 3777 2328 καὶ

2243 2367 2496 2423 Ἰωάννου
2555 2367 2652 2421 τοῦ
2705 2370 3067 2441 ὴγαπημένου
3117 2370 3195 2442 τῷ
3248 2370 3477 2443 Χριστῷ
3534 2369 3777 2437 θεολόγον,
3868 2378 3871 2381 '

2232 2461 2329 2514 καὶ¹
2365 2460 2518 2531 πόσῳ
2568 2459 2873 2530 τηνικαῦτα
2915 2462 3180 2531 μειζόνων
3232 2462 3463 2530 ἠξίωται
3505 2460 3630 2534 παρ’
3665 2458 3782 2514 ὲκεί-

2230 2568 2378 2612 νους.
2414 2551 2643 2606 Ἐκεῖνοι
2675 2552 2786 2624 γὰρ
2805 2553 2897 2606 ἐπὶ
2930 2553 3021 2607 τὸν
3050 2555 3221 2622 τάφον
3250 2554 3555 2626 δραμόντες
3578 2550 3781 2626 μόνατά

2231 2642 2418 2696 ὀθόνια
2464 2639 2603 2695 εἶδον
2652 2644 2748 2698 καὶ
2775 2645 2837 2697 τὸ
2882 2645 3192 2715 σουδάριον,
3225 2645 3371 2717 αὕτη
3400 2647 3459 2702 δὲ
3488 2645 3575 2701 διά
3603 2645 3693 2717 τὴν
3712 2643 3785 2696 iv-

2232 2733 2480 2787 δῖάθετον
2506 2735 2606 2787 καὶ
2636 2734 2897 2803 ἐπίμονον
2926 2738 3248 2806 καρτερίαν,
3290 2737 3389 2791 ἆτε
3421 2734 3784 2807 παραμείνασα

2238 2824 2400 2895 μέχρι
2423 2825 2631 2888 τέλους,
2662 2827 2755 2879 καὶ
2797 2823 3052 2897 τῇὊύρᾳ
3081 2826 3177 2881 τοῦ
3221 2828 3501 2899 σπηλαίου
3548 2823 3787 2896 ἐνδιατρί-

2235 2917 2430 2981 ὁουσα,
2453 2916 2516 2970 ού
2541 2916 2668 2980 τοὺς
2695 2917 2966 2986 ἀγγέλους
3012 2919 3196 2990 μόνον,
3228 2921 3369 2974 ἀλλά
3410 2923 3506 2977 καὶ
3539 2919 3692 2976 αὐτὸν
3711 2917 3786 2972 τὸν

540 3019 969 3091 perseveraverit
1000 3022 1056 3072 et
1102 3017 1155 3069 in
1209 3015 1417 3070 foribus
1466 3010 1699 3082 sepulcri
1748 3006 2130 3081 permanserit,

2236 3009 2444 3082 Κύριον
2487 3010 2597 3063 τῶν
2629 3010 2879 3079 ἀγγέλων
2934 3012 3000 3064 ἑκ
3047 3012 3260 3084 νεκρῶν
3294 3013 3605 3070 ἀναστάντα
3626 3010 3786 3082 σαρκὶ,

542 3129 648 3169 non
723 3113 943 3183 angelos
1017 3116 1249 3173 tantum,
1308 3106 1400 3160 sed
1459 3117 1512 3159 et
1569 3104 1745 3173 ipsum
1818 3101 2130 3170 angelorum

2237 3102 2346 3172 πρὸ
2376 3101 2487 3155 τῶν
2535 3102 2854 3157 ἀποστόλων
2898 3102 3267 3175 ἑώρακε,ικαὶ
3322 3106 3593 3177 αὐτήκοος
3646 3100 3787 3157 αὐτοῦ

546 3208 836 3260 hominum
880 3220 909 3258 a
966 3201 1196 3257 mortuis
1225 3198 1635 3254 reviviscentem
1687 3196 1740 3248 in
1791 3208 1955 3248 carne
1994 3199 2130 3246 'a‘nte

2238 3195 2455 3264 γέγονε,
2504 3196 2606 3249 ’καὶ
2670 3196 2783 3249 τῶν
2829 3196 2938 3250 ἀπὸ
2990 3197 3087 3251 τοῦ
3145 3199 3297 3254 θείου
3350 3201 3614 3271 στόματος
3649 3191 3790 3252 αὑτοῦ

542 3297 827 3370 apostolos
881 3293 1180 3362 conspexit,
1232 3290 1407 3359 ipsius
1456 3303 1641 3343 vocem
1686 3283 1929 3347 audivit,
1979 3294 2032 3338 et
2062 3284 2132 3338 ab

514 3390 661 3459 'ipso
712 3386 801 3441 Dei
865 3402 960 3439 ore
1020 3386 1187 3438 elecm
1245 3388 1329 3438 ιιι
1400 3381 1782 3435 mandatorum
1856 3377 2129 3431 ministra.

540 3480 823 3550 Templum
872 3478 1015 3533 istud
1051 3476 1196 3531 illius
1242 3489 1439 3544 specus
1475 3483 1561 3528 est
1588 3470 1919 3543 symbolum,
1948 3476 2000 3523 ct
2023 3483 2129 3522 non

547 3584 708 3644 typus
742 3581 979 3637 tantum,
1016 3570 1108 3624 sed
1145 3567 1288 3622 aliud
1339 3566 1495 3636 quasi
1539 3565 1792 3634 superius
1824 3561 1927 3616 sibi
1962 3560 2135 3615 vindi-

516 3676 648 3721 'cat.
702 3664 815 3719 Sub
864 3664 984 3718 velo
1027 3663 1256 3716 interius
1324 3660 1486 3715 habet
1529 3658 1706 3712 locum
1764 3655 1853 3709 ubi
1914 3654 2134 3724 ponitur

543 3774 744 3828 corpus
771 3755 1139 3818 Dominicum,
1166 3763 1221 3808 ct
1257 3753 1453 3807 ibidem
1482 3765 1725 3806 mensam
1755 3749 2130 3804 sacerrimam.

515 3851 710 3919 'lgitur
759 3849 1072 3917 quicunque
1117 3846 1182 3899 ad
1221 3843 1353 3898 illud
1390 3857 1518 3896 vere
1568 3842 1809 3896 divinum
1853 3851 1907 3895 ct
1953 3838 2127 3895 dt‘vini

540 3926 788 4007 inysterii
826 3937 1156 4005 receptivum
1186 3933 1422 3988 festinus
1457 3941 1784 4002 approiierat
1808 3940 1860 3985 ct
1882 3931 1947 3985 ad
1969 3932 2131 3985 linem

516 4039 863 4099 *pcrseverat
887 4068 900 4091 ,
948 4026 1292 4080 recollectam
1325 4025 1392 4078 ad
1424 4024 1592 4078 Deum
1631 4024 1920 4078 attendens
1955 4025 2135 4094 suiip-

547 4124 665 4175 sius
711 4119 972 4182 animam,
1007 4132 1112 4171 non
1149 4127 1410 4185 agnoscet
1457 4126 1668 4169 tantum
1716 4115 2011 4184 Scripturae
2039 4113 2132 4168 Dei

520 4215 753 4283 'Spiritu
786 4219 1020 4266 exarata:
1067 4222 1372 4273 sermones,
1412 4210 1553 4262 sicut
1602 4210 1865 4276 quosdam
1914 4205 2136 4276 angelos

548 4305 696 4360 circa
745 4303 1082 4356 divinitatem
1141 4309 1195 4354 et
1246 4300 1640 4353 humanitatem
1674 4296 1836 4352 Verbi
1892 4297 1984 4352 Dei
2034 4310 2134 4366 pro

559 4398 718 4454 nobis
750 4397 1021 4452 incantati
1050 4395 1388 4456 nuntiantes,
1427 4390 1520 4445 scd
1557 4389 1735 4459 ipsum
1763 4386 2136 4443 indubitanter

553 4493 792 4549 tuebitur
828 4489 1117 4545 Dominum
1146 4527 1161 4552 ,
1215 4486 1436 4549 mentis,
1470 4484 1647 4539 dicam
1677 4483 1842 4537 etiam
1889 4480 2134 4550 corporis

550 4585 747 4637 oculis.
782 4582 884 4647 Qui
918 4580 1060 4636 enim
1093 4594 1216 4633 cum
1248 4578 1356 4633 lide
1396 4576 1678 4646 mysticam
1706 4575 1853 4629 videt
1886 4588 2134 4629 mensam

546 4686 601 4731 et
635 4677 689 4730 in
723 4676 839 4744 ipsa
867 4674 1211 4742 propositum
1250 4684 1444 4739 panem
1480 4669 1627 4734 vitae,
1660 4668 1839 4739 ipsum
1876 4668 1976 4723 sub
2008 4682 2137 4737 spe-

547 4768 736 4823 ciebus
791 4771 1106 4820 contentmu
1153 4759 1390 4816 Verbum
1447 4760 1536 4815 Dei
1575 4761 1864 4829 consnicit,
1915 4768 2136 4815 carnem

551 4875 650 4930 pro
681 4855 842 4912 nobis
873 4854 1078 4910 factum
1111 4861 1167 4908 et
1206 4853 1257 4907 iu
1301 4852 1460 4907 nobis
1503 4852 1658 4922 quasi
1692 4852 1745 4906 in
1786 4852 2139 4907 tabernaculo

549 4950 891 5006 inhabitans.
923 4949 1151 5017 Insuper
1178 4947 1223 5000 si
1257 4946 1493 5016 scipsmn
1521 4945 1745 5013 dignum
1779 4944 1845 4998 ad
1874 4943 2140 5012 recipien-

561 5046 688 5099 dum
732 5041 940 5108 reddat,
988 5055 1099 5094 non
1136 5039 1282 5092 videt
1312 5047 1519 5091 tantum
1573 5037 1664 5090 sed
1696 5037 1815 5106 ejus
1863 5037 1922 5090 lit
1970 5034 2140 5105 parti-

560 5150 710 5202 ceps,
741 5133 1010 5202 hospitem
1061 5131 1112 5184 in
1161 5130 1456 5198 semetipso
1501 5144 1626 5183 eum
1674 5128 2053 5198 consequitur,
2086 5139 2141 5183 et

550 5226 665 5296 ipsa
714 5226 898 5277 divina
948 5222 1123 5292 gratia
1174 5221 1397 5275 ditatur.
1443 5219 1509 5273 Et
1536 5220 1995 5289 quemadmodum
2032 5218 2142 5272 Ma-

491 5305 516 5389 ’ς
553 5322 628 5372 iia
665 5318 751 5370 illa
794 5316 926 5369 vidit
954 5331 1017 5369 ea
1073 5330 1195 5384 qua:
1224 5322 1354 5367 tunc
1404 5313 1632 5383 apostoli
1697 5313 1880 5367 videre
1930 5314 2141 5368 deside-

482 5425 491 5437 '
549 5411 775 5473 rabanl,
811 5407 902 5461 ille
933 5422 996 5462 ea
1028 5405 1349 5474 conspicere
1376 5414 1430 5459 et
1461 5405 1527 5458 de
1558 5405 1760 5459 eisdem
1788 5406 2026 5473 gaudere
2059 5404 2142 5457 di-

549 5513 745 5569 gnatur
771 5516 912 5569 qum,
931 5500 1231 5552 secundum
1258 5498 1595 5565 Apostolum,
1625 5497 1799 5565 angeli
1831 5497 2140 5565 prospicere

549 5595 887 5659 desiderant,
953 5602 1005 5646 et
1066 5602 1172 5645 tam
1232 5607 1327 5661 per
1377 5607 1566 5645 eorum
1623 5590 2138 5657 contemplationem

549 5702 715 5757 quam
747 5701 842 5754 per
876 5684 1344 5754 participationem
1376 5683 1598 5738 divinus
1625 5690 1769 5735 totus
1799 5680 2050 5733 ellicitur.

621 5869 782 5938 Ergo,
818 5868 1033 5933 fratres,
1086 5873 1342 5924 remissas
1374 5870 1438 5923 ad
1478 5868 1732 5921 virtutem
1787 5878 1980 5918 manus
2034 5877 2127 5917 vc-

554 5971 697 6018 stras
724 5970 776 6037 t‘t
803 5964 976 6017 soluta
1005 5978 1178 6034 genua
1200 5965 1412 6035 erigite,
1444 5970 1497 6016 ct
1528 5976 1747 6032 gressus
1770 5968 1944 6015 rectos
1980 5958 2135 6037 lacitc

2239 3290 2681 3359 προσταγμάτων
2706 3288 2974 3352 διάκονος.
3036 3290 3099 3343 '0
3152 3290 3207 3344 δὲ
3256 3293 3389 3357 ναὸς
3416 3287 3572 3355 οὗτος
3605 3293 3790 3344 ἐκείνου

2234 3378 2329 3431 τοῦ
2363 3380 2632 3446 σπηλαίου
2662 3379 2834 3443 τύπος
2862 3380 3002 3448 ἐστὶ,
3041 3382 3242 3451 μᾶλλον
3273 3381 3334 3439 δὲ
3384 3384 3482 3437 καὶ
3514 3382 3669 3437 πλέον
3698 3380 3793 3449 ἔχει

2235 3471 2329 3525 τοῦ
2360 3471 2558 3536 τύπου,
2591 3472 2718 3526 ἀλλο
2768 3472 2955 3543 σχεδὸν
2993 3474 3171 3528 έκεῖνο
3203 3475 3497 3548 ὑπάρχονο
3555 3475 3665 3547 ἔχει
3702 3471 3796 3541 γὰρ

2233 3565 2419 3633 τόπον,
2461 3566 2520 3617 ὲν
2556 3557 2600 3632 ᾧ
2630 3565 2839 3618 τίθεται
2873 3565 2933 3618 τὸ
2972 3567 3133 3637 σῶμα
3162 3566 3223 3620 τὺ
3257 3565 3701 3635 Δεσποτικδν,.τδ
3725 3565 3799 3617 ὲν·

2233 3655 2453 3729 δότερον
2480 3656 2574 3710 τοῦ
2606 3658 3119 3728 καταπετάσματος,
3153 3659 3251 3712 καὶ
3279 3660 3387 3731 τὴν
3414 3663 3473 3714 ὲν
3511 3659 3656 3731 αύτῷ
3679 3672 3800 3711 παν-

2239 3748 2383 3821 ίερον
2412 3749 2725 3821 ,τράπεζαω
2757 3749 2950 3813 Ὀστις
2991 3748 3085 3804 οὖν
3113 3751 3440 3817 ἐνδιαθέτως
3470 3754 3563 3807 ἐπὶ
3589 3752 3648 3805 τὸ
3674 3748 3800 3803 θεῖον

2234 3843 2405 3907 ὅντως
2450 3844 2548 3897 καὶ
2575 3841 2826 3912 θεοδόχον
2858 3841 3020 3899 τοῦτο
3048 3844 3326 3914 σπήλαιον
3369 3845 3695 3918 προστρέχει
3722 3840 3799 3893 καὶ

2235 3934 2594 4006 προσεδρεύει
2624 3936 2719 3988 καὶ
2768 3935 3082 4004 παραμένει
3114 3936 3283 4007 μέχρι
3321 3937 3539 4003 τέλους,
3574 3934 3798 4002 συνάγων

2235 4026 2331 4080 καὶ
2382 4024 2682 4079 ἀνατείνων
2733 4026 2870 4097 πρὸς
2907 4025 3040 4081 Θεὸν
3079 4026 3179 4098 τὴν
3227 4028 3401 4083 αὑτοῦ
3443 4029 3701 4092 διάνοιαν,
3747 4024 3799 4076 οὗ

2241 4117 2400 4187 μόνον
2456 4117 2823 4185 ἐπιγνώσεται
2851 4118 2981 4183 τοὺς
3013 4119 3070 4172 ὲν
3117 4112 3256 4191 αύτῇ
3306 4120 3412 4191 τῆς
3465 4119 3801 4174 θεοπνεύστου

2236 4212 2462 4283 Γραφῆς
2493 4212 2707 4280 λόγους,
2740 4207 2853 4266 οἷόν
2894 4229 3049 4276 τινας
3088 4212 3359 4282 ἀγγέλους
3402 4213 3804 4283 ἐξαγγέλλοντας

2238 4302 2369 4373 περί
2397 4319 2457 4355 τε
2483 4304 2583 4372 τῆς
2612 4303 2864 4376 θεότητος
2890 4308 2984 4359 καὶ
3020 4303 3122 4373 τῆς
3169 4305 3604 4376 ἀνθρωπότητος
3631 4302 3719 4357 τοῦ
3744 4296 3803 4353 δι’

2236 4396 2384 4465 ἡμᾶς
2419 4396 2942 4468 ἐνανθρωπήσαντος
2992 4399 3167 4467 Λόγου
3201 4399 3296 4451 τοῦ
3343 4399 3507 4463 Θεοῦ,
3546 4397 3680 4451 ἀλλὰ
3726 4391 3807 4445 καὶ

2241 4488 2407 4543 αὐτὸν
2439 4488 2699 4559 ἀσφαλῶς
2733 4489 2920 4560 ὄψεται
2950 4491 3043 4559 τὸν
3077 4490 3283 4561 Κύριον
3314 4494 3433 4555 τοῖς
3465 4492 3560 4560 τῆς
3589 4485 3806 4543 διανοίας

2240 4581 2560 4652 ὀφθαλμοῖς,
2607 4583 2668 4635 οὐ
2702 4583 2837 4638 πολὺ
2875 4584 3069 4649 είπεῖν,
3112 4585 3206 4638 καὶ
3247 4587 3365 4647 τοῖς
3404 4584 3502 4638 τοῦ
3545 4583 3807 4654 σώματος’

2239 4676 2268 4728 ὁ
2304 4674 2584 4745 γὰρμετὰ
2614 4674 2850 4738 πίστεως
2885 4675 3098 4745 βλέπων
3152 4677 3251 4745 τὴν
3292 4678 3579 4747 μυστικὴν
3625 4672 3811 4745 τράπε-

2242 4766 2363 4831 ζαν,
2389 4768 2485 4819 καὶ
2517 4766 2610 4819 τὸν
2635 4768 2691 4819 ὲν
2729 4766 2870 4836 αὐτῇ
2903 4765 3294 4836 προτιθέμενον
3323 4770 3500 4839 ἄρτον
3528 4770 3628 4839 τῆς
3658 4765 3810 4834 ζωῆς.

2240 4856 2404 4911 αὐτὸν
2425 4857 2529 4927 ὁρᾷ
2562 4857 2653 4911 τὸν
2683 4859 3049 4911 ὲνυπόστατον
3080 4857 3254 4925 Λόγον
3298 4861 3399 4913 τοῦ
3445 4860 3604 4926 Θεοῦ,
3647 4857 3812 4927 σάρκα

2240 4949 2309 5003 δι’
2341 4951 2490 5021 ἡμᾶς
2536 4951 2828 5018 γενόμενον
2890 4950 2979 5002 καὶ
3010 4951 3373 5019 σκηνώσαντα
3426 4954 3488 5005 ἐν
3522 4955 3653 5023 ἡμῖν
3678 4967 3692 4980 ⁸
3719 4947 3814 5003 κᾶν

2242 5041 2434 5094 ἑαυτὸν
2465 5039 2613 5104 ἄξιον
2644 5043 2905 5112 παράσχῃ
2951 5041 3084 5109 πρδς
3119 5042 3415 5112 ὑποδοχὴν,
3459 5045 3559 5113 οὐχ
3596 5042 3694 5113 δρᾷ
3728 5037 3815 5108 μό-

2243 5146 2354 5194 νον,
2382 5130 2521 5184 ἀλλὰ
2567 5131 2662 5183 καὶ
2705 5132 2926 5200 μέτοχος
2969 5130 3134 5182 αὑτοῦ
3182 5131 3423 5199 γίνεται,
3473 5138 3569 5187 καὶ
3623 5134 3815 5185 ἔνεικον

2242 5222 2421 5292 ἑαυτῴ
2446 5222 2667 5288 κτᾶται,
2705 5221 2941 5289 καὶτῆς
2989 5223 3121 5293 παρ’
3177 5221 3343 5275 αὑτοῦ
3392 5224 3553 5287 θείας
3607 5226 3813 5294 χάριτος

2242 5313 2568 5385 πληροῦται,
2605 5316 2699 5368 καὶ
2759 5315 3014 5385 καθάπερ
3048 5316 3080 5386 ή
3122 5315 3310 5383 Μαρία
3348 5316 3540 5369 ἐκεῖνα
3585 5311 3744 5375 εἶδεν,
3785 5307 3816 5361 ἀ

2241 5407 2365 5461 τότε
2390 5406 2440 5459 οἱ
2463 5407 2751 5460 ἀπόστολοι
2771 5406 3082 5475 ἐπεθύμουν
3109 5406 3259 5469 ἰδεῖν,
3275 5404 3454 5470 οὕτως
3473 5400 3633 5469 οὗτος
3648 5406 3811 5456 ἔχειν)

2244 5500 2464 5569 βλέπειν
2495 5501 2591 5552 καὶ
2628 5498 2855 5551 ἐκείνων
2880 5498 3181 5552 ἀπολαύειν
3207 5497 3487 5564 ἀξιοῦται,
3526 5500 3606 5561 εἰς
3646 5500 3680 5549 ἃ
3711 5502 3819 5546 επε-

2242 5591 2499 5660 θυμοῦσι,
2527 5589 2670 5642 κατά
2704 5589 2795 5643 τὸν
2835 5588 3179 5653 Ἀπόστολον,
3226 5587 3456 5656 ἄγγελοι
3481 5582 3814 5657 παρακύψαι,

2241 5687 2338 5737 καὶ
2367 5682 2455 5734 διὰ
2482 5683 2582 5753 τῆς
2611 5682 2748 5751 πρὸς
2796 5680 2937 5734 αὐτὰ
2972 5680 3100 5744 θέας
3132 5681 3228 5733 καὶ
3271 5679 3554 5749 μεθέξεως
3595 5672 3818 5742 θεοειδὴς

2242 5774 2360 5829 ὅλος
2395 5772 2719 5827 ὲκτελεῖται.

2306 5866 2534 5929 Οὐκοῦν,
2585 5866 2843 5934 ἀδελφοὶ,
2890 5867 2988 5929 τὰς
3036 5866 3372 5935 παρειμένας
3431 5864 3576 5935 πρὸς
3632 5854 3819 5929 ἀρετὴν

2237 5959 2390 6030 ὑμῶν
2433 5961 2646 6030 χεῖρας,
2695 5960 2789 6014 καὶ
2828 5961 2893 6014 τά
2940 5959 3367 6029 παραλελυμένα
3405 5959 3616 6024 γόνατα
3669 5956 3818 6017 ἀνορ-
