4046 6436
285 424 400 488 273

1641 423 1978 486 HOMILIA
2014 421 2155 483 ΚΧ.

3451 411 3557 481 Eii

279 538 517 602 θωσατε,
555 535 646 591 καὶ
673 537 896 624 τροχιὰς
924 536 1092 625 ὁρθὰς
1123 538 1328 591 ποιεῖτε
1354 539 1466 602 τοῖς
1501 539 1658 592 ποσὶν
1683 539 1712 590 ὑ
1722 539 1861 608 μῶν,
1897 585 1899 590 ,

2004 538 2199 593 edihus
2222 537 2436 599 vestris.
2466 535 2695 607 ingressi
2722 535 2835 590 vias
2861 535 3076 590 Domini
3135 540 3339 596 rectas,
3391 531 3556 600 justi-

284 631 592 702 βαδίζοντες
612 629 712 693 τὰς
733 612 886 693 ὁδοὺς
901 612 1127 700 ’Κυρίου
1146 630 1245 694 τὰς
1269 630 1507 695 εὐθείας,
1539 631 1639 703 τὴν
1658 632 1870 685 δικαίου

286 723 482 790 σύνην,
503 721 598 791 τὴν
633 721 1011 792 σωφροσύνην,
1039 723 1138 792 τὴν
1171 722 1414 794 ἀγάπην,
1449 724 1550 794 τὴν
1592 724 1868 777 ταπείνω·

290 833 398 882 σιν,
424 816 522 886 τὴν
543 815 800 883 ἀλήθειαν
815 831 829 845 ο
850 815 926 867 διε
937 832 1070 885 στρα
1079 816 1282 885 μμέναι
1313 817 1370 871 δὲ
1393 817 1503 869 ὁδοὶ
1525 819 1744 881 πάντως
1775 819 1871 871 καὶ

293 908 593 972 ακολιαὶ,τὸ
612 907 860 976 μίσος-,τὸ
872 907 1086 977 ψεῦδος,
1106 912 1133 960 ὁ
1145 908 1317 975 δόλος,
1333 910 1361 962 ὁ
1379 910 1592 980 φθόνος,
1611 912 1643 983 ή
1659 912 1874 964 πλεονε-

293 1000 402 1065 ξία,
430 1004 463 1069 ὴ
503 1001 857 1070 ὑπερηφανία
885 1041 898 1064 ,
923 1002 1018 1054 καὶ
1063 1000 1132 1054 τὰ
1162 1003 1530 1074 παραπλήσια
1560 1005 1795 1071 τούτοις,
1838 1005 1874 1060 ἀ

296 1093 374 1163 μὴ
408 1093 565 1163 μόνον
602 1095 975 1164 πραττόμενα,
1007 1094 1146 1149 ἀλλά
1178 1095 1275 1148 καὶ
1319 1096 1484 1163 μόνον
1530 1097 1874 1168 ἀγαπώμενοι

293 1187 392 1241 καὶ
431 1185 787 1256 μελετώμενα
821 1188 963 1240 κατά
993 1188 1139 1256 νοῦν,
1166 1187 1319 1252 ἀξιον
1355 1192 1504 1241 ποιεῖ
1541 1189 1634 1242 τὸν
1667 1190 1879 1261 ἀνθρω-

297 1295 398 1332 πον
424 1281 521 1346 τῆς
549 1278 701 1340 θείας
733 1279 1111 1350 ἀποστροφῆς,
1129 1280 1428 1352 ἐπειδήπερ
1460 1281 1752 1352 ἄνθρωπος
1780 1284 1878 1351 μὲν

297 1373 382 1435 εἰς
411 1371 723 1442 πρόσωπον,
759 1372 895 1436 Θεὸς
937 1372 994 1426 δὲ
1036 1374 1117 1436 είς
1147 1374 1376 1444 καρδίαν
1410 1377 1534 1446 ὁρᾷ,
1583 1377 1678 1429 καὶ
1717 1376 1879 1438 αὐτός

299 1467 446 1517 ἐστιν
481 1467 508 1518 ὁ
541 1465 638 1527 τὰς
663 1465 891 1532 καρδίας
921 1466 1133 1528 ἐτάζων
1164 1468 1258 1518 καὶ
1287 1467 1416 1528 τοὺς
1446 1469 1702 1538 νεφρούς.
1737 1469 1880 1523 Ἀλλ’

302 1557 459 1624 ὑμεῖς
493 1555 872 1626 ἀθροιζόμενοι
903 1560 960 1610 ἐν
993 1560 1080 1628 τῷ
1100 1559 1215 1629 ναῷ
1247 1561 1342 1612 τοῦ
1373 1559 1535 1625 Θεοῦ,
1571 1579 1589 1613 ι
1646 1562 1885 1626 Ἀνοίξω-

306 1648 530 1718 σάμενοι
574 1648 674 1710 τὰς
726 1648 937 1716 ὀσφύας
985 1651 1088 1717 τῆς
1129 1648 1365 1713 διανοίας
1403 1649 1582 1720 ὑμῶν,
1615 1652 1754 1704 κατὰ
1784 1653 1884 1720 τὴν

305 1742 398 1796 τοῦ
443 1744 744 1813 κορυφαίου
778 1743 888 1795 τῶν
937 1743 1253 1796 ἀποστόλων
1289 1743 1498 1813 Πέτρου
1548 1744 1754 1815 φωνὴν,
1790 1746 1886 1798 καὶ

1973 627 2911 695 tiam,castimoniam,charitatem,
2941 626 3331 684 humilitatem.
3356 624 3562 676 verita-

1978 734 2108 786 tem,
2147 721 2321 791 fugite
2367 729 2550 775 autent
2594 720 2708 774 vias
2763 729 3100 774 transversas
3148 729 3201 772 et
3263 716 3557 783 obliquas:

1975 816 2184 876 odium,
2217 812 2586 876 mendacium,
2615 811 2824 877 dolum,
2852 809 3228 870 homicidium,
3254 807 3563 864 avaritiam.

1977 906 2286 977 superbiam
2318 915 2372 961 et
2401 906 2485 961 his
2532 905 2737 960 similia
2769 920 2890 975 qum
2955 919 3062 957 non
3120 902 3297 957 solum
3351 907 3564 970 patrata

1978 1003 2070 1056 sed
2098 1002 2262 1056 etiam
2299 1001 2568 1054 duntaxat
2601 1008 2780 1051 amata
2846 1006 2899 1051 et
2953 998 3004 1049 in
3080 1005 3260 1049 mente
3321 992 3564 1046 revoluta

1980 1096 2260 1151 hominem
2333 1093 2542 1149 faciunt.
2583 1090 2784 1145 divinze
2851 1086 3244 1159 indignationis
3315 1086 3566 1154 dignum.

1984 1191 2197 1245 Etenim
2230 1189 2395 1244 homo
2422 1186 2724 1241 secundum
2793 1182 3010 1266 faciem,
3070 1181 3214 1235 Dens
3261 1178 3564 1235 secundum

1983 1300 2078 1340 cor
2113 1285 2384 1345 intuetur;
2423 1281 2510 1334 hic
2537 1289 2620 1332 est
2649 1288 2901 1332 scrutans
2949 1275 3114 1329 corda
3140 1283 3192 1327 et
3215 1289 3395 1326 renes.
3459 1270 3567 1324 V’ns

1985 1388 2167 1432 autem
2204 1376 2256 1428 in
2302 1375 2404 1428 hoc
2433 1373 2634 1442 templo
2665 1370 2979 1440 congregati
3013 1367 3280 1422 succincti
3355 1365 3570 1418 lumbos

1988 1469 2185 1526 mentis
2217 1479 2431 1532 vestras,
2469 1475 2527 1519 ut
2582 1465 2853 1537 coryphrei
2885 1463 3256 1533 apostolorum
3291 1460 3435 1514 Petri
3480 1474 3574 1510 vo-

1987 1580 2106 1618 cem
2161 1562 2478 1626 adhibeam,
2535 1559 2708 1616 sobrii
2771 1545 3009 1628 perfecte
3064 1567 3284 1626 sperate
3344 1555 3397 1608 in
3455 1569 3574 1605 eam

1989 1672 2110 1726 qua:
2141 1655 2372 1719 offertur
2422 1653 2575 1708 vobis
2629 1655 2860 1722 gratiam
2896 1652 2950 1704 in
3005 1649 3394 1704 revelationem
3445 1643 3578 1699 Jesu

1988 1749 2216 1805 Christi.
2247 1747 2362 1802 Non
2394 1748 2538 1802 enim
2587 1745 2848 1816 possibile
2886 1745 3061 1798 habeo
3117 1744 3170 1797 in
3231 1750 3419 1796 sancta
3488 1738 3580 1790 ltei

305 1834 568 1902 νήφοντες
595 1833 838 1898 τελείως,
871 1832 1129 1885 ἐλπίσατε
1160 1833 1255 1885 ἐπὶ
1282 1831 1379 1903 τὴν
1406 1833 1723 1902 φερομένην
1755 1833 1784 1884 ὐ
1795 1835 1886 1902 μίν

2004 1840 2222 1897 acclesia
2262 1847 2495 1894 stantem
2523 1881 2536 1904 ,
2595 1849 2945 1906 mentemque
2995 1837 3064 1892 ab
3121 1836 3321 1892 alienis
3354 1847 3583 1888 revoca-

307 1925 464 1995 χάριν
498 1927 554 1978 ἐν
611 1925 956 1995 ἀποκαλύψει
1009 1923 1184 1993 Ἰησοῦ
1221 1925 1486 1995 Χριστοῦ.
1537 1944 1556 1977 ι
1609 1926 1746 1978 Οὐδὲ
1779 1925 1886 1995 γάρ

311 2021 428 2070 ἐστι
454 2019 675 2072 δυνατὸν
727 2019 818 2070 τὸν
845 2020 937 2072 ἐπὶ
966 2020 1065 2091 τῆς
1102 2020 1252 2089 ἱερᾶς
1282 2019 1378 2072 τοῦ
1423 2018 1559 2074 Θεοῦ
1591 2021 1890 2090 ἐκκλησίας

310 2113 544 2177 ἑστῶτα,
593 2115 687 2165 καὶ
721 2115 1024 2183 συνάγοντα
1063 2114 1156 2168 τὸν
1203 2115 1404 2167 οίκεϊον
1433 2115 1559 2168 νοῦν
1602 2115 1699 2168 καὶ
1754 2114 1894 2185 πρὸς

312 2207 404 2258 τον
432 2205 562 2258 Θεὸν
605 2206 980 2273 ἀνατείνοντα,
1011 2207 1105 2260 καὶ
1159 2205 1256 2280 τὴν
1287 2207 1529 2261 διάνοιαν
1569 2207 1678 2262 τῶν
1731 2207 1895 2278 ίερῶν

315 2302 576 2374 ᾀσμάτων
604 2302 697 2355 ἀπ’
733 2301 911 2374 ἀρχῆς
949 2301 1080 2371 ἀχρι
1126 2300 1312 2362 τέλους
1362 2299 1752 2370 ἐμμελετῶντα
1799 2300 1897 2352 καὶ

320 2395 746 2464 προσανέχοντα,
781 2393 857 2465 μὴ
887 2393 986 2464 τὴν
1014 2392 1167 2448 θείαν
1193 2391 1481 2447 ἀλλοίωσιν
1508 2389 1896 2459 ἀλλοιωθῆναι,

317 2487 600 2556 ἀναλόγως
627 2490 692 2558 τῇ
717 2487 854 2558 προς
880 2486 971 2540 τὸν
985 2485 1118 2540 Θεὸν
1136 2485 1316 2540 καὶτὰ
1342 2485 1462 2539 θεία
1483 2485 1640 2554 λόγια
1662 2484 1862 2556 μελέτῃ
1881 2497 1896 2514 ⁸

319 2578 502 2652 Θέρμη
542 2581 700 2651 120
751 2580 857 2654 γάρ
908 2597 993 2644 τις
1025 2579 1304 2649 ἐγγίνεται
1333 2581 1398 2651 τῇ
1451 2579 1652 2650 καρδίᾳ
1683 2580 1772 2633 διὰ
1803 2581 1903 2648 τῆς

325 2673 558 2740 μελέτης
603 2672 828 2742 ταύτης,
885 2673 960 2736 ὡς
1009 2673 1172 2741 μυίας
1220 2672 1347 2736 τοὺς
1393 2672 1668 2742 πονηροὺς
1701 2673 1905 2725 ἀποσο-

324 2766 498 2819 ϐοῦσα
528 2767 846 2838 λογισμοὺς,
873 2767 968 2821 καὶ
993 2766 1373 2838 πνευματικὴν
1412 2767 1639 2837 εἰρήνην
1673 2769 1769 2819 καί
1802 2783 1906 2820 πα-

324 2861 596 2932 ράκλησιν
629 2861 934 2931 ἐμποιοῦσα
968 2865 1038 2934 τῇ
1070 2862 1241 2934 ψυχῇ,
1276 2863 1372 2916 καὶ
1400 2863 1494 2915 τὸν
1527 2862 1802 2932 ἀγιασμδν
1828 2861 1907 2932 τῷ

325 2951 544 3026 σώματι
604 2954 941 3023 παρέχουσα,
997 2955 1138 3008 κατά
1197 2955 1288 3007 τὸν
1331 2955 1594 3008 εἰπόντα·
1655 2974 1674 3006 r
1721 2955 1910 3022 Ἐθερ-

331 3044 516 3115 μάνθη
559 3046 820 3117 ήκαρδία
868 3064 970 3118 μου
1016 3049 1166 3112 ἐντός
1205 3066 1332 3116 μου,
1374 3049 1470 3100 καὶ
1512 3050 1571 3102 ἐν
1605 3050 1672 3119 τῇ
1709 3049 1911 3122 μελέτῃ

334 3152 440 3204 μου
472 3137 874 3206 ἐκκαυθήσεται
910 3139 1038 3207 πῦρ.
1081 3155 1098 3189 ι
1135 3139 1244 3191 Καὶ
1267 3137 1425 3191 τοῦτὸ
1462 3141 1609 3191 ἐστιν
1641 3138 1668 3191 ὂ
1703 3139 1797 3191 καί
1829 3158 1912 3204 τις

1993 1945 2102 1990 tam
2133 1934 2198 1987 ad
2229 1934 2394 1996 Deum
2421 1931 2790 1986 attendentem
2823 1939 2875 1983 et
2906 1929 3243 1997 cogitatione
3302 1942 3582 1981 sacrorum

1993 2027 2302 2082 carminum
2330 2041 2357 2078 a
2386 2023 2660 2094 principio
2707 2024 2771 2078 ad
2803 2023 2962 2076 linem
2991 2021 3294 2076 exercitum
3331 2029 3381 2074 et
3421 2033 3589 2071 oecu-

1994 2128 2182 2189 patum
2208 2117 2390 2170 divina
2415 2116 2778 2170 conversione
2815 2130 2923 2168 non
2961 2113 3227 2178 converti,
3281 2113 3594 2180 pariterque

1997 2229 2095 2282 per
2123 2211 2536 2264 meditationem
2603 2209 2695 2265 Dei
2728 2217 2782 2262 et
2850 2207 3160 2261 divinorum
3213 2206 3592 2264 oraculorum.

2001 2305 2114 2358 llac
2154 2305 2302 2358 enim
2333 2303 2688 2358 meditatione
2750 2317 2848 2356 cor
2878 2301 3172 2370 cujuslibet
3224 2301 3469 2362 exardet,
3505 2315 3598 2351 ve-

2001 2399 2082 2452 lut
2114 2397 2310 2452 noxias
2343 2411 2564 2450 muscas
2589 2403 2741 2450 arcet
2776 2409 2973 2463 pravas
3032 2393 3417 2463 cogitationes,
3485 2391 3597 2458 spi-

2003 2490 2256 2544 ritualcm
2321 2503 2507 2555 pacem
2540 2496 2594 2540 ct
2658 2485 2982 2542 solationem
3043 2486 3239 2538 anima:
3303 2483 3500 2552 ingerit
3547 2489 3602 2535 et

2005 2583 2220 2652 corpori
2259 2581 2545 2636 sanitatem
2565 2580 2815 2650 largitur,
2839 2589 2999 2649 prout
3028 2577 3261 2632 dicitur:
3291 2576 3604 2631 «Concaluit

2008 2695 2104 2733 cor
2136 2693 2314 2732 meum
2373 2676 2514 2729 intra
2574 2690 2682 2740 me,
2718 2683 2770 2728 et
2824 2675 2876 2726 in
2916 2672 3270 2728 meditatione
3326 2687 3445 2724 mea
3508 2687 3603 2726 ex-

2011 2771 2269 2826 ardescet
2305 2768 2502 2839 ignis.»
2539 2765 2653 2819 Hoc
2686 2774 2768 2820 est
2800 2764 2948 2834 quod
2981 2779 3123 2822 unus
3151 2779 3215 2816 ex
3248 2762 3389 2818 divis
3425 2760 3606 2815 Patri-

2015 2865 2117 2917 hus
2146 2877 2246 2917 nos
2282 2859 2502 2922 docuit,
2527 2857 2721 2912 dicens
2758 2873 2770 2910 :
2803 2853 2967 2916 Omni
3004 2855 3187 2912 studio
3237 2854 3516 2918 incumbe,
3552 2864 3608 2905 ut

2014 2959 2245 3012 internae
2281 2953 2634 3024 Operationes
2669 2961 2776 3006 tuae
2818 2950 2930 3010 sint
2965 2952 3266 3008 secundum
3306 2947 3498 3007 Deum,
3555 2957 3609 3002 et

2014 3051 2096 3104 sic
2131 3049 2316 3104 vinces
2352 3056 2611 3102 externas
2637 3045 2990 3115 cupiditates.
3029 3042 3258 3116 Magnus
3283 3057 3410 3094 vero
3466 3043 3608 3095 Pull-

2015 3145 2102 3200 lus
2142 3144 2208 3199 ad
2243 3157 2341 3198 nos
2367 3155 2686 3202 conversus,
2728 3157 2745 3189 ι
2779 3137 3008 3207 Spiritu,
3044 3134 3250 3205 inquit,
3302 3133 3610 3191 ambulate.

329 3229 447 3282 τῶν
483 3230 754 3298 θεοφόρων
790 3232 1050 3300 Πατέρων
1087 3231 1324 3298 ἐδίδαξεν
1357 3232 1505 3301 ἡμᾶς
1538 3230 1712 3299 λέγων
1738 3247 1752 3262 ⁶
1793 3233 1899 3286 Πᾶε

2018 3246 2072 3292 et
2095 3234 2368 3295 desideria
2389 3234 2572 3288 carnis
2593 3245 2660 3284 nc
2687 3227 2986 3298 perticiatis
3018 3227 3126 3279 ".i
3159 3224 3453 3294 Propterea
3486 3223 3612 3276 alibi

338 3324 440 3376 civ
476 3341 569 3381 σου
616 3325 854 3396 σπουδὴν
876 3326 1126 3396 ποίησον,
1158 3327 1246 3378 ἵνα
1280 3326 1313 3393 ἡ
1353 3325 1502 3378 ἔνδον
1548 3343 1643 3379 σου
1679 3327 1914 3396 ἐργασία

337 3418 483 3469 κατά
515 3415 644 3468 Θεδν
673 3415 728 3488 ᾖ,
754 3419 849 3470 καὶ
880 3418 1125 3488 νικήσεις
1155 3419 1225 3471 τὰ
1255 3418 1358 3481 ἔξω
1387 3419 1558 3488 παθη.
1589 3419 1731 3489 Πρὸς
1758 3419 1916 3474 τοῦτο

339 3511 436 3562 καὶ
468 3509 496 3562 ὁ
533 3513 705 3578 μέγας
745 3509 954 3572 Παῦλος
997 3512 1145 3580 ἡμᾶς
1174 3513 1657 3582 προτρεπόμενος·
1700 3531 1718 3564 t
1745 3514 1916 3567 [Ῑνεύ-

348 3620 499 3670 ματι,
537 3605 692 3676 φησὶ,
724 3621 964 3673 περιπατ
997 3607 1076 3656 ἰτε
1099 3644 1113 3668 ,
1147 3609 1240 3658 καὶ
1289 3607 1590 3677 ἐπιθυμίαν
1624 3609 1831 3680 σαρκὸς
1857 3610 1918 3664 οῦ

353 3699 426 3766 μὴ
444 3699 718 3767 τελέσητε.
735 3718 750 3749 ι
775 3701 864 3752 Διὸ
889 3703 981 3753 καὶ
1001 3701 1235 3769 ἀλλαχοῦ
1259 3701 1632 3772 παραγγέλλει
1651 3704 1882 3775 γράφων
1907 3719 1918 3733 ·

362 3807 382 3838 ι
415 3791 576 3859 Στῆτε
597 3793 1032 3862 περιζωσάμενοι
1056 3793 1154 3856 τὴν
1179 3794 1350 3862 ὀσφῦν
1369 3794 1524 3864 ὑμῶν
1545 3796 1604 3848 ἐν
1623 3797 1851 3868 ἀληθείᾳ
1869 3815 1882 3829 ο
1897 3815 1920 3850 ι

364 3877 433 3937 ὡς
464 3881 551 3932 τοῦ
599 3883 861 3953 λογισμοῦ
919 3885 1297 3954 στρ;φομένου
1348 3885 1478 3955 περὶ
1529 3885 1597 3939 τά
1651 3885 1793 3955 θεῖα,
1830 3889 1927 3942 καὶ

360 3974 758 4042 παραμένοντος
806 3976 872 4045 τῇ
910 3979 1050 4028 κατᾶ
1092 3977 1223 4030 Θεὸν
1265 3977 1512 4048 ἀληθείᾳ,
1559 3979 1620 4031 τδ
1655 3980 1929 4054 ἐπιθυμη-

2019 3345 2124 3386 nos
2152 3329 2410 3386 admouet
2441 3325 2630 3384 dicens
2663 3342 2676 3378 :
2722 3341 2739 3373 ι
2771 3321 2922 3390 State
2945 3335 3077 3389 ergo
3100 3318 3362 3376 succincti
3397 3317 3614 3380 lumbos

2021 3425 2076 3478 in
2109 3422 2342 3478 veritate
2369 3419 2436 3484 θ’,
2469 3436 2487 3470 ›
2514 3416 2671 3486 quasi
2705 3425 2887 3468 mente
2915 3414 2981 3470 ad
3025 3412 3193 3466 Deum
3251 3425 3514 3464 conversa
3565 3417 3618 3461 rt

2023 3517 2380 3584 permanente
2412 3507 2470 3564 in
2496 3506 2725 3561 veritate
2783 3518 2905 3581 qua:
2939 3513 3022 3559 est
3057 3501 3357 3557 secundum
3417 3499 3617 3566 Deum,

2027 3603 2225 3658 animae
2283 3598 2552 3656 desideria
2636 3595 2775 3663 regit
2825 3593 3016 3663 eisque
3078 3592 3344 3660 invigilat,
3389 3600 3441 3644 et
3499 3606 3621 3642 rar-

2026 3695 2180 3750 nales
2256 3688 2734 3759 concupisvcntias
2817 3695 3055 3746 coercet.
3140 3683 3269 3749 lude
3355 3682 3619 3752 repressis

2029 3786 2342 3846 carnalibus
2377 3779 2872 3852 __cogitationibus,
2955 3777 3022 3831 iis
3087 3790 3315 3830 vacuam
3379 3775 3618 3827 animam

2032 3883 2282 3952 ingressa
2319 3877 2558 3948 Spiritus
2593 3874 2792 3946 gratia,
2827 3887 2947 3926 eam
3000 3868 3244 3939 disponit
3306 3868 3378 3923 ad
3441 3866 3622 3920 futura

2033 3983 2088 4030 et
2119 3969 2412 4028 ineﬂ'abilia
2443 3968 2584 4023 dona
2621 3964 2977 4036 gustandum,
3003 3978 3122 4032 qua:
3160 3960 3276 4030 vagi
3309 3970 3360 4014 et
3393 3959 3624 4029 inquieti

2037 4067 2138 4120 viri
2177 4063 2373 4120 oculus
2413 4075 2520 4116 non
2551 4059 2704 4124 vidit,
2732 4072 2830 4111 nec
2858 4055 3008 4110 auris
3040 4053 3272 4120 au.livi',
3305 4067 3408 4109 nec
3443 4053 3497 4106 in
3527 4067 3624 4107 (τοι-

2041 4159 2166 4212 talis
2201 4153 2440 4211 hominis
2466 4151 2859 4207 ascenderunt.
2910 4149 3012 4216 Qui
3047 4156 3242 4218 gustus
3267 4157 3348 4202 est
3400 4161 3628 4200 eorum-

2042 4251 2163 4308 dem
2194 4250 2463 4303 bonorum
2529 4243 2788 4308 arrhabo,
2849 4251 2905 4296 et
2939 4241 3074 4296 tales
3135 4240 3476 4294 arrhabones
3532 4255 3628 4293 cor

353 4349 456 4416 τὴν
488 4347 667 4418 ψυχὴν
704 4351 1022 4420 ἠρεμοῦσαν
1053 4354 1084 4422 ἡ
1115 4352 1208 4406 τοῦ
1261 4353 1577 4422 Πνεύματος
1610 4355 1795 4424 χάρις,
1825 4357 1899 4408 τῶ

2042 4342 2356 4412 suscipiens
2382 4338 2671 4410 spirituale
2714 4335 2975 4399 efficitur,
3006 4333 3314 4402 salutisque
3360 4348 3475 4387 sua:
3534 4334 3629 4386 tir-

358 4443 664 4510 μελλοντων
686 4445 909 4498 ἐκείνων
944 4446 1038 4497 καὶ
1065 4447 1390 4516 ἀπορρήτων
1418 4448 1658 4515 ἀγαίίῷν,
1690 4447 1723 4502 ἀ
1743 4449 1899 4518 ἀρθα]

2043 4449 2188 4487 mam
2225 4431 2469 4499 concipit
2533 4427 2836 4483 fidentiam.
2898 4425 3145 4493 Namque
3207 4425 3250 4477 si
3319 4423 3445 4492 quis
3515 4424 3634 4477 vult.

362 4541 463 4606 μος
503 4538 782 4606 ἐμπαθοῦς
834 4539 928 4592 καὶ
984 4539 1221 4609 ἀμελοῦς
1257 4541 1356 4593 οῦκ
1391 4537 1518 4605 εἶδε,
1552 4544 1647 4594 καὶ
1700 4539 1793 4604 οῦς
1837 4543 1896 4596 οὐ

2004 4567 2014 4612 γ
2044 4525 2310 4594 consequi
2341 4532 2395 4578 et
2420 4520 2657 4593 perfecte
2686 4519 2753 4574 de
2782 4510 3167 4587 spiritualibus
3203 4517 3322 4570 istis
3363 4515 3632 4570 arrhabo-

359 4630 600 4698 ἤκουσε,
657 4631 754 4684 καὶ
813 4632 905 4685 ἐπὶ
965 4633 1194 4702 καρδίαν
1254 4633 1544 4703 ἀιθρὼπου
1611 4636 1713 4686 οὐκ
1771 4635 1899 4687 ἀνέὸ

2004 4609 2008 4612 ⁷
2045 4620 2208 4673 nibus
2239 4618 2472 4680 discere,
2508 4624 2866 4670 conversetur
2892 4613 3128 4682 qualiter
3158 4609 3439 4682 extemplo
3494 4610 3634 4663 indi~

359 4723 606 4774 τοιούτου
629 4739 643 4753 ·
673 4724 771 4776 καὶ
803 4724 836 4795 ἡ
875 4723 1061 4792 γεῦσις
1090 4724 1231 4791 αῦτη
1261 4725 1520 4795 ἀρραϐών
1553 4727 1700 4778 ἐλτιν
1736 4727 1899 4778 αῦτῶι

2043 4711 2190 4764 cavit
2217 4719 2270 4763 et
2292 4709 2469 4762 verbis
2495 4705 2585 4761 Ver
2604 4707 2731 4760 btnn
2751 4706 2961 4760 docuit.
2987 4704 3061 4760 lla
3093 4704 3238 4758 enim
3264 4703 3508 4758 concivis
3531 4707 3636 4757 erit

363 4815 462 4868 καὶ
517 4817 551 4887 ἡ
600 4819 726 4878 τοῦς
783 4817 1113 4888 ἀρραϐῶνας
1162 4818 1372 4872 τούτων
1423 4820 1688 4890 δεχομένη
1743 4819 1899 4890 καρδί

2045 4815 2358 4858 sanctorum
2387 4800 2506 4863 Dei,
2542 4813 2753 4853 necnon
2792 4797 3064 4866 particeps
3094 4797 3160 4850 ab
3202 4796 3335 4865 ipsis
3401 4802 3637 4865 promi5«

365 4911 712 4982 πνευματικὴ
739 4911 966 4976 γίνεται,
994 4910 1088 4964 καὶ
1119 4911 1218 4981 τῆς
1259 4913 1466 4974 οἰκείας
1505 4912 1781 4982 σωτηρίας
1795 4913 1899 4981 λαμ

2046 4912 2232 4952 sorntn
2292 4894 2612 4964 perennium
2644 4901 2697 4946 et
2749 4889 3110 4944 ineffahiiiunt
3175 4891 3477 4953 donorum,
3514 4906 3636 4958 qua:

365 5002 521 5055 ϐἀνει
550 5001 942 5071 πληροφορίαν.
974 5001 1184 5054 Οὐκοῦν
1212 5002 1265 5054 εἴ
1291 5019 1374 5064 τις
1403 5003 1577 5056 ἐθέλοι
1605 5003 1702 5074 τὴν
1736 5003 1899 5073 πληρε

2046 5006 2145 5042 nos
2177 5004 2368 5041 omnes
2407 4987 2670 5054 consequi
2722 4985 2992 5038 concedat.
3049 4982 3224 5053 gratia
3277 4992 3329 5036 et
3385 4983 3636 5051 benigni-

369 5095 563 5165 qopiav
584 5096 787 5164 ταύτην
811 5097 1135 5166 κτήσασθαι,
1158 5098 1254 5148 καὶ
1277 5097 1406 5164 περί
1427 5097 1534 5148 τῶν
1555 5095 1899 5164 πνευματικᾶ

2048 5095 2128 5136 tas
2156 5081 2367 5136 Domini
2397 5081 2571 5134 nostri
2608 5076 2736 5130 Jesu
2775 5077 3008 5142 Christi,
3068 5075 3156 5131 cui
3208 5075 3403 5145 gloria,
3441 5073 3633 5134 virtus,

369 5186 706 5257 ἀρῤαὸὡνων
757 5187 960 5241 τούτων
1013 5187 1259 5258 ἀκριϐῶς
1313 5187 1529 5257 μαθεῖν,
1578 5187 1894 5241 πολιτευέσθ

2049 5175 2224 5230 honor
2255 5184 2306 5228 et
2331 5171 2583 5228 adoratio
2614 5186 2738 5226 cum
2767 5181 2972 5224 aeterno
3003 5168 3125 5238 ejus
3158 5167 3316 5222 Patre
3348 5176 3400 5220 et
3458 5165 3635 5218 viriti-

368 5280 621 5350 καθάπερ
681 5279 776 5333 νῦν
815 5280 1137 5350 ὑφηγήσατο
1192 5281 1287 5334 καὶ
1336 5281 1620 5347 ὑπέδειξεν
1665 5280 1694 5330 ὁ
1745 5279 1899 5348 λόγος

2048 5277 2208 5323 caute
2239 5267 2448 5338 Spiritu
2482 5280 2625 5320 nunc
2655 5271 2708 5319 et
2740 5278 2958 5331 semper
3008 5275 3054 5315 et
3097 5261 3147 5313 iu
3211 5257 3408 5314 saecula
3462 5271 3636 5310 εωοιι-

369 5371 514 5424 οῦτω
569 5371 678 5440 γὰρ
733 5370 828 5423 καὶ
876 5371 1219 5439 συμπολίτης
1265 5369 1417 5422 ἔσται
1473 5369 1580 5424 τῶν
1626 5367 1801 5438 ἁγίων
1849 5386 1899 5422 τε

2048 5367 2250 5422 lorum.
2284 5363 2481 5416 Amen.

371 5465 542 5532 Hac-3,
602 5469 696 5519 καὶ
757 5469 1009 5529 κοινωνὸς
1060 5467 1169 5520 τὼν
1223 5467 1656 5538 ἐπηγγελμένων
1708 5467 1943 5529 ἐκείνοις
1983 5464 2219 5519 αἰωνίων
2250 5449 3093 5530 τιαὶάπορρἡωνἀγαθῶνοᾶιν
3156 5452 3368 5520 γένοιτο
3431 5447 3636 5509 πάντας

372 5564 518 5631 ἡμᾶς
548 5565 825 5631 ἐπιτυχεῖν
854 5563 1038 5632 χάριτι
1067 5563 1164 5615 καὶ
1195 5560 1580 5634 φιλανθρωπίᾳ
1611 5561 1704 5614 τοῦ
1740 5562 1948 5632 Κυρίου
1981 5559 2139 5630 ἡμῶν
2185 5554 2356 5627 Ἰησοῦ
2405 5553 2644 5623 Χριστοῦ
2673 5594 2685 5615 ,
2726 5545 2770 5619 ᾧ
2832 5552 3031 5620 πρέπει
3061 5547 3208 5613 δῦξα,
3239 5545 3440 5616 κράτος
3463 5586 3476 5608 ν
3505 5546 3640 5615 τιμὴ

375 5662 468 5710 καὶ
510 5656 904 5728 προσκύνησις,
945 5655 1043 5708 σὺν
1074 5654 1151 5724 τῷ
1191 5654 1414 5726 ἀνάρχῳ
1459 5655 1623 5708 αὐτοῦ
1672 5655 1845 5725 [Ιατρὶ
1880 5655 1972 5708 xtl.
2005 5651 2258 5722 ζωοποιῷ
2291 5649 2592 5720 Πικεύματι,
2640 5647 2737 5701 νῦν
2775 5645 2869 5699 καὶ
2899 5644 2984 5698 ἀεὶ
3027 5643 3118 5694 καὶ
3160 5642 3236 5704 είς
3272 5641 3398 5704 τοὺς
3440 5638 3643 5700 αἰῶνας

373 5754 480 5806 τῶν
510 5751 744 5805 αἰώνων.
792 5751 982 5820 ⁸λιμήν.

354 4070 502 4120 τικον
531 4071 626 4140 τῆς
651 4071 828 4141 ψυχῆς
859 4074 1150 4149 ἐπέχοντος
1179 4074 1274 4127 καὶ
1308 4075 1692 4144 περιέποντος,
1717 4079 1932 4141 καὶτὰς

358 4165 627 4229 σαρκικάς
668 4165 964 4234 ἐπ.θυμίας
998 4167 1396 4234 ἀπωθουμένου
1433 4184 1447 4199 ’
1484 4169 1592 4222 τῶν
1637 4170 1690 4222 δὲ
1739 4189 1932 4242 σαρκι-

354 4255 468 4306 κῶν
497 4255 772 4325 λογισμῶν
806 4258 1177 4325 παυσαμένων
1208 4259 1299 4328 ἀφ’
1321 4259 1500 4330 ἡμῶν,
1538 4262 1935 4330 παραλαϐοῦσα

452 5918 494 5948 ³⁸
537 5915 718 5970 Galat.
758 5931 808 5979 v,
1012 5913 1280 5982 "lipbcs.
1321 5928 1393 5980 vt,
1444 5913 1526 5966 14.
