4046 6436
261 423 365 490 277

1605 401 1931 465 IIOMILH
1977 398 2138 460 XXI.

3443 383 3550 448 278

265 541 358 595 καὶ
407 534 727 604 ἀναλήψεων
765 531 1020 599 οὐδεμίαν
1052 530 1212 595 ἡμεῖς
1250 523 1600 592 ἑορτάζομεν,
1639 521 1712 580 ώς
1747 520 1844 585 τὴν

1963 520 2416 573 ηιιειεριξηδίοιιιιιιι
2487 519 2688 573 nullam
2747 517 3088 573 celebramus
3131 509 3278 564 velut
3327 505 3539 562 Domini

261 633 355 686 τοῦ
385 630 592 700 Κυρίου
634 626 935 681 ἀνάστασιν
967 622 1062 673 καὶ
1111 616 1403 685 ἀνάληψιν,
1442 615 1564 666 ἐπεὶ
1598 613 1692 664 καὶ
1737 610 1842 661 τῶν

264 724 440 780 ἄλλων
497 721 719 772 ἐκείνων
771 715 895 769 οὔτε
961 715 1298 783 μετέχομεν,
1358 706 1480 759 οὒτε
1547 704 1842 774 μεθέξομεν

262 821 448 890 ἡμεῖς.
509 809 855 881 Ὧφελήμεθα
882 807 938 860 δὲ
970 807 1029 870 ἐξ
1063 805 1244 857 αὐτῶν
1289 802 1440 855 οὐδὲν
1487 799 1671 862 πλέον,
1717 797 1750 865 ἢ
1787 796 1844 846 τὸ

263 908 401 978 πρὸς
460 905 642 956 πίστιν
705 896 1006 964 ἀνάγεσθαι
1072 896 1170 963 τῆς
1226 890 1321 944 τοῦ
1376 888 1629 958 Σωτῆρος
1684 884 1844 954 ἡμῶν

263 993 614 1054 ἀναστάσεώς
650 1008 707 1042 τε
739 991 832 1043 καί⁸
861 985 1204 1056 ἀναλήψεως,
1243 981 1312 1051 ἦς
1357 983 1452 1034 καὶ
1502 978 1802 1048 μετέχομεν
1825 1015 1838 1036 ,

262 1091 360 1144 καὶ
402 1087 697 1157 μεθέξομεν
721 1083 996 1142 ἆπαντες*
1042 1078 1182 1146 αὕτη
1217 1077 1325 1146 γάρ
1357 1075 1458 1144 τῆς
1493 1073 1708 1142 φύσεως
1745 1074 1843 1139 τῆς

264 1185 614 1253 ἀνθρωπίνης
642 1179 940 1242 ἀνάστασίς
976 1179 1090 1230 ἐστι
1147 1179 1240 1228 καὶ
1281 1171 1571 1241 ἀνάληψις.
1617 1171 1714 1222 καί.
1747 1168 1844 1234 οὐχ

264 1281 456 1340 ἀπλῶς
493 1277 593 1348 τῆς
639 1272 989 1342 ἀνθρωπίνης
1031 1269 1269 1340 φύσεως,
1311 1265 1449 1320 ἀλλά
1485 1263 1579 1317 καὶ
1619 1260 1728 1314 τῶν
1765 1259 1846 1320 είς

250 1374 504 1446 ’Χριστὸν
536 1368 929 1428 πιστευόντων,
963 1365 1057 1418 καὶ
1083 1363 1183 1430 τὴν
1221 1361 1406 1413 πίστιν
1427 1357 1496 1412 δι’
1520 1357 1700 1427 ἔργων
1727 1356 1848 1407 ὲπι-

263 1466 630 1536 δεικνυμένων
660 1464 893 1516 ἑκάστου
914 1476 929 1492 ⁸
980 1459 1008 1512 ὃ
1033 1459 1141 1528 γὰρ
1168 1455 1384 1524 γέγονε,
1419 1453 1486 1507 δι’
1516 1452 1665 1522 ἡμᾶς
1687 1449 1846 1516 γέγο-

264 1579 356 1615 νεν
401 1563 428 1613 ὁ
459 1558 684 1629 Κύριος,
733 1553 1032 1622 ἀγέννητός
1072 1567 1133 1603 τε
1165 1550 1260 1601 καὶ
1287 1547 1543 1606 ἀκτιστος
1585 1541 1662 1596 ὣν
1705 1541 1846 1594 κατά

266 1653 367 1722 τὴν
406 1651 614 1704 οἰκείαν
659 1647 929 1713 θεότητα·
974 1643 1070 1696 καὶ
1113 1640 1176 1693 ὃν
1214 1640 1376 1704 ἔζησε
1425 1636 1562 1705 βίον,
1603 1636 1670 1688 δι’
1698 1635 1846 1702 ἡμᾶς

265 1738 849 1811 ἔζησεντρίϐονλήμῖν
888 1731 1212 1794 ὑποδεικνὺς
1242 1729 1340 1800 τὴν
1370 1731 1506 1800 πρὸς
1547 1730 1645 1794 τὴν
1676 1726 1848 1786 ὅντως

267 1836 414 1901 ζωὴν
457 1833 835 1894 έπανάγουσαν
865 1843 878 1856 ·
907 1828 1001 1880 καὶ
1045 1826 1192 1895 άπερ
1232 1822 1402 1876 ἔπαθε
1436 1824 1500 1892 τῇ
1537 1821 1726 1890 σαρκὶ,
1777 1817 1845 1870 δι’

267 1927 418 1994 ἡμᾶς
454 1923 645 1989 ἔπαθε,
677 1921 744 1974 τὰ
779 1919 936 1991 ήμῶν
967 1914 1262 1986 ἐξιώμενος
1295 1913 1467 1979 πάθη,
1495 1913 1587 1965 καὶ
1626 1909 1713 1963 διά
1746 1908 1843 1971 τὰς

265 2017 543 2087 ἡμετέρας
575 2012 846 2084 ἁμαρτίας
878 2009 1020 2081 ἢχθη
1064 2011 1144 2070 είς
1187 2006 1436 2067 θάνατον,
1481 2003 1576 2056 καὶ
1604 2001 1672 2054 δι’
1697 2001 1846 2073 ἡμᾶς

270 2108 470 2175 ἀνέστη
516 2105 608 2159 καὶ
657 2101 955 2172 ἀνελήφθη,
999 2097 1411 2168 προοικονομῶν
1459 2097 1592 2164 ήμϊν
1637 2093 1733 2162 τὴν
1767 2093 1847 2153 εἰς

267 2199 527 2269 ἀπείρους
573 2195 777 2257 αίῶνας
826 2193 1122 2246 ἀνάστασιν
1169 2193 1262 2244 καὶ
1299 2186 1600 2256 ἀνάληψιν·
1648 2186 1848 2246 πάντες

266 2295 379 2365 γὰρ
406 2295 454 2346 οί
478 2290 800 2361 κληρονόμοι
828 2292 926 2354 τῆς
951 2286 1095 2356 ζωῆς
1117 2285 1322 2354 ταύτης
1349 2281 1664 2353 μιμοῦνται,
1689 2277 1850 2332 καθό-

269 2403 363 2440 σον
394 2385 528 2448 ὲστὶ,
561 2382 660 2452 τὴν
692 2379 970 2433 πολιτείαν
1003 2379 1101 2446 τῆς
1134 2379 1227 2429 ἐπὶ
1261 2376 1365 2444 γῆς
1402 2370 1718 2441 οἰκονομίας
1754 2372 1851 2422 αὑ-

268 2478 386 2531 τοῦ.
420 2476 636 2544 Ταύτης
668 2474 722 2526 δὲ
754 2472 855 2543 τῆς
886 2471 1173 2540 μιμήσεως
1214 2469 1359 2538 ἀρχὴ
1409 2467 1508 2536 μὲν
1555 2465 1686 2534 ἡμῖν
1735 2465 1851 2514 ἐστι

270 2572 332 2622 τὸ
362 2569 514 2637 am.
547 2567 854 2636 βάπτισμα,
890 2562 1058 2624 τύπος
1089 2561 1148 2614 ὃν
1177 2559 1275 2628 τῆς
1307 2557 1400 2611 τοῦ
1429 2556 1636 2625 Κυρίου
1669 2553 1849 2622 ταφῆς

272 2680 331 2716 τε
362 2665 456 2716 καὶ
478 2660 845 2724 ἀναστάσεως,
899 2655 1135 2725 μεσότης
1159 2653 1224 2726 ,δὲ
1255 2656 1280 2706 ὁ
1309 2651 1467 2720 122
1501 2648 1623 2701 κατ’
1651 2647 1854 2716 ἀρετὴν

279 2756 412 2823 βίος,
442 2754 536 2805 καὶ
564 2754 596 2822 ή
629 2750 770 2803 κατά
804 2750 863 2801 τὸ
898 2747 1230 2813 Εὐαγγέλιον
1257 2743 1524 2807 πολιτεία,
1559 2739 1713 2801 τέλος
1742 2739 1799 2790 δὲ
1822 2740 1855 2808 ή

274 2848 365 2901 διὰ
396 2846 501 2899 τῶν
524 2841 906 2913 πνευματικῶν
931 2839 1160 2908 ἀγώνων
1187 2837 1331 2891 κατά
1349 2836 1459 2890 τῶν
1491 2833 1682 2888 παθῶν
1707 2833 1854 2902 νίκη,

274 2938 422 3007 ζωὴν
466 2937 801 3006 προξενοῦσα
837 2934 934 3005 τήν
974 2933 1246 2987 ἀνώδυνον
1293 2930 1388 2984 καὶ
1422 2928 1730 2997 ἀνώλεθρον
1763 2929 1860 2978 κοιλ⁵

270 3031 527 3100 οὐράνιον
550 3045 566 3061 ο
599 3027 851 3096 καθάπερ
883 3026 978 3079 καὶ
1006 3027 1034 3078 ό
1071 3021 1399 3084 ’Δπόστολος
1422 3024 1557 3090 πρὸς
1586 3019 1733 3089 ἡμᾶς
1760 3035 1862 3086 φη-

275 3143 386 3188 σιν,
411 3125 491 3176 ὅτι.
530 3141 548 3172 ι
585 3120 644 3174 El
670 3119 807 3174 κατά
834 3118 1012 3188 σάρκα
1037 3115 1189 3184 ζῆτε,
1219 3113 1439 3185 μέλλετε
1463 3111 1827 3180 ἀποθνήσκειν
1845 3123 1858 3138 °

1957 612 2422 667 resurrectionem
2456 621 2510 664 et
2543 613 2951 670 ascensionem,
2990 621 3112 661 eum
3147 603 3362 656 illarum
3400 615 3542 667 pra:-

1953 716 2032 757 tet‘
2058 719 2176 756 eam
2213 702 2507 770 participes
2549 718 2646 756 nec
2687 717 2879 756 sumus
2913 715 3008 752 nec
3034 698 3263 750 erimus.
3307 692 3448 745 Nihil
3478 706 3545 742 ex

1952 798 2059 852 illis
2099 797 2412 864 colligimus
2455 797 2557 849 ni~i
2586 796 2711 864 quia
2743 794 2807 848 ad
2843 795 2999 847 {idem
3026 787 3452 844 resurrectionis
3489 794 3544 836 et

1954 891 2298 944 asctmsiouis
2326 890 2628 944 Salvatoris
2661 890 2833 943 nostri
2865 903 2964 940 nos
3013 887 3316 942 adducunt.
3383 880 3543 944 cujus

1951 999 2142 1037 omnes
2169 983 2465 1052 participes
2497 997 2689 1036 smnus
2713 991 2764 1033 et
2798 981 3024 1032 erimus.
3059 976 3324 1028 illa-enim
3349 974 3543 1025 huma-

1952 1092 2034 1131 nae
2066 1087 2272 1130 naturte
2304 1075 2638 1128 resurrectio
2668 1081 2751 1124 est
2783 1083 2829 1124 et
2859 1069 3135 1126 ascensio,
3185 1076 3238 1117 et
3272 1082 3378 1118 non
3446 1067 3543 1117 hu-

1953 1186 2129 1225 mana:
2161 1170 2337 1223 solum
2377 1178 2607 1228 natura},
2643 1165 2737 1219 sed
2765 1173 2819 1217 et
2850 1162 3094 1215 omnium
3155 1161 3208 1212 in
3261 1159 3540 1211 Christum

1949 1264 2313 1327 credentium,
2349 1261 2616 1328 iidemque
2643 1273 2797 1312 suam
2825 1271 2920 1325 per
2941 1269 3105 1323 opera
3140 1251 3542 1306 cxhihenlium.

1949 1358 2104 1424 Quod
2137 1357 2280 1410 enim
2312 1355 2489 1408 factus
2515 1361 2597 1409 est
2630 1367 2726 1420 pro
2753 1349 2907 1403 nobis
2932 1348 3106 1401 factus
3125 1357 3226 1408 est,
3256 1343 3542 1408 Dominus,

1949 1466 2058 1504 non
2084 1449 2302 1518 genitus
2327 1461 2510 1514 neque
2545 1453 2768 1499 creatus
2805 1442 3108 1497 secundum
3177 1453 3333 1491 suam
3400 1433 3542 1487 divi-

1949 1545 2172 1598 nitatem
2205 1559 2218 1606 ;
2253 1556 2415 1611 quam
2454 1540 2590 1593 vixit
2627 1539 2792 1592 vitam
2826 1543 3047 1604 prepter
3079 1547 3180 1586 nos
3214 1529 3368 1590 vixit,
3401 1525 3542 1578 viam

1949 1635 2108 1690 nobis
2134 1634 2518 1687 demonstrans
2538 1646 2658 1700 que
2692 1629 2756 1682 ad
2793 1643 2974 1682 veram
2999 1625 3147 1679 ducit
3180 1625 3342 1676 vitam
3376 1637 3391 1683 ;
3423 1632 3544 1686 quae

1951 1741 2116 1780 carne
2148 1737 2344 1792 passus
2371 1731 2477 1784 est,
2510 1735 2608 1789 pro
2640 1719 2796 1773 nobis
2827 1733 3023 1788 passus
3065 1723 3167 1779 est,
3205 1720 3426 1768 nostras
3459 1724 3548 1762 sa-

1956 1831 2094 1872 nans
2128 1815 2441 1885 passiones,
2468 1820 2521 1866 et
2544 1820 2768 1881 propter
2825 1818 3046 1879 peccata
3087 1818 3277 1862 nostra
3343 1808 3544 1862 ductus

1951 1917 2037 1964 est
2066 1906 2131 1961 ad
2158 1917 2413 1968 mortem,
2439 1913 2494 1956 et
2524 1911 2746 1972 propter
2769 1916 2870 1954 nos
2925 1901 3227 1954 resurrexit
3247 1908 3300 1952 et
3358 1913 3547 1952 ascen-

1949 2002 2379 2070 dit,pr:pparaus
2409 1997 2569 2051 nohis
2601 1997 2657 2048 in
2687 1995 2900 2048 inﬁnita
2930 1993 3128 2048 saecula
3173 1993 3542 2045 resurrectio-

1949 2109 2072 2149 nem
2106 2103 2160 2147 ct
2184 2091 2560 2147 ascensionem
2585 2106 2598 2153 ;
2627 2103 2752 2141 nam
2789 2101 2983 2140 omnes
3046 2085 3212 2153 hujus
3247 2085 3373 2137 vita:
3433 2084 3544 2134 lue-

1951 2187 2110 2242 redcs
2147 2201 2243 2254 pro
2264 2184 2475 2239 viribus
2507 2185 2792 2238 imitantur
2842 2182 3106 2235 rationem
3141 2180 3258 2247 ejus
3292 2180 3345 2231 in
3400 2189 3542 2230 terra

1952 2280 2406 2349 dispensationis.
2450 2277 2618 2346 Porro
2657 2278 2817 2331 istius
2847 2275 3174 2329 imitationis
3211 2270 3541 2341 prim-ipium

1954 2383 2206 2430 sanetum
2230 2372 2387 2428 nobis
2410 2382 2494 2427 cst
2517 2372 2935 2440 haptisma,cum
2964 2368 3034 2420 sit
3054 2367 3221 2434 tigura
3253 2365 3550 2430 ενιιιιιιιιιοιιε

1955 2477 2007 2521 et
2034 2465 2461 2520 resurrectionis
2499 2462 2765 2528 Domini;
2808 2460 3051 2514 medium
3117 2473 3245 2509 vero
3296 2457 3403 2507 vita
3457 2470 3546 2506 se.

1955 2558 2193 2612 cuudmn
2237 2556 2496 2626 pietatem
2547 2563 2665 2608 acta
2731 2559 2786 2608 et
2833 2550 3182 2605 conversatio
3240 2547 3544 2601 secundum

1958 2647 2354 2716 Evangelium;
2405 2645 2527 2700 linis
2592 2654 2775 2698 autem
2841 2642 3069 2696 vir-toria
3128 2655 3221 2708 per
3273 2638 3551 2706 spiritales

1959 2743 2135 2797 luctas
2167 2739 2436 2794 adversus
2462 2737 2766 2807 passiones,
2801 2750 2908 2802 qua
2945 2734 3258 2801 impertitur
3307 2728 3550 2784 cuzlesiis

1966 2835 2099 2896 vita,
2128 2848 2251 2901 quae
2292 2846 2391 2885 nec
2424 2831 2642 2884 dolores
2682 2828 2847 2881 habet
2879 2842 2980 2880 nec
3003 2825 3254 2888 exitium,
3283 2822 3549 2891 quemad—

1962 2925 2188 2980 modum
2224 2923 2525 2993 Apostolus
2585 2920 2750 2974 nohis
2806 2919 2992 2973 dixit:
3034 2936 3051 2968 ι
3129 2917 3184 2970 Si
3248 2915 3550 2967 secundum

1963 3031 2186 3072 carnem
2209 3015 2483 3078 vixeritis,
2523 3011 2861 3076 moriemini;
2905 3010 2948 3064 si
2977 3019 3158 3062 autem
3187 3007 3381 3074 Spiritu
3410 3005 3570 3057 facta.

1966 3106 2659 3169 carnismortiticaveritis,
2699 3103 2892 3158 vivetis
2943 3103 3010 3156 9".
3055 3119 3071 3150 ι
3118 3100 3288 3169 Igitur
3348 3098 3560 3168 quise-

272 3215 402 3268 εἰδὲ
433 3212 702 3281 πνεύματι
722 3210 820 3272 τάς
847 3206 1076 3278 πράξεις
1105 3205 1200 3258 τοῦ
1225 3203 1479 3272 σώματος
1530 3199 1851 3262 θανατοῦτε,

1964 3200 2205 3257 cundum
2222 3199 2506 3254 Christum
2535 3196 2748 3260 vivunt,
2777 3194 2894 3265 ejus
2917 3194 2969 3247 in
2991 3208 3156 3248 carne
3183 3189 3566 3247 conversatiom

273 3305 532 3378 ζήσεσθε.
575 3323 594 3356 ι
633 3301 945 3373 Μιμοῠνται
975 3301 1156 3352 τοίνυν
1188 3298 1237 3351 oi
1267 3297 1408 3349 κατά
1448 3293 1685 3365 Χριστὸν
1715 3291 1856 3357 ζῶν-

272 3415 366 3458 τες
403 3394 501 3465 τὴν
551 3395 609 3446 ὲν
655 3393 820 3461 σαρκὶ
864 3389 1142 3441 πολιτείαν
1192 3384 1396 3439 αὐτοῦ’
1451 3383 1859 3453 ἀποθνήσκουσι

280 3485 464 3553 μέντοι
491 3479 633 3534 κατά
664 3479 854 3550 καιρὸν
905 3479 1160 3541 ἕκαστος,
1186 3476 1316 3528 ἔπεὶί
1338 3475 1590 3535 κάκεῖνος
1623 3471 1862 3524 ἀπέθανε

278 3581 346 3648 τῇ
398 3577 583 3646 σαρκὶ,
621 3573 743 3628 καθ’
782 3575 849 3644 ἦν
909 3573 1006 3626 καὶ
1049 3569 1446 3638 ἀναστήσονται
1485 3565 1608 3618 κατ’
1653 3566 1863 3618 ἐκεῖνον

281 3668 654 3738 δεδοξασμένοι
702 3667 795 3720 καὶ
840 3665 1128 3734 ἄφθαρτοι,
1176 3661 1280 3714 κᾶν
1321 3660 1395 3730 μὴ
1439 3658 1557 3724 νῦν,
1605 3656 1721 3710 ἀλλ’
1771 3656 1862 3708 ὅτε

294 3764 508 3831 καιρός·
544 3758 666 3814 εἶτα
697 3761 793 3813 καὶ
827 3751 1432 3826 ἀναληφθήσονται,,ὠς
1464 3754 1492 3805 ὁ
1523 3750 1736 3812 Παῦλος
1767 3749 1862 3802 καὶ

297 3852 446 3905 τοῦτό
473 3871 638 3922 φησιν
659 3868 673 3881 ο
714 3870 731 3902 ι
754 3845 1216 3920 Ἀρπαγησόμεθα
1247 3847 1376 3914 γὰρ,
1407 3841 1594 3912 φησὶν,
1629 3840 1687 3891 ἐν
1710 3840 1865 3907 νεφέ-

290 3942 409 4006 λαις
438 3945 514 4006 είς
543 3941 845 4009 ἀπάντησιν
890 3939 983 3992 τοῦ
1028 3935 1233 4007 Κυρίου
1272 3936 1352 3996 είς
1390 3933 1549 4002 ἀέρα,
1583 3931 1678 3985 καὶ
1721 3929 1864 3984 οὕτω

286 4039 519 4091 πάντοτε
554 4035 648 4088 σὺν
678 4034 869 4102 Κυρίῳ
895 4031 1158 4101 ἐσόμεθα.
1198 4048 1218 4082 ›

367 4128 560 4198 Ὁρᾶτε
593 4127 710 4189 πῶς
739 4125 970 4187 ἕκαστος
1001 4123 1180 4194 ἡμῶν,
1215 4122 1330 4190 εἴγε
1367 4119 1641 4192 βούλεται,
1673 4134 1866 4171 κοινω-

282 4223 375 4286 νὸς
416 4221 567 4274 ἔσται
605 4221 700 4273 καί
727 4219 825 4287 τῆς
859 4219 1212 4279 ἀναστάσεως
1252 4214 1346 4269 τοῦ
1382 4213 1590 4284 Κυρίου
1629 4212 1722 4265 καὶ
1767 4210 1868 4276 τῆς

283 4312 624 4383 ἀναλήψεως,
658 4310 752 4364 καὶ
780 4309 1113 4378 κληρονόμος
1152 4309 1249 4377 μὲν
1284 4308 1419 4360 Θεοῦ
1445 4350 1458 4373 ,
1498 4304 1867 4374 συγκληρονό-

289 4423 387 4476 μος
431 4405 487 4457 δὲ
527 4401 801 4473 Χριστοῦ;
837 4402 934 4454 Διά
976 4399 1138 4454 τοῦτο
1194 4399 1480 4468 χαίρομεν,
1514 4396 1868 4466 ἑορτάζοντες

285 4500 383 4569 τὴν
412 4497 515 4565 τῆς
548 4496 760 4565 φύσεως
795 4493 952 4563 ἡμῶν
983 4494 1285 4546 ἀνάστασιν
1320 4491 1417 4543 καὶ
1453 4489 1734 4553 ἀνύψωςιν
1771 4489 1868 4539 καὶ

1964 3308 2089 3349 nem
2123 3292 2449 3358 imitantur;
2497 3289 2698 3360 singuli
2743 3287 2970 3358 quidem
3027 3287 3081 3339 in
3143 3295 3391 3354 tempore
3452 3297 3554 3336 suo

1964 3387 2302 3448 moriuntur,
2329 3383 2473 3440 sic-ut
2503 3381 2595 3437 ille
2627 3396 2796 3436 carne
2835 3390 3090 3434 mortuus
3121 3386 3227 3442 est,
3261 3384 3556 3445 resurgent

1961 3493 2143 3538 autem
2179 3489 2232 3536 et
2269 3480 2370 3550 ipsi
2409 3479 2531 3549 ejus
2557 3478 2733 3532 instar
2755 3477 3057 3531 secundum
3132 3489 3335 3542 corpus
3383 3469 3554 3541 gloria

1963 3585 2018 3631 et
2046 3572 2566 3640 incorruptibilitate
2600 3571 2811 3634 donati,
2839 3585 2943 3624 non
2979 3570 3113 3623 hora
3162 3568 3386 3636 quidem
3423 3565 3560 3630 ista,

1964 3667 2059 3721 sed
2099 3663 2319 3734 quando
2345 3672 2562 3730 tempus
2591 3662 2909 3726 advenerit;
2951 3659 3150 3714 deinde
3199 3658 3363 3710 etiam
3395 3670 3558 3708 assu-

1967 3766 2201 3822 muntur,
2235 3755 2378 3823 quod
2432 3763 2486 3808 et
2514 3754 2716 3809 Paulus
2768 3754 2926 3808 dixit.
2965 3771 2983 3804 ι
3021 3751 3317 3820 Rapiemur
3382 3749 3555 3810 enim,

1969 3847 2166 3915 inquit,
2203 3847 2257 3900 in
2306 3846 2622 3902 nuhibusin
2681 3861 2968 3901 occursum
3025 3844 3240 3898 Domini
3297 3842 3349 3896 in
3406 3857 3565 3904 aera,-

1965 3948 2018 3996 et
2047 3940 2122 3995 ita
2157 3940 2378 3995 omnino
2415 3953 2540 3994 cum
2567 3939 2794 3994 Domino
2825 3937 3118 3995 erimus”.
3167 3955 3187 3989 ι

2041 4119 2252 4176 Videtis
2280 4119 2556 4188 quomodo
2589 4117 2823 4188 quisque
2858 4123 3136 4179 nostrum,
3170 4112 3335 4167 modo
3368 4109 3563 4164 volue-

1971 4215 2065 4276 rit,
2101 4213 2377 4284 particeps
2404 4211 2476 4268 sit
2518 4209 2939 4264 resurrectionis
2995 4214 3049 4261 et
3075 4204 3418 4261 ascensionis
3459 4203 3562 4256 Do.

1973 4307 2126 4372 mini,
2162 4319 2373 4360 neCnOn
2413 4304 2590 4357 haeres
2618 4301 2844 4371 quidem
2901 4299 3019 4365 Dei,
3073 4300 3318 4353 colla-res
3374 4306 3558 4350 autem

1970 4396 2219 4454 Christi?
2283 4396 2493 4450 Idcirco
2553 4394 2898 4463 gaudemus,
2935 4392 3276 4446 celebrantes
3349 4401 3562 4442 natura:

1975 4497 2173 4544 nostra:
2200 4485 2661 4542 resurrectionem
2684 4484 2960 4552 simulque
3031 4480 3467 4551 assumptionem
3509 4490 3564 4533 et.

285 4591 606 4660 ἁνίδρυσιν,
655 4587 749 4640 καὶ
798 4588 896 4655 τὴν
955 4584 1238 4655 καταρχὴν
1293 4585 1393 4652 τῆς
1463 4582 1696 4635 ἑκάστου
1755 4579 1856 4631 τῶν

1969 4577 2406 4642 collocationem,
2454 4587 2507 4632 et
2533 4576 2803 4644 primitias
2864 4574 3131 4643 cujusque
3169 4573 3442 4628 credentis
3477 4588 3563 4624 re-

288 4681 652 4735 πιστευόντων
682 4677 1034 4739 ἀναστάσεώς
1065 4693 1125 4729 τε
1165 4677 1260 4728 καὶ
1292 4673 1634 4743 ἀναλήψεως,
1669 4686 1864 4742 προτι-

293 4773 477 4834 θέντες
529 4773 606 4834 είς
650 4772 810 4841 μέσον
855 4771 955 4831 τά;
1012 4769 1254 4838 σήμερον
1296 4763 1866 4834 ἀναγνωσθησομέ-ιας

290 4863 653 4933 εὐαγγελικάς
689 4863 894 4931 φωνὰς,
934 4863 1016 4915 ὃτι
1055 4858 1316 4920 Ἀναστὰς
1347 4859 1388 4911 ὁ.
1412 4859 1616 4927 Κύριος
1650 4854 1780 4923 ἔστη
1812 4856 1869 4905 ὲν

296 4955 446 5024 μέσῳ
494 4952 603 5006 τῶν
635 4953 892 5024 μαθητῶν
923 4951 1109 5007 αὑτοῦ.
1141 4951 1293 5004 Διάτι
1323 4947 1415 5002 οὖν
1454 4950 1602 5018 έστη-
1631 4949 1688 4998 ὲν
1719 4946 1871 5016 μέσῳ

295 5048 498 5114 αὐτῶν,
526 5043 641 5099 εἶτα
672 5048 764 5098 καὶ
797 5045 1130 5099 συνώδευσεν
1152 5045 1372 5109 αὐτοῖς
1399 5061 1416 5094 ι
1463 5039 1732 5109 Ἐξήγαγε
1763 5039 1872 5109 γὰρ

295 5141 515 5203 αὐτοὺς,
549 5139 736 5208 φησὶν,
770 5137 872 5204 ἔξω
905 5138 1009 5198 ἕως
1039 5141 1118 5199 είς
1150 5137 1477 5205 Βγ,οανίαν,ι
1514 5134 1670 5198 ἀλλὰ,
1707 5151 1723 5183 ι
1765 5133 1874 5184 Καὶ

292 5233 508 5302 ἐπάρας
541 5233 637 5292 τάς
667 5234 852 5300 χεῖρας
896 5229 1061 5282 αὑτοῦ
1094 5230 1392 5298 εὐλόγησεν
1427 5229 1662 5290 αὐτούς;
1704 5245 1720 5276 ι
1757 5227 1874 5278 Ἵνα

299 5326 437 5379 σῶον
462 5324 582 5378 ὅλον
612 5323 802 5376 ἑαυτὸν
834 5322 1072 5393 ἐπιδείξῃ
1090 5324 1186 5374 καὶ
1221 5319 1404 5386 ἀσινῆ,
1440 5319 1527 5372 ἵνα
1552 5319 1678 5380 τοὺς
1705 5318 1873 5381 πόδας

295 5417 644 5488 ἐρρωμένους
679 5415 839 5476 ὄντας
868 5414 1200 5485 παραστήσῃ
1230 5414 1325 5466 καὶ
1359 5411 1658 5480 βεϐηκότας
1689 5412 1870 5479 ἀσφα-

293 5511 420 5577 λῶς,
456 5512 583 5570 τοὺς
627 5509 725 5569 τὰς
760 5509 981 5577 τρήσεις
1015 5505 1121 5558 τῶν
1153 5506 1297 5577 ἥλων
1326 5503 1744 5574 ὑπομείναντας,
1775 5503 1872 5569 τὰς

295 5600 496 5669 ὁμοίως
519 5601 612 5652 ἐπὶ
639 5595 732 5650 τοῦ
759 5598 988 5668 σταυροῦ
1012 5599 1438 5670 προσηλωμένας
1464 5600 1671 5667 χεῖρας,
1703 5597 1872 5666 αὐτὴν

294 5692 396 5764 τὴν
432 5691 820 5762 λογχευθεῖσαν
869 5692 1130 5763 πλευρὰν,
1161 5691 1208 5743 εί
1240 5693 1332 5744 καὶ
1360 5690 1485 5753 τοὺς
1524 5689 1732 5752 τύπους
1763 5690 1870 5742 τῶν

377 5875 420 5910 ’⁸
448 5875 610 5931 Rom.
647 5889 700 5930 γ.
730 5873 814 5929 15.
894 5874 984 5930 "1
1017 5872 1213 5930 Thess.
1260 5893 1333 5942 tv,
1384 5877 1464 5931 l7.

1972 4671 2326 4726 surreetionis
2379 4677 2432 4723 et
2481 4667 2823 4723 ascensionis
2858 4707 2872 4731 ,
2931 4667 3272 4736 proferentes
3333 4666 3385 4718 in
3448 4680 3564 4718 me-

1975 4767 2124 4821 dium
2151 4765 2312 4820 hodie
2339 4775 2670 4819 memoratas
2707 4762 2984 4832 Evangelii
3029 4777 3235 4827 _voces,
3271 4761 3562 4828 quoniam,

1977 4858 2698 4930 postquam-resurrexisset
2749 4856 3035 4919 Dominus,
3070 4854 3224 4908 stetit
3269 4854 3322 4906 in
3377 4852 3563 4905 medio

1978 4952 2372 5020 discipulorum
2399 4947 2858 5013 suorum.Quare
2915 4962 3050 5015 ergo
3097 4945 3251 4999 stetit
3302 4943 3563 4998 iumedio

1976 5060 2169 5099 eorum
2198 5051 2254 5098 et.
2283 5059 2406 5097 cum
2433 5041 2513 5096 eis
2536 5042 2641 5095 iter
2692 5041 2818 5095 fecit
2838 5042 2860 5094 ’ἒ
2887 5061 2904 5092 ι
2942 5042 3137 5094 Eduxit
3165 5041 3332 5100 enim,
3353 5039 3449 5099 ait,
3469 5053 3563 5090 eos

1976 5138 2125 5192 foras
2157 5137 2210 5191 in
2242 5135 2582 5200 Bethaniam,
2612 5145 2663 5188 et
2693 5135 2923 5190 elevatis
2952 5134 3211 5189 manibus
3247 5134 3362 5187 suis
3393 5133 3562 5185 henc-

1973 5229 2113 5284 dixit
2143 5229 2223 5284 eis
2245 5229 2332 5282 π’.
2363 5247 2379 5279 ι
2412 5226 2478 5281 Ut
2506 5228 2860 5296 semetipsum
2888 5235 3062 5280 totum
3101 5225 3421 5279 ostenderet
3455 5221 3562 5272 sal-

1973 5330 2099 5379 vum
2125 5333 2178 5376 et
2207 5321 2502 5391 integrum,
2525 5329 2583 5373 ut
2605 5322 2768 5386 pelles
2783 5318 3069 5373 exhiberet
3093 5318 3350 5371 robustos
3383 5314 3564 5366 tis-me-

1979 5432 2086 5486 que
2108 5413 2678 5477 incedentes,‘tixuras
2699 5413 2976 5466 clavorum
3001 5415 3427 5480 permanentes,~
3443 5420 3560 5457 ma-

1985 5524 2084 5562 nus
2113 5507 2316 5576 pariter
2333 5504 2479 5558 cruci
2503 5503 2716 5570 aliisas,
2737 5501 3239 5557 trattsverheratum
3267 5499 3429 5556 latus,
3455 5497 3559 5550 etsi

1982 5602 2162 5656 adhuc
2179 5599 2460 5666 plagarum
2481 5597 2634 5666 signa
2657 5597 2860 5651 ferrent
2876 5597 2927 5648 in
2949 5595 3108 5648 [idem
3129 5591 3424 5646 sallttiferae
3443 5604 3563 5658 pas-

1985 5690 2182 5744 sionis.
2209 5687 2336 5740 Mihi
2366 5702 2492 5742 vero
2519 5702 2615 5757 per
2647 5687 2757 5742 haec
2807 5682 3014 5740 verba}
3047 5701 3063 5734 ι
3106 5683 3267 5738 Stetit
3295 5683 3345 5734 in
3381 5682 3562 5738 medio

1542 5877 1586 5910 9°
1614 5879 1626 5894 ‘
1666 5875 1800 5930 Luc.
1837 5890 1984 5943 XII“,
2035 5876 2121 5928 50.
