4046 6442
522 372 631 451 279

1792 389 2167 449 GREGORH
2211 392 2396 451 PALA
2409 393 2531 451 ΜιΕ

3646 389 3741 452 9.30

524 501 920 572 discipulorum
963 520 1008 563 ι.
1066 500 1283 555 videtur
1358 502 1573 556 ostendi
1597 517 1693 559 eos
1742 504 2103 559 conﬁrmatos

2213 507 2429 574 πληγῶν
2473 506 2836 576 ἐπεφέροντο,
2885 509 3019 577 προς
3067 506 3332 558 πίστωσιν
3371 503 3464 559 τοῦ
3510 503 3751 575 σωτηρίου

524 593 726 648 essein
756 593 861 647 [ide
891 592 1010 662 ejus
1030 608 1125 662 per
1176 592 1336 647 talem
1382 593 1555 662 ipsius
1611 595 2001 650 exliibitionem
2048 606 2102 650 et

525 685 1009 751 benedictionem;
1048 700 1175 738 nam
1201 700 1309 739 non
1340 685 1488 740 stetit
1545 695 1758 741 tantum
1812 689 1866 743 in
1922 689 2104 743 medio

526 791 715 831 eorum
740 776 1011 840 omnium,
1061 776 1155 831 sed
1176 786 1230 830 et
1264 775 1319 830 in
1350 777 1533 831 medio
1553 778 1738 832 cordis
1761 778 2101 849 singulorum

527 870 675 924 stetit
697 879 752 926 et
785 886 880 940 per
908 870 1069 925 ﬁdem
1092 868 1352 933 ﬁrmavit,
1379 870 1451 925 ita
1485 882 1544 926 ut
1567 872 1636 927 de
1655 872 1885 942 singulis
1909 889 2102 927 eorum

524 962 703 1032 possit
728 962 832 1016 diei
876 962 980 1017 hoc
1017 962 1368 1018 Psalmistae:
1404 981 1424 1017 ι
1459 963 1603 1019 Deus
1636 965 1691 1019 in
1752 965 1930 1020 medio
1963 964 2103 1032 ejus,

525 1070 637 1109 non
670 1056 1110 1112 commovebitur
1144 1056 1212 1111 ".
1245 1073 1265 1108 ›
1299 1055 1382 1113 Ab
1435 1057 1527 1112 illa
1567 1058 1713 1112 enim
1769 1058 1903 1111 hora
1963 1058 2105 1111 {irini

525 1159 582 1202 et
604 1146 888 1204 instabiles
914 1148 1133 1203 Domini
1158 1146 1286 1203 facti
1308 1158 1437 1205 sunt
1458 1150 1710 1219 apostoli.
1728 1149 1888 1205 Stetit
1940 1149 2106 1219 igitur

527 1239 583 1292 in
612 1240 795 1293 medio
816 1255 1006 1293 eorum
1037 1248 1093 1294 et
1123 1238 1263 1294 dixit
1286 1239 1405 1296 eis:
1446 1259 1465 1292 ι
1498 1239 1609 1295 Pax
1636 1241 1844 1318 vobis,»
1883 1241 2104 1295 verbum

528 1331 666 1385 illud
701 1347 876 1387 suave
904 1332 1067 1403 eique
1109 1330 1339 1387 'solitum
1406 1344 1460 1388 et
1501 1344 1849 1391 consuetum.
1902 1335 2103 1405 Duplex

529 1432 711 1477 autem
747 1440 871 1479 eum
928 1425 1001 1480 sit
1044 1441 1171 1495 pax,
1228 1434 1343 1481 tum
1376 1443 1439 1482 ea
1491 1443 1654 1497 quam
1716 1428 1984 1484 habemus
2037 1430 2105 1485 ad

530 1514 727 1581 Deum,
760 1531 881 1584 qum
904 1519 1119 1587 pietatis
1163 1520 1466 1591 pmsertim
1499 1530 1581 1576 est
1608 1518 1845 1586 fructus,
1867 1532 1981 1578 tum
2040 1538 2107 1578 ea

530 1624 696 1676 quam
752 1610 819 1664 ad
878 1627 976 1666 nos
1036 1613 1269 1668 invicem
1331 1613 1598 1669 habemus
1660 1629 1783 1684 quas
1846 1626 1973 1671 nata
2022 1626 2109 1672 est

531 1703 602 1756 ab
635 1704 942 1774 evangelica
983 1720 1138 1769 voce,
1193 1707 1382 1762 ambas
1405 1712 1556 1774 gtunc
1606 1722 1718 1763 uno
1760 1709 1929 1764 verbo
1960 1710 2108 1764 dedit

531 1793 828 1862 Dominus;
870 1805 924 1852 et
965 1797 1115 1869 quod
1147 1799 1268 1856 illos
1311 1799 1493 1856 facere
1517 1801 1687 1871 jussit
1726 1803 1948 1872 quando
1990 1804 2106 1871 pri-

531 1902 680 1939 mum
737 1902 834 1943 eos
881 1891 1055 1954 misit,
1104 1891 1338 1948 dicens:
1395 1912 1414 1945 ι
1443 1894 1502 1949 1η
1546 1909 1705 1965 quam
1757 1896 1978 1949 domum
2025 1895 2110 1950 in-

433 1974 439 1981 ’
533 1979 830 2047 traveritis,
861 1982 1052 2037 dicetis
1085 2000 1100 2037 :
1128 1980 1241 2038 Par.
1279 1985 1409 2040 huic
1460 1985 1647 2041 domui
1682 1987 1751 2052 ⁸⁷,
1780 2005 1798 2039 ι
1857 1989 1974 2058 ipse
2004 1990 2110 2044 hoc

530 2066 698 2136 facit;
734 2085 857 2124 nam
886 2073 1167 2142 ingressus
1203 2075 1424 2131 domum
1449 2078 1501 2131 in
1534 2093 1643 2148 qua
1670 2089 1827 2134 erant
1881 2095 2111 2150 congre-

531 2160 664 2228 gati,
700 2160 848 2216 illico
881 2177 1066 2232 pacem
1091 2164 1334 2221 donavit.
1370 2168 1587 2225 Utvero
1620 2169 1743 2225 illos
1777 2171 1880 2227 hac
1928 2172 2112 2242 inspe-

529 2262 650 2309 rata
673 2262 728 2311 et
749 2254 967 2312 insolita
1003 2258 1215 2313 visione
1243 2269 1527 2329 stupentes
1587 2264 1724 2323 vidit
1767 2277 1823 2320 et
1878 2276 2105 2322 contur-

530 2344 730 2401 batos:
773 2365 793 2399 ι
823 2346 1095 2404 Putabant
1123 2351 1295 2415 enim,
1332 2352 1533 2423 inquit,
1572 2355 1826 2421 spiritum
1866 2357 2101 2423 videre,»

532 2433 590 2489 id
618 2444 702 2490 est
733 2436 1062 2506 phantasma
1089 2454 1213 2497 esse
1254 2442 1388 2498 illud
1414 2449 1558 2514 quod
1610 2446 1929 2512 cernebant,
1995 2452 2110 2518 ipse

534 2527 816 2584 declarata
859 2532 1049 2588 cordis
1098 2548 1293 2588 eorum
1361 2536 1688 2604 turbatione,
1750 2555 1875 2594 cum
1926 2548 2109 2595 osteno

534 2618 782 2677 dissetse
820 2626 1072 2679 eumdem
1104 2640 1227 2681 esse
1277 2627 1366 2681 cui
1396 2638 1520 2684 ante
1570 2630 1877 2699 passionem
1930 2641 1984 2685 et
2027 2647 2109 2687 re-

536 2715 934 2770 surreetioiietn
961 2716 1216 2772 dixerant
1248 2736 1260 2772 :
1294 2737 1314 2771 ι
1351 2719 1504 2774 Nunc
1562 2722 1770 2776 scimus
1823 2725 1952 2792 quia
1999 2724 2111 2780 scis

532 2804 744 2872 omnia,
766 2814 942 2863 etnon
959 2823 1101 2878 opus
1125 2819 1209 2865 est
1244 2810 1341 2866 tibi
1364 2812 1565 2882 utquis
1596 2822 1647 2867 te
1664 2814 1961 2886 interroget
1984 2817 2054 2882 ⁸⁸,
2085 2836 2103 2869 ι

535 2896 657 2951 illos
679 2913 774 2968 per
803 2901 1197 2968 experientiam
1226 2908 1281 2957 et
1342 2912 1548 2958 tactum
1602 2915 1781 2962 certos
1836 2908 1984 2963 fecit.
2045 2908 2111 2965 Ut

535 3000 715 3045 autem
743 2993 1010 3061 comperit
1035 2993 1158 3049 illos
1189 2996 1476 3050 veritatem
1501 3000 1830 3067 percepisse,
1884 3017 1978 3071 per
2007 3018 2110 3057 no-

533 3097 658 3136 vam
698 3083 879 3138 adhuc
927 3086 1303 3154 experientiam
1336 3102 1432 3143 eos
1492 3088 1751 3153 ﬁrmavit,
1799 3090 1965 3145 simul
2031 3094 2111 3148 eis

2206 607 2436 669 πάθους.
2480 606 2634 674 Ἐμοὶ
2655 605 2712 658 δὲ
2743 604 2833 658 διὰ
2860 603 2977 664 τοῦ,
3022 623 3040 654 ι
3076 602 3245 671 Ἔστη
3277 603 3334 654 ἐν
3367 601 3514 670 μέσῳ
3538 601 3636 653 τῶν
3665 616 3751 667 μα-

2206 700 2439 771 θητῶν.»
2468 698 2614 751 δοκεῖ
2636 696 2948 751 δείκνυσθαι
2970 697 3066 750 καὶ
3088 696 3146 749 τὸ
3171 693 3527 764 στηριχθῆναι
3555 690 3750 750 τούτους

2207 796 2266 846 ὲν
2309 795 2376 863 τῇ
2418 793 2602 845 πίστει
2635 790 2819 855 αὐτοῦ,
2849 788 2936 843 διὰ
2976 788 3080 855 τῆς
3110 787 3276 841 αὑτοῦ
3313 784 3564 853 τοιαύτης
3593 785 3752 851 ἐμφα-

2206 887 2355 946 νείας
2377 885 2471 938 καὶ
2501 882 2752 951 εὐλογίας
2770 898 2784 913 ο
2816 881 2877 935 οὐ
2905 880 3014 948 γὰρ
3036 879 3195 948 μόνον
3221 878 3353 945 ἔστη
3381 878 3439 928 ἐν
3470 877 3612 945 μέσῳ
3635 874 3755 926 πάν-

2206 996 2314 1031 των
2345 978 2548 1041 αὐτῶν,
2580 974 2718 1029 ἀλλά
2752 974 2848 1028 καὶ
2879 976 2936 1026 ὲν
2972 975 3125 1042 μέσῳ
3157 974 3257 1036 τῆς
3289 969 3523 1023 ἑκάστου
3552 967 3752 1037 καρδίας

2208 1073 2361 1139 ἔστη,
2391 1072 2487 1125 καὶ
2517 1068 2814 1139 ὲστηρίχθη
2843 1068 2930 1121 διὰ
2961 1069 3060 1135 τῆς
3094 1067 3336 1125 πίστεως
3360 1078 3375 1093 ⁸
3408 1062 3485 1122 ὡς
3513 1055 3643 1113 εἶναι
3674 1059 3755 1111 καὶ

2208 1167 2297 1220 ἐπ’
2330 1166 2500 1232 αὐτῆς
2531 1164 2767 1229 ἑκάστης
2805 1161 2986 1228 λέγειν
3020 1160 3202 1212 έκεῖνο
3234 1158 3294 1208 τὸ
3316 1154 3606 1225 ψαλμικόν·
3643 1171 3659 1203 ι
3705 1152 3755 1203 '0

2207 1257 2338 1320 Θεὸς
2363 1260 2420 1309 ὲν
2447 1255 2596 1325 μέσῳ
2624 1253 2812 1321 αὐτῆς.
2845 1249 2940 1304 καὶ
2971 1250 3031 1302 οὺ
3056 1246 3475 1315 σαλευθήσεται’
3507 1261 3528 1297 ι
3560 1241 3615 1307 ἐξ
3640 1240 3760 1294 ὲκεί-

2212 1368 2304 1405 νου
2338 1350 2447 1419 γὰρ
2483 1349 2688 1418 ἑδραῖοι
2725 1345 2821 1398 καὶ
2860 1341 3248 1412 ἀμετακίνητοι
3280 1340 3567 1407 γεγόνασιν
3607 1335 3652 1388 oi
3677 1334 3757 1385 τοῦ

2208 1444 2415 1515 Κυρίου
2443 1438 2930 1506 ἀπόστολοι.⁹Εστη
2957 1434 3049 1489 οὖν
3077 1438 3133 1486 ἐν
3155 1433 3304 1503 μέσῳ
3324 1430 3503 1484 αὐτῶν
3531 1428 3620 1480 καὶ
3631 1428 3757 1492 λέγει

2207 1537 2409 1597 αὐτοῖς,
2439 1552 2458 1585 ι
2492 1533 2695 1603 Εἰρήνη
2724 1532 2854 1600 ὑμῖν
2880 1546 2892 1559 ·
2938 1548 2955 1580 ι
2993 1527 3054 1581 τὸ
3084 1526 3256 1595 γλυκὺ
3283 1524 3444 1578 τοῦτο
3477 1521 3569 1574 καὶ
3599 1522 3754 1585 ἐντριο

2207 1629 2303 1692 es;
2343 1626 2439 1680 καὶ
2471 1624 2698 1695 σύνηθες
2737 1620 2886 1693 αὐτῷ
2920 1621 3242 1691 πρόσρημα.
3287 1614 3484 1685 Διττῆς
3516 1612 3573 1665 δὲ
3613 1610 3757 1679 οὔσης

2207 1718 2307 1787 τῆς
2336 1718 2579 1788 είρήνης,
2610 1715 2680 1785 ἦν
2711 1730 2770 1767 τε
2799 1712 2994 1781 ἔχομεν
3020 1710 3157 1777 πρδς
3179 1709 3271 1761 τὸν
3304 1707 3439 1759 Θεδν
3461 1748 3476 1772 ,
3503 1705 3619 1775 ἥτις
3654 1701 3759 1769 γέν-

2208 1810 2359 1880 νημά
2384 1812 2499 1863 ἐστι
2524 1808 2757 1879 μάλιστα
2785 1804 2884 1874 τῆς
2908 1802 3210 1865 εὐσεϐείας,
3242 1799 3339 1852 καὶ
3367 1800 3435 1868 ἢν
3465 1799 3620 1865 ἡμεῖς
3645 1793 3761 1861 πρὸς

2210 1903 2473 1972 ἀλλήλους
2505 1899 2724 1971 ἔχομεν,
2762 1899 2885 1971 ἥτις
2916 1898 3025 1950 ἀπὸ
3048 1896 3147 1963 τῆς
3178 1892 3319 1947 κατὰ
3360 1890 3420 1943 τὸ
3460 1885 3761 1953 Εὕαγγέλιον

2211 1996 2396 2065 φωνῆς
2441 1993 2654 2063 πέφυκε
2699 1990 3016 2061 γεννᾶσθαι.
3070 1984 3391 2055 ἀμφοτέρας
3438 1978 3663 2036 ἐνταῦθα
3705 1975 3761 2028 δι’

2211 2088 2330 2151 ἐνὸς
2374 2088 2768 2157 προσρήματος
2821 2083 3023 2136 ἔδωκεν
3056 2081 3084 2133 ὁ
3122 2079 3363 2147 Κύριοςι
3402 2074 3496 2128 καὶ
3540 2071 3764 2136 καθάπερ

2210 2181 2394 2243 αὐτοῖς
2423 2176 2725 2245 προσέταξε
2757 2176 2951 2237 ποιεῖν,
2986 2173 3075 2226 ὅτε
3102 2171 3321 2240 πρῶτον
3358 2164 3665 2221 ἀπέστειλεν
3686 2160 3764 2212 αὐ-

2209 2277 2355 2339 τοὺς,
2386 2271 2557 2324 είπὼν
2581 2286 2593 2300 ’
2628 2287 2646 2321 ι
2684 2269 2774 2333 Εἰς
2805 2268 2872 2340 ἢν
2907 2266 2974 2320 ἀν
3011 2263 3193 2318 οίκίαν
3227 2259 3534 2330 εἰσέλθητε,
3576 2256 3761 2323 λέγετε,

2211 2363 2413 2433 Εἰρήνη
2466 2360 2542 2432 τῷ
2587 2361 2723 2430 οἴκῳ
2762 2357 3028 2426 τούτῳ]
3082 2353 3226 2407 οὕτω
3258 2351 3356 2405 καὶ
3406 2348 3563 2409 αὐτὸς
3608 2343 3759 2399 ποιεῖ·

2210 2453 2467 2511 εἰσελθὼν
2490 2454 2571 2517 είς
2593 2452 2693 2524 τὴν
2723 2449 2901 2504 οίκίαν
2928 2450 2986 2502 ὲν
3013 2439 3049 2518 ᾖ
3080 2441 3220 2515 ἦσαν
3249 2441 3606 2514 συνηγμένοι,
3639 2434 3764 2503 πάρ-

2211 2566 2353 2603 αυτα
2400 2546 2501 2618 τὴν
2546 2547 2771 2616 εἰρήνην
2818 2543 3040 2597 ἔδωκεν.
3085 2539 3174 2603 Ὠς
3222 2538 3283 2593 δὲ
3356 2536 3434 2607 τῷ
3486 2531 3764 2597 ἀνελπίστῳ

2212 2643 2308 2697 καὶ
2338 2637 2627 2712 παραδόξῳ
2657 2638 2759 2708 τῆς
2783 2632 3288 2719 θέας-πτοηθέντας
3332 2629 3530 2689 αὐτοὺς
3561 2628 3766 2719 καιτα-

2215 2732 2515 2805 ραχθέντας
2559 2727 2732 2784 είδενθ
2775 2716 2996 2782 ἐδόκουν
3028 2724 3159 2795 γὰρ,
3195 2723 3359 2792 φησὶ,
3405 2719 3621 2790 πνεῦμα
3654 2716 3766 2769 θεω-

2214 2828 2350 2899 ρεῖν,
2381 2823 2623 2892 δηλονότι
2662 2819 2966 2890 φαντασίαν
3006 2815 3149 2873 εῖναι
3195 2817 3257 2869 τὸ
3288 2815 3595 2886 ὁρώμενον·
3627 2808 3767 2867 αὐτὸς

2216 2920 2379 2973 πάλιν
2409 2918 2479 2971 τὰ
2507 2916 2793 2985 κινήματα
2834 2911 2935 2980 τῆς
2980 2911 3161 2964 αὐτῶν
3189 2909 3426 2977 καρδίας
3457 2901 3765 2971 ἀπαγγείλας

2215 3011 2424 3074 αὐτοῖς,
2454 3008 2550 3062 καὶ
2565 3004 2747 3072 δείξας
2776 3003 2941 3066 αὐτὸς
2973 3003 3183 3065 ἐκεῖνος
3202 3001 3301 3063 ὢν,
3324 2999 3459 3069 πρὸς
3488 2997 3547 3051 ὃν
3572 2995 3657 3048 καὶ
3678 2988 3764 3060 πρὸ

2214 3102 2309 3155 τοῦ
2336 3100 2544 3161 πάθους
2567 3100 2665 3152 καὶ
2691 3097 2791 3165 τῆς
2819 3096 3169 3157 ἀναστάσεως
3192 3092 3385 3161 ελεγον
3407 3106 3422 3122 ·
3463 3109 3482 3141 ι
3518 3086 3626 3142 Νῦν
3644 3082 3763 3137 οῖδα-

535 3174 897 3242 przeseutibus
953 3191 1142 3244 pacem
1205 3177 1343 3233 dans
1408 3194 1866 3252 communemque
1925 3191 2109 3252 petens

2222 3207 2341 3262 μεν,
2383 3191 2468 3244 ὅτι
2504 3184 2653 3251 οἶδας
2694 3186 2896 3246 πάντα,
2937 3185 3031 3237 καὶ
3062 3184 3123 3235 οὗ
3172 3185 3366 3252 χρείαν
3397 3180 3541 3250 ἔχεις
3574 3178 3654 3229 ἵνα
3695 3170 3763 3229 τίς

536 3279 752 3333 panem.
801 3285 821 3318 ι
858 3265 996 3322 Nam
1029 3270 1213 3325 adhuc
1239 3270 1349 3325 illis
1382 3288 1493 3331 non
1511 3274 1859 3331 credentibus
1897 3285 1951 3331 et
2007 3280 2112 3330 mi-

508 3346 806 3438 rantibus,
839 3378 858 3411 ›
891 3376 997 3415 non
1022 3361 1138 3431 jam
1173 3378 1235 3419 ex
1280 3363 1468 3429 dubio,
1509 3367 1604 3422 sed
1633 3382 1744 3437 prae
1790 3368 2011 3438 gaudio,
2033 3368 2116 3423 di-

535 3445 618 3497 xit
655 3448 739 3502 eis
774 3434 794 3500 ἰ
839 3467 858 3500 ι
892 3447 1118 3519 Habetis
1166 3451 1257 3508 hic
1287 3454 1492 3524 aliquid
1531 3434 1677 3526 quod
1727 3434 2110 3514 manducetur?

533 3535 605 3590 At
634 3537 712 3592 illi
740 3538 1059 3596 obtulerunt
1093 3542 1143 3597 ei
1176 3554 1385 3613 partem
1427 3546 1594 3616 piscis
1651 3549 1758 3603 assi
1809 3556 1863 3603 et
1926 3547 2110 3604 favum

534 3632 735 3698 mellis,
772 3643 826 3693 et
854 3649 1081 3692 sumens
1107 3651 1292 3692 coram
1317 3638 1399 3695 eis
1428 3641 1778 3696 manducavit
1811 3641 1880 3695 ".
1922 3657 1942 3692 ι

2222 3300 2280 3336 σε
2307 3283 2508 3353 ἐρωτᾷ,
2547 3299 2566 3333 ι
2599 3279 2696 3352 τὴν
2730 3278 2819 3333 διά
2846 3281 2945 3348 τῆς
2974 3274 3273 3365 ἐξετάσεως
3299 3274 3397 3365 καὶ
3428 3271 3764 3365 diuisor-catt);

2219 3369 2595 3443 πληροφορίαν
2614 3369 2945 3438 προέτεινεν.
2963 3365 3052 3428 Ὠς
3074 3364 3130 3417 δὲ
3144 3362 3580 3434 προδεξαμένους
3594 3356 3763 3413 αὐτοὺς

2218 3463 2317 3535 τὴν
2344 3461 2604 3532 ἀλήθειαν
2631 3458 2788 3529 123
2818 3453 2945 3520 εἶδε,
2974 3457 3064 3510 διὰ
3082 3456 3183 3525 τῆς
3204 3455 3508 3520 ἐξετάσεως
3534 3448 3765 3504 ἐὸεὸαἴω-

2220 3570 2316 3607 σεν
2343 3552 2424 3606 ἔτι
2455 3549 2660 3620 ταύτην
2679 3565 2696 3583 ο
2724 3549 2839 3618 ἅμα
2860 3547 2917 3602 δὲ
2937 3548 3033 3600 καὶ
3055 3548 3152 3615 τὴν
3180 3546 3317 3614 πρὸς
3350 3544 3546 3605 αὐτοὺς
3570 3539 3767 3609 εἰρήνην

2221 3647 2315 3702 καὶ
2334 3643 2620 3700 κοινωνίαν
2649 3644 2856 3713 τροφῆς
2892 3640 3073 3694 αὐτῶν
3105 3637 3360 3708 ὁρώντων
3422 3626 3764 3708 προσενεγκά-

536 3749 719 3802 μενος.
751 3751 771 3784 ι
810 3732 930 3787 Ἔτι
970 3734 1104 3806 γὰρ,
1152 3738 1341 3806 φησὶν,
1379 3736 1757 3791 ἀπιστούντων
1789 3738 1969 3793 αὐτῶν
1997 3741 2091 3795 καὶ
2132 3740 2545 3813 θαυμαζόντων,
2581 3756 2599 3790 ι
2625 3737 2811 3791 οὐκέτι
2863 3751 2925 3801 γε
2960 3732 3066 3803 μὴν
3110 3734 3174 3785 ὲκ
3200 3731 3491 3801 διχονοίας,
3532 3726 3639 3782 ἀλλ’
3676 3719 3763 3778 ἀπδ

531 3828 629 3895 τῆς
663 3829 857 3899 χαρᾶς,
893 3844 912 3878 ι
947 3823 1100 3882 εἶπεν
1130 3829 1348 3894 αὐτοῖς’
1389 3830 1581 3901 Ἔχετέ
1616 3847 1668 3883 τι
1704 3830 1981 3900 βρώσιμον
2024 3833 2248 3902 ὲνθάδε;
2282 3835 2343 3887 Oi
2375 3832 2434 3886 δὲ
2458 3828 2743 3885 ἐπέδωκαν
2793 3826 2942 3897 αὐτῷ
3002 3824 3183 3895 ἰχθύος
3217 3824 3387 3878 ὀπτοῦ
3461 3823 3639 3893 μέρος,
3688 3817 3766 3869 καὶ

532 3920 642 3975 ἀπο
698 3918 1003 3986 μελισσείου
1042 3920 1259 3991 κηρίου,
1292 3919 1387 3973 καὶ
1422 3920 1602 3973 λαϐὼν
1655 3921 1883 3975 ἐνώπιον
1924 3923 2103 3978 αὐτῶν
2141 3923 2363 3994 ἔφαγεν.
2391 3943 2410 3977 ι

611 4014 811 4067 Verum
849 4015 1088 4068 vescitur
1148 4017 1532 4069 intemeratum
1574 4016 1677 4073 hoc
1730 4031 1931 4086 corpus
1996 4025 2118 4086 post

532 4107 1013 4172 resurrectionem,
1072 4122 1182 4161 non
1234 4109 1359 4176 quia
1409 4108 1532 4163 cibo
1586 4109 1873 4178 indigeret.
1919 4110 2014 4177 sed
2061 4120 2119 4165 ut

534 4200 812 4271 propriam
836 4209 1133 4255 testaretur
1163 4202 1650 4265 resurrectionem,
1678 4211 1733 4255 et
1779 4211 2116 4257 monstraret

538 4291 671 4345 illud
707 4291 848 4345 idem
880 4306 1001 4346 esse
1021 4292 1168 4360 quod
1199 4298 1327 4345 ante
1357 4293 1820 4346 resurrectionem
1888 4307 2013 4347 cum
2035 4292 2115 4348 eis

536 4371 1377 4451 manducarerat;consumpsit
1413 4398 1598 4439 escam
1650 4399 1758 4438 non
1810 4385 2111 4440 secundum

536 4472 852 4528 mortalium
884 4489 1176 4544 corporum
1232 4484 1506 4543 naturam,
1548 4476 1639 4531 sed
1670 4476 1721 4533 vi
1768 4477 1966 4533 divinae
2003 4481 2113 4532 vir-

538 4568 701 4628 tutis,
728 4566 1219 4633 quemadmodum,
1248 4576 1307 4621 ut
1353 4568 1460 4622 diei
1498 4578 1699 4638 potest,
1752 4569 1898 4639 ignis
1929 4585 2110 4625 ceram

2302 4018 2546 4089 Ἐτράερη
2577 4017 2633 4072 δὲ
2668 4017 2728 4070 τδ
2751 4017 3026 4088 ἀκήρατον
3058 4019 3236 4070 έκεῖνο
3286 4016 3449 4087 σῶμα
3490 4014 3623 4084 μετά
3674 4007 3758 4076 τὴν

2216 4112 2532 4172 ἀνάστασιν,
2591 4112 2692 4164 οὐκ
2754 4110 2887 4163 αὐτὸ
2936 4110 3191 4177 δεόμενον
3247 4111 3481 4180 τροφῆς,
3530 4107 3637 4162 ἀλλ’
3684 4102 3754 4155 ίνα

2218 4201 2558 4270 πιστώσηται
2595 4203 2694 4273 τὴν
2723 4187 2931 4255 οἰκείαν
2968 4202 3292 4265 ἀνάστασιν,
3320 4202 3416 4255 καὶ
3460 4199 3604 4268 δείξῃ
3627 4193 3752 4249 τοῦτ’

2217 4297 2346 4350 αὐτὸ
2403 4297 2496 4349 καὶ
2543 4295 2637 4347 νῦν
2659 4294 2740 4360 ὃν,
2772 4297 2833 4349 τὸ
2875 4296 2969 4349 καὶ
3000 4295 3106 4365 πρὸ
3137 4294 3232 4347 τοῦ
3268 4295 3465 4349 παθείν
3502 4287 3756 4345 συνεσθίον

2223 4389 2406 4450 αὐτοῖς
2433 4405 2446 4419 ·
2483 4387 2728 4440 ἀνάλωσε
2763 4388 2819 4441 δὲ
2855 4389 2955 4458 τὴν
2985 4386 3192 4457 τροφὴν
3244 4387 3306 4439 οὐ
3353 4386 3492 4438 κατά
3539 4385 3634 4451 τὴν
3675 4375 3763 4429 τῶν

2223 4475 2434 4546 θνητῶν
2458 4477 2728 4545 σωμάτων
2763 4476 2947 4546 φύσιν,
2983 4477 3118 4529 ἀλλὰ
3142 4478 3281 4529 κατὰ
3306 4476 3457 4529 θείαν
3488 4472 3765 4541 ἐνέργειαν.

2223 4571 2319 4624 καὶ
2339 4570 2414 4633 ὡς
2442 4567 2508 4622 ἂν
2534 4569 2681 4622 εἴποι
2703 4586 2810 4635 τις,
2842 4572 2917 4632 ὡς
2948 4569 3009 4622 τὸ
3048 4569 3160 4639 πῦρ
3183 4569 3465 4624 ἀναλίσκει
3495 4569 3581 4622 τὸν
3601 4559 3765 4632 κηρὺνι

534 4659 832 4722 consumit,
874 4658 977 4712 nisi
1021 4660 1167 4728 quod
1194 4660 1332 4730 ignis
1370 4662 1590 4731 quidem
1622 4662 1882 4718 alimento
1912 4663 2109 4733 indigel

2222 4663 2363 4733 πλὴν
2408 4663 2494 4716 ὅτι
2540 4661 2653 4733 πῦρ
2691 4663 2791 4733 μὲν
2837 4637 3268 4732 ὑπεκκαύματος
3322 4665 3494 4718 δεῖται
3543 4658 3669 4730 πρὶς
3715 4647 3768 4703 τδ

536 4756 597 4801 ut
625 4756 863 4815 constet,
889 4762 1122 4819 corpora
1156 4760 1339 4805 autem
1375 4753 1706 4807 immortalia
1732 4755 1856 4809 cibo
1894 4764 1945 4809 ul
1977 4770 2117 4810 con-

535 4849 701 4907 stent,
728 4857 834 4895 non
870 4842 1135 4912 indigent.
1165 4840 1517 4899 Mandueavit
1544 4842 1758 4912 partem
1804 4846 1973 4916 pisris
2005 4848 2115 4902 assi

534 4945 585 4990 et
628 4951 693 4990 ex
723 4934 848 4991 favo
873 4937 1088 5005 mellis;
1123 4953 1246 5008 quae
1300 4939 1551 5010 symbola
1600 4942 1992 5013 suntmysterii
2056 4942 2112 4996 in

535 5042 603 5083 eo
633 5030 939 5098 adimpleti.
967 5030 1225 5086 Nostram
1256 5034 1404 5087 enim
1450 5043 1706 5088 naturam
1735 5033 1898 5102 piscis
1959 5049 2111 5090 more

531 5120 1069 5176 Velutadliwrentem
1094 5123 1311 5177 humori
1339 5124 1462 5179 vitae
1499 5126 1866 5195 Voluptatibus
1925 5136 1978 5181 et
2011 5143 2111 5183 en-

534 5212 859 5281 piditatilms
895 5213 1109 5270 refertae
1141 5231 1266 5269 cum
1330 5216 1422 5271 Dei
1482 5215 1729 5272 Verbum.
1751 5219 1854 5273 sibi
1909 5232 2111 5274 secun-

532 5308 661 5358 dum
701 5321 993 5375 personam
1036 5311 1349 5372 adnnasset,
1377 5321 1430 5363 et
1491 5310 1691 5365 divinis
1753 5324 1921 5382 atque
1960 5313 2112 5366 inac-

533 5399 704 5453 cessis
767 5415 878 5453 sua:
921 5400 1224 5456 divinitatis
1299 5403 1598 5457 ardoribus
1659 5405 2107 5460 constitutionem

532 5489 651 5559 ejus
681 5489 918 5548 ﬂammis
962 5502 1283 5550 :estuantem
1336 5507 1645 5566 purgasset,
1674 5498 1820 5552 illam
1886 5500 2109 5554 tleitatis

533 5582 851 5651 participem
885 5592 941 5637 et
971 5585 1127 5653 quasi
1153 5600 1444 5642 accensam
1496 5587 1693 5642 cﬂ'ecit.
1727 5586 1930 5641 Verum
2000 5604 2109 5642 nun

531 5668 709 5726 solum
739 5674 887 5742 quod
920 5691 1017 5746 pro
1051 5678 1211 5734 nobis
1257 5679 1560 5748 assumpsit
1608 5679 1951 5749 ﬁgmentum,
2015 5680 2110 5735 sed

2225 4755 2604 4823 συνίστασθαι,
2665 4756 2735 4809 τά
2780 4743 2839 4808 δὲ
2893 4754 3137 4810 ἀθάνατα
3198 4757 3430 4824 σώματα
3477 4748 3678 4823 τροφῆς
3711 4740 3764 4794 οὒ

2220 4852 2392 4904 δεῖται
2446 4850 2583 4920 πρὸς
2649 4848 2711 4903 τὸ
2782 4848 3167 4904 συνίστασθαι.
3231 4848 3442 4918 Ἔφαγε
3495 4845 3550 4898 δὲ
3607 4834 3765 4909 ἰχθύος

2217 4943 2385 4998 ὀπτοῦ
2437 4942 2624 5014 μέρος,
2655 4922 2751 4995 καὶ
2796 4942 2906 4996 ἀπὸ
2946 4940 3255 5011 μελισσείου
3287 4938 3506 5011 κηρίον,
3542 4924 3762 5002 σύμϐολα

2218 5038 2312 5090 καὶ
2340 5036 2516 5089 ταῦτα
2548 5034 2644 5088 τοῦ
2681 5034 2807 5094 κατ’
2830 5034 2992 5088 αὐτὸν
3029 5033 3334 5103 μυστηρίου
3357 5049 3372 5064 ⁸
3393 5030 3492 5100 τὴν
3522 5026 3622 5096 γὰρ
3643 5023 3763 5090 iiii“

2217 5128 2383 5198 τέραν
2412 5127 2574 5196 φύσιν
2598 5126 2781 5197 ἰχθύος
2803 5126 2961 5196 δίκην
2988 5122 3101 5180 οἷον
3125 5124 3496 5196 ὲννηχομένην
3534 5121 3597 5189 τῇ

2213 5236 2339 5289 τητι
2378 5220 2474 5274 τοῦ
2522 5221 2770 5290 ὲνηδόνου
2804 5220 2947 5290 βίου·
2980 5221 3075 5272 καὶ
3114 5217 3421 5289 ὲμπαθοῦς,
3467 5215 3494 5267 ὁ
3532 5208 3620 5264 τοῦ
3644 5204 3760 5290 Θερῧ

2214 5312 2389 5379 Λόγος
2441 5311 2650 5376 ἐνώσας
2688 5289 2868 5379 ἐαυτῷ
2901 5310 3025 5365 καθ’
3072 5310 3396 5371 ὑπόστασιν,
3429 5304 3521 5357 καὶ
3548 5298 3622 5368 τῷ
3650 5289 3759 5357 θείφ

2214 5405 2308 5458 καὶ
2345 5407 2630 5477 ἀπροσίτῳ
2669 5410 2803 5476 πυρὶ
2852 5408 2953 5477 τῆς
2984 5407 3148 5461 αὐτοῦ
3181 5406 3431 5475 θεότητος
3479 5390 3758 5457 ἐκκαθάρας

2219 5497 2400 5567 πάσης
2427 5499 2711 5569 ἐμπαθοῦς
2740 5500 3062 5568 διαθέσεως,
3086 5501 3316 5571 ὁμόοεον
3347 5495 3514 5560 αὐτὴν
3556 5488 3644 5544 καὶ
3663 5477 3756 5535 οἷον

2215 5588 2482 5660 διάπυρον
2512 5591 2864 5647 ἀπετέλεσεν.
2897 5591 2973 5645 Οὐ
3016 5592 3077 5646 τὸ
3110 5593 3341 5663 φύραμα
3371 5592 3427 5645 δὲ
3461 5588 3613 5658 μόνον
3638 5580 3756 5641 ὅπερ

2217 5677 2484 5733 ἀνέλαϐεν
2527 5680 2670 5753 ὑπὲρ
2723 5680 2905 5754 ήμῶν,
2934 5681 3074 5738 ἀλλὰ
3103 5684 3215 5741 τῶν
3248 5686 3344 5756 τῆς
3388 5677 3549 5737 αὑτοῦ
3581 5679 3747 5729 κοινω·

608 5860 816 5920 "l’sal.
851 5864 1052 5933 μηδ,
1130 5864 1175 5898 ’ν
1214 5864 1346 5923 Luc.
1384 5881 1437 5937 κ,
1467 5866 1524 5923 5.
1602 5866 1648 5905 ³⁸
1686 5865 1843 5925 Juan.
1883 5884 1995 5936 xw,
2038 5870 2105 5924 '50

2213 5870 2251 5905 "
2285 5868 2418 5926 Luc.
2455 5882 2601 5935 xxxv,
2634 5867 2723 5922 42.
