4046 6436
339 382 439 446 281

1707 388 2036 448 IIOMILIA
2068 387 2228 446 XXI.

3489 379 3593 440 9.82

342 497 460 558 νίας
512 491 935 562 κατηξιωμένων
982 493 1212 548 ἕκαστον
1265 496 1507 550 θεοποιεῖ
1541 501 1604 568 τῇ
1644 501 1909 568 μετουσίᾳ

2035 499 2177 551 :liutn
2209 495 2457 564 singulos
2508 509 2696 549 eorum
2749 508 2889 562 quos
2921 508 3018 547 sua
3085 493 3592 547 communicatione

237 577 252 598 ⁸
343 588 438 642 τοῦ
469 587 658 657 πυρὸς,
685 587 714 640 ὃ
747 587 929 657 βαλεῖν
959 583 1122 657 ἦλθεν
1153 590 1246 641 ἐπὶ
1269 592 1369 657 γῆς
1390 593 1415 645 ὁ
1447 592 1672 661 Κύριος.
1708 594 1914 646 Μελισ-

349 682 479 750 εείῳ
511 681 564 733 δὲ
587 679 768 751 κηρίῳ
811 680 986 733 ἔοικεν
1017 682 1174 751 ήμῶν
1205 684 1238 751 ή
1270 685 1454 750 φύσις,
1489 685 1652 738 οἱονεί
1679 702 1784 738 τινι
1817 703 1917 754 κη-

348 773 448 843 ρίῳ
513 772 588 841 τῷ
656 773 867 840 σώματι
917 773 1475 844 ἐντεθησαυρισμένον
1529 773 1723 847 οἷάπερ
1771 778 1914 846 μέλι,

347 864 654 932 κατέχουσα
688 863 747 915 τὺ
795 863 1015 930 λογικὸν
1058 867 1267 933 χρῆμα,
1308 867 1511 935 μᾶλλον
1566 868 1623 921 δὲ
1674 870 1918 932 τοιοῦτός

349 959 462 1010 ἐστι
493 957 601 1008 τῶν
633 957 712 1018 είς
739 957 974 1026 Χριστὸν
1003 957 1367 1010 πιστευόντων
1397 958 1658 1024 ἕκαστος·
1680 961 1778 1031 τὴν
1808 963 1918 1032 γὰρ

350 1047 448 1100 τοῦ
475 1048 618 1100 θείου
671 1047 984 1116 [Ινεύματος
1017 1049 1178 1120 χάριν
1211 1051 1644 1120 ἐναποκειμένην
1686 1052 1798 1121 ἔχει
1848 1056 1914 1124 τῇ

349 1158 408 1192 τε
476 1139 620 1210 ψυχῇ
678 1142 771 1192 καὶ
829 1140 907 1209 τῷ
949 1141 1184 1210 σώματι,
1246 1141 1500 1214 καθάπερ
1557 1145 1678 1212 μέλι
1719 1146 1916 1216 κηρίῳ.

365 1233 566 1285 Ἐσθίει
609 1232 665 1284 δὲ
717 1233 826 1286 ἀπὸ
855 1233 1060 1286 τούτων
1086 1237 1113 1286 ὁ
1141 1235 1365 1305 Κύριος,
1391 1236 1689 1306 ἐπειδήπερ
1721 1240 1920 1291 οἰκεῖον

353 1323 523 1394 ήδέως
564 1323 762 1392 βρῶμα
797 1326 1034 1378 ποιεῖται
1077 1325 1176 1394 τὴν
1212 1327 1490 1395 σωτηρίαν
1542 1329 1778 1381 ἑκάστου
1809 1329 1920 1381 τῶν

358 1414 690 1481 μετεχόντων
743 1413 840 1484 τῆς
898 1415 1152 1482 φύσεως·
1183 1417 1242 1469 οὐ
1280 1418 1339 1469 τὸ
1393 1420 1501 1472 πᾶν
1558 1420 1636 1483 δὲ,
1666 1420 1782 1473 ἀλλ’
1815 1421 1922 1474 ἀπὸ

360 1503 667 1574 μἐλισσιίου
703 1507 924 1575 κηρίου,
959 1508 1206 1559 τουτέστι
1242 1509 1409 1578 μέρος
1458 1510 1649 1574 ἐσθίει,
1685 1513 1806 1564 ἐπεὶ⁹
1846 1513 1921 1584 μὴ

359 1595 557 1658 πάντες
588 1598 929 1650 ἐπίστευσαν.
960 1599 1074 1651 Οὐκ
1120 1601 1284 1663 αὐτὸς
1313 1601 1370 1652 δὲ
1402 1601 1469 1654 δι’
1502 1603 1698 1655 ἑαυτοῦ
1725 1603 1787 1655 τὸ
1822 1604 1922 1672 μέ-

361 1704 451 1755 ρος
497 1687 654 1741 τοῦτο
697 1689 984 1758 λαμϐάνει,
1016 1690 1134 1742 ἀλλ’
1172 1692 1275 1744 ὐπὸ
1324 1692 1432 1745 τῶν
1468 1693 1730 1763 μαθητῶν
1774 1695 1923 1766 αὐτῷ

357 1779 512 1830 τοῦτο
539 1779 740 1832 δίδοται
765 1795 776 1808 ’
802 1783 896 1833 καὶ
927 1783 1036 1852 γὰρ
1067 1785 1113 1835 οί
1164 1783 1410 1854 μαθηταὶ
1436 1787 1563 1849 τοὺς
1593 1788 1923 1840 πιστεύσανο

359 1883 457 1924 τας
484 1869 631 1939 αὐτῴ
661 1871 996 1940 προσάγουσι
1029 1876 1224 1943 μόνους
1247 1876 1354 1929 τῶν
1385 1878 1631 1930 ἀπίστων
1652 1879 1921 1948 χωρίσαν·

359 1973 468 2020 τες.
499 1957 656 2011 Οὐτω
706 1960 770 2029 δὴ
819 1962 914 2014 καὶ
943 1962 1030 2015 διὰ
1059 1964 1232 2017 ταῦτα
1280 1965 1472 2033 φαγὼν
1505 1967 1600 2021 τοῦ
1649 1985 1708 2021 τε
1741 1969 1923 2039 ίχθύος

359 2049 453 2101 καὶ
481 2050 573 2103 τοῦ
605 2051 914 2118 μελισσείου
946 2055 1142 2126 κηρίου
1175 2057 1408 2113 ἐνώπιον
1435 2060 1545 2113 τῶν
1569 2062 1786 2117 οίκείων
1813 2081 1922 2133 μα-

360 2139 536 2208 θητῶν
558 2144 599 2194 ὁ.
617 2141 840 2211 Κύριος,
874 2145 1150 2216 ἀνέμνησε
1199 2149 1429 2212 τούτους
1457 2151 1553 2206 καὶ
1581 2153 1690 2207 τῶν
1721 2153 1922 2209 ἐαυτοῦ

360 2233 554 2301 λόγων,
583 2233 676 2298 οὓς
709 2236 892 2300 αὐτοῖς
932 2241 1196 2304 προεῖπεν
1217 2242 1311 2293 ἐπὶ
1333 2241 1392 2294 τὸ
1416 2243 1586 2308 πάθος
1609 2245 1921 2315 ἐρχόμενος,

360 2321 611 2394 ἀληθινὸν
667 2326 865 2379 ἑαυτὸν
911 2327 1210 2383 κάντεῦθεν
1259 2336 1657 2402 παραστήσαςο
1689 2335 1766 2398 ὡς
1816 2337 1923 2407 γὰρ

364 2419 645 2486 προεῖπεν,
666 2417 810 2472 οὕτω
841 2423 931 2476 καὶ
959 2421 1229 2492 ἐξέϐησαν
1249 2440 1262 2454 ο
1300 2426 1396 2480 καὶ
1447 2425 1713 2496 διήνοιξεν
1746 2427 1926 2482 αὐτῶν

363 2509 454 2560 τὸν
477 2509 619 2568 νοῦν,
649 2511 744 2564 τοῦ
779 2513 1014 2567 συνιέναι
1046 2514 1147 2579 τὰς
1203 2516 1449 2587 Γραφὰς,
1490 2518 1589 2574 καὶ
1634 2519 1928 2588 γινώσκειν

365 2601 449 2652 ὅτι
478 2600 618 2655 οὕτω
664 2603 994 2674 γέγραπται,
1040 2609 1132 2660 καὶ
1187 2608 1330 2663 οὕτω
1382 2612 1720 2680 γέγονε,καὶ
1753 2614 1930 2680 οὕτως

365 2692 472 2745 ἔδει
523 2693 590 2746 δι’
637 2697 956 2751 ἀνείκαστον
1017 2701 1432 2771 φιλανθρωπίας
1494 2705 1754 2776 πέλαγος,
1785 2710 1930 2782 ὑπὲρ

368 2785 670 2855 ἀνθρώπων
700 2788 988 2860 ἄνθρωπον
1013 2794 1270 2860 γενέσθαι
1320 2797 1415 2850 τὸν
1450 2797 1544 2852 τοῦ
1579 2801 1718 2854 Θεοῦ
1770 2819 1933 2873 μονο-

365 2878 497 2948 γενῆ
528 2879 675 2944 Υίὸν,
707 2883 1086 2953 φανερωθῆναι
1111 2903 1173 2939 τε
1207 2888 1296 2940 καὶ
1334 2893 1760 2964 μαρτυρηθῆναι
1786 2894 1930 2948 ἄνω-

368 2970 462 3023 θεν
493 2972 738 3044 [ἰατρικῇ
798 2977 971 3046 φωνῇ,
1020 2977 1115 3031 καὶ
1154 2978 1298 3033 θείου
1357 2982 1676 3058 Πνεύματος
1727 2985 1931 3054 ἐπιφα-

368 3063 488 3136 νείᾳ
513 3081 526 3094 ·
569 3066 906 3134 πιστωθῆναί
939 3087 1000 3122 τε
1038 3072 1132 3124 καὶ
1164 3071 1630 3144 θαυμαστωθῆναι
1661 3076 1729 3130 δι’
1752 3076 1930 3146 ἔργων

2019 591 2275 656 dignatus
2305 588 2546 642 estdeos
2587 586 2736 648 facit,
2785 587 2964 654 ignem
2995 584 3296 640 infundens
3330 600 3492 653 quem
3538 586 3590 637 in

2021 693 2217 736 terram
2244 683 2459 735 mittere
2484 681 2634 734 venit
2684 678 3182 734 Dominus.Mel|is
3233 689 3414 732 autem
3470 677 3593 731 favo

2018 785 2204 829 nustra
2235 773 2432 828 similis
2460 783 2542 827 est
2582 781 2800 834 natura,
2831 777 2977 825 velut
3012 771 3061 824 fa
3076 788 3140 823 vo
3177 770 3444 825 inclusam
3472 785 3595 824 eor—

2020 866 2138 935 pori
2170 867 2377 920 habens
2444 877 2702 933 tanquam
2759 863 2862 917 mel
2911 863 3202 925 rationem,
3263 863 3360 917 sed
3414 862 3596 930 potius

2020 960 2157 1012 tales
2205 968 2333 1014 sunt
2373 957 2571 1029 singuli
2631 958 2684 1010 in
2735 956 3012 1010 Christum
3057 956 3380 1019 credentes;
3425 953 3596 1006 divini

2021 1051 2171 1105 enim
2199 1049 2444 1120 Spiritus
2479 1050 2710 1119 gratiam
2750 1047 2967 1116 corpori
2997 1057 3051 1101 et
3084 1047 3276 1100 auium
3295 1046 3455 1115 quasi
3493 1046 3597 1098 mel

2022 1139 2147 1194 favo
2175 1141 2571 1195 inhabitantem
2619 1141 2840 1193 habent.
2900 1137 3164 1190 Dominus
3199 1153 3325 1190 vero
3379 1153 3446 1190 ex
3512 1136 3599 1190 his

2021 1233 2155 1295 edit,
2188 1232 2314 1300 quia
2347 1241 2556 1300 gratum
2587 1231 2688 1285 sibi
2715 1231 2898 1286 cibum
2942 1228 3075 1284 facit
3102 1230 3334 1284 salutem
3409 1229 3601 1299 singu-

2023 1326 2198 1380 lorum
2233 1333 2440 1378 natura:
2475 1324 2800 1392 participium
2836 1340 2850 1387 ;
2887 1322 2980 1376 sed
3026 1337 3134 1377 non
3173 1329 3371 1385 totum,
3421 1331 3477 1375 at
3533 1338 3598 1375 ex

2025 1416 2198 1470 mellis
2225 1415 2347 1469 faro
2372 1415 2584 1468 scilicet
2611 1423 2818 1484 partem
2852 1415 3166 1475 manducat,
3192 1413 3321 1482 quia
3349 1428 3454 1466 non
3484 1429 3602 1466 cre-

2023 1505 2280 1560 diderunt
2307 1519 2520 1558 omnes.
2545 1503 2663 1558 Non
2693 1505 2808 1573 ipse
2840 1504 3057 1572 quidem
3080 1503 3218 1557 hanc
3254 1512 3460 1570 partem
3488 1503 3604 1553 suis

2025 1597 2280 1651 manibus
2312 1596 2528 1665 accipit,
2561 1597 2655 1650 sed
2686 1612 2712 1648 a
2742 1595 3026 1665 discipulis
3069 1610 3129 1648 ea
3190 1594 3290 1660 ipsi
3348 1592 3602 1659 olieriur;

2023 1689 2280 1757 discipuli
2312 1689 2454 1743 enim
2489 1689 2674 1743 fideles
2717 1688 2864 1743 solos
2897 1688 2965 1741 ab
3001 1685 3310 1740 infidelibus
3346 1699 3606 1754 segrega-

2029 1791 2112 1835 tos
2143 1779 2532 1835 adducunt.lta
2580 1794 2709 1834 vero
2740 1780 2971 1848 ideoque
3002 1779 3340 1832 manducans
3371 1793 3434 1832 ex
3457 1778 3608 1846 pisce

2027 1882 2080 1927 et
2107 1873 2282 1928 mellis
2311 1873 2434 1927 favo
2466 1887 2650 1927 coram
2693 1872 2982 1940 discipulis
3016 1872 3132 1926 suis
3169 1872 3452 1930 Dominus,
3489 1885 3604 1923 ηιθ-

2027 1981 2210 2020 mores
2238 1981 2333 2020 eos
2355 1965 2484 2019 fecit
2509 1966 2796 2019 verborum
2825 1980 2946 2032 quae
2969 1964 3100 2033 ipsis
3118 1963 3367 2033 praedixit
3389 1964 3452 2016 ad
3481 1978 3512 2030 p
3533 1979 3605 2016 as-

2025 2059 2234 2114 sionem
2254 2057 2482 2121 vadens,
2506 2056 2858 2123 semetipsum
2890 2056 2991 2110 hoc
3024 2057 3184 2108 modo
3210 2057 3466 2108 eumdem
3486 2069 3608 2108 esse

2024 2149 2395 2220 patefaciens;
2431 2163 2558 2202 nam
2586 2149 2728 2204 sicut
2756 2148 3083 2218 przedixerat
3107 2186 3123 2212 ,
3156 2147 3228 2201 ita
3277 2155 3606 2211 evenerunt;

2025 2253 2082 2299 et
2138 2242 2352 2313 aperuit
2405 2241 2512 2297 illis
2561 2248 2859 2296 sensumut
2886 2239 3244 2308 intelligerent
3269 2237 3610 2306 Scripturas,

2026 2344 2082 2389 et
2121 2333 2326 2388 scirent
2371 2332 2627 2402 quoniam
2677 2331 2820 2387 sicut
2861 2329 3126 2400 scriptum
3170 2328 3386 2392 fuit,ita
3407 2327 3609 2382 factum

2027 2435 2199 2493 est,et
2217 2426 2297 2481 sic
2319 2424 2601 2495 oportebat
2635 2438 2732 2494 per
2757 2423 3082 2477 immensum
3103 2420 3360 2475 bonitatis
3389 2421 3616 2489 pelagus

2029 2535 2127 2590 pro
2145 2518 2451 2572 hominibus
2471 2518 2742 2571 hominem
2769 2513 2882 2569 fieri
2902 2513 3239 2582 unigenitum
3268 2513 3356 2566 Dei
3389 2511 3611 2575 Filium,

2032 2611 2376 2669 manifestari
2396 2618 2448 2664 et
2469 2608 2835 2664 testimonium
2852 2605 3138 2660 desursum
3161 2606 3406 2675 accipere
3429 2619 3457 2658 a
3484 2619 3618 2658 voce

2030 2703 2207 2759 Patris
2224 2711 2277 2757 et
2297 2699 2718 2766 diviniSpiritus
2752 2697 3212 2761 manifestatione,
3247 2698 3405 2752 fidem
3437 2707 3490 2751 et
3522 2698 3621 2750 ad-

2030 2795 2369 2850 mirationem
2401 2794 2580 2848 facere
2625 2794 2780 2848 novis
2815 2791 3070 2862 operibus
3115 2789 3405 2860 verbisque
3433 2788 3611 2855 novis,

2033 2889 2249 2943 invidiae
2281 2902 2402 2942 esse
2429 2887 2512 2941 eis
2541 2887 2634 2956 qui
2666 2899 2772 2940 non
2817 2885 3044 2954 gloriam
3080 2883 3170 2936 Dei
3205 2883 3299 2936 sed
3331 2881 3613 2934 hominum

2033 2987 2302 3050 quaerunt,
2329 2988 2492 3048 atque
2549 2977 2726 3048 prodi,
2749 2975 2992 3044 crucifigi
3025 2984 3078 3028 et
3103 2973 3348 3042 sepeliri,
3378 2982 3433 3027 et
3459 2973 3616 3027 tertia

2034 3073 2122 3127 die
2151 3087 2181 3126 a
2200 3071 2429 3126 mortuis
2449 3084 2753 3139 resurgere,
2775 3077 2829 3123 et
2853 3067 3139 3137 praedicari
3170 3069 3222 3120 in
3252 3066 3474 3120 nomine
3499 3064 3620 3133 ejus

370 3155 465 3208 καὶ
495 3155 667 3224 λόγων
691 3159 948 3224 ἐξαισίων
969 3177 984 3192 ·
1017 3161 1356 3234 φθονηθῆναι
1386 3183 1445 3218 τε
1481 3167 1575 3218 καὶ
1623 3168 1932 3238 παραδοθῆ-

2040 3165 2412 3236 paenitentiam
2439 3171 2496 3218 et
2518 3163 2899 3218 remissionem
2931 3169 3302 3232 peccatorum,
3325 3159 3624 3228 incipiente

369 3263 458 3300 sat
488 3249 640 3318 παρὰ
686 3249 794 3302 τῶν
852 3252 925 3321 μὴ
979 3252 1288 3322 ζητούντων
1312 3257 1411 3323 τὴν
1443 3257 1602 3323 δόξαν
1643 3260 1738 3314 τοῦ
1771 3260 1933 3326 Θεοῦ,

374 3337 510 3391 ἀλλὰ
545 3340 644 3409 τὴν
674 3341 782 3394 τῶν
822 3342 1160 3411 ἀνθρώπων
1198 3348 1587 3418 σταυρωθῆναί
1612 3368 1672 3404 τε
1717 3353 1811 3405 καὶ
1839 3371 1939 3408 τα·-

372 3430 556 3499 φῆναι,
591 3433 684 3485 καὶ
724 3435 1025 3505 ἀναστῆναι
1059 3439 1122 3490 ἐκ
1167 3439 1378 3509 νεκρῶν
1417 3444 1481 3512 τῇ
1535 3443 1697 3514 τρίτῃ
1732 3444 1935 3517 ἡμέρᾳ,

376 3523 472 3576 καὶ
521 3525 862 3595 κηρυχθῆναι
898 3528 990 3579 ἐπὶ
1023 3528 1100 3596 τῷ
1162 3530 1388 3599 ὀνόματι
1447 3534 1613 3588 αὐτοῦ
1649 3537 1941 3605 μετάνοιαν

373 3621 466 3673 καὶ
516 3620 707 3687 ἄφεσιν
736 3623 1041 3694 ἁμαρτιῶν,
1069 3623 1178 3676 ἁπό
1223 3626 1582 3696 Ἰερουσαλὴμ
1609 3628 1925 3698 ἀρξαμένου

2032 3274 2063 3312 a
2094 3256 2395 3312 Jerusalem
2423 3254 2832 3326 praedicatione,
2864 3269 3143 3323 prteconcs
3169 3263 3223 3308 et
3242 3263 3408 3308 testes
3427 3252 3620 3305 horum

2033 3349 2151 3406 fieri
2177 3358 2285 3404 tam
2321 3348 2414 3418 qui
2445 3349 2696 3402 viderunt
2724 3363 2888 3417 quam
2921 3347 3016 3416 qui
3052 3346 3293 3401 ministri
3335 3345 3456 3414 ejus
3488 3343 3617 3398 lacti

2035 3451 2191 3507 sunt;
2227 3442 2426 3510 quibus
2461 3441 2674 3496 mittere
2705 3440 3323 3509 promittitpromissum
3347 3435 3548 3493 Patris.
3569 3436 3622 3488 id

2035 3548 2119 3591 σει
2138 3534 2402 3604 Spiritum
2434 3541 2711 3598 sanctum,
2744 3539 2800 3585 et
2825 3531 2993 3599 jussit
3031 3544 3127 3585 eos
3157 3531 3349 3584 sedere
3382 3527 3432 3580 in
3467 3525 3628 3581 Jeru-

2038 3629 2206 3683 salem
2235 3626 2594 3697 quoadusque
2648 3625 2947 3678 induantur
2976 3624 3184 3678 virtute
3219 3638 3282 3704 ex
3312 3621 3445 3675 alto.

378 3713 466 3766 τοῦ
497 3712 852 3782 κηρύγματος
875 3729 891 3744 °
921 3713 1171 3784 κήρυκάς
1221 3735 1279 3769 τε
1330 3719 1424 3771 καὶ
1465 3720 1752 3788 μάρτυρας
1792 3715 1933 3774 εἶναι
1971 3719 2178 3773 τούτων
2203 3717 2400 3779 αὐτοὺς
2422 3717 2548 3778 τοὺς
2578 3716 2856 3779 αὐτόπτας
2885 3715 2980 3767 καὶ
3044 3712 3326 3783 ὑπηρέτας
3387 3727 3623 3781 γεγενηο

391 3805 568 3871 μένους
593 3807 758 3860 αὐτοῦ
786 3823 798 3837 ⁶
829 3803 911 3872 οἷς
945 3809 1040 3864 καὶ
1079 3810 1319 3879 πέμψειν
1369 3811 1576 3866 ἄνωθεν
1604 3813 2077 3882 ἐπαγγειλάμενος
2111 3814 2210 3879 τὴν
2233 3809 2569 3878 ἐπαγγελίαν
2599 3809 2695 3860 τοῦ
2769 3807 3002 3875 Πατρὸς,
3065 3806 3266 3878 δηλαδὴ
3327 3805 3386 3858 τὸ
3440 3805 3619 3857 Πνεῦο

385 3913 457 3963 μα
484 3897 543 3948 τὸ
573 3897 747 3964 ἅγιον.
800 3901 1104 3967 προσέταξε
1145 3901 1419 3970 καθῆσθαι
1451 3906 1508 3957 ἐν
1554 3903 1934 3976 Ἰερουσαλὴμ,
1973 3906 2078 3968 ἕως
2109 3895 2170 3956 οὖ
2205 3901 2536 3956 ἐνδύσωνται
2565 3899 2796 3968 δύναμιν
2823 3899 2880 3963 ἐξ
2906 3897 3094 3968 ὕψους·

455 3988 612 4060 124
637 3989 1026 4060 Διαλεγόμενος
1056 3989 1150 4047 οὖν
1175 3993 1320 4047 οὕτω
1345 3997 1457 4057 τοῖς
1512 3996 1740 4060 οἰκείοις
1774 3997 1948 4066 μαθη-

376 4083 496 4140 ταῖς
523 4081 548 4130 ὀ
581 4082 782 4150 Κύριος
811 4083 876 4135 τὰ
917 4087 1180 4153 σωτήρια,
1217 4085 1489 4155 ἐξήγαγεν
1519 4087 1714 4150 αὐτοὺς
1746 4089 1810 4142 ἐκ
1843 4089 1945 4160 τῆς

376 4173 579 4237 οἰκίας,
613 4175 706 4226 καὶ
762 4177 1079 4245 προήγαγεν
1113 4179 1312 4241 αὐτοὺς
1353 4179 1455 4242 ἕως
1509 4183 1609 4252 τῆς
1641 4179 1939 4248 Βηθανίας,

375 4268 470 4318 καὶ
491 4265 794 4334 εὐλογήσας
828 4267 1025 4331 αὐτοὺς
1045 4269 1230 4337 διέστη
1255 4271 1347 4322 ἀπ’
1376 4271 1578 4336 αὐτῶν,
1615 4273 1710 4324 καὶ
1742 4273 1943 4340 ἀνεφέ-

381 4373 504 4426 ρετο
529 4357 610 4419 είς
641 4357 731 4409 τὸν
762 4359 1010 4428 οὐρανὸν,
1049 4361 1143 4412 καὶ
1180 4361 1256 4424 ὼς
1287 4362 1527 4431 ὀχήματι
1576 4363 1778 4435 νεφέλῃ
1828 4382 1941 4432 φω-

376 4445 468 4508 τὸς
521 4448 866 4517 χρησάμενος
914 4449 1143 4517 ἀνῆλθεν
1187 4452 1245 4503 ἐν
1277 4451 1426 4522 δόξῃ.
1455 4454 1548 4505 καὶ
1580 4454 1828 4523 εἰσῆλθεν
1863 4455 1944 4517 εἰς

2127 3995 2291 4064 Igitur
2322 4002 2606 4062 postquam
2647 3992 2908 4046 Dominus
2951 3993 3022 4046 ita
3053 3991 3342 4061 discipulis
3386 3993 3504 4046 suis
3539 4009 3626 4048 sa-

2054 4082 2251 4137 lutaria
2283 4083 2534 4147 dixisset,
2576 4081 2768 4138 eduxit
2790 4097 2883 4136 eos
2913 4082 2980 4136 de
3009 4081 3197 4145 domo,
3231 4093 3286 4136 et
3315 4083 3546 4136 adduxit
3569 4084 3622 4137 iu

2055 4173 2396 4239 Bethaniam,
2425 4184 2480 4230 et
2502 4176 2632 4230 dum
2666 4176 2774 4229 illis
2797 4175 3165 4236 benediceret,
3196 4173 3426 4228 recessit
3449 4174 3517 4227 ab
3547 4174 3627 4228 eis

2051 4278 2105 4323 et
2135 4268 2421 4323 ferebatur
2451 4269 2500 4321 in
2549 4269 2770 4330 cmlum,
2817 4277 2871 4320 et
2903 4267 3048 4320 velut
3081 4282 3247 4320 curru
3292 4267 3434 4320 nube
3468 4273 3628 4319 utens

2053 4359 2236 4415 lucida
2268 4359 2512 4414 ascendit
2543 4361 2596 4413 in
2631 4360 2804 4427 gloria
2833 4369 2886 4412 et
2917 4359 3141 4413 intravit
3175 4359 3226 4412 in
3259 4357 3459 4412 Sancta
3492 4373 3626 4411 san-

2052 4462 2267 4506 ctorum
2299 4468 2408 4506 non
2437 4468 2598 4506 manu
2636 4453 2799 4514 facta,
2830 4461 2881 4504 et
2907 4453 3045 4504 ευιίὶι
3073 4467 3100 4503 a
3125 4451 3334 4503 dextris
3365 4451 3627 4517 majesta-

374 4537 446 4588 τὰ
508 4539 898 4610 ἀχειροποίητα
953 4542 1118 4610 Ἀγια
1170 4543 1280 4594 τῶν
1313 4543 1633 4610 ἁγῐων,καὶ
1693 4547 1932 4599 ἐκάθισει

2062 4541 2131 4595 lis
2197 4541 2250 4594 in
2309 4541 2486 4606 cwlis,
2528 4544 2844 4610 figmentum
2884 4549 3127 4593 nostrum
3165 4541 3346 4592 throni
3385 4539 3527 4593 sicut
3573 4548 3630 4592 et

317 4604 354 4706 Γ,
377 4630 438 4681 ἐν
467 4604 645 4700 δεξιᾷ-
668 4630 769 4699 τῆς
814 4604 1228 4703 *μεγαλωσύνης
1259 4636 1317 4686 ἐν
1346 4604 1621 4706 οὐρανοῖς,
1649 4638 1948 4706 ὁμόθρονον

351 4695 455 4782 Ιὡς
485 4695 976 4791 ὁμόθεον-ποιήσας
1010 4722 1070 4774 τὸ
1101 4695 1372 4794 ήμέτερον
1405 4695 1659 4796 ιρύραμα.
1683 4695 1802 4790 ’Ὧςι
1825 4728 1881 4780 δέ
1903 4729 1951 4781 οἱ

381 4813 672 4866 ἀπόστολοι
727 4815 825 4866 οὐκ
862 4815 1085 4869 ἀνίεσαν
1104 4818 1181 4878 εἰς
1209 4817 1301 4869 τὸν
1329 4819 1557 4889 οὐρανὸν
1587 4821 1948 4886 ἀτενίζοντες,

377 4903 622 4970 ἀγγέλων
673 4905 962 4978 ἐπιστασίᾳ
1014 4907 1398 4976 μανθάνουσιν,
1426 4910 1501 4973 ὡς
1535 4904 1691 4973 οὗτος
1738 4912 1952 4964 ἐλεύσε-

376 5009 470 5046 ται
495 4994 659 5047 πάλιν
711 4996 770 5060 ἐξ
820 4998 1052 5065 οὐρανοῦ
1089 5000 1309 5053 πάντων
1337 5001 1612 5071 ὁρώντων.
1646 5003 1805 5056 Οὕτω
1838 5005 1948 5075 γὰρ

379 5086 478 5136 καὶ
505 5085 664 5146 αὐτὸς
695 5087 724 5138 ὁ
750 5087 952 5156 Κύριος
989 5092 1242 5160 προεῖπε,
1281 5094 1374 5144 καὶ
1413 5092 1442 5144 ὁ
1499 5093 1697 5164 Δανιὴλ
1751 5096 1950 5164 πρότε-

381 5195 480 5247 ρον
533 5177 796 5249 ἑώρακεν.
845 5201 864 5233 ι
898 5178 1048 5236 Εἶδον
1087 5183 1216 5253 γὰρ,
1253 5184 1440 5252 φησὶν,
1479 5185 1556 5249 ὡς
1585 5187 1712 5242 Υίον
1743 5187 1952 5258 ἀνθρώ-

386 5287 490 5322 που
524 5271 818 5340 ἐρχόμενον
865 5275 959 5326 ἐπὶ
1003 5274 1112 5327 τῶν
1157 5275 1515 5342 νεφελῶθτοῦ
1547 5279 1781 5347 οὐρανοῦ
1807 5296 1820 5308 ο
1862 5299 1880 5332 ι
1919 5283 1946 5334 ὁ

377 5361 435 5414 δέ
462 5364 688 5432 Κύριος,
728 5381 745 5416 ι
776 5365 1056 5434 Ὄψονται,
1084 5370 1239 5436 φησι,
1297 5369 1471 5421 πᾶσαι
1523 5371 1580 5422 αἱ
1633 5373 1800 5439 φυλαὶ
1851 5375 1951 5442 τῆς

380 5454 482 5521 γῆς
519 5454 608 5507 τὸν
647 5452 894 5511 Υιδντού
925 5457 1217 5528 ἀνθρώπου
1267 5461 1566 5529 ἐρχόμενον
1597 5465 1694 5517 ἐπὶ
1721 5465 1828 5516 τῶν
1863 5483 1949 5517 νε-

379 5545 557 5613 φελῶν
587 5546 681 5598 τοῦ
717 5549 971 5616 οὐρανοῦ.
1004 5568 1022 5600 ι
1061 5550 1191 5601 Τότε
1244 5553 1294 5604 oi
1353 5553 1601 5622 μαθηταὶ
1635 5560 1948 5626 προσκυνή-

405 5651 583 5699 παντες
633 5639 696 5690 ἐκ
747 5637 840 5690 τοῦ
895 5639 1180 5702 Ἐλαιῶνος
1229 5640 1351 5694 ὅθεν
1405 5643 1500 5697 καὶ
1536 5644 1812 5716 ἀνελήφθη
1856 5649 1944 5699 τὸν

453 5821 629 5875 ‘Dan.
667 5834 764 5886 vn,
806 5823 884 5876 l5.
964 5825 982 5854 ²
1033 5822 1224 5877 ill-.itth.
1266 5839 1411 5889 utv,
1447 5823 1515 5878 '50

2051 4632 2352 4688 divinitatis
2386 4634 2659 4702 particeps
2690 4632 2953 4686 efﬁciens.
2982 4632 3117 4686 Cum
3152 4640 3332 4685 autem
3388 4632 3623 4700 apostoli

2049 4739 2156 4776 non
2185 4733 2463 4778 cessarent
2489 4724 2677 4778 oculos
2715 4725 2767 4777 iu
2801 4723 2998 4779 cwlum
3029 4724 3394 4788 intendentes,
3427 4724 3494 4777 ab
3530 4740 3629 4776 an-

2049 4814 2184 4884 gelis
2265 4815 2571 4876 astantihus
2644 4815 2915 4878 discunt,
2963 4814 3222 4884 quoniam
3277 4815 3365 4869 hic
3437 4831 3632 4869 rursus

2049 4905 2229 4960 veniet
2260 4920 2290 4960 e
2326 4906 2490 4971 caelo,
2526 4906 2842 4961 videntibus
2873 4907 3006 4960 illis.
3042 4906 3116 4959 Ita
3149 4907 3296 4960 enim
3344 4907 3458 4972 jam
3493 4922 3631 4975 pra:-

2051 4997 2566 5064 dixeratDominus,
2595 4999 2886 5066 Danielque
2916 4999 3246 5066 praeviderat
3277 5014 3291 5052 :
3324 5017 3342 5050 ι
3371 4996 3517 5059 Vidi,
3548 4997 3636 5050 in-

2048 5093 2187 5161 quit,
2222 5092 2379 5159 quasi
2405 5083 2602 5146 Filium
2638 5092 2879 5148 hominis
2911 5093 3219 5147 venientem
3253 5107 3417 5160 super
3461 5091 3626 5144 nubi--

2049 5183 2150 5237 bus
2185 5183 2307 5237 (διιειί
2333 5185 2404 5236 ’.ι
2449 5183 2709 5237 Dominus
2742 5198 2893 5247 vero,
2940 5200 2959 5234 ι
2988 5181 3282 5243 Videbunt,
3317 5181 3410 5243 ait,
3437 5193 3633 5231 Olilnt's

2050 5273 2226 5329 tribus
2267 5285 2424 5328 terra:
2473 5272 2670 5327 Filium
2705 5275 2939 5328 hominis
2970 5275 3279 5329 venientem
3309 5273 3360 5325 in
3391 5271 3631 5324 nubibus

2052 5366 2242 5430 coeli}.
2281 5385 2299 5418 ι
2333 5365 2488 5421 Tunc
2513 5367 2771 5436 discipuli
2801 5368 3098 5420 adorantes
3129 5381 3158 5420 a
3195 5373 3376 5418 m0ute
3410 5361 3626 5423 Olivcli,

2061 5464 2203 5518 unde
2229 5473 2549 5533 assumptus
2574 5472 2678 5526 est,
2707 5463 2985 5517 caelestem
3021 5462 3333 5522 Dominum,
3363 5458 3455 5527 qui
3485 5455 3630 5508 unde

2059 5554 2419 5610 descenderat
2463 5567 2518 5610 ut
2555 5565 2754 5609 terram
2797 5555 2998 5610 cu-lum
3038 5554 3263 5617 faceret,
3289 5565 3354 5606 co
3407 5562 3630 5604 rursum

2056 5648 2410 5714 ascendebat,
2463 5649 2554 5719 qui
2615 5648 2874 5704 inferiora
2937 5647 3192 5717 supernis
3229 5643 3618 5714 coniunxerat.
