4046 6484
291 409 408 467 Ξῆὒ
1685 419 1879 479 nom

1988 420 2250 483 \XXH.
3477 418 3584 480 286

280 527 621 592 ἀναγνώσει
657 533 751 584 καὶ
805 537 866 603 τῇ
923 535 1262 605 διδασκαλίᾳ,
1303 536 1396 587 7.1".
1433 535 1724 604 προσέχειν
1752 537 1879 604 μετέ

1995 551 2276 598 versantes
2302 547 2356 595 et
2383 542 2446 596 ad
2480 556 2604 594 eum
2638 540 2872 610 quicum
2909 537 3064 593 Patre
3095 547 3149 592 ct
3181 537 3388 604 Spiritu
3431 535 3587 590 Sedet

281 621 662 683 κατανύξεως
708 627 773 693 τῇ
828 626 1010 695 δεήσει
1072 627 1163 678 καὶ
1222 628 1344 688 ταῖς
1405 626 1760 693 προσευχαῖς,
1801 628 1879 677 κα¹

2001 647 2166 701 super
2195 635 2429 688 vertices
2457 633 2606 696 creti,
2631 633 2698 686 ad
2725 633 3007 686 Christum
3039 632 3239 686 mentis
3264 629 3480 683 oculum
3512 629 3594 679 in-

280 713 419 772 τοῖς
459 711 647 780 ὓμνοις
680 720 791 777 τοῖς
827 718 958 783 πρδς
986 719 1076 769 τδν
1121 717 1254 770 Θεόν
1275 735 1289 748 '
1319 716 1744 786 ἁναπληρὼσετε
1785 718 1879 786 γάς

2003 727 2287 779 tendentes
2319 725 2414 794 qui
2447 741 2548 778 nos
2585 725 2676 779 Dei
2711 724 2853 778 tilias
2887 723 3095 783 effecit,
3146 738 3250 773 non
3297 722 3442 772 nudo
3488 733 3589 771 no-

285 803 466 856 οὖτω
516 808 611 858 καὶ
661 808 820 876 ὑμεῖς
870 809 930 862 τὸ
973 810 1253 862 Σάὄεατον
1291 809 1430 862 κατά
1462 810 1523 862 τὸ
1560 808 1879 877 Εὐαγγέλιοι

2002 817 2150 869 mine
2185 818 2496 886 adoptatos,
2550 816 2642 869 scd
2699 815 2752 868 in
2789 814 3298 868 communicatione
3349 809 3587 877 Spiritus

285 899 406 963 τῆς
457 898 552 948 τοῦ
585 898 720 951 Θεοῦ
759 903 982 969 χάριτος
1035 903 1469 970 πολιτευόμενοι,
1502 905 1762 974 καὶπρὸς
1801 906 1879 958 τδι

1999 908 2198 970 sancti,
2233 907 2386 960 carni
2435 908 2605 975 ipsius
2637 915 2692 959 et
2717 904 2998 973 sanguini,
3034 903 3142 956 Duo
3175 913 3224 955 et
3253 903 3417 956 nobis
3446 899 3588 952 invi-

287 986 457 1055 ὑπὲρ
489 989 586 1052 τὰς
622 992 880 1060 οὐρανίας
906 993 1099 1060 ἁᾲίδας
1140 995 1429 1063 ἱδρυμένον
1454 997 1555 1048 σὺν
1591 996 1766 1062 Ilath
1800 997 1879 1048 κα⁴

1998 1010 2114 1049 cem
2147 997 2335 1052 intime
2365 997 2714 1066 conjunctns.

289 1078 597 1147 Πνεύματι
643 1082 703 1134 τὸ
760 1083 912 1151 ὄμμα
942 1088 1040 1154 τῆς
1074 1085 1314 1148 διανοίας
1339 1089 1720 1150 ἀνατείναντες
1758 1089 2017 1154 Χριστὸν,
2061 1089 2119 1151 ὃς
2152 1091 2304 1154 υἱοὺς
2365 1093 2627 1160 ἐποίησεν
2669 1093 2820 1160 ἡμᾶς
2890 1090 3024 1144 Θεοῦ
3085 1090 3185 1142 οὐκ
3240 1086 3584 1150 εἰσποιητοὺς

289 1173 543 1240 ὀνόματι
571 1174 732 1246 ψιλῷ,
791 1175 908 1228 ἀλλ’
938 1181 995 1231 ἐν
1052 1181 1308 1251 κοινωνίᾳ
1345 1181 1490 1235 θείου
1538 1183 1880 1252 Πνεύματος,
1929 1184 2094 1253 σαρκί
2139 1202 2197 1238 τε
2247 1186 2342 1239 καὶ
2382 1186 2574 1256 αἵματι
2615 1186 2690 1256 τῷ
2725 1184 2957 1249 ἑαυτοῦ,
2999 1181 3115 1250 Θεῷ
3182 1180 3276 1232 καὶ
3334 1179 3584 1248 ἀλλήλοις

293 1268 859 1336 προσῳκειωμένους.

379 1359 749 1427 Φυλάττωμεν
802 1360 896 1413 οὖν
925 1362 994 1414 δι’
1027 1363 1247 1430 ἀγάπην
1282 1362 1569 1416 ἀδιάλυτον
1613 1365 1715 1435 τὴν
1751 1365 1889 1434 πρὸς

300 1451 589 1520 ἀλλήλους
617 1452 821 1520 ταύτην
865 1454 1096 1521 ἑνότητα
1120 1469 1135 1481 ·
1169 1455 1457 1524 βλέπωμεν
1509 1456 1597 1509 ἀεὶ
1629 1456 1768 1526 πρὸς
1797 1457 1889 1509 τὸν

299 1545 428 1598 ἄνω
459 1545 784 1619 ⁵γεννῆιτορα
807 1562 820 1574 ·
854 1546 912 1597 οὗ
947 1548 1053 1615 γὰρ
1089 1546 1164 1599 ἔτι
1195 1549 1258 1600 ὲκ
1316 1550 1413 1616 τῆς
1444 1548 1548 1616 γῆς
1579 1551 1745 1617 ἐσμεν
1777 1553 1894 1618 χοῖ-

301 1639 423 1703 κοί,
457 1637 530 1700 ὡς
559 1639 586 1691 ὁ
623 1639 837 1706 πρῶτος
871 1639 1177 1708 ἄνθρωπος,
1206 1640 1322 1692 ἀλλ’
1355 1641 1428 1703 ὡς
1458 1643 1486 1694 ὁ
1519 1641 1770 1712 δεύτερος
1800 1641 1891 1696 ἄν·

303 1728 556 1798 ορωπῡς,
583 1732 607 1782 ὁ
643 1729 845 1798 Κύριος
879 1731 936 1796 ἐξ
954 1731 1186 1801 οὐρανοῦ
1209 1750 1223 1762 '
1244 1728 1355 1796 οἷος
1381 1735 1406 1785 ό
1436 1734 1637 1801 χοῖκὺῖ,
1664 1734 1894 1788 τοιοῦτοι

304 1823 409 1872 καὶ
466 1825 513 1874 οἱ
566 1823 764 1892 χοῗκοὶ,
811 1818 920 1885 οἶος
949 1826 976 1875 ὁ
1019 1825 1365 1894 ἐπουράνιος,
1433 1824 1666 1878 τοιοῦτοι
1717 1827 1810 1879 καὶ
1839 1828 1890 1879 oi

305 1915 653 1984 ἐπουράνιοι.
691 1916 778 1978 Ὠς
801 1915 892 1969 οὖν
923 1916 1269 1986 ἐφορέσαμεν
1299 1919 1400 1987 τὴν
1424 1917 1610 1970 είκόνα
1645 1918 1739 1970 τοῦ
1776 1922 1890 1988 χοῖ-

2056 1365 2347 1419 Servemns
2367 1379 2494 1431 ergo
2509 1379 2600 1432 per
2617 1364 2932 1419 charitatcm
2955 1359 3386 1416 indissolubilrm
3418 1360 3580 1414 istam

1997 1474 2121 1514 cum
2173 1458 2292 1513 aliis
2344 1457 2649 1522 unitatem;
2723 1457 3054 1525 aspiciamus
3113 1468 3330 1522 semper
3385 1467 3582 1521 super-

2002 1566 2134 1604 num
2177 1549 2529 1619 genitorem;
2579 1550 2691 1617 jam
2744 1549 2890 1602 enim
2942 1563 3054 1602 non
3111 1561 3306 1602 sumus
3336 1559 3401 1598 ex
3436 1554 3579 1598 terra

2001 1642 2201 1695 terreni
2232 1642 2374 1695 sicut
2411 1641 2622 1710 primus
2655 1643 2840 1706 homo,
2871 1638 2967 1694 sed
3016 1639 3160 1693 sicut
3189 1652 3364 1692 navus
3394 1636 3578 1698 homo,

2003 1733 2264 1787 Dominus
2289 1733 2532 1788 caelestis
2565 1751 2579 1798 ;
2613 1732 2790 1801 qualis
2815 1730 3234 1794 terrenus,tales
3263 1738 3318 1782 et
3352 1726 3576 1790 terreni,

1999 1826 2178 1894 qualis
2203 1824 2467 1893 caelestis,
2503 1825 2639 1878 tales
2667 1833 2721 1876 ut.
2745 1824 3019 1878 caelestes.
3065 1823 3237 1890 Igitur
3269 1821 3417 1876 sicut
3454 1834 3580 1886 par-

1998 1916 2232 1970 tavimus
2287 1917 2580 1987 imaginem
2618 1915 2838 1977 terreni,
2867 1925 3152 1983 portemus
3179 1921 3234 1967 et
3283 1911 3577 1980 imaginem

306 2006 437 2072 κοῦ,
476 2008 798 2078 φορέσωμεν
859 2010 950 2062 καὶ
1006 2011 1106 2080 τὴν
1165 2010 1349 2063 εἰκόνα
1398 2011 1490 2064 τοῦ
1523 2013 1879 2082 ἐπουρανίου,

1997 2006 2260 2069 ccelestis,
2293 2021 2389 2061 cor
2422 2023 2645 2062 sursum
2683 2007 2750 2060 ad
2790 2021 2916 2059 eum
2953 2005 3238 2068 habentes,
3268 2010 3579 2071 spectemus

308 2105 412 2155 καὶ
441 2103 538 2172 τὴν
574 2103 802 2174 καρδίαν
835 2103 946 2158 ἄνω
973 2104 1110 2174 πρὸς
1163 2105 1324 2158 αὐτὸν
1370 2105 1609 2176 ἔχοντες,
1635 2105 1890 2173 θεώμεθα

306 2195 376 2248 τὸ
432 2194 574 2264 μέγα
615 2195 792 2265 θέαμα
847 2196 1027 2259 τοῦτο,
1059 2197 1158 2266 τὴν
1203 2198 1485 2268 ἡμετέραν
1516 2201 1700 2266 φύσιν;
1737 2199 1890 2270 ἀΰλῳ

308 2288 834 2351 συνδιαιωνίζουσαν
858 2288 1110 2358 θεότητος
1147 2291 1281 2360 πυρί
1301 2306 1316 2322 ’
1345 2292 1438 2343 καὶ
1467 2290 1565 2361 τὴν
1597 2292 1735 2363 πρὸς
1759 2293 1888 2356 τοὺς

305 2379 670 2447 δερματίνους
707 2379 939 2449 χιτῶνας
965 2381 1292 2450 ἀποθέμενοι
1321 2383 1526 2452 σχέσιν,
1551 2384 1644 2446 οὒς
1678 2386 1740 2438 ἐκ
1780 2404 1887 2438 πα-

313 2470 600 2539 ραϐἀσεως
630 2471 975 2540 ἐνδεδῦμεθα,
1009 2473 1225 2541 στῶμεν
1252 2476 1310 2526 ἐν
1347 2477 1415 2543 γῇ
1448 2476 1599 2546 ἁγίᾳ,
1635 2478 1734 2546 τὴν
1764 2478 1886 2530 καθ’

311 2564 511 2617 ἑαυτὸν
557 2563 785 2625 ἕκαστος
809 2564 919 2632 γῆν
954 2565 1116 2633 ἁγίαν
1153 2566 1220 2619 δι’
1246 2567 1448 2638 ἀρετῆς
1480 2569 1572 2620 καὶ
1602 2571 1702 2639 τῆς
1734 2570 1889 2623 ἀκλι-

321 2655 454 2718 νοῦς
486 2656 620 2724 πρὸς
667 2656 799 2707 Θεὸν
825 2655 1061 2720 νεύσεως
1093 2658 1497 2725 ἀποδείξαντες,
1541 2660 1616 2722 ὡς
1649 2659 1714 2714 ἂν
1742 2663 1886 2732 παῤ-

312 2748 512 2819 ρησίαν
569 2747 809 2818 σχῶμεν,
843 2748 1242 2818 ἐπιδημοῦντος
1290 2755 1348 2803 ἐν
1404 2755 1538 2820 πυρὶ
1581 2751 1674 2804 τοῦ
1723 2752 1882 2820 Θεοῦ,

313 2843 410 2894 καὶ
447 2842 807 2912 φωτισθῶμεν
832 2845 1300 2916 προσδραμόντες,
1335 2847 1428 2898 καὶ
1454 2848 1883 2900 συνδιαιωνίσω-

311 2951 418 3002 μεν
451 2935 830 3005 φωτιζόμενοι,
894 2939 976 3000 εἰς
1027 2938 1188 3002 δόξαν
1232 2938 1394 2990 αὑτοῦ
1447 2939 1540 2991 τοῦ
1597 2941 1880 2993 ἀνωτάτου

308 3026 514 3092 φωτὸς,
558 3027 658 3096 τῆς
688 3029 963 3098 τρισηλίου
1006 3030 1098 3084 καὶ
1133 3031 1624 3100 μοναρχικωτάτης
1654 3033 1880 3104 φαιδρό-

306 3135 475 3186 τητος
496 3135 510 3150 ·
605 3121 754 3172 πᾶσα
783 3120 931 3186 δόξα,
955 3123 1176 3189 κράτος,
1200 3121 1335 3191 τιμὴ
1365 3122 1461 3175 καὶ
1479 3123 1880 3192 προσκύνησις,

309 3209 406 3262 νῦν
430 3212 522 3265 καὶ
550 3212 655 3277 ἀεὶ,
676 3211 770 3265 καὶ
796 3213 874 3276 είς
909 3213 1034 3274 τοὺς
1065 3213 1268 3276 αἰῶνας
1287 3213 1396 3266 τῶν
1420 3211 1655 3268 αἰώνων.
1683 3214 1878 3286 Ἀμήν.

901 3414 1144 3468 ΟΜΙΛΙΑ
1184 3416 1314 3473 ΚΒ’.

313 3529 414 3592 εις
453 3527 567 3593 τὴν
598 3526 792 3593 αὐτὴν
826 3526 1074 3596 ἑορτήν-⁸
1115 3531 1184 3584 ἐν
1243 3525 1284 3603 ᾖ
1338 3535 1437 3588 καὶ
1494 3536 1628 3605 περὶ
1677 3537 1886 3593 παθῶν

899 3626 998 3680 καὶ
1037 3624 1284 3696 ἀρετῶν.

390 3755 612 3808 Βλέπετε
646 3757 742 3824 τὴν
795 3759 988 3829 κοινὴν
1013 3759 1145 3828 ἡμῖν
1171 3759 1367 3828 ἑορτὴν
1403 3760 1501 3813 καὶ
1531 3760 1880 3831 εὐφροσύνην

331 3847 536 3916 ταύτην,
573 3849 640 3918 ἢν
672 3851 698 3901 ό
739 3850 941 3920 Κύριος
993 3851 1150 3919 ἡμῶν
1193 3851 1404 3920 Ἰησοῦς
1433 3855 1672 3923 Χριστὸς
1719 3855 1778 3908 ἐν
1812 3856 1878 3927 τῇ

325 3940 600 3993 ἀναστάσει
647 3944 740 3995 καί
781 3943 1050 4012 ἀναλήψει
1095 3945 1262 3998 αὐτοῦ
1317 3947 1430 4008 τοῖς
1468 3947 1545 4007 είς
1583 3945 1748 3998 αὐτὸν
1787 3963 1879 3998 πε-

320 4033 654 4087 πιστευκόσιν
740 4036 1068 4104 ἐχαρίσατο;
1126 4036 1224 4089 Διά
1299 4036 1527 4107 θλίψεως
1590 4038 1874 4093 ἀνέϐλυσε.

318 4122 542 4176 Βλέπετε
593 4127 690 4196 τὴν
748 4127 914 4195 ζωὴν,
948 4126 1148 4195 μᾶλλον
1172 4128 1225 4180 δὲ
1263 4128 1363 4198 τὴν
1400 4129 1703 4183 ἀθανασίαν
1742 4131 1870 4182 ταύο

314 4216 562 4280 τηνςΔιὰ
619 4217 844 4270 θανάτου
886 4219 1020 4287 ἡμῖν
1051 4221 1308 4286 ἐπέφανε.
1361 4221 1593 4273 Βλέπετε
1627 4222 1685 4274 τὸ
1714 4222 1878 4292 οὕρά-

313 4322 420 4358 νιον
472 4307 620 4376 ὕψος,
664 4309 740 4370 είς
775 4307 800 4359 ὃ
833 4308 1216 4379 ὐπερυψωθεὶς
1267 4311 1500 4375 ἀνῆλθεν
1544 4315 1572 4366 ό
1614 4315 1871 4383 Χριστὸς,

310 4399 405 4452 καὶ
435 4400 530 4465 τὴν
560 4397 1095 4469 ὖπερδεδοξασμένην
1146 4403 1212 4474 ἣν
1267 4403 1412 4456 κατά
1445 4403 1626 4471 σάρκα
1653 4405 1876 4470 δεδόξα..

310 4508 431 4543 σται
475 4489 663 4556 δόξαν;
712 4491 810 4543 Διά
853 4491 1236 4556 ταπεινώσεως
1284 4496 1379 4546 καὶ
1434 4495 1653 4558 ἀδοξίας
1699 4496 1874 4566 αὐτῆς

311 4583 557 4650 ἐπέτυχε.
599 4584 861 4652 Καθάπερ
883 4586 975 4637 καὶ
1011 4587 1038 4638 ὁ
1073 4585 1123 4636 Ἀ
1139 4587 1396 4647 πόστολος
1418 4589 1545 4657 περὶ
1577 4587 1743 4640 αὐτοῦ
1771 4607 1874 4658 φη·

313 4688 428 4726 σιν⁶
490 4675 652 4727 (Ὅτι
705 4677 1064 4729 ἐταπείνωσεν
1117 4679 1281 4748 126
1329 4681 1544 4744 ἑαυτὸν,
1581 4681 1873 4748 γενόμενος

1999 2100 2102 2154 hoc
2129 2099 2454 2154 miraculum
2481 2114 2762 2169 magnum,
2791 2106 3044 2150 naturam
3075 2105 3316 2149 nostram
3345 2090 3574 2160 spiritali

1995 2192 2215 2247 deitatis
2254 2192 2376 2261 igne
2408 2190 2745 2261 ’perennitcr
2785 2189 3130 2252 involutam;
3167 2196 3222 2241 et
3274 2184 3475 2252 reiecto
3506 2181 3574 2235 ad

1995 2286 2214 2340 carnale
2256 2285 2635 2338 indumentum
2670 2281 2913 2344 vinculo,
2965 2277 3108 2347 (ιιιοά
3160 2292 3224 2330 ex
3273 2286 3578 2340 transgres-

1993 2379 2148 2432 sione.
2180 2376 2480 2438 induimus,
2533 2384 2742 2428 stemus
2786 2374 2840 2424 in
2869 2371 3061 2426 tellure
3096 2375 3308 2428 sancta.
3367 2373 3570 2418 terram

1992 2477 2236 2524 sanetam
2280 2466 2334 2519 in
2372 2465 2528 2520 nobis
2560 2462 2761 2532 singuli
2807 2460 3134 2516 exhibentes
3187 2471 3283 2526 per
3315 2455 3573 2508 virtutem

1991 2571 2046 2616 et
2075 2569 2278 2614 rectam
2305 2557 2371 2611 ad
2394 2555 2562 2611 Deum
2590 2556 2756 2619 viam,
2790 2553 2866 2607 ita
2892 2551 3221 2605 utﬁdueiam
3252 2547 3571 2612 habeamus,

1992 2651 2102 2706 Deo
2126 2652 2178 2704 in
2213 2651 2336 2719 igne
2367 2655 2683 2716 apparente,
2712 2654 2766 2699 et
2793 2643 3167 2698 illuminemur
3195 2646 3572 2702 aCClll'l't‘llleS,

1989 2754 2040 2799 et
2077 2741 2368 2797 illuminati
2396 2740 2450 2792 in
2485 2746 2750 2793 :eternum
2787 2734 3119 2801 fulgeamus,
3153 2731 3204 2784 in
3235 2730 3458 2797 gloriam
3493 2728 3574 2780 lu-

1989 2836 2155 2890 minis
2196 2832 2468 2895 altissimi,
2508 2831 2640 2886 solis
2691 2827 2837 2884 illius
2873 2827 3039 2879 unius
3066 2824 3287 2891 quidem
3322 2831 3375 2874 et
3405 2819 3571 2874 simul

1990 2927 2134 2981 trino
2161 2925 2357 2992 juhare
2387 2920 2757 2984 coruscantis,
2789 2919 2877 2972 cui
2913 2917 3095 2970 cunnis
3121 2914 3296 2983 gloria
3321 2951 3336 2974 .
3374 2912 3569 2975 virtus,

1991 3019 2171 3074 honor
2196 3027 2250 3072 et
2280 3015 2532 3072 adoratio
2564 3028 2712 3070 nunc
2743 3021 2796 3067 et
2831 3024 3051 3080 semper
3083 3015 3137 3063 et
3165 3009 3219 3060 in
3247 3005 3443 3060 saecula
3469 3017 3570 3058 sa:-

1988 3111 2259 3168 culorum.
2290 3108 2486 3164 Amen.

2540 3416 2827 3474 HOMILIA
2864 3416 3033 3473 XXII.

1984 3536 2053 3592 In
2083 3535 2320 3592 eamdem
2359 3536 2735 3607 festivitatem;
2770 3536 2823 3588 in
2861 3551 2967 3604 qua
2989 3536 3151 3588 etiam
3204 3535 3268 3589 de
3319 3533 3460 3588 vitiis
3515 3539 3566 3588 et

2641 3626 2945 3680 virtutibus.

2052 3765 2192 3820 Num
2220 3765 2418 3819 videtis
2451 3778 2798 3817 communem
2828 3764 2988 3816 istam
3023 3761 3180 3815 nobis
3212 3759 3561 3813 festivitatem

1980 3865 2036 3911 et
2063 3855 2303 3908 laetitiam
2337 3869 2500 3922 quam
2535 3853 2794 3907 Dominus
2820 3862 3006 3906 uoster
3035 3849 3195 3904 Jesus
3229 3849 3484 3903 Christus
3507 3849 3560 3902 in

1979 3962 2079 4002 sua
2117 3946 2522 4002 resurrectione
2552 3955 2605 3998 et
2629 3944 2950 3998 ascensione
2976 3942 3325 3997 credentibus
3356 3941 3410 3994 in
3434 3954 3559 3995 eum

1980 4039 2210 4107 largitus
2231 4038 2356 4092 est?
2379 4038 2480 4091 Per
2505 4036 2915 4091 tribulationem
2943 4043 3130 4089 exorta
3152 4043 3256 4088 est.
3285 4031 3562 4086 Videtisne

1979 4129 2146 4182 vitam
2179 4128 2264 4182 vel
2301 4127 2482 4197 potius
2535 4126 2693 4180 istam
2732 4124 3245 4179 inmortalitatem?
3283 4121 3385 4176 Per
3415 4138 3560 4176 mor-

1982 4231 2085 4275 tem
2114 4221 2273 4275 nobis
2298 4218 2804 4274 ell‘ulsit.Videtisne
2831 4219 3106 4272 caelestem
3133 4216 3474 4271 altitudinem
3503 4215 3559 4270 in

1978 4327 2143 4383 quam
2188 4313 2434 4374 elevatus
2467 4310 2716 4365 ascendit
2747 4309 3025 4373 Christus,
3060 4318 3114 4363 et
3137 4309 3557 4377 supereminen-

1981 4415 2089 4461 tem
2117 4405 2349 4472 gloriam
2379 4419 2486 4474 qua
2509 4404 2811 4458 secundum
2837 4416 3056 4457 carnem
3086 4401 3422 4469 gloriﬁcatus
3449 4395 3559 4453 est?

1978 4495 2081 4551 l‘er
2120 4496 2554 4550 lmmiliationem
2588 4505 2640 4549 et
2665 4493 3023 4564 opprobrium
3051 4507 3170 4544 eam
3202 4491 3426 4544 sortitus
3451 4495 3553 4543 est.

1976 4587 2442 4653 Quemadmodum
2463 4587 2751 4655 Apostolus
2773 4586 2838 4639 de
2858 4585 2972 4654 ipso
2995 4583 3131 4637 dixit
3153 4599 3168 4638 :
3192 4603 3208 4634 ι
3224 4580 3555 4646 _llumilia\'it

1977 4683 2327 4751 semetipsum
2359 4680 2532 4735 factus
2551 4679 2811 4734 obediens
2845 4694 3016 4747 usque
3038 4677 3104 4732 ad
3128 4686 3383 4737 mortem,
3409 4689 3559 4727 mor-

311 4767 546 4836 ὒπήκοος
597 4767 755 4837 μέχρι
809 4769 1059 4830 θανάτου,
1122 4771 1354 4824 θανάτου
1384 4772 1440 4823 δὲ
1483 4773 1758 4839 σταυροῢ”
1789 4772 1869 4824 διδ

1988 4789 2080 4829 ,em
2101 4783 2279 4828 autem
2303 4775 2482 4827 erucis
2502 4790 2517 4836 ;
2538 4780 2754 4842 propter
2771 4771 2913 4840 quod
2931 4781 2982 4824 et
2999 4768 3138 4824 Deus
3163 4769 3416 4822 exaltavit
3433 4783 3555 4820 eum

312 4858 405 4912 καὶ
432 4859 460 4910 ό
497 4858 625 4922 Θεὸς
673 4859 835 4911 αὐτὸν
878 4860 1231 4930 ὑπερύψωσε,
1259 4863 1354 4914 καὶ
1399 4863 1700 4931 ἐχαρίσατο
1727 4863 1875 4930 αὐτῷ

311 4952 473 5019 δνομα
499 4951 558 5002 τδ
605 4951 742 5022 ὑπὲρ
774 4954 884 5005 πᾶν
915 4953 1087 5022 ὄνομα
1108 4970 1122 4985 ⁸
1165 4955 1252 5006 ἵνα
1289 4957 1346 5007 ἐν
1399 4955 1478 5024 τῷ
1510 4955 1734 5023 ὀνόματι
1775 4956 1878 5025 Ἰηο

315 5041 536 5113 σοῦοπᾶν
561 5044 688 5109 γόνυ
730 5043 924 5114 κάμψῃ
967 5046 1310 5115 ἐπουρανίων
1358 5046 1454 5099 καὶ
1487 5047 1749 5114 ἐπιγείων
1781 5049 1875 5100 καὶ

277 5135 698 5204 ’καταχθονίιυν,
739 5137 833 5189 καὶ
884 5140 1034 5190 πᾶσα
1095 5137 1319 5206 γλῶσσα
1377 5138 1871 5208 ἐξομολογήσηται,

312 5229 386 5278 ὅτι
411 5226 610 5295 Κύριος
646 5226 850 5294 Ἰησοῦς
873 5229 1108 5299 Χριστὸς
1136 5233 1221 5294 εἰς
1250 5231 1408 5294 δόξαν
1434 5231 1569 5284 Θεοῦ
1599 5232 1866 5300 Πατρός.»

315 5317 371 5370 Εἰ
399 5317 577 5371 τοίνυν
601 5321 779 5383 ὁΘεδς
811 5320 902 5372 τὸν
934 5321 1168 5390 Χριστὸν
1199 5322 1398 5385 αὐτοῦ,
1433 5323 1514 5374 ὅτι
1562 5323 1864 5376 ἐταπεινώ-

317 5411 502 5481 θη,‹’Ξτι
540 5413 841 5481 ὴτιμάσθη,
875 5415 954 5466 ὅτι
1003 5415 1330 5484 ἐπειράσθη,
1372 5415 1455 5469 ὅτι
1500 5419 1733 5484 σταυρὸν
1779 5419 1873 5468 καὶ

318 5505 535 5559 θάνατον
560 5507 924 5560 ἐπονείδιστον
947 5509 1086 5579 ὑπὲρ
1113 5510 1271 5579 ἡμῶν
1299 5510 1583 5577 ὑπέμεινε,
1603 5509 1690 5561 διὰ
1714 5508 1872 5560 τοῦτο

319 5597 650 5667 ὑπερύψωσε,
697 5599 812 5663 πῶς
845 5602 989 5671 ἡμᾶς
1025 5601 1191 5654 σώσει
1246 5602 1342 5654 καὶ
1391 5600 1720 5665 δοξάσεικαὶ
1746 5604 1874 5655 ἀνυ-

319 5684 476 5756 ψώσει
523 5688 598 5756 μὴ
624 5690 723 5758 τὴν
751 5693 1088 5746 ταπείνωσιν
1136 5690 1458 5762 ἐ).ομένους;
1516 5691 1606 5762 μὴ.
1642 5689 1742 5761 τὴν
1787 5690 1869 5753 είς

382 5874 401 5907 ⁸
430 5872 652 5944 Philipp.
682 5891 739 5940 ιι,
773 5878 822 5930 8.

1979 4878 2032 4920 et
2065 4867 2215 4920 dedit
2243 4865 2317 4918 illi
2351 4879 2546 4917 nomen
2579 4863 2724 4932 quod
2747 4871 2832 4915 est
2853 4877 3014 4931 super
3045 4876 3207 4914 omne
3233 4875 3428 4912 nomen
3458 4898 3472 4922 ,
3502 4867 3557 4910 ut

1980 4959 2035 5013 in
2068 4960 2285 5013 noininc
2311 4956 2436 5012 Jesu
2465 4973 2626 5010 annue
2650 4971 2789 5026 genu
2825 4954 3073 5009 ﬂectatur
3097 4955 3426 5020 cmicslium,
3455 4963 3562 5007 ter-

1981 5052 2238 5107 restrium
2275 5063 2330 5106 et
2359 5050 2727 5112 infernarum,
2789 5059 2842 5103 et
2871 5048 3050 5102 omnis
3093 5049 3275 5116 lingua
3302 5046 3563 5102 conﬁtea-

1982 5154 2073 5198 tur
2108 5145 2236 5212 quia
2280 5143 2542 5196 Dominus
2571 5140 2733 5195 Jesus
2764 5141 3021 5196 Christus
3055 5141 3107 5194 in
3140 5141 3311 5210 gloria
3343 5148 3426 5193 est
3464 5139 3558 5193 Dei

1985 5234 2161 5287 Patris
2184 5234 2226 5286 ⁸.
2269 5253 2286 5284 ι
2330 5232 2386 5286 Si
2421 5247 2551 5302 ergo
2582 5232 2722 5286 Deus
2759 5231 3039 5285 Christum
3079 5246 3263 5292 suum,
3298 5231 3424 5297 quia
3454 5231 3557 5281 hu—

1983 5327 2246 5389 miliatus,
2280 5324 2403 5394 quia
2430 5325 2726 5394 ignominia
2749 5323 2996 5384 atii-ctus,
3016 5324 3142 5392 quia
3183 5331 3422 5375 tentatus
3451 5330 3556 5382 est,

1978 5419 2104 5486 quia
2155 5432 2253 5485 pro
2286 5396 2444 5469 nobis
2469 5430 2686 5468 crucem
2733 5414 2902 5468 subiit
2945 5423 3268 5482 turpemque
3301 5421 3555 5471 mortem,

1983 5510 2104 5562 ideo
2138 5507 2413 5571 exaltavit,
2440 5504 2720 5576 quomodo
2750 5520 2850 5560 nos
2884 5505 3118 5558 salvahit
3149 5514 3199 5558 et
3226 5501 3554 5571 gioriﬁcabit

1981 5600 2085 5654 nisi
2111 5599 2543 5653 liuiuiliationem
2565 5596 2930 5668 elegerimus?
2953 5596 3058 5652 nisi
3083 5595 3403 5650 charitatcm
3429 5609 3556 5662 erga

1981 5688 2178 5746 {.atres
2209 5689 2666 5745 exhibuerimus?
2696 5688 2803 5744 nisi
2840 5687 3052 5743 animas
3085 5693 3304 5740 nostras
3334 5700 3427 5754 per
3460 5698 3556 5755 pa-
