4046 6464
486 354 596 449 εει

493 603 786 661 angustam
819 602 1032 662 portam
1069 603 1124 648 et
1157 593 1298 647 viam
1325 593 1380 647 in
1405 604 1666 649 aeternam
1695 595 1861 649 vitam
1898 595 2070 649 intro-

498 689 785 738 «Iucentem
819 687 1011 739 ducem
1037 698 1286 740 nostrum
1315 697 1488 741 secuti
1522 687 1787 741 fuerimus
1808 687 1829 739 ι
1853 687 1934 742 Ad
1969 689 2071 741 hoc

491 777 643 830 enim
670 778 848 831 vocati
876 792 1090 836 sumus,
1137 776 1273 832 dicit
1306 778 1506 833 Petrus
1557 778 1815 848 princeps
1853 788 2072 850 aposto-

499 871 675 921 lorum
718 889 729 922 :
785 887 804 920 ι
845 867 986 934 Quia
1061 867 1316 925 Christus
1364 885 1562 938 passus
1605 879 1689 925 est
1744 886 1841 938 pro
1892 871 2072 936 nobis,

497 962 659 1016 nobis
684 961 997 1030 relinquens
1023 962 1355 1032 exemplum,
1397 974 1458 1020 ut
1499 980 1602 1019 nos
1634 979 1932 1033 sequamur
1978 980 2075 1019 ve-

500 1054 664 1124 stigia
698 1053 818 1123 ejus
842 1054 887 1108 '.
928 1071 948 1105 ι

577 1233 760 1299 Quare
801 1243 982 1288 autem
1020 1249 1116 1303 per
1145 1242 1347 1290 ‘tautas
1381 1235 1666 1304 passiones
1694 1237 1933 1305 perrexit
1982 1235 2076 1291 Dei

501 1326 802 1381 Christus?
839 1340 1011 1395 quare
1038 1325 1185 1380 Deus
1212 1326 1363 1379 hune
1395 1336 1682 1395 propterea
1716 1327 2000 1390 exultavit,
2026 1336 2081 1381 et

503 1437 517 1469 ι
542 1434 604 1474 os
640 1420 692 1471 in
713 1418 1025 1472 societatem
1055 1419 1375 1488 passionum
1402 1418 1526 1473 Filii
1552 1419 1637 1473 sui
1661 1418 1937 1476 advocat?
1961 1417 2082 1487 lpse

509 1509 649 1563 Deus
671 1509 840 1572 solus,
873 1508 1012 1562 idem
1034 1519 1117 1563 est
1135 1524 1354 1577 semper
1370 1518 1428 1562 et
1450 1517 1583 1563 ante
1599 1511 1796 1565 saecula
1818 1518 1874 1564 et
1904 1510 1958 1564 in
1982 1526 2085 1565 sata

504 1602 627 1656 cula
649 1612 705 1656 et
726 1618 893 1665 nunc,
919 1603 1039 1657 sine
1061 1608 1364 1656 nitutatlone
1387 1618 1714 1670 permanens
1741 1620 1759 1670 ;
1786 1604 1906 1658 sine
1935 1603 2083 1671 prin-

505 1698 671 1763 cipio,
734 1696 853 1751 sine
904 1696 1029 1760 line,
1072 1711 1185 1750 non
1214 1695 1394 1751 factus
1421 1713 1522 1752 nec
1546 1699 1947 1766 pessumdatus.
1972 1713 2080 1752 non

502 1801 701 1844 auctus
732 1804 834 1843 nec
858 1789 1187 1855 minor-atus,
1225 1805 1403 1858 neque
1426 1791 1547 1843 loco
1578 1790 1751 1844 aliove
1778 1791 1941 1845 modo
1964 1806 2085 1845 mu-

507 1888 690 1942 tatus;
729 1887 985 1943 internus,
1047 1879 1344 1943 increatus,
1402 1879 1572 1933 metui
1629 1895 1735 1933 non
1785 1880 2077 1944 obnoxius,

509 1970 854 2037 inconfusus,
909 1971 1192 2033 infinitus;
1239 1973 1354 2040 ipse
1387 1972 1570 2026 ornnia
1608 1982 1827 2027 mutans
1873 1974 1928 2028 in
1965 1989 2078 2027 me-

510 2063 616 2116 lius
645 2073 807 2132 prout
844 2063 1102 2130 voltlcrit,
1153 2064 1267 2133 ipse
1318 2064 1638 2133 permittens
1679 2065 1731 2117 in
1767 2063 1920 2133 pejus
1956 2080 2081 2117 mu—

504 2154 615 2208 tari
638 2169 759 2223 quae
790 2155 935 2209 istud
971 2156 1258 2226 patiuntur
1286 2172 1304 2221 ;
1345 2171 1510 2210 omne
1540 2172 1668 2211 vero
1693 2158 1836 2225 quod
1865 2158 2080 2211 initiqu

503 2253 565 2298 ct
599 2248 954 2301 mutationem
1004 2246 1166 2302 habet
1193 2247 1456 2311 sustinet,
1504 2263 1633 2302 nam
1669 2250 1823 2316 quasi
1864 2241 2080 2304 initium

503 2345 593 2391 est
627 2339 883 2392 mutatio.
928 2337 1101 2407 Igitur
1149 2353 1275 2392 cum
1322 2340 1604 2393 mutabilis
1622 2341 1695 2394 sit
1717 2340 1900 2395 omnis
1933 2356 2088 2396 erea-

506 2436 657 2487 tura.
708 2438 816 2482 tam
856 2428 1091 2482 visibilis
1118 2444 1282 2497 quam
1326 2429 1639 2495 invisibilis,
1676 2439 1784 2484 tam
1819 2446 1940 2499 qua:
1983 2424 2088 2487 sub

513 2534 734 2574 sensum
768 2519 911 2574 cadit
957 2536 1119 2589 quam
1161 2536 1282 2589 quae
1348 2537 1455 2575 non
1509 2522 1677 2585 cadit,
1703 2533 1812 2577 tam
1879 2524 2091 2581 ratione

515 2612 736 2679 praedita
789 2626 951 2679 quam
996 2612 1099 2666 ista
1152 2613 1383 2681 privata,
1421 2614 1536 2667 sola
1584 2615 1814 2668 rationis
1866 2624 2087 2683 natura,

508 2720 638 2757 cum
669 2703 919 2759 libertate
955 2706 1217 2772 potiatur.
1255 2724 1285 2759 ιι
1333 2707 1615 2761 voluntate
1655 2716 1957 2777 spontequc
1996 2710 2091 2762 ha-

514 2796 601 2849 bet
636 2807 692 2850 ut
727 2797 778 2849 in
808 2796 1004 2850 melius
1035 2797 1118 2850 rel
1165 2797 1217 2850 in
1267 2795 1425 2866 pejus
1463 2805 1727 2859 mutetur,
1763 2797 1849 2850 vel
1891 2797 2090 2851 divinze

518 2885 783 2941 voluntati
824 2887 1106 2942 adhaerens
1137 2903 1167 2941 a
1203 2904 1308 2956 qua
1349 2887 1550 2958 accipit
1582 2898 1643 2943 ut
1671 2888 1724 2942 in
1762 2899 2089 2958 perpetuum

510 2977 583 3033 ad
618 2980 809 3034 melius
836 2995 1127 3052 progressa
1158 2981 1430 3050 proﬁciat,
1465 2981 1548 3035 vel
1580 2981 1777 3035 divina:
1818 2981 2085 3037 voluntati

517 3070 976 3142 OllSiBICIIS.jIl3le
1014 3072 1185 3127 aDeo
1240 3074 1497 3129 derelicta
1538 3083 1593 3130 et
1646 3074 1701 3129 in
1760 3074 1915 3145 pejus
1992 3077 2091 3131 mi-

1750 385 2131 451 GREGORII
2162 386 2481 447 PALAMJS

495 501 740 554 ιὶοιιιιίιιιιι
794 504 849 555 in
889 501 1280 557 teutationihus
1328 502 1777 572 possederimus‘l
1814 503 1918 558 nisi
1969 516 2066 572 per

2198 500 2307 564 ῖοὺς
2361 501 2670 572 ὁμοφύλους
2716 503 2944 573 ἀγάπην
2993 502 3450 573 ἐνδεικνυμένους
3475 519 3489 567 ἲ

3655 384 3751 447 ΤΒ

3545 499 3619 572 μὴ
3660 501 3749 564 τὰς

2181 594 2397 649 ἑαυτῶν
2455 595 2636 666 ψυχὰς
2665 596 2753 649 διὰ
2785 596 2881 664 τῆς
2923 596 3034 651 τῶν
3084 597 3424 668 πειρασμῶν
3479 594 3749 664 ὑπομονῆς

2174 687 2578 757 κτησαμένουςς
2601 689 2678 759 μὴ
2699 689 2786 743 διὰ
2802 688 2905 758 τῆς
2926 692 3008 754 εἱς
3031 689 3175 760 ζωὴν
3197 687 3427 743 αἰώνιον
3448 690 3564 742 ἀπα
3574 688 3757 757 γούσης

2177 781 2370 849 στενῆς
2414 781 2590 849 πύλης
2631 783 2723 837 καὶ
2750 781 2872 836 ὀδοῦ
2900 782 2979 853 τῷ
3019 786 3156 852 πρὸς
3183 782 3360 850 αὐτὴν
3399 781 3757 849 ποδηγήσαντι

2177 869 2462 938 σωτηρίως
2488 870 2789 940 ἑπομένους
2813 890 2829 938 ;
2853 873 2946 934 Είς
2970 870 3130 924 τοῦτο
3150 871 3259 940 γὰρ
3284 870 3627 939 ὲκλήθημεν,
3662 886 3759 936 φη·
3809 931 3815 936 _

2178 962 2263 1012 σῖν
2292 960 2321 1012 ὁ
2352 963 2644 1028 κορυφαῖος
2688 961 2799 1014 τῶν
2827 961 3142 1014 ἀποστόλων
3187 960 3401 1029 Πέτρος
3424 974 3439 989 ο
3479 976 3499 1009 ι
3526 959 3646 1012 Ὀτι
3673 959 3757 1012 καὶ

2177 1052 2412 1119 Χριστὸς
2441 1051 2644 1106 ἔπαθεν
2672 1051 2814 1121 ὑπὲρ
2838 1051 3017 1122 ἡμῶν,
3052 1052 3186 1122 ἡμῖν
3208 1050 3616 1119 ὑπολιμπάνων
3638 1049 3758 1102 ὑπο-

2177 1143 2458 1214 γραμνδν,
2492 1145 2579 1198 ίνα
2600 1144 3137 1215 Δἔιπακολουθήσωμεν
3162 1146 3275 1206 τοῖς
3302 1147 3516 1211 ίχνεσιν
3543 1143 3750 1197 αὐτοῦ.»

2264 1236 2425 1289 Ἀλλὰ
2454 1237 2598 1299 τίνος
2627 1237 2789 1290 ἕνεκα
2828 1236 2915 1290 διὰ
2957 1236 3068 1289 τῶν
3113 1235 3384 1289 τοιούτων
3429 1235 3758 1304 παθημάτων

2183 1326 2276 1380 καὶ
2299 1307 2445 1379 ὀέοῦ
2480 1325 2617 1379 Θεοῦ
2659 1324 2866 1379 ὥδευσε
2916 1327 3174 1396 Χριστὸς,
3209 1327 3311 1381 καὶ
3353 1328 3383 1381 ὁ
3440 1326 3577 1390 Θεὸς
3607 1326 3757 1380 αὑτὸν

2182 1417 2269 1471 διὰ
2302 1418 2462 1470 τοῦτο
2494 1416 2849 1487 ύπερύψωσε,
2897 1419 2992 1471 καὶ
3038 1419 3186 1487 ἡμᾶς
3232 1418 3380 1489 πρὸς
3434 1418 3537 1488 τήν
3583 1434 3763 1471 κοινω-

2184 1510 2303 1564 νίαν
2332 1509 2492 1563 καλεῖ
2533 1508 2644 1561 τῶν
2672 1509 3014 1580 παθημάτων
3040 1509 3132 1564 τοῦ
3170 1511 3305 1565 Υίοῦ
3358 1510 3531 1564 αὑτοῦ
3557 1528 3571 1576 ;
3605 1509 3761 1572 Αὐτὸς

2181 1601 2214 1654 ὅ
2238 1600 2369 1663 Θεὸς
2401 1600 2584 1670 μόνος,
2618 1601 2648 1653 ό
2678 1600 2840 1665 αύτός
2893 1603 3044 1655 ἐστιν
3086 1601 3175 1655 ἀεὶ
3223 1601 3338 1671 πρὸ
3394 1601 3509 1654 τῶν
3566 1599 3763 1654 αἰώνων

2186 1693 2282 1747 καὶ
2336 1693 2416 1756 είς
2468 1692 2675 1756 αἰῶνας
2735 1693 2830 1746 καὶ
2881 1692 2982 1755 ἔτι,
3045 1691 3417 1758 ἀναλλοίωτος
3472 1693 3761 1763 διαμένων·

2187 1785 2287 1838 οὐκ
2350 1785 2680 1855 ἀρχόμενος,
2737 1786 2799 1839 ού
2841 1786 3181 1855 παυόμενος,
3230 1786 3295 1838 ού
3358 1787 3669 1856 γινόμενος.
3709 1786 3762 1840 οὐ

2189 1878 2567 1949 φθειρόμενος,
2598 1878 2701 1931 οὐκ
2746 1877 3067 1947 αὐξόμενος,
3102 1877 3162 1931 οὗ
3192 1878 3550 1947 μειούημενος,
3599 1879 3765 1931 οὐδενὶ⁵

2187 1969 2429 2041 τρόπῳῆ
2463 1970 2615 2039 τόπῳ
2652 1969 3132 2039 μεταϐαλλόμενος
3155 1985 3171 2002 ·
3205 1970 3473 2041 ἄναρχος,
3505 1970 3765 2035 ἀκτιστος,

2191 2062 2481 2132 ἄτρεπτος,
2530 2061 2862 2132 ἀσύγχυτος,
2914 2060 3339 2130 ἀπεριόριστοςο
3378 2061 3546 2124 αὐτὸς
3601 2060 3764 2114 πάντα

2189 2154 2408 2223 τρέπων
2440 2153 2534 2206 ἐπὶ.
2566 2153 2627 2206 τὸ
2660 2154 2937 2222 κρεῖττον,
2967 2151 3042 2215 ὡς
3090 2151 3368 2223 βούλεται,
3407 2155 3572 2216 αὐτὸς
3603 2170 3766 2213 παρα-

2191 2245 2386 2319 χωρῶν
2417 2245 2509 2299 ὲπὶ
2539 2244 2599 2301 τὸ
2622 2246 2806 2316 χεῖρον
2832 2243 3134 2315 τρέπεσθαι
3158 2244 3229 2299 τὰ
3257 2245 3425 2299 τοῦτο
3451 2245 3529 2300 πά
3542 2263 3722 2317 ῖχοντα
3742 2260 3759 2280 ο

2193 2341 2303 2393 πᾶν
2333 2339 2389 2393 δὲ
2414 2339 2475 2391 τὸ
2515 2338 2639 2408 ἕχον
2663 2338 2840 2409 ἀρχὴν
2872 2337 2971 2391 καῖ
2990 2337 3202 2408 τροπὴν
3230 2338 3574 2405 ὑφίσταται*
3605 2338 3766 2408 τροπὴ

2192 2431 2303 2500 γάρ
2332 2431 2467 2498 τιςή
2494 2430 2636 2500 ἀρχή
2672 2431 2810 2483 ἐστι.
2840 2428 3096 2499 Τρεπτῆς
3122 2423 3217 2481 οῦν
3243 2427 3419 2500 οὔσης
3460 2430 3639 2495 πάσης
3675 2426 3765 2491 τῆς

2194 2524 2449 2587 κτίσεως,
2475 2523 2576 2585 ὅση
2612 2521 2781 2592 ὁρατὴ
2809 2521 2903 2574 καὶ
2958 2521 3059 2591 ὅση
3105 2520 3367 2589 ἀόρατος,
3400 2522 3504 2590 ὅση
3537 2518 3761 2589 αἰσθητὴ

2197 2617 2293 2671 καὶ
2323 2616 2422 2686 ὅση
2465 2612 2814 2681 ἀναίσθητος,
2843 2613 2947 2681 ὃση
3000 2612 3197 2682 λογικὴ
3231 2615 3327 2666 καὶ
3371 2615 3474 2681 ὅση
3500 2613 3705 2679 ἄλογος,
3734 2610 3763 2680 ή

2196 2706 2392 2777 λογικὴ
2423 2706 2562 2778 μόνη
2601 2705 2764 2774 φύσις
2798 2704 2858 2757 τδ
2885 2702 3236 2768 αὐτεξούσιον
3282 2701 3524 2773 ἔχουσα,
3566 2701 3764 2756 ἐθελού-

2200 2817 2314 2855 σιον
2352 2799 2464 2870 ἔχει
2524 2799 2623 2871 τὴν
2675 2800 2769 2853 ἐπὶ
2800 2797 2860 2851 τὸ
2881 2800 3065 2868 χεῖρον
3096 2796 3129 2867 ἢ
3157 2796 3218 2848 τδ
3273 2798 3535 2865 κρεῖττον
3571 2794 3763 2866 τροπήν

2197 2891 2410 2947 οἴκοθεν
2440 2892 2534 2944 καὶ
2565 2891 2693 2958 παρ’
2720 2889 2943 2957 ἑαυτῆς,
2976 2887 3010 2958 ἢ
3050 2886 3149 2957 τῆς
3182 2887 3279 2940 τοῦ
3302 2887 3445 2941 Θεοῦ
3481 2886 3765 2957 βουλήσεως

2199 2985 2557 3055 ἀντεχομένη,
2594 2981 2722 3053 παρ’
2761 2977 2829 3053 ἧς
2875 2982 2910 3050 ή
2958 2982 3094 3050 πρὸς
3120 2979 3182 3032 τὸ
3211 2982 3471 3048 κρεῖττον
3501 2980 3560 3042 ἐς
3587 2976 3764 3043 τὸδιη-

2199 3076 2357 3138 νεκὲς
2382 3075 2555 3146 ταύτῃ
2585 3073 2794 3141 γίνεται
2840 3071 3096 3143 προκοπὴ
3136 3073 3229 3123 καὶ
3259 3072 3445 3140 τροπὴ
3487 3072 3580 3123 καὶ
3610 3067 3759 3132 πρόο-

517 3177 640 3215 sere
671 3163 909 3230 ili-lapsa.
948 3165 1170 3219 Duabus
1210 3180 1341 3235 ergo
1372 3165 1787 3223 rationabilibus
1816 3170 2027 3225 naturis
2058 3185 2090 3224 a

2214 3167 2326 3231 δος,
2355 3167 2389 3236 ἢ
2421 3168 2486 3237 τῇ
2527 3164 2782 3236 βουλήσει
2827 3163 2921 3219 τοῦ
2972 3162 3111 3215 Θεοῦ
3169 3163 3560 3233 ἀντικειμένη,
3594 3160 3682 3214 καὶ
3704 3159 3760 3226 τῇ

503 3254 635 3314 Deo
659 3257 876 3311 creatis.
902 3257 1085 3324 priore
1114 3257 1333 3326 quidem
1354 3259 1718 3329 spiritualium
1750 3263 2094 3332 angelorum,

521 3348 827 3411 posteriore
871 3357 1054 3401 autem
1093 3348 1376 3405 hominum
1443 3353 1690 3420 corporis
1746 3355 2094 3423 participum,

523 3440 719 3493 harum
758 3442 903 3495 nulla
939 3443 1237 3499 custodivit
1280 3443 1647 3497 obedientiam
1685 3444 1737 3498 in
1773 3444 2094 3500 Creatorem

524 3530 926 3604 Dominumun
958 3548 1185 3602 naturai,
1214 3536 1307 3592 sed
1338 3539 1454 3608 ipse
1483 3538 1844 3606 spiritualium
1877 3541 2100 3610 angelo-

525 3641 646 3679 rum
686 3628 1022 3697 principatus
1059 3630 1321 3690 caelestis.
1374 3631 1524 3699 prior
1563 3642 1805 3695 creatus,
1842 3633 1993 3700 prior
2043 3632 2097 3685 in

523 3718 879 3772 defectionem
934 3737 961 3773 a
997 3721 1107 3776 Deo
1130 3723 1429 3790 mgrotarit.
1460 3725 1563 3790 Qui
1597 3740 1728 3795 ergo
1768 3741 1833 3781 ex
1874 3725 2100 3795 spirita-

523 3810 542 3866 l
570 3815 670 3866 hus
701 3812 908 3881 angelis
931 3815 1056 3869 huic
1081 3815 1228 3869 casui
1257 3817 1562 3885 superiores
1584 3829 1984 3876 remanserunt.
2009 3819 2099 3872 lux

525 3915 676 3970 sunt,
705 3914 760 3959 ct
786 3906 905 3958 luce
929 3920 1144 3975 semper
1169 3907 1467 3976 replentur.
1500 3917 1555 3961 et
1581 3924 1799 3978 semper
1830 3910 2102 3967 lucitliore

525 3996 734 4051 lumine
782 3998 1009 4066 Fulgent,
1062 3999 1252 4052 innato
1301 4016 1447 4054 motu
1488 3999 1721 4055 feliciter
1772 4013 2009 4065 utentes,
2044 4014 2100 4059 ct

528 4085 793 4139 saltantes
835 4086 888 4137 in
918 4087 1117 4153 gaudio
1150 4087 1293 4140 intra
1348 4088 1581 4153 pritnam
1629 4089 1829 4150 lucent.
1863 4092 1929 4143 ad
1978 4107 2099 4145 eam

532 4190 746 4243 semper
786 4186 1115 4242 spectantes,
1164 4192 1337 4244 eaque
1380 4178 1502 4231 sine
1557 4180 1739 4232 medio
1783 4181 2099 4246 illuminati,

529 4267 733 4321 fontem
765 4268 903 4323 lucis
934 4269 1053 4321 sine
1102 4269 1513 4323 intermissione
1563 4270 1873 4339 laudantes,
1924 4284 1981 4329 et
2032 4277 2098 4331 ad

528 4374 628 4432 eos
661 4360 755 4430 qui
791 4360 915 4414 loco
951 4358 1200 4414 inferiori
1232 4359 1616 4415 illuminantur
1659 4363 1941 4419 luciferam
1975 4364 2102 4419 mit-

534 4466 707 4508 tentes
730 4453 982 4521 gratiam,
1005 4452 1151 4505 velut
1173 4452 1409 4508 ministri
1454 4454 1610 4509 lucis.
1637 4453 1876 4511 Reltellis
1897 4467 2100 4524 autem,

526 4557 721 4615 negata
755 4545 865 4599 Deo
893 4545 1222 4611 obedientia,
1258 4543 1426 4599 Satan
1458 4561 1488 4599 ιι
1520 4545 1727 4600 lumine
1759 4549 2016 4604 excidens
2046 4550 2101 4604 in

526 4639 786 4693 tenebras
813 4638 1059 4707 dilapsus
1084 4649 1191 4701 est,
1221 4647 1274 4692 et
1312 4638 1378 4692 ad
1403 4639 1689 4708 caliginem
1711 4651 1972 4696 aeternam
2000 4642 2103 4699 fuit

529 4734 840 4792 daunnatus,
855 4740 909 4783 et
927 4729 1273 4783 tenebrarum
1287 4745 1402 4795 vas,
1424 4731 1769 4786 tenebrarum
1793 4733 2010 4800 artifex,
2027 4745 2107 4790 te-

527 4828 826 4878 nebrarum
853 4831 1046 4877 auctor
1071 4822 1246 4878 factus
1275 4822 1357 4877 est
1377 4833 1542 4892 atque
1572 4825 1843 4890 minister,
1870 4828 2107 4896 primum

528 4916 749 4984 quidem
779 4908 881 4970 sibi
905 4915 1182 4983 etangelis
1204 4915 1492 4984 apostasim
1520 4916 1707 4980 sociis,
1733 4916 1930 4973 deinde
1959 4933 2110 4989 vero,

523 5026 564 5062 ο
586 5007 809 5062 exitium
834 5008 849 5063 l
873 5016 924 5062 et
948 5008 1178 5063 nobisin
1199 5008 1452 5077 paradiso
1477 5006 1696 5079 Deiqui,
1720 5007 1828 5063 Deo
1844 5011 2111 5078 inﬁdeles,

527 5104 581 5156 ei
614 5100 967 5156 credidimus.
993 5103 1060 5155 At
1080 5117 1274 5156 omnes
1297 5102 1552 5171 nequitia!
1574 5103 1772 5172 angeli,
1807 5121 1931 5160 cum
1965 5108 2108 5163 velut

535 5196 671 5261 ipse
690 5193 802 5248 sint
829 5193 1091 5260 tenebrat,
1112 5196 1238 5261 quia
1263 5210 1369 5249 non
1394 5196 1445 5248 in
1463 5207 1613 5264 parte
1633 5195 1776 5249 istud
1816 5197 1939 5251 facti
1960 5209 2110 5265 sunt,

531 5288 632 5341 sed
658 5286 985 5356 principium
1013 5287 1371 5356 etplenitudo
1394 5298 1524 5341 sunt
1558 5287 1919 5352 inﬁdi-litatis,
1951 5292 2107 5346 radix

535 5394 723 5435 amara
759 5389 812 5433 et
843 5381 966 5433 fons
998 5380 1164 5435 totius
1201 5381 1431 5449 peccati,
1464 5382 1765 5450 praesertim
1802 5384 1927 5452 quia
1961 5384 2109 5441 illius

514 5471 698 5526 ’nohis
729 5481 855 5527 Stlnl.
876 5484 1151 5539 auctores,
1180 5472 1325 5527 nulla
1350 5473 1500 5527 venia
1523 5473 1743 5543 dignum
1767 5475 1963 5529 habent
1987 5491 2111 5544 pec-

535 5570 745 5623 catum,
772 5564 1095 5634 semetipsos
1120 5564 1520 5619 inconsiderate
1551 5564 1603 5618 in
1638 5565 1926 5634 spissiores
1955 5576 2109 5620 tene-

540 5654 1021 5724 bras-in-m'ttnnt,
1054 5673 1155 5714 nec
1180 5672 1417 5728 unquam
1445 5657 1509 5712 ad
1530 5656 1710 5712 lumen
1740 5658 1923 5713 omnis
1957 5668 2114 5713 uatu-

623 5824 647 5858 ³
683 5822 779 5885 ιιι.
806 5836 869 5881 tr.
902 5842 956 5891 ll,
998 5826 1046 5880 4.

2204 3260 2600 3330 παραχωρήσει
2631 3257 2823 3311 τούτου
2861 3256 3086 3315 δικαίως
3123 3256 3540 3317 ύποπίπτουσα,
3568 3254 3660 3306 καὶ
3683 3250 3765 3305 ἐπὶ

2200 3352 2464 3422 τδζχεῐρον
2505 3350 2707 3413 ἀθλίως
2764 3350 3130 3404 ἐκπίπτουσα.
3180 3348 3286 3401 Δύο
3342 3348 3533 3401 τοίνυν
3582 3342 3764 3398 οὐσιῶν

2200 3443 2438 3510 λογικῶν
2474 3440 2801 3495 κτισθεισῶν
2848 3440 2953 3493 ὒπδ
2993 3437 3151 3505 Θεοῦ,
3182 3440 3460 3509 πρότερον
3511 3438 3609 3508 μὲν
3668 3433 3763 3484 τῶν

2202 3534 2382 3588 eam
2412 3533 2683 3602 ἀγγέλων,
2715 3532 2943 3602 ὕστερον
2975 3531 3031 3584 δὲ
3075 3530 3185 3583 τῶν
3213 3531 3427 3586 ὲνύλων
3454 3526 3762 3596 ἀνθρώπων,

2203 3626 2428 3696 οὐδεμία
2465 3625 2674 3679 τούτων
2711 3624 3004 3693 διεφύλαξε
3057 3624 3159 3692 τὴν
3217 3624 3359 3692 πρὸς
3390 3623 3483 3676 τὸν
3540 3619 3764 3681 Κτίστην

2204 3719 2298 3771 καὶ
2334 3718 2493 3786 φύσει
2533 3716 2809 3785 Δεσπότην
2851 3714 3122 3785 ὑπακοὴν,
3151 3714 3266 3768 ἀλλ’
3297 3714 3440 3785 αύτὴ
3486 3714 3520 3784 ή
3560 3710 3663 3765 τῶν
3683 3706 3768 3786 es:

2205 3810 2312 3863 λων
2345 3809 2599 3878 ἀγγέλων
2629 3808 2883 3880 οὐράνιος
2933 3807 3250 3877 ταξιαρχία,
3315 3808 3350 3875 ή
3399 3807 3494 3859 καὶ
3545 3801 3763 3872 προτέρα

2206 3901 2514 3965 κτισθεῖσα,
2575 3899 2820 3969 προτέρα
2872 3899 2967 3951 καὶ
3017 3897 3115 3967 τὴν
3167 3900 3231 3951 ἐκ
3262 3897 3406 3951 Θεοῦ
3441 3889 3765 3949 ἀποστασίαν

2207 3992 2486 4061 ἐνόσησεν.
2521 3989 2691 4043 Ὅσον
2737 3985 2831 4042 οὖν
2884 3988 2992 4041 τῶν
3022 3989 3276 4056 ἀγγέλων
3316 3987 3647 4058 ὑψηλότερον
3679 3981 3763 4046 τῆς

2207 4083 2364 4134 νόσου
2413 4080 2619 4152 ταύτης
2677 4080 2941 4149 διέμεινε,
2977 4079 3093 4149 φῶς
3139 4082 3268 4145 εἰσι,
3331 4083 3429 4132 καὶ
3487 4075 3660 4144 φωτὸς
3691 4068 3765 4122 ἀεὶ

2209 4173 2567 4244 πληροῦνται,
2610 4175 2704 4227 καὶ
2739 4175 2825 4226 ἀεὶ
2858 4173 3071 4227 ἑαυτῶν
3098 4172 3345 4240 γίνονται
3393 4171 3760 4241 φωτοειδέστε·

2211 4284 2316 4338 ροι,
2346 4265 2632 4337 μακαρίως
2664 4268 2731 4334 τῇ
2764 4265 2995 4336 ἐμφύτῳ
3026 4264 3309 4335 χρώμενοι
3340 4267 3542 4336 τροπῇ,
3572 4261 3660 4314 καὶ
3686 4272 3763 4326 χο-

2210 4358 2464 4429 ρεύοντες
2513 4361 2572 4412 ὲν
2626 4358 2773 4428 χαρᾷ
2806 4360 2936 4427 περὶ
2961 4359 3022 4411 τὸ
3053 4358 3273 4427 πρῶτον
3306 4358 3448 4428 φῶς,
3485 4355 3618 4426 πρὸς
3647 4347 3763 4403 αὐτὸ

2212 4452 2497 4523 βλέποντες
2539 4450 2650 4514 ἀεὶ,
2710 4449 2964 4503 κάκεῖθεν
2996 4450 3215 4517 ἀμέσως
3245 4449 3636 4519 φωτιζόμενοι,
3669 4436 3756 4492 καὶ

2209 4545 2310 4616 τὴν
2337 4543 2432 4597 τοῦ
2452 4543 2629 4612 φωτὸς
2654 4541 2838 4611 πηγὴν
2868 4542 3127 4596 ἄπαυστα
3159 4541 3485 4610 ὑμνοῦντες.
3516 4537 3609 4591 καὶ
3638 4529 3759 4602 πρὸς

2209 4637 2338 4699 τοὺς
2384 4634 2801 4704 ύπούεὸηκότας
2849 4634 2959 4688 τῶν
3003 4633 3402 4704 φωτιζομένων
3450 4631 3549 4700 τὴν
3605 4637 3764 4693 φωτο-

2212 4726 2366 4780 ποιὸν
2394 4725 2556 4795 χάριν
2581 4724 3010 4794 διαπέμποντες,
3035 4723 3109 4788 ὡς
3136 4724 3377 4778 διάκονοι
3398 4720 3593 4792 φωτός.
3635 4714 3687 4764 ὐ
3713 4707 3763 4759 δὲ

2213 4818 2527 4887 ἀφηνιάσας
2559 4819 2656 4871 καὶ
2683 4816 2959 4887 ἀθετήσας
2983 4817 3082 4886 τὴν
3118 4818 3255 4888 πρὸς
3284 4819 3377 4870 τὸν
3404 4813 3537 4868 Θεὸν
3576 4809 3761 4860 ὑποτα-

2215 4891 2318 4978 γῆθ
2346 4907 2543 4973 Σατάνρ
2572 4909 2667 4960 τοῦ
2699 4908 2877 4975 φωτὸς
2915 4906 3215 4962 ἀποπεσὼν
3242 4906 3534 4979 περιέπεσε
3554 4898 3626 4967 τῷ
3650 4890 3764 4947 σκό-

2214 5000 2434 5064 τει,καὶ
2495 4996 2602 5050 ὑπὸ
2639 4996 2803 5066 ζόφον
2835 4998 3055 5052 αἰώνιον
3099 4996 3491 5063 κατεδικάσθη,
3527 4990 3618 5044 καὶ
3645 4980 3759 5036 σκό⁴

2213 5108 2340 5154 τους
2382 5089 2597 5158 σκεῦος,
2650 5090 2745 5143 καὶ
2787 5089 3018 5154 σκότους
3048 5090 3405 5161 δημιουργὸς,
3429 5087 3522 5142 καὶ
3560 5076 3763 5170 σκότου-ς

2211 5185 2429 5252 ἐγένετο
2475 5185 2738 5253 πρόξενος
2777 5184 2872 5236 καὶ¹
2918 5183 3191 5247 διάκονος,
3224 5183 3441 5254 πρῶτον
3486 5177 3581 5248 μὲν
3605 5173 3762 5264 ὶξυτξυ

2215 5276 2310 5328 καὶ¹
2338 5278 2451 5338 τοῖς
2495 5275 3042 5344 συναποστατήσασιν
3083 5275 3361 5343 ἀγγέλοις,
3386 5271 3572 5326 ἔπειτα
3623 5258 3692 5313 δὲ.
3720 5265 3759 5301 ω

2214 5368 2314 5437 τῆς
2338 5367 2652 5437 συμφορᾶςὶ
2689 5367 2784 5420 καὶ
2818 5368 2952 5437 ἡμῖν
2982 5367 3042 5420 ἐν
3059 5367 3135 5436 τῷ
3162 5367 3475 5437 παραδείσῳ
3505 5356 3594 5413 τοῦ
3619 5350 3757 5411 Θεοῦ,

2217 5459 2555 5523 ἀπιστήσασι
2607 5457 2747 5527 Θεῷ,
2801 5457 2897 5511 καὶ
2958 5457 3318 5511 πιστεύσασιν
3349 5451 3514 5522 αὐτῷ.
3568 5440 3758 5503 ’Δλλόῖ

2221 5551 2321 5620 μὲν
2351 5551 2449 5619 ’τῆς
2484 5549 2753 5618 πονηρίας
2784 5548 2944 5619 127
2977 5551 3182 5613 πάντες
3214 5549 3434 5618 ἄγγελοι
3468 5538 3575 5598 οἷον
3619 5537 3757 5591 αὺτο-

2222 5642 2410 5706 σκῦτος
2439 5641 2610 5708 ὄντες,
2632 5639 2706 5696 ὡς
2740 5640 2815 5713 μή
2870 5641 3009 5697 κατὰ
3043 5640 3275 5714 μετοχὴν
3292 5639 3448 5696 τοῦτο
3477 5627 3752 5706 γεγονότες,
