4046 6432
294 375 408 444 ΞΒΞ)

1666 376 2004 441 HOMILIA
2047 379 2246 442 XXII.

3461 381 3570 446 200

289 489 408 542 ἀλλ’
437 486 584 560 ἀρχὴ
618 488 713 543 καὶ
743 488 1018 561 πλήρωμα
1065 489 1165 560 τῆς
1237 489 1526 554 ἀπειθείας
1568 490 1742 556 ὄντες,
1779 494 1875 546 καὶ

1983 505 2058 545 rze
2091 487 2377 544 rationalis
2399 487 2709 545 attendunt.
2739 487 2903 546 Nobis
2929 505 3062 545 vero
3093 491 3186 562 qui
3210 504 3318 547 non
3340 498 3564 565 pr0prio

292 582 474 655 πικρὰ
511 583 634 653 ῥίζα
665 583 762 636 καὶ
799 583 950 653 πηγὴ
977 583 1157 651 πάσης
1189 583 1491 653 ἁμαρτίας,
1530 584 1765 655 μάλιστα
1789 586 1877 639 δια

287 679 350 730 τδ
377 681 476 731 καὶ
503 680 633 746 ἡμῖν
664 678 917 747 πρόξενοι
949 679 1200 747 γενέσθαι
1227 679 1455 749 ταύτης,
1485 677 1872 745 ἀσύγγνωστςν

287 769 477 839 έχουσι
508 771 604 840 τὴν
641 770 940 840 ἁμαρτίαν,
977 773 1076 824 καὶ
1104 770 1362 838 ἀκρατῶς
1402 772 1495 823 ἐπὶ
1534 771 1592 824 τὸ
1631 787 1874 825 σκοτοει·

284 863 545 932 δέστερον
585 863 672 916 ἀεὶ
722 862 962 932 χωροῦσι
1025 864 1430 932 προκόπτοντες
1466 862 1592 916 καθ’
1637 864 1869 930 ἑαυτῶν,

285 955 387 1006 καὶ
421 935 836 1025 ανεπίστρόφως
895 955 1108 1024 ἔχοντες
1167 956 1306 1026 πρὸς
1334 956 1396 1008 τὸ
1430 955 1612 1026 πάσης
1650 955 1872 1025 λογικῆς

288 1045 510 1114 φύσεως
558 1047 909 1116 φωτιστικὸν.
948 1048 1116 1118 Ἦμίν
1148 1047 1205 1100 δὲ
1245 1047 1322 1108 ὡς
1372 1045 1448 1117 μὴ
1491 1046 1872 1115 αύτοκινήτοις

1978 593 2128 639 motu
2174 582 2226 635 in
2259 584 2466 637 malum
2517 583 2731 639 ruimus
2776 599 2840 638 ex
2889 584 3266 640 misericordia
3306 595 3489 654 {ptena
3531 603 3563 643 a

1978 675 2091 730 Deo
2116 676 2404 742 diﬂ‘ertur;
2438 677 2504 729 ad
2539 685 2770 731 mortem
2809 679 3031 747 quidem
3065 679 3309 732 damnati
3341 696 3560 746 smnus,

1979 768 2073 823 sed
2097 783 2214 822 eam
2247 768 2434 822 subire
2466 784 2572 821 non
2599 769 2859 823 debemus
2917 771 3021 822 nisi
3057 779 3344 840 postquam
3377 773 3561 826 datum

1981 860 2148 914 fuerit
2181 860 2248 915 ad
2283 860 2670 930 paenitentiam
2717 863 3102 916 nonnullorum
3137 878 3405 916 annorum
3441 878 3568 933 Spu-

1980 951 2141 1015 tium,
2179 955 2326 1021 quod
2359 952 2471 1022 egit
2497 952 2668 1028 Adam
2703 964 2826 1022 post
2858 953 3380 1024 transgressionem,
3410 957 3560 1025 quod

1949 1060 2083 1099 ~nos
2121 1059 2345 1114 quoque
2381 1045 2584 1111 singuli
2617 1046 2997 1114 transigimus.

185 1164 190 1166 -
286 1138 386 1193 ἐπὶ
413 1143 470 1193 τὸ
502 1141 671 1194 κακον
712 1139 1103 1210 γεγενημένοις
1137 1137 1258 1206 μετ’
1291 1137 1473 1199 ἐλέους
1511 1136 1544 1204 ἡ
1575 1135 1726 1206 παρά
1760 1133 1855 1187 τοῦ
1896 1133 2032 1188 Θεοῦ
2067 1136 2287 1188 παιδεία
2316 1135 2375 1201 ἐξ
2404 1135 2580 1205 ἀρχῆς
2608 1136 2912 1203 ἐπάγεται·
2945 1137 2994 1188 εί
3025 1137 3132 1206 γὰρ
3154 1139 3249 1190 καὶ
3274 1139 3566 1192 κατεδικά-

291 1236 506 1305 σθημεν
535 1235 773 1306 θανάτῳ,
805 1233 941 1288 ἀλλά
1017 1234 1154 1304 μετά
1192 1233 1250 1284 τδ
1289 1231 1476 1284 λαϐεῖν
1541 1228 1830 1298 μετανοίας
1865 1226 2204 1300 προθεσμίαν
2233 1228 2324 1282 τὸν
2357 1228 2593 1298 πολυετῆ
2650 1229 2865 1300 χρόνον,
2911 1229 2970 1282 ὃν
3019 1233 3045 1283 ὁ
3087 1231 3261 1302 Ἀδὰμ
3293 1233 3432 1301 μετὰ
3470 1233 3572 1304 τὴν

290 1330 581 1402 παρακοὴν
608 1328 869 1399 ἐπέζησε,
897 1329 994 1380 καὶ
1019 1328 1078 1379 ὃν
1101 1327 1339 1389 ἕκαστος
1365 1325 1705 1394 διαϐιοῦμεν.

372 1424 533 1477 Ὀθεν
562 1423 661 1476 καὶ
712 1422 898 1489 σαφῶς
926 1421 1224 1482 δείκνυται,
1259 1419 1334 1482 ὡς
1367 1419 1467 1472 οὐκ
1517 1415 1879 1488 ἁπεγνωσμέ·

293 1534 396 1584 νην
431 1517 628 1585 ἔχομεν
657 1512 758 1586 τὴν
791 1511 1090 1584 σωτηρίαν,
1121 1511 1242 1564 οὐδὲ
1293 1511 1444 1563 ἐστιν
1493 1511 1630 1572 ὅλως
1657 1513 1714 1563 ἐν
1742 1512 1875 1581 ἡμῖν

292 1609 662 1676 ἀπογνώσεως
715 1606 942 1674 καιρόςο
977 1606 1127 1658 πᾶσα
1176 1605 1286 1674 γὰρ
1319 1606 1456 1674 ἡμῖν
1487 1606 1519 1673 ἡ
1553 1603 1666 1673 ζωὴ
1701 1620 1874 1671 μετα-

292 1701 445 1764 νοίας
481 1700 597 1753 ἐστὶ
640 1699 852 1768 καιρὸς,
887 1697 962 1769 μὴ
997 1698 1244 1761 θέλοντος
1275 1698 1382 1750 -τοῦ
1405 1698 1550 1750 Θεοῦ
1587 1699 1678 1750 τὸν
1707 1696 1875 1750 θάναο

292 1811 389 1847 τον
420 1791 514 1845 τοῦ
572 1789 925 1862 ἀμαρτωλοῦ,
953 1791 1096 1844 κατὰ
1149 1790 1218 1843 τὸ
1261 1791 1677 1860 γεγραμμένον,
1701 1788 1873 1852 ὡς’τὸ

2051 1408 2208 1470 Unde
2246 1422 2395 1470 recte
2428 1426 2774 1470 monstratur
2807 1432 2916 1470 non
2948 1419 3292 1487 desperatam
3318 1436 3442 1477 esse
3478 1433 3567 1478 sa‘

1977 1507 2144 1564 lutem
2166 1518 2439 1572 nostram,
2481 1525 2583 1564 nec
2616 1511 2786 1564 ullam
2819 1526 2940 1566 esse
2970 1513 3134 1567 nobis
3168 1513 3568 1583 desperationis

1974 1612 2237 1664 causam;
2279 1607 2392 1653 tota
2426 1599 2571 1654 enim
2629 1601 2738 1654 vita
2798 1610 2981 1657 nostra
3047 1611 3262 1672 tempus
3313 1616 3395 1661 est
3456 1625 3572 1678 poe-

1975 1692 2245 1758 nitentiae,
2289 1707 2414 1747 eum
2470 1692 2612 1748 Deus
2643 1708 2753 1747 non
2787 1696 2918 1749 velit
2973 1705 3204 1750 mortem
3240 1705 3566 1767 peccatoris.

1976 1785 2072 1840 sed
2108 1795 2172 1839 ut
2222 1793 2577 1840 convertatur
2623 1795 2680 1840 et
2711 1787 2905 1853 vivat,
2957 1791 3100 1843 sicut
3150 1791 3414 1861 scriptum
3459 1805 3567 1850 est.

294 1859 749 1953 ἐπιστρέψαιίκαὶ
769 1885 884 1953 ζῇν
913 1883 1079 1937 αὐτόν
1105 1883 1322 1936 νδιά-τί
1349 1859 1456 1952 γὰρ
1481 1884 1580 1936 οὐκ
1610 1883 1773 1946 εὐθὺς
1804 1885 1870 1954 τῇ

1979 1882 2156 1950 Quare
2177 1883 2318 1938 enim
2357 1884 2541 1938 statim
2581 1889 3072 1953 transgressionem
3096 1905 3240 1944 mors
3271 1901 3565 1946 consecuta

296 1981 555 2048 παρατιθῇ
607 1975 1046 2046 ἐπηκολούθησεν
1085 1975 1113 2028 6
1157 1977 1432 2039 θάνατος;
1491 1976 1524 2045 ἢ
1577 1975 1673 2028 καὶ
1710 1977 1873 2046 ἡμεῖς

300 2068 640 2138 ἁμαρτόντες
668 2067 768 2121 ούκ
816 2065 1278 2134 ἀπαλλαττόμεθα
1308 2064 1402 2118 τοῦ
1433 2064 1554 2133 ζῇν,
1590 2066 1638 2116 εί
1677 2066 1752 2133 μὴ
1781 2065 1872 2115 ἐλ-

298 2164 394 2223 πὶς
425 2157 492 2231 ἦν
529 2158 904 2229 ἐπιστροφῆς;
948 2151 1009 2211 οὗ
1054 2157 1111 2211 δέ
1145 2156 1302 2220 ἐλπὶς
1348 2157 1706 2226 ἐπιστροφῆς,
1736 2155 1874 2208 ἀπό-

297 2268 502 2320 γνωσις
535 2251 634 2304 οὐκ
670 2250 784 2319 ἔχει
837 2249 1043 2320 χώραν.
1109 2248 1271 2302 Ἀλλά
1333 2248 1428 2300 καὶ
1480 2253 1506 2301 ὁ
1565 2247 1658 2300 τοῦ
1702 2246 1875 2314 Ἀδὰμ

303 2343 476 2398 Ἀεελ
503 2342 600 2412 τὴν
648 2327 827 2412 ἀρχὴν
877 2341 1040 2404 εὐθὺς
1099 2341 1525 2411 μεμαρτύρηται
1557 2340 1664 2393 ὑπὸ
1712 2329 1873 2400 θεοῦ,

299 2438 376 2499 ὡς
427 2437 722 2506 εὐάρεστος
769 2434 864 2487 καὶ
914 2433 1310 2503 εὐπρόσδεκτος
1341 2431 1488 2502 αὐτῷ
1521 2433 1732 2501 φανείς.
1766 2433 1876 2484 Καὶ

305 2528 443 2596 μετὰ
478 2527 673 2596 μικρὸν
728 2525 852 2576 τότε
905 2525 1098 2594 χρόνον
1151 2523 1248 2593 τῆς
1308 2523 1467 2592 ήμῶν
1523 2521 1876 2586 ἐκπτώσεως,

313 2618 764 2686 Ἐνὼςῇλπισεν
822 2615 1201 2669 ἐπικαλεῖσθαι
1256 2615 1348 2668 τὸν
1401 2616 1629 2685 Κύριον.
1704 2616 1764 2668 ’0
1821 2615 1878 2668 δέ

314 2711 622 2781 Ἐνὼχνοῠκ
672 2711 1010 2779 εύηρέστησε
1049 2709 1229 2776 μόνον,
1261 2707 1396 2759 ἀλλὰ
1454 2708 1551 2761 καὶ
1606 2708 1874 2780 μετετέθη

304 2805 410 2861 ὑπὸ
435 2805 712 2869 τοῦ’Θεοῦ,
744 2801 920 2872 σαφὴς
948 2801 1237 2870 γενόμενος
1283 2799 1387 2868 τῆς
1419 2800 1549 2870 περὶ
1579 2801 1727 2870 ἡμᾶς
1753 2801 1878 2864 τοὺς

305 2894 630 2959 ἐπταικότας
684 2893 1033 2965 συμπαθείας
1062 2891 1367 2956 ἀπόῖειξις.
1403 2891 1573 2947 Πάλιν
1603 2893 1745 2964 φορά
1775 2893 1875 2962 τῆς

303 2989 604 3058 ἁμαρτίας,
632 2987 723 3039 καὶ
759 2985 922 3040 πάλιν
953 2985 1278 3056 ἀποστροφὴ
1309 2984 1443 3037 Θεοῦ
1489 2986 1634 3037 κατά
1661 2983 1756 3036 τοῦ
1782 2983 1876 3052 γέ-

305 3098 430 3144 νους
463 3079 556 3133 τοῦ
591 3079 880 3148 ἡμετέρου,
927 3078 1023 3130 καὶ
1075 3077 1408 3146 παγκοσμίῳ
1458 3075 1681 3138 δικαίως
1710 3091 1880 3146 παρε-

1977 1990 2086 2028 non
2129 1973 2380 2029 est?.vel
2413 1976 2690 2043 quomodo
2729 1991 2827 2029 nos
2864 1987 3178 2042 peccatores
3226 1995 3563 2035 mererentur

1978 2067 2182 2132 vivere,
2207 2065 2315 2120 uisi
2340 2081 2466 2135 spes
2491 2076 2639 2120 esset
2663 2068 3085 2122 conversionis?
3107 2068 3206 2124 Ubi
3236 2081 3416 2124 autem
3443 2089 3568 2142 spe-

1979 2167 2132 2210 ratnr
2169 2158 2480 2222 conversio,
2524 2157 2703 2212 locum
2735 2173 2843 2212 non
2880 2160 3043 2212 habet
3097 2161 3423 2230 desperatio.
3453 2163 3559 2220 Sed

1977 2249 2112 2302 Abel
2145 2249 2314 2302 Adam
2357 2249 2504 2303 ﬁlius
2563 2249 2748 2303 Statim
2789 2267 2815 2303 a
2869 2252 3140 2320 principio
3191 2255 3604 2319 testimonium,

1980 2340 2185 2410 accepit
2209 2355 2238 2393 a
2273 2339 2406 2406 Deo,
2439 2342 2698 2410 quoniam
2738 2352 2925 2412 gratus
2958 2352 3010 2397 et
3037 2345 3388 2414 acceptabilis
3417 2348 3464 2402 ei
3495 2348 3570 2402 vi-

1981 2449 2074 2488 Slts
2101 2441 2241 2488 erat.
2273 2433 2338 2487 Et
2365 2435 2516 2488 brevi
2547 2441 2791 2504 tempore
2823 2451 2848 2487 ιι
2880 2450 3012 2490 casu
3045 2437 3252 2506 elapso,
3282 2439 3425 2494 Enos
3452 2456 3568 2494 cne-

1979 2527 2058 2594 pit
2086 2539 2209 2579 cum
2250 2525 2449 2580 fiducia
2501 2525 2759 2581 invocare
2795 2529 3111 2583 Dominum.
3167 2529 3390 2586 Henoch
3433 2549 3564 2586 vero

1981 2630 2088 2669 non
2123 2623 2334 2668 tantum
2367 2615 2594 2684 placuit,
2618 2615 2712 2672 sed
2740 2618 2903 2671 etiam
2930 2635 2958 2672 a
2988 2618 3098 2674 Deo
3129 2622 3428 2676 translatus
3460 2631 3568 2688 est,

1983 2708 2213 2763 evidens
2251 2708 2428 2762 factus
2459 2719 2843 2778 argumentum
2865 2697 3066 2765 divina:
3089 2727 3218 2780 erga
3252 2728 3352 2767 nos
3375 2729 3571 2783 pecca-

1993 2811 2141 2856 tores
2179 2801 2598 2856 misericordia.
2635 2801 2874 2858 Rursum
2907 2807 3082 2859 crevit
3110 2815 3414 2875 peccatum,
3451 2823 3573 2861 rur-

1985 2909 2220 2963 sumque
2246 2895 2384 2948 facta
2417 2903 2500 2949 est
2525 2893 2618 2948 Dei
2655 2911 2682 2946 a
2715 2909 2914 2965 genere
2942 2906 3134 2952 nostro
3165 2899 3380 2952 aversio
3405 2915 3420 2964 ;
3443 2898 3571 2970 jure

1989 2988 2325 3059 cataclysmo
2346 2987 2645 3043 universali
2675 2986 2858 3042 traditi
2891 3003 3102 3052 sumus,
3131 2997 3188 3043 et
3209 3005 3429 3044 rursum
3458 3008 3568 3046 non

1985 3096 2133 3135 mera
2196 3080 2524 3145 iracundia,
2566 3095 2668 3134 nec
2722 3081 2844 3134 sine
2933 3082 3304 3138 misericordia
3367 3083 3571 3139 conde-

302 3174 543 3243 δὸθημεν
581 3171 969 3240 κατακλυσμῷ,
1023 3170 1118 3224 καὶ
1173 3169 1335 3224 πάλιν
1386 3171 1489 3223 οὐκ
1549 3169 1783 3238 ἄμικτος
1843 3168 1875 3240 ή

1984 3173 2338 3236 mnatio,sed
2398 3172 2546 3227 velut
2600 3175 2891 3228 seettndam
2951 3176 3166 3244 generis
3225 3180 3391 3230 nostri
3423 3177 3571 3231 radi-

303 3267 466 3337 ὀργὴ,
498 3265 604 3316 οὐδ’
649 3264 873 3327 ἀνίλεως
923 3264 955 3334 ἡ
1008 3263 1309 3333 καταδίκη,
1348 3263 1466 3316 ἀλλ’
1497 3260 1610 3315 οἷόν
1638 3279 1760 3316 τινα
1792 3263 1873 3333 ρί-

307 3363 408 3427 ζαν
436 3361 694 3430 δευτέραν
725 3360 820 3413 τοῦ
858 3362 1130 3430 ἡμετέρου
1158 3360 1372 3428 γένους,
1399 3359 1490 3412 τὸν
1512 3357 1636 3411 Νῶε
1667 3357 1881 3412 δίκαιον

303 3452 479 3524 εὑρὼν
513 3453 569 3503 ἐν
599 3456 664 3523 τῇ
689 3453 851 3520 γενεᾷ
900 3449 1085 3513 αὐτοῦ,
1121 3450 1442 3520 θαυμασίως
1499 3452 1528 3503 ὁ
1576 3450 1709 3515 θεὸς
1751 3449 1883 3518 ἐφύ-

307 3546 490 3611 λαξεν,
515 3545 676 3598 οἱονεὶ
706 3543 1020 3614 περιτεμὼν
1055 3545 1112 3596 ἐν
1161 3543 1414 3614 προνοίᾳ,
1445 3542 1636 3606 κακῶς
1683 3543 1884 3612 ὑλομα-

309 3637 526 3700 νοῦσαν,
556 3637 670 3690 ἀλλ’
699 3635 800 3690 ούκ
832 3634 1107 3705 ἐκτεμὼν,
1139 3633 1259 3688 οὒδέ
1285 3633 1584 3706 πρῦρῤιζον
1612 3634 1880 3703 ἀσυμπα-

319 3731 421 3792 liti);
444 3729 758 3794 ἀνασπάσας
800 3729 900 3800 τὴν
955 3728 1307 3797 ἀνθρωπίνην
1339 3729 1539 3798 φυλήν.
1569 3727 1706 3780 Μετ’
1737 3728 1883 3780 ἐκετο

326 3839 415 3874 ιον
450 3823 688 3892 ’Ἀϐραὰμ
720 3822 914 3884 πιστὸς
939 3822 1034 3874 καὶ
1065 3821 1356 3891 εὐάρεστος
1385 3820 1704 3890 ἀναπέφηνε
1732 3819 1878 3887 Θεῷ,

319 3915 446 3985 παρ’
489 3914 651 3968 αὑτοῦ
703 3913 1190 3985 μαρτυρούμενω·
1240 3914 1335 3966 καὶ
1363 3914 1390 3964 ὁ
1437 3911 1628 3966 τούτου
1671 3913 1876 3979 Ἰσαάκ,

312 4008 406 4059 καὶ
442 4009 469 4059 ὁ
497 4007 588 4060 τοῦ
625 4008 809 4060 Ἰσαὰκ
850 4004 1070 4067 Ἰακὼϐ,
1101 4006 1195 4058 καὶ
1227 4005 1276 4057 oi
1307 4004 1363 4071 ἐξ
1410 4003 1575 4058 αὑτοῦ
1605 4005 1878 4076 πατριάρο

309 4117 421 4169 χαι,
450 4101 506 4152 ἐν
531 4094 608 4162 οἷς
638 4098 940 4167 ἐπαγγελία
974 4097 1068 4150 καὶ⁹
1115 4096 1424 4168 πρόρρησις
1479 4096 1665 4160 ἐλέους
1695 4097 1880 4166 κρείτ·

306 4209 479 4254 τονος,
518 4193 607 4244 καὶ
640 4190 1055 4261 φιλανθρωπίας
1083 4190 1226 4243 κατὰ
1261 4190 1460 4260 κράτος
1489 4193 1733 4261 νικώσης
1782 4189 1880 4254 τὰς

307 4285 464 4356 ἡμῶν
494 4284 789 4354 ἁμαρτίας,
825 4281 992 4336 αὑτὸν
1047 4283 1140 4335 τὸν
1177 4283 1418 4352 ποιμένα
1467 4282 1561 4335 τὸν
1606 4283 1784 4352 μέγαν
1819 4282 1878 4348 ἐξ

305 4380 478 4445 ἁγίων
529 4377 771 4446 οὐρανῶν
801 4378 880 4439 είς
914 4377 1252 4447 ἀναζήτησιν
1284 4374 1572 4430 κατελοεῖν
1603 4375 1698 4427 τοῦ
1745 4378 1880 4429 ἀπο-

302 4470 534 4531 λωλότος
567 4468 862 4538 προϐάτου.
901 4467 1154 4536 Καθεξῆς
1187 4467 1502 4536 νομοθέται,
1535 4468 1745 4536 κριταὶ,
1779 4467 1877 4534 βα-

1990 3280 2128 3330 cem;
2156 3265 2269 3319 Noe
2291 3266 2500 3334 justum
2531 3265 2584 3318 in
2610 3271 2960 3335 generatione
2991 3283 3088 3323 sua
3123 3269 3401 3322 inventum
3429 3269 3572 3325 Dens

1988 3358 2321 3412 mirabiliter
2349 3359 2607 3424 servavit,
2641 3359 2796 3428 quasi
2835 3361 3137 3429 prudenter
3162 3372 3453 3427 amputans
3486 3371 3574 3416 ut-

1987 3458 2111 3518 pote
2147 3449 2286 3503 male
2312 3449 2708 3513 luxuriantem,
2737 3449 2832 3503 sed
2877 3465 2984 3505 non
3019 3452 3351 3507 abscindens
3390 3469 3571 3520 neque

1986 3540 2255 3595 radicitus
2303 3549 2559 3595 evertens
2614 3540 2908 3596 humanam
2967 3553 3203 3612 gentem.
3253 3546 3384 3600 Post
3440 3561 3567 3599 eum

1983 3634 2261 3688 Abraham
2301 3634 2475 3689 fidelis
2525 3642 2579 3689 et
2609 3646 2795 3705 gratus
2826 3636 2977 3690 stetit
3009 3639 3062 3690 in
3098 3645 3394 3708 conspectu
3449 3639 3568 3702 Dei,

1985 3727 2056 3781 ab
2108 3726 2228 3796 ipso
2272 3727 2552 3795 accipiens
2591 3727 2995 3794 testimonium,
3035 3730 3165 3782 item
3213 3729 3366 3784 Isaac
3421 3731 3570 3785 [ilius

1981 3817 2285 3882 Abraham,
2321 3818 2448 3872 item
2497 3817 2667 3873 Jacob
2700 3819 2767 3872 ab
2807 3820 2961 3874 Isaac
2989 3822 3200 3888 genitus
3229 3829 3283 3874 et
3329 3823 3568 3890 patriar-

1985 3911 2104 3964 cha:
2126 3910 2194 3964 ab
2221 3925 2284 3964 co
2308 3911 2485 3964 exorti
2516 3911 2714 3980 quibus
2742 3912 3035 3980 promissio
3069 3923 3120 3967 et
3143 3913 3424 3983 prmdictio
3453 3929 3570 3969 ma-

1979 3999 2119 4070 joris
2161 4001 2561 4056 misericordia:
2606 4010 2661 4055 et
2709 4002 3059 4072 benignitatis
3107 4015 3330 4074 pet-cata
3381 4017 3566 4060 nostra

1981 4102 2233 4162 potenter
2265 4097 2577 4162 superantis
2616 4113 2629 4148 :
2682 4095 2856 4164 ipsum
2903 4107 3176 4164 pastorem
3231 4115 3489 4168 magnum
3540 4117 3570 4153 e

1982 4187 2196 4242 sanctis
2230 4189 2383 4242 cazlis
2410 4199 2698 4242 venturum
2736 4202 2792 4243 ut
2817 4192 2981 4244 vitam
3018 4192 3229 4260 perdito
3261 4193 3408 4262 gregi
3446 4192 3568 4246 red-

1980 4280 2094 4347 dat,
2150 4279 2355 4336 Deinde
2393 4281 2772 4351 legislatores,
2803 4282 3040 4352 judices,
3074 4300 3243 4353 genus
3277 4285 3456 4353 regale
3501 4303 3566 4340 ex

1980 4387 2092 4442 quo
2127 4373 2418 4427 manifeste
2439 4375 2771 4443 promissum
2806 4386 2892 4430 est
2919 4375 3199 4430 Christum
3234 4377 3352 4431 fore
3372 4393 3569 4431 seenno

1981 4466 2109 4519 dum
2144 4481 2366 4520 carnem
2396 4469 2691 4521 oriturum.
2719 4467 2875 4522 Nune
2907 4483 3036 4523 vero
3062 4471 3206 4523 venit
3230 4478 3282 4523 et
3311 4471 3567 4540 apparuit

304 4564 508 4616 σίλειον
562 4562 733 4628 γένος,
765 4561 824 4625 ἐξ
878 4555 938 4616 οὗ
971 4561 1034 4615 τὸ
1069 4562 1212 4614 κατὰ
1248 4562 1428 4630 σάρκα
1459 4561 1696 4631 Χριστὸς
1722 4559 1875 4630 ἥξειν

1981 4555 2262 4621 Christus,
2303 4558 2486 4626 ipsum
2545 4559 2686 4627 quod
2745 4575 2846 4615 nos
2906 4561 3114 4615 creavit
3168 4573 3435 4617 aeternum
3471 4563 3564 4616 Dei

303 4655 562 4721 φανερῶς
616 4653 1003 4722 ἐπηγγέλλετο.
1055 4653 1170 4706 Νῦν
1205 4651 1265 4706 δέ
1311 4647 1442 4722 ἦλθε
1499 4653 1592 4704 καὶ
1624 4652 1874 4720 ἐπεφάνη

303 4744 560 4815 Χριστὸς,
593 4746 754 4809 αὐτὸς
783 4747 811 4798 ὁ
839 4744 1142 4817 τὴνάρχὴν
1177 4746 1327 4814 ἡμᾶς
1355 4745 1574 4807 πλάσας
1605 4743 1701 4797 τοῦ
1732 4743 1871 4796 Θεοῦ

280 4836 628 4920 ρροαιώνιος
667 4837 858 4904 Λόγος,
898 4836 1018 4890 καθ’
1040 4837 1188 4906 ἡμᾶς
1217 4836 1286 4890 δι’
1319 4839 1467 4906 ἡμεῖς
1491 4835 1749 4904 γεγονὼς.
1783 4835 1872 4887 ἵνα

287 4925 676 5000 ’καινουργήσῃ
712 4930 808 4982 καὶ
836 4930 1126 5001 ἀνσπλάσῃ
1159 4929 1574 4990 παλαιωθέντας
1613 4929 1708 4980 καὶ
1750 4944 1873 4979 συνο

299 5024 590 5094 τριϐέντας
616 5023 720 5074 ὑπὸ
739 5023 836 5091 τῆς
859 5023 1134 5092 ἁμαρτίας
1157 5037 1174 5054 ο
1208 5023 1330 5074 ἐπεὶ
1355 5022 1464 5091 γάρ
1489 5022 1548 5075 ﬂ
1570 5022 1696 5074 καθ’
1721 5021 1872 5090 ἡμᾶς

298 5116 665 5186 σύντριμμμα
696 5114 944 5168 ἑκούσιον
973 5110 1042 5184 ἦν
1071 5116 1165 5168 καὶ
1197 5115 1482 5184 ἡμέτερον,
1513 5115 1604 5165 καὶ
1623 5113 1721 5183 τὴν
1749 5110 1875 5163 καθ’

295 5212 446 5281 ἡμᾶς
486 5209 830 5263 ἀνακαίνισιν
883 5209 1036 5279 ἡμῶν
1081 5209 1260 5262 αὐτῶν
1302 5206 1484 5275 σοφῶς
1535 5206 1632 5260 καὶ
1679 5205 1873 5273 φιλανο

297 5301 536 5371 θρὼπως
579 5301 814 5351 ποιεῖται
854 5300 912 5350 ἐν
943 5298 1234 5368 ἀνθρώπῳ,
1277 5299 1336 5351 ὃν
1369 5301 1432 5351 ἐκ
1465 5298 1740 5368 παρθένου
1767 5314 1870 5365 γα-

299 5397 460 5465 στρὸς
489 5393 631 5461 ὑπὲρ
674 5392 832 5462 ἡμῶν
874 5392 1129 5454 ἀνέλαϐε,
1179 5394 1239 5444 τι
1273 5393 1375 5458 τῆς
1411 5392 1690 5462 σωτηρίας
1725 5391 1872 5444 ἅπαν

296 5487 661 5555 οἰκονομήσας
696 5485 1017 5554 μυστήριον,
1069 5485 1162 5536 καὶ
1194 5484 1517 5554 δυναμὼσας
1577 5483 1676 5552 μὲν
1721 5484 1874 5552 ἡμᾶς

1984 4647 2243 4713 Verbum,
2264 4650 2563 4703 secundum
2597 4665 2693 4705 nos
2724 4666 2822 4719 pro
2854 4653 3012 4706 nobis
3049 4653 3286 4720 factum,
3315 4663 3373 4710 ut
3404 4671 3567 4710 reno-

1979 4748 2138 4796 varet
2171 4749 2225 4794 et
2269 4741 2517 4796 reticeret
2550 4743 2897 4798 tabescentes
2938 4753 3107 4814 atque
3157 4747 3421 4801 contritos
3457 4763 3567 4816 prae

1972 4843 2232 4904 peccato;
2275 4849 2399 4888 nam
2441 4849 2566 4889 cum
2619 4844 2806 4891 nostra
2860 4840 3118 4893 contritio
3177 4848 3323 4894 esset
3373 4840 3569 4894 volun-

1973 4927 2134 4990 taria,
2190 4936 2432 4980 nostram
2513 4943 2732 4996 quoque
2802 4930 3208 4985 renovationem
3291 4932 3570 5004 sapienter

1935 5028 2140 5089 'atque
2201 5019 2498 5074 clementer
2543 5019 2597 5073 in
2656 5019 2876 5074 homine
2933 5034 3190 5090 operatus
3243 5033 3328 5079 est
3359 5065 3375 5090 ,
3406 5042 3564 5094 quem

1973 5127 2041 5167 ex
2069 5111 2310 5182 Virginis
2331 5122 2518 5166 ventre
2545 5127 2644 5182 pro
2674 5113 2833 5168 nobis
2857 5118 3175 5186 assumpsit,
3211 5118 3432 5186 penitus
3457 5120 3568 5172 dis-

1978 5213 2208 5275 pensato
2237 5203 2436 5259 salutis
2489 5206 2782 5273 mysterio,
2836 5207 3112 5277 nobisque
3139 5209 3205 5262 ad
3240 5210 3562 5263 conversio,

1981 5309 2104 5348 nem
2134 5294 2258 5362 ejus
2281 5293 2348 5346 ad
2371 5307 2471 5348 nos
2495 5295 2882 5365 conjunctione
2906 5296 3195 5362 rohoratis,
3227 5298 3316 5351 via
3344 5295 3563 5367 quidem

1980 5393 2141 5446 nobis
2175 5391 2229 5445 in
2255 5391 2454 5446 eadem
2488 5390 2605 5458 ejus
2631 5393 3048 5446 conversatione
3076 5393 3356 5463 adaperta,
3388 5393 3566 5448 mani—

1982 5484 2179 5539 feslala
2218 5494 2399 5538 autem
2441 5501 2536 5554 per
2571 5487 2696 5552 ejus
2718 5485 2784 5539 ad
2817 5501 2917 5540 nos
2953 5485 3278 5539 doctrinam.

298 5584 430 5655 πρὸς
484 5583 743 5636 ἐπάνοδον
791 5584 856 5652 τῇ
903 5582 1080 5652 οἰκείᾳ
1136 5583 1271 5651 πρὸς
1307 5583 1455 5651 ἡμᾶς
1513 5581 1726 5645 ἐνὼσει,
1761 5580 2089 5650 ὀδοποιήσας
2117 5582 2174 5635 δὲ
2207 5583 2341 5652 ἡμῖν
2368 5581 2454 5634 διὰ
2490 5582 2591 5649 τῆς
2629 5582 2857 5645 οἰκείας
2931 5581 3208 5645 πολιτείας
3264 5580 3364 5651 τὴν
3429 5580 3564 5651 πρὸς

293 5683 547 5752 οὐρανὸν,
579 5677 903 5749 φανερὼσας
953 5678 1009 5731 δὲ
1056 5678 1154 5749 τὴν
1205 5679 1593 5748 ἐπανάγουσαν
1625 5680 1742 5732 ὁδον
1791 5681 1856 5749 τῇ
1903 5680 2038 5748 πρὸς
2067 5679 2216 5747 ἡμᾶς
2257 5679 2458 5730 ἑαυτοῦ
2491 5680 2836 5750 διδασκαλία.

376 5771 532 5823 Ἐπεὶ
557 5771 614 5823 δὲ
644 5770 710 5822 τά
748 5770 965 5822 ἐναντία
1010 5772 1128 5823 ἐστὶ
1177 5771 1286 5824 τῶν
1322 5772 1586 5826 ἐναντίων
1636 5773 1868 5840 ἰάματα,

293 5861 719 5932 ὲθανατὼοημεν
748 5863 802 5915 δὲ
839 5866 902 5934 τῇ
936 5865 1148 5935 πονηρᾷ
1173 5866 1260 5918 τοῦ
1286 5866 1524 5936 πονηροῦ
1562 5866 1865 5936 συμϐουλῇ,

2059 5759 2258 5827 verum
2305 5786 2429 5825 cum
2495 5772 2772 5825 contraria
2828 5786 2858 5825 a
2913 5769 3208 5824 contrariis
3277 5775 3561 5830 curantur,

1981 5863 2122 5920 sicut
2175 5878 2343 5932 pravo
2399 5863 2626 5934 maligni
2678 5863 2912 5918 consilio
2967 5863 3173 5916 mortui
3219 5876 3425 5927 sumus,
3483 5859 3558 5915 ita
