4046 6440
518 350 624 421 231
1780 345 2160 407 GBEGORII
2223 347 2548 407 PALAM.‘E
3650 348 3735 412 ἓθὲ

520 469 668 522 bono
705 464 832 520 boui
865 462 1101 520 consilio
1129 474 1348 516 rursum
1390 455 1820 522 reviviscimus;
1879 467 1934 510 et
1971 456 2101 524 quia

2136 457 2185 517 Α
2209 458 2298 511 διὰ
2328 458 2428 527 τῆς
2456 455 2666 526 ἀγαθῆς
2707 454 2803 509 τοῦ
2849 453 3060 516 ἀγαθοῦ
3099 454 3409 525 συμϐουλῆς
3442 451 3587 520 αὖθις
3621 456 3732 522 ζωο.

523 559 872 614 consiliarius
914 559 1103 612 mortis
1135 555 1472 624 voluptatem
1501 552 1733 622 przebuit
1775 559 1829 605 et
1863 549 2092 619 gloriam

2209 547 2514 618 ποιούμεθα
2541 567 2554 580 ο
2601 548 2696 600 καὶ
2739 548 3042 618 ἐπειδήπερ
3075 549 3103 600 ό
3132 548 3227 600 τοῦ
3276 548 3502 602 θανάτου
3536 550 3738 618 σύμϐου-

521 663 578 706 et
615 651 922 713 mollitiem,
975 648 1176 718 quibus
1213 662 1242 700 a
1294 646 1552 715 superuis
1601 643 1666 698 ad
1707 645 1812 696 ima
1863 657 2107 712 pra‘ceps

2207 639 2298 702 λος
2331 639 2523 707 ἡδονὴν
2574 633 2686 706 εἶχε
2736 638 2832 690 κςιι)⁵
2864 637 3022 702 δόξαν
3055 639 3154 691 καὶ
3185 639 3392 704 ἄνεσιν,
3417 639 3482 691 τὰ
3509 639 3737 708 θέλγοντα

522 745 830 798 detrahitur
879 757 1049 812 genus
1101 749 1372 803 nostrum,
1413 736 1535 791 ideo
1577 751 1718 790 verae
1761 736 1880 787 vitae
1913 734 2104 788 consi-

2209 733 2307 785 καὶ
2362 731 2733 785 κατασπῶντα
2777 732 2887 784 τῶν
2916 731 3030 784 ἀνω
3065 731 3124 784 τὸ
3171 733 3438 800 ἡμέτερον
3481 733 3643 798 γένος,
3669 735 3739 787 διὰ

524 835 862 902 liarius,ipse
888 831 1122 885 nobisin
1142 847 1202 885 ea
1225 829 1850 900 przeeedeus,augustam
1869 836 2108 878 arctam-

2216 826 2377 877 τοῦτο
2413 827 2440 876 ὁ
2491 826 2584 894 τῆς
2639 825 2902 893 ἀληῦινῆς
2955 825 3101 889 ζωῆς
3159 824 3486 890 σύμϐουλος,
3531 826 3668 886 αὑτός
3697 845 3741 878 τε

523 944 629 996 que
657 929 798 980 viam
822 941 941 994 qua:
965 923 1194 978 ducitad
1215 923 1378 975 vitam
1401 920 1680 989 patefecit.
1705 938 1721 969 ι
1739 917 1984 979 Studete,
2008 919 2106 984 ait,

2210 919 2388 972 ὁδεύει
2441 919 2714 985 ποδηγῶν,
2767 918 2860 970 καὶ
2909 920 3042 986 ἡμῖν
3075 917 3265 986 στενὴν
3299 918 3390 970 καὶ
3423 918 3744 988 τεθλιμμένην

525 1032 581 1074 ιιι
607 1020 821 1073 intretis
855 1034 948 1087 per
970 1025 1258 1085 angustam
1297 1023 1532 1082 portam,
1558 1013 1685 1080 quia
1718 1011 1823 1064 lata
1863 1021 2016 1079 porta
2055 1018 2110 1062 et

2211 1014 2503 1082 ὑφηγεῖται
2525 1013 2623 1083 τὴν
2645 1013 2780 1083 πρὸς
2798 1013 2896 1083 τὴν
2923 1015 3034 1066 ἀνω
3065 1011 3336 1084 φέρουσαν
3365 1013 3524 1083 ζωὴν,
3551 1032 3565 1062 ι
3602 1013 3745 1065 Σπου-

525 1129 569 1179 sl
592 1115 762 1165 atiosa
787 1111 870 1162 via
895 1109 1120 1177 estﬁquae
1144 1107 1294 1160 ducit
1319 1106 1384 1158 ad
1417 1103 1914 1173 perditionenthed
1941 1116 2108 1170 quam

2211 1106 2434 1166 δάσατε,
2471 1105 2633 1173 128
2691 1104 2890 1171 λέγων,
2924 1105 3188 1158 εἰσελθεῖν
3223 1106 3313 1156 διά
3342 1105 3436 1173 τῆς
3461 1107 3638 1173 στενῆς
3665 1105 3747 1155 πύ-

525 1210 755 1272 augusta
791 1208 945 1270 porta
980 1208 1034 1252 et
1073 1206 1222 1252 arcta
1259 1197 1343 1249 via
1378 1210 1498 1264 qua:
1525 1194 1678 1248 ducit
1711 1194 1777 1247 ad
1811 1193 1978 1246 vitam
2007 1193 2106 1247 ⁸ο.»

2211 1196 2312 1264 λης
2333 1210 2346 1223 ’
2363 1215 2380 1246 ι
2413 1195 2856 1265 καὶμΣτενηκαὶ
2880 1196 3218 1266 τεθλιμμένη
3245 1198 3275 1264 ἡ
3305 1196 3420 1257 ὁδὸς
3445 1197 3748 1264 ὴάπάγουσα

525 1293 644 1359 Qua
685 1289 1011 1362 perditionis
1052 1289 1136 1341 via
1171 1287 1300 1342 alibi
1353 1287 1555 1340 clarius
1589 1294 1842 1338 avertens
1879 1322 1892 1346 ,
1941 1301 1958 1333 ι
2003 1281 2111 1345 Vae,

2213 1289 2292 1352 εἰς
2326 1288 2425 1358 τὴν
2470 1288 2639 1358 ζωὴν,
2670 1290 2794 1342 ἐπεὶ
2827 1291 2924 1343 καὶ
2984 1291 3216 1342 πλατεῖα
3263 1291 3360 1343 κιὶ
3404 1289 3689 1359 εὐρύχωρος
3723 1290 3748 1356 ή

529 1385 730 1455 inquit,
781 1383 1063 1444 divitibus,
1103 1396 1183 1434 ναξ
1238 1378 1396 1432 vobis
1434 1378 1525 1448 qui
1557 1378 1789 1432 saturati
1829 1377 1997 1442 estis;
2032 1390 2112 1430 va:

2213 1379 2504 1448 ἀπάγουσα
2527 1381 2606 1444 είς
2636 1380 2732 1450 τὴν
2760 1381 3040 1434 ἀπώλειαν
3068 1397 3118 1432 ο»
3149 1383 3216 1452 ἢν
3247 1381 3364 1434 ὁδὸν
3388 1383 3482 1450 τῆς
3511 1380 3749 1439 ἀπωλείας

527 1479 686 1533 vobis
738 1476 783 1531 si
819 1476 974 1530 vobis
1021 1490 1212 1529 omnes
1265 1472 1648 1527 benedixerint
1694 1470 1946 1524 homines
1977 1471 2042 1533 ”,
2083 1487 2100 1520 ι

2215 1472 2450 1543 ἀλλαχοῦ
2487 1473 2821 1542 σαφέστερον
2849 1472 3235 1542 ἀπαγορεύων,
3275 1492 3294 1522 ι
3337 1473 3490 1532 Οὺαὶ,
3520 1473 3688 1540 φησὶν,
3716 1473 3753 1523 οἱ

529 1570 729 1639 quibus
784 1571 1030 1630 laudum,
1086 1565 1433 1634 voluptatum
1471 1577 1747 1633 opumque
1786 1563 2000 1630 cupidis
2037 1574 2111 1614 va“:

2218 1565 2601 1628 πλουτοῦντες,
2635 1565 2760 1618 οὐαὶ
2789 1567 2836 1616 oi
2872 1565 3348 1634 ἐμπεπλησμένοι,
3383 1565 3504 1618 οὐαὶ
3528 1566 3645 1617 ὅταν
3673 1582 3756 1616 κα-

531 1661 688 1714 dixit.
728 1659 792 1712 Et
825 1674 1040 1712 rursum
1073 1675 1086 1712 :
1129 1675 1145 1708 ι
1180 1654 1358 1710 Nolite
1391 1656 1766 1708 thesaurizare
1802 1653 1960 1706 vobis
1993 1653 2114 1705 the-

2215 1659 2322 1721 λῶς
2352 1658 2496 1728 ὑμᾶς
2524 1655 2721 1709 εἴπωσι
2759 1657 2962 1719 πάντες
2998 1658 3047 1708 oi
3083 1655 3362 1726 ἄνθρωποι
3389 1673 3403 1688 ο
3441 1675 3460 1708 ι
3495 1658 3612 1718 τοὺς
3634 1656 3758 1723 φιλο-

530 1767 729 1806 sauros
765 1752 817 1804 in
854 1761 998 1804 terra
1023 1751 1087 1802 ".
1123 1768 1141 1801 ι
1183 1748 1248 1802 Ει
1279 1765 1292 1802 :
1337 1765 1355 1798 ι
1400 1745 1680 1800 Attendite
1715 1760 1781 1799 ne
1817 1745 1957 1798 forte
1982 1759 2109 1812 gra-

2161 1803 2184 1819 η,
2217 1749 2402 1814 δόξους
2437 1749 2532 1803 καὶ⁸
2561 1748 2882 1818 φιληδόνους
2918 1749 3014 1801 καὶ
3044 1747 3420 1819 φιλαργύρους
3461 1748 3547 1802 διά
3584 1746 3759 1799 τούτων

532 1853 726 1896 ventur
751 1843 914 1896 corda
951 1849 1127 1894 vestra
1164 1841 1216 1893 in
1259 1838 1485 1908 crapula
1512 1845 1566 1892 et
1592 1837 1856 1890 ebrietate
1889 1843 1942 1889 et
1960 1835 2110 1890 curis

2163 1803 2185 1857 3
2218 1801 2540 1909 ταλανίζων.
2573 1801 2691 1895 kal.
2718 1801 2880 1896 πάλιν
2907 1858 2922 1873 ο
2954 1861 2972 1893 ι
3139 1801 3499 1913 Θησαύρίξετε
3531 1842 3648 1910 ὑμῖν
3683 1839 3761 1910 θη-

535 1935 700 2002 hujus
731 1935 853 1986 vita:
891 1933 954 1986 “.
995 1951 1014 1984 ι
1056 1931 1117 1983 Et
1153 1950 1164 1983 :
1205 1949 1224 1982 ι
1264 1929 1552 1996 Quomodo
1590 1945 1688 1983 vos
1732 1929 1962 1996 potestis
1987 1941 2111 1980 ere-

2226 1937 2463 2005 σαυροῦς
2499 1935 2591 1986 ἐπὶ
2618 1935 2715 2004 τῆς
2744 1935 2846 2004 γῆς
2874 1950 2887 1964 ο
2931 1954 2948 1986 ι
2993 1935 3104 1994 καὶ,
3137 1953 3156 1986 ι
3208 1935 3407 2003 Ὁρᾶτε
3458 1935 3653 2004 μήποτε
3683 1932 3762 2001 βα·

531 2026 681 2086 (Ιιττιι,
713 2024 801 2091 qui
845 2023 1074 2091 gloriam
1114 2022 1180 2074 ab
1219 2019 1454 2073 invicem
1496 2017 1847 2085 accipitis,et
1883 2017 2110 2086 gloriam

2224 2027 2492 2099 ρυνθῶσιν
2522 2027 2678 2096 ὑμῶν
2729 2029 2785 2077 αἱ
2829 2027 3051 2096 καρδίαι
3088 2027 3145 2078 ἐν
3195 2027 3479 2096 κραιπάλῃ
3516 2027 3605 2080 καὶ
3648 2025 3762 2096 μέθῃ

529 2132 650 2184 qua:
684 2135 708 2166 ιι
748 2116 856 2168 Deo
890 2124 972 2168 est
1005 2128 1112 2165 non
1149 2112 1398 2180 quatritis
1427 2109 1516 2160 “‘i
1551 2127 1569 2159 ι
1606 2109 1815 2174 Quibus
1850 2107 2028 2160 verbis
2081 2122 2111 2161 a

2217 2119 2311 2170 καὶ
2371 2118 2668 2188 μερίμναις
2728 2117 3052 2187 βιωτικαῖςο
3099 2135 3116 2168 ι
3174 2121 3293 2178 καὶ,
3340 2136 3358 2167 ι
3406 2119 3524 2181 Πῶς
3568 2116 3762 2169 δύνασθε

530 2211 613 2261 via
651 2224 772 2278 quze
811 2209 964 2262 ducit
999 2208 1064 2260 ad
1091 2214 1321 2259 mortem
1358 2203 1564 2271 eripit;
1614 2203 1754 2254 viam
1781 2210 1963 2254 autem
1988 2201 2117 2255 vitae

2222 2210 2382 2278 ὑμεῖς
2426 2209 2738 2272 πιστεῦσαι,
2767 2209 2923 2272 δόξαν
2959 2208 3109 2276 παρὰ
3159 2209 3466 2278 ἀνθρώπων
3495 2209 3764 2279 λαμϐάνον·

530 2301 660 2355 alibi
694 2302 893 2354 iterum
924 2299 1270 2354 demonstrat
1300 2299 1493 2352 dicens
1521 2315 1533 2351 :
1574 2315 1590 2347 ι
1633 2295 1784 2349 Beati
1817 2311 2112 2366 pauperes.

2215 2318 2329 2366 τες,
2358 2301 2455 2352 καὶ
2480 2301 2580 2368 τὴν
2613 2300 2772 2365 δόξαν
2805 2301 2903 2370 τὴν
2932 2301 3085 2368 παρὰ
3111 2299 3206 2352 τοῦ
3244 2302 3406 2368 μόνου
3439 2300 3569 2352 Θεοῦ
3594 2301 3660 2370 μὴ
3685 2299 3765 2367 ζη-

531 2391 682 2447 Beati
741 2391 1154 2446 misericordes.
1216 2391 1368 2445 Beati
1412 2393 1502 2458 qui
1543 2392 1984 2460 persecutionem
2023 2404 2118 2458 pa-

2217 2387 2476 2453 τοῦντες;
2515 2406 2530 2438 ι
2572 2389 2682 2440 Καὶ
2711 2387 2819 2439 ἀπὸ
2851 2388 2947 2455 μὲν
2995 2389 3093 2456 τῆς
3129 2389 3266 2459 πρὸς
3294 2391 3525 2444 θάνατον
3555 2391 3762 2457 ἀγούσης

532 2487 744 2538 tiuntnr
783 2493 1004 2553 propter
1051 2483 1324 2552 justitiam
1353 2482 1420 2534 ¹⁸.
1449 2500 1467 2532 ι
1501 2482 1606 2534 Ει;
1648 2499 1666 2531 ι
1701 2479 1888 2532 Vende
1933 2481 2117 2533 oiunia

2216 2480 2304 2532 διὰ
2348 2481 2456 2532 τῶν
2505 2480 2760 2534 τοιούτων
2814 2481 3140 2552 ἀφαρπάζει
3193 2484 3407 2549 λόγωνο
3445 2485 3539 2556 τὴν
3591 2485 3642 2536 δὲ
3687 2483 3764 2548 τῆς

532 2594 654 2640 (lli!!!
698 2576 889 2638 habes,
923 2584 974 2628 et
1013 2574 1079 2627 da
1127 2573 1481 2643 pauperibus,
1517 2582 1572 2625 et
1626 2571 1854 2625 habebis
1899 2569 2120 2624 thesau-

2219 2569 2366 2638 ζιιιῆς
2401 2571 2522 2622 ὁδὸν
2579 2572 2816 2642 ἀλλαχοῦ
2875 2575 3040 2627 πάλιν
3100 2577 3400 2643 ἐμφανίζει
3440 2575 3763 2646 μακαρίζων·

534 2684 656 2722 rum
691 2666 744 2720 itt
770 2666 907 2720 cmlo
935 2665 975 2695 '°
997 2682 1044 2730 ;ι
1072 2673 1126 2718 et
1155 2679 1210 2716 ει
1244 2663 1436 2718 Omnis
1464 2664 1555 2733 qui
1591 2663 1872 2730 reliquerit
1894 2663 2115 2716 domum

2225 2680 2242 2713 ι
2277 2662 2556 2733 Μακάριοι
2587 2665 2638 2715 oi
2677 2663 2907 2733 πτωχοί.
2936 2666 3217 2734 Μακάρτοι
3249 2671 3298 2719 οἱ
3327 2668 3630 2736 ἐλεήμονες.
3667 2665 3767 2718 Μα-

533 2760 618 2813 vel
653 2773 816 2829 agros
857 2757 940 2811 vel
991 2756 1139 2810 aliud
1190 2756 1321 2825 quid
1373 2765 1651 2809 terrenum
1694 2767 1914 2824 propter
1947 2771 2030 2807 me
2063 2762 2118 2807 et

2220 2755 2406 2825 κάριοι
2441 2757 2490 2808 οἱ
2536 2755 2896 2824 δεδιωγμένοι
2947 2757 3134 2810 ἕνεκεν
3182 2759 3536 2829 δικαιοσύνης
3563 2774 3575 2788 ·
3612 2777 3629 2809 ι
3669 2757 3764 2820 καὶ,

535 2849 918 2921 Evangelium,
947 2848 1270 2918 centuplum
1301 2845 1537 2916 accipiet
1566 2857 1622 2901 et
1659 2849 1822 2900 vitam
1857 2855 2116 2900 a-tcrnatu

2225 2867 2245 2899 ‹
2281 2846 2543 2916 Πὼλησόν
2576 2867 2668 2901 σου
2697 2851 2764 2901 τὰ
2797 2849 3137 2918 ὑπάρχοντα,
3171 2851 3265 2901 καὶ
3301 2850 3389 2913 δὸς
3425 2851 3667 2920 πτωχοῖς,
3691 2851 3765 2900 καὶ

534 2942 841 3013 possidebit
867 2941 930 2996 ".
959 2959 978 2992 ι
1014 2939 1088 2994 lla
1118 2943 1363 2994 animum
1397 2938 1646 2993 cohibuit
1682 2947 1741 2991 ut
1773 2938 1908 2992 iram
1941 2937 2116 3006 ipsam

2219 2939 2361 3003 ἕξεις
2396 2939 2670 3010 Θησαυρὸν
2697 2941 2756 2991 ἐν
2786 2941 3024 3010 οὐρανῷο
3065 2961 3082 2990 ι
3124 2941 3244 3003 κκὶ,
3289 2959 3309 2992 ι
3355 2943 3470 3004 Πᾶς
3495 2942 3550 3004 ὃς
3583 2939 3766 3008 ἀφῆκεν

536 3035 836 3091 homicidio
896 3049 1081 3105 parem
1138 3032 1602 3103 proclamaverit,
1653 3043 1708 3086 et
1741 3030 1808 3084 ad
1867 3031 2116 3084 eamdem

2221 3031 2398 3083 οἰκίαν
2432 3031 2464 3100 ἢ
2498 3031 2723 3098 ἀγροὺς,
2757 3031 2790 3100 ἦ
2820 3048 2868 3083 τι
2899 3031 3027 3084 ἄλλο
3075 3031 3180 3083 τῶν
3207 3033 3414 3100 γηΐνων
3455 3034 3633 3085 ἕνεκεν
3657 3023 3765 3100 ἐμοῦ

541 3143 758 3198 poenam
809 3126 1076 3180 damnans
1147 3140 1271 3178 eum
1332 3126 1426 3194 qui
1505 3125 1769 3180 adversus
1849 3123 2014 3177 alium
2051 3139 2116 3177 ex

2168 3157 2191 3215 3
2223 3127 2317 3176 καὶ
2349 3124 2442 3176 τοῦ
2475 3124 2834 3192 Εὐαγγελίου,
2862 3125 3404 3178 ἑκατονταπλασίονα
3428 3126 3665 3196 λήψεται,
3691 3123 3766 3174 καὶ

534 3224 611 3276 ira
646 3222 699 3275 in
727 3221 979 3274 convicia
1019 3218 1261 3288 eruperit
1299 3233 1454 3272 reum
1490 3218 1753 3288 gehennae
1790 3217 1931 3286 ignis
1960 3217 2114 3271 dixe-

2168 3212 2187 3215 ”
2223 3216 2370 3288 ζωὴν
2412 3215 2628 3269 αἰώνιον
2676 3217 3100 3287 κληρονομήσει.
3143 3237 3160 3268 ι
3217 3219 3328 3270 Καὶ
3357 3218 3448 3272 τὸν
3499 3219 3596 3286 μὲν
3624 3212 3766 3283 Otipr

535 3317 629 3369 rit.
666 3313 1144 3368 Mansuetudinem
1182 3327 1315 3366 vero
1342 3325 1451 3365 non
1487 3312 1698 3365 beatam
1732 3312 1909 3364 solum
1960 3310 2113 3376 fecit,

2223 3311 2313 3362 ἐπὶ
2347 3310 2570 3362 τοσοῦτο
2609 3310 2969 3374 συνέστειλεν,
3018 3311 3092 3372 ὡς
3145 3313 3236 3363 καὶ
3295 3312 3396 3381 τὴν
3458 3311 3620 3381 ὀργὴν
3668 3310 3766 3372 ἴσην

537 3408 631 3461 sed
671 3420 728 3460 et
763 3405 1018 3459 maximis
1052 3403 1279 3458 donavit
1312 3403 1570 3473 praemiis.
1607 3402 1698 3457 Sic
1740 3403 2116 3471 intemperan-

2223 3403 2614 3471 ἀποφήνασθαι
2640 3404 2807 3472 φόνῳ,
2835 3403 2938 3454 ὑπὸ
2969 3404 3068 3472 τὴν
3100 3403 3268 3474 αὐτὴν
3303 3403 3479 3473 τούτῳ
3507 3401 3768 3467 καταδίκην

535 3502 666 3551 tiam
708 3496 958 3551 coercuit
992 3506 1048 3549 ut
1075 3495 1434 3550 libidinosum
1471 3505 1524 3548 et
1571 3495 1930 3548 euriosiorem
1959 3511 2117 3564 aspe-

2187 3562 2192 3566 _
2225 3495 2471 3560 οέμενος,
2509 3497 2600 3548 καὶ
2642 3496 2732 3548 τὸν
2769 3496 2827 3560 ἐξ
2856 3495 3024 3568 ὀργῆς
3054 3497 3134 3560 είς
3168 3496 3442 3566 λοιδορίαν
3488 3494 3622 3548 κατὰ
3649 3504 3769 3552 τινος

534 3601 682 3640 etum
707 3587 772 3640 ad
803 3587 1085 3640 mulierem
1111 3588 1340 3639 alterius
1371 3585 1703 3638 adulterium
1739 3585 2112 3653 appellaverit.

2224 3587 2585 3658 κεκινημένον
2623 3589 2805 3658 ἔνοχον
2856 3587 2998 3642 εἶναι
3034 3590 3130 3656 τῆς
3188 3590 3416 3660 γεέννης
3467 3588 3557 3642 τοῦ
3605 3584 3768 3654 πυρός.

534 3680 818 3733 tlastitatis
857 3694 987 3732 vero
1043 3688 1342 3732 amatorem
1397 3677 1616 3730 beatunt
1658 3677 1892 3731 dicendo
1946 3676 2113 3730 Deum

2225 3681 2336 3750 Τὴν
2383 3680 2439 3732 δὲ
2492 3682 2776 3752 πραότητα
2821 3683 2922 3733 οὐκ
2959 3685 3267 3752 ἐμακάρισε
3325 3684 3510 3750 μόνον,
3540 3680 3666 3734 ἀλλὰ
3694 3676 3772 3728 καὶ

533 3773 736 3826 asserit
801 3781 1256 3840 conspectumin.
1307 3767 1540 3822 Tantum
1594 3769 1744 3823 abest
1811 3780 1868 3822 ut
1933 3770 2115 3839 perjn-

2227 3771 2501 3842 βραὸείων
2546 3775 2655 3826 τῶν
2700 3773 2972 3843 μεγίστων
3004 3775 3224 3844 ἠξίωσε.
3277 3777 3393 3844 Τὴν
3424 3772 3703 3828 ἀκολασίαν
3726 3767 3771 3819 δὲ

537 3866 677 3915 tium
714 3879 820 3916 non
863 3864 1224 3929 vituperaret,
1263 3870 1320 3913 ut
1363 3859 1542 3928 ipsutn
1573 3861 1950 3928 juramentunt
1995 3875 2120 3928 pro-

2222 3855 2314 3917 ἐπὶ
2343 3865 2602 3919 τοσοῦτον
2657 3867 2937 3930 ἐκόλασεν,
2989 3867 3064 3930 ὡς
3103 3869 3194 3920 καὶ
3229 3868 3291 3920 τὸ
3346 3869 3482 3938 πρὸς
3513 3861 3771 3931 ἀλλοτρίαν

539 3955 769 4017 biberet,
807 3963 863 4007 et
913 3968 1074 4003 omne
1127 3961 1324 4020 praeter
1356 3954 1517 4004 etiam
1543 3963 1595 4005 et
1624 3968 1726 4004 non
1755 3966 1783 4004 a
1819 3952 1961 4004 malo
1995 3967 2117 4006 esse

2221 3960 2465 4026 ἐμπαθὲς
2498 3960 2592 4012 καὶ
2626 3961 2919 4029 περίεργον
2961 3961 3182 4030 βλέμμα
3221 3962 3471 4032 μοιχείαν
3526 3953 3767 4012 ἀποκαλὲο

537 4047 854 4109 allirmaret,
885 4046 1077 4098 dicens
1112 4058 1126 4096 :
1161 4061 1176 4095 ι
1209 4044 1292 4097 bit
1316 4060 1497 4098 sermo
1519 4054 1682 4097 tuus:
1717 4044 1829 4108 Est,
1855 4057 1959 4104 est,
1992 4061 2120 4110 non,

2225 4069 2332 4105 σαι.
2369 4053 2471 4103 Τὸν
2518 4052 2562 4104 δ’
2607 4055 2828 4119 ἁγνείας
2865 4055 3361 4122 μεταποιούμενον,
3394 4057 3530 4122 μετὰ
3565 4050 3652 4104 τοῦ
3685 4063 3771 4115 μα·-

541 4154 650 4190 ιιοη
687 4156 700 4190 :
734 4138 877 4204 quod
939 4147 1122 4190 autem
1176 4137 1263 4190 his
1320 4137 1696 4191 abundantius
1740 4144 1846 4198 est,
1902 4151 1932 4187 a
1980 4138 2122 4190 malo

2223 4143 2469 4210 καρίσαι,
2488 4145 2580 4195 καὶ
2599 4145 2832 4214 θεόπτην
2859 4144 3080 4198 ἔσεσθαι
3105 4145 3450 4200 διατείνεται.
3479 4145 3542 4198 Τί
3578 4143 3628 4195 δέ
3653 4159 3666 4206 ;
3692 4138 3772 4206 τὴν

537 4241 618 4283 est
649 4227 716 4282 ¹⁸.
757 4251 774 4281 ι
2223 4234 2522 4302 ἐπιορκίαν
2554 4235 2654 4287 οὐκ
2689 4236 2782 4287 ἐπὶ
2827 4235 3084 4288 τοσοῦτον
3136 4236 3337 4300 ἔδειξεν
3372 4238 3673 4304 ἀπώμοτον.
3711 4227 3774 4288 ὼς

540 4322 758 4393 καιτὴν
798 4321 1054 4393 εὐορκίαν
1092 4319 1496 4392 ἀπαγορεῦσαι,
1548 4320 1643 4372 καὶ
1696 4319 1897 4382 παντὸς
1946 4322 2102 4384 ἐκτὸς
2142 4325 2234 4376 τοῦ
2283 4329 2394 4387 ναὶ,
2451 4330 2545 4378 καὶ
2576 4329 2666 4380 τοῦ
2713 4328 2798 4393 οὒ,
2849 4331 2914 4383 ἐκ
2940 4329 3036 4382 τοῦ
3091 4330 3332 4400 πονηροῦ
3367 4323 3774 4397 ἀποφήνασθαις

541 4437 560 4470 ι
607 4417 810 4482 Ἔστω,
850 4418 1048 4484 λέγων,
1075 4419 1103 4470 ο
1139 4418 1296 4484 λόγος
1330 4417 1484 4486 ὑμῶν
1504 4419 1592 4470 ναὶ
1626 4417 1736 4480 ναὶ,
1772 4415 1832 4468 οὒ
1864 4415 1949 4481 οὓ,
2009 4419 2068 4470 τὸ
2095 4419 2152 4473 δὲ
2201 4425 2462 4492 περισσὸν
2491 4426 2698 4478 τούτων
2735 4427 2796 4479 ἐκ
2825 4427 2918 4480 τοῦ
2955 4427 3196 4497 πονηροῦ
3235 4433 3372 4484 ἐστι.
3408 4449 3426 4482 ι

612 4513 683 4566 At
719 4529 890 4580 quare
929 4513 1032 4566 ista
1068 4511 1409 4581 duplicatio?
1453 4511 1576 4565 Sint
1613 4527 1677 4565 ea
1711 4527 1832 4580 qua:
1858 4513 2114 4580 dicimus,
2149 4525 2193 4581 ι)

2181 4531 2193 4577 ι
2291 4520 2356 4572 Τί
2389 4523 2446 4574 δέ
2483 4524 2630 4574 ἐστιν
2673 4523 2701 4575 ό
2741 4522 3138 4592 διπλασιασμὸς
3180 4519 3372 4591 οὗτο;;
3418 4521 3541 4577 υἷον
3576 4523 3632 4576 τὸ
3667 4513 3779 4580 παρ’

537 4605 653 4658 sive
679 4613 762 4658 est
794 4605 907 4658 sive
937 4621 1064 4667 non,
1098 4606 1262 4659 rebus
1291 4612 1657 4658 consentanea
1693 4620 1708 4670 ;
1740 4605 1810 4658 ita
1829 4605 1970 4658 enim
1994 4621 2121 4662 vere

2226 4614 2398 4682 ἡμῶν
2424 4615 2512 4666 ναὶ
2538 4614 2570 4683 ἢ
2603 4613 2663 4666 οὓ
2691 4615 3004 4684 λεγόμενον,
3035 4617 3133 4683 τὴν
3174 4616 3282 4668 ἀπὸ
3313 4619 3424 4669 τῶν
3465 4614 3777 4686 πραγμάτων

536 4700 642 4750 erit
668 4707 770 4765 est,
791 4705 896 4760 est,
924 4710 1130 4762 etnon,
1159 4712 1267 4751 non
1294 4710 1491 4762 ;secus
1517 4707 1720 4760 autem,
1747 4707 1832 4751 est
1853 4699 1958 4751 erit
1980 4713 2115 4763 non,

2225 4705 2396 4774 ἐχέτω
2448 4707 2770 4774 συμφωνίαν
2794 4721 2808 4737 ο
2851 4705 2994 4759 οὕτω
3021 4707 3131 4778 γὰρ
3166 4708 3318 4760 ἔσται
3352 4711 3411 4761 τὸ
3457 4710 3540 4760 ναὶ
3571 4709 3667 4766 ναὶ,
3698 4701 3775 4754 καὶ

536 4797 590 4842 et
646 4803 753 4842 nou
786 4789 893 4842 erit
920 4799 1028 4854 est,
1081 4788 1228 4858 quod
1286 4787 1578 4842 manifesto
1628 4789 1828 4844 diaboli
1865 4799 1979 4856 est;
2030 4791 2119 4846 hic

2231 4800 2290 4848 τὸ
2317 4795 2378 4848 οὓ
2418 4796 2478 4850 οὗ
2503 4813 2515 4826 ·
2548 4798 2595 4848 εξ
2627 4798 2684 4850 δὲ
2719 4798 2814 4866 μὴ,
2841 4799 2900 4851 τὸ
2932 4799 3020 4852 ναὶ
3053 4798 3206 4852 ἐσται
3247 4798 3331 4863 οὒ,
3360 4802 3453 4854 καὶ
3494 4801 3550 4852 τὸ
3591 4795 3648 4850 οὒ
3679 4795 3773 4853 ναὶ,

537 4879 683 4932 enim
721 4896 841 4934 cum
875 4881 1219 4934 mendacium
1253 4882 1498 4946 loquitur
1523 4897 1552 4934 e
1580 4881 1816 4948 propriis
1851 4883 2115 4952 loquitur,

2231 4887 2258 4938 ὃ
2289 4889 2477 4955 σαφῶς
2518 4890 2637 4940 ἐστι
2681 4889 2772 4940 τοῦ
2808 4889 3060 4943 διαϐόλου
3085 4905 3099 4920 ·
3131 4893 3343 4954 ἐκεῖνος
3374 4893 3482 4961 γάρ
3505 4893 3626 4943 ὅταν
3658 4884 3775 4952 λαλῇ

539 4981 596 5024 et
637 4973 689 5024 in
735 4973 966 5025 veritate
1001 4988 1109 5024 non
1143 4973 1315 5025 stetit.
1371 4971 1448 5027 Ita
1503 4974 1726 5043 quidem
1771 4975 1910 5029 facta
1947 4976 2120 5030 dicta-

2223 4981 2282 5030 τὸ
2305 4978 2501 5046 ψεῦδος
2548 4979 2616 5032 ἐκ
2658 4981 2766 5033 τῶν
2815 4982 2962 5034 ἰδίων
3007 4982 3179 5045 λαλεῖ,
3212 4984 3309 5036 καὶ
3356 4986 3414 5038 ἐν
3458 4986 3521 5052 τῇ
3573 4978 3777 5048 ἀληθείᾳ

541 5079 647 5132 que
687 5073 871 5116 nostra
904 5071 1190 5132 totamque
1222 5063 1388 5116 vitam
1427 5065 1481 5118 in
1517 5065 1823 5130 veritatem,
1877 5067 1928 5120 in
1954 5067 2119 5136 justi-

2221 5071 2319 5140 οὑχ
2352 5071 2602 5138 ἕστηκεν.
2643 5072 2805 5125 Ἀλλὰ
2836 5073 2903 5124 τὰ
2949 5075 3047 5142 μὲν
3097 5075 3366 5142 λεγόμενα
3416 5077 3509 5128 καὶ
3564 5068 3777 5142 πριττὸ-

541 5159 695 5220 tiam,
736 5157 790 5209 in
829 5156 1339 5218 mansuetudinem,
1393 5159 1445 5210 in
1482 5158 1788 5211 castitatem
1833 5159 2120 5214 recolleeta

2231 5182 2364 5230 μενα
2387 5166 2697 5235 παρ’ὴμὼν
2730 5165 2872 5218 οὓτω
2907 5167 3216 5220 συνέστειλε-Ξ
3254 5185 3314 5221 τε
3353 5173 3446 5221 καὶ
3499 5165 3777 5235 περιέστει-

543 5248 840 5301 conclusit.
870 5247 1010 5310 Quid
1047 5262 1175 5300 vero
1208 5263 1336 5317 erga
1374 5264 1468 5304 eos
1514 5250 1607 5317 qui
1645 5260 1835 5302 contra
1872 5266 1970 5305 nos
1999 5251 2120 5305 irati

2227 5257 2317 5308 λεν
2349 5257 2426 5319 εἰς
2459 5259 2741 5326 ἀλήθειαν,
2782 5260 2876 5312 καὶ
2903 5260 3276 5329 δικαιοσύνην,
3313 5263 3409 5313 καὶ
3439 5259 3674 5326 ἁγνείαν,
3699 5250 3778 5304 καὶ

545 5341 727 5394 verbis
757 5349 810 5394 et
845 5341 1099 5408 operibus
1136 5342 1426 5396 oﬂ‘endunt
1449 5353 1503 5398 et
1537 5345 1950 5412 aggrediuntur,
1985 5361 2124 5413 quo-

2230 5349 2532 5418 ἁοργησίαν
2585 5351 2941 5416 περικλείσας
2975 5354 3135 5419 ἡμῶν
3170 5355 3259 5407 τὸν
3315 5355 3448 5424 βίον.
3487 5351 3549 5403 Τί
3578 5349 3628 5400 δὲ
3662 5343 3777 5411 πρὸς

547 5433 708 5486 modo
735 5449 833 5485 nos
873 5440 936 5485 ad
967 5451 1058 5486 eos
1088 5435 1203 5488 vult
1238 5436 1503 5490 bal:eri?¢
1548 5435 1734 5501 Vince,
1767 5439 1938 5503 ait,in
1982 5440 2124 5490 bono

2229 5443 2354 5502 τοὺς
2414 5441 2537 5491 καθ’
2567 5442 2727 5511 ἡμῶν
2771 5444 3186 5512 ὀργιζομένους,
3224 5447 3317 5499 καὶ
3366 5447 3507 5513 λόγῳ
3539 5445 3623 5496 καὶ
3652 5440 3778 5507 ἔργῳ

547 5526 796 5588 malum;
833 5545 848 5576 ι
886 5536 938 5580 et
973 5546 983 5580 :
1024 5547 1042 5577 ‹
1084 5527 1154 5582 Da
1197 5531 1371 5584 locum
1414 5533 1524 5586 irae.
1558 5529 1634 5584 Ne
1672 5533 1897 5585 resistas
1940 5533 2128 5585 adver-

2236 5531 2662 5592 άντιπίπτοντας
2714 5535 2808 5582 καὶ
2853 5534 3314 5602 ἐπεμϐαίνοντας,
3353 5537 3468 5596 πῶς
3501 5527 3777 5587 διακεῖσθαι

619 5729 676 5801 ‘_"_
705 5727 896 5783 Matth.
934 5745 1024 5788 vn,
1063 5731 1144 5784 15.
1259 5733 1298 5762 ⁸³
1341 5731 1474 5786 Luc.
1511 5749 1586 5795 vr,
1625 5733 1692 5786 25
1746 5749 1900 5801 seqq.
2038 5735 2078 5762 ¹²
2127 5731 2217 5784 .lla:

2177 5733 2312 5785 atth.
2350 5747 2424 5788 νι,
2470 5731 2556 5784 19.
2668 5733 2709 5762 ’³
2752 5733 2884 5788 Luc.
2945 5754 3054 5800 xxi,
3104 5739 3192 5793 Si.
3305 5742 3344 5769 ’⁸
3380 5736 3535 5791 Joan.
3584 5750 3644 5799 v,
3697 5728 3769 5782 43.

547 5797 590 5829 ³⁸
630 5799 822 5854 Matth.
865 5818 913 5864 ν,
947 5803 979 5854 5
1012 5818 1165 5872 seqq.
1244 5803 1287 5834 ¹⁶
1331 5803 1520 5858 Matth.
1554 5819 1668 5868 xxx,
1719 5797 1875 5856 “2:2.”
1910 5806 1948 5834 ¹⁷
1989 5805 2119 5856 ibid.

1244 5803 1287 5834 ¹⁶
1331 5803 1520 5858 Matth.
1554 5819 1668 5868 xxx,
1719 5797 1875 5856 2:2.”
1910 5806 1948 5834 ¹⁷
1989 5805 2119 5856 ibid.
2153 5805 2239 5855 ἐξ).
2323 5803 2364 5832 ¹⁸
2406 5802 2596 5857 Matth.
2629 5819 2680 5869 ν,
2711 5805 2799 5857 57.
