4046 6432
327 373 435 436 2Ἰ3

1670 375 2011 441 HOMILIA
2054 374 2249 443 XXII.

3487 377 3600 443 294

331 491 620 558 νουθετεῖς
671 511 690 545 ι
728 490 897 558 Νίκα,
947 493 1136 564 φησὶν,
1181 494 1241 547 ὲν
1284 492 1360 564 τῷ
1410 494 1601 564 ἀγαθῷ
1633 496 1695 550 τὸ
1725 497 1908 563 κιικδν1

2022 502 2187 555 sario.
2221 499 2345 554 Noli
2381 500 2608 556 reddere
2667 499 2871 555 malum
2910 509 3010 570 pro
3054 495 3218 565 maio,
3271 498 3354 554 Vel
3398 516 3600 570 oppro-

332 586 430 636 καὶ
467 584 611 638 δίδου
640 585 807 639 τόπον
838 587 904 656 τῇ
935 585 1096 654 ὀργῇ,
1127 587 1222 638 καὶ
1265 585 1342 656 μὴ
1390 586 1652 658 ἀντιστῇς
1688 589 1766 659 τῷ
1812 606 1914 642 πο⁴

335 674 506 746 νηρῷ,
534 675 670 745 μηδὲ
703 675 993 748 ἀποδώσῃς
1016 676 1186 730 κακὸν
1213 679 1334 732 ἀντὶ
1359 678 1556 746 κακοῦ,
1585 680 1617 749 ἢ
1645 680 1917 752 λοιδορίαν

336 765 459 816 ἀντὶ
490 764 778 831 λοιδορίας,
801 765 916 816 ἀλλ’
936 767 1186 834 ἀγαπᾶτε
1211 766 1341 829 τοὺς
1361 767 1611 839 ἐχθροὺς,
1638 771 1914 840 εὐλογεῖτε

335 858 464 919 τοὺς
524 858 976 928 καταρωμένους,
1009 859 1190 922 καλῶς
1238 862 1441 914 ποιεῖτε
1491 865 1604 923 τοῖς
1661 863 1915 935 μισοῦσιν

336 949 500 1016 ὑμᾶς,
557 951 651 1002 καὶ
712 949 1083 1022 προσεύχεσθε
1140 951 1279 1023 ὑπὲρ
1332 953 1441 1007 τῶν
1493 955 1914 1024 ἐπηρεαζόντων

333 1042 479 1110 ὑμᾶς
504 1043 596 1095 καὶ
621 1042 942 1098 διωκόντων.
985 1063 1004 1096 i
1058 1044 1124 1098 Τί
1162 1045 1218 1098 δὲ
1256 1045 1318 1098 τὸ
1351 1046 1448 1100 τοῦ
1507 1047 1688 1118 βιαίου
1719 1052 1910 1104 τούτου

333 1133 454 1201 βίου
499 1135 679 1200 τέλος,
732 1136 828 1188 καὶ
863 1136 973 1189 τῶν
1005 1136 1239 1204 ἀγώνων
1264 1140 1325 1192 τὸ
1355 1138 1631 1205 ἔπαθλον;
1669 1161 1687 1192 ι
1721 1141 1911 1207 Ὅπως

329 1228 583 1298 γένησθε,
619 1231 772 1300 φησι.
803 1230 909 1282 υίοὶ
953 1230 1048 1283 τοῦ
1109 1233 1322 1301 Πατρδς
1353 1233 1511 1302 ὑμῶν
1544 1232 1640 1287 τοῦ
1690 1236 1750 1288 ὲν
1797 1239 1910 1298 τοῖς

328 1319 601 1388 οὐρανοῖς,
635 1338 655 1371 ›
698 1320 792 1372 καὶ
832 1319 1161 1390 κληρονόμοι
1210 1323 1310 1392 μὲν
1345 1322 1505 1388 Θεοῦ,
1545 1326 1908 1395 συγκληρονό·

331 1424 424 1476 μοι
459 1407 516 1460 δὲ
569 1407 829 1478 Χριστοῦ,
871 1411 966 1463 καλ⁵
1017 1409 1164 1480 ζωὴν
1215 1411 1487 1465 ἀθάνατον
1525 1415 1770 1486 σχοίητε,
1813 1419 1908 1468 καὶ

331 1499 612 1568 βασιλείαν
661 1501 925 1572 ἄρρητον,
957 1503 1278 1566 ἀσάλευτον,
1327 1505 1607 1576 ἀδιάδοχον
1662 1509 1910 1577 παραλά-

328 1593 480 1662 ϐητε,
511 1595 590 1658 είς
647 1595 852 1658 αἰῶνας
903 1597 1165 1667 ἀπείρους
1198 1598 1276 1668 τῷ
1321 1599 1442 1669 Θεῷ
1492 1602 1763 1667 συζῶντες
1815 1605 1907 1658 καὶ

331 1683 845 1752 συμϐασιλεύοντες.
886 1686 1054 1741 Ἴδετε
1094 1690 1194 1756 τὴν
1227 1690 1421 1760 στενὴν
1466 1694 1564 1747 καὶ
1611 1677 1906 1765 τεθλιμμέ-

326 1793 425 1845 νην
450 1776 564 1831 ὁδὸν
595 1776 676 1839 τίς
711 1777 827 1832 ἐστι
853 1795 869 1845 ;
905 1779 999 1833 καὶ
1030 1779 1174 1835 διατι
1202 1789 1332 1854 παρ’
1360 1784 1520 1854 ἡμῶν
1561 1787 1904 1854 ἀπαιτεῖται,

541 1874 634 1926 καὶ
660 1875 797 1945 πρὸς
830 1843 991 1928 θυίαν
1022 1874 1181 1941 δόξαν
1224 1843 1320 1932 καὶ
1364 1843 1539 1951 iapix;
1587 1885 1680 1936 xui.
1714 1843 1903 1955 κέρδος
1938 1843 1981 1903 Β

324 1974 481 2034 φέρει
505 1967 595 2018 τὸν
619 1966 686 2020 δι’
708 1966 880 2038 αὑτῆς
911 1967 1048 2021 ἰέναι
1075 1971 1535 2041 προαιρούμενον;
1559 1969 1709 2045 Ἀρά
1735 1978 1788 2030 et
1815 1977 1902 2040 τίς

327 2077 384 2112 σε
409 2059 638 2130 πολυετῆ
658 2061 906 2130 ποιήσειν
927 2061 1263 2134 ὑπισχνεῖτο,
1283 2067 1379 2120 ὲάν
1402 2068 1564 2136 μόνον
1585 2069 1797 2124 ὑπακού
1807 2086 1904 2143 an;

324 2151 497 2220 αὑτῷ,
529 2153 628 2206 οὐκ
666 2153 732 2207 ἂν
767 2153 1068 2224 προθύμως
1107 2156 1350 2229 ὑπῆλθες
1394 2161 1496 2232 τὴν
1550 2161 1824 2233 ὑπακοὴν,
1853 2165 1904 2218 εί

328 2247 400 2313 μή
438 2261 488 2298 τι
522 2245 628 2299 τῶν
658 2247 938 2302 ἀδυνάτων
966 2249 1216 2305 ἀπαιτῶν
1247 2248 1316 2322 ἦν
1347 2269 1363 2317 ;
1395 2254 1458 2307 Ei
1501 2254 1556 2307 δὲ
1587 2257 1684 2309 καὶ
1713 2257 1906 2325 ὑγείαν

324 2339 419 2392 καὶ
436 2337 696 2404 δόξανκαὶ
714 2340 912 2411 ἡδονὴν
934 2350 1411 2417 προσυπισχνεῖτο,
1428 2347 1507 2420 τῷ
1524 2350 1776 2406 πολυετεῖ
1804 2351 1905 2424 βίῳ

325 2435 965 2505 συμπαρεκτεινομένην,
1009 2435 1064 2489 τί
1117 2437 1219 2492 οὑκ
1253 2439 1323 2494 ἂν
1355 2443 1714 2514 προῦπέστης
1761 2444 1904 2517 ὑπὲρ

321 2523 547 2592 τούτου;
579 2525 642 2578 El
685 2524 745 2579 δὲ
775 2527 870 2581 καὶ
917 2527 1203 2597 βασιλείαν
1245 2535 1585 2605 προσετίθει,
1615 2541 1713 2592 καὶ
1749 2538 1907 2610 βασι-

325 2622 477 2676 λείαν
505 2623 778 2695 ἀπόλεμόν
808 2641 868 2679 τε
922 2626 1018 2680 καὶ
1063 2627 1476 2698 ἀνεπηρέαστον
1513 2631 1654 2700 μετά
1686 2631 1903 2703 μακροῦ

321 2733 383 2770 τε
431 2717 528 2771 καὶ
570 2719 762 2772 ἀνόσου
795 2719 937 2790 βίου,
969 2715 1058 2790 ἆρ’
1108 2721 1208 2775 οὑκ
1254 2720 1322 2776 ἂν
1365 2722 1779 2795 ἀνεπτερώθης,
1809 2725 1904 2778 καὶ

323 2809 530 2879 κοῦφον
557 2812 665 2866 πᾶν
695 2812 881 2884 ᾠήθης
910 2812 1050 2884 βαρὺ
1075 2813 1138 2868 τὸ
1155 2813 1291 2886 πρὸς
1315 2815 1534 2885 ἐκείνην
1569 2814 1761 2886 φέρον,
1783 2817 1904 2882 ταῖς

323 2903 506 2956 ἐλπίσι
535 2904 890 2974 τρεφόμενος,
917 2907 1011 2958 καλ⁸
1041 2904 1116 2968 ώς
1145 2905 1428 2978 παρούσης
1465 2906 1757 2961 ἀπολαύων
1801 2908 1902 2975 τῆς

322 2997 704 3070 ἐλπιζομένης,
754 2999 915 3070 εἴπερ
967 2999 1147 3070 ἀληθῆ
1196 2999 1422 3068 λέγοντα
1475 2999 1706 3072 ᾠήθηςς
1768 2997 1901 3056 Εἶτα

321 3089 681 3160 πολυχρονίου
741 3091 842 3160 μὲν
895 3091 1041 3163 ζωῆς
1093 3093 1498 3162 ἐπιθυμοῦμεν,
1531 3095 1632 3160 τῆς
1670 3093 1897 3147 αίωνίου

2018 591 2198 646 brium
2227 609 2323 662 pro
2354 591 2688 662 Opprobriis,
2721 592 2814 647 sed
2842 592 3052 663 diligite
3078 591 3331 645 inimicos
3363 602 3596 657 vestros,

2020 685 2330 741 bcnedicite
2359 685 2818 741 nialedicentibus
2848 686 3024 748 vobis,
3063 684 3368 740 benefacite
3395 686 3476 741 eis
3503 687 3595 756 qui

2017 777 2258 832 oderunt
2295 793 2415 842 vos,
2468 786 2521 832 et
2561 788 2716 832 orate
2772 791 2873 846 pro
2914 779 3372 847 persequentibus
3408 787 3461 832 et
3511 793 3601 831 ca-

2017 869 2422 925 lumniantibus
2474 887 2572 926 vos
2599 872 2662 926 ¹⁹.
2712 892 2730 924 ›
2778 870 2912 936 Quis
2943 884 3126 926 autem
3174 871 3294 927 finis
3349 871 3600 926 violence

2017 962 2183 1031 hujus
2219 963 2388 1018 vitae?
2442 965 2728 1031 Quodnam
2794 965 3064 1020 luctaruin
3119 967 3416 1021 bravium?
3471 963 3601 1018 iUt

2015 1051 2157 1118 sitis,
2195 1054 2400 1123 inquit,
2442 1056 2532 1109 lilii
2574 1056 2748 1110 Patris
2794 1055 2960 1111 vestri
3009 1057 3100 1126 qui
3152 1059 3202 1110 in
3249 1057 3406 1112 cadis
3453 1071 3593 1119 es,»

2015 1143 2260 1201 liairedes
2299 1147 2518 1216 quidem
2556 1149 2672 1216 Dei,
2704 1149 3020 1206 cohaeredes
3059 1159 3240 1204 autem
3277 1151 3501 1214 Christi,
3544 1161 3599 1205 ιιι

2013 1236 2180 1290 vitam
2219 1246 2484 1293 aeternam
2547 1240 2814 1305 habeatis,
2877 1251 2931 1296 et
2990 1257 3216 1313 regnum
3287 1243 3596 1307 ἰιιρσιιὺῐιο,

2015 1331 2414 1398 tranquillum,
2469 1333 2629 1388 linem
2689 1349 2797 1388 non
2853 1335 3064 1390 habens
3116 1335 3441 1405 accipiatis,
3503 1350 3596 1402 per

2012 1429 2214 1475 aeterna
2248 1424 2448 1478 saecula
2486 1439 2610 1479 cum
2652 1424 2761 1480 Deo
2794 1427 3038 1481 viventes
3069 1436 3234 1496 atque
3279 1437 3600 1498 regnantes.

2014 1512 2227 1569 Videtis
2263 1531 2384 1585 qum
2415 1517 2487 1572 sit
2521 1528 2674 1573 arcta
2718 1527 2774 1573 et
2807 1529 3040 1590 angusta
3089 1521 3194 1587 via,
3237 1535 3409 1590 quare
3440 1535 3470 1574 a
3499 1535 3599 1574 no-

2010 1605 2094 1661 bis
2149 1608 2426 1677 exigatur,
2486 1612 2553 1665 ad
2613 1613 2828 1680 qualem
2876 1614 3107 1683 gloriam
3155 1621 3210 1669 et
3235 1614 3500 1679 laetitiam,
3528 1615 3595 1668 a'l

2010 1699 2173 1769 quale
2230 1701 2443 1757 liirrum
2485 1704 2634 1758 ducit
2675 1721 2801 1759 eum
2847 1703 2942 1776 qui
3001 1721 3098 1776 per
3141 1722 3261 1760 eam
3315 1705 3599 1761 ambulare

2019 1793 2358 1848 intenderit?
2412 1793 2469 1850 Si
2531 1799 2654 1868 quis
2695 1799 2793 1854 tibi
2843 1801 3012 1854 vitam
3070 1800 3386 1856 diuturnam
3434 1799 3598 1868 polli-

2009 1895 2247 1950 ceatur,
2299 1886 2594 1943 dummodo
2655 1889 2703 1945 ei
2781 1906 2974 1962 pareas
3010 1933 3026 1956 ,
3091 1908 3274 1947 nonne
3346 1893 3600 1948 lubenter

2008 1977 2227 2032 subires
2261 1979 2662 2048 obedientiam,
2697 1984 2806 2038 nisi
2841 1985 2973 2054 quid
3019 2000 3186 2054 supra
3241 1983 3388 2040 vires
3415 1987 3599 2054 exige—

2011 2067 2134 2122 ret?
2172 2069 2230 2124 Si
2260 2070 2490 2142 insuper
2521 2077 2815 2130 sanitatem
2850 2087 2902 2130 et
2935 2077 3164 2145 gloriam
3189 2089 3242 2132 et
3263 2077 3594 2148 voluptatein

2012 2162 2300 2233 promittat
2333 2165 2458 2220 vita:
2494 2167 2767 2221 diutiiriiw
2803 2169 3138 2238 adiunctam,
3175 2169 3303 2238 quid
3341 2185 3437 2236 pro
3477 2170 3596 2224 istis

2008 2271 2122 2311 non
2152 2257 2462 2313 tolerares?
2496 2256 2554 2312 Si
2593 2275 2723 2316 vero
2753 2260 2980 2330 adjiciat
3013 2276 3262 2330 regnum,
3283 2271 3336 2315 et
3364 2275 3593 2330 regnum

2008 2349 2130 2404 sine
2161 2351 2328 2416 bello,
2369 2353 2489 2408 sine
2523 2354 2826 2408 offensione
2875 2369 3000 2408 cum
3059 2354 3167 2408 vita
3219 2353 3340 2408 sine
3403 2353 3596 2406 morbo

2008 2442 2100 2497 diu
2133 2445 2416 2507 duratura,
2442 2460 2626 2499 nonne
2653 2445 2961 2509 advolares,
2990 2453 3043 2498 et
3072 2445 3186 2499 lere
3225 2444 3595 2514 quodcunque

2007 2553 2154 2593 onus
2207 2547 2434 2607 putares
2481 2538 2624 2606 quod
2683 2547 2734 2592 te
2805 2537 2872 2590 ad
2915 2535 3045 2590 illud
3095 2536 3452 2602 conduceret,
3499 2550 3597 2604 spe

2007 2631 2274 2692 nutritus.
2313 2641 2368 2683 et
2407 2631 2558 2685 velut
2589 2627 2844 2699 prtesenti
2873 2639 3094 2699 sperato
3135 2645 3304 2698 regno
3350 2630 3593 2699 gavisus,

2007 2723 2055 2779 si
2088 2725 2239 2779 illuni
2293 2739 2419 2779 vera
2471 2723 2655 2779 dicere
2697 2724 3000 2778 censeres?
3034 2720 3224 2789 Quid?
3273 2722 3591 2778 diuturnam

2008 2815 2175 2870 vitam
2201 2815 2671 2884 cenciipiscinius,
2703 2822 2962 2869 a~teriiaiii
2987 2823 3170 2868 autem
3193 2814 3400 2870 nullius
3430 2815 3592 2885 pretii

2006 2905 2278 2963 facimus?
2309 2908 2553 2976 Regnum
2593 2921 2848 2974 magnum
2895 2905 3137 2975 quidem,
3173 2907 3265 2960 sed
3315 2907 3476 2961 linem
3513 2918 3594 2962 ta-

2003 3016 2129 3058 men
2164 3001 2394 3061 habens,
2430 2999 2661 3071 gloriam
2689 3005 2741 3052 et
2774 2998 3016 3052 hetitiam
3060 3013 3312 3069 magnam
3345 3000 3590 3070 quidem.

2004 3092 2100 3150 sed
2131 3094 2335 3164 pariter
2361 3102 2544 3147 tamen
2575 3103 2916 3161 pereuntem,
2945 3090 3163 3146 divitias
3197 3106 3320 3146 cum
3356 3092 3457 3148 hac
3483 3093 3592 3147 vita

318 3185 377 3236 δὲ
413 3183 559 3254 ζωῆς
586 3183 646 3237 οὑ
679 3183 1023 3255 ποιησόμεθα
1062 3185 1254 3254 λόγον;
1287 3185 1395 3240 Καὶ
1423 3184 1701 3256 βασιλείαν
1731 3187 1830 3257 μὲν
1855 3188 1900 3241 εἰ

2013 3187 2339 3243 amitteiidas
2393 3187 2466 3241 ita
2517 3185 2954 3241 ilesideraiiiiuus
2985 3192 3038 3240 et
3068 3200 3166 3254 pro
3199 3185 3284 3241 his
3315 3186 3560 3242 laborabi
3581 3215 3594 3230 ι

321 3278 419 3329 καὶ
443 3277 682 3347 μακράν,
709 3277 825 3330 ἀλλ’
848 3278 996 3347 ὅμως
1023 3277 1254 3347 ἔχουσαν
1284 3278 1461 3343 τέλος,
1491 3279 1584 3331 καὶ
1621 3279 1780 3346 δόξαν
1804 3282 1900 3336 καὶ

321 3371 500 3438 χαρὰν
552 3373 598 3422 εἰ
649 3371 744 3422 καὶ
781 3369 1047 3440 μεγάλην,
1081 3371 1198 3424 ἀλλ’
1220 3371 1368 3442 ὅμως
1394 3361 1769 3439 ἀπαῖιθοῦσαν,
1801 3372 1898 3426 καὶ

323 3461 552 3515 πλοῦτον
580 3461 656 3532 τῷ
700 3463 799 3534 βίῳ
847 3463 1018 3534 τούτῳ
1052 3463 1590 3534 συγκαταλυόμενον,
1617 3463 1760 3518 οὑτω
1802 3483 1902 3520 πο-

327 3555 589 3625 θήσομεν,
623 3557 716 3608 καὶ
750 3555 889 3627 ὑπὲρ
921 3556 1112 3610 τούτου
1163 3557 1497 3628 πονήσομεν,
1539 3559 1611 3612 τά
1657 3559 1712 3612 δὲ
1763 3557 1901 3628 μετὰ

330 3649 427 3717 τῆς
456 3649 761 3720 ὑπερϐολῆς
799 3651 893 3702 καὶ
949 3650 1205 3720 ἀκήρατα
1241 3651 1372 3705 ὄντα
1421 3651 1515 3704 καὶ
1567 3650 1902 3722 ἀτελεύτητα

341 3743 432 3793 οὐκ
483 3741 879 3812 ὲκζητήσομεν,
908 3743 1288 3813 οὑδὲρικράν
1347 3742 1729 3813 ὑπομενοῦμεν
1781 3743 1903 3814 βίαν
1944 3765 1950 3778 ·

348 3833 472 3903 ὑπὲρ
524 3835 626 3904 τῆς
677 3834 856 3886 αὑτῶν
917 3834 1325 3904 κληρονομίαςς
1371 3835 1561 3890 Καίτοι
1627 3835 1905 3906 βασιλείαν

340 3926 604 3996 ἀπόλεμον
656 3926 994 3996 ὑπεθέμεθα,
1031 3927 1156 3998 ἥτις
1197 3927 1299 3981 οὑκ
1336 3926 1402 3981 ἂν
1434 3928 1644 3995 γένοιτο
1674 3927 1767 3980 ἐπὶ
1806 3927 1905 3995 τῆς

333 4020 456 4088 γῆς,
479 4021 569 4072 καὶ
594 4018 706 4089 βίον
730 4018 956 4082 ἀλυπον,
989 4016 1048 4071 ὃν
1075 4020 1176 4070 οὑκ
1204 4017 1270 4072 ἂν
1303 4017 1510 4089 εὕροις,
1541 4020 1589 4071 εί
1617 4018 1692 4089 μὴ
1717 4018 1773 4072 ὲν
1793 4019 1905 4082 τοῖς

2021 3295 2164 3344 mus,
2199 3279 2340 3332 bona
2372 3287 2552 3332 autem
2587 3276 2740 3330 valde
2777 3276 3113 3346 praestantia,
3153 3276 3592 3348 incorruptibilia

2010 3380 2066 3427 et
2111 3371 2322 3425 infinita
2379 3385 2489 3423 non
2537 3382 2866 3437 qiizeremns,
2917 3381 3016 3420 nec
3053 3365 3226 3422 levem
3277 3366 3386 3422 vim
3435 3366 3594 3421 nobis

2009 3465 2278 3521 faciemus
2317 3475 2373 3517 ut
2407 3463 2497 3516 illa
2532 3461 2876 3513 sortiainur?
2907 3457 3132 3513 Frustra
3161 3473 3594 3528 prononereiiius

2011 3557 2170 3612 nobis
2205 3569 2432 3624 regnum
2464 3553 2584 3607 sine
2617 3548 2784 3614 bello,
2833 3549 2980 3620 quod
3013 3549 3064 3604 in
3116 3557 3263 3604 terra
3298 3567 3405 3604 non
3445 3552 3597 3605 inve-

2009 3651 2180 3714 nitur,
2211 3649 2296 3703 vel
2329 3647 2494 3700 vitam
2549 3645 2670 3699 sine
2721 3643 2911 3698 labore
2950 3659 3115 3713 quam
3166 3659 3277 3697 non
3328 3644 3597 3712 reperires

2013 3744 2116 3798 nisi
2158 3741 2210 3795 in
2245 3741 2418 3805 coelo;
2474 3738 2568 3794 scd
2606 3737 2651 3792 si
2703 3737 2827 3804 quis
2872 3753 2934 3791 ea
2972 3737 3263 3800 desiderat,
3296 3737 3362 3790 ad
3395 3741 3593 3791 caelum

2013 3843 2236 3899 currat;
2281 3844 2337 3887 et
2365 3832 2481 3886 sive
2517 3828 2694 3884 facilis
2729 3830 2848 3883 sire
2879 3843 3074 3898 aspera
3103 3828 3175 3882 sit
3203 3829 3285 3881 via
3317 3827 3385 3882 ad
3415 3829 3464 3881 id
3495 3830 3599 3881 du-

2014 3941 2169 3987 cens,
2215 3939 2311 3993 per
2351 3937 2471 3977 eam
2529 3921 2632 3974 iter
2689 3919 2875 3984 faciat,
2915 3933 3011 3989 spe
3052 3919 3319 3988 gaudens,
3351 3919 3596 3974 laborem

2014 4016 2307 4073 suli‘erens.

330 4114 596 4183 οὐρανοῖς.
633 4112 796 4166 Ὥστε
827 4115 876 4165 εί
914 4112 1084 4168 ταῦτα
1118 4112 1273 4167 ποθεῖ
1301 4132 1406 4178 τις,
1441 4115 1579 4187 πρὸς
1615 4118 1706 4167 τὸν
1739 4113 1969 4182 οὐρανὸν
2001 4114 2286 4184 τρεχέτω·
2328 4111 2425 4166 καὶ
2460 4112 2569 4165 εἴτε
2605 4111 2764 4182 ῥᾳδία
2848 4111 2958 4163 εἴτε
3042 4109 3297 4175 δύσκολος
3357 4111 3387 4181 ἡ
3462 4109 3599 4180 πρδς

328 4209 493 4263 αὑτὸν
519 4211 748 4277 ἄγουσα,
777 4210 844 4263 δι’
877 4211 1091 4280 ἐκείνης
1120 4209 1376 4274 ὁδευέτω,
1397 4214 1460 4281 τῇ
1487 4211 1662 4264 ἐλπίδι
1693 4212 1899 4283 χαίρων
1940 4211 2036 4265 καὶ
2072 4213 2139 4282 τῇ
2174 4209 2352 4279 θλίψει
2379 4207 2688 4276 ὑπομένων.

405 4307 548 4358 Ἰστε
583 4308 804 4372 πάντες,
830 4307 969 4376 ὑπὲρ
1021 4301 1096 4362 ὧν
1137 4309 1216 4370 είς
1262 4308 1456 4371 πόνους
1498 4309 1594 4361 καὶ
1639 4309 1904 4370 θανάτους

323 4403 558 4463 ἑαυτοὺς
585 4400 974 4470 παραδιδόασιν
1009 4399 1312 4472 ἄνθρωποι.
1337 4401 1412 4453 Οὑ
1449 4402 1648 4471 μικροῦ
1686 4418 1904 4472 σιτηρε-

325 4494 446 4546 σίου
478 4492 506 4546 ό
547 4491 884 4563 στρατιώτης
935 4491 1070 4561 πρὸς
1104 4491 1389 4557 κινδύνους
1437 4493 1773 4560 ἀνηκέστους
1807 4497 1902 4545 καὶ

327 4584 547 4654 σφαγὰς
593 4583 1111 4654 παρασκευάζεταις
1147 4585 1224 4638 Οὑ
1270 4586 1475 4656 μικρᾶς
1531 4585 1850 4658 προσθήκης
1878 4588 1904 4638 ὁ

323 4678 569 4747 ἔμπορος
599 4675 1042 4746 καταποντισμοῦ
1075 4679 1418 4749 περιφρονεῖ,
1450 4678 1545 4731 καὶ
1571 4680 1903 4748 πνευμάτων

325 4769 426 4822 καὶ
481 4767 684 4838 ἀγρίων
729 4766 1036 4835 ἀνθρώπων
1067 4767 1161 4820 ἐπὶ
1205 4767 1309 4838 γῆς
1339 4767 1434 4821 καὶ
1466 4767 1738 4840 θαλάττης
1771 4771 1907 4839 ἐπη-

329 4858 483 4930 ρείας
535 4859 946 4927 ὲπιφερόντων;
1000 4859 1076 4911 Οὑ
1137 4860 1341 4930 μικρᾶς
1401 4861 1580 4930 μάζης
1641 4861 1906 4924 πολλάκις

327 4950 510 5005 δοῦλοι
567 4951 805 5016 γίνονται
866 4950 1051 5004 πολλοὶ
1125 4952 1401 5006 δεσποτῶν
1474 4953 1906 5025 ἀπανθρώπων;

343 5041 536 5108 Ἡμεῖς
581 5039 638 5092 δὲ
683 5040 742 5091 οὑ
794 5039 1154 5110 δουλεύσομεν
1187 5039 1264 5111 τῷ
1323 5037 1485 5108 φύσει
1536 5039 1909 5111 φιλανθρώπῳ

333 5133 618 5204 Δεδπόημ
657 5131 717 5183 οὑ
752 5132 1280 5204 προκινδυνεύσομεν
1331 5133 1433 5202 τῆς
1466 5131 1612 5202 ζωῆς
1641 5151 1656 5199 ;
1683 5134 1781 5185 οὑκ
1819 5137 1909 5186 ὲκ-

332 5223 650 5295 φορὴσομεν
675 5222 744 5276 τά
779 5223 1008 5294 περιττά
1049 5222 1158 5274 τῶν
1205 5221 1526 5292 κτημάτων,
1563 5223 1649 5276 ἵνα
1697 5223 1907 5292 κτησώο

335 5317 480 5390 μεθα
528 5318 620 5368 τθιν
666 5315 914 5384 οὐράνιον
957 5312 1225 5380 πλοῦτον;
1272 5313 1371 5385 οὑχ
1400 5313 1783 5384 ὑπομενοῦμεν
1814 5314 1912 5384 τὴν

333 5413 398 5471 ἐξ
428 5408 992 5480 ἀνθρώπων“ἀδοξίαν,
1017 5408 1110 5462 καὶ
1155 5407 1309 5462 ταῦθ’
1343 5408 1418 5472 ὡς
1449 5409 1516 5460 τὰ
1554 5408 1724 5461 πολλὰ
1775 5408 1913 5478 φαύ-

329 5506 463 5566 λων,
499 5503 586 5557 ἵνα
615 5501 767 5564 θείας
805 5501 1153 5572 ἐπιτύχωμεν
1193 5500 1374 5572 δόξης,
1404 5504 1502 5572 τὴν
1533 5502 1734 5571 θνητὴν
1765 5502 1912 5554 ἀντι-

333 5597 572 5658 διδόντες
630 5595 730 5664 τῆς
784 5594 1097 5657 ἀθανάτους
1131 5594 1193 5647 οὑ
1253 5593 1593 5662 πεινάσομεν
1653 5595 1909 5665 μετρίως,

332 5689 455 5744 οὐδὲ
493 5687 813 5757 διψήσομεν,
845 5686 930 5741 ἵνα
965 5687 1231 5758 φάγωμεν
1267 5687 1360 5741 τὸν
1393 5687 1450 5754 ἐξ
1480 5688 1710 5758 οὐρανοῦ
1751 5705 1914 5742 κατει-

413 5871 454 5901 ¹⁹
499 5872 657 5925 i'uiii.
707 5884 816 5935 ιι,
882 5867 986 5934 ‘21;
1054 5869 1250 5922 Matth.
1299 5884 1345 5934 ν,
1393 5868 1484 5922 37.

1935 4630 1983 4688 ι)

2085 4305 2268 4363 Nostis
2301 4321 2496 4362 omnes
2536 4321 2634 4376 pro
2664 4305 2870 4374 quibus
2911 4303 3238 4373 semetipsos
3278 4302 3330 4356 in
3383 4301 3596 4356 labores

2011 4407 2067 4456 et
2113 4409 2343 4452 mortem
2403 4397 2619 4451 tradere
2678 4395 2858 4450 solent
2915 4395 3186 4448 homines.
3230 4393 3416 4447 Nonne
3492 4409 3591 4463 pro

2015 4505 2184 4562 parvo
2212 4490 2490 4559 stipendio
2550 4489 2747 4543 milites
2810 4503 2931 4542 Sese
2977 4486 3334 4540 horribilibus
3383 4487 3598 4555 perien-

2017 4586 2084 4638 lis
2152 4593 2205 4637 ct
2260 4581 2623 4637 internecioni
2676 4581 2952 4636 oll‘ernnt?
2995 4579 3182 4634 Nonne
3225 4594 3325 4650 pro
3372 4581 3596 4633 niiiiimo

2008 4691 2176 4747 opum
2208 4679 2555 4731 incremento
2586 4683 2861 4727 mercator
2905 4681 3253 4742 tempestates
3281 4672 3515 4738 drspieit
3543 4679 3598 4725 ιι

2007 4779 2203 4824 ventos
2234 4775 2288 4822 ct
2313 4767 2457 4821 feros
2483 4766 2734 4820 homines
2761 4767 2851 4833 qui
2879 4780 3027 4819 mare
3057 4773 3370 4834 terramque
3399 4763 3595 4818 infesta

2010 4859 2261 4914 faciunt?
2292 4857 2483 4913 Nonne
2514 4875 2612 4927 pro
2639 4873 2806 4927 parvo
2834 4858 2994 4927 panis
3020 4855 3192 4912 frusto
3220 4857 3422 4926 sapius
3441 4857 3598 4913 inulti

2010 4953 2275 5006 diti-orum
2318 4952 2450 5004 tiunt
2490 4951 2634 5006 servi
2666 4947 3064 5003 dominorum?
3100 4947 3166 5000 Et
3202 4963 3302 5003 nos
3339 4965 3444 5002 non
3477 4964 3598 5003 ser-

2019 5045 2231 5096 \‘ienius
2268 5044 2500 5111 benigno
2537 5049 2744 5095 natura:
2794 5041 3068 5096 Domino?
3115 5039 3252 5096 Vita:
3294 5042 3598 5112 periculum

2019 5135 2169 5188 adire
2200 5133 2614 5189 i‘ecusabiinns?
2659 5133 2776 5186 Non
2808 5134 3133 5204 alijicicmus
3163 5135 3478 5188 divitiarum
3508 5148 3601 5188 ειισ

2022 5226 2283 5297 perﬂunm
2317 5267 2332 5290 ,
2385 5236 2443 5279 ut
2494 5227 2746 5281 caelestes
2795 5242 2928 5295 opes
2976 5225 3428 5296 consequamur?
3478 5224 3596 5279 Non

2021 5320 2412 5375 sustinebimus
2447 5318 2688 5373 dedecus
2736 5334 2801 5372 ex
2853 5331 3004 5388 parte
3035 5319 3318 5373 hominum
3353 5319 3598 5387 plerum-

2023 5427 2127 5480 que
2160 5411 2372 5472 viiiuin,
2423 5421 2480 5464 ut
2511 5413 2747 5465 divinam
2784 5413 3082 5466 sortiantur
3111 5411 3359 5479 gloriam,
3395 5419 3600 5461 morta-

2023 5515 2126 5560 lem
2172 5522 2268 5576 pro
2321 5504 2618 5559 immortali
2670 5502 3112 5558 coiniiiutantcs?
3161 5500 3275 5555 Non
3320 5501 3600 5569 paulisper

2022 5600 2355 5660 esni'icinus,
2391 5615 2565 5668 neque
2598 5599 2851 5652 sitiemus
2893 5607 2948 5649 ut
2976 5596 3374 5650 manducemus
3407 5607 3602 5661 panem

2023 5691 2148 5746 vita:
2175 5693 2239 5746 de
2268 5692 2406 5746 cwlo
2439 5691 2882 5754 descendentem,
2921 5699 2972 5744 ct
2998 5689 3252 5742 bibamus
3277 5703 3445 5757 aquas
3477 5701 3601 5740 Veie
