4046 6468
437 382 546 445 295
1661 366 2037 430 GREGORH

2144 364 2437 428 ALAMAI.
2788 362 2803 369 ’
3593 362 3694 432 296

435 493 613 555 vivas,
662 502 784 559 qua:
824 486 1049 558 quilibet
1106 483 1436 541 manducare
1473 490 1528 538 et
1580 481 1772 537 bibere
1815 481 2016 550 dignus

2144 479 2287 534 ἱάντα
2316 480 2415 549 τῆς
2445 478 2591 549 ζωῆς
2619 477 2805 550 ἄρτον,
2834 476 2929 532 καὶ
2950 477 3164 550 πίωμεν
3185 476 3284 533 τοῦ
3313 478 3487 543 ὄντως
3510 477 3690 545 ὕδατος

440 582 610 637 fuerit
642 580 898 635 inventus
925 581 1039 650 jam
1098 592 1206 632 non
1253 575 1477 638 esuriet,
1533 588 1709 643 neque
1757 573 1906 627 sitiet
1959 572 2014 625 in

441 671 740 728 saeculum?
764 670 881 725 Non
927 670 1310 724 mundabimus
1336 667 1534 721 animae
1566 664 1812 727 oculum,
1841 662 2016 717 absti-

442 774 636 818 nentes
667 764 735 815 ab
767 762 913 816 omni
947 763 1110 816 sorde
1139 758 1323 815 carnis
1358 767 1412 811 et
1453 758 1705 827 spiritus,
1745 765 1804 809 ut
1833 755 2018 810 videa-

446 871 568 910 tnus
598 858 770 907 lucem
805 853 919 908 sole
956 852 1118 921 longe
1148 849 1598 918 splendidiorem,
1626 863 1719 903 seu
1751 846 1932 917 potius
1961 854 2020 900 ut

443 949 537 1002 ﬁlii
567 948 707 1002 luris
733 946 884 1001 illius
916 945 1112 1008 simus,
1155 952 1210 998 et
1236 943 1355 997 alia:
1391 943 1539 995 lui-es
1574 956 1668 1010 per
1710 941 2015 1009 participa-

447 1041 672 1102 tionem,
706 1038 933 1092 verbum
983 1041 1110 1090 vita:
1155 1034 1480 1089 consecuti?
1523 1032 1715 1093 Absit,
1765 1032 2020 1095 obsecro,

447 1131 668 1196 fratres,
702 1139 764 1183 ut
794 1143 1178 1199 pra-ponamus
1224 1126 1327 1181 luci
1380 1125 1656 1188 tenebras,
1690 1123 1799 1177 Deo
1834 1123 2028 1176 diabo-

447 1224 584 1287 lum,
618 1221 807 1276 d'tvino
840 1220 1178 1289 perennique
1214 1217 1411 1287 gaudio
1441 1216 1777 1285 voluptatem
1828 1217 2022 1268 mortis

449 1326 498 1370 et
543 1316 810 1384 gehennae
846 1313 1177 1374 ministram,
1207 1311 1401 1364 ditanti
1434 1309 1690 1363 charitati
1735 1308 2020 1377 copiosum

451 1407 824 1475 corruptionis
881 1405 1093 1458 lucrum
1124 1443 1139 1469 ,
1197 1404 1484 1457 materiam
1533 1399 1764 1454 ﬂamma:
1816 1413 1922 1467 qua
1970 1399 2023 1452 in

451 1508 720 1550 aiternutn
769 1494 1167 1549 comburuntur
1227 1494 1318 1563 qui
1380 1491 1521 1545 male
1587 1490 2024 1559 acquisiverttnl,

456 1591 601 1643 sicut
633 1603 729 1657 per
770 1588 1085 1655 parabolam
1136 1584 1319 1638 divitis
1377 1581 1639 1643 Dominus
1673 1581 1832 1635 nobis
1859 1582 2030 1633 mani-

456 1680 709 1745 festavit;
746 1681 838 1731 sed
888 1678 1133 1731 vivamus
1168 1676 1312 1730 sicut
1366 1675 1497 1727 vixit
1538 1673 1691 1742 ipse,
1745 1673 1885 1727 sicut
1918 1675 2031 1741 ipse

456 1773 647 1825 docuit
681 1783 732 1823 et
764 1770 1005 1823 ostendit.
1037 1770 1197 1822 nobis
1228 1768 1404 1821 factus
1435 1765 1650 1826 similis,
1696 1777 1750 1818 et
1776 1765 2030 1818 tollentes

461 1879 675 1918 crucem
723 1863 873 1914 illum
904 1874 1216 1928 Seqttamur,
1243 1859 1626 1926 crttciiigentes
1651 1870 1875 1910 carnem
1904 1871 2028 1909 cum

462 1956 512 2009 vi
542 1957 608 2010 iis
656 1964 709 2008 et
764 1952 1246 2019 cetteupiscmttiis,
1296 1961 1353 2003 ιιι
1401 1965 1524 2002 cum
1556 1964 1619 2002 eo
1655 1947 2036 2018 conglnritice-

472 2062 606 2108 llllt‘,
640 2044 948 2112 pariterque
977 2055 1326 2109 resurgamus
1350 2051 1403 2092 et
1430 2047 1545 2107 post
1575 2038 2030 2092 resurrertionem

460 2136 524 2190 .td
580 2152 703 2188 eum
766 2148 1136 2193 assumantur,
1203 2130 1666 2201 quemadmodum
1727 2132 1816 2183 ille.
1868 2130 2034 2184 hodie

459 2237 770 2295 assumptus
831 2236 911 2280 est
963 2226 1029 2279 ad
1070 2224 1306 2277 Patrem.
1356 2226 1518 2277 Stans
1571 2229 1710 2276 enim
1751 2222 1804 2274 in
1853 2221 2033 2274 medio

460 2317 879 2388 discipulorum,
906 2327 1065 2386 prout
1114 2316 1250 2370 dixit
1282 2315 1483 2382 Lucas,
1524 2315 1604 2369 vel
1653 2316 1834 2384 potius
1864 2328 2033 2383 appa-

459 2423 606 2472 rens,
640 2408 787 2462 sicut
844 2407 1046 2461 scribit
1079 2407 1293 2462 Marcus
1332 2412 1477 2477 (nam
1533 2417 1663 2461 tunc
1711 2423 1819 2461 non
1850 2408 2036 2461 aderat

459 2499 681 2566 quando
711 2499 1028 2568 apparebat,
1073 2499 1167 2553 sed
1201 2514 1413 2568 semper
1442 2508 1557 2551 erat
1585 2513 1709 2551 cum
1744 2498 1846 2561 eis,
1882 2499 2036 2552 vide-

460 2592 623 2644 batur
656 2601 842 2643 autem
875 2590 1233 2658 semetipsum
1271 2588 1633 2645 manifestans
1674 2592 1892 2658 quando
1940 2605 2037 2645 vo-

460 2682 666 2752 lebat):
703 2691 854 2737 stans
895 2688 1024 2753 ergo
1058 2684 1112 2737 in
1165 2683 1341 2749 medio
1384 2682 1771 2752 discipulorum
1807 2700 2033 2739 suorum

465 2772 783 2831 mandatum
819 2770 969 2823 dedit
1000 2772 1081 2826 eis
1112 2772 1538 2841 praedicationis.
1590 2785 1647 2828 et
1699 2776 2033 2844 promissum

467 2862 709 2933 Spiritus
740 2864 958 2924 tribuit.
1005 2864 1211 2920 addens
1245 2880 1304 2919 se
1338 2881 1461 2919 cum
1500 2865 1582 2921 eis
1614 2864 1729 2922 fore
1769 2883 1942 2938 usque
1970 2870 2036 2924 ad

384 3000 389 3005 .
461 2957 1015 3011 consummationem.
1050 2956 1262 3024 Quibus
1297 2957 1483 3024 dictis,
1542 2958 1870 3029 elevatisque
1918 2976 2035 3015 ma-

462 3047 633 3100 nibus
666 3046 802 3111 suis,
846 3047 1128 3101 benedixit
1161 3047 1241 3101 eis
1290 3057 1363 3111 et,
1393 3047 1704 3103 videntibus
1753 3049 1884 3112 illis,
1929 3051 2038 3104 ele-

2122 570 2349 634 ζῶντος,
2391 565 2468 623 ὧν
2495 572 2522 623 6
2553 569 2913 635 καταξιωθεὶς
2962 571 3163 637 φαγεῖν
3192 586 3254 622 τε
3311 570 3411 623 καὶ
3462 573 3605 624 πιεῖν
3635 572 3692 625 ού

2123 662 2199 733 μὴ
2245 663 2499 736 πεινάσῃ,
2522 662 2635 716 οὐδ’
2679 664 2741 715 οὐ
2784 664 2859 732 μὴ
2908 662 3112 733 διψήσῃ
3147 663 3227 726 είς
3260 662 3355 715 τὸν
3386 662 3597 728 αἰῶνας
3635 664 3692 717 οὗ

2119 755 2468 825 καθαρούμεν
2517 756 2608 808 τὸν
2655 755 2753 826 τῆς
2798 754 2978 826 ψυχῆς
3027 755 3335 825 ὀφθαλμὸν,
3372 756 3695 827 ἀπεχόμενοι

2122 846 2325 909 παντὸς
2358 846 2637 916 μολυσμοῦ
2678 848 2882 916 σαρκὸς
2914 848 3010 902 καὶ
3042 847 3382 915 πνεύματος,
3412 848 3482 902 ἶν’
3505 848 3695 917 ἴδωμεν

2119 939 2211 995 τὸν
2241 940 2348 1009 πρὸ
2370 938 2524 1007 ήλίου
2557 940 2846 1009 φωστῆρα,
2878 940 3081 1011 μᾶλλον
3131 940 3185 993 δέ
3209 939 3509 1008 γενώμεθα
3537 942 3695 996 τέκνα

2122 1030 2216 1083 τοῦ
2270 1031 2557 1100 φωστῆρος
2608 1032 2845 1097 ἐκείνου,
2900 1033 2995 1087 καὶ
3050 1037 3345 1104 φωστῆρες
3379 1033 3535 1089 ἄλλοι
3561 1036 3695 1089 κατὰ

2128 1120 2369 1191 μέθεξιν,
2423 1120 2568 1193 ζωῆς
2623 1123 2913 1193 ἐπέχοντες
2964 1124 3165 1191 λόγον;
3214 1124 3332 1196 Μὴ.
3372 1125 3700 1195 παρακαλῶ,

2124 1212 2379 1278 ἀδελφοὶ,
2412 1214 2489 1283 μὴ
2538 1214 2924 1286 προκρίνωμεν
2976 1217 3071 1270 τοῦ
3119 1216 3300 1284 φωτὸς
3353 1217 3419 1270 τὸ
3475 1217 3700 1280 σκότος’

2126 1303 2218 1356 τοῦ
2253 1304 2388 1357 Θεοῦ
2414 1305 2505 1359 τὸν
2529 1305 2778 1359 διάϐολον
2798 1323 2814 1338 ο
2846 1306 2945 1377 τῆς
2977 1308 3160 1362 ἐνθέου
3191 1310 3290 1362 καὶ
3320 1307 3497 1361 ἀϊδίου
3534 1308 3704 1378 θυμη-

2126 1395 2245 1457 δίας
2271 1394 2369 1464 τὴν
2408 1394 2644 1449 θανάτου
2681 1398 2775 1449 καὶ
2814 1399 3037 1465 γεέννης
3066 1399 3319 1453 διάκονον
3348 1401 3552 1471 ἡδονήν
3571 1417 3585 1432 ·
3612 1404 3703 1471 τῆς

2133 1487 2498 1541 πλουτοποιοῦ
2533 1489 2753 1557 ἀγάπης
2784 1490 2886 1558 τὴν
2913 1490 3174 1544 πλουσίαν
3209 1492 3310 1561 τῆς
3342 1491 3554 1562 φθορᾶς
3584 1492 3708 1558 κτῆδ

2130 1596 2215 1632 σιν
2246 1597 2260 1611 ο
2295 1580 2393 1647 τὴν
2424 1579 2556 1651 ὓλην
2602 1581 2700 1648 τῆς
2747 1579 3143 1652 τηγανιζούσηξ
3175 1582 3414 1645 αίωνίως
3450 1582 3575 1643 τοὺς
3608 1597 3704 1634 κα-

2133 1672 2245 1734 κῶς
2273 1676 2647 1742 κτησαμένους
2672 1672 2890 1742 φλογὸς,
2915 1672 3167 1742 καθάπερ
3189 1672 3278 1726 διὰ
3303 1673 3407 1741 τῆς
3432 1672 3531 1727 τοῦ
3552 1672 3709 1727 πλουο

2136 1765 2250 1816 σίου
2304 1765 2624 1834 παραεολῆς
2664 1764 3011 1833 ἐφανέρωσεν
3044 1767 3175 1835 ἡμῖν
3220 1767 3247 1818 6
3298 1766 3546 1835 Κύριοςο
3576 1766 3708 1819 ἀλλά

2137 1854 2393 1921 ζήσωμεν
2428 1855 2678 1926 καθάπερ
2709 1856 2871 1918 αὐτὸς
2926 1855 3113 1926 ἔζησε,
3140 1859 3236 1912 καὶ
3264 1857 3345 1921 ὡς
3375 1858 3543 1920 αὐτὸς
3583 1858 3708 1911 ὑπέ-

2136 1945 2277 2010 δειξε
2312 1947 2407 2000 καὶ
2440 1946 2665 2013 ἐδίδαξε,
2707 1946 2831 2000 καθ’
2858 1948 3004 2015 ἡμᾶς
3050 1948 3347 2017 γενόμενος
3372 1965 3386 1979 ·
3424 1950 3523 2003 καὶ
3548 1949 3708 2017 ἄραν-

2141 2053 2233 2099 τες
2261 2037 2351 2089 τὸν
2384 2039 2635 2106 σταυρὸν,
2674 2038 3129 2108 ἀκολουθήσωμεν
3154 2040 3329 2109 αὐτῷ,
3361 2040 3707 2110 σταυρώσαν-

2136 2148 2227 2193 τες
2278 2130 2376 2200 τὴν
2418 2131 2599 2200 σάρκα
2634 2132 2730 2184 σὺν
2777 2134 2889 2195 τοῖς
2919 2130 3209 2202 παθήμασι
3248 2132 3346 2184 καὶ
3377 2135 3498 2196 ταῖς
3530 2132 3710 2185 ἐπιθυά

2140 2223 2313 2291 μίαις,
2360 2224 2447 2276 ίνα
2497 2223 2591 2277 καὶ
2640 2223 3090 2293 συνδοξασθῶμεν
3131 2224 3286 2295 αὐτῷ
3349 2224 3445 2279 καὶ
3481 2239 3708 2276 συνειινα⁹

2140 2320 2378 2387 στῶμεν,
2408 2319 2502 2372 καί
2540 2317 2678 2387 μετά
2702 2318 2800 2388 τήν
2820 2318 3122 2370 ἀνάστασιν
3143 2314 3561 2385 ἀναληφθῶμεν
3583 2313 3708 2385 πρὸς

2138 2410 2320 2475 αὑτὸν,
2350 2410 2424 2473 ὡς
2464 2409 2558 2462 καὶ
2595 2410 2755 2473 αὐτὸς
2811 2407 3085 2478 ἀνελήφθη
3159 2408 3410 2479 σήμερον
3456 2405 3591 2476 πρὸς
3628 2403 3710 2457 τὸν

2140 2503 2358 2574 Πατέρα
2384 2517 2399 2534 ⁸
2428 2503 2559 2565 στάς
2583 2501 2689 2569 γάρ
2720 2503 2776 2553 ἐν
2798 2501 2949 2570 μέσῳ
2974 2499 3081 2554 τῶν
3110 2498 3397 2571 μαθητῶν,
3426 2498 3504 2560 ὡς
3529 2500 3556 2551 6
3576 2496 3708 2550 Δου-

2140 2595 2240 2657 κᾶς
2299 2609 2453 2662 φησι,
2508 2593 2709 2664 μᾶλλον
2761 2590 2817 2644 δὲ
2852 2594 3062 2659 φανεὶς,
3109 2591 3369 2661 καθάπερ
3417 2591 3447 2643 ὁ
3499 2588 3710 2659 Μάρκος

2140 2685 2342 2756 γράφει
2366 2698 2380 2713 ⁸
2422 2686 2514 2737 καὶ
2550 2684 2659 2754 γάρ
2693 2683 2752 2736 ού
2787 2684 2905 2736 τότε
2937 2682 3211 2751 ἐφίστατο,
3244 2683 3415 2754 ήνίκα
3446 2681 3706 2750 ἐφαίνετο.

2140 2775 2260 2830 ἀλλ’
2301 2776 2387 2829 ἀεὶ
2429 2776 2528 2846 μὲν
2571 2776 2871 2846 συμπαρῆν
2905 2775 3110 2839 αὐτοῖς,
3144 2774 3431 2828 ἐδείκνυτο
3468 2772 3525 2826 δὲ
3559 2789 3710 2841 φανε-

2143 2868 2252 2939 ρῶν
2283 2869 2496 2933 ἐαυτὸν,
2521 2870 2689 2940 ήνίκα
2725 2868 2882 2939 130
2907 2867 3177 2921 ἐϐούλετο*
3210 2866 3346 2931 στάς
3365 2861 3462 2923 οὖν
3485 2867 3710 2937 σήμερον

2141 2961 2199 3012 ἐν
2228 2960 2379 3031 μέσῳ
2409 2961 2516 3013 τῶν
2547 2960 2807 3031 μαθητῶν
2852 2958 3017 3013 αὐτοῦ
3059 2959 3156 3029 τὴν
3196 2959 3584 3030 παραγγελίαν
3616 2957 3709 3009 αὐ-

2140 3055 2254 3116 τοῖς
2308 3052 2477 3106 ἔδωκε
2520 3051 2614 3105 τοῦ
2671 3050 3048 3121 κηρύγματος,
3083 3050 3177 3104 καὶ
3229 3050 3335 3123 τὴν
3386 3048 3708 3119 ἐπαγγελίαν

461 3145 617 3190 vatus
646 3145 752 3201 est,
788 3149 1104 3190 meustrans
1135 3137 1415 3205 quoniam,
1448 3136 1539 3207 qui
1578 3137 1629 3191 ei
1656 3138 2022 3207 obedivcrint,

2146 3143 2441 3213 ἐχαρίσατο
2468 3142 2562 3196 τοῦ
2613 3143 2951 3217 Πνεύματος,
2977 3142 3071 3196 καὶ
3115 3143 3209 3216 τοῦ
3248 3147 3494 3199 συνεῖναι
3540 3144 3709 3203 αὐτοῖς

462 3238 751 3296 postquam
785 3228 1220 3295 resurrexerint,
1262 3229 1328 3282 ad
1373 3230 1538 3283 Deum
1572 3230 1952 3288 elevahttnlur.

2138 3234 2301 3306 μέχρι
2323 3238 2420 3306 τῆς
2444 3234 2756 3299 συντελείας
2781 3251 2796 3269 θ
2824 3238 2919 3290 καὶ
2951 3237 3089 3306 μετὰ
3115 3237 3242 3298 τοὺς
3268 3239 3465 3307 λόγους
3493 3235 3708 3296 τούτους

461 3322 750 3386 ἀνατείνας
785 3323 884 3387 τὰς
925 3327 1136 3394 χεῖρας,
1164 3325 1457 3396 εὐλόγησεν
1489 3328 1708 3390 αὐτοὺς.
1747 3329 1841 3381 καὶ
1872 3328 2127 3399 ὁρώντων
2166 3330 2450 3403 ἀνυψώθη,
2477 3330 2657 3397 δείξας
2701 3333 2786 3386 ὃτι
2811 3335 2904 3386 καὶ
2966 3333 3017 3387 οί
3069 3333 3490 3397 ὑπακούσαντες
3549 3326 3706 3398 αὐτῷ,

465 3416 604 3486 μετά
635 3416 695 3467 τὸ
726 3416 1053 3487 ἀναστῆναι,
1091 3421 1225 3490 πρὶς
1253 3421 1384 3473 Θεὸν
1413 3423 1881 3493 ἀνυψωθήσονται.

535 3510 794 3565 Discessit
822 3527 951 3581 ergo
979 3527 1206 3582 corpore
1237 3513 1304 3566 ab
1332 3514 1444 3580 eis;
1469 3530 1593 3569 nam
1619 3515 1822 3570 deitate
1845 3518 1925 3571 eis
1960 3517 2045 3570 in-

462 3610 683 3668 tererat,
714 3612 768 3657 et
796 3613 955 3672 prout
994 3605 1319 3673 pratdixerat
1343 3605 1444 3672 eis,
1491 3607 1767 3661 exaltatus
1798 3607 1939 3662 sedit
1976 3608 2044 3662 ad

458 3690 737 3747 dexterum
769 3693 948 3750 Patris
983 3710 1105 3749 cum
1162 3698 1417 3766 ligmento
1462 3706 1674 3753 nostro.
1699 3697 1864 3769 Igitur
1895 3702 2041 3756 s‘cut

461 3786 550 3838 ille
584 3785 719 3839 vixit
749 3795 805 3840 et
830 3798 1082 3842 mortuus
1108 3799 1213 3853 est,
1238 3789 1379 3842 sicut
1400 3790 1701 3845 resurrexit
1745 3802 1795 3845 et
1829 3806 2047 3845 assum-

455 3887 588 3944 ptus
619 3886 720 3943 est,
744 3880 813 3931 ita
842 3888 894 3931 et
917 3893 1015 3932 nos
1045 3879 1278 3935 vivimus
1298 3893 1351 3935 et
1373 3881 1680 3945 interimus,
1707 3893 1761 3937 et
1809 3898 2055 3951 resurge-

460 3982 583 4021 mus
603 3984 830 4034 omnes;
855 3971 1281 4039 assutnptionem
1312 3989 1440 4027 vero
1469 3989 1575 4026 non
1621 3988 1814 4027 omnes
1848 3973 2048 4028 sortic-

461 4075 605 4122 mur,
630 4063 720 4112 sed
749 4069 957 4114 tantum
990 4063 1187 4132 quibus
1219 4064 1326 4116 vita
1356 4064 1608 4119 Christus
1637 4073 1788 4118 estet
1824 4073 2047 4134 propter

463 4166 589 4203 eum
632 4151 769 4204 mori
802 4154 1034 4208 lucrum.
1060 4154 1384 4224 Quicunque
1417 4165 1545 4209 ante
1588 4167 1819 4209 mortem
1850 4171 2045 4225 pecca-

464 4250 577 4295 tum
614 4257 704 4310 per
728 4243 1111 4312 pceniteutiam
1155 4255 1210 4299 et
1255 4246 1625 4315 evangelicam
1661 4246 2042 4300 conversatio-

463 4351 588 4387 nem
625 4337 1041 4402 cructlixerunt,
1075 4338 1131 4391 hi
1161 4339 1261 4393 soli
1291 4347 1416 4408 post
1456 4338 1916 4393 resurrectionem
1951 4353 2037 4391 ra-

466 4427 687 4496 pientur
738 4431 789 4481 in
844 4429 1082 4485 nubibus
1137 4430 1190 4483 in
1224 4445 1514 4484 occursum
1543 4429 1746 4485 Christi
1784 4430 1838 4483 in
1871 4445 1997 4484 acra
2028 4445 2046 4496 ;

464 4518 617 4571 illum
653 4522 799 4573 enim
851 4523 1243 4576 ascendentem
1280 4522 1453 4576 nubes
1499 4522 1757 4590 suscepit,
1814 4532 1873 4575 ut
1923 4538 2049 4576 nar-

2175 3554 2182 3562 ι
2219 3517 2457 3579 Διαστᾶς
2491 3514 2591 3569 οὖν
2626 3514 2806 3568 αὐτῶν
2834 3513 2912 3585 τῷ
2946 3511 3201 3582 σώματι·
3239 3515 3309 3585 τῇ
3365 3511 3476 3582 γὰρ
3504 3511 3709 3580 θεότητι

2152 3610 2317 3680 συνῆν
2351 3609 2568 3672 αὐτοῖς’
2600 3608 2742 3661 κατά
2791 3606 2890 3679 τὴν
2944 3605 3079 3677 πρὸς
3116 3606 3317 3672 αὐτοὺς
3367 3603 3709 3674 ἐπαγγελίαν,

2152 3700 2533 3773 ύπερυψωθεὶς
2576 3698 2832 3753 ἐκάθισεν
2877 3700 2936 3752 ἐν
2973 3697 3126 3770 δεξιᾷ
3174 3697 3270 3751 τοῦ
3328 3698 3542 3770 Πατρός
3585 3693 3713 3766 μετά

2149 3792 2243 3846 τοῦ
2278 3793 2547 3864 ἡμετέρου
2595 3792 2933 3863 φυράματος.
2974 3789 3066 3854 Ὧς
3103 3790 3196 3844 οὖν
3223 3792 3436 3854 ἐκεῖνος
3464 3788 3596 3844 ἐσίω
3625 3785 3712 3841 καὶ

2153 3882 2390 3949 ἀπεϐίω,
2416 3885 2509 3937 καὶ
2537 3885 2736 3950 ἀνέστη
2788 3881 2884 3936 καὶ
2923 3881 3223 3952 ἀνελήφθη,
3257 3882 3407 3937 οὕτω
3436 3883 3530 3935 καὶ
3565 3878 3713 3949 ἡμεῖς

2156 3975 2339 4046 ζῶμεν
2388 3977 2483 4030 καὶ
2514 3974 2954 4044 ἀποθνήσκομεν,
2990 3973 3082 4026 καὶ
3117 3972 3543 4044 ἀναστησόμεθα
3588 3968 3713 4021 πάν-

2153 4085 2245 4131 τες
2270 4085 2285 4100 ο
2321 4066 2419 4137 τῆς
2462 4067 2519 4120 δὲ
2551 4066 2868 4137 ἀναλήψεως
2902 4066 2961 4118 ού
3006 4065 3208 4128 πάντες
3250 4062 3579 4134 τευξόμεθα,
3608 4057 3711 4115 ἀλλ’

2151 4156 2295 4219 ὅσοις
2326 4157 2386 4208 τὸ
2416 4155 2514 4226 ζῇν
2551 4156 2785 4225 Χριστός
2821 4158 2959 4219 ἐστι,
2995 4157 3088 4209 καὶ
3118 4155 3180 4208 τὸ
3213 4154 3280 4209 δι’
3331 4156 3494 4209 αὐτὸν
3523 4150 3714 4206 ἀποθι·

2148 4248 2261 4301 νεῖν
2311 4247 2521 4316 κέρδος,
2575 4249 2687 4301 ὅσοι
2722 4246 2828 4318 πρὸ
2889 4245 2982 4301 τοῦ
3025 4246 3255 4301 θανάτου
3301 4247 3402 4318 τὴν
3455 4239 3713 4313 ἁμαρτίαν

2151 4336 2240 4389 διὰ
2278 4337 2566 4406 μετανοίας
2593 4338 2685 4389 καὶ
2713 4336 2811 4405 τῆς
2839 4335 3205 4406 εύαγγελικῆς
3230 4336 3509 4397 πολιτείας
3536 4327 3713 4384 έστκύο

2159 4448 2349 4502 ρωσαν
2372 4446 2386 4460 ⁸
2417 4423 2560 4484 οὗτοι
2589 4431 2696 4501 γάρ
2734 4431 2887 4501 μόνοι
2922 4431 3060 4501 μετά
3087 4430 3183 4501 τὴν
3213 4432 3401 4500 κοινὴν
3432 4426 3713 4481 ἀνάστασιν

2153 4522 2633 4594 ἀναληφθήσονται
2663 4526 2720 4575 ἐν
2746 4523 3001 4591 νεφέλαις
3029 4525 3106 4585 εἰς
3152 4523 3462 4591 ἀπάντησιν
3489 4515 3577 4570 τοῦ
3611 4515 3713 4566 Ku-

466 4612 607 4664 ravit
644 4604 816 4667 Lucas
869 4616 920 4667 in
971 4616 1194 4669 Actibus
1254 4614 1663 4686 apostolorum,
1693 4614 1854 4668 Velut
1887 4615 2037 4670 disci:

2162 4614 2276 4684 ρίου
2316 4616 2395 4675 εἰς
2425 4615 2563 4684 ἀέρα.
2590 4635 2604 4648 ·
2638 4615 2856 4685 καὶγὰρ
2890 4617 2984 4667 καὶ
3016 4615 3175 4667 αὑτὸν
3206 4606 3710 4681 ἀναλαμϐανόμενον

470 4704 608 4772 puli,
641 4715 921 4775 postquam
966 4717 1281 4776 assumptus
1313 4715 1478 4771 esset,
1528 4722 1632 4759 non
1678 4707 1924 4776 corporis
1952 4708 2048 4761 sed

472 4796 671 4849 anima:
702 4798 880 4851 oculis
902 4813 1026 4852 eum
1058 4797 1469 4866 conspicientes
1518 4798 1791 4867 simulque
1826 4799 2053 4852 adoran-

472 4893 575 4949 tes,
611 4886 664 4939 in
702 4902 835 4955 pace
870 4887 1259 4956 quiescamus,
1312 4901 1495 4954 pacein
1546 4887 1598 4939 in
1636 4888 1791 4942 nobis
1817 4900 1872 4941 et
1910 4890 2054 4941 inter

476 4993 579 5032 nos
613 4978 845 5033 invicem
870 4980 1157 5043 colentes;
1199 4976 1504 5032 Jerusalem
1554 4979 1700 5032 enim
1740 4995 1847 5049 pax
1893 4981 2059 5034 inter-

476 5079 766 5136 pretatur;
806 5078 861 5123 et
890 5069 944 5121 in
976 5067 1317 5138 superiorem
1352 5071 1549 5123 animae
1600 5080 1800 5124 nostra:
1843 5080 2053 5139 partem

478 5161 823 5223 secedentes,
861 5161 1044 5229 ibique
1079 5171 1363 5214 manentes
1394 5168 1450 5214 et
1500 5175 1743 5225 orantes,
1788 5162 2056 5216 emunde-

478 5267 603 5306 mus
634 5266 732 5307 nos
787 5267 818 5306 a
881 5252 1094 5307 vitiosis
1127 5256 1466 5324 terrenisque
1498 5254 1946 5324 cogitationibus.
1980 5255 2055 5309 lta

479 5344 625 5396 enim
664 5342 1037 5397 obtinebimus
1066 5345 1360 5398 adventum
1416 5344 1713 5409 Paraeleti,
1751 5357 1805 5401 et
1849 5347 1901 5399 in
1949 5347 2059 5416 ερὶ-

481 5434 589 5484 rittt
620 5440 673 5483 et
699 5431 927 5486 veritate
955 5432 1304 5487 adorabimus
1330 5432 1544 5488 Patrem
1588 5447 1641 5489 et
1684 5434 1890 5490 Filium
1936 5452 2063 5491 san-

481 5533 744 5590 ctumque
802 5520 1063 5590 Spiritum
1104 5540 1250 5579 nunc
1296 5535 1347 5579 et
1395 5542 1613 5597 semper
1661 5537 1716 5582 et
1760 5531 1812 5581 in
1862 5528 2056 5583 saecula

484 5615 835 5668 saeculorum.
881 5617 1074 5670 Amen.

2156 4704 2351 4775 νεφέλη
2387 4705 2676 4771 ὑπέλαϐεν,
2701 4704 2773 4769 ὡς
2802 4706 3067 4769 ὁΛουκᾶς
3100 4706 3157 4757 ἐν
3192 4706 3314 4767 ταῖς
3350 4700 3582 4772 Πράξεσι
3610 4691 3709 4746 τῶν

2157 4795 2473 4847 ἀποστόλων
2503 4794 2811 4863 ἱστόρησεν.
2855 4795 2993 4849 Ἀλλ’
3026 4797 3105 4858 ὡς,
3142 4796 3191 4846 οἱ
3229 4792 3468 4864 μαθηταὶ
3501 4784 3633 4857 μετά
3655 4778 3710 4832 τδ

2156 4884 2556 4954 ἀναληφθῆναι..
2583 4886 2656 4955 μὴ
2703 4885 2938 4955 ὁρῶντες
2974 4883 3269 4955 αἰσθητῶς,
3305 4881 3443 4937 ἀλλά
3487 4878 3594 4937 τοῖς
3623 4871 3712 4936 τῆς

2156 4975 2333 5046 ψυχῆς
2361 4977 2684 5047 ὀφθαλμοῖς,
2723 4979 2869 5046 ὄμω;
2904 4977 3384 5047 προσκυνήσαντες
3416 4967 3599 5027 αὐτὸν,
3627 4956 3712 5012 ἐπὶ

2161 5070 2260 5140 τὴν
2301 5071 2525 5141 εἰρήνην
2574 5068 3040 5141 καταπαύσωμεν,
3074 5070 3131 5123 ἐν
3165 5070 3295 5141 ἡμῖν
3327 5085 3386 5120 τε
3416 5062 3594 5120 αὐτοῖς
3627 5049 3711 5106 καὶ

2167 5162 2282 5233 μετ’
2302 5162 2543 5232 ἀλλήλων
2570 5160 2964 5231 εἰρηνεύοντες
3000 5160 3360 5232 Ἰερουσαλὴμ
3386 5158 3491 5226 γάρ
3516 5146 3708 5233 simi?"

2166 5252 2564 5321 ἑρμηνεύεται·
2598 5252 2694 5303 καλ⁵
2726 5253 2782 5303 ἐν
2814 5250 2891 5320 τῷ
2940 5250 3062 5305 καθ’
3093 5252 3238 5321 ἡμᾶς
3270 5249 3464 5308 αὐτοὺς
3497 5231 3710 5305 ὑπερῴῳ

2166 5343 2244 5413 τῷ
2274 5342 2349 5410 νῷ
2375 5343 2679 5412 γενόμενοι,
2700 5343 2795 5394 καὶ
2814 5343 2991 5413 τούτῳ
3017 5342 3421 5412 παραμένοντες
3445 5334 3536 5388 καὶ
3565 5336 3712 5413 πρθσξ

2173 5438 2485 5504 ευχόμενοι,
2539 5436 2891 5505 καθαίρωμεν
2930 5435 3157 5497 ἑαυτοὺς
3200 5435 3306 5487 τῶν
3350 5423 3601 5500 ἐμπαθῶν
3631 5410 3712 5505 καὶ

2169 5525 2529 5596 χαμαιζήλων
2579 5524 2892 5594 λογισμῶν
2942 5523 3084 5576 οὕτω
3118 5526 3224 5592 γὰρ
3262 5522 3353 5574 καὶ
3406 5517 3500 5585 τῆς
3544 5502 3712 5565 ἐπιδηο

2175 5617 2302 5686 μίας
2334 5618 2638 5687 τευξόμεθα
2674 5617 2765 5670 τοῦ
2805 5617 3183 5686 Πειρακλήτου,
3230 5618 3321 5669 καὶ
3374 5613 3430 5664 ἐν
3462 5603 3712 5687 πνεύμαΔτι

484 5702 580 5751 καὶ
627 5702 856 5772 ἀληθείᾳ
910 5707 1373 5779 προσκυνήσομεν
1416 5709 1634 5778 Πατέρα
1687 5711 1779 5762 καὶ
1810 5709 1939 5762 Ti?”
1973 5707 2066 5762 καὶ
2108 5706 2264 5776 ἅγιον
2302 5708 2548 5777 Πνεῦμα,
2584 5708 2681 5761 νῦν
2714 5711 2807 5761 καὶ
2846 5709 2951 5774 ἀεὶ,
2980 5708 3073 5761 καὶ
3103 5708 3182 5772 είς
3215 5707 3338 5769 τοὺς
3373 5702 3564 5757 αἰῶνας
3616 5698 3709 5741 των

489 5797 725 5851 αἰώνων.
772 5800 827 5852 Ἀ
837 5804 965 5872 μήν,
