4014 6430
1001 320 1006 323 ·
1075 320 1104 333 Ἀ

255 367 374 432 3ΞὟ

1606 374 1941 437 HOMILIA
1980 375 2194 439 XXIV.

3429 377 3544 440 318

256 479 500 550 Πνεῦμα
529 478 588 534 τὸ
619 479 799 548 ἅγιον,
829 469 1315 554 συνδημιουργοῦν
1333 485 1410 554 τῷ
1441 486 1619 552 Πατρὶ
1645 489 1743 540 καὶ
1770 485 1848 555 τῷ

1966 490 2192 558 -'ep|ens,
2219 488 2480 542 et‘omnia
2507 500 2702 557 regens
2727 493 2781 539 et
2808 485 3151 540 custodiens.
3180 484 3266 537 ait
3289 488 3436 538 enim
3469 487 3540 539 ad

255 571 388 641 Υἱῷ
423 573 564 628 κατά
610 574 804 646 καιρὸν
842 573 910 628 τά
949 577 1453 648 δημιουργηθέντα,
1488 581 1582 633 καὶ
1612 597 1849 633 συνανα-

256 663 514 727 κοιινίζον
547 664 616 718 τά
657 667 1109 735 παραερθαρέντα,
1148 669 1243 721 καὶ
1285 671 1509 739 συνέχον
1549 671 1615 724 τὰ
1659 671 1853 737 διαμέ-

1953 583 2117 634 Deum
2154 579 2444 634 Psalmista
2473 596 2489 633 :
2537 599 2554 631 ι
2588 579 2707 645 Quo
2734 579 2824 633 ibo
2859 594 2887 631 a
2915 577 3120 647 Spiritu
3152 585 3262 643 tuo,
3297 587 3352 630 et
3375 593 3483 647 quo
3512 593 3543 630 a

1953 670 2089 723 facie
2121 678 2211 723 tua
2245 670 2448 740 fugiant
2474 671 2560 724 5"?
2590 689 2608 721 ι

257 773 466 809 νον-ια’
533 731 835 827 ’πανταέοῦ⁷
861 731 1058 828 παρὸν,
1090 763 1182 814 καὶ
1233 763 1304 816 τὰ
1343 731 1518 816 πάντα
1572 731 1840 833 πληροῦν,
1883 763 1978 814 καὶ
2015 763 2084 816 τά
2122 731 2515 816 πάντανδιέπον
2541 765 2632 818 καὶ
2667 731 2916 833 ἐφορῶψ
2967 783 2984 815 ι
3023 763 3134 814 Ποῦ
3203 763 3311 832 γὰρ
3337 804 3350 824 ,
3413 761 3548 830 φησῖ

261 850 412 920 πρὶς
439 851 530 903 τὸν
557 852 692 926 Θεθιν
716 854 745 904 6
767 852 1095 920 Ψαλμῳδδς,
1141 855 1395 922 πορευθῶ
1421 858 1529 909 ἀπὸ
1552 859 1646 910 τοῦ
1687 856 2008 926 Πνεύματός
2037 874 2154 920 σου,
2183 859 2277 911 καὶ
2303 857 2410 909 ἀπὸ
2447 859 2540 910 τοῦ
2569 857 2863 927 προσώπου
2894 875 2986 910 σου
3018 855 3121 907 ποῦ
3159 857 3315 924 φύγω
3341 872 3354 918 ;
3399 874 3421 906 ι

341 947 423 998 Οὐ
458 943 738 1015 πανταχοῦ
785 946 841 998 δὲ
892 946 1073 1014 μόνον,
1111 947 1246 1000 ἀλλά
1284 950 1376 1000 καὶ
1427 950 1568 1020 ὑπὲρ
1622 952 1679 1003 τὸ
1715 952 1846 1010 πᾶν,

261 1035 480 1088 οὐδ’ἐν
539 1037 704 1089 παντὶ
735 1038 892 1089 αίῶνί
935 1055 993 1089 τε
1026 1038 1120 1090 καὶ
1179 1040 1380 1109 χρόνῳ,
1429 1041 1566 1095 ἀλλά
1611 1041 1706 1094 καὶ
1741 1041 1849 1110 πρὸ

263 1127 477 1187 παντὸς
521 1127 716 1189 αίῶνός
750 1145 810 1180 τε
839 1131 932 1181 καὶ
975 1130 1168 1197 χρόνον
1193 1147 1208 1162 ·
1251 1133 1344 1183 καὶ
1373 1132 1434 1184 ού
1483 1134 1646 1201 μέχρι
1685 1133 1848 1199 μόνον

269 1220 593 1280 συντελείας
623 1219 818 1282 αίῶνος
845 1220 965 1286 μεθ’
997 1222 1152 1288 ἡμῶν
1185 1221 1338 1274 ἔσται
1367 1225 1512 1276 κατὰ
1545 1225 1646 1295 τὴν
1676 1226 1850 1290 ἐπαγ-

265 1309 485 1376 γελίαν,
535 1307 671 1360 ἀλλά
715 1308 895 1380 πολλῷ
929 1310 1132 1378 μᾶλλον
1183 1313 1296 1372 τοῖς
1335 1311 1508 1376 ἀξίοις
1556 1331 1852 1384 συμπαρα-

271 1401 454 1468 μενεί,
525 1399 666 1450 κατά
720 1399 810 1450 τὸν
861 1400 1126 1468 μέλλοντα
1176 1403 1373 1468 αίῶνα,
1425 1405 1484 1457 τὸ
1521 1406 1743 1474 Πνεῦμα
1792 1409 1852 1459 τὸ

269 1491 456 1556 ἅγιον,
516 1488 925 1554 ἀπαθανατίζον
985 1490 1192 1544 τούτων
1246 1493 1339 1546 καὶ
1388 1495 1631 1565 πληροῦν
1681 1495 1853 1550 erat»

268 1579 434 1647 δόξης
466 1582 562 1633 καὶ
589 1581 657 1634 τὰ
691 1581 939 1652 σώματα,
971 1583 999 1636 ὃ
1044 1584 1141 1636 καὶ
1180 1585 1207 1636 6
1247 1585 1449 1655 Κύριος
1499 1586 1673 1654 δηλῶν
1702 1588 1857 1656 ἔλεγε

267 1673 388 1732 τοῖς
439 1672 744 1742 μαθηταίς’
793 1693 813 1726 ι
866 1674 1011 1742 Ἐγὼ
1046 1677 1306 1745 ἐρωτήσω
1344 1679 1434 1731 τὸν
1485 1679 1726 1747 Πατέρα,
1763 1679 1858 1733 καὶ⁸

271 1760 439 1815 ἄλλον
471 1762 828 1830 Παράκλητον
855 1762 1018 1816 δώσει
1071 1764 1220 1833 ὑμῖν,
1262 1765 1347 1818 ἵνα
1381 1768 1517 1838 μένῃ
1554 1767 1671 1836 μεθ’
1701 1769 1855 1839 ὑμῶν

2035 947 2234 1003 Verum
2273 965 2381 1003 non
2419 951 2618 1018 ultique
2652 957 2887 1011 tantum,
2923 948 3018 1002 sed
3050 955 3103 1000 et
3131 962 3296 1014 super
3327 948 3543 1000 omnia.

1957 1050 2012 1097 et
2050 1043 2102 1096 in
2136 1042 2282 1096 omni
2317 1041 2522 1095 saeculo
2566 1050 2618 1095 et
2656 1048 2929 1108 tempore,
2962 1039 3055 1092 sed
3093 1048 3141 1092 et
3190 1047 3314 1090 ante
3347 1040 3539 1092 otnnia

1902 1151 1924 1174 κ
1957 1133 2157 1187 saecula
2195 1141 2250 1185 et
2285 1140 2553 1199 tempora,
2588 1145 2689 1183 nec
2725 1128 3072 1185 solummodo
3105 1127 3385 1180 nobiscum
3418 1131 3544 1188 erit,

1956 1233 2122 1293 prout
2161 1223 2496 1292 promissum
2539 1232 2644 1285 est,
2683 1236 2861 1290 usque
2903 1221 2967 1273 ad
3011 1219 3545 1272 consummationem

1956 1317 2164 1381 saeculi,
2192 1316 2283 1369 sed
2317 1315 2494 1368 multo
2526 1314 2699 1384 magis
2739 1311 3079 1382 permanebit
3103 1325 3225 1363 cum
3255 1311 3460 1362 sanctis
3491 1309 3544 1361 in

1954 1405 2146 1459 futuro
2179 1405 2380 1458 sarculo
2414 1404 2654 1472 Spiritus
2683 1412 2928 1465 sanctus,
2958 1417 3191 1470 quorum
3230 1401 3391 1453 etiam
3425 1416 3546 1452 cur-

1956 1514 2082 1566 pora
2109 1497 2522 1551 immortalitate
2565 1494 2774 1548 donata
2811 1493 2982 1560 gloria
3033 1500 3234 1546 aeterna
3269 1490 3495 1557 rrplohil
3526 1505 3540 1552 ;

1964 1589 2069 1642 hoc
2097 1586 2362 1640 Dominus
2388 1587 2687 1640 ostendens
2711 1584 2850 1638 dixit
2885 1582 3169 1651 discipulis
3207 1598 3221 1635 :
3262 1601 3279 1632 ι
3316 1580 3428 1650 Ego
3456 1596 3546 1634 ro-

1964 1679 2103 1748 gabo
2132 1676 2368 1743 Patrem,
2399 1685 2452 1731 et
2477 1676 2664 1730 {alium
2709 1674 3050 1728 Paracletum
3087 1673 3241 1727 dabit
3282 1673 3458 1735 vobis,
3489 1681 3546 1725 ut

1965 1781 2182 1825 maneat
2220 1768 2503 1823 vobiscum
2542 1767 2594 1820 in
2637 1765 2832 1820 saacula
2857 1764 2924 1816 “.
2964 1783 2982 1814 ι
3030 1753 3347 1817 Seminatur
3373 1762 3546 1824 enim,

274 1855 359 1914 είς
383 1852 477 1906 τὸν
508 1851 679 1906 αἰῶνα
697 1869 716 1930 ’ς
749 1872 767 1904 ι
803 1855 1086 1922 σπείρεται
1119 1855 1252 1926 γάρ,
1287 1858 1453 1926 φησὶν
1476 1861 1504 1911 6
1525 1859 1860 1922 ’Δπόστολος,

1970 1862 2148 1928 inquit
2167 1861 2481 1929 Apostolus,
2504 1859 2554 1912 id
2575 1869 2656 1911 est
2676 1857 2940 1922 sepelitur
2959 1863 3015 1910 et
3038 1853 3295 1910 conditur
3317 1853 3370 1906 in
3399 1862 3548 1905 terra

273 1945 558 2000 τουτέστιν
587 1945 910 1999 ἐνθάπτεται
942 1947 1036 1999 καὶ
1081 1947 1474 2017 κατορύττεται
1501 1953 1566 2019 τῇ
1600 1952 1670 2020 γῇ
1703 1950 1862 2003 θανὸν

281 2039 446 2106 σῶμα
475 2038 725 2108 ψυχικὸν,
776 2040 939 2092 ταυτὺ
973 2038 1018 2092 δ’
1052 2041 1229 2093 εἰπεῖν
1287 2041 1540 2108 φυσικὸν,
1587 2044 1680 2095 καὶ
1712 2042 1858 2113 ψυχῇ

279 2133 378 2184 καὶ
428 2131 638 2198 σώματι
693 2132 930 2197 κτιστδν,
961 2131 1023 2183 τὸ
1081 2131 1406 2186 συνεστάναι
1446 2134 1542 2186 καὶ
1591 2135 1861 2188 κινεῖσθαι

197 2249 206 2256 -
277 2223 436 2292 σχόνο
463 2224 755 2294 ἐγείρεται,
779 2224 1060 2276 τουτέστιν
1091 2223 1286 2292 ἀναζῇ,
1327 2223 1487 2296 140
1515 2226 1673 2294 σῶμα
1701 2243 1865 2280 πνευ-

282 2314 536 2382 ματικὸν,
568 2313 732 2365 ταυτὸ
755 2313 801 2366 δ’
826 2314 1004 2366 εἰπεῖν
1032 2315 1130 2366 ὑπε
1144 2315 1331 2383 ρφυὲς.
1363 2315 1564 2378 ὡςύπὸ
1589 2317 1682 2370 τοῦ
1716 2317 1859 2370 θείου

281 2404 602 2474 Πνεύματος
654 2404 930 2466 συνεστὼς
964 2408 1059 2459 καὶ
1103 2407 1498 2476 διοικούμενον,
1532 2411 1627 2462 καὶ
1670 2413 1734 2478 τῇ
1771 2411 1863 2463 δυ-

279 2497 446 2564 νάμει
501 2496 594 2550 τοῦ
658 2497 974 2566 Πνεύματος
1035 2496 1336 2551 ἀθανασίαν
1395 2499 1491 2552 καὶ
1545 2499 1704 2566 δόξαν
1765 2502 1861 2556 καὶΙ

280 2588 595 2657 ἀφθαρσίαν
640 2588 1050 2657 ἠμφιεσμένον·
1083 2608 1101 2640 ι
1152 2589 1402 2656 Ἐγένετο
1439 2590 1570 2660 γὰρ,
1617 2594 1802 2661 φησὶν,
1831 2595 1860 2646 6

282 2680 501 2750 πρῶτος
537 2679 707 2747 Ἀὃάμ
737 2682 815 2742 είς
840 2678 1021 2750 ψυχὴν
1047 2679 1248 2747 ζῶσαν,
1277 2683 1306 2734 6
1337 2684 1394 2735 δὲ
1423 2682 1651 2752 ἔσχατος
1688 2684 1860 2755 Ἀδὰμ

281 2772 364 2831 είς
395 2769 617 2838 Πνεῦμα
660 2769 954 2834 ζωοποιοῦν
982 2788 996 2802 ·
1037 2772 1133 2826 καὶ
1171 2774 1198 2826 6
1255 2773 1355 2842 μὲν
1390 2777 1610 2843 πρῶτος
1646 2773 1862 2846 ἀνθρω-

283 2879 384 2924 πος
414 2863 479 2914 ὲκ
513 2862 616 2930 γῆς
641 2861 844 2931 χοῖκδς,
873 2864 900 2915 6
923 2863 978 2916 δὲ
1009 2862 1262 2933 δεύτερος
1288 2864 1570 2935 ἄνθρωπος
1603 2866 1631 2917 6
1657 2865 1860 2936 Κύριος

283 2954 341 3018 ἐξ
371 2950 598 3022 ούρανοῦ
625 2968 640 2983 ·
669 2945 783 3015 οἷος
831 2955 860 3006 6
901 2952 1111 3022 χοϊκδς,
1155 2954 1386 3007 τοιοῦτοι
1437 2956 1530 3008 καὶ
1569 2957 1618 3008 oi
1663 2957 1856 3025 χοῖκοὶ,

271 3039 392 3115 ὀἷος
421 3044 452 3094 6
482 3043 820 3112 ἐπουράνιος,
853 3043 1086 3098 τοιοῦτοι
1117 3045 1211 3097 καὶ
1237 3046 1284 3098 οί
1328 3045 1662 3115 ἐπουράνιοι.
1709 3065 1727 3099 ι
1760 3047 1856 3100 Τί·-

281 3153 370 3195 ve;
410 3125 594 3200 οὖτοις
632 3134 695 3188 Οί
744 3133 945 3204 ἑδραῖοι
975 3135 1068 3187 καὶ
1105 3136 1496 3206 ἀμετακίνητοι
1534 3141 1601 3209 τῇ
1649 3138 1854 3200 πίστει,

1964 1961 2240 2007 mortuum
2273 1965 2473 2019 corpus
2502 1949 2763 2010 animale,
2811 1947 3022 2001 scilicet
3054 1946 3326 2010 naturale,
3359 1944 3545 1998 anima

1961 2053 2015 2100 et
2043 2057 2271 2113 corpore
2302 2043 2670 2110 compositum
2698 2039 2904 2093 habens
2931 2039 3076 2092 unde
3099 2045 3314 2091 constet
3345 2046 3398 2090 et
3425 2051 3548 2088 mo-

1963 2143 2194 2199 veatur;
2235 2142 2424 2202 surget
2465 2129 2736 2200 spiritale,
2790 2129 2842 2181 id
2877 2137 2959 2182 est
3005 2127 3297 2182 reviviscet
3331 2133 3547 2179 natura

1963 2224 2240 2294 superius,
2280 2231 2468 2291 utpote
2504 2219 2691 2274 divino
2728 2217 2935 2287 Spiritu
2978 2224 3237 2270 constans
3279 2224 3334 2268 et
3360 2213 3548 2268 direc-

1963 2323 2101 2380 tum,
2128 2328 2342 2368 necnon
2368 2313 2570 2366 virtute
2588 2311 2827 2380 Spirilus
2861 2307 3330 2361 immortalitatem
3356 2313 3410 2358 et
3432 2304 3549 2373 glo-

1962 2409 2100 2461 riam
2135 2415 2189 2460 et
2215 2405 2687 2473 incorruptionem
2730 2401 3003 2456 indutum.
3031 2399 3120 2452 Ait
3148 2397 3331 2452 enim:
3383 2415 3402 2448 ι
3435 2396 3546 2450 Fa-

1962 2511 2085 2555 ctus
2115 2507 2194 2554 esl
2233 2499 2444 2568 primus
2473 2497 2641 2550 Adam
2678 2494 2995 2551 inanimam
3029 2493 3322 2551 viventem,
3359 2489 3548 2544 novis-

1962 2595 2136 2650 simus
2158 2593 2332 2646 Adam
2357 2591 2410 2644 in
2433 2590 2686 2657 spiritum
2715 2585 3101 2640 vivificantem.
3124 2582 3348 2637 Primus
3375 2582 3542 2638 homo

1960 2687 2029 2742 de
2057 2695 2197 2740 terra
2246 2693 2496 2738 terrenus
2520 2697 2534 2736 :
2555 2679 2830 2735 secundus
2860 2678 3020 2731 homo
3040 2677 3106 2730 de
3127 2675 3269 2730 cmlo
3286 2673 3546 2729 ccelestis.

1961 2775 2151 2843 Qualis
2185 2783 2455 2836 terrenus,
2494 2770 2626 2824 tales
2654 2781 2706 2823 et
2732 2767 2930 2822 terreni
2960 2777 3049 2831 ;et
3079 2764 3258 2834 qualis
3282 2764 3547 2824 cmlestis,

1963 2869 2098 2925 tales
2128 2877 2182 2922 et
2223 2866 2474 2921 caelestes
2497 2863 2566 2919 ⁸³.
2611 2881 2628 2913 ι
2669 2861 2902 2927 Quinam
2938 2858 3028 2913 iSIi
3055 2858 3077 2911 ?
3107 2856 3209 2920 Qui
3244 2855 3381 2908 firmi
3415 2861 3547 2908 sunt

1960 2973 2018 3017 et
2042 2962 2146 3016 fide
2174 2966 2518 3020 constantes,
2549 2954 2642 3025 qui
2689 2951 3009 3006 omnimode
3037 2957 3167 3002 sunt
3193 2947 3542 3001 abundantes

1963 3055 2018 3108 in
2053 3067 2222 3123 opere
2255 3047 2499 3112 Domini,
2540 3054 2596 3101 et
2626 3043 2870 3100 cmlestis
2907 3041 3198 3109 imaginem
3235 3052 3332 3106 per
3381 3047 3536 3089 suam

1961 3161 2088 3216 erga
2117 3160 2242 3199 eum
2273 3141 2644 3196 obedientiam
2675 3135 3030 3207 portaverint.
3057 3131 3192 3185 Nam
3227 3146 3239 3182 :
3285 3147 3303 3179 ι
3335 3125 3439 3193 Qui
3466 3127 3548 3178 in-

282 3226 378 3278 καὶ
407 3225 820 3292 περισσεύοντες
845 3227 903 3278 ὲν
932 3225 1010 3296 τῷ
1051 3204 1200 3297 ἔργῳ
1227 3227 1320 3280 τοῦ
1373 3204 1855 3296 Κυρίου-πάντοτε,

1966 3237 2216 3294 credulus
2242 3243 2326 3289 est
2350 3232 2507 3298 Filio,
2521 3229 2927 3297 rursummquit
2955 3220 3556 3294 pereumdemevauge-

290 3318 387 3370 καὶ
418 3316 518 3384 τὴν
551 3317 736 3371 εἰκόνα
776 3316 871 3370 τοῦ
915 3319 1240 3388 ἐπουρανίου
1269 3320 1358 3374 διὰ
1391 3322 1491 3390 τῆς
1534 3323 1668 3392 πρὸς
1699 3324 1864 3377 αὐτὸν

285 3407 591 3468 εὐπειθείας
624 3409 952 3477 φορέσαντες
979 3424 991 3437 ·
1031 3428 1050 3461 ι
1101 3409 1158 3464 '0
1197 3414 1306 3481 γὰρ
1331 3413 1573 3466 ἀπειθῶν
1623 3414 1701 3485 τῷ
1729 3415 1865 3484 Υίῷ,

286 3499 373 3551 διὰ
401 3499 495 3550 τοῦ
523 3497 688 3550 αὐτοῦ
718 3498 880 3553 πάλιν
927 3500 1336 3571 Εὐαγγελιστοῦ
1380 3502 1638 3576 Ἰωάννης
1689 3507 1859 3576 φησὶν

289 3591 316 3640 ὁ
343 3589 433 3641 τοῦ
464 3589 667 3658 Κυρίου
701 3591 1031 3661 πρόδρομος,
1060 3593 1160 3646 οὐκ
1195 3593 1388 3662 ὄψεται
1421 3596 1518 3666 τὴν
1547 3598 1714 3666 ζωὴν,
1746 3597 1863 3651 ἀλλ’

293 3683 328 3746 ἡ
355 3681 488 3749 ὀργὴ
519 3680 611 3732 τοῦ
642 3680 777 3733 Θεοῦ
824 3684 976 3750 μενεί
1005 3683 1094 3734 ἐπ’
1136 3684 1300 3738 αὐτόν
1325 3702 1340 3717 ’
1378 3704 1397 3738 ι
1435 3686 1607 3757 ὀργὴν
1636 3688 1693 3740 δὲ
1729 3689 1863 3741 Θεοῦ

305 3771 384 3830 τίς
418 3772 712 3841 ὑπομενεί;
764 3774 1023 3845 Φοὸερὺν,
1067 3776 1312 3845 ἀδελφοὶ,
1359 3777 1424 3831 τὸ
1473 3779 1735 3848 ἐμπεσεῖν
1787 3783 1868 3844 είς

308 3866 483 3933 χεῖρας
512 3865 650 3931 Θεοῦ
683 3865 884 3930 ζῶντος
910 3884 925 3899 ο
962 3870 1012 3920 εί
1043 3869 1152 3939 γὰρ
1182 3869 1372 3940 χεῖρας
1401 3869 1677 3940 πολεμίων
1703 3873 1872 3925 δεδοίο

301 3973 489 4024 καμεν,
515 3957 805 4013 καὶταῦτα
833 3960 924 4012 τοῦ
958 3961 1164 4031 Κυρίου
1197 3961 1470 4029 λέγοντος,
1513 3980 1533 4012 ι
1571 3963 1662 4032 Μὴ
1698 3963 1866 4034 φοση-

296 4051 417 4116 θῆτε
459 4052 568 4104 ἀπὸ
617 4053 728 4105 τῶν
762 4054 1193 4127 ἀποκτεινόντων
1236 4055 1298 4108 τὸ
1326 4056 1487 4125 σῶμα
1513 4069 1526 4085 ⁸
1573 4074 1592 4108 ι
1620 4058 1704 4122 τίς
1739 4058 1864 4112 νοῦν

291 4143 426 4213 ἔχων
456 4143 516 4195 οὐ
546 4143 912 4215 φοϐηθήσεται
941 4145 1076 4199 Θεοῦ
1102 4149 1312 4217 χεῖρας,
1334 4151 1392 4201 ὲν
1423 4148 1558 4220 ὀργῇ
1587 4150 1727 4203 κατά
1749 4151 1861 4205 τῶν

289 4237 664 4292 ἀπειθούντων
716 4239 1128 4309 ἐπαιρομένας;
1178 4241 1347 4312 Ὀργὴ
1397 4242 1506 4311 γὰρ
1539 4243 1675 4296 Θεοῦ
1717 4246 1858 4299 ἀπο-

1960 3330 2141 3385 listam
2193 3325 2428 3382 Joannes
2497 3322 2714 3378 Domini
2795 3332 3128 3390 praecursor,
3191 3328 3294 3367 nou
3344 3311 3550 3365 videbit

1965 3428 2222 3480 mortem,
2245 3417 2338 3471 sed
2369 3417 2447 3470 ira
2477 3414 2571 3468 Dei
2597 3421 2782 3468 manet
2807 3424 2974 3478 super
2998 3407 3174 3462 eum"
3200 3421 3248 3471 ;»
3283 3403 3418 3456 iram
3454 3417 3553 3454 au-

1967 3524 2076 3569 tem
2113 3515 2204 3567 Dei
2258 3513 2384 3582 quis
2420 3505 2758 3564 sustinebit?
2791 3501 3139 3556 ilorrendum
3175 3506 3280 3558 est,
3320 3495 3544 3559 fratres,

1965 3607 2207 3661 incidere
2239 3604 2292 3658 in
2345 3616 2541 3657 manus
2581 3598 2671 3651 Dei
2709 3595 2840 3648 vivi.
2893 3594 2948 3646 Si
2996 3591 3144 3646 enim
3193 3585 3541 3641 timuerimus

1966 3711 2165 3752 manus
2201 3693 2590 3750 inimicorum,
2629 3687 2843 3741 dicente
2881 3681 3112 3736 Domino
3149 3695 3165 3733 :
3207 3695 3226 3729 ι
3266 3675 3445 3729 Nolite
3475 3673 3546 3726 ti-

1969 3803 2120 3844 mere
2147 3801 2242 3841 eos
2275 3783 2370 3854 qui
2421 3781 2684 3837 occidunt
2717 3791 2920 3844 corpus
2951 3775 3028 3805 “‘
3073 3789 3122 3834 ι,
3153 3769 3275 3838 quis
3309 3774 3547 3820 mentem

1968 3882 2177 3936 habens
2202 3893 2309 3932 non
2347 3875 2560 3930 timebit
2593 3871 2688 3925 Dei
2723 3883 2922 3923 manus
2971 3865 3025 3919 in
3049 3865 3127 3918 ira
3159 3863 3425 3916 adversus
3457 3873 3552 3910 re-

1973 3973 2234 4028 sistentes
2263 3965 2557 4024 extentas?
2587 3965 2668 4018 lra
2692 3962 2837 4016 enim
2874 3959 2966 4013 Dei
3003 3955 3334 4011 revelabitur
3357 3949 3555 4004 adver-

1971 4080 2066 4118 sus
2093 4076 2312 4117 omnem
2347 4061 2588 4112 animam
2616 4069 2807 4109 eorum
2843 4052 2935 4120 qui
2966 4051 3019 4102 in
3066 4045 3286 4114 flagitiis
3327 4051 3382 4096 et
3414 4040 3558 4108 inju-

1971 4156 2141 4211 stitiis
2175 4154 2296 4207 sine
2327 4149 2689 4207 conversione
2737 4141 3159 4204 ambulaieriut,
3187 4145 3241 4192 et
3272 4133 3554 4189 veritatem

1969 4255 2025 4307 in
2059 4249 2332 4319 iniustitia
2355 4242 2720 4300 detinuerint.

289 4331 696 4403 καλυφθήσεται
728 4333 821 4386 ἐπὶ
852 4335 1268 4406 πᾶσαντψυχὴν,
1317 4337 1428 4390 τῶν
1495 4338 1554 4390 ἐν
1594 4338 1909 4408 ἀσελγείαις
1949 4348 2042 4400 καὶ
2086 4344 2323 4409 ἀδικίαις
2367 4338 2787 4410 ἀνεπιστρόφιιις
2839 4329 3245 4403 πορευομένων,
3298 4322 3394 4378 καὶ
3455 4322 3559 4391 τὴν

289 4426 546 4497 ἀλήθειαν
575 4427 632 4478 ὲν
679 4426 862 4496 ἀδικίᾳ
897 4428 1257 4495 κατεχόντων.

355 4484 626 4588 ένύγωμεν
665 4513 761 4571 οὖν
805 4484 905 4588 sip;
935 4484 1128 4589 6PY;]V,
1169 4522 1265 4575 καὶ
1317 4523 1644 4593 σπεύσωμεν
1689 4529 1860 4580 ὲπιτυ-

2052 4527 2194 4582 lram
2233 4539 2365 4593 ergo
2416 4521 2714 4591 fugiamus,
2748 4527 2804 4572 et
2849 4513 3152 4569 clementiae
3177 4520 3340 4576 atque
3367 4501 3558 4574 pietati

294 4613 410 4680 κεῖν
443 4610 543 4676 τῆς
569 4608 936 4681 χρηστότητος
967 4611 1062 4663 καὶ
1095 4612 1442 4680 συμπαθείας
1469 4613 1562 4666 τοῦ
1593 4619 1865 4684 παναγίου

295 4699 600 4770 ΙῚνεύματος
625 4702 712 4754 διὰ
754 4703 852 4772 τῆς
891 4702 1200 4772 μετανοίας.
1251 4703 1314 4757 '0
1347 4707 1504 4774 μῖσος
1544 4707 1684 4777 ἔχων
1731 4713 1870 4778 πρός

296 4811 414 4847 τινα
447 4794 862 4864 καταλλαγήτω,
900 4798 994 4848 καὶ
1029 4795 1165 4864 πρὸς
1212 4795 1311 4866 τὴν
1343 4799 1566 4867 ἀγάπην
1601 4801 1868 4867 ἐπανίτω,

293 4885 380 4937 ἵνα
405 4884 482 4954 μὴ
512 4884 572 4936 τὸ
611 4888 762 4954 μῖσος
794 4885 890 4938 καὶ
916 4885 949 4954 ἠ
999 4885 1138 4956 πρὸς
1165 4885 1258 4940 τὸν
1301 4866 1533 4957 πλησίδν
1566 4891 1714 4959 μάχη
1762 4866 1858 4946 καέ

290 4977 788 5045 ταμαρτυρήσωσιν
817 4977 1007 5039 αὑτοῦ,
1033 4977 1109 5041 ὡς
1138 4978 1214 5049 μὴ
1237 4979 1326 5032 τὸν
1349 4979 1483 5033 Θεὸν
1511 4982 1857 5049 ἀγαπῶντος·

290 5069 337 5120 εί
367 5068 474 5137 γὰρ
512 5068 600 5120 τὸν
647 5067 877 5137 ἀδελφόν
909 5087 1002 5123 σου
1057 5069 1118 5124 ὅν
1161 5061 1436 5142 ἑώρακας,
1473 5074 1574 5126 ούκ
1615 5077 1860 5147 ἀγαπᾷς,

290 5158 378 5210 τὸν
412 5159 543 5210 Θεὸν
565 5158 624 5212 ὃν
646 5160 743 5228 οὐχ
774 5160 1049 5228 ἑώρακας,
1085 5162 1201 5226 πῶς
1223 5165 1571 5233 ἀγαπήσεις;
1613 5165 1864 5235 Ἀγάπην

291 5251 344 5300 ἱὲ
373 5250 590 5318 ἔχοντες
635 5251 771 5322 πρὸς
812 5251 1101 5324 ἀλλήλους,
1147 5255 1246 5325 τὴν
1276 5257 1498 5327 ἀγάπην
1541 5257 1738 5328 ἔχομεν
1769 5259 1866 5328 τὴν

291 5342 493 5411 ἀληθῆ,
530 5344 628 5404 τὴν
657 5345 1042 5415 ἀνυπόκριτον,
1077 5349 1170 5400 καὶ
1205 5347 1272 5400 δι’
1300 5348 1476 5416 ἔργων
1504 5351 1710 5419 ταύτην
1743 5354 1864 5403 ἑπι-

292 5434 638 5504 δτικνύμεθα,
676 5436 844 5504 μηδὲν
884 5439 1161 5506 λέγειν.τε
1195 5442 1290 5493 καὶ
1344 5443 1865 5511 πράττειν,-μάλλον

294 5525 346 5576 δὲ
386 5526 522 5593 μηδὲ
550 5528 770 5580 ἀκούειν
803 5523 1163 5597 ὑπομένοντες
1202 5531 1359 5600 ’ύϐριν
1395 5533 1426 5601 ἢ
1476 5533 1681 5602 βλάϐην
1707 5536 1876 5604 φέρον

294 5620 402 5678 τοῖς
449 5617 743 5688 ἡμετέροις
779 5619 1046 5687 ἀδελφοῖς,
1081 5621 1157 5685 ὠς
1201 5623 1296 5676 καὶ
1325 5625 1352 5675 ὁ
1389 5624 1748 5696 ὴγαπημένος
1793 5624 1870 5695 τῷ

1980 4619 2320 4675 sanctissimi
2348 4616 2591 4686 Spiritus
2634 4607 3036 4679 consequendze
3074 4602 3418 4689 studeamus.
3453 4595 3556 4661 Qui

1975 4713 2160 4768 odium
2199 4712 2365 4766 habet
2417 4716 2607 4763 contra
2661 4706 2902 4775 aliquem
2953 4698 3366 4758 reconcilietur,
3415 4703 3467 4746 et
3501 4693 3557 4744 in

1976 4807 2301 4861 charitatem
2338 4804 2545 4866 redeat,
2582 4816 2649 4854 ne
2680 4800 2799 4868 ejus
2828 4796 3013 4852 odimn
3043 4800 3096 4846 et
3119 4786 3401 4845 contentio
3431 4801 3556 4837 cum

1972 4899 2224 4970 proximo
2256 4896 2523 4951 adversus
2557 4909 2682 4947 eum
2724 4888 3097 4945 testimonium
3135 4882 3369 4938 reddant
3392 4876 3553 4949 quasi

1971 4991 2142 5046 Deum
2173 5005 2281 5042 non
2315 4988 2523 5055 diligat;
2550 5001 2674 5038 nam
2705 4984 2750 5037 si
2785 4984 3005 5037 fratrem
3031 4989 3184 5034 tuum
3212 4991 3370 5047 quem
3403 4971 3558 5026 vides

1977 5099 2084 5137 non
2106 5081 2306 5150 diligis,
2333 5080 2501 5135 Deum
2527 5092 2690 5146 quem
2716 5091 2822 5130 non
2848 5074 3001 5128 vides
3024 5072 3302 5142 quomodo
3324 5063 3558 5134 diliges?

1973 5169 2305 5224 Charitatem
2325 5182 2454 5222 vero
2468 5166 2534 5221 ad
2552 5166 2686 5220 alios
2709 5163 3238 5233 hahentes,si,veram
3258 5158 3558 5212 habeamus

1976 5263 2324 5326 cltaritatem,
2347 5260 2485 5315 hanc
2509 5274 2604 5328 per
2629 5272 2792 5325 opera
2817 5257 3088 5310 sinceram
3113 5249 3552 5309 manifestemus,

1976 5352 2116 5404 nihil
2189 5350 2434 5404 dicentes
2486 5364 2590 5403 nec
2659 5346 2919 5401 facientes
2969 5359 3089 5416 \nec
3141 5343 3221 5396 vel
3270 5337 3554 5393 audientes

1978 5446 2122 5513 quod
2181 5458 2367 5497 set-um
2423 5441 2688 5495 adversus
2735 5438 2930 5491 fratres
2980 5445 3200 5490 nostros
3244 5429 3552 5486 conviciqu

1987 5536 2065 5584 ιιι-Ι
2102 5533 2558 5602 vituperationem
2613 5530 2774 5591 ferat,
2828 5525 3288 5596 qurmadmmlum
3319 5521 3553 5573 dilectus

1978 5627 2198 5681 Christo
2231 5625 2540 5694 Thcologus
2567 5637 2672 5678 nos
2697 5621 2881 5676 docuit
2908 5636 2922 5674 :
2953 5618 3247 5682 «Fratres,
3269 5613 3553 5682 immicus,

367 5797 410 5828 ⁸-⁷
440 5797 584 5852 Ρδιιί.
611 5814 876 5867 cxxxvm,
913 5800 964 5853 7.
1045 5801 1132 5858 "l
1167 5801 1326 5858 Joan.
1355 5820 1463 5869 xiv,
1496 5803 1581 5859 15.
1659 5807 1704 5839 ⁸⁵
1729 5805 1857 5861 Cor.

1966 5823 1993 5873 ',
2032 5805 2226 5863 44-48.
2302 5807 2347 5840 "
2382 5806 2541 5862 Joau.
2596 5821 2674 5872 tu,
2714 5806 2803 5864 '56.
2881 5805 2944 5837 ³⁸·
2980 5799 3172 5854 Matth.
3227 5812 3280 5863 ι,
3312 5795 3407 5850 ‘28.
