4014 6486
408 386 436 419 V

442 418 550 488 ιιι
1219 454 1241 482 .

1686 421 2079 488 GREGORII-
2105 425 2435 489 ΡΑῐιᾹΜίΕ

437 561 603 615 quam
635 559 734 614 pro
759 543 959 614 pietate
979 541 1236 613 produxit
1261 540 1545 597 audaciam
1569 551 1735 614 atque
1762 552 2020 600 constan-

2135 546 2199 600 ἀν
2251 547 2550 618 ὁμολογήσῃ
2602 546 2660 601 ὲν
2705 547 2831 616 ἐμοί
2854 563 2868 579 ο
2901 542 2976 610 ὡς
3010 547 3067 601 tv
3108 546 3331 619 ἐκείνῳ,
3376 546 3470 602 καὶ
3497 545 3578 602 διά
3607 551 3697 617 τῆς
3791 574 3795 577 τ

442 639 594 691 tiam.
646 636 781 691 Nam
839 636 961 691 vide
1025 635 1172 705 quod
1229 634 1429 689 deinde
1486 635 1625 692 dixit
1671 637 1741 692 de
1792 636 1874 693 eis
1930 637 2026 707 qui

441 726 712 799 ignaviter
738 729 990 796 pietatem
1026 727 1419 796 prodiderunt:
1453 745 1473 779 ι
1503 728 1605 794 Qui
1638 728 1920 798 negaverit
1945 742 2031 783 me

346 875 351 881 ,
381 887 389 893 _
443 836 627 876 coram
658 822 994 883 hominibus,
1026 819 1238 888 negabo
1263 827 1319 875 et
1344 834 1444 888 ego
1492 835 1619 874 eum
1650 834 1839 874 coram
1871 818 2032 874 Patre

444 928 567 967 meo
597 912 691 982 qui
719 914 883 967 estin
913 913 1068 967 cce‘is
1093 913 1160 965 “.
1197 931 1217 965 ι
1260 912 1358 966 llic
1382 912 1691 967 nondixit:
1728 911 1833 979 Qui
1861 928 2033 981 nega-

442 1006 581 1059 verit
610 1005 663 1058 in
694 1020 803 1069 me,
838 1020 1010 1074 quare
1038 1006 1061 1059 1
1094 1005 1231 1071 Quia
1281 1006 1533 1059 desertus
1564 1005 1634 1059 ab
1667 1019 1732 1059 eo
1761 1006 1906 1074 quod
1938 1006 2034 1059 dat

445 1096 589 1150 Deus
606 1097 810 1151 auxilio
837 1096 1004 1152 Deum
1036 1098 1470 1167 negansuegat?
1493 1097 1597 1151 Sed
1623 1110 1845 1164 propter
1865 1111 2029 1166 quam

445 1201 670 1241 causam
726 1188 845 1257 ipse
906 1188 1202 1265 derelictus
1251 1198 1335 1243 est
1385 1198 1436 1243 et
1489 1205 1519 1243 a
1579 1186 1689 1242 Deo
1744 1186 2036 1242 desertus?

453 1279 726 1343 Quoniam
763 1280 914 1350 prior
946 1280 1063 1350 ipse
1094 1280 1259 1334 Deum
1295 1281 1609 1349 dereliquit,
1633 1279 1953 1348 temporalia
1980 1290 2035 1333 ct

447 1371 728 1440 terrestria
780 1371 1097 1428 cmlestibus
1129 1374 1460 1442 aeternisque
1498 1372 1658 1426 bonis
1686 1386 1717 1425 a
1752 1372 1865 1427 Deo
1903 1387 2036 1441 pro-

449 1462 638 1516 missis
672 1477 1016 1531 prmponens.
1050 1462 1128 1518 Ita
1175 1478 1371 1517 rursus
1408 1471 1464 1517 et
1497 1463 1756 1518 Christus
1815 1463 2036 1533 negabit

450 1567 576 1608 eum
613 1569 719 1607 non
746 1553 798 1606 in
830 1568 917 1617 eo,
947 1562 1132 1623 utpote
1159 1556 1250 1623 qui
1287 1553 1422 1607 nihil
1448 1555 1500 1608 in
1534 1554 1627 1608 illo
1654 1554 1896 1608 inveniat
1928 1570 2037 1623 quo

453 1642 509 1698 in
569 1645 798 1713 gratiam
845 1644 964 1713 ejus
1017 1655 1224 1705 utatur.
1261 1643 1463 1700 Verum
1524 1646 1655 1714 quia
1709 1646 2037 1701 charitatem

2129 638 2343 693 ἐκείνου
2396 638 2651 709 βοηθείας
2700 638 3002 707 δυνάμενος
3076 640 3564 710 παρρησιάσασθαι
3609 642 3697 709 τὴν

2129 729 2433 785 εὐσέϐειαν.
2514 728 2671 784 Οὕτω
2738 730 2901 785 πάλιν
2928 728 3328 804 ’Ὀμολογήσω
3391 732 3562 798 κάγὼ.
3619 737 3703 788 καὶ

2129 823 2232 875 οὐκ
2288 817 2464 885 εἶπεν,
2517 821 2702 888 αὑτὸν,
2759 821 2899 887 ἀλλ’,
2952 821 3011 874 tv
3075 820 3250 902 αὐτῷ,
3311 823 3559 876 τουτέστι
3622 823 3704 877 διὰ

2130 912 2232 983 τῆς
2274 913 2368 966 τοῦ
2420 912 2812 981 ὁμολογοῦντος
2854 912 3067 983 ἀγαθῆς
3095 912 3410 977 ὲνστάσεως
3461 918 3552 967 καὶ
3575 932 3701 983 stap-

2132 1005 2340 1074 τερεας,
2392 1003 2460 1075 ἢν
2513 1003 2813 1068 ἐνεδείξατο
2866 1004 3007 1075 ὑπὲρ
3062 1005 3161 1075 τῆς
3214 1006 3533 1070 εὐσεϐείας.
3573 1008 3707 1077 "Op:

2132 1097 2498 1167 γάρτίφησιν
2552 1097 2750 1167 ἑφεξῆς
2809 1100 2901 1152 ἐπὶ
2948 1099 3055 1152 τῶν
3115 1099 3568 1168 μαλακισθέντων
3617 1104 3705 1157 καὶ

2136 1189 2443 1259 προδόντων
2469 1188 2569 1259 τήν
2590 1189 2920 1242 εὐσέϐειαν
2960 1208 2980 1240 ι
3017 1190 3209 1254 Ὅστις
3276 1191 3326 1243 δ’
3353 1190 3423 1245 ἃν
3475 1192 3706 1265 ἀρνήσησ

2134 1278 2226 1331 ταί
2260 1296 2325 1346 με
2362 1278 2672 1347 ἔμπροσθεν
2699 1278 2808 1331 τῶν
2832 1278 3159 1349 ἀνθρώπων,
3193 1282 3518 1352 ἀρνήσομαι
3562 1282 3706 1352 κάγὼ

2136 1370 2298 1421 αὐτὸν
2328 1368 2643 1439 ἔμπροσθεν
2668 1371 2761 1423 τοῦ
2788 1371 3003 1439 Πατρός
3024 1389 3128 1440 μου
3149 1373 3248 1426 τοῦ
3276 1376 3335 1426 ὲν
3388 1375 3652 1445 οὐρανοῖς.
3684 1395 3701 1427 ι

2137 1463 2250 1514 Οὐκ
2281 1456 2435 1514 εἶπεν
2465 1460 2923 1528 ὲνταῦθα,’οστις
2951 1465 3253 1535 ἀρνήσεται
3286 1468 3344 1519 tv
3362 1468 3507 1536 ἐμοί’
3538 1468 3667 1521 διατί
3692 1464 3723 1537 ς’

2140 1552 2264 1605 Ὀτι
2292 1550 2498 1621 ἕρημος
2527 1551 2819 1620 γενόμενος
2847 1552 2948 1618 τῆς
2987 1552 3140 1624 παρά
3168 1554 3266 1608 τοῦ
3303 1555 3442 1609 Θεοῦ
3471 1558 3710 1628 βοηθείας

2137 1641 2381 1710 ἀρνεῖται
2405 1642 2498 1694 τὸν
2520 1642 2655 1694 Θεὸν
2693 1643 2721 1695 6
2785 1641 3138 1713 ἀρνούμενος.
3198 1647 3359 1701 Διατί
3389 1647 3448 1702 δὲ
3497 1651 3711 1716 ἐγκατε-

3605 406 3901 498 εει-ξ

453 1732 664 1789 habens
692 1735 757 1789 ad
792 1734 962 1790 Deum
996 1738 1050 1790 in
1091 1737 1199 1791 Deo
1221 1747 1404 1791 manet
1432 1737 1504 1792 ρι’
1524 1736 1667 1792 Deus
1700 1737 1754 1791 in
1778 1752 1864 1804 eo,
1893 1737 2041 1792 sicut

454 1825 684 1880 dilectus
720 1825 938 1882 Christo
973 1828 1107 1882 dixit
1142 1829 1480 1897 Tlieologus,
1516 1828 1625 1883 Deo
1654 1828 1871 1898 quidem
1922 1843 2039 1882 ma-

453 1926 618 1970 nente
650 1917 702 1971 in
735 1932 801 1972 eo
832 1934 864 1973 a
903 1934 1014 1988 quo
1056 1920 1324 1988 diligitur,
1354 1919 1452 1989 qui
1500 1919 1669 1975 Deum
1711 1920 1766 1974 in
1805 1919 2032 1974 veritate

2137 1910 2233 1963 καὶ
2260 1912 2425 1981 γήϊνα
2452 1913 2513 1964 π)
2526 1913 2615 1966 έον
2637 1912 2745 1965 τῶν
2773 1915 2923 1982 παρά
2945 1914 3037 1968 τοῦ
3093 1916 3228 1972 Θεοῦ
3286 1922 3707 1992 ἐπηγγελμένων

454 2008 635 2078 diligit
658 2020 806 2064 certe
837 2010 889 2064 in
931 2012 1038 2065 Deo
1066 2011 1467 2066 confessionem
1506 2010 1676 2076 facit;
1717 2011 1813 2065 illo
1847 2018 2030 2065 autem

2135 1999 2402 2069 οὐρανίων
2426 2002 2521 2055 καὶ
2562 2003 2797 2056 αἰωνίων
2844 2005 3091 2072 ἀγαθῶν.
3144 2008 3306 2062 Οὕτω
3368 2011 3536 2065 πάλιν
3584 2015 3709 2068 καὶὸ

456 2097 513 2150 in
548 2100 656 2153 Deo
688 2108 962 2166 manente,
995 2097 1158 2154 faciet
1187 2102 1352 2154 etiam
1388 2099 1529 2155 Deus
1564 2101 1619 2155 in
1645 2100 1762 2168 ipso
1786 2114 1884 2168 pro
1913 2101 2034 2169 ipso

2135 2093 2372 2161 Χριστὸς
2390 2093 2684 2166 ἀρνήσεται
2708 2096 2832 2162 οὐκ,
2874 2098 2929 2149 ὲν
2959 2099 3131 2169 αὐτῷ,
3177 2101 3298 2155 ἀλλ’
3321 2104 3508 2167 αὐτὸν,
3537 2106 3610 2171 ὡς
3658 2110 3708 2161 ὲν

453 2188 879 2246 confessionem.
915 2190 1084 2261 Igitur
1113 2192 1381 2247 dicendo:
1419 2192 1610 2248 Omnis
1636 2192 1730 2261 qui
1753 2191 2036 2248 confessus

2136 2185 2288 2255 αὐτῷ
2323 2186 2489 2256 μηδὲν
2539 2178 2807 2256 εὐρὼν,ᾦ
2866 2189 3179 2258 χρήσασθαι
3229 2188 3302 2265 ἦν
3354 2194 3498 2268 ὑπὲρ
3531 2197 3705 2253 αὐτοῦ.

367 2299 382 2310 ο
453 2277 692 2335 fueritin
725 2283 1160 2348 me,contitebor
1179 2292 1234 2336 et
1274 2296 1376 2352 ego
1401 2285 1454 2337 in
1493 2297 1581 2346 eo,
1606 2282 2036 2338 indissolubilem

2152 2278 2305 2331 Ἐπεὶ
2335 2277 2392 2331 δὲ
2419 2280 2514 2330 καὶ
2543 2279 2571 2330 6
2599 2276 2738 2349 ἔχων
2768 2278 2867 2350 τὴν
2895 2282 3032 2335 κατά
3065 2283 3201 2338 Θεὸν
3256 2287 3485 2359 ἀγάπην
3538 2291 3593 2342 tv
3638 2291 3708 2358 τῷ

389 2406 398 2415 -
454 2372 598 2426 inter
631 2371 800 2427 Deum
834 2384 890 2428 et
918 2373 1244 2430 conﬁtentes
1280 2375 1542 2429 unionem
1574 2374 1821 2429 declarat
1859 2389 1890 2427 a
1920 2389 2031 2443 qua

2140 2371 2260 2440 Θεῷ
2291 2371 2460 2440 μένει,
2493 2371 2585 2423 καὶ
2617 2372 2646 2422 ὁ
2673 2371 2804 2434 Θεὸς
2832 2373 2891 2424 ὲν
2916 2373 3097 2445 αὐτῷ’
3136 2376 3399 2449 καθάπερ
3457 2382 3485 2434 6
3505 2381 3710 2451 ἠγαπηι

453 2465 616 2536 longe
660 2465 887 2520 recessit
947 2480 1175 2534 negans.
1233 2464 1326 2519 Sic
1381 2465 1582 2520 divin»
1644 2466 2036 2521 retributiones

2147 2464 2301 2533 utve,
2327 2464 2405 2533 τῷ
2438 2463 2659 2532 Χριστῷ
2686 2463 2945 2533 Θεολόγος
2979 2469 3165 2536 φησὶν,
3202 2469 3281 2533 ὡς
3315 2471 3412 2525 τοῦ
3443 2472 3575 2526 Θεοῦ
3621 2472 3710 2542 μό.

454 2571 639 2611 secum
668 2556 870 2611 habent
894 2556 1133 2612 divinam
1151 2558 1423 2626 justitiam
1445 2595 1463 2621 ,
1484 2573 1550 2612 ex
1578 2557 1936 2613 similitudine
1979 2571 2036 2612 su

2145 2572 2329 2617 νοντος
2359 2556 2419 2608 tv
2461 2555 2540 2623 τῷ
2576 2555 2864 2623 ἀγαπῶντι
2897 2556 3082 2622 αὑτὸν,
3116 2564 3357 2617 ποιεῖται
3380 2564 3484 2634 τὴν
3535 2565 3711 2636 ὁμολο⁸

455 2646 688 2700 invicem
745 2646 1063 2702 inferentes.
1748 2685 1759 2694 ~

2149 2644 2276 2714 γίαν
2304 2644 2532 2708 εἰκότως
2559 2645 2618 2698 tv
2639 2645 2716 2717 τῷ
2759 2645 2881 2715 Θεῷ
2908 2649 2936 2701 6
2984 2650 3216 2718 ἀγαπῶν
3240 2654 3300 2706 ὲν
3361 2654 3595 2733 ἀληθείᾳ]
3630 2656 3710 2708 τὸν

453 2735 610 2802 Θεὸν,
641 2738 717 2800 ὼς
746 2738 801 2791 δὲ
828 2741 922 2793 καὶ
947 2738 1112 2792 αὑτοῦ
1148 2741 1405 2809 μένοντος
1437 2741 1498 2794 tv
1519 2739 1598 2811 τῷ
1628 2739 1771 2810 Θεῷ,
1820 2740 2107 2820 ποιήσεται
2181 2738 2276 2791 καὶ
2304 2738 2333 2789 6
2360 2736 2494 2798 Θεὸς
2561 2738 2662 2808 τὴν
2722 2737 2867 2808 ὑπὲρ
2938 2738 3106 2794 αὑτοῦ
3154 2742 3454 2813 ὁμολογίαν
3478 2748 3534 2798 tv
3553 2746 3708 2816 αὐτῷ,

453 2835 529 2890 Τὸ
556 2832 670 2903 οὖν,
707 2853 726 2887 ι
760 2836 873 2898 Πᾶς
901 2835 960 2900 ὃς
1022 2837 1088 2891 ἂν
1120 2838 1432 2911 ὁμολογήσῃ
1480 2838 1539 2892 tv
1583 2839 1728 2909 ἐμοὶ,
1780 2838 2101 2909 ὁμολογήσω
2140 2834 2295 2904 κάγὼ
2322 2836 2380 2888 tv
2409 2833 2578 2901 αὐτῷ,
2617 2852 2636 2886 ι
2672 2832 2772 2904 τὴν
2800 2832 2895 2888 τοῦ
2920 2833 3056 2889 Θεοῦ
3076 2837 3216 2906 πρὸς
3243 2839 3375 2903 τοὺς
3399 2839 3709 2912 ὁμολογοῦν,

453 2946 550 2994 τας
617 2931 985 2985 ἀδιάσπαστον
1035 2933 1334 3002 συνάφειαν
1396 2934 1570 3006 δηλοῖ,
1634 2928 1705 3005 ἦς
1745 2935 2024 3004 ἀφέστηκε
2067 2931 2290 3005 μακράν
2342 2932 2371 2983 6
2425 2928 2783 3000 ἀρνούμενος.
2832 2927 3024 2993 Οὕτως
3083 2930 3140 2983 αἱ
3194 2931 3340 2988 θεῖαι
3430 2934 3712 3004 ἀντιδόσεις

2137 1732 2335 1804 λείφθη
2360 1735 2455 1785 καλ⁹
2490 1732 2698 1807 ἔρημος
2743 1734 2967 1802 ἐγένετο
2999 1737 3135 1790 Θεοῦ
3163 1754 3178 1805 ;
3227 1738 3457 1812 Ἐπειδὴ
3512 1742 3710 1811 φθάσας

2139 1824 2298 1888 αὐτὸς
2320 1826 2677 1893 ἐγκατέλιπεν
2729 1827 2892 1880 αὖτὸν
2948 1827 3245 1898 ἀγαπήσας
3292 1830 3364 1883 τὰ
3411 1831 3709 1901 πρόσκαιρα
3806 1838 3809 1841 ’

457 3026 579 3097 μεθ’
601 3026 809 3081 ἑαυτῶν
838 3027 1022 3099 ἔχουσι
1055 3027 1154 3095 τὴν
1181 3029 1332 3084 θείαν
1346 3030 1716 3102 δικαιοσύνην,
1743 3033 1800 3098 ἐξ
1823 3029 2137 3100 ὁμοιώσεως
2162 3026 2514 3096 καταλλήλως
2551 3023 3019 3105 ἀντεπαγόμεναιι

528 3119 623 3174 Illa
652 3120 872 3186 quidem
905 3132 959 3174 et
987 3126 1137 3175 tanta
1163 3131 1250 3177 est
1284 3124 1586 3179 similitudo
1616 3125 1927 3180 divinarum
1953 3139 2043 3179 re-

453 3210 815 3263 trihutionnm
852 3226 976 3265 cum
1010 3214 1090 3266 eis
1119 3229 1244 3283 qua;
1279 3215 1388 3269 Deo
1419 3214 1724 3271 oﬂ‘erimus.
1756 3215 1825 3271 At
1856 3214 2039 3271 consi-

2209 3118 2367 3191 143
2413 3116 2476 3171 Ἥ
2514 3116 2614 3188 μὲν
2646 3116 2741 3170 οῦν
2770 3116 3030 3187 ὁμοιότης
3062 3116 3174 3171 τῶν
3210 3118 3368 3203 παρά
3419 3117 3553 3174 Θεοῦ
3588 3118 3707 3190 βρα-

2134 3210 2303 3262 ϐείων
2354 3209 2491 3278 πρὸς
2556 3209 2623 3260 τὰ
2690 3206 2823 3275 παρ’
2870 3206 3030 3276 ήμῶν
3086 3206 3238 3277 αὐτῷ
3295 3207 3707 3278 προσφερόμενα

453 3300 644 3354 durate
667 3300 891 3354 nimiam
928 3304 1275 3370 prteniiornm
1310 3305 1402 3360 Dei
1429 3306 1813 3361 excellentiam
1844 3306 1909 3359 ad
1935 3321 2031 3360 eos

2135 3297 2492 3369 tatatithal.
2522 3296 2693 3359 οὕτως
2726 3295 2949 3366 ἔχουσα.
2979 3297 3245 3349 Σκοπεῖτε
3273 3297 3331 3351 δὲ
3356 3297 3452 3350 καὶ
3473 3298 3570 3368 τὴν
3596 3294 3705 3349 καθ’

452 3394 546 3463 qui
567 3393 744 3463 ipsum
771 3393 825 3445 in
858 3394 949 3447 illo
970 3394 1208 3451 confessi
1237 3395 1462 3452 fuerint.
1483 3398 1618 3453 Nam
1651 3399 2034 3468 unusquisque

453 3494 791 3552 sanctorum,
822 3501 946 3540 cum
981 3485 1070 3541 Dei
1124 3489 1197 3543 sit
1229 3503 1445 3552 servus,
1476 3490 1879 3545 confessionem
1913 3506 2037 3560 pro-

349 3648 356 3655 ι
456 3577 579 3630 tulit
616 3577 671 3630 in
708 3588 1052 3647 temporanea
1089 3581 1187 3633 hac
1222 3582 1353 3646 vita,
1379 3593 1430 3635 et
1474 3598 1658 3636 coram
1711 3582 2035 3636 mortalibus

455 3670 796 3731 hominibus,
828 3682 882 3723 et
941 3671 1176 3741 amplius
1227 3673 1280 3726 in
1335 3674 1483 3729 hrevi
1540 3684 1820 3729 momento
1869 3675 2034 3746 hujus

453 3762 639 3814 Surculi
688 3770 743 3814 et
797 3776 981 3815 coram
1037 3762 1244 3831 aliquot
1316 3764 1627 3817 hominibus
1687 3764 2030 3838 inortulibw.

455 3851 723 3919 Domi-ias
754 3861 936 3907 autem
980 3862 1166 3907 noster
1210 3852 1372 3908 Jesus
1423 3854 1694 3921 Christus,
1714 3871 1838 3911 cum
1889 3857 2034 3911 Deus

452 3943 526 3998 sit
553 3953 606 3999 et
655 3945 916 3999 Dominus
945 3945 1068 3999 creli
1116 3956 1171 4000 et
1224 3954 1402 4012 terrm,
1432 3962 1532 4003 nos
1583 3949 1933 4002 conﬁtebitur
1978 3955 2030 4017 In

350 4068 355 4075 ι
454 4045 659 4091 {sterno
684 4044 739 4089 et
767 4037 993 4105 perenni
1020 4038 1225 4092 mundo
1264 4039 1379 4102 illo,
1405 4053 1590 4092 coram
1620 4038 1732 4093 Deo
1757 4054 1820 4093 ac
1846 4039 2030 4104 Patre,

452 4128 943 4181 circumstantibus
998 4129 1230 4196 angelis,
1266 4129 1630 4198 archangelis.
1665 4131 2033 4201 omnibusque

453 4218 662 4272 emlieis
684 4218 1068 4285 potestatibus,
1095 4219 1456 4287 praesentibus
1489 4219 1744 4274 omnibus
1766 4221 1836 4274 ab
1859 4221 2030 4275 Adam

454 4324 627 4379 usque
688 4311 754 4364 ad
819 4312 1352 4365 consummatimteni
1419 4311 1605 4366 saeculi
1671 4313 2029 4368 hominibus:

452 4415 644 4453 omnes
659 4400 804 4452 enim
828 4408 1114 4469 resurgent
1136 4408 1190 4453 et
1206 4400 1429 4454 stabunt
1447 4399 1514 4454 ad
1543 4400 1783 4454 tribunal
1806 4400 2031 4457 Christi.

454 4488 522 4543 Et
556 4498 687 4543 tunc
724 4490 978 4544 omnibus
1026 4491 1353 4551 astantibus.
1384 4490 1642 4544 omnibus
1697 4489 2029 4554 videntibus,

457 4582 771 4648 praedicabit
812 4589 868 4634 et
919 4580 1128 4650 gicrific
1163 4580 1241 4634 bit
1273 4589 1329 4633 et
1382 4581 1668 4634 coronabit
1719 4595 1815 4635 eos
1849 4581 1941 4650 qui
1977 4582 2030 4634 in

2139 3394 2418 3462 ὑπεροχὴν
2446 3390 2715 3459 διαφορὰν
2745 3389 2847 3458 τῆς
2876 3391 3027 3455 παρὰ
3052 3388 3146 3441 τοῦ
3178 3388 3318 3444 Θεοῦ
3350 3390 3585 3460 ἀμοιϐῆς
3610 3388 3719 3455 ὅση.

2137 3485 2276 3554 πρὸς
2304 3484 2435 3543 τοὺς
2466 3484 2524 3534 tv
2551 3479 2703 3549 αὐτῷ
2732 3481 2925 3534 τοῦτον
2953 3480 3427 3550 ὁμολογήσαντας.
3451 3468 3731 3540 Ἕκαστος⁸

2134 3574 2245 3641 γάρ
2274 3571 2383 3622 τῶν
2403 3571 2599 3638 ἀγίων,
2634 3568 2769 3620 Θεοῦ
2803 3567 2988 3627 δοῦλος
3013 3567 3109 3632 ὢν,
3142 3569 3594 3643 ἐπαρρησιάσατο
3613 3568 3702 3635 τὴν

2134 3661 2426 3732 ὁμολογίαν
2457 3662 2515 3712 tv
2548 3659 2626 3728 τῷ
2656 3660 2980 3729 προσκαίρῳ
3007 3659 3182 3729 τούτῳ
3215 3658 3341 3731 βίῳ,
3374 3660 3467 3714 καὶ
3491 3657 3704 3712 ἐνώπιον

2136 3754 2344 3823 θνητῶν
2385 3747 2716 3822 ἀνθρώπων,
2751 3748 3036 3819 μᾶλλονδὲ
3061 3749 3175 3802 ἀὲπὶ
3232 3750 3434 3822 καιροῦ
3487 3746 3707 3820 βραχέος

2134 3846 2229 3900 τοῦ
2262 3845 2458 3909 αἰῶνος
2482 3845 2696 3910 τούτου,
2730 3844 2825 3897 καὶ
2858 3843 2945 3896 ἐπ’
2962 3841 3159 3910 ὀλίγων
3182 3842 3314 3896 οἴων
3368 3842 3580 3913 ἔφημεν
3619 3840 3705 3893 ἁν-

2136 3939 2392 4009 θρώπων.
2440 3938 2498 3990 Ὀ
2517 3939 2572 3991 δὲ
2604 3936 2807 4006 Κύριος
2839 3934 2999 4006 ήμῶν
3033 3935 3242 4006 Ἰησοῦς
3279 3935 3537 4008 Χριστὸς,
3585 3930 3705 3992 Θεὸς

2134 4032 2210 4085 ὢν
2250 4032 2344 4084 καὶ
2376 4031 2576 4099 Κύριος
2605 4027 2699 4082 τοῦ
2725 4026 2960 4098 οὐρανοῦ
2988 4029 3081 4080 καὶ
3105 4028 3205 4099 τῆς
3232 4032 3360 4101 γῆς,
3411 4021 3709 4098 παρρησιάο

2135 4138 2287 4175 σεται
2309 4121 2449 4188 ὑπὲρ
2478 4119 2660 4171 αὐτῶν
2687 4119 2746 4171 tv
2764 4117 2842 4188 τῷ
2869 4117 3027 4189 ἀϊδίῳ
3052 4118 3148 4171 καὶ
3172 4117 3502 4188 ἀκαταλύτῳ
3526 4112 3705 4177 ἐκείνῳ

2136 4212 2331 4282 κόσμῳ
2357 4209 2590 4291 ἐνώπιον
2611 4208 2705 4262 τοῦ
2757 4209 2892 4263 Θεοῦ
2928 4210 3023 4262 καὶ
3079 4211 3314 4279 Πατρὸς,
3342 4201 3706 4279 τπεριεστηκό-

2139 4323 2248 4359 των
2277 4304 2384 4357 τῶν
2415 4304 2678 4371 ἀγγέλων,
2701 4303 2808 4357 τῶν
2830 4303 3214 4375 ἀρχαγγέλων,
3246 4305 3443 4360 πασῶν
3471 4300 3577 4354 τῶν
3622 4297 3706 4350 οὐ·

2140 4398 2340 4467 ρανίων
2379 4396 2689 4466 δυνάμεων,
2729 4396 3016 4466 παρόντων
3046 4395 3154 4450 τῶν
3186 4397 3296 4451 ἀπὸ
3338 4396 3511 4467 Ἀδὰμ
3552 4391 3702 4465 μέχρι

2139 4487 2453 4549 συντελείας
2476 4484 2779 4552 ἀνθρώπων
2810 4485 3032 4539 πάντων
3061 4501 3076 4517 ο
3095 4487 3299 4549 πάντες
3327 4486 3437 4555 γὰρ
3486 4478 3708 4545 ἀναστή-

2139 4581 2441 4635 σονταικαὶ
2474 4576 3014 4648 παραστήσονταιτῷ
3044 4576 3251 4649 βήματι
3306 4578 3402 4632 τοῦ
3456 4569 3700 4645 Χριστοῦ.

455 4672 616 4727 finem
652 4670 809 4725 fidem
844 4673 895 4724 in
942 4687 1066 4725 eum
1102 4672 1482 4725 exhibuerint.
1517 4671 1655 4735 Quid
1689 4681 1907 4740 oportet
1945 4687 2036 4726 co-

2143 4675 2250 4728 Καὶ⁵
2290 4676 2411 4726 τότε
2450 4673 2666 4727 πάντων
2693 4671 3004 4741 παρόντων,
3035 4671 3254 4724 πάντων
3283 4672 3554 4743 ὁρώντων,
3586 4668 3704 4717 ἀνα·

457 4753 571 4814 nari
617 4762 907 4816 ostendere
961 4761 1120 4816 valde
1161 4761 1392 4814 eximias
1428 4760 1547 4814 illas
1572 4775 1826 4824 coronas,
1857 4762 2040 4815 excel-

453 4850 672 4905 lentiam
700 4851 895 4904 horum
928 4867 1048 4920 qua'
1070 4851 1351 4905 dabuntur
1393 4849 1763 4917 praemiorum,
1792 4864 1915 4918 qua:
1941 4865 2043 4905 nec

453 4944 651 4998 oculus
679 4952 870 4997 nostro
898 4943 1095 4997 similis
1122 4942 1274 5006 vidit,
1308 4956 1408 4993 nec
1431 4940 1581 4994 auris
1602 4940 1832 5005 audivit,
1868 4956 2042 5010 neque

384 5070 392 5076 -
452 5050 547 5090 cor
586 5033 881 5103 cogitavit?
915 5029 1022 5085 Sed
1057 5041 1115 5086 ut
1148 5030 1401 5085 insistam
1439 5030 1674 5098 eisque:
1708 5045 1855 5084 nunc
1902 5031 2040 5083 ﬁunt

454 5138 509 5181 et
561 5127 834 5189 videntur,
858 5123 983 5193 quis
1040 5136 1227 5177 sermo
1277 5120 1441 5190 digne
1484 5121 1687 5191 poterit
1731 5124 2067 5191 exprimere;

453 5218 682 5289 gloriam
715 5232 879 5286 quam
912 5214 1101 5268 tribuit
1123 5215 1264 5267 Deus
1291 5214 1560 5282 sepulcris
1593 5227 1931 5279 sanctorum,
1952 5231 2042 5271 os-

453 5311 705 5380 siumque
738 5307 1005 5377 reliquiis,
1040 5321 1160 5376 qua:
1195 5306 1344 5360 omni
1386 5317 1631 5377 tempore
1670 5309 2041 5363 indesinenter

456 5409 758 5467 permanet,
776 5410 995 5450 sacrum
1016 5395 1241 5449 odorem
1272 5397 1340 5450 ab
1364 5397 1444 5449 eis
1466 5399 1750 5469 emissum,
1785 5415 2036 5469 unguen-

457 5505 635 5547 torum
671 5491 886 5553 fontes,
919 5489 1110 5559 gratiae
1151 5494 1516 5556 sanationum,
1554 5491 1898 5561 Operationes
1929 5493 2043 5545 vir-

456 5596 654 5647 tutum,
691 5580 1059 5657 multiformes
1120 5592 1178 5636 ct
1239 5599 1266 5638 s
1305 5585 1506 5640 Intares
1562 5600 1755 5639 corum
1805 5584 1857 5637 in
1921 5582 2040 5637 istis

409 5656 417 5661 ’
456 5677 628 5732 factas
659 5674 819 5727 nobis
854 5677 1327 5733 Inanifestatmiws
1349 5679 1381 5731 ?'
1426 5680 1605 5731 Dicam
1670 5675 1799 5746 quid
1841 5690 2035 5731 eorum

527 5863 569 5901 υ
612 5857 797 5912 Matii.
834 5874 887 5919 κ,
926 5859 1015 5912 55.

2139 4765 2370 4835 κηρύξει
2392 4766 2488 4818 καὶ
2520 4762 2736 4828 δοξάσει
2778 4763 2873 4815 καὶ
2904 4761 3248 4830 στεφανώσει
3275 4764 3401 4821 τοὺς
3432 4759 3590 4829 μέχρι
3620 4754 3703 4805 τὲ-

2138 4858 2262 4919 λους
2290 4857 2388 4924 τὴν
2419 4857 2498 4919 είς
2558 4854 2721 4910 αὐτὸν
2774 4855 2958 4907 πίστιν
3012 4853 3476 4924 ἐπιδειξαμένους.
3537 4841 3707 4901 Τίδεί

2146 4948 2442 5019 πειρᾶσθαι
2474 4924 2747 5000 δεικνύναι
2775 4946 2902 5007 τοὺς
2934 4946 3234 5013 ὑπερφυεῖς
3252 4946 3495 5007 ἐκείνους
3518 4937 3700 5003 στεφά-

2138 5057 2281 5104 νους,
2315 5040 2412 5108 τὴν
2436 5036 2884 5109 ὑπερϐολὴν›τῶν
2928 5036 3237 5106 μελλουσῶν
3286 5037 3510 5090 ἐκείνων
3556 5032 3705 5098 spor

2139 5132 2270 5195 δῶν,
2295 5130 2358 5192 ἃς
2394 5129 2520 5182 οὔτε
2550 5126 2849 5196 ὀφθαλμὸς,
2875 5122 2983 5190 οἷος
3010 5129 3039 5180 6
3065 5129 3333 5199 ἡμέτερος
3354 5168 3369 5195 ,
3399 5128 3523 5181 ἰδεῖν
3550 5121 3696 5175 δύνα-

2134 5223 2378 5288 ται,οῦτε
2407 5219 2499 5285 οὖς
2548 5219 2805 5285 ἀκοῦσαι,
2851 5217 2976 5272 οὔτε
3024 5222 3222 5290 καρδία
3267 5213 3694 5289 διανοήσασοαις

2151 5313 2316 5365 Ἀλλὰ
2341 5313 2437 5365 καὶ
2457 5314 2525 5365 τὰ
2554 5309 2650 5365 νῦν
2692 5304 2785 5362 οἵα
2818 5311 2912 5362 καὶ
2966 5308 3034 5362 τά
3091 5312 3362 5382 ὁρώμενα,
3430 5307 3512 5370 τίς
3554 5302 3694 5367 λόγος

2138 5405 2307 5471 ἀξίως
2365 5404 2575 5468 ἐξείποι
2608 5402 2708 5471 τὴν
2737 5404 2792 5453 ὲν
2840 5403 2961 5465 ταῖς
3022 5407 3199 5472 σοροῖς
3239 5404 3348 5458 τῶν
3391 5400 3554 5470 ἁγίων
3609 5389 3695 5443 καὶ

2138 5501 2248 5560 τοῖς
2274 5494 2543 5564 λειψάνοις
2574 5492 2681 5549 τῶν
2703 5492 2873 5545 ὀστῶν
2904 5493 3056 5563 παρά
3079 5494 3214 5548 Θεοῦ
3240 5495 3420 5560 δόξαν,
3437 5491 3510 5556 τῷ
3544 5479 3690 5537 παντὶ

2141 5589 2317 5657 χρόνῳ
2369 5583 2981 5655 συμπαρατεινομένην,
3063 5587 3161 5658 τὴν
3209 5584 3585 5655 ἀναίιδομὲνην
3635 5573 3692 5621 ἐκ

2112 5679 2348 5743 ,τούτων
2379 5677 2529 5748 ἱερὰν
2551 5677 2800 5744 εὐωδίαν,
2830 5676 2897 5729 τά
2929 5682 3246 5749 πηγάζοντα
3272 5679 3438 5751 μύρα,
3487 5670 3551 5724 τὰ
3600 5679 3687 5734 χα-
