4014 6422
225 355 346 424 323

1538 449 1542 454 _
1588 363 1930 428 norum
1973 365 2157 431 xxv.
2745 411 2766 434 .

3425 336 3535 432 ἐὶς
3620 461 3623 464 _

223 473 476 542 ρίσματα
509 471 616 526 τῶν
643 474 913 545 ἰαμάτων,
946 475 1012 527 τὰ
1065 477 1419 548 ἐνεργήματα
1477 482 1587 533 τῶν
1649 483 1808 536 δυνά-

1921 499 2034 551 quze
2067 484 2118 537 in
2149 482 2308 538 terris
2340 481 2413 535 illi
2442 483 2551 534 Deo
2582 479 2944 534 obtulerunt?
2970 479 3022 531 In
3059 481 3206 533 lrevi
3253 489 3527 548 ιθιιιιιοςοιι,

224 577 404 630 μεων,
435 562 535 626 τὰς
554 563 853 627 πολυειδεῖς
886 569 978 619 καὶ
1010 569 1318 636 σωτηρίους
1353 571 1482 636 ἡμῖν
1513 573 1569 622 ἐν
1602 573 1819 634 τούτοις

217 655 590 722 ἑπιφανείας;
631 657 786 711 Εἴπω
821 660 1006 713 τιτῶν
1041 661 1170 730 παρ’
1220 663 1378 732 ἡμῶν
1437 641 1827 734 προσφερομέ-

219 762 340 800 νων
370 749 585 810 αὐτοῖςς
631 750 720 801 Ἐν
748 749 912 822 ὀλίγῳ
934 753 1129 824 χρόνῳ,
1160 754 1413 827 καθάπερ
1441 756 1598 828 ἔφην,
1624 762 1654 829 ἡ
1687 762 1830 833 παῤ-

223 836 405 905 ῥησία
435 839 533 906 τῆς
559 837 702 891 κατὰ
732 839 862 892 Θεὸν
893 841 1179 913 ὁμολογίας
1210 846 1439 900 ἑκάστου
1493 849 1599 902 τῶν
1633 851 1824 918 ἁγίων,

224 928 335 980 καὶ
408 928 640 981 ἐνώπιον
695 931 858 984 τινῶν
892 935 1169 1003 ἀρχόντων
1232 942 1325 990 καὶ
1360 939 1624 1008 βασιλέων
1651 957 1666 972 ο
1703 945 1830 996 ἀνυ-

216 1019 430 1086 μνοῦσι
466 1019 520 1072 δὲ
556 1019 650 1072 καὶ
676 1021 1036 1090 μεγαλύνουσι
1079 1027 1345 1096 τιμῶντες
1383 1035 1477 1082 καὶ
1512 1031 1830 1100 δοξάζοντες

210 1110 319 1162 καὶ
360 1112 814 1182 προσκυνοῦντες,
836 1117 934 1168 οὐκ
984 1117 1178 1182 αὐτοὺς
1227 1121 1412 1186 μόνον,
1436 1122 1569 1175 ἀλλὰ
1613 1127 1828 1190 καὶτὰς

211 1201 413 1256 αὑτῶν
430 1205 665 1269 εἰκόνας,
683 1204 758 1268 ὡς
776 1207 1072 1274 δεσποτῶν,
1087 1213 1182 1263 καὶ
1202 1211 1362 1265 πλέον
1380 1214 1412 1284 ἢ
1433 1215 1710 1270 δεσποτῶν
1731 1220 1829 1274 καὶ

218 1297 523 1364 βασιλέων,
555 1295 792 1365 βασιλεῖς
828 1302 923 1352 καὶ
936 1301 1218 1372 ἄρχοντες,
1243 1306 1337 1359 καὶ
1357 1309 1463 1360 πᾶν
1479 1309 1538 1361 τὸ
1563 1309 1826 1378 ὑπήκοον,

213 1386 484 1438 τοσοῦτον
511 1388 706 1449 αὐταῖς
735 1390 1136 1457 ὑποπίπτοντες
1163 1395 1380 1460 ἑκόντες
1401 1399 1496 1450 καὶ
1519 1400 1822 1470 χαίροντες,

213 1476 297 1539 ὡς
318 1478 418 1528 καὶ
449 1481 560 1540 τοῖς,
590 1481 778 1534 παισὶν
807 1480 1066 1550 εὔχεσθαι
1098 1485 1257 1540 τοῦτο
1295 1489 1397 1558 πρὸ
1439 1492 1638 1550 παντὸς
1662 1493 1825 1546 ἄλλου

224 1569 702 1639 καταλιμπάνειν,
725 1566 812 1625 οἷά
843 1592 962 1626 τινα
997 1565 1206 1646 κλῆρον
1227 1579 1430 1646 ὄλϐιον,
1464 1584 1559 1635 καὶ
1609 1601 1828 1655 ποιητι-

222 1663 330 1716 κὺν
355 1663 706 1731 εὐδαιμονίας
740 1669 839 1735 τῆς
870 1669 1151 1725 ἀνωτάτω.
1181 1675 1391 1742 Δεῖγμα
1429 1677 1486 1729 δὲ
1537 1677 1696 1731 τοῦτο
1733 1681 1826 1732 καὶ
1859 1714 1865 1720 ~

221 1757 576 1824 παράστασίς
611 1760 725 1812 ἐστι
759 1763 852 1812 καὶ
887 1755 997 1814 οἷον
1049 1766 1340 1834 προοίμιον
1375 1769 1474 1835 τῆς
1518 1769 1824 1838 μελλούσης

223 1847 446 1918 ἐκείνης
470 1852 779 1921 ἀπορρήτου
810 1853 986 1923 δόξης,
1018 1857 1083 1924 ἢν
1113 1860 1206 1910 καὶ
1244 1858 1340 1911 νῦν
1364 1859 1584 1928 ἔχουσιν
1620 1864 1678 1913 ἐν
1722 1863 1815 1915 ού-

227 1943 414 2008 ρανοῖς
431 1941 538 1993 τῶν
570 1943 793 1996 δικαίων
818 1946 886 1999 τὰ
909 1946 1214 2018 πνεύματα,
1252 1952 1342 2004 καὶ
1369 1946 1434 2022 ἦς
1467 1955 1523 2005 ἐν
1571 1954 1649 2024 τῷ
1681 1956 1816 2021 μὲλ-

224 2033 374 2085 λοντι
400 2034 554 2086 αἰῶνι
586 2035 868 2100 τεύξονται
895 2039 993 2092 σὺν
1020 2042 1232 2105 τούτοις
1262 2037 1335 2096 ’τὰ
1386 2045 1812 2102 συνδιανύσαντα

224 2125 321 2175 τὸν
354 2127 496 2177 κατὰ
535 2124 666 2177 Θεὸν
691 2127 877 2194 ἀγῶνα
908 2129 1161 2200 σώματα.
1195 2133 1416 2202 Ταύτην
1443 2136 1505 2205 δὴ
1525 2137 1622 2206 τὴν
1643 2138 1813 2209 ὑπερ-

227 2215 394 2284 ϐολὴν
424 2215 524 2284 τῆς
554 2216 711 2287 δόξης
745 2221 838 2271 καὶ
870 2220 979 2272 τῶν
1009 2223 1311 2291 μελλόντων
1367 2227 1587 2294 ἀγαθῶν
1612 2231 1640 2282 6
1676 2233 1814 2292 ,Κύ-

230 2323 348 2374 ριος
381 2308 818 2377 ἐνδεικνύμενος,
862 2313 998 2382 πρὸς
1023 2314 1122 2382 μὲν
1154 2317 1281 2380 τοὺς
1305 2318 1495 2385 ἁγίους
1519 2322 1812 2391 αύτοῦμαοο

227 2398 399 2466 θητὰς
431 2401 525 2450 καὶ
555 2401 887 2466 ἀποστόλους
909 2403 1099 2474 ἔλεγεν
1119 2423 1134 2436 ο
1181 2426 1199 2460 ι
1252 2409 1426 2481 ’Δμὴν
1456 2411 1602 2480 λέγω
1632 2415 1764 2485 ὑμῖν
1793 2433 1808 2448 ο

228 2490 388 2558 ὑμεῖς
418 2495 463 2544 οἱ
499 2493 968 2564 ἀκολουθήσαντές
1025 2516 1139 2567 μοι,
1165 2501 1224 2554 ἐν
1276 2505 1342 2572 τῇ
1394 2505 1810 2581 παλιγγενεσία,

229 2583 360 2637 ὅταν
405 2584 606 2655 καθίσῃ
642 2589 668 2637 ὁ
701 2586 823 2650 Υἱὸς
855 2589 950 2643 τοῦ
986 2591 1273 2661 ἀνθρώπου
1294 2595 1389 2647 ἐπὶ
1419 2596 1610 2666 θρόνου
1651 2601 1809 2672 δόξης

231 2674 422 2733 αὐτοῦ,
489 2677 773 2730 καθίσεσθε
819 2681 912 2732 καὶ
973 2681 1130 2751 ὑμεῖς
1174 2685 1266 2740 ἐπὶ
1303 2685 1508 2742 δώδεκα
1565 2692 1840 2764 θρόνουςη

231 2769 512 2837 κρίνοντες
545 2769 640 2832 τὰς
684 2772 889 2825 δώδεκα
925 2774 1096 2843 φυλὰς
1129 2776 1223 2830 τοῦ
1263 2780 1480 2852 Ἰσραήλ
1503 2800 1550 2836 ο»
1591 2787 1726 2852 πρὸς
1755 2787 1812 2840 δὲ

237 2866 448 2924 πάντας
469 2867 652 2927 ἁπλῶς
685 2868 812 2931 τοὺς
850 2873 1229 2938 πιστεύοντας,
1266 2892 1284 2925 ι
1327 2875 1463 2942 Πᾶς,
1489 2878 1672 2946 φησὶν,
1723 2879 1812 2931 ὃσ-

235 2972 320 3019 τις
343 2956 559 3023 ἀφῆκεν
612 2959 877 3031 οἰκίαν,ἢ
936 2962 1286 3032 ἀδελφοὺς,ἢ
1345 2965 1655 3036 ἀδελφὰς,ῆ
1705 2985 1811 3022 παι

232 3046 443 3117 τέρα,ἤ
472 3050 703 3118 μητέρα,
727 3051 759 3122 ἢ
787 3055 1044 3120 γυναῖκα,
1080 3055 1112 3124 ἢ
1147 3055 1394 3124 τέκνα,ἢ
1435 3059 1640 3128 ἀγροὺς
1694 3059 1812 3114 ἐνε-

1934 574 2074 626 sieut
2105 573 2660 642 dixi,~uuusquisque
2704 580 3022 624 sanctorum
3069 571 3237 624 Deum
3279 573 3522 626 confessi

1932 673 2083 724 Sunt.
2121 681 2305 720 coram
2339 666 2549 733 aliquot
2593 665 2933 732 principibus
2971 672 3025 717 et
3057 668 3311 732 regibus;
3343 665 3523 717 bono-

1934 767 2056 809 rant
2085 771 2215 810 vero
2236 767 2290 811 et
2341 757 2586 811 exaltant
2618 767 2941 810 venerantes
2971 765 3024 808 et
3076 757 3446 824 gloriﬁcantes
3473 766 3529 810 ct

1931 848 2248 912 adorantes,
2275 864 2383 903 non
2413 863 2509 903 eos
2529 838 2760 913 tantum,
2795 852 2884 901 sed
2913 848 3072 900 etiam
3106 863 3296 900 eorum
3330 847 3525 914 imagi-

1932 953 2027 994 nes
2057 941 2214 1007 quasi
2249 939 2628 1003 dominorum,
2658 939 2833 1008 magis
2865 941 3026 993 etiam
3059 954 3222 1007 quam
3265 937 3526 989 domino-

1936 1047 2056 1082 rum
2085 1040 2139 1083 et
2173 1047 2386 1098 regum,
2418 1040 2526 1084 tam
2560 1045 2713 1099 reges
2761 1047 2926 1100 quam
2968 1031 3263 1098 principes,
3298 1031 3368 1082 ita
3400 1038 3527 1081 ante

1881 1173 1888 1186 ε
1931 1137 2025 1174 eas
2055 1121 2322 1188 provoluti
2351 1136 2558 1191 easque
2585 1122 2654 1174 ita
2683 1121 2918 1176 libenter
2939 1137 3060 1176 cum
3089 1121 3286 1188 gaudio
3319 1120 3524 1173 baben—

1933 1221 2034 1272 ως,
2071 1226 2128 1264 ut
2153 1211 2471 1267 desiderent
2531 1227 2624 1265 eas
2663 1212 2851 1264 liberis
2902 1227 3000 1280 pro
3033 1211 3182 1262 omni
3236 1210 3341 1260 alio
3383 1211 3529 1262 bene

1932 1305 2269 1374 relinquere,
2305 1306 2461 1374 quasi
2517 1305 2810 1374 quamdam
2877 1304 3088 1356 lt-Iirein
3158 1302 3524 1354 haereditatem

1930 1396 2175 1450 etelestis
2200 1397 2557 1451 beatitudinis
2581 1409 2884 1450 auctorem.
2922 1394 3032 1447 Iloc
3064 1403 3148 1448 est
3176 1393 3452 1461 exemplar
3471 1401 3529 1445 et

1931 1501 2310 1556 argumentum
2357 1501 2413 1545 et
2448 1491 2604 1560 quasi
2655 1491 2941 1544 exordium
2975 1489 3172 1542 lutum
3215 1488 3364 1541 illius
3409 1487 3528 1539 ine-

1931 1581 2228 1635 narrabilis
2259 1583 2447 1651 gloriae
2476 1598 2638 1652 quam
2675 1585 2873 1637 aniuiaa
2897 1591 3214 1634 sanctorum
3240 1580 3352 1647 jam
3381 1592 3529 1632 nunc

1929 1672 2130 1725 habent
2162 1671 2218 1726 in
2248 1673 2422 1736 cmlis,
2453 1683 2689 1741 etqnam
2737 1675 2790 1726 in
2855 1672 3042 1726 futuro
3084 1673 3286 1726 saeculo
3332 1684 3530 1725 Conse-

1929 1747 2170 1832 queritur
2193 1780 2318 1818 cum
2353 1766 2434 1819 eis
2466 1781 2698 1834 corpora
2737 1782 2854 1833 quae
2885 1777 3160 1818 et-rlamen
3201 1764 3294 1817 Dei
3347 1771 3526 1816 certa-

1927 1866 2144 1909 verunt.
2175 1855 2350 1922 Quam
2379 1857 2761 1911 excellentiam
2790 1858 2978 1926 gloria:
3029 1858 3408 1924 bonorumque
3435 1853 3521 1908 fu-

1925 1955 2172 2000 turorum
2209 1948 2470 2002 Dominus
2505 1950 2824 2010 ostendens,
2846 1948 3050 2002 sanctis
3078 1948 3193 2000 ευίη
3231 1945 3523 2014 discipulis

1923 2039 2474 2105 etapostolisdicebat
2499 2055 2513 2092 :
2540 2059 2555 2087 ι
2586 2043 2756 2092 Amen
2777 2039 2900 2091 dico
2915 2039 3087 2098 vobis,
3115 2051 3210 2090 vos
3233 2037 3322 2103 qui
3346 2050 3405 2089 se
3423 2031 3524 2088 :uti

1919 2129 2054 2183 estis
2083 2143 2189 2192 me,
2215 2131 2270 2182 in
2292 2131 2721 2198 regeneratione,
2746 2129 2965 2194 quando
2989 2127 3188 2180 sederit
3219 2125 3389 2178 Filius
3423 2126 3524 2178 lio-

1923 2221 2086 2275 niinis
2147 2236 2310 2290 Super
2360 2220 2816 2289 tbrouumglorim
2869 2219 3210 2280 suamsedcbi
3243 2221 3286 2271 is
3320 2227 3370 2270 et
3423 2229 3524 2271 vos

1920 2329 2082 2379 super
2142 2316 2300 2370 sedes
2349 2315 2637 2369 duodecim
2677 2315 2988 2382 judicantes
3019 2312 3302 2365 duodecim
3346 2311 3523 2364 tribus

1919 2406 2084 2461 Israel
2103 2409 2170 2460 “.
2193 2425 2212 2459 ι
2235 2407 2462 2462 Prorsus
2475 2418 2656 2461 autem
2677 2408 2930 2460 onmilms
2950 2405 3199 2459 lidelibus
3223 2424 3235 2457 :
3265 2423 3281 2453 ι
3307 2403 3521 2467 Omnis,

1921 2501 2226 2569 inquit,qui
2249 2501 2531 2569 reliquerit
2552 2499 2799 2562 domum,
2819 2498 2899 2551 \el
2928 2497 3142 2560 fratres,
3172 2500 3252 2548 vel
3278 2509 3520 2554 sorores.
3556 2543 3564 2550 .

1921 2595 1998 2648 vel
2033 2602 2284 2656 matrem,
2310 2603 2402 2647 aut
2422 2603 2650 2661 patrem,
2674 2602 2768 2645 aut
2791 2590 3096 2653 mulierem,
3118 2599 3211 2641 aut.
3240 2590 3396 2651 tilios,
3429 2596 3526 2641 aut

1919 2701 2082 2752 agros
2116 2693 2340 2754 prepter
2379 2700 2574 2737 nomen
2607 2699 2812 2742 meum,
2843 2685 3159 2750 centuplum
3195 2681 3443 2748 arripiet,
3468 2690 3526 2733 et

1921 2779 2084 2831 \itam
2130 2788 2389 2830 aeternam
2421 2775 2723 2844 possidebit
2752 2790 2766 2835 ;
2803 2773 2898 2842 qui
2931 2783 3113 2826 autem
3144 2780 3289 2824 amat
3315 2779 3521 2838 patrem

1919 2879 2014 2924 aut
2065 2879 2290 2922 matrem
2351 2869 2470 2937 plus
2497 2884 2656 2935 quam
2685 2882 2791 2926 me.
2813 2880 2917 2917 nun
2947 2876 3031 2920 est
3063 2878 3149 2917 me
3180 2864 3380 2930 dignus
3400 2863 3462 2912 ⁸⁸.
3497 2879 3517 2912 ι

1921 2961 2052 3013 Nam
2091 2977 2214 3014 rum
2277 2958 2420 3014 Deus
2473 2968 2527 3013 et
2582 2958 2740 3011 Pater
2805 2957 3001 3010 Filium
3051 2971 3208 3007 suum
3261 2955 3521 3006 dilectum

1921 3070 2020 3124 pro
2056 3056 2226 3108 nobis
2263 3053 2434 3119 dedit,
2470 3053 2693 3120 ipseque
2726 3051 3035 3120 unigeu‘ttts
3081 3045 3170 3102 Dei
3211 3046 3380 3100 Filius
3427 3061 3519 3099 se-

229 3138 433 3191 κεντοῦ
480 3141 742 3208 ὀνόματός
806 3161 930 3215 μου,
982 3147 1515 3210 ἑκατονταπλασίονα
1560 3151 1811 3220 λήψεται,

1923 3149 2215 3209 metipsum
2250 3161 2346 3210 pro
2405 3146 2561 3198 nobis
2598 3145 2765 3206 dedit,
2803 3159 2830 3194 a
2887 3144 3042 3196 nobis
3089 3143 3212 3213 jure
3254 3142 3419 3210 exigit
3464 3145 3524 3192 It

231 3231 323 3281 καὶ
351 3229 494 3299 ζωὴν
517 3232 730 3287 αἰώνιον
755 3237 1156 3308 κληρονομήσει
1184 3254 1196 3267 ·
1234 3241 1260 3291 6
1291 3240 1347 3293 δὲ
1378 3240 1549 3308 φιλῶν
1584 3246 1804 3314 πατέρα

229 3321 498 3390 ἧμητέρα
525 3325 663 3395 ὑπὲρ
713 3326 811 3395 ἐμὲ
847 3328 947 3380 ούκ
988 3329 1104 3381 ἔστι
1166 3347 1266 3400 μου
1325 3332 1498 3397 ἄξιος.
1531 3353 1550 3387 ι
1601 3335 1821 3408 Ἐπειδὴ

231 3415 340 3484 γὰρ
373 3416 398 3465 6
433 3414 564 3469 Θεὸς
595 3418 684 3469 καί
717 3418 902 3489 Πατὴρ
931 3421 1023 3472 τὸν
1045 3419 1173 3473 Υἰδν
1201 3423 1367 3475 αὐτοῦ
1395 3425 1484 3478 τὸν
1533 3429 1818 3497 ἀγαπητὸν

237 3506 436 3557 ἔδωκεν
468 3509 603 3577 ὑπὲρ
642 3509 819 3578 ἡμῶν,
849 3512 942 3564 καὶ
973 3497 1148 3576 αὐτὸς
1172 3514 1199 3567 6
1229 3515 1323 3568 τοῦ
1356 3517 1490 3570 Θεοῦ
1519 3522 1819 3592 μονογενὴς

239 3599 362 3661 Υἱὸς
390 3599 588 3652 ἔδωκεν
621 3602 812 3656 ἑαυτὸν
853 3604 993 3675 ὑπὲρ
1037 3604 1216 3674 ἡμῶν,
1252 3610 1342 3660 καὶ
1401 3610 1548 3678 ἡμᾶς
1593 3611 1816 3678 δικαίως

244 3694 474 3747 ἀπαιτεῖ.
505 3693 714 3757 πάντας
744 3695 870 3758 τοὺς
909 3697 1048 3749 κατὰ
1075 3697 1230 3763 γένος
1256 3700 1392 3769 ἡμῖν
1424 3707 1808 3771 προσήκοντας

254 3787 513 3855 περιορᾷν,
549 3788 678 3839 ὅταν
732 3788 990 3855 ἐμπόδιον
1040 3783 1142 3844 ὦσι
1170 3794 1304 3861 πρὸς
1360 3793 1460 3864 τὴν
1506 3796 1810 3862 εὐσέϐειαν,

251 3875 342 3928 καὶ
372 3877 452 3928 τὸν
482 3879 602 3931 κατ’
631 3881 800 3949 αὐτὴν
828 3881 964 3950 βίον.
1030 3883 1142 3938 Καὶ
1165 3883 1325 3956 144
1381 3885 1432 3937 τί
1494 3885 1637 3954 λέγω
1692 3893 1816 3954 τοὺς

244 3967 379 4019 κατὰ
435 3971 586 4036 γένος
650 3973 1071 4042 προσήκονταςς
1137 3977 1308 4046 αὐτὴν
1354 3977 1465 4046 γὰρ
1523 3978 1621 4049 τὴν
1682 3982 1809 4036 ἐαυο

239 4058 330 4111 τού
358 4059 528 4132 ψυχὴν
553 4063 790 4118 ἕκαστον
819 4067 1286 4137 παραιτήσασθαι,
1337 4069 1532 4140 καιροῦ
1586 4073 1812 4128 καλοῦν-

237 4168 345 4216 τος,
373 4152 577 4206 δίκαιόν
593 4173 652 4208 τε
684 4155 820 4220 όμοῢ
863 4157 956 4210 καὶ
991 4143 1318 4226 ἀναγκαῖον,
1349 4160 1508 4238 εἰπερ
1559 4161 1809 4232 βούλεται

1924 3255 2120 3293 omnes
2177 3238 2335 3292 nobis
2402 3237 2672 3306 sanguine
2742 3234 3066 3304 conjunrtos
3125 3231 3518 3302 despiciainns,

1927 3333 2147 3402 quando
2199 3341 2330 3386 sunt
2396 3330 2556 3384 nobls
2617 3329 3069 3398 impedimentum
3127 3328 3192 3381 ad
3266 3327 3519 3396 pietatem

1927 3427 2182 3494 piamque
2221 3423 2408 3476 vitam.
2443 3423 2509 3476 Et
2544 3421 2674 3490 quid
2711 3421 2835 3474 dico
2876 3423 3035 3475 nobis
3078 3422 3348 3486 sanguine
3390 3435 3523 3472 con-

1921 3495 2188 3584 junctos?
2218 3513 2393 3581 ipsam
2424 3512 2568 3565 enim
2599 3513 2764 3564 vitam
2793 3526 3017 3580 ponere,
3052 3523 3295 3579 tempore
3319 3525 3520 3576 cogen-

1926 3616 1997 3665 te.
2039 3604 2274 3672 singulis
2309 3604 2519 3672 justum
2555 3611 2637 3654 est
2671 3611 2833 3671 atque
2879 3601 3274 3664 necessarium,
3307 3601 3348 3653 si
3386 3601 3521 3652 veli~

1913 3715 2037 3752 mus
2090 3699 2254 3751 vitam
2319 3707 2576 3750 arteruam
2648 3696 2933 3765 consequi,
2971 3711 3092 3748 cum
3133 3699 3203 3747 'et
3255 3695 3366 3763 ipse
3423 3694 3517 3750 Di

1919 3792 2095 3846 Filius
2153 3806 2308 3843 suam
2363 3791 2599 3842 animam
2669 3802 2768 3857 pro
2843 3789 3001 3841 nobis
3053 3792 3317 3856 posuerit.
3358 3785 3516 3842 Unde

1920 3899 2135 3938 rursum
2171 3884 2284 3951 ipse
2321 3883 2498 3936 dixit:
2531 3899 2547 3931 ι
2585 3880 2686 3946 Qui
2734 3895 2837 3932 non
2875 3880 3072 3947 aet-ipit
3101 3895 3321 3933 crucem
3354 3894 3510 3932 suam

1913 3988 1965 4032 et
1993 3977 2243 4044 sequitur
2267 3991 2374 4039 me,
2404 3990 2508 4028 non
2539 3982 2617 4026 est
2647 3987 2730 4024 me
2763 3973 2960 4039 dignus
2984 3970 3049 4025 “.
3097 3989 3116 4023 ι
3152 3972 3294 4024 Crux
3328 3981 3509 4025 autem

1911 4081 1994 4124 est
2018 4071 2334 4140 erucitigere
2366 4081 2587 4121 carnem
2639 4079 2794 4121 suam
2847 4079 2970 4118 cum
3003 4062 3149 4118 vitiis
3173 4072 3226 4117 et
3255 4061 3517 4132 concupi-

1911 4163 2154 4220 srentiis.

237 4243 380 4313 ζωῆς
406 4244 620 4334 αἰωνίου
641 4247 937 4318 ἐπιτυχεῖν,
966 4251 1087 4303 ἐπεὶ
1113 4253 1208 4305 καὶ
1235 4254 1400 4319 αὐτὸς
1452 4257 1481 4308 6
1509 4257 1628 4311 τοῦ·
1657 4260 1795 4316 Θεοῦ
1841 4265 1966 4324 Υἱὸς
2013 4259 2113 4328 τὴν
2144 4251 2338 4309 ἑαυτοῦ
2378 4253 2556 4324 ψυχὴν
2580 4252 2776 4320 ἔθηκεν
2809 4249 2952 4320 ὑπὲρ
3012 4247 3171 4318 ἡμῶν
3197 4265 3212 4280 ο
3257 4247 3338 4300 διδ
3403 4249 3513 4302 πά.

236 4338 317 4389 λιν
346 4337 508 4400 αὐτός
542 4357 703 4406 φησιν
727 4356 744 4372 ο
775 4358 794 4392 ι
839 4344 935 4404 Ὃς
985 4343 1044 4396 οὐ
1097 4344 1364 4414 λαμϐάνει
1413 4349 1503 4404 τὸν
1563 4357 1801 4425 σταυρὸν
1840 4355 2008 4412 αὑτοῦ
2061 4353 2155 4404 καὶ
2199 4348 2484 4402 ἀκολουθεί
2539 4346 2868 4415 ὀπίσωμου.
2893 4343 2992 4395 οὒκ
3018 4342 3133 4394 ἔστι
3156 4358 3258 4411 μου
3281 4339 3452 4425 ἄξιος.
3487 4351 3508 4386 ³

236 4429 476 4497 Σταυρὺς
513 4430 607 4498 μὲν
636 4431 726 4484 οὖν
746 4433 972 4486 ἐστικαὶ
1002 4437 1063 4487 τὸ
1124 4441 1442 4509 σταυρῶσαι
1479 4443 1578 4512 τὴν
1634 4424 1812 4516 σάρκα
1852 4452 1946 4502 σὺν
1973 4449 2088 4508 τοῖς
2118 4445 2408 4512 παθήμασι
2445 4439 2538 4493 καὶ
2570 4440 2690 4500 ταῖς
2743 4437 3083 4505 ἐπιθυμίαις.
3402 4424 3411 4434 ’

305 4523 479 4575 Ὅταν
506 4521 650 4595 οὗ·ιῇ
678 4527 868 4591 καιρὸς
890 4528 1114 4598 εἰρήνης
1132 4530 1231 4598 τῆς
1261 4533 1691 4604 κατέὑσέϐειαν,
1725 4543 1811 4595 διὰ
1846 4548 1888 4602 D

238 4615 334 4681 τῆς
357 4615 560 4682 ἀρετῆς
609 4617 818 4686 νεκρῶν
853 4620 880 4672 ὁ
929 4619 1216 4688 ἄνθρωπος
1249 4623 1316 4676 τὰ
1375 4629 1590 4697 πονηρὰ
1659 4629 1806 4696 πάθη

238 4708 446 4767 καὶτὰς
469 4707 781 4800 ἐπιθυμίας,
808 4709 981 4774 οὕτως
1023 4712 1199 4783 αἴρων
1221 4715 1312 4768 τὸν
1370 4719 1605 4789 σταυρὸν
1625 4722 1810 4786 ,αὑτοῦ

237 4798 514 4850 ἀκολοιθεί
543 4798 618 4867 τῷ
645 4798 857 4872 Κυρίῳ.
890 4801 1061 4856 Ὅταν
1107 4804 1162 4857 δέ
1224 4805 1474 4881 καιρὸςῇ
1545 4811 1810 4882 διωγμοῦ,

234 4890 578 4960 περιφρονῶν
607 4893 702 4946 καὶ
734 4895 832 4965 τὴν
885 4895 1095 4949 οἰκείαν
1150 4896 1320 4970 ζωὴν,
1378 4906 1474 4954 καὶ
1523 4905 1812 4974 προδιδοὺς

233 4979 330 5048 τὴν
355 4979 552 5032 ἑαυτοῦ
574 4982 750 5052 ψυχὴν
775 4984 913 5054 ὑπὲρ
942 4987 1044 5056 τῆς
1077 4987 1388 5056 εὐσεϐείας,
1439 4989 1614 5055 οὓτως
1661 4995 1809 5066 αἶ’ρει

234 5072 320 5122 τὶν
341 5073 574 5141 σταυρὸν
603 5075 792 5136 αὑτοῦ,
823 5078 916 5129 καὶ
942 5078 1230 5134 ακολουθεί
1251 5082 1429 5136 ὀπίσω
1451 5085 1546 5137 τού
1577 5087 1806 5156 Κυρίου,

237 5162 322 5211 καὶ
360 5161 504 5214 οὕτω
533 5163 677 5234 ζωὴν
713 5165 929 5222 αἰώνιον
959 5171 1324 5240 κληρονομεῖ·
1369 5194 1387 5224 ι
1439 5174 1501 5229 '0
1554 5175 1662 5246 γὰρ
1708 5177 1804 5229 st)-

237 5251 358 5321 ρὼν,
391 5256 546 5323 φησι,
581 5256 680 5326 τὴν
729 5258 906 5330 ψυχὴν
949 5261 1114 5315 αὑτοῦ
1140 5264 1395 5316 ἀπολέσει
1421 5266 1608 5334 αὐτὴν,
1663 5269 1757 5319 καὶ
1783 5271 1810 5321 6

236 5346 499 5408 ἀπολέσας
535 5350 634 5416 τὴν
650 5348 828 5418 ψυχὴν
855 5352 1021 5405 αὑτοῦ
1061 5354 1249 5407 ἕνεκεν
1272 5356 1406 5424 ἐμοῦ
1438 5358 1667 5428 εὑρήσει
1713 5359 1808 5411 αὖ·

236 5437 346 5503 τήν.
389 5456 406 5488 ι
445 5439 510 5491 Τί
545 5442 714 5506 ἐστιν,
762 5443 821 5496 Ὀ
854 5447 1124 5510 ἀπολέσας
1151 5449 1250 5517 τὴν
1279 5448 1458 5520 ψυχὴν
1505 5450 1668 5502 αὑτοῦ
1715 5451 1804 5502 εὖ·

241 5534 384 5595 ρῇσει
419 5533 633 5603 αὑτήνς
667 5535 899 5599 Διπλοῦς
933 5539 1081 5590 ἐστιν
1111 5540 1139 5591 6
1193 5539 1499 5611 ἄνθρωπος,
1537 5544 1588 5595 ι·
1624 5543 1803 5606 ἐκτὸς,

236 5621 286 5670 τι
316 5623 465 5692 σῶμα
493 5625 661 5694 λέγω,
688 5629 777 5681 καί
810 5630 836 5680 6
877 5631 1021 5695 ἐντὸς
1044 5633 1198 5702 ἡμῶν
1225 5633 1534 5705 ἅνθρωπος,
1589 5636 1620 5706 ή
1654 5636 1800 5707 ψυχὴ

293 5805 334 5839 ⁸³
362 5803 556 5862 Matth.
602 5821 720 5874 xu,
757 5805 846 5860 9.8.
922 5808 967 5839 ⁸³
1001 5807 1189 5863 Matth.
1223 5825 1334 5874 χιι,
1363 5809 1468 5874 29;
1511 5826 1562 5875 ιι,
1591 5811 1680 5865 57.

1757 5809 1801 5840 "’
1845 5809 2034 5866 Matth.
2069 5828 2120 5878 κ,
2153 5811 2239 5866 38.

1989 4541 2156 4609 Igitur
2193 4539 2412 4607 quando
2452 4531 2609 4588 adest
2641 4541 2855 4598 tempus
2901 4530 3050 4598 pacis
3091 4529 3237 4583 illius
3267 4542 3388 4598 quas
3425 4534 3510 4583 est

1913 4632 2214 4687 secundum
2257 4629 2538 4698 pietatem,
2588 4624 2669 4678 vir
2711 4625 2803 4690 qui
2863 4637 3057 4692 pravas
3099 4621 3382 4690 passiones
3425 4631 3508 4675 at-

1908 4734 2015 4786 que
2069 4715 2548 4783 concupiscentias
2598 4727 2692 4780 per
2745 4711 3003 4764 virtutem
3054 4710 3372 4772 mortificat,
3427 4711 3501 4765 ita

1909 4809 2046 4862 tollit
2096 4822 2316 4861 crucem
2357 4820 2512 4860 suam
2543 4813 2597 4858 et
2647 4804 2937 4857 Dominum
2983 4805 3254 4874 sequitur.
3288 4801 3344 4856 Si
3379 4820 3510 4859 vero

1909 4899 2074 4953 instet
2101 4908 2316 4966 tempus
2335 4895 2762 4966 persecutionis,
2790 4894 2882 4964 qui
2907 4897 3179 4964 propriam
3197 4896 3504 4949 contemnit

1909 4992 2078 5046 Vitam
2112 4999 2166 5044 et
2193 5005 2348 5044 suam
2380 4989 2554 5058 ipsius
2601 4990 2841 5041 animam
2873 4986 3038 5041 tradit
3087 4999 3305 5056 proiiter
3327 4987 3501 5058 pieta-

1909 5095 2040 5148 tem,
2073 5084 2146 5138 ita
2180 5083 2321 5138 tollit
2347 5097 2566 5138 crucem
2605 5097 2760 5136 suam
2798 5093 2853 5135 et
2889 5081 3180 5136 Dominum
3211 5082 3502 5152 sequitur;

1906 5173 2051 5227 unde
2092 5174 2262 5227 vitam
2312 5181 2573 5227 aateruam
2626 5171 2948 5241 possidebit.
2980 5174 3067 5226 Ait
3103 5173 3250 5226 enim
3291 5189 3356 5224 τι
3395 5170 3502 5236 Qui

1906 5264 2176 5319 invenerit
2209 5264 2448 5317 animam
2489 5279 2643 5318 suam
2685 5265 2873 5333 perdet
2905 5280 3066 5331 eam;
3100 5271 3156 5319 et
3191 5263 3280 5333 qui
3324 5263 3505 5332 perdi-

1906 5358 2047 5411 derit
2079 5360 2314 5413 animam
2349 5374 2505 5412 suam
2535 5363 2760 5428 propter
2795 5375 2901 5424 me,
2941 5359 3179 5413 inveniet
3215 5373 3332 5412 eam
3364 5355 3431 5410 ⁸⁸.
3475 5373 3497 5406 ι

1905 5446 2043 5512 Quid
2069 5457 2153 5502 est
2179 5448 2324 5519 quod
2346 5449 2477 5502 dicit
2510 5466 2522 5502 :
2561 5467 2578 5498 ι
2615 5447 2719 5514 Qui
2755 5449 3053 5519 perdiderit
3075 5451 3314 5503 animam
3341 5462 3499 5503 suam

1911 5543 2154 5595 inveniet
2180 5557 2298 5594 eam
2329 5541 2351 5594 ?
2381 5561 2399 5594 ι
2439 5541 2639 5612 Duplex
2675 5553 2754 5596 est
2782 5543 2966 5606 immo,
2990 5543 3128 5596 alius
3161 5542 3376 5608 quidem
3403 5557 3501 5594 ex-

1913 5634 2102 5700 terior,
2166 5650 2364 5705 corpus
2408 5636 2552 5701 (lico,
2589 5636 2729 5690 alius
2782 5637 3028 5702 intetior,
3071 5637 3274 5689 scilicet
3317 5650 3384 5688 an
3414 5649 3501 5688 tua

2320 5811 2366 5843 ”
2392 5812 2523 5866 ibid.
2557 5807 2647 5866 '59.
