4014 6426
210 425 312 490 329
1568 447 1904 509 HOMILIA
1943 452 2125 514 XXV-
3371 459 3477 520 :30

207 539 296 590 σία
316 537 411 608 τοῦ
428 539 472 591 Χ
482 539 668 608 ριετοῦ
696 541 913 612 τιμῶσα
935 546 1030 600 καὶ
1059 550 1201 618 μετὰ
1234 551 1468 610 θάνατον
1489 562 1615 623 τοὺς
1649 576 1744 612 κατ

1850 564 1867 619 ι
1900 575 2019 615 rum
2063 563 2158 632 qui
2192 562 2320 618 hinc
2349 564 2404 618 in
2438 563 2527 618 illa
2559 563 2650 619 die
2673 563 3032 619 decesserunt
3063 575 3113 619 et
3145 581 3210 620 ex
3246 567 3347 623 hac
3370 571 3482 622 vita

199 629 338 683 Θεὸν
367 629 439 692 ὡς
455 631 676 701 ἀληθῶς
697 633 991 705 ζήσαντας,
1023 641 1145 695 καθ’
1171 643 1410 716 ἑκάστην
1456 651 1673 721 ἡμέραν
1696 669 1744 704 τε

1896 629 2106 707 caduca
2136 655 2530 724 migraverunt,
2567 664 2672 710 tam
2727 657 3164 728 uniuscujusque
3211 661 3375 714 vitam
3427 664 3481 715 in

196 721 454 775 ἐνιαυτοῦ
489 725 713 796 μνήμην
747 731 1108 788 ποιεῖταιτῶν
1126 737 1248 788 κατ’
1273 739 1446 811 αὐτὴν
1479 746 1744 812 μεταστά·.

1899 743 2078 796 medio
2113 721 2424 813 proponens
2451 755 2673 814 propter
2706 747 2991 801 utilitatem
3014 759 3282 814 nostram,
3307 767 3476 820 quam

192 830 311 866 των
347 815 622 881 ἐντεῦθεν,
652 819 748 872 καὶ
782 822 880 890 τῆς
913 823 1187 897 ἐπικήρου
1213 831 1420 903 ταύτης
1469 831 1617 905 ζωῆς
1655 838 1744 890 ἀπε

1898 852 2128 893 mortem
2151 842 2466 906 ostendens,
2488 844 2602 896 sive
2623 844 2765 912 quod
2790 844 2841 896 in
2861 858 2992 912 pace
3014 844 3360 912 dormierint,
3381 863 3476 902 seu

191 908 571 979 δημησάντων
596 911 770 979 ἁγίων
801 927 814 942 ⁸
857 915 946 968 τόν
971 933 1030 970 τε
1065 919 1179 988 βίον
1201 924 1436 978 ἑκάστου
1466 929 1744 998 προτιθείσ

1895 933 2038 1001 quod
2078 935 2338 1005 martyrio
2370 937 2534 990 vitam
2575 938 2899 992 elauserint.
2943 937 3114 995 llodie
3146 951 3327 996 autem
3355 955 3479 1011 post

186 1004 295 1068 τῆς
326 1002 487 1070 ἡμῶν
522 1003 710 1056 ἕνεκεν
767 1005 1053 1076 ὠφελείας,
1111 1013 1290 1068 καὶτὸ
1348 1017 1500 1083 τέλος
1543 1020 1744 1076 ὑποδειπ

1897 1024 2277 1092 Peuteeosten,
2312 1027 2571 1082 omnibus
2623 1028 2787 1082 simul
2823 1034 3193 1100 congregatis,
3222 1051 3477 1090 contoru-

191 1090 356 1156 νῦσα,
392 1092 500 1144 είτε
537 1094 654 1162 μετ’
681 1097 907 1166 εἰρήνης
938 1101 1288 1174 κεκοίμηται,
1321 1109 1431 1162 εἴτε
1455 1127 1744 1184 μαρτυρικι

1895 1131 2016 1170 nem
2048 1116 2112 1170 ad
2149 1131 2243 1171 eos
2277 1117 2536 1188 hymnum
2561 1121 2784 1187 emittit,
2827 1138 2932 1175 non
2964 1133 3174 1180 tantum
3209 1130 3471 1195 quoniam

187 1181 334 1233 τέλει
365 1186 459 1237 τὸν
492 1185 603 1253 βίον
621 1188 958 1244 κατέκλεισε.
994 1192 1109 1248 Νῦν
1135 1196 1191 1249 δὲ
1239 1201 1380 1267 μετὰ
1409 1201 1508 1272 τὴν
1576 1206 1744 1273 Πεντπ

1891 1220 2083 1262 omnes
2125 1207 2229 1263 sibi
2263 1209 2493 1264 invicem
2531 1212 2810 1280 conjuncti
2856 1225 3003 1281 sunt,
3049 1227 3104 1272 et
3135 1221 3260 1287 quia
3301 1238 3468 1275 unum

188 1273 399 1344 κοστὴν
424 1276 556 1344 ὁμοῦ
577 1281 783 1346 πάντας
811 1289 1218 1357 συναγαγοῦσα,
1237 1293 1416 1348 κοινὸν
1440 1297 1623 1361 αὐτοῖς
1650 1300 1744 1352 ἀνα

1891 1307 2021 1351 sunt
2045 1298 2347 1365 secundum
2372 1301 2679 1354 orationem
2712 1303 3045 1359 dominicam
3079 1325 3092 1360 :
3131 1310 3200 1361 ait
3233 1310 3377 1364 enim
3403 1315 3468 1365 ad

187 1363 408 1430 πέμπει
431 1365 521 1420 τὸν
544 1365 734 1436 ὕμνον,
790 1376 851 1427 οὑ
917 1379 1078 1447 μόνον
1130 1382 1210 1434 ὅτι
1261 1384 1469 1450 πάντες
1518 1387 1741 1459 ἀλλήλοι

1889 1389 2105 1445 Patrem
2152 1390 2205 1444 in
2247 1391 2554 1461 Evangeliis
2595 1393 2858 1451 Dominus
2908 1414 2922 1449 :
2966 1420 2985 1450 ι
3042 1401 3114 1454 Da
3149 1402 3228 1456 eis
3265 1413 3320 1457 ut
3364 1405 3406 1456 si
3455 1417 3475 1458 t

181 1454 456 1523 ῆνωνται,
480 1461 736 1517 καὶκατὰ
764 1468 862 1532 τὴν
886 1470 1213 1544 δεσποτικὴν
1271 1477 1439 1546 εὐχὴν
1472 1479 1530 1532 ἓν
1591 1482 1733 1538 εἰσιν

1890 1497 2083 1549 unum,
2103 1482 2245 1537 sicut
2273 1497 2398 1553 ego,
2424 1484 2605 1552 Pater;
2631 1488 2682 1540 in
2718 1497 2789 1554 te,
2821 1497 2874 1542 et
2902 1499 2954 1543 tu
2985 1491 3035 1545 in
3069 1509 3173 1559 me,
3205 1505 3338 1549 utet
3366 1497 3416 1565 ip
3456 1498 3471 1550 i

191 1563 212 1596 ι
244 1548 349 1612 Δὸς
380 1551 491 1622 γὰρ
517 1553 715 1620 αὐτοῖς,
756 1563 888 1630 φησὶ
917 1563 1053 1634 πρὸς
1098 1567 1191 1620 τὸν
1238 1569 1433 1626 ἑαυτοῦ
1474 1575 1692 1647 Πατέρα
1721 1581 1743 1629 ὲ

1888 1577 1944 1632 in
1983 1577 2140 1631 nobis
2177 1591 2345 1630 unum
2390 1578 2499 1632 sint
2543 1577 2597 1631 in
2631 1581 2860 1636 veritate
2887 1583 2954 1636 το.
2990 1604 3008 1636 ι

184 1639 548 1710 Εὗαγγελίοις
571 1647 604 1698 6
628 1650 851 1721 Κύριος,
890 1673 908 1706 t
948 1656 1032 1710 ἵνα
1091 1664 1289 1724 πάντες
1336 1663 1394 1717 ἓν
1430 1659 1556 1729 ὦσι,
1593 1639 1846 1742 καθάπερ
1885 1668 2018 1740 ἐγὼ,
2051 1669 2260 1740 Πάτερ,
2299 1670 2358 1722 ἐν
2389 1671 2493 1737 σοὶ,
2527 1670 2624 1723 καὶ
2655 1673 2718 1727 σὺ
2747 1674 2805 1726 ὲν
2840 1675 2984 1745 ἐμοὶ,
3025 1676 3113 1730 ἴνα
3163 1680 3257 1733 καὶ
3319 1683 3473 1738 αὐτοὶ

196 1739 255 1788 ἐν
281 1738 419 1806 ἡμῖν
451 1740 510 1793 ἒν
539 1734 674 1797 ὦσιν
691 1746 748 1799 ἐν
777 1748 1027 1821 ἀληθείᾳ.
1060 1771 1082 1806 ι

255 1831 332 1884 Οὐ
368 1832 535 1899 μόνον
568 1837 749 1893 τοίνυν
783 1842 871 1895 διὰ
903 1846 1062 1901 τοῦτο
1086 1852 1262 1904 κοινὸν
1299 1856 1486 1921 αὐτοῖς
1515 1861 1650 1915 πᾶσι
1681 1863 1743 1915 τὸ

1850 1887 1854 1925 ι
1955 1861 2098 1930 Non,
2126 1865 2375 1934 inquam,
2398 1873 2622 1936 propter
2647 1867 2752 1922 hoc
2787 1869 2961 1924 solum
2992 1886 3338 1931 communem
3362 1895 3474 1933 om-

189 1920 362 1992 ὕμνον
392 1927 722 1984 ἀποδίδωσιν
761 1935 912 2004 ήτοῦ
966 1940 1102 1994 Θεοῦ
1170 1946 1491 2017 Ἐκκλησία,
1531 1953 1648 2008 ἀλλ’
1684 1958 1741 2009 δτ

1877 1958 2040 2013 nibus
2080 1959 2343 2029 hymnum
2375 1961 2791 2016 solvitEcclesia
2820 1964 2938 2029 Dei,
2972 1969 3065 2020 sed
3087 1972 3249 2022 etiam
3283 1981 3340 2024 ut
3369 1973 3472 2028 hoe

188 2016 283 2069 καὶ
319 2019 529 2090 σπουδὴ
559 2022 730 2094 ταύτῃ
769 2027 856 2081 διά
889 2048 949 2082 τε
973 2033 1072 2100 τῆς
1094 2035 1258 2102 ἁγίας
1284 2040 1763 2117 Τεσσαρακοστῆς,

188 2109 412 2179 καὶτῆς
460 2114 579 2181 μετ’
639 2119 809 2190 αὐτὴν
858 2124 1260 2200 Πεντηκοστῆς,
1315 2109 1597 2192 πάντατὰ
1629 2109 1767 2209 ἔργα

188 2199 426 2268 ἐκφῆναι
481 2205 576 2257 καὶ
610 2208 918 2282 ἀνυμνῆσαι
943 2215 1034 2268 τοῦ
1089 2217 1247 2274 Θεοῦ.
1288 2222 1443 2277 Ἐπεὶ
1470 2223 1564 2283 οὖν
1589 2232 1766 2285 πάντα

185 2293 426 2360 ἐξεῖπεν,
487 2296 563 2361 ὡς
618 2299 768 2354 ἴστεο
803 2305 919 2369 πῶς
966 2309 1067 2377 τήν
1115 2312 1340 2384 ἀρχήνό
1379 2319 1581 2388 κόσμος
1613 2315 1766 2388 οὗτος

186 2385 331 2448 ἅπας
359 2387 578 2455 ἐγένετο
621 2392 724 2445 ὑπὸ
754 2394 926 2449 Θεοῦ·
971 2399 1086 2464 πῶς
1119 2403 1147 2456 6
1190 2404 1356 2477 Ἀδὰμ
1409 2385 1623 2483 ἐξῶσθη
1670 2385 1764 2468 τοῦ

186 2479 518 2548 παραδείσου
547 2483 640 2536 καὶ
672 2485 759 2538 τοῦ
783 2487 917 2541 Θεοῦ
941 2505 956 2520 ο
985 2492 1097 2555 πῶς
1123 2495 1150 2547 6
1175 2498 1342 2552 πάλαι
1368 2502 1502 2566 λαὸς
1534 2505 1760 2579 ἐκλήθη·

185 2571 297 2632 πῶς
348 2573 448 2625 καὶ
503 2574 660 2628 αὐτοὶ
712 2581 1060 2648 παραϐάντες
1100 2581 1420 2661 ἐξώσθησαν
1464 2596 1565 2666 τῆς
1626 2601 1761 2668 πρὸς

183 2663 314 2718 Θεὸν
342 2667 677 2736 οἰκειότητος
698 2687 711 2700 ⁸
749 2673 865 2738 πῶς
891 2677 919 2728 6
964 2677 1058 2730 τοῦ
1111 2679 1248 2735 Θεοῦ
1305 2663 1606 2761 μονογενής
1635 2663 1762 2759 τιδέ

186 2754 374 2820 κλίνας
402 2757 667 2826 οὐρανοὺς
697 2763 836 2834 ὑπὲρ
870 2769 900 2835 ὴ
911 2767 1029 2837 μῶν
1085 2773 1348 2843 κατῆλθε,
1376 2754 1489 2832 καί..
1521 2754 1761 2854 ἔκραξεν

183 2846 319 2918 ὑπὲρ
346 2849 505 2918 ήμῶν
530 2851 766 2920 ἐξαίσια,
803 2864 898 2912 καὶ
929 2862 1139 2928 ἐδίδαξε
1183 2868 1252 2921 τὰ
1281 2872 1548 2942 σωτήρια,
1586 2846 1759 2934 ἐπαθὲ

179 2954 233 2990 τε
259 2939 356 2990 καὶ
381 2941 657 2996 ἀπέθανεν
696 2947 834 3018 ὑγιὲρ
871 2951 1050 3020 ἡμῶν,
1090 2957 1185 3010 καὶ
1223 2939 1762 3038 ἐτάφη-ὡς’ἄνθρω-

181 3044 291 3093 πος,
334 3032 431 3082 καὶ
466 3031 540 3095 ὡς
591 3035 722 3099 Θεὸς
750 3039 950 3112 ἀνέστη
977 3047 1298 3119 τριήμερος,
1339 3053 1431 3106 καὶ
1478 3059 1556 3120 είς
1592 3061 1760 3131 οὐρα-

181 3121 325 3185 νοῦς,
357 3122 482 3176 ὅθεν
513 3128 608 3180 καὶ
643 3131 930 3198 κατῆλθεν,
967 3135 1192 3206 ὕστερον
1227 3144 1368 3209 μετὰ
1397 3149 1604 3217 σαρκὸς
1632 3154 1756 3206 ἀνε-

1871 2049 2058 2104 studio
2092 2065 2186 2118 per
2210 2066 2424 2106 sacram
2454 2054 2940 2124 Quadragesimam
2974 2060 3253 2132 ipsamque
3278 2066 3473 2121 subse-

1869 2153 2126 2211 quentem
2176 2142 2514 2199 Pentecoste:
2562 2145 2918 2202 festivitatem
2951 2155 3135 2206 omnia
3177 2155 3268 2210 Dei
3302 2174 3466 2228 opera

1867 2235 2221 2304 proferantur
2240 2247 2293 2292 et
2320 2237 2573 2292 laudibus
2595 2240 2927 2311 eil'erantur;
2951 2249 3214 2303 utsciatis
3260 2252 3467 2318 (omnia

1868 2325 2018 2382 brevi
2039 2343 2293 2383 sermone
2321 2332 2827 2404 comprehendam),
2845 2339 3121 2406 quomodo
3146 2355 3173 2392 a
3201 2343 3368 2410 princi
3380 2348 3465 2414 pio

1871 2419 2108 2474 mundus
2129 2421 2235 2475 iste
2261 2431 2408 2476 totus
2437 2437 2468 2476 a
2501 2422 2609 2478 Deo
2635 2424 2955 2496 factusest;
2991 2437 3266 2499 quomodo
3288 2438 3460 2493 Adam

1869 2527 1897 2564 a
1928 2512 2184 2582 paradiso
2232 2524 2285 2568 et
2317 2513 2426 2570 Deo
2466 2517 2671 2586 ejectus
2705 2530 2820 2587 est;
2869 2528 3144 2592 quomodo
3179 2539 3331 2584 vetus
3368 2534 3460 2588 Dei

1867 2605 2100 2673 populus
2129 2618 2359 2663 vocatus
2394 2610 2536 2676 fuit;
2571 2615 2846 2681 quomodo
2881 2617 2978 2684 ipsi
3021 2635 3242 2689 quoque
3275 2635 3457 2679 trans-

1865 2698 2036 2765 gressi
2057 2702 2224 2755 amoti
2245 2715 2373 2756 sunt
2395 2719 2422 2755 a
2445 2701 2814 2762 familiaritate
2831 2709 2952 2773 Dei;
2976 2715 3251 2780 quomodo
3274 2717 3432 2786 unigc
3451 2748 3467 2759 -

1865 2790 2017 2845 nitus
2042 2791 2133 2847 Dei
2162 2792 2332 2849 Filius
2356 2797 2526 2852 caelos
2545 2797 2815 2854 inclinans
2839 2818 2936 2868 pro
2961 2804 3118 2858 nobis
3143 2807 3450 2867 descendit.

1863 2892 1918 2936 et
1943 2898 2042 2954 pro
2066 2887 2223 2941 nobis
2248 2903 2386 2942 nova
2410 2889 2542 2943 fecit
2563 2901 2616 2945 et
2648 2892 2910 2948 salutaria
2941 2897 3147 2976 docuit,
3178 2915 3276 2968 pro
3302 2905 3459 2958 nobis

1865 2989 2063 3043 passus
2103 2987 2185 3033 est
2213 2990 2269 3034 et
2305 2991 2582 3048 mortuus,
2618 2989 2869 3055 sepultus
2912 3003 2968 3042 ut
3004 2991 3186 3058 homo,
3218 3007 3271 3049 ut
3311 2997 3457 3050 Deus

1864 3077 1985 3137 post
2019 3078 2131 3126 tres
2157 3073 2272 3128 dies
2306 3076 2628 3140 resurrexit.
2674 3078 2726 3132 in
2760 3079 2962 3136 coelum
3003 3085 3146 3139 unde
3174 3087 3456 3144 descendi:

1867 3170 2053 3229 postea
2075 3179 2197 3218 cum
2223 3181 2456 3235 corpore
2479 3171 2749 3235 ascmrdit,
2775 3182 2825 3226 et
2853 3175 3051 3230 sedens
3079 3177 3146 3231 ad
3173 3180 3450 3237 dexteram

173 3209 375 3280 λήφθη,
421 3217 518 3268 καὶ
547 3218 780 3285 καθίσας
806 3225 870 3278 ἐκ
899 3225 1090 3292 δεξιῶν
1119 3231 1214 3283 τοῦ
1246 3235 1480 3307 Πατρὶς,
1508 3239 1744 3312 ἐπεμψεν

173 3300 383 3345 ἐκεῖθεν
414 3305 777 3345 τλτπηυᾶνιηυ
810 3314 1032 3345 [Tm-7...-
1062 3335 1075 3345 .
1105 3321 1224 3345 1-4
1261 3322 1348 3345 ,νη
1436 3330 1448 3345 1
1657 3333 1678 3344 -

1867 3209 2053 3229 r-_--..
2077 3209 2196 3218 ν.....
2225 3209 2455 3235 πωπω-ν
2479 3209 2749 3235 “ann-Iuli,
2775 3209 2825 3226 ι,-
2853 3209 3051 3230 abluunt!
3079 3209 3146 3231 au
3173 3209 3450 3237 uenturam

1860 3252 2059 3317 Patris,
2115 3256 2265 3309 misit
2301 3258 2426 3312 inde
2483 3258 2747 3329 Spiritum
2798 3267 3231 3324 sanctissimum.
3283 3275 3453 3345 Igitur

173 3300 383 3354 ἐκεῖθεν
414 3305 777 3378 τὸῖπανάγιον
810 3314 1036 3387 Πνεῦμα
1062 3335 1075 3348 '
1103 3321 1228 3375 ἐπεὶ
1256 3322 1350 3378 οὖν
1380 3330 1559 3384 πάντα
1581 3333 1756 3388 ταῦτα

175 3390 492 3464 ἁνύμνησεν
517 3399 548 3467 ή
586 3400 679 3453 τοῦ
712 3403 847 3458 Θεοῦ
897 3407 1217 3482 Ἐκκλησία,
1240 3416 1335 3470 νῦν
1359 3421 1455 3474 καὶ
1483 3422 1543 3474 τὸ
1568 3423 1754 3480 λεῖπον

175 3487 534 3552 προστιθεῖσά
565 3508 623 3544 τε
645 3495 782 3564 ὁμοῦ
816 3500 911 3553 καὶ
940 3504 1223 3573 δεικνῦσα,
1249 3511 1455 3577 πόσους
1487 3517 1580 3570 καὶ
1604 3519 1751 3583 οἵους

179 3577 426 3644 καρποὺς
451 3584 726 3653 συνήγαγε
759 3589 892 3658 πρὸς
928 3591 1074 3666 ζωὴν
1095 3596 1314 3652 αἰώνιον
1348 3605 1379 3673 ή
1415 3605 1508 3657 τοῦ
1541 3577 1747 3678 Κυρίοῦ

177 3667 276 3717 καὶ
301 3668 433 3722 Θεοῦ
467 3674 558 3726 καὶ
589 3675 840 3750 Σωτῆρος
864 3685 1024 3753 ᾑμῶν
1069 3685 1242 3758 Ἰησοῦ
1265 3667 1505 3763 Χρι-στοῦ
1540 3667 1748 3769 παρου-

193 3756 308 3820 aia,
333 3763 417 3811 καλ.
436 3765 470 3832 ἡ
494 3764 590 3818 τοῦ
613 3772 880 3839 παναγίου
912 3777 1227 3848 Πνεῦματος
1255 3784 1511 3855 δύναμις,
1527 3791 1747 3846 πάντων

193 3846 332 3913 ὁμοῦ
366 3855 579 3908 ποιεῖται
614 3857 720 3910 τῶν
761 3862 932 3928 ἁγίων
963 3869 1062 3936 τὴν
1095 3873 1342 3942 μνήμην,
1369 3879 1460 3930 καὶ
1498 3882 1631 3934 πᾶσι
1655 3884 1746 3938 τὸν

185 3936 353 4005 ῦμνον
380 3945 466 3996 καὶ
493 3946 591 4016 τὴν
612 3954 775 4020 τιμὴν
805 3957 1102 4014 ἀποδίδωσι
1129 3967 1390 4038 σήμερον.

245 4030 576 4136 ςιίμήσωμεν
623 4041 715 4096 οὖν
775 4049 865 4099 καὶ
909 4053 1096 4122 ἡμεῖς,
1125 4030 1376 4128 dissipat,
1411 4065 1536 4129 τοὺς
1560 4066 1750 4136 ἁγίους

168 4121 260 4174 τοῦ
296 4125 454 4180 Θεοῦ.
491 4130 808 4206 Τιμήσομεν
853 4121 1111 4215 δείπῶω
1167 4121 1293 4204 Ἐὰν
1339 4121 1480 4210 κατὰ
1514 4121 1750 4230 μίμησιν

173 4215 394 4268 ἐκείνων
441 4219 772 4294 καθάρωμεν
806 4232 1033 4299 ἑαυτοὺς
1079 4240 1188 4292 ἀπὸ
1221 4245 1424 4310 παντὸς
1461 4250 1747 4320 μολυσμοῦ

177 4309 369 4377 σαρκὸς
400 4313 492 4365 καὶ
522 4316 852 4388 πνεύματος,
890 4332 982 4382 καὶ
1022 4331 1352 4407 ἀποστῶμεν
1411 4341 1522 4394 τῶν
1554 4347 1744 4400 κακῶν

170 4405 297 4467 τέως
327 4407 418 4459 διὰ
438 4409 538 4477 τῆς
569 4414 776 4487 ἀποχῆς
799 4420 1005 4477 τούτων
1053 4429 1191 4499 πρὸς
1224 4405 1542 4509 αγιωσύνην
1574 4443 1737 4514 φερό-

165 4511 312 4562 μενοι
333 4514 348 4528 ·
383 4499 478 4551 ἐὰν
508 4504 812 4577 παύσωμεν
839 4515 940 4584 τὴν
962 4517 1219 4585 γλῶσσαν
1251 4528 1411 4595 ήμῶν
1435 4531 1543 4584 ἀπὸ
1567 4535 1735 4603 ὅρκου

157 4589 250 4640 καὶ
281 4591 598 4661 ἐπιορκίας,
649 4599 918 4669 ληρωδίας
946 4627 1006 4661 τε
1041 4614 1138 4666 καὶ
1182 4589 1472 4689 λοιδορίας,
1517 4589 1612 4676 καί
1663 4628 1733 4680 τὰ

147 4681 305 4752 χείλη
329 4685 493 4751 ἡμῶν
521 4689 628 4742 ἀπὸ
653 4693 882 4761 ψεύδους
906 4701 1001 4753 καὶ
1035 4681 1558 4776 συκοφαντίας-,καὶ
1588 4717 1732 4784 οὕτω

143 4773 248 4878 τὴν
268 4774 547 4878 εήφημίαν
567 4782 747 4849 αὐτοῖς
776 4793 1168 4867 προσάγωμεν.
1186 4773 1339 4855 -Ἑὰν
1369 4773 1426 4858 δέ
1457 4808 1531 4878 μὴ
1561 4776 1734 4876 οὕτως

142 4863 377 4928 ἑαυτοὺς
408 4869 757 4943 καθάρωμεν,
786 4879 1141 4954 ἀκουσόμεθα
1187 4891 1417 4960 δικαίως
1457 4917 1494 4950 π

137 4955 254 5007 τῶν
281 4959 378 5008 καὶ
415 4961 568 5029 ήμῶν
594 4965 824 5034 ἕκαστος
855 4973 1043 5031 ἐκεῖνα
1068 4979 1135 5032 τὰ
1165 4983 1259 5036 τοῦ
1293 4986 1430 5041 Θεοῦ
1468 4992 1605 5059 πρὸς
1638 4995 1730 5048 τὸν

144 5046 469 5152 ἁμαρτωλὸν
522 5057 774 5129 ῥήματαο
815 5063 931 5121 Ἵνα
961 5069 1016 5121 τί
1069 5075 1278 5146 τολμᾷς
1311 5046 1729 5152 ἀναλαμϐάνειν

145 5139 236 5190 ἐπὶ
270 5145 518 5213 μνήμης,
566 5154 658 5204 καὶ
695 5153 871 5211 λαλεῖν
914 5161 1004 5215 διὰ
1054 5139 1302 5240 γλώττης
1336 5174 1431 5227 καὶ
1482 5139 1622 5232 αὐτὰ
1657 5139 1727 5232 τίι

145 5232 247 5334 τεῖιν
275 5236 450 5304 ἁγίων
477 5241 736 5313 ὀνόματα,
775 5253 866 5305 καὶ
891 5254 1200 5325 διηγεῖσθαι
1235 5232 1334 5333 τὴν
1374 5267 1556 5338 πάσης
1589 5273 1723 5341 ἀρε-

142 5323 239 5430 τῆς
270 5329 373 5430 καί
406 5331 776 5405 καθαρότητος
824 5323 1303 5424 πεπληρωμένην.
1332 5323 1724 5430 lis-0:61.51

138 5415 451 5490 διαγωγήν;
512 5427 582 5479 Σὺ
617 5431 671 5481 δὲ
705 5434 974 5505 ἐμίσησας
1007 5444 1100 5494 τὶν
1153 5447 1414 5516 ἐνάρετον
1458 5452 1596 5522 βίον,
1628 5458 1720 5509 καὶ

141 5507 246 5561 ὀιτὼ
277 5516 476 5569 σαυτοῦ
509 5520 607 5588 τὴν
638 5524 736 5592 τῆς
763 5525 940 5599 ψυχῆς
961 5533 1052 5586 καὶ
1073 5535 1167 5588 τοῦ
1196 5537 1454 5608 σώματος
1477 5544 1720 5599 ἀπεδίω·

148 5600 234 5663 ξας
255 5605 621 5682 καθαρότητα.
664 5633 684 5667 1
721 5618 1057 5694 Εἰὲθεώρεις
1090 5600 1354 5700 κλέπτην,
1393 5600 1720 5707 σῦνέτρεχες

153 5692 297 5762 ιὺτῷ,
334 5703 426 5751 καὶ
461 5706 602 5768 μετὲι
640 5709 830 5777 μοιχοῦ
992 5719 1190 5787 μερίδα
1227 5692 1349 5774 σου
1373 5692 1574 5789 ὲτίθειξ
1603 5692 1721 5782 ἠτδ

155 5786 310 5854 stripe
340 5809 432 5846 σου
457 5798 755 5870 ἐπλεόνασε
793 5811 1013 5874 κακίας,
1045 5816 1136 5866 καὶ
1171 5815 1203 5885 ή
1236 5816 1459 5884 γλῶσσά
1488 5838 1580 5874 σου
1623 5841 1719 5876 πε-

223 5909 262 5942 ⁷⁰
291 5910 450 5971 Juau.
481 5933 617 5986 xvii,
665 5921 757 5976 20.

382 6012 660 6075 Parnm"
703 6019 817 6080 Gn.
856 6007 982 6085 CLI

1856 3355 2144 3414 postquam
2199 3347 2312 3402 haec
2347 3351 2530 3403 omnia
2577 3351 2817 3408 laudavit
2854 3354 2944 3409 Dei
2986 3359 3249 3428 Ecclesia,
3285 3365 3449 3422 hodie

1857 3436 2080 3506 insnper
2102 3448 2295 3492 uetera
2316 3441 2623 3509 produceus
2652 3445 2927 3516 simulque
2959 3453 3279 3518 ostendens,
3313 3471 3448 3525 quot

1853 3537 1908 3582 ct
1949 3528 2138 3597 quales
2179 3530 2389 3586 fructus
2435 3533 2486 3585 in
2533 3536 2696 3590 vitam
2731 3547 2988 3594 teteruam
3025 3551 3442 3614 c0ngregaverit

1852 3617 2068 3674 Domini
2104 3630 2157 3676 et
2189 3622 2280 3676 Dei
2320 3633 2373 3679 et
2398 3625 2695 3682 Salvatoris
2727 3631 2898 3684 nostri
2933 3631 3061 3687 Jesu
3098 3636 3301 3691 Christi
3337 3641 3437 3692 ad~

1855 3722 2070 3778 ventus,
2109 3728 2321 3768 necnon
2377 3717 2550 3771 virtus
2599 3721 2933 3777 sanetissimi
2989 3726 3246 3795 Spiritus,
3321 3746 3444 3783 om~

1857 3801 2007 3856 nium
2049 3802 2212 3857 simul
2241 3815 2556 3861 sanctorum
2593 3813 2914 3865 memoriam
2952 3813 3110 3881 facit,
3147 3819 3438 3876 omnibus-

1857 3909 1962 3964 que
1987 3895 2247 3966 hymnum
2289 3907 2343 3953 ct
2376 3899 2639 3954 honorem
2675 3903 2776 3958 hac
2811 3905 2897 3958 die
2935 3910 3217 3976 persolvit.

1922 4075 2030 4130 Nos
2079 4093 2320 4148 quoque,
2359 4080 2580 4149 fratres,
2617 4084 2667 4137 in
2719 4086 2926 4142 honore
2963 4089 3262 4149 habeamus
3312 4114 3441 4152 san-

1850 4177 1968 4224 ctos
2004 4169 2119 4224 Dei.
2156 4172 2225 4226 At
2268 4176 2545 4241 quomodo
2585 4177 2794 4234 honore
2847 4182 3208 4240 habt-bimus?
3255 4188 3308 4242 Si
3345 4207 3438 4245 eo.-

1850 4259 2044 4314 imitati
2086 4264 2448 4319 emundemus
2495 4284 2595 4322 nos
2645 4271 2713 4323 ab
2761 4274 2911 4328 omni
2957 4280 3118 4332 sorde
3155 4284 3338 4336 carnis
3381 4295 3436 4338 et

1846 4353 2094 4420 spiritus,
2129 4370 2159 4408 a
2191 4357 2348 4413 malis
2399 4359 2776 4418 abstineamus
2823 4365 3001 4421 donec
3038 4385 3130 4436 per
3161 4371 3302 4428 hanc
3339 4377 3435 4429 ah-

1845 4446 2162 4500 stincntiam
2220 4447 2287 4501 ad
2337 4464 2531 4504 eorum
2578 4456 3002 4513 sanctimoniam
3052 4461 3312 4522 feramur.
3374 4471 3433 4525 Si

1838 4537 2022 4609 lingua
2043 4551 2228 4595 nostra
2259 4558 2284 4595 a
2312 4543 2646 4613 iuramentis
2695 4559 2748 4604 et
2771 4552 3030 4620 pcrjuriis
3059 4559 3346 4625 quieverit,
3380 4566 3429 4618 si

1837 4646 1866 4684 a
1894 4633 2221 4703 vaniloquiis
2252 4644 2306 4689 et
2329 4639 2664 4708 opprobriis,
2697 4641 2742 4696 si
2774 4643 2914 4697 labia
2938 4657 3125 4703 nostra
3145 4666 3244 4704 nec
3274 4668 3422 4706 men-

1835 4724 2048 4778 dacium
2107 4742 2285 4796 neque
2350 4731 2762 4798 sycophantiam
2829 4735 3011 4792 locuta
3073 4740 3296 4811 fuerint,
3353 4746 3427 4800 ita

1835 4817 2022 4871 Iaudes
2070 4819 2244 4874 bonas
2279 4821 2359 4875 eis
2391 4826 2792 4891 persolvemus.
2840 4828 2895 4882 Si
2937 4841 3120 4886 autem
3174 4849 3423 4892 nosmet-

1462 4900 1587 4969 παρ’
1623 4903 1726 4954 αὐ·
1758 4887 1809 4948 Ῑ)
1838 4908 1988 4978 ipsos
2025 4909 2105 4965 sic
2157 4926 2265 4964 non
2299 4916 2799 4981 emendaverimus,
2830 4919 2954 4989 jure
2986 4925 3186 4996 singuli
3229 4930 3299 4984 ab
3345 4932 3427 4988 eis

1829 5001 2116 5058 audiemus
2137 5020 2198 5059 ea
2233 5021 2354 5075 qua:
2389 5007 2530 5062 Deus
2561 5015 2834 5079 peccatori
2860 5017 2993 5071 dicit
3017 5021 3180 5076 verba
3216 5042 3230 5080 :
3269 5042 3286 5074 ι
3324 5026 3426 5082 Ut-

1825 5091 1956 5160 quid
1988 5109 2156 5148 ausus
2186 5111 2242 5150 es
2272 5097 2325 5149 in
2351 5101 2671 5155 memoriam
2692 5118 2979 5162 assumere
3002 5119 3058 5164 et
3082 5111 3262 5182 lingua
3293 5130 3424 5184 pro-

1825 5187 1970 5253 ferre
2031 5197 2349 5244 sanctorum
2403 5194 2646 5261 nomina,
2707 5198 3035 5271 plenamque
3094 5205 3310 5263 virtutis
3367 5222 3423 5262 et

1829 5281 2113 5334 munditia:
2137 5286 2612 5342 conversationem
2640 5307 2830 5346 eorum
2853 5299 3153 5353 enarrare?
3178 5299 3258 5355 'l‘u
3289 5317 3420 5357 vero

1824 5370 1951 5426 odio
1980 5374 2203 5440 probam
2242 5377 2477 5433 habebas
2506 5380 2694 5450 vitam,
2727 5392 2780 5438 et
2804 5386 2964 5457 longe
2991 5404 3018 5442 a
3055 5400 3105 5445 te
3131 5393 3330 5448 animae
3363 5407 3418 5449 et

1824 5466 2073 5531 corporis
2121 5466 2330 5536 ejecisti
2383 5473 2730 5530 munditiam.
2777 5495 2799 5536 ι
2857 5477 2913 5532 Si
2948 5481 3172 5538 videbas
3214 5485 3414 5550 furem,

1822 5557 2084 5610 eurrebas
2104 5573 2226 5612 cum
2268 5576 2359 5628 eo,
2389 5573 2443 5618 et
2471 5579 2596 5620 cum
2630 5568 2893 5625 adulteris
2930 5575 3231 5641 portionem
3262 5585 3412 5631 tuam

1821 5649 2083 5715 ponebas.
2113 5653 2183 5706 Os
2227 5661 2379 5708 tuum
2415 5657 2714 5715 abundavit
2744 5665 2972 5731 malitia,
3001 5676 3055 5721 et
3093 5668 3276 5739 lingua
3316 5677 3410 5724 tua

1822 5741 2184 5799 concinnabat
2227 5747 2401 5803 dolos.
2435 5748 2647 5807 Sedens
2680 5755 2946 5812 adversus
2993 5759 3216 5815 fratrem
3252 5772 3404 5815 tuum

1822 5829 2162 5902 loquebaris,
2203 5847 2256 5894 et
2307 5839 2571 5898 adversus
2602 5845 2774 5900 lilium
2810 5853 3004 5906 matris
3041 5863 3144 5906 tua:
3171 5853 3412 5923 pnuebal

2897 6069 2964 6129 11
