4014 6426
171 349 289 414 333

1524 343 1850 404 HOMlLlA
1895 343 2103 406 XXVI.

3356 345 3458 408 33!

179 473 528 544 ὑπερέχουσι
563 469 619 524 δὲ
681 469 929 539 ἀλλήλων
984 469 1010 520 ὁ
1043 469 1140 537 μὲν
1172 465 1249 536 τῷ
1304 465 1550 537 μεγέθει,
1580 467 1608 518 ὁ
1629 463 1686 517 δὲ
1714 465 1778 534 τῇ

1888 465 2099 534 gentia,
2149 472 2203 518 et
2247 463 2382 518 inest
2433 465 2598 519 homo
2645 464 2792 520 velut
2825 465 3119 520 thesaurus
3168 466 3222 521 iu
3261 467 3468 524 mundo

178 567 438 619 συνέσει.
469 564 578 618 Καὶ
617 561 862 614 σύνεστιν
896 562 923 612 ὁ
951 556 1778 630 ἄνθρωπος’ἐντεθησαυρισμέ-

177 677 276 722 νος
313 659 397 728 τῷ
428 659 640 727 κόσμῳ,
677 655 929 725 καθάπερ
961 656 1018 707 ἐν
1050 653 1197 724 οίκίᾳ
1233 654 1448 727 μεγάλῃ
1481 652 1780 706 πολύολϐόν

171 769 236 806 τι
263 753 486 823 χρῆμα,
515 750 694 818 πολλῷ
726 748 801 818 τῷ
824 750 1009 818 μέτρῳ
1027 746 1122 800 τοῦ
1151 747 1500 817 περιέχοντος
1521 745 1781 799 ὀλϐιώτε-

177 862 314 914 ρον,
343 845 440 895 καὶ
468 836 580 895 οἷον
616 841 672 891 ἐν
705 839 1003 908 βασιλείοις
1053 836 1308 909 βασιλική
1346 853 1430 899 τις
1468 835 1638 903 σκευὴ
1662 852 1782 886 ποι-

180 938 322 1005 κίλη
352 938 443 989 καὶ
475 934 841 1003 πολυτίμη·ος
860 949 873 963 ο
901 932 969 985 τὰ
1004 931 1102 1001 μὲν
1128 930 1238 1000 γὰρ
1273 929 1552 999 μεγίστοις
1590 928 1778 994 λίθοις,

178 1029 313 1083 ἀλλ’
345 1028 570 1089 εὐώνοις
616 1027 708 1079 καὶ
745 1026 858 1088 τοῖς
896 1023 1175 1094 τυχοῦσιν,
1210 1024 1244 1094 ἡ
1283 1022 1340 1075 δέ
1375 1023 1614 1093 μικροῖς,
1646 1019 1784 1073 ἀλλὰ

182 1121 589 1190 δυσπορίστοις
631 1119 725 1172 καὶ
780 1116 1173 1186 πολυτιμήτοις
1197 1115 1548 1168 ἐσκεύασται.
1612 1113 1784 1166 Πόσον

181 1213 438 1284 οὐρανοῦ
475 1211 738 1282 κρείττων
791 1210 818 1260 ὁ
872 1206 1215 1277 ἀνθρώπινος
1245 1204 1392 1268 νοῦς,
1437 1203 1498 1263 ὃς
1526 1202 1692 1256 είκών
1725 1203 1784 1254 τέ

188 1309 321 1359 ἐστι
363 1305 525 1367 Θεοῦ,
553 1305 647 1356 καὶ
675 1301 809 1354 Θεὸν
837 1297 969 1364 οἶδε,
995 1298 1088 1350 καὶ
1113 1298 1275 1368 μόνος
1311 1297 1420 1348 τῶν
1447 1295 1782 1366 ἐγκοσμίων,

185 1400 252 1452 εἰ
294 1398 572 1467 βούλεται,
619 1395 856 1462 γίνεται,
913 1391 1309 1460 συναναφέρων
1365 1389 1426 1443 τὸ
1468 1387 1628 1458 σῶμα
1684 1388 1786 1456 τῆς

190 1488 614 1549 ταπεινώσεως.
649 1486 821 1538 Πόσον
863 1482 1117 1552 αἴσθησις
1154 1479 1470 1550 ἀνθρωπίνη
1502 1480 1786 1549 διηνήνοχε

190 1581 337 1649 γῆς,
398 1581 432 1652 ἢ
465 1581 537 1649 μὴ
573 1579 734 1646 μόνον
767 1576 982 1645 μέτρων
1016 1573 1114 1626 καὶ
1170 1573 1473 1639 ποιοτήτων
1524 1569 1789 1624 ποικίλων

192 1671 416 1741 ταύτης
447 1667 928 1736 ἀντιλαμϐάνεται,
965 1665 1081 1717 ἀλλ’
1112 1663 1218 1734 ήδη
1247 1664 1341 1716 καὶ
1381 1663 1488 1715 τᾶν
1519 1663 1789 1733 οὐρανίων

189 1767 385 1838 ἥψατο
414 1769 480 1836 τῇ
505 1763 704 1832 γνώσει
730 1759 1001 1830 σφαιρῶν,
1035 1758 1128 1811 καὶ
1154 1759 1425 1828 κινήσεων
1450 1758 1647 1828 ᾔσθετο
1677 1757 1792 1826 δια-

195 1863 418 1932 φόρων,
467 1859 566 1912 καὶ
619 1855 861 1924 πολυσχή
874 1871 1027 1924 μους,
1059 1853 1201 1922 τάχα
1226 1852 1282 1905 δὲ
1318 1855 1411 1904 καὶ
1439 1852 1793 1920 πολυσημάιτ-

198 1971 335 2018 ’τους
367 1952 615 2013 συνόδους
647 1949 865 2014 ἄστρων
894 1964 952 1998 τε
986 1946 1077 1998 καὶ
1103 1947 1354 2014 ἀστέρων
1383 1944 1524 2012 ἔγνω
1549 1946 1644 1998 καὶ
1670 1946 1791 1997 δια-

201 2047 457 2108 στάτεις,
490 2041 786 2096 κάντεῦθεν
822 2042 941 2101 ταῖς
972 2038 1114 2091 κατὰ
1143 2037 1269 2090 νοῦν
1306 2039 1640 2106 ἐπιστήμαις
1692 2037 1792 2107 τὴν

195 2136 388 2205 ἀρχὴν
419 2135 728 2204 ἐχαρίσατο.
761 2131 872 2184 Καὶ
893 2129 960 2181 τὰ
999 2128 1204 2196 μεταξὺ
1236 2127 1280 2180 δ’
1312 2128 1546 2198 οὐρανοῦ
1572 2129 1664 2179 καὶ
1688 2128 1792 2196 γῆς

201 2228 323 2280 τῶν
354 2228 412 2277 ἐν
439 2223 674 2294 μεθορίῳ
699 2221 790 2275 νοῦ
816 2223 908 2275 καὶ
936 2219 1243 2290 αἰσθήσεως
1281 2220 1489 2273 ἐλάττω
1516 2221 1658 2272 κατὰ
1691 2220 1792 2290 τὴν

204 2322 371 2388 ἀξίαν
403 2318 540 2383 ἐστὶ,
579 2317 760 2384 λόγοις
811 2314 1104 2380 ἀναλογίας
1141 2315 1268 2366 ὄντα
1319 2313 1512 2380 ταυτὶ,
1551 2314 1644 2366 καὶ
1678 2316 1792 2377 τοῖς

203 2413 556 2481 περιέχουσιν
579 2409 763 2476 ὄγκοις
792 2408 872 2460 ὅτι
907 2407 1141 2475 μάλιστα
1163 2406 1514 2475 διαφέροντα.
1549 2406 1794 2459 Κατεκὸα

190 2519 396 2573 ,σμησε
424 2502 532 2569 γὰρ
559 2501 657 2570 τὴν
714 2500 992 2569 ἡμετέραν
1044 2497 1206 2565 φύσιν
1260 2501 1287 2550 ὁ
1323 2497 1454 2560 Θεὸς
1485 2496 1680 2560 οὕτως,
1715 2500 1791 2561 ὡς

207 2595 420 2648 οἰκείαν
470 2592 733 2661 ἐσομένην
767 2591 1061 2662 περιϐολήν
1083 2605 1096 2618 ο
1151 2589 1452 2660 ἐπειδήπερ
1480 2592 1544 2642 ἐκ
1580 2590 1791 2658 παρθε-

207 2687 379 2742 νικῶν
408 2686 654 2756 αἱμάτων
685 2682 1000 2738 ἐνδύσεσθαι
1027 2680 1230 2750 ταύτην
1247 2681 1462 2749 ἔμελλε,
1491 2682 1580 2733 καὶ
1603 2698 1789 2751 κρειτ-

204 2781 379 2842 τόνως
411 2777 864 2848 μετασκευάσειν,
893 2775 987 2828 καὶ
1011 2775 1124 2828 ἄνω
1149 2773 1359 2845 θήσειν,
1391 2775 1649 2845 ὑπεράνω
1681 2773 1790 2826 πά-

208 2889 316 2942 σης
341 2871 517 2942 ἀρχῆς
556 2870 650 2924 καὶ
680 2868 950 2933 ἐξουσίας,
1004 2867 1101 2921 καὶ
1153 2867 1354 2928 παντὸς
1382 2866 1646 2936 ὀνόματος
1675 2867 1792 2920 ὀνο-

191 2963 546 3034 μαζομένου,
571 2960 680 3014 είτε
704 2963 762 3012 ἐν
789 2959 870 3029 τῷ
898 2959 993 3012 νῦν
1016 2957 1196 3024 αίῶνι,
1227 2957 1338 3011 εἴτε
1371 2959 1427 3010 ἐν
1461 2957 1536 3027 τῷ
1564 2958 1789 3026 μέλλον-

207 3074 280 3110 τι.
315 3055 488 3108 Τοῦτο
515 3055 577 3124 δὴ
610 3056 703 3106 καὶ
729 3051 1137 3122 προοικονομῶν
1172 3051 1351 3118 σοφῶς
1398 3048 1515 3119 ἆμα
1543 3051 1638 3102 καὶ
1669 3050 1790 3118 φιλ-

1883 557 2123 613 insertus
2155 557 2617 627 quemadmodum
2679 559 2732 612 in
2772 574 2966 629 magna
3011 559 3174 615 domo
3206 575 3340 630 Opes
3371 576 3465 616 suo
3529 550 3534 555 ’

1882 651 2062 719 pet-bac
2092 651 2264 704 multa
2290 651 2488 706 domus
2516 650 2849 708 continentis
2877 668 3134 707 mensura
3171 653 3469 723 pretiosio-

1885 758 1994 798 res.
2029 742 2094 796 Et
2128 743 2354 813 perinde
2387 759 2450 798 ac
2475 744 2527 797 in
2548 744 2765 814 palatiis
2793 746 2935 801 mdes
2960 747 3119 818 regim
3151 748 3314 801 variae
3337 757 3467 802 sunt

1885 844 1938 890 et
1991 835 2244 904 pretiosa:
2279 853 2293 889 :
2327 835 2433 890 alia
2466 835 2610 890 enim
2647 837 2956 908 ingentibus
2987 849 3242 894 constant
3270 839 3470 909 lapidi-

1886 931 2009 994 bus,
2036 929 2130 984 sed
2159 929 2356 983 vilibus
2377 940 2426 982 et
2448 929 2593 998 parvi
2628 931 2817 999 pretii;
2842 931 2947 984 alia
2980 947 3108 985 vero
3137 932 3337 1001 parvis,
3372 933 3467 987 sed
3507 983 3509 985 ,

1886 1018 2506 1087 charisetsnmptuosis.
2534 1017 2811 1085 Quantum
2841 1023 2979 1076 coelo
3005 1025 3281 1078 antecellit
3314 1041 3468 1078 mens

1889 1113 2124 1166 humana
2161 1128 2284 1182 qua:
2315 1119 2399 1166 est
2433 1112 2610 1182 imago
2638 1112 2752 1179 Dei,
2790 1114 3070 1184 Deumque
3101 1117 3298 1183 noscit,
3339 1126 3392 1171 et
3423 1118 3471 1172 si

1890 1207 2044 1272 velis,
2078 1207 2228 1261 solus
2259 1207 2599 1260 terrestrium
2637 1207 2800 1272 Deus,
2835 1207 3234 1264 circumferens
3268 1225 3470 1278 corpus

1891 1299 2251 1354 humilitatis?
2293 1298 2570 1365 Quantum
2628 1314 2828 1357 sensus
2887 1303 3163 1356 humanus
3211 1302 3392 1356 diliert
3440 1320 3473 1358 a

1891 1400 2038 1447 terra
2068 1391 2162 1461 qui
2184 1408 2284 1446 nec
2318 1388 2528 1446 tantum
2570 1393 2788 1448 telluris
2823 1410 3111 1450 mensuras
3138 1403 3192 1450 et
3225 1395 3474 1452 diversas

1893 1484 2124 1555 percipit
2152 1499 2368 1554 operas,
2406 1485 2499 1540 sed
2534 1493 2589 1538 et
2633 1485 2887 1542 caelestes
2921 1488 3139 1558 attingit
3189 1489 3372 1552 Orbcs,
3416 1500 3474 1543 et

1893 1579 2074 1633 varios
2123 1575 2598 1648 ntultiformesque
2631 1594 2822 1633 eorum
2856 1589 3037 1634 motus
3087 1581 3473 1651 apprehendit.

1889 1686 2104 1726 necnon
2163 1672 2459 1724 multorum
2514 1671 2716 1726 indicia
2775 1674 3476 1744 casnum,conjunctiones

1893 1764 2178 1819 stellarum
2216 1773 2270 1816 et
2307 1763 2546 1817 siderum
2596 1779 2896 1834 eorumque
2941 1765 3284 1831 discrimina,
3333 1768 3480 1822 unde

1897 1855 2289 1912 intellectualcs
2333 1856 2620 1911 doctorum
2687 1859 3106 1927 supputationes
3156 1871 3482 1916 mutuantur

1895 1951 2200 2022 originem:
2233 1951 2545 2021 pariterque
2576 1952 2753 2006 media
2779 1952 2920 2006 inter
2949 1955 3144 2008 coelum
3187 1965 3240 2010 et
3270 1967 3478 2014 terram

1896 2045 2129 2100 minoris
2161 2054 2290 2100 sunt
2325 2046 2709 2100 a-stimationis
2742 2062 2806 2101 ac
2833 2063 2896 2102 ea
2921 2064 3040 2118 quae
3076 2059 3201 2103 sunt
3225 2051 3277 2103 in
3308 2050 3482 2106 limite

1895 2152 2091 2192 sensus
2123 2145 2176 2191 et
2203 2138 2402 2192 mentis
2443 2154 2562 2192 eum
2595 2142 2705 2193 sint
2752 2141 2855 2194 sub
2887 2143 3078 2197 eadem
3118 2145 3326 2200 ratione
3350 2161 3482 2200 con-

1896 2231 2156 2300 gruentim
2203 2245 2267 2283 ac
2304 2246 2532 2300 corpora
2587 2232 2785 2300 quibus
2833 2232 3132 2290 intersunt.
3184 2239 3274 2294 Sic
3331 2242 3480 2295 enim

1899 2323 2040 2376 Deus
2087 2331 2331 2377 nostram
2397 2325 2684 2379 exornavit
2722 2334 2972 2381 naturam
3024 2331 3181 2398 quasi
3228 2332 3478 2390 futurum

1895 2414 2016 2483 ejus
2049 2415 2429 2470 indumentum
2464 2431 2626 2485 quam
2672 2433 2740 2471 ex
2780 2419 3028 2487 virginali
3081 2424 3347 2491 sanguine
3380 2427 3480 2478 de-

1896 2505 2062 2559 bebat
2092 2505 2320 2558 induere
2357 2513 2414 2558 et
2445 2505 2498 2559 in
2541 2506 2734 2561 melius
2762 2517 3125 2574 commutare,
3164 2521 3217 2566 ct
3241 2529 3480 2582 superne

1894 2596 2164 2650 cellocare
2191 2611 2356 2665 super
2391 2611 2611 2650 omnem
2650 2597 3016 2667 principatum
3051 2610 3107 2655 et
3148 2612 3474 2672 potestatem

1893 2699 1947 2742 et
1975 2703 2136 2742 omne
2168 2703 2365 2742 nomen
2395 2689 2734 2744 nominatum
2761 2691 2878 2746 sive
2911 2692 2962 2746 in
2994 2697 3250 2761 praesenti
3278 2700 3478 2753 sa'culo

1893 2779 2011 2833 sive
2048 2779 2098 2830 in
2140 2776 2347 2833 futuro.
2391 2779 2546 2844 Quod
2581 2782 2878 2851 praesciens
2911 2795 2966 2838 et
3003 2788 3297 2854 providens
3334 2789 3479 2847 Deus

1892 2871 2167 2938 sapienter
2212 2871 2376 2926 simul
2414 2880 2468 2926 et
2512 2873 2824 2929 humaniter
2869 2877 2943 2932 ita
2983 2894 3104 2933 eam
3157 2883 3343 2937 multis
3377 2901 3478 2940 seu

1891 2964 2074 3034 porius
2131 2964 2560 3021 multiformibus
2588 2967 2868 3024 decoravit
2899 2971 3197 3028 beneficiis.
3219 2977 3478 3046 Propter-

1891 3067 1956 3107 ea
2005 3054 2170 3108 etiam
2221 3053 2467 3124 duplices
2494 3072 2587 3111 seu
2613 3059 2789 3126 potius
2827 3061 3157 3131 multiplices
3198 3068 3354 3123 nobis
3382 3071 3479 3124 de-

203 3150 537 3220 ανθρώτ-αος,
583 3144 726 3199 οὕτω
781 3145 1027 3212 πολλαῖς,
1083 3142 1287 3214 μᾶλλον
1316 3143 1371 3196 δὲ
1416 3143 1785 3206 παντοδαπαῖς

1892 3145 1972 3199 dit
2019 3147 2386 3215 cOgnosceudi
2437 3147 2768 3217 facultates;
2828 3151 3092 3219 mentem,
3150 3173 3369 3214 sensum
3421 3175 3477 3216 ct

204 3241 382 3310 αὐτὴν
417 3239 642 3308 ἐτίμησε
667 3237 888 3307 χάρισιν
908 3251 923 3266 ⁸
949 3234 1139 3306 ἐπειδὴ
1170 3234 1226 3288 δέ
1262 3235 1354 3287 καὶ
1393 3233 1606 3300 διπλᾶς,
1649 3235 1789 3304 μᾶλς

205 3329 298 3381 λον
331 3327 386 3379 δέ
427 3326 522 3378 καὶ
559 3326 870 3386 πολλαπλᾶς
919 3326 1051 3394 ἡμῖν
1103 3325 1272 3378 ἐδωκε
1324 3324 1424 3387 τὰς
1475 3326 1786 3393 γνωστικὰς

204 3417 490 3487 δυνάμεις,
520 3416 646 3470 νοῦν
672 3433 730 3468 τε
763 3419 856 3470 καὶ
886 3415 1160 3486 αἴσθησιν,
1204 3415 1300 3468 καὶ
1339 3414 1409 3468 τὰ
1445 3414 1649 3485 μεταξὺ
1683 3433 1784 3485 χα-

209 3513 519 3584 ρισάμενος,
546 3511 636 3563 διὰ
664 3509 822 3564 τοῦτο
853 3509 947 3564 καὶ
974 3509 1085 3563 τῶν
1112 3510 1192 3573 είς
1215 3507 1417 3578 γνῶσιν
1451 3508 1547 3562 καὶ
1579 3510 1782 3580 πρᾶξιν

209 3602 435 3671 ποίηκεν
467 3601 714 3654 ἕκαστον.
1177 3609 1180 3614 ’

285 3694 482 3760 Θέρους
505 3690 597 3743 οῦν
630 3692 832 3761 ἀρτίως
863 3690 1012 3744 ἐστὶν
1044 3689 1287 3753 ἐπέτειος
1333 3688 1472 3762 ὥρα,
1507 3689 1603 3744 καὶ
1630 3688 1788 3760 θέρος

237 3784 336 3835 οὐκ
362 3786 412 3834 ἐν
443 3785 569 3853 ἡμῖν
597 3797 610 3811 °
649 3785 708 3836 οὐ
753 3785 860 3852 γὰρ
885 3783 1145 3853 αἰσθητὸν
1192 3784 1378 3853 μόνον,
1410 3787 1547 3841 ἀλλὰ
1577 3787 1671 3840 καὶ
1701 3787 1789 3840 λο-

227 3875 377 3942 γικὸν
405 3879 484 3928 καὶ
518 3876 893 3946 πνευματικὸν
943 3869 1080 3946 παρ’
1129 3877 1265 3946 ἡμῖν
1302 3877 1420 3931 ἐστι
1454 3879 1650 3950 θέρος,’
1693 3881 1790 3934 καὶ

219 3969 325 4022 τῶν
360 3969 605 4022 τοιούτων
665 3970 926 4038 ἐκατέρου
978 3969 1172 4038 θέρους
1224 3971 1416 4040 καιρὸς
1455 3972 1484 4022 ὁ
1537 3973 1785 4026 ἐνιαυτοῦ

216 4061 405 4120 κύκλος
432 4062 594 4122 ἅπας.
626 4060 741 4113 Νῦν
774 4058 866 4112 οὖν
891 4063 1012 4113 ἐπεὶ
1040 4062 1149 4114 τῶν
1179 4061 1273 4114 τοῦ
1308 4062 1456 4133 ίεροῦ
1482 4063 1786 4134 περιϐόλων

209 4153 356 4214 ἐντος
419 4151 703 4220 ἱστάμεθα,
766 4154 962 4223 μικρὸν
1016 4151 1396 4223 ἀνακύψαντες
1421 4155 1656 4220 ἐκεῖθεν,
1689 4156 1787 4219 τὰς

207 4243 428 4308 ἐλπίδας
451 4243 536 4295 ἐπ’
566 4243 724 4295 αὐτὸν
749 4245 993 4314 σχῶμεν,
1045 4244 1140 4296 καὶ
1178 4244 1511 4314 μεταθέντες
1552 4245 1664 4299 ἄνω
1693 4247 1785 4299 τὸν

209 4335 476 4404 ἡμέτερον
526 4333 672 4396 νοῦν,
734 4334 830 4386 τοῦ
904 4333 1122 4401 λογικοῦ
1181 4351 1241 4386 τε
1279 4337 1373 4388 καὶ
1407 4334 1783 4403 πνευματικοῦ

210 4427 396 4493 θέρους
426 4428 482 4478 ἐν
536 4427 782 4496 περινοίᾳ
838 4424 1162 4495 γενώμεθα*
1207 4427 1336 4497 περὶ
1364 4421 1438 4480 ὧν
1471 4429 1566 4480 καὶ
1618 4429 1782 4498 ἡμεῖς

210 4520 358 4587 ὀλίγα
385 4519 642 4588 προςςτὴν
663 4519 932 4588 ὑμετέραν
956 4520 1179 4588 ἀγάπην
1203 4519 1438 4588 ἐροῦμεν
1467 4518 1585 4582 νῦν,
1616 4519 1787 4589 ἀφορ-

209 4612 312 4680 μὴν
338 4611 467 4680 ὑμῖν
497 4610 784 4662 κάντεῦθεν
815 4611 950 4681 πρὸς
979 4611 1257 4682 σωτηρίαν
1281 4611 1620 4680 πορίζοντες.
1643 4612 1787 4680 Ἐγὼ

205 4703 314 4771 γὰρ
350 4701 471 4754 καθ’
498 4702 732 4771 ἑκάστην
767 4703 860 4754 τοῦ
894 4703 1142 4756 ἐνιαυτοῦ
1180 4703 1450 4772 περίοδον,
1488 4703 1698 4774 ταύτης
1723 4703 1787 4774 δὴ

208 4795 307 4863 τῆς
339 4794 487 4866 ὧρας
541 4795 929 4864 ἐφισταμένης,
967 4797 1111 4874 ὁρῶδ)
1145 4797 1270 4858 τοὺς
1306 4796 1524 4858 πλείους
1552 4797 1657 4860 ἔξω
1689 4796 1786 4850 τοῦ

203 4887 414 4948 ἄστεως
441 4887 753 4956 χεομένονς,
780 4891 877 4942 καὶ
915 4891 1043 4959 περὶ
1080 4892 1140 4940 τὸ
1166 4891 1322 4958 θέρος
1352 4890 1670 4953 πονοῦντας,
1693 4890 1787 4942 καὶ

203 4980 298 5048 τὴν
329 4979 436 5031 τῶν
465 4979 692 5046 καρπῶν
715 4980 977 5050 συλλογὴν
997 4981 1090 5032 καὶ
1113 4981 1468 5050 συγκομιδὴν,
1503 4982 1778 5043 τοιούτους

201 5074 283 5124 ἐπ’
331 5070 571 5140 ἐμαυτοῦ
630 5073 848 5141 στρέφω
898 5074 1021 5135 τοὺς
1073 5073 1388 5142 λογισμοὺς,
1424 5074 1497 5137 ὡς
1523 5075 1647 5127 ἐπεὶ
1683 5073 1778 5126 καὶ

202 5164 355 5235 θέρος
384 5165 533 5217 ἐστὶν
593 5165 921 5234 ἀνθρώπων,
955 5166 1182 5227 τούτους
1231 5165 1498 5218 ἐκκόπτον
1537 5166 1644 5217 ἀπὸ
1681 5165 1778 5218 τοῦ

201 5257 463 5323 παρόντος
516 5257 855 5327 προσκαίρου
915 5258 1010 5310 καὶ
1061 5258 1469 5328 παραρρέοντος
1510 5257 1651 5326 βίου,
1686 5257 1780 5310 καὶ

204 5349 434 5414 μετάγον
485 5349 568 5410 εἰς
609 5347 798 5416 ἕτερον
843 5349 1108 5418 μέλλοντα
1144 5353 1236 5404 καὶ
1280 5351 1608 5419 διαμένοντα
1639 5352 1774 5423 βίον,

196 5428 296 5500 ἄρα
331 5435 415 5498 τίς
440 5437 569 5498 τοὺς
605 5438 846 5508 ἀψύχους
894 5440 1126 5511 θερίζων
1200 5442 1422 5513 στάχυς,
1476 5443 1508 5513 ἢ
1541 5444 1778 5514 θερίζειν

197 5526 400 5598 ἐτέρους
437 5529 830 5597 μισθούμενος,
883 5536 975 5584 καὶ
1014 5534 1138 5598 τοὺς
1173 5535 1418 5605 καρποὺς
1452 5535 1774 5606 ἐκλέγων,ἢ

196 5629 331 5695 παρὰ
360 5626 470 5678 τῶν
529 5623 869 5690 ἐκλεγόντων
916 5625 1251 5694 ὠνούμενος,
1284 5628 1380 5679 καὶ
1414 5611 1664 5694 συνάγων
1694 5628 1776 5689 εἰς

192 5719 487 5792 ἀποθήκην,
542 5719 640 5770 καὶ
678 5715 772 5768 τοῦ
830 5718 1118 5786 μέλλοντος
1151 5720 1314 5772 αὑτὸν
1353 5719 1774 5790 καταλήψεσθαι

190 5811 442 5884 θερισμοῦ
474 5811 678 5866 τούτου
722 5813 951 5864 ποιεῖται
990 5813 1235 5887 μνήμην,
1270 5814 1364 5866 καὶ
1388 5812 1667 5884 φροντίς-τι
1698 5812 1774 5883 τῷ

1821 3515 2204 3585 προκειμένων
2252 3518 2385 3586 ἡμῖν
2413 3521 2639 3576 διπλοῦν
2677 3540 2735 3576 τε

1900 3237 2073 3292 media
2125 3239 2268 3292 inter
2308 3240 2426 3310 ipsa
2469 3241 2722 3313 largitus,
2767 3245 2893 3300 item
2931 3264 3320 3322 quamcunque
3375 3271 3475 3324 po-

1897 3329 2188 3383 tentiarum
2233 3331 2298 3385 ad
2355 3333 2725 3402 cognitionem
2777 3348 2831 3392 et
2889 3342 3264 3407 operationem
3319 3349 3480 3402 nobis

1895 3418 2201 3476 infusarum
2241 3423 2512 3493 duplicem
2550 3427 2975 3498 multiplicemve
3004 3436 3308 3492 constituit.

2809 3526 2904 3578 καὶ
2977 3516 3319 3585 πολλαπλοῦν
3375 3552 3477 3587 πῖ-

1963 3691 2103 3745 Ecee
2149 3690 2303 3745 adest
2347 3701 2565 3760 tempus
2611 3697 2830 3759 messis.
2869 3707 2921 3755 et
2957 3703 3152 3758 messis
3204 3704 3256 3759 in
3316 3711 3475 3765 nobis

1888 3783 2063 3838 deest.
2093 3781 2212 3836 Non
2242 3783 2385 3838 enim
2412 3785 2689 3841 sensibilis
2724 3796 2959 3858 tantum,
2995 3795 3092 3847 sed
3121 3805 3171 3849 et
3207 3800 3474 3866 spiritua-

1889 3876 1958 3931 lis
1992 3877 2539 3946 mentalisquenobis
2571 3887 2655 3933 est
2694 3882 2907 3947 messis,
2941 3896 2994 3938 et
3027 3869 3315 3960 utriusque
3337 3909 3476 3948 mes-

1889 3969 1968 4024 sis
2007 3978 2220 4037 tempus
2248 3971 2375 4022 anni
2410 3971 2559 4026 orbis
2612 3981 2781 4029 totus.
2819 3974 2984 4046 Igitur
3010 3995 3110 4034 nos
3155 3983 3318 4038 hodie
3350 4001 3476 4041 cum
3505 3994 3524 4004 “

1891 4061 2064 4117 sacris
2099 4061 2314 4116 aedibus
2349 4063 2700 4120 continemur
2741 4074 2797 4121 et
2863 4068 2974 4124 Deo
3022 4083 3290 4142 astamus,
3334 4093 3474 4146 pau-

1887 4155 2061 4208 lulum
2109 4153 2236 4207 inde
2278 4163 2513 4210 mentem
2544 4157 2820 4228 erigentes
2854 4176 3004 4230 spem
3040 4167 3092 4217 in
3125 4182 3188 4219 eo
3224 4178 3472 4224 nostram

1885 4260 2175 4315 ponamus.
2197 4244 2374 4300 Mente
2398 4247 2463 4300 ad
2489 4263 2724 4316 superna
2757 4254 3042 4319 translata,
3068 4255 3118 4308 in
3144 4246 3477 4328 cogitatione

1885 4337 2265 4392 intellectualis
2319 4349 2373 4392 et
2427 4341 2731 4409 spirizualis
2800 4348 2995 4400 messis
3053 4364 3354 4417 versemur,
3409 4354 3477 4405 de

1883 4445 1988 4501 qtta
2026 4445 2123 4485 nos
2149 4431 2308 4484 hodie
2339 4447 2511 4500 pauca
2545 4443 2737 4488 vestrm
2759 4435 3012 4490 charitati
3038 4439 3285 4497 dicemus
3320 4461 3334 4501 ;
3368 4445 3476 4498 uti-

3320 4486 3334 4509 ⁷

1817 4507 1860 4565 ο
1891 4538 2012 4576 nam
2045 4522 2168 4577 inde
2213 4525 2393 4578 studia
2430 4527 2479 4578 in
2514 4525 2746 4579 salutem
2775 4530 3165 4588 accendamus.
3195 4533 3303 4604 Ego
3327 4537 3473 4590 enim

1889 4614 2122 4684 singulis
2177 4620 2303 4671 anni
2358 4619 2620 4688 periodis,
2659 4620 2989 4677 adveniente
3040 4625 3144 4680 hoc
3191 4637 3474 4698 tempore,

1888 4725 2011 4762 cum
2049 4711 2339 4779 plerosque
2371 4712 2527 4765 \idCO
2553 4721 2704 4766 extra
2739 4714 2929 4768 urbem
2954 4716 3181 4774 diffusos
3223 4731 3276 4775 et
3301 4723 3475 4778 labori

1890 4801 2274 4854 incumbentes
2309 4804 2505 4857 messis
2539 4819 2751 4858 necnon
2794 4805 3009 4877 frugum
3051 4810 3395 4868 collectionis
3418 4825 3476 4870 et

1888 4892 2347 4952 coacervatinnis,
2412 4893 2543 4946 istas
2587 4895 2640 4946 in
2710 4911 2795 4948 me
2839 4899 2996 4950 volvo
3036 4901 3400 4970 cogitationes
3454 4923 3470 4958 :

1877 4983 2078 5052 quippe
2105 4998 2229 5036 cum
2273 4984 2597 5039 adveniente
2641 4986 2924 5041 hominum
2959 5007 3160 5056 nuisse,
3199 5010 3472 5049 messores

1880 5076 1980 5128 hos
2013 5077 2305 5128 succidunt
2341 5079 2408 5129 ub
2441 5079 2538 5130 hac
2577 5082 2830 5147 praesenti
2871 5090 2924 5134 et
2955 5084 3305 5152 perefﬂuente
3339 5088 3468 5153 vita,

1879 5174 1928 5219 et
1964 5180 2059 5220 eos
2100 5167 2378 5221 adducunt
2408 5170 2461 5221 in
2500 5169 2728 5223 alteram
2764 5174 3003 5226 futuram
3045 5185 3096 5228 et
3138 5192 3472 5244 permanen-

1883 5265 1991 5311 tem
2023 5258 2213 5325 vitam,
2258 5260 2526 5328 numquid
2563 5271 2648 5316 est
2679 5279 2742 5317 ex
2773 5267 3101 5322 metentibus
3133 5269 3311 5336 spicas
3349 5269 3471 5322 iuu-

1885 5352 2079 5416 nimes,
2111 5351 2199 5405 vel
2230 5367 2295 5406 ex
2342 5353 2480 5408 alios
2521 5356 2958 5414 conducentibus
2995 5359 3062 5413 ad
3097 5375 3351 5425 messem,
3387 5362 3472 5415 vel

1877 5461 1940 5501 cx
1972 5446 2355 5513 colligentibus
2392 5447 2741 5516 fructus,scu
2777 5466 2839 5505 ex
2871 5454 3182 5508 ementibus
3216 5470 3282 5508 ac
3317 5455 3473 5508 calli-

1879 5539 2132 5608 gentibus
2163 5549 2216 5594 et
2253 5541 2304 5594 iu
2338 5540 2534 5595 horrea
2574 5544 3032 5598 coacervantibus
3066 5547 3159 5614 qui
3195 5561 3472 5601 memore-

1877 5639 1966 5683 tur
1988 5647 2222 5685 messem
2248 5631 2398 5685 illaut
2424 5643 2765 5700 manentem,
2790 5644 2841 5688 et
2861 5636 3360 5706 cogitctdeanimat
3379 5653 3470 5691 um

1874 5722 2138 5790 agricola,
2167 5724 2490 5779 desiderans
2507 5741 2663 5780 suam
2693 5727 2743 5779 in
2780 5737 3022 5797 tempore
3052 5728 3290 5782 futuram
3319 5747 3470 5783 reve-

1877 5816 2132 5870 lutio;-.cm
2167 5827 2221 5873 et
2252 5818 2556 5874 mercedem
2611 5820 2983 5892 recipiendam
3025 5825 3075 5878 in
3109 5823 3320 5879 horreis
3353 5840 3466 5879 cu:-
