4014 6434
587 364 701 430 335

1867 357 2253 421 GREGORII
2291 350 2618 422 PALAMIE

3720 358 3804 424 3'6

584 480 853 544 Iestthus;
884 474 967 529 vel
1014 484 1161 529 totus
1195 472 1249 528 in
1299 480 1499 527 terram
1542 485 1752 542 pronus
1792 487 1921 526 num
1954 462 2039 527 est
2076 472 2169 542 qui

2276 474 2511 545 γεωργῷ
2559 473 2670 530 τῶν
2718 471 2905 544 ψυχῶν
2959 470 3266 544 ἐπέραστος
3317 469 3643 541 ἀναφανῆναι
3687 476 3804 528 atavi

552 587 804 629 \MN'SIIIII
837 576 1071 621 mentem
1096 582 1203 620 non
1223 566 1398 635 erigat
1434 579 1532 619 nec
1562 580 1590 617 a
1617 564 1852 618 terrenis
1876 565 2167 635 assurgat?

585 664 689 717 Sed
724 664 795 716 ita
828 663 922 727 sit,
951 660 1085 714 nihil
1118 675 1146 713 a
1174 660 1431 728 gentibus
1461 658 1845 727 discrepamus
1872 676 1884 723 ;
1915 658 1999 711 his
2018 657 2165 711 enim

587 757 817 811 terrenis
838 753 1263 823 cogitationibus
1289 752 1417 805 totis
1447 750 1644 804 animm
1672 757 1727 803 et
1754 749 2002 818 corporis
2031 747 2165 802 viri-

582 851 687 904 bus
734 850 1068 910 incumbere,
1103 860 1228 899 nam
1269 845 1469 897 nullam
1507 842 1733 896 Omnino
1768 842 1970 895 habent
2000 840 2169 895 ratio-

583 957 705 997 nem
752 940 1088 1002 futurorum,
1131 952 1231 991 nec
1279 951 1453 1006 spem,
1505 949 1605 989 nec
1648 934 2063 1002 intelligentiam
2101 934 2171 988 de

585 1036 926 1091 cmlestibus.
958 1033 1082 1088 Ideo
1106 1032 1372 1099 scriptum
1398 1038 1483 1085 est
1516 1046 1531 1083 :
1566 1026 1758 1083 Omnis
1786 1028 1893 1081 vita
1929 1027 2082 1096 impii
2114 1027 2168 1081 in

584 1128 923 1198 eugitatione
952 1125 1239 1179 humilium
1268 1131 1322 1177 et
1349 1121 1809 1195 corruptibilium.
1844 1116 1970 1173 Ideo
2000 1118 2168 1172 etiam

583 1223 841 1277 Christus
875 1221 926 1274 in
965 1218 1273 1299 Evangeliis
1302 1217 1367 1270 ad
1399 1232 1496 1270 nos
1524 1215 1663 1270 dixit
1704 1227 1720 1268 :
1756 1232 1775 1264 ι
1805 1210 1983 1267 Nolite
2015 1212 2172 1268 solli-

583 1315 677 1370 citi
698 1329 819 1369 esse
838 1313 1034 1367 animae
1055 1319 1249 1365 vestrae
1276 1308 1404 1379 quid
1435 1305 1796 1370 manducetis,
1817 1306 1948 1376 quid
1969 1305 2171 1361 bibatis

584 1418 640 1464 et
669 1407 870 1478 quibus
892 1403 1225 1467 vestiamiui,
1259 1420 1276 1453 ι
1306 1411 1359 1456 et
1376 1398 1566 1454 addit:
1603 1416 1621 1449 ι
1650 1399 1777 1453 Haec
1805 1397 1953 1452 enim
1985 1397 2171 1452 omnia

586 1508 778 1571 gentes
814 1496 1100 1567 inquirunt
1127 1496 1195 1549 ".
1238 1512 1257 1546 ι
1298 1492 1418 1548 Non
1464 1507 1493 1546 a
1534 1491 1721 1546 labore
1744 1498 1980 1552 amovet,
2012 1490 2104 1544 sed
2141 1503 2173 1543 a

588 1592 964 1650 sollicitudine
1023 1599 1174 1644 arcet
1218 1598 1278 1642 ut
1327 1601 1424 1657 spe
1472 1586 1530 1640 in
1589 1583 1698 1639 Deo
1730 1582 2020 1648 collocata,
2061 1595 2170 1635 non

589 1688 942 1754 desperatam
980 1680 1358 1752 operationem
1391 1692 1680 1749 Operemur
1712 1690 1814 1731 nec
1847 1675 1901 1729 in
1935 1689 1997 1730 ea
2032 1672 2175 1727 male

590 1780 954 1833 conlidamus.
1010 1773 1188 1829 Nolite
1227 1787 1360 1841 ergo
1409 1769 1629 1827 solliciti
1680 1783 1803 1823 esse
1852 1767 2100 1821 dicentes
2154 1783 2169 1819 :

587 1869 727 1938 Quid
748 1867 1223 1930 manducabimus,
1241 1864 1327 1918 vel
1353 1863 1486 1933 quid
1511 1862 1788 1924 bibemus,
1815 1859 2021 1928 velquo
2042 1873 2172 1927 ope-
2208 1850 2249 1907 Β

587 1962 940 2029 τίειηυῐ,ξιιοε
953 1947 1158 2029 jugiter
1181 1956 1367 2010 animo
1389 1956 1668 2009 volventes
1693 1953 1769 2006 ita
1801 1960 1860 2007 ut
1882 1962 2168 2022 urgentem

586 2054 827 2125 inopiam
855 2053 1012 2123 quasi
1042 2058 1371 2107 excusantes
1403 2058 1641 2103 mentem
1676 2047 1730 2100 in
1770 2044 1870 2099 ista
1912 2053 2171 2113 torquen-

583 2160 668 2204 tes
691 2150 1064 2210 intendamus,
1084 2157 1321 2216 superne
1346 2141 1592 2212 aspicere
1612 2139 2171 2208 dedignati.Pr0pter—

582 2257 649 2297 ea
697 2244 779 2297 sic
808 2241 951 2296 Deus
988 2250 1232 2295 nostram
1265 2237 1512 2293 condidit
1546 2245 1799 2289 naturam
1847 2242 1904 2286 ut
1938 2244 2170 2301 corpore

586 2350 697 2390 non
746 2333 1103 2389 immobiliter
1140 2339 1343 2396 stante,
1395 2330 1489 2385 sed
1527 2327 1733 2382 moveri
1776 2334 1829 2380 et
1872 2324 1938 2379 ad
1988 2325 2166 2379 locum

587 2428 827 2482 transire
850 2426 1106 2497 pollente,
1145 2432 1200 2479 et
1238 2423 1422 2478 omnia
1450 2421 1652 2491 quibus
1700 2433 1840 2488 Opus
1878 2426 1964 2473 est
2013 2414 2171 2471 facti-

583 2529 761 2583 tante,
815 2519 869 2573 in
905 2518 1028 2572 aliis
1086 2516 1346 2587 potentiis
1383 2514 1813 2583 cogitatiO'esse
1864 2508 2063 2580 possit,
2111 2519 2170 2564 ut

584 2626 790 2681 corpus
808 2609 1030 2680 quidem
1052 2623 1174 2678 qua:
1189 2622 1287 2661 sua
1304 2616 1433 2662 sunt
1453 2611 1730 2675 operetur,
1751 2603 1932 2657 anima
1958 2616 2084 2657 vero
2099 2603 2166 2655 ad

586 2705 757 2759 Deum
778 2702 1139 2770 suspicientes
1158 2713 1470 2770 quaeramus
1487 2698 1555 2752 ab
1567 2713 1630 2750 eo
1645 2694 1889 2751 coclearia
1909 2694 2053 2761 ;ideo
2068 2707 2168 2747 nos

584 2797 838 2852 hortatus
860 2804 920 2848 ut
945 2808 1053 2848 non
1094 2790 1316 2847 solliciti
1343 2790 1536 2845 anima:
1560 2789 1756 2855 simus,
1776 2787 1920 2857 quod
1938 2796 2022 2842 est
2038 2801 2167 2855 gen-

585 2892 746 2956 tium,
766 2887 973 2942 addidit
1012 2902 1026 2940 :
1065 2905 1083 2937 ι
1107 2885 1346 2950 Quaerite
1366 2885 1602 2953 primum
1622 2895 1848 2952 regnum
1873 2879 1967 2935 Dei
1990 2887 2047 2933 et
2072 2878 2165 2947 ju-

582 2980 786 3036 stitiam
810 2981 953 3051 ejus,
982 2987 1037 3034 et
1093 2988 1287 3033 caetera
1328 2975 1654 3045 adjicientur
1685 2973 1861 3029 vobis.
1901 2991 1920 3026 ι
1956 2973 2164 3039 Quibus

585 3073 914 3128 monstravit
933 3071 1193 3143 quoniam
1220 3070 1267 3124 si
1287 3068 1480 3123 anima:
1499 3066 1883 3122 meditationes
1900 3065 1966 3120 ad
1994 3066 2162 3119 Deum

580 3173 823 3221 attentas
858 3165 1049 3231 habes,
1078 3163 1289 3217 nullum
1324 3161 1449 3216 inde
1483 3161 1873 3216 detrimentum
1906 3159 1959 3212 in
1998 3159 2160 3212 rebus

583 3256 802 3326 corpori
835 3256 1166 3311 necessariis
1197 3253 1444 3325 patieris,
1476 3254 1569 3308 sed
1604 3253 1776 3323 magis
1819 3251 1913 3306 illa
1942 3250 2159 3304 indubi-

585 3356 767 3404 tanter
799 3347 1024 3401 habebis
1055 3363 1179 3401 eum
1221 3347 1418 3400 animae
1450 3346 1644 3411 salute,
1682 3346 1909 3400 Domino
1940 3342 2161 3411 dispen-

585 3447 765 3492 sante.
797 3435 895 3492 Hic
916 3448 999 3491 est
1023 3438 1169 3490 enim
1200 3437 1292 3506 qui
1318 3437 1493 3506 aperit
1525 3450 1749 3490 manum
1777 3449 1933 3490 suam
1965 3440 2020 3488 et
2061 3434 2167 3484 im-

585 3531 698 3601 plet
726 3544 890 3584 omne
928 3531 1131 3583 animal
1181 3530 1584 3584 benedictione.
1617 3529 1698 3583 Ad
1731 3545 1855 3583 eum
1883 3528 2023 3582 dixit
2056 3526 2169 3584 Da-

586 3623 674 3677 vid
712 3640 726 3677 :
778 3640 796 3674 ι
835 3619 1100 3675 IEstatem
1148 3631 1202 3674 et
1234 3637 1327 3674 ver
1363 3631 1418 3675 tu
1458 3620 1737 3690 plasmasti
1783 3636 1846 3675 ea
1875 3622 1941 3686 ⁷³,
1978 3641 1996 3673 ι
2058 3638 2166 3677 non

586 3714 749 3769 modo
783 3714 848 3768 de
880 3711 1192 3768 visibilibus
1221 3712 1453 3782 loquens
1486 3714 1580 3767 sed
1613 3713 1779 3767 etiam
1817 3714 1885 3768 de
1912 3713 2165 3769 invisibi-

583 3805 746 3860 libus.
787 3804 911 3859 Ideo
958 3804 1070 3859 veri
1115 3815 1331 3858 aetatem
1367 3804 1637 3873 praetulit;
1696 3818 1820 3857 nam
1867 3806 1969 3860 nisi
2025 3806 2166 3861 facta

584 3898 886 3953 inﬁdelium
917 3912 1014 3952 seu
1043 3912 1336 3966 pravorum
1377 3911 1605 3966 operum
1641 3897 1993 3953 hominumve
2031 3914 2169 3969 pra:-

583 3992 816 4055 cisione,
873 3989 1103 4044 minime
1160 3989 1449 4044 virtutibus
1512 3990 1579 4044 ad
1635 3990 1813 4045 instar
1870 3992 2013 4047 veris
2069 3990 2170 4046 ﬂo-

585 4096 855 4137 I'CSCCI'CS.

2185 3205 2232 3269 Ο

2270 571 2486 639 καιρὸν,
2540 570 2636 623 καὶ
2677 568 2789 621 τῶν
2817 570 2876 621 έν
2904 566 3159 637 οὐρανοῖς
3210 563 3504 635 ἀποθηκῶν
3532 564 3704 619 τούτου
3730 569 3807 622 καὶ

2274 662 2454 733 μονῶν
2512 661 2703 727 ἄξιοςς
2759 659 2958 731 nam;
2986 659 3220 719 ἕκαστος
3257 655 3394 728 πρὸς
3443 656 3544 726 γῆν
3586 656 3805 726 κέκυφεν,

2269 752 2460 824 ὥσπερ
2487 756 2548 805 τὸ
2579 752 2740 822 σῶμα
2778 752 2825 804 oi
2889 748 3352 818 αύτουργοῦντες,
3408 746 3546 801 ebrio
3584 749 3666 801 τὸν
3690 749 3810 816 λογι-

2272 846 2407 916 σμὸν
2439 845 2538 897 οὐκ
2573 843 2908 899 ἀνανεύοντα
2930 843 3096 912 έχων,
3121 841 3389 915 οὐδὲετῶν
3418 843 3615 912 γηΐνων
3643 843 3808 895 ἀπανι-

2274 938 2542 1006 στάμενον
2571 952 2588 1002 ;
2635 935 2774 989 Ἀλλ’
2800 938 2851 990 εί
2883 935 3063 999 τοῦτο,
3095 933 3203 987 τῶν
3235 934 3468 987 ἐθνικῶν
3492 933 3636 986 οὐδὲν
3659 933 3811 1000 διαφέ‹

2275 1048 2443 1104 ρομεν
2464 1047 2478 1061 ·
2518 1028 2680 1101 ιω
2709 1030 2934 1082 ἐκείνων
2966 1028 3075 1099 γὰρ
3105 1030 3165 1084 τὸ
3192 1032 3312 1090 ταῖς
3342 1027 3549 1096 γηῖνοις
3575 1021 3809 1095 φροντίσιν

2274 1125 2686 1196 ὲνασχο).εἰσθαι
2736 1122 2886 1194 πάσῃ
2928 1123 3161 1191 δυνάμει
3207 1120 3389 1191 ψυχῆς
3439 1119 3533 1172 καὶ
3563 1116 3807 1185 σώματος*

2273 1221 2528 1289 οὐδὲγὰρ
2552 1219 2741 1289 έχουσι
2771 1218 2930 1287 λόγον
2963 1216 3073 1269 τῶν
3127 1214 3434 1284 μελλόντων
3476 1209 3681 1272 οὐδένα,
3700 1209 3808 1259 πάν-

2271 1331 2379 1376 τως
2411 1312 2532 1367 οὐδὲ
2576 1313 2781 1376 πίστιν,
2814 1311 2847 1379 ἢ
2873 1311 3085 1365 ἔννοιαν
3127 1308 3256 1376 περὶ
3304 1305 3417 1358 τῶν
3438 1302 3704 1373 οὐρανίων.
3732 1300 3810 1353 Δία

2273 1407 2435 1462 τοῦτο
2462 1406 2605 1462 κατὰ
2626 1406 2686 1460 τὸ
2716 1399 3295 1474 γεγραμμένον,’ολος
3315 1399 3344 1451 6
3379 1398 3489 1469 βίος
3514 1393 3605 1449 τοῦ
3622 1390 3810 1453 ἀσεϐοῦς

2273 1504 2333 1557 ὲν
2366 1502 2613 1574 φροντίδι
2637 1500 2747 1554 τῶν
2778 1501 2931 1553 κάτω
2962 1497 3058 1551 καὶ
3083 1492 3460 1565 φθειρομένων
3484 1505 3499 1522 '
3557 1488 3632 1542 διὸ
3672 1485 3747 1539 καὶ
3789 1484 3810 1535 6

2274 1594 2513 1666 Χριστὸς
2537 1598 2596 1647 ἐν
2622 1594 2734 1656 τοῖς
2761 1590 3120 1658 Εὑαγγε).ἰοις
3149 1587 3287 1656 πρὸς
3323 1585 3464 1655 ἡμᾶς
3484 1581 3673 1635 εἰπών’
3703 1595 3721 1628 ι
3743 1574 3808 1642 νὴ

2280 1686 2587 1759 μεριμνᾶτε
2616 1686 2683 1754 τῇ
2709 1683 2855 1753 ψυχῇ
2888 1680 3066 1751 ὑμῶν,
3106 1679 3159 1733 τί
3199 1679 3414 1747 φάγητε
3444 1675 3536 1729 καὶ
3582 1671 3633 1724 τί
3663 1669 3807 1736 πίητε,

2252 1778 2415 1849 ,μηδὲ
2444 1776 2519 1847 τῷ
2553 1776 2770 1846 σώματι
2802 1774 2961 1843 ὑμῶν
2985 1774 3038 1825 τί
3079 1771 3404 1839 ἐνδύσησθε,
3440 1786 3458 1820 ι
3504 1765 3806 1835 προσέθηκεο

2283 1889 2302 1923 ι
2342 1870 2528 1924 Ταῦτα
2561 1870 2671 1938 γὰρ
2702 1868 2877 1921 πάντα
2904 1869 2972 1920 τὰ
2995 1866 3122 1936 ἔθνη
3158 1861 3434 1934 ἐπιζητεῖ.
3465 1859 3627 1940 δὀὐκ
3652 1857 3810 1908 ἀπανιρ

2275 1966 2377 2035 στᾷ
2403 1962 2462 2017 δι
2483 1963 2592 2016 τῶν
2620 1961 2823 2031 ἔργων,
2853 1958 2970 2013 ἀλλ’
3001 1958 3208 2028 ἀφιστᾷ
3236 1957 3336 2021 τῆς
3381 1952 3656 2025 μερίμνης,
3704 1946 3808 2014 πρ³4

2271 2057 2407 2110 Θεὸν
2436 2055 2537 2127 τὴν
2571 2055 2764 2107 ἐλπίδα
2803 2050 3137 2122 μετατιθεὶς,
3169 2049 3260 2102 ῐνα
3303 2050 3441 2119 μήτε
3471 2041 3713 2099 ἀνέλπιδα
3731 2038 3808 2110 τὴν

2273 2149 2540 2221 ἐργασίαν
2564 2148 2803 2217 ἔχωμεν,
2838 2145 2973 2215 μήτε
3012 2145 3100 2196 ἐπ’
3134 2142 3274 2211 αὐτῇ
3307 2137 3491 2201 κακῶς
3516 2138 3610 2207 τὴν
3634 2132 3805 2221 ἐλπίδι,

2281 2220 2317 2295 ιθ
2336 2240 2428 2312 Μὴ
2457 2238 2550 2293 οὖν
2576 2238 2951 2309 μεριμνήσητε
2975 2273 2989 2298 ,
3014 2234 3263 2303 λέγοντες
3284 2248 3299 2264 ο
3321 2232 3389 2284 Τί
3414 2230 3683 2299 φάγωμεν,
3712 2223 3739 2293 ἢ
3767 2220 3806 2272 τί

2273 2335 2507 2403 πίωμεν,
2539 2332 2651 2403 ἢτί
2696 2328 3124 2402 περιϐαλώμεθα
3150 2342 3165 2359 ·
3226 2344 3247 2378 ι
3298 2323 3658 2392 διανοούμενοι
3684 2314 3806 2369 τοῦτο

2268 2425 2551 2498 διηνεκῶς,
2577 2425 2670 2478 καὶ
2690 2423 3153 2494 προσδοκωμένης
3178 2419 3385 2483 αἰτίας,
3432 2409 3542 2469 οἷον
3582 2407 3805 2476 ἀπολεγόο

2273 2536 2447 2590 μενοι,
2471 2519 2567 2571 καὶ
2581 2517 2681 2588 τὴν
2708 2517 2885 2587 ψυχὴν
2905 2517 2983 2577 είς
3010 2513 3170 2567 τοῦτο
3191 2510 3593 2571 κατατείνοντες
3606 2507 3689 2559 κα)⁸
3705 2498 3808 2553 καθ·

2269 2611 2540 2675 έλκοντες,
2561 2611 2657 2663 καὶ
2686 2611 2822 2679 πρὸς
2837 2606 2908 2659 τὰ
2929 2606 3041 2661 ἄνω
3071 2604 3297 2674 βλέπειν
3318 2601 3380 2654 οὐ
3415 2591 3801 2669 συγχωροῦντες·

2267 2703 2357 2758 διὰ
2387 2698 2546 2756 τοῦτο
2570 2703 2678 2771 γὰρ
2719 2701 2814 2752 καὶ
2869 2697 3132 2767 τοιαύτης
3176 2695 3341 2765 ἡμῶν
3370 2695 3468 2749 τὴν
3500 2689 3650 2761 φύσιν
3682 2697 3806 2736 κατε*

2270 2796 2537 2849 σκεύασεν
2567 2797 2593 2847 6
2622 2795 2775 2858 Θεὸς,
2800 2792 2942 2845 ὥστε
2970 2788 3066 2843 τοῦ
3100 2788 3358 2858 σώματος
3394 2785 3493 2840 οὐκ
3515 2776 3800 2853 ἠρεμοῦντος

2269 2891 2452 2961 μόνον,
2478 2887 2615 2942 ἀλλὰ
2638 2888 2734 2941 καὶ
2758 2884 3088 2954 κινουμένου
3126 2881 3223 2935 καὶ
3260 2865 3806 2951 μετακινουμένουικαὶ

2271 2985 2379 3045 πᾶς
2403 2975 2577 3051 οὗπερ
2603 2974 2722 3053 ἂνῇ
2759 2980 2920 3050 χρεία
2938 2977 3297 3046 πράττοντος,
3323 2976 3382 3027 έν
3409 2972 3583 3034 ἄλλοις
3596 2961 3805 3021 δύνασθαι

2270 3076 2362 3129 τὸν
2400 3073 2660 3143 λογισμὸν
2698 3067 2876 3125 εἶναι*
2929 3068 3020 3122 ἵνα
3052 3066 3130 3138 τῷ
3192 3069 3294 3136 μὲν
3323 3065 3553 3135 ,σώματι
3577 3060 3640 3114 τὰ
3667 3053 3803 3120 τούτῳ

2270 3165 2592 3233 κατάλληλα
2638 3160 3006 3234 ἐργαζώμεθα
3026 3203 3042 3227 ,
3065 3163 3132 3231 τῇ
3163 3160 3219 3212 δὲ
3254 3160 3401 3229 ψυχῇ
3441 3155 3573 3227 πρὸς
3592 3154 3674 3206 τὸν
3703 3146 3804 3201 Θεθιν

2275 3258 2569 3330 βλέποντες
2607 3257 2862 3326 ζητῶμεν
2888 3254 3017 3324 παρ’
3043 3253 3210 3307 αὑτοῦ
3233 3254 3305 3305 τὰ
3330 3250 3558 3321 οὐράνια
3575 3264 3586 3278 ·
3612 3241 3720 3299 ἐπεὶ
3735 3238 3805 3292 καὶ

2269 3350 2654 3422 παραγγείλας
2698 3348 2774 3419 μὴ
2817 3346 3089 3417 μεριμνᾷν
3125 3348 3191 3415 τῇ
3224 3344 3400 3415 ψυχῇ,
3430 3341 3584 3396 τοῦτο
3607 3337 3704 3407 γὰρ
3723 3332 3803 3384 τῶν

2266 3443 2459 3510 ἐθνῶν,
2494 3441 2808 3511 προσέθηκε
2831 3452 2844 3469 ⁸
2881 3456 2899 3491 ι
2935 3440 3161 3507 Ζητεϊτε
3195 3436 3253 3490 δὲ
3311 3436 3527 3505 πρῶτον
3554 3430 3644 3501 τὴν
3686 3431 3804 3498 βατι-

2266 3535 2418 3587 λείαν
2479 3532 2575 3586 τοῦ
2616 3531 2777 3596 Θεοῦ,
2841 3531 2939 3584 καὶ
2975 3530 3075 3599 τὴν
3119 3527 3474 3596 δικαιοσύνην
3520 3520 3700 3583 αὑτοῦ,
3733 3514 3805 3567 καὶ

2264 3626 2442 3680 ταῦτα
2504 3625 2685 3678 πάντα
2740 3621 3177 3691 προστεθήσεται
3241 3621 3412 3688 ὑμῖν·
3472 3637 3490 3670 ι
3544 3606 3804 3672 δεικνῦςὼς

2268 3719 2426 3791 εἴπερ
2492 3718 2591 3788 τὴν
2648 3716 2791 3769 κατὰ
2816 3713 2999 3786 ψυχὴν
3060 3713 3296 3785 μελέτην
3329 3712 3466 3782 πρὸς
3522 3710 3643 3764 Θεὸν
3672 3704 3801 3775 ἔχεις,

2265 3814 2418 3866 οὐδὲν
2467 3811 2724 3865 ἐντεῦθεν
2786 3806 3122 3880 ζημιωθήσῃ
3169 3809 3304 3878 περὶ
3330 3809 3431 3871 τὰς
3473 3804 3565 3859 τοῦ
3595 3799 3801 3868 σώματος

2267 3907 2459 3977 χρείκς
2482 3922 2496 3937 ⁸
2538 3904 2741 3975 μᾶλλον
2770 3902 2868 3974 μὲν
2898 3901 2991 3960 οἶιν
3032 3901 3126 3956 καὶ
3158 3900 3365 3955 τούτων
3390 3896 3673 3956 avemus;
3692 3890 3800 3955 ἕξεις

2269 3997 2412 4069 μετὰ
2454 3996 2557 4067 τῆς
2607 3994 2749 4049 κατὰ
2794 3992 2974 4064 ψυχὴν
3031 3994 3331 4064 σωτηρίας,
3389 3993 3482 4046 τοῦ
3519 3987 3646 4044 Θεοῦ
3678 3992 3804 4056 χορη-

2267 4088 2492 4158 γοῦντος
2516 4104 2532 4119 ο
2557 4087 2723 4150 αὐτὸς
2748 4087 2858 4158 γάρ
2881 4088 3030 4139 εστιν
3050 4085 3078 4139 6
3100 4084 3337 4154 ἀνοίγων
3362 4085 3459 4156 τὴν
3477 4085 3625 4155 χεῖρα
3645 4079 3703 4132 αὑ
3713 4069 3800 4131 τοῦ.

582 4177 681 4232 καὶ
709 4178 1008 4248 ἐμπιπλῶν
1070 4181 1178 4234 πᾶν
1234 4177 1375 4243 ζῶον
1409 4178 1688 4245 εὐδοκίας·
1754 4180 1890 4254 πρὸς
1919 4181 1979 4235 ὃν
2006 4184 2102 4237 καὶ
2131 4186 2162 4239 6
2194 4185 2361 4240 Δαϐίδ
2409 4198 2583 4256 φησιο
2621 4203 2640 4237 t
2678 4183 2851 4255 Θέρος
2889 4181 2988 4237 καὶ
3041 4180 3141 4251 ἔαρ
3178 4183 3244 4236 σὺ
3316 4181 3558 4241 ἔπλασας
3617 4171 3797 4229 nimi"

582 4273 643 4324 οὖ
667 4273 738 4324 τὰ
781 4271 1035 4341 ὁρώμενα
1067 4271 1227 4338 μόνον
1257 4270 1453 4339 λέγων,
1482 4271 1618 4326 ἀλλὰ
1650 4274 1746 4327 καὶ
1773 4274 1841 4327 τὰ
1867 4273 1961 4327 τοῦ
1993 4275 2337 4345 πνεύματος’
2410 4276 2493 4330 διὸ
2557 4276 2656 4330 καὶ
2701 4273 2798 4329 τοῦ
2827 4274 2992 4345 έαρος
3045 4274 3105 4327 τὸ
3136 4275 3316 4345 ίθέρος
3390 4272 3708 4344 προέθηκεν·
3732 4260 3804 4313 ἐὰν

581 4370 692 4438 γὰρ
746 4367 1099 4439 μὴέκκοπῇς
1153 4366 1367 4435 φθάσας
1415 4365 1526 4420 τῶν
1559 4366 1828 4437 ἀπίστων,
1869 4370 2025 4441 ἢκαὶ
2055 4369 2165 4424 τῶν
2204 4371 2430 4441 φαύλων
2480 4370 2661 4444 ἔργων
2712 4388 2773 4426 τε
2829 4371 2927 4425 καὶ
2978 4368 3314 4442 ἀνθρώπων,
3385 4371 3486 4424 οὒκ
3549 4362 3805 4433 ὲνεαρίσεις

579 4462 703 4522 ταῖς
732 4458 980 4527 ἀρεταῖς.

656 4550 754 4606 Est
780 4564 934 4620 ergo,
964 4548 1189 4617 fratres,
1234 4558 1318 4606 est
1360 4560 1416 4606 et
1450 4552 1645 4608 messis
1674 4560 1728 4609 et
1761 4568 1854 4609 ver
1879 4563 1933 4609 et
1976 4570 2165 4610 semen
2196 4557 2247 4618 D

2346 4555 2535 4610 Ἔστιν
2558 4554 2675 4621 οὖν,
2708 4555 2878 4623 ἔστιν,
2913 4556 3157 4627 ἀδελφοὶ,
3188 4558 3284 4612 καὶ
3315 4558 3470 4629 θέρος
3501 4553 3587 4608 καὶ
3623 4550 3710 4613 ἔαρ
3734 4542 3805 4597 καὶ

584 4655 695 4697 non
748 4642 1034 4710 corporale
1088 4651 1302 4697 tantum
1358 4645 1453 4699 sed
1517 4654 1573 4700 et
1614 4645 2023 4713 intellectuale,
2073 4663 2171 4703 nec

2278 4649 2502 4725 σπόρος,
2560 4650 2620 4702 ού
2673 4651 2988 4720 σωματικὸς
3032 4651 3218 4720 μόνον,
3277 4651 3414 4705 ἀλλὰ
3474 4651 3563 4704 καὶ
3595 4639 3804 4712 λογικόν

584 4738 749 4792 modo
778 4737 1144 4794 intellectuale
1165 4740 1258 4794 sed
1286 4748 1338 4793 et
1365 4741 1673 4810 spirituale,
1705 4741 1851 4796 sicut
1880 4751 1935 4797 et
1958 4742 2175 4813 planta-

587 4829 682 4894 tio,
733 4840 786 4884 et
821 4830 1113 4900 vindemia,
1152 4841 1208 4887 et
1256 4833 1363 4889 illis
1406 4834 1608 4889 similia
1654 4837 1799 4889 sicut
1827 4835 1994 4889 etiam
2026 4836 2171 4905 agri-

586 4924 798 4976 cultura
830 4934 885 4978 et
912 4940 1061 4980 arva.
1097 4924 1273 4996 llujus
1299 4926 1418 4981 arvi
1454 4927 1593 4983 Deus
1625 4936 1709 4982 est
1738 4928 1978 4998 agricola
2009 4937 2174 4999 prout

586 5013 880 5084 Apostolus
905 5017 970 5071 ad
991 5016 1304 5072 Corinthios
1331 5018 1550 5088 scripsit
1583 5037 1597 5074 :
1630 5038 1647 5071 ι
1678 5018 1772 5073 Dei
1798 5022 2135 5089 agricultura
2155 5062 2170 5088 ,

589 5109 684 5164 Dei
712 5109 1001 5164 aediﬁcatio
1034 5111 1166 5166 estis
1207 5108 1254 5141 "
1280 5127 1293 5175 ;
1323 5130 1341 5162 ι
1376 5123 1432 5165 et
1461 5112 1578 5181 ipse
1611 5112 1876 5169 Dominus
1907 5115 1973 5169 ad
2002 5115 2172 5171 disci-

587 5202 747 5270 pulos
775 5202 911 5255 dixit
945 5219 959 5255 :
1003 5219 1022 5253 t
1057 5201 1172 5274 Ego
1201 5220 1320 5257 sum
1353 5203 1502 5266 vitis,
1534 5221 1631 5259 vos
1656 5213 1839 5259 autem
1874 5206 2128 5276 palmites
2152 5246 2167 5273 ,

580 5304 640 5348 et
673 5294 835 5347 Pater
868 5310 1024 5350 meus
1061 5296 1301 5365 agricola
1339 5306 1422 5351 est
1446 5297 1530 5360 τες
1567 5315 1586 5348 ι
1625 5307 1681 5354 et
1723 5313 1915 5353 rursus
1943 5300 2071 5355 alibi
2102 5302 2169 5355 de

584 5385 771 5456 si-ipso
829 5405 843 5441 :
916 5406 933 5439 ι
998 5385 1144 5440 Exiit
1198 5389 1292 5456 qui
1354 5387 1589 5443 seminat
1646 5394 1921 5444 seminare
1980 5406 2166 5448 semen

585 5492 745 5531 suum
776 5477 877 5543 “,i
915 5482 1063 5547 quod
1099 5487 1180 5534 est
1212 5480 1437 5532 verbum
1465 5478 1749 5535 doctrinae.
1776 5481 1944 5551 igitur
1969 5482 2015 5536 si
2052 5498 2171 5537 ver-

584 5573 714 5623 bum
761 5571 1026 5626 doetrina:
1059 5573 1223 5627 habet
1254 5574 1516 5627 rationem
1568 5576 1797 5629 seminis
1841 5577 2163 5645 spiritualis,

578 5672 733 5715 certo
780 5671 864 5718 est
913 5665 1070 5719 istius
1116 5666 1344 5721 seminis
1404 5668 1599 5723 messis
1659 5684 1754 5738 per
1827 5668 1984 5723 (idem
2043 5685 2166 5739 per-

678 5847 727 5878 "
761 5846 954 5906 Matth.
983 5866 1057 5919 vt,
1090 5851 1180 5921 5i,
1206 5853 1296 5908 5:2.
1375 5854 1418 5885 ⁷³
1452 5852 1596 5911 Psai.
1632 5871 1820 5922 Lxxm,
1860 5853 1942 5906 Π.

2021 5852 2062 5883 τ’*
2095 5850 2113 5905 l
2143 5851 2270 5905 Cor.
2299 5865 2380 5918 ιιι,
2409 5850 2461 5906 9.

2273 4742 2396 4796 οὐδὲ
2443 4743 2663 4811 λογικὸς
2718 4742 2903 4814 μόνον,
2948 4743 3086 4797 ἀλλὰ
3119 4744 3214 4796 καὶ
3240 4741 3622 4814 πνευματικὸς,
3651 4734 3805 4792 ὥσπερ

2273 4837 2369 4890 καὶ
2399 4837 2596 4906 φυτεία
2629 4836 2725 4888 καὶ
2756 4835 3047 4906 τρυγητδς,
3083 4835 3180 4889 καὶ
3204 4837 3273 4891 τὰ
3314 4833 3523 4895 τούτοις
3555 4818 3802 4883 ἀκόλουθα

2272 4932 2393 4983 ἐπεὶ
2423 4931 2517 4982 καὶ
2538 4926 2783 4999 γεωργία
2828 4944 2887 4980 τε
2916 4930 3012 4981 καὶ
3062 4928 3356 4999 γεώργιονι
3397 4926 3501 4981 Τοῦ
3524 4925 3575 4976 δὲ
3604 4914 3804 4972 τοιούτω)

2274 5020 2541 5089 γεωργίου
2562 5028 2806 5091 γεωργός
2831 5036 2981 5074 εστιν
3020 5021 3048 5073 6
3074 5020 3232 5086 Θεὸς,
3256 5022 3333 5084 ὡς
3355 5022 3448 5073 καὶ
3476 5019 3502 5070 6
3533 5002 3805 5091 Ἀπόστολος

2274 5085 2411 5184 πρὸς
2435 5085 2928 5183 τοὺς-Κορινθίους
2965 5113 3134 5184 φησίν
3153 5130 3168 5145 ⁸
3203 5085 3371 5167 ιΘεοῦ
3396 5109 3669 5180 γεώργιον,
3696 5085 3803 5184 Θεοῦ

2271 5182 2530 5279 οίκοδομή
2561 5182 2706 5260 ἐστε.
2747 5223 2766 5257 ι
2803 5206 2914 5259 Καὶ
2942 5182 3109 5266 αὐτὸς
3140 5209 3169 5260 6
3202 5186 3402 5278 Κύριος
3433 5206 3543 5261 τοῖς
3577 5182 3805 5267 μαθηταῖς

2269 5298 2484 5366 ἐλεγενο
2528 5317 2547 5349 ι
2597 5296 2741 5362 Ἑγώ
2768 5299 2882 5368 είμι
2912 5299 2945 5368 ἡ
2981 5298 3252 5369 ἄμπελος,
3284 5296 3441 5369 ὑμεῖς
3465 5291 3531 5345 τά
3558 5282 3796 5369 xiiii?“

2271 5393 2299 5443 δ
2334 5392 2525 5461 Πατήρ
2560 5406 2663 5460 μου
2686 5391 2714 5443 ὁ
2739 5367 2985 5460 γεωργός
3015 5367 3189 5447 ἐστιν.
3224 5411 3243 5443 ι
3287 5367 3398 5444 Καὶ
3427 5376 3643 5450 ἀλλαχοῦ
3672 5367 3802 5465 πάλιν

2280 5485 2409 5554 περὶ
2443 5482 2669 5537 ὲαυτοῦ’
2703 5500 2720 5533 ι
2765 5481 3021 5552 Ἐξῆλθεν
3049 5486 3076 5537 6
3109 5483 3350 5555 σπείρων
3395 5478 3486 5533 τοῦ
3512 5471 3709 5555 σπεῖραξ
3730 5468 3801 5555 ἲν

2281 5548 2484 5646 σπύρον
2510 5574 2676 5630 αὑτοῦ
2698 5591 2710 5603 ⁸
2744 5593 2763 5625 ι
2807 5579 2832 5628 ὁ
2861 5548 2918 5628 δὲ
2950 5578 3149 5647 σπόρος
3172 5548 3326 5639 οὗτος
3355 5577 3381 5627 ὀ
3403 5572 3552 5639 λόγος
3574 5561 3660 5629 ﬁl;
3684 5548 3801 5647 δῆθ’

2280 5666 2508 5732 «milia;
2544 5667 2716 5725 ἐστίν.
2787 5666 2947 5721 Ἐπεὶ
2973 5665 3067 5722 οὗν
3098 5670 3126 5721 6
3181 5670 3337 5737 λόγος
3370 5666 3465 5735 τῆς
3500 5640 3798 5712 διδασκαλίπς

2564 5852 2611 5885 ⁷⁸
2639 5849 2799 5907 Joan.
2836 5865 2926 5919 xv,
2964 5851 3017 5907 ‘l.
3090 5850 3136 5885 ⁷⁸
3160 5846 3346 5905 Matth.
3380 5855 3493 5911 xm,
3531 5836 3580 5891 5.
