4014 6484
230 513 320 576 337

1542 515 1876 576 HOMILM
1919 519 2136 579 XXVI.

3379 518 3489 579 338

226 625 302 676 τοῦ
334 621 648 691 Πνεύματος
675 623 990 695 σπέρματος
1020 623 1132 696 ἔχει
1169 625 1350 694 λόγον,
1384 624 1501 679 ἔστι
1531 627 1626 680 τοῦ
1661 625 1793 677 σπό-

1905 627 2059 683 l'ecta.
2095 629 2296 685 lterum
2323 628 2423 684 ista
2457 629 2718 684 Dominus
2746 629 3057 694 ostendens,
3084 643 3205 682 cum
3237 628 3486 681 homines

227 732 309 786 ρου
329 713 521 768 τούτου
570 716 786 778 πάντως
813 717 907 770 καὶ
933 716 1190 787 θερισμὸς
1213 716 1535 788 τελούμενος
1568 716 1656 770 διὰ
1689 717 1782 770 πί-

224 825 410 870 στεως
440 807 535 859 καὶ
561 808 717 859 τοῦτο
750 807 925 876 δηλῶν
960 810 1123 864 πάλιν
1148 810 1312 874 αὐτὸς
1350 811 1377 863 ό
1429 808 1653 879 Κύριος,
1684 811 1784 878 ἀρ·-

222 898 452 969 χομένων
480 901 886 969 προσέρχεσθαι
917 901 1054 969 πρὸς
1099 901 1198 972 τὴν
1227 900 1394 954 αὐτοῦ
1431 900 1619 954 πίστιν
1649 917 1786 953 παν-

222 987 370 1058 δημεὶ
398 987 505 1040 τῶν
533 987 862 1057 ἀνθρώπων,
899 988 1036 1057 πρὸς
1087 991 1216 1053 τοὺς
1255 990 1489 1052 οἰκείους
1533 989 1788 1061 μαθητὰς

221 1080 392 1145 ἔλεγεν
412 1094 425 1109 ο
458 1096 477 1130 ι
525 1077 803 1147 Ἑπάρατε
829 1081 956 1143 τοὺς
989 1080 1306 1150 ὀφθαλμοὺς
1335 1082 1515 1150 ὑμῶν,
1548 1081 1645 1135 καὶ
1665 1082 1791 1136 θεά-

223 1172 379 1224 σασθε
418 1173 515 1235 τὰς
545 1171 752 1242 χώρας,
809 1173 892 1226 ὅτι
958 1173 1148 1227 λευκαί
1201 1176 1310 1228 εἱσι
1340 1175 1480 1244 πρὸς
1528 1175 1791 1246 θερισμὸν

221 1265 336 1334 ἤδη,
378 1264 468 1315 καὶ
508 1267 533 1315 ό
570 1265 803 1334 θερίζων
836 1265 1028 1333 μισθὸν
1081 1265 1374 1334 λαμϐάνει,
1417 1266 1510 1319 καὶ
1569 1269 1790 1334 συνάγει

220 1359 422 1426 καρπὸν
455 1356 533 1418 εἰς
565 1356 710 1422 ζωὴν
738 1357 975 1409 αἰώνιον.
1019 1376 1035 1407 ι
1103 1358 1370 1428 Καθάπερ
1398 1357 1505 1428 γὰρ
1542 1357 1647 1411 ὑπὸ
1695 1359 1793 1426 τῆς

219 1449 306 1500 τοῦ
339 1448 603 1517 αἰσθητοῦ
640 1449 792 1518 ἡλίου
827 1449 1060 1520 Θέρμης,
1099 1451 1149 1502 οἱ
1187 1451 1419 1520 στάχυες
1465 1452 1795 1522 ξηραινόμε-

220 1558 319 1604 νοι,
351 1541 444 1594 καὶ
470 1540 568 1611 τὴν
593 1541 703 1594 ἀπὸ
745 1541 842 1611 τῆς
873 1541 1174 1612 ὑγρότητος
1199 1542 1589 1613 ἀποτιθέμενοι
1617 1543 1795 1612 βαφὴν

220 1633 616 1698 λευκαίνονται,
654 1636 748 1688 καὶ
789 1635 948 1707 149
983 1636 1116 1705 πρὸς
1151 1635 1415 1706 θερισμὸν
1467 1636 1565 1690 καὶ
1597 1653 1798 1705 συγκο-

227 1727 378 1797 μιδὴν
404 1726 713 1793 πεφύκασιν
754 1728 970 1796 ἕτοιμοι
998 1743 1013 1759 ⁶
1047 1726 1192 1781 οὕτω
1221 1728 1316 1781 καὶ
1347 1728 1484 1788 ,τότε
1525 1727 1612 1782 τοῦ
1644 1729 1796 1801 ἡλίου

222 1821 315 1889 τῆς
361 1819 710 1891 δικαιοσύνης
761 1820 849 1874 διὰ
908 1822 1110 1892 σαρκὸς
1153 1822 1556 1891 ἐπιδημοῦντος
1601 1826 1667 1892 τῇ
1703 1825 1798 1893 γῇ,

224 1913 445 1982 δυνάμει
477 1915 576 1983 τῆς
614 1913 782 1966 αὑτοῦ
812 1912 1122 1982 παρουσίας
1144 1912 1392 1984 αίψυχαὶ
1437 1912 1546 1966 τῶν
1586 1912 1799 1984 ἀνθρώ-

1885 738 1948 776 ex
1979 723 2124 776 omni
2156 731 2309 793 parte
2335 724 2633 792 inciperent
2657 724 2721 777 ad
2753 739 2874 776 eum
2902 726 3180 784 arcelere,
3211 722 3324 774 suis
3352 722 3486 773 dixit

1886 814 2165 882 discipulis
2201 816 2456 870 :rLevate
2481 817 2664 871 oculos
2685 826 2896 872 vestros
2933 826 2986 870 ct
3026 817 3200 869 ridete
3236 815 3487 882 regioni-3

1888 911 2146 980 quoniam
2164 909 2297 963 albre
2320 924 2446 964 sunt
2465 910 2576 980 jam
2601 911 2665 964 ad
2692 909 2963 977 mcssem';
2986 920 3036 965 et
3055 909 3323 980 qui'metit
3346 923 3488 962 mer-

1889 1001 2075 1057 cedem
2112 1002 2342 1071 accipit,
2385 1012 2438 1057 et
2465 1012 2758 1074 congregat
2777 1003 3010 1059 fructum
3037 1004 3088 1056 iu
3123 1004 3287 1056 vitam
3327 1010 3486 1054 a-ter—

1892 1111 2016 1149 nam
2035 1095 2100 1148 ⁷⁷.
2115 1093 2354 1150 »Ειεηίιη
2381 1096 2523 1151 sicut
2541 1097 2782 1151 sensibili
2807 1096 2924 1150 sole
2945 1104 3207 1149 aestuante
3227 1101 3488 1148 arescunt

1893 1189 2078 1257 spicae,
2103 1198 2157 1243 et
2182 1187 2406 1245 dimissa
2442 1203 2508 1243 ex
2539 1189 2770 1243 humore
2795 1197 3016 1256 accepta
3038 1188 3310 1240 viriditate
3339 1188 3486 1239 albe-

1895 1289 2134 1342 scunt,et
2157 1280 2221 1335 ad
2253 1295 2486 1335 messem
2505 1280 3082 1348 coacervatiOnemque
3098 1280 3482 1348 disponuntur,

1895 1375 1966 1428 ita
2023 1374 2137 1428 sole
2157 1373 2424 1442 justititiaa
2449 1389 2544 1442 per
2567 1387 2786 1428 carnem
2825 1373 2875 1424 in
2897 1382 3096 1426 terram
3121 1371 3446 1426 adventante
3466 1409 3492 1433 ,.

1900 1465 2100 1518 virtute
2124 1463 2244 1532 ejus
2269 1463 2572 1534 praesentiae
2599 1463 2886 1517 hominum
2911 1463 3108 1516 animm
3131 1472 3369 1531 purgat-az
3391 1464 3460 1514 de
3485 1496 3489 1500 ι

1899 1554 2252 1619 albahantur,
2273 1560 2609 1607 commutata
2633 1550 2970 1619 nigritudine
2991 1550 3098 1605 illis
3114 1564 3183 1604 ex
3205 1549 3487 1615 voluptuo-

1900 1660 1959 1699 sa
1992 1643 2371 1714 dissolutoque
2407 1645 2514 1698 vita
2539 1642 2888 1704 adveniente,
2919 1651 2974 1697 et
3002 1643 3074 1697 ita
3108 1649 3306 1709 paratae
3331 1647 3490 1694 erant

1898 1738 1965 1790 ad
2001 1753 2234 1792 messem
2257 1737 2619 1804 spiritualem,
2643 1735 2980 1791 utresecatis
3007 1731 3231 1801 reliquis
3254 1729 3489 1786 infideli-

1905 1830 2033 1886 tatis
2053 1839 2104 1884 et
2129 1829 2427 1898 impietatis
2448 1831 2722 1885 radicibus
2745 1844 2840 1898 per
2868 1841 3049 1882 veram
3081 1825 3238 1879 [idem
3255 1837 3488 1886 congre-

1904 1930 2162 1990 garentur
2198 1921 2250 1975 in
2287 1921 2451 1975 vitam
2479 1932 2764 1977 aeternam.
2808 1917 2874 1972 Et
2903 1918 2946 1972 si
2980 1918 3105 1986 quis
3133 1915 3249 1969 vult
3282 1927 3489 1968 sermo-

226 2021 339 2056 πων
373 2004 750 2057 ἐλευκαίνοντο
773 2001 1196 2072 καθαιρόμεναι,
1241 2001 1794 2073 μετασκευαζομένης

1905 1989 1988 2067 nis
2017 2012 2270 2068 virtutem
2302 2012 2662 2084 perpendere,
2695 2021 2957 2080 quantum
2987 2007 3162 2062 virtus
3183 2007 3488 2076 praesentis

225 2097 318 2165 τῆς
345 2099 407 2148 ἐκ
432 2097 525 2150 τοῦ
553 2096 807 2163 ὲνηδόνου
842 2095 958 2165 βίου
994 2095 1090 2150 καὶ
1113 2095 1463 2166 διαρρέοντος
1508 2096 1798 2165 ἐγγινομέ-

227 2181 318 2256 νης
350 2189 539 2248 αὑταῖς
601 2188 1014 2258 ὲπισκοτήσεώς
1069 2204 1129 2239 τε
1184 2188 1282 2241 καὶ
1340 2188 1662 2258 διαχύσεως,
1705 2205 1801 2256 καὶ

224 2280 391 2343 οὕτως
412 2279 623 2348 ἕτοιμοι
654 2280 791 2348 πρὸς
817 2284 906 2331 τὸν
937 2278 1312 2348 πνευματικὸν
1344 2278 1607 2348 θερισμὸν
1634 2274 1797 2348 ἦσαν,

224 2371 360 2423 ὥστε
412 2371 511 2442 τῆς
576 2370 830 2432 ἀσεϐείας
867 2371 958 2421 καὶ
1017 2371 1114 2438 τῆς
1149 2368 1412 2431 ἀπιστίας
1467 2367 1801 2438 τελεώτερον

226 2465 587 2533 ἀποκοπῆναι,
611 2464 703 2516 καὶ
729 2463 818 2514 διὰ
841 2463 936 2531 τῆς
961 2462 1222 2532 ἀληθινῆς
1248 2462 1488 2524 πίστεως
1533 2460 1801 2530 συναχθῆ-

225 2576 309 2611 ναι
347 2559 424 2619 εἰς
457 2557 604 2626 ζωὴν
626 2554 868 2608 αἰώνιον.
911 2555 1020 2609 Καὶ
1045 2557 1096 2607 εἴ
1121 2573 1208 2618 τις
1246 2555 1423 2607 ἐθέλει
1464 2555 1802 2624 κατανοῆσαι

224 2651 316 2703 τοῦ
360 2649 520 2718 λόγου
550 2648 746 2701 τούτου
779 2647 838 2700 τὶ)
873 2647 1095 2716 ἀληθὲς,
1129 2647 1205 2709 ὡς
1229 2649 1262 2716 ἠ
1298 2645 1528 2714 δύναμις
1559 2646 1678 2697 τότε
1702 2645 1804 2714 τῆς

226 2743 318 2796 τοῦ
349 2744 554 2814 Κυρίου
580 2742 736 2814 ἡμῶν
764 2739 938 2811 Ἰησοῦ
967 2740 1203 2807 Χριστοῦ
1239 2736 1552 2810 παρουσίας
1577 2736 1803 2810 ἐποίησε

224 2838 323 2899 τὰς
386 2838 614 2904 καρδίας
652 2835 760 2888 τῶν
817 2833 1128 2904 ἀνθρώπων
1181 2830 1293 2886 οἷον
1323 2832 1654 2903 λευκοτέρας
1710 2831 1806 2884 καὶ

226 2929 616 3000 καθαρωτέρας
636 2931 729 2982 καὶ
758 2927 1010 2995 ἑτοίμους
1047 2927 1184 2997 πρὸς
1217 2925 1314 2996 τὴν
1349 2925 1528 2978 πίστιν
1560 2924 1658 2994 τῆς
1686 2922 1806 2978 θεο-

226 3023 468 3086 σεϐείας,
499 3022 934 3088 ἀναλογισάσθω,
966 3021 1049 3074 ὅτι
1073 3021 1142 3073 τὰ
1171 3019 1301 3090 ἔθνη
1330 3019 1511 3073 πάντα
1525 3021 1648 3072 τότε
1673 3017 1806 3070 Θεὸν

227 3119 329 3187 μὲν
357 3117 454 3185 οὐχ
505 3115 816 3185 ὡμολόγουν
850 3114 946 3167 ἕνα
1001 3113 1272 3182 δεσπότην
1308 3113 1402 3164 καὶ
1432 3110 1661 3178 κτίστην
1711 3109 1805 3161 τοῦ

224 3211 450 3275 παντὸς,
489 3209 620 3281 ἡλίῳ
650 3209 706 3260 δὲ
732 3209 826 3261 καὶ
860 3207 1063 3279 σελήνῃ
1097 3207 1192 3258 καὶ
1229 3206 1450 3273 ἄστροις
1477 3206 1570 3256 καὶ
1597 3204 1805 3272 ἑτέροις

223 3303 488 3371 κτίσμασι
519 3301 612 3354 καὶ
673 3281 788 3365 τοῖς
839 3301 1045 3353 τούτων
1083 3298 1323 3361 εἰδώλοις
1357 3297 1429 3361 ὡς
1465 3296 1608 3359 θεοῖς
1640 3313 1807 3368 προσ-

222 3397 476 3447 έκειντο·
513 3395 546 3464 ἡ
599 3393 656 3445 δὲ
687 3392 919 3462 δύναμις
939 3392 1040 3460 τῆς
1076 3389 1173 3443 τοῦ
1219 3389 1460 3460 Χριστοῦ
1500 3389 1805 3458 παρουσίας

223 3489 439 3550 πάντας
495 3487 787 3540 ἀνέπεισεν
840 3486 938 3538 ἕνα
968 3484 1106 3537 Θεὸν
1162 3483 1446 3553 ὁμολογεῖν
1488 3481 1582 3534 τοῦ
1608 3481 1809 3545 παντὸς

225 3583 501 3653 δεσπότην
531 3583 622 3634 καὶ
651 3581 909 3652 ποιητήν.
939 3579 1057 3642 ,Καὶ
1097 3581 1232 3650 ὅπερ
1262 3579 1487 3648 ἴσχυσεν
1533 3575 1809 3646 Ἀϐραὰμ,

244 3675 455 3738 Ίσαάκ,
492 3674 713 3740 Ἰακὼϐ,
740 3674 836 3726 καὶ
867 3673 1108 3741 Μωῠσῆς
1143 3673 1372 3733 ἐκεῖνος,
1407 3672 1502 3721 καὶ
1541 3669 1567 3721 ό
1595 3668 1808 3720 ἐκείνου

236 3767 512 3834 δεδομένος
535 3765 723 3835 νόμος,
745 3768 838 3819 ἐπὶ
866 3765 1028 3836 μόνου
1051 3763 1145 3818 τοῦ
1162 3764 1353 3832 γένους
1376 3761 1484 3813 τῶν
1507 3759 1804 3820 Ἰουδαίων,

246 3856 346 3906 Eva
376 3858 536 3911 σέϐειν
597 3857 821 3920 τούτους
857 3856 1158 3916 ἀναπείσας
1196 3855 1353 3917 Θεὸν,
1413 3851 1506 3902 καὶ
1567 3849 1675 3902 οὐδ’
1714 3849 1807 3900 ἐπὶ

245 3952 435 4004 τούτου
463 3953 614 4020 μόνου
648 3950 739 4005 τοῦ
778 3951 968 4020 γένους
999 3949 1088 4000 διὰ
1116 3947 1306 4007 τέλους
1361 3944 1577 4013 ἴσχυσε,
1628 3942 1805 3994 καίτοι

1903 2102 2119 2158 Domini
2177 2103 2352 2160 nostri
2387 2101 2515 2159 Iesu
2559 2102 2762 2158 Christi
2824 2100 2954 2154 fecit
2992 2099 3156 2154 corda
3198 2097 3486 2152 hominum

1902 2196 2058 2264 quasi
2094 2196 2413 2249 candidiora
2445 2206 2496 2251 et
2528 2196 2752 2264 puriora
2781 2205 2836 2250 et
2875 2205 3066 2264 parata
3106 2193 3173 2247 ad
3209 2191 3366 2246 ﬁdem
3403 2190 3489 2242 di-

1905 2287 2039 2341 vina.-
2093 2286 2408 2356 religionis.
2469 2295 2673 2341 attente
2728 2289 2991 2358 recogitet
3039 2288 3296 2358 quoniam
3356 2295 3490 2339 tunc

1907 2379 2075 2433 Deum
2109 2395 2216 2433 non
2247 2379 2656 2434 conﬁtebantur
2677 2380 2853 2434 solum
2886 2379 3172 2434 Dominum
3199 2387 3252 2432 et
3279 2388 3490 2432 creatr-

1906 2487 2016 2526 rem
2071 2472 2280 2535 mundi,
2326 2472 2417 2525 sed
2461 2471 2562 2526 soli
2601 2482 2654 2524 et
2699 2470 2838 2524 lunae
2877 2481 2929 2525 et
2967 2472 3132 2524 astris
3167 2469 3492 2536 caeterisque

1906 2564 2174 2618 creaturis
2209 2579 2508 2631 eorumque
2540 2563 2702 2618 idolis
2738 2562 2887 2616 velut
2918 2561 3022 2616 diis
3047 2561 3259 2615 divinos
3299 2560 3492 2613 redde-

1907 2656 2036 2709 bant
2078 2655 2346 2718 honores;
2383 2654 2552 2706 virtus
2584 2665 2764 2709 autem
2802 2654 3102 2723 praesentiae
3140 2651 3340 2706 Christi
3375 2668 3490 2703 on:-

1908 2763 2003 2802 nes
2039 2746 2254 2802 induxit
2300 2754 2359 2800 ut
2403 2762 2569 2801 unum
2605 2745 2772 2800 Deum
2804 2747 3200 2802 conﬁterentur
3240 2744 3484 2798 omnium

1906 2838 2221 2894 Creatorem
2271 2847 2326 2893 et
2362 2839 2674 2893 Dominum.
2709 2837 2774 2893 Et
2818 2837 2952 2892 illud
2995 2837 3155 2907 quod
3189 2837 3498 2898 Abraham,

1907 2931 2059 2986 lsaac
2103 2941 2152 2985 et
2186 2929 2352 2984 Jacob
2396 2945 2604 2984 necnon
2644 2930 2860 3001 Moyses
2887 2931 2978 2983 ille
3017 2940 3070 2983 et
3099 2929 3180 2984 lex
3219 2931 3286 2984 ab
3327 2944 3392 2983 co
3422 2931 3491 2982 ad

1908 3023 2085 3078 solum
2142 3022 2455 3077 Judaeorum
2512 3023 2770 3092 pepnlum
2841 3023 2964 3076 data
3018 3021 3109 3090 qui
3160 3020 3494 3089 jubebantur

1910 3130 2078 3168 unum
2120 3114 2350 3169 adorare
2381 3113 2575 3180 Deum,
2615 3115 2770 3168 istam
2797 3113 2966 3169 solam
3004 3113 3280 3167 nationem
3319 3128 3491 3180 usque

1910 3205 1978 3260 ad
2006 3206 2163 3260 tinem
2193 3207 2476 3261 continere
2501 3221 2610 3261 non
2646 3207 2820 3275 potuit
2859 3206 2985 3259 licet
3007 3222 3065 3258 ex
3103 3204 3350 3274 patribus
3379 3205 3494 3273 jam

1834 3320 1880 3382 ο
1911 3298 2003 3354 diu
2049 3299 2156 3352 illis
2188 3300 2511 3355 transmisso
2551 3299 2656 3354 hoc
2684 3299 2869 3352 divino
2894 3298 3152 3368 dogmate
3172 3297 3278 3351 hoc
3314 3297 3492 3365 ipsum

1910 3391 1964 3446 in
2015 3406 2207 3446 omnes
2259 3402 2447 3459 gentes
2487 3391 2657 3446 virtus
2694 3391 2904 3445 Domini
2940 3389 3242 3459 pra-sentite
3269 3396 3495 3456 operata

1908 3493 2011 3539 est.
2061 3483 2123 3538 Et
2161 3485 2244 3539 sic
2280 3492 2483 3552 paratae
2531 3491 2686 3538 erant
2725 3483 2980 3552 regiones
3021 3484 3094 3534 ad
3148 3480 3490 3549 spiritualem

1908 3586 2179 3638 messem,
2232 3573 2511 3640 plerisque
2559 3589 2622 3626 ex
2679 3574 2828 3626 omni
2874 3574 3098 3625 natione
3142 3571 3492 3625 credentibus

1910 3680 2080 3718 unum
2123 3680 2246 3719 esse
2273 3666 2520 3719 omnium
2557 3664 2892 3730 eﬂ‘ectorem,
2925 3664 3176 3719 certatim
3223 3677 3494 3732 apprope-

1914 3757 2159 3811 rantibus
2182 3757 2247 3811 ad
2279 3757 2558 3811 Christum
2588 3772 2881 3825 veramque
2909 3755 3001 3810 Dei
3031 3755 3372 3826 religionem,
3410 3753 3494 3805 in-

1915 3849 2214 3917 tclligeuter
2263 3850 2615 3902 audientibus
2663 3845 3014 3917 propheticus
3057 3855 3113 3899 et
3165 3845 3495 3914 apostolicas

1912 3942 2328 4010 praedicationes
2356 3941 2778 4011 Scripturasque
2811 3940 3206 3994 scrutantibus.

244 4047 389 4114 παρέι
421 4045 524 4098 τῶν
582 4044 861 4112 προγόνων
915 4039 1124 4096 ἄνωθεν
1162 4039 1346 4100 αὐτοῖς
1378 4034 1667 4104 δεδομένου
1712 4035 1805 4086 τοῦ
1849 4033 1997 4087 θείου
2063 4034 2357 4100 δόγματος,
2415 4032 2576 4086 τοῦτο
2628 4034 2722 4086 ἐπὶ
2773 4034 2993 4086 πάντων
3060 4033 3233 4100 γενῶν
3271 4050 3332 4085 τε
3401 4042 3496 4118 θεαὶ

231 4139 405 4190 ἐθνῶν
436 4137 724 4208 ήδύναμις
752 4137 848 4204 τῆς
879 4135 972 4188 τοῦ
1019 4134 1228 4203 Κυρίου
1281 4128 1588 4202 παρουσίας
1615 4129 1934 4198 εἰργάσατο,
1980 4125 2073 4178 καὶ¹
2130 4124 2304 4187 οὕτως
2375 4124 2584 4193 ἕτοιμοι
2641 4126 2929 4194 γεγόνασιν
2992 4127 3048 4178 αἱ
3115 4127 3289 4195 χῶραι
3358 4124 3495 4196 πρὸς

225 4239 324 4289 ττιν
356 4233 721 4300 πνευματικὸν
772 4232 1056 4302 θερισμὸν,
1101 4229 1208 4282 ἀπὸ
1242 4226 1441 4286 παντὸς
1476 4223 1663 4286 ἔθνους
1695 4222 1803 4276 τῶν
1837 4220 2247 4274 πιστευσάντων
2285 4220 2514 4288 ποιητὴν
2541 4219 2639 4272 ’ένα
2663 4220 2756 4272 τοῦ
2838 4220 3040 4284 παντὸς
3112 4216 3278 4281 εἶλαι,
3321 4237 3497 4290 προσ-

224 4333 543 4403 ερχομένων
597 4330 828 4400 ἑτοίμως
885 4312 990 4389 εἰς’
1023 4325 1282 4397 Χριστὸν,
1338 4324 1436 4376 καὶ
1487 4321 1586 4392 τὴν
1659 4317 1836 4389 ἀληθῆ
1918 4316 2232 4368 θεοσέϐειαν
2263 4315 2373 4368 τῶν
2404 4315 2545 4385 μετά
2575 4317 2844 4378 συνέσεως
2890 4315 3198 4368 ἀκουόντων
3233 4314 3326 4366 τοῦ
3365 4330 3500 4385 προ·

225 4427 468 4497 ςητικοῦ
498 4428 588 4480 καὶ
617 4423 978 4479 ἀποστολικοῦ
1009 4420 1392 4493 κηρύγματος,
1420 4418 1516 4471 καὶ
1546 4417 1644 4478 τὰς
1671 4412 1894 4485 Γραφὰς
1929 4411 2302 4483 ἐρευνώντων.

298 4518 465 4572 Οὕτω
510 4519 602 4570 καί¹
651 4519 808 4588 μόνον
857 4516 1053 4585 φανεὶς
1114 4515 1204 4567 ἐπὶ
1255 4512 1408 4581 γῆςὸ
1445 4510 1672 4580 Κύριος,
1707 4508 1816 4559 πᾶν

223 4614 390 4677 γένος
420 4607 723 4678 ἀνθρώπων
751 4609 858 4662 ἀπὸ
880 4609 978 4678 τῆς
1006 4606 1115 4658 τῶν
1156 4603 1392 4657 εἰδώλων
1424 4602 1626 4671 ἤγειρε,
1676 4598 1816 4652 πλά-

221 4719 355 4770 νης,
388 4702 436 4753 εἰ
472 4701 564 4752 καὶ
591 4697 664 4769 μὴ
695 4700 902 4760 πάντας
933 4694 1181 4757 εὐσεϐεῖς
1208 4691 1459 4756 ἀπέδειξε
1490 4706 1506 4721 ο
1555 4688 1651 4743 καὶ
1707 4686 1818 4758 γὰρ

222 4795 326 4844 καὶ
364 4793 421 4842 ὲν
448 4788 526 4857 τῷ
561 4789 804 4857 μέλλοντι
834 4786 992 4840 αἰῶνι
1047 4787 1080 4852 ὴ
1130 4781 1509 4852 δύναμις.τῆς
1557 4778 1819 4846 δευτέρας

1993 4506 2192 4560 Statim
2233 4521 2297 4560 ac
2335 4504 2605 4560 Dominus
2633 4505 2979 4575 apparuisset
3027 4505 3080 4558 in
3128 4515 3269 4559 terra
3320 4516 3492 4560 totum

1917 4597 2205 4652 hominum
2234 4613 2406 4668 genus
2428 4613 2492 4652 ex
2530 4598 2802 4652 idolorum
2838 4599 3123 4654 erroribus
3150 4600 3358 4663 eduxit,
3395 4603 3496 4655 etsi

1917 4705 2027 4744 non
2057 4705 2254 4746 omnes
2287 4691 2406 4759 pios
2432 4687 2632 4744 ell‘ecit.
2659 4690 2724 4743 Et
2752 4689 2972 4759 quidem
2999 4689 3056 4744 in
3088 4690 3274 4746 futuro
3295 4695 3498 4749 saeculo

1921 4785 2098 4839 virtus
2152 4783 2481 4854 posterioris
2521 4783 2643 4850 ejus
2698 4782 3163 4838 manifestationis
3215 4799 3405 4841 eniucs
3468 4804 3498 4839 a

226 4884 544 4950 παρουσίας
579 4881 744 4932 αὐτοῦ
778 4879 962 4946 ἐγερεῖ
993 4876 1200 4939 πάντας
1243 4872 1352 4927 ἀπὸ
1410 4870 1506 4924 τοῦ
1560 4869 1804 4933 θανάτου,

1925 4886 2104 4938 morte
2157 4875 2443 4940 excitabit,
2484 4887 2536 4930 et
2569 4885 2749 4930 tamen
2795 4893 2912 4933 non
2946 4894 3136 4933 omnes
3168 4895 3295 4934 vera
3332 4882 3504 4934 dona-

222 4979 276 5027 εἰ
311 4972 508 5041 καὶμὴ
539 4972 742 5034 πάντας
786 4969 1011 5036 ἀξιώσει
1041 4967 1161 5036 ’τῆς
1214 4965 1478 5036 ἀληθινῆς
1521 4963 1667 5033 ζωῆς
1697 4979 1710 4993 ·
1769 4962 1819 5014 οἱ

223 5071 336 5140 μὲν
377 5067 487 5134 γὰρ
519 5063 729 5125 ἀσεϐεῖς
757 5081 816 5115 τε
852 5063 944 5114 καὶ
976 5061 1280 5122 δυσσεὸεἰς,
1313 5057 1407 5110 καὶ
1437 5057 1485 5108 οἱ
1527 5056 1601 5125 μὴ
1631 5053 1823 5106 λαϐόν-

219 5182 322 5225 τες
356 5158 596 5212 ἐνταῦθα
621 5156 688 5209 δι’
720 5155 1167 5224 ἐξομολογήσεως
1224 5152 1317 5202 καὶ
1367 5148 1657 5219 μετανοίας
1721 5145 1819 5215 τὴν

219 5255 342 5307 τῶν
378 5249 790 5321 ἡμαρτημένων
816 5248 1186 5316 συγχώρησιν,
1220 5242 1294 5302 ὡς
1354 5243 1492 5310 μήτε
1553 5237 1821 5307 φυλάξαν-

219 5368 347 5413 τες.
393 5349 531 5417 μήτε
568 5344 906 5415 καθάραντες
956 5342 1183 5402 ἑαυτοὺς
1232 5338 1338 5392 ἀπὸ
1393 5336 1506 5388 τῶν
1561 5335 1818 5405 ἀμέτρων

216 5440 550 5510 ἐπιθυμιῶν
569 5438 664 5510 τῆς
696 5438 917 5509 σαρκὸς,
951 5435 1012 5487 αἴ
1035 5437 1174 5487 εἰσιν
1205 5431 1542 5502 ἀδδηφαγία,
1574 5433 1666 5483 καὶ
1724 5447 1820 5480 πο-

216 5531 496 5596 λυποσία,
521 5531 613 5583 καὶ
642 5530 800 5598 μέθη,
829 5531 924 5582 καὶ
955 5525 1156 5594 τρυφὴ,
1187 5525 1320 5594 παρ’
1361 5521 1437 5579 ὧν
1489 5525 1520 5594 ἡ
1580 5523 1820 5592 ἀμετρία

217 5626 484 5694 τηγάζει
515 5624 622 5678 τῶν
657 5619 1046 5692 ὑπογαστρίων
1077 5618 1291 5684 παθῶν,
1346 5617 1630 5687 μαλακίαι,
1689 5632 1821 5686 πορ-

219 5722 406 5781 νεῖαι,
425 5719 682 5786 μοιχεῖαι,
710 5718 802 5770 καὶ
839 5716 988 5768 πᾶσα
1033 5713 1320 5778 ἀκολασία,
1347 5710 1476 5782 παρ’
1504 5707 1566 5782 ἧς
1595 5711 1820 5764 ποθεινᾶ

221 5813 452 5882 γίνεται
474 5810 541 5863 τά
576 5811 800 5881 μυσαρά
854 5810 1077 5881 ῥήματα
1129 5810 1221 5862 καὶ
1264 5805 1608 5877 ἀκούσματα,
1654 5805 1818 5874 ὡραΐ-

300 5991 353 6026 ⁷⁷
382 5991 535 6046 Joan.
568 6007 636 6058 tv,

1922 4969 2000 5024 bit
2030 4969 2159 5023 vita.
2195 4968 2350 5038 lmpii
2403 4967 2548 5021 enim
2585 4975 2641 5022 et
2676 4968 2972 5037 irreligiosi
3006 4977 3060 5022 et
3106 4972 3199 5040 qui
3245 4987 3338 5040 per
3367 4988 3503 5026 con-

1923 5062 2220 5117 fessionem
2253 5071 2303 5115 ct
2339 5064 2720 5130 posuitentiam
2761 5068 3115 5130 peccatorum
3159 5066 3373 5116 veniam
3408 5079 3501 5117 ac-

1921 5159 2106 5226 cipere
2139 5171 2246 5210 non
2281 5164 2625 5220 meruerunt,
2658 5157 2864 5225 pariter
2891 5155 2985 5224 qui
3013 5172 3071 5211 se
3099 5173 3206 5210 non
3231 5158 3504 5210 immunes

1922 5259 2284 5304 scrtaverunt
2313 5265 2415 5305 nec
2447 5259 2816 5319 purgaverqu
2855 5250 2922 5303 ab
2957 5249 3286 5302 inordinatis
3319 5248 3502 5302 carnis

1919 5341 2411 5411 concupiscentiis,
2448 5357 2569 5412 qua;
2614 5352 2744 5396 sunt
2779 5341 3053 5411 ingluvies
3086 5349 3137 5394 et
3168 5342 3500 5409 ρυιιιιιοιυιῖο

1916 5445 1972 5490 et
2009 5435 2248 5489 ebrietas
2278 5443 2332 5489 et
2363 5435 2694 5490 comessatio
2739 5451 2804 5489 ex
2839 5435 3043 5504 quibus
3075 5432 3384 5487 scaturiunt
3416 5432 3498 5484 la-

1918 5525 2081 5582 Scivm
2133 5527 2340 5582 Ventris
2396 5524 2674 5590 libidines,
2723 5523 3017 5585 mollities,
3076 5520 3496 5584 fornicationes,

1918 5617 2210 5680 adulteria,
2265 5626 2317 5670 et
2374 5630 2568 5670 onmes
2622 5611 3061 5684 intemperantia:
3090 5627 3211 5679 qua:
3238 5610 3499 5679 jucunda:

1920 5718 2069 5762 sunt.
2102 5708 2354 5762 obscena
2390 5708 2444 5762 in
2477 5708 2625 5763 dictu
2663 5715 2719 5760 et
2753 5705 2967 5768 amlitu,
3006 5703 3058 5755 in
3086 5702 3416 5770 spectaculis
3447 5712 3501 5758 et

1931 5802 2316 5860 saltationibus
2351 5819 2362 5858 :
2398 5802 2512 5859 hinc
2566 5811 2751 5860 autem
2791 5817 2916 5858 cum
2960 5806 3212 5868 sumptus
3260 5797 3506 5869 exigant,
