4014 6430
245 378 345 459 τιτι

1553 401 1888 461 IIOMILIA
1928 401 2173 460 XXVII.

3414 393 3522 454 3-12

245 509 343 560 καὶ
371 508 421 560 οί
451 509 548 576 τῆς
581 510 862 575 εὐσεϐείας
904 511 1238 579 διδάσκαλοι,
1277 513 1351 578 ὡς
1382 516 1519 585 πρὸς
1578 515 1724 584 ζωὴν
1755 517 1836 567 αί-

1965 529 2172 566 nessem
2217 511 2426 582 eligunt
2453 524 2516 566 et-
2547 513 2872 567 discernunt
2917 514 3062 566 velut
3103 528 3131 565 a
3172 511 3353 565 tritico
3385 513 3529 564 ziza-

246 599 406 652 ώνιον
430 600 560 664 τοὺς
600 601 960 673 πειθομένους
992 604 1337 673 συνάγοντες.
1366 605 1596 676 Ἕτερος
1626 607 1683 660 δέ
1718 608 1835 661 ἐστι

244 693 512 762 θερισμὸς
545 696 576 764 ἡ
609 695 716 747 ἀπὸ
749 697 841 749 τὸν
868 697 1105 751 ἐνταῦθα
1129 699 1266 767 πρὸς
1297 699 1390 753 τὸν
1419 700 1687 769 μέλλοντα
1720 700 1838 770 βίον

249 786 410 856 ἡμῶν
437 786 670 840 ἑκάστου
701 787 790 842 διὰ
827 791 1064 844 θανάτου
1120 790 1411 861 μετάθεσις
1450 808 1463 823 ο
1507 792 1566 855 ὃς
1613 792 1708 847 καὶ
1751 794 1838 844 θε-

251 879 445 946 ριστὰς
477 878 538 931 οὐ
595 881 721 943 τοὺς
775 883 1130 947 ἀποστόλους,
1185 883 1322 937 ἀλλὰ
1381 884 1506 946 τοὺς
1568 885 1836 953 ἀγγέλους

250 971 386 1039 ἔχει,
443 971 664 1042 ἔχοντάς
721 992 774 1027 τι
822 975 917 1028 καί
980 975 1088 1028 τῶν
1143 976 1461 1029 ἀποστόλων
1516 976 1701 1044 πλέον,
1753 978 1836 1031 ὅτι

250 1063 352 1115 καὶ
382 1064 521 1131 μετὰ
551 1065 643 1116 τὸν
690 1063 951 1135 θερισμὸν
981 1065 1318 1132 ἐκλέγονται,
1349 1068 1441 1119 καὶ
1483 1065 1840 1137 διαχωρίζου-

252 1171 362 1214 σιν,
388 1153 465 1214 ὡς
497 1157 603 1207 ἀπὸ
637 1153 788 1208 σίτου
836 1156 903 1209 τὰ
943 1155 1180 1221 ζιζάνια,
1237 1157 1363 1220 τοὺς
1416 1161 1684 1229 πονηροὺς
1733 1161 1840 1212 ἀπὸ

251 1243 368 1294 τῶν
401 1243 619 1310 ἀγαθῶν
656 1261 670 1276 ·
705 1245 801 1297 καὶ
837 1246 966 1307 τοὺς
998 1246 1098 1315 μὲν
1123 1245 1366 1313 ἀγαθοὺς
1414 1246 1840 1318 προπέμπουσι)

251 1336 334 1395 εἷς
364 1334 462 1401 τὴν
491 1335 772 1404 βασιλείαν
813 1337 921 1388 τῶν
961 1335 1226 1406 οὐρανῶν,
1278 1335 1406 1399 τοὺς
1463 1337 1519 1388 δὲ
1569 1339 1840 1407 πονηρους

256 1425 542 1492 ῥίπτουσιν
586 1429 666 1490 είς
694 1428 793 1496 τὴν
823 1429 1051 1495 γέενναν
1102 1429 1196 1480 τοῦ
1264 1428 1458 1496 πυρός.
1539 1429 1700 1482 Ἀλλὰ
1745 1432 1840 1482 καὶ

1938 603 2028 657 nia
2061 604 2232 658 malos
2261 618 2290 656 a
2332 603 2514 668 bonis,
2547 615 2600 658 et
2649 605 2829 660 honos
2869 605 3092 674 quidem
3130 603 3440 657 conducent
3473 603 3527 654 in

1937 711 2165 765 regnum
2200 697 2490 760 cmlorum,
2520 698 2693 752 malos
2716 714 2846 752 vero
2885 699 3107 750 mittent
3139 697 3191 749 in
3223 697 3528 764 gehennam

1934 787 2098 856 ignis.
2135 786 2339 842 Horum
2386 788 2653 842 exhibitio
2700 790 2999 844 secundum
3037 788 3242 842 Clnisti
3291 784 3532 852 Evange-

1936 879 2095 941 lium,
2161 881 2279 947 ipso
2343 890 2558 948 tempus
2609 889 2668 942 et,
2716 881 2881 934 verba
2937 880 3342 949 suppeditante,
3393 873 3532 928 alias

1938 973 2280 1026 ostendetur.
2317 970 2536 1026 Utinam
2558 987 2616 1029 et
2639 989 2738 1029 nos
2759 975 2902 1028 sicut
2927 989 3073 1027 nunc
3101 987 3293 1026 sumus
3319 969 3531 1024 electus

1941 1061 2038 1116 Dei
2073 1063 2332 1132 papulas,
2371 1080 2507 1134 gens
2538 1075 2750 1131 sancta,
2775 1067 3022 1120 Ecclesia
3058 1064 3150 1118 Dei
3185 1064 3314 1126 vivi,
3348 1078 3534 1130 segre-

1939 1160 2047 1229 gati
2080 1162 2146 1213 ab
2172 1160 2435 1217 omnibus
2475 1161 2658 1231 impiis
2694 1171 2748 1216 et
2774 1161 3120 1229 irreligiosis,
3158 1161 3228 1212 ita
3260 1158 3313 1211 in
3347 1156 3532 1209 l‘ulnro

1941 1252 2144 1306 swculo
2179 1269 2207 1306 a
2241 1253 2470 1308 zizaniis
2502 1256 2772 1324 segregati
2808 1257 3154 1309 inveniamur
3187 1262 3241 1306 et
3285 1240 3532 1305 salvato—l

1948 1359 2068 1397 rum
2107 1346 2280 1400 tunbae
2311 1347 2552 1416 adjnneti
2579 1348 2632 1401 in
2671 1349 2789 1418 ipso
2821 1349 3046 1403 Christo
3083 1346 3316 1398 Domino
3342 1353 3535 1396 nostro

1948 1437 2042 1505 qui
2073 1447 2158 1492 est
2187 1439 2506 1496 benedictus
2537 1457 2631 1504 per
2664 1442 2883 1496 sarcula.
2917 1441 3114 1494 Amen.

253 1521 465 1574 ’τούτων
493 1525 524 1591 ἡ
551 1527 895 1595 παράστασις
923 1526 985 1578 ἐκ
1020 1525 1115 1578 τοῦ
1150 1527 1485 1593 Εὑαγγελίου
1541 1525 1634 1579 τοῦ
1687 1529 1945 1597 Χριστοῦ,
1976 1534 2208 1598 διδόντος
2246 1537 2413 1589 αὑτοῦ
2475 1541 2665 1608 καιρὸν
2711 1542 2805 1593 καὶ
2860 1539 3037 1606 λόγον,
3093 1537 3278 1590 ἄλλοτε
3319 1534 3537 1604 δειχθή-

256 1617 668 1672 σεταιοΓένοιτο
731 1619 786 1672 δὲ
855 1617 1237 1691 ὴμᾶ.,ὦσπερ
1283 1621 1376 1674 νῦν
1431 1626 1598 1690 ἐσμεν
1676 1625 1932 1688 ἐκλεκτὸς
1987 1629 2122 1681 Θεοῦ
2167 1631 2311 1694 λαὸς,
2341 1635 2496 1698 γένος
2557 1635 2723 1701 ἱερὸν,
2767 1633 3066 1700 Ἐκκλησία
3114 1631 3314 1695 ζῶντος
3373 1628 3541 1681 Θεοῦ»

257 1711 637 1782 κεχωρισμένη
715 1713 931 1766 πάντων
998 1714 1211 1768 ἀσεϐῶν
1260 1734 1318 1768 τε
1380 1719 1474 1772 καὶ
1523 1718 1820 1784 δυσσεϐὦν,
1855 1718 1998 1773 οὕτω
2028 1728 2120 1774 καὶ
2148 1726 2238 1777 ἐπὶ
2273 1725 2364 1778 τοῦ
2403 1727 2689 1795 μέλλοντος
2711 1726 2931 1787 αἰῶνος,
2983 1725 3090 1778 τῶν
3125 1727 3222 1794 μὲν
3279 1722 3539 1786 ζιζανίων

259 1805 553 1875 εὑρεθῆναι
597 1811 1057 1878 κεχωρισμένους.
1127 1815 1193 1882 τῇ
1265 1812 1322 1864 δὲ
1389 1815 1569 1882 μερίδι
1639 1817 2021 1886 συνημμένους
2083 1818 2189 1870 τῶν
2221 1821 2568 1891 σωζομένων,
2635 1823 2692 1873 ἐν
2746 1822 2894 1891 αὐτῷ
2947 1820 3170 1891 Χριστῷ
3235 1821 3308 1888 τῷ
3348 1819 3540 1889 Κυρίῳ

261 1900 438 1968 ἡμῶν,
467 1901 525 1963 ὃς
558 1903 705 1955 ἐστιν
733 1905 1021 1974 εὐλογητὸς
1051 1907 1129 1970 εἰς
1156 1900 1282 1969 τοὺς
1311 1908 1530 1970 αἰῶνας.
1553 1907 1750 1978 Ἀμήν.

761 2023 913 2094 151
954 2027 1198 2078 UMIAIA
1252 2029 1377 2079 KZ'.

278 2131 731 2208 Ἐξίφωῖηθεῖσα
754 2136 847 2208 καὶ
874 2137 1029 2204 αὕτη
1055 2137 1126 2190 ἐν
1152 2136 1232 2202 τῷ
1262 2138 1442 2208 καιρῷ
1463 2138 1566 2191 τοῦ
1589 2139 1802 2206 θέρους
1833 2158 1846 2171 ·

457 2200 498 2276 ᾖ
542 2200 651 2258 διαὶ
683 2207 815 2274 περὶ
863 2208 968 2259 τοῦ
1005 2200 1371 2276 μέλλον-τος⁷
1403 2200 1550 2279 ἡμῖν
1597 2200 1848 2279 λογικοῦ

413 2294 580 2328 οουσ.

405 2294 580 2342 ρους.

346 2390 364 2420 ι
415 2370 470 2423 Ὀ
496 2371 650 2436 λόγος
683 2371 742 2425 ὂν
766 2371 1024 2443 ἐλάλησα,
1055 2373 1260 2435 ἐκεῖνος
1293 2377 1472 2443 κρινεῖ
1529 2373 1714 2438 αὐτὸν,
1768 2393 1786 2426 ι
1823 2376 1851 2428 ὁ

271 2461 476 2531 Κύριος
501 2464 558 2516 ἐν
591 2464 943 2532 Εὑαγγελίοις
969 2466 1124 2535 φησί.
1147 2465 1348 2520 Τοῦτον
1381 2465 1476 2518 καὶ
1505 2467 1666 2535 ἡμεῖς
1699 2466 1849 2534 ὑμῖν,

271 2553 527 2620 ἀδελφοὶ,
581 2556 1024 2624 καταγγέλλομεν
1086 2555 1178 2608 τὸν
1264 2555 1443 2622 λόγον.
1497 2555 1703 2626 Μηδεὶς
1757 2551 1852 2608 οὖν

273 2645 464 2705 ἀκοαῖς
520 2646 842 2717 εἰσδεχέσθω
873 2648 1063 2701 τοῦτον
1119 2648 1196 2711 ὡς
1248 2649 1328 2710 εἰς
1385 2649 1523 2718 ἀέρα
1568 2647 1852 2716 λυόμενον,

273 2737 392 2788 ἀλλ’
419 2737 495 2800 ὡς
527 2740 754 2808 μένοντα
805 2742 897 2794 καὶ
934 2741 1199 2810 μέλλοντα
1256 2743 1368 2804 τοῖς
1418 2742 1519 2812 μὲν
1562 2740 1631 2794 δι’
1677 2741 1855 2810 ἔργων

274 2829 621 2898 πειθομένοις
655 2831 930 2901 σωτηρίαν
969 2831 1248 2901 παρέξειν,
1302 2832 1414 2893 τοῖς
1463 2830 1517 2882 δὲ
1573 2829 1854 2895 ἁθετοῦσι,

273 2925 374 2976 καὶ
399 2923 654 2975 τάναντία
675 2923 764 2977 διὰ
810 2924 919 2976 τῶν
948 2922 1127 2993 ἔργων
1160 2922 1652 2992 ἐπιδεικνυμένοις,
1707 2924 1858 2976 ἀντι-

276 3016 718 3085 καταστήσεσθαι
743 3014 878 3086 πρὸς
904 3017 1125 3086 ἔλεγχον
1155 3017 1248 3069 ἐπὶ
1273 3015 1367 3069 τοῦ
1399 3015 1686 3084 μέλλοντος
1734 3033 1859 3085 φρι-

275 3106 618 3160 κωδεστάτου
649 3108 892 3178 βήματος
946 3108 1185 3164 ἐκείνου.
1251 3107 1516 3178 Καθάπερ
1555 3103 1648 3161 οὖν
1699 3107 1858 3176 ἡμῶν

275 3197 509 3262 ἕκαστος
540 3199 715 3253 οίκίαν
746 3207 839 3255 καὶ
868 3201 1195 3270 συγγένειαν
1239 3202 1376 3271 ἔχει,
1410 3201 1502 3254 καὶ
1565 3201 1756 3272 ἁγρόν,
1810 3203 1858 3253 εἰ

275 3292 458 3363 τύχοι,
483 3295 577 3346 καὶ
598 3295 914 3363 ἀμπελῶνα.
959 3297 1039 3348 ἔτι
1073 3296 1129 3348 δὲ
1168 3296 1262 3348 καὶ
1306 3295 1443 3359 ζῶα,
1475 3294 1738 3365 χρήματά
1799 3311 1858 3347 τε

280 3388 378 3438 καὶ
432 3387 687 3455 κτήματα
740 3387 997 3458 διάφορα,
1045 3387 1218 3451 οὕτως
1253 3389 1405 3457 ἡμᾶς
1469 3388 1593 3441 ἀντὶ
1644 3361 1933 3442 πάιντωνδ3

279 3478 491 3531 τούτων
521 3479 608 3531 διὰ
653 3478 750 3548 τὴν
783 3479 948 3531 αὑτοῦ
981 3479 1398 3551 φιλανθρωπίαν
1443 3481 1471 3533 ὁ
1521 3479 1654 3540 Θεὸς
1703 3480 1859 3548 ἠγεῖ-

282 3590 374 3624 τειι
401 3590 414 3602 ο
443 3591 463 3624 ι
499 3569 656 3634 Οἶκος
690 3572 798 3642 γὰρ
825 3574 1007 3642 ἡμεῖς,
1037 3573 1203 3642 φησὶν
1234 3575 1261 3625 ὁ
1311 3572 1366 3624 Ἀ
1380 3570 1662 3636 πόστολος,
1693 3572 1857 3639 ἐσμὲν

287 3666 443 3733 Θεοῦ,
499 3667 702 3737 ἐάνπερ
740 3667 838 3739 τὴν
867 3667 1160 3737 ὁμολογίαν
1194 3667 1288 3721 καὶ
1327 3667 1389 3718 τὸ
1445 3668 1707 3735 καύχημα
1757 3666 1854 3734 τῆς

300 3757 499 3822 ἐλπίδος
561 3759 724 3830 μέχρι
752 3759 941 3822 τέλους
980 3759 1206 3829 βεϐαίαν
1261 3759 1660 3828 κατάσχωμεν·
1711 3776 1729 3808 ›
1773 3757 1860 3810 διὰ

309 3852 404 3920 μὲν
432 3855 515 3923 τῆς
551 3854 841 3923 ὁμολογίας
868 3853 968 3924 τὴν
985 3852 1294 3920 εὐσέϐειαν,
1321 3852 1408 3904 διὰ
1436 3851 1492 3903 δὲ
1516 3851 1612 3904 τοῦ
1649 3850 1861 3920 καυχή-

299 3961 462 4012 ματος
487 3946 583 4014 τῆς
621 3947 833 4010 ἐλπίδος
865 3947 954 3999 τον
982 3945 1272 4021 θεάρεστον
1324 3944 1646 4005 ὑποδεικνὺς
1695 3943 1809 4012 βίον
1847 3959 1861 3972 ο

291 4039 368 4099 ὠς
408 4039 501 4091 καὶ
537 4039 713 4102 ὀΘεδς
744 4037 865 4092 εἶπε
908 4039 998 4092 διὰ
1049 4038 1146 4091 τοῦ
1200 4038 1524 4107 Προφήτου-
1582 4056 1599 4088 ι
1642 4036 1863 4089 Γίνεσθε

288 4129 458 4197 ἅγιοι,
494 4131 693 4199 ὃτιὲγὼ
711 4129 865 4196 ἅγιός
895 4131 1065 4199 εἰμι.»
1111 4129 1216 4183 Καὶ
1233 4129 1487 4196 Ἰωάννης
1518 4127 1863 4196 ὁὴγαπημέ-

284 4238 376 4285 νος
405 4222 483 4291 τῷ
508 4220 725 4292 Χριστῷ
742 4221 1006 4289 δείκνυσι,
1031 4221 1214 4288 ,λέγων
1249 4237 1262 4252 °
1301 4239 1319 4272 ι
1341 4221 1508 4274 Οὔπω
1541 4220 1862 4291 ἐφανερώθη

284 4315 341 4366 τί
373 4314 636 4381 ἐσόμεθα,
668 4315 891 4385 οἴδαμεν
917 4313 974 4366 δὲ
1029 4315 1112 4367 ὅτι
1149 4315 1245 4368 ἐὰν
1302 4314 1618 4383 φανερωθῇ,
1686 4313 1865 4381 ὅμοιοι

286 4407 444 4476 αὕτῷ
468 4407 702 4475 ἐσόμεθα
725 4425 739 4440 ο
767 4409 863 4461 καὶ
897 4409 1005 4467 πᾶς
1031 4409 1058 4458 ὁ
1099 4407 1238 4477 ἔχων
1264 4408 1362 4479 τὴν
1401 4407 1594 4460 ἐλπίδα
1659 4405 1868 4475 ταύτην

287 4500 508 4568 ἁγνίζει
533 4502 739 4564 ἑαυτὸν,
765 4501 952 4562 καθὼς
977 4503 1183 4564 ἐκεῖνος
1213 4500 1376 4569 ἁγνός
1404 4502 1575 4555 ἐστιν.
1612 4518 1630 4553 ι
1673 4500 1870 4570 Ἐσμὲν

287 4593 387 4649 οἷν
416 4597 508 4648 καὶ
533 4595 891 4664 διαμενοῦμεν
917 4591 1062 4660 οἶκος
1090 4596 1183 4649 τοῦ
1206 4595 1451 4657 εἰπόντος
1475 4611 1489 4626 ·
1547 4613 1565 4646 ι
1620 4594 1870 4666 Ἐνοική-

293 4709 374 4741 σω
405 4691 463 4741 ἐν
487 4690 668 4750 αὐτοῖς
702 4689 796 4741 καὶ
826 4690 1286 4758 ὲμπεριπατήσω,
1324 4687 1417 4740 καὶ
1450 4686 1646 4757 ἔσομαι
1691 4687 1871 4740 αὐτῶν

293 4784 455 4846 (θεὸς,
502 4783 806 4850 »ἐὰνμετὰ
837 4783 938 4850 τῆς
984 4782 1270 4844 εὐσεϐείας
1323 4781 1418 4834 κειὶ
1476 4780 1592 4850 βίον
1655 4781 1872 4850 ἔχωμεν

297 4878 564 4947 καθαρόν.
607 4877 731 4929 Ἐάν
754 4877 810 4928 δὲ
838 4876 1178 4945 πλημμελῶς
1205 4877 1300 4928 καὶ
1330 4873 1721 4943 ἅμετανοήτως
1767 4873 1874 4937 ζῶο

299 4990 424 5040 ειεν,
459 4970 763 5040 ἁκούοομεν
796 4968 929 5040 παρ’
951 4967 1119 5021 αὐτοῦ
1143 4984 1158 4999 ’
1198 4985 1219 5014 ι
1264 4965 1395 5020 Ἰδοὺ
1427 4966 1649 5035 ἀφίεται
1674 4966 1702 5018 ὁ
1729 4962 1878 5027 οἶκος

296 5067 459 5136 ὑμῶν
496 5065 722 5134 ἔρημος,
765 5082 782 5115 ι
813 5064 907 5116 καὶ
937 5060 1585 5132 ὲγκαταλειφθησόμεθα,
1618 5060 1685 5114 ἵν’
1738 5062 1879 5113 εῑπω

296 5160 467 5214 πάλιν
502 5158 560 5210 τὸ
586 5157 685 5225 τῆς
725 5156 974 5224 Γραφῆς,
1023 5172 1040 5204 ι
1091 5155 1178 5216 Ὡς
1234 5151 1408 5223 σκηνὴ
1457 5153 1516 5204 ἐν
1567 5151 1880 5222 ἀμπελῶνι,

1883 2017 1929 2074 Β

2483 2030 2761 2084 liOMlLlA
2791 2030 3012 2084 XXV".

1956 2142 2108 2197 [ιῑτια
2143 2145 2301 2198 etiam
2343 2154 2571 2213 tempore
2605 2145 2828 2208 messis;
2861 2147 2948 2196 ubi
2984 2152 3032 2197 cl
3067 2146 3131 2196 de
3169 2144 3356 2213 futura
3391 2141 3539 2195 nobis

2506 2233 2671 2269 messe
2709 2215 3001 2282 spirituali.

2033 2393 2050 2426 ι
2085 2373 2284 2430 Sermo
2312 2391 2476 2446 quem
2509 2377 2725 2431 locutus
2756 2391 2899 2441 sum,
2936 2376 3026 2429 ille
3048 2374 3316 2444 iudicabit
3338 2388 3484 2434 eum,
3517 2391 3536 2425 ι

1953 2464 2094 2519 dixit
2116 2467 2385 2521 Dominus
2414 2468 2467 2521 in
2493 2467 2880 2537 Evangeliis".
2908 2467 3064 2522 Hune
3104 2467 3280 2529 vobis,
3321 2467 3544 2530 l‘ratres,

1956 2571 2266 2611 sermonem
2300 2573 2400 2614 nos
2433 2559 2852 2615 adnuntiamus.
2888 2559 3063 2614 Nemo
3097 2560 3258 2629 igitur
3286 2575 3412 2613 eum
3442 2574 3545 2610 au-

1955 2648 2110 2703 ribus
2134 2649 2400 2719 percipiat
2429 2652 2588 2719 quasi
2625 2652 2680 2706 iu
2705 2667 2887 2707 aerem
2930 2653 3194 2714 solutum,
3225 2653 3318 2706 sed
3343 2662 3402 2706 ut
3430 2667 3547 2704 ma-

1956 2749 2176 2795 nentem
2219 2752 2273 2796 et
2328 2742 2560 2798 salutem
2612 2760 2710 2813 per
2739 2759 2906 2814 Opera
2947 2744 3106 2798 [idem
3152 2741 3548 2797 exhibentihns

1959 2833 2310 2904 largiturum,
2342 2838 2728 2906 spernentibus
2778 2838 2975 2905 fantem
3013 2845 3068 2890 et
3097 2835 3377 2890 contraria
3411 2847 3547 2902 ope-

1963 2927 2112 2981 ribus
2139 2927 2548 2996 proferentibus
2578 2931 2630 2983 in
2655 2930 2864 2984 crimen
2897 2930 3315 2984 adversaturum
3344 2926 3398 2979 in
3450 2924 3544 2978 illo

1961 3020 2151 3075 futuro
2181 3028 2236 3076 et
2271 3022 2521 3077 horribili
2564 3023 2794 3091 judicio.
2837 3021 3052 3077 Idcirco
3078 3019 3543 3091 quemadmodmn

1962 3129 2064 3169 nos
2090 3115 2292 3181 singuli
2320 3116 2541 3169 domum
2569 3126 2623 3170 et
2641 3125 2909 3185 cognatos
2932 3117 3222 3176 habemus,
3243 3124 3296 3168 et
3327 3128 3544 3182 agrum.

1963 3207 2328 3277 iortassisque
2359 3209 2549 3272 vitem,
2570 3209 2748 3263 adhuc
2781 3218 2962 3263 autem
2997 3219 3052 3262 et
3079 3223 3275 3277 pecora
3304 3215 3359 3258 et
3390 3220 3551 3257 num-

1965 3314 2086 3355 mos
2117 3301 2411 3371 variasque
2444 3303 2683 3368 divitias,
2729 3303 2803 3356 ita
2841 3316 2942 3356 nos
2986 3316 3082 3370 pro
3123 3301 3245 3355 istis
3289 3298 3549 3352 euntibus

1968 3406 2194 3462 propter
2245 3393 2592 3448 clement’am
2652 3409 2807 3448 suam
2860 3392 2986 3447 dic-it
3034 3392 3174 3446 Deus
3215 3407 3231 3448 :
3275 3408 3294 3442 ι
3343 3391 3550 3443 Domus

1966 3485 2136 3549 enim,
2168 3485 2244 3539 ait
2276 3486 2574 3554 Apostolus
2601 3487 2670 3550 ⁸⁰,
2713 3485 2802 3540 Dei
2848 3499 3042 3539 sumus
3068 3523 3083 3546 ,
3121 3503 3138 3536 ι
3186 3484 3231 3537 si
3294 3482 3548 3536 fiduciam

1966 3584 2022 3631 et
2063 3576 2293 3645 gloriam
2340 3578 2454 3646 spei
2499 3591 2674 3644 usque
2728 3575 2780 3629 in
2817 3576 2977 3628 linem
3042 3577 3256 3628 ﬁrmam
3312 3573 3554 3627 retinea-

1969 3684 2091 3722 mus
2111 3666 2178 3731 ⁸⁸,
2214 3669 2376 3723 modo
2401 3683 2495 3736 per
2526 3669 2778 3722 lldnciam
2801 3668 3080 3736 pietatem,
3114 3675 3168 3718 et
3195 3681 3290 3734 per
3317 3665 3548 3734 gloriam

1969 3759 2119 3822 lidei,
2151 3759 2262 3813 Deo
2286 3761 2588 3828 placentem
2618 3761 2781 3814 vitam
2820 3757 3186 3828 proferamus,
3215 3757 3375 3812 sienti
3409 3758 3555 3809 Deus

1971 3866 2072 3920 per
2122 3855 2442 3921 prophetam
2499 3851 2684 3905 dixit:
2725 3869 2742 3902 ι
2785 3849 2972 3903 Sancti
3027 3858 3229 3912 estote,
3290 3847 3557 3915 quoniam

1971 3955 2070 4010 ego
2103 3951 2332 3996 sanctus
2373 3957 2493 3996 sum
2522 3942 2588 3996 ⁸³.
2627 3959 2646 3992 ι
2688 3940 2754 3995 Ει
2783 3938 3024 3995 Joannes
3056 3939 3279 3992 Christo
3325 3937 3558 3991 dilectus

1973 4035 2218 4089 ostendit
2247 4036 2436 4091 dicens
2470 4053 2483 4090 :
2525 4055 2544 4088 ι
2582 4036 2841 4091 Nondum
2880 4033 3136 4104 apparuit
3169 4033 3296 4102 quid
3324 4033 3554 4085 erimus.

1975 4127 2190 4184 Scimus
2214 4130 2472 4199 quoniam
2497 4145 2620 4184 cum
2652 4128 2970 4198 apparuerit
2993 4125 3204 4182 similes
3235 4125 3283 4177 ei
3314 4125 3552 4184 erimus;

1973 4233 2028 4278 et
2057 4224 2241 4278 omnis
2275 4223 2366 4292 qui
2401 4223 2565 4277 habet
2609 4221 2754 4276 hanc
2806 4236 2960 4289 spem
3011 4221 3065 4273 in
3116 4234 3203 4284 eo,
3245 4215 3559 4273 sanctiﬁcat

1978 4331 2059 4383 se,
2099 4317 2243 4371 sicut
2281 4327 2335 4369 et
2384 4315 2475 4368 ille
2515 4325 2738 4368 sanctus
2769 4321 2854 4367 est
2884 4312 2950 4366 ⁸³.
2996 4331 3014 4362 ι
3061 4310 3270 4364 Sumus
3318 4323 3450 4377 ergo
3504 4317 3560 4360 et

1977 4423 2265 4462 manemus
2312 4406 2512 4461 domus
2550 4406 2785 4460 dicentis
2836 4423 2850 4459 :
2907 4421 2926 4454 ι
2967 4403 3294 4456 lnhabitabo
3333 4401 3385 4452 in
3428 4400 3558 4461 illis,

1977 4514 2031 4558 et
2060 4501 2406 4555 inambulabo
2439 4501 2580 4556 inter
2629 4515 2750 4562 eos,
2785 4506 2840 4552 et
2873 4513 2970 4551 ero
3014 4496 3230 4549 illorum
3272 4495 3414 4547 Deus
3449 4493 3554 4554 “,p

1980 4595 2025 4648 si
2053 4594 2194 4662 piam
2227 4608 2529 4663 puramque
2553 4607 2782 4661 agamus
2805 4591 2997 4644 vitam.
3030 4589 3084 4642 Si
3115 4603 3244 4640 vero
3279 4604 3385 4641 nun
3414 4597 3564 4641 recte

1981 4695 2034 4740 et
2093 4687 2213 4741 sine
2275 4684 2594 4754 pmnitentia
2642 4684 2924 4747 vivamus,
2977 4682 3046 4735 ab
3103 4697 3169 4734 eo
3226 4682 3562 4759 audiemus:

1984 4799 2002 4830 ι
2040 4779 2182 4832 Ecce
2222 4778 2545 4846 relinquitur
2599 4776 3016 4830 domus-vestra
3067 4774 3282 4829 deserta
3325 4775 3408 4840 3‘;
3447 4791 3464 4824 ι
3512 4785 3568 4827 ει

1974 4873 2445 4942 derelinquemur,
2475 4878 2534 4923 ut
2567 4871 2762 4924 iterum
2794 4869 3094 4924 secundum
3117 4867 3457 4934 Seripturam
3486 4868 3568 4919 lo-

1976 4982 2139 5034 quar,
2179 4985 2196 5016 ι
2231 4974 2289 5019 ιιι
2319 4963 2700 5017 umbracnlum
2733 4963 2784 5015 in
2818 4962 3000 5022 vinea,
3023 4969 3077 5013 et
3102 4960 3248 5014 sicut
3286 4958 3566 5028 tugurium

1978 5059 2034 5112 in
2066 5042 2467 5118 cucumerario,
2498 5074 2516 5106 ι
2555 5072 2698 5123 (ιιιιυ,
2731 5053 2921 5121 elapso
2952 5051 3137 5105 utendi
3172 5059 3444 5118 tempore,
3483 5047 3569 5101 ui-

1981 5152 2056 5205 hil
2093 5152 2220 5205 boni
2255 5160 2601 5205 asservatum
2643 5146 2950 5202 continent.

299 5255 395 5306 καὶ
417 5251 491 5312 ὡς
516 5247 966 5316 ὀπωροφυλάκιον
996 5246 1052 5296 ἐν
1085 5243 1387 5316 σικυράτῳ,
1429 5263 1447 5295 ι
1479 5244 1605 5297 ὅταν
1632 5243 1728 5296 τοῦ
1767 5243 1962 5313 καιροῦ
1993 5245 2094 5313 τῆς
2162 5243 2352 5314 χρείας
2424 5241 2849 5310 παρῳχηκότος,
2927 5238 3094 5308 μηδὲν
3141 5235 3382 5306 χρηστὸν
3445 5236 3570 5286 ἐνα-

297 5347 626 5414 ποκείμενον
653 5343 867 5412 ἔχωσιν.

373 5444 499 5495 ’Ὁτι
529 5441 583 5492 δὲ
611 5438 806 5498 καῖ’ὡς
845 5437 1126 5503 συγγενεῖς
1152 5436 1300 5504 ἡμᾶς
1334 5435 1551 5504 ἡγεῖται
1582 5435 1608 5485 ὁ
1642 5432 1875 5502 Κύριος,

293 5537 463 5598 αεὶτὸς
495 5537 643 5587 ἐστιν
670 5533 696 5584 ὁ
726 5532 934 5596 λέγων·
993 5548 1010 5581 ι
1055 5529 1153 5590 ’Ὸς
1194 5527 1259 5580 ἂν
1315 5527 1519 5596 ποιήσῃ
1555 5527 1618 5580 τὺ
1669 5526 1878 5594 θέλημα

297 5630 396 5683 ττιῦ
437 5627 648 5696 Πατρός
674 5641 774 5693 μου
811 5622 906 5676 τοῦ
937 5625 993 5674 ἐν
1021 5623 1292 5690 οὐρανοῖς,
1321 5612 1479 5676 οὗτος
1531 5618 1622 5672 καὶ
1655 5618 1882 5686 ἁδελφός

299 5744 407 5794 μου
434 5723 528 5774 καὶ
556 5718 762 5788 ἀδελφή
798 5734 900 5786 μου
928 5716 1025 5768 καὶ
1049 5715 1232 5785 μήτηρ
1274 5712 1376 5784 μού
1415 5714 1582 5765 ἐστιν.
1615 5728 1633 5762 ι
1686 5711 1880 5778 Ὁρᾶτε

368 5841 415 5870 ⁷³
439 5837 596 5891 Ισιιιιι.
626 5851 727 5895 xn,
765 5831 854 5887 48.
930 5831 975 5861 ⁸ο
1011 5829 1178 5886 lCor.
1223 5845 1306 5890 tn,
1342 5829 1428 5882 16.

301 5928 447 5974 ιλιι,
484 5908 571 5964 Ιῖέί
607 5906 647 5960 ll
681 5905 803 5961 Cor.
849 5919 918 5969 vr,
951 5902 1034 5957 IG.
1143 5902 1187 5935 ⁸³
1227 5901 1418 5955 Μίιιιιι.
1455 5916 1607 5964 χχιιι,
1644 5903 1729 5955 58.

1507 5829 1548 5861 θί
1587 5829 1752 5882 Hebr.
1799 5844 1882 5887 Ill,
1915 5825 1969 5879 (ἶ.

2055 5434 2208 5500 Quod
2244 5441 2428 5485 autem
2456 5429 2604 5484 velut
2625 5434 2889 5496 cognatos
2915 5435 3015 5475 nos
3047 5420 3246 5474 haheat
3275 5419 3564 5473 Dominus:

1981 5531 2100 5598 ipse
2128 5536 2210 5581 est
2237 5526 2330 5593 qui
2363 5525 2497 5578 dicit
2532 5540 2545 5574 :
2584 5541 2602 5572 ‹
2636 5521 2738 5586 Qui
2779 5518 2972 5571 iecerit
3014 5518 3354 5568 voluntatem
3386 5513 3568 5568 Patris

1985 5619 2090 5671 mei
2124 5617 2217 5686 qui
2248 5625 2331 5670 est
2361 5617 2415 5668 in
2450 5612 2628 5676 cmlis,
2654 5611 2743 5663 hie
2781 5617 2866 5663 est
2902 5607 3071 5659 frater
3099 5619 3275 5666 mens,
3309 5612 3368 5658 et
3409 5618 3587 5657 soror-

1987 5728 2130 5776 mea,
2173 5721 2227 5765 et
2278 5719 2454 5764 mater
2495 5723 2610 5760 mea
2635 5705 2702 5756 ³⁸.
2739 5722 2756 5755 ι
2800 5701 3077 5755 Videtisne
3106 5696 3251 5768 quod
3288 5696 3447 5752 nobis
3478 5713 3574 5754 su-

2068 5824 2115 5856 “
2158 5823 2334 5876 Lavit.
2371 5838 2449 5888 χι,
2481 5821 2570 5874 Η.
2683 5821 2727 5851 ⁸³
2761 5820 2778 5873 l
2822 5820 2980 5874 Joan.
3031 5835 3109 5884 ιιι,
3149 5818 3205 5873 ‘2.
3309 5819 3354 5850 "
3391 5814 3570 5873 Levii.

1809 5900 1828 5930 ⁸
1880 5897 2041 5952 Marc.
2087 5911 2168 5961 ιιι,
2203 5893 2293 5948 55.
