4014 6478
473 359 581 423 343

1738 358 1782 416 G
1794 354 2123 416 REGORII
2159 356 2485 423 ΡΑῙΑΜΑΞ

3656 351 3757 418 εις

474 472 700 529 blimem
744 470 888 525 hanc
932 469 1394 539 propinquitatem
1454 449 1904 538 procurat?Vitn
1949 480 2056 521 ueo

2161 476 2214 528 τί
2241 476 2301 528 τὸ
2327 471 2623 546 προξενοῦν
2649 472 2782 543 ἡμῖν
2841 469 2941 543 τὴν
2974 468 3246 524 ἀνωτάτω
3303 465 3686 537 συγγένειανς
3732 476 3761 528 ὁ

476 566 678 625 amica,
704 562 967 617 virtutum
994 561 1444 627 exercitationes,
1481 561 1830 616 conversatio
1854 551 2051 615 secun-

466 658 601 710 dum
630 655 820 710 divina
855 654 1111 708 mandata
1138 652 1354 719 habita;
1392 653 1509 708 haec
1533 661 1613 707 est
1632 654 1777 706 enim
1804 652 2053 706 voluntas

473 750 651 802 Patris
690 746 968 801 altissimi.
999 745 1102 810 Qui
1141 755 1322 799 autem
1378 760 1486 800 non
1546 743 1677 800 facit
1715 744 2049 798 voluntatem

474 839 726 894 altissimi
772 838 1121 906 coelestisque
1176 834 1382 902 Patris,
1412 846 1624 892 tantum
1678 838 1831 891 abest
1860 836 1929 891 ab
1961 836 2053 889 illa

474 931 540 984 ad
567 945 691 985 eum
724 931 1083 997 cognatione,
1125 938 1185 982 ut
1224 929 1390 983 ctiam
1432 944 1557 984 cum
1610 928 1925 983 adversario
1956 926 2052 982 Dei

474 1020 937 1089 propinquitatem
966 1019 1190 1074 haheat.
1217 1019 1347 1073 ideo
1369 1018 1574 1073 Judmis
1598 1018 1728 1074 dicit
1752 1020 2012 1073 Dominus
2035 1034 2049 1073 :

482 1131 502 1164 c
544 1112 652 1168 Vos
682 1128 747 1167 ex
784 1113 946 1168 Patre
967 1120 1151 1168 vestro
1186 1112 1409 1168 diabolo
1457 1114 1613 1177 estis,
1673 1122 1727 1166 et
1782 1111 2054 1166 desideria

477 1205 597 1275 ejus
628 1205 797 1259 vultis
838 1205 1019 1259 facere
1048 1205 1119 1259 δ’.
1163 1224 1183 1258 ι
1246 1205 1359 1262 Illis
1393 1213 1573 1259 autem
1618 1203 1955 1274 iactantibus
1995 1218 2055 1259 se

479 1310 602 1353 esse
649 1298 790 1352 filios
830 1296 1099 1361 Abrahae,
1136 1312 1328 1353 rursus
1368 1297 1572 1352 eisdem
1602 1296 1779 1351 dixit:
1819 1315 1836 1347 ι
1864 1293 1921 1350 Si
1959 1294 2055 1350 lilii

478 1391 715 1443 Abraha:
742 1390 963 1454 essetis,
990 1403 1156 1458 opera
1200 1388 1433 1443 Abrahae
1461 1388 1713 1443 faceretis
1751 1387 1821 1443 ⁸⁸.
1856 1388 2053 1443 Verum

452 1520 457 1525 ρ
480 1482 696 1535 Domini
715 1482 955 1536 Sabaoth
971 1482 1126 1534 vinea
1146 1490 1227 1535 est
1244 1480 1432 1546 Israel,
1452 1482 1750 1536 secundum
1770 1481 1965 1536 Isaiam
1983 1482 2051 1546 ";

484 1575 534 1626 id
572 1584 653 1628 est
687 1588 877 1627 omnes
906 1574 998 1644 qui
1029 1574 1210 1643 pietati
1258 1573 1590 1628 studuerint.
1626 1573 1731 1627 Ista
1767 1583 1948 1628 autem
1976 1572 2056 1627 vi-

482 1680 580 1717 nea
617 1664 818 1732 aceipit
859 1679 1047 1718 curam
1081 1674 1244 1732 atque
1288 1650 1619 1718 enlturamia
1659 1664 1789 1728 Deo,
1830 1665 2055 1733 quando

2161 565 2419 636 θεοφιλὴς
2493 564 2693 635 βίος,ή
2736 562 2793 616 ὲν
2850 561 3072 628 ἀρεταῖς
3111 560 3251 629 ζωὴ,
3310 559 3379 612 τὸ
3451 558 3602 614 κα.τά
3667 561 3763 625 τὰς

2157 660 2307 723 θείας
2342 659 2561 720 ἐντολὰς
2603 655 2987 711 πολιτεύεσθαι
3009 669 3024 685 ·
3054 654 3215 708 τοῦτο
3257 654 3382 723 γάρ
3430 653 3556 707 ἑστι
3593 654 3655 706 τὸ
3683 653 3767 707 θέ-

2153 752 2306 821 λημα
2327 748 2421 803 τοῦ
2443 748 2710 803 ἀνωτάτω
2740 746 2975 819 Πατρός.
3019 747 3078 800 '0
3123 745 3177 798 δὲ
3206 744 3290 815 μὴ
3336 742 3523 798 ποιῶν
3580 742 3643 796 τὸ
3680 742 3763 797 θέ-

2155 844 2306 915 λημα
2337 844 2431 897 τοῦ
2472 843 2737 897 ἀνωτάτω
2779 840 2874 893 καὶ⁵
2918 838 3172 910 οὐρανίου
3224 834 3461 906 Πατρδς
3507 834 3762 888 τοσοῦτον

2156 937 2353 1006 ἀπέχει
2377 935 2480 1004 τῆς
2509 935 2647 1004 πρὸς
2669 933 2832 987 αὐτὸν
2870 928 3218 999 συγγενείας,
3254 926 3341 990 ὡς
3369 927 3477 982 καὶ
3513 926 3656 999 πρὸς
3678 927 3763 981 τὸν

2154 1028 2536 1097 ἀντικείμενον
2566 1024 2711 1096 ἔχειν
2750 1023 2849 1091 τὴν
2893 1020 2990 1074 τοῦ
3021 1020 3217 1091 γένους
3276 1019 3586 1088 ἀναφοράν
3616 1035 3631 1049 ο
3684 1018 3761 1072 διὸ

2155 1122 2251 1175 καὶ
2288 1123 2317 1174 6
2344 1120 2549 1190 Κύριος
2591 1118 2707 1180 τοῖς
2749 1116 3029 1178 Ἰουδαίοις
3078 1114 3275 1184 ἔλεγεν
3315 1128 3331 1144 ·
3366 1131 3389 1165 ε
3439 1112 3640 1182 ’Υμεῖς
3702 1112 3761 1165 ἐκ

2156 1212 2251 1268 τοῦ
2287 1213 2495 1283 πατρὸς
2527 1208 2683 1280 ὐμῶν
2704 1208 2798 1263 τοῦ
2826 1207 3081 1262 διαϐόλου
3109 1205 3261 1267 ἐστὲ,
3288 1204 3398 1261 καὶ
3420 1204 3526 1266 τὰς
3575 1201 3763 1257 {mliu-

2159 1306 2292 1376 μίας
2315 1303 2482 1360 αὐτοῦ
2510 1302 2693 1361 θέλετε
2719 1302 2916 1355 ποιεῖν.
2952 1319 2971 1352 ι
3012 1297 3200 1353 Αὐτῶν
3251 1297 3315 1350 δὲ
3338 1298 3343 1309 ’
3365 1295 3651 1362 λεγόντων
3686 1287 3759 1346 εῖ-

2156 1414 2245 1450 ναι
2272 1396 2437 1448 τέκνα
2472 1393 2567 1447 τοῦ
2602 1392 2875 1463 ’Δεραάμ,
2910 1390 3049 1462 «p6;
3080 1389 3287 1451 αὐτοὺς
3325 1387 3504 1441 πάλιν
3523 1385 3708 1452 ἔλεγεν
3742 1400 3756 1417 ο

2165 1506 2182 1537 ι
2231 1487 2293 1540 Ei
2337 1485 2505 1539 τέκνα
2537 1483 2630 1537 τοῦ
2671 1482 2923 1553 Ἀϐραὰμ
2944 1479 3061 1551 ἦτε.
3089 1480 3159 1534 τὰ
3184 1479 3335 1550 ἔργα
3368 1478 3473 1532 τοῦ
3518 1478 3759 1547 Ἀϐραὰμ

2158 1578 2391 1630 ἐποιεῖτε
2430 1574 2515 1629 ἀν.
2551 1593 2570 1625 ι
2625 1570 2912 1640 ’Ᾱμπελὼν
2939 1573 2995 1624 δὲ
3018 1571 3228 1641 Κυρίου
3290 1569 3537 1623 Σαϐαὼθ
3566 1571 3595 1623 6
3617 1564 3758 1632 οἶκος

2170 1669 2387 1740 Ἰσραήλ
2416 1668 2552 1729 ἔστι,
2588 1665 2730 1718 κατά
2763 1667 2852 1717 τὸν
2895 1664 3145 1724 Ἥσαῒαν,
3171 1662 3437 1732 δηλονότι
3476 1661 3682 1722 πάντες
3712 1658 3759 1712 ei

484 1760 720 1811 fructum
757 1758 909 1812 allert.
954 1757 1061 1833 Deo
1105 1769 1359 1824 gratum;
1418 1758 1461 1811 si
1504 1768 1687 1811 autem
1727 1759 1915 1827 spinas
1955 1772 2053 1827 pro

2161 1762 2257 1831 τῆς
2292 1762 2576 1827 εὐσεϐείας
2602 1762 3002 1832 ἐπιγνώμονες.
3044 1760 3200 1831 152
3239 1760 3393 1814 Ἀλλ’
3423 1761 3453 1812 6
3502 1757 3757 1829 ἀμπελὼν

484 1848 602 1901 uvis
653 1847 857 1912 fecerit,
893 1847 1104 1902 scilicet
1137 1847 1330 1901 mortis
1360 1848 1607 1908 aculeos,
1644 1847 1735 1915 qui
1770 1858 1891 1901 sunt
1923 1862 2051 1916 pec-

482 1951 602 1993 cata
630 1980 645 2005 ,
694 1939 932 2008 neglecta
966 1939 1260 1993 dimittitur
1313 1949 1366 1992 et
1409 1953 1536 1993 vere
1580 1938 1712 1993 feris
1758 1939 2053 2008 pravisque

481 2032 820 2086 daemonibus
842 2032 907 2085 ad
928 2031 1364 2086 conculeaudum
1396 2031 1629 2085 traditur
1657 2075 1671 2098 ,
1707 2041 1761 2085 et
1793 2032 1843 2085 in
1872 2032 2048 2098 ignem

481 2121 858 2176 succendenda
885 2121 1152 2189 injicitur.
1182 2122 1475 2189 Propterea
1505 2120 1772 2175 Dominus
1807 2121 2051 2191 discipn~

480 2213 549 2267 lis
575 2214 690 2268 suis
731 2213 920 2268 dicens
959 2231 972 2267 :
1009 2232 1028 2264 ι
1065 2213 1182 2283 Ego
1211 2227 1330 2266 sum
1366 2206 1531 2277 vitis,
1560 2228 1658 2267 vos
1690 2214 1964 2280 palmites,
1999 2221 2056 2267 et

464 2309 642 2361 -I’ater
667 2306 909 2376 agricola
936 2321 1091 2360 meus
1120 2314 1225 2369 est,
1256 2324 1274 2357 ι
1323 2305 1535 2360 addidit
1567 2323 1579 2359 :
1621 2324 1638 2356 ι
1671 2303 1898 2360 Omnem
1936 2307 2055 2377 palo

484 2377 668 2455 mitem
707 2399 761 2453 in
804 2413 889 2453 me
930 2396 1195 2453 ferentem
1231 2397 1493 2461 fructum,
1528 2399 1783 2467 purgahit
1812 2414 1958 2462 eum,
1998 2408 2057 2471 ut

481 2492 720 2545 fructum
776 2492 897 2559 plus
938 2489 1164 2555 afferat;
1207 2499 1261 2545 et
1292 2491 1475 2546 omnis
1520 2491 1614 2560 qui
1664 2492 1901 2544 fructum
1947 2506 2052 2544 non

480 2584 587 2637 fert
637 2584 882 2639 mittetur
920 2583 1067 2638 foras
1093 2586 1239 2638 sicut
1268 2584 1477 2652 palmes
1509 2593 1566 2637 et
1592 2592 1822 2647 arescet,
1859 2592 1911 2637 et
1942 2585 2057 2637 col-

489 2677 659 2747 ligent
683 2690 830 2740 eum,
860 2676 992 2731 etin
1035 2677 1210 2746 ignem
1246 2677 1485 2743 mittent,
1520 2686 1575 2731 et
1601 2677 1758 2731 ardet
1782 2677 1847 2730 ’°.
1879 2695 1898 2728 ι
1951 2678 2055 2733 Sed

486 2766 631 2835 quod
665 2765 812 2819 velut
833 2780 1049 2835 gregem
1083 2780 1244 2820 suum
1273 2779 1373 2819 nos
1399 2765 1597 2819 haheat
1616 2765 1844 2819 Creator
1871 2775 2059 2820 noster

485 2857 774 2928 coryphrco
843 2857 1114 2927 euryphaal
1201 2856 1567 2925 apostolorum
1642 2856 1798 2910 chori
1856 2857 2055 2911 dixit:

491 2969 511 2999 ε
542 2950 724 3012 Petre,
774 2965 926 3004 amas
974 2949 1101 3004 me?
1132 2962 1299 3017 pasce
1328 2962 1501 3017 agnos
1531 2963 1702 3013 meos,
1737 2962 1898 3017 pasce
1928 2962 2058 3002 oves

486 3057 638 3105 ineas
665 3044 733 3096 θ’,
766 3059 785 3091 ι
821 3040 1025 3096 Omnes
1058 3040 1202 3097 enim
1236 3056 1338 3096 nos
1364 3041 1520 3106 quasi
1554 3054 1685 3096 oves
1725 3041 2053 3106 erravimus,

2160 1847 2317 1917 οὗτος
2358 1855 2620 1924 τυγχάνει
2654 1854 2754 1925 μὲν
2778 1852 3100 1923 ἐπιμελείας
3133 1852 3232 1905 καὶ
3287 1852 3394 1921 τῆς
3451 1849 3612 1921 παρά
3672 1848 3757 1903 τοῦ

2162 1945 2299 1998 Θεοῦ
2340 1945 2693 2017 κηδεμονίας,
2720 1946 2849 1999 ὅταν
2874 1943 3013 2015 φέρῃ
3046 1944 3265 2008 καρπὸν
3301 1943 3543 2013 θεοφιλῆ
3568 1961 3581 1976 ·
3615 1941 3680 1996 ἂν
3704 1941 3755 1994 δὲ

2162 2038 2408 2099 ἀκάνθας
2434 2033 2557 2090 ἀντὶ
2590 2037 2869 2105 σταφυλῆς
2891 2023 3116 2106 ποιήσῃ,
3142 2036 3412 2089 τουτέστι
3442 2034 3515 2087 τά
3563 2035 3755 2102 κέντρα

2160 2131 2255 2183 τοῦ
2290 2130 2543 2195 θανάτου,
2570 2130 2716 2199 ἅπερ
2744 2127 2883 2183 εἰσὶν
2934 2130 2989 2181 αἱ
3032 2128 3329 2198 ἁμαρτίαι,
3370 2128 3597 2197 ἀφίεται
3632 2127 3754 2193 ἀτη-

2166 2225 2418 2293 μέλητος,
2461 2224 2559 2277 καὶ⁸
2593 2223 2672 2284 είς
2706 2222 3080 2289 καταπάτημα
3138 2223 3256 2284 τοῖς
3312 2221 3491 2282 ὅντως
3553 2219 3754 2289 θηρίοις

2160 2316 2254 2369 καὶ
2284 2316 2543 2384 πονηροῖς
2573 2313 2792 2383 δαίμοσι
2821 2312 3158 2378 προτίθεται,
3193 2312 3296 2364 καὶ
3336 2313 3482 2382 «Opi
3538 2310 3754 2379 παραδί-

2161 2407 2314 2459 δοται
2345 2405 2423 2467 είς
2448 2406 2673 2458 καῦσιν⁵
2702 2404 2781 2457 διδ
2812 2405 2906 2456 καὶ
2951 2404 2980 2456 6
3024 2405 3228 2472 Κύριος
3296 2402 3445 2472 πρὸς
3504 2402 3630 2461 τοὺς
3674 2401 3749 2451 oi-

2163 2498 2344 2561 κείους
2405 2495 2651 2567 μαθητὰς
2710 2494 2880 2548 εἰπών
2916 2510 2933 2526 '
2980 2513 2999 2545 ι
3042 2493 3186 2561 Ἰζγώ
3236 2496 3363 2564 εἰμι
3409 2493 3446 2564 ἡ
3499 2491 3747 2561 ἄμπελος,

2161 2591 2322 2660 ὑμεῖς
2391 2589 2455 2643 τὰ
2514 2588 2812 2659 κλήματα,
2889 2587 2917 2635 6
2995 2587 3184 2656 Πατήρ
3261 2603 3370 2656 μου
3437 2586 3465 2639 6
3520 2580 3751 2652 γεωργός

2162 2684 2343 2749 ἔστιν,
2381 2699 2399 2734 ι
2458 2682 2741 2752 ἐπήγαγε’
2799 2699 2817 2731 ι
2862 2680 2979 2732 Πᾶν
3035 2678 3221 2747 κλῆμα
3270 2678 3333 2730 ὲν
3366 2678 3494 2745 ἐμοὶ
3550 2674 3747 2743 καρπὺν

2171 2776 2356 2846 φέρον,
2387 2774 2642 2843 καθαίρει
2665 2773 2820 2837 αὐτὸ,
2848 2772 2935 2825 ἵνα
2968 2771 3190 2825 πλείονα
3222 2770 3453 2841 καρπὸν
3487 2770 3632 2840 φέρῃ
3659 2783 3672 2796 ·
3696 2765 3749 2819 τὸ

2162 2869 2219 2922 δὲ
2265 2867 2338 2936 μὴ
2407 2866 2619 2936 καρπὸν
2666 2863 2832 2933 φέρον
2887 2862 3088 2933 ἐϐλήθη
3143 2862 3256 2927 ἔξω
3311 2862 3391 2925 ὡς
3454 2860 3518 2913 τὸ
3568 2859 3745 2925 ’κλῆμα

2164 2957 2256 3012 καί
2284 2957 2580 3025 ἐξηράνθη,
2610 2957 2705 3009 καὶ
2739 2955 3064 3023 συνάγουσιν
3092 2954 3233 3008 αὐτά
3271 2954 3373 3006 καὶ
3409 2954 3494 3015 είς
3536 2950 3596 3004 τί)
3647 2949 3746 3015 πῦρ

2164 3048 2440 3119 βάλλουσι,
2475 3047 2569 3099 καὶ
2593 3047 2831 3100 καίεται.
2873 3066 2891 3098 ι
2921 3046 3043 3100 ’Ότι
3079 3044 3135 3097 δὲ
3169 3044 3273 3096 καὶ
3303 3043 3385 3107 ὡς
3404 3043 3653 3113 ποίμνιον
3679 3040 3745 3091 οξ·

483 3142 537 3185 et
571 3133 721 3186 velut
748 3131 1010 3186 drachma
1040 3146 1260 3186 eramus
1293 3131 1490 3201 perditi
1521 3147 1553 3186 a
1581 3131 1857 3187 dominica
1890 3147 2055 3187 manu

2165 3142 2310 3195 κεῖον
2337 3140 2481 3209 ἡμᾶς
2515 3139 2731 3209 ἡγεῖται
2779 3138 2807 3191 6
2844 3138 3075 3208 ποιήσας
3105 3138 3283 3207 ἡμᾶς,
3348 3137 3486 3207 πρὸς
3529 3136 3619 3188 τὸν
3664 3149 3741 3184 κο-

488 3225 846 3287 decidentes;
878 3224 972 3280 sed
1004 3225 1150 3278 venit
1185 3233 1369 3292 pastor
1401 3225 1602 3285 bonus,
1652 3235 1858 3279 natura:
1881 3226 2060 3280 domi-

485 3331 611 3380 nus,
640 3326 693 3369 et
728 3331 833 3369 nos
859 3316 1131 3385 qnmsivit,
1171 3315 1400 3381 invenit,
1436 3316 1689 3382 salvavit,
1723 3325 1780 3371 et
1806 3317 2058 3373 sibimet-

486 3408 589 3476 ipsi
623 3408 842 3463 vinculo
867 3407 1125 3462 ineffabili
1161 3409 1471 3479 conjunxit.

485 3504 736 3573 πρόϐατα
764 3503 1171 3575 ὲπλανήθημεν,
1203 3506 1299 3559 καὶ
1322 3506 1682 3575 ἀπολώλαμεν
1707 3508 1783 3571 ὡς
1846 3509 2086 3581 δραχμὴ,
2128 3507 2465 3564 διαπεσοῦσα
2524 3509 2625 3578 τῆς
2669 3506 2995 3577 δεσποτικῆς
3047 3506 3228 3575 χειρός
3255 3521 3271 3536 ο

2170 3229 2397 3300 ρυφαῖον
2434 3226 2527 3280 τοῦ
2553 3226 2856 3297 κορυφαίου
2890 3232 3051 3297 χοροῦ
3068 3227 3175 3278 τῶν
3213 3225 3539 3282 ἀποστόλων
3560 3222 3703 3285 ἔλεγε
3724 3235 3736 3247 ·

2173 3339 2191 3372 ι
2225 3319 2421 3389 Πέτρε,
2475 3316 2651 3388 φιλεῖς
2695 3334 2761 3386 με
2792 3335 2805 3382 ;
2861 3317 3118 3386 ποίμαινε
3153 3317 3224 3370 τά
3271 3316 3443 3388 ἀρνία
3477 3331 3600 3383 μου,
3634 3308 3739 3361 ποί-

2167 3428 2325 3482 μαινε
2364 3411 2442 3471 ,τὰ
2492 3409 2743 3482 πρόσατά
2793 3423 2934 3477 μουο
2972 3428 2991 3460 ι
3053 3409 3257 3472 πάντες
3311 3409 3423 3477 γάρ
3481 3407 3639 3475 ἡμεῖς
3670 3400 3736 3458 ὡς

3353 3503 3473 3558 ἀλλ’
3520 3497 3676 3572 ἦλθεν
3712 3495 3736 3546 6

486 3603 692 3673 ποιμὴν
718 3605 746 3655 6
772 3602 955 3665 καλὸς,
985 3603 1013 3654 6
1049 3601 1209 3671 φύσει
1235 3603 1523 3671 δεσπότης,
1584 3604 1941 3676 ἀνεζήτησεν,
1972 3599 2151 3676 εὗρεν,
2187 3605 2414 3668 ἔσωσεν,
2449 3602 2630 3672 ἐαυτῷ
2663 3603 2901 3672 συνῆψεν
2932 3603 3211 3674 ἀρρήτως.

557 3695 870 3766 Sequamur
901 3710 1054 3765 ergo.
1090 3694 1316 3762 fratres,
1345 3697 1547 3750 bonum
1591 3708 1861 3767 pastorem
1897 3697 2061 3753 Chri—

491 3798 637 3843 stum
700 3789 791 3857 qui
858 3804 960 3844 nos
1019 3790 1085 3843 ad
1135 3804 1332 3858 pascua
1378 3800 1431 3843 et
1486 3792 1645 3845 milia
1691 3793 1816 3847 vita:
1842 3801 2058 3847 atternze

485 3877 760 3948 perducit.
809 3878 1107 3933 Sen-emus
1141 3894 1239 3948 per
1289 3881 1519 3935 virtutes
1557 3890 1795 3936 nostram
1825 3898 1949 3936 cum
1996 3898 2064 3936 eo

488 3967 779 4036 imaginem
831 3974 887 4021 et
933 3965 1393 4032 similitudinem,
1449 3983 1516 4022 ne
1562 3984 1593 4022 a
1641 3968 1855 4022 vivifiea
1889 3985 2054 4022 manu

487 4060 826 4115 excidemus.
865 4058 1124 4113 Fructum
1165 4060 1214 4113 ei
1240 4058 1536 4115 alter-amns
1567 4076 1666 4130 per
1698 4062 1842 4114 bona
1866 4076 2054 4129 opera,

492 4162 553 4206 nt
589 4153 743 4206 vinea
766 4149 1235 4206 DominiSabaoth
1258 4152 1450 4218 simus,
1486 4167 1786 4220 recensque
1816 4160 2057 4206 amatum

489 4245 846 4314 plantarium.
877 4242 1169 4301 Faciamus
1198 4247 1536 4302 voluntatem
1581 4245 1675 4300 Dei
1714 4247 1954 4311 bonam,
2008 4253 2064 4301 et

491 4336 788 4406 perfectam
822 4344 875 4392 et
915 4337 1383 4409 heneplacentem,
1421 4347 1479 4392 ut
1509 4348 1719 4409 patrem
1748 4341 1898 4396 illum
1925 4344 2062 4397 dite-

486 4444 630 4485 mus.
662 4427 1035 4500 Nosmctipsos
1071 4432 1431 4486 emundemus
1460 4431 1527 4485 ab
1572 4433 1721 4486 omni
1752 4436 1911 4488 sorde
1943 4450 2063 4488 ear-

2248 3696 2540 3764 Ἑπώμεθα
2561 3694 2673 3761 οὖν,
2704 3696 2947 3763 ἀδελφοὶ,
2977 3692 3056 3762 τῷ
3083 3691 3235 3761 καλῷ
3258 3689 3489 3761 ποιμένι
3506 3679 3731 3756 Χριστῷ,

2162 3792 2300 3862 πρὸς
2340 3791 2513 3861 νομὰς
2538 3789 2813 3856 είσάγοντι
2848 3787 2942 3838 καὶ
3005 3784 3248 3855 μάνδρας
3304 3785 3457 3851 ζωῆς
3504 3776 3731 3833 αἰωνίου.

2158 3881 2493 3950 Φυλάξωμεν
2525 3880 2612 3933 διὰ
2638 3880 2747 3933 τῶν
2780 3877 2992 3948 ἀρετῶν
3025 3875 3125 3946 τὴν
3154 3875 3298 3945 πρὸς
3356 3872 3524 3928 αὐτὸν
3562 3869 3730 3920 είκόνα

2159 3990 2219 4026 τε
2248 3974 2341 4026 καὶ
2367 3974 2649 4038 ὁμοίωσιν,
2688 3971 2776 4024 ἵνα
2808 3969 2882 4040 μὴ
2930 3968 3030 4039 τῆς
3067 3967 3357 4038 ζωηφόρου
3393 3962 3587 4034 ’χειρὸς
3649 3957 3730 4007 ἐκ·

2160 4063 2447 4133 «semp.va
2479 4065 2563 4117 Κα
2575 4062 3010 4133 ρποφορήσωμεν
3031 4057 3178 4128 αὐτῷ
3202 4057 3274 4112 δι’
3296 4057 3476 4126 ἔργων
3502 4045 3727 4118 ἀγαθῶν,

2158 4158 2248 4212 ἵνα
2278 4154 2544 4228 ἀμπελὼν
2565 4152 2771 4225 Κυρίου
2825 4150 3050 4204 Σαϐαὼθ
3108 4144 3283 4219 ὦμεν,
3337 4147 3436 4201 καὶ
3489 4142 3728 4209 νεόφυτον

2157 4247 2537 4319 ἠγαπημένον.
2575 4243 2829 4315 Ποιῶμεν
2854 4244 2914 4297 τὸ
2938 4242 3152 4313 θέλημα
3176 4241 3271 4295 τοῦ
3297 4237 3438 4295 Θεοῦ
3496 4235 3556 4287 τὸ
3607 4232 3726 4296 ἀγα-

2161 4341 2276 4402 θὸν,
2308 4339 2405 4391 καὶ
2430 4337 2749 4408 εὐάρεστον,
2786 4335 2880 4389 καὶ
2910 4333 3138 4400 τέλειον,
3173 4334 3260 4386 ἵνα
3311 4330 3529 4401 πατέρα
3554 4322 3726 4377 τοῦτον

2161 4431 2580 4501 πλουτήσωμεν.
2618 4425 2968 4498 Καθάρωμεν
3000 4427 3232 4488 ἑαυτοὺς
3280 4423 3393 4477 ἀπὸ
3422 4416 3615 4477 παντὸς
3638 4425 3726 4480 μο-

490 4522 574 4576 nis
605 4530 659 4575 et
686 4521 933 4590 spiritus,
966 4529 1025 4575 ut
1047 4522 1208 4590 digne
1237 4522 1432 4575 domus
1459 4522 1551 4576 Dei
1577 4525 2056 4594 cognominantur;

2164 4527 2372 4593 λυσμου
2405 4522 2604 4594 σαρκὸς
2632 4521 2725 4574 καὶ
2764 4519 3096 4589 πνεύματος,
3121 4517 3225 4571 ἵνα
3248 4511 3398 4570 οἶκος
3433 4508 3565 4563 Θεοῦ
3598 4519 3724 4574 χρηι-

419 4665 427 4707 ὶ
490 4615 584 4682 qui
642 4627 753 4667 non
813 4615 972 4669 modo
1009 4624 1065 4666 nt
1102 4615 1264 4668 vitem
1299 4623 1351 4668 et
1378 4614 1627 4679 domum,
1684 4617 1777 4670 sed
1808 4619 1972 4672 etiam
2007 4632 2056 4675 ut

2164 4614 2484 4686 ματίσωμεν
2508 4629 2522 4647 ⁶
2555 4611 2615 4676 ὃς
2644 4612 2705 4666 οὐ
2763 4612 2924 4681 μόνον
2963 4611 3036 4672 ὡς
3069 4608 3370 4679 ἀμπελῶνα
3424 4605 3519 4659 καὶ
3571 4596 3728 4653 οἷκον,

2234 4706 2283 4707 η
2423 4704 2434 4707 -
2507 4702 2521 4707 -
2640 4703 2654 4707 -
2744 4702 2755 4707 -
2894 4702 2906 4707 -
2979 4702 3001 4707 _
3187 4699 3199 4707 .
3621 4689 3723 4707 ,Μ

492 4722 685 4774 agrum
718 4715 767 4760 et
798 4716 995 4761 terram
1028 4707 1330 4763 seminibus
1354 4708 1690 4777 gravidatam
1730 4710 1934 4766 habens
1967 4727 2061 4784 ge-

491 4816 598 4857 nus
632 4809 881 4855 nostrum
913 4816 927 4853 :
967 4817 986 4850 ι
1012 4799 1221 4865 Simile,
1251 4800 1449 4869 inquit.
1477 4799 1681 4855 factum
1716 4811 1800 4856 est
1835 4820 2059 4873 regnum

491 4894 758 4948 caelorum
816 4890 1025 4945 homini
1074 4891 1166 4960 qui
1219 4892 1512 4947 seminavit
1548 4891 1749 4947 bonum
1787 4910 1969 4949 semen
2008 4897 2060 4949 in

490 4999 622 5054 agro
654 4997 791 5048 suo;
847 4997 973 5038 cum
1039 4991 1220 5037 autem
1257 4983 1564 5037 dormirent
1613 4984 1883 5051 homines,
1916 4989 2063 5042 venit

492 5075 753 5130 inimicus
784 5075 924 5142 ejus,
960 5082 1016 5128 et
1056 5073 1514 5142 supersemiuavit
1541 5075 1749 5128 zizania
1783 5078 1848 5131 θ’.
1889 5097 1908 5130 ι
1946 5078 2059 5132 Non

489 5165 873 5235 intempestive
933 5163 1074 5217 hanc
1123 5162 1436 5231 parabolam
1492 5176 1676 5217 sermo
1719 5163 1771 5217 in
1821 5165 2056 5218 medium

490 5258 751 5325 protulit;
780 5255 1080 5324 poterimus
1115 5254 1256 5307 enim
1282 5269 1377 5324 per
1402 5270 1517 5308 eam
1546 5254 1787 5309 debitum
1824 5257 2057 5321 solvere,

488 5359 543 5403 et
574 5349 872 5418 adimplere
909 5347 1240 5416 promissum
1264 5347 1409 5415 quod
1446 5347 1497 5400 in
1522 5348 1851 5416 przeeedenti
1886 5347 2059 5401 homi-

490 5441 560 5494 lia
588 5449 782 5497 vestrae
827 5438 1055 5493 fecimus
1087 5439 1365 5494 eharitati.
1397 5438 1530 5493 Nam
1568 5453 1665 5493 vos
1707 5439 1908 5493 docens
1941 5454 2059 5508 my-

490 5535 685 5587 stiram
714 5541 769 5586 ct
804 5531 1113 5601 spiritalem
1148 5547 1405 5598 messem,
1466 5533 1662 5588 messis
1696 5532 1915 5602 quidem
1950 5532 2059 5601 spi-

490 5622 669 5677 ritalis
729 5637 850 5690 qua:
904 5630 989 5675 est
1046 5621 1383 5677 inﬁdelitatis
1440 5623 1492 5676 in
1539 5621 1696 5676 fidem
1748 5622 2056 5687 translatio,

559 5741 605 5770 "
641 5738 801 5792 Joan.
837 5755 954 5807 t'ttt,
992 5741 1080 5796 44.
1183 5742 1229 5774 ⁸⁸
1265 5739 1397 5797 ibid.
1433 5742 1521 5799 59.

488 5822 606 5872 xm,
632 5808 720 5863 Μ.

1630 5742 1672 5774 ⁸⁸
1713 5741 1817 5797 lsa.
1853 5759 1901 5807 γ,
1932 5742 1980 5795 7.

2085 5743 2129 5773 ί⁰
2162 5739 2313 5795 Joan.
2350 5757 2442 5808 XV,
2476 5742 2526 5807 l,
2551 5739 2604 5805 2,
2648 5741 2700 5793 5.

2160 4706 2299 4759 ἀλλά
2349 4704 2446 4758 καὶ
2492 4702 2568 4766 ὡς
2629 4702 2801 4773 ἀγρὸν
2860 4702 3059 4755 οίκεῖον
3111 4699 3209 4755 καὶ
3277 4689 3723 4762 κατεσπαρμένην

2159 4799 2398 4866 ἄρουραν
2432 4794 2571 4867 ἔχων
2598 4793 2659 4847 τὸ
2707 4792 2975 4864 ἡμέτερον
2998 4793 3154 4859 γένος
3180 4831 3196 4856 ,
3251 4810 3268 4843 ε
3293 4784 3580 4859 Ὡμοιώθη,
3625 4793 3724 4845 φη..

2162 4888 2321 4957 σίν,ἡ
2360 4886 2610 4956 βασιλεία
2647 4884 2758 4939 τῶν
2806 4883 3055 4954 οὐρανῶν
3114 4881 3410 4951 ἀνθρώπῳ,
3456 4873 3719 4957 σπείραντι

2158 4955 2321 5034 καλὸν
2356 4955 2577 5050 σπέρμα
2603 4978 2660 5030 ὲν
2688 4976 2765 5048 τῷ
2792 4974 2944 5047 ἀγρῷ
2969 4973 3164 5029 αὐτοῦ’
3210 4977 3268 5027 ὲν
3296 4973 3353 5026 δὲ
3408 4969 3484 5038 τῷ
3536 4955 3718 5050 «alisti-

2162 5074 2274 5128 δειν
2324 5044 3055 5142 τοὺςάνθρώπουςρῆλθεν
3115 5069 3144 5120 6
3192 5066 3387 5137 ἐχθρὸς
3444 5053 3600 5114 αὑτοῦ
3633 5044 3715 5103 καίὶ

2164 5165 2386 5235 ἔσπειρε
2419 5164 2633 5227 ζιζάνια
2659 5161 2765 5215 ἀνά
2797 5162 2962 5226 μέσον
2989 5158 3080 5211 τοῦ
3109 5159 3279 5222 σίτου,
3315 5155 3407 5209 καὶ
3437 5144 3704 5218 ἀπῆλθενο)

2165 5260 2279 5311 Οὐκ
2308 5257 2553 5326 ἀκαίρως
2582 5255 2637 5308 δὲ
2660 5255 2866 5321 ταύτην
2886 5255 2911 5306 6
2939 5252 3094 5320 λόγος
3146 5252 3378 5322 ἤνεγκεν
3427 5247 3505 5305 είς
3566 5235 3709 5326 μέσον

2162 5350 2264 5419 τὴν
2303 5318 2657 5417 παραϐολήνο
2694 5344 2773 5397 ἔνι
2823 5318 2939 5415 γὰρ
2988 5318 3057 5396 δι’
3111 5318 3276 5412 αὐτῆς
3333 5333 3609 5393 ἀποδοῦναι
3652 5318 3705 5419 τί)

2159 5408 2349 5511 λρέοςι
2376 5408 2469 5491 im
2499 5408 2787 5507 πληρῶσαι
2812 5408 3254 5507 την-ὑπόσχεσιν,
3285 5433 3349 5497 ἣν
3403 5428 3459 5480 ὲν
3505 5423 3565 5491 τῇ
3614 5408 3706 5516 ’πρ

2164 5531 2370 5602 ταύτης
2401 5530 2592 5599 ὁμιλίᾳ
2631 5530 2766 5597 πρὸς
2782 5528 2880 5597 τὴν
2910 5528 3187 5598 ὑμετέραν
3223 5525 3438 5594 ἀγάπην
3468 5518 3708 5575 ἐποιησ²’

2170 5642 2298 5694 μην·
2330 5623 2609 5676 Διδάσκων
2646 5620 2923 5693 γάρῦμᾶς
2947 5618 3078 5690 περὶ
3103 5614 3323 5687 λογικοῦ
3356 5629 3412 5665 τε
3444 5605 3533 5663 καὶ
3562 5607 3698 5653 πνευ·

2814 5739 2856 5772 ⁹¹
2909 5736 3068 5794 Joan.
3120 5753 3233 5804 XXI,
3277 5733 3361 5789 l7.
3463 5708 3701 5775 "Mauh'
