4014 6426
277 400 388 466 345

1600 398 1938 464 HOMILIA
1978 399 2226 465 XXVII.

3413 395 3516 460 3i6

271 514 504 589 ματικοῦ
546 516 767 587 θέρους,
795 514 1053 584 θεριστὰς
1083 515 1183 587 μὲν
1234 512 1378 572 εἶναι
1411 515 1505 571 τοῦ
1539 535 1842 590 πνευματι-

1966 533 2221 575 nessores
2245 531 2368 574 esse
2399 523 2620 574 sanctos
2653 514 2938 585 apostolos
2968 529 3274 584 eorumque
3303 531 3526 572 sumes-

268 609 368 663 κοῦ
402 608 614 673 θέρους,
645 609 672 660 ὅ
705 609 852 661 ἐστιν
887 609 920 678 ἡ
954 608 1062 660 ἀπδ
1093 607 1353 673 ἀπιστίας
1402 612 1482 675 εἰς
1509 613 1690 664 πίστιν
1751 629 1846 678 με-

267 703 554 765 τάστασις,
587 701 714 763 τοὺς
743 699 922 770 ἱεροὺς
952 698 1288 764 ἀποστόλους
1345 702 1440 754 καὶ
1485 704 1612 766 τοὺς
1664 703 1848 758 αὐτῶν

267 796 569 864 διαδόχους,
600 793 694 846 καὶ
723 793 915 862 μέχρις
962 791 1120 861 ἡμῶν
1168 792 1310 844 κατά
1341 794 1533 862 γενεὰς
1586 795 1847 849 διδασκάο

268 890 398 952 λους
428 889 526 956 τῆς
561 886 862 948 εὐσεϐείας,
893 883 1047 940 εἶπόν
1082 905 1140 941 τε
1175 890 1268 942 καὶ
1295 887 1552 954 ὑπέδειξα
1581 905 1594 918 ·
1646 890 1740 942 τοῦ
1790 889 1848 944 δὲ

269 978 494 1048 λογικοῦ
549 979 760 1049 θέρους,
818 979 954 1050 ὅπερ
1014 981 1162 1034 ἐστὶν
1220 981 1253 1051 ἡ
1303 979 1538 1034 ἐνταῦθα
1591 983 1727 1050 πρὸς
1758 981 1850 1036 τὸν

274 1072 541 1144 μέλλοντα
581 1071 694 1140 βίον
726 1070 885 1140 ἡμῶν
917 1071 1151 1125 ἑκάστου
1203 1071 1519 1141 μετάθεσις,
1587 1070 1850 1141 θεριστὰς

273 1163 379 1233 μὲν
401 1165 524 1224 τοὺς
559 1162 748 1230 ἁγίους
777 1162 1046 1230 ἀγγέλους
1093 1163 1228 1233 ἔφην
1284 1157 1424 1216 εἶναι
1447 1162 1540 1216 τοῦ
1572 1162 1728 1230 Θεοῦ,
1755 1164 1852 1216 καὶ

273 1253 441 1308 πλέον
466 1253 610 1323 ἔχειν
637 1253 746 1326 τῷν
770 1252 1110 1320 ἀποστόλων,
1139 1253 1222 1308 ὃτι
1266 1253 1363 1306 καὶ
1404 1253 1544 1322 μετὰ
1577 1252 1668 1306 τὸν
1704 1253 1852 1324 θερι-

275 1347 416 1414 σμὸν
446 1346 764 1413 ἐκλέγονται
794 1345 888 1398 καὶ
919 1345 1358 1416 διαχωρίζουσιν,
1387 1344 1489 1398 ἀνά
1532 1345 1699 1416 μέρος
1751 1345 1851 1408 μὲν

272 1442 403 1503 τοὺς
428 1439 682 1508 ἀγαθοὺς,
717 1439 823 1494 ἀνὰ
873 1439 1040 1509 μέρος
1104 1438 1161 1491 δὲ
1214 1439 1342 1503 τοὺς
1397 1437 1712 1510 πονηρούς·
1757 1439 1852 1492 καὶ

272 1535 406 1597 τοὺς
440 1533 543 1603 μὲν
562 1533 799 1601 ἀγαθοὺς
835 1534 1256 1605 προπέμπουσιν
1287 1535 1366 1598 είς
1403 1533 1504 1602 τὴν
1559 1531 1654 1586 τοῦ
1715 1530 1852 1585 Θεοῦ

275 1623 578 1694 βασιλείαν,
611 1624 735 1686 τοὺς
761 1625 817 1677 δὲ
848 1625 1120 1692 πονηροὺς
1153 1625 1439 1694 ῥίπτουσιν
1478 1624 1559 1684 εἰς
1582 1623 1679 1690 τὴν
1702 1621 1855 1688 γέεν-

273 1737 375 1772 ναν
400 1719 492 1771 τοῦ
523 1719 712 1788 πυρός.
743 1716 913 1772 Εἶπον
946 1714 1041 1770 οῦν
1071 1717 1246 1770 ταῦτα
1277 1718 1492 1788 πρώην,
1538 1717 1640 1770 οὐκ
1678 1714 1854 1780 ἔδειξα

273 1812 355 1875 δέ,
389 1810 506 1865 ἀλλ’
536 1809 864 1880 ὑπεσχέθην,
901 1809 992 1864 τοῦ
1025 1809 1158 1863 Θεοῦ
1194 1809 1384 1876 καιρὸν
1412 1811 1503 1862 καὶ
1547 1809 1706 1875 λόγον
1733 1807 1852 1861 δόνο

272 1921 387 1968 τος,
425 1905 522 1973 τὴν
538 1908 883 1971 παράστασιν
912 1902 1128 1964 δώσειν,
1162 1904 1284 1974 ἥτις
1312 1903 1512 1966 ἱκανῶς
1572 1902 1722 1956 ἔσται
1761 1901 1852 1954 νῦν

273 1995 644 2063 ἀποδεδομένη
678 1993 763 2045 διὰ
808 1993 909 2062 τῆς
941 1991 1034 2046 τοῦ
1083 1993 1291 2062 Κυρίου
1360 1992 1564 2062 ταύτης
1608 1992 1857 2060 παραϐο-

272 2085 373 2151 λῆς
409 2100 428 2119 ο
474 2103 491 2137 ι
549 2085 769 2148 ’ἰδόντες
797 2087 925 2154 γὰρ,
957 2085 1144 2153 φησιν,
1179 2084 1228 2136 oi
1273 2083 1450 2136 δοῦλοι
1499 2083 1594 2136 τοῦ
1648 2085 1854 2152 Κυρίου

207 2209 214 2214 -
272 2182 344 2232 τά
377 2179 595 2242 ζιζάνια
625 2181 682 2232 ὲν
711 2178 786 2246 τῷ
827 2177 1003 2247 ἀγρῷ,
1043 2173 1202 2230 εἶπον
1263 2175 1340 2244 τῷ
1381 2177 1572 2246 Κυρίῳ
1607 2191 1619 2205 ⁶
1669 2175 1856 2238 Θέλεις

271 2272 608 2336 ἀπελθόντες
645 2271 986 2339 συλλέξωμεν
1003 2268 1193 2334 aurci;
1230 2269 1291 2320 '0
1318 2269 1373 2322 δὲ
1407 2265 1580 2332 εἶπεν,
1604 2265 1702 2331 Οὒ,
1751 2268 1858 2337 μή-

1947 626 2122 677 seres,
2157 625 2367 664 net-non
2403 625 2578 678 usque
2617 609 2681 663 ad
2712 624 2812 669 nos
2859 623 2957 678 per
2985 606 3369 677 generationes
3412 608 3527 676 pie-

1950 703 2078 758 tatis
2101 703 2354 758 doctores
2386 702 2498 756 dixi
2521 713 2576 756 et
2605 703 2836 756 ostendi.
2874 700 3070 756 Messis
3091 711 3272 755 autem
3302 701 3526 767 spiritav

1948 796 2015 849 lis
2053 812 2174 865 quae
2205 803 2289 849 est
2330 795 2767 864 uniuscujusque
2808 803 3053 848 nostrum
3088 794 3153 848 ad
3185 795 3350 846 vitam
3383 793 3529 847 futu-

1950 904 2065 942 ram
2107 890 2173 941 ab
2215 888 2320 942 ista
2356 887 2672 951 translatio,
2706 900 2981 941 messores
3019 900 3144 940 esse
3173 895 3395 939 sanctos
3430 883 3524 937 Dei

1950 982 2198 1052 angelos,
2239 983 2454 1050 hosque
2490 980 2697 1047 majora
2730 978 2993 1048 apostolis
3029 978 3229 1039 facere,
3256 978 3382 1044 quia
3404 985 3527 1044 post

1952 1091 2185 1130 messem
2210 1075 2421 1145 eligunt
2441 1082 2495 1128 et
2517 1073 2862 1137 discernunt,
2895 1086 2960 1126 ex
2992 1085 3100 1125 una
3121 1070 3344 1139 quidetn
3374 1079 3530 1137 parte.

1951 1169 2145 1234 bonos,
2182 1183 2246 1222 ex
2281 1168 2385 1221 alia
2422 1182 2553 1221 vero
2601 1167 2796 1230 malos,
2839 1171 2894 1218 et
2930 1164 3104 1218 bonos
3135 1163 3354 1232 quidem
3395 1163 3528 1215 mit-

1955 1270 2076 1316 tuut
2106 1261 2160 1314 in
2193 1275 2418 1330 regnum
2458 1259 2576 1322 Dei,
2628 1257 2799 1312 malos
2842 1264 3024 1310 autem
3080 1254 3308 1321 ejiciunt
3351 1254 3405 1307 in
3440 1267 3534 1323 ge-

1953 1352 2189 1406 hennam
2242 1351 2406 1422 ignis.
2461 1349 2588 1406 Haec
2633 1363 2767 1417 ergo
2832 1349 2984 1418 prius
3030 1345 3168 1409 dixi,
3210 1361 3320 1400 non
3346 1355 3530 1400 autem

1953 1443 2207 1509 ostendi,
2247 1442 2344 1500 sed
2395 1440 2663 1511 promisi,
2709 1441 2822 1495 Deo
2870 1449 3088 1508 tempus
3131 1445 3186 1491 et
3223 1451 3532 1492 sermonem

1953 1536 2140 1598 dante,
2177 1542 2563 1605 argumentum
2595 1531 2748 1600 dare,
2781 1532 2930 1603 quod
2961 1530 3181 1602 proprie
3209 1530 3536 1600 proponitur

1956 1643 2051 1697 per
2082 1627 2229 1680 illam
2262 1625 2476 1680 Domini
2503 1623 2860 1694 parabolam;
2893 1624 2975 1678 ait
3003 1623 3148 1677 enim
3178 1637 3192 1675 :
3227 1641 3244 1673 ι
3276 1619 3537 1676 Videntes

1957 1713 2101 1768 servi
2144 1713 2554 1784 patrisfamilias
2592 1713 2804 1769 zizania
2851 1715 2904 1766 in
2945 1728 3096 1783 agro,
3129 1713 3388 1766 dixerunt
3432 1711 3538 1764 do-

1959 1807 2106 1860 mino
2142 1825 2155 1860 :
2199 1803 2315 1872 Vis,
2346 1806 2523 1871 “imus,
2563 1814 2618 1860 et
2658 1804 2969 1875 colligimus
3001 1804 3108 1858 ea?
3140 1803 3205 1858 Et
3235 1803 3313 1856 ait
3345 1820 3358 1857 :
3394 1800 3534 1868 Non,

1962 1914 2028 1952 ne
2058 1898 2196 1952 forte
2221 1900 2544 1970 colligentes
2582 1898 2822 1962 zizania,
2869 1896 3165 1952 eradicetis
3199 1895 3365 1950 simul
3412 1910 3538 1950 cum

1961 1991 2038 2045 cis
2077 1993 2352 2058 triticum;
2388 1993 2478 2048 sed
2521 1992 2575 2046 in
2609 2002 2856 2061 tempore
2884 1989 3086 2044 messis
3115 1989 3294 2044 dicam
3327 2003 3541 2042 messo-

1957 2085 2146 2139 ribus:
2175 2084 2426 2154 Colligite
2455 2086 2690 2150 primum
2721 2082 2955 2148 zizania,
3008 2091 3061 2134 et
3107 2081 3328 2150 alligate
3361 2094 3426 2133 ea
3481 2079 3534 2131 in

1959 2178 2252 2234 fasciculos
2301 2179 2367 2233 ad
2421 2176 2882 2236 comburendum,
2911 2173 3154 2228 triticum
3188 2183 3368 2227 autem
3407 2187 3542 2228 con-

1957 2279 2178 2342 gregale
2213 2272 2265 2324 in
2305 2271 2562 2326 horreum
2594 2286 2797 2325 meum.
2837 2289 2856 2323 ι

273 2382 410 2419 ποτε
445 2363 790 2429 συλλέγοντες
813 2360 872 2414 τὰ
915 2359 1150 2426 ζιζάνια,
1184 2358 1523 2429 ἐκριζώσητε
1572 2357 1689 2427 ἅμα
1748 2359 1933 2423 αὐτοῖς
1961 2361 2052 2415 τὸν
2086 2365 2232 2416 σῖτον
2265 2380 2278 2394 ·
2323 2363 2383 2415 ἐν
2413 2362 2470 2415 δὲ
2539 2363 2618 2432 τῷ
2681 2363 2858 2432 καιρῷ
2940 2362 3032 2415 τοῦ
3119 2359 3380 2430 θερισμοῦ
3436 2360 3544 2429 ἐρῶ

273 2457 389 2516 τοῖς
418 2453 689 2523 θερισταῖς
724 2467 740 2482 ⁸
773 2450 1072 2516 Συλλέξατε
1102 2449 1320 2519 πρῶτον
1360 2448 1427 2500 τὰ
1483 2447 1719 2513 ζιζάνια,
1788 2451 1886 2502 καὶ
1949 2451 2146 2522 δήσατε
2203 2454 2283 2516 είς
2326 2452 2554 2520 δέσμας,
2613 2454 2752 2523 πρὸς
2801 2452 2956 2524 153
3027 2453 3088 2506 τὸ
3177 2452 3542 2517 κατακαῦσαι,

275 2549 366 2602 τὸν
396 2547 452 2599 δὲ
483 2547 625 2598 σῖτον
655 2544 918 2614 συνάγετε
956 2545 1034 2605 είς
1059 2543 1160 2611 τὴν
1192 2543 1480 2612 ἀποθήκην
1524 2559 1650 2612 μου.
1690 2562 1708 2595 ι

350 2641 434 2694 Τά
469 2639 566 2708 μὲν
595 2633 688 2692 οὖν
716 2637 932 2702 ζιζάνιά
959 2639 1119 2700 εἰσιν,
1146 2637 1221 2700 ὼς
1248 2640 1343 2692 καὶ
1384 2640 1412 2692 ὁ
1445 2640 1646 2707 Κύριός
1674 2657 1860 2709 φησιν,

278 2736 328 2788 οἱ
361 2733 468 2785 υἱοὶ
517 2731 606 2784 τοῦ
641 2729 878 2800 πονηροῦ
919 2746 932 2760 ⁸
998 2733 1063 2784 ὲκ
1089 2734 1198 2800 γὰρ
1225 2731 1324 2798 τῆς
1380 2732 1702 2800 ὁμοιότητος
1757 2733 1864 2784 τῶν

281 2825 462 2893 ἔργων
503 2823 592 2874 τὸν
636 2821 967 2891 χαρακτῆρα
1014 2822 1224 2874 ἐκείνου
1287 2823 1566 2892 φέροντες,
1613 2824 1865 2894 σπέρμα-

280 2914 348 2967 τά
376 2930 439 2966 τε
475 2912 641 2965 αὐτοῦ
676 2912 770 2966 καὶ
815 2911 1121 2983 υἱοποίητοι
1156 2911 1496 2966 διατελοῦσιν
1554 2912 1724 2981 αὐτῷ.
1804 2913 1864 2968 '0

277 3006 337 3059 δὲ
365 3008 559 3077 καιρὲς
587 3005 681 3059 τιῦ
706 3005 971 3076 θερισμοῦ
1006 3007 1286 3059 συντέλεια
1319 3006 1412 3060 τοῦ
1451 3007 1649 3070 αἰῶνος
1671 3006 1863 3060 τούτου

279 3100 434 3152 ἐστίν
477 3114 491 3130 ο
525 3101 573 3151 εί
596 3100 703 3168 γάρ
739 3103 832 3152 καὶ
857 3097 1144 3169 πόρρωθεν
1173 3098 1397 3168 ἤρξατο,
1441 3099 1530 3152 καὶ
1580 3100 1674 3154 νῦν
1710 3103 1864 3171 ἐνερ-

278 3173 466 3261 γὲἰται
492 3192 581 3244 διά
610 3191 703 3244 τοῦ
732 3191 990 3256 θανάτου,
1028 3191 1166 3244 ἀλλά
1209 3193 1332 3244 τότε
1381 3191 1440 3245 τὸ
1491 3192 1664 3264 πέρας
1727 3194 1865 3264 λαμ-

281 3248 440 3340 havet
463 3285 590 3337 πᾶν.
638 3285 698 3336 Ol
725 3283 780 3335 δὲ
811 3248 1062 3353 θερισταὶ
1091 3283 1315 3351 ἄγγελοί
1345 3286 1486 3338 εἰσιν
1515 3297 1530 3313 ³
1564 3248 1726 3338 ὀὗτοι
1757 3248 1866 3356 γάρ
1890 3248 1936 3311 C

281 3381 413 3441 εἱσι,
449 3378 540 3429 καὶ
574 3374 808 3445 μάλιστα
834 3374 1162 3444 τηνικαῦτα,
1197 3375 1246 3428 oi
1277 3375 1370 3428 τοῦ
1407 3377 1733 3446 ἐπουρανίου
1771 3379 1868 3449 βα-

286 3472 481 3534 σιλέως
504 3469 740 3523 διάκονοι
767 3484 780 3498 ·
813 3469 1060 3538 (Ὥσπερ
1088 3468 1219 3538 γὰρ,
1248 3470 1405 3538 φησὶ,
1437 3469 1758 3539 σὺλλέγεται
1797 3471 1869 3525 τὰ

289 3565 528 3630 ζιζάνια,
557 3562 652 3614 καὶ
683 3563 815 3628 πυρὶ
842 3561 1228 3628 κατακαίεται,
1275 3561 1450 3622 οὕτως
1498 3562 1660 3618 ἔσται
1709 3565 1766 3618 ἑν
1799 3567 1865 3636 τῇ

294 3657 572 3727 συντελείᾳ
606 3655 698 3708 τοῦ
733 3655 927 3717 αἰῶνος
954 3654 1146 3706 τούτου
1180 3670 1191 3683 ·
1229 3656 1522 3708 ἀποστελεῖ
1567 3657 1596 3709 ό
1624 3657 1749 3720 Υἱὸς
1773 3657 1866 3709 τοῦ

303 3745 598 3815 ἀνθρώπου.
641 3764 660 3797 ι
681 3746 742 3798 Ὀ
771 3745 933 3806 αὐτὸς
953 3745 1008 3797 δέ
1043 3745 1158 3796 ἐστι
1190 3745 1283 3797 καὶ
1309 3745 1437 3808 Υἱὸς
1463 3744 1558 3797 τοῦ
1610 3746 1869 3799 ἀνωτάτω

311 3836 542 3906 Πατρός·
627 3854 648 3888 ‹
688 3836 1004 3888 Ἀποστελεῖ
1069 3834 1162 3888 οὖν
1214 3830 1371 3896 οὗτος
1418 3837 1546 3899 τοὺς
1603 3837 1868 3904 ἀγγέλους

303 3928 484 3993 αὑτοῦ,
550 3931 643 3983 καὶ
703 3927 1052 3993 συλλέξουσιν
1109 3929 1175 3981 ἐκ
1222 3929 1319 3996 τῆς
1367 3929 1649 3999 βασιλείας
1701 3932 1867 3984 αὐτοῦ

293 4020 473 4073 πάντα
501 4021 568 4073 τά
600 4019 875 4073 σκάνδαλα
909 4035 924 4050 ·
960 4037 978 4070 ι
1013 4020 1038 4070 ό
1066 4018 1175 4088 γὰρ
1207 4018 1413 4088 Κύριος
1461 4019 1617 4090 ἡμῶν
1660 4019 1870 4090 Ἰησοῦς

291 4112 546 4181 Χριστὸς,
581 4112 654 4174 ὠς
697 4112 794 4181 μὲν
820 4111 952 4173 Θεὸς
1003 4112 1221 4164 πάντων
1277 4111 1396 4164 ἐστὶ
1451 4111 1716 4183 δεσπότης
1773 4113 1868 4166 καὶ

293 4203 571 4272 βασιλεὺς,
604 4202 832 4272 οὐρανοῦ
854 4219 912 4254 τε
945 4203 1037 4255 καὶ
1068 4202 1171 4270 γῆς
1199 4204 1294 4254 καὶ
1325 4203 1432 4256 τῶν
1486 4205 1628 4274 ὑπὲρ
1659 4205 1750 4258 τὸν
1778 4205 1873 4257 οὑ-

292 4296 457 4366 ρανόν
485 4311 498 4324 ·
530 4295 603 4358 ὡς
631 4295 689 4348 δὲ
719 4295 1005 4361 ἄνθρωπος
1031 4292 1099 4346 δι’
1134 4296 1282 4364 ἡμᾶς
1313 4295 1580 4364 γεγονὼς,
1636 4299 1730 4350 καὶ
1783 4299 1870 4352 διά

288 4385 386 4438 τοῦ
417 4385 656 4455 σταυροῦ
693 4383 933 4438 καθελὼν
957 4382 1048 4436 τὸν
1080 4383 1148 4436 δι’
1185 4385 1404 4455 ἀπάτης
1449 4386 1870 4457 δουλωσάμενον

287 4482 350 4534 τὸ
378 4478 650 4548 ἡμέτερον
687 4475 862 4544 γένος’,
895 4477 1042 4547 ἡμᾶς
1071 4494 1127 4528 τε
1154 4475 1219 4528 δι’
1254 4477 1450 4530 ἑαυτοῦ
1501 4478 1861 4550 λυτρωσάμει

2038 2637 2262 2692 Ζτῑοιιίτι
2301 2637 2524 2707 quidem
2571 2647 2718 2702 sunt,
2772 2638 2916 2692 sicut
2951 2638 3213 2692 Dominus
3257 2637 3416 2701 dixit,
3453 2637 3546 2692 lilii

1965 2739 2225 2792 nequam,
2264 2741 2388 2780 nam
2436 2741 2563 2780 cum
2588 2742 2651 2780 ex
2681 2742 2910 2796 operum
2934 2727 3300 2781 similitudine
3330 2728 3548 2795 signum

1964 2814 2141 2870 ferant
2175 2816 2404 2886 spiritus
2444 2818 2704 2886 nequitize
2727 2857 2742 2882 ,
2795 2833 2981 2872 semen
3017 2817 3136 2885 ejus
3172 2818 3377 2891 ﬁliique
3409 2819 3547 2871 ado-

1961 2907 2096 2978 ptivi
2158 2918 2431 2963 constant.
2469 2908 2710 2978 Tempus
2752 2919 2937 2963 autem
2986 2910 3182 2963 messis
3225 2918 3303 2962 est
3356 2910 3546 2963 saeculi

1972 2999 2137 3069 hujus
2168 3001 2613 3056 consummatio:
2651 3015 2780 3054 nam
2808 3002 2908 3056 etsi
2953 3002 3108 3070 prius
3155 3001 3458 3064 inceperit.
3496 3015 3552 3056 et

1968 3089 2080 3160 jam
2106 3107 2251 3146 nunc
2275 3107 2371 3160 per
2395 3100 2626 3146 mortem
2653 3103 2920 3159 patratur,
2938 3101 3067 3147 tunc
3093 3102 3301 3147 tantum
3330 3108 3548 3146 omnem

1975 3183 2197 3237 habebit
2230 3182 2414 3238 linem.
2445 3183 2716 3240 Messores
2745 3200 2877 3240 vero
2910 3198 3040 3240 sunt
3069 3186 3270 3256 angeli,
3322 3185 3374 3239 bi
3403 3185 3548 3239 enim

1969 3286 2097 3328 sunt
2125 3285 2180 3330 et
2209 3277 2517 3346 praesertim
2557 3277 2611 3330 in
2648 3277 2740 3330 illa
2771 3277 2908 3331 hora
2940 3286 3126 3343 erunt,
3167 3278 3405 3330 ministri
3443 3292 3555 3331 ca:-

1970 3369 2126 3424 lestis
2158 3370 2329 3437 regni.
2356 3368 2492 3424 Nam
2522 3388 2534 3425 :
2568 3389 2586 3422 ι
2616 3368 2791 3436 Sicut,
2821 3370 2920 3434 ait,
2947 3371 3283 3440 colliguntur
3318 3371 3550 3435 zizania,

1971 3473 2025 3516 et
2077 3461 2202 3530 igne
2245 3463 2664 3528 comburuntur,
2718 3463 2799 3518 sic
2845 3464 2951 3518 erit
2987 3464 3039 3516 in
3076 3467 3555 3517 consummatione

1971 3555 2154 3608 δηρουιὶ
2184 3569 2198 3619 ;
2246 3555 2420 3608 mittet
2447 3554 2624 3610 Filius
2647 3556 2906 3609 hominis.
2944 3575 2964 3607 ι
3001 3556 3148 3611 Idem
3185 3571 3313 3610 vero
3349 3564 3434 3610 est
3465 3553 3558 3608 Fi-

1971 3646 2076 3700 lius
2117 3645 2298 3700 Patris
2345 3645 2596 3700 altissimi
2633 3665 2647 3700 :
2691 3663 2709 3696 ι
2751 3645 2927 3700 Mittet
2987 3661 3118 3715 ergo
3168 3647 3270 3702 iste
3330 3647 3555 3711 angelos

1971 3751 2122 3801 suos,
2150 3743 2202 3788 et
2221 3736 2481 3804 colligent
2510 3737 2576 3791 de
2604 3751 2774 3805 regno
2791 3737 2913 3806 ejus
2935 3738 3118 3792 omnia
3148 3739 3406 3792 scandala
3429 3738 3498 3792 θ’.
3528 3755 3549 3790 ι

1975 3827 2238 3882 Dominus
2277 3829 2422 3880 enim
2462 3837 2658 3882 noster
2685 3828 2847 3883 Jesus
2869 3828 3148 3893 Christus,
3178 3841 3235 3882 ιιι
3267 3829 3411 3884 Deus
3435 3831 3556 3899 qui-

1971 3920 2094 3975 dem
2121 3920 2368 3974 omnium
2412 3929 2497 3976 est
2531 3935 2623 3974 rex
2659 3930 2714 3975 et
2740 3921 3019 3985 dominus,
3073 3933 3180 3975 tam
3228 3923 3352 3977 να)ιί
3391 3939 3552 3992 quam

1973 4021 2134 4068 teme
2187 4021 2243 4066 et
2299 4027 2488 4068 eorum
2543 4029 2665 4081 quze
2709 4029 2876 4083 super
2926 4015 3126 4068 coelum
3167 4025 3329 4080 sunt;
3365 4016 3459 4070 sed
3503 4023 3562 4070 ut

1975 4107 2136 4161 homo
2171 4115 2390 4177 propter
2429 4121 2527 4162 nos
2560 4107 2735 4162 lactus
2793 4123 2920 4162 cum
2962 4122 3058 4178 per
3086 4123 3306 4164 crucem
3338 4119 3560 4163 everte-

1959 4201 2046 4261 .tit
2092 4217 2217 4256 eum
2268 4201 2365 4271 qui
2425 4201 2715 4256 mendacio
2775 4217 2951 4272 genus
3013 4211 3269 4255 nostrum
3339 4201 3554 4266 fefellit,

1974 4308 2188 4361 nosque
2228 4307 2257 4346 a
2300 4307 2358 4348 se
2403 4293 2668 4347 liberatos
2719 4293 2955 4362 genitori
3017 4308 3120 4348 suo
3171 4293 3388 4356 obtulit,
3425 4309 3555 4362 pro-

1974 4387 2152 4456 prium
2189 4401 2415 4455 regnum
2453 4384 2619 4439 habet
2649 4387 2842 4455 'genus
2875 4396 3150 4450 nostrum,
3186 4395 3239 4440 el
3276 4386 3328 4438 in
3363 4386 3554 4454 primis

1975 4490 2222 4532 sanctam
2251 4493 2319 4531 ex
2341 4487 2462 4532 toto
2495 4493 2689 4547 genere
2710 4477 3032 4533 Ecclesium.
3071 4478 3178 4532 Iste
3206 4493 3333 4545 ergo
3367 4478 3550 4532 mittet

287 4590 402 4638 νος,
436 4573 533 4624 καὶ
561 4568 925 4640 προσαγαγὼν
953 4568 1030 4638 τῷ
1058 4569 1173 4638 ἰδίῳ
1220 4570 1524 4638 γεννήτορι,
1586 4570 1862 4638 βασιλείαν

1975 4571 2200 4640 angelos
2237 4585 2396 4633 suos,
2459 4581 2515 4623 et
2569 4569 2830 4641 colligent
2864 4587 2929 4626 ex
2989 4587 3154 4641 regno
3203 4572 3324 4639 ejus
3361 4572 3550 4626 omnia

287 4666 499 4721 οἰκείαν
530 4663 642 4734 ἔχει
675 4663 736 4716 τὸ
762 4662 1103 4732 ἀνθρώπινον
1155 4664 1332 4730 γένος,
1392 4662 1630 4730 μάλιστα
1669 4664 1724 4716 δὲ
1772 4667 1871 4731 τὴν

292 4759 356 4808 ἐκ
377 4754 576 4816 παντὸς
605 4753 794 4822 γένους
824 4751 979 4820 ἱερὰν
1012 4751 1365 4822 Ἐκκλησίαν.
1425 4752 1742 4806 Ἀποστελεί
1776 4751 1870 4807 οὖν

290 4843 446 4909 οὗτος
487 4847 610 4909 τοὺς
659 4845 927 4914 ἀγγέλους
989 4843 1176 4909 αὑτοῦ,
1241 4845 1336 4897 καὶ
1401 4843 1751 4910 συλλέξουσιν
1807 4848 1870 4898 ὲκ

290 4943 394 5012 τῆς
437 4939 710 5010 βασιλείας
739 4937 903 4990 αὐτοῦ
933 4935 1137 5007 ταύτης
1197 4937 1376 4989 πάντα
1438 4936 1506 4989 τὰ
1568 4938 1864 5004 σκάνδαλα,

291 5036 389 5088 καὶ
422 5034 548 5095 τοὺς
596 5029 882 5093 ποιοῦντας
929 5029 1025 5098 τὴν
1074 5029 1330 5096 ἀνομίαν,
1377 5030 1503 5091 τοὺς
1553 5030 1867 5099 αἱρετικοὺς

288 5127 558 5198 δηλονότι,
623 5124 715 5176 καὶ
763 5124 889 5186 τοὺς
940 5122 1015 5191 μὴ
1063 5120 1150 5174 διὰ
1199 5121 1492 5189 μετανοίας
1535 5123 1643 5176 τῶν
1687 5122 1866 5193 ἔργων

290 5218 630 5289 ἀποστάντας
659 5216 754 5283 τῆς
790 5213 1063 5284 ἁμαρτίας
1085 5229 1098 5242 ·
1132 5214 1283 5266 πᾶσα
1322 5214 1432 5284 γάρ
1459 5213 1708 5284 ἁμαρτία
1737 5217 1865 5268 ἀνο-

294 5314 394 5382 μία
443 5309 598 5363 ἐστί·
630 5305 978 5370 συλλέξαντες
1038 5304 1131 5358 οὖν
1171 5305 1418 5368 τούτους,
1482 5304 1736 5374 βαλοῦσιν
1787 5308 1866 5370 είς

289 5405 390 5473 τὴν
417 5403 648 5471 κάμινον
679 5399 772 5452 τοῦ
806 5399 973 5468 πυρός
1012 5413 1025 5428 ⁸
1055 5400 1169 5450 ἐκεῖ
1198 5397 1349 5452 ἔσται
1385 5400 1412 5450 ὁ
1445 5397 1721 5465 κλαυθμὸς
1767 5399 1865 5451 καὶ

290 5502 316 5551 ὁ
349 5496 591 5566 βρυγμὸς
618 5493 725 5545 τῶν
744 5491 992 5544 ὀδόντων.
1027 5489 1284 5553 Βλέπετε,
1319 5489 1562 5559 ἀδελφοὶ,
1601 5490 1864 5560 θερισμὸν

293 5594 387 5644 καὶ
415 5584 690 5658 χωρισμὸν
723 5583 890 5644 ὅντως
922 5582 1365 5650 φρικωδέστατον
1406 5585 1499 5635 καὶ
1523 5583 1826 5636 δεινότατον
1855 5583 1869 5638 ι

303 5681 542 5752 Ἀληθῶς
575 5677 630 5730 δὲ
658 5676 768 5746 ἀρα
806 5673 898 5727 καὶ
944 5673 1070 5734 τοὺς
1120 5673 1387 5743 ἀγγέλους
1406 5670 1546 5728 εἶναι
1605 5676 1731 5739 τοὺς
1779 5673 1874 5730 τοῦ

367 5863 409 5894 ⁸³
443 5861 635 5917 Matth.
673 5877 792 5923 xm,
829 5859 916 5926 40,
955 5861 1047 5914 .‘il.

1975 4661 2260 4727 scandala,
2293 4670 2348 4716 et
2397 4676 2493 4716 eos
2529 4663 2620 4731 qui
2659 4661 2870 4717 faciunt
2919 4664 3304 4732 iniquitatem,
3341 4665 3554 4718 scilicet

1976 4756 2266 4812 hmreticos
2305 4765 2359 4811 et
2408 4773 2501 4812 eos
2534 4759 2628 4826 qui
2661 4774 2755 4827 per
2785 4773 2948 4828 opera
3002 4759 3342 4828 poenitentia:
3370 4775 3398 4814 a
3427 4775 3555 4829 pec-

1973 4859 2098 4904 cato
2144 4865 2254 4904 non
2312 4860 2685 4912 recesserunt,
2740 4865 2900 4905 omne
2965 4853 3110 4905 enim
3159 4862 3558 4919 peccatumest

1976 4942 2278 5010 iniquitas;
2308 4958 2446 5013 quos
2466 4943 2632 5012 igitur
2655 4945 2916 4998 collectos
2945 4946 3160 4999 mittent
3190 4946 3242 4999 in
3277 4945 3555 4999 caminum

1977 5034 2140 5103 ignis,
2176 5035 2248 5090 ibi
2281 5036 2388 5089 erit
2430 5033 2590 5090 ﬂetus
2625 5042 2681 5089 et
2729 5035 2939 5090 stridor
2987 5037 3262 5092 dentium.
3311 5036 3554 5100 Cernite,

1975 5125 2198 5190 fratres,
2231 5132 2464 5180 messem
2504 5135 2561 5180 et
2600 5125 2994 5181 discretionem
3027 5142 3154 5182 vere
3186 5128 3414 5180 horrore
3448 5134 3560 5180 ter-

1975 5235 2212 5288 roreque
2243 5216 2640 5288 plenant.Vere
2674 5235 2808 5288 ergo
2845 5219 3069 5289 angelos
3086 5234 3208 5274 esse
3232 5217 3424 5272 messis
3454 5217 3556 5269 bn-

1970 5313 2056 5382 jus
2082 5327 2372 5373 messores,
2398 5319 2454 5365 et
2485 5311 2690 5382 majora
2727 5311 2990 5381 apostolis
3015 5311 3196 5365 facere
3211 5310 3548 5363 dicebamus.

1973 5401 2186 5462 idcirco
2230 5402 2478 5457 videntes
2526 5403 2670 5457 servi
2714 5402 3153 5469 patrisfamilias.
3209 5401 3270 5454 id
3308 5408 3413 5464 est,
3454 5398 3553 5453 Dei

1972 5495 2176 5564 angeli,
2209 5494 2420 5548 zizania
2453 5494 2507 5548 in
2534 5510 2689 5564 agro,
2722 5495 2773 5548 id
2806 5503 2890 5548 est
2929 5494 3128 5562 impios
3151 5504 3561 5560 perversosth

1975 5585 2226 5641 homines
2250 5600 2374 5640 cum
2402 5586 2561 5641 bonis
2591 5586 2645 5639 in
2680 5584 2922 5638 Ecclesia
2947 5583 3156 5637 Christi
3188 5582 3468 5649 degentes,
3495 5589 3554 5633 et:

1975 5691 2099 5732 cum
2154 5677 2233 5734 cis
2283 5685 2714 5750 conversantes,
2752 5675 3014 5731 dixerunt
3053 5672 3286 5728 Domino
3321 5688 3335 5725 :
3380 5689 3398 5724 ι
3431 5669 3553 5734 Vis,
