4014 6476
490 404 600 470 sn
1718 417 2105 480 esseom:
2148 418 2476 479 ramum
3653 410 3747 492 313

491 517 645 577 imus
682 529 736 577 et
770 523 1080 596 colligimus
1110 542 1170 582 ea
1198 529 1220 582 ?
1251 548 1268 580 ι
1305 527 1357 584 id
1398 539 1479 583 est
1522 545 1623 594 per
1657 541 1901 586 mortem,
1926 532 2068 600 rapi-
2096 581 2101 592 ,

2208 529 2433 600 ερισμοῦ
2458 529 2649 583 τούτου
2674 529 2954 600 θεριστὰς,
2991 534 3086 587 καὶ
3113 532 3218 586 τῶν
3242 533 3570 589 ἀποστόλων
3619 536 3750 607 ἔχειν

497 631 621 672 mus
650 631 746 671 eos
778 633 805 670 a
839 619 1025 672 terra?
1056 618 1323 675 Dominus
1357 629 1540 675 autem
1568 623 1655 676 eis
1679 622 1854 676 dixit:
1881 642 1897 673 ι
1924 623 2063 691 Νοιι,

2212 638 2229 671 ι
2263 622 2425 675 πλέον
2447 620 2710 689 ἐλέγομεν
2734 623 2916 692 ἡμεῖς.
2961 623 3182 688 ’ἰδόντες
3219 620 3318 679 οῦν
3348 628 3399 679 οί
3444 627 3618 681 δοῦλοι
3666 632 3750 684 τοῦ

497 724 567 763 ne
601 709 739 765 forte
769 711 1092 780 colligentes
1129 713 1346 768 zizania
1389 715 1684 770 eradicetis
1730 714 1891 770 simul
1940 731 2065 770 cum

2208 715 2411 787 ἱυρίου,
2443 715 2724 768 τουτέστιν
2750 716 2801 767 oi
2826 716 3051 784 ἄγγελοι
3077 717 3171 770 τοῦ
3220 719 3389 785 Θεοῦ,
3421 720 3492 774 τὰ
3551 719 3750 788 ζιζάνια

498 805 576 859 eis
609 805 851 860 triticum
886 803 956 860 “.
991 824 1011 858 ι

2209 825 2238 861 ν
2268 808 2347 879 τῷ
2379 807 2557 879 ἀγρῷ,
2593 808 2845 861 τουτέστι
2876 811 3005 872 τοὺς
3035 809 3324 875 δυσσεϐεῖς
3362 813 3461 866 καί¹
3496 815 3751 885 πονηροὺς

497 895 820 965 ἀνθρώπους
846 899 1235 969 συνδιάγοντας
1271 902 1412 970 μετά
1444 901 1554 955 τῶν
1578 901 1798 969 ἀγαθῶν
1820 940 1835 963 ,
1899 902 1994 954 καὶ
2048 902 2116 971 τῇ
2165 900 2470 971 Ἐκκλησία
2507 900 2603 953 τοῦ
2639 900 2907 972 Χριστοῦ,
2974 902 3069 954 καὶ
3106 903 3307 966 αὖτοὺς
3371 907 3754 975 πμϐιωτεύον·

500 1005 617 1052 τις,
645 985 799 1044 εἷπον
828 993 904 1063 τῷ
928 993 1120 1065 Κυρίῳ
1147 1012 1161 1026 ο
1228 1013 1246 1045 ι
1282 995 1469 1060 Θέλεις
1513 995 1844 1058 ἀπεῖθόντες
1886 994 2231 1063 συλλέξωμεν
2264 993 2444 1061 at’rrdt;
2491 1013 2510 1045 ι
2558 995 2806 1048 τουτέστι
2844 995 2931 1047 διὰ
2989 995 3085 1049 τοῦ
3165 996 3406 1051 θανάτου
3491 997 3753 1069 ὲξάρωμεν

499 1084 697 1148 αὐτοὺς
729 1086 836 1139 ἀπὸ
863 1089 959 1157 τῆς
982 1088 1131 1155 γῆς;
1182 1085 1241 1141 '0
1257 1089 1313 1143 δὲ
1348 1089 1551 1160 Κύριος
1599 1089 1734 1160 πρὸς
1761 1089 1958 1152 αὐτοὺς
2006 1083 2162 1140 εἶπεν
2200 1105 2215 1119 ο
2254 1103 2274 1138 t
2317 1085 2417 1153 Οὓ,
2485 1089 2561 1157 μή
2599 1105 2731 1141 ποτε
2778 1088 3129 1158 συλλέγοντες
3202 1089 3273 1143 τὰ
3338 1090 3559 1155 ζιζάνια
3616 1093 3753 1163 ἐκριο

502 1178 719 1248 ξώσητε
752 1180 867 1248 ἅμα
892 1182 1074 1244 αὐτοῖς
1099 1181 1192 1236 τὸν
1227 1185 1393 1239 σῖτον.
1432 1203 1451 1237 ο

575 1268 866 1335 Quomodo
902 1271 1090 1341 igitur,
1125 1273 1172 1326 si
1202 1274 1411 1329 zizauia
1472 1276 1938 1346 collegissent,_et
1987 1294 2085 1349 per

505 1370 738 1416 mortem
768 1364 941 1417 malos
984 1373 1255 1421 metentes
1277 1383 1373 1423 eos
1399 1384 1429 1423 a
1456 1370 1621 1440 justis
1654 1371 2082 1440 separavissent,

510 1453 811 1510 accidisset
834 1465 893 1510 ut
926 1456 1169 1513 triticum
1193 1460 1338 1528 quod
1367 1469 1541 1516 estex
1593 1462 1909 1518 hominibus
1933 1465 2083 1529 boni,

508 1543 919 1599 eradicaretur?
961 1547 1118 1617 lmpii
1151 1558 1207 1604 et
1232 1560 1551 1618 peccatores
1577 1552 1759 1620 multi,
1789 1564 2081 1624 postquam

510 1650 634 1689 cum
668 1637 772 1706 piis
794 1648 848 1692 et
873 1640 1037 1709 justis
1060 1641 1225 1697 simul
1255 1641 1513 1709 vixerint,
1541 1645 1876 1714 quandoque
1907 1645 2085 1716 pomi-

512 1727 681 1783 tentia
722 1740 1143 1799 convertuntur,
1165 1733 1388 1789 discunt
1422 1734 1680 1804 pietatem
1722 1747 1776 1791 et
1803 1736 2084 1797 virtutem,

512 1829 569 1875 et
624 1834 689 1874 ex
743 1822 970 1879 zizaniis
1027 1825 1268 1879 triticum
1320 1825 1495 1893 ﬂuuit;
1555 1826 1703 1882 unde
1769 1826 1972 1882 accidit
2027 1835 2087 1882 ut

515 1912 754 1967 triticum
782 1913 835 1968 in
868 1930 1044 1971 messe
1070 1930 1196 1970 cum
1222 1916 1451 1972 zizanils
1495 1919 1837 1974 eradicatum
1862 1919 2082 1986 fuisset,

2208 1916 2290 1988 εὴν
2315 1916 2599 1971 εὐσέϐειαν
2633 1918 2725 1969 καὶ
2781 1916 2880 1984 τὴν
2912 1916 3134 1987 ἀρετὴν,
3192 1919 3291 1972 καὶ
3342 1916 3466 1969 ἀντὶ
3523 1915 3754 1980 ζιζανίων

514 2004 561 2058 si
587 2007 654 2060 ab
677 2007 884 2076 angelis
908 2008 1230 2078 priusquam
1282 2010 1633 2079 poeniterent,
1686 2014 1840 2083 rapti.
1868 2024 2084 2070 essent.

2208 2014 2331 2061 τῖτοι
2355 2007 2597 2074 γίνονται
2632 2023 2648 2037 ·
2691 2006 2788 2059 καὶ
2819 2005 2961 2060 οὕτω
2991 2007 3312 2060 συνέϐαινεν
3358 2007 3418 2060 ὲν
3444 2009 3509 2077 τῇ
3547 2004 3753 2072 συλλογῇ

515 2097 742 2166 insuper
772 2099 927 2154 multi
953 2098 1081 2154 dum
1113 2110 1244 2156 sunt
1263 2103 1413 2169 mali,
1445 2103 1586 2160 ﬁlios
1615 2106 1905 2175 prolesque
1934 2107 2092 2161 bona;

2208 2098 2301 2151 τῶν
2318 2096 2571 2162 ζιζανίων
2606 2096 3060 2166 συνεκριζοῦσθαι
3092 2097 3187 2151 καὶ
3238 2097 3337 2150 τὸν
3405 2098 3572 2158 σῖτον,
3617 2094 3755 2162 εἴπερ

2257 1274 2382 1340 Πῶς
2407 1269 2521 1339 οὖν,
2550 1272 2710 1344 είπερ
2738 1273 3024 1342 συνέλεγον
3049 1272 3227 1336 αὐτοῖς
3279 1274 3371 1327 τὰρ
3390 1272 3629 1338 ζιζάνια,
3690 1273 3753 1326 εί-

2186 1386 2291 1438 περ
2330 1367 2786 1430 συνεκκόπτοντες
2823 1366 2909 1420 διὰ
2938 1365 3033 1419 τοῦ
3057 1365 3291 1419 θανάτου
3320 1364 3453 1429 τοὺς
3501 1367 3753 1435 πονηροὺς

2186 1459 2452 1532 ἔχώριζον
2489 1459 2597 1512 ἀπὸ
2626 1459 2736 1511 τῶν
2760 1459 3008 1521 δικαίων,
3044 1458 3329 1513 συνέϐαινε
3371 1459 3469 1512 καὶ
3490 1458 3579 1510 τὸν
3604 1461 3753 1518 σῖτον,

2186 1554 2306 1622 ἦτοι
2353 1551 2483 1613 τοὺς
2521 1550 2763 1617 ἀγαθοὺς
2824 1549 2933 1602 τῶν
2973 1548 3305 1618 ἀνθρώπων,
3369 1548 3750 1618 ἑκριζοῦσοαις

2193 1641 2390 1694 Πολλοὶ
2418 1642 2524 1695 τῶν
2544 1640 2820 1693 δυσσεϐῶν
2841 1642 2936 1694 καὶ
2987 1640 3097 1693 τῶν
3151 1640 3502 1712 ἁμαρτωλῶν
3561 1639 3753 1693 συνδιά-

2193 1750 2383 1801 γοντες
2408 1734 2520 1795 τοῖς
2549 1731 2790 1795 εὐσεϐῶς
2828 1733 2918 1784 καὶ
2948 1731 3173 1795 δικαίως
3208 1731 3416 1803 βιοῦσι,
3440 1732 3613 1802 χρόνῳ
3640 1731 3751 1785 ποτὲ

2195 1825 2622 1894 μεταϐάλλονται
2671 1825 2738 1895 τῇ
2795 1825 3079 1894 μετανοίᾳ,
3135 1827 3231 1878 καὶ
3293 1825 3755 1894 μεταμανθάνουσι

512 2189 814 2246 voluntatis
832 2191 1095 2262 gignunt;
1119 2193 1242 2250 ideo
1262 2196 1357 2266 qui
1380 2196 1563 2251 omnia
1584 2198 1763 2253 noscit
1795 2208 2089 2269 antequam

515 2282 670 2347 ﬂant,
698 2284 877 2339 noluit
906 2287 1114 2341 zizania
1147 2296 1276 2344 ante
1299 2297 1515 2361 tempus
1542 2292 1837 2347 eradicari.
1875 2311 1894 2345 ι
1953 2292 2088 2358 Sed,

515 2379 611 2443 ait,
642 2378 695 2432 in
723 2387 964 2450 tempore
995 2384 1190 2437 messis
1215 2383 1393 2439 dicam
1422 2387 1763 2443 messoribus
1796 2406 1811 2442 :
1841 2386 2095 2459 Colligite

514 2482 579 2523 ea
605 2468 657 2523 in
684 2468 977 2528 fasciculos
1007 2473 1074 2528 ad
1105 2474 1541 2532 comburendqu
1578 2495 1594 2544 ;
1633 2480 1877 2534 triticum
1909 2492 2091 2535 autem

517 2574 845 2632 congregata
876 2562 929 2617 iu
959 2566 1219 2620 horreum
1283 2584 1487 2623 meum.
1520 2589 1541 2621 ι
1598 2570 1733 2636 Quae
1784 2584 2097 2630 consonant

522 2648 609 2705 his
641 2667 762 2721 quae
799 2653 1062 2711 Dominus
1093 2657 1223 2711 alibi
1278 2659 1421 2713 dixit
1461 2678 1474 2714 :
1508 2680 1528 2713 ι
1602 2663 1830 2719 Intravit
1889 2682 1981 2721 rex
2039 2677 2097 2722 ut

521 2739 736 2796 videret
769 2742 1201 2810 discumbentes,
1234 2758 1291 2803 et
1321 2750 1458 2805 vidit
1520 2752 1594 2808 ibi
1645 2755 1923 2811 hominem
1987 2774 2096 2813 non

523 2833 778 2887 vestitum
816 2847 966 2891 veste
999 2840 1252 2908 nuptiali,
1311 2852 1366 2897 et
1398 2842 1601 2900 dixitei
1639 2864 1653 2900 :
1690 2847 1901 2913 Amice,
1960 2865 2100 2919 quo—

522 2923 688 2978 modo
720 2925 826 2981 huc
859 2927 1076 2985 intrasti
1110 2948 1218 2985 non
1255 2933 1465 2992 habens
1490 2945 1696 2994 vestem
1758 2942 2102 3011 nuptialem?

522 3015 594 3070 At
628 3018 717 3075 ille
744 3020 1037 3078 obmutuit.
1063 3023 1215 3080 Tune
1241 3025 1379 3082 dixit
1398 3044 1490 3084 rex
1551 3031 1821 3088 ministris
1851 3049 1865 3087 :
1894 3033 2103 3106 Ligatis

522 3106 758 3176 pedibus
793 3110 915 3179 ejus
941 3122 1000 3167 et
1034 3115 1311 3177 manibus.
1350 3118 1547 3175 mittite
1581 3135 1706 3176 eum
1739 3123 1793 3178 in
1847 3126 2101 3181 tenebras

525 3198 871 3261 exteriores:
923 3203 997 3259 ibi
1028 3202 1134 3261 erit
1188 3206 1347 3265 ﬂetus
1374 3218 1430 3265 et
1457 3213 1660 3269 stridor
1703 3215 1950 3271 dentium
1974 3218 2043 3273 ".
2078 3236 2097 3270 ι

2195 2189 2538 2257 ἀνάρπαστοι
2570 2188 2726 2255 παρά
2751 2188 2859 2241 τῶν
2898 2188 3150 2257 ἀγγέλων
3180 2189 3290 2257 πρὸ
3333 2188 3436 2258 τῆς
3488 2185 3753 2255 μετανοίας
3792 2182 3797 2191 ’

2196 2281 2461 2349 ἐγένοντο.
2497 2281 2661 2334 ’Λλλὰ
2695 2280 2792 2333 καὶ
2827 2280 3013 2333 πολλοὶ
3041 2281 3273 2350 πονηροὶ
3323 2279 3498 2343 ὄντες,
3549 2274 3749 2342 τέκναῆ

2197 2371 2396 2440 ἔγγονα
2426 2372 2805 2440 ἀπεγέννησαν
2831 2370 3045 2440 ἀγαθῆς
3076 2369 3464 2440 προαιρέσεως
3487 2385 3502 2400 ο
3534 2368 3620 2421 διὰ
3647 2365 3753 2418 τοῦ·

2196 2479 2259 2516 το
2293 2464 2322 2514 ὁ
2354 2462 2532 2516 πάντα
2570 2462 2698 2533 πρὶν
2741 2462 3012 2531 γενέσεως
3038 2463 3195 2525 εἰδὼς
3241 2463 3347 2517 οὒκ
3387 2461 3639 2520 ἐνέδωκεν
3677 2460 3758 2510 ἐκ·

2201 2542 2499 2628 ριζωθῆνῶ
2550 2554 2654 2627 πρὸ
2702 2554 2895 2624 καιροῦ
2945 2554 3015 2607 τὰ
3058 2553 3281 2639 ζιζάνιι
3312 2572 3328 2586 ο
3371 2572 3390 2605 ι
3453 2553 3544 2607 Ἑν
3586 2552 3639 2605 δὲ
3688 2549 3753 2618 τῷ

2200 2646 2378 2717 καιρῷ
2420 2645 2512 2699 τοῦ
2544 2646 2825 2716 θερισμοῦ,
2864 2648 3049 2716 φησιν,
3103 2646 3213 2717 ὲρῶ
3276 2648 3395 2708 τοῖς
3458 2644 3750 2713 θερισταῖς·

2201 2738 2502 2804 Συλλέξατε
2539 2739 2758 2809 πρῶτον
2797 2737 2863 2791 τὰ
2884 2738 3118 2802 ζιζάνια,
3148 2737 3248 2791 καὶ
3273 2737 3477 2808 δήσατε
3517 2735 3645 2789 αὐτὰ
3688 2734 3754 2794 εἰς

2202 2831 2412 2902 δέσμας
2447 2831 2583 2900 πρὸς
2608 2829 2666 2883 τὸ
2691 2830 3033 2883 κατακαῦσαι
3057 2847 3071 2861 ο
3096 2830 3189 2882 τὸν
3214 2830 3278 2883 δὲ
3330 2832 3480 2882 σῖτον
3541 2825 3752 2891 συναγά-

2204 2941 2330 2993 γετε
2360 2925 2439 2985 είς
2476 2924 2575 2993 τὴν
2605 2922 2891 2993 ἀποθήκην
2952 2936 3077 2992 μου.
3127 2938 3147 2972 ι
3205 2919 3386 2973 Τοῦτό
3438 2922 3582 2972 ἐστιν
3633 2918 3754 2970 ἄντι-

2205 3032 2363 3085 κρυς,
2396 3016 2533 3086 ὅπερ
2556 3017 2613 3069 ἐν
2640 3013 2812 3082 ἑτέρῳ
2838 3016 3004 3083 φησὶν
3038 3015 3065 3066 ό
3108 3011 3343 3082 Κύριος,
3380 3012 3462 3065 ὅτι
3490 3029 3502 3041 ·
3546 3030 3563 3061 ι
3595 3006 3751 3062 Εἰσελ-

2207 3107 2317 3162 θὼν
2344 3109 2373 3161 ό
2405 3107 2662 3179 βασιλεὺς
2687 3104 2981 3159 θεάσασθαι
3019 3106 3145 3166 τοὺς
3168 3105 3584 3175 ἀνακειμένους,
3635 3095 3749 3153 εἶδεν

2209 3198 2326 3250 ἐκεῖ
2348 3196 2637 3267 ἄνθρωπον
2679 3194 2839 3267 154
2880 3195 2981 3248 οὐκ
3022 3194 3374 3265 ἐνδεδυμένον
3431 3193 3621 3262 ἔνδυμα
3673 3188 3753 3254 γά-

528 3289 667 3344 Nam
702 3296 1166 3361 quemadmodum
1216 3310 1530 3359 erantcum
1590 3306 1749 3363 bouis
1797 3311 2101 3366 seminibus

2215 3309 2342 3362 μου,
2375 3293 2468 3344 καὶ
2494 3286 2651 3343 εἶπεν
2675 3291 2826 3360 αὐτῷ
2851 3305 2867 3321 ⁶
2930 3289 3171 3358 Ἑταῖρε,
3211 3287 3331 3351 πῶς
3385 3286 3624 3354 εἰσῆλθες
3666 3276 3749 3382 ῶδε

531 3384 770 3452 zizania,
805 3387 880 3441 ita
917 3389 1006 3445 ille
1028 3389 1170 3455 inter
1195 3392 1364 3450 bonos
1389 3397 1652 3465 operibus
1681 3401 1839 3468 quasi
1871 3402 2099 3470 nuptiali

529 3474 770 3544 diploide
805 3477 1029 3534 indutos
1083 3481 1483 3552 discumbebat,
1516 3486 1610 3556 qui
1671 3489 2101 3551 contaminatam

529 3564 844 3636 fmdamque
864 3568 1068 3626 ferebat
1094 3582 1296 3629 vestem
1349 3579 1597 3647 peccati;
1629 3588 1683 3634 et
1744 3584 2105 3651 quemadmo-

532 3658 657 3711 dum
691 3658 763 3713 ibi
796 3660 1006 3717 zizania
1053 3664 1203 3732 prius
1254 3666 1468 3733 alligari
1497 3668 1656 3737 jubet
1713 3671 2000 3741 Dominus,
2051 3683 2107 3730 et

532 3747 730 3804 deinde
762 3750 815 3805 iu
858 3752 1039 3822 ignem
1073 3755 1229 3813 illum
1256 3759 1456 3823 emitti,
1504 3761 1578 3815 ita
1611 3770 1667 3816 et
1689 3762 1741 3818 in
1798 3764 1905 3819 isto
1963 3766 2104 3833 loco,

531 3856 656 3894 cum
685 3841 914 3899 dixisset
946 3860 1004 3898 ιι
1052 3844 1261 3917 Ligatis
1290 3850 1544 3905 manibus
1566 3860 1621 3905 et
1644 3852 1870 3922 pedibus
1894 3855 2033 3925 ejus,
2081 3876 2100 3909 ι

531 3938 722 3998 postea
746 3932 957 3988 addidit
992 3951 1007 3987 :
1043 3953 1063 3986 ι
1106 3936 1305 3992 Mittite
1356 3954 1481 3993 eum
1520 3939 1574 3994 in
1649 3926 1904 4000 tenebras
1956 3953 2112 4000 exte-

532 4018 742 4087 riores;
769 4041 786 4074 ι
817 4032 868 4078 et
896 4024 1111 4080 laudent
1154 4028 1355 4096 adjecit
1399 4033 1542 4099 quod
1584 4032 1697 4102 jam
1717 4034 1827 4090 illic
1848 4036 2105 4092 dixerat:

540 4130 561 4163 ι
595 4111 673 4167 lbi
702 4114 803 4169 erit
836 4113 996 4171 ﬂetus
1028 4124 1082 4171 et
1111 4118 1316 4173 stridor
1345 4120 1613 4188 dentium,
1655 4143 1675 4178 ι
1720 4124 1858 4180 adeo
1881 4135 1938 4180 ut
1963 4125 2106 4181 idem

535 4204 1004 4274 soueutgebenna
1053 4207 1196 4278 ignis
1222 4219 1278 4265 et
1327 4213 1568 4268 tenebrat
1632 4215 1959 4270 exteriores.
2041 4219 2110 4271 At

534 4309 706 4363 quare
738 4296 892 4352 locus
916 4298 1018 4354 iste
1056 4301 1308 4372 caliginis
1346 4304 1551 4360 dicitur
1575 4308 1814 4363 tenebrae
1880 4322 1985 4361 non
2019 4307 2107 4363 in-

535 4387 790 4454 teriores,
824 4392 918 4445 sed
945 4393 1283 4450 exteriores?
1319 4395 1436 4451 Lux
1467 4399 1588 4453 sine
1616 4413 1864 4469 vespere,
1892 4401 1984 4454 lux
2014 4415 2107 4455 ve-

535 4495 594 4532 ra
618 4491 672 4534 et
701 4490 906 4537 aeterna
939 4483 990 4537 iu
1027 4500 1133 4555 qua
1164 4502 1312 4543 nunc
1339 4489 1557 4559 quidem
1604 4501 1734 4545 sunt
1763 4490 1963 4546 anima:
2019 4492 2111 4562 ju-

536 4583 772 4638 storum,
803 4585 933 4630 tunc
963 4591 1095 4632 vero
1118 4587 1173 4632 et
1197 4594 1323 4633 cum
1350 4581 1678 4650 corporibus
1706 4592 1867 4637 erunt
1905 4584 2106 4647 sancti,

2213 3382 2288 3454 μὴ
2328 3382 2467 3453 ἔχων
2507 3381 2714 3453 ἔνδυμα
2744 3380 2965 3451 γάμους
3013 3381 3070 3433 '0
3104 3379 3159 3432 δὲ
3186 3379 3464 3450 ἐφιμώθη.
3499 3379 3621 3431 Τότε
3652 3368 3750 3426 εἷπε

2206 3477 2321 3535 τοῖς
2349 3475 2638 3538 διακόνοις,
2671 3476 2953 3546 Δήσαντες
3003 3472 3171 3527 αὐτοῦ
3227 3476 3420 3544 χεῖρας
3444 3472 3533 3524 καὶ
3582 3467 3749 3525 πόδας.

2212 3567 2416 3639 ’Ἄρατε
2441 3564 2626 3630 αὑτὸν,
2671 3567 2766 3619 καὶ
2790 3563 3049 3618 ἐκϐάλετε
3075 3564 3158 3626 είς
3175 3563 3238 3617 τδ
3264 3560 3460 3625 ¹σκότος
3484 3561 3542 3614 τὸ
3588 3555 3754 3624 ὲξὼτε-

2211 3676 2304 3731 ρον
2336 3676 2351 3692 ·
2403 3659 2516 3713 ὲκεῐ
2579 3658 2732 3711 ἔσται
2787 3658 2816 3709 ὁ
2865 3654 3144 3724 κλαυθμὸς
3195 3658 3291 3709 καὶ
3336 3657 3364 3707 ό
3397 3650 3630 3724 βρυγμὸς
3662 3646 3751 3698 τῶν

2209 3754 2437 3806 ὀδόντων
2461 3769 2476 3783 ·
2527 3771 2545 3804 ι
2579 3750 2772 3820 ὥσπερ
2808 3747 2919 3817 γὰρ
2955 3749 3076 3800 ἐκεῖ
3115 3747 3360 3817 συνῆσαν
3406 3748 3516 3805 τοῖς
3558 3737 3752 3808 ἀγαθοῖς

2214 3845 2495 3914 σπέρμασι
2509 3842 2574 3895 τὰ
2595 3839 2837 3905 ζιζάνια,
2862 3837 3033 3901 οὕτως
3057 3838 3292 3891 ἐνταῦθα
3317 3828 3749 3890 συνανέκειτοτοῖς

2209 3937 2309 3998 τὰς
2329 3935 2539 4003 ἀγαθὰς
2573 3932 2800 4003 πράξεις
2831 3930 2908 3993 ὡς
2935 3930 3216 3999 νυμφικὴν
3269 3927 3513 3983 διπλοΐδα
3541 3933 3751 3992 περικει·

2215 4027 2398 4098 μένοις
2422 4029 2449 4079 ὁ
2475 4026 2565 4078 τὸν
2589 4021 3042 4093 κατεφθαρμένον
3070 4022 3164 4076 καὶ
3190 4016 3649 4087 κατεσπιλωμένον
3672 4024 3750 4098 φθῇ

2214 4097 2324 4190 ρῶν
2356 4119 2559 4189 χιτῶνα
2604 4118 2703 4188 τῆς
2749 4116 3023 4188 ἁμαρτίας
3051 4130 3065 4146 ·
3098 4116 3194 4168 καλ⁸
3258 4113 3510 4181 καθάπερ
3562 4105 3668 4159 ἐκεῖ
3697 4097 3753 4151 τὰ

2213 4210 2430 4276 ζιζάνια
2456 4210 2672 4282 πρῶτον
2702 4208 2923 4279 δεθῆναι
2946 4206 3159 4261 κελεύει
3187 4210 3215 4260 ὁ
3248 4206 3472 4276 Κύριος,
3530 4195 3669 4297 εἶτα⁸
3687 4190 3751 4249 εἰς

2213 4305 2274 4358 τὸ
2291 4304 2403 4375 πῦρ
2429 4305 2608 4357 ἐκεῖνο
2654 4303 2905 4373 ῥιφῆναι,
2949 4298 3093 4355 οὕτω
3138 4300 3234 4352 καὶ
3274 4292 3524 4354 ἐνταῦθα,
3571 4292 3751 4357 πρῶτον

2213 4397 2405 4462 εἰπὼν,
2437 4398 2710 4465 Δήσαντες
2735 4392 2905 4448 αὐτοῦ
2940 4394 3130 4463 χεῖρας
3154 4393 3250 4444 καὶ
3275 4390 3461 4451 πόδας,
3505 4378 3615 4435 εἶτά
3665 4389 3750 4444 φη·

2216 4505 2323 4556 σιν,
2378 4486 2669 4541 Ἐκϐἁλετε
2693 4485 2856 4538 αὐτὸν
2888 4486 2970 4546 είς
3007 4483 3069 4536 τὸ
3123 4482 3315 4543 σκότος
3369 4478 3430 4529 τὸ
3474 4471 3749 4556 ἐξώτερον]

2215 4550 2612 4649 καὶνέπήγαγεν
2640 4577 2777 4647 ὅπερ
2799 4578 2893 4630 καὶ
2921 4575 3055 4638 ἐκεῖ,
3079 4574 3161 4627 ὅτι
3192 4574 3312 4624 ἐκεῖ
3334 4570 3484 4622 ἔσται
3513 4565 3539 4616 ό
3585 4550 3752 4649 ﬂxae:

539 4662 686 4719 Deus
718 4673 796 4720 est
827 4683 841 4732 ;
869 4665 985 4737 ipse
1006 4667 1152 4722 enim
1195 4678 1278 4724 est
1307 4671 1390 4725 sol
1420 4670 1668 4740 jnstitiae,
1695 4686 1725 4725 a
1756 4687 1865 4742 quo
1894 4673 2028 4739 sole,
2052 4681 2101 4728 et

2217 4673 2313 4742 μ’δῖ
2592 4639 2839 4739 βρυγμὸς
2904 4666 3014 4718 τῶν
3060 4664 3330 4718 όδόντωνο
3388 4658 3524 4712 ὥστε
3544 4652 3600 4742 ab
3644 4639 3752 4697 αὑτό

540 4755 663 4810 luce
687 4770 749 4811 ex
769 4770 834 4809 eo
856 4758 1055 4812 emissa
1085 4759 1178 4828 qui
1206 4760 1413 4830 degunt
1441 4761 1492 4813 in
1523 4763 1876 4832 corruptione
1894 4772 1954 4817 et
1973 4763 2117 4834 inju-

544 4846 696 4901 stitia
755 4850 1276 4914 suntextriusecus,
1306 4852 1402 4906 sed
1434 4851 1524 4906 hic
1551 4851 1748 4906 habent
1768 4868 1919 4922 spem
1947 4855 2121 4923 poeni-

542 4940 747 5005 teutite,
769 4940 1028 4997 etvivuut
1051 4944 1151 4998 hac
1169 4944 1415 4999 sensibili
1449 4944 1568 4998 luce
1585 4946 1885 5014 gaudentes
1902 4962 2113 5002 necnon

537 5032 884 5103 iucunditate
923 5051 1083 5106 quam
1130 5035 1511 5106 prmbentaliaz
1546 5035 1638 5090 Dei
1684 5046 1971 5103 creaturae,
2007 5039 2114 5095 Deo

544 5129 842 5184 clementer
886 5131 1192 5186 sustinente
1251 5140 1305 5185 et
1327 5130 1715 5197 longanimiter
1761 5143 2116 5201 expectante

544 5234 736 5274 eorum
767 5221 1214 5277 conversionem.
1245 5222 1349 5288 Qui
1369 5233 1550 5277 autem
1577 5223 1662 5280 his
1693 5226 1746 5279 in
1793 5226 1956 5281 terris
2010 5241 2118 5281 non

545 5313 925 5379 poenituerint,
992 5322 1123 5368 tunc
1170 5313 1345 5389 etiam
1392 5313 1575 5369 divina
1603 5317 2018 5387 exspectatione
2068 5332 2097 5371 e

2220 5334 2317 5387 νης
2345 5315 2495 5387 ἥλιος
2528 5330 2543 5345 ·
2577 5313 2670 5367 τοῦ
2699 5311 2850 5380 ἡλίου
2873 5311 2928 5364 δὲ
2957 5310 3171 5373 τούτου,
3194 5306 3313 5366 καὶ,
3327 5299 3419 5355 τοῦ
3449 5289 3572 5389 παρ’

545 5408 955 5480 longanimitate
997 5408 1216 5477 spoliati
1249 5417 1303 5463 et
1338 5409 1617 5476 voluptate
1665 5425 1829 5480 quam
1868 5426 1897 5464 a
1960 5425 2122 5465 crea-

2226 4739 2342 4817 ἐστι
2373 4764 2437 4831 τῇ
2468 4760 2662 4830 γεέννῃ
2717 4757 2827 4819 τοῦ,
2859 4756 3027 4826 πυρὸς
3054 4755 3115 4808 τὸ
3165 4752 3356 4815 σκότος
3412 4747 3468 4800 τὸ
3499 4739 3749 4807 ἐξώτερονο

2237 4855 2401 4909 Ἀλλά
2425 4854 2540 4916 πῶς
2592 4851 2751 4904 τοῦτο
2779 4850 3183 4917 ἀφεγγέστερον
3226 4845 3307 4909 δν,
3358 4841 3457 4894 οὐκ
3511 4831 3750 4917 ἐνδότεροξθ

2224 4947 2416 5008 σκότος
2442 4944 2685 5012 λέγεται,
2709 4941 2827 4995 ἀλλ’
2861 4939 3128 5010 ἐξώτερον
3157 4956 3171 5005 ;
3203 4938 3321 4999 Φῶς
3345 4931 3630 4993 ἀνέσπερον
3666 4909 3743 5012 καί

2222 4998 2474 5107 ἀλῆθινδν
2501 4998 2591 5090 καὶ
2620 4998 2808 5100 ἀίδιον,
2846 4998 2920 5087 ὲν⁷
2945 5026 2990 5100 ᾧ
3031 4998 3126 5085 νῦν
3159 4998 3271 5082 ἐἰσι
3305 4998 3422 5079 τῶν
3446 5014 3649 5107 δικαίωξ
3690 4998 3746 5051 τὰ

2222 5130 2530 5199 πνεύματα,
2562 5128 2680 5182 τότε
2710 5126 2768 5179 δὲ
2795 5125 2886 5178 καὶ
2918 5124 3056 5194 μετὰ
3087 5122 3334 5190 σώματος
3365 5119 3412 5168 οι
3448 5118 3583 5177 διγιοι
3626 5097 3747 5195 ἕπτ’

2218 5240 2332 5287 ται,
2354 5224 2381 5274 ὁ
2408 5221 2539 5285 Θεός
2564 5221 2716 5273 ἐστιν
2741 5234 2757 5250 ⁸
2788 5217 2950 5279 αὐτὸς
2984 5215 3094 5287 γάρ
3149 5215 3295 5265 ἐστιν
3315 5213 3341 5263 ό
3373 5207 3468 5274 τῆς
3513 5199 3745 5326 διξαίξξζέ

2349 5315 2398 5326 ..ι
2643 5313 2669 5323 ι-
2709 5311 2788 5326 οιι
2878 5311 2917 5326 με
3036 5310 3047 5324 ο
3198 5306 3283 5326 ,,_\
3328 5299 3419 5326 _-.'.
3449 5307 3554 5326 ’κῆ
3606 5300 3664 5326 au

3606 5300 3664 5334 αυ

2222 5412 2420 5480 φωτδς.
2456 5412 2550 5462 καὶ
2586 5408 2681 5460 νῦν
2713 5406 2763 5459 οἱ
2792 5404 2994 5468 ζῶντες
3039 5405 3098 5456 ὲν
3124 5392 3431 5466 ἀκαθαρσίᾳ⁸
3475 5374 3744 5480 imi-aoth

548 5468 685 5553 turis
714 5497 809 5553 Dei
848 5497 1148 5567 accipiunt,
1187 5497 1377 5568 sicque
1407 5514 1437 5554 a
1464 5498 1575 5555 Deo
1609 5501 1767 5572 longe
1796 5500 1947 5570 facti,
1976 5502 2101 5574 ipsa

2223 5503 2329 5567 ἔξω
2388 5503 2548 5564 εἰσὶν,
2590 5499 2705 5553 ἀλλ’
2763 5498 2977 5568 ἔχουσιν
3013 5491 3248 5548 ἐνταῦθα
3295 5486 3391 5555 τὴν

547 5608 655 5661 que
681 5607 777 5662 spe
810 5590 984 5655 exuti,
1010 5590 1229 5645 aeternis
1244 5593 1533 5649 tradentur
1561 5595 1870 5665 suppliciis,

549 5687 751 5755 φωτὸς,
781 5686 877 5740 καὶ
894 5688 995 5759 τῆς
1015 5685 1125 5741 ἀπὸ
1146 5687 1252 5741 τῶν
1277 5686 1453 5742 ἄλλων
1479 5689 1798 5759 κτισμάτων
1858 5688 1953 5743 τοῦ
1984 5687 2121 5744 Θεοῦ
2161 5684 2535 5761 παραμυθίας,
2603 5683 2700 5738 τοῦ
2771 5681 2908 5736 Θεοῦ
2962 5676 3359 5751 φιλανθρώπως

509 5850 519 5860 ’
587 5872 634 5904 υ
673 5873 860 5930 suum.
893 5876 1128 5946 “11,28,
1164 5877 1257 5933 ες).
1348 5879 1395 5912 η
1438 5877 1571 5934 una.
1632 5877 1720 5931 is.

2229 5551 2325 5567 ,τν-
2392 5551 2547 5564 in”.
2596 5551 2653 5553 -ν
2792 5551 2824 5568 Α
3347 5551 3358 5555 ⁷
3526 5563 3540 5577 ς
3589 5555 3611 5585 .’
3696 5558 3711 5569 ‘

2229 5592 2544 5665 μετανοίας,
2582 5592 2676 5646 καὶ
2703 5590 2836 5656 ζῶσι
2870 5588 2962 5643 τοῦ
2989 5582 3252 5655 αἰσθητοῦ
3297 5577 3389 5634 νῦν
3424 5551 3739 5665 (inuadat?

3436 5642 3738 5725 ἀνεχομέν⁰⁰⁹
