4014 6426
299 429 412 493 349
1634 439 1886 501 ΠΟΜΗ,

2032 445 2284 508 XXVII.
3474 457 3539 517 3f,

302 544 406 598 καὶ
436 540 808 614 μακροθύμως
871 545 1229 614 ἐκδεχομένου
1279 546 1378 616 τὴν
1450 547 1657 601 τούτων
1703 552 2072 622 ἐπιστροφήν.
2127 557 2190 608 Οί
2239 557 2296 609 δὲ
2360 557 2434 630 μὴ
2509 561 2951 631 μετανοήσαντες
3001 562 3257 627 ἐνταῦθα,
3319 564 3440 618 τότε
3485 566 3578 616 κχὶ

301 637 409 706 τῆς
472 637 623 701 θείας
679 639 880 709 ἀνοχῆς
939 640 1032 692 καὶ
1091 640 1484 712 μακροθυμίας
1511 641 1893 712 στερηθέντες,
1934 645 2028 698 καὶ
2085 648 2184 719 τῆς
2223 650 2330 705 ἀπὸ
2374 654 2483 706 τῶν
2547 657 2819 726 αἰσθητῶν
2898 659 2992 712 τοῦ
3053 660 3190 712 Θεοῦ
3260 661 3578 730 κτισμάτων

305 733 688 798 ἀπολαύσεως.
717 737 813 788 καὶ
838 735 982 790 οῦτω
1011 738 1104 789 τοῦ
1127 737 1262 792 Θεοῦ
1287 739 1626 812 πορρωτέρω
1655 742 1942 810 γεγονότες
1974 744 2068 796 καὶ
2103 747 2274 819 αὐτῆς
2342 752 2443 821 τῆς
2511 753 2722 818 ἐλπίδος
2790 756 3251 825 ἀπεστερημένοι,
3307 759 3372 826 τῇ
3448 758 3581 808 αἰω-

304 832 412 903 νίῳ
449 832 916 902 παραδοθήσονται
948 835 1190 890 κολάσει.

389 926 497 978 Καὶ
529 925 624 978 νῦν
653 926 750 994 μὲν
781 925 886 990 ἔξω
908 927 1000 980 τοῦ
1028 926 1287 996 ἀληθινοῦ
1311 928 1490 997 φωτὸς
1524 929 1702 995 ὅντες,
1761 925 1886 993 ἐξώ-

2070 928 2225 983 Nnne
2253 929 2472 998 quidem
2508 931 2667 1002 longe
2725 943 2910 988 siinta
2979 948 3110 988 vero
3161 933 3387 995 lumine,
3444 943 3578 991 tunc

303 1034 471 1087 τερον
501 1017 576 1081 δὲ,
603 1018 854 1089 καθάπερ
897 1020 1132 1087 ἔιρημεν,
1166 1019 1358 1074 τούτου
1404 1021 1526 1073 τότε
1587 1021 1891 1089 γεγονότες,

305 1112 411 1163 καὶ
451 1109 526 1180 τῷ
592 1111 843 1181 ὲξωτέρῳ
908 1111 1004 1164 τοῦ
1065 1112 1216 1174 ὄντος
1270 1114 1447 1181 φωτλς
1495 1113 1894 1182 παραδοθέντες

308 1204 520 1262 σκότει,
548 1203 638 1255 καὶ
668 1205 732 1278 τῇ
779 1204 1199 1274 ἀπαραμυθήτῳ
1242 1203 1420 1274 θλίψει
1471 1206 1566 1258 καὶ
1635 1222 1897 1274 στενοχω-

309 1297 430 1367 ρίᾳ,
463 1295 538 1359 ὡς
566 1296 660 1349 καὶ
679 1299 706 1350 6
749 1297 1070 1359 ’Λπόστολός
1100 1298 1386 1367 φησιν,ὅτι
1409 1312 1426 1328 ⁸
1489 1315 1508 1348 ι
1531 1298 1606 1350 Τὸ
1657 1297 1894 1368 χρηστὸν

307 1388 412 1442 τοῦ
442 1389 576 1441 Θεοῦ
596 1390 672 1452 είς
703 1389 994 1457 μετάνοιάν
1027 1407 1085 1442 σε
1108 1389 1253 1456 ἄγει,
1285 1390 1426 1443 κατά
1466 1389 1524 1443 δὲ
1569 1389 1669 1460 τὴν
1729 1390 1896 1459 σκλη-

311 1481 523 1550 ρότητά
576 1498 669 1534 σου
709 1484 808 1536 καὶ
835 1482 1203 1552 ἀμετανόητον
1259 1483 1896 1553 καρδίαν“’.θησαυρίζεις

311 1575 535 1646 σεαυτῷ
558 1575 727 1646 ὀργὴν
781 1579 838 1629 tv
880 1577 1066 1646 ἡμέρα
1107 1576 1282 1645 ὀργῆς
1339 1579 1432 1630 καὶ
1497 1577 1896 1646 δικαιοκρισίας

308 1669 415 1723 καὶ
449 1668 849 1738 ἀποκαλύψεως
899 1669 1109 1723 Θεοῦ.ι
1184 1671 1386 1741 Ὀργὴν
1441 1670 1498 1723 δὲ
1545 1672 1752 1740 Κυρίου
1810 1670 1896 1734 τίς

311 1762 566 1825 (maiust;
616 1761 712 1824 Τίς
755 1761 1017 1829 ὑπομενεῖ
1061 1761 1182 1814 τότε
1232 1763 1325 1815 τὶν
1377 1762 1596 1832 ἔλεγχον
1658 1763 1755 1816 καὶ
1797 1761 1895 1833 τὴν

310 1853 580 1925 αἰσχύνην
607 1855 842 1924 ἐκείνην,
869 1854 934 1926 ἢν
961 1855 1242 1918 ὑπέδειξεν
1258 1856 1392 1924 ἡμῖν
1417 1858 1444 1909 6
1480 1855 1684 1925 Κύριος
1732 1857 1790 1909 tv
1819 1855 1896 1926 τῷ

307 1945 632 2013 Εὐαγγελίῳ
669 1945 757 1998 διὰ
805 1946 904 2014 τῆς
933 1946 1278 2014 παραϐολῆς,
1313 1947 1486 2015 λέγων
1520 1949 1656 2018 πρὸς
1693 1949 1784 2001 τὸν
1820 1949 1896 2012 ὼς

307 2037 556 2101 δυσειδὲς
585 2038 790 2106 ἔνδυμα
818 2039 916 2108 τῆς
947 2038 1224 2109 ἁμαρτίας
1255 2039 1683 2109 περικείμενον*
1715 2059 1733 2092 ι
1772 2040 1896 2102 Πῶς

308 2128 562 2197 εἰσῆλθες
593 2122 703 2196 ὧδεί
733 2129 807 2199 μὴ
839 2129 978 2199 ἔχων
1004 2129 1208 2199 ἔνδυμα
1231 2130 1414 2199 γάμου
1449 2149 1461 2194 ;
1497 2149 1514 2181 ι
1541 2133 1632 2185 τὸν
1673 2149 1896 2202 κεχαρι-

308 2222 559 2290 τωμένον
605 2222 702 2291 τῆς
747 2223 948 2292 ἀρετῆς
971 2223 1218 2292 κόσμον;
1257 2224 1509 2285 κάκεῖνος
1543 2223 1649 2293 γὰρ
1685 2223 1888 2292 ἐφιμώ-

309 2312 406 2382 θη,
435 2313 509 2382 μὴ
538 2313 879 2383 ἔχωνδιᾶραι
903 2314 1096 2383 στόμα.
1124 2315 1216 2378 Τίς
1265 2316 1532 2385 ύπομενεῖ
1585 2315 1683 2386 τὴν
1741 2315 1891 2368 θείαν

313 2405 438 2475 μετ’
475 2405 640 2473 όργῆς
667 2405 945 2472 ἀπόφασιν
974 2407 1212 2476 ἐκείνην,
1244 2409 1337 2461 καὶ
1377 2409 1476 2478 τὴν
1504 2408 1610 2460 τῶν
1645 2407 1892 2475 ἀγγέλων

311 2498 398 2560 εἰς
429 2497 774 2566 ἐκπλήρωσιν
802 2499 1017 2568 ἐκείνης
1043 2499 1420 2570 σγοδροτάτην
1476 2501 1672 2570 ὁρμὴν,
1732 2501 1892 2570 ἀναρο

314 2590 599 2655 παζόντων
624 2590 715 2643 τὸν
743 2590 1077 2660 κατάκριτον
1122 2592 1232 2646 ἀπὺ
1296 2592 1392 2645 τοῦ
1443 2592 1606 2663 χοροῦ
1660 2591 1768 2646 τῶν
1817 2593 1893 2646 δι·-

313 2684 514 2746 καίων,
545 2685 635 2735 καὶ
657 2681 1003 2753 χωριζόντων
1021 2685 1095 2746 ὼς
1138 2687 1205 2736 τὰ
1251 2683 1474 2748 ζιζάνια
1511 2682 1617 2736 ἀπὸ
1650 2681 1744 2736 τοῦ
1811 2682 1891 2735 σί-

312 2791 435 2838 του,
471 2775 565 2826 καὶ
588 2775 934 2843 δεσμούντων
976 2775 1243 2844 ἀνηλεῶς,
1298 2776 1393 2828 καὶ
1437 2775 1720 2828 ὠθούντων
1787 2774 1887 2840 φεῦ

313 2867 396 2930 εἰς
428 2866 527 2936 τὴν
562 2868 815 2934 γέεννανῐ
845 2867 940 2930 Τίς
967 2866 1236 2931 ὑπομενεῖ
1263 2867 1325 2921 τὸ
1366 2868 1654 2938 ἐξώτερον,
1688 2868 1783 2921 καὶ
1807 2870 1887 2930 εἰς

311 2957 523 3019 αἰῶνας
549 2957 852 3026 ἀφώτιστον
870 2960 1046 3012 ἐκεῖνο
1081 2959 1291 3024 σκότος,
1323 2961 1413 3012 τὸν
1457 2959 1740 3014 ἄπαυστον
1795 2960 1889 3012 καὶ

313 3049 748 3120 ἀπαραμύθητον
803 3051 865 3103 ὲκ
932 3051 1164 3122 σφοδροῦ
1222 3053 1451 3116 πένθους
1501 3053 1722 3115 κλόνον,
1795 3055 1888 3106 καὶ

311 3144 342 3212 β
352 3142 562 3210 ρυγμδν
585 3142 678 3194 καὶ
701 3144 1080 3214 συγκρουσμὸν
1107 3144 1214 3198 τῶν
1241 3145 1504 3209 ὀδόντων;
1531 3145 1631 3216 τὴν
1652 3146 1887 3216 ἄληκτον

313 3238 412 3290 καὶ
445 3237 716 3304 ἀφόρητον
750 3237 812 3289 ἐκ
852 3235 951 3306 τῆς
988 3237 1236 3300 καύσεως
1272 3239 1466 3310 ὀδύνην
1504 3240 1597 3292 τοῦ
1621 3239 1887 3293 ἀσϐέστου

310 3329 486 3399 πυρός
508 3348 521 3393 ;
547 3324 654 3380 οἷον
675 3329 732 3382 δὲ
760 3330 820 3382 τδ
839 3329 950 3399 πῦρ
984 3330 1183 3395 έκεῖνο,
1224 3330 1251 3383 ὃ
1283 3331 1378 3384 καὶ
1421 3331 1696 3400 σωμάτων
1721 3329 1890 3384 ἅπτε·-

308 3433 420 3476 ται,
449 3416 543 3465 καὶ
571 3415 678 3468 τῶν
705 3417 760 3467 ὲν
789 3415 1034 3484 σώμασιν
1061 3417 1252 3481 ὄντων,
1283 3420 1375 3472 καὶ
1406 3420 1513 3472 τῶν
1539 3420 1638 3472 ούκ
1665 3421 1724 3472 tv
1784 3419 1889 3472 σώο

315 3520 452 3571 μασι
490 3505 877 3572 πνευματικῶν
927 3505 1130 3558 ὀδυνῶν
1170 3508 1286 3575 ἅμα
1347 3509 1442 3562 καὶ
1501 3512 1888 3580 παρακατέχον

2000 1021 2324 1084 vero,'sicut
2343 1021 2607 1087 diximus,
2631 1025 2696 1078 ab
2727 1041 2790 1078 eo
2813 1025 3028 1094 longius
3055 1025 3204 1089 flent,
3231 1032 3285 1079 et
3331 1026 3578 1079 exterio-

2003 1113 2156 1168 ribus
2192 1129 2220 1166 a
2248 1129 2378 1168 vero
2411 1115 2620 1170 lumine
2653 1115 2893 1170 tenebris
2948 1116 3262 1178 traduntur,
3333 1127 3386 1169 et
3443 1130 3577 1169 cou-

2004 1206 2214 1260 triiiuni
2245 1206 2364 1262 sine
2391 1205 2499 1260 ullo
2558 1207 2822 1261 levamine
2850 1215 2904 1261 et
2971 1206 3265 1278 angustiis,
3315 1207 3579 1276 quemad-

2006 1299 2227 1354 modum
2262 1300 2401 1354 dixit
2429 1299 2761 1369 Apostolus:
2807 1319 2824 1352 ι
2859 1300 3196 1371 Benignitas,
3231 1301 3424 1368 inquit.
3481 1299 3577 1353 Dei

2006 1388 2069 1442 ad
2103 1388 2480 1454 pinnitentiam
2511 1397 2563 1442 te
2602 1389 2862 1453 adducit;
2895 1390 3199 1443 secundum
3268 1399 3450 1444 autem
3477 1391 3580 1442 du-

2000 1481 2182 1536 ritiam
2243 1492 2388 1536 tuam
2443 1493 2496 1538 et
2533 1484 2886 1552 impaenitens
2933 1500 3049 1549 cor,
3098 1485 3438 1539 thesaurizas
3477 1485 3576 1538 tibi

2001 1575 2136 1626 iram
2167 1573 2219 1627 in
2247 1575 2335 1628 die
2355 1573 2466 1638 irin,
2492 1583 2546 1627 et
2573 1575 2920 1629 revelatiouis
2945 1575 3076 1644 justi
3110 1575 3303 1644 judicii
3333 1574 3424 1628 Dei
3445 1575 3514 1628 ".
3550 1593 3568 1625 ι

2001 1664 2139 1718 Iram
2177 1675 2360 1723 autem
2397 1666 2610 1720 Domini
2681 1668 2805 1737 quis
2867 1668 3197 1723 sustinebit?
3253 1668 3392 1734 Quis
3446 1679 3578 1722 tunc

2001 1757 2225 1814 siiﬂ‘eret
2335 1760 2797 1829 vituperationem
2908 1761 3055 1814 illam
3151 1770 3206 1815 et
3295 1761 3581 1815 einl‘iisio-

1997 1867 2122 1906 nem
2159 1867 2322 1922 quam
2367 1854 2696 1907 monstravit
2752 1853 2910 1908 nobis
2956 1853 3220 1908 Dominus
3265 1853 3320 1907 ia
3391 1851 3575 1907 Evan-

1999 1947 2142 2018 gelio
2195 1959 2290 2013 per
2350 1946 2664 2010 parabolam
2714 1946 2903 2002 dicens
2939 1949 3006 2002 ad
3069 1963 3196 2002 eum
3247 1948 3339 2018 qui
3398 1947 3578 2002 defor-

1999 2040 2070 2093 mi
2127 2040 2446 2094 indumento
2511 2041 2720 2109 peccati
2778 2039 3164 2094 vestiebatur:
3204 2056 3222 2089 ι
3287 2038 3575 2103 Quomodo

1999 2132 2105 2183 huc.
2142 2129 2355 2184 intrasti
2402 2146 2508 2184 non
2566 2131 2773 2184 habens
2842 2139 3048 2183 vestem
3106 2127 3465 2198 nuptialem"
3500 2168 3514 2192 ,
3550 2145 3570 2178 ι

1999 2224 2373 2292 gratissimum
2410 2224 2626 2278 virtutis
2672 2223 2922 2278 cultum?
2985 2223 3076 2276 Ille
3115 2223 3258 2276 enim
3303 2221 3577 2274 obmutuit

1998 2333 2102 2370 non
2135 2317 2342 2372 habens
2372 2331 2481 2386 quo
2503 2331 2563 2371 os
2591 2317 2852 2386 aperiret.
2888 2315 3022 2380 Quis
3053 2312 3353 2368 sustinebit
3374 2312 3572 2365 iratam

1999 2409 2143 2460 illam
2173 2408 2267 2462 Dei
2301 2407 2657 2472 sententiam,
2689 2417 2744 2461 et
2765 2404 3314 2460 vehementissimum
3375 2403 3442 2455 ad
3506 2402 3573 2455 il-

1996 2500 2102 2552 lam
2169 2500 2498 2569 implendam
2557 2499 2876 2567 angelorum
2947 2497 3234 2567 impetum,
3293 2493 3388 2564 qui
3441 2508 3574 2548 con-

1994 2591 2311 2646 demuatum
2335 2606 2364 2645 a
2398 2590 2619 2661 regione
2641 2590 2926 2660 justorum
2988 2587 3248 2656 eripient,
3271 2595 3324 2640 et
3390 2598 3576 2655 segre-

1994 2683 2201 2752 gabunt
2227 2679 2608 2736 veliitzizania
2640 2697 2669 2736 a
2713 2682 2917 2744 tritico.
2947 2687 3002 2735 et
3038 2681 3158 2735 sine
3186 2676 3569 2733 misericordia

1993 2775 2300 2844 alligatum,
2328 2775 2432 2828 heu
2472 2773 2484 2826 l
2518 2773 2738 2827 mittent
2769 2772 2821 2826 in
2851 2770 3195 2840 gehennam!
3232 2767 3368 2834 Quis
3398 2765 3576 2822 sustio

1994 2867 2142 2921 uehit
2172 2865 2476 2921 exteriores
2507 2865 2626 2919 illas
2649 2875 2701 2918 et
2755 2865 2809 2916 in
2834 2863 3030 2918 saecula
3079 2860 3397 2930 spissandas
3426 2869 3578 2912 tene-

1993 2961 2144 3025 bras,
2172 2967 2226 3014 et
2258 2958 2582 3012 continuum
2637 2965 2690 3010 et
2711 2957 2829 3010 sine
2872 2954 3146 3008 levamine
3196 2949 3572 3005 miserandum

1992 3067 2057 3105 ex
2115 3051 2416 3104 vehementi
2478 3062 2714 3104 maerore
2775 3048 3095 3111 tumultum,
3157 3055 3210 3098 et
3281 3041 3574 3097 stridorem

1993 3144 2374 3212 crepitumque
2425 3139 2710 3194 dentium?
2741 3139 2864 3208 quis
2919 3136 3242 3192 continuum
3270 3141 3325 3189 et
3377 3133 3576 3188 intole-

1993 3236 2219 3291 rabilem
2258 3249 2370 3304 prie
2400 3235 2689 3289 adustioue
2720 3233 2864 3303 ignis
2918 3228 3382 3300 iuexstinguibilis
3415 3227 3575 3282 dolo-

1992 3327 2306 3397 rcm?quis
2338 3327 2487 3380 illiilli
2544 3326 2723 3396 ignem
2779 3323 2870 3392 qui
2924 3332 3030 3377 tam
3082 3335 3312 3390 corpora
3373 3318 3569 3388 tangit,

1993 3432 2156 3486 quam
2189 3416 2421 3484 spiritus
2449 3415 2563 3468 sive
2619 3413 2944 3483 corporibus
2987 3411 3097 3465 sint
3153 3411 3287 3463 uniti
3322 3409 3434 3463 sive
3461 3422 3572 3462 non

1992 3510 2122 3570 sint,
2148 3507 2484 3574 immortales
2520 3503 2826 3558 cruciando
2883 3501 3253 3570 amplectitur,
3291 3513 3386 3569 per
3407 3511 3570 3568 quem

313 3597 575 3656 ἀθάνατα,
615 3595 682 3647 δι’
711 3589 770 3648 οῦ
815 3597 908 3648 καὶ
943 3597 1003 3649 τὺ
1053 3597 1174 3650 καθ’
1204 3598 1350 3667 ἡμᾶς
1405 3600 1515 3671 πῦρ
1560 3601 1884 3670 τακήσεται,

1992 3602 2154 3655 etiam
2182 3599 2325 3670 ignis
2380 3608 2562 3651 noster
2628 3596 3005 3659 comburetur,
3077 3601 3240 3663 prout
3301 3591 3570 3659 scriptum

319 3691 449 3741 κττᾶ
478 3690 535 3741 τδ
566 3691 974 3759 γεγραμμένον,
1009 3691 1252 3758 στοιχεῖα
1283 3691 1338 3742 δὲ
1369 3691 1689 3764 πυρούμενοι
1713 3695 1883 3758 τήκε-

327 3796 427 3830 ται.
465 3782 602 3851 Ὀση
663 3781 718 3832 δὲ
773 3783 869 3850 τῆς
927 3781 1118 3850 ὀδύνης
1170 3783 1455 3852 προσθήκη
1490 3783 1646 3852 155
1705 3784 1764 3835 τὸ
1785 3785 1886 3852 τῆς

323 3873 732 3942 ἀπολυτρώσεως
763 3874 1174 3944 ἀπροσδόκητον
1202 3890 1216 3938 ;
1247 3874 1314 3924 Τί
1337 3873 1393 3926 δὲ
1426 3874 1488 3926 τὸ
1518 3873 1651 3943 μηδὲ
1677 3874 1808 3944 ὁρᾷν

316 3960 481 4013 κακοῦ
517 3961 744 4032 κείμεθα
775 3980 790 4029 ;
824 3965 917 4015 καὶ
945 3965 1055 4031 γάρ
1080 3962 1388 4031 ἀφώτιστον
1422 3966 1604 4017 ἐκεῖνο
1635 3964 1693 4017 τὸ
1724 3966 1838 4036 πῦρ
1867 3981 1880 3995 ·

311 4049 461 4117 οὗτος
491 4055 546 4107 δὲ
573 4059 600 4108 6
631 4057 884 4127 θερισμὸς
919 4059 944 4110 6
968 4058 1132 4122 αύτός
1159 4059 1275 4110 ἐστι
1305 4060 1400 4111 καὶ
1440 4060 1506 4127 τῇ
1543 4057 1708 4111 ἆλωνι
1742 4057 1886 4111 ἐκεί-

308 4163 399 4218 νῃ,
439 4149 506 4218 ἢν
540 4151 566 4199 6
601 4149 835 4218 Χριστὸς
889 4148 1136 4219 κατέχων
1177 4152 1240 4204 τὺ
1288 4152 1458 4203 πτύον
1515 4153 1573 4203 tv
1619 4153 1683 4220 τῇ
1739 4151 1884 4221 χειρὶ

309 4238 474 4290 αὐτοῦ
535 4239 910 4308 διακαθαριεῖ,
975 4241 1050 4305 ὡς
1101 4245 1129 4296 6
1189 4243 1505 4315 Πρόδρομος
1567 4243 1730 4296 αὐτοῦ
1789 4244 1886 4298 καὶ

309 4332 622 4402 Βαπτιστὴς
660 4333 866 4398 ἐδίδαξε
909 4350 923 4365 ο
963 4335 1054 4388 καὶ
1094 4336 1186 4388 τὸν
1230 4336 1328 4406 μὲν
1361 4339 1508 4390 σῖτον
1556 4336 1772 4401 συνάξει
1805 4338 1884 4399 εἰς

305 4424 406 4495 τὴν
438 4425 720 4496 ἀποθήκην
745 4426 934 4489 αὐτοῦ,
963 4427 1024 4480 τὸ
1054 4427 1109 4481 δὲ
1145 4427 1348 4498 ἄχυρον
1380 4429 1722 4483 κατακαύσει
1748 4430 1885 4498 πυρὶ

306 4515 559 4585 ἀσϐέστῳ
587 4533 604 4548 ο
627 4517 724 4580 τὰς
758 4519 866 4587 γὰρ
893 4517 1195 4585 ἀγγελικάς
1219 4518 1480 4588 δυνάμεις
1509 4519 1677 4572 πτύον
1705 4521 1763 4570 tv
1813 4521 1879 4589 τῇ

306 4610 451 4679 χειρὶ
473 4609 714 4680 ὑπάρχον
748 4609 842 4663 τοῦ
884 4610 1120 4681 Χριστοῦ
1174 4613 1202 4664 6
1245 4611 1554 4681 Βαπτιστὴς
1605 4612 1834 4665 ἐκάλεσε
1864 4631 1878 4642 ·

306 4701 475 4754 πτύον
502 4701 559 4754 δέ
597 4703 711 4754 ἐστι
740 4703 798 4754 τὸ
831 4703 1216 4774 λικμητήριον.

379 4796 592 4865 Ὥσπερ
623 4791 715 4847 οῦν
743 4794 900 4848 τοῦτο
929 4797 984 4847 ὲν
1023 4799 1143 4857 ταῖς
1169 4797 1360 4866 χερσὶν
1398 4796 1458 4850 ὃν
1492 4797 1584 4850 τοῦ
1630 4799 1880 4870 γεωργοῦ

306 4888 534 4938 κινεῖται
552 4887 675 4940 ὅποι
703 4885 768 4939 ἂν
799 4887 892 4940 καὶ
923 4888 1072 4950 ὅπως
1102 4891 1129 4939 6
1150 4889 1399 4959 γεωργὸς
1459 4889 1683 4963 θελήσῃ,
1733 4891 1878 4946 οῦτω

304 4980 398 5030 καὶ
430 4980 478 5030 οἱ
511 4979 730 5046 ἄγγελοι
763 4982 820 5032 tv
847 4983 911 5050 τῇ
939 4982 1083 5050 χειρὶ
1107 4981 1262 5044 ὄντες
1293 4984 1389 5037 καὶ
1420 4987 1484 5055 τῇ
1518 4985 1740 5054 ἐξουσίᾳ
1781 4985 1875 5036 τοῦ

303 5071 511 5140 Κυρίου
542 5073 698 5141 ἡμῶν
725 5072 901 5142 Ἰησοῦ
925 5073 1192 5143 Χριστοῦ,
1230 5076 1506 5130 κινοῦνται
1544 5079 1665 5131 ὅποι
1693 5078 1758 5130 ἂν
1783 5079 1878 5131 καὶ

301 5165 449 5227 ὅπως
480 5164 639 5228 αὐτὸς
671 5163 949 5235 βούληται,
992 5169 1086 5219 καὶ
1111 5169 1380 5238 πληροῦσι
1411 5169 1472 5222 τὸ
1514 5169 1728 5239 θέλημα
1781 5172 1879 5223 αύ-

299 5257 419 5310 τοῦ.
441 5256 616 5326 Ὅπερ
647 5256 703 5308 δὲ
733 5260 790 5309 tv
821 5258 1015 5328 ἐκείνῳ
1058 5261 1136 5327 τῷ
1165 5260 1411 5332 θερισμῷ
1471 5262 1643 5332 ἀγρὸν
1701 5257 1878 5328 εἶπεν,

303 5347 483 5400 ἅλωνα
514 5349 742 5401 ἐνταῦθα
768 5353 1067 5420 προσεῖπεν
1101 5369 1114 5383 ·
1145 5355 1202 5405 ἐν
1237 5355 1346 5422 γάρ
1388 5357 1452 5423 τῇ
1485 5353 1652 5407 ἀλωνι
1701 5357 1879 5407 πάντα

300 5447 368 5496 τά
402 5443 508 5496 ἀπὸ
533 5444 624 5495 τοῦ
658 5444 828 5514 ἀγροῦ
863 5444 1206 5513 συναγόμενα
1241 5445 1584 5514 λαμϐάνουσι
1631 5445 1731 5514 τὴν
1759 5445 1878 5497 διά-

299 5555 500 5607 κρισιν.
539 5539 640 5590 Ἠν
663 5539 716 5590 δὲ
751 5539 1017 5608 συλλογὴν
1049 5539 1164 5590 ἐκεῖ
1212 5538 1320 5592 τῶν
1357 5537 1618 5603 ζιζανίων
1681 5539 1879 5606 προσέ-

294 5631 426 5697 ταξε
456 5630 728 5698 γενέσθαι,
758 5632 1028 5702 κάθαρσιν
1062 5633 1294 5685 ἐνταῦθα
1325 5631 1424 5700 τῆς
1476 5632 1683 5692 ἅλωνος
1744 5631 1874 5684 ἐκά-

296 5725 438 5775 λ;σε.
483 5722 637 5776 Τάδε
667 5723 879 5789 ζιζάνια
905 5724 1106 5796 ἄχυρον
1141 5723 1377 5777 ἐνταῦθα
1413 5723 1823 5794 προσηγόρευσε
1850 5739 1865 5754 ο

1986 3703 2070 3745 est
2104 3691 2412 3744 :eleinenta
2480 3687 2622 3758 ignis
2676 3686 2872 3739 ardore
2932 3686 3237 3738 tabescent.
3291 3681 3567 3747 Quantum

1989 3799 2116 3838 vero
2140 3784 2346 3839 doloris
2370 3783 2770 3836 incrementum
2812 3777 2960 3831 nulla
3000 3791 3126 3845 spes
3154 3773 3526 3842 exeinpiionis
3552 3803 3565 3825 ι

1987 3880 2262 3943 Quantum
2293 3875 2552 3929 etiamne
2613 3873 2798 3926 videre
2846 3870 3065 3940 quileni
3125 3869 3382 3937 abyssum
3437 3863 3567 3917 mall

1986 3971 2040 4026 in
2075 3985 2184 4036 quo
2211 3969 2456 4036 iacemus
2483 3967 2505 4020 ?
2537 3981 2662 4019 nam
2706 3965 2848 4034 ignis
2897 3963 2985 4016 ille
3015 3962 3200 4015 lumen
3237 3973 3346 4011 non
3409 3957 3569 4009 emit-

1986 4063 2073 4118 tit.
2109 4059 2308 4115 Verum
2347 4059 2544 4113 messis
2603 4058 2691 4111 illa
2748 4055 2890 4109 idem
2956 4061 3114 4108 sonat
3171 4067 3235 4106 ac
3291 4050 3384 4103 illa
3440 4063 3566 4102 area

1986 4172 2148 4226 quam
2177 4154 2431 4210 Christus
2458 4151 2823 4206 ventilahruin
2883 4147 3088 4201 habens
3130 4146 3184 4198 in
3245 4159 3409 4199 manu
3463 4159 3564 4200 sua

1985 4247 2327 4311 emundahit,
2362 4246 2506 4299 sicut
2540 4256 2856 4313 praecursor
2881 4241 3002 4310 ejus
3038 4239 3280 4309 Baptista
3337 4240 3562 4304 docuit;

1988 4351 2040 4395 et
2087 4340 2328 4394 triticum
2375 4337 2596 4407 quidem
2658 4334 3013 4402 congregabit
3064 4333 3117 4385 in
3179 4333 3376 4385 horreo
3441 4345 3563 4392 Sno,

1987 4433 2199 4502 paleam
2236 4440 2417 4496 autem
2479 4427 2764 4482 comburet
2823 4423 2944 4494 igne
2983 4420 3416 4489 inexsiinguibili
3492 4421 3562 4476 9".

1986 4527 2123 4581 Nam
2161 4525 2438 4596 angelicas
2497 4531 2800 4592 potestates
2857 4520 3228 4575 ventilabrum
3282 4519 3334 4572 in
3397 4534 3560 4572 manu

1987 4620 2191 4674 Christi
2259 4622 2493 4688 positum
2566 4614 2810 4686 Baptista
2872 4615 3131 4679 vocavit;
3193 4615 3562 4669 ventilabrum

1987 4723 2171 4768 autem
2199 4719 2282 4764 est
2305 4724 2540 4763 vannus.

2057 4804 2230 4870 igitur
2276 4800 2740 4868 quemadmodum
2790 4799 2935 4855 istud
2987 4801 3040 4854 iu
3093 4815 3255 4854 manu
3311 4796 3566 4866 agriciilxz

1986 4896 2172 4949 datum
2210 4905 2458 4948 movetur
2490 4894 2802 4961 ubicunque
2833 4901 2887 4947 et
2948 4893 3400 4961 quandocunque
3462 4905 3558 4940 νος

1979 4987 2143 5040 luerit
2163 4984 2420 5053 agricola,
2466 4985 2538 5037 ita
2573 4994 2625 5038 et
2663 4985 2838 5054 angeli
2875 4999 2999 5038 cum
3058 4985 3168 5039 sint
3203 4984 3256 5036 iu
3295 4999 3462 5037 manu
3506 4992 3561 5036 et

1979 5086 2246 5148 potestate
2273 5076 2488 5132 Domini
2525 5076 2697 5131 nostri
2721 5074 2854 5130 Jcsu
2879 5075 3082 5130 Christi
3111 5086 3401 5131 moventur
3443 5075 3564 5128 ubi-

1979 5184 2198 5237 cunque
2240 5177 2296 5224 et
2340 5169 2840 5239 quomodocunque
2875 5169 2992 5238 ipse
3035 5167 3565 5230 voluerii,etadiin-

1981 5261 2132 5329 plent
2158 5260 2278 5331 ejus
2307 5259 2664 5314 voiuntatem.
2697 5263 2765 5313 At
2794 5262 2937 5329 quod
2965 5261 3018 5313 in
3045 5260 3134 5313 illa
3160 5273 3337 5312 inesse
3367 5274 3556 5328 agrum

1983 5353 2141 5412 dixit.
2177 5351 2266 5406 hic
2296 5367 2478 5405 aream
2511 5352 2835 5416 nominavit,
2867 5352 3069 5405 etenim
3102 5351 3159 5403 in
3183 5365 3311 5403 area
3341 5349 3560 5402 discer-

1983 5453 2192 5498 nuntur
2227 5445 2412 5496 omnia
2447 5459 2568 5513 quae
2605 5445 2657 5497 in
2691 5459 2825 5514 agro
2851 5444 3076 5497 collecta
3098 5451 3243 5496 sunt.
3280 5439 3438 5506 Quod
3484 5439 3557 5493 ibi

1977 5535 2314 5589 zizaniorum
2389 5535 2766 5590 collectionem
2845 5534 3208 5603 nuncupavit,
3274 5532 3362 5586 hic
3416 5546 3560 5585 arcte

1973 5629 2359 5698 purgationem
2387 5629 2712 5699 designavit.
2747 5626 2844 5683 Hic
2875 5628 3084 5680 zizania
3118 5625 3332 5694 paleam
3385 5637 3556 5676 voca-

1969 5723 2049 5777 vit
2076 5739 2089 5785 ;
2123 5721 2334 5778 zizania
2363 5721 2530 5789 enim,
2555 5721 2845 5795 cum_lovia
2870 5721 2979 5775 sint
3001 5728 3054 5776 et
3121 5719 3301 5774 fructu
3352 5731 3554 5786 vacua,

371 5909 415 5940 ’°
449 5881 605 5965 Ri-im.
639 5927 698 5977 ii,
732 5909 783 5978 Δ,
825 5911 876 5965 5.
959 5911 1002 5944 9"
1052 5909 1238 5967 Matth.
1284 5925 1395 5977 im,
1433 5911 1514 5967 12.
1594 5912 1637 5945 9"
1674 5909 1959 5976 Malllldll,
1999 5909 2082 5964 l8.
