4014 6462
476 422 580 490 351
1723 432 2068 495 GREGORI

2169 434 2461 495 'ALAMAZ
3664 440 3766 504 352

474 560 602 599 cum
646 545 797 615 palea
827 545 978 615 ejicit
1008 554 1228 604 ventus.
1253 547 1358 605 Sed
1382 548 1592 621 aliquid
1615 550 1783 607 etiam
1814 552 2051 622 amplius

2169 554 2254 609 καὶ
2280 556 2391 624 γὰρ
2417 555 2514 610 καὶ
2543 554 2614 610 τὰ
2664 554 2884 620 ζιζάνια
2925 554 3105 625 κούφα
3159 555 3324 621 ὅντα,
3366 556 3449 621 ὡς
3515 555 3761 627 ἄκαρπα,

477 635 565 689 hic
618 648 715 699 per
773 638 978 707 paleam
1045 638 1335 705 indicatur,
1376 641 1504 710 quia
1565 657 1674 697 non
1727 643 1903 698 solum
1960 641 2054 712 qui

2169 647 2308 719 μιτά
2336 646 2431 702 τοῦ
2463 648 2668 718 ἀκύρου
2687 648 3000 718 παρασύρει
3024 651 3053 703 6
3079 649 3310 715 ἄνεμος.
3353 650 3527 712 Ἰσως
3576 650 3637 703 δὲ
3682 650 3770 704 καί

474 727 674 782 vicinis
717 728 871 783 bonis
902 738 1120 797 nocent,
1152 732 1305 787 velut
1339 734 1553 789 zizania
1577 734 1659 790 eis
1689 749 1812 805 quae
1885 735 2056 791 simul

2169 756 2214 793 τι
2252 737 2417 791 πλέον
2451 737 2685 792 ἐνταῦθα
2712 738 2799 793 διὰ
2823 738 2917 792 τοῦ
2942 738 3149 808 ἀκύρου
3178 738 3528 806 αἰνίττεται,
3585 739 3670 794 ὅτι
3699 742 3768 812 μῆ

477 818 831 872 eradicantur
882 820 1042 873 noxia
1087 831 1238 888 sunt,
1304 824 1399 880 sed
1433 825 1596 879 etiam
1635 827 1729 895 qui
1780 826 1883 883 etsi
1936 827 2057 880 aliis

477 924 820 978 nequaquam
853 920 1109 977 noceant,
1142 922 1198 968 at
1232 914 1518 972 instabiles
1550 926 1679 972 sunt
1713 926 1769 972 et
1830 927 2058 989 propter

476 1000 816 1053 sterilitatem
866 1001 1109 1069 inutiles,
1165 1004 1256 1059 isti
1290 1021 1513 1075 quoque
1574 1010 1700 1080 igne
1729 1020 1858 1066 sunt
1882 1010 2054 1081 digni.

475 1087 626 1156 Quod
659 1101 845 1147 autem
881 1092 955 1147 ibi
988 1096 1266 1151 caminum
1294 1097 1463 1169 ignis,
1499 1099 1587 1154 hic
1623 1101 1799 1169 ignem
1834 1104 2055 1159 vocat-it

477 1179 1003 1252 inexstinguibilem,
1043 1188 1336 1243 ostendens
1357 1190 1612 1252 quOniam
1636 1190 1799 1248 ﬁnem
1827 1209 1936 1249 non
1962 1195 2059 1251 ha-

477 1270 891 1330 bebitiuturum
946 1276 1078 1331 illud
1126 1280 1463 1349 supplicium
1518 1299 1747 1341 manens
1807 1301 1905 1343 eos
1964 1289 2056 1357 qui

479 1372 699 1431 propter
734 1367 952 1421 virtutis
991 1368 1266 1425 defectum
1296 1381 1351 1427 et
1402 1372 1759 1432 libidinosam
1815 1386 2062 1449 turpem-

479 1470 587 1521 que
607 1456 773 1511 vitam
803 1458 972 1528 palea:
1000 1467 1057 1515 et
1090 1462 1319 1519 zizaniis
1353 1463 1479 1520 lacti
1512 1476 1642 1523 sunt
1693 1469 1928 1526 similes.
1952 1469 2062 1528 Sed

481 1548 623 1613 quod
657 1547 744 1603 hic
776 1550 1028 1605 horreum
1058 1552 1215 1617 dixit,
1256 1554 1329 1609 ibi
1365 1572 1592 1626 regnum
1618 1556 1715 1612 Dei
1754 1559 2063 1629 designavit

482 1639 671 1695 dicens
702 1657 715 1695 :
751 1658 771 1691 ι
803 1639 958 1697 Tunc
994 1644 1128 1715 justi
1175 1630 1457 1717 fulgebant
1494 1650 1638 1705 sicut
1667 1654 1751 1705 sol
1800 1652 1855 1706 in
1888 1666 2061 1723 regno

481 1729 535 1781 l'.
558 1731 658 1786 tris
673 1747 861 1787 eorum
879 1734 949 1789 ”.
986 1753 1004 1786 ι
1034 1738 1099 1791 At
1119 1753 1292 1808 quare
1312 1755 1417 1795 nun
1450 1741 1589 1797 dixit
1615 1760 1628 1797 :
1666 1741 1720 1797 lu
1749 1759 1920 1816 regno
1964 1745 2060 1802 Dei

483 1825 578 1878 sed
614 1826 664 1878 in
700 1841 868 1895 regno
894 1827 1072 1885 Patris
1086 1846 1276 1886 eorum
1305 1833 1329 1886 τ
1371 1853 1390 1886 ι
1422 1833 1497 1890 Ut
1527 1847 1855 1893 monstraret
1884 1838 2065 1895 homi-

485 1915 869 1983 ncmfprimum
898 1918 1016 1975 ﬁeri
1075 1921 1244 1977 lilium
1287 1921 1405 1989 Dei,
1429 1926 1724 1996 etdignum
1758 1929 1849 1997 qui
1870 1929 2060 1999 appel-

456 2003 754 2061 .lctDeum
816 2018 1049 2079 patrem,
1102 2014 1254 2069 etsic
1276 2014 1891 2085 deindejureconstitui
1915 2020 2063 2088 regni

479 2094 601 2163 ('jlls
656 2100 946 2156 hteredem.
982 2102 1268 2168 Quomodo
1287 2117 1472 2162 autem
1493 2110 1552 2162 lit
1576 2108 1740 2164 homo
1760 2108 1849 2164 Dei
1880 2110 2022 2166 illius
2040 2111 2064 2164 ?

481 2192 584 2240 l’er
636 2189 1051 2247 similitudinem
1103 2209 1354 2264 operum,
1381 2199 1504 2253 ideo
1556 2200 1832 2259 Dominus
1859 2201 2065 2259 Iudaeis

481 2279 619 2334 dixit
679 2280 774 2351 qui
814 2298 874 2337 se
906 2284 1048 2340 ﬁlios
1096 2285 1373 2343 Abraham
1428 2290 1714 2360 jactabant
1750 2309 1764 2345 :
1804 2313 1823 2345 ι
1856 2294 1913 2348 Si
1961 2294 2058 2349 lilii

480 2369 754 2424 Abraham
773 2373 987 2439 essetis,
1010 2389 1176 2443 opera
1194 2378 1470 2434 Abraham
1497 2381 1838 2441 [πενθήσω
1866 2381 2067 2436 Etcum

482 2463 927 2520 rursusdicerent
946 2482 960 2517 :
981 2465 1119 2522 «Nos
1130 2484 1296 2524 unum
1318 2470 1531 2527 Patrem
1551 2473 1814 2529 habemus
1832 2476 2022 2540 Deum,
2046 2494 2066 2528 ι
2127 2477 2130 2481 ’

487 2552 624 2606 dixit
647 2556 770 2611 eis:
806 2575 827 2608 ι
861 2556 919 2612 Si
968 2558 1111 2615 Deus
1140 2560 1300 2617 Pater
1329 2573 1511 2619 vester
1564 2576 1730 2633 esset,
1765 2566 2071 2637 diligeretis

484 2644 679 2712 utique
706 2646 792 2701 me
814 2652 839 2713 ;‘
861 2663 964 2718 ego
993 2650 1139 2704 enim
1165 2668 1233 2707 ex
1263 2653 1371 2710 Deo
1400 2656 1647 2725 processi
1677 2664 1733 2711 et
1754 2656 1900 2722 veni,
1970 2670 2068 2711 νοεί

482 2754 547 2793 ex
592 2751 745 2809 patre
775 2752 957 2798 vestro
999 2744 1218 2802 diabolo
1254 2749 1407 2819 estis,
1460 2758 1516 2804 et
1565 2749 1834 2805 desideria
1883 2748 2058 2821 patris

483 2835 649 2887 vestri
679 2835 841 2890 vultis
873 2835 1082 2894 faceres
1102 2840 1144 2895 ⁹.
1182 2859 1202 2892 ι

2167 831 2329 901 μόνον
2358 831 2409 883 oi
2445 832 2583 899 πρὸς
2605 831 2734 895 τοὺς
2767 830 3008 900 ἀγαθοὺς
3053 830 3166 885 τῶν
3198 832 3485 899 γειτόνων
3552 833 3770 888 ἐπιϐλαρ

2165 923 2279 988 ϐεῐς
2311 923 2670 995 ὑπάρχοντες,
2693 924 2945 995 καθάπερ
2980 927 3049 979 τά
3073 924 3301 990 ζιζάνια.
3361 929 3484 990 τοῖς
3518 930 3767 997 συνερρι-

2166 1016 2457 1086 ζωμένοις,
2488 1015 2625 1070 ἀλλά
2649 1018 2743 1070 καὶ
2772 1019 2821 1070 οἱ
2857 1017 2930 1089 μή
2972 1020 3085 1080 τοῖς
3110 1019 3304 1080 ἄλλοις
3332 1017 3628 1089 βλαϐεροὶ,
3683 1020 3768 1073 εὐ-

2165 1107 2528 1177 περίτρεπτοι
2560 1108 2737 1163 δὲκαὶ
2769 1108 2894 1162 καθ’
2930 1109 3158 1171 ἑαυτοὺς
3178 1108 3505 1176 ἀνωφελεῖς
3546 1109 3637 1164 διὰ
3672 1110 3764 1181 τὴν

2162 1200 2465 1269 ἀκαρπίαν,
2497 1201 2591 1254 καὶ
2617 1195 2764 1255 οὗτοι
2794 1202 2968 1271 πυρός
2994 1202 3135 1256 εἰσιν
3187 1200 3366 1267 ἄξιοι.
3410 1202 3479 1255 Ὃ
3552 1201 3611 1254 δέ
3656 1203 3765 1255 ἐκεῖ

2163 1293 2398 1363 κάμινον
2448 1294 2641 1363 πυρὸς.
2696 1292 2932 1348 ἐνταῦθα
2987 1292 3098 1364 πῦρ
3150 1294 3436 1349 ἄσϐεστον
3490 1293 3761 1362 ὠνόμασε,

2160 1384 2382 1448 δεικνὺς
2424 1384 2508 1438 ὅτι
2540 1384 2906 1454 ἀτελεύτητός
2928 1385 3135 1455 ἐστινὴ
3169 1384 3462 1455 μέλλουσα
3504 1386 3607 1437 καὶ
3675 1385 3763 1453 μί-

2165 1492 2341 1531 νουσα
2382 1475 2611 1540 κόλασις
2646 1477 2854 1545 ἐκείνη,
2898 1479 3011 1539 τοὶς
3060 1476 3148 1531 διὰ
3175 1476 3282 1547 τὴν
3329 1475 3623 1544 ἀπραξίαν
3672 1477 3764 1545 τῆς

2163 1568 2388 1638 ἀρετῆς.
2420 1570 2515 1622 καὶ
2551 1569 2651 1641 τὴν
2674 1569 2898 1640 ἐμπαθῆ
2923 1569 3019 1623 καὶ
3047 1568 3381 1639 ἐφάμαρτον
3402 1567 3558 1638 ζωὴν
3583 1568 3762 1639 ἀχύρῳ

2166 1660 2257 1714 καὶ
2291 1658 2557 1725 ζιζανίοις
2597 1659 3081 1729 παρεικασθεῖσιν.
3126 1661 3191 1712 Ὀ
3223 1661 3285 1714 δὲ
3327 1658 3577 1713 ἐνταῦθα
3639 1661 3763 1712 ἀπο-

2165 1750 2343 1822 θήκην
2371 1746 2517 1816 εἶπε,
2566 1751 2845 1823 βασιλείαν
2878 1752 2973 1805 τοῦ
3009 1752 3148 1806 Θειῦ
3195 1752 3575 1821 ἡρμήνευσεν
3611 1752 3722 1804 ἐκεῖ
3745 1768 3758 1782 ·

2171 1859 2190 1893 ι
2221 1841 2356 1894 Τότε
2397 1843 2526 1912 γὰρ,
2584 1843 2771 1913 φησὶν,
2821 1843 2873 1896 οί
2928 1843 3126 1896 δίκαιοι
3173 1842 3575 1913 ἐκλάμψουσιν
3622 1842 3696 1904 ὡς
3734 1843 3759 1893 6

2165 1931 2314 2001 ἥλιος
2347 1933 2405 1985 ἐν
2450 1935 2516 2004 τῇ
2554 1932 2805 2005 βασιλείᾳ
2831 1932 2927 1986 τοῦ
2957 1933 3170 2005 Πατρὸς
3201 1933 3420 1987 αὐτῶν.
3466 1952 3486 1984 ι
3534 1934 3657 1996 Πῶς
3706 1932 3759 1986 δι

2162 2025 2261 2080 οὐκ
2290 2020 2446 2077 εἶπεν
2476 2025 2534 2076 ἐν
2569 2027 2634 2094 τῇ
2675 2022 2923 2093 βασιλείᾳ
2954 2024 3049 2076 τοῦ
3081 2024 3243 2083 Θεοῦ,
3284 2025 3413 2078 ἀλλ’
3473 2028 3535 2078 ἐν
3570 2028 3633 2096 τῇ
3668 2023 3757 2092 βα-

2165 2115 2341 2185 σιλεία
2390 2112 2485 2191 τοῦ
2516 2114 2724 2182 Πατρὸς
2762 2114 2943 2168 αὐτῶν
2979 2133 2992 2181 ;
3029 2114 3116 2170 ἵνα
3137 2111 3317 2186 δείξῃ,
3351 2116 3439 2169 ὅτι
3489 2117 3705 2185 πρῶτον
3730 2115 3758 2165 6

2164 2206 2453 2275 ἄνθρωπος
2482 2208 2593 2271 υίὸς
2612 2208 2825 2275 γίνεται
2852 2205 3012 2271 Θεοῦ,
3044 2209 3140 2260 καὶ
3184 2205 3346 2273 ἄξιος
3400 2205 3502 2260 τοῦ
3558 2207 3756 2275 πατέρα

2167 2296 2547 2351 ἐπικαλεῖσθαι
2579 2297 2670 2350 τὸν
2697 2295 2855 2362 Θεὸν,
2884 2297 2980 2349 καλ⁸
3035 2294 3208 2361 οὕτως
3255 2297 3464 2350 ἔπειτα
3512 2296 3755 2364 κληρονό-

2172 2407 2272 2460 μος
2302 2390 2528 2453 εἰκότως
2561 2387 2889 2443 καθίσταται
2921 2388 3019 2457 τῆς
3047 2388 3336 2460 βασιλείας
3394 2390 3591 2443 αὑτοῦ,
3644 2387 3755 2449 Πῶς

2167 2478 2225 2532 δὲ
2255 2478 2466 2546 γίνεται
2511 2479 2625 2541 υίὸς
2653 2477 2787 2533 Θεοῦ
2812 2479 2840 2531 6
2874 2478 3165 2548 ἄνθρωπος
3194 2497 3209 2545 ;
3240 2479 3336 2534 διὰ
3356 2480 3464 2549 τῆς
3502 2479 3612 2532 τῶν
3671 2477 3752 2545 ἔρ-

2167 2587 2281 2638 γων
2309 2571 2632 2641 ὁμοιότητος
2662 2587 2676 2603 ·
2709 2570 2789 2627 διὸ
2820 2572 2914 2624 καὶ
2939 2572 2966 2623 6
2993 2570 3200 2641 Κύριος
3258 2571 3412 2640 πρὸς
3462 2570 3591 2633 τοὺς
3634 2568 3752 2623 ‘lou-

2167 2660 2350 2723 διίους
2391 2659 2671 2729 λέγοντας,
2706 2662 2786 2715 ὅτι
2836 2660 3017 2715 Τέκνα
3064 2662 3160 2714 τοῦ
3229 2661 3498 2734 Ἀϐραάμ
3551 2664 3746 2731 ἐσμεν,

2173 2770 2193 2803 ι
2233 2750 2295 2805 Εἰ
2328 2752 2495 2807 τέκνα
2545 2752 2642 2805 τοῦ
2684 2752 2937 2824 ’Δὸραάμ
2980 2748 3099 2822 ἦτε,
3154 2754 3316 2823 φησὶ,
3370 2754 3444 2808 τὰ
3488 2754 3624 2825 ἔργα
3666 2749 3748 2803 τοῦ

2178 2842 2433 2913 Ἀϐραὰμ
2463 2845 2699 2898 ἐποιεῖτε
2736 2845 2821 2901 ἀν.
2853 2863 2872 2897 ›
2907 2845 3017 2899 Καὶ
3049 2845 3210 2899 πάλιν
3252 2847 3444 2900 αὐτῶν
3474 2846 3745 2914 λεγόντων,

491 2925 686 2998 Ἦμεῖς
714 2928 811 2985 ἕνα
840 2931 1056 3004 πατέρα
1084 2932 1282 3005 ἔχομεν
1316 2934 1407 2989 τὸν
1450 2933 1607 3000 Θεὸν,
1641 2929 1764 2989 εἷπε
1788 2933 1926 3003 πρὸς
1964 2932 2164 2999 αὐτούς
2196 2948 2210 2966 ·
2280 2952 2299 2985 ι
2352 2935 2414 2989 Εί
2473 2935 2503 2988 6
2570 2936 2703 2998 Θεὸς
2760 2936 2949 3008 Πατὴρ
3003 2936 3163 3007 ὑμῶν
3221 2933 3322 3008 ῆν,
3376 2939 3636 3009 ἠγαπᾶτε
3686 2933 3745 2986 ἂν

482 3021 585 3092 ἐμέ
608 3038 622 3055 ·
658 3025 771 3093 ἐγὼ
796 3025 905 3096 γὰρ
937 3029 1002 3082 ἐκ
1040 3027 1135 3082 τοῦ
1167 3027 1303 3082 Θεοῦ
1328 3026 1557 3097 ἐξῆλθον
1584 3030 1680 3082 καὶ
1708 3029 1831 3099 ἥκω
1859 3044 1873 3058 '
1895 3028 2055 3099 ὑμεῖς
2092 3027 2158 3080 ἐκ
2231 3027 2326 3082 τοῦ
2381 3028 2591 3101 πατρὸς
2640 3027 2794 3100 ὑμῶν
2853 3029 2950 3083 τοῦ
3007 3030 3259 3085 διαϐόλου
3335 3032 3490 3097 ἐστὲ,
3530 3033 3618 3083 καὶ
3658 3030 3743 3088 τὰς

482 3117 781 3189 ἐπιθυμίας
809 3120 978 3175 αὐτοῦ
1019 3122 1202 3176 θέλετε
1237 3126 1433 3178 ποιεῖν.
1473 3143 1495 3176 ι

561 3210 840 3268 Videtisne
895 3216 1171 3283 quomodo
1195 3233 1259 3273 ex
1292 3219 1477 3288 pravis
1525 3218 1812 3274 desideriis
1842 3228 1897 3274 et
1921 3217 2060 3272 acti-
2085 3228 2131 3292 (ι

483 3304 586 3358 bus
610 3305 753 3361 lilius
786 3307 988 3363 diaboli
1024 3309 1082 3363 lit
1117 3310 1305 3373 homo,
1358 3321 1412 3366 et
1443 3312 1674 3381 proinde
1728 3313 1902 3366 haeres
1922 3310 2066 3379 ignis

482 3396 670 3449 αξιογηί
704 3396 727 3448 ?
765 3396 843 3449 Ita
874 3413 969 3467 per
1025 3400 1168 3459 bona
1231 3401 1501 3456 desideria
1569 3410 1831 3472 actusque
1893 3401 2066 3456 bonos

487 3485 600 3541 Deo
629 3488 686 3540 lit
716 3489 915 3545 similis
960 3498 1015 3545 et
1038 3493 1187 3562 regni
1229 3492 1352 3563 ejus
1383 3494 1579 3549 haeres.
1613 3492 1882 3549 Dominus
1912 3501 2068 3561 pate~

487 3575 715 3644 faciens,
758 3582 1034 3648 quomodo
1068 3582 1241 3641 virtus
1298 3595 1384 3640 est
1422 3583 1491 3639 ad
1542 3584 1709 3640 Deum
1745 3583 2065 3649 similitudo,

497 3689 516 3722 ι
533 3670 866 3738 Mandatum,
886 3672 1084 3744 inquit,
1104 3690 1307 3730 novum
1335 3676 1403 3732 do
1428 3664 1602 3742 vobis,
1634 3684 1695 3730 ut
1722 3676 1959 3743 diligatis
1986 3677 2068 3733 in-

488 3764 684 3825 vicem,
706 3764 848 3818 sicut
872 3765 1038 3819 dilexi
1066 3781 1183 3832 vos,
1226 3776 1286 3820 ut
1318 3775 1373 3820 et
1403 3780 1501 3822 vos
1535 3766 1777 3829 diligatis
1804 3764 2066 3820 invicem.

489 3850 690 3925 Siergo
712 3869 812 3923 ego
842 3855 944 3909 lavi
973 3856 1142 3926 pedes
1168 3868 1407 3923 vestros,
1430 3858 1692 3914 Dominus
1715 3866 1771 3912 et
1790 3856 2067 3922 Magister,

487 3954 542 4000 et
565 3960 663 4000 vos
684 3946 896 4001 debetis
920 3948 1058 4002 alter
1079 3949 1309 4004 alterius
1330 3951 1516 4006 lavare
1539 3952 1702 4020 pedes
1724 3967 1739 4018 ;
1760 3951 2067 4021 exemplum

490 4036 615 4115 dedi
648 4039 883 4095 vobis-ut
908 4042 1371 4109 quemadmodum
1394 4058 1495 4113 ego
1527 4042 1629 4099 feci
1667 4043 1846 4110 vobis,
1912 4045 1985 4098 ita
2015 4053 2070 4098 et

489 4144 588 4184 vos
607 4130 820 4185 faciatis
845 4131 919 4187 ³.»
949 4132 1013 4185 Ει
1043 4149 1056 4186 :
1082 4150 1102 4184 ι
1136 4134 1336 4190 Discite
1362 4150 1392 4189 a
1420 4151 1508 4190 me
1535 4135 1662 4207 quia
1693 4135 1841 4191 mitis
1864 4150 1983 4191 sum
2016 4144 2072 4195 et

490 4221 716 4279 humilis
771 4224 958 4292 corde,
1017 4232 1073 4281 et
1126 4225 1418 4283 invenietis
1476 4227 1721 4298 requiem
1780 4227 2069 4283 animabus

488 4319 689 4374 vestris
720 4318 761 4372 ‘.
791 4320 895 4374 Et:
951 4336 971 4372 ι
1000 4317 1191 4374 Estote
1232 4320 1619 4377 misericordes
1664 4320 1807 4375 sicut
1831 4329 1878 4374 et
1910 4317 2071 4374 Pater

492 4422 671 4466 vester
713 4412 1024 4469 misericors
1075 4422 1162 4469 est
1185 4413 1231 4466 ⁸.
1258 4430 1279 4462 ι
1338 4411 1446 4467 Et:
1485 4431 1502 4464 ι
1541 4412 1758 4480 Diligite
1815 4410 2070 4466 inimicos

490 4512 754 4570 vestros;
805 4504 1111 4560 benefacite
1175 4513 1231 4559 et
1288 4513 1540 4559 mutuum
1596 4503 1744 4568 date,
1764 4503 1897 4557 nihil
1946 4501 2071 4557 inde

2242 3211 2441 3282 Ὁρᾶτε
2475 3209 2589 3272 πῶς
2614 3209 2680 3261 ἐκ
2709 3207 2817 3262 τῶν
2851 3207 3106 3281 πονηρῶν
3135 3207 3458 3279 ἐπιθυμιῶν
3486 3207 3580 3262 καὶ
3613 3203 3740 3275 πρά·

2168 3303 2305 3367 ξεων
2334 3303 2659 3356 υίοποιείται
2687 3301 2715 3353 6
2750 3300 3038 3371 ἄνθρωπος
3067 3300 3144 3370 τῷ
3170 3300 3434 3368 διαϐόλῳ,
3484 3303 3578 3353 καὶ
3617 3298 3741 3350 οὕτω

2166 3394 2505 3464 κληρονόμος
2532 3392 2739 3459 γίνεται
2767 3393 2862 3446 τοῦ
2910 3394 3131 3446 αἰωνίου
3184 3395 3369 3463 πυρός
3393 3410 3408 3460 ;
3434 3393 3591 3447 Οὕτω
3651 3387 3736 3441 καὶ

2167 3487 2257 3543 διὰ
2285 3485 2390 3540 τῶν
2420 3484 2647 3553 ἀγαθῶν
2680 3484 2991 3554 ἐπιθυμιῶν
3024 3485 3116 3537 καὶ
3150 3487 3416 3556 πράξεων
3474 3478 3741 3552 ἐξομοιοῦο

2166 3596 2258 3632 ται
2283 3576 2360 3647 τῷ
2393 3576 2533 3646 Θεῷ,
2563 3577 2656 3630 καὶ
2697 3578 3023 3630 υίοποιεῖται
3046 3576 3244 3648 τούτῳ,
3289 3578 3389 3633 καὶ
3419 3576 3735 3648 κληρονόμος

2168 3669 2381 3738 γίνεται
2409 3666 2513 3735 τῆς
2554 3665 2835 3738 βασιλείας
2880 3666 3072 3721 αὐτοῦ.
3129 3669 3240 3721 Καὶ
3288 3669 3452 3722 τοῦτο
3484 3665 3737 3727 δεικνὺςό

2173 3760 2397 3830 Κύριος,
2426 3758 2503 3821 ὡς
2525 3758 2784 3829 ὁμοιότης
2825 3759 2961 3828 πρὸς
2986 3759 3078 3811 τὸν
3102 3760 3234 3812 Θεόν
3283 3762 3439 3814 ἐστιν
3473 3762 3501 3830 ἡ
3540 3758 3695 3829 ἀρετή
3716 3767 3730 3784 ⁸

2176 3869 2194 3901 ι
2225 3849 2499 3920 Ἐντολὴν,
2540 3849 2693 3917 φησὶ,
2719 3848 2916 3919 καινὴν
2941 3848 3132 3916 δίδωμι
3166 3850 3324 3919 ὑμῖν,
3361 3851 3465 3917 ἵνα,
3502 3847 3734 3914 ἀγαπᾶτε

2168 3941 2457 4014 ἀλλήλους,
2487 3938 2672 4004 καθὼς
2702 3939 2812 4009 ἐγὼ
2842 3939 3106 4009 ἠγάπησα
3144 3940 3313 4011 ὑμᾶς,
3348 3942 3436 3995 ἵνα
3462 3940 3554 3993 καὶ
3594 3937 3732 4005 ὑμεῖς

2169 4035 2421 4102 ἀγαπᾶτε
2451 4034 2717 4105 ἀλλήλους
2748 4048 2764 4066 ·
2806 4033 2904 4087 καὶ
2936 4035 2985 4087 εἰ
3034 4034 3146 4101 ἐγὼ
3184 4034 3346 4105 ἔνιψα
3415 4035 3569 4105 ὑμῶν
3620 4031 3730 4090 τοὺς

2169 4129 2338 4192 πόδας
2367 4129 2395 4180 6
2423 4126 2628 4198 Κύριος
2666 4128 2760 4179 καὶ
2794 4128 2822 4179 ό
2851 4125 3191 4192 διδάσκαλος,
3244 4130 3340 4181 καὶ
3387 4128 3545 4196 ὑμεῖς
3594 4120 3727 4189 ὀρεί-

2169 4225 2291 4278 λετε
2316 4221 2558 4293 ἀλλήλων
2600 4221 2814 4275 νίπτειν
2853 4223 2980 4284 τοὺς
3024 4223 3190 4286 πόδας
3216 4240 3231 4255 .
3286 4225 3594 4290 ὑπόῗειγμα
3634 4215 3728 4284 γὰρ

2169 4316 2375 4370 δέδωκα
2401 4316 2554 4386 ὑμῖν,
2604 4314 2692 4368 ἵνα
2719 4313 2906 4379 καθὼς
2959 4314 3197 4385 ἐποίησα
3262 4316 3415 4385 ὑμῖν,
3455 4315 3549 4367 καὶ
3589 4308 3727 4379 ὑμεῖς

2173 4410 2386 4480 ποιῆτε.
2432 4428 2451 4462 ι
2484 4407 2620 4477 Καὶ,
2660 4426 2678 4460 ι
2708 4407 2926 4461 Μάθετε
2953 4407 3048 4462 ἀπ’
3076 4408 3210 4477 ἐμοῦ
3256 4410 3363 4462 ὅτι*
3399 4405 3572 4477 πρᾶός
3623 4401 3729 4468 εἰμι

2173 4500 2271 4553 καὶ
2300 4493 2555 4561 ταπεινὸς
2591 4499 2657 4569 τῇ
2713 4498 2934 4569 καρδίᾳ,
2989 4500 3083 4552 καὶ
3125 4500 3396 4570 εὑρήσετε
3443 4496 3728 4551 ἀνάπαυσιν

494 4604 815 4664 sperantes;
853 4600 1035 4653 cterit
1077 4613 1288 4653 merces
1346 4607 1524 4653 vestra
1576 4596 1771 4661 multa,
1820 4604 1874 4649 et
1916 4594 2068 4651 eritis

2179 4591 2340 4664 156
2359 4592 2481 4654 ταῖς
2508 4589 2711 4660 ψυχαῖς
2744 4590 2920 4658 ὑμῶν.
2968 4608 2986 4642 ι
3023 4592 3151 4654 Καὶ,
3196 4569 3255 4643 id
3281 4589 3502 4644 Γίνεσθε
3548 4580 3729 4649 οίκτίρ-

493 4689 589 4743 ﬁlii
617 4688 907 4752 Altissimi,
934 4690 1061 4758 quia
1085 4690 1203 4759 ipse
1230 4691 1504 4759 benignus
1530 4700 1613 4744 est
1643 4705 1806 4759 super
1827 4689 2071 4758 ingratos

492 4790 549 4834 et
571 4779 742 4836 malos
766 4783 808 4834 ⁵.
827 4801 846 4835 ι
873 4780 976 4847 Qui
998 4796 1127 4850 ergo
1153 4796 1245 4850 per
1269 4781 1591 4835 charitatcm
1627 4780 1875 4849 aliasque
1905 4779 2074 4832 virtu-

494 4879 577 4926 tes
607 4871 1020 4926 similitudinem
1049 4872 1442 4926 habueritcum
1472 4871 1720 4935 Deo,iste
1745 4878 1954 4938 patrem
1978 4882 2075 4937 per

494 4978 660 5032 opera
693 4963 860 5019 Deum
894 4975 1244 5030 consecutus,
1270 4963 1446 5019 haeres
1470 4964 1575 5018 erit
1602 4963 1751 5033 regni
1780 4959 2015 5031 paterni;
2040 4977 2070 5016 a

474 5071 603 5125 quo
631 5057 722 5126 qui
764 5057 1028 5112 exciderit
1057 5073 1166 5112 non
1210 5057 1389 5112 solum
1430 5055 1564 5111 illud
1594 5055 1829 5119 amittet,
1861 5053 1953 5109 sed
1989 5053 2072 5107 iu-

473 5161 660 5216 .super
688 5146 871 5202 densis
894 5149 1136 5203 tradetur
1162 5148 1403 5202 tenebris
1423 5155 1481 5201 et
1497 5145 1607 5217 igni
1635 5144 2072 5200 intolerabilibus

492 5248 552 5293 et
605 5240 823 5294 aeternis
875 5241 1220 5295 comburenti
1253 5238 1560 5294 doloribus.
1600 5239 1772 5308 Igitur
1821 5237 1916 5307 qui
1949 5237 2069 5291 erui

495 5332 727 5387 voluerit
769 5333 838 5388 ab
871 5333 960 5387 illa
999 5334 1227 5403 perenni
1266 5348 1449 5403 paena,
1483 5340 1537 5385 et
1570 5331 1760 5386 aeterni
1792 5330 1884 5386 Dei
1916 5331 2069 5400 regni

496 5425 670 5480 han-es
696 5425 832 5489 Iieri,
861 5436 1056 5482 caveat
1085 5441 1152 5481 ne
1182 5425 1254 5480 sit
1310 5424 1550 5488 zizania,
1610 5438 1797 5479 semen
1860 5424 2065 5479 malum

495 5526 554 5572 et
570 5531 794 5584 nocens,
814 5518 887 5575 ita
917 5526 977 5573 ut
1001 5530 1292 5574 commune
1312 5517 1383 5571 sit
1399 5515 1658 5570 damnum
1688 5524 1798 5570 tam
1820 5516 2071 5595 corpori-

502 5608 603 5664 bus
628 5625 792 5680 quam
819 5607 1423 5666 animisaccedentium
1450 5606 1761 5677 exemplum
1789 5609 1896 5664 Deo
1918 5607 2073 5662 odio-

502 5717 625 5756 sum
648 5704 917 5758 malorum
942 5717 1168 5773 operum
1192 5708 1251 5757 et
1271 5713 1798 5771 sertnonum,neque
1823 5701 2072 5757 calamus

2175 4703 2356 4755 μονες,
2386 4681 2572 4746 καθὼς
2605 4682 2700 4735 καὶ
2738 4685 2768 4736 6
2801 4683 2990 4753 Πατὴρ
3011 4682 3166 4753 ὑμῶν
3202 4683 3503 4754 οἰκτίρμων
3535 4673 3663 4732 ἐστί.
3702 4686 3721 4720 ι

2174 4779 2307 4844 Καὶ,
2343 4796 2361 4829 ι
2407 4778 2686 4846 ’Δγαπᾶτε
2714 4778 2843 4842 τοῷς
2892 4774 3122 4847 exspes;
3173 4777 3351 4846 ὑμῶν,
3395 4777 3491 4827 καὶ
3548 4764 3724 4836 ἀγαθο-

2176 4873 2382 4925 ποιεῖτε
2447 4871 2545 4924 καὶ
2615 4869 2888 4934 δανείζετε
2953 4871 3120 4942 μηδὲν
3183 4865 3590 4932 ἀπελπίζοντες,
3641 4855 3724 4911 καὶ

2175 4961 2332 5015 εσθαι
2362 4964 2390 5016 6
2433 4962 2627 5033 μισθὸς
2658 4962 2811 5033 ὑμῶν
2846 4961 3037 5027 πολὺς,
3097 4964 3194 5016 καὶ
3247 4960 3434 5015 ἔσεσθε
3490 4955 3592 5009 υἱοὶ
3638 4942 3721 4999 τοῦ

2186 5055 2467 5125 Ὑψίστου,
2492 5056 2575 5109 ὅτι
2610 5054 2775 5117 αὐτὸς
2801 5055 3044 5126 χρηστός
3099 5056 3247 5108 ἐστιν
3285 5052 3379 5107 ἐπὶ
3435 5049 3555 5109 τοὺς
3602 5043 3722 5109 ἀχα·

2177 5147 2399 5218 ριστους
2435 5150 2532 5203 καὶ
2562 5148 2857 5220 πονηρούς.
2893 5167 2911 5199 ι
2953 5148 3014 5200 '0
3048 5147 3182 5213 γοῦν
3240 5147 3329 5201 διὰ
3377 5146 3474 5213 τῆς
3522 5135 3717 5204 ἀγάπης

2173 5240 2268 5293 καὶ
2327 5240 2438 5294 τῶν
2484 5238 2661 5294 ἄλλων
2722 5240 2935 5311 ἀρετῶν
2993 5239 3131 5308 πρὸς
3184 5241 3275 5293 τὸν
3301 5238 3431 5291 Θεὸν
3476 5232 3605 5301 ἔχων
3633 5222 3719 5291 τὴν

2173 5330 2490 5402 ὁμοιότητα,
2516 5325 2669 5394 οὗτος
2689 5329 2903 5401 πατέρα
2934 5329 3023 5383 διὰ
3066 5332 3176 5385 τῶν
3231 5330 3406 5403 ἔργων
3439 5318 3715 5387 πλουτήσας

2176 5425 2267 5480 τὸν
2295 5424 2450 5492 Θεὸν,
2476 5425 2812 5494 κληρονόμος
2830 5423 2982 5478 ἔσται
3011 5425 3110 5493 τῆς
3153 5423 3422 5496 πατρικῆς
3446 5409 3710 5496 βασιλείας·

2176 5512 2246 5588 ἦς
2265 5520 2293 5571 6
2319 5516 2567 5570 ἐκπεσὼν
2599 5517 2697 5586 οὐχ
2718 5493 2908 5581 Ῠάπλῶς
2939 5493 3306 5589 ἀποτυγχάνει
3349 5511 3560 5578 ταύτης,
3597 5493 3710 5589 ἀλλᾷ

2179 5586 2274 5661 καὶ
2332 5608 2566 5677 ἀφεγγεί
2630 5606 2990 5676 παραδίδοται
3048 5586 3282 5675 σκότει,,
3312 5601 3586 5673 ἀφορήτως
3631 5586 3713 5688 {illi

2181 5701 2559 5772 ἀτελευτήτως
2593 5700 2973 5756 κατακαίοντι.
3010 5702 3202 5765 Ὅστις
3225 5694 3319 5755 οὖν
3349 5693 3515 5750 ἐθέλει
3537 5679 3709 5757 ῥυσθῆ·

572 5822 617 5851 θ’
663 5821 849 5875 Matth.
881 5833 1000 5881 xm,
1030 5819 1117 5876 ιδ.
1200 5816 1404 5875 ’Joan.
1445 5832 1562 5887 vni,
1594 5816 1685 5875 ‘59.
1761 5821 1781 5853 ¹
1809 5818 1940 5876 ibid.
1981 5818 2067 5887 li,

2172 5867 2183 5873 .
2262 5817 2467 5875 aJuaa.
2503 5833 2621 5885 xm,
2673 5817 2763 5884 5i,
2811 5819 2899 5873 l4.
2981 5817 3001 5849 ⁵
3031 5816 3225 5874 Matth.
3272 5813 3453 5883 xt,29-
3504 5806 3545 5878 ,³
3591 5798 3701 5854 [’"c'

509 5904 578 5947 v1.
608 5891 698 5946 ὅθ.
774 5892 792 5921 ⁶
819 5889 950 5945 ibid.
982 5890 1071 5945 35.
