4014 6442
265 389 372 454 353

1563 375 1901 440 HOMILIA
1935 378 2217 440 XXVIII.

3425 386 3532 450 354

264 521 355 557 ναι
381 502 480 570 τῆς
507 499 744 568 ἀλήκτου
772 495 1046 558 κολάσεως
1075 493 1312 563 ἐκείνης,
1371 491 1465 544 καὶ
1509 487 1624 560 τῆς
1666 487 1840 565 ἀϊδίου

1972 487 2123 550 talea,
2158 489 2231 541 ita
2264 485 2485 554 quidem
2521 485 2658 541 levis
2701 495 2758 542 ut
2794 488 3045 560 rapiatur
3086 505 3218 546 aura
3242 501 3289 545 et
3322 493 3529 561 impetu

263 598 360 651 τοῦ
399 597 532 649 Θεοῦ
558 594 835 665 βασιλείας
883 591 1222 660 κληρονόμος
1251 586 1530 655 γενέσθαι,
1576 584 1652 654 μὴ
1685 582 1843 647 ζιζά-

264 708 384 744 νιον
414 689 576 751 ἔστω,
603 687 826 757 σπέρμα
856 683 1092 753 πονηρὸν
1121 682 1217 734 καὶ
1252 677 1572 748 βλαπτικὸν,
1600 675 1676 738 ὡς
1705 669 1845 726 εἶναι

264 784 424 851 κοινὴ
450 783 600 850 λύμη
627 778 843 848 σώμασί
876 792 936 829 τε
958 775 1052 828 καὶ
1078 774 1283 844 ψυχαῖς
1328 770 1437 824 τῶν
1489 767 1843 837 ἐγγιζόντων,

267 875 623 946 παράδειγμα
654 871 905 940 θεομισὲς
939 866 1302 938 προκείμενος
1357 861 1615 933 πονηρῶν
1669 858 1846 928 ἔργων

264 987 325 1020 τε
361 968 454 1020 καὶ
481 967 676 1032 λόγων,
706 963 839 1031 μηδὲ
875 960 1098 1030 καλάμη
1141 959 1238 1012 καὶ
1275 958 1497 1026 ἄχυρον,
1552 952 1697 1006 οὕτω
1749 951 1848 1021 μὲν

265 1060 495 1129 κοῦφος,
531 1057 602 1121 ὡς
632 1056 947 1127 εὐρίπιστος
981 1050 1122 1106 εἶναι
1147 1053 1268 1113 ταῖς
1287 1049 1383 1102 τοῦ
1409 1045 1649 1118 πονηροῦ
1685 1045 1850 1097 πνεῦ-

271 1170 445 1223 ματος
468 1150 736 1219 αὓραιςτε
783 1147 880 1198 καὶ
916 1144 1262 1212 προσϐολαῖς,
1310 1140 1450 1194 οὕτω
1499 1139 1556 1192 δὲ
1605 1137 1845 1206 ἀχρεῖος,

267 1245 347 1306 ὡς
378 1247 460 1305 εἰς
500 1241 702 1310 βρῶσιν
731 1238 920 1292 παθῶν
943 1237 1156 1301 ἀλόγων
1188 1244 1282 1287 καὶ
1310 1233 1587 1301 δαιμόνων
1619 1227 1848 1299 προκεῖ-

272 1336 398 1388 σθαι
427 1351 442 1364 ’
478 1333 610 1385 ἀλλὰ
645 1333 792 1392 σῖτος
840 1329 1000 1393 ἔστω,
1043 1327 1257 1379 πάντων
1304 1325 1412 1376 τῶν
1461 1320 1700 1390 ἀχρείων
1755 1317 1851 1371 καὶ

270 1424 529 1494 πονηρῶν
554 1423 730 1492 ἔργων
756 1421 848 1474 καὶ
871 1419 1045 1486 λόγων
1097 1417 1458 1487 ἀπεχόμενος,
1490 1415 1584 1465 καὶ
1620 1413 1717 1474 τὰς
1760 1411 1854 1462 ἀν-

275 1516 521 1577 τιθέτους
552 1513 748 1583 ἀρετὰς
783 1509 1168 1579 ἐργαζόμενος,
1197 1509 1291 1560 καὶ¹
1337 1507 1519 1575 φέρων
1567 1505 1694 1564 τοὺς
1750 1501 1851 1569 τῆς

278 1609 565 1676 μετανοίας
593 1603 838 1675 καρπούς
867 1620 881 1635 ·
919 1602 1062 1655 οὕτω
1089 1601 1198 1670 γὰρ
1230 1601 1295 1654 ἂν
1329 1599 1417 1666 εἴη
1461 1599 1558 1666 τῆς
1593 1594 1850 1664 οὐρανίου

273 1698 559 1768 ἁποθήκης
595 1696 761 1760 ἄξιος,
803 1695 898 1748 καὶ
926 1695 1040 1756 υίὸς
1066 1691 1290 1762 κληθείη
1318 1691 1410 1742 τοῦ
1447 1687 1712 1742 ἀνωτάτω
1738 1685 1847 1737 Πα-

1949 577 2176 646 Spiritus
2209 592 2475 646 nequam;
2516 579 2586 630 ita
2616 586 2795 635 autem
2829 582 2949 635 vilis
2992 591 3049 635 ut
3077 581 3128 635 in
3162 599 3340 638 escam
3372 585 3535 640 detur

1952 666 2087 721 feris
2123 665 2519 735 cupiditatibus
2557 676 2612 722 et
2650 668 3017 736 daemonibus,
3042 673 3137 726 sed
3190 674 3262 728 sit
3293 675 3532 730 triticum

1950 758 2017 810 ab
2073 759 2222 812 omni
2252 757 2429 812 iutttili
2455 767 2508 813 et
2543 775 2715 828 pravo
2760 776 2926 830 opere
2960 762 3044 815 vel
3076 777 3332 818 sermone
3361 766 3535 819 absti-

1953 865 2114 910 nens.
2155 850 2386 905 virtutes
2419 853 2730 908 contrarias
2784 869 3052 910 exercens
3107 866 3160 909 et
3222 857 3537 925 producens

1951 942 2162 997 fructus
2196 945 2548 1012 pmnitentizc.
2579 945 2656 999 Ita
2719 945 2863 1000 enim
2893 949 2996 1001 erit
3052 948 3252 1003 horreo
3322 950 3534 1004 ccelesti

1951 1035 2172 1106 dignus,
2197 1048 2249 1089 et
2283 1037 2428 1092 ﬁlius
2459 1039 2750 1092 vocabitur
2782 1039 2967 1094 Patris
3000 1041 3286 1108 altissimi,
3317 1051 3372 1096 et
3405 1058 3540 1111 gau-

1951 1129 2090 1184 dens
2138 1130 2364 1185 intrabit
2431 1138 2490 1184 ut
2570 1131 2745 1187 haeres
2793 1133 2847 1186 in
2889 1149 3115 1203 regnum
3150 1134 3290 1202 ejus,
3350 1136 3535 1191 divina

1953 1219 2125 1290 gloria
2176 1220 2524 1288 splendidus,
2587 1236 2748 1290 quam
2807 1237 2908 1278 nos
2995 1239 3189 1278 omnes
3277 1227 3537 1294 consequi

1954 1313 2192 1366 donetur
2223 1312 2394 1382 gratia
2425 1323 2478 1366 et
2530 1311 2815 1368 clementia
2885 1313 3102 1367 Domini
3165 1317 3335 1369 nostri
3394 1314 3533 1370 .lesu

1953 1405 2180 1472 Christi,
2250 1418 2412 1474 quem
2511 1405 2669 1459 decet
2719 1406 2889 1476 gloria
2969 1423 3090 1459 cum
3151 1417 3360 1460 a-tetno
3411 1408 3532 1474 ejus

1952 1499 2116 1551 Patre
2167 1503 2220 1550 ct
2283 1496 2631 1551 sanctissimo
2693 1486 2917 1573 necnon
2940 1499 3082 1553 bono
3115 1507 3279 1568 atque
3310 1498 3534 1552 vivilico

1956 1587 2162 1657 Spiritu
2230 1603 2375 1643 nunc
2424 1602 2478 1643 et
2510 1603 2725 1661 semper
2756 1592 2886 1644 etin
2930 1591 3126 1646 saecula
3189 1591 3538 1647 saeculormn.

1955 1681 2150 1735 Amen.

271 1791 424 1860 τρδς,
456 1790 547 1841 καὶ
576 1792 653 1852 είς
687 1788 784 1859 τὴν
817 1787 1024 1840 ἐκείνου
1059 1783 1338 1856 βασιλείαν
1381 1783 1455 1845 ὡς
1518 1776 1854 1849 κληρονόμος
1892 1773 2126 1828 εἰσέλθοι
2155 1773 2383 1844 χαίρων,
2412 1776 2478 1845 τῇ
2509 1773 2629 1846 Θείᾳ
2661 1775 2789 1847 δόξῃ
2857 1776 3343 1846 περιλαμπόμενος
3378 1795 3390 1806 ’
3473 1770 3541 1848 ἦς

273 1885 488 1950 γένοιτο
542 1884 742 1944 πάντας
775 1883 920 1952 ἡμᾶς
961 1880 1235 1948 ἐπιτυχεῖν
1269 1879 1450 1948 χάριτι
1481 1875 1572 1928 καὶ
1624 1870 2006 1940 φιλανθρωπίᾳ
2051 1868 2145 1920 τοῦ
2179 1869 2383 1938 Κυρίου
2416 1867 2574 1938 ἡμῶν
2647 1869 2820 1939 Ἰησοῦ
2853 1943 2865 1954 ἱ
2892 1869 3152 1940 Χριστοῦ,
3227 1863 3270 1937 ᾧ
3340 1871 3540 1941 πρέπει

273 1977 402 2041 δόξα
437 1977 532 2028 σὺν
566 1975 641 2042 τῷ
672 1973 892 2043 ἁνάρχῳ
921 1971 1083 2025 αὐνοῦ
1113 1972 1284 2038 Πατρὶ
1335 1969 1428 2022 καὶ
1476 1967 1553 2038 τῷ
1601 1961 1853 2033 παναγίῳ
1890 1961 1986 2013 καὶ
2028 1959 2222 2030 ἀγαθῷ
2276 1960 2368 2012 καὶ
2393 1959 2641 2030 ζωοποιῷ
2682 1960 2962 2031 Π-δεύματι
3024 1961 3116 2016 νῦν
3157 1962 3250 2015 καὶ
3298 1963 3405 2026 ἀεὶ,
3449 1960 3540 2016 καὶ

275 2071 355 2130 είς
389 2067 510 2129 τοὺς
536 2065 736 2123 αἰῶνας
771 2064 878 2116 τῶν
910 2062 1142 2116 αἰώνων.
1173 2061 1370 2132 Ἀμήν.

804 2182 1042 2235 omam
1074 2177 1187 2234 KH'
1217 2180 1315 2248 (l).

291 2275 742 2344 Ἐκφωνηθεῒσα
773 2275 922 2326 κατὰ
947 2275 1062 2340 τὴν
1091 2274 1310 2344 ἑορτὴν
1356 2270 1473 2344 τῶν
1525 2271 1707 2344 ἁγίων
1748 2265 1850 2321 καί

349 2341 692 2414 κορυφαίων
723 2346 1088 2398 ἀποστόλων
1122 2343 1348 2410 Πέτρου
1377 2341 1472 2394 καὶ
1509 2341 1775 2394 Παύλου.

365 2441 429 2490 Ἦ
456 2440 561 2490 τῶν
593 2440 764 2505 ἁγίων
803 2437 1039 2490 ἑκάστου
1079 2437 1291 2507 μνήμη,
1325 2436 1465 2488 κατὰ
1492 2437 1588 2503 τὴν
1638 2432 1849 2503 ἐόρτιον

280 2532 552 2584 ἐπιστᾶσα
585 2529 788 2598 ταύτης
810 2529 1044 2598 ἡμέραν,
1087 2527 1358 2596 Θυμηδίας
1396 2525 1651 2586 ὑπόθεσις
1697 2520 1854 2592 κοινὴ

281 2630 375 2676 καὶ
409 2625 601 2692 δήμοις
637 2621 732 2673 καὶ
757 2620 967 2684 πόλεσι,
1018 2619 1114 2673 καὶ
1169 2619 1416 2682 πολίταις
1473 2617 1565 2670 καὶ
1597 2616 1856 2683 πολιτάρο

279 2735 409 2785 χαις
441 2718 555 2768 ἐστὶ
587 2756 599 2779 ,
637 2717 730 2768 καὶ
776 2714 1043 2783 ὠφελείας
1109 2714 1377 2784 μεγίστης
1431 2713 1691 2782 πρόξενος
1741 2711 1855 2772 τοῖς

285 2810 605 2878 ἑορτάζουσι
661 2813 795 2860 πᾶσι
844 2810 1097 2876 γίνεται·
1163 2827 1178 2858 ι
1218 2808 1421 2876 Μνήμη
1480 2806 1587 2873 γὰρ
1647 2803 1856 2857 δικαίου

291 2904 412 2971 μετ’
433 2900 740 2969 ἐγκωμίων,
791 2919 808 2950 ι
851 2903 876 2953 ὁ
908 2900 1068 2966 σορός
1097 2915 1227 2966 φησι
1276 2898 1546 2967 Σολομῶν,
1613 2914 1630 2948 ι
1655 2897 1862 2962 Ἐγκω-

289 2990 622 3061 μιαζομένου
654 2991 708 3043 δὲ
741 2990 950 3043 δικαίου
974 2987 1598 3060 εὐφρανθήσονταιλαοί.
1629 3006 1647 3039 ι
1682 2985 1865 3042 Καθά-

286 3103 397 3152 περ
429 3087 536 3154 γὰρ
569 3087 626 3136 ὲν
655 3085 830 3149 νυκτὶ,
856 3083 1138 3154 λαμπάδος
1170 3081 1528 3150 ἀναφθείσης,
1561 3081 1641 3143 είς
1673 3081 1864 3150 χρείαν

285 3182 384 3232 καὶ
438 3179 736 3234 ἀπόλαυσιν
794 3180 902 3232 τῶν
951 3179 1238 3249 παρόντων
1300 3175 1520 3229 πάντων
1577 3175 1757 3242 φαίνει
1804 3173 1865 3226 τὸ

290 3272 432 3340 φῶς,
498 3268 640 3322 οὕτω
695 3270 789 3323 καὶ
840 3272 866 3322 ὁ
913 3271 1022 3322 τῶν
1071 3270 1241 3337 ἁγίων
1280 3267 1513 3321 ἑκάστου
1574 3267 1865 3335 θεάρεστος

295 3363 433 3432 βίος,
464 3364 559 3414 καὶ
588 3363 645 3412 τὸ
683 3361 803 3414 κατ’
835 3361 997 3414 αὐτὸν
1038 3361 1309 3432 μακάριον
1347 3361 1520 3424 τέλος,
1559 3359 1654 3412 καὶ
1701 3360 1734 3428 ἡ
1781 3357 1868 3410 διὰ

293 3461 394 3526 τὴν
425 3453 518 3507 τοῦ
555 3449 678 3524 βίου
706 3454 1058 3524 καθαρότητα
1091 3455 1242 3525 παρὰ
1269 3452 1402 3506 Θεοῦ
1424 3453 1682 3522 δεδομένη
1711 3453 1872 3522 χάρις

302 3548 475 3616 αὐτῷ,
506 3546 758 3616 καθάπερ
793 3563 878 3609 τις
900 3545 1206 3616 περιφανὴς
1235 3545 1442 3615 πυρσὸς
1495 3546 1869 3616 προαγόμενος

300 3642 380 3702 εἰς
421 3641 581 3708 μέσον
606 3639 691 3693 διὰ
739 3640 836 3708 τῆς
869 3641 1110 3708 μνήμης,
1152 3639 1345 3708 καινὴν
1406 3637 1705 3706 παρέχεται
1761 3637 1874 3696 τοῖς

314 3733 743 3800 συνειλεγμένοις
805 3731 904 3800 τὴν
969 3729 1349 3802 πνευματικὴν
1393 3727 1734 3797 εὐφροσύνην
1780 3729 1875 3780 καὶ

323 3823 417 3894 τὴν
448 3825 724 3892 ὠφέλειαν.
757 3825 867 3878 Καὶ
892 3824 1142 3894 καθάπερ
1166 3823 1426 3892 εὐφορίας
1457 3821 1614 3891 157
1655 3819 1880 3890 γενομέ-

319 3935 410 3985 νης
434 3919 515 3971 ἐπὶ
545 3919 642 3986 τῆς
674 3919 796 3986 γῆς,
831 3917 930 3987 οὐχ
969 3917 1018 3969 οἱ
1063 3916 1301 3984 γεωργοὶ
1361 3915 1540 3983 μόνον,
1595 3913 1728 3966 ἀλλὰ
1783 3913 1878 3965 καὶ

311 4009 502 4070 πάντες
529 4008 805 4077 ἄνθρωποι
827 4008 1148 4076 τέρπονται·
1180 4008 1212 4075 ὴ
1252 4005 1358 4074 γὰρ
1377 4005 1482 4059 ἀπὸ
1511 4006 1618 4056 τῶν
1651 4007 1749 4074 τῆς
1776 4004 1878 4072 γῆς

311 4098 537 4169 καρπῶν
564 4099 865 4161 ἀπόλαυσις
899 4097 1051 4167 κοινὴ
1091 4097 1256 4149 πᾶσίν
1293 4100 1440 4149 ἐστιν
1461 4112 1472 4126 ·
1521 4093 1664 4148 οὕτω
1721 4097 1815 4147 καὶ
1844 4095 1878 4165 ἡ

311 4191 450 4260 πρὸς
493 4190 582 4244 τὸν
641 4190 772 4243 Θεὸν
829 4188 896 4242 δι’
938 4188 1141 4259 ἀρετῆς
1189 4189 1298 4243 τῶν
1337 4189 1510 4256 ἁγίων
1533 4187 1890 4259 καρποφορίαι

308 4281 408 4334 οὐκ
432 4281 591 4334 αὑτὸν
619 4281 901 4351 εὐφραίνει
939 4281 1100 4350 μόνον
1131 4283 1224 4333 τὸν
1254 4279 1502 4350 γεωργὸν
1533 4278 1640 4332 τῶν
1671 4278 1880 4348 ψυχῶν,

305 4373 449 4428 ἀλλὰ
479 4374 572 4427 καὶ
601 4375 748 4444 ἡμᾶς
776 4375 1003 4438 πάντας,
1037 4372 1112 4435 ὡς
1160 4373 1240 4436 είς
1290 4371 1480 4440 κοινὴν
1521 4369 1733 4440 τρυφὴν
1788 4369 1886 4423 καὶ

311 4467 614 4520 ἀπόλαυσιν
640 4466 980 4535 προκειμένη
1011 4465 1122 4518 τῶν
1152 4464 1440 4535 ἡμετέρων
1473 4461 1661 4532 ψυχῶν
1692 4478 1706 4492 ·
1763 4460 1887 4514 ἐπεὶ

313 4560 409 4611 καὶ
435 4559 491 4609 ὲν
519 4558 593 4628 τῷ
619 4557 718 4629 βίῳ
751 4558 924 4628 τούτῳ
951 4557 1219 4626 παρόντες
1245 4557 1447 4617 πάντες
1479 4555 1528 4606 oi.
1557 4551 1703 4621 ἅγιοι
1755 4568 1889 4623 προ-

309 4649 490 4720 τροπὴ
551 4651 687 4718 πρὸς
740 4652 942 4720 ἀρετήν
1005 4651 1111 4701 εἰσι
1169 4649 1299 4700 πᾶσι
1327 4649 1437 4707 τοῖς
1487 4645 1746 4698 ἀκούουσι
1794 4644 1888 4697 καὶ

312 4743 487 4812 ὁρῶσι
510 4743 732 4805 τούτους
768 4743 904 4808 μετὰ
929 4747 1194 4802 συνέσεως
1229 4755 1245 4769 ·
1293 4738 1528 4808 ἕμψυχοι
1578 4738 1686 4806 γάρ
1750 4736 1889 4787 είσιν

1877 2172 1926 2232 Β

2455 2179 2744 2236 IIOMILIA
2794 2180 3034 2238 XXVIII.

1959 2277 2025 2333 In
2050 2277 2184 2348 festo
2217 2285 2527 2330 sanctorum
2545 2280 3027 2399 8‘.COI'iI)p/IUI’PI'IIDI
3055 2275 3416 2344 apostolorum
3445 2278 3547 2332 Pe-

2546 2356 2617 2398 ιη
2645 2356 2689 2399 el
2767 2363 2834 2399 au
2865 2364 2902 2399 ι.

2546 2356 2617 2398 trt
2645 2356 2689 2399 et
2717 2356 2902 2400 Pauli.

2035 2437 2482 2509 Uniuscnjusque
2539 2445 2858 2493 sanctorum
2917 2439 3180 2493 memoria
3234 2439 3288 2493 in
3343 2438 3540 2494 festiva

1959 2546 2066 2602 qua
2102 2531 2391 2600 contigerit
2423 2531 2534 2593 die,
2571 2531 2911 2584 conlidentim
2949 2532 3192 2586 mat-ria:
3223 2533 3539 2586 communis

1956 2631 2041 2678 est
2094 2632 2146 2678 et
2191 2623 2406 2692 populis
2437 2633 2490 2676 et
2519 2623 2748 2678 urbibus
2782 2634 2836 2678 et
2879 2624 3142 2694 subjectis
3173 2633 3228 2680 et
3284 2624 3546 2695 principi-

1960 2716 2085 2783 bus,
2120 2730 2328 2769 necnon
2366 2715 2658 2768 maximam
2710 2716 2912 2784 pra-bet
2962 2717 3249 2770 utilitatem
3297 2717 3548 2770 omnibus

1961 2823 2080 2862 eam
2113 2808 2546 2863 celebrantibus.
2587 2807 2721 2863 Nam
2753 2827 2772 2861 ι
2809 2810 3076 2863 memoria
3105 2810 3242 2878 justi
3272 2825 3394 2863 cum
3429 2809 3548 2862 Inu-

1964 2899 2177 2961 dibus,»
2212 2900 2432 2968 sapiens
2463 2901 2538 2952 ait
2573 2898 2884 2963 Salomon",
2920 2919 2939 2952 ι
2961 2900 3095 2966 justi
3128 2910 3310 2955 autem
3343 2900 3552 2970 εισι-ἱῑί-

1965 2992 2106 3044 catio
2139 2990 2326 3045 laetitia
2355 2999 2437 3045 est
2484 2991 2758 3062 populis.»
2798 2989 2933 3045 Nam
2984 2993 3445 3062 quemadmodum
3493 2995 3548 3046 in

1967 3090 2126 3132 nocte
2161 3095 2390 3134 accensa
2421 3081 2692 3150 lampade,
2733 3082 2788 3136 in
2815 3082 3165 3136 commodum
3201 3093 3254 3137 et
3292 3083 3540 3140 delecta-

1973 3172 2174 3227 ti0uem
2219 3174 2465 3228 omnium
2500 3177 2853 3244 praesentium
2883 3176 3054 3246 fulget
3089 3177 3297 3240 lumen,
3339 3176 3414 3230 ita
3449 3192 3547 3231 cu-

1965 3263 2192 3331 juslibet
2231 3275 2545 3321 sanctorum
2573 3268 2679 3321 vita
2712 3270 3056 3322 sanctissima
3111 3267 3388 3338 Itujusque
3419 3268 3544 3321 bea—

1973 3366 2060 3412 tus
2104 3357 2253 3422 finis,
2285 3369 2339 3413 et
2375 3369 2598 3428 propter
2634 3359 2758 3414 vita:
2804 3360 3172 3430 integritatem
3217 3361 3394 3428 gratia
3443 3360 3550 3428 ipsi

1975 3449 2195 3519 largita,
2228 3448 2376 3503 velut
2402 3449 2488 3502 fax
2517 3449 2805 3518 splendida
2845 3450 2895 3503 in
2931 3450 3169 3505 medium
3201 3465 3295 3518 per
3333 3465 3551 3504 memo-

1980 3547 2116 3600 riam
2145 3542 2378 3596 adducta
2403 3557 2753 3595 communem
2781 3541 2939 3596 oﬂ'ert
2964 3543 3281 3597 convocatis
3299 3543 3559 3612 spiritua-

1978 3639 2082 3692 lem
2112 3635 2354 3689 laetitiam
2387 3641 2442 3686 et
2472 3633 2798 3700 utilitatem;
2829 3643 2882 3687 et
2909 3634 3071 3688 sicuti
3108 3643 3250 3687 terra
3287 3635 3547 3689 uberibus

1979 3729 2254 3784 messibus
2306 3726 2602 3796 gaudente,
2648 3742 2756 3780 non
2805 3725 3057 3795 agricolae
3098 3735 3310 3780 tantum
3357 3729 3454 3782 sed
3506 3735 3560 3781 et

1981 3835 2174 3875 omnes
2221 3819 2470 3872 homines
2523 3817 2831 3881 exsultant,
2865 3818 2992 3886 quia
3027 3833 3056 3871 a
3090 3818 3355 3874 fructibus
3402 3827 3562 3874 teme

1982 3911 2294 3968 communis
2325 3910 2582 3963 omnibus
2610 3908 2728 3962 ﬂuit
2756 3909 2967 3974 l‘ruitio,
2993 3910 3071 3964 sic
3101 3913 3309 3966 sanctis
3335 3925 3562 3982 preptcr

1984 4007 2153 4062 Deum
2208 4020 2300 4075 per
2380 4003 2638 4056 virtutem
2687 4001 2964 4059 feracibus
3007 4019 3114 4058 non
3167 4005 3315 4058 solus
3363 4007 3566 4074 gaudet

1985 4101 2296 4152 animarum
2334 4097 2536 4158 cultor,
2571 4095 2666 4149 sed
2715 4105 2768 4149 et
2800 4111 2903 4150 nos
2946 4111 3138 4150 omnes
3165 4098 3393 4168 perinde
3419 4113 3483 4153 ac
3520 4099 3564 4153 si

1987 4191 2116 4245 inde
2150 4191 2348 4243 anima:
2378 4198 2579 4242 nostra:
2607 4190 2888 4242 communi
2927 4189 3206 4259 voluptate
3235 4200 3290 4244 et
3317 4205 3566 4244 commo-

1986 4283 2157 4340 ditate
2178 4280 2502 4334 alliciantur.
2548 4277 2608 4333 In
2653 4279 2758 4334 ista
2817 4280 3040 4349 quidem
3090 4281 3198 4334 vita
3231 4283 3406 4335 sancti
3440 4291 3570 4338 sunt

1990 4371 2246 4428 omnibus
2277 4368 2370 4438 qui
2405 4382 2501 4422 eos
2533 4377 2712 4422 mente
2752 4367 2970 4422 sincera
3003 4367 3237 4422 audiunt
3265 4377 3315 4422 et
3348 4372 3571 4440 consz-

1988 4465 2141 4518 ciunt
2171 4461 2578 4515 hortamentum
2607 4459 2673 4513 ad
2701 4459 2956 4537 virtutem
2981 4475 2998 4524 ;
3028 4469 3156 4513 sunt
3183 4461 3326 4513 enim
3360 4461 3570 4514 animu-

1990 4564 2059 4610 ιω
2084 4553 2304 4608 virtutis
2335 4550 2622 4619 imagines,
2650 4550 2883 4606 mobiles
2906 4552 3089 4605 omnis
3120 4550 3334 4606 decoris
3358 4553 3569 4607 colum-

1991 4662 2096 4712 ηιξ,
2130 4644 2255 4699 libri
2287 4643 2411 4698 vitae
2443 4653 2497 4697 et
2521 4645 2784 4698 docentes
2817 4658 2878 4698 ea
2911 4659 3032 4713 qua:
3070 4645 3136 4699 ad
3172 4645 3416 4701 melioris
3444 4647 3572 4702 vita:

1995 4733 2393 4790 institutionem
2442 4735 2740 4804 pertinent,
2777 4745 2832 4789 et
2863 4751 2927 4788 ex
2978 4735 3083 4789 hac
3115 4736 3225 4789 vita
3265 4737 3573 4804 migrantes

311 4833 521 4892 εἰκόνες
551 4832 650 4900 τῆς
689 4832 886 4900 ἀρετῆς
922 4847 935 4860 ·
961 4829 1306 4897 αὑτοκίνητοι
1331 4827 1518 4898 στῆλαι
1556 4825 1754 4886 παντὸς
1789 4843 1867 4878 και

1997 4843 2092 4899 per
2126 4827 2450 4881 memoriam
2489 4842 2684 4880 eorum
2717 4843 2837 4897 quae
2873 4830 3013 4881 bona
3053 4839 3414 4897 patraverunt
3442 4848 3576 4901 ope-

314 4921 408 4974 λοῦ
434 4935 449 4951 ⁸
483 4920 653 4991 βίϐλοι
674 4921 844 4986 ζὼσαί
877 4938 934 4973 τε
971 4921 1063 4972 καὶ
1092 4918 1348 4971 λαλοῦσαι
1383 4918 1448 4970 τὰ
1478 4918 1612 4986 πρὸς
1662 4916 1886 4989 ὀδηγίαν

312 5012 410 5066 τοῦ
447 5013 750 5084 κρείττονος
775 5027 790 5043 ⁶
817 5014 909 5066 καὶ
939 5009 1310 5082 μεταστάντες
1339 5009 1431 5062 τοῦ
1467 5011 1594 5078 τῇδε
1625 5008 1740 5078 βίου
1798 5009 1890 5063 διὰ

313 5105 419 5175 τῆς
457 5106 678 5175 μνήμης
706 5104 812 5156 τῶν
842 5104 900 5156 ὲν
930 5103 1160 5165 ἐκείνοις
1201 5101 1405 5165 καλῶν,
1458 5101 1724 5154 ἀθάνατον
1762 5102 1892 5172 ἡμῖν

315 5200 416 5269 τὴν
446 5196 572 5265 παρ’
610 5198 817 5249 ἑαυτῶν
839 5192 1196 5264 συντηροῦσιν
1229 5193 1516 5262 ὠφέλειαν.
1573 5192 1637 5246 Ἦ
1669 5193 1726 5245 δὲ
1753 5193 1895 5263 μνή-

320 5308 396 5360 μη
419 5289 517 5358 τῆς
541 5287 763 5340 ἐκείνων
788 5285 1152 5354 ἁγαθοεργίας
1172 5284 1447 5352 ἐγκώμιον
1475 5282 1701 5336 ἐκείνων
1724 5284 1891 5348 ἐστὶν,

316 5385 734 5453 ὲποφειλόμενον
769 5381 867 5451 μὲν
902 5381 1032 5449 παρ’
1066 5380 1224 5449 ήμῶν
1257 5378 1488 5439 ἐκείνοις
1517 5378 1604 5431 διὰ
1632 5378 1732 5448 τὴν
1791 5383 2228 5452 προγενεστέραν
2325 5381 2618 5452 ὠφέλειαν,

1997 4936 2118 4974 rum
2155 4919 2520 4974 immortalem
2563 4921 2720 4974 nobis
2751 4936 2781 4974 a
2812 4921 3128 4990 semetipsis
3169 4938 3396 4978 servant
3428 4925 3579 4979 utili-

2002 5019 2190 5066 tatem.
2225 5010 2331 5066 Sed
2372 5010 2637 5065 memoria
2674 5012 2877 5080 optima
2908 5028 3098 5066 eorum
3133 5019 3581 5076 eonvcrsatinms

2001 5104 2244 5173 ipsorum
2291 5113 2375 5157 est
2416 5105 2725 5157 eneomium
2774 5119 2803 5156 a
2839 5105 2999 5158 nobis
3032 5105 3139 5159 illis
3186 5109 3427 5161 debitum
3481 5124 3578 5176 pro

2003 5197 2278 5250 veteribus
2315 5195 2528 5260 olIieiis,
2566 5196 2725 5248 nobis
2747 5211 2874 5248 vero
2911 5198 3146 5264 perutile
3181 5207 3399 5267 propter
3429 5214 3581 5252 com-

2007 5288 2166 5341 moda
2197 5303 2264 5341 ex
2301 5287 2409 5340 illis
2447 5289 2512 5340 al
2545 5303 2644 5342 nos
2675 5302 2868 5342 rursus
2898 5289 3226 5343 derit-antis.

2711 5385 2976 5453 χρήσιμον
3031 5383 3088 5436 δὲ
3129 5384 3257 5453 ἡμῖν
3343 5385 3437 5438 καὶ
3488 5385 3583 5438 νῦν

320 5479 568 5548 ὑπάρχον
598 5476 685 5529 διὰ
748 5476 810 5527 τὸ
842 5473 972 5545 παρ’
998 5474 1176 5528 αὐτῶν
1205 5473 1300 5524 καὶ
1352 5471 1445 5523 νῦν
1475 5473 1608 5541 ἡμῖν
1665 5471 2098 5542 προσγενόμενον
2128 5473 2339 5542 ὄφελος.

390 5618 412 5651 ⁷
438 5619 597 5674 Prov.
633 5633 690 5684 κ,
722 5615 776 5671 7.

395 5805 465 5868 (1)
493 5805 630 5856 Inter
665 5817 753 5854 eas
777 5817 897 5866 quas
927 5805 1076 5857 edidit
1100 5800 1378 5853 Mattlmius
1403 5815 1548 5866 nona,
1582 5818 1630 5867 p.
1657 5801 1764 5856 i06.
