4014 6430
531 320 638 386 355

1788 320 2173 384 GREGORII
2201 323 2526 389 PALAMIE

3650 323 3736 386 356

600 429 742 485 nihil
773 437 951 484 autem
975 444 1164 487 eorum
1197 428 1356 484 bouis
1385 443 1671 502 augemus,
1718 443 1998 502 gestorum
2028 434 2094 487 ali

2272 438 2349 491 Οὐ
2387 434 2751 507 προστίθεμεν
2788 432 2844 488 δέ
2879 452 2932 487 τι
2960 435 3072 497 τοῖς
3122 431 3343 487 ἐκείνων
3392 433 3618 502 ἀγαθοῖς,
3648 438 3738 490 τῶν

529 522 639 576 illis
673 522 978 587 recordati;
1014 538 1138 576 nam
1184 523 1457 591 quomodo
1489 524 1806 593 augebimus
1850 526 1945 595 qui
2001 541 2102 582 nec

532 615 702 669 totius
734 615 951 683 quidem
995 628 1187 668 eorum
1216 615 1439 669 virtutis
1463 618 1833 683 proponenda:
1872 633 2100 687 capaces

532 704 774 761 sumus?
820 704 1148 758 remunerati
1181 713 1311 758 sunt
1348 704 1716 760 itteﬂabilibus
1755 722 1785 760 α
1832 708 1940 761 Deo
1975 723 2102 777 pro-

533 798 720 850 missis
753 796 1115 861 mercedibus,
1151 805 1416 865 quantum
1443 797 1653 852 valebat
1688 808 1882 851 natura
1909 798 2100 853 ineﬂ'a-

528 884 691 939 hulem
723 884 922 939 nllerre
964 886 1469 940 conversationem.
1517 886 1637 941 Non
1669 902 1799 956 ergo
1835 888 2102 944 laudando

528 975 853 1044 augebimus
893 987 1088 1027 eorum
1132 975 1394 1043 prmmia;
1428 976 1521 1029 sed
1555 977 1715 1029 macti
1747 977 1969 1030 animo!
2003 993 2101 1031 an-

528 1065 775 1136 gcbimus
826 1065 967 1119 bona
1022 1066 1090 1119 ab
1131 1066 1238 1120 illis
1271 1075 1519 1131 ventura,
1574 1067 1641 1122 ad
1679 1069 1804 1121 illos
1836 1069 1979 1122 velut
2033 1070 2101 1124 ad

529 1157 679 1211 faces
739 1156 1046 1212 divinitatis
1118 1155 1387 1228 fulgentes
1450 1162 1815 1227 nosmetipsos
1877 1177 2103 1217 conver-

533 1259 708 1302 tentes
742 1257 796 1301 et
822 1247 1075 1302 virtutem
1118 1246 1388 1302 bonorum
1429 1264 1650 1319 operum
1680 1253 1749 1308 ab
1797 1253 1902 1309 illis
1943 1255 2102 1309 exhi-

528 1340 697 1394 bltam
755 1340 930 1409 magis
992 1354 1057 1394 ac
1120 1341 1294 1410 magis
1375 1352 1683 1412 susceptam
1762 1345 2098 1416 colligentes.

530 1432 637 1486 Sed
699 1432 748 1486 si
794 1431 1089 1500 cujuslibet
1153 1442 1465 1487 sanctorqu
1531 1438 1816 1502 memoria,
1855 1450 1912 1493 ut
1960 1440 2101 1493 dixi-

529 1540 679 1591 mus,
721 1540 845 1578 cum
880 1526 1095 1596 hymnis
1126 1526 1415 1597 dignisque
1442 1530 1705 1585 encnniiis
1733 1545 1763 1584 a
1794 1532 1951 1595 nobis
1974 1548 2101 1601 per-

527 1616 731 1680 ﬁcitur,
764 1629 977 1686 quanto
1007 1618 1180 1686 magis
1214 1616 1358 1672 Petri
1387 1629 1441 1674 et
1470 1619 1623 1675 Pauli
1656 1623 1966 1678 culminum
2003 1640 2099 1680 en-

2202 530 2607 600 πεπραγμένων
2654 527 2883 590 ἐκείνοις
2928 525 3431 594 ὑπομιμνήσκοντες
3457 540 3470 553 ·
3500 526 3607 589 πῶς
3642 528 3733 596 γὰρ

2200 620 2251 675 οἳ
2302 621 2437 692 μηδὲ
2478 619 2578 690 τὴν
2621 620 2824 690 ἀρετήν
2872 621 3040 686 ἐσμεν
3092 619 3273 669 πᾶσαν
3326 618 3538 669 ἐκείνων
3587 618 3736 671 ἱκανοὶ

2202 710 2554 780 παραστῆσαι
2578 727 2593 775 ;
2630 711 2740 764 Καὶ
2767 710 2875 780 γάρ
2904 708 3353 779 ὲφιλοτιμήσαντο
3374 710 3489 771 ταῖς
3514 707 3640 778 ὑπὲρ
3662 708 3738 763 λό-

2201 817 2298 870 γον
2326 799 2762 871 έπηγγιλμέναις
2796 799 2950 869 παρὰ
2996 798 3131 851 Θεοῦ
3162 798 3435 868 ἀμοιϐαῖς,
3471 799 3679 853 καθόσον
3707 802 3736 872 ή

2203 895 2364 963 φύσις
2400 892 2616 963 ἐχώρει,
2660 891 2755 945 καὶ
2789 891 3067 945 πολιτείαν
3126 890 3477 960 κατάλληλον,
3505 891 3739 962 χδηλονότι

2203 984 2383 1037 πάντα
2402 982 2560 1051 λόγον
2592 982 2856 1046 νικῶσαν,
2887 980 3242 1047 ἐνδείξασθαι.
3276 979 3388 1033 Οὐκ
3416 978 3636 1048 αῦξομεν
3663 978 3741 1035 οὖν
3812 974 3817 979 ’

2202 1078 2269 1129 τὰ
2290 1075 2499 1137 τούτοις
2523 1075 2816 1145 προσόντα,
2843 1073 3061 1137 τούτους
3080 1074 3533 1143 ἐγκωμιάζοντες,
3555 1073 3736 1143 ἀπάγει

2202 1166 2439 1236 αὔξομεν
2471 1167 2527 1219 δὲ
2565 1167 2635 1219 τά
2664 1167 2793 1237 παρ’
2828 1165 3051 1219 ἐκείνων
3083 1165 3212 1234 ἡμῖν
3265 1164 3443 1233 ἀγαθά
3476 1165 3744 1234 προσγινόο

2204 1277 2342 1329 μενα
2392 1259 2524 1328 πρὸς
2583 1257 2821 1320 ἐκείνους
2870 1250 2961 1309 οἷά
3003 1273 3153 1319 τινας
3202 1256 3512 1326 θεοφεγγεῖς
3546 1256 3740 1326 λυχνίας

2202 1352 2349 1420 ἡμᾶς
2378 1349 2575 1412 αὐτοὺς
2612 1348 3004 1413 ἀνατείνοντες,
3039 1349 3135 1403 καὶ
3171 1348 3271 1417 τὴν
3302 1348 3635 1418 έκδιδομένην
3658 1348 3738 1401 ἀπ’

2202 1441 2427 1494 ἐκείνων
2455 1441 2774 1494 καλλοποιδν
2800 1439 3029 1507 δύναμιν
3054 1439 3323 1502 συνιέντες
3349 1441 3440 1493 ἐπὶ
3460 1438 3646 1508 μᾶλλον
3664 1441 3743 1492 καὶ

2204 1531 2649 1603 προσδεχόμενοι.
2675 1531 2737 1582 Εἰ
2765 1529 2811 1584 δ’
2839 1529 3070 1583 ἑκάστου
3101 1528 3209 1581 τῶν
3237 1527 3408 1595 ἁγίων
3432 1529 3463 1599 ή
3496 1529 3668 1599 μνήμη
3688 1525 3743 1581 δι’

2203 1621 2348 1689 ἅπερ
2383 1620 2630 1687 είπομεν,
2658 1619 2776 1688 μεθ’
2807 1616 2991 1688 ὓμνων
3021 1618 3115 1671 καὶ
3138 1617 3247 1669 τῶν
3277 1618 3646 1688 προσηκόντων
3670 1619 3744 1684 ἑγ-

525 1712 730 1782 rypbmi
777 1714 1149 1782 apostolorum
1182 1714 1332 1767 chori
1360 1712 1384 1766 τ
1418 1712 1521 1779 Qui
1561 1728 1889 1770 communes
1919 1728 2094 1785 patres

2204 1705 2428 1779 κωμίων
2451 1708 2578 1779 παρ’
2606 1709 2763 1778 ήμῶν
2792 1708 3111 1774 ὲκτελεϊται,
3143 1708 3297 1778 πόσῳ
3331 1708 3527 1778 μᾶλλον
3561 1707 3742 1775 Πέτρου

524 1813 579 1856 et
603 1802 774 1856 duces
806 1804 1048 1857 omnium
1081 1812 1211 1857 sunt
1258 1814 1574 1858 vocatorum
1635 1819 1664 1858 a
1704 1804 1930 1860 Christo
1968 1823 2094 1877 apo-

2205 1804 2297 1855 xal.
2328 1801 2560 1866 Παύλου,
2587 1802 2683 1870 τῆς
2706 1800 3007 1871 κορυφαίας
3029 1800 3329 1871 ἀκρότητος
3349 1799 3442 1853 τοῦ
3470 1799 3741 1869 κορυφαίου

524 1897 819 1958 Stolorum,
852 1907 1173 1963 martyrum.
1198 1895 1494 1963 iustorum,
1526 1897 1897 1962 sacerdotum,
1923 1899 2094 1967 ponti-

2207 1893 2314 1945 τῶν
2351 1892 2666 1946 ἀποστόλων
2695 1891 2895 1962 χοροῦ;
2930 1891 2993 1946 Οἳ
3030 1893 3201 1944 κοινοὶ
3230 1891 3460 1962 πατέρες
3486 1892 3574 1943 καὶ
3600 1889 3744 1960 καθῃ-

529 1986 723 2052 ﬁcum,
748 1996 1025 2056 pastorum
1054 1999 1111 2042 et
1131 1989 1437 2053 doctorum,
1462 2002 1684 2057 gregum
1706 1997 1760 2043 et
1780 1991 2094 2043 edoctorum

2204 1985 2436 2055 γεμόνες
2462 1986 2680 2038 πάντων
2709 1985 2813 2036 είσὶ
2846 1983 2954 2036 τῶν
2985 1983 3093 2036 ἀπὸ
3125 1983 3361 2053 Χριστοῦ
3401 1983 3739 2051 καλουμένων,

520 2078 771 2129 omnium
819 2076 968 2130 velut
998 2077 1199 2131 sumini
1235 2085 1489 2145 pastores
1517 2087 1573 2131 et
1618 2078 1906 2133 architecti
1939 2095 2093 2133 com-

2204 2078 2554 2138 ἀποστόλων,
2616 2076 2930 2147 μαρτύρων,
2979 2074 3160 2139 ὁσίων,
3216 2076 3428 2144 ἱερέων,
3481 2072 3741 2145 ίεραρχῶν,

519 2169 705 2222 munis
739 2169 985 2221 omnium
1015 2167 1235 2236 pietatis
1260 2176 1316 2222 et
1341 2166 1562 2222 virtutis
1599 2177 1653 2221 et
1678 2168 1826 2222 velut
1858 2170 2093 2224 lumina-

2196 2166 2391 2239 ’ποιμέκ
2404 2186 2480 2222 ων
2518 2185 2577 2221 τε
2608 2170 2704 2222 καὶ
2732 2166 3091 2229 διδασκάλων,
3125 2168 3560 2236 ποιμαινομένων
3585 2181 3639 2217 τε
3663 2165 3739 2217 καὶ

520 2259 599 2311 ria
649 2258 704 2325 in
741 2258 973 2321 mundo,
1023 2258 1251 2312 verbum
1301 2257 1427 2310 vitae
1471 2257 1834 2322 continentia,
1878 2270 2089 2315 tantum

2200 2260 2604 2330 διδασκομένων
2654 2260 2911 2314 ἁπάντων
2963 2258 3037 2322 ὼς
3085 2260 3476 2329 ἀρχιποίμενες
3521 2255 3737 2323 δντες,ἢ

515 2350 883 2404 illuminantia
913 2363 1009 2404 eos
1036 2351 1127 2419 qui
1160 2364 1256 2419 per
1278 2351 1530 2419 pietatem
1560 2361 1612 2405 et
1638 2353 1892 2407 virtutem
1917 2361 2094 2407 trans-

2200 2357 2294 2411 καὶ
2327 2357 2711 2428 ἀρχιτέκτονες
2756 2354 2855 2425 τῆς
2890 2355 3074 2423 κοινῆς
3115 2355 3333 2407 πάντων
3368 2354 3635 2414 εύσεόείας
3663 2352 3739 2404 καὶ

514 2444 695 2500 lucent
747 2454 1011 2515 quantum
1069 2444 1149 2499 sol
1202 2454 1395 2499 czetera
1455 2456 1605 2500 astra
1673 2446 1754 2500 vel
1829 2457 2086 2515 tanquam

2197 2449 2420 2520 ἀρετῆς,
2483 2450 2577 2501 καὶ
2620 2447 2695 2511 ὡς
2747 2447 3033 2517 φωστῆρες
3085 2448 3142 2499 ὲν
3192 2448 3386 2517 κόσμῳ
3429 2442 3566 2514 ζωῆς
3605 2445 3738 2512 λόγον

514 2536 642 2592 εοειί
685 2538 951 2592 caelorum
985 2538 1211 2607 gloriam
1247 2536 1342 2592 Dei
1394 2537 1448 2591 in
1488 2537 1720 2593 exCelsis
1746 2550 2093 2606 enat-rantes,

2196 2542 2486 2611 ἐπέχοντες
2513 2556 2528 2571 ·
2568 2539 2820 2593 τοσοῦτον
2854 2539 3305 2609 ὁπερλάμποντες
3344 2540 3466 2600 τοὺς
3497 2536 3579 2590 ἐπ’
3607 2537 3739 2589 εὗσε-

511 2634 727 2683 tantum
758 2640 1081 2698 superantes
1105 2629 1373 2683 caelorum
1403 2629 1820 2697 amplitudinem
1851 2640 1901 2683 et
1934 2632 2081 2686 side-

2196 2635 2321 2707 εείᾳ
2362 2634 2455 2687 καὶ
2512 2634 2683 2703 ἀρετῇ
2733 2632 3176 2703 διαλάμψαντας,
3225 2632 3354 2685 ὅσον
3400 2631 3524 2694 τοὺς
3568 2629 3737 2689 ἄλλους

513 2737 638 2777 rum
654 2719 1115 2792 pulchritudinem
1147 2729 1199 2774 et
1224 2730 1582 2791 utrorumque
1606 2721 1962 2788 celeritatem,
1993 2738 2087 2778 or-

2194 2725 2429 2796 ἀστέρας
2480 2724 2652 2794 ἣλιος,
2694 2725 2726 2793 ἢ
2778 2724 2852 2787 ὡς
2893 2724 3140 2793 ούρανῶν
3184 2725 3430 2794 οὐρανοὶ,
3462 2722 3609 2787 δόξαν
3654 2720 3737 2787 τὴν

510 2815 692 2869 dinem
724 2822 779 2868 et
808 2815 1066 2867 virtutem
1102 2821 1368 2882 quantum
1395 2814 1502 2867 ista
1530 2828 1620 2867 res
1651 2813 1930 2868 illustrant
1958 2832 2085 2869 seu-

2196 2816 2458 2870 ἀνωτάτω
2477 2815 2570 2868 τοῦ
2597 2813 2735 2868 Θεοῦ
2762 2813 3139 2884 διηγούμενον
3161 2814 3419 2868 τοσοῦτον
3446 2811 3738 2883 ὑπεραῖρον

509 2905 734 2971 sibiles;
783 2906 887 2959 ista
923 2913 1105 2959 autem
1138 2904 1362 2960 sensilia
1392 2904 1508 2975 ipsa
1558 2908 1836 2963 intuentes
1861 2924 2080 2963 sursum

2194 2924 2283 2969 τες
2333 2904 2579 2977 οὐρανῶν
2621 2922 2681 2957 τε
2730 2904 2957 2975 μεγέθη,
2989 2906 3080 2958 καὶ
3131 2903 3332 2969 κάλλος
3374 2904 3626 2972 ἀστέρων,
3658 2900 3736 2951 καὶ

507 2997 651 3053 ferre
675 3006 953 3066 nequeunt
982 2997 1047 3050 ad
1078 2997 1265 3066 plagas
1292 2999 1497 3051 mundo
1531 3006 1584 3052 et
1613 2999 1767 3053 cmlis
1794 2999 1955 3069 longe
1984 3016 2083 3055 ex-

2194 2997 2354 3067 τάχος
2394 2994 2740 3066 ἀμφοτέρων,
2772 2997 2865 3048 καὶ
2908 2995 3062 3060 τάξιν
3091 2995 3186 3048 καὶ
3220 2995 3472 3064 δύναμιν,
3502 2994 3615 3047 ὅσον
3657 2988 3735 3041 καὶ

506 3087 788 3143 celsiores.
835 3087 1064 3156 Insuper
1094 3088 1435 3157 patefaciunt
1477 3089 1630 3143 illum
1660 3090 1828 3144 solem
1872 3094 1925 3144 iu
1972 3107 2082 3162 quo

2194 3089 2259 3141 τά
2311 3088 2450 3155 ὑπὲρ
2512 3086 2761 3156 αἴσθησιν
2811 3084 2957 3139 οῦτοι
3001 3085 3297 3156 φανεροῦσι
3344 3086 3477 3156 πρὸς
3522 3081 3647 3135 αύτά
3682 3077 3737 3128 τὰ

505 3192 617 3235 non
650 3188 735 3233 est
767 3177 1000 3231 mutatio
1048 3187 1102 3232 et
1138 3177 1540 3233 vicissitudinis
1570 3178 1919 3237 obumbratio
1942 3182 1984 3249 ⁸,
2028 3191 2082 3237 et

2194 3178 2562 3249 ὑπερουράνιά
2589 3193 2646 3229 τε
2677 3176 2770 3230 καὶ
2793 3177 3164 3248 ὑπερκόσμια,
3199 3179 3297 3231 καὶ
3317 3174 3601 3245 φωτίζουσι
3620 3170 3733 3239 φῶς.

502 3252 617 3324 non
644 3270 808 3323 modo
835 3269 1087 3325 sedentes
1117 3270 1171 3324 in
1204 3272 1445 3328 tenebris
1481 3273 1548 3328 ad
1588 3273 1740 3328 illum
1776 3276 1947 3329 solem
1984 3274 2081 3328 ad-

2194 3270 2317 3342 παρ’
2352 3262 2396 3338 ᾧ
2426 3270 2527 3321 οὐκ
2554 3267 2670 3321 ἔστι
2703 3267 3044 3338 παραλλαγὴ,
3075 3269 3107 3338 ἢ
3140 3270 3351 3337 τροπῆς
3378 3264 3733 3329 ἀποσκίασμα’

502 3355 739 3423 ducunt,
771 3357 865 3412 sed
890 3365 944 3411 ct
972 3354 1096 3413 illos
1118 3357 1281 3426 hujus
1306 3361 1529 3416 luminis
1554 3362 1845 3432 participes
1872 3361 2081 3419 faciunt

2194 3364 2245 3416 οὐ
2280 3362 2443 3431 μόνον
2485 3358 2774 3428 ἐξάγοντες
2803 3359 2914 3413 ἀπὺ
2958 3359 3187 3422 σκότους
3231 3361 3314 3423 είς
3346 3359 3407 3412 τὸ
3453 3352 3738 3425 θαυμαστὸν

500 3452 559 3500 et
586 3443 812 3515 perfecti
862 3446 994 3502 solis
1046 3450 1284 3514 soboles,
1338 3453 1409 3506 ita
1444 3460 1502 3506 ut
1532 3453 1723 3509 ambos
1769 3454 1989 3525 quando
2021 3457 2075 3510 in

2194 3455 2343 3508 τοῦτο
2377 3455 2512 3522 φῶς,
2545 3453 2681 3506 ἀλλὰ
2711 3454 2806 3506 καὶ
2843 3451 2959 3521 φῶς
2991 3452 3119 3516 τοὺς
3145 3451 3512 3523 μετασχόντας
3549 3444 3736 3501 ποιοῦν·

509 3538 683 3608 gloria
714 3553 985 3608 apparens
1014 3541 1452 3597 manifestabitur
1487 3545 1670 3599 lumen
1705 3546 1770 3601 de
1797 3546 2003 3602 lumine
2028 3557 2081 3603 tt

2194 3564 2276 3610 τες
2304 3548 2370 3617 τῇ
2405 3545 2661 3610 διαδόσει,
2703 3544 2799 3597 καὶ
2839 3542 3043 3596 τελείου
3080 3543 3259 3612 φωτὸς
3306 3543 3644 3612 γεννήματα,
3673 3534 3736 3595 ὡς

507 3629 650 3684 Deus
679 3628 851 3684 Homo
884 3628 1152 3699 Verbum,
1186 3634 1333 3688 velut
1364 3634 1511 3691 soles
1543 3636 1833 3706 splendere
1865 3638 2079 3693 videbi-

2194 3639 2273 3693 καὶ
2296 3637 2476 3692 αὐτῶν
2503 3638 2734 3690 ἕκαστον
2757 3637 2897 3689 κατά
2921 3635 3020 3706 τὴν
3054 3634 3359 3705 μέλλουσαν
3389 3637 3445 3687 ὲν
3476 3632 3596 3703 δόξῃ
3618 3642 3736 3696 παρ·

501 3720 594 3775 tis.
640 3719 766 3777 lla-c
797 3723 975 3778 sidera
1013 3724 1174 3780 hodie
1221 3726 1380 3781 nobis
1407 3735 1593 3783 exorta
1625 3727 1922 3784 Ecclesiam
1961 3730 2081 3785 illu-

2194 3731 2368 3784 >υσὶαν
2398 3730 2489 3782 καὶ
2514 3728 2836 3796 ἐπιφάνειαν
2870 3726 2964 3779 τοῦ
2998 3726 3315 3797 ἀρχιφώτου
3365 3727 3457 3777 καὶ
3483 3719 3728 3788 οεδινορὼ-

497 3814 732 3869 minant.
761 3816 1009 3881 Quorum
1044 3818 1263 3888 quidem
1312 3820 1627 3888 eonjunetio
1661 3836 1768 3877 non
1809 3822 2077 3877 defectio-

2194 3838 2283 3874 που
2316 3822 2491 3889 Λόγου
2518 3819 2756 3890 λάμψειν
2786 3819 3037 3889 καθάπερ
3064 3820 3239 3890 ἥλιος.
3266 3818 3507 3873 Τοιοῦτοι
3546 3811 3735 3883 φωστῆ-

496 3921 620 3979 nem
669 3908 763 3962 sed
801 3907 1028 3963 luminis
1067 3909 1491 3964 redundantiam
1528 3922 1815 3981 operatur.
1861 3914 2080 3984 Nequa-

2194 3928 2273 3980 ρες
2323 3911 2438 3982 μετ’
2496 3910 2746 3979 ἀλλήλων
2800 3909 2934 3978 ἡμῖν
2984 3908 3315 3976 ἀνασχόντες
3370 3906 3619 3976 σήμερον,
3651 3897 3734 3965 τὴν

496 4012 661 4067 quam
701 3998 846 4051 enim
898 3998 1048 4052 aliud
1080 4014 1321 4069 superne
1371 4002 1724 4057 convolutum
1757 4005 1812 4059 in
1843 4006 2077 4061 excelsis

2194 4003 2518 4073 Ἐκκλησίαν
2564 3999 2992 4070 φαιδρύνουσινο
3042 3999 3076 4069 ή
3126 3998 3230 4067 γὰρ
3282 3997 3488 4051 τούτων
3544 3988 3731 4047 σύνοδος

496 4087 825 4141 collocatum
855 4086 981 4153 fuit,
1009 4090 1137 4144 dum
1169 4090 1403 4149 interius
1428 4105 1643 4162 gvraret
1670 4105 1724 4148 et
1753 4097 1977 4151 subiens
2005 4098 2078 4150 al-

2194 4096 2276 4148 »ύκ
2318 4092 2584 4163 ἔκλειψιν,
2624 4090 2763 4143 ἀλλὰ
2791 4088 3114 4159 περιουσίαν
3141 4088 3320 4155 φωτὸς
3346 4084 3728 4156 ἀπεργάζεται·

499 4186 674 4230 terum
701 4177 1059 4232 obumbraret
1085 4196 1099 4245 ;
1135 4195 1231 4235 nec
1253 4197 1422 4236 unum
1453 4183 1677 4252 quidem
1707 4183 1817 4249 die,
1840 4183 2072 4238 alterum

2194 4187 2235 4240 δύ
2269 4186 2376 4255 γάρ
2413 4183 2440 4235 ὁ
2467 4183 2566 4254 μὲν
2595 4181 2707 4236 ἀνω
2748 4177 3059 4249 περιπολῶν
3088 4179 3174 4246 ἐφ’
3214 4178 3383 4246 ὕψους
3409 4177 3683 4247 ήδρασται,
3710 4169 3733 4219 ό

497 4275 658 4319 nocte
695 4267 873 4320 elucet
922 4275 983 4320 ut
1035 4283 1101 4324 ex
1135 4268 1369 4325 adverso
1422 4281 1693 4325 versatum
1733 4271 1788 4326 in
1834 4272 2075 4327 tenebris

2194 4277 2229 4328 ἰέ
2273 4273 2634 4342 ὑποϐέϐηκεν,
2676 4270 2742 4323 ἵν’
2781 4267 3028 4322 ὐτοελοὼν
3054 4268 3367 4338 ὑποσκιάσῃ
3410 4268 3499 4320 τὸν
3532 4265 3728 4332 ἕτερον’

496 4357 724 4421 incidat,
756 4373 938 4428 neque
968 4359 1119 4415 aliud
1153 4362 1378 4429 quidem
1411 4363 1635 4428 emittit,
1667 4372 1721 4416 et
1750 4363 1897 4417 aliud
1929 4365 2071 4419 reci-

2194 4366 2279 4419 ιύδ¹
2314 4367 2341 4418 6
2376 4364 2473 4434 μὲν
2504 4366 2742 4433 ἡμέρας,
2784 4364 2811 4414 ό
2839 4361 2895 4414 δὲ
2937 4360 3133 4422 νυκτὸς
3177 4360 3416 4428 ἡγεῖται,
3445 4358 3511 4411 ἶν’
3539 4352 3733 4425 ἐμπέσῃ

494 4454 573 4524 pit
610 4454 817 4520 lumen,
855 4455 931 4509 ita
963 4465 1021 4509 ut
1050 4469 1344 4526 utrumque
1369 4458 1805 4513 vicissitudinem
1833 4461 2071 4530 patiatur

2194 4460 2242 4527 τῇ
2278 4456 2406 4526 σκιᾷ
2432 4452 2768 4523 καταντικρὺ
2803 4451 3102 4521 φερόμενος
3125 4467 3138 4480 ·
3172 4450 3284 4503 οὐδ’
3327 4452 3355 4503 ό
3389 4450 3487 4519 μὲν
3519 4446 3731 4512 ἀνίησιν.

493 4546 605 4601 alio
637 4547 796 4602 aliter
827 4551 1032 4613 lumen,
1067 4551 1368 4619 accipiente
1398 4554 1698 4607 secundum
1736 4553 2070 4610 discriminis

2194 4545 2285 4600 .at
2320 4547 2604 4616 προσίεται
2640 4544 2702 4597 τδ
2733 4543 2848 4614 φῶς
2896 4542 3128 4605 ἐκεῖθεν,
3168 4541 3235 4595 tv‘
3280 4539 3530 4595 ἐντεῦθεν
3571 4536 3733 4602 πάσχῃ

494 4653 834 4706 mensuram,
863 4641 956 4697 sed
981 4641 1188 4697 Christi
1210 4642 1469 4711 perennis
1498 4642 1665 4699 fontis
1683 4645 1873 4701 aeterni
1903 4645 2068 4699 lumi-

2194 4638 2273 4708 τὴν
2302 4637 2590 4691 ἀλλοίωσιν
2610 4676 2625 4701 ,
2663 4635 2851 4689 ἄλλοτε
2881 4634 3057 4696 ἄλλως
3087 4633 3181 4687 τοῦ
3225 4624 3733 4721 φωτισμοῦτυγχάῐ

496 4731 584 4786 nis
628 4733 790 4787 ambo
824 4749 979 4804 mque
1030 4746 1316 4791 consortes
1352 4738 1558 4807 pariter
1610 4737 1897 4792 consecuti
1934 4743 2066 4811 sunt

2194 4747 2302 4794 νων,
2336 4729 2479 4781 κατά
2506 4729 2565 4779 τδ
2591 4727 2793 4797 μέτρον
2820 4726 2922 4793 τῆς
2956 4725 3291 4787 διαστάσεως
3315 4739 3329 4751 ·
3357 4722 3491 4775 ἀλλά
3518 4719 3731 4790 Χριστοῦ

494 4821 940 4876 excelsitudinem
966 4832 1019 4878 et
1046 4823 1273 4893 gloriam
1299 4837 1352 4879 et
1380 4825 1750 4894 splendorem.
1780 4827 1910 4880 Ideo
1940 4809 2064 4879 mn-

2194 4820 2265 4889 ’ῆς
2278 4819 2501 4873 ἀεννάου
2519 4818 2696 4887 πηγῆς
2716 4816 2806 4869 τοῦ
2828 4816 3000 4869 ἀϊδίου
3022 4814 3195 4884 φωτὸς
3209 4814 3379 4884 άμφω
3398 4809 3733 4884 μετασχόντες

493 4916 589 4963 tua
617 4909 810 4964 borum
847 4912 1163 4981 conjunctio
1193 4923 1276 4968 est
1311 4916 1581 4969 connexio
1607 4913 1875 4985 duplicem
1906 4913 2063 4967 emit-

2194 4910 2336 4982 [58
2380 4912 2597 4980 ἐπίσης,
2634 4910 2747 4963 ἴσον
2795 4909 3094 4979 ἐκτήσαντο
3141 4908 3236 4960 καὶ
3276 4907 3337 4959 τὸ
3366 4906 3496 4974 (illo;
3528 4901 3615 4955 καὶ
3646 4896 3729 4964 τήν

492 5008 610 5056 tens
644 5003 698 5055 in
729 5003 939 5058 animas
979 5003 1221 5058 ﬁdelium
1256 5005 1706 5062 illustrationem.

2194 5005 2329 5067 ῑόξαν
2358 5004 2451 5056 καὶ
2480 5004 2577 5069 τὴν
2615 5000 2998 5071 λαμπρότητα.
3034 4997 3124 5051 Διὸ
3153 4999 3244 5052 καὶ
3283 4993 3605 5067 ἀλληλουχία
3635 4988 3727 5086 et?!

2174 5094 2479 5164 φωστήρων
2503 5093 2706 5147 τούτων
2733 5094 2881 5145 ἐστὶν
2910 5094 2942 5161 ἡ
2981 5091 3221 5153 σύνοδος,
3252 5091 3371 5150 ταῖς
3401 5085 3509 5139 τῶν
3537 5090 3724 5134 πιστων

2166 5183 2362 5255 ψυχαῖς
2387 5182 2653 5236 διπλασίω
2677 5180 2990 5252 χορηγοῦσα
3013 5179 3111 5250 τὴν
3140 5178 3428 5247 ἔλλαμψιν.

561 5265 779 5322 Primus
825 5280 1004 5325 autem
1053 5283 1297 5342 apostata
1350 5277 1440 5345 qui
1496 5275 1733 5344 primum
1786 5275 2065 5329 hominem

491 5367 746 5427 apustare
775 5358 903 5414 fecit
923 5374 955 5414 a
984 5359 1111 5429 Deo,
1136 5363 1330 5418 videns
1357 5364 1507 5417 illum
1539 5363 1635 5432 qui
1668 5371 1887 5417 crearat
1917 5364 2068 5416 Ada-

491 5463 640 5502 mum
668 5459 876 5519 patrem
905 5454 1130 5507 humani
1161 5457 1380 5524 generis
1410 5471 1604 5511 rursus
1627 5471 1817 5510 creare
1844 5455 2062 5510 Petrum

486 5551 696 5608 patrem
724 5556 849 5597 vere
883 5544 1145 5610 lidelium,
1178 5561 1278 5600 nec
1310 5547 1443 5599 vidit
1479 5548 1664 5612 modo,
1705 5546 1796 5623 sed
1827 5557 1880 5601 et
1911 5547 2062 5601 illum

603 5718 623 5750 ‘
653 5717 764 5775 Jac.
810 5737 843 5780 ι.
889 5721 973 5776 l7.

2251 5274 2392 5327 Ἀλλ’
2425 5276 2453 5327 ό
2491 5273 2707 5344 πρῶτος
2751 5271 3089 5339 ἀποστάτης,
3123 5270 3219 5323 καὶ
3263 5269 3356 5321 τὸν
3394 5266 3602 5337 πρῶτον
3638 5256 3721 5312 ἄν·

2166 5366 2385 5437 Ορωπον
2416 5365 2730 5428 ἀποστήσας
2762 5361 2859 5414 τοῦ
2904 5361 3061 5425 Θεοῦ,
3092 5360 3307 5431 βλέπων
3345 5359 3447 5429 ἤδη
3480 5356 3568 5407 τὸν
3598 5346 3720 5402 πλά-

2166 5474 2332 5510 σαντα
2373 5458 2464 5509 τὸν
2523 5456 2697 5524 Ἀδάμ
2745 5453 2959 5522 πατέρα
3009 5454 3199 5522 γένους
3247 5452 3547 5521 ἀνθρώπων
3605 5441 3721 5492 άνα·

2171 5550 2474 5604 ιετλάττοντσ⁴
2506 5547 2709 5616 Πέτρον
2743 5544 2969 5617 ὕστερον
3015 5544 3225 5613 πατέρα
3263 5542 3355 5597 τοῦ
3414 5539 3587 5610 γένους
3624 5527 3718 5583 τῶν
