4014 6426
295 355 400 421 37

1611 343 1944 405 ΠΟΜῖῙιΙΑ
1982 345 2264 408 XXVIII.

3466 349 3572 416 358

297 469 465 530 ὅντως
486 465 779 530 θεοσεϐῶν,
803 463 897 519 καὶ
927 463 1024 534 οὐχ
1051 462 1190 533 ὀρῶν
1218 463 1402 534 μόνον,
1436 458 1571 513 ἀλλά
1596 463 1690 513 καὶ
1719 459 1887 513 ἁκούο-

2002 460 2202 514 ιιιιιὶνίι
2223 461 2290 514 ad
2316 459 2462 516 hunc
2489 460 2760 516 dicentem
2792 478 2805 515 :
2840 479 2859 512 ι
2900 460 2977 515 Tu
3011 476 3068 518 es
3091 460 3308 528 Petrus,
3333 472 3384 516 et
3409 478 3574 532 super

300 577 396 624 σας
422 561 586 616 αὑτοῦ
616 561 751 631 πρὸς
783 559 945 611 αὑτὸν
981 557 1228 619 εἰπόντος
1247 571 1260 586 ⁸
1297 574 1316 608 ι
1356 555 1427 607 Σὺ
1461 548 1511 606 εἴ
1539 553 1764 622 Πέτρος,
1788 552 1886 606 καὶ

297 654 390 704 ἐπὶ
434 651 608 723 ταύτῃ
658 653 723 721 τῇ
761 651 937 722 πέτρα
981 649 1322 718 οἰκοδομήσω
1371 663 1472 718 μου
1519 647 1617 716 τὴν
1661 644 1887 714 Ἐκκλη-

299 745 422 796 σῖαν
444 761 456 772 ο
495 764 511 793 1
545 740 703 795 τοῦτο
735 742 922 808 μαθὼν
950 745 976 795 0
1005 741 1312 811 ἀρχέκακος
1339 738 1656 806 αὐτοφθόνῳ
1689 737 1884 807 κακία,

299 837 393 887 καὶ
432 835 508 904 τῷ
549 835 835 906 ἀρχηγέτῃ
872 835 1065 904 Πέτρῳ
1112 831 1206 886 τοῦ
1235 832 1346 884 τῶν
1395 829 1662 891 θεοσεθῶν
1693 829 1886 897 γένους

298 929 620 1000 ἑπηρεάζει,
652 931 727 992 ῶς
757 928 851 982 καὶ
883 927 960 997 τῷ
991 928 1274 999 ἀρχηγέτῃ
1305 925 1400 979 τοῦ
1437 925 1545 978 τῶν
1577 923 1883 995 ἀνθρώπων

299 1022 494 1090 γένους
515 1021 685 1090 ’Δδὰμ
718 1020 868 1075 ποτέ.
895 1019 1063 1084 Εἰδὼς
1085 1021 1142 1074 δὲ
1165 1019 1352 1072 τοῦτον
1373 1019 1586 1072 συνέσει
1613 1031 1887 1085 κεκοσμη-

303 1113 489 1182 μένον,
535 1115 627 1164 καὶ
656 1114 722 1183 τῇ
765 1112 904 1180 πρὸς
943 1111 1178 1182 Χριστὸν
1221 1111 1413 1182 ἀγάπῃ
1462 1107 1883 1178 πεπυρωμένον,

298 1207 403 1274 τὴν
434 1206 530 1274 μὲν
564 1205 707 1258 κατὰ
749 1206 1040 1276 πρόσωπον
1081 1203 1142 1256 οὐ
1175 1204 1371 1275 θαρρεῖ
1404 1199 1732 1270 προσϐολὴν.
1769 1195 1885 1253 ἀλλ’

301 1293 416 1350 οἷον
448 1301 511 1351 ὲκ
551 1299 779 1365 πλαγίου
803 1338 818 1361 ,
853 1300 946 1351 καὶ
984 1298 1174 1351 τούτου
1206 1294 1298 1348 τοῦ
1331 1293 1531 1359 δεξιοῦ,
1565 1291 1746 1362 πολλῴ
1788 1293 1885 1346 σὺν

299 1392 442 1462 δόλῳ
477 1391 721 1443 κλέπτων
761 1390 944 1461 ᾀττειν
985 1387 1392 1459 παρασκευάζει
1430 1387 1618 1440 τοῦτον
1653 1385 1792 1456 ὑπὲρ
1825 1383 1886 1436 τὸ

299 1483 422 1534 δέον
441 1497 454 1512 ο
479 1484 568 1536 καὶ
596 1483 734 1535 κατὰ
758 1484 847 1535 τὸν
878 1483 1067 1552 καιρὸν
1097 1481 1190 1533 τοῦ
1221 1479 1490 1550 σωτηρίου
1527 1476 1757 1542 πάθους,
1785 1475 1880 1528 τοῦ

301 1575 511 1645 Κυρίου
554 1575 684 1647 πρδς
731 1576 856 1638 τοὺς
895 1574 1139 1645 μαθητάς
1188 1574 1468 1636 εἰπόντος·
1509 1591 1527 1623 ‹
1591 1570 1777 1641 Ταύτῃ
1815 1571 1881 1641 τῇ

299 1668 461 1719 νυκτ)⁵
497 1667 693 1729 πάντες
727 1665 1256 1736 σκανδαλισθήσεσθε
1289 1666 1347 1717 ἐν
1381 1662 1556 1735 ὲμοὶ,›
1593 1664 1753 1726 αὐτὸς
1783 1663 1884 1714 άν-

297 1759 519 1826 τέλεγεν
551 1759 814 1812 ἀπειθῶν.
845 1760 953 1812 Καὶ
982 1759 1043 1812 οὐ
1073 1757 1230 1811 τοῦτο
1262 1757 1422 1828 μόνον
1445 1797 1460 1822 ,
1499 1755 1635 1809 ἀλλά
1659 1754 1883 1808 καὶτῶν

301 1849 480 1904 ἄλλων
500 1851 686 1903 έαυτδν
722 1850 1051 1920 ὑπερετίθει,
1105 1851 1278 1917 λέγων
1302 1866 1316 1880 ·
1365 1868 1384 1900 ι
1418 1849 1539 1900 Κᾶν
1583 1849 1632 1900 εί
1681 1847 1881 1908 πάντες
1917 1837 1957 1892 Β

303 1941 869 2012 σκανδαλισθήσονται,
892 1942 1006 1995 ἀλλ’
1027 1942 1248 2009 οὐκὲγῶ
1263 1957 1276 1972 ·
1302 1959 1320 1992 1
1344 1939 1882 2009 ὲγκαταλιμπάνεται

301 2035 369 2106 δὴ
403 2035 598 2105 μᾶλλον
639 2035 747 2088 τῶν
778 2034 983 2097 ἄλλων,
1030 2032 1102 2096 ὡς
1138 2031 1230 2085 ὑπ’
1267 2030 1584 2094 ἀλαζονείας
1620 2030 1884 2097 κλαπεὶςζ

303 2127 396 2179 ἵνα
426 2129 516 2179 καὶ
549 2127 747 2196 μᾶλλον
770 2126 878 2179 τῶν
906 2125 1079 2179 ἀλλων
1111 2123 1495 2187 ταπεινωθεὶς,
1527 2122 1668 2177 κατὰ
1692 2123 1886 2191 καιρον

303 2221 554 2290 ἀναφανῇ
601 2217 999 2288 λαμπρότερος,
1036 2215 1134 2286 οὐχ
1171 2215 1247 2276 ὡς
1285 2215 1312 2266 ό
1356 2214 1530 2284 Ἀδάμ
1567 2213 1886 2285 πειρασθείς

301 2311 443 2382 ὁμοῦ
468 2329 522 2362 τε
545 2311 637 2363 καὶ
656 2310 922 2380 νικηθεὶς,
947 2313 1040 2363 καὶ
1065 2311 1144 2374 είς
1172 2310 1324 2372 τέλος
1351 2305 1718 2377 κατενεχθεὶς,
1749 2306 1887 2360 ἀλλὰ

304 2403 625 2474 πειρασθείς
659 2403 757 2473 μὲν
783 2403 879 2457 καὶ
913 2402 1256 2472 παρασυρεὶς
1305 2402 1522 2470 μικρὸν,
1566 2399 1797 2469 νικήσας
1831 2398 1887 2450 δὲ

305 2497 399 2550 τὸν
424 2497 766 2566 πειράζοντα.
798 2495 952 2562 Πῶ;;
985 2495 1063 2565 Τῇ
1087 2493 1282 2546 ἑαυτοῦ
1310 2494 1570 2564 πάραυτα
1604 2490 1888 2560 καταγνῶ-

307 2605 394 2640 σει
448 2587 542 2639 καὶ
590 2589 654 2657 τῇ
709 2587 913 2656 σφοδρᾷ
961 2585 1106 2658 λύπῃ
1165 2583 1258 2637 καὶ⁵
1320 2582 1600 2655 μετανοίᾳ,
1659 2581 1755 2635 καὶ
1810 2581 1888 2652 τῷ

303 2677 583 2749 δραστικῷ
635 2678 772 2749 πρὸς
833 2678 1058 2748 ἱλασμὸν
1116 2677 1394 2747 φαρμάκῳ
1445 2678 1558 2738 τοῖς
1616 2675 1883 2746 δάκρυσι·

312 2790 332 2824 ι
383 2773 626 2842 Καρδίαν
655 2771 783 2840 γάρ,
822 2771 976 2839 φησὶ,
1004 2769 1473 2839 συντετριμμένην
1508 2767 1600 2819 καὶ
1633 2783 1888 2820 τεταπει-

305 2867 559 2933 νωμένην
604 2864 630 2914 0
677 2862 807 2925 Θεὸς
858 2862 956 2915 οὐκ
1007 2859 1393 2925 ὲξουδενώτει·
1449 2877 1468 2908 1
1517 2859 1608 2911 καὶ
1666 2859 1696 2927 ή
1748 2859 1888 2912 κατὰ

1995 555 2136 608 hanc
2167 564 2374 624 petram
2425 555 2704 610 aedificabo
2756 555 3050 611 Ecclesiam
3109 558 3350 609 meam".
3392 573 3414 610 1
3455 555 3576 621 Quo

1995 647 2202 712 audito,
2233 648 2503 717 pessimus
2527 647 2615 702 ille
2642 663 2899 718 perversa
2928 649 3266 718 malignitate
3293 650 3459 703 Petro
3481 663 3578 704 su-

1994 753 2186 807 premo
2213 742 2427 808 generis
2460 739 2701 795 fidelium
2743 741 2905 811 capiti
2950 741 3243 795 insidiatur
3270 742 3417 796 sicut
3441 742 3570 794 olitn

1995 830 2210 886 Adamn
2241 847 2498 902 supremo
2533 834 2750 902 generis
2778 834 3004 888 humani
3037 834 3225 903 capiti.
3259 834 3417 888 hunc.
3444 849 3577 904 ergo

1995 925 2174 979 sciens
2231 924 2510 978 intellectu
2572 937 2826 979 ornatum
2879 926 3148 980 charitate
3201 934 3386 981 autem
3443 942 3574 996 erga

1993 1014 2272 1070 Christum
2319 1030 2569 1080 vacuum,
2619 1015 2819 1070 nonin
2871 1015 3064 1070 faciem
3119 1017 3286 1071 audet
3320 1018 3564 1086 aggredi,

1995 1106 2090 1162 sed
2118 1107 2276 1176 quasi
2302 1123 2367 1161 ex
2396 1109 2619 1176 obliquo
2641 1116 2694 1162 et
2720 1124 2748 1162 a
2777 1108 2984 1164 dextris
3023 1109 3193 1164 multa
3223 1125 3344 1163 cum
3382 1109 3578 1162 fraude

1995 1198 2271 1254 lacessens
2317 1209 2473 1268 nrget
2503 1200 2569 1253 ad
2615 1201 2934 1255 violandmn
2987 1201 3250 1255 cilicium.
3307 1200 3577 1269 Tempore

1995 1291 2264 1363 passionis
2291 1291 2590 1349 Salvatoris
2618 1309 2742 1348 eum
2765 1293 3050 1362 discipulis
3064 1294 3322 1347 dixisset:
3350 1312 3367 1344 ι
3390 1296 3440 1346 In
3470 1294 3577 1346 ista

1994 1397 2154 1443 nocte
2184 1403 2378 1443 omnes
2422 1404 2514 1443 vos
2541 1389 2858 1444 scandalum
2879 1389 3159 1458 patiemini
3184 1388 3236 1440 in
3266 1402 3373 1452 me,
3409 1406 3427 1440 1
3458 1387 3575 1455 ipse.

1994 1481 2324 1536 contradixit
2358 1482 2700 1549 incredulus,
2741 1495 2839 1536 nec
2868 1482 3041 1536 solum
3073 1481 3428 1544 contradixit,
3477 1479 3571 1533 sed

1993 1583 2047 1628 et
2077 1573 2199 1628 aliis
2223 1576 2461 1643 seipsum
2489 1575 2730 1643 praetulit
2751 1574 2943 1630 dicens
2970 1591 2984 1628 :
3019 1592 3035 1624 ι
3063 1572 3176 1628 Etsi
3201 1587 3392 1627 omnes
3420 1587 3579 1627 scan-

1993 1666 2216 1721 dalizati
2269 1666 2474 1722 fuerint
2503 1668 2556 1720 in
2595 1675 2669 1731 te,
2714 1681 2816 1737 ego
2900 1683 3178 1735 nunquam
3230 1667 3576 1721 scandaliza-

1994 1760 2179 1814 bor”.
2219 1780 2237 1811 1
2265 1760 2402 1814 Aliis
2437 1761 2794 1827 semetipsum
2821 1761 3109 1828 anteponit
3142 1759 3298 1829 quasi
3322 1774 3458 1813 vana
3489 1760 3577 1814 sui

1993 1851 2137 1906 ictus
2193 1853 2394 1907 fiducia
2427 1864 2487 1907 ut
2519 1853 2691 1924 magis
2735 1853 2858 1907 aliis
2883 1853 3222 1917 humiliatus,
3250 1855 3303 1906 in
3334 1860 3578 1922 tempore

1993 1953 2183 2014 surgat
2207 1945 2378 2014 magis
2403 1947 2746 2016 perSpicuus,
2773 1962 2882 2000 non
2910 1955 3167 2015 tanquam
3193 1945 3364 1998 Adam
3395 1954 3573 1998 tenta-

1995 2043 2087 2089 tus
2119 2037 2279 2090 simul
2320 2047 2374 2090 et
2426 2046 2723 2106 superatus
2757 2047 2812 2092 ct
2854 2039 2908 2092 in
2945 2040 3105 2092 linem
3158 2048 3442 2106 enecatus,
3479 2037 3574 2092 sed

1995 2132 2237 2181 tentatus
2296 2127 2516 2196 quidem
2568 2137 2621 2182 et
2666 2129 2812 2181 brevi
2851 2139 3098 2197 tempore
3133 2128 3402 2192 devictus,
3451 2144 3577 2182 mox

1995 2227 2176 2271 autem
2205 2219 2271 2272 de
2315 2227 2584 2274 tentatore
2617 2220 2988 2290 triumphans.
3025 2219 3356 2285 Quomodo?
3390 2217 3578 2288 Suiip-

1991 2311 2109 2365 sius
2146 2310 2505 2376 conscientia,
2556 2312 2750 2366 acerba
2802 2311 3026 2365 tristitia
3055 2319 3110 2365 et
3162 2311 3479 2380 paenitentia
3524 2319 3578 2363 et

1991 2398 2274 2470 lacrymis,
2305 2399 2502 2454 ialoneo
2547 2401 2612 2456 ad
2667 2401 3114 2472 propitiationem
3171 2401 3410 2456 remedio
3447 2421 3462 2454 :
3499 2401 3577 2455 ait

1990 2494 2134 2544 enim
2173 2489 2467 2546 Psalmista
2510 2509 2524 2544 :
2581 2511 2600 2545 ι
2632 2491 2738 2547 Cor
2788 2493 3085 2548 contritum
3119 2501 3173 2547 ct
3223 2491 3574 2546 humiliatutn

1995 2580 2138 2637 Deus
2167 2597 2276 2636 non
2315 2583 2580 2654 despiciet
2610 2586 2674 2637 η.
2717 2603 2734 2637 1
2781 2583 2846 2638 Et
2884 2599 3013 2640 vero
3057 2587 3278 2640 tristitia
3321 2601 3442 2654 quae
3495 2593 3582 2639 est

1991 2675 2293 2728 secundum
2341 2675 2508 2729 Deum
2540 2675 2915 2745 paenitentiam
2945 2678 3010 2730 ad
3048 2677 3280 2730 salutem
3324 2677 3576 2731 stabilem

1993 2775 2288 2834 operatur;
2323 2779 2375 2822 et
2404 2767 2496 2837 qui
2529 2768 2762 2822 seminat
2805 2769 2856 2821 in
2887 2769 3144 2840 iacrymis
3170 2769 3471 2822 orationem
3522 2768 3577 2822 in

1997 2859 2367 2914 exsultatione
2401 2868 2568 2914 metet
2597 2860 3000 2916 remis-ionem.

304 2958 441 3009 θεὸν
489 2956 632 3026 λύπη
688 2955 980 3024 μετάνοιαν
1035 2952 1450 3023 ἀμεταμέλητον
1503 2950 1878 3020 ἀπεργάζεται
1919 2950 2056 3022 πρὸς
2089 2951 2401 3022 σωτηρίανο
2436 2953 2530 3007 καὶ
2562 2953 2590 3006 0
2625 2953 2866 3036 σπείρων
2903 2955 2959 3008 ἐν
2987 2953 3217 3025 δάκρυσι
3281 2954 3379 3026 τὴν
3461 2955 3578 3008 lx:-

309 3045 434 3098 σίαν
467 3045 524 3096 ἐν
551 3043 864 3112 ἀγαλλιάσει
891 3043 1062 3114 θεριεῖ
1089 3043 1186 3111 τὴν
1214 3041 1428 3112 ἄφεσιν.

381 3137 513 3191 Ἱδοι
546 3135 589 3189 δ’
613 3136 676 3190 ἀν
709 3153 792 3196 τις
819 3135 980 3189 αὐτὸν
1012 3134 1275 3199 ἐξετάσας
1309 3135 1369 3188 οὐ
1407 3135 1568 3206 μόνον
1595 3135 1694 3206 τὴν
1719 3136 1885 3205 ἄρνηε
1919 3137 1963 3199 C

309 3249 395 3284 σιν
455 3232 536 3294 είς
579 3229 646 3300 ἣν
701 3227 988 3300 παρεσύρη
1032 3229 1122 3281 διὰ
1166 3229 1263 3298 τῆς
1318 3229 1604 3298 μετανοίας
1649 3229 1743 3280 καὶ
1796 3227 1890 3280 τοῦ

311 3321 622 3377 κατωδύνου
670 3321 897 3384 πένθους
929 3322 1126 3383 ἱκανῶς
1165 3322 1480 3391 ἰασάμενον,
1527 3321 1663 3373 ἀλλὰ
1707 3322 1801 3373 καὶ
1833 3320 1894 3373 τὸ

313 3414 488 3477 πάθος
521 3412 587 3465 δι’
619 3413 646 3466 0
679 3398 878 3483 μᾶλλον
920 3413 1027 3466 τῶν
1061 3413 1236 3467 ἄλλων
1262 3412 1686 3482 ἐγκατελείφθη,
1717 3411 1893 3483 πρόρ-

315 3507 463 3577 ριζον
483 3506 582 3571 τῆς
612 3506 815 3568 οἰκείας
844 3505 1019 3576 ψυχῆς
1050 3505 1461 3559 ἁνασπᾶσαντα.
1489 3506 1598 3558 Καὶ
1626 3504 1784 3557 τοῦτο
1810 3503 1896 3556 θέ-

315 3598 426 3649 λων
454 3595 623 3662 δεῖξαι
646 3598 758 3659 τοῖς
795 3597 962 3649 πᾶσιν
989 3599 1015 3649 0
1045 3595 1272 3666 Κύριος,
1308 3597 1446 3666 μετά
1474 3596 1534 3648 τὸ
1564 3597 1650 3649 διὰ
1691 3597 1895 3665 σαρκὸς

323 3690 456 3757 ὑπὲρ
478 3689 634 3758 ἡμῶν
663 3689 827 3742 αὐτοῦ
856 3687 1048 3752 πάθος,
1085 3689 1180 3741 καὶ
1203 3690 1302 3758 τὴν
1333 3689 1397 3741 ὲκ
1432 3690 1641 3758 νεκρῶν
1667 3690 1897 3759 τριήμε-

339 3797 425 3848 ρον
445 3781 674 3850 ἱγερσιν,
706 3782 826 3841 ταῖς
852 3781 946 3832 νῦν
979 3780 1422 3850 ὰνεγνωσμέναις
1448 3781 1504 3832 ἐν
1533 3780 1607 3849 τῷ
1643 3779 1897 3848 Εὗαγγε-

334 3874 430 3944 λίῳ
453 3878 642 3943 φωναῖς
677 3875 814 3943 πρὸς
848 3876 939 3928 τὸν
983 3875 1188 3945 Πέτρον
1225 3877 1518 3944 ἐχρήσατο,
1551 3873 1726 3940 λέγων
1761 3875 1898 3944 προς

327 3967 392 4020 αὐ
405 3969 510 4020 τόν·
533 3968 741 4037 «Σίμων
758 3967 930 4030 Ίωνᾶ,
957 3967 1176 4037 ἀγαπᾷς
1201 3983 1268 4036 με
1297 3968 1481 4020 πλεῖον
1500 3966 1721 4032 τούτωνς
1747 3983 1765 4015 1
1792 3966 1897 4018 τῶν

323 4061 470 4130 ἐμῶν
498 4061 738 4130 δηλονότι
775 4060 1032 4131 μαθητῶν
1058 4077 1073 4126 ;
1106 4061 1210 4112 Τοῦ
1242 4061 1296 4113 02-:
1327 4063 1428 4129 ὅρα
1463 4060 1560 4131 τὴν
1589 4062 1682 4112 ἐπὶ
1714 4059 1774 4112 τὸ
1805 4077 1898 4112 τα-

321 4153 632 4223 πεινότερον
677 4151 1018 4222 μεταϐολήν·
1063 4155 1090 4205 0
1123 4152 1230 4222 γάρ
1281 4154 1374 4205 καὶ
1419 4153 1494 4221 μὴ
1546 4153 1900 4221 ἐρωτώμενος

319 4237 534 4316 πρώην,
586 4245 896 4316 ὑπερτιθεὶς
935 4245 1044 4297 τῶν
1072 4245 1246 4299 ἄλλων
1299 4245 1514 4309 ἑαυτὸν,
1548 4245 1641 4296 καὶ
1682 4243 1857 4312 λέγων
1881 4260 1896 4274 ·

319 4342 443 4394 Κᾶν
473 4341 691 4403 πάντες,
728 4339 839 4392 ἀλλ’
867 4339 966 4392 οὐκ
998 4337 1129 4406 ἐγὼ,
1165 4338 1258 4390 νῦν
1292 4338 1645 4407 ἐρωτώμενος
1669 4339 1716 4390 εἰ
1737 4336 1900 4388 πλέον

316 4433 428 4484 τῶν
468 4432 640 4486 ἄλλων
669 4432 878 4502 ἀγαπᾷ,
917 4430 978 4483 τὸ
1030 4431 1128 4500 μὲν
1160 4431 1386 4500 ἀγαπᾷν
1438 4432 1695 4494 συναινεῖ,
1746 4429 1806 4481 τὸ
1844 4427 1900 4479 δὲ

320 4527 483 4580 πλέον
520 4525 732 4595 ἀφίησι,
771 4524 986 4591 λέγων·
1041 4540 1061 4573 ι
1105 4520 1231 4587 Ναὶ,
1273 4521 1467 4591 Κύριε,
1515 4523 1578 4573 σὺ
1629 4520 1776 4582 οἶδας
1819 4520 1902 4572 ὅτι

321 4620 466 4689 φιλῶ
494 4635 576 4673 σε.
615 4637 633 4669 1
675 4619 738 4671 Τί
767 4613 858 4671 οὖν
903 4619 928 4668 ὁ
977 4614 1214 4685 Κύριος;
1259 4613 1478 4683 Ἐπειδὴ
1515 4613 1705 4665 τοῦτον
1735 4613 1907 4679 ἔδειξε

323 4713 464 4781 μήτε
514 4711 612 4779 τῆς
653 4711 789 4778 1:93;
839 4707 1000 4762 αὐτὸν
1046 4707 1267 4776 ἀγάπης
1301 4705 1625 4768 ἐκπεσόντα,
1666 4704 1758 4756 καὶ
1807 4705 1905 4775 τὴν

318 4803 648 4856 ταπείνωσιν
675 4801 1137 4872 προσλαϐόμενον,
1163 4798 1363 4867 πληροῖ
1393 4797 1676 4867 παρρησία
1711 4793 1807 4864 τὴν
1839 4797 1905 4847 ὲκ

318 4893 521 4947 πολλοῦ
559 4893 694 4964 πρὸς
730 4893 916 4946 τοῦτον
952 4891 1310 4960 ἐπαγγελίαν,
1344 4887 1437 4942 καί
1472 4904 1607 4958 φησι
1638 4887 1775 4957 πρὸς
1805 4887 1900 4939 αὖ·

321 4988 439 5038 τόν·
471 5005 489 5035 ‹
524 4984 784 5051 Ποίμαινε
814 4984 882 5035 τὰ
910 4981 1070 5047 ἀρνία
1101 4998 1202 5050 μου
1227 4995 1239 5008 ·
1281 4998 1298 5030 1
1339 4980 1468 5031 ὅταν
1501 4977 1600 5048 μὲν
1627 4975 1737 5046 γάρ
1763 4975 1906 5027 οἱκο-

321 5077 494 5148 δομὴν
518 5076 656 5146 καλῇ
691 5075 787 5145 τὴν
806 5072 914 5128 τῶν
938 5075 1017 5138 είς
1036 5073 1196 5126 αὑτὸν
1223 5071 1586 5124 πιστευόντων
1619 5069 1905 5140 συλλογὴν,

325 5170 574 5240 θεμέλιον
598 5169 761 5222 αὑτὸν
788 5169 975 5238 θήσειν
998 5163 1394 5233 ἐπαγγέλλεται
1415 5180 1428 5194 ο
1456 5181 1473 5213 ι
1514 5164 1583 5214 Σὺ
1608 5154 1680 5226 εἴ,
1712 5160 1906 5228 λέγων,

325 5263 568 5332 Πέτρος,
604 5262 700 5314 καὶ
745 5261 837 5312 ἐπὶ
879 5258 1052 5328 ταύτῃ
1104 5259 1170 5327 τῇ
1215 5255 1392 5326 πέτρα
1428 5252 1772 5323 οἰκοδομήσω
1808 5268 1910 5320 μου

323 5357 423 5424 τὴν
465 5354 814 5423 Ἐκκλησίαν.
849 5371 868 5403 1
907 5351 1076 5402 Ὅταν
1111 5349 1169 5402 δὲ
1203 5350 1332 5417 περὶ
1367 5347 1553 5408 ἁλείας
1592 5346 1620 5397 0
1663 5345 1818 5411 λόγος
1853 5339 1911 5417 ᾗ,

325 5450 481 5503 ἁλιέα
510 5446 698 5499 τοῦτον
737 5443 1040 5514 ἀνθρώπων
1065 5445 1246 5494 ποιεῖ’
1283 5459 1302 5492 ι
1351 5439 1484 5492 Ἀπὸ
1517 5437 1610 5490 τοῦ
1665 5436 1794 5500 νῦν,
1827 5437 1915 5489 λέ-

325 5558 456 5608 γων,
484 5536 804 5606 ἀνθρώπους
829 5534 927 5604 ἔσῃ
946 5533 1173 5600 ζωγρῶν
1192 5546 1206 5560 ⁸
1234 5550 1252 5582 1
1276 5531 1404 5583 ὅταν
1435 5527 1490 5580 δὲ
1514 5527 1764 5596 πρόϐατα
1785 5528 1912 5589 τοὺς

2077 3132 2299 3186 Vidcret
2329 3131 2452 3204 quis
2481 3148 2604 3187 eum
2641 3133 2990 3204 conspiciens
3028 3149 3136 3190 non
3175 3144 3384 3190 tantum
3420 3151 3582 3207 nega-

2000 3226 2201 3281 tionem
2237 3227 2289 3280 in
2318 3230 2482 3297 quam
2516 3237 2808 3296 superatus
2835 3228 3058 3298 illapsus
3101 3237 3240 3292 erat,
3276 3246 3371 3299 per
3411 3231 3585 3299 pumi-

1998 3324 2222 3376 tentiam
2265 3323 2695 3393 dolorosnmquc
2725 3339 3016 3378 mmrorem
3055 3323 3389 3378 sufiicicntcr
3415 3341 3582 3379 sana-

1997 3416 2169 3478 vissc,
2215 3414 2309 3469 scd
2359 3417 2522 3469 etiam
2553 3415 2880 3485 arrogantiae
2928 3416 3117 3469 vitium
3156 3431 3262 3486 quo
3307 3431 3428 3472 sese
3462 3418 3583 3472 aliis

1999 3507 2333 3576 prtetulcrat,
2367 3507 2525 3575 longe
2573 3507 2640 3559 ab
2670 3508 2849 3560 anima
2900 3509 3196 3561 amovisse.
3251 3507 3404 3572 Quod
3455 3522 3580 3562 cum

2002 3599 2268 3654 Dominus
2317 3599 2479 3653 vellet
2528 3599 2782 3652 omnibus
2829 3598 3144 3662 ostendere,
3189 3609 3476 3669 postquam
3529 3601 3584 3654 in

1999 3707 2167 3746 carne
2199 3707 2296 3761 pro
2329 3692 2486 3746 nobis
2518 3707 2716 3759 passus
2747 3691 2948 3744 fuisset
2977 3700 3030 3745 et
3063 3692 3220 3745 tertia
3254 3692 3342 3745 die
3375 3708 3402 3744 a
3440 3708 3581 3746 mor-

2002 3784 2110 3836 tuis
2142 3781 2559 3844 rcsurrexisset,
2603 3780 2761 3833 hodie
2798 3780 2980 3834 relatis
3021 3781 3072 3833 in
3115 3780 3406 3850 Evangelio
3435 3780 3584 3835 voci-

2001 3879 2104 3931 bus
2143 3874 2210 3928 ad
2254 3874 2470 3928 Petrum
2505 3889 2638 3928 usus
2668 3883 2772 3937 est,
2806 3875 2995 3928 dicens
3026 3874 3090 3928 ad
3129 3890 3253 3928 eum
3285 3890 3299 3926 :
3333 3891 3352 3926 ι
3389 3874 3581 3930 Simon

1999 3965 2246 4032 Joannis,
2265 3982 2416 4023 amas
2442 3982 2526 4022 me
2549 3968 2669 4035 plus
2691 3967 2774 4020 his
2797 3966 2846 4020 ?1
2878 3968 3013 4023 meis
3036 3967 3242 4022 scilicet
3261 3968 3586 4037 discipulis?

2003 4061 2179 4132 Hujus
2211 4071 2394 4116 autem
2439 4062 2685 4132 perspice
2722 4061 2788 4114 ad
2851 4061 3226 4114 humilitatem
3267 4060 3588 4114 conversio-

2003 4170 2151 4210 nem.
2184 4153 2346 4208 Prius
2375 4155 2518 4208 euim
2549 4155 2651 4209 etsi
2688 4169 2796 4208 non
2826 4154 3197 4221 interrogatus
3231 4153 3586 4223 semetipsum

2004 4247 2215 4301 cancris
2269 4255 2668 4314 anteposuerat
2719 4247 2967 4300 dicens:
3016 4265 3034 4298 ι
3072 4247 3182 4301 Etsi
3235 4261 3450 4310 omnes,
3491 4247 3588 4301 sed

2005 4351 2114 4390 non
2138 4351 2256 4404 ego,
2272 4355 2290 4388 1
2316 4353 2459 4390 nunc
2476 4337 2838 4405 interrogatus
2860 4353 2926 4389 an
2951 4337 3071 4405 plus
3093 4338 3212 4391 aliis
3234 4347 3590 4407 amet,qnan-

2010 4437 2124 4483 tum
2161 4429 2224 4482 ad
2263 4442 2503 4481 amorem
2537 4429 2858 4491 assentitur,
2895 4429 3025 4481 illud
3068 4443 3193 4483 vero
3217 4429 3340 4497 plus
3377 4429 3587 4483 omittit

2014 4521 2201 4575 dicens
2235 4539 2248 4574 :
2298 4538 2316 4570 ι
2355 4521 2551 4586 Etiam,
2581 4520 2833 4583 Domine,
2876 4529 2930 4574 tu
2965 4521 3075 4576 scis
3126 4522 3254 4590 quia
3285 4537 3410 4574 amo
3467 4533 3536 4575 te.
3565 4539 3584 4572 1

2012 4613 2154 4680 Quid
2186 4627 2314 4683 ergo
2346 4611 2658 4664 Dominus?
2685 4609 2843 4665 Nunc
2863 4628 2986 4666 cum
3020 4614 3345 4666 monstravit
3369 4611 3590 4666 Petrum

2013 4719 2122 4758 non
2145 4718 2174 4756 a
2208 4703 2475 4758 charitate
2501 4718 2626 4772 erga
2655 4703 2807 4756 illum
2843 4703 3116 4758 excidisse
3149 4714 3202 4758 et
3228 4704 3590 4758 humilitatem

2010 4797 2358 4865 concepisse,
2385 4805 2570 4864 aperte
2608 4796 2794 4864 implet
2822 4795 3094 4866 quodjam
3121 4797 3331 4866 pridem
3368 4797 3432 4850 ad
3468 4813 3594 4852 eum

2009 4888 2376 4950 nuntiaverat,
2395 4895 2448 4940 et
2473 4889 2548 4942 ait
2576 4888 2650 4940 illi
2681 4907 2691 4941 :
2726 4887 2924 4943 cPasce
2940 4903 3111 4958 agnos
3138 4905 3309 4944 meos.
3333 4907 3351 4936 ι
3375 4889 3428 4943 Si
3448 4889 3594 4944 enim

2016 4980 2430 5036 aedificationem
2457 4989 2616 5034 vocat
2638 4981 3016 5036 collectionem
3052 4982 3391 5036 credentium
3425 4982 3477 5034 in
3513 4983 3596 5050 ip-

2018 5088 2162 5138 sum,
2198 5072 2620 5127 fundamentum
2656 5074 2809 5127 illum
2865 5075 3136 5144 promittit
3173 5091 3230 5129 se
3267 5074 3595 5142 positurum.

2017 5163 2073 5218 Si
2105 5162 2172 5216 de
2225 5163 2527 5231 piscatione
2565 5163 2634 5218 sit
2687 5178 2892 5228 sermo,
2929 5165 3258 5233 piscatorem
3309 5159 3595 5213 hominum

2022 5254 2172 5308 illum
2191 5254 2317 5308 facit
2335 5254 2522 5308 dicens
2543 5272 2556 5308 :
2576 5255 2681 5307 «Ex
2707 5270 2853 5309 nunc
2869 5255 2976 5307 eris
2996 5253 3278 5308 hominum
3305 5253 3558 5320 piscator.
3576 5266 3594 5300 1

2025 5345 2081 5398 Si
2131 5361 2262 5400 vero
2313 5362 2446 5401 suos
2502 5363 2716 5416 gregem
2768 5346 3033 5412 nominat,
3071 5357 3339 5414 pastorem
3376 5341 3596 5395 Petrum

2029 5437 2269 5506 prmfccit
2305 5457 2318 5491 :
2348 5458 2365 5489 ι
2401 5437 2592 5503 Pasce,
2629 5439 2825 5509 inquit,
2861 5453 3030 5506 agnos
3075 5452 3245 5500 meos,
3273 5449 3436 5504 pasce
3472 5447 3604 5488 oves

2023 5545 2172 5583 meas
2206 5530 2270 5584 ¹¹.
2311 5548 2329 5580 1

326 5633 518 5689 ἑαυτοῦ
574 5627 734 5699 159
781 5630 928 5696 ποιῇ,
982 5624 1152 5694 νομέα
1216 5625 1323 5690 τὸν¹
1361 5623 1564 5691 Πέτρον
1613 5621 1901 5690 ἐφίστησι,
1953 5635 1972 5670 ι
2011 5620 2298 5691 Ποίμαινε,
2331 5623 2527 5690 λέγων,
2563 5622 2630 5675 τά
2663 5621 2825 5692 ἀρνία.
2857 5637 2980 5691 μου,
3025 5619 3276 5689 ποίμαινε
3346 5618 3413 5671 τὰ
3471 5614 3605 5688 πρό·

329 5728 466 5782 ϐατά
496 5743 621 5796 μου.
663 5741 680 5773 1

458 5853 477 5881 ’
510 5845 698 5900 Malth.
735 5856 841 5908 tm,
877 5839 957 5892 lS.
1054 5841 1093 5870 ¹⁰
1123 5839 1319 5893 Matth.
1358 5851 1512 5904 XXVI,
1538 5835 1628 5890 5'5.

1715 5835 1753 5866 η
1789 5833 1936 5889 Ρεςει.
1974 5849 2026 5901 ι,
2069 5833 2148 5888 t9.

2230 5832 2272 5861 ”
2304 5828 2462 5884 Joau.
2511 5844 2626 5898 λυ,
2678 5828 2735 5883 i5
2765 5843 2918 5898 seqq.
