4014 6480
174 447 275 517 361

1433 424 1766 487 HOMILIA
1808 420 2085 482 XXVIII.

3322 410 3428 474 362

150 562 155 571 “
180 582 273 618 του
308 556 601 631 καρτερίαν
630 554 725 609 καὶ
748 551 981 624 μετρίως
1015 543 1367 615 παραστῆσαι
1389 538 1746 631 δυνήσονται;

1872 547 1962 602 lue
2007 533 2073 586 ad
2127 538 2358 586 mortem
2392 528 2691 599 composite
2721 538 2942 596 possent
2986 526 3297 596 explanare,
3331 526 3429 597 qui

187 657 280 718 Ὃς
306 627 627 720 καθημέραν
659 642 727 717 ἦν
746 642 1126 710 ἀποθνήσκων,
1155 635 1353 706 μᾶλλον
1374 632 1428 685 δὲ
1458 632 1543 683 ἀεὶ
1564 627 1753 693 τεθνη-

177 748 287 809 κὼς
323 743 569 803 διετέλει,
605 738 715 802 ζῶν
755 735 916 797 αὐτὸς
945 732 1154 795 οὐκέτι,
1191 725 1443 793 καθάπερ
1468 720 1623 782 αὑτός
1650 735 1753 786 φη-

181 856 290 898 σιν.
330 837 463 890 ἀλλὰ
490 835 670 899 ζῶντα
701 830 840 900 ἔχων
871 831 929 880 έν
957 823 1136 891 ἑαυτῷ
1165 821 1256 872 τὸν
1286 815 1541 887 Χριστόν.
1581 812 1755 879 ’Υπὲρ

174 930 235 983 δὲ
283 929 383 997 τῆς
423 926 637 995 ἀγάπης
674 921 767 973 τοῦ
802 915 1038 990 Χριστοῦ
1079 915 1153 982 μὴ
1197 910 1357 980 μόνον
1404 908 1471 959 τὰ
1514 903 1756 997 παρόντα

180 993 428 1074 σκύϐαλα
458 993 701 1086 ἡγήσατο
728 1011 929 1071 πάντα,
957 1005 1092 1059 ἀλλὰ
1120 1004 1213 1055 καὶ
1242 1000 1313 1051 τὰ
1342 998 1607 1068 μέλλοντα
1636 993 1756 1045 δεύ-

136 1130 139 1131 '
186 1130 316 1183 τερα
355 1110 561 1163 τίθεται
606 1103 912 1175 συγκρίνων
953 1099 1087 1167 πρὸς
1129 1095 1328 1148 αὐτόν’
1370 1108 1390 1141 t
1443 1088 1756 1154 Πὲπεισμαι

182 1176 312 1273 γάρ,
347 1200 531 1270 φησὶν,
564 1198 638 1260 ὡς
666 1197 790 1249 οὒτε
828 1192 1077 1251 θάνατος,
1114 1185 1238 1238 οὔτε
1279 1182 1444 1273 ζωὴ,Δ
1472 1176 1624 1273 οὕτε.
1641 1178 1757 1273 ἐνε-

185 1267 393 1354 στώτα,
411 1267 547 1343 -οῦτε
574 1288 860 1358 μέλλοντα,
884 1281 1008 1335 οὔτε
1033 1279 1254 1347 ὕψωμα,
1276 1274 1399 1325 οῦτε
1424 1270 1583 1340 βάθος
1601 1267 1758 1335 δυνή-

183 1402 337 1440 σεται
360 1384 501 1455 ἡμᾶς
530 1381 759 1451 χωρίσαι
789 1380 888 1446 τῆς
911 1376 1130 1443 ἀγάπης
1152 1369 1249 1423 τοῦ
1468 1360 1629 1455 Θεοῦ,
1658 1361 1755 1455 τῆς

182 1481 243 1531 ιν
284 1450 504 1546 Χρίᾷτῷ
543 1450 776 1542 Ἰησοῦ.»
808 1466 977 1538 Ζῆλον
1005 1465 1061 1517 δὲ
1090 1458 1203 1532 εῖχε
1242 1457 1403 1520 Θεοῦ,
1431 1451 1629 1546 ώςξκαὶ
1658 1450 1757 1546 tu:

179 1567 309 1621 λοῦν
337 1537 503 1633 ’ἡμᾶς
550 1537 686 1614 Θεοῦ
726 1537 894 1627 ζήλῳ,
952 1554 1066 1607 Καὶ
1108 1553 1216 1605 τίνι
1256 1548 1366 1602 τῶν
1411 1544 1689 1602 ἁπάντων,

183 1661 335 1729 μόνῳ
365 1631 553 1726 Πέτρῳ
578 1650 972 1722 παραχωρήσει
1000 1646 1106 1698 τῶν
1134 1644 1265 1697 ἴσων
1290 1658 1306 1708 ;
1340 1640 1454 1707 Τὴν
1483 1637 1540 1729 δε
1569 1631 1760 1729 ταπεί-

178 1727 347 1805 νωσιν
374 1743 505 1813 οἶος,
532 1744 699 1799 αὑτοῦ
734 1742 894 1795 πάλιν
926 1740 1160 1795 ἄκουσον
1187 1734 1317 1804 περὶ
1351 1728 1547 1784 ἑαυτοῦ
1575 1727 1767 1794 λέγον-

183 1860 279 1905 τος
305 1858 321 1872 ·
361 1859 380 1892 ι
402 1838 542 1907 Ἐγώ
576 1838 691 1905 εἰμι
722 1838 749 1887 ό
776 1835 1056 1903 ἐλάχιστος
1082 1827 1192 1883 τῶν
1230 1824 1567 1889 ἀποστόλων,
1588 1821 1644 1883 ὃς
1660 1821 1758 1872 οὐκ

182 1935 307 2005 εἰμί
339 1932 521 1994 ἱκανὸς
558 1921 1211 1984 καλεῖσθαιάπόστολος.»
1246 1918 1311 1970 Τί
1337 1915 1430 1969 οῦν
1464 1914 1758 2005 ἐπειδήπερ

181 2030 215 2081 ὁ
250 2004 424 2087 αὐτός
454 2025 568 2076 ἐστι
612 2019 689 2089 τῷ
736 2019 924 2086 Πέτρῳ
968 2016 1066 2085 τὴν
1099 2010 1412 2081 ὁμολογίαν,
1442 2006 1532 2059 τὸν
1565 2004 1724 2074 ζῆλον
1745 2042 1759 2067 ,

187 2122 294 2187 τὴν
322 2116 671 2176 ταπείνωσιν,
706 2112 804 2179 τὴν
842 2108 1086 2177 ἀγάπην,
1123 2100 1212 2173 ἆρ’
1243 2103 1365 2171 οὐχὶ
1394 2100 1488 2152 καὶ
1522 2096 1631 2148 τῶν
1660 2096 1758 2147 αὐ-

183 2214 302 2264 τῶν
342 2211 529 2276 ἔτυχεν
556 2204 807 2258 ἐπάθλων
840 2202 991 2269 παρὰ
1018 2196 1114 2251 τοῦ
1152 2196 1331 2248 πάντα
1380 2194 1439 2245 έν
1472 2188 1621 2257 ζυγῷ
1665 2189 1763 2239 καὶ

183 2300 375 2369 μέτρῳ
414 2298 505 2348 καὶ
540 2291 764 2360 σταθμῷ
802 2289 1040 2350 τιθέντος
1084 2287 1450 2353 δικαιοτατῳ;
1499 2280 1609 2333 Καὶ
1642 2279 1761 2369 πῶς

178 2365 249 2442 ἂν
282 2365 398 2457 ἔχοι
440 2386 635 2451 λόγον;
664 2386 762 2433 Διὰ
794 2380 952 2432 τοῦτο
983 2378 1175 2446 Πέτρῳ
1212 2375 1313 2444 μέν
1339 2388 1505 2442 φησι·
1548 2389 1567 2422 ι
1605 2371 1677 2423 Σὺ
1713 2365 1762 2421 εἰ

179 2482 416 2548 Πέτρος,
453 2482 545 2529 καὶ
594 2476 686 2527 ἐπὶ
731 2471 906 2542 ταύτῃ
948 2471 1015 2539 τῇ
1057 2470 1232 2538 πέτρᾳ
1275 2464 1616 2534 οἰκοδομήσω
1658 2478 1760 2532 μου

181 2576 287 2639 τὴν
328 2567 654 2636 Ἐκκλησίαν
677 2580 690 2594 ·
732 2582 750 2614 ι
781 2564 909 2631 περὶ
937 2560 991 2613 δὲ
1023 2558 1235 2612 Παύλου
1263 2557 1317 2609 τί
1348 2572 1481 2626 φησι
1512 2555 1647 2622 πρὸς
1672 2556 1763 2606 τὸν

179 2663 485 2726 Ἀνανίανς
538 2677 557 2710 ι
610 2657 811 2720 Σκεῦος
857 2650 1011 2716 οὗτος
1063 2649 1296 2719 ἐκλογῆς
1348 2648 1438 2718 μοί
1484 2648 1622 2710 ἐστι,
1666 2645 1761 2699 τοῦ

191 2754 466 2826 βαστάζαι
486 2750 547 2803 τδ
573 2748 742 2817 ὄνομά
765 2763 865 2817 μου
888 2744 1119 2798 ἐνώπιον
1139 2738 1307 2793 ἐθνῶν
1324 2740 1419 2792 καὶ
1440 2735 1723 2826 βασιλέων.
1740 2752 1758 2785 ι

191 2824 355 2900 Ποῖον
402 2842 614 2909 δνομας
648 2837 863 2898 πάντως
898 2834 959 2887 τὸ
997 2829 1290 2901 ἐπικληθὲν
1331 2828 1419 2896 ἐφ’
1462 2827 1632 2897 ἡμᾶς,
1667 2824 1764 2894 τὴν

190 2936 282 2989 τοῦ
312 2931 555 3005 Χριστοῦ
610 2928 953 2998 Ἐκκλησίαν,
984 2925 1052 2995 ἣν
1090 2924 1166 2986 ὡς
1199 2920 1445 2989 θεμέλιος
1494 2920 1523 2971 ό
1555 2917 1764 2987 Πέτρος

196 3029 480 3099 βαστάζει.
525 3024 715 3094 ⁹υρὰ’.τε
750 3022 955 3089 Πέτρου
989 3017 1080 3069 καὶ
1122 3013 1330 3067 Παύλου
1360 3010 1420 3064 τὸ
1467 3012 1764 3081 περιφανὲς

198 3121 287 3173 καὶ
340 3115 607 3187 ὁμότιμον
654 3112 800 3175 ὅσον,
850 3109 944 3163 καὶ
979 3106 1053 3169 ώς
1094 3106 1187 3160 ὑπ’
1226 3101 1552 3173 ἀμφοτέρων
1588 3102 1623 3170 ἡ
1666 3100 1762 3151 τοῦ

195 3208 434 3282 Χριστοῦ
482 3204 775 3273 Ἐκκλησία
805 3201 1127 3272 βαστάζεται
1151 3216 1166 3264 ;
1197 3198 1297 3249 Διὰ
1326 3196 1485 3248 τοῦτο
1509 3193 1602 3247 καὶ
1623 3191 1762 3260 αὕτη

194 3304 288 3356 νῦν
335 3300 470 3371 μίαν
505 3302 600 3350 καὶ
640 3296 740 3365 τὴν
788 3294 955 3363 αὐτὴν
994 3290 1326 3361 ἀμφοτέροις
1374 3288 1531 3357 νέμει
1576 3286 1761 3357 τιμὴν,

195 3392 475 3464 ὸμοτίμως
505 3386 752 3457 ἀλλήλοις
786 3380 1218 3452 συνεορτάζουσα
1253 3380 1517 3450 σήμερον.

279 3483 423 3539 Ἀλλ’
440 3484 599 3554 ἡμεῖς
621 3477 1051 3547 ἀναθεωροῦντες
1070 3476 1272 3529 τούτων
1292 3476 1389 3544 τὴν
1412 3472 1655 3538 ἔκϐασιν,
1679 3488 1766 3542 μι-

211 3575 506 3646 μησώμεθα
529 3574 627 3644 τὴν
642 3570 1007 3643 ἀναστροφὴν,
1025 3567 1126 3621 κᾶν
1146 3568 1193 3619 εί
1209 3567 1284 3636 μὴ
1304 3565 1492 3628 τᾶλλα,
1508 3566 1608 3636 τὴν
1636 3564 1770 3631 γοῦν

210 3671 274 3720 ιιι
291 3666 662 3729 ταπεινώσεως
678 3664 774 3717 καὶ
794 3660 1083 3733 μετανοίας
1113 3658 1418 3728 διόρθωσιν.
1443 3658 1522 3711 Τὰ
1544 3656 1642 3725 μὲν
1659 3658 1769 3727 γὰρ

225 3758 352 3810 ἅλλα
408 3755 608 3825 μεγάλα
653 3756 746 3807 καὶ
791 3752 970 3822 ὑψηλὰ
994 3752 1088 3803 καὶ
1120 3749 1373 3819 μεγάλοις
1401 3753 1767 3819 προσήκοντα,

236 3850 325 3899 καὶ
376 3848 609 3916 μεγάλοις
652 3846 787 3917 πρὸς
839 3845 1070 3915 μίμησιν
1127 3842 1364 3910 ἥκοντα,
1429 3840 1557 3902 ίσως
1622 3838 1770 3891 ἔστιν

231 3937 265 3990 ι
308 3938 399 3990 καὶ
450 3941 548 4001 τοῖς
602 3939 736 3990 πᾶσι
792 3934 851 3989 τδ
900 3933 1158 4003 παράπαν
1200 3933 1495 4002 ἀμίμηταο
1547 3933 1581 4002 ὴ
1625 3930 1670 3982 δ’
1707 3931 1771 3983 ἐκ

228 4029 502 4099 μετανοίας
534 4028 813 4098 διόρθωσις
847 4028 978 4097 ἡμῖν
1013 4027 1214 4097 μᾶλλον
1251 4026 1285 4096 ἢ
1334 4025 1564 4087 ἐκείνοις
1601 4039 1768 4093 προσ-

223 4124 370 4193 ῆκεν,
402 4125 509 4195 ὅσῳ
537 4127 627 4177 καὶ
656 4124 751 4193 τῆς
783 4121 998 4193 ἡμέρας
1032 4121 1267 4189 ἑκάστης
1295 4117 1467 4171 πολλὰ
1502 4116 1771 4187 πταίομεν

218 4218 460 4281 ἕκαστος,
501 4215 594 4269 καί.
625 4213 921 4283 οὐδαμόθεν
969 4211 1191 4266 ἄλλοθεν
1239 4210 1372 4282 ἡμῖν
1403 4208 1559 4272 ἐλπὶς
1597 4224 1771 4279 σωτη-

215 4309 353 4378 ρίας,
420 4307 471 4357 εἰ
518 4304 595 4377 μὴ
638 4304 838 4373 ταύτην
880 4303 968 4357 διὰ
1002 4302 1105 4371 τῆς
1153 4300 1430 4373 διηνεκοῦς
1481 4300 1773 4369 μετανοίας

216 4396 649 4467 ὲπισπασόμεθα.
681 4397 1012 4466 Προηγεῖται
1044 4394 1101 4447 δὲ
1136 4394 1236 4464 τῆς
1265 4393 1554 4463 μετανοίας
1588 4394 1623 4463 ἡ
1652 4392 1774 4445 ἐπί-

220 4506 415 4559 γνωσις
446 4489 556 4541 τῶν
590 4490 804 4543 οἰκείων
837 4489 1219 4557 πταισμάτων,
1255 4485 1377 4555 ἥτις
1405 4486 1617 4555 μεγάλη
1657 4486 1772 4538 ἐστὶ

1853 624 2095 693 quotidie
2139 625 2498 687 moriebatur,
2530 622 2705 692 potius
2753 634 2883 675 vero
2920 634 3134 689 semper
3178 625 3429 671 mortuus

1854 718 2089 783 vivebat,
2122 716 2238 784 ipse
2275 715 2386 786 jam
2424 730 2531 769 non
2568 714 2776 779 vivens,
2810 713 2952 767 sicut
2992 712 3111 780 ipse
3140 711 3299 774 dixit,
3332 710 3428 764 sed

1854 810 2121 863 viventem
2152 809 2358 863 habens
2396 808 2452 861 in
2506 808 2690 877 seipso
2735 804 3038 860 Christum.
3090 802 3209 857 Prae
3251 802 3428 858 chari-

1857 910 1969 957 tate
1991 902 2217 967 Christi,
2244 901 2584 970 nonltantum
2606 898 2791 952 omnia
2813 896 3184 951 arbitrabatur
3209 906 3268 950 ut
3294 902 3432 949 ster-

1855 1009 2006 1056 cora.
2034 994 2127 1049 sed
2158 1001 2213 1048 et
2240 992 2426 1047 futura
2451 992 2572 1046 loco
2586 991 2742 1061 ponit
2771 990 3071 1060 posteriore
3103 988 3169 1043 ad
3188 989 3433 1043 charita-

1859 1095 1967 1140 tem
1998 1096 2314 1155 comparata
2348 1103 2360 1139 :
2403 1104 2421 1134 ι
2465 1084 2660 1139 Certus
2687 1100 2830 1147 sum,
2867 1083 3065 1152 inquit,
3095 1081 3224 1150 quia
3256 1095 3434 1151 neque

1860 1193 2030 1243 mors,
2067 1193 2242 1248 neque
2283 1181 2417 1241 vita,
2460 1192 2634 1246 neque
2670 1177 2994 1244 praesentia,
3035 1189 3211 1244 neque
3250 1172 3434 1228 futura

1859 1286 2036 1342 neque
2070 1270 2300 1325 altitudo
2336 1286 2515 1339 neque
2545 1268 2871 1339 profundum
2910 1268 3114 1338 poterit
3144 1282 3246 1322 nos
3279 1282 3435 1336 sepa-

1859 1379 1982 1418 rare
2035 1379 2065 1418 a
2097 1363 2365 1418 charitate
2397 1363 2486 1416 Dei
2526 1378 2647 1432 quae
2675 1371 2756 1417 est
2802 1362 2855 1416 in
2888 1361 3109 1416 Christo
3142 1358 3269 1414 Jesu
3309 1359 3374 1412 ιδ.
3410 1378 3429 1411 ι

1859 1457 2046 1512 Zelum
2080 1457 2170 1512 Dei
2196 1458 2386 1512 habuit
2412 1457 2488 1512 ita
2513 1466 2573 1512 ut
2598 1472 2699 1513 nos
2717 1458 2894 1513 zelare
2922 1456 3088 1512 faciat
3117 1456 3289 1510 zelum
3319 1454 3435 1511 Dei.

1860 1544 1924 1600 Et
1951 1546 2036 1601 cui
2065 1562 2129 1601 ex
2158 1548 2417 1602 omnibus
2447 1546 2551 1601 nisi
2586 1548 2683 1602 soli
2717 1548 2876 1601 Petro
2903 1546 3072 1601 cessit
3096 1545 3441 1615 aequalibus?

1862 1638 1967 1693 Sed
1997 1640 2173 1709 qualis
2200 1639 2257 1694 in
2290 1639 2643 1695 humilitate?
2670 1640 2805 1694 Eum
2840 1655 3033 1695 rursus
3057 1640 3345 1694 audiamus
3373 1638 3439 1692 de

1863 1733 2044 1799 seipso
2071 1734 2339 1788 dicentem
2377 1748 2395 1787 :
2435 1753 2453 1785 ι
2486 1735 2597 1804 Ego
2627 1721 3043 1788 sum'minimus
3068 1732 3437 1803 apostolorum

1867 1826 1959 1893 qui
1994 1841 2097 1881 non
2124 1842 2244 1882 sum
2274 1827 2472 1898 dignus
2500 1828 2683 1881 vocari
2705 1826 2983 1897 apostolus
3012 1827 3076 1879 ¹⁸.
3121 1845 3139 1878 ι
3180 1824 3319 1890 Quid
3348 1825 3446 1879 ad-

1866 1918 1972 1972 huc
1988 1918 2011 1970 ?
2029 1928 2315 1989 postquam
2337 1920 2479 1974 idem
2511 1935 2575 1974 ac
2595 1921 2793 1973 Petrus
2812 1918 2977 1973 fuerit
3001 1918 3053 1971 in
3072 1917 3443 1982 confessione,

1869 2009 1923 2062 in
1980 2010 2115 2075 zelo,
2149 2010 2203 2063 in
2240 2010 2566 2075 humilitate,
2603 2011 2657 2064 in
2706 2011 2997 2074 cltaritate,
3029 2010 3298 2081 numquid
3335 2025 3441 2064 non

1867 2100 2055 2154 eadem
2083 2100 2323 2171 suscepit
2352 2102 2576 2172 praemia
2606 2102 2676 2156 ab
2706 2116 2772 2157 eo
2802 2102 2893 2171 qui
2927 2103 3110 2156 omnia
3137 2102 3189 2155 in
3222 2102 3354 2171 jugo
3390 2108 3447 2154 et

1867 2205 2125 2246 mensura
2180 2199 2234 2246 et
2273 2194 2513 2262 pondere
2560 2194 2714 2265 ponit
2758 2194 3114 2264 aequissimo?
3155 2193 3444 2258 Quowodo

1866 2281 2134 2350 aequalis?
2159 2280 2320 2337 Petro
2350 2281 2572 2351 quidem
2620 2284 2757 2337 dixit
2808 2301 2823 2337 :
2880 2302 2899 2335 ι
2938 2283 3018 2338 Tu
3053 2300 3113 2338 es
3137 2282 3353 2343 Petrus.
3390 2294 3449 2337 et

1870 2389 2035 2442 super
2064 2374 2204 2427 hanc
2240 2373 2455 2428 Petram
2482 2374 2761 2430 aediﬁcabo
2795 2374 3095 2431 Ecclesiam
3129 2391 3306 2430 meam
3342 2374 3438 2427 ιθ.»

1870 2463 1946 2516 De
1986 2463 2154 2518 Paulo
2201 2473 2381 2519 autem
2431 2467 2561 2536 quid
2618 2467 2756 2521 dixit
2802 2469 2868 2521 ad
2924 2468 3238 2522 Ananiam?
3283 2486 3302 2519 ι
3342 2467 3449 2523 Vas

1868 2554 2156 2610 electionis
2186 2556 2272 2610 hic
2298 2564 2384 2611 est
2426 2557 2557 2611 mihi
2585 2558 2653 2612 ad
2681 2561 3006 2625 portandum
3035 2576 3231 2614 nomen
3261 2576 3446 2615 meum

1870 2664 2055 2703 coram
2088 2649 2341 2719 gentibus
2382 2660 2436 2705 et
2479 2652 2698 2722 regibus
2734 2654 2799 2708 ’⁷.
2840 2672 2857 2705 ›
2885 2653 3169 2721 Quodnam
3207 2655 3449 2709 nomen?

1874 2740 2018 2795 Sane
2062 2745 2208 2813 quod
2253 2749 2704 2813 cngnominatum
2749 2755 2831 2801 est
2871 2764 2968 2816 pro
3004 2750 3160 2801 nobis
3200 2747 3446 2803 Ecclesia

1871 2833 2100 2900 Christi,
2145 2852 2307 2906 quam
2354 2838 2511 2908 quasi
2539 2839 2951 2894 fundamentum
2998 2838 3196 2895 Petrus
3247 2850 3444 2911 pet-tat.

1872 2922 2155 2979 Videtisne
2214 2926 2436 2981 Petrum
2483 2938 2539 2983 et
2584 2927 2810 2983 Paulum
2856 2940 2910 2984 et
2941 2932 3146 2984 honore
3184 2946 3344 3001 pares
3392 2939 3447 2984 et

1872 3021 2148 3086 quomodo
2205 3019 2273 3073 ab
2332 3032 2564 3090 utroque
2615 3021 2855 3077 Ecclesia
2910 3022 3114 3077 Christi
3147 3022 3447 3092 portatur?

1873 3104 2162 3176 Propterea
2198 3109 2313 3178 ipsa
2335 3126 2481 3165 nunc
2509 3128 2672 3166 unum
2702 3122 2755 3167 et
2780 3115 3029 3170 eumdem
3052 3116 3319 3171 ambobus
3350 3118 3449 3170 ho-

1873 3214 2064 3254 norem
2098 3202 2311 3266 tribuit,
2335 3217 2459 3256 cum
2489 3204 2542 3257 in
2566 3204 2781 3259 laudem
2811 3206 3098 3276 utriusque
3124 3208 3264 3263 hanc
3297 3207 3443 3264 diem

1873 3290 2066 3348 festam
2098 3295 2459 3351 concelebrat.

1944 3472 2055 3531 Nos
2113 3492 2264 3544 vero,
2328 3476 2523 3533 horum
2590 3495 2805 3537 errores
2874 3482 3093 3551 intuiti,
3146 3487 3445 3556 imitemur,

1874 3571 1979 3625 nisi
2039 3579 2267 3635 caetera,
2338 3574 2528 3628 saltem
2582 3588 2771 3629 eorum
2836 3592 2932 3648 per
2988 3580 3345 3639 humilitatem
3397 3595 3453 3639 et

1875 3678 1971 3734 per
2012 3666 2387 3735 paenitentiam
2425 3670 2840 3724 correctionem.
2881 3670 3002 3725 Alia
3056 3674 3201 3727 enim
3255 3689 3448 3744 magna

1875 3765 1930 3811 et
1989 3758 2204 3813 excelsa
2263 3761 2699 3827 etmagnanimis
2767 3772 3137 3819 consentanea
3216 3774 3272 3819 et
3328 3780 3453 3836 quae

1878 3852 1943 3906 ad
1976 3838 2337 3905 inhtationem
2372 3852 2630 3920 incitant;
2679 3853 2805 3907 item
2847 3862 2975 3909 sunt
3005 3855 3110 3909 alia
3139 3872 3304 3926 supra
3335 3873 3452 3912 om-

1878 3944 2033 3998 nium
2084 3943 2441 3998 imitationem
2473 3944 2670 4014 posita,
2704 3945 2797 4001 sed
2827 3947 3097 4002 correctio
3143 3962 3236 4016 per
3269 3950 3450 4019 pumi-

1877 4037 2101 4092 tentiam
2128 4050 2226 4091 nos
2257 4037 2429 4106 magis
2469 4051 2634 4106 quam
2664 4038 2770 4093 illis
2799 4039 2953 4094 decet
2983 4040 3320 4113 quisingulis
3342 4042 3454 4097 die-

1877 4129 1980 4184 bus
2032 4128 2310 4184 multoties
2355 4128 2727 4196 oﬂ‘endimus,
2790 4133 2863 4186 ita
2921 4141 2983 4187 ut
3056 4134 3202 4189 nulla
3271 4137 3342 4191 sit
3387 4150 3454 4190 ex

1879 4236 2206 4292 quacunque
2244 4231 2399 4291 parte
2448 4236 2573 4291 spes
2625 4224 2783 4279 nobis
2811 4224 2917 4280 nisi
2969 4241 3133 4294 quam
3158 4241 3253 4296 per
3280 4231 3456 4284 couti-

1881 4329 2046 4368 nuam
2080 4315 2455 4383 paenitentiam
2489 4328 2911 4385 consequemur.
2945 4316 3115 4371 Porro
3157 4320 3313 4387 praeit
3341 4335 3455 4389 poe-

1880 4408 2124 4462 nitentiae
2168 4408 2503 4462 conscientia
2539 4410 2882 4478 propriorum
2941 4417 3315 4478 peccatorum,
3357 4426 3451 4481 qut

1880 4508 1967 4554 est
1991 4514 2221 4566 magnus
2243 4500 2308 4555 ad
2334 4501 2711 4569 paenitentiam
2743 4516 2988 4571 gressus.
3030 4501 3121 4557 Ait
3147 4503 3293 4557 enim
3316 4502 3455 4557 Pro-

216 4583 349 4653 πρὸς
387 4581 612 4651 ἱλασμὸν
648 4579 869 4649 ἀφορμή
895 4592 910 4608 ⁸
950 4596 971 4630 ι
1019 4575 1271 4645 Ἐλέησόν
1303 4591 1370 4644 με
1404 4577 1532 4646 γὰρ,
1580 4594 1599 4626 ι
1638 4576 1767 4646 φησὶ

1875 4594 2080 4664 pheta.,
2110 4591 2252 4649 idem
2279 4602 2333 4648 et
2361 4592 2648 4648 Psalmista
2671 4595 2737 4648 ad
2772 4594 2937 4649 Deum
2967 4613 2981 4649 :
3009 4612 3029 4648 ι
3070 4594 3323 4653 Miserere
3353 4598 3454 4652 mei

215 4678 356 4749 πρὸς
400 4676 493 4727 τὸν
536 4673 679 4743 Θεὸν⁸
714 4676 743 4725 ό
788 4671 1078 4742 ψαλμῳδδς
1126 4669 1422 4737 Προφήτης
1449 4683 1465 4700 ο
1505 4684 1524 4719 t
1571 4668 1655 4720 ὅτι
1683 4667 1780 4738 τὴν

209 4766 447 4836 ἀνομίαν
481 4782 582 4835 μου
614 4763 725 4831 ἐγὼ
753 4763 1057 4832 γινώσκωοι
1088 4760 1180 4814 διὰ
1197 4760 1296 4827 τῆς
1321 4756 1669 4827 ἐπιγνώσεως
1691 4758 1780 4812 ἕλ-

209 4877 326 4913 κων
358 4858 449 4910 τὸν
492 4856 658 4920 ἔλεον,
690 4856 783 4910 καὶ
817 4855 882 4908 δι’
910 4852 1319 4925 ἐξαγορεύσεως
1363 4852 1460 4905 καὶ
1496 4851 1594 4920 τῆς
1625 4851 1784 4904 αύτο-

211 4950 465 5023 μεμψίας
512 4948 720 5001 τελείαν
768 4947 866 5016 τὴν
907 4947 1101 5014 ἄφεσιν
1144 4944 1523 5017 κομιζόμενος.
1584 4964 1601 4997 ι
1642 4946 1783 4998 Εἶπα

209 5046 348 5113 γὰρ,
385 5038 947 5109 φησίν,Ἐξαγορεύσω
974 5035 1097 5089 κατ’
1122 5034 1255 5105 ἐμοῦ
1287 5035 1385 5103 τὴν
1412 5035 1644 5103 ἀνομίαν
1675 5050 1779 5111 μου

213 5136 288 5205 τῷ
322 5133 540 5203 Κυρίῳ,
563 5132 659 5184 καὶ
688 5130 754 5182 σὺ
778 5129 995 5199 ἀφῆκας
1017 5129 1117 5193 τὴν
1144 5127 1399 5181 ἀσέϐειαν
1424 5127 1524 5195 τῆς
1554 5128 1785 5198 καρδίας

219 5243 344 5293 μου.
375 5242 396 5276 s
435 5225 479 5276 Τ
482 5228 515 5295 ῂ
546 5224 652 5292 γὰρ
677 5220 968 5291 ἐπιγνώσει
990 5220 1101 5272 τῶν
1129 5221 1346 5273 οἰκείων
1371 5222 1784 5291 ἁμαρτημάτων

216 5322 409 5375 ἕπεται
444 5321 481 5390 ἡ
516 5319 691 5373 οἰκεία
724 5318 1104 5386 κατάγνωσις·
1154 5316 1328 5388 ταύτῃ
1372 5316 1430 5370 δὲ
1474 5317 1508 5386 ἡ
1546 5318 1637 5369 ἐπὶ
1674 5317 1785 5376 τοίς

213 5416 579 5486 ἁμαρτήμασι
613 5412 779 5481 λύπη,
806 5410 872 5482 ἢν
900 5414 929 5464 ό
972 5409 1182 5474 Παῦλος
1224 5413 1367 5463 κατὰ
1410 5409 1546 5463 Θεδν
1580 5427 1787 5481 προση-

213 5511 471 5577 γόρευσε.
492 5505 572 5576 Τῇ
593 5504 649 5557 δὲ
678 5505 819 5558 κατὰ
839 5503 971 5556 Θεὸν
998 5502 1143 5574 λύπη
1172 5502 1346 5574 ταύτῃ
1380 5503 1625 5571 πέφυκεν
1657 5503 1788 5556 dato-

214 5597 427 5651 λουθείν
469 5598 503 5666 ἡ
545 5596 684 5667 μετὰ
721 5595 1197 5666 συντετριμμένης
1242 5596 1470 5666 καρδίας
1515 5596 1655 5665 πρὸς
1697 5596 1790 5648 τὸν

218 5693 354 5745 Θεὸν
384 5690 727 5759 ἰξαγόρευσίς
750 5706 808 5742 τε
836 5692 931 5743 καὶ
955 5688 1158 5759 δέησις,
1188 5693 1283 5744 καὶ
1315 5693 1347 5761 ἡ
1378 5690 1668 5761 ὑπόσχεσις
1692 5694 1792 5764 τῆς

1879 4687 2142 4757 quoniam
2193 4686 2534 4756 iniquitatem
2594 4701 2768 4741 meam
2827 4702 3101 4757 cognosco
3152 4689 3217 4743 ³⁸.
3282 4708 3301 4741 ι
3354 4690 3457 4746 Per

1878 4774 2276 4830 conscientiam
2319 4775 2498 4846 pergit
2525 4774 2591 4829 ad
2628 4776 3083 4844 misericordiam,
3114 4786 3170 4833 et
3203 4794 3460 4849 percon-

1880 4865 2173 4922 fessionem
2206 4866 2402 4936 suique
2433 4868 2604 4936 ipsius
2638 4869 3093 4937 vituperationem
3124 4870 3337 4940 plenam
3369 4889 3461 4927 ac-

1881 4958 2014 5028 cipit
2036 4959 2439 5015 remissionem.
2464 4958 2603 5014 Nam
2634 4976 2649 5013 :
2680 4978 2699 5009 ι
2727 4959 2846 5014 Dixi
2869 4963 3036 5028 enim,
3058 4963 3253 5033 inquit,
3289 4967 3460 5020 conli-

1887 5052 2044 5105 tebor
2076 5050 2366 5106 adversum
2416 5066 2505 5105 me
2547 5051 2868 5122 iniustitiam
2902 5068 3077 5109 meam
3109 5055 3376 5121 Domino,
3407 5068 3462 5112 et

1868 5135 1947 5196 ἰιι
2000 5144 2256 5198 remisisti
2296 5143 2631 5213 impietatem
2664 5146 2848 5201 cordis
2899 5147 3003 5200 mei
3039 5149 3107 5201 ".
3144 5166 3163 5199 ι
3219 5148 3458 5203 Suorum

1891 5234 2286 5289 conscientiam
2316 5246 2670 5305 peccatorum
2694 5238 2946 5308 sequitur
2966 5240 3053 5294 sui
3085 5240 3260 5310 ipsius
3276 5255 3465 5311 repre~

1892 5326 2126 5392 hensio;
2155 5318 2295 5381 hanc
2312 5328 2507 5385 deinde
2524 5333 2763 5400 peccatis
2799 5332 3036 5400 tristitia,
3065 5348 3230 5404 quam
3264 5333 3464 5387 Paulus

1893 5420 2192 5473 secundum
2257 5418 2427 5475 Deum
2495 5424 2852 5492 nuncupavit.
2896 5423 2969 5479 Ex
3018 5426 3120 5479 hac
3162 5428 3464 5479 secundum

1894 5511 2062 5566 Deum
2112 5513 2332 5569 tristitia
2387 5518 2635 5570 nascitur
2680 5517 2862 5573 cordis
2908 5518 3130 5573 contriti
3188 5517 3253 5571 ad
3298 5516 3467 5570 Deum

1892 5605 2167 5660 confessio
2214 5615 2271 5661 et
2315 5608 2677 5677 supplicatio,
2728 5624 2853 5664 cum
2908 5609 3267 5678 promissione
3324 5617 3471 5676 pust-

1898 5698 2011 5750 hmc
2046 5712 2076 5751 a
2130 5699 2288 5753 malis
2342 5700 2650 5756 abstinendi
2697 5720 2709 5756 :
2760 5709 2815 5756 et
2858 5700 2962 5757 hoc
3000 5711 3085 5756 est
3123 5700 3468 5770 poenitentia.

221 5788 301 5848 εἰς
327 5786 390 5838 το
425 5784 553 5854 ἑξῆς
595 5801 705 5836 των
747 5787 954 5840 κακιῶν
987 5788 1218 5855 ἀποχῆς,
1252 5789 1345 5841 καὶ
1383 5787 1543 5841 τοῦτό
1578 5793 1723 5845 ἐστιν
1750 5797 1782 5863 ἡ
1826 5798 2104 5865 μετάνοια.

294 5879 341 5912 ⁸⁸
362 5876 521 5934 Rom.
552 5892 671 5942 vm,
699 5878 790 5934 '59.
867 5881 910 5912 "
939 5879 1110 5934 ICor.
1137 5896 1226 5946 xv,
1252 5884 1306 5935 9.
1387 5881 1640 5939 "Matth.
1676 5901 1760 5940 xvr

1872 5892 1915 5945 Β.
1959 5891 1997 5920 ¹τ
2031 5890 2151 5945 Act.
2195 5904 2272 5956 ιιι,
2312 5888 2400 5945 15.
2458 5890 2523 5965 ,η
2556 5889 2700 5946 Psal.
2725 5907 2775 5957 ι,
2811 5889 2936 5958 με.
2986 5890 3028 5921 ¹⁹
3053 5888 3195 5947 Psal.
3224 5903 3373 5960 XXXI,
3406 5890 3468 5949 5.

562 5969 825 6030 Panos.
874 5974 989 6032 Gn.
1037 5972 1157 6032 CLI

2919 5982 2993 6041 12
