4014 6430
252 404 366 469 365

1624 401 1953 464 IlOMllJA
1991 401 2210 462 XXIX.

3444 407 3553 470 366

254 520 406 588 ιερῶν
433 518 533 588 τῆς
574 518 671 572 τοῦ
705 518 943 590 νυμφίου
982 518 1191 573 ἐκείνου
1234 518 1423 588 σοφίας
1477 535 1535 570 τε
1570 518 1664 569 καὶ
1690 515 1849 567 δυνά-

1978 515 2311 569 totentim‘et
2336 516 2642 586 sapientiai.
2698 536 2715 567 ί
2752 515 2809 572 Si
2839 519 3008 581 enim,
3041 536 3161 589 qum
3199 520 3326 578 fecit
3364 522 3548 590 Jesus,

258 631 429 685 μεως,
456 615 550 666 καὶ
579 612 688 666 τῶν
723 615 786 666 ἐκ
830 613 1088 683 τοιαύτης
1130 615 1322 683 σοφίας
1350 629 1409 665 τε
1440 610 1534 664 καὶ
1562 609 1845 677 δυνάμεως

256 708 566 776 γεγονότων
598 706 660 759 τὸ
686 704 888 776 πλῆθος
910 724 924 736 ·
962 724 981 759 ι
1019 708 1087 758 'A
1119 705 1229 774 γὰρ
1256 704 1516 775 ἐποίησεν
1544 702 1572 755 ό
1614 699 1843 770 Ἰησοῦς,

258 798 359 854 ἐὰν
389 798 670 868 γράφηται
708 798 833 851 καθ’
863 797 945 862 ἒν,
988 798 1110 851 οὑδὲ
1140 798 1306 851 αὑτὸν
1335 793 1490 867 οἶμαι
1518 795 1608 848 τὸν
1639 793 1847 861 κόσμον

259 892 514 962 χωρῆσαι
543 894 614 946 τά
655 891 984 962 γραφόμενα
1029 890 1233 963 βιϐλία,
1273 910 1292 943 ι
1327 893 1355 945 ό
1385 888 1848 959 Θεολογικώτατος

259 986 371 1038 τῶν
402 984 810 1053 εὑαγγελιστῶν
842 1003 996 1055 φησι.
1035 986 1180 1055 Πρὸς
1215 987 1364 1057 ἡμᾶς
1395 982 1452 1038 δὲ
1494 984 1645 1053 ὅμως
1689 981 1849 1053 βυθός

262 1078 381 1130 ἐστι
422 1078 567 1131 καὶὸ
618 1075 931 1146 σταλαγμὸς
978 1072 1156 1143 οὗτος,
1207 1078 1302 1130 καὶ
1337 1074 1576 1143 πέλαγος
1625 1072 1851 1138 άνεξάν-

261 1170 457 1241 τλητον
486 1158 611 1223 ’διὸ
662 1171 709 1221 εἰ
739 1169 832 1222 καὶ
861 1168 920 1222 τὸ
964 1168 1108 1222 κατὰ
1140 1168 1231 1221 τὸν
1287 1167 1602 1237 παράλυτον
1642 1165 1851 1235 θαῦμα,

262 1264 590 1332 φθάσαντες,
639 1262 804 1331 ἡνίκα
831 1265 859 1316 ό
904 1264 1133 1333 Μάρκος
1184 1259 1573 1332 εὐηγγελίζετο
1617 1262 1685 1331 τῇ
1733 1258 1858 1313 Ἐκ-

262 1355 482 1426 κλησίᾳ,
537 1355 1005 1426 διευκρινήσαμεν
1055 1355 1193 1423 πρὸς
1241 1354 1341 1424 τὴν
1394 1353 1672 1423 ὑμετέραν
1717 1352 1859 1420 άγά-

262 1465 399 1521 πην,
429 1450 523 1503 καὶ
558 1449 646 1503 διὰ
686 1449 788 1519 τῆς
829 1451 887 1500 ἐν
918 1449 1115 1519 ἐκείνῳ
1141 1448 1366 1519 χάριτος
1404 1446 1717 1519 ἐθρέψαμεν
1756 1445 1857 1508 τὰς

263 1544 540 1614 ὑμετέρας
569 1543 769 1614 ψυχάς,
802 1543 938 1597 ἀλλὰ
994 1542 1092 1596 καὶ
1124 1544 1221 1595 νῦν
1260 1541 1653 1611 ἱστορούμενον
1693 1538 1859 1592 τοῦτο

266 1637 425 1709 παρὰ
472 1636 565 1689 τοῦ
621 1636 1014 1704 εὐαγγελιστοῦ
1068 1636 1353 1690 Ματοαίου
1405 1633 1855 1702 διερευνώμενοι,

266 1730 440 1785 πολὺν
472 1725 629 1795 αὖθις
686 1730 999 1801 εὑρήσομεν
1032 1731 1091 1783 ἐν
1132 1728 1282 1797 αὑτῷ
1326 1730 1420 1781 τὸν
1466 1724 1701 1778 πλοῦτον
1749 1725 1859 1778 τῶν

266 1824 667 1895 πνευματικῶν
704 1824 1022 1894 ἐδεσμάτων
1048 1840 1062 1854 ·
1108 1822 1311 1893 μᾶλλον
1348 1820 1406 1875 δέ
1434 1819 1530 1873 τοῦ
1564 1822 1852 1873 ἐναποκει-

270 1920 436 1988 μένου
467 1917 704 1971 πλούτου
741 1916 950 1987 μικρόν
983 1934 1036 1970 τι
1065 1917 1160 1969 καὶ
1189 1914 1284 1969 νῦν
1310 1912 1702 1983 ἐκκαλύψομεν
1727 1930 1742 1945 ’
1772 1915 1865 1964 καί

268 2014 334 2066 τὸ
366 2014 560 2083 μικρὸν
588 2012 748 2084 162
788 2010 950 2064 τοῦτο
988 2012 1157 2065 πᾶσιν
1194 2009 1421 2081 ἀρκέσει
1451 2008 1542 2061 καὶ
1578 2006 1866 2060 πλεονάσει

269 2104 417 2158 κατὰ
450 2104 573 2168 τοὺς
608 2106 810 2173 άρτους
835 2101 1108 2169 ἐκείνους,
1143 2101 1212 2154 δι’
1240 2094 1316 2154 ὧν
1342 2102 1372 2154 ὁ
1405 2098 1609 2172 Κύριος
1641 2100 1737 2163 τὰς
1767 2117 1864 2168 μυ-

272 2199 467 2267 ριάδας
503 2199 563 2251 ἑν
614 2199 681 2269 τῇ
717 2197 913 2268 ἐρήμῳ
945 2196 1266 2267 ἐξέθρεψεν,
1296 2190 1461 2262 αὖξον
1505 2195 1564 2247 ἐν
1595 2194 1671 2265 τῷ
1715 2193 1869 2265 μερί-

270 2293 491 2358 ζεσθαι.
529 2292 662 2346 Τότε
700 2292 801 2361 μὲν
832 2290 926 2346 οὖν
968 2292 1239 2362 πρότερον
1271 2290 1333 2344 τὸ
1372 2290 1494 2362 μέλι
1533 2288 1630 2343 σὺν
1668 2288 1744 2359 τῷ
1770 2306 1869 2358 κη-

270 2385 379 2459 ρίῳ
418 2384 764 2456 παρέϐαλλον
802 2384 933 2453 ὑμῖν
969 2385 1049 2448 εἰς
1093 2384 1327 2456 τροφὴν,
1365 2382 1503 2454 μετὰ
1534 2382 1633 2453 τῆς
1670 2381 1871 2451 ἐμφαι-

272 2480 513 2550 νομένης
572 2479 915 2550 λεπτοτέρας
974 2481 1068 2534 καὶ
1122 2478 1470 2549 ἡθικωτέρας
1526 2478 1735 2540 ἐννοίας
1773 2476 1868 2530 καὶ

272 2574 376 2641 τὴν
408 2572 651 2643 ἱστορίαν
678 2571 985 2642 διατρανῶν
1011 2586 1026 2602 ⁸
1062 2572 1156 2627 νῦν
1194 2572 1250 2625 δὲ
1286 2571 1380 2625 τοῦ
1418 2569 1640 2641 μέλιτος
1681 2568 1867 2622 ἐκθλί-

272 2667 386 2736 ιῖνας
439 2665 563 2718 ὅσον
594 2667 621 2718 ὁ
659 2666 851 2736 καιρ“.ς
890 2664 1100 2733 δίδωσι,
1153 2663 1243 2718 διὰ
1287 2664 1477 2717 τούτου
1537 2661 1869 2733 δεξιώσομαι

274 2759 408 2821 τοὺς
461 2756 917 2825 συνειλεγμένους
951 2755 1087 2826 πρὸς
1118 2758 1219 2829 τὴν
1271 2756 1654 2827 πνευματικὴν
1687 2756 1871 2809 ἑστία-

274 2869 367 2907 σιν
390 2852 653 2923 σήμερον.

356 2963 375 2998 ε
406 2944 499 3015 Τῷ
540 2944 733 3019 καιρῷ.
769 2943 967 3016 ἐκείνῳ
999 2942 1173 3013 ἐμϐάς
1213 2945 1241 2997 ό
1286 2942 1495 3015 Ἰησοῦς
1546 2948 1630 3009 εἰς
1688 2946 1872 3000 πλοῖον

274 3036 601 3105 διεπέρασε,
636 3037 732 3089 καὶ
760 3031 927 3107 ἦλθεν
961 3038 1041 3100 εἰς
1073 3034 1173 3107 τὴν
1226 3036 1367 3089 ἰδίαν
1394 3037 1552 3090 πόλιν
1572 3053 1585 3068 ο
1631 3037 1727 3091 καὶ
1760 3037 1871 3093 ἰδοὺ

287 3127 635 3199 προσέφερον
688 3125 838 3197 αὐτῷ
896 3127 1272 3197 παραλυτικὸν
1305 3129 1398 3180 ἐπὶ
1446 3126 1637 3201 κλίνης
1677 3128 1874 3201 βεϐλη-

1966 608 2283 661 scvibantur
2338 625 2432 678 per
2474 611 2709 681 singula,
2746 629 2847 667 nec
2905 615 3077 682 ipsum
3116 618 3355 672 arbitror
3391 636 3553 675 Inun-

1964 699 2093 753 dum
2127 717 2322 771 capere
2346 718 2507 772 posse
2528 719 2623 759 eos
2652 706 2744 769 qui
2767 708 3045 761 scribendi
3070 720 3199 764 sunt
3222 711 3395 766 libros
3427 714 3497 780 ",
3529 733 3547 766 ι

1964 794 2042 846 ait
2076 796 2414 865 evangelista
2448 798 2852 854 divinissimus.
2889 802 2952 855 Et
2984 819 3130 858 nunc
3191 818 3279 860 ros
3334 806 3424 860 ille
3458 808 3555 861 de-

1967 886 2181 942 stillans
2226 889 2388 943 nobis
2421 890 2655 961 abyssus
2707 902 2791 946 est
2828 894 3269 967 immensumque
3303 900 3552 970 pelagus.

1964 976 2113 1045 Ideo,
2146 981 2246 1034 etsi
2273 980 2387 1049 jam
2421 981 2487 1037 de
2516 982 2785 1038 miraculo
2822 988 2964 1055 quod
3009 1002 3136 1058 erga
3189 986 3553 1059 paralyticum

1966 1072 2172 1127 factum
2226 1085 2309 1130 est
2364 1075 2815 1143 disseruerimus,
2882 1081 3105 1147 quando
3157 1080 3289 1136 illud
3340 1086 3557 1141 Marcus

1959 1162 2220 1221 Ecclesia:
2245 1168 2546 1235 nuntiaret,
2583 1170 2828 1240 illudque
2858 1187 3046 1227 coram
3076 1173 3349 1231 charitate
3376 1189 3554 1234 vestra

1961 1263 2416 1327 exposuerimus,
2452 1273 2781 1334 vestrasque
2817 1266 3032 1321 animas
3092 1284 3184 1336 per
3232 1271 3464 1339 gratiam
3498 1274 3559 1328 in

1962 1353 2056 1408 illo
2083 1364 2403 1410 contentam
2427 1356 2802 1413 cibaxerimus
2837 1375 2851 1424 ;
2887 1360 3050 1415 hodie
3086 1370 3268 1415 tamen
3321 1375 3376 1419 et
3412 1366 3556 1420 idem

1961 1448 2290 1502 miraculum
2342 1449 2411 1503 ab
2442 1450 2777 1520 evangelista
2803 1450 3062 1508 Mattha‘o
3088 1456 3321 1511 relatum
3370 1462 3561 1514 consi-

1962 1541 2235 1606 deraturi,
2298 1557 2554 1613 magnam
2619 1544 2820 1599 iterum
2893 1546 2949 1601 in
3009 1546 3130 1617 ipso
3187 1552 3561 1619 spiritualium

1960 1632 2210 1689 ciborum
2257 1635 2470 1704 copiam
2541 1636 2899 1705 reperiemus,
2951 1638 3068 1694 sive
3096 1639 3280 1707 potius
3307 1641 3421 1713 jam
3461 1642 3563 1697 ho-

1967 1725 2057 1779 die
2090 1725 2144 1779 in
2216 1725 2335 1796 ipso
2397 1728 2579 1782 adhuc
2648 1731 2919 1784 reconditi
3006 1731 3247 1787 thesauri
3339 1737 3562 1807 aliquod

1970 1819 2366 1885 revelabimus,
2416 1830 2472 1874 et
2540 1822 2688 1876 istud
2749 1826 3030 1879 modicum
3094 1828 3353 1884 omnibus
3411 1832 3567 1886 suill-

1969 1913 2099 1978 eiet,
2125 1916 2236 1969 imo
2268 1916 2543 1985 supererit
2570 1917 2713 1972 sicut
2738 1934 2909 1989 panes
2938 1921 3015 1975 illi
3040 1925 3243 1992 quibus
3263 1929 3399 1996 pasti
3433 1940 3565 1984 sunt

1970 2022 1999 2060 a
2032 2006 2269 2063 Domino
2291 2010 2444 2079 plura
2478 2010 2645 2065 millia
2677 2014 2965 2069 hominum
3000 2017 3053 2069 in
3083 2017 3303 2074 deserto
3330 2037 3344 2087 ;
3375 2024 3564 2077 multi-

1972 2100 2319 2168 plicabantur
2339 2102 2486 2157 enim
2512 2103 2643 2158 dum
2677 2105 3171 2163 distribuerentur.
3230 2112 3371 2165 Olim
3431 2118 3561 2182 qui-

1969 2193 2092 2247 dem
2128 2195 2285 2249 vobis
2304 2196 2369 2249 ad
2393 2197 2835 2253 manducandum
2879 2204 3091 2269 praebui
3119 2205 3223 2258 mel
3269 2221 3396 2260 cum
3436 2207 3561 2263 favo

1972 2301 2195 2341 sensum
2272 2303 2556 2358 exponens
2630 2291 2853 2347 obvium
2927 2294 3227 2350 faciliorem
3312 2307 3366 2353 et
3440 2317 3563 2354 ma-

1971 2380 2055 2450 gis
2088 2382 2376 2446 moralem,
2411 2393 2466 2437 et
2520 2384 2807 2441 historiam
2859 2389 3142 2458 explicans
3173 2407 3187 2455 ;
3220 2408 3368 2447 nunc
3420 2411 3557 2450 vero

1973 2473 2294 2541 exprimens
2325 2474 2431 2529 mel
2467 2486 2739 2544 quantum
2776 2483 3119 2534 concesserit
3173 2491 3392 2552 tempus
3435 2500 3560 2539 cum

1973 2565 2094 2635 ipso
2122 2580 2315 2621 omnes
2342 2568 2409 2620 ad
2428 2569 2772 2637 spiritualem
2820 2571 3307 2630 manducationem
3328 2592 3566 2649 congre-

1974 2668 2132 2727 gatos
2169 2658 2331 2715 hodie
2358 2662 2653 2730 excipiam.

2052 2946 2074 2981 ι
2105 2928 2162 2984 In
2197 2930 2294 2985 illo
2333 2942 2581 3002 tempore
2614 2934 2918 2991 ascendens
2941 2935 3101 2993 Iesus
3138 2942 3192 2992 in
3225 2940 3564 3007 naviculam,

1982 3022 2362 3080 transfretavit
2400 3035 2455 3079 et
2490 3027 2640 3080 venit
2680 3027 2735 3081 in
2769 3028 3047 3084 civitatem
3103 3046 3283 3086 suam.
3312 3032 3376 3087 Et
3433 3050 3565 3090 ecce

1976 3117 2285 3174 oll‘erebant
2327 3121 2374 3175 ei
2432 3122 2792 3193 paralyticum
2849 3124 3121 3194 iacentem
3148 3127 3199 3181 in
3253 3128 3396 3184 lecto
3437 3130 3507 3187 ’³.
3543 3151 3563 3183 ε

286 3221 477 3291 μένον.
514 3239 532 3273 ι
577 3220 725 3274 Ἐκεῖ
757 3220 858 3291 μὲν
899 3218 998 3273 οὖν
1031 3219 1300 3291 πρότερον
1336 3220 1621 3293 ἐδείξαμεν
1649 3223 1742 3277 τὸν
1766 3239 1869 3276 πα-

1978 3208 2097 3267 Jam
2131 3212 2342 3283 pridem
2396 3215 2552 3271 vobis
2610 3216 2952 3273 ostendimus
3004 3220 3153 3276 hunc
3202 3225 3565 3294 paralyticuu

286 3310 583 3383 ραλυιεικδν
623 3310 811 3366 τοῦτον
849 3311 928 3383 μὴ
960 3312 1052 3365 τὸν
1095 3313 1259 3365 αὑτὸν
1290 3313 1419 3367 ὄντα
1448 3316 1528 3385 τῷ
1556 3317 1613 3370 ἐν
1649 3316 1875 3388 Ἰεροσο-

281 3405 501 3474 λύμοις,
540 3406 683 3459 κατὰ
723 3406 817 3458 τὸν
857 3404 1137 3475 Ἰωάννην,
1177 3405 1400 3460 λαϐόντι
1447 3408 1546 3480 τὴν
1580 3409 1746 3477 ἴασιν,
1779 3412 1875 3465 καὶ

285 3497 425 3551 ἰδίαν
455 3497 610 3551 πόλιῦ
650 3496 827 3570 Ἰησοῦ
858 3498 957 3569 τὴν
1004 3500 1381 3570 Καπερναοὺμ
1418 3500 1744 3575 λεγομένην,
1779 3506 1874 3558 καὶ

282 3589 433 3643 διατί
466 3588 608 3659 μόνη
637 3589 746 3642 τῶν
788 3589 965 3643 ἄλλων
992 3588 1133 3659 αὕτη
1181 3590 1336 3655 πόλις
1374 3592 1540 3645 αὑτοῦ
1588 3593 1832 3648 καλεῖται
1855 3607 1870 3622 ⁶

289 3683 431 3736 ἀλλὰ
474 3681 688 3735 καὶτοῦ
736 3683 1168 3753 ἐναποκειμένου
1207 3683 1427 3754 μέλιτος
1461 3685 1718 3753 γεύοντες
1763 3682 1875 3742 οἷον

305 3777 433 3839 τοὺς
464 3777 865 3847 πνευματικῶς
887 3778 1032 3848 ὑμᾶς
1062 3779 1420 3849 δαιτυμόνας,
1446 3780 1542 3833 καὶ
1567 3780 1874 3851 ὑπόδειγμα

303 3870 441 3941 πρὸς
470 3870 664 3941 ἀρετὴν
724 3871 1086 3939 άναγωγικῶς
1129 3873 1227 3942 τὴν
1271 3873 1511 3943 ἱστορίαν
1570 3872 1877 3945 λαμϐάνον-

294 3980 405 4027 τες,
440 3963 574 4018 ἰδίαν
609 3964 708 4034 μὲν
739 3963 894 4018 πόλιν
941 3964 1038 4018 τοῦ
1080 3965 1258 4036 Ἰησοῦ
1297 3966 1433 4036 πρὸς
1459 3968 1527 4038 ἣν
1568 3964 1725 4040 ἦλθε,
1754 3986 1877 4022 του-

292 4058 409 4110 τονὶ
438 4058 528 4111 τὸν
563 4059 766 4129 κόσμον
807 4058 1153 4129 ἐδείκνυμεν.
1186 4058 1283 4123 Εἰς
1331 4060 1439 4131 γὰρ
1468 4061 1535 4113 τά
1582 4062 1688 4115 τδια
1720 4057 1875 4133 ἦλθε,

289 4154 433 4205 κατά
483 4153 573 4205 τὸν
621 4151 1043 4224 εὑαγγελιστήν.
1094 4153 1203 4206 Καὶ
1254 4154 1569 4228 παράλυτον
1614 4155 1878 4228 ἐλέγομεν

286 4241 432 4298 εἶναι
480 4246 580 4316 τὴν
628 4246 863 4300 ἑκάστου
912 4245 1118 4317 ψυχὴν,
1175 4248 1305 4300 ὅταν
1351 4250 1688 4320 ἐπιστροφῆς
1737 4248 1879 4324 λάϐῃ

286 4338 578 4407 λογισμὸν,
630 4341 942 4410 φερομένην
973 4340 1109 4409 πρὸς
1166 4339 1372 4411 Κύριον
1425 4341 1530 4395 ὑπὸ
1572 4344 1875 4413 τεσσάρων,

287 4430 394 4500 τῆς
436 4430 649 4494 οἰκείας
700 4430 1120 4499 καταγνώσεως,
1160 4431 1261 4500 τῆς
1314 4434 1424 4484 τῶν
1467 4434 1880 4504 ἡμαρτημένων

294 4523 767 4593 ἐξομολογήσεως,
796 4525 896 4594 τῆς
933 4524 1070 4593 πρὸς
1113 4524 1327 4596 άποχὴν
1368 4524 1479 4578 τῶν
1526 4527 1711 4579 κακῶν
1742 4527 1878 4580 ὑπο-

299 4619 561 4688 σχέσεως,
596 4619 692 4673 καὶ
726 4618 824 4689 τῆς
859 4620 996 4690 πρὸς
1029 4619 1120 4673 τὸν
1151 4621 1289 4673 Θεὸν
1312 4619 1574 4691 δεήσεως.
1611 4620 1877 4674 Ἐνταῦθα

296 4712 355 4765 δὲ
387 4713 677 4776 ἀκούοντες
722 4713 817 4765 τοῦ
850 4712 1133 4767 Ματθαίου
1179 4713 1449 4782 λέγοντος,
1488 4716 1574 4767 ὅτι
1627 4716 1804 4785 ἐμϐάς
1850 4720 1879 4770 ό

308 4804 518 4873 Ἰησοῦς
578 4808 657 4870 εἰς
693 4804 875 4859 πλοῖον
922 4806 1238 4878 διεπέρασε,
1292 4811 1385 4860 καὶ
1441 4803 1606 4880 ἦλθεν
1652 4811 1734 4872 εἰς
1780 4811 1877 4877 τὴν

297 4897 436 4951 ἰδίαν
469 4897 647 4965 πόλιν,
693 4898 854 4952 τοῦτο
879 4902 1166 4953 κατανοεῖν
1208 4901 1573 4969 άναγωγικῶς
1600 4903 1761 4956 πάλιν
1814 4906 1879 4957 ἐκ

292 4992 395 5061 τῆς
434 4992 678 5063 ἱστορίας
724 4991 942 5062 ἔχομεν,
989 4992 1281 5063 σύμφωνον
1325 4997 1437 5057 τοῖς
1478 4996 1785 5066 προτέροις,
1827 4999 1876 5049 εἰ

297 5086 397 5137 καὶ
437 5084 517 5155 τῷ
565 5088 877 5154 φαινομένῳ
909 5084 1187 5155 διάφορον,
1220 5085 1301 5139 ὅτι
1341 5089 1368 5139 ό
1397 5088 1576 5152 κοινὸς
1623 5089 1887 5142 ἁπάντων

300 5176 490 5248 Σωτὴρ
536 5166 901 5248 ἐνδυσάμενος
946 5181 1047 5242 τὴν
1078 5179 1353 5248 ἡμετέραν
1379 5181 1541 5245 φύσιν
1592 5182 1887 5252 διεπέρασε

301 5270 402 5341 τὴν
433 5270 561 5324 καθ’
590 5272 737 5341 ἡμᾶς
766 5269 862 5323 τοῦ
897 5270 1015 5342 βίου
1047 5270 1240 5323 τούτου
1270 5270 1571 5336 Θάλασσαν,
1604 5275 1698 5325 καὶ
1722 5268 1888 5344 ἦλθεν

298 5366 380 5428 εἰς
413 5365 514 5434 τὴν
546 5363 686 5418 ἰδίαν
716 5362 897 5429 πόλιν,
928 5362 1031 5431 τὴν
1056 5362 1453 5434 ὑπερουράνιον
1484 5366 1701 5434 ἐκείνην
1728 5365 1889 5435 ἕδραν

295 5458 391 5511 καὶ
418 5456 654 5519 δίαιταν,
710 5455 812 5525 τὴν
851 5455 1114 5525 ὑπεράνω
1153 5456 1337 5525 πάσης
1379 5458 1555 5527 ἀρχῆς
1584 5458 1679 5510 καὶ
1728 5459 1881 5525 ἐξου-

294 5548 416 5613 σίας
456 5548 555 5602 καὶ
584 5548 787 5611 παντὸς
830 5547 1094 5618 ὀνόματος
1134 5550 1229 5601 καὶ
1271 5549 1604 5622 ἀξιώματος,
1662 5553 1773 5604 εἶτε
1819 5553 1877 5605 ἐν

292 5643 373 5714 τῷ
399 5642 494 5696 νῦν
539 5643 721 5709 αἰῶνι,
748 5644 858 5695 εἴτε
907 5642 965 5693 ἐν
1015 5642 1094 5713 τῷ
1129 5642 1381 5712 μέλλοντι
1424 5644 1835 5714 γινωσκομένου
1863 5661 1878 5676 ο

293 5737 475 5791 ἐκεῖνο
487 5756 503 5800 ;
543 5735 653 5806 γάρ
680 5736 851 5799 ὅντως
878 5735 1010 5799 ἴδιός
1046 5737 1197 5791 ἐστιν
1225 5736 1392 5790 αὐτοῦ
1418 5741 1445 5790 ὀ
1476 5737 1663 5803 τόπος,
1698 5737 1755 5801 ὂς
1786 5740 1879 5791 καὶ

368 5924 415 5955 ’³
455 5918 617 5976 Jonn.
659 5935 773 5984 xxi,
808 5920 898 5975 ‘25.

1979 3306 2048 3359 ab
2077 3321 2144 3361 eo
2172 3306 2269 3376 qui
2307 3306 2701 3380 Hierosolymis
2726 3310 3032 3367 secundum
3064 3312 3331 3370 Joannem
3360 3318 3568 3372 sanita-

1982 3411 2087 3451 tem
2113 3399 2334 3468 recepit,
2356 3399 2596 3467 diﬂ'erre;
2621 3410 2675 3456 et
2696 3403 2973 3459 civitatem
3010 3408 3285 3477 propriam
3320 3407 3450 3464 Jesu
3476 3426 3569 3463 vo-

1978 3493 2093 3547 cari
2122 3492 2536 3564 Capharnaum,
2570 3503 2624 3549 et
2661 3512 2762 3551 cur
2800 3497 2917 3553 sola
2944 3499 3159 3553 dicatur
3198 3500 3391 3555 civitas
3422 3503 3565 3569 ejus.

1980 3588 2045 3642 Et
2073 3588 2295 3657 quidem
2329 3588 2539 3657 aliquid
2590 3590 2790 3644 reclusi
2822 3591 3000 3645 mellis
3026 3592 3181 3647 vobis
3213 3596 3371 3662 quasi
3405 3597 3573 3665 spiri-

1981 3680 2220 3735 tualibus
2266 3680 2513 3735 convivis
2546 3682 2889 3751 porrigentes
2923 3683 3320 3754 historiamque
3360 3701 3573 3758 anago-

1980 3773 2101 3843 giee
2136 3773 2288 3828 velut
2315 3773 2594 3843 exemplar
2626 3773 2867 3829 incitans
2911 3774 2979 3829 ad
3022 3774 3279 3830 virtutem
3314 3779 3573 3831 conside-

1978 3878 2193 3932 rantes,
2242 3867 2520 3937 propriam
2550 3867 2830 3923 civilatem
2873 3865 3027 3934 Jesu,
3077 3869 3142 3922 ad
3180 3884 3343 3939 quam
3400 3871 3571 3938 venit,

1979 3974 2104 4014 esse
2139 3959 2286 4013 hunc
2308 3959 2577 4023 mundum
2609 3958 2953 4016 dicebamus.
3004 3960 3219 4015 Etenim
3249 3962 3303 4016 in
3349 3967 3573 4035 propria

1982 4053 2132 4107 venit
2166 4054 2475 4107 secundum
2540 4054 2964 4122 evangelistam.
3022 4050 3388 4127 Paralyticam
3447 4073 3575 4113 vero

1981 4163 2105 4204 csse
2148 4147 2585 4217 uniuscujusque
2613 4147 2885 4215 animam,
2916 4164 3041 4217 quas
3073 4148 3213 4204 inito
3247 4153 3573 4208 conversio-

1982 4238 2071 4293 nis
2107 4238 2339 4294 consilio
2395 4247 2639 4307 quatuor
2671 4239 2835 4292 rebus
2880 4239 2947 4292 ad
2978 4237 3269 4294 Dominum
3328 4243 3573 4310 ducitur,

1984 4333 2207 4403 propria
2241 4331 2455 4387 scilicet
2485 4332 2872 4402 suimetipsius
2904 4333 3393 4402 condemnatione,
3446 4351 3573 4406 pec-

1986 4437 2236 4493 calorum
2274 4440 2503 4479 suorum
2541 4424 2928 4489 confessione,
2997 4426 3308 4481 ahsduendi
3340 4444 3369 4481 a
3433 4430 3577 4484 mulo

1987 4520 2382 4589 promissione,
2409 4528 2464 4572 et
2493 4520 2560 4573 ad
2592 4519 2761 4573 Deum
2801 4518 3085 4574 oratione.
3122 4519 3222 4575 llic
3264 4532 3446 4578 autem
3476 4538 3578 4578 au-

1991 4613 2208 4667 dientes
2234 4611 2549 4666 Matthamm
2583 4613 2881 4676 dicentem,
2918 4615 3046 4682 quia
3077 4616 3384 4672 ascendens
3413 4616 3579 4673 Jesus

1994 4706 2049 4759 in
2085 4707 2393 4761 naviculam
2455 4706 2857 4773 translretavil,
2899 4721 2954 4762 et
2986 4710 3134 4763 venit
3178 4710 3232 4763 in
3288 4712 3569 4768 civitatem

1989 4799 2366 4863 suam,alium
2402 4814 2626 4854 sensum
2672 4803 3035 4871 anagOgicum
3081 4819 3147 4857 ex
3198 4803 3429 4861 historia
3480 4808 3573 4862 illa

1990 4893 2263 4946 habemus
2296 4891 2466 4962 priori
2490 4893 2714 4962 quidem
2749 4910 2859 4947 non
2888 4895 3229 4963 oppositum,
3266 4908 3365 4952 etsi
3410 4899 3577 4953 dissi-

1987 4984 2135 5038 utilis
2160 4985 2433 5037 videatur.
2463 4982 2719 5039 Omnium
2753 4988 3062 5041 communis
3087 4988 3338 5043 Salvator
3380 5003 3579 5048 natura

1987 5087 2179 5131 nostra
2214 5076 2460 5145 indutus,
2493 5077 2876 5133 transfretavit
2932 5096 3085 5136 mare
3109 5082 3272 5152 hujus
3316 5084 3577 5142 videlicet

1991 5173 2115 5226 vita:
2152 5181 2375 5237 nostrae,
2418 5172 2677 5241 venitque
2703 5171 2757 5226 in
2785 5174 3063 5243 proprium
3098 5175 3398 5242 civitatem,
3440 5180 3581 5233 eele-

1990 5276 2126 5320 stem
2158 5264 2347 5334 utique
2385 5265 2786 5337 habitationem
2809 5277 2866 5320 et
2914 5268 3176 5322 thronum
3241 5285 3408 5340 supra
3461 5286 3581 5327 om-

1993 5376 2117 5414 nem
2158 5360 2527 5429 principatum
2560 5369 2614 5413 et
2655 5371 3007 5429 potestatem,
3050 5378 3212 5431 supra
3260 5380 3421 5420 omne
3481 5382 3584 5419 no-

1993 5469 2117 5506 men
2173 5464 2227 5505 et
2254 5468 2473 5506 omnem
2514 5452 2852 5521 majestatem
2877 5469 2998 5524 qua:
3046 5455 3098 5508 in
3126 5456 3228 5509 hoc
3253 5458 3457 5512 saeculo
3498 5461 3581 5513 vel

1994 5548 2073 5618 in.
2106 5546 2297 5601 luturo
2352 5546 2616 5601 innotuit.
2664 5546 2767 5613 Qui
2820 5546 2977 5623 locus
3011 5563 3133 5602 cum
3197 5549 3269 5605 sit
3298 5566 3427 5605 vere
3473 5551 3580 5623 ipsi

1994 5642 2275 5712 proprius,
2311 5641 2413 5710 ipsi
2441 5640 2541 5696 soli
2569 5642 2913 5696 acce5sihilis
2944 5650 3050 5697 est.
3080 5643 3235 5709 Quod
3278 5645 3578 5701 ostendens

1992 5735 2285 5790 Psahnista
2314 5735 2499 5790 dixit:
2558 5753 2576 5788 ι
2628 5734 2842 5790 Caelum
2901 5738 3026 5793 ccelt
3073 5734 3397 5796 Domino“.
3435 5758 3454 5792 ι
3516 5749 3581 5796 ut

978 5920 1024 5952 ’³
1054 5919 1249 5975 Matth.
1275 5934 1351 5984 ut,
1392 5919 1441 5985 l,
1474 5919 1531 5973 ‘2.
1607 5919 1649 5952 “
1690 5916 1836 5974 Psal.
1875 5933 2030 5983 cxni,
2068 5920 2158 5974 25.
