4014 6432
512 374 613 436 ἷὸἳ
1754 359 2138 424 GREGORII
2174 359 2499 423 PALAMJE
3671 354 3771 419 368

436 568 441 573 1
510 497 843 545 monstraret
895 487 1094 541 eretum
1155 499 1278 540 esse
1311 481 1490 536 locum
1558 488 1611 533 et
1676 494 1800 533 vere
1866 480 2090 533 domum

2198 476 2348 573 μόνῳ
2405 478 2582 547 τούτῳ
2623 474 2804 548 βατός.
2859 474 2973 531 Καὶ
3015 474 3171 530 τοῦτο
3219 473 3392 549 δηλῶν
3435 475 3463 529 6
3487 471 3773 543 ψαλμῳδὺς

512 578 787 656 propriam
829 584 943 635 Dei.
978 580 1115 647 Quia
1163 588 1345 634 autem
1386 591 1495 631 non
1534 572 1790 641 deposuit
1834 580 2085 625 naturam

2198 569 2515 640 Προφήτης,
2570 568 2791 638 ἔλεγεν·
2828 586 2847 620 ι
2891 569 2952 622 '0
3011 567 3242 638 οὐρανὸς
3288 565 3385 619 τοῦ
3433 566 3666 635 ούρανοῦ
3699 564 3775 633 τῷ

510 689 755 733 nostram
816 675 1106 736 Dominus,
1167 672 1395 726 veniens
1458 671 1511 723 in
1564 665 1853 737 proprium
1907 664 2088 718 locum

2198 662 2416 734 Κυρίῳ,
2462 682 2481 715 ι
2540 663 2617 727 ὡς
2656 661 2812 726 δντος
2866 660 3100 732 ούρανοῦ
3153 662 3249 715 καὶ
3291 660 3481 724 τόπου,
3519 658 3579 722 δς
3630 654 3780 722 οἶκός

509 788 690 834 suum,
733 770 855 824 ideo
882 778 936 823 et
968 776 1154 822 noster
1182 764 1544 833 evangelista,
1566 758 1881 816 Ascendens
1910 756 2091 818 Jesus,

2198 755 2344 808 ἐστιν
2381 754 2550 819 ϐντως
2594 754 2727 819 ίδιος
2758 753 2915 809 Θεοῦ.
2966 754 3122 809 Ἐπεὶ
3164 753 3224 808 δὲ
3248 753 3350 807 οὐκ
3406 752 3647 808 ἀπέθετο
3680 751 3779 820 τὴν

509 864 665 929 dicit,
688 863 739 916 in
770 860 1070 916 naviculam
1098 854 1491 919 transire-tavit,
1516 870 1622 909 non
1647 852 1859 907 addito:
1883 847 2090 901 Etcum

2197 848 2481 919 ἡμετέραν
2514 846 2677 916 φύσιν
2711 849 2740 902 6
2765 846 2975 918 Κύριος
3002 850 3084 911 είς
3125 846 3219 902 τδν
3245 846 3379 900 ίδιον
3416 842 3582 900 αὑτοῦ
3613 843 3781 897 τόπον

510 956 938 1014 descendissete
967 949 1242 1010 navicula,
1277 951 1424 1003 venit
1472 947 1526 1000 in
1568 944 1846 999 civitatem
1910 952 2090 1002 suam,

2196 938 2390 992 τοῦτον
2424 938 2617 1004 ἐλθὼν,
2671 937 2761 992 διά
2790 936 2953 992 τοῦτο
2998 938 3093 991 καὶ
3142 938 3171 990 6
3201 932 3597 1006 εὐαγγελιστὴς
3626 925 3784 995 οὗτος

508 1049 604 1108 sed
626 1047 933 1104 ascendens
973 1044 1025 1097 in
1058 1039 1364 1095 naviculam
1399 1033 1800 1094 transtri-tavit,
1851 1039 1905 1086 et
1939 1028 2089 1084 venit

2196 1030 2395 1096 εἰπὼν,
2429 1031 2511 1085 ὅτι
2557 1031 2735 1100 ἐμϐὰς
2767 1032 2795 1085 6
2837 1028 3047 1100 Ἰησοῦς
3078 1030 3159 1093 είς
3208 1029 3390 1083 πλοῖον
3433 1027 3782 1099 διεπέρασεν,

510 1148 564 1199 in
592 1142 869 1199 civitatem
918 1153 1073 1193 suam
1139 1151 1263 1190 cum
1306 1138 1584 1200 assumpta
1641 1125 1911 1191 navicula,
1963 1138 2088 1178 cum

2196 1123 2294 1175 οὐκ
2356 1123 2662 1193 ἐπήνεγκεν
2701 1123 2785 1177 ὅτι
2833 1124 2928 1176 καὶ
2957 1120 3172 1183 ἀποϐἀς
3203 1119 3300 1173 τοῦ
3347 1118 3558 1183 πλοίου,
3605 1116 3785 1185 οὕτως

508 1244 701 1291 nostro
730 1231 939 1287 scilicet
969 1242 1207 1297 corpore
1235 1224 1492 1279 habitans
1522 1223 1575 1277 in
1601 1218 1945 1275 coelestibus.

2192 1209 2355 1286 ἦλθεν
2415 1216 2496 1279 είς
2541 1216 2642 1286 τὴν
2679 1215 2820 1271 ίδίαν
2859 1214 3041 1281 πόλιν,
3096 1212 3214 1268 ἀλλ’
3244 1212 3423 1283 ἐμϐὰς
3469 1212 3552 1275 είς
3594 1209 3787 1263 πλοῖον

505 1334 822 1403 διεπέρασε,
856 1330 950 1381 καὶ
978 1321 1143 1397 ἦλθεν
1191 1324 1272 1386 είς
1314 1321 1412 1392 τὴν
1443 1320 1582 1373 ίδὲαν
1623 1318 1776 1370 πόλιν
1822 1313 1964 1385 μετὰ
1998 1310 2093 1391 τοῦ
2134 1311 2475 1385 καταλλὴλου
2527 1311 2740 1380 πλοίου,
2771 1310 2866 1365 τοῦ
2912 1310 3034 1367 καθ’
3074 1310 3226 1381 ἡμᾶς
3289 1308 3436 1376 λέγω
3503 1306 3789 1375 σώματος,

505 1427 816 1497 ἐνδημήσας
847 1424 960 1484 τοίς
989 1417 1429 1490 ὑπερουρανίοις.

577 1522 735 1578 Tunc
763 1534 892 1590 ergo
939 1515 1090 1571 venit
1137 1513 1190 1568 in
1239 1512 1519 1566 civitatem
1567 1518 1866 1583 supernam
1915 1509 1971 1555 et
2006 1501 2091 1554 in-

508 1616 698 1674 troivit
729 1614 782 1667 in
816 1626 944 1666 vere
978 1608 1179 1664 Sancta
1211 1612 1549 1662 sanctorum,
1574 1598 1825 1666 seditque
1861 1591 1930 1648 ad
1960 1591 2093 1647 dex-

507 1725 682 1766 teram
700 1703 878 1759 Patris
903 1717 1025 1755 eum
1056 1705 1238 1753 nostro
1266 1694 1622 1764 plasmate,ut
1647 1684 1883 1757 propriis
1914 1678 2093 1736 verbis

512 1817 636 1857 utar
676 1793 947 1869 Apostoli,
971 1800 1173 1846 attenta
1206 1783 1579 1853 redemptione
1628 1786 1814 1834 nostra
1851 1776 2089 1830 inventa.

2272 1497 2400 1551 Ὅτε
2432 1495 2528 1551 οῦν
2571 1490 2739 1568 ἦλθεν
2774 1492 2857 1558 είς
2887 1494 2986 1567 τὴν
3036 1492 3149 1546 ἄνω
3182 1488 3358 1554 πόλιν,
3392 1487 3489 1541 καὶ
3528 1484 3789 1555 εἰσῆλθεν

2198 1591 2279 1655 είς
2308 1590 2376 1644 τά
2419 1588 2590 1652 ὅντως
2624 1590 2793 1657 ’Δγια
2822 1587 2933 1642 τῶν
2975 1585 3171 1655 ἀγίων,
3198 1581 3296 1637 καὶ
3324 1581 3583 1636 ἐκάθισεν
3614 1580 3674 1633 ἐν
3698 1579 3791 1633 δε-

2200 1684 2290 1757 ξιᾷ
2313 1686 2407 1742 τοῦ
2437 1684 2650 1753 Πατρδς
2690 1680 2831 1753 μετά
2870 1679 2963 1734 τοῦ
3013 1678 3286 1750 ἡμετέρου
3321 1675 3667 1746 φυράματος,
3694 1670 3791 1726 ἵνα

2200 1777 2341 1833 κατά
2397 1776 2490 1830 τὸν
2540 1772 2865 1829 Ἀπόστολον
2894 1772 3058 1838 εἴπω,
3114 1768 3339 1825 αίωνίαν
3389 1766 3661 1838 λύτρωσιν
3688 1763 3791 1817 εύ-

512 1841 625 1857 ..ηη
676 1841 947 1869 .-,,-.,----,
1244 1841 1249 1842 ,
1391 1841 1410 1853 ,

510 1895 616 1948 tios
649 1904 780 1945 vero
816 1888 906 1954 qui
939 1900 1005 1940 ex
1032 1880 1287 1954 gentibus
1339 1886 1560 1948 recepto
1600 1869 1851 1928 veritatis
1891 1866 2088 1924 nuntio

2198 1868 2433 1941 ράμενος
2465 1866 2608 1936 ὑπὲρ
2642 1865 2826 1938 ἡμῶν,
2866 1864 2993 1918 τότε
3021 1862 3149 1926 τοὺς
3188 1861 3249 1929 ἐξ
3276 1859 3447 1914 ἐθνῶν
3469 1855 3790 1928 παραδεξα-

484 1970 561 2044 et
586 2002 652 2045 ex
685 1985 871 2039 auditu
903 1979 1045 2035 intra
1081 1990 1142 2033 se
1189 1972 1392 2029 turbati
1437 1979 1493 2026 et
1536 1967 1751 2025 confusi
1802 1970 2091 2021 remanent

507 2092 690 2135 tamen
720 2077 774 2131 itt
803 2076 942 2129 lecto
972 2066 1266 2138 voluptatis
1292 2064 1564 2136 iacentes,
1607 2058 1834 2125 inﬁt-mi,
1874 2056 2090 2129 paraly-

508 2173 600 2228 tici
645 2168 978 2225 medicinam
1012 2158 1351 2234 spiritualth
1394 2156 1713 2212 morborum
1742 2166 1966 2209 sumere
1989 2166 2090 2211 ne-

505 2273 723 2337 gantes,
767 2265 1123 2329 peccatorum
1155 2263 1380 2303 suorum
1426 2245 1637 2301 scilicet
1685 2239 2088 2303 remissionem,

509 2330 774 2411 habentes
824 2362 1026 2418 corpus
1063 2345 1131 2399 ad
1183 2356 1349 2397 omne
1379 2354 1517 2409 onus
1549 2337 1753 2392 bonum
1783 2330 2090 2395 immobile,

508 2452 610 2505 hos
661 2447 943 2502 elevantes
985 2437 1238 2510 apostoli,
1286 2435 1337 2489 id
1381 2442 1466 2488 est
1506 2430 1770 2499 eligentes
1832 2438 2092 2496 separan-

510 2531 806 2612 tesqud'ab
838 2536 924 2590 bis
960 2533 1054 2601 qui
1103 2528 1334 2585 verbum
1390 2522 1733 2596 pmuitentite
1784 2528 1841 2575 et
1870 2513 2092 2590 pietatis

510 2648 617 2689 non
657 2636 985 2700 receperunt
1019 2625 1085 2679 ad
1116 2622 1395 2678 Christum
1431 2617 1736 2678 adducunt,
1777 2621 1832 2667 et
1858 2622 2094 2682 pmser‘

513 2729 608 2780 tim
648 2722 834 2793 petitis
865 2719 972 2774 hoc
1004 2725 1173 2788 agunt
1216 2712 1314 2784 qui
1343 2726 1410 2767 ex
1441 2706 1703 2778 apostolis
1742 2701 2090 2775 Evangelium

509 2792 981 2885 conscripserunt;
1003 2809 1056 2864 hi
1075 2820 1260 2865 autem
1278 2812 1517 2876 quatuor
1533 2807 1681 2856 sunt.
1706 2798 1772 2852 Et
1788 2796 1978 2852 videns
1994 2792 2093 2848 Do-

510 2915 695 2969 minus
738 2909 898 2964 tidem
931 2906 1171 2968 illorum,
1208 2895 1557 2954 otl'crentium
1589 2891 1796 2948 scilicet
1818 2885 2095 2958 apostolo-

512 3022 632 3061 ram
657 3004 816 3058 tidem
830 2997 1122 3070 perfectam
1148 3009 1164 3048 :
1180 2991 1284 3062 ipsi
1302 2988 1446 3044 enim
1461 2985 1619 3042 nobis
1637 2989 1765 3038 sunt
1777 2991 1831 3036 et
1849 2975 2093 3048 magistri

508 3109 564 3151 et
586 3068 919 3150 tnedlatores‘
951 3087 1018 3142 ad
1040 3087 1231 3147 Deum,
1252 3076 1589 3151 imperfectis
1604 3075 1831 3146 gratiam
1852 3068 2094 3140 adoptio-

498 3189 598 3271 )tis
626 3182 878 3271 lat-gitur,
908 3178 1095 3271 dicens
1115 3171 1348 3271 singulis
1382 3167 1486 3224 sibi
1515 3164 1715 3271 oblatis
1743 3180 1757 3218 :
1793 3179 1812 3212 σ
1842 3157 2089 3261 (lonlide,

510 3273 611 3338 illi,
641 3246 999 3325 remittuntur
1036 3262 1132 3317 tibi
1160 3266 1384 3330 peccata
1412 3267 1527 3311 tua.
1563 3272 1583 3306 ι
1621 3250 1861 3323 Depone,
1886 3246 2083 3319 inquit,

509 3375 730 3417 onmem
759 3358 1007 3413 timorem
1027 3358 1094 3409 de
1112 3354 1353 3424 peccatis
1376 3347 1509 3413 tuis,
1536 3343 1890 3402 remittuntur
1914 3340 2082 3395 enim.

510 3453 731 3523 Depone
779 3449 1052 3508 minarum
1102 3442 1492 3506 tormidinem,
1541 3436 1901 3494 concessione
1934 3430 2084 3486 enim

508 3543 938 3616 promissionum
973 3539 1152 3595 factus
1184 3551 1243 3593 es
1297 3534 1443 3591 ﬁlius
1485 3545 1661 3598 meus,
1693 3529 1872 3584 haeres
1907 3540 2084 3579 meus.

505 3637 663 3706 Quod
697 3636 756 3691 lit
807 3649 993 3690 revera
1044 3647 1141 3703 per
1183 3643 1401 3683 sacrum
1437 3625 1709 3696 baptisma
1743 3621 1799 3677 in
1838 3633 1950 3690 quo
1999 3631 2087 3672 re-

506 3728 791 3785 nascimur
854 3726 1057 3798 spiritu
1110 3721 1450 3794 adoptionis,
1515 3717 1895 3774 remissionem
1943 3710 2091 3768 acci-

506 3823 717 3894 pientes
751 3818 1175 3895 praacedentiutn
1207 3815 1558 3877 delictorum,
1607 3821 1661 3867 et
1693 3807 1963 3866 eﬂicimur
2008 3818 2088 3860 se-

504 3916 746 3974 cundum
808 3913 1232 3984 promissionem
1288 3906 1535 3962 haeredes
1599 3906 1717 3968 'uet,
1774 3897 2087 3955 coheredes

504 4020 688 4066 autem
721 3999 948 4064 Christi.
973 4004 1080 4059 Sed
1111 4001 1340 4065 Seribae,
1378 3995 1661 4063 Pharisaei,
1693 3993 1897 4067 Gentes
1914 4000 1968 4047 et
1993 3988 2089 4045 Ju-

504 4100 606 4156 daei
640 4111 751 4153 non
778 4098 1011 4151 credunt
1033 4090 1289 4149 etlicaciae
1317 4098 1374 4144 et
1405 4088 1596 4158 gratia:
1626 4083 1975 4155 baptismatis
1998 4080 2087 4139 cui
2134 4114 2137 4117 η

506 4210 607 4250 nos
663 4192 825 4246 fidem
879 4188 1226 4253 adhibemus,
1261 4194 1315 4241 et
1362 4183 1551 4237 dicunt
1583 4198 1598 4235 :
1630 4179 1764 4244 Quis
1799 4185 1977 4248 potest
2005 4174 2088 4230 di-

507 4277 724 4345 mittere
753 4282 1015 4354 peccata?
1040 4281 1147 4345 Nos
1180 4291 1311 4332 vero
1358 4276 1514 4347 prius
1560 4272 1935 4342 voluptatibus
1964 4282 2089 4339 pas-

504 4376 867 4448 sionibnsque
896 4372 1166 4430 debilitati
1189 4378 1243 4425 et
1264 4369 1332 4425 ad
1362 4369 1568 4424 bonum
1597 4364 1797 4420 inﬁrmi
1830 4361 2088 4416 audimus

505 4471 705 4543 singuli
735 4473 834 4526 hac
867 4469 1035 4522 verba
1067 4485 1082 4520 :
1119 4483 1140 4517 t
1181 4464 1382 4533 Surge,
1426 4460 1552 4516 tolle
1579 4459 1778 4514 lectum
1823 4467 1997 4518 tuum,
2033 4459 2088 4506 et

2198 1965 2397 2034 μένους
2440 1961 2501 2013 τὸ
2546 1958 2812 2031 κήρυγμα
2857 1956 2956 2028 τῆς
3008 1954 3293 2027 ἀληθείας,
3333 1951 3430 2007 καὶ
3456 1952 3520 2019 τῇ
3577 1948 3679 2021 μὲν
3720 1944 3789 2014 ἐξ

2195 2053 2367 2125 ἀκοῆς
2415 2051 2629 2106 συνέσει
2678 2049 3019 2120 φοϐηθέντας
3058 2048 3154 2102 καὶ
3201 2042 3667 2107 ταπεινωθέντας,
3697 2039 3787 2093 ἔτι

2195 2147 2254 2201 δὲ
2293 2145 2583 2216 κειμένους
2638 2142 2715 2205 ὥς
2761 2142 2857 2195 ἐπὶ
2892 2140 3079 2211 κλίνης
3126 2140 3227 2210 τῆς
3273 2135 3631 2209 ἡδυπαθείας,
3687 2130 3790 2185 καὶ

2198 2236 2569 2309 παρειμένους
2593 2232 2756 2299 ὄντας
2786 2233 2884 2287 καὶ
2912 2230 3288 2302 παραλύτους,
3310 2229 3371 2282 τὸ
3403 2228 3572 2298 μήπω
3593 2221 3789 2276 λαϐεῖν

2196 2329 2306 2384 τῶν
2335 2327 2477 2383 κατᾶ
2499 2324 2676 2398 ψυχὴν
2693 2324 3017 2396 νοσημάτων
3035 2323 3136 2394 τὴν
3164 2322 3333 2386 ίασιν,
3357 2320 3524 2375 ταυτὸ
3539 2316 3587 2369 δ’
3602 2316 3787 2369 εἰπεῖν

2197 2421 2308 2475 τῶν
2338 2418 2557 2475 οἰκείων
2606 2417 3029 2488 ἁμαρτημάτων
3071 2414 3171 2484 τὴν
3217 2412 3438 2480 ἄφεσιν,
3482 2404 3786 2462 κάντεῦθεν

2199 2514 2458 2584 ἀκίνητον
2500 2510 2725 2582 ἔχοντας
2757 2509 2853 2563 καὶ
2875 2508 2938 2560 τὸ
2970 2506 3133 2576 σῶμα
3164 2504 3299 2574 πρὸς
3333 2502 3432 2573 τὴν
3482 2498 3577 2554 τοῦ
3612 2495 3787 2551 καλοῦ

2198 2604 2489 2677 ἐργασίαν,
2523 2604 2753 2674 ἄραντες
2789 2601 2840 2655 οἱ
2867 2597 3182 2663 ἀπόστολοι,
3219 2594 3507 2649 τουτέστιν
3556 2591 3814 2659 basia--

2202 2715 2356 2770 μενοι
2397 2696 2493 2751 καὶ
2541 2694 2878 2768 χωρίσαντες
2931 2691 3042 2744 τῶν
3076 2690 3151 2760 μὴ
3212 2684 3682 2757 παραδεξαμένων
3719 2682 3788 2737 τὸ

2199 2791 2300 2861 τῆς
2333 2789 2626 2861 μετανοίας
2658 2786 2752 2840 καὶ
2783 2785 2883 2856 τῆς
2931 2779 3219 2845 εὐσεϐείας
3265 2780 3533 2850 κήρυγμα
3570 2775 3786 2849 προσά·

2198 2899 2358 2952 γουσι
2416 2880 2494 2952 τῷ
2540 2876 2786 2949 Χριστῷ,
2846 2876 2943 2930 καὶ⁸
2990 2874 3193 2946 μᾶλλον
3236 2872 3348 2926 τῶν
3402 2870 3583 2926 ἀλλων
3641 2871 3782 2923 ἀπο-

2200 2974 2424 3039 στόλων,
2480 2971 2639 3043 163
2689 2970 2740 3022 οἱ
2801 2968 2864 3022 τὸ
2915 2964 3249 3035 Εὐαγγέλιον
3301 2962 3780 3034 συγγραψάμενοι·

2199 3068 2464 3138 τέσσαρες
2495 3066 2552 3119 δὲ
2603 3060 2751 3120 οὗτοί
2784 3063 2943 3117 εἰσιν.
2988 3060 3049 3115 '0
3095 3061 3151 3114 δὲ
3184 3057 3389 3130 Κύριος
3439 3055 3588 3123 ἰδὼν,
3620 3056 3783 3127 φησὶ,

2201 3161 2297 3235 τὴν
2330 3161 2515 3215 πίστιν
2553 3157 2753 3225 αὐτῶν,
2790 3157 2909 3228 ἡτοι
2944 3153 3053 3208 τῶν
3095 3153 3521 3226 προσφερόντων
3546 3150 3781 3204 ἀποστό-

2191 3254 2321 3320 λων,
2355 3252 2444 3306 διὰ
2474 3251 2573 3322 τὴν
2597 3249 2812 3303 τελείαν
2848 3246 3029 3301 αὐτῶν
3061 3246 3285 3317 πίστινξ,
3317 3244 3476 3300 αὐτοὶ
3505 3242 3617 3316 γάρ
3638 3244 3779 3296 εἰσιν

2189 3346 2325 3415 ἡμῖν
2368 3346 2464 3399 καὶ
2493 3343 2810 3398 διὶάσκαλοι
2846 3341 2942 3396 καὶ
2983 3342 3205 3412 μεσϊται
3232 3341 3303 3392 τά
3336 3338 3474 3410 πρὸς
3501 3336 3594 3391 τὸν
3620 3336 3782 3408 Θεὸν,

2190 3438 2421 3502 καὶτοῖς
2447 3436 2664 3490 ἀτελέσι
2691 3435 2790 3508 τὴν
2827 3434 3103 3489 υἱοθεσίαν
3143 3432 3452 3507 χαρίζεται,
3482 3431 3618 3504 πρὸς
3644 3431 3782 3485 Exa-

2192 3545 2316 3583 στον
2365 3528 2476 3583 τῶν
2540 3526 2685 3582 οὕτω
2739 3527 3170 3600 προσαγομένων
3227 3525 3437 3596 λέγων’
3490 3541 3511 3577 t
3546 3523 3780 3597 Θάρσει,

2188 3622 2400 3688 τέκνον,
2435 3621 2716 3692 ἀφέωνταί
2740 3638 2825 3674 σοι
2858 3622 2915 3675 αί
2945 3619 3238 3693 ἁμαρτίαι.
3269 3638 3288 3672 ι
3335 3617 3591 3680 Ἀπόθου.
3617 3620 3781 3689 φησι,

2189 3716 2282 3769 τὸν
2321 3715 2415 3768 ἐπὶ
2458 3716 2572 3777 τοῖς
2626 3714 2996 3786 ἁμαρτήμασι
3047 3711 3238 3784 φόϐον,
3295 3711 3574 3782 ἀφέωνται
3623 3711 3780 3781 γάρε

2189 3810 2396 3864 ἀπόθου
2426 3810 2527 3878 τὴν
2555 3810 2647 3865 ἐπὶ
2676 3812 2790 3873 τοῖς
2822 3809 3218 3881 ἡπειλημένοις
3247 3806 3474 3879 φρίκην,
3513 3804 3779 3878 ἐπιτεύξῃ

2190 3906 2301 3973 γὰρ
2347 3902 2457 3956 τῶν
2488 3904 2946 3975 ἐπηγγελμένων,
2984 3902 3178 3955 τέκνον
3223 3901 3355 3973 ἐμὸν
3389 3897 3655 3969 γεγονὼς,
3683 3898 3779 3954 καὶ

2190 3994 2531 4068 κληρονόμος
2587 3998 2741 4067 ἐμός.
2795 3995 2968 4050 Τοῦτο
2996 3996 3053 4050 δὲ
3098 3994 3423 4066 πρακτικῶς
3471 3993 3780 4048 ἐκτελείται

2188 4087 2401 4142 διὰ-τοῦ
2425 4087 2570 4142 θείου
2600 4087 3002 4159 βαπτίσματος,
3030 4089 3088 4144 ἐν
3112 4083 3157 4157 ᾧ
3177 4088 3454 4158 πνεύματι
3476 4087 3578 4159 τῆς
3598 4087 3784 4142 υίοθε-

2192 4179 2313 4243 σίας
2342 4180 2794 4252 ἀναγεννὼμεθα,
2821 4179 2921 4253 τὴν
2948 4181 3147 4253 ἄρρεσιν
3196 4182 3306 4236 τῶν
3341 4182 3784 4256 προημαρτημέ-

2192 4288 2297 4325 νων
2324 4271 2602 4339 λαϐὀντες,
2637 4271 2732 4326 καὶ
2776 4273 2898 4326 κατ’
2928 4271 3265 4343 ἐπαγγελίαν
3307 4273 3596 4342 γεγονότες
3636 4273 3782 4343 κλη-

2196 4363 2414 4439 ρονόμοι
2445 4365 2544 4436 μὲν
2575 4365 2732 4433 Θεοῦ,
2771 4366 3208 4437 συγκληρονόμοι
3240 4365 3299 4420 δὲ
3330 4365 3592 4437 Χριστοῦ.
3633 4366 3778 4420 Ἀλλ’

2191 4458 2240 4510 οἱ
2274 4454 2630 4529 Γραμματεῖς
2676 4462 2769 4515 καὶ
2811 4461 3122 4531 Φαρισαῖοι,
3169 4461 3433 4532 Ἕλληνες
3488 4460 3582 4513 καὶ
3640 4460 3780 4514 ἰου-

504 4566 644 4622 vade
673 4565 727 4621 in
755 4564 980 4619 domum
1010 4570 1185 4621 tuam,
1220 4574 1239 4606 ι
1273 4559 1419 4610 sicut
1444 4552 1532 4606 ille
1563 4549 1938 4622 paralyticus;
1993 4558 2086 4601 ro-

2196 4551 2333 4605 δαῑοι
2368 4551 2657 4606 ἀπιστοῦσι
2694 4554 2762 4623 τῇ
2791 4553 2925 4625 παρ’
2962 4552 3119 4624 ἡμῶν
3155 4553 3523 4625 πιστευομένη
3547 4552 3781 4622 δυνάμει

507 4661 683 4717 Lorati
733 4658 879 4714 enim
925 4669 1022 4725 per
1049 4649 1281 4722 gratiam
1314 4647 1571 4716 viresque
1597 4645 1810 4700 divinas
1844 4641 2003 4698 nobis
2032 4638 2087 4694 in

505 4755 782 4827 baptismo
853 4758 1147 4803 concessas
1197 4739 1465 4796 etﬁcimnr
1510 4737 1578 4792 ad
1624 4737 1889 4791 virtutem
1946 4732 2090 4788 ﬁrmi

509 4824 647 4902 bene
696 4837 986 4912 praeparati
1045 4842 1101 4887 et
1135 4829 1426 4885 facultates
1484 4826 1734 4897 corporis
1787 4833 1843 4880 et
1890 4824 2113 4897 animati

504 4938 892 5004 subiectasque
925 4926 1059 4997 ipsis
1096 4924 1151 4978 in
1179 4922 1396 4977 actibus
1446 4920 1707 4975 materias
1745 4918 1848 4972 sub
1887 4915 2089 4988 quibus

505 5029 659 5100 prius
686 5024 1072 5079 detinebantur
1098 5020 1425 5081 servientes,
1457 5025 1608 5066 nunc
1631 5012 1873 5080 regitnus
1904 5020 1963 5064 ut
1982 5006 2092 5063 Deo

510 5121 779 5188 nobisque
809 5125 1026 5188 gratum
1060 5121 1165 5181 est,
1206 5119 1260 5167 et
1285 5117 1555 5181 quantum
1599 5119 1900 5177 possumus
1935 5104 2092 5158 sedes

507 5225 746 5268 a‘let‘ttas
773 5219 827 5265 et
861 5208 1117 5263 scelestos
1145 5205 1198 5258 in
1236 5203 1460 5258 domum
1497 5198 1776 5269 proni-lam
1802 5197 2088 5253 vertimus.

510 5308 603 5363 Sic
627 5321 757 5376 ergo
784 5305 855 5359 ab
883 5303 1006 5358 aliis
1029 5300 1349 5357 diﬂ'erentes
1374 5297 1429 5350 in
1457 5304 1648 5349 nostra
1670 5292 2091 5347 conversatione

509 5402 622 5456 Deo
642 5408 795 5470 grata
825 5397 917 5468 qui
945 5411 1045 5451 nos
1064 5395 1249 5448 vident
1267 5404 1370 5444 nos
1396 5388 1670 5442 mirantur
1695 5396 1745 5442 et
1777 5386 2090 5457 glorilicant

506 5496 678 5550 Deum
704 5492 796 5563 qui
823 5497 985 5545 talem
1017 5489 1108 5540 dat
1136 5492 1458 5556 potestatem
1492 5491 1545 5534 et
1593 5479 1849 5533 virtutem
1894 5478 1959 5532 iis
1992 5477 2086 5547 qni

513 5588 746 5643 credunt
800 5588 854 5640 in
908 5598 1052 5649 eum,
1103 5592 1162 5634 ut
1216 5578 1460 5631 viventes
1505 5574 1685 5628 adhuc
1734 5573 1973 5625 interra
2010 5569 2090 5622 vi-

507 5687 742 5739 deantur
784 5677 1184 5735 habitationem
1234 5670 1437 5725 habere
1483 5670 1536 5721 in
1578 5665 1756 5721 cmlis.
1822 5662 2090 5736 Baptismi

506 5774 680 5844 gratia
716 5781 770 5825 et
801 5772 977 5823 virtus
1024 5780 1120 5838 per
1151 5775 1395 5817 amorem
1431 5758 1581 5813 illius
1629 5758 1723 5826 qui
1781 5758 1920 5811 hanc
1953 5771 2089 5811 con-

505 5865 676 5923 cessit
741 5870 987 5920 remanet
1053 5858 1277 5933 quidem
1342 5853 1501 5909 nobis
1551 5849 1912 5922 peccantibus
1963 5859 2089 5922 post

2195 4645 2290 4697 καὶ
2323 4642 2505 4715 χάριτι
2553 4642 2646 4696 τοῦ
2683 4642 2830 4697 θείου
2892 4643 3294 4714 βαπτίσματος,
3346 4645 3621 4713 λέγοντες,
3678 4646 3780 4709 Τίς

2192 4736 2418 4790 δύναται
2456 4736 2675 4805 ἀφιέναι
2715 4736 3031 4807 ἀμαρτίας;
3074 4736 3267 4807 Ἡμεῖς
3306 4738 3364 4792 δὲ
3416 4740 3466 4792 οί
3508 4739 3778 4811 πρότερον

2193 4829 2634 4901 παραλελυμένοι
2680 4832 2776 4884 καὶ
2824 4829 3004 4903 ψυχὴν
3057 4832 3150 4885 καὶ
3185 4834 3347 4903 σῶμα
3390 4834 3515 4896 ταῖς
3557 4833 3780 4904 ἡδοναῖς

2195 4924 2289 4977 καὶ
2320 4926 2434 4987 τοῖς
2467 4922 2687 4992 πάθεσι,
2718 4924 2811 4979 καὶ
2840 4925 2977 4996 πρὸς
3007 4924 3068 4978 τὸ
3106 4926 3268 4979 καλὸν
3299 4927 3547 4996 ἀκίνητοι
3580 4908 3780 4998 διαμέ-

2195 5030 2400 5079 νοντες,
2460 5015 2733 5087 ἀκούομεν
2793 5017 3023 5081 ἕκαστος
3051 5034 3065 5049 ο
3119 5037 3139 5071 ι
3176 5019 3453 5091 Ἐγειραι,
3494 5023 3589 5075 καὶ
3642 5017 3780 5093 ἆρον

2193 5108 2286 5160 τὸν
2321 5106 2630 5176 κράϐϐατόν
2676 5124 2794 5175 σου,
2825 5111 2918 5164 καὶ
2951 5108 3132 5181 ὕπαγε
3164 5112 3244 5176 είς
3274 5113 3365 5167 τὸν
3406 5111 3555 5169 οἶκόν
3594 5131 3713 5179 σου,
3753 5135 3775 5167 ι

2193 5199 2269 5263 ὡς
2295 5202 2387 5253 καὶ
2424 5201 2453 5253 6
2496 5201 2872 5270 παραλυτικὸς
2919 5204 3126 5267 ἐκεῖνος
3151 5220 3165 5235 ο
3210 5205 3613 5277 δυναμούμενοι
3668 5225 3780 5279 γαρ

2196 5294 2351 5363 παρά
2378 5294 2477 5361 τῆς
2516 5297 2574 5348 ἐν
2605 5295 2740 5366 ἡμῖν
2789 5295 2884 5349 τοῦ
2923 5297 3302 5370 βαπτίσματος
3360 5300 3511 5364 θείας
3552 5302 3782 5373 χάριτος

2196 5386 2295 5440 καὶ
2334 5387 2641 5457 δυνάμεως,
2681 5388 2951 5459 γινόμεθα
3004 5392 3143 5461 πρὸς
3186 5390 3388 5464 ἀρετὴν
3431 5392 3639 5447 εὔτονοι
3688 5400 3783 5447 καὶ

2198 5479 2497 5550 εὐκίνητοι,
2530 5485 2625 5535 καὶ
2655 5484 2756 5546 τὰς
2789 5485 2887 5554 τῆς
2916 5482 3098 5555 ψυχῆς
3136 5488 3230 5539 καὶ
3264 5485 3357 5539 τοῦ
3402 5487 3655 5556 σώματος
3687 5489 3781 5542 δυ-

2200 5573 2412 5642 νάμεις,
2444 5576 2540 5627 καὶ
2582 5576 2681 5638 τὰς
2722 5575 3090 5645 ὑποκειμένας
3111 5578 3337 5643 ταύταις
3371 5581 3428 5633 έν
3461 5583 3573 5645 τοῖς
3603 5599 3785 5652 πρλγο

2207 5681 2373 5733 μασιν
2417 5664 2569 5729 ὔλας,
2622 5663 2712 5733 ὑφ’
2760 5661 2834 5718 ὼν
2870 5666 3136 5738 πρότερον
3184 5670 3551 5741 κατειχόμεξα
3593 5671 3787 5726 δουλα-

2199 5758 2568 5828 γωγήσλντες,
2598 5759 2807 5828 ἄγομεν
2857 5759 2980 5813 ὅποι
3025 5761 3176 5830 φίλον
3227 5763 3306 5833 τῷ
3333 5765 3454 5835 Θεῷ
3493 5766 3588 5819 καὶ
3630 5768 3785 5837 ἡμῖν,

2200 5855 2295 5905 καὶ
2334 5849 2699 5923 μετατίθεμεν
2743 5855 2887 5909 κατὰ
2923 5853 2983 5907 τὸ
3030 5855 3333 5926 ἐγχωροῦν,
3364 5860 3445 5923 είς
3474 5858 3568 5913 τὸν
3616 5858 3789 5924 ὅντως
