4014 6424
268 374 376 438 369
419 344 425 350 ’
1591 381 1860 442 unum

1966 377 2172 439 XXIX.
3436 368 3542 430 370

267 487 423 544 οἶκον
451 489 744 562 ἡμέτερον,
781 492 877 556 τὰς
911 495 1164 556 αἰωνίους
1206 495 1298 549 καὶ
1332 496 1616 564 ούρανίηυς
1661 498 1857 568 μονάς.

1969 495 2342 565 baptismum,
2415 489 2624 547 sanitas
2696 505 2826 545 vero
2907 489 3289 557 munditiaque
3343 485 3542 540 animm

267 579 433 634 οὕτω
456 581 512 634 δὲ
539 581 805 651 θεοφιλῶς
834 583 900 637 τὰ
925 586 1047 637 καθ’
1077 587 1224 656 ἡμᾶς
1254 587 1451 649 αὐτοὺς
1478 589 1848 658 διαφέροντες,
1961 588 2248 642 amittitur.

268 675 676 744 θαυμαζόμεθα
731 679 880 749 ταρὰ
927 682 1036 735 τῶν
1077 683 1352 754 ὁρώντων,
1400 685 1733 751 δοξαζόντων
1763 686 1854 738 τὸν
1891 687 2024 738 Θεὸν
2064 687 2155 738 τὸν
2178 683 2337 736 δόντα
2366 682 2596 753 δύναμιν
2628 682 2720 734 καὶ
2757 680 3013 747 ἐξουσίαν
3051 681 3164 740 τοῖς
3233 680 3314 741 είς
3383 678 3544 729 αὖτὸν

269 767 595 824 πιστεύουσι
623 772 905 841 τοιαύτην,
941 774 1016 838 ὡς
1037 777 1130 828 καὶ
1161 775 1372 840 ζῶντας
1403 779 1498 830 ἐπὶ
1558 779 1657 847 γῆς
1696 778 1795 842 ἔτι,
1865 780 1926 832 τὸ
1967 778 2269 847 πολίτευμα
2297 776 2440 846 ἔχειν
2471 777 2528 827 ὲν
2551 775 2822 844 οὐρανοῖς.
2862 772 3003 826 Ἀλλ’
3033 774 3063 842 ἡ
3103 773 3200 842 μὲν
3229 771 3321 822 τοῦ
3349 769 3546 839 ﬁatf-

269 881 481 931 σματος
509 865 668 933 χάρις
715 866 808 920 καὶ
851 867 1080 938 δύναμις
1106 870 1194 924 διὰ
1239 871 1337 941 τὴν
1405 870 1500 925 τοῦ
1556 873 1889 942 παρέχοντος
1965 869 2379 941 φιλανθρωπίαν
2440 870 2772 939 παραμένει,
2811 868 2921 919 ’καὶ
2972 865 3130 937 ήμῶν
3186 864 3545 934 ἁμαρτόντων

274 959 418 1028 μετὰ
447 958 505 1010 τὸ
533 958 838 1028 βάπτισμα,
870 961 904 1032 ή
935 961 992 1014 δὲ
1021 963 1118 1031 τῆς
1142 961 1319 1034 ψυχῆς
1349 965 1530 1034 ὑγίεια
1557 966 1651 1018 καὶ
1675 964 1984 1036 καθαρότης
2012 964 2072 1016 ού
2105 962 2437 1032 παραμένει.

348 1051 450 1103 Διὰ
483 1052 642 1105 τοῦτο
686 1055 965 1126 χρῄζομεν
1010 1051 1167 1120 αὖθις
1199 1059 1250 1112 oi
1294 1060 1717 1129 ἁμαρτήσαντες
1760 1062 1860 1128 τῆς

275 1142 372 1194 ἐπὶ
405 1142 519 1204 τοῖς
562 1147 1064 1213 προγεγενημένοις
1116 1149 1484 1218 ἁμαρτήμασι
1535 1149 1714 1218 λύπης
1769 1152 1863 1204 καὶ

274 1233 604 1303 κατηφείας,
631 1235 725 1292 καὶ
752 1237 850 1306 τῆς
878 1237 967 1290 διά
997 1240 1286 1306 μετανοίας
1316 1241 1744 1311 προσπτώσεως,
1775 1243 1862 1296 ἵνα

275 1324 445 1378 πάλιν
487 1325 814 1398 ἀκούσωμεν
848 1332 1131 1399 μυστικῶς
1169 1333 1400 1398 ἕκαστος
1445 1335 1590 1388 κατὰ
1631 1336 1722 1388 τὸν
1752 1353 1858 1388 πα-

278 1420 508 1490 ράλυτον
542 1424 750 1476 ἐκεῖνον
774 1441 787 1454 ·
824 1443 842 1475 ι
879 1425 1104 1494 Θάρσει,
1142 1428 1332 1481 τέκνον
1358 1445 1406 1480 ⁸»
1461 1429 1554 1482 καὶ
1598 1430 1858 1494 λαϐόντες

275 1513 371 1565 τὸν
395 1514 640 1584 ίλασμὸν,
665 1517 742 1579 είς
764 1518 936 1589 χαρὰν
960 1519 1058 1589 τὴν
1091 1519 1270 1591 λύπην
1310 1521 1639 1592 ἀμείψωμεν
1665 1540 1680 1554 ι
1714 1522 1855 1590 αὕτη

277 1607 392 1676 γάρ
419 1611 626 1681 ἔστινή
658 1611 801 1682 λύπη
833 1613 893 1665 τὸ
931 1615 1053 1683 μέλι
1102 1615 1164 1668 τὸ
1211 1616 1603 1686 πνευματικὸν,
1636 1615 1662 1668 ὃ
1695 1615 1855 1685 θηλά-

279 1696 451 1768 ξομεν
493 1701 652 1770 ἡμεῖς
693 1703 757 1755 ὲκ
794 1707 1020 1773 στερεᾶς
1059 1706 1288 1776 πέτρας,
1327 1705 1469 1758 κατὰ
1517 1707 1576 1758 τὸ
1609 1706 1858 1770 τυπικῶς

278 1789 570 1858 εἰρημένον
592 1805 606 1821 ο
637 1810 656 1843 ι
712 1792 1014 1863 Ἕθήλασαν
1040 1795 1162 1864 μέλι
1190 1796 1253 1850 ὲκ
1297 1798 1504 1869 πέτρας
1526 1813 1540 1827 ·
1585 1819 1603 1850 ι
1646 1816 1664 1850 ι
1705 1798 1770 1851 Ἢ
1804 1797 1859 1850 δὲ

2036 1057 2251 1111 Idcirco
2300 1055 2612 1125 indigemus
2657 1068 2852 1108 rursus
2887 1059 3009 1118 post
3035 1059 3320 1121 peccatum
3357 1047 3546 1102 dolore

1963 1149 2032 1204 de
2089 1149 2329 1217 peccatis
2389 1149 2597 1202 nostris
2637 1145 2934 1218 praeteritis
2981 1153 3036 1199 et
3084 1141 3450 1197 detestatione
3494 1149 3543 1191 et

1965 1243 2324 1305 contritione,
2377 1249 2436 1295 ut
2491 1257 2684 1295 rursus
2745 1238 3038 1294 audiamus
3079 1235 3280 1293 sinauli
3333 1240 3546 1286 secreto

1963 1336 2108 1389 sicut
2145 1333 2235 1386 ille
2273 1333 2610 1403 paralytirus
2639 1350 2654 1388 :
2681 1328 2909 1384 Coniide
2943 1329 3049 1392 ﬁli;
3082 1337 3134 1382 et
3161 1334 3412 1392 suscepta
3447 1325 3550 1374 tri-

1964 1426 2266 1481 sericordia
2316 1423 2595 1478 tristitiam
2649 1431 2932 1475 vertamus
3000 1421 3054 1472 in
3117 1416 3398 1486 gaudium.
3452 1412 3544 1466 Illa

1963 1519 2109 1572 enim
2151 1516 2374 1570 tristitia
2413 1517 2518 1568 mel
2560 1525 2644 1569 est
2678 1512 2991 1581 spirituale,
3031 1509 3174 1578 quod
3203 1507 3452 1575 sugimus
3482 1506 3547 1554 de

1964 1621 2116 1681 petra
2162 1609 2335 1674 arida,
2387 1610 2532 1662 sicut
2583 1606 2756 1675 typice
2792 1605 3001 1658 dictum
3061 1609 3165 1656 est.
3211 1619 3228 1651 ι
3265 1598 3548 1652 Sttxeruut

1964 1703 2070 1756 tnel
2104 1701 2172 1755 de
2208 1709 2356 1769 petra
2379 1700 2478 1751 η.»
2513 1719 2528 1750 ι
2568 1698 2721 1752 Petra
2753 1711 2933 1751 autem
2970 1703 3088 1750 erat
3126 1691 3402 1753 Christus,
3429 1708 3447 1741 ι
3485 1701 3546 1744 ιιι

1963 1794 2168 1850 Paulus
2200 1793 2296 1847 ait.
2334 1793 2402 1845 At
2440 1805 2509 1844 ne
2555 1789 2851 1855 miremini,
2891 1787 2936 1843 si
2973 1787 3078 1840 mel
3111 1783 3344 1839 dixerint
3377 1781 3551 1836 tristi-

280 1877 461 1946 πέτρα
493 1873 561 1949 ἦν
599 1881 627 1932 6
675 1879 936 1950 Χριστὸς,
977 1901 996 1934 ι
1050 1883 1302 1958 καθάπερ
1347 1889 1374 1938 6
1412 1885 1623 1951 Παῦλός
1669 1904 1855 1957 φησιν.

1966 1889 2129 1952 tiam;
2183 1886 2301 1954 ipsa
2344 1893 2429 1940 est
2461 1885 2606 1938 enim
2644 1882 2714 1936 de
2767 1895 2876 1952 qua
2929 1894 3120 1935 rursus
3170 1876 3376 1931 Paulus
3435 1876 3548 1928 ait:

294 1969 459 2025 Ἀλλά
516 1971 590 2042 μὴ
655 1972 999 2043 θαυμάσητε,
1054 1979 1102 2030 εί
1140 1977 1260 2048 μέλι
1308 1981 1408 2050 τὴν
1450 1979 1628 2050 λύπην
1663 1977 1818 2034 εἶπον
1845 1997 1859 2012 ο

280 2061 424 2133 αὕτη
457 2065 562 2134 γάρ
593 2067 708 2119 ἐστι
743 2067 870 2136 περὶ
903 2063 970 2140 ἧς
1005 2069 1170 2124 πάλιν
1209 2071 1238 2124 6
1269 2071 1482 2137 Παῦλός
1515 2089 1704 2144 φησιν.
1741 2077 1824 2128 ὅτι
1846 2090 1859 2104 ⁸

286 2173 308 2206 ι
357 2157 423 2209 Ἡ
453 2157 598 2225 λύπη
646 2160 680 2228 ή
731 2163 870 2214 κατᾶ
917 2162 1048 2215 Θεὸν
1099 2166 1389 2232 μετάνοιαν
1441 2166 1862 2238 ἀμεταμέλητον

281 2250 685 2316 κατεργάζεται
744 2252 882 2322 πρὸς
921 2255 1219 2324 σωτηρίαν.
1260 2273 1279 2306 ι
1315 2255 1585 2325 Καθάπερ
1624 2257 1734 2328 γὰρ
1784 2257 1861 2329 τῷ

280 2343 812 2415 τετραυματισμένῳ
851 2346 951 2417 τὴν
990 2347 1576 2420 γλῶτταν,εδακνηρὸν
1609 2352 1861 2418 φανεῖται

279 2432 346 2484 τὸ
371 2433 494 2503 μέλι
535 2434 920 2506 προσενεχθὲν,
956 2435 1023 2490 ἂν
1060 2435 1115 2490 δὲ
1143 2436 1243 2508 τήν
1275 2438 1419 2491 ἴασιν
1463 2437 1573 2491 τῶν
1606 2441 1862 2510 τραυμά-

280 2541 394 2578 των
434 2525 591 2598 λάϐῃ,
639 2527 739 2597 τῆς
781 2528 878 2582 τοῦ
927 2529 1141 2599 μέλιτος
1175 2530 1515 2600 γλυκύτητος
1563 2531 1856 2602 ἀντιλήψει

277 2632 400 2670 ται·
461 2617 602 2670 οὕτω
661 2620 756 2673 καὶ
813 2622 840 2673 6
896 2620 989 2674 τοῦ
1035 2621 1171 2675 Θεοῦ
1229 2622 1390 2693 φόϐος
1435 2623 1497 2676 ὲκ
1555 2623 1650 2677 τοῦ
1695 2625 1862 2691 εὐαγ-

277 2708 502 2775 γελικοῦ
557 2712 911 2782 κηρύγματος
950 2715 1070 2777 ταῖς
1127 2715 1422 2778 συνιείσαις
1475 2715 1676 2786 ψυχαῖς
1713 2717 1862 2786 ἐγγι-

278 2800 526 2870 νόμενος,
587 2803 766 2874 λύπην
817 2804 916 2874 μὲν
966 2805 1218 2875 ἐμποιεῖ,
1283 2808 1352 2862 τὰ
1394 2807 1687 2878 τραύματα
1751 2809 1861 2862 τῶν

277 2892 700 2964 ἁμαρτημάτων
763 2895 846 2950 ἔτι
915 2899 1372 2970 περικειμέναις,
1445 2900 1861 2972 ἀποδαλόμεναι

276 2983 336 3038 δὲ
380 2985 551 3039 ταῦτα
582 2987 667 3042 διά
712 2987 811 3059 τῆς
859 2990 1172 3059 μετανοίας,
1217 2995 1316 3062 τῆς
1365 2991 1730 3061 εύαγγελικῆς
1769 2994 1863 3046 άν-

277 3070 702 3146 τιλαμϐἐινονται
761 3083 959 3152 χαρᾶς,
991 3083 1132 3137 κατὰ
1161 3083 1220 3136 τὸ
1253 3084 1547 3156 είρημένον
1580 3084 1733 3155 παρά
1762 3083 1858 3138 τοῦ

276 3169 564 3240 Σωτῆρος·
602 3189 621 3223 ι
662 3171 770 3225 Καὶ
819 3173 853 3242 ή
912 3173 1059 3246 λύπη
1112 3173 1288 3244 ὑμῶν,
1343 3176 1421 3239 είς
1478 3176 1656 3246 χαρὰν
1695 3177 1860 3246 γενή-

1972 2000 1991 2032 ι
2018 1979 2150 2046 Quae
2178 1977 2322 2033 enim
2359 1976 2662 2034 secundum
2690 1973 2857 2030 Deum
2895 1972 3116 2028 tristitia
3149 1981 3251 2034 est,
3285 1971 3552 2040 pmnitcn-

1963 2073 2094 2127 tiam
2131 2071 2184 2126 in
2221 2071 2450 2127 salutem
2485 2069 2740 2124 stabilem
2774 2074 3033 2136 operatur
3060 2064 3125 2117 ’⁸.
3167 2081 3185 2114 ›
3223 2061 3546 2117 Sieutenim

1964 2165 2050 2220 cui
2102 2163 2284 2235 lingua
2306 2162 2590 2217 vulnerata
2623 2169 2726 2226 est,
2763 2158 2867 2212 mel
2907 2157 2988 2212 ori
3027 2155 3292 2225 injectum
3336 2155 3550 2207 videtur

1965 2269 2237 2318 amarum,
2265 2253 2560 2307 admodum
2585 2266 2713 2305 vero
2741 2249 2897 2304 dulce
2920 2247 2965 2302 si
2992 2261 3021 2300 a
3043 2243 3362 2298 vulneribus
3386 2241 3552 2296 fuerit

1962 2345 2321 2420 s;inatus,_sic
2356 2345 2519 2399 timor
2552 2341 2642 2397 Dei
2693 2357 2760 2395 ex
2811 2337 3123 2410 evangelica
3159 2334 3550 2404 praedicatione

1965 2450 2264 2508 conceptus
2297 2435 2511 2491 intimis
2560 2434 2613 2488 in
2662 2431 2956 2487 animabus
3007 2427 3241 2484 tristiam
3288 2435 3550 2496 operatur

1963 2529 2206 2600 quandiu
2247 2527 2564 2581 vulneribus
2615 2534 2962 2594 peccatorum
2993 2521 3287 2584 laborant;
3341 2516 3550 2571 curatis

1963 2638 2095 2677 veru
2121 2621 2208 2676 his
2235 2620 2412 2690 plagis
2441 2635 2540 2689 per
2566 2617 2977 2689 paenitentiam,
3012 2613 3272 2686 gaudium
3303 2608 3551 2666 succedit

1963 2715 2141 2770 dulori
2199 2715 2502 2770 secundum
2561 2714 2724 2766 verba
2774 2709 3171 2766 Salvatoriszt
3207 2706 3274 2759 Et
3325 2703 3548 2758 tristitia

1962 2815 2146 2861 vestra
2177 2814 2420 2861 vertetur
2457 2805 2509 2858 in
2540 2804 2796 2875 gaudium
2824 2801 2892 2857 ’⁷.
2936 2820 2954 2852 ι
2991 2799 3252 2866 Quaznam
3291 2792 3554 2850 tristitia?

1961 2897 2057 2954 Illa
2113 2913 2219 2968 qua
2273 2897 2565 2950 doluerunt
2633 2894 2888 2963 discipuli
2949 2891 3167 2946 Domini
3217 2889 3284 2942 de
3347 2886 3550 2940 ἀοι-«ιιι-

1951 2995 2147 3068 lctione
2182 2988 2416 3045 .Domini
2466 2997 2521 3044 et
2559 2988 2801 3057 Magistri
2862 2985 2986 3052 sui;
3049 2985 3164 3049 illa,
3219 2997 3326 3052 qua
3373 2978 3548 3032 dolu't

1962 3085 2153 3142 Petrus
2197 3083 2266 3138 de
2317 3083 2491 3152 ipsius
2520 3083 2844 3152 negatione;
2892 3079 2984 3132 illa
3017 3078 3284 3148 cujusque
3328 3072 3400 3141 pii
3448 3070 3547 3126 viri

1964 3179 2200 3234 dolentis
2251 3177 2320 3232 de
2369 3176 2606 3246 propriis
2665 3174 2937 3245 peccatis,
2989 3182 3044 3227 et
3099 3170 3446 3240 negligentiis
3497 3178 3552 3219 et

275 3279 438 3316 σεται
462 3281 477 3295 ·
514 3282 532 3315 ι
575 3265 701 3318 ποία
755 3265 936 3338 λύπη;
1089 3268 1438 3339 ἐλυπήθησαν
1471 3270 1630 3341 164
1663 3271 1712 3322 οί
1763 3245 1856 3323 τοῦ

1966 3269 2362 3326 omissionibus
2392 3269 2444 3322 in
2475 3267 2702 3321 virtute.
2729 3265 2802 3319 De
2836 3265 2921 3319 his
2941 3275 2991 3318 et
3027 3263 3130 3332 ipsi
3162 3260 3552 3330 redarguendi,

275 3356 489 3427 Κυρίου
521 3358 784 3428 μαθηταὶ,
817 3361 908 3414 ἐπὶ
939 3363 1002 3433 τῇ
1031 3360 1125 3414 τοῦ
1169 3361 1377 3432 Κυρίου
1413 3365 1508 3415 καὶ
1535 3363 1858 3417 διδασκάλου

275 3449 534 3518 στερήσει
559 3465 572 3480 ·
601 3451 668 3520 ἢν
701 3451 951 3522 ἐλυπήθη
989 3454 1016 3506 6
1060 3453 1266 3525 Πέτρος
1299 3455 1393 3508 ἐπὶ
1421 3457 1488 3526 τῇ
1528 3455 1720 3510 τούτου
1763 3457 1860 3526 ἁρο

275 3539 478 3608 νήσει·
545 3541 606 3613 ἢν
661 3542 915 3596 λυπεῖται
972 3545 1083 3608 πᾶς
1139 3546 1370 3616 εὐσεϐὴς
1441 3548 1720 3617 μετανοῶν
1774 3549 1858 3618 ἐφ’

275 3632 578 3703 ἁμαρτίαις
605 3635 859 3702 οίκείαις,
886 3639 982 3690 καὶ
1004 3640 1127 3700 ταῖς
1157 3638 1296 3711 πρὸς
1323 3639 1527 3710 ἀρετὴν
1556 3639 1661 3692 ὑπὸ
1689 3639 1860 3710 ρᾳθυ-

289 3723 418 3793 μίας
445 3726 762 3797 ἑλλείψεσιν,
790 3723 876 3794 αἷς
908 3733 1004 3784 καὶ
1032 3732 1195 3803 ἡμεῖς
1229 3732 1678 3801 περιπίπτοντες.
1711 3731 1860 3798 ἡμᾶς

289 3816 486 3882 αὐτοὺς
512 3821 644 3875 ἀλλά
678 3821 886 3893 μηδένα
934 3824 1044 3878 τῶν
1089 3825 1347 3880 ἁπάντων
1397 3823 1706 3892 αἰτιώμεθα
1739 3823 1860 3876 ἓτε-

286 3924 415 3978 ρον·
448 3912 566 3967 οὐδὲ
617 3916 725 3987 γὰρ
772 3915 850 3986 τῷ
899 3916 1073 3987 Ἀδάμ
1123 3919 1444 3986 συνήνεγκε,
1479 3916 1579 3988 τὴν
1636 3916 1860 3986 ἐντολὴν

1968 3363 2363 3429 nosmetipsos,
2403 3375 2515 3413 non
2549 3369 2777 3414 caeteros
2807 3369 3176 3418 accusemus;
3237 3351 3373 3406 nihil
3404 3353 3552 3404 enim

1966 3457 2168 3527 profuit
2220 3455 2429 3508 Adamo
2483 3453 2802 3508 mandatum
2833 3460 3225 3522 prmtergresso
3271 3447 3323 3500 in
3380 3445 3556 3498 Eva-1.

1967 3551 2183 3618 rulpam
2241 3548 2542 3612 declinare,
2597 3561 2696 3600 nec
2749 3545 2852 3614 ipsi
2906 3543 3034 3598 Eva:
3086 3542 3138 3595 in
3191 3547 3550 3607 serpentem;

1967 3640 2122 3694 liberi
2151 3640 2292 3707 juris
2324 3640 2469 3693 enim
2502 3638 2674 3692 nostri
2709 3636 2840 3690 facti
2878 3649 3072 3689 sumus
3116 3646 3146 3685 a
3198 3629 3330 3694 Deo,
3378 3631 3555 3697 impc-

1966 3733 2225 3801 riumque
2256 3731 2577 3799 accepimus
2611 3729 2664 3784 in
2695 3727 2984 3799 passiones
3012 3736 3068 3780 et
3109 3724 3350 3794 regimen
3382 3722 3554 3774 inter-

1966 3838 2095 3878 num
2125 3822 2310 3878 anima
2346 3822 2555 3877 nullum
2588 3822 2880 3886 sentimus,
2918 3820 3010 3889 qui
3039 3832 3140 3872 nos
3182 3824 3342 3885 cogat
3365 3813 3556 3868 nobis-

1963 3931 2074 3987 que
2104 3917 2215 3970 vim
2257 3917 2524 3986 imponat.
3474 3914 3513 3946 ⁸

275 4007 603 4079 ἀθετήσαντι
645 4015 680 4086 ή
744 4014 880 4086 πρὸς
916 4015 1018 4085 τὴν
1059 4013 1206 4068 Εὕαν
1237 4015 1338 4084 τῆς
1381 4014 1562 4076 αίτίας
1617 4013 1930 4083 μετάθεσις,
1996 4011 2120 4066 οὐδὲ
2186 4011 2358 4083 ταύτῃ
2405 4011 2625 4083 πάλινή
2671 4012 2809 4082 πρὸς
2874 4011 2965 4064 τὸν
3011 4007 3321 4080 ἀρχέκακον
3383 4003 3507 4072 ὅφιν
3534 4017 3550 4034 ·

272 4104 616 4172 αὐτεξούσιοι
658 4108 766 4179 γὰρ
815 4110 977 4180 ήμεῖς
1033 4107 1187 4180 παρὰ
1225 4108 1363 4162 Θεοῦ
1413 4107 1724 4177 γεγονότες,
1761 4107 1858 4161 καὶ
1897 4106 2357 4176 αὐτοκρατορικὸν
2404 4104 2620 4176 ἀξίωμα
2669 4105 2814 4160 κατὰ
2885 4106 2994 4160 τῶν
3060 4100 3249 4157 παθῶν
3297 4097 3554 4158 λαϐόντες

269 4197 426 4252 ἔνδον
469 4201 529 4255 τὸ
575 4201 901 4271 ἡγεμονικὸν
929 4203 1028 4272 τῆς
1074 4202 1278 4273 ψυχῆς,
1329 4205 1430 4256 οὐκ
1483 4203 1679 4275 ἔχομεν
1721 4204 1859 4266 ὅλως
1897 4202 1989 4256 τὸν
2021 4201 2472 4271 κατακρατοῦντα
2507 4201 2602 4255 καὶ
2636 4199 2980 4271 βιαζόμενον.

345 4319 522 4374 Τοῦτο
570 4321 752 4376 τοίνυν
796 4322 947 4375 ἐστὶν
991 4323 1025 4394 ή
1069 4323 1214 4377 κατὰ
1258 4323 1392 4378 Θεὸν
1441 4323 1535 4376 καὶ
1592 4322 1861 4394 σωτήριος

1977 4306 1982 4309 ’
2032 4322 2168 4380 [llud
2212 4338 2341 4395 ergo
2368 4321 2667 4378 secundum
2704 4319 2871 4374 Deum
2897 4320 3156 4375 salutaris
3187 4319 3410 4373 tristitia
3445 4327 3554 4381 est,

269 4415 447 4483 λύπη,
479 4415 540 4468 τὸ
584 4416 732 4486 ἡμᾶς
779 4416 976 4478 αὐτοὺς
1026 4416 1330 4482 αίτιᾶσοαι,
1381 4419 1477 4472 καὶ
1507 4417 1712 4486 μηδένα
1752 4414 1860 4468 τῶν

1966 4418 2330 4488 nosmetipsos
2352 4431 2613 4472 accusare
2633 4431 2740 4470 non
2768 4415 2936 4469 alium
2973 4429 3307 4485 quemquam
3343 4412 3412 4467 de
3464 4411 3550 4464 his

277 4508 538 4563 ἁπάντων
568 4509 776 4578 ἕτερον,
817 4509 905 4576 ἐφ’
934 4503 1016 4572 οἷς
1056 4509 1212 4566 αὐτοὶ
1251 4509 1568 4580 πράττομεν
1603 4509 1864 4579 πλημμε-

1959 4527 2081 4582 qute
2117 4517 2260 4567 male
2293 4510 2529 4580 egimus,
2561 4508 2627 4562 de
2661 4508 2745 4562 his
2780 4507 2988 4571 dolere,
3020 4515 3074 4560 et
3108 4503 3277 4560 Deum
3305 4520 3402 4574 per
3429 4518 3555 4573 pec-

273 4602 405 4669 λῶς,
441 4603 539 4654 καὶ
567 4600 850 4654 λυπεῖσθαι
913 4601 1036 4656 καθ’
1072 4602 1302 4668 ἑαυτῶν,
1352 4603 1447 4656 καὶ
1479 4602 1547 4655 δι’
1604 4601 1859 4672 ἐξομολο-

1966 4615 2209 4660 catornm
2248 4613 2560 4657 nostrorum
2603 4599 3013 4655 confessionem
3045 4639 3058 4659 .
3091 4607 3145 4652 et
3181 4613 3426 4652 severam
3457 4614 3556 4653 ett.-

274 4666 494 4762 γὴσεως
531 4690 641 4742 τῶν
673 4691 808 4760 ἡμῖν
851 4666 1294 4761 ἡμαρτημένων,
1321 4693 1417 4744 καὶ
1450 4695 1564 4755 τοῖς
1609 4666 1712 4744 ἐπὶ.⁷
1730 4689 1856 4742 τού-

1966 4696 2266 4767 piatiunem
2299 4696 2540 4764 placare.
2576 4695 2731 4746 Hanc
2765 4693 2895 4746 fecit
2923 4690 3006 4743 sui
3034 4691 3207 4758 ipsius
3241 4693 3553 4746 accusatio-

276 4800 391 4846 τοις
444 4783 692 4852 λυπηρᾶς
733 4781 1081 4848 κατανύξεως
1125 4783 1216 4838 τὸν
1264 4784 1398 4837 Θεὸν
1448 4782 1856 4849 ἐξιλάσκεσθαι.

277 4876 497 4947 Ταύτης
529 4878 630 4948 τῆς
660 4878 1045 4948 αύτομεμψίας
1083 4879 1174 4932 καὶ
1224 4878 1569 4945 κατανύξεως
1603 4879 1632 4931 6
1667 4878 1860 4948 Λάμεχ

275 4964 446 5039 ἦρξεν
477 4969 682 5032 ἐκεῖνος
725 4972 752 5023 6
786 4969 1039 5033 παλαιὸς,
1075 4969 1171 5023 καλ⁸
1214 4970 1502 5042 παρρησίᾳ
1549 4969 1648 5040 τὴν
1681 4971 1863 5039 ἁμαρ-

274 5061 402 5114 τίαν
454 5061 1016 5133 ἐξομολογησάμενος,
1056 5063 1152 5116 καὶ
1197 5062 1390 5132 κρίνας
1431 5061 1593 5125 αὐτὸς
1641 5061 1861 5122 ἑαυτὸν,

277 5154 372 5209 καὶ
401 5154 543 5224 ὕπερ
580 5155 673 5209 τὸν
720 5156 859 5209 Κάῑν
907 5156 1281 5220 καταδικάσας
1305 5172 1318 5186 ·
1353 5172 1372 5206 ι
1426 5154 1690 5218 Ἑπτάκις
1729 5156 1861 5225 γὰρ,

279 5253 470 5314 φησιν,
523 5246 858 5316 ἐκδεδίκηται
899 5248 964 5298 ὲκ
1012 5248 1175 5314 Κάῖν,
1214 5249 1277 5299 ὲκ
1303 5247 1360 5300 δὲ
1391 5247 1586 5317 Λάμεχ
1623 5247 1864 5317 ἐϐδομη-

275 5339 533 5404 κοντάκις
586 5341 766 5394 ἑπτά⁸
803 5359 821 5390 ι
869 5341 966 5394 καὶ⁸
1009 5339 1154 5394 οὕτω
1208 5339 1486 5410 πενθήσας
1538 5341 1730 5393 ἑαυτὸν
1786 5341 1861 5401 ὡς

276 5431 606 5495 ὑπεύθυνον,
634 5429 720 5484 διὰ
750 5431 851 5501 τῆς
883 5431 1130 5484 ὲνοδύνου
1159 5433 1280 5486 κατ’
1310 5432 1478 5485 αὑτοῦ
1515 5431 1861 5496 κατανύξεως

274 5523 378 5593 τὴν
416 5527 480 5577 ὲκ
523 5522 660 5577 Θεοῦ
691 5523 1005 5596 καταδίκην.
1024 5525 1296 5594 διέφυγεν,
1333 5526 1408 5588 ὡς
1438 5526 1535 5578 καὶ
1560 5527 1587 5578 6
1637 5525 1863 5595 Προφή-

1964 4805 2086 4844 nem
2142 4787 2728 4856 exprobrationemuue
2769 4783 3006 4838 Lamech
3060 4781 3150 4837 ille
3184 4823 3199 4849 ,
3240 4783 3557 4840 cord‘rssns-

1964 4896 2072 4950 que
2127 4889 2213 4936 est
2258 4881 2426 4934 libere
2476 4892 2762 4950 peccatmn
2816 4893 2978 4934 sumu
3026 4877 3375 4944 seipsumque
3405 4878 3556 4949 judi-

1966 4989 2098 5028 cans
2127 4983 2180 5027 et
2215 4972 2390 5042 magis
2439 4987 2603 5041 quam
2634 4971 2769 5026 Cain
2814 4971 3190 5026 condemnans
3220 4972 3295 5024 ait
3337 4991 3350 5024 :
3396 4989 3414 5022 ι
3456 4969 3558 5024 Sc-

1967 5065 2218 5136 ptuplum
2257 5064 2388 5118 ultio
2411 5065 2629 5118 dabitur
2652 5065 2718 5118 de
2735 5063 2867 5119 Cain
2899 5078 2913 5116 :
2945 5065 3011 5117 de
3033 5063 3266 5117 Lamcch
3292 5078 3420 5117 vero
3468 5079 3556 5117 se-

1970 5159 2223 5228 ptuagies
2261 5158 2464 5227 septies
2509 5156 2578 5211 ’⁸.
2617 5176 2636 5208 ι
2675 5155 2742 5213 Et
2781 5173 2902 5211 cum
2951 5156 3032 5211 sic
3081 5158 3346 5214 doluisset
3395 5157 3555 5226 quasi

1971 5268 2096 5306 reus
2125 5266 2220 5320 per
2250 5252 2442 5304 duratn
2493 5251 2706 5320 peccati
2752 5251 2835 5306 sui
2889 5251 3282 5320 expiationem,
3325 5252 3555 5306 damna-

1969 5346 2169 5420 tionem
2205 5359 2234 5398 a
2273 5341 2384 5398 Deo
2412 5344 2628 5406 vitavit,
2658 5344 2799 5399 sicut
2831 5344 2967 5397 dixit
3000 5360 3214 5414 quoque
3243 5345 3507 5413 propheta
3537 5361 3553 5397 :

1973 5453 1991 5485 ι
2039 5433 2135 5488 DIC
2182 5435 2330 5504 prior
2379 5443 2602 5505 peccata
2655 5445 2770 5500 tua,
2808 5444 2868 5489 ιιι
2895 5434 3214 5504 justiliceris
3242 5435 3308 5487 ’⁸.
3351 5453 3370 5486 ι
3411 5432 3552 5488 Idem

1965 5529 2129 5582 ctiam
2165 5527 2298 5582 dirit
2328 5527 2623 5595 Apostolus
2659 5543 2674 5581 :
2713 5546 2730 5578 ι
2770 5525 2926 5593 Quod
2978 5527 3023 5580 si
3073 5526 3442 5595 nosmetipsos
3474 5525 3557 5580 di-

278 5631 380 5686 της
416 5614 645 5688 ὕστερον
671 5611 828 5670 eius;
871 5633 890 5667 ι
939 5615 1080 5686 Λέγε
1115 5619 1178 5672 σὺ
1211 5619 1429 5688 πρῶτος
1461 5619 1558 5682 τὰς
1587 5619 1860 5689 ἁμαρτίας

1966 5620 2358 5691 iudicaremus,
2392 5635 2502 5674 non
2533 5619 2722 5689 utique
2747 5617 3238 5688 jttdicaretttttt"9'.
3274 5638 3291 5665 ι
3332 5617 3419 5669 Sir
3449 5617 3556 5671 La-

348 5808 396 5841 ³³
434 5806 599 5862 Deut.
637 5821 822 5871 xuii,
885 5807 969 5865 15.

1092 5808 1139 5841 ¹⁶
1181 5809 1222 5865 ll
1263 5809 1390 5868 Cor.
1436 5826 1530 5878 vn,
1577 5810 1662 5866 l0.

278 5882 344 5914 "‘
377 5879 394 5935 ι
433 5879 561 5934 Cur.
596 5893 668 5946 ιι,
701 5877 787 5933 5|.

1771 5811 1813 5842 ²⁷
1853 5808 2015 5866 Joan.
2058 5825 2168 5876 χιι,
2213 5808 2304 5864 9.0.

2412 5807 2457 5840 “
2491 5805 2632 5862 Gen.
2686 5820 2758 5870 tv,
2815 5803 2903 5858 Ξῖ.
3019 5805 3062 5837 ²⁹
3102 5804 3205 5860 La.
3269 5818 3422 5868 λιιιι,
3458 5803 3550 5858 ‘26.
