4014 6444
550 343 650 408 371

1779 359 2160 425 GREGORH
2205 365 2524 430 PALAMJZ
3676 381 3764 445 372

549 458 708 513 mech
757 459 968 530 primus
1001 466 1261 520 scribitur
1307 466 1563 538 effugisse
1597 484 1692 539 per
1733 473 2110 541 pmnitentiam

2220 493 2337 541 σου,
2371 479 2456 532 ἴνα
2481 479 2776 555 δικαιωθῇς
2794 496 2842 535 ἰ
2869 482 2894 536 6
2918 482 3012 536 καὶ
3041 485 3069 536 6
3111 448 3435 547 ’Λπὸστολος
3461 485 3590 554 μετᾲ
3612 489 3760 544 ταῦτά

547 546 904 618 doloremque
937 551 1004 607 de
1036 555 1276 621 peccatis
1320 557 1591 627 justitiam
1641 560 1939 618 cmlestem.
1989 563 2120 619 Post

545 655 672 692 eum
709 652 914 707 autem,
939 643 1426 712 Ninivit:r,civitas
1460 661 1568 706 tota
1604 662 1658 707 et
1685 654 1974 709 multitudo
2007 656 2118 710 fere

541 732 982 791 innumerabilis.
1005 736 1067 794 lli
1094 748 1273 794 autem
1296 757 1401 794 non
1425 742 1582 796 modo
1599 756 1980 813 peccaverunt,
2019 750 2115 804 sed

543 837 759 895 recepta
792 827 1143 895 praedictione
1173 832 1420 887 vindictzc
1453 834 1657 889 violare
1686 851 1803 889 eam
1836 838 1953 892 ausi
1990 849 2116 894 sunt

541 933 640 986 per
666 920 1108 988 conversionem,
1141 933 1196 978 et
1223 925 1386 978 simul
1409 925 1652 980 dolorem
1689 929 1968 984 acerbum.
2003 931 2116 984 Au-

538 1011 764 1064 dierunt
798 1013 946 1066 enim
976 1013 1172 1072 Jonam
1221 1017 1677 1088 credideruntque
1707 1020 1978 1075 nuntianti
2018 1022 2115 1076 (ιε-

537 1115 750 1159 cretum
802 1105 1046 1160 divinum
1092 1125 1158 1162 ιι
1190 1108 1383 1165 Adhuc
1423 1121 1533 1166 tres
1579 1113 1954 1184 (quadraginta
2003 1129 2113 1169 sec.

533 1196 722 1268 Vulg.)
752 1198 868 1254 dies
885 1209 938 1254 et
959 1199 1152 1254 Ninive
1181 1202 1626 1258 subvertetur“.r
1652 1207 1858 1262 Auditis
1887 1207 1988 1262 fnle
2021 1208 2118 1260 ad-

537 1290 736 1356 hibita,
780 1308 887 1346 non
929 1295 1232 1362 praecipites
1263 1311 1320 1349 se
1345 1295 1607 1351 dederunt
1631 1299 1683 1353 in
1707 1299 2115 1368 desperationis

532 1385 816 1454 abyssum,
873 1399 971 1439 nec
1011 1385 1377 1443 indurationis
1409 1388 1639 1456 lapidem
1687 1393 1944 1449 cordibus
1996 1396 2115 1452 suis

537 1479 932 1543 imposuerunt.
986 1475 1091 1530 Sed
1123 1477 1364 1533 dicentes
1423 1479 1564 1533 intra
1610 1496 1666 1536 se
1721 1481 1789 1536 ad
1831 1481 2060 1539 invicem
2097 1504 2110 1538 :

539 1566 705 1633 «Quis
733 1568 838 1624 scit
864 1568 908 1626 si
939 1579 1294 1625 convertatur
1321 1581 1374 1625 et
1401 1572 1645 1642 ignoscat
1668 1573 1826 1638 Deus,
1858 1585 1911 1629 et
1936 1591 2119 1631 rever-

530 1668 681 1715 tatur
713 1674 744 1713 a
775 1658 962 1714 furore
993 1660 1089 1715 ira:
1121 1677 1259 1727 suae,
1294 1671 1348 1716 et
1386 1678 1495 1718 non
1527 1664 1830 1731 peribimus
1857 1667 1936 1720 “‘3
1985 1687 2003 1720 ι
2051 1666 2115 1720 Et

532 1765 836 1807 conversus
873 1761 954 1806 est
987 1754 1369 1824 unusquisque
1413 1771 1442 1810 a
1476 1756 1561 1810 via
1601 1772 1701 1812 sua
1746 1758 1910 1821 mala,
1963 1767 2018 1814 et
2048 1759 2116 1814 ab

2225 585 2389 639 φησιν
2415 586 2430 602 ο
2473 589 2492 622 ι
2540 571 2600 624 Εἰ
2636 571 2745 643 γὰρ
2775 575 3000 637 ἑαυτοὺς
3033 574 3393 644 διεκρίνομεν,
3423 575 3518 627 οὐκ
3543 574 3603 628 ἂν
3639 580 3764 644 ἐκρι-

2225 661 2450 731 νόμεθα.
2495 682 2513 714 ι
2553 664 2774 734 Πρῶτος
2825 665 2923 735 μὲν
2954 660 3046 720 οὖν
3079 667 3108 720 6
3143 667 3333 736 Λάμεχ
3383 667 3764 738 ἀναγέγραπται

2223 753 2312 805 διὰ
2346 755 2657 822 μετανοίας,
2687 757 2782 810 καλ¹
2814 757 2911 826 τῆς
2944 760 3030 829 ἐφ’
3061 760 3428 828 ἁμαρτήμασι
3470 759 3658 828 λύπης,
3684 764 3768 831 τὴν

2221 845 2432 899 ἄνωθεν
2455 847 2610 918 δίκην
2640 849 2966 917 ἀποφυγών.
3000 849 3155 904 Μετά
3187 849 3243 903 δὲ
3289 850 3476 902 τοῦτον
3505 851 3551 904 οἱ
3578 848 3768 902 Νινευῗα

2221 957 2331 1003 ται,
2362 940 2549 1003 πόλεις
2579 941 2698 995 ὅλαι
2731 945 2826 994 καὶ
2865 942 3070 1010 πλῆθος
3098 944 3199 995 οὐκ
3225 943 3608 1012 εὐαρίθμητον.
3633 937 3770 995 Οὗτοι

2221 1031 2277 1084 δὲ
2311 1030 2384 1101 μὴ
2430 1031 2593 1100 μόνον
2623 1034 2981 1103 ἁμαρτόντες,
3007 1032 3144 1086 ἀλλά
3173 1034 3265 1086 καὶ
3315 1032 3464 1102 παρά
3490 1031 3618 1085 Θεοῦ
3637 1029 3770 1096 δεξα-

2225 1139 2376 1190 μενοι
2406 1122 2506 1188 τὴν
2541 1123 2819 1190 ἀπόφασιν
2844 1125 2944 1194 τῆς
2989 1123 3168 1176 αὐτῶν
3214 1122 3531 1190 καταδίκης,
3559 1123 3775 1195 ὲθάρρη·

2222 1231 2322 1266 σαν
2376 1214 2546 1286 αὐτὴν
2601 1217 2907 1288 ὑπερϐῆναι
2961 1217 3050 1270 διά
3113 1216 3428 1286 μετανοίας,
3462 1215 3556 1268 καὶ
3588 1216 3676 1284 τῆς
3724 1217 3772 1268 ὲν

2221 1307 2356 1376 αὐτῇ
2407 1307 2659 1379 λυπηρᾶς
2716 1308 3105 1373 κατανύξεωςο
3156 1309 3396 1378 ῆκουσαν
3453 1309 3558 1378 γὰρ
3615 1307 3770 1366 Ἰωνᾶ,

2220 1402 2317 1452 καὶ
2366 1400 2694 1453 ἐπίστευσαν
2749 1400 3055 1456 ἀναϐοῶντι.
3109 1400 3206 1470 τὴν
3272 1399 3426 1454 θείαν
3479 1401 3769 1467 ἀπόφασιν·

2225 1511 2243 1543 ι
2284 1493 2405 1544 Ἐτι
2434 1495 2580 1560 τρεῖς
2609 1494 2834 1562 ἡμέραι,
2869 1496 2963 1546 καὶ
2993 1493 3195 1563 Νινευὴ
3217 1493 3767 1563 καταστραφήσεται.»

2231 1583 2588 1646 Ἀκούσαντες
2622 1584 2676 1636 δὲ
2708 1585 2803 1637 καὶ
2833 1584 3252 1650 πιστεύσαντες,
3287 1585 3386 1637 οὐκ
3421 1584 3642 1654 ἔρριψαν
3664 1586 3774 1638 ἑαυ-

2219 1675 2342 1735 τοὺς
2377 1673 2518 1728 κατά
2549 1674 2643 1727 τοῦ
2669 1674 2906 1745 πονηροῦ
2959 1675 3235 1746 βαράθρου
3283 1676 3384 1744 τῆς
3413 1674 3770 1743 ἀπογνώσεως,

2217 1767 2339 1818 οὐδὲ
2369 1767 2458 1820 τδν
2486 1767 2631 1821 λίθον
2656 1770 2756 1838 τῆς
2797 1767 3110 1837 πωρώσεως
3144 1769 3262 1831 ταῖς
3293 1766 3504 1822 ἑαυτῶν
3548 1765 3771 1836 καρδίαις

532 1843 828 1912 iniquitate
854 1858 1115 1898 manuum
1144 1859 1395 1910 suarum,
1421 1856 1476 1900 et
1500 1847 1794 1915 pradicant
1813 1848 2110 1917 jejunium,

2219 1855 2534 1925 ἐπέθηκαν·
2583 1857 2701 1910 ἀλλ’
2732 1858 2979 1920 είπόντες
3033 1859 3170 1928 πρὸς
3201 1858 3434 1918 ἑαυτοὺς
3480 1860 3574 1912 καλ⁸
3621 1855 3771 1925 ἀλλή-

529 1936 842 1991 vcstiuntur
875 1937 1053 1992 saccis
1099 1953 1129 1992 a
1160 1939 1368 2006 majore
1399 1955 1572 2010 usque
1605 1940 1670 1994 ad
1703 1942 1996 2008 minorem,
2035 1943 2108 1998 ita

531 2037 590 2083 ut
625 2045 720 2084 rex
749 2029 866 2099 ipse
888 2045 1011 2085 cum
1044 2029 1125 2087 eis
1152 2031 1374 2087 indutus
1406 2047 1566 2088 sacco
1595 2033 1808 2090 sederet
1839 2036 1892 2090 in
1925 2037 2111 2094 cinere

524 2119 821 2186 pmnitens,
851 2127 907 2174 et
931 2119 1033 2188 ipsi
1065 2120 1300 2176 infantes
1337 2123 1506 2181 ubera
1545 2139 1651 2178 non
1685 2137 1960 2194 sngerent;
1993 2144 2110 2181 ma-

523 2219 636 2266 tres
659 2212 805 2267 enim
838 2227 1030 2267 eorum
1067 2221 1124 2268 ut
1154 2215 1364 2270 videtur
1396 2232 1505 2286 prae
1540 2217 1708 2270 nimio
1747 2219 1933 2274 dolore
1964 2222 2108 2275 obli-

523 2302 878 2358 viscebantur
905 2306 1055 2374 ipsos
1083 2305 1349 2364 lactentes
1382 2324 1603 2380 pueros,
1637 2311 1779 2365 sicut
1826 2313 1902 2366 ait
1949 2311 2107 2366 Psalo

524 2398 688 2452 mista
747 2413 763 2451 :
818 2417 837 2451 ι
886 2398 1104 2455 Oblitus
1135 2416 1258 2455 sum
1303 2401 1592 2456 comedere
1628 2417 1822 2472 panem
1858 2418 2038 2458 meum
2076 2419 2109 2460 a

522 2505 658 2545 voce
705 2490 941 2560 gemitus
987 2492 1089 2547 mei
1128 2492 1197 2546 ³².
1233 2511 1250 2544 ι
1283 2494 1350 2548 Ει
1384 2507 1626 2548 armenta
1659 2511 1766 2549 non
1808 2497 2110 2565 pasceban-

523 2589 658 2650 tur;
699 2583 1043 2652 reliquerunt
1091 2585 1240 2639 enim
1265 2626 1282 2651 ,
1320 2596 1376 2639 ut
1423 2585 1664 2655 cegitare
1691 2596 1794 2653 est,
1822 2602 1884 2642 ea
1919 2587 2107 2642 bubuli

524 2684 885 2745 pastormque
938 2677 993 2730 in
1047 2677 1286 2732 ovilibus
1341 2687 1396 2732 et
1443 2677 1672 2733 stabulis
1726 2678 1958 2743 inclusa,
2003 2680 2106 2748 ipsi

522 2769 671 2822 enim
707 2768 879 2824 nimio
911 2769 1105 2825 dolore
1144 2769 1355 2826 immoti
1405 2771 1822 2826 detinebantur.
1854 2770 1947 2826 Sic
1979 2787 2109 2825 cnn-

522 2867 748 2914 centnm
791 2861 1092 2915 salutarem
1143 2862 1409 2916 salutaris
1461 2862 1761 2916 secundum
1805 2861 1974 2917 Deum
2009 2863 2107 2916 tri-

520 2952 688 3007 stitize
707 2951 1086 3018 ell‘ormantes,
1115 2962 1460 3009 mutaverunt
1488 2954 1735 3009 divinum
1769 2970 1932 3025 super
1957 2955 2105 3026 ipsos

519 3045 826 3112 decretum,
861 3048 1051 3117 iraque
1085 3047 1310 3103 t-mleste
1347 3048 1562 3118 placata
1589 3048 1829 3104 divinam
1873 3049 2103 3120 gratiam

521 3148 864 3195 meruerunt.

2213 1945 2373 2010 λουςο
2416 1967 2434 2000 ι
2464 1950 2559 2010 Τίς
2604 1945 2745 2002 οἶδεν
2777 1952 2827 2004 εί
2877 1952 3204 2018 μετανοήσει
3233 1951 3261 2002 6
3296 1951 3451 2015 Θεὸς,
3505 1949 3598 2002 καὶ
3652 1950 3772 2002 ἀπο-

2214 2042 2435 2113 στρέψει
2465 2043 2524 2111 ἐξ
2569 2044 2744 2114 ὀργῆς
2773 2044 2948 2115 θυμοῦ
2995 2046 3186 2111 αὐτοῦ,
3217 2052 3316 2100 καὶ
3361 2047 3421 2100 ού
3462 2045 3537 2118 μὴ
3575 2044 3770 2098 ἀπολώ-

2215 2135 2380 2206 μεθα;
2432 2155 2451 2189 ι
2493 2137 2839 2206 ἀπέστρεψεν
2881 2137 3110 2201 ἕκαστος
3145 2138 3252 2192 ἀπὸ
3299 2138 3400 2210 τῆς
3454 2136 3574 2190 ὁδοῦ
3621 2133 3768 2188 αύτοῦ

2209 2228 2307 2294 τῆς
2342 2229 2604 2298 πονηρᾶς,
2647 2230 2743 2282 καὶ
2764 2229 2863 2298 τῆς
2902 2229 3114 2290 ἀδικίας
3146 2231 3245 2300 τῆς
3282 2231 3342 2283 ἐν
3373 2229 3560 2300 χερσὶν
3591 2226 3769 2292 αὐτῶν,

2213 2323 2307 2374 καὶ
2340 2324 2675 2392 κηρύττουσι
2727 2322 3008 2392 νηστείαν,
3055 2323 3150 2376 καὶ
3186 2322 3606 2393 περιϐάλλονται
3657 2320 3773 2372 σάκ-

2213 2431 2364 2478 κους,
2397 2414 2504 2466 άπὺ
2558 2413 2758 2482 μικροῦ
2803 2415 2910 2482 ἕως
2951 2414 3188 2482 μεγάλου
3237 2413 3442 2476 αὐτῶν,
3474 2413 3545 2473 ὡς
3576 2411 3662 2466 καὶ
3691 2410 3769 2461 τὸν

2213 2505 2438 2577 βασιλέα
2472 2506 2590 2575 μετ’
2621 2505 2802 2559 αὐτῶν
2836 2507 2898 2560 δν
2934 2507 3124 2572 σάκκῳ
3157 2505 3254 2558 καὶ
3307 2504 3487 2572 σποδῷ
3523 2499 3769 2570 καθῆσθαι

2213 2600 2603 2670 μετανοοῦντα,
2632 2602 2702 2654 τά
2729 2618 2786 2653 τε
2812 2603 2982 2672 νήπια
3016 2601 3090 2672 μὴ
3126 2600 3388 2671 θηλάζειν
3413 2613 3428 2628 ’
3464 2600 3517 2653 α⁸
3546 2597 3648 2667 γὰρ
3677 2611 3768 2662 μη-

2209 2699 2368 2762 τέρες
2406 2693 2479 2756 ὡς
2509 2692 2685 2747 ἔοικεν
2727 2693 2831 2748 ὑπὸ
2861 2693 2958 2746 τοῦ
2994 2692 3227 2763 σφοδροῦ
3261 2693 3518 2756 πένθους,
3549 2690 3636 2744 καὶ
3671 2685 3766 2740 τῶν

2209 2780 2532 2851 ύπομαζίων
2561 2781 2894 2836 ἐπελάθοντο
2923 2782 3148 2845 παίδων,
3177 2781 3440 2852 καθάπερ
3469 2780 3559 2832 καὶ
3583 2778 3609 2829 6
3637 2771 3771 2828 Ψαλ-

2211 2873 2389 2944 μῳδός
2411 2888 2424 2901 ·
2469 2891 2487 2926 ι
2537 2873 2942 2944 Ἐπελαθόμην,
2979 2875 3135 2944 φησὶ,
3167 2871 3262 2926 τοῦ
3295 2874 3494 2942 φαγεῖν
3515 2870 3601 2923 τὸν
3625 2867 3768 2936 ἄρτον

2210 2979 2337 3032 μου,
2393 2963 2505 3018 ἀπὸ
2559 2964 2744 3032 φωνῆς
2796 2963 2892 3017 τοῦ
2951 2961 3264 3032 στεναγμοῦ
3324 2981 3448 3034 μου,
3502 2980 3519 3013 ι
3573 2959 3663 3010 καὶ
3713 2955 3768 3006 τά

2211 3055 2380 3124 κτήνη
2449 3056 2524 3127 μὴ
2576 3057 2882 3126 νέμεσθαι·
2941 3055 3037 3110 καὶ
3088 3054 3259 3107 ταῦτα
3310 3054 3432 3123 ’γὰρ
3485 3051 3556 3113 ῶς
3610 3048 3764 3101 ἔοικεν

2205 3147 2254 3199 οί
2286 3146 2530 3216 βουκόλοι
2580 3165 2641 3201 τε
2699 3149 2796 3201 καὶ
2834 3148 3095 3217 ποιμένες
3138 3145 3342 3200 εἴασαν
3373 3147 3492 3212 ταῖς
3539 3139 3768 3211 μάνδραις

523 3236 620 3289 καὶ
672 3237 784 3298 τοῖς
841 3235 1184 3308 βουστασίοις
1229 3237 1679 3310 ὲγκεκλεισμένα,
1723 3240 1788 3309 τῇ
1843 3237 2058 3308 σφοδρᾷ
2092 3240 2385 3307 κατανύξει
2439 3241 2764 3310 πεδηθέντες
2816 3241 2968 3295 αὐτοί
3000 3256 3014 3270 ο
3068 3240 3159 3292 καὶ
3197 3239 3350 3292 οὓτω
3378 3241 3476 3306 τὴν
3522 3236 3762 3303 σωτήριον

524 3332 818 3389 συναυλίαν
866 3333 960 3388 τοῦ
996 3336 1263 3406 σωτηρίου
1303 3334 1534 3397 πένθους
1567 3335 1705 3388 κατά
1753 3334 1887 3386 Θεὸν
1926 3334 2328 3404 ἀρμοσάμενοι,
2378 3337 2476 3406 τὴν
2509 3337 2630 3389 κατ’
2685 3336 2864 3391 αὐτῶν
2897 3334 3050 3390 θείαν
3089 3334 3376 3402 ἀπόφασιν
3411 3331 3770 3402 μετεποίησαν,

521 3427 620 3483 καὶ
646 3427 746 3496 τὴν
775 3426 986 3482 ἀνωθεν
1023 3427 1192 3501 ὀργὴν
1230 3427 1490 3498 ἔστησαν,
1531 3429 1628 3481 καὶ
1670 3427 2012 3497 μετέστησαν
2040 3429 2118 3490 είς
2145 3429 2298 3482 θείαν
2326 3428 2635 3499 εὐμένειαν.

593 3524 733 3576 Cum
768 3537 922 3593 ergo,
956 3521 1178 3589 fratres,
1225 3533 1332 3579 tota
1385 3522 1498 3580 fere
1543 3526 1652 3580 vita
1701 3535 1887 3580 nostra
1937 3524 2008 3580 sit
2053 3526 2106 3580 in
2135 3545 2178 3604 ο

523 3617 786 3688 pet-catis,
843 3626 903 3671 ut
955 3617 1098 3674 hanc
1143 3618 1442 3673 salutarem
1494 3618 1769 3672 tristitiam
1807 3619 2110 3688 amplecta-

524 3725 670 3774 mur,
734 3708 899 3764 vitam
965 3709 1018 3764 in
1078 3710 1397 3779 paenitentia
1439 3709 1704 3778 degamus
1748 3725 1971 3767 necesse
2001 3721 2106 3766 est.

523 3799 641 3856 Nisi
690 3799 838 3856 enim
884 3799 986 3855 hoc
1054 3799 1371 3866 fecerimus,
1433 3801 1576 3856 sicut
1636 3801 1774 3855 dixit
1821 3801 2108 3869 Dominus,

523 3892 970 3947 ctmdemnabunt
1035 3907 1136 3947 nos
1216 3891 1472 3948 Ninivitm
1547 3893 1600 3946 in
1683 3893 2106 3960 resurrectione,

522 3987 651 4054 quia
701 3986 1080 4056 pmnitentiam
1149 3996 1379 4056 egerunt
1449 3987 1502 4041 in
1561 3987 1952 4056 praadicatione
2012 3985 2107 4040 Jo-

524 4095 608 4134 me
632 4079 698 4144 ³³,
736 4087 788 4132 et
835 4094 934 4132 nos
989 4079 1385 4148 paenitentiam,
1430 4094 1536 4132 non
1567 4079 1777 4148 egimus
1824 4081 1876 4133 iu
1914 4079 2111 4150 praedi-

524 4171 738 4224 catione
780 4169 980 4226 Christi
1014 4172 1106 4240 qui
1149 4180 1234 4226 est
1275 4169 1446 4226 Jonas
1487 4169 1602 4226 Dei.
1656 4172 1721 4226 Et
1770 4182 1951 4227 tamen
1997 4187 2107 4228 non

523 4264 858 4332 praedicabat
907 4264 1074 4319 Jonas
1133 4265 1532 4332 pcnnitentiam,
1580 4264 1696 4330 sed,
1755 4265 1903 4320 sicut
1963 4267 2108 4320 dixi-

523 4372 670 4418 mus,
702 4356 951 4412 vindictze
991 4355 1270 4412 decretum
1293 4396 1308 4422 ,
1339 4356 1696 4426 privationem
1723 4359 1867 4420 vitae,
1895 4358 2112 4413 destru-

527 4453 768 4504 etioncm
807 4459 860 4504 et
900 4465 1154 4514 mortem,
1187 4451 1508 4518 exitumque
1556 4449 1912 4518 completum.
1951 4449 2111 4503 (Ihri-

530 4549 651 4592 stus
685 4555 810 4591 veru
842 4539 988 4593 venit
1035 4551 1091 4593 ut
1129 4539 1296 4592 vitam
1335 4539 1663 4593 haberemus
1713 4549 1766 4593 et
1819 4540 2106 4594 abundan-

529 4632 642 4684 tius
678 4630 1026 4693 habercmus,
1075 4632 1428 4700 adoptionem
1482 4631 1722 4685 divinam
1771 4641 1822 4686 et
1877 4647 2104 4702 regnum

524 4722 754 4776 caeleste
818 4724 1212 4793 reciperemus.
1258 4723 1699 4794 Jonasquidem
1765 4729 2104 4780 eversionem

521 4817 824 4886 praedicans
851 4833 955 4872 non
975 4818 1354 4887 paenitentiam
1382 4819 1730 4888 suggerebat,
1751 4835 1850 4873 nec
1879 4835 2104 4890 regnum

2295 3525 2452 3580 Ἐπεὶ
2517 3526 2701 3581 τοίνυν
2755 3527 2852 3582 καὶ
2897 3528 3034 3595 ἡμῖν
3076 3527 3266 3596 σχεδὸν
3317 3529 3348 3581 6
3404 3526 3516 3596 βίος
3565 3523 3677 3585 ὅλος
3724 3522 3773 3575 ὲν

2215 3620 2536 3690 ἁμαρτίαις,
2569 3620 2797 3690 ταύτην,
2847 3620 3090 3689 ἀδελφοὶ,
3143 3620 3241 3689 τὴν
3294 3621 3572 3689 σωτήριον
3617 3614 3774 3680 λύπην

2213 3715 2308 3768 καὶ
2335 3713 2426 3766 τὸν
2459 3715 2519 3767 ἐν
2551 3713 2815 3785 μετανοίᾳ
2843 3713 2956 3785 βίον
2987 3712 3082 3765 καὶ
3109 3713 3256 3782 ἡμᾶς
3297 3713 3547 3776 ἅπαντας
3577 3707 3767 3763 ἑλέσθαι

2216 3805 2372 3876 165
2402 3805 2602 3876 χρεών.
2657 3806 2718 3860 Et
2742 3805 2851 3875 γὰρ
2888 3804 2966 3874 μὴ
2995 3804 3155 3856 τοῦτο
3207 3804 3510 3874 πράξομεν,
3541 3799 3766 3864 καθάπερ

2210 3901 2239 3953 6
2270 3901 2477 3970 Κύριος
2525 3894 2700 3963 εἶπεν,
2741 3901 2791 3952 οἱ
2829 3895 3112 3952 Νινευῗται
3168 3895 3599 3969 κατακρινοῦσιν
3639 3889 3762 3962 ἡμᾶς

2211 3996 2270 4048 ὲν
2307 3997 2374 4064 τῇ
2420 3994 2742 4056 ἀναστάσει,
2790 3995 2875 4048 ὅτι
2915 3992 3257 4064 μετενόησαν
3307 3994 3388 4056 είς
3427 3993 3488 4045 τὺ
3525 3991 3764 4060 κήρυγμα

2224 4085 2400 4151 Ἰωνᾶ,
2443 4089 2538 4139 καὶ
2571 4087 2738 4155 ἡμεῖς
2771 4086 2832 4138 οὐ
2885 4085 3299 4156 μετενοήσαμεν
3333 4087 3414 4148 είς
3447 4084 3507 4137 τδ
3533 4080 3622 4135 τοῦ
3651 4079 3764 4146 Χρι-

2214 4179 2341 4232 στοῦ
2402 4181 2690 4249 κήρυγμα,
2737 4179 2830 4233 τοῦ
2881 4179 2977 4234 καὶ
3030 4178 3124 4232 τοῦ
3170 4179 3330 4233 Ἰωνᾶ
3383 4176 3561 4232 Θεοῦ’
3607 4171 3767 4241 καίτοι

2224 4273 2411 4336 Ἰωνᾶς
2441 4273 2542 4325 ούκ
2580 4275 2848 4342 ἐκήρυττε
2887 4271 3202 4342 μετάνοιαν,
3247 4272 3388 4326 ἀλλά
3424 4271 3666 4337 καθάπερ
3703 4261 3769 4315 ετ·

2213 4379 2388 4432 πομεν
2435 4364 2742 4435 καταδίκης
2787 4364 3087 4432 ἀπόφασιν,
3135 4366 3231 4418 καὶ
3270 4363 3422 4434 ζωῆς
3473 4360 3765 4430 ἀφαίρεσιν,

2212 4459 2308 4510 καὶ
2369 4456 2756 4529 καταστροφὴν
2811 4458 2906 4513 καὶ
2941 4458 3193 4523 θάνατον,
3247 4459 3349 4511 καὶ
3380 4456 3590 4512 τελείαν
3633 4445 3768 4504 ἀπώ·

2213 4549 2386 4603 λειαν.
2431 4550 2492 4604 '0
2538 4550 2594 4603 δὲ
2630 4551 2864 4621 Χριστὸς
2894 4545 3079 4622 ἦλθεν,
3113 4550 3199 4604 ἵνα
3231 4550 3379 4621 ζωὴν
3416 4551 3645 4620 ἔχωμεν,
3685 4540 3767 4594 καὶ

2213 4643 2474 4713 περισσὸν
2500 4643 2737 4713 ἔχωμεν,
2777 4643 2926 4697 θείαν
2959 4644 3234 4697 υἱοθεσίαν
3262 4645 3358 4698 καὶ
3386 4638 3658 4713 βασιλείαν
3683 4632 3767 4687 ού-

2217 4735 2421 4805 ρὰνιον.
2470 4737 2531 4790 '0
2564 4735 2663 4806 μὲν
2694 4731 2788 4788 οὖν
2829 4735 3015 4800 Ἰωνᾶς
3057 4736 3446 4805 καταστροφὴν
3477 4731 3768 4803 κηρύττων,

2216 4829 2508 4897 μετάνοιαν
2570 4828 2669 4898 οὐχ
2707 4828 3015 4892 ὑπετίθετο,
3051 4827 3172 4880 οὐδὲ
3212 4826 3494 4896 βασιλείαν
3539 4819 3770 4891 οὐρανῶν

525 4908 793 4964 caelorum
836 4910 1232 4980 promittebat;
1270 4910 1525 4965 Christus
1560 4927 1688 4966 vero
1723 4912 2105 4981 paenitentiam

2215 4922 2587 4988 ἐπηγγέλλετο
2610 4934 2624 4949 '
2652 4924 2679 4974 6
2702 4920 2758 4973 δὲ
2783 4921 3016 4992 Χριστὸς
3047 4919 3341 4986 μετάνοιαν
3374 4916 3658 4987 κηρύττων
3686 4905 3769 4962 καὶ

525 5002 832 5071 praedicans
867 5041 882 5066 ,
941 5018 1284 5073 regnumque
1343 5003 1703 5072 promittens,
1759 5019 2104 5060 communem

524 5098 1041 5168 ineluctabilemque
1063 5100 1387 5167 perniciem.
1417 5098 1572 5155 Sicut
1592 5101 1764 5167 enim,
1793 5103 1889 5168 ait,
1923 5102 1974 5156 in
1995 5102 2110 5157 die-

523 5189 630 5244 bus
660 5189 773 5245 Noe
817 5190 1071 5244 homines
1104 5194 1312 5260 absque
1348 5196 1550 5248 timore
1577 5204 1629 5249 et
1668 5193 1823 5250 freno
1858 5195 2108 5263 volupta-

524 5283 674 5360 tibus
705 5293 864 5338 erant
892 5284 1080 5351 dediti,
1113 5286 1369 5355 venitque
1398 5287 1578 5341 subito
1606 5287 1870 5343 diluvium
1903 5299 1954 5342 et
1983 5303 2104 5342 om-

527 5391 624 5431 nes
661 5376 911 5441 ahstulit,
941 5379 1020 5433 sic
1049 5379 1153 5432 erit
1187 5381 1239 5432 in
1274 5380 1752 5434 consummatione
1784 5380 1970 5435 saacuii
2007 5383 2109 5434 hu-

519 5467 636 5538 ills,
682 5469 922 5536 praeterit
963 5471 1109 5524 enim
1163 5472 1335 5540 figura
1381 5471 1545 5540 hujus
1597 5473 1810 5526 mundi.
1849 5473 1914 5526 Et
1940 5472 2106 5528 Jonas

522 5561 745 5627 quidem
777 5561 946 5616 solam
987 5564 1339 5619 amissionem
1374 5582 1554 5620 rerum
1592 5568 1971 5637 apparentium
2009 5566 2102 5620 Ni-

524 5653 713 5707 nivitis
746 5653 1076 5722 minabatur,
1127 5673 1238 5713 non
1287 5660 1628 5715 tremendum
1681 5660 1938 5728 tribunal,
1991 5674 2100 5714 non

602 5831 646 5864 ³⁰
672 5830 798 5890 Jun.
834 5849 915 5902 tn,
949 5837 1003 5892 5.
1071 5835 1108 5866 ³⁸
1149 5835 1275 5897 Jun.
1315 5856 1395 5909 ιιι,
1427 5841 1479 5896 9.
1559 5840 1601 5872 ³³
1631 5839 1754 5895 P:al
1801 5855 1874 5905 ει,
1903 5838 1957 5894 5.

2215 5015 2495 5085 βασιλείαν
2529 5013 3022 5083 ἐπαγγελλόμενος,
3050 5015 3145 5064 καὶ
3178 5009 3276 5080 τὴν
3305 5010 3492 5079 κοινὴν
3521 5005 3612 5060 καὶ
3642 5003 3767 5070 ἀμε-

2208 5105 2432 5160 τάθετον
2467 5108 2698 5176 προεῖπε
2730 5105 3116 5172 καταστροφήν
3139 5120 3153 5135 ο
3190 5103 3402 5172 Ὠσπερ
3428 5101 3557 5168 γὰρ,
3595 5090 3764 5163 φησὶν,

2208 5199 2257 5251 οἱ
2295 5200 2385 5251 ἐπὶ
2424 5197 2518 5250 τοῦ
2548 5198 2673 5250 Νῶε
2722 5196 2893 5260 ἀδεῶς
2932 5199 3024 5248 καὶ
3063 5195 3268 5256 ἀνέτως
3304 5193 3414 5246 τῶν
3458 5179 3766 5258 σωματικῶν

2207 5291 2479 5360 ἐχόμενοι,
2517 5290 2611 5342 καὶ
2653 5287 2915 5356 ἐξαίφνης
2946 5282 3109 5358 ἦλθεν
3154 5285 3182 5336 6
3241 5277 3624 5346 κατακλυσμὸς
3677 5265 3764 5365 καὶ

2212 5377 2347 5451 ἦρεν
2375 5379 2644 5446 ἅπαντας,
2675 5378 2848 5441 οὕτως
2882 5377 3036 5430 ἔσται
3062 5375 3155 5430 καὶ
3189 5377 3246 5429 ὲν
3274 5377 3338 5444 τῇ
3381 5366 3654 5434 συντελείᾳ
3680 5370 3766 5411 του

2214 5473 2408 5535 αἰῶνος
2443 5473 2636 5525 τούτου
2662 5487 2678 5502 ’
2726 5472 2967 5541 παράγει
3003 5471 3112 5540 γὰρ
3145 5471 3205 5522 τὸ
3235 5469 3422 5539 σχῆμα
3453 5461 3546 5516 τοῦ
3573 5457 3765 5541 κόσμῳ

2212 5564 2425 5618 τούτου.
2455 5565 2566 5618 Καὶ
2591 5566 2617 5614 6
2655 5564 2752 5633 μὲν
2795 5540 2980 5626 ’Ῐωνᾶς
3009 5561 3399 5632 καταστροφὴν
3429 5559 3540 5618 τοῖς
3569 5540 3769 5604 Νινευΐ·

2211 5674 2334 5720 ταις
2391 5657 2500 5709 τῶν
2547 5658 2779 5715 ἐνταῦθα
2837 5657 3179 5729 φαινομένων
3231 5652 3451 5726 ἠπείλει
3483 5635 3763 5717 τηνικαῦτα

2036 5837 2078 5870 ⁸⁸
2117 5835 2307 5892 Matth.
2337 5853 2430 5904 xu,
2462 5837 2551 5892 41.
