4014 6446
317 305 433 369 373

1660 313 1997 375 HOMILIA
2036 315 2262 380 XXIX.

3493 311 3600 378 3'76

315 423 504 492 μόνον,
537 440 636 476 au.
680 424 742 475 οὐ
793 424 947 493 βῆμα
979 430 1233 498 φρικτὸν,
1274 429 1371 485 καὶ
1400 430 1584 500 κρίσιν
1631 431 1772 502 μετὰ
1807 431 1908 501 τήν

2026 434 2365 491 ineluctabile
2391 446 2516 506 post
2550 452 2739 491 necem
2768 435 3067 504 judicium,
3101 450 3208 489 non
3240 435 3419 505 ignem
3449 435 3602 489 inex-

313 515 702 587 καταστροφὴν
732 518 1060 586 ἀδέκαστον,
1091 522 1153 574 ού
1181 522 1294 593 πῦρ
1316 525 1603 589 ἄσϐεστον,
1628 526 1728 578 οὐκ
1757 525 1908 577 ἀκοί-

317 625 494 678 μητον
537 608 822 678 σκώληκα,
859 612 919 664 οὐ
965 614 1159 679 σκότος
1198 616 1485 688 ἐξώτερον,
1537 619 1600 672 ού
1659 619 1906 689 βρυγμδν

315 701 550 754 ἐλεεινὸν
603 703 854 764 ὀδόντων.
891 705 953 758 οὐ
1012 706 1212 772 πένθος
1252 710 1730 780 ἀπαραμύθητονο
1777 714 1806 766 6
1850 712 1907 766 δὲ

318 795 529 864 Κύριος
583 798 677 848 καὶ
728 796 906 850 ταῦτα
944 801 1378 870 προσηπείλησε,
1431 804 1526 856 καὶ
1583 805 1907 875 ἀπεκάλυψε

316 890 431 952 τοῖς
464 887 788 958 ἀναλγήτως
813 891 1051 945 ἐνταῦθα
1079 893 1454 964 διακειμένοις
1492 898 1632 966 μετὰ
1670 900 1770 970 τὴν
1810 898 1907 952 τοῦ

317 982 530 1052 κόσμου
566 983 882 1039 συντέλειαν
916 987 1287 1057 ἀποκείμενα,
1318 990 1438 1044 ἀλλ’
1465 991 1525 1044 ού
1577 993 1717 1062 μετὰ
1751 994 1912 1066 τριή-

321 1093 491 1146 μερον
539 1075 695 1131 ἔσται
732 1078 910 1131 ταῦτα
955 1080 1170 1149 χρόνον,
1195 1083 1272 1146 ὼς
1307 1085 1334 1136 6
1381 1083 1566 1148 Ἰωνᾶς
1615 1087 1908 1158 ἐκήρυττε,

322 1169 466 1237 μετὰ
493 1169 661 1222 πολὺν
684 1171 742 1224 δέ
760 1186 775 1200 ·
803 1177 898 1225 καὶ
923 1172 1084 1228 τοῦτο
1115 1175 1218 1246 τῆς
1263 1177 1596 1249 δεσποτικῆς
1629 1179 1910 1250 μακροθυο

323 1259 477 1328 μίας.
505 1260 580 1312 Τὸ
606 1255 701 1314 οῦν
736 1263 1097 1335 μακρόθυμον
1123 1268 1217 1321 τοῦ
1249 1269 1386 1323 Θεοῦ
1414 1272 1496 1333 είς
1526 1273 1823 1340 μετάνοιάν
1849 1289 1910 1325 σε

318 1352 463 1420 ἄγει,
508 1355 573 1408 σὺ
622 1354 678 1408 δὲ
720 1355 842 1423 δρα,
883 1357 958 1428 μὴ
1002 1360 1089 1414 διὰ
1131 1361 1232 1432 τὴν
1283 1365 1634 1435 σκληρότητά
1689 1383 1783 1419 σου
1816 1368 1911 1420 καὶ

319 1445 631 1517 ἀνάλγητον
665 1451 767 1505 καὶ
813 1453 1193 1507 ἀκατὰνυκτον
1227 1456 1322 1508 καὶ
1360 1457 1739 1531 ἀμετανόητον
1767 1477 1910 1528 καρ-

320 1540 440 1593 δίαν
493 1539 834 1614 θήσαυρίσῃς
866 1547 1080 1614 σεαυτῷ
1118 1546 1309 1616 ὀργὴν,
1361 1550 1420 1601 ἐν
1466 1551 1654 1620 ἡμέρα
1694 1551 1909 1606 δικαιοο

320 1633 542 1703 κρισίας
590 1637 687 1690 καὶ
742 1636 1147 1707 ἀποκαλύψεως
1194 1640 1362 1694 Θεοῦ·
1419 1643 1696 1696 ἀποδώσει
1729 1644 1840 1714 γὰρ
1883 1647 1911 1700 6

322 1724 530 1794 Κύριος
583 1727 802 1797 ἑκάστῳ
832 1729 976 1782 κατά
1017 1731 1086 1784 τὰ
1119 1731 1255 1802 ἔργα
1305 1733 1499 1798 αὑτοῦ,
1533 1737 1649 1800 τοῖς
1707 1736 1808 1807 μὲν
1853 1739 1911 1790 ὲν

321 1816 572 1888 ὑπομονῇ
604 1818 693 1872 διὰ
712 1818 823 1870 τῶν
850 1820 948 1890 τῆς
975 1824 1269 1891 μετανοίας
1297 1823 1481 1893 ἔργων
1505 1827 1564 1880 ἐν
1591 1843 1912 1898 συντετριμ-

325 1911 463 1980 μένῃ
498 1911 695 1982 καρδίᾳ
741 1913 842 1984 τὴν
870 1914 1068 1983 ἄφεσιν
1108 1913 1219 1968 τῶν
1252 1918 1668 1989 ἡμαρτημένων
1717 1917 1914 1990 ζητοῦ-

324 2019 410 2054 σιν
441 2001 628 2056 ἄνεσιν
680 2007 777 2058 καὶ
823 2006 1020 2076 χαρὰν,
1071 2010 1165 2061 καὶ
1203 2009 1348 2081 ζωὴν
1389 2009 1631 2076 αἰώνιον,
1687 2013 1784 2066 καὶ
1817 2012 1916 2081 βα·

325 2094 538 2148 σιλείαν
569 2097 886 2170 ἀπόρρητον
909 2115 926 2131 ο
971 2103 1083 2163 τοῖς
1123 2101 1181 2155 δὲ
1216 2102 1534 2174 ἀναλγήτως
1567 2106 1663 2159 καὶ
1708 2107 1918 2177 ἀμετα-

321 2190 535 2259 νοήτως
588 2191 680 2244 ἐπὶ
709 2193 820 2254 τοῖς
880 2193 1252 2264 ἁμαρτήμασι
1305 2197 1683 2268 διακειμένοις
1733 2200 1914 2270 θλίψις

323 2282 483 2336 ἔσται
518 2284 614 2337 καὶ
645 2287 1008 2358 στενοχωρία,
1037 2289 1130 2342 καὶ
1162 2289 1389 2356 κόλασις
1420 2292 1700 2364 ἁφόρητὸς
1728 2311 1787 2347 τε
1819 2297 1916 2348 καὶ

321 2376 706 2448 ἀτελεύτητος.

412 2472 575 2526 Ἀλλὰ
605 2475 741 2541 μετὰ
769 2477 894 2537 τοὺς
928 2477 1221 2546 Νινευττας
1256 2481 1427 2552 στήλη
1474 2484 1574 2553 τῆς
1611 2482 1754 2536 κατὰ
1779 2482 1917 2536 Θεὸν

323 2565 504 2637 λύπης
545 2570 574 2620 6
614 2569 780 2622 A1616
812 2571 1156 2642 ἀναπέφηνε,
1191 2575 1282 2628 καὶ
1336 2575 1506 2646 στήλη
1543 2573 1693 2641 ζῶσά
1719 2595 1779 2631 τε
1820 2580 1916 2630 καὶ

324 2660 569 2714 λαλοῦσαι
599 2663 664 2716 τὰ
710 2663 806 2731 τῆς
848 2667 1118 2736 σωτηρίου
1159 2669 1252 2722 καὶ
1287 2671 1430 2724 κατὰ
1472 2671 1607 2725 Θεὸν
1663 2673 1919 2742 λυπηρᾶς

325 2755 702 2820 κατανύξεως.
762 2753 932 2824 Οὗτος
964 2760 1074 2832 γὰρ
1117 2763 1211 2816 καὶ⁷
1244 2763 1312 2833 ἢν
1352 2766 1604 2836 ἥμαρτεν
1635 2767 1918 2838 ἁμαρτίαν

325 2850 680 2920 ἀνάγραπτον
734 2852 907 2916 ἔθετο,
952 2856 1047 2908 καὶ
1092 2854 1209 2910 οἷον
1243 2860 1574 2925 ἀπεδείξατο
1615 2865 1752 2933 πρὸς
1783 2864 1918 2917 Θεὸν

325 2943 389 2995 τὸ
428 2943 625 3006 πένθος
656 2947 749 2998 καὶ
781 2947 878 3020 τὴν
929 2949 1237 3018 μετάνοιαν.
1279 2955 1375 3007 καὶ
1415 2955 1538 3019 οίας
1584 2957 1739 3027 παρὰ
1779 2959 1914 3012 Θεοῦ

324 3037 428 3105 τῆς
453 3039 797 3104 συμπαθείας
821 3041 1089 3112 ἐπέτυχεν
1115 3061 1128 3074 '
1158 3063 1176 3096 ι
1212 3043 1356 3100 Εἶπα
1386 3048 1518 3120 γὰρ,
1554 3055 1742 3120 φησὶν,
1760 3050 1918 3116 Ἐξα-

1947 1781 1987 1836 Β

2011 527 2410 597 stinguibilem,
2442 545 2550 584 non
2595 544 2837 583 vermem
2883 529 2976 599 qui
3025 544 3134 582 non
3184 527 3441 590 moritur,
3488 542 3599 580 non

2011 620 2265 675 tenebras
2289 621 2613 688 exteriores,
2640 639 2746 677 non
2769 622 3175 677 lamentabilem
3204 620 3449 675 dentium
3476 619 3604 674 stri-

2010 715 2225 780 dorem,
2256 731 2363 770 non
2405 732 2619 786 patriam
2674 718 3112 786 indelicienlem;
3163 716 3429 771 Dominus
3473 730 3602 770 vero

2011 817 2064 859 et
2100 805 2215 860 haec
2251 807 2494 861 minatus
2525 815 2608 862 est
2638 809 2782 862 mala
2815 819 2869 862 et
2901 808 3131 878 sepultis
3163 808 3282 862 sine
3316 809 3517 862 timore
3546 807 3600 860 in

2012 898 2404 966 voluptatibus,
2444 915 2567 970 quae
2614 915 2710 954 eos
2757 909 3016 954 manca-nt
3049 907 3172 970 post.
3219 899 3383 967 hujus
3415 897 3604 952 mundi

2013 989 2546 1044 consummationem
2587 990 2898 1055 revelavit;
2933 1000 2988 1044 at
3024 1005 3133 1045 non
3183 999 3305 1059 post
3335 999 3450 1043 tres
3488 989 3605 1042 dies

2012 1083 2115 1138 ista
2158 1091 2386 1138 ventura
2421 1093 2570 1150 sunt,
2596 1085 2735 1138 sient
2767 1083 3041 1138 clamabat
3090 1082 3286 1146 Jonas,
3342 1083 3433 1138 sed
3481 1090 3607 1151 post

2013 1175 2232 1243 longum
2267 1183 2488 1243 tempus
2520 1178 2664 1244 quod
2712 1189 2776 1229 ex
2818 1174 2908 1228 Dei
2964 1174 3377 1244 longanimitate
3407 1188 3608 1243 prove-

2011 1269 2114 1324 nit.
2141 1268 2556 1340 Longanimitas
2601 1269 2692 1323 Dei
2739 1269 2804 1323 ad
2837 1269 3218 1338 paenitentiam
3255 1279 3306 1322 te
3338 1267 3603 1330 adducit,

2015 1371 2070 1416 tu
2105 1377 2236 1418 vero
2270 1363 2391 1418 vide
2413 1378 2484 1416 ne
2512 1377 2611 1432 per
2633 1361 2900 1417 duritiam
2926 1373 3100 1428 tuam,
3129 1376 3229 1431 per
3251 1359 3610 1431 inipozniteus

2012 1460 2190 1515 dolori
2231 1467 2285 1515 et
2317 1459 2638 1515 contrilioni
2686 1475 2786 1516 cor
2833 1458 3207 1528 impervium,
3264 1456 3613 1510 tbesaurim

2012 1555 2110 1609 tibi
2144 1555 2284 1610 iram
2316 1555 2370 1609 in
2402 1555 2492 1610 die
2516 1554 2612 1608 ira!
2636 1563 2690 1609 et
2723 1553 3078 1608 revelationis
3101 1552 3236 1622 justi
3268 1551 3462 1620 judicii
3495 1549 3610 1611 Dei,

2014 1648 2109 1719 qui
2143 1647 2335 1702 reddet
2376 1648 2669 1718 unicuique
2705 1647 3009 1703 secundum
3043 1661 3209 1715 opera
3243 1645 3387 1714 ejus,
3424 1643 3489 1696 iis
3517 1642 3611 1711 qui

2018 1740 2322 1795 secundum
2374 1741 2696 1810 patientiam
2733 1740 2861 1795 boni
2905 1743 3113 1810 operis,
3163 1736 3502 1807 pmnitentire
3557 1736 3612 1787 iu

2023 1837 2190 1892 corde
2237 1835 2480 1892 contrito
2526 1844 2881 1905 peccatorum
2930 1833 3314 1889 remissionem
3362 1839 3616 1902 quarunt

2021 1932 2237 1985 veniam
2269 1938 2323 1985 et
2363 1929 2622 2000 gaudium
2645 1970 2660 1996 ,
2692 1937 2746 1984 et
2774 1928 2941 1983 vitam
2991 1937 3250 1982 teternam
3305 1934 3358 1980 et
3389 1908 3617 1978 inamis-

2022 2025 2184 2080 siblle
2212 2037 2479 2090 regnum;
2511 2021 2580 2078 iis
2611 2031 2794 2077 autem
2829 2022 2921 2092 qui
2953 2021 3162 2088 absque
3192 2019 3384 2074 dolore
3411 2027 3466 2072 et
3497 2033 3616 2086 pae-

2023 2117 2254 2172 nitentia
2291 2117 2346 2171 in
2384 2117 2624 2187 peccatis
2659 2118 2777 2172 suis
2830 2123 3117 2170 remanent
3144 2151 3159 2177 ,
3193 2111 3476 2168 tribulatio
3509 2113 3619 2168 erit

2024 2220 2078 2266 et
2109 2209 2386 2280 angustia,
2421 2223 2698 2280 poenaque
2735 2207 3004 2262 immensa
3044 2216 3098 2262 et
3133 2206 3373 2261 infinita.

2122 2485 2251 2542 Post
2307 2483 2580 2542 Ninivitas
2641 2485 2956 2554 exemplum
3036 2482 3194 2539 nobis
3245 2480 3392 2536 dedit
3449 2478 3619 2533 David

2026 2580 2266 2636 tristitia:
2292 2579 2596 2634 secundum
2629 2579 2797 2633 Deum
2843 2584 2904 2632 ut
2943 2578 3203 2633 columna
3242 2575 3366 2629 viva
3410 2583 3465 2627 et
3505 2571 3622 2626 elo-

2031 2688 2208 2741 quens
2240 2673 2406 2744 bujas
2446 2672 2704 2729 salutaris
2745 2679 2800 2726 et
2841 2671 3145 2726 secundum
3186 2669 3353 2724 Deum
3389 2667 3620 2723 doloris.

2028 2766 2148 2838 Ipse
2197 2767 2344 2822 enim
2395 2767 2540 2836 quml
2587 2773 2908 2834 peccaverat
2941 2774 3254 2836 peccatum,
3291 2761 3501 2830 scripto
3532 2775 3625 2814 re-

2029 2861 2193 2923 tulit,
2245 2876 2346 2916 nec
2387 2876 2494 2914 non
2536 2869 2592 2914 et
2639 2869 2904 2928 quantum
2960 2857 3204 2913 dolorem
3247 2864 3626 2925 quantamque

2030 2954 2412 3023 paruitentiam
2469 2950 2578 3007 Deo
2633 2949 3040 3013 monstraverit,
3074 2958 3129 3004 et
3188 2963 3350 3018 quam
3403 2948 3471 3002 ab
3507 2951 3626 3014 ipso

2032 3047 2422 3114 indulgentiam
2455 3043 2792 3099 obtinuerit:
2829 3061 2847 3094 ι
2885 3042 2998 3096 Dixi
3037 3059 3050 3095 :
3088 3039 3403 3098 Conlitebor
3432 3039 3626 3094 adver-

325 3126 584 3198 γορεύσω
613 3129 733 3183 κατ’
761 3131 899 3200 ἐμοῦ
932 3133 1030 3202 τὴν
1055 3135 1288 3204 ἀνομίαν
1327 3157 1428 3208 μου
1461 3140 1538 3211 τῷ
1577 3142 1793 3213 Κυρίῳ,
1821 3145 1918 3198 καὶ

2028 3154 2148 3193 sum
2180 3153 2265 3192 me
2316 3136 2635 3208 injustiliam
2679 3150 2856 3190 meam
2911 3133 3144 3187 Domino
3205 3143 3309 3187 :et
3362 3142 3416 3186 tu
3459 3133 3627 3185 remi-

329 3223 399 3276 σὺ
427 3223 649 3291 ἀφῆκας
669 3225 767 3294 τὴν
786 3225 1044 3282 ἀσέϐειαν
1075 3229 1175 3298 τῆς
1200 3232 1432 3303 καρδίας
1462 3251 1625 3302 μου·»
1660 3237 1924 3292 ἀσέϐειαν

327 3317 430 3386 τὴν
493 3319 649 3387 ῥίζαν
693 3320 794 3388 τῆς
854 3323 1062 3385 κακίας
1115 3323 1314 3393 λέγων,
1378 3329 1441 3380 τὸ
1481 3329 1835 3401 ἐνοικουροῦν
1867 3332 1926 3385 ἐν

329 3411 398 3480 τῇ
456 3409 601 3480 ιζυχῇ
653 3412 858 3474 πάθος·
892 3415 1128 3484 ἀνομίαν
1184 3417 1241 3470 δὲ
1284 3419 1384 3489 τὴν
1444 3421 1799 3477 τελεσθεῖσαν
1836 3425 1926 3479 διὰ

332 3501 589 3566 ’πράξεως
638 3505 935 3574 ἁμαρτίαν.
966 3507 1034 3575 ἢν
1069 3507 1451 3578 θριαμϐεύσας
1490 3518 1602 3578 τοῖς
1633 3518 1791 3574 πᾶσι.
1827 3520 1926 3573 καὶ

331 3595 402 3648 δι’
431 3597 498 3666 ἢν
527 3599 856 3666 κατανυγεὶς
884 3602 976 3654 καὶ
1010 3603 1309 3673 πενθήσας,
1343 3606 1404 3658 ού
1445 3606 1542 3678 τὴν
1569 3609 1765 3677 ἄφεσιν
1798 3606 1925 3682 εὗρε

344 3689 523 3758 μόνον,
564 3691 700 3745 ἀλλὰ
749 3693 846 3746 καὶ
883 3695 981 3761 τὴν
1042 3695 1189 3749 ἴασιν
1229 3695 1379 3752 ἔνδον
1431 3699 1617 3756 ἔλαϐε.
1663 3703 1790 3767 Πῶς
1831 3700 1928 3758 οὖν

347 3782 560 3837 διετέλει
597 3785 835 3852 πενθῶν,
867 3788 1034 3842 αὐτοῦ
1073 3789 1239 3844 πάλιν
1279 3791 1609 3861 ἀκούσωμεν
1638 3794 1924 3862 λέγοντοςο

350 3891 374 3928 ι
445 3875 736 3948 Ἐγενόμην
793 3883 1292 3952 μεμαστιγωμένος
1354 3885 1488 3956 ὅλην
1535 3886 1633 3957 τὴν
1685 3889 1924 3962 ἡμέραν,

337 3971 432 4022 καὶ
480 3974 507 4024 6
540 3971 759 4043 ἔλεγχός
816 3991 920 4043 μου
969 3976 1050 4038 είς
1098 3981 1200 4040 τὰς
1251 3977 1508 4046 πρωῖας·
1554 3997 1572 4030 ι
1615 3981 1733 4044 καὶ,
1769 4000 1788 4033 ι
1837 3981 1926 4044 Ὠς

335 4064 552 4118 πενθῶν
590 4067 686 4120 καὶ
729 4067 1148 4137 σκυθρωπάζων
1189 4069 1364 4135 οὕτως
1403 4074 1812 4144 ἐταπεινούμην
1840 4092 1854 4107 ⁸
1898 4095 1916 4128 ι

335 4159 457 4221 καὶ,
489 4177 507 4212 ι
546 4159 736 4214 Λούσω
769 4162 892 4215 καθ’
937 4162 1184 4232 ἑκάστην
1213 4165 1388 4218 νύκτα
1417 4167 1519 4234 τὴν
1559 4167 1754 4238 κλίνην
1795 4185 1922 4236 μου,

335 4251 396 4303 ἐν
423 4249 655 4320 δάκρυσί
688 4268 791 4322 μου
843 4250 944 4323 τὴν
990 4256 1287 4323 στρωμνήν
1326 4273 1430 4324 μου
1486 4256 1664 4326 βρέξω
1690 4273 1702 4286 ·
1741 4277 1760 4311 ι
1805 4260 1923 4321 καὶ,

341 4362 362 4397 ι
404 4345 703 4416 Ἐγενήθην
730 4345 866 4399 ὡσεὶ
891 4347 1311 4417 νυκτικόρσξέν
1339 4350 1632 4420 οἰκοπέόῳ,
1672 4351 1925 4421 μονάζων

333 4439 432 4492 ἐπὶ
480 4429 750 4508 δώματος,
786 4439 881 4492 καὶ
914 4439 1110 4492 σποδὸν
1159 4439 1294 4494 ώσεὶ
1342 4441 1511 4511 ἄρτον
1562 4441 1924 4512 ἔφαγονηκαὶ

331 4529 397 4584 τὺ
437 4531 590 4600 πόμα
627 4547 731 4600 μου
765 4530 905 4599 μετὰ
931 4531 1214 4601 κλαυθμοῦ
1260 4531 1494 4602 ἐκίρνων
1521 4550 1532 4564 ·
1572 4551 1589 4584 ι
1629 4536 1744 4598 καὶ,
1779 4555 1799 4588 ‹
1843 4535 1926 4590 Τὰ

332 4623 543 4693 γόνατά
587 4641 687 4692 μου
731 4623 1044 4695 ήσθένησαν
1079 4625 1189 4679 ἀπὸ
1233 4626 1517 4698 νηστείας,
1571 4629 1731 4699 καὶή
1787 4628 1928 4700 σάρξ

340 4737 446 4790 μου
491 4718 759 4790 ἠλλοιώθη
808 4720 876 4772 δι’
947 4719 1162 4773 ἔλαιον·
1198 4739 1218 4773 ›
1278 4722 1372 4774 καὶ
1423 4741 1442 4773 ι
1495 4722 1925 4794 Ἑταπεινώθην,

337 4821 432 4872 καὶ
472 4817 643 4871 ἐσωσέ
696 4832 761 4888 με
798 4818 957 4888 166
1001 4819 1028 4869 6
1075 4817 1306 4888 Κύριος.
1346 4836 1364 4869 ι
1403 4817 1549 4882 Πρδς
1586 4818 1680 4872 τὸν
1716 4819 1926 4890 Κύριον

334 4913 457 4976 οἵας
506 4911 700 4982 ἀφίησι
762 4911 985 4981 φωνάς·
1027 4930 1046 4962 ι
1102 4911 1298 4981 Κύριε,
1362 4909 1435 4982 μή
1496 4912 1572 4983 τῷ
1613 4911 1772 4981 θυμῷ
1831 4930 1925 4966 σου

334 5006 563 5076 ἐλέγξῃς
591 5022 681 5072 με,
721 5003 856 5074 μηδὲ
881 5007 944 5073 τῇ
972 5003 1112 5076 ὀργῇ
1143 5019 1239 5055 σου
1265 5003 1568 5076 παιδεύσῃς
1604 5021 1693 5073 με.
1735 5004 1925 5075 Ἐλέη-

334 5100 430 5152 σόν
463 5115 553 5167 με,
595 5097 765 5166 Κύριε
791 5111 804 5126 ·
855 5115 874 5146 ι
912 5095 1025 5159 καὶ,
1065 5114 1082 5147 ι
1132 5096 1253 5149 Ὀτι
1281 5097 1382 5166 τὴν
1421 5097 1656 5166 ἀνομίαν
1683 5114 1785 5166 μου
1811 5097 1923 5165 ἐγὼ

332 5187 616 5263 γινώσκω,
656 5189 752 5243 καὶ
781 5192 813 5262 ή
843 5189 1095 5258 ἁμαρτία
1134 5207 1237 5259 μου
1277 5189 1514 5243 ἐνώπιόν
1548 5189 1650 5260 μού
1679 5192 1798 5244 ἐστι
1833 5189 1922 5243 διὰ

332 5285 577 5347 παντὸς·
618 5303 635 5334 ι
695 5285 810 5342 καὶ,
852 5303 869 5334 ι
924 5284 1123 5352 Κύριε,
1169 5281 1494 5336 εἰσάκουσον
1535 5283 1635 5352 τῆς
1681 5301 1920 5354 προσευ-

333 5381 437 5453 χῆς
474 5397 600 5450 μου,
636 5380 729 5432 καὶ
765 5379 840 5450 μὴ
871 5379 1124 5449 εἰσέλθῃς
1173 5380 1254 5443 εἰς
1285 5379 1467 5449 κρίσιν
1504 5381 1645 5449 μετὰ
1674 5378 1770 5432 τοῦ
1804 5379 1928 5432 δού-

332 5473 428 5528 λου
473 5491 586 5526 σου.
621 5493 642 5525 ι
686 5473 850 5526 Δεῦτε
898 5468 991 5526 οὖν
1023 5473 1118 5526 καὶ
1150 5474 1334 5542 ἡμεῖς,
1386 5471 1632 5542 ἀδελφοί,
1684 5489 1927 5543 προσκυ-

334 5569 593 5635 νήσωμεν
616 5569 710 5619 καὶ
731 5566 1140 5635 προσπέσωμεν
1162 5567 1256 5618 καὶ
1289 5563 1640 5634 κλαύσωμεν,
1669 5563 1925 5637 καθάπερ

333 5659 503 5724 αὐτὸς
530 5659 694 5712 πάλιν
727 5661 754 5710 6
780 5658 948 5711 Δαϐἰδ
976 5659 1427 5729 προτρεπόμενός
1455 5675 1646 5730 υησιν,
1676 5659 1925 5712 ἐναντίον

389 5775 454 5833 ,³⁸
492 5773 636 5828 Psal.
673 5790 822 5836 xxvi,
857 5774 910 5827 5.
1011 5772 1056 5803 ³⁸
1101 5772 1246 5828 Psal.
1279 5787 1452 5836 va",
1492 5773 1574 5828 ιι.

336 5860 490 5912 cvm,
521 5844 611 5900 2i.
690 5845 732 5877 ³⁸
757 5843 900 5900 Psal.
923 5859 1067 5909 CXIV,
1096 5845 1154 5902 6.
1229 5846 1270 5876 δε
1308 5844 1448 5900 Psal.
1481 5861 1555 5911 vt,
1593 5845 1641 5900 1.

1961 4502 2002 4556 ῐ)

1678 5773 1723 5807 ³⁸
1757 5774 1906 5828 Psal.
1941 5787 2111 5838 xxxn,
2147 5771 2234 5825 li».

1720 5843 1764 5878 δ’
1795 5845 2002 5911 Ι³διιὶ.ι,
2036 5843 2092 5900 5.

2032 3231 2151 3288 sisti
2201 3231 2535 3301 impietatem
2596 3229 2780 3283 cordis
2824 3227 2929 3282 mei
2959 3227 3030 3282 ³⁸.
3072 3245 3092 3280 ι
3130 3226 3464 3295 Impietatem
3531 3241 3628 3278 vo-

2030 3333 2121 3381 cat
2195 3324 2434 3380 radicem
2491 3323 2735 3384 maliti-ie,
2811 3322 3124 3392 passionem
3179 3320 3232 3374 in
3300 3317 3483 3372 anima
3540 3332 3629 3372 re-

2030 3428 2376 3484 manentem;
2431 3417 2776 3488 iniquitatem
2836 3431 2968 3470 vero
3025 3423 3308 3484 peccatum
3363 3412 3628 3466 commis-

2031 3530 2178 3578 sum,
2223 3528 2332 3583 quo
2364 3513 2582 3567 devicto
2629 3521 2683 3565 et
2717 3525 2815 3577 per
2846 3507 3089 3563 dolorem
3127 3507 3629 3574 contritionemque

2029 3610 2228 3675 deleto,
2265 3622 2372 3662 non
2406 3605 2568 3660 modo
2599 3602 2766 3674 hujus
2795 3602 3181 3659 remissionem
3212 3616 3242 3654 a
3272 3598 3630 3655 Dominoin-

2030 3701 2202 3768 venit,
2224 3700 2316 3756 sed
2347 3699 2510 3752 etiam
2545 3698 2820 3751 internam
2845 3697 3191 3750 sanationem
3232 3693 3454 3761 recepit.
3477 3691 3630 3758 Quo-

2031 3795 2196 3849 tnodo
2235 3790 2493 3858 doluerit,
2523 3790 2702 3859 ipsum
2747 3803 2942 3843 rursus
2976 3784 3267 3842 audiamus
3301 3785 3576 3839 dicentem
3611 3802 3627 3841 :

2035 3886 2166 3940 «Fui
2200 3883 2501 3954 ﬂagellatus
2530 3890 2640 3937 tota
2677 3881 2858 3946 die,et
2887 3878 3175 3950 castigatio
3211 3893 3328 3932 mea
3365 3879 3419 3932 in
3454 3888 3629 3933 tuatu-

2033 3977 2279 4034 tinis”.r
2310 3974 2415 4031 Et:
2458 3993 2477 4026 ι
2500 3973 2670 4040 Quasi
2708 3974 2900 4044 lugens
2922 3985 2972 4027 et
2992 3972 3374 4037 contristatns,
3409 3971 3488 4025 sic
3531 3973 3630 4025 bu-

2031 4070 2401 4124 miliabarua
2441 4067 2503 4122 Et
2539 4085 2552 4122 :
2587 4087 2605 4120 ι
2645 4068 2864 4123 Lavabo
2889 4083 2988 4138 per
3017 4069 3264 4136 singulas
3301 4078 3492 4123 noctes
3517 4068 3630 4121 lec-

2031 4172 2146 4218 tum
2178 4178 2382 4228 meum,
2402 4163 2659 4233 lacrymis
2680 4162 2813 4218 meis
2838 4171 3069 4217 stratum
3099 4177 3279 4217 meum
3311 4161 3502 4232 rigabo
3522 4161 3582 4214 ³⁷,
3604 4180 3623 4213 ι

2033 4259 2100 4313 Ει
2165 4275 2184 4309 ι
2220 4256 2422 4312 Factus
2475 4272 2596 4310 sum
2638 4256 2786 4310 sicut
2841 4255 3164 4326 nycticorax
3218 4255 3271 4310 in
3327 4255 3628 4322 domicilio,

2031 4352 2175 4406 sicut
2204 4365 2396 4420 passer
2423 4349 2703 4405 solitarius
2733 4349 2784 4403 in
2814 4357 2979 4413 tecto,
3004 4355 3057 4402 et
3088 4347 3330 4402 cinerem
3367 4359 3629 4417 tanquam

2035 4457 2230 4512 panem
2282 4440 2710 4506 manducabam,
2746 4449 2798 4494 et
2853 4448 3046 4509 potum
3105 4454 3287 4493 meum
3341 4454 3466 4493 cum
3503 4437 3629 4492 fletu

2034 4536 2335 4591 miscebam
2366 4535 2436 4588 ³⁸.
2475 4551 2493 4584 ι
2530 4533 2597 4588 Et
2628 4551 2643 4587 :
2680 4551 2699 4585 ι
2734 4532 2928 4587 Genua
2977 4546 3102 4586 mea
3146 4531 3418 4585 inﬁrmata
3452 4541 3636 4586 sunta

2029 4630 2263 4699 jejunio,
2283 4637 2337 4684 et
2362 4641 2494 4683 caro
2517 4642 2638 4682 mea
2660 4626 2948 4682 imnmtata
2971 4637 3054 4682 est
3081 4608 3302 4695 propter
3326 4626 3506 4680 oleum
3527 4625 3590 4679 π.
3606 4643 3624 4677 ι

2037 4723 2140 4778 Et:
2173 4721 2538 4778 «Humilialus
2567 4734 2715 4785 sum,
2747 4727 2800 4774 et
2827 4719 3082 4774 liberavit
3120 4734 3206 4773 me
3240 4719 3507 4774 Dominus
3523 4717 3626 4771 ⁸⁸.»

2035 4815 2187 4882 Quos
2219 4814 2490 4869 clamores
2519 4812 2588 4867 ad
2623 4811 2918 4867 Dominum
2953 4811 3125 4866 mittit
3158 4829 3173 4866 :
3212 4832 3230 4865 ι
3282 4813 3536 4878 Domine,
3561 4827 3632 4868 ne

2038 4909 2092 4964 in
2131 4907 2318 4962 furore
2351 4917 2444 4962 tuo
2468 4921 2672 4975 arguas
2705 4922 2812 4970 me,
2846 4904 3024 4976 n'eque
3055 4902 3220 4961 in'ira
3249 4916 3340 4961 tua
3363 4908 3633 4977 corripias

2044 5019 2151 5057 me.
2193 5002 2452 5056 Miserere
2489 5000 2620 5062 mei,
2649 4999 2878 5055 Domine
2900 4999 2999 5053 δ’.»
3036 5000 3100 5054 Ει
3129 5017 3144 5055 :
3175 5018 3193 5051 ι
3222 4998 3492 5066 Quoniam
3530 4999 3632 5055 ini-

2043 5095 2307 5166 quitatem
2345 5107 2531 5146 meam
2572 5108 2675 5162 ego
2710 5107 3004 5160 cognosco,
3037 5105 3089 5148 et
3113 5102 3398 5162 peccatum
3447 5108 3626 5146 meum

2042 5197 2236 5244 contra
2270 5200 2356 5240 me
2385 5193 2467 5240 est
2496 5200 2710 5253 semper
2737 5184 2804 5238 ι’.
2845 5203 2862 5235 ι
2919 5183 2985 5239 Et
3015 5203 3027 5239 :
3067 5201 3091 5237 ι.
3123 5184 3354 5241 Domiae
3379 5225 3394 5248 ,
3427 5186 3630 5241 exaudi

2041 5284 2347 5337 orationem
2387 5295 2589 5344 meam,
2624 5288 2677 5333 et
2725 5294 2834 5333 non
2889 5279 3034 5333 intra
3081 5281 3131 5332 in
3181 5279 3448 5349 judicium
3501 5296 3628 5333 cum

2037 5390 2200 5429 servo
2243 5382 2339 5426 tuo
2370 5372 2436 5426 ⁸³.
2480 5389 2498 5423 ι
2538 5369 2750 5435 Venite,
2805 5369 3027 5436 fratres,
3063 5380 3114 5426 rt
3161 5387 3262 5426 nos
3309 5372 3632 5438 adoremus,

2037 5466 2388 5537 procidamtts
2413 5474 2467 5520 et
2494 5465 2792 5534 plorcmtts,
2822 5462 2966 5518 sicut
2991 5464 3106 5532 ipse
3133 5462 3298 5517 David
3327 5479 3633 5522 conversus

2037 5562 2112 5614 ait
2144 5558 2212 5626 “,
2252 5573 2438 5614 coram
2473 5557 2705 5612 Domino
2741 5557 2834 5627 qui
2885 5557 3014 5609 iecit
3051 5571 3149 5610 nos
3187 5564 3241 5610 et
3283 5558 3499 5612 voeavit
3530 5576 3634 5616 nos

2037 5655 2104 5708 ad
2147 5653 2530 5724 pmttitentiam
2583 5660 2636 5706 et
2674 5651 2740 5706 ad
2779 5650 3076 5705 salutarem
3115 5649 3261 5705 hunc
3296 5651 3540 5709 dolorem
3576 5663 3635 5712 τι

2347 5771 2389 5802 ³⁷
2427 5769 2574 5824 Psal.
2621 5785 2702 5835 Vt,
2736 5768 2789 5822 6.
2900 5768 2948 5798 ³⁸
2986 5767 3133 5822 Psal.
3168 5783 3243 5824 CI.
3276 5767 3330 5824 7.
3407 5770 3451 5802 ³⁹
3479 5769 3628 5831 Paul.

2170 5843 2215 5875 ⁵³
2250 5841 2394 5899 Paul.
2434 5858 2620 5909 cum,
2655 5842 2700 5896 Ι.
2780 5840 2823 5872 ⁵³
2852 5837 2997 5896 l’sal.
3033 5856 3178 5906 χειν,
3215 5839 3270 5896 6.
