4014 6456
456 287 569 352 375

1694 297 2077 362 GREGORII
2117 302 2445 366 PALAMA!

3658 309 3764 376 376

452 403 741 458 tristitiam
767 411 823 460 et
850 405 1257 462 contritiouem.
1304 406 1408 476 Qui
1457 408 1602 464 enim
1634 409 1740 466 hac
1787 412 2029 469 caruerit

2142 418 2347 488 Κυρίου
2379 415 2474 471 τοῦ
2504 415 2839 487 ποιήσαντος
2873 417 3046 488 ἡμᾶς,
3090 417 3187 473 καὶ
3215 418 3584 484 καλέσαντος
3618 421 3763 489 πρὸς

451 495 706 564 tristitia,
736 499 1062 556 non'audito
1100 500 1280 570 ipsum
1324 513 1562 559 vocante
1595 501 1731 568 Deo,
1764 519 1890 560 cum
1934 505 2047 560 ele-

449 589 558 642 ctis
589 591 796 645 sanctis
842 607 950 660 non
995 594 1430 663 computabitur,
1458 611 1558 651 nec
1601 595 1964 652 beatitudinis
1990 597 2042 652 in

450 683 746 751 Evangelio
777 685 1064 754 promissae
1095 697 1150 741 et
1179 675 1380 743 divina:
1409 689 1808 744 consolationis
1844 689 2044 759 gaudio

445 774 793 844 perfruetur;
831 779 908 833 ait
943 780 1088 834 enim
1116 779 1370 836 Christus
1399 796 1412 833 :
1444 800 1462 832 ι
1516 780 1668 837 Beati
1705 781 1800 853 qui
1825 782 2035 853 lugent,

443 867 706 936 quoniam
738 869 837 938 ipsi
874 871 1310 925 consolabuntur
1341 872 1412 927 “.
1449 889 1470 924 ›

2153 508 2472 578 μετάνοιαν,
2513 508 2612 565 καὶ
2657 507 2796 578 πρὸς
2842 509 2944 580 τὴν
2984 512 3254 581 σωτήριον
3303 509 3540 580 ταύτην
3586 510 3766 582 λύπην
3852 540 3865 552 ο

2149 596 2246 650 καὶ
2272 597 2333 650 τὺ
2363 597 2557 661 πένθος
2585 599 2681 652 καὶ
2711 599 2813 668 τὴν
2852 599 3149 667 κατάνυξιν
3171 618 3186 634 ο
3213 601 3292 666 ὡς
3325 603 3358 655 ὅ
3395 619 3464 670 γε
3510 603 3592 673 μὴ
3631 604 3765 656 ταύ-

2145 704 2249 758 την
2293 688 2436 758 ἔχων
2485 691 2586 762 οὐχ
2623 693 2906 762 ὑπήκουσε
2954 693 3032 762 τῷ
3087 694 3424 758 καλέσαντι,
3461 694 3595 749 οὐδὲ
3652 696 3767 760 τοῖς

2147 781 2372 850 κλητοῖς
2401 781 2586 850 ἁγίοις
2624 781 2722 836 τοῦ
2759 782 2899 837 Θεοῦ
2929 785 3371 854 συνηρίθμηται,
3417 786 3548 839 οὐδὲ
3577 789 3682 856 τῆς
3707 786 3765 839 ὲν

2144 871 2222 939 τῷ
2268 872 2586 944 Εὑαγγελίιρ
2634 873 3040 946 μακαριότητος
3098 875 3614 948 κατηγγελμένης,
3672 875 3766 930 καὶ

441 965 543 1035 τῆς
574 965 1000 1041 ἐπηγγελμένης
1028 967 1184 1033 θείας
1207 968 1617 1041 παρακλήσεως
1681 968 2059 1038 ὲπιτεύξεταιο
2106 986 2126 1021 ι
2162 969 2448 1041 Μακάριοι
2489 971 2634 1040 τγαρ,
2687 969 2876 1041 φησιν,
2918 972 2971 1026 οἰ
3038 971 3405 1036 πενθοῦντες,
3446 973 3540 1026 ὅτι
3595 970 3762 1024 αὐτοὶ

442 1061 996 1134 παρακληθήσονται.
1045 1085 1063 1113 ι

515 1155 572 1212 Si
597 1156 720 1225 quis
751 1166 936 1212 autem
973 1157 1153 1212 dicat:
1191 1159 1301 1230 Ego
1325 1159 1446 1216 sine
1483 1168 1710 1231 peccato
1743 1175 1891 1226 sum,
1928 1174 2039 1215 non

440 1263 574 1317 ergo
625 1249 776 1303 luetu
833 1246 1108 1318 indigeo?
1159 1249 1229 1305 At
1287 1249 1420 1306 illud
1457 1249 1674 1306 diiiieilc
1707 1261 1762 1305 et
1813 1249 2039 1305 rarissi-

441 1357 596 1396 mum
614 1351 700 1397 est
730 1350 786 1397 et
833 1341 950 1398 fere
999 1343 1143 1398 inter
1175 1343 1539 1414 impossibilia
1584 1344 2036 1412 computandum.

437 1429 624 1501 Magni
657 1431 818 1500 pretii
851 1447 985 1487 sane
1030 1441 1116 1488 est
1144 1447 1273 1490 suas
1306 1433 1577 1490 moderari
1611 1435 1915 1504 passiones,
1944 1434 2039 1489 sed

441 1523 606 1581 aliam
625 1524 808 1580 adhuc
837 1524 1003 1590 hujus
1051 1525 1315 1581 salutaris
1362 1525 1545 1582 luctus
1602 1526 1758 1580 nobis
1813 1537 2038 1582 sanctus

438 1633 624 1674 sermo
704 1618 1122 1673 demonstravit.
1185 1618 1490 1675 Manebant
1572 1619 1716 1675 enim
1784 1620 2037 1691 discipuli

438 1708 620 1765 orbati
675 1724 778 1764 suo
828 1723 958 1764 vere
1016 1709 1160 1765 bono
1225 1711 1490 1781 magistro
1525 1708 1657 1766 Jesu
1702 1709 1950 1778 Christo,
1985 1721 2040 1768 et

439 1816 543 1858 nos
585 1816 804 1872 quoque
837 1801 996 1856 hodie
1041 1801 1161 1873 ipso
1210 1803 1512 1872 privamur,
1538 1819 1646 1859 non
1681 1813 1862 1861 autem
1917 1806 2040 1875 ipso

437 1892 584 1960 solo,
633 1893 728 1948 sed
757 1900 813 1947 et
845 1893 1081 1963 paradisi
1115 1893 1375 1950 felicitate
1412 1912 1427 1961 ;
1459 1895 1766 1952 excidimus
1797 1898 1943 1951 enim
1972 1913 2040 1952 ex

438 1999 529 2053 ea,
553 1995 607 2042 et
633 2001 733 2056 pro
772 1987 997 2056 regione
1031 1987 1243 2059 absque
1275 1989 1467 2045 dolore
1508 1989 1789 2060 regionem
1833 1990 2042 2047 dolori-

438 2079 546 2134 bus
575 2089 628 2134 et
653 2081 920 2137 aerumnis
971 2081 1186 2151 plenam
1243 2083 1578 2153 accepimus.
1614 2083 1816 2139 Privati
1848 2101 2042 2141 sumus

437 2173 863 2228 conversatione
913 2173 980 2228 ad
1020 2174 1189 2229 Deum
1230 2173 1371 2230 facie
1417 2176 1484 2230 ad
1531 2175 1751 2240 faciem,
1777 2177 2042 2232 societate

437 2264 763 2332 angelorum
793 2273 849 2318 et
872 2263 978 2318 vita
1006 2272 1234 2320 aeterna.
1258 2263 1391 2331 Quis
1413 2264 1508 2320 tali
1533 2266 1750 2335 cognita
1780 2266 2042 2336 privatio-

436 2366 508 2406 ne
544 2367 650 2405 non
676 2351 920 2407 doleret?
952 2354 1042 2422 qui
1076 2363 1262 2408 autem
1289 2353 1428 2409 hanc
1458 2368 1566 2409 non
1590 2354 1848 2425 cognovit
1879 2357 1945 2410 de
1978 2358 2041 2410 ll-

436 2442 656 2500 delibus
683 2457 793 2499 non
818 2454 922 2500 est.
948 2444 1060 2501 Nos
1094 2461 1226 2516 ergo
1257 2460 1395 2514 quos
1438 2445 1726 2502 divinitius
1774 2449 2041 2518 inspirata

435 2537 693 2601 doctrina
724 2539 886 2593 talem
912 2539 1217 2594 carentiam
1241 2538 1432 2595 docuit
1465 2539 1773 2610 aﬂligamus
1801 2551 2042 2597 nosmet-

440 2627 616 2696 ipsos,
643 2627 866 2693 lratres,
891 2639 947 2685 et
974 2629 1221 2685 maculas
1237 2641 1590 2701 peccatorum
1637 2646 1735 2702 per
1772 2631 2041 2689 salutares

437 2721 746 2776 secundum
779 2720 948 2775 Deum
984 2721 1256 2793 lacrytnas
1289 2723 1602 2786 abluamus,
1633 2731 1692 2778 ut
1723 2725 2042 2781 misericor-

436 2813 585 2869 diam
622 2813 994 2879 inveniamus,
1029 2813 1097 2870 ad
1124 2814 1441 2884 paradisum
1501 2814 1793 2873 redeamus
1827 2827 1881 2873 et
1909 2818 2040 2874 doc-

437 2907 600 2964 trina;
631 2910 754 2963 vitae
781 2906 1176 2978 felicitatisque
1210 2909 1504 2978 participes
1527 2908 1849 2976 efﬁciamur,
1869 2928 2035 2983 quam

434 3001 600 3058 nobis
631 3003 888 3058 omnibus
935 3001 1202 3057 concedat
1232 3016 1328 3071 per
1354 3003 1585 3073 gratiam
1640 3012 1693 3058 et
1721 3004 2036 3061 misericor-

2229 1151 2373 1211 Ἀλλ’
2401 1155 2521 1226 ἐρεῖ
2545 1172 2631 1218 τις
2661 1153 2822 1217 ἐκτὸς
2869 1152 3152 1225 ἁμαρτίας
3182 1144 3356 1216 εἶναι,
3391 1150 3500 1204 καὶ
3549 1149 3630 1221 μὴ
3660 1150 3770 1204 δεῖ·

2143 1248 2270 1304 σθαι
2297 1247 2395 1302 τοῦ
2441 1246 2674 1310 πένθους
2699 1262 2714 1313 ;
2760 1244 2910 1301 Ἀλλ’
2939 1248 2991 1300 εἰ
3023 1245 3118 1300 καὶ
3144 1242 3424 1315 δυσχερὲς
3465 1239 3642 1295 τοῦτο
3671 1241 3764 1294 καὶ

2143 1340 2545 1404 σπανιώτατον,
2567 1339 2663 1392 καὶ
2695 1336 2887 1410 σχεδδν
2919 1336 3030 1392 τῶν
3059 1335 3353 1392 ἀδυνάτων
3382 1335 3548 1391 ἐστίν
3572 1349 3592 1367 ⁶
3619 1333 3762 1402 ἀγα-

2143 1435 2316 1505 πητὸν
2341 1433 2472 1504 γὰρ,
2499 1433 2550 1486 εἰ
2576 1431 2672 1488 καὶ
2704 1429 3080 1504 μετριοπαθὴς
3114 1431 3144 1483 ὁ
3164 1427 3476 1500 ἄνθρωπος
3506 1425 3725 1494 γένοιτο
3742 1440 3758 1456 ·

2141 1527 2291 1595 ὅμως
2327 1528 2357 1582 ὁ
2406 1525 2566 1594 λόγος
2616 1523 2864 1590 ὑπέδειξε
2914 1522 3016 1594 τὴν
3073 1521 3252 1592 ἀρχὴν
3305 1519 3413 1574 τοῦ
3473 1517 3758 1589 σωτηρίου

2137 1619 2332 1674 τούτου
2381 1619 2619 1685 πένθους
2654 1621 2751 1675 καὶ
2803 1618 2974 1688 ἄλλην
3003 1615 3186 1670 αἰτίαν
3211 1631 3229 1648 ο
3263 1610 3604 1669 ἐλυποῦντο
3647 1610 3755 1681 γὰρ

2141 1714 2191 1766 οἰ
2228 1712 2474 1785 μαθηταὶ
2526 1711 2890 1784 στερηθέντες
2919 1709 3016 1764 τοῦ
3062 1709 3234 1772 δντως
3265 1704 3512 1776 ’ἀγαθοῦ
3549 1703 3650 1758 καὶ
3673 1703 3756 1758 δι-

2142 1808 2411 1864 δασκάλου
2450 1806 2720 1878 Χριστοῦ,
2769 1798 2832 1860 οῦ
2864 1808 2960 1858 καὶ
2997 1805 3162 1874 ἡμεῖς
3216 1798 3595 1871 στερούμεθα
3635 1797 3753 1851 νῦν.

2144 1903 2255 1957 Καὶ
2278 1902 2340 1954 οὐ
2364 1899 2560 1955 τούτου
2597 1901 2787 1971 μόνου,
2820 1897 2960 1954 ἀλλὰ
2985 1895 3082 1950 καὶ
3103 1895 3203 1964 τῆς
3225 1897 3286 1949 ὲν
3317 1893 3406 1964 τῷ
3431 1891 3755 1963 παραδείσῳ

2142 1993 2390 2066 τρυφῆςο
2433 1992 2882 2061 ἐκπεπτώκαμεν
2926 1989 3036 2058 γὰρ
3077 1988 3274 2057 αὐτῆς,
3337 1985 3442 2038 καὶ
3473 1981 3752 2052 ἀντηλλα-

2146 2086 2358 2158 ξάμεθα
2407 2084 2503 2138 τοῦ
2541 2081 2792 2146 ἀπαθοῦς
2832 2081 3038 2152 χωρίου
3067 2078 3157 2132 τδν
3193 2075 3440 2146 ἐμπαθῆ
3491 2075 3594 2128 καὶ
3635 2071 3753 2125 ἐπί-

2143 2198 2308 2236 πονον
2329 2178 2522 2234 τοῦτον
2549 2177 2728 2250 χῶρον
2753 2193 2766 2206 ·
2796 2171 3144 2246 ἐστερήμεθα
3171 2172 3269 2238 τῆς
3300 2164 3750 2236 αὐτοπροσὼπου

2144 2273 2282 2345 πρὸς
2319 2271 2455 2326 Θεὸν
2506 2271 2749 2341 ὁμιλίας,
2805 2272 2905 2340 τῆς
2950 2265 3088 2337 μετὰ
3119 2264 3228 2318 τῶν
3259 2261 3535 2333 ἀγγέλων
3584 2251 3750 2312 αὐτοῦ

2145 2364 2439 2429 συναυλίας
2469 2363 2566 2418 καὶ
2608 2362 2710 2432 τῆς
2751 2361 2926 2416 ἀϊδίου
2955 2358 3124 2427 ζωῆς.
3166 2355 3266 2418 Τίς
3324 2354 3436 2423 τὴν
3485 2351 3747 2422 στέρησιν

2142 2455 2351 2510 τούτων
2399 2453 2578 2519 εἰδὼς,
2610 2453 2674 2507 οὐ
2707 2452 2936 2518 πενθεῖς
2986 2447 3048 2504 Ὀ
3083 2446 3154 2509 ᾐδὲ
3199 2444 3279 2516 μὴ
3325 2443 3554 2512 ταύτην
3589 2435 3744 2500 εἰδὼς

2143 2548 2268 2602 οὐδὲ
2293 2547 2394 2617 τῆς
2431 2545 2628 2618 μοίρας
2657 2545 2778 2598 ἐστὶ
2803 2542 2914 2596 τῶν
2944 2539 3177 2596 πιστῶν.
3205 2537 3432 2591 Οὐκοῦν
3464 2536 3631 2606 ἡμεῖς
3659 2529 3746 2584 διὰ

2142 2641 2244 2712 τῆς
2283 2637 2646 2694 θεοπνεύστου
2696 2633 3076 2697 διδασκαλίας,
3129 2633 3186 2682 ὲν
3227 2629 3451 2700 εἰδήσει
3500 2624 3607 2694 τῆς
3634 2636 3735 2674 τοι·

2142 2734 2314 2804 αὐτης
2348 2732 2638 2800 γεγονότες
2681 2731 3014 2801 στερήσεως,
3050 2723 3430 2792 πενθήσωμεν
3457 2719 3614 2790 ἡμᾶς
3648 2713 3747 2766 αὖ-

2141 2825 2291 2889 τοὺς,
2321 2824 2565 2894 ἀδελφοὶ,
2601 2824 2841 2886 καὶτοὺς
2875 2819 2935 2885 ἐξ
2961 2815 3236 2889 ἁμαρτίας
3273 2812 3606 2885 μολυσμοὺς
3652 2805 3737 2859 διὰ

2139 2919 2234 2972 τοῦ
2281 2916 2422 2972 κατὰ
2456 2917 2590 2970 Θεὸν
2627 2915 2859 2976 πένθους
2908 2907 3341 2980 ἀπονιψὼμεθα·
3381 2907 3475 2960 ἵνα
3509 2902 3606 2958 καὶ
3643 2897 3736 2968 τὴν

2142 3010 2495 3083 συμπάθειαν
2522 3010 2796 3081 εὕρωμεν,
2823 3007 2918 3060 καὶ
2942 3004 3080 3074 πρδς
3097 3001 3191 3056 τὸν
3223 3000 3577 3072 παράδεισον
3609 2994 3738 3047 ἐπα-

434 3095 582 3150 diam
642 3110 797 3150 suam
863 3093 1131 3150 Dominus
1187 3104 1376 3150 noster
1419 3095 1581 3152 Jesus
1639 3097 1916 3163 Christus,
1944 3099 2029 3154 cui

2142 3104 2441 3174 νέλθωμεν,
2471 3103 2567 3156 καὶ
2613 3101 2714 3173 τῆς
2765 3101 2939 3153 ἀϊδίου
2972 3097 3120 3167 ζωῆς
3167 3095 3267 3147 καὶ
3322 3087 3733 3190 παρακλήσεως

433 3187 617 3242 omnis
636 3187 834 3256 gloria,
856 3195 1120 3258 potestas,
1149 3188 1325 3242 honor
1350 3197 1404 3242 et
1430 3189 1694 3255 adoratio,
1725 3206 1849 3245 eum
1883 3193 2029 3262 inge-

2142 3194 2565 3266 εὐμοιρήσωμεν
2593 3212 2606 3224 ·
2641 3190 2710 3266 ἦς
2754 3194 2968 3263 γένοιτο
3013 3189 3224 3248 πάντας
3250 3187 3414 3257 ἡμᾶς
3457 3185 3734 3247 ἐπιτυχεῖν

431 3279 549 3335 nito
575 3277 736 3334 Patre
768 3295 873 3336 suo
903 3289 959 3336 et
986 3279 1336 3340 sanctissimo
1366 3283 1509 3336 bono
1532 3292 1589 3337 et
1617 3282 1833 3346 viviﬁco
1858 3282 2031 3352 Spiri-

430 3382 515 3440 tu,
545 3387 691 3428 nunc
723 3382 777 3428 et
808 3388 1045 3442 semper,
1076 3381 1132 3428 et
1163 3373 1216 3426 in
1253 3374 1447 3428 saecula
1470 3375 2028 3431 saeculorum.Amen.

2138 3285 2323 3354 χάριτι
2373 3286 2463 3339 καὶ
2513 3285 2901 3355 φιλανθρωπίᾳ
2929 3280 3025 3336 τοῦ
3073 3277 3290 3350 Κυρίου
3343 3277 3513 3347 ἡμῶν
3559 3266 3732 3341 Ἰησοῦ

2135 3377 2406 3448 Χριστοῦ,
2441 3372 2486 3447 ᾧ
2538 3378 2742 3448 πρέπει
2794 3379 2943 3430 πᾶσα
2985 3373 3135 3438 δόξα,
3175 3371 3413 3440 κράτος,
3469 3367 3608 3438 τιμὴ
3641 3362 3730 3416 καὶ

429 3463 835 3537 προσκύνησις,
871 3466 969 3518 σὺν
996 3463 1075 3535 τῷ
1113 3467 1343 3534 άναρχω
1389 3467 1556 3520 αὑτοῦ
1590 3467 1788 3538 Πατρὶ,
1821 3468 1915 3521 καὶ
1942 3467 2020 3538 τῷ
2058 3470 2314 3543 παναγίῳ
2383 3471 2478 3526 καὶ
2528 3469 2719 3541 ἁγαθῷ
2767 3467 2863 3522 καὶ
2919 3467 3174 3537 ζωοποιῷ
3233 3464 3555 3534 Πνεύματι,
3633 3457 3731 3511 νῦν

429 3561 528 3615 καὶ
561 3559 653 3616 ἀεὶ
683 3561 777 3614 καὶ
810 3561 892 3625 εἰς
925 3560 1054 3624 τοὺς
1092 3561 1298 3626 αἰῶνας
1323 3562 1434 3618 τὼν
1467 3563 1705 3620 αἰώνων.
1747 3565 1946 3635 Ἀμήν.

961 3675 1254 3732 HOMILIA
1314 3676 1466 3731 XXX

426 3791 602 3866 Super
633 3807 798 3847 cacas
834 3793 926 3858 qui
959 3795 1246 3866 secundum
1298 3795 1672 3866 evangelista»:
1707 3795 2057 3854 Matthwum,

493 3865 665 3936 visum
697 3874 1007 3936 receperunt
1040 3866 1095 3918 in
1125 3865 1304 3929 domo,
1339 3875 1390 3921 et
1436 3865 1576 3936 quod
1617 3886 1721 3924 non
1765 3887 1898 3926 uera:
1947 3879 2026 3926 ett

491 3934 618 4002 [idsi
641 3933 830 4005 quiest
864 3935 1060 4006 absque
1094 3938 1414 4005 paenitentia:
1449 3933 1714 4006 operibus.

493 4113 764 4171 Dominus
814 4125 1004 4173 noster
1052 4115 1215 4175 Jesus
1278 4117 1532 4176 Christus
1605 4137 1730 4176 cum
1788 4137 2019 4193 corpore

417 4208 569 4277 quod
602 4210 741 4279 apud
777 4226 878 4266 nos
911 4227 1012 4282 pro
1045 4213 1207 4268 nobis
1229 4214 1486 4284 sumpsit,
1519 4229 1853 4271 conversans
1891 4231 2017 4270 eum

417 4300 802 4359 habitantibus
830 4313 1032 4359 terram
1068 4305 1272 4361 multos
1303 4314 1358 4360 et
1395 4307 1699 4362 secundum
1738 4322 1941 4377 corpus
1964 4315 2020 4363 et

415 4395 720 4450 secundum
747 4397 984 4454 animam
1010 4413 1187 4454 caecos
1227 4400 1458 4455 sanavit.
1485 4399 1541 4454 Si
1566 4401 1691 4471 quis
1719 4402 2020 4472 praesertim

415 4489 540 4543 visu
563 4490 835 4560 spirituali
873 4493 1190 4549 consideret
1240 4495 1642 4550 restitutionem
1677 4511 1800 4566 qua:
1833 4504 2019 4551 trans-

2636 3679 2794 3751 137
2826 3677 3070 3732 ΟΜΙΛΙΑ
3115 3678 3195 3730 A'.

2141 3800 2458 3855 ’Υπόθεσιν
2495 3796 2730 3864 ἔχουσα
2755 3793 2901 3858 τοὺς
2932 3791 3084 3846 κατὰ
3118 3792 3228 3846 τὸν
3268 3793 3726 3864 εὐαγγε.1ιστὴν

2202 3868 2508 3924 Ματθαῖον
2529 3869 2600 3920 ἐν
2625 3867 2783 3930 οἰκίᾳ
2807 3864 3278 3935 ἀναϐλέψαντας
3306 3869 3590 3935 τυφλούς
3618 3884 3632 3897 ⁶
3661 3867 3725 3935 ἐν

2199 3935 2486 4020 ᾖμαί-ὅτι
2515 3937 2790 4018 οὐκηὲστι
2821 3936 3031 4020 πίστιν
3058 3934 3226 4003 ἔχειν
3253 3933 3513 4005 ἀληθῶς
3549 3933 3725 4008 χωρὶς

2205 4005 2324 4064 ἰῶν
2356 4009 2548 4079 ἔργων
2576 4006 2688 4076 τῆς
2710 4005 3058 4075 μετανοίας.

2209 4124 2269 4178 Ὀ
2306 4119 2512 4192 Κύριος
2567 4120 2726 4189 ἡμῶν
2784 4116 2994 4188 Ἰησοῦς
3047 4117 3285 4188 Χριστὸς
3324 4120 3474 4190 μετὰ
3531 4120 3717 4188 σώμαι-

2127 4233 2240 4282 τος,
2267 4215 2295 4268 ὃ
2326 4213 2456 4283 παρ’
2485 4211 2645 4282 ἡμῶν
2678 4210 2820 4282 ὑπὲρ
2855 4211 3015 4282 ἡμῶν
3050 4209 3307 4277 ἀνέλαϐε,
3344 4223 3717 4276 συναναστρε-

2129 4307 2369 4376 φόμενος
2403 4307 2516 4367 τοῖς
2555 4304 2649 4357 ἐπὶ
2680 4303 2807 4373 γῆς,
2855 4302 3089 4359 πολλοὺς
3120 4303 3216 4355 καὶ
3244 4305 3396 4358 κατὰ
3431 4303 3594 4371 σῶμα
3627 4297 3717 4352 καὶ

2129 4400 2272 4455 κατὰ
2316 4397 2499 4469 ψυχὴν
2548 4396 2889 4467 ἐθεράπευσε
2946 4393 3185 4464 τυφλούς
3213 4409 3226 4424 ·
3285 4394 3496 4466 μᾶλλον
3543 4392 3621 4456 δὲ,
3671 4388 3717 4441 εἰ

2128 4495 2228 4564 μέν
2267 4510 2352 4556 τις
2405 4491 2605 4544 σκοπεῖ
2642 4489 2743 4561 τὴν
2781 4488 2926 4543 κατὰ
2955 4488 3198 4542 διάνοιαν
3243 4486 3569 4556 ἀνάϐλεψιν,
3599 4483 3717 4553 ἥτις

413 4583 600 4636 eundo
631 4583 699 4637 de
728 4583 1054 4639 inﬁdelitate
1102 4585 1169 4640 ad
1200 4583 1380 4653 ﬁdem,
1417 4595 1472 4643 et
1504 4588 1572 4644 de
1602 4586 1910 4658 ignorantia
1949 4589 2015 4644 ad

2142 4589 2334 4659 ιστὶνή
2375 4585 2437 4651 ἐξ
2475 4585 2738 4646 ἀπιστίας
2785 4583 2866 4646 εἰς
2898 4583 3109 4647 πίστιν,
3139 4584 3235 4636 καὶ
3265 4583 3326 4648 ὲξ
3377 4579 3607 4649 ἀγνοίας
3638 4574 3714 4635 εἰς

415 4676 786 4746 cognitionem
815 4679 929 4739 Dei.
951 4679 1234 4734 numerari
1285 4690 1564 4750 nequeunt
1596 4682 1686 4752 qui
1711 4699 1808 4752 per
1837 4682 2019 4737 incar-

412 4768 694 4825 nationem
725 4771 942 4827 Domini
973 4775 1151 4828 visum
1191 4783 1517 4844 receperunt
1577 4775 1727 4840 caeci,
1758 4777 1859 4831 soli
1889 4787 2019 4832 sunt

413 4866 786 4921 numerabiles
815 4866 890 4934 ei,
932 4866 1021 4922 cui
1055 4867 1376 4938 capillorum
1409 4879 1725 4926 nostrorum
1747 4886 2015 4924 numerus

413 4956 666 5024 cognitus
704 4968 808 5012 est.
853 4957 1008 5024 Quod
1038 4959 1082 5013 si
1127 4960 1500 5029 corporalium
1535 4962 1824 5017 oculorum
1863 4963 2014 5018 visus

412 5046 821 5103 restitutionem
861 5050 1300 5119 consideremus,
1336 5054 1540 5110 multos
1562 5055 1727 5109 etiam
1763 5055 2007 5111 invenie-

413 5157 540 5195 mus
566 5142 704 5199 alios
746 5144 968 5213 quidem
1009 5145 1131 5201 solo
1166 5149 1355 5212 verbo,
1388 5148 1528 5205 alios
1561 5165 1694 5204 vero
1723 5148 1840 5205 solo
1874 5159 2017 5204 tactu

411 5244 676 5300 sanatos;
729 5235 822 5292 alii
851 5252 949 5307 per
980 5237 1156 5293 solum
1179 5252 1459 5295 accessum
1479 5241 1545 5296 ad
1575 5239 1761 5296 Jesum
1795 5242 2024 5312 ejusque

413 5329 812 5394 adorationum,
842 5330 936 5385 alii
989 5346 1085 5401 per
1147 5332 1462 5388 unctionem
1529 5336 1674 5405 spuli
1727 5346 1782 5390 et
1840 5335 1940 5390 luti
1989 5353 2021 5392 a

415 5417 639 5475 Christo
673 5422 1018 5478 sanationem
1051 5436 1399 5495 receperunt.
1426 5425 1564 5484 Cum
1595 5429 1839 5485 venisset
1869 5430 2019 5484 enim

415 5509 595 5578 Iesus,
629 5521 688 5567 ut
722 5525 906 5572 narrat
937 5514 1249 5585 Matthazus,
1274 5533 1434 5576 secus
1463 5536 1614 5576 mare
1646 5521 1896 5590 Galilaere,
1922 5538 2016 5580 ac-

419 5614 713 5662 cesserunt
744 5609 809 5661 ad
857 5623 982 5664 eum
1041 5613 1213 5668 turba:
1275 5614 1765 5672 multm-.habeutcs
1819 5632 2008 5672 secum

495 5789 542 5821 ιι
578 5787 774 5846 Matth.
825 5807 875 5862 v,
909 5791 963 5848 ι.

2125 4683 2425 4750 ἐπίγνωσιν
2457 4677 2597 4732 Θεοῦ
2634 4677 2951 4749 μετάθεσις,
2984 4677 3096 4729 οὐδ’
3137 4674 3359 4748 ἀριθμῷ
3398 4669 3715 4745 περιϐαλεῖν

2125 4777 2242 4830 ἔστι
2271 4775 2400 4838 τοὺς
2437 4773 2527 4827 διὰ
2560 4773 2657 4842 τῆς
2697 4770 3174 4840 ἑνανθρωπήσεως
3203 4769 3299 4823 τοῦ
3345 4769 3556 4838 Κυρίου
3588 4766 3712 4817 ἁνα-

2124 4867 2430 4937 ϐλέψαντας
2480 4863 2717 4933 τυφλούς
2750 4880 2764 4894 ο
2802 4861 2950 4931 αὐτῷ
2984 4863 3094 4931 γάρ
3151 4862 3291 4914 εἰσιν
3332 4857 3709 4932 ἠριθμημένοι

2125 4958 2297 5029 μόνῳ,
2330 4957 2408 5028 τῷ
2435 4956 2531 5011 καὶ
2554 4954 2652 5019 τὰς
2680 4954 2873 5026 τρίχας
2902 4952 3063 5022 ἡμῶν
3095 4952 3488 5023 ὴριθμημένας
3513 4947 3704 5017 ἔχοντι.

2122 5057 2185 5109 Εἰ
2230 5055 2286 5109 δὲ
2344 5054 2451 5108 τῶν
2506 5050 2842 5123 σωματικῶν
2900 5048 3200 5118 ὀφθαλμῶν
3253 5049 3354 5116 τὴν
3417 5037 3706 5107 ἀνάϐλεψιν

2121 5147 2462 5216 σκοποῦμεν,
2499 5145 2591 5198 καὶ
2614 5143 2734 5198 κατ’
2774 5142 2944 5212 αὐτὴν
2985 5141 3218 5202 πολλοὺς
3245 5139 3559 5209 εὑρήσομεν
3580 5127 3701 5186 τοὺς

2125 5239 2223 5310 μὲν
2255 5240 2401 5309 λόγῳ
2430 5241 2598 5308 μόνῳ,
2643 5236 2769 5299 τοὺς
2797 5235 2855 5289 δὲ
2883 5237 2995 5306 ἁφῇ
3044 5234 3179 5305 μόνῃ
3208 5247 3222 5263 ⁶
3251 5233 3368 5286 ἔστι
3400 5229 3456 5284 δὲ
3497 5224 3589 5287 οὓς
3614 5218 3702 5274 καὶ

2123 5333 2272 5403 μόνῳ
2295 5330 2374 5400 τῷ
2403 5331 2736 5402 προσπεσεῖν
2778 5329 2876 5381 καὶ
2905 5327 3275 5398 προσεγγίσαι
3302 5341 3318 5356 ·
3341 5321 3495 5384 τινάς
3531 5316 3585 5370 δὲ
3611 5310 3698 5365 καὶ

2120 5425 2212 5479 διὰ
2256 5426 2599 5494 πτύσματος,
2635 5423 2668 5493 ἢ
2699 5423 2794 5476 καὶ
2822 5419 2999 5493 πηλοῦ
3049 5423 3355 5492 χρίσματος
3388 5411 3541 5482 παρὰ
3572 5408 3700 5474 Χρι-

2128 5519 2257 5573 στοῦ
2290 5518 2558 5580 λαϐόντας
2603 5516 2702 5586 τὴν
2751 5516 2917 5569 ἴασιν.
2961 5513 3240 5576 Ἐλθόντος
3282 5513 3389 5582 γὰρ
3425 5504 3575 5576 παρὰ
3605 5495 3695 5565 τὴν

2125 5613 2408 5669 θάλασσαν
2460 5610 2560 5680 τῆς
2619 5606 2936 5678 Γαλιλαίας,
3002 5606 3076 5672 ὡς
3123 5609 3150 5663 ὁ
3213 5601 3490 5664 Ματθαῖὸς
3544 5606 3692 5666 φησιν
