4014 6430
281 354 388 418 3'77

1610 361 1941 424 HOMILIA
1976 367 2162 427 XXX.

3441 332 3548 427 373

280 467 589 539 προσῆλθον
621 469 772 539 αύτῷ
808 470 956 540 δχλοι
985 470 1193 537 πολλοὶ,
1238 470 1459 542 ἔχοντες
1494 474 1614 543 μεθ’
1641 477 1854 528 ἑαυτῶν

1962 490 2167 541 mutos,
2205 492 2405 540 caecos,
2437 474 2685 538 claudos,
2719 474 2925 529 debiles
2970 481 3022 527 et
3058 473 3196 528 alios
3236 474 3461 535 multos,
3487 488 3541 528 et

279 563 511 633 χωλοὺς,
562 563 824 634 τυφλοὺς,
878 562 1121 631 κωφοὺς,
1175 564 1424 631 κυλλοὺς,
1478 566 1575 622 καὶ
1627 568 1856 638 ἐτέρους

278 656 533 722 πολλοὺς,
587 657 680 721 οὓς
730 660 943 722 πάντας
1001 659 1266 731 ριφέντας
1320 660 1477 729 παρά
1524 663 1650 726 τοὺς
1685 661 1855 715 αὑτοῦ

278 748 450 812 πόδας
490 750 882 820 ἐθεράπευσεν,
919 753 996 816 ὡς
1028 754 1123 807 καὶ
1170 756 1300 817 τοὺς
1329 754 1520 825 ὄχλους
1550 755 1859 827 τηνικαῦτα

278 841 586 910 θαυμάζειν
614 844 707 896 καὶ
758 844 1004 909 δοξάζειν
1049 846 1235 912 αὐτὸν,
1287 848 1588 918 βλέποντας
1638 851 1860 917 κωφοὺς

204 928 209 933 ’
280 932 619 998 λαλοῦντας,
669 937 765 989 καὶ
831 938 1038 1008 χωλοὺς
1092 940 1567 1009 περιπατοῦντας,
1629 942 1861 1004 κυλλοὺς

280 1023 479 1091 ὑγιεῖς,
516 1026 613 1079 καὶ
640 1028 886 1095 τυφλοὺς
915 1028 1238 1099 βλέποντας.
1293 1032 1454 1086 Ἀλλά
1491 1035 1584 1087 καὶ
1619 1034 1647 1086 6
1687 1033 1861 1103 καθή-

284 1134 448 1186 μενος
502 1118 595 1171 ἐπὶ
643 1120 827 1173 πώλου
871 1121 997 1199 δνου
1050 1124 1191 1177 κατά
1246 1124 1346 1195 τὴν
1383 1126 1729 1196 προφητείαν
1761 1129 1862 1195 τὴν

291 1209 652 1280 Ἰερουσαλὴμ
700 1212 920 1283 εἰσῆλθε
969 1215 1317 1284 παραδόξως,
1364 1217 1470 1270 ὑπὸ
1526 1217 1735 1270 παίδων
1787 1218 1862 1281 ὡς

280 1296 418 1358 Θεὸς
458 1298 823 1370 ὑμνούμενος,
871 1303 1000 1367 τοὺς
1046 1306 1165 1358 ἐκεῖ
1194 1306 1601 1375 προσελθόντας
1653 1307 1864 1376 χωλοὺς

280 1390 380 1444 καὶ
404 1389 641 1459 τυφλοὺς
673 1392 1045 1463 ἐθεράπευσεν
1080 1396 1358 1462 ἅπαντας,
1405 1399 1482 1463 ὡς
1511 1402 1537 1452 6
1578 1399 1864 1462 Ματθαϊος

283 1480 384 1533 καὶ
416 1479 574 1534 τοῦτό
606 1499 796 1553 φησιν.
832 1484 926 1549 Είς
953 1486 1011 1539 δὲ
1051 1488 1150 1555 τὴν
1183 1488 1460 1559 Βηθσαϊδὰ
1490 1488 1727 1556 ἐλθόντι,
1768 1491 1865 1560 φέ-

285 1591 473 1646 ρουσιν
508 1577 659 1647 αὐτῷ
689 1579 911 1648 τυφλὸν,
942 1581 1016 1647 ὡς
1046 1584 1073 1635 6
1103 1583 1332 1654 Μάρκος
1363 1584 1523 1652 φησὶ,
1551 1586 1649 1638 καὶ
1680 1601 1863 1654 παρα-

284 1668 543 1723 καλοῦσιν
570 1670 734 1725 αὐτὸν
766 1671 854 1725 ἵνα
883 1672 1090 1744 ἅψηται
1117 1676 1287 1730 αὐτοῦ
1305 1693 1319 1707 ·
1351 1675 1381 1729 6
1405 1676 1462 1731 δὲ
1498 1677 1707 1747 Κύριος
1738 1678 1866 1741 ἑξα-

282 1760 472 1828 γαγὼν
501 1762 661 1816 αὑτὸν
685 1763 793 1826 ἔξω
819 1766 919 1834 τῆς
950 1765 1168 1838 κώμης.
1195 1767 1409 1830 πτύσας
1432 1771 1515 1834 εἰς
1536 1768 1605 1822 τά
1637 1768 1863 1839 ὄμματα

261 1849 473 1933 αὑτοῦ,
502 1853 594 1905 καὶ
627 1854 839 1918 ἐπιθεὶς
878 1857 1030 1928 αὐτῷ
1060 1859 1160 1923 τὰς
1197 1862 1389 1930 χεῖρας
1433 1860 1695 1932 ἀμυδρῶς
1734 1860 1857 1932 βλέ-

282 1958 406 1997 πειν
439 1944 696 2013 ἐποίησεν
726 1947 894 2002 αὐτόν
914 1962 930 1981 ⁸
960 1947 1080 2004 εἷτα
1131 1952 1296 2007 πάλιν
1329 1952 1542 2017 ἐπιθεὶς
1576 1955 1728 2025 αὐτῷ
1757 1955 1857 2019 τάς

280 2034 473 2102 χεῖρας
503 2035 691 2099 αὐτοῦ,
721 2037 1011 2105 τηλαυγῶς
1035 2040 1187 2111 αὐτῷ
1218 2043 1495 2113 παρέσχεν
1521 2043 1853 2112 ἀναϐλέψαι.

290 2124 380 2178 Ἐν
402 2125 461 2178 δὲ
492 2126 572 2197 τῷ
598 2126 842 2195 ἐγγίζειν
877 2131 1043 2185 αὐτὸν
1070 2132 1152 2195 είς
1189 2133 1428 2205 ’Ῑεριχὼ,
1460 2135 1537 2198 ώς
1575 2137 1602 2188 6
1633 2136 1856 2200 Λουκᾶς

278 2234 466 2287 φησιν,
496 2218 689 2273 ἰάσατο
722 2223 867 2291 λόγῳ
915 2222 1063 2295 μόνῳ
1104 2224 1199 2279 τὸν
1232 2226 1547 2297 καθήμενον
1576 2227 1729 2297 παρὰ
1757 2225 1857 2298 τὴν

280 2311 400 2365 ὁδὸν
422 2312 622 2382 τυφλὸν
644 2314 741 2367 καὶ
767 2316 1188 2385 προσαιτοῦντα,
1217 2319 1356 2389 πρὸς
1377 2318 1540 2371 αὐτὸν
1560 2320 1861 2390 αἰτήσαντα

280 2403 379 2474 τὴν
426 2405 568 2459 ἴασιν
615 2406 810 2473 εἰπὼν,
848 2427 869 2461 ‹
912 2409 1268 2479 ⁹Ανάῦλεψον.
1323 2428 1343 2462 ι
1389 2410 1860 2482 Ἐκπορευόμενος

280 2497 337 2549 δὲ
371 2496 484 2550 ἀπὸ
510 2498 610 2566 τῆς
658 2499 896 2571 Ἱεριχὼ,
924 2501 1000 2565 ὼς
1033 2502 1060 2555 6
1092 2503 1323 2573 Μάρκος
1352 2506 1446 2558 καὶ
1476 2504 1637 2559 τοῦτό
1668 2521 1859 2575 φησιν,

280 2589 468 2659 ἕτερον
497 2589 661 2645 πάλιν
702 2592 949 2661 ὀμματοῖ
988 2593 1210 2660 τυφλὸν,
1245 2595 1580 2666 Βαρτιμαῖον
1614 2596 1707 2651 τὸν
1754 2595 1852 2649 τοῦ

280 2679 537 2750 Τιμαίου,
563 2680 736 2737 είπὼν
766 2682 906 2752 πρὸς
950 2683 1114 2739 αὐτὸν
1148 2686 1451 2757 αἰτήσαντα
1478 2688 1577 2759 τὴν
1617 2688 1849 2742 ἀνάϐλε-

276 2771 408 2841 ψινο
448 2791 466 2825 σ
511 2773 670 2827 Κατά
696 2773 800 2845 τὴν
846 2774 1031 2829 πίστιν
1071 2793 1167 2829 σου
1198 2778 1491 2850 γενηθήτω
1508 2796 1612 2833 σοι.
1644 2797 1666 2831 ι
1727 2780 1852 2833 Ἐπὶ

274 2866 331 2919 δὲ
374 2867 471 2937 τῆς
514 2865 893 2937 Ἰερουσαλὴμ,
943 2864 1068 2920 ίδὼν
1097 2867 1298 2938 τυφλὸν
1332 2871 1395 2924 ἐκ
1423 2873 1677 2942 γενετῆς,
1712 2872 1788 2935 ὡς
1822 2873 1851 2924 6

1961 568 2338 624 submiserunt
2367 581 2461 622 eos
2489 567 2552 621 ad
2580 566 2744 636 pedes
2779 564 2922 634 ejus,
2950 574 3003 620 et
3027 564 3234 619 curavit
3254 578 3372 629 eos,
3398 564 3472 616 ita
3498 571 3558 619 ut

1962 658 2134 712 turbae
2155 656 2487 711 mirarentur
2510 658 2756 711 videntes
2801 663 2978 709 mutos
2998 656 3302 724 loquentes,
3328 653 3555 709 claudos

1960 749 2320 815 ambulantes,
2337 763 2534 803 curvos
2550 757 2747 809 rectos.
2763 763 2934 803 caecos
2954 746 3288 814 videntes,et
3307 747 3559 807 inagniti-

1961 852 2149 897 carent
2174 839 2341 895 Deum
2367 840 2464 896 ⁸⁸.»
2494 840 2600 896 Sed
2631 841 2826 895 sedens
2846 856 3008 910 super
3036 839 3243 909 pullum
3280 838 3448 892 asinae
3470 853 3557 891 se—

1963 935 2203 992 cundum
2224 933 2587 1003 prophetiam,
2607 932 2841 1001 gloriose
2858 930 3233 1002 ingressuslest
3252 929 3556 986 Jerusalem

1964 1044 1994 1083 a
2025 1026 2209 1098 pueris
2238 1035 2295 1081 ut
2324 1027 2465 1081 Deus
2494 1026 2847 1090 acclamatus,
2874 1032 2929 1078 et
2969 1034 3316 1080 accesserunt
3338 1023 3404 1076 ad
3429 1037 3554 1075 eum

1964 1120 2117 1186 caeci,
2158 1131 2212 1175 et
2254 1118 2433 1173 claudi
2465 1127 2517 1171 et
2558 1117 2774 1173 sanavit
2813 1125 3106 1181 omnes,ut
3140 1114 3307 1169 refert
3339 1127 3559 1185 quoque

1964 1213 2250 1269 Matthaeus
2271 1212 2338 1264 ".
2359 1210 2702 1281 lngrediente
2733 1219 2913 1263 autem
2944 1206 3320 1270 Bethsaidam,
3346 1225 3364 1257 ι
3388 1204 3559 1259 addu-

1964 1312 2097 1361 cunt
2125 1304 2174 1357 ei
2208 1318 2437 1365 crucum,
2468 1311 2521 1355 et
2540 1301 2802 1371 rogabant
2826 1314 2950 1353 eum
2987 1308 3046 1353 ut
3070 1298 3219 1350 illum
3260 1304 3505 1367 tangeret
3532 1313 3553 1348 ι

1965 1405 2026 1452 ut
2065 1395 2200 1450 dicit
2252 1393 2464 1448 Marcus
2489 1391 2852 1448 ‘°.Domiuus
2911 1397 3093 1445 autem
3135 1390 3375 1443 educeus
3430 1404 3556 1443 cum

1964 1496 2122 1543 extra
2167 1488 2347 1542 vicum
2375 1496 2429 1541 et
2461 1500 2774 1556 conspuens
2816 1485 2869 1538 in
2901 1485 3092 1538 oculos
3119 1482 3258 1553 ejus.
3284 1479 3561 1549 impositis

1968 1580 2223 1637 manibus
2281 1579 2399 1635 suis
2448 1579 2686 1641 obscure
2736 1593 2863 1633 eum
2926 1577 3116 1631 videre
3166 1574 3315 1629 fecit.
3356 1574 3561 1628 Dein.te

1968 1676 2167 1730 iterum
2207 1672 2473 1742 imposuit
2498 1686 2693 1725 manus
2715 1683 2883 1739 super
2906 1668 3097 1724 oculos
3129 1669 3270 1737 ejus,
3300 1676 3355 1721 et
3394 1665 3560 1722 resti-

1967 1776 2119 1820 tutus
2156 1772 2240 1819 est
2295 1762 2371 1818 ita
2405 1771 2465 1817 ut
2507 1761 2655 1817 clare
2690 1761 2904 1816 videret
2938 1759 3147 1814 omnia.
3172 1758 3309 1813 Cum
3356 1772 3560 1828 appro-

1971 1860 2257 1928 pinquaret
2305 1855 2468 1911 Jesus
2516 1854 2758 1915 Jericho.
2784 1862 2844 1907 ut
2884 1861 3077 1907 narrat
3125 1851 3305 1905 Lucas
3332 1848 3403 1917 “,
3440 1848 3559 1905 solo

1964 1951 2135 2004 verho
2170 1949 2386 2004 sanavit
2412 1962 2619 2003 caecum
2655 1961 2814 2002 secus
2832 1946 2977 1999 viam
3011 1943 3292 1999 sedentem
3325 1952 3379 1997 et
3408 1957 3559 1996 men-

1963 2041 2267 2105 dicantem,
2323 2040 2373 2095 ei
2436 2040 2775 2095 curationem
2829 2036 2899 2092 ab
2947 2052 3013 2091 eo
3077 2035 3280 2106 petenti
3331 2033 3557 2089 dicens:

1970 2152 1988 2185 ι
2027 2134 2310 2203 Respice.»
2337 2134 2623 2188 Proiectus
2644 2132 2825 2185 autem
2865 2129 2934 2184 ab
2961 2128 3204 2193 Jericho,
3234 2138 3293 2180 ut
3314 2137 3366 2180 et
3390 2124 3558 2179 refert

1966 2227 2186 2284 Marcus
2216 2229 2285 2292 '°,
2317 2242 2517 2283 rursus
2591 2226 2760 2281 alium
2826 2223 3046 2279 duobus
3106 2221 3282 2278 oculis
3347 2235 3553 2274 caecum

1972 2317 2350 2375 ﬁliumTimrri
2377 2319 2725 2374 Bartimazum
2776 2317 3011 2382 sanavit,
3035 2315 3083 2371 ei
3125 2311 3349 2385 ab'ipso
3375 2313 3557 2368 visum

1969 2410 2176 2483 petenti
2208 2410 2433 2467 dicens:
2478 2427 2497 2461 ‹
2528 2408 2649 2464 Fiat
2677 2409 2774 2463 tibi
2799 2407 3102 2463 secundum
3129 2405 3291 2459 ﬁdem
3327 2415 3554 2458 tuam”:

1961 2503 2026 2559 Et
2064 2518 2190 2558 cum
2237 2501 2633 2572 Hierosolymis
2662 2501 2887 2557 Vidisset
2926 2513 3129 2554 caecum
3183 2513 3213 2552 a
3252 2496 3559 2561 uativitate,

1960 2606 2018 2651 ut
2041 2603 2231 2650 narrat
2263 2593 2503 2650 Joannes
2526 2594 2596 2659 δι,
2622 2606 2729 2647 non
2768 2604 3015 2661 rogatus,
3055 2590 3150 2645 sed
3210 2586 3429 2659 propria
3462 2586 3564 2639 im-

1956 2688 2150 2759 pulsus
2175 2688 2419 2742 bonitate
2449 2686 2669 2755 exspuit
2690 2685 2742 2739 in
2774 2692 3001 2747 terram,
3032 2683 3203 2736 lutum
3236 2680 3387 2741 fecit,
3409 2677 3563 2731 unxit

1958 2781 2151 2837 oculos
2169 2781 2298 2836 caeci
2340 2787 2393 2834 et
2414 2780 2556 2835 dixit
2583 2778 2649 2832 ad
2680 2792 2804 2832 eum
2836 2795 2849 2829 :
2885 2775 3056 2840 Vade,
3091 2776 3208 2828 lava
3252 2775 3305 2826 in
3338 2779 3560 2826 natato-

1962 2874 2042 2927 ria
2073 2871 2220 2928 Siloe
2251 2891 2264 2938 ;
2302 2873 2438 2927 abiit
2465 2886 2617 2942 ergo,
2653 2878 2706 2924 et
2740 2871 2894 2934 lavit,
2913 2881 2966 2924 et
2994 2868 3141 2923 venit
3163 2866 3376 2921 videns.

288 2967 541 3040 Ἰωάννης
614 2971 800 3043 φησὶν,
850 2973 972 3028 οὐδὲ
1027 2975 1296 3047 αἰτηθεὶς,
1350 2970 1471 3026 ἀλλ’
1517 2969 1893 3040 αὐτοκινήτως
1950 2968 2021 3023 δι’
2080 2968 2404 3040 ἀγαθότητα
2461 2969 2676 3030 πτύσας
2734 2968 2832 3019 ἐπὶ
2882 2967 2983 3036 τὴν
3038 2965 3181 3033 γῆν,
3232 2961 3329 3016 καὶ
3382 2957 3557 3028 πηλὸν

275 3064 527 3133 ποιήσας,
560 3064 779 3119 καὶτοῦ
825 3066 1034 3136 τυφλοῦ
1066 3067 1194 3131 τοὺς
1234 3064 1550 3135 ὀφθαλμοὺς
1590 3062 1844 3132 ἀλείψας,
1885 3058 2008 3115 εἷπε
2041 3062 2177 3133 πρὸς
2221 3062 2423 3117 αὐτόν·
2456 3078 2475 3113 ι
2524 3059 2767 3129 ’Υπαγε,
2837 3055 2959 3128 νίψε
3004 3056 3082 3117 εἰς
3113 3052 3213 3126 τὴν
3282 3050 3565 3121 κολυμϐη-

275 3162 411 3231 θραν
444 3159 537 3212 τοῦ
575 3162 797 3226 Σιλωάμ
822 3178 837 3194 ο
875 3181 895 3214 ι
935 3162 1177 3233 ἀπῆλθεν
1207 3161 1303 3216 οῦν
1338 3162 1435 3215 καὶ
1474 3160 1716 3229 ἐνίψατο,
1745 3159 1841 3213 καὶ
1882 3154 2013 3230 ἦλθε
2047 3159 2287 3230 βλέπων.

356 3252 519 3307 Ἀλλά
542 3254 637 3306 καὶ
671 3254 809 3325 μετά
843 3257 902 3309 τὸ
925 3259 1232 3326 ἀναστῆσαι
1259 3254 1528 3309 θανοῦσαν
1558 3254 1657 3325 τὴν
1694 3252 1849 3308 Ἰαεί-

2024 3253 2129 3308 Sed
2156 3263 2210 3308 et
2244 3263 2365 3320 post
2398 3251 2885 3307 resuscitationem
2919 3248 3044 3303 tiliae
3062 3245 3196 3301 Jairi
3232 3245 3563 3317 archisyna-

276 3363 375 3417 ρου
414 3346 507 3400 τοῦ
551 3346 1005 3418 ἀρχισυναγώγου
1034 3349 1221 3410 παῖδα,
1258 3347 1334 3410 ὡς
1371 3345 1728 3415 ἀκουσόμεθα
1758 3343 1853 3398 τοῦ

273 3438 556 3496 Ματθαίου
600 3441 847 3510 σήμερον
891 3440 1432 3510 εὐαγγελιζομένουο
1481 3457 1501 3491 ι
1541 3438 1855 3509 Παράγοντι

273 3527 353 3597 τῷ
398 3527 597 3596 Ἰησοῦ,
629 3528 1008 3599 ἠκολούθησαν
1035 3529 1132 3584 δύο
1179 3530 1377 3599 τυφλοὶ
1422 3528 1719 3601 κράζοντες
1760 3529 1857 3582 καὶ

282 3620 445 3690 168
491 3620 762 3688 λέγοντες,
818 3621 1077 3691 Ἐλέησον
1128 3623 1300 3691 ἡμᾶς,
1346 3621 1430 3674 υἱὲ
1482 3620 1667 3675 Δαϐίδ.
1705 3619 1765 3673 ὐ
1797 3618 1856 3673 δι

290 3712 385 3763 σῦν
430 3710 610 3773 αὐτοῖς
660 3710 921 3764 εἰσελθὼν
960 3714 1041 3775 είς
1068 3711 1177 3781 τῆν’
1202 3712 1403 3777 οὶκίαν,
1449 3712 1546 3765 καὶ
1575 3711 1854 3780 ἁψάμενος

290 3800 400 3854 τῶν
425 3801 707 3873 ὀφθαλμῶν
734 3802 936 3867 αὐτῶν,
965 3805 1059 3857 καὶ
1082 3805 1218 3874 πρὸς
1242 3805 1442 3866 αὐτοὺς
1470 3801 1665 3869 εἰπὼν,
1694 3804 1856 3857 Κατὰ

288 3891 390 3962 τὴν
418 3892 589 3948 πίστιν
626 3896 783 3963 ὑμῶν
820 3896 1110 3967 γενηθήτω
1150 3898 1305 3966 ὑμῖν,
1350 3897 1728 3968 ἐθεράπευσεν
1759 3899 1859 3951 αὑ-

279 3984 426 4048 τούς.
464 4004 482 4039 ι
510 3987 695 4058 Χωρὶς
724 3986 817 4041 οῦν
851 3989 963 4041 τῶν
998 3988 1073 4058 μὴ
1105 3989 1329 4060 ἀριθμῷ
1378 3988 1855 4059 περιληφθέντων,

277 4077 338 4142 ἐξ
367 4078 503 4130 είσιν
534 4079 583 4131 oi
613 4078 927 4150 κατηριθμη
940 4079 1093 4149 μένοι
1120 4080 1245 4133 ’καὶ
1273 4076 1652 4151 οἶμαιιμηδένα
1666 4082 1771 4136 τῶν
1799 4082 1857 4135 ὲν

284 4170 604 4241 Ἰουδαίᾳ,ἢ
661 4171 757 4224 καὶ
790 4174 898 4225 τῶν
950 4172 1277 4240 ὲγγειτόνων
1324 4173 1497 4226 ὄντων
1548 4175 1856 4244 τηνικαῦτα

269 4262 496 4331 τυφλῶν
525 4263 833 4332 ἀφώτιστον
883 4265 1335 4334 περιλειφθῆναι.
1368 4266 1458 4319 Διὸ
1491 4266 1587 4320 xal
1626 4268 1859 4331 Ἡσαΐας

273 4358 351 4420 ὡς
380 4357 447 4410 ὲκ
502 4359 795 4427 προσώπου
826 4358 921 4412 τοῦ
983 4358 1223 4429 Χριστοῦ
1259 4362 1550 4430 προεῖπεν,
1580 4362 1681 4429 [ὅτι
1728 4362 1863 4415 ἀπε-

1960 3348 2081 3417 gogi
2118 3356 2383 3412 mortuae,
2410 3355 2469 3400 ut
2518 3344 2833 3399 audivimus
2869 3342 3035 3396 hodie
3074 3340 3393 3395 Matthaaum
3433 3355 3566 3394 nar-

1958 3450 2169 3495 rantem
2208 3455 2224 3493 :
2258 3457 2277 3490 ι
2317 3440 2741 3493 Prartereuutem
2804 3434 2989 3490 Jesum
3043 3434 3419 3501 sequebantur
3454 3433 3564 3487 duo

1959 3530 2111 3593 (περὶ,
2140 3530 2438 3585 clamantes
2475 3537 2531 3582 et
2568 3528 2848 3581 dicentes:
2880 3546 2897 3575 ο
2954 3524 3213 3579 Miserere
3243 3524 3447 3586 nostri.
3476 3524 3557 3578 llli

1962 3622 2151 3678 David.
2194 3642 2212 3673 ι
2247 3620 2352 3686 Qui
2389 3622 2668 3691 ingressus
2703 3626 2788 3673 est
2833 3632 2958 3672 cum
2999 3616 3081 3672 eis
3141 3617 3192 3671 in
3225 3616 3477 3677 domum,
3510 3626 3565 3670 et

1959 3730 2084 3769 cum
2106 3714 2371 3785 tetigisset
2401 3714 2593 3767 oculos
2615 3725 2830 3771 eorum.
2863 3710 3206 3775 dixissetque
3229 3708 3347 3762 eis:
3391 3725 3412 3758 ι
3441 3704 3565 3760 Fiat

1962 3805 2115 3860 vobis
2136 3804 2437 3860 secundum
2463 3803 2620 3857 ﬁdem
2650 3811 2910 3860 vestram,
2936 3820 2955 3852 ι
2983 3801 3197 3854 sanavit
3221 3814 3340 3854 eos.
3366 3798 3565 3853 Praeter

1960 3911 2053 3951 eas
2085 3911 2208 3964 qua:
2235 3910 2342 3950 non
2362 3905 2719 3949 numerantur
2746 3894 3069 3947 sanationes
3102 3906 3199 3946 se:
3236 3898 3557 3955 narrantur,

1959 3996 2014 4044 et
2044 3987 2255 4041 nullum
2284 3996 2420 4056 puto
2471 4000 2674 4040 caecum
2720 3985 2861 4039 inter
2896 3999 2992 4038 eos
3034 3983 3127 4052 qui
3166 3983 3219 4036 iu
3253 3982 3441 4037 Judaea
3473 3984 3563 4037 vel

1960 4080 2289 4151 propinquis
2334 4080 2653 4151 regioiiibus
2676 4080 2947 4150 degebant
2993 4078 3197 4147 absque
3233 4076 3355 4132 visu
3394 4076 3564 4131 fuisse

1964 4173 2236 4228 relictum.
2270 4173 2563 4242 Propterea
2585 4184 2639 4228 et
2661 4175 2831 4229 Isaias
2859 4174 3075 4228 velutin
3101 4189 3331 4243 persona
3359 4171 3567 4227 Christi

1961 4266 2143 4321 futura
2178 4269 2551 4336 praenuntians
2581 4267 2678 4332 ait,
2716 4268 2895 4336 ipsum
2937 4282 3062 4321 esse
3094 4282 3123 4320 a
3166 4265 3327 4320 Patre
3357 4275 3413 4320 et
3437 4267 3566 4334 Spi-

1962 4359 2070 4412 ritu
2105 4369 2295 4412 sancto
2334 4359 2565 4412 missum
2600 4376 2619 4408 ι
2648 4366 2708 4411 ut
2766 4357 3121 4426 praedicarem
3192 4355 3429 4424 captivis
3479 4355 3561 4408 in-

1961 4450 2297 4517 dulgentiam
2349 4461 2403 4505 et
2434 4451 2480 4483 ⁸²
2547 4451 2709 4506 caecis
2767 4451 2917 4504 visus
3000 4448 3496 4517 recuperationem.
3535 4466 3557 4501 ι

1962 4539 2145 4607 Quare
2212 4556 2345 4611 ergo
2401 4555 2506 4596 non
2565 4541 2706 4595 dixit
2756 4540 3021 4610 propheta
3079 4556 3093 4594 :
3160 4538 3298 4605 Quia
3363 4540 3564 4595 missus

273 4451 446 4521 στάλη
481 4451 631 4518 παρά
666 4450 761 4502 τοῦ
810 4451 1023 4521 Πατρὸς
1055 4447 1151 4504 καῖ
1178 4451 1274 4505 τοῦ
1312 4454 1632 4524 Πνεύματος
1659 4455 1854 4519 αὐτοῦ,

282 4561 302 4593 ι
345 4541 599 4612 Κηρύξαι
642 4542 1015 4613 αἰχμαλώτοις
1048 4544 1269 4614 ἄφεσιν,
1299 4548 1395 4599 καὶ¹
1438 4549 1665 4615 τυφλοῖς
1721 4548 1856 4602 ἀνά-

276 4633 488 4703 ϐλεψιν.
533 4653 554 4687 ι
591 4634 714 4697 Πῶς
755 4634 813 4687 δὲ
849 4636 950 4689 οὐκ
990 4630 1143 4689 εἶπεν
1175 4638 1202 4689 6
1247 4638 1563 4709 προφήτης,
1595 4640 1677 4692 ὅτι
1718 4640 1857 4692 ἀπε-

1966 4643 2050 4690 cst
2115 4643 2176 4689 ut
2239 4635 2393 4689 daret
2444 4635 2604 4689 cazcis
2691 4634 2892 4698 visum,
2950 4632 3296 4687 sicutrevera
3359 4631 3564 4687 factum

275 4725 445 4793 στάλη
496 4725 681 4780 δοῦναι
712 4726 825 4789 τοῖς
860 4727 1085 4796 τυφλοῖς
1127 4728 1449 4799 ἀνάϐλεψιν,
1488 4729 1627 4801 ὅπερ
1660 4729 1724 4802 δὴ
1760 4734 1857 4785 καὶ

1967 4737 2071 4793 est,
2110 4725 2204 4781 sed
2254 4743 2274 4777 ι
2303 4733 2363 4779 ut
2386 4726 2734 4795 praedicarem
2769 4724 2927 4778 caecis
2968 4724 3217 4778 visum?»
3258 4722 3403 4779 Sane
3434 4724 3564 4794 quia

274 4820 523 4887 γέγονεν,
571 4818 688 4872 ἀλλ’
724 4820 1007 4889 ἀπεστάλη
1039 4822 1279 4891 κηρύξαι
1324 4825 1441 4885 τοῖς
1469 4823 1694 4892 τυφλοῖς
1723 4824 1855 4878 ἀνά-

1966 4820 2237 4891 praecipue
2299 4834 2465 4887 super
2527 4826 2730 4873 terram
2816 4816 3080 4871 Dominus
3130 4816 3296 4880 venit,
3351 4831 3456 4869 non
3505 4823 3567 4870 ut

273 4911 496 4982 ελεψινς
551 4912 885 4985 Ἐπειδὴπερ
915 4913 974 4965 οὐ
1017 4914 1455 4985 προηγουμένως
1487 4916 1582 4968 ἐπὶ
1615 4915 1717 4986 τὴν
1747 4916 1856 4985 γῆν

1964 4918 2211 4990 corporis
2269 4915 2475 4977 oculos,
2518 4911 2611 4967 sed
2671 4911 2872 4965 mentis
2918 4910 3109 4963 oculos
3163 4907 3421 4977 aperiret,
3470 4906 3563 4976 qui

268 5003 297 5056 6
323 5004 531 5075 Κύριος
553 5000 718 5074 ἦλθεν
764 5005 853 5059 ἶνα
884 5006 1012 5069 τοὺς
1043 5008 1396 5076 σωματικοὺς
1428 5006 1619 5081 ἀνοίξῃ
1651 5007 1855 5076 ὀφθαλ-

1962 5027 2060 5084 per
2128 5006 2452 5078 evangelica:
2524 5001 2787 5056 doctrinae
2867 4997 3308 5071 praedicationem
3382 4997 3563 5052 visum

274 5099 431 5166 μοὺς,
474 5097 611 5151 ἀλλά
648 5097 776 5160 τοὺς
800 5098 900 5167 τῆς
934 5097 1139 5169 ψυχῆς,
1217 5098 1417 5162 οἵτινες
1463 5098 1736 5169 ὀφθαλμοὶ
1763 5101 1855 5155 διά

1962 5101 2271 5171 recipiunt;
2334 5105 2480 5152 recte
2541 5107 2673 5162 ergo
2728 5090 2868 5145 dixit
2920 5089 3556 5160 prophetiaDominum

268 5190 362 5245 τοῦ
394 5190 762 5259 εὐαγγελικοῦ
814 5190 1174 5262 κηρύγματος
1219 5191 1460 5244 κτῶνται
1490 5193 1590 5259 τὴν
1622 5191 1854 5245 ἀνάϐλε-

1962 5191 2340 5266 ρταξιιίοεινίεεο
2403 5187 2563 5243 caecis
2618 5185 2816 5241 visum.
2886 5182 3042 5238 Sicut
3090 5182 3249 5237 docet
3288 5196 3389 5236 nos
3442 5179 3555 5235 Do-

266 5285 397 5355 ψινο
433 5282 665 5345 εἰκότως
699 5281 789 5337 οῦν
821 5285 855 5351 ἡ
891 5283 1206 5353 προφητεία
1237 5283 1477 5355 κηρύξαι
1507 5285 1601 5337 τὸν
1647 5283 1853 5351 Κύριον

1962 5289 2142 5343 minus
2206 5280 2512 5354 Spiritualia
2564 5292 2833 5350 quaerere,
2890 5275 3138 5331 dicens:
3201 5271 3561 5343 «Operamini

265 5379 381 5440 τοῖς
426 5375 654 5443 τυφλοῖς
694 5375 996 5445 ἀνάϐλεψίν
1049 5393 1235 5446 φησιν.
1270 5377 1482 5448 Ὥσπερ
1533 5377 1591 5431 δὲ
1632 5378 1796 5441 αὐτὸς
1825 5378 1853 5431 6

1962 5395 2071 5435 non
2127 5378 2307 5433 cibum
2359 5373 2453 5444 qui
2510 5372 2673 5442 perit,
2735 5371 2831 5425 sed
2877 5368 2973 5440 qui
3035 5377 3319 5437 permanet
3368 5367 3420 5420 in
3481 5367 3565 5419 vi-

262 5470 477 5539 Κύριος
524 5470 656 5539 ημῖν
706 5467 1083 5537 παραγγέλλει
1135 5466 1207 5521 τά
1236 5469 1588 5539 πνευματικά
1634 5469 1850 5539 ζητεῖν·

1962 5476 2071 5523 tam
2129 5464 2488 5528 aeternam";
2531 5480 2549 5513 ι
2602 5471 2659 5516 et
2692 5475 2752 5516 se
2790 5459 3061 5531 promittit
3117 5458 3433 5528 temporalia
3468 5458 3565 5511 ad-

272 5581 290 5615 l
333 5560 696 5633 Ἐργάζεσθε,
738 5561 939 5630 λέγων,
976 5561 1054 5632 μὴ
1100 5564 1205 5632 τὴν
1237 5562 1442 5632 βρῶσιν
1480 5561 1579 5634 τὴν
1613 5562 1852 5615 ἀπολλυο

1962 5560 2223 5625 diturum,
2255 5558 2300 5613 si
2325 5555 2627 5627 spiritualia
2657 5566 2991 5624 quaeramus,
3020 5552 3244 5607 dicens:
3276 5568 3295 5602 ι
3322 5548 3561 5617 Quaerite

269 5658 461 5727 μένην,
498 5656 636 5711 ἀλλὰ
688 5654 788 5727 τὴν
844 5655 1050 5725 βρῶσιν
1088 5655 1187 5725 τὴν
1247 5655 1522 5725 μένουσαν
1564 5657 1655 5723 ,είς
1700 5657 1849 5728 ζωὴν

1962 5653 2198 5724 primum
2252 5664 2484 5720 regnum
2544 5648 2661 5715 Dei,
2695 5656 2750 5706 et
2816 5646 2923 5702 hac
2980 5645 3167 5699 omnia
3220 5642 3552 5714 adﬁcientur

340 5772 387 5803 ⁸⁸
417 5770 611 5844 Mauh;
654 5786 743 5837 ιν»
772 5771 864 5827 99-
887 5841 901 5844 _
942 5771 986 5804 "
1015 5770 1207 5844 Mapllh-
1246 5786 1363 5837 ΠΙ,
1395 5772 1489 5844 Η-
1568 5776 1611 5808 ⁸⁸
1646 5775 1816 5834 Marc.
1851 5791 1965 5844 VIII,
2010 5774 2101 5829 22.
2177 5773 2225 5808 δ’
2258 5771 2394 5829 Luc.
2426 5784 2584 5837 xvut,
2619 5769 2711 5825 '55.
2786 5766 2835 5801 '°
2859 5765 3030 5825 Marc.
3058 5775 3113 5829 ι,
3138 5758 3227 5819 ιο.
3319 5760 3363 5794 ⁸⁸
3396 5757 3557 5818 Joan.

277 5856 351 5910 nt,
387 5846 437 5900 Ι.
515 5839 694 5898 "lsa.
732 5856 843 5910 ut,
882 5841 935 5900 l.
1009 5843 1055 5876 "
1082 5842 1243 5899 Joan.
1279 5858 1353 5911 v1,
1384 5843 1475 5900 27.
1562 5847 1573 5855 '
