4014 6494
448 337 560 402 379
1661 340 2048 403 GREGORII
2095 337 2417 400 PALAME
3666 329 3773 394 350

441 450 605 506 vobis
624 448 714 514 “;
746 466 764 500 ι
809 447 882 506 ita
945 458 1001 504 et
1043 449 1110 504 de
1165 451 1341 506 oculis
1393 449 1540 508 facit.
1574 452 1855 508 inclinans
1899 455 2026 509 cniu

2193 454 2372 508 ίώνιον
2392 470 2406 486 ·
2445 471 2464 506 ο
2499 451 2903 522 ἐπαγγέλλεται
2929 452 2987 506 δὲ
3018 450 3374 524 προσθήσειν
3400 450 3552 521 ἡμῖν
3579 451 3680 504 καὶ
3712 452 3778 503 τὰ

447 546 621 600 cmlos
644 555 704 598 et
735 543 1110 599 misericordia
1147 557 1328 602 motus
1365 548 1416 600 in
1456 557 1656 602 terram
1703 549 2032 605 descendens

2192 547 2470 616 ωματικά,
2535 545 2698 617 εἴπερ
2749 546 2909 616 ἡμεῖς
2956 544 3025 598 τὰ
3084 541 3406 614 ψυχωφελῆ
3464 541 3777 612 ζητοῦμεν,

450 649 512 692 ιιι
544 652 640 708 per
669 639 1038 708 evangelicam
1089 640 1543 708 praedicationem
1599 642 1794 696 anima:
1845 652 2035 698 nostra

2211 640 2456 710 Ζητεϊτε,
2483 637 2682 706 λέγων,
2707 637 2804 708 τὴν
2833 637 3117 707 βασιλείαν
3139 637 3232 690 τοῦ
3253 635 3436 700 Θεοῦ,
3473 636 3579 689 καὶ
3605 634 3780 688 ταῦτα

451 732 644 787 oculos
673 734 933 801 aperiret.
975 731 1318 802 donaretque
1381 736 1541 791 nobis
1571 736 1747 791 visum
1781 737 2036 806 spiritua-

2194 733 2337 786 τάντα
2383 731 2826 802 προστεθήσεται
2876 730 3028 801 ὑμῖν,
3071 749 3089 782 ι
3141 727 3291 783 οὕτω
3344 729 3453 783 καὶ
3510 729 3614 784 ἐπὶ
3672 728 3779 782 τῶν

454 825 589 889 lem,
615 825 827 880 addidit
868 837 922 880 et
956 825 1302 881 sensibilium
1357 830 1643 884 oculorum
1677 831 2039 887 curationem.

2195 823 2453 893 φθαλμῶν
2485 826 2633 878 ποιεῖ
2653 840 2666 854 ·
2705 823 2899 886 κλίνας
2927 823 3037 894 γὰρ
3067 822 3348 892 οὐρανοὺς
3387 822 3494 874 καὶ
3527 819 3780 886 καταϐὰς

457 921 583 973 Ideo
618 919 790 973 multa
844 928 976 975 sunt
1011 919 1062 973 in
1099 921 1385 992 utriusque
1423 925 1639 991 generis
1672 925 2042 982 curationibus

2198 917 2256 971 πὶ
2279 920 2378 987 τῆς
2412 918 2519 986 γῆς
2543 917 2634 972 διὰ
2660 917 3102 988 φιλανθρωπίαν,
3137 917 3213 980 ὡς
3238 918 3308 968 ἂν
3345 915 3445 968 διὰ
3481 913 3585 968 τοῦ
3617 914 3783 984 εὐαγ-

459 997 789 1079 ahalo;a,iu
831 1013 1104 1081 corporali
1166 1014 1290 1069 dico
1345 1025 1398 1068 et
1452 1015 1503 1070 in
1562 1016 1854 1084 spirituali.
1891 1016 2044 1072 Sicut

2200 1010 2384 1064 ελικοῠ
2416 1011 2774 1081 κηρύγματος
2803 1013 2926 1072 τοὺς
2970 1011 3072 1079 τῆς
3100 1010 3394 1080 ἡμετέρας
3429 1007 3628 1076 ψυχῆς
3671 1008 3784 1060 δια-

462 1103 606 1156 enim
675 1104 744 1157 de
791 1107 1152 1172 corporaliter
1217 1109 1398 1172 caecis,
1429 1109 1518 1162 alii
1575 1109 1794 1178 quidem
1863 1111 2047 1166 statim

2202 1105 2310 1175 σίξῃ
2345 1104 2682 1175 ὀφθαλμοὺς,
2710 1106 2804 1158 καὶ
2827 1105 3129 1175 χαρίσηται
3157 1104 3301 1172 ἡμῖν
3327 1102 3440 1172 τὴν
3477 1100 3630 1155 κατά
3664 1101 3787 1155 νοῦν

465 1195 646 1248 visum
681 1207 1028 1265 receperunt,
1058 1209 1115 1251 ut
1141 1199 1242 1252 iste
1271 1201 1364 1269 qui
1401 1202 1608 1256 audivit
1639 1221 1651 1256 :
1683 1202 1970 1271 «Respice.
1999 1214 2050 1258 et

2203 1197 2480 1268 νάϐλεψιν,
2531 1199 2850 1267 προσετίθει
2904 1198 3000 1252 καὶ
3049 1198 3155 1251 τῶν
3193 1196 3502 1267 αἰσθητῶς
3557 1195 3637 1265 μὴ
3672 1195 3788 1263 βλε-

466 1287 650 1341 subito
677 1299 904 1344 sanatus
937 1299 1074 1353 est,»
1103 1291 1190 1343 alii
1239 1307 1367 1346 vero
1393 1293 1682 1361 paulatim,
1717 1304 1774 1349 ut
1803 1297 1896 1366 qui
1926 1311 2051 1352 cum

2201 1290 2380 1344 πόντων
2411 1290 2712 1361 ὀφθαλμῶν
2739 1291 2838 1363 τὴν
2871 1292 3044 1346 ῐασιν.
3073 1291 3174 1344 Διά
3205 1290 3381 1344 τοῦτο
3415 1290 3522 1344 καὶ
3555 1287 3698 1342 πολὺ
3729 1288 3786 1342 τὸ

466 1379 711 1432 nondum
758 1383 1026 1450 integram
1073 1381 1417 1438 sanationem
1453 1385 1753 1454 recepisset
1795 1387 2051 1442 dicebat:

2203 1383 2505 1453 ατάλληλον
2538 1386 2596 1437 ὲν
2647 1384 2993 1454 ἀμφοτέραις
3034 1387 3158 1446 ταῖς
3192 1380 3585 1449 ἀναϐλέψεσι,
3632 1384 3699 1449 τῇ
3729 1397 3786 1433 τι

466 1469 642 1526 Video
674 1470 922 1526 homines
976 1472 1124 1527 Velut
1151 1473 1377 1530 arbores
1406 1476 1776 1544 ambulantes;
1815 1477 1885 1531 ita
1915 1479 2051 1534 inter

2198 1476 2312 1529 ιατὰ
2357 1477 2519 1544 σῶμα
2562 1477 2706 1546 λέγω
2740 1478 2834 1531 καὶ
2863 1480 2930 1548 τῇ
2979 1476 3122 1532 κατά
3149 1477 3366 1546 ψυχήν.
3411 1476 3646 1545 Ὠσπερ
3679 1475 3783 1544 γὰρ

468 1576 568 1616 eos
595 1563 684 1631 qui
723 1578 817 1631 per
837 1563 995 1616 {idem
1019 1565 1388 1632 spiritualium
1407 1568 1692 1622 oculorum
1715 1569 2053 1626 sanatiOnem

2203 1569 2278 1621 ῶν
2310 1569 2454 1623 κατὰ
2503 1569 2666 1640 σῶμα
2709 1569 2932 1637 τυφλῶν
2981 1571 3032 1623 οἱ
3069 1569 3172 1639 μὲν
3220 1569 3450 1638 ἀθρόαν
3497 1567 3666 1636 ἔσχον
3692 1567 3787 1636 τὴν

472 1661 820 1723 receperunt,
855 1655 942 1708 alii
971 1656 1151 1711 Subito
1181 1658 1321 1712 hanc
1348 1669 1698 1728 receperunt,
1724 1661 1866 1715 sicut
1889 1677 2057 1715 evan-

2202 1661 2492 1728 ηνάϐλεψιν,
2525 1661 2601 1727 ὡς
2634 1662 2661 1714 6
2695 1662 2961 1726 ἀκούσας,
3001 1681 3019 1714 t
3072 1659 3448 1730 Ἀνάϐλεψον,
3495 1678 3516 1711 ›
3556 1661 3653 1712 καὶ
3691 1677 3787 1712 πα-

473 1745 666 1814 ευιὶειε
723 1747 906 1800 statim
974 1763 1004 1802 a
1071 1750 1273 1804 telOnio
1327 1762 1590 1817 vocatus;
1623 1753 1716 1805 alii
1767 1753 2056 1821 paulatim,

2200 1755 2435 1824 ναχρῆμα
2487 1753 2695 1817 ίαθείς·
2742 1753 2795 1807 οἱ
2828 1754 2884 1806 δὲ
2935 1753 3078 1808 κατὰ
3139 1751 3372 1822 μικρὸν,
3403 1750 3489 1811 ὡς
3543 1750 3574 1801 6
3620 1750 3785 1802 εἰπὼν

475 1838 620 1892 sicut
646 1836 977 1895 Nieodemus
1002 1842 1254 1897 occultus
1287 1845 1463 1898 adhuc
1495 1843 1704 1898 Christi
1733 1843 2060 1911 discipulus.

2200 1845 2277 1915 πρὸ
2310 1844 2405 1898 τοῦ
2449 1845 2674 1908 τελείως
2717 1845 2816 1915 τὴν
2847 1846 2992 1898 iactv
3047 1844 3260 1910 λαϐεῖν,
3298 1845 3394 1898 ὃτι
3447 1841 3543 1905 Ὠς
3596 1840 3785 1911 δένδρα

473 1927 542 1984 Ει
568 1932 710 1986 sicut
734 1931 875 1987 inter
895 1932 1486 2004 corporaliter'caacos,
1511 1937 1601 1991 alii
1635 1937 1752 1992 solo
1779 1937 1948 1992 verbo
1977 1953 2058 1993 sa-

2201 1935 2294 1999 οὓς
2326 1935 2653 2007 ἀνθρώπους
2695 1935 2808 2007 ὁρῶ
2863 1935 3358 2006 περιπατοῦνταςο
3399 1933 3559 1987 οὓτω
3614 1933 3712 1986 καὶ
3738 1933 3785 1984 οί

479 2023 592 2078 nali
624 2035 772 2090 sunt,
796 2026 876 2080 sic
909 2025 1250 2089 Bartimteus,
1281 2029 1372 2082 alii
1398 2044 1524 2084 vero
1543 2036 1596 2083 et
1624 2043 1813 2097 opere,
1837 2028 1884 2082 ei
1918 2026 2064 2082 enim

2203 2029 2257 2082 ιὰ
2293 2030 2392 2098 τῆς
2442 2029 2681 2092 πίστεως
2729 2029 2828 2098 τὴν
2862 2029 2973 2082 τῶν
3008 2028 3216 2098 νοητῶν
3247 2026 3580 2097 ὀφθαλμῶν
3647 2025 3786 2079 ῐασιν

476 2117 570 2187 qui
600 2117 652 2170 in
703 2117 990 2174 Bethsaida
1027 2129 1256 2176 sanatus
1288 2132 1368 2177 est
1399 2138 1464 2177 ex
1509 2137 1611 2177 suo
1657 2132 1820 2190 sputo
1853 2124 2061 2190 insper-

2202 2122 2480 2191 εξάμενοι,
2508 2122 2557 2175 oi
2591 2121 2691 2192 μὲν
2725 2120 3164 2193 ἀθρόαν-ταύτην
3187 2115 3388 2190 εὖρον,
3419 2120 3504 2183 ὡς
3535 2121 3566 2172 6
3599 2119 3667 2171 ἐκ
3705 2134 3787 2170 τε-

480 2210 554 2264 sit
604 2214 795 2266 oculos
839 2213 1023 2270 .lesus.
1077 2213 1180 2270 llic
1214 2217 1385 2282 enim,
1415 2225 1474 2274 ut
1511 2216 1749 2280 videtur,
1779 2215 2065 2285 palpebras

2204 2215 2346 2269 ώνου
2394 2213 2797 2284 εὑαγγελιστὴς
2844 2214 3010 2278 εὐθὺς
3062 2215 3379 2282 ἀναφανείς
3407 2229 3425 2244 ο
3463 2213 3518 2266 oi
3566 2213 3623 2266 δδ
3657 2211 3789 2265 κατὰ

479 2299 698 2368 quidem
727 2302 981 2368 habebat,
1004 2320 1170 2360 vacua
1201 2323 1329 2360 vero
1373 2319 1529 2362 erant
1557 2306 1759 2363 ﬂuente
1782 2323 1850 2362 ex
1897 2308 2064 2363 oculis

2201 2310 2402 2382 ιικρὺν,
2439 2310 2515 2374 ὡς
2545 2312 2574 2364 6
2628 2311 2947 2381 νυκτερινδς
2993 2310 3077 2363 ἔτι
3125 2310 3395 2380 μαθητὴς
3445 2308 3786 2376 Νικόδημος.

480 2393 736 2460 humore,
771 2394 860 2461 qui
886 2409 982 2464 per
1004 2397 1250 2454 divinum
1285 2409 1506 2470 sputum
1537 2401 1821 2457 restitutus
1842 2409 1946 2458 est.
1964 2399 2065 2466 Qui

2204 2407 2290 2459 ἰαὶ
2317 2402 2578 2474 καθάπερ
2609 2403 2720 2459 τῶν
2748 2402 2894 2457 κατὰ
2927 2402 3094 2474 σῶμα
3130 2401 3368 2470 τυφλῶν
3399 2401 3454 2457 οἱ
3503 2403 3611 2473 μὲν
3656 2400 3789 2470 λόγῳ

479 2497 613 2537 vero
629 2499 658 2538 a
683 2485 968 2541 nativitate
987 2504 1167 2546 caecus
1203 2502 1344 2554 erat,
1378 2508 1478 2547 nec
1497 2492 1789 2562 palpebras
1809 2492 2064 2559 habebat,

2201 2501 2334 2569 ιὸνῳ
2365 2497 2466 2568 τῆς
2509 2498 2711 2558 ἰάσεως
2765 2497 2981 2568 ἔτυχον,
3029 2496 3104 2560 ὡς
3132 2497 3160 2548 ὀ
3213 2497 3602 2567 Βαρτιμαῖος,
3652 2495 3699 2548 oi
3733 2492 3786 2546 δὲ

483 2579 719 2650 ideoque
753 2583 988 2651 quodam
1015 2585 1280 2653 plasmate
1305 2585 1587 2656 indigebat
1608 2585 1755 2655 quod
1781 2601 1874 2655 per
1897 2587 2068 2642 lutum

2198 2589 2276 2642 toil.
2308 2587 2456 2660 ἔργῳ
2483 2604 2497 2621 ο
2533 2587 2611 2657 τῷ
2647 2588 2756 2658 γὰρ
2807 2587 2963 2658 παρὰ
2994 2591 3062 2658 τῇ
3115 2588 3408 2662 Βηθσαῖδᾷ
3459 2591 3560 2642 καὶ
3592 2587 3686 2642 τοῦ
3715 2589 3783 2639 οἰ-

483 2672 682 2728 dlvinis
710 2674 895 2743 digitis
927 2677 1152 2732 mistum
1210 2677 1260 2734 ei
1305 2692 1630 2733 concessum
1683 2687 1793 2733 est.

2196 2681 2332 2736 ιείου
2383 2681 2707 2752 πτύσματος
2755 2681 2873 2744 τοῖς
2912 2679 3220 2752 ὀφθαλμοῖς
3273 2681 3557 2751 ἐνέθηκεν
3586 2697 3601 2714 ο
3636 2675 3781 2740 οὗτος

484 2770 619 2840 γὰρ,
669 2770 745 2836 ὡς
796 2771 966 2838 ἔοικε,
1002 2774 1256 2846 βλέφαρα
1289 2776 1391 2847 μὲν
1417 2772 1552 2846 εἶχε,
1602 2778 1740 2832 κενὰ
1783 2777 1842 2830 δι
1893 2776 2070 2832 ταῦτα
2108 2774 2245 2849 εἶχε,
2280 2779 2576 2850 ἐκρυέντος
2601 2779 2700 2834 τοῦ
2731 2780 2842 2834 τῶν
2870 2779 3178 2852 ὀφθαλμῶν
3208 2782 3419 2851 ὑγροῦ,
3447 2782 3477 2836 δ
3547 2781 3644 2835 καὶ
3700 2776 3781 2832 διὰ

485 2869 582 2921 τοῦ
615 2869 761 2924 θείου
797 2871 919 2924 τότε
944 2873 1266 2944 πτύσματος
1293 2874 1535 2941 ἐδέξατο.
1577 2876 1642 2930 '0
1665 2875 1724 2932 δὶ
1751 2877 1815 2930 ὲκ
1844 2877 2070 2947 γενετῆς
2108 2876 2311 2946 τυφλὸς
2339 2879 2462 2932 οὐδὲ
2491 2878 2743 2949 βλέφαρα
2769 2871 2886 2950 εἶχε
2913 2895 2928 2912 ·
3000 2878 3084 2933 διδ
3145 2877 3242 2931 καὶ
3284 2877 3390 2935 τοῦ
3433 2879 3500 2932 ὲκ
3528 2880 3632 2950 γῆς
3656 2875 3783 2930 πλά-

489 2981 698 3034 σματος
730 2966 928 3030 ἐδεῖτο,
959 2967 987 3020 ὃ
1015 2969 1110 3022 καὶ
1129 2968 1220 3021 διὰ
1249 2967 1344 3021 τοῦ
1379 2969 1720 3041 φυραθὲντος
1757 2970 1937 3042 πηλοῦ
1967 2972 2083 3034 τοῖς
2117 2970 2468 3035 δισποτικοίς
2502 2973 2722 3037 ἐδέξατο
2749 2971 3061 3037 δακτύλοις.

563 3065 722 3120 Sicut
749 3080 882 3136 ergo
909 3065 1052 3120 inter
1100 3067 1463 3137 corporaliter
1505 3082 1704 3136 cacas,
1740 3068 1833 3125 alii
1887 3079 1948 3124 ut
1969 3069 2084 3139 jam

2268 3066 2484 3138 Ὥσπερ
2521 3067 2616 3122 οὖν
2655 3069 2767 3124 τῶν
2809 3068 2954 3122 κατὰ
2997 3067 3158 3137 σῶμα
3190 3065 3425 3136 τυφλῶν
3448 3068 3499 3121 oi
3532 3067 3652 3137 μὶν,
3683 3084 3776 3121 κα-

489 3158 625 3224 (ιῐιί,
686 3159 805 3215 solo
845 3159 1011 3215 verbo
1065 3162 1278 3230 prolato
1317 3163 1493 3217 sanati
1557 3173 1712 3228 sunt,
1766 3162 1859 3218 alii
1897 3170 2074 3218 autem

2191 3159 2371 3230 θάπερ
2400 3160 2561 3233 ῐφην,
2589 3159 2736 3229 λόγῳ
2765 3161 2914 3230 μόνῳ
2953 3160 3054 3232 τὴν
3087 3161 3238 3214 ἴασιν
3267 3159 3502 3229 ἔλαϐον,
3537 3161 3588 3215 οἱ
3616 3161 3672 3214 δὲ
3693 3160 3776 3214 καὶ

491 3263 550 3309 ct
579 3267 766 3321 apere,
798 3252 881 3306 sic
908 3249 1016 3305 illis
1059 3250 1154 3321 qui
1197 3252 1568 3321 spiritualium
1603 3254 1892 3311 oculorum
1925 3272 2076 3312 cura-

2193 3251 2337 3323 ἔργῳ
2362 3270 2376 3285 ·
2415 3251 2562 3308 οὕτω
2591 3253 2690 3306 καὶ
2717 3254 2813 3306 ἐπὶ
2843 3252 2957 3307 τῶν
2990 3252 3270 3326 λαϐόντων
3296 3255 3414 3309 τῶν
3446 3256 3592 3310 κατὰ
3616 3254 3778 3325 ψυχὴν

497 3346 701 3402 tionem
723 3353 1050 3413 receperunt
1078 3360 1218 3414 quae,
1243 3354 1302 3400 ut
1332 3345 1594 3413 diximus,
1627 3347 1895 3404 transitus
1913 3348 2082 3406 estde

2191 3344 2494 3414 ὀφθαλμῶν
2517 3344 2618 3415 τὴν
2649 3345 2822 3410 ίασιν,
2846 3345 2972 3417 ἥτις
3000 3344 3143 3410 ἐστὶ,
3175 3345 3447 3418 καθάπερ
3480 3347 3711 3418 ἔφημεν.
3747 3345 3776 3415 ἡ

497 3439 820 3496 inﬁdelitate
850 3440 916 3492 ad
939 3439 1122 3506 ﬁdem,
1145 3454 1286 3508 opus
1322 3438 1426 3494 fuit
1469 3440 1736 3510 prodigiis
1768 3441 1834 3496 ad
1863 3440 2082 3496 creden-

2194 3438 2254 3502 ἐξ
2284 3435 2548 3500 ἀπιστίας
2577 3439 2657 3499 είς
2685 3436 2874 3491 πίστιν
2899 3437 3214 3507 μετάθεσις,
3246 3441 3372 3504 τοῖς
3408 3440 3511 3509 μὲν
3539 3439 3634 3493 καὶ
3663 3438 3779 3490 θαυ-

498 3533 656 3598 dum,
684 3543 745 3587 ut
775 3532 856 3588 eis
887 3532 980 3602 qui
1005 3532 1158 3588 missi
1176 3544 1307 3588 sunt
1336 3548 1366 3588 a
1400 3531 1614 3590 Joanne
1637 3534 1704 3590 ad
1737 3533 2083 3604 interrogan-

2197 3529 2387 3600 μάτων
2428 3527 2650 3598 ἐδέησεν
2690 3530 2772 3591 εἰς
2798 3529 2862 3582 τὸ
2909 3530 3224 3596 πιστεῦσαι,
3256 3531 3340 3591 ὡς
3375 3534 3474 3587 καὶ
3503 3534 3618 3594 τοῖς
3653 3547 3779 3600 πεμ-

499 3625 670 3680 dum:
708 3643 727 3676 ι
763 3622 843 3678 Tu
867 3638 929 3678 es
973 3624 1067 3694 qui
1108 3635 1376 3680 venturus
1413 3639 1496 3692 es,
1523 3641 1601 3680 an
1619 3625 1788 3680 alium
1834 3632 2084 3694 expecta-

2194 3623 2380 3692 φθιῐσι
2409 3623 2562 3692 παρά
2604 3621 2700 3676 τοῦ
2755 3622 3008 3678 Ἰωάννου
3049 3623 3336 3693 ἐρωτῆσαι
3356 3642 3373 3658 ο
3413 3645 3433 3679 ι
3467 3627 3539 3680 Σὺ
3570 3625 3622 3679 εί
3649 3627 3675 3679 ὀ
3699 3624 3778 3693 ἑρ-

501 3729 626 3772 mus
648 3715 742 3768 "?
777 3732 801 3768 ι
839 3715 945 3770 Alii
1009 3716 1129 3771 solo
1168 3716 1340 3772 verbo
1375 3716 1518 3772 hanc
1551 3716 1713 3772 tidem
1740 3725 2086 3786 receperunt,

2193 3715 2507 3787 χόμενος,ἢ
2542 3714 2733 3785 ἕτερον
2771 3713 3203 3785 προσδοκῶμεν;
3251 3733 3271 3768 ι
3321 3718 3390 3772 Οί
3419 3719 3478 3772 δὲ
3523 3719 3618 3773 καὶ
3649 3715 3777 3785 λόγῳ

505 3808 795 3864 credentes
841 3823 906 3862 ex
949 3808 1069 3864 solo
1106 3809 1321 3886 auditu,
1355 3817 1417 3864 ut
1475 3809 1579 3866 iste
1615 3810 1890 3874 centurio,
1930 3824 2090 3878 quem

2200 3810 2350 3882 μόνῳ
2379 3808 2590 3879 ταύτην
2619 3809 2836 3876 ἔλαϐον,
2861 3811 3262 3873 πιστεύσαντες
3287 3812 3356 3865 ὲκ
3392 3811 3567 3881 μόνης
3597 3807 3771 3878 ἀκοῆς,

505 3901 831 3957 testiﬁcatus
873 3912 954 3956 est
1001 3901 1120 3970 ipse
1157 3900 1423 3958 Dominus
1455 3901 1560 3957 ﬁde
1619 3909 1881 3971 praestare
1927 3917 2090 3972 super

2197 3903 2275 3965 ὡς
2309 3901 2406 3955 καὶ
2429 3901 2458 3953 6
2487 3900 2909 3972 ἑκατόνταρχος,
2929 3900 2990 3954 δν
3021 3899 3118 3955 καὶ
3146 3901 3176 3955 6
3205 3900 3425 3973 Κύριος
3449 3901 3544 3956 τοῦ
3571 3893 3773 3970 Ἰσραὴλ

506 3993 696 4050 Israel.
729 3993 890 4050 Tales
932 4003 1062 4050 sunt
1107 4003 1163 4049 et
1213 3994 1305 4063 qui
1366 3995 1668 4051 secundum
1713 3995 1876 4051 nobis
1936 3995 2091 4052 hodie

2200 3995 2498 4067 ὕπερέχειν
2548 3993 2910 4065 ἐμαρτύρησε
2949 3994 3096 4048 κατά
3149 3993 3248 4064 τὴν
3293 3995 3512 4048 πίστιν.
3548 3989 3773 4046 Τοιοῦτοι

509 4088 712 4142 lectum
746 4086 1060 4140 Mattbaeum
1095 4087 1438 4155 corporalem
1464 4102 1494 4142 a
1523 4086 1634 4142 Deo
1661 4089 1840 4143 visum
1872 4100 2094 4156 recepe-

2199 4089 2254 4144 ol.
2303 4088 2446 4142 κατά
2480 4087 2573 4141 τὸν
2613 4087 3111 4158 εὐαγγελιζόμενον
3160 4087 3304 4158 ἡμῖν
3355 4089 3598 4157 σήμερον
3643 4085 3778 4138 Ματ-

511 4189 662 4234 runt.
694 4176 965 4232 Videntur
996 4177 1148 4232 enim
1192 4167 1322 4232 ante
1343 4193 1498 4234 suam
1549 4180 1896 4234 sanationem
1923 4176 2096 4235 credi-

2202 4180 2358 4234 θαῖον
2385 4176 2487 4247 τὴν
2517 4177 2844 4246 σωματικὴν
2878 4174 3175 4246 ἀνάϐλεψιν
3216 4175 3380 4247 παρά
3413 4173 3653 4245 Χριστοῦ
3690 4170 3774 4221 λα-

513 4271 692 4336 dissc;
717 4267 847 4324 caeci
871 4267 1016 4323 enim
1040 4283 1166 4322 cum
1199 4277 1386 4324 essent
1415 4269 1645 4325 credere
1671 4285 1779 4325 non
1803 4276 2098 4339 potuerunt

2203 4274 2394 4335 ϐὀντες
2416 4291 2432 4306 ο
2468 4273 2756 4344 φαίνονται
2787 4272 2900 4341 γὰρ
2940 4270 3034 4324 καὶ
3065 4270 3172 4340 πρὸ
3201 4271 3305 4338 τῆς
3341 4271 3544 4329 ἰάσεως
3572 4257 3778 4319 πιστεύ-

513 4365 623 4422 nisi
655 4382 718 4419 ex
751 4364 980 4429 auditu;
1017 4381 1037 4414 ι
1065 4361 1414 4418 Transeunte
1441 4363 1587 4418 enim
1605 4363 1733 4420 inde
1760 4361 1891 4420 Jesu
1927 4363 2098 4420 secuti

2207 4381 2424 4432 σαντες,
2471 4364 2666 4434 τυφλοὶ
2709 4363 2764 4416 δὲ
2825 4361 3002 4425 ὀντες,
3055 4361 3279 4423 πάντως
3330 4362 3391 4428 ἐξ
3437 4360 3608 4428 ἀκοῆς
3635 4349 3776 4423 169

515 4468 790 4516 suntcum
815 4456 927 4512 duo
974 4456 1100 4512 caci
1128 4457 1428 4513 clamantes
1455 4465 1512 4514 et
1537 4457 1822 4514 dicentes:
1851 4457 2100 4514 Miserere

2207 4459 2575 4534 ἐπίστευσαν·
2633 4473 2655 4509 t
2723 4439 3034 4527 Παράἧοντι
3089 4454 3221 4524 γὰρ,
3274 4455 3437 4524 φησὶ,
3494 4451 3572 4522 τῷ
3616 4443 3774 4516 Ἰησοῦ

519 4551 714 4616 nostri,
754 4549 829 4606 [ili
862 4548 1030 4604 David
1051 4549 1120 4604 ".
1161 4566 1180 4600 ι
1218 4547 1505 4615 Quomodo
1531 4547 1676 4606 enim
1713 4557 2102 4620 sequerentur,

2208 4548 2422 4606 ὶκεῖθεν
2459 4547 2842 4621 ἠκολούθησαν
2889 4545 3038 4616 αύτῷ
3075 4546 3171 4599 δύο
3225 4545 3444 4613 τυφλοὶ,
3503 4540 3773 4613 κράζοντες

519 4643 801 4711 quomodo
862 4648 1157 4710 sequentes
1235 4649 1485 4710 peterent
1551 4649 1609 4698 et
1670 4608 1808 4696 cum.
1865 4626 2104 4697 clamore

2209 4642 2306 4696 καὶ
2351 4608 2625 4710 λέγοντες,
2663 4657 2682 4692 ι
2721 4608 3199 4708 ’Ἐλέησον-ἡμᾶς,
3256 4608 3345 4690 υίὲ
3387 4608 3576 4691 Δαϐίδ.
3615 4652 3633 4684 t
3673 4627 3775 4688 Πῶς

522 4739 746 4808 quidem
775 4744 887 4791 tam
915 4733 1216 4789 miserabili
1239 4748 1512 4790 caecorum
1545 4735 1833 4790 oculorum
1863 4734 2107 4790 sanatio-

2209 4734 2307 4790 οὖν
2336 4734 2403 4789 ἂν
2432 4731 2834 4804 ἠκολούθησαν,
2861 4730 2979 4794 πῶς
3002 4729 3048 4783 δ’
3076 4731 3143 4784 ἂν
3172 4729 3596 4790 ἀκολουθοῦντες
3627 4724 3772 4796 ᾔτουν

521 4845 674 4895 nem,
700 4829 802 4884 nisi
825 4827 1216 4883 credidissent?
1235 4825 1297 4881 Et
1321 4827 1444 4882 aliis
1464 4827 1810 4883 extrinsecus
1831 4841 2106 4883 caecorum

2213 4828 2311 4883 καὶ
2360 4826 2501 4898 μετὰ
2530 4825 2804 4896 κραυγῆς,
2838 4825 2935 4878 καὶ
2971 4822 3145 4877 ταῦτα
3175 4823 3424 4876 τοιοῦτον
3468 4821 3633 4881 ἔλεον,
3660 4811 3774 4865 ἀνά-

527 4923 664 4978 lides
712 4920 1026 4977 innotescit.
1067 4919 1432 4985 Transeunte,
1475 4919 1554 4974 ait
1597 4920 1954 4990 evangelista,
1988 4919 2112 4975 inde

2215 4897 2405 4989 ϐλεψιν
2436 4916 2653 4987 τυφλῶν
2689 4915 2976 4985 ὀμμάτων,
3013 4913 3062 4966 ει
3093 4911 3167 4984 μὴ
3205 4912 3580 4973 ὀπίστευσανς
3633 4897 3770 4956 Ἀλλά

528 5015 683 5072 Jcsu.
713 5014 865 5069 Unde
889 5027 1080 5084 quaeso
1105 5023 1160 5068 et
1181 5027 1282 5067 cur
1305 5012 1407 5067 hoc
1427 5013 1584 5076 ponit
1605 5011 1976 5080 evangelista?
1997 5008 2113 5065 Non

2214 5012 2315 5081 τὴν
2347 5011 2445 5080 μὲν
2492 5010 2601 5063 τῶν
2631 5006 2851 5071 τυφλῶν
2889 5009 3076 5060 πίστιν
3130 5007 3226 5059 καὶ
3262 5005 3332 5059 τά
3379 5003 3509 5072 ἑξῆς
3535 4996 3768 5084 δηλώσει.

531 5110 621 5165 hic
647 5108 848 5173 solum,
883 5108 975 5162 sed
1003 5116 1058 5162 et
1113 5105 1276 5174 paulo
1308 5103 1514 5173 supra?
1551 5122 1570 5155 ι
1606 5101 1905 5158 Transiens
1943 5105 2113 5168 enim,

2217 5102 2531 5171 Παράγοντι
2555 5099 2636 5156 δὲ.
2673 5099 2828 5170 φησὶ,
2857 5097 2935 5167 τῷ
2971 5095 3148 5166 Ἰησοῦ
3180 5096 3427 5150 ἐκεῖθενο
3461 5091 3620 5144 πόθεν
3644 5082 3770 5138 ἐκεῖ·

533 5202 736 5271 i~nquit,
763 5200 928 5256 ἔνευε
962 5199 1089 5255 inde
1117 5198 1255 5253 vidit
1283 5195 1567 5252 hominem
1592 5194 1872 5252 sedentem
1899 5194 1950 5248 in
1977 5196 2118 5250 telo-

2219 5195 2330 5259 θεν,
2362 5195 2456 5246 καὶ
2490 5194 2636 5254 τίνος
2655 5192 2820 5244 ἕνεκα
2849 5188 3012 5242 τοῦτο
3044 5186 3263 5259 τίθησιν
3295 5189 3323 5240 ὀ
3357 5174 3763 5252 εύαγγελιστήςῖ

537 5270 632 5351 nio
671 5295 985 5349 Matthreum
1027 5291 1270 5353 nomine,
1305 5309 1324 5342 ι
1352 5291 1500 5344 hunc
1552 5287 1769 5346 scilicet
1816 5287 2120 5356 evangelis-

2218 5286 2332 5340 Καὶ
2359 5287 2467 5338 οὐδ’
2503 5283 2740 5338 ἐνταῦθα
2768 5283 2952 5353 μόνον,
2980 5281 3118 5335 ἀλλὰ
3139 5283 3232 5336 καὶ
3266 5279 3461 5350 μικρὸν
3491 5270 3764 5356 ἀνωτέξςοῖ

535 5397 646 5444 tam
683 5403 846 5457 quem
873 5385 992 5440 solo
1023 5386 1191 5439 verbo
1224 5382 1330 5438 sibi
1377 5381 1692 5451 acquisivit.
1730 5378 1859 5433 Mihi
1905 5353 2120 5432 videtur

2227 5397 2247 5431 t
2286 5377 2560 5449 Παράγων
2605 5376 2738 5446 γὰρ,
2790 5373 2980 5445 φησὶν,
3033 5374 3060 5426 6
3113 5371 3322 5442 Ἰησοῦς
3375 5367 3600 5427 ἐκεῖθεν,
3639 5353 3767 5457 εἶξεν

535 5450 871 5551 evangelista
933 5477 1016 5533 sic
1076 5476 1226 5545 loqui
1279 5475 1347 5531 ad
1413 5450 1765 5529 indicandum
1828 5471 2120 5539 prudenter

2221 5468 2512 5540 ἄνθρωπον
2566 5469 2880 5538 καθήμενον
2925 5468 3020 5521 ἐπὶ
3063 5467 3126 5519 τὸ
3178 5464 3453 5527 τελώνιον,
3510 5450 3766 5551 Ματθαῖον

540 5539 891 5628 audientibus
958 5585 1071 5625 rem
1135 5539 1258 5625 esse
1328 5566 1628 5637 anagOgice
1689 5561 2124 5634 intelligendam.

2222 5563 2541 5634 λεγόμενον,
2580 5580 2599 5615 ι
2633 5563 2728 5615 τὸν
2768 5558 3165 5630 εὐαγγελιστὴν
3194 5557 3401 5619 τοῦτον,
3434 5552 3490 5605 ὀν
3521 5547 3608 5602 καὶ
3641 5539 3765 5637 Vili:

543 5667 650 5735 Qui
705 5667 816 5723 alte
875 5674 1049 5720 totam
1097 5663 1496 5720 incarnationis
1553 5657 1851 5714 Dominicze
1898 5669 2122 5710 oecono-

2241 5655 2395 5727 μόνῳ
2443 5652 2748 5726 τηνικαῦτα
2798 5651 3222 5724 μετεσκεύασεν.
3267 5645 3420 5718 Ἐμοὶ
3473 5639 3597 5711 γοῦν
3636 5625 3767 5684 δοκεῖ

621 5847 666 5882 ⁸⁵
709 5847 846 5904 Luc.
881 5859 977 5914 xu,
1007 5843 1099 5901 51.
1175 5843 1220 5878 ⁵³
1245 5839 1440 5899 Matth.
1473 5855 1554 5913 zu,-
1580 5838 1636 5895 3.
1714 5835 1760 5871 '°
1792 5833 1983 5892 Matth.
2019 5848 2098 5902 rx,
2124 5833 2218 5889 27.

3723 5887 3784 5908 fl
