4014 6464
343 396 452 464 381
1703 412 2035 474 llOMlLIA
2067 414 2262 479 XXX.
3515 417 3619 482 382

339 509 530 575 λάγειν
585 509 730 566 οὕτω
773 513 866 568 τὸν
924 515 1346 588 εύαγγελιστὴν,
1400 521 1659 595 ἀφορμὴν
1717 524 1907 579 διδόντι

2040 526 2202 578 miam
2263 534 2576 592 penetraret
2617 525 2758 582 bane
2806 525 2862 582 in
2913 525 3016 584 liae
3086 527 3318 584 historia
3387 544 3644 598 compen-

341 606 460 668 τοῖς
515 606 756 670 συνετῶς
807 608 1188 679 ἀκροωμένοις
1233 616 1327 668 καὶ
1363 615 1733 684 ἀναγωγικῶς
1786 619 1907 673 ἐκδέ

2047 617 2202 672 diose
2246 617 2607 688 descriptam,
2655 620 2934 688 sapienter
2991 621 3425 688 mirabiliterque
3447 621 3611 690 praedi

340 696 538 767 χεσθαι
592 697 662 753 τὰ
695 699 1096 771 ἱστορούμεναο
1134 703 1234 759 ίὸοι
1289 708 1401 775 γάρ
1446 708 1512 762 ἄν
1545 726 1634 772 τις
1685 711 1904 781 ἀκριϐῶ

2040 720 2219 765 catam
2251 712 2476 767 videret.
2510 711 2912 769 ilabitationem
2933 715 3154 784 quidem
3195 715 3431 771 habebat
3458 713 3643 768 Domi-

339 791 664 844 ἐπισκοπῶν
708 794 894 850 πᾶσαν
922 797 1022 868 τὴν
1068 798 1158 852 διά
1193 802 1400 870 σαρκὸς
1429 803 1759 875 δεσποτικὴν
1793 809 1907 859 οἰκο

2039 818 2148 858 nus
2176 804 2228 857 in
2255 804 2662 873 Capharnaum.
2693 805 2781 860 Ait
2809 807 2954 861 enim
3011 808 3352 878 evangelista
3381 824 3396 863 :
3429 826 3448 858 ι
3480 803 3643 860 Venit

339 884 560 952 νομέαν,
593 892 1067 959 συνεπτυγμὲνως
1116 893 1569 965 ὑπογράφουσαν,
1602 900 1698 952 καὶ
1750 898 1907 966 σοφῶς

2037 905 2090 952 et
2113 897 2400 952 ‘habitavit
2427 899 2480 954 in
2515 900 2901 966 Capharnanm
2938 902 3072 955 urbe
3103 901 3378 956 maritima
3406 901 3504 954 ⁵⁷.»
3544 899 3640 954 llla

339 977 436 1030 καὶ
473 978 798 1047 θαυμασίως
827 983 1318 1054 ἀνακηρύττουσαν
1356 990 1457 1060 τὴν
1511 991 1758 1058 ίστορίαν
1800 991 1900 1044 ταύ

2033 999 2215 1043 autem
2248 989 2508 1046 habitatio
2537 993 2733 1047 coelnni
2761 994 2986 1046 omnino
3015 993 3316 1058 referebat;
3355 993 3468 1063 ipsa
3489 994 3638 1047 enim

337 1084 460 1136 την.
493 1070 793 1127 Κατοικίσν
813 1073 920 1146 γὰρ
942 1077 970 1129 δ
1005 1077 1209 1143 Κύριος
1237 1080 1393 1152 ἔσχεν
1422 1086 1478 1134 ἐν
1508 1082 1888 1152 Καπερναούμ

2033 1083 2457 1148 continebatqui
2473 1084 2677 1142 habitat
2701 1086 2754 1139 in
2774 1086 2952 1140 crelis.
2974 1084 3098 1140 ideo
3119 1085 3385 1140 Dominus
3405 1083 3533 1139 alibi
3553 1085 3642 1139 di-

343 1177 363 1208 c
409 1158 612 1213 Ἐλθὼν
662 1164 793 1234 γὰρ,
831 1168 988 1236 φησὶ,
1045 1172 1369 1241 κατῴκησεν
1407 1173 1489 1236 εἰς
1535 1175 1907 1242 Καπερναουμ

2030 1175 2098 1230 cii
2128 1188 2183 1224 τι
2198 1175 2261 1229 Et
2277 1185 2351 1239 tu,
2371 1176 2780 1244 Capharnaum,
2800 1193 2972 1246 usque
2987 1177 3050 1230 ad
3073 1176 3271 1232 cmlum
3287 1176 3598 1232 esaltata".
3613 1193 3631 1226 ι

336 1253 439 1321 τὴν
469 1257 966 1325 παραθαλασσίαν
1009 1283 1028 1317 ι
1063 1264 1096 1332 ή
1133 1265 1189 1319 δὲ
1239 1266 1410 1322 αὑτοῦ
1461 1268 1767 1336 τηνικαῦτα
1808 1267 2067 1322 κατοικία
2131 1270 2224 1324 τὸν
2266 1271 2500 1337 οὐρανὸν
2553 1271 2842 1340 ὑπέγραφε
2892 1271 3136 1334 πάντως,
3191 1271 3250 1324 ὲν
3319 1271 3486 1340 ἑαυτῇ
3538 1267 3637 1336 φέ-

341 1364 510 1417 ρουσα
548 1350 642 1404 τὸν
675 1355 1039 1410 κατοικοῦντα
1070 1360 1128 1411 ὲν
1159 1363 1268 1423 τοῖς
1302 1363 1581 1431 οὐρανοῖς.
1645 1363 1738 1415 Διὸ
1769 1364 1867 1415 καὶ
1895 1364 1923 1415 ὁ
1963 1362 2173 1432 Κύριος
2212 1362 2448 1433 ἀλλαχοῦ
2471 1379 2486 1394 ·
2526 1383 2545 1416 ‹
2579 1365 2689 1418 Καὶ
2726 1364 2814 1430 σὺ,
2867 1365 3272 1434 Καπερναοῦμ,
3344 1351 3534 1434 φησιν,
3598 1363 3632 1436 ἦ

337 1443 446 1504 ἕως
471 1443 564 1496 τοῦ
593 1445 828 1516 ούρανοῦ
864 1449 1164 1514 ὑψωθεῖσα.
1205 1473 1222 1504 ι

417 1537 508 1601 Ὠς
528 1531 622 1591 οὑν
647 1540 712 1592 ἑκ
741 1543 838 1610 τῆς
865 1541 1046 1604 οἰκίας
1069 1543 1310 1615 ἐκείνης,
1336 1544 1482 1600 οὕτω
1506 1546 1594 1600 διὰ
1614 1547 1710 1602 τοῦ
1738 1549 1924 1618 σάρκα

335 1629 526 1683 λαϐεῖν
555 1633 581 1684 ὁ
605 1631 812 1701 Κύριος
841 1630 1075 1697 ἐξελθὼν
1102 1637 1162 1703 ἐξ
1183 1638 1440 1709 ούρανοῦ,
1476 1640 1748 1710 παράγων
1776 1641 1923 1694 ἐκεί-

334 1720 450 1783 θεν,
484 1722 535 1776 εἰ
567 1722 668 1790 μὲν
696 1722 795 1793 τὴν
825 1723 885 1789 ἐξ
907 1726 1143 1799 ούρανοῦ
1178 1733 1396 1800 νοήσεις
1445 1729 1647 1796 ἔξοδον,
1689 1730 1817 1795 τούς
1861 1750 1921 1787 τε

249 1806 257 1813 ’
334 1816 668 1879 ἀποστόλους
697 1818 954 1887 εὑρήσεις
1015 1821 1406 1891 ἐκλεξάμενον,
1443 1826 1669 1896 καὶτῆς
1700 1826 1920 1896 φύσεως

2104 1540 2260 1598 Sicut
2293 1557 2424 1612 ergo
2460 1559 2526 1599 ex
2561 1545 2662 1600 hac
2712 1547 2880 1600 domo
2913 1544 3104 1611 exivit,
3137 1543 3217 1598 sic
3249 1557 3346 1612 per
3377 1543 3634 1598 incarna-

2028 1636 2235 1692 tionem
2269 1651 2300 1693 e
2332 1638 2491 1694 caelis
2520 1640 2712 1694 exiens
2741 1637 3032 1702 Dominus,
3087 1637 3364 1693 transiens
3400 1637 3549 1700 inde,
3582 1639 3628 1693 si

2025 1746 2057 1786 e
2087 1733 2228 1788 coelo
2261 1733 2524 1802 intelligis
2557 1749 2866 1801 egressum,
2905 1742 2961 1788 et
3012 1734 3292 1800 apostolos
3334 1732 3626 1801 eligentem

2023 1833 2080 1878 et
2113 1836 2323 1881 natura:
2383 1835 2587 1881 nostrai
2646 1823 2712 1880 ad
2767 1826 3142 1895 impuritatcm
3203 1823 3626 1878 inclinationem

333 1907 495 1977 ήμῶν
525 1909 627 1978 τὴν
664 1912 800 1985 πρὸς
849 1912 1196 1984 ἀκαθαρσίαν
1221 1917 1380 1986 ῥύσιν
1422 1919 1738 1987 ἰασάμενοψ
1782 1921 1830 1972 εἱ
1862 1921 1907 1973 δέ

2027 1917 2266 1983 reperies
2298 1929 2608 1973 sanantem.
2636 1918 2693 1973 Si
2726 1928 2906 1973 autem
2943 1935 3009 1973 ex
3034 1918 3197 1973 dmno
3227 1918 3621 1987 Capharnaum

331 2001 398 2053 ἐκ
422 2001 524 2068 τῆς
556 2001 614 2054 ὲν
639 2004 703 2072 τῇ
737 2003 1121 2076 Καπερναοὺμ
1153 2007 1334 2071 οἰκίας
1377 2007 1569 2063 τοῦτον
1600 2009 1922 2077 παράγοντα

332 2095 573 2160 νοήσεις,
601 2093 860 2166 εὑρήσεις
911 2096 1076 2151 αὑτὸν
1114 2099 1183 2152 τὰ
1218 2101 1601 2172 προειρημένα
1639 2103 1706 2157 δι’
1745 2101 1924 2173 ἔργων

331 2185 715 2252 ύποδείξαντα·
764 2191 857 2244 τόν
889 2209 949 2245 τε
997 2194 1107 2262 γὰρ
1162 2195 1447 2251 Ματθατον
1489 2199 1570 2261 είς
1622 2199 1924 2253 ἀπόστολον

330 2275 397 2326 ἐκ
422 2273 657 2330 τελώνου
680 2277 801 2331 τότε
829 2284 1227 2348 μετεσκεύασε,
1260 2288 1354 2339 καὶ
1387 2286 1487 2357 τὴν
1515 2289 1920 2360 αἱμοῤῥοοῦσαν

334 2369 526 2422 ἰάσατο
555 2371 611 2422 ἐν
641 2371 719 2440 τῷ
747 2374 1042 2445 παράγειν.
1076 2376 1239 2431 Ἀλλά
1271 2379 1369 2432 καὶ
1402 2381 1562 2449 μέχρι
1596 2381 1693 2450 τῆς
1727 2381 1922 2437 θανούο

332 2478 437 2530 σης
467 2463 560 2516 τοῦ
606 2464 838 2535 Ἰαείρου
891 2468 1084 2531 παιδὸς
1119 2470 1312 2535 ἐλθὼν,
1368 2471 1466 2525 καὶ
1511 2471 1601 2526 διὰ
1648 2473 1744 2527 τοῦ
1779 2475 1919 2536 ζωο-

329 2555 557 2623 ποιῆσαι
604 2557 805 2627 τούτην
846 2561 1080 2631 νικητὴν
1117 2558 1258 2616 εἰναι
1296 2563 1393 2618 τοῦ
1448 2563 1684 2620 Θανάτου
1737 2566 1918 2634 δείξας

327 2648 545 2716 ἑαυτὸν,
587 2652 950 2724 ἐπανέρχεται
987 2656 1156 2710 πάλιν
1188 2656 1312 2711 ὅθεν
1352 2657 1599 2728 ἐξῆλθεν.
1651 2660 1919 2728 Ἐπανερ-

327 2743 559 2811 κόειενος
614 2743 729 2808 οὖν,
790 2747 885 2800 καὶ
922 2750 1191 2818 παράγων
1244 2747 1401 2813 αὖθις
1438 2752 1672 2815 ἐκεῖθεν,
1708 2753 1915 2821 ἀνοίγει

325 2838 434 2890 τῶν
485 2836 974 2902 ἀκολουθησάντων
1023 2842 1232 2895 τούτων
1260 2843 1482 2912 τυφλῶν
1524 2844 1595 2898 τὰ
1650 2845 1912 2914 ὄμματα,

323 2931 400 2993 ὡς
427 2932 523 2984 καὶ
550 2931 710 3003 μέχρι
734 2932 969 2987 Θανάτου
991 2935 1237 2998 καταϐάς
1256 2936 1439 3000 αὐτὸς,
1462 2937 1556 2990 καί
1583 2938 1651 2991 δι’
1675 2938 1916 3012 ἀναστά-

325 3041 467 3086 σεως
498 3023 706 3087 οἰκείας
734 3024 829 3079 τοῦ
882 3025 1117 3082 θανάτου
1170 3029 1534 3099 καταργήσας
1579 3030 1640 3082 τὸ
1688 3031 1913 3098 κράτος,

321 3115 618 3184 ἐπανάγων
669 3116 829 3181 αὖθις
883 3119 978 3172 καὶ
1033 3121 1307 3190 παράγων
1371 3122 1619 3187 ἐκεῖθεν,
1675 3123 1912 3190 διήνοιξε

323 3209 470 3262 κατά
501 3207 563 3262 τὸ
588 3209 976 3279 γεγραμμένον
1006 3209 1100 3266 τὸν
1143 3211 1270 3264 νοῦν
1303 3212 1416 3266 τῶν
1446 3211 1612 3281 αὑτοῦ
1647 3212 1910 3281 μαθητῶν

2024 2017 2313 2064 exeuntem
2363 2010 2728 2074 intellexeris,
2766 2012 2912 2065 hunc
2968 2025 3064 2079 per
3099 2025 3262 2080 opera
3321 2013 3481 2065 verba
3525 2025 3623 2065 sua

2025 2102 2441 2157 confirmantem
2505 2104 2772 2158 invenies.
2823 2103 3137 2157 Matthzeum
3191 2103 3337 2157 enim
3385 2113 3515 2158 tunc
3551 2117 3621 2159 ex

2023 2191 2226 2246 telonio
2278 2207 2532 2248 vocatum
2585 2193 2688 2247 sibi
2739 2193 2793 2248 in
2845 2193 3157 2263 apostolum
3215 2192 3510 2261 aequisivit
3564 2202 3623 2248 et

2023 2285 2357 2339 transeundo
2385 2285 2864 2340 lizeiuorrlioissam
2899 2286 3134 2339 sanavit.
3163 2283 3224 2338 Et
3251 2285 3509 2354 usquead
3537 2300 3625 2340 rc-

2021 2378 2418 2431 surrectionem
2477 2377 2602 2432 lilia:
2652 2378 2784 2432 Jairi
2819 2378 3066 2444 veniens,
3104 2393 3229 2432 cum
3276 2393 3372 2447 per
3409 2379 3511 2432 iioc
3547 2379 3623 2432 si—

2020 2484 2188 2537 gnum
2234 2484 2293 2524 se
2343 2485 2468 2524 csse
2517 2471 2711 2526 mortis
2760 2471 3022 2524 victorem
3056 2469 3417 2535 ostendisset,
3486 2470 3620 2528 illuc

2022 2563 2165 2616 unde
2210 2572 2439 2616 venerat
2480 2563 2797 2617 revertitur.
2857 2562 3135 2618 Reversus
3180 2577 3312 2632 ergo
3341 2571 3394 2618 et
3423 2576 3622 2624 rursnl

2018 2655 2143 2710 inde
2193 2656 2509 2722 transiens,
2569 2656 2763 2710 oculos
2828 2655 3026 2710 borum
3082 2659 3258 2724 aperit
3316 2671 3617 2723 caecorum,

2017 2746 2110 2815 qni
2176 2763 2355 2816 ipsum
2421 2749 2830 2817 sequebantur;
2913 2749 3132 2802 tandem
3205 2757 3257 2803 et
3319 2764 3434 2819 Ipse
3488 2764 3616 2805 cum

2018 2839 2072 2891 in
2126 2848 2358 2893 mortem
2412 2839 2794 2894 descendisset
2847 2847 2902 2893 et
2943 2855 3039 2908 per
3087 2840 3367 2910 prepriam
3425 2857 3616 2895 resur-

2017 2932 2314 2986 rectionem
2343 2932 2534 2987 mortis
2576 2931 2902 2992 abolmsset,
2957 2933 3266 3001 imperium,
3308 2935 3615 2991 ascendens

2016 3036 2213 3077 rursus
2251 3030 2305 3076 et
2350 3023 2650 3088 transiens,
2696 3025 2834 3096 inde
2871 3023 3120 3090 aperuit,
3172 3024 3316 3077 sicut
3345 3024 3614 3093 scriptum

2016 3122 2125 3178 est,
2160 3121 2398 3168 mentem
2433 3113 2824 3181 discipulorum
2857 3128 3105 3178 suorum,
3155 3123 3213 3168 iit
3246 3115 3616 3186 intelligerent

2015 3204 2331 3274 Scripturas
2380 3208 2480 3274 lpSi
2517 3215 2700 3259 autem
2725 3219 2995 3261 exeuntes
3026 3206 3452 3275 pradicaverunt
3481 3221 3611 3263 eum

318 3302 416 3356 τοῦ
449 3306 687 3356 συνιέναι
717 3301 818 3366 τάς
848 3303 1090 3374 Γραφάς.
1125 3306 1189 3358 Οἰ
1239 3304 1296 3358 δὲ
1332 3279 1662 3372 ὲξελθάντες,
1704 3279 1907 3374 ὲκήρυ·

2017 3299 2068 3352 in
2103 3301 2357 3351 universa
2399 3311 2566 3360 terra,
2604 3299 2741 3352 sicut
2779 3311 2832 3355 et
2875 3298 2944 3355 de
2977 3301 3138 3355 caecis
3172 3301 3380 3356 sanatis
3421 3309 3614 3359 narrat

320 3394 418 3459 ξαν
447 3393 608 3445 αὑτὸν
644 3394 921 3463 πανταχοῦ
945 3397 1050 3464 τῆς
1084 3398 1210 3466 γῆς,
1249 3398 1325 3462 ὡς
1353 3401 1448 3451 καὶ
1476 3399 1606 3468 περί
1634 3399 1746 3451 τῶν
1784 3402 1915 3452 ἀνα-

319 3489 637 3557 6λεψάντων
669 3488 764 3544 νῦν
795 3490 1013 3560 τυφλῶν
1048 3493 1075 3544 ὁ
1124 3492 1526 3566 εύαγγελιστής
1565 3511 1755 3564 φησιν,
1801 3493 1908 3547 δτι·

328 3583 700 3648 «Ἐξελθόντες
719 3585 1054 3656 διεφήμισαν
1079 3585 1242 3640 αὐτὸν
1265 3586 1321 3638 ὲν
1339 3586 1438 3658 ὅλῃ
1462 3588 1528 3660 τῇ
1564 3588 1634 3657 γῇ
1666 3587 1869 3656 ἐκείνῃ.
1887 3602 1905 3635 ι

337 3677 530 3745 Ὁρᾶτε
558 3676 702 3745 σαφῆ
736 3675 835 3747 τὴν
869 3675 1202 3748 ὑπογραφὴν
1231 3677 1326 3746 τῆς
1361 3675 1691 3748 θεανδρικῆς
1723 3675 1911 3746 σχεδὸν

330 3769 630 3840 οἰκονομίας
663 3771 845 3840 πάσης
899 3770 957 3824 ἐν
1007 3773 1073 3841 τῇ
1129 3771 1342 3844 ἱστορίᾳ
1371 3770 1585 3840 ταύτῃ;
1622 3770 1720 3822 Διά
1750 3768 1911 3822 τοῦτο

331 3861 425 3915 καὶ
451 3861 524 3927 δὶς
552 3862 772 3934 εἴρηται
805 3861 1197 3934 τδ,’ῐ1αράγων
1225 3862 1464 3930 ἐκεῖθεν,
1490 3864 1578 3918 ἵνα
1598 3861 1697 3932 τὴν
1728 3862 1908 3926 ἔξοδον

321 3958 416 4010 καὶ
438 3958 539 4026 τὴν
569 3957 832 4012 ὲπάνοδον
860 3957 1027 4012 αὑτοῦ
1059 3958 1516 4032 κατανοήσωμενο
1553 3957 1695 4010 κατὰ
1728 3956 1907 4025 μίμη-

316 4069 404 4104 σιν
440 4052 549 4121 γὰρ
575 4049 781 4120 ταύτης
809 4051 910 4121 τῆς
956 4051 1141 4119 ἐξόδου
1176 4069 1235 4106 τε
1291 4051 1387 4106 καὶ
1431 4049 1693 4106 ἐπανόδου
1746 4052 1842 4103 καί¹
1876 4050 1904 4105 ὁ

315 4146 500 4216 ἱερεὺς
523 4145 681 4212 ἐξιὼν
707 4144 802 4199 τοῦ
828 4145 978 4199 θείου
1005 4144 1270 4215 βήματος,
1292 4146 1385 4202 καὶ
1411 4146 1574 4216 μέχρι
1597 4143 1711 4197 τῶν
1734 4143 1901 4214 ἐσχά-

310 4257 425 4293 των
457 4239 683 4302 κατιὼν,
732 4237 974 4292 ἐπανιὼν
1030 4238 1194 4293 πάλιν
1238 4237 1362 4292 ὅθεν
1409 4235 1637 4306 ἐξῆλθεν
1691 4237 1902 4290 ἀποκα-

314 4335 591 4390 θίσταται.
622 4327 1056 4404 Παράγοντιοῦν
1096 4332 1154 4386 ἐν
1192 4334 1258 4404 τῇ
1308 4331 1559 4401 ὲπανόδῳ
1596 4328 1674 4398 τῷ
1703 4331 1899 4402 Κυρίῳ

307 4424 690 4496 ἠκολούθησαν
714 4424 862 4494 αύτῷ
897 4423 993 4478 δύο
1021 4426 1236 4494 τυφλοί·
1266 4424 1396 4486 τοὺς
1445 4422 1539 4475 δύο
1569 4422 1737 4484 λαοὺς
1766 4423 1900 4476 ὑπο-

310 4518 640 4588 γράφοντες,
681 4517 774 4572 τόν
815 4535 878 4571 τε
913 4517 972 4582 ἐξ
1017 4517 1292 4570 Ἰουδαίων
1343 4516 1442 4570 καὶ
1487 4516 1580 4570 τὸν
1613 4515 1670 4582 ἐξ
1703 4513 1894 4570 ἐθνῶν.

313 4608 590 4678 Ἐκραζον
621 4611 677 4666 δὲ
703 4612 956 4680 λέγοντες
983 4629 996 4646 ·
1038 4611 1296 4680 Ἐλέησον
1331 4610 1502 4680 ἡμᾶς,
1553 4609 1636 4663 υἱὲ
1690 4609 1892 4663 Δαϐἰδ·
1927 4644 1975 4704 D

308 4705 620 4768 δεικνύντες
689 4705 855 4759 αὑτὸν
906 4701 1047 4759 εἶναι
1105 4705 1197 4758 τὸν
1252 4702 1739 4774 προφητευόμενον
1792 4703 1890 4756 καὶ

311 4795 787 4870 προσδοκώμενον.
826 4797 886 4851 '0
913 4799 970 4852 δὲ
1002 4797 1204 4868 Κύριος
1227 4795 1366 4868 ὁμοῦ
1402 4795 1500 4850 καὶ
1525 4795 1624 4867 τὴν
1648 4795 1895 4866 ὑπογρα-

310 4890 418 4960 φὴν
436 4890 535 4960 τῆς
560 4890 769 4953 οἰκείας
800 4889 1114 4958 οἰκονομίας
1138 4889 1383 4959 πληρῶν,
1414 4889 1508 4943 καὶ
1539 4889 1651 4942 τῶν
1672 4889 1893 4960 τυφλῶν

306 4977 408 5046 τὴν
437 4979 620 5030 πίστιν
649 4977 944 5048 γυμνάζων
972 4977 1006 5048 ἦ
1038 4978 1134 5031 καὶ
1179 4976 1455 5048 φανερῶν,
1493 4977 1764 5048 παρέλκει
1795 4977 1893 5031 αύ-

304 5070 434 5132 τοὺς
468 5069 637 5136 σιγῶν
663 5072 825 5141 μέχρι
872 5073 967 5124 τοὺ
997 5070 1262 5125 εἰσελθεῖν
1299 5071 1380 5134 εἰς
1415 5070 1515 5141 τὴν
1555 5069 1758 5135 οἰκίαν,
1793 5070 1890 5140 ἀφ’

302 5153 372 5231 ἧς
401 5159 596 5230 ἐξῆλθε
628 5161 724 5230 τὴν
753 5163 948 5232 ἀρχήν.
981 5159 1140 5230 170
1169 5155 1301 5213 Εἶτα
1323 5158 1472 5226 λέγει
1501 5159 1636 5228 πρὸς
1667 5160 1887 5224 αὑτούς·

310 5271 329 5304 ι
357 5253 650 5332 Πιστεύετε
683 5255 767 5308 ὅτι
813 5255 1052 5324 δύναμαι
1097 5254 1256 5308 τοῦτο
1291 5255 1555 5323 ποιήσαις
1606 5256 1655 5309 oi
1703 5254 1763 5309 δὲ
1798 5255 1890 5309 λέ-

301 5363 495 5415 γουσιν
524 5346 694 5418 αὐτῷ’
725 5348 854 5414 Ναὶ,
887 5347 1083 5418 Κύριε.
1122 5365 1142 5400 ι
1179 5349 1295 5402 Οὐκ
1336 5347 1550 5416 ἀγνοῶν
1582 5347 1638 5401 δὲ
1683 5348 1886 5419 ἐρωτᾷ,

300 5439 420 5493 ἀλλ’
456 5439 549 5496 ἵνα
585 5443 700 5506 τοίς
757 5440 1016 5510 ἀγνοοῦσι
1070 5440 1315 5512 φανερὰν
1350 5438 1450 5510 τὴν
1503 5439 1614 5494 τῶν
1667 5441 1890 5508 τυφλῶν

305 5535 510 5606 ποιήσῃ
539 5533 749 5590 πίστιν.
781 5535 873 5587 Διὸ
897 5534 996 5588 καὶ
1025 5533 1303 5605 ἁψάμενος
1332 5533 1437 5586 τῶν
1463 5533 1760 5603 ὀφθαλμῶν
1791 5533 1890 5587 αὐ-

298 5627 413 5680 τῶν
443 5628 714 5698 ἐπήγαγε·
758 5645 778 5681 ι
807 5627 967 5682 Κατὰ
1013 5629 1114 5696 τὴν
1161 5628 1351 5682 πίστιν
1407 5627 1562 5696 ὑμῶν
1593 5627 1888 5698 γενηθήτω

302 5719 457 5789 ὑμῖν,
487 5719 584 5773 καὶ
619 5719 978 5792 ἀνεῴχθησαν
1011 5720 1195 5774 αὐτῶν
1227 5719 1279 5774 οἰ
1325 5718 1598 5791 ὀφθαλμοί
1625 5733 1639 5748 ·
1672 5737 1692 5772 ›
1739 5736 1887 5794 μαρ-

2017 3393 2354 3461 evangelista
2399 3411 2409 3445 :
2451 3411 2471 3444 ι
2508 3392 2588 3448 Illi
2643 3403 2825 3448 autem
2868 3405 3133 3448 exeuntes
3187 3393 3614 3452 diii‘amaveruut

2016 3501 2142 3542 eum
2188 3504 2243 3541 ιιι
2287 3497 2398 3542 tota
2451 3497 2595 3543 terra
2641 3489 2734 3543 illa
2765 3489 2835 3542 ".
2872 3507 2890 3540 ι
2928 3488 3123 3542 Annon
3175 3487 3373 3542 videtis
3430 3491 3612 3545 omnis

2017 3577 2127 3633 fere
2177 3578 2364 3634 divino
2399 3579 2656 3635 humanae
2687 3580 3119 3651 dispensationis
3180 3570 3608 3649 descriptionem

2013 3673 2066 3727 in
2091 3681 2276 3727 nostra
2303 3674 2532 3728 historia
2554 3675 2580 3728 ‘I
2612 3675 2703 3729 Bis
2733 3674 2940 3728 dictum
2976 3682 3064 3729 est
3097 3692 3111 3729 :
3150 3673 3452 3728 Transiens
3478 3673 3608 3728 inde

2013 3775 2071 3820 ut
2099 3767 2307 3819 exitum
2337 3765 2688 3834 reditumque
2725 3765 2845 3834 ejus
2887 3765 3284 3834 intelligamus.
3331 3763 3408 3816 Ad
3439 3765 3608 3831 hujus

2010 3857 2190 3910 instar
2267 3857 2449 3911 exitus
2505 3856 2828 3924 reditusque
2860 3855 3141 3911 ‘saccrdos
3175 3869 3205 3910 e
3244 3855 3429 3909 divina
3474 3857 3608 3909 sede

2008 3950 2348 4004 descendens
2400 3965 2577 4019 usque
2615 3950 2683 4004 ad
2733 3950 2876 4003 imos
2907 3949 3112 4019 gradus
3165 3963 3360 4002 rursus
3409 3963 3608 4003 ascen-

2006 4039 2142 4096 dens
2168 4041 2296 4094 illuc
2325 4041 2452 4095 inde
2482 4051 2705 4096 venerat
2736 4041 3005 4096 consedit.
3034 4040 3434 4094 Trauseuntem
3463 4053 3596 4109 ergo

2007 4133 2060 4187 in
2099 4132 2275 4188 reditu
2310 4133 2599 4189 Dominum
2625 4131 2800 4189 secuti
2836 4141 2964 4188 sunt
2992 4132 3101 4185 duo
3131 4132 3299 4199 caeci;
3333 4132 3436 4202 ipsi
3474 4137 3608 4187 sunt

2003 4231 2112 4282 duo
2154 4227 2361 4298 populi,
2393 4225 2565 4283 Judaei
2601 4229 2815 4283 scilicet
2845 4239 2900 4283 et
2947 4239 3166 4299 gentes.
3213 4227 3480 4281 Dominus
3505 4241 3608 4281 au-

2004 4329 2109 4376 tem
2153 4328 2205 4374 et
2246 4322 2520 4390 propriam
2568 4338 2725 4376 suam
2764 4323 3132 4377 oeconomiam
3178 4329 3513 4381 monstrans.
3548 4329 3605 4376 et

2003 4426 2274 4468 caecorum
2329 4413 2488 4466 [idem
2534 4414 2782 4468 revelans
2829 4423 2883 4468 et
2921 4413 3242 4473 ostendens,
3278 4427 3377 4467 eos
3424 4427 3603 4483 usque

2000 4504 2068 4560 ad
2086 4504 2333 4570 domum,
2359 4505 2503 4558 unde
2520 4505 2698 4573 primo
2719 4505 2953 4567 exierat,
2986 4505 3154 4558 silens
3179 4505 3369 4560 traliit.
3391 4505 3600 4561 Deinde

2003 4599 2136 4652 dicit
2166 4599 2247 4654 eis
2282 4615 2298 4652 :
2337 4615 2354 4648 t
2401 4596 2639 4652 Creditis
2665 4598 2794 4667 quia
2855 4598 2959 4652 hoc
3009 4611 3235 4666 possum
3294 4598 3475 4652 facere
3503 4613 3600 4651 vo.

2003 4690 2125 4746 bis?
2184 4688 2383 4745 Dicunt
2416 4689 2466 4745 ei
2500 4708 2515 4745 :
2545 4688 2764 4760 Utique,
2829 4689 3060 4744 Domine
3099 4689 3165 4744 ⁸⁸.
3211 4708 3230 4740 ι
3268 4688 3384 4744 Νοη
3437 4691 3594 4759 quasi

2003 4785 2266 4856 ignorans
2314 4783 2639 4852 interrogat,
2684 4793 2741 4837 ut
2775 4777 2958 4838 autem
2996 4783 3382 4853 ignorantibus
3432 4785 3595 4838 ﬁdem

2000 4889 2275 4930 caecorum
2297 4873 2529 4937 revelet;
2564 4874 2687 4928 ideo
2709 4889 2834 4928 cum
2867 4876 3350 4941 tctigissetoculos
3375 4890 3596 4939 «rerum,

1999 4967 2252 5023 addidit:
2295 4984 2314 5019 ι
2354 4966 2668 5024 Secundum
2710 4967 2870 5023 iidem
2922 4976 3162 5024 vestram
3197 4969 3287 5024 tiat
3324 4970 3502 5024 vobis.
3533 4968 3598 5024 Et

2003 5062 2180 5131 aperti
2225 5069 2356 5117 sunt
2387 5061 2531 5117 oculi
2562 5078 2755 5117 eorum
2799 5062 3161 5117 testificantes
3191 5078 3251 5117 se
3291 5061 3597 5116 credidisse

2002 5157 2422 5227 indicantesque
2471 5157 2654 5228 qualis
2699 5164 2848 5213 esset
2901 5157 2956 5212 in
3019 5172 3182 5227 quem
3216 5159 3593 5220 crediderunt,

2001 5251 2146 5306 Deus
2208 5251 2420 5306 scilicet
2465 5260 2521 5307 et
2575 5251 2761 5305 homo.
2804 5249 2874 5305 Ut
2916 5251 3082 5305 homo
3141 5251 3290 5335 enim
3340 5260 3393 5304 et
3444 5249 3592 5306 tliius

2002 5343 2173 5399 David
2206 5352 2327 5400 erat
2357 5351 2413 5398 et
2443 5343 2680 5413 propriis
2715 5343 2970 5398 manibus
3004 5343 3198 5398 ecutos
3230 5357 3422 5398 eorum
3463 5343 3592 5396 teti-

1997 5439 2075 5510 git
2102 5447 2155 5494 et
2182 5438 2517 5494 sensibiliter
2555 5438 2771 5492 locutus
2804 5447 2923 5503 est;
2962 5446 3020 5491 ut
3044 5438 3188 5492 Deus
3214 5447 3394 5490 autem
3424 5445 3478 5487 et
3506 5434 3561 5489 lu

1998 5532 2165 5588 minis
2205 5539 2418 5596 auctor,
2467 5532 2628 5587 caecis
2677 5531 2856 5587 oculis
2909 5530 3096 5586 lumen
3156 5528 3416 5584 reddidit.
3450 5529 3590 5584 Cum

1995 5613 2126 5695 ergo
2152 5625 2220 5679 ab
2252 5625 2530 5692 omnibus,
2569 5639 2599 5680 a
2623 5623 2823 5694 quibus
2857 5636 3082 5678 necesse
3112 5630 3232 5676 erat
3267 5622 3415 5675 visus
3447 5618 3590 5675 fuis-

1997 5731 2101 5788 set,
2133 5719 2186 5775 id
2217 5727 2302 5777 est
2332 5731 2458 5792 post.
2502 5719 2817 5790 passionem
2849 5731 3008 5775 suam
3039 5725 3094 5774 et
3119 5714 3587 5774 resurrectionem

374 5897 874 5970 "Matth.1v,t3.
950 5900 997 5935 η
1035 5898 1169 5961 Luc.
1207 5920 1260 5976 χ,
1303 5902 1390 5961 is.
1468 5875 1954 5973 "Matth.ix,5l.
2033 5899 2534 5970 '°Mattli.ix,28.
