4014 6430
298 368 408 431 385

1664 370 2000 433 HOMILIA
2038 372 2226 432 XXX.

3462 376 3570 443 386

295 480 416 535 ἀλλ’
446 479 497 535 οῖ
528 481 753 547 ποιηταὶ
788 478 883 533 τοῦ
938 482 1102 552 νόμου
1157 481 1663 556 δικαιωθήσονται·
1703 503 1721 535 ι
1762 481 1879 548 καὶ,
1929 499 1948 533 ι
1990 481 2110 544 Ὃς,
2144 479 2334 550 φησὶν,
2365 478 2421 533 ἐν
2448 477 2598 551 νόμῳ
2664 481 2969 553 καυχᾶσαι,
3014 480 3106 537 διὰ
3174 483 3275 556 τῆς
3315 485 3573 557 παραδά-

296 587 439 635 σεως
473 569 569 625 τοῦ
604 576 771 633 νόμου
806 576 897 628 τὸν
925 575 1057 627 Θεὸν
1088 575 1404 644 ἀτιμάζεις.
1442 596 1462 630 t

371 665 643 738 Καθάπερ
679 667 755 728 δὲ,
793 667 1034 736 ἀδελφοὶ,
1064 668 1202 738 πρὸς
1249 670 1377 734 τοὺς
1422 670 1711 736 Ἰουδαίους
1760 670 1864 723 ἕλες

2060 666 2217 724 Sicut
2244 681 2396 736 ergo,
2430 666 2651 734 fratres,
2686 650 2745 721 υἰ
2776 667 2913 721 dixit
2946 666 3148 721 Paulus
3200 664 3268 721 ad
3313 663 3569 720 Iudaeos:

301 775 396 827 γεν
428 758 594 822 αὐτὸς
640 761 669 812 ό
713 759 948 825 Παῦλος,
977 761 1096 814 δτιο
1137 780 1154 813 ι
1186 762 1467 833 Περιτομὴ
1509 762 1732 830 ὠφελεῖ,
1784 764 1879 819 ὶὰν

300 854 466 922 νόμον
506 851 792 924 πράττῃς’
850 854 946 906 ἐὰν
1001 853 1056 907 δὲ
1102 856 1434 926 παραϐάτης
1484 858 1654 927 νόμον
1700 853 1802 930 ᾖς,
1843 859 1877 927 ὴ

301 948 579 1016 περιτομή
618 963 712 999 σου
754 946 1093 1016 ἀκροϐυστία
1146 948 1394 1016 γέγονεν·
1434 969 1453 1003 ι
1506 948 1681 1013 οὕτως
1727 952 1880 1005 οὐδὲν

298 1039 508 1109 ἀπᾷδον
547 1039 685 1112 πρὸς
712 1040 858 1109 ὑμᾶς
908 1043 1102 1104 εἰπεῖν,
1157 1042 1240 1095 ὃτι
1287 1043 1473 1105 πίστις
1504 1043 1742 1114 ὠφελεῖ,
1782 1047 1879 1103 ἐὰν

302 1133 444 1183 κατὰ
480 1132 789 1199 συνείδησιν
838 1132 1192 1203 πολιτεύηταί
1238 1152 1347 1201 τις,
1400 1135 1499 1189 καὶ
1528 1138 1879 1212 ἁνακαθαίρῃ

297 1222 491 1276 ἑαυτὸν
545 1223 614 1277 δι’
642 1222 1092 1297 ἐξομολογήσεως
1128 1228 1224 1281 καὶ
1279 1228 1594 1297 μετανοίας,
1646 1232 1743 1283 καὶ
1778 1232 1878 1294 τὰς

297 1317 593 1387 συνθήκας,
625 1316 690 1380 ἃς
713 1320 1007 1387 ἐποιήσατο
1036 1319 1173 1390 πρὸς
1206 1320 1296 1374 τὸν
1323 1320 1457 1374 Θεὸν
1485 1321 1578 1373 ἐπὶ
1607 1321 1703 1374 τοῦ
1730 1322 1877 1375 θείου

300 1411 700 1482 βαπτίσματος,
732 1413 815 1475 είς
860 1412 1023 1483 ἔργον
1072 1414 1330 1485 προάγῃο
1364 1417 1460 1470 ἐὰν
1503 1416 1559 1468 δὲ
1594 1419 1658 1489 τῇ
1701 1433 1879 1470 συνει-

294 1504 450 1573 δήσει
473 1504 696 1577 ἀπειθῇ,
737 1506 835 1558 καὶ
886 1509 985 1571 τὰς
1042 1507 1321 1577 συνθήκας
1369 1506 1562 1580 seem,
1604 1510 1637 1574 ἡ
1680 1509 1875 1563 τούτου

294 1596 482 1661 πίστις
514 1597 748 1652 ἀπιστία
776 1598 1011 1666 γίνεταιο
1049 1599 1167 1661 πῶς
1215 1600 1325 1670 γὰρ
1353 1600 1766 1671 ἐπιστεύσαμεν
1793 1602 1876 1656 ὅτι

297 1689 661 1759 σωθησόμεθα
693 1689 1087 1758 βαπτισθέντες
1113 1710 1130 1754 ;
1164 1692 1390 1755 Πάντως
1424 1693 1507 1746 ὅτι
1534 1692 1628 1746 τοῦ
1667 1695 1875 1764 Κυρίου

293 1782 609 1859 ήκρύσαμεν
639 1782 909 1846 εἰπόντος·
943 1801 961 1833 ι
1001 1781 1061 1836 '0
1091 1781 1391 1845 πιστεύσας
1420 1784 1518 1838 καὶ
1551 1783 1876 1855 βαπτισθεὶς

296 1874 626 1943 σωθήσεται·
656 1877 682 1927 ό
715 1874 770 1926 δὲ
808 1874 1120 1944 ἀπιστήσας
1149 1875 1674 1946 κατακριθήσεται.ι
1722 1879 1876 1933 Ἐπεὶ

286 1968 472 2020 τοίνυν
504 1968 709 2029 ἐκεῖνος
730 1966 1020 2036 ἀμφότερα
1043 1967 1220 2021 ταῦτα
1243 1963 1399 2021 εἶπεν
1428 1971 1459 2040 ή
1484 1969 1870 2040 αὐτοαλήθεια,

1994 778 2014 812 ι
2041 760 2407 815 Circumcisio
2436 759 2658 829 quidem
2691 760 2936 830 prodest,
2974 760 3019 814 si
3057 760 3231 829 legem
3264 759 3568 826 observes;

1986 850 2034 907 si
2080 862 2262 906 autem
2300 851 2688 922 prarvaricator
2729 852 2863 921 legis
2917 852 3013 918 sis,
3070 852 3418 907 circumcisio
3474 860 3571 906 tua

1983 944 2308 1014 praeputium
2360 943 2503 998 facta
2538 954 2625 999 est
2652 944 2734 1009 ⁶⁶;
2777 962 2795 996 ›
2848 945 2930 999 sie
2977 956 3029 998 et
3070 960 3169 999 nos
3219 945 3402 999 dicere
3444 959 3573 1013 pos-

1982 1052 2176 1092 sumus
2205 1037 2352 1106 quod
2404 1036 2543 1091 ﬁdes
2583 1038 2806 1106 prodest
2836 1036 2882 1091 si
2930 1042 3056 1105 quis
3102 1030 3405 1091 secundum
3433 1050 3569 1089 ροη-

1982 1131 2273 1188 scientiam
2304 1132 2469 1193 vivat,
2510 1130 2750 1199 seips‘um
2791 1145 2887 1198 per
2921 1129 3327 1184 confessionem
3361 1139 3412 1182 et
3453 1144 3571 1197 pte-

1980 1225 2266 1280 nitentiam
2288 1224 2543 1294 puriﬁcet
2592 1232 2649 1278 et
2691 1222 2745 1276 in
2776 1222 3028 1277 effectum
3061 1222 3310 1277 traducat
3335 1237 3473 1291 quas
3516 1222 3571 1275 in

1980 1315 2254 1385 baptismo
2303 1316 2369 1370 ad
2412 1315 2583 1371 Deum
2622 1313 2751 1369 fecit
2804 1315 3244 1385 promissiones;
3282 1314 3326 1369 si
3385 1323 3566 1367 autem

1978 1406 2331 1464 conscientia:
2380 1408 2624 1471 rebellis,
2661 1406 3125 1477 promissionibus
3181 1406 3417 1460 inﬁdelis
3473 1408 3568 1470 sit,

1979 1480 2099 1569 aus
2129 1500 2264 1555 ﬁdes
2297 1499 2595 1556 inﬁdelitas
2647 1500 2902 1555 eﬁicitur.
2940 1500 3227 1565 Quomodo
3266 1499 3411 1551 enim
3443 1514 3569 1565 spe-

1976 1608 2167 1648 ramus
2219 1608 2319 1649 nos
2368 1593 2675 1663 baptizatos
2719 1591 2939 1646 futuros
2985 1605 3111 1645 esse
3169 1590 3396 1646 salvos?
3426 1589 3573 1644 Sane

1975 1685 2103 1755 quia
2146 1686 2436 1740 Dominum
2487 1685 2799 1741 audivimus
2830 1684 3103 1739 dicentem
3140 1701 3155 1737 :
3191 1701 3209 1734 ι
3249 1681 3350 1747 Qui
3388 1683 3568 1736 credi-

1975 1777 2116 1833 derit
2148 1787 2202 1833 et
2226 1779 2533 1848 baptizatus
2564 1777 2752 1845 fuerit,
2785 1777 2971 1832 salvus
3003 1779 3107 1832 erit
3139 1794 3153 1830 :
3188 1776 3279 1846 qui
3302 1791 3428 1829 vi-ro
3456 1791 3567 1828 non

1973 1869 2291 1936 crediderit,
2318 1870 2777 1926 condemnabitur
2805 1870 2872 1925 ⁸⁷.
2918 1890 2937 1921 ι
2978 1868 3115 1923 Cum
3152 1885 3281 1939 ergo
3306 1869 3427 1923 haec
3456 1868 3571 1921 duo

1977 1964 2181 2032 requiri
2214 1963 2416 2017 dixerit
2448 1964 2565 2032 ipsa
2604 1964 2806 2017 veritas
2833 1972 2889 2017 et
2934 1961 3157 2016 credere
3191 1969 3245 2015 et
3275 1959 3569 2029 baptizari,

289 2060 352 2111 τό
390 2076 448 2110 τε
478 2060 773 2111 πιστεῦσαι
799 2058 896 2111 καὶ
926 2059 987 2111 τὺ
1022 2058 1409 2131 βαπτισθῆναι,
1452 2063 1564 2114 τῶν
1590 2063 1864 2118 ἀδυνάτων

1977 2055 2320 2123 impossibile
2350 2065 2434 2110 est
2462 2063 2522 2111 ut
2558 2056 2800 2109 salvetur
2828 2054 2920 2125 qui
2979 2054 3240 2122 baptizari
3298 2050 3563 2114 noluerit,

292 2150 415 2202 ἐστὶ
442 2148 681 2219 σωθῆναι
706 2150 799 2202 τὸν
833 2148 908 2220 μὴ
933 2150 1163 2206 θέλοντα
1195 2152 1590 2224 βαπτισθῆναι,
1618 2156 1723 2209 κᾶν
1743 2156 1878 2229 λέγῃ

292 2241 455 2309 δῆθεν
478 2242 783 2295 πιστεύεινο
811 2245 908 2297 καὶ
927 2244 1018 2297 τὸν
1052 2244 1127 2316 μὴ
1151 2245 1503 2311 πιστεύοντα,
1525 2248 1630 2301 κᾶν
1651 2249 1878 2304 ἐϐαπτί-

283 2334 409 2405 σθη.
454 2336 596 2389 Ἀλλ’
628 2338 745 2399 ἐρεῖ
797 2335 1081 2390 πιστεύειν
1139 2340 1249 2401 πᾶς
1298 2340 1326 2393 ὁ
1376 2339 1873 2409 βαπτισθείς³ἀλλ⁸

284 2427 512 2480 ἀκούσει
546 2428 697 2493 παρὰ
728 2428 822 2480 τοῦ
863 2428 1216 2482 ’Δποστόλοψ
1263 2449 1281 2481 ι
1309 2431 1494 2494 Δεῖξόν
1528 2449 1619 2501 μοι
1649 2434 1750 2505 τὴν
1781 2434 1874 2487 πί-

281 2536 404 2572 στιν
430 2536 524 2573 σου
559 2521 622 2572 ἐκ
650 2520 758 2573 τῶν
788 2519 968 2590 ἔργων
994 2537 1114 2576 σου.
1149 2540 1168 2573 ι
1212 2523 1325 2576 Καὶ
1352 2525 1378 2577 ό
1417 2524 1625 2596 Κύριος
1652 2526 1761 2597 γὰρ
1783 2527 1873 2583 διὰ

278 2612 443 2665 τοῦτο
472 2612 567 2684 τὴν
616 2611 804 2665 πίστιν
850 2612 928 2681 τῷ
979 2613 1112 2685 θείῳ
1156 2613 1503 2685 βαπτίσματι
1557 2620 1867 2687 συντάττει,

280 2705 373 2759 διὰ
400 2705 501 2775 τῆς
527 2705 764 2766 πίστεως
796 2704 897 2775 τὴν
947 2706 1058 2782 τεῶν
1088 2708 1308 2762 οἰκείων
1361 2708 1596 2769 ἐντολῶν
1634 2711 1869 2781 τήρησιν

1977 2148 2081 2202 etsi
2111 2148 2334 2202 aliunde
2368 2162 2428 2202 se
2458 2148 2603 2201 dicat
2626 2146 2873 2212 credere,
2906 2154 2961 2201 et
2986 2146 3079 2216 qui
3122 2161 3230 2199 non
3262 2143 3560 2199 crediderit

1977 2239 2196 2310 quando
2224 2241 2451 2308 quidem
2492 2239 2801 2309 baptizatus
2836 2238 3023 2293 fuerit.
3050 2236 3130 2291 Tu
3156 2254 3288 2293 vero
3321 2237 3452 2291 mihi
3477 2236 3563 2291 di-

1977 2347 2111 2387 ces:
2155 2333 2328 2386 credit
2384 2333 2699 2401 quicunque
2745 2340 2830 2386 est
2880 2332 3236 2400 baptizatus;
3280 2331 3375 2386 sed
3435 2330 3567 2386 audi

1973 2427 2291 2494 Apostolum
2326 2443 2342 2482 :
2381 2445 2398 2478 ι
2433 2425 2671 2482 Ostende
2720 2426 2853 2479 mihi
2898 2426 3057 2480 ﬁdem
3092 2435 3241 2479 tuam
3301 2441 3369 2481 ex
3432 2440 3567 2494 ope-

1974 2521 2128 2575 ribus
2154 2500 2339 2574 tuis“.
2378 2536 2397 2570 ι
2430 2518 2639 2573 Idcirco
2654 2517 2921 2571 Dominus
2952 2517 3109 2571 ﬁdem
3139 2532 3263 2571 cum
3292 2517 3571 2587 baptismo

1973 2612 2160 2666 divino
2188 2610 2489 2680 conjungit,
2523 2626 2647 2665 cum
2696 2609 2800 2664 ﬁde
2831 2610 3027 2664 uniens
3067 2619 3391 2665 caeterorum
3425 2626 3569 2681 pra:-

1971 2713 2255 2774 ceptorum
2287 2703 2727 2760 observationem
2754 2717 2880 2757 cum
2915 2701 3214 2772 baptismo.
3248 2701 3385 2757 Cum
3406 2701 3565 2757 enim

280 2797 361 2867 τῷ
390 2796 729 2868 βαπτίσματι
760 2800 1071 2854 συνάπτων.
1105 2799 1379 2869 Πρότερον
1417 2802 1527 2871 γὰρ
1561 2802 1731 2857 εἰπὼν
1757 2806 1864 2868 τοῖς

1971 2796 2075 2863 iam
2089 2795 2373 2866 discipulis
2387 2796 2665 2851 dixissem
2679 2795 2877 2850 Euntes
2894 2794 2947 2849 in
2969 2792 3564 2863 mundumuniversum

286 2887 586 2957 μαθηταῖςο
636 2905 654 2938 ι
686 2886 1061 2957 Πορευθέντες
1109 2888 1188 2951 είς
1243 2890 1335 2942 τὸν
1382 2893 1588 2961 κόσμον
1627 2893 1865 2961 ἅπαντα,

286 2978 567 3049 κηρύξατε
597 2979 658 3033 τὸ
685 2978 1025 3049 Εὐαγγέλιον
1053 2981 1201 3052 πάσῃ
1223 2986 1290 3051 τῇ
1322 2982 1522 3035 κτίσει*
1548 3002 1567 3036 ι
1601 2979 1701 3037 εἶτ’
1729 2986 1869 3055 ἐπή-

284 3088 480 3139 γαγεν·
519 3090 539 3125 ‹
584 3070 644 3124 Ὀ
679 3071 978 3137 πιστεύσας
1010 3075 1105 3127 καὶ
1134 3074 1455 3143 βαπτισθεὶς
1480 3066 1806 3145 σωθήκσεται.
1839 3097 1859 3130 ι

284 3166 352 3220 Τί
381 3165 476 3219 οὖν
506 3182 670 3236 φησιν
702 3168 761 3220 ὲν
797 3166 877 3236 τῷ
924 3171 1329 3238 κεκηρυγμένῳ
1380 3168 1532 3237 παρὰ
1563 3169 1673 3223 τῶν
1719 3187 1863 3238 πεμ-

285 3259 533 3328 φθέντων
578 3258 924 3331 Εὐαγγελίῳ,
975 3260 1072 3314 καὶ
1114 3260 1166 3313 τί
1213 3260 1493 3315 πιστεύειν
1544 3262 1863 3331 ἀναγκαίως

282 3350 556 3420 πρακτέον
590 3345 731 3405 εἶναι
768 3354 879 3414 τοῖς
913 3351 1254 3405 ὑπακούουσι
1280 3372 1297 3418 ;
1328 3354 1551 3417 Πάντως
1589 3354 1672 3409 ὅτι
1702 3354 1731 3407 ὁ
1762 3355 1860 3419 τὰς

1975 2889 2266 2958 praedicate
2300 2888 2655 2957 Evangelium
2685 2889 2833 2942 omni
2882 2900 3202 2949 creature.»
3230 2886 3520 2956 subjuuxit
3540 2899 3564 2942 ε

1976 2981 2105 3049 «Qui
2125 2983 2418 3038 crediderit
2436 2981 2811 3050 ethaptizatus
2831 2979 3014 3045 fuerit,
3034 2980 3218 3036 salvus
3240 2983 3397 3035 erit.»
3420 2978 3564 3047 Quid

1969 3086 2102 3142 ergo
2150 3087 2247 3141 per
2311 3073 2412 3126 hoc
2469 3070 2824 3140 Et'angeliutn
2876 3084 2909 3124 a
2965 3070 3152 3126 missis
3200 3069 3558 3134 praedicatum

1968 3164 2261 3234 significat,
2284 3173 2337 3217 et
2369 3162 2497 3233 quid
2535 3176 2762 3217 necesse
2786 3160 2919 3217 dicit
2952 3160 3022 3215 ab
3049 3160 3400 3215 audientibus
3439 3176 3564 3217 erec-

1967 3255 2254 3311 dentium?
2284 3255 2469 3311 Sane:
2526 3254 2617 3324 qui
2677 3268 3020 3321 cegnoscens
3060 3253 3318 3308 mattdata
3353 3252 3559 3309 Christi

1967 3348 2099 3402 facit
2125 3357 2180 3404 et
2225 3357 2409 3404 servat
2439 3363 2526 3412 ea,
2569 3348 2658 3404 hic
2686 3347 2897 3417 estqui
2934 3354 3082 3400 amat
3129 3361 3281 3410 eum,
3327 3352 3403 3412 et,
3457 3344 3562 3400 Per

277 3444 504 3506 ἐντολὰς
535 3445 674 3515 ἔχων
701 3443 797 3497 τοῦ
829 3442 1096 3513 Χριστοῦ,
1134 3445 1232 3496 καὶ
1256 3446 1516 3515 πράττων
1556 3448 1652 3499 καὶ
1681 3446 1864 3517 τηρῶν

1973 3424 2316 3507 patientiam,
2351 3438 2744 3502 constantiam,
2810 3433 3222 3500 tribulationem
3280 3430 3562 3485 obtinetur

274 3534 470 3598 αὐτὰς,
502 3535 713 3599 ἐκεῖνός
742 3536 890 3589 ἐστιν
917 3537 946 3589 ὁ
979 3535 1215 3604 ἀγαπῶν
1253 3536 1452 3589 αύτόνα
1482 3536 1599 3604 καὶ,
1628 3537 1750 3589 Ὅτι
1796 3536 1866 3589 δι’

278 3624 585 3694 ὑπομονῆς,
642 3626 740 3679 καὶ
784 3627 884 3696 τῆς
923 3624 1119 3695 στενῆς
1168 3626 1265 3678 καὶ¹
1297 3626 1666 3697 τεθλιμμένης
1716 3624 1863 3697 ζωῆς

280 3714 379 3778 τῆς
409 3715 677 3785 σωτηρίας
703 3714 850 3767 ἐστὶν
876 3716 1181 3785 ἐπιτυχεῖν·
1204 3715 1321 3781 καὶ,
1350 3733 1368 3766 ι
1393 3716 1519 3769 Ἐὰν
1555 3718 1631 3787 μὴ
1669 3732 1856 3787 περισ-

294 3805 516 3876 σεύσῃη
552 3806 870 3877 δικαιοσύνη
910 3808 1066 3878 ἡμῶν
1099 3810 1288 3860 πλεῖον
1329 3808 1439 3860 τῶν
1479 3807 1861 3875 Γραμματέων

1973 3527 2148 3585 Salus.
2189 3526 2255 3581 Et
2286 3543 2301 3580 :
2349 3544 2366 3577 ι
2400 3525 2517 3581 Nisi
2552 3522 2919 3580 abundaverit
2956 3523 3165 3592 justitia
3200 3531 3379 3575 vestra
3411 3522 3566 3591 plus-

1972 3636 2135 3689 quam
2184 3619 2507 3675 Scribarum
2569 3628 2625 3673 et
2660 3617 3090 3679 Pharisaeorum,
3136 3629 3244 3670 nou
3282 3614 3563 3669 iutrahitis

1973 3715 2026 3768 in
2064 3728 2295 3782 regnum
2334 3711 2620 3767 caelorum.
2663 3729 2681 3762 ι
2736 3706 2849 3763 Hac
2876 3716 3005 3763 sunt
3040 3722 3163 3777 qua:
3197 3706 3369 3777 jussit
3399 3704 3561 3761 Iesus

1970 3824 2065 3879 per
2095 3806 2449 3877 Evangelium
2478 3804 2785 3874 pra-dicari.

291 3899 383 3948 καὶ
408 3897 731 3969 Φαρισαίων,
768 3899 828 3952 ού
864 3898 943 3971 μὴ
973 3899 1305 3970 εἰσέλθωμεν
1337 3902 1417 3964 είς
1443 3901 1542 3970 τὴν
1572 3900 1853 3970 βασιλείαν
1892 3900 2003 3955 τῶν
2032 3899 2343 3972 ούρανῶνοι
2381 3896 2557 3952 ταῦτα
2587 3898 2696 3968 γάρ
2731 3897 2884 3950 ἑστιν
2912 3892 3060 3967 ἅπερ
3097 3892 3188 3949 διὰ
3244 3892 3340 3946 τοῦ
3375 3892 3559 3959 Εύαγρ

284 3994 463 4064 τελίου
492 3996 784 4067 κηρύττειν
819 3999 1003 4057 αὐτοῖς
1041 3995 1330 4060 ἐπέταξεν.

354 4089 565 4143 Οὐκοῦν
586 4088 614 4140 ό
643 4090 833 4160 τηρεῖν
864 4088 1113 4142 σπεύδων
1142 4091 1240 4153 τὰς
1273 4089 1424 4150 θείας
1444 4087 1688 4155 ἐντολὰς,
1716 4090 1861 4143 ἐκεῖ-

276 4184 368 4245 νός
399 4183 549 4236 ἐστιν
595 4184 622 4236 ό
678 4180 974 4234 πιστεύων·
1024 4184 1053 4234 ό
1085 4179 1141 4234 δὲ
1196 4181 1274 4252 μὴ
1316 4180 1563 4234 σπεύδων
1587 4182 1856 4252 πράττειν

274 4273 374 4326 καὶ
409 4275 618 4343 τηρεῖν,
666 4272 805 4343 μηδὲ
852 4270 1060 4342 ζημίαν
1091 4271 1396 4341 ἡγούμενος
1429 4270 1489 4323 τὸ
1537 4272 1613 4341 μὴ
1646 4273 1858 4342 τηρεῖν,

276 4366 417 4437 μηδὲ
446 4366 534 4419 διὰ
569 4366 862 4435 μετανοίας
895 4365 1089 4417 ἑαυτὸν
1124 4366 1415 4431 ἐπανάγων
1447 4364 1584 4433 πρὸς
1615 4366 1715 4434 τὴν
1752 4366 1856 4419 τῶν

272 4462 437 4517 θείων
463 4461 694 4516 ἐντολῶν
721 4462 980 4532 τήρησιν,
1016 4460 1137 4513 οὐδὲ
1170 4459 1314 4529 μετὰ
1342 4462 1454 4513 τῶν
1485 4460 1855 4531 βεῦαπτισμέ-

270 4575 380 4611 νων
411 4558 695 4627 στήσεται,
726 4557 830 4610 κᾶν
855 4556 992 4625 λέγῃ
1023 4553 1407 4624 βεϐαπτίσθαιο
1443 4573 1461 4605 ι
1492 4555 1853 4625 Διχοτομήσει

276 4651 407 4719 γὰρ,
440 4650 628 4718 φησὶν,
679 4648 863 4711 αὐτὸν,
914 4652 1009 4699 καὶ
1056 4649 1118 4699 τὸ
1160 4649 1324 4716 μέρος
1348 4646 1515 4698 αὑτοῦ
1571 4651 1710 4714 μετὰ
1741 4645 1853 4699 τῶν

276 4742 523 4796 ἀπίστων
559 4741 734 4811 θήσει.
773 4759 792 4792 ι
842 4740 1004 4793 Ἀλλὰ
1038 4740 1200 4792 τοῦτο
1247 4739 1349 4809 μὲν
1398 4739 1540 4808 πρὸς
1594 4739 1741 4809 ἡμᾶς
1794 4740 1853 4791 ἐν

276 4834 532 4896 ἀπειλαῖς
579 4832 661 4885 ἔτι
712 4835 912 4898 κεῖται,
977 4830 1379 4902 φιλανθρώπως
1438 4830 1532 4883 τοῦ
1587 4831 1851 4884 δεσπότου

2042 4086 2147 4154 Qui
2199 4098 2331 4156 ergo
2359 4084 2427 4140 de
2467 4079 3124 4152 observandisimandatis
3151 4077 3420 4135 sollicitus
3450 4087 3556 4147 est,

1963 4184 2054 4241 hic
2083 4192 2167 4240 est
2196 4182 2294 4253 qui
2323 4180 2541 4246 credit;
2575 4179 2669 4250 qui
2706 4186 2893 4233 autem
2927 4178 2993 4231 de
3029 4176 3300 4232 faciendis
3329 4188 3558 4230 servan-

1964 4278 2165 4347 disque
2204 4292 2317 4331 non
2370 4284 2532 4331 curat
2566 4272 2860 4337 mandatis,
2924 4284 3027 4324 nec
3056 4269 3294 4339 seipsum
3330 4272 3561 4322 accusat

1961 4372 2031 4428 de
2063 4370 2254 4426 eorum
2280 4368 2579 4424 violatione
2599 4380 2702 4421 nec
2729 4380 2828 4435 per
2851 4364 3232 4434 pmnitentiam
3266 4363 3334 4417 ad
3361 4374 3555 4415 eorum

1961 4466 2403 4521 observationem
2446 4476 2506 4518 se
2556 4460 2848 4523 reducens,
2897 4471 3009 4511 non
3071 4472 3198 4512 cum
3259 4454 3557 4525 baptizatis

1960 4556 2341 4622 collocabitur,
2363 4553 2465 4609 etsi
2492 4569 2552 4608 se
2570 4551 2908 4621 baptizatum
2930 4550 3074 4604 dicat
3096 4565 3110 4615 ;
3137 4548 3379 4604 «Dividet
3405 4546 3553 4601 enim

1958 4665 2106 4712 eum,
2130 4649 2204 4702 ait
2232 4646 2588 4716 evangelista,
2614 4656 2935 4715 partemque
2956 4644 3078 4711 ejus
3098 4653 3267 4712 ponet
3287 4656 3412 4697 cum
3450 4640 3555 4710 hy-

1959 4742 2188 4811 pocritis
2219 4741 2317 4793 “.i
2352 4738 2466 4793 Hoc
2498 4754 2597 4808 pro
2628 4737 2785 4792 nobis
2825 4735 3006 4789 adhuc
3037 4734 3090 4787 in
3121 4734 3286 4787 minis
3327 4730 3555 4799 residet,

1961 4833 2392 4888 misericorditer
2409 4841 2760 4900 exspectante
2780 4828 3010 4881 Domino
3037 4826 3415 4896 paenitentiam
3451 4839 3552 4880 no-

270 4925 372 4995 τὴν
411 4924 688 4994 ἡμετέραν
723 4924 1016 4993 μετάνοιαν
1042 4922 1424 4992 ἐκδεχομένουο
1458 4923 1584 4984 τοὺς
1627 4923 1684 4977 δὲ
1721 4923 1855 4975 ’1ου-

1971 4940 2158 4984 stram.
2189 4926 2407 4981 Judazos
2439 4934 2620 4980 autem
2654 4923 2719 4977 ad
2760 4920 3177 4975 instructionem
3200 4929 3443 4973 nostram
3474 4918 3561 4972 di-

271 5017 456 5079 δαίους
489 5018 625 5084 πρὸς
660 5015 1043 5086 σωφρονισμὸν
1075 5017 1349 5085 ἡμέτερον
1391 5015 1645 5067 ἐντεῦθεν
1681 5014 1855 5083 ἐδιχο-

274 5118 497 5183 τόμησε,
534 5117 629 5166 καὶ
658 5112 757 5181 τῆς
790 5113 929 5182 πρὸς
959 5112 1155 5164 ἑαυτὸν
1186 5114 1281 5164 καὶ
1316 5112 1407 5163 τὸν
1441 5110 1694 5179 ’Δόραὰμ
1728 5127 1855 5179 συγ·

266 5206 479 5274 γενείας
511 5205 944 5277 ἁπηλλοτρίωσε,
976 5206 1113 5272 πρὸς
1143 5205 1342 5267 αὐτοὺς
1371 5203 1545 5270 λέγων
1568 5219 1581 5234 ⁸
1618 5222 1636 5254 ι
1660 5205 1851 5273 Ὑμεῖς

293 5316 326 5351 κ
360 5300 457 5351 τοῦ
506 5300 713 5368 πατρὸς
763 5300 920 5363 ὑμῶν
962 5298 1057 5352 τοῦ
1111 5298 1364 5351 διαϐόλου
1418 5297 1567 5363 ὲστὲ,
1618 5299 1853 5362 καὶτὰς

267 5395 564 5465 ἐπιθυμίας
606 5395 774 5449 αὑτοῦ
806 5395 990 5449 θέλετε
1021 5397 1218 5448 ποιεῖν.
1263 5413 1282 5444 ι
1336 5394 1451 5447 Καὶ
1495 5394 1682 5446 πάλιν·
1724 5412 1741 5443 ι
1787 5395 1846 5445 Ei

263 5488 431 5541 τέκνα
479 5487 576 5541 τοῦ
633 5487 887 5558 Ἀϐραὰμ
938 5484 1076 5558 ἦτε,
1130 5489 1199 5542 τὰ
1247 5489 1387 5559 ἔργα
1446 5488 1542 5541 τοῦ
1589 5487 1844 5557 Ἀϐραὰμ

266 5582 501 5635 ἐποιεῖτε
550 5580 640 5637 ἄν.
676 5600 695 5633 ι
749 5581 872 5634 Ὀτι
931 5582 987 5634 δὲ
1039 5582 1103 5634 ἐκ
1160 5582 1351 5647 γένους
1396 5577 1655 5649 Ἀϐραὰμ
1703 5576 1844 5648 ἦσαν

264 5668 430 5742 οὗτοι,
465 5674 548 5738 τίς
574 5676 673 5726 οὐκ
702 5669 841 5727 οἶδεν
869 5692 883 5738 ;
936 5674 1001 5727 Εἰ
1051 5671 1183 5742 γοῦν
1212 5674 1246 5740 ή
1281 5672 1390 5725 τῶν
1424 5672 1602 5742 ἔργων
1651 5688 1709 5725 τε
1749 5671 1846 5724 καὶ

334 5852 560 5907 “Rom.
602 5851 788 5919 31,95.
863 5851 1090 5909 "Marc.
1149 5852 1361 5921 xw,16.
1458 5850 1643 5910 6"Jac.
1683 5852 1878 5923 ιι,18.

1962 5024 2110 5089 visit,
2144 5016 2494 5091 priiavitque‘
2517 5016 2931 5087 propinquitate
2965 5029 3095 5070 cum
3135 5014 3317 5082 seipse
3343 5024 3550 5066 etcum

1959 5116 2237 5170 Abraham
2286 5115 2478 5168 dicens
2509 5129 2524 5166 :
2563 5110 2707 5165 «Vos
2761 5125 2828 5164 ex
2865 5118 3021 5179 patre
3059 5108 3278 5163 diabolo
3305 5109 3463 5170 estis,
3499 5102 3555 5161 et

1959 5209 2229 5265 desideria
2258 5207 2432 5276 patris
2462 5206 2629 5261 vestri
2660 5203 2823 5259 vultis
2854 5205 3037 5258 facere
3066 5202 3132 5255 "°.
3168 5220 3185 5253 ι
3220 5201 3285 5254 Ει
3314 5200 3549 5255 iterum:

1965 5320 1983 5352 ι
2024 5301 2079 5354 Si
2114 5300 2456 5354 ﬁliiAbrahze
2483 5299 2700 5363 essetis,
2722 5312 2885 5366 opera
2907 5295 3137 5350 Abrahae
3166 5292 3420 5348 faceretis
3441 5290 3544 5344 τί.»

1962 5393 2119 5458 Quod
2144 5403 2327 5447 autem
2349 5393 2416 5446 de
2439 5406 2637 5461 genere
2661 5391 2895 5444 Abrahae
2920 5389 3121 5443 fuerint
3148 5387 3273 5457 quis
3303 5382 3553 5440 nesciat?

1961 5486 2016 5540 Si
2053 5502 2183 5556 ergo
2216 5500 2443 5556 operum
2481 5494 2533 5539 et
2564 5499 2779 5539 morum
2810 5483 3107 5538 diversitas
3147 5481 3424 5535 carnalem
3454 5492 3550 5548 ge-

1958 5580 2301 5634 nerationem
2351 5578 2419 5632 ad
2448 5578 2683 5631 nihilum
2720 5576 2934 5645 redigit,
2968 5584 3023 5629 et
3055 5591 3084 5628 e
3115 5572 3380 5627 ﬁliatione
3407 5569 3550 5626 ﬁlios

1960 5673 2261 5727 secundum
2313 5671 2633 5742 sanguinem
2673 5669 2863 5740 ejicit;
2906 5660 3183 5738 quomodo
3236 5678 3366 5735 ergo
3421 5678 3547 5732 nos,

1958 5854 2002 5888 ⁸⁵
2033 5852 2232 5909 Matth.
2262 5868 2416 5923 xxxv,
2451 5852 2542 5909 51.
2618 5852 2664 5885 "
2715 5847 3003 5915 Joan.vttt,
3039 5843 3128 5900 Η.
3209 5847 3253 5878 τί
3283 5847 3414 5901 ibid.
3450 5844 3549 5905 39.
