4014 6438
311 434 419 499 :39

1651 411 1983 473 HOMlLlA
2021 409 2242 470 XXXI.

3461 410 3572 475 3'0

305 564 489 618 τησιν,
525 542 619 597 καὶ
669 541 901 596 θάνατον
945 537 1008 591 ού
1039 536 1131 590 τὸν
1174 532 1488 605 σωματικὸν
1530 533 1691 598 τέως,
1741 529 1878 584 ἀλλὰ

2000 529 2370 599 nini,jussum
2396 527 2540 583 enim
2565 528 2685 598 ejus
2716 541 2884 583 causa
2921 533 3006 583 est
3037 543 3304 598 generans
3326 534 3566 587 creatrix

307 639 403 694 τδν
432 639 547 708 τῆς
585 635 790 706 ψυχῆς,
832 629 1002 685 είπὼν
1036 633 1170 699 πρὸς
1201 629 1300 698 τὴν
1354 627 1462 680 τῶν
1522 622 1887 696 προπατόρων

312 733 470 806 ἡμῶν
507 730 774 797 συζυγίαν
811 725 1050 792 ἐκείνην,
1081 740 1099 773 ι
1135 714 1212 792 ’ᾞ
1246 718 1312 771 ἂν
1345 716 1466 789 ὥρᾳ
1494 713 1744 806 φάγησθε
1780 712 1888 806 ἀπὸ

313 805 408 879 τοῦ
451 822 611 890 ξύλου
643 819 736 874 τοῦ
772 815 1065 886 γινώσκειν
1092 813 1256 865 καλὸν
1289 809 1385 862 καὶ
1411 809 1668 878 πονηρὸν,
1719 805 1886 859 θανά-⁹

313 935 392 987 τῳ
423 911 797 969 ἀποθανεῖσθε.
839 927 857 958 ι
905 907 1123 976 Ὁρᾶτε,
1155 903 1256 956 οὐκ
1288 899 1412 953 εἷπε
1440 897 1879 970 προστακτικῶς,

311 1011 442 1064 Οἵαν
472 1006 688 1076 ἡμέραν
715 1002 927 1071 φάγητε
960 996 1283 1051 ἀποθάνετε·
1317 993 1377 1045 τὸ
1414 991 1522 1060 γὰρ
1546 991 1879 1060 πρόσταγμα

311 1097 478 1154 αὐτοῦ
511 1097 723 1166 γένεσίς
759 1097 875 1147 ἐστι
905 1093 1015 1154 τοῖς
1067 1085 1186 1140 οὖσι
1225 1086 1382 1139 πᾶσιο
1444 1083 1540 1136 καὶ
1601 1079 1766 1144 αὐτὸς
1812 1080 1882 1132 τὰ

314 1193 492 1244 πάντα
533 1187 859 1250 ἐνετείλατο,
892 1185 988 1237 καὶ
1032 1179 1387 1248 ἐκτίσθησαν,
1429 1175 1521 1227 τὸν
1563 1173 1620 1226 δὲ
1651 1173 1884 1226 θάνατον

313 1286 414 1336 οὐκ
436 1282 762 1342 ἐνετείλατο,
789 1277 924 1330 ἀλλὰ
950 1269 1418 1346 προκατήγγειλεν
1436 1269 1499 1320 ἐκ
1520 1264 1886 1335 παραϐάσεως

317 1375 597 1443 ἐσόμενον,
631 1371 821 1424 εἰπών·
859 1387 878 1420 ι
904 1368 996 1436 Μὴ
1045 1362 1294 1434 φάγησθε
1338 1359 1445 1413 ἀπὸ
1473 1358 1568 1411 τοῦ
1619 1355 1778 1422 ξύλου
1809 1371 1824 1385 ⁹

1989 638 2205 687 rerum;
2240 640 2258 672 ι
2298 620 2411 690 ipse
2437 621 2581 675 enim
2620 620 2918 687 mandavit,
2965 627 3019 674 et
3062 631 3242 676 creata
3272 625 3508 691 sunt";
3542 642 3561 675 ι

1990 715 2216 766 mortem
2264 727 2394 765 vero
2439 726 2546 764 non
2584 711 2884 776 mandavit,
2932 710 3026 767 sed
3080 715 3465 781 przenuntiavit
3503 731 3570 771 ex

1989 802 2424 872 transgressione
2446 801 2713 863 futuram,
2745 803 2932 859 dicens
2963 820 2978 859 :
3019 823 3039 856 ι
3078 803 3152 856 Ne
3180 807 3476 862 comedatis
3506 807 3574 862 de

1983 894 2172 966 ligno;
2206 895 2258 946 in
2288 908 2614 963 quocunque
2659 896 2801 948 enim
2845 896 2933 950 die
2973 899 3339 966 comederitis,
3369 899 3572 953 morie-

1987 988 2174 1053 minip
2206 988 2506 1042 utconsilio
2537 988 2972 1056 obtemperantes
3001 999 3056 1044 et
3083 992 3570 1058 transgressionem

1990 1079 2258 1150 fugientes
2296 1079 2476 1132 tmorti
2536 1093 2642 1132 non
2703 1079 3134 1147 subjaceremus.
3174 1081 3330 1146 Quod
3383 1093 3567 1137 autent

1991 1183 2222 1224 mortem
2244 1169 2582 1238 spiritualem
2622 1169 2842 1232 dixerit,
2877 1180 3021 1239 patet
3054 1186 3119 1225 ex
3154 1186 3250 1238 eo,
3281 1173 3424 1242 quod
3463 1188 3570 1226 non

1997 1261 2195 1316 mortui
2227 1263 2336 1316 sint
2377 1261 2737 1332 corporaliter
2763 1261 2814 1316 in
2838 1261 2924 1318 die
2959 1277 3065 1334 qua
3097 1261 3164 1318 de
3200 1262 3344 1333 ligno
3382 1264 3570 1333 probi-

1999 1353 2111 1408 bito
2145 1362 2523 1423 gustaverunt.

320 1467 428 1534 γὰρ
469 1463 535 1517 ἄν
585 1463 766 1532 ἡμέρᾳ
821 1457 1073 1530 φάγησθε
1127 1450 1522 1508 ἀποθανεῖσθε·
1561 1468 1580 1501 ι
1636 1449 1724 1501 ἵνα
1777 1448 1878 1519 τὴν

2000 1445 2232 1518 μὸονλὴν
2297 1447 2643 1516 στέργοντες,
2683 1447 2781 1502 καὶ
2844 1447 2944 1520 τὴν
2982 1447 3310 1546 παράϐασιν.
3332 1446 3568 1519 φεύγονη

313 1575 427 1623 τες,
474 1557 551 1626 τῷ
579 1555 792 1623 θανάτῳ
817 1555 895 1625 μὴ
926 1549 1340 1622 περιπέσωμεν.
1379 1547 1502 1598 Ὅτι
1532 1543 1589 1597 δὲ
1621 1543 1713 1595 καὶ
1745 1543 1976 1596 θάνατον
2009 1542 2069 1594 οὐ
2103 1539 2195 1593 τὸν
2251 1541 2564 1612 σωματικὸν
2623 1537 2744 1594 είπε
2807 1542 2966 1606 τέως,
2998 1540 3136 1594 ἀλλὰ
3213 1537 3310 1594 τὸν
3342 1541 3442 1614 τῆς
3473 1544 3575 1612 ψυ-

353 1669 418 1697 τις

316 1669 437 1722 χης,
478 1669 734 1719 φανερον·
765 1669 826 1699 ου
859 1669 969 1714 ’γαρ
999 1669 1273 1696 απευιινυν
1309 1669 1661 1706 υωμυιιυιως,
1689 1669 1790 1688 ηυιυ
1840 1669 1869 1704 ,ι

396 1743 549 1798 Ἀλλὰ
575 1742 657 1804 τίς
693 1742 840 1793 ἐστιν
864 1739 891 1791 6
915 1741 1014 1804 τῆς
1041 1738 1216 1806 ψυχῆς
1249 1733 1510 1795 θάνατος;
1544 1733 1577 1800 ἡ
1606 1727 1700 1782 τοῦ
1740 1725 1880 1780 Θεοῦ

312 1833 730 1904 ὲγκατάλειψις·
782 1830 969 1900 ὥσπερ
1017 1829 1126 1898 γὰρ
1191 1825 1369 1896 φωτὸς
1426 1823 1716 1891 παρόντος,
1776 1819 1877 1871 οὐκ

354 1652 437 1718 ἧς,
478 1648 734 1719 φανερόν·
765 1647 826 1699 ού
859 1645 969 1714 γὰρ
999 1641 1274 1696 ἀπέθανον
1309 1637 1661 1706 σωματικῶς,
1686 1633 1810 1688 καθ’
1832 1633 1902 1704 ἣν
1935 1633 2152 1704 ἡμέραν
2180 1634 2478 1702 ἐγεύσαντο
2506 1631 2600 1686 τοῦ
2636 1633 3088 1704 ἀπηγορευμένου
3117 1631 3299 1698 ξύλου.

2058 1723 2315 1792 Quaenam
2376 1736 2554 1780 autem
2587 1741 2736 1782 mors
2791 1736 2877 1781 est
2921 1728 3153 1785 animae?
3181 1727 3274 1784 Dei
3302 1739 3384 1786 est
3417 1734 3577 1787 dere-

1986 1818 2162 1873 lictio.
2194 1819 2341 1873 Sicut
2373 1820 2514 1873 enim
2540 1820 3024 1890 praesenteglumine
3061 1823 3113 1875 in
3150 1821 3270 1877 loco
3295 1833 3572 1893 nequeunt

312 1895 461 1980 ἐστιν
495 1895 753 1993 ἐνταυτῷ
783 1922 1038 1990 παρεῖναι
1072 1919 1166 1971 καὶ
1192 1917 1403 1978 σκότος,
1443 1911 1559 1966 ἀλλ’
1603 1908 1887 1965 ἐπιλιπόν-

2000 1926 2108 1967 25se
2132 1913 2387 1976 tenebrae,
2412 1920 2484 1978 et,
2515 1916 2796 1968 deserente
2818 1915 3018 1968 lumine
3041 1914 3244 1980 locum,
3269 1918 3402 1971 tinnt
3425 1925 3572 1972 tene-

312 2036 404 2081 τος
431 2017 525 2072 τοῦ
558 2016 735 2086 φωτὸς
773 2015 867 2068 τὸν
899 2012 1086 2075 τόπον,
1123 2010 1309 2071 σκότος
1335 2007 1665 2075 ἐπιγίνεται,
1695 2001 1794 2055 οὐκ
1823 2003 1886 2053 ὲκ

313 2112 408 2166 τοῦ
435 2109 609 2181 φωτὸς
632 2110 753 2178 ἕχον
774 2106 875 2177 τὴν
905 2107 1140 2173 γένεσιν,
1165 2099 1279 2154 ἀλλ’
1310 2101 1373 2152 ἐκ
1403 2098 1498 2150 τοῦ
1528 2095 1887 2165 διαφράττον-

313 2221 404 2266 τος
438 2207 502 2257 ὲκ
531 2201 628 2272 τῆς
660 2201 818 2262 σκιᾶς
838 2213 852 2230 ⁶
881 2195 1024 2251 οὕτω
1056 2195 1151 2248 καὶ
1179 2193 1274 2246 τοῦ
1315 2189 1457 2244 Θεοῦ
1496 2187 1773 2256 αὐτοζωῆς
1803 2184 1890 2238 δν-

314 2311 428 2361 τος,
459 2293 556 2348 καὶ
585 2290 731 2362 ζωῆς
782 2289 892 2343 τῶν
939 2287 1161 2353 ζώντων
1217 2285 1461 2344 πάντων,
1493 2281 1589 2334 καὶ
1648 2278 1890 2350 μάλιστα

317 2389 427 2440 τῶν
458 2386 616 2448 θείως
649 2384 888 2448 ζώντων,
944 2380 1208 2444 παρόντος
1253 2378 1321 2447 τῇ
1352 2374 1476 2428 καθ’
1516 2373 1665 2443 ἡμᾶς
1715 2372 1886 2441 ψυχῇ,

319 2477 584 2534 ἀδύνατον
617 2477 710 2529 καὶ
753 2473 850 2527 τὸν
887 2472 1117 2525 θάνατον
1153 2469 1408 2538 παρεῖναι
1453 2465 1646 2536 ταύτῃ.
1695 2459 1893 2529 Ἐγκα-

320 2573 640 2633 ταλιπὸντος
679 2567 738 2621 δὲ
779 2566 984 2635 ταύτην
1035 2561 1134 2616 τοῦ
1195 2557 1355 2622 Θεοῦ,
1394 2559 1426 2611 6
1478 2558 1703 2614 θάνατος
1751 2553 1890 2624 αὐτῇ

320 2668 700 2738 προσγίνεται,
752 2659 852 2714 οὐκ
898 2661 966 2712 ὲκ
1015 2657 1109 2710 τοῦ
1159 2653 1294 2709 Θεοῦ
1350 2651 1452 2722 τὴν
1481 2652 1694 2720 γένεσιν
1729 2647 1890 2718 ἔχων,

320 2757 441 2810 ἀλλ’
468 2755 535 2808 ἐκ
563 2751 658 2806 τοῦ
690 2751 867 2804 αἰτίου
913 2749 1015 2818 τῆς
1059 2747 1210 2810 θείας
1242 2743 1705 2812 ὲγκαταλείψεως,
1754 2739 1889 2806 ὅπερ

321 2849 475 2901 ιστὶν
508 2847 542 2917 ή
577 2843 844 2915 ἁμαρτία.
899 2841 1117 2910 Ὀρᾶτε,
1153 2839 1268 2912 πῶς
1297 2837 1397 2890 οὐκ
1447 2836 1511 2887 ἐκ
1554 2832 1649 2885 τοῦ
1683 2829 1821 2884 Θεοῦ
1865 2831 1893 2883 6

325 2941 578 3002 θάνατος.
608 2937 723 2991 ἀλλ’
750 2937 816 2989 ὲκ
847 2935 948 3004 τῆς
979 2931 1290 3005 ἀμαρτίας;
1323 2925 1482 2981 Ἀλλὰ
1510 2927 1626 2988 πῶς
1660 2927 1894 2992 ἐγκατα-

320 3030 586 3101 λιμπάνει
614 3026 711 3099 τὴν
750 3025 929 3097 ψυχὴν
961 3026 989 3077 6
1017 3020 1293 3092 πανταχοῦ
1329 3018 1542 3090 παρὼν,
1579 3018 1606 3069 6
1645 3015 1890 3086 μηδαμό-

323 3125 419 3178 θεν
479 3122 671 3188 inibit;
722 3119 798 3182 ὡς
858 3117 1120 3189 πρότερον
1168 3110 1644 3181 ἒγκαταλιποῦσαν
1705 3107 1894 3158 τοῦτον

321 3215 496 3286 αὐτὴν
529 3213 785 3279 ἑκοῦσαν,
819 3213 912 3263 καὶ
956 3211 1032 3273 ὡς
1078 3204 1422 3269 αὐτεξούσιον
1454 3200 1544 3254 ὑπ’
1579 3199 1744 3253 αὐτοῦ
1780 3211 1896 3250 κτι-

327 3309 550 3364 σθεῖσαν
597 3305 673 3376 pall
711 3302 1071 3375 βιαζόμενος·
1133 3297 1275 3350 ὥστε
1330 3295 1424 3349 καὶ
1478 3295 1578 3363 τῆς
1632 3293 1712 3354 εἰς
1750 3291 1894 3361 ἡμᾶς

327 3402 478 3463 θείας
510 3396 951 3468 ὲγκαταλείψεως
986 3393 1147 3465 ἡμεῖς
1196 3391 1328 3460 ἡμῖν
1360 3387 1546 3450 αὐτοῖς
1594 3387 1770 3454 ἐσμεν
1809 3383 1896 3436 αἴ-

326 3512 460 3558 τιοι,
517 3491 632 3546 ἀλλ’
683 3491 782 3560 οὐχ
818 3489 845 3540 6
902 3488 1132 3556 ποιήσας
1166 3485 1313 3554 ἡμᾶς
1367 3479 1520 3542 Θεός.
1568 3477 1762 3548 Ἡμεῖς
1803 3472 1898 3529 οὖν

324 3589 494 3655 ἔσμεν
553 3583 688 3653 φεῦί
751 3583 800 3635 oi
861 3578 952 3632 τοῦ
1005 3578 1208 3632 οίκειου
1261 3575 1495 3628 θανάτου
1552 3569 1898 3641 γεννήτορες,

325 3677 714 3738 καταλιπόντες
741 3672 960 3734 ἑκόντες
1003 3670 1096 3722 τὸν
1130 3669 1212 3730 είς
1244 3666 1305 3720 τὸ
1348 3666 1450 3736 ζῇν
1485 3663 1767 3726 κτίσαντα,
1802 3659 1900 3713 καὶ

341 3771 428 3822 iet
461 3769 721 3839 παρόντα,
756 3765 852 3818 καὶ
897 3760 1030 3832 παρ’
1058 3758 1255 3814 ἑαυτοῦ
1304 3754 1676 3820 ζωοποιοῦντα
1707 3751 1899 3804 δεσπό-

345 3877 458 3932 την,
485 3859 666 3930 ὥσπερ
713 3857 763 3911 οἱ
810 3859 867 3910 ὲν
915 3852 1154 3924 σταθερᾷ
1183 3847 1503 3922 μεσημϐρίᾳ
1523 3846 1650 3908 τοὺς
1695 3843 1899 3912 ὀφθαλ-

342 3953 476 4024 μοὺς
506 3949 899 4022 καταμύοντες,
952 3946 1046 3998 καὶ
1074 3944 1168 3995 τοῦ
1206 3941 1382 4010 φωτὸς
1429 3938 1645 3998 ἑκόντες
1675 3936 1904 4004 ἀπέχον-

328 4058 450 4111 τες,
481 4045 656 4097 καίτοι
687 4041 954 4112 παρόντος
988 4035 1085 4091 καί¹
1130 4033 1535 4103 ἐπιλάμποντος
1555 4043 1568 4056 ’
1603 4027 1905 4095 ἁθετήσαν-

327 4153 422 4199 τες
480 4139 585 4206 γᾶρ
639 4135 737 4206 τὴν
783 4128 1050 4196 ζωοποιδν
1110 4124 1446 4197 συμῦουλὴν,
1500 4123 1719 4176 καὶτὸν
1771 4121 1905 4174 Θεὸν

331 4227 722 4290 καταλιπόντες
778 4224 867 4276 διὰ
913 4224 1014 4291 τῆς
1066 4221 1416 4289 ἀθετήσεως,
1472 4218 1568 4269 καὶ
1615 4219 1714 4284 τῆς
1762 4214 1906 4282 ζωῆς

335 4323 670 4383 ἀποστάντες
708 4319 946 4382 ἑκόντες,
1001 4313 1416 4382 προσδεξάμεθα
1465 4307 1566 4378 τὴν
1597 4306 1906 4374 θανατηφό-

340 4433 444 4488 ρον
490 4411 796 4484 συμϐουλὴν
828 4409 925 4464 τοῦ
979 4407 1180 4471 Σατὰν,
1213 4405 1311 4457 καὶ
1338 4402 1407 4457 δι’
1439 4403 1610 4470 αὐτῆς
1639 4399 1771 4470 ἡμῖν
1812 4399 1911 4451 αὑ-

331 4509 449 4568 τοῖς
478 4503 664 4556 τοῦτον
692 4499 1122 4572 εἰσῳκισάμεθα,
1169 4495 1365 4566 νεκρὸν
1402 4492 1533 4547 ὅντα
1561 4491 1800 4560 πνεῦμα,
1829 4489 1906 4552 ὡς

1988 2007 2118 2069 brae,
2149 2021 2254 2060 non
2283 2022 2312 2059 a
2347 2007 2552 2060 lumine
2573 2008 2832 2076 originem
2872 2007 3154 2074 habentes,
3191 2009 3283 2063 sed
3319 2027 3383 2064 ex
3412 2012 3574 2062 lnmi~

1988 2113 2058 2154 ne
2098 2097 2345 2151 umbram
2381 2098 2637 2166 fugiente,
2678 2100 2748 2151 ita
2795 2098 2906 2153 Deo
2945 2101 3036 2168 qui
3072 2100 3187 2169 ipse
3241 2102 3352 2156 vita
3393 2112 3575 2165 est,et

1988 2190 2230 2243 omnium
2276 2177 2598 2253 viventium,
2649 2192 2949 2258 praesertim
2978 2191 3336 2261 spiritualiter
3387 2194 3577 2249 viven-

1993 2283 2148 2346 tium,
2179 2283 2285 2336 vita
2327 2291 2427 2346 est,
2455 2293 2721 2351 praesente
2769 2282 2964 2338 anima
2994 2296 3215 2350 nostra},
3247 2289 3432 2354 nequit
3465 2287 3572 2358 ipsi

1991 2373 2156 2427 simul
2201 2387 2350 2426 mors
2373 2374 2593 2427 adesse.
2626 2373 2920 2427 Deserente
2976 2385 3156 2429 autem
3194 2375 3366 2445 ipsam
3433 2377 3565 2443 Den,
3621 2395 3632 2408 ι

1989 2479 2140 2519 mors
2167 2461 2241 2517 illi
2273 2474 2355 2518 est
2384 2478 2490 2518 non
2522 2479 2588 2518 ex
2615 2463 2724 2518 Deo
2778 2466 3040 2536 originem
3092 2469 3316 2535 ltabcns,
3349 2474 3456 2524 sed
3483 2453 3574 2528 cx

1990 2565 2212 2611 auctore
2233 2555 2328 2610 Dei
2362 2556 2732 2611 derelictionis
2757 2557 2900 2626 quod
2928 2567 3010 2613 est
3029 2573 3337 2628 peccatum.
3372 2561 3574 2619 Annon

1993 2645 2185 2701 videtis
2219 2648 2492 2715 quomodo
2521 2661 2627 2700 non
2657 2662 2722 2700 ex
2757 2647 2884 2708 Deo,
2937 2651 3030 2704 sed
3066 2665 3128 2703 ex
3164 2661 3385 2724 peccato
3424 2670 3575 2724 mors

1993 2666 2185 2701 Vtueus
2219 2666 2492 2715 quontouo
2521 2666 2627 2700 non
2657 2666 2722 2700 ex
2757 2666 2884 2708 υεο,
2937 2666 3030 2704 sca
3066 2666 3128 2703 ex
3180 2669 3194 2702 )
3251 2666 3385 2707 'cato
3424 2670 3571 2724 mors

1991 2736 2239 2790 oriatur?
2269 2738 2334 2791 At
2363 2751 2638 2806 quomono
2696 2739 2933 2792 animum
2970 2666 3336 2812 deSeriFLqui
3368 2745 3571 2815 ubique

1991 2843 2232 2898 praesens
2260 2836 2346 2882 est
2368 2839 2421 2883 et
2444 2843 2471 2880 a
2512 2830 2662 2882 nullo
2700 2830 2824 2884 loco
2854 2831 3049 2888 abest?
3085 2827 3276 2890 Videte
3299 2839 3576 2907 quomodo

1994 2921 2114 2988 ipsa
2140 2920 2290 2988 prior
2339 2919 2505 2974 Deum
2551 2919 2902 2992 dere-liquerit
2931 2925 3077 2978 nulla
3105 2927 3154 2979 vi
3202 2927 3340 2981 facta
3379 2930 3579 2984 anima:

1992 3027 2155 3080 quam
2213 3025 2491 3068 creaverat
2556 3015 2808 3078 liberant,
2845 3016 2918 3069 ita
2975 3027 3036 3071 ut
3083 3019 3182 3087 ipsi
3235 3031 3424 3074 contra
3475 3038 3580 3077 nos

1994 3106 2168 3159 sitnus
2192 3105 2389 3159 divinae
2445 3106 2814 3162 d‘erelictionis
2845 3123 3045 3174 causae,
3081 3127 3192 3165 non
3244 3122 3426 3168 autem
3482 3117 3574 3186 qui

1925 3232 1968 3290 ο
2003 3195 2130 3249 fecit
2189 3212 2290 3252 nos
2349 3197 2514 3253 Deus.
2567 3198 2672 3269 Ipsi
2727 3216 2880 3271 ergo,
2935 3205 3294 3261 Ιιευῑειιιιιυε
3347 3211 3580 3278 propriae

2003 3289 2195 3342 mortis
2267 3299 2556 3355 auctores;
2642 3291 3035 3362 dereliquimus
3095 3295 3240 3350 enim
3315 3299 3407 3368 qui
3476 3317 3579 3355 nos

1997 3389 2300 3448 creaverat,
2322 3380 2413 3452 qui
2437 3396 2654 3452 semper
2675 3395 2909 3454 praesens
2933 3397 3016 3442 est
3038 3398 3091 3442 et
3115 3390 3370 3458 viviticat,
3401 3389 3588 3446 Domi-

1997 3483 2151 3538 num,
2183 3489 2292 3527 non
2323 3488 2482 3529 secus
2505 3487 2569 3530 ac
2595 3477 2688 3545 qui
2713 3477 2767 3531 in
2796 3479 2972 3533 media
2994 3479 3081 3534 die
3104 3481 3294 3535 oculos
3318 3484 3583 3539 claudunt

1999 3563 2325 3635 fugiuntque
2362 3567 2534 3622 lucem
2563 3570 2664 3624 etsi
2690 3585 2934 3639 praesens
2963 3574 3032 3627 sit
3055 3590 3260 3643 eosque
3285 3576 3584 3633 itluminet.

2003 3655 2452 3726 Derelinquentes
2482 3659 2627 3713 enim
2658 3649 2937 3716 viviﬁcum
2973 3666 3265 3719 consilium
3295 3666 3582 3738 Deumque

2001 3763 2098 3819 per
2129 3753 2622 3820 transgressionem
2670 3753 2988 3812 deserentes
3015 3765 3070 3812 et
3103 3773 3132 3812 a
3169 3761 3281 3814 vita
3318 3755 3584 3818 recedeu?

2003 3852 2104 3905 tes,
2134 3844 2475 3898 mortiferqu
2507 3845 2724 3902 Satanae
2753 3852 3043 3906 consilium
3091 3855 3326 3922 amplexi
3360 3873 3585 3924 sumus,

2002 3937 2057 3990 et
2080 3950 2176 4002 per
2234 3935 2411 4005 ipsum
2474 3938 2620 3995 hunc
2667 3940 2724 3996 ln
2784 3958 2883 3998 nos
2940 3933 3254 4002 induximus
3325 3950 3582 4018 spiritum

2005 4039 2309 4091 mortuum,
2341 4033 2467 4101 quia
2505 4032 2618 4100 jam
2679 4032 2822 4090 Deus
2875 4036 3026 4091 illum
3071 4039 3406 4107 deseruerat,
3441 4043 3592 4098 hunc

2008 4124 2202 4176 mortis
2226 4124 2484 4191 legatum,
2515 4135 2568 4180 et
2589 4133 2866 4183 auctorem
2891 4115 3219 4188 mortis'dico
3242 4135 3434 4189 anima:
3465 4151 3592 4206 qua:

2007 4227 2258 4284 separata
2291 4231 2322 4270 ε
2353 4217 2484 4284 Deo,
2509 4218 2664 4286 juxta
2695 4222 2860 4276 verba
2893 4221 3066 4288 Pauli,
3089 4225 3206 4278 viva
3233 4236 3446 4280 mortua
3477 4241 3590 4282 est.

2009 4307 2072 4361 Et
2104 4309 2259 4379 pejor
2289 4323 2464 4366 morte
2493 4313 2664 4381 ipsius
2704 4314 2813 4369 vita
2837 4325 2937 4370 est.
2971 4316 3126 4385 Pigra
3156 4316 3302 4370 enim
3330 4319 3396 4371 ad
3423 4334 3593 4373 omne

2013 4419 2148 4470 opus
2183 4402 2413 4471 bonum,
2453 4407 2650 4461 ardens
2688 4419 2771 4462 est
2802 4410 2872 4462 ad
2907 4425 3069 4465 omne
3099 4411 3326 4479 malum,
3356 4415 3458 4467 sibi
3483 4411 3595 4483 ipsi

2011 4497 2324 4552 eunsiliaria
2371 4499 2741 4555 indesinenter
2792 4515 2890 4555 sua
2949 4504 3227 4558 mortifera
3279 4504 3597 4574 impellente

332 4564 601 4670 πρότερον
635 4564 808 4650 οιιῖιτὶιν⁷
841 4564 1281 4662 ἐγκαταλιπόντα
1328 4587 1481 4654 Θεὸν,
1542 4585 1638 4638 καὶ
1689 4580 1897 4652 νεκρὼ·

2011 4588 2212 4642 malitia
2245 4590 2312 4642 ad
2343 4589 2528 4660 pejora
2549 4593 2779 4658 promit.
2799 4587 2950 4645 Multi
2968 4590 3196 4647 forsitan
3214 4564 3481 4647 Adamum
3499 4606 3597 4645 ar-

337 4708 478 4754 σεως
498 4694 626 4765 ἡμῖν
653 4689 720 4744 δι’
743 4685 936 4741 ἑαυτοῦ
970 4685 1261 4752 γενόμενον
1288 4680 1566 4751 πρόξενον,
1591 4677 1688 4765 και
1705 4673 1913 4744 νεκρώ-

344 4801 484 4847 σεως
517 4763 599 4835 ἔτι
625 4783 725 4851 τῆς
764 4781 906 4834 κατὰ
937 4777 1120 4847 ψυχὴν
1157 4775 1322 4842 λέγω,
1365 4771 1487 4842 ἥτις
1521 4763 1709 4841 ὄτανῇ
1737 4784 1915 4838 κεχω-

348 4878 579 4946 ρισμένη
608 4873 772 4938 Θεοῦ,
817 4874 960 4925 κατὰ
992 4868 1204 4920 Παῦλον
1240 4867 1437 4931 εἰπεῖν,
1471 4863 1622 4929 ζῶσα
1661 4862 1912 4929 τέθνηκε.

345 4967 566 5023 Μᾶλλον
607 4967 662 5021 δὲ
699 4966 795 5020 καὶ
824 4964 1058 5017 θανάτου
1091 4959 1292 5031 χείρων
1317 4958 1486 5027 αὐτῆς
1514 4957 1546 5026 ή
1590 4954 1702 5025 ζωή
1723 4967 1738 4984 ·
1769 4951 1921 5022 ἀργὴ

346 5066 456 5130 γὰρ
488 5055 622 5113 οὖσα
660 5059 796 5128 πρὸς
848 5055 956 5107 πᾶν
998 5051 1222 5121 ἀγαθὸν,
1268 5049 1498 5120 ἐνεργὴς
1537 5045 1746 5116 γίνεται
1776 5045 1914 5115 πρὸς

344 5157 453 5208 πᾶν
502 5156 774 5225 πονηρδν,
830 5148 1218 5209 αὐτεπίδουλος
1257 5144 1412 5211 οῦσα,
1471 5143 1568 5197 καὶ
1602 5139 1917 5210 comem,

342 5248 516 5318 κακίᾳ
531 5247 796 5314 διηνεκεῖς
823 5246 958 5314 πρὸς
983 5243 1052 5294 τὰ
1077 5240 1245 5311 χείρω
1264 5239 1465 5308 ἑαυτὴν
1485 5234 1912 5310 συνελαύνουσα.

341 5342 498 5411 Τάχα
535 5339 722 5392 πολλοὶ
750 5341 840 5390 τὸν
881 5336 1053 5404 Ἀδὰμ
1082 5333 1386 5396 αἰτιῶνται,
1421 5329 1540 5392 πῶς
1573 5326 1809 5389 εὐκόλως
1837 5324 1917 5396 τῷ

344 5433 568 5503 πονηρῷ
617 5429 908 5501 συμϐούλῳ
934 5429 1176 5488 πεισθεὶς
1217 5427 1316 5494 τὴν
1349 5421 1498 5474 θείαν
1526 5419 1794 5490 ηθέτησεν
1821 5419 1912 5472 ὲν-

343 5523 528 5592 τολὴν,
578 5523 673 5574 καὶ
717 5520 805 5573 διὰ
854 5517 957 5588 τῆς
995 5516 1251 5585 τοιαύτης
1295 5512 1606 5580 ἀθετήσεως
1651 5511 1783 5580 ἡμῖν
1821 5513 1912 5564 τὸν

2011 4689 2206 4750 guunt,
2239 4681 2384 4749 quod
2412 4691 2522 4735 tant
2563 4680 2720 4736 facile
2757 4683 3015 4737 tentatori
3062 4686 3290 4738 credens
3321 4682 3416 4738 Dei
3441 4700 3601 4738 man-

2014 4773 2202 4826 datum
2258 4773 2547 4828 violaverit
2581 4783 2632 4828 et
2686 4790 2784 4843 per
2831 4775 2997 4844 hujus
3041 4776 3387 4831 violationetn
3436 4780 3602 4832 nobis

2018 4877 2250 4920 mortem
2278 4869 2586 4923 attraxerit.
2653 4868 2884 4922 Dedecet
2913 4869 3160 4932 omnino,
3211 4882 3336 4924 ante
3383 4869 3604 4935 asperi»

2021 4965 2264 5012 mentum
2299 4959 2436 5012 velle
2459 4961 2525 5012 de
2555 4957 2740 5028 aliqua
2770 4959 3047 5013 mortifera
3077 4966 3299 5028 gustare
3331 4961 3514 5029 planta
3542 4974 3598 5018 et

2021 5051 2087 5104 de
2125 5051 2243 5120 ipsa
2306 5066 2404 5121 per
2459 5051 2848 5119 experientiam
2907 5062 2965 5105 ut
3031 5053 3315 5107 mortifera
3381 5057 3602 5123 Cognita

2016 5145 2349 5197 manducare
2382 5142 2562 5196 adhuc
2614 5145 2960 5197 continuare.
2988 5142 3340 5198 Damnandus
3365 5153 3447 5198 est
3468 5161 3601 5200 sane

2017 5236 2193 5304 magis
2247 5235 2341 5304 qui
2409 5243 2533 5305 post
2583 5237 3016 5304 experimentum
3077 5251 3412 5290 venenosum
3465 5236 3599 5304 quid

2018 5329 2320 5382 absorbens
2381 5325 2433 5379 in
2479 5341 2538 5382 se
2579 5327 2773 5396 "ipsum
2823 5327 3024 5382 misere
3078 5339 3308 5382 mortem
3348 5331 3601 5392 attrahit,

2025 5434 2190 5488 quam
2233 5418 2326 5472 ille
2352 5417 2444 5487 qui
2479 5417 2630 5472 nullo
2649 5417 2829 5472 adhuc
2866 5418 3015 5472 facto
3034 5419 3432 5488 experimento,
3459 5418 3600 5472 idem

2023 5515 2135 5584 agit
2167 5521 2222 5567 et
2252 5512 2475 5582 patitur.
3587 5525 3590 5530 ·

349 5613 578 5667 θάνατον
612 5611 1014 5682 προεξένησεν·
1048 5608 1164 5662 ἀλλ’
1191 5607 1291 5658 οὐκ
1339 5605 1490 5656 ἐστιν
1526 5603 1640 5655 ῖσον
1685 5604 1792 5674 πρὸ
1817 5607 1918 5675 τῆς
1957 5607 2154 5677 πείρας
2195 5602 2452 5673 ἐθελῆσαι
2487 5601 2794 5670 γεύσασθαι
2857 5601 3170 5674 θανασίμου
3210 5603 3356 5667 τινὸς
3443 5603 3604 5672 βοτά-

346 5724 470 5777 νης,
501 5708 595 5760 καὶ
626 5707 763 5777 μετὰ
789 5705 852 5758 τὸ
887 5705 1081 5777 μαθεῖν
1127 5701 1216 5755 διὰ.
1266 5701 1461 5771 πείρας
1507 5697 1812 5768 θανάσιμον
1877 5697 2074 5771 οὖσαν,
2164 5697 2275 5754 ἀπὸ
2342 5696 2553 5768 ταύτης
2605 5697 2794 5750 ποθεῖν
2855 5697 3095 5750 ἐσθίειν·
3159 5701 3443 5768 μεμπτὲος
3495 5699 3606 5768 γὰρ

423 5910 470 5944 ⁷³
498 5909 638 5966 Psal.
679 5923 844 5977 um,
876 5910 930 5965 9.
