4014 6446
517 363 623 432 391

1753 368 2133 430 GREGORII
2180 367 2501 430 PALAMA!

3649 359 3740 426 392

511 482 716 550 μᾶλλον
758 481 786 534 6
837 479 979 550 μετά
1008 478 1105 548 τὴν
1152 479 1344 549 πεῖραν
1394 478 1549 534 σπῶν
1578 478 1674 534 τοῦ
1723 479 2080 551 δηλητηρίου,
2125 482 2219 534 καὶ
2283 479 2375 534 τὸν
2439 477 2672 532 θάνατον
2711 475 2914 540 ἀθλίως
2966 475 3101 548 πρὸς
3150 473 3343 528 ἑαυτὸν
3384 472 3739 545 ίιφελκόμενος,

507 572 604 627 τοῦ
655 573 766 644 πρὸ
815 573 914 642 τῆς
947 569 1143 641 πείρας
1175 571 1334 624 τοῦτο
1377 572 1714 642 πράττοντός
1762 591 1820 627 τε
1855 575 1948 626 καὶ
1985 573 2316 643 πάσχοντος.
3275 571 3282 575 ’
3811 581 3830 598 "

578 663 824 719 Adamns
874 678 1006 733 ergo
1053 673 1180 717 ante
1241 664 1369 718 mali
1429 664 1894 732 experimentum.
1925 667 2077 720 malo
2113 675 2156 726 Α

508 753 830 809 cmisiliario
869 752 1126 814 credens.
1164 753 1292 808 boni
1325 753 1624 807 consilium
1663 759 2090 819 mandatumque

508 844 722 914 rejecit.
778 844 1021 914 Quisque
1062 853 1316 899 nostrum
1388 844 1541 910 illud,
1577 847 1738 910 eheu,
1797 845 1928 900 facit
1967 853 2090 914 post

506 935 948 1006 experimentum
1000 945 1054 990 et
1106 938 1378 990 minarum
1414 935 1914 1005 adimpletionem;
1969 937 2090 990 ideo

507 1025 913 1095 singulijmagis
964 1029 1229 1098 arguendi
1264 1027 1670 1098 damnandique
1705 1045 1898 1084 sumus
1921 1044 2084 1097 quam

503 1121 764 1172 Adamus.
814 1117 882 1171 At
943 1133 1070 1171 vero
1129 1119 1273 1173 inter
1340 1134 1439 1174 nos
1478 1136 1583 1174 non
1653 1130 1901 1189 superest
1955 1121 2086 1177 illud

507 1209 710 1275 lignum
737 1219 789 1260 et
817 1207 1028 1262 nullum
1067 1217 1153 1262 est
1186 1210 1504 1264 mandatum
1548 1210 1615 1265 de
1647 1213 1764 1279 ipso
1794 1211 2086 1267 comedere

507 1301 832 1368 prohibens.
883 1301 1117 1370 Lignum
1173 1303 1393 1370 quidem
1452 1304 1595 1358 inter
1655 1320 1755 1358 nos
1805 1319 1912 1357 non
1959 1313 2084 1366 est,

505 1396 663 1445 adest
693 1403 875 1446 autem
925 1402 980 1445 et
1019 1409 1160 1447 nunc
1211 1393 1372 1448 nobis
1425 1395 1518 1448 Dei
1557 1398 1898 1462 mandatum,
1938 1398 2083 1466 quod

507 1484 682 1552 ipsum
739 1485 1008 1538 facientes
1057 1494 1114 1538 et
1167 1486 1468 1540 secundum
1526 1487 1702 1556 ipsum
1764 1490 1946 1544 vivere
1995 1503 2089 1543 vo-

507 1576 704 1642 lentes,
741 1591 770 1630 a
802 1579 1151 1647 propriorum
1189 1590 1341 1632 reatu
1372 1572 1726 1647 peccatorum
1773 1589 1829 1635 et
1867 1583 1934 1634 ab
1969 1581 2083 1634 Ori-

506 1667 673 1735 ginali
707 1669 1090 1722 maledictione
1116 1679 1168 1722 et
1195 1669 1546 1724 damnatione
1578 1672 1768 1726 liberat
1792 1689 1806 1738 ;
1832 1672 1925 1742 qui
1953 1688 2085 1728 vero

503 1759 684 1828 ipsum
728 1762 1025 1828 repellunt,
1057 1761 1218 1830 eique
1257 1762 1479 1832 maligni
1520 1765 1819 1819 consilium
1862 1773 1917 1820 et
1952 1781 2082 1836 pec-

502 1862 684 1904 catum
724 1861 1090 1922 anteponunt,
1125 1853 1178 1907 in
1211 1853 1355 1908 hanc
1387 1854 1529 1925 ignis
1561 1859 1746 1911 aeterni
1777 1859 2081 1929 gehennam

491 1941 725 1998 diabolo
758 1952 813 1998 et
845 1945 1056 2015 angelis
1094 1947 1213 2015 ejus
1259 1948 1589 2016 promissam
1631 1959 1686 2004 et
1715 1960 2080 2022 praeparatam

2271 663 2330 716 Ὀ
2382 663 2484 733 μὲν
2514 660 2609 715 οὐν
2659 660 2834 728 ’Δδάμ
2869 657 2981 728 πρὸ
3035 659 3137 728 τῆς
3177 656 3376 728 πείρας
3421 657 3496 728 τῷ
3541 657 3742 729 πονηρῷ

2390 754 2680 825 συμϐούλῳ
2715 753 2988 814 πεισθεὶς,
3031 751 3247 828 παρέϐη
3282 751 3378 818 τὴν
3421 749 3512 803 τοῦ
3557 751 3742 816 ἀγαθοῦ

2194 845 2510 918 συμϐουλήν
2548 863 2608 900 τε
2638 845 2730 899 καὶ
2776 845 2998 916 ἐντολήν
3017 860 3033 875 ·
3061 842 3220 914 ήμῶν
3260 842 3317 896 δὲ
3352 842 3578 904 ἕκαστος
3603 841 3744 895 τοῦτο

2191 941 2425 1009 πράττει
2461 939 2598 1010 φεῦί
2635 938 2777 1008 μετὰ
2806 939 2905 1009 τὴν
2945 939 3143 1008 πεῖραν
3171 937 3264 988 καὶ
3295 935 3393 1006 τὴν
3415 933 3627 988 ἔκϐασιν
3649 933 3745 988 τῶν

2190 1032 2578 1102 ήπειλημένων
2600 1050 2613 1065 ·
2640 1030 2720 1083 διὸ
2759 1029 2856 1084 καὶ
2898 1029 3288 1098 περισσότερον
3328 1026 3484 1096 ἡμῶν
3512 1026 3742 1088 ἕκαστος,

2189 1123 2221 1193 ἢ
2265 1125 2292 1175 6
2331 1124 2503 1192 ’Δδάμ
2553 1125 2760 1185 ἐκεῖνος
2797 1123 3078 1191 μεμπτέος
3123 1121 3243 1173 ἐστὶ
3289 1119 3387 1171 καὶ
3416 1118 3743 1187 κατάκριτος.

2203 1215 2345 1268 Ἀλλ’
2377 1215 2478 1268 οὐκ
2516 1213 2669 1268 ἔστιν
2717 1217 2776 1266 ἐν
2818 1215 2950 1284 ἡμῖν
2981 1213 3158 1265 έκεῖνο
3192 1211 3254 1264 τὸ
3301 1210 3475 1276 ξύλον,
3519 1209 3636 1262 οὐδὲ
3663 1207 3744 1262 τοῦ

2187 1307 2323 1360 Θεοῦ
2351 1307 2446 1360 νῦν
2475 1309 2590 1360 ἐστι
2618 1307 2755 1378 πρὸς
2795 1308 2944 1375 ἡμᾶς
2969 1304 3160 1374 ἐντολή
3205 1303 3303 1374 τὴν
3335 1303 3548 1356 ἐκείνου
3575 1300 3745 1370 γεῦσιν

2189 1396 2636 1467 ἀπαγορεύουσα.
2675 1395 2834 1450 Τοῦτ’
2880 1395 3013 1448 αὐτὸ
3043 1395 3144 1465 μὲν
3185 1395 3364 1447 ἐκεῖνο
3395 1394 3455 1446 τὸ
3484 1392 3632 1459 ξύλον
3659 1393 3746 1444 οὐκ

2187 1491 2338 1546 ἔστιν
2367 1495 2425 1546 ὲν
2471 1493 2608 1562 ἡμῖν
2639 1491 2792 1557 ἴσως,
2827 1493 2860 1560 ἡ
2891 1491 2948 1544 δὲ
2988 1489 3084 1543 τοῦ
3129 1489 3266 1543 Θεοῦ
3301 1488 3490 1558 ἐντολὴ
3539 1487 3630 1543 καὶ
3661 1486 3744 1542 νῦν

2186 1589 2318 1658 ἡμῖν
2349 1587 2606 1656 πάρεστι,
2645 1587 2773 1650 τούς
2801 1586 2901 1655 μὲν
2932 1585 3068 1656 αὐτῇ
3111 1583 3488 1654 πειθομένους,
3517 1583 3609 1637 καὶ
3636 1582 3743 1634 κατ’
3791 1583 3794 1586 ’

2186 1680 2358 1751 αὐτὴν
2381 1679 2480 1750 ζῇν
2510 1679 2816 1743 ἐθέλοντας,
2846 1680 2946 1748 τῆς
2971 1677 3078 1730 τῶν
3101 1676 3340 1731 οίκείων¹
3351 1677 3564 1730 πάντων
3586 1676 3745 1744 ἀμαρ-

2184 1773 2447 1843 τημάτων
2508 1771 2762 1839 εὐθύνης,
2817 1769 2914 1823 καὶ
2969 1768 3068 1839 τῆς
3103 1769 3442 1838 προγονικῆς
3484 1768 3618 1836 ἀρᾶς
3662 1769 3746 1821 καὶ

2185 1863 2484 1934 καταδίκης
2523 1862 2908 1932 ἐλευθεροῦσα,
2945 1861 3075 1924 τούς
3107 1860 3163 1913 δὲ
3187 1861 3282 1914 καὶ
3310 1860 3408 1913 νῦν
3445 1861 3608 1930 αὐτὴν
3636 1861 3746 1912 ἀθε-

2184 1957 2435 2023 τοῦντας,
2466 1959 2561 2010 καὶ
2607 1971 2996 2026 προτιμωντας
3043 1953 3216 2022 αὐτῆς
3259 1954 3366 2024 τὴν
3392 1951 3486 2008 τοῦ
3523 1949 3744 2024 πονηροῦ

503 2033 818 2090 mittuntur.
853 2036 1178 2104 iQuodnam
1249 2055 1379 2110 ergo
1455 2057 1598 2098 nunc
1650 2045 1811 2100 nobis
1867 2045 2076 2100 incum-

2188 2051 2500 2122 συμϐουλήν
2527 2069 2586 2104 τε
2621 2051 2718 2106 καὶ
2747 2049 3082 2121 προσϐολήν,
3129 2050 3210 2113 είς
3241 2047 3342 2120 τὴν
3392 2047 3744 2118 ἠπειλημένην

503 2123 584 2180 hit
642 2125 735 2180 Dei
792 2128 1176 2183 mandatum?
1256 2128 1601 2198 Pmnitentia,
1667 2134 1826 2205 cujus
1895 2137 2082 2208 regula

501 2215 778 2286 prazcipua
873 2227 956 2274 est

506 2307 645 2363 Cum
682 2309 829 2364 enim
861 2325 892 2366 e
938 2311 1061 2368 loco
1095 2312 1296 2369 divina:
1334 2315 1632 2386 voluptatis
1677 2317 1840 2388 ejecti
1889 2335 2082 2376 sumus

497 2398 760 2470 justeque
801 2401 869 2456 de
916 2403 1172 2472 paradiso
1201 2403 1296 2461 Dei
1327 2407 1566 2476 expulsi,
1599 2416 1655 2463 et
1692 2407 1746 2463 in
1789 2409 1890 2464 hoc
1921 2411 2086 2467 bara-

499 2491 686 2546 thrum
718 2491 1047 2559 incidimus,
1078 2503 1132 2549 et
1165 2509 1289 2550 cum
1326 2497 1660 2553 animalibus
1701 2499 1878 2555 brutis
1916 2502 2084 2556 coha-

499 2583 677 2639 bitare
707 2587 1149 2658 commorarique
1187 2588 1391 2647 fuimus
1421 2595 1686 2652 damnati.
1727 2603 1782 2649 et
1808 2595 1958 2648 omni
1986 2610 2082 2666 spe

495 2677 746 2733 destituti
774 2678 977 2737 fuimus
1030 2690 1194 2752 atque
1225 2698 1253 2738 a
1278 2691 1628 2741 revocatione
1670 2686 1724 2740 in
1759 2687 2073 2756 paradisum

497 2784 940 2836 removereuius,
979 2782 1109 2829 tunc
1166 2775 1281 2844 ipsa
1309 2777 1528 2846 justitia
1549 2793 1769 2848 pmnam
1793 2779 2078 2837 sustinens

493 2876 590 2915 seu
625 2862 810 2932 potius
852 2864 1003 2936 juste
1052 2866 1227 2936 ipsam
1271 2869 1324 2922 in
1381 2884 1482 2924 nos
1519 2870 1706 2925 venire
1741 2873 2072 2938 cont-edens,

491 2967 723 3010 excessu
763 2955 1029 3012 bonitatis
1071 2967 1127 3012 et
1158 2962 1366 3014 amoris
1395 2975 1525 3032 erga
1558 2963 1834 3029 homines,
1868 2979 1965 3032 per
1995 2964 2076 3030 vi-

493 3061 652 3102 scera
677 3047 1079 3106 misericordia:
1107 3067 1243 3118 suae,
1281 3069 1452 3124 usque
1487 3055 1553 3108 ad
1586 3069 1686 3110 nos
1721 3065 1942 3126 propter
1972 3069 2074 3112 nos

492 3140 801 3216 descendit,
835 3149 892 3196 et
932 3150 992 3197 ut
1022 3145 1273 3213 exemplo
1325 3160 1428 3199 suo
1474 3129 1695 3202 doceret
1722 3147 2070 3218 salt-aretque

490 3229 737 3287 salutare
786 3235 1128 3302 poenitentiae
1175 3238 1474 3292 consilium
1521 3247 1577 3294 et
1620 3249 1950 3310 praeceptum
1980 3250 2067 3297 at-

1037 2221 1106 2275 de
1189 2221 1396 2278 illicitis
1491 2226 1719 2281 omnino
1786 2227 2089 2285 abstinere.

2189 2143 2270 2212 τῷ
2300 2142 2533 2212 διαϐόλῳ
2586 2141 2683 2196 καὶ
2729 2141 3256 2212 προητοιμασμένην
3284 2140 3503 2194 αἰώνων
3549 2139 3743 2208 ἐκείνην

2184 2239 2412 2306 γέενναν
2455 2234 2552 2290 τοῦ
2580 2235 2751 2306 πυρὸς
2781 2235 3255 2306 παραπέμπουσα.
3289 2233 3389 2296 Τίς
3419 2229 3513 2286 οὖν
3551 2233 3688 2284 ἐστιν
3712 2232 3741 2302 ή

2185 2328 2283 2382 νῦν
2315 2329 2448 2399 ἡμῖν
2482 2327 2620 2397 αῦτη
2653 2327 2991 2396 προκειμένη
3033 2324 3129 2377 τοῦ
3165 2323 3304 2376 Θεοῦ
3347 2321 3568 2393 ἐντολής
3599 2325 3631 2392 ή
3662 2335 3746 2389 με·

2184 2421 2402 2475 τάνοια⁹
2437 2415 2505 2492 ἦς
2530 2420 2591 2473 τὸ
2619 2418 2918 2488 κεφάλαιον
2936 2417 3046 2471 τῶν
3069 2417 3538 2488 ἀπηγορευμένων
3563 2411 3741 2486 μηκέτι

2179 2512 2408 2581 ψαύειν’
2443 2513 2566 2564 ἐπεὶ
2593 2513 2703 2582 γάρ
2741 2509 3132 2581 ἀπερῤίφημεν
3167 2507 3265 2563 τοῦ
3293 2509 3498 2580 χωρίου
3535 2509 3628 2576 τῆς
3664 2508 3741 2559 ὲν-

2181 2601 2304 2656 θέου
2337 2601 2574 2673 τρυφῆς,
2605 2601 2700 2654 καὶ
2718 2599 3169 2671 ἀπεκλείσθημεν
3189 2599 3286 2653 τοῦ
3319 2599 3638 2672 παραδείσου
3655 2593 3740 2650 τοῦ

2180 2694 2318 2748 Θεοῦ
2370 2694 2621 2758 δικαίως,
2671 2691 2767 2745 καὶ
2831 2692 2911 2754 είς
2964 2691 3026 2744 τδ
3077 2691 3358 2764 βάραθρον
3395 2691 3551 2746 τοῦτο
3586 2683 3740 2745 κατα.

2181 2783 2581 2854 πεπτώκαμεν,
2629 2781 2725 2836 καὶ
2757 2783 3030 2837 συνοικεῖν
3082 2783 3177 2836 καὶ
3208 2783 3616 2838 συνδιαιτᾶσθαι
3642 2779 3741 2844 τοῖς

2174 2877 2394 2944 ἀλόγοις
2438 2875 2600 2940 ζώοις
2636 2873 3136 2945 κατεδικάσθημεν,
3169 2875 3264 2929 καὶ
3309 2875 3592 2938 ἀνέλπιδες
3623 2888 3740 2927 κατι

2176 2969 2440 3038 έστημεν,
2471 2968 2596 3020 ὅσον
2626 2966 2688 3020 τὸ
2733 2967 2814 3030 είς
2847 2966 2995 3038 ἡμᾶς
3025 2961 3183 3039 ἧκον,
3216 2968 3323 3037 τῆς
3355 2968 3492 3039 πρὸς
3519 2967 3607 3020 τὸν
3647 2981 3738 3018 πα·

2177 3061 2429 3129 ράδεισον
2466 3058 2840 3130 ἀνακλήσεως,
2882 3057 3045 3121 αὐτὸς
3086 3059 3116 3113 6
3153 3059 3474 3131 δικαιοσύνῃ
3507 3057 3622 3111 τότε
3651 3055 3739 3124 τὴν

2173 3154 2332 3224 δίκην
2359 3150 2695 3223 ιπενεγκὼν,
2723 3149 2925 3224 μᾶλλον
2950 3150 3007 3206 δὲ
3031 3149 3254 3215 δικαίως
3277 3150 3492 3221 ταύτην
3510 3147 3736 3203 ἐπελθεῖν

2173 3248 2307 3319 ἡμῖν
2343 3247 2729 3316 συγχωρήσας,
2782 3242 3058 3331 ὑπερϐολῇ
3092 3240 3187 3296 νῦν
3219 3242 3628 3315 φιλανθρωπίας
3656 3237 3738 3292 καὶ

488 3322 620 3427 tulit
652 3323 840 3381 dicens
870 3341 890 3379 :
928 3326 1348 3384 «Pmnitentiam
1381 3330 1526 3402 agite
1549 3373 1567 3399 ,
1609 3333 2070 3404 appropinquavit

2177 3337 2536 3408 ἀγαθότητος,
2589 3337 2679 3392 διά
2739 3322 3034 3408 σπλάγχνα
3091 3336 3276 3396 ελέους
3323 3335 3513 3400 αὐτοῦ,
3565 3333 3737 3404 μέχρις

488 3413 637 3470 enim
689 3432 917 3487 regnum
967 3420 1234 3476 calorum
1263 3423 1327 3476 ⁷⁵.
1371 3441 1391 3474 ι
1436 3422 1764 3496 Priusquam
1813 3427 2068 3482 incarna-

493 3515 650 3561 retur
667 3505 908 3565 Verbum
943 3510 1062 3578 Dei,
1098 3523 1309 3570 tantum
1331 3515 1571 3573 distabat
1603 3533 1635 3574 a
1663 3518 1820 3574 nobis
1845 3534 2074 3590 regnum

500 3598 617 3664 Dei,
661 3611 930 3667 quantum
963 3603 1132 3661 distat
1167 3608 1368 3663 ctelum
1401 3625 1431 3663 a
1469 3618 1648 3678 terra.
1704 3609 1840 3671 Cum
1889 3620 2074 3666 autent

490 3705 583 3744 rex
618 3695 886 3758 caelorum
931 3697 1224 3754 nobiscum
1263 3712 1623 3756 conversatus
1677 3711 1761 3758 est
1807 3711 1862 3756 et
1916 3703 2081 3758 babi-

491 3785 654 3848 tavit,
689 3787 1157 3859 appropinquavit
1187 3790 1255 3844 ad
1290 3806 1390 3846 nos
1423 3806 1618 3848 onmes
1659 3807 1887 3863 regnum
1920 3792 2036 3847 Dei.
2065 3853 2068 3856 ,

2178 3429 2338 3500 ήμῶν
2371 3428 2511 3498 ὐπερ
2543 3425 2706 3496 ἡμῶν
2737 3425 3002 3496 κατῆλθε,
3058 3426 3152 3478 καὶ
3181 3423 3311 3479 καθ’
3361 3425 3506 3496 ἡμᾶς
3532 3423 3741 3490 γενόμεο

2175 3537 2267 3584 νος
2297 3517 2699 3589 ἀναμαρτήτως
2723 3516 3033 3588 ἄνθρωπος,
3067 3515 3156 3572 ῖνα
3183 3514 3262 3586 τῷ
3299 3517 3477 3587 όμοίφ
3496 3515 3555 3568 τὸ
3573 3510 3740 3584 ὅμοιον

2173 3608 2465 3682 ἀναδιδάξῃ
2498 3607 2594 3664 καὶ
2625 3605 3003 3678 ἀνασώσηται,
3033 3607 3135 3679 τὴν
3167 3609 3442 3680 σωτήριον
3469 3607 3566 3678 τῆς
3591 3619 3741 3676 μετα·

2172 3700 2322 3764 νοίας
2356 3699 2648 3770 εἰσήνεγκε
2701 3696 3019 3768 συμϐουλήν
3063 3713 3123 3750 τε
3173 3698 3271 3750 καὶ
3329 3698 3570 3768 δντολήν,
3618 3693 3740 3765 πρὸς

2172 3793 2320 3863 ἡμᾶς
2352 3790 2524 3846 εἰπών
2544 3807 2560 3822 ο
2603 3807 2621 3842 ι
2664 3789 3022 3858 Μετανοεῖτε,
3051 3788 3135 3842 ὅτι
3165 3790 3403 3860 ήγγικεν
3431 3791 3466 3862 ή
3512 3787 3741 3859 βασιλεία

486 3873 598 3930 τῶν
623 3877 906 3947 οὐρανῶνο
968 3901 986 3934 ι
1027 3882 1133 3951 πρὸ
1187 3883 1286 3954 μὲν
1319 3883 1428 3954 γάρ
1461 3884 1563 3954 τῆς
1595 3884 2064 3956 ὲνανθρωπήσεως
2102 3885 2197 3939 τοῦ
2227 3886 2403 3954 Λόγου
2449 3883 2548 3938 τοῦ
2590 3881 2747 3947 Θεοῦ,
2783 3882 2910 3936 ὅσον
2948 3884 2976 3936 6
3062 3881 3296 3953 οὐρανὸς
3351 3883 3459 3936 ἀπὸ
3501 3882 3596 3951 τῆς
3649 3876 3740 3946 γῆς

485 3969 708 4040 ἀπέχει,
739 3969 962 4026 τοσοῦτο
1005 3977 1225 4045 μακρὰν
1261 3975 1417 4047 ήμῶν
1475 3971 1543 4048 ἦν
1593 3979 1628 4049 ὴ
1683 3977 1933 4048 βασιλεία
1961 3977 2071 4031 τῶν
2107 3977 2354 4047 οὐρανῶν
2377 3993 2390 4007 ·
2423 3975 2520 4030 τοῦ
2585 3975 2640 4028 δὲ
2676 3974 2949 4046 βασιλέως
2980 3972 3091 4028 τῶν
3123 3974 3377 4043 οὐρανῶν
3411 3976 3543 4047 ἡμῖν
3603 3973 3740 4044 ἔνδη-

493 4069 789 4140 μήσαντος,
817 4072 912 4125 καὶ
943 4072 1043 4143 τὴν
1072 4073 1193 4142 μεθ’
1228 4074 1384 4145 ήμῶν
1415 4076 1614 4130 ἕνωσιν
1651 4077 2066 4147 εὐδοκήσαντος,
2107 4078 2336 4148 ήγγισεν
2367 4075 2502 4146 ήμῖν
2533 4075 2702 4129 πᾶσιν
2724 4075 2758 4144 ή
2787 4071 3040 4144 βασιλεία
3095 4073 3206 4128 τῶν
3276 4073 3547 4146 οὐρανῶν.

559 4164 944 4223 Paenitentiam
981 4185 1208 4242 agamus
1237 4186 1390 4242 ergo,
1431 4169 1629 4228 fratres
1652 4173 1782 4240 mei,
1811 4175 2063 4239 obsecro,

485 4265 544 4310 ct
584 4256 855 4313 faciamus
889 4257 1084 4332 dignos
1117 4259 1337 4316 fructus
1385 4261 1750 4331 pmnitcntiae,
1799 4273 1856 4317 ut
1891 4264 2065 4318 coelo-

487 4364 612 4402 rum
657 4365 888 4420 regnum
922 4353 1244 4407 haereditate
1284 4354 1602 4421 capiamus;
1637 4357 1706 4408 ad
1741 4369 1840 4408 nos
1867 4367 2069 4424 appro-

487 4447 793 4518 pinquavit,
825 4464 930 4502 non
972 4449 1042 4504 ab
1083 4464 1150 4503 eo
1197 4450 1520 4504 recedamus
1571 4464 1668 4519 per
1699 4448 1840 4505 mala
1875 4463 2064 4518 opera.

489 4541 646 4605 Quod
693 4542 869 4595 nescit
901 4554 1161 4595 occasum
1201 4541 1385 4596 lumen
1423 4542 1606 4596 illuxit
1644 4541 1822 4606 nobis,
1861 4541 1916 4594 in
1955 4539 2065 4593 cla-

489 4635 648 4688 ritate
694 4632 815 4703 ejus
840 4635 1186 4689 ambulemus
1223 4649 1320 4703 per
1365 4634 1508 4688 bona
1546 4649 1755 4704 opera;
1807 4632 2063 4702 apparuit

488 4724 599 4778 vita
636 4734 861 4802 acterna,
899 4726 1041 4780 hanc
1073 4726 1434 4795 acquit-amus
1462 4739 1559 4795 per
1592 4727 1854 4780 virtutum
1895 4739 2064 4794 opera

2250 4171 2698 4240 Μετανοήσωμεν
2727 4163 2843 4234 οὖν,
2868 4169 3108 4238 ἀδελφοὶ,
3135 4170 3470 4239 παρακαλῶ,
3497 4169 3590 4224 καὶ
3619 4183 3740 4238 καρο

2173 4263 2309 4327 πούς
2339 4260 2523 4326 ἀξίους
2555 4260 2660 4328 τῆς
2716 4261 3009 4331 μετανοίας
3035 4260 3470 4331 ἔπιδειξώμεθα,
3521 4263 3608 4318 ῐνα
3649 4259 3739 4330 τὴν

2171 4354 2283 4408 τῶν
2333 4352 2582 4424 οὐρανῶν
2641 4351 2924 4422 βασιλείαν
2971 4353 3526 4432 ,κληρονομήσωμενο
3586 4355 3739 4422 ὶγγύς

2172 4447 2332 4518 ήμῶν
2373 4445 2514 4516 αὐτη
2543 4447 2758 4514 γέγονε,
2817 4447 2892 4519 μὴ
2943 4445 3314 4518 μακρύνωμεν
3363 4449 3514 4519 ἡμᾶς
3559 4445 3738 4506 αὐτοὺς

2170 4540 2283 4596 ἀπὸ
2311 4538 2516 4610 ταύτης
2552 4541 2720 4610 ἡμεῖς.
2759 4539 2847 4592 διὰ
2872 4539 2983 4593 τῶν
3017 4539 3193 4611 ἔργων
3223 4539 3335 4592 τῶν
3371 4539 3640 4613 πονηρῶν.
3674 4535 3740 4590 Τὸ

2170 4631 2472 4702 ἀνέσπερον
2495 4633 2627 4706 ἡμῖν
2657 4631 2943 4703 ἐπέλαμψε
2969 4632 3085 4700 φῶς
3107 4647 3122 4663 ο
3148 4631 3466 4705 ὁδεύσωμεν
3492 4633 3624 4704 πρὸς
3649 4629 3740 4698 τὴν

2168 4723 2378 4795 λάμψιν
2411 4723 2580 4778 αὐτοῦ
2617 4724 2707 4778 διά
2733 4724 2844 4779 τῶν
2873 4724 3054 4796 ἔργων
3085 4725 3198 4778 τῶν
3237 4727 3484 4796 ἀγαθῶν.
3524 4725 3587 4780 Ἦ
3616 4722 3739 4777 αἰώ-

483 4828 751 4885 quantum
811 4821 1139 4887 poterimus.
1193 4820 1296 4884 Qui
1351 4832 1457 4873 nos
1491 4817 1766 4871 beatificat
1808 4818 2064 4872 Christus

2177 4834 2276 4880 νιος
2306 4816 2627 4886 ἐφανερώθη
2681 4813 2797 4885 ζωή
2821 4830 2836 4846 ·
2892 4815 3314 4886 ἀντιλαϐώμεθα
3355 4819 3554 4886 ταύτης
3588 4815 3740 4884 ἡμεῖς

482 4917 610 4961 ante
646 4924 747 4964 nos
779 4911 929 4978 prior
955 4911 1295 4965 ambulavit:
1328 4921 1551 4964 strenue
1579 4924 1875 4978 sequamur
1913 4923 2062 4964 eum.

487 4999 789 5074 Fugiamus
823 5002 1202 5059 infelicitatem
1239 5016 1432 5057 eorum
1483 5002 1576 5071 qui
1633 5006 1686 5055 in
1740 5001 1980 5056 tenebris
2010 5011 2067 5056 et

485 5095 541 5144 in
575 5095 764 5146 umbra
799 5093 995 5150 mortis
1025 5092 1245 5149 sedent.
1295 5091 1618 5157 Quaeramus
1666 5100 1720 5145 et
1765 5091 2065 5159 adimplea-

485 5200 606 5238 mus
634 5200 803 5255 opera
836 5184 1199 5254 ptenitentiaa,
1235 5184 1622 5246 humilitatem,
1675 5185 2062 5238 contritioncm

479 5286 536 5330 et
565 5278 812 5331 dolorem
842 5278 1147 5354 internum,
1173 5291 1268 5330 cor
1294 5277 1425 5330 mite
1455 5285 1509 5330 et
1540 5277 1876 5342 misericors,
1897 5277 2064 5346 justi-

483 5372 614 5423 tiam
653 5370 908 5440 diligens,
939 5369 1234 5437 puritatem
1263 5382 1552 5436 quaerens,
1600 5371 1914 5436 pacificum,
1957 5385 2058 5439 pa-

484 5461 628 5515 tiens
654 5462 708 5514 in
742 5460 1246 5529 persecutionihus,
1277 5459 1596 5526 calumniis,
1634 5461 1850 5530 injuriis
1881 5471 1934 5518 et
1957 5478 2056 5532 0p-

483 5553 720 5618 prohriis
747 5559 802 5604 et
833 5551 990 5616 malis
1018 5564 1117 5618 pro
1147 5549 1376 5605 veritate
1409 5564 1462 5606 et
1494 5552 1708 5622 jnstitia
1742 5554 2056 5618 exantlatis,

480 5658 753 5698 memores
787 5643 948 5714 hujus
1003 5642 1152 5698 verbi
1189 5661 1203 5698 :
1241 5663 1259 5696 ι
1305 5644 1456 5701 Beati
1522 5661 1788 5717 pauperes
1819 5648 2013 5718 Spiritu
2039 5687 2055 5713 ,

551 5825 599 5858 ⁷*
637 5827 828 5884 Matth.
873 5843 950 5895 tv,
995 5830 1058 5886 l7

2161 4910 2229 4964 δι’
2257 4909 2470 4978 ἀρετῶν
2513 4909 2614 4979 ὅση
2661 4906 2913 4978 δύναμις.
2956 4908 3014 4961 ’0
3046 4910 3355 4979 μακαρίους
3401 4911 3568 4964 ποιῶν
3602 4905 3737 4978 ἡμᾶς

2162 5000 2399 5071 Χριστὸς
2425 4997 2742 5070 ἐπεδήμησε
2761 5015 2778 5032 ο
2809 4998 3108 5072 προθύμως
3148 5001 3300 5073 αὐτῷ
3336 5003 3734 5073 προσέλθωμεν.

2163 5094 2435 5162 Φύγωμεν
2467 5093 2578 5145 τῶν
2608 5095 2667 5146 εν
2696 5093 2878 5146 σκότει
2914 5094 3008 5147 καὶ⁸
3041 5095 3171 5166 σκιᾷ
3216 5093 3451 5150 θανάτου
3501 5087 3732 5160 καθημέ-

2163 5203 2273 5239 νων
2316 5185 2416 5258 τὴν
2447 5185 2764 5254 ἀθλιότητα.
2817 5186 3157 5256 Ποθήσωμεν
3189 5186 3286 5242 καὶ
3313 5183 3641 5258 κτησώμεθα
3669 5179 3732 5232 τὰ

2163 5278 2302 5348 ἔργα
2337 5279 2438 5348 τῆς
2487 5279 2797 5348 μετανοίας,
2837 5277 3091 5360 φρόνημα
3123 5280 3400 5344 ταπεινὸν,
3451 5272 3730 5347 κατάνυξιν

2165 5366 2270 5429 καί
2306 5375 2506 5438 πένθος
2551 5375 2943 5443 πνευματικὸν,
2997 5373 3226 5445 καρδίαν
3279 5375 3512 5445 πραεῖαν
3557 5367 3729 5427 ἐλέους

2166 5470 2466 5538 γέμουσαν,
2515 5465 2864 5536 δικαιοσύνης
2893 5465 3128 5536 ἐρῶσαν,
3170 5467 3559 5537 καθαριότητος
3590 5464 3730 5515 ἀντι·

2168 5560 2524 5632 ποιουμένην,
2556 5559 2860 5630 εἰρηνικὴν,
2893 5559 3257 5629 είρηνοποιδν,
3287 5558 3600 5630 φερέπονον,
3622 5552 3726 5612 τοῖς

2167 5655 2270 5708 ὐπὲ
2279 5671 2310 5724 ρ
2332 5652 2589 5724 ἀληθείας
2617 5652 2707 5705 καὶ
2730 5648 3077 5718 δικαιοσύνης
3099 5651 3558 5723 ὲνασμενῖζουσαν
3577 5644 3734 5736 διωγοι
