4014 6434
236 381 348 444 393
1553 369 1882 433 HOMIle
1947 364 2166 432 XXXI.
3387 355 3491 430 39$

229 496 355 567 μοῖς
387 489 483 544 καὶ
518 487 745 558 ζημίαις
792 485 886 540 καὶ
928 484 1118 554 ὕϐρεσι
1164 487 1263 540 καὶ
1295 485 1684 552 συκοφαντίαις
1709 485 1803 536 καὶ

1909 483 2172 551 quoniam
2209 479 2456 550 ipsorum
2493 489 2576 535 est
2615 493 2842 550 regnum
2879 478 3166 534 cmlorum.
3207 481 3357 536 Beati
3398 486 3491 553 qui

229 587 452 649 πάθεσι,
477 580 570 635 του
598 578 848 647 λέγοντος
872 575 1194 639 ἀκούοντεςο
1227 593 1247 627 ι
1282 573 1561 646 Μακάριοι
1584 578 1633 628 oi
1662 593 1808 628 πτω-

1921 576 2124 642 lngent,
2167 573 2426 642 quoniam
2482 572 2582 642 ipsi
2633 572 3086 626 consolabuntur.
3125 571 3273 628 Beati
3318 576 3496 638 mites.

227 679 314 750 χοὶ
349 675 429 744 τῷ
456 671 754 741 πνεύματι,
785 671 867 723 ὄτι
917 668 1101 720 αὐτῶν
1130 669 1281 720 ἑστιν
1335 670 1368 738 ἠ
1421 668 1668 738 βασιλεία
1697 669 1808 720 τῶν

1920 665 2183 736 quoniam
2233 664 2336 734 ipsi
2372 665 2736 734 possidebunt
2771 674 3000 722 terram.
3050 666 3202 720 Beati
3239 668 3333 736 qui
3368 684 3497 722 esu-

230 763 478 836 οὐρανῶν
499 779 513 792 ·
556 760 817 830 μακάριοι
849 758 900 810 οἱ
933 756 1275 820 πενθοῦντες,
1306 758 1390 810 ὅτι
1433 757 1586 810 αὐτοὶ
1631 773 1810 827 παρα-

1920 758 2069 811 riunt
2091 767 2144 809 et
2176 755 2369 809 sitiunt
2394 756 2692 826 justitiam,
2718 776 2736 808 ι
2769 766 2821 812 et
2856 769 3054 813 caetera
3077 758 3147 813 ⁷⁸.
3183 757 3290 814 Sed
3325 773 3499 829 quare

230 855 631 926 κληθήσονται·
667 851 928 920 μακάριοι
958 849 1010 900 oi
1039 851 1258 919 πραεῖς,
1300 849 1384 902 ὅτι
1422 849 1578 902 αὐτοὶ
1611 848 1811 918 κληρο-

1923 847 2189 900 Dominus
2223 846 2414 900 beatos
2444 847 2636 901 dicens
2675 862 2968 918 pauperes,
3025 847 3233 904 addidit
3257 851 3495 921 spiritui

231 949 532 1019 νομήσουσι
559 947 660 1016 τὴν
693 945 796 1013 γῆν
815 959 831 976 ·
872 942 1133 1013 μακάριοι
1181 941 1232 994 oi
1263 941 1559 1004 πεινῶντες
1589 941 1683 1012 καὶ
1735 940 1814 992 δι-

1922 941 1990 997 Ut
2038 957 2066 997 a
2109 942 2308 997 misera
2346 942 2560 996 beatam
2614 952 2990 1011 paupertatem
3040 946 3400 1021 discerneret,
3443 959 3504 999 nt

228 1043 440 1112 ψῶντες
484 1039 583 1111 τὴν
628 1035 996 1104 δικαιοσύνην,
1036 1053 1054 1086 ι
1093 1033 1186 1086 καὶ
1220 1035 1318 1087 ὅσα
1338 1033 1446 1084 τῶν
1469 1033 1614 1102 ἑξῆς.
1652 1032 1812 1086 Ἀλλὰ

1923 1047 2141 1088 onmem
2182 1042 2560 1103 paupertatem
2597 1050 2718 1104 quae
2755 1036 2986 1091 modicis
3027 1038 3192 1092 rebus
3237 1047 3324 1094 est
3367 1055 3501 1093 con-

228 1138 378 1198 τίνος
407 1133 616 1196 ἕνεκεν,
654 1128 824 1182 εἰπὼν
851 1129 879 1180 ὁ
909 1127 1135 1196 Κύριος,
1185 1125 1462 1192 Μακάριοι
1495 1125 1546 1177 oi
1582 1126 1810 1193 πτωχοῖ,

1927 1136 2075 1180 tenta
2121 1127 2611 1197 complecteretur;
2650 1138 2704 1182 et
2747 1129 2965 1183 tandem
3015 1138 3074 1184 nt
3121 1131 3284 1199 hujus
3333 1132 3504 1186 beati-

232 1227 564 1298 προσέθηκε,
607 1223 687 1293 τῷ
734 1223 1034 1292 πνεύματι;
1077 1219 1196 1272 Ἵνα
1225 1219 1325 1287 τῆς
1359 1217 1549 1281 ἀθλίας
1585 1219 1677 1287 τὴν
1709 1236 1812 1287 μαι

1923 1220 2130 1274 tudinis
2176 1235 2400 1274 causam
2465 1221 2626 1276 nobis
2685 1222 3025 1278 ostenderet.
3073 1203 3319 1292 Spiritus
3356 1225 3501 1279 enim

232 1320 433 1392 καρίαν
465 1316 621 1387 175
667 1314 817 1386 διέλῃ
849 1311 1147 1381 πτωχείαν,
1179 1311 1274 1364 καὶ
1313 1311 1399 1364 ἴνα
1428 1311 1613 1363 πᾶσαν
1653 1311 1726 1374 ὡς
1755 1314 1813 1365 ὲν

1924 1321 2115 1367 noster
2149 1311 2394 1366 omnium
2441 1313 2790 1368 aﬂectionum
2822 1315 2983 1369 nobis
3019 1315 3348 1385 principium
3397 1327 3504 1380 est.

232 1412 400 1478 ὀλίγῳ
434 1409 932 1480 μεμακαρισμένην
966 1406 1243 1476 πτωχείαν
1280 1403 1687 1474 συμπεριλάὁῃ,
1715 1405 1813 1456 καὶ

1923 1405 1970 1458 si
2033 1419 2156 1460 sese
2199 1405 2340 1460 bene
2377 1406 2594 1473 habeat,
2635 1406 2918 1476 Deumque
2970 1409 3183 1480 diligat.
3237 1425 3337 1466 nos
3383 1411 3505 1466 beas

235 1505 374 1570 πρὸς
402 1501 634 1562 τούτοις,
667 1499 755 1551 ἵνα
784 1498 846 1551 τὸ
888 1498 1062 1550 αῐτιον
1092 1499 1191 1565 τῆς
1231 1495 1640 1565 μακαριότητος
1679 1496 1814 1564 ἡμῖν

1924 1509 2012 1550 tos
2049 1497 2258 1562 reddit;
2301 1498 2385 1551 sin
2417 1508 2598 1553 autem
2637 1500 2781 1578 male
2811 1498 3092 1570 Deumque
3119 1501 3248 1557 odio
3286 1503 3507 1571 habeat,

231 1594 496 1665 ἐπιδείξῃ.
531 1589 897 1661 Πρωτοπαθὲς
917 1589 1027 1656 γὰρ
1052 1586 1112 1640 ὃν
1134 1586 1194 1638 τὸ
1221 1587 1348 1638 καθ’
1377 1587 1527 1656 ἡμᾶς
1570 1586 1811 1652 πνεῦμα,

1925 1601 2028 1642 nos
2048 1588 2276 1643 miseros
2304 1589 2464 1655 facit;
2491 1589 2698 1645 idcirco
2725 1593 2794 1647 ab
2818 1609 2884 1648 eo
2919 1594 3184 1651 Dominus
3211 1597 3509 1653 beatitudi--

229 1688 414 1748 καλῶς
443 1687 539 1754 μὲν
572 1685 694 1755 ἔχον
723 1684 818 1736 καὶ
842 1679 1104 1749 θεοφιλῶς
1139 1679 1446 1749 μακαρίους
1467 1680 1618 1747 ἡμᾶς
1642 1679 1810 1730 ποιεῖ·

1925 1696 2057 1734 num
2092 1681 2422 1752 principium
2454 1686 2712 1752 sumpsit.
2743 1685 2869 1740 Tria
2895 1694 3078 1742 autem
3108 1699 3236 1744 sunt
3269 1706 3509 1761 pauper.

233 1781 420 1840 κακῶς
447 1779 505 1832 δὲ
536 1779 631 1830 καὶ
664 1775 938 1846 θεομισῶς
967 1774 1312 1842 διακείμενον
1339 1771 1558 1834 ἀθλίους
1601 1773 1816 1823 ἀποκαο

1925 1770 2052 1829 tatis
2083 1789 2317 1842 genera;
2353 1790 2461 1830 una
2493 1785 2579 1831 est
2610 1780 2915 1834 secundum
2960 1782 3402 1855 uniuscujusque
3433 1787 3510 1840 \‘i-o

232 1875 488 1943 θίστησι·
529 1871 624 1921 καὶ
664 1869 753 1922 διὰ
806 1866 967 1920 τοῦτο
1013 1869 1041 1920 ό
1097 1868 1300 1935 Κύριος
1344 1866 1453 1918 ἀπὸ
1483 1863 1674 1917 τούτου
1713 1865 1812 1934 τὴν

1922 1872 2026 1917 tam
2044 1873 2100 1918 et
2123 1865 2514 1933 substantiam,
2542 1883 2666 1936 quae
2689 1871 2852 1926 estad
2878 1872 3042 1927 vitam
3066 1878 3507 1934 necessariorum

233 1967 410 2036 ἀρχὴν
455 1962 566 2016 τῶν
620 1958 992 2030 μακαρισμῶν
1043 1959 1368 2028 ὲποιήσώτο.
1422 1959 1585 2026 Τρεῖς
1619 1957 1678 2009 δέ
1712 1959 1818 2010 είσι

1924 1957 2180 2026 privatio,
2233 1962 2322 2013 cui
2353 1974 2417 2013 ex
2450 1959 2684 2017 adverso
2728 1976 3084 2033 opponuntur
3124 1969 3508 2037 divitiaajuxta

234 2063 523 2130 πτωχεῖαι,
566 2058 664 2128 μία
699 2057 798 2127 μὲν
827 2057 859 2126 ἡ
893 2055 1038 2108 κατὰ
1063 2054 1154 2107 τὸν
1190 2055 1304 2124 βίον
1336 2055 1571 2109 ἑκάστου
1601 2056 1697 2108 καὶ
1721 2055 1819 2125 τὴν

1925 2047 2058 2101 illud
2098 2065 2112 2102 :
2155 2071 2174 2100 ι
2207 2047 2437 2105 Divitias
2469 2061 2523 2106 et
2569 2065 2949 2122 paupertatem
2984 2074 3052 2111 ne
3087 2059 3185 2114 des
3217 2062 3352 2116 mihi
3377 2064 3448 2115 '°.
3485 2081 3504 2114 ι

234 2152 578 2222 περιουσίαν,
609 2151 732 2220 ἥτις
765 2149 918 2202 ἐστὶν
949 2150 983 2219 ἡ
1017 2148 1282 2212 στένωσις
1310 2148 1422 2201 τῶν
1453 2149 1590 2217 πρὸς
1625 2146 1684 2199 τὸ
1723 2146 1819 2215 ζῇν

1928 2141 2112 2196 Altera
2137 2154 2430 2212 paupertas
2453 2156 2540 2199 est
2566 2148 2887 2214 secundmn,
2913 2165 3114 2221 corpus
3136 2156 3359 2222 quando
3388 2156 3513 2211 cibo

235 2246 574 2313 ἀναγκαίων,
679 2240 1076 2298 ἐναντιώτατόν
1123 2243 1274 2294 ἐστιν
1323 2244 1352 2294 ό
1395 2240 1650 2306 πλοῦτος,
1681 2239 1820 2293 κατὰ

1927 2236 2094 2292 nimis
2146 2237 2366 2292 modico
2417 2239 2501 2292 vel
2539 2240 2758 2295 deiectu
2805 2242 3198 2300 alimentorum
3229 2250 3508 2304 inlirmum

235 2343 328 2391 τον
354 2339 608 2390 εἰπόντα·
642 2335 878 2389 Πλοῦτον
907 2335 1002 2387 καὶ
1027 2334 1219 2386 πενίαν
1250 2335 1325 2402 μή
1354 2350 1447 2402 μοι
1475 2333 1584 2397 δός.
1625 2331 1820 2402 Ἑτέρα

1929 2329 2192 2395 eliicitur,
2226 2329 2383 2398 juxta
2413 2332 2734 2400 prophetam
2779 2335 3075 2404 dicentem,
3110 2358 3128 2390 ι
3164 2339 3352 2397 Genua
3391 2360 3511 2398 mea

237 2432 356 2483 ἐστὶ
389 2429 628 2498 πτωχεία
665 2429 696 2496 ἡ
729 2428 874 2478 κατὰ
900 2425 962 2478 τὸ
992 2427 1191 2479 οἰκεῖον
1221 2427 1452 2478 ἑκάστου
1489 2425 1668 2494 σῶμα,
1692 2425 1822 2476 ὅταν

1930 2421 2206 2476 intirmata
2249 2433 2382 2479 sunt
2423 2441 2450 2476 a
2496 2426 2733 2495 jejunio,
2784 2440 2837 2484 et
2877 2446 3007 2484 caro
3055 2450 3171 2490 mea
3223 2438 3509 2493 immutata

242 2523 352 2576 ὑπὸ
392 2521 544 2592 λιτῆς
576 2520 717 2588 ἄγαν
765 2517 977 2589 διαίτης
1027 2519 1123 2570 καὶ
1172 2517 1551 2587 όλιγοτροφία;
1600 2516 1822 2587 ὑπάρχῃ

1927 2524 2013 2568 est
2036 2525 2256 2584 propter
2277 2519 2458 2572 oleum
2483 2518 2548 2572 ".
2585 2538 2604 2570 ›
2634 2519 2814 2574 Tertia
2844 2525 3060 2578 tandem
3083 2535 3167 2580 est
3195 2542 3510 2598 paupertas,

239 2614 704 2684 κατεσκλημένον,
763 2613 905 2666 κατὰ
941 2612 1034 2664 τὸν
1089 2611 1352 2664 είπόντα’
1419 2630 1436 2662 ι
1496 2609 1575 2663 Τὰ
1623 2611 1824 2678 γόνατά

1931 2606 2218 2662 humilitas
2253 2607 2470 2663 scilicet
2500 2619 2556 2664 et
2588 2612 2878 2681 depressio
2910 2631 3110 2673 sensus
3141 2621 3360 2686 animae,
3391 2639 3512 2692 qua:

243 2725 347 2780 μου
379 2708 688 2777 ἡσθένησαν
740 2703 849 2758 ἀπὸ
893 2703 1174 2773 νηστείας,
1221 2705 1314 2754 καὶ
1363 2705 1392 2772 ἢ
1426 2703 1561 2774 σάρξ
1597 2719 1698 2772 μου
1728 2701 1825 2772 ήλ-

1926 2710 2007 2753 est
2062 2709 2357 2770 paupertas
2423 2702 2656 2772 spiritus
2709 2707 2908 2764 anima:
2955 2723 3198 2779 nostrae,
3262 2717 3351 2772 cui
3409 2735 3506 2788 op-

242 2801 443 2868 λοιὼοη
499 2797 564 2850 δι’
619 2797 824 2850 ἔλαιον.
866 2814 886 2848 ι
941 2794 1144 2866 Ἑτέρα
1178 2796 1298 2848 ἐστὶ
1334 2796 1579 2863 πτωχεία
1620 2794 1680 2846 τὸ
1729 2808 1824 2862 μει-

943 2794 1144 2866 Ἐτέρα
1178 2796 1298 2848 ἐστὶ
1334 2796 1579 2863 πτωχεία
1620 2794 1680 2846 τὸ
1729 2808 1824 2862 pe»
1923 2795 2146 2861 ponitur
2178 2797 2452 2866 superbia.
2526 2873 2528 2876 ι

240 2892 466 2966 τριάζον
518 2895 612 2946 καὶ
672 2888 1104 2959 συνεσταλμένον
1158 2889 1253 2940 τοῦ
1310 2889 1656 2958 φρονήματος
1717 2888 1819 2958 τῆς
1852 2886 2055 2959 ψυχῆς,
2085 2892 2222 2963 ὅπερ
2279 2897 2432 2948 ἐστὶν
2478 2898 2512 2967 ἡ
2544 2898 2636 2952 τοῦ
2673 2899 2796 2953 καθ’
2825 2903 2974 2972 ἡμᾶς
3036 2903 3350 2974 πνεύματος
3413 2908 3513 2972 τῆς

242 2993 425 3062 ψυχῆς
461 2987 812 3052 ταπείνωσις,
911 2983 1153 3038 ἐναντίον
1182 2985 1215 3052 ὴ
1257 2981 1631 3051 ὑπερηφανία.

327 3093 560 3143 Ἐκεῖναι
590 3087 790 3151 τοίνυν,
821 3085 854 3155 ὴ
886 3081 980 3136 τοῦ
1015 3082 1126 3153 βίου
1142 3081 1305 3147 λέγω,
1339 3078 1544 3132 καὶτοῦ
1570 3078 1824 3149 σώματος

2007 3078 2112 3134 Illa:
2144 3091 2514 3152 paupertates,
2548 3083 2613 3137 de
2645 3099 2706 3137 ea
2734 3103 2851 3155 qua:
2880 3098 2961 3142 est
2994 3092 3296 3147 secundum
3342 3094 3510 3149 vitam

243 3185 511 3253 πτωχεία,
545 3182 638 3232 ἑὰν
682 3179 782 3248 μὲν
826 3174 1170 3245 συνημμέναι
1211 3166 1314 3226 ὦσι
1351 3173 1426 3241 τῷ
1460 3171 1699 3241 ταπεινῷ
1725 3173 1823 3240 τῆς

1943 3175 2086 3229 etde
2119 3191 2180 3229 ea
2223 3191 2346 3245 quae
2364 3186 2446 3232 est
2473 3179 2773 3233 secundum
2817 3197 3018 3252 corpus
3051 3184 3265 3255 loqttor,
3298 3187 3342 3241 si
3379 3202 3505 3242 cons

239 3275 420 3349 ψυχῆς
471 3275 798 3343 φρονήματι,
836 3268 1238 3339 μακαριότητός
1282 3270 1423 3320 εἰσιν
1460 3265 1641 3332 ἄξιαι·
1687 3267 1735 3318 εἰ
1764 3264 1822 3318 δὲ

1929 3267 2134 3336 junctae
2213 3271 2325 3324 sint
2380 3286 2503 3324 cum
2557 3273 2868 3330 humilitate
2924 3277 3123 3333 anima:
3175 3280 3512 3337 beatitudine

240 3370 623 3435 διεζευγμέναι
680 3365 778 3433 τῆς
827 3361 1212 3444 ταπεινώσεως
1265 3359 1387 3430 μεθ’
1437 3359 1821 3428 ὑπερηζανίας

1931 3371 2058 3416 sunt
2109 3363 2323 3431 dignae;
2379 3365 2426 3417 si
2474 3376 2652 3418 autem
2694 3368 2876 3424 minus
2904 3371 3106 3424 sociam
3144 3372 3511 3429 humilitatem

243 3465 403 3526 εἱσν,
451 3458 762 3524 ἀθλιότητος
793 3455 962 3514 δντως
1009 3453 1115 3505 είσὶ
1163 3452 1380 3522 μεσταί.
1421 3453 1490 3503 ’Ἡ
1524 3452 1632 3521 γὰρ
1666 3452 1822 3503 ἑκουα

1934 3455 2192 3521 habeant,
2227 3457 2337 3510 imo
2362 3473 2482 3512 cum
2515 3459 2772 3527 superbia
2811 3462 3091 3529 uniantnr,
3127 3467 3345 3522 miseria
3386 3484 3513 3522 vere

247 3557 376 3618 σίως
404 3571 485 3615 τις
517 3552 752 3620 ὑπάρχει
790 3548 938 3602 κατὰ
985 3546 1076 3600 τὸν
1111 3545 1246 3616 βίον,
1284 3545 1316 3615 ἢ
1364 3545 1508 3598 κατὰ
1555 3547 1613 3598 τὸ
1661 3545 1820 3613 σῶμα

1933 3559 2059 3603 Sunt
2099 3550 2292 3618 plenae.
2345 3553 2562 3620 Aliquis
2622 3554 2764 3607 enim
2822 3567 3029 3625 pauper
3073 3567 3156 3613 est
3209 3561 3515 3615 secundum

244 3648 480 3717 πτωχὸς,
512 3646 546 3716 ἦ
581 3642 849 3705 ἀκουσίως
869 3657 883 3671 ’
910 3642 973 3694 ἂν
1002 3640 1095 3692 οὖν
1123 3635 1443 3713 ἀκουσίωςῇ
1473 3656 1555 3700 τις
1581 3637 1819 3707 πτωχὸς,

1932 3657 2155 3712 corpus,
2199 3652 2292 3697 aut
2314 3645 2610 3698 secundum
2635 3645 2824 3713 vitam,
2851 3658 3045 3717 sponte
3072 3659 3166 3705 aut
3187 3661 3378 3707 contra
3418 3670 3513 3706 νος

251 3743 352 3794 οὐκ
378 3741 486 3809 ἔχει
531 3740 587 3792 δὲ
636 3737 729 3808 τὴν
761 3739 820 3788 ἐκ
855 3733 1142 3802 μετανοῖας
1179 3736 1243 3803 τῇ
1277 3733 1422 3802 ψυχῇ
1463 3731 1824 3800 προσγινομέ-

1933 3733 2223 3789 luntatem.
2251 3734 2306 3790 Si
2346 3753 2454 3790 non
2497 3737 2728 3791 libenter
2781 3747 2864 3794 est
2900 3755 3124 3812 pauper,
3179 3759 3280 3799 nec
3310 3746 3510 3799 bonam

257 3851 354 3902 νην
403 3832 604 3901 ἀγαθὴν
657 3831 919 3892 διάθεσιν,
986 3829 1082 3898 τὴν
1135 3827 1489 3885 ταπείνωσιν,
1547 3827 1606 3876 οὐ
1667 3825 1820 3892 φέρει

1931 3827 2352 3897 dispositionem
2380 3831 2598 3892 anima),
2635 3846 2753 3899 quae
2781 3849 2843 3886 cx
2887 3832 3194 3890 humilitate
3242 3839 3509 3900 nascitur,

252 3925 512 3991 γενναίως
549 3922 646 3991 τὴν
680 3920 948 3981 ἀκουσίως
986 3916 1299 3989 προσοῦσαν
1341 3916 1490 3986 αὐτῷ
1523 3916 1817 3986 πτωχείαν,

1935 3920 2098 3975 habet
2125 3920 2193 3985 is,
2225 3935 2363 3988 argue
2384 3921 2519 3975 feret
2545 3934 2922 3991 paupertatem
2954 3941 2982 3978 a
3006 3926 3117 3980 fato
3149 3929 3253 3997 ipsi
3283 3930 3512 3998 imposi-

245 4017 382 4068 ἀλλὰ
414 4018 506 4067 καὶ
533 4017 672 4067 κατὰ
707 4011 843 4066 Θεοῦ
889 4010 1175 4080 γογγύζει,
1214 4009 1314 4079 τῆς
1345 4009 1692 4078 δικαιοτάτης
1721 4009 1820 4059 αὐ-

1933 4021 2078 4076 tam;
2131 4011 2242 4066 imo
2282 4022 2471 4066 contra
2531 4011 2698 4068 Deum
2735 4032 2859 4069 cum
2901 4024 3186 4076 murmure
3239 4023 3513 4077 iurehitur

241 4110 337 4160 τοῦ
369 4108 619 4178 προνοίας
650 4107 723 4168 ὡς
751 4105 825 4174 μὴ
851 4103 1109 4164 τοιαύτης
1139 4101 1304 4169 οὔσης
1341 4101 1782 4170 καταφερόμενος
1803 4117 1816 4132 ⁸

1932 4115 1985 4159 et
2011 4104 2252 4158 divinam
2287 4104 3000 4180 Providentiaminjustitize
3037 4125 3293 4180 accusat;
3339 4117 3513 4170 homi-

242 4201 339 4252 καὶ
365 4203 475 4259 τοῖς
505 4197 809 4267 ἀνθρώποις
840 4193 1195 4262 πολυτρόπως
1227 4191 1549 4262 ἐπηρεάζει,
1585 4191 1659 4259 μὴ
1684 4190 1820 4260 πρὸς

1933 4214 2030 4253 nes
2098 4199 2412 4252 multimoda
2467 4209 2624 4254 vexat
2677 4216 2785 4256 non
2849 4205 3149 4272 reSpiciens
3201 4208 3266 4261 ad
3319 4210 3511 4274 Deum,

238 4293 376 4342 Θεὸν
394 4290 630 4359 βλέπων,
649 4287 733 4356 ἐφ’
757 4288 814 4339 ὃν
842 4287 1012 4346 οὐδεὶς
1039 4285 1262 4346 ἐλπίσας
1279 4282 1628 4354 κατῃσχύνθη
1657 4282 1786 4335 ποτέ
1806 4299 1819 4313 ·

1932 4291 1986 4344 in
2037 4305 2195 4358 quem
2253 4291 2570 4361 quicunque
2634 4295 2873 4362 speravit
2936 4295 3200 4354 confusus
3242 4317 3347 4354 non
3391 4315 3508 4368 est;

249 4384 375 4437 οὐδὲ
405 4384 504 4445 τὰς
537 4383 777 4444 δαπάνας
813 4378 1137 4442 συστέλλων,
1165 4378 1256 4429 καὶ
1279 4379 1396 4440 ταῖς
1429 4378 1587 4446 χερσὶ
1618 4377 1674 4428 τὸ
1722 4376 1822 4446 ζῇν

1932 4398 2039 4436 non
2104 4395 2358 4452 sun'iptus
2429 4385 2645 4451 minuit,
2707 4389 2944 4456 propriis
2997 4391 3246 4446 manibus
3309 4393 3510 4447 \ictum

245 4473 698 4543 ποριζόμ.ενος,ῆ
749 4473 1062 4542 προσαιτῶν
1108 4471 1259 4540 παρὰ
1289 4471 1399 4521 τῶν
1443 4468 1822 4538 εὐπορούντων

1933 4489 2038 4527 ιιοη
2119 4477 2344 4544 quaerit,
2411 4492 2512 4530 nec
2574 4493 2603 4532 a
2665 4478 2934 4535 divitibus
3007 4496 3132 4535 cum
3209 4484 3513 4540 humilitate

245 4569 342 4620 σὺν
400 4566 725 4620 ταπεινώσει
746 4581 760 4596 ·
820 4563 934 4615 ἀλλ’
965 4564 997 4633 ἢ
1030 4563 1290 4632 κλέπτης,
1315 4561 1656 4627 λωποδύτης,
1687 4578 1816 4626 τυμ-

1931 4565 2087 4634 petit,
2142 4567 2235 4620 Sed
2307 4567 2365 4619 lit
2412 4568 2574 4634 latro,
2621 4571 3002 4638 sepulcrorum
3055 4575 3338 4642 spoliator,
3387 4593 3514 4648 rap-

245 4656 513 4725 ϐωρύχος,
572 4653 757 4725 ἆρπαξ
809 4655 1132 4722 γινόμενο;⁶
1197 4654 1230 4718 ἢ
1274 4651 1598 4721 παράσιτος,
1661 4664 1821 4701 συκο-

1934 4669 2039 4722 tur,
2098 4661 2180 4712 vri
2233 4662 2530 4728 parasitus,
2568 4663 2864 4732 detractor,
2914 4661 3171 4730 mendax,
3213 4670 3513 4740 hypocrita,

244 4751 473 4814 φὰντης,
507 4747 768 4816 ψεύστης,
800 4745 1129 4814 ὑποκριτὴς,
1162 4743 1334 4814 ἀγενῆ
1359 4744 1452 4794 καὶ
1471 4743 1819 4813 δουλοπρεπῆ

1932 4751 2076 4819 turpi
2110 4751 2403 4822 servilique
2443 4753 2746 4810 adulationi
2794 4757 3013 4812 deditus
3052 4775 3179 4826 erga
3235 4764 3513 4831 possiden-

248 4841 529 4901 κολακείας
587 4841 960 4908 ὑπερχόμενος
1026 4837 1162 4907 πρὸς
1210 4838 1338 4899 τοὺς
1405 4837 1668 4906 ἔχοντας,
1728 4834 1823 4884 ἐπὶ

1932 4855 2033 4906 tes,
2088 4844 2296 4912 aliquid
2329 4844 2508 4898 victus
2555 4845 2623 4898 ab
2650 4847 2726 4900 eis
2753 4849 3001 4916 accipere
3031 4865 3283 4918 sperans.
3327 4851 3515 4906 Nonne

245 4933 547 5004 προσδοκίᾳ
580 4931 673 4984 τοῦ
723 4932 906 4983 λαϐεῖν
960 4946 1082 4982 τινα
1133 4929 1403 4998 πορισμὸν
1450 4930 1578 4997 παρ’
1617 4926 1822 4981 αὐτῶν.

1930 4934 2278 4987 miserrimus
2315 4933 2442 4986 talis
2475 4944 2557 4986 est
2589 4934 2829 5002 pauper?
2877 4953 3057 4992 nonne
3096 4940 3233 4994 tales
3282 4945 3515 4997 maxime

245 5023 373 5092 'Ap‘
436 5025 534 5077 οὐκ
595 5023 924 5085 ἁθλιώτατός
975 5024 1122 5076 ἐστιν
1195 5023 1222 5073 ὁ
1277 5021 1517 5082 τοιοῦτος
1573 5020 1820 5088 πτωχὸς;

1929 5025 2124 5079 remoti
2164 5031 2294 5079 sunt
2322 5024 2388 5078 ab
2421 5025 2503 5080 eis
2544 5043 2682 5094 quos
2723 5027 2985 5083 Christus
3024 5032 3398 5087 beatilicavit?
3459 5035 3513 5089 Si

246 5118 453 5186 μᾶλλον
503 5117 558 5168 δὲ
611 5117 659 5168 οἱ
711 5117 964 5182 τοιοῦτοι,
1015 5116 1110 5167 καὶ
1149 5115 1258 5168 τῶν
1292 5115 1398 5168 ὑπὸ
1447 5114 1539 5166 τοῦ
1584 5111 1822 5182 Χριστοῦ

1929 5120 2057 5187 quis
2085 5127 2264 5171 autem
2301 5119 2609 5185 reperiatur
2646 5121 2876 5174 libenter
2917 5139 3142 5193 pauper,
3174 5127 3267 5180 sed
3305 5143 3369 5179 ex
3409 5144 3506 5181 su-

246 5207 707 5278 μακσιριζομένων
736 5205 1198 5276 ἀλλοτριώτατοις
1239 5207 1298 5257 Εἰ
1332 5205 1390 5256 δέ
1442 5222 1524 5267 τις
1571 5204 1821 5274 εὑρεθείη

1933 5209 2142 5280 perbia,
2196 5225 2306 5263 non
2357 5225 2489 5264 vero
2541 5225 2606 5263 ex
2661 5213 2974 5269 humilitate
3003 5226 3058 5269 et
3101 5234 3266 5286 supra
3298 5218 3512 5272 laudata

243 5300 547 5370 πτωχεύων
580 5299 842 5359 ἑκουσίως
894 5299 1014 5368 μὲν,
1052 5301 1317 5365 φυσιώσει
1351 5297 1408 5349 δέ
1439 5313 1546 5347 τινι
1594 5297 1821 5367 μᾶλλον,

1933 5301 2163 5371 Spiritus
2199 5313 2558 5372 paupertate,
2612 5311 2948 5375 voluptatem
2997 5309 3329 5376 divitiasque
3362 5328 3511 5379 sper-

239 5395 356 5448 ἀλλ’
389 5394 449 5446 οὐ
503 5396 599 5445 σὺν
647 5390 976 5445 ταπεινώσει
1011 5391 1171 5441 τοῦτο
1222 5392 1499 5458 πράττων,
1549 5389 1684 5458 μηδὲ
1735 5389 1824 5442 διὰ

1935 5394 2052 5459 nit,
2111 5395 2197 5449 hic
2252 5411 2358 5448 non
2411 5397 2638 5450 multum
2697 5401 2981 5455 dieSilllliiS
3032 5411 3114 5455 est.
3149 5405 3509 5464 daemonibus.

239 5488 338 5556 τὴν
364 5486 653 5553 ἐπαινετὴν
687 5483 959 5552 πτωχείαν
986 5482 1080 5534 τοῦ
1111 5481 1440 5550 πνεύματος,
1476 5487 1574 5548 τὴν
1607 5482 1824 5552 τρυφὴν

1932 5504 2123 5541 eorum
2162 5491 2305 5542 enim
2344 5493 2572 5558 penuria
2608 5503 2658 5544 ct
2704 5493 2873 5548 fames
2906 5511 3030 5549 cum
3078 5498 3333 5566 superbia
3383 5501 3512 5553 sub-

241 5582 336 5630 καί
379 5579 472 5629 τὸν
517 5575 744 5626 πλοῦτον
779 5575 1236 5642 ἀποποιούμενος,
1289 5574 1385 5625 καὶ
1416 5565 1573 5634 οὗτος
1621 5572 1822 5642 μικροῦ

1936 5579 2102 5633 sistit.
2138 5580 2524 5645 Quamobrem,
2573 5602 2590 5632 ι
2629 5582 2801 5649 Beati,
2853 5587 3031 5655 inquit
3060 5587 3342 5655 Dominus,
3379 5609 3509 5660 pau-

244 5671 626 5739 παραπλήσιος
655 5669 888 5737 ὑπάρχει
926 5670 1035 5728 τοῖς
1067 5667 1312 5734 δαίμοσιν
1338 5681 1350 5695 ⁶
1390 5665 1618 5716 ἐκείνων
1647 5665 1755 5734 γὰρ
1789 5667 1822 5733 ὴ

1937 5685 2093 5738 pcrcs
2129 5674 2320 5741 spiritu
2348 5673 2426 5739 ’5;
2468 5693 2484 5724 ι
2533 5675 2584 5727 id
2624 5687 2727 5741 est,
2761 5676 2910 5730 Beati
2948 5680 3038 5748 qui
3093 5697 3186 5748 per
3210 5682 3505 5750 internum,

314 5854 358 5885 ⁷⁴
401 5853 594 5907 Matth.
632 5865 685 5914 ν,
722 5851 777 5916 5,
818 5849 872 5902 4.
947 5849 1007 5912 ,⁷⁸
1045 5849 1205 5905 Prov.
1250 5865 1377 5911 XXX.
1422 5856 1474 5910 8.
1553 5853 1594 5885 ⁷⁷
1641 5852 1784 5911 l‘sal.
1825 5869 1899 5909 CV.

1073 5851 1205 5905 ἥκων.
1250 5865 1377 5911 Xxx.
1422 5856 1474 5910 8.
1553 5853 1594 5885 ⁷⁷
1641 5852 1784 5911 l‘sal.
1825 5869 1984 5922 criti,
2023 5857 2114 5912 2i.
2194 5857 2236 5887 ⁷⁸
2283 5856 2471 5913 Manli.
2521 5877 2570 5926 ιν,
2607 5861 2658 5913 5.

564 5949 833 6005 ΡΑϊιιυι.
884 5949 996 6005 litt.
1047 5949 1166 6006 CLI
2715 5967 2723 5975 °
3168 5959 3240 6017 i3
