4014 6434
285 365 389 429 3νἸ

1628 367 1950 428 IIOMILIA
1985 367 2201 428 XXXI.

3413 363 3516 424 3’l3

258 482 426 551 νάμει
464 477 864 549 συνερχόμενον
909 478 1179 550 κρείττονι
1222 479 1319 548 τὴν
1361 478 1640 546 ἀπόφασιν
1680 481 1843 548 ἐκαρ-

1954 486 2128 530 tnrum
2183 476 2348 546 hujus
2393 474 2772 530 executionem
2826 484 3156 530 reservaret.
3205 473 3320 527 Non
3371 479 3516 528 enim

256 576 433 644 τέρει,
491 571 588 624 τοῦ
643 573 848 642 ῥήματι
890 572 1036 641 μόνῳ
1090 570 1159 622 τὰ
1209 571 1387 622 πάντα
1441 570 1734 640 φέροντοςο
1779 569 1839 630 ὃς

257 664 454 732 ἀνέσχε
491 662 591 730 μὲν
629 661 722 716 καί⁵
757 661 1080 732 ὑπερέθετο.
1115 662 1372 730 καθάπερ
1405 661 1616 730 ἔφημεν
1646 661 1841 728 πρότε-

260 771 377 823 ρον,
411 753 510 821 τὴν
554 752 832 819 ἀπόφασιν
882 751 978 805 τοῦ
1029 754 1172 805 κατὰ
1226 753 1388 821 σῶμα
1433 750 1691 816 Θανάτου,
1745 752 1842 804 καὶ

256 844 426 913 ἡνίκα
447 844 651 914 ταύτην
689 844 954 913 ἐξήνεγκε
983 845 1134 914 βάθει
1168 844 1364 911 σοφίας
1407 844 1502 897 καὶ
1532 843 1840 912 φιλανθρω-

256 935 392 996 πίας
419 934 714 1004 ὑπερϐολῇ,
750 935 888 1004 πρὸς
924 937 984 987 τὸ
1029 934 1352 1004 μέλλον-τὴν
1380 936 1462 997 είς
1483 933 1646 1004 ἔργον
1676 933 1842 986 ἑκϐα-

260 1043 348 1079 σιν
392 1025 596 1095 ταύτης
649 1027 1040 1094 ἐταμιεύσατο.
1098 1027 1174 1080 Ού
1225 1027 1334 1096 γὰρ
1386 1021 1507 1080 εἷπε
1561 1026 1697 1097 πρὸς
1749 1027 1842 1078 τὸν

271 1117 468 1185 Ἄδαμ,
501 1117 576 1180 ὠς
617 1117 770 1169 Ἐπεὶ
802 1117 1004 1186 ἔφαγες
1038 1117 1146 1170 ἀπὸ
1189 1118 1286 1171 τοῦ
1317 1117 1501 1184 ξύλου,
1545 1113 1606 1172 οῦ
1636 1118 1844 1198 ἐνετρι-

258 1211 443 1280 λάμην
473 1227 556 1262 σοι
599 1210 675 1280 μὴ
723 1213 940 1277 φαγεῖν,
998 1212 1370 1282 ἑπιστράφηθι
1426 1211 1550 1265 ὅθεν
1596 1211 1839 1281 ἐξῆλθες,

259 1304 400 1356 ἀλλὰ
429 1303 598 1364 πολλὰ
649 1303 851 1372 μεταξὺ
886 1301 1128 1372 προθεὶς,
1177 1303 1238 1354 τὸ
1267 1303 1545 1374 διάστημα
1575 1302 1842 1372 δηλοῦντα

261 1396 362 1464 τῆς
387 1395 623 1450 ἐνταῦθα
672 1397 840 1464 ζωῆς,
897 1392 999 1447 εἴτ’
1051 1395 1395 1464 ἐπήνεγκεν·
1437 1416 1454 1447 ι
1497 1396 1718 1463 Ὅτιγῆ
1768 1393 1840 1460 εἷ,

261 1490 361 1541 καὶ
394 1493 473 1548 εἰς
497 1489 600 1557 γῆν
627 1489 903 1558 ἀπελεύσῃ
928 1527 943 1543 .
994 1507 1012 1539 ι
1071 1488 1196 1557 μηδ’
1225 1487 1459 1540 ἐνταῦθα
1492 1487 1840 1558 προτάσσων,

266 1580 1012 1650 ἀλλὰπροαναγγέλ).ων,καὶ
1039 1581 1229 1647 ἐφιεὶς.
1260 1581 1354 1632 καὶ
1387 1579 1461 1648 μὴ
1491 1579 1718 1632 κωλύων
1746 1580 1845 1633 σὺν

261 1675 391 1746 δίκῃ
417 1675 474 1726 τὸ
508 1676 890 1744 ὲκὸησόμενον.
937 1677 1153 1745 Ὀρᾶτε,
1195 1676 1279 1728 ὅτι
1306 1675 1427 1728 οὐδὲ
1469 1675 1498 1727 6
1531 1675 1842 1744 σωματικὸς

267 1769 499 1829 θάνατος
529 1770 590 1820 ὲκ
618 1770 712 1820 τοῦ
754 1768 914 1835 Θεοῦ,
950 1768 1066 1820 ἀλλ’
1111 1770 1170 1821 ἐκ
1197 1769 1296 1838 τῆς
1323 1769 1604 1840 ἁμαρτίας
1633 1769 1730 1822 καὶ
1757 1760 1846 1820 οῦ-

1945 569 2082 621 dixit
2111 569 2179 622 ad
2217 569 2389 621 Adam
2423 587 2436 622 :
2488 569 2564 624 Eo
2598 571 2741 639 quod
2799 569 3084 624 comedisti
3124 584 3154 622 e
3201 570 3345 638 ligno
3374 570 3517 636 quod

1943 660 2326 728 prohibueram
2375 661 2468 714 tibi
2520 677 2585 715 ne
2634 662 2983 726 comederes,
3047 671 3318 715 revertere
3373 659 3519 713 unde

1941 749 2144 813 existi;
2186 749 2280 804 sed
2319 750 2505 804 multis
2553 751 2894 819 interpositis
2926 751 3091 821 hujus
3137 752 3260 806 vitae
3305 764 3516 804 moram

1945 841 2335 906 indicantibus,
2384 842 2590 897 addidit
2643 861 2658 896 :
2721 861 2741 894 ‹
2775 843 2915 909 Quia
2987 843 3166 914 pulvis
3205 858 3287 908 es,
3352 850 3408 896 et
3464 843 3519 895 in

1945 935 2229 1005 pulverem
2278 934 2600 999 reverteris;
2657 953 2676 986 ι
2731 949 2830 989 nec
2884 937 3066 991 Statim
3115 934 3375 1003 adimplet
3417 933 3517 987 sed

1946 1028 2311 1096 praenuntiat,
2359 1028 2678 1096 permittens
2737 1039 2793 1081 et
2844 1043 2954 1082 non
3014 1028 3160 1096 jnste
3199 1025 3519 1096 impediens

1944 1121 2087 1189 quod
2122 1127 2239 1174 erat
2285 1129 2631 1174 eventurum.
2669 1117 2948 1173 Videtisne
2973 1161 2988 1184 ,
3042 1126 3270 1173 mortem
3322 1131 3522 1184 corpo-

1947 1214 2114 1267 ralem
2151 1229 2180 1268 a
2229 1212 2339 1268 Deo
2378 1229 2498 1267 non
2552 1228 2696 1280 esse,
2732 1214 2825 1269 sed
2875 1228 2942 1266 ex
2997 1223 3216 1282 peccato
3268 1219 3431 1280 atque
3465 1219 3524 1264 et

1946 1303 2127 1358 anima
2176 1318 2299 1373 quae
2347 1313 2629 1372 pet-catum
2663 1303 2809 1368 fecit,
2842 1312 2897 1358 et
2926 1303 3196 1372 serpentis
3225 1316 3388 1370 opus,
3423 1299 3520 1368 qui

1949 1398 2144 1452 fraude
2184 1397 2252 1452 ad
2301 1407 2585 1467 peccatum
2639 1397 2904 1450 attraxit?
2947 1395 3086 1464 Ergo
3116 1406 3169 1450 et
3204 1394 3522 1462 corporales

1948 1490 2125 1544 morbi
2157 1504 2224 1544 ex
2274 1491 2392 1560 ipso
2435 1500 2663 1558 peccato
2701 1499 2881 1542 ortum
2917 1488 3277 1552 habuerunt;
3314 1485 3522 1539 ideirco

1945 1589 2038 1654 qui
2060 1584 2270 1653 primus
2288 1584 2594 1638 morbidum
2621 1598 2820 1652 corpus
2839 1582 3050 1646 habuit,
3076 1581 3233 1643 Cain,
3255 1577 3347 1647 qui
3374 1591 3522 1630 sem-

1947 1693 2043 1747 per
2069 1679 2120 1730 in
2153 1685 2388 1732 tremore
2411 1677 2567 1739 vixit,
2597 1677 2650 1729 in
2684 1675 2845 1729 talem
2877 1673 3094 1728 devenit
3119 1669 3518 1742 mgritnd‘nem.

1947 1770 2260 1839 Trepidatio
2287 1771 2429 1823 enim
2460 1784 2621 1838 quem
2648 1781 2926 1839 spasmum
2956 1766 3294 1822 medicorum
3326 1769 3526 1816 vocant

265 1875 383 1923 τος,
409 1858 502 1910 καὶ
530 1859 750 1927 τῆς-τὴν
781 1857 1058 1927 ἁμαρτίαν
1095 1859 1483 1929 ἐργασαμένης
1512 1857 1717 1927 ψυχῆς,
1747 1859 1842 1909 καὶ

1954 1863 2062 1927 lilii,
2121 1870 2303 1916 motus
2333 1872 2414 1916 est
2462 1861 2860 1915 involuntarius
2889 1861 2942 1913 in
2989 1857 3234 1928 partibus
3262 1854 3406 1909 natis
3450 1849 3522 1904 ad

269 1951 366 2004 τοῦ
439 1953 631 2013 δολίως
701 1951 840 2021 πρὸς
896 1950 995 2020 τὴν
1057 1951 1332 2020 ἁμαρτίαν
1391 1953 1842 2021 συναρπάσαντος

265 2047 477 2112 δφεωςς
533 2044 741 2100 Οὐκοῦν
783 2045 878 2096 καὶ¹
933 2045 1000 2098 τὰ
1059 2044 1349 2113 σωματικὰ
1400 2046 1686 2115 νοσήματα
1734 2045 1842 2098 ἀπὸ

265 2143 473 2203 ταύτης
495 2139 624 2210 εέσχε
655 2138 751 2208 τὴν
781 2137 1046 2206 πάροδον
1096 2139 1186 2191 διὰ
1223 2136 1383 2192 τοῦτο
1431 2141 1526 2192 καὶ
1564 2139 1591 2190 6
1625 2139 1843 2209 πρῶτος

1954 1953 2190 2024 aptanda
2236 1953 2722 2025 conjungendaque
2772 1953 2912 2005 inter
2961 1965 3020 2006 se
3079 1950 3227 2001 varia
3276 1944 3525 2014 corporis

1953 2047 2216 2112 membra;
2244 2047 2334 2115 qui
2357 2047 2400 2101 si
2422 2045 2634 2101 oriatur
2648 2060 2713 2098 ex
2737 2043 2947 2097 deiectu
2969 2040 3232 2095 naturalis
3251 2035 3524 2099 humoris,

1950 2154 2059 2192 non
2100 2141 2200 2192 arti
2232 2137 2378 2193 cedit
2408 2150 2532 2200 nec,
2563 2149 2802 2204 unquam
2833 2130 3175 2185 sanationem
3219 2127 3438 2196 recipit.

266 2233 493 2303 νοσερὸν
552 2231 894 2300 κτησάμενος
929 2231 1108 2299 σῶμα,
1157 2225 1202 2299 ᾧ
1251 2233 1346 2284 καὶ
1386 2232 1628 2302 διηνεκεῖ
1668 2233 1841 2301 κλόνῳ
1883 2232 2063 2296 συζῶν
2093 2233 2121 2284 ὁ
2149 2233 2309 2295 Κάῖν,
2342 2232 2403 2284 ὲκ
2433 2233 2532 2300 τῆς
2557 2229 2834 2298 ἁμαρτιας
2861 2229 2940 2290 εἰς
2968 2224 3176 2294 ταύτην
3238 2219 3370 2293 ἦλθε
3425 2220 3524 2289 τὴν

269 2328 615 2397 mpetu-:5
644 2326 751 2395 γὰρ
780 2324 1098 2395 τρόμος,·δν
1161 2325 1418 2394 σπασμὸν
1485 2325 1684 2395 ἰατρῶν
1748 2324 2076 2394 ὀνομάζουσι
2154 2325 2362 2388 παῖδες,
2410 2320 2771 2392 ἀπροαίρετὸς
2821 2321 2936 2371 ἐστι
2976 2316 3190 2385 κίνησις
3221 2311 3278 2366 ἐν
3314 2313 3427 2374 τοῖς
3458 2311 3528 2364 τὰ

274 2423 412 2490 μέλη
449 2421 692 2491 συνέχειν
733 2432 840 2474 ,και
894 2418 1104 2475 συνδεῖν
1147 2419 1418 2488 πεφυκόσι
1479 2418 1690 2489 μορίοις
1750 2420 1843 2471 τοῦ
1887 2419 2172 2488 σώματος’
2206 2418 2267 2481 ὃς
2294 2418 2423 2470 ὅταν
2467 2415 2524 2480 ἐξ
2569 2413 2773 2476 ἐνδείας
2801 2411 3121 2480 ἐπιγένηται
3190 2407 3286 2462 τοῦ
3352 2407 3528 2476 ἐμφύ-

269 2538 365 2574 του
398 2517 588 2587 ὑγροῦ,
631 2517 742 2569 οὐδ’
789 2515 927 2569 εἴκει
973 2517 1038 2586 τῇ
1073 2514 1259 2587 τέχνῃ,
1306 2513 1430 2567 οὐδὲ
1484 2512 1625 2566 ῐασιν
1660 2515 1739 2576 είς
1785 2514 1846 2566 τὸ
1884 2513 2011 2584 ἑξῆς
2057 2513 2382 2582 ἐπιδέχεται.

348 2612 504 2680 177
543 2610 692 2661 Ἐπεὶ
713 2607 994 2661 meum
1023 2607 1205 2668 κακῶς
1230 2608 1308 2668 εἰς
1330 2605 1482 2669 τέλος
1504 2605 1723 2674 διέθηκε
1753 2605 1847 2658 τὸν

271 2706 338 2758 ὲκ
378 2703 591 2772 φύσεως
616 2700 989 2770 ἐνυπάρχοντα
1044 2701 1178 2766 πρὸς
1210 2700 1301 2750 τὸν
1361 2699 1564 2750 οἰκεῖον
1615 2697 1845 2763 ἀδελφὸν

274 2798 588 2865 σύνδεσμον,
623 2795 718 2862 τὴν
751 2795 974 2862 ἀγάπην
1017 2790 1352 2861 περιτρέψας
1378 2791 1456 2852 είς
1491 2793 1668 2860 μῖσος,
1723 2806 1847 2858 γεν-

269 2889 438 2957 νηθὲν
467 2887 566 2958 μὲν
596 2889 659 2939 ἐκ
690 2886 908 2954 φθόνου,
939 2883 1275 2950 τελευτῆσαν
1293 2883 1350 2936 δὲ
1379 2884 1459 2946 εἰς
1524 2883 1688 2951 φόνον
1709 2899 1720 2915 '
1753 2882 1844 2935 διὰ

271 2983 431 3035 τοῦτο
461 2979 559 3048 τῆς
587 2982 649 3030 ἐκ
671 2977 764 3030 τοῦ
796 2977 992 3046 φθόνου
1018 2975 1304 3043 τηκεδύνος
1363 2972 1844 3043 συνεργαζομένης

273 3075 334 3125 τὸ
364 3072 554 3132 πάθος,
581 3071 862 3138 ἀνηκέστῳ
902 3067 1222 3136 καταλλήλῳ
1251 3065 1564 3118 παιδεύεται
1589 3066 1750 3133 νόσῳ,
1776 3066 1843 3134 τῇ

275 3166 418 3219 κατὰ
449 3167 515 3215 τὰ
547 3162 712 3232 νεῦρα
736 3163 830 3213 καὶ
891 3162 1011 3222 τοὺς
1052 3160 1157 3227 μῦς
1215 3160 1420 3228 πληγῇ,
1478 3157 1513 3211 ἃ
1547 3156 1846 3224 σύνδεσμος

2027 2606 2158 2660 Cum
2189 2619 2318 2674 ergo
2337 2603 2471 2660 Cain
2499 2610 2780 2671 postremo
2805 2599 2950 2655 foede
2979 2599 3219 2668 rupisset
3243 2594 3525 2649 vinculum

1953 2715 2061 2770 quo
2078 2715 2200 2753 cum
2222 2701 2440 2768 proprio
2459 2695 2628 2750 fratre
2644 2696 2996 2767 jnngebatur,
3021 2700 3232 2752 mutato
3257 2704 3443 2746 amore
3469 2690 3524 2742 in

1952 2797 2160 2859 odium,
2195 2794 2348 2861 cujus
2381 2789 2708 2861 principium
2746 2788 2948 2842 invidia
2972 2787 3150 2849 ,.ﬁnis
3195 2793 3376 2839 autem
3413 2783 3526 2837 fra-

1954 2890 2051 2943 tris
2095 2885 2291 2949 caedes,
2332 2885 2535 2938 idcirco
2569 2881 2750 2952 passio
2790 2896 2855 2936 ex
2897 2879 3338 2947 consumptione,
3371 2877 3530 2944 cujus

1954 2993 2118 3034 causa
2153 2986 2237 3033 est
2268 2977 2491 3043 invidia,
2523 2975 2632 3029 alio
2664 2974 2954 3030 insanabili
2984 2972 3174 3026 morbo
3200 2979 3445 3040 augetur,
3471 2976 3529 3023 et

1954 3073 2201 3130 vulnere.
2240 3085 2526 3125 nervorum
2565 3067 3037 3132 medullarumque
3080 3064 3286 3119 ossium
3328 3063 3529 3132 quibus

1957 3176 2068 3221 tota
2107 3164 2651 3232 eonsistitcompago
2696 3161 2962 3229 corporis.
3007 3157 3382 3226 lntelligitisne
3413 3155 3525 3224 jam

276 3258 514 3326 ὑπάρχει
533 3254 624 3305 τοῦ
661 3253 933 3321 σώματος.
979 3251 1170 3320 Ὁρᾶτε
1195 3251 1401 3318 σαφῶς,
1431 3250 1513 3301 ὅτι
1539 3251 1614 3320 μὴ
1644 3247 1849 3319 μόνονό

1956 3250 2100 3321 quod
2139 3267 2244 3304 non
2287 3251 2463 3304 solum
2511 3267 2677 3311 mors,
2725 3248 2819 3303 sed
2860 3249 3030 3302 morbi
3079 3257 3133 3302 et
3183 3246 3526 3301 inﬁrmitates

275 3349 530 3412 θάνατος,
552 3346 683 3397 ἀλλὰ
712 3347 805 3397 καὶ
835 3347 904 3398 τὰ
935 3345 1239 3412 νοσήματα,
1301 3343 1395 3395 καὶ
1429 3343 1487 3394 αἱ
1545 3342 1850 3414 ἀρρωστίαι
1899 3385 1901 3387 .

274 3441 371 3494 τοῦ
406 3439 656 3508 σώματος
683 3441 746 3490 ἐκ
783 3439 882 3505 τῆς
939 3437 1218 3507 ἁμαρτίας
1273 3437 1374 3506 τὴν
1427 3436 1602 3506 ἀρχὴν
1659 3435 1849 3504 ἕσχον;

274 3534 450 3588 Τοῦτο
479 3535 571 3586 καὶ
597 3534 623 3584 6
653 3531 855 3601 Κύριος
877 3532 1014 3600 ἡμῖν
1046 3529 1263 3592 δεικνὺς
1286 3531 1345 3583 ὲν
1377 3530 1456 3599 τῷ
1508 3529 1848 3598 Εύαγγελίίρ,

282 3627 489 3696 μέλλων
529 3625 625 3693 μὲν
661 3624 845 3675 ἰᾶσθαι
882 3621 976 3674 τὸν
1011 3623 1067 3673 ὲν
1097 3623 1479 3690 -Καπερναοὺμ
1515 3621 1621 3674 ὑπὸ
1654 3620 1852 3672 τεσσά-

289 3733 392 3785 ρων
420 3715 553 3784 πρὸς
585 3713 748 3764 αὑτὸν
801 3712 1123 3782 καθιέμενον
1171 3712 1660 3782 παράλυτον,ιρησὶ
1715 3709 1854 3780 πρὸς

292 3807 478 3858 αὐτόν·
515 3805 768 3866 «Τέκνον,
791 3802 1064 3872 ἀφέωνταί
1096 3819 1193 3856 σου
1225 3803 1282 3855 αἱ
1317 3803 1606 3871 ἁμαρτίαι,
1650 3821 1668 3854 ι
1720 3817 1855 3871 προ-

291 3899 541 3952 ανασπῶν
570 3892 683 3948 οἷον
713 3895 773 3948 τὸ
804 3894 1049 3964 κέντρον,
1087 3894 1179 3946 καὶ
1230 3893 1290 3946 τὸ
1350 3894 1525 3946 αἴτιον
1568 3892 1851 3946 ἐκϐάλλων

285 3992 382 4058 τῆς
419 3992 596 4053 νόσου,
628 3988 724 4041 καὶ
759 3990 882 4040 τότε
911 3989 1009 4057 τὴν
1041 3986 1284 4056 ἰατρείαν
1314 3985 1577 4053 ἐπάγων..
1597 3985 1742 4053 Πρὸς
1792 3983 1851 4036 δὲ

278 4083 371 4134 τὸν
426 4085 485 4134 ὲν
525 4080 881 4150 Ἰερουσαλὴμ
927 4081 1080 4150 παρὰ
1108 4083 1174 4151 τῇ
1218 4078 1524 4150 προϐατικῇ
1573 4077 1854 4148 κολυμϐήο

280 4177 391 4244 θρα
415 4175 664 4243 κείμενον
705 4173 844 4242 μετὰ
888 4171 987 4240 τὴν
1040 4172 1184 4225 ἴασίν
1233 4187 1430 4240 φησιν’
1463 4189 1482 4221 ι
1540 4169 1644 4223 Ἴδε
1695 4169 1855 4238 ὑγιὴς

278 4270 534 4335 γέγονας,
575 4267 769 4334 μηκέτι
796 4265 1103 4334 ἁμάρτανε,
1143 4263 1230 4316 ἵνα
1261 4262 1337 4333 μὴ
1369 4263 1550 4332 χεῖρόν
1573 4262 1625 4313 τί
1649 4277 1732 4312 σοι
1763 4261 1857 4327 γέ-

282 4377 463 4428 νηται.
509 4376 526 4407 ι
561 4358 730 4410 Τοῦτο
755 4357 850 4410 καὶ
887 4355 1099 4418 Παῦλος
1127 4353 1303 4420 εἰδὼς,
1352 4355 1435 4406 ὃτι
1492 4353 1562 4406 τὰ
1625 4351 1854 4405 πλεῖστα

279 4452 391 4503 τῶν
423 4452 742 4518 νοσημάτων
767 4448 826 4511 ἐξ
859 4445 1137 4515 ἁμαρτίας
1167 4447 1326 4507 εἰσιν,
1379 4443 1551 4498 εἰπὼν
1570 4444 1701 4512 περὶ
1759 4441 1853 4494 τοῦ

282 4541 519 4606 ἀναξίως
549 4540 991 4610 προσερχομένου
1042 4540 1110 4608 τῇ
1147 4539 1384 4606 μυστικῇ
1450 4535 1720 4606 τραπέζῃ,
1770 4534 1852 4586 ὅτι

284 4638 464 4704 κρῖμα
498 4635 676 4704 ἑαυτῷ
703 4633 871 4686 ἐσθίει
927 4631 1021 4683 καὶ
1062 4631 1230 4693 πίνει,
1281 4623 1400 4682 εἶτά
1462 4646 1597 4698 φησι
1623 4644 1636 4658 ⁸
1666 4645 1686 4678 ι
1755 4627 1854 4679 Διὰ

284 4727 442 4780 τοῦτο
471 4725 918 4795 πολλοὶιένύμίν
959 4723 1213 4784 ,ἀσθενεῖς
1264 4722 1360 4772 καὶ
1413 4720 1708 4790 ἄρρωστοι,
1759 4721 1855 4772 καὶ

290 4821 587 4887 κοιμῶνται
623 4817 817 4870 ἱκανοί.
860 4835 880 4867 ι
925 4815 1086 4868 Ἀλλὰ
1108 4817 1205 4866 καὶ
1255 4813 1355 4882 τῆς
1377 4812 1579 4881 θνητῆς
1636 4811 1853 4878 φύσεως

288 4915 343 4965 αἱ
371 4915 557 4981 κῆρες,
583 4911 712 4980 παρ’
745 4906 819 4961 ὧν
844 4909 989 4961 ἆπαν
1021 4910 1258 4977 νόσημα,
1303 4906 1402 4974 τὴν
1432 4903 1608 4974 ἀρχὴν
1637 4903 1855 4965 πάντως

289 5010 352 5057 ἐκ
383 5005 478 5073 τῆς
522 5002 794 5072 ἁμαρτίας
853 5000 1010 5070 ἔσχον
1038 5016 1052 5031 ο
1087 4997 1378 5051 σπάνιοιδέ
1437 4998 1575 5048 εἰσιν
1602 4996 1650 5046 οἱ
1715 4993 1854 5064 πρὸς

285 5096 447 5158 δόξαν
479 5094 616 5146 Θεοῦ
650 5095 970 5162 πάσχοντες,
1002 5091 1076 5154 ὡς
1107 5093 1134 5144 ὁ
1169 5094 1230 5143 ὲκ
1259 5088 1488 5157 γενετῆς
1516 5087 1715 5157 τυφλὸς
1749 5087 1854 5137 ὑπὸ

285 5188 380 5240 τοῦ
412 5187 622 5256 Κυρίου
645 5184 1022 5255 Θεραπευθείς.
1073 5185 1135 5236 Ἠ
1160 5183 1292 5252 γοῦν
1318 5180 1698 5250 φιλανθρωπία
1746 5178 1855 5231 τῶν

285 5281 560 5348 θεοφόρων
593 5279 870 5344 Πατέρων,
899 5279 1020 5328 ἐπεὶ
1045 5277 1152 5328 τῶν
1199 5275 1480 5344 τεσσάρων
1546 5271 1706 5340 ὡρῶν
1758 5269 1854 5321 τοῦ

284 5368 536 5420 ἐνιαυτοῦ
561 5367 797 5434 νοσώδης
832 5366 980 5418 ἐστὶν
1013 5367 1046 5434 ἡ
1079 5365 1288 5435 θερινὴ,
1321 5365 1415 5416 καὶ
1445 5361 1650 5430 ταύτης
1720 5360 1857 5426 μᾶλ-

283 5463 371 5512 ὶον
399 5462 425 5510 6
454 5457 760 5524 Αὔγουστος
793 5458 900 5527 μὴν
964 5453 1152 5518 οῦτοςο
1214 5455 1421 5519 ζέσασα
1487 5453 1594 5521 γὰρ
1657 5455 1720 5503 ἐκ
1756 5453 1856 5520 τῆς

284 5550 668 5619 προλαὸούσης
704 5551 912 5618 θέρμης
940 5550 1034 5600 καὶ
1065 5549 1172 5599 τῶν
1203 5546 1504 5616 καυμάτων
1539 5545 1572 5614 ἡ
1602 5546 1658 5596 ὲν
1717 5544 1854 5612 ἡμῖν

285 5645 410 5716 ὖλη,
441 5646 550 5697 πᾶν
579 5644 607 5695 ὃ
638 5642 686 5693 τι
731 5641 924 5710 περᾶν
976 5639 1156 5714 ἑνὸςμῆ
1217 5641 1362 5692 δυοῖν
1412 5639 1564 5708 εὖροι
1620 5638 1728 5690 τῶν
1798 5638 1855 5687 ὲν

394 5827 435 5854 τ’
467 5821 633 5877 Junii.
672 5835 723 5885 ν,
757 5819 838 5870 Η.
917 5815 962 5848 ⁸ο
996 5817 1013 5870 Ι
1046 5815 1172 5871 Cor.
1211 5833 1282 5881 λι,
1317 5817 1405 5869 50.

1954 3345 2199 3414 corporis
2231 3359 2258 3398 a
2297 3351 2524 3413 peccato
2562 3341 2860 3398 oriuntur?
2901 3341 3056 3407 Quod
3092 3341 3252 3396 nobis
3286 3338 3530 3393 ostendit

1953 3438 2218 3492 Dominus
2257 3436 2311 3491 in
2345 3436 2658 3505 Evangelia.
2692 3437 2993 3504 Antequam
3041 3434 3185 3488 enim
3232 3442 3449 3487 sanaret
3494 3445 3526 3484 a

1955 3537 2192 3597 quatuor
2227 3529 2360 3582 viris
2404 3527 2646 3582 oblatum
2678 3527 2725 3581 ei
2765 3527 3130 3596 paralyticum
3175 3526 3232 3579 in
3278 3524 3528 3594 Caphar-

1955 3619 2293 3688 naum,dixit
2319 3618 2384 3672 ad
2415 3633 2539 3672 eum
2571 3632 2588 3670 :
2619 3637 2636 3668 ι
2665 3615 2790 3678 Fili,
2819 3615 3283 3670 remittun-turtibi
3308 3624 3528 3685 peccata

1955 3727 2070 3782 tua,
2113 3735 2132 3768 ι
2187 3716 2338 3786 prius
2383 3714 2664 3769 stimulum
2701 3711 2952 3768 auferens
2985 3722 3041 3768 et
3083 3727 3304 3766 causam
3352 3714 3530 3767 morbi

1956 3808 2245 3880 abjiciens,
2281 3817 2345 3862 ut
2374 3807 2571 3862 deinde
2597 3806 2937 3860 sanationem
2973 3805 3250 3875 adiiceret.
3285 3805 3364 3858 Ad
3400 3820 3526 3860 eum

1957 3912 2137 3956 autem
2165 3899 2258 3970 qui
2288 3896 2919 3967 Hierosolymisjacehat
2953 3896 3019 3950 ad
3063 3896 3403 3966 probatieam
3441 3896 3531 3965 pi-

1957 3993 2166 4048 scinam
2192 3990 2271 4045 ait
2315 4000 2438 4059 post
2473 3988 2648 4058 ipsius
2678 3987 3021 4042 sanationem
3067 4004 3080 4040 :
3129 4005 3148 4039 ι
3190 3987 3330 4042 Ecce
3362 4002 3530 4041 sanus

1958 4085 2135 4139 factus
2166 4097 2224 4136 es
2251 4099 2265 4148 ;
2294 4083 2404 4150 jam
2435 4081 2544 4136 noli
2565 4094 2810 4150 peccare,
2831 4095 2898 4134 ne
2927 4079 3173 4134 deterius
3203 4081 3298 4134 tibi
3325 4080 3527 4148 aliquid

1956 4179 2235 4248 contingat
2265 4177 2362 4231 τ⁹.δ
2401 4175 2557 4244 Quod
2587 4190 2918 4245 cognoscens
2949 4173 3152 4229 Paulus
3175 4173 3382 4228 scilicet
3413 4175 3528 4241 ple-

1957 4287 2154 4339 roSqne
2186 4269 2406 4322 morbos
2431 4283 2493 4321 ex
2522 4275 2742 4335 peccato
2781 4267 3097 4335 procedere,
3148 4281 3270 4320 eum
3302 4265 3529 4320 dixisset

1957 4362 2174 4432 indigne
2224 4359 2569 4413 accedentem
2612 4358 2677 4410 ad
2727 4357 3009 4427 mysticam
3056 4371 3323 4418 mensam,
3371 4372 3532 4409 man-

1956 4454 2155 4508 ducarc
2182 4459 2236 4506 et
2266 4451 2447 4505 bibere
2474 4465 2632 4504 suum
2661 4447 2944 4519 judicium,
2975 4448 3125 4502 addit
3160 4466 3202 4500 τι
3239 4446 3361 4502 Ideo
3393 4449 3534 4501 inter

1958 4561 2055 4598 vos
2076 4543 2229 4596 multi
2244 4541 2444 4595 infirmi
2463 4550 2514 4594 et
2532 4540 2854 4603 imbecilles,
2873 4549 2927 4594 ct
2943 4539 3221 4593 dormiunt
3253 4539 3407 4593 multi
3427 4540 3493 4592 ”.
3510 4560 3529 4590 ι

1963 4638 2070 4691 Sed
2100 4651 2294 4690 omnes
2320 4633 2566 4688 mortalis
2605 4641 2815 4687 natura:
2847 4631 3186 4686 calamitates
3233 4647 3299 4687 ex
3331 4633 3534 4703 quibus

1963 4729 2143 4783 omnis
2190 4728 2414 4782 morbus
2445 4725 2614 4789 venit,
2645 4740 2673 4778 a
2709 4732 2931 4794 peccato
2959 4735 3142 4780 ortum
3176 4725 3484 4780 habuerunt
3517 4741 3534 4780 :

1963 4821 2072 4872 rari
2117 4830 2245 4874 sunt
2275 4819 2367 4888 qui
2412 4818 2476 4872 ad
2524 4817 2751 4887 gloriam
2791 4816 2882 4870 Dei
2924 4816 3208 4886 patiuntur
3248 4817 3394 4870 velut
3443 4817 3534 4871 ille

1965 4927 1994 4965 a
2027 4911 2309 4965 nativitate
2339 4923 2539 4975 caecus,
2579 4922 2742 4978 quem
2771 4907 2980 4960 curavit
3014 4907 3295 4962 Dominus.
3325 4907 3536 4962 Miseri-

1960 5001 2145 5057 cordia
2187 5015 2471 5054 sacrorum
2526 4997 2747 5052 Patrum
2779 5037 2794 5060 ,
2846 4997 3080 5052 dumea
3117 5009 3355 5066 quatuor
3403 5000 3534 5053 anni

1964 5092 2420 5163 tempestatibus,
2488 5090 2766 5144 morbitica
2825 5099 2908 5144 cst
2985 5100 3190 5156 :estas,
3253 5100 3308 5145 et
3364 5091 3416 5143 in
3471 5106 3536 5145 ea

1967 5187 2054 5238 hic
2087 5183 2389 5253 praesertim
2416 5181 2619 5236 mensis
2646 5181 2904 5252 Augusti;
2927 5183 3152 5236 materia
3181 5182 3325 5240 enim
3357 5183 3410 5235 in
3441 5199 3539 5235 no-

1967 5277 2050 5330 bis
2096 5278 2509 5345 ingravescente
2549 5273 2729 5328 calore
2767 5283 2821 5328 et
2869 5273 3002 5330 solis
3035 5276 3230 5329 ardore
3271 5273 3534 5332 calefacta

1965 5382 2134 5420 unum
2162 5375 2259 5418 aut
2300 5366 2406 5416 duo
2439 5379 2504 5416 ex
2534 5363 2822 5418 elementis
2873 5363 3076 5418 nostris
3134 5362 3422 5420 invenerit.
3481 5370 3536 5414 et

1966 5457 2018 5510 in
2066 5463 2237 5510 totum
2288 5468 2488 5521 corpus
2533 5453 2665 5520 agit,
2710 5460 2766 5505 et
2789 5460 2984 5507 caetera
3037 5452 3269 5506 reddens
3321 5450 3531 5504 inutilia

1967 5547 2187 5602 morbos
2211 5555 2475 5614 procreat.
2505 5543 2868 5598 Misericordia
2887 5559 3040 5612 ergo,
3067 5553 3125 5594 ut
3146 5542 3279 5604 dixi,
3312 5549 3529 5594 sancto-

1969 5655 2087 5692 rum
2124 5635 2370 5700 Patrum,
2408 5637 2544 5690 hanc
2571 5641 2944 5704 tempestatem
2971 5635 3158 5689 videns
3188 5633 3490 5687 morbidam
3525 5677 3534 5690 ,
