4014 6434
547 350 652 411 399

1857 345 1899 402 (ἶ
1913 343 2164 403 REGOR
2182 343 2228 400 ll
2271 345 2353 402 PA
2368 345 2454 403 LA
2466 345 2514 402 Μ
2529 345 2589 404 ,λῐζ

3669 342 3764 406 400

542 469 601 511 ιιι
634 457 864 510 leviores
898 453 1052 507 nobis
1098 450 1350 506 redderet
1382 450 1605 506 morbos
1665 453 1828 520 jussit
1870 455 2110 506 adhiberi

2222 455 2352 522 ἡμῖν
2388 453 2686 524 στοιχείων,
2723 453 2856 522 πρὸς
2884 454 2988 506 xi:
3015 452 3208 522 ἀναχεῖ
3236 449 3297 506 τὸ
3355 451 3535 523 σῶμα,
3561 454 3648 507 καὶ
3688 456 3765 511 οὗ·

541 548 880 602 benedictam
912 543 1244 614 aspersionis
1269 558 1466 612 aquam
1500 553 1561 597 ut
1593 558 1719 597 cum
1759 545 1861 599 ﬁde
1892 554 2110 598 utentes

539 638 668 692 inde
700 634 1022 692 sanctificati
1055 634 1370 704 superiores
1399 649 1780 689 remaneamus
1811 634 2015 688 morbis
2045 651 2108 686 ex

538 743 762 803 peccato
786 748 884 787 nos
906 731 1310 785 invadentibus.
1335 730 1399 783 Et
1419 730 1585 784 simul
1606 730 1800 784 docent
1821 745 1940 792 nos,
1962 746 2112 799 gras-

538 836 695 881 sante
725 829 914 882 morbo
935 821 1355 892 confugiendum
1376 836 1500 875 esse
1524 836 1630 875 non
1654 823 1718 875 ad
1747 837 1933 892 magos
1955 832 2007 876 et
2026 823 2110 875 in-

535 923 811 981 cantores,
842 917 934 971 sed
965 915 1030 968 ad
1070 917 1258 975 Deum,
1291 912 1358 966 ad
1392 921 1704 966 sanctorum
1740 913 1858 982 ejus
1888 914 2110 967 invoca-

536 1015 736 1066 tionem
761 1049 776 1076 ,
803 1010 868 1064 ad
901 1007 1264 1063 sanetifieatas
1309 1003 1410 1072 ipsi
1461 1012 1516 1057 et
1567 1019 1662 1073 per
1697 1004 1861 1058 vitam
1895 1004 2109 1060 oblatas

535 1104 694 1158 nobis
726 1102 1026 1164 orationes,
1053 1114 1244 1169 preces
1268 1109 1324 1152 et
1353 1097 1804 1166 supplicationes.
1831 1097 1934 1161 Qui
1963 1097 2108 1150 enim

536 1197 604 1249 ad
656 1208 846 1260 magos
887 1202 941 1245 et
975 1191 1293 1245 ineantores
1342 1187 1688 1258 confugiunt,
1743 1193 1942 1255 negant
1988 1201 2110 1240 esse

537 1286 728 1347 Deum,
764 1282 1173 1351 coniunguntur
1203 1279 1546 1334 daemonibus
1581 1292 1709 1332 suas
1738 1277 2110 1332 occidentibus

536 1379 770 1439 animas,
804 1386 858 1430 et
887 1374 1178 1444 aliquando
1203 1372 1530 1427 insanabiles
1554 1371 1770 1425 morbos
1795 1378 1850 1422 et
1875 1379 2107 1422 tnortem

535 1474 708 1537 ipsam
754 1484 818 1522 ex
866 1481 1055 1521 eorum
1104 1464 1437 1520 commercio
1479 1469 1780 1529 reportant.
1837 1458 2110 1515 Oeltozias

535 1560 882 1616 enimAcltab
913 1559 1059 1613 filius
1081 1558 1135 1612 in
1167 1557 1540 1611 infirmitatem
1575 1553 1856 1622 delapsus,
1881 1551 2028 1606 misit
2054 1560 2111 1605 ut

534 1653 798 1721 scriptum
838 1660 919 1705 est
961 1650 1024 1704 ad
1075 1649 1238 1704 deum
1286 1647 1530 1702 Aecaron
1573 1643 1920 1699 :idololatra:
1965 1642 2108 1697 enim

533 1753 692 1796 erant
719 1742 831 1807 isti,
874 1740 1046 1810 magis
1079 1749 1133 1794 et
1163 1738 1352 1792 ariolis
1380 1735 1715 1791 conﬁdentes
1743 1750 1756 1788 :
1786 1735 1932 1787 misit
1980 1747 2109 1803 ergo

533 1837 720 1890 Achab
757 1834 902 1906 regis
936 1833 1080 1889 filius
1109 1831 1201 1900 qui
1243 1831 1641 1899 interrogarent
1672 1840 1766 1880 eos
1793 1828 1860 1879 de
1893 1840 1990 1879 sua
2022 1825 2108 1878 in-

534 1921 826 1986 ﬁrmitate;
859 1920 1058 1989 quibus
1089 1933 1384 1974 occurrens
1417 1917 1623 1969 nuntiis
1657 1914 1803 1970 Elias
1845 1914 2105 1983 propheta

532 2015 671 2069 dixit
706 2034 719 2068 :
752 2033 772 2066 ι
810 2011 1084 2082 Numquid
1121 2027 1228 2064 non
1265 2019 1348 2064 est
1379 2008 1519 2062 Deus
1565 2008 1618 2060 in
1656 2007 1846 2071 Israel,
1881 2014 1940 2060 ut
1969 2004 2109 2060 eatis

531 2109 597 2162 ad
645 2105 1041 2161 consulendum
1095 2102 1223 2158 Baal
1267 2102 1426 2156 deum
1489 2099 1770 2155 Accaron?
1819 2099 1989 2164 Quam
2039 2095 2124 2153 ob'

531 2215 642 2254 rem
701 2199 815 2251 haec
863 2198 1001 2252 dixit
1052 2195 1314 2249 Dominus
1351 2214 1363 2247 :
1401 2194 1474 2247 De
1513 2192 1716 2247 lectulo
1759 2206 1924 2260 super
1947 2206 2107 2260 qucm

532 2290 846 2355 ascendisti,
879 2303 984 2344 non
1023 2286 1346 2350 descendes,
1376 2285 1469 2340 sed
1502 2293 1678 2337 morte
1709 2270 1962 2337 morieris
1993 2282 2060 2336 ⁸¹.
2081 2299 2098 2332 ι

2213 563 2291 598 τω
2311 545 2435 606 τοὺς
2461 545 2654 607 ἄλλους
2682 545 2790 597 τῶν
2821 545 2878 596 ὲν
2913 546 3044 614 ἡμῖν
3086 541 3416 613 ἀχρειοῦσα,
3441 543 3538 607 τάς
3594 545 3764 610 νόσους

2215 639 2376 692 ποιεῖ.
2422 638 2484 690 'H
2523 637 2655 706 γοῦν
2703 637 3110 707 φιλανθρωπία,
3143 636 3400 704 καθάπερ
3460 636 3616 707 ἔφην,
3670 644 3766 692 τῶν

2215 732 2376 800 ἱερῶν
2406 731 2683 799 Πατέρων,
2719 729 2908 785 ἰδοῦσα
2937 729 3144 799 νοσώδη
3196 729 3289 783 τὸν
3318 727 3515 798 καιρὸν
3571 729 3763 794 τοῦτον,

2211 822 2288 882 ὡς
2310 821 2376 875 ἂν
2400 824 2534 890 ἡμῖν
2569 822 2909 893 ὲπικουφίσῃ
2954 821 3054 884 τὰς
3107 821 3321 884 νόσους,
3347 821 3409 873 τὸ
3459 821 3771 889 ἡγιασμένον

2211 913 2368 967 τοῦτο
2397 913 2490 966 τοῦ
2533 913 2832 985 ῥαντισμοῦ
2869 913 3170 984 προσέταξε
3208 913 3391 966 τελεῖν
3418 913 3569 982 ἡμᾶς
3618 912 3767 982 ὕδωρ,

2216 1005 2280 1058 ἵν’
2313 1006 2561 1059 ἐντεῦθεν
2589 1006 2947 1075 ἁγιαζόμενοι
2982 1007 3032 1059 οἱ
3071 1007 3208 1076 μετά
3262 1006 3504 1068 πίστεως
3553 1022 3767 1075 προσερ-

2211 1095 2454 1181 χόμενοι,
2479 1096 2823 1167 διαμένωμεν
2844 1096 3109 1166 ἀνώτεροι
3142 1097 3250 1151 τῶν
3287 1097 3347 1161 ἐξ
3379 1097 3773 1166 ἁμαρτημάτων

2211 1187 2629 1258 προσϐαλόντων
2652 1189 2782 1258 ἡμῖν
2819 1191 3142 1259 νοσημάτων
3164 1205 3176 1219 ·
3234 1190 3355 1257 ἅμα
3386 1188 3447 1242 δὲ
3504 1189 3598 1241 καὶ
3646 1190 3774 1241 διδέ-

2214 1295 2436 1342 σκοντες
2468 1281 2638 1349 ἡμᾶς,
2676 1281 2741 1334 ἄν
2775 1297 2882 1333 τινι
2914 1280 3095 1351 συμσῇ
3127 1280 3304 1348 νόσος,
3339 1280 3416 1352 μὴ
3448 1281 3774 1351 πρὸςέπαοι-

2210 1369 2333 1434 δοὺς
2351 1373 2445 1423 καὶ
2479 1371 2684 1442 γόητας
2712 1373 2950 1443 τρέχειν,
2987 1374 3275 1445 ἀλλὰπρὸς
3305 1375 3400 1427 τὸν
3439 1373 3598 1439 Θεὸν,
3648 1373 3770 1443 πρὸς

2210 1461 2444 1530 τὴντῶν
2479 1463 2652 1530 ἀγίων
2699 1465 2865 1517 αὑτοῦ
2927 1465 3248 1536 πρεσϐείαν,
3319 1465 3462 1537 πρὸς
3518 1465 3616 1529 τὰς
3674 1463 3771 1518 τῶν

2211 1553 2606 1624 ἀφιερωμένων
2627 1556 2776 1626 αὐτῷ
2806 1558 2899 1610 καὶ
2933 1557 3022 1610 διὰ
3057 1557 3175 1627 βίου
3203 1558 3591 1627 ἀνακειμένων
3643 1557 3770 1630 ὑπὲρ

2210 1641 2662 1728 ἡμῶνσὲντεύξεις
2687 1645 2782 1699 καὶ
2805 1645 3017 1715 δεήσεις
3045 1649 3140 1699 καὶ
3193 1646 3531 1717 προσευχάς.
3557 1647 3618 1700 Oi
3676 1647 3772 1714 γὰρ

2211 1733 2351 1801 πρὸς
2380 1734 2598 1803 ἐπῳδάς
2631 1736 2725 1788 καὶ
2755 1738 3010 1805 γοητείας
3045 1737 3362 1808 χωροῦντες
3412 1736 3665 1791 ἀθετοῦσι
3720 1737 3772 1789 τὸ

2211 1818 2349 1874 εἶναι
2385 1823 2538 1887 Θεὸν,
2590 1827 2981 1879 συντάσσονται
3016 1829 3128 1890 τοῖς
3185 1829 3438 1896 δαίμοσι,
3493 1824 3770 1882 Θανατοῦσι

2210 1912 2307 1974 τὰς
2338 1914 2550 1969 ἑαυτῶν
2581 1916 2755 1986 ψυχάς
2778 1935 2791 1948 ·
2829 1919 2946 1970 ἐστι
2994 1918 3038 1970 δ’
3061 1919 3150 1972 ὅτε
3198 1921 3295 1972 καὶ
3352 1919 3542 1983 νόσους
3597 1917 3774 1987 ἀνηκέ-

2214 2022 2372 2070 στους
2400 2009 2464 2060 ὲκ
2493 2009 2698 2062 τούτων
2745 2011 2988 2082 τρυγῶσι
3039 2013 3133 2064 καὶ
3194 2011 3456 2066 θάνατον.
3543 2008 3773 2080 Ὀχοζίας

2214 2101 2324 2168 γάρ
2357 2117 2486 2154 ποτε
2511 2103 2538 2153 ό
2567 2101 2661 2154 τοῦ
2704 2102 2911 2170 Ἀχαάὄ
2946 2103 3202 2174 ἀσθενείᾳ
3231 2103 3578 2176 περιπεσὼν,
3614 2103 3770 2170 έπεμ-

2213 2190 2281 2259 ψε
2315 2193 2456 2244 κατὰ
2481 2192 2540 2246 τὸ
2563 2193 2949 2263 γεγραμμένον
2982 2193 3119 2264 πρὸς
3173 2196 3270 2249 τὸν
3307 2196 3434 2250 Θεὸν
3479 2194 3764 2264 ’Δκκαρώπ

2215 2283 2598 2355 εἰδωλολάτραι
2629 2287 2685 2338 δὲ
2707 2281 2846 2352 ἦσαν
2880 2281 3048 2350 οὗτοι,
3081 2287 3178 2340 καὶ
3207 2289 3496 2358 γοητείαις
3524 2289 3615 2341 καὶ
3655 2303 3770 2356 μαν-

529 2387 704 2447 τείαις
729 2385 1085 2455 προσέχοντες
1111 2396 1126 2412 ·
1156 2380 1370 2448 ἔπεμψε
1396 2379 1525 2446 γοῦν
1549 2380 1575 2430 ό
1601 2375 1693 2430 τοῦ
1721 2375 1986 2445 βασιλέως
2018 2377 2223 2445 ’Δχαάϐ
2249 2379 2361 2454 υἱὸς
2393 2373 2548 2442 οὗτος
2572 2380 2708 2450 πρὸς
2730 2380 3001 2444 τοιούτους
3026 2381 3218 2451 μαθεῖν
3245 2382 3381 2453 περὶ
3404 2380 3504 2450 τῆς
3519 2379 3770 2439 ἀσθενείας

530 2476 716 2532 αὑτοῦ.
764 2475 1119 2544 ’Υπαντήσας
1177 2472 1233 2524 δὲ
1301 2473 1415 2532 τοῖς
1468 2469 1904 2538 ἀπεσταλμένοις
1961 2466 2139 2520 Ἠλιοῦ
2209 2471 2235 2522 ὁ
2277 2473 2583 2541 προφήτης,
2645 2475 2781 2540 φησι
2848 2473 2986 2542 πρὸς
3043 2471 3280 2535 αὐτούς’
3322 2491 3342 2525 t
3407 2473 3567 2543 Παρά
3599 2471 3656 2524 τὸ
3706 2469 3769 2540 μὴ

531 2569 670 2626 εἶναι
701 2571 834 2624 Θεὸν
858 2571 916 2624 ὲν
971 2568 1212 2637 Ἰσραὴλ,
1277 2567 1436 2632 ὑμεῖς
1494 2563 1794 2633 πορεύεσθε
1850 2563 2187 2633 ἐπιζητῆσαι
2225 2566 2384 2634 ἐντῷ
2420 2567 2567 2619 Βάαλ
2593 2567 2714 2621 θεὸν
2776 2570 3099 2640 Ἀκκαρών;
3147 2569 3290 2624 Τάδε
3342 2570 3492 2640 λέγει
3550 2567 3764 2640 Κύριοςο

541 2668 605 2718 'Il
637 2666 796 2733 κλίνη
823 2664 908 2734 ἐφ’
937 2659 1003 2737 ἦς
1028 2662 1228 2733 ἀνέϐης
1259 2663 1396 2724 ἐκεῖ,
1427 2659 1486 2711 ού
1542 2659 1827 2730 καταϐήσῃ
1883 2660 1977 2712 ἀπ’
2008 2660 2198 2730 αὐτῆς,
2236 2661 2370 2714 ἀλλὰ
2408 2661 2625 2731 θανάτῳ
2651 2663 2918 2734 ἀποθανῇ.
2961 2684 2979 2715 ι

599 2761 795 2816 Nonne
821 2761 1016 2815 videtis
1036 2758 1231 2828 quodii
1252 2757 1345 2826 qui
1377 2772 1560 2826 magos
1589 2755 1898 2824 ariulosque
1924 2757 1990 2810 ad
2020 2770 2110 2810 co-

533 2851 901 2922 gnoscendum
928 2865 1040 2904 rem
1071 2849 1312 2918 aliquam
1336 2847 1420 2900 vel
1452 2845 1730 2908 morbum,
1762 2854 1959 2912 negent
1984 2858 2108 2897 esse

533 2949 805 2999 internos
838 2942 1030 3004 Deum,
1061 2947 1118 2994 et
1143 2939 1270 2993 inde
1313 2947 1544 2992 mortem
1577 2944 1876 3005 reportent,
1912 2935 2110 2988 animm

533 3035 829 3104 praesertim
871 3039 1126 3095 mortem,
1160 3038 1213 3082 et
1263 3028 1425 3082 etiam
1477 3026 1772 3096 aliquando
1819 3024 2112 3094 corporis?

532 3127 632 3192 Qui
677 3133 854 3177 autem
889 3123 944 3175 in
993 3118 1412 3175 necessitatibus
1468 3116 1552 3170 vel
1599 3113 2013 3170 infirmitatibus
2047 3105 2113 3167 ad

533 3219 700 3270 Deum
733 3227 787 3270 et
815 3222 1036 3269 sanctos
1065 3211 1185 3278 ejus
1210 3207 1474 3280 confugit,
1501 3206 1546 3262 si
1575 3206 1622 3260 ei
1655 3203 1930 3275 expediat,
1967 3219 1996 3257 a
2026 3217 2116 3257 nc-

531 3307 884 3364 Cessitatibus
923 3303 1305 3374 corporalibus
1341 3302 1556 3355 eruitur
1583 3308 1636 3352 et
1669 3313 1697 3350 a
1744 3296 1952 3350 morbis
1979 3295 2116 3349 libe-

533 3410 714 3465 ratur;
747 3400 1033 3454 sanitatem
1061 3411 1189 3450 vero
1205 3394 1401 3449 anima:
1424 3391 1912 3456 remissionemque
1931 3401 2119 3455 pecca-

541 3507 722 3548 torum
764 3507 977 3560 semper
1009 3489 1250 3558 reperit;
1286 3487 1367 3542 sic
1397 3485 1636 3555 loquitur
1661 3479 1864 3551 Christi
1897 3487 2117 3545 aposto-

531 3590 619 3644 lus
648 3598 701 3642 et
729 3590 895 3640 frater
927 3583 1160 3638 Jacobtts
1202 3599 1216 3635 :
1267 3600 1285 3632 t
1319 3579 1630 3634 lnlirmatur
1659 3572 1787 3643 quis
1822 3572 1875 3625 in
1915 3569 2114 3626 vobis?

531 3685 755 3747 inducat
787 3679 1136 3747 presbyteros
1170 3672 1459 3735 Ecclesiae,
1507 3677 1563 3722 et
1595 3675 1756 3720 orent
1785 3678 1948 3733 super
1985 3668 2110 3718 éum

532 3784 792 3846 ungentes
823 3786 946 3825 eum
978 3769 1099 3822 oleo
1128 3767 1179 3820 in
1215 3763 1436 3820 nomine
1464 3756 1704 3818 Domini,
1740 3765 1793 3810 et
1834 3757 2012 3809 oratio
2053 3757 2115 3807 ti-

530 3867 614 3921 dei
663 3863 893 3918 salvabit
926 3860 1202 3913 infirmum
1238 3895 1252 3920 ,
1289 3864 1342 3909 et
1373 3847 1635 3908 excitabit
1665 3864 1788 3903 eum
1831 3847 2111 3911 Dominus,

530 3966 582 4010 et
605 3955 650 4010 si
684 3958 735 4007 in
765 3950 1000 4021 peccatis
1022 3948 1114 4013 sit,
1151 3945 1508 4000 remittuntur
1533 3940 1580 3995 ei
1611 3939 1678 3994 θ’.
1716 3957 1733 3988 ι
1765 3936 1997 3991 Necesse
2030 3944 2115 3989 est

531 4059 712 4102 autem
739 4055 797 4098 ut
817 4038 1190 4111 cooperemini
1217 4033 1554 4092 orationibus
1578 4041 1796 4100 propter
1815 4045 1907 4083 vos
1932 4029 2112 4094 factis,

532 4155 625 4208 per
649 4137 1070 4191 conversionem
1098 4170 1113 4195 ,
1147 4126 1548 4184 confessionem
1577 4164 1590 4187 ,
1625 4125 2030 4190 eleemosynam
2061 4129 2114 4171 et

535 4233 638 4283 alia
675 4227 1008 4298 ptenitentia:
1050 4235 1254 4292 opera;
1296 4218 1526 4270 multum
1563 4216 1705 4269 enim
1756 4215 1892 4268 valet
1938 4213 2112 4266 oratio

527 4324 660 4390 justi
691 4321 932 4373 assidua.
967 4314 1090 4369 Fiat
1119 4328 1246 4382 ergo
1284 4323 1339 4364 ut
1373 4325 1471 4363 nos
1504 4323 1714 4372 omnes,
1745 4324 1776 4362 a
1813 4305 1964 4358 malis
1995 4306 2112 4358 ani-

2296 2756 2512 2824 Ὁρᾶτε,
2541 2759 2624 2811 ὅτι
2655 2759 2704 2809 οἱ
2739 2760 2890 2828 παρά
2925 2760 3138 2828 γοήτων
3166 2759 3261 2811 καὶ
3299 2760 3547 2828 μάντεων
3599 2752 3766 2824 ἐπιζη-

2212 2845 2426 2909 τοῦντες
2449 2863 2503 2898 τι
2531 2847 2782 2917 μαθεῖν,ἢ
2808 2847 3026 2914 παθεῖν,
3059 2847 3351 2900 ἀθετοῦσιν
3382 2845 3520 2900 εἶναι
3547 2847 3630 2897 τὸν
3656 2844 3766 2895 Θεὸν

2212 2938 2269 2987 ὲν
2284 2939 2314 3006 ἡ
2324 2941 2434 3006 μῖν,
2456 2939 2547 2991 καὶ
2565 2938 2792 2992 θάνατον
2805 2940 3012 2992 ἐκεῖθεν
3032 2940 3373 3008 καρποῦνται
3392 2940 3618 3010 μάλιστα
3631 2935 3766 3004 178

2217 3029 2315 3096 μὲν
2348 3029 2437 3083 τὸν
2462 3029 2562 3099 τῆς
2589 3029 2788 3099 ψυχῆς,
2811 3030 2928 3083 ἔστι
2951 3031 2994 3082 δ’
3011 3031 3099 3084 ὅτε
3122 3031 3338 3084 καὶτὸν
3365 3029 3462 3083 τοῦ
3495 3028 3760 3097 σώματος;

2232 3121 2289 3171 '0
2319 3121 2372 3173 δὲ
2396 3121 2528 3190 πρὸς
2560 3123 2650 3174 τὸν
2673 3121 2805 3176 Θεὸν
2835 3125 2928 3176 καὶ
2950 3123 3074 3186 τοὺς
3104 3121 3302 3190 ἁγίους
3325 3120 3490 3175 αὑτοῦ
3523 3115 3762 3187 προστρέ-

2219 3229 2328 3281 χων
2360 3215 2415 3264 έν
2436 3213 2703 3282 ἀνάγκαις
2728 3216 2825 3267 καὶ
2857 3213 3186 3278 ἀσθενείαις,
3209 3215 3257 3266 εἰ
3290 3215 3559 3284 συμφέρει
3589 3209 3759 3276 τούτῳ,

2217 3305 2312 3355 καὶ
2346 3303 2455 3355 τῶν
2492 3307 2819 3374 σωματικῶν
2852 3306 3110 3373 ἀναγκῶν
3137 3305 3354 3369 λύεται,
3385 3305 3606 3361 καὶτῶν
3628 3317 3761 3363 νοση’

2221 3395 2404 3464 μάτων
2430 3396 2829 3450 ἀπαλλάττεται
2851 3413 2864 3427 ο
2901 3401 2999 3466 τῆς
3034 3398 3090 3450 δὲ
3125 3399 3268 3450 κατά
3336 3398 3518 3468 ψυχὴν
3573 3396 3756 3460 ὑγείας.

2217 3491 2311 3542 καὶ
2337 3490 2434 3557 τῆς
2461 3489 2566 3541 τῶν
2597 3490 3010 3559 ἁμαρτημάτων
3033 3493 3281 3560 ἀφέσεως
3300 3493 3390 3545 ἀεὶ
3410 3489 3758 3556 ἐπιτυγχάνειο

2217 3581 2362 3634 οὕτω
2396 3584 2503 3652 γὰρ
2534 3587 2628 3636 καὶ
2651 3585 2678 3636 ό
2705 3583 2798 3636 τοῦ
2834 3585 3070 3654 Χριστοῦ
3103 3585 3406 3648 ἀπόστολος
3437 3592 3529 3636 καὶ
3561 3577 3761 3642 ἀδελφῖς

2233 3674 2486 3735 Ἱάκωδός
2511 3690 2707 3743 φησιν·
2753 3694 2770 3725 t
2823 3676 3066 3729 ’Λσθενεῖ
3111 3693 3195 3740 τις
3229 3679 3289 3728 ὲν
3316 3678 3482 3743 ὑμίν;
3542 3685 3755 3740 1:90st-

2217 3765 2467 3818 λεσάσθω
2498 3767 2624 3828 τοὺς
2667 3766 3073 3836 πρεσϐυτέρους
3131 3767 3231 3836 τῆς
3301 3765 3644 3836 Ἐκκλησίας,
3683 3757 3760 3812 καὶ

2219 3856 2712 3926 προσευξάσθωσαν
2736 3858 2822 3910 ἐπ’
2849 3859 3036 3924 αὑτὸν,
3071 3857 3398 3928 ἀλείψαντες
3437 3857 3596 3913 αὑτὸν
3621 3849 3759 3915 ἐλαίῳ

2216 3951 2275 4001 ἐν
2303 3948 2379 4018 τῷ
2407 3949 2632 4017 ὀνόματι
2661 3949 2754 4001 τοῦ
2785 3949 3018 4020 Κυρίου,
3053 3952 3147 4004 καὶ
3180 3953 3209 4020 ἡ
3250 3953 3392 4023 εὐχὴ
3424 3953 3521 4020 τῆς
3552 3947 3756 4002 πίστεως

2218 4041 2378 4092 σώσει
2409 4041 2498 4091 τὸν
2528 4041 2827 4110 κάμνοντα,
2865 4042 2958 4095 καὶ
3019 4044 3207 4112 ἐγερεῖ
3263 4045 3432 4096 αὐτὸν
3474 4044 3501 4094 ὁ
3545 4039 3756 4104 κύριος’

2216 4129 2318 4181 κᾶν
2351 4130 2625 4198 ἁμαρτίας
2762 4132 3100 4202 πεποιηκὼς,
3153 4135 3494 4204 ἀφεθήσεται
3550 4125 3704 4194 αύτῷ-
3739 4141 3754 4171 ⁸

2215 4225 2307 4274 Δεῖ
2335 4225 2507 4275 δὲκαὶ
2540 4225 2681 4292 ὑμᾶς
2710 4227 2992 4292 συνεργεῖν
3025 4228 3144 4288 ταῖς
3190 4226 3335 4296 ὑπὲρ
3371 4227 3521 4296 ὑμῶν
3573 4217 3756 4286 εὐχαῖς.

2214 4313 2280 4366 δι’
2320 4314 2676 4384 ἐπιστροφῆς,
2711 4315 2778 4366 δι’
2838 4317 3266 4385 ἐξαγορεύσεως,
3298 4318 3370 4371 δι’
3394 4311 3754 4384 ἐλεημοσύνηςο

534 4429 631 4465 tua:
669 4422 721 4464 et
751 4407 999 4477 corporis
1033 4402 1244 4457 liberati
1274 4400 1364 4454 hic
1392 4399 1445 4450 iu
1483 4396 1885 4465 tranquillitate
1919 4396 2106 4447 viven-

2215 4402 2301 4455 διὰ
2327 4402 2434 4454 τῶν
2492 4404 2666 4456 ἄλλων
2709 4406 2885 4473 ἔργων
2931 4406 3027 4474 τῆς
3097 4409 3419 4476 μετανοίας·
3475 4402 3603 4457 πολὺ
3659 4399 3750 4464 γάρ

534 4516 613 4558 tes
663 4502 894 4557 feliciter
950 4492 1232 4568 prmsentis
1268 4491 1390 4545 vitae
1427 4492 1661 4557 spatium
1698 4502 2106 4556 percurramus.

535 4611 718 4666 postea
741 4605 948 4651 statuto
965 4577 1209 4656 tempore
1230 4585 1521 4656 participes
1544 4583 1845 4637 ellieiamur
1865 4595 2104 4645 ater-nar,

534 4697 706 4746 beatae
743 4698 798 4744 et
841 4681 1278 4752 iucorruptibilis
1331 4677 1476 4732 omni
1531 4677 1717 4729 dolore
1757 4685 1810 4728 et
1861 4689 2108 4727 aerumna

533 4795 757 4851 prorsus
787 4778 979 4832 aliena:
1003 4773 1149 4838 vita’,
1173 4769 1228 4822 iu
1261 4767 1380 4836 ipso
1412 4765 1538 4819 Jesu
1566 4763 1783 4816 Christo
1816 4762 2026 4815 medico
2054 4773 2107 4816 et

537 4879 642 4931 Deo
668 4874 977 4928 animarum
1007 4874 1415 4934 corporumque
1462 4866 1770 4912 nostrorum
1799 4894 1814 4919 ,
1854 4858 1941 4908 cui
1984 4871 2104 4907 cum

535 4972 691 5024 Patre
714 4976 771 5022 et
796 4969 987 5020 sancto
1021 4957 1227 5027 Spiritu
1258 4955 1427 5024 gloria
1456 4953 1508 5005 in
1537 4950 1734 5005 saecula
1759 4948 2102 5003 szeculorum.

532 5065 725 5115 Amen.

2217 4495 2390 4563 ἰσχύει
2422 4497 2604 4564 δέησις
2635 4497 2846 4550 δικαίου
2871 4500 3266 4570 ἐνεργουμένη.
3303 4501 3518 4554 Γένοιτο
3546 4495 3599 4546 δὲ
3629 4490 3754 4560 ἡμᾶς

2213 4589 2439 4652 πάντας,
2470 4594 2563 4640 καὶ
2586 4590 2692 4642 τῶν
2722 4591 2818 4659 τῆς
2855 4591 3032 4661 ψυχῆς
3069 4593 3161 4644 καὶ
3226 4595 3335 4645 τῶν
3390 4589 3480 4643 τοῦ
3535 4586 3752 4654 aditi-“‘05

2211 4677 2619 4747 ἀπαλλαγέντας
2683 4680 2892 4746 δεινῶν,
2940 4679 3036 4733 νῦν
3095 4681 3195 4751 μὲν
3249 4684 3307 4733 έν
3386 4667 3755 4750 μετριοπαθείφ

2212 4773 2483 4842 βιοῦντας,
2531 4777 2790 4846 εὐμαρῶς
2855 4775 3103 4830 διανῦσαι
3137 4777 3198 4830 τὸ
3228 4778 3500 4846 διάστημα
3553 4774 3643 4840 τῆς
3669 4780 3754 4816 πα’

2216 4865 2416 4935 ρούοης
2457 4867 2632 4936 ζωῆς·
2702 4869 3065 4931 διανύσαντας
3123 4869 3180 4923 δὲ
3231 4869 3410 4934 τοῦτο,
3457 4856 3753 4936 μεταλαχεῖν

2220 4959 2360 5010 κατὰ
2389 4961 2578 5026 καιρὸν
2605 4959 2697 5011 καὶ
2728 4960 2824 5028 τῆς
2845 4961 3065 5014 αἰωνίου
3094 4963 3190 5015 καὶ
3221 4961 3494 5032 μακαρίας
3523 4955 3614 5008 καὶ
3634 4953 3753 5010 ἀκε-

2223 5050 2386 5117 ράτου
2423 5051 2590 5119 ζωῆς,
2623 5053 2714 5102 καὶ
2770 5052 2988 5115 τελείως
3017 5053 3262 5117 ἀπαθοῦς
3317 5053 3411 5108 καὶ
3473 5047 3652 5114 ἀπήμο
3681 5037 3748 5095 ὸς,

534 5160 592 5210 ἐν
615 5146 761 5222 αὐτῷ
787 5139 1008 5219 Χριστῷ
1042 5144 1116 5213 τῷ
1149 5143 1320 5212 ἰατρῷ
1352 5143 1443 5194 καὶ
1487 5137 1604 5208 Θεῴ
1637 5139 1741 5191 τῶν
1773 5140 1960 5210 ψυχῶν
2018 5142 2106 5193 καὶ
2147 5141 2255 5195 τῶν
2285 5145 2554 5214 σωμάτων
2596 5147 2749 5214 ἡμῶν
2777 5163 2788 5174 ·
2853 5148 2970 5216 μεθ’
3024 5145 3083 5204 οὗ
3143 5149 3220 5219 τῷ
3279 5147 3454 5221 Πατρὶ
3498 5139 3616 5205 δόξα
3663 5131 3745 5188 σὺν

536 5248 672 5316 ἁγίῳ
701 5241 998 5310 Πνεύματι,
1027 5236 1104 5298 εἰς
1126 5236 1249 5298 τοὺς
1281 5233 1506 5292 αἰῶνας.
1552 5233 1747 5300 Ἀμήν.

626 5428 668 5459 ³³
699 5427 760 5481 lV
791 5424 925 5494 Reg.
959 5441 994 5488 t,
1040 5421 1091 5474 ’5.
1171 5420 1214 5448 ⁸³
1255 5416 1372 5473 Jac.
1409 5435 1459 5484 ι’,
1498 5421 1577 5483 Η,
1614 5419 1697 5471 15.
