4014 6430
206 393 314 456 4Ο1

783 509 1204 565 'OMIAIAsAB'.

202 624 321 678 Τοῦ
347 625 538 700 amo?
587 627 779 700 ὁμιλία
803 632 891 695 εις
927 631 992 684 τὸ
1027 631 1181 685 κατὰ
1206 631 1310 684 τὸν
1339 633 1790 700 εὺίῑτγελιστήν

273 697 588 772 διαζθαῖον
613 699 724 772 τῆς
754 700 1012 767 ἐννάτης
1047 701 1348 771 Κυριακῆς
1377 697 1751 772 Εὐαγγέλιονλ
1772 719 1785 732 ·

272 766 349 819 ἐν
380 765 419 833 ᾗ
449 766 549 821 καὶ
584 769 717 836 περὶ
760 765 1128 839 πειρασμῶν.

289 881 552 946 Ἰάκωϐος
578 886 605 936 ὁ
630 883 970 956 ἀδελφόθεος,
1012 906 1031 938 ‹
1068 889 1257 941 Πᾶσαν
1327 891 1508 959 χαρὰν
1566 892 1787 960 ἡγήσα-

201 972 326 1037 σθε,
349 975 535 1042 φησὶν,
561 974 690 1028 ὅταν
721 979 1052 1048 πειρασμοῖς
1079 980 1418 1051 περιπέσητε
1442 983 1731 1045 ποικίλοις.
1761 1003 1780 1034 ‹

199 1066 319 1116 Οὐκ
371 1060 524 1117 εἶπεν
571 1067 780 1130 ἁπλῶς,
841 1070 1102 1141 Χαίρετε,
1160 1073 1320 1139 ἀλλὰ,
1365 1074 1554 1128 Πᾶσαν
1608 1075 1787 1146 χαράν

199 1153 510 1222 ἡγήσασθε,
537 1157 723 1227 φησὶν,
755 1157 854 1211 οὐκ
883 1160 1308 1230 ἀνεπαισθήτως
1343 1161 1490 1234 ἔχειν
1521 1165 1661 1235 πρὸς
1713 1165 1782 1218 τά

194 1246 454 1301 ὶπώδυνα
481 1249 763 1318 παραινῶν
787 1268 800 1282 ·
827 1251 987 1305 τοῦτο
1021 1254 1130 1323 γὰρ
1160 1255 1444 1318 ἀδύνατον,
1513 1258 1631 1311 ἀλλ’
1657 1259 1782 1313 ἐπι-

196 1339 566 1408 κρατέστερον
593 1341 735 1414 ἔχειν
764 1345 1164 1414 εἰσηγούμενος
1196 1346 1287 1400 τὸν
1347 1347 1641 1419 θεάρεστον
1691 1351 1783 1404 λο⁹

193 1429 424 1496 γισμόν.
466 1431 650 1483 Πᾶσαν
706 1431 761 1485 δὲ
827 1429 948 1487 εἶπε
987 1436 1183 1504 χαράν,
1232 1436 1482 1490 τουτέστι
1541 1441 1781 1502 τελείαν,

197 1515 494 1583 μεγίστην,
519 1519 802 1590 ἀνελλιπῆ,
832 1523 926 1574 καὶ
959 1523 1180 1590 μάλισθ’
1210 1526 1338 1578 ὅταν
1391 1528 1440 1580 οἱ
1478 1531 1784 1600 πειρασμοὶ

192 1606 499 1670 πολυειδεῖς
531 1601 663 1661 ὦσι·
702 1611 878 1676 διατί;
915 1611 1042 1666 Ὀτι
1067 1615 1153 1669 διὰ
1186 1616 1286 1686 τῆς
1326 1618 1436 1670 τῶν
1458 1620 1782 1692 πειρασμῶν

191 1699 483 1768 ὑπομονῆς
507 1702 924 1772 γυμναζόμεθα,
959 1707 1056 1760 καὶ
1083 1707 1450 1780 δοκιμώτεροι
1513 1713 1782 1783 γινόμεθα

1569 392 1896 450 HOMELIA
1947 393 2189 454 XXXII.

3373 388 3474 450 4’2

2410 509 2698 566 ιιοιιιωΑ
2733 507 2950 562 XXXII.

1897 628 2150 697 Ejusdem
2191 627 2490 697 Ιιοιιιὶίίαγξη
2533 623 2878 697 Evangelium
2911 619 3202 697 undecima:
3239 618 3480 697 Domini-

1964 717 2040 752 cae
2073 699 2363 752 secundum
2396 692 2752 757 Matt/tamne:
2793 695 2848 747 in
2878 709 2982 763 qua
3023 700 3074 745 et
3112 692 3176 744 de
3228 692 3480 743 tentatio-

1965 772 2138 824 nibus.

1962 880 2196 936 Jacobus
2232 879 2400 934 frater
2424 878 2638 934 Domini
2675 878 2786 932 ait:
2817 896 2836 928 ι
2869 874 3041 932 Omne
3073 875 3332 947 gaudium
3356 875 3474 927 exi-

1890 973 2128 1034 stimate,
2174 987 2298 1027 cum
2350 973 2404 1025 in
2444 971 2779 1025 tentationes
2809 969 2990 1024 varias
3043 968 3344 1022 incideritis
3369 967 3470 1022 ⁸⁸.»

1888 1065 2008 1121 Non
2044 1065 2216 1121 solum
2263 1065 2394 1120 dicit
2432 1081 2447 1118 :
2489 1062 2755 1124 Gaudete,
2810 1061 2906 1116 sed
2961 1079 2979 1112 ι
3016 1075 3180 1116 omne
3215 1059 3473 1129 gaudium

1888 1160 2228 1224 existimate;
2267 1179 2285 1211 ι
2314 1173 2422 1213 non
2445 1158 2746 1211 exhortans
2777 1169 2879 1210 nos
2913 1154 2976 1208 ad
3000 1169 3108 1208 non
3129 1153 3474 1208 sentiendum

1888 1252 2130 1306 dolorem
2160 1269 2173 1317 ;
2213 1252 2318 1306 hoc
2342 1250 2486 1304 enim
2516 1247 2859 1317 impossibile
2883 1253 2966 1301 est
2991 1287 3006 1310 ,
3038 1245 3131 1301 sed
3160 1245 3478 1314 superiores

1889 1361 1990 1400 nos
2035 1345 2292 1398 exhibere
2333 1341 2796 1412 iucundissimum
2833 1354 2954 1393 esse.
2997 1339 3110 1393 Deo
3149 1338 3476 1407 obsequium

1888 1438 2205 1489 Ostendens.
2241 1438 2411 1489 Omne
2450 1435 2587 1489 dixit
2620 1433 2907 1498 gaudium,
2939 1432 2992 1486 id
3020 1439 3105 1485 est
3135 1430 3475 1501 perfectum,

1887 1529 2212 1594 maximum,
2234 1528 2532 1593 infinitum,
2559 1527 2866 1596 praesertim
2895 1525 2941 1580 si
2971 1527 3136 1578 varia:
3160 1524 3272 1580 sint
3300 1533 3479 1578 tenta-
3541 1562 3544 1565 -

1885 1623 2085 1676 tiones.
2149 1621 2377 1688 Quare?
2438 1620 2579 1688 Quia
2637 1637 2738 1690 per
2807 1620 3147 1674 tolerantiam
3221 1619 3480 1672 tt-ntatio-

1884 1733 2013 1770 num
2064 1730 2390 1770 exercemur
2446 1723 2500 1769 et
2553 1713 2728 1782 magis
2777 1710 2994 1781 probati
3049 1708 3320 1764 efficimur
3348 1722 3477 1776 erga

190 1791 266 1839 τά
296 1789 435 1856 πρὸς
460 1791 550 1844 τὸν
586 1792 740 1848 Θεόν.
775 1795 887 1849 Καὶ
909 1796 969 1848 οὐ
1003 1797 1163 1852 τοῦτο
1225 1800 1416 1871 μόνον,
1477 1803 1616 1858 ἀλλά
1682 1807 1770 1859 καὶ

1885 1809 2076 1862 Deum.
2102 1809 2166 1862 Et
2197 1817 2457 1878 praeterea
2481 1807 2651 1876 magis
2672 1804 3060 1875 cognoscimur
3091 1802 3144 1855 in
3174 1800 3478 1856 tentatione

191 1880 465 1952 γνώριμοι
490 1885 718 1940 τοιοῦτοι
743 1887 896 1952 ὄντες
917 1905 930 1920 ’
957 1890 1097 1945 οὕτω
1127 1893 1238 1964 γάρ
1265 1896 1363 1950 καὶ
1413 1899 1445 1966 ἡ
1478 1898 1571 1952 τοῦ
1611 1900 1774 1953 Σολο-

195 1972 412 2038 μῶντος
444 1977 604 2046 σοφία
639 1981 765 2049 περὶ
793 1980 903 2034 τῶν
927 1983 1098 2051 ἁγίων
1154 1987 1319 2056 φησίν
1342 2005 1356 2018 ·
1395 2007 1414 2040 ι
1459 1991 1582 2045 Ὀτι
1628 1993 1778 2047 ἐπεί-

196 2081 368 2134 ρασεν
398 2068 597 2132 αὐτοὺς
623 2071 651 2123 ό
679 2071 831 2137 θεὸς,
868 2075 964 2127 καὶ
994 2068 1153 2147 εὗρεν
1178 2078 1381 2144 αὐτοὺς
1416 2080 1600 2146 ἀξίους
1649 2085 1778 2139 ἐαυ-

191 2158 314 2213 τοῦ.
353 2179 372 2211 ι
395 2156 538 2250 :Ap’
569 2164 628 2216 οὐ
666 2165 845 2236 πάσης
871 2170 1046 2238 χαρᾶς
1072 2169 1223 2234 ἄξιος
1272 2173 1458 2238 αὐτοῖς
1483 2179 1512 2230 ὁ
1582 2196 1778 2250 πειραο

195 2253 337 2319 σμδς
363 2245 513 2317 οὗτος
541 2270 554 2320 ;
593 2257 764 2312 Τοῦτο
797 2261 889 2314 καὶ
913 2264 939 2315 ό
962 2262 1094 2325 Θεὸς
1119 2266 1256 2333 πρὸς
1276 2266 1368 2319 τὸν
1408 2267 1531 2320 Ἰὼϐ
1579 2245 1774 2337 είπῶν,

194 2345 511 2415 ἀπήλλαξεν
559 2349 720 2402 αὐτὸν
767 2353 864 2421 τῆς
922 2355 1014 2408 ἐπὶ
1070 2356 1147 2426 τῷ
1201 2361 1501 2431 πειρασμῷ
1557 2363 1774 2434 λύπης·

198 2454 216 2485 ι
256 2437 376 2488 Οἴει
413 2455 502 2507 με,
545 2439 738 2508 λέγων,
763 2443 940 2507 ἄλλως
975 2464 1057 2500 σοι
1095 2453 1594 2520 κεχρηματικέναι,
1629 2455 1776 2526 ἥῖνα

193 2528 478 2601 ἀναφανῇς
507 2531 714 2596 δίκαιος
744 2551 758 2597 ;
801 2553 819 2584 ι
858 2535 925 2588 Τί
951 2537 1110 2592 τοῦτο
1146 2541 1321 2610 λέγων
1375 2544 1514 2616 πρὸς
1561 2549 1767 2615 αὐτόν;

193 2621 518 2693 ἐχρησάμην
550 2643 653 2690 σοι,
689 2627 998 2697 δοκιμάζων
1031 2649 1122 2686 σου
1147 2634 1307 2706 179
1331 2636 1430 2704 τὴν
1455 2641 1535 2702 είς
1561 2641 1658 2710 ἐμὲ
1685 2640 1776 2694 πί-

194 2730 337 2778 στιν,
366 2717 423 2766 εν
453 2716 632 2788 εὐεξία
666 2723 759 2774 καὶ
789 2721 1001 2796 εὐδοξίᾳ
1034 2725 1128 2777 καὶ
1145 2727 1376 2800 εὐπορίᾳ
1393 2732 1485 2784 καὶ
1501 2732 1776 2802 ἀνεφάνης

190 2804 420 2874 δίκαιος,
480 2810 756 2881 χρώμενος
813 2816 995 2880 αὐτοῖς
1062 2819 1202 2872 κατά
1254 2822 1314 2874 τὸ
1352 2824 1486 2893 ὲμδν
1538 2825 1774 2898 θέλημα,

197 2898 294 2950 τοῦ
355 2899 530 2954 ταῦτα
603 2920 682 2957 σοι
739 2909 1138 2978 παρασχόντος,
1203 2915 1298 2966 καὶ
1327 2916 1402 2978 ὡς
1428 2919 1591 2980 αὐτὸς
1620 2921 1776 2974 ἐϐου-

190 2993 386 3064 λύμην,
439 2997 610 3054 ταῦτα
664 3002 936 3074 διαφέρων
994 3008 1087 3059 καὶ
1141 3009 1393 3064 διοικῶν·
1453 3013 1776 3087 ἐχρησάμην

195 3103 296 3184 σοι,
321 3089 629 3160 δοκιμάζων
677 3111 769 3148 σου
825 3097 924 3166 τὴν
969 3098 1050 3163 είς
1092 3101 1192 3171 ἐμὲ
1221 3104 1426 3171 πίστιν,
1457 3107 1514 3158 ὲν
1547 3105 1778 3184 καχεξία

1883 1898 2114 1964 versati;
2138 1898 2274 1952 dixit
2305 1897 2452 1950 enim
2474 1895 2542 1950 de
2575 1895 2780 1950 sanctis
2804 1893 3076 1964 sapientia
3109 1889 3426 1945 Salomonis
3461 1908 3475 1944 :

1888 2013 1904 2046 ι
1930 1993 2198 2058 Quoniam
2230 1989 2373 2045 Deus
2405 1988 2630 2044 tentavit
2657 1986 2799 2053 illos,
2819 1995 2873 2040 et
2899 1983 3251 2038 invenitillos
3285 1983 3476 2049 dignos

1880 2099 1938 2141 se
1965 2083 2066 2136 “.p
2094 2081 2285 2136 Nonne
2313 2095 2444 2150 ergo
2480 2078 2660 2132 omnis
2693 2075 2874 2147 gaudii
2901 2076 2981 2129 eis
3013 2074 3113 2127 fuit
3157 2074 3317 2144 digna
3354 2071 3477 2126 talis

1881 2176 2142 2234 tentatio?
2177 2175 2292 2229 Hoc
2317 2175 2460 2228 idem
2492 2171 2684 2225 dicens
2710 2170 2855 2223 Deus
2882 2169 2947 2221 ad
2976 2165 3081 2220 Job
3107 2181 3237 2221 eum
3271 2165 3476 2220 libera-

1880 2269 1956 2322 vit
1991 2283 2018 2321 a
2053 2266 2280 2322 tristitia
2316 2279 2383 2318 ex
2419 2261 2725 2317 tentatione
2771 2268 2914 2314 orta.
2961 2259 3132 2313 Putas
3170 2271 3256 2312 me
3290 2264 3473 2310 tecum

1879 2361 2039 2416 aliter
2085 2359 2264 2429 egisse
2310 2372 2476 2426 quam
2533 2364 2590 2409 ut
2633 2347 3002 2422 justiticerisi’
3044 2350 3188 2417 Quid
3233 2349 3372 2405 dixit
3402 2350 3472 2403 ad

1879 2471 2004 2510 eum
2049 2450 2354 2508 Dominus?
2383 2449 2508 2504 Tibi
2539 2447 2723 2517 profui
2756 2446 3137 2508 innotescens,
3171 2443 3475 2499 ostendens

1881 2548 2037 2603 fidem
2067 2555 2216 2600 tuam
2248 2542 2303 2596 in
2339 2556 2445 2604 me,
2492 2540 2546 2594 in
2576 2538 2853 2609 prosperis
2877 2537 3064 2604 rebus,
3092 2536 3146 2590 in
3171 2536 3342 2606 gloria
3367 2576 3382 2602 ,
3415 2535 3470 2588 in

1881 2640 2097 2694 fortuna
2120 2635 2384 2698 secunda,
2403 2630 2976 2702 etapparuistijustus
3005 2629 3270 2684 utenshis
3301 2627 3472 2682 rebus

1876 2733 2028 2804 juxta
2069 2744 2248 2784 meam
2277 2727 2615 2782 voluntatem
2657 2723 2786 2778 talia
2819 2721 2919 2776 tibi
2967 2721 3365 2776 concedentem
3413 2729 3468 2774 et

1879 2820 2635 2898 quandovolui,auferentem
2661 2829 2714 2872 et
2739 2817 3139 2888 dispergentem
3191 2832 3222 2873 a
3268 2814 3468 2870 te.Tibi

1880 2917 2062 2990 profui
2095 2917 2392 2972 ostendens
2424 2921 2570 2968 tuam
2601 2911 2859 2966 fiduciam
2895 2908 2948 2962 in
2981 2925 3087 2974 me,
3117 2909 3169 2962 in
3195 2908 3468 2976 adversis,

1879 3013 1933 3068 in
1974 3009 2272 3082 opprobrio
2302 3009 2356 3062 in
2391 3005 2611 3061 fortuna
2645 3003 2810 3066 mala,
2847 3011 2901 3058 et
2931 3001 3236 3072 apparuisti
3281 3001 3468 3072 justus

1880 3110 2074 3164 dicens
2107 3117 2122 3163 :
2159 3122 2178 3156 ι
2214 3102 2272 3158 Si
2307 3102 2450 3157 bona
2477 3101 2828 3168 suscepimus
2859 3096 2927 3151 de
2959 3111 3125 3150 manu
3161 3095 3290 3162 Dei,
3324 3096 3468 3150 mala

197 3181 289 3273 καὶ
342 3184 548 3255 ἀδοξία,
603 3187 700 3240 καὶ
751 3189 975 3262 ἀπορίᾳ,
1040 3194 1136 3246 καὶ
1183 3197 1461 3269 ἀνεφάνης
1521 3181 1770 3273 δίκαιοιςν,

1881 3215 2052 3271 quare
2080 3213 2188 3253 non
2218 3195 2591 3264 suscipiamus
2622 3193 2711 3246 ⁸⁵ἳ
2747 3209 2766 3244 ι

193 3272 364 3341 λέγων
394 3295 408 3308 ⁸
446 3296 464 3330 ι
508 3279 567 3333 Εἰ
597 3281 665 3335 τὰ
703 3283 882 3351 ἀγαθά
939 3285 1236 3361 ἐδεξάμεθα
1263 3291 1328 3347 ἔκ
1349 3295 1528 3367 χειρὸς
1557 3299 1787 3369 Κυρίου,
1817 3298 1886 3352 τά
1943 3294 2091 3349 κακά
2112 3293 2211 3363 οὐχ
2255 3289 2588 3358 ὑποίσομεν;
2628 3307 2646 3340 ι

267 3369 436 3425 Πόθεν
461 3371 552 3426 οὖν
585 3375 617 3443 ἡ
649 3378 705 3428 ἐν
743 3381 858 3440 τοῖς
922 3385 1251 3452 πειρασμοῖς
1311 3385 1557 3458 ὑπομονή
1590 3406 1604 3454 ;
1661 3390 1772 3444 άπὸ

192 3463 284 3516 τοῦ
316 3464 537 3534 δοκίμου
579 3468 678 3536 τῆς
702 3470 780 3532 είς
818 3471 953 3525 Θεὸν
989 3474 1258 3539 πίστεωςο
1321 3477 1462 3532 ὥστε
1522 3481 1769 3553 δοκίμιόν

192 3559 298 3610 εἰσι
331 3559 438 3611 τῶν
460 3563 665 3615 πιστῶν
693 3564 742 3616 οἱ
776 3566 1099 3635 πειρασμοί.
1130 3571 1332 3642 Διόπερ
1375 3574 1402 3624 ὁ
1431 3573 1526 3627 τοῦ
1557 3576 1766 3648 Κυρίου

191 3650 419 3720 ἀδελφὸς
454 3651 702 3719 Ἰάκωϐος
751 3657 962 3728 χαίρειν
1003 3661 1133 3730 ἡμῖν
1175 3665 1572 3734 παραγγείλας,
1638 3670 1768 3724 ὅταν

193 3749 520 3817 πειρασμοῖς
547 3750 959 3822 περιπέσωμεν,
992 3754 1273 3825 ἐπήγαγεν
1299 3757 1380 3810 ὅτι
1401 3775 1416 3789 ⁸
1464 3778 1482 3811 ι
1519 3761 1593 3814 Τὸ
1620 3763 1766 3817 δοκί-

193 3857 318 3905 μιον
347 3841 502 3906 ὑμῶν
530 3843 628 3913 τῆς
661 3844 900 3909 πίστεως
945 3841 1346 3920 κατεργάζεται
1372 3852 1655 3924 ὑπομονήν
1681 3871 1694 3886 ·
1727 3857 1762 3926 ἡ

187 3932 242 3984 δὲ
271 3933 540 4005 ὑπομονὴ,
571 3939 758 4006 φησὶν,
791 3937 953 4010 ἔργον
987 3941 1192 3995 τέλειον
1236 3944 1431 4014 ἐχέτω.
1467 3964 1487 3998 ι
1557 3947 1760 4017 Μηδὲν,

188 4028 342 4097 φησὶ,
370 4027 476 4080 τῶν
505 4027 681 4101 ἔργων
713 4049 794 4084 σοι
823 4031 922 4102 τῆς
959 4033 1163 4105 ἀρετῆς
1215 4036 1548 4110 κολοϐώσῃς,
1603 4040 1760 4093 ἐπεν-

187 4117 454 4185 εχθέντων
504 4120 611 4171 τῶν
643 4122 968 4190 πειρασμῶν
1013 4124 1392 4192 μαλακισθεὶς,
1429 4129 1566 4182 ἀλλά
1627 4129 1764 4200 μετά

186 4211 284 4280 τῆς
320 4211 598 4281 ὑπομονῆς
645 4215 805 4283 καὶὴ
852 4215 1129 4284 τελειότης
1184 4219 1469 4289 προσέστω
1519 4237 1604 4275 σοι
1662 4223 1762 4290 τῆι,

185 4305 406 4374 ἀρετῆς.
445 4305 593 4358 Ἐπεὶ
619 4305 675 4359 δὲ
713 4310 805 4360 καὶ
837 4309 924 4362 διὰ
957 4309 1065 4362 τῶν
1093 4311 1365 4364 ἀκουσίων
1399 4315 1560 4383 μόνον
1587 4315 1648 4369 οὐ
1678 4335 1764 4370 τε-

183 4393 476 4450 λειοῦταιὸ
510 4395 813 4468 ἄνθρωπος,
875 4397 1012 4452 ἀλλά
1067 4399 1172 4469 χρὴ
1209 4404 1491 4470 προσεῖναι
1539 4403 1635 4456 καὶ
1694 4405 1763 4458 τὰ

186 4489 428 4553 ἑκούσια,
465 4488 608 4560 ἅπερ
639 4489 755 4543 ἐστὶ
781 4489 1129 4560 σωφροσύνη,
1163 4491 1501 4563 δικαιοσύνη,
1536 4496 1674 4564 πρός
1701 4513 1758 4548 τε

188 4584 271 4634 τὸν
298 4581 433 4635 Θεὸν
454 4581 547 4634 καὶ
579 4582 714 4652 πρὸς
739 4581 1003 4653 ἀλλήλους
1024 4584 1237 4653 ἀγάπη,
1266 4585 1360 4637 καὶ
1410 4585 1478 4639 τὰ
1513 4587 1762 4656 ἑπόμενα

186 4673 354 4745 ταύτῃ
381 4691 393 4704 ’
426 4674 545 4727 ἐπεὶ
571 4675 664 4727 καὶ
693 4673 900 4728 τούτων
936 4676 1066 4743 ἡμῖν
1121 4677 1279 4746 χρεία
1318 4676 1453 4748 πρὸς
1513 4676 1612 4749 τὴν
1669 4695 1759 4732 τε·

189 4765 396 4818 λείωσιν
416 4781 430 4797 ·
453 4764 721 4831 διάζτοῦτο
751 4765 1077 4836 προστίθησι
1109 4767 1245 4838 πρὸς
1274 4768 1420 4836 ἡμᾶς
1470 4769 1702 4839 γράφων
1734 4773 1762 4824 ὁ

191 4859 333 4920 θεῖος
354 4858 646 4922 ἀπόστολος
681 4852 833 4924 οὗτος
871 4875 888 4892 ο
914 4877 932 4910 ι
981 4861 1044 4913 Ἥ
1069 4861 1124 4914 δὲ
1172 4861 1419 4932 ὑπομονὴ
1465 4863 1628 4933 ἔργον
1675 4863 1762 4917 τέ-

186 4952 326 5004 λειον
353 4953 543 5022 ἐχέτω,
577 4952 666 5006 ἵνα
690 4949 787 5024 ἦτε
820 4953 1015 5008 τέλειοι
1066 4952 1161 5008 καὶ
1194 4953 1501 5025 ὁλόκληροι,
1546 4956 1603 5006 ἐν
1651 4975 1761 5029 μη-

184 5047 290 5100 δενὶ
318 5047 634 5117 λειπόμενοι
670 5063 684 5076 ’
722 5067 742 5100 ι
779 5047 938 5101 τοῦτο
969 5048 1144 5117 λέγων
1171 5048 1453 5121 ἄντικρυς,
1490 5048 1565 5113 ὡς
1599 5050 1760 5119 εἴπερ

193 5137 440 5206 βούλεσθε
496 5137 596 5209 τὴν
644 5138 782 5207 πρὸς
837 5139 970 5192 Θεὸν
1002 5138 1156 5208 ὑμῶν
1190 5140 1374 5194 πίστιν
1401 5139 1614 5194 τελείαν
1673 5142 1759 5193 ὲν-

190 5231 519 5297 δείκνυσθαι,
546 5232 622 5304 μὴ
658 5232 818 5301 μόνον
841 5231 1140 5303 πάσχοντες
1167 5233 1369 5299 ἔξωθεν
1409 5234 1602 5305 φέρετε
1635 5251 1760 5302 γεν-

193 5325 372 5391 ναίως,
399 5324 539 5379 ἀλλά
588 5327 679 5378 καὶ
710 5325 862 5379 αὐτοὶ
908 5326 1042 5397 παρ’
1089 5327 1298 5381 ἑαυτῶν
1354 5330 1421 5382 τά
1491 5327 1762 5399 θεάρεστα

187 5419 481 5488 ὲειεργείτε,
552 5415 655 5470 κᾶν
707 5417 938 5472 ἐπίπονα
1038 5435 1053 5451 ο
1113 5419 1437 5474 συνελθόντα
1477 5421 1585 5492 γὰρ
1643 5438 1743 5491 μετ

187 5509 427 5577 αλλήλων
478 5509 678 5578 πρᾶξις
737 5511 827 5563 καὶ¹
890 5511 1063 5573 πάθος
1110 5511 1197 5566 ἐπ’
1229 5511 1458 5583 -ἁγαθῷ,
1491 5513 1582 5566 τὸν
1618 5514 1761 5568 κατά

188 5599 309 5650 Ηεὺν
341 5598 642 5652 τελειοῦσιν
670 5599 979 5670 ἄνθρωπον.
1031 5601 1156 5666 Πῶς
1187 5603 1243 5656 δὲ
1295 5603 1398 5656 οὐκ
1440 5598 1616 5671 εἶπεν,
1676 5606 1758 5659 ὅτι

191 5690 407 5762 Χιίρετε
443 5692 573 5744 ὅταν
625 5692 884 5762 ἔνεργῆτε
941 5693 1041 5763 την
1079 5694 1302 5764 ἀρετὴν,
1351 5694 1468 5747 ἀλλ’
1514 5697 1642 5750 ὅταν
1702 5700 1756 5748 ἐν

249 5865 291 5897 ⁸³
320 5864 436 5923 Jac.
475 5883 511 5920 ι,
538 5864 593 5918 2.
683 5865 726 5897 ⁸⁵
762 5864 889 5936 Sap.
926 5885 1006 5933 ιιι,
1034 5869 1085 5920 5.
1164 5866 1208 5898 θ’
1239 5865 1360 5921 Jul).
1401 5885 1456 5927 ιι,
1498 5869 1575 5921 lt).

1948 3387 2102 3443 Unde
2132 3401 2266 3456 ergo
2304 3384 2359 3438 in
2412 3380 2815 3437 tentationibus
2842 3380 3150 3450 patientia?
3177 3382 3252 3435 Ex
3283 3382 3428 3437 mani
3448 3412 3465 3422 ο

1870 3479 2171 3535 festatione
2205 3475 2328 3530 fidei
2361 3475 2415 3529 in
2443 3473 2640 3538 Deum,
2670 3472 2742 3525 ita
2779 3481 2908 3525 sunt
2939 3472 3192 3542 probatio
3223 3472 3462 3526 fidelium

1869 3570 2220 3626 tentationes.
2255 3567 2384 3622 Ideo
2411 3581 2537 3621 cum
2572 3564 2746 3618 frater
2803 3563 3021 3618 Domini
3072 3563 3310 3619 Jacobus
3361 3581 3464 3620 nos

1869 3664 2119 3719 hortatus
2145 3668 2289 3716 esset
2318 3661 2384 3714 ad
2413 3657 2698 3728 gaudium,
2724 3672 2846 3712 cum
2875 3659 2928 3710 in
2959 3658 3289 3712 tentationes
3325 3658 3465 3712 inr—i-

1872 3756 2132 3819 derimus,
2169 3752 2380 3808 addidit
2413 3768 2427 3804 :
2476 3768 2494 3801 ι
2529 3749 2786 3805 Probatio
2821 3750 2942 3804 tidei
2997 3759 3195 3804 vestrae
3253 3751 3465 3818 patien«

1870 3851 2004 3905 tiam
2058 3836 2356 3918 Operatur;
2405 3844 2671 3916 patientia
2725 3853 2909 3897 autem
2968 3859 3107 3912 opus
3156 3851 3458 3912 pcrtcctum

1871 3941 2053 3996 habet.
2084 3957 2102 3990 ι
2127 3936 2269 4006 Non,
2301 3936 2499 4007 inquit,
2528 3948 2693 4005 opera
2716 3935 2937 3988 virtutis
2970 3935 3203 3989 infirma:
3227 3934 3339 3989 sint
3361 3937 3460 3990 tibi

1867 4035 2012 4089 male
2060 4032 2259 4088 ferenti
2315 4030 2382 4085 ad
2435 4039 2486 4084 te
2541 4028 2737 4083 missas
2780 4027 3134 4094 tentationes,
3191 4029 3283 4083 sed
3333 4045 3459 4084 cum

1863 4129 2124 4202 patientia
2151 4128 2297 4183 adsit
2333 4126 2432 4182 tibi
2462 4126 2687 4180 virtutis
2726 4125 3156 4181 consummatio.
3191 4126 3327 4192 Quia
3368 4126 3463 4181 ho-

1863 4241 1952 4279 mo
1983 4239 2078 4294 per
2113 4221 2479 4277 involuntaria
2513 4237 2619 4274 non
2654 4219 2959 4290 perﬁcitur,
2991 4219 3088 4290 sed
3146 4219 3460 4274 necessario

1861 4317 1928 4370 ad
1959 4314 2270 4368 voluntaria
2305 4311 2589 4367 ducendus
2616 4321 2721 4378 est,
2756 4327 2878 4381 qum
2909 4321 3038 4368 sunt
3073 4309 3284 4383 justitia
3316 4353 3332 4377 ,
3366 4329 3461 4367 sa-

1865 4407 2084 4478 pientia,
2118 4405 2170 4460 in
2199 4405 2368 4460 Deum
2402 4414 2457 4459 et
2499 4405 2552 4458 in
2599 4404 2908 4474 proximum
2943 4405 3211 4470 Charitas,
3245 4414 3301 4458 et
3333 4421 3456 4474 quae

1795 4537 1836 4590 υ
1865 4501 2007 4555 hanc
2037 4499 2391 4562 comitantur,
2434 4497 2562 4566 quia
2592 4497 2676 4550 his
2705 4496 3014 4565 indigemus
3049 4497 3114 4552 ad
3152 4497 3456 4566 perfectio-

1868 4611 2024 4659 nem;
2053 4592 2175 4646 ideo
2198 4591 2263 4645 ad
2285 4607 2387 4646 nos
2414 4591 2664 4646 scribens
2691 4590 2912 4646 divinus
2944 4590 3096 4644 addit
3125 4593 3452 4662 Apostolus:

1875 4705 1894 4738 ι
1938 4685 2201 4740 Patientia
2230 4695 2412 4740 autem
2454 4699 2596 4754 opus
2645 4682 2944 4753 perfectum
2986 4684 3205 4748 habeat,
3241 4692 3301 4739 ut
3335 4686 3457 4741 sitis

1868 4777 2096 4848 perfecti
2127 4787 2180 4832 et
2209 4778 2428 4848 integri.
2452 4777 2506 4830 in
2537 4775 2686 4830 nullo
2717 4774 3087 4841 deﬁcientes,»
3123 4777 3226 4831 hoc
3248 4777 3456 4835 directe

1870 4870 2162 4924 ostendens
2186 4868 2332 4937 quod
2355 4869 2400 4923 si
2425 4866 2589 4922 tidem
2620 4875 2854 4922 vestram
2887 4867 2941 4921 in
2967 4866 3137 4922 Deum
3162 4869 3457 4926 ostendere

1872 4963 2046 5018 velitis
2078 4961 2375 5033 perfectam
2406 5003 2419 5026 ,
2459 4978 2564 5016 non
2597 4961 2848 5016 sufficere
2882 4961 2927 5017 si
2973 4962 3193 5016 fortiter
3223 4976 3454 5018 eXterno

1867 5053 2022 5107 vobis
2052 5053 2402 5108 adversantia
2435 5052 2736 5117 sufferatis,
2784 5042 3188 5125 sed'oportere
3230 5063 3292 5107 ut
3349 5056 3452 5122 ipsi

1865 5145 2025 5199 vobis
2059 5159 2227 5215 opera
2260 5143 2369 5200 Deo
2414 5154 2571 5214 grata
2620 5145 2936 5213 imponatis,
2991 5147 3093 5200 etsi
3126 5146 3449 5215 gravissima

1865 5237 2010 5302 sint;
2045 5236 2299 5306 operatio
2328 5236 2499 5292 simul
2528 5248 2580 5292 et
2606 5237 2791 5307 passio
2828 5237 2883 5291 in
2916 5238 3121 5292 bonum
3159 5254 3286 5292 cum
3330 5227 3466 5292 aliis:

1860 5331 2065 5401 junctae
2119 5329 2402 5384 hominem
2448 5329 2746 5399 perfectum
2791 5331 3095 5384 secundum
3148 5329 3316 5384 Deum
3372 5329 3451 5384 fa-

1866 5425 2039 5478 ciunt.
2071 5423 2182 5478 Cur
2211 5439 2344 5496 ergo
2377 5440 2486 5478 non
2518 5424 2658 5478 dixit
2687 5424 3026 5494 Apostolus:
3053 5425 3296 5479 Gaudete
3325 5441 3447 5479 cum

1864 5517 2069 5573 bonum
2103 5517 2404 5588 operamini
2427 5521 2519 5574 sed
2542 5534 2697 5573 «cum
2722 5519 2779 5572 in
2811 5518 3205 5574 tentationibus
3236 5517 3438 5571 estis?»

1865 5610 2004 5677 Quia
2029 5611 2287 5666 virtutem
2319 5613 2531 5684 operari
2568 5630 2634 5669 ex
2667 5614 2824 5668 nobis
2858 5615 3054 5684 pendet
3083 5622 3138 5666 et
3169 5613 3220 5665 in
3259 5620 3449 5665 nostra

1868 5712 2135 5772 potestate
2176 5705 2338 5760 situm
2375 5713 2480 5768 est;
2518 5705 2570 5759 in
2622 5705 2952 5761 tentationes
2989 5714 3168 5758 autum
3209 5701 3449 5758 incidere
