4014 6432
241 364 369 428 405

1598 373 1928 434 HOMILIA
1972 367 2220 427 XXXII.

3417 363 3519 423 4οθ

246 479 331 551 θη
363 483 398 550 ἡ
447 481 537 535 ἐπὶ
572 483 827 554 Στεφάνῳ
857 485 1059 556 θλίψις,
1090 491 1185 542 καὶ
1208 489 1236 541 6
1277 491 1398 543 κατ’
1433 491 1655 557 ἐκείνην
1681 491 1843 555 διωγ-

1961 499 2072 554 rum
2105 498 2225 536 cam
2266 489 2455 536 secuta
2500 487 2584 535 est
2633 479 2972 550 persecutio,
3030 479 3120 532 hic
3163 475 3293 547 quid
3344 473 3524 528 dicam

251 573 393 641 μδς,
424 569 562 630 εἶδεν
616 575 645 629 δ
689 577 862 644 λέγω⁸
894 579 1123 652 καὶγὰρ
1147 583 1247 635 οὐκ
1270 583 1462 654 ἤθελον
1474 584 1524 636 oi
1552 583 1840 636 ἀπόστολοι

245 664 378 718 τῶν
401 663 800 739 Ἱεροσολύμων
829 670 1085 736 ἐξελθεῖν,
1109 673 1226 727 ἀλλ’
1261 677 1703 744 ἀναγκασθέντες
1732 675 1841 729 ὑπὸ

246 756 363 809 τοῦ
387 757 652 827 διωγμοῦ,
691 760 1066 833 διεσπάρησαν
1089 766 1169 830 είς
1207 766 1300 821 τὸν
1340 767 1568 838 κόσμον,
1597 767 1695 823 καὶ
1746 766 1842 820 οὗ·

250 864 345 902 τω
375 850 476 920 τὴν
503 853 805 925 ἀποστολὴν
829 857 962 929 ὲπλή
973 875 1177 928 ρωσαν.

344 943 460 997 οὐκ
493 945 919 1017 ἡναγκάσθησαν
947 950 1006 1005 δὲ
1047 952 1236 1016 ἁπλῶς
1276 953 1432 1010 πλεῖν
1486 953 1587 1025 τὴν
1651 971 1844 1024 κοσμι-

255 1035 376 1107 κὴν
434 1036 729 1103 θάλασσαν,
787 1039 916 1096 ἔνθα
963 1045 1114 1099 πᾶσα
1158 1045 1340 1116 θλίψις
1379 1047 1476 1101 καὶ
1525 1049 1637 1102 πᾶν
1704 1045 1846 1111 εἶδος

256 1129 604 1200 πειρασμοῦ,
641 1131 758 1185 ἀλλ’
787 1132 929 1187 ὥστε
965 1137 1231 1206 προάγειν
1265 1140 1345 1202 είς
1395 1139 1459 1193 τὺ
1484 1141 1684 1211 πέραν,
1718 1159 1846 1194 του-

257 1219 422 1274 τέστι
448 1223 688 1290 νικῆσαι,
718 1225 814 1280 καὶ
842 1227 952 1280 τῶν
983 1231 1310 1300 πειρασμῶν
1334 1231 1593 1286 ἐπέκεινα
1625 1234 1716 1287 διὰ
1745 1233 1844 1304 τῆς

259 1315 431 1380 νίκης
463 1315 716 1382 γενέσθαι
752 1334 766 1350 ·
793 1319 908 1372 ἀλλ’
940 1320 1037 1373 οὐκ
1087 1320 1315 1393 ἴσχυσαν
1367 1324 1540 1394 χωρὶς
1603 1322 1699 1378 τοῦ
1737 1323 1845 1392 Ἰη-

265 1404 374 1459 σοῦ
407 1422 421 1437 ο
461 1426 480 1459 ι
523 1407 595 1461 Τὸ
623 1409 732 1480 γάρ
763 1411 966 1478 πλοῖον,
1002 1417 1156 1485 φησὶ,
1191 1415 1357 1481 μέσον
1401 1417 1502 1486 τῆς
1567 1416 1847 1488 θαλάσσης

260 1493 339 1570 ἦν
367 1498 790 1572 βασανιζόμενον
821 1505 925 1559 ὑπὸ
947 1506 1058 1559 τῶν
1084 1509 1349 1576 κυμάτων
1381 1523 1395 1540 ο
1425 1503 1495 1580 ἦν
1533 1508 1646 1580 γὰρ
1690 1511 1848 1564 ἐναν-

259 1589 390 1653 τίος
419 1595 445 1645 6
473 1592 691 1664 ἄνεμος.
722 1615 740 1648 ι
780 1599 853 1650 Ού
888 1599 1089 1668 μᾶλλον
1129 1600 1248 1653 τότε
1278 1595 1347 1672 ἦν
1389 1601 1630 1665 ἐναντίος
1661 1603 1848 1665 αὐτοῖς

263 1684 296 1735 6
323 1684 532 1756 ἄψυχος
566 1689 788 1758 ἄνεμος,
817 1691 848 1762 ἢ
875 1695 901 1744 ό
945 1693 1294 1761 Δομετιανὸς,
1343 1697 1438 1748 καὶ
1495 1697 1522 1748 ό
1549 1694 1844 1766 Τραϊανὸς,

263 1778 420 1871 καὶό
455 1780 647 1849 Νέρων
682 1781 908 1871 ἦστερον
936 1801 952 1816 °
999 1786 1199 1854 μᾶλλον
1223 1787 1279 1839 δὲ
1322 1780 1468 1840 οὗτοι
1501 1790 1622 1858 μὲν,
1668 1791 1764 1842 καὶ
1799 1788 1848 1840 οἱ

265 1869 505 1924 τοιοῦτοι
538 1869 760 1940 κύματά
789 1879 925 1930 εἰσιν
950 1879 1120 1948 ἄγρια
1153 1879 1343 1943 δεινῶς
1375 1882 1519 1933 κατὰ
1571 1881 1670 1951 τῆς
1728 1882 1850 1934 Ἐκ-

265 1963 504 2032 κλησίας
533 1966 953 2038 ὲπεγειρόμενα,
989 1973 1016 2023 ό
1064 1971 1121 2024 δὲ
1178 1973 1345 2025 κινῶν
1400 1975 1494 2026 καὶ
1547 1975 1851 2045 άνεγείρων

268 2055 515 2118 ἐναντίος
536 2058 733 2127 ἄνεμος
760 2061 821 2113 τὸ
857 2062 1077 2132 πνεῦμα
1130 2067 1229 2132 τῆς
1281 2067 1550 2136 πονηρίας
1610 2069 1777 2129 ἐστὶν,
1824 2070 1854 2121 6

270 2149 654 2219 ἀντικείμενος
678 2156 743 2224 τῇ
775 2154 866 2207 τοῦ
900 2156 1139 2226 Χριστοῦ
1179 2159 1476 2230 Ἐκκλησία
1523 2160 1612 2212 διὰ
1649 2161 1853 2226 παντὸς

268 2239 543 2302 διάϐολος.
590 2244 839 2317 Τετάρτῃ
884 2246 938 2298 δὲ
966 2288 980 2310 ,
1028 2250 1192 2317 φησι,
1236 2251 1448 2319 φυλακῇ
1506 2252 1606 2319 τῆς
1659 2252 1854 2316 νυκτὸς

270 2330 484 2401 ἀπῆλθε
517 2335 652 2403 πρὸς
679 2336 877 2399 αὐτοὺς
905 2337 934 2389 6
974 2337 1204 2408 Ἰησοῦς,
1252 2341 1572 2409 περιπατῶν
1625 2343 1716 2394 ἐπὶ
1751 2341 1854 2411 τῆς

274 2420 576 2492 θαλάσσης,
603 2426 850 2478 τουτέστι
886 2429 1028 2494 μετὰ
1077 2430 1176 2498 τὴν
1234 2431 1460 2500 ὲννάτην
1517 2433 1615 2501 τῆς
1663 2433 1856 2497 νυκτὸς

277 2511 431 2585 ῶραν
457 2531 470 2546 ·
506 2518 586 2578 είς
603 2518 845 2588 τέσσαρα
874 2521 982 2591 γάρ
1010 2523 1271 2576 εἰώθασιν
1300 2524 1349 2576 οἱ
1389 2526 1858 2594 νυκτοφυλακοῦν-

275 2625 370 2670 τες
399 2611 628 2680 διαιρεῖν
662 2614 721 2665 τὸ
759 2615 856 2682 τῆς
913 2616 1108 2680 νυκτὸς
1167 2616 1444 2688 διάστημα
1493 2619 1635 2671 κατὰ
1685 2619 1858 2672 διαδο-

277 2699 405 2769 χὴν.
448 2702 522 2765 ὡς
551 2699 689 2756 εἶναι
713 2704 814 2774 τὴν
835 2707 1011 2777 ἀρχὴν
1035 2707 1136 2776 τῆς
1163 2708 1434 2780 τετάρτης
1492 2709 1742 2780 φυλακῆς
1801 2712 1857 2762 ὲν

277 2797 404 2856 ταῖς
459 2796 770 2866 ἰσημερίαις
800 2799 975 2868 ἀρχὴν
1037 2800 1137 2870 τῆς
1215 2801 1447 2871 δεκάτης
1495 2802 1597 2870 τῆς
1665 2804 1858 2867 νυκτὸς

279 2883 456 2956 ὥραν.
519 2889 642 2942 Ἐπὶ
697 2892 952 2944 τοσοῦτον
991 2893 1047 2946 δὲ
1090 2894 1292 2958 αὐτοὺς
1345 2897 1572 2964 ἀφίησιν
1605 2896 1710 2949 ὑπὸ
1764 2896 1858 2951 τοῦ

282 2977 554 3040 κλύδωνος
579 2979 986 3048 βασανίζεσθαι,
1024 2985 1111 3037 ἵνα
1158 2989 1416 3058 γυμνάσῃ
1477 2989 1614 3058 πρὸς
1657 2989 1861 3059 ὑπομο-

284 3071 402 3141 νὴν,
465 3074 558 3124 καὶ
610 3075 942 3144 φερεπόνους
989 3077 1185 3140 αὐτοὺς
1260 3083 1480 3152 ποιήσῃ.
1550 3080 1715 3134 Ἀλλὰ
1767 3082 1884 3134 καὶ,

1946 575 2370 646 ἱηιεμὶεἰιςηοη
2395 573 2539 628 enim
2564 574 2818 628 volebant
2858 570 3090 642 apostoli
3115 569 3267 623 exire
3325 565 3518 620 iiiero-

1943 649 2195 750 solytitis,
2232 669 2329 723 sed
2366 669 2749 738 persecutione
2798 665 2941 737 pulsi
2986 662 3223 735 dispersi
3270 669 3398 715 sunt
3431 674 3530 728 per

1945 753 2212 822 mundui‘a
2247 773 2300 818 et
2329 763 2411 820 sic
2437 763 2756 820 missionem
2791 777 2946 819 suam
2979 759 3366 830 impleverunt.

2017 945 2134 1003 Non
2158 943 2431 1016 compulsi
2455 954 2584 1000 sunt
2604 946 2828 998 omnino
2853 953 3005 994 mare
3030 934 3217 992 mundi
3246 933 3526 1002 navigare,

1949 1049 2038 1105 ubi
2067 1048 2244 1103 omnis
2274 1035 2560 1102 tribulatio
2607 1054 2660 1100 et
2701 1040 2930 1114 periculi
2962 1052 3155 1111 genus,
3191 1035 3286 1090 sed
3319 1046 3529 1104 praece-

1946 1152 2078 1208 dere
2104 1151 2159 1205 in
2201 1163 2373 1212 mare,
2407 1156 2462 1203 et
2487 1145 2712 1201 vincere
2740 1152 2796 1197 et
2836 1140 3078 1195 transire
3113 1134 3382 1207 pericula.
3419 1130 3526 1185 Sed

1947 1267 2055 1307 non
2082 1256 2382 1321 potuerunt
2403 1245 2522 1302 sine
2543 1245 2671 1300 Jesu
2701 1261 2714 1310 ;
2746 1239 3039 1297 «Navicula
3061 1236 3232 1302 enim,
3267 1233 3344 1289 ait
3361 1245 3527 1287 evan-

1947 1351 2163 1423 gelista,
2195 1349 2256 1404 in
2298 1348 2479 1403 medio
2522 1345 2661 1400 mari
2703 1341 3014 1413 iactabatur
3059 1336 3363 1400 ﬂuctibus;
3407 1340 3527 1388 erat

1948 1452 2094 1508 enim
2126 1456 2322 1506 ventus
2357 1448 2647 1503 adversus.
2692 1444 2814 1499 Non
2846 1442 3020 1513 magis
3065 1438 3379 1495 contrarius
3410 1441 3529 1490 erat

1948 1560 2080 1606 tunc
2111 1551 2192 1605 eis
2218 1549 2338 1603 sine
2365 1545 2549 1601 anima
2587 1551 2809 1610 ventus,
2841 1556 3005 1612 quam
3037 1546 3228 1611 postea
3260 1535 3530 1592 Domitia-

1951 1667 2076 1715 nus,
2103 1649 2377 1721 Traianus
2400 1656 2455 1705 et
2476 1647 2639 1712 Nero,
2661 1644 2754 1700 sed
2782 1643 2967 1714 potius
2989 1640 3046 1697 hi
3066 1647 3119 1696 et
3139 1639 3371 1702 similes,
3404 1645 3532 1692 sunt

1951 1753 2150 1808 ﬂuctus
2188 1759 2462 1808 tumentes
2507 1756 2561 1804 et
2599 1745 2872 1803 terribiles
2912 1743 3187 1800 adversus
3225 1737 3527 1795 Ecclesiam

1887 1830 1926 1896 Β
1952 1853 2197 1909 excitati.
2249 1851 2356 1918 Qui
2399 1859 2584 1906 autem
2621 1849 2723 1903 hos
2760 1853 2947 1901 movet
2980 1852 3033 1899 et
3079 1841 3286 1898 excitat
3334 1847 3532 1892 ventus

1953 1955 2290 2018 contrarius,
2314 1953 2542 2024 spiritus
2566 1959 2650 2007 est
2679 1949 2936 2020 nequitiae
2967 1947 3021 2001 in
3046 1944 3307 2000 omnibus
3325 1939 3533 1995 Christi

1955 2059 2212 2114 Ecclesia:
2260 2053 2609 2111 adversarius
2648 2051 2921 2107 diabolus.
2959 2048 3171 2114 Quarta
3204 2052 3409 2100 autem,
3435 2041 3531 2106 ait,

1955 2151 2142 2222 vigilia
2173 2149 2350 2205 noctis
2385 2147 2536 2202 venit
2591 2145 2658 2200 ad
2700 2159 2794 2198 eos
2832 2140 2996 2196 Iesus
3044 2137 3337 2192 ambulans
3371 2146 3534 2200 super

1957 2261 2129 2308 mare,
2167 2244 2217 2297 id
2253 2250 2338 2296 est
2363 2247 2485 2311 post
2509 2254 2708 2293 nonam
2735 2234 2913 2290 noctis
2951 2233 3167 2286 horam.
3206 2229 3265 2280 in
3297 2234 3535 2294 quatuor

1957 2337 2100 2392 cnim
2129 2344 2312 2404 partes
2341 2333 2523 2388 solent
2552 2331 2645 2399 qui
2672 2329 2900 2399 vigilant
2927 2324 3106 2380 noctis
3139 2319 3384 2375 dividere
3407 2331 3535 2387 spa-

1957 2429 2053 2492 tia,
2081 2425 2378 2481 secundum
2400 2422 2825 2481 successionem,
2857 2428 3048 2472 utcum
3071 2412 3278 2468 decima
3310 2410 3442 2463 liora
3465 2407 3538 2460 si-

1942 2516 2068 2573 niul
2098 2519 2524 2586 incipiatquarta
2544 2513 2749 2581 vigilia.
2775 2511 2900 2564 Ideo
2914 2502 3206 2562 autem‘eos
3222 2502 3356 2557 adeo
3376 2499 3537 2553 undis

1958 2609 2202 2679 exponit,
2233 2620 2292 2662 ut
2335 2623 2428 2661 eos
2453 2607 2518 2660 ad
2549 2603 2866 2675 patientiam
2892 2605 3147 2654 exerceat
3167 2605 3219 2646 ct
3243 2593 3539 2647 tolerandis

1961 2703 2241 2756 laboribus
2268 2709 2572 2754 assuescat.
2600 2695 2705 2750 Sed
2738 2701 2925 2764 postea
2957 2701 3225 2760 apparens
3247 2686 3328 2740 eis
3363 2684 3534 2752 phan-

1962 2805 2135 2850 tasma
2179 2793 2394 2847 videtur
2429 2805 2576 2856 esse,
2617 2794 2882 2854 tantoque
2935 2782 3134 2835 timore
3165 2775 3540 2844 corripiuntur

1962 2899 2019 2942 ut
2049 2888 2305 2948 clament,
2337 2888 2402 2938 ad
2437 2897 2558 2936 eum
2594 2889 2801 2941 tamen,
2835 2875 2930 2946 qui
2959 2889 3055 2928 eos
3098 2871 3408 2927 salvaturus
3447 2881 3540 2920 ac-

1961 2979 2211 3034 cedebat.
2244 2976 2360 3030 l-Ioc
2395 2975 2535 3028 idem
2588 2971 2790 3026 factum
2829 2975 2912 3023 est
2963 2966 3015 3019 in
3045 2962 3244 3033 populo
3284 2959 3534 3027 antiquo.

1962 3074 2095 3128 Cum
2132 3071 2276 3124 extim
2308 3067 2530 3138 jamjam
2560 3071 2943 3118 mare‘conlra
2977 3071 3194 3111 omnem
3219 3068 3368 3122 spem
3419 3065 3539 3104 sese

291 3165 429 3232 μετὰ
458 3165 613 3219 τοῦτο
655 3169 941 3235 ἐπιφανεὶς
999 3171 1182 3232 αὐτοῖς
1234 3145 1511 3242 συγχωρεῖ
1565 3172 1858 3242 φάντασμα

1963 3165 2265 3220 divisurum
2300 3166 2448 3214 esset
2475 3165 2903 3226 aperturumque
2930 3150 3010 3205 cis
3041 3147 3182 3201 viam
3218 3145 3538 3203 salutarem.

286 3258 510 3324 νομίσαι
549 3261 758 3323 τοῦτον,
792 3261 888 3313 xui.
950 3260 1255 3332 φοϐηθῆναι
1309 3263 1584 3326 τοσοῦτον,
1641 3265 1716 3326 ὡς
1767 3268 1860 3318 καὶ

287 3349 394 3402 ἀπὸ
419 3350 510 3402 τοῦ
540 3352 702 3419 φόϐου
734 3353 956 3422 κράξαι,
987 3354 1164 3406 καίτοι
1197 3355 1334 3425 πρὸς
1357 3356 1417 3408 τὸ
1469 3357 1641 3409 σῶσαι
1681 3375 1860 3425 παρα-

288 3445 600 3513 γενόμενον.
633 3445 804 3499 Τοῦτο
835 3447 943 3516 γάρ
966 3447 1031 3500 ἂν
1055 3447 1188 3510 ἴδοις
1223 3451 1484 3503 ποιοῦντα
1516 3455 1611 3502 καὶ
1639 3449 1730 3502 ἐπὶ
1762 3450 1856 3502 τοῦ

291 3538 519 3590 παλαιοῦ
559 3538 687 3591 λαοῦ
715 3540 955 3592 ἐκείνου·
995 3539 1158 3592 ὁπότε
1199 3539 1294 3592 καὶ
1325 3541 1434 3610 γὰρ
1479 3540 1705 3610 ἔμελλεν
1760 3543 1860 3596 αὑ·-

288 3632 402 3690 τοίς
445 3631 478 3699 ἡ
543 3629 789 3684 θάλασσα
843 3631 1164 3702 παραδόξως
1216 3633 1544 3702 ῥήγνυσθαι,
1605 3636 1699 3686 καὶ
1743 3635 1861 3687 ὁδὸν

290 3722 552 3792 παρέχειν
582 3725 871 3795 σωτήριον,
898 3724 1018 3778 τότε
1055 3726 1121 3778 τὰ
1155 3723 1360 3794 ἔσχατα
1383 3725 1716 3779 κινδυνεύειν
1743 3726 1862 3780 ὲδό-

290 3832 442 3881 κουν,
473 3818 536 3884 τῇ
569 3817 796 3869 κατόπιν
827 3816 1100 3870 κυκλώσει
1132 3817 1242 3869 τῶν
1274 3815 1555 3885 πολεμίων
1595 3816 1863 3883 ἀφύκτοις

294 3905 644 3975 συσχεθέντες
675 3908 884 3970 κακοῖς.
917 3908 1029 3961 Καὶ
1055 3907 1148 3960 νῦν
1178 3907 1272 3960 ἐπὶ
1301 3907 1400 3977 τῆς
1426 3899 1863 3976 παρουσίαςάύ-

293 4000 388 4054 τοῦ
421 4004 718 4070 προηγεῖτο
747 4001 844 4070 τῆς
875 4000 1196 4069 ἀπαλλαγῆς
1224 4000 1334 4052 τῶν
1363 4002 1710 4069 κατεχόντων
1745 4001 1863 4054 δαι-

297 4089 500 4160 μονίων
538 4092 566 4142 ὁ
595 4090 824 4159 σφοδρὸς
864 4090 1252 4158 συνταραγμδς
1297 4090 1410 4144 τῶν
1471 4092 1864 4162 ἐλευθερουμέ-

295 4197 432 4235 νων·
461 4179 600 4234 οὕτω
628 4182 736 4250 γὰρ
770 4181 869 4235 οὐκ
897 4183 1190 4252 ὲπέραστοι
1221 4184 1403 4249 μόνον,
1431 4183 1569 4238 ἀλλὰ
1614 4187 1711 4239 καὶ
1769 4185 1866 4255 ἔμ-

301 4291 449 4344 μονοι
482 4277 546 4343 τῇ
583 4276 770 4345 μνήμῃ
797 4275 907 4327 τῶν
938 4270 997 4328 εὗ
1044 4276 1394 4330 πεπονθότων
1437 4277 1493 4328 αἱ
1551 4279 1863 4348 εὐεργεσίαι

297 4367 557 4434 γίνονται.
629 4366 1010 4435 Ἐπιφαίνεταιρ
1063 4365 1121 4419 δὲ
1164 4366 1351 4430 αὐτοῖς
1405 4367 1864 4438 ἐπικαλουμένοις

297 4459 513 4520 πάντως
550 4458 606 4508 ὲν
634 4455 711 4526 τῷ
757 4456 988 4511 κλύδωνι
1027 4457 1220 4526 ἐκείνῳ
1269 4458 1361 4511 τὸν
1426 4459 1646 4511 πάντων
1706 4459 1861 4528 Θεὸν,

295 4552 505 4612 δεικνὺς
527 4551 609 4604 ὅτι
640 4550 799 4612 αὐτός
828 4550 975 4602 ἐστιν
1001 4549 1030 4602 6
1056 4549 1149 4600 ἐπὶ
1173 4550 1392 4602 πάντων
1431 4550 1584 4614 Θεὸς,
1619 4551 1645 4601 6
1701 4553 1862 4620 χεῖρα

303 4644 549 4714 βοηθείας
575 4643 782 4710 ὀρέγων
813 4644 927 4705 τοϊς
947 4642 1404 4712 ἐπικαλουμένοις
1457 4643 1642 4699 αὐτόν.
1697 4644 1864 4711 Περι.

303 4738 461 4789 πατεῖ
499 4735 556 4788 δὲ
601 4736 694 4788 ἐπὶ
747 4734 858 4789 τῶν
917 4733 1200 4801 κυμάτων,
1233 4737 1334 4804 τῆς
1393 4733 1672 4804 θαλάσσης
1705 4736 1859 4805 18],

309 4827 707 4898 άγριαινούσης,
741 4828 955 4890 δεικνὺς
982 4829 1046 4880 ὲκ
1073 4826 1398 4897 περιουσίας
1427 4826 1509 4880 ὅτι
1543 4826 1707 4890 αὑτός
1747 4830 1866 4881 ἐστι

306 4921 442 4972 κατὰ
464 4920 560 4989 τὴν
590 4918 978 4990 προφητείανό
1003 4919 1098 4972 καὶ
1153 4918 1248 4978 ἐπὶ
1304 4919 1402 4987 τῆς
1462 4917 1742 4986 θαλάσσης
1794 4919 1869 4982 ὡς

304 5012 386 5066 ἐπ’
430 5013 657 5080 ἐδάφους
688 5011 910 5076 ὁδεύων,
941 5012 1078 5081 πρὸς
1107 5011 1168 5064 ὄν
1200 5028 1336 5083 φησι
1359 5013 1454 5065 καὶ
1491 5012 1518 5063 6
1549 5011 1712 5063 Au6‘t6
1735 5027 1870 5081 προ-

305 5104 545 5174 φητικῶς
569 5120 584 5134 ⁸
620 5122 638 5154 ι
673 5105 762 5157 Ἐν
791 5104 856 5174 τῇ
891 5103 1136 5174 θαλάσσῃ
1168 5102 1227 5155 ui
1251 5101 1363 5154 ὁδοί
1393 5118 1510 5167 σου,
1535 5103 1632 5155 καὶ
1656 5101 1712 5154 ui
1746 5101 1870 5171 τρί-

306 5197 388 5250 6οι
415 5213 508 5248 σου
535 5198 590 5248 ἐν
615 5195 770 5248 ὕδασι
804 5193 1022 5256 πολλοῖς
1046 5209 1063 5224 ⁸
1104 5212 1122 5244 ι
1168 5194 1285 5258 καὶ,
1323 5210 1342 5244 ι
1374 5193 1448 5246 Σὺ
1474 5191 1758 5255 δεσπόζεις
1774 5191 1870 5244 τοῦ

305 5290 537 5358 κράτους
569 5289 667 5356 τῆς
712 5287 1007 5353 θαλάσσης,
1036 5286 1127 5340 τὸν
1162 5285 1218 5339 δὲ
1257 5287 1419 5339 σάλον
1447 5285 1556 5338 τῶν
1607 5284 1872 5353 κυμάτων

305 5380 366 5432 αὑ
381 5379 468 5441 τῆς
489 5380 551 5430 σὺ
587 5376 998 5447 καταπραΰνεις
1029 5392 1043 5407 ο
1085 5396 1104 5428 ι
1141 5377 1280 5446 ὅπερ
1313 5375 1540 5443 ὕστερον
1600 5373 1873 5441 ἀπειργά-

307 5487 453 5524 σατο.
498 5468 583 5530 Ὠς
617 5467 726 5538 γὰρ
751 5469 874 5521 τότε
930 5467 1263 5536 περιφόϐους
1314 5463 1455 5519 εἶδεν
1505 5465 1702 5527 αὐτοὺς
1764 5465 1874 5517 άπὸ

306 5560 398 5614 τοῦ
425 5559 498 5630 μὴ
529 5560 829 5626 ἐπιγνῶναι
857 5557 1068 5620 τοῦτον,
1101 5559 1221 5609 ἐπεὶ
1245 5549 1346 5608 ’καὶ
1382 5556 1477 5610 νῦν
1525 5551 1614 5628 ἦν,
1671 5553 1874 5617 εὐθέως

308 5627 567 5724 ἐλάλησεν
606 5653 811 5715 αὐτοῖς,
846 5651 1132 5720 γνωρίζων
1164 5627 1362 5704 ἐαύτὸν
1405 5647 1514 5700 ἀπὸ
1541 5627 1638 5715 τῆς
1684 5644 1870 5714 φωνῆς

379 5828 422 5859 ⁸⁷
450 5825 594 5881 I’s‘al.
631 5841 811 5887 manu,
850 5826 932 5878 '20.
1009 5828 1049 5856 "
1075 5828 1216 5881 l’sal.
1247 5841 1506 5887 manu;
1537 5824 1619 5877 10..

1967 3257 2020 3312 in
2057 3251 2317 3310 extremis
2341 3266 2400 3306 se
2426 3249 2702 3312 videbant,
2738 3244 2808 3300 ob
2848 3245 3164 3312 ingruentes
3198 3253 3226 3291 a
3254 3244 3406 3304 tergo
3436 3233 3544 3287 ho-

1966 3359 2096 3412 stes,
2125 3342 2680 3420 ineluctabilibusque
2725 3333 3050 3392 circumdati
3093 3323 3271 3384 malis.
3305 3317 3370 3381 Et
3394 3339 3541 3379 nunc

1965 3441 2019 3495 in
2052 3439 2169 3508 ejus
2191 3417 2480 3507 praesentia
2514 3429 2856 3502 praecedebat
2877 3425 3218 3481 sanationem
3242 3417 3544 3474 daemonia-

1965 3549 2151 3589 corum
2176 3531 2368 3600 ingens
2387 3527 2654 3582 tumultus
2677 3524 3052 3582 liberatorum;
3077 3515 3158 3570 sic
3177 3507 3546 3567 enimbeneﬁu

1965 3627 2048 3682 cia
2075 3639 2183 3679 non
2215 3622 2374 3676 modo
2406 3629 2562 3688 grata
2582 3624 2729 3680 sunt,
2757 3613 2853 3667 sed
2886 3621 2938 3666 et
2967 3610 3160 3663 vivunt
3188 3605 3249 3658 in
3277 3598 3544 3656 memoria

1965 3731 2158 3773 eorum
2204 3713 2298 3784 qui
2353 3718 2704 3778 receperunt.
2755 3706 2995 3773 Apparet
3045 3699 3128 3754 eis
3182 3693 3278 3764 qui
3328 3693 3382 3746 in
3440 3691 3544 3743 hoc

1966 3809 2102 3864 mari
2139 3810 2400 3862 invocant
2437 3803 2682 3857 omnium
2735 3797 2928 3859 Deum,
2977 3788 3276 3847 ostendens
3320 3799 3380 3840 se
3424 3794 3545 3835 esse

1967 3915 2132 3971 super
2165 3898 2352 3952 omnia
2377 3897 2542 3948 Deum
2578 3891 2668 3961 qui
2701 3903 2922 3943 manum
2957 3878 3360 3939 auxiliatricem
3391 3875 3546 3927 invo-

1967 3995 2220 4070 cantibus
2259 4006 2319 4046 se
2350 3987 2600 4058 porrigit.
2653 3981 2918 4036 Ambulat
2975 3987 3157 4032 autem
3196 3985 3362 4041 super
3391 3980 3538 4020 mare

1969 4091 2182 4154 furens,
2234 4081 2530 4140 ostendens
2587 4091 2751 4147 super
2811 4090 2872 4129 se
2927 4084 3048 4125 esse
3109 4067 3264 4122 illum
3317 4061 3414 4131 qui
3459 4074 3548 4113 se-

1969 4175 2208 4228 cundum
2233 4168 2578 4241 prephetiam
2603 4178 2768 4233 super
2793 4173 2941 4214 mare
2965 4157 3113 4210 velut
3141 4167 3308 4221 super
3335 4147 3545 4203 aridam

1968 4238 2246 4329 ambulat,
2271 4238 2351 4317 ad
2383 4275 2544 4331 quem
2579 4257 2634 4311 in
2665 4253 2860 4324 spiritu
2893 4247 3221 4320 prophetico
3269 4241 3405 4294 dicit
3440 4238 3546 4290 Da—

1966 4361 2055 4414 vid
2089 4377 2103 4414 :
2131 4376 2148 4409 ι
2181 4357 2238 4411 In
2266 4355 2400 4409 mari
2423 4353 2522 4406 viae
2552 4359 2679 4412 tuae,
2713 4353 2764 4401 et
2788 4343 2992 4400 semitae
3017 4348 3123 4393 tua;
3151 4337 3205 4390 in
3227 4333 3384 4403 aquis
3414 4329 3550 4383 mul-

1973 4453 2038 4506 tis
2057 4451 2100 4483 ⁸⁷
2131 4467 2179 4503 ,ι
2219 4446 2284 4501 Et
2316 4463 2330 4500 :
2358 4463 2377 4497 ι
2403 4442 2484 4497 Tu
2509 4436 2812 4497 dominaris
2836 4429 3095 4505 potestati
3119 4426 3308 4489 maris,
3337 4433 3548 4476 motum

1895 4511 1946 4570 Ῑ)
1971 4554 2152 4598 autem
2190 4540 2454 4594 ﬂuctuum
2498 4534 2617 4603 ejus
2661 4543 2719 4586 tu
2752 4529 2969 4598 mitigas
2990 4523 3060 4576 ⁸³.
3097 4541 3115 4573 ο
3153 4517 3309 4586 Quod
3360 4524 3544 4584 postea

1974 4635 2143 4700 fecit;
2178 4647 2300 4688 cum
2335 4630 2482 4685 enim
2514 4641 2611 4682 eos
2643 4621 2778 4677 vidit
2810 4625 3108 4674 trementes
3149 4626 3215 4666 eo
3249 4608 3548 4679 quod'eum

1976 4744 2084 4783 non
2117 4728 2500 4797 agnoscerent,
2526 4733 2648 4772 cum
2670 4716 2785 4785 ipse
2813 4720 2981 4775 esset,
3006 4705 3191 4763 statim
3221 4704 3440 4757 locutus
3470 4707 3555 4753 est

1975 4819 2077 4880 eis,
2137 4789 2354 4884 agnitus
2404 4809 2471 4863 ab
2516 4807 2652 4877 ipsis
2701 4817 2835 4859 voce
2880 4815 2980 4856 sua
3010 4805 3066 4853 et
3114 4796 3352 4850 dicens:
3397 4809 3414 4841 ι
3443 4789 3574 4860 Ego.

1980 4923 2126 4970 sum,
2152 4905 2322 4959 nolite
2345 4898 2711 4969 timereJEgo
2737 4911 2856 4952 sum
2877 4893 2968 4964 qui
2994 4903 3213 4958 semper
3235 4899 3356 4941 sum
3385 4882 3570 4966 Deus,

1975 5011 2028 5055 ct
2077 4999 2269 5054 ultimo
2300 4998 2419 5050 loco
2443 5036 2458 5060 ,
2493 4991 2658 5046 homo
2693 4990 2870 5043 factus
2915 4991 3137 5055 propter
3167 4994 3287 5042 vos,
3321 4976 3469 5029 visus
3499 4973 3574 5060 ειῖ

1978 5091 2198 5145 auditus
2234 5087 2335 5152 iui,
2366 5095 2420 5141 et
2441 5084 2621 5139 omnia
2649 5094 2867 5152 possum
2893 5095 2910 5144 ;
2943 5075 3066 5129 ideo
3089 5081 3144 5126 et
3173 5085 3302 5124 cum
3327 5075 3569 5152 corporei

1978 5199 2145 5254 super
2176 5183 2377 5236 ﬂuctus
2417 5177 2660 5239 ambulo,
2699 5172 2846 5244 quod
2888 5178 2942 5225 et
2992 5167 3114 5222 aliis
3145 5156 3584 5227 communicare?

1980 5257 2238 5348 possum;
2275 5272 2437 5326 Petro
2477 5271 2621 5324 enim
2661 5266 2764 5336 ipsi
2799 5261 3044 5317 dicenti:
3087 5276 3104 5308 ι
3143 5253 3389 5312 Domine,
3421 5248 3463 5303 si
3495 5257 3549 5301 tu

1981 5386 2060 5434 es,
2091 5367 2221 5438 jube
2255 5380 2340 5420 me
2383 5364 2449 5417 ad
2486 5371 2536 5416 te
2568 5359 2753 5414 venire
2781 5369 2944 5424 super
2978 5362 3186 5419 aquas;
3225 5363 3243 5396 ι
3274 5341 3458 5412 jussit,
3499 5346 3555 5392 et

1982 5429 2186 5516 factum
2216 5467 2323 5513 est.
2359 5455 2464 5510 Sed
2495 5457 2560 5510 de
2592 5455 2695 5507 hoc
2723 5449 2867 5520 quod
2897 5443 3144 5516 proxime
3167 5436 3414 5504 sequitur
3439 5429 3552 5483 dis-

1985 5568 2238 5608 seramus
2291 5550 2438 5620 quod
2486 5547 2827 5615 explicantes
2896 5537 3216 5593 dicebamus
3267 5523 3549 5595 apostolos

1986 5646 2183 5700 missos
2218 5643 2386 5698 fuisse
2429 5657 2590 5710 super
2639 5635 2822 5691 mundi
2871 5630 3108 5702 grut’u'n
3148 5635 3317 5682 mare.
3357 5627 3552 5672 ποθεν·
