4014 6442
568 324 677 391 407

1863 328 1960 387 Gii
1977 328 2176 389 EGUli
2191 327 2207 384 Ι
2225 330 2241 385 ι
2291 332 2375 388 ιλ
2390 331 2607 390 ΕΛΜΈ

3673 336 3753 397 4οῚ

558 441 726 496 dente
751 439 984 494 Domino
1012 441 1169 510 quasi
1199 455 1360 510 super
1404 447 1641 493 molstcm
1676 438 1901 508 insuper
1937 442 1987 494 in
2033 457 2127 495 ex-

2232 442 2321 519 καξι
2351 442 2524 508 λέγων
2554 462 2568 477 ν
2615 465 2633 498 ι
2685 445 2830 514 Ἐγώ
2861 448 2998 516 ειμι,
3026 446 3102 518 μὴ
3135 446 3409 516 φοϐεῖσθε.
3448 466 3465 498 ι
3514 446 3641 516 Ἑγὼ
3665 451 3742 517 sip.

558 532 702 587 celsa
731 533 1019 595 caelorum,
1062 531 1245 601 ibique
1273 545 1487 599 semper
1518 530 1798 584 orationes
1840 528 1999 583 oll'crt
2030 546 2131 599 pro

562 625 743 682 nobis.
776 621 1030 677 etractus
1057 637 1154 691 pro
1200 623 1357 674 nullis
1384 619 1630 689 pontifex
1667 620 1806 674 intra
1835 621 2019 675 velum
2050 622 2134 674 in-

557 731 778 786 gressus
804 724 905 782 est,
937 723 997 770 ut
1026 714 1410 784 rcpropitiaret
1449 714 1641 769 delicta
1669 714 1874 784 populi,
1915 723 1973 768 ut
2005 713 2137 769 dicit

564 813 856 881 Apostolus
882 813 952 866 θ’.

2240 539 2267 586 ὁ
2293 539 2391 590 καὶ
2440 536 2575 601 Θεὸς
2604 536 2680 592 ὢν
2702 538 2812 604 ἀεὶ,
2845 541 2942 593 καὶ
2986 539 3076 593 ἐπ’
3123 540 3368 608 ἐσχάτων
3396 539 3660 611 ἄνθρωπος
3684 559 3754 608 γε·

2239 625 2410 694 γονὼς
2440 628 2508 682 δι’
2533 630 2697 699 ὑμᾶς.
2721 630 2998 700 ὁρώμενός
3046 648 3106 685 τε
3148 634 3247 687 καὶ
3300 633 3632 703 ἀκουόμενος,
3685 634 3758 685 καὶ

2240 722 2421 774 πάντα
2445 721 2743 793 δυνάμενος
2767 742 2781 756 ·
2810 723 2892 779 διὸ
2928 727 3024 780 καὶ
3058 723 3199 793 μετά
3232 725 3478 792 σώματος
3527 724 3657 777 κατά
3684 742 3757 777 κυ-

2242 813 2429 881 μάτων
2458 813 2692 878 πεζεύω,
2726 816 2823 869 καὶ
2873 819 2987 880 τοῖς
3019 816 3204 881 ἄλλοις
3243 817 3401 871 τοῦτο
3430 819 3671 887 παρέχειν
3691 818 3760 871 δύο

560 922 731 971 ναμαι
757 920 772 935 ⁸
803 904 897 958 τοῦ
927 905 1036 975 γὰρ
1062 903 1268 975 Πέτρου
1304 903 1440 972 πρὸς
1470 902 1633 957 αὐτὸν
1661 902 1944 964 εἰπόντος’
1977 919 1996 953 ι
2024 901 2221 971 Κύριε,
2258 906 2307 956 εξ
2333 905 2397 957 σὺ
2478 901 2550 969 εῐ,
2611 906 2873 965 κέλευσόν
2937 925 3004 977 με
3056 909 3195 978 πρὸς
3253 909 3310 962 σὲ
3368 910 3536 973 ἐλθεῖν
3575 911 3661 965 ἐπὶ
3708 909 3762 962 τὸ

560 994 750 1056 ὕδατα,
791 997 1097 1051 »ἐκέλευσε
1131 999 1225 1053 καὶ
1261 996 1499 1064 ἐγένετο.
1570 994 1706 1050 Ἀλλ’
1734 995 1827 1049 ἐπὶ
1856 996 1957 1067 τὴν
1994 996 2269 1083 προτέραν
2295 998 2621 1055 ἀκολουθίαν
2678 1003 2981 1074 ἀγάγωμεν
3038 1004 3133 1057 τὸν
3209 1004 3389 1071 λόγον,
3433 1004 3502 1076 ἣν
3558 1003 3759 1071 ἀνάγον·

556 1105 645 1150 τες
671 1089 934 1157 ἐλέγομεν
969 1091 1290 1159 πεμφθῆναι
1324 1088 1450 1152 τοὺς
1483 1087 1732 1158 μαθητάς
1760 1090 1856 1142 ἐπὶ
1890 1089 1989 1159 τὴν
2051 1090 2324 1162 κοσμικὴν
2354 1092 2461 1147 τῶν
2488 1093 2659 1151 ὲθνῶν
2690 1096 2997 1162 θάλασσαν,
3048 1097 3463 1169 ἀναφερομένου
3523 1096 3611 1150 τοῦ
3663 1096 3763 1151 Κυ-

552 1182 671 1252 ρίου
703 1182 778 1243 ὡς
805 1185 881 1243 είς
913 1181 1037 1253 ὅρος
1060 1181 1153 1233 ἐπὶ
1189 1182 1247 1237 τὸ
1289 1181 1543 1251 ούράνιον
1583 1180 1737 1248 ὕψος,
1783 1182 1944 1235 κάκεῖ
2002 1183 2222 1249 πάντως
2281 1188 2382 1249 τάς
2452 1188 2591 1260 ὑπὲρ
2640 1192 2800 1261 ἡμῶν
2863 1193 3241 1263 προσάγοντος
3296 1192 3482 1261 εὐχὰς,
3529 1193 3602 1253 ὡς
3649 1191 3765 1258 ὑπὲρ

553 1274 711 1347 ἡμῶν
745 1276 1047 1346 ἀρχιερέως
1087 1276 1390 1342 γεγονότο·,
1424 1278 1520 1330 καὶ
1569 1277 1902 1339 εἰσελθόντος
1940 1278 2021 1335 είς
2073 1279 2134 1329 τὸ
2174 1278 2453 1351 ἐνδότερον
2512 1284 2608 1339 τοῦ
2670 1287 3192 1358 καταπετάσματος,
3242 1289 3323 1350 εἰς
3370 1285 3430 1340 τὸ
3485 1284 3765 1340 ἱλάσκεσθαι

551 1370 651 1431 τὰς
691 1368 963 1439 ἁμαρτίας
998 1367 1089 1420 τοῦ
1121 1368 1274 1431 λαοῦ,
1318 1368 1460 1423 κατὰ
1495 1368 1583 1421 τὸν
1608 1367 1954 1424 ἈπόστΟλον.

626 1465 889 1535 Discipuli
931 1464 1098 1531 igitur
1124 1446 1408 1533 praemissi
1446 1462 1697 1532 trajicere
1733 1477 1904 1529 mare,
1944 1465 1995 1517 id
2045 1471 2132 1518 est

556 1558 779 1611 vincere
809 1566 859 1609 et
882 1556 1206 1610 concinit-are
1233 1565 1632 1625 oppugnantes,
1657 1570 1763 1609 non
1788 1557 2014 1611 omnino
2044 1556 2131 1609 vi-

555 1661 781 1709 cerunt;
818 1647 1027 1702 validus
1047 1648 1192 1701 enim
1230 1647 1410 1701 adhuc
1434 1645 1782 1702 adversarius
1810 1656 1895 1700 est
1922 1659 1969 1701 et
2002 1661 2136 1716 gen-

557 1751 637 1795 tes
682 1742 942 1794 adversus
969 1738 1267 1793 Eccleslatn
1297 1737 1503 1792 Christi
1537 1737 1895 1792 bacchantur.
1928 1736 2132 1803 Quarta

554 1841 737 1886 autem
794 1832 974 1886 noctis
1007 1830 1191 1898 vigilia
1236 1830 1344 1884 hoc
1367 1838 1452 1884 est
1492 1837 1615 1898 post
1670 1828 1844 1898 legem
1887 1838 2126 1895 natum,

555 1932 678 1992 post
709 1921 1200 1991 legem‘scriptam,
1227 1931 1352 1991 post
1399 1919 1637 1991 priorem
1681 1919 1884 1976 Christi
1922 1920 2126 1975 adven-

554 2022 743 2070 tumet
775 2015 956 2070 datam
985 2030 1079 2083 per
1102 2028 1222 2068 eam
1245 2015 1417 2085 legem
1447 2012 1656 2084 gratiae,
1688 2013 1871 2069 veniet
1898 2013 2121 2069 tandem

554 2108 873 2180 posterioris
897 2107 1103 2163 Christi
1148 2107 1422 2163 adventus
1469 2115 1709 2177 tempus,
1764 2116 1916 2162 recte
1949 2108 2129 2164 noctis

553 2210 761 2271 quartae
779 2201 977 2272 vigilia:
1004 2210 1405 2271 comparatum,
1430 2199 1485 2255 in
1508 2214 1618 2271 quo
1638 2200 1819 2255 veniet
1843 2200 2128 2265 Dominus,

552 2294 912 2358 conculcans,
941 2293 1262 2367 humilians,
1289 2292 1340 2347 in
1376 2293 1704 2363 obsequium
1731 2291 1986 2363 redigens
2011 2306 2135 2347 om-

551 2403 677 2443 nem
726 2387 1117 2457 principatum,
1164 2394 1492 2455 potestatem
1542 2394 1598 2439 et
1637 2386 1913 2440 virtutem.
1963 2383 2131 2440 Debet

551 2480 700 2536 enim
733 2480 948 2549 publice
972 2478 1287 2544 humiliare,
1339 2476 1688 2539 conculcare,
1717 2491 1911 2532 omnes
1934 2475 2131 2531 lluctus

552 2571 818 2628 adversus
882 2569 1179 2625 Ecclesiam
1238 2584 1395 2624 suam
1444 2569 1735 2624 excitatos.
1806 2566 2131 2623 Meministis

551 2662 726 2728 enim,
753 2661 973 2723 fratres,
1017 2657 1161 2729 quod
1203 2672 1300 2728 per
1330 2654 1530 2713 ﬂuctus
1573 2658 1845 2712 excitatos
1883 2664 1937 2710 et
1981 2672 2133 2710 com-

554 2762 733 2808 motos
766 2750 832 2806 ab
868 2750 1180 2806 adversario
1210 2750 1403 2819 spiritu
1448 2748 1720 2819 principes
1763 2746 1924 2816 hujus
1968 2762 2131 2802 mun-

552 2846 607 2901 di
657 2844 970 2915 signiﬁcat;
1029 2854 1085 2900 et
1139 2853 1199 2899 ut
1266 2850 1462 2899 caetera
1520 2857 1641 2912 qum
1693 2841 1782 2897 hic
1842 2839 2132 2895 includun-

554 2952 646 2996 tur
691 2940 888 3009 partim
921 2939 1204 3009 explicare
1233 2937 1510 3002 omittam,
1564 2934 1993 2990 ascendentibus
2021 2932 2129 2986 illis

555 3039 609 3088 in
637 3034 946 3088 naviculam
991 3030 1120 3086 Jesu
1175 3029 1390 3085 scilicet
1435 3037 1491 3084 et
1521 3028 1686 3083 Petro
1724 3026 1819 3096 qui
1850 3041 1973 3082 cum
2006 3024 2126 3093 ipso

554 3127 734 3181 stabat
763 3135 916 3180 extra
946 3123 1277 3187 naviculam,
1298 3122 1762 3185 cessavitveutus,
1790 3130 1841 3175 et
1867 3115 2128 3174 transfre-
2157 3111 2164 3118 ’

2306 1471 2370 1523 Ol
2402 1468 2495 1526 οὖν
2518 1471 2758 1539 μαθηταὶ
2780 1471 3127 1542 πεμφθέντες
3163 1471 3428 1541 προάγειν
3456 1470 3535 1532 είς
3591 1470 3647 1523 τὸ
3693 1468 3765 1522 πίε

2236 1581 2358 1634 ραν.
2380 1566 2624 1619 τουτέστι
2657 1569 2877 1635 νικῆσαι
2899 1566 2995 1621 ml.
3027 1565 3335 1638 ὑπερϐῆναι
3366 1566 3489 1628 τοὺς
3519 1563 3763 1635 eratpaij

2231 1674 2353 1721 τας,
2383 1658 2485 1711 οὐκ
2511 1658 2771 1726 ἐνίκησαν
2793 1659 2872 1721 είς
2898 1658 3047 1721 τέλος
3081 1675 3096 1689 ’
3132 1659 3214 1711 ἔτι
3247 1657 3356 1727 γὰρ
3384 1656 3599 1726 ἐνεργός
3644 1657 3768 1709 ἔστιν

2232 1748 2261 1799 ὁ
2290 1747 2690 1816 ἀντικείμενος,
2724 1749 2819 1802 καὶ
2863 1748 2933 1801 τὰ
2967 1748 3095 1818 ἔθνη
3156 1749 3443 1818 μαίνονται
3498 1747 3634 1802 κατά
3687 1747 3768 1813 τῆς

2161 1874 2202 1929 Β
2246 1839 2575 1909 Ἐκκλησίας
2613 1841 2875 1908 Χριστοῦ.
2902 1841 3151 1915 Τετάρτῃ
3186 1843 3245 1896 δὲ
3285 1836 3501 1913 φυλακῇ
3556 1841 3648 1907 τῆς
3698 1857 3750 1893 νυ

2231 1929 2379 1993 κτδς,
2421 1931 2669 1984 τουτέστι
2708 1933 2847 2001 μετά
2890 1933 2985 1987 τδν
3009 1934 3241 2002 φυσικὸν
3292 1933 3478 2001 νόμον,
3514 1932 3645 2003 μετά
3696 1932 3768 1984 τὸν

2228 2026 2475 2092 γραπτὸν
2514 2024 2698 2094 νόμον,
2733 2027 2872 2094 μετά
2897 2027 2997 2099 τὴν
3029 2027 3255 2096 πρώτην
3306 2025 3403 2080 τοῦ
3450 2025 3644 2095 Κυρίου
3690 2038 3769 2075 πα-

2231 2117 2476 2184 ρουσίαν,
2507 2118 2599 2171 καὶ
2628 2117 2719 2171 τὸν
2750 2119 2869 2171 κατ’
2900 2119 3070 2189 αὐτὴν
3122 2120 3223 2189 τῆς
3271 2119 3495 2189 χάριτος
3553 2117 3719 2185 νόμον,
3746 2117 3769 2167 ὁ

2227 2207 2329 2277 τῆς
2352 2210 2613 2280 δευτέρας
2657 2208 2753 2262 τοῦ
2782 2209 3022 2280 Χριστοῦ
3044 2209 3353 2279 παρουσίας
3399 2207 3551 2262 ἔσται
3581 2206 3771 2264 πάντως

2228 2298 2440 2368 καιρδς,
2472 2298 2653 2361 καλῶς
2706 2299 2986 2368 ἀναλογῶν
3041 2300 3107 2369 τῇ
3153 2299 3392 2371 τετάρτῃ
3440 2298 3642 2367 φυλακῇ
3689 2295 3770 2364 τῆς

2230 2390 2450 2458 νυκτὸς,
2479 2391 2603 2444 καθ’
2626 2390 2687 2446 ὃν
2725 2393 2753 2445 ὁ
2787 2390 2994 2461 Κύριος
3033 2392 3324 2446 ἐλεύσεται
3350 2388 3670 2447 καταπατᾶΝ
3694 2386 3771 2440 καὶ

2229 2481 2524 2553 καταργῶν
2552 2482 2647 2538 καὶ
2672 2483 3027 2553 δουλούμενος
3072 2485 3256 2539 πᾶσαν
3292 2484 3467 2555 ἀρχὴν
3501 2482 3592 2536 καὶ
3645 2479 3771 2544 ἕξου-

2233 2575 2357 2629 σίαν
2388 2575 2484 2629 καὶ
2505 2574 2738 2645 δύναμιν
2774 2590 2790 2605 ο
2834 2575 3018 2645 μέλλει
3065 2575 3176 2645 γάρ
3201 2574 3574 2646 καταργήσειν
3622 2573 3773 2638 ἔμφα-

2230 2666 2357 2730 νῶς,
2395 2666 2490 2720 καὶ
2519 2666 2931 2738 καταπατήσειν
2952 2668 3020 2721 τά
3041 2666 3233 2730 δεινῶς
3267 2665 3660 2736 ἐπεγειρόμενον.
3691 2658 3771 2715 κύ·
3882 2670 3887 2675 ‘

2232 2775 2382 2827 ματα
2408 2758 2551 2814 κατά
2605 2758 2707 2829 τῆς
2755 2759 3084 2829 Ἐκκλησίας
3111 2758 3306 2815 αὑτοῦ.
3363 2754 3649 2827 Μέμνησθε
3679 2753 3770 2821 γὰρ

2227 2853 2312 2907 ὅτι
2347 2849 2572 2920 κύματα
2620 2851 2918 2922 κινούμενά
2949 2868 3011 2904 τε
3032 2852 3129 2905 καὶ
3162 2850 3545 2922 διεγειρὸμενα
3574 2845 3671 2902 ὑπὸ
3690 2842 3769 2897 τοῦ

2229 2944 2611 3012 ἀντικειμένου
2650 2945 2965 3016 πνεύματος
3011 2945 3138 3008 τοὺς
3176 2943 3451 3013 ἄρχοντας
3475 2941 3565 2995 τοῦ
3590 2938 3770 3007 κόσμον

2228 3033 2590 3104 ἀναγωγικῶς
2626 3037 2654 3090 ὁ
2679 3035 2840 3105 λόγος
2865 3036 3147 3091 ἐπεδείκνυ
3180 3051 3196 3067 ο
3224 3040 3323 3092 καὶ
3347 3037 3437 3090 ῐνα
3480 3033 3547 3087 τά
3590 3026 3769 3102 petae}

2231 3126 2558 3198 παραλείπω
2608 3126 2752 3182 κατά
2780 3128 2945 3198 μέρος
3003 3126 3249 3196 θεωρεῖν,
3297 3125 3578 3198 έμὸάντων
3617 3118 3771 3176 αὐτῶν

555 3227 732 3273 tantes
762 3226 1037 3272 venerunt
1061 3216 1116 3270 in
1137 3223 1363 3271 terram.
1398 3212 1664 3268 Dominus
1683 3211 1831 3266 enim
1856 3218 1913 3264 et
1932 3222 2124 3262 omnes

2227 3222 2307 3283 εἰς
2331 3219 2393 3271 τὸ
2423 3218 2626 3282 πλοῖον,
2657 3217 2751 3272 τοῦ
2778 3235 2839 3272 τε
2880 3216 3051 3289 Ἰησοῦ
3093 3217 3191 3272 καὶ
3206 3217 3429 3295 Πέτρου
3485 3216 3573 3271 τοῦ
3626 3226 3771 3281 μετα-

553 3309 649 3379 qui
674 3324 742 3364 ex
776 3306 932 3364 noliis
952 3306 1129 3364 sancti
1159 3320 1286 3361 cum
1334 3319 1400 3360 eo
1430 3311 1558 3360 sunt
1587 3316 1728 3373 quos
1762 3299 2129 3371 praeﬁguravit

553 3402 750 3458 Petrus
775 3419 789 3466 ;
817 3401 1104 3455 nobiscum
1137 3406 1299 3453 erunt
1326 3397 1381 3450 in
1409 3395 1655 3452 secundo
1684 3392 1888 3450 Christi
1918 3391 2127 3446 adven-

555 3506 634 3557 tu,
670 3494 1034 3549 humiliabunt
1059 3490 1434 3546 adversarium
1464 3489 1716 3560 spiritum
1735 3501 1949 3555 nosque
1977 3497 2127 3538 mare

556 3587 719 3657 hujus
744 3586 928 3640 mundi
954 3586 1216 3654 agitatum
1249 3583 1667 3646 transfretantes
1700 3579 1755 3633 in
1790 3578 2006 3634 beatam
2041 3575 2127 3632 vi-

552 3690 684 3744 tam,
721 3677 809 3733 ubi
838 3692 946 3732 non
979 3675 1213 3746 amplius
1245 3690 1346 3730 nec
1380 3675 1563 3730 luctus
1596 3686 1696 3728 nec
1724 3670 1881 3726 dolor
1908 3682 2009 3724 nec
2034 3681 2127 3738 ge-

557 3772 750 3837 mitus,
801 3768 1176 3824 introihimus.
1204 3766 1308 3834 Qui
1340 3775 1521 3822 autem
1560 3765 1615 3819 in
1662 3760 1913 3818 navicula
1941 3768 2124 3826 erant,

549 3864 626 3918 ait
668 3860 1028 3933 evangelista,
1057 3871 1328 3916 venerunt
1357 3869 1413 3914 et
1455 3859 1829 3914 adoraverunt
1860 3869 2008 3917 eum,
2040 3851 2126 3907 di—

548 3964 770 4011 centes:
809 3972 829 4006 ι
865 3951 1009 4009 Vere
1046 3953 1215 4009 Filius
1252 3951 1347 4006 Dei
1373 3966 1491 4017 es,»
1531 3959 1587 4006 et
1619 3958 1749 4004 tunc
1780 3948 1946 4003 etiam
1979 3964 1993 4002 :
2031 3946 2121 4000 «in

549 4047 769 4102 immine
798 4045 928 4102 Josu
951 4061 1113 4099 omne
1135 4060 1274 4113 genu
1301 4043 1555 4099 ﬂectatur
1582 4040 1917 4107 caelestium,
1948 4049 2122 4092 terre-

548 4139 747 4192 strium
780 4148 834 4193 et
865 4136 1207 4191 inlernorum
1237 4173 1252 4195 ,
1289 4145 1343 4187 ct
1374 4133 1556 4188 omnis
1575 4131 1761 4200 lingua
1797 4131 2125 4184 conﬁteatur

440 4252 443 4257 -
547 4228 676 4297 quia
714 4228 979 4282 Dominus
1022 4225 1181 4281 Jesus
1221 4225 1472 4280 Christus
1495 4224 1550 4278 in
1580 4221 1751 4292 gloria
1784 4229 1870 4275 est
1901 4218 1994 4274 Dei
2018 4220 2123 4274 Pa—

504 4348 507 4351 η
547 4316 649 4372 tris
673 4318 740 4372 ”.
771 4336 791 4369 ›
830 4315 936 4372 Sed
963 4314 1382 4384 comparatione
1409 4313 1620 4377 relicta,
1670 4311 1813 4367 initii
1846 4307 2122 4365 sermonis

547 4407 989 4462 rcminiscamur.
1020 4404 1135 4460 Hoc
1173 4413 1357 4459 autem
1400 4404 1616 4459 initium
1673 4401 1948 4458 orationis
1981 4408 2121 4468 erat,

546 4496 804 4550 scilicet:
840 4511 953 4555 non
990 4496 1153 4550 modo
1180 4504 1411 4564 prosunt
1459 4494 1713 4563 perlectis
1742 4494 1798 4548 in
1846 4493 1951 4549 ﬁde
1994 4501 2118 4548 ten-

2231 3312 2456 3372 στάντος
2479 3309 2613 3378 πρὸς
2655 3309 2816 3364 αὐτὸν
2848 3310 2913 3363 ὲκ
2942 3308 3035 3363 τοῦ
3063 3309 3274 3373 πλοίου,
3304 3311 3573 3365 ἐκόπασεν
3597 3307 3625 3359 ὀ
3670 3302 3773 3357 ἀνί·

2229 3417 2352 3471 μσς,
2382 3404 2476 3454 καὶ
2505 3400 2941 3467 διαπεράσαντες
2965 3398 3132 3473 ἦλθον
3166 3403 3246 3465 είς
3277 3403 3381 3472 τὴν
3404 3403 3505 3471 γῆν
3525 3415 3540 3429 ο
3573 3398 3659 3452 καὶ
3679 3392 3771 3461 γὰρ

2223 3492 2318 3547 τοῦ
2350 3494 2579 3563 Κυρίου,
2615 3497 2709 3548 καὶ
2759 3495 2979 3550 πάντων
3014 3495 3124 3549 τῶν
3167 3495 3228 3560 ἐξ
3276 3496 3439 3567 ἡμῶν
3498 3487 3771 3563 μεταστάν-

2225 3602 2336 3640 των
2370 3586 2562 3654 ἀγίων,
2599 3587 2694 3651 οὒς
2732 3588 3110 3659 ύπεσήμαινεν
3152 3590 3180 3642 ὁ
3217 3588 3448 3660 Πέτρος,
3504 3583 3642 3639 κατά
3689 3577 3773 3647 τὴν

2224 3678 2483 3749 δευτέραν
2504 3680 2598 3733 τοῦ
2625 3680 2867 3751 Χριστοῦ
2892 3679 3203 3750 παρουσίαν
3253 3680 3357 3734 σὺν
3386 3681 3518 3749 ἡμῖν
3571 3671 3773 3745 γενομέ⁴

2223 3787 2352 3835 νων,
2379 3770 2440 3824 τὸ
2464 3769 2654 3842 νοητὸν
2682 3770 3060 3841 ἀντικείμενον
3088 3768 3310 3839 πνεῦμα
3339 3770 3538 3831 τελέως
3589 3775 3772 3830 καταρο

2223 3861 2545 3931 γηθήσεται,
2572 3861 2668 3916 καὶ
2714 3862 2877 3931 ἡμεῖς
2929 3860 3029 3933 τὴν
3058 3861 3475 3932 πολυκύμαντον
3531 3855 3622 3912 τοῦ
3670 3852 3770 3922 βίου

2220 3950 2652 4023 διαπεράσαντες
2680 3952 2977 4017 θάλασσαν,
3011 3956 3093 4017 εἰς
3131 3955 3228 4025 τὴν
3252 3955 3362 4024 γῆν
3416 3953 3527 4007 τῶν
3575 3947 3772 4021 πραέων

2221 4043 2666 4115 είσελευσόμεθα,
2702 4044 2832 4099 ἔνθα
2864 4045 3076 4117 ἀπέδρα
3103 4048 3255 4101 πᾶσα
3290 4047 3480 4118 ὀδύνη,
3512 4045 3650 4112 λύπη
3692 4036 3774 4092 καὶ

2224 4137 2544 4207 στεναγμός.
2595 4140 2657 4191 Οί
2696 4138 2753 4191 δὲ
2804 4141 2863 4193 ἐν
2904 4139 2983 4208 τῷ
3030 4139 3226 4211 πλοίῳ,
3284 4142 3477 4211 φησὶν,
3533 4136 3774 4194 ἐλθόντες,

2222 4226 2638 4297 προσεκύνησαν
2680 4228 2758 4299 τῷ
2828 4228 3042 4300 Ἰησοῦ,
3118 4229 3375 4300 λέγοντες
3409 4247 3425 4263 ο
3482 4249 3503 4284 ι
3559 4223 3775 4294 Ἀληθῶς

2221 4315 2356 4369 Θεοῦ
2382 4316 2505 4380 rte;
2538 4313 2588 4373 εῐ
2621 4333 2634 4347 ·
2668 4337 2687 4371 ι
2743 4320 2838 4377 καὶ
2871 4323 2992 4376 τότε
3019 4322 3165 4393 γάρ,
3212 4340 3232 4374 ι
3269 4323 3390 4378 Πᾶν
3427 4323 3555 4392 γόνυ
3600 4314 3776 4388 κάμψῃ

2221 4409 2570 4478 ἐπουρανίων
2626 4412 2722 4466 καὶ
2786 4412 3047 4481 ἐπιγείων
3100 4414 3194 4468 καὶ
3242 4415 3639 4486 καταχθονίων,
3693 4407 3775 4462 καὶ

2220 4501 2372 4555 πᾶσα
2419 4500 2639 4571 γλῶσσα
2693 4504 3169 4577 ἐξομολογήσεται,
3202 4507 3286 4561 ὅτι
3343 4508 3546 4579 Κύριος
3590 4498 3774 4576 Ἰησοῦς

544 4585 802 4651 taliones,
855 4595 916 4640 ut
968 4584 1095 4649 Job,
1142 4584 1324 4650 Petro,
1373 4584 1543 4649 Paulo
1573 4593 1630 4640 et
1674 4584 1965 4649 similibus,
2020 4581 2116 4639 sed

2225 4592 2457 4664 Χριστὸς
2490 4596 2571 4659 είς
2597 4595 2757 4662 δόξαν
2792 4573 2929 4652 Θεοῦ
2964 4573 3205 4668 Πατρός.
3242 4618 3262 4652 ι
3318 4573 3483 4654 Ἀλλά
3506 4599 3606 4667 τῆς
3650 4573 3773 4648 τάνα-

2228 4685 2417 4776 γωγῆς
2455 4687 2764 4776 ἀφιέμενοι.
2823 4690 2924 4759 τῆς
2965 4690 3141 4763 ἀρχῆς
3193 4690 3625 4761 ὲπιμνησθῶμεν
3681 4681 3775 4776 τῷν
3833 4702 3848 4776 ι’

545 4675 855 4746 perfeciunt
917 4677 1081 4732 etiam
1150 4676 1516 4748 imperfectos.
1581 4677 1698 4732 illic
1753 4676 1938 4743 enim,
2006 4690 2119 4730 non

546 4772 711 4823 modo
772 4766 965 4824 Petrus
1019 4778 1075 4824 et
1120 4771 1215 4840 qui
1275 4784 1403 4829 cum
1460 4771 1579 4839 ipso
1623 4776 1784 4824 erant
1837 4766 2117 4838 discipuli,

549 4866 640 4934 qui
669 4874 722 4919 et
758 4860 863 4934 ipsi
897 4861 1075 4918 adhuc
1104 4860 1411 4930 imperlecti
1448 4869 1626 4926 erant,
1659 4860 1754 4916 sed
1793 4876 1985 4914 omnes
2022 4860 2117 4928 qui

548 4954 889 5010 in'navicula
924 4962 1104 5020 erant,
1140 4954 1192 5012 in
1222 4954 1325 5017 hac
1356 4954 1657 5009 tentatioue
1693 4962 1902 5010 tantum
1932 4950 2115 5022 profe-

547 5055 743 5103 cerunt
768 5048 820 5101 in
842 5048 966 5110 title,
992 5056 1049 5100 ut
1074 5046 1348 5107 venientes
1372 5045 1721 5109 atloraverint
1745 5043 1931 5099 .lesum
1963 5045 2121 5112 eique

545 5138 784 5193 dixerint
814 5154 827 5192 :
859 5156 881 5190 ‹
918 5137 1058 5195 Vere
1084 5138 1254 5193 Filius
1286 5137 1379 5194 Dei
1410 5152 1491 5192 cs.
1521 5155 1541 5189 ι
1576 5136 1744 5197 Recte
1794 5137 1956 5207 igitur
1982 5152 2119 5205 apo-

544 5229 719 5285 Stolus
755 5245 915 5299 quem
944 5229 1107 5284 initio
1143 5230 1430 5289 citavimus
1458 5227 1591 5283 dicit
1625 5243 1699 5306 ιε(
1733 5226 1932 5295 Beatus
1955 5228 2117 5282 homo

2188 4774 2193 4779 ’
2223 4775 2399 4844 λόγων
2432 4794 2446 4808 ’
2479 4778 2512 4848 ἡ
2553 4778 2613 4832 δὲ
2652 4774 2743 4850 ἦν,
2769 4779 2845 4844 ὡς
2880 4781 2956 4851 μὴ
2988 4782 3149 4852 μόνον
3181 4785 3295 4846 τοῖς
3321 4782 3555 4845 τελείοις
3581 4777 3674 4848 τὴν
3698 4771 3776 4828 πί-

3804 4834 3813 4868 l

2225 4883 2342 4920 στιν
2370 4870 2419 4922 οἱ
2446 4875 2742 4942 πειρασμοὶ
2756 4872 3144 4943 λυσιτελοῦσιν,
3169 4874 3246 4938 ὡς
3279 4876 3361 4946 τῷ
3408 4874 3528 4930 ’1ὼὸ
3560 4872 3651 4928 καὶ
3702 4862 3771 4932 τῷ
3805 4862 3825 4927 ἀ

2226 4961 2421 5035 Πέτρῳ
2452 4964 2548 5018 καὶ
2581 4966 2775 5036 Παύλῳ
2814 4968 2910 5025 καὶ
2937 4971 3050 5033 τοῖς
3090 4969 3318 5038 ὁμοίοις,
3349 4969 3488 5023 ἀλλά
3539 4965 3632 5021 καὶ
3663 4959 3777 5019 τοὺς

2224 5055 2436 5118 ἀτελεῖς
2464 5056 2762 5112 τελειοῦσιν
2799 5060 3188 5131 ἐπιφερόμενοι
3217 5077 3230 5092 ’
3287 5063 3385 5114 καὶ
3417 5061 3526 5132 γὰρ
3558 5049 3775 5112 ἐνταῦθα

2222 5145 2368 5214 ούχύ
2394 5147 2596 5216 Πέτρος
2627 5150 2809 5218 μόνος,
2846 5150 2968 5206 οὐδὲ
3014 5154 3062 5203 οί
3116 5152 3265 5206 ἄλλοι
3322 5152 3562 5223 μαθηταὶ
3608 5149 3771 5218 μόνον,

2226 5235 2386 5306 182
2410 5236 2458 5288 οἳ
2496 5239 2594 5291 καὶ
2625 5240 2776 5294 αὐτοὶ
2808 5241 2890 5294 ἐτι
2925 5241 3134 5305 ἀτελεῖς
3163 5239 3323 5314 ἦσαν,
3357 5243 3494 5296 ἀλλά
3517 5241 3608 5295 καὶ
3630 5238 3674 5289 σί
3721 5233 3773 5284 ὲν

543 5322 639 5388 qui
664 5322 859 5376 snti‘ert
883 5323 1264 5385 tentationem,
1288 5323 1543 5390 quoniam
1567 5336 1691 5376 cum
1721 5320 1981 5392 probatus
2005 5319 2122 5378 fue-

2225 5328 2296 5394 τῷ
2329 5328 2502 5401 πλοίῳ
2536 5332 2754 5396 πάντες,
2781 5334 3036 5387 τοσοῦτον
3073 5336 3210 5405 πρὸς
3243 5337 3426 5389 πίστιν
3457 5335 3547 5387 ὑπ’
3576 5328 3769 5384 ἐκείνων

547 5412 639 5474 iit,
669 5412 898 5481 accipiet
925 5428 1183 5468 coronam
1223 5412 1429 5469 vitae".
1463 5434 1482 5465 ι

2225 5416 2321 5472 τοῦ
2351 5423 2661 5491 πειρασμοῦ
2693 5423 3076 5496 ὠφελήθησαν,
3102 5426 3178 5490 ὡς
3204 5425 3589 5496 προσελθόντες
3620 5430 3774 5489 τερον

508 5532 513 5537 ’
548 5504 787 5591 κυνῆσαι
815 5502 894 5572 τῷ
923 5503 1124 5575 Ἰησοῦ.
1160 5504 1253 5559 καὶ
1282 5506 1418 5575 πρδς
1447 5507 1610 5562 αὑτὸν
1636 5507 1814 5565 εἰπεῖν
1843 5522 1857 5537 ⁹
1909 5522 1927 5554 ⁸
1959 5504 2204 5574 Ἀληθῶς
2271 5510 2410 5567 Θεοῦ
2439 5514 2567 5578 Υἱὸς
2590 5514 2658 5571 εἷ.
2697 5534 2716 5569 t
2791 5517 2989 5582 Καλῶς
3041 5518 3151 5590 ἄρα
3199 5519 3362 5591 φησὶν
3403 5517 3431 5569 ὁ
3473 5509 3767 5573 ἀπόστολος.

505 5618 513 5627 ·
547 5590 610 5654 ὃν
632 5594 730 5665 τὴν
752 5594 931 5687 ἀρχὴν
981 5599 1410 5670 προηγάγομεν·
1481 5618 1499 5652 ι
1537 5601 1824 5687 Μακάριος
1876 5599 2014 5668 ἀνὴρ
2063 5598 2120 5659 ὃς
2158 5600 2423 5674 ὑπομένει
2451 5607 2896 5680 πειρασμὸν,’ὃτι
2932 5611 3154 5683 δόκιμος
3202 5590 3494 5683 γενόμενος
3556 5601 3765 5676 λήψετθτι

546 5686 637 5749 τὸν
703 5685 934 5754 τέφανον
954 5689 1052 5759 τῆς
1081 5691 1246 5759 ζωῆς.
1292 5712 1309 5744 ι

593 5810 659 5849 3°”
690 5806 851 5867 lic-iw.
890 5825 948 5871 ll.
984 5812 1071 5875 i7.
1146 5814 1444 5882 “Philipp.
1472 5832 1528 5882 ll,
1556 5816 1735 5883 10,11.

1831 5816 1870 5847 "
1900 5814 2011 5870 Jac.
2043 5831 2078 5879 ι,
2110 5816 2188 5879 ita.
