4014 6448
216 333 371 399 40]

1583 331 1914 395 HOMILIA
1950 331 2204 394 XXXII.

3434 321 3539 384 410

315 448 413 503 Οὐ
448 446 591 502 θέλω
612 446 670 502 δέ
703 447 848 517 ὑμᾶς
897 446 1135 516 ἀγνοεῖν,
1198 447 1436 516 ἀδελφοὶ,
1503 447 1585 500 ὅτι
1635 444 1855 499 διπλοῦν

2037 443 2175 497 Nolo
2207 457 2301 498 vos
2339 441 2615 512 ignorare,
2652 440 2874 502 fratres.
2911 439 3109 508 duplex
3130 451 3251 492 esse
3273 441 3539 492 tentatio-

225 543 388 594 ἐστι
423 541 490 592 τὸ
519 534 660 602 εἶδος
696 539 804 592 τῶν
834 539 1159 609 πειρασμῶν
1193 555 1207 570 ·
1246 541 1359 592 ἀλλ’
1387 540 1448 592 οὐ
1504 539 1660 592 τοῦτο
1713 539 1854 605 λέγω

218 631 377 692 νῦν,
407 631 494 682 ὅτι
524 630 592 683 δι’
623 629 816 699 ἡδονῆς
847 630 940 682 καὶ
963 629 1176 700 ὀδύνης,
1208 631 1277 682 δι’
1313 630 1505 702 ργείας
1549 631 1644 684 καὶ
1671 631 1854 695 νόσου,

220 720 342 772 διὰ
387 718 552 788 δόξης
584 720 681 772 καὶ
721 719 960 784 ἀδοξίας,
1015 720 1082 773 δι’
1132 721 1400 788 εὐπορίας
1449 721 1542 775 καὶ
1594 722 1852 791 ἀπορίας,

225 811 708 875 ἐπάγονταιτοῖς
733 808 1044 880 ἀνθρώποις
1070 813 1119 863 οί
1149 811 1468 880 πειρασμοὶ,
1513 813 1571 863 ἐν
1619 808 1698 874 οἷς
1760 815 1855 866 καὶ

229 902 455 970 πολλῷ
481 904 701 973 χείρους
739 904 880 956 εἰσὶν
913 905 963 956 οἱ
985 904 1052 958 δι’
1092 905 1289 975 ἡδονῆς
1320 907 1413 959 καὶ
1479 906 1690 972 ὑγείας,
1759 908 1856 959 καὶ

230 994 428 1064 δόξης
475 997 566 1047 καὶ
591 995 854 1066 εὐπορίας
888 1012 903 1027 ο
933 996 1048 1050 ἐστι
1089 998 1200 1066 γάρ
1237 998 1333 1050 καὶ
1370 997 1527 1050 τοῦτο
1563 1014 1576 1026 ·
1632 997 1748 1050 ἀλλ’
1792 999 1852 1050 οὐ

236 1087 406 1153 περὶ
441 1086 645 1154 ταύτης
679 1087 826 1152 λέγω
855 1089 981 1156 ὑμῖν
1008 1089 1105 1140 νῦν
1143 1089 1241 1158 τῆς
1269 1089 1490 1160 διπλόης
1517 1091 1630 1143 τῶν
1661 1107 1856 1158 πειρα-

240 1179 452 1249 σμῶν.
501 1180 660 1233 Ἀλλὰ
691 1181 854 1234 ποίαν
877 1181 1216 1250 ἀποδέχομαι
1263 1183 1358 1234 νῦν
1405 1182 1548 1252 ὑμᾶς
1608 1183 1852 1250 ἐπιγνῶ-

241 1291 352 1325 ναι
405 1290 422 1337 ;
478 1275 757 1338 σκοπεῖτε,
794 1277 887 1326 καὶ
925 1274 1259 1345 μαθήσεσθε.
1289 1266 1456 1338 Οὗτος
1482 1277 1509 1328 6
1545 1274 1719 1342 μέγας
1742 1275 1853 1333 Ἰά-

218 1355 476 1430 Ἇςωόος,
515 1367 542 1417 6
597 1367 737 1420 κατὰ
798 1367 977 1437 σάρκα
1041 1367 1127 1420 διὰ
1191 1366 1456 1439 τὴνπρὸς
1514 1368 1719 1438 Ἰωσὴφ
1751 1369 1854 1437 τῆς

248 1460 768 1531 Παρθενομήτορος
795 1465 940 1515 κατά
979 1463 1130 1516 θείαν
1185 1462 1497 1531 οἰκονομίαν
1556 1462 1854 1533 μνηστείαν

248 1550 506 1617 ἀδελφὸς
534 1551 628 1602 τοῦ
667 1553 871 1621 Κυρίου
904 1551 1261 1621 καλούμενος,
1294 1552 1465 1606 εἰπὼν
1493 1555 1574 1606 ὅτι
1605 1571 1621 1586 ο
1663 1572 1680 1605 ι
1723 1555 1854 1608 Xal-

252 1659 400 1710 ρετε
430 1642 558 1694 ὅταν
585 1645 919 1711 πειρασμοῖς
944 1644 1282 1713 περιπέσητε
1325 1643 1596 1706 ποικίλοις
1633 1659 1650 1675 ·
1686 1662 1706 1696 ›
1757 1643 1853 1697 καὶ

247 1735 347 1787 ὅτι
387 1748 402 1764 ’
443 1753 462 1785 ι
497 1734 784 1802 Μακάριος
824 1735 966 1806 ἀνὴρ
990 1734 1048 1797 ὃς
1078 1735 1344 1804 ὑπομένει
1379 1734 1710 1804 πειρασμὸν,
1769 1734 1852 1787 ὅτι

235 1825 508 1895 λήψεται
537 1828 629 1880 τὸν
679 1828 946 1896 στέφανον
987 1829 1086 1898 τῆς
1142 1827 1314 1896 ζωῆς.
1351 1847 1371 1880 ι
1410 1822 1542 1880 Εἶτα
1599 1826 1852 1895 καθάπερ

249 1917 330 1970 ἂν
366 1917 428 1970 ετ
477 1911 558 1981 τις
604 1917 725 1972 εἷπε
759 1920 898 1989 πρὸς
923 1920 1107 1986 αὑτὸν,
1151 1923 1261 1974 Καὶ
1288 1921 1395 1990 μὴν
1430 1922 1568 1974 είσὶν
1621 1921 1672 1974 οἳ
1721 1921 1850 1992 βλα-

258 2009 590 2078 σφημοῦσιν
621 2011 681 2062 ἐν
709 2012 824 2074 τοῖς
845 2012 1194 2080 πειρασμοῖς,
1243 2013 1292 2064 οί
1327 2011 1384 2064 δὲ
1438 2011 1530 2063 καὶ
1575 2011 1853 2077 ἀπογινώ-

256 2117 465 2154 σκουσι
492 2103 689 2166 τελέως
717 2103 930 2156 ἑαυτῶν
967 2119 980 2134 ·
1009 2102 1166 2156 ἄλλοι
1215 2102 1275 2157 δὲ
1325 2103 1423 2156 καὶ
1469 2103 1666 2174 βρόχον
1725 2104 1856 2156 seu.

253 2197 381 2256 τοῖς
412 2195 744 2248 ἀνάπτουσιν
775 2212 788 2225 ·
818 2197 867 2249 εί
895 2195 951 2248 δὲ
986 2196 1081 2248 καὶ
1107 2196 1135 2248 6
1161 2194 1474 2264 πειρασμὸς
1505 2194 1618 2247 τῶν
1674 2194 1855 2264 ἐμφύ-

258 2304 378 2340 των
403 2287 489 2357 εῐη
514 2287 606 2339 καὶ
631 2286 931 2356 σαρκικῶν,
959 2285 1131 2354 θυμοῦ
1163 2286 1330 2355 τυχὸν
1367 2285 1400 2352 ἢ
1436 2283 1754 2354 ἐπιθυμίας,
1805 2285 1855 2338 oi

269 2383 376 2446 μὲν
408 2380 589 2448 φόνοις
617 2379 732 2432 ἔσθ’
757 2381 846 2433 ὅτε
876 2380 1237 2448 περιέπεσαν,
1285 2380 1334 2432 οί
1387 2378 1444 2432 δὲ
1477 2381 1540 2448 τῇ
1586 2378 1858 2449 ἀκολασίᾳ

263 2473 502 2536 ἑαυτοὺς
531 2473 820 2539 ἐξέδωκαν,
868 2471 986 2530 πῶς
1021 2465 1113 2526 οὖν
1147 2473 1208 2524 ἐκ
1241 2471 1377 2524 Θεοῦ
1441 2471 1469 2525 6
1521 2471 1855 2541 πειρασμὸς,

263 2568 366 2619 καὶ
397 2566 681 2634 αεςίῖάνων
716 2565 1028 2636 πρόξενος;
1089 2562 1200 2618 οἷον
1244 2564 1382 2634 πρὸς
1441 2564 1571 2628 τοὺς
1627 2563 1858 2618 τοιαῦτα

260 2659 530 2726 λέγοντας
551 2659 991 2729 ἀπολογούμενος
1051 2661 1250 2727 ἐπάγει
1279 2673 1296 2690 ⁸
1347 2677 1366 2712 ι
1396 2659 1606 2730 Μηδεὶς
1663 2674 1860 2727 πειρα-

267 2751 502 2821 ζόμενος
551 2751 779 2820 λεγέτω,
801 2752 884 2804 ὅτι
915 2750 1022 2804 ἀπὸ
1071 2749 1208 2804 Θεοῦ
1248 2749 1585 2820 πειράζομαι
1617 2765 1633 2782 ο
1665 2749 1860 2820 πειρά-

269 2845 356 2909 ζει
387 2845 496 2916 γὰρ
526 2843 685 2907 αὐτὸς
723 2843 921 2896 οὐδένα
953 2859 968 2874 ο
1002 2842 1158 2912 όγάρ
1200 2843 1335 2904 Θεὸς
1361 2840 1698 2910 ἀπείραστός
1736 2842 1856 2893 ἐστι

270 2935 462 2988 κακῶν
491 2949 506 2962 ·
548 2954 568 2986 ι
637 2934 947 3005 πειρασμὸν
1002 2933 1241 2988 ἐνταῦθα
1291 2933 1352 2986 τὸ
1391 2933 1562 2987 κακὸν
1609 2932 1856 3001 δηλονότι

275 3023 372 3076 atat
395 3024 493 3093 τὴν
521 3023 799 3094 ἁμαρτίαν
827 3024 1023 3092 λέγων,
1052 3024 1150 3077 καὶ
1183 3024 1239 3075 τὸ
1289 3023 1465 3095 ταύτῃ
1513 3025 1853 3092 περιπεσεῖν,

1959 554 2088 590 num
2118 552 2311 608 genus;
2339 553 2443 591 non
2466 546 2647 592 autem
2666 539 2767 591 hoc
2785 551 2929 590 nunc
2947 536 3126 590 dicam
3156 535 3330 596 vobis,
3359 542 3539 587 tenta-

1961 632 2135 688 tiones
2165 632 2416 686 homines
2439 631 2658 701 aggredi
2682 639 2735 686 ct
2761 647 2856 700 per
2878 629 3213 698 voluptatem
3237 637 3292 682 et
3315 643 3410 697 per
3432 627 3538 681 do-

1960 722 2154 788 lorem,
2198 737 2296 790 per
2331 723 2626 776 sanitatem
2676 731 2730 774 et
2769 721 3044 782 morbum,
3076 734 3170 788 per
3216 718 3445 788 gloriam
3481 725 3537 770 et

1959 813 2156 866 malam
2183 812 2405 876 famam,
2429 827 2522 880 per
2543 810 2937 865 abundantiam
2966 820 3018 864 et
3043 811 3284 880 inopiam
3304 825 3538 878 quarum

1958 904 2132 958 multo
2162 904 2378 975 pejores
2405 913 2534 959 sunt
2565 919 2686 973 qua:
2711 919 2808 972 per
2833 904 3160 973 voluptatem
3189 903 3419 974 gloriam
3446 917 3539 956 sa-

1958 997 2186 1051 nitatem
2218 1006 2271 1050 ct
2302 996 2697 1050 abundantiam
2749 1011 2848 1050 nos
2883 996 3194 1060 incursant,
3227 1006 3282 1049 et
3312 997 3416 1048 hoc
3444 1009 3580 1082 νεὶ-ι

1961 1107 2080 1144 rum
2113 1098 2228 1153 est;
2266 1091 2400 1144 nihil
2435 1100 2615 1145 autem
2658 1090 2725 1144 de
2775 1089 2876 1142 hac
2915 1090 3120 1158 duplici
3171 1085 3573 1149 tentationuml

1957 1185 2141 1251 Specie
2172 1185 2366 1253 loquor
2391 1185 2456 1236 ad
2495 1197 2612 1237 vos.
2659 1182 2798 1246 Quid
2833 1189 3013 1234 autem
3043 1181 3165 1234 volo
3203 1196 3298 1234 vos
3343 1194 3545 1248 cogno-

1957 1293 2109 1332 scere
2128 1276 2458 1340 ?Attendite,
2479 1286 2534 1329 et
2557 1275 2896 1344 intelligetis.
2919 1273 3016 1328 Hic
3050 1289 3280 1342 magnus
3305 1272 3542 1329 Jacobus

1957 1381 2020 1420 ex
2069 1366 2330 1421 aiiinitate
2390 1380 2515 1419 cum
2566 1364 2772 1432 Joseph
2824 1364 2914 1417 Dei
2962 1364 3367 1433 dispensatione
3420 1361 3544 1416 Vir-

1956 1461 2099 1532 ginis
2128 1461 2339 1530 sponsi,
2391 1461 2561 1514 frater
2606 1459 2822 1513 Domini
2867 1467 3120 1521 vocatus,
3178 1459 3254 1510 ait
3289 1475 3303 1510 :
3343 1477 3362 1508 ι
3398 1454 3570 1509 Gali--

1955 1554 2079 1609 dele
2109 1568 2236 1608 cum
2274 1553 2328 1607 in
2361 1553 2693 1608 tentationes
2718 1551 2903 1604 varias
2935 1550 3238 1604 incideritis
3262 1551 3344 1614 ⁹²;
3381 1567 3399 1600 ι
3435 1559 3487 1600 et
3522 1565 3536 1601 :

1960 1645 2190 1700 oBeatus
2214 1645 2401 1715 virqui
2423 1643 2614 1699 suffert
2635 1644 3014 1708 tentationem,
3031 1641 3289 1711 quoniam
3312 1638 3546 1708 accipiet

1955 1753 2214 1794 coronam
2258 1737 2380 1792 vine
2400 1736 2468 1791 ".
2505 1756 2524 1790 ›
2558 1737 2748 1792 Postea
2798 1749 2927 1790 vero
2985 1732 3127 1788 haud
3175 1749 3336 1788 secus
3381 1748 3445 1788 ac
3495 1733 3542 1786 si

1956 1829 2081 1899 quis
2126 1829 2192 1882 ad
2239 1843 2366 1883 eum
2412 1828 2664 1892 dixisset,
2720 1832 2850 1881 sunt
2893 1826 2985 1894 qui
3048 1825 3429 1894 blasphemant
3484 1825 3542 1878 in

1957 1921 2282 1984 tentatione,
2305 1918 2401 1973 alii
2429 1927 2610 1972 tamen
2637 1919 2703 1973 de
2721 1934 2779 1974 se
2798 1918 2931 1988 ipsis
2954 1917 3270 1986 desperant;
3290 1918 3380 1971 alii
3399 1917 3544 1970 collo

1957 2027 2017 2067 se
2046 2016 2425 2081 suspendunt;
2455 2011 2502 2066 si
2535 2019 2715 2065 autem
2747 2025 2814 2065 ex
2849 2009 3190 2064 naturalibus
3223 2019 3276 2062 et
3306 2008 3545 2062 carnali-

1957 2108 2062 2161 bus
2123 2106 2358 2160 teutatio
2410 2103 2646 2167 venerit,
2681 2103 2939 2172 superbia
2983 2110 3068 2158 est
3101 2101 3187 2156 vel
3232 2102 3538 2170 cupiditas;

1957 2198 2048 2252 alii
2110 2196 2214 2250 sibi
2289 2210 2476 2250 necem
2553 2194 2890 2260 intulerunt,
2959 2193 3052 2246 alii
3133 2191 3544 2246 incontinentiae

1958 2303 2080 2344 sese
2118 2288 2463 2342 tradiderunt
2501 2289 2822 2356 :quomodo
2861 2301 2996 2353 ergo
3052 2300 3118 2340 ex
3153 2283 3264 2338 Den
3313 2287 3544 2337 tentatio
3592 2321 3607 2335 .

1957 2388 2042 2437 est
2075 2389 2130 2435 et
2157 2394 2492 2435 coronarum
2529 2379 2715 2434 datio?
2767 2377 2925 2445 Quod
2962 2378 3064 2433 hoc
3102 2378 3283 2432 taliter
3308 2379 3542 2441 loquen-

1959 2473 2106 2529 tibus
2142 2473 2485 2543 rcspondens
2535 2472 2837 2542 Apostolus
2870 2473 3021 2525 addit
3067 2488 3080 2524 :
3144 2490 3162 2522 ι
3199 2470 3372 2524 Nemo
3416 2485 3543 2524 cum

1958 2575 2204 2624 tentatur
2229 2566 2374 2622 dicat
2399 2567 2658 2635 quoniam
2694 2580 2721 2618 a
2755 2565 2862 2618 Deo
2894 2573 3139 2618 tentatur
3169 2583 3180 2627 ;
3217 2563 3357 2617 Deus
3395 2563 3540 2616 enim

1957 2661 2268 2717 intentator
2303 2642 2575 2712 malorum
2609 2663 2694 2710 est
2716 2655 2784 2710 ’⁵.
2823 2674 2840 2707 ι
2883 2655 2983 2710 Hic
3033 2655 3320 2710 evidenter
3370 2661 3546 2707 tenta-

1957 2755 2136 2810 tiones
2189 2759 2352 2806 vocat
2398 2751 2600 2803 malum
2654 2759 2708 2802 et
2762 2757 3048 2818 peccatum
3099 2757 3153 2802 et
3195 2747 3436 2802 incidere
3488 2746 3544 2802 in

1958 2851 2264 2916 peccatum,
2300 2841 2462 2910 cujus
2517 2840 2842 2894 temtationis
2877 2854 3076 2908 expers
3118 2839 3220 2892 fuit
3267 2839 3544 2902 Christus,

1957 2938 2063 2992 etsi
2093 2935 2320 2990 aliunde
2364 2935 2532 2990 fuerit
2564 2940 2853 2988 tentatus:
2905 2951 2925 2983 ι
2957 2933 3012 2986 lu
3049 2946 3118 2986 eo
3147 2933 3293 2986 enim
3330 2933 3383 2985 in
3431 2947 3545 2999 quo

1957 3045 2154 3101 passus
2187 3039 2272 3084 cst
2298 3029 2416 3097 ipse
2447 3038 2500 3083 et
2546 3035 2808 3091 tentatus,
2839 3035 3035 3096 potens
3065 3034 3149 3080 est
3171 3025 3250 3079 eis
3281 3024 3372 3092 qui
3423 3034 3544 3078 ten-

271 3112 341 3187 ἧς
366 3119 460 3171 καὶ
485 3120 511 3171 6
545 3118 780 3188 Χριστὸς
800 3117 1019 3187 ἔμεινεν
1047 3116 1408 3188 ἁπείραστος,
1437 3120 1621 3172 καίτοι
1656 3135 1850 3187 πειρα-

1959 3131 2140 3178 tantur
2163 3121 2418 3175 auxiliari
2443 3121 2517 3173 ⁸⁸.
2554 3137 2570 3171 ι
2618 3118 2684 3174 Et
2707 3127 2828 3189 post
2859 3118 3194 3187 baptismum
3226 3115 3279 3170 in
3305 3115 3546 3170 Jordane

276 3209 426 3269 σθεὶς
447 3209 621 3274 άλλως
655 3225 670 3242 ο
705 3228 726 3262 ι
783 3209 871 3276 Ἐξ
920 3203 996 3264 ὧν
1052 3208 1164 3281 γὰρ
1215 3209 1409 3274 ἔπαθε,
1457 3210 1614 3280 φησι,
1657 3226 1849 3276 πειρα-

277 3303 442 3369 σθεὶς,
467 3303 692 3358 δύναται
725 3305 836 3364 τοῖς
868 3301 1290 3374 πειραζομένοις
1321 3301 1612 3372 βοηθῆσαι.
1641 3321 1661 3354 ι
1687 3299 1853 3355 Ἀλλὰ

276 3399 372 3450 καὶ
407 3397 542 3467 μετά
575 3395 639 3449 τὸ
669 3397 726 3450 ἐν
768 3395 1013 3468 Ἰορδάνῃ
1045 3393 1415 3464 βαπτισθῆναι
1445 3393 1615 3464 ἀνέϐη
1661 3394 1744 3456 είς
1792 3393 1854 3446 τὸ

278 3488 401 3559 όρος
430 3488 792 3558 πειρασθῆναι
822 3486 968 3541 κατὰ
987 3487 1085 3557 τὴν
1123 3484 1219 3539 τοῦ
1258 3483 1603 3552 Εὑαγγελίου
1637 3483 1850 3553 φωνήν·

283 3581 418 3633 ὥστε
450 3583 748 3650 πειρασμοὶ
778 3581 1028 3649 λέγονται
1062 3579 1157 3633 καὶ
1214 3579 1286 3632 τὰ
1337 3578 1688 3648 ἐπερχόμενα
1740 3578 1856 3639 τοῖς

284 3670 590 3743 ἀνθρώποις
624 3671 828 3735 ἔξωθεν
854 3673 1000 3724 κατά
1037 3671 1202 3740 σῶμα
1225 3670 1477 3740 λυπηρὰ,
1515 3670 1614 3722 καὶ
1649 3667 1790 3738 αὑτὴ
1819 3669 1854 3738 ἡ

284 3764 556 3836 προσσολὴ
583 3761 679 3817 τοῦ
711 3761 934 3836 ἐχθροῦ,
957 3762 1008 3814 εί
1041 3763 1138 3815 καὶ
1163 3760 1464 3824 ἀνεύθυνός
1491 3762 1644 3814 ἐστιν
1671 3775 1687 3791 ο
1731 3759 1858 3813 ἐπεὶ

285 3861 378 3914 καὶ
405 3857 480 3928 τῷ
506 3858 696 3928 Κυρίῳ
723 3855 1006 3926 πειράζων
1037 3853 1370 3926 προσέϐαλε.
1404 3854 1716 3924 Πειρασμοὶ
1763 3853 1858 3910 λέο

285 3969 470 4022 γονται
496 3952 588 4005 καὶ
618 3951 673 4002 αἱ
707 3947 994 4019 ἁμαρτίαι,
1023 3946 1146 4001 καθ’
1172 3946 1239 4010 ἃς
1273 3947 1509 4010 ἕκαστος
1542 3946 1701 4017 ἡμῶν
1733 3963 1856 3999 πει-

289 4046 526 4116 ράζεται,
584 4043 659 4108 ὡς
717 4043 882 4107 αὐτὸς
951 4040 1208 4104 Ἰάκωὸός
1240 4055 1449 4110 φησιν’
1509 4058 1527 4092 ι
1578 4039 1714 4093 Ὑπὸ
1760 4040 1860 4110 τῆς

293 4141 426 4204 ιδίας
455 4139 752 4208 ἐπιθυμίας
791 4137 1150 4205 ἐξελκόμενος
1205 4137 1304 4190 καὶ
1352 4133 1748 4204 δελεαζόμενος
1777 4151 1791 4165 ο
1823 4134 1858 4203 ἡ

289 4234 392 4304 γάρ
416 4232 706 4302 ἐπιθυμία,
742 4229 900 4300 φησὶ,
952 4227 1294 4282 συλλαϐοῦσα
1340 4227 1516 4279 τίκτει
1553 4226 1856 4296 ἁμαρτίαν,

289 4327 322 4396 ἡ
352 4325 406 4380 δὲ
427 4324 670 4394 ἁμαρτία
695 4322 1012 4376 τελεσθεῖσα
1056 4319 1292 4375 ἀποκύει
1325 4319 1583 4373 θάνατον.
1630 4336 1648 4370 ι
1720 4317 1861 4370 Τίνα

292 4417 545 4481 θάνατον;
579 4416 668 4470 τὸν
701 4413 942 4479 αἰώνιον,
984 4414 1042 4477 ὃς
1073 4415 1225 4467 ἐστιν
1254 4412 1280 4465 6
1306 4413 1394 4467 διὰ
1437 4413 1536 4485 τὴν
1572 4413 1853 4484 ἁμαρτίαν

290 4514 392 4568 ἀπὸ
420 4515 516 4581 τῆς
554 4513 732 4583 ψυχῆς
778 4510 874 4565 τοῦ
904 4509 1042 4564 Θεοῦ
1113 4507 1399 4581 χωρισμός
1430 4523 1448 4540 ο
1488 4507 1547 4559 ὃν
1596 4505 1693 4560 νῦν
1753 4507 1852 4576 μὲν

293 4605 720 4677 ἐπηκολούθησεν
749 4604 858 4657 ἀπὸ
908 4603 1084 4666 Ἀδὰμ
1126 4603 1291 4671 μέχρι
1330 4599 1648 4662 συντελείας
1683 4601 1776 4654 καὶ
1824 4599 1855 4650 6

295 4698 380 4750 τοῦ
408 4696 656 4768 σώματος
681 4697 936 4759 θάνατος,
976 4697 1102 4747 τότε
1127 4695 1186 4747 δὲ
1215 4696 1273 4746 ἐν
1298 4692 1376 4763 τῷ
1413 4692 1666 4763 μέλλοντι
1688 4694 1854 4747 αἰῶνι

300 4789 476 4855 ἕψεται
499 4790 611 4850 τοῖς
641 4788 716 4858 μὴ
756 4785 994 4840 ἐνταῦθα
1025 4784 1437 4855 μετανοήσασιν
1483 4787 1514 4855 ή
1575 4785 1855 4857 ἀφόρητος

1885 4473 1937 4532 D

1941 3213 2200 3269 ascendit
2235 3213 2289 3266 in
2321 3220 2564 3266 montem
2607 3218 2666 3265 ut
2700 3219 3015 3266 tentaretur
3042 3209 3344 3263 secundum
3375 3223 3546 3262 evan-

1952 3306 2159 3378 gelista:
2200 3320 2390 3360 vocem
2413 3305 2481 3359 ".
2542 3303 2636 3357 Sic
2685 3303 2852 3374 igitur
2903 3301 3235 3357 tentationes
3285 3307 3546 3354 vocantur

1952 3413 2014 3454 ea
2081 3413 2208 3468 quzn
2290 3395 2609 3452 hominibus
2667 3396 3034 3451 adversantur
3112 3403 3168 3447 ut
3229 3393 3548 3462 corporales

1953 3491 2239 3556 molestiae,
2273 3497 2326 3545 et
2353 3490 2470 3559 ipsa
2495 3487 2704 3543 inimici
2732 3487 3012 3558 aggressio
3049 3486 3153 3541 etsi
3191 3499 3296 3540 non
3334 3484 3384 3538 ei
3416 3499 3546 3555 pro-

1955 3597 2114 3653 spere
2149 3583 2430 3648 succedat,
2457 3581 2724 3652 siquidem
2751 3589 2803 3635 et
2825 3581 3005 3649 ipsum
3041 3576 3330 3633 Dominum
3364 3593 3549 3647 agres-

1955 3691 2051 3732 sus
2089 3684 2193 3730 est.
2213 3675 2574 3730 Tentationes
2603 3674 2768 3730 etiam
2816 3675 3082 3729 dicuntur
3123 3681 3365 3743 peccata,
3417 3671 3546 3740 qui-

1956 3768 2062 3822 bus
2096 3767 2477 3836 unusquisque
2498 3775 2746 3822 nostrum
2776 3776 3037 3835 tentatur,
3067 3777 3127 3823 ut
3159 3767 3276 3836 ipse
3302 3764 3547 3820 Jacobus

1957 3859 2140 3914 dicit:
2201 3878 2220 3910 ι
2257 3857 2660 3929 Unusquisque
2709 3869 2956 3915 tentatur
3002 3876 3032 3915 a
3082 3858 3540 3929 concupiscentia

1957 3968 2056 4008 sua
2099 3953 2412 4008 abstractus
2453 3962 2508 4008 et
2539 3954 2789 4019 illectus;
2829 3970 3068 4025 namque
3090 3953 3546 4024 concupiscentia

1957 4060 2083 4100 cum
2137 4047 2454 4116 conceperit
2494 4047 2642 4117 parit
2689 4057 3014 4117 peccatum;
3073 4057 3358 4118 peccatum
3414 4061 3548 4122 vero

1958 4154 2083 4195 cum
2137 4149 2584 4195 consummatum
2641 4140 2834 4206 fuerit,
2867 4149 3093 4211 generat
3153 4148 3387 4195 mortem
3408 4138 3476 4191 ’⁷.
3522 4157 3544 4190 ›

1959 4231 2186 4301 Qualem
2217 4239 2446 4287 mortem
2474 4232 2498 4285 ‘I
2541 4239 2828 4296 aeternam,
2861 4231 3006 4300 quod
3037 4241 3120 4286 est
3147 4233 3346 4286 anima:
3389 4244 3548 4297 sepa-

1959 4321 2101 4376 ratio
2128 4337 2158 4377 a
2222 4321 2331 4376 Deo
2366 4335 2462 4390 per
2490 4329 2798 4393 peccatum.
2835 4319 2928 4376 Illa
2953 4336 3117 4391 quam
3150 4331 3338 4377 secuta
3367 4331 3451 4376 est
3479 4319 3550 4374 ab

1961 4415 2172 4471 Adamo
2204 4430 2379 4485 usque
2413 4417 2479 4470 ad
2519 4414 2677 4470 linem
2711 4432 2861 4472 mors
2891 4417 3164 4486 corporis,
3199 4426 3254 4472 et
3285 4425 3544 4487 sequetur

1964 4509 2016 4562 in
2050 4509 2238 4562 futuro
2272 4509 2474 4564 saeculo
2505 4525 2601 4564 eos
2625 4509 2720 4578 qui
2751 4509 2839 4563 hic
2869 4508 3250 4579 pwnitentiam
3279 4524 3389 4564 non
3423 4525 3546 4580 ege-

1955 4611 2091 4674 runt
2122 4603 2281 4670 quasi
2314 4615 2474 4672 pceua
2502 4601 2870 4656 intolerabilis
2897 4611 2953 4656 et
2977 4600 3193 4657 infinita
3225 4602 3472 4671 corporis
3495 4611 3550 4657 et

1963 4695 2159 4750 animae
2179 4694 2328 4763 juste
2344 4695 2729 4749 damnatorum
2749 4693 2818 4748 ab
2840 4708 2909 4749 eo
2928 4695 3021 4764 qui
3040 4702 3217 4763 potest
3235 4702 3290 4750 et
3307 4696 3547 4750 animam

1963 4799 2016 4842 et
2051 4803 2252 4856 corpus
2283 4789 2513 4856 perdere
2537 4787 2590 4841 in
2620 4788 2888 4857 gehenna.

303 4882 381 4934 καὶ
404 4879 758 4950 ἀτελεύτητος
784 4881 887 4948 τῆς
914 4877 1100 4948 ψυχῆς
1133 4877 1353 4932 καὶτοῦ
1395 4877 1651 4948 σώματος
1696 4878 1944 4947 κόλασις,
1974 4882 2435 4936 καταδικασθεῖσι
2468 4881 2696 4945 δικαίως
2750 4881 2859 4935 ὑπὸ
2929 4879 3027 4936 τοῦ
3088 4883 3390 4953 δυναμένου
3455 4883 3549 4938 καὶ

297 4977 460 5049 ψυχὴν
485 4976 762 5044 καὶσῶμα
790 4975 1058 5030 ἀπολέσαι
1090 4977 1149 5030 ἐν
1184 4975 1404 5047 γεέννῃ.

362 5088 556 5144 Τοῦτον
618 5088 901 5160 φύγωμεν,
963 5086 1205 5155 ἀδελφοὶ,
1265 5087 1362 5140 τὸν
1411 5087 1723 5158 πειρασμὸν
1760 5091 1862 5161 ὅση

299 5182 509 5253 δύναμις
539 5197 552 5212 °
585 5181 818 5250 καὶγὰρ
857 5180 917 5233 τὸ
950 5183 1146 5250 φυγεῖν
1176 5179 1368 5232 τοῦτον
1401 5181 1460 5233 ἐν
1510 5183 1579 5251 τῇ
1643 5180 1865 5252 ἐξουσίᾳ

302 5279 462 5328 κεῖται
488 5275 554 5344 τῇ
591 5274 864 5343 ἡμετέρα.
915 5272 1040 5325 Ἐπὶ
1096 5272 1274 5342 τούτῳ
1336 5271 1863 5342 λυπηθῶμεν,’ὄταν

304 5369 485 5440 ἴδωμεν
516 5369 744 5428 ἑαυτοὺς
774 5366 924 5437 αὐτῴ
958 5365 1382 5437 περιπεσόντας.
1443 5366 1571 5420 Ἐὰν
1602 5368 1697 5419 ἐπὶ
1734 5368 1863 5420 τοῦ·

303 5479 368 5530 τῳ
397 5459 728 5530 λυπηθώμεν
755 5460 878 5512 ὅσον
907 5459 1008 5522 δεῖ,
1055 5459 1350 5528 μετάνοιαν
1394 5460 1611 5523 ἑαυτοῖς
1656 5462 1866 5530 ἀμετα-

308 5553 517 5624 μέλητον
543 5551 1005 5619 κατεργασάμεθα
1033 5550 1169 5615 πρὸς
1197 5549 1495 5621 σωτηρίαν.
1524 5549 1730 5605 Τοῦτον
1761 5554 1857 5606 καὶ

365 5810 532 5870 "Jac.
576 5825 615 5875 ι,
647 5809 703 5862 2.
801 5808 844 5844 ⁸³
880 5805 1009 5862 ibid.
1047 5803 1132 5860 12.
1231 5803 1278 5836 δ”
1309 5803 1442 5858 ibid.
1481 5803 1564 5860 15.

1672 5805 1718 5840 ⁸⁸
1757 5803 1924 5862 llebr.
1956 5820 2017 5869 ιι,
2049 5804 2134 5860 18.

2033 5087 2186 5142 Hanc
2223 5086 2518 5158 fugiamus,
2567 5086 2790 5154 fratres,
2845 5089 3232 5154 tentationem,
3281 5098 3546 5157 quantum

1962 5179 2282 5252 possumus;
2311 5181 2450 5234 hanc
2474 5181 2620 5236 enim
2646 5181 2818 5236 vitare
2842 5181 2895 5234 in
2929 5191 3112 5236 nostra
3143 5190 3224 5236 est
3255 5192 3545 5251 potestate.

1962 5271 2274 5342 Lugeamus
2308 5287 2434 5326 cum
2489 5287 2588 5326 nos
2643 5273 2698 5326 in
2752 5273 2894 5327 hanc
2937 5273 3195 5329 incidisse
3226 5273 3546 5338 viderimus,

1963 5365 2118 5432 Quod
2146 5365 2191 5419 si
2219 5364 2287 5419 dc
2327 5367 2429 5420 hoc
2459 5374 2725 5436 quantum
2755 5367 2891 5420 satis
2930 5377 3014 5422 est
3040 5368 3347 5431 doleamus,
3378 5367 3547 5436 poeni-

1964 5459 2190 5514 tentiam
2221 5467 2425 5514 certam
2458 5460 2522 5512 ad
2540 5459 2772 5512 salutem
2803 5457 3119 5516 fecerimus.
3159 5459 3309 5514 llanc
3332 5477 3360 5512 a
3388 5460 3546 5514 vobis

1965 5560 2094 5621 opto
2113 5553 2324 5606 discere
2352 5553 2730 5616 tentationem,
2756 5569 2865 5607 non
2891 5568 3013 5622 qua:
3040 5564 3200 5607 nocet
3231 5562 3287 5608 et
3311 5553 3547 5623 castigat

2248 5805 2294 5839 “
2328 5803 2523 5867 Matth.
2585 5819 2658 5864 tv,
2697 5804 2744 5858 i.
2822 5805 2867 5838 "
2897 5803 3016 5859 Jac.
3047 5817 3084 5860 I.
3131 5802 3221 5860 Η.
