4014 6428
309 343 420 406 413

1580 341 1917 401 ΠΟΜΙΙΛᾹ
1959 341 2239 400 XXXIII.

3477 335 3582 398 4'4

304 472 421 508 των
444 452 540 508 καὶ
580 453 869 508 ἀπολαύει.
901 453 1020 509 Κᾶν
1055 454 1154 524 μὲν
1183 454 1430 524 ὁμιλίαις
1487 457 1693 526 χρῆται
1753 474 1887 525 χρη·

1994 464 2050 508 ιιι
2069 464 2280 508 attente
2303 453 2616 508 consideret
2641 451 2984 522 spiritualem
3010 451 3316 508 doctrinam
3333 460 3389 506 et
3409 451 3582 506 adim-

305 549 488 612 σταῖς,
526 548 622 600 καὶ
651 546 1000 610 διδασκαλίας
1027 547 1202 618 ἀκούῃ
1235 565 1298 601 τε
1325 547 1421 601 καὶ
1444 547 1696 618 ὑπακούῃ
1728 565 1894 603 πνευ-

309 641 572 710 ματικῆς,
604 642 697 694 καὶ
721 641 800 704 είς
831 641 993 709 ἔργον
1027 639 1136 709 ἄγη
1163 642 1233 694 τά
1263 643 1387 694 κατ’
1418 641 1614 712 αὐτὴν,
1649 643 1893 711 γεωργεῖ

307 731 413 795 τὰς
441 732 665 802 ἀρετὰς,
699 731 797 785 καὶ
823 731 902 801 τῷ
929 731 1049 802 Θεῷ
1078 732 1384 803 εὔχρηστος
1425 733 1659 801 γίνεται,
1689 735 1804 795 τοῖς
1831 749 1892 786 τε

309 826 495 888 ἀλλοις
531 826 840 894 ἀνθρώποις
887 826 982 878 καὶ
1031 826 1236 895 ἑαυτῷ.
1274 827 1404 880 Ἐὰν
1451 826 1509 878 δὲ
1556 825 1801 895 ὁμιλίαις
1827 825 1892 879 οὐ

311 919 508 980 καλαῖς
537 918 728 988 χαίρῃ,
763 917 857 970 καὶ
884 916 1238 978 διδασκαλίας
1279 916 1381 969 ούκ
1420 915 1596 987 ἀκούῃ
1643 931 1894 983 πνευμαο

309 1012 490 1081 τικῆς,
524 1009 661 1064 ἀλλά
689 1010 784 1063 καὶ
816 1009 916 1079 τὴν
944 1010 1310 1063 ἀκουσθεῖσαν
1339 1007 1491 1080 παρά
1553 1006 1665 1076 φαῦ
1685 1008 1775 1059 λον
1806 1005 1894 1058 τί·

311 1102 489 1167 θεται,
525 1103 804 1174 ἀγριαίνει
833 1103 928 1156 καὶ
959 1103 1242 1172 ὑλομανεῖ,
1306 1105 1404 1158 καὶ
1437 1102 1628 1172 τρέφει
1670 1103 1740 1155 τὰ
1784 1101 1892 1155 πάο

315 1195 382 1264 θη
411 1195 479 1248 τὰ
507 1197 742 1267 πονηρά,
783 1197 876 1248 καί
908 1195 1232 1248 ἀναδίδωσιν
1257 1194 1476 1248 οἴκοθεν
1515 1196 1612 1256 τὰς
1642 1193 1892 1259 ἀκάνθας

313 1290 409 1340 καὶ
434 1287 501 1341 τὰ
524 1289 728 1358 κέντρα
757 1289 852 1341 τοῦ
879 1288 1140 1351 Θανάτου,
1176 1291 1280 1356 τῆς
1313 1304 1373 1340 τε
1423 1286 1603 1357 ψυχῆς
1651 1288 1750 1339 καὶ
1794 1285 1889 1340 τοῦ

314 1381 586 1450 σώματος,
623 1380 769 1450 ἅπερ
795 1381 934 1432 εἰσιν
956 1381 1014 1432 αἱ
1060 1380 1352 1450 ἁμαρτίαι.
1388 1380 1502 1432 Καὶ
1521 1381 1548 1432 δ
1575 1379 1890 1449 ἀρχέκακος

311 1468 425 1538 γὰρ
453 1468 576 1536 δςρις
605 1468 706 1536 τὴν
737 1470 938 1538 ἀρχὴν,
976 1469 1053 1529 ὡς
1079 1470 1286 1532 πάντες
1320 1469 1645 1538 γινώσκετε,
1675 1468 1766 1523 διὰ
1789 1470 1890 1536 τῆς

311 1559 584 1629 ἁμαρτίας
614 1559 950 1630 ἐκκεντῆσας
981 1561 1074 1614 τὸν
1116 1561 1426 1632 ἄνθρωπον,
1472 1562 1665 1630 θνητὸν
1723 1561 1889 1615 αὑτὸν

313 1651 714 1720 ἀπειργάσατο,
745 1652 954 1706 καὶτοῦ
984 1654 1189 1725 χωρίου
1219 1656 1317 1723 τῆς
1360 1656 1575 1726 τρυφῆς
1615 1653 1886 1718 ἐκϐαλὼν,

312 1746 394 1806 εἰς
447 1744 538 1796 τὸν
579 1743 822 1815 φθαρτὸν
866 1746 961 1798 καὶ
992 1731 1334 1799 πολυώδυνον
1381 1747 1573 1800 τοῦτον
1618 1746 1889 1816 μετεστή·

1999 547 2143 617 pleat
2168 561 2290 615 qua:
2318 547 2580 611 continet,
2602 547 2832 602 virtutes
2859 546 2991 602 colit
3015 557 3070 602 et
3099 547 3232 609 Deo,
3259 545 3580 601 hominibus

1997 649 2050 693 et
2096 637 2424 706 sibimetipsi
2475 638 2654 694 bonus
2676 639 2927 695 edicitur.
2965 638 3023 693 Si
3072 649 3266 694 autem
3302 638 3580 708 colloquia

1995 733 2116 802 ejus
2147 747 2253 787 non
2287 732 2400 787 sint
2430 733 2610 796 bona;
2642 733 2689 787 si
2735 732 3079 802 spiritualem
3114 731 3423 786 doctrinam
3469 747 3579 786 non

1997 825 2206 889 audiat,
2241 832 2296 877 et
2318 823 2536 894 quidem
2571 825 2720 878 illam
2752 841 2917 893 quam
2949 823 3158 880 audivit
3193 825 3336 879 inter
3368 825 3582 880 vanita-

1995 924 2080 970 tes
2111 924 2348 985 reputet,
2373 917 2606 988 agrestis
2640 917 2871 972 elIicitur
2893 927 2949 972 et
2979 919 3249 972 dumosns
3285 919 3574 985 nutritque

1995 1006 2282 1075 passiones
2321 1007 2495 1062 malas
2526 1023 2649 1077 qua:
2689 1008 2740 1062 ei
2775 1007 3006 1062 interius
3053 1006 3339 1076 proferunt
3389 1006 3626 1078 spinas!

1995 1105 2050 1150 et
2107 1097 2362 1154 stimulos
2411 1099 2608 1154 mortis
2641 1099 2841 1154 animae
2889 1107 2944 1154 et
2991 1100 3261 1168 corporis,
3293 1115 3413 1167 quae
3452 1099 3613 1154 sunt“

1995 1198 2242 1258 peccata.
2281 1189 2418 1246 Cum
2451 1205 2684 1261 serpens
2722 1191 2978 1260 princeps
3009 1191 3172 1254 mali,
3199 1191 3579 1253 vulnerasset,

1996 1292 2056 1337 ut
2102 1298 2296 1338 omnes
2343 1286 2540 1350 nostis,
2594 1285 2872 1340 hominem
2927 1300 3025 1353 per
3079 1293 3363 1353 peccatum
3394 1323 3408 1344 ,
3451 1299 3576 1336 eum

1994 1375 2280 1430 mortalem
2311 1376 2462 1438 fecit.
2512 1385 2567 1431 et
2610 1376 2842 1446 ejiciens
2881 1393 3010 1432 cunt
3050 1393 3081 1430 a
3119 1376 3244 1430 loco
3282 1374 3578 1442 voluptatis

1993 1469 2048 1522 in
2081 1469 2225 1522 hunc
2251 1470 2748 1538 corruptibilemet
2783 1472 2959 1539 pinnis
3008 1470 3270 1524 refertum
3315 1467 3577 1521 tnundum

1993 1562 2195 1627 posuit,
2229 1570 2283 1614 et
2321 1576 2466 1614 nunc
2503 1561 2604 1614 nisi
2638 1577 2732 1628 per
2767 1561 3145 1630 pmnitentiam
3193 1561 3427 1629 quisque
3461 1559 3579 1611 vui-

1993 1666 2187 1704 uerum
2218 1666 2442 1706 suorum
2473 1653 2817 1706 sanationem
2849 1653 3121 1721 acquirat,
3156 1667 3332 1720 poena:
3351 1661 3577 1704 aeternae

1992 1753 2048 1798 et
2078 1745 2340 1813 gehennae
2365 1743 2473 1814 igni
2511 1745 2882 1812 deputabitur.
2915 1744 3069 1800 Sicut
3102 1745 3154 1797 in
3189 1744 3343 1798 silvis
3371 1743 3579 1808 asperis

315 1853 447 1922 σατο
477 1837 679 1907 κόσμον
711 1853 727 1868 ο
759 1837 856 1890 νῦν
877 1837 956 1902 δὲ,
990 1839 1056 1892 ἂν
1082 1840 1156 1908 μὴ
1193 1839 1280 1891 διὰ
1307 1839 1596 1907 μετανοίας
1625 1855 1710 1900 τις
1767 1840 1888 1890 ἑπι-

1994 1846 2048 1890 et
2082 1831 2135 1888 in
2170 1835 2321 1890 rubis
2353 1835 2524 1889 latent
2575 1835 2703 1890 ferae
2743 1845 2796 1889 et
2841 1836 3054 1904 ruptilia
3093 1846 3272 1898 terrae,
3321 1835 3391 1888 ita
3423 1833 3579 1902 prin-

314 1933 522 2000 σπεύσῃ
549 1929 658 1983 τῶν
689 1930 819 1998 παρ’
865 1930 1033 1983 αὑτοῦ
1084 1931 1421 1999 τραυμάτων
1463 1931 1561 1998 τὴν
1622 1931 1791 1993 ῐασιν,
1817 1931 1884 1999 τῇ

311 2023 516 2090 αἰωνίῳ
529 2022 748 2076 κολάσει
762 2022 858 2076 καὶ
870 2020 947 2092 τῷ
965 2022 1098 2094 πυρὶ
1111 2023 1206 2093 τῆς
1221 2022 1450 2092 γεέννης
1476 2039 1625 2091 παρα
1633 2037 1695 2074 πε
1705 2021 1856 2092 μφθή
1877 2051 1888 2062 -

315 2131 488 2169 σεται.
531 2115 745 2186 Ὠσπερ
787 2116 843 2169 δὲ
887 2118 1006 2176 ταῖς
1046 2118 1269 2186 ἀγρίαις
1301 2116 1456 2178 ὕλαις
1506 2119 1603 2169 καὶ
1633 2115 1882 2184 τῷδάσει

311 2205 420 2258 τῶν
450 2206 722 2272 ἀκανθῶν,
752 2210 821 2260 τὰ
853 2208 1018 2277 θηρία
1042 2211 1136 2263 καὶ
1155 2193 1222 2260 ’ἷά
1247 2209 1456 2278 ἑρπετά
1488 2209 1584 2276 τῆς
1633 2209 1738 2288 γῆς
1787 2209 1885 2275 ἐμ-

315 2295 677 2362 φωλεύουσιν,
707 2295 878 2359 οὕτως
915 2298 1277 2367 δάρχέκακος
1331 2294 1487 2358 οὗτος
1536 2298 1776 2365 δράκων,
1828 2300 1888 2348 τὸ

317 2388 460 2454 μέγα
511 2389 607 2440 καὶ
663 2388 948 2457 πάνδημον
999 2389 1190 2458 θηρίον
1238 2389 1382 2442 κατὰ
1444 2388 1534 2440 τὸν
1573 2388 1716 2450 Ἰὼϐ,
1783 2389 1888 2439 ὑπὸ

315 2481 636 2534 παντοδαπὰ
658 2482 856 2552 δένδρα
891 2485 989 2549 τῆς
1015 2482 1350 2552 ἡδυπαθείας
1386 2482 1722 2535 ἐνδιαιτᾶται
1747 2499 1758 2511 τ
1791 2481 1890 2550 έμ-

314 2573 555 2640 πςοσθεν
583 2574 660 2636 δὲ,
693 2581 880 2643 φησίν,
917 2575 1082 2627 αὑτοῦ
1114 2576 1298 2644 τρέχει
1345 2575 1614 2628 ἀπώλεια.
1669 2575 1885 2641 Ταύτης

313 2665 411 2732 τῆς
443 2665 716 2728 ἀπωλείας
745 2667 1051 2736 ἁνωτέρους
1081 2669 1224 2734 ὑμᾶς
1261 2663 1404 2721 εἶναι
1437 2667 1650 2728 πάντας
1699 2669 1882 2720 ποθῶν

314 2755 446 2822 ἐγὼ,
476 2760 565 2809 καὶ
599 2758 775 2811 πάντα
808 2759 1000 2823 ποιῶν,
1032 2760 1210 2813 κοπιῶ
1240 2761 1381 2831 ὑπὲρ
1431 2761 1604 2830 ὑμῶν,
1640 2762 1879 2827 ἀδελφοὶ,

314 2849 406 2899 καὶ
424 2849 478 2900 ὲν
504 2849 648 2919 λόγῳ
679 2851 776 2903 καὶ
801 2851 1126 2922 διδασκαλίᾳ
1167 2857 1523 2922 πνευματικῇ
1571 2852 1692 2906 καθ’
1743 2854 1884 2922 ἡμέ-

1993 1944 2121 1998 ceps
2153 1928 2280 1982 mali
2307 1929 2475 1981 draco
2500 1927 2603 1982 iste
2631 1943 2826 1997 magna
2853 1936 2905 1981 et
2933 1928 3189 1981 immanis
3219 1926 3389 1980 lie-tia
3420 1927 3577 1993 juxta

1989 2020 2096 2076 Job
2128 2021 2197 2084 ",
2231 2019 2337 2074 sub
2364 2020 2622 2073 omnibus
2657 2021 2956 2087 voluptatis
3000 2019 3291 2074 arboribus
3331 2019 3574 2084 habitat,

1993 2123 2114 2182 post
2149 2114 2326 2184 ipsum
2357 2122 2560 2174 autem,
2591 2114 2688 2174 ait,
2716 2113 2885 2166 currit
2914 2112 3169 2181 perditio.
3191 2111 3362 2179 Cujus
3395 2113 3578 2180 perdi-

1996 2209 2162 2262 tionis
2205 2223 2304 2262 vos
2353 2222 2546 2262 omnes
2583 2221 2706 2260 esse
2753 2214 3004 2273 expertes
3040 2206 3288 2274 cupiens,
3340 2216 3396 2258 et
3441 2206 3574 2258 nihil

1997 2300 2281 2364 ontittens,
2318 2298 2460 2352 instn
2489 2312 2586 2367 pro
2616 2298 2772 2351 vobis
2802 2338 2816 2360 ,
2854 2296 3054 2350 fratres
3080 2337 3092 2359 ,
3127 2297 3180 2348 in
3219 2297 3383 2349 verbo
3420 2305 3474 2349 et
3523 2297 3575 2348 in

1998 2393 2245 2446 doctrina
2280 2392 2580 2458 spirilttali,
2613 2392 2864 2460 quotidie
2895 2391 3120 2459 quidem
3169 2389 3237 2442 iis
3283 2403 3405 2456 qua:
3437 2403 3576 2457 prae-

1998 2496 2180 2540 sentes
2207 2495 2356 2549 sunt,
2389 2494 2444 2540 et
2476 2485 2528 2538 iu
2562 2485 2792 2539 ecclesia
2826 2485 3082 2537 omnibus
3123 2493 3282 2550 prout
3327 2480 3578 2534 concedit

1995 2588 2244 2648 tempus;
2293 2578 2408 2646 ipsa
2444 2577 2591 2630 enim
2628 2579 2780 2630 lucos
2816 2578 2993 2630 malos
3026 2582 3282 2639 resecat,
3329 2585 3579 2642 peccam-

1993 2685 2113 2723 rutn
2156 2669 2297 2721 altas
2329 2667 2567 2721 extrahit
2601 2649 2834 2728 radices,
2864 2665 3118 2720 stimulos
3160 2665 3381 2718 malitiae
3414 2663 3579 2717 hebe-

1995 2771 2093 2824 tat,
2123 2760 2188 2814 de
2217 2765 2460 2816 dracone
2492 2761 2618 2814 ntali
2667 2761 2916 2829 principe
2952 2759 3282 2826 triumphat,
3312 2759 3456 2811 viam
3494 2773 3579 2811 re-

1991 2861 2136 2906 ctam
2170 2853 2368 2922 aperit,
2394 2839 2446 2905 et
2478 2853 2848 2922 cognitionem
2878 2851 3068 2905 tribuit
3101 2856 3419 2904 salutarem.

315 2957 415 3008 ραν
445 2942 541 3010 μὲν
569 2945 680 3004 τοῖς
705 2944 1047 3012 προσιοῦσιν,
1078 2945 1168 2998 ἐπ’
1205 2946 1510 3015 ἐκκλησίας
1543 2946 1603 2998 δὲ
1665 2947 1761 2998 καὶ
1828 2948 1983 3016 κοινῇ
2033 2947 2166 3015 πρὸς
2239 2947 2472 3009 πάντας,
2540 2945 2637 2997 τοῦ
2688 2943 2886 3014 καιροῦ
2946 2943 3217 3005 διδόντος·
3277 2939 3418 3009 αῦτη
3467 2939 3578 3008 γὰρ

315 3034 566 3101 ὑλοτομεῐ
592 3034 659 3086 τὰ
697 3035 834 3105 ἄλση
863 3035 930 3089 τά
957 3037 1194 3106 πονηρὰ,
1232 3039 1328 3092 καὶ
1374 3037 1740 3107 ἀναμοχλεύει
1776 3037 1885 3091 τῶν
1926 3039 2343 3107 ἁμαρτημάτων
2374 3038 2442 3091 τὰ
2509 3037 2670 3107 βάθη,
2754 3038 2849 3090 κα)⁸
2903 3033 3172 3105 ἀμϐλύνει
3217 3033 3321 3103 τῆς
3376 3035 3579 3098 κακίας

311 3129 381 3176 τὰ
406 3127 621 3198 κέντρα,
658 3130 748 3180 καὶ
779 3128 1104 3200 θριαμϐεύει
1125 3132 1218 3184 τὸν
1247 3133 1559 3203 ἀρχέκακον
1581 3133 1876 3203 δράκοντα,
1916 3135 2010 3185 καὶ
2045 3135 2275 3203 φανεροῖ
2306 3133 2402 3204 τὴν
2433 3134 2654 3202 ἀπλανῆ
2730 3131 2944 3203 τρίϐον,
3008 3131 3105 3184 κα)⁵
3141 3129 3378 3200 παρέχει
3435 3129 3579 3197 γνῶ.

317 3239 402 3275 σιν
443 3224 732 3293 σωτήριον.
2026 3227 2033 3235 ’

394 3317 550 3369 ,Επεὶ
572 3317 628 3370 δὲ
654 3319 687 3388 ἡ
713 3311 806 3371 τοῦ
835 3319 1071 3387 Χριστοῦ
1113 3317 1431 3391 Ἐκκλησία,
1459 3321 1554 3372 καὶ
1587 3315 1824 3390 μάλιστα
1852 3321 1885 3391 ἡ

2059 3321 2197 3374 Cum
2256 3319 2424 3390 igitur
2463 3317 2670 3373 Christi
2721 3315 2966 3370 Ecclesia
3013 3330 3074 3368 ea
3113 3315 3409 3383 praesertim
3456 3329 3578 3382 qtae

316 3409 454 3461 κατά
480 3408 579 3478 τὴν
611 3409 976 3478 μεγαλόπολιν
1017 3411 1243 3482 ταύτην,
1306 3413 1408 3464 οὐκ
1457 3411 1674 3475 ίδιώτας
1723 3413 1886 3482 μόνον

316 3497 446 3564 ἔχει,
478 3496 612 3550 ἀλλά
632 3498 727 3550 καὶ
757 3500 978 3567 σοφοὺς,
1005 3502 1072 3569 τῇ
1101 3517 1162 3553 τε
1211 3501 1374 3569 φύσει
1418 3502 1513 3554 καὶ
1560 3506 1628 3573 τῇ
1684 3503 1886 3576 μελέτῃ

313 3590 423 3641 τῶν
473 3590 578 3653 ἔξω
621 3608 677 3642 τε
721 3595 816 3645 καὶ
859 3591 970 3644 τῶν
1024 3593 1148 3645 καθ’
1201 3595 1351 3663 ἡμᾶς
1389 3594 1886 3665 μαθημάτωνοδιά

314 3682 473 3736 τοῦτο
494 3683 592 3736 οὐκ
620 3684 712 3736 ἐπὶ
765 3685 924 3748 πολὺ,
961 3677 1084 3738 οὐδὲ
1131 3686 1254 3738 λίαν
1298 3683 1578 3757 ἰδιωτικὴν
1619 3687 1888 3756 ποιοῦμαι

312 3775 412 3845 τὴν
446 3777 680 3844 ὁμιλίαν,
709 3777 910 3845 μᾶλλον
935 3777 1260 3848 βουλόμενος
1308 3779 1535 3847 ἀνάγειν
1585 3780 1711 3843 τοὺς
1754 3779 1890 3850 χθα-

318 3867 687 3936 μαλωτέρους,
718 3867 1038 3938 ἢκατάγειν
1071 3869 1160 3923 διὰ
1199 3870 1422 3934 τούτους
1444 3873 1538 3925 καὶ
1575 3874 1702 3934 τοὺς
1752 3873 1890 3943 ὑψη-

314 3958 588 4027 λοτέρους.
631 3959 692 4010 ὐ
718 3959 775 4012 δὲ
813 3960 1100 4030 προσέχων
1130 3964 1222 4014 καὶ
1241 3963 1457 4016 ἀκούων
1504 3964 1603 4033 τῆς
1631 3964 1890 4018 διδιισκα⁴

314 4047 436 4113 λίας
467 4050 759 4118 ἐπιμελῶς,
792 4052 895 4104 κᾶν
935 4052 1153 4122 ίδιώτης
1189 4050 1248 4128 ᾖ,
1291 4055 1353 4107 οὐ
1400 4056 1578 4125 πάντη
1627 4057 1889 4124 ἀγνοήσει

313 4139 382 4193 τὰ
404 4141 691 4210 λεγόμενα,
728 4142 886 4213 185
910 4146 1004 4196 καὶ
1039 4145 1177 4212 ὅπερ
1197 4145 1262 4198 ἂν
1289 4146 1492 4217 δυνηθῇ
1555 4148 1889 4202 καταλαϐεῖν

316 4233 410 4285 καὶ
449 4238 740 4304 κατασχεῖν
770 4238 864 4288 καὶ
891 4239 969 4298 είς
998 4237 1158 4307 ἔργον
1185 4239 1436 4308 ἀγαγεῖν,
1469 4241 1572 4294 κᾶν
1598 4241 1721 4294 λίαν
1775 4242 1890 4295 ὀλίο

315 4341 410 4392 γον
443 4320 498 4398 ᾗ,
531 4327 861 4394 φυγαδεύσει
892 4329 990 4398 μὲν
1021 4332 1084 4382 ὲκ
1134 4331 1230 4399 τῆς
1270 4331 1438 4385 αὑτοῦ
1483 4331 1664 4402 ψυχῆς
1705 4335 1890 4388 πᾶσαν

315 4419 536 4484 κακίαν,
561 4413 931 4491 αῧξηθήσεται
985 4422 1042 4475 δὲ
1087 4426 1180 4476 καὶ
1231 4417 1516 4496 πληρώσει
1569 4425 1666 4479 καὶ⁵
1724 4428 1889 4480 σώσει

312 4510 414 4581 τὴν
442 4509 743 4581 δεξαμένην
773 4512 908 4565 αὐτὸ
941 4513 1188 4584 καρδίαν.
1239 4515 1330 4578 Ὠς
1381 4517 1490 4586 γὰρ
1537 4519 1599 4571 έκ
1626 4519 1728 4586 τῆς
1769 4518 1890 4572 οεο-

316 4602 582 4655 πνεύστου
617 4603 837 4674 Γραφῆς
886 4604 1174 4674 ὑπάρχων,
1232 4605 1577 4676 ἐξομοιοῦται
1628 4609 1707 4678 τῷ
1755 4610 1888 4680 λίθῳ

1992 3420 2133 3472 hanc
2164 3427 2414 3482 magnam
2448 3411 2638 3464 urbem
2672 3409 3107 3476 comprehendit,
3131 3423 3241 3462 non
3267 3407 3429 3461 rudes
3453 3420 3576 3459 tan—

1990 3522 2132 3578 tnm,
2163 3510 2258 3566 sed
2293 3518 2348 3564 et
2383 3507 2660 3577 sapientes
2689 3505 2890 3560 habeat
2925 3513 3034 3559 tam
3067 3519 3133 3557 ex
3180 3511 3375 3557 natura
3407 3519 3573 3572 quam

1989 3620 2053 3658 ex
2090 3601 2443 3657 meditatione
2479 3600 2774 3662 doctrinae,
2810 3598 2924 3651 sive
2955 3613 2985 3649 a
3015 3595 3173 3650 nobis
3206 3596 3322 3651 sive
3355 3595 3577 3648 aliunde

1990 3711 2110 3750 eam
2160 3693 2492 3763 acceperint,
2541 3691 2662 3744 ideo
2708 3705 2814 3743 non
2853 3687 3010 3743 valde
3041 3703 3140 3741 nec
3187 3687 3350 3740 nimis
3382 3689 3574 3741 rudem

1991 3788 2226 3844 facimus
2255 3785 2588 3844 orationem,
2621 3799 2744 3836 eum
2781 3781 2956 3851 magis
2983 3780 3213 3834 velimus
3235 3790 3442 3834 mentes
3469 3780 3564 3832 erit.

1993 3853 2119 3950 gere
2151 3877 2494 3939 humiliores,
2525 3891 2687 3944 quam
2725 3883 2943 3943 propter
2973 3887 3064 3927 eas
3089 3872 3436 3927 su-blitniores
3473 3872 3572 3926 dc-

1990 3972 2253 4042 printere.
2287 3969 2394 4035 Qui
2425 3977 2607 4022 autem
2644 3966 2874 4020 attendit
2903 3975 2957 4019 et
2999 3965 3246 4018 studiose
3285 3963 3435 4016 audit
3473 3964 3578 4016 do-

1991 4064 2249 4123 ctrinam,
2275 4061 2376 4115 etsi
2407 4059 2558 4114 rudis
2585 4059 2676 4124 sit,
2709 4056 2817 4112 non
2851 4057 3076 4111 omnino
3100 4055 3244 4110 dicta
3277 4070 3382 4110 non
3416 4054 3576 4109 intel-

1993 4154 2144 4223 liget,
2191 4161 2246 4208 et
2282 4150 2425 4221 quod
2459 4151 2700 4220 potuerit
2729 4149 3192 4218 comprehendere
3237 4157 3290 4202 et
3337 4149 3575 4202 retinere

1993 4257 2161 4317 atque
2192 4245 2260 4299 ad
2291 4259 2429 4312 Opus
2446 4243 2738 4306 adducere,
2770 4242 2986 4296 etiamsi
3017 4239 3312 4296 admodum
3335 4241 3406 4294 sit
3432 4241 3572 4305 leve,

1994 4338 2205 4409 iugabit
2245 4351 2466 4391 onmem
2518 4334 2784 4389 malitiam
2840 4334 2908 4387 ab
2944 4333 3066 4402 ejus
3099 4334 3306 4396 anima,
3354 4332 3578 4401 augebit

1991 4432 2156 4486 etiam
2183 4441 2347 4499 atque
2372 4429 2616 4498 implebit
2640 4435 2691 4481 et
2719 4427 2952 4482 salvabit
2983 4440 3078 4480 cor
3103 4441 3132 4479 a
3157 4441 3266 4494 quo
3295 4437 3577 4495 receptum

1995 4522 2178 4577 fuerit.
2210 4520 2342 4575 Nam
2378 4531 2436 4574 ut
2470 4519 2751 4588 Scriptura
2786 4530 2910 4573 utar
2958 4518 3065 4574 Deo
3110 4519 3414 4588 inspirante
3445 4535 3578 4574 exa-

1994 4619 2508 4681 rata,comparatttr
2541 4610 2617 4664 illi
2649 4609 2837 4677 lapidi,
2867 4623 3034 4678 quem
3068 4607 3207 4662 dixit
3236 4606 3445 4672 Daniel,
3481 4607 3578 4677 qui

315 4691 533 4763 ὲκείιῳ,
567 4691 626 4745 ὃν
655 4693 838 4761 ἔλεγεν
859 4695 887 4746 δ
916 4695 1137 4766 Δανιὴλ,
1174 4699 1257 4750 ὅτι
1289 4674 1517 4769 ἐκινήθη
1566 4674 1689 4754 ἀπὸ-
1723 4674 1886 4772 ὅρους

1994 4706 2279 4761 abscissus
2329 4711 2412 4759 est
2462 4718 2489 4756 a
2530 4712 2712 4756 monte
2745 4702 2904 4756 valde
2935 4716 3158 4770 parvus.
3212 4711 3265 4754 et
3314 4715 3581 4769 percussa

315 4784 492 4850 ὀλίγος
526 4786 690 4847 πάνυ,
717 4787 811 4841 καὶ
834 4787 1082 4852 πατάξας
1117 4791 1220 4858 τὴν
1267 4791 1451 4845 εἰκόνα
1501 4793 1612 4845 τῶν
1669 4798 1886 4867 παραρο

315 4875 548 4945 ῥεόντων
593 4878 798 4933 τούτων
843 4877 1106 4934 ὲλέπτυνε
1143 4883 1239 4936 καὶ
1279 4883 1549 4948 διέλυσεν,
1612 4886 1775 4951 αὑτὸς
1829 4887 1888 4941 δὲ

314 4967 637 5032 πλατυνθεὶς
661 4971 947 5041 ἐπλήρωσε
976 4975 1158 5027 πᾶσαν
1197 4975 1296 5044 τὴν
1330 4975 1454 5045 γῆν.
1505 4976 1621 5030 Νῦν
1679 4978 1736 5031 δὲ
1779 4980 1888 5047 μά-

312 5060 466 5125 λιστα
494 5065 779 5133 προσέχειν
817 5064 1120 5130 ἀναγκαῖον
1147 5070 1260 5130 τοῖς
1297 5068 1615 5139 λεγομένοις
1640 5072 1734 5124 τὸν
1762 5071 1887 5126 νοῦν

309 5146 370 5198 οὐ
391 5148 514 5209 τοὺς
543 5149 755 5214 ἰδιώτας
805 5154 986 5221 μόνον,
1041 5154 1176 5207 ἀλλὰ
1218 5158 1313 5209 καὶ
1365 5159 1493 5222 τοὺς
1553 5161 1785 5229 σοφούςο
1836 5166 1886 5217 εί

307 5237 536 5308 γὰρκαὶ
562 5242 884 5312 συνέρχεταί
934 5263 1052 5308 πως
1094 5249 1208 5311 τοῖς
1248 5248 1488 5315 ἰδιώταις
1543 5252 1624 5324 τῷ
1665 5254 1810 5324 λόγῳ
1853 5257 1887 5326 ἡ

307 5328 513 5399 ὁμιλία,
542 5332 676 5386 ἀλλὰ
701 5335 795 5386 καὶ
817 5337 914 5403 τὴν
945 5337 1146 5403 γνῶσιν
1172 5340 1232 5392 οὐ
1266 5341 1606 5412 χαμαίζηλον
1635 5345 1767 5416 ἔχει,
1797 5350 1890 5400 οὐ·

309 5421 366 5474 δὲ
391 5422 490 5490 τὴν
531 5424 800 5493 ὠφέλειαν
842 5429 1095 5498 ἀμυδράν
1125 5448 1139 5463 ο
1182 5435 1252 5486 τὰ
1307 5436 1416 5503 γάρ
1474 5439 1687 5508 πονηρά
1737 5440 1886 5511 πάθη

309 5514 403 5566 καὶ
430 5515 526 5577 τὰς
556 5516 754 5585 ἀρετὰς
779 5519 908 5588 ὑμῖν
941 5521 1233 5590 ὑποδείξω,
1267 5527 1364 5580 καὶ
1394 5527 1567 5598 αὐτὴν
1605 5531 1888 5601 ἑκατέρων

309 5606 411 5675 τὴν
437 5607 595 5676 ῥίζαν
618 5609 986 5681 ἀνακαλύψας,
1016 5616 1074 5668 οὐ
1138 5617 1238 5687 τὴν
1297 5618 1468 5690 αὐτὴν
1509 5619 1699 5691 οὖσαν,
1752 5624 1887 5679 ἀλλὰ

387 5789 430 5822 ⁸⁸
462 5787 563 5843 Job
601 5805 685 5854 χι,
723 5790 739 5843 l
781 5808 930 5861 seqq.
1007 5793 1049 5825 '9
1081 5797 1209 5851 Dan.
1243 5813 1302 5860 Il,
1329 5797 1417 5850 55.

1993 4801 2186 4855 horum
2221 4797 2623 4853 transeuntium
2656 4803 2860 4860 statua,
2889 4809 3008 4850 eam
3042 4795 3366 4849 comminuit
3393 4803 3448 4848 et
3471 4796 3584 4850 sol-

1993 4891 2092 4955 vit,
2145 4890 2262 4957 ipse
2309 4902 2437 4943 vero
2481 4888 2748 4941 adauctus
2801 4887 3051 4956 implevit
3092 4888 3409 4940 universam
3463 4896 3579 4940 ter-

1998 4996 2112 5034 ram
2151 4979 2219 5030 θ’.
2272 4977 2429 5033 Nunc
2481 4984 2660 5031 autem
2715 4976 2770 5030 in
2827 4977 3016 5045 primis
3072 4986 3155 5031 est
3204 4978 3578 5032 necessarium

1996 5077 2230 5124 mentem
2264 5066 2428 5122 dictis
2458 5067 2762 5129 intendere,
2791 5066 2940 5135 quod
2968 5082 3078 5122 non
3104 5067 3335 5122 rudibus
3367 5077 3580 5124 tantum

1994 5149 2140 5227 dico,
2183 5163 2276 5217 sed
2305 5170 2358 5216 et
2389 5161 2767 5232 sapientibus;
2796 5175 2920 5214 nam
2959 5161 3087 5216 licet
3130 5163 3314 5217 verbis
3356 5163 3581 5218 homilia

1995 5255 2338 5323 simplicibus
2368 5255 2676 5318 conveniat,
2701 5268 2922 5308 sensum
2956 5263 3136 5310 tamen
3180 5271 3284 5310 non
3319 5255 3578 5308 humilem

1999 5345 2183 5406 habet,
2217 5359 2395 5415 neque
2422 5345 2593 5398 levem
2640 5346 2954 5401 utilitatem.
2988 5346 3121 5400 Nam
3151 5359 3346 5415 pravas
3375 5346 3583 5412 passio-

1999 5455 2094 5495 nes
2131 5440 2416 5494 θείη-πάθη»
2444 5439 2596 5494 vobis
2645 5451 2810 5508 atque
2854 5440 3108 5502 virtutes,
3139 5446 3195 5493 et
3245 5437 3359 5506 ipsa
3387 5451 3578 5490 earum

1999 5532 2234 5587 revi-lata
2268 5533 2472 5598 radice,
2507 5549 2615 5588 non
2647 5533 2896 5588 eamdem
2937 5533 3076 5587 hanc
3110 5547 3230 5586 esse
3275 5532 3368 5586 sed
3403 5531 3581 5584 diver-

1995 5641 2111 5682 sam
2144 5627 2483 5692 monstrabo,
2514 5635 2575 5681 ut
2607 5625 2769 5680 aliam
2805 5625 3026 5696 quidem
3063 5623 3379 5691 amputetis,
3415 5623 3578 5678 aliam
