4014 6508
413 368 517 430 415

1651 370 2027 431 GREGORII
2072 372 2397 432 PALAMAE

3583 376 3681 439 416

411 503 542 544 vero
585 486 838 542 foveatis.
894 487 1062 543 Porro
1109 503 1262 542 amor
1301 487 1393 541 Dei
1427 487 1578 542 radix
1625 497 1710 543 est
1742 498 1796 541 et
1840 489 1990 557 prin-

2127 493 2370 563 ιάφορον,
2403 490 2472 544 ἵν’
2497 493 2655 561 ύμεϊς
2683 493 2782 560 τὴν
2817 491 2918 560 μὲν
2961 491 3260 561 ἐκκὸψητε,
3305 490 3409 563 τήν
3440 493 3497 544 δὲ
3531 511 3682 564 περι-

413 575 612 645 cipiut‘n
646 579 826 633 omnis
865 580 1100 644 virtutis;
1151 595 1306 633 amor
1336 589 1517 633 autem
1574 581 1758 633 mundi
1803 589 1990 631 anrtor

417 679 501 723 est
549 673 729 724 omnis
760 671 908 724 mali.
959 669 1080 724 Ideo
1119 671 1223 724 sibi
1277 671 1512 725 invicem
1549 672 1601 723 hi
1641 673 1746 724 duo
1778 685 1994 723 amores

420 765 798 824 adversantur,
830 762 972 816 alius
1011 763 1080 817 ab
1122 763 1229 816 alio
1256 763 1584 827 destruitur,
1623 763 1765 816 sicut
1793 764 1994 816 clamat

418 854 634 907 Domini
691 854 859 908 frater
914 855 1156 909 dicens:
1207 871 1226 906 ι
1268 855 1519 908 Amicitia
1581 855 1744 917 huius
1804 853 1991 906 mundi

419 946 639 999 inimica
671 954 752 1000 est
797 945 1285 1016 Dci;quicumque
1333 947 1567 1001 voluerit
1615 947 1825 1000 amicus
1873 961 1994 999 esse

421 1037 810 1104 seculi-hujus,
837 1039 1093 1093 inimicus
1119 1039 1210 1092 Dei
1229 1040 1577 1094 constituitur
1597 1040 1717 1092 ν’.)
1749 1037 1997 1092 EtJoan-

425 1146 517 1182 nes
563 1129 782 1184 Christo
827 1131 1061 1185 dilectus
1099 1149 1114 1185 :
1146 1151 1164 1181 ι
1204 1132 1259 1185 Si
1309 1133 1433 1200 quis
1477 1133 1653 1199 diligit
1689 1132 1990 1193 mundum,

426 1235 532 1272 non
569 1231 648 1274 est
674 1221 914 1274 cbaritas
941 1222 1118 1276 Patris
1153 1223 1206 1274 in
1240 1238 1304 1276 eo
1340 1241 1352 1275 :
1386 1223 1642 1290 quoniam
1664 1237 1824 1274 omne
1848 1222 1994 1288 quod

427 1312 478 1362 in
521 1314 723 1364 nnindn
757 1322 864 1373 est,
903 1315 1342 1379 concupiscentia
1373 1314 1556 1367 carnis
1581 1323 1687 1374 est,
1717 1324 1770 1367 et
1794 1330 1998 1368 concu-

429 1402 687 1466 piscentia
716 1404 995 1454 oculorum
1041 1411 1094 1454 et
1139 1403 1395 1470 superbia
1436 1407 1597 1466 vitae;
1627 1419 1750 1471 quae
1782 1421 1885 1456 non
1918 1411 1999 1457 est

427 1509 489 1543 vx
527 1492 682 1544 l'atre
709 1493 748 1544 ¹.
780 1511 797 1542 ι
831 1493 1120 1556 Curemus,
1167 1494 1386 1556 fratres,
1427 1511 1496 1546 ne
1532 1495 1702 1549 malas
1731 1497 1995 1564 concupi-

428 1585 664 1636 scentias
687 1584 996 1652 diligentes,
1029 1595 1081 1638 et
1111 1585 1422 1652 superbiam
1471 1588 1534 1638 ad
1585 1587 1720 1639 alios
1769 1588 1997 1640 invicem

429 1675 710 1735 habentes.
737 1676 1050 1730 excidamus
1079 1677 1145 1728 ah
1165 1691 1354 1730 amore
1381 1676 1557 1732 Patris
1581 1678 1837 1733 roelcstis.
1866 1677 1996 1731 Nam

431 1767 483 1819 in
520 1768 603 1822 his
621 1767 834 1822 duabus
857 1769 1271 1837 comprehendit
1300 1784 1519 1823 omnem
1557 1771 1866 1837 passionem
1899 1785 1998 1824 nos

428 1872 457 1908 a
512 1857 618 1910 Den
672 1869 1038 1922 separantem.
1089 1861 1192 1914 Sed
1243 1861 1475 1928 duplicis
1527 1861 1690 1929 hujus
1731 1861 1994 1914 contrarii

428 1951 630 2001 amoris
659 1966 752 2003 seu
785 1951 1017 2018 duplicis
1054 1953 1218 2017 hujus
1257 1953 1480 2016 radicis,
1514 1968 1754 2006 amorem
1785 1953 1908 2006 diro
1932 1953 1994 2003 ad

432 2041 622 2102 licum,
653 2048 704 2093 et
733 2056 969 2095 amorem
995 2045 1060 2094 ad
1090 2044 1374 2108 mundum,
1407 2043 1558 2097 radix
1587 2051 1642 2096 et
1672 2043 1994 2111 principium

427 2141 482 2183 et
508 2147 670 2184 causa
695 2132 890 2200 duplex
919 2143 1002 2188 est
1045 2135 1212 2188 etiam
1257 2137 1402 2188 alius
1446 2150 1602 2188 amor
1631 2137 1720 2204 qui
1772 2137 1909 2188 inter
1944 2150 2002 2187 se

429 2224 554 2278 odio
629 2223 939 2292 inexpiabili
997 2236 1256 2295 pugnant.
1345 2226 1476 2282 Nam
1537 2227 1741 2280 ameris
1813 2225 1999 2279 mundi

429 2323 620 2367 auctor
663 2323 746 2367 est
793 2329 948 2368 amor
993 2318 1246 2384 corporis
1292 2315 1486 2380 nostri,
1543 2317 1803 2368 mundum
1852 2317 1998 2367 enim

431 2417 652 2476 propter
711 2421 913 2475 corpus
979 2418 1032 2463 et
1097 2425 1158 2462 ea
1217 2424 1337 2477 qum
1403 2407 1478 2460 illi
1545 2407 1765 2467 favent,
1817 2405 2006 2474 diligi-

432 2515 554 2552 mus
624 2500 840 2555 Amoris
897 2511 1077 2555 autem
1135 2501 1224 2554 Dei
1275 2515 1438 2555 causa
1469 2512 1552 2554 est
1584 2515 1742 2553 amor
1781 2499 2008 2568 spiritus

434 2609 529 2644 sun
585 2593 783 2646 anima:
843 2603 1076 2658 nostrae;
1161 2594 1397 2662 quisque
1452 2593 1596 2645 enim
1662 2595 1826 2646 Deum
1883 2592 2009 2645 dili-

435 2685 511 2752 git
544 2693 764 2753 propter
812 2686 1050 2739 animam
1087 2701 1241 2739 suam
1290 2697 1344 2738 et
1396 2696 1617 2754 propter
1661 2687 1896 2754 quictmn
1947 2699 2011 2740 ac

438 2777 634 2829 bonam
673 2777 1044 2830 haereditatem
1074 2778 1127 2832 in
1163 2777 1349 2832 futuro
1379 2779 1575 2831 smcnlo
1609 2777 2007 2846 accipiendam.

437 2867 591 2930 Quod
617 2877 793 2921 autem
817 2868 918 2921 sibi
955 2868 1181 2922 invicem
1211 2868 1585 2934 adversantur,
1615 2885 1844 2939 magnus
1871 2869 2011 2922 Pau-

439 2959 524 3012 lus
555 2967 782 3014 testatur
811 2960 998 3016 dicens
1027 2973 1043 3014 :
1079 2978 1099 3012 ι
1138 2961 1279 3016 Caro
1344 2963 1610 3016 adversus
1677 2976 1898 3015 carnem
1932 2964 2006 3015 ’.ι

2095 583 2357 653 θάλψητε.
2401 586 2466 636 Ἠ
2499 587 2594 652 μὲν
2624 581 2716 637 οὖν
2742 584 2876 651 πρὸς
2907 585 2999 637 τὸν
3021 584 3153 636 Θεὸν
3176 585 3382 654 ἀγάπη
3431 583 3559 654 ῥίζα
3598 587 3686 638 καὶ

2095 677 2238 745 ἀρχὴ
2268 677 2449 743 πάσης
2484 676 2690 746 ἀρετῆς
2720 679 2869 730 ἐστιν
2905 692 2920 707 ⁶
2971 678 3004 746 ἡ
3057 677 3114 730 δὲ
3155 679 3303 748 πρὸς
3345 678 3442 730 τὸν
3489 679 3687 747 κόσμον

2097 766 2284 834 ἀγάπη
2329 769 2511 838 πάσης
2558 769 2754 830 κακίας
2814 768 3092 838 πρόξενος.
3145 771 3240 822 Διὸ
3291 769 3391 821 καὶ
3434 770 3691 832 ἐναντίως

2096 848 2255 908 αὗται
2287 857 2423 924 πρὸς
2456 857 2690 926 ἀλλήλας
2717 858 2921 928 ἔχουσι,
2963 861 3058 911 καὶ
3087 860 3178 912 ὑπ’
3222 860 3490 929 ἀλλήλων
3549 861 3696 928 φθεί-

2103 963 2308 1015 ρονται,
2359 947 2501 1001 καθά
2523 951 2618 1000 καλ.
2650 952 2676 1002 ὁ
2729 950 3079 1016 Ἀδελφόθεος
3123 951 3223 1021 βοᾷ
3275 950 3464 1017 λέγων
3501 967 3515 981 ⁶
3565 971 3582 1004 ‹
3627 951 3691 1004 Ἤ

2099 1039 2289 1108 ἀγάπη
2353 1039 2449 1092 τοῦ
2499 1040 2707 1108 κόσμου
2736 1041 2906 1110 ἔχθρα
2959 1044 3038 1103 είς
3075 1041 3229 1095 Θεόν.
3300 1043 3501 1103 Ὅστις
3555 1042 3694 1094 Θέλει

2101 1128 2255 1196 φίλος
2283 1123 2424 1181 εἶναι
2454 1129 2548 1182 τοῦ
2600 1131 2832 1198 κύαμον,
2866 1131 3056 1200 ἐχθρὸς
3087 1132 3182 1184 τοῦ
3223 1131 3371 1184 Θεοῦ
3441 1133 3700 1184 καθίστα-

2098 1235 2212 1273 ται.
2259 1238 2277 1270 ι
2338 1221 2447 1272 Καὶ
2491 1221 2520 1272 ὁ
2575 1223 2937 1290 ἠγαπημένος
2989 1224 3067 1292 τῷ
3117 1223 3355 1292 Χριστῷ
3403 1224 3696 1295 Ἰωάννηςθ

2106 1327 2125 1360 ι
2164 1309 2292 1361 Ἐάν
2323 1326 2403 1372 τις
2434 1312 2624 1380 ἀγαπᾷ
2649 1313 2738 1364 τὸν
2774 1314 3003 1381 κόσμον,
3066 1315 3164 1366 οὐκ
3202 1314 3361 1366 ἔστιν
3417 1316 3451 1381 ἡ
3512 1315 3696 1382 ἁγά-τη

2100 1399 2193 1453 τοῦ
2241 1402 2446 1470 Πατρὸς
2498 1405 2554 1454 ἐν
2587 1403 2735 1472 αύτῴ
2761 1420 2776 1433 ο
2828 1405 2909 1457 ὅτι
2951 1407 3058 1456 πᾶν
3107 1405 3166 1457 τὸ
3216 1408 3280 1458 ἐν
3306 1406 3390 1473 τῷ
3421 1407 3693 1475 κόσςιῳ.ἡ

2102 1493 2364 1558 ἐπιθυμία
2397 1495 2494 1563 τῆς
2517 1494 2719 1563 σαρκὸς
2754 1497 2848 1546 καλ⁸
2877 1497 2910 1564 ἡ
2940 1495 3238 1557 ἀλαζονεία
3272 1495 3374 1548 τοῦ
3411 1495 3559 1564 βῐου,
3606 1499 3700 1548 ούκ

2101 1585 2246 1637 ἔστιν
2271 1587 2334 1638 ὲκ
2369 1587 2462 1639 τοῦ
2499 1589 2733 1658 Πατρός.
2774 1608 2793 1640 ι
2841 1589 3237 1657 Προσέχωμεν.
3284 1587 3545 1655 ἀδελφοὶ,
3604 1589 3703 1655 μή·

2103 1692 2218 1736 πως
2259 1675 2581 1742 ἀγαπῶντες
2636 1681 2733 1741 τὰς
2788 1679 3030 1746 πονηρὰς
3079 1677 3412 1747 ἐπιθυμίας,
3466 1679 3564 1740 καὶ
3602 1679 3697 1745 τὴν

2103 1767 2238 1832 πρὸς
2266 1767 2531 1836 ἀλλήλους
2561 1767 2879 1831 ἀλαζονείαν
2909 1769 3147 1838 ἔχοντες,
3206 1771 3559 1837 ἐκπέσωμεν
3601 1767 3697 1835 τῆς

2105 1859 2328 1928 ἀγάπης
2367 1859 2459 1911 τοῦ
2507 1861 2761 1930 οὐρανίου
2806 1861 3040 1930 Πατρός.
3089 1860 3182 1913 Ἐν
3231 1863 3349 1930 γάρ
3405 1864 3525 1919 τοῖς
3581 1861 3699 1912 δυσὶ

2105 1948 2317 2010 τούτοις
2348 1949 2761 2018 συμπεριέλαϐε
2785 1951 2895 2001 πᾶν
2928 1950 3098 2012 πάθος
3129 1950 3362 2004 διιστῶν
3398 1952 3552 2019 ἡμᾶς
3598 1950 3701 2001 ἀπὸ

2106 2040 2200 2092 τοῦ
2234 2040 2393 2094 Θεοῦ.
2437 2040 2597 2095 Ἀλλά
2625 2040 2724 2109 τῆς
2745 2040 2936 2104 δυάδος
2964 2041 3172 2093 τούτων
3214 2041 3337 2094 τῶν
3397 2041 3698 2094 ἀντιθέτων

2111 2134 2296 2201 ῥιζῶν,
2333 2133 2435 2201 τῆς
2467 2135 2603 2202 πρὸς
2631 2134 2724 2186 τὸν
2752 2134 2958 2200 κὸσμον
2989 2133 3134 2201 λέγω
3159 2134 3383 2201 καὶτῆς
3429 2135 3569 2204 πρὸς
3613 2133 3701 2185 τὸν

2110 2225 2240 2278 Θεὸν
2266 2224 2508 2295 ἀγάπης,
2537 2224 2673 2292 άλλη
2700 2222 3012 2286 δυάς⁶ἐστιν
3037 2224 3266 2291 ἀγάπης
3306 2223 3442 2293 ῥίζα
3473 2226 3568 2276 καὶ
3611 2225 3702 2293 ἀρ·

2110 2318 2179 2386 χὴ
2238 2317 2332 2368 καὶ
2382 2315 2666 2385 πρόξενος,
2719 2315 3002 2376 ἁσπόνδως
3045 2315 3180 2384 πρὸς
3242 2316 3457 2382 ἑαυτὴν
3486 2314 3698 2382 ἔχουσα,

2113 2410 2207 2460 καὶ⁵
2237 2407 2490 2478 ἀπεχθῶς
2523 2409 2751 2478 κάκείνῃ
2771 2424 2784 2438 ο
2817 2408 2912 2475 τῆς
2941 2407 3040 2474 μὲν
3067 2407 3176 2474 γάρ
3202 2407 3351 2476 πρὸς
3374 2407 3470 2457 τὸν
3501 2405 3698 2472 κόσμον

2113 2502 2333 2571 ἀγάπης
2369 2503 2402 2570 ἡ
2423 2501 2556 2570 πρὸς
2589 2501 2648 2553 τὸ
2674 2501 2832 2568 σῶμα
2865 2499 3021 2570 ήμῶν
3052 2497 3243 2567 ἀγάπη
3279 2499 3500 2563 γίνεται
3524 2495 3702 2549 αἰτίαο

2116 2593 2204 2645 διὰ
2231 2593 2338 2660 γὰρ
2363 2592 2423 2644 τὸ
2445 2591 2604 2658 σῶμα
2625 2590 2720 2644 καὶ
2764 2591 2865 2657 τὴν
2887 2589 3010 2639 κατ’
3064 2586 3196 2639 αὐτὸ
3253 2585 3566 2639 εὐπάθειαν
3617 2583 3704 2634 τὸν

2116 2686 2318 2752 κόσμον
2345 2683 2666 2752 ἀγαπῶμεν.
2706 2682 2818 2750 Τῆς
2865 2682 2922 2733 δὲ
2972 2680 3110 2749 πρὸς
3157 2681 3251 2731 τὸν
3312 2679 3452 2730 Θεὸν
3490 2676 3704 2744 ἀγάπης

2117 2779 2151 2847 ὴ
2188 2776 2324 2845 πρὸς
2345 2775 2407 2827 τὸ
2435 2774 2653 2841 πνεῦμα
2693 2774 2756 2826 τὸ
2783 2774 3076 2842 ἡμέτερον,
3137 2770 3318 2839 ἤγουν
3359 2768 3464 2838 τὴν
3510 2765 3702 2836 ψυχὴν,

2119 2868 2307 2935 ἀγάπη
2337 2864 2484 2918 αἰτία
2518 2878 2531 2892 ’
2559 2863 2646 2916 διὰ
2671 2863 2779 2931 γὰρ
2822 2862 2921 2930 τὴν
2967 2857 3164 2913 ἑαυτοῦ
3207 2857 3423 2928 ψυχὴν,
3470 2857 3565 2908 καὶ
3611 2854 3702 2922 τὴν

2121 2960 2211 3011 ἐπὶ
2262 2956 2357 3011 τοῦ
2407 2957 2689 3025 μέλλοντος
2753 2955 2950 3016 αἰῶνος
2999 2951 3186 3006 ἄνεσιν
3239 2950 3348 3004 καὶ
3407 2947 3701 3018 εύκληρίαν

438 3053 663 3115 ἕκαστος
686 3052 988 3121 ἀγαπῶμεν
1013 3055 1104 3106 τὸν
1127 3053 1428 3107 Θεόν.”ι)τι
1459 3055 1529 3120 ,δὲ
1563 3053 1653 3105 καὶ
1703 3069 1863 3108 autat:
1929 3052 2263 3105 ἀντέκεινται
2321 3049 2604 3119 ἀλλήλαις,
2673 3048 2769 3101 καὶ
2831 3050 2860 3100 ὁ
2911 3046 3082 3116 μέγας
3133 3043 3358 3107 Παῦλος
3428 3039 3702 3111 μαρτυρεῖ

440 3147 614 3214 λέγων
649 3162 664 3178 ⁶

443 3245 561 3309 κός.
601 3263 620 3296 ι

508 3337 613 3392 Sed
673 3339 950 3406 quomodo
1003 3353 1070 3393 ex
1128 3351 1315 3392 amore
1361 3338 1598 3408 propriae
1656 3338 2015 3406 uniuscujus-
2046 3339 2088 3397 C

443 3447 552 3502 que
595 3432 788 3485 anima:
833 3445 987 3485 amor
1055 3430 1145 3484 Dei
1187 3430 1473 3487 nascitur?
1516 3429 1696 3483 Minax
1745 3429 2020 3497 impendet

446 3524 694 3594 gehenna
751 3524 892 3592 ignis
951 3523 1455 3592 inexstinguihilis,
1517 3530 1571 3576 et
1635 3537 1860 3590 regnum
1930 3521 2020 3574 Dei

447 3623 710 3670 aeternum
753 3615 1089 3685 promittitur
1131 3635 1145 3670 :
1198 3623 1465 3669 aeternum
1512 3614 1733 3684 quidem
1795 3627 2020 3680 regnum

448 3707 771 3762 facientibus
799 3707 980 3760 divina
1013 3722 1134 3776 qua:
1186 3707 1498 3760 audiverim
1547 3705 1824 3765 mandata.
1875 3703 2024 3772 ignis

448 3809 629 3854 autem
658 3800 914 3866 gehennaa
951 3799 1015 3854 iis
1046 3799 1138 3869 qui
1169 3813 1262 3867 per
1289 3813 1451 3866 opera
1483 3797 1641 3850 [idem
1681 3798 1734 3851 in
1773 3796 2025 3865 Evange-

450 3890 580 3944 lium
619 3888 820 3944 Christi
853 3905 961 3944 non
990 3889 1270 3944 exhibent.
1305 3888 1471 3958 Igitur
1503 3902 1632 3943 vere
1655 3878 1940 3942 credentes
1973 3895 2028 3941 et

452 3998 580 4036 suas
613 3981 902 4050 diligentes
943 3981 1180 4046 animas,
1233 3990 1596 4050 Optantesque
1647 3995 1742 4035 eas
1779 3981 1832 4033 in
1863 3981 2027 4032 vitam

453 4080 710 4125 mternam
740 4086 981 4134 servare,
1015 4073 1111 4126 has
1165 4071 1345 4124 minas
1380 4070 1587 4138 hasque
1627 4070 2030 4138 promissioncs

456 4164 763 4228 audientes,
784 4163 1118 4217 desiderium
1153 4163 1336 4216 statim
1371 4163 1424 4215 in
1456 4162 1764 4228 semetipsis
1791 4171 1846 4215 et
1872 4162 2034 4215 timo-

457 4269 571 4307 rem
609 4253 946 4320 concipiunt.
973 4253 1247 4307 Timorem
1279 4252 1496 4322 quidem
1529 4253 1850 4321 perennium
1877 4252 2035 4305 dolo-

459 4362 582 4402 rum
621 4347 672 4398 in
706 4347 976 4415 gehenna,
1010 4360 1174 4414 quam
1216 4345 1456 4400 minatus
1486 4354 1566 4399 est
1595 4345 1878 4408 Dominus,
1903 4345 2038 4397 tole-

461 4440 798 4501 randarum;
829 4438 1162 4494 desiderium
1197 4453 1324 4492 vero
1375 4437 1548 4506 regni,
1579 4436 1723 4506 quod
1786 4434 2037 4504 promisit

463 4531 608 4586 Deus
654 4541 708 4585 et
739 4531 918 4600 gaudii
969 4531 1024 4583 in
1082 4544 1148 4583 eo
1182 4529 1234 4581 in
1259 4538 1522 4583 :eternum
1565 4529 1833 4581 duraturi.
1876 4527 2039 4595 Igitur

463 4623 558 4692 qui
599 4624 826 4691 cupiunt
860 4622 1242 4675 intemeratum
1276 4620 1408 4672 illud
1447 4629 1496 4673 et
1525 4619 1766 4673 divinum
1789 4617 2040 4671 obtinere

463 4715 746 4786 gaudium,
775 4724 829 4768 et
857 4715 950 4783 qui
984 4713 1114 4767 illud
1153 4711 1293 4781 ignis
1326 4719 1658 4766 tormentum
1685 4710 1900 4770 timent,
1929 4707 2039 4762 sol—

461 4815 667 4860 vuntur
700 4806 922 4875 quidem
961 4819 988 4856 a
1024 4802 1239 4870 cupidis
1288 4809 1344 4856 et
1385 4800 1566 4854 noxiis
1612 4809 1774 4868 atque
1806 4797 2043 4852 terrenis

464 4899 766 4963 aﬂectibus,
799 4898 1020 4952 student
1046 4903 1226 4948 autem
1254 4902 1312 4948 ut
1342 4891 1452 4946 Deo
1482 4890 1926 4959 conglutinentur
1950 4905 2046 4960 per

465 4991 740 5045 assiduam
772 4989 1071 5048 orationem
1098 5027 1114 5051 ,
1152 4995 1336 5054 utpote
1379 4984 1478 5039 soli
1510 4983 1764 5038 virtutem
1801 4993 1850 5036 et
1883 4993 2040 5052 pote-

466 5093 662 5138 statem
715 5082 932 5136 habenti
991 5097 1020 5133 a
1071 5077 1336 5144 supplicio
1384 5077 1647 5143 gehennae
1693 5073 1956 5128 liberandi
1992 5079 2048 5125 et

464 5185 725 5228 aeternam
777 5186 898 5240 qua:
945 5176 1170 5236 superat
1216 5181 1435 5220 omnem
1485 5174 1721 5217 mentem
1782 5161 2043 5230 largiendi

470 5265 736 5330 laetitiam;
756 5273 808 5318 et
831 5264 910 5317 sic
927 5262 992 5316 ch
1014 5261 1244 5313 nitatem
1261 5258 1402 5328 apud
1431 5257 1596 5310 Deum
1612 5262 2041 5324 consequuntur,

471 5368 526 5411 et
558 5372 652 5425 per
681 5371 799 5410 eam
833 5352 1006 5421 magis
1035 5351 1215 5405 adhuc
1244 5359 1298 5404 et
1323 5349 1570 5403 intimius
1605 5347 1715 5402 Deo
1737 5344 2043 5412 conjuncti,

473 5463 687 5502 omnem
727 5447 955 5513 insuper
991 5445 1247 5496 virtutem
1281 5441 1570 5510 acquirunt
1606 5456 1620 5493 ε
1667 5437 1845 5494 omnis
1896 5437 2040 5491 enim

478 5537 652 5592 forma
687 5538 922 5598 virtutis,
951 5533 1062 5589 Deo
1087 5545 1365 5601 Operante,
1397 5533 1550 5588 nobis
1583 5531 1806 5584 inditur.
1835 5529 1890 5583 Si
1916 5545 2045 5583 vero

480 5629 622 5684 Deus
665 5642 773 5682 non
805 5633 1062 5694 Operetur
1112 5624 1167 5679 in
1217 5625 1394 5686 nobis.
1432 5633 1709 5692 peccatum
1755 5632 1837 5677 est
1885 5636 2046 5674 omne

553 5804 598 5838 ”
624 5808 638 5822 '
668 5801 854 5857 laeui).
892 5813 963 5861 tv,
1008 5801 1059 5856 .¹ι.

703 3144 766 3198 'Il
815 3145 952 3216 σὰρξ
1013 3147 1274 3218 ἐπιθυμεῖ
1317 3148 1460 3201 κατὰ
1537 3147 1633 3200 τοῦ
1689 3145 2022 3217 πνεύματος,
2061 3165 2081 3200 ι
2125 3146 2246 3216 ἦτοι
2293 3145 2393 3216 τῆς
2437 3143 2638 3215 ψυχῆς,
2695 3161 2714 3195 ‹
2760 3144 2856 3196 καὶ
2887 3142 2949 3195 τὸ
2970 3139 3186 3210 πνεῦμα
3229 3138 3385 3192 κατά
3427 3137 3528 3205 τῆς
3580 3151 3702 3206 σαρ-

2205 3329 2368 3385 ‘Am
2405 3329 2519 3393 πῶς
2553 3330 2616 3382 ἐκ
2647 3327 2748 3398 τῆς
2778 3327 2915 3398 πρὸς
2964 3328 3059 3398 τὴν
3098 3327 3315 3382 οἰκείαν
3360 3330 3578 3399 ἑκάστῳ
3607 3327 3705 3396 ψυ-

2122 3421 2226 3492 χὴν
2279 3420 2502 3490 ἀγάπης
2546 3421 2579 3488 ἡ
2635 3419 2772 3487 πρὸς
2814 3418 2948 3470 Θεὸν
2990 3417 3179 3488 ἀγάπη
3233 3419 3484 3486 φύεται;
3532 3422 3706 3471 Ἀπει-

2124 3514 2298 3566 λεῖται
2327 3513 2537 3580 ςγέεννα
2583 3510 2756 3579 πυρὸς
2811 3509 3102 3572 ἀσϐέστου,
3149 3509 3244 3562 καὶ
3307 3509 3563 3578 βασιλεία
3615 3505 3702 3559 τοῦ

2124 3605 2260 3658 Θεοῦ
2310 3602 2526 3665 αίώνιος
2579 3600 3020 3668 ἐπαγγέλλεται·
3061 3602 3087 3670 ἡ
3127 3601 3226 3668 μὲν
3281 3599 3508 3664 αἰώνιος
3566 3599 3708 3666 βασι-

2124 3695 2246 3749 λεία
2273 3699 2388 3758 τοῖς
2417 3695 2678 3748 ἀκούουσι
2731 3693 2826 3745 καὶ
2871 3691 3085 3746 ποιοῦσι
3115 3691 3214 3756 τὰς
3263 3692 3425 3754 θείας
3459 3690 3705 3750 ἐντολάς

2127 3791 2160 3859 ἡ
2190 3789 2248 3841 δὲ
2278 3788 2371 3842 τοῦ
2398 3787 2570 3858 πυρὸς
2600 3785 2795 3853 γέεννα
2841 3784 2954 3847 τοῖς
2984 3783 3274 3836 ἀπειθοῦσι
3306 3785 3379 3838 δι’
3420 3784 3598 3853 ἔργων
3631 3777 3701 3842 τῷ

2131 3879 2452 3948 Εὑαγγελίῳ
2479 3878 2574 3932 τοῦ
2601 3875 2866 3947 Χριστοῦ.
2901 3877 2962 3929 Ol
2990 3875 3120 3944 γοῦν
3147 3876 3222 3939 ὡς
3249 3875 3480 3946 ἀληθῶς
3513 3872 3706 3935 πιστοὶ,

2129 3974 2223 4026 καὶ
2253 3972 2577 4040 ἀγαπῶντες
2623 3971 2722 4032 τὰς
2757 3968 2970 4023 ἑαυτῶν
2999 3968 3200 4038 ψυχὰς,
3237 3969 3339 4021 καὶ
3380 3964 3707 4036 ἐπιθυμοῦν-

2130 4081 2220 4126 τες
2253 4065 2332 4124 εἰς
2362 4063 2510 4133 ζωὴν
2537 4061 2753 4114 αἰώνιον
2776 4061 3013 4129 φυλάξαι
3040 4061 3230 4124 αὑτάς,
3263 4061 3569 4122 ἀκούοντες
3592 4057 3709 4110 τού-

2133 4172 2241 4207 των
2273 4155 2381 4206 τῶν
2423 4153 2662 4207 ἀπειλῶν
2719 4153 2809 4204 καὶ
2857 4151 2966 4204 τῶν
3020 4152 3399 4219 ἐπαγγελιῶν,
3440 4153 3603 4204 πόθον
3628 4147 3710 4199 εύ-

2136 4247 2232 4308 θὺς
2259 4250 2316 4299 ἐν
2347 4247 2558 4303 ἑαυτοῖς
2588 4243 3024 4314 συλλαμϐάνουσι
3052 4245 3148 4298 καὶ
3177 4244 3348 4311 φόϐον
3368 4263 3381 4276 ·
3417 4244 3584 4310 φόϐον
3617 4240 3707 4308 μὲν

2135 4339 2232 4406 τῆς
2261 4338 2404 4392 κατά
2427 4339 2524 4405 τὴν
2555 4336 2933 4406 ἠπειλημένην
2985 4335 3077 4388 τοῦ
3113 4337 3288 4405 πυρὸς
3328 4337 3559 4401 γέενναν
3585 4335 3705 4384 ἀτεο

2137 4431 2399 4496 λευτήτου
2452 4427 2685 4496 ὀδύνηςο
2745 4425 2908 4479 πόθον
2957 4427 3015 4479 δὲ
3045 4428 3143 4496 τῆς
3197 4429 3322 4480 κατ’
3377 4423 3708 4492 ἐπαγγελίαν

2137 4521 2232 4574 τοῦ
2267 4519 2402 4571 Θεοῦ
2437 4519 2736 4586 βασιλείας,
2763 4519 2857 4569 καὶ
2888 4517 2987 4585 τῆς
3021 4518 3078 4569 ἐν
3122 4516 3262 4586 αὐτῇ
3291 4512 3706 4578 διαιωνιζούσης

2143 4611 2502 4682 εὐφροσύνης.
2552 4609 2854 4670 Ποθοῦντες
2893 4605 2988 4661 οὖν
3039 4610 3222 4675 τυχεῖν
3276 4610 3376 4675 τῆς
3436 4604 3706 4672 ἀκηράτου

2144 4707 2238 4760 καὶ
2291 4706 2446 4767 θείας
2491 4701 2856 4772 εὐφροσύνης,
2911 4703 3009 4755 καὶ
3042 4702 3142 4771 τὴν
3172 4700 3264 4753 τοῦ
3316 4700 3493 4772 πυρὸς
3526 4696 3706 4761 ὀδύνην

2142 4797 2461 4867 φοϐούμενοι
2512 4795 2750 4864 ἐκείνην.
2796 4793 3125 4847 ἀπολύονται
3153 4792 3252 4861 μὲν
3283 4795 3395 4846 τῶν
3452 4785 3707 4859 ἐμπαθῶν

2148 4891 2308 4960 186
2388 4889 2478 4941 καὶ
2515 4886 2831 4940 ὑπευθύνων
2865 4887 2960 4938 καὶ
3007 4885 3216 4952 γηΐνων
3257 4887 3518 4954 σχέσεων,
3546 4874 3704 4930 σπεύ-

2144 4984 2295 5035 δουσι
2341 4980 2397 5033 δὲ
2452 4978 2747 5032 κολλᾶσθαι
2804 4976 2882 5045 τῷ
2917 4977 3035 5046 Θεῷ
3063 4977 3133 5029 δι⁴
3178 4975 3430 5038 ἐκτενοῦς
3456 4973 3702 5038 δεήσεως,

2145 5073 2220 5134 ὡς
2254 5072 2397 5140 μόνῳ
2430 5072 2659 5136 δύναμιν
2690 5070 2786 5121 καὶ
2811 5068 3064 5130 ἐξουσίαν
3105 5068 3281 5138 ἔχοντι
3312 5067 3412 5135 τῆς
3443 5067 3500 5116 ἐν
3526 5059 3705 5127 γεέννῃ

2149 5163 2339 5230 ὀδύνης
2376 5161 2704 5223 ἀπαλλάξαι,
2736 5160 2826 5211 καὶ
2871 5159 2972 5226 τῆς
3020 5159 3160 5227 ὑπὲρ
3231 5157 3414 5209 πάντα
3452 5151 3574 5205 νοῦν
3617 5161 3706 5215 χα-

2152 5256 2250 5325 ρᾶς
2284 5253 2382 5322 τῆς
2414 5253 2589 5306 ἀϊδίου
2623 5251 2996 5314 καταξιῶσαι·
3035 5251 3131 5302 καὶ
3180 5249 3324 5301 οὕτω
3355 5246 3588 5299 κτῶνται
3613 5237 3704 5299 τὴν

2151 5344 2287 5412 πρὸς
2317 5345 2406 5396 τὸν
2442 5343 2574 5396 Θεὸν
2606 5343 2852 5412 ἀγάπην,
2882 5344 2976 5396 καὶ
3013 5341 3080 5395 δι’
3103 5341 3274 5410 αὐτῆς
3310 5341 3389 5393 ἐτι
3423 5325 3703 5397 συναφθένσ

2150 5454 2240 5498 τες
2284 5435 2360 5502 τῷ
2412 5434 2532 5499 Θεῷ
2579 5434 2930 5504 τελεώτερον,
2982 5435 3161 5486 πᾶσαν
3206 5432 3286 5484 ἔτι
3334 5421 3700 5497 προσκτῶνται

2153 5526 2375 5595 ἀρετήν·
2407 5526 2515 5577 πᾶν
2552 5527 2659 5594 γὰρ
2688 5522 2827 5588 εἶδος
2859 5525 3056 5594 ἀρετῆς
3085 5526 3143 5576 ἐν
3173 5525 3324 5594 ἡμῖν,
3367 5510 3699 5586 ἐνεργοῦντος

2151 5618 2246 5672 τοῦ
2283 5617 2439 5685 Θεοῦ,
2471 5620 2603 5688 ἡμῖν
2637 5617 3022 5689 προσγίνεταιο
3062 5618 3155 5672 τοῦ
3192 5613 3327 5668 Θεοῦ
3359 5612 3414 5665 δὲ
3461 5605 3535 5677 μὴ
3560 5602 3700 5666 ένεΡ·

1142 5798 1156 5829 ¹
1199 5797 1214 5850 l
1254 5796 1409 5852 Jnun.
1461 5814 1510 5854 t.
1562 5796 1622 5849 l5
1721 5798 1740 5828 '
1773 5794 1948 5849 Calai.
1979 5806 2027 5858 ι’,
2064 5791 2148 5856 l7,
