4014 6432
271 347 377 414 417

1579 345 1909 405 HOMILIA
1953 347 2235 407 XXXI”.

3429 355 3534 426 418

270 463 498 528 γοῦντος
522 461 580 515 ἐν
609 461 764 532 ἡμῖν,
795 460 1043 532 ἁμαρτία
1075 461 1186 516 πᾶν
1205 459 1266 514 τὸ
1297 459 1426 528 παρ’
1450 459 1609 529 ἡμῶν
1630 460 1837 528 γινόμε·

1953 461 2097 527 quod
2150 475 2178 512 a
2252 460 2412 518 nobis
2451 461 2704 519 edicitur.
2768 463 2896 522 Ideo
2961 466 3228 522 Dominus
3291 469 3427 525 dixit
3481 475 3536 528 in

272 569 384 606 νον.
420 553 512 605 Διὸ
541 554 635 604 καὶ
665 555 695 606 6
721 553 925 624 Κύριος
956 555 1014 605 ἐν
1045 553 1123 622 τῷ
1154 538 1472 622 Εὐαγγελίῳ
1501 553 1688 620 φησὶν,
1723 553 1805 604 ὅτι
1832 567 1847 582 ο

282 664 302 697 ι
339 646 526 716 Χωρὶς
553 645 689 716 ἐμοῦ
719 647 780 697 οὐ
812 644 1042 698 δύνασθε
1066 646 1242 698 ποιεῖν
1277 644 1456 698 οὐδέν.
1490 663 1509 696 ι
1546 643 1657 696 Καὶ
1690 644 1850 696 τοῦτο

271 736 636 803 γινώσκοντας
669 739 719 790 οἱ
743 736 820 800 ὡς
850 735 1065 806 ἀληθῶς
1093 733 1458 804 ἐργαζόμενοι
1491 737 1592 797 τὰς
1625 735 1849 804 ἀρετᾶς,

269 827 360 879 ἐπ’
385 827 562 880 οὐδενὶ
591 827 911 898 ἐπαίρονται
945 827 1360 903 κατορθώματι,
1386 825 1522 879 ἀλλά
1555 826 1849 878 ταπεινού-

273 936 429 988 μενοι
479 919 764 982 δοξάζουσι
795 921 887 973 τὸν
921 919 1079 980 Θεὸν,
1107 921 1207 990 τὴν
1251 918 1437 990 πηγὴν
1466 917 1578 971 τῶν
1614 917 1850 989 ἀρετῶν,

268 1011 328 1074 ἐξ
364 1007 431 1082 ἧς
477 1012 861 1079 ἀγαθοδότιδος
900 1011 1082 1080 αὐγῆς
1135 1009 1498 1080 πληροῦνται.
1557 1011 1648 1073 Ὠς
1686 1012 1794 1080 γὰρ
1823 1010 1853 1062 6

271 1105 381 1174 ἀὴρ
413 1105 471 1168 ἐξ
505 1104 657 1173 ἡλίου
699 1104 1080 1174 πληρούμενος
1117 1104 1319 1172 φωτὸς,
1367 1102 1428 1154 οὐ
1484 1103 1584 1172 τὴν
1628 1101 1848 1166 ἐαυτοῦ,

269 1197 413 1250 ἀλλά
433 1198 534 1264 τὴν
561 1197 717 1267 ἡλίου
745 1196 904 1262 δόξαν
934 1214 994 1250 τε
1034 1197 1133 1251 καὶ
1172 1195 1538 1267 λαμπρότητα
1577 1195 1852 1248 δείκνυσιν

267 1289 424 1357 ἡμῖν,
448 1287 621 1350 οὕτως
657 1288 707 1340 oi
737 1288 827 1341 διὰ
853 1288 960 1356 τῆς
989 1287 1100 1340 τῶν
1141 1287 1303 1340 θείων
1329 1286 1558 1339 ἐντολῶν
1585 1285 1852 1352 ἐργασίας

270 1378 633 1446 συναφθέντες
668 1378 745 1448 τῷ
777 1378 898 1449 Θεῷ
951 1378 1154 1432 εὐωδία
1184 1377 1424 1447 Χριστοῦ
1460 1376 1602 1430 κατά
1637 1375 1852 1429 Παῦλόν

266 1473 394 1534 εἰσι,
455 1471 548 1523 καὶ
602 1472 778 1540 ὀσμὴν
821 1468 1060 1540 Χριστοῦ
1111 1468 1319 1540 ἔχουσι,
1375 1467 1472 1522 καὶ
1516 1467 1617 1531 τὰς
1648 1467 1851 1537 ἀρετὰς

268 1563 698 1632 καταγγέλλουσι
733 1579 828 1615 του
865 1563 926 1613 ἐκ
988 1563 1216 1626 σκότους
1265 1561 1595 1623 καλέσαντος
1651 1557 1851 1619 αὐτοὺς

273 1656 352 1718 εἰς
390 1655 450 1706 τὸ
489 1654 803 1722 θαυμαστὸν
833 1651 1000 1705 αὑτοῦ
1032 1653 1168 1721 φῶς.

339 1741 497 1794 Οὕτω
531 1741 628 1812 μὲν
661 1739 757 1795 οῦν
792 1742 880 1794 διὰ
919 1742 1018 1810 τῆς
1067 1740 1450 1811 πνευματικῆς
1494 1739 1851 1803 διδασκαλίας

270 1835 304 1903 ἡ
337 1838 445 1887 τῶν
478 1834 781 1903 μελλόντων
813 1832 1109 1900 ἐπίγνωσις
1132 1834 1266 1904 ἡμῖν
1287 1833 1588 1901 ἐγγίνεται,
1624 1837 1718 1886 καὶ
1752 1832 1843 1885 διὰ

267 1928 368 1996 τῆς
410 1928 543 1995 πρὸς
581 1929 680 1996 τὴν
706 1927 917 1979 οἰκείαν
949 1925 1182 1979 ἑκάστου
1211 1924 1388 1996 ψυχὴν
1417 1925 1677 1995 ἀληθινῆς
1708 1926 1846 1993 ἀγά-

267 2037 376 2085 πης
409 2021 437 2070 6
467 2018 630 2086 φόϐος
663 2019 756 2072 καὶ
794 2019 821 2071 6
850 2016 1014 2080 πόθος
1067 2017 1274 2071 τούτων
1310 2021 1421 2081 τοῖς
1464 2020 1678 2082 πιστοῖς
1706 2020 1843 2089 ἡμῖν

263 2115 637 2181 προσγίνεται,
667 2111 758 2164 καὶ
790 2111 856 2164 δι’
884 2111 1066 2166 αὐτῶν
1099 2112 1132 2181 ἡ
1163 2111 1299 2181 πρὸς
1327 2111 1420 2164 τὸν
1452 2111 1585 2164 Θεὸν
1611 2112 1838 2181 ἐκτενὴς

276 2212 357 2255 ut.
395 2204 621 2274 συνεχὴς
656 2204 940 2275 προσευχὴ
981 2204 1077 2256 καὶ
1108 2203 1315 2271 δέησις,
1353 2205 1448 2258 καὶ
1480 2204 1568 2258 διὰ
1615 2205 1715 2272 τῆς
1752 2221 1845 2256 συ-

261 2295 450 2365 νεχοῦς
485 2296 782 2365 προσευχῆς
803 2296 836 2364 ἡ
861 2295 995 2362 πρὸς
1021 2296 1185 2347 αὑτὸν
1215 2297 1404 2365 ἀγάπη
1432 2296 1528 2348 καὶ
1551 2295 1840 2365 συνάφεια,

259 2387 356 2438 καὶ
386 2387 474 2439 διὰ
516 2387 617 2454 τῆς
655 2387 951 2454 συναφείας
985 2385 1189 2455 ταύτης
1237 2388 1389 2439 πᾶσα
1422 2386 1593 2458 ἁρετὴ
1643 2387 1840 2454 γεννᾶ-

261 2495 375 2539 ται,
421 2478 840 2545 συνεπαγομένη
891 2477 989 2547 τὴν
1043 2476 1406 2543 ταπείνωσιν,
1437 2481 1503 2547 τῆ
1541 2479 1840 2544 ἐπιγνώσει

261 2567 357 2620 τοῦ
383 2571 442 2620 ἐν
472 2569 604 2637 ἡμῖν
637 2568 912 2631 τίκτοντος
945 2568 1042 2632 τὰς
1096 2569 1323 2636 ἀρετάς.
1383 2570 1503 2632 Πῶς
1529 2571 1586 2621 δέ
1618 2572 1712 2624 καὶ
1749 2571 1841 2624 διὰ

258 2662 358 2729 τῆς
392 2661 486 2712 τοῦ
531 2659 787 2727 σώματος
816 2661 1038 2730 ἀγάπης
1065 2663 1098 2730 ἡ
1142 2663 1281 2733 πρὸς
1326 2662 1418 2714 τὸν
1451 2663 1654 2731 κόσμον
1685 2664 1836 2732 γίνε-

258 2769 348 2804 ται
383 2751 556 2820 φιλία,
613 2753 706 2804 καὶ
763 2751 852 2804 διά
900 2753 999 2820 τῆς
1047 2754 1233 2823 φιλίας
1281 2753 1487 2824 ταύτης
1518 2757 1586 2808 τὰ
1620 2757 1837 2827 πονηρά

260 2843 434 2913 πάθη,
483 2843 645 2914 καὶὴ
694 2842 909 2914 πληθὺς
961 2844 1070 2897 τῶν
1124 2847 1542 2916 ἁμαρτημάτων
1593 2848 1832 2916 φύεταις

263 2934 363 2985 Ὠσ
383 2952 474 3003 τερ
511 2936 542 3004 ἡ
573 2933 718 3006 ψυχὴ
747 2936 848 3004 τῆς
875 2935 1179 3006 μελλούσης
1212 2939 1403 3007 ἡδονῆς
1452 2939 1668 3007 ἐφίεται
1709 2941 1833 2994 καθ’

259 3026 637 3094 ἐαυτὴν,οῦτω
657 3029 717 3080 τὸ
745 3028 906 3096 σῶμα
927 3029 1026 3097 τῆς
1039 3029 1322 3099 παρούσης
1354 3033 1447 3084 καὶ
1484 3033 1836 3104 παραρρεού-

262 3137 363 3191 σης
384 3137 399 3152 ο
436 3121 550 3190 ἡδὲ
575 3120 802 3192 τοιαύτη
831 3122 994 3192 ἡδονὴ
1027 3123 1261 3195 αἰσθητὴ
1319 3123 1378 3175 τέ
1424 3126 1562 3189 ἐστι,
1610 3127 1705 3178 καί
1745 3126 1833 3179 διὰ
1862 3148 1903 3205 C

260 3215 367 3268 τῶν
419 3215 710 3284 ἡμετέρων
743 3215 1052 3283 αἰσθήσεων
1109 3217 1434 3286 ἐνεργεῖται,
1465 3220 1562 3271 κα)⁸
1610 3219 1675 3272 ἐκ
1724 3223 1833 3274 τῶν

259 3305 534 3375 αἰσθητῶν
562 3306 938 3374 προσγίνεται,
966 3308 1002 3359 ἆ
1048 3308 1198 3359 ἐστιν
1227 3309 1254 3359 6
1293 3309 1493 3378 κόσμος
1517 3325 1529 3339 ο
1557 3310 1645 3364 διὰ
1674 3311 1834 3365 τοῦτο

260 3399 585 3466 φιλόκοσμος
613 3400 641 3449 6
673 3397 1070 3467 φιλοσώματος.
1105 3399 1198 3450 Ἐκ
1228 3398 1290 3468 δὴ
1316 3399 1414 3468 τῆς
1436 3401 1570 3470 πρὸς
1585 3402 1646 3454 τὸ
1673 3406 1834 3472 στῖιμα

264 3490 444 3556 φιλίας
497 3488 700 3556 ταύτης
757 3490 1014 3559 ἀμέτρως
1067 3499 1164 3553 τας
1202 3491 1344 3544 κατά
1377 3492 1582 3562 κόσμον
1638 3495 1832 3564 ἡδονὰς

258 3579 547 3642 ποθοῦντες
579 3580 672 3631 καὶ
703 3579 997 3642 διώκοντες
1054 3582 1149 3632 καὶ
1189 3582 1566 3650 περιέποντες,
1601 3587 1700 3652 τὴν
1735 3603 1833 3638 πο-

256 3670 532 3737 λύμορφον
565 3667 673 3719 τῶν
703 3668 892 3720 παθῶν
928 3670 1148 3731 ἑαυτοῖς
1178 3669 1534 3738 περιτίθεμεν
1576 3671 1830 3739 ἀσχημο-

258 3761 445 3827 σύνην.
475 3757 627 3810 Ἐπεὶ
649 3760 760 3828 γὰρ
790 3761 820 3827 ἡ
852 3760 990 3811 κατὰ
1015 3761 1217 3827 κόσμον
1245 3759 1406 3830 ἡδονὴ
1431 3761 1830 3832 διἸαίσθὴσεων

254 3855 584 3923 ἐνεργεῖται,
635 3851 846 3904 πολλῶν
892 3851 1068 3903 οὐσῶν
1117 3851 1210 3902 καὶ
1237 3851 1511 3920 διαφόρων
1551 3852 1657 3905 τῶν
1694 3855 1830 3922 ἡμε-

256 3947 430 4014 τέρων
482 3947 808 4013 αἰσθήσεων,
857 3941 1051 3995 πολλαί
1100 3960 1161 3996 τε
1212 3945 1306 3995 καὶ
1353 3943 1607 4012 διάφοροι
1642 3949 1736 3996 καὶ
1771 3947 1827 3997 αἱ

255 4038 377 4090 κατ’
407 4035 575 4099 αύτάς
609 4036 813 4105 ἡδοναὶ,
846 4017 939 4087 καὶ
973 4034 1039 4086 τά
1068 4034 1209 4086 κατά
1235 4035 1439 4098 ταύτας
1478 4037 1624 4107 πάθη
1646 4055 1660 4069 ·
1680 4028 1828 4091 ’ἄλλα

258 4132 356 4199 μὲν
387 4131 493 4200 γὰρ
523 4130 788 4196 ὁράσεως,
814 4127 986 4190 ἀκοῆς
1014 4126 1071 4178 δὲ
1123 4126 1278 4188 ἄλλα,
1317 4129 1411 4180 καὶ
1443 4127 1578 4180 ἄλλα
1615 4129 1711 4197 τῆς
1737 4131 1829 4180 6a-

253 4225 534 4294 φρὴσεως,
560 4224 780 4288 καὶτῆς
821 4220 966 4288 ἁφῆς
993 4219 1158 4271 πάλιν
1199 4221 1386 4289 ἕτερα,
1420 4225 1514 4271 καὶ
1551 4220 1714 4291 ἕτερα
1759 4221 1826 4274 τὰ

250 4319 346 4385 τῆς
379 4313 642 4383 γεύσεως.
675 4311 797 4363 Τῶν
831 4311 930 4379 μὲν
964 4309 1056 4362 οῦν
1094 4313 1236 4362 κατὰ
1272 4311 1370 4380 τὴν
1417 4313 1606 4379 γεῦσιν
1658 4329 1828 4381 πονη-

253 4409 361 4478 ρῶν
389 4407 581 4459 παθῶν
613 4405 710 4474 οὐχ
751 4405 784 4473 ἡ
819 4403 996 4471 τροφὴ
1023 4403 1194 4462 αἰτία,
1228 4403 1342 4454 ἀλλ’
1367 4407 1399 4470 ἡ
1427 4405 1666 4474 ἀμετρία
1698 4404 1827 4457 ταύ-

1959 549 2253 622 Evangelio
2309 571 2324 606 2
2387 572 2408 605 r
2451 552 2581 610 Sine
2635 572 2720 610 me
2769 558 2845 611 nil
2903 560 3134 627 potestis
3193 559 3376 615 facere
3410 563 3451 618 ³.
3516 584 3535 614 ι

1955 640 2111 707 Quod
2166 658 2270 696 non
2325 644 2640 714 ignorantes
2683 648 2775 715 qui
2819 663 2948 702 vere
2976 649 3230 702 rirtutem
3261 651 3446 704 colunt
3473 651 3538 705 de

1955 736 2106 788 nullo
2169 737 2499 804 superbiunt
2555 738 2769 795 virtutis
2819 750 2986 804 actu,
3036 742 3129 796 sed
3183 757 3307 796 cum
3364 744 3529 797 humi-

1957 823 2102 877 litate
2142 823 2308 878 Deum
2359 825 2666 891 glorificant
2713 831 2977 883 virtutum
3020 830 3223 884 fontem
3260 847 3372 900 quo
3420 833 3538 885 luce

1957 914 2186 971 benilica
2219 917 2533 986 implentur.
2590 920 2723 974 Nam
2758 923 3222 990 quemadmodum
3278 939 3373 978 aer
3405 926 3538 978 solis

1957 1005 2164 1061 lumine
2197 1008 2474 1077 repletus,
2510 1026 2620 1065 non
2669 1026 2850 1079 suam,
2897 1015 2991 1068 sed
3024 1015 3155 1068 solis
3201 1017 3428 1084 gloriam
3482 1025 3538 1069 ct

1955 1098 2312 1154 radiationem
2349 1101 2508 1156 nobis
2541 1103 2876 1169 manifestat,
2906 1105 2977 1158 ita
3009 1107 3101 1174 qui
3135 1123 3228 1174 per
3257 1107 3538 1160 executio-

1955 1204 2080 1244 nem
2106 1193 2486 1246 mandatorum
2509 1193 2625 1257 Dei,
2652 1195 2782 1251 huic
2803 1199 2973 1265 juncti
3011 1208 3161 1264 sunt,
3196 1201 3376 1256 bonus
3408 1209 3538 1255 sunt

1954 1281 2091 1336 odor
2115 1283 2321 1338 Christi
2359 1287 2663 1341 secundum
2692 1288 2922 1343 Paulum
2952 1289 2973 1321 "
2992 1331 3007 1352 ,
3037 1301 3092 1346 et
3117 1291 3340 1346 odorem
3371 1292 3536 1347 Chri-

1953 1371 2020 1425 sti
2056 1373 2278 1440 habent,
2315 1383 2369 1429 et
2397 1376 2626 1432 virtutes
2665 1379 2954 1434 imitantur
3003 1381 3152 1437 illius
3193 1384 3288 1452 qui
3323 1398 3353 1438 e
3385 1392 3538 1439 tene-

1953 1463 2068 1519 bris
2096 1479 2191 1520 eos
2219 1465 2274 1520 in
2307 1466 2627 1525 admirabile
2654 1470 2839 1528 lumen
2874 1488 3034 1529 suum
3067 1477 3342 1532 evocavit.

2023 1737 2099 1792 Ita
2135 1753 2266 1808 ergo
2291 1753 2387 1809 per
2422 1741 2721 1811 spiritalem
2753 1743 3062 1800 doctrinam
3095 1745 3404 1804 futurorum
3439 1766 3536 1806 co-

1878 1811 1919 1865 Β
1948 1828 2121 1895 gnitio
2134 1827 2294 1882 nobis
2316 1830 2656 1898 supervenit,
2675 1838 2728 1885 et
2746 1847 2840 1900 per
2859 1848 3045 1887 verum
3074 1834 3368 1903 cujuslibet
3381 1851 3535 1891 amo-

1947 1935 2062 1973 rem
2098 1935 2226 1989 erga
2260 1920 2502 1974 animam
2532 1937 2710 1988 suam,
2749 1924 2967 1978 illorum
3007 1935 3184 1981 metus
3213 1936 3268 1980 et
3316 1926 3533 1982 deside-

1947 2012 2088 2066 rium
2147 2013 2308 2066 uobis
2363 2015 2716 2070 credentibus
2763 2018 3114 2084 supervenit,
3163 2028 3216 2072 et
3274 2035 3368 2088 per
3425 2021 3531 2076 ista

1945 2102 2166 2156 assidua
2198 2111 2254 2156 et
2284 2111 2490 2156 attenta
2523 2104 2590 2157 ad
2623 2103 2789 2158 Deum
2821 2105 3000 2158 oratio
3027 2115 3081 2158 et
3113 2105 3444 2170 obsecratio,
3477 2116 3535 2162 et

1946 2209 2042 2262 per
2057 2195 2371 2248 continuam
2396 2195 2700 2249 orationem
2715 2211 2844 2263 erga
2866 2197 3118 2250 eumdem
3146 2213 3304 2251 amor
3321 2208 3375 2252 et
3398 2213 3533 2253 con-

1942 2287 2174 2356 junctio.
2213 2296 2270 2342 et
2299 2303 2395 2357 per
2424 2287 2579 2344 istam
2611 2288 3056 2357 conjunctionem
3088 2294 3268 2345 omnis
3298 2306 3532 2361 genera-

1945 2387 2036 2432 tur
2071 2379 2244 2434 rirtus
2272 2395 2392 2450 qua:
2441 2381 2810 2435 humilitatem
2845 2381 3146 2451 cognitioni
3180 2381 3298 2448 ejus
3345 2383 3438 2452 qui
3474 2383 3532 2439 ἰι

1944 2473 2105 2528 nobis
2151 2475 2382 2527 virtutes
2414 2483 2670 2542 procreat
2718 2475 2928 2542 adjicit.
2972 2475 3079 2529 Sed
3109 2477 3388 2544 quomodo
3431 2491 3533 2547 per

1943 2579 2184 2618 amorem
2216 2565 2467 2633 corporis
2500 2567 2739 2635 gignitur
2763 2567 2950 2620 mundi
2979 2567 3299 2632 dilectio,et
3336 2584 3432 2637 per
3458 2571 3534 2624 is-

1945 2666 2053 2710 tam
2079 2656 2424 2710 dilectionem
2459 2669 2763 2712 nascuntur
2791 2662 3082 2727 passiones
3112 2661 3292 2727 male,
3325 2671 3530 2730 etpec-
3558 2723 3575 2745 κ

1941 2762 2187 2802 calorum
2228 2750 2562 2804 multitudo?
2591 2751 3066 2816 Quemadmodum
3101 2752 3282 2806 anima
3333 2769 3428 2821 per
3470 2771 3530 2810 se

1940 2841 2005 2892 ad
2059 2838 2299 2893 futuram
2334 2841 2666 2909 voluptatem
2702 2841 2897 2907 tendit,
2933 2843 3005 2898 ita
3034 2858 3238 2913 corpus
3278 2847 3346 2898 ad
3382 2861 3527 2914 pra:-

1939 2938 2146 2982 scntem
2189 2938 2244 2984 et
2279 2929 2718 2999 perelﬂuentem;
2775 2947 2940 3000 porro
2989 2933 3112 2988 talis
3153 2935 3407 3004 voluptas
3446 2947 3530 2990 est

1939 3019 2218 3073 sensibilis
2255 3029 2312 3073 et
2340 3035 2436 3088 per
2468 3035 2666 3076 sensus
2699 3029 2920 3076 nostros
2955 3023 3271 3092 percipitur,
3309 3041 3526 3080 necnon

1937 3127 2002 3165 ex
2025 3111 2376 3169 sensibilibus
2409 3113 2660 3180 pr0venit
2686 3129 2809 3184 qua:
2836 3115 3103 3170 mundum
3135 3118 3480 3174 constituunt.
3506 3137 3522 3183 ;

1939 3214 2230 3280 propterea
2253 3205 2347 3274 qui
2375 3219 2576 3274 corpus
2604 3219 2766 3261 suum
2794 3217 2959 3274 amat,
2984 3219 3132 3263 amat
3162 3219 3210 3263 et
3239 3211 3524 3264 mundum.

1938 3297 2137 3355 Verum
2166 3315 2232 3354 ex
2256 3301 2359 3357 isto
2387 3301 2635 3369 corporis
2664 3316 2855 3357 amore
2881 3302 3189 3358 mundanas
3222 3305 3524 3374 voluptates

1936 3392 2290 3448 immoderate
2349 3394 2726 3450 desiderantes
2789 3404 2843 3450 et
2902 3405 3296 3464 persequentes
3361 3407 3526 3466 atque

1935 3493 2210 3542 sectantes
2232 3485 2627 3540 multiformem
2651 3487 2809 3541 nobis
2837 3487 3172 3555 imponimus
3203 3491 3522 3556 passionum

1935 3577 2352 3646 turpitudinem.
2403 3578 2539 3632 Nam
2573 3594 2695 3634 cum
2731 3579 3007 3633 mundana
3039 3583 3292 3649 voluptas
3343 3583 3522 3637 sensi-

1934 3668 2037 3722 bus
2081 3668 2431 3738 percipiatur,
2468 3673 2639 3724 nostri
2678 3680 2858 3725 autem
2892 3686 3090 3726 sensus
3119 3673 3271 3726 multi
3308 3674 3422 3728 sint
3467 3683 3522 3728 θ*

1935 3761 2100 3823 varii,
2132 3762 2361 3828 proinde
2388 3772 2442 3815 et
2470 3763 2632 3816 variae
2652 3772 2784 3818 sunt
2813 3769 2959 3817 circa
2985 3780 3080 3819 eos
3103 3765 3431 3835 voluptates,
3463 3777 3520 3822 et

1933 3854 2117 3907 multa:
2145 3869 2267 3920 qua:
2297 3854 2448 3910 circa
2499 3855 2811 3922 voluptates
2857 3867 3150 3909 versantur
3185 3857 3514 3924 passiones;

1931 3946 2050 3998 alize
2069 3946 2213 3999 enim
2242 3945 2388 4000 circa
2412 3946 2612 4010 visum,
2631 3946 2750 4000 alia:
2767 3946 2910 4000 circa
2935 3947 3206 4012 auditum,
3234 3948 3355 4002 alia:
3369 3949 3517 4004 circa

1931 4039 2242 4103 odoratum,
2271 4049 2327 4092 et
2349 4039 2466 4094 aliae
2497 4040 2641 4095 circa
2661 4049 2886 4103 tactum,
2915 4052 2969 4094 et
3002 4056 3192 4095 rursus
3223 4043 3342 4097 alia:
3370 4045 3518 4100 circa

1935 4143 2184 4200 gustum.
2253 4131 2426 4186 Porro
2457 4147 2745 4200 pravarum
2775 4133 2921 4186 circa
2947 4144 3166 4205 gustum
3197 4137 3516 4206 passionum

1931 4234 2094 4275 causa
2123 4237 2228 4276 non
2260 4223 2416 4276 cibus
2448 4231 2553 4286 cst,
2584 4223 2676 4276 sed
2709 4225 2830 4291 ejus
2860 4224 3244 4279 immoderatio
3277 4241 3372 4281 seu
3389 4227 3510 4282 hel-

1930 4311 2122 4366 luatio.
2148 4313 2268 4368 Ista:
2301 4325 2483 4367 autem
2510 4322 2638 4368 sunt
2658 4316 2866 4369 ventris
2891 4315 3178 4386 ingluvies,
3217 4318 3514 4380 voracitas,

1930 4404 2239 4472 perpotatio
2273 4413 2328 4457 et
2366 4405 2624 4459 ebrietas.
2657 4403 2860 4460 Venter
2897 4422 3032 4460 vero
3056 4408 3222 4460 nimia
3253 4425 3321 4464 ex
3353 4420 3516 4478 gustu

247 4499 427 4568 της,ὄ
477 4499 590 4548 ἐστι
645 4497 865 4564 τρυφή⁶
921 4493 1094 4545 ταῦτα
1130 4494 1187 4544 δέ
1222 4495 1335 4546 ἐστι
1389 4497 1826 4565 γαστριμαργία,

1940 4495 2233 4565 recipiens,
2263 4505 2322 4549 ut
2351 4511 2413 4549 ea
2445 4504 2646 4564 coquat
2673 4498 2741 4550 ad
2778 4497 3052 4551 exteriora
3089 4499 3518 4567 intemperanter

249 4587 576 4657 λαιμαργία,
610 4588 704 4637 καὶ
761 4584 1069 4637 πολυποσία
1123 4585 1218 4637 καὶ
1269 4585 1408 4653 μέθη
1438 4600 1452 4614 ο
1503 4588 1720 4656 γαστὴρ
1768 4585 1826 4638 δὲ

248 4681 620 4750 ὑποδεχομένη
652 4679 718 4730 τὰ
747 4678 808 4728 ἐκ
841 4675 938 4744 τῆς
974 4676 1218 4744 γεύσεως
1260 4677 1540 4744 ἀκρατῶς,
1564 4679 1658 4729 καὶ
1690 4679 1826 4747 πρὸς

252 4775 317 4825 τὰ
346 4772 449 4836 ἔξω
479 4769 752 4839 περιττῶς
781 4766 1060 4819 ἐκδιδοῦσα
1089 4767 1177 4819 διὰ
1205 4767 1302 4835 τῆς
1335 4767 1582 4836 πέψεως,
1612 4773 1678 4840 τῇ
1713 4772 1823 4839 ἁφῇ

249 4864 445 4934 δαψιλῆ
476 4863 704 4932 χορηγεῖ
733 4859 831 4927 τῆς
871 4859 1074 4921 κακίας
1104 4859 1204 4925 τὴν
1251 4859 1406 4928 ὓλην,
1435 4855 1547 4912 οἷόν
1574 4877 1660 4924 τις
1708 4861 1829 4930 βδε-

246 4959 384 5028 λυρά
438 4953 708 5024 δεξαμενὴ
761 4949 1057 5022 βδελυροὺς
1090 4949 1414 5002 ἀναδιδοῦσα
1446 4955 1733 5022 κρουνοὺς,
1755 4953 1822 5006 δι’

244 5048 321 5107 ὧν
359 5048 674 5102 συνίσταται
722 5045 792 5097 τὰ
839 5041 1185 5110 ὑπογάστρια
1225 5041 1400 5110 πάθη,
1427 5042 1674 5113 πορνεία,
1705 5061 1825 5112 μοι-

243 5146 388 5216 χεία,
433 5137 727 5201 ἀκολασία,
767 5134 1053 5201 ἀσέλγεια,
1085 5135 1181 5185 καὶ
1230 5135 1381 5187 πᾶσα
1416 5135 1449 5205 ἡ
1490 5135 1590 5203 τῆς
1618 5136 1822 5204 σαρκὸς

244 5233 575 5305 ἀκαθαρσία.
612 5228 798 5282 Ταῦτα
823 5226 880 5279 δέ
907 5226 1000 5277 καὶ
1033 5225 1134 5294 τὴν
1167 5223 1337 5295 ἀκοὴν
1379 5226 1476 5278 καὶ
1505 5226 1603 5297 τὴν
1630 5226 1822 5296 ὅρασιν

247 5330 340 5381 καὶ
369 5327 472 5396 τὴν
513 5323 797 5391 ὄσφρησιν.
826 5315 1378 5386 καταδουλωσάμενα,
1405 5317 1633 5370 ποθεινὰ
1668 5318 1824 5370 καθί-

247 5439 402 5492 στησι
430 5421 500 5472 τὰ
533 5413 777 5487 μυσαρὰ,
804 5413 871 5464 τὰ
899 5409 1123 5481 ῥήματα
1145 5410 1213 5463 τὰ
1241 5409 1466 5479 αἰσχρὰ,
1494 5413 1562 5462 τὰ
1597 5409 1825 5480 ᾄσματα

245 5516 311 5568 τὰ
355 5509 620 5583 πορνικά,
655 5505 724 5556 τὰ
773 5500 1093 5572 χορεύματα
1125 5497 1195 5550 τὰ
1230 5501 1525 5564 σατανικά,
1557 5503 1656 5563 τὰς
1691 5503 1828 5553 ἐπα-

249 5605 456 5676 γωγοὺς
487 5600 627 5672 πρὸς
660 5597 729 5649 τὰ
762 5594 911 5664 μύση
938 5588 1327 5662 μυραλοιφίας,
1353 5592 1422 5646 τὰ
1445 5592 1681 5665 βδελυρὰ
1708 5593 1827 5647 ἐπι-

310 5793 332 5828 ³
359 5791 516 5849 Joan.
549 5804 645 5858 xv,
671 5789 729 5846 ὃ.
801 5787 824 5820 ⁸
857 5785 901 5842 ll
934 5785 1061 5842 Cor.
1089 5801 1150 5852 ιι,
1193 5785 1277 5840 15.

1931 4589 2169 4656 exspuit,
2201 4596 2256 4642 et
2298 4589 2494 4641 exinde
2530 4596 2681 4642 tactu
2730 4589 3010 4658 copiosam
3064 4590 3268 4644 evomit
3297 4590 3518 4652 malitiae

1934 4680 2238 4742 materiam,
2291 4680 2434 4734 sicut
2484 4679 2606 4734 fons
2647 4681 2931 4748 spurcitiis
2968 4684 3162 4749 plenus
3205 4682 3517 4740 immundas

1933 4779 2146 4824 eructat
2178 4785 2371 4838 aquas,
2411 4786 2534 4838 qua
2566 4781 2696 4826 sunt
2728 4772 3034 4827 libidinosae
3059 4774 3366 4841 passiones,
3404 4774 3517 4828 for-

1931 4862 2158 4926 nicatio,
2193 4862 2553 4925 adulterium,
2610 4863 2717 4916 vita
2751 4863 3096 4927 dissolutior,
3135 4881 3312 4921 mores
3360 4865 3516 4936 ﬂagi-

1935 4952 2162 5012 tiosi,et
2186 4951 2365 5004 omnis
2389 4951 2574 5004 carnis
2620 4952 2984 5008 immunditia.
3014 4954 3148 5020 Quae
3192 4970 3316 5010 cum
3362 4958 3518 5009 audi-

1935 5052 2073 5109 tum,
2099 5045 2276 5098 visum
2301 5044 2663 5097 etodoratum
2688 5044 2740 5096 in
2765 5043 3082 5100 servitutem
3140 5046 3415 5116 redigunt,
3447 5047 3516 5100 ad

1929 5136 2226 5191 amandum
2271 5135 2540 5190 inducunt
2565 5135 2956 5204 turpitudines,
2989 5137 3154 5193 verba
3195 5139 3395 5207 turpia,
3421 5140 3516 5189 Oll-

1930 5228 2183 5283 sceniora
2215 5226 2482 5290 carmina,
2533 5226 2763 5282 choreas
2797 5229 3095 5291 satanicas,
3133 5238 3403 5296 unguenta
3447 5227 3514 5279 ad

1932 5316 2298 5386 turpitudines
2346 5315 2583 5385 agentia,
2616 5315 3038 5368 multiformium
3079 5314 3388 5382 spectacula
3427 5327 3494 5363 re

1930 5412 2095 5465 stium
2121 5419 2174 5464 et
2211 5408 2532 5474 fasciarum,
2569 5423 2692 5478 qua:
2721 5409 2965 5462 exterius
2988 5405 3209 5476 quidem
3266 5405 3515 5458 libidinvs

1924 5503 2219 5568 adornant,
2270 5501 2500 5555 interius
2533 5516 2660 5556 vero
2693 5501 2978 5570 obtcgunt,
3026 5496 3291 5551 deformis
3342 5496 3512 5549 instar

1925 5595 2112 5660 larvas,
2137 5594 2420 5662 passiones
2459 5593 2727 5659 infamiae,
2759 5601 2815 5648 et
2838 5608 2966 5647 vere
3000 5588 3397 5646 assimulantur
3425 5603 3512 5642 sc-
