4014 6430
235 339 344 403 421

1538 343 1869 408 HOMILIA
1905 325 2192 403 xxxiii.

3402 336 3504 402 422

229 458 330 506 θεν
352 456 592 527 ὁρμαθὸς
614 456 702 509 ἓτε
713 473 802 525 ρος
832 455 1022 510 παθῶν
1047 455 1302 528 ἁνήδονος
1330 455 1710 525 ἐξευρίσκεται
1730 455 1806 525 τῷ

1921 453 2123 517 odium,
2151 448 2548 515 dissensiones,
2577 449 2780 506 invidia
2825 455 2879 506 et
2901 450 3082 506 omnis
3107 452 3510 522 concupiscen-

227 549 571 620 ταλαιπώρῳ
611 549 718 604 τῶν
745 549 1045 621 ἀνθρώπων
1075 549 1242 617 γένει,
1279 550 1407 618 παρ’
1438 541 1498 602 οὗ
1525 549 1810 618 λοιδορίαι,

227 639 587 702 καταλαλιαί,
618 639 994 708 συκοφαντίαι,
1024 639 1220 709 θυμὸς,
1254 641 1432 710 μῖσος,
1457 639 1656 708 ἔριδες,
1681 637 1812 707 φθό-

231 747 350 793 νος,
394 731 489 783 καὶ
525 733 674 784 πᾶσα
703 732 930 801 πικρίας
986 733 1234 800 γέμουσα
1295 730 1581 801 ἐπιθυμία,
1629 731 1696 783 δι’
1747 731 1814 800 ἣν

231 823 470 892 πόλεμοί
500 841 558 876 τε
609 827 703 878 καὶ
735 827 887 894 φόνοι
918 825 1021 878 ἀνὰ
1054 827 1235 878 πᾶσαν
1265 823 1557 876 τελοῦνται
1585 821 1686 891 τὴν
1732 822 1814 874 oi-

232 916 543 986 κουμὲνην,
578 919 673 971 καὶ
704 917 937 985 μάλιστα
981 921 1122 969 κατὰ
1152 917 1251 986 τὴν
1281 915 1565 986 ἡμετέραν
1595 911 1812 982 γενεὰν,

232 1009 325 1061 διὰ
375 1009 436 1060 τὸ
467 1009 712 1077 ψυγῆναι
759 1011 856 1079 τὴν
908 1011 1130 1079 ἀγάπην
1167 1011 1261 1062 καὶ
1308 1009 1684 1078 πληθυνθῆναι
1716 1007 1814 1077 τὴν

237 1097 538 1167 ἁμαρτίαν.
580 1097 722 1150 Ἀλλ’
755 1099 916 1168 ἡμεῖς
963 1099 1286 1167 φυλάξωμεν
1335 1099 1566 1159 ἑαυτοὺς
1600 1099 1657 1149 ὲν
1687 1098 1818 1166 ὁμο-

239 1190 381 1260 νοίᾳ,
441 1189 790 1259 συνδούμενοι
842 1193 908 1259 τῇ
966 1191 1101 1260 πρὸς
1153 1191 1419 1260 ἀλλήλους
1470 1191 1688 1260 εἰρήνῃ,
1720 1187 1816 1241 καὶ

237 1283 571 1354 ἀπεχόμενοι
596 1285 696 1352 τῆς
720 1285 840 1337 κατ’
859 1286 1104 1354 ἀλλήλων
1134 1285 1348 1355 μανίας,
1391 1284 1553 1354 188
1571 1283 1694 1352 ἥτις
1723 1281 1816 1334 καὶ¹

237 1372 420 1444 ψυχὰς
474 1375 569 1427 καὶ
620 1372 849 1445 σώματα
899 1376 1235 1445 παραδίδωσι
1278 1378 1345 1446 τῇ
1382 1372 1652 1444 ἀπωλείᾳ.
1680 1370 1814 1434 Ναὶ,

239 1465 484 1534 ἀδελφοὶ,
540 1467 866 1537 παρακαλῶ,
913 1467 1270 1538 χαρισώμεθα
1323 1465 1596 1536 ἀλλήλοις,
1629 1462 1684 1516 εἴ
1729 1479 1816 1525 τις

240 1558 383 1628 πρὸς
410 1575 530 1611 τινα
552 1558 665 1628 ἔχει
703 1560 946 1630 μομφὴν,
981 1560 1057 1624 ὡς
1085 1559 1180 1613 καὶ
1203 1561 1232 1613 6
1260 1559 1496 1628 Χριστὸς
1524 1555 1817 1626 ἐχαρίσατο

241 1651 378 1720 ἡμῖν
399 1667 414 1682 ’
452 1650 540 1704 ἵνα
573 1652 647 1721 μὴ
670 1653 828 1721 μόνον
862 1654 917 1704 ἐν
956 1657 1065 1716 τοῖς
1085 1651 1332 1712 τοῦ,Θεοῦ
1364 1654 1534 1716 ναοῖς,
1556 1648 1692 1702 ἀλλὰ
1723 1647 1816 1698 καὶ

242 1741 364 1795 κατ’
379 1743 560 1806 οἴκους
579 1746 674 1797 καὶ
690 1747 809 1798 κατ’
836 1747 1039 1814 ἀγορὰν
1057 1741 1820 1814 ἁθόρυόοιδιαμένονιες,ὁμο-

243 1833 481 1901 θυμαδὸν
512 1837 569 1888 ὲν
590 1837 690 1904 ίὲνὶ
727 1837 954 1906 στόματι
979 1837 1294 1905 δοξάζωμεν
1312 1837 1406 1886 τὸν
1423 1834 1642 1904 Πατέρα
1657 1832 1817 1903 ἡμῶν

241 1925 332 1975 τὸν
352 1925 410 1976 ἐν
429 1927 538 1984 τοῖς
565 1925 833 1994 οὐρανοῖς.
857 1925 960 1978 Τοῦ
987 1927 1171 1994 μέντοι
1196 1923 1319 1980 καθ’
1343 1923 1535 1994 ἡδονὴν
1566 1923 1661 1975 καὶ
1691 1922 1818 1974 ὀδύ-

244 2033 344 2086 νην
379 2017 614 2084 πονηροῦ
640 2018 940 2085 καταλόγου
959 2018 1066 2070 τῶν
1089 2016 1349 2085 ὀλεθρίων
1371 2015 1562 2069 παθῶν
1591 2013 1816 2067 τοιαῦτά

243 2109 390 2160 ἐστιν
427 2097 614 2179 ἔτερα,
644 2109 679 2162 ἃ
714 2112 849 2179 μήτε
896 2110 1144 2163 ἁνώδυνά
1195 2111 1332 2172 ὲστι,
1357 2157 1360 2162 ,
1385 2108 1522 2178 μήτε
1565 2107 1810 2174 ὲνήδονα,

245 2199 358 2252 ἀλλ’
388 2195 494 2252 οἷον
527 2202 830 2272 σύμμικτον
854 2202 909 2266 ἐξ
932 2203 1189 2254 ἐναντίων
1218 2200 1401 2271 ἔχουσι
1422 2201 1520 2270 τῆς
1549 2199 1819 2266 γενέσεως

244 2293 390 2356 κεία,
422 2296 516 2347 καὶ
543 2295 572 2346 6
606 2295 777 2359 δόλος,
805 2296 898 2348 καὶ
931 2297 965 2365 ἡ
999 2284 1314 2366 ὑπόκρισις.

325 2387 518 2455 Ὁρᾶτε
544 2388 646 2455 τὴν
679 2388 886 2456 πλάνην
917 2389 1012 2440 καὶ
1065 2391 1161 2457 τὴν
1214 2389 1432 2458 ἀπάτην
1471 2388 1566 2442 τοῦ
1600 2389 1808 2458 κόσμου

245 2477 460 2541 τούτου,
509 2480 671 2532 πόσον
706 2483 822 2532 ἐστὶ
857 2482 1113 2550 mutili};
1149 2482 1336 2543 πόσοις
1364 2484 1514 2552 ἡμᾶς
1549 2481 1812 2550 περιϐάλ-

246 2569 328 2622 λει
353 2573 541 2632 κακοῖς
569 2588 582 2634 ;
609 2571 697 2624 διὰ
738 2572 919 2624 πόσων
948 2575 1095 2642 ἡμᾶς,
1129 2573 1358 2642 χωρίζει
1389 2575 1496 2626 ἀπὸ
1523 2574 1617 2626 τοῦ
1652 2573 1812 2639 Θεοῦ;

247 2663 621 2731 Μυριοπαθεῖς
653 2664 762 2734 γὰρ
799 2665 947 2734 ἡμᾶς
1001 2668 1280 2735 ποιήσασα
1333 2665 1686 2735 πολυτρόπως
1715 2665 1816 2716 διί-

249 2773 409 2822 στησι
444 2755 537 2808 τοῦ
569 2756 833 2818 ἀπαθοῦς.
873 2757 963 2809 Διὸ
994 2761 1087 2809 καὶ
1118 2759 1278 2818 αὐτὸς
1309 2761 1336 2812 6
1367 2757 1575 2827 Κύριος
1609 2757 1816 2824 ἔλεγεν,

255 2864 274 2898 ι
322 2847 383 2900 Ὀ
433 2848 638 2916 κόσμος
694 2849 750 2900 ὲν
799 2849 876 2918 τῷ
931 2849 1157 2920 πονηρῷ
1194 2854 1370 2903 κεῖται
1397 2867 1412 2882 ο
1455 2870 1474 2902 ι
1501 2851 1597 2901 καὶ
1624 2865 1823 2916 κοσμο-

249 2941 491 3010 κράτορα
543 2941 725 2994 ἐκάλει
758 2942 847 2994 τὸν
876 2942 1147 3007 διάϐολον,
1182 2942 1256 3005 ὡς
1289 2944 1533 3012 ἄρχοντα
1565 2939 1661 2994 τοῦ
1693 2940 1818 2992 σκό-

247 3049 375 3096 τους
404 3031 498 3084 τοῦ
522 3035 716 3096 αίῶνος
752 3034 942 3086 τούτου
970 3051 984 3063 ⁸
1023 3034 1098 3106 μὴ
1145 3035 1254 3105 γὰρ
1289 3036 1352 3104 δὴ
1385 3037 1648 3103 νομίσητε
1686 3050 1822 3100 κρα-

248 3126 355 3176 τεῖν
393 3123 486 3176 τὸν
518 3126 753 3195 πονηρὸν
791 3126 1022 3195 οὐρανοῦ
1050 3129 1147 3180 καὶ
1185 3127 1309 3194 γῆς,
1342 3129 1436 3178 καὶ
1475 3127 1584 3179 τῶν
1612 3125 1816 3194 μεταξὺ

249 3215 452 3268 τούτων
481 3219 800 3286 κτισμάτων
839 3217 934 3270 τοῦ
969 3219 1126 3283 Θεοῦ,
1174 3221 1267 3273 καὶ
1301 3219 1392 3272 διὰ
1421 3219 1582 3271 τοῦτο
1614 3235 1819 3286 κοσμο-

251 3309 820 3379 κράτορακαλεῖσθαι
877 3311 1109 3364 τοῦτον·
1161 3311 1342 3378 ἄπαγε
1397 3310 1498 3380 τῆς
1551 3309 1816 3362 ἀσυνέτου

253 3402 506 3472 γνώμηςί
545 3404 606 3456 οὐ
639 3403 749 3473 γὰρ
782 3420 937 3467 ουτος
964 3407 993 3458 6
1026 3406 1230 3473 κόσμος
1260 3405 1316 3456 ἐν
1345 3403 1424 3472 τῷ
1457 3401 1681 3472 πονηρῷ
1704 3404 1817 3455 κεῖ-

252 3513 336 3549 ται
358 3513 372 3527 ν
402 3499 431 3548 ὁ
464 3496 570 3565 γὰρ
620 3498 838 3566 μετρῶν
863 3497 955 3549 τὸν
992 3497 1221 3568 οὐρανὸν
1247 3496 1519 3566 σπιθαμῇ,
1547 3495 1692 3548 κατὰ
1726 3494 1818 3546 τὸν

256 3592 556 3659 προφήτην,
587 3591 678 3642 καὶ
725 3591 972 3658 κατέχων
1001 3590 1097 3659 τὴν
1133 3594 1236 3660 γῆν
1264 3590 1447 3658 δρακὶ,
1482 3590 1643 3657 μόνος
1673 3589 1817 3640 ἐστὶν

252 3683 280 3734 6
309 3682 515 3735 τούτων
572 3682 937 3752 δημιουργός·
973 3681 1091 3734 ἀλλ’
1142 3685 1175 3751 ἡ
1217 3683 1568 3751 παράχρησις
1595 3680 1702 3732 τῶν
1729 3681 1818 3732 ὅν-

251 3791 378 3840 των,
408 3776 440 3842 ἡ
481 3773 732 3843 ἐμπαθὴς
765 3775 872 3826 τῶν
925 3774 1011 3840 ἐφ’
1059 3777 1190 3843 ἡμῖν
1235 3774 1522 3842 διοίκησις,
1553 3774 1581 3824 6
1614 3773 1820 3840 κόσμος

252 3869 349 3935 τῆς
394 3866 628 3929 ἀδικίας,
662 3867 693 3936 ἡ
732 3866 944 3935 πονηρὰ
1000 3866 1284 3934 ἐπιθυμία,
1314 3866 1410 3916 καὶ
1440 3866 1474 3934 ἡ
1510 3863 1816 3927 ἀλαζονεία,

253 3955 394 4007 καθά
447 3972 615 4022 φησιν
668 3956 696 4008 6
729 3956 1094 4025 ὴγαπημένος
1145 3956 1223 4022 τῷ
1277 3954 1497 4024 Χριστῷ
1530 3953 1814 4019 Θεολόγος,

253 4049 350 4099 οὐκ
388 4047 536 4100 ἔστιν
570 4049 631 4099 ὲκ
661 4046 751 4099 τοῦ
784 4049 1017 4117 Πατρός.
1051 4040 1218 4108 Οὗτος
1248 4043 1340 4099 οὖν
1367 4046 1394 4097 ὁ
1426 4046 1630 4113 κόσμος
1665 4047 1721 4097 ὲν
1743 4045 1819 4111 τῷ

256 4141 472 4209 πονηρῷ
507 4142 679 4191 κεῖται
717 4139 806 4192 διὰ
839 4140 937 4207 τῆς
973 4141 1254 4208 ἡμετέρας
1294 4141 1700 4208 παραχρήσεως
1726 4139 1820 4190 καὶ

257 4229 529 4297 σφαλερᾶς
574 4229 894 4299 διοικήσεως
921 4247 936 4262 ο
975 4232 1066 4282 καὶ
1118 4226 1271 4292 οὗτος
1309 4232 1457 4283 ἐστιν
1514 4231 1541 4282 6
1592 4230 1818 4298 κόσμος,

253 4319 310 4375 οἶδ
347 4323 740 4392 κοσμοκράτωρ
791 4324 939 4374 ἐστὶν
996 4326 1024 4375 6
1075 4324 1343 4387 Σατανᾶς,
1371 4325 1398 4375 6
1446 4322 1823 4391 προκατηριθ-

255 4415 492 4483 μημένος
537 4415 643 4465 τῶν
672 4414 862 4466 παθῶν
896 4414 1076 4482 ὄχλος,
1107 4413 1164 4476 ὃς
1213 4417 1279 4467 ἐκ
1325 4415 1424 4482 τῆς
1473 4413 1823 4482 φιλαμαρτή-

1919 545 1988 598 tia
2013 543 2137 598 felle
2161 543 2380 609 referta,
2410 559 2506 613 per
2523 559 2689 614 quam
2705 545 2847 600 bella
2873 553 2928 600 et
2956 547 3132 602 caedes
3154 562 3252 617 per
3282 563 3501 602 onmem

1931 644 2128 688 terram
2167 642 2568 702 perpetrantur,
2605 635 2910 704 prasertim
2939 635 2992 690 in
3023 637 3124 690 hac
3150 640 3505 706 generatione

1918 736 2126 787 nostra,
2152 724 2282 794 quia
2309 723 2616 792 refrigescit
2645 725 2906 789 eharitas,
2930 735 3216 794 peccatum
3247 743 3377 780 vero
3407 744 3503 781 ac-

1918 821 2134 874 crescit.
2169 817 2276 873 Nos
2306 831 2487 873 autem
2522 821 2900 875 custodiamus
2940 837 3042 876 nos
3080 823 3130 875 in
3179 821 3496 886 concordia,

1920 911 2296 965 incumbentes
2327 913 2466 980 paci
2518 913 2586 966 ad
2621 913 2852 966 invicem
2887 915 3189 976 servandae,
3241 921 3294 966 et
3326 914 3501 966 absu-

1919 1011 2110 1056 nentes
2155 1002 2223 1057 ab
2254 1003 2404 1056 omni
2453 1003 2760 1066 iracundia,
2791 1020 2913 1073 qua:
2945 1014 3052 1058 tam
3087 1005 3298 1057 animas
3333 1020 3500 1072 quau.

1919 1107 2146 1158 corpora
2199 1093 2365 1147 exitio
2417 1095 2666 1147 devovet.
2737 1094 2936 1157 Etiam,
3001 1093 3198 1148 fratres
3271 1097 3502 1148 obsecro

1917 1187 2078 1240 nobis
2111 1186 2345 1240 invicem
2381 1188 2776 1250 condonemus,
2811 1187 2854 1241 si
2888 1188 3010 1256 quis
3030 1189 3191 1242 habet
3221 1189 3500 1258 querelam

1925 1281 2189 1332 adversus
2213 1279 2546 1347 proximum;
2581 1281 2722 1334 sicut
2746 1290 2798 1334 et
2824 1279 3071 1334 Christus
3101 1279 3258 1335 nobis
3296 1279 3505 1333 condo-

1919 1370 2069 1422 navit
2095 1369 2205 1434 ;ita
2235 1378 2292 1423 ut
2320 1385 2428 1422 non
2457 1370 2509 1422 in
2540 1371 2672 1425 solis
2706 1370 2797 1424 Dei
2830 1371 3067 1441 templis,
3097 1372 3190 1426 sed
3231 1372 3282 1423 in
3323 1371 3502 1425 domi-

1919 1460 2021 1516 bus
2052 1471 2108 1514 et
2139 1461 2191 1514 in
2227 1461 2346 1514 foro
2375 1463 2566 1530 placidi
2605 1476 2912 1524 manentes,
2948 1463 3284 1517 unanimiter
3316 1473 3370 1516 et
3394 1478 3504 1515 uno

1919 1569 2015 1608 ore
2047 1553 2416 1622 gloriﬁcemus
2453 1553 2668 1610 Patrem
2720 1567 2966 1610 nostrum
3003 1556 3097 1625 qui
3127 1563 3212 1610 est
3241 1556 3295 1610 in
3327 1556 3503 1610 cmlis.

1921 1647 2252 1700 Enumeravi
2297 1649 2636 1716 perniciosas
2683 1649 2805 1702 illas
2847 1650 3139 1718 passiones
3185 1648 3301 1703 sive
3350 1650 3506 1703 volu-

1922 1746 2132 1804 ptatem
2156 1738 2270 1791 sive
2295 1737 2539 1792 dolorem
2574 1740 2912 1808 parturiant;
2942 1741 3034 1795 sed
3057 1749 3140 1795 est
3167 1750 3221 1794 et
3251 1740 3357 1794 alia
3380 1755 3508 1810 pas-

1923 1829 2143 1885 sionum
2179 1833 2356 1885 series
2386 1845 2530 1900 quae,
2567 1833 2692 1886 dum
2727 1832 2976 1886 dolorem
3001 1832 3258 1898 aﬂ'ernnt,
3297 1834 3503 1886 nullam

1923 1923 2145 1992 pariunt
2169 1924 2607 1986 delectationem,
2649 1926 2742 1980 sed
2791 1927 2938 1979 velut
2965 1928 3237 1994 quoddam
3271 1941 3337 1980 ex
3371 1941 3505 1978 cou-

1923 2016 2105 2070 trariis
2136 2017 2485 2079 commistmn
2519 2017 2850 2083 producunt,
2879 2020 3072 2086 quales
3099 2029 3227 2073 sunt
3249 2019 3422 2074 ironia
3452 2027 3506 2072 et

1920 2107 2162 2160 adulatio
2189 2117 2244 2161 et
2273 2109 2440 2162 dolus
2459 2117 2512 2162 et
2538 2108 2836 2163 simulatio.

1861 2199 1960 2268 τὴν
1992 2200 2272 2270 ἀφορμὴν,
2299 2201 2484 2252 ὁποῖόν
2517 2201 2665 2254 ἐστιν
2696 2202 2728 2270 ή
2765 2201 3043 2271 εἰρωνεία,
3074 2203 3170 2254 καὶ
3234 2202 3271 2271 ή
3338 2200 3512 2254 κολα-

1987 2383 2197 2438 Videtis
2231 2399 2476 2438 errorem
2511 2396 2563 2438 et
2607 2383 2880 2440 fallaciam
2913 2385 3079 2455 hujus
3112 2387 3301 2439 mundi
3340 2401 3509 2454 quam

1911 2476 1984 2530 sit
2019 2474 2344 2543 multiplex?
2372 2484 2503 2542 quot
2539 2491 2637 2528 nos
2689 2476 2847 2528 malis
2887 2477 3319 2528 circumveniat?
3369 2488 3508 2544 quot

1915 2567 2094 2620 modis
2135 2583 2233 2620 nos
2259 2582 2290 2619 a
2321 2565 2432 2620 Deo
2475 2568 2699 2619 arceat?
2743 2567 2873 2619 Nam
2909 2577 3197 2638 postquam
3233 2585 3331 2620 nos
3374 2586 3502 2622 sex-

1917 2659 2091 2713 centis
2123 2659 2383 2711 imbuerit
2419 2659 2591 2721 vitiis,
2623 2673 2651 2712 a
2685 2674 2818 2727 pace
2850 2675 2943 2727 per
2972 2663 3158 2714 eadem
3192 2675 3293 2716 nos
3325 2677 3508 2714 remo-

1919 2761 2024 2805 vet.
2067 2751 2190 2805 ldeo
2251 2751 2511 2805 Dominus
2548 2752 2666 2820 ipse
2713 2752 2892 2806 dixit:
2929 2753 3238 2808 Mundusin
3267 2757 3505 2823 maligno

1921 2848 2134 2912 positus
2166 2846 2294 2908 est",
2335 2864 2354 2896 ι
2400 2853 2452 2899 et
2487 2846 2674 2900 mundi
2715 2847 3015 2916 principem
3053 2847 3284 2902 vocabat
3315 2849 3508 2902 diabo-

1920 2938 2032 2990 lum
2072 2950 2129 2988 ut
2187 2946 2450 2991 rectorem
2486 2938 2835 2992 tenebrarum
2889 2939 3053 3007 hujus
3100 2940 3308 2994 saeculi.
3347 2942 3504 2996 Absit

1920 3032 2064 3086 enim
2089 3033 2436 3086 utcenseatis
2470 3033 2765 3102 malignum
2798 3035 3066 3088 dominari
3108 3035 3162 3089 in
3199 3036 3342 3090 coelo
3365 3048 3416 3090 et
3449 3037 3504 3090 in

1923 3133 2090 3187 terra,
2113 3132 2169 3177 et
2199 3139 2321 3192 qua
2347 3125 2488 3178 infra
2518 3134 2646 3178 sunt
2680 3125 2769 3178 Dei
2808 3128 3073 3181 creaturis
3125 3129 3415 3196 imperare,
3452 3136 3509 3181 et

1921 3225 2203 3284 propterea
2227 3231 2350 3269 eum
2371 3216 2630 3284 appellari
2659 3217 2841 3272 mundi
2865 3219 3185 3287 principem.
3205 3217 3401 3274 Procul
3433 3222 3507 3275 sit

1921 3317 2030 3363 tam
2063 3311 2250 3363 insana
2271 3311 2558 3376 cogitatio!
2585 3309 2701 3364 Non
2723 3312 2868 3364 enim
2897 3313 2983 3366 hic
3006 3315 3244 3368 mundus
3268 3313 3321 3366 in
3353 3314 3512 3367 mali-

1919 3417 2026 3472 gno
2041 3400 2501 3470 positnsest.Nam
2516 3403 2609 3470 qui
2628 3403 2826 3456 cmlum
2845 3404 3027 3470 palmo
3043 3406 3330 3474 ponderat,
3344 3415 3507 3474 prout

1919 3494 2057 3547 dixit
2077 3495 2343 3562 propheta
2360 3495 2404 3558 ⁸,
2424 3504 2478 3547 ct
2499 3495 2591 3564 qui
2617 3505 2816 3548 terram
2834 3496 3204 3564 trihusdigitis
3223 3498 3502 3565 appendit,

1919 3587 2068 3639 solus
2101 3586 2201 3638 iste
2229 3595 2315 3639 est
2337 3599 2528 3638 eorum
2557 3595 2764 3649 rector;
2790 3587 2882 3638 sed
2916 3601 3094 3638 rerum
3123 3587 3349 3652 abusus,
3386 3599 3505 3654 per-

1920 3690 2075 3729 versa
2106 3686 2422 3728 nostrorum
2469 3675 2824 3738 ministratio,
2869 3677 3108 3729 mundus
3158 3676 3506 3744 iniquitatis,

1919 3767 2356 3833 concupiscentia
2383 3765 2544 3828 mala,
2565 3767 2843 3834 superbia,
2869 3775 2928 3818 ut
2944 3765 3326 3822 dixitdilectus
3346 3768 3508 3820 Chri-

1921 3867 2005 3912 sto
2035 3856 2350 3926 TheOIOgns
2391 3857 2434 3917 ³,
2487 3857 2590 3909 ista
2644 3871 2672 3908 a
2707 3855 2868 3909 Patre
2898 3873 3005 3911 non
3037 3868 3182 3914 sunt.
3216 3859 3386 3928 Igitur
3415 3859 3509 3912 hic

1923 3950 2161 4021 mundus
2191 3949 2242 4001 in
2266 3949 2502 4018 maligno
2525 3950 2734 4017 positus
2757 3960 2835 4003 est
2858 3959 3076 4019 propter
3099 3962 3340 4005 nostram
3365 3955 3512 4006 abeo

1923 4032 2128 4095 sionem
2155 4049 2210 4094 et
2240 4055 2458 4108 pravam
2484 4042 2942 4096 ministrationem
2967 4061 2980 4107 ;
3009 4054 3062 4098 et
3087 4045 3191 4098 iste
3221 4056 3304 4099 est
3335 4061 3501 4100 mun-

1921 4135 2024 4187 dus
2048 4132 2204 4200 cujus
2235 4133 2490 4201 princeps
2522 4143 2605 4187 est
2627 4133 2860 4188 Satanas
2893 4146 2947 4189 et
2977 4151 3142 4204 supra
3180 4147 3509 4192 enumerata

1924 4224 2242 4291 passionum
2271 4223 2453 4286 turba,
2479 4239 2620 4291 quae,
2654 4225 2953 4293 adjuvante
2981 4227 3238 4296 maligno,
3273 4244 3338 4283 ex
3374 4243 3504 4298 pec-

1923 4318 2124 4371 catrice
2146 4324 2329 4370 nostra
2349 4316 2594 4369 nascitur
2615 4317 2970 4380 conscientia,
2990 4318 3188 4387 quibus
3215 4319 3292 4372 illi
3323 4319 3417 4388 qui
3443 4337 3514 4376 se

1923 4424 2018 4478 per
2047 4408 2421 4477 paenitentiam
2456 4422 2564 4460 non
2596 4408 3022 4462 Durihcaverunt
3051 4409 3137 4463 sui
3194 4409 3500 4480 principem

254 4521 410 4572 μονος
457 4505 612 4572 ἡμῶν
645 4503 869 4575 γνώμης
922 4505 1170 4568 κτίζεται
1206 4508 1496 4578 συνεργείᾳ
1523 4505 1616 4558 τοῦ
1651 4521 1816 4572 πονη-

1923 4499 2590 4558 constituuntdiaholum.
2620 4498 2732 4556 Nos
2767 4516 2898 4555 vero
2936 4503 3026 4571 qui
3058 4503 3265 4557 militia:
3296 4500 3515 4560 Christi

254 4595 347 4662 ροῦ
375 4609 388 4622 ·
417 4595 484 4646 δι’
522 4591 587 4666 ἧς
615 4596 666 4647 οί
697 4598 771 4664 μὴ
796 4597 883 4649 διὰ
914 4597 1014 4665 τῆς
1036 4599 1326 4666 μετανοίας
1349 4597 1820 4666 ἐλευθερώσαντες

252 4686 476 4740 ἑαυτοὺς
525 4687 904 4756 αὐτοκράτορα
964 4688 1216 4740 ποιοῦσιν
1253 4688 1462 4740 ἑαυτῶν
1517 4689 1610 4740 τὸν
1640 4687 1821 4740 διάδο-

253 4774 360 4828 λον.
396 4778 539 4830 Ἀλλ’
573 4781 733 4848 ἡμεῖς
768 4780 818 4831 οἱ
849 4781 929 4848 τῷ
959 4781 1184 4851 Χριστῷ
1215 4781 1610 4850 συνταξάμενοι
1639 4779 1815 4846 ποθή-

260 4886 433 4938 σωμεν
467 4871 558 4923 τὸν
606 4871 718 4924 ἅνω
751 4873 956 4940 κόσμον
979 4888 991 4900 ⁸
1042 4873 1478 4941 ἐπιθυμήσωμεν
1512 4871 1610 4939 τῆς
1649 4873 1824 4938 ἐπηγ-

250 4963 519 5032 γελμένης
547 4966 681 5033 ἡμῖν
713 4966 866 5034 παρὰ
890 4963 1129 5034 Χριστοῦ
1154 4963 1453 5034 βασιλείας⁶
1482 4963 1814 5030 ἀποστῶμεν

246 5055 355 5106 τῶν
381 5054 790 5108 κατασπώντων
820 5057 921 5126 τὴν
953 5055 1132 5124 ψυχὴν
1183 5054 1388 5124 ἡδονῶν
1411 5068 1429 5087 ο
1483 5051 1814 5123 φοϐηθῶμεν

248 5147 347 5214 τὴν
401 5146 780 5216 ὴπειλημένην
819 5145 911 5198 τοῦ
971 5147 1140 5216 πυρὸς
1179 5147 1404 5214 γέενναν
1440 5148 1552 5208 τοῖς
1597 5144 1815 5212 φιληδό-

250 5257 357 5303 νοις
384 5257 398 5273 ο
451 5238 710 5316 φύγωμεν
762 5240 859 5310 τὴν
912 5241 1149 5311 τρυφὴν,
1175 5242 1275 5311 τὴν
1317 5240 1511 5310 μέθην,
1548 5241 1648 5308 τὴν
1676 5256 1812 5308 πορ-

249 5334 416 5395 νείαν,
445 5333 546 5403 τὴν
572 5333 907 5399 πλεονεξίαν,
937 5334 1034 5404 τὴν
1066 5334 1302 5398 ἀδικίαν,
1351 5334 1450 5403 τὴν
1481 5333 1813 5397 κενοδοξίαν,

247 5425 341 5495 τὴν
371 5425 774 5494 ὑπερηφανίαν,
805 5425 866 5478 τὸ
905 5429 1084 5496 μῖσος,
1134 5427 1226 5479 τὸν
1261 5427 1454 5496 θυμὸν,
1491 5425 1589 5496 τὴν
1641 5426 1819 5476 ἁπαν-

249 5516 490 5586 θρωπίαν
513 5533 528 5549 ο
547 5516 640 5570 διὰ
670 5517 840 5570 ταῦτα
875 5517 982 5587 γὰρ
1013 5519 1248 5589 ἄρχοντα
1297 5517 1400 5586 φεῦ
1429 5519 1442 5572 ί
1476 5519 1604 5586 ἡμῖν
1628 5517 1812 5577 αὐτοῖς

248 5614 338 5664 καὶ
368 5610 443 5678 τῷ
473 5611 666 5682 κόσμῳ
718 5613 808 5665 τὸν
866 5614 1106 5685 πονηρὸν
1147 5614 1485 5682 ἐφιστῶμεν.
1539 5611 1810 5680 Ψὺγωμεν

315 5794 332 5822 ’
365 5793 379 5846 l
414 5794 592 5846 ωηο.-
621 5806 672 5856 v,
721 5789 801 5856 19,
877 5791 899 5822 ³
934 5789 1038 5845 lsa.
1077 5806 1168 5854 ιιι,
1201 5791 1286 5846 12.
1367 5795 1386 5822 ε’
1412 5791 1571 5846 Ιιιιηι.
1621 5808 1679 5853 ιι,
1733 5790 1812 5843 16.

1920 4609 2116 4648 nomen
2154 4592 2428 4652 dedimus,
2459 4606 2760 4660 supernum
2791 4595 3170 4651 desideremus
3195 4599 3497 4665 mundum;

1918 4683 2293 4737 desideremus
2317 4697 2540 4749 regnum
2569 4683 2766 4737 nobisa
2788 4683 3008 4738 Christo
3031 4689 3390 4758 promissum;
3417 4709 3498 4745 re-

1920 4779 2175 4832 cedamus
2194 4793 2222 4830 a
2242 4778 2389 4830 vitiis
2411 4792 2531 4840 quae
2553 4779 2791 4831 animam
2810 4789 3049 4834 nostram
3071 4782 3409 4851 disturbant;
3437 4787 3507 4838 ti-

1920 4883 2169 4922 meamus
2201 4869 2503 4937 gehennam
2533 4883 2699 4937 quam
2721 4869 2985 4925 Dominus
3012 4873 3278 4943 voluptati
3303 4878 3504 4933 deditis

1928 4959 2165 5012 minatus
2194 4969 2320 5024 est;
2370 4958 2644 5028 fugiamus
2693 4960 3106 5027 helluationem,
3159 4965 3501 5035 ebrietatem,

1928 5049 2367 5115 fornicationem,
2412 5052 2717 5117 avaritiam,
2751 5051 3096 5127 injustitiam,
3136 5056 3350 5110 inanem
3385 5058 3504 5127 glu-

1925 5145 2088 5208 riam,
2145 5144 2484 5213 snperbiam,
2538 5145 2743 5209 odium,
2789 5125 2950 5209 iram,
3008 5147 3501 5214 inhumanitatem;

1930 5247 2415 5307 nampropterea,
2455 5238 2593 5293 heul
2649 5238 2806 5293 nobis
2855 5249 2909 5293 et
2957 5245 3160 5295 mnmlo
3200 5241 3500 5309 principem

1929 5313 2260 5397 imponimus
2311 5331 2613 5386 diabolum.
2677 5329 2850 5401 Igitur
2905 5331 3177 5400 fugiamus
3212 5333 3502 5387 errantem

1922 5418 2064 5472 hunc
2090 5420 2351 5474 inundnm
2378 5425 2677 5494 mundique
2708 5425 3031 5495 principem,
3055 5434 3108 5479 et
3137 5425 3504 5479 ostendamus

1918 5527 2014 5580 per
2041 5530 2205 5582 opera
2235 5528 2421 5570 nostra
2451 5519 2589 5572 bona
2616 5534 2716 5572 nos
2736 5519 2998 5587 metipsos
3022 5531 3186 5586 opera
3219 5531 3338 5569 esse
3358 5516 3506 5583 epti-

1919 5622 2132 5661 marnm
2201 5608 2292 5663 Dei
2343 5609 2790 5666 manuum.Nam
2842 5611 2915 5664 ita
2944 5609 3084 5665 bene
3137 5607 3504 5677 praesentibus
