4014 6448
320 383 438 447 425

1643 376 1980 442 ΗΟΜΙΜΑ
2021 373 2288 444 XXXIV.

3495 382 3592 450 ise

316 496 466 566 πρὸς
483 493 583 566 τὴν
611 494 887 567 ὑμετέραν
909 443 1156 566 ἀγάπην,
1188 496 1311 550 ἐπεὶ
1336 495 1437 568 τὴν
1479 497 1564 550 ἐπ’
1608 497 1772 568 ὅρους
1815 516 1893 552 σει

2013 509 2248 554 vestram
2273 495 2622 553 dilectionem
2651 498 2827 566 oravi,
2857 500 3001 568 quod
3035 495 3197 554 holie
3232 501 3593 555 venerandam

313 588 466 659 π;ὴν
495 589 590 642 τοῦ
615 589 855 660 Χριστοῦ
877 589 1328 660 Μεταμόρφωσιν
1353 589 1691 660 ἑορτάζομεν
1724 592 1790 662 σή
1803 609 1900 662 με-

239 686 250 696 ’
313 699 439 750 ρον,
476 682 572 735 καὶ
600 682 842 752 περὶτοῦ
875 684 994 737 κατ’
1023 682 1196 752 αὐτὴν
1251 682 1432 751 φωτδς
1469 685 1496 735 6
1544 683 1700 752 λόγος
1744 686 1900 755 ἡμῖν,

309 772 447 826 καθ’
475 766 538 825 οὗ
569 773 735 836 πολύς
767 776 881 827 ἐστι
917 773 1011 826 νῦν
1058 774 1208 842 ἀγὼν
1239 775 1350 838 τοῖς
1381 775 1475 828 τοῦ
1533 776 1708 844 φωτὸς
1743 777 1904 830 πολε-

312 864 495 933 μίοις.
517 864 656 933 Φέρε
679 865 743 936 δὴ
778 867 974 936 μικρὸν
1011 865 1220 919 ἄνωθεν
1265 865 1562 936 προθῶμεν
1600 868 1700 931 τὰς
1731 869 1904 937 σήμε-

311 971 418 1024 ρον
449 955 972 1027 ἀναγινωσκομένας
1005 955 1387 1026 Εύαγγελικὰς
1422 959 1606 1028 φωνάς
1634 961 1715 1024 είς
1767 963 1902 1016 ἀνά-

307 1046 520 1112 πτυξιν
552 1046 648 1099 τοῦ
682 1051 1012 1118 μυστηρίου,
1043 1049 1262 1118 καὶτῆς
1300 1049 1563 1120 ἀληθείας
1616 1055 1902 1121 παράστα-

310 1145 430 1190 σιν.
483 1153 502 1188 ι
543 1135 681 1189 Μεθ’
713 1138 930 1206 ἡμέρας
950 1136 1010 1202 ἐξ
1037 1138 1461 1209 παραλαμϐάνει
1487 1140 1516 1194 6
1553 1138 1762 1210 Ἰησοῦς
1807 1140 1899 1197 τὸν

311 1228 534 1298 Πέτρον
563 1232 661 1284 καὶ
705 1232 964 1286 Ἰάκωϐον
990 1233 1086 1287 καὶ
1137 1231 1393 1306 Ἰωάννην
1413 1235 1506 1290 τον
1547 1236 1777 1307 ἀδελφὸν
1801 1240 1900 1292 αὐ-

306 1323 440 1389 τοῦ,
467 1326 564 1379 καὶ
588 1326 852 1395 ἀναφέρει
883 1325 1081 1389 αὐτοὺς
1105 1326 1186 1388 είς
1205 1324 1330 1396 ὅρος
1357 1326 1562 1398 ὑψηλὸν
1589 1331 1712 1383 κατ’
1738 1330 1894 1398 ίδίαν,

310 1417 417 1468 καὶ
449 1416 848 1486 μετεμορφώθη
883 1416 1195 1487 ἔμπροσθεν
1220 1419 1420 1483 αὐτῶν,
1455 1420 1551 1472 καὶ
1575 1419 1786 1492 ἔλαμψε
1836 1423 1898 1476 τὸ

307 1510 614 1577 πρόσωπον
634 1508 801 1561 αὐτοῦ
825 1509 901 1572 ὡς
951 1510 978 1562 6
1004 1509 1173 1579 ἥλιος.
1221 1527 1238 1561 ι
1276 1510 1445 1565 Τοῦτο
1473 1510 1538 1582 δὴ
1569 1513 1662 1567 τοῦ
1719 1515 1897 1584 Εύαγυ

306 1600 503 1667 γελίου
524 1599 742 1670 πρῶτον
771 1602 1006 1655 κατιδεῖν
1032 1603 1351 1670 ἀναγκαῖον,
1382 1605 1523 1673 μετὰ
1548 1607 1706 1660 ποίαν
1737 1608 1897 1680 ιθο

306 1695 534 1764 ἡμέραν
561 1697 589 1748 6
615 1694 912 1758 ἀπόστολος
945 1693 1046 1748 τοῦ
1085 1694 1324 1762 Χριστοῦ
1380 1696 1477 1749 καὶ
1506 1697 1895 1773 ἐύαγγελιστὴς

308 1787 597 1848 Ματθαϊος
617 1785 715 1848 τὰς
742 1785 801 1852 ἓξ
821 1787 1038 1857 ἡμέρας
1066 1786 1314 1857 ἀριθμεῖ,
1346 1789 1467 1858 μεθ’
1489 1789 1555 1854 ἃς
1592 1792 1626 1861 ἡ
1656 1794 1756 1864 τῆς
1797 1793 1892 1848 τοῦ

313 1878 533 1950 Κυρίου
567 1877 1058 1949 μεταμορφώσεως
1083 1879 1266 1950 ἡμέρα
1305 1882 1534 1953 ἐπέστη·
1571 1886 1709 1954 μετά
1733 1887 1892 1940 ποίαν

305 1969 412 2026 οὖν
440 1970 611 2039 ;Μετ’
641 1969 880 2040 ἐκείνην,
931 1969 1054 2024 καθ’
1088 1973 1155 2042 ἣν
1198 1971 1469 2027 διδάσκων
1521 1977 1649 2037 τοὺς
1692 1978 1892 2034 ἑαυτοῦ

312 2064 568 2133 μαθητὰς
593 2066 621 2118 6
644 2065 872 2134 Κύριος,
896 2063 1104 2132 ἔλεγεν,
1135 2064 1260 2117 Ὀτι
1317 2066 1504 2135 μέλλει
1539 2069 1567 2122 6
1625 2067 1754 2133 Υίὸς
1795 2071 1892 2126 τοῦ

308 2157 607 2228 ἀνθρώπου
631 2157 888 2228 ἔρχεσθαι
917 2160 973 2211 ἐν
998 2161 1064 2229 τῇ
1093 2157 1219 2230 δόξῃ
1278 2160 1374 2214 τοῦ
1428 2163 1641 2233 Πατρὸς
1697 2165 1890 2234 αὐτοῦ,

310 2253 412 2302 καὶ
465 2249 774 2320 προσετίθει
828 2247 1006 2318 λέγων
1037 2265 1053 2283 ο
1085 2268 1104 2301 ‹
1143 2249 1266 2304 ’Ότι
1299 2251 1407 2305 eici
1459 2270 1604 2319 τινες
1647 2255 1756 2310 τῶν
1790 2251 1893 2313 ὧδε

311 2340 628 2410 ἑστηκότων
648 2383 663 2405 ,
685 2341 881 2403 οἵτινες
906 2342 967 2394 ού
998 2341 1074 2412 μὴ
1091 2341 1396 2410 γεύσωνται
1414 2343 1670 2414 θανάτου,
1695 2348 1798 2414 ἐως
1828 2352 1896 2404 au

314 2431 474 2485 ῐδωσι
511 2431 604 2486 τὸν
634 2433 763 2488 Υίὸν
785 2435 879 2488 τοῦ
910 2433 1199 2505 ἀνθρώπου
1229 2434 1520 2505 ἐρχόμενον
1543 2438 1601 2490 ἐν
1625 2441 1692 2510 τῇ
1739 2440 1896 2510 βασι-

311 2523 438 2596 λείᾳ
476 2521 643 2579 αὑτοῦ
666 2542 684 2558 ο
725 2545 745 2579 ι
786 2519 950 2594 δόξαν
970 2526 1067 2581 τοῦ
1108 2525 1321 2597 Πατρὸς
1350 2528 1443 2582 καὶ
1469 2529 1746 2600 βασιλείαν
1764 2535 1894 2590 ἐαυ-

310 2616 412 2668 τοῦ
446 2615 626 2671 καλῶν
659 2618 722 2672 τὸ
746 2618 862 2689 φῶς
892 2619 995 2690 τῆς
1015 2619 1223 2681 οἰκείας
1280 2621 1786 2693 μεταμορφώσεως.

386 2708 559 2763 Τοῦτο
586 2711 680 2765 καὶ
706 2711 735 2764 6
762 2712 1168 2786 Εύαγγελιστὴς
1191 2717 1408 2781 Λουκᾶς
1437 2717 1777 2781 ὑποδεικνὺς,
1802 2717 1898 2773 καὶ⁸

312 2801 649 2874 σαφέστερον
709 2804 1054 2877 ἐκτιθέμενος
1078 2846 1093 2872 ,
1139 2825 1158 2859 ι
1225 2806 1530 2877 Ἐγένοντο,
1565 2809 1722 2880 φησι,
1759 2811 1898 2881 μετὰ

311 2892 444 2957 τοὺς
482 2893 674 2962 λόγους
702 2895 929 2960 τούτους
961 2896 1097 2950 ὡσεὶ
1133 2899 1342 2973 ἡμέραι
1367 2900 1535 2969 ὀκτὼ,
1581 2905 1672 2957 καὶ
1706 2920 1894 2974 παρα-

311 2985 497 3040 λαϐὼν
527 2988 616 3043 τὸν
642 2989 849 3061 Πέτρον
881 2992 976 3045 καὶ
1011 2991 1269 3048 Ἰάκωϐον
1291 2993 1388 3050 καὶ
1422 2994 1698 3067 Ἰωάννην,
1723 2996 1896 3070 ἀνέϐη

313 3081 394 3143 είς
421 3079 481 3132 τὸ
509 3079 632 3152 ὅρος
664 3083 1073 3152 προσεύξασθαι
1099 3102 1114 3118 '
1155 3087 1252 3142 καὶ
1280 3086 1498 3156 ἐγένετο
1531 3089 1590 3142 ἐν
1619 3087 1697 3158 τῷ
1725 3107 1895 3162 προσ-

2008 588 2208 644 Christi
2241 588 2295 643 in
2328 598 2512 644 monte
2552 588 3098 644 translormationetn
3154 589 3477 644 solemniter
3503 605 3590 645 co-

2006 678 2194 745 limus,
2223 679 2551 750 deque‘ejus
2605 679 2816 738 lumine
2853 680 3189 736 instituenda
3230 681 3387 735 nobis
3419 669 3593 736 oratio

2006 781 2111 838 εει,
2143 771 2197 826 in
2231 772 2375 841 quod
2403 773 2700 827 etiamnum
2736 772 2876 828 lucis
2923 773 3176 827 hostibus
3209 774 3442 828 multum
3475 788 3580 828 cer-

2004 873 2187 919 tamen
2217 873 2319 919 est.
2351 862 2666 935 Ageigitur,
2689 877 2883 934 parum
2915 866 3069 920 initio
3101 875 3152 919 et
3186 861 3218 920 a
3247 864 3449 930 fronte,
3477 882 3594 937 qua

2004 957 2258 1026 leguntur
2327 957 2489 1014 hodie
2519 997 2534 1022 ,
2583 971 2852 1028 ponamus
2900 961 3245 1027 evangelica:
3289 973 3450 1015 voces
3477 1003 3492 1024 ,
3526 963 3593 1014 ad

2005 1050 2250 1120 mysterii
2305 1052 2725 1120 explicationem
2791 1067 2855 1107 ac
2886 1053 3238 1107 astruendam
3282 1053 3590 1108 veritatem.

2009 1163 2030 1198 ι
2071 1143 2201 1201 Ροει
2229 1144 2346 1202 dies
2377 1159 2473 1201 sex
2503 1145 2732 1200 assumit
2763 1145 2923 1201 Jesus
2963 1145 3184 1200 Petrum
3240 1156 3292 1200 et
3323 1146 3586 1202 Jacobum

2001 1246 2055 1291 et
2077 1231 2366 1300 Joannem,
2393 1245 2448 1291 et
2475 1236 2625 1292 ducit
2654 1237 2777 1292 illos
2825 1238 2878 1292 in
2920 1249 3160 1292 montem
3201 1239 3500 1305 excelsum,
3536 1249 3593 1295 et

2003 1328 2428 1398 transﬁguratus
2467 1339 2551 1385 est
2599 1338 2727 1385 ante
2759 1345 2876 1382 eos.
2935 1329 3000 1384 Et
3042 1330 3384 1399 resplenduit
3425 1333 3594 1387 facies

1999 1418 2121 1487 ejus
2148 1421 2289 1476 sicut
2315 1420 2396 1476 sol
2435 1419 2503 1475 ιι.
2535 1418 2646 1475 Hoc
2679 1421 2919 1491 primum
2963 1437 3025 1476 ex
3061 1423 3354 1494 Evangelio
3380 1425 3593 1494 perspi-

2000 1513 2212 1568 ciamus
2248 1528 2471 1570 necesse
2506 1523 2613 1578 est,
2670 1514 2950 1570 undenam
2991 1516 3196 1571 Christi
3228 1517 3512 1588 apostolus
3538 1527 3594 1573 et

1998 1605 2331 1676 evangelista
2351 1605 2639 1662 Matthaeus
2673 1621 2768 1662 sex
2819 1608 2938 1663 dies
2964 1618 3267 1673 enumeret,
3295 1618 3417 1679 post
3451 1624 3591 1678 quos

1998 1698 2298 1755 Dominicae
2344 1700 2849 1756 transformationis
2913 1701 3030 1757 dies
3069 1702 3372 1757 advenerit.
3410 1705 3449 1756 A
3479 1718 3590 1772 quo

1999 1791 2164 1863 igitur
2219 1791 2307 1847 die
2345 1791 2479 1847 ?Ab
2511 1806 2576 1849 eo
2621 1793 2848 1865 scilicet,
2883 1791 2938 1849 in
3009 1809 3119 1865 quo
3185 1795 3446 1849 Dominus
3492 1795 3594 1850 do-

1997 1900 2127 1939 cens
2168 1883 2467 1954 discipulos
2513 1901 2645 1942 suos
2692 1886 2878 1942 aiebat
2923 1901 2940 1940 :
2980 1905 3000 1939 ‹
3043 1885 3350 1942 Venturum
3387 1886 3587 1942 Filium

1996 1976 2236 2033 hominis
2263 1977 2316 2032 iu
2349 1978 2518 2048 gloria
2544 1977 2724 2033 Patris
2759 1979 2878 2046 sui;
2916 1998 2934 2031 ι
2981 1979 3320 2046 addiditque,
3353 1979 3583 2036 dicens:

2000 2064 2171 2122 «Sunt
2204 2069 2424 2138 quidam
2457 2068 2524 2125 de
2557 2070 2646 2124 hic
2675 2071 2970 2134 stantibus,
3004 2072 3098 2141 qui
3150 2087 3254 2125 non
3290 2071 3587 2142 gustabunt

1997 2168 2253 2226 mortem,
2285 2161 2459 2216 donec
2488 2161 2710 2215 videant
2740 2159 2936 2214 Filium
2985 2161 3225 2218 hominis
3273 2163 3584 2217 venientem

1997 2249 2051 2304 in
2081 2266 2250 2321 regno
2276 2268 2377 2309 suo
2413 2253 2493 2319 “;
2534 2271 2552 2306 ι
2584 2267 2777 2323 nempe
2807 2251 2988 2308 Patris
3032 2251 3265 2324 gloriam
3299 2268 3362 2308 ac
3410 2255 3584 2322 maje-

1997 2355 2219 2410 statem,
2246 2361 2516 2416 suumque
2541 2360 2791 2417 regnum,
2814 2345 3048 2416 propria:
3077 2345 3261 2400 lumen
3293 2342 3587 2401 Transl‘or—

1999 2437 2258 2492 mntionis
2287 2453 2512 2494 vocans.

2070 2703 2186 2762 Hoc
2217 2721 2435 2778 quoque
2459 2703 2639 2764 Lucas
2669 2708 3005 2780 evangelista
3053 2710 3356 2769 insinuans
3399 2715 3583 2770 mani-

1999 2795 2304 2869 festiusque
2321 2814 2602 2870 exponens
2633 2843 2649 2868 ,
2686 2820 2704 2852 ι
2731 2800 2884 2857 Facti
2917 2812 3067 2867 sunt,
3100 2803 3299 2875 inquit,
3334 2815 3456 2874 post
3484 2809 3582 2861 hos

1999 2906 2306 2957 sermones,
2332 2893 2446 2950 fere
2476 2893 2594 2950 dies
2624 2909 2772 2952 octo.
2805 2893 2871 2948 Et
2899 2909 3186 2968 assumpto
3221 2896 3382 2953 Jesus
3416 2897 3578 2953 Petro

1998 2993 2053 3041 et
2080 2982 2287 3041 Jacobo
2338 2995 2401 3042 ει-
2421 2987 2632 3043 Joanne
2657 3025 2673 3052 ,
2714 2989 2960 3044 ascendit
2991 2989 3048 3043 in
3078 2998 3342 3056 montem,
3370 3001 3436 3066 ut.
3456 3008 3583 3046 ora~

2001 3085 2106 3132 ret.
2142 3077 2208 3132 Et
2238 3078 2383 3134 facta
2413 3086 2519 3146 est,
2568 3078 2698 3135 dum
2740 3090 2947 3149 oraret,
2983 3082 3194 3158 species
3231 3082 3412 3137 vultus
3457 3084 3579 3153 ejus

311 3169 569 3241 εύχεσθαι
613 3174 776 3229 αὑτὸν
808 3175 870 3230 τὸ
896 3172 1043 3241 εἶδος⁹
1075 3176 1170 3233 τοῦ
1219 3179 1513 3249 προσώπου
1556 3179 1722 3235 αὐτοῦ
1776 3180 1893 3234 ἓτε-

1998 3168 2145 3238 alia;
2181 3179 2236 3226 et
2259 3172 2488 3227 vestitus
2516 3171 2639 3244 ejus
2669 3172 2827 3229 albus
2853 3172 3128 3244 refulgens
3165 3173 3230 3230 ".
3268 3194 3287 3228 ι
3336 3175 3406 3232 At
3436 3193 3578 3247 quo-

316 3282 435 3336 ρον,
462 3267 555 3319 καὶ
576 3269 605 3319 6
636 3267 929 3341 ἱματισμὸς
958 3270 1127 3326 αὐτοῦ
1157 3270 1354 3337 λευκὸς
1401 3271 1820 3344 ἐξαστράπτων.
1861 3293 1881 3327 ι

331 3359 494 3414 Ἀλλὰ
528 3360 644 3424 πῶς
672 3363 1063 3432 συμφωνοῦσιν
1087 3365 1364 3437 ἀλλήλοις,
1388 3369 1416 3420 6
1447 3367 1570 3438 μὲν,
1600 3368 1746 3422 ὀκτὼ
1790 3387 1893 3439 φα-

315 3452 488 3521 νερῶς
518 3451 691 3506 εἰπὼν
720 3454 815 3518 τὰς
842 3457 1049 3527 μεταξὺ
1088 3458 1187 3528 τῆς
1244 3458 1579 3528 ἐπαγγελίας
1644 3462 1740 3514 καὶ
1789 3461 1892 3533 τῆς

316 3547 634 3616 ἐπιφανείας
664 3549 945 3621 ἠμέρας,δ
973 3552 1049 3616 δέ,
1073 3553 1192 3622 μεθ’
1223 3555 1440 3624 ἡμέρας
1488 3557 1549 3622 ἐξ
1588 3574 1602 3622 ;
1637 3556 1893 3614 Ἀκούετε

317 3640 411 3692 καὶ
439 3640 667 3693 συνίετε.
707 3641 880 3695 Ὀκτὼ
919 3643 1014 3697 ἐπὶΙ
1042 3646 1135 3698 τοῦ
1158 3645 1319 3716 ὅρους
1342 3643 1502 3718 ἦσαν,
1538 3651 1630 3704 καὶ
1654 3649 1714 3715 ἒξ
1737 3651 1895 3720 ἐφαί-

326 3746 498 3787 νοντο.
538 3733 700 3802 Τρεῖς
731 3726 899 3800 οὗτοι,
932 3735 1137 3804 Πέτρος
1163 3737 1258 3791 καὶ
1291 3737 1549 3803 Ἰάκωϐος
1580 3741 1676 3794 καὶ
1713 3742 1895 3796 Ἰωάν-

322 3842 442 3894 νης,
474 3825 521 3880 οί
541 3826 621 3896 τῷ
658 3825 828 3898 Ἰησοῦ
855 3827 1260 3894 συναναϐάντες
1279 3845 1294 3860 ο
1322 3826 1462 3884 εἶδον
1477 3831 1534 3886 δὲ
1557 3834 1676 3887 ἐκεί
1703 3835 1893 3887 συνόν-

317 3935 416 3995 τας
447 3917 594 3989 αύτῷ
631 3920 726 3973 καὶ
755 3920 1176 3988 συλλαλοῦντας,
1211 3921 1310 3975 καὶ
1367 3922 1461 3977 τδν
1518 3922 1765 3993 Μωῢσῆν
1796 3925 1891 3979 καὶ

317 4012 408 4065 τὸν
446 4010 650 4077 Ἠλίαν,
681 4012 756 4075 ὠς
782 4009 920 4067 εἶναι
977 4015 1201 4078 τούτους
1230 4014 1291 4081 ἐξ
1317 4028 1334 4046 ’
1387 4014 1525 4069 ἀλλὰ
1560 4015 1638 4086 τῷ
1696 4018 1890 4087 Κυρίῳ

321 4102 536 4165 πάντως
588 4103 834 4173 ἀοράτως
867 4104 964 4156 καὶ
993 4103 1022 4156 6
1073 4103 1266 4173 Πατὴρ
1298 4102 1392 4157 καὶ
1447 4106 1508 4157 τὸ
1545 4101 1772 4174 Πνεῦμα
1829 4103 1891 4157 τὸ

320 4195 474 4262 ἅγιον
502 4197 667 4265 συνῆν
689 4212 701 4226 ·
729 4197 758 4249 6
793 4195 892 4266 μὲν
943 4195 1238 4266 μαρτυρῶν
1291 4197 1380 4250 διὰ
1434 4196 1618 4267 φωνῆς
1656 4197 1887 4263 οἰκείας,

318 4289 600 4357 ἀγαπητὸν
667 4289 792 4343 Υἰὸν
848 4286 992 4342 εἶναι
1047 4290 1238 4344 τοῦτον
1286 4287 1483 4342 ἐαυτοῦ
1519 4304 1534 4321 ο
1573 4289 1634 4342 τὸ
1659 4288 1717 4341 δὲ
1794 4286 1886 4341 διὰ

316 4381 411 4452 τῆς
470 4383 736 4452 φωτεινῆς
799 4380 1031 4452 νεφέλης
1080 4381 1495 4452 συνεκλάμπον,
1531 4381 1628 4434 καὶ
1677 4380 1739 4435 τὸ
1788 4378 1885 4432 τοῦ

319 4473 447 4527 Υίοῦ
483 4475 617 4545 πρός
663 4491 723 4527 τε
752 4474 885 4529 αύτδ
929 4475 1022 4528 καὶ
1051 4473 1144 4528 τὸν
1211 4473 1434 4543 Πατέρα
1486 4473 1732 4542 συμφυὲς
1791 4473 1887 4527 καὶ⁸

319 4569 512 4620 ἐνιατον
537 4568 630 4621 τοῦ
659 4569 836 4637 φωτὸς
868 4565 1116 4620 δεικνύον
1149 4580 1162 4597 ·
1187 4565 1398 4620 τούτων
1450 4568 1560 4635 γὰρ
1597 4564 1825 4628 πλοῦτος
1850 4567 1885 4634 ἡ

321 4659 585 4728 συμφυῖα,
613 4660 704 4714 καὶ
737 4660 799 4712 τὸ
829 4659 888 4712 ἓν
937 4659 1149 4728 ἐξαλμα
1206 4659 1305 4729 τῆς
1321 4658 1706 4729 λαμπρότητος
1730 4673 1745 4690 ο
1799 4656 1891 4710 οὕ-

319 4765 420 4814 τως
449 4750 542 4804 οῦν
572 4750 716 4804 ὀκτώ
736 4755 874 4805 εἰσιν
896 4752 946 4804 οἱ
978 4749 1060 4818 ἐξ.
1101 4749 1192 4814 Ὠς
1229 4745 1324 4804 οὖν
1374 4751 1434 4802 ἐν
1488 4749 1698 4811 τούτοις
1741 4748 1893 4802 οὐδε-

327 4845 448 4912 μίαν
467 4845 767 4913 διαφωνίαν
789 4844 907 4914 ἔχει
936 4847 964 4898 6
990 4843 1050 4908 ἒξ
1074 4844 1214 4914 πρὸς
1251 4843 1345 4896 τὸν
1375 4839 1545 4909 ὀκτὼ,
1573 4840 1744 4905 οὕτως
1767 4839 1891 4894 οὐδὲ

321 4937 366 4990 οἱ
387 4937 770 5006 εύαγγελισταὶ
793 4935 1176 5005 διαφωνοῦσιν,
1198 4937 1226 4988 6
1249 4935 1346 5006 μὲν
1369 4933 1540 4986 εἰπὼν
1561 4971 1579 5000 ,
1607 4931 1725 5004 μεθ’
1750 4933 1891 5003 ὴμέ-

322 5044 414 5099 ρας
435 5027 516 5093 EE,
545 5030 572 5081 6
605 5029 662 5082 δέ
703 5029 940 5094 Λουκᾶς,
981 5023 1268 5095 Ἐγένοντο
1328 5025 1469 5095 μετὰ
1528 5025 1652 5086 τοὺς
1700 5022 1892 5091 λόγους

321 5119 538 5182 τούτους
559 5117 634 5184 ὡς
651 5120 854 5191 ἡμέραι
881 5117 1028 5172 ὀκτώ
1053 5133 1068 5150 ο
1102 5115 1220 5170 ἀλλ’
1251 5111 1363 5168 οἷόν
1398 5128 1522 5167 τινα
1554 5112 1722 5166 τύπον
1757 5113 1892 5184 ἡμῖν

333 5209 399 5262 δι’
452 5209 787 5278 ἀμφοτέρων
849 5208 1056 5261 τούτων
1113 5207 1324 5259 ἔδωκαν
1375 5204 1487 5256 τῶν
1541 5203 1717 5270 λόγων
1786 5200 1896 5254 τῶν

322 5307 375 5358 ἐν
427 5303 506 5374 τῷ
550 5303 666 5371 lipsi.
717 5303 1005 5374 μυστικῶς
1063 5301 1180 5370 ἅμα
1211 5299 1305 5353 καὶ
1367 5297 1629 5368 ἐμφανῶς
1650 5295 1893 5349 συνειλέ-

321 5397 553 5466 γμένων.
589 5397 718 5449 Ἰδοι
752 5396 859 5466 γὰρ
885 5394 951 5449 ἄν
980 5411 1061 5458 τις
1092 5393 1234 5446 οὕτω
1265 5393 1360 5446 καὶ
1396 5391 1536 5444 κατὰ
1562 5390 1621 5442 τὸ
1647 5390 1887 5459 γράμμα

321 5489 493 5552 καλῶς
527 5489 768 5556 σκοπῶν,
792 5489 1089 5558 ὁμολόγους
1144 5487 1408 5556 ἀλλήλους
1439 5486 1565 5548 τοὺς
1614 5484 1883 5553 θεοκήρυ-

325 5597 452 5645 κας·
485 5580 632 5634 ὀκτὼ
667 5583 775 5649 γὰρ
803 5577 956 5634 εἶπεν
989 5582 1018 5633 ὁ
1051 5579 1266 5642 Λουκᾶς
1296 5577 1532 5648 ἡμέρας,
1569 5575 1630 5628 ού
1680 5575 1885 5645 διαφω·

323 5675 421 5730 νῶν
453 5675 589 5746 πρὸς
616 5675 840 5739 ἐκεῖνον,
881 5675 1105 5727 εἰπόντα
1171 5672 1289 5744 μεθ’
1343 5671 1556 5741 ἡμέρας
1613 5667 1694 5734 ἐξ,
1746 5668 1882 5722 ἀλλὰ

387 5856 429 5888 ¹¹
458 5855 647 5912 Matth.
687 5870 817 5918 xvtt,
853 5853 873 5908 ί
904 5869 1060 5923 seqq.

647 5955 760 6015 Pu
775 5969 916 6015 non.
955 5953 1070 6013 Gn.
1107 5949 1231 6018 CLI

1999 3279 2126 3319 nam
2163 3265 2326 3321 modo
2356 3266 2502 3323 inter
2539 3281 2597 3323 se
2621 3267 2994 3333 consentiunt,
3030 3284 3156 3325 cum
3188 3271 3326 3326 alter
3354 3273 3573 3342 quidem

1999 3367 2126 3412 octo
2155 3359 2331 3428 palam
2365 3359 2481 3415 dies
2513 3359 2896 3417 intercessisse
2928 3363 3076 3418 dicat
3109 3379 3138 3418 a
3179 3365 3576 3434 pollicitatione

1997 3449 2066 3504 ad
2098 3451 2459 3521 apparitionis
2489 3451 2654 3518 diem,
2717 3454 2853 3508 alter
2874 3469 3025 3520 vero,
3051 3472 3069 3507 ι
3103 3465 3228 3526 post
3254 3471 3348 3512 sex
3384 3458 3524 3522 dies,
3554 3481 3572 3510 ι

1998 3542 2235 3598 habeat?
2255 3543 2454 3599 Audite
2486 3559 2552 3598 ac
2582 3545 2893 3616 intelligite.
2918 3545 3058 3602 Octo
3089 3559 3246 3602 erant
3280 3549 3332 3602 in
3363 3560 3572 3618 monte,

1995 3645 2052 3690 et
2078 3650 2173 3690 sex
2204 3637 2564 3705 apparebant.
2592 3637 2865 3692 Nimirum
2904 3639 2960 3694 hi
2999 3649 3133 3705 tres,
3165 3634 3362 3697 Petrus
3404 3651 3458 3698 et
3482 3641 3576 3697 Ja-

1995 3726 2165 3785 cobus
2201 3737 2259 3784 et
2283 3727 2547 3796 Joannes,
2583 3731 2676 3800 qui
2711 3745 2838 3785 cum
2875 3728 3004 3787 Iesu
3037 3733 3402 3788 ascenderant
3432 3777 3447 3800 ,
3487 3737 3573 3789 vi-

1997 3821 2310 3892 deruntque
2363 3821 2436 3876 ibi
2488 3831 2774 3876 versantes
2815 3837 2938 3876 cum
2989 3821 3140 3887 Jesu,
3189 3825 3352 3894 eique
3401 3827 3575 3880 collo~

1995 3919 2251 3983 quentes,
2272 3909 2495 3982 Moysen
2530 3921 2577 3966 el
2613 3908 2787 3965 Etiam
2818 3912 2946 3966 :sed
2974 3924 3022 3967 et
3055 3910 3215 3968 Pater
3245 3922 3300 3967 et
3331 3914 3572 3984 Spiritus
3663 3951 3666 3954 η

1994 4013 2222 4060 sanctus
2279 3997 2542 4058 invisibili
2597 4017 2830 4072 prorsus
2877 4019 3002 4058 cum
3067 4004 3298 4061 Domino
3358 4008 3570 4062 ratione

1992 4104 2150 4150 erant
2180 4112 2194 4150 :
2231 4095 2370 4149 alter
2398 4093 2619 4165 quidem
2650 4109 2782 4150 voce
2839 4110 2942 4151 sua
2995 4103 3255 4152 testatum
3313 4098 3569 4164 reddens,

1993 4201 2115 4242 esse
2147 4187 2295 4241 hunc
2339 4185 2540 4241 Filium
2593 4201 2752 4240 suum
2798 4187 3213 4256 charissnnum,
3252 4188 3389 4243 alter
3442 4205 3572 4244 vero

1995 4283 2046 4335 iu
2081 4282 2228 4337 nube
2288 4281 2469 4336 lucida
2503 4281 2708 4352 pariter
2753 4281 3042 4352 effulgens,
3093 4281 3328 4354 Filiique
3381 4300 3570 4338 secum

1991 4385 2046 4426 et
2094 4389 2217 4428 cum
2279 4375 2440 4428 Patre
2491 4374 2635 4429 lucis
2687 4375 3138 4443 coniunctimem
3190 4391 3254 4430 ac
3303 4379 3568 4432 unitatem

1995 4464 2318 4521 ostendens.
2355 4464 2564 4520 Horum
2596 4467 2744 4520 enim
2777 4467 3058 4536 opulentia
3114 4469 3435 4536 conjunctio
3487 4482 3573 4526 est

1996 4575 2212 4628 unaque
2243 4556 2550 4630 splendoris
2574 4558 2924 4629 prosultatio.
2955 4555 3046 4614 Sic
3074 4560 3240 4630 igitur
3266 4573 3396 4619 sunt
3424 4573 3568 4619 nclo.

1991 4651 2472 4719 Quemadmodum
2526 4651 2691 4723 igitur
2737 4651 2873 4706 nihil
2912 4653 3000 4706 hic
3035 4655 3283 4710 dissonat
3317 4658 3570 4712 senarius

1991 4746 2060 4800 ab
2093 4743 2379 4800 octonario
2402 4779 2418 4809 ,
2455 4744 2537 4799 sic
2577 4758 2756 4813 neque
2806 4744 3264 4814 evangelistarum
3295 4746 3402 4800 ulla
3445 4748 3565 4802 dis-

1990 4835 2181 4891 cordia
2240 4845 2344 4902 est,
2377 4835 2522 4905 quod
2558 4835 2698 4890 alter
2724 4835 2949 4899 dixerit,
2989 4855 3008 4888 ι
3043 4846 3166 4908 post
3215 4837 3332 4894 dies
3375 4855 3467 4894 sex
3497 4857 3511 4907 ;
3546 4861 3566 4894 ι

1993 4926 2170 4982 Lucas
2197 4943 2328 4983 vero
2363 4944 2444 4981 ιιι
2479 4927 2631 4983 Facti
2665 4937 2796 4983 sunt
2831 4939 2956 4998 post
2983 4930 3083 4984 hos
3123 4945 3412 4988 sermones
3460 4933 3575 4986 fere

1992 5021 2112 5075 dies
2143 5029 2307 5085 octo;
2341 5037 2359 5071 ι
2394 5020 2490 5075 sed
2529 5019 2780 5090 utrisque
2812 5021 2966 5076 velut
2996 5024 3352 5092 spectandam
3387 5023 3569 5089 nobis,

1990 5127 2181 5168 eorum
2211 5127 2333 5182 quin
2349 5113 2620 5168 secretius
2641 5113 2832 5181 simul,
2864 5121 2922 5168 et
2945 5129 3067 5184 quze
3096 5115 3273 5184 palam
3307 5117 3357 5169 in
3385 5128 3572 5170 monte

1990 5205 2306 5261 consociata
2339 5213 2547 5271 essent,
2582 5208 2820 5274 speciem
2855 5205 3076 5262 dedere.
3129 5205 3220 5262 Sic
3264 5209 3409 5262 enim
3443 5210 3568 5276 quis

1991 5298 2057 5351 ad
2089 5297 2327 5352 litteram
2353 5313 2578 5368 quoque
2610 5299 2716 5352 rite
2741 5297 3127 5362 considerans,
3172 5299 3316 5352 inter
3347 5315 3406 5353 se
3436 5316 3569 5353 eon-

1993 5390 2188 5443 cordes
2222 5388 2436 5444 divinos
2473 5403 2754 5458 praecones
2783 5388 3098 5444 adverterit.
3150 5387 3288 5444 Octo
3331 5405 3569 5454 namque

1994 5480 2112 5534 dies
2147 5481 2283 5534 dixit
2311 5481 2502 5536 beatus
2535 5480 2736 5544 Lucas,
2793 5497 2899 5533 non
2945 5480 3014 5533 ab
3041 5495 3108 5534 eo
3142 5480 3433 5545 dissidens,
3471 5481 3566 5549 qui

1999 5590 2017 5623 ι
2059 5586 2183 5644 post
2232 5588 2324 5628 sex
2353 5573 2490 5639 dies,
2526 5592 2544 5625 ι
2587 5571 2834 5635 dixerat;
2881 5571 2972 5626 sed
3026 5571 3172 5624 velut
3221 5571 3565 5641 complexus,

1993 5674 2110 5720 tum
2145 5682 2266 5722 eam
2302 5666 2470 5736 diem,
2506 5682 2610 5738 qua
2648 5680 2930 5724 sermones
2977 5664 3142 5718 habiti
3175 5675 3388 5732 ετεειιι,
3444 5675 3559 5721 tum

1138 5855 1180 5886 "
1214 5853 1400 5909 Matth.
1429 5869 1537 5910 ..Vl.
1565 5851 1653 5907 ‘27.
1738 5851 1779 5884 "
1821 5850 1955 5905 Luc.
1994 5867 2070 5917 tx,
2109 5850 2200 5906 28.

3137 5947 3210 6010 llr-
