4014 6426
367 395 480 462 42‘)

1688 391 2017 451 HOMILIA
2066 388 2338 449 XXXIV.

3526 387 3634 451 430

367 512 577 575 οἰκείας
613 508 921 580 περιωπῆς,
952 507 1090 561 τὸδὲ
1138 507 1290 577 ἡμᾶς
1345 505 1562 572 ἀνάγων
1606 504 1793 570 ἐκτῆς
1845 503 1946 556 κά·

2075 500 2139 554 rel
2169 499 2365 555 leviter
2399 504 2648 570 capiatur
2697 517 2726 557 a
2780 514 2975 558 natura
3006 513 3212 568 creata,
3268 511 3321 558 et
3369 508 3634 570 quantum

367 604 545 658 τωθεν
578 601 988 664 ταπεινώσεως,
1017 599 1106 652 ἵνα
1137 598 1364 676 χωρηθῇ
1404 597 1643 667 μετρίως
1671 596 1802 662 γοῦν
1829 612 1951 663 γεν-

363 699 504 766 νητῇ
543 695 725 763 φύσει,
753 695 848 747 καὶ
881 693 1006 746 ὅσον
1061 690 1306 759 ἀσφαλὲς
1350 690 1379 742 ὀ
1423 688 1727 760 ἀχώρητος.
1779 689 1846 741 Ἥ
1893 686 1951 740 δὲ

366 787 597 855 τοιαύτη
630 784 902 855 φαντασία
959 785 1020 836 οὐ
1059 783 1152 836 τοῦ
1179 781 1270 834 νοῦ
1296 781 1515 852 χείρων,
1577 781 1714 833 ἀλλὰ
1770 780 1952 849 πολλῷ

369 879 640 950 κρείττων
666 878 761 930 καὶ
792 875 1126 946 ὑψηλοτέρα,
1155 874 1229 936 ὡς
1265 873 1596 942 ἐγγινομένη
1633 874 1698 943 τῇ
1717 872 1950 941 δυνάμει

369 973 463 1025 τοῦ
491 973 636 1024 θείου
657 969 997 1039 Πνεύματος.
1037 969 1111 1021 Οὐ
1139 968 1348 1035 γίνεται
1381 964 1676 1036 τοιγαροῦν
1704 966 1954 1018 καὶάπο-

369 1063 602 1133 γίνεται,
626 1062 746 1115 οὐδὲ
775 1061 1188 1131 περιγράφεται
1214 1057 1326 1112 οὐδ’
1375 1058 1671 1127 αἰσθητικῇ
1722 1057 1952 1126 δυνάμει

373 1157 675 1209 ὑποπίπτει
715 1154 774 1207 τὸ
805 1153 918 1222 φῶς
948 1154 1047 1222 τῆς
1069 1153 1163 1204 τοῦ
1200 1151 1408 1219 Κυρίου
1447 1148 1950 1220 μεταμορφώσεως,

372 1249 423 1300 εἰ
457 1250 548 1300 καὶ
575 1247 643 1299 δι’
674 1244 972 1315 ὀφθαλμῶν
1010 1240 1338 1313 σωματικῶν
1371 1239 1636 1310 ἑώραται,
1691 1237 1788 1291 καὶ
1816 1237 1953 1308 πρὸς

371 1339 554 1406 ὀλίγον
583 1338 796 1410 χρόνον,
829 1337 926 1389 καὶ
955 1336 1014 1386 ἐν
1076 1333 1311 1405 βραχείᾳ
1345 1332 1439 1386 τοῦ
1499 1332 1662 1402 ὅρους
1716 1333 1952 1403 κορυφῇ,

374 1432 493 1486 ἀλλ’
523 1431 630 1483 ἀπὸ
690 1430 792 1499 τῆς
851 1427 1055 1498 σαρκὸς
1085 1428 1179 1480 ἐπὶ
1229 1425 1291 1478 τὸ
1360 1423 1588 1494 Πνεῦμα
1640 1422 1956 1493 τηνικαῦτα

375 1523 518 1575 κατά
549 1521 900 1587 τδνείπόντα,
934 1537 952 1570 ι
978 1515 1306 1586 Μετέϐησαν
1327 1515 1377 1568 οἱ
1399 1513 1492 1567 τοῦ
1519 1513 1725 1584 Κυρίου
1754 1513 1955 1582 μύσται

371 1617 441 1685 τῇ
471 1611 744 1680 ἐναλλαγῇ
811 1610 920 1663 τῶν
954 1610 1281 1678 αἰσθήσεων,
1307 1608 1374 1679 ἥν
1398 1607 1582 1670 αὐτοῖς
1610 1607 1671 1658 τὸ
1732 1604 1956 1672 Πνεῦμα

375 1708 706 1774 ἐνήργησε,›
747 1701 842 1755 καὶ
873 1699 1046 1762 οὕτως
1067 1696 1229 1763 εἶδον,
1255 1697 1314 1751 οῦ
1351 1715 1410 1750 τε
1442 1697 1535 1750 καὶ
1559 1697 1644 1765 ἐφ’
1677 1697 1798 1748 ὅσον
1828 1696 1955 1765 ἐχα-

375 1796 571 1865 ρίσατο
598 1793 864 1862 τούτοιςὴ
887 1791 980 1844 τοῦ
1038 1791 1183 1845 θείου
1240 1789 1558 1860 Πνεύματος
1609 1787 1862 1857 δύναμις,
1896 1785 1957 1840 τὺ

374 1883 694 1951 ἀπόρρητον
721 1883 898 1934 ἐκεῖνο
931 1877 1068 1950 φῶς.

448 1974 514 2025 Ὃ
543 1971 620 2042 μὴ
647 1971 952 2033 συνιδόντες
982 1973 1030 2023 οἱ
1056 1971 1151 2024 νῦν
1183 1973 1263 2034 είς
1286 1969 1445 2025 τοῦτο
1472 1972 1950 2046 βλασφημοῦντες,

374 2062 667 2134 αἰσθητικῇ
698 2079 756 2115 τε
787 2064 880 2115 καὶ
907 2066 1099 2134 κτιστῇ
1126 2061 1356 2134 δυνάμει
1384 2049 1510 2128 τοῦς
1528 2067 1820 2137 ἐκκρίτους
1849 2069 1958 2124 τῶν

377 2155 694 2209 ἀποστόλων
751 2155 878 2208 ἰδεῖν
937 2153 1195 2226 ᾠήθησαν
1233 2156 1292 2209 τὸ
1309 2156 1426 2225 φῶς
1470 2160 1566 2228 τῆς
1599 2158 1694 2214 τοῦ
1749 2162 1957 2233 Κυρίου

382 2248 884 2318 μεταμορφώσεως,
917 2250 1012 2302 καὶ
1054 2249 1143 2302 διά
1178 2249 1339 2303 τοῦτο
1387 2254 1683 2324 κατασπᾷν
1744 2255 1960 2326 ἐπιχει-

384 2339 568 2409 ροῦσιν
603 2341 682 2402 είς
749 2338 956 2409 κτίσμα
987 2339 1062 2409 μὴ
1090 2339 1252 2410 μόνον
1283 2339 1344 2393 τὸ
1373 2341 1487 2410 φῶς
1520 2342 1717 2409 ἐκεῖνο,
1746 2343 1846 2415 τὴν
1865 2343 1960 2400 τοῦ

378 2429 518 2484 Θεοῦ
544 2430 703 2496 δόξαν
724 2433 819 2486 καὶ
851 2429 1153 2501 βασιλείαν,
1186 2431 1324 2485 ἀλλὰ
1355 2433 1449 2486 καὶ
1464 2431 1564 2503 τὴν
1601 2431 1834 2504 δύναμιν
1865 2435 1960 2490 τοῦ

381 2520 532 2573 θείου
566 2519 911 2589 Πνεύματος,
940 2519 1008 2574 δι’
1034 2516 1102 2592 ἦς
1133 2521 1202 2574 τά
1224 2521 1344 2575 θεῖα
1372 2521 1484 2585 τοῖς
1524 2522 1699 2588 ἀξίοις
1751 2525 1965 2578 ἀποκα-

379 2609 666 2666 λύπτεται.
690 2612 764 2665 Οὐ
789 2612 896 2684 γὰρ
920 2613 1179 2684 ἥκουσαν,
1216 2614 1248 2686 ἢ
1281 2615 1381 2669 οὐκ
1402 2615 1733 2671 ἐπίστευσαν
1767 2618 1966 2691 Παύλῳ

380 2705 614 2773 λέγοντι·
645 2708 747 2762 «Ἃ
775 2707 1052 2777 ὀφθαλμὸς
1077 2707 1180 2762 οὐκ
1205 2706 1337 2776 εἶδε,
1374 2710 1469 2764 καὶ
1492 2710 1586 2776 οῦς
1611 2714 1713 2766 οὐκ
1735 2713 1964 2782 ἤκουσε,

383 2800 480 2853 καὶ
500 2800 595 2852 ἐπὶ
627 2801 854 2870 καρδίαν
888 2801 1177 2871 ἀνθρώπου
1210 2805 1311 2856 οὐκ
1350 2804 1542 2875 ἀνέϐη,
1603 2805 1640 2860 ἃ.
1664 2807 1967 2877 ἡτοίμασεν

382 2893 413 2945 ὀ
445 2891 578 2955 Θεὸς
611 2894 724 2952 τοῖς
757 2893 1050 2960 ἀγαπῶσιν
1086 2895 1270 2960 αὑτὸν,
1296 2897 1428 2966 ἡμῖν
1463 2896 1521 2949 δὲ
1550 2898 1906 2968 ἀπεκάλυψεν
1939 2901 1968 2952 ὁ

384 2984 520 3047 Θεὸς
553 2983 641 3039 διὰ
671 2984 764 3039 τοῦ
807 2985 1123 3055 Πνεύματος
1185 2986 1395 3041 αὐτοῦ’
1456 2989 1516 3040 τὸ
1577 2987 1688 3058 γάρ
1747 2989 1971 3060 Πνεῦμα

385 3079 586 3151 ἐρευνᾷ
611 3081 705 3132 καὶ
741 3080 812 3132 τὰ
828 3079 967 3150 βάθη
993 3079 1084 3133 τοῦ
1105 3078 1268 3133 Θεοῦ.
1315 3099 1334 3132 ι
1407 3080 1569 3134 Ἀλλὰ
1627 3082 1724 3151 τῆς
1776 3083 1971 3153 ὀγδόης

385 3173 714 3237 ἐπιστάσης,
739 3173 995 3242 καθάπερ
1026 3171 1267 3242 εἴρηται,
1318 3171 1660 3243 παραλαϐὼν
1689 3176 1715 3227 ό
1763 3175 1969 3246 Κύριος

386 3265 479 3317 τὸν
513 3264 715 3333 Πέτρον
747 3264 840 3317 καὶ
874 3261 1130 3317 Ἰάκωϐον
1162 3265 1259 3318 καὶ
1324 3264 1601 3335 Ἰωάννην.
1663 3264 1832 3336 ἀνέϐη
1890 3265 1972 3329 είς

388 3356 454 3408 τδ
484 3355 608 3423 ὅρος
637 3355 1081 3424 προσεύξασθαι·
1115 3355 1202 3408 ἀεὶ
1242 3356 1351 3427 γὰρ
1393 3355 1426 3425 ἢ
1460 3356 1708 3424 πάντων,
1745 3359 1840 3410 καὶ
1872 3359 1973 3410 αὐ-

388 3449 500 3502 τῶν
538 3449 645 3502 τῶν
677 3449 1012 3524 ἀποστόλων,
1052 3449 1208 3520 192
1245 3449 1548 3520 ἀποχωρῶν
1593 3453 1752 3520 μόνος
1799 3467 1971 3520 προσ-

389 3543 606 3614 ηύχετο,
638 3541 888 3612 καθάπερ
931 3543 1091 3612 ἡνίκα
1150 3546 1275 3606 τοὶς
1335 3542 1812 3612 πεντακισχιλίους
1871 3545 1971 3596 σὺν

394 3636 609 3706 γυναιξὶ
633 3638 728 3691 καὶ
750 3636 983 3699 παιδίοις
1009 3636 1172 3689 πέντε
1208 3635 1396 3707 ἄρτοις
1439 3635 1536 3688 καὶ
1568 3635 1720 3687 δυσὶν
1761 3633 1974 3704 ἰχθύσιν

392 3731 658 3802 ἐξέθρεψε
685 3747 700 3761 °
735 3733 993 3803 πάραυτα
1018 3730 1126 3800 γὰρ
1162 3730 1370 3793 πάντας
1402 3720 1708 3794 ἀπολύσας,
1737 3729 1974 3790 καὶτοὺς

398 3829 646 3900 μαθητὰς
677 3827 884 3890 πάντας
919 3827 1236 3895 ἀναγκάσας
1273 3825 1512 3895 ἐμϐῆναι
1547 3827 1626 3888 είς
1672 3823 1734 3877 τὸ
1765 3824 1973 3884 πλοῖον,

394 3921 555 3982 αὐτὸς
582 3917 749 3988 ἀνέϐη
779 3920 859 3982 εἰς
897 3917 959 3970 τὸ
992 3917 1117 3988 ὀρος
1147 3917 1556 3988 προσεύξασθαι
1589 3932 1602 3945 ⁸
1653 3917 1686 3986 ἢ
1756 3931 1976 3984 συμπα-

399 4010 766 4082 ραλαμϐάνων
796 4007 1034 4075 ὀλίγους,
1067 4008 1160 4060 καὶ
1192 4008 1320 4070 τοὺς
1371 4007 1480 4060 τῶν
1527 4007 1719 4092 ,ἄλλων
1769 4007 1974 4076 ὑπερέ-

395 4120 591 4175 χοντας
626 4100 742 4172 μεθ’
778 4097 975 4154 ἑαυτοῦ
999 4113 1013 4127 °
1044 4098 1254 4151 καὶτοῦ
1315 4098 1590 4170 σωτηρίου
1609 4100 1718 4168 γὰρ
1761 4098 1977 4160 πάθους

398 4197 788 4267 προσάγοντος,
818 4195 931 4255 τοῖς
961 4192 1060 4261 μὲν
1083 4191 1263 4256 ἄλλοις
1287 4187 1576 4263 μαθηταῖς
1608 4209 1765 4263 φησι,
1806 4191 1978 4246 Καθί-

399 4305 529 4345 σατε
547 4283 796 4350 ὧδε,ἓως
830 4284 1202 4357 προσεύξομαι
1227 4301 1240 4315 °
1303 4284 1731 4356 παραλαμϐάνει
1787 4285 1845 4340 δὲ
1885 4287 1978 4341 τὸν

399 4382 605 4450 Πέτρον
639 4380 732 4432 καὶ
763 4380 1018 4434 Ἰάκωϐον
1040 4379 1132 4431 καὶ
1165 4379 1423 4449 Ἰωάννην
1446 4378 1566 4447 μεθ’
1595 4379 1814 4433 ἑαυτοῦ.
1842 4379 1980 4434 Teti-

396 4491 525 4537 τους
549 4468 640 4526 οὖν
670 4470 948 4524 κάνταῦθα
975 4471 1172 4540 μόνους
1209 4469 1566 4542 παραλαϐὼν,
1595 4473 1866 4542 ἀναφέρει
1894 4474 1976 4536 είς

399 4566 524 4637 ὅρος
556 4565 756 4635 ὑψηλὸν
790 4561 914 4617 κατ’
953 4563 1113 4627 ἰδίαν,
1165 4562 1259 4615 καὶ
1316 4563 1722 4634 μετεμορφώθη
1765 4563 1976 4634 ἐμπρο-

402 4660 532 4712 σθεν
550 4660 748 4723 αὐτῶν,
780 4656 1058 4711 τουτέστιν
1083 4655 1263 4708 αὐτῶν
1285 4655 1562 4725 ὁρώντων.
1589 4656 1655 4709 Τί
1689 4657 1828 4722 ἐστι,
1865 4659 1981 4711 Με-

402 4749 731 4821 τεμορφώθη
757 4767 772 4815 ;
806 4747 969 4818 φησιν
1001 4750 1028 4800 ὁ
1057 4747 1444 4816 Χρυσόστομος
1483 4747 1758 4816 θεολόγος.
1797 4750 1984 4820 Παρή-

405 4844 598 4910 νοιξεν,
625 4841 699 4903 ὡς
725 4841 1039 4910 εὐδόκησεν,
1065 4839 1246 4908 ὀλίγον
1284 4840 1380 4909 τῆς
1409 4839 1682 4910 θεότητος,
1730 4840 1826 4894 καὶ
1871 4841 1984 4904 τοῖς

409 4935 642 5006 μύσταις
668 4931 834 4998 ἔδειξε
870 4932 960 4984 τὸν
997 4929 1313 4983 ἐνοικοῦντα
1359 4929 1515 4983 Θεόν.
1570 4929 1820 4999 Ἐγένετο
1875 4931 1982 5003 γὰρ

403 5029 465 5082 ὲν
486 5025 564 5098 τῷ
591 5024 989 5096 προσεύχεσθαι
1027 5021 1211 5084 αὐτὸν,
1259 5021 1382 5077 me
1427 5020 1645 5083 Λουκᾶς
1703 5037 1861 5091 φησι,
1923 5020 1986 5072 τὸ

404 5114 550 5182 εἶδος
603 5114 772 5170 αὑτοῦ
839 5115 1068 5184 ἕτερον·
1117 5111 1339 5182 λάμψαν
1386 5111 1578 5182 ὥσπερ
1628 5112 1801 5183 ἣλιος,
1841 5111 1916 5174 ὡς
1959 5115 1987 5166 ὁ

402 5211 684 5271 Ματθαῖος
713 5208 938 5276 γράφει.
982 5206 1070 5268 Ὠς
1093 5205 1242 5274 ἥλιος
1273 5202 1331 5256 δὲ
1353 5199 1530 5268 εἶπεν,
1559 5204 1656 5274 οὐχ
1679 5204 1767 5257 ἵνα
1789 5205 1986 5273 αἰσθη-

404 5305 498 5356 τὸν
518 5303 743 5373 ὲννοήσῃ
777 5317 862 5363 τις
899 5297 960 5351 τὸ
1017 5297 1132 5367 φῶς
1193 5299 1392 5362 ἐκεῖνο,
1454 5296 1638 5365 ἄπαγε
1698 5297 1796 5367 τῆς
1844 5299 1988 5351 κατὰ

405 5395 532 5451 νοῦν
557 5393 819 5462 ὰϐλεψίας
846 5393 955 5445 τῶν
989 5390 1159 5461 μηδὲν
1193 5390 1302 5443 τῶν
1327 5389 1451 5442 κατ’
1497 5389 1758 5461 αίσθησιν
1803 5409 1990 5459 φαινο-

410 5492 588 5562 μένων
621 5488 952 5558 ὑψηλότερον
975 5484 1176 5536 ἐννοεῖν
1205 5482 1524 5551 δυναμένων
1552 5483 1564 5534 l
1595 5483 1710 5534 ἀλλ’
1733 5483 1818 5535 ἵνα
1849 5483 1990 5550 γνῶ·-

409 5599 529 5652 μεν,
558 5581 640 5633 ὅτι
668 5577 695 5631 ὃ
725 5578 839 5640 τοῖς
878 5573 1001 5628 κατ’
1025 5573 1280 5642 αἴσθησιν
1325 5572 1486 5637 ζῶσι,
1551 5571 1648 5624 καὶ
1686 5571 1754 5624 δι’
1792 5572 1988 5643 αἰσθή-

408 5667 774 5743 σεωςοόρῶσίν
822 5667 1017 5721 ἐστινὸ
1047 5663 1224 5736 ἥλιος,
1257 5664 1417 5716 τοῦτο
1442 5666 1554 5725 τοῖς
1597 5664 1738 5718 κατὰ
1773 5664 1989 5734 πνεῦμα

409 5766 570 5832 ζῶσι,
606 5765 698 5819 καὶ
748 5766 806 5818 ὲν
859 5758 1137 5829 πνεύματι
1198 5756 1400 5828 όρῶσίν
1465 5757 1615 5810 ἐστιν
1669 5760 1696 5810 ὁ
1748 5758 1987 5826 Χριστὸς

2059 591 2136 644 illi
2168 599 2343 646 tutum
2399 602 2501 658 cst,
2536 595 2628 663 qui
2660 595 2773 664 ipse
2804 596 2922 664 capi
2962 611 3070 649 non
3105 606 3285 665 potest
3319 610 3381 647 ac
3423 596 3636 652 inconv

2058 683 2447 752 prcliensiltilis
2480 692 2586 742 est.
2621 704 2638 735 ι
2680 685 3028 754 Ejuscentodi
3068 698 3276 744 autem.
3319 687 3638 744 informatio

2059 776 2191 829 nihil
2234 777 2601 846 intelligentia
2637 779 2879 835 deterior
2911 791 3014 844 est,
3063 782 3156 836 sed
3186 781 3346 851 longe
3377 797 3641 849 putessau-

2062 870 2166 921 tior
2211 884 2276 922 ac
2304 869 2618 935 sublimior,
2679 880 2737 925 ut
2784 887 2901 940 qlue
2950 874 3123 927 divini
3157 871 3394 942 Spiritus
3437 874 3640 926 virtute

2061 957 2172 1020 fiat,
2201 958 2433 1026 ejusque
2463 958 2758 1029 impressio
2785 965 3034 1016 exsistat.
3071 961 3185 1014 Non
3214 963 3397 1031 itaque
3424 964 3638 1016 accedit

2059 1065 2125 1102 ac
2160 1051 2395 1113 decedit,
2456 1061 2552 1106 aut
2601 1052 3100 1118 circumscribitur,
3158 1057 3240 1108 vel
3291 1054 3393 1107 sub
3443 1041 3639 1110 sensus

2060 1139 2372 1196 facultatem
2415 1143 2563 1199 cadit
2608 1145 2788 1199 lumen
2829 1146 3125 1201 Dominicae
3194 1151 3641 1204 [ratu-formatio-

2060 1233 2184 1300 nis;
2221 1237 2437 1291 tametsi
2473 1238 2649 1294 oculis
2684 1240 2968 1307 corporeis
3021 1240 3198 1294 visum
3234 1251 3349 1306 est,
3389 1253 3551 1310 atque
3589 1244 3640 1296 i.l

2059 1322 2126 1376 ad
2167 1325 2448 1379 modicum
2481 1335 2719 1395 tempus,
2754 1339 2808 1382 et
2845 1330 2896 1382 in
2940 1331 3145 1386 montis
3177 1332 3375 1400 exiguo
3405 1334 3639 1399 vertice;

2061 1415 2154 1469 sed
2179 1413 2337 1483 juxta
2370 1433 2493 1471 eum
2529 1421 2623 1488 qui
2655 1422 2771 1476 ait:
2809 1440 2826 1472 ι
2867 1421 2912 1474 Α
2945 1437 3109 1478 carne
3133 1424 3198 1477 ad
3229 1426 3480 1493 spiritum
3513 1435 3643 1480 tunc

2063 1507 2314 1562 translati
2353 1509 2570 1565 Domini
2601 1511 2860 1582 discipuli
2902 1519 3051 1578 sunt,
3089 1530 3353 1569 sensuum
3388 1517 3646 1571 immuta-

2063 1597 2232 1662 tione,
2284 1615 2449 1669 quam
2515 1602 2569 1655 in
2627 1604 2736 1658 illis
2779 1604 3020 1673 Spiritus
3071 1607 3222 1664 fecit.
3260 1627 3279 1660 ι
3316 1608 3482 1678 Inque
3519 1626 3644 1665 eum

2065 1693 2286 1744 modum
2324 1693 2610 1760 viderunt,
2646 1698 2806 1767 cujus
2844 1699 2951 1754 illis
2988 1709 3044 1755 et
3072 1712 3336 1770 quantum
3377 1720 3650 1760 commer-

2065 1781 2211 1834 cium
2262 1781 2516 1848 indu'sit,
2560 1785 2969 1858 inexplicabilis
3007 1793 3158 1850 illius
3195 1797 3442 1859 luminis,
3475 1797 3645 1851 divini

1990 1848 2029 1902 Β
2063 1867 2303 1941 Spiritus
2346 1875 2542 1932 virtus.

2128 1962 2282 2032 Quod
2314 1981 2423 2023 non
2462 1969 2853 2041 iutelligentes,
2909 1977 3003 2045 qui
3043 1993 3190 2033 nunc
3243 1981 3295 2034 in
3330 1981 3460 2036 illud
3500 1983 3650 2042 blas-

2062 2054 2344 2126 phemant,
2366 2062 2637 2118 sentiendi
2667 2077 2962 2137 creataque
3013 2069 3217 2125 virtute
3239 2113 3252 2134 ,
3273 2076 3647 2140 apostolorum

2062 2155 2370 2226 praecipuos
2405 2158 2661 2213 arbitrati
2703 2171 2832 2214 sunt
2881 2161 3088 2217 vidisse
3128 2163 3312 2220 lumen
3350 2165 3652 2226 Dominicis

2064 2246 2604 2318 translormatiouis;
2655 2265 2890 2322 eamque
2949 2255 3018 2309 ob
3070 2270 3182 2312 rem
3221 2259 3273 2312 in
3332 2271 3648 2316 crcatorum

2064 2349 2267 2396 sortem
2317 2343 2606 2399 detrahere
2661 2355 2937 2401 conantur
2988 2349 3192 2404 nedum
3261 2351 3444 2406 lumen
3512 2355 3651 2410 illud

2065 2430 2182 2502 (Dei
2211 2433 2424 2490 scilicet
2459 2436 2806 2506 maiestatem
2847 2447 2906 2495 et
2947 2442 3231 2511 regnum),
3259 2457 3452 2499 verum
3485 2447 3651 2502 etiam

2066 2524 2240 2580 divini
2309 2527 2553 2597 Spiritus
2603 2531 2898 2599 virtutem,
2936 2549 3046 2604 qua
3091 2536 3278 2591 divina
3337 2539 3656 2596 manifestat

2067 2615 2154 2671 his
2206 2618 2299 2687 qui
2324 2619 2473 2690 digni
2507 2631 2656 2676 sunt.
2685 2622 2805 2677 Non
2834 2625 2981 2678 enim
3014 2627 3338 2682 audiverant
3361 2639 3458 2684 aut
3487 2629 3655 2686 Paulo

2069 2725 2175 2764 non
2203 2713 2549 2769 crediderant
2580 2714 2813 2783 dit-cuti,
2855 2736 2873 2769 ι
2912 2717 3120 2775 Oculus
3153 2735 3262 2776 non
3291 2723 3448 2786 vidit,
3504 2726 3656 2782 auris
3702 2726 3708 2732 ’

2070 2818 2177 2858 non
2207 2806 2436 2870 audivit,
2467 2809 2520 2861 in
2555 2809 2768 2866 nullius
2799 2811 3040 2867 hominis
3069 2819 3170 2868 cor'
3191 2814 3479 2870 descendit
3507 2821 3657 2887 quod

2069 2895 2215 2952 Deus
2247 2898 2607 2970 diligentibus
2645 2901 2821 2971 ipsum
2852 2907 3218 2973 praiparavit;
3271 2909 3431 2964 nobis
3474 2922 3655 2966 autem

2073 2990 2475 3060 pet-Spiritum
2519 3009 2678 3049 suum
2731 2997 3014 3051 reveiavit.
3068 2999 3311 3068 Spiritus
3362 3001 3507 3055 enim
3564 3001 3704 3058 Dei.

2073 3084 2304 3156 abyssos
2333 3095 2672 3142 scrutatur.»
2719 3088 2813 3142 Die
2841 3101 3023 3145 autem
3055 3102 3266 3159 octava,
3286 3097 3430 3149 sicut
3454 3096 3658 3151 dictum

1994 3199 2039 3262 ρ
2073 3185 2178 3240 est,
2233 3176 2503 3235 Dominus
2559 3179 2781 3234 Petrum
2841 3184 3145 3254 assumpsit
3198 3196 3250 3240 et
3291 3186 3556 3242 Jacolmm
3605 3204 3662 3245 et

2075 3267 2344 3324 Joannem
2381 3279 2467 3338 et,
2513 3284 2700 3341 preces
2739 3273 3013 3340 facturus,
3044 3288 3284 3332 montem
3319 3285 3658 3337 muscemlit.

2077 3359 2301 3428 Quoties
2360 3363 2508 3418 enim
2579 3367 2790 3435 precari
2842 3367 3060 3422 volebat
3097 3383 3310 3433 omnes,
3361 3373 3472 3425 ium
3531 3388 3662 3442 apo-

2076 3454 2254 3510 stolos
2325 3456 2472 3524 ipsos
2515 3472 2544 3511 a
2589 3473 2650 3510 se
2729 3460 2984 3523 removit,
3028 3470 3086 3515 ut
3135 3463 3354 3531 quando
3421 3465 3666 3534 quinque

2079 3547 2321 3604 millibus
2351 3550 2618 3613 virorum,
2653 3550 2946 3610 mulierum
2977 3568 3042 3608 ac.
3081 3553 3376 3610 infantium
3419 3562 3665 3626 quinque

2077 3653 2246 3706 panes
2291 3653 2355 3693 ac
2401 3641 2508 3694 duo
2553 3642 2733 3712 pisces
2775 3643 2958 3698 dando
3009 3645 3211 3701 famem
3269 3652 3491 3704 exemit.
3537 3653 3663 3708 Sta-

2080 3733 2174 3784 tim
2206 3733 2351 3786 euim
2379 3733 2640 3789 omnibus
2674 3735 2941 3800 dimissis,
2971 3738 3274 3809 discipulos
3309 3757 3442 3797 suos
3475 3746 3656 3804 navim

2078 3826 2662 3894 conscenderejussit,
2713 3828 2842 3881 dum
2881 3829 3082 3899 ipsein
3135 3842 3375 3888 montem
3421 3839 3665 3904 perrexit

2080 3929 2358 3972 oraturus.
2392 3917 2548 3988 Saepe
2579 3920 2744 3974 etiam
2775 3936 2980 3990 paucos
3013 3937 3220 3994 eosque
3255 3915 3654 3994 praestantissﬂ

2080 4025 2200 4064 mos
2229 4011 2414 4081 elegit.
2447 4013 2582 4066 Nam
2614 4013 2892 4083 passionis
2921 4030 3036 4071 sure
3068 4025 3316 4087 tempore
3351 4023 3618 4091 appropin
3641 4052 3653 4062 -

2079 4112 2304 4172 quante,
2354 4105 2566 4159 caeteris
2625 4105 2910 4175 discipulis
2960 4107 3120 4173 dixit,
3179 4109 3390 4167 Manete
3450 4115 3656 4174 hocin

2080 4196 2400 4258 loco,donec
2424 4210 2615 4266 preces
2640 4198 2858 4264 fecero;
2882 4201 3186 4270 assumpsit
3210 4213 3389 4258 autem
3412 4204 3659 4274 Petrum,

2080 4285 2344 4341 Jacobuin
2396 4295 2451 4342 et
2501 4287 2786 4350 Joannem.
2845 4290 2959 4348 Hos
3009 4293 3176 4362 igitur
3220 4299 3371 4352 solos
3409 4315 3667 4355 clunes.-

2081 4383 2431 4448 sumpsisset,
2481 4379 2536 4434 in
2569 4381 2741 4437 altum
2779 4391 3020 4437 montem
3060 4387 3352 4457 secessit”:
3392 4399 3446 4444 et
3489 4400 3668 4450 trans:-

2084 4471 2350 4527 l‘nrmatus
2373 4483 2458 4528 est
2483 4485 2608 4545 ante
2636 4490 2753 4542 eos,
2799 4496 2818 4529 ι
2849 4478 2950 4532 hoc
2973 4488 3079 4544 est,
3104 4480 3241 4550 ipsis
3265 4486 3622 4541 cernentibus
3645 4528 3661 4551 ,

2087 4564 2195 4618 illis
2223 4580 2430 4620 coram.
2481 4565 2625 4633 Quid
2653 4577 2760 4635 est,
2805 4587 2824 4621 ‹
2881 4569 3332 4630 Transl'ormatus
3371 4586 3478 4642 est,
3521 4597 3538 4632 ι
3589 4581 3668 4636 ait

2085 4669 2256 4708 aureo
2288 4669 2383 4710 ore
2404 4653 2760 4725 Theologus?
2786 4679 2804 4712 ι
2833 4661 3120 4733 Tantisper
3150 4645 3363 4734 aperuit
3391 4669 3666 4724 modicum

2088 4745 2292 4816 aliquid
2323 4748 2563 4815 dcitatis,
2621 4752 2700 4806 uti
2771 4753 3006 4823 placuit,
3038 4773 3101 4811 ac
3153 4758 3442 4829 discipulis
3494 4765 3667 4818 Deum

2087 4835 2483 4894 inhabitantem
2511 4843 2773 4897 ostendit.
2815 4844 2982 4900 Fama
3010 4850 3154 4901 enim
3185 4862 3269 4904 est
3297 4856 3425 4906 dntu
3459 4867 3666 4919 oraret,

2086 4932 2243 4986 utait
2281 4931 2474 4998 Lucas,
2514 4936 2725 5004 species
2756 4936 2878 5005 ejus
2915 4939 3060 5008 alia;
3099 4943 3395 5011 splendens
3429 4954 3488 5000 ut
3513 4949 3660 5012 sol,»

2088 5031 2149 5077 ut
2180 5022 2470 5080 Matthseus
2522 5029 2730 5082 scribit.
2769 5048 2787 5080 ι
2832 5030 2900 5085 Ut
2930 5034 3010 5086 sol
3049 5052 3068 5085 ι
3106 5045 3286 5091 autem
3347 5038 3508 5104 dixit,
3555 5057 3667 5096 non

2090 5126 2148 5170 ut
2174 5117 2373 5186 aliquis
2393 5117 2572 5173 lumen
2595 5121 2722 5174 illud
2750 5122 3018 5192 ejusmodi
3045 5129 3297 5193 aestimet,
3330 5132 3473 5198 quod
3503 5148 3670 5188 sensu

2088 5209 2339 5278 capiatur
2372 5212 2587 5282 (apage
2651 5216 2854 5269 mentis
2893 5217 3194 5274 caecitatem
3229 5235 3418 5276 eorum
3448 5223 3538 5292 qui
3572 5223 3676 5277 illis

2085 5317 2207 5372 quae
2252 5318 2416 5356 sensu
2459 5307 2842 5375 percipiuntur
2896 5309 3037 5364 nihil
3082 5311 3376 5366 sublimius
3433 5315 3676 5382 eugitarc

2091 5396 2388 5463 possum),
2418 5399 2511 5450 sed
2568 5410 2623 5450 ιιι
2658 5399 3030 5470 intelligamus
3055 5443 3069 5467 ,
3112 5404 3256 5471 quod
3309 5406 3388 5458 sol
3422 5416 3528 5466 est.
3588 5408 3673 5462 his

2090 5502 2214 5555 qua:
2245 5503 2408 5542 sensu
2438 5490 2644 5543 'virunt
2675 5505 2950 5561 sensuque
2987 5493 3356 5564 conspiciunt,
3407 5495 3457 5548 id
3509 5495 3675 5550 Chri-

2097 5587 2242 5634 stum
2277 5587 2335 5631 ut
2370 5578 2535 5634 Deum
2570 5596 2712 5657 esse,
2748 5582 2831 5636 liis
2866 5585 2956 5650 qui
2995 5585 3187 5652 spiritu
3226 5584 3415 5640 vivunt
3460 5598 3513 5640 et
3562 5592 3676 5657 spis.

2096 5667 2458 5733 ritu.vident;
2502 5684 2601 5723 nec
2632 5655 2773 5738 opus
2807 5690 2928 5726 esse
2976 5675 3084 5728 alio
3123 5675 3331 5730 lumine
3361 5678 3413 5730 iu
3455 5676 3545 5731 Dei
3584 5681 3676 5731 για

2110 5760 2265 5815 sione
2332 5762 2415 5817 his
2470 5764 2560 5830 qui
2617 5762 2817 5818 divinis
2855 5764 3078 5820 dotibus
3145 5751 3362 5838 τιτιεαὶιὶ
3415 5781 3544 5826 st'nt
3576 5772 3675 5848 (1).

481 5886 557 5951 (Ι)
596 5881 673 5939 Ita
710 5877 1021 5938 Massaliani
1065 5875 1232 5932 Deum
1284 5876 1457 5945 ipsum
1497 5878 1732 5931 humana
1772 5880 1927 5945 quasi
1974 5877 2243 5932 inlustria
2277 5893 2306 5932 α
2342 5895 2400 5934 se
2432 5880 2634 5942 iactant
2672 5880 2858 5935 videri.
