4014 6466
440 324 542 390 431

1705 333 2093 395 GREGORII
2123 334 2450 396 PALAM/E

3626 335 3727 401 432

439 440 687 504 Alternis
717 449 862 503 enim
911 447 1026 520 ipse
1079 449 1221 504 Deus
1260 448 1444 505 lumen
1471 460 1574 506 est.
1614 461 1668 506 et
1703 465 1812 506 non
1846 452 2014 507 aliud.

2123 454 2199 519 ὡς
2234 447 2391 520 Θεὸς,
2432 455 2526 508 καὶ
2555 454 2614 508 οὐ
2635 427 2796 524 χρεία
2837 453 2952 515 τοῖς
3012 451 3320 506 θεοειδέσιν
3380 453 3440 506 ἐν
3489 457 3558 524 τῇ
3618 455 3731 510 θεο-

437 542 582 608 Quid
630 544 774 597 enim
808 543 914 596 alio
945 558 1084 612 opus
1121 543 1325 598 lumine
1391 543 1477 599 his
1509 545 1602 615 qui
1657 548 1899 601 maximo
1930 546 2023 600 illo

441 637 649 690 lumine
679 637 798 691 freti
832 637 1003 692 sunt?
1037 637 1171 690 Dum
1205 647 1386 692 autem
1419 649 1636 702 oraret,
1687 639 1768 693 sic
1794 639 2022 704 effulsit,

440 737 816 790 arcanumque
879 723 1011 777 illud
1076 725 1260 779 lumen
1313 741 1515 780 arcana
1570 728 1784 783 ratione
1831 729 2022 796 primis

439 816 810 883 apostolorum
865 818 1027 886 (cum
1077 827 1131 872 et
1175 821 1376 874 summi
1425 821 1815 892 prophetarum
1860 822 2022 876 ades-

440 909 595 975 sent)
643 911 1050 975 manifestas-it;
1113 918 1172 966 ut
1218 911 1537 966 ostenderet
1579 913 1884 968 oratimxem
1925 928 2024 984 pa-

439 1011 647 1055 rentem
690 1018 811 1057 esse
853 1003 995 1056 beati
1030 1004 1178 1058 illius
1207 1006 1544 1073 spectaculi,
1595 1009 2023 1076 noverimusque

438 1095 657 1148 virtutis
689 1111 814 1149 cum
853 1094 963 1149 Deo
999 1097 1406 1152 necessitudine
1442 1114 1505 1153 ac
1535 1100 1736 1154 mentis
1768 1116 1892 1154 cum
1929 1101 2023 1156 illo

438 1189 644 1242 unione
695 1188 1044 1252 splendorem
1080 1193 1226 1242 hunc
1266 1191 1446 1258 parari
1483 1205 1547 1245 ac
1575 1206 1846 1262 apparere
1884 1191 2020 1262 :qui

436 1281 657 1334 cunctis
699 1280 1008 1348 prwbeatur
1038 1295 1102 1334 ac
1139 1280 1405 1344 videatur,
1451 1283 1545 1351 qui
1585 1283 1854 1336 bonorum
1889 1299 2021 1351 ope-

437 1386 560 1425 rum
614 1371 921 1440 diligentia,
975 1371 1303 1440 sinceraque
1354 1373 1608 1426 oratione
1658 1375 1919 1428 continue
1968 1375 2020 1429 in

439 1461 608 1514 Deum
647 1462 956 1515 intendant.
994 1481 1011 1513 ι
1048 1463 1180 1516 \‘era
1237 1464 1382 1517 enim
1417 1465 1787 1532 pulchritudo,
1819 1466 2022 1534 inquit,

439 1571 767 1622 summeque
801 1554 1079 1617 amabilis,
1115 1556 1234 1609 solo
1267 1558 1472 1610 mundo
1507 1557 1676 1610 videri
1709 1559 1894 1612 animo
1927 1571 2024 1627 po-

440 1658 583 1713 test;
623 1667 640 1699 ι
697 1665 820 1716 qua:
871 1649 1123 1702 videlicet
1184 1649 1328 1703 circa
1393 1650 1634 1704 divinam
1694 1651 2024 1720 beatamque

438 1753 692 1795 naturam
729 1751 832 1795 est.
882 1739 1071 1813 Cujus
1108 1741 1415 1810 fulgoribus
1463 1751 1627 1811 atque
1680 1743 1872 1813 gratiis
1926 1743 2019 1811 qui

439 1833 672 1887 intendit
707 1835 905 1895 aciem,
937 1833 1056 1902 ejus
1093 1833 1238 1887 Vrltll
1265 1832 1521 1888 ﬂoridum
1553 1835 1828 1903 quoddam
1857 1835 2022 1905 jubar

441 1929 542 1993 (eo
594 1926 801 1979 imbuta
857 1924 977 1997 ejus
1037 1927 1280 1995 pupilla)
1336 1927 1590 1995 percipit.
1648 1929 2020 1994 Quamobrem

409 2018 605 2072 etiam
647 2017 860 2086 Moyses
897 2033 1021 2073 cum
1060 2018 1172 2071 Deo
1211 2017 1506 2072 fabulando
1535 2019 1598 2086 “,
1632 2025 1783 2073 vultu
1819 2021 2022 2074 clarifi-

437 2121 595 2166 catus
628 2122 730 2165 est.
775 2113 978 2165 Videtis
1027 2110 1271 2181 Moysen]
1304 2127 1548 2182 quoque,
1575 2129 1709 2177 cum
1742 2130 1903 2167 ascrn
1931 2115 2023 2168 lis-

436 2212 522 2257 set
559 2204 610 2257 in
649 2213 887 2258 montem
919 2203 1379 2258 transformamur
1423 2220 1572 2271 esse,
1613 2217 1779 2273 atque
1816 2207 1888 2259 ita
1921 2206 2024 2260 Do-

437 2298 571 2351 mini
630 2297 860 2366 gloriam
925 2297 1172 2352 vidisse?
1249 2298 1450 2353 Verum
1523 2314 1718 2367 passus
1788 2301 1879 2352 ille
1938 2309 2022 2352 est

435 2389 1006 2455 translormationem,
1056 2407 1165 2445 non
1214 2400 1298 2447 est
1343 2401 1632 2459 operatus,
1688 2393 1841 2461 juxta
1895 2375 2018 2445 eum

430 2483 526 2553 qui
575 2489 650 2536 ait
688 2503 702 2538 :
740 2503 756 2533 ι
799 2483 854 2537 lu
892 2485 996 2538 hoc
1029 2501 1114 2539 me
1143 2485 1303 2539 modo
1352 2485 1456 2540 fert
1481 2493 1827 2557 temperatus
1878 2486 2024 2540 veri-

435 2577 563 2629 tatis
593 2577 769 2646 fulgor
813 2577 1136 2645 radiuSque,
1177 2587 1235 2631 ut
1268 2576 1360 2631 Dei
1395 2579 1741 2646 splendorem
1788 2591 1904 2632 tum
1944 2579 2023 2632 vi-

432 2669 615 2732 deam,
673 2678 785 2721 tum
830 2669 1026 2736 patiar.
1064 2687 1080 2718 ι
1142 2667 1439 2723 Enimvero
1501 2668 1769 2723 Dominus
1834 2679 2021 2726 noster

353 2755 357 2759 ’
430 2760 593 2817 Jesus
646 2760 900 2816 Christus
947 2761 1098 2814 illum
1150 2775 1179 2812 a
1231 2777 1291 2815 se
1338 2761 1683 2828 splendorem
1759 2762 2016 2818 habebat.

431 2853 590 2911 Unde
663 2868 765 2907 nec
840 2852 959 2922 ipse
1033 2867 1174 2922 opus
1261 2852 1515 2908 oratione
1594 2853 1856 2920 habebat,
1913 2871 2022 2924 quo

425 2949 612 3002 divina
681 2949 801 3001 luce
865 2961 1068 3014 corpus
1107 2946 1576 3021 splendesceret;
1641 2951 1735 3001 sed
1832 2958 2020 3021 osten-

427 3041 588 3093 debat
621 3039 762 3091 unde
791 3039 995 3092 sanctis
1027 3019 1120 3091 Dei
1153 3037 1414 3106 splendor
1448 3040 1756 3104 accederet,
1792 3019 1873 3094 act
1906 3058 2014 3107 qua

3085 545 3194 616 γὰρ
3282 545 3492 609 ἀϊδίοις
3571 549 3728 616 αὐτὸς

2131 637 2248 688 ἐστι
2313 637 2430 706 φῶς
2465 637 2566 687 οὐκ
2621 633 2754 688 ἄλλο
2787 631 2886 686 ’τί
2939 634 3049 703 γὰρ
3109 633 3192 687 δεῖ
3221 635 3417 702 φωτὸς
3471 635 3729 707 δευτέρου

2128 728 2242 789 τοῖς
2273 726 2332 778 τὸ
2375 727 2636 796 μέγιστον
2663 723 2913 794 ἕχουσιν;
2967 725 3055 776 Ἐν
3086 723 3162 792 τῷ
3193 726 3627 796 προσεύχεσθαι
3676 730 3731 783 δὲ

2128 813 2301 880 οὕτως
2335 815 2566 884 ἔλαμψε,
2599 816 2692 870 καὶ
2712 813 3053 885 ἀνεκάλυψεν
3076 817 3426 888 ἀπορῤήτως
3459 821 3576 882 τοῖς
3629 820 3734 873 τῶν

2132 908 2394 979 μαθητῶν
2425 908 2706 978 ἐκκρίτοις
2745 907 2806 960 τὸ
2848 908 3164 978 ἀπόρρητον
3193 909 3389 961 ἐκεῖνο
3453 911 3596 979 φῶς,
3629 914 3731 965 τῶν

2129 1002 2316 1072 ἄκρων
2349 1003 2648 1073 προφητῶν
2681 1003 2970 1065 συνόντων,
2992 1003 3084 1055 ἵνα
3116 1003 3271 1074 δείξῃ
3339 1007 3615 1075 πρόξενον
3653 1001 3735 1059 οῦ-

2132 1109 2232 1145 σαν
2265 1093 2365 1154 τὴν
2403 1095 2714 1164 προσευχὴν
2743 1096 2843 1165 τῆς
2877 1097 3157 1167 μακαρίας
3183 1079 3420 1168 ἐκείνης
3453 1097 3611 1160 θέας,
3646 1098 3736 1150 καὶ

2133 1179 2419 1252 μάθωμεν,
2443 1183 2524 1234 ὅτι
2551 1183 2636 1235 διὰ
2668 1184 2770 1255 τῆς
2803 1187 2942 1256 πρὸς
2967 1187 3100 1242 Θεὸν
3131 1189 3256 1242 κατ’
3316 1190 3537 1260 ἀρετὴν
3579 1191 3737 1257 ἐγγύ-

2128 1291 2312 1344 τητος,
2345 1276 2440 1329 καὶ
2471 1276 2565 1343 τῆς
2603 1279 2738 1348 πρὸς
2773 1280 2938 1334 αὐτὸν
2975 1283 3117 1336 κατὰ
3166 1283 3301 1336 νοῦν
3355 1283 3639 1349 ἐνώσεω,
3701 1287 3731 1354 ἡ

2129 1365 2752 1439 λαμπρότηςέγγίνεται
2789 1373 2883 1425 καὶ
2929 1375 3301 1442 ἀναφαίνεται
3341 1376 3563 1448 ἐκείνη,
3603 1379 3733 1430 πᾶει

2128 1460 2385 1532 διδομένη
2439 1479 2500 1515 τε
2555 1464 2650 1516 καὶ
2701 1466 2984 1534 ὁρωμένη,
3034 1470 3146 1530 τοῖς
3211 1468 3288 1521 δι’
3351 1469 3732 1540 ἀγαθοεργίας

2131 1551 2416 1622 ἀκριϐοῦς,
2440 1553 2534 1606 καὶ
2561 1555 2648 1607 διὰ
2676 1559 2991 1627 προσευχῆς
3038 1559 3407 1627 εἰλικρινοῦς,
3449 1563 3734 1614 ἀνατεινο-

2134 1646 2316 1716 μένοις
2347 1646 2715 1712 ἀδιαλείπτως
2744 1650 2881 1720 πρὸς
2915 1650 3074 1706 Θεόν.
3113 1652 3334 1716 Κάλλος
3385 1655 3522 1724 γὰρ,
3552 1657 3733 1725 φησὶν,

2131 1737 2388 1808 ἀληθινὸν
2416 1738 2512 1791 καὶ
2550 1738 2967 1809 ἐρασμιώτατον
2997 1741 3144 1811 μόνῳ
3175 1740 3253 1811 τῷ
3326 1741 3425 1795 τὸν
3450 1743 3584 1796 νοῦν
3652 1762 3735 1795 κε-

2133 549 2266 616 πτία
2331 550 2510 614 φωτὸς
2579 544 2812 616 ἐτέρουο
2883 545 3001 607 τοῖς

2056 1809 2097 1864 Β
2129 1830 2759 1902 καθαρμὲνῳθεωρητδν
2792 1831 2852 1884 τὸ
2883 1809 3012 1902 περῖ
3206 1809 3373 1888 θείαν
3398 1836 3500 1888 καὶ
3557 1853 3733 1906 μακα-

2127 1923 2250 1992 ρίαν
2280 1921 2446 1990 φύσιν
2499 1923 2671 1988 ἐστὶν,
2703 1917 2764 1976 οῦ
2795 1927 2822 1978 ό
2851 1927 3170 1990 ἐνατενίσας
3237 1930 3374 1990 ταῖς
3428 1946 3732 1998 μαρμαρυ-

2125 2019 2252 2085 γαῖς
2280 2018 2376 2068 καὶ
2405 2019 2527 2079 ταῖς
2561 2017 2752 2086 χάρισι
2819 2018 3232 2090 μεταλαμϐάνει
3261 2037 3317 2072 τι
3385 2021 3489 2073 ἀπ’
3546 2020 3730 2084 αὑτῶ,

2124 2107 2315 2180 ὥσπερ
2342 2109 2538 2180 αἴγλην
2559 2110 2683 2162 τινὰ
2735 2110 3003 2179 ἀνθηρὰν,
3055 2114 3136 2174 εἰς
3166 2116 3274 2184 τὴν
3329 2114 3552 2166 οίκείαν
3611 2113 3729 2182 ὅψν

2125 2201 2626 2272 ἀναχρωννὺμενος
2653 2218 2668 2235 ·
2698 2201 2822 2256 ὅθεν
2857 2204 2946 2256 καὶ
2976 2205 3224 2274 Μωῦσῆς
3255 2207 3319 2258 ὲν
3389 2204 3471 2274 τῷ
3523 2204 3729 2274 ὁμιλεῖν

2124 2294 2246 2365 Θεῷ
2275 2294 2541 2365 ἐδοξάσθη
2568 2298 2628 2349 τὸ
2667 2296 2986 2365 πρόσωπον.
3029 2297 3229 2366 Ὀρᾶτε
3274 2299 3368 2351 ὅτι
3433 2299 3533 2351 καὶ
3573 2298 3730 2352 Moni-

2126 2387 2226 2456 σῆς
2260 2389 2665 2459 μετεμορφώθη
2707 2389 2914 2453 ἀναϐὰς
2941 2390 3022 2454 είς
3071 2391 3134 2442 τὸ
3191 2390 3352 2461 ὅρος,
3415 2391 3514 2445 καὶ
3561 2389 3730 2452 οὕτως

2123 2476 2232 2534 εἶδε
2263 2482 2365 2553 τὴν
2399 2481 2560 2547 δόξαν
2597 2482 2852 2551 Κυρίου;
2901 2483 3048 2536 Ἀλλ’
3075 2483 3248 2538 ἔπαθε
3286 2484 3394 2554 τὴν
3447 2483 3728 2552 μεταμόρ-

2124 2588 2322 2640 φωσιν,
2353 2572 2452 2625 οὐκ
2483 2573 2754 2644 ἐνήργησε
2782 2587 2796 2602 ⁸
2830 2575 2972 2626 κατά
3000 2574 3092 2626 τὸν
3132 2573 3398 2643 λέγοντα,
3435 2575 3530 2640 Εἰς
3573 2572 3724 2627 τοῦτο

2126 2664 2194 2733 μὲ
2230 2666 2387 2735 φέρει
2424 2665 2484 2718 τὸ
2520 2666 2746 2736 μέτριον
2776 2664 3016 2720 ἐνταῦθα
3039 2667 3250 2735 φέγγος
3290 2667 3400 2738 τῆς
3437 2666 3719 2738 ἀληθείας,

2121 2759 2484 2829 λαμπρότητα
2517 2759 2650 2813 Θεοῦ
2680 2761 2775 2812 καὶ
2835 2760 2961 2813 ίδεῑν
2994 2761 3089 2812 καὶ
3143 2761 3367 2815 παθεῖν.
3415 2761 3476 2816 '0
3509 2763 3564 2815 δὲ
3619 2759 3723 2812 Κύ-

2123 2869 2242 2922 ριος
2277 2851 2432 2922 ἡμῶν
2468 2852 2677 2917 Ἰησοῦς
2706 2853 2943 2922 Χριστὸς
2994 2857 3207 2908 οίκοθεν
3272 2851 3398 2926 εἶχε
3427 2856 3530 2926 τὴν
3587 2854 3719 2923 λαμ-

2125 2945 2373 3013 πρότητα
2415 2945 2632 3014 ἐκείνην
2666 2963 2678 2975 ·
2718 2947 2798 2998 διὸ
2828 2946 3300 3016 οὖδὲδπροσευχῆς
3334 2949 3506 3010 αὐτὸς
3531 2946 3716 3005 ἐδεῖτο,

2124 3035 2252 3103 θείῳ
2285 3037 2423 3104 φωτὶ
2454 3037 2882 3106 λαμπρυνούςης
2948 3037 3007 3089 τὸ
3034 3035 3215 3106 σῶμα,
3271 3037 3392 3089 ἀλλ’
3444 3036 3568 3091 ὅθεν
3611 3035 3718 3096 τοῖς

429 3134 540 3186 illis
569 3143 783 3185 ratione
812 3133 1082 3185 videndus
1109 3140 1275 3184 esset.
1312 3129 1449 3183 Nam
1483 3141 1537 3184 et
1591 3151 1608 3182 ι
1646 3130 1786 3186 Justi
1839 3133 2014 3203 fulge-

2126 3130 2362 3198 ἁγίοιςή
2395 3128 2720 3196 λαμπρότης
2744 3125 2838 3178 τοῦ
2894 3127 3031 3179 Θεοῦ
3094 3129 3573 3198 προσγενήσεται,
3628 3123 3717 3177 καὶ

429 3223 566 3277 bunt
600 3223 741 3274 sicut
771 3223 848 3273 sol
901 3221 954 3271 in
1005 3235 1172 3290 regno
1214 3219 1394 3274 Patris
1425 3236 1614 3273 eorum
1644 3223 1724 3287 ης
1769 3241 1786 3272 ι
1828 3224 2018 3294 sicque

429 3317 530 3366 toti
567 3314 752 3365 divina
789 3313 877 3364 lux
915 3312 1116 3374 rlferti,
1171 3321 1432 3379 tanquam
1477 3313 1675 3368 divinae
1721 3314 1863 3370 lucis
1899 3333 2020 3381 ger-

425 3406 596 3466 mina,
627 3403 912 3459 Christum
945 3404 1230 3464 vi.lebunt,
1264 3405 1357 3473 qui
1398 3405 1582 3459 divina
1618 3419 1783 3476 atque
1815 3423 2015 3463 ari-ana

387 3561 392 3566 ,
425 3499 641 3553 ratione
667 3498 807 3551 lucis
837 3495 1142 3562 fulgoribus
1174 3497 1480 3565 praefulsit;
1520 3502 1682 3567 cujus
1724 3515 1790 3554 ex
1816 3501 2016 3556 deitate

415 3593 652 3648 claritas
687 3600 881 3644 natura
919 3591 1249 3658 procedens,
1293 3592 1545 3660 corporis
1597 3609 1818 3664 quoque
1859 3607 2015 3648 com-

426 3685 611 3738 munis
657 3685 710 3737 in
765 3682 988 3737 Thabor
1033 3683 1471 3748 monstrabatur,
1525 3685 1596 3739 oh
1630 3688 1896 3740 unitatem
1947 3703 2014 3742 ac

423 3779 861 3849 singularitatem
927 3793 1198 3847 persona}.
1252 3777 1345 3833 Sic
1402 3779 1665 3832 nimirum
1721 3790 1774 3834 et
1828 3780 2011 3835 vultus

420 3873 562 3939 ejus,
599 3870 940 3940 ejuscemodi
966 3871 1106 3926 lucis
1137 3885 1388 3936 munere,
1415 3880 1676 3940 tanquam
1713 3873 1795 3926 sol
1827 3874 2012 3941 splen-

419 3965 559 4021 duit.
592 3963 695 4031 Qui
751 3973 936 4018 autem
976 3961 1118 4016 inter
1172 3977 1272 4017 nos
1330 3960 1646 4018 Grecanica
1698 3964 2009 4019 eruditione

421 4073 487 4116 ac
517 4057 767 4113 saeculari
800 4057 1142 4124 profanaque
1192 4053 1464 4123 sapientia
1511 4056 1843 4122 gloriantur,
1904 4073 2006 4113 nec

418 4147 555 4204 viris
603 4143 984 4216 Spiritualibus
1041 4144 1096 4197 in
1159 4142 1400 4212 Spiritus
1459 4145 1730 4199 doctrinis
1792 4162 2003 4203 morem

419 4253 612 4310 gerere
651 4239 903 4302 omnino,
940 4235 1035 4292 sed
1061 4242 1117 4290 et
1149 4235 1437 4302 rebellare,
1472 4235 1806 4291 inanimum
1843 4238 2004 4294 indu-

417 4339 573 4397 cunt,
627 4330 757 4384 dum
813 4328 994 4383 lumen
1046 4327 1280 4382 audiunt
1341 4327 1646 4383 Dominicae
1699 4330 1753 4385 in
1816 4342 2001 4389 monte

417 4420 944 4486 transformationis,
991 4419 1139 4489 quod
1181 4419 1412 4489 apostoli
1489 4419 1668 4476 oculis
1716 4421 1996 4489 viderunt,

2124 3223 2274 3283 ὅπως
2311 3222 2494 3282 αὐτοῖς
2532 3216 2832 3288 ὀφθήδσεται
2874 3218 3169 3271 ὑπεδείκνυ
3199 3235 3212 3249 ⁸
3287 3221 3571 3288 λάμψουσι
3611 3219 3712 3286 γὰρ

2123 3307 2285 3360 καὶοὶ
2310 3307 2511 3359 δίκαιοι
2543 3308 2618 3368 ὼς
2645 3308 2796 3376 ἥλιος
2829 3309 2886 3359 ἐν
2907 3311 2971 3376 τῇ
3033 3308 3289 3379 βασιλείᾳ
3361 3311 3458 3362 τοῦ
3509 3307 3713 3378 ιίατρὺς

2121 3399 2322 3465 αὐτῶν,
2355 3401 2447 3452 καὶ
2475 3398 2619 3452 οὕτω
2658 3400 2773 3466 φῶς
2803 3401 2914 3452 ὅλοι
2949 3403 3232 3468 γεγονότες
3264 3403 3441 3466 θεῖον,
3466 3403 3540 3465 ὡς
3572 3401 3710 3452 θείου

2121 3492 2300 3559 φωτὸς
2334 3493 2674 3560 γεννήματα,
2711 3495 2802 3544 τὸν
2829 3492 2989 3555 θείως
3016 3494 3360 3564 ἀπορρήτως
3431 3494 3709 3561 ὑπερλάμ-

2119 3602 2292 3639 ποντα
2317 3583 2539 3653 ὄψονται
2573 3585 2832 3654 Χριστὸν,
2864 3580 2925 3638 οὗ
2958 3589 3022 3638 ἐκ
3073 3591 3172 3657 τῆς
3231 3588 3496 3659 θεὸτητος
3529 3589 3560 3657 ή
3589 3585 3708 3650 δόξα

2119 3664 2368 3747 φυσικῶς
2409 3677 2702 3745 προϊοῦσα,
2733 3679 2889 3747 κοινὴ
2935 3679 3151 3732 καὶτοῦ
3216 3680 3480 3750 σώματι),
3513 3682 3570 3731 ἐν
3609 3683 3708 3728 Θα-

2118 3767 2235 3837 δὼρ
2287 3767 2605 3830 ἐδείκνυτο,
2645 3768 2732 3820 διὰ
2787 3768 2845 3820 τὸ
2885 3769 3088 3822 ἐνιαίον
3150 3771 3249 3840 τῆς
3331 3773 3699 3828 ὑποστάσεως.

2115 3859 2272 3914 Οὕτω
2299 3861 2394 3914 καὶ
2421 3859 2509 3912 διὰ
2535 3858 2782 3912 τοιούτου
2839 3860 3019 3928 φωτὸς
3079 3861 3140 3914 τὸ
3204 3865 3508 3931 πρόσωπον
3547 3859 3702 3915 αὑτοῦ

2111 3951 2188 4014 ὡς
2218 3951 2247 4004 ὁ
2279 3951 2435 4020 ἥλιος
2473 3951 2737 4021 ἔλαμψεν.
2773 3952 2838 4004 οι
2865 3951 2923 4004 δὲ
2955 3953 3048 4007 τὸν
3087 3953 3337 4024 Ἕλληνα
3401 3956 3562 4024 λόγον
3617 3951 3705 4005 καί⁵

2112 4043 2211 4114 τὴν
2239 4044 2332 4096 τοῦ
2371 4045 2579 4113 κόσμου
2610 4045 2807 4098 τούτου
2841 4044 3035 4114 σοφίαν
3077 4045 3160 4113 ἐφ’
3185 4048 3350 4117 ἡμῶν
3391 4045 3701 4118 αὐχοῦντες,

2111 4138 2212 4191 καὶ
2237 4140 2350 4201 τοῖς
2378 4141 2782 4208 πνευματικοῖς
2837 4141 3104 4213 ἀνδράσιν
3127 4145 3222 4196 ἐπὶ
3250 4144 3366 4199 τῶν
3397 4144 3492 4198 τοῦ
3537 4140 3700 4194 [ivsti-

2115 4247 2288 4299 ματος
2317 4231 2496 4298 λόγων
2530 4233 2606 4301 μὴ
2632 4233 2955 4304 πειθαρχεῖν
2990 4234 3150 4300 ὅλως,
3183 4237 3327 4292 ἀλλὰ
3365 4236 3462 4292 καὶ
3518 4233 3700 4289 ἀνταί·

2112 4341 2228 4394 Ρειν
2257 4324 2660 4396 προῃρημένοι,
2680 4324 2797 4392 φῶς
2821 4325 2980 4399 193
3005 4327 3300 4394 ἀκούοντες
3325 4331 3425 4401 τῆς
3443 4329 3530 4384 ἐπ’
3549 4330 3701 4399 ὅροις

2103 4416 2201 4470 τοῦ
2245 4414 2452 4488 Κυρίου
2497 4417 3000 4489 μεταμορφώσεως,
3041 4418 3104 4473 τὸ
3158 4424 3270 4486 τοῖς
3326 4421 3702 4483 ἁποατολικοῖς

359 4535 364 4538 ’
421 4514 489 4572 ad
519 4513 704 4567 lumen
753 4512 937 4565 statim
978 4510 1182 4565 sensile
1227 4525 1292 4564 ac
1335 4519 1578 4565 creatum
1628 4511 2000 4582 devehuntur,

2121 4507 2415 4580 ὂφθαλμοῖς
2437 4509 2776 4580 ἑωραμένον,
2801 4510 2883 4574 είς
2906 4511 2966 4564 τὸ
2995 4511 3256 4583 αἰσθητὸν
3282 4514 3450 4580 εὐθὺς
3477 4514 3570 4569 καὶ
3593 4529 3700 4568 κτι-

419 4607 475 4661 in
507 4606 752 4674 illudque
803 4604 1124 4669 detrahunt,
1161 4604 1594 4658 itnmateriatum
1625 4604 1760 4659 illud
1793 4605 2005 4661 inocci-

417 4699 702 4765 duumquc
760 4712 824 4752 ac
880 4707 1150 4753 cternum
1215 4696 1423 4760 lumen,
1487 4697 1747 4766 quodque
1801 4699 2004 4754 nedum

418 4806 664 4853 sensum,
716 4790 808 4844 sed
858 4799 914 4844 et
959 4788 1164 4843 mentis
1200 4789 1310 4842 vim
1348 4804 1568 4843 omnem
1597 4790 1849 4856 excedit;
1904 4795 2004 4845 ho-

417 4885 596 4939 mines
633 4882 845 4937 seilirct
885 4881 939 4935 in
993 4891 1141 4935 terra
1185 4890 1468 4934 versantes
1497 4918 1512 4941 .
1566 4895 1631 4935 ac
1682 4881 1778 4950 qui
1838 4898 2006 4954 supra

417 4988 633 5034 terrena
668 4975 806 5031 nihil
837 4975 1084 5046 cogitare
1117 4974 1351 5044 possint.
1384 4971 1631 5028 Tametsi
1664 4974 1710 5029 is
1745 4974 1881 5046 ipse,
1908 4977 2005 5047 qui

416 5085 484 5126 eo
518 5069 676 5124 fulsit
727 5070 972 5131 lumine,
1024 5068 1330 5122 increatum
1374 5075 1503 5120 ante
1540 5065 1805 5133 ostendit,
1859 5069 2007 5138 quod

358 5186 367 5197 -
417 5162 512 5217 Dei
543 5177 768 5234 regnum
817 5160 1126 5232 appellarit.
1161 5156 1281 5212 Non
1315 5159 1463 5213 enim
1501 5159 1593 5214 Dei
1629 5175 1855 5230 regnum
1889 5177 2007 5216 ser-

363 5255 376 5311 ‘.
417 5271 544 5310 vum
586 5265 675 5311 est
731 5264 785 5310 et
835 5261 1108 5308 creatum.
1174 5251 1365 5305 Solum
1415 5251 1560 5304 enim
1616 5252 2005 5309 universorum

422 5351 631 5405 nullius
680 5347 915 5418 imperio
967 5343 1332 5414 mancipabile
1378 5353 1545 5414 atque
1579 5344 1842 5399 invictum
1899 5357 2004 5414 est,

417 5456 694 5512 omneque
720 5450 936 5508 tempus
969 5435 1242 5491 excedens
1273 5450 1336 5492 ac
1367 5450 1545 5490 aevum
1577 5453 1590 5490 :
1623 5452 1648 5516 ι
1681 5433 1871 5505 Neque
1896 5435 2002 5501 fas,

416 5534 619 5603 inquit,
660 5542 765 5597 est,
801 5529 892 5584 Dei
924 5544 1152 5599 regnum
1191 5529 1318 5582 ullis
1366 5539 1606 5598 emptum
1635 5528 1850 5583 seculis
1876 5542 2002 5584 esse

416 5638 510 5682 aut
533 5625 896 5693 temporibus,
914 5622 1095 5677 autab
1114 5623 1197 5677 eis
1219 5621 1437 5692 attingi.
1477 5639 1496 5673 ι
1522 5621 1635 5675 Hoc
1663 5620 2002 5676 nosillorqu

415 5721 696 5772 credimus
725 5717 1098 5771 lmreditatcm
1153 5730 1275 5771 esse
1299 5757 1312 5779 ,
1340 5716 1430 5785 qui
1486 5713 1666 5768 salute
1702 5715 2005 5768 donantur.

445 5869 448 5871 λ
493 5841 534 5871 ³³
573 5838 748 5894 Exod.
794 5848 977 5905 suav,
1024 5839 1114 5896 29.
1194 5839 1238 5874 ³⁵
1276 5838 1469 5894 Matth.
1518 5850 1640 5902 xm,
1681 5833 1750 5887 45

2119 4600 2245 4654 στὸν
2279 4600 2616 4670 κατάγονται
2643 4603 2784 4670 φῶς,
2819 4602 2915 4657 καὶ
2948 4605 3313 4661 κατασπῶσιν
3351 4610 3434 4672 είς
3464 4606 3618 4661 τοῦτο
3641 4604 3697 4658 τδ

2117 4693 2282 4747 ᾶῦλον
2313 4695 2408 4746 καὶ
2439 4693 2744 4764 ἀνέσπερον
2771 4695 2867 4750 καὶ
2897 4697 3070 4752 ἀΐδιον
3099 4700 3196 4752 καὶ
3228 4702 3303 4774 μὴ
3357 4704 3520 4774 μόνον
3565 4700 3697 4767 ὑπὲρ

2116 4785 2554 4856 αίσθησιν,ἁλλὰ
2601 4789 2698 4842 καὶ
2741 4789 2885 4862 ὑπὲρ
2941 4791 3068 4844 νοῦν
3123 4794 3303 4848 ἐκεῖνο
3358 4796 3495 4862 φῶς,
3553 4791 3696 4845 αὐτοὶ

2121 4880 2272 4934 κάτω
2307 4881 2575 4951 κείμενοι,
2600 4885 2696 4936 καὶ
2735 4883 2901 4954 μηδὲν
2963 4884 3104 4956 ὑπὲρ
3155 4887 3223 4940 τὰ
3255 4890 3521 4959 πρόσγεια
3557 4884 3690 4938 νοεῖν

2116 4972 2410 5042 δυνάμενοι
2433 4991 2447 5005 ⁸
2475 4975 2654 5028 καίτοι
2685 4976 2848 5039 αὐτὸς
2875 4977 2902 5028 ὁ
2931 4979 3074 5031 κατὰ
3101 4977 3263 5034 τοῦτο
3291 4980 3514 5051 λάμψας
3539 4977 3685 5031 ἄκτι-

2120 5084 2246 5120 στον
2272 5067 2331 5122 ὃν
2371 5069 2770 5138 προαπέδειξεν
2801 5071 2954 5137 αὐτὸ,
2987 5071 3266 5141 βασιλείαν
3310 5074 3469 5129 τοῦτο
3535 5067 3687 5124 καλέ·

2117 5176 2218 5221 σας
2246 5159 2340 5213 τοῦ
2366 5159 2535 5212 Θεοῦ·
2567 5163 2628 5214 οὐ
2686 5164 2796 5232 γάρ
2845 5165 2992 5217 ἐστιν
3031 5167 3058 5236 ί]
3107 5166 3358 5236 βασιλεία
3403 5162 3498 5218 τοῦ
3556 5152 3683 5214 Θεοῦ

2113 5252 2274 5322 δούλη
2317 5255 2410 5306 καὶ
2444 5257 2637 5326 κτιστή
2669 5273 2684 5289 ο
2740 5257 2878 5328 μόνη
2913 5257 3020 5330 γὰρ
3079 5259 3298 5314 πάντών
3343 5257 3683 5314 ἀὸασίλευτος

2113 5349 2208 5398 καὶ
2234 5347 2526 5417 ἀήττητος,
2550 5349 2644 5400 καὶ
2664 5351 2859 5419 χρόνου
2925 5352 3125 5415 παντὸς
3192 5355 3288 5408 καὶ
3325 5352 3515 5410 αἰῶνος
3567 5345 3683 5396 ἐπέ-

2113 5455 2271 5490 κεινα
2294 5455 2308 5468 ο
2335 5440 2430 5493 καὶ
2457 5441 2515 5492 οὐ
2549 5441 2733 5510 θέμις,
2763 5443 2949 5512 φησὶν,
2979 5440 3239 5516 ἦρχθαιῆ
3271 5433 3677 5515 φθάνεσθαιὺπὸ

2115 5529 2329 5584 αἰώνων
2356 5532 2389 5602 ἢ
2422 5533 2633 5603 χρόνων
2666 5535 2764 5606 τὴν
2807 5534 2904 5588 τοῦ
2951 5536 3088 5590 Θεοῦ
3144 5536 3449 5609 βασιλείαν.
3477 5527 3679 5594 Ταύτην

2105 5621 2162 5674 δὲ
2188 5625 2521 5696 πιστεύομεν
2547 5621 2688 5681 εἶναι
2741 5627 2844 5700 τὴν
2898 5629 3006 5684 τῶν
3053 5630 3380 5703 σωζομένων
3431 5625 3676 5696 κληρονοο

2115 5727 2269 5781 μιαν.
