4014 6430
358 397 459 464 433

1677 399 2012 459 IIOMILiA
2060 398 2328 462 XXXIV.

3531 387 3631 454 431

440 502 597 554 Ἐπεὶ
643 502 697 555 δέ
729 502 818 555 καὶ
876 504 1332 575 μεταμορφωθεὶς
1378 507 1405 559 6
1451 504 1655 577 Κύριος
1698 506 1932 577 ἔλαμψε,

2108 509 2561 580 Quandoquidem
2594 523 2722 565 vero
2752 508 2920 564 etiam
2953 505 3219 563 Dominus
3269 503 3631 559 transforma-

358 592 459 646 καὶ
492 594 590 664 τὴν
618 593 775 661 δόξαν
801 594 896 651 καὶ
912 597 1010 667 τὴν
1034 597 1402 670 λαμπρότητα
1430 599 1524 652 καὶ
1552 600 1611 652 τὸ
1652 600 1767 669 φῶς
1799 600 1937 653 ἐδει-

361 686 454 750 ξεν
483 689 682 747 ἐκεῖνο,
720 688 814 740 καὶ
840 688 961 758 ἥξει
994 690 1158 747 πάλιν
1191 685 1303 756 οἷος
1332 692 1489 763 ὤφθη
1518 694 1631 756 τοῖς
1667 693 1941 763 μαθηταῖς

360 779 423 829 ἐν
445 776 522 846 τῷ
556 778 696 847 ὄρει,
725 774 833 848 ἆρα
876 780 1247 848 προσελάϐετό
1274 800 1327 835 τι
1371 784 1509 852 φῶς,
1568 783 1666 837 καὶ
1696 785 1777 846 εἰς
1814 786 1941 848 τοὺς

361 870 568 933 αἰῶνας
590 871 722 937 ἕξει,
741 870 769 924 ὃ
794 872 1058 943 πρότερον
1078 873 1178 928 οὐκ
1204 869 1384 945 εἷχενς
1416 878 1635 944 Ἀπαγε
1651 878 1750 946 τῆς
1780 876 1944 947 βλασ-

361 961 594 1030 φημίας·
625 964 653 1015 ὀ
692 964 800 1035 γὰρ
832 965 994 1018 τοῦτο
1031 965 1210 1034 λέγων
1270 970 1418 1039 τρεῖς
1467 968 1658 1037 φύσεις
1706 970 1800 1023 ἐπὶ
1847 969 1941 1023 τοῦ

360 1052 601 1121 Χριστοῦ
627 1054 864 1121 δοξάσει,
896 1057 997 1127 τήν
1025 1074 1083 1109 τε
1114 1058 1267 1112 θείαν
1312 1059 1408 1113 καὶ
1445 1060 1546 1128 τὴν
1568 1060 1941 1133 ἀνθρωπίνην,

364 1148 461 1198 καὶ
496 1147 593 1217 τὴν
625 1148 717 1199 τοῦ
759 1149 937 1217 φωτὸς
990 1149 1223 1203 ἐκείνουο
1253 1152 1543 1222 τοιγαροῦν
1573 1153 1673 1223 οὐχ
1725 1153 1939 1225 ἑτέραν,

362 1237 478 1291 ἀλλ’
517 1238 582 1309 ἣν
629 1234 777 1308 εἶχεν
820 1241 1042 1310 ἀφανῶς
1088 1242 1454 1314 λαμπρότητα
1502 1244 1708 1314 ταύτην
1748 1247 1945 1316 ἐφανέ-

368 1349 564 1400 ρωσεν.
608 1328 735 1403 Εἶχε
768 1335 826 1387 δέ
878 1335 983 1388 ὑπὸ
1018 1326 1127 1408 ’τὴν
1164 1338 1345 1408 σάρκα
1399 1340 1796 1409 κεκρυμμένην
1843 1337 1945 1410 τὴν

364 1423 730 1496 λαμπρότητα
768 1426 869 1496 τῆς
897 1426 1113 1497 φύσεως
1136 1429 1237 1499 τῆς
1269 1429 1441 1493 θείας·
1476 1430 1673 1484 οὐκοῦν
1694 1431 1795 1502 τῆς
1830 1432 1948 1485 θεό-

366 1519 531 1586 τητός
563 1519 679 1572 ἐστι
708 1518 769 1572 τὸ
808 1519 925 1587 φῶς
956 1521 1151 1581 ἐκεῖνο.
1204 1520 1298 1575 καὶ
1327 1520 1584 1576 ᾶκτιστόν
1621 1526 1790 1576 ἐστιν·
1823 1524 1947 1577 ἐπεὶ

368 1614 463 1665 καὶ
488 1612 888 1683 μετεμορφώθη
920 1611 1156 1681 Χριστὸς
1179 1617 1321 1669 κατὰ
1352 1616 1479 1677 τοὺς
1512 1615 1821 1683 θεολόγους,
1847 1617 1946 1687 οὐχ

364 1708 393 1761 ὃ
418 1706 517 1760 οὐκ
548 1701 616 1775 ἧν
645 1707 1105 1778 προσλαϐόμενος.
1132 1708 1254 1762 οὐδέ
1284 1712 1363 1773 είς
1390 1699 1527 1779 ὅπερ
1556 1710 1658 1763 οὐκ
1683 1705 1751 1779 ἦν
1780 1726 1947 1779 μετα-

365 1799 688 1867 ϐαλόμενος,
743 1797 859 1851 ἀλλ’
905 1798 1042 1869 ὅπερ
1095 1793 1164 1871 ἦν
1217 1802 1332 1865 τοῖς
1397 1800 1622 1864 οἰκείοις
1672 1798 1945 1871 μαθηταῖς

365 1890 784 1959 ἐκφαινόμενος.
820 1888 1106 1957 διανοίγων
1135 1889 1340 1944 τούτων
1374 1891 1442 1944 τὰ
1480 1891 1729 1961 ὄμματα,
1757 1893 1850 1944 καὶ
1880 1892 1945 1943 ἐκ

363 1979 586 2049 τυφλῶν
613 1980 982 2051 ἐργαζόμενος
1012 1980 1339 2050 βλέποντας.
1392 1982 1564 2054 Ὀρᾷς
1608 1982 1692 2035 ὅτι
1720 1981 1855 2053 πρὸς
1884 1981 1948 2034 τὸ

368 2074 488 2141 φῶς
557 2075 734 2126 ἐκεῖνο
794 2072 984 2141 τυφλοί
1050 2075 1189 2129 είσιν
1222 2074 1445 2127 οἱκατὰ
1495 2074 1657 2144 φύσιν
1707 2075 1942 2144 ὁρῶντες

366 2164 639 2234 ὀφθαλμοί
657 2182 672 2229 ;
691 2163 900 2217 Οὐκοῦν
938 2163 1057 2217 οὐδὲ
1094 2165 1156 2218 τὺ
1180 2165 1294 2235 φῶς
1326 2166 1501 2218 ἐκεῖνο
1524 2164 1806 2235 αίσθητὸν,
1826 2166 1947 2219 οὐδὲ

366 2258 415 2308 οἱ
442 2255 676 2326 ὁρῶντες
697 2256 1030 2327 αίσθητικοῖς
1056 2257 1244 2321 ἀπλῶς
1270 2259 1459 2328 ἐώρων
1475 2257 1797 2328 ὀφθαλμοῖς,
1814 2257 1947 2312 ἀλλὰ

342 2350 865 2423 ,μετασκευασθεῖσι
895 2353 963 2421 τῇ
1005 2350 1233 2420 δυνάμει
1266 2350 1362 2403 τοῦ
1403 2350 1548 2407 θείου
1602 2351 1945 2423 Πνεύματος.

381 2441 792 2512 Ἐνηλλάγησαν
823 2442 938 2507 οὖν,
997 2444 1092 2497 καὶ
1130 2443 1276 2497 οὕτω
1303 2443 1404 2514 τὴν
1449 2444 1755 2516 ἐναλλαγὴν
1783 2440 1947 2510 εἶδον,

368 2534 469 2603 οὐχ
498 2534 564 2604 ἥν
610 2535 833 2605 ἀρτίως,
873 2536 989 2587 ἀλλ’
1020 2537 1086 2608 ἢν
1132 2535 1192 2601 ἐξ
1234 2536 1407 2606 αὐτῆς
1443 2539 1541 2607 τῆς
1590 2536 1950 2607 προσλήψεως

370 2627 530 2680 ἔλαϐε
560 2627 619 2680 τὸ
655 2628 924 2699 ἡμέτερον
968 2629 1219 2698 φύραμα,
1266 2627 1469 2682 θεωθέν
1512 2630 1576 2699 τῇ
1630 2627 1822 2681 ἐνώσει
1855 2629 1949 2682 τοῦ

369 2721 545 2787 Λόγου
573 2719 665 2773 τοῦ
688 2721 844 2774 Θεοῦ.
876 2720 1158 2774 Ἐντεῦθεν
1186 2722 1278 2774 καὶ
1305 2724 1337 2792 ή
1368 2722 1426 2774 ἐν
1456 2722 1728 2792 παρθενίᾳ
1752 2721 1949 2775 συλλα-

369 2811 543 2866 ὄοῦσά
563 2829 623 2864 τε
660 2811 755 2867 καὶ
792 2810 1029 2864 τεκοῦσα
1064 2811 1228 2876 ξένως
1272 2812 1364 2865 τὸν
1398 2798 1660 2882 ἐξαύτῆς
1689 2814 1952 2883 τεχθέντα

369 2904 709 2973 σαρκοφόρον
754 2902 889 2956 Θεὸν
929 2902 1176 2970 ἐπέγνω·
1214 2904 1311 2955 καὶ
1350 2903 1577 2973 Συμεὼν
1627 2901 1705 2966 ὡς
1750 2903 1949 2973 βρέφος

368 2993 559 3046 τοῦτον
592 2995 731 3064 μετὰ
762 2996 951 3065 χεῖρας
990 2992 1197 3059 λαϐὼν,
1232 2996 1329 3049 καὶ
1375 2996 1407 3065 ἡ
1446 2994 1747 3065 πρεσϐῦτις
1780 2996 1951 3049 Ἀννα

369 3086 911 3156 προσυπαντήσασαο
946 3085 1251 3155 διεφαίνετο
1292 3086 1402 3155 γὰρ
1450 3083 1561 3140 οἷον
1606 3087 1675 3140 δι’
1727 3086 1952 3140 ὑελίνων

2042 614 2129 659 tus
2161 605 2459 675 splenduit,
2488 604 2746 673 illamque
2770 602 3077 658 claritatem
3108 600 3227 672 (seu
3255 598 3628 666 maiestatem)

2040 705 2096 749 et
2124 694 2470 763 splendorem
2513 704 2567 749 et
2612 695 2794 748 lumen
2825 692 3069 749 ostendit
3100 730 3116 757 ,
3154 705 3464 760 rursusque
3496 703 3629 742 ven-

2045 794 2203 842 turus
2263 796 2369 853 est,
2419 787 2601 857 qualis
2659 787 2713 840 in
2762 795 2948 841 monte
3004 783 3295 853 discipulis
3334 780 3627 852 apparuit,

2043 893 2246 947 ergone
2277 879 2459 935 lumen
2519 879 2743 948 aliquod
2784 877 3085 945 assumpsit
3135 886 3188 930 et
3244 877 3299 930 in
3358 883 3623 933 aeternum

2044 970 2338 1026 habiturus
2394 979 2501 1047 est,
2541 971 2691 1040 quod
2745 971 2902 1039 prius
2960 984 3069 1023 non
3130 966 3393 1022 haberet?
3442 966 3629 1034 Apage

2045 1062 2464 1134 blasphemiam.
2501 1063 2637 1118 Nam
2667 1062 2762 1133 qui
2806 1062 2911 1116 hoc
2950 1060 3107 1125 dicit,
3152 1068 3261 1114 tres
3303 1059 3355 1111 in
3403 1056 3626 1112 Christo

2046 1166 2272 1210 naturas
2327 1155 2667 1226 opinabitur,
2729 1161 2845 1209 tum
2904 1152 3117 1208 scilicet
3173 1151 3415 1204 divinam
3458 1160 3626 1218 atque

2046 1247 2368 1314 humanam,
2411 1255 2527 1302 tum
2574 1255 2627 1303 et
2679 1245 2818 1302 lucis
2871 1245 3038 1300 illius.
3088 1242 3207 1305 Non
3238 1243 3403 1312 igitur
3435 1242 3624 1302 aliam,

2046 1339 2142 1396 sed
2172 1355 2334 1410 quam
2366 1340 2582 1396 occulte
2626 1338 2883 1404 habebat,
2947 1337 3255 1393 claritatem
3319 1336 3461 1390 hanc
3513 1350 3627 1389 ma-

2048 1428 2348 1486 nifestavit.
2424 1429 2671 1485 Habebat
2723 1438 2908 1484 autem
2976 1427 3079 1483 sub
3135 1442 3302 1482 carne
3365 1425 3625 1480 latentem

2047 1521 2393 1591 splendorem
2453 1520 2650 1577 divinat
2702 1528 2934 1575 naturae.
2988 1519 3134 1589 Ergo
3191 1518 3496 1573 divinitatis
3540 1526 3631 1574 est

2050 1614 2233 1669 lumen
2301 1612 2473 1679 illud,
2525 1621 2582 1667 et
2645 1611 2949 1667 increatum
3004 1619 3110 1666 est.
3168 1610 3629 1679 Quandoquidem

2048 1706 2215 1759 etiam
2248 1719 2315 1760 ex
2353 1704 2733 1775 theologorum
2783 1703 3040 1759 doctrina
3073 1702 3326 1759 Clnistus
3361 1701 3632 1756 transfor-

2051 1808 2236 1851 matus
2292 1809 2396 1863 est,
2458 1812 2564 1851 non
2619 1796 2956 1851 assumenda
2998 1796 3282 1865 quodnon
3329 1806 3468 1858 erat,
3533 1810 3633 1856 nec

2048 1888 2192 1957 quod
2247 1888 2300 1942 in
2357 1887 2491 1942 illud
2553 1886 2877 1942 immutatus
2920 1887 3015 1950 sit,
3074 1886 3167 1940 sed
3228 1883 3633 1940 manifestaudo

2048 1979 2166 2036 suis
2196 1978 2487 2050 discipulis
2520 1979 2573 2035 id
2616 1979 2764 2050 quod
2800 1986 2939 2053 erat,
2994 1994 3187 2048 nempe
3232 1977 3449 2031 illorum
3500 1991 3634 2045 ape.

2051 2074 2199 2127 riens
2235 2072 2446 2136 oculos,
2481 2081 2536 2128 et
2571 2086 2637 2127 ex
2671 2071 2835 2127 caecis
2873 2069 3106 2125 reddens
3140 2071 3408 2124 videntes.
3447 2069 3630 2131 Vides,
3676 2126 3679 2127 ν

2051 2166 2116 2219 ad
2172 2166 2320 2223 illam
2358 2167 2533 2220 lucem
2568 2166 2716 2235 quod
2770 2164 2997 2225 attinet,
3036 2177 3211 2218 crocos
3251 2177 3375 2217 esse
3415 2162 3631 2222 Oculos,

2050 2258 2144 2329 qui
2180 2275 2243 2313 ex
2278 2268 2488 2317 natura:
2538 2256 2845 2312 rationibus
2897 2255 3122 2309 vident?
3178 2253 3319 2322 Ergo
3370 2268 3441 2306 ne
3498 2252 3632 2307 illud

2052 2355 2274 2425 quidem
2306 2355 2487 2408 lumen
2526 2351 2730 2409 sensile
2769 2357 2875 2414 est,
2914 2364 3094 2419 neque
3150 2347 3399 2402 videntes
3452 2346 3633 2400 oculis

2052 2447 2321 2502 sentiendi
2355 2447 2405 2501 vi
2437 2461 2661 2516 quoquo
2709 2436 2874 2498 modo
2914 2442 3158 2512 praeditis
3204 2441 3489 2503 videbant,
3536 2438 3634 2495 sed

2053 2539 2146 2608 qui
2177 2539 2378 2593 virtute
2413 2538 2585 2592 divini
2618 2534 2859 2607 Spiritus
2893 2544 3078 2590 essent
3102 2532 3398 2587 immutati.
3429 2532 3636 2589 immu-

2053 2633 2149 2686 tati
2186 2633 2371 2702 itaque
2402 2640 2552 2693 sunt,
2580 2630 2745 2698 inque
2776 2644 2902 2684 eum
2939 2628 3155 2682 modum
3190 2624 3635 2680 immutationem

2051 2724 2331 2790 viderunt,
2366 2738 2473 2777 non
2499 2738 2661 2791 quam
2695 2730 2824 2776 tunc
2853 2735 3069 2785 recens,
3098 2718 3193 2774 sed
3225 2732 3392 2787 quam
3424 2716 3490 2770 ab
3520 2716 3636 2783 ipsa

2053 2817 2436 2886 assumptione
2483 2824 2668 2870 nostra
2702 2822 2862 2871 nacta
2896 2811 3219 2882 conspersio
3263 2810 3354 2874 sit,
3391 2825 3510 2877 quae
3542 2806 3641 2867 Dei

2053 2907 2219 2964 Verbi
2252 2908 2457 2964 unione
2487 2909 2692 2963 deitate
2719 2907 2931 2961 imbuta
2962 2904 3056 2961 sit.
3092 2904 3227 2957 lliuc
3262 2916 3487 2972 quoque
3515 2914 3637 2966 qua:

2054 3000 2110 3056 iu
2136 3001 2455 3072 virginitate
2485 3002 2730 3055 inaudita
2761 2998 2975 3054 ratione
3005 2996 3261 3064 concepit
3289 2993 3635 3064 peperitque,

2054 3107 2119 3146 cx
2159 3107 2218 3149 se
2244 3100 2429 3171 natum
2465 3092 2632 3146 Deum
2666 3091 2719 3146 in
2753 3105 2921 3148 carne
2948 3088 3193 3159 agnovit;
3221 3085 3460 3156 Sytneon
3489 3100 3632 3154 quos

371 3178 638 3247 ὑμένωνή
665 3179 785 3232 θεία
818 3178 1049 3249 δύναμις
1075 3179 1446 3248 διαυγάζουσα
1479 3182 1590 3243 τοῖς
1621 3179 1802 3250 έχουσι
1824 3180 1948 3244 τοὺς

2055 3198 2163 3251 que
2191 3183 2284 3252 qui
2315 3198 2438 3237 eum
2482 3191 2745 3251 tanquam
2792 3179 3056 3237 infantem
3106 3178 3159 3232 in
3216 3192 3412 3231 manus
3442 3189 3632 3236 διιεηοοτ

371 3271 679 3339 ὀφθαλμοὺς
709 3270 807 3339 τῆς
853 3270 1079 3341 καρδίας
1116 3271 1585 3342 κεκαθαρμένους.

2048 3277 2188 3346 perit
2238 3292 2487 3347 anusque
2528 3262 2699 3331 'Anua
2755 3289 2877 3345 qua:
2902 3284 2955 3330 et
2984 3272 3101 3343 ipsa
3134 3269 3459 3326 occurrerit.
3509 3266 3637 3319 Elu-

372 3363 525 3416 celiat
554 3364 696 3416 enim
742 3364 886 3418 velut
931 3380 1027 3433 per
1062 3374 1253 3420 tenues
1300 3368 1713 3423 membranulas
1756 3367 1959 3423 vitreas
2034 3370 2221 3425 divina
2278 3371 2477 3435 virtus,
2576 3369 2683 3424 illis
2735 3366 3004 3438 alluigens
3058 3380 3122 3421 ac
3180 3363 3453 3419 irradians
3482 3401 3496 3426 ,
3540 3359 3635 3430 qui

372 3460 559 3512 oculos
603 3462 788 3515 cordis
823 3461 1055 3515 mundos
1100 3462 1387 3518 baberent.

442 3554 506 3604 Τί
528 3554 583 3605 δὲ
602 3556 694 3607 καὶ
717 3554 824 3606 τῶν
844 3553 1018 3609 ἄλλων
1036 3556 1418 3627 ἀπολαμϐάνει
1439 3559 1567 3623 τοὺς
1587 3560 1945 3631 κορυφαίους,

373 3651 465 3702 καὶ
498 3652 688 3716 ἀνάγει
734 3649 982 3715 τούτους,
1010 3654 1106 3705 καὶ
1135 3652 1258 3705 κατ’
1298 3654 1436 3706 ίδίαν
1470 3656 1701 3724 μόνους;
1741 3656 1862 3709 Ἵνα
1894 3675 1946 3711 τι

375 3740 586 3803 πάντως
613 3742 867 3814 ὑποδείξῃ
887 3744 1026 3812 μέγα
1050 3760 1109 3795 τε
1129 3745 1223 3796 καὶ
1246 3744 1527 3814 μυστικόν.
1551 3746 1677 3809 Πῶς
1693 3742 1786 3800 οὖν
1805 3748 1947 3817 μέγα

375 3836 468 3887 καὶ
498 3836 759 3902 μυστικὸν
792 3836 823 3903 ἡ
866 3833 959 3887 τοῦ
990 3836 1254 3906 αἰσθητοῦ
1306 3836 1485 3903 φωτὸς
1520 3835 1640 3902 θέα,
1674 3838 1742 3907 ἢν
1792 3838 1948 3891 αὐτοί

376 3946 430 3980 τε
461 3930 508 3979 οί
554 3928 867 3995 ἐκλεγέντες
918 3931 1013 3983 καὶ
1055 3929 1186 3999 πρὶν
1221 3930 1546 3999 ἀναχθῆναι,
1589 3929 1687 3983 καὶ
1722 3931 1820 3983 σὺν
1849 3931 1946 3984 αὐ·

374 4024 485 4080 τοῖς
518 4022 566 4072 οί
604 4021 754 4075 κάτω
786 4020 1100 4090 λειφθέντες
1132 4015 1312 4092 εἷχον;
1341 4022 1437 4085 Τίς
1482 4022 1539 4075 δέ
1574 4025 1761 4087 αὐτοῖς
1786 4023 1949 4094 χρεία

374 4118 466 4166 καὶ
495 4113 808 4183 Πνεύματος
852 4114 1163 4185 δυνάμεως,
1194 4117 1289 4169 καὶ
1317 4118 1416 4187 τῆς
1461 4116 1529 4171 δι’
1562 4117 1737 4187 αὐτῆς
1772 4135 1942 4190 προσ·

374 4206 548 4274 θήκης
584 4208 616 4275 ἦ
651 4206 957 4277 ἐναλλαγῆς
1007 4208 1272 4279 ὀμμάτων
1320 4210 1458 4279 πρὸς
1508 4209 1609 4280 τὴν
1647 4210 1741 4264 τοῦ
1773 4210 1951 4280 φωτὸς

375 4300 585 4350 ἐκείνου
619 4300 769 4364 θέαν,
815 4300 974 4369 εἴπερ
1019 4300 1280 4369 αίσθητόν
1313 4319 1371 4354 τε
1397 4302 1493 4356 καὶ
1537 4304 1951 4369 κτιστόνςΠὼς

374 4392 428 4444 δὲ
464 4392 587 4458 δόξα
616 4394 709 4446 καὶ
736 4393 982 4463 βασιλεία
1012 4393 1106 4448 τοῦ
1144 4396 1357 4467 [ἰατρὸς
1392 4398 1485 4451 καὶ
1510 4398 1604 4451 τοῦ
1633 4398 1952 4468 Πνεύματος

376 4486 435 4535 τὸ
469 4485 580 4552 φῶς
605 4486 664 4539 τὸ
701 4487 991 4557 αίσθητόν;
1026 4487 1149 4551 Πῶς
1185 4487 1229 4541 δ’
1252 4490 1309 4541 ἐν
1347 4493 1413 4560 τῇ
1444 4491 1668 4562 τοιαύτῃ
1698 4491 1825 4563 δόξῃ
1858 4492 1953 4544 καὶ

368 4578 625 4649 βασιλεία
655 4581 795 4634 κατὰ
822 4582 913 4634 τὸν
956 4581 1221 4651 μέλλοντα
1261 4583 1436 4637 αίῶνα
1465 4583 1587 4654 ἥξει
1630 4587 1657 4637 6
1691 4585 1954 4656 Χριστὸς,

2123 3563 2264 3629 Quid
2316 3577 2447 3617 vero
2505 3560 2669 3615 etiam
2717 3571 2902 3613 causa:
2957 3564 3061 3623 est,
3094 3570 3194 3610 cur
3225 3568 3255 3608 e
3303 3552 3637 3622 reliquorum

2049 3655 2221 3711 choro
2250 3653 2524 3725 principes
2557 3634 2808 3715 assumit,
2835 3665 2899 3706 ac
2930 3647 3213 3709 subducit,
3246 3661 3453 3715 eosque
3482 3659 3639 3707 δεον-ο

2048 3761 2168 3804 sum
2206 3743 2690 3801 solosiNimirum
2753 3751 2811 3795 ttt
2862 3737 3142 3810 quidpiam
3200 3750 3457 3807 magnum
3509 3735 3639 3789 insi-

2051 3850 2182 3895 nuet
2205 3848 2368 3907 atque
2397 3836 2711 3908 mysticum.
2730 3833 2978 3899 Quonam
3004 3832 3168 3901 igitur
3194 3831 3359 3884 modo
3380 3843 3635 3897 magnum

2056 3947 2122 3988 ac
2171 3931 2457 4002 mysticum
2492 3929 2711 3984 sensilis
2771 3926 2908 3981 lucis
2962 3931 3311 3993 conspectus,
3344 3919 3502 3990 cujus
3536 3917 3639 3987 ipsi

2058 4038 2277 4093 quoque
2334 4021 2515 4088 electi,
2548 4021 2871 4089 priusquam
2920 4014 3361 4071 subducerentur
3382 4052 3397 4076 ,
3423 4010 3637 4080 copiam

2058 4111 2355 4174 habebant,
2389 4125 2454 4165 ac
2512 4123 2638 4165 cum
2688 4107 2799 4165 illis
2826 4106 2917 4180 qui
2965 4105 3136 4167 relicti
3190 4102 3447 4163 fuerunt?
3498 4100 3638 4168 Quid

2057 4219 2191 4260 vero
2230 4204 2393 4260 etiam
2426 4201 2502 4256 illi
2535 4214 2675 4269 opus
2703 4197 2945 4268 Spiritus
2998 4196 3219 4262 virtute,
3257 4209 3320 4248 ac
3367 4208 3491 4264 qua:
3546 4207 3643 4262 per

2053 4315 2172 4356 eam
2206 4305 2344 4364 erat,
2378 4290 2737 4357 accessionis,
2770 4305 2865 4345 seu
2894 4288 3178 4344 oculorum
3207 4284 3639 4347 immutationis,

2054 4394 2121 4449 ad
2154 4394 2338 4447 lumen
2365 4387 2494 4443 illud
2527 4384 2868 4450 intuendum,
2903 4381 3173 4452 siquidem
3224 4377 3496 4448 ejusmodi
3524 4386 3643 4432 erat

2056 4488 2201 4558 quod
2234 4498 2395 4541 sensu
2433 4480 2808 4552 perciperetur
2840 4486 3002 4546 atque
3025 4483 3272 4529 creatum
3299 4468 3645 4527 exsistebat?

2058 4577 2343 4649 Qumnodo
2376 4583 2561 4629 autem
2590 4571 2847 4641 majestas
2876 4572 3181 4637 et'rcgnum
3213 4563 3392 4618 Patris
3424 4577 3487 4617 ae
3515 4561 3643 4630 Spi-

374 4673 464 4722 ὅτε
493 4672 592 4722 οὐκ
644 4672 825 4742 ἀέρος,
856 4672 915 4725 οὐ
965 4674 1166 4741 φωτὸς,
1209 4673 1270 4726 οὗ
1302 4675 1471 4729 τόπου
1512 4676 1671 4746 χρεία
1722 4678 1816 4729 καὶ
1844 4677 1948 4730 τῶν

2059 4674 2201 4728 ritus
2255 4672 2437 4723 lumen
2463 4666 2605 4737 quod
2639 4677 2807 4717 sensu
2858 4656 3195 4731 percipitur?
3223 4656 3342 4720 Quo
3364 4664 3644 4724 postremo

376 4764 654 4825 τοιούτων,
708 4765 825 4819 ἀλλ’
874 4766 997 4819 ἀντὶ
1048 4767 1268 4821 πάντων
1315 4768 1460 4821 κατὰ
1490 4769 1582 4821 τὸν
1630 4768 1957 4824 Ἀπόστολον

379 4858 509 4925 ἡμῖν
542 4858 694 4911 ἐσται
727 4860 755 4911 6
788 4858 953 4925 Θεός;
986 4859 1048 4911 Εί
1081 4860 1136 4913 δὲ
1160 4860 1283 4912 ἀντὶ
1309 4860 1548 4924 πάντων,
1578 4864 1674 4918 καὶ
1696 4863 1818 4915 ἀντὶ
1843 4880 1959 4931 φω-

376 4950 467 5010 τὸς
504 4950 736 5012 πάντως·
768 4950 889 5003 ὅθεν
911 4950 1186 5005 δείκνυται
1221 4951 1388 5005 πάλιν
1422 4953 1516 5009 καὶ
1542 4952 1599 5005 τὸ
1634 4953 1748 5021 φῶς
1780 4955 1957 5007 ἐκεῖνο

376 5038 477 5108 τῆς
530 5038 780 5110 θεότητος
828 5041 909 5094 ὅνο
956 5044 1081 5098 ἐπεὶ
1132 5044 1228 5098 καὶ
1276 5045 1305 5096 6
1340 5043 1800 5113 θεολογικώτατος
1848 5046 1957 5100 τῶν

381 5132 780 5199 εὐαγγελιστῶν
827 5134 1081 5203 Ἰωάννης
1128 5135 1220 5189 διὰ
1253 5136 1353 5206 τῆς
1412 5138 1832 5207 Ἀποκαλύψεως
1864 5141 1957 5192 ὲκε-

381 5226 583 5291 φαίνει,
629 5225 705 5287 ὡς
755 5228 787 5296 ή
825 5226 1097 5294 μέλλουσα
1141 5228 1236 5280 καὶ
1272 5230 1514 5298 μένουσα
1557 5231 1740 5303 ἐκείνη
1778 5232 1955 5297 πόλις,

386 5336 403 5368 ι
442 5318 517 5368 Οὐ
564 5318 754 5388 χρείαν
788 5318 900 5388 ἔχει
950 5319 1043 5373 τοῦ
1074 5321 1230 5391 ἡλίου
1268 5322 1389 5383 οὐδὲ
1427 5322 1525 5393 τῆς
1573 5323 1829 5394 σελήνης,
1870 5324 1957 5381 ἵνα

266 5410 283 5429 ⁸
380 5412 639 5481 φαίνωσιν
657 5414 713 5465 ἐν
743 5416 959 5485 αὐτῇ-ὴ
995 5417 1102 5485 γὰρ
1132 5416 1261 5482 δόξα
1284 5417 1378 5470 τοῦ
1397 5416 1535 5470 Θεοῦ
1575 5416 1844 5487 ἐφώτισεν
1859 5418 1958 5471 αὑ-

377 5506 495 5576 τὴν,
519 5507 614 5559 καὶ
643 5510 669 5560 ὁ
691 5507 882 5578 λύχνος
921 5507 1089 5579 αὐτῆς
1112 5508 1171 5560 τὸ
1203 5510 1410 5587 ἀρνίον.
1452 5529 1471 5569 ι
1526 5510 1687 5585 194
1730 5506 1859 5583 ’Λρ’
1894 5511 1956 5565 οὐ

379 5599 627 5664 φανερῶς
649 5599 923 5665 ὑπέδειξεν
944 5600 1076 5670 ἡμῖν
1090 5600 1251 5653 κάκεῖ
1269 5600 1361 5655 τὸν
1383 5602 1438 5655 ἐν
1456 5602 1723 5674 Θαόωρίῳ
1740 5601 1834 5657 νῦν
1858 5619 1954 5672 με·

378 5689 805 5768 ταμορφωθέντα
838 5689 996 5755 θείως
1029 5689 1269 5761 Ἰησοῦν;
1305 5690 1361 5756 ὃς
1385 5692 1499 5765 ἔχει
1523 5693 1624 5764 μὲν
1656 5695 1732 5760 ὡς
1760 5693 1957 5766 λύχνον

455 5882 495 5914 ³⁸
528 5882 547 5938 l
579 5883 700 5937 Cur.
732 5897 821 5948 xv,
857 5880 942 5935 :28.
1026 5884 1065 5915 ¹⁷
1108 5885 1275 5951 Apoc.
1310 5899 1446 5952 χιιι,
1473 5883 1565 5947 9.5.

2054 4767 2222 4822 modo
2250 4766 2303 4820 in
2332 4759 2599 4835 ejusmodi
2630 4757 2921 4826 majestate
2943 4763 2997 4808 et
3029 4766 3200 4821 regno
3237 4752 3291 4803 in
3317 4748 3501 4802 futuro
3541 4762 3643 4809 sa:-

2055 4859 2183 4914 culo
2234 4855 2414 4910 veniet
2442 4852 2721 4917 Christus,
2754 4846 2975 4919 quando
3020 4859 3121 4899 nec
3172 4840 3318 4903 aere,
3352 4856 3452 4895 nec
3500 4839 3643 4897 luce.

2055 4965 2156 5003 nec
2184 4948 2305 5003 loco
2337 4959 2473 5015 opus
2502 4942 2627 5005 erit,
2661 4956 2758 4995 seu
2790 4938 3022 4992 aliorum
3053 4934 3175 5006 ejus
3229 4932 3476 5003 generis,
3520 4930 3639 4997 sed,

2055 5051 2191 5098 teste
2253 5037 2619 5110 Apostolo”,
2654 5034 2798 5090 Deus
2849 5032 2954 5087 erit
3002 5029 3164 5085 nobis
3205 5044 3306 5098 pro
3352 5024 3645 5086 omnibus?

2061 5134 2155 5189 Siti
2189 5143 2370 5188 autent
2404 5146 2503 5203 pro
2534 5128 2815 5191 omnibus,
2862 5123 3090 5187 omnino
3122 5122 3286 5184 etiam
3323 5133 3422 5195 pro
3477 5118 3643 5171 lumi—

2062 5245 2130 5283 ne
2156 5269 2169 5283 .
2209 5227 2361 5283 Unde
2394 5243 2587 5285 rursus
2620 5229 2901 5297 probatur,
2938 5225 3071 5286 illud
3096 5238 3315 5294 quoque
3339 5220 3521 5281 lumen
3560 5232 3646 5272 es.

2061 5337 2122 5377 se
2150 5319 2372 5380 deitatis
2396 5359 2411 5374 .
2446 5317 2582 5377 Nam
2615 5328 2671 5373 et
2701 5318 3160 5389 evangelistarum
3190 5315 3429 5375 Joannes
3458 5310 3643 5366 divina
3714 5342 3717 5377 ί

2065 5411 2423 5469 doctissimus
2474 5427 2571 5482 per
2646 5411 3037 5468 revelationem
3094 5403 3642 5482 ostendit,,l'n_turam
3704 5440 3705 5443 η

2064 5523 2126 5562 ac
2156 5516 2463 5561 manentem
2487 5505 2634 5560 illam
2666 5503 2962 5570 civitatem,
2990 5520 3008 5555 ι
3032 5515 3141 5557 non
3175 5480 3482 5554 habituram
3502 5509 3641 5564 opus

2064 5601 2179 5656 sole
2210 5607 2307 5653 aut
2353 5600 2504 5666 luna,
2530 5607 2590 5652 ut
2635 5596 2691 5651 in
2732 5611 2794 5652 ea
2824 5595 3047 5650 luceant
3073 5611 3087 5648 :
3117 5592 3337 5648 claritas
3361 5590 3503 5643 enim
3549 5587 3645 5642 Dei

2066 5689 2525 5767 illuminabiteam
2549 5708 2564 5763 ε
2593 5699 2644 5746 et
2664 5688 2885 5745 lucerna
2910 5686 3029 5765 ejus
3050 5689 3333 5763 estAgnus
3357 5681 3422 5737 ".
3453 5699 3470 5733 ι
3503 5678 3641 5744 Num
