4014 6498
304 380 430 444 441
1288 406 1289 409 ‘
1588 386 1856 447 HOMILI

1971 388 2196 453 XXXV.
3442 398 3545 462 442

304 496 525 560 ἠγαγε,
554 491 629 561 τῷ
671 490 848 561 λευκῷ
874 490 971 560 τῆς
1020 490 1195 560 χιόνος
1233 492 1331 560 τὴν
1357 493 1723 561 στιλπνότητι
1756 511 1852 547 συν

1955 533 1957 556 ι
1995 494 2144 549 ilium
2188 503 2352 563 atque
2385 498 2659 565 decorem,
2691 500 2786 554 sed
2825 509 2880 555 et
2932 501 3380 558 vestimentorum
3426 510 3544 561 cxi-

301 584 466 653 ἅψας
493 599 506 612 ·
562 583 681 635 ἐπεὶ
721 582 778 635 δὲ
809 583 901 635 καὶ
946 584 978 653 ὴ
1022 583 1183 651 τέχνη
1234 583 1383 636 δοκεῖ
1440 601 1561 636 τινα
1612 584 1856 655 καλλονὴι

1983 586 2145 639 miam
2186 589 2410 655 gratiam
2442 591 2733 645 ostendens
2763 605 2827 646 ac
2854 602 3217 656 Venustatem,
3250 596 3358 651 illis
3408 599 3541 652 sub-

298 674 815 745 προσειρευρίσκειν
839 676 904 742 τῇ
936 673 1114 743 φύσει.
1142 674 1235 727 καὶ
1271 674 1379 728 τῶν
1418 676 1689 744 τεχνητῶν
1712 678 1856 745 ὡραῑ

1980 675 2136 730 duxit
2160 694 2279 745 quae
2312 689 2503 733 natura
2534 681 2784 736 decorem
2826 682 3039 743 habent,
3080 698 3142 739 ea
3166 688 3392 752 ratione,
3422 704 3528 756 qua

296 763 474 831 σμῶν
497 764 712 829 εκείνην
739 764 839 832 τὴν
879 763 1143 833 καλλονὴν
1191 764 1518 833 ὕπερτιθεὶς,
1563 762 1671 831 οἷα,
1719 770 1850 837 φησὶ

1979 766 2123 821 nivis
2154 768 2386 823 albedini
2414 768 2675 839 fulgorem
2707 773 2998 840 copulavit.
3032 776 3168 840 Quia
3201 793 3329 831 vero
3358 779 3523 832 etiam

293 854 559 920 γναφεὺς
595 854 685 905 ἐπὶ
707 853 803 919 τῆς
828 851 931 920 γῆς
952 854 1012 905 οὐ
1038 853 1263 906 δύναται
1294 852 1576 909 λευκᾶναι.

1978 874 2066 916 ars
2106 863 2324 931 majoris
2354 865 2555 932 aliquid
2616 867 3036 934 pulchritudinis
3062 881 3272 926 natura:
3312 876 3532 928 videtur

292 945 584 998 asciscere
608 960 671 997 ac
703 944 1039 1012 adinvenire,
1062 947 1150 1001 bis
1212 961 1432 1018 quoque
1465 962 1528 1001 ex
1584 957 1700 1002 arte
1731 948 1869 1003 lucis
1901 952 2356 1020 pulchritudinem
2386 956 2532 1011 illam
2568 967 2903 1026 anteponens
2941 979 2955 1015 :
3022 980 3041 1013 1
3070 959 3284 1027 Qualia,
3327 964 3530 1033 inquit,

292 1036 452 1088 fullo
480 1051 639 1106 super
668 1046 866 1092 terram
895 1054 1003 1093 non
1032 1046 1209 1109 potest
1238 1040 1364 1094 alba
1406 1039 1603 1095 facere.
1640 1059 1659 1092 1

390 1131 556 1183 Ἀλλὰ
580 1130 687 1201 γὰρ
715 1134 743 1184 6
779 1132 846 1185 δι’
878 1135 1024 1204 ἡμᾶς
1063 1134 1365 1205 σαρκωθεὶς
1405 1133 1733 1204 προαιώνιος
1759 1135 1865 1189 Λό-

288 1237 433 1288 γος,
456 1223 489 1291 ἡ
513 1224 871 1286 ὲνυπόστατος
893 1224 1053 1293 σοφία
1078 1225 1174 1279 τοῦ
1203 1225 1438 1295 Πατρός,
1468 1226 1564 1279 καὶ
1589 1225 1682 1278 τὸν
1708 1226 1866 1291 λόγον

287 1312 408 1364 τοῦ
442 1312 796 1380 εὐαγγελικοῦ
844 1315 1199 1385 κηρύγματος
1231 1319 1287 1369 ὲν
1316 1316 1491 1385 ἑαυτῷ
1534 1316 1688 1386 φέρει
1731 1318 1866 1371 πάν-

287 1417 418 1462 τως
441 1415 456 1431 ·
491 1394 549 1455 οὗ
575 1401 823 1473 καθάπερ
853 1404 1143 1473 ἱματισμὸς
1161 1405 1222 1457 τὸ
1249 1405 1481 1475 γράμμα
1510 1406 1646 1466 ἐστὶ,
1669 1405 1864 1460 λευκὸν

296 1493 412 1552 μὲν
441 1491 498 1543 δν
530 1493 622 1543 καὶ
664 1493 853 1560 σαφὲς,
885 1495 1000 1562 ἅμα
1031 1495 1086 1548 δὲ
1121 1495 1215 1548 καὶ
1244 1496 1454 1549 στίλϐον
1482 1497 1574 1548 καὶ
1612 1494 1863 1566 λαμπρὴν

288 1586 401 1635 καὶ
452 1578 562 1635 οἷον
614 1585 991 1654 μαργαρῶδες,
1052 1587 1252 1656 μᾶλλον
1305 1588 1362 1641 δὲ
1423 1588 1723 1656 θεοπρεπὲς
1771 1589 1864 1643 καὶ

288 1672 494 1726 ἔνθεον
525 1676 633 1733 τοῖς
676 1675 731 1727 ὲν
755 1674 1023 1743 πνεύματι
1051 1676 1123 1729 τὰ
1177 1677 1271 1729 τοῦ
1316 1678 1633 1745 Πνεύματος
1672 1679 1861 1746 δρῶσι,

292 1762 400 1815 καὶ
434 1763 750 1830 διασαφοῦσι
776 1763 875 1827 τὰς
902 1765 958 1817 ὲν
987 1764 1065 1831 τῷ
1104 1767 1392 1835 γράμματι
1423 1768 1597 1832 λέξεις
1636 1769 1863 1838 θεοπρε-

292 1853 452 1919 πῶς,
483 1855 572 1905 καὶ
600 1855 824 1909 τοιαῦτα
850 1856 1088 1909 δεικνῦσι
1120 1856 1190 1909 τὰ
1231 1857 1450 1927 ῥήματα
1494 1859 1587 1911 τοῦ
1630 1861 1861 1927 εὐαγγε-

2042 1138 2350 1203 Enimvero,
2401 1141 2543 1209 quod
2577 1151 2797 1210 propter
2828 1156 2927 1195 nos
2983 1155 3201 1196 carnem
3235 1145 3531 1211 assumpsit

1969 1238 2341 1294 prmternum
2380 1229 2469 1284 Dei
2498 1228 2754 1293 Verbum,
2804 1246 2929 1285 vere.
2983 1233 3252 1286 exsistens
3315 1237 3526 1302 sapien-

1967 1319 2038 1373 tia
2072 1319 2268 1386 Patris,
2302 1330 2356 1375 et
2393 1323 2537 1391 quod
2575 1323 2796 1378 verbum
2835 1325 3203 1392 evangelicum
3258 1327 3311 1379 in
3345 1329 3525 1394 seipso

1965 1409 2188 1462 omnino
2218 1418 2414 1478 portet,
2447 1411 2606 1480 cujus
2636 1414 2785 1467 velut
2818 1415 3047 1468 vestitus
3078 1415 3254 1468 littera
3310 1426 3411 1481 est,
3440 1418 3517 1469 al-

1966 1502 2029 1552 ha
2060 1499 2277 1569 quidem
2317 1510 2372 1555 et
2432 1502 2613 1571 plana,
2652 1503 2928 1571 simulque
2977 1506 3141 1559 etiam
3195 1504 3396 1571 fulgida
3460 1523 3523 1561 ac

1960 1589 2261 1657 Splendida,
2292 1592 2546 1660 velutque
2594 1593 2900 1662 margaritis
2929 1595 3377 1650 interlucentibus
3401 1596 3526 1649 lim-

1959 1679 2119 1745 pida;
2150 1680 2281 1747 quin
2308 1681 2418 1736 imo
2450 1680 2731 1748 majestate
2768 1684 2946 1751 plena,
2977 1697 3313 1752 augustaque
3351 1695 3404 1739 et
3427 1701 3525 1752 ap-

1958 1768 2132 1835 posita
2159 1770 2265 1832 his,
2300 1772 2391 1838 qui
2439 1772 2491 1823 in
2524 1771 2717 1840 spiritu
2764 1788 2831 1827 ea
2870 1788 2990 1841 quae
3042 1783 3170 1828 sunt
3218 1774 3450 1843 Spiritus
3476 1775 3521 1807 “

1957 1858 2195 1922 videant,
2217 1875 2280 1913 ac
2300 1875 2420 1930 quae
2452 1860 2505 1915 in
2546 1862 2727 1916 littera
2758 1865 2944 1931 posita:
2970 1876 3099 1917 sunt
3154 1879 3334 1928 voces,
3385 1864 3527 1918 divi-

292 1944 463 1996 λικοῦ
492 1944 864 2015 κηρύγματος,
894 1942 981 2002 οἷα
1011 1923 1252 2016 γναφεὺς
1394 1950 1494 2016 τῆς
1518 1951 1642 2017 γῆς,
1676 1923 1856 2003 τουτέ-

1968 1963 2035 2002 ne
2058 1955 2111 2001 et
2152 1957 2209 2001 ut
2266 1923 2430 2003 Deum
2493 1923 3140 2022 deceant,-graviterque
3196 1923 3519 2009 dilucidam.

296 2054 395 2090 στι
426 2039 588 2106 σοφὸς
611 2038 702 2090 τοῦ
725 2038 921 2102 αἰῶνος
948 2038 1139 2091 τούτου
1165 2040 1224 2091 οὐ
1252 2038 1473 2092 δύναται
1497 2042 1860 2108 διασαφῆσαι·

295 2130 403 2181 καὶ
434 2131 486 2181 τί
515 2129 655 2196 λέγω
694 2129 1057 2198 διασαφῆσαι;
1085 2130 1220 2182 Οὐδὲ
1265 2131 1373 2196 γὰρ
1405 2130 1627 2182 δύναται
1660 2130 1862 2197 γνῶναι

296 2220 697 2287 δ.ασαφοῦντος
720 2219 935 2288 έτέρου·
967 2220 1198 2289 ψυχικὸς
1230 2220 1338 2294 γὰρ
1381 2220 1687 2286 ἄνθρωπος,
1717 2221 1863 2290 καθά

298 2322 479 2377 φησιν
506 2307 534 2361 6
567 2306 902 2375 Ἀπόστολος,
954 2311 1016 2363 οὐ
1046 2311 1258 2380 δέχεται
1285 2312 1353 2364 τὰ
1392 2306 1484 2365 τ’σῦ
1520 2309 1857 2381 Πνεύματος,

298 2401 427 2453 οὐδὲ
454 2400 671 2454 δύναται
700 2400 901 2469 γνῶναι
920 2416 936 2433 ⁸
962 2400 1040 2455 διὸ
1062 2401 1157 2454 καὶ
1182 2403 1262 2463 εἰς
1287 2402 1546 2473 αἰσθητὰς
1571 2420 1863 2473 παραγνω-

306 2493 454 2559 ρίζει
493 2491 591 2553 τὰς
644 2492 785 2560 ὑπὲρ
838 2491 963 2545 νοῦν
1008 2494 1100 2545 καὶ
1158 2492 1304 2555 θείας
1336 2495 1431 2547 καὶ
1484 2494 1859 2563 πνευματικὰς

301 2582 620 2650 ὲλλάμψεις,
652 2582 687 2636 ἂ
735 2582 811 2651 μὴ
865 2580 1109 2652 ἑώρακεν
1162 2583 1496 2652 ὲμσατεύων,
1531 2585 1687 2654 197
1729 2588 1856 2658 εἰκῆ

302 2674 668 2745 φυσιούμενος
698 2674 802 2728 ὑπὸ
829 2675 923 2728 τοῦ
952 2674 1072 2739 νοὸς
1103 2674 1204 2745 τῆς
1236 2676 1433 2745 σαρκὸς
1460 2677 1646 2732 αὐταῦ.

389 2936 529 2991 Ἀλλ’
565 2938 591 2991 6
629 2939 829 3007 Πέτρος
858 2937 962 2993 ὑπὸ
988 2941 1086 3010 τῆς
1116 2941 1539 3012 μακαριωτάτης
1564 2941 1688 3006 θέας
1716 2944 1855 2997 ὲκεί-

306 3049 402 3101 νης
446 3032 835 3100 καταυγασθεὶς
893 3031 991 3102 τὴν
1035 3033 1437 3099 διάνοιαν,’καὶ⁵
1491 3039 1626 3105 πρὸς
1674 3038 1854 3107 ἔρωτα

305 3127 448 3177 θεῖον
479 3124 572 3176 καὶ
597 3125 758 3178 πόθον
783 3124 1039 3194 ἐπαρθεὶς
1084 3126 1321 3195 μείζονα,
1356 3127 1447 3179 τοῦ
1482 3128 1656 3193 φωτὸς
1709 3129 1852 3181 ὲκεί-

307 3232 395 3267 νου
438 3215 717 3283 διαστῆναι
763 3215 961 3286 μηκέτι
1003 3215 1191 3282 θέλων,
1232 3234 1252 3267 1
1302 3217 1477 3269 Καλόν
1526 3219 1671 3270 ἐστιν
1704 3219 1852 3287 ἡμᾶς
1878 3245 1923 3304 C

304 3304 406 3360 ὧδε
463 3304 616 3370 εἶναι,
649 3326 667 3358 1
708 3308 843 3379 πρὸς
895 3309 986 3360 τὸν
1034 3306 1236 3377 Κύριον
1286 3307 1458 3375 ἔλεγε.
1496 3326 1515 3359 1
1567 3310 1626 3361 Εἰ
1677 3309 1849 3373 θέλεις

307 3398 621 3465 ποιήσωμεν
652 3391 750 3448 ὧδε
783 3400 931 3465 τρεῖς
967 3396 1193 3465 σκηνὰς,
1228 3398 1311 3449 σοὶ
1352 3399 1500 3467 μίαν,
1531 3399 1622 3451 καὶ
1663 3401 1852 3454 Μωσεϊ

314 3485 457 3554 μίαν,
512 3486 606 3537 καὶ
643 3485 769 3552 μίαν
819 3486 994 3555 Ἠλίᾳ,
1031 3486 1105 3555 μὴ
1155 3487 1308 3549 εἰδὼς
1340 3488 1367 3539 δ
1414 3487 1593 3555 λέγει’
1631 3508 1650 3541 1
1698 3488 1851 3542 οὔπω

310 3578 411 3645 γὰρ
437 3580 464 3631 6
491 3576 676 3646 καιρός
698 3578 1002 3646 ἐφειστήκει
1032 3578 1128 3646 τῆς
1153 3579 1650 3643 ἀποκαταστάσεως
1671 3597 1683 3610 ⁸
1715 3580 1850 3634 ἀλλὰ

313 3670 496 3739 καιροῦ
572 3669 905 3732 ἐπιστάντος,
974 3670 1035 3720 οὐ
1094 3671 1487 3739 χειροποιήτων
1545 3670 1852 3740 δεησόμεθα

320 3758 540 3825 σκηνῶν.
594 3757 733 3809 Ἀλλ’
777 3759 885 3811 οὐδ’
924 3755 1131 3821 ὲξισοῦν
1180 3759 1286 3811 ἔδει
1336 3762 1411 3827 τῷ
1440 3761 1687 3831 Δεσπότῃ
1728 3763 1851 3825 τοὺς

323 3847 520 3910 δούλους
549 3847 633 3899 διὰ
663 3849 758 3915 τῆς
787 3846 896 3899 τῶν
930 3845 1144 3915 σκηνῶν
1177 3847 1491 3917 ὁμοιότητος
1511 3864 1526 3880 ’
1558 3851 1585 3901 6
1616 3849 1716 3916 μὲν
1742 3852 1851 3919 γὰρ

314 3935 536 4003 Χριστὸς
576 3934 650 3997 ὼς
688 3936 814 3998 Υἱὸς
850 3937 1071 4006 γνήσιος
1119 3937 1175 3989 ὲν
1207 3939 1319 4000 τοῖς
1364 3937 1585 4000 κόλποις
1616 3939 1708 3992 τοῦ
1746 3942 1852 4007 Πα-

312 4028 427 4097 τρός
482 4029 657 4078 ἐστιν·
716 4026 764 4079 οἱ
798 4026 853 4079 δὲ
890 4026 1168 4098 προφῆται
1217 4028 1568 4098 καταλλήλως
1619 4029 1693 4092 ὡς
1743 4032 1852 4083 υἱοὶ

311 4119 512 4186 γνήσιοι
556 4117 646 4169 τοῦ
690 4118 939 4188 Ἀϐραὰμ
986 4120 1042 4170 ὲν
1071 4122 1185 4181 τοῖς
1233 4119 1455 4182 κόλποις
1495 4119 1745 4191 Ἀϐραὰμ
1775 4124 1852 4176 oi—

311 4214 578 4278 κῄσουσιν.
626 4208 711 4272 Ὦς
741 4209 832 4263 οὖν
855 4209 1030 4263 ταῦτα
1060 4211 1088 4261 6
1114 4210 1319 4277 Πέτρος
1353 4211 1427 4280 μὴ
1459 4210 1615 4276 εἰδὼς
1643 4213 1846 4280 ἔλεγεν,

315 4320 333 4351 1
375 4300 500 4352 Ἰδοὺ
541 4301 731 4370 νεφέλη
768 4301 1005 4371 φωτεινὴ
1048 4303 1374 4355 ἐπεσκίασεν
1420 4304 1638 4369 αὐτοὺς,
1681 4323 1700 4356 1
1735 4304 1853 4357 δια·

311 4399 577 4443 κόπτουσα
620 4393 742 4451 τοὺς
777 4392 981 4461 Πέτρου
1024 4392 1235 4461 λόγους,
1275 4395 1371 4447 καὶ
1408 4394 1664 4448 δεικνῦσα
1705 4396 1787 4459 τίς
1819 4397 1850 4467 ἡ

308 4483 379 4550 τῷ
406 4482 620 4551 Χριστῷ
654 4483 937 4553 πρέπουσα
969 4488 1164 4555 σκηνή.

1967 2039 2391 2108 lstiusmodique
2454 2042 2690 2095 ostendit
2749 2044 3070 2110 evangelica;
3114 2045 3521 2112 praedicationis

1963 2130 2127 2185 verba
2164 2134 2205 2186 ι’
2234 2149 2253 2183 ι
2291 2130 2482 2196 Qualia
2518 2131 2653 2186 l'ulio
2678 2147 2840 2201 super
2876 2144 3074 2187 terram
3108 2153 3126 2184 1
3163 2134 3385 2203 (nempe
3427 2151 3518 2189 sa-

1961 2221 2116 2291 piens
2200 2220 2363 2289 hujus
2440 2222 2665 2288 saeculi)
2754 2237 2860 2276 non
2923 2233 3101 2290 potest
3195 2224 3519 2278 dilucidare.

1963 2310 2028 2368 Et
2060 2310 2187 2382 quid
2218 2311 2339 2369 dico
2387 2311 2684 2370 dilucidare
2747 2326 2811 2368 ac
2873 2312 3214 2382 explanare?
3247 2311 3315 2369 Ut
3375 2316 3516 2369 enim

1958 2403 2038 2456 ait
2091 2404 2416 2470 Apostolus:
2473 2423 2492 2456 1
2527 2405 2791 2459 Auimalis
2844 2404 3007 2457 homo
3056 2419 3163 2457 non
3218 2406 3360 2472 capit
3399 2421 3518 2474 quae

1960 2503 2086 2549 sunt
2142 2493 2392 2564 Spiritus,
2412 2510 2512 2551 nec
2561 2504 2736 2564 potest
2790 2495 3216 2562 cognoscere“;
3265 2513 3284 2546 1
3330 2511 3522 2564 quam-

1959 2583 2142 2637 obrem
2194 2584 2355 2638 etiam
2426 2585 2569 2639 velut
2603 2599 2688 2637 res
2724 2583 2906 2637 sensui
2963 2583 3261 2650 subiectas.
3295 2584 3374 2637 sic
3401 2600 3519 2649 qua:

1957 2681 2192 2727 mentem
2227 2682 2513 2742 superant,
2541 2672 2864 2740 divitiasque
2900 2671 3171 2738 accipiens
3202 2671 3521 2724 illustratio-

1964 2778 2084 2826 nes,
2161 2764 2369 2818 errore?
2399 2762 2615 2832 accipit,
2658 2778 2717 2817 se
2772 2764 2876 2816 illis
2902 2766 3222 2816 immiscens
3251 2778 3370 2830 quae
3409 2778 3516 2817 non

1955 2855 2110 2917 vidit,
2141 2870 2204 2909 ac
2231 2854 2445 2908 inﬂatus
2465 2869 2627 2908 sensu
2656 2854 2835 2907 carnis
2865 2866 2975 2905 suae
3001 2852 3070 2905 ⁸⁵.

2036 2944 2238 2999 Verum
2296 2946 2495 2999 Petrus
2559 2944 2872 2997 beatissima
2911 2943 2997 2995 illa
3057 2941 3265 2995 visione
3333 2943 3515 2993 animo

1954 3035 2332 3099 collustratus,
2393 3035 2557 3103 inque
2604 3034 2851 3088 divinum
2900 3047 3143 3086 amorem
3227 3030 3514 3098 majusque

1954 3126 2283 3180 desiderium
2301 3125 2495 3187 elatus,
2540 3123 2675 3178 nihil
2710 3124 2819 3190 jam
2847 3123 3080 3190 amplius
3102 3126 3169 3176 ab
3206 3137 3268 3174 eo
3299 3121 3513 3188 sejungi

1956 3214 2157 3267 lumine
2184 3215 2458 3269 sustinens
2481 3254 2495 3278 ,
2534 3232 2552 3264 1
2584 3210 2784 3267 Bonum
2824 3222 3026 3266 estnos
3055 3213 3139 3265 hic
3184 3227 3319 3271 esse.
3355 3229 3372 3261 1
3402 3213 3517 3262 uiu-

1953 3307 2044 3359 bat
2069 3306 2135 3359 ad
2170 3305 2471 3359 Dominum.
2503 3304 2586 3367 Et,
2623 3302 2931 3357 1Faciamus
2960 3303 3046 3355 hic
3077 3301 3516 3355 lriatabernacu-

1952 3397 2023 3461 la,
2062 3396 2157 3449 tibi
2199 3412 2386 3460 unum,
2415 3404 2467 3449 et
2505 3393 2638 3448 Mosi
2664 3409 2851 3458 unum,
2878 3402 2931 3446 ct
2984 3406 3150 3445 unum
3191 3391 3359 3454 Elian;
3421 3407 3518 3443 ne-

1951 3485 2127 3541 sciens
2144 3487 2271 3555 quid
2293 3487 2493 3541 diceret
2515 3485 2582 3539 “.
2613 3503 2631 3535 1
2655 3484 2899 3536 Nondum
2929 3485 3070 3535 enim
3094 3490 3306 3547 tempus
3326 3480 3514 3532 aderat

1953 3579 2004 3633 in
2056 3580 2321 3650 integrum
2346 3578 2726 3633 restitutionis.
2753 3574 2893 3640 Quin
2933 3587 3030 3627 nec
3062 3588 3182 3626 cum
3211 3572 3511 3634 advenerit,

1951 3689 2083 3742 opus
2107 3670 2263 3729 nobis
2285 3670 2387 3724 erit
2414 3667 2775 3723 tabernaculis
2835 3662 3176 3717 manufactis.
3218 3661 3283 3715 At
3335 3677 3512 3729 neque

1954 3763 2098 3819 servi
2131 3760 2363 3816 Domino
2406 3755 2733 3823 exchuanli
2769 3764 2946 3815 erant,
2990 3752 3135 3819 paria
3202 3750 3270 3803 iis
3325 3752 3509 3802 taber-

1953 3855 2148 3909 nacula
2198 3849 2476 3920 erigendo.
2509 3845 2641 3899 Nam
2677 3844 2926 3899 Chrisms
2971 3842 3211 3910 quidem,
3247 3848 3506 3901 tanquam

1956 3960 2115 3999 verus
2146 3943 2339 4005 Filius,
2384 3941 2436 3993 in
2466 3939 2639 3993 Patris
2686 3936 2807 3989 sinu
2837 3933 3049 3988 exsistit
3103 3933 3189 3995 ‘7;
3237 3932 3509 4000 prophetae

1952 4051 2100 4099 vero,
2127 4030 2509 4088 convenienter
2563 4037 2619 4080 ut
2683 4027 2791 4079 veri
2825 4025 3053 4077 Abrahae
3101 4023 3218 4084 ﬁlii,
3289 4023 3340 4073 in
3386 4022 3509 4075 sinu

1950 4124 2180 4179 Abrahze
2255 4115 2673 4173 habitahunt".
2727 4113 2860 4167 Cum
2911 4128 3040 4181 ergo
3136 4113 3247 4165 lucc
3312 4110 3511 4163 Petrus

1952 4209 2203 4263 nesciens
2236 4208 2551 4274 loqueretur
2588 4219 2601 4254 :
2637 4220 2654 4252 1
2687 4202 2822 4255 Ecce
2877 4201 3048 4254 nubes
3093 4200 3265 4252 lucida
3313 4201 3506 4252 obum-

1955 4302 2127 4355 bravit
2152 4313 2246 4353 eos
2276 4297 2359 4363 ";
2397 4308 2593 4363 nempe
2618 4291 2763 4345 Petri
2794 4292 3510 4357 sermonesintcrrumpeus,

1955 4408 2017 4447 ac
2045 4391 2317 4460 quodnam
2354 4387 2630 4443 Christum
2673 4384 3084 4438 tabernaculqu
3140 4384 3351 4445 deccat,
3410 4398 3503 4437 os-

1954 4487 2200 4537 tendens.

386 4573 542 4625 Ἀλλὰ
571 4575 651 4636 τίς
689 4573 827 4644 αὕτη
858 4576 891 4644 ἡ
923 4576 1138 4643 νεφέλη,
1171 4576 1263 4629 καὶ
1298 4576 1412 4639 πῶς
1438 4579 1671 4648 φωτεινὴ
1697 4574 1851 4643 οὖσα,

2030 4572 2227 4625 Verum
2259 4585 2501 4635 quaenam
2534 4568 2649 4622 hate
2707 4567 2878 4620 nubes
2905 4572 2958 4619 et
3013 4563 3286 4634 quomodo
3326 4562 3508 4616 lucida

311 4663 620 4725 ἐπεσκίασεν
670 4664 900 4729 αὖτούς;
957 4664 1045 4733 Μὴ
1098 4662 1236 4733 αὕτη
1281 4667 1340 4717 τὸ
1391 4666 1682 4733 ἀπρόσιτόν
1738 4668 1852 4717 ἐστι

313 4756 413 4822 φῶς
447 4756 501 4805 ὲν
528 4748 570 4819 ᾧ
598 4756 624 4806 ὁ
647 4755 792 4815 ’Θεὸς
833 4757 1098 4820 κατοικεῖ,
1142 4755 1236 4807 καὶ
1280 4754 1308 4807 ὃ
1345 4744 1457 4824 ιρῶς
1493 4755 1851 4808 ἁναὸἀλλεται

312 4846 379 4900 ὡς
410 4845 661 4911 inanima;
704 4862 722 4895 1
775 4843 832 4896 '0
869 4842 1038 4906 τιθεὶς
1085 4846 1209 4913 γὰρ,
1253 4846 1407 4913 φησὶ,
1442 4846 1573 4915 νέφη
1609 4845 1703 4914 τὴν
1734 4844 1849 4897 €72!-

314 4936 459 4988 ὄασιν
515 4935 697 5000 αὑτοῦ,
739 4954 755 4987 1
802 4937 966 5000 xa‘t,1
1026 4936 1219 4988 Ἐθετο
1276 4938 1463 4999 σκότος
1523 4935 1847 5005 ἀποκρυφὴν

312 5025 485 5089 αὐτοῦ,
517 5026 697 5095 κύκλῳ
729 5026 892 5078 αὑτοῦ
925 5028 956 5095 ἠ
992 5026 1161 5094 σκηνὴ
1192 5026 1378 5078 αὐτοῦ.
1419 5044 1436 5076 1
1472 5026 1665 5076 Καίτοι
1706 5023 1850 5077 καθά

311 5135 465 5185 φησιν
498 5119 525 5169 6
570 5116 918 5178 Ἀπόστολος·
952 5134 969 5167 1
1010 5117 1187 5177 Μόνος
1218 5116 1355 5185 ἔχων
1385 5114 1704 5178 ἀθανασίαν,
1736 5114 1851 5181 φῶς

309 5208 462 5262 οἰκῶν
512 5208 839 5276 ἀπρόσιτονο
877 5224 896 5257 1
941 5206 1083 5258 ὥστε
1130 5205 1191 5257 τὸ
1238 5205 1368 5258 αὐτὸ
1419 5204 1513 5257 καὶ
1559 5204 1672 5270 φῶς
1707 5204 1849 5254 ἐστιν

310 5296 545 5351 ἐνταυθοῖ
573 5296 663 5347 καὶ⁷
700 5295 910 5360 σκότος,
936 5295 1001 5347 δι’
1031 5295 1403 5363 ὑπερέχουσαν
1430 5294 1702 5362 φανότητα
1728 5293 1847 5343 ὲπιο

315 5390 543 5455 σκιάζον.
588 5386 750 5439 Ἀλλὰ
786 5388 877 5438 καὶ
915 5386 977 5438 τὸ
1014 5390 1126 5446 τοῖς
1153 5387 1524 5444 ἀποστολικοῖς
1554 5383 1848 5451 ὀφθαλμοῖς

312 5483 561 5547 πρότερον
597 5476 872 5545 ὁρώμενον
919 5477 1214 5547 ἀπρόσιτον
1248 5476 1349 5527 ὑπὸ
1376 5475 1481 5526 τῶν
1533 5473 1691 5543 ἱερῶν
1723 5474 1843 5524 θεο-

372 5688 412 5716 ν
442 5686 582 5737 Ιιῖοι·
624 5698 682 5741 ιι.
728 5681 811 5735 15.
870 5660 932 5711 ν
962 5678 1094 5731 ibid.
1127 5680 1209 5731 ιι.

315 5756 530 5811 ιαιιιιιι.
597 5769 725 5815 uti,
882 5750 927 5781 ⁸ο
962 5749 1104 5807 Paul.
1139 5764 1250 5812 cm,
1281 5748 1336 5809 2,
1372 5749 1404 5799 Ii

1324 5678 1365 5709 "
1385 5678 1592 5731 Co‘ms.
1654 5692 1715 5739 ll,
1753 5675 1836 5729 l8.
1911 5677 1955 5706 “
2003 5673 2133 5728 an.
2185 5690 2264 5739 ix,
2300 5674 2383 5727 53.

1372 5749 1422 5799 ὖ.
1501 5748 1538 5777 Μ
1571 5735 1713 5799 ΡεςιΙξ
1754 5762 1883 5812 xm,
1912 5745 1983 5797 ‘2.-
2044 5742 2085 5774 ”
2117 5745 2131 5799 Ι
2165 5735 2306 5803 Tim.
2345 5760 2416 5812 v1,
2459 5744 2543 5801 lli.

1954 4678 2077 4717 cum
2102 4671 2267 4725 esset,
2296 4660 2641 4714 obumbravit
2672 4658 2806 4713 eos?
2833 4655 2971 4710 Num
2999 4656 3090 4710 illa
3124 4656 3217 4710 lux
3246 4666 3325 4711 est
3354 4655 3509 4707 inac-

1954 4754 2245 4818 ccssibilis,
2294 4752 2345 4804 in
2381 4767 2483 4819 qua
2518 4751 2657 4805 Deus
2715 4749 2991 4803 habitatet
3050 4746 3507 4801 amictuslumine

1948 4845 2092 4899 sicut
2136 4841 2512 4897 vestimento?
2553 4860 2569 4893 1
2610 4841 2793 4894 Posuit
2867 4839 3031 4901 enim,
3056 4838 3252 4906 inquit,
3283 4837 3334 4889 in
3362 4836 3509 4895 nube

1948 4948 2232 4988 ascensum
2257 4947 2415 4985 suum
2440 4932 2505 4982 ⁸ο.
2546 4950 2563 4982 1
2598 4929 2658 4983 Et
2687 4945 2702 4984 :
2742 4947 2760 4979 1
2796 4930 2986 4981 Posuit
3030 4928 3283 4980 tenebras
3314 4926 3497 4980 latibu-

1948 5024 2059 5076 lum
2094 5037 2276 5087 suum,
2307 5021 2359 5073 in
2396 5020 2629 5073 circuitu
2651 5018 2767 5088 ejus
2788 5016 3198 5071 tabernaculum
3227 5016 3346 5084 ejus
3374 5018 3441 5067 '".
3475 5031 3497 5064 ι

1949 5113 2208 5172 Tametsi.
2272 5119 2333 5165 ut
2385 5111 2630 5179 loquitur
2687 5110 2976 5178 Apostolus
3008 5146 3023 5171 ,
3064 5125 3081 5156 1
3136 5107 3296 5159 Solus
3349 5105 3509 5157 habet

1948 5204 2435 5267 immortalitatem,
2458 5203 2633 5255 lucem
2659 5201 2911 5256 habitans
2943 5195 3445 5251 inaccessibilem".
3479 5211 3500 5245 1

1947 5293 2308 5360 Quamobrem
2330 5295 2470 5346 idem
2504 5292 2595 5345 hic
2616 5290 2720 5345 loci
2754 5300 2835 5344 est
2861 5292 3036 5343 lumen
3069 5297 3123 5341 et
3158 5287 3396 5342 tenebra.
3430 5285 3502 5338 ob

1948 5385 2299 5439 excellentem
2327 5378 2656 5437 lucidita'tem
2680 5381 3052 5433 umbrarulum
3082 5388 3362 5444 pnestaus.
3393 5375 3499 5428 Sed

1945 5474 2168 5543 etquod
2206 5473 2576 5542 apostolorum
2638 5472 2809 5526 oculis
2829 5472 2979 5539 prius
3046 5469 3226 5521 lumen
3278 5481 3507 5532 ευιιιψορ

2499 5674 2541 5704 ⁸⁷
2604 5673 2760 5729 .loau.
2820 5690 2856 5737 ι,
2901 5673 2981 5727 l8.
3015 5672 3055 5703 “
3088 5670 3219 5725 Luc.
3271 5687 3376 5735 XVI,
3424 5670 3499 5731 2i
