4014 6476
157 325 318 392 449
1531 327 1870 391 HOMILIA
1909 329 2178 394 XXXVI.
3395 332 3503 398 450

164 441 252 495 δέ
265 458 481 512 μενοι,
516 440 732 512 στῶμεν
767 440 824 495 ἐν
867 443 932 512 γῇ
968 441 1120 515 ἁγίᾳ,
1153 443 1253 515 τὴν
1297 442 1423 498 καθ’
1460 445 1652 499 ἐαυτὸν
1689 445 1798 498 ἔκαε

1921 447 2183 517 nalesque
2227 445 2592 515 cogitationes
2639 446 3006 518 aﬂ‘ectusque)
3050 458 3340 518 ponentes,
3377 453 3502 508 'ste-

165 546 340 595 στος
400 527 507 603 γῆν
541 534 706 601 ἁγίαν
747 533 816 587 δι’
843 534 1046 605 ἀρετῆς
1079 537 1172 589 καὶ
1216 537 1313 607 τῆς
1343 537 1482 608 πρὸς
1521 537 1654 590 Θεὸν
1683 539 1798 590 ἀνα·

1922 551 2044 590 mus
2072 538 2122 589 in
2153 545 2294 590 terra
2323 546 2531 602 sancta,
2560 552 2712 590 suam
2740 538 2974 608 quisque
3001 549 3198 593 terram
3251 551 3498 596 sanctam

164 624 449 689 τάσεως
507 623 671 695 200
725 622 1112 692 ἀποδείξαντες
1147 641 1161 658 ⁶
1225 629 1302 691 ὡς
1363 628 1429 682 ἂν
1498 628 1798 699 παρῤησίαπ

1920 627 2138 680 virtutis
2165 627 2310 680 cultu
2357 627 2691 698 sublimique
2762 631 3247 699 contemplationis
3295 643 3498 686 eunatu

169 716 459 784 σχῶμεν
502 715 900 786 ἐπιδημοῦντος
934 719 993 770 ἐν
1049 719 1190 788 φωτὶ
1227 718 1322 772 τοῦ
1371 717 1538 785 Θεοῦ,
1576 719 1669 770 καὶ
1703 735 1788 786 quo

1919 715 2279 780 exhibentes;
2313 729 2424 785 quo
2459 714 2713 770 ﬁduciam
2759 717 3079 781 habeamus,
3131 717 3184 771 in
3236 717 3328 772 Dei
3378 719 3500 772 luce

170 810 515 879 τισθῶμεν
549 809 1018 881 προσδραμόντες,
1047 813 1142 866 καὶ
1171 813 1673 884 συνδιαιωνίσωμεν
1703 829 1798 882 φω-

1920 815 2224 870 versantes,
2254 819 2318 859 ac
2354 815 2706 860 accurrentes
2754 805 3148 869 illuminemur,
3201 821 3498 875 perennes-

172 901 516 972 ’τιζίμενοι
547 903 627 967 εἰς
672 903 829 968 δόξαν
867 905 970 974 τῆς
1001 907 1289 976 τρισηλίου
1334 908 1428 960 καὶ
1467 923 1798 978 μοναρχικω-

1918 915 2024 970 que
2047 898 2332 952 illuminati
2356 897 2560 969 gratias
2578 912 2824 967 agamus,
2854 900 2905 951 iu
2931 898 3146 953 laudem
3169 915 3230 953 ac
3257 901 3492 968 gloriam

177 997 408 1062 τὰτης
439 994 799 1066 φαιδρότητος
834 996 932 1050 νῦν
961 1001 1053 1052 καὶ
1085 999 1172 1052 ἀεὶ
1208 1000 1300 1052 καὶ
1332 1002 1410 1064 είς
1445 1000 1572 1064 τοὺς
1606 999 1812 1061 αἰῶνας

183 1084 326 1142 τῶν
368 1084 614 1143 αἰώνων.
659 1088 854 1160 Ἀμήν.

807 1222 1046 1278 OMIAIA
1081 1225 1234 1295 Λς’.;

188 1360 325 1440 Εἷς
365 1357 442 1411 τὸ
487 1358 598 1440 τῆς
648 1360 905 1440 δεκάτης
933 1362 1184 1440 πράζτηςγ
1219 1367 1523 1440 Κυριακῆς
1549 1369 1807 1440 Εὐαγγέ-

276 1432 445 1502 ,ξιον
484 1429 592 1502 rei}
646 1429 1078 1502 εὐαγγελιστοῦ
1129 1429 1480 1502 Ματθὶιίου,’
1501 1429 1810 1494 ’ὑπόθὲὁ-ιν

277 1500 452 1579 {zonae
472 1500 588 1579 τὴν·
607 1501 966 1579 παραβολὴν·
989 1503 1264 1579 τὴιςλέτο
1274 1500 1462 1579 τίσειν)
1489 1528 1507 1561 ι
1531 1509 1806 1579 Ὡμοιώθη

277 1570 326 1645 τ]
367 1569 667 1645 ,ϐασιλεία
717 1569 837 1624 τῶν
883 1572 1156 1645 ρὺρανῷν
1197 1569 1804 1645 ἂνθρώπφηβὶισιλεῖξ

287 1641 374 1721 ξς
428 1639 694 1721 ᾐθέλησε
747 1638 1005 1721 σγνᾶραι
1046 1644 1269 1721 ,λόγον’
1307 1638 1326 1696 Β
1363 1638 1645 1721 ἐν’ᾔ’καί
1671 1638 1808 1719 περὶ

279 1707 692 1775 ἀνεξικακίας
718 1709 815 1762 καὶ
845 1707 1246 1780 συμπαθείας.

1919 993 2045 1048 triui
2079 989 2611 1060 singularissimique
2640 989 2973 1059 splendoris,
3005 1006 3149 1045 nunc
3174 1001 3228 1045 et
3253 1006 3492 1060 semper,

1917 1093 1970 1139 et
2004 1083 2058 1137 in
2091 1082 2289 1137 saecula
2319 1081 2666 1136 saeculorum.
2699 1081 2896 1137 Amen.
3243 1081 3246 1083 ’

2411 1214 2696 1272 HOMILIA
2754 1216 2998 1275 XXXVI.

1915 1351 1984 1407 In
2016 1331 2358 1423 Euangelium
2405 1353 2698 1408 undecima:
2727 1353 3020 1412 Dominicis:
3063 1357 3304 1413 Mummi
3334 1375 3492 1423 evap-

1983 1420 2201 1494 gelistaé.
2222 1425 2498 1478 materiam
2512 1425 2706 1494 habens
2728 1428 3037 1494 parabolam
3059 1430 3314 1483 dicentem
3338 1445 3355 1482 :
3380 1449 3397 1480 ι
3412 1420 3497 1483 Si-
3594 1453 3606 1465 -

1986 1493 2110 1570 mile
2155 1505 2228 1548 est
2279 1493 2799 1570 regnttm__cmlorunt
2831 1496 3032 1552 homini
3059 1501 3168 1569 regi
3203 1501 3294 1570 qui
3327 1501 3495 1554 voluit

1984 1565 2242 1640 rationem
2273 1561 2464 1640 ponere
2495 1561 2576 1627 '3;
2618 1581 2637 1616 ι
2671 1566 2724 1620 in
2753 1581 2856 1636 qua
2901 1561 3224 1640 insuper'de'
3237 1571 3494 1640 patientia

1981 1644 2030 1688 et
2062 1635 2442 1689 misericordia.

304 1821 375 1872 Ὀ
461 1819 593 1882 Θεὸς
640 1817 992 1902 αὐτεξούσιον
1056 1823 1308 1879 πλάττων
1374 1828 1468 1882 τὸν
1522 1831 1798 1903 ἄνθρωποι

1986 1813 2130 1870 Deus
2171 1815 2448 1872 hominem
2483 1816 2686 1874 l‘aciens
2733 1818 2964 1873 liberum
2989 1858 3004 1880 ,
3037 1835 3228 1889 magna
3254 1834 3380 1875 eum
3415 1820 3494 1875 di-

203 1911 480 1982 μεγάλης
548 1912 712 1965 αὐτὸν
787 1913 1136 1984 προμηθείας
1187 1917 1450 1990 ἠξίωσεν,
1524 1921 1666 1978 ὥστε
1733 1927 1807 1998 μὴ

200 2003 360 2072 πρὸς
394 2002 459 2055 τὸ
504 2002 692 2067 κακὸν,
725 2003 859 2058 ἀλλὰ
918 2004 1050 2074 πρὸς
1098 2005 1159 2059 τὸ
1216 2008 1420 2076 ἀγαθὸν
1486 2013 1692 2083 νεῦσαι,
1731 2016 1809 2088 τῷ

201 2095 562 2164 αὐτεξουσίῳ
624 2095 804 2160 καλῶς
873 2099 1239 2169 χρησάμενον.
1275 2102 1448 2165 Εὐθὺς
1512 2105 1606 2159 οὐν
1645 2109 1808 2163 αὐτὸν

205 2189 424 2251 ποιῶν,
459 2190 581 2242 κατ’
608 2189 793 2242 εἰκόνα
827 2190 1016 2244 τοῦτον
1047 2191 1242 2247 ἑαυτοῦ
1279 2198 1428 2248 ποιεῖ
1464 2199 1558 2251 καὶ
1602 2200 1806 2264 ὁμοὶωο

209 2298 328 2346 σιν,
383 2279 463 2345 ὡς
512 2282 577 2334 ἂν
637 2282 797 2346 αὐτός
837 2300 892 2336 τε
946 2284 1088 2355 πρὸς
1135 2288 1193 2340 τὸ
1242 2289 1551 2360 ἀρχέτυπον
1601 2294 1806 2361 ἀγαθὸν

210 2373 470 2444 βλέπων,
505 2375 580 2446 μὴ
629 2375 871 2448 ἐκπίπτῃ
912 2379 1012 2447 τῆς
1058 2376 1419 2448 ἁγαθότητος,
1476 2385 1568 2436 καὶ
1608 2387 1635 2437 6
1672 2384 1806 2450 Θεὸς

214 2464 395 2518 πάλιν
431 2464 567 2535 πρὸς
599 2466 780 2532 αὐτὸν,
812 2468 885 2530 ὡς
932 2470 1067 2538 πρὸς
1099 2471 1310 2525 οἰκείαν
1354 2475 1543 2528 είκόνα
1579 2477 1800 2546 μᾶλλον,

213 2558 250 2625 ἦ
291 2557 439 2625 πρὸς
471 2557 538 2610 τὰ
585 2557 717 2627 παρ’
769 2559 935 2612 αὐτοῦ
989 2561 1169 2615 πάντα
1203 2566 1489 2632 γεγονότα,
1538 2567 1803 2624 πλούσίαν

212 2649 455 2713 δικαίως
479 2648 576 2721 τὴν
603 2651 812 2703 οἰκείαν
859 2660 1212 2726 χρηστότητα
1248 2659 1350 2710 κάν
1375 2663 1487 2724 τοῖς
1528 2661 1653 2733 ἐξῆς
1683 2665 1803 2718 ὲπι-

214 2740 496 2810 δείξηται.
525 2740 835 2796 Κάντεῦθεν
864 2745 1026 2799 πάλιν
1064 2747 1129 2801 ἐκ
1160 2752 1479 2820 περιουσίας
1506 2754 1654 2808 ἕλκει
1681 2757 1804 2811 τοῦ·

216 2845 314 2879 τον
344 2827 438 2880 διὰ
482 2831 768 2900 μιμήσεως
829 2835 969 2902 πρὸς
1003 2834 1102 2906 τὴν
1146 2836 1468 2910 σύμμετρον
1521 2844 1670 2916 αὐτῷ
1706 2848 1802 2900 καὶ

217 2919 564 2990 κατάλληλον
605 2922 950 2994 άγαθότητα·
982 2929 1076 2981 καὶ
1105 2930 1212 2999 γὰρ
1263 2932 1472 3000 ἀγαθὸν
1523 2933 1666 2990 εἶναι
1707 2940 1801 2993 καὶ

220 3009 317 3062 τὸν
345 3010 638 3082 ἄνθρωπον
669 3015 899 3071 δυνατὸν
929 3019 1046 3073 κατ’
1074 3023 1258 3076 είκόνα
1289 3024 1384 3078 τοῦ
1423 3027 1707 3092 κτίσαντος
1735 3031 1800 3086 ἐκ

1913 1909 2100 1974 gnavit
2130 1906 2494 1973 providentia,
2527 1908 2602 1961 ita
2631 1917 2691 1962 ut
2716 1947 2732 1971 ,
2757 1909 2801 1964 si
2833 1908 2970 1963 bene
3000 1917 3183 1962 utatur
3217 1909 3488 1972 libertate,

1910 2011 2022 2052 non
2051 1997 2115 2052 ad
2150 2000 2349 2053 malum
2383 1999 2476 2055 sed
2511 2000 2576 2054 ad
2605 2001 2806 2054 bonum
2845 2001 3385 2070 propendeat.lgitur
3412 2001 3492 2055 si-

1909 2093 2021 2145 mul
2053 2106 2117 2146 ac
2145 2107 2267 2146 eum
2293 2092 2523 2158 ereavit,
2552 2092 2681 2147 fecit
2721 2093 2788 2146 ad
2816 2109 2972 2147 suam
3011 2094 3300 2163 imaginem
3332 2103 3386 2147 et
3419 2093 3492 2146 si-

1907 2185 2294 2248 militudinem,
2329 2195 2391 2238 ut
2414 2185 2480 2238 ad
2523 2185 2727 2238 bonum
2762 2185 3120 2256 archetypum
3152 2175 3486 2252 spectansﬁa

1907 2278 2150 2332 bonitate
2185 2293 2530 2347 nequaquam
2561 2277 2860 2345 excideret,
2895 2287 2951 2334 et
2977 2275 3118 2332 Deus
3141 2278 3336 2332 iterum
3361 2293 3486 2344 erga

1905 2385 2055 2437 eum,
2087 2378 2278 2440 utpote
2309 2384 2465 2424 suam
2491 2369 2667 2441 magis
2692 2369 3009 2441 imaginem,
3037 2385 3200 2441 quam
3226 2385 3352 2440 erga
3378 2371 3485 2424 alia
3545 2370 3550 2374 ’

1907 2460 1975 2515 ab
2007 2475 2074 2515 eo
2105 2460 2269 2525 facta,
2297 2460 2421 2531 jure
2450 2476 2606 2516 suam
2637 2463 3008 2517 abundantem
3066 2473 3257 2532 postea
3300 2463 3483 2516 mani-
3581 2467 3584 2472 '

1906 2551 2138 2606 festaret
2165 2551 2541 2607 clementiam.
2573 2541 2703 2608 lude
2731 2567 2926 2608 rursus
2967 2553 3120 2607 illum
3153 2569 3264 2624 per
3300 2553 3487 2608 imita-

1905 2642 2104 2696 tionem
2138 2642 2304 2696 trahit
2333 2643 2401 2697 ad
2441 2643 2735 2698 bonitatem
2770 2645 3241 2700 accommodatam
3288 2647 3391 2716 ipsi
3433 2655 3487 2701 et

1901 2744 2364 2801 eonsentaneam;
2397 2736 2561 2791 homo
2589 2737 2734 2790 enim
2789 2745 2970 2807 potest
3022 2737 3198 2809 bonus
3244 2753 3369 2793 esse
3417 2738 3485 2792 ad

1902 2825 2192 2897 imaginem
2237 2827 2322 2883 sui
2374 2829 2642 2883 creatoris
2678 2843 2803 2883 eum
2856 2829 3166 2896 imitando;
3215 2831 3309 2886 sed
3355 2845 3483 2903 cum

1902 2918 2045 2974 Deus
2077 2919 2238 2988 longe
2269 2921 2610 2992 multumque
2641 2921 2712 2976 sit
2747 2922 2944 2988 bonus,
2984 2922 3261 2978 hominem
3293 2939 3478 2992 parem

1901 3013 2104 3070 habere
2128 3015 2430 3070 bonitatem
2461 3017 2687 3071 omnino
2718 3027 2805 3071 est
2848 3016 3209 3086 impossibile.
3245 3016 3484 3073 Ccrnitis

221 3101 323 3171 τῆς
349 3103 490 3173 πρὸς
539 3104 726 3162 τοῦτον
784 3113 1099 3182 μιμήσεως·
1133 3115 1570 3188 ἀπαραλλάκτως
1611 3120 1667 3174 δὲ
1701 3125 1793 3176 καὶ

1906 3107 2306 3163 multitudinem
2338 3117 2391 3163 et
2440 3108 2876 3178 magnitudinem
2911 3109 3002 3163 Dei
3035 3107 3098 3162 ad
3134 3124 3236 3165 nos
3269 3111 3484 3165 charis-

221 3195 349 3248 ὅσον
390 3197 593 3265 ἀγαθός
621 3202 770 3254 ἐστιν
791 3203 819 3256 6
852 3203 1005 3270 Θεὸς,
1045 3207 1138 3260 καὶ
1167 3208 1453 3282 ἄνθρωπόν
1478 3229 1600 3268 τινα
1629 3209 1794 3280 εῖναι,

221 3286 332 3340 τῶν
362 3288 641 3343 ἀδυνάτων
672 3293 841 3347 ἐστίν.
881 3293 1141 3350 Σκοπεῖτε
1176 3299 1240 3370 δὴ
1272 3300 1333 3353 τὸ
1373 3301 1580 3374 πλῆθος
1616 3306 1710 3358 καὶ
1737 3307 1796 3361 τὸ

227 3379 460 3446 μέγεθος
505 3379 613 3433 τῶν
643 3385 724 3446 είς
768 3386 918 3455 ἡμᾶς
964 3386 1058 3440 τοῦ
1105 3388 1241 3444 Θεοῦ
1290 3398 1667 3465 χαρισμάτων,
1703 3400 1798 3452 καὶ

225 3465 341 3522 οἷον
373 3473 564 3525 ἐαυτὸν
619 3476 752 3545 ἡμῖν
799 3481 1030 3550 παρέχει
1084 3483 1368 3551 προτιθεὶς
1420 3489 1502 3551 είς
1551 3490 1798 3554 εὐποιίας

230 3563 555 3634 ὑπόδειγμα.
591 3567 700 3620 Καὶ
743 3569 982 3638 παρήσω
1010 3570 1105 3626 νῦν
1133 3576 1232 3638 τὰς
1261 3575 1538 3644 ἐμφύτους
1568 3580 1701 3649 ἡμῖν
1730 3580 1796 3645 ἃς

235 3656 428 3711 Erinosz
469 3659 615 3729 ἔχειν
666 3661 1008 3732 εὐεργεσίας,
1045 3666 1180 3736 πρὸς
1218 3666 1284 3729 δις
1317 3668 1489 3737 μόνας
1530 3671 1741 3726 ἀπιδὼν
1769 3676 1798 3727 6

133 3780 146 3790 .
244 3745 416 3812 Δαδιδ,
445 3749 578 3819 πρὸς
605 3750 768 3805 αὐτὸν
798 3753 988 3820 ἔλεγεν
1008 3769 1021 3784 ·
1063 3773 1082 3807 ι
1131 3756 1563 3832 Ἐθαυμιιστὼθη
1599 3762 1630 3834 ἡ
1658 3763 1799 3831 γνῶ-

247 3839 327 3900 σίς
364 3857 448 3893 σου
480 3841 539 3908 ἐξ
569 3842 725 3914 ἐμοῦ,
761 3845 1135 3917 ἐκραταιώθη,
1177 3849 1236 3900 οὐ
1267 3849 1343 3920 μὴ
1385 3849 1630 3922 δύνωμαι
1659 3855 1797 3924 πρὸς

239 3931 431 4003 αὐτήν·
470 3953 489 3986 ι
522 3935 656 3989 ἀλλὰ
710 3936 777 3989 τὰ
809 3936 1012 4002 ἔξωθεν
1061 3939 1155 3992 καὶ
1206 3940 1338 4011 περὶ
1378 3942 1530 4012 ἡμᾶς
1581 3942 1676 3997 νῦν
1703 3945 1796 3999 καὶ

234 4029 403 4082 ταῦτα
432 4029 712 4101 συντεμὼν
747 4032 861 4103 ἐρῶ
883 4048 898 4064 ο
945 4031 1013 4086 τὰ
1045 4033 1153 4103 γὰρ
1183 4035 1356 4107 ὁρατὰ
1389 4038 1568 4090 πάντα
1603 4039 1700 4091 καὶ
1728 4039 1798 4094 τὰ

237 4121 434 4190 ἀόρατα
451 4121 538 4173 διά
555 4123 644 4175 τὸν
669 4122 957 4192 ἄνθρωπον
981 4125 1361 4196 ἀπειργάσατο
1381 4142 1395 4158 ·
1414 4126 1475 4180 οὐ
1504 4125 1611 4198 γὰρ
1633 4129 1798 4200 οὐρα-

240 4214 324 4266 νὸν
353 4213 445 4265 καὶ
481 4213 582 4284 γῆν
615 4215 709 4268 καὶ
752 4215 918 4287 ὕδωρ,
954 4218 1052 4270 καὶ
1083 4218 1220 4288 ἀέρα
1259 4219 1354 4272 καὶ
1392 4217 1503 4289 πῦρ
1527 4224 1618 4273 καὶ
1649 4223 1715 4276 τὰ
1740 4224 1796 4275 ἐν

240 4305 438 4368 τούτοις
480 4306 713 4373 ἅπαντα,
747 4307 903 4372 ζώων
951 4308 984 4381 ἢ
1017 4309 1201 4377 φυτῶν
1243 4313 1591 4375 παντοδαπὰς
1626 4313 1794 4378 ίδέας,

240 4397 302 4459 ἃς
328 4396 440 4451 οὐδὲ
477 4398 966 4470 ἀπαριθμήσασθαι
1003 4405 1144 4455 κατὰ
1181 4402 1345 4472 μέρος
1385 4405 1518 4474 ημῖν
1551 4403 1788 4470 ἐξέσται,

1905 3209 2134 3266 matum,
2165 3207 2239 3263 “et
2287 3202 2566 3270 quomodo
2598 3199 2652 3254 in
2687 3202 2999 3269 exemplum
3044 3201 3315 3257 bonorum
3353 3216 3483 3271 ope-

1901 3308 2019 3346 rum
2070 3292 2227 3347 nobis
2279 3293 2634 3363 semetipsum
2677 3296 2988 3364 proposuit.
3040 3293 3192 3349 Nunc
3231 3297 3479 3350 omittam

1899 3384 2172 3439 naturalia
2205 3400 2328 3455 quae
2359 3386 2518 3440 nobis
2551 3386 2700 3441 dedit
2735 3387 2996 3441 heneticia
3025 3427 3040 3451 ,
3078 3403 3200 3458 quae
3233 3389 3347 3443 sola
3382 3387 3486 3441 Da-

1897 3476 1986 3530 vid
2021 3477 2368 3546 conspiciens
2393 3476 2530 3530 dixit
2560 3477 2608 3530 ei
2641 3492 2656 3530 ι
2692 3494 2711 3528 ι
2741 3475 3005 3532 Mirabilis
3039 3478 3177 3532 facta
3205 3487 3287 3532 est
3307 3479 3485 3533 scien-

1898 3567 1972 3622 tia
2010 3577 2097 3620 tua
2137 3583 2200 3621 ex
2249 3582 2357 3632 uie,
2386 3566 2692 3621 ronl‘ortata
2743 3577 2862 3632 est,
2908 3577 2964 3622 et
3019 3583 3127 3623 non
3179 3579 3366 3638 potero
3412 3573 3481 3626 ad

1897 3674 2016 3714 eam
2048 3660 2129 3723 ης
2164 3676 2182 3709 ι
2233 3658 2328 3712 sed
2354 3674 2474 3726 quae
2507 3659 2750 3713 exterius
2779 3669 2834 3715 et
2869 3659 3015 3714 circa
3043 3674 3142 3715 nos
3177 3659 3316 3715 facta
3352 3671 3484 3716 sunt

1899 3753 2212 3807 summatim
2243 3751 2459 3816 loquar.
2491 3747 2627 3803 Nam
2663 3750 2907 3804 visibilia
2937 3751 3123 3804 omnia
3152 3759 3206 3805 et
3239 3753 3482 3807 invisibi-

1896 3843 1968 3897 lia
1999 3851 2220 3914 propter
2248 3841 2530 3897 hominem
2562 3840 2852 3907 condidit,
2895 3855 3004 3897 non
3036 3843 3210 3896 solum
3244 3844 3475 3908 (mlum,

1897 3944 2121 4001 terram,
2156 3950 2351 4004 aquas,
2401 3949 2610 4000 aerem,
2663 3935 2844 4006 ignem
2894 3943 3108 4005 etquae
3153 3930 3492 4002 continent,

1895 4042 2108 4081 necnon
2135 4042 2323 4082 omnes
2347 4027 2665 4081 animalium
2700 4026 3081 4096 plantarumve
3107 4028 3318 4098 species
3341 4042 3482 4098 quas

1896 4119 2174 4188 sigillatim
2223 4134 2552 4175 enumerare
2586 4135 2694 4174 non
2733 4134 3051 4189 possumus,
3079 4122 3173 4175 sed
3210 4131 3266 4176 et
3295 4121 3474 4191 ipsam

1898 4211 2290 4266 multiformem
2327 4221 2380 4265 et
2415 4226 2766 4266 numerosam
2802 4213 3121 4280 angelorum
3170 4213 3479 4267 multitudi-

1895 4321 2058 4368 nem,
2114 4303 2252 4359 alios
2299 4303 2522 4374 quidem
2583 4303 2772 4358 mundi
2831 4314 3075 4359 rectores
3121 4305 3480 4376 gentiumque

1893 4399 2171 4470 principes
2193 4397 2554 4460 constituens,
2590 4405 2748 4464 prout
2768 4407 2870 4450 nos
2901 4394 3100 4450 docent
3118 4395 3209 4450 1)(ιί
3242 4396 3480 4466 prophe-

242 4490 366 4544 ἀλλὰ
392 4491 484 4543 καὶ
510 4492 646 4544 αὐτὰ
679 4491 788 4545 τῶν
815 4492 1067 4562 ἀγγέλων
1093 4494 1163 4547 τὰ
1189 4493 1439 4566 πολυειδῆ
1468 4496 1563 4550 καὶ
1594 4497 1795 4554 πολυά-

1905 4505 1965 4548 lae
1995 4491 2064 4546 ab
2094 4505 2160 4545 eo
2199 4488 2401 4554 edocti,
2436 4489 2574 4542 alios
2610 4503 2739 4543 vero
2781 4489 3283 4545 administratorios
3345 4504 3480 4559 pro-

245 4586 403 4657 ριθμα
430 4585 606 4657 πλήθη
651 4586 737 4640 διὰ
771 4587 863 4640 τὸν
904 4586 1195 4658 ἄνθρωπον
1224 4589 1625 4660 ἀπειργάσατο,
1666 4590 1796 4656 τοὺς

252 4676 342 4747 μὲν
369 4679 758 4747 κοσμαγωγοὺς
783 4677 953 4744 τάξας
983 4681 1078 4736 καὶ
1102 4679 1434 4752 ἐξάρχοντας
1462 4683 1570 4736 τῶν
1602 4681 1796 4751 ἐθνῶν,

249 4768 474 4839 καθάπερ
510 4771 559 4821 οἱ
597 4770 690 4824 τοῦ
728 4771 863 4824 Θεοῦ
910 4773 1185 4842 προφῆται
1220 4775 1351 4843 παρ’
1382 4775 1548 4829 αὐτοῦ
1593 4775 1795 4846 μαθόν-

249 4878 329 4923 τες
357 4862 492 4930 ήμᾶς
535 4861 866 4929 διδάσκουσι,
899 4864 1026 4925 τοὺς
1074 4864 1131 4917 δὲ
1176 4864 1464 4928 διακόνους
1504 4867 1644 4938 ὑπὲρ
1686 4867 1796 4920 τῶν

1895 4596 2016 4660 pter
2043 4598 2140 4641 eos
2161 4581 2255 4653 qui
2278 4591 2496 4636 aeterna:
2521 4579 2713 4636 salutis
2742 4581 2965 4652 capiunt
2997 4581 3380 4638 haereditatem
3406 4584 3476 4636 ὀ.

1893 4679 1962 4735 Et
2017 4678 2148 4751 quid
2214 4675 2338 4730 dico
2397 4673 2582 4729 omnia
2655 4672 2724 4726 ab
2799 4688 2866 4728 eo
2933 4671 3120 4729 facta?
3201 4690 3326 4730 nam
3422 4687 3479 4732 et

1892 4773 2009 4842 ipse
2055 4783 2154 4839 pro
2204 4767 2360 4822 nobis
2394 4781 2453 4822 se
2495 4767 2771 4821 hominem
2815 4766 2965 4821 ferit.
3019 4765 3086 4820 Et
3122 4783 3243 4838 quae
3289 4769 3474 4840 lingua

1892 4871 2081 4934 posset
2115 4862 2294 4917 dicere
2325 4875 2448 4930 qua:
2486 4876 2586 4930 pro
2630 4861 2787 4915 nobis
2816 4875 2914 4914 ore
2956 4875 3058 4914 suo
3092 4859 3221 4915 fecit
3261 4863 3430 4915 verba
3454 4901 3472 4927 ,

252 4952 525 5023 μελλόντων
557 4953 916 5024 κληρονομεῖν
945 4957 1042 5026 τὴν
1073 4954 1292 5010 αἰώνιον
1327 4958 1626 5028 σωτηρίαν,
1660 4959 1734 5022 ὡς
1760 4960 1789 5012 6

1905 4955 2409 5016 :onversationem,
2457 4955 2684 5008 virtutes
2722 4968 2859 5023 quas
2919 4955 3081 5008 nobis
3129 4970 3224 5024 per
3273 4967 3475 5012 semet-
3537 5011 3541 5018 ,

253 5045 403 5114 μέγας
443 5043 650 5109 Παῦλος
699 5045 794 5099 καὶ
842 5047 1005 5111 αὐτὸς
1049 5047 1200 5118 παρὰ
1241 5047 1378 5100 Θεοῦ
1436 5049 1623 5120 μαθὼν
1656 5053 1790 5120 ἡμῖν

251 5138 556 5209 ἁπεκάλυψε.
583 5140 692 5193 Καὶ
723 5141 774 5193 τί
795 5141 939 5210 λέγω
966 5143 1036 5194 τὰ
1051 5141 1313 5210 γεγονότα
1347 5142 1436 5194 ὑπ’
1467 5142 1631 5195 αὐτοῦ
1656 5145 1793 5198 πάν-

250 5250 337 5297 re;
364 5232 448 5285 καὶ
473 5232 630 5295 αὐτὸς
654 5234 761 5304 γὰρ
804 5233 997 5286 ἑαυτὸν
1039 5233 1181 5302 ὑπὲρ
1215 5232 1373 5301 ἡμῶν
1411 5233 1667 5302 ἐποίησεν
1695 5233 1787 5286 ἄν·

253 5324 454 5392 ορωπον.
477 5323 583 5378 Καὶ
609 5325 692 5386 τίς
712 5323 777 5376 ἂν
795 5323 996 5388 ἐξείποι
1024 5323 1179 5391 λόγος
1205 5325 1327 5383 τοὺς
1347 5324 1482 5393 ὑπὲρ
1515 5325 1672 5393 ἡμῶν
1695 5323 1789 5388 οὓς

252 5418 380 5487 201
409 5419 635 5486 ὲλάλησε
665 5417 734 5470 δι’
759 5418 953 5471 ἑαυτοῦ
985 5417 1195 5486 λόγους,
1226 5416 1324 5488 τὴν
1351 5417 1652 5483 πολιτείαν,
1688 5421 1784 5482 τὰς

250 5514 435 5580 ἁρετιις,
461 5510 524 5574 ἃς
551 5512 688 5580 ἡμῖν
727 5509 974 5574 ὑπέδειξε
1007 5509 1077 5563 δι’
1095 5508 1314 5573 ἑαυτοῦ,
1345 5510 1453 5564 τῶν
1487 5511 1785 5580 θαυμάτων

249 5606 298 5658 τὸ
324 5605 548 5676 μέγεθος,
583 5605 731 5676 άπερ
766 5605 905 5678 ὑπὲρ
948 5605 1106 5678 ἡμῶν
1135 5605 1401 5677 πεποίηκε
1447 5605 1516 5660 δι’
1544 5607 1738 5660 ἑαυτοῦ
1765 5625 1779 5674 ;

1890 5052 2067 5121 ipsum
2127 5047 2541 5113 maniiestavit,
2589 5046 2984 5102 miraculorum
3040 5047 3470 5117 magnitudinem

1888 5158 2009 5212 quae
2041 5155 2138 5212 pro
2179 5138 2340 5193 nobis
2372 5153 2468 5207 per
2509 5137 2868 5206 semetipsum
2903 5136 3072 5190 fecit?
3115 5137 3253 5199 Sed,
3288 5154 3321 5192 ο
3348 5154 3472 5193 om-
3513 5174 3537 5208 κ

1889 5237 2038 5289 nium
2071 5243 2125 5287 et
2155 5232 2408 5287 ultimum
2443 5233 2832 5285 miraculorum
2863 5232 3223 5286 miraculum!
3263 5243 3471 5289 semet-
3529 5273 3534 5284 .

1894 5327 2070 5397 ipsum
2094 5326 2241 5380 dedit
2276 5325 2329 5378 in
2367 5335 2596 5378 mortem
2629 5339 2727 5392 pro
2757 5325 2940 5388 nobis,
2974 5334 3028 5379 et
3059 5326 3382 5390 resurrexit,
3416 5336 3473 5381 et
3525 5320 3534 5341 '

1893 5434 1992 5489 pro
2030 5418 2188 5474 nobis
2221 5418 2698 5487 ascendilsempcr
2731 5419 2918 5472 vivens
2945 5428 3002 5470 ιιι
3037 5417 3202 5482 Deus,
3232 5419 3282 5471 in
3313 5419 3470 5474 caelis

1893 5527 2138 5576 morans,
2179 5526 2275 5566 seu
2307 5512 2481 5581 magis
2507 5511 2708 5581 ubique
2738 5521 2792 5565 et
2827 5510 3220 5581 superomnia,
3254 5523 3473 5580 penna-

1893 5619 2026 5658 nens
2059 5613 2186 5658 ante
2223 5605 2502 5674 saeculaet
2535 5603 2588 5659 in
2615 5605 2815 5659 saecula
2845 5613 2897 5658 et
2925 5617 3086 5658 nunc.

306 5783 338 5815 “
367 5782 556 5840 Matth.
599 5797 759 5840 xvm.
964 5781 1008 5812 θ’
1039 5778 1185 5835 Psal.
1210 5773 1474 5846 οὐχι-ιιι,
1655 5779 1700 5810 ⁷ο
1731 5777 1890 5850 Hebr:
1928 5794 1985 5843 ι,
2022 5779 2109 5834 Li.
