4014 6432
585 261 622 294 ο

195 354 321 411 4521

1524 351 1861 415 HOM'ILIA
1897 349 2172 413 XXXVI.

3389 347 3496 411 434

195 470 269 522 οὗ
305 467 388 539 μὴ
442 465 908 537 καταδικασθῆτε.
949 485 966 518 ι
1007 471 1115 523 Καὶ
1141 509 1156 532 ,
1205 487 1224 522 ι
1272 465 1404 524 Ἐὰν
1456 469 1633 540 ἀφῆτε
1676 471 1791 532 τοῖς

1908 483 2006 524 ιιοιι
2039 466 2540 524 οοηιὶοιιιιιτιίιῑπιῑιιί
2570 467 2670 523 ⁷³.»
2699 467 2764 524 Et
2790 483 2806 523 :
2840 486 2859 521 ι
2894 467 2950 524 Si
2974 466 3293 524 dimiserizis
3322 467 3498 523 homi-

195 558 531 628 ἀνθρώποις
587 549 692 610 si.
712 559 1139 630 παραπτώματα
1190 562 1392 623 αὐτῶν,
1449 562 1652 630 ἀφήσει
1707 563 1802 613 καὶ

199 655 349 721 ὑμῖν
387 655 415 706 6
446 651 642 720 Πατὴρ
694 651 850 719 ὑμῶν
879 655 908 706 6
955 654 1242 722 οὖρᾶνιος·
1277 653 1376 706 ἐὰν
1405 653 1460 705 δὲ
1505 652 1581 722 μὴ
1623 652 1801 721 ἀφῆτε

195 747 324 804 τοίς
363 743 679 810 ἀνθρώποις
692 741 866 811 .202
897 745 963 795 τὰ
992 744 1418 813 παραπτώματα
1443 743 1647 804 αὐτῶν,
1680 741 1800 795 οὐδὲ

196 838 230 888 ὁ
271 835 473 905 Πατὴρ
507 835 640 900 ὀὲν
688 839 798 896 τοῖς
849 837 1102 903 οὐρανοῖς
1136 834 1338 904 ἀφήσει
1373 833 1444 886 τὰ
1494 836 1804 902 παραπτώ-

201 945 365 998 ματα
416 929 592 996 ὑμῶν.
643 945 662 980 ι
704 928 917 997 Ὠσπερ
946 928 1002 980 δὲ
1049 931 1108 980 ἐν
1146 927 1343 998 ἐκείνῳ
1380 926 1458 997 τῷ
1491 929 1650 997 μέρει
1699 927 1800 995 τῆς

196 1019 596 1085 ἑλεημοσύνης
631 1020 1050 1088 παραινετικοίς
1081 1035 1141 1071 τε
1172 1019 1451 1088 ἐχρήσατο
1472 1017 1674 1085 λόγοις,
1705 1017 1802 1070 καὶ

196 1111 295 1161 διὰ
337 1111 452 1161 τῶν
481 1110 847 1180 ξπραγμάτων
898 1110 1082 1163 αὐτῶν
1119 1110 1518 1179 προετρέψατο,
1566 1109 1802 1176 ποιμένα

197 1206 302 1256 καὶ
342 1201 576 1272 βασιλέα
611 1203 807 1256 ἑαυτὸν
841 1201 1208 1272 προκαθίσας,
1251 1203 1400 1256 οὕτω
1439 1202 1533 1254 καὶ
1579 1203 1670 1254 ἐπὶ
1700 1203 1802 1270 τῆς

195 1293 568 1358 ἀνεξικακίας
607 1296 704 1347 καὶ
741 1296 822 1357 είς
862 1296 988 1358 τοὺς
1017 1312 1312 1356 πταιοντας
1357 1293 1706 1363 συμπαθείας
1736 1293 1799 1346 οὐ

203 1388 379 1458 μόνον
419 1384 574 1441 εἶπεν
603 1384 692 1442 οἷα
721 1389 1219 1461 προῦπεδείξαμεν,
1253 1389 1390 1443 ἀλλὰ
1421 1389 1517 1442 καὶ
1556 1388 1804 1458 παραϐο-

200 1481 310 1549 λὴν
338 1480 654 1551 προσέθηκε
692 1484 786 1534 καὶ
818 1473 1093 1552 προέθηκε
1127 1482 1228 1554 τὴν
1268 1481 1511 1552 σήμερον
1533 1483 1800 1550 ἀναγινω-

201 1573 492 1641 σκομένην
526 1573 658 1641 ὑμῖν
707 1577 764 1626 ἐν
792 1573 870 1644 τῷ
904 1575 1227 1646 Εὗαγγελίῳ
1251 1591 1266 1607 ο
1302 1593 1319 1626 ι
1375 1574 1673 1644 Ὡμοιώθη,
1707 1575 1799 1626 λέέ

199 1680 345 1730 γων,
377 1665 411 1733 ή
447 1663 695 1732 βασιλεία
738 1664 849 1718 τῶν
886 1664 1139 1732 οὐρανῶν
1177 1666 1452 1736 ἀνθρώπῳ
1480 1664 1712 1734 βασιλεῖ,
1742 1663 1800 1726 ὃς

201 1755 477 1823 ἠθέλησε’
517 1757 750 1824 συνᾶραι
805 1757 966 1824 λόγον
1017 1757 1157 1826 μετὰ
1199 1757 1307 1809 τῶν
1339 1756 1546 1809 δούλων
1587 1754 1754 1810 αὐτοῦ
1780 1770 1794 1785 ⁶

1907 563 2070 616 nibus
2109 569 2329 627 peccata
2363 575 2578 626 eorum,
2605 561 2846 616 dimittet
2875 571 2928 616 et
2951 563 3105 616 vobis
3128 559 3288 615 Pater
3318 571 3498 616 vester

1906 656 2001 718 qui
2033 663 2113 707 est
2142 651 2195 706 in
2227 651 2419 718 cwlis;
2452 652 2497 706 si
2526 664 2712 707 autem
2758 669 2866 708 non
2905 654 3225 709 dimiseritis
3257 654 3496 708 homini-

1906 744 2036 810 bus,
2091 760 2191 799 nec
2242 743 2404 799 Pater
2453 755 2634 801 vester
2671 747 2912 802 dimittet
2961 749 3114 803 vobis
3149 745 3498 816 peccata've-

1907 846 2020 892 stra
2061 837 2127 889 '°.
2169 855 2185 888 ι
2223 836 2327 890 Sed
2361 838 2506 890 sicut
2538 837 2592 892 in
2627 839 2716 893 illa
2749 840 3106 911 eleemosynze
3138 851 3290 910 parte
3319 841 3496 896 verbis

1906 929 2162 983 utebatur
2193 929 2547 993 hortationis,
2591 941 2646 984 et
2686 933 2852 984 rebus
2887 932 3022 1000 ipsis
3061 933 3360 997 incitabat,
3414 949 3497 987 se—

1905 1021 2202 1095 metipsum
2248 1029 2524 1089 pastorem
2575 1035 2870 1092 regemque
2923 1040 3252 1094 proponens,
3312 1026 3381 1077 ita
3429 1025 3497 1077 de

1906 1115 2172 1185 patientia
2196 1124 2249 1168 et
2282 1116 2771 1172 commiseratione
2819 1133 2944 1187 erga
3000 1119 3340 1174 οΙῘυιιιΙοιιιοιε
3387 1137 3493 1174 non

1907 1216 2117 1259 tantum
2147 1206 2288 1260 dixit
2314 1224 2435 1275 quae
2486 1209 2850 1276 prtemisimns
2874 1249 2886 1268 .
2921 1211 3012 1264 sed
3051 1211 3364 1276 parabolam
3402 1215 3498 1265 ad-

1901 1299 2111 1369 jecitet
2136 1299 2452 1369 proposuit,
2490 1316 2655 1369 quant
2690 1301 2930 1356 hodie-in
2968 1303 3255 1373 Evangt-lio
3285 1304 3349 1356 ad
3384 1321 3497 1357 we-

1903 1388 2137 1445 moriam
2177 1391 2332 1444 vobis
2361 1392 2767 1458 revocavimus,
2813 1392 3002 1446 dicens
3033 1410 3046 1445 :
3084 1395 3494 1447 «AssimFIatum

1903 1491 1989 1535 est
2021 1496 2246 1551 regnum
2291 1479 2382 1535 Dei
2439 1482 2646 1536 homini
2695 1484 2807 1551 regi
2861 1484 2954 1552 qui
3004 1485 3175 1539 voluit
3225 1487 3493 1538 ratiotmn

1903 1579 2107 1641 ponere
2139 1588 2263 1627 cum
2303 1574 2480 1627 servis
2508 1576 2660 1637 suis;
2701 1587 2753 1627 et
2787 1589 2908 1628 cum
2939 1577 3196 1644 coepisset
3231 1580 3496 1631 rationem

1905 1679 2126 1734 ponere,
2161 1667 2378 1720 oblatus
2415 1675 2500 1722 est
2548 1667 2596 1720 ci
2647 1684 2789 1722 unus
2821 1670 2915 1737 qui
2959 1669 3194 1723 debebat
3229 1671 3276 1722 ei
3312 1671 3497 1724 decem

1903 1756 2074 1810 millia
2125 1757 2329 1811 talenta
2375 1758 2443 1812 '".
2502 1777 2520 1808 ι
2566 1757 2664 1812 llic
2716 1761 2993 1814 hominem
3047 1776 3226 1831 regem
3286 1761 3496 1816 Patrem

202 1817 524 1919 ἀρξαμένου
547 1848 604 1900 δὲ
634 1817 802 1901 αὑτοῦ
837 1817 1140 1920 συναίρειν,
1167 1849 1518 1920 προσηνέχθη
1544 1849 1693 1919 αὑτῷ
1715 1844 1796 1911 εἷς

1908 1864 2067 1901 suum
2095 1848 2252 1913 dixit,
2297 1850 2768 1919 quemadmodum.
2799 1853 3150 1921 semetipsum
3190 1855 3400 1909 dixerat
3432 1856 3499 1910 ad

203 1939 502 2009 ὀφειλέτης
531 1939 751 2009 μυρίων.
772 1939 1076 1994 ταλάντων.
1115 1959 1134 1991 ι
1175 1940 1441 1993 Ἐνταῦθα
1475 1940 1547 2001 ὡς
1579 1939 1796 2010 ἄνθρω-

204 2048 314 2084 πον
360 2029 590 2100 βασιλέα
639 2032 732 2083 τὸν
766 2031 964 2086 ἑαυτοῦ
1008 2031 1230 2102 Πατέρα
1262 2033 1454 2100 φησὶν,
1497 2031 1688 2102 ὥσπερ
1742 2035 1800 2084 ἐν

204 2125 326 2184 τοῖς
355 2121 487 2193 περὶ
535 2122 856 2185 συν-τελείας
887 2123 1066 2192 λόγοις
1111 2123 1328 2178 ἑαυτόν.
1361 2124 1421 2177 El
1469 2124 1525 2177 δὲ
1566 2125 1660 2177 καὶ
1706 2125 1802 2177 ἀν‹

208 2214 423 2286 θρὼπῳ
452 2215 620 2285 φησὶν
663 2215 1048 2285 ώμοιωθῆναι,
1079 2215 1218 2272 ἀλλὰ
1244 2216 1657 2282 παρασολικῶς.
1691 2211 1799 2270 Οὗ-

207 2309 390 2372 τοςδὲ
438 2307 502 2362 οὐ
542 2309 935 2379 παραϐολικῶς
983 2309 1270 2380 ὡμοιώθη,
1305 2310 1421 2364 ἀλλ’
1451 2310 1528 2373 ὡς
1576 2310 1801 2374 ἀληθῶς

207 2400 337 2453 καθ’
362 2401 511 2471 ἡμᾶς
538 2400 758 2468 ἐγένετο
789 2401 1110 2473 ἄνθρωπος’
1135 2397 1218 2467 εἷς
1253 2403 1353 2472 μὲν
1381 2404 1493 2474 γὰρ
1523 2405 1550 2458 6
1584 2403 1796 2474 θρόνος,

207 2492 312 2547 καὶ
345 2492 446 2560 μία
475 2495 510 2562 ἡ
541 2492 793 2563 βασιλεία.
831 2494 924 2548 τοῦ
959 2493 1094 2547 Υίοῦ
1129 2499 1222 2548 καὶ
1252 2496 1348 2549 τοῦ
1398 2497 1647 2565 Πατρός’
1677 2495 1800 2551 ἀλλ’

210 2587 514 2658 ἐπειδήπερ
544 2581 702 2640 εἶπεν
736 2589 823 2640 ἐπ’
856 2588 1084 2643 ἐκείνων
1131 2589 1242 2643 τῶν
1273 2589 1415 2660 ὑπὲρ
1461 2589 1562 2660 τῆς
1596 2591 1678 2651 είς
1706 2589 1800 2643 τὸν

210 2681 448 2751 πλησίον
493 2681 744 2744 εὐποιίας
794 2684 1080 2753 ῥημάτων,
1129 2702 1148 2735 ι
1196 2684 1494 2737 Ἐπείνασα
1552 2685 1648 2737 καὶ
1689 2685 1798 2738 ἐδί-

210 2773 386 2844 ψησα,
415 2791 434 2825 ι
467 2777 564 2828 καὶ
594 2778 662 2828 τὰ
692 2776 842 2846 ἑξῆς,
869 2777 962 2830 καὶ
998 2771 1262 2845 ὰδελῖροὺς
1304 2777 1530 2830 ἐκάλεσε
1559 2779 1685 2840 τοὺς
1711 2780 1797 2830 έν-

212 2868 374 2931 δεείς.
426 2868 564 2937 πρὸς
617 2869 673 2922 δὲ
730 2871 825 2922 καὶ
865 2871 1034 2940 ἕτερα
1091 2869 1237 2942 ἅπερ
1294 2873 1412 2924 ἐστὶ
1466 2871 1568 2940 τῆς
1628 2869 1796 2925 αὑτοῦ

213 2960 680 3030 ἔνανθρωπήσεως
719 2961 847 3028 ἴδια,
871 2961 960 3014 διὰ
999 2961 1159 3014 τοῦτο
1196 2961 1394 3014 ἑαυτὸν
1425 2965 1543 3015 ἐκεῖ
1573 2961 1649 3022 ὡς
1700 2963 1792 3031 βα-

215 3051 370 3105 σιλέα
411 3051 794 3121 προκαθῆσθαι
841 3069 998 3122 φησι.
1035 3054 1215 3106 Κάκεῖ
1256 3054 1380 3122 μὲν,
1419 3053 1610 3125 ἐπειδὴ
1657 3071 1792 3125 προ-

1908 1941 2312 2010 eleemosynam
2353 1943 2646 1995 hortando.
2679 1942 2896 1997 llomiui
2934 1944 3153 2014 quidem
3202 1962 3325 2000 cum
3361 1948 3500 2000 dixit
3597 1949 3601 1953 ’

1909 2033 2223 2097 assimilari,
2261 2036 2354 2089 sed
2387 2049 2481 2104 per
2513 2035 2851 2103 parabolam.
2893 2035 3008 2105 ipse
3043 2047 3221 2092 atttctn
3254 2057 3359 2096 non
3404 2056 3502 2108 per

1909 2128 2225 2197 parabolam
2275 2130 2622 2184 assimilatus
2676 2137 2782 2192 est,
2832 2130 2925 2184 sed
2978 2131 3033 2183 in
3083 2133 3232 2185 omni
3270 2115 3501 2188 veritate

1911 2222 2075 2274 homo
2108 2219 2285 2274 lat-tus
2311 2230 2416 2275 est.
2471 2217 2624 2275 Unus
2659 2221 2882 2291 quidem
2916 2221 3174 2285 thronus,
3213 2240 3381 2277 unum
3408 2239 3500 2278 re-

1909 2329 2074 2384 gnum
2120 2312 2240 2368 Filii
2269 2322 2322 2368 et
2363 2314 2558 2380 Patris,
2587 2315 2680 2368 sed
2713 2314 2860 2370 sicut
2885 2314 2956 2368 ibi
2990 2312 3208 2370 dixerat
3236 2317 3300 2372 ad
3335 2316 3500 2372 bene-

1912 2407 2222 2460 l'aeiendum
2257 2407 2510 2474 proximo
2543 2403 2887 2461 adhortando
2916 2423 2931 2458 :
2972 2426 2990 2458 ι
3020 2406 3256 2472 Esurivi,
3291 2408 3495 2472 sitivi,»

1908 2507 1962 2552 et
2003 2506 2219 2559 caetera,
2267 2497 2573 2568 h-zdresque
2605 2507 2897 2554 vocaverat
2925 2499 3257 2569 indigentes,
3283 2501 3501 2570 aliaque

1913 2592 2214 2661 protulerat
2268 2607 2380 2644 sua:
2432 2591 2802 2647 incaritationi
2845 2594 3061 2663 propria
3087 2635 3104 2661 ,
3141 2593 3266 2647 ideo
3297 2606 3500 2648 semet-

1913 2686 2090 2754 ipsum
2124 2687 2196 2740 ibi
2236 2695 2296 2739 ut
2327 2701 2508 2753 regem
2547 2685 2738 2740 sedere
2773 2687 3004 2742 dixerat.
3044 2687 3276 2758 Insuper
3310 2688 3362 2743 in
3407 2690 3501 2743 illo

1911 2781 2051 2844 loco,
2082 2797 2206 2834 cum
2236 2780 2418 2833 ovium
2445 2788 2499 2833 et
2532 2780 2811 2834 haedorum
2846 2781 3190 2836 meminisset
3221 2798 3316 2852 per
3340 2780 3498 2852 para-

1909 2855 2112 2933 bulam,
2151 2879 2208 2925 ut
2249 2887 2432 2941 regem
2481 2882 2532 2925 et
2585 2882 2861 2942 pastorem
2900 2873 3256 2942 semetipsum
3296 2891 3500 2944 propo-

1905 2973 2110 3026 suerat,
2151 2964 2242 3018 hic
2271 2980 2423 3023 vero.
2462 2979 2588 3017 eum
2634 2964 2701 3018 de
2735 2964 2931 3024 servis.
2967 2972 3023 3018 ct
3069 2967 3303 3029 ratione,
3332 2977 3383 3018 el
3414 2967 3503 3020 di-

1907 3047 2055 3107 vitiis
2089 3069 2156 3107 ex
2193 3053 2466 3123 regalibus
2497 3053 2768 3108 thesauris
2793 3055 3026 3122 sumptis
3055 3056 3388 3110 mentionem
3420 3057 3500 3111 fa-

215 3144 393 3198 ϐἀτων
430 3145 523 3198 καὶ
554 3145 760 3214 ἐρίφων
803 3145 1194 3215 παραϐολικῶς
1228 3146 1498 3215 ἐμνήσθη,
1529 3146 1604 3208 ὡς
1643 3147 1787 3214 βασι

1908 3146 2032 3208 ciat,
2066 3154 2124 3200 ιιι
2157 3162 2337 3216 regem
2371 3147 2561 3200 sedere
2598 3145 2739 3200 dixit
2765 3145 2981 3203 Patrem
3017 3163 3201 3214 suum,
3226 3151 3496 3205 rationem

213 3241 309 3294 λέα
362 3241 461 3293 καὶ
507 3241 743 3309 ποιμένα
794 3238 987 3293 ἑαυτὸν
1045 3239 1396 3310 προκαθίξει,
1431 3240 1665 3293 ἐνταῦθα
1714 3240 1791 3300 δὲ.

215 3335 340 3387 ἐπεὶ
368 3333 572 3386 δούλοιν
600 3337 693 3386 κτλ
720 3333 988 3401 λογισμοῦ
1023 3333 1120 3386 καὶ
1150 3333 1454 3402 χρημάτων
1485 3332 1593 3385 τῶν
1625 3333 1703 3395 ὡς
1733 3334 1797 3384 ἐκ

218 3423 519 3495 βασιλικῶν
559 3423 852 3494 θησαυρῶν
891 3424 1161 3494 ἐμνήσθη,
1209 3425 1284 3486 ὡς
1321 3423 1549 3494 βασιλέα
1588 3441 1798 3493 προκα-

218 3516 417 3582 θῆσθαι
447 3517 538 3568 τὸν
576 3513 772 3568 ἑαυτοῦ
806 3517 1026 3587 Πατέρα
1058 3518 1214 3587 φησὶ,
1259 3517 1588 3586 συναίροντα
1617 3517 1794 3583 λόγον,

220 3610 312 3662 καὶ
355 3610 455 3671 τὶς
500 3609 722 3674 ὀφειλάς
753 3609 1107 3662 ἀπαιτοῦντα.
1167 3612 1263 3662 Διὶ
1308 3609 1360 3661 τί
1393 3610 1449 3662 δὲ
1501 3611 1620 3662 ἐκεῖ
1673 3609 1795 3676 μὲν,

229 3699 471 3763 Καθίσει,
512 3701 665 3770 φησὶ,
699 3703 792 3754 καὶ
823 3700 1280 3770 συναχθήσονται,
1307 3703 1403 3754 καὶ
1433 3703 1673 3772 ἁφοριεῐ,
1701 3698 1799 3754 καὶ

128 3783 132 3786 ’
231 3795 344 3862 ἐρεῖ
370 3793 398 3845 6
430 3793 702 3862 βασιλεὺς,
739 3793 835 3846 καὶ
864 3795 1053 3855 ἁπλῶς
1092 3795 1311 3849 ἅπαντα
1358 3793 1665 3864 μελλούσης
1699 3810 1798 3862 ση-

227 3886 444 3954 μασίας,
475 3885 707 3939 ἐνταῦθα
731 3885 811 3950 δὲ,
864 3885 1163 3956 Ὡμοιώθη,
1183 3889 1277 3940 καὶ
1309 3887 1541 3957 ἠθέλησε
1569 3891 1797 3956 συνᾶραι

219 3979 390 4048 λόγον,
445 3981 538 4032 καὶ
566 3979 706 4050 ἢχθη
739 3981 766 4032 6
814 3979 1127 4047 ὀφειλέτης,
1163 3980 1256 4033 καὶ
1305 3979 1597 4033 ἐκέλευσεν
1625 3981 1656 4032 ὁ
1688 3979 1800 4032 Κύ-

226 4090 356 4144 ριος.
408 4073 502 4125 καὶ
552 4071 737 4135 ἁπλῶς
784 4070 1002 4125 ἅπαντα
1048 4072 1118 4125 τὰ
1177 4073 1401 4142 ῥήματα
1455 4073 1800 4144 παρελθόντα

220 4166 660 4237 προσημαίνοντα
685 4165 885 4235 χρόνον
908 4167 1060 4218 ἐστίν
1083 4182 1097 4230 ;
1134 4165 1258 4219 Ὅτι
1283 4168 1353 4219 τὰ
1383 4167 1500 4218 ἐκεῖ
1527 4165 1800 4236 λεγόμενα

223 4263 398 4317 πάντα
425 4258 518 4313 τοῦ
555 4260 844 4332 μέλλοντός
876 4261 1026 4312 ἐστιν
1057 4260 1286 4324 αἰῶνος·
1320 4259 1422 4331 τῆς
1453 4261 1511 4314 δὲ
1543 4258 1638 4314 νῦν
1667 4263 1801 4330 ἡμῖν

221 4351 648 4424 προτεθειμένης
674 4351 994 4422 παραϐολῆς
1024 4351 1084 4404 τὸ
1103 4351 1272 4405 πλέον
1295 4351 1532 4406 ἐνταῦθα
1561 4353 1801 4421 μάλιστα

220 4446 487 4498 τελεῖται.
535 4441 640 4496 Τοῦ
697 4444 806 4511 γὰρ
848 4442 1156 4512 ὀφειλέτην,
1211 4446 1370 4515 φησὶ,
1426 4444 1538 4498 τῶν
1587 4448 1800 4518 μυρίων

1907 3248 2197 3306 ponentem
2238 3247 2291 3292 et
2322 3238 2502 3292 debita
2541 3239 2870 3308 exigentem.
2929 3240 2997 3293 At
3042 3255 3146 3307 qua
3183 3241 3392 3296 ratione
3428 3243 3501 3297 ibi

1903 3328 2124 3399 quidem
2164 3329 2378 3384 dicebat
2421 3347 2434 3384 :
2476 3350 2493 3381 ι
2521 3328 2800 3392 Sedebit,’
2835 3341 2888 3384 et
2926 3331 3498 3402 «Congregabnntur,i

1881 3435 1954 3474 .et
1990 3437 2005 3476 :
2045 3439 2062 3471 ι
2103 3421 2440 3490 Segregabit,
2481 3439 2500 3472 ι
2531 3429 2584 3474 et
2619 3438 2635 3474 :
2675 3439 2691 3472 ι
2740 3420 2892 3476 Dicet
2921 3421 3059 3484 Rex,
3093 3441 3112 3473 ι
3159 3439 3279 3492 qua:
3318 3424 3502 3478 onmia

1901 3513 2360 3568 futuramhabent
2397 3511 2851 3582 signiﬁcationem
2880 3513 3007 3579 ;hic
3024 3530 3154 3569 vero
3187 3531 3202 3568 :
3237 3516 3503 3570 cAssimi-

1902 3606 2070 3660 latum
2099 3613 2328 3670 est,»et,
2347 3603 2560 3658 «Voluit
2582 3603 2844 3659 rationem
2862 3619 3120 3675 ponere,»
3149 3615 3223 3674 et,
3248 3607 3506 3663 «Oblatus

1902 3706 1988 3755 est
2016 3698 2289 3765 debitor,»
2319 3707 2395 3764 et,
2434 3715 2452 3748 ι
2481 3697 2655 3752 Jussit
2680 3697 2960 3763 Dominus,
2998 3714 3158 3768 »ηοω
3191 3701 3362 3759 verba.
3387 3717 3510 3755 om-

1903 3791 1990 3846 nia
2021 3790 2362 3861 praateritum
2401 3798 2617 3859 tempus
2650 3789 2936 3844 indicant?
2970 3789 3241 3859 Quoniam
3274 3808 3396 3863 qua:
3426 3794 3506 3848 ἱὶιί

1902 3881 2048 3937 dicta
2082 3891 2212 3936 sunt
2245 3881 2299 3934 in
2333 3879 2523 3937 futuro
2575 3880 2709 3935 ﬁent
2752 3884 2990 3955 sarculo;
3024 3883 3284 3952 pleraque
3316 3893 3508 3939 autem

1903 3990 2026 4044 quae
2071 3974 2124 4028 in
2175 3973 2440 4029 hodierna
2491 3973 2753 4043 parabola
2822 3984 3204 4045 proponuntur
3245 3976 3358 4045 jam
3411 3979 3503 4030 hic

1904 4067 2281 4137 complentur;
2322 4082 2447 4121 nam
2491 4083 2617 4122 eum
2661 4068 2880 4124 oblatus
2911 4077 3081 4133 esset,
3117 4069 3314 4140 inquit,
3359 4086 3509 4125 unus

1899 4161 1997 4231 qui
2029 4160 2262 4214 debebat
2305 4160 2496 4214 decem
2549 4151 2722 4214 millia
2759 4160 2959 4216 talenta
3003 4170 3058 4215 et
3111 4178 3218 4216 non
3275 4149 3506 4218 haberet

1905 4253 2050 4307 unde
2124 4252 2420 4306 redderet:
2485 4251 2710 4308 «Jussit
2771 4268 2895 4308 eum
2957 4251 3220 4312 Dominus
3275 4273 3504 4313 venum-

1905 4343 2022 4398 dari
2049 4350 2104 4396 et
2137 4355 2363 4396 uxorem
2395 4341 2516 4412 ejus
2550 4352 2603 4397 et
2637 4342 2776 4396 lilios
2802 4351 2856 4398 et
2878 4344 3063 4398 omnia
3095 4360 3216 4415 qua:
3247 4345 3502 4414 habebat,

1905 4445 1960 4490 ct
2007 4436 2203 4502 reddi;
2241 4451 2260 4486 ι
2307 4435 2400 4490 sed
2438 4445 2560 4489 cum
2612 4436 2907 4505 procitlcns
2959 4436 3051 4492 ille
3097 4449 3282 4493 oraret
3313 4449 3374 4494 ut
3403 4455 3505 4511 pa-

219 4537 498 4591 ταλάντων
542 4534 1031 4604 προσενεχθέντος,
1069 4534 1165 4587 καὶ
1203 4537 1279 4604 μὴ
1313 4533 1533 4604 ἔχοντος
1568 4535 1796 4588 ἀποδοῦ-

1908 4525 2150 4582 ticntiatn
2193 4526 2440 4591 haberet,
2473 4530 2526 4580 et
2561 4541 2620 4581 se
2665 4527 2852 4581 omnia
2898 4528 3242 4584 redditurum
3273 4533 3502 4601 protnit~

221 4647 328 4693 ναι,
371 4647 391 4680 ι
441 4627 728 4682 Ἐκέλευσε
785 4627 885 4696 μὲν
937 4629 964 4679 ὀ
1015 4626 1224 4696 Κύριος
1273 4627 1439 4679 αὐτὸν
1493 4626 1798 4695 πραθῆναι,

223 4723 317 4775 καὶ
347 4721 448 4790 τὴν
480 4723 718 4787 γυναῖκα
746 4721 842 4772 καὶ
869 4721 937 4771 τᾶι
965 4720 1130 4770 τέκνα
1164 4718 1330 4771 αὑτοῦ
1371 4719 1467 4772 καὶ
1500 4719 1679 4772 πάντα
1702 4721 1802 4772 ευ

226 4808 360 4881 εἶχε,
391 4813 484 4863 καὶ
523 4810 856 4879 ἀποδοθῆναι
883 4825 897 4840 ⁸
941 4829 960 4860 ι
1005 4810 1079 4872 ὡς
1107 4808 1164 4862 δὲ
1197 4811 1403 4872 ἐκεῖνος
1445 4810 1800 4880 προσπεσὼν,

220 4902 340 4974 ᾔτει.
364 4901 760 4972 μακροθυμεῖν,
780 4905 876 4952 καὶ
900 4900 1207 4954 ἀποδώσειν
1229 4902 1568 4966 ὑπισχνεῖτο,
1596 4902 1803 4969 σπλαγ-

223 4994 465 5066 χνισθεὶς
497 4995 526 5046 ὀ
565 4993 791 5064 Κύριος,
826 4993 990 5046 αὐτόν
1018 5009 1078 5046 τε
1107 4993 1346 5046 ἀπέλυσε
1377 4994 1469 5046 καὶ
1501 4994 1566 5046 τὸ
1595 4994 1806 5048 δάνειον

222 5086 435 5155 ἀφῆκεν
482 5085 666 5155 αὐτῷ·
719 5079 794 5139 ὧν
846 5086 1001 5137 οὐδέν
1033 5088 1184 5139 ἐστιν
1213 5087 1308 5140 ἐπὶ
1353 5084 1449 5138 τοῦ
1519 5086 1807 5155 μέλλοντος

1909 4631 2087 4687 teret,
2129 4620 2392 4675 misertus
2429 4618 2693 4675 Dominus
2747 4621 2957 4678 dimisit
2987 4639 3114 4678 ettm
3163 4633 3218 4679 et
3253 4623 3506 4680 debitum

1911 4715 2123 4769 dimisit
2153 4713 2201 4768 ei
2238 4731 2252 4766 :
2295 4729 2360 4767 ex
2398 4714 2598 4782 quibus
2630 4715 2764 4770 nihil
2799 4727 2881 4771 est
2915 4719 3058 4788 quod
3099 4718 3152 4771 in
3190 4717 3375 4772 futuro
3405 4736 3511 4773 33--

1911 4806 2038 4861 culo
2070 4806 2140 4861 sit
2181 4805 2492 4859 faciendum
2527 4824 2540 4860 :
2571 4823 2679 4861 non
2718 4811 3143 4877 procrastinatio
3167 4853 3181 4878 ,
3236 4828 3342 4867 non
3383 4796 3526 4882 pro?

1914 4900 2109 4955 missio
2143 4913 2173 4952 a
2214 4898 2481 4962 debitore,
2513 4913 2622 4953 nou
2659 4901 2882 4967 solutio,
2915 4919 3022 4957 non
3054 4903 3307 4960 dimissio
3349 4886 3511 4958 nulli-

1917 4991 2080 5047 mode
2109 4989 2400 5046 tribuenda
2437 4989 2506 5044 ab
2546 5006 2610 5046 eo
2639 4991 2730 5062 qui
2783 4994 2876 5050 dat
2927 4997 3112 5051 omnia
3156 5007 3212 5053 et
3261 5006 3392 5052 tunc
3437 4999 3508 5051 ab

1916 5084 2176 5140 omnibus
2211 5083 2482 5136 rationem
2522 5085 2840 5154 postulabit.

224 5181 454 5242 αἰῶνος·
485 5179 586 5247 οὑγ
643 5176 960 5248 ὑπέρθεσις,
1007 5177 1108 5246 οὐχ
1156 5177 1455 5245 ὑπόσχεσις
1500 5177 1654 5246 παρὰ
1701 5177 1792 5230 τοῦ
1824 5175 2161 5245 ὀφείλοντος,
2189 5173 2251 5228 οὐ
2277 5173 2454 5238 λύσις,
2487 5174 2586 5228 οὐκ
2610 5175 2804 5244 ἄφεσις
2870 5179 3050 5232 οὐδενὶ
3101 5180 3290 5253 τρόπῳ
3353 5181 3508 5253 παρὰ
3567 5223 3569 5226 ‹

225 5273 314 5328 τοῦ
349 5274 528 5328 πάντα
549 5272 755 5336 δόντος,
788 5273 883 5325 καὶ
917 5271 1136 5325 πάντων
1167 5270 1530 5334 ἀπαιτοῦντος
1557 5273 1678 5325 τότε
1709 5272 1799 5325 τὸν
1834 5272 2017 5340 λόγον.

302 5368 465 5421 Ἀλλὰ
502 5369 596 5420 καὶ
631 5367 693 5418 τὸ
754 5365 1189 5436 προσενεχθῆναι
1242 5365 1333 5418 τὸν
1372 5367 1661 5434 ὀφειλέτην
1694 5367 1804 5419 τῶν

233 5461 436 5531 μυρίων
479 5459 782 5524 ταλάντων,
829 5458 1143 5528 ἀρξαμένου
1196 5459 1476 5525 συναίρειν
1520 5458 1681 5526 λόγον
1709 5458 1804 5512 τοῦ

231 5554 510 5624 βασιλέως,
541 5553 643 5605 οὐκ
674 5551 792 5602 έστι
826 5550 920 5603 τοῦ
957 5551 1242 5619 μέλλοντος
1280 5551 1479 5613 αἰῶνος
1502 5567 1517 5583 ⁸
1549 5553 1669 5603 ἐκεῖ
1697 5553 1805 5622 γὰρ

230 5647 438 5701 πάντων
475 5647 537 5698 τὸ
568 5644 724 5708 τέλος
777 5643 946 5710 ἐστὶν,
979 5645 1085 5697 ἀπὸ
1117 5643 1225 5697 τῶν
1269 5643 1508 5698 ἐνταῦθα
1535 5645 1593 5698 δὲ
1639 5645 1805 5716 ἄρχε-

1986 5364 2221 5434 Insuper
2247 5362 2430 5420 offerri
2463 5367 2765 5430 de.‘iitorcm
2791 5366 2980 5421 decem
3012 5366 3242 5421 millium
3272 5368 3506 5422 talento-

1920 5475 2042 5513 rum
2071 5499 2084 5524 ,
2117 5463 2338 5528 quando
2375 5476 2468 5514 rex
2513 5463 2796 5528 inceperat
2847 5462 3109 5516 rationem
3144 5477 3363 5530 ponere,
3405 5463 3508 5514 hoc

1917 5550 2080 5605 etiam
2114 5551 2284 5606 futuri
2322 5568 2432 5606 non
2471 5564 2556 5608 est
2582 5552 2793 5608 saeculi.
2823 5552 2956 5607 Nam
2990 5554 3060 5607 ibi
3095 5553 3361 5607 liniuntur
3389 5570 3504 5608 om-

1915 5644 2005 5698 nia
2039 5659 2161 5716 quae
2197 5645 2284 5702 hic
2321 5643 2611 5716 incipiunt.
2646 5644 2874 5717 Reliqua
2909 5646 3172 5717 parabola
3210 5655 3292 5701 est
3329 5648 3500 5701 etiam

293 5829 336 5860 ’³
371 5831 503 5883 Luc.
526 5835 604 5892 Vt,
642 5823 735 5878 37.
812 5823 861 5857 '°
892 5822 1081 5878 Matth.
1125 5837 1196 5897 rt,
1230 5824 1313 5879 Η.
1397 5824 1440 5856 ⁷⁷
1468 5822 1661 5878 Matth.
1703 5839 1850 5888 xrtu,
1877 5823 1969 5878 23.

3075 5935 3108 5942 -ι
3121 5936 3128 5941 ·
3145 5935 3172 5942 ~
3185 5928 3336 5952 λαιῇ-ξ--
