4014 6500
523 357 633 424 455

1759 359 2143 422 GREGORII
2179 359 2512 420 PALAMB
3728 359 3819 419 456

527 471 809 542 praesentis
845 471 1052 538 saeculi,
1101 471 1180 527 ait
1212 471 1357 528 enim
1395 488 1411 528 :
1449 490 1467 525 ι
1505 471 1772 544 Egressus
1797 488 1988 528 servus
2014 471 2103 525 ille

2211 489 2323 526 ται.
2359 471 2472 524 Καὶ
2501 471 2568 523 τὰ
2607 465 2728 540 ἐξῆ,
2763 465 2820 521 δὲ
2869 467 2971 536 τῆς
3008 463 3360 537 παραϐολῆς
3415 461 3520 517 τοῖῐ
3567 465 3823 532 παρόντος

528 564 733 619 invenit
771 580 940 619 unum
979 564 1048 620 de
1095 565 1380 621 conservis
1434 565 1582 632 suis,
1644 565 1738 634 qui
1783 565 2014 618 debebat
2051 565 2100 616 υἱ

527 665 744 710 centum
797 656 1096 712 denarios:
1139 665 1194 710 et
1243 665 1433 712 tenens
1475 655 1778 711 sull'ocabat
1825 671 1948 709 eum
1976 697 1990 718 ,
2027 653 2109 706 di-

527 764 655 803 cens
691 765 706 800 :
754 746 936 802 Redde
984 748 1116 801 mihi
1159 748 1304 817 quod
1353 747 1539 802 debes.
1580 765 1600 798 ι
1634 745 1753 812 Quo
1797 746 2110 815 procidente

527 849 580 894 et
611 848 834 908 rogante
868 847 1034 908 atque
1073 838 1384 907 pollicente,
1410 838 1526 906 eius
1553 852 1654 892 nec
1684 839 1892 907 modice
1916 838 2109 890 miser.

530 941 616 984 Ius
654 940 756 993 est,
786 930 876 984 sed
906 929 1042 983 abiit
1073 937 1126 983 et
1171 928 1321 983 misit
1342 943 1467 983 eum
1502 929 1558 982 in
1589 942 1893 993 carcerem,
1934 929 2108 982 donec

528 1030 701 1076 totum
739 1021 990 1075 redderet
1024 1021 1292 1076 debitum.
1341 1020 1602 1086 Quaenam
1657 1035 1787 1075 vero
1839 1018 2106 1088 egressio,

525 1127 650 1165 cum
697 1113 907 1165 venerit
953 1110 1084 1165 illud
1130 1112 1380 1180 tempus“!
1407 1109 1557 1176 Quod
1590 1110 1832 1166 debitum
1874 1109 1940 1163 ad
1975 1123 2104 1164 con-

525 1201 751 1257 servos?
779 1201 1036 1269 Quaenam
1064 1202 1472 1271 expostulatio?
1505 1199 1639 1267 Quis
1669 1201 1969 1257 incursus?
2000 1201 2106 1256 Sed

524 1304 598 1356 et,
626 1311 645 1343 ι
681 1292 992 1354 Procidens,
1022 1292 1217 1361 inquit,
1246 1307 1543 1346 conservus
1588 1291 1710 1361 ejus
1747 1291 1812 1346 ad
1847 1291 2011 1360 pedes
2045 1291 2109 1344 il-

526 1383 652 1448 lius,
697 1387 920 1452 rogabat
952 1387 1137 1439 dicens
1175 1401 1190 1438 :
1222 1383 1544 1438 Patientiam
1598 1385 1734 1438 habe
1783 1385 1834 1437 in
1888 1399 2000 1446 me,
2053 1390 2108 1436 et

524 1476 708 1531 omnia
742 1477 964 1530 reddam
997 1477 1113 1530 tibi.
1144 1476 1236 1530 llle
1257 1486 1437 1531 autem
1463 1476 1663 1540 noluit,
1693 1476 1788 1531 sed
1816 1475 2107 1530 misiteum

528 1568 581 1621 in
613 1584 910 1631 carcerem,
945 1567 1119 1622 donec
1154 1566 1403 1622 redderet
1439 1567 1756 1621 universum
1788 1566 2054 1621 debitum.
2079 1583 2099 1618 ι

524 1660 583 1714 In
621 1660 711 1713 illo
742 1669 923 1714 autem
961 1658 1165 1714 saeculo
1233 1659 1343 1712 vim
1377 1658 1445 1712 ab
1477 1658 1600 1713 aliis
1633 1659 1864 1712 invicem
1903 1673 2108 1725 nequa-

525 1769 688 1823 quam
717 1755 1011 1822 patiemur,
1049 1766 1148 1806 nec
1175 1749 1242 1806 ad
1269 1750 1434 1820 pedes
1458 1749 1689 1804 aliorum
1724 1750 2102 1818 procidemus,

2217 557 2368 610 ἐστὶν
2420 557 2653 619 αἰῶνος·
2700 574 2720 606 ο
2782 555 3046 619 Ἐξελοῶν
3099 555 3244 625 γὰρ,
3308 549 3518 623 (μησὶν,
3581 554 3611 606 6
3657 554 3825 618 δοῦλος

2209 649 2441 714 ἐκεῖνος,
2473 641 2632 718 εὗρεν
2676 648 2776 700 ἕνα
2817 646 2926 700 τῶν
2969 646 3297 700 συνδούλων
3330 643 3542 710 αὑτοῦ,
3578 644 3638 707 ὃς
3671 645 3824 714 ὤφει-

2210 740 2302 793 λεν
2363 741 2511 810 αύτῷ
2568 741 2764 794 ἑκατὸν
2819 741 3051 812 δηνάρια
3081 757 3095 770 ·
3142 739 3258 794 καὶ
3317 739 3628 810 κρατήσας
3677 741 3826 793 αὐτὸν

2211 832 2421 899 ἕπνιγε,
2465 832 2640 900 λέγων
2664 849 2678 862 ν
2723 832 2945 892 Ἀπόδος
2982 847 3072 901 μοι
3123 831 3187 884 εἴ
3222 847 3284 884 τι
3349 831 3631 897 ὀφείλεις.
3666 850 3686 882 ι
3725 833 3826 886 Καὶ

2213 923 2630 992 προσπίπτοντα
2680 925 2774 976 καὶ
2811 922 3255 993 παρακαλοῦντα
3313 923 3421 976 καὶ
3463 923 3827 993 ὑπισχνούμε-

2209 1031 2300 1068 νον
2334 1015 2455 1068 οὐδὲ
2491 1015 2728 1085 μετρίως
2756 1015 3010 1084 ἠλέησεν,
3036 1014 3156 1067 ἀλλ’
3195 1012 3487 1067 ἀπελθὼν
3519 1013 3717 1066 ἔϐαλεν
3739 1016 3826 1069 αὺ-

2209 1107 2303 1158 τὸν
2329 1108 2410 1169 είς
2438 1107 2710 1175 φυλακὴν,
2742 1107 2846 1168 ἕως
2867 1101 2929 1160 οὖ
2962 1105 3146 1174 ἀποδῷ
3186 1105 3314 1158 πᾶν
3345 1103 3416 1156 τὸ
3446 1103 3819 1174 ὀφειλόμενοι.

2211 1197 2348 1251 Ποία
2373 1199 2553 1250 τοίνυν
2585 1197 2783 1262 ἔξοδος,
2829 1198 3152 1261 ἐπιστάντος
3186 1197 3431 1250 ἐκείνου
3464 1197 3566 1248 τοῦ
3597 1197 3821 1266 καιροῦ;

2209 1289 2291 1354 τίς
2322 1290 2512 1358 δφειλὴ
2558 1289 2680 1342 τότε
2725 1287 2863 1358 πρὸς
2901 1289 3281 1357 δμοδούλουςς
3341 1288 3437 1349 τίς
3490 1286 3816 1357 ἀπαίτησιςς

2208 1381 2292 1442 τίς
2339 1381 2621 1445 ὲπίθεσιςς
2675 1380 2836 1432 Ἀλλὰ
2885 1379 3049 1446 καὶ,‹
3098 1378 3333 1442 Πεσὼν,
3376 1379 3584 1448 φησὶν,
3624 1381 3652 1430 ὁ
3710 1378 3821 1431 σύν.

2208 1473 2395 1536 δουλος
2439 1471 2607 1527 αὑτοῦ
2660 1472 2795 1542 πρὸς
2838 1473 2974 1544 ,τοὺς
3017 1472 3190 1534 πόδας
3241 1471 3459 1536 αὑτοῦ,
3501 1471 3815 1541 παρεκάλει,

2210 1563 2370 1634 203
2429 1564 2602 1633 λέγων
2626 1580 2641 1597 ο
2668 1563 3110 1632 Μακροθύμησον
3149 1563 3248 1616 ἐπ’
3290 1565 3456 1632 ἐμοὶ,
3509 1565 3609 1616 καὶ
3656 1566 3818 1614 πὶντα

2211 1673 2296 1710 σοι
2327 1654 2595 1709 ἀποδώσω
2624 1671 2639 1685 ·
2671 1657 2699 1708 ὁ
2733 1654 2791 1708 δὲ
2826 1655 2927 1725 οὐχ
2956 1655 3309 1724 ὑπήκουσεν,
3345 1653 3476 1708 ἀλλ’
3511 1654 3706 1707 ἔϐαλεν
3732 1655 3816 1706 αὐ-

2211 1748 2302 1799 τὸν
2332 1748 2412 1808 είς
2457 1746 2729 1815 φυλακὴν,
2775 1746 2880 1810 ἕως
2915 1741 2978 1801 οὗ
3009 1745 3196 1817 ἀποδῷ
3257 1748 3381 1798 πᾶν
3435 1746 3502 1799 τδ
3541 1744 3816 1814 ὀφειλόμε-

524 1847 620 1900 sed
657 1859 833 1913 neque
889 1842 1244 1912 rogabimus;
1298 1857 1441 1896 unus
1474 1850 1560 1896 est
1602 1843 1746 1896 enim
1805 1842 1894 1897 cui
1939 1855 2103 1896 omne

2210 1853 2317 1890 vov.
2359 1855 2376 1889 ι
2429 1837 2555 1890 Ἐπὶ
2609 1837 2666 1891 δὲ
2719 1837 2813 1891 τοῦ
2872 1839 3157 1908 μέλλοντος
3225 1839 3450 1901 αἰῶνος
3517 1837 3646 1906 βίαν
3691 1838 3809 1908 παρ’

525 1951 665 2005 genu
701 1934 951 1988 ﬂectetur
999 1932 1302 1988 caelestium
1330 1970 1346 1997 ,
1381 1932 1725 1986 terrestrium
1766 1942 1820 1986 et
1865 1929 2104 1984 inferno-

2210 1927 2453 1998 ἀλλήλων
2483 1929 2715 2000 πάσχειν
2767 1930 2916 2000 ἡμᾶς
2952 1930 3054 1983 οὐκ
3081 1929 3264 1997 ἔστιν,
3315 1930 3450 1984 οὐδὲ
3492 1932 3812 1998 προσκυνεῖν

529 2042 673 2081 rum.
699 2026 804 2080 Alii
841 2041 987 2090 vero,
1017 2024 1116 2092 ait,
1151 2025 1431 2087 conservi,
1471 2024 1714 2080 videntes
1756 2031 1956 2077 tantam
1985 2022 2104 2092 ejus

2210 2021 2463 2093 ἀλλήλοις
2499 2024 2598 2076 καὶ
2642 2022 2914 2076 ἱκετεύειν
2939 2039 2953 2056 ο
2993 2019 3074 2086 είς
3109 2024 3222 2092 γάρ
3257 2023 3450 2085 ἐστιν,
3494 2014 3542 2089 ᾧ
3571 2022 3690 2074 τότε
3716 2021 3809 2073 πᾶν

523 2136 653 2190 erga
686 2133 988 2174 conservos
1022 2116 1306 2183 duritiam,
1338 2116 1649 2172 contristati
1684 2126 1810 2170 sunt
1841 2115 2020 2182 valde,
2050 2124 2104 2170 et

2210 2116 2336 2184 γόνυ
2377 2115 2584 2188 κάμψει
2631 2117 2980 2188 ἐπουρανίων
3021 2116 3116 2170 καὶ
3154 2117 3447 2184 ἐπιγείων
3510 2116 3611 2168 καὶ
3658 2131 3810 2166 κατα-

527 2218 888 2266 narraverunt
917 2209 1137 2264 domino
1201 2223 1302 2264 suo
1329 2209 1511 2263 omnia
1536 2222 1656 2277 qua:
1687 2207 1828 2262 facta
1865 2207 2104 2261 fuerant.

526 2305 620 2360 llle
653 2316 830 2358 autem
873 2305 1084 2368 iratus,
1135 2315 1296 2356 servo
1341 2300 1648 2372 objurgato,
1703 2302 1924 2364 tradidit
1976 2317 2098 2356 cum

527 2394 1204 2463 tortoribusquoadusque
1229 2392 1478 2449 redderet
1503 2395 1817 2448 universum
1835 2393 2100 2450 debitum.

2206 2207 2460 2278 χθονίων.
2510 2207 2650 2262 Ἀλλ’
2699 2208 2866 2262 ἕνεκα
2907 2209 3009 2277 τῆς
3053 2209 3344 2278 τοσαύτης
3380 2207 3530 2277 πρὸς
3561 2205 3653 2258 τὸν
3695 2203 3806 2256 σύν-

2210 2301 2396 2356 δουλον
2434 2301 2816 2374 ἀσπλαγχνίας
2845 2301 3142 2363 λυποῦνται
3175 2302 3313 2372 μὲν,
3354 2304 3555 2370 φησιν,
3595 2301 3645 2352 οἱ
3672 2298 3805 2352 ἄλλοι

2211 2393 2488 2446 σύνδουλοι
2516 2395 2742 2466 σφόδρα,
2770 2392 3103 2464 διασαφοῦσι
3142 2394 3203 2447 δὲ
3232 2395 3322 2464 τῷ
3362 2395 3570 2465 Κυρίῳ
3598 2395 3799 2449 ἅπαντα

526 2490 597 2542 τὰ
635 2489 902 2557 γενόμενα
922 2504 934 2516 ο
964 2487 992 2539 6
1017 2486 1072 2539 δὲ
1103 2485 1384 2557 ὀργισθεὶς
1413 2486 1508 2538 καὶ
1533 2483 1624 2538 τὸν
1650 2485 1956 2556 ἀσυμπαθῆ
1983 2484 2170 2561 δοῦλον
2197 2485 2446 2556 ἐλέγξας,
2467 2486 2784 2558 παρέδωκεν
2833 2487 2998 2540 αὑτὸν
3055 2487 3171 2550 τοῖς
3211 2470 3638 2556 βασανισταῖς,
3708 2487 3802 2549 ἓως

527 2574 590 2638 οἶ)
619 2580 802 2650 ἀποδῷ
841 2581 946 2632 πᾶν
981 2580 1041 2630 τὸ
1063 2579 1437 2649 ὀφειλόμενον.

603 2671 810 2726 Forsan
879 2672 1076 2740 aliquis
1107 2680 1354 2726 censeret
1384 2670 1485 2725 ista
1526 2670 1580 2725 in
1624 2673 1873 2740 praesenti
1907 2672 2106 2733 seculo

527 2767 668 2832 ﬁeri,
707 2767 798 2819 sed
836 2766 903 2819 ad
935 2768 1176 2818 futurum
1203 2765 1500 2834 pmsertim
1535 2772 1822 2834 speetant;
1857 2766 1926 2820 ibi
1957 2766 2103 2820 enim

536 2868 721 2926 aperta
769 2869 953 2910 reatus
1011 2853 1379 2909 inanifestatio
1410 2893 1426 2920 ,
1474 2862 1526 2909 et
1572 2855 1691 2909 sine
1727 2855 2106 2910 misericordia

527 2947 934 3010 condemnatio,
985 2956 1038 3000 et
1078 2945 1396 3001 indesinens
1449 2946 1796 3016 supplicium.
1833 2965 1850 2998 ι
1889 2945 2108 3013 Quoad-

529 3055 740 3108 usqne,
801 3039 1014 3107 inquit,
1071 3037 1322 3092 redderet
1370 3037 1682 3093 universum
1746 3039 2015 3094 debitum.
2077 3057 2095 3092 ι

2279 2676 2451 2731 Τοῦτο
2483 2677 2581 2730 ίδοι
2610 2693 2693 2740 τις
2723 2675 2790 2729 ἂν
2820 2677 2914 2730 καὶ
2947 2674 3091 2730 κατά
3126 2677 3223 2730 τὸν
3259 2676 3522 2743 παρόντα
3553 2671 3796 2742 τελούμε-

2207 2789 2295 2824 νον
2327 2771 2521 2836 αἰῶνα,
2555 2770 2789 2839 μάλιστα
2806 2771 2861 2823 δὲ
2884 2768 2979 2822 τοῦ
3012 2767 3315 2840 μέλλοντός
3344 2773 3536 2822 ἐστιν·
3563 2769 3678 2820 ἐκεῖ
3703 2768 3796 2833 γὰρ

2208 2864 2302 2917 καὶ
2338 2864 2366 2916 6
2404 2861 2623 2931 ἔλεγχος
2659 2861 2985 2934 περιφανὴς,
3026 2864 3122 2916 καὶ
3155 2863 3190 2932 ἠ
3223 2863 3526 2932 ἀπόφασις
3559 2857 3793 2930 ἀνηὶεὴς,

2211 2957 2304 3010 καὶ
2330 2957 2364 3026 ή
2394 2955 2621 3025 βάσανος
2645 2955 3026 3024 ἁτελεύτητος.
3064 2975 3082 3006 ι
3119 2956 3270 3018 Ἕως
3297 2948 3389 3024 οὗ,
3421 2953 3614 3026 φησὶν,
3631 2947 3793 3016 ἀποδῷ

2210 3049 2318 3101 πᾶν
2341 3048 2401 3100 τὸ
2429 3047 2808 3118 ὀφειλόμενον.
2849 3065 2867 3099 ι
2901 3047 2975 3100 Τὸ
2999 3047 3056 3102 δὲ
3085 3048 3198 3100 τῶν
3226 3049 3528 3102 ἀδυνάτων
3552 3046 3696 3098 ἐστὶν
3714 3041 3791 3094 εύ-

532 3132 729 3186 V’ernm
769 3131 889 3186 fieri
931 3129 1122 3199 nequit
1155 3137 1215 3183 ut
1248 3144 1277 3183 a
1329 3129 1488 3185 nobis
1539 3129 1851 3185 inveniatur
1902 3133 2102 3188 solutio

2213 3141 2434 3212 ρεθῆναι
2472 3140 2603 3213 παρ’
2633 3139 2790 3212 ἡμῶν
2827 3141 3085 3195 ἀπόδοσιν
3117 3138 3498 3210 ὲξισουμένην
3523 3139 3642 3200 ταῖς
3669 3134 3792 3203 πρὸς

531 3224 734 3279 nostris
769 3225 833 3276 ad
874 3223 1043 3276 Deum
1097 3222 1295 3276 debitis
1341 3221 1652 3291 adaequata,
1685 3223 1758 3278 ita
1808 3235 1866 3279 ut
1913 3226 2102 3280 istud:

537 3330 559 3364 ι
597 3313 966 3382 Quoadusque
991 3311 1242 3367 redderet
1279 3312 1926 3379 universumnaelernam
1966 3317 2107 3371 iudi-

530 3415 620 3458 Ct".
648 3419 887 3475 poenam.
915 3402 1020 3458 Sed
1044 3405 1318 3474 quomodo
1341 3404 1430 3459 illa
1451 3405 1634 3460 omnia
1659 3409 1927 3476 parabolae
1944 3412 2106 3465 verba

534 3498 622 3552 hic
655 3497 1028 3565 perﬁciuntur,
1067 3497 1248 3568 regale
1301 3498 1562 3564 tribunal,
1595 3499 1903 3557 debitorum
1932 3503 2110 3556 mani-

533 3587 772 3651 festatio,
812 3599 933 3658 post
967 3589 1464 3645 manifestationem
1495 3593 1888 3662 expostulatio,
1927 3604 1978 3647 et
2001 3593 2106 3649 alia

529 3696 653 3750 qnze
689 3680 1034 3750 sequuntur?
1065 3681 1183 3736 Stat
1213 3682 1356 3738 istud
1402 3680 1493 3737 Dei
1540 3683 1797 3752 templum
1849 3694 2105 3754 tanquam

529 3774 728 3830 (mlum
775 3773 918 3829 aliud
947 3775 1088 3828 intra
1117 3789 1332 3829 sacrum
1363 3773 1684 3839 tentorium,
1719 3776 1864 3830 velut
1913 3777 1965 3830 in
1990 3791 2105 3832 cre-

531 3866 762 3923 leSlibus
787 3867 1156 3924 tabernaculis
1221 3869 1476 3923 thronum
1510 3869 1718 3924 habens
1745 3869 2106 3937 dominicum,

531 3960 585 4014 in
615 3975 722 4030 quo
745 3961 900 4014 sedet
928 3975 1020 4014 rex
1052 3961 1317 4024 omnium,
1350 3971 1406 4015 et
1437 3962 1711 4015 rationein
1762 3962 2108 4016 invisibiliter

531 4053 682 4121 ponit
712 4067 837 4107 cum
871 4052 1043 4106 servis
1075 4053 1215 4120 ejus,
1248 4053 1410 4107 nobis
1448 4054 1709 4107 omnibus
1746 4053 1834 4108 hic
1866 4053 2106 4107 circum-

531 4143 808 4198 smntibus
851 4153 906 4197 et
944 4143 1387 4198 obsecrantibus.
1411 4143 1562 4198 Multi
1597 4153 1778 4198 autem
1802 4154 1951 4208 sunt,
1973 4160 2110 4214 quo-

530 4251 655 4290 rum
684 4245 740 4290 et
769 4249 870 4302 ego
905 4249 1048 4289 unus
1077 4251 1226 4302 sum,
1271 4235 1362 4304 qui
1396 4245 1699 4304 arguuntur
1743 4251 1808 4290 ex
1854 4236 1954 4302 cis,
1988 4251 2108 4306 qua:

531 4331 621 4386 hic
649 4329 912 4386 divinitus
941 4339 1216 4384 canuntur
1263 4337 1316 4382 et
1372 4328 1438 4382 ad
1472 4338 1635 4382 aures
1662 4328 1906 4382 omnium
1944 4342 2103 4382 revo-

2207 3232 2300 3286 τὸν
2350 3233 2482 3286 Θεὸν
2525 3231 2804 3302 ὀφειλαῖς·
2844 3231 2986 3286 ῶστε
3038 3231 3122 3296 τὸ,
3157 3250 3177 3284 ι
3224 3232 3384 3295 Ἕως
3429 3225 3492 3284 οὗ
3530 3226 3704 3296 ἀποδῷ
3736 3223 3788 3276 τὺ

2210 3328 2343 3390 πᾶν,
2379 3345 2398 3379 ι
2436 3323 2536 3395 τὴν
2565 3324 2783 3378 αἰώνιον
2822 3324 3122 3395 παρίστησι
3167 3323 3438 3390 βάσανον.
3489 3319 3652 3376 Ἀλλά
3685 3315 3787 3377 πῶς

2209 3420 2391 3473 ἐκεῖνα
2436 3419 2619 3472 πάντα
2652 3417 2719 3470 τὰ
2751 3417 2850 3487 τῆς
2883 3416 3201 3487 παραϐολῆς
3234 3416 3491 3471 ἐνταῦθα
3531 3413 3781 3470 τελεῖται,

2207 3510 2268 3563 τὸ
2293 3511 2442 3580 βῆμα
2470 3509 2533 3563 τὸ
2567 3508 2869 3578 βασιλικὸν,
2909 3511 2938 3564 δ
2967 3510 3078 3564 τῶν
3110 3510 3452 3578 ὀφειλόντων
3485 3508 3719 3576 ἔλεγχος.
3753 3501 3781 3565 ἡ

2211 3602 2351 3672 μετὰ
2388 3603 2516 3665 τοὺς
2544 3601 2800 3672 ἐλέγχους
2845 3601 3166 3672 ἀπαίτησις,
3196 3603 3298 3656 καὶ
3340 3603 3447 3655 ὅσα
3480 3599 3591 3653 τῶν
3635 3596 3778 3662 eam;

2212 3693 2484 3764 Ἕστηκεν
2520 3693 2549 3746 6
2589 3691 2686 3746 τοῦ
2722 3690 2857 3744 Θεοῦ
2899 3691 3027 3754 ναὸς
3075 3683 3234 3754 οὗτος
3281 3690 3550 3761 καθάπερ
3577 3683 3782 3756 οὐρανὸς

2209 3785 2369 3848 ἄλλος
2404 3783 2552 3838 ἔνδον
2595 3784 2688 3836 τοῦ
2732 3783 2881 3851 ἱεροῦ
2932 3783 3466 3854 καταπετάσματος,
3511 3780 3690 3846 ὥσπερ
3731 3774 3778 3824 ὲν

2209 3875 2632 3948 ὑπερουρανίοις
2675 3876 2926 3944 σκηναῖς,
2951 3875 3042 3926 τὸν
3073 3873 3267 3943 θρόνον
3303 3874 3449 3944 ἔχων
3483 3873 3576 3924 τὸν
3603 3870 3779 3922 δεσπο·

2207 3970 2379 4034 τικδν,
2409 3969 2492 4038 ἐφ’
2523 3959 2584 4021 οὗ
2615 3966 2924 4036 καθήμενος
2954 3965 2982 4017 6
3003 3965 3098 4019 τοῦ
3124 3966 3330 4030 παντὸς
3365 3963 3640 4037 βασιλεὺς,
3669 3972 3774 4011 συν-

2208 4062 2354 4131 αίρει
2399 4060 2558 4128 λόγον
2594 4057 2845 4129 ἀοράτως
2892 4058 3032 4127 μετὰ
3061 4057 3170 4112 τῶν
3215 4059 3432 4114 δούλων
3475 4052 3658 4116 αὑτοῦ,
3687 4046 3777 4101 τῶν

2211 4151 2592 4222 περιεστώτων
2635 4149 2854 4203 πάντων
2885 4149 3047 4220 ἡμῶν
3083 4150 3320 4205 ὲιταῦθα
3355 4152 3451 4205 καὶ
3499 4155 3774 4216 προσευχο-

2213 4244 2414 4313 μένων.
2450 4240 2641 4294 Πολλοὶ
2675 4241 2732 4296 δέ
2765 4243 2926 4304 εἰσιν,
2954 4236 3031 4297 ὧν
3053 4237 3134 4304 εἷς
3163 4243 3285 4309 είμι
3320 4244 3418 4296 καὶ
3451 4238 3630 4299 αὐτὸς,
3662 4231 3776 4286 οῖτι·

2207 4316 2296 4398 νές
2329 4333 2640 4404 ἐλέγχονται
2676 4335 2829 4406 παρὰ
2875 4335 2986 4388 τῶν
3026 4336 3108 4398 είς
3131 4335 3376 4406 ἐπήκοον
3418 4329 3689 4405 ᾀδομένων
3720 4335 3770 4373 τε

528 4433 747 4490 cantur,
776 4423 1038 4494 quoniam
1073 4441 1179 4479 non
1213 4425 1514 4479 secundum
1551 4424 1716 4477 Deum
1753 4421 1960 4476 utimur
1988 4423 2104 4479 istis

2210 4428 2304 4480 καὶ
2351 4427 2877 4498 ἀναγινωσκομένων
2918 4426 3158 4482 ἐνταῦθα
3200 4429 3468 4499 ῥημάτων
3510 4422 3683 4482 θείως,
3707 4414 3771 4474 ὡς

529 4517 716 4572 decem
752 4517 1015 4580 millibus,
1064 4516 1114 4570 id
1145 4524 1250 4577 est.
1297 4525 1403 4570 tam
1441 4515 1626 4570 multis
1675 4515 1832 4569 bonis
1869 4529 2104 4584 quorum

2212 4517 2289 4591 μὴ
2315 4513 2458 4572 κατὰ
2495 4516 2630 4572 Θεὸν
2662 4495 2936 4590 χρώμενοι
2958 4521 3072 4582 τοῖς
3099 4495 3368 4582 τοιούτοις
3399 4516 3614 4588 μυρίοις
3637 4509 3767 4568 οὖσιν

529 4606 810 4674 quodlibet
840 4617 923 4662 est
949 4607 1241 4671 talentum,
1285 4616 1470 4677 utpote
1519 4621 1737 4675 gravem
1782 4615 1836 4660 et
1877 4607 2141 4661 multam,

531 4699 795 4754 inducens
815 4698 1330 4754 condemnationem
1359 4717 1372 4765 ;
1406 4699 1478 4753 ita
1502 4699 1646 4754 enim
1671 4697 1816 4758 Cain,
1835 4697 2004 4761 unum
2026 4699 2107 4754 vi-

529 4803 627 4845 sus
656 4788 862 4844 crimen
899 4791 1271 4852 commisisse,
1307 4790 1495 4846 fratris
1518 4792 1741 4856 eadem,
1768 4791 2100 4862 septuplum,

531 4895 629 4937 seu
658 4883 912 4947 multum,
951 4884 1095 4936 sicut
1124 4883 1387 4951 scriptum
1431 4895 1533 4947 est,
1579 4883 1800 4952 punitus
1831 4883 1953 4938 fuit.
1993 4882 2101 4938 Sed

531 4989 642 5030 non
671 4983 878 5028 tantum
908 4975 976 5029 de
1007 4976 1189 5031 debito
1231 4978 1532 5045 arguimur,
1565 4987 1621 5030 at
1644 4992 1708 5030 ex
1746 4976 1950 5031 divinis
1981 4992 2102 5030 ver-

531 5066 620 5124 bis
668 5081 790 5122 reos
823 5067 1099 5122 manentia
1147 5067 1415 5123 discimus
1482 5069 1784 5138 supplicia;
1829 5069 2103 5126 discentes

528 5177 685 5226 vero,
731 5161 970 5229 quandin
1017 5162 1068 5214 in
1118 5161 1314 5227 templo
1366 5176 1802 5230 perseveramus,
1858 5164 2100 5231 νωιιὶιο-

531 5268 676 5318 mus,
731 5251 1095 5321 procidimus,
1147 5267 1421 5319 rogamus,
1467 5254 1842 5321 promittimus
1893 5271 1993 5309 nos
2048 5254 2101 5308 in

527 5357 809 5419 posterum
839 5355 896 5398 ut
931 5344 1037 5398 Deo
1067 5345 1244 5414 placet
1267 5348 1533 5408 victuros,
1564 5345 1686 5400 ideo
1723 5346 2098 5400 dimissionem

528 5439 864 5502 obtinemus,
910 5437 998 5491 hic
1049 5454 1224 5507 usque
1271 5441 1336 5491 ad
1379 5441 1538 5491 linem
1591 5448 2004 5506 perseveranter
2046 5447 2098 5492 et

530 5533 781 5584 ardenter
811 5529 1170 5598 depreCantes
1201 5544 1215 5595 ;
1249 5530 1383 5583 dixit
1419 5530 1563 5582 enim
1593 5548 1606 5582 :
1649 5548 1665 5580 ι
1705 5529 2098 5583 (ἓυιινιειίἱιηίιιὶ

530 5623 596 5676 ad
630 5638 735 5685 me,
779 5623 849 5673 ait
881 5621 1163 5685 Dominus,
1197 5629 1251 5676 et
1301 5636 1402 5690 ego
1450 5632 1741 5675 convertar
1783 5623 1847 5674 ad
1898 5636 2013 5684 tos,
2048 5633 2103 5676 et

531 5711 878 5781 iniquitatum
897 5721 1198 5767 vestrarum
1239 5728 1344 5767 non
1379 5713 1706 5768 recordabar
1735 5713 1971 5782 aznplins
1997 5713 2063 5768 ⁷⁸.
2083 5733 2099 5764 ι

515 5845 525 5874 ι
603 5825 646 5856 ⁷⁸
687 5824 848 5878 Zach.
882 5839 916 5890 ι,
961 5825 1014 5880 5.

2204 4612 2480 4676 τουτέστι,
2510 4611 2807 4678 πλείστοις,
2841 4606 2918 4666 ὧν
2950 4612 3182 4666 ἕκαστον
3208 4612 3475 4668 τάλαντόν
3508 4611 3670 4664 ἐστιν.
3703 4599 3766 4659 ὡς

2207 4706 2431 4778 βαρεῖαν
2461 4708 2556 4780 καὶ
2589 4705 2960 4776 πολυάριθμον
3001 4705 3123 4774 ἕχον
3149 4707 3252 4773 τὴν
3287 4703 3589 4770 καταδίκην
3609 4715 3620 4729 ο
3643 4693 3764 4747 οὕτω

2209 4799 2319 4869 γὰρ
2369 4799 2465 4853 καὶ
2501 4787 2529 4853 ὃ
2565 4800 2705 4876 ἰςάῖν
2747 4799 2805 4851 ἓν
2847 4799 3226 4869 ἡμαρτηκέναι
3256 4797 3453 4861 δοκῶν,
3493 4793 3589 4862 τὴν
3629 4785 3763 4840 ἀδελ-

2207 4891 2518 4959 φοκτονίαν,
2537 4888 2678 4943 ἑπτὰ
2702 4888 2814 4959 εἶχε
2843 4890 2911 4943 τὰ
2926 4889 3304 4958 ἐκδικούμενα,
3330 4886 3574 4941 τουτέστι
3591 4875 3758 4936 πολλὰ.

2205 4983 2348 5036 κατὰ
2406 4984 2466 5035 τὸ
2515 4983 2921 5052 γεγραμμένον.
2981 4983 3094 5036 Οὐκ
3135 4980 3472 5051 ἐλεγχόμεθα
3514 4975 3569 5028 δὲ
3617 4970 3758 5039 μόνην

2206 5076 2468 5143 ὀφείλειν,
2508 5074 2643 5128 ἀλλὰ
2675 5077 2770 5127 καὶ
2799 5075 2896 5137 τὰς
2921 5074 3290 5144 ἀποκειμένας
3319 5077 3432 5134 τοῖς
3459 5063 3757 5122 ὑπευθύνοις

2206 5169 2268 5219 ὲκ
2293 5167 2400 5220 τῶν
2425 5167 2584 5220 θείων
2613 5166 2811 5235 λογίων
2839 5165 3186 5236 μανθάνομεν
3208 5166 3488 5226 κολάσεις’
3517 5153 3753 5228 μαθόντες

2207 5258 2287 5324 δὲ,
2317 5260 2506 5329 μέχρις
2535 5259 2601 5312 ἆν
2621 5259 3028 5327 παραμένωμεν
3053 5261 3110 5312 ὲν
3131 5258 3208 5329 τῷ
3233 5257 3365 5328 ναῷ,
3393 5245 3748 5324 μετανοοῦμεν,

2208 5349 2648 5418 προσπίπτομεν,
2717 5347 3055 5416 ἱκετεύομεν,
3109 5343 3511 5418 ὑπισχνούμεθα
3555 5334 3786 5408 βιώσεινι

2205 5443 2284 5496 εἰς
2328 5441 2388 5493 τὸ
2435 5439 2559 5508 ἑξῆς
2603 5440 2930 5509 θεαρέστως,
2979 5441 3114 5493 ἀλλὰ
3154 5443 3249 5492 καὶ
3293 5439 3616 5505 τυγχάνομεν
3661 5420 3745 5509 τῆξ

2210 5531 2478 5599 ἀφέσεως,
2519 5505 2940 5600 παραμένοντες
2992 5531 3121 5600 ἄχρι
3166 5530 3350 5592 τέλους
3402 5519 3616 5579 ἐνταῦθα
3659 5505 3741 5562 καὶ

2214 5621 2432 5692 θερμῶς
2490 5623 2854 5684 ἱκετεύοντεςο
2902 5639 2921 5672 ι
2990 5623 3390 5693 Ἐπιστράφητε
3435 5617 3557 5685 γὰρ,
3607 5600 3734 5698 φθ-ἷὶν

2213 5691 2350 5785 πρὸς
2384 5731 2474 5784 με,
2500 5717 2592 5766 καὶ
2626 5715 3110 5784 ὲπεστρχφήτομαι
3138 5691 3270 5786 πρὸς
3296 5712 3452 5784 ὑμᾶς,
3489 5703 3621 5770 λέγει
3643 5691 3736 5747 Κύ·
