4014 6478
215 419 319 475 457

1530 410 1633 470 ΗΟ
1643 411 1688 468 Μ
1704 407 1860 467 ΙίῐλίΛ
1893 407 1940 466 Χ
1953 407 1995 465 Χ
2008 406 2161 466 XVI.

215 549 355 599 ριος,
393 529 485 581 καὶ
531 529 639 582 τῶν
669 530 908 600 ἀνομιῶν
944 531 1098 600 ὑμῶν
1140 529 1200 583 οὐ
1256 531 1330 600 μὴ
1385 530 1606 600 μνησθῶ
1641 529 1740 582 ἔτι.
1773 547 1790 578 ι

1916 525 2105 578 Deinde
2135 539 2163 578 e
2194 524 2392 594 templo
2423 523 2654 592 egressi,
2686 532 2740 578 et
2783 522 2848 575 iis
2881 521 3100 589 quinos
3137 519 3488 574 offenderunt

214 621 354 677 Εἶτα
404 623 495 675 τοῦ
557 624 684 675 ναοῦ
745 623 1120 694 ἐξερχόμενοί,
1189 628 1284 676 καὶ
1352 625 1466 686 τοῖς
1517 624 1596 685 είς
1651 623 1798 690 ἡμᾶς

207 715 532 768 ἐπταικόσιν
562 716 996 784 ἐντυγχάνοντες,
1047 715 1481 779 προσπίπτουσιν
1515 714 1662 766 ἔστιν
1712 716 1799 766 ὅτε

209 813 308 861 καὶ
341 808 640 877 δεομένοις,
674 808 860 877 βαρεῖς
891 808 1078 870 αὐτοῖς
1109 810 1273 876 ἐσμεν
1304 808 1398 858 καὶ
1431 805 1674 874 ἀνηλεεῖς
1705 806 1800 857 καὶ

207 899 551 968 ἀμείλικτοι,
586 900 678 950 καὶ
705 898 876 952 ταῦτα
904 899 1035 968 μηδὲ
1071 899 1330 968 δηναρίου
1359 898 1534 965 λόγων
1569 899 1798 966 ἐχόντων

206 989 323 1041 τῶν
357 988 497 1056 πρὸς
537 987 684 1055 ἡμᾶς
724 987 945 1038 ἐκείνων
983 987 1340 1058 πταισμάτων
1369 988 1522 1057 πρὸςῖ
1552 987 1619 1038 τα
1663 985 1802 1054 ἠμέ-

209 1094 348 1146 τερα
377 1078 515 1145 πρὸς
547 1081 638 1128 τὶν
671 1077 802 1130 Θεὸν
828 1077 1170 1141 ταλαντιαῖα,
1199 1077 1399 1142 μᾶλλον
1425 1078 1482 1130 δὲ
1513 1077 1604 1129 καὶ
1638 1077 1800 1128 πολυ-

207 1171 460 1222 τάλαντα
493 1168 645 1222 ὄντα.
683 1168 784 1221 Διά
812 1169 968 1221 τοῦτο
1004 1171 1030 1221 ὀ
1059 1169 1425 1240 συμπαθήσας
1461 1170 1592 1238 ἡμῖν
1629 1184 1800 1236 μετα-

208 1261 444 1329 νοήσασι
477 1259 680 1328 Κύριος
711 1260 804 1312 καὶ
833 1260 901 1312 τὰ
924 1260 1160 1312 τοσαῦτα
1203 1259 1384 1328 ἀφεὶς,
1422 1259 1543 1312 ἰδὼν
1571 1259 1632 1310 τὸ
1663 1260 1800 1327 πρὸς

209 1354 341 1413 τοὺς
367 1351 678 1418 ὁμοφύλους
708 1352 1030 1420 ἀσυμπαθὲς
1058 1351 1214 1421 ἡμῶν
1242 1353 1337 1404 καὶ
1385 1351 1685 1416 ἀνένδοτον,
1711 1351 1804 1422 ὀρ-

210 1442 434 1509 γίζεται
475 1441 598 1494 καθ’
641 1443 799 1512 ἡμῶν
836 1443 1082 1507 δικαίως,
1121 1443 1216 1496 καὶ
1247 1444 1615 1515 παραδίδωσιν
1653 1445 1800 1512 ἡμᾶς

210 1534 334 1592 ταῖς
368 1531 717 1595 ἀνυποίστοις
750 1531 1027 1600 βασάνοις,
1064 1536 1178 1597 τοῖς
1224 1551 1283 1584 τε
1322 1535 1556 1587 ἐνταῦθα
1610 1551 1802 1605 πειρα-

215 1625 404 1689 σμοῖς,
440 1623 534 1674 καὶ
576 1626 698 1685 ταῖς
746 1623 1069 1692 μελλούσαις
1109 1626 1488 1696 ἀτελευτήτοις
1521 1626 1798 1689 κολάσεσι,

214 1714 341 1766 κατ’
395 1714 558 1766 αὐτὸν
607 1715 843 1768 ἐνταῦθα
889 1715 981 1767 τὸν
1014 1718 1113 1786 τῆς
1142 1717 1546 1787 αὐτοαληθείας
1602 1719 1797 1784 λόγον’

219 1824 241 1854 1
277 1805 436 1856 Οὖτω
470 1806 600 1874 γὰρ,
646 1807 832 1872 φησὶν,
867 1806 960 1857 καὶ
987 1809 1014 1859 ὀ
1043 1808 1235 1876 Πατήρ
1270 1827 1370 1877 μου
1411 1809 1439 1860 ὀ
1479 1809 1802 1878 ἐπουράνιος

1903 626 2277 678 occurrentes,
2332 616 2436 670 etsi
2496 616 2848 682 precidcutcs
2911 615 3217 674 obsccrent,
3270 611 3390 663 duri
3433 617 3488 664 et

1905 709 2022 762 sine
2053 707 2424 762 misericordia
2450 716 2502 760 et
2526 707 2809 760 inhumani
2839 721 2935 759 eos
2961 707 3333 772 illCI‘t'pﬂillllS,
3364 703 3489 757 licet

1904 816 2092 853 eorum
2135 801 2202 854 ad
2241 815 2340 852 nos
2378 800 2559 852 debila
2601 815 2666 852 nc
2697 799 2906 852 dcnarii
2950 798 3170 867 quidem
3212 797 3487 851 rationem

1907 893 2144 946 habeant
2175 892 2217 946 si
2249 900 2640 960 comparentur
2669 906 2792 944 Cum
2849 892 3050 944 nostris
3085 891 3151 943 ad
3189 891 3353 965 Deum
3393 891 3489 941 de-

1907 983 2032 1036 bitis
2056 983 2256 1036 talento
2287 999 2383 1037 seu
2415 983 2596 1050 potius
2631 982 2815 1038 multis
2853 982 3070 1035 talentis
3106 981 3490 1050 mqnivalenti-

1907 1076 2030 1129 bus.
2065 1076 2190 1128 ideo
2225 1075 2317 1144 qui
2348 1076 2522 1129 nostri
2557 1074 2941 1143 pmnitentium
2978 1075 3236 1128 misertus
3265 1083 3348 1127 cst
3381 1072 3487 1125 Do-

1907 1169 2089 1222 minus
2114 1176 2340 1221 ettanta
2372 1167 2600 1232 dimisit,
2635 1167 2830 1221 videns
2861 1181 2960 1221 nos
2986 1183 3114 1234 erga
3154 1167 3352 1221 fratres
3387 1168 3491 1220 fer-

1907 1273 2030 1312 reos
2058 1269 2112 1312 et
2145 1259 2539 1322 inexorabiles,
2577 1259 2700 1328 jure
2740 1259 3005 1312 adversus
3051 1273 3152 1312 nos
3207 1259 3489 1317 irascitur,

1906 1363 2117 1416 nosque
2141 1350 2307 1403 tradit
2333 1348 2625 1418 suppliciis
2657 1348 3124 1412 intolerabilibus,
3153 1347 3241 1400 liic
3267 1347 3491 1416 quidem

1909 1441 2301 1496 tentationibus
2329 1448 2383 1495 et
2428 1440 2628 1494 futuris
2671 1439 2999 1512 perennibus
3053 1439 3255 1508 poenis,
3293 1453 3492 1491 secun—

1907 1536 2036 1588 dum
2082 1534 2214 1588 illud
2257 1533 2428 1601 ipsius
2478 1533 2728 1587 veritatis
2764 1532 3040 1586 verbum:
3082 1550 3101 1582 ι
3147 1531 3253 1594 Sic,
3294 1531 3492 1600 inquit,

1907 1633 1956 1678 et
1984 1624 2143 1678 Pater
2169 1640 2327 1679 meus
2347 1619 2606 1700 “coelestis
2639 1624 2804 1678 faciet
2841 1624 3024 1687 vobis,
3058 1624 3100 1677 si
3127 1639 3237 1677 non
3265 1623 3490 1677 remise-

1909 1714 2027 1768 ritis
2055 1714 2437 1783 unusquisque
2467 1713 2622 1768 fratri
2670 1729 2769 1768 suo
2799 1713 2866 1767 de
2909 1713 3171 1768 cordibus
3208 1713 3430 1766 vestris.
3473 1729 3491 1761 ι

1911 1805 2065 1872 Quod
2087 1805 2272 1877 adhuc
2302 1815 2383 1860 est
2415 1804 2710 1859 immanius
2735 1844 2748 1857 .
2773 1803 2974 1858 sinceri
3008 1803 3151 1858 servi
3181 1802 3298 1866 Dei,
3333 1801 3385 1855 id
3411 1811 3500 1855 est

216 1902 440 1967 ποιήσει
470 1898 618 1966 ὑμῖν,
653 1898 749 1950 ἐάν
777 1899 850 1969 μὴ
882 1898 1056 1966 ἀφῆτε
1086 1899 1317 1961 ἕκαστος
1347 1901 1424 1968 τῷ
1460 1899 1676 1970 ἀδελφῷ
1705 1901 1801 1952 αύο

1916 1899 2086 1954 sancti
2106 1908 2216 1951 tam
2254 1897 2431 1967 angeli
2459 1913 2620 1966 quam
2651 1895 2904 1952 homines
2939 1911 3079 1966 quos
3115 1896 3203 1951 hic
3233 1905 3495 1965 rogantes

217 1989 458 2052 toﬁd‘trb
487 1992 596 2042 τῶν
629 1990 862 2059 καρδιῶν
895 1991 1068 2062 ὑμῶν.
1109 2011 1126 2043 ι
1163 1991 1236 2043 Τὸ
1264 1991 1308 2044 δ’
1338 1991 1418 2045 ἔτι
1459 1993 1759 2064 δεινότερον
1784 2037 1800 2062 ,

216 2085 301 2135 ὅτι
335 2084 432 2135 καὶ
469 2084 594 2146 τοὺς
622 2082 790 2145 ὅντως
826 2082 917 2136 τοῦ
958 2084 1095 2136 Θεοῦ
1124 2084 1362 2150 δούλους,
1395 2087 1642 2155 δηλονότι
1676 2089 1804 2152 τοὺς

218 2175 410 2241 ἁγίους
439 2175 703 2240 ἀγγέλους
755 2193 814 2226 τε
863 2177 956 2229 καὶ
987 2177 1334 2247 ἀνθρώπους,
1384 2178 1478 2243 οὓς
1508 2181 1804 2250 ἐλπίζομεν

219 2261 562 2323 ἱκετεύοντες
580 2262 847 2324 ἐντεῦθεν,
868 2263 1210 2334 πρεσϐευτὰς
1420 2269 1562 2334 ἕξειν
1581 2271 1694 2323 ἐκεῖ
1711 2271 1809 2324 καὶ

230 2351 462 2420 μεσίτας
491 2352 626 2424 πρὸς
656 2353 810 2419 Θεὸν,
835 2354 958 2406 καθ’
986 2355 1166 2424 ἡμῶν,
1195 2359 1294 2426 φεῦ
1323 2361 1334 2412 1
1374 2361 1679 2430 εὑρήσομεν
1718 2365 1810 2417 τὸν

221 2441 354 2493 Θεὸν
401 2443 824 2511 παροξύνοντας,
861 2445 953 2498 ἐὰν
1000 2446 1074 2518 μὴ
1120 2448 1354 2501 ἐνταῦθα
1389 2453 1502 2513 τοῖς
1549 2455 1628 2513 είς
1661 2455 1809 2524 ἡμᾶς

224 2531 490 2584 πταίσασι
535 2533 842 2602 συμπαθεῖς
871 2536 1170 2606 φανῶμεν·
1203 2539 1356 2592 αὐτοὶ
1403 2542 1512 2611 γάρ
1546 2544 1703 2608 εἰσιν,
1734 2545 1810 2608 ὡς

225 2623 484 2692 ἀνωτέρω
513 2626 939 2696 μεμαθήκαμεν,
976 2630 1025 2681 oi
1058 2630 1136 2701 τῷ
1169 2631 1360 2703 Κυρίῳ
1395 2636 1536 2702 μετὰ
1573 2636 1810 2706 σφοδρᾶς

224 2713 401 2782 λύπης
457 2719 959 2786 προσαγγέλλοντες
995 2720 1056 2774 τὸ
1098 2723 1333 2794 σκληρὸν
1378 2726 1473 2778 καὶ
1522 2729 1805 2782 ἀνένδοτον

228 2807 324 2874 τῆς
355 2809 637 2878 ἡμετέρας
659 2810 904 2881 γνώμης.
928 2814 1126 2878 Καλῶς
1149 2816 1204 2868 δὲ
1234 2817 1342 2888 ἄρα
1373 2820 1470 2872 καὶ
1501 2819 1598 2891 τὴν
1633 2822 1806 2894 ἀρχὴν

228 2897 506 2967 ἐλέγομεν,
535 2901 623 2952 τὸν
666 2902 861 2956 ἑαυτοῦ
904 2905 1123 2975 Πατέρα
1161 2902 1398 2974 εἷναι,ὃν
1444 2909 1522 2968 ὡς
1577 2911 1803 2980 βασιλέα

1912 2005 2200 2058 speramus
2231 1989 2629 2044 intercessores
2658 1988 2729 2042 ibi
2759 1989 2960 2042 habere
2986 1995 3038 2042 et
3068 1987 3402 2041 mediatores
3426 1988 3496 2039 ad

1915 2081 2107 2146 Deum,
2138 2091 2326 2136 contra
2353 2098 2476 2146 nos,
2507 2082 2610 2135 beu
2637 2082 2649 2134 ι
2684 2080 3029 2135 inveniemus
3058 2079 3230 2133 Deum
3259 2080 3324 2145 ad
3355 2078 3501 2132 iram.

1915 2174 2313 2238 concitaturos,
2345 2174 2453 2229 nisi
2487 2173 2577 2228 hic
2604 2173 2670 2227 iis
2711 2173 2806 2242 qui
2834 2187 2934 2227 nos
2971 2171 3321 2227 offenderunt
3349 2185 3497 2226 com-

1915 2267 2323 2320 miserationem
2365 2267 2742 2320 exbibeamus.
2780 2265 2888 2332 Ipsi
2922 2264 3067 2317 enim
3101 2273 3253 2327 sunt,
3289 2273 3346 2334 ut
3398 2278 3494 2317 su-

1912 2374 2009 2428 pra
2033 2359 2348 2423 didicimus,
2380 2359 2472 2427 qui
2502 2359 2734 2413 Domino
2757 2373 2878 2412 cum
2921 2358 3231 2412 vehementi
3271 2357 3498 2412 tristitia

1913 2453 2242 2505 annuntiant
2263 2459 2508 2504 nostram
2535 2450 2932 2504 inexorabilem
2954 2459 3008 2504 et
3026 2452 3277 2505 acerbam
3302 2450 3498 2519 agendi

1917 2543 2208 2596 rationem.
2251 2541 2418 2596 Recte
2455 2543 2620 2612 igitur
2651 2558 2681 2596 a
2713 2541 2984 2610 principio
3030 2543 3348 2596 dicebamus
3394 2533 3501 2596 Pa-

1917 2647 2053 2691 trem
2089 2652 2248 2691 suum
2283 2651 2406 2690 esse
2438 2651 2604 2704 quem
2647 2651 2744 2705 per
2775 2637 3094 2706 parabolam
3131 2645 3189 2690 ut
3225 2652 3410 2707 regem
3445 2647 3501 2690 et

1913 2730 2154 2799 judiccm
2187 2728 2350 2781 modo
2375 2726 2510 2780 dixit
2541 2725 2840 2792 Dominus;
2879 2742 3002 2780 nam
3033 2745 3144 2781 non
3171 2729 3309 2783 dixit
3339 2746 3352 2782 :
3393 2728 3504 2798 Ego

1915 2821 2092 2874 virum
2134 2818 2522 2872 inexorabilem
2573 2819 2782 2872 tradam
2821 2819 3128 2888 suppliciis.
3178 2821 3294 2886 sed,
3343 2819 3505 2876 Pater

1914 2928 2073 2968 meus
2099 2912 2364 2969 .ctelestis.

228 2995 321 3044 καὶ
398 2995 595 3066 κριτὴν
638 2997 870 3052 ἐνταῦθα
918 3000 1004 3054 διὰ
1047 3003 1146 3072 τῆς
1187 3004 1508 3076 παραϐολῆς
1555 3009 1584 3060 ὁ
1638 3008 1845 3082 Κύριός
1897 3025 2093 3082 φησιν’
2141 3010 2201 3062 οὐ
2233 3010 2342 3080 γὰρ
2387 3003 2541 3063 εἶπεν
2589 3008 2844 3075 ἐνταῦθα,
2877 3010 2982 3063 Τὸν
3043 3010 3356 3080 ἀμείλικτον
3395 3011 3506 3079 ἐγὼ

231 3092 540 3162 παραδώσω
586 3095 698 3157 τοῖς
748 3095 1120 3166 βασανισταῖς,
1164 3099 1303 3168 ἀλλ’,
1345 3100 1406 3153 Ὀ
1451 3103 1643 3176 Πατήρ
1692 3125 1795 3176 μου
1838 3111 1867 3161 ὀ
1907 3107 2252 3176 ἐπουράνιος.
2803 3119 2833 3143 ⁸

297 3185 630 3257 Φοδηθῶμεν
653 3188 768 3254 οὖν,
796 3191 1034 3260 ἀδελφοὶ,
1052 3195 1142 3246 τὸν
1175 3197 1479 3265 τηνικαῦτα
1507 3200 1616 3255 τῶν
1641 3203 1812 3271 ἁγίων
1839 3211 1882 3269 C

231 3280 351 3334 καθ’
391 3281 550 3351 ήμῶν
584 3279 777 3352 ζήλονο
833 3285 1112 3355 φρίξωμεν
1164 3289 1261 3359 τὴν
1311 3291 1464 3346 θείαν
1506 3295 1811 3365 ἀπόφασιν·

231 3372 571 3440 αίδεσθῶμεν
614 3374 712 3441 τὴν
747 3377 853 3444 πρὸ
881 3378 1086 3446 ταύτης
1115 3381 1194 3442 είς
1225 3383 1376 3452 ἡμᾶς
1406 3385 1502 3438 τοῦ
1539 3386 1676 3442 Θεοῦ
1711 3407 1816 3459 μα-

233 3464 532 3533 κροθυμίαν
554 3481 570 3495 υ
600 3467 1052 3538 ἀναλογισὼμεθα
1077 3471 1137 3524 τὸ
1157 3474 1390 3542 μέγεθος
1404 3477 1508 3546 τῆς
1535 3482 1814 3553 ἡμετέρας

233 3556 368 3625 πρὸς
416 3556 509 3607 τὸν
561 3556 692 3610 Θεὸν
733 3558 954 3628 ὀρειλῆς
981 3562 1127 3628 ὅσον,
1173 3567 1269 3618 καὶ
1308 3568 1506 3636 ταῦτα,
1558 3573 1695 3642 πρὸς
1745 3577 1812 3630 τὰ

237 3645 555 3714 ὀφειλόμενα
583 3649 712 3717 παρ’
731 3648 932 3720 ἐτέρων
957 3651 1086 3721 ἡμῖν
1111 3658 1560 3728 συγκρινόμενον.
1594 3665 1813 3734 ‹,ΙΙοσά-

242 3737 450 3798 κις,›ί›
501 3738 703 3807 Πέτρος
756 3741 976 3808 ἐρωτῶν
1029 3743 1183 3813 ἔλεγε
1256 3749 1394 3818 πρὸς
1439 3752 1529 3803 τὸν
1583 3753 1813 3823 Κύριον,

257 3830 612 3901 «Ἀμαρτήσει
650 3835 726 3893 είς
775 3834 873 3902 ἐμὲ
919 3835 967 3887 6‘
1001 3837 1231 3906 ἀδελφός
1283 3857 1406 3908 μου,
1479 3847 1572 3896 καὶ
1620 3849 1815 3916 ἀφήσω

245 3919 420 3989 ams;
458 3923 562 3985 ἕως
600 3924 869 3991 ἐπτάκις;
906 3928 1014 3980 Καὶ
1046 3929 1280 3999 ἤκουσεν
1305 3949 1322 3962 ·
1360 3951 1378 3981 ι
1421 3936 1495 3986 Οὐ
1541 3936 1685 4005 λέγω
1733 3956 1816 3992 σοι

239 4012 342 4075 ἕως
371 4013 866 4081 ὲπτάκις,ἀλλ³ἓως
899 4016 1358 4088 ἑϐδομηκοντάκις
1379 4023 1518 4078 ἑπτά
1541 4039 1554 4054 ο
1586 4044 1604 4076 ι
1636 4027 1812 4079 καίτοι

237 4104 560 4166 τοσαυτάκις
586 4107 719 4175 πρὸς
747 4108 895 4176 ἡμᾶς
922 4111 1151 4160 πταῖσαι
1173 4109 1262 4162 τὸν
1285 4111 1512 4181 ἀδελφὸν
1545 4115 1652 4167 τῶν
1683 4116 1815 4168 ἀδυ-

237 4199 407 4250 νάτων
446 4199 562 4248 ἐστὶ
595 4198 799 4266 σχεδόν.
845 4200 1033 4267 Ἦμῶν
1066 4201 1122 4252 δὲ
1158 4202 1392 4256 ἑκάστου
1423 4206 1491 4258 τά
1516 4207 1651 4276 πρὸς
1683 4209 1814 4262 Θεὸν

235 4290 555 4358 πταίσματα
597 4291 692 4342 καὶ
754 4291 945 4343 τοῦτον
1009 4282 1332 4365 ύπέρϐαίνει
1382 4297 1474 4350 τὸν
1539 4301 1812 4370 ἀριθμόν*

233 4381 331 4432 κᾶν
367 4381 485 4442 ἐνὸς
515 4383 771 4454 ἐξετάσῃς
799 4383 1049 4452 μέγεθος.
1066 4387 1204 4456 πρὸς
1231 4388 1290 4441 ὄν
1316 4390 1432 4442 ἐστι
1466 4393 1527 4444 τὸ
1563 4397 1814 4462 πταῖσμα

140 4470 144 4472 “
231 4473 587 4540 ἐνθυμηθεὶς,
642 4475 976 4544 ἀσύγκριτον
1035 4479 1294 4548 εὑρήσεις
1339 4482 1476 4552 πρὸς
1524 4487 1591 4538 τὰ
1634 4487 1816 4540 ἐκεῖνα

1988 3203 2183 3275 igitur,
2235 3201 2459 3266 fratres,
2497 3201 2789 3258 timeamus
2829 3216 3148 3258 sanctorum
3183 3212 3373 3259 contra
3405 3219 3506 3262 nos

1919 3296 2404 3367 indignationem;
2463 3310 2835 3364 expaveamus
2873 3296 3112 3350 divinam
3175 3298 3510 3352 condemna-

1921 3392 2164 3456 tionem;
2198 3403 2556 3444 revereamur
2597 3389 2739 3444 hanc
2787 3391 3217 3468 autecedentem.
3246 3388 3340 3443 Dei
3377 3405 3504 3460 erga

1917 3500 2018 3540 nos
2036 3481 2527 3552 longanimitatem;
2554 3480 2856 3550 cogitemus
2883 3487 3088 3548 quanta
3118 3465 3226 3534 sint
3251 3495 3373 3548 qua:
3399 3482 3508 3536 Deo

1918 3577 2203 3640 debemus,
2238 3573 2540 3644 praesertim
2565 3573 2612 3627 si
2645 3572 2746 3626 ista
2777 3588 2896 3624 cum
2925 3570 3125 3626 debitis
3166 3571 3369 3640 quibus
3411 3571 3506 3624 alii

1919 3670 1986 3722 ad
2020 3684 2120 3722 nos
2170 3668 2437 3736 ligantur,
2469 3667 2839 3722 conferamus.
2882 3664 3130 3730 Quoties,
3183 3665 3266 3719 ait
3309 3665 3506 3720 Petrus

1919 3757 2206 3811 Dominum
2233 3757 2598 3824 interrogans,
2621 3755 2871 3825 peccabit
2899 3755 2955 3807 in
2990 3769 3074 3809 me
3113 3755 3284 3810 frater
3322 3770 3502 3818 meus,

1918 3858 1972 3903 et
1997 3848 2268 3901 dimittam
2309 3846 2399 3900 ei?
2438 3860 2611 3914 usque
2643 3843 2892 3913 septies?
2930 3843 2996 3898 Et
3029 3845 3279 3899 audivit:
3313 3863 3332 3896 ι
3385 3845 3504 3900 Non

1919 3941 2042 3994 dico
2073 3939 2171 3993 tibi
2209 3953 2385 4008 usque
2435 3939 2664 4006 septies,
2697 3937 2790 3992 sed
2825 3951 2998 4004 usque
3027 3938 3339 4006 septuagies
3385 3951 3508 4006 sep-

1921 4032 2023 4086 ties
2055 4033 2124 4086 7°.
2172 4050 2191 4082 ι
2228 4031 2400 4085 Porro
2436 4029 2550 4083 fere
2575 4039 2655 4083 est
2695 4029 3034 4098 impossibile
3073 4030 3301 4084 fratrem
3343 4033 3506 4085 toties

1920 4125 1972 4176 in
2000 4138 2100 4176 nos
2127 4137 2380 4192 peccare.
2413 4119 2626 4176 Nostra:
2659 4131 2838 4174 autem
2875 4120 2928 4172 in
2975 4118 3146 4174 Deum
3174 4119 3506 4176 offensiones

1918 4216 2080 4268 etiam
2131 4215 2280 4269 hunc
2333 4229 2621 4268 mrmerum
2667 4223 2951 4281 superant.
3009 4212 3140 4268 Etsi
3190 4216 3503 4283 perpendas

1919 4308 2079 4360 unius
2109 4307 2431 4375 gravitatem
2463 4315 2517 4358 et
2549 4303 2828 4358 mediteris
2866 4303 2994 4372 quis
3027 4304 3098 4357 sit
3127 4319 3290 4371 quem
3327 4303 3506 4358 offen—

1917 4401 2123 4461 dimus.
2160 4400 2364 4452 nullam
2402 4399 2671 4452 rationem
2706 4397 2872 4450 facies
2918 4411 3109 4450 earum
3155 4414 3278 4466 quae
3315 4408 3506 4453 contra

1918 4499 2020 4537 nos
2053 4484 2474 4536 committuntur
2505 4482 2868 4546 offensarum,
2902 4482 3004 4535 etsi
3040 4483 3352 4550 septuagies
3384 4496 3506 4551 sep-

231 4563 434 4626 πάντα,
469 4563 569 4618 κᾶν
593 4565 1054 4635 ἑϐδομηκοντάκις
1085 4569 1224 4623 έπτά
1255 4574 1521 4644 τυγχάνῃ.
1560 4574 1809 4630 Τοσαῦτα

1921 4577 2021 4631 ties
2043 4567 2392 4630 accidissent.
2431 4575 2598 4643 Igitur
2623 4590 2748 4628 Cum
2779 4582 2858 4628 tot
2883 4583 2936 4628 et
2969 4583 3121 4629 tanta
3154 4575 3264 4629 Deo
3300 4575 3507 4632 debeas

235 4657 327 4706 καὶ
360 4653 664 4723 τηλικαῦτα
692 4657 874 4709 τοίνυν
910 4658 1142 4726 ὀφείλων
1165 4660 1242 4729 τῷ
1269 4662 1685 4732 Θεῷτάλαντα,
1720 4669 1816 4722 καὶ

239 4747 626 4817 μακροθυμίαν
681 4750 841 4818 μόνον
893 4752 1163 4820 αἰτήσας,
1226 4756 1288 4808 σὺ
1343 4756 1402 4808 δὲ
1451 4761 1546 4810 καὶ
1601 4761 1814 4813 τελείαν

237 4843 431 4906 ἄφεσιν
467 4841 598 4911 παρ’
630 4841 791 4894 αὑτοῦ
822 4843 1002 4894 λαϐὼν
1041 4843 1135 4896 τοῦ
1170 4845 1504 4915 ὀφλήματος,
1532 4846 1653 4904 εἶτα
1681 4853 1816 4920 πρὸς

238 4936 440 5013 μικρὰν
473 4934 750 5003 ἀργυρίων
786 4937 1038 5005 ὀφειλὴν·
1081 4939 1251 4991 ταῦτα
1300 4942 1409 5010 γάρ
1439 4944 1506 4995 τὰ
1545 4944 1777 5013 δηνάρια
1798 4963 1811 4978 ·

235 5028 384 5096 παρά
420 5027 516 5078 τοῦ
548 5027 850 5093 ὀφείλοντος
879 5030 1166 5083 συνδούλου
1206 5035 1595 5104 μακροθυμίαν
1625 5038 1812 5091 αἰτού-

234 5134 419 5186 μενος,
457 5119 518 5168 οὐ
565 5119 810 5186 παρέξεις
844 5120 1177 5190 προθύμως;
1215 5124 1424 5176 Οὐκοῦν
1457 5127 1814 5202 ἁπαιτηθήσῃ

236 5216 296 5263 τὰ
344 5213 530 5264 πάντα
581 5210 801 5275 δικαίως
833 5229 845 5242 ·
898 5213 1012 5276 πῶς
1063 5216 1172 5285 γὰρ
1221 5219 1280 5269 ού
1327 5219 1536 5271 δίκαιον
1591 5221 1687 5273 καὶ
1718 5222 1816 5292 τὴν

237 5306 530 5374 ἀφαίρεσιν
565 5303 864 5372 ὑποστῆναι
896 5307 1114 5372 πᾶσαν;
1151 5309 1245 5361 καὶ
1282 5310 1380 5380 τῆς
1424 5312 1818 5386 ἀγνωμοσύνης

234 5396 684 5466 προσυποστῆναι
717 5395 814 5464 τὴν
862 5399 1159 5468 καταδίκην
1186 5417 1200 5465 ;
1245 5402 1346 5454 Διά
1377 5404 1534 5456 τοῦτό
1566 5408 1699 5474 φησί
1733 5423 1818 5472 τις

233 5487 338 5540 τῶν
367 5489 695 5554 προφητῶν·
732 5505 749 5536 ι
790 5487 886 5538 ’ον
918 5489 1120 5555 τρόπον
1145 5490 1426 5561 ἐποίησας,
1457 5491 1630 5557 οὕτως
1661 5495 1815 5550 ἔσται

236 5596 316 5632 σοι
337 5597 350 5608 ·
383 5580 444 5632 τὸ
473 5578 829 5646 ἀνταπόδομά
865 5595 958 5630 σου
1004 5579 1502 5653 ἀνταποδοθήσεται
1535 5587 1612 5648 είς
1644 5580 1815 5658 κεφα-

233 5669 326 5743 λήν
361 5689 479 5726 σου.
525 5670 685 5724 Ἀλλὰ
741 5669 815 5738 μὴ
851 5669 941 5720 τὸν
976 5669 1216 5743 ἔλεγχον,
1256 5677 1329 5745 μὴ
1360 5675 1457 5747 τὴν
1508 5667 1812 5752 manu:

299 5831 340 5862 "
382 5829 573 5884 ﬂatth.
609 5844 767 5889 xvrti,
800 5829 889 5883 2'2.
967 5832 1011 5861 ⁸⁸
1047 5832 1178 5886 Abd.
1221 5834 1308 5889 l5.

542 5925 815 5984 ΡΑτιιοι..
851 5927 966 5988 (in.
1007 5927 1128 5985 (ΣΗ

1920 4669 2142 4731 talenta,
2176 4674 2230 4721 et
2263 4667 2434 4721 solam
2465 4669 2794 4736 deprecatus
2843 4669 3194 4737 patientiam,
3233 4671 3506 4740 integram

1919 4763 2091 4816 debiti
2121 4763 2190 4816 ab
2222 4777 2286 4816 eo
2332 4762 2586 4816 obtineas
2610 4763 3016 4826 dimissionem,
3069 4773 3124 4816 tu
3167 4765 3364 4818 deinde
3407 4779 3507 4833 pro

1923 4870 2090 4924 parvo
2128 4870 2481 4908 nummorum
2515 4855 2701 4910 debito
2729 4856 2842 4926 (qui
2897 4872 3024 4910 vere
3068 4867 3198 4912 sunt
3245 4858 3504 4927 denarii),

1923 4965 1952 5002 a
1986 4962 2251 5004 conservo
2291 4948 2538 5002 debitore
2569 4949 2635 5003 de
2675 4949 2936 5018 patientia
2992 4963 3239 5020 rogatus.
3288 4967 3399 5006 non
3444 4954 3511 5006 li-
3547 4981 3552 4987 -

1918 5042 2110 5096 benter
2143 5042 2392 5097 annues?
2416 5041 2585 5098 Secus
2619 5043 2800 5096 omnia
2823 5042 2946 5109 jure
2977 5044 3353 5113 exigerentur;
3382 5061 3507 5099 nam

1919 5148 2104 5188 nonne
2152 5133 2360 5200 justum
2405 5143 2552 5189 esset
2596 5143 2648 5191 te
2676 5136 2935 5190 omnibus
2967 5139 3215 5206 spoliari,
3250 5146 3305 5191 et
3333 5139 3510 5206 culpa:

1921 5222 2106 5277 subire
2137 5223 2585 5279 damnationem?
2637 5224 2759 5281 Ideo
2807 5225 2954 5279 dixit
3007 5242 3150 5281 unus
3209 5229 3508 5296 propheta-

1923 5328 2044 5366 rum
2079 5331 2092 5367 :
2152 5332 2170 5364 ι
2207 5314 2363 5368 Sicut
2405 5314 2610 5383 fecisti,
2645 5316 2718 5370 ita
2763 5318 2858 5370 ﬁet
2907 5319 3042 5384 tibi;
3096 5319 3386 5374 retributio
3416 5331 3510 5374 tua

1926 5413 2279 5460 convertetur
2309 5407 2365 5461 in
2395 5418 2560 5478 caput
2603 5417 2754 5462 tuum
2775 5407 2848 5462 ⁸⁸.
2877 5427 2896 5461 ι
2937 5408 3044 5463 Sed
3079 5424 3190 5463 non
3227 5412 3510 5476 vitupera-

1929 5498 2153 5560 tionem,
2198 5514 2307 5553 non
2352 5499 2516 5563 iram,
2570 5516 2680 5555 non
2731 5502 3056 5556 sententiam
3097 5511 3505 5573 exSpccternus,

1925 5593 2144 5658 fratres,
2175 5595 2270 5649 sed
2321 5595 2637 5662 induamus,
2669 5595 3138 5666 quemadmadnm
3184 5597 3324 5652 dixit
3360 5597 3511 5666 Apo-

1923 5685 2119 5752 stolus,
2152 5686 2360 5741 viscera
2396 5673 2810 5754 misericordiae,
2845 5696 2954 5743 tam
2986 5689 3166 5744 verbis
3199 5703 3362 5758 quam
3414 5705 3510 5745 co-

3062 5941 3133 6000 15
