  <div class='ocr_page' id='page_1' title='image "/cluster/home/n/w/nwhite01/storage/ocr_20150623/151:no.2/coo.31924054870567/239.png"; bbox 0 0 4014 6436; ppageno 0'>
   <div class='ocr_carea' id='block_1_1' title="bbox 430 381 540 444">
    <p class='ocr_par' dir='ltr' id='par_1_1' title="bbox 430 381 540 444">
     <span class='ocr_line' id='line_1_1' title="bbox 430 381 540 444; baseline 0.009 -1"><span class='ocrx_word' id='word_1_1' title='bbox 430 381 540 444; x_wconf 65' lang='grc'><strong>459</strong></span> 
     </span>
    </p>
   </div>
   <div class='ocr_carea' id='block_1_2' title="bbox 1666 369 2447 433">
    <p class='ocr_par' dir='ltr' id='par_1_2' title="bbox 1666 369 2447 433">
     <span class='ocr_line' id='line_1_2' title="bbox 1666 369 2447 433; baseline 0.003 -2"><span class='ocrx_word' id='word_1_2' title='bbox 1666 370 2055 432; x_wconf 80' lang='lat' dir='ltr'><strong>GREGORII</strong></span> <span class='ocrx_word' id='word_1_3' title='bbox 2099 369 2447 433; x_wconf 61' lang='lat' dir='ltr'><strong>PALAMx’E.</strong></span> 
     </span>
    </p>
   </div>
   <div class='ocr_carea' id='block_1_3' title="bbox 3600 378 3705 453">
    <p class='ocr_par' dir='ltr' id='par_1_3' title="bbox 3600 378 3705 453">
     <span class='ocr_line' id='line_1_3' title="bbox 3600 378 3705 453; baseline 0.124 -13"><span class='ocrx_word' id='word_1_4' title='bbox 3600 378 3705 453; x_wconf 55' lang='lat'><strong>5&#39;69</strong></span> 
     </span>
    </p>
   </div>
   <div class='ocr_carea' id='block_1_4' title="bbox 429 478 2003 568">
    <p class='ocr_par' dir='ltr' id='par_1_4' title="bbox 429 485 2003 568">
     <span class='ocr_line' id='line_1_4' title="bbox 429 485 2003 568; baseline -0.006 -19"><span class='ocrx_word' id='word_1_5' title='bbox 429 492 792 568; x_wconf 80' lang='lat' dir='ltr'><strong>gitationibus</strong></span> <span class='ocrx_word' id='word_1_6' title='bbox 819 499 873 547; x_wconf 89' lang='lat' dir='ltr'><strong>et</strong></span> <span class='ocrx_word' id='word_1_7' title='bbox 898 488 1157 559; x_wconf 84' lang='lat' dir='ltr'><strong>operibus</strong></span> <span class='ocrx_word' id='word_1_8' title='bbox 1184 485 1727 550; x_wconf 87' lang='lat' dir='ltr'><strong>commiserationem</strong></span> <span class='ocrx_word' id='word_1_9' title='bbox 1756 485 2003 540; x_wconf 77' lang='lat' dir='ltr'><strong>exhiben-</strong></span> 
     </span>
    </p>
   </div>
   <div class='ocr_carea' id='block_1_5' title="bbox 2112 478 3706 568">
    <p class='ocr_par' dir='ltr' id='par_1_5' title="bbox 2121 478 3706 564">
     <span class='ocr_line' id='line_1_5' title="bbox 2121 478 3706 564; baseline 0.007 -27"><span class='ocrx_word' id='word_1_10' title='bbox 2121 485 2222 556; x_wconf 82' lang='grc' dir='ltr'><strong>τὴν</strong></span> <span class='ocrx_word' id='word_1_11' title='bbox 2257 478 2426 557; x_wconf 76' lang='grc' dir='ltr'>δίκην</span> <span class='ocrx_word' id='word_1_12' title='bbox 2447 486 2855 558; x_wconf 85' lang='grc' dir='ltr'>ἀναμείνωμεν,</span> <span class='ocrx_word' id='word_1_13' title='bbox 2892 487 3136 559; x_wconf 74' lang='grc' dir='ltr'>ἀδελφοὶ,</span> <span class='ocrx_word' id='word_1_14' title='bbox 3183 489 3296 544; x_wconf 86' lang='grc' dir='ltr'>ἀλλ’</span> <span class='ocrx_word' id='word_1_15' title='bbox 3333 490 3706 564; x_wconf 78' lang='grc' dir='ltr'>ὲνδυσωμευα,</span> 
     </span>
    </p>
   </div>
   <div class='ocr_carea' id='block_1_6' title="bbox 430 575 2015 651">
    <p class='ocr_par' dir='ltr' id='par_1_6' title="bbox 430 575 2015 651">
     <span class='ocr_line' id='line_1_6' title="bbox 430 575 2015 651; baseline -0.007 -9"><span class='ocrx_word' id='word_1_16' title='bbox 430 597 511 643; x_wconf 88' lang='lat' dir='ltr'><strong>tes</strong></span> <span class='ocrx_word' id='word_1_17' title='bbox 531 586 601 649; x_wconf 77' lang='grc'>⁸⁸,</span> <span class='ocrx_word' id='word_1_18' title='bbox 628 585 804 640; x_wconf 91' lang='lat' dir='ltr'><strong>simus</strong></span> <span class='ocrx_word' id='word_1_19' title='bbox 825 584 1084 647; x_wconf 79' lang='lat' dir='ltr'><strong>invicem,</strong></span> <span class='ocrx_word' id='word_1_20' title='bbox 1108 589 1267 651; x_wconf 90' lang='lat' dir='ltr'><strong>prout</strong></span> <span class='ocrx_word' id='word_1_21' title='bbox 1296 578 1440 633; x_wconf 87' lang='lat' dir='ltr'><strong>idem</strong></span> <span class='ocrx_word' id='word_1_22' title='bbox 1467 592 1687 632; x_wconf 84' lang='lat' dir='ltr'><strong>rursum</strong></span> <span class='ocrx_word' id='word_1_23' title='bbox 1706 575 1889 639; x_wconf 88' lang='lat' dir='ltr'><strong>docet,</strong></span> <span class='ocrx_word' id='word_1_24' title='bbox 1921 576 2015 631; x_wconf 91' lang='lat' dir='ltr'><strong>be-</strong></span> 
     </span>
    </p>
   </div>
   <div class='ocr_carea' id='block_1_7' title="bbox 431 670 2014 749">
    <p class='ocr_par' dir='ltr' id='par_1_7' title="bbox 431 670 2014 749">
     <span class='ocr_line' id='line_1_7' title="bbox 431 670 2014 749; baseline -0.008 -14"><span class='ocrx_word' id='word_1_25' title='bbox 431 679 605 749; x_wconf 80' lang='lat' dir='ltr'><strong>nigni,</strong></span> <span class='ocrx_word' id='word_1_26' title='bbox 620 676 1023 739; x_wconf 85' lang='lat' dir='ltr'><strong>misericordes,</strong></span> <span class='ocrx_word' id='word_1_27' title='bbox 1044 675 1422 728; x_wconf 82' lang='lat' dir='ltr'><strong>comlonantes</strong></span> <span class='ocrx_word' id='word_1_28' title='bbox 1438 672 1693 736; x_wconf 79' lang='lat' dir='ltr'><strong>invicem,</strong></span> <span class='ocrx_word' id='word_1_29' title='bbox 1712 670 1756 724; x_wconf 88' lang='lat' dir='ltr'><strong>si</strong></span> <span class='ocrx_word' id='word_1_30' title='bbox 1773 671 1898 739; x_wconf 81' lang='lat' dir='ltr'><strong>quis</strong></span> <span class='ocrx_word' id='word_1_31' title='bbox 1918 671 2014 723; x_wconf 73' lang='lat' dir='ltr'><strong>lia-</strong></span> 
     </span>
    </p>
   </div>
   <div class='ocr_carea' id='block_1_8' title="bbox 431 760 2012 839">
    <p class='ocr_par' dir='ltr' id='par_1_8' title="bbox 431 760 2012 839">
     <span class='ocr_line' id='line_1_8' title="bbox 431 760 2012 839; baseline -0.009 -13"><span class='ocrx_word' id='word_1_32' title='bbox 431 775 519 826; x_wconf 68' lang='lat' dir='ltr'><strong>lzet</strong></span> <span class='ocrx_word' id='word_1_33' title='bbox 552 769 754 839; x_wconf 85' lang='lat' dir='ltr'><strong>aliquid</strong></span> <span class='ocrx_word' id='word_1_34' title='bbox 786 769 1051 821; x_wconf 83' lang='lat' dir='ltr'><strong>adversus</strong></span> <span class='ocrx_word' id='word_1_35' title='bbox 1081 762 1494 829; x_wconf 79' lang='lat' dir='ltr'><strong>fratrem,sicut</strong></span> <span class='ocrx_word' id='word_1_36' title='bbox 1519 760 1847 815; x_wconf 82' lang='lat' dir='ltr'><strong>ctChristns</strong></span> <span class='ocrx_word' id='word_1_37' title='bbox 1875 775 2012 815; x_wconf 89' lang='lat' dir='ltr'><strong>con-</strong></span> 
     </span>
    </p>
   </div>
   <div class='ocr_carea' id='block_1_9' title="bbox 427 853 2013 927">
    <p class='ocr_par' dir='ltr' id='par_1_9' title="bbox 427 853 2013 927">
     <span class='ocr_line' id='line_1_9' title="bbox 427 853 2013 927; baseline -0.01 -8"><span class='ocrx_word' id='word_1_38' title='bbox 427 866 651 919; x_wconf 79' lang='lat' dir='ltr'><strong>donavit</strong></span> <span class='ocrx_word' id='word_1_39' title='bbox 687 862 849 915; x_wconf 87' lang='lat' dir='ltr'><strong>nobis</strong></span> <span class='ocrx_word' id='word_1_40' title='bbox 875 878 889 927; x_wconf 92' lang='lat'><strong>;</strong></span> <span class='ocrx_word' id='word_1_41' title='bbox 930 860 1001 912; x_wconf 87' lang='lat' dir='ltr'><strong>ita</strong></span> <span class='ocrx_word' id='word_1_42' title='bbox 1027 861 1172 913; x_wconf 88' lang='lat' dir='ltr'><strong>enim</strong></span> <span class='ocrx_word' id='word_1_43' title='bbox 1209 858 1325 927; x_wconf 84' lang='lat' dir='ltr'><strong>ipsa</strong></span> <span class='ocrx_word' id='word_1_44' title='bbox 1346 856 1548 910; x_wconf 85' lang='lat' dir='ltr'><strong>Christi</strong></span> <span class='ocrx_word' id='word_1_45' title='bbox 1576 855 1746 924; x_wconf 82' lang='lat' dir='ltr'><strong>gratia</strong></span> <span class='ocrx_word' id='word_1_46' title='bbox 1782 853 2013 907; x_wconf 85' lang='lat' dir='ltr'><strong>tirmiter</strong></span> 
     </span>
    </p>
   </div>
   <div class='ocr_carea' id='block_1_10' title="bbox 428 946 2010 1020">
    <p class='ocr_par' dir='ltr' id='par_1_10' title="bbox 428 946 2010 1020">
     <span class='ocr_line' id='line_1_10' title="bbox 428 946 2010 1020; baseline -0.008 -7"><span class='ocrx_word' id='word_1_47' title='bbox 428 959 587 1013; x_wconf 88' lang='lat' dir='ltr'><strong>nobis</strong></span> <span class='ocrx_word' id='word_1_48' title='bbox 613 954 935 1015; x_wconf 70' lang='lat' dir='ltr'><strong>adhrerebit,</strong></span> <span class='ocrx_word' id='word_1_49' title='bbox 966 961 1020 1006; x_wconf 90' lang='lat' dir='ltr'><strong>et</strong></span> <span class='ocrx_word' id='word_1_50' title='bbox 1051 951 1227 1020; x_wconf 80' lang='lat' dir='ltr'><strong>magis</strong></span> <span class='ocrx_word' id='word_1_51' title='bbox 1255 963 1354 1017; x_wconf 93' lang='lat' dir='ltr'><strong>pro</strong></span> <span class='ocrx_word' id='word_1_52' title='bbox 1381 948 1693 1002; x_wconf 88' lang='lat' dir='ltr'><strong>arrhabonc</strong></span> <span class='ocrx_word' id='word_1_53' title='bbox 1721 948 1825 999; x_wconf 89' lang='lat' dir='ltr'><strong>erit</strong></span> <span class='ocrx_word' id='word_1_54' title='bbox 1852 946 2010 1000; x_wconf 87' lang='lat' dir='ltr'><strong>nobis</strong></span> 
     </span>
    </p>
   </div>
   <div class='ocr_carea' id='block_1_11' title="bbox 427 1036 2009 1110">
    <p class='ocr_par' dir='ltr' id='par_1_11' title="bbox 427 1036 2009 1110">
     <span class='ocr_line' id='line_1_11' title="bbox 427 1036 2009 1110; baseline -0.008 -8"><span class='ocrx_word' id='word_1_55' title='bbox 427 1051 493 1103; x_wconf 85' lang='lat' dir='ltr'><strong>ad</strong></span> <span class='ocrx_word' id='word_1_56' title='bbox 534 1048 749 1102; x_wconf 78' lang='lat' dir='ltr'><strong>futuras</strong></span> <span class='ocrx_word' id='word_1_57' title='bbox 780 1042 1083 1098; x_wconf 75' lang='lat' dir='ltr'><strong>inctl’abiles</strong></span> <span class='ocrx_word' id='word_1_58' title='bbox 1113 1041 1535 1110; x_wconf 85' lang='lat' dir='ltr'><strong>promissiones.</strong></span> <span class='ocrx_word' id='word_1_59' title='bbox 1567 1036 1871 1091; x_wconf 85' lang='lat' dir='ltr'><strong>Tantorum</strong></span> <span class='ocrx_word' id='word_1_60' title='bbox 1908 1051 2009 1090; x_wconf 88' lang='lat' dir='ltr'><strong>no-</strong></span> 
     </span>
    </p>
   </div>
   <div class='ocr_carea' id='block_1_12' title="bbox 427 1127 2011 1202">
    <p class='ocr_par' dir='ltr' id='par_1_12' title="bbox 427 1127 2011 1202">
     <span class='ocr_line' id='line_1_12' title="bbox 427 1127 2011 1202; baseline -0.009 -6"><span class='ocrx_word' id='word_1_61' title='bbox 427 1145 511 1196; x_wconf 90' lang='lat' dir='ltr'><strong>bis</strong></span> <span class='ocrx_word' id='word_1_62' title='bbox 542 1141 811 1194; x_wconf 86' lang='lat' dir='ltr'><strong>bonorum</strong></span> <span class='ocrx_word' id='word_1_63' title='bbox 838 1145 1032 1191; x_wconf 89' lang='lat' dir='ltr'><strong>auctor</strong></span> <span class='ocrx_word' id='word_1_64' title='bbox 1054 1133 1158 1186; x_wconf 79' lang='lat' dir='ltr'><strong>erit</strong></span> <span class='ocrx_word' id='word_1_65' title='bbox 1192 1134 1285 1202; x_wconf 91' lang='lat' dir='ltr'><strong>qui</strong></span> <span class='ocrx_word' id='word_1_66' title='bbox 1316 1145 1417 1186; x_wconf 84' lang='lat' dir='ltr'><strong>nos</strong></span> <span class='ocrx_word' id='word_1_67' title='bbox 1448 1128 1702 1193; x_wconf 79' lang='lat' dir='ltr'><strong>offendit,</strong></span> <span class='ocrx_word' id='word_1_68' title='bbox 1740 1128 1784 1182; x_wconf 89' lang='lat' dir='ltr'><strong>si</strong></span> <span class='ocrx_word' id='word_1_69' title='bbox 1823 1127 2011 1181; x_wconf 89' lang='lat' dir='ltr'><strong>volue-</strong></span> 
     </span>
    </p>
   </div>
   <div class='ocr_carea' id='block_1_13' title="bbox 427 1223 2010 1298">
    <p class='ocr_par' dir='ltr' id='par_1_13' title="bbox 427 1223 2010 1298">
     <span class='ocr_line' id='line_1_13' title="bbox 427 1223 2010 1298; baseline -0.008 -12"><span class='ocrx_word' id='word_1_70' title='bbox 427 1235 602 1287; x_wconf 83' lang='lat' dir='ltr'><strong>rimus</strong></span> <span class='ocrx_word' id='word_1_71' title='bbox 628 1250 643 1297; x_wconf 90' lang='lat'><strong>;</strong></span> <span class='ocrx_word' id='word_1_72' title='bbox 673 1242 727 1285; x_wconf 90' lang='lat' dir='ltr'><strong>et</strong></span> <span class='ocrx_word' id='word_1_73' title='bbox 755 1245 881 1284; x_wconf 89' lang='lat' dir='ltr'><strong>eum</strong></span> <span class='ocrx_word' id='word_1_74' title='bbox 914 1244 1013 1298; x_wconf 81' lang='lat' dir='ltr'><strong>ego</strong></span> <span class='ocrx_word' id='word_1_75' title='bbox 1040 1227 1197 1281; x_wconf 89' lang='lat' dir='ltr'><strong>video</strong></span> <span class='ocrx_word' id='word_1_76' title='bbox 1225 1234 1283 1278; x_wconf 90' lang='lat' dir='ltr'><strong>ut</strong></span> <span class='ocrx_word' id='word_1_77' title='bbox 1312 1238 1504 1278; x_wconf 88' lang='lat' dir='ltr'><strong>navem</strong></span> <span class='ocrx_word' id='word_1_78' title='bbox 1549 1223 1829 1276; x_wconf 82' lang='lat' dir='ltr'><strong>mercibus</strong></span> <span class='ocrx_word' id='word_1_79' title='bbox 1870 1236 2010 1276; x_wconf 86' lang='lat' dir='ltr'><strong>onu-</strong></span> 
     </span>
    </p>
   </div>
   <div class='ocr_carea' id='block_1_14' title="bbox 427 1313 2008 1393">
    <p class='ocr_par' dir='ltr' id='par_1_14' title="bbox 427 1313 2008 1393">
     <span class='ocr_line' id='line_1_14' title="bbox 427 1313 2008 1393; baseline -0.008 -14"><span class='ocrx_word' id='word_1_80' title='bbox 427 1336 569 1380; x_wconf 77' lang='grc' dir='ltr'>ειειιη</span> <span class='ocrx_word' id='word_1_81' title='bbox 607 1340 673 1377; x_wconf 85' lang='lat' dir='ltr'><strong>ex</strong></span> <span class='ocrx_word' id='word_1_82' title='bbox 712 1337 820 1393; x_wconf 86' lang='lat' dir='ltr'><strong>qua</strong></span> <span class='ocrx_word' id='word_1_83' title='bbox 858 1320 1019 1374; x_wconf 80' lang='lat' dir='ltr'><strong>facile</strong></span> <span class='ocrx_word' id='word_1_84' title='bbox 1053 1318 1357 1387; x_wconf 81' lang='lat' dir='ltr'><strong>poterimus</strong></span> <span class='ocrx_word' id='word_1_85' title='bbox 1382 1316 1568 1370; x_wconf 91' lang='lat' dir='ltr'><strong>decem</strong></span> <span class='ocrx_word' id='word_1_86' title='bbox 1593 1315 1764 1369; x_wconf 91' lang='lat' dir='ltr'><strong>millia</strong></span> <span class='ocrx_word' id='word_1_87' title='bbox 1796 1313 2008 1368; x_wconf 89' lang='lat' dir='ltr'><strong>solvere</strong></span> 
     </span>
    </p>
   </div>
   <div class='ocr_carea' id='block_1_15' title="bbox 426 1404 2007 1483">
    <p class='ocr_par' dir='ltr' id='par_1_15' title="bbox 426 1404 2007 1483">
     <span class='ocr_line' id='line_1_15' title="bbox 426 1404 2007 1483; baseline -0.008 -11"><span class='ocrx_word' id='word_1_88' title='bbox 426 1421 630 1472; x_wconf 75' lang='lat' dir='ltr'><strong>talenta</strong></span> <span class='ocrx_word' id='word_1_89' title='bbox 662 1417 958 1483; x_wconf 79' lang='lat' dir='ltr'><strong>futuraque</strong></span> <span class='ocrx_word' id='word_1_90' title='bbox 994 1410 1283 1481; x_wconf 75' lang='lat' dir='ltr'><strong>acquirere</strong></span> <span class='ocrx_word' id='word_1_91' title='bbox 1327 1411 1491 1474; x_wconf 85' lang='lat' dir='ltr'><strong>bona,</strong></span> <span class='ocrx_word' id='word_1_92' title='bbox 1525 1415 1580 1462; x_wconf 92' lang='lat' dir='ltr'><strong>et</strong></span> <span class='ocrx_word' id='word_1_93' title='bbox 1622 1406 1775 1460; x_wconf 91' lang='lat' dir='ltr'><strong>illum</strong></span> <span class='ocrx_word' id='word_1_94' title='bbox 1827 1404 1882 1459; x_wconf 83' lang='lat' dir='ltr'><strong>in</strong></span> <span class='ocrx_word' id='word_1_95' title='bbox 1917 1420 2007 1460; x_wconf 85' lang='lat' dir='ltr'><strong>re-</strong></span> 
     </span>
    </p>
   </div>
   <div class='ocr_carea' id='block_1_16' title="bbox 425 1501 2004 1572">
    <p class='ocr_par' dir='ltr' id='par_1_16' title="bbox 425 1501 2004 1572">
     <span class='ocr_line' id='line_1_16' title="bbox 425 1501 2004 1572; baseline -0.009 -6"><span class='ocrx_word' id='word_1_96' title='bbox 425 1516 527 1566; x_wconf 90' lang='lat' dir='ltr'><strong>bus</strong></span> <span class='ocrx_word' id='word_1_97' title='bbox 551 1510 750 1564; x_wconf 83' lang='lat' dir='ltr'><strong>animae</strong></span> <span class='ocrx_word' id='word_1_98' title='bbox 783 1519 966 1562; x_wconf 89' lang='lat' dir='ltr'><strong>mente</strong></span> <span class='ocrx_word' id='word_1_99' title='bbox 998 1506 1108 1558; x_wconf 90' lang='lat' dir='ltr'><strong>tale</strong></span> <span class='ocrx_word' id='word_1_100' title='bbox 1145 1503 1430 1572; x_wconf 90' lang='lat' dir='ltr'><strong>conspicio</strong></span> <span class='ocrx_word' id='word_1_101' title='bbox 1468 1501 1631 1571; x_wconf 81' lang='lat' dir='ltr'><strong>quale</strong></span> <span class='ocrx_word' id='word_1_102' title='bbox 1659 1513 1834 1565; x_wconf 87' lang='lat' dir='ltr'><strong>nuper</strong></span> <span class='ocrx_word' id='word_1_103' title='bbox 1876 1512 2004 1553; x_wconf 88' lang='lat' dir='ltr'><strong>cor-</strong></span> 
     </span>
    </p>
   </div>
   <div class='ocr_carea' id='block_1_17' title="bbox 424 1581 2003 1673">
    <p class='ocr_par' dir='ltr' id='par_1_17' title="bbox 424 1581 2003 1673">
     <span class='ocr_line' id='line_1_17' title="bbox 424 1581 2003 1673; baseline -0.008 -16"><span class='ocrx_word' id='word_1_104' title='bbox 424 1604 609 1673; x_wconf 87' lang='lat' dir='ltr'><strong>poreis</strong></span> <span class='ocrx_word' id='word_1_105' title='bbox 634 1602 811 1656; x_wconf 88' lang='lat' dir='ltr'><strong>oculis</strong></span> <span class='ocrx_word' id='word_1_106' title='bbox 853 1601 908 1654; x_wconf 92' lang='lat' dir='ltr'><strong>in</strong></span> <span class='ocrx_word' id='word_1_107' title='bbox 945 1599 1081 1654; x_wconf 84' lang='lat' dir='ltr'><strong>urbe</strong></span> <span class='ocrx_word' id='word_1_108' title='bbox 1114 1607 1303 1652; x_wconf 87' lang='lat' dir='ltr'><strong>nostra</strong></span> <span class='ocrx_word' id='word_1_109' title='bbox 1336 1594 1750 1663; x_wconf 79' lang='lat' dir='ltr'><strong>conspeximus.</strong></span> <span class='ocrx_word' id='word_1_110' title='bbox 1785 1581 2003 1645; x_wconf 82' lang='lat' dir='ltr'><strong>Invase-</strong></span> 
     </span>
    </p>
   </div>
   <div class='ocr_carea' id='block_1_18' title="bbox 422 1683 2006 1759">
    <p class='ocr_par' dir='ltr' id='par_1_18' title="bbox 422 1683 2006 1759">
     <span class='ocr_line' id='line_1_18' title="bbox 422 1683 2006 1759; baseline -0.008 -9"><span class='ocrx_word' id='word_1_111' title='bbox 422 1706 555 1750; x_wconf 84' lang='lat' dir='ltr'><strong>runt</strong></span> <span class='ocrx_word' id='word_1_112' title='bbox 600 1693 845 1759; x_wconf 81' lang='lat' dir='ltr'><strong>barbari,</strong></span> <span class='ocrx_word' id='word_1_113' title='bbox 907 1692 1387 1746; x_wconf 86' lang='lat' dir='ltr'><strong>circumvenerunt</strong></span> <span class='ocrx_word' id='word_1_114' title='bbox 1435 1686 1648 1750; x_wconf 76' lang='lat' dir='ltr'><strong>urbem,</strong></span> <span class='ocrx_word' id='word_1_115' title='bbox 1698 1683 1847 1739; x_wconf 90' lang='lat' dir='ltr'><strong>omni</strong></span> <span class='ocrx_word' id='word_1_116' title='bbox 1906 1697 2006 1737; x_wconf 88' lang='lat' dir='ltr'><strong>nos</strong></span> 
     </span>
    </p>
   </div>
   <div class='ocr_carea' id='block_1_19' title="bbox 423 1776 2001 1846">
    <p class='ocr_par' dir='ltr' id='par_1_19' title="bbox 423 1776 2001 1846">
     <span class='ocr_line' id='line_1_19' title="bbox 423 1776 2001 1846; baseline -0.011 -2"><span class='ocrx_word' id='word_1_117' title='bbox 423 1794 740 1845; x_wconf 87' lang='lat' dir='ltr'><strong>commeatu</strong></span> <span class='ocrx_word' id='word_1_118' title='bbox 798 1784 1251 1846; x_wconf 88' lang='lat' dir='ltr'><strong>intercluserunt,</strong></span> <span class='ocrx_word' id='word_1_119' title='bbox 1291 1791 1596 1835; x_wconf 81' lang='lat' dir='ltr'><strong>extremum</strong></span> <span class='ocrx_word' id='word_1_120' title='bbox 1640 1776 1802 1830; x_wconf 88' lang='lat' dir='ltr'><strong>nobis</strong></span> <span class='ocrx_word' id='word_1_121' title='bbox 1852 1783 2001 1828; x_wconf 89' lang='lat' dir='ltr'><strong>attu-</strong></span> 
     </span>
    </p>
   </div>
   <div class='ocr_carea' id='block_1_20' title="bbox 422 1866 2000 1948">
    <p class='ocr_par' dir='ltr' id='par_1_20' title="bbox 422 1866 2000 1948">
     <span class='ocr_line' id='line_1_20' title="bbox 422 1866 2000 1948; baseline -0.011 -13"><span class='ocrx_word' id='word_1_122' title='bbox 422 1881 609 1936; x_wconf 88' lang='lat' dir='ltr'><strong>lerunt</strong></span> <span class='ocrx_word' id='word_1_123' title='bbox 657 1877 1000 1948; x_wconf 84' lang='lat' dir='ltr'><strong>periculum,</strong></span> <span class='ocrx_word' id='word_1_124' title='bbox 1058 1883 1245 1945; x_wconf 87' lang='lat' dir='ltr'><strong>utpote</strong></span> <span class='ocrx_word' id='word_1_125' title='bbox 1302 1873 1445 1928; x_wconf 82' lang='lat' dir='ltr'><strong>fame</strong></span> <span class='ocrx_word' id='word_1_126' title='bbox 1495 1869 1686 1924; x_wconf 84' lang='lat' dir='ltr'><strong>urbem</strong></span> <span class='ocrx_word' id='word_1_127' title='bbox 1737 1866 2000 1937; x_wconf 88' lang='lat' dir='ltr'><strong>capturi;</strong></span> 
     </span>
    </p>
   </div>
   <div class='ocr_carea' id='block_1_21' title="bbox 426 1961 2001 2044">
    <p class='ocr_par' dir='ltr' id='par_1_21' title="bbox 426 1961 2001 2044">
     <span class='ocr_line' id='line_1_21' title="bbox 426 1961 2001 2044; baseline -0.01 -16"><span class='ocrx_word' id='word_1_128' title='bbox 426 1974 520 2030; x_wconf 86' lang='lat' dir='ltr'><strong>sed</strong></span> <span class='ocrx_word' id='word_1_129' title='bbox 557 1974 813 2044; x_wconf 83' lang='lat' dir='ltr'><strong>apparuit</strong></span> <span class='ocrx_word' id='word_1_130' title='bbox 848 1981 1177 2037; x_wconf 87' lang='lat' dir='ltr'><strong>nostrasque</strong></span> <span class='ocrx_word' id='word_1_131' title='bbox 1205 1965 1417 2036; x_wconf 88' lang='lat' dir='ltr'><strong>appulit</strong></span> <span class='ocrx_word' id='word_1_132' title='bbox 1442 1979 1572 2019; x_wconf 88' lang='lat' dir='ltr'><strong>oras</strong></span> <span class='ocrx_word' id='word_1_133' title='bbox 1605 1961 1763 2017; x_wconf 89' lang='lat' dir='ltr'><strong>navis</strong></span> <span class='ocrx_word' id='word_1_134' title='bbox 1814 1962 2001 2015; x_wconf 88' lang='lat' dir='ltr'><strong>decem</strong></span> 
     </span>
    </p>
   </div>
   <div class='ocr_carea' id='block_1_22' title="bbox 423 2048 1997 2125">
    <p class='ocr_par' dir='ltr' id='par_1_22' title="bbox 423 2048 1997 2125">
     <span class='ocr_line' id='line_1_22' title="bbox 423 2048 1997 2125; baseline -0.011 -5"><span class='ocrx_word' id='word_1_135' title='bbox 423 2065 668 2120; x_wconf 78' lang='lat' dir='ltr'><strong>millibus</strong></span> <span class='ocrx_word' id='word_1_136' title='bbox 703 2061 975 2117; x_wconf 87' lang='lat' dir='ltr'><strong>mensuris</strong></span> <span class='ocrx_word' id='word_1_137' title='bbox 1013 2060 1177 2114; x_wconf 75' lang='lat' dir='ltr'><strong>tritici</strong></span> <span class='ocrx_word' id='word_1_138' title='bbox 1211 2065 1437 2122; x_wconf 87' lang='lat' dir='ltr'><strong>onusta,</strong></span> <span class='ocrx_word' id='word_1_139' title='bbox 1471 2070 1580 2125; x_wconf 88' lang='lat' dir='ltr'><strong>qua</strong></span> <span class='ocrx_word' id='word_1_140' title='bbox 1623 2053 1825 2109; x_wconf 79' lang='lat' dir='ltr'><strong>frustra</strong></span> <span class='ocrx_word' id='word_1_141' title='bbox 1869 2048 1997 2105; x_wconf 82' lang='lat' dir='ltr'><strong>facti</strong></span> 
     </span>
    </p>
   </div>
   <div class='ocr_carea' id='block_1_23' title="bbox 422 2131 2000 2221">
    <p class='ocr_par' dir='ltr' id='par_1_23' title="bbox 422 2131 2000 2221">
     <span class='ocr_line' id='line_1_23' title="bbox 422 2131 2000 2221; baseline -0.011 -8"><span class='ocrx_word' id='word_1_142' title='bbox 422 2167 555 2213; x_wconf 88' lang='lat' dir='ltr'><strong>sunt</strong></span> <span class='ocrx_word' id='word_1_143' title='bbox 601 2156 966 2211; x_wconf 83' lang='lat' dir='ltr'><strong>barbarorum</strong></span> <span class='ocrx_word' id='word_1_144' title='bbox 1005 2154 1287 2221; x_wconf 85' lang='lat' dir='ltr'><strong>incursus,</strong></span> <span class='ocrx_word' id='word_1_145' title='bbox 1319 2151 1445 2205; x_wconf 60' lang='lat' dir='ltr'><strong>vita;</strong></span> <span class='ocrx_word' id='word_1_146' title='bbox 1484 2131 1793 2203; x_wconf 76' lang='lat' dir='ltr'><strong>necessaria</strong></span> <span class='ocrx_word' id='word_1_147' title='bbox 1828 2159 2000 2214; x_wconf 87' lang='lat' dir='ltr'><strong>parvo</strong></span> 
     </span>
    </p>
   </div>
   <div class='ocr_carea' id='block_1_24' title="bbox 421 2242 2003 2320">
    <p class='ocr_par' dir='ltr' id='par_1_24' title="bbox 421 2242 2003 2320">
     <span class='ocr_line' id='line_1_24' title="bbox 421 2242 2003 2320; baseline -0.009 -17"><span class='ocrx_word' id='word_1_148' title='bbox 421 2251 597 2320; x_wconf 87' lang='lat' dir='ltr'><strong>pretio</strong></span> <span class='ocrx_word' id='word_1_149' title='bbox 632 2248 853 2302; x_wconf 86' lang='lat' dir='ltr'><strong>vendita</strong></span> <span class='ocrx_word' id='word_1_150' title='bbox 883 2256 1033 2311; x_wconf 87' lang='lat' dir='ltr'><strong>sunt,</strong></span> <span class='ocrx_word' id='word_1_151' title='bbox 1064 2253 1120 2300; x_wconf 89' lang='lat' dir='ltr'><strong>et</strong></span> <span class='ocrx_word' id='word_1_152' title='bbox 1139 2244 1297 2299; x_wconf 87' lang='lat' dir='ltr'><strong>nobis</strong></span> <span class='ocrx_word' id='word_1_153' title='bbox 1330 2242 1385 2297; x_wconf 89' lang='lat' dir='ltr'><strong>in</strong></span> <span class='ocrx_word' id='word_1_154' title='bbox 1419 2249 1704 2311; x_wconf 89' lang='lat' dir='ltr'><strong>posterum</strong></span> <span class='ocrx_word' id='word_1_155' title='bbox 1730 2251 2003 2293; x_wconf 82' lang='lat' dir='ltr'><strong>commea-</strong></span> 
     </span>
    </p>
   </div>
   <div class='ocr_carea' id='block_1_25' title="bbox 420 2337 918 2396">
    <p class='ocr_par' dir='ltr' id='par_1_25' title="bbox 420 2337 918 2396">
     <span class='ocr_line' id='line_1_25' title="bbox 420 2337 918 2396; baseline -0.008 0"><span class='ocrx_word' id='word_1_156' title='bbox 420 2350 509 2396; x_wconf 90' lang='lat' dir='ltr'><strong>tus</strong></span> <span class='ocrx_word' id='word_1_157' title='bbox 538 2348 668 2394; x_wconf 87' lang='lat' dir='ltr'><strong>sunt</strong></span> <span class='ocrx_word' id='word_1_158' title='bbox 694 2337 918 2393; x_wconf 84' lang='lat' dir='ltr'><strong>ﬁrmati.</strong></span> 
     </span>
    </p>
   </div>
   <div class='ocr_carea' id='block_1_26' title="bbox 2119 579 3703 657">
    <p class='ocr_par' dir='ltr' id='par_1_26' title="bbox 2119 579 3703 657">
     <span class='ocr_line' id='line_1_26' title="bbox 2119 579 3703 657; baseline 0.006 -26"><span class='ocrx_word' id='word_1_159' title='bbox 2119 579 2374 650; x_wconf 84' lang='grc' dir='ltr'>καθάπερ</span> <span class='ocrx_word' id='word_1_160' title='bbox 2407 581 2434 633; x_wconf 99' lang='lat'><strong>6</strong></span> <span class='ocrx_word' id='word_1_161' title='bbox 2483 579 2809 643; x_wconf 77' lang='grc' dir='ltr'>Ἀπόστολός</span> <span class='ocrx_word' id='word_1_162' title='bbox 2844 599 3001 651; x_wconf 87' lang='grc' dir='ltr'>φησι,</span> <span class='ocrx_word' id='word_1_163' title='bbox 3041 582 3331 654; x_wconf 85' lang='grc' dir='ltr'>σπλάγχνα</span> <span class='ocrx_word' id='word_1_164' title='bbox 3368 586 3703 657; x_wconf 78' lang='grc' dir='ltr'>οἰκτιρμῶν,</span> 
     </span>
    </p>
   </div>
   <div class='ocr_carea' id='block_1_27' title="bbox 2116 668 3705 746">
    <p class='ocr_par' dir='ltr' id='par_1_27' title="bbox 2116 668 3705 746">
     <span class='ocr_line' id='line_1_27' title="bbox 2116 668 3705 746; baseline 0.006 -24"><span class='ocrx_word' id='word_1_165' title='bbox 2116 669 2213 722; x_wconf 71' lang='grc' dir='ltr'><strong>καὶ</strong></span> <span class='ocrx_word' id='word_1_166' title='bbox 2240 668 2427 737; x_wconf 79' lang='grc' dir='ltr'>λόγοις</span> <span class='ocrx_word' id='word_1_167' title='bbox 2441 672 2537 723; x_wconf 74' lang='grc' dir='ltr'>καὶ</span> <span class='ocrx_word' id='word_1_168' title='bbox 2550 670 2831 741; x_wconf 81' lang='grc' dir='ltr'><strong>λογισμοῖς</strong></span> <span class='ocrx_word' id='word_1_169' title='bbox 2854 673 2951 726; x_wconf 69' lang='grc' dir='ltr'>καὶ</span> <span class='ocrx_word' id='word_1_170' title='bbox 2971 674 3207 744; x_wconf 74' lang='grc' dir='ltr'>πράξεσι</span> <span class='ocrx_word' id='word_1_171' title='bbox 3239 676 3338 746; x_wconf 76' lang='grc' dir='ltr'>τὴν</span> <span class='ocrx_word' id='word_1_172' title='bbox 3356 677 3705 746; x_wconf 78' lang='grc' dir='ltr'><strong>συμπάθειαν</strong></span> 
     </span>
    </p>
   </div>
   <div class='ocr_carea' id='block_1_28' title="bbox 2115 764 3706 836">
    <p class='ocr_par' dir='ltr' id='par_1_28' title="bbox 2115 764 3706 836">
     <span class='ocr_line' id='line_1_28' title="bbox 2115 764 3706 836; baseline 0.006 -20"><span class='ocrx_word' id='word_1_173' title='bbox 2115 764 2538 830; x_wconf 78' lang='grc' dir='ltr'>ἐνδεικνύμενοι,</span> <span class='ocrx_word' id='word_1_174' title='bbox 2576 764 2870 834; x_wconf 82' lang='grc' dir='ltr'>γενώμεθα</span> <span class='ocrx_word' id='word_1_175' title='bbox 2897 768 2981 829; x_wconf 86' lang='grc' dir='ltr'><strong>είς</strong></span> <span class='ocrx_word' id='word_1_176' title='bbox 3006 767 3292 836; x_wconf 76' lang='grc' dir='ltr'><strong>ἀλλήλους,</strong></span> <span class='ocrx_word' id='word_1_177' title='bbox 3318 768 3501 832; x_wconf 87' lang='grc' dir='ltr'>καθὼς</span> <span class='ocrx_word' id='word_1_178' title='bbox 3538 772 3706 826; x_wconf 82' lang='grc' dir='ltr'>πάλιν</span> 
     </span>
    </p>
   </div>
   <div class='ocr_carea' id='block_1_29' title="bbox 2113 854 3704 931">
    <p class='ocr_par' dir='ltr' id='par_1_29' title="bbox 2113 854 3704 931">
     <span class='ocr_line' id='line_1_29' title="bbox 2113 854 3704 931; baseline 0.005 -24"><span class='ocrx_word' id='word_1_179' title='bbox 2113 857 2141 907; x_wconf 91' lang='lat'><strong>6</strong></span> <span class='ocrx_word' id='word_1_180' title='bbox 2160 854 2322 917; x_wconf 79' lang='grc' dir='ltr'>αὐτὸς</span> <span class='ocrx_word' id='word_1_181' title='bbox 2350 854 2616 916; x_wconf 75' lang='grc' dir='ltr'><strong>διδάσκει,</strong></span> <span class='ocrx_word' id='word_1_182' title='bbox 2644 858 2897 927; x_wconf 70' lang='grc' dir='ltr'>χρηστοὶ,</span> <span class='ocrx_word' id='word_1_183' title='bbox 2927 856 3321 929; x_wconf 77' lang='grc' dir='ltr'>εὖσπλαγχνοι,</span> <span class='ocrx_word' id='word_1_184' title='bbox 3351 860 3704 931; x_wconf 75' lang='grc' dir='ltr'><strong>χαριζόμενοι</strong></span> 
     </span>
    </p>
   </div>
   <div class='ocr_carea' id='block_1_30' title="bbox 2113 944 3706 1023">
    <p class='ocr_par' dir='ltr' id='par_1_30' title="bbox 2113 944 3706 1023">
     <span class='ocr_line' id='line_1_30' title="bbox 2113 944 3706 1023; baseline 0.007 -28"><span class='ocrx_word' id='word_1_185' title='bbox 2113 944 2367 1014; x_wconf 78' lang='grc' dir='ltr'>ἀλλήλοις</span> <span class='ocrx_word' id='word_1_186' title='bbox 2412 947 2578 1010; x_wconf 76' lang='grc' dir='ltr'>εἴτις</span> <span class='ocrx_word' id='word_1_187' title='bbox 2615 947 2754 1016; x_wconf 81' lang='grc' dir='ltr'>πρός</span> <span class='ocrx_word' id='word_1_188' title='bbox 2801 964 2925 1001; x_wconf 83' lang='grc' dir='ltr'>τινα</span> <span class='ocrx_word' id='word_1_189' title='bbox 2969 949 3083 1020; x_wconf 81' lang='grc' dir='ltr'>ἔχει</span> <span class='ocrx_word' id='word_1_190' title='bbox 3140 949 3389 1023; x_wconf 80' lang='grc' dir='ltr'>μομφὴν,</span> <span class='ocrx_word' id='word_1_191' title='bbox 3436 950 3510 1011; x_wconf 77' lang='grc' dir='ltr'>ὡς</span> <span class='ocrx_word' id='word_1_192' title='bbox 3541 954 3637 1006; x_wconf 72' lang='grc' dir='ltr'><strong>καὶ</strong></span> <span class='ocrx_word' id='word_1_193' title='bbox 3679 956 3706 1006; x_wconf 92' lang='lat'><strong>6</strong></span> 
     </span>
    </p>
   </div>
   <div class='ocr_carea' id='block_1_31' title="bbox 2112 1038 3799 1116">
    <p class='ocr_par' dir='ltr' id='par_1_31' title="bbox 2112 1038 3799 1116">
     <span class='ocr_line' id='line_1_31' title="bbox 2112 1038 3799 1116; baseline 0.005 -25"><span class='ocrx_word' id='word_1_194' title='bbox 2112 1038 2349 1107; x_wconf 84' lang='grc' dir='ltr'>Χριστὸς</span> <span class='ocrx_word' id='word_1_195' title='bbox 2384 1040 2673 1109; x_wconf 76' lang='grc' dir='ltr'>ἐχαρίσατο</span> <span class='ocrx_word' id='word_1_196' title='bbox 2717 1043 2883 1113; x_wconf 76' lang='grc' dir='ltr'>ἡμῖν’</span> <span class='ocrx_word' id='word_1_197' title='bbox 2919 1041 3064 1096; x_wconf 75' lang='grc' dir='ltr'>οὕτω</span> <span class='ocrx_word' id='word_1_198' title='bbox 3108 1043 3219 1116; x_wconf 83' lang='grc' dir='ltr'>γὰρ</span> <span class='ocrx_word' id='word_1_199' title='bbox 3267 1044 3364 1098; x_wconf 77' lang='grc' dir='ltr'><strong>καὶ</strong></span> <span class='ocrx_word' id='word_1_200' title='bbox 3411 1045 3447 1115; x_wconf 73' lang='grc' dir='ltr'><strong>ἠ</strong></span> <span class='ocrx_word' id='word_1_201' title='bbox 3478 1045 3706 1099; x_wconf 80' lang='grc' dir='ltr'>ἀπὸτοῦ</span> <span class='ocrx_word' id='word_1_202' title='bbox 3780 1072 3799 1087; x_wconf 83' lang='lat'><strong>-</strong></span> 
     </span>
    </p>
   </div>
   <div class='ocr_carea' id='block_1_32' title="bbox 2112 1130 3701 1207">
    <p class='ocr_par' dir='ltr' id='par_1_32' title="bbox 2112 1130 3701 1207">
     <span class='ocr_line' id='line_1_32' title="bbox 2112 1130 3701 1207; baseline 0.005 -24"><span class='ocrx_word' id='word_1_203' title='bbox 2112 1130 2351 1199; x_wconf 82' lang='grc' dir='ltr'><strong>Χριστοῦ</strong></span> <span class='ocrx_word' id='word_1_204' title='bbox 2385 1133 2548 1202; x_wconf 79' lang='grc' dir='ltr'>χάρις</span> <span class='ocrx_word' id='word_1_205' title='bbox 2579 1133 2717 1205; x_wconf 74' lang='grc' dir='ltr'>αὕτη</span> <span class='ocrx_word' id='word_1_206' title='bbox 2754 1135 2990 1204; x_wconf 72' lang='grc' dir='ltr'>βεϐαίως</span> <span class='ocrx_word' id='word_1_207' title='bbox 3025 1137 3162 1207; x_wconf 76' lang='grc' dir='ltr'>ἡμῖν</span> <span class='ocrx_word' id='word_1_208' title='bbox 3194 1137 3523 1207; x_wconf 78' lang='grc' dir='ltr'><strong>προσέσται,</strong></span> <span class='ocrx_word' id='word_1_209' title='bbox 3562 1140 3701 1206; x_wconf 86' lang='grc' dir='ltr'><strong>μᾶλ-</strong></span> 
     </span>
    </p>
   </div>
   <div class='ocr_carea' id='block_1_33' title="bbox 2111 1221 3703 1301">
    <p class='ocr_par' dir='ltr' id='par_1_33' title="bbox 2111 1221 3703 1301">
     <span class='ocr_line' id='line_1_33' title="bbox 2111 1221 3703 1301; baseline 0.008 -27"><span class='ocrx_word' id='word_1_210' title='bbox 2111 1221 2203 1274; x_wconf 83' lang='grc' dir='ltr'>λον</span> <span class='ocrx_word' id='word_1_211' title='bbox 2223 1222 2278 1275; x_wconf 80' lang='grc' dir='ltr'>δὲ</span> <span class='ocrx_word' id='word_1_212' title='bbox 2310 1226 2405 1277; x_wconf 75' lang='grc' dir='ltr'><strong>καὶ</strong></span> <span class='ocrx_word' id='word_1_213' title='bbox 2434 1226 2554 1278; x_wconf 73' lang='grc' dir='ltr'>ἀντὶ</span> <span class='ocrx_word' id='word_1_214' title='bbox 2576 1227 2900 1298; x_wconf 79' lang='grc' dir='ltr'>ἀρραὅῶνος</span> <span class='ocrx_word' id='word_1_215' title='bbox 2927 1229 3083 1282; x_wconf 82' lang='grc' dir='ltr'>ἕσται</span> <span class='ocrx_word' id='word_1_216' title='bbox 3110 1228 3248 1301; x_wconf 82' lang='grc' dir='ltr'>πρὸς</span> <span class='ocrx_word' id='word_1_217' title='bbox 3272 1231 3371 1293; x_wconf 85' lang='grc' dir='ltr'><strong>τάς</strong></span> <span class='ocrx_word' id='word_1_218' title='bbox 3398 1231 3703 1299; x_wconf 77' lang='grc' dir='ltr'>μελλούσας</span> 
     </span>
    </p>
   </div>
   <div class='ocr_carea' id='block_1_34' title="bbox 2112 1315 3700 1397">
    <p class='ocr_par' dir='ltr' id='par_1_34' title="bbox 2112 1315 3700 1397">
     <span class='ocr_line' id='line_1_34' title="bbox 2112 1315 3700 1397; baseline 0.007 -30"><span class='ocrx_word' id='word_1_219' title='bbox 2112 1315 2386 1386; x_wconf 78' lang='grc' dir='ltr'>ἀρρήτους</span> <span class='ocrx_word' id='word_1_220' title='bbox 2411 1320 2765 1388; x_wconf 72' lang='grc' dir='ltr'>ἐπαγγελίας.</span> <span class='ocrx_word' id='word_1_221' title='bbox 2786 1321 3071 1376; x_wconf 82' lang='grc' dir='ltr'>Τοσούτων</span> <span class='ocrx_word' id='word_1_222' title='bbox 3097 1326 3232 1394; x_wconf 77' lang='grc' dir='ltr'>ἡμῖν</span> <span class='ocrx_word' id='word_1_223' title='bbox 3257 1324 3485 1392; x_wconf 81' lang='grc' dir='ltr'>ἀγαθῶν</span> <span class='ocrx_word' id='word_1_224' title='bbox 3500 1325 3700 1397; x_wconf 84' lang='grc' dir='ltr'>πρόξε-</span> 
     </span>
    </p>
   </div>
   <div class='ocr_carea' id='block_1_35' title="bbox 2111 1400 3702 1486">
    <p class='ocr_par' dir='ltr' id='par_1_35' title="bbox 2111 1400 3702 1486">
     <span class='ocr_line' id='line_1_35' title="bbox 2111 1400 3702 1486; baseline 0.008 -28"><span class='ocrx_word' id='word_1_225' title='bbox 2111 1422 2201 1468; x_wconf 83' lang='grc' dir='ltr'><strong>νος</strong></span> <span class='ocrx_word' id='word_1_226' title='bbox 2242 1408 2269 1459; x_wconf 92' lang='lat'><strong>6</strong></span> <span class='ocrx_word' id='word_1_227' title='bbox 2316 1408 2551 1472; x_wconf 80' lang='grc' dir='ltr'><strong>πταίσας</strong></span> <span class='ocrx_word' id='word_1_228' title='bbox 2598 1412 2771 1481; x_wconf 77' lang='grc' dir='ltr'>ἡμᾶς,</span> <span class='ocrx_word' id='word_1_229' title='bbox 2808 1413 2967 1486; x_wconf 84' lang='grc' dir='ltr'>εῖπερ</span> <span class='ocrx_word' id='word_1_230' title='bbox 3012 1400 3290 1482; x_wconf 74' lang='grc' dir='ltr'><strong>ἐθέλομεν,</strong></span> <span class='ocrx_word' id='word_1_231' title='bbox 3344 1415 3578 1483; x_wconf 84' lang='grc' dir='ltr'>γίνεται,</span> <span class='ocrx_word' id='word_1_232' title='bbox 3623 1416 3702 1481; x_wconf 82' lang='grc' dir='ltr'>ὡς</span> 
     </span>
    </p>
   </div>
   <div class='ocr_carea' id='block_1_36' title="bbox 2112 1496 3701 1579">
    <p class='ocr_par' dir='ltr' id='par_1_36' title="bbox 2112 1496 3701 1579">
     <span class='ocr_line' id='line_1_36' title="bbox 2112 1496 3701 1579; baseline 0.008 -30"><span class='ocrx_word' id='word_1_233' title='bbox 2112 1496 2225 1565; x_wconf 76' lang='grc' dir='ltr'><strong>ἐγὼ</strong></span> <span class='ocrx_word' id='word_1_234' title='bbox 2271 1502 2611 1572; x_wconf 84' lang='grc' dir='ltr'>μυριοφόρον</span> <span class='ocrx_word' id='word_1_235' title='bbox 2665 1503 2869 1561; x_wconf 81' lang='grc' dir='ltr'><strong>ὁλκάδα</strong></span> <span class='ocrx_word' id='word_1_236' title='bbox 2909 1507 3102 1559; x_wconf 80' lang='grc' dir='ltr'>τοῦτον</span> <span class='ocrx_word' id='word_1_237' title='bbox 3141 1507 3278 1579; x_wconf 84' lang='grc' dir='ltr'>ὁρῶ,</span> <span class='ocrx_word' id='word_1_238' title='bbox 3327 1508 3436 1560; x_wconf 87' lang='grc' dir='ltr'><strong>τῶν</strong></span> <span class='ocrx_word' id='word_1_239' title='bbox 3488 1510 3701 1579; x_wconf 82' lang='grc' dir='ltr'><strong>μυρίων</strong></span> 
     </span>
    </p>
   </div>
   <div class='ocr_carea' id='block_1_37' title="bbox 2109 1587 3702 1671">
    <p class='ocr_par' dir='ltr' id='par_1_37' title="bbox 2109 1587 3702 1671">
     <span class='ocr_line' id='line_1_37' title="bbox 2109 1587 3702 1671; baseline 0.009 -32"><span class='ocrx_word' id='word_1_240' title='bbox 2109 1587 2267 1657; x_wconf 71' lang='grc' dir='ltr'>ἡμῶν</span> <span class='ocrx_word' id='word_1_241' title='bbox 2294 1588 2576 1646; x_wconf 76' lang='grc' dir='ltr'>ταλάντων</span> <span class='ocrx_word' id='word_1_242' title='bbox 2608 1593 2803 1665; x_wconf 80' lang='grc' dir='ltr'>ἔχοντα</span> <span class='ocrx_word' id='word_1_243' title='bbox 2835 1596 3036 1667; x_wconf 76' lang='grc' dir='ltr'>ῥᾳδίως</span> <span class='ocrx_word' id='word_1_244' title='bbox 3068 1597 3169 1670; x_wconf 79' lang='grc' dir='ltr'><strong>τὴν</strong></span> <span class='ocrx_word' id='word_1_245' title='bbox 3200 1598 3426 1671; x_wconf 78' lang='grc' dir='ltr'><strong>ὀφειλὴν</strong></span> <span class='ocrx_word' id='word_1_246' title='bbox 3454 1599 3702 1654; x_wconf 80' lang='grc' dir='ltr'>ἀποδιδόο</span> 
     </span>
    </p>
   </div>
   <div class='ocr_carea' id='block_1_38' title="bbox 2110 1683 3701 1762">
    <p class='ocr_par' dir='ltr' id='par_1_38' title="bbox 2110 1683 3701 1762">
     <span class='ocr_line' id='line_1_38' title="bbox 2110 1683 3701 1762; baseline 0.009 -31"><span class='ocrx_word' id='word_1_247' title='bbox 2110 1697 2218 1744; x_wconf 90' lang='grc' dir='ltr'>ναι,</span> <span class='ocrx_word' id='word_1_248' title='bbox 2244 1683 2340 1734; x_wconf 76' lang='grc' dir='ltr'>καὶ</span> <span class='ocrx_word' id='word_1_249' title='bbox 2374 1683 2509 1752; x_wconf 67' lang='grc' dir='ltr'>πρὸς</span> <span class='ocrx_word' id='word_1_250' title='bbox 2538 1683 2762 1754; x_wconf 76' lang='grc' dir='ltr'>τὴντῶν</span> <span class='ocrx_word' id='word_1_251' title='bbox 2788 1687 3095 1756; x_wconf 85' lang='grc' dir='ltr'><strong>μελλόντων</strong></span> <span class='ocrx_word' id='word_1_252' title='bbox 3125 1690 3391 1760; x_wconf 81' lang='grc' dir='ltr'>εὐπορίαν</span> <span class='ocrx_word' id='word_1_253' title='bbox 3419 1691 3701 1762; x_wconf 77' lang='grc' dir='ltr'>ἐνεχυριά-</span> 
     </span>
    </p>
   </div>
   <div class='ocr_carea' id='block_1_39' title="bbox 2109 1773 3702 1857">
    <p class='ocr_par' dir='ltr' id='par_1_39' title="bbox 2109 1773 3702 1857">
     <span class='ocr_line' id='line_1_39' title="bbox 2109 1773 3702 1857; baseline 0.008 -32"><span class='ocrx_word' id='word_1_254' title='bbox 2109 1773 2326 1838; x_wconf 85' lang='grc' dir='ltr'>σασθαι,</span> <span class='ocrx_word' id='word_1_255' title='bbox 2365 1779 2460 1831; x_wconf 73' lang='grc' dir='ltr'><strong>καὶ</strong></span> <span class='ocrx_word' id='word_1_256' title='bbox 2492 1779 2737 1833; x_wconf 78' lang='grc' dir='ltr'>τοιοῦτον</span> <span class='ocrx_word' id='word_1_257' title='bbox 2778 1784 2921 1836; x_wconf 85' lang='grc' dir='ltr'><strong>κατά</strong></span> <span class='ocrx_word' id='word_1_258' title='bbox 2948 1783 3081 1836; x_wconf 80' lang='grc' dir='ltr'>νοῦν</span> <span class='ocrx_word' id='word_1_259' title='bbox 3115 1785 3172 1836; x_wconf 82' lang='grc' dir='ltr'><strong>ἐν</strong></span> <span class='ocrx_word' id='word_1_260' title='bbox 3201 1786 3316 1848; x_wconf 87' lang='grc' dir='ltr'>τοῖς</span> <span class='ocrx_word' id='word_1_261' title='bbox 3346 1786 3489 1840; x_wconf 85' lang='grc' dir='ltr'>κατὰ</span> <span class='ocrx_word' id='word_1_262' title='bbox 3519 1784 3702 1857; x_wconf 78' lang='grc' dir='ltr'>ψυχὴν</span> 
     </span>
    </p>
   </div>
   <div class='ocr_carea' id='block_1_40' title="bbox 2113 1862 3701 1948">
    <p class='ocr_par' dir='ltr' id='par_1_40' title="bbox 2113 1862 3701 1948">
     <span class='ocr_line' id='line_1_40' title="bbox 2113 1862 3701 1948; baseline 0.007 -29"><span class='ocrx_word' id='word_1_263' title='bbox 2113 1868 2244 1937; x_wconf 85' lang='grc' dir='ltr'>ὁρῶ,</span> <span class='ocrx_word' id='word_1_264' title='bbox 2289 1862 2401 1922; x_wconf 72' lang='grc' dir='ltr'>οἷον</span> <span class='ocrx_word' id='word_1_265' title='bbox 2447 1872 2692 1935; x_wconf 77' lang='grc' dir='ltr'>καὶτοῖς</span> <span class='ocrx_word' id='word_1_266' title='bbox 2742 1874 3047 1943; x_wconf 74' lang='grc' dir='ltr'><strong>ὀφθαλμοῖς</strong></span> <span class='ocrx_word' id='word_1_267' title='bbox 3086 1878 3146 1931; x_wconf 82' lang='grc' dir='ltr'><strong>ὲν</strong></span> <span class='ocrx_word' id='word_1_268' title='bbox 3194 1880 3307 1942; x_wconf 82' lang='grc' dir='ltr'>τοῖς</span> <span class='ocrx_word' id='word_1_269' title='bbox 3363 1880 3701 1948; x_wconf 79' lang='grc' dir='ltr'>σωματικοῖς</span> 
     </span>
    </p>
   </div>
   <div class='ocr_carea' id='block_1_41' title="bbox 2110 1957 3695 2041">
    <p class='ocr_par' dir='ltr' id='par_1_41' title="bbox 2110 1957 3695 2041">
     <span class='ocr_line' id='line_1_41' title="bbox 2110 1957 3695 2041; baseline 0.007 -31"><span class='ocrx_word' id='word_1_270' title='bbox 2110 1957 2353 2028; x_wconf 82' lang='grc' dir='ltr'>ἑώραται</span> <span class='ocrx_word' id='word_1_271' title='bbox 2377 1961 2485 2032; x_wconf 81' lang='grc' dir='ltr'><strong>πρὸ</strong></span> <span class='ocrx_word' id='word_1_272' title='bbox 2523 1963 2724 2033; x_wconf 83' lang='grc' dir='ltr'>μικροῦ</span> <span class='ocrx_word' id='word_1_273' title='bbox 2750 1966 2893 2018; x_wconf 86' lang='grc' dir='ltr'><strong>κατά</strong></span> <span class='ocrx_word' id='word_1_274' title='bbox 2927 1967 3025 2037; x_wconf 84' lang='grc' dir='ltr'><strong>τὴν</strong></span> <span class='ocrx_word' id='word_1_275' title='bbox 3044 1968 3201 2022; x_wconf 87' lang='grc' dir='ltr'>πόλιν</span> <span class='ocrx_word' id='word_1_276' title='bbox 3234 1969 3462 2039; x_wconf 84' lang='grc' dir='ltr'>ταύτην.</span> <span class='ocrx_word' id='word_1_277' title='bbox 3495 1970 3695 2041; x_wconf 81' lang='grc' dir='ltr'><strong>Ἐπῆλ-</strong></span> 
     </span>
    </p>
   </div>
   <div class='ocr_carea' id='block_1_42' title="bbox 2109 2051 3696 2135">
    <p class='ocr_par' dir='ltr' id='par_1_42' title="bbox 2109 2051 3696 2135">
     <span class='ocr_line' id='line_1_42' title="bbox 2109 2051 3696 2135; baseline 0.008 -31"><span class='ocrx_word' id='word_1_278' title='bbox 2109 2051 2202 2106; x_wconf 89' lang='grc' dir='ltr'><strong>θον</strong></span> <span class='ocrx_word' id='word_1_279' title='bbox 2238 2055 2286 2106; x_wconf 93' lang='grc' dir='ltr'><strong>οί</strong></span> <span class='ocrx_word' id='word_1_280' title='bbox 2319 2054 2608 2124; x_wconf 75' lang='grc' dir='ltr'>βάρϐαροι,</span> <span class='ocrx_word' id='word_1_281' title='bbox 2653 2059 3051 2129; x_wconf 82' lang='grc' dir='ltr'>περιεκάθισαν</span> <span class='ocrx_word' id='word_1_282' title='bbox 3083 2061 3183 2135; x_wconf 80' lang='grc' dir='ltr'><strong>τὴν</strong></span> <span class='ocrx_word' id='word_1_283' title='bbox 3220 2063 3399 2133; x_wconf 86' lang='grc' dir='ltr'>πόλιν,</span> <span class='ocrx_word' id='word_1_284' title='bbox 3436 2064 3696 2130; x_wconf 76' lang='grc' dir='ltr'>ἀπέκλει-</span> 
     </span>
    </p>
   </div>
   <div class='ocr_carea' id='block_1_43' title="bbox 2110 2147 3694 2230">
    <p class='ocr_par' dir='ltr' id='par_1_43' title="bbox 2110 2147 3694 2230">
     <span class='ocr_line' id='line_1_43' title="bbox 2110 2147 3694 2230; baseline 0.008 -29"><span class='ocrx_word' id='word_1_285' title='bbox 2110 2166 2208 2201; x_wconf 86' lang='grc' dir='ltr'><strong>σαν</strong></span> <span class='ocrx_word' id='word_1_286' title='bbox 2241 2150 2389 2219; x_wconf 81' lang='grc' dir='ltr'>ἡμᾶς</span> <span class='ocrx_word' id='word_1_287' title='bbox 2423 2150 2534 2203; x_wconf 86' lang='grc' dir='ltr'><strong>τῶν</strong></span> <span class='ocrx_word' id='word_1_288' title='bbox 2571 2153 2631 2204; x_wconf 85' lang='grc' dir='ltr'>ὲκ</span> <span class='ocrx_word' id='word_1_289' title='bbox 2685 2153 2786 2225; x_wconf 80' lang='grc' dir='ltr'><strong>τῆς</strong></span> <span class='ocrx_word' id='word_1_290' title='bbox 2820 2153 2923 2223; x_wconf 85' lang='grc' dir='ltr'>γῆς</span> <span class='ocrx_word' id='word_1_291' title='bbox 2968 2156 3105 2224; x_wconf 77' lang='grc' dir='ltr'>πρὸς</span> <span class='ocrx_word' id='word_1_292' title='bbox 3149 2157 3208 2208; x_wconf 80' lang='grc' dir='ltr'><strong>τὸ</strong></span> <span class='ocrx_word' id='word_1_293' title='bbox 3258 2147 3358 2230; x_wconf 69' lang='grc' dir='ltr'><strong>ζῇν</strong></span> <span class='ocrx_word' id='word_1_294' title='bbox 3405 2158 3694 2228; x_wconf 79' lang='grc' dir='ltr'>ἀφορμῶν,</span> 
     </span>
    </p>
   </div>
   <div class='ocr_carea' id='block_1_44' title="bbox 2109 2241 3700 2323">
    <p class='ocr_par' dir='ltr' id='par_1_44' title="bbox 2109 2241 3700 2323">
     <span class='ocr_line' id='line_1_44' title="bbox 2109 2241 3700 2323; baseline 0.009 -32"><span class='ocrx_word' id='word_1_295' title='bbox 2109 2241 2433 2310; x_wconf 76' lang='grc' dir='ltr'>ὲπήρτησαν</span> <span class='ocrx_word' id='word_1_296' title='bbox 2486 2244 2620 2313; x_wconf 81' lang='grc' dir='ltr'>ἡμῖν</span> <span class='ocrx_word' id='word_1_297' title='bbox 2653 2246 2747 2296; x_wconf 58' lang='grc' dir='ltr'><strong>τὴν</strong></span> <span class='ocrx_word' id='word_1_298' title='bbox 2793 2245 3023 2315; x_wconf 79' lang='grc' dir='ltr'>ἔσχατον</span> <span class='ocrx_word' id='word_1_299' title='bbox 3063 2247 3334 2312; x_wconf 82' lang='grc' dir='ltr'>κίνδυνον,</span> <span class='ocrx_word' id='word_1_300' title='bbox 3369 2250 3446 2309; x_wconf 80' lang='grc' dir='ltr'>ὡς</span> <span class='ocrx_word' id='word_1_301' title='bbox 3491 2251 3700 2323; x_wconf 77' lang='grc' dir='ltr'>ἀπορίᾳ</span> 
     </span>
    </p>
   </div>
   <div class='ocr_carea' id='block_1_45' title="bbox 2108 2326 3697 2410">
    <p class='ocr_par' dir='ltr' id='par_1_45' title="bbox 2108 2326 3697 2410">
     <span class='ocr_line' id='line_1_45' title="bbox 2108 2326 3697 2410; baseline 0.009 -26"><span class='ocrx_word' id='word_1_302' title='bbox 2108 2332 2218 2384; x_wconf 88' lang='grc' dir='ltr'><strong>τῶν</strong></span> <span class='ocrx_word' id='word_1_303' title='bbox 2251 2333 2567 2402; x_wconf 80' lang='grc' dir='ltr'>ἀναγκαίων</span> <span class='ocrx_word' id='word_1_304' title='bbox 2598 2337 2950 2405; x_wconf 73' lang='grc' dir='ltr'>αἱρήσοντεςο</span> <span class='ocrx_word' id='word_1_305' title='bbox 2987 2340 3106 2393; x_wconf 83' lang='grc' dir='ltr'>ἀλλ’</span> <span class='ocrx_word' id='word_1_306' title='bbox 3123 2326 3461 2409; x_wconf 78' lang='grc' dir='ltr'>ἀναφανεῖσα</span> <span class='ocrx_word' id='word_1_307' title='bbox 3490 2342 3582 2396; x_wconf 82' lang='grc' dir='ltr'>καὶ</span> <span class='ocrx_word' id='word_1_308' title='bbox 3612 2342 3697 2410; x_wconf 78' lang='grc' dir='ltr'><strong>είς</strong></span> 
     </span>
    </p>
   </div>
   <div class='ocr_carea' id='block_1_46' title="bbox 344 2426 3697 2510">
    <p class='ocr_par' dir='ltr' id='par_1_46' title="bbox 344 2426 3697 2510">
     <span class='ocr_line' id='line_1_46' title="bbox 344 2426 3697 2510; baseline 0.006 -36"><span class='ocrx_word' id='word_1_309' title='bbox 344 2464 351 2470; x_wconf 91' lang='grc'>.</span> <span class='ocrx_word' id='word_1_310' title='bbox 418 2436 546 2499; x_wconf 67' lang='grc' dir='ltr'>τοὺς</span> <span class='ocrx_word' id='word_1_311' title='bbox 568 2434 873 2505; x_wconf 68' lang='grc' dir='ltr'>ἡμετέρους</span> <span class='ocrx_word' id='word_1_312' title='bbox 900 2430 1239 2502; x_wconf 83' lang='grc' dir='ltr'>καταχθεῖσα</span> <span class='ocrx_word' id='word_1_313' title='bbox 1263 2428 1491 2499; x_wconf 81' lang='grc' dir='ltr'><strong>λιμένας</strong></span> <span class='ocrx_word' id='word_1_314' title='bbox 1513 2429 1664 2491; x_wconf 87' lang='grc' dir='ltr'>σίτου</span> <span class='ocrx_word' id='word_1_315' title='bbox 1692 2426 2104 2498; x_wconf 83' lang='grc' dir='ltr'>χιλιομέδιμνος</span> <span class='ocrx_word' id='word_1_316' title='bbox 2155 2428 2342 2491; x_wconf 81' lang='grc' dir='ltr'>ὁλκὰς,</span> <span class='ocrx_word' id='word_1_317' title='bbox 2384 2428 2666 2499; x_wconf 78' lang='grc' dir='ltr'>ἄπρακτον</span> <span class='ocrx_word' id='word_1_318' title='bbox 2705 2432 2804 2502; x_wconf 80' lang='grc' dir='ltr'>μὲν</span> <span class='ocrx_word' id='word_1_319' title='bbox 2858 2438 3003 2486; x_wconf 85' lang='grc' dir='ltr'>ποιεῖ</span> <span class='ocrx_word' id='word_1_320' title='bbox 3066 2435 3168 2507; x_wconf 79' lang='grc' dir='ltr'>τὴν</span> <span class='ocrx_word' id='word_1_321' title='bbox 3232 2438 3340 2491; x_wconf 89' lang='grc' dir='ltr'><strong>τῶν</strong></span> <span class='ocrx_word' id='word_1_322' title='bbox 3405 2438 3697 2510; x_wconf 61' lang='grc' dir='ltr'>βαρϐάρων</span> 
     </span>
    </p>
   </div>
   <div class='ocr_carea' id='block_1_47' title="bbox 419 2518 3699 2607">
    <p class='ocr_par' dir='ltr' id='par_1_47' title="bbox 419 2518 3699 2607">
     <span class='ocr_line' id='line_1_47' title="bbox 419 2518 3699 2607; baseline -0.001 -26"><span class='ocrx_word' id='word_1_323' title='bbox 419 2530 710 2598; x_wconf 72' lang='grc' dir='ltr'>ἐπήρειαν,</span> <span class='ocrx_word' id='word_1_324' title='bbox 742 2524 994 2580; x_wconf 80' lang='grc' dir='ltr'>εὕωναδὲ</span> <span class='ocrx_word' id='word_1_325' title='bbox 1019 2524 1091 2578; x_wconf 77' lang='grc' dir='ltr'>τὰ</span> <span class='ocrx_word' id='word_1_326' title='bbox 1111 2524 1386 2591; x_wconf 83' lang='grc' dir='ltr'>ἀναγκαῖα</span> <span class='ocrx_word' id='word_1_327' title='bbox 1413 2521 1759 2594; x_wconf 75' lang='grc' dir='ltr'>καθίστησιν,</span> <span class='ocrx_word' id='word_1_328' title='bbox 1794 2518 2175 2575; x_wconf 76' lang='grc' dir='ltr'>ἐναποτίθεται</span> <span class='ocrx_word' id='word_1_329' title='bbox 2218 2522 2274 2575; x_wconf 82' lang='grc' dir='ltr'><strong>δὲ</strong></span> <span class='ocrx_word' id='word_1_330' title='bbox 2324 2525 2458 2597; x_wconf 74' lang='grc' dir='ltr'>ἡμῖν</span> <span class='ocrx_word' id='word_1_331' title='bbox 2527 2524 2624 2578; x_wconf 73' lang='grc' dir='ltr'>καὶ</span> <span class='ocrx_word' id='word_1_332' title='bbox 2698 2525 2780 2589; x_wconf 87' lang='grc' dir='ltr'><strong>είς</strong></span> <span class='ocrx_word' id='word_1_333' title='bbox 2852 2527 2913 2579; x_wconf 86' lang='grc' dir='ltr'><strong>τὸ</strong></span> <span class='ocrx_word' id='word_1_334' title='bbox 2985 2526 3114 2599; x_wconf 80' lang='grc' dir='ltr'><strong>ὲξῆς</strong></span> <span class='ocrx_word' id='word_1_335' title='bbox 3156 2527 3255 2591; x_wconf 78' lang='grc' dir='ltr'><strong>τάς</strong></span> <span class='ocrx_word' id='word_1_336' title='bbox 3304 2529 3443 2603; x_wconf 79' lang='grc' dir='ltr'>πρὸς</span> <span class='ocrx_word' id='word_1_337' title='bbox 3492 2532 3552 2587; x_wconf 78' lang='grc' dir='ltr'><strong>τὸ</strong></span> <span class='ocrx_word' id='word_1_338' title='bbox 3598 2532 3699 2607; x_wconf 62' lang='grc' dir='ltr'><strong>ζῇν</strong></span> 
     </span>
    </p>
   </div>
   <div class='ocr_carea' id='block_1_48' title="bbox 420 2619 700 2691">
    <p class='ocr_par' dir='ltr' id='par_1_48' title="bbox 420 2619 700 2691">
     <span class='ocr_line' id='line_1_48' title="bbox 420 2619 700 2691; baseline 0.004 -18"><span class='ocrx_word' id='word_1_339' title='bbox 420 2619 700 2691; x_wconf 85' lang='grc' dir='ltr'>ἀφορμάς.</span> 
     </span>
    </p>
   </div>
   <div class='ocr_carea' id='block_1_49' title="bbox 491 2709 2000 2771">
    <p class='ocr_par' dir='ltr' id='par_1_49' title="bbox 491 2709 2000 2771">
     <span class='ocr_line' id='line_1_49' title="bbox 491 2709 2000 2771; baseline -0.005 -2"><span class='ocrx_word' id='word_1_340' title='bbox 491 2714 575 2770; x_wconf 83' lang='lat' dir='ltr'><strong>Ita</strong></span> <span class='ocrx_word' id='word_1_341' title='bbox 618 2713 976 2769; x_wconf 80' lang='lat' dir='ltr'><strong>invisibiliter</strong></span> <span class='ocrx_word' id='word_1_342' title='bbox 1024 2711 1187 2767; x_wconf 79' lang='lat' dir='ltr'><strong>irruit</strong></span> <span class='ocrx_word' id='word_1_343' title='bbox 1232 2711 1288 2766; x_wconf 89' lang='lat' dir='ltr'><strong>in</strong></span> <span class='ocrx_word' id='word_1_344' title='bbox 1324 2718 1500 2771; x_wconf 84' lang='lat' dir='ltr'><strong>totum</strong></span> <span class='ocrx_word' id='word_1_345' title='bbox 1556 2709 2000 2767; x_wconf 82' lang='lat' dir='ltr'><strong>Christianorum</strong></span> 
     </span>
    </p>
   </div>
   <div class='ocr_carea' id='block_1_50' title="bbox 422 2801 2006 2882">
    <p class='ocr_par' dir='ltr' id='par_1_50' title="bbox 422 2801 2006 2882">
     <span class='ocr_line' id='line_1_50' title="bbox 422 2801 2006 2882; baseline -0.008 -17"><span class='ocrx_word' id='word_1_346' title='bbox 422 2824 597 2882; x_wconf 74' lang='lat' dir='ltr'><strong>genus</strong></span> <span class='ocrx_word' id='word_1_347' title='bbox 624 2809 892 2880; x_wconf 87' lang='lat' dir='ltr'><strong>spiritalis</strong></span> <span class='ocrx_word' id='word_1_348' title='bbox 938 2816 993 2863; x_wconf 91' lang='lat' dir='ltr'><strong>et</strong></span> <span class='ocrx_word' id='word_1_349' title='bbox 1024 2805 1274 2862; x_wconf 86' lang='lat' dir='ltr'><strong>barbaris</strong></span> <span class='ocrx_word' id='word_1_350' title='bbox 1319 2804 1576 2859; x_wconf 88' lang='lat' dir='ltr'><strong>omnibus</strong></span> <span class='ocrx_word' id='word_1_351' title='bbox 1611 2801 1852 2857; x_wconf 79' lang='lat' dir='ltr'><strong>ferocior</strong></span> <span class='ocrx_word' id='word_1_352' title='bbox 1898 2801 2006 2854; x_wconf 85' lang='lat' dir='ltr'><strong>ini-</strong></span> 
     </span>
    </p>
   </div>
   <div class='ocr_carea' id='block_1_51' title="bbox 421 2891 2009 2972">
    <p class='ocr_par' dir='ltr' id='par_1_51' title="bbox 421 2891 2009 2972">
     <span class='ocr_line' id='line_1_51' title="bbox 421 2891 2009 2972; baseline -0.008 -14"><span class='ocrx_word' id='word_1_353' title='bbox 421 2904 625 2970; x_wconf 90' lang='lat' dir='ltr'><strong>micus,</strong></span> <span class='ocrx_word' id='word_1_354' title='bbox 675 2901 960 2972; x_wconf 83' lang='lat' dir='ltr'><strong>intercipit</strong></span> <span class='ocrx_word' id='word_1_355' title='bbox 993 2915 1187 2962; x_wconf 84' lang='lat' dir='ltr'><strong>omnes</strong></span> <span class='ocrx_word' id='word_1_356' title='bbox 1240 2897 1437 2965; x_wconf 82' lang='lat' dir='ltr'><strong>animae</strong></span> <span class='ocrx_word' id='word_1_357' title='bbox 1480 2894 1547 2959; x_wconf 90' lang='lat' dir='ltr'><strong>ad</strong></span> <span class='ocrx_word' id='word_1_358' title='bbox 1594 2894 1825 2950; x_wconf 86' lang='lat' dir='ltr'><strong>salutem</strong></span> <span class='ocrx_word' id='word_1_359' title='bbox 1872 2891 2009 2954; x_wconf 78' lang='lat' dir='ltr'><strong>vias,</strong></span> 
     </span>
    </p>
   </div>
   <div class='ocr_carea' id='block_1_52' title="bbox 419 2976 2012 3060">
    <p class='ocr_par' dir='ltr' id='par_1_52' title="bbox 419 2976 2012 3060">
     <span class='ocr_line' id='line_1_52' title="bbox 419 2976 2012 3060; baseline -0.01 -8"><span class='ocrx_word' id='word_1_360' title='bbox 419 2976 569 3052; x_wconf 64' lang='lat' dir='ltr'><strong>fame</strong></span> <span class='ocrx_word' id='word_1_361' title='bbox 605 2999 866 3051; x_wconf 84' lang='lat' dir='ltr'><strong>virtutum</strong></span> <span class='ocrx_word' id='word_1_362' title='bbox 900 2992 1148 3055; x_wconf 88' lang='lat' dir='ltr'><strong>includit,</strong></span> <span class='ocrx_word' id='word_1_363' title='bbox 1181 2999 1236 3046; x_wconf 90' lang='lat' dir='ltr'><strong>et</strong></span> <span class='ocrx_word' id='word_1_364' title='bbox 1277 2988 1437 3060; x_wconf 85' lang='lat' dir='ltr'><strong>quasi</strong></span> <span class='ocrx_word' id='word_1_365' title='bbox 1472 2988 1613 3042; x_wconf 88' lang='lat' dir='ltr'><strong>nihil</strong></span> <span class='ocrx_word' id='word_1_366' title='bbox 1654 2986 1784 3040; x_wconf 92' lang='lat' dir='ltr'><strong>boni</strong></span> <span class='ocrx_word' id='word_1_367' title='bbox 1816 2999 2012 3054; x_wconf 81' lang='lat' dir='ltr'><strong>opera-</strong></span> 
     </span>
    </p>
   </div>
   <div class='ocr_carea' id='block_1_53' title="bbox 420 3072 2002 3158">
    <p class='ocr_par' dir='ltr' id='par_1_53' title="bbox 420 3072 2002 3158">
     <span class='ocr_line' id='line_1_53' title="bbox 420 3072 2002 3158; baseline -0.012 -12"><span class='ocrx_word' id='word_1_368' title='bbox 420 3092 626 3146; x_wconf 85' lang='lat' dir='ltr'><strong>tamin</strong></span> <span class='ocrx_word' id='word_1_369' title='bbox 655 3072 1107 3158; x_wconf 38' lang='lat' dir='ltr'><strong>desperationem.</strong></span> <span class='ocrx_word' id='word_1_370' title='bbox 1137 3083 1334 3155; x_wconf 80' lang='lat' dir='ltr'><strong>injicit,</strong></span> <span class='ocrx_word' id='word_1_371' title='bbox 1380 3081 1528 3135; x_wconf 88' lang='lat' dir='ltr'><strong>velut</strong></span> <span class='ocrx_word' id='word_1_372' title='bbox 1561 3094 1657 3149; x_wconf 91' lang='lat' dir='ltr'><strong>per</strong></span> <span class='ocrx_word' id='word_1_373' title='bbox 1683 3093 1803 3133; x_wconf 85' lang='lat' dir='ltr'><strong>eam</strong></span> <span class='ocrx_word' id='word_1_374' title='bbox 1844 3091 2002 3131; x_wconf 84' lang='lat' dir='ltr'><strong>ever-</strong></span> 
     </span>
    </p>
   </div>
   <div class='ocr_carea' id='block_1_54' title="bbox 420 3174 2001 3248">
    <p class='ocr_par' dir='ltr' id='par_1_54' title="bbox 420 3174 2001 3248">
     <span class='ocr_line' id='line_1_54' title="bbox 420 3174 2001 3248; baseline -0.011 -10"><span class='ocrx_word' id='word_1_375' title='bbox 420 3198 588 3238; x_wconf 83' lang='lat' dir='ltr'><strong>surus</strong></span> <span class='ocrx_word' id='word_1_376' title='bbox 620 3183 767 3237; x_wconf 88' lang='lat' dir='ltr'><strong>illam</strong></span> <span class='ocrx_word' id='word_1_377' title='bbox 803 3189 857 3235; x_wconf 91' lang='lat' dir='ltr'><strong>et</strong></span> <span class='ocrx_word' id='word_1_378' title='bbox 882 3185 1257 3248; x_wconf 88' lang='lat' dir='ltr'><strong>prostraturus</strong></span> <span class='ocrx_word' id='word_1_379' title='bbox 1281 3192 1298 3241; x_wconf 90' lang='lat'><strong>;</strong></span> <span class='ocrx_word' id='word_1_380' title='bbox 1325 3174 1417 3228; x_wconf 89' lang='lat' dir='ltr'><strong>sed</strong></span> <span class='ocrx_word' id='word_1_381' title='bbox 1443 3185 1570 3227; x_wconf 90' lang='lat' dir='ltr'><strong>ecce</strong></span> <span class='ocrx_word' id='word_1_382' title='bbox 1597 3176 1840 3240; x_wconf 85' lang='lat' dir='ltr'><strong>apparet,</strong></span> <span class='ocrx_word' id='word_1_383' title='bbox 1875 3183 2001 3237; x_wconf 89' lang='lat' dir='ltr'><strong>pro-</strong></span> 
     </span>
    </p>
   </div>
   <div class='ocr_carea' id='block_1_55' title="bbox 2176 2707 3691 2788">
    <p class='ocr_par' dir='ltr' id='par_1_55' title="bbox 2176 2707 3691 2788">
     <span class='ocr_line' id='line_1_55' title="bbox 2176 2707 3691 2788; baseline 0.007 -27"><span class='ocrx_word' id='word_1_384' title='bbox 2176 2707 2360 2771; x_wconf 75' lang='grc' dir='ltr'>Οὕτως</span> <span class='ocrx_word' id='word_1_385' title='bbox 2401 2708 2645 2778; x_wconf 72' lang='grc' dir='ltr'>ἀοράτως</span> <span class='ocrx_word' id='word_1_386' title='bbox 2674 2710 2970 2779; x_wconf 75' lang='grc' dir='ltr'>ἐπέρχεται</span> <span class='ocrx_word' id='word_1_387' title='bbox 3001 2713 3166 2771; x_wconf 71' lang='grc' dir='ltr'>παντὶ</span> <span class='ocrx_word' id='word_1_388' title='bbox 3192 2712 3268 2783; x_wconf 80' lang='grc' dir='ltr'>τῷ</span> <span class='ocrx_word' id='word_1_389' title='bbox 3303 2715 3691 2788; x_wconf 79' lang='grc' dir='ltr'>Χριστωνύμῳ</span> 
     </span>
    </p>
   </div>
   <div class='ocr_carea' id='block_1_56' title="bbox 2105 2801 3685 2887">
    <p class='ocr_par' dir='ltr' id='par_1_56' title="bbox 2105 2801 3685 2887">
     <span class='ocr_line' id='line_1_56' title="bbox 2105 2801 3685 2887; baseline 0.016 -43"><span class='ocrx_word' id='word_1_390' title='bbox 2105 2803 2214 2857; x_wconf 81' lang='grc' dir='ltr'>τῶν</span> <span class='ocrx_word' id='word_1_391' title='bbox 2248 2801 2551 2867; x_wconf 77' lang='grc' dir='ltr'>ἀνθρώπων</span> <span class='ocrx_word' id='word_1_392' title='bbox 2581 2803 2729 2870; x_wconf 78' lang='grc' dir='ltr'>γένει</span> <span class='ocrx_word' id='word_1_393' title='bbox 2759 2804 2787 2855; x_wconf 89' lang='lat'><strong>6</strong></span> <span class='ocrx_word' id='word_1_394' title='bbox 2831 2805 3019 2874; x_wconf 76' lang='grc' dir='ltr'>νοητὸς</span> <span class='ocrx_word' id='word_1_395' title='bbox 3052 2806 3147 2861; x_wconf 79' lang='grc' dir='ltr'>καὶ</span> <span class='ocrx_word' id='word_1_396' title='bbox 3185 2806 3479 2878; x_wconf 64' lang='grc' dir='ltr'><strong>βαρβάρων</strong></span> <span class='ocrx_word' id='word_1_397' title='bbox 3519 2810 3685 2887; x_wconf 69' lang='lat'><strong>205</strong></span> 
     </span>
    </p>
   </div>
   <div class='ocr_carea' id='block_1_57' title="bbox 2110 2894 3690 2976">
    <p class='ocr_par' dir='ltr' id='par_1_57' title="bbox 2110 2894 3690 2976">
     <span class='ocr_line' id='line_1_57' title="bbox 2110 2894 3690 2976; baseline 0.008 -30"><span class='ocrx_word' id='word_1_398' title='bbox 2110 2894 2327 2946; x_wconf 80' lang='grc' dir='ltr'>πάντων</span> <span class='ocrx_word' id='word_1_399' title='bbox 2351 2894 2692 2966; x_wconf 79' lang='grc' dir='ltr'>ἀγριώτερος</span> <span class='ocrx_word' id='word_1_400' title='bbox 2725 2895 3003 2967; x_wconf 84' lang='grc' dir='ltr'>πολέμιος,</span> <span class='ocrx_word' id='word_1_401' title='bbox 3043 2898 3328 2957; x_wconf 78' lang='grc' dir='ltr'>ἀποκλείει</span> <span class='ocrx_word' id='word_1_402' title='bbox 3373 2901 3473 2974; x_wconf 74' lang='grc' dir='ltr'>τὴν</span> <span class='ocrx_word' id='word_1_403' title='bbox 3511 2903 3690 2976; x_wconf 66' lang='grc' dir='ltr'>ψυχὴν</span> 
     </span>
    </p>
   </div>
   <div class='ocr_carea' id='block_1_58' title="bbox 2111 2980 3691 3069">
    <p class='ocr_par' dir='ltr' id='par_1_58' title="bbox 2111 2980 3691 3069">
     <span class='ocr_line' id='line_1_58' title="bbox 2111 2980 3691 3069; baseline 0.007 -35"><span class='ocrx_word' id='word_1_404' title='bbox 2111 2980 2219 3034; x_wconf 88' lang='grc' dir='ltr'><strong>τῶν</strong></span> <span class='ocrx_word' id='word_1_405' title='bbox 2274 2983 2613 3053; x_wconf 74' lang='grc' dir='ltr'>πανταχόθεν</span> <span class='ocrx_word' id='word_1_406' title='bbox 2670 2984 2808 3054; x_wconf 82' lang='grc' dir='ltr'>πρὸς</span> <span class='ocrx_word' id='word_1_407' title='bbox 2862 2986 3141 3057; x_wconf 84' lang='grc' dir='ltr'>σωτηρίαν</span> <span class='ocrx_word' id='word_1_408' title='bbox 3195 2989 3498 3069; x_wconf 79' lang='grc' dir='ltr'>ἀφορμῶν,</span> <span class='ocrx_word' id='word_1_409' title='bbox 3546 2991 3691 3063; x_wconf 85' lang='grc' dir='ltr'>λιμῷ</span> 
     </span>
    </p>
   </div>
   <div class='ocr_carea' id='block_1_59' title="bbox 2116 3076 3694 3157">
    <p class='ocr_par' dir='ltr' id='par_1_59' title="bbox 2116 3076 3694 3157">
     <span class='ocr_line' id='line_1_59' title="bbox 2116 3076 3694 3157; baseline 0.008 -28"><span class='ocrx_word' id='word_1_410' title='bbox 2116 3076 2432 3145; x_wconf 77' lang='grc' dir='ltr'>περιϐάλλει</span> <span class='ocrx_word' id='word_1_411' title='bbox 2474 3080 2584 3133; x_wconf 86' lang='grc' dir='ltr'><strong>τῶν</strong></span> <span class='ocrx_word' id='word_1_412' title='bbox 2629 3081 2878 3151; x_wconf 83' lang='grc' dir='ltr'>ἀρετῶν,</span> <span class='ocrx_word' id='word_1_413' title='bbox 2928 3081 3022 3136; x_wconf 60' lang='grc' dir='ltr'><strong>καὶ⁸</strong></span> <span class='ocrx_word' id='word_1_414' title='bbox 3057 3082 3133 3147; x_wconf 86' lang='grc' dir='ltr'>ὡς</span> <span class='ocrx_word' id='word_1_415' title='bbox 3192 3084 3360 3157; x_wconf 78' lang='grc' dir='ltr'>μηδὲν</span> <span class='ocrx_word' id='word_1_416' title='bbox 3403 3086 3694 3156; x_wconf 75' lang='grc' dir='ltr'>πράξασαν</span> 
     </span>
    </p>
   </div>
   <div class='ocr_carea' id='block_1_60' title="bbox 2112 3158 3693 3253">
    <p class='ocr_par' dir='ltr' id='par_1_60' title="bbox 2112 3158 3693 3253">
     <span class='ocr_line' id='line_1_60' title="bbox 2112 3158 3693 3253; baseline 0.009 -33"><span class='ocrx_word' id='word_1_417' title='bbox 2112 3168 2317 3235; x_wconf 80' lang='grc' dir='ltr'>ἀγαθὸν</span> <span class='ocrx_word' id='word_1_418' title='bbox 2332 3172 2412 3239; x_wconf 88' lang='grc' dir='ltr'><strong>είς</strong></span> <span class='ocrx_word' id='word_1_419' title='bbox 2432 3172 2746 3239; x_wconf 67' lang='grc' dir='ltr'>ἀπόγνωσιν</span> <span class='ocrx_word' id='word_1_420' title='bbox 2761 3178 3008 3240; x_wconf 85' lang='grc' dir='ltr'>συνωθεῖ,</span> <span class='ocrx_word' id='word_1_421' title='bbox 3030 3176 3107 3240; x_wconf 80' lang='grc' dir='ltr'><strong>ῶς</strong></span> <span class='ocrx_word' id='word_1_422' title='bbox 3121 3158 3210 3237; x_wconf 76' lang='grc' dir='ltr'>διὰ</span> <span class='ocrx_word' id='word_1_423' title='bbox 3223 3177 3426 3246; x_wconf 77' lang='grc' dir='ltr'>ταύτης</span> <span class='ocrx_word' id='word_1_424' title='bbox 3446 3166 3693 3253; x_wconf 79' lang='grc' dir='ltr'>αἱρήσων</span> 
     </span>
    </p>
   </div>
   <div class='ocr_carea' id='block_1_61' title="bbox 418 3258 2003 3344">
    <p class='ocr_par' dir='ltr' id='par_1_61' title="bbox 418 3258 2003 3342">
     <span class='ocr_line' id='line_1_61' title="bbox 418 3258 2003 3342; baseline -0.011 -13"><span class='ocrx_word' id='word_1_425' title='bbox 418 3274 663 3328; x_wconf 88' lang='lat' dir='ltr'><strong>videntia</strong></span> <span class='ocrx_word' id='word_1_426' title='bbox 709 3273 830 3342; x_wconf 85' lang='lat' dir='ltr'><strong>ejus</strong></span> <span class='ocrx_word' id='word_1_427' title='bbox 870 3269 965 3339; x_wconf 91' lang='lat' dir='ltr'><strong>qui</strong></span> <span class='ocrx_word' id='word_1_428' title='bbox 1004 3268 1122 3322; x_wconf 84' lang='lat' dir='ltr'><strong>vult</strong></span> <span class='ocrx_word' id='word_1_429' title='bbox 1150 3265 1385 3322; x_wconf 87' lang='lat' dir='ltr'><strong>salutem</strong></span> <span class='ocrx_word' id='word_1_430' title='bbox 1437 3274 1809 3331; x_wconf 87' lang='lat' dir='ltr'><strong>peccatorum,</strong></span> <span class='ocrx_word' id='word_1_431' title='bbox 1842 3258 1936 3330; x_wconf 89' lang='lat' dir='ltr'><strong>qui</strong></span> <span class='ocrx_word' id='word_1_432' title='bbox 1971 3273 2003 3312; x_wconf 91' lang='lat' dir='ltr'><strong>a</strong></span> 
     </span>
    </p>
   </div>
   <div class='ocr_carea' id='block_1_62' title="bbox 2112 3258 3694 3344">
    <p class='ocr_par' dir='ltr' id='par_1_62' title="bbox 2112 3260 3694 3344">
     <span class='ocr_line' id='line_1_62' title="bbox 2112 3260 3694 3344; baseline 0.008 -32"><span class='ocrx_word' id='word_1_433' title='bbox 2112 3260 2278 3331; x_wconf 81' lang='grc' dir='ltr'>αὐτὴν</span> <span class='ocrx_word' id='word_1_434' title='bbox 2302 3262 2396 3316; x_wconf 77' lang='grc' dir='ltr'><strong>καὶ</strong></span> <span class='ocrx_word' id='word_1_435' title='bbox 2415 3265 2925 3337; x_wconf 71' lang='grc' dir='ltr'>καταστρεψόμενος</span> <span class='ocrx_word' id='word_1_436' title='bbox 2943 3285 2958 3300; x_wconf 86' lang='grc'>·</span> <span class='ocrx_word' id='word_1_437' title='bbox 2982 3268 3100 3330; x_wconf 85' lang='grc' dir='ltr'>ἀλλ’</span> <span class='ocrx_word' id='word_1_438' title='bbox 3118 3270 3437 3339; x_wconf 75' lang='grc' dir='ltr'>ἀναφανεὶς,</span> <span class='ocrx_word' id='word_1_439' title='bbox 3466 3272 3694 3344; x_wconf 64' lang='grc' dir='ltr'>προνοίᾳ</span> 
     </span>
    </p>
   </div>
   <div class='ocr_carea' id='block_1_63' title="bbox 422 3352 1999 3433">
    <p class='ocr_par' dir='ltr' id='par_1_63' title="bbox 422 3352 1999 3433">
     <span class='ocr_line' id='line_1_63' title="bbox 422 3352 1999 3433; baseline -0.01 -12"><span class='ocrx_word' id='word_1_440' title='bbox 422 3366 580 3421; x_wconf 80' lang='lat' dir='ltr'><strong>nobis</strong></span> <span class='ocrx_word' id='word_1_441' title='bbox 613 3406 629 3432; x_wconf 94' lang='lat'><strong>,</strong></span> <span class='ocrx_word' id='word_1_442' title='bbox 654 3373 844 3433; x_wconf 91' lang='lat' dir='ltr'><strong>utpote</strong></span> <span class='ocrx_word' id='word_1_443' title='bbox 871 3360 964 3432; x_wconf 89' lang='lat' dir='ltr'><strong>qui</strong></span> <span class='ocrx_word' id='word_1_444' title='bbox 1015 3375 1117 3416; x_wconf 88' lang='lat' dir='ltr'><strong>nos</strong></span> <span class='ocrx_word' id='word_1_445' title='bbox 1159 3356 1405 3421; x_wconf 76' lang='lat' dir='ltr'><strong>offendit,</strong></span> <span class='ocrx_word' id='word_1_446' title='bbox 1429 3355 1605 3425; x_wconf 88' lang='lat' dir='ltr'><strong>poscit</strong></span> <span class='ocrx_word' id='word_1_447' title='bbox 1639 3352 1999 3408; x_wconf 81' lang='lat' dir='ltr'><strong>commisera-</strong></span> 
     </span>
    </p>
   </div>
   <div class='ocr_carea' id='block_1_64' title="bbox 423 3444 1999 3525">
    <p class='ocr_par' dir='ltr' id='par_1_64' title="bbox 423 3444 1999 3525">
     <span class='ocr_line' id='line_1_64' title="bbox 423 3444 1999 3525; baseline -0.009 -14"><span class='ocrx_word' id='word_1_448' title='bbox 423 3460 652 3522; x_wconf 87' lang='lat' dir='ltr'><strong>tionem,</strong></span> <span class='ocrx_word' id='word_1_449' title='bbox 682 3471 789 3525; x_wconf 87' lang='lat' dir='ltr'><strong>qua</strong></span> <span class='ocrx_word' id='word_1_450' title='bbox 820 3470 848 3507; x_wconf 89' lang='lat' dir='ltr'><strong>a</strong></span> <span class='ocrx_word' id='word_1_451' title='bbox 881 3452 1039 3508; x_wconf 87' lang='lat' dir='ltr'><strong>nobis</strong></span> <span class='ocrx_word' id='word_1_452' title='bbox 1066 3452 1318 3513; x_wconf 87' lang='lat' dir='ltr'><strong>obtenta,</strong></span> <span class='ocrx_word' id='word_1_453' title='bbox 1349 3446 1597 3501; x_wconf 89' lang='lat' dir='ltr'><strong>inutilem</strong></span> <span class='ocrx_word' id='word_1_454' title='bbox 1626 3444 1759 3500; x_wconf 84' lang='lat' dir='ltr'><strong>facit</strong></span> <span class='ocrx_word' id='word_1_455' title='bbox 1777 3458 1999 3499; x_wconf 89' lang='lat' dir='ltr'><strong>onmem</strong></span> 
     </span>
    </p>
   </div>
   <div class='ocr_carea' id='block_1_65' title="bbox 420 3538 1999 3621">
    <p class='ocr_par' dir='ltr' id='par_1_65' title="bbox 420 3538 1999 3621">
     <span class='ocr_line' id='line_1_65' title="bbox 420 3538 1999 3621; baseline -0.011 -15"><span class='ocrx_word' id='word_1_456' title='bbox 420 3549 620 3606; x_wconf 72' lang='lat' dir='ltr'><strong>diaboli</strong></span> <span class='ocrx_word' id='word_1_457' title='bbox 654 3550 919 3602; x_wconf 87' lang='lat' dir='ltr'><strong>adversus</strong></span> <span class='ocrx_word' id='word_1_458' title='bbox 958 3561 1060 3621; x_wconf 80' lang='lat' dir='ltr'><strong>nos</strong></span> <span class='ocrx_word' id='word_1_459' title='bbox 1099 3543 1387 3607; x_wconf 88' lang='lat' dir='ltr'><strong>malitiam,</strong></span> <span class='ocrx_word' id='word_1_460' title='bbox 1419 3541 1634 3596; x_wconf 86' lang='lat' dir='ltr'><strong>Numen</strong></span> <span class='ocrx_word' id='word_1_461' title='bbox 1680 3538 1841 3593; x_wconf 90' lang='lat' dir='ltr'><strong>nobis</strong></span> <span class='ocrx_word' id='word_1_462' title='bbox 1873 3553 1999 3607; x_wconf 62' lang='lat' dir='ltr'><strong>pro-</strong></span> 
     </span>
    </p>
   </div>
   <div class='ocr_carea' id='block_1_66' title="bbox 421 3631 1999 3714">
    <p class='ocr_par' dir='ltr' id='par_1_66' title="bbox 421 3631 1999 3714">
     <span class='ocr_line' id='line_1_66' title="bbox 421 3631 1999 3714; baseline -0.006 -18"><span class='ocrx_word' id='word_1_463' title='bbox 421 3642 620 3714; x_wconf 89' lang='lat' dir='ltr'><strong>pitium</strong></span> <span class='ocrx_word' id='word_1_464' title='bbox 653 3641 855 3707; x_wconf 86' lang='lat' dir='ltr'><strong>reddit,</strong></span> <span class='ocrx_word' id='word_1_465' title='bbox 884 3638 1279 3694; x_wconf 72' lang='lat' dir='ltr'><strong>misericordia:</strong></span> <span class='ocrx_word' id='word_1_466' title='bbox 1304 3644 1358 3691; x_wconf 92' lang='lat' dir='ltr'><strong>et</strong></span> <span class='ocrx_word' id='word_1_467' title='bbox 1381 3635 1579 3691; x_wconf 89' lang='lat' dir='ltr'><strong>salutis</strong></span> <span class='ocrx_word' id='word_1_468' title='bbox 1612 3633 1814 3686; x_wconf 87' lang='lat' dir='ltr'><strong>multas</strong></span> <span class='ocrx_word' id='word_1_469' title='bbox 1843 3631 1999 3686; x_wconf 86' lang='lat' dir='ltr'><strong>nobis</strong></span> 
     </span>
    </p>
   </div>
   <div class='ocr_carea' id='block_1_67' title="bbox 420 3722 1997 3800">
    <p class='ocr_par' dir='ltr' id='par_1_67' title="bbox 420 3722 1997 3800">
     <span class='ocr_line' id='line_1_67' title="bbox 420 3722 1997 3800; baseline -0.009 -11"><span class='ocrx_word' id='word_1_470' title='bbox 420 3732 741 3789; x_wconf 85' lang='lat' dir='ltr'><strong>occasiones</strong></span> <span class='ocrx_word' id='word_1_471' title='bbox 769 3731 996 3800; x_wconf 76' lang='lat' dir='ltr'><strong>praebet,</strong></span> <span class='ocrx_word' id='word_1_472' title='bbox 1019 3742 1348 3798; x_wconf 70' lang='lat' dir='ltr'><strong>aeternaeque</strong></span> <span class='ocrx_word' id='word_1_473' title='bbox 1374 3727 1497 3781; x_wconf 70' lang='lat' dir='ltr'><strong>vita:</strong></span> <span class='ocrx_word' id='word_1_474' title='bbox 1518 3722 1760 3779; x_wconf 90' lang='lat' dir='ltr'><strong>consulit</strong></span> <span class='ocrx_word' id='word_1_475' title='bbox 1788 3738 1803 3788; x_wconf 89' lang='lat'><strong>;</strong></span> <span class='ocrx_word' id='word_1_476' title='bbox 1832 3736 1997 3792; x_wconf 86' lang='lat' dir='ltr'><strong>quam</strong></span> 
     </span>
    </p>
   </div>
   <div class='ocr_carea' id='block_1_68' title="bbox 421 3813 2000 3890">
    <p class='ocr_par' dir='ltr' id='par_1_68' title="bbox 421 3813 2000 3890">
     <span class='ocr_line' id='line_1_68' title="bbox 421 3813 2000 3890; baseline -0.008 -12"><span class='ocrx_word' id='word_1_477' title='bbox 421 3838 526 3878; x_wconf 87' lang='lat' dir='ltr'><strong>nos</strong></span> <span class='ocrx_word' id='word_1_478' title='bbox 555 3838 749 3877; x_wconf 89' lang='lat' dir='ltr'><strong>omnes</strong></span> <span class='ocrx_word' id='word_1_479' title='bbox 778 3820 1047 3890; x_wconf 90' lang='lat' dir='ltr'><strong>consequi</strong></span> <span class='ocrx_word' id='word_1_480' title='bbox 1097 3819 1366 3875; x_wconf 87' lang='lat' dir='ltr'><strong>concedat</strong></span> <span class='ocrx_word' id='word_1_481' title='bbox 1400 3816 1573 3886; x_wconf 86' lang='lat' dir='ltr'><strong>gratia</strong></span> <span class='ocrx_word' id='word_1_482' title='bbox 1606 3823 1662 3870; x_wconf 90' lang='lat' dir='ltr'><strong>et</strong></span> <span class='ocrx_word' id='word_1_483' title='bbox 1708 3813 2000 3868; x_wconf 83' lang='lat' dir='ltr'><strong>clementia</strong></span> 
     </span>
    </p>
   </div>
   <div class='ocr_carea' id='block_1_69' title="bbox 425 3902 2001 3979">
    <p class='ocr_par' dir='ltr' id='par_1_69' title="bbox 425 3902 2001 3979">
     <span class='ocr_line' id='line_1_69' title="bbox 425 3902 2001 3979; baseline -0.006 -13"><span class='ocrx_word' id='word_1_484' title='bbox 425 3914 642 3969; x_wconf 87' lang='lat' dir='ltr'><strong>Domini</strong></span> <span class='ocrx_word' id='word_1_485' title='bbox 693 3913 866 3968; x_wconf 87' lang='lat' dir='ltr'><strong>nostri</strong></span> <span class='ocrx_word' id='word_1_486' title='bbox 917 3912 1046 3968; x_wconf 81' lang='lat' dir='ltr'><strong>Jesu</strong></span> <span class='ocrx_word' id='word_1_487' title='bbox 1097 3912 1344 3976; x_wconf 86' lang='lat' dir='ltr'><strong>Christi,</strong></span> <span class='ocrx_word' id='word_1_488' title='bbox 1393 3923 1554 3979; x_wconf 88' lang='lat' dir='ltr'><strong>quem</strong></span> <span class='ocrx_word' id='word_1_489' title='bbox 1611 3908 1769 3962; x_wconf 87' lang='lat' dir='ltr'><strong>decet</strong></span> <span class='ocrx_word' id='word_1_490' title='bbox 1821 3902 2001 3959; x_wconf 89' lang='lat' dir='ltr'><strong>omnis</strong></span> 
     </span>
    </p>
   </div>
   <div class='ocr_carea' id='block_1_70' title="bbox 426 4001 2001 4077">
    <p class='ocr_par' dir='ltr' id='par_1_70' title="bbox 426 4001 2001 4077">
     <span class='ocr_line' id='line_1_70' title="bbox 426 4001 2001 4077; baseline -0.007 -18"><span class='ocrx_word' id='word_1_491' title='bbox 426 4006 625 4077; x_wconf 77' lang='lat' dir='ltr'><strong>gloria,</strong></span> <span class='ocrx_word' id='word_1_492' title='bbox 659 4004 945 4071; x_wconf 79' lang='lat' dir='ltr'><strong>fortitudo,</strong></span> <span class='ocrx_word' id='word_1_493' title='bbox 989 4005 1165 4056; x_wconf 89' lang='lat' dir='ltr'><strong>honor</strong></span> <span class='ocrx_word' id='word_1_494' title='bbox 1212 4012 1270 4056; x_wconf 85' lang='lat' dir='ltr'><strong>et</strong></span> <span class='ocrx_word' id='word_1_495' title='bbox 1312 4001 1564 4055; x_wconf 91' lang='lat' dir='ltr'><strong>adoratio</strong></span> <span class='ocrx_word' id='word_1_496' title='bbox 1613 4013 1739 4053; x_wconf 91' lang='lat' dir='ltr'><strong>cum</strong></span> <span class='ocrx_word' id='word_1_497' title='bbox 1793 4005 2001 4050; x_wconf 70' lang='lat' dir='ltr'><strong>aeterno</strong></span> 
     </span>
    </p>
   </div>
   <div class='ocr_carea' id='block_1_71' title="bbox 425 4087 1995 4166">
    <p class='ocr_par' dir='ltr' id='par_1_71' title="bbox 425 4087 1995 4166">
     <span class='ocr_line' id='line_1_71' title="bbox 425 4087 1995 4166; baseline -0.005 -17"><span class='ocrx_word' id='word_1_498' title='bbox 425 4098 546 4166; x_wconf 81' lang='lat' dir='ltr'><strong>ejus</strong></span> <span class='ocrx_word' id='word_1_499' title='bbox 574 4096 759 4160; x_wconf 88' lang='lat' dir='ltr'><strong>Patre,</strong></span> <span class='ocrx_word' id='word_1_500' title='bbox 787 4109 968 4149; x_wconf 91' lang='lat' dir='ltr'><strong>nenon</strong></span> <span class='ocrx_word' id='word_1_501' title='bbox 1004 4092 1362 4148; x_wconf 83' lang='lat' dir='ltr'><strong>sanctissimo</strong></span> <span class='ocrx_word' id='word_1_502' title='bbox 1395 4095 1648 4159; x_wconf 91' lang='lat' dir='ltr'><strong>bonoque</strong></span> <span class='ocrx_word' id='word_1_503' title='bbox 1688 4097 1743 4143; x_wconf 89' lang='lat' dir='ltr'><strong>et</strong></span> <span class='ocrx_word' id='word_1_504' title='bbox 1775 4087 1995 4142; x_wconf 85' lang='lat' dir='ltr'><strong>vivitlco</strong></span> 
     </span>
    </p>
   </div>
   <div class='ocr_carea' id='block_1_72' title="bbox 426 4179 1997 4257">
    <p class='ocr_par' dir='ltr' id='par_1_72' title="bbox 426 4179 1997 4257">
     <span class='ocr_line' id='line_1_72' title="bbox 426 4179 1997 4257; baseline -0.007 -16"><span class='ocrx_word' id='word_1_505' title='bbox 426 4186 657 4257; x_wconf 82' lang='lat' dir='ltr'><strong>Spiritu,</strong></span> <span class='ocrx_word' id='word_1_506' title='bbox 695 4200 843 4240; x_wconf 88' lang='lat' dir='ltr'><strong>nunc</strong></span> <span class='ocrx_word' id='word_1_507' title='bbox 869 4194 927 4238; x_wconf 84' lang='lat' dir='ltr'><strong>et</strong></span> <span class='ocrx_word' id='word_1_508' title='bbox 953 4198 1170 4253; x_wconf 79' lang='lat' dir='ltr'><strong>semper</strong></span> <span class='ocrx_word' id='word_1_509' title='bbox 1201 4190 1258 4237; x_wconf 88' lang='lat' dir='ltr'><strong>et</strong></span> <span class='ocrx_word' id='word_1_510' title='bbox 1308 4182 1367 4237; x_wconf 89' lang='lat' dir='ltr'><strong>in</strong></span> <span class='ocrx_word' id='word_1_511' title='bbox 1418 4180 1618 4236; x_wconf 72' lang='lat' dir='ltr'><strong>saecula</strong></span> <span class='ocrx_word' id='word_1_512' title='bbox 1648 4179 1997 4235; x_wconf 61' lang='lat' dir='ltr'><strong>saeculorum.</strong></span> 
     </span>
    </p>
   </div>
   <div class='ocr_carea' id='block_1_73' title="bbox 428 4285 597 4335">
    <p class='ocr_par' dir='ltr' id='par_1_73' title="bbox 428 4285 597 4335">
     <span class='ocr_line' id='line_1_73' title="bbox 428 4285 597 4335; baseline 0 -1"><span class='ocrx_word' id='word_1_513' title='bbox 428 4285 597 4335; x_wconf 79' lang='lat' dir='ltr'><strong>Amen</strong></span> 
     </span>
    </p>
   </div>
   <div class='ocr_carea' id='block_1_74' title="bbox 921 4536 1508 4594">
    <p class='ocr_par' dir='ltr' id='par_1_74' title="bbox 921 4536 1508 4594">
     <span class='ocr_line' id='line_1_74' title="bbox 921 4536 1508 4594; baseline -0.002 -1"><span class='ocrx_word' id='word_1_514' title='bbox 921 4536 1205 4594; x_wconf 72' lang='lat' dir='ltr'><strong>IIOMILIA</strong></span> <span class='ocrx_word' id='word_1_515' title='bbox 1246 4536 1508 4593; x_wconf 79' lang='lat' dir='ltr'><strong>XXXVII.</strong></span> 
     </span>
    </p>
   </div>
   <div class='ocr_carea' id='block_1_75' title="bbox 426 4634 2003 4721">
    <p class='ocr_par' dir='ltr' id='par_1_75' title="bbox 426 4649 2003 4721">
     <span class='ocr_line' id='line_1_75' title="bbox 426 4649 2003 4721; baseline -0.002 -12"><span class='ocrx_word' id='word_1_516' title='bbox 426 4654 491 4709; x_wconf 81' lang='grc' dir='ltr'><strong>1η</strong></span> <span class='ocrx_word' id='word_1_517' title='bbox 536 4654 928 4708; x_wconf 77' lang='lat' dir='ltr'><strong>sanctissimam</strong></span> <span class='ocrx_word' id='word_1_518' title='bbox 988 4653 1356 4706; x_wconf 80' lang='lat' dir='ltr'><strong>dormitionem</strong></span> <span class='ocrx_word' id='word_1_519' title='bbox 1406 4651 1710 4721; x_wconf 67' lang='lat' dir='ltr'><strong>purissime</strong></span> <span class='ocrx_word' id='word_1_520' title='bbox 1761 4649 2003 4706; x_wconf 73' lang='lat' dir='ltr'><strong>Domina:</strong></span> 
     </span>
    </p>
   </div>
   <div class='ocr_carea' id='block_1_76' title="bbox 551 4720 1874 4792">
    <p class='ocr_par' dir='ltr' id='par_1_76' title="bbox 551 4720 1874 4792">
     <span class='ocr_line' id='line_1_76' title="bbox 551 4720 1874 4792; baseline -0.003 -14"><span class='ocrx_word' id='word_1_521' title='bbox 551 4735 743 4779; x_wconf 68' lang='lat' dir='ltr'><strong>nostra</strong></span> <span class='ocrx_word' id='word_1_522' title='bbox 788 4724 1033 4792; x_wconf 67' lang='grc' dir='ltr'>Ποίμαινε</span> <span class='ocrx_word' id='word_1_523' title='bbox 1073 4738 1374 4791; x_wconf 76' lang='lat' dir='ltr'><strong>semperque</strong></span> <span class='ocrx_word' id='word_1_524' title='bbox 1401 4720 1621 4792; x_wconf 70' lang='lat' dir='ltr'><strong>uirginis</strong></span> <span class='ocrx_word' id='word_1_525' title='bbox 1658 4720 1874 4777; x_wconf 64' lang='lat' dir='ltr'><strong>Mariae.</strong></span> 
     </span>
    </p>
   </div>
   <div class='ocr_carea' id='block_1_77' title="bbox 497 4897 2002 4955">
    <p class='ocr_par' dir='ltr' id='par_1_77' title="bbox 497 4897 2002 4955">
     <span class='ocr_line' id='line_1_77' title="bbox 497 4897 2002 4955; baseline -0.002 0"><span class='ocrx_word' id='word_1_526' title='bbox 497 4901 670 4955; x_wconf 82' lang='lat' dir='ltr'><strong>Meam</strong></span> <span class='ocrx_word' id='word_1_527' title='bbox 712 4899 875 4953; x_wconf 85' lang='lat' dir='ltr'><strong>hodie</strong></span> <span class='ocrx_word' id='word_1_528' title='bbox 930 4898 1209 4952; x_wconf 73' lang='lat' dir='ltr'><strong>tiomiliam</strong></span> <span class='ocrx_word' id='word_1_529' title='bbox 1273 4897 1339 4950; x_wconf 84' lang='lat' dir='ltr'><strong>ad</strong></span> <span class='ocrx_word' id='word_1_530' title='bbox 1370 4897 1694 4951; x_wconf 85' lang='lat' dir='ltr'><strong>charitatem</strong></span> <span class='ocrx_word' id='word_1_531' title='bbox 1759 4906 2002 4952; x_wconf 81' lang='lat' dir='ltr'><strong>vestram</strong></span> 
     </span>
    </p>
   </div>
   <div class='ocr_carea' id='block_1_78' title="bbox 426 4990 2003 5061">
    <p class='ocr_par' dir='ltr' id='par_1_78' title="bbox 426 4990 2003 5061">
     <span class='ocr_line' id='line_1_78' title="bbox 426 4990 2003 5061; baseline -0.003 -10"><span class='ocrx_word' id='word_1_532' title='bbox 426 5010 581 5050; x_wconf 88' lang='lat' dir='ltr'><strong>amor</strong></span> <span class='ocrx_word' id='word_1_533' title='bbox 622 4993 751 5047; x_wconf 81' lang='lat' dir='ltr'><strong>facit</strong></span> <span class='ocrx_word' id='word_1_534' title='bbox 783 5006 838 5047; x_wconf 86' lang='lat' dir='ltr'><strong>et</strong></span> <span class='ocrx_word' id='word_1_535' title='bbox 874 4992 1138 5056; x_wconf 87' lang='lat' dir='ltr'><strong>debitum,</strong></span> <span class='ocrx_word' id='word_1_536' title='bbox 1203 5006 1313 5046; x_wconf 89' lang='lat' dir='ltr'><strong>non</strong></span> <span class='ocrx_word' id='word_1_537' title='bbox 1347 5001 1559 5046; x_wconf 85' lang='lat' dir='ltr'><strong>tantum</strong></span> <span class='ocrx_word' id='word_1_538' title='bbox 1598 4992 1858 5061; x_wconf 83' lang='lat' dir='ltr'><strong>quoniam</strong></span> <span class='ocrx_word' id='word_1_539' title='bbox 1898 4990 2003 5060; x_wconf 85' lang='lat' dir='ltr'><strong>piis</strong></span> 
     </span>
    </p>
   </div>
   <div class='ocr_carea' id='block_1_79' title="bbox 2032 4615 2080 4671">
    <p class='ocr_par' dir='ltr' id='par_1_79' title="bbox 2032 4615 2080 4671">
     <span class='ocr_line' id='line_1_79' title="bbox 2032 4615 2080 4671; baseline 0 0"><span class='ocrx_word' id='word_1_540' title='bbox 2032 4615 2080 4671; x_wconf 88' lang='lat' dir='ltr'><strong>D</strong></span> 
     </span>
    </p>
   </div>
   <div class='ocr_carea' id='block_1_80' title="bbox 2107 3350 3685 3437">
    <p class='ocr_par' dir='ltr' id='par_1_80' title="bbox 2107 3350 3685 3437">
     <span class='ocr_line' id='line_1_80' title="bbox 2107 3350 3685 3437; baseline 0.008 -36"><span class='ocrx_word' id='word_1_541' title='bbox 2107 3350 2326 3413; x_wconf 77' lang='grc' dir='ltr'>πάντως</span> <span class='ocrx_word' id='word_1_542' title='bbox 2345 3352 2440 3404; x_wconf 82' lang='grc' dir='ltr'><strong>τοῦ</strong></span> <span class='ocrx_word' id='word_1_543' title='bbox 2475 3352 2722 3437; x_wconf 80' lang='grc' dir='ltr'>θέλοντος</span> <span class='ocrx_word' id='word_1_544' title='bbox 2748 3356 2848 3429; x_wconf 79' lang='grc' dir='ltr'><strong>τὴν</strong></span> <span class='ocrx_word' id='word_1_545' title='bbox 2872 3357 2981 3410; x_wconf 88' lang='grc' dir='ltr'><strong>τῶν</strong></span> <span class='ocrx_word' id='word_1_546' title='bbox 3014 3359 3360 3429; x_wconf 83' lang='grc' dir='ltr'>ἁμαρτωλῶν</span> <span class='ocrx_word' id='word_1_547' title='bbox 3383 3363 3685 3437; x_wconf 71' lang='grc' dir='ltr'>σωτηρίαν,</span> 
     </span>
    </p>
   </div>
   <div class='ocr_carea' id='block_1_81' title="bbox 2105 3441 3691 3527">
    <p class='ocr_par' dir='ltr' id='par_1_81' title="bbox 2105 3441 3691 3527">
     <span class='ocr_line' id='line_1_81' title="bbox 2105 3441 3691 3527; baseline 0.009 -33"><span class='ocrx_word' id='word_1_548' title='bbox 2105 3442 2134 3495; x_wconf 83' lang='lat'><strong>6</strong></span> <span class='ocrx_word' id='word_1_549' title='bbox 2175 3441 2416 3515; x_wconf 79' lang='grc' dir='ltr'>χρῄζων,</span> <span class='ocrx_word' id='word_1_550' title='bbox 2454 3444 2528 3510; x_wconf 84' lang='grc' dir='ltr'><strong>ὡς</strong></span> <span class='ocrx_word' id='word_1_551' title='bbox 2574 3448 2652 3510; x_wconf 82' lang='grc' dir='ltr'><strong>είς</strong></span> <span class='ocrx_word' id='word_1_552' title='bbox 2710 3448 2859 3527; x_wconf 69' lang='grc' dir='ltr'>ἡμᾶς</span> <span class='ocrx_word' id='word_1_553' title='bbox 2898 3451 3154 3515; x_wconf 68' lang='grc' dir='ltr'>πταίσας,</span> <span class='ocrx_word' id='word_1_554' title='bbox 3207 3452 3307 3519; x_wconf 84' lang='grc' dir='ltr'>τῆς</span> <span class='ocrx_word' id='word_1_555' title='bbox 3349 3454 3483 3523; x_wconf 84' lang='grc' dir='ltr'>παρ’</span> <span class='ocrx_word' id='word_1_556' title='bbox 3530 3454 3691 3525; x_wconf 75' lang='grc' dir='ltr'>ἡμῶν</span> 
     </span>
    </p>
   </div>
   <div class='ocr_carea' id='block_1_82' title="bbox 2106 3533 3685 3615">
    <p class='ocr_par' dir='ltr' id='par_1_82' title="bbox 2106 3533 3685 3615">
     <span class='ocr_line' id='line_1_82' title="bbox 2106 3533 3685 3615; baseline 0.017 -31"><span class='ocrx_word' id='word_1_557' title='bbox 2106 3533 2488 3603; x_wconf 82' lang='grc' dir='ltr'>συμπαθείας,</span> <span class='ocrx_word' id='word_1_558' title='bbox 2543 3539 2638 3590; x_wconf 77' lang='grc' dir='ltr'>καὶ</span> <span class='ocrx_word' id='word_1_559' title='bbox 2686 3537 2820 3610; x_wconf 79' lang='grc' dir='ltr'>παρ’</span> <span class='ocrx_word' id='word_1_560' title='bbox 2880 3540 3038 3610; x_wconf 79' lang='grc' dir='ltr'>ἡμῶν</span> <span class='ocrx_word' id='word_1_561' title='bbox 3090 3546 3298 3612; x_wconf 77' lang='grc' dir='ltr'>ταύτην</span> <span class='ocrx_word' id='word_1_562' title='bbox 3350 3546 3685 3615; x_wconf 71' lang='grc' dir='ltr'>εὑρόμενος,</span> 
     </span>
    </p>
   </div>
   <div class='ocr_carea' id='block_1_83' title="bbox 2104 3628 3689 3708">
    <p class='ocr_par' dir='ltr' id='par_1_83' title="bbox 2104 3628 3689 3708">
     <span class='ocr_line' id='line_1_83' title="bbox 2104 3628 3689 3708; baseline 0.008 -26"><span class='ocrx_word' id='word_1_563' title='bbox 2104 3628 2393 3696; x_wconf 80' lang='grc' dir='ltr'>ἄπρακτον</span> <span class='ocrx_word' id='word_1_564' title='bbox 2425 3632 2571 3683; x_wconf 90' lang='grc' dir='ltr'>ποιεῖ</span> <span class='ocrx_word' id='word_1_565' title='bbox 2604 3633 2785 3688; x_wconf 84' lang='grc' dir='ltr'>πᾶσαν</span> <span class='ocrx_word' id='word_1_566' title='bbox 2820 3634 2920 3707; x_wconf 75' lang='grc' dir='ltr'><strong>τὴν</strong></span> <span class='ocrx_word' id='word_1_567' title='bbox 2953 3636 3079 3690; x_wconf 85' lang='grc' dir='ltr'>καθ’</span> <span class='ocrx_word' id='word_1_568' title='bbox 3114 3637 3274 3708; x_wconf 77' lang='grc' dir='ltr'>ἡμῶν</span> <span class='ocrx_word' id='word_1_569' title='bbox 3303 3638 3398 3692; x_wconf 81' lang='grc' dir='ltr'>τοῦ</span> <span class='ocrx_word' id='word_1_570' title='bbox 3437 3638 3689 3695; x_wconf 79' lang='grc' dir='ltr'>διαϐόλου</span> 
     </span>
    </p>
   </div>
   <div class='ocr_carea' id='block_1_84' title="bbox 2101 3719 3690 3801">
    <p class='ocr_par' dir='ltr' id='par_1_84' title="bbox 2101 3719 3690 3801">
     <span class='ocr_line' id='line_1_84' title="bbox 2101 3719 3690 3801; baseline 0.012 -33"><span class='ocrx_word' id='word_1_571' title='bbox 2101 3719 2322 3784; x_wconf 81' lang='grc' dir='ltr'>κακίαν,</span> <span class='ocrx_word' id='word_1_572' title='bbox 2370 3720 2778 3791; x_wconf 76' lang='grc' dir='ltr'>ὲξευμενίζεται</span> <span class='ocrx_word' id='word_1_573' title='bbox 2825 3728 2885 3780; x_wconf 83' lang='grc' dir='ltr'>τὸ</span> <span class='ocrx_word' id='word_1_574' title='bbox 2934 3728 3090 3782; x_wconf 84' lang='grc' dir='ltr'><strong>Θείον</strong></span> <span class='ocrx_word' id='word_1_575' title='bbox 3129 3731 3284 3799; x_wconf 73' lang='grc' dir='ltr'>ἡμῖν,</span> <span class='ocrx_word' id='word_1_576' title='bbox 3334 3731 3690 3801; x_wconf 81' lang='grc' dir='ltr'>συμπαθείας</span> 
     </span>
    </p>
   </div>
   <div class='ocr_carea' id='block_1_85' title="bbox 2101 3810 3688 3896">
    <p class='ocr_par' dir='ltr' id='par_1_85' title="bbox 2101 3810 3688 3896">
     <span class='ocr_line' id='line_1_85' title="bbox 2101 3810 3688 3896; baseline 0.012 -35"><span class='ocrx_word' id='word_1_577' title='bbox 2101 3810 2234 3879; x_wconf 80' lang='grc' dir='ltr'>ἡμῖν</span> <span class='ocrx_word' id='word_1_578' title='bbox 2277 3811 2534 3882; x_wconf 86' lang='grc' dir='ltr'>ἀφορμὰς</span> <span class='ocrx_word' id='word_1_579' title='bbox 2567 3815 2808 3884; x_wconf 72' lang='grc' dir='ltr'>δαψιλεῖς</span> <span class='ocrx_word' id='word_1_580' title='bbox 2842 3823 3073 3890; x_wconf 80' lang='grc' dir='ltr'>παρέχει</span> <span class='ocrx_word' id='word_1_581' title='bbox 3099 3823 3195 3877; x_wconf 73' lang='grc' dir='ltr'><strong>καὶ</strong></span> <span class='ocrx_word' id='word_1_582' title='bbox 3240 3825 3547 3896; x_wconf 83' lang='grc' dir='ltr'>σωτηρίας,</span> <span class='ocrx_word' id='word_1_583' title='bbox 3589 3828 3688 3880; x_wconf 75' lang='grc' dir='ltr'><strong>καὶ</strong></span> 
     </span>
    </p>
   </div>
   <div class='ocr_carea' id='block_1_86' title="bbox 2101 3901 3686 3989">
    <p class='ocr_par' dir='ltr' id='par_1_86' title="bbox 2101 3901 3686 3989">
     <span class='ocr_line' id='line_1_86' title="bbox 2101 3901 3686 3989; baseline 0.011 -36"><span class='ocrx_word' id='word_1_584' title='bbox 2101 3901 2204 3971; x_wconf 81' lang='grc' dir='ltr'>τὴν</span> <span class='ocrx_word' id='word_1_585' title='bbox 2234 3905 2452 3958; x_wconf 78' lang='grc' dir='ltr'>αἰώνιον</span> <span class='ocrx_word' id='word_1_586' title='bbox 2487 3908 2631 3979; x_wconf 75' lang='grc' dir='ltr'>ζωὴν</span> <span class='ocrx_word' id='word_1_587' title='bbox 2660 3911 2793 3978; x_wconf 86' lang='grc' dir='ltr'>ἡμῖν</span> <span class='ocrx_word' id='word_1_588' title='bbox 2820 3912 3300 3981; x_wconf 83' lang='grc' dir='ltr'>προμνηστεύεται</span> <span class='ocrx_word' id='word_1_589' title='bbox 3324 3931 3339 3947; x_wconf 80' lang='grc' dir='ltr'><strong>ο</strong></span> <span class='ocrx_word' id='word_1_590' title='bbox 3370 3912 3440 3989; x_wconf 75' lang='grc' dir='ltr'>ἧς</span> <span class='ocrx_word' id='word_1_591' title='bbox 3474 3917 3686 3984; x_wconf 83' lang='grc' dir='ltr'>γένοιτο</span> 
     </span>
    </p>
   </div>
   <div class='ocr_carea' id='block_1_87' title="bbox 2102 3993 3685 4078">
    <p class='ocr_par' dir='ltr' id='par_1_87' title="bbox 2102 3993 3685 4078">
     <span class='ocr_line' id='line_1_87' title="bbox 2102 3993 3685 4078; baseline 0.01 -33"><span class='ocrx_word' id='word_1_592' title='bbox 2102 3993 2314 4058; x_wconf 84' lang='grc' dir='ltr'>πάντας</span> <span class='ocrx_word' id='word_1_593' title='bbox 2348 3995 2493 4065; x_wconf 79' lang='grc' dir='ltr'>ἡμᾶς</span> <span class='ocrx_word' id='word_1_594' title='bbox 2523 3998 2804 4070; x_wconf 69' lang='grc' dir='ltr'>ἐπιτυχεῖν</span> <span class='ocrx_word' id='word_1_595' title='bbox 2831 4001 3016 4071; x_wconf 85' lang='grc' dir='ltr'>χάριτι</span> <span class='ocrx_word' id='word_1_596' title='bbox 3046 4005 3140 4059; x_wconf 85' lang='grc' dir='ltr'>καὶ</span> <span class='ocrx_word' id='word_1_597' title='bbox 3171 4004 3556 4078; x_wconf 80' lang='grc' dir='ltr'>φιλανθρωπίᾳ</span> <span class='ocrx_word' id='word_1_598' title='bbox 3590 4007 3685 4061; x_wconf 82' lang='grc' dir='ltr'><strong>τοῦ</strong></span> 
     </span>
    </p>
   </div>
   <div class='ocr_carea' id='block_1_88' title="bbox 2102 4083 3684 4167">
    <p class='ocr_par' dir='ltr' id='par_1_88' title="bbox 2102 4083 3684 4167">
     <span class='ocr_line' id='line_1_88' title="bbox 2102 4083 3684 4167; baseline 0.012 -33"><span class='ocrx_word' id='word_1_599' title='bbox 2102 4083 2309 4154; x_wconf 86' lang='grc' dir='ltr'>Κυρίου</span> <span class='ocrx_word' id='word_1_600' title='bbox 2345 4087 2377 4155; x_wconf 86' lang='grc' dir='ltr'>ή</span> <span class='ocrx_word' id='word_1_601' title='bbox 2388 4086 2504 4155; x_wconf 88' lang='grc' dir='ltr'><strong>μῶν</strong></span> <span class='ocrx_word' id='word_1_602' title='bbox 2545 4089 2722 4160; x_wconf 88' lang='grc' dir='ltr'><strong>Ἰησοῦ</strong></span> <span class='ocrx_word' id='word_1_603' title='bbox 2749 4091 2991 4160; x_wconf 81' lang='grc' dir='ltr'>Χριστοῦ</span> <span class='ocrx_word' id='word_1_604' title='bbox 3016 4111 3032 4126; x_wconf 89' lang='grc'><strong>·</strong></span> <span class='ocrx_word' id='word_1_605' title='bbox 3056 4087 3101 4161; x_wconf 85' lang='grc' dir='ltr'>ᾧ</span> <span class='ocrx_word' id='word_1_606' title='bbox 3128 4097 3331 4167; x_wconf 82' lang='grc' dir='ltr'>πρέπει</span> <span class='ocrx_word' id='word_1_607' title='bbox 3360 4100 3509 4153; x_wconf 76' lang='grc' dir='ltr'>πᾶσα</span> <span class='ocrx_word' id='word_1_608' title='bbox 3536 4100 3684 4167; x_wconf 79' lang='grc' dir='ltr'>δόξα,</span> 
     </span>
    </p>
   </div>
   <div class='ocr_carea' id='block_1_89' title="bbox 2103 4175 3687 4263">
    <p class='ocr_par' dir='ltr' id='par_1_89' title="bbox 2103 4175 3687 4263">
     <span class='ocr_line' id='line_1_89' title="bbox 2103 4175 3687 4263; baseline 0.013 -38"><span class='ocrx_word' id='word_1_609' title='bbox 2103 4175 2325 4243; x_wconf 87' lang='grc' dir='ltr'>κράτος,</span> <span class='ocrx_word' id='word_1_610' title='bbox 2344 4177 2478 4248; x_wconf 82' lang='grc' dir='ltr'>τιμὴ</span> <span class='ocrx_word' id='word_1_611' title='bbox 2508 4181 2604 4232; x_wconf 71' lang='grc' dir='ltr'><strong>καὶ</strong></span> <span class='ocrx_word' id='word_1_612' title='bbox 2631 4183 3021 4255; x_wconf 81' lang='grc' dir='ltr'>προσκύνησις,</span> <span class='ocrx_word' id='word_1_613' title='bbox 3049 4188 3145 4240; x_wconf 81' lang='grc' dir='ltr'><strong>σὺν</strong></span> <span class='ocrx_word' id='word_1_614' title='bbox 3165 4188 3243 4257; x_wconf 79' lang='grc' dir='ltr'>τῷ</span> <span class='ocrx_word' id='word_1_615' title='bbox 3274 4192 3495 4263; x_wconf 80' lang='grc' dir='ltr'>ἀνάρχῳ</span> <span class='ocrx_word' id='word_1_616' title='bbox 3523 4192 3687 4245; x_wconf 74' lang='grc' dir='ltr'>αὑτοῦ</span> 
     </span>
    </p>
   </div>
   <div class='ocr_carea' id='block_1_90' title="bbox 2103 4264 3687 4353">
    <p class='ocr_par' dir='ltr' id='par_1_90' title="bbox 2103 4264 3687 4353">
     <span class='ocr_line' id='line_1_90' title="bbox 2103 4264 3687 4353; baseline 0.013 -36"><span class='ocrx_word' id='word_1_617' title='bbox 2103 4264 2305 4339; x_wconf 80' lang='grc' dir='ltr'>Πατρὶ,</span> <span class='ocrx_word' id='word_1_618' title='bbox 2353 4270 2448 4323; x_wconf 79' lang='grc' dir='ltr'><strong>καὶ</strong></span> <span class='ocrx_word' id='word_1_619' title='bbox 2489 4268 2568 4339; x_wconf 83' lang='grc' dir='ltr'>τῷ</span> <span class='ocrx_word' id='word_1_620' title='bbox 2613 4274 2866 4346; x_wconf 75' lang='grc' dir='ltr'>παναγίῳ</span> <span class='ocrx_word' id='word_1_621' title='bbox 2920 4277 3015 4330; x_wconf 75' lang='grc' dir='ltr'>καὶ</span> <span class='ocrx_word' id='word_1_622' title='bbox 3055 4278 3246 4351; x_wconf 78' lang='grc' dir='ltr'>ἁγαθῷ</span> <span class='ocrx_word' id='word_1_623' title='bbox 3285 4284 3380 4335; x_wconf 73' lang='grc' dir='ltr'>καὶ</span> <span class='ocrx_word' id='word_1_624' title='bbox 3433 4284 3687 4353; x_wconf 78' lang='grc' dir='ltr'>ζωοποιῷ</span> 
     </span>
    </p>
   </div>
   <div class='ocr_carea' id='block_1_91' title="bbox 2104 4358 3805 4441">
    <p class='ocr_par' dir='ltr' id='par_1_91' title="bbox 2104 4358 3805 4441">
     <span class='ocr_line' id='line_1_91' title="bbox 2104 4358 3805 4441; baseline 0.016 -32"><span class='ocrx_word' id='word_1_625' title='bbox 2104 4358 2404 4431; x_wconf 81' lang='grc' dir='ltr'>Ιίνεύματι,</span> <span class='ocrx_word' id='word_1_626' title='bbox 2434 4361 2529 4417; x_wconf 80' lang='grc' dir='ltr'>νῦν</span> <span class='ocrx_word' id='word_1_627' title='bbox 2563 4366 2657 4419; x_wconf 72' lang='grc' dir='ltr'><strong>καὶ</strong></span> <span class='ocrx_word' id='word_1_628' title='bbox 2686 4367 2773 4421; x_wconf 72' lang='grc' dir='ltr'><strong>ἀεὶ</strong></span> <span class='ocrx_word' id='word_1_629' title='bbox 2799 4371 2896 4424; x_wconf 76' lang='grc' dir='ltr'><strong>καὶ</strong></span> <span class='ocrx_word' id='word_1_630' title='bbox 2922 4372 3002 4436; x_wconf 85' lang='grc' dir='ltr'><strong>είς</strong></span> <span class='ocrx_word' id='word_1_631' title='bbox 3029 4373 3157 4437; x_wconf 83' lang='grc' dir='ltr'>τοὺς</span> <span class='ocrx_word' id='word_1_632' title='bbox 3185 4375 3386 4441; x_wconf 86' lang='grc' dir='ltr'>αίῶνας</span> <span class='ocrx_word' id='word_1_633' title='bbox 3412 4377 3521 4432; x_wconf 88' lang='grc' dir='ltr'><strong>τῶν</strong></span> <span class='ocrx_word' id='word_1_634' title='bbox 3553 4378 3685 4437; x_wconf 82' lang='grc' dir='ltr'>αίώ-</span> <span class='ocrx_word' id='word_1_635' title='bbox 3768 4391 3805 4413; x_wconf 65' lang='grc' dir='ltr'>ι’</span> 
     </span>
    </p>
   </div>
   <div class='ocr_carea' id='block_1_92' title="bbox 2103 4448 2489 4521">
    <p class='ocr_par' dir='ltr' id='par_1_92' title="bbox 2103 4448 2489 4521">
     <span class='ocr_line' id='line_1_92' title="bbox 2103 4448 2489 4521; baseline 0.01 -20"><span class='ocrx_word' id='word_1_636' title='bbox 2103 4463 2235 4502; x_wconf 84' lang='grc' dir='ltr'>νων.</span> <span class='ocrx_word' id='word_1_637' title='bbox 2293 4448 2489 4521; x_wconf 83' lang='grc' dir='ltr'><strong>Ἀμήν.</strong></span> 
     </span>
    </p>
   </div>
   <div class='ocr_carea' id='block_1_93' title="bbox 2650 4544 3103 4622">
    <p class='ocr_par' dir='ltr' id='par_1_93' title="bbox 2650 4544 3103 4622">
     <span class='ocr_line' id='line_1_93' title="bbox 2650 4544 3103 4622; baseline 0.02 -23"><span class='ocrx_word' id='word_1_638' title='bbox 2650 4612 2662 4622; x_wconf 46' lang='grc'><strong>,</strong></span> <span class='ocrx_word' id='word_1_639' title='bbox 2693 4544 2932 4601; x_wconf 78' lang='grc' dir='ltr'><strong>ΟΜΙΛΙΔ</strong></span> <span class='ocrx_word' id='word_1_640' title='bbox 2982 4551 3103 4608; x_wconf 89' lang='lat' dir='ltr'><strong>AZ&#39;.</strong></span> 
     </span>
    </p>
   </div>
   <div class='ocr_carea' id='block_1_94' title="bbox 2111 4653 3683 4737">
    <p class='ocr_par' dir='ltr' id='par_1_94' title="bbox 2111 4653 3683 4737">
     <span class='ocr_line' id='line_1_94' title="bbox 2111 4653 3683 4737; baseline 0.012 -33"><span class='ocrx_word' id='word_1_641' title='bbox 2111 4653 2215 4737; x_wconf 73' lang='grc' dir='ltr'><strong>Εἰς</strong></span> <span class='ocrx_word' id='word_1_642' title='bbox 2235 4655 2354 4722; x_wconf 78' lang='grc' dir='ltr'><strong>τὴν</strong></span> <span class='ocrx_word' id='word_1_643' title='bbox 2376 4654 2735 4737; x_wconf 63' lang='grc' dir='ltr'>πάνσεςττρν</span> <span class='ocrx_word' id='word_1_644' title='bbox 2755 4661 3054 4737; x_wconf 70' lang='grc' dir='ltr'>Κρίμησιν</span> <span class='ocrx_word' id='word_1_645' title='bbox 3078 4663 3191 4733; x_wconf 81' lang='grc' dir='ltr'>τῆς</span> <span class='ocrx_word' id='word_1_646' title='bbox 3216 4668 3683 4737; x_wconf 67' lang='grc' dir='ltr'>πανυπερὰγνου</span> 
     </span>
    </p>
   </div>
   <div class='ocr_carea' id='block_1_95' title="bbox 2177 4726 3685 4861">
    <p class='ocr_par' dir='ltr' id='par_1_95' title="bbox 2177 4726 3685 4861">
     <span class='ocr_line' id='line_1_95' title="bbox 2177 4726 3685 4861; baseline 0.013 -86"><span class='ocrx_word' id='word_1_647' title='bbox 2177 4726 2522 4861; x_wconf 42' lang='grc' dir='ltr'>ῂίοὲῗὲέῖιης</span> <span class='ocrx_word' id='word_1_648' title='bbox 2565 4728 2737 4797; x_wconf 72' lang='grc' dir='ltr'>ἡμῶν</span> <span class='ocrx_word' id='word_1_649' title='bbox 2788 4726 3082 4787; x_wconf 70' lang='grc' dir='ltr'>Θεοτόκου</span> <span class='ocrx_word' id='word_1_650' title='bbox 3132 4726 3233 4791; x_wconf 59' lang='grc' dir='ltr'><strong>καί</strong></span> <span class='ocrx_word' id='word_1_651' title='bbox 3288 4726 3685 4807; x_wconf 48' lang='grc' dir='ltr'>ἀειπαρθένου</span> 
     </span>
    </p>
   </div>
   <div class='ocr_carea' id='block_1_96' title="bbox 2180 4909 3685 4997">
    <p class='ocr_par' dir='ltr' id='par_1_96' title="bbox 2180 4909 3685 4997">
     <span class='ocr_line' id='line_1_96' title="bbox 2180 4909 3685 4997; baseline 0.012 -36"><span class='ocrx_word' id='word_1_652' title='bbox 2180 4909 2292 4980; x_wconf 83' lang='grc' dir='ltr'><strong>Τὴν</strong></span> <span class='ocrx_word' id='word_1_653' title='bbox 2337 4909 2479 4981; x_wconf 81' lang='grc' dir='ltr'>ἐμὴν</span> <span class='ocrx_word' id='word_1_654' title='bbox 2523 4912 2743 4981; x_wconf 86' lang='grc' dir='ltr'>ὁμιλίαν</span> <span class='ocrx_word' id='word_1_655' title='bbox 2791 4915 3029 4986; x_wconf 78' lang='grc' dir='ltr'>σήμερον</span> <span class='ocrx_word' id='word_1_656' title='bbox 3065 4917 3203 4988; x_wconf 86' lang='grc' dir='ltr'>πρὸς</span> <span class='ocrx_word' id='word_1_657' title='bbox 3248 4920 3349 4992; x_wconf 80' lang='grc' dir='ltr'>τὴν</span> <span class='ocrx_word' id='word_1_658' title='bbox 3409 4922 3685 4997; x_wconf 80' lang='grc' dir='ltr'>ὑμετέραν</span> 
     </span>
    </p>
   </div>
   <div class='ocr_carea' id='block_1_97' title="bbox 2108 5000 3685 5084">
    <p class='ocr_par' dir='ltr' id='par_1_97' title="bbox 2108 5000 3685 5084">
     <span class='ocr_line' id='line_1_97' title="bbox 2108 5000 3685 5084; baseline 0.01 -28"><span class='ocrx_word' id='word_1_659' title='bbox 2108 5000 2332 5072; x_wconf 79' lang='grc' dir='ltr'>ἀγάπην</span> <span class='ocrx_word' id='word_1_660' title='bbox 2360 5007 2454 5055; x_wconf 74' lang='grc' dir='ltr'>καὶ</span> <span class='ocrx_word' id='word_1_661' title='bbox 2481 5006 2645 5068; x_wconf 82' lang='grc' dir='ltr'>πόθος</span> <span class='ocrx_word' id='word_1_662' title='bbox 2668 5009 2812 5060; x_wconf 86' lang='grc' dir='ltr'>ποιεῖ</span> <span class='ocrx_word' id='word_1_663' title='bbox 2836 5009 2929 5060; x_wconf 79' lang='grc' dir='ltr'><strong>καὶ</strong></span> <span class='ocrx_word' id='word_1_664' title='bbox 2953 5009 3113 5081; x_wconf 80' lang='grc' dir='ltr'>χρέος</span> <span class='ocrx_word' id='word_1_665' title='bbox 3134 5027 3147 5041; x_wconf 92' lang='grc'><strong>·</strong></span> <span class='ocrx_word' id='word_1_666' title='bbox 3177 5012 3239 5066; x_wconf 84' lang='grc' dir='ltr'><strong>οὐ</strong></span> <span class='ocrx_word' id='word_1_667' title='bbox 3271 5014 3432 5084; x_wconf 83' lang='grc' dir='ltr'>μόνον</span> <span class='ocrx_word' id='word_1_668' title='bbox 3460 5017 3545 5071; x_wconf 83' lang='grc' dir='ltr'><strong>ὅτι</strong></span> <span class='ocrx_word' id='word_1_669' title='bbox 3565 5024 3685 5082; x_wconf 86' lang='grc' dir='ltr'>ταῖς</span> 
     </span>
    </p>
   </div>
   <div class='ocr_carea' id='block_1_98' title="bbox 424 5083 2003 5182">
    <p class='ocr_par' dir='ltr' id='par_1_98' title="bbox 424 5083 2003 5150">
     <span class='ocr_line' id='line_1_98' title="bbox 424 5083 2003 5150; baseline -0.004 -6"><span class='ocrx_word' id='word_1_670' title='bbox 424 5088 654 5144; x_wconf 86' lang='lat' dir='ltr'><strong>auribus</strong></span> <span class='ocrx_word' id='word_1_671' title='bbox 688 5086 881 5142; x_wconf 85' lang='lat' dir='ltr'><strong>vestris</strong></span> <span class='ocrx_word' id='word_1_672' title='bbox 913 5100 1224 5142; x_wconf 85' lang='lat' dir='ltr'><strong>sermonem</strong></span> <span class='ocrx_word' id='word_1_673' title='bbox 1276 5083 1566 5140; x_wconf 83' lang='lat' dir='ltr'><strong>infundere</strong></span> <span class='ocrx_word' id='word_1_674' title='bbox 1605 5090 1924 5150; x_wconf 79' lang='lat' dir='ltr'><strong>salutarem,</strong></span> <span class='ocrx_word' id='word_1_675' title='bbox 1950 5092 2003 5138; x_wconf 88' lang='lat' dir='ltr'><strong>et</strong></span> 
     </span>
    </p>
   </div>
   <div class='ocr_carea' id='block_1_99' title="bbox 2112 5083 3685 5182">
    <p class='ocr_par' dir='ltr' id='par_1_99' title="bbox 2115 5083 3685 5182">
     <span class='ocr_line' id='line_1_99' title="bbox 2115 5083 3685 5182; baseline 0.013 -36"><span class='ocrx_word' id='word_1_676' title='bbox 2115 5094 2390 5163; x_wconf 79' lang='grc' dir='ltr'>φιλοθέοις</span> <span class='ocrx_word' id='word_1_677' title='bbox 2430 5099 2584 5169; x_wconf 81' lang='grc' dir='ltr'>ὑμῶν</span> <span class='ocrx_word' id='word_1_678' title='bbox 2622 5102 2812 5164; x_wconf 87' lang='grc' dir='ltr'>ἀκοαῖς</span> <span class='ocrx_word' id='word_1_679' title='bbox 2847 5104 3046 5167; x_wconf 78' lang='grc' dir='ltr'>ἐνιέναι</span> <span class='ocrx_word' id='word_1_680' title='bbox 3081 5106 3237 5176; x_wconf 85' lang='grc' dir='ltr'>λόγον</span> <span class='ocrx_word' id='word_1_681' title='bbox 3269 5112 3556 5182; x_wconf 82' lang='grc' dir='ltr'>σωτήριον,</span> <span class='ocrx_word' id='word_1_682' title='bbox 3591 5116 3685 5167; x_wconf 77' lang='grc' dir='ltr'><strong>καὶ</strong></span> 
     </span>
    </p>
   </div>
   <div class='ocr_carea' id='block_1_100' title="bbox 424 5178 2001 5246">
    <p class='ocr_par' dir='ltr' id='par_1_100' title="bbox 424 5178 2001 5246">
     <span class='ocr_line' id='line_1_100' title="bbox 424 5178 2001 5246; baseline -0.003 -12"><span class='ocrx_word' id='word_1_683' title='bbox 424 5180 551 5234; x_wconf 87' lang='lat' dir='ltr'><strong>inde</strong></span> <span class='ocrx_word' id='word_1_684' title='bbox 585 5188 792 5234; x_wconf 87' lang='lat' dir='ltr'><strong>vestras</strong></span> <span class='ocrx_word' id='word_1_685' title='bbox 817 5178 1058 5232; x_wconf 82' lang='lat' dir='ltr'><strong>enutrirc</strong></span> <span class='ocrx_word' id='word_1_686' title='bbox 1080 5178 1317 5242; x_wconf 85' lang='lat' dir='ltr'><strong>animas,</strong></span> <span class='ocrx_word' id='word_1_687' title='bbox 1340 5186 1393 5232; x_wconf 92' lang='lat' dir='ltr'><strong>et</strong></span> <span class='ocrx_word' id='word_1_688' title='bbox 1420 5178 1542 5233; x_wconf 85' lang='lat' dir='ltr'><strong>volo</strong></span> <span class='ocrx_word' id='word_1_689' title='bbox 1576 5188 1800 5246; x_wconf 88' lang='lat' dir='ltr'><strong>propter</strong></span> <span class='ocrx_word' id='word_1_690' title='bbox 1827 5191 2001 5230; x_wconf 88' lang='lat' dir='ltr'><strong>meam</strong></span> 
     </span>
    </p>
   </div>
   <div class='ocr_carea' id='block_1_101' title="bbox 422 5270 2000 5342">
    <p class='ocr_par' dir='ltr' id='par_1_101' title="bbox 422 5270 2000 5342">
     <span class='ocr_line' id='line_1_101' title="bbox 422 5270 2000 5342; baseline -0.003 -15"><span class='ocrx_word' id='word_1_691' title='bbox 422 5287 546 5342; x_wconf 72' lang='lat' dir='ltr'><strong>erga</strong></span> <span class='ocrx_word' id='word_1_692' title='bbox 584 5287 680 5326; x_wconf 83' lang='lat' dir='ltr'><strong>vos</strong></span> <span class='ocrx_word' id='word_1_693' title='bbox 733 5272 1082 5333; x_wconf 84' lang='lat' dir='ltr'><strong>charitatem,</strong></span> <span class='ocrx_word' id='word_1_694' title='bbox 1138 5279 1191 5324; x_wconf 89' lang='lat' dir='ltr'><strong>et</strong></span> <span class='ocrx_word' id='word_1_695' title='bbox 1228 5270 1401 5325; x_wconf 90' lang='lat' dir='ltr'><strong>debeo</strong></span> <span class='ocrx_word' id='word_1_696' title='bbox 1428 5270 1731 5325; x_wconf 89' lang='lat' dir='ltr'><strong>secundum</strong></span> <span class='ocrx_word' id='word_1_697' title='bbox 1780 5278 2000 5324; x_wconf 87' lang='lat' dir='ltr'><strong>sanctos</strong></span> 
     </span>
    </p>
   </div>
   <div class='ocr_carea' id='block_1_102' title="bbox 423 5359 1993 5430">
    <p class='ocr_par' dir='ltr' id='par_1_102' title="bbox 423 5359 1993 5430">
     <span class='ocr_line' id='line_1_102' title="bbox 423 5359 1993 5430; baseline -0.001 -13"><span class='ocrx_word' id='word_1_698' title='bbox 423 5378 701 5428; x_wconf 82' lang='lat' dir='ltr'><strong>canones;</strong></span> <span class='ocrx_word' id='word_1_699' title='bbox 730 5362 822 5416; x_wconf 80' lang='lat' dir='ltr'><strong>sed</strong></span> <span class='ocrx_word' id='word_1_700' title='bbox 855 5363 1120 5428; x_wconf 75' lang='lat' dir='ltr'><strong>quoniam</strong></span> <span class='ocrx_word' id='word_1_701' title='bbox 1147 5361 1194 5415; x_wconf 89' lang='lat' dir='ltr'><strong>si</strong></span> <span class='ocrx_word' id='word_1_702' title='bbox 1223 5359 1352 5429; x_wconf 76' lang='lat' dir='ltr'><strong>quid</strong></span> <span class='ocrx_word' id='word_1_703' title='bbox 1372 5361 1565 5427; x_wconf 90' lang='lat' dir='ltr'><strong>debeo,</strong></span> <span class='ocrx_word' id='word_1_704' title='bbox 1606 5361 1650 5415; x_wconf 88' lang='lat' dir='ltr'><strong>si</strong></span> <span class='ocrx_word' id='word_1_705' title='bbox 1683 5361 1812 5430; x_wconf 87' lang='lat' dir='ltr'><strong>quid</strong></span> <span class='ocrx_word' id='word_1_706' title='bbox 1849 5377 1993 5427; x_wconf 87' lang='lat' dir='ltr'><strong>amo,</strong></span> 
     </span>
    </p>
   </div>
   <div class='ocr_carea' id='block_1_103' title="bbox 423 5451 2002 5523">
    <p class='ocr_par' dir='ltr' id='par_1_103' title="bbox 423 5451 2002 5523">
     <span class='ocr_line' id='line_1_103' title="bbox 423 5451 2002 5523; baseline -0.001 -15"><span class='ocrx_word' id='word_1_707' title='bbox 423 5464 575 5509; x_wconf 88' lang='lat' dir='ltr'><strong>certo</strong></span> <span class='ocrx_word' id='word_1_708' title='bbox 624 5454 677 5506; x_wconf 91' lang='lat' dir='ltr'><strong>in</strong></span> <span class='ocrx_word' id='word_1_709' title='bbox 710 5453 907 5523; x_wconf 86' lang='lat' dir='ltr'><strong>primis</strong></span> <span class='ocrx_word' id='word_1_710' title='bbox 939 5461 1023 5506; x_wconf 86' lang='lat' dir='ltr'><strong>est</strong></span> <span class='ocrx_word' id='word_1_711' title='bbox 1065 5466 1188 5507; x_wconf 91' lang='lat' dir='ltr'><strong>cum</strong></span> <span class='ocrx_word' id='word_1_712' title='bbox 1224 5451 1383 5506; x_wconf 90' lang='lat' dir='ltr'><strong>laude</strong></span> <span class='ocrx_word' id='word_1_713' title='bbox 1436 5452 1694 5507; x_wconf 74' lang='lat' dir='ltr'><strong>Ecclesia:</strong></span> <span class='ocrx_word' id='word_1_714' title='bbox 1745 5468 2002 5507; x_wconf 80' lang='lat' dir='ltr'><strong>enarrare</strong></span> 
     </span>
    </p>
   </div>
   <div class='ocr_carea' id='block_1_104' title="bbox 423 5543 1999 5615">
    <p class='ocr_par' dir='ltr' id='par_1_104' title="bbox 423 5543 1999 5615">
     <span class='ocr_line' id='line_1_104' title="bbox 423 5543 1999 5615; baseline -0.001 -15"><span class='ocrx_word' id='word_1_715' title='bbox 423 5560 641 5613; x_wconf 88' lang='lat' dir='ltr'><strong>semper</strong></span> <span class='ocrx_word' id='word_1_716' title='bbox 672 5544 897 5615; x_wconf 81' lang='lat' dir='ltr'><strong>virginis</strong></span> <span class='ocrx_word' id='word_1_717' title='bbox 934 5543 1172 5613; x_wconf 63' lang='lat' dir='ltr'><strong>lleipartc</strong></span> <span class='ocrx_word' id='word_1_718' title='bbox 1209 5544 1499 5613; x_wconf 80' lang='lat' dir='ltr'><strong>magnalia.</strong></span> <span class='ocrx_word' id='word_1_719' title='bbox 1537 5545 1640 5599; x_wconf 91' lang='lat' dir='ltr'><strong>Sed</strong></span> <span class='ocrx_word' id='word_1_720' title='bbox 1663 5548 1789 5599; x_wconf 92' lang='lat' dir='ltr'><strong>dum</strong></span> <span class='ocrx_word' id='word_1_721' title='bbox 1824 5561 1999 5613; x_wconf 86' lang='lat' dir='ltr'><strong>amor,</strong></span> 
     </span>
    </p>
   </div>
   <div class='ocr_carea' id='block_1_105' title="bbox 423 5636 1997 5706">
    <p class='ocr_par' dir='ltr' id='par_1_105' title="bbox 423 5636 1997 5706">
     <span class='ocr_line' id='line_1_105' title="bbox 423 5636 1997 5706; baseline 0.003 -18"><span class='ocrx_word' id='word_1_722' title='bbox 423 5638 516 5706; x_wconf 88' lang='lat' dir='ltr'><strong>qui</strong></span> <span class='ocrx_word' id='word_1_723' title='bbox 550 5652 648 5706; x_wconf 91' lang='lat' dir='ltr'><strong>pro</strong></span> <span class='ocrx_word' id='word_1_724' title='bbox 678 5650 788 5689; x_wconf 91' lang='lat' dir='ltr'><strong>uno</strong></span> <span class='ocrx_word' id='word_1_725' title='bbox 824 5636 1021 5705; x_wconf 84' lang='lat' dir='ltr'><strong>duplex</strong></span> <span class='ocrx_word' id='word_1_726' title='bbox 1064 5644 1171 5699; x_wconf 88' lang='lat' dir='ltr'><strong>est,</strong></span> <span class='ocrx_word' id='word_1_727' title='bbox 1200 5637 1381 5706; x_wconf 83' lang='lat' dir='ltr'><strong>erigit,</strong></span> <span class='ocrx_word' id='word_1_728' title='bbox 1403 5639 1603 5691; x_wconf 84' lang='lat' dir='ltr'><strong>excitat</strong></span> <span class='ocrx_word' id='word_1_729' title='bbox 1628 5651 1683 5693; x_wconf 88' lang='lat' dir='ltr'><strong>et</strong></span> <span class='ocrx_word' id='word_1_730' title='bbox 1710 5641 1997 5701; x_wconf 84' lang='lat' dir='ltr'><strong>convertit,</strong></span> 
     </span>
    </p>
   </div>
   <div class='ocr_carea' id='block_1_106' title="bbox 424 5724 1999 5798">
    <p class='ocr_par' dir='ltr' id='par_1_106' title="bbox 424 5724 1999 5798">
     <span class='ocr_line' id='line_1_106' title="bbox 424 5724 1999 5798; baseline 0.005 -23"><span class='ocrx_word' id='word_1_731' title='bbox 424 5734 479 5775; x_wconf 86' lang='lat' dir='ltr'><strong>ct</strong></span> <span class='ocrx_word' id='word_1_732' title='bbox 515 5724 755 5778; x_wconf 88' lang='lat' dir='ltr'><strong>debitum</strong></span> <span class='ocrx_word' id='word_1_733' title='bbox 821 5725 1361 5793; x_wconf 81' lang='lat' dir='ltr'><strong>urgetimplacabile,</strong></span> <span class='ocrx_word' id='word_1_734' title='bbox 1433 5743 1613 5782; x_wconf 86' lang='lat' dir='ltr'><strong>sermo</strong></span> <span class='ocrx_word' id='word_1_735' title='bbox 1657 5746 1760 5783; x_wconf 87' lang='lat' dir='ltr'><strong>non</strong></span> <span class='ocrx_word' id='word_1_736' title='bbox 1823 5738 1999 5798; x_wconf 81' lang='lat' dir='ltr'><strong>potest</strong></span> 
     </span>
    </p>
   </div>
   <div class='ocr_carea' id='block_1_107' title="bbox 493 5840 1020 5908">
    <p class='ocr_par' dir='ltr' id='par_1_107' title="bbox 493 5840 1020 5908">
     <span class='ocr_line' id='line_1_107' title="bbox 493 5840 1020 5908; baseline -0.002 -12"><span class='ocrx_word' id='word_1_737' title='bbox 493 5840 538 5873; x_wconf 82' lang='grc'><strong>⁸³</strong></span> <span class='ocrx_word' id='word_1_738' title='bbox 580 5841 785 5898; x_wconf 85' lang='lat' dir='ltr'><strong>Coloss.</strong></span> <span class='ocrx_word' id='word_1_739' title='bbox 821 5858 897 5908; x_wconf 84' lang='lat' dir='ltr'><strong>ut,</strong></span> <span class='ocrx_word' id='word_1_740' title='bbox 936 5840 1020 5895; x_wconf 70' lang='grc'><strong>12.</strong></span> 
     </span>
    </p>
   </div>
   <div class='ocr_carea' id='block_1_108' title="bbox 2116 5186 3681 5273">
    <p class='ocr_par' dir='ltr' id='par_1_108' title="bbox 2116 5186 3681 5273">
     <span class='ocr_line' id='line_1_108' title="bbox 2116 5186 3681 5273; baseline 0.006 -35"><span class='ocrx_word' id='word_1_741' title='bbox 2116 5189 2341 5258; x_wconf 81' lang='grc' dir='ltr'>τρέφειν</span> <span class='ocrx_word' id='word_1_742' title='bbox 2397 5186 2651 5247; x_wconf 75' lang='grc' dir='ltr'>ἐντεῦθεν</span> <span class='ocrx_word' id='word_1_743' title='bbox 2704 5195 2802 5258; x_wconf 82' lang='grc' dir='ltr'>τὰς</span> <span class='ocrx_word' id='word_1_744' title='bbox 2836 5195 3106 5265; x_wconf 76' lang='grc' dir='ltr'>ὑμετέρας</span> <span class='ocrx_word' id='word_1_745' title='bbox 3143 5199 3338 5270; x_wconf 80' lang='grc' dir='ltr'>ψυχὰς,</span> <span class='ocrx_word' id='word_1_746' title='bbox 3369 5206 3488 5259; x_wconf 68' lang='grc' dir='ltr'>’καὶ</span> <span class='ocrx_word' id='word_1_747' title='bbox 3552 5203 3681 5273; x_wconf 74' lang='grc' dir='ltr'><strong>βού-</strong></span> 
     </span>
    </p>
   </div>
   <div class='ocr_carea' id='block_1_109' title="bbox 2107 5277 3681 5364">
    <p class='ocr_par' dir='ltr' id='par_1_109' title="bbox 2107 5277 3681 5364">
     <span class='ocr_line' id='line_1_109' title="bbox 2107 5277 3681 5364; baseline 0.011 -33"><span class='ocrx_word' id='word_1_748' title='bbox 2107 5277 2272 5349; x_wconf 86' lang='grc' dir='ltr'>λομαι</span> <span class='ocrx_word' id='word_1_749' title='bbox 2296 5280 2385 5334; x_wconf 82' lang='grc' dir='ltr'>διὰ</span> <span class='ocrx_word' id='word_1_750' title='bbox 2413 5282 2510 5352; x_wconf 78' lang='grc' dir='ltr'>τὴν</span> <span class='ocrx_word' id='word_1_751' title='bbox 2536 5284 2674 5355; x_wconf 87' lang='grc' dir='ltr'>πρὸς</span> <span class='ocrx_word' id='word_1_752' title='bbox 2695 5285 2839 5356; x_wconf 81' lang='grc' dir='ltr'>ὑμᾶς</span> <span class='ocrx_word' id='word_1_753' title='bbox 2869 5288 3113 5361; x_wconf 79' lang='grc' dir='ltr'>ἀγάπην,</span> <span class='ocrx_word' id='word_1_754' title='bbox 3153 5291 3248 5345; x_wconf 77' lang='grc' dir='ltr'>καὶ</span> <span class='ocrx_word' id='word_1_755' title='bbox 3285 5292 3560 5358; x_wconf 85' lang='grc' dir='ltr'>ὀφείλεταί</span> <span class='ocrx_word' id='word_1_756' title='bbox 3588 5312 3681 5364; x_wconf 89' lang='grc' dir='ltr'><strong>μοι</strong></span> 
     </span>
    </p>
   </div>
   <div class='ocr_carea' id='block_1_110' title="bbox 2107 5371 3683 5455">
    <p class='ocr_par' dir='ltr' id='par_1_110' title="bbox 2107 5371 3683 5455">
     <span class='ocr_line' id='line_1_110' title="bbox 2107 5371 3683 5455; baseline 0.012 -33"><span class='ocrx_word' id='word_1_757' title='bbox 2107 5371 2247 5423; x_wconf 87' lang='grc' dir='ltr'><strong>κατά</strong></span> <span class='ocrx_word' id='word_1_758' title='bbox 2278 5371 2513 5442; x_wconf 74' lang='grc' dir='ltr'>θεσμοὺς</span> <span class='ocrx_word' id='word_1_759' title='bbox 2543 5375 2723 5445; x_wconf 80' lang='grc' dir='ltr'>ἱεροὺς</span> <span class='ocrx_word' id='word_1_760' title='bbox 2746 5416 2761 5440; x_wconf 94' lang='grc'><strong>,</strong></span> <span class='ocrx_word' id='word_1_761' title='bbox 2809 5377 2924 5429; x_wconf 80' lang='grc' dir='ltr'>ἀλλ’</span> <span class='ocrx_word' id='word_1_762' title='bbox 2957 5380 3036 5435; x_wconf 82' lang='grc' dir='ltr'><strong>ὅτι</strong></span> <span class='ocrx_word' id='word_1_763' title='bbox 3064 5382 3157 5436; x_wconf 81' lang='grc' dir='ltr'><strong>καὶ</strong></span> <span class='ocrx_word' id='word_1_764' title='bbox 3186 5384 3292 5438; x_wconf 87' lang='grc' dir='ltr'><strong>τῶν</strong></span> <span class='ocrx_word' id='word_1_765' title='bbox 3334 5401 3683 5455; x_wconf 75' lang='grc' dir='ltr'>κεχρεωστηι-</span> 
     </span>
    </p>
   </div>
   <div class='ocr_carea' id='block_1_111' title="bbox 2103 5462 3680 5543">
    <p class='ocr_par' dir='ltr' id='par_1_111' title="bbox 2103 5462 3680 5543">
     <span class='ocr_line' id='line_1_111' title="bbox 2103 5462 3680 5543; baseline 0.01 -32"><span class='ocrx_word' id='word_1_766' title='bbox 2103 5462 2281 5529; x_wconf 84' lang='grc' dir='ltr'>μένων</span> <span class='ocrx_word' id='word_1_767' title='bbox 2312 5464 2435 5530; x_wconf 71' lang='grc' dir='ltr'>ἐμοὶ</span> <span class='ocrx_word' id='word_1_768' title='bbox 2466 5464 2558 5515; x_wconf 77' lang='grc' dir='ltr'><strong>καὶ</strong></span> <span class='ocrx_word' id='word_1_769' title='bbox 2588 5466 2972 5537; x_wconf 82' lang='grc' dir='ltr'>πεφιλημένων</span> <span class='ocrx_word' id='word_1_770' title='bbox 2995 5471 3153 5541; x_wconf 78' lang='grc' dir='ltr'>εἴπερ</span> <span class='ocrx_word' id='word_1_771' title='bbox 3176 5489 3227 5524; x_wconf 88' lang='grc' dir='ltr'><strong>τι</strong></span> <span class='ocrx_word' id='word_1_772' title='bbox 3262 5474 3381 5542; x_wconf 79' lang='grc' dir='ltr'>μετ’</span> <span class='ocrx_word' id='word_1_773' title='bbox 3404 5475 3680 5543; x_wconf 80' lang='grc' dir='ltr'>εὐφημίας</span> 
     </span>
    </p>
   </div>
   <div class='ocr_carea' id='block_1_112' title="bbox 2108 5550 3680 5634">
    <p class='ocr_par' dir='ltr' id='par_1_112' title="bbox 2108 5550 3680 5634">
     <span class='ocr_line' id='line_1_112' title="bbox 2108 5550 3680 5634; baseline 0.01 -33"><span class='ocrx_word' id='word_1_774' title='bbox 2108 5550 2197 5603; x_wconf 81' lang='grc' dir='ltr'><strong>ἐπ’</strong></span> <span class='ocrx_word' id='word_1_775' title='bbox 2236 5551 2567 5621; x_wconf 83' lang='grc' dir='ltr'>Ἐκκλησίας</span> <span class='ocrx_word' id='word_1_776' title='bbox 2604 5555 2978 5627; x_wconf 72' lang='grc' dir='ltr'>ἐκδιηγεῖσθαι</span> <span class='ocrx_word' id='word_1_777' title='bbox 3009 5561 3076 5613; x_wconf 85' lang='grc' dir='ltr'>τὰ</span> <span class='ocrx_word' id='word_1_778' title='bbox 3119 5561 3383 5627; x_wconf 76' lang='grc' dir='ltr'>μεγαλεῖα</span> <span class='ocrx_word' id='word_1_779' title='bbox 3424 5565 3524 5634; x_wconf 83' lang='grc' dir='ltr'><strong>τῆς</strong></span> <span class='ocrx_word' id='word_1_780' title='bbox 3562 5563 3680 5619; x_wconf 63' lang='lat' dir='ltr'><strong>duo</strong></span> 
     </span>
    </p>
   </div>
   <div class='ocr_carea' id='block_1_113' title="bbox 2099 5635 3674 5722">
    <p class='ocr_par' dir='ltr' id='par_1_113' title="bbox 2099 5635 3674 5722">
     <span class='ocr_line' id='line_1_113' title="bbox 2099 5635 3674 5722; baseline 0.01 -31"><span class='ocrx_word' id='word_1_781' title='bbox 2099 5641 2371 5712; x_wconf 82' lang='grc' dir='ltr'>παρθένου</span> <span class='ocrx_word' id='word_1_782' title='bbox 2420 5643 2511 5695; x_wconf 74' lang='grc' dir='ltr'><strong>καὶ</strong></span> <span class='ocrx_word' id='word_1_783' title='bbox 2543 5645 2907 5717; x_wconf 80' lang='grc' dir='ltr'>Θεομήτορος.</span> <span class='ocrx_word' id='word_1_784' title='bbox 2954 5647 3093 5702; x_wconf 84' lang='grc' dir='ltr'><strong>Ἀλλ’</strong></span> <span class='ocrx_word' id='word_1_785' title='bbox 3125 5635 3169 5704; x_wconf 43' lang='grc' dir='ltr'><em>’ὀ</em></span> <span class='ocrx_word' id='word_1_786' title='bbox 3216 5652 3318 5722; x_wconf 80' lang='grc' dir='ltr'>μὲν</span> <span class='ocrx_word' id='word_1_787' title='bbox 3365 5654 3529 5716; x_wconf 82' lang='grc' dir='ltr'>πόθος</span> <span class='ocrx_word' id='word_1_788' title='bbox 3557 5653 3674 5706; x_wconf 81' lang='grc' dir='ltr'>ἀνθ’</span> 
     </span>
    </p>
   </div>
   <div class='ocr_carea' id='block_1_114' title="bbox 2100 5732 3749 5818">
    <p class='ocr_par' dir='ltr' id='par_1_114' title="bbox 2100 5732 3749 5818">
     <span class='ocr_line' id='line_1_114' title="bbox 2100 5732 3749 5818; baseline 0.012 -35"><span class='ocrx_word' id='word_1_789' title='bbox 2100 5732 2273 5784; x_wconf 81' lang='grc' dir='ltr'>ἁπλοῦ</span> <span class='ocrx_word' id='word_1_790' title='bbox 2302 5733 2524 5797; x_wconf 74' lang='grc' dir='ltr'>διπλοῦς</span> <span class='ocrx_word' id='word_1_791' title='bbox 2557 5734 2653 5803; x_wconf 81' lang='grc' dir='ltr'><strong>ὢν,</strong></span> <span class='ocrx_word' id='word_1_792' title='bbox 2687 5739 2905 5810; x_wconf 83' lang='grc' dir='ltr'>ἐπαίρει</span> <span class='ocrx_word' id='word_1_793' title='bbox 2947 5744 3038 5795; x_wconf 73' lang='grc' dir='ltr'><strong>καὶ</strong></span> <span class='ocrx_word' id='word_1_794' title='bbox 3089 5748 3398 5816; x_wconf 69' lang='grc' dir='ltr'>παρακαλεῖ</span> <span class='ocrx_word' id='word_1_795' title='bbox 3425 5747 3518 5802; x_wconf 81' lang='grc' dir='ltr'>καὶ</span> <span class='ocrx_word' id='word_1_796' title='bbox 3545 5764 3681 5818; x_wconf 85' lang='grc' dir='ltr'>προ-</span> <span class='ocrx_word' id='word_1_797' title='bbox 3718 5750 3749 5779; x_wconf 78' lang='lat'><strong>‘</strong></span> 
     </span>
    </p>
   </div>
  </div>
