4014 6430
352 339 452 404 4³⁷1

1635 344 1964 403 IlOMILIA
1999 343 2295 404 XXXVII.
3512 331 3618 396 ῌΞΞ

350 461 652 530 τρέπεται·
684 458 744 513 τὸ
774 458 831 513 ’δὲ
857 459 952 512 τοῦ
986 461 1182 532 χρέους
1209 461 1585 531 ἀπαραίτητον
1611 469 1705 515 καὶ
1739 462 1924 532 βιάζε-

2038 459 2328 529 pervadere
2354 456 2420 510 ad
2456 472 2517 510 ea
2558 470 2679 525 quae
2713 469 2876 524 supra
2916 465 3221 508 sermonem
3258 451 3429 521 posita
3464 461 3614 507 sunt.

348 569 464 615 ται,
487 554 514 604 6
534 551 587 603 δὲ
620 551 776 618 λόγος
808 553 1158 621 προσϐαίνειν
1187 556 1298 616 τοῖς
1323 555 1462 624 ὑπὲρ
1489 555 1645 622 λόγον
1671 557 1768 609 οὐκ
1791 557 1924 626 ἔχει.

349 643 541 713 ὥσπερ
576 645 684 696 οὐδ’
717 644 996 712 ὀφθαλμὸς
1035 645 1168 715 ἡλίῳ
1217 648 1498 716 προσορᾷν
1531 647 1734 708 ἀτενῶς
1761 666 1774 680 ·
1807 651 1930 701 ἐπεὶ

348 737 395 789 δ’
426 737 578 803 ὅμως
621 736 802 802 λέγειν
835 736 934 804 μὲν
966 737 1064 789 οὐκ
1116 737 1231 789 ἔστι
1263 740 1328 792 τὰ
1362 741 1501 809 ὑπὲρ
1527 740 1706 808 λόγον,
1741 740 1931 808 ὑμνεῖν
1977 781 1980 786 -

349 829 396 882 δ’
427 828 602 892 ἔξεστι
627 829 1010 901 φιλανθρωπίᾳ
1043 830 1150 882 τῶν
1179 832 1554 900 ύμνουμένων,
1587 833 1665 885 ἔνι
1697 835 1791 886 καὶ
1821 833 1931 885 τῶν

352 919 647 989 ἀψαύστων
680 922 945 989 μηδαμῶς
975 920 1206 990 ψαῦσαι,
1232 925 1325 977 καὶ
1354 926 1452 992 τὴν
1472 925 1560 977 διὰ
1579 923 1754 993 λόγων
1781 926 1930 992 ὀφει-

352 1013 448 1081 λὴν
499 1012 813 1075 ἀποδοῦναι,
847 1015 939 1066 καὶ
978 1015 1067 1067 τὸν
1108 1015 1242 1082 πρὸς
1275 1016 1372 1085 τὴν
1403 1016 1728 1086 Θεομήτορα
1768 1017 1931 1069 πόθον

352 1103 440 1156 διὰ
469 1103 578 1155 τῶν
614 1104 752 1173 πρὸς
798 1105 1031 1173 δύναμιν
1071 1106 1258 1175 ὓμνων
1295 1107 1730 1174 ἀφοσιώσασθαι.
1776 1109 1838 1161 Ei
1874 1109 1931 1161 δὲ

352 1196 449 1248 καὶ
485 1193 666 1265 τίμιος
695 1198 723 1248 6
755 1196 987 1260 θάνατος
1018 1199 1125 1250 τῶν
1151 1201 1334 1263 ὁσίων,
1370 1203 1462 1252 καὶ
1499 1202 1686 1270 μνήμη
1721 1201 1931 1252 δικαίου

359 1287 473 1355 μετ’
507 1289 822 1357 ἐγκωμίων,
861 1289 1012 1359 πόσῳ
1037 1291 1238 1361 μᾶλλον
1267 1292 1368 1359 τῆς
1401 1293 1507 1344 τῶν
1537 1293 1707 1360 ἁγίων
1744 1295 1930 1360 ἁγίας,

355 1377 448 1429 καὶ
466 1372 615 1448 δι’ἦς
646 1380 755 1442 πᾶς
786 1381 1055 1448 ἁγιασμὸς
1081 1386 1192 1445 τοῖς
1226 1385 1421 1448 ἁγίοις,
1455 1385 1554 1454 τὴν
1582 1386 1678 1454 τῆς
1702 1386 1930 1454 ἀειπαρ-

356 1469 512 1521 θένου
552 1469 644 1522 καὶ
675 1472 1023 1542 Θεομήτορος
1053 1474 1198 1542 λέγω
1239 1476 1461 1545 μνήμην
1496 1478 1612 1544 μετ’
1644 1477 1933 1545 εὐφημιῶν

357 1561 504 1628 ἡμᾶς
521 1561 630 1612 τῶν
663 1561 938 1629 μεγίστων
959 1565 1134 1616 ποιεῖν
1164 1565 1441 1634 προσῆκεν
1467 1581 1482 1630 ;
1506 1565 1679 1618 Ὠσπε
1690 1583 1719 1635 ρ
1752 1566 1814 1634 δὴ
1842 1567 1934 1618 καὶ

359 1650 619 1720 ποιοῦμεν
654 1653 1028 1718 ἑορτάζοντες,
1062 1658 1154 1708 καὶ
1201 1657 1300 1728 τὴν
1342 1660 1588 1728 σήμερον
1633 1661 1935 1728 γενομένην

355 1743 564 1814 ταύτης
593 1746 756 1812 ἁγίαν
786 1748 1050 1817 κοίμησιν
1086 1750 1119 1822 ἢ
1162 1751 1514 1819 μεταϐίωσιν,
1548 1752 1616 1805 δι’
1657 1755 1722 1824 ἣν
1757 1753 1932 1824 βραχύ

357 1853 413 1889 τι
459 1837 590 1906 παρ’
625 1839 892 1905 ἀγγέλους
935 1840 1318 1910 ἡλαττωμένη,
1364 1843 1457 1895 καὶ
1493 1845 1620 1906 τοὺς
1662 1844 1934 1911 ἀγγέλους

359 1929 453 1982 καὶ
483 1928 610 1991 τοὺς
661 1931 1039 2000 ἀρχαγγέλους
1068 1935 1162 1987 καὶ
1190 1935 1286 1998 τὰς
1318 1935 1459 2004 ὑπὲρ
1498 1936 1722 2000 τούτους
1757 1937 1932 2008 ὑπερ-

358 2021 621 2092 κοσμίους
651 2023 830 2086 πάσας
861 2024 1118 2094 δυνάμεις
1144 2025 1632 2096 ὑπεραναϐἐϐηκεν
1660 2029 1931 2100 ἀσυγκρίο

356 2129 468 2175 τως
491 2115 555 2181 τῇ
587 2114 722 2183 πρὸς
750 2114 958 2167 τὸνὲπὶ
982 2117 1203 2170 πάντων
1224 2118 1356 2171 Θεὸν
1383 2120 1664 2190 ὲγγύτητι,
1700 2122 1793 2174 καὶ
1819 2124 1932 2186 τοῖς

358 2205 418 2264 ἐξ
466 2204 657 2267 αἰῶνος
702 2205 1109 2277 γεγραμμένοις
1151 2225 1210 2260 τε
1253 2210 1348 2260 καί⁴
1397 2209 1805 2278 τετελεσμένοις
1841 2211 1930 2262 ἐπ’

355 2297 492 2368 αὐτῇ
531 2296 852 2367 θαυμασίοις
876 2315 890 2328 ⁸
927 2299 1130 2368 ταύτης
1165 2300 1274 2368 γὰρ
1305 2299 1471 2354 ἕνεκα
1509 2301 1653 2354 θεῖαι
1678 2303 1931 2374 προρρή-

357 2408 472 2452 σεις
518 2390 816 2459 προφητῶν
845 2390 1194 2461 θεολήπτων·
1230 2392 1672 2465 θαυματουργίαι
1711 2396 1929 2466 προδει-

357 2485 548 2538 κνῦσαι
586 2486 778 2555 μέλλον
821 2486 884 2539 τὸ
919 2487 1064 2556 μέγα
1113 2487 1300 2558 θαῦμα
1327 2490 1427 2559 τῆς
1471 2493 1800 2560 οἰκουμένης
1832 2493 1930 2560 τὴν

354 2577 716 2647 ἀειπάρθενον
760 2577 1080 2648 Θεομήτορα
1128 2580 1375 2649 ταύτην·
1428 2583 1720 2651 μεταϐολαὶ
1758 2584 1931 2652 γενῶν

353 2671 450 2724 καὶ
493 2672 858 2742 πραγμάτων,
906 2673 1248 2726 δδοποιοῦσαι
1298 2673 1378 2744 τῷ
1433 2675 1580 2728 τέλει
1630 2679 1792 2748 206
1835 2678 1930 2731 τοῦ

353 2762 479 2815 κατ’
522 2763 692 2833 αὐτὴν
741 2763 928 2816 καινοῦ
982 2765 1320 2834 μυστηρίου*
1364 2765 1558 2837 θεσμοὶ
1609 2769 1932 2838 Πνεῦματος

352 2856 611 2916 ποικίλως
647 2857 1148 2923 προδιατυποῦντες
1191 2858 1291 2927 τὴν
1321 2859 1586 2929 ἐσομένην
1621 2860 1879 2928 ἀλήθειαν
1902 2877 1917 2894 ’

351 2949 524 3012 τέλος,
554 2949 752 3018 μᾶλλον
783 2949 840 3002 δὲ
863 2949 1006 3019 ἀρχὴ
1030 2950 1122 3002 καὶ
1145 2949 1269 3022 ῥίζα
1300 2951 1407 3002 τῶν
1438 2951 1694 3004 ὲπέκεινα
1717 2955 1932 3023 θαυμά-

352 3059 481 3107 των,
515 3043 854 3110 πραγμάτων
899 3038 1034 3094 Θεοῦ
1068 3042 1206 3110 πρὸς
1256 3043 1510 3109 Ίωακεὶμ
1544 3045 1638 3097 καὶ
1668 3046 1768 3114 τὴν
1797 3046 1928 3099 Ἀν-

2033 553 2177 605 sicut
2209 550 2401 603 oculus
2440 548 2623 617 nequit
2648 546 2868 600 assidue
2907 545 3076 599 solem
3106 543 3378 612 aspicere.
3412 539 3612 593 Verum

2034 641 2079 693 si
2107 643 2306 694 frustra
2343 648 2642 693 tentaretur
2671 638 2851 711 dicere
2874 651 2935 688 ea
2955 650 3073 702 quae
3115 649 3276 702 supra
3307 646 3613 686 sermonem

2033 742 2182 796 sunt,
2219 743 2353 786 atea
2397 733 2559 785 datur
2616 744 2837 785 canere.
2895 729 2938 781 si
2967 743 3070 779 non
3135 739 3358 795 possum
3396 733 3616 791 tangere

2034 840 2156 894 quze
2191 835 2394 878 tactum
2446 823 2659 890 fugiunt
2694 831 2748 874 et
2779 835 2878 891 per
2908 818 3070 872 verba
3101 819 3342 872 debitum
3382 816 3614 869 solvere.

2034 917 2216 971 licebit
2252 917 2444 971 saltem
2487 929 2728 967 amorem
2771 927 2897 982 erga
2967 910 3252 977 Dciparam
3289 911 3614 979 hymnorum

2036 1010 2234 1064 virtute
2281 1009 2605 1075 exprimere.
2637 1005 2690 1060 Si
2725 1005 2958 1076 gloriosa
3007 1013 3251 1056 estmors
3294 1011 3612 1054 sanctorum

2035 1111 2088 1156 et
2133 1103 2393 1156 memoria
2430 1102 2560 1170 justi
2599 1115 2724 1152 cum
2778 1097 2959 1160 laude,
2990 1105 3201 1164 quanto
3257 1095 3428 1164 magis
3463 1093 3619 1146 decet

2035 1211 2135 1248 nos
2173 1205 2374 1247 sancta:
2431 1201 2772 1251 sanctorum,
2832 1203 3109 1256 perquam
3161 1185 3335 1241 sancti
3400 1184 3620 1236 fuertmt.

2037 1285 2362 1340 sanctificati
2388 1325 2401 1350 ,
2447 1283 2501 1335 id
2539 1291 2619 1336 est
2645 1295 2862 1348 semper
2903 1277 3130 1347 virginis
3156 1277 3359 1342 Deique
3429 1274 3617 1326 Matris

2035 1395 2157 1432 cum
2180 1380 2413 1431 maxima
2439 1386 2492 1430 et
2512 1375 2842 1443 sempiterna
2869 1373 3027 1425 laude
3052 1367 3371 1424 memoriam
3407 1367 3621 1419 facere?

2036 1470 2192 1535 Quod
2225 1469 2454 1522 facimus
2505 1467 2559 1519 in
2595 1467 2697 1519 hac
2727 1447 3044 1527 festivitate,
3095 1461 3435 1516 celebrantes
3501 1457 3621 1526 ejus

2037 1573 2282 1617 sanctam
2355 1560 2515 1614 hodie
2595 1557 2796 1613 factam
2874 1555 3260 1610 dormitionem
3340 1567 3432 1603 seu
3498 1551 3622 1601 vitae

2037 1655 2420 1718 mutationem,
2487 1669 2592 1723 qua
2656 1651 2870 1705 minuta
2923 1649 3028 1702 fuit
3090 1646 3251 1716 paulo
3312 1643 3494 1696 minus
3552 1640 3621 1693 ab

2041 1747 2271 1818 angelis,
2299 1756 2352 1800 et
2377 1745 2620 1813 angelos,
2665 1742 3047 1811 archangelos,
3097 1751 3400 1806 omnesque
3455 1747 3622 1801 super

2037 1854 2133 1894 eos
2174 1837 2397 1891 cmlicas
2430 1845 2731 1906 potestates
2783 1833 3138 1903 singulariter
3170 1826 3622 1894 transcenditper

2037 1945 2193 1983 suam
2228 1928 2294 1983 ad
2325 1927 2495 1982 Deum
2549 1927 2794 1982 omnium
2860 1925 3350 1996 prepinqnitatem,
3409 1934 3504 1988 per
3557 1933 3622 1971 ea

2035 2038 2155 2092 quae
2199 2023 2264 2077 de
2313 2023 2428 2091 ipsa
2480 2037 2511 2076 a
2563 2021 2763 2076 saeculo
2790 2021 2990 2089 scripta
3041 2029 3094 2072 et
3150 2018 3204 2074 in
3256 2030 3318 2070 ea
3379 2010 3620 2082 perfecta

2035 2124 2163 2168 sunt
2199 2113 2658 2168 miracula.lllius
2685 2113 2830 2167 enim
2879 2111 3052 2181 gratia
3085 2109 3284 2162 divinae
3325 2103 3619 2174 propheta-

2033 2222 2154 2262 rum
2207 2207 2471 2262 divinitus
2529 2207 2834 2260 locutorum
2903 2201 3332 2272 praedictiones;
3373 2193 3618 2266 prodigia

2032 2303 2231 2370 quibus
2260 2311 2537 2355 ostensum
2571 2299 2671 2352 fuit
2699 2299 2941 2351 futurum
3013 2304 3171 2348 terra:
3235 2303 3489 2360 magnum
3519 2288 3622 2338 mi—

2034 2394 2303 2456 raculum,
2344 2392 2458 2445 haec
2487 2406 2700 2459 semper
2741 2391 2916 2458 virgo,
2956 2386 3206 2454 Deipara,
3240 2398 3420 2436 rerum
3492 2394 3620 2447 gen-

2035 2485 2283 2554 tiumque
2323 2483 2714 2538 conversiones
2737 2496 2858 2550 quae
2894 2480 2996 2532 iter
3039 2477 3288 2530 fecerunt
3317 2473 3623 2541 adimplen-

2033 2580 2103 2634 do
2139 2580 2194 2632 in
2209 2593 2268 2631 ea
2295 2591 2437 2630 novo
2463 2575 2750 2645 mysterio;
2779 2571 3005 2626 consilia
3027 2569 3265 2638 Spiritus
3293 2567 3445 2619 vario
3463 2563 3622 2619 modo

2033 2674 2332 2743 ﬁgurantes
2391 2669 2634 2723 futuram
2697 2669 3028 2726 veritatem;
3077 2663 3231 2728 finis,
3284 2676 3378 2716 seu
3441 2663 3623 2728 potius

2031 2764 2358 2836 principium
2396 2771 2454 2818 et
2505 2761 2662 2815 radix
2735 2764 3014 2829 signorum
3057 2771 3180 2825 qua:
3231 2765 3418 2824 postea
3482 2752 3624 2805 facta

2034 2866 2183 2922 sunt,
2218 2856 2466 2910 absoluta
2501 2853 2592 2908 Dei
2619 2852 2910 2923 promissio
2941 2851 3006 2904 ad
3046 2847 3290 2902 Joachim
3327 2853 3380 2900 et
3412 2848 3622 2897 Annam

2033 2965 2192 3005 senes
2225 2949 2348 3002 illos
2367 2955 2516 3000 tanta
2544 2948 2746 2999 virtute
2789 2943 3065 3012 praeditos,
3097 2956 3189 2994 eos
3246 2955 3310 2991 ex
3337 2937 3625 3007 jurentute

2033 3043 2252 3096 steriles
2279 3049 2673 3111 procreaturos
2705 3052 2825 3091 esse
2852 3035 2904 3088 in
2933 3035 3037 3087 alta
3071 3041 3372 3092 senectute,
3409 3039 3464 3082 et
3501 3028 3625 3096 qui-

352 3149 450 3185 ναν
499 3133 622 3194 τοὺς
649 3131 953 3202 τηνικαῦτα
981 3132 1080 3202 τὴν
1127 3133 1328 3203 ἀρετὴν
1355 3134 1559 3204 ἄκρους
1599 3136 1929 3207 τελεσφόρος

2038 3134 2154 3188 dem
2189 3144 2571 3200 procreaturos
2605 3146 2722 3185 eam
2785 3146 2906 3198 quae
2950 3129 3067 3183 sine
3095 3127 3303 3182 semine
3336 3126 3556 3186 Filium,
3593 3140 3622 3176 a

354 3223 676 3290 ἐπαγγελία,
711 3227 888 3277 τεκεῖν
934 3225 990 3276 έν
1023 3224 1181 3294 βαθεῖ
1221 3227 1368 3296 γήρᾳ
1413 3227 1539 3288 τοὺς
1583 3229 1814 3294 ἀγόνους
1864 3233 1929 3282 ἐκ

349 3317 501 3379 νέου,
529 3317 622 3370 καὶ
649 3319 830 3370 τεκεῖν
850 3317 950 3387 τὴν
976 3316 1275 3387 τεξομένην
1298 3319 1556 3387 ἀσπόρως
1581 3321 1672 3374 τὸν
1700 3322 1764 3374 ὲκ
1791 3322 1927 3375 Θεοῦ

350 3408 569 3477 ’Πατρδς
603 3410 710 3480 πρὸ
751 3409 963 3462 αἰώνων
1010 3410 1412 3480 γεγεννημένον
1452 3413 1699 3482 ἀχρόνως
1725 3431 1736 3443 ·
1794 3415 1927 3486 εὐχὴ

255 3565 266 3570 _
351 3501 516 3554 πάλιν
547 3502 653 3555 τῶν
687 3501 828 3554 οὕτω
859 3502 1179 3572 παραδόξως
1205 3504 1631 3572 γεννησαμένων
1652 3506 1751 3575 τὴν
1776 3507 1920 3570 τεξο-

359 3591 528 3660 μένην
559 3592 994 3662 παραδοξότερον
1027 3593 1344 3647 ἀντιδώσειν
1372 3594 1450 3663 τῷ
1477 3595 1618 3649 δόντι
1647 3597 1746 3666 τὴν
1780 3599 1928 3650 δεδο-

357 3684 549 3752 μένην,
582 3684 702 3737 καθ’
725 3685 796 3754 ἢν
826 3685 1134 3755 ἀξιωτάτην
1160 3686 1329 3756 εὐχὴν
1360 3688 1574 3753 ἐξαισία
1610 3691 1930 3760 μετοίκησις

351 3781 452 3848 τῆς
473 3781 815 3850 Θεομήτορος
847 3781 906 3847 ἐξ
936 3781 1016 3833 ἔτι
1050 3781 1284 3849 βρέφους
1315 3781 1378 3834 ἐκ
1405 3781 1499 3834 τοῦ
1528 3784 1679 3835 οἴκου
1709 3785 1801 3835 τοῦ
1833 3803 1938 3837 πα-

350 3873 481 3942 τρὸς
510 3872 587 3934 είς
619 3873 710 3924 τὸν
745 3869 896 3924 οἷκον
919 3871 1016 3924 τοῦ
1065 3871 1224 3931 Θεοῦ,
1260 3873 1355 3925 καὶ
1395 3874 1647 3943 διατριϐὴ
1691 3877 1936 3946 ιιιταράδο⁶

349 3963 444 4028 ξος
474 3963 560 4014 ἐπ’
588 3962 850 4016 ἐνιαυτῶν
872 3962 971 4016 οὐκ
988 3962 1176 4029 ὀλίγας
1207 3964 1493 4033 περιόδους
1522 3968 1586 4018 ἐν
1605 3968 1788 4030 αὐτοῖς
1815 3971 1929 4031 τοῖς

361 4053 567 4118 Ἀγίοις
599 4053 707 4106 τῶν
742 4054 934 4121 ἁγίων,
965 4056 1092 4107 ἔνθα
1123 4056 1357 4125 χορηγία
1377 4060 1586 4127 τροφῆς
1609 4059 1925 4129 ἀπορρήτου

347 4145 423 4197 δι’
439 4145 684 4212 ἀγγέλων
706 4145 1049 4209 ἐπιστασίας,
1074 4139 1140 4214 ἦς
1168 4146 1554 4216 τροφῆςἈδάμ
1574 4148 1675 4199 οὐκ
1722 4147 1928 4213 ἔφθασε

345 4234 683 4303 γεύσασθαι·
726 4234 786 4287 ού
822 4234 928 4304 γάρ
964 4234 1029 4288 ἂν
1077 4235 1340 4299 ἐξέπιπτε
1390 4237 1490 4306 τῆς
1517 4237 1681 4307 ζωῆς,
1735 4238 1926 4311 ὥσπερ

259 4357 264 4360 -
353 4327 463 4380 οὐδ’
488 4330 520 4397 ή
544 4328 825 4395 Πάναγνος
850 4325 1088 4396 αὖτη,.εί
1119 4329 1212 4382 καὶ
1239 4329 1307 4382 δι’
1335 4331 1543 4384 ἐκεῖνον
1573 4331 1666 4385 καὶ
1694 4333 1762 4385 ἵν’
1781 4334 1926 4386 ὲκεί-

2042 3225 2148 3279 Deo
2175 3224 2334 3278 Patre
2355 3234 2480 3277 ante
2503 3221 2698 3278 szecula
2734 3221 2801 3274 ah
2856 3229 3062 3274 aeterno
3115 3228 3325 3279 natum,
3362 3224 3627 3283 eratpar-

2039 3319 2270 3371 turitura
2313 3334 2328 3379 ;
2358 3331 2548 3369 rursus
2583 3327 2768 3368 votum
2797 3309 2990 3367 horum
3047 3319 3355 3381 parentum,
3422 3309 3516 3377 qui
3547 3306 3626 3361 ita

2037 3421 2224 3497 contra
2250 3425 2398 3477 spem
2425 3417 2733 3478 genuerunt
2765 3407 2926 3459 filiam
2964 3405 3138 3471 magis
3171 3412 3223 3454 et
3258 3403 3427 3471 ipsam
3458 3415 3624 3468 supra

2038 3491 2254 3554 omnem
2269 3517 2416 3570 spem
2451 3499 2866 3566 parturituram,
2899 3495 3075 3549 datori
3103 3495 3284 3547 datam
3310 3491 3576 3546 efferendi
3603 3509 3622 3559 ;

2029 3594 2082 3646 vi
2135 3593 2292 3662 cujus
2362 3591 2471 3645 voti
2544 3587 2854 3658 dignissimi
2919 3587 3323 3652 transmigratio
3386 3584 3626 3651 Deipara:

2031 3687 2210 3740 adlmc
2235 3685 2515 3738 infantulae
2546 3700 2572 3735 a
2609 3684 2773 3736 domo
2825 3680 2995 3750 patris
3061 3679 3114 3732 in
3141 3679 3360 3731 domum
3390 3677 3483 3730 Dei
3521 3676 3625 3728 mi-

2039 3794 2214 3846 raque
2247 3777 2365 3847 ejus
2394 3776 2741 3831 conversatio
2799 3788 2894 3842 per
2957 3787 3062 3824 non
3094 3785 3291 3839 paucas
3349 3783 3623 3824 annorum

2037 3870 2298 3939 periodos
2327 3869 2379 3922 in
2417 3867 2633 3922 Sanctis
2667 3875 3002 3926 sanctorum,
3032 3863 3122 3917 ubi
3187 3859 3471 3925 ineffabili:
3497 3857 3623 3912 cibo

2039 3963 2240 4016 nutrita
2273 3961 2391 4022 fuit,
2415 3959 2622 4030 angelis
2651 3957 3110 4026 ministrantibus,
3129 3970 3292 4023 quem
3315 3953 3484 4006 Adam
3510 3965 3622 4004 non

2036 4053 2422 4117 manducavit;
2463 4052 2619 4104 aliter
2640 4049 2784 4104 enim
2825 4063 2933 4102 non
2965 4047 3258 4101 excidisset
3279 4062 3304 4096 τι
3331 4045 3460 4105 vita,
3485 4043 3627 4097 sicut

2038 4147 2125 4200 illa
2214 4145 2604 4219 immaculata,
2658 4142 2758 4197 etsi
2834 4144 2953 4210 ejus
3028 4139 3137 4194 filia
3199 4137 3620 4200 ostenderetur;

2037 4239 2314 4308 paululum
2381 4247 2589 4292 naturae
2670 4235 2908 4300 cedens,
2965 4231 3424 4294 quemadmodum
3505 4229 3626 4296 ejus

2036 4333 2224 4398 Filius,
2256 4347 2285 4385 a
2311 4339 2452 4386 terra
2484 4331 2644 4384 hodie
2672 4330 2725 4382 in
2761 4329 2956 4382 ccelum
2991 4324 3344 4378 transcendit.

354 4435 447 4470 νου
495 4416 740 4488 θυγάτηρ
783 4414 921 4469 οὖσα
969 4417 1178 4489 δειχθῇ,
1213 4420 1346 4488 πρὸς
1387 4423 1583 4492 μικρὸν
1614 4423 1804 4487 εἴξασα
1849 4426 1916 4495 τῇ
1958 4423 2143 4492 φύσει,
2183 4425 2436 4494 καθάπερ
2476 4423 2570 4475 καλ.
2599 4424 2626 4474 6
2656 4421 2865 4490 ταύτης
2898 4418 3048 4479 Υἱδς,
3105 4417 3214 4469 ἀπὸ
3249 4417 3350 4484 γῆς
3385 4414 3480 4467 νῦν
3543 4415 3626 4478 εἰς

353 4512 584 4582 οὐρανὸν
612 4511 1012 4583 μεταϐέϐηκεν.

445 4603 606 4657 Ἀλλά
636 4605 744 4672 γάρ
787 4604 925 4674 μετὰ
955 4604 1054 4673 τὴν
1087 4604 1403 4676 ἀπόρρητον
1436 4606 1654 4676 ἐκείνην
1684 4608 1894 4677 τροφὴν
1918 4649 1931 4671 ,
1967 4612 2014 4670 D

364 4695 657 4766 μνηστείας
688 4695 972 4765 οἰκονομία
1001 4696 1129 4764 περὶ
1157 4696 1256 4765 τὴν
1291 4697 1574 4764 Παρθένον
1604 4699 1812 4768 ταύτην
1843 4717 1941 4769 μυ-

363 4786 693 4855 στικωτάτη,
729 4789 825 4839 καὶ
851 4786 1142 4854 ἀσπασμὸς
1183 4786 1332 4850 ξένος
1368 4787 1461 4839 καὶ
1500 4787 1641 4858 ὑπὲρ
1674 4790 1830 4856 λόγον
1870 4791 1938 4844 δι’

362 4875 700 4945 ἀρχαγγέλου
744 4875 1126 4938 καταπτάντος
1174 4875 1406 4941 ἀνωθεν,
1442 4875 1539 4929 καὶ¹
1587 4875 1724 4928 Θεοῦ
1761 4875 1937 4946 μηνύ-

365 4985 509 5038 ματα
535 4971 629 5021 καὶ
653 4968 1043 5038 προσρήματα,
1068 4966 1167 5036 τῆς
1200 4965 1340 5030 Εὔας
1371 4967 1465 5019 καὶ
1517 4967 1692 5037 Ἀδὰμ
1715 4969 1940 5022 καταδίο

361 5077 463 5132 κης
507 5061 839 5130 ἀντίστροφα
886 5060 980 5112 καὶ
1027 5060 1400 5130 θεραπευτικὰ
1436 5043 1536 5128 τῆς
1590 5061 1676 5113 ἐπ’
1710 5062 1936 5114 ἐκείνων

361 5154 522 5222 ἀρᾶς,
559 5155 638 5216 εἰς
678 5151 926 5220 εὐλογίαν
982 5151 1185 5223 ταύτην
1222 5155 1562 5221 μετάγονταο
1609 5154 1936 5224 ἐπεθύμησε

364 5250 472 5313 γὰρ
501 5245 594 5298 τοῦ
629 5245 893 5315 μυστικοῦ
937 5245 1167 5308 κάλλους
1195 5246 1294 5314 τῆς
1327 5247 1690 5314 ἀειπαρθένου
1734 5245 1938 5316 ταύτης

359 5341 386 5388 ο
409 5337 502 5389 τοῦ
532 5337 728 5399 παντὸς
759 5337 1030 5406 βασιλεὺς,
1065 5337 1138 5400 ὡς
1168 5339 1194 5389 ὁ
1218 5337 1380 5388 Δαϐὶδ
1415 5336 1815 5406 προηγόρευσε,
1847 5337 1942 5390 καὶ

369 5428 548 5491 κλίνας
578 5430 703 5491 τοὺς
729 5428 990 5499 οὐρανοὺς
1022 5427 1250 5496 κατέϐη,
1287 5428 1380 5480 καὶ
1406 5429 1578 5500 ταύτῃ
1618 5429 1939 5492 ὲπεσκῖασε,

365 5521 565 5588 μᾶλλον
594 5521 652 5572 δὲ
684 5519 960 5591 ἐνῴκησεν
992 5521 1025 5588 ἡ
1046 5521 1411 5582 ἑνυπόστατος
1434 5518 1530 5572 τοῦ
1573 5520 1830 5588 Ὑψίστου
1851 5520 1940 5572 δύο

363 5627 568 5680 ναμιςο
609 5613 667 5664 οὐ
719 5613 826 5680 γάρ
859 5612 947 5664 διὰ
995 5611 1197 5680 γνόφου
1234 5614 1326 5664 καὶ
1368 5611 1538 5682 πυρὸς
1581 5610 1656 5673 ὡς
1698 5612 1789 5662 ὲπλ⁸
1841 5610 1935 5663 τοῦ

371 5701 597 5755 θεόπτου
629 5705 928 5768 Μωῡσέως,
961 5704 1068 5756 οιῖδ’
1090 5704 1162 5766 ὡς
1186 5703 1279 5756 ἐπὶ
1298 5703 1388 5755 τοῦ
1425 5707 1706 5773 προφήτου
1751 5702 1932 5757 Ἠλιοῦ

365 5797 450 5849 6:5:
481 5796 745 5860 λαίλαπος
777 5799 866 5849 καὶ
887 5796 1115 5866 νεφέλης
1142 5796 1452 5860 ἐπεδείξατο
1478 5797 1574 5866 τὴν
1607 5796 1931 5866 παρουσίαν,

2111 4607 2341 4672 Insuper
2376 4613 2497 4673 post
2541 4603 2688 4656 illam
2734 4616 2915 4655 escam
2953 4598 3306 4661 ineffabilem,
3359 4589 3623 4651 connubii

2047 4699 2385 4768 dispensatio
2435 4698 2581 4751 circa
2614 4695 2774 4749 istam
2809 4692 3096 4762 Virginem
3135 4694 3291 4761 plena
3342 4691 3622 4762 mysterio,

2045 4789 2340 4845 etinsolita
2372 4803 2645 4858 superque
2672 4801 2835 4841 omne
2877 4785 3106 4839 verbum
3144 4783 3461 4846 archangeli
3515 4797 3629 4837 coe-

2043 4884 2175 4938 litus
2205 4881 2514 4936 advolantis
2538 4879 2816 4938 salutatio,
2855 4877 2949 4930 Dei
2980 4877 3210 4931 consilia
3242 4885 3296 4930 et
3343 4890 3625 4928 sermones

2047 4975 2246 5043 quibus
2276 4985 2469 5027 eversa
2501 4971 2602 5024 fuit
2651 4968 2776 5022 Eva:
2806 4969 3090 5034 Adamque
3135 4966 3436 5029 damnatio,
3461 4973 3515 5018 et
3542 4979 3628 5018 sa-

2045 5073 2173 5118 nata
2204 5077 2439 5131 sequens
2483 5059 2790 5115 maledictio
2817 5060 3006 5127 quasin
3032 5055 3468 5112 benedictionem
3497 5069 3628 5108 con-

2042 5168 2194 5207 versa
2224 5151 2345 5204 fuit.
2373 5150 2699 5218 Concupivit
2746 5150 2890 5202 enim
2926 5149 3208 5219 mysticam
3256 5145 3494 5214 speciem
3520 5144 3621 5196 hu-

2038 5245 2127 5313 jus
2159 5241 2401 5310 Virginis
2430 5255 2522 5292 rex
2565 5239 2831 5298 universi,
2866 5246 3028 5307 prcut
3067 5238 3398 5307 praedixerat
3431 5234 3618 5296 David,

2040 5344 2092 5388 et
2129 5334 2296 5387 cmlos
2345 5332 2620 5385 inclinans
2651 5331 2954 5391 descendit,
2991 5339 3042 5382 et
3080 5343 3198 5381 eam
3246 5325 3614 5385 adumbravit,

2044 5426 2128 5479 τινι
2182 5425 2363 5493 potius
2403 5423 2505 5477 sibi
2537 5422 2790 5493 adjunxit
2824 5421 3209 5476 substantialis
3247 5420 3417 5473 virtus
3451 5417 3621 5469 Altis-

2041 5520 2212 5575 simi:
2269 5533 2393 5572 nam
2432 5533 2609 5586 neque
2651 5533 2746 5586 per
2793 5517 3081 5586 caliginem
3135 5523 3189 5570 et
3237 5515 3440 5584 ignem,
3479 5514 3623 5566 sicut

2041 5612 2167 5664 divo
2201 5609 2398 5678 Moysi,
2439 5623 2617 5678 neque.
2667 5625 2763 5678 per
2797 5609 3072 5663 turbinem
3125 5616 3178 5662 et
3227 5610 3422 5661 nubem
3477 5605 3622 5658 sicut

2045 5704 2319 5774 prophctm
2348 5701 2512 5755 ΙΙρΙὶίῐε
2538 5718 2689 5755 suam
2719 5703 3086 5756 manifestavit
3113 5701 3494 5771 prtcsrntiam;
3527 5702 3621 5753 sed

2050 5798 2172 5851 sine
2212 5795 2415 5862 medio,
2471 5795 2589 5849 sine
2621 5794 2740 5868 vile
2785 5793 2961 5849 virtus
3001 5795 3264 5851 Altissimi
3314 5795 3646 5865 purissimze
