4014 6446
415 370 522 433 4ῖ’3

1677 383 2055 446 GREGORII
2117 388 2440 452 PALAM/E

3564 400 3670 466 liii

422 487 662 559 Virginis
717 502 932 545 uterum
977 492 1359 561 adumbravit,
1413 512 1581 566 quum
1626 499 1763 552 nihil
1826 499 1980 555 inter-

2096 503 2214 556 ἀλλ’
2268 507 2489 576 ἀμέσως
2534 511 2702 580 χωρὶς
2758 513 3267 584 παραπετάσματός
3313 531 3460 579 τινος
3509 520 3542 589 ή
3581 520 3676 573 τοῦ

420 590 616 645 resset,
654 598 751 637 nec
783 598 899 648 aer,
931 599 1033 639 nec
1057 587 1250 652 aether,
1278 602 1378 642 nec
1412 586 1562 642 aliud
1599 588 1865 643 sensibile
1905 589 1991 642 vel

420 674 549 744 quid
598 674 684 729 his
727 675 970 744 dignius,
1022 676 1126 731 hoc
1171 688 1352 733 autem
1406 695 1516 733 non
1565 679 1855 735 dicendum
1909 693 1992 737 est

421 764 785 828 adumbratio,
822 766 916 820 scd
960 780 1087 820 vera
1124 775 1211 822 est
1240 768 1522 823 adunatio.
1557 767 1664 823 Sed
1698 772 1992 841 cumquod

421 855 717 908 adumbrat.
734 852 969 908 fortnam
1003 873 1181 923 suam,
1215 859 1605 929 propriamque
1636 863 1862 931 ﬁguram
1894 880 1990 917 ex-

418 948 623 1014 primit,
669 963 775 1002 non
808 950 1071 1004 atlunatio
1110 960 1319 1004 tantum
1349 992 1364 1017 ,
1404 951 1499 1006 sed
1530 962 1584 1007 et
1627 954 1887 1010 formatio
1932 957 1987 1010 in

415 1050 572 1094 utero
619 1043 761 1094 facta
791 1049 896 1104 est,
956 1051 1011 1095 et
1069 1043 1217 1111 quod
1247 1059 1312 1096 ex
1362 1046 1634 1102 ambobus
1688 1045 1987 1101 formatum

410 1143 517 1196 est,
553 1133 767 1187 scilicet
795 1149 857 1186 ex
893 1134 1095 1188 virtute
1119 1134 1407 1200 Altissitni,
1442 1144 1497 1191 et
1521 1138 1879 1193 sanctissimo
1904 1149 1989 1194 at-

411 1202 529 1292 que‘
550 1224 800 1290 virginali
834 1224 926 1277 illo
958 1236 1165 1287 ventre,
1205 1223 1440 1281 Verbum
1496 1240 1613 1282 erat
1654 1229 1752 1282 Dei
1811 1231 1991 1285 incar-

410 1324 627 1368 natum.
662 1312 742 1369 Ita
786 1314 1143 1369 ineﬂ'abiliter
1172 1317 1441 1371 habitavit
1467 1319 1521 1372 in
1561 1334 1645 1386 ea,
1672 1329 1729 1374 et
1759 1335 1823 1375 ex
1870 1321 1989 1390 ipsa

411 1409 682 1477 processit
710 1424 875 1462 carne
924 1410 1177 1463 indutum
1214 1409 1305 1464 Dei
1361 1410 1622 1477 Verbum,
1653 1422 1707 1467 et
1737 1413 1790 1466 in
1826 1414 1987 1468 terris

413 1500 687 1568 apparuit,
720 1509 774 1552 et
802 1500 944 1553 inter
989 1500 1239 1554 homines
1268 1511 1632 1557 conversatus
1678 1510 1785 1567 est,
1829 1512 1989 1556 natu-

409 1606 527 1645 ram
577 1601 824 1646 nostram
867 1590 1087 1646 deitatis
1121 1592 1444 1662 participem
1476 1593 1749 1659 efﬁciens,
1787 1604 1841 1649 et
1875 1594 1987 1649 lar-

407 1687 564 1755 giens
618 1686 803 1750 nobis,
847 1694 1012 1756 prout
1063 1685 1201 1740 dixit
1252 1687 1414 1741 divus
1461 1689 1760 1755 apostolus,
1817 1703 1882 1742 ea
1931 1690 1985 1743 in

405 1793 529 1846 quae
581 1777 899 1843 desiderant
969 1777 1146 1848 angeli
1208 1780 1524 1849 prospicere
1548 1780 1615 1836 ⁸³.
1653 1799 1677 1831 ι
1740 1777 1810 1833 Et
1867 1780 1985 1835 haec

404 1879 491 1925 est
533 1869 654 1923 laus
695 1869 921 1932 eximia,
955 1879 1007 1922 et
1036 1868 1210 1937 gloria
1238 1879 1514 1938 perpetuae
1546 1869 1706 1939 hujus
1752 1870 1980 1939 virginis

404 1961 553 2017 omni
586 1961 759 2032 gloria
788 1960 1007 2025 clarior,
1031 1961 1117 2014 cui
1164 1961 1312 2016 cedit
1339 1962 1517 2015 omnis
1564 1976 1740 2028 mens,
1768 1976 1981 2016 sermo-

402 2067 512 2123 que
530 2052 731 2117 omnis,
754 2051 860 2106 etsi
887 2052 1179 2121 spirituum
1199 2053 1271 2106 sit
1290 2053 1685 2120 angelicorum.
1714 2052 1817 2107 Sed
1835 2067 1984 2122 qna:-

400 2162 531 2201 nam
584 2146 770 2216 liugua
801 2160 1022 2201 rursum
1053 2145 1336 2200 enarrabit
1366 2160 1428 2200 ea
1465 2161 1586 2225 quae
1618 2155 1741 2216 post
1767 2147 1985 2200 inenar-

398 2240 630 2294 rabilem
676 2248 891 2309 partum
937 2236 1076 2292 facta
1105 2238 1274 2293 sunt?
1326 2235 1463 2292 Nam
1512 2255 1634 2294 cum
1691 2247 1982 2307 cooperata

399 2329 598 2385 fuisset
621 2337 676 2385 et
705 2342 993 2398 compassa
1035 2328 1398 2382 exinanitioni
1443 2327 1603 2383 Verbi
1632 2328 1726 2382 Dei
1761 2329 1814 2383 in
1860 2330 1982 2398 ipsa

401 2421 736 2492 adimpletae.
763 2424 889 2490 jure
913 2419 1102 2489 gloriae
1128 2430 1184 2474 et
1212 2419 1562 2474 exaltationis
1584 2419 1725 2474 facta
1747 2420 1829 2474 est
1852 2435 1981 2489 par-

400 2516 597 2584 ticeps,
641 2514 861 2569 eximiis
892 2513 1072 2567 adhuc
1118 2511 1453 2580 magnalium
1499 2513 1853 2567 incrementis
1885 2527 1983 2571 ouo

400 2602 632 2663 mulata.
667 2612 737 2659 At
763 2615 1052 2676 postquam
1090 2603 1143 2657 in
1166 2604 1367 2658 coelum
1395 2604 1741 2659 ascendisset
1787 2605 1880 2675 qui
1913 2619 1980 2659 ex

401 2715 468 2756 ea
519 2712 743 2754 carnem
774 2703 1176 2765 assumpserat,
1208 2709 1335 2749 cum
1387 2693 1499 2749 illis
1547 2709 1715 2764 super
1760 2710 1978 2750 onmem

404 2802 645 2848 mentem
680 2802 1061 2844 sermonemve
1108 2786 1307 2857 positis
1353 2789 1701 2856 magnalibus
1752 2803 1874 2859 quae
1925 2790 1979 2842 in

400 2898 466 2939 ea
496 2884 732 2954 perlicit,
760 2881 1015 2937 mmulata
1039 2892 1146 2947 est,
1179 2891 1240 2936 ut
1263 2880 1336 2936 ita
1371 2882 1570 2945 dicam,
1596 2896 1690 2952 per
1722 2892 1979 2938 constan-

404 2979 536 3033 tiam
564 2986 618 3032 et
643 2976 961 3032 multimoda
984 2976 1254 3030 virtutum
1285 2974 1578 3037 exercitia,
1610 2990 1703 3043 per
1729 2990 1858 3029 suas
1879 2988 1980 3044 pro

401 3071 664 3136 universo
722 3069 928 3122 mundo
989 3068 1406 3138 deprecationes
1459 3076 1693 3137 votaque
1723 3083 1845 3133 sua,
1882 3083 1981 3138 per

399 3162 632 3219 consilia
676 3171 731 3215 et
759 3159 962 3214 auxilia
1015 3174 1136 3229 qua:
1162 3160 1311 3214 dedit
1339 3159 1586 3214 divinum
1639 3159 1865 3214 verbum
1922 3159 1976 3213 in

2083 3183 2177 3238 τοῦ
2201 3159 2417 3254 ⁷κόσμου
2452 3188 2655 3251 παντὸς
2709 3159 2899 3259 εὐγαῖς
2932 3159 3069 3263 ὁμοῦ

396 3271 615 3312 omnem
650 3261 856 3310 terram
891 3251 1355 3322 praedicantibus;
1387 3251 1634 3306 omnium
1679 3260 1803 3306 erat
1857 3252 1976 3320 ipsa

397 3348 518 3403 sola
547 3345 971 3419 adminiculum,
1015 3352 1123 3397 tam
1163 3343 1349 3398 audita
1386 3358 1548 3412 quam
1599 3355 1896 3413 conspecta
1923 3353 1977 3398 et

395 3441 664 3511 adjuvans
692 3437 843 3493 omni
875 3440 1036 3491 modo
1066 3436 1350 3506 Evangelii
1401 3436 1878 3505 praedicationem;
1922 3446 1977 3491 et

395 3536 480 3589 sic
514 3532 686 3587 vitam
717 3530 944 3585 omnino
982 3529 1308 3583 militantem
1356 3539 1409 3582 et
1441 3530 1716 3599 egregiam
1757 3529 1976 3585 institu-

397 3627 602 3682 tionem
636 3634 752 3679 tum
777 3633 955 3679 mente
986 3633 1099 3677 tum
1130 3636 1386 3676 sermone
1416 3622 1689 3677 exhibuit.

467 3801 596 3856 ideo
627 3814 776 3855 mors
826 3798 973 3854 illius
1007 3798 1176 3853 vitam
1227 3799 1478 3868 protulit,
1509 3809 1565 3855 et
1594 3816 1715 3856 eam
1769 3803 1821 3857 in
1856 3818 1972 3859 coe-

390 3895 587 3950 lestcm
638 3901 692 3948 et
746 3893 1111 3947 immortalem
1168 3893 1335 3947 vitam
1389 3894 1777 3961 transtulit,et
1811 3890 1975 3964 hujus

394 3988 662 4043 memoria
694 3987 816 4039 laeta
844 3996 929 4040 est
952 3983 1225 4055 [estivitas
1252 3995 1417 4055 atque
1464 3988 1722 4042 universa
1769 3990 1974 4043 solem-

396 4083 559 4144 nitas,
609 4094 720 4134 non
786 4086 1000 4131 tantum
1033 4078 1324 4147 _quoniam
1380 4090 1607 4134 renovat
1652 4084 1973 4136 metatoriam

396 4172 737 4243 magnalium
796 4168 1063 4239 Dciparae,
1109 4169 1203 4223 sed
1234 4169 1399 4225 etiam
1431 4171 1689 4239 quoniam
1722 4172 1776 4226 in
1817 4189 1974 4228 men-

397 4276 507 4322 tem
572 4272 798 4319 revocat
856 4277 1205 4318 communem
1276 4278 1591 4332 novumque
1644 4281 1971 4323 concursum

395 4368 713 4418 sanctorum
751 4357 1128 4428 apostolorum
1161 4371 1229 4411 ex
1256 4356 1406 4411 omni
1439 4368 1598 4427 gente
1621 4359 1687 4414 ad
1722 4360 1843 4425 eius
1886 4362 1973 4413 l'u-

400 4468 573 4520 nera,
642 4466 857 4506 necnon
914 4464 1105 4504 eorum
1168 4449 1358 4504 divino
1422 4449 1605 4505 amatu
1657 4456 1970 4508 canentium

396 4546 629 4616 hymnos
658 4543 712 4596 in
746 4557 809 4596 ea
844 4540 1012 4594 Deum
1046 4540 1454 4608 gloriﬁcantes;
1509 4544 1830 4613 angelorum
1870 4545 1972 4599 mi-
2005 4529 2050 4586 Ῑ)

397 4633 648 4696 nisteria,
680 4633 989 4699 chorosque
1021 4632 1167 4686 circa
1218 4645 1341 4685 eam
1375 4643 1432 4686 et
1480 4636 1620 4688 ritus
1669 4635 1974 4692 honoriﬁce

394 4725 774 4780 comitantium
800 4733 853 4777 et
887 4723 1315 4793 insequentium,
1343 4724 1721 4795 adjuvantium
1747 4738 1801 4782 et
1822 4730 1976 4784 oblu—

390 4817 685 4881 ctantium,
733 4816 1195 4881 succurrentium,
1242 4816 1579 4885 adjutorum,
1634 4835 1826 4875 eorum
1857 4837 1975 4878 om-

394 4911 546 4965 nium
579 4909 673 4979 qui
700 4922 920 4977 operam
948 4922 1280 4978 carmenque
1304 4917 1418 4964 tota
1445 4911 1650 4967 virtute
1665 4914 1975 4984 jungebant

391 5002 576 5074 operis
606 5011 661 5057 et
686 5000 1026 5057 carminibus
1068 5003 1367 5057 multorum
1410 5005 1559 5059 omni
1597 5010 1758 5061 modo
1796 5010 1971 5065 hono-

390 5097 632 5153 rantium
668 5096 805 5151 illud
836 5110 1041 5165 corpus
1072 5097 1198 5151 vitae
1227 5097 1517 5153 Dominum
1550 5110 1607 5153 et
1650 5116 1679 5154 a
1715 5101 1823 5157 Deo
1872 5104 1972 5159 da-

391 5187 993 5259 tum,aggredientium
1025 5196 1080 5242 et
1115 5195 1256 5243 tecta
1305 5203 1470 5244 manu
1520 5194 1968 5262 propulsantium

378 5281 608 5357 .Judaeos
669 5280 935 5336 adversus
989 5281 1158 5335 Deum
1218 5282 1446 5337 brachio
1514 5294 1567 5339 et
1631 5287 1972 5344 conscientia

388 5385 663 5432 certantes
684 5382 741 5431 et
765 5377 1127 5446 reiragantes,
1155 5376 1275 5446 ipso
1300 5390 1569 5445 praesente
1596 5382 1702 5435 Deo
1726 5381 1966 5437 Sabaoth

388 5477 442 5524 et
469 5466 609 5523 Filio
639 5476 916 5537 perpetuae
964 5467 1130 5537 hujus
1180 5467 1417 5539 Virginis
1446 5473 1751 5528 invisibiter
1805 5478 1965 5530 auxi-

386 5560 558 5614 liante
587 5568 641 5614 et
667 5573 956 5629 supremos
990 5563 1227 5616 honores
1258 5560 1416 5616 Matri
1450 5565 1742 5629 solventis,
1783 5570 1834 5620 in
1872 5585 1968 5622 cu-

384 5651 476 5720 jus
506 5651 1031 5721 manibusreposita
1052 5665 1168 5708 erat
1196 5653 1378 5709 divina
1411 5655 1532 5724 ejus
1555 5660 1759 5722 anima,
1787 5670 1839 5713 et
1872 5677 1969 5715 eu-

460 5834 504 5861 “
542 5833 557 5886 l
594 5830 739 5888 I'etr.
772 5849 806 5899 I,
845 5834 926 5887 12.

2109 594 2366 663 Ὑψίστου
2401 598 2627 669 δύναμις
2670 601 2980 668 ἐπισκιάζει
3018 608 3083 674 τῇ
3133 607 3540 678 πανυπεράγνῳ
3586 613 3677 664 καὶ

2096 688 2403 760 παρθενικῇ
2433 692 2649 758 γαστρὶ,
2693 693 2922 762 μηδενὸς
2970 695 3125 755 ὅντος
3160 698 3388 766 μεταξὺ,
3433 701 3560 770 μήτ’
3585 703 3674 755 ἀέ-

2099 795 2191 847 ρος
2238 781 2362 849 μήτ’
2398 782 2614 852 αἰθέρος
2653 785 2793 854 μήτε
2829 789 2978 849 τινος
3016 788 3123 841 τῶν
3160 790 3459 859 αἰσθητῶν,
3497 795 3529 862 ἢ
3565 795 3675 846 τῶν

2097 872 2235 942 ὑπὲρ
2283 874 2459 929 ταῦτα
2483 893 2494 905 ⁸
2525 877 2683 930 τοῦτο
2718 878 2775 930 δὲ
2805 880 2906 933 οὐκ
2947 882 3282 948 ἐπισκίασις,
3313 886 3429 938 ἀλλ’
3481 888 3673 949 ἕνωπις

2093 963 2353 1035 ἄντικρύς
2383 970 2554 1024 ἐστιν.
2595 969 2747 1023 Ἐπεὶ
2772 971 2829 1024 δὲ
2861 973 2945 1025 ἀεὶ
2981 976 3192 1041 πέφυκε
3226 976 3286 1028 τὸ
3318 979 3544 1043 σκιάζον
3573 984 3674 1047 τὴν

2093 1055 2288 1109 ἑαυτοῦ
2329 1059 2545 1130 μορφὴν
2575 1062 2668 1114 καὶ
2695 1062 2787 1116 τὸν
2815 1064 3015 1117 οἰκεῖον
3048 1067 3225 1120 τύπον
3256 1069 3334 1137 τῷ
3358 1072 3674 1137 ἐπισκιαζο-

2097 1151 2243 1219 μένῳ
2274 1150 2548 1218 ἐμποιεῖν,
2581 1155 2678 1223 οὐχ
2712 1156 2904 1219 ἐνωσις
2942 1157 3125 1227 μόνον,
3157 1160 3294 1214 ἀλλὰ
3324 1164 3416 1239 καὶ
3453 1165 3672 1235 μόρφω⁹

2094 1257 2179 1304 σις
2207 1244 2431 1311 γέγονεν
2466 1247 2523 1297 ἐν
2554 1251 2617 1317 τῇ
2655 1253 2876 1319 γαστρὶ,
2916 1255 3008 1304 καὶ
3033 1252 3094 1306 τὸ
3130 1254 3187 1320 ἐξ
3216 1255 3421 1324 ἀμφοῖν
3457 1275 3668 1327 μεμορ-

2092 1336 2346 1403 φωμένου
2389 1342 2485 1408 τῆς
2528 1358 2586 1392 τε
2629 1342 2722 1394 τοῦ
2780 1343 3038 1411 Ὑψίστου
3087 1346 3392 1417 δυνάμεως.
3436 1350 3532 1402 καὶ
3567 1351 3669 1421 τῆς

2090 1426 2364 1495 παναγίας
2412 1432 2629 1500 ἐκείνης
2668 1435 2761 1487 καὶ
2797 1436 3139 1506 παρθενικῆς
3191 1442 3448 1505 γαστρὸς,
3495 1441 3667 1506 Λόγος

2086 1511 2155 1587 ἦν
2180 1518 2316 1572 Θεοῦ
2351 1528 2792 1594 σεσαρκωμένος.
2836 1527 3024 1592 Οὕτως
3066 1531 3383 1597 ἐσκήνωσεν
3418 1535 3665 1603 ἀπορρή-

2086 1626 2196 1674 τως
2221 1613 2277 1663 ἐν
2301 1613 2459 1684 αὐτῇ,
2493 1616 2586 1667 καὶ
2607 1617 2665 1681 ἐξ
2690 1619 2860 1687 αὐτῆς
2882 1620 3124 1688 προῆλθε
3145 1625 3487 1693 σαρκοφόρος
3508 1628 3536 1678 ό
3563 1627 3663 1679 Λό-

2086 1716 2182 1768 γος
2208 1702 2315 1755 τοῦ,
2339 1705 2497 1767 Θεοῦ,
2528 1709 2622 1760 καὶ
2649 1709 2741 1760 ἐπὶ
2761 1712 2868 1776 γῆς
2897 1710 3054 1780 ὤφθη
3086 1715 3180 1765 καὶ
3209 1716 3321 1777 τοῖς
3351 1716 3661 1786 ἀνθρώποις

2088 1800 2523 1868 συνανεστρὰφη,
2572 1799 2671 1871 τὴν
2701 1803 2981 1872 ἡμετέραν
3027 1805 3305 1874 θεουργῶν
3340 1807 3523 1875 φύσιν,
3563 1812 3659 1862 καὶ

2089 1890 2449 1959 χαριζόμενος
2480 1893 2615 1963 ἡμῖν
2644 1896 2785 1948 κατὰ
2814 1896 2905 1948 τὸν
2935 1897 3079 1951 θεῖον
3127 1899 3474 1964 Ἀπόστολον,
3522 1920 3540 1951 ι
3578 1903 3660 1964 είς

2086 1979 2121 2033 ἃ
2142 1981 2502 2053 ἐπιθυμοῦσιν
2530 1988 2755 2055 ἄγγελοι
2784 1991 3128 2060 παρακύψαι.
3165 2011 3182 2042 ι
3215 1996 3323 2047 Καὶ
3353 1995 3510 2048 τοῦτό
3541 1998 3657 2048 ἐστι

2084 2077 2145 2128 τὸ
2172 2076 2449 2146 ὑπερφυὲς
2480 2081 2778 2149 ἐγκώμιον,
2814 2085 2907 2135 καὶ
2940 2086 2972 2153 ὴ
3007 2085 3107 2153 τῆς
3136 2087 3499 2154 ἀειπαρθένου
3526 2088 3658 2141 ταύο

2084 2184 2184 2237 της
2211 2171 2563 2240 ὑπερένδοξος
2594 2173 2743 2239 δόξα,
2777 2169 2842 2247 ἦς
2875 2174 3020 2239 ἄπας
3044 2180 3274 2245 ἡττᾶται
3304 2180 3398 2231 καὶ
3415 2179 3536 2241 νοῦς
3566 2182 3657 2232 καὶ

2083 2259 2260 2326 λόγος,
2304 2263 2406 2315 κᾶν
2453 2263 2510 2317 εί
2531 2281 2614 2326 τις
2670 2266 2959 2334 ἀγγελικὸς
3007 2270 3113 2337 εἴη.
3148 2270 3229 2323 Τὰ
3271 2271 3328 2323 δὲ
3377 2274 3514 2341 μετὰ
3566 2275 3655 2327 τὸν

2084 2352 2396 2426 ἀπόρρητον
2425 2359 2585 2411 τόκον
2611 2359 2695 2423 τίς
2724 2358 2791 2412 ἂν
2826 2356 2982 2424 αὖθις
3028 2362 3232 2428 ἐξείποι
3276 2363 3437 2434 λόγος
3463 2382 3480 2433 ;
3508 2365 3652 2436 Συμ-

2084 2451 2401 2516 πράττουσο.
2439 2453 2548 2522 γὰρ
2579 2453 2672 2505 καὶ
2704 2455 3103 2525 συμπάσχουσα
3135 2462 3200 2528 τῇ
3228 2459 3297 2512 δι’
3326 2462 3497 2526 αὐτῆς
3528 2461 3656 2531 ὑψο-

2083 2540 2224 2610 ποιῷ
2254 2542 2483 2595 κενώσει
2513 2543 2609 2597 τοῦ
2637 2546 2816 2613 Λόγου
2844 2549 2938 2601 τοῦ
2962 2548 3119 2615 Θεοῦ,
3152 2553 3243 2604 καὶ
3273 2555 3656 2620 συνεδοξάζετο

2084 2635 2178 2685 καὶ
2221 2635 2588 2705 συνανυψοῦτο
2611 2638 2858 2703 δικαίως,
2897 2644 3016 2705 ταῖς
3056 2643 3364 2723 ὑπερφυέσι
3409 2649 3654 2718 προσθή-

2082 2740 2212 2787 καις
2237 2725 2322 2777 ἀεὶ
2350 2726 2701 2796 προστιθεῖσα
2721 2731 2831 2782 τῶν
2851 2731 3180 2801 μεγαλείων.
3220 2734 3377 2790 Ἀλλὰ
3407 2738 3499 2791 καὶ
3512 2739 3655 2809 ’μετὰ

2080 2817 2179 2888 τὴν
2209 2818 2288 2880 είς
2325 2818 2589 2889 οὐρανοὺς
2621 2820 2809 2875 ἄνοδον
2828 2822 2922 2875 τοῦ
2952 2824 3012 2888 ἐξ
3054 2826 3224 2894 αὐτῆς
3253 2831 3655 2899 σαρκωθέντος,

2081 2911 2193 2971 τοῖς
2235 2909 2374 2979 ὑπὲρ
2407 2907 2532 2963 νοῦν
2562 2912 2659 2963 καὶ
2698 2912 2855 2980 λόγον
2881 2915 3257 2986 ὑπηργμένας
3304 2919 3473 2993 ταύτῃ
3520 2924 3653 2992 παρ’

2080 3001 2245 3054 αὐτοῦ
2271 3003 2580 3071 μεγαλείοις
2600 3000 2711 3059 οἷον
2735 3006 3200 3079 ἀντεφιλοτιμείτο
3221 3012 3297 3082 τῷ
3317 3031 3655 3083 καρτερικω-

2081 3093 2228 3165 τάτῳ
2267 3096 2362 3151 καὶ
2414 3095 2687 3150 πολυειδεί
2735 3101 2834 3167 τῆς
2874 3101 3181 3171 ἀσκήσεως,
3217 3106 3310 3157 καὶ
3346 3108 3467 3170 ταῖς
3515 3106 3653 3179 ὑπερ

3109 3195 3204 3248 καὶ
3249 3197 3528 3265 σπουδαῖς,
3559 3202 3655 3253 καὶ

2077 3279 2198 3338 ταῖς
2220 3280 2355 3347 πρὸς
2370 3281 2493 3343 τοὺς
2511 3280 2671 3351 207
2684 3281 2771 3336 διὰ
2790 3283 2969 3339 πάντα
2986 3286 3056 3339 τὰ
3075 3269 3289 3357 πέρατα
3313 3289 3655 3362 θεοκήρυκας

2080 3369 2385 3440 ὑποθήκαις
2425 3373 2522 3425 καὶ
2551 3378 2913 3443 προτροπαῖς,
2946 3377 3204 3449 ἁπάντων
3234 3375 3304 3449 ἦν
3338 3381 3481 3453 αὕτη
3516 3385 3653 3453 μόνη

2079 3465 2384 3534 στηριγμός
2406 3466 2542 3535 ὁμοῦ
2575 3468 2667 3520 καὶ
2697 3468 3070 3537 παράκλησις,
3101 3470 3196 3522 καὶ
3219 3471 3527 3544 ἀκουομένη
3561 3477 3657 3531 καὶ

2076 3556 2353 3625 ὁρωμένη,
2388 3561 2483 3610 καὶ
2512 3559 2958 3629 συνεργαζομένη
2992 3564 3262 3626 παντοίως
3278 3563 3372 3617 τοῦ
3407 3567 3658 3634 Εὐαγγεο

2076 3649 2193 3701 λίου
2220 3650 2281 3702 τὸ
2307 3651 2572 3720 κήρυγμα
2593 3667 2605 3680 ’
2621 3651 2715 3704 καὶ
2732 3650 3008 3722 οὓτωξβίον
3037 3653 3332 3722 ἐναγώνιον
3353 3656 3538 3727 ἄκρως
3560 3663 3656 3713 καὶ

2079 3742 2359 3796 πολιτείαν
2397 3743 2521 3797 νοῦν
2554 3749 2649 3797 καὶ
2674 3744 2831 3810 λόγον
2854 3744 3266 3816 ἐνδεικνυμένη.

2082 3876 2087 3881 .
2149 3835 2248 3887 Διὰ
2278 3835 2450 3888 ταῦτα
2485 3838 2668 3889 τοίνυν
2699 3838 2795 3890 καὶ
2823 3839 2850 3890 ὁ
2886 3837 3118 3903 θάνατος
3143 3842 3651 3915 αὺτῆςζωηφόρος,

2078 3926 2158 3988 είς
2194 3927 2450 3995 οὐράνιον
2482 3929 2578 3981 ttat
2617 3928 2891 3983 ἀθάνατον
2920 3933 3305 4000 μεταϐιϐάζων
3345 3937 3525 4008 ζειιήνο
3559 3943 3654 3995 καὶ

2076 4015 2329 4091 ήτούτου
2368 4018 2558 4087 μνήμη
2599 4020 2945 4089 χαρμόσυνος
2975 4023 3139 4094 ἑορτὴ
3174 4026 3267 4077 καὶ
3311 4029 3653 4100 παγκόσμιός

2077 4109 2194 4160 ἐστι
2224 4109 2559 4177 πανήγυρις,
2595 4109 2671 4176 μὴ
2705 4109 2870 4178 μόνον
2897 4111 3274 4185 ἀνανεουμένη
3303 4116 3402 4187 τὴν
3431 4120 3653 4190 μνήμην

2075 4199 2184 4252 τῶν
2228 4203 2329 4269 τῆς
2363 4200 2712 4272 Θεομήτορος
2748 4200 3092 4271 θαυμασίων,
3121 4208 3261 4262 ἀλλὰ
3306 4212 3401 4264 καὶ
3428 4230 3654 4282 προστι-

2077 4293 2234 4346 θεῖσα
2277 4293 2378 4362 τὴν
2406 4293 2595 4363 κοινὴν
2631 4295 2726 4348 καὶ
2766 4296 2963 4366 καινὴν
2984 4299 3096 4354 τῶν
3128 4301 3294 4371 ἱερῶν
3336 4305 3655 4360 ἀποστόλων

2075 4385 2140 4436 ἐκ
2180 4385 2378 4446 παντὸς
2405 4384 2590 4449 ἔθνους
2615 4386 2707 4439 ἐπὶ
2726 4389 2791 4455 τῇ
2819 4388 3066 4461 πανιέρῳ
3086 4392 3280 4463 κηδείᾳ
3306 4395 3512 4465 ταύτης
3535 4414 3657 4453 συν-

2079 4473 2309 4543 δρομήν·
2363 4477 2490 4538 τοὺς
2529 4477 2622 4529 ἐπὶ
2664 4478 2839 4550 ταύτῃ
2897 4481 3006 4532 τῶν
3058 4483 3372 4553 θεολήπτων
3429 4489 3656 4545 ἐκείνων

2081 4564 2450 4637 θεοφάντορας
2479 4566 2711 4638 ὕμνους·
2738 4570 2837 4634 τὰς
2870 4573 3173 4641 ἅγγελικὰς
3206 4578 3533 4645 ἐπιστασίας
3559 4585 3655 4637 καὶ

2079 4657 2210 4727 περὶ
2246 4658 2419 4729 αὐτὴν
2467 4662 2834 4731 χοροστασίας
2873 4665 2972 4717 καὶ
3002 4665 3367 4737 λειτουργίας
3397 4688 3622 4743 προπεμ

2077 4750 2312 4815 πόντων,
2341 4753 2722 4821 ἐφεπομὲνων,
2749 4758 3234 4825 συμπραττόντων,
3249 4760 3651 4831 ἀντιπραττόν-

2077 4857 2207 4905 των,
2256 4841 2596 4911 ἀμυνόντων,
2644 4846 3037 4916 ἁμυνομένωψ
3096 4848 3194 4902 καὶ
3244 4853 3652 4921 συνεργούντων

2074 4927 2181 4994 μὲν
2217 4931 2312 4981 καὶ
2342 4930 2683 5001 συνᾳδόντων
2724 4934 2876 5005 πάσῃ
2913 4936 3140 5005 δυνάμει
3174 4942 3284 5003 τοϊς
3317 4942 3406 4996 διὰ
3438 4946 3655 5001 πάντων

2078 5018 2407 5084 σεμνύνουσι
2439 5022 2504 5072 τὸ·
2522 5019 2831 5091 ζωαρχικὸν
2860 5025 2955 5076 καὶ
2978 5025 3225 5094 θεοδόχον
3252 5030 3432 5085 ἐκεῖνο
3469 5035 3654 5103 σῶμα,

2079 5109 2138 5160 τὸ
2185 5111 2452 5164 σωστικὸν
2501 5113 2797 5181 φάρμακον
2845 5114 2940 5168 τοῦ
2990 5118 3111 5171 καθ’
3158 5123 3305 5189 ἡμᾶς
3340 5126 3555 5190 γένους,
3595 5130 3659 5179 τὸ

2077 5202 2260 5269 πάσης
2303 5203 2404 5271 τῆς
2435 5205 2667 5268 κτίσεως
2705 5207 3114 5280 σεμνολόγημα·
3167 5214 3555 5281 πολεμούντων
3597 5219 3657 5270 δὲ

2078 5293 2172 5343 καὶ
2203 5294 2601 5362 ἀντικειμένων
2649 5298 2797 5365 χειρὶ
2840 5303 3049 5370 κρυφίᾳ
3092 5305 3207 5364 τοῖς
3258 5304 3656 5375 ἐπεμϐαίνουσι

2079 5387 2175 5438 καὶ
2194 5387 2757 5455 ἀντεπανισταμένοις
2794 5391 3073 5457 Ἰουδαίοις
3105 5394 3362 5467 θεομάχῳ
3388 5399 3536 5471 χειρὶ
3561 5404 3657 5455 καὶ

2078 5479 2297 5549 γνώμῃ,
2347 5480 2512 5533 αὑτοῦ
2548 5484 2640 5533 τοῦ
2694 5484 2901 5552 Κυρίου
2948 5486 3179 5540 Σαϐαὼθ
3243 5494 3338 5541 καὶ
3376 5493 3500 5545 Υῑοῦ
3551 5496 3655 5563 τῆς

2077 5570 2445 5639 ἀειπαρθένου
2507 5573 2713 5641 ταύτης
2773 5576 3023 5643 ἀοράτως
3074 5580 3368 5649 παρόντος,
3427 5587 3520 5636 καὶ
3558 5587 3657 5656 τὴν

2077 5664 2279 5728 ἐξόδιον
2315 5665 2661 5730 ἀποδιδόντος
2688 5671 2751 5738 τῇ
2786 5670 2973 5741 Μητρὶ
3013 5676 3204 5743 τιμὴν,
3254 5674 3316 5731 οὗ
3347 5679 3467 5741 ταῖς
3498 5681 3655 5750 χερσὶ
