4014 6426
309 393 414 452 465

1599 411 1931 470 ΠΟΜΙΙΑΙΛ
1973 416 2274 477 XXXVII.

3451 425 3553 484 fuit)

310 504 400 554 καὶ
440 503 500 556 τὸ
543 505 800 574 θεοφόρον
831 512 1125 566 ἐναπέθετο
1168 517 1407 584 πνεῦμα,
1449 521 1515 571 δι’
1550 515 1608 572 οῦ
1645 522 1764 588 μετ’
1813 523 1872 573 οὐ

1985 528 2067 595 ius
2116 544 2219 598 ope
2273 547 2378 584 non
2433 532 2603 584 multo
2647 541 2767 600 post
2803 533 3038 606 conjuge
3086 535 3218 589 illud
3267 550 3468 607 corpus
3500 541 3552 592 in

310 595 444 646 πολὺ
486 599 580 648 καὶ
624 600 684 650 τὸ
729 602 961 669 σύζυγον
994 605 1170 658 ἐκεῖνο
1215 615 1373 676 σῶμα
1402 612 1480 672 εἰς
1530 613 1758 676 ἀείζωον
1783 617 1876 667 καὶ

309 685 560 754 οὐράνιον
595 691 945 756 μετατίθεται
973 695 1172 765 χῶρον,
1207 701 1431 764 εἰκότως
1478 706 1569 754 καὶ
1613 703 1714 770 τῆς
1748 707 1878 776 περὶ

311 777 480 847 αὐτὴν
526 783 781 852 ἀπαρχῆς
820 788 982 856 μέχρι
1009 791 1102 842 νῦν
1134 795 1484 865 καταλλήλως
1513 811 1526 826 ⁸
1558 801 1744 853 πολλοὶ
1771 805 1879 872 γὰρ

312 870 420 923 τῶν
443 873 538 924 ἀπ’
568 876 763 938 αἰῶνος
794 879 1082 947 εὐμενείας
1109 885 1262 948 θείας
1293 889 1386 940 καί⁸
1417 889 1570 958 δόξης
1597 895 1691 944 καὶ
1719 870 1880 949 δυνάγ-

316 977 460 1051 μεως
493 961 706 1033 ἔτυχον,
741 967 814 1031 ὡς
845 972 939 1022 καὶ⁹
973 970 1064 1023 τὸν
1114 975 1278 1029 Δαῦὶδ
1318 977 1522 1045 λέγειν·
1564 1001 1582 1032 ι
1628 982 1782 1051 Ἐμοὶ
1823 986 1878 1038 δὲ

317 1050 436 1102 λίαν
457 1052 796 1122 ἐτιμήθησαν
823 1063 871 1112 οἱ
913 1061 1057 1128 φίλοι
1109 1082 1228 1128 σου⁹
1271 1070 1298 1120 ὁ
1347 1070 1497 1136 Θεὸς,
1546 1073 1667 1125 λίαν
1698 1050 1880 1144 ἔκρα-

317 1141 625 1208 ταιώθησαν
655 1147 710 1197 αἱ
742 1148 906 1218 ἀρχαὶ
936 1152 1116 1205 αὐτῶν
1137 1171 1152 1186 ο
1184 1155 1627 1229 ἑξαριθμήσομαι
1660 1141 1878 1231 αὐτοὺς,

316 1238 408 1283 καὶ
431 1233 569 1303 ὑπὲρ
593 1234 778 1305 ἄμμον
811 1241 1308 1311 πληθυνθήσονται.
1344 1270 1362 1300 ›
1397 1252 1594 1304 Πολλοὶ
1629 1258 1768 1309 κατὰ
1790 1259 1880 1310 τὸν

317 1319 637 1389 Σολομῶντα
671 1327 900 1383 πλοῦτον
929 1333 1250 1403 ἐκτήσαντο,
1292 1340 1385 1391 καὶ
1421 1343 1616 1395 πολλαὶ
1655 1347 1884 1413 θυγατέ-

321 1427 410 1476 ρες
467 1415 732 1486 ἐποίησαν
783 1422 1036 1492 δύναμιν*
1090 1428 1228 1494 αὕτη
1281 1431 1338 1482 δὲ
1403 1434 1726 1503 ὑπέρκειται
1786 1443 1883 1493 καὶ

319 1504 560 1574 ὑπερῆρε
611 1511 820 1576 πάντας
851 1533 910 1568 τε
944 1520 1037 1571 καὶ
1088 1522 1291 1587 πάσας,
1348 1525 1458 1580 οὐδ’
1498 1530 1620 1581 ὅσον
1665 1533 1839 1585 εἰπεῖν
1867 1550 1879 1563 ·

320 1597 454 1690 μόνη
506 1604 613 1668 γὰρ
668 1604 805 1658 Θεοῦ
868 1609 962 1662 καὶ
1023 1614 1224 1676 παντὸς
1291 1618 1632 1686 ἀνθρωπείου
1690 1625 1882 1690 γένους

317 1687 763 1784 στᾶξσαλμεταξὺ,
796 1695 887 1748 τδν
929 1699 1060 1753 Θεὸν
1105 1705 1365 1774 εποίησεν
1403 1710 1530 1762 Υἱὺν
1563 1687 1882 1784 ἀνθρωπου,

223 1827 230 1846 ἱ
317 1778 468 1880 υἱοὺς
502 1779 560 1832 δὲ
607 1783 743 1836 Θεοῦ
796 1788 924 1852 τοὺς
963 1793 1287 1862 ἀνθρώπους
1334 1802 1735 1872 ἀπειργάσατο,
1784 1809 1882 1878 τὴν

317 1874 421 1937 γῆν
452 1874 837 1944 οὐρανώσασα,
869 1883 962 1936 καὶ
1007 1886 1066 1937 τὸ
1099 1889 1254 1953 γένος
1292 1891 1567 1953 θεὼσασα.
1620 1901 1711 1950 καὶ
1746 1874 1881 1971 μόνη

315 1973 507 2060 πασῶν
543 1973 688 2060 ἀὕτη
739 1973 924 2043 μήτηρ
976 1977 1075 2044 μὲν
1113 1982 1176 2032 ἐκ
1220 1986 1436 2049 φύσεως
1499 1989 1639 2060 ὑπὲρ
1701 1996 1884 2045 πᾶσαν

315 2054 476 2150 φύσιν
530 2057 850 2131 ἀναπέφηνε
888 2065 1046 2132 Θεοῦ,
1096 2069 1310 2137 βασιλὶς
1364 2076 1420 2128 δὲ
1481 2054 1682 2142 παντὸς
1725 2083 1886 2150 ἐγκο-

319 2147 478 2214 σμίου
503 2153 602 2246 καὶ
633 2153 1006 2227 ὕπερκοσμίου
1039 2164 1343 2232 κτίσματος
1372 2171 1582 2240 ὑπῆρξε
1606 2174 1683 2242 τῷ
1709 2147 1882 2246 ἀῲρά-

315 2254 428 2309 στῳ
456 2243 620 2313 τόκῳ.
649 2247 742 2299 καὶ
769 2248 911 2304 οὕτω
933 2255 1060 2316 τοὺς
1082 2257 1172 2325 ὑφ’
1192 2259 1484 2330 ἐαυτὴν.δι’
1517 2267 1718 2335 ἑαυτῆς
1743 2243 1886 2338 Cnidi)-

316 2339 598 2430 0a0g,_ttai
620 2338 680 2391 τὺ
703 2343 794 2395 ἐπὶ
817 2344 919 2409 γῆς
946 2348 1186 2418 ὑπήκοον
1208 2353 1462 2422 οὐράνιον
1481 2359 1597 2412 ἀντ’
1634 2362 1883 2430 ἐπιγείου

313 2417 666 2525 ἀποδείξασα,
725 2417 1049 2504 κρείττονος
1078 2443 1238 2507 ἀξίας
1270 2417 1411 2518 αὕτη
1459 2455 1554 2505 καὶ
1599 2417 1885 2525 δυνάμεως

313 2515 626 2618 ὐπερτέρας
679 2531 1052 2599 μετασχοῦσα,
1085 2535 1179 2587 καὶ
1217 2538 1317 2606 τῆς
1369 2542 1431 2594 ἐκ
1474 2544 1585 2596 τῶν
1637 2547 1886 2618 οὐρανῶν

311 2607 402 2714 διά
423 2611 564 2667 θείου
598 2617 912 2714 ῌνεὺματος
931 2633 1292 2697 χειροτονίας,
1323 2635 1544 2705 ὑψηλῶν
1574 2607 1883 2714 ὑψηλοτάτη

313 2703 406 2756 καὶ
429 2712 700 2778 μακαρίου
714 2712 902 2781 γένους
929 2727 1322 2794 μακαριωτάτη
1349 2703 1562 2797 βασιλὶς
1593 2703 1882 2807 ὲ-φέστηκεί

384 2839 491 2943 Νῦν
522 2847 622 2943 καὶ
672 2849 762 2903 τὸν
797 2853 1026 2924 οὐρανὸν
1060 2857 1262 2929 ἔχουσα
1301 2865 1510 2933 πρέπον
1543 2869 1882 2943 οίκητήριον,

309 2932 386 3032 ῶς
414 2936 546 3006 αὐτῇ
577 2945 855 3013 προσῆκον
885 2947 1179 3016 βασίλειον,
1207 2957 1287 3017 είς
1316 2932 1376 3009 ὂν
1403 2960 1511 3012 ἀπὸ
1543 2932 1884 3032 γιῖγςΙμεΙταν-ἰ

311 3026 456 3126 έστη-
486 3031 762 3126 σήμερον,
812 3041 906 3092 καὶ
939 3041 1002 3094 ὲκ
1049 3043 1238 3110 δεξιῶν
1263 3026 1561 3120 τ’παρέστη-
1586 3026 1693 3106 τοῦ*
1734 3074 1885 3126 παμ-

315 3117 576 3217 ϐασιλέως
633 3127 692 3217 έν
745 3129 1026 3203 ἱματισμῷ
1097 3117 1380 3210 διαχρύσῴ
1434 3117 1877 3217 περιϐεϐλημένη

313 3213 737 3314 πεποικιλμένη,
789 3222 930 3314 κατὰ
988 3226 1052 3278 τὸ
1106 3230 1402 3299 εἰρημένον
1459 3237 1537 3304 τῷ
1600 3213 1881 3314 ψαλμῳδῷ

311 3298 570 3404 Προφητη
599 3310 726 3404 περι
749 3312 940 3382 αὐτῆς.
985 3298 1309 3389 Ἱματισμὸν
1337 3325 1392 3376 δὲ
1425 3298 1882 3404 νοιέσεέδιάἱγῷυζ

312 3406 405 3441 σον
444 3393 504 3486 το
541 3397 768 3466 θεαυγὲς
812 3404 1028 3476 ἐκείνης
1061 3409 1242 3478 σῶμα,
1296 3417 1725 3486 πεποικιλμένον
1748 3393 1881 3486 ’ταῖς

312 3484 685 3550 παντοδαπαῖς
716 3489 959 3557 ἀρεταῖςο
995 3498 1130 3567 μόνη
1168 3499 1277 3566 γὰρ
1309 3499 1448 3570 αὕτη
1481 3484 1575 3555 νῦν
1618 3506 1756 3572 μετὰ
1783 3484 1878 3560 τοῦ

311 3573 654 3640 θεοδοξάστου
693 3583 945 3653 σώματος
980 3589 1077 3641 σὺν
1102 3591 1179 3660 τῷ
1215 3591 1331 3661 Υίῷ
1356 3597 1447 3646 τὸν
1472 3597 1721 3666 οὐράνιον
1765 3599 1880 3669 ἔχει

309 3666 508 3735 χῶρον·
539 3673 599 3724 οὐ
632 3675 740 3743 γὰρ
767 3673 880 3745 εἶχε
911 3681 1166 3751 κατέχειν
1209 3687 1288 3744 εἰς
1315 3686 1467 3748 τέλος
1490 3691 1557 3759 γῆ
1586 3692 1680 3742 καὶ
1709 3691 1881 3760 τάφος

309 3760 406 3812 καὶ
445 3761 673 3822 θάνατος
707 3767 1015 3840 ζωαρχικδν
1062 3775 1224 3843 σῶμα
1246 3779 1338 3829 καὶ
1373 3777 1643 3849 θεοδὸχον,
1677 3785 1769 3836 καὶ
1792 3786 1882 3837 οὐ-

313 3857 472 3922 ρανοῦ
508 3861 602 3912 καὶ
643 3865 739 3914 τοῦ
770 3865 1004 3925 οὐρανοῦ
1055 3869 1166 3920 τῶν
1199 3873 1447 3938 οὐρανῶν
1490 3877 1744 3948 φίλτερον
1792 3881 1880 3932 ἐν·

308 3950 589 4020 διαίτημα.
623 3953 687 4006 Εί
714 3957 817 4026 γὰρ
849 3958 1017 4038 ψυχὴ,
1047 3959 1182 4014 Θεοῦ
1221 3964 1380 4033 χάριν
1406 3965 1613 4022 ἔνοικον
1652 3971 1877 4040 σχοῦσα,

311 4043 449 4112 πρὸς
471 4044 696 4114 οὐρανὸν
743 4049 1032 4120 ἀνέρχεται
1077 4053 1184 4108 τῶν
1228 4057 1463 4111 ἐνταῦθα
1503 4060 1743 4125 λυθεῖσα,
1778 4081 1878 4117 κα-

310 4134 488 4204 θάπερ
511 4142 604 4191 καὶ
630 4139 718 4192 διὰ
750 4142 961 4196 πολλῶν
995 4149 1305 4215 καταφανὲς
1338 4151 1502 4221 208
1528 4154 1744 4221 γέγονε,
1781 4159 1878 4210 καὶ

312 4235 666 4297 πιστεύομεν,
706 4233 821 4295 πῶς
865 4235 930 4286 ἂν
961 4238 1021 4289 τὸ
1061 4241 1134 4309 μὴ
1179 4243 1342 4308 μόνον
1374 4245 1433 4296 ἐν
1482 4247 1661 4317 ἐαυτῷ
1712 4248 1876 4302 λαὸὲν

309 4323 473 4374 αὐτὸν
501 4325 592 4375 τὸν
622 4327 948 4393 προαιώνιον
981 4334 1075 4383 καὶ
1127 4338 1387 4406 μονογενῆ
1413 4339 1508 4390 τοῦ
1559 4341 1696 4392 Θεοῦ
1723 4343 1875 4410 Υἰὸν,

306 4415 406 4481 τὴν
439 4415 662 4468 ἁένναον
692 4419 878 4488 πηγὴν
912 4422 1010 4489 τῆς
1046 4425 1286 4494 χάριτος,
1327 4429 1463 4480 ἀλλά
1506 4432 1600 4483 καὶ
1631 4449 1880 4504 γεννητι-

1981 624 2256 677 ςαξῑεετοπι
2300 627 2426 678 vita:
2463 627 2720 693 perennis
2750 630 3023 695 regionem
3059 639 3178 684 erat
3219 631 3555 686 transferen-

1982 717 2135 778 dum,
2173 725 2230 769 ut
2265 718 2540 770 miraculis
2571 721 2710 772 haud
2752 721 2940 777 minus
2980 722 3329 777 mirabilibus
3371 724 3552 792 priora

1981 805 2347 864 Conﬁrmaret.
2383 809 2516 864 Nam
2552 813 2704 866 multi
2737 829 2764 867 a
2803 816 3000 868 seculo
3033 814 3276 868 divinam
3311 815 3546 869 felicita-

1987 911 2091 955 tem
2125 911 2178 955 et
2208 903 2434 971 gloriam
2473 914 2527 958 et
2562 904 2938 959 fortitudinem
2982 906 3360 969 obtinuerunt,
3388 907 3462 959 ita
3498 917 3549 959 ut

1983 994 2189 1046 diceret
2255 994 2419 1047 David
2460 1014 2472 1047 :
2513 1015 2530 1046 ι
2583 995 2711 1049 Mihi
2761 1009 2942 1050 autem
2996 998 3162 1051 nimis
3208 998 3552 1053 lionoril'ieati

1985 1096 2113 1139 sunt
2145 1087 2305 1138 amici
2344 1087 2441 1150 tui,
2474 1088 2653 1152 Deus;
2702 1089 2868 1142 nimis
2915 1087 3259 1141 confortatus
3290 1099 3373 1142 cst
3405 1091 3558 1157 priu-

1983 1179 2191 1244 cipatus
2221 1194 2410 1231 eorum
2443 1199 2454 1243 ;
2489 1180 2850 1233 dinumerabo
2891 1195 3009 1244 eos,
3048 1188 3102 1232 et
3145 1195 3309 1248 super
3337 1196 3554 1234 arenam

1985 1265 2499 1332 rnultiplir-abuntur
2526 1267 2594 1320 ⁸⁸.
2634 1286 2652 1316 ›
2708 1267 2861 1320 Mulli
2905 1274 3376 1336 congregavertmt
3422 1266 3561 1318 divi-

1985 1360 2109 1421 tias,
2158 1367 2211 1411 et
2242 1360 2427 1413 multae
2459 1359 2580 1412 lilia}
2628 1358 2876 1411 fecerunt
2910 1357 3232 1432 potentiam,
3256 1359 3347 1411 illa
3381 1368 3555 1411 autem

1985 1465 2336 1517 supergressa
2367 1459 2448 1503 cst
2475 1449 2760 1503 universos
2787 1459 2842 1503 et
2869 1452 3151 1504 universas
3171 1450 3236 1514 ⁸⁵,
3271 1449 3563 1503 inciTahili-

1987 1547 2101 1603 ter;
2141 1555 2267 1592 nam
2323 1541 2442 1594 sola
2490 1549 2645 1594 stans
2693 1542 2834 1594 inter
2868 1542 3037 1597 Deum
3078 1550 3134 1595 et
3187 1557 3350 1597 omne
3387 1559 3561 1612 genus

1986 1629 2309 1692 humanum,
2345 1632 2512 1685 Deum
2565 1632 2690 1686 fecit
2723 1631 2916 1685 Filium
2951 1632 3216 1696 hominis,
3265 1633 3404 1688 filios
3432 1650 3561 1686 vero

1985 1721 2078 1775 Dei
2115 1723 2240 1776 fecit
2267 1725 2538 1788 homines,
2563 1735 2759 1779 terram
2791 1724 2844 1778 in
2873 1725 3072 1778 cmlum
3102 1736 3341 1786 mutans,
3368 1741 3566 1794 genus-

1987 1833 2092 1886 que
2127 1818 2426 1871 humanum
2464 1819 2530 1872 ad
2560 1819 2862 1873 divinitatis
2892 1818 3211 1888 dignitatem
3245 1819 3483 1887 erigens,
3510 1828 3564 1871 et

1985 1910 2101 1964 sola
2135 1921 2330 1965 natura
2373 1910 2545 1965 Mater
2586 1911 2676 1965 Dei
2712 1927 2873 1977 super
2917 1927 3134 1964 omnem
3163 1919 3413 1963 naturam
3440 1911 3562 1963 eni-

1986 2001 2108 2058 tuit.
2146 2002 2391 2055 omnium
2422 2018 2554 2057 vero
2587 2012 2962 2056 creaturarum
3005 2002 3121 2056 sive
3168 2001 3334 2068 hujus
3371 2001 3559 2054 mundi

1983 2097 2098 2148 sive
2129 2107 2290 2163 supra
2347 2095 2610 2147 mundum
2657 2093 2959 2162 positarum
3015 2093 3199 2162 regina
3245 2090 3416 2160 fulget
3465 2107 3563 2160 per

1985 2204 2144 2241 suum
2181 2196 2398 2255 partum
2436 2185 2764 2241 inclfabilem
2793 2205 2806 2255 ;
2841 2186 3033 2253 sicque
3076 2199 3172 2253 per
3206 2186 3559 2253 semetipsatn

1987 2281 2238 2335 subditos
2279 2280 2529 2334 exaltans
2559 2289 2612 2332 et
2646 2279 3012 2335 obedientiam
3064 2295 3090 2331 a
3119 2279 3350 2348 [terrena
3401 2279 3566 2331 etule-

1986 2386 2123 2430 stem
2179 2374 2545 2436 constituens,
2577 2372 2802 2442 majoris
2849 2370 3133 2440 dignitatis
3184 2378 3236 2424 et
3269 2369 3563 2439 singularis

1983 2467 2242 2538 potentiae
2275 2467 2418 2520 facta
2445 2465 2740 2535 particeps,
2781 2468 3008 2535 ipsaque
3039 2480 3069 2518 a
3109 2462 3312 2532 Spiritu
3347 2465 3564 2518 ctelitus

1987 2557 2188 2612 eximie
2218 2557 2565 2620 conﬁrmata,
2597 2557 2933 2612 sublimibus
2965 2555 3254 2610 sublimior
3285 2563 3449 2625 atque
3482 2555 3564 2609 ie-

1986 2650 2108 2704 licis
2143 2651 2359 2720 generis
2386 2648 2707 2706 felicissima
2728 2648 2974 2704 constitit
3003 2649 3210 2719 regina.

2005 2935 2008 2938 _
2062 2871 2232 2926 Hodie
2261 2885 2396 2925 vero
2428 2869 2628 2926 coelum
2661 2869 2870 2923 habens
2901 2865 3233 2922 conveniens
3280 2864 3565 2919 habitacu-

1988 2964 2099 3018 lum
2128 2974 2184 3018 ut
2211 2965 2491 3033 proprium
2521 2963 2626 3017 sibi
2665 2963 2947 3031 palatium,
2975 2976 3085 3030 quo
3112 2974 3142 3013 a
3165 2968 3313 3013 terra
3345 2959 3448 3012 hac
3474 2958 3563 3011 die

1989 3058 2260 3119 ascendit,
2293 3057 2468 3111 astitit
2501 3071 2530 3109 a
2563 3056 2797 3120 dextris
2828 3053 2992 3124 Regis
3054 3054 3105 3106 in
3155 3052 3359 3107 vestitu
3393 3052 3563 3105 deau-

1993 3158 2110 3204 rato
2137 3151 2476 3203 circumdata
2505 3147 2789 3210 varietate,
2823 3156 2984 3216 prout
3013 3146 3167 3216 deZea
3189 3144 3390 3199 cecinit
3416 3132 3563 3211 psal-

1987 3240 2178 3294 mistes
2214 3239 2513 3308 Propheta.
2557 3238 2823 3294 Vestitum
2869 3248 3050 3292 autem
3106 3237 3432 3291 deauratum
3469 3251 3563 3289 co-

1987 3332 2096 3401 gita
2126 3331 2427 3401 gloriosum
2472 3329 2592 3395 ejus
2643 3344 2846 3398 corpus
2877 3328 3208 3383 omnimodis
3236 3327 3557 3381 distinctum

1985 3422 2322 3486 virtutibus;
2354 3422 2468 3474 sola
2498 3421 2643 3473 enim
2688 3420 2804 3488 ipsa
2854 3420 3016 3473 hodie
3039 3435 3158 3472 cum
3196 3434 3294 3472 suo
3327 3433 3559 3486 corpore

1983 3513 2168 3569 divina
2193 3513 2443 3568 claritate
2475 3513 2681 3581 fulgido
2714 3514 2994 3568 caelestem
3021 3512 3231 3565 obtinet
3259 3511 3556 3580 regionem;

1983 3624 2111 3663 nam
2163 3623 2269 3662 non
2321 3608 2494 3676 potuit
2535 3615 2676 3660 terra
2708 3615 2762 3659 et
2791 3606 3102 3674 sepulcrum
3144 3613 3198 3658 et
3229 3619 3374 3657 mors
3408 3603 3463 3655 in
3497 3605 3562 3655 li-

1984 3716 2108 3755 nem
2140 3700 2420 3770 possidere
2449 3699 2581 3752 illud
2603 3712 2801 3766 corpus
2826 3697 2880 3749 in
2909 3712 3017 3765 quo
3049 3696 3188 3749 Deus
3212 3696 3394 3748 sedem
3421 3695 3561 3748 coelo

1983 3799 2037 3845 et
2081 3791 2222 3844 coelo
2273 3790 2535 3843 ccelorum
2571 3788 2863 3856 gratiorem
2902 3785 3001 3839 sibi
3054 3785 3325 3854 elegerat;
3363 3784 3563 3852 quippe

1985 3883 2032 3938 si
2070 3882 2252 3936 anima
2283 3897 2405 3950 quae
2440 3881 2668 3950 gratiam
2703 3879 2796 3931 Dei
2835 3878 3229 3932 inhahitantem
3265 3876 3473 3939 habuit,
3508 3875 3560 3926 in

1985 3975 2186 4031 cmlum
2207 3976 2451 4029 ascendit
2474 3973 2666 4025 harum
2694 3986 2872 4024 rerum
2899 3969 3076 4036 fragili
3110 3967 3328 4022 vinculo
3358 3967 3560 4027 soluta,

1988 4069 2131 4123 sicut
2159 4081 2252 4135 per
2285 4066 2486 4119 multos
2541 4065 2740 4117 factum
2774 4069 2857 4116 est
2903 4059 3254 4114 manifestum
3285 4099 3301 4125 ,
3347 4069 3402 4113 et
3445 4073 3564 4112 cre—

1989 4161 2197 4225 dimus,
2245 4158 2522 4228 quomodo
2573 4171 2791 4224 corpus,
2820 4139 2966 4223 quod
3002 4169 3107 4207 non
3159 4153 3334 4208 solum
3374 4153 3426 4203 iu
3471 4167 3560 4205 se-

1989 4256 2227 4322 metipso
2259 4253 2438 4321 ipsum
2470 4250 2686 4319 accepit
2715 4258 2978 4303 atternum
3007 4256 3060 4299 et
3092 4246 3434 4314 unigenitum
3470 4245 3560 4296 Dei

1986 4346 2211 4410 Filium,
2246 4335 2539 4413 perennem
2599 4343 2788 4412 gratia:
2835 4342 3061 4401 fontem,
3091 4338 3184 4391 sed
3239 4337 3400 4390 etiam
3437 4353 3561 4390 eurn

1989 4439 2298 4508 parturivit,
2352 4453 2382 4490 a
2437 4435 2596 4489 terris
2631 4435 2684 4487 in
2716 4433 2914 4486 coelum
2950 4448 3056 4484 non
3115 4429 3306 4483 fuisset
3354 4443 3564 4483 assum-

308 4507 405 4559 κὸν
434 4508 706 4575 ἀναφανὲν
744 4512 906 4565 αὐτοῦ
942 4515 1121 4584 σῶμα,
1157 4521 1255 4570 οὐκ
1283 4520 1390 4572 ἀπὺ
1419 4521 1521 4589 γῆς
1551 4524 1688 4593 πρὸς
1719 4527 1880 4596 οὐρα-

1991 4533 2181 4602 ptum?
2227 4533 2322 4587 Illa
2369 4529 2587 4600 quidem
2643 4525 2988 4580 solummodo
3027 4533 3136 4579 tres
3185 4510 3368 4576 annos
3410 4531 3560 4583 nata,

303 4600 397 4651 νὸν
430 4600 708 4671 ἀνελήφθη
737 4622 749 4669 ;
787 4605 855 4656 Ἦ
886 4605 966 4659 ἔτι
1004 4609 1225 4678 τριετὴς
1253 4609 1409 4672 οὐσα.
1451 4617 1543 4667 καὶ
1595 4619 1759 4686 μήπω
1789 4622 1884 4672 τὸν

308 4690 708 4757 ὑπερουράνιον
759 4693 971 4747 ἕνοικον
1039 4698 1268 4765 σχοῦσα,
1334 4704 1467 4770 μηδὲ
1540 4709 1884 4777 σαρκοφόρον

308 4783 724 4849 προαγαγοῦσα,
759 4787 831 4839 τὰ
885 4788 1051 4855 ’Ἅγια
1101 4792 1209 4842 τῶν
1248 4794 1420 4860 ἁγίων
1461 4797 1709 4862 οἰκοῦσα,
1740 4799 1882 4869 μετά

305 4874 366 4925 τὸ
430 4876 773 4944 τηλικούτοις
833 4898 893 4933 τε
959 4884 1053 4936 καὶ
1105 4887 1384 4948 τοσούτοις
1452 4889 1757 4961 ὑπερτελὴς
1787 4895 1880 4944 καὶ

307 4966 453 5017 κατά
483 4967 643 5035 σῶμα
670 4971 944 5036 γενέσθαι,
973 4974 1068 5026 καὶ
1097 4974 1267 5036 ὅντως
1304 4977 1678 5047 ὑπερκοσμία,
1711 4984 1781 5049 γῆ
1815 4981 1880 5034 ἂν

311 5057 552 5122 ἐγεγόνει
602 5061 906 5133 διαφθορὰν
963 5064 1277 5133 ὐποστᾶσα;
1311 5071 1403 5119 καὶ
1457 5070 1622 5124 πόθεν
1658 5073 1723 5124 ἂν
1768 5074 1881 5144 ἔχοι

311 5149 465 5203 τοῦτο
493 5151 652 5217 λόγον
683 5157 792 5216 τοῖς
827 5157 966 5222 μετὰ
996 5157 1156 5227 λόγου
1191 5161 1457 5214 σκοποῦσι
1480 5178 1494 5225 ;
1521 5164 1618 5217 Διά
1638 5163 1795 5217 τοῦτο
1823 5167 1880 5216 τὸ

307 5245 574 5311 γεννῆσαν
603 5249 824 5310 εἰκότως
863 5249 1021 5317 σῶμα
1052 5252 1434 5317 συνδοξάζεται
1460 5254 1537 5324 τῷ
1574 5259 1877 5326 γεννήματι

303 5333 429 5404 δόξῃ
461 5335 774 5406 θεοπρεπεῖ,
813 5342 906 5392 καὶ
949 5343 1356 5407 συνανίσταται,
1394 5347 1534 5399 κατά
1567 5347 1627 5399 τὺ
1665 5365 1876 5418 προφη-

304 5427 455 5478 τικον
490 5425 661 5498 ᾆσμα,
691 5432 767 5500 τῷ
798 5435 1065 5503 πρότερον
1096 5438 1392 5490 ἀναστάντι
1424 5441 1711 5510 τριημέρῳ
1743 5442 1875 5510 Χρι-

306 5520 416 5590 στῷ
448 5523 481 5590 ἡ
538 5523 769 5589 κιϐωτὸς
801 5527 894 5580 τοῦ
944 5531 1288 5602 ἀγιάσματος
1325 5532 1513 5586 αὐτοῦ·
1547 5535 1641 5586 καὶ
1691 5537 1872 5606 παρά-

305 5627 492 5676 στασις
540 5618 748 5682 γίνεται
803 5621 916 5682 τοῖς
971 5622 1244 5692 μαθηταῖς
1279 5625 1377 5693 τῆς
1428 5626 1488 5677 ἐκ
1521 5625 1734 5696 νεκρῶν
1780 5628 1874 5680 καὶ

1296 5814 1308 5833 Ι

374 5838 416 5867 ⁵³³
445 5837 584 5894 Ινδοὶ.
619 5858 878 5908 cuxvm,
918 5848 996 5900 i7.
1074 5848 1114 5877 ⁸³
1146 5846 1304 5900 Prm.
1341 5865 1484 5912 XXXI,
1514 5850 1604 5904 “29.

1984 4642 2109 4681 cum
2151 4624 2392 4680 nondum
2445 4621 2720 4676 caelestem
2774 4618 3004 4672 incolam
3051 4617 3336 4684 habuisset
3378 4630 3562 4683 neque

1984 4734 2147 4775 carne
2204 4717 2450 4771 indutum
2510 4713 2790 4772 edidisset,
2851 4711 2907 4764 in
2966 4709 3185 4763 Sanctis
3243 4715 3556 4761 sanctorum

1983 4813 2344 4867 commorata,
2373 4803 2483 4871 jam
2526 4809 2604 4854 tot
2636 4811 2690 4854 et
2732 4799 2898 4854 tantis
2937 4798 3156 4853 dotibus
3192 4798 3468 4851 cumulata
3505 4807 3561 4848 et

1979 4896 2136 4965 quasi
2187 4892 2422 4948 caalestis
2465 4890 2659 4955 evasit,
2709 4897 2855 4943 terra
2890 4889 3296 4956 corruptionem
3332 4887 3560 4942 subiens

1983 4990 2123 5042 facta
2165 4985 2349 5040 esset?
2379 4982 2516 5048 Quis
2554 4997 2676 5034 cum
2727 4982 2939 5034 ratione
2985 4979 3340 5032 considerans
3392 4978 3562 5031 ratio-

1982 5089 2105 5129 nem
2143 5073 2194 5127 in
2229 5073 2349 5127 istis
2392 5069 2710 5124 inveniret?
2748 5069 2873 5123 Ideo
2899 5084 3100 5136 corpus
3154 5071 3398 5137 parentis
3431 5083 3554 5121 cum

1981 5181 2210 5236 corpore
2236 5165 2406 5234 prolis
2437 5165 2618 5218 divina
2643 5162 2814 5232 gloria
2841 5161 3339 5231 fuitglorilicatum,
3363 5170 3415 5214 ct
3441 5175 3562 5213 sur-

1982 5260 2147 5322 rexit,
2187 5257 2486 5313 secundum
2523 5258 2794 5311 canticum
2828 5257 3147 5318 vatidicum,
3190 5270 3309 5309 cum
3341 5252 3560 5308 Chrism

1982 5348 2075 5418 qui
2100 5348 2249 5417 prior
2272 5356 2391 5416 post
2414 5356 2524 5400 tres
2543 5346 2657 5400 dies
2673 5346 2991 5410 resurrexit,
3024 5360 3146 5398 arca
3169 5343 3555 5397 sanctiﬁcatio-

1983 5440 2072 5494 nis
2092 5439 2242 5509 ejus;
2277 5449 2331 5492 et
2357 5447 2735 5508 argumentum
2771 5436 2913 5490 facta
2942 5442 3070 5490 sunt
3101 5435 3386 5503 discipulis
3419 5433 3560 5485 illius

1982 5533 2146 5586 etiam
2188 5531 2611 5612 resurrectionis
2636 5546 2665 5584 a
2705 5530 2935 5584 mortuis
2966 5528 3224 5583 sindoues
3265 5536 3319 5579 et
3369 5526 3555 5588 lintea,

1984 5625 2096 5679 sola
2134 5623 2186 5679 in
2223 5623 2474 5694 sepulcro
2523 5623 2803 5688 derelicta,
2843 5623 3066 5691 solaque
3109 5619 3327 5672 inventa
3384 5617 3438 5671 in
3491 5633 3556 5670 co
