4014 6442
408 396 504 451 flii

1667 394 2050 454 GREGOBII
2082 393 2402 454 ΡΛῐιΑΜιλΕ

3564 390 3670 455 468

408 504 473 553 ah
519 502 605 556 his
644 502 738 571 qui
786 501 850 555 ad
892 501 1275 565 inquirendum
1310 512 1676 567 acet-ssrrant,
1709 505 1852 558 sicut
1887 517 1983 556 an-

2092 503 2274 572 αὐτῆς
2307 503 2664 566 ἀναστάσεως
2689 504 2747 559 αί
2774 503 3009 568 σινδόνες
3030 504 3125 558 καὶ
3150 504 3220 558 τὰ
3247 503 3500 573 ιντάφια,
3533 507 3669 576 μόνα

408 605 489 645 tea
537 595 590 646 in
626 594 877 660 sepulcro
905 593 1023 646 Filii
1060 593 1179 657 ejus
1209 604 1262 647 et
1295 594 1528 647 Domini.
1554 593 1690 648 Cum
1714 612 1849 663 opus
1875 612 1979 648 nou

407 697 551 738 esset
577 695 633 739 ut
658 686 745 739 illa
775 701 1016 754 quoque,
1066 687 1207 739 sicut
1237 687 1358 754 ejus
1406 685 1579 741 Filius
1628 696 1682 740 et
1732 688 1896 748 Deus,
1930 686 1984 740 itt

408 790 548 830 terra
584 787 910 839 moraretur,
962 778 1084 832 ideo
1132 777 1275 830 illico
1305 793 1333 829 a
1364 779 1616 846 srpulcro
1661 780 1714 831 in
1777 777 1979 833 omium

407 877 689 934 assumpta
718 876 823 933 est,
862 868 1005 923 unde
1035 868 1098 921 ad
1131 876 1333 921 terram
1386 869 1724 922 clarissimos
1755 878 1809 921 ct
1842 869 1983 922 divi-

408 962 670 1016 nissimos
704 961 1025 1030 splendores
1051 963 1363 1031 gratiasque
1394 962 1614 1025 emittit,
1660 970 1825 1015 totam
1858 960 1985 1014 inde

407 1059 606 1106 terram
636 1053 981 1118 illuminans,
1016 1054 1084 1108 ab
1114 1056 1369 1107 omnibus
1396 1055 1647 1107 ﬁdelibus
1686 1054 1980 1118 celebrata,

406 1154 619 1194 necnon
654 1141 805 1196 cuitu
855 1151 910 1196 et
954 1142 1320 1196 admiratione
1374 1142 1589 1197 aﬂ‘ccta.
1641 1142 1776 1196 Nam
1814 1142 1982 1205 Deus,

402 1249 570 1298 quum
596 1234 758 1288 vellet
786 1235 1081 1303 imaginem
1106 1236 1288 1291 omnis
1317 1236 1745 1303 pulchritudinis
1769 1252 1982 1299 creare,

404 1341 673 1390 suamque
708 1325 1126 1379 similitudinem
1159 1337 1265 1378 tam
1301 1326 1511 1393 angelis
1540 1340 1706 1395 quam
1742 1325 1980 1379 homini-

405 1416 507 1468 bus
535 1429 861 1484 proponere,
888 1431 1008 1470 eam
1038 1418 1201 1470 talem
1232 1426 1518 1485 totamque
1549 1417 1833 1484 pulchram
1855 1430 1983 1484 ope-

405 1515 558 1561 ratus
589 1517 692 1574 est,
724 1509 911 1564 omnia
940 1525 1280 1580 congregans
1311 1512 1511 1576 quibus
1545 1510 1600 1562 in
1648 1509 1841 1564 ordine
1869 1510 1981 1562 dis-

403 1598 627 1651 tributis
658 1600 966 1666 adornavit,
997 1600 1268 1668 bonisque
1318 1611 1432 1655 tum
1482 1599 1821 1662 visibilibus,
1865 1606 1981 1651 tum

408 1690 783 1747 invisibilihus
828 1707 1178 1748 communem
1229 1694 1495 1748 mundum
1545 1691 1851 1751 constituit,
1897 1690 1984 1744 vel

406 1786 590 1851 potius
623 1785 768 1838 illam
799 1786 1047 1841 exhibuit
1076 1802 1425 1842 communem
1464 1787 1750 1840 misturam
1800 1784 1983 1837 omni-

404 1876 508 1930 bus
543 1877 922 1933 venustatibus
954 1889 1067 1932 tum
1099 1879 1321 1943 divinis,
1372 1888 1484 1933 tum
1538 1878 1820 1949 angelicis,
1870 1891 1981 1931 tum

406 1969 687 2032 humanis,
736 1980 792 2025 et
850 1972 1113 2026 eximiam
1175 1973 1645 2043 pulchritudinem
1685 1982 1983 2041 utrumque

406 2063 665 2116 mundum
723 2064 1107 2130 adornantcm,
1141 2066 1194 2119 in
1231 2066 1391 2119 terris
1424 2065 1648 2133 quidem
1714 2065 1980 2132 incipien-

403 2161 539 2218 tem,
568 2158 621 2207 in
653 2155 852 2210 cmlum
879 2171 1008 2211 vero
1044 2159 1451 2225 pervenientem
1474 2182 1502 2219 ,ο
1522 2157 1779 2223 istudque
1831 2166 1983 2210 tran-

405 2232 759 2302 scendentem
780 2261 877 2300 sua
902 2261 932 2300 a
960 2248 1257 2317 sepulchro
1297 2247 1351 2302 in
1377 2247 1574 2302 cmlum
1602 2248 1859 2302 hodierna
1892 2263 1984 2303 as-

405 2333 738 2402 sumptionc,
784 2343 839 2389 et
886 2351 1122 2406 superna
1156 2338 1391 2395 terrenis
1438 2338 1888 2405 conjungeutem,
1930 2346 1985 2392 et

407 2427 729 2481 universum
774 2427 1070 2484 miraculis.
1105 2431 1225 2498 eius
1284 2430 1458 2499 gratia
1492 2429 1720 2496 patratis
1769 2432 1985 2499 replen-

408 2528 539 2578 tem,
574 2518 645 2572 ita
683 2528 743 2571 ut
773 2519 936 2572 etiam
974 2518 1029 2572 in
1055 2536 1120 2575 eo
1146 2521 1290 2589 (μιοά
1340 2522 1408 2574 ah
1446 2522 1602 2573 initio
1632 2520 1777 2575 dicta
1813 2502 1984 2575 fuerit

408 2608 572 2675 paulo
601 2609 783 2663 minor
827 2609 895 2662 ab
959 2610 1191 2679 angelis,
1237 2610 1366 2680 quia
1434 2619 1662 2664 mortem
1724 2609 1983 2681 gustavit,

409 2700 654 2769 Deiparre
684 2715 848 2769 super
877 2703 1060 2755 omnia
1088 2703 1461 2756 excellentiam
1502 2703 1795 2772 adaugeat,
1840 2703 1984 2756 unde

409 2791 612 2844 merito
660 2793 845 2845 omnia
885 2792 949 2846 ad
995 2792 1114 2860 ejus
1150 2796 1485 2862 praeconium
1535 2796 1857 2863 conspirant
1908 2794 1986 2849 si-

407 2882 633 2953 mulque
667 2884 829 2938 hodie
855 2883 990 2938 illud
1016 2894 1379 2954 componunt.

2092 596 2514 665 περιλειφθέντα
2547 597 2625 665 τῷ
2653 597 2831 668 τάεριρ,
2866 600 2961 650 καὶ
2995 599 3134 668 μόνα
3160 599 3285 652 κατ’
3318 598 3483 652 αὑτὸν
3512 598 3670 667 εὑρε-

2093 687 2257 741 θέντα
2290 688 2434 740 κατὰ
2473 687 2706 758 ζήτησιν
2736 689 3123 759 προσελθοῦσι,
3146 688 3415 760 καθάπερ
3447 689 3537 743 ἐπὶ
3576 689 3669 743 τοῦ

2097 776 2225 831 Υἱοῦ
2278 779 2374 832 καὶ
2407 780 2684 834 Δεσπότου
2730 782 3019 852 πρότερον.
3053 782 3168 835 Οὐκ
3196 777 3265 852 ἦν
3293 781 3351 835 δὲ
3389 781 3548 851 χρεία
3576 782 3669 834 καὶ

2090 871 2300 938 ταύτην
2333 870 2414 923 ἔτι
2444 873 2583 941 «pb;
2622 872 2806 940 ὀλίγον
2837 874 3093 943 καθάπερ
3117 874 3146 927 ό
3174 873 3382 942 ταύτης
3419 872 3546 933 Υἱὸς
3575 872 3669 926 καὶ

2091 961 2223 1024 Θεὸς
2249 963 2596 1033 ἐνδιατρίψαι
2619 967 2685 1035 τῇ
2715 968 2806 1035 γῇ·
2841 967 2932 1019 διὰ
2955 967 3116 1020 τοῦτο
3145 966 3283 1036 πρὸς
3315 967 3407 1021 τὸν
3437 967 3672 1038 ὑπερου·

2093 1052 2279 1121 ράνιον
2312 1053 2474 1115 εὐθὺς
2505 1056 2789 1126 ἀνελήφθη
2822 1057 3004 1126 χῶρον
3030 1057 3139 1110 ἀπὸ
3164 1058 3260 1110 τοῦ
3303 1058 3504 1126 τάφου,
3538 1059 3673 1131 παρ’

2092 1137 2153 1194 οὗ
2206 1143 2372 1199 πάλιν
2410 1147 2573 1214 μέχρι
2624 1148 2729 1217 γῆς
2769 1148 3081 1216 φανοτάτας
3129 1164 3188 1201 τε
3232 1148 3331 1203 καὶ
3385 1150 3672 1213 θειοτάτας

2090 1235 2482 1307 ἀπαστράπτει
2505 1241 2603 1301 τὰς
2631 1241 3003 1310 μαρμαρυγὰς
3036 1244 3134 1295 καὶ
3158 1244 3261 1305 τὰς
3285 1241 3539 1311 χάριτας,
3567 1244 3673 1296 πᾶ-

2093 1343 2195 1379 σαν
2217 1327 2315 1396 τὴν
2349 1329 2631 1397 περίγειον
2656 1330 2811 1399 λῆξιν
2855 1332 3067 1385 mro"
3117 1320 3542 1403 διαφωτίζουσα,
3574 1336 3671 1387 καὶ

2093 1417 2246 1487 παρά
2271 1418 2383 1471 τῶν
2416 1421 2625 1473 πιστῶν
2657 1425 2880 1476 πάντων
2920 1425 3377 1494 προσκυνουμένη
3413 1426 3509 1480 καὶ
3535 1424 3670 1478 θαυ-

2095 1510 2375 1580 μαζομένη
2401 1514 2498 1565 καὶ
2541 1514 2887 1587 ὑμνουμένη.
2926 1516 3200 1586 Καθάπερ
3231 1517 3344 1587 γὰρ
3384 1517 3670 1587 βουληθεὶς

2091 1600 2119 1651 ὁ
2140 1600 2271 1664 Θεὸς
2298 1603 2487 1656 εἰκόνα
2513 1605 2819 1675 στήσασθαι
2848 1608 3050 1672 παντὸς
3074 1604 3269 1670 καλοῦ,
3294 1612 3390 1665 καὶ
3417 1609 3518 1681 τὴν
3548 1611 3671 1665 ἑαυ-

2090 1691 2186 1745 τοῦ
2227 1694 2359 1762 περὶ
2397 1695 2577 1749 ταῦτα
2612 1696 2876 1768 καθαρῶς
2925 1698 3268 1766 ἐνδείξασθαι
3292 1701 3391 1754 καὶ
3416 1701 3672 1769 ἀγγέλοις

2090 1786 2187 1836 καὶ
2219 1784 2556 1855 ἀνθρώποις,
2584 1787 2729 1843 οὕτω
2751 1791 2963 1859 ταύτην
2991 1790 3135 1845 οὕτω
3177 1793 3474 1862 παγκάλην
3501 1793 3669 1857 Uva-ui;

2090 1874 2472 1947 ἐξειργάσατο,
2510 1880 2692 1933 πάντα
2717 1882 2977 1948 συνελὼν,
3004 1878 3085 1947 οἷς
3114 1884 3296 1939 πάντα
3323 1884 3510 1937 διελὼν
3543 1885 3670 1938 ὲκόο

2093 1983 2324 2037 σμησεν,
2347 1968 2564 2038 ὁρατῶν
2587 1988 2648 2025 τε
2670 1969 2770 2026 ’καὶ
2793 1975 3047 2046 ἀοράτων
3073 1976 3296 2044 ἀγαθῶν
3325 1978 3508 2030 κοινὸν
3535 1977 3671 2030 ὐπο-

2086 2059 2296 2127 στήσας
2350 2061 2581 2130 κόσμον,
2649 2063 2856 2132 μᾶλλον
2911 2064 2968 2118 δὲ
3017 2065 3183 2120 θείων
3231 2066 3327 2120 καὶ
3360 2065 3671 2135 ἀγγελικῶν

2087 2151 2185 2203 καὶ
2206 2151 2573 2221 ἀνθρωπίνων
2619 2154 2843 2208 πάντων
2887 2157 3072 2210 καλῶν
3125 2158 3307 2211 κοινὸν
3334 2159 3506 2228 αὐτὴν
3532 2160 3671 2213 ὐπο-

2085 2242 2271 2307 δείξας
2303 2246 2496 2314 κρᾶμα
2527 2246 2625 2299 καὶ
2661 2247 2932 2320 καλλονὴν
2968 2251 3281 2321 ὑπερτέραν
3322 2251 3670 2323 ἀμφοτέρους

2086 2334 2499 2407 ὲπικοσμοῦσαν
2525 2340 2653 2403 τοὺς
2684 2340 2953 2409 κόσμους,
2971 2343 3080 2395 ἀπὸ
3100 2341 3209 2411 γῆς
3239 2346 3339 2410 μὲν
3357 2345 3666 2415 ἠργμένην,

2092 2430 2258 2501 μέχρι
2314 2430 2373 2483 δὲ
2421 2431 2659 2500 οὐρανοῦ
2717 2433 3030 2501 φθάσασαν,
3078 2438 3175 2488 καὶ
3225 2435 3542 2506 ὑπερϐᾶσαν
3575 2434 3670 2491 καὶ

2085 2521 2299 2587 τοῦτον,
2332 2525 2399 2594 τῇ
2432 2526 2585 2593 παρὰ
2612 2526 2708 2577 τοῦ
2743 2526 2921 2595 τάφου
2959 2526 3055 2580 νῦν
3081 2528 3220 2597 πρὸς
3265 2528 3501 2598 οὐρανὸν
3536 2528 3669 2581 ἀνα-

2085 2612 2270 2683 λήψει,
2303 2617 2400 2668 καὶ
2436 2618 2551 2677 τοῖς
2601 2617 2715 2671 ἀνω
2765 2619 2836 2673 τὰ
2864 2619 3045 2679 ,κάτω
3095 2620 3437 2690 συνάψασαν,
3483 2621 3579 2674 καὶ
3605 2619 3673 2672 τὸ

2085 2706 2198 2759 πᾶν
2232 2708 2604 2777 περισχοῦσαν
2653 2711 2769 2772 τοῖς
2811 2710 2945 2780 περὶ
2990 2710 3165 2781 αὐτὴν
3195 2712 3548 2782 θαυμασίοις,
3591 2712 3668 2776 ὡς

2086 2797 2181 2851 καὶ
2224 2800 2352 2852 καθ’
2397 2800 2426 2852 ὃ
2458 2799 2636 2871 βραχύ
2695 2819 2749 2855 τι
2807 2804 2941 2873 παρ’
2974 2782 3243 2874 ἀγγέλους
3275 2805 3668 2876 ἡλαττωμένην

2019 2922 2028 2932 ο
2087 2889 2187 2961 τὴν
2219 2888 2398 2963 ἀρχὴν
2426 2892 2667 2964 εἴρηται,
2700 2897 2760 2947 τὸ
2786 2895 2883 2948 τοῦ
2915 2895 3150 2950 θανάτου
3172 2895 3476 2965 γεύσασθαι
3503 2898 3666 2966 λέγω,

403 2978 505 3044 τὴν
534 2977 670 3047 «pb;
703 2979 772 3031 τὰ
822 2980 999 3034 πάντα
1047 2982 1145 3050 τῆς
1176 2982 1522 3052 Θεομήτορος
1556 2981 1817 3048 ὲπαῦξειν
1848 2983 2132 3055 ὑπεροχήν
2170 3003 2185 3017 ’
2220 2988 2346 3040 ὅθεν
2419 2989 2515 3041 καὶ
2582 2988 2811 3055 δικαίως
2859 2989 2959 3061 τὴν
2988 2990 3081 3044 ἐπὶ
3118 2990 3294 3063 τούτῳ
3330 2991 3667 3064 πανήγυριν

403 3074 475 3127 τά
506 3074 682 3127 πάντα
714 3076 1010 3145 συγκροτεῖ
1038 3077 1131 3127 καὶ
1166 3076 1568 3148 συνεργάζεται
1614 3079 1879 3148 σήμερον.

459 3265 695 3321 Decebat
709 3281 828 3321 eam
845 3281 965 3337 quae
982 3264 1291 3335 implentem
1309 3265 1489 3321 omnia
1509 3267 1853 3321 continuerat
1867 3280 1988 3319 eum
2015 3264 2062 3330 ο

405 3358 499 3429 qui
517 3371 600 3415 est
619 3376 783 3429 super
798 3360 1003 3425 omnia,
1024 3361 1207 3414 omnia
1228 3372 1283 3414 et
1305 3361 1477 3431 ipsam
1504 3374 1786 3429 superare,
1809 3358 1991 3437 omni-

406 3453 619 3523 busque
639 3462 895 3520 praestare
917 3455 1033 3508 suis
1052 3453 1367 3517 virtutibus,
1386 3470 1499 3509 suee
1521 3454 1798 3526 dignitatis
1813 3452 1985 3506 subli-

409 3547 617 3600 mitate.
647 3545 901 3611 Docebat,
927 3562 1045 3600 eam
1077 3562 1199 3616 qua:
1222 3547 1557 3601 charismata
1579 3561 1701 3615 quae
1728 3543 1987 3599 omnibus

406 3636 476 3688 ab
529 3637 678 3690 omni
715 3639 915 3693 saeculo
953 3638 1177 3708 Optimis
1222 3639 1511 3693 distributa
1557 3636 1886 3694 sull'ecerant
1929 3648 1987 3691 ut

406 3727 598 3795 tipliltli
636 3727 851 3792 ﬁerent,
876 3744 999 3798 quae
1028 3745 1221 3785 omnes
1252 3728 1361 3783 Deo
1384 3729 1522 3797 grati
1555 3746 1652 3801 per
1686 3740 1865 3800 partes
1890 3746 1987 3785 ac-

407 3830 665 3889 ceperant
699 3830 809 3875 tam
831 3823 1006 3890 angeli
1043 3839 1207 3892 quam
1237 3822 1708 3899 homines,omnia
1740 3838 1990 3894 compre-

411 3913 676 3966 henderat
707 3923 760 3968 et
804 3914 919 3969 sola
955 3915 1212 3970 omnibus
1248 3916 1551 3982 cumulata,
1582 3926 1641 3971 ut
1681 3918 1752 3970 ita
1783 3916 1984 3982 dicam,

407 4004 805 4072 luxuriaverat,
836 4005 1088 4071 decebat,
1142 4007 1389 4076 inquam,
1430 4022 1550 4063 eam
1584 4023 1751 4077 super
1795 4024 1987 4063 omnes

408 4098 512 4151 hoc
534 4097 736 4153 habere
765 4107 823 4151 ut
846 4102 968 4167 post
991 4108 1220 4151 mortem
1251 4099 1576 4153 immortalis
1597 4099 1770 4162 ﬁeret,
1789 4108 1845 4155 et
1870 4099 1984 4153 sola

406 4205 532 4242 cum
569 4205 796 4260 corpore
831 4189 885 4243 in
922 4190 1078 4244 caelis
1127 4191 1288 4244 simul
1319 4191 1461 4260 apud
1495 4186 1693 4244 Filium
1726 4199 1788 4245 et~
1817 4191 1984 4244 Deum

406 4286 651 4351 degeret,
684 4292 739 4336 et
772 4281 900 4336 inde
947 4280 1000 4334 in
1048 4296 1239 4336 omnes
1268 4297 1386 4337 eam
1422 4282 1663 4336 colentes
1697 4282 1986 4335 abundau-

409 4387 515 4431 tem
539 4376 839 4431 eﬁunderet
855 4374 1104 4445 gratiam,
1130 4376 1301 4444 ipsum
1322 4375 1626 4429 concedens
1644 4375 1841 4428 donum
1865 4389 1984 4427 eam

408 4466 1008 4536 concupiscendiJacta
1030 4465 1430 4532 receptaculum
1449 4465 1747 4534 gratiarum
1766 4464 1987 4533 amplis-

408 4561 714 4625 simarum;
751 4558 975 4611 decebat
1000 4571 1118 4610 eam
1151 4557 1385 4626 egregiis
1410 4557 1573 4611 donis
1609 4555 1783 4625 magis
1809 4556 1987 4609 adhuc

406 4655 676 4724 egregiam
701 4652 990 4706 addentem
1017 4651 1356 4705 clementiam
1383 4665 1665 4719 nunquam
1683 4664 1899 4703 cessare
1918 4650 1987 4703 ab

410 4748 511 4799 ism
531 4759 660 4815 erga
682 4759 781 4798 nos
806 4742 1105 4797 abundanti
1132 4740 1504 4796 muniﬁcentia
1525 4750 1579 4794 et
1600 4742 1824 4810 repiosa
1857 4742 1991 4795 lihe-

410 4837 639 4891 ralitate.
682 4834 738 4890 Si
768 4838 892 4906 quis
920 4837 1164 4890 attendat
1190 4837 1255 4889 ad
1287 4834 1452 4890 istum
1492 4838 1671 4889 omnis
1699 4832 1823 4889 boni
1864 4849 1994 4888 con-

406 4946 628 4984 cursum
658 4931 930 4999 istamque
961 4929 1361 4991 collectionem,
1392 4926 1824 4995 dicetVirginem
1849 4924 1990 4979 idem

407 5022 670 5091 p~rﬁcere
693 5024 745 5076 itt
779 5023 977 5076 virtute
1000 5030 1052 5075 et
1083 5023 1164 5075 cis
1194 5022 1285 5091 qui
1328 5022 1521 5075 vivunt
1547 5021 1849 5075 secundum
1880 5018 1995 5073 vir-

410 5129 582 5172 tutem
607 5116 753 5186 quod
782 5117 862 5170 sol
889 5116 941 5169 in
967 5117 1175 5170 lumine
1198 5116 1441 5171 sensibili
1465 5123 1521 5169 et
1550 5115 1630 5168 eis
1660 5115 1751 5182 qui
1780 5115 1833 5166 in
1863 5112 1982 5183 ipso

408 5218 600 5263 \tvunt
643 5218 923 5279 operatur.
966 5207 1021 5260 Si
1056 5223 1183 5262 vero
1229 5208 1295 5260 ad
1337 5208 1506 5260 solem
1544 5206 1633 5274 qui
1670 5204 1983 5257 hominibus

411 5301 741 5356 miraculose
771 5317 834 5354 ex
865 5301 971 5353 iSIa
996 5298 1213 5369 Virgine
1243 5309 1398 5353 ortus
1424 5307 1526 5359 est.
1555 5298 1651 5367 qui
1679 5299 1861 5352 omnia
1888 5297 1984 5351 ha-

412 5397 504 5448 bet
532 5404 586 5447 et
605 5405 800 5446 natura
827 5400 1047 5462 superat
1074 5394 1199 5446 huic
1227 5394 1412 5462 gratiae
1440 5391 1639 5455 aﬁinia,
1666 5392 1793 5444 siad
1820 5391 1984 5444 istum

403 5486 615 5553 uentis
672 5486 888 5540 oculum
944 5486 1140 5552 erigat,
1197 5485 1393 5539 caelum
1458 5483 1742 5552 apparebit
1800 5479 1987 5549 Virgo,

404 5585 572 5635 tanto
602 5575 888 5631 clariorem
927 5590 1021 5643 per
1056 5574 1240 5627 omnia
1283 5574 1421 5627 bona
1453 5574 1820 5626 luci-editatcm
1858 5587 1991 5625 con-

417 5686 443 5723 s
478 5680 603 5723 cula
633 5684 743 5736 prae
770 5670 982 5723 rwlcris
1016 5670 1131 5722 sive
1165 5667 1267 5721 sub
1294 5668 1433 5719 caelo
1460 5666 1574 5718 sive
1599 5680 1760 5731 super
1794 5664 1989 5718 callum

420 5746 605 5815 divina
654 5764 824 5830 gratia
859 5742 1091 5826 ornatis,
1124 5770 1330 5829 quanto
1376 5759 1573 5812 emittm
1625 5757 1842 5825 quidem
1891 5756 1992 5810 soli

424 5852 804 5921 amplitudine,
827 5852 910 5907 sol
939 5861 1120 5906 autem
1152 5851 1295 5907 c0310
1322 5849 1610 5917 splendore
1645 5855 1883 5916 prazstat.

2170 3265 2421 3333 Ἐπρεπε
2456 3266 2512 3318 δὲ
2542 3269 2654 3339 ἀρα
2683 3267 2784 3336 τὴν
2836 3268 3169 3339 χωρήσασαν
3218 3268 3308 3322 τὸν
3352 3267 3664 3340 πληροῦντα

2088 3358 2158 3412 τὰ
2184 3361 2384 3423 πάντα,
2413 3360 2507 3412 καὶ
2533 3360 2673 3429 ὑπὲρ
2696 3361 2757 3413 τὸ
2786 3363 2898 3414 πᾶν
2926 3360 3083 3427 ὅντα,
3115 3361 3187 3415 τὰ
3219 3362 3399 3416 πάντα
3422 3364 3519 3415 καὶ
3542 3361 3668 3415 ταύ-

2088 3467 2190 3520 την
2228 3451 2455 3520 φθάσαι,
2486 3453 2582 3507 καὶ
2613 3451 2756 3522 ὑπὲρ
2781 3454 2849 3505 τὰ
2892 3454 3072 3507 πάντα
3104 3454 3361 3521 γενέσθαι
3401 3455 3520 3515 ταῖς
3543 3453 3664 3507 καθ’

2090 3546 2292 3621 ἑαυτὴν
2343 3547 2567 3616 ἀρεταῖς
2618 3545 2695 3615 τῷ
2755 3546 2977 3614 μεγέθει
3033 3546 3129 3601 τοῦ
3186 3546 3521 3615 ἀξιώματος.
3557 3547 3667 3599 Καὶ

2088 3638 2270 3691 τοίνυν
2300 3635 2336 3691 ἃ
2380 3640 2512 3691 πᾶσι
2548 3639 2660 3701 τοίς
2706 3639 2766 3689 ἐκ
2796 3638 2891 3692 τοῦ
2939 3641 3143 3701 παντὸς
3174 3637 3369 3699 αἰῶνος
3417 3638 3669 3705 ἀρίστοις

2087 3730 2293 3800 ἤρκεσε
2328 3729 2815 3799 διαμερισαμένοις
2847 3730 3107 3798 ἀρίστους
3137 3726 3415 3798 γενέσθαι,
3443 3730 3541 3779 καὶ
3564 3728 3667 3780 ὅσα

2088 3823 2290 3886 πάντες
2332 3823 2384 3875 οἱ
2415 3822 2535 3892 Θεῷ
2588 3824 2982 3894 κεχαρισμένοι
3036 3823 3181 3877 κατά
3231 3820 3399 3891 μέρος
3450 3819 3665 3890 ἔχουσιν

2087 3914 2314 3983 ἄγγελοί
2349 3928 2408 3967 τε
2456 3916 2554 3968 καὶ⁹
2584 3915 2891 3985 ἅνθρωποι,
2927 3914 3110 3968 πάντα
3158 3911 3528 3975 συλλαϐοῦσα,
3570 3910 3665 3963 καὶ

2092 4006 2229 4076 μόνη
2263 4007 2444 4060 πάντα
2473 4006 2799 4060 διατελοῦσα
2826 4006 2922 4057 καὶ
2956 4003 3356 4074 περιττεύουσσ
3394 4003 3517 4074 μηδ’
3543 4002 3666 4056 ὅσον

2088 4100 2288 4163 εἰπεῖν,
2321 4098 2469 4167 ἔχειν
2495 4099 2590 4150 καὶ
2640 4096 2800 4150 τοῦτο
2837 4095 2934 4150 νῦν
2965 4095 3105 4163 ὑπὲρ
3147 4095 3383 4163 πάντας,
3415 4096 3475 4148 τὸ
3524 4092 3667 4163 μετά

2089 4188 2323 4242 θάνατον
2343 4187 2875 4255 ἀπαθανατισθῆναι,
2909 4188 3005 4239 καὶ
3047 4187 3184 4256 μόνη
3230 4188 3371 4256 μετὰ
3413 4185 3665 4253 σώματος

2088 4281 2209 4334 κατ’
2240 4282 2473 4351 οὐρανὸν
2506 4282 2603 4341 σὺν
2632 4279 2712 4349 τῷ
2746 4279 2861 4350 Υίῴ
2892 4281 3003 4333 καὶ.
3017 4280 3135 4350 Θεῷ
3176 4280 3515 4345 διαιτᾶσθαι,
3535 4282 3666 4336 κάν-

2086 4373 2277 4426 τεῦθεν
2308 4373 2524 4426 ἐκεῖθεν
2549 4372 2876 4443 ὑπερεκχείν
2909 4375 3002 4425 καλ⁸
3036 4374 3175 4444 πρὸς
3214 4375 3342 4436 τοὺς
3379 4374 3555 4445 αὐτὴν
3581 4392 3665 4427 τι-

2092 4468 2309 4538 μῶντας
2342 4463 2741 4534 δαψιλεστάτην
2781 4464 2882 4533 τὴν
2927 4464 3113 4535 χάριν,
3149 4465 3281 4517 αὐτὸ
3330 4465 3664 4535 χαριζομένη

2092 4560 2152 4611 τὸ
2181 4558 2315 4625 «pb;
2336 4557 2505 4625 αὐτὴν
2535 4558 2680 4626 ἔχειν
2719 4558 3118 4623 ἀνατείνεσθαι,
3158 4558 3341 4610 δίσκον
3372 4557 3537 4612 οὖσαν
3570 4576 3668 4627 τη-

2095 4651 2362 4704 λικούτων
2419 4652 2682 4722 χαρίτωνο
2734 4651 2831 4704 καὶ
2894 4650 3528 4722 προσεπιδαψιλευομένη
3598 4654 3669 4703 τὰ.

2092 4744 2328 4813 κρείττω
2359 4743 2429 4796 δι’
2460 4744 2799 4813 ἀγαθότητα,
2822 4745 2919 4796 καὶ
2952 4743 3222 4813 μηδέποτε
3252 4744 3539 4812 παυομένη
3567 4742 3665 4810 τῆς

2092 4835 2234 4902 ὑπὲρ
2265 4836 2422 4905 ἡμῶν
2463 4834 2782 4898 λυσιτελοῦς
2817 4835 3023 4904 ταύτης
3065 4836 3237 4905 φορᾶς
3269 4835 3364 4887 καὶ
3406 4832 3665 4903 δαψιλοῦς

2093 4927 2425 4988 συντελείας.
2457 4929 2600 4998 Πρὸς
2635 4928 2737 4996 μὲν
2765 4922 2858 4980 οὖν
2889 4927 2988 4996 τὴν
3024 4925 3224 4985 παντὸς
3250 4924 3455 4991 ἀγαθοῦ
3486 4922 3667 4978 τοιαύ-

2090 5040 2191 5092 την
2220 5022 2429 5075 ἀπιδὼν
2468 5039 2548 5084 τις
2598 5021 2905 5092 συνδρομήν
2949 5036 3009 5072 τε
3037 5019 3134 5071 καὶ
3174 5017 3464 5088 χορηγίαν,
3509 5018 3666 5071 τοῦτο

2088 5115 2189 5185 τὴν
2220 5114 2496 5184 Παρθένον
2529 5116 2648 5182 ἐρεῖ
2685 5111 2862 5165 τελεῖν
2919 5113 2977 5164 ὲν
3023 5113 3195 5183 ἀρετῇ
3230 5111 3325 5162 καὶ
3376 5113 3488 5172 τοῖς
3542 5109 3663 5161 κατ’

2089 5204 2294 5275 ἀρετὴν
2340 5206 2529 5270 ζῶσιν,
2561 5207 2699 5274 ὅπερ
2736 5202 2805 5255 ’ἐν
2836 5203 3080 5272 αἰσθητῷ
3118 5202 3257 5268 φωτὶ
3283 5203 3376 5254 καὶ
3423 5203 3533 5263 τοῖς
3572 5196 3663 5251 ὑπ’

2091 5299 2224 5351 αὐτὸ
2258 5298 2424 5362 ζῶσιν
2460 5297 2633 5367 ἥλιον.
2668 5296 2730 5348 El
2760 5295 2817 5347 δὲ
2863 5296 2998 5368 πρὸς
3032 5296 3122 5349 τὸν
3149 5294 3506 5351 ἀνατείλαντα
3550 5295 3664 5353 τοῖς

2094 5389 2408 5458 ἀνθρώποις
2433 5387 2688 5453 ὲξαισίως
2710 5388 2816 5439 ἀπὸ
2838 5387 2939 5455 τῆς
2963 5387 3245 5456 Παρθένου
3268 5384 3431 5454 209
3458 5383 3664 5451 ταύτης

2090 5479 2262 5550 ἥλιον,
2302 5479 2361 5541 ὃς
2396 5480 2513 5549 ἔχει
2540 5479 2721 5533 πάντα
2756 5481 2851 5533 καὶ
2882 5478 3143 5547 ὑπερέχει
3188 5478 3347 5545 φύσει
3386 5476 3453 5529 τὰ
3479 5476 3662 5545 χάριτι

2091 5571 2265 5641 ταύτῃ
2298 5571 2752 5640 προσπεφυκότα,
2785 5572 2834 5622 εί
2867 5571 3002 5639 πρὸς
3029 5569 3218 5622 τοῦτον
3252 5568 3567 5638 μετενέγκοι
3602 5565 3662 5617 τὸ

2090 5664 2190 5732 τῆς
2216 5665 2457 5726 διανοίας
2485 5663 2662 5733 ὄμμα,
2693 5663 2922 5731 οὐρανὸς
2945 5663 3106 5724 εὐθὺς
3135 5664 3167 5732 ἡ
3216 5662 3493 5730 Παρθένος
3525 5661 3661 5712 ἀνα-

2094 5759 2421 5827 φανήσεται·
2458 5755 2702 5824 τοσούτῳ
2735 5756 2830 5807 καὶ
2880 5756 2989 5807 τῶν
3023 5754 3114 5806 ὑπ’
3144 5756 3371 5824 οὐρανὸν
3401 5756 3497 5805 καὶ
3555 5752 3661 5803 τῶν

2102 5846 2241 5915 ὑπὲρ
2295 5845 2485 5899 τοῦτον
2514 5845 2975 5914 κεχαριτωμὲνων
3022 5845 3183 5909 θείως
3208 5846 3512 5907 ἁδροτέραν
3567 5859 3661 5896 κε-
