4014 6434
316 362 419 423 469
1610 367 1941 426 HOMILIA
1969 365 2272 427 XXXVII.
3463 351 3568 413 £70

318 476 564 548 κτημένη
640 476 738 548 τὴν
775 476 862 531 διά
913 473 1131 530 πάντων
1184 477 1410 547 ἀγαθῶν
1490 480 1810 551 εὐκληρίαν,
1861 481 2058 535 ὁπόσον
2110 480 2262 550 ἡλίου
2314 476 2416 547 μὲν
2492 475 2721 547 οὐρανός
2775 473 2891 527 ἐστι
2953 469 3178 542 μείζων,
3241 469 3475 540 οὐρανοῦ
3525 472 3583 520 δε

318 569 698 639 λαμπρότερος
739 571 908 640 ἥλιος.

389 658 484 720 Τίς
517 675 610 711 σου
638 660 697 714 τὸ
728 661 961 732 θεαυγὲς
989 666 1191 730 κάλλος
1226 664 1560 735 ὑπογράψει,
1605 664 1890 734 Θεομῆτορ
1921 665 1964 723 Α

2067 664 2201 731 Qum
2239 665 2425 734 lingua
2462 661 2765 724 enarrabit,
2812 659 2979 730 Virgo
3013 659 3265 728 Deipara,
3301 666 3446 711 tuam
3468 655 3588 725 pul-

320 750 588 818 Παρθένε,
621 752 819 822 λόγοςς
863 757 927 830 ού
970 758 1082 827 γάρ
1127 758 1242 811 ἔστι
1274 758 1345 811 τὰ
1378 758 1446 810 σὰ
1492 757 1774 826 λογισμοῖς
1805 756 1900 809 καὶ

2001 757 2377 813 chritudinem
2411 754 2598 808 divina
2630 754 2751 808 luce
2790 752 3132 823 fulgentem?
3167 751 3281 805 Tua
3315 750 3459 805 enim
3493 764 3586 803 ne-

320 842 504 910 λόγοις
529 846 733 914 ὁρίζειν
761 864 775 879 ·
820 851 1001 903 πάντα
1034 851 1144 922 γὰρ
1176 850 1498 919 ὑπερϐαίνει
1532 852 1624 903 καὶ
1655 849 1781 903 νοῦν
1809 850 1904 901 καὶ

2002 866 2109 921 que
2138 858 2319 906 mente
2344 865 2519 919 neque
2545 848 2728 903 verbis
2759 862 3050 915 possumus
3068 844 3312 914 assequi,
3332 853 3576 899 attamen

290 935 502 1000 -λόγον.
547 937 773 1007 ’Υμνεῖν
817 942 862 994 δ’
909 942 1061 1009 ὅμως
1115 944 1320 1007 ἔξεστι,
1372 942 1467 995 σοῦ
1498 940 1871 1011 φιλανθρώπω

2004 942 2133 996 licet
2161 941 2404 1012 hymnis,
2440 943 2556 1008 ipsa
2593 949 2649 994 te
2687 940 2980 992 clementer
3019 937 3251 996 favente.
3287 936 3582 995 celebrare.

327 1029 701 1098 προσιεμένης
731 1046 744 1060 ⁸
774 1033 839 1085 σὺ
873 1033 983 1103 γὰρ
1016 1037 1109 1087 καὶ
1142 1032 1384 1104 χαρίτων
1422 1032 1653 1087 ἀπασῶν
1682 1032 1902 1101 χωρίον,

2005 1033 2139 1088 Nam
2177 1049 2232 1088 tu
2257 1033 2556 1102 gratiarum
2588 1031 2832 1086 omnium
2865 1031 3042 1091 sedes,
3082 1039 3135 1081 tu
3170 1029 3450 1096 plenitudo
3485 1044 3585 1082 cu-

327 1121 422 1173 καὶ
473 1121 749 1194 πλήρωμα
804 1125 1220 1194 καλοκάγαθίας
1256 1126 1543 1189 παντοίας,
1579 1124 1676 1178 καὶ
1738 1124 1904 1192 πίναξ

2004 1127 2228 1196 juslibet
2277 1126 2535 1180 bonitatis
2566 1126 2649 1178 vel
2698 1123 3139 1193 pulchritudinis,
3190 1132 3244 1176 tu
3301 1121 3483 1177 tabula
3533 1129 3589 1176 et

326 1215 424 1267 καὶ
454 1213 616 1268 εἰκὼν
646 1214 891 1288 ἔμψυχος
920 1216 1126 1284 ἀγαθοῦ
1163 1219 1388 1283 παντὸς,
1412 1220 1509 1272 καὶ
1532 1219 1909 1287 χρηστότητος

2009 1218 2189 1290 imago
2228 1218 2469 1272 animata
2510 1217 2689 1271 omnis
2722 1217 2849 1271 boui
2885 1216 3174 1283 omnisque
3207 1214 3584 1283 benignitatis,

330 1306 534 1374 πάσης,
566 1307 642 1370 ὡς
690 1309 825 1381 μόνη
864 1309 1083 1362 πάντων
1127 1309 1410 1380 ὴξιωμένη
1460 1308 1772 1379 συλλήϐδην
1799 1308 1909 1363 τῶν

2171 1308 2285 1363 sola
2323 1308 2574 1363 meruisti
2606 1308 2791 1362 omnia
2820 1306 3057 1374 recipere
3088 1304 3327 1373 Spiritus
3375 1305 3589 1359 charis-
3685 1371 3692 1377 _
3745 1376 3752 1385 '

329 1396 425 1449 τοῦ
457 1398 775 1467 Πνεύματος
823 1400 1185 1471 χαρισμάτων
1210 1419 1224 1432 ο
1263 1402 1462 1471 μᾶλλον
1491 1400 1573 1467 δὲ,
1610 1403 1703 1455 καλ⁸
1733 1401 1825 1454 τὸν
1852 1405 1912 1455 ὲν

2011 1409 2177 1465 mata,
2211 1401 2291 1455 vel
2320 1402 2522 1469 potius,
2555 1402 2815 1469 quoniam
2866 1400 2979 1454 sola
3019 1398 3346 1453 miraculose
3376 1399 3427 1452 in
3480 1399 3591 1452 tuis

331 1483 377 1557 ᾧ
425 1490 632 1543 τούτων
685 1490 939 1545 ἁπάντων
970 1492 1021 1544 οἰ
1070 1491 1339 1562 θησαυροὶ
1393 1494 1529 1563 μόνη
1593 1486 1913 1564 παραδόξως

2118 1493 2312 1547 reribus
2346 1493 2583 1548 habuisti
2620 1491 3014 1547 inhabitantem
3048 1507 3174 1545 eum
3230 1491 3287 1545 in
3321 1505 3434 1560 quo
3463 1501 3592 1544 sunt
3697 1507 3703 1512 ί

332 1584 393 1634 ἐν
421 1584 534 1645 τοῖς
563 1582 900 1653 σπλάγχνοις
934 1578 1145 1636 ἐνοικον
1182 1584 1408 1654 σχοῦσα,
1441 1570 1536 1638 καί
1563 1586 1758 1639 τούτου
1808 1602 1910 1638 κα-

2012 1584 2258 1637 omnium
2317 1584 2707 1639 charismatum
2765 1585 3041 1647 thesauri,
3102 1592 3157 1638 et
3215 1583 3589 1653 prodigiosum

333 1677 580 1728 ταστᾶσα
614 1675 920 1746 παράδοξος
954 1681 1170 1752 σκηνή·
1211 1678 1509 1733 κάντεῦθεν
1547 1681 1645 1733 καὶ⁸
1696 1677 1794 1733 νῦν
1822 1670 1914 1732 διὰ

2012 1673 2164 1730 fuisti
2200 1676 2321 1745 ejus
2351 1676 2761 1731 tabernaculum
2783 1692 2798 1736 ;
2823 1684 2878 1731 et
2905 1675 3064 1730 hodie
3087 1691 3180 1745 per
3208 1682 3437 1729 mortem
3463 1675 3593 1731 hinc

335 1767 571 1820 θανάτου
607 1767 743 1839 πρὸς
803 1768 1111 1824 ἀθανασίαν
1160 1773 1486 1842 χωρήσασα,
1540 1773 1635 1825 καὶ
1690 1772 1915 1836 δικαίως

2014 1767 2084 1821 ad
2131 1767 2601 1827 immortalitatem
2655 1759 2919 1839 profecta,
2951 1775 3006 1822 et
3046 1767 3245 1821 merito
3294 1782 3324 1822 a
3357 1776 3501 1820 terra
3540 1768 3594 1821 in

338 1859 446 1912 ἀπὸ
476 1860 581 1929 γῆς
615 1864 695 1926 εἰς
738 1864 972 1932 οὐρανὸν
1017 1853 1357 1932 μεταστᾶσα,
1386 1863 1462 1926 ὼς
1492 1864 1559 1917 ἂν
1590 1865 1647 1918 ἐν
1676 1866 1916 1931 ὕπερον-

2017 1856 2218 1912 coelum
2256 1858 2543 1922 translata,
2580 1867 2639 1913 ut
2669 1858 2723 1912 in
2750 1858 3071 1914 coelestibus
3103 1857 3476 1913 tabernaculis
3502 1874 3595 1928 per

341 1951 547 2019 ρανίοις
571 1951 895 2023 σκηνώμασι
921 1953 1189 2024 σύσκηνος
1209 1954 1327 2023 εῐης
1352 1953 1528 2024 τούτῳ
1550 1954 1642 2008 τὸν
1674 1955 1761 2007 ἀεὶ⁵
1787 1954 1918 2026 χρό-

2016 1949 2212 2003 szecula
2251 1949 2528 2006 inhabites
2565 1965 2691 2004 cum
2726 1965 2794 2004 eo
2831 1952 2925 2020 qui
2962 1948 3136 2004 factus
3184 1959 3267 2005 est
3307 1949 3595 2005 haereditas

339 2011 455 2108 νον,
490 2011 704 2098 ἐκεῖθεν
756 2011 1101 2113 περιέπουσά
1152 2011 1245 2098 τὸν
1276 2011 1370 2100 cev
1418 2011 1647 2118 κληρον,
1672 2049 1767 2100 καλ.
1789 2011 1914 2111 ’ταῖς

2020 2048 2133 2104 tua,
2170 2055 2331 2109 quem
2363 2043 2468 2095 tuis
2509 2041 2574 2096 ad
2615 2056 2739 2097 eum
2788 2011 3265 2111 deprecationibus
3300 2043 3593 2112 propitium

339 2136 659 2206 ἀκοιμήτοις
689 2132 826 2206 πρὸς
853 2138 1016 2191 αὑτὸν
1042 2139 1368 2210 πρεσϐείαις
1393 2140 1584 2192 τοῦτον
1616 2140 1753 2211 πρὸς
1780 2144 1918 2194 πάν-

2020 2132 2276 2186 omnibus
2323 2131 2517 2209 eﬂicis,
2569 2134 2725 2189 Sicut
2755 2135 3021 2204 proximis
3072 2134 3183 2189 Deo
3235 2135 3596 2211 propinquior

341 2242 442 2288 τας
479 2220 792 2297 ἰλεουμένη.
826 2209 1098 2283 Τοσοῦτόν
1148 2232 1300 2284 ἐστιν
1351 2231 1627 2301 ὲγγυτέρα
1658 2209 1767 2285 τῶν
1798 2231 1919 2303 Θεῷ

2020 2223 2165 2279 facta
2200 2234 2303 2291 est,
2335 2225 2417 2280 sic
2459 2225 2759 2295 majoribus
2809 2241 2972 2297 quam
3023 2226 3202 2279 caueri
3236 2209 3465 2293 Deipara
3492 2224 3593 2279 do—

344 2315 677 2385 ὲγγιζόντων
698 2336 710 2349 ·
738 2319 882 2373 οὕτω
921 2322 1189 2390 μειζόνων
1290 2324 1435 2376 κατά
1488 2322 1699 2388 πάντας
1726 2327 1762 2394 η
1786 2325 1918 2378 Θεο-

2022 2325 2149 2370 nata
2179 2326 2261 2372 est
2297 2317 2558 2384 pminiis,
2584 2333 2686 2373 nec
2717 2319 2966 2375 homines
2996 2327 3208 2374 tantum
3243 2317 3389 2390 dico,
3422 2319 3515 2373 sed
3540 2326 3597 2373 et

344 2410 501 2473 τόκος
525 2410 753 2481 ἠξίωται
807 2413 917 2466 τῶν
950 2415 1259 2485 πρεσϐείων
1279 2433 1294 2447 ο
1326 2417 1388 2469 οὐ
1419 2419 1548 2481 τοὺς
1596 2417 1922 2487 ἀνθρώπους

2023 2423 2214 2463 omnes
2261 2408 2408 2478 ipsos
2437 2409 2752 2481 angelorum
2786 2411 3027 2466 ordines.
3076 2409 3211 2465 Nam
3258 2410 3326 2465 de
3376 2425 3595 2465 summo

345 2501 497 2570 λέγω
531 2502 717 2574 μόνον,
746 2503 883 2558 ἀλλὰ
909 2506 1006 2558 καὶ
1057 2507 1229 2571 αὐτὰς
1283 2509 1462 2571 πάσας
1487 2510 1588 2572 τὰς
1618 2510 1923 2577 ἀγγελικάς

2023 2490 2211 2555 eorum
2248 2503 2438 2556 ordine
2471 2498 2636 2558 Isaias
2663 2503 2855 2557 scribit
2884 2519 2899 2556 :
2936 2502 3026 2556 rEt
3057 2503 3343 2571 Seraphim
3381 2503 3599 2558 stabant

349 2594 655 2667 ίεραρχίας.
691 2594 826 2666 Περὶ
861 2598 962 2669 μὲν
998 2601 1107 2670 γὰρ
1152 2599 1253 2668 τῆς
1283 2601 1489 2653 τούτων
1531 2602 1792 2654 ἀνωτάτω
1823 2619 1925 2655 τα-

2026 2594 2080 2647 in
2109 2591 2340 2648 circuitu
2386 2595 2507 2663 ejus
2530 2591 2601 2649 ⁸⁵.
2645 2614 2664 2647 ι
2703 2597 2915 2650 Rursus
2955 2604 3133 2650 autem
3169 2595 3332 2650 David
3367 2596 3433 2650 de
3479 2611 3540 2650 ea
3582 2612 3599 2649 :

351 2684 601 2754 ξιαρχίας
633 2684 860 2750 Ἡσαΐας
888 2688 1126 2758 γράφει·
1168 2705 1186 2739 ι
1231 2689 1339 2742 Καὶ
1362 2690 1433 2742 τὰ
1465 2689 1716 2760 Σεραφὶμ
1736 2692 1924 2763 εἱστή-

2032 2705 2050 2737 ι
2075 2684 2261 2742 Astitit
2288 2689 2473 2757 regina
2500 2703 2530 2743 a
2559 2688 2766 2744 dextris
2794 2689 2904 2743 tuis
2931 2689 2999 2742 ⁸⁸.
3039 2707 3058 2739 ι
3108 2674 3389 2743 Videtisne
3418 2687 3606 2744 status

351 2793 543 2830 κεισαν
570 2777 754 2850 κύκλῳ
786 2779 976 2835 αὐτοῦ.
1022 2800 1040 2832 ι
1066 2781 1202 2851 Περὶ
1223 2779 1279 2834 δὲ
1304 2782 1474 2852 αὐτῇς
1504 2783 1667 2836 πάλιν
1687 2784 1715 2835 ὁ
1738 2785 1921 2839 Δαϐίδ’

2028 2777 2427 2834 diﬁ'erentiam?
2448 2781 2581 2836 Inde
2604 2780 2766 2855 etiam
2797 2781 3024 2851 potestis
3054 2782 3371 2851 conspicere
3393 2780 3600 2837 ordinis

357 2888 376 2919 ι
416 2867 668 2939 Παρὲστη
714 2872 749 2940 ἡ
783 2870 1073 2940 βασίλισσα
1123 2872 1187 2925 ὲκ
1239 2871 1432 2937 δεξιῶν
1484 2891 1601 2928 σου.
1641 2894 1659 2926 ι
1727 2874 1926 2946 Ὁρᾶτε

2029 2870 2329 2926 secundum
2369 2872 2688 2943 dignitatem
2717 2872 3078 2930 diﬂ’erentiam
3106 2890 3122 2940 ;
3159 2888 3287 2929 nam
3317 2874 3598 2944 Seraphim

352 2960 450 3029 τὴν
472 2960 736 3035 διαφοράν
766 2963 864 3032 τῆς
892 2963 1172 3029 στάσεως;
1219 2964 1352 3020 ’Λπὸ
1380 2962 1589 3035 ταύτης
1617 2965 1772 3036 ἔχετε
1803 2985 1928 3021 συν-

2031 2962 2251 3031 quidem
2297 2964 2443 3019 circa
2488 2952 2681 3031 Deum,
2716 2966 2828 3021 sola
2875 2975 3057 3021 autem
3089 2966 3335 3034 proxima
3369 2968 3434 3019 ad
3475 2982 3599 3020 eum

352 3054 483 3123 ορᾷν
513 3054 608 3106 καὶ
636 3053 735 3125 τὴν
766 3054 1034 3126 διαφορὰν
1070 3052 1174 3124 τῆς
1223 3059 1366 3110 κατά
1394 3058 1493 3127 τὴν
1514 3050 1672 3121 ἀξίαν
1693 3059 1925 3125 τάξεωςο

2034 3055 2241 3125 regina,
2278 3072 2441 3126 quam
2475 3058 2704 3112 miratur
2734 3059 2872 3113 Deus
2901 3067 2955 3113 et
2981 3058 3272 3124 collaudat,
3299 3058 3600 3127 prmdicans

358 3146 485 3218 περὶ
519 3149 616 3216 μὲν
638 3148 748 3218 γάρ
779 3147 871 3201 τὸν
891 3149 1025 3202 Θεὸν
1054 3148 1125 3201 τά
1152 3151 1426 3220 Σεραςρὶμ,
1454 3152 1687 3220 πλησίον
1711 3152 1768 3207 δὲ
1796 3154 1928 3224 παρ’

2031 3163 2151 3202 eam
2182 3149 2418 3205 similem
2452 3149 2789 3204 exercitibus
2819 3151 2964 3204 circa
2997 3164 3121 3204 eum
3153 3134 3516 3217 congregatis,
3550 3154 3605 3202 et

355 3240 518 3293 αὐτὸν
548 3240 757 3294 ἐκεῖνον
793 3241 932 3310 μόνη
967 3243 997 3309 ἡ
1033 3242 1402 3312 παμϐασιλὶς,
1425 3238 1461 3313 ἤ
1483 3245 1577 3298 καὶ
1598 3244 1732 3315 παρ’
1760 3228 1927 3299 αὐτοῦ

2034 3239 2194 3295 hodie
2219 3240 2411 3295 dicens
2440 3240 2584 3295 sicut
2611 3241 2845 3310 legimus
2876 3244 2928 3295 in
2958 3239 3189 3296 Cantico
3214 3240 3553 3295 canticorum
3585 3255 3600 3295 :

356 3331 448 3384 τοῦ
480 3330 617 3385 Θεοῦ
649 3331 996 3402 θαυμάζεται
1026 3351 1086 3387 τε
1120 3336 1215 3387 καὶ
1255 3336 1691 3405 ὲγκωμιάζεται,
1723 3336 1932 3407 κηρύτ-

2042 3351 2061 3385 ι
2095 3320 2269 3398 Quam
2300 3333 2525 3404 pulchra
2561 3342 2665 3397 est,
2713 3333 2890 3387 amica
2921 3348 3036 3388 mea
3067 3335 3081 3387 ι
3129 3352 3148 3384 ι
3197 3333 3317 3413 luce
3348 3332 3601 3396 lucidior,

354 3442 538 3487 τοντος
574 3420 685 3478 οἷον
729 3430 850 3489 ταῖς
908 3429 1039 3498 περὶ⁸
1069 3428 1238 3481 αὐτὸν
1273 3429 1570 3499 δυνάμεσιν
1606 3431 1800 3500 αὐτὴν,
1835 3430 1931 3484 καὶ

2034 3423 2236 3482 divinis
2287 3420 2574 3481 ﬂorentior
2613 3425 2903 3495 paradisis,
2949 3426 3209 3483 universo
3242 3426 3450 3481 mundo
3493 3435 3605 3480 tum

354 3508 605 3584 λέγῖιντος
632 3519 775 3572 κατά
805 3522 867 3573 τὸ
922 3522 1307 3591 εἰρημέιιονλν
1350 3525 1466 3585 τοῖς
1513 3510 1622 3577 τῶν
1669 3523 1932 3595 ᾀσμάτων

2034 3518 2232 3574 visibili
2263 3524 2379 3571 tum
2410 3516 2670 3572 invisibili
2697 3516 3017 3587 speciosior.
3061 3515 3263 3571 Verum
3298 3533 3405 3570 non
3430 3520 3606 3572 solum

361 3609 604 3682 ’ᾼσμασι
630 3625 643 3639 ·
685 3629 704 3662 ι
730 3611 795 3662 Τί
823 3608 960 3677 καλὴ
994 3614 1027 3684 ἡ
1065 3612 1296 3682 πλησίον
1328 3631 1431 3682 μου
1460 3629 1477 3679 ;
1521 3633 1540 3666 ›
1576 3614 1761 3682 φωτὸς
1809 3628 1936 3680 φαι-

2034 3606 2305 3678 proxima,
2363 3606 2459 3663 sed
2511 3608 2677 3661 etiam
2731 3623 2761 3661 a
2813 3608 3025 3661 dextris
3069 3607 3304 3672 sedens;
3338 3624 3461 3662 nam
3516 3610 3606 3663 ubi

356 3696 611 3766 δροτὲρα,
661 3700 1013 3769 παραδείσων
1063 3701 1228 3755 θείων
1278 3702 1673 3772 εὐανθεστέρα,
1721 3701 1931 3772 κόσμου

2033 3699 2287 3755 Christus
2330 3699 2386 3753 in
2431 3698 2585 3755 etelis
2632 3691 2793 3764 sedit,
2831 3694 3037 3753 scilicet
3069 3699 3134 3752 ad
3169 3698 3447 3752 dexteram
3494 3714 3610 3751 rna—

357 3790 561 3853 παντὸς
607 3791 805 3863 ὁρατοῦ
841 3777 939 3845 καὶ
990 3793 1229 3865 ἀοράτου
1267 3795 1644 3865 κοσμιωτέρα.
1678 3795 1752 3848 Οὐ
1789 3796 1933 3863 πλη-

2037 3791 2271 3861 iestatis,
2310 3791 2384 3846 ibi
2417 3801 2471 3846 et
2522 3791 2637 3860 ipsa
2673 3807 2701 3844 a
2744 3789 2906 3844 terris
2966 3789 3019 3842 in
3058 3790 3258 3844 cmlum
3305 3789 3622 3846 ascendens

358 3884 475 3937 σίον
511 3886 567 3939 δὲ
602 3885 786 3955 μόνον,
822 3885 961 3939 ἀλλά
1011 3889 1104 3940 καὶ
1151 3889 1217 3941 ἐκ
1268 3886 1462 3951 δεξιῶν
1498 3887 1729 3952 εἰκότως
1751 3905 1765 3919 ο
1798 3888 1933 3941 ὅπου

2038 3882 2211 3946 stetit,
2239 3899 2348 3937 non
2379 3883 2556 3936 solum
2594 3881 2719 3952 quia
2753 3882 2804 3935 in
2834 3881 3038 3949 primis
3072 3880 3248 3950 diligit
3276 3891 3330 3936 et
3365 3882 3614 3951 diligitur

358 3976 513 4047 γάρό
532 3976 770 4046 Χριστὸς
799 3978 855 4028 ὲν
886 3977 1136 4046 οὐρανοῖς
1169 3977 1452 4042 ἐκάθισεν,
1480 3980 1536 4031 ὲν
1563 3979 1715 4050 δεξιᾷ
1741 3978 1936 4049 δηλον-

2038 3975 2202 4029 modo
2247 3974 2512 4045 singulari
2554 3990 2635 4031 ex.
2662 3973 2794 4043 ipsis
2838 3983 3050 4028 naturae
3095 3973 3320 4042 legibus,
3359 3975 3452 4029 sed
3486 3975 3616 4043 quia

356 4071 441 4124 ότι
485 4071 586 4140 τῆς
632 4066 1047 4141 μεγαλωσύνης,
1096 4072 1214 4124 ἐκεῖ
1260 4072 1355 4124 καὶ
1399 4069 1537 4140 αὕτη
1571 4069 1665 4123 νῦν
1692 4069 1800 4122 ἀπὸ
1831 4068 1936 4139 γῆς

2037 4074 2122 4122 est
2155 4066 2206 4121 in
2247 4066 2395 4121 omni
2425 4066 2653 4121 veritate
2692 4067 2925 4120 thronus
2960 4065 3143 4131 illius;
3171 4080 3295 4119 nam
3337 4065 3426 4118 ubi
3458 4068 3613 4121 sedet

358 4165 439 4227 εἰς
469 4164 735 4234 οὐρανοὺς
762 4162 1019 4217 ἀναϐᾶσα
1055 4162 1292 4232 ἕστηκεν
1314 4178 1327 4192 ο
1371 4162 1430 4215 οὐ
1470 4161 1634 4232 μόνον
1662 4162 1746 4215 ὅτι
1773 4158 1936 4214 ποθεῖ

2038 4174 2158 4222 rex,
2181 4157 2278 4225 ibi,
2309 4166 2418 4212 stat
2444 4158 2695 4213 thronus.
2727 4155 2897 4223 Quem
2930 4157 3187 4211 thronum
3218 4156 3384 4212 Isaias
3416 4156 3468 4209 in
3495 4173 3611 4212 rne-

359 4256 454 4309 καὶ¹
500 4242 874 4308 ἀντιποθεϊται
917 4256 1137 4308 πάντων
1189 4253 1453 4324 μάλιστα,
1492 4254 1590 4307 καὶ
1621 4253 1806 4314 αὐτοῖς
1833 4270 1936 4321 φυ-

2038 4249 2129 4304 dio
2178 4250 2331 4303 chori
2383 4246 2528 4303 illius
2562 4246 2979 4324 Cherubinyet
3030 4247 3163 4301 vidit
3188 4257 3242 4301 et
3295 4248 3434 4302 dixit
3467 4249 3616 4302 exal-

359 4338 534 4408 σικοίς
558 4342 803 4413 θεσμοῖς,
834 4344 952 4399 ἀλλ’
979 4345 1062 4398 ὅτι
1095 4322 1201 4398 καὶ-
1223 4345 1414 4414 θρόνος
1446 4344 1596 4398 ἐστὶν
1615 4344 1690 4406 ὼς
1716 4343 1936 4415 άληθῶς

2039 4347 2211 4393 tatum
2240 4346 2403 4406 atque
2436 4337 2744 4400 sublimem,
2767 4322 3062 4391 ostendens
3087 4344 3350 4403 quantum
3384 4334 3614 4405 Deipara

357 4437 526 4491 αὐτοῦ
549 4452 563 4466 ο
608 4436 743 4490 ὅπου
774 4437 830 4489 δὲ
877 4437 1117 4504 κάθηται
1150 4438 1176 4490 ό
1210 4436 1489 4502 βασιλεὺς.
1538 4437 1656 4488 ἐκεῖ
1682 4436 1712 4488 ό
1742 4435 1937 4505 θρόνος

2053 4431 2357 4486 :(nlestibus
2423 4429 2826 4498 superemineat
2879 4427 3260 4496 potestatibus.
3320 4427 3638 4497 Propterea-

358 4533 596 4584 ῐσταται.
630 4528 830 4583 Τοῦτον
870 4530 961 4581 τὸν
1017 4529 1206 4599 θρόνον
1241 4533 1336 4582 καὶ
1373 4531 1400 4582 ό
1442 4526 1675 4591 Ἡσαΐας
1731 4528 1935 4597 μεταξὺ

2040 4522 2249 4576 inducit
2278 4519 2501 4591 angelos
2535 4519 2603 4573 ab
2640 4534 2700 4572 ea
2741 4518 2908 4572 Deum
2940 4516 3308 4587 gloriﬁcantes
3339 4525 3503 4585 atque
3522 4516 3615 4571 di-

360 4624 568 4676 ἐκείνου
592 4624 686 4677 τοῦ
716 4622 1046 4695 χερουϐικοῦ
1076 4621 1241 4693 χοροῦ
1271 4623 1365 4675 καὶ
1403 4620 1601 4674 ἔϐλεπε
1630 4626 1725 4675 καὶ
1751 4622 1936 4691 ἔλεγεν

2025 4623 2228 4669 ἐθηιοε
2261 4629 2275 4666 :
2311 4610 2633 4666 «Benedicta
2665 4609 2834 4676 gloria
2869 4608 3097 4662 Domino
3128 4608 3195 4662 de
3230 4607 3354 4662 loco
3376 4623 3487 4663 suo
3511 4609 3610 4665 ⁸⁷.»

359 4715 563 4784 ὑψηλὸν
607 4675 699 4770 καὶ
718 4675 1181 4785 "scriptas-Iovis};
1218 4713 1316 4776 τὰς
1361 4713 1645 4783 οὐρανίους
1674 4675 1937 4782 δυνάμεις

2019 4707 2211 4789 ⁵εἷιιίῑοὶ)
2242 4722 2373 4760 vero
2397 4704 2705 4776 patriarcha
2746 4703 2894 4757 illum
2929 4704 2983 4756 in
3024 4702 3310 4773 aenigmate
3351 4702 3604 4766 intuitus,

352 4807 852 4878 ⁷ὑπερανειϐεϐηκδς
904 4807 1005 4876 τῆς
1052 4805 1398 4877 Θεομήτορος
1452 4805 1656 4870 δηλῶν.
1701 4806 1793 4858 Διὸ
1841 4803 1937 4856 καὶ

2092 4798 2397 4863 Terribilis,
2444 4798 2642 4867 inquit,
2676 4797 2830 4851 locus
2877 4796 3017 4861 iste;
3052 4795 3141 4849 hic
3173 4810 3279 4848 non
3330 4805 3414 4849 est
3461 4797 3612 4851 aliud
3664 4841 3675 4852 .

359 4899 559 4962 αὐτοὺς
591 4899 805 4968 εἰσάγει
834 4899 962 4960 τοὺς
992 4894 1259 4967 ἀγγέλους
1288 4895 1397 4950 ἀπὸ
1428 4895 1637 4965 ταύτης
1677 4899 1769 4948 τὸν
1803 4894 1939 4947 Θεὸν

2037 4895 2143 4949 nisi
2174 4895 2370 4948 domus
2402 4891 2494 4946 Dei
2525 4904 2573 4946 et
2609 4900 2764 4960 porta
2798 4890 2922 4945 cmli
2950 4889 3019 4943 ⁸⁸.
3049 4907 3066 4939 ι
3109 4887 3277 4943 David
3306 4900 3488 4944 autem
3513 4891 3613 4944 ali-

357 4990 685 5055 δοξάζοντας
743 4992 838 5045 καὶ
879 4990 1177 5059 λέγονταςο
1218 5008 1238 5042 ι
1298 4988 1670 5058 Εὐλογημένη
1718 4990 1751 5058 ἡ
1808 4985 1937 5050 δόξα

2048 4993 2130 5038 ter
2153 4984 2554 5038 multitudinem
2591 4981 2865 5036 salvorum
2897 4980 3001 5035 sibi
3031 4981 3359 5051 adjungens,
3390 4981 3614 5051 quibus,

360 5077 565 5151 Κυρίου
624 5084 731 5136 ἀπὸ
782 5083 875 5136 τοῦ
933 5083 1097 5135 τόπου
1137 5079 1334 5135 αὐτοῦ.
1384 5099 1404 5133 ι
1457 5078 1655 5133 Ἰακὼϐ
1687 5079 1743 5131 δὲ
1773 5079 1801 5130 ό
1835 5095 1940 5132 πα-

2047 5076 2196 5132 velut
2247 5076 2428 5130 nervis
2474 5075 2748 5145 variisque
2788 5074 3056 5138 vocibus,
3102 5084 3289 5144 utpote
3341 5089 3406 5126 ex
3463 5075 3611 5128 varia

360 5178 628 5246 τριάρχης
658 5175 729 5228 δι’
758 5174 1103 5243 αἰνιγμάτων
1138 5174 1328 5227 τοῦτον
1375 5173 1739 5241 θεασάμενος,
1778 5189 1797 5222 ι
1845 5168 1934 5233 Ὠς

2044 5180 2202 5242 gente
2233 5171 2285 5225 in
2322 5184 2484 5224 unam
2529 5169 2685 5223 tidem
2726 5171 2797 5224 ab
2837 5170 2939 5225 ista
2970 5166 3192 5234 Virgine
3222 5177 3475 5237 perpetua
3518 5182 3614 5220 ac-

362 5268 593 5337 cpo6epb;
625 5269 653 5320 ό
680 5268 846 5330 τόπος
889 5261 1067 5329 οὗτος,
1114 5260 1267 5317 εἶπεν
1287 5281 1301 5294 ο
1332 5264 1432 5316 οὐκ
1465 5261 1582 5316 ἔστι
1607 5262 1790 5328 τοῦτο,
1820 5260 1937 5316 ἀλλ’

2042 5261 2403 5315 commodatis
2445 5261 2834 5316 suavissimum
2887 5258 2941 5312 in
2986 5257 3127 5326 .ejus
3179 5254 3393 5310 laudem
3440 5253 3611 5313 melos

360 5360 393 5428 ἢ
416 5353 564 5421 οἰκος
594 5358 756 5424 Θεοῦ,
784 5361 878 5411 καὶ
901 5356 1039 5426 αὕτη
1063 5358 1096 5428 ἡ
1125 5356 1269 5426 πύλη
1299 5356 1395 5408 τοῦ
1425 5353 1687 5424 οὐρανοῦ.
1720 5372 1738 5405 ι
1771 5352 1941 5407 Δαϐὶδ

2038 5354 2236 5408 emittit
2277 5353 2466 5408 dicens
2505 5368 2590 5407 ιι
2626 5350 2889 5407 Memores
2922 5360 3090 5423 eruut
3145 5347 3386 5403 nominis
3434 5346 3510 5400 tui
3555 5345 3607 5399 in

362 5450 420 5503 δὲ
458 5451 725 5523 ἑτέρωθεν
770 5449 881 5503 τῶν
934 5449 1303 5520 σεσωσμένων
1335 5449 1407 5501 τὰ
1455 5446 1637 5517 πλήθη
1693 5446 1939 5516 συνάψας

2037 5445 2185 5501 omni
2221 5447 2572 5514 generatione
2615 5456 2669 5499 et
2709 5445 3137 5515 generationem,
3176 5456 3461 5513 propterea
3513 5456 3610 5507 po-

363 5542 562 5613 ὲαυτῷ,
587 5544 680 5596 καὶ
708 5537 820 5596 οἷόν
852 5558 964 5596 τισι
991 5542 1239 5612 νευραῖς,
1275 5539 1308 5611 ἦ
1345 5539 1607 5608 φθόγγοις
1629 5539 1936 5608 διαφόροις,

2123 5536 2152 5590 li
2179 5534 2592 5591 conﬁtebuntur
2630 5536 2723 5591 tibi
2760 5537 2814 5591 in
2848 5546 3136 5600 mternum,
3166 5541 3218 5589 et
3264 5533 3316 5587 in
3349 5530 3632 5587 saeculum.
3706 5584 3708 5587 .

361 5635 474 5698 τοῖς
510 5634 575 5687 ὲκ
617 5634 881 5706 διαφόρου
930 5632 1119 5699 γένους
1167 5634 1249 5696 εἰς
1300 5632 1432 5702 μίαν
1478 5631 1665 5684 πίστιν
1702 5627 1808 5684 ὑπὸ
1838 5629 1938 5699 τῆς
2038 5626 2225 5685 saeculi
2259 5625 2326 5682 θ’.
2372 5647 2390 5680 ι
2464 5684 2476 5695 ,

434 5815 597 5870 “lsa.
630 5832 701 5881 ιι,
732 5818 783 5870 2.
864 5815 908 5847 ⁸⁸
941 5816 1086 5869 Psal.
1116 5812 1379 5880 χιιι-,ηιμ
1458 5815 1500 5845 ⁸⁷
1536 5802 1756 5882 Eiccli.,
1779 5830 1858 5881 ιιι,
1900 5813 1980 5871 12.

1620 5815 1858 5882 CCll.,lll,
1900 5813 1980 5871 12.
2060 5811 2103 5844 ⁸⁸
2134 5812 2269 5868 Gen.
2309 5828 2495 5875 xxvm,
2532 5811 2613 5864 i7.
2693 5810 2735 5842 ³³
2769 5808 2909 5864 Ρείιὶ.
2948 5826 3084 5871 xrtv,
3129 5810 3205 5862 l9.
