4014 6452
391 370 489 433 4ῖί

1664 383 2037 444 GhElJ‘UItll
2088 384 2411 445 ΡΑΙΛΜιΕ

3524 379 3708 464 472,

399 485 792 554 ’Λειπαρθένου
826 487 1029 556 ταύτης
1066 488 1440 558 ήρῇιοσμένοις
1500 496 1863 564 κεχρημένος,
1893 496 1953 547 τὸ
1989 497 2363 565 παναρμόνιον
2407 499 2543 567 πρὸς
2598 496 2771 566 ὕμνον
2843 496 3043 566 ταύτης
3097 495 3459 569 ἀνακρούεται
3539 496 3636 566 μέ-

384 581 498 646 λος,
535 599 553 632 ι
598 583 1000 651 Μνησίλήσομαι
1055 583 1150 635 ττ.ὖ
1200 585 1465 653 ὀνόματός
1518 606 1633 647 σου,
1672 589 1866 656 λέγων,
1901 592 1958 640 έν
1998 592 2148 661 πάσῃ
2180 592 2345 661 γενεᾷ
2417 592 2509 644 καὶ
2540 592 2734 662 γενεᾷ’
2799 590 2889 643 διὰ
2935 590 3098 643 τοῦτο
3142 590 3261 643 λαοὶ
3314 590 3636 658 ἐξομολογή-

385 679 572 731 σονταί
597 679 759 747 219
798 695 880 731 σοι
914 681 996 741 εἰς
1026 680 1116 731 τίιν
1152 681 1348 738 αἰῶνα.
1397 685 1489 734 καὶ
1537 686 1615 745 εἰς
1650 685 1741 737 τὸν
1781 686 1951 739 αἰῶνα
1986 685 2081 739 τοῦ
2118 687 2334 748 αἰῶνος.
2385 706 2403 737 ι

458 773 664 828 Videtis
694 790 910 829 omnem
952 778 1282 830 creationem
1335 778 1573 847 Virginis
1612 782 1802 836 matris
1837 783 1957 835 lau-
1987 784 2033 842 Α

380 865 477 919 des
500 866 866 930 confitentem,
893 882 1000 922 non
1032 871 1204 922 solum
1238 871 1287 922 in
1315 871 1398 923 his
1429 874 1834 927 transeuntibus
1862 889 1958 927 an-

380 959 487 1021 nis,
524 959 615 1012 scd
652 959 704 1011 in
733 969 996 1013 mtcrnum
1028 972 1081 1015 et
1118 964 1170 1016 iu
1195 965 1388 1017 smcula
1429 965 1797 1018 sar-culorum?
1831 966 1957 1019 lude

379 1051 539 1102 etiam
576 1050 739 1103 datur
766 1052 1106 1119 conspicere,
1140 1056 1287 1122 quod
1317 1070 1416 1108 nec
1446 1055 1536 1106 illa
1564 1071 1802 1119 unquam
1834 1071 1953 1109 ces-

379 1143 525 1197 sabit
557 1157 652 1209 per
677 1157 839 1197 omne
869 1146 1128 1197 saaculum
1171 1160 1200 1199 a
1239 1146 1378 1201 bono
1413 1147 1666 1199 omnibus
1690 1147 1959 1199 creaturis

381 1236 653 1298 faciendo,
689 1251 796 1288 non
821 1236 978 1289 nobis
1006 1244 1237 1300 tantum,
1267 1236 1361 1291 sed
1386 1245 1441 1289 et
1478 1237 1814 1305 iueorporeis
1849 1253 1955 1290 non

382 1329 546 1396 hujus
573 1329 754 1382 mundi
788 1330 1092 1391 ordinibus,
1116 1330 1372 1396 quoniam
1403 1331 1502 1398 ipsi
1532 1345 1747 1401 quoque
1772 1330 1959 1384 nobis-

381 1435 503 1474 cum
538 1434 639 1488 per
678 1434 796 1473 eam
839 1420 1012 1474 solam
1045 1421 1339 1491 participes
1372 1422 1589 1476 deitatis
1626 1422 1753 1477 facti
1790 1433 1953 1486 sunt,

380 1520 436 1565 et
472 1511 732 1565 intactam
770 1511 915 1564 illam
949 1522 1202 1565 naturam
1237 1515 1574 1583 tetigerunt;
1613 1515 1757 1583 quod
1792 1513 1960 1571 Isaias

379 1604 540 1671 longe
586 1611 744 1655 antea
778 1603 1081 1670 praevidens
1111 1604 1519 1672 manifestavit;
1554 1621 1660 1660 non
1692 1607 1837 1661 enim
1883 1610 1960 1661 vi-

379 1695 459 1749 dit
489 1692 776 1765 Serapliim
831 1698 949 1749 sine
978 1695 1162 1749 medio
1203 1711 1269 1751 ex
1322 1697 1478 1751 altari
1509 1699 1782 1754 calculum
1815 1700 1962 1755 acci-

378 1790 641 1856 pientem,
682 1787 779 1842 sed
822 1789 1030 1857 forcipe
1064 1788 1273 1857 accepi’
1320 1805 1445 1844 eum
1500 1806 1611 1860 quo
1651 1801 1793 1847 tacta
1836 1807 1963 1862 pro-

379 1885 552 1941 pheta:
583 1881 722 1934 labia
759 1897 996 1951 purgans
1024 1883 1323 1946 inundavit,
1357 1884 1501 1952 quod
1536 1884 1758 1951 forcipis
1795 1886 1961 1940 mira-

377 1975 562 2027 culum
592 1974 768 2042 ipsum
790 1982 875 2029 est
895 1988 957 2027 ac
987 1973 1114 2028 illud
1140 1990 1395 2040 magnum
1420 1976 1564 2044 quod
1591 1976 1728 2031 vidit
1750 1975 1963 2048 Moyses

379 2065 729 2121 miraculum.
761 2066 959 2119 rubum
998 2066 1278 2121 ardentem
1313 2077 1366 2121 et
1401 2082 1511 2121 non
1542 2079 1957 2139 consumptum.

376 2159 510 2226 Quis
530 2159 695 2217 nescit
716 2157 862 2214 illam
883 2157 1106 2213 Matrem
1132 2158 1396 2227 virginem
1423 2159 1594 2229 ipsam
1620 2176 1742 2216 esse
1765 2163 1960 2217 rubum

373 2260 432 2307 et
459 2252 716 2321 forcipem
741 2267 862 2321 quae
887 2252 1067 2320 ignem
1093 2265 1437 2321 nequaquam
1467 2255 1657 2308 adusta
1693 2255 1961 2325 concepit,

376 2344 463 2398 cui
518 2345 864 2413 conecptioni
908 2344 1240 2398 ministravit
1290 2345 1559 2413 angelus,
1591 2360 1645 2400 et
1687 2347 1961 2401 tollentem

375 2447 600 2507 peccata
638 2437 828 2491 mundi
870 2452 965 2505 per
994 2452 1114 2492 eam
1162 2438 1346 2508 generi
1381 2440 1621 2494 humano
1648 2440 1959 2509 coaptavit,

375 2539 431 2585 et
462 2545 559 2599 per
589 2529 919 2585 ineffabilem
962 2530 1122 2585 istam
1164 2524 1572 2600 adiunctionem
1597 2548 1695 2586 nos
1728 2532 1964 2587 munda-

376 2624 503 2678 vit?
541 2624 752 2677 Idcirco
787 2623 904 2693 ipsa
942 2624 1057 2677 sola
1117 2633 1327 2678 naturze
1372 2633 1568 2679 creatae
1608 2635 1662 2679 et
1709 2626 1965 2681 increatae

375 2721 486 2770 stat
520 2715 844 2776 conﬁnium.
878 2723 934 2769 et
977 2731 1140 2771 nemo
1174 2718 1319 2772 venit
1373 2717 1439 2772 ad
1483 2717 1680 2779 Deum,
1715 2717 1819 2772 nisi
1868 2733 1965 2788 per

375 2807 835 2877 eam"spl‘endorc
861 2822 988 2864 vere
1042 2808 1231 2864 divino
1283 2824 1413 2865 vere
1472 2810 1837 2875 illuminetur,
1879 2810 1962 2865 di—

378 2911 539 2957 cente
565 2899 855 2969 Scriptura
890 2917 903 2953 :
942 2918 961 2952 ι
1002 2899 1147 2955 Deus
1179 2900 1233 2955 in
1271 2902 1455 2956 medio
1484 2902 1625 2968 ejus,
1653 2917 1760 2957 non
1796 2919 1960 2959 com-

376 2990 799 3046 movebitur”.i
834 2989 891 3045 Si
915 3006 1044 3046 vero
1071 2991 1465 3046 retributiones
1491 2991 1625 3047 fiant
1657 2993 1956 3048 secundum

377 3099 688 3139 mensuram
719 3083 1024 3139 dilectionis
1052 3084 1119 3137 ad
1147 3083 1340 3149 Deum,
1371 3085 1415 3138 si
1444 3084 1490 3139 is
1521 3085 1611 3152 qui
1646 3083 1843 3138 Filium
1872 3084 1959 3138 tli-

378 3177 501 3246 ligit
527 3176 778 3246 diligitur
808 3176 878 3230 ab
903 3191 995 3239 eo,
1020 3176 1253 3245 ejusque
1281 3176 1459 3242 Patre,
1501 3188 1555 3232 et
1585 3180 1643 3231 lit
1675 3179 1960 3247 utriusque

292 3312 301 3317 -
379 3269 776 3334 habitaculum,
817 3269 954 3339 ipsis
998 3270 1228 3340 mystice
1275 3269 1329 3324 in
1374 3287 1439 3324 eo
1494 3272 1868 3327 habitantibus
1906 3278 1961 3326 et

379 3361 794 3415 ambulantibus
856 3361 1160 3416 secundum
1231 3362 1650 3431 promissionem
1705 3362 1956 3427 Domini,

2145 784 2344 851 Ὁρᾶτε
2392 786 2577 837 πᾶσαν
2628 785 2727 853 τὴν
2783 782 2964 836 κτίσιν
3024 782 3535 854 ὲξομολογουμένην
3566 770 3635 853 τῇ

2058 876 2515 946 Μητροπαρθένῳ
2566 875 2761 947 ταύτῃ,
2801 878 2896 929 καὶ
2934 878 3037 928 οὐκ
3085 878 3142 928 ἐν
3194 876 3639 946 πεπερασμένοις

2061 969 2263 1032 ἔτεσιν,
2303 969 2420 1021 ἀλλ’
2468 970 2550 1032 εἰς
2604 971 2696 1022 τὶν
2737 970 2910 1023 αἰῶνα
2943 968 3037 1020 καὶ
3090 969 3172 1030 εἰς
3213 967 3305 1021 τὸν
3336 967 3510 1019 αἰῶνα
3542 968 3639 1019 τοῦ

2061 1061 2257 1123 αἰῶνος
2282 1079 2295 1125 ;
2330 1061 2574 1131 Συνορᾷν
2598 1059 2691 1113 οὖν
2724 1061 2871 1113 ἔστιν
2904 1058 3180 1124 ἐντεῦθεν,
3215 1059 3290 1121 ὡς
3316 1058 3428 1112 οὐδ’
3453 1057 3637 1128 ἐκείνη

2060 1154 2213 1220 λήξει
2246 1152 2335 1205 δ.ὰ
2368 1153 2461 1205 τοῦ
2498 1156 2696 1216 παντὸς
2728 1154 2925 1215 αἰῶνος
2958 1151 3019 1205 εὖ
3045 1150 3277 1205 ποιοῦσα
3310 1152 3496 1203 πᾶσαν
3521 1151 3640 1203 κτί-

2063 1264 2170 1308 σιν,
2207 1247 2269 1298 οὐ
2305 1247 2405 1317 τὴν
2441 1246 2563 1299 καθ’
2600 1249 2750 1315 ἡμᾶς
2780 1248 2925 1314 λέγω
2958 1247 3143 1313 μόνον,
3169 1245 3310 1299 ἀλλὰ
3338 1246 3434 1299 καὶ
3464 1245 3639 1307 αὑτάς

2060 1336 2160 1400 τὰς
2189 1337 2388 1400 ἀΰλους
2418 1339 2514 1390 καὶ
2547 1338 2850 1409 ὑπερφυεῖς
2903 1338 3253 1407 ταξιαρχίας·
3281 1337 3365 1390 ὅτι
3394 1338 3504 1407 γὰρ
3541 1338 3640 1389 σὺν

2062 1430 2197 1495 ἡμῖν
2229 1429 2323 1481 καὶ
2359 1424 2524 1482 αὗται
2559 1430 2628 1482 δι’
2663 1430 2837 1499 αὐτῆς
2892 1429 3062 1500 μόνης
3115 1429 3409 1498 μετέχουσί
3456 1445 3515 1480 τε
3547 1431 3642 1480 καὶ

2061 1520 2300 1573 ψαύουσι
2320 1520 2479 1581 Θεοῦ.
2499 1524 2598 1591 τῆς
2617 1522 2898 1590 ἀψαύστου
2918 1523 3134 1591 φύσεως
3151 1521 3392 1587 ἐκείνης,
3408 1520 3641 1580 Ἡσαΐας

2063 1609 2357 1680 τηλαυγῶς
2400 1611 2713 1681 ἐδήλωσενο
2747 1611 2806 1662 ού
2865 1612 2973 1680 γάρ
3027 1611 3253 1679 ἀμέσως
3285 1611 3501 1680 ἑώρακε
3548 1611 3642 1661 τὸν

2062 1702 2314 1770 Σεραφίμ
2341 1702 2406 1753 ὲκ
2435 1700 2529 1754 τοῦ
2571 1701 2964 1769 θυσιαστηρίου
2988 1701 3078 1753 τὸν
3106 1700 3359 1770 ἄνθρακα
3378 1699 3639 1763 λαϐόντα,

2064 1792 2200 1846 ἀλλὰ
2234 1793 2321 1845 διὰ
2351 1793 2447 1863 τῆς
2480 1793 2698 1855 λαὸίδος
2747 1792 2927 1854 ἔλαϐε,
2954 1792 3023 1846 δι’
3059 1786 3128 1864 ἦς
3160 1791 3393 1845 καὶτῶν
3422 1807 3641 1862 προφη-

2063 1884 2236 1938 τικῶν
2266 1884 2444 1954 ἥψατο
2483 1886 2711 1954 χειλέων
2760 1884 2858 1951 τὴν
2912 1885 3182 1953 κάθαρσιν
3225 1882 3443 1945 διδούς·
3480 1884 3642 1936 τοῦτο

2060 1977 2121 2030 δὲ
2155 1973 2223 2047 ἦν
2267 1979 2329 2031 τὸ
2362 1978 2462 2047 τῆς
2500 1977 2718 2041 λαὸίδος
2766 1976 2963 2042 ἐκείνῳ
2997 1975 3075 2045 τῷ
3140 1977 3361 2046 μεγάλῳ
3399 1975 3640 2044 θεάματι

1989 2109 2038 2170 Β
2066 2071 2285 2135 ταυτὸν,
2315 2069 2342 2123 ὃ
2381 2070 2589 2137 Μωσῆς
2619 2067 2852 2137 ἑώρακε,
2886 2067 3046 2137 βάτον
3082 2070 3146 2119 ὲκ
3178 2068 3350 2170 stupe;
3376 2068 3639 2136 ἡμμένην

2067 2162 2161 2214 καὶ
2200 2161 2275 2231 μὴ
2329 2159 2838 2229 καταφλεγομένην.
2887 2160 2983 2221 Τίς
3017 2158 3073 2212 δὲ
3129 2160 3229 2211 οὐκ
3277 2154 3445 2220 οἶδεν,
3496 2157 3572 2221 ὡς
3602 2160 3636 2225 ἡ

2066 2254 2514 2325 Παρθενομήτωρ
2540 2252 2726 2322 ἐκείνη
2764 2269 2821 2303 τε
2851 2253 2885 2322 ἡ
2921 2252 3080 2320 βάτος
3114 2252 3209 2303 καὶ
3242 2249 3383 2321 αὕτη
3416 2252 3448 2322 ή
3482 2251 3638 2311 λαὸίς

2065 2349 2230 2410 ἐστιν,
2285 2349 2319 2416 ἠ
2360 2346 2420 2399 τδ
2460 2345 2605 2398 θεῖον
2649 2343 2762 2414 πῦρ
2815 2344 3220 2414 ἁπυρπολήτως
3270 2341 3637 2407 συλλαϐοῦσα,

2064 2440 2165 2491 κάν
2192 2437 2367 2507 τούτῳ
2408 2436 2833 2505 διακονήσαντος
2863 2435 3214 2505 ἀρχαγγέλου
3244 2436 3311 2505 τῇ
3346 2434 3634 2503 συλλήψει,

2064 2528 2162 2583 καὶ
2191 2530 2284 2582 τὸν
2320 2530 2548 2597 αἴροντα
2601 2528 2703 2594 τὴν
2751 2527 3037 2596 ἁμαρτίαν
3076 2526 3172 2578 τοῦ
3201 2527 3409 2595 κόσμου
3441 2525 3511 2578 δι’
3541 2527 3639 2577 αὺ-

2063 2621 2163 2691 τῆς
2196 2620 2531 2690 συνάψαντος
2576 2626 2656 2688 τῷ
2692 2617 3020 2689 ἀνθρωπείῳ
3072 2620 3244 2686 γένει,
3286 2618 3507 2671 metu
3536 2619 3636 2687 τῆς

2063 2715 2307 2785 ἀρῥήτου
2349 2713 2646 2781 συναφείας
2687 2713 2834 2781 ἡμᾶς
2878 2711 3637 2781 περικαθάραντος;οὐκοῦν

2063 2804 2202 2873 αὕτη
2237 2804 2373 2874 μόνη
2414 2802 2669 2874 μεθόριόν
2703 2803 2820 2856 ἐστι
2853 2805 3081 2873 κτιστῆ’ς
3120 2804 3215 2854 καὶ
3246 2802 3505 2855 ἀκτίστου
3530 2799 3636 2869 φύ-

2064 2916 2222 2961 σεως,
2264 2900 2358 2950 καὶ
2385 2897 2562 2956 οὐδεὶς
2596 2895 2661 2949 ἂν
2697 2894 2846 2948 ἔλθοι
2887 2895 3025 2965 πρὸς
3055 2895 3208 2959 Θεὸν,
3248 2896 3298 2947 εί
3336 2895 3412 2963 μὴ
3444 2893 3512 2948 δι’
3535 2893 3640 2946 αύ-

2060 2990 2157 3055 τῆς
2188 2987 2263 3050 ὡς
2288 2986 2505 3057 ἀληθῶς
2536 2986 2947 3054 καταυγασθείη
2971 2987 3073 3058 τῆς
3105 2985 3372 3054 θεαυγοῢς
3405 2985 3480 3049 ὡς
3503 2987 3607 3055 ἀλη

2062 3068 2170 3141 θῶς
2201 3079 2458 3150 λυχνίας·
2500 3097 2518 3130 ι
2548 3064 2555 3069 ’
2585 3078 2644 3131 '0
2675 3078 2810 3140 Θεὸς
2858 3079 2968 3150 γὰρ
3021 3080 3079 3131 ἐν
3128 3079 3280 3148 μέσῳ
3315 3078 3508 3146 αὐτῆς,
3541 3081 3638 3131 καὶ

2060 3172 2120 3224 ού
2155 3169 2572 3238 σαλευθήσεται,
2615 3189 2633 3221 ι
2674 3170 2863 3239 φησίν.
2888 3171 2950 3222 Εἰ
2979 3171 3035 3222 δὲ
3059 3171 3153 3222 καὶ
3180 3170 3328 3223 κατά
3352 3171 3411 3223 τὸ
3438 3169 3640 3239 μέτρον

2060 3264 2161 3331 τῆς
2197 3263 2336 3331 πρὸς
2369 3261 2502 3314 Θεὸν
2532 3262 2750 3332 ἀγάπης
2784 3264 2838 3315 αἰ
2869 3262 3189 3325 ἀντιδόσεις,
3232 3261 3325 3314 καὶ
3348 3264 3375 3314 ὁ
3405 3261 3639 3328 ἀγαπῶν

2060 3356 2154 3409 τὸν
2183 3355 2312 3407 Υίόν
2344 3356 2631 3421 ἀγαπᾶται
2684 3354 2815 3423 παρ’
2856 3353 3023 3407 αὑτοῦ
3054 3355 3147 3406 καὶ
3179 3354 3272 3406 τοῦ
3314 3352 3481 3405 αὑτοῦ
3523 3353 3639 3405 H1-

379 3453 504 3519 quis
548 3454 719 3521 magis
751 3468 913 3521 quam
964 3462 1141 3507 mater
1161 3469 1285 3508 cum
1335 3455 1569 3509 dilexit?
1596 3453 1713 3509 Non
1754 3456 1961 3510 solum-

2065 3449 2213 3519 τρὺς,
2241 3450 2337 3502 xui.
2361 3446 2712 3515 καταγώγιον
2764 3446 2872 3499 τῶν
2902 3445 3231 3516 ἀμφοτέρων
3271 3446 3503 3513 γίνεται,
3539 3463 3643 3512 μυ-

380 3547 548 3599 modo
585 3547 846 3614 quoniam
894 3547 1237 3617 unigenitum
1290 3562 1413 3601 cum
1464 3546 1657 3613 edidit,
1707 3549 1798 3602 sed
1839 3547 1964 3617 quia

297 3692 302 3698 ,
381 3637 494 3690 sola
527 3638 646 3690 sine
668 3652 963 3708 congressu
995 3639 1313 3708 parturivit,
1342 3641 1416 3693 ita
1451 3649 1510 3694 ut
1537 3654 1693 3693 amor
1721 3640 1868 3693 illius
1897 3640 1969 3694 sit

380 3728 578 3798 dule
615 3730 743 3799 quia
782 3730 924 3784 inter
953 3730 1093 3784 duos
1126 3741 1435 3800 compartes
1477 3746 1586 3784 non
1618 3739 1699 3784 est
1733 3730 1966 3784 divisus.

380 3821 514 3887 Quis
550 3830 728 3877 autem
778 3821 955 3894 magis
989 3839 1152 3893 quam
1202 3832 1379 3878 mater
1425 3824 1710 3878 amabatur
1744 3839 1773 3877 a
1831 3822 1969 3875 Filio

379 3913 683 3983 unigenito,
707 3914 803 3982 qui
829 3913 882 3967 in
920 3914 1238 3969 novissimis
1272 3913 1614 3982 temporibus
1649 3929 1714 3967 ex
1746 3928 1809 3967 ea
1847 3913 1963 3968 sola

364 3990 743 4057 linell‘abiliter
774 4011 1139 4071 processerat,
1176 4004 1635 4069 quemadmodum
1671 4012 1800 4058 ante
1836 4013 1968 4057 tem-

381 4107 513 4163 pora
539 4109 605 4148 ex
632 4094 749 4149 solo
782 4093 980 4148 Patre?
1000 4093 1414 4163 Quomodoznon
1439 4095 1795 4163 multiplicata
1828 4094 1963 4149 fuis-

383 4177 509 4239 sent
544 4201 668 4238 cum
702 4184 916 4239 decenti
966 4184 1327 4255 dispositione
1360 4186 1514 4256 signa
1558 4186 1788 4239 honoris
1839 4200 1966 4255 erga

384 4290 505 4329 eam
537 4292 601 4330 ex
647 4277 761 4347 lege
792 4276 960 4331 debiti
1002 4279 1069 4331 ab
1095 4292 1162 4332 eo
1193 4277 1285 4347 qui
1320 4278 1386 4332 ad
1422 4277 1754 4347 implendam
1793 4277 1965 4347 legem

384 4366 787 4422 descenderat?

2070 3538 2274 3603 στικῶς
2318 3540 2675 3592 ἐνοικούντων
2721 3541 2817 3591 καὶ
2885 3539 3414 3608 ἐμπεριπατούντων
3465 3535 3644 3605 τούτῳ

2068 3631 2207 3685 κατά
2245 3631 2346 3701 τὴν
2388 3631 2715 3701 δεσποτικὴν
2765 3630 3125 3698 ἐπαγγελίαν,
3174 3631 3257 3692 τίς
3285 3630 3352 3683 ἂν
3403 3628 3642 3698 ἀγαπῴη

2066 3721 2256 3777 τοῦτον
2290 3723 2490 3792 μᾶλλον
2517 3722 2617 3791 τῆς
2650 3721 2854 3792 μητρός
2882 3722 2952 3790 ;ἥ
2984 3721 3058 3791 μὴ
3101 3722 3185 3775 ὅτι
3221 3718 3488 3790 μονογενῆ
3520 3720 3643 3771 τοῦ·

2068 3834 2183 3882 τον,
2214 3815 2351 3870 ἀλλά
2411 3817 2506 3870 καὶ
2561 3817 2698 3886 μόνη
2745 3816 3080 3884 γεγέννηκεν
3115 3813 3538 3876 ἀσυνδυάστως;
3568 3811 3646 3874 ὡς

2068 3902 2213 3962 εἶναι
2235 3910 2413 3980 ταύτῃ
2442 3909 2502 3962 τὸ
2551 3908 2773 3977 φίλτρον
2821 3907 3108 3960 διπλάσιον
3158 3904 3643 3976 συμμεριζομένου

2064 4001 2159 4053 τοῦ
2187 4002 2646 4071 κοινωνήσαντυς.
2691 3998 2788 4061 Τίς
2822 3998 2866 4051 δ’
2899 3998 2965 4052 διν
3024 3999 3349 4067 ἁγαπηθείη
3395 3998 3497 4068 τῆς
3535 4014 3642 4067 μη-

2063 4095 2192 4163 τρὸς
2230 4096 2430 4163 μᾶλλον
2456 4093 2561 4145 ὑπὸ
2589 4092 2684 4145 τοῦ
2717 4090 3080 4159 Μονογενοῦς,
3118 4091 3416 4157 καὶταῦτα
3447 4090 3646 4158 προελ-

2067 4186 2252 4249 θόντος
2288 4187 2350 4237 ὲκ
2390 4185 2558 4254 μόνης
2585 4186 2843 4253 ἀρρήτως
2882 4185 2969 4236 ἐπ’
2993 4186 3241 4255 ἐσχάτων
3266 4184 3377 4236 τῶν
3408 4183 3643 4243 αἰώνων,

2068 4275 2259 4343 ὥσπερ
2293 4276 2385 4327 καὶ
2418 4274 2525 4344 πρὸ
2552 4275 2764 4327 αἰώνων
2797 4277 2860 4327 ὲκ
2908 4276 3070 4344 μόνου
3103 4275 3197 4328 τοῦ
3241 4272 3490 4343 Πατρύς;
3520 4272 3645 4335 Πῶς

2069 4368 2114 4421 δ’
2147 4368 2210 4421 ἂν
2237 4368 2298 4420 ού
2332 4364 2841 4433 πολυπλασιασθείη
2870 4367 3005 4436 πρὸς
3038 4370 3103 4437 τῇ
3137 4367 3426 4439 πρεπούσῃ
3467 4365 3647 4418 διαθέ-

387 4477 469 4512 σει
531 4462 625 4513 nat
664 4462 732 4514 τὰ
777 4461 877 4530 τῆς
924 4462 1279 4533 ὀφειλομένης
1310 4466 1373 4517 ἐκ
1399 4465 1581 4533 νῦμων
1627 4464 1765 4533 πρὸς
1818 4463 1987 4532 αὐτὴν
2026 4462 2192 4530 τιμῆς
2244 4460 2394 4531 παρά
2422 4459 2516 4512 τοῦ
2547 4459 2833 4529 πληρῶσαι
2894 4460 2988 4513 τὸν
3037 4461 3205 4530 νόμον
3242 4458 3642 4523 κατελθόντος;

460 4553 634 4623 Igitur
664 4554 813 4608 sicut
845 4569 941 4623 per
972 4570 1090 4609 eam
1123 4555 1298 4611 solam
1331 4558 1397 4611 ad
1439 4574 1540 4611 nos
1575 4558 1881 4627 procedens
1914 4555 1966 4607 in
2014 4620 2019 4625 _

390 4649 552 4701 terris
581 4646 839 4715 apparuit.
860 4658 912 4699 et
942 4662 1065 4702 cum
1103 4650 1415 4705 lictuinibus
1448 4662 1807 4705 conversatus
1838 4661 1923 4704 est
1949 4690 1963 4708 .

389 4739 635 4808 quiante
663 4755 781 4793 eam
806 4741 1062 4795 omnibus
1084 4752 1200 4796 erat
1247 4743 1569 4807 invisibilis;
1600 4742 1672 4795 ita
1699 4746 1753 4797 in
1783 4742 1969 4797 futuro

2144 4553 2361 4621 Ὥσπερ
2392 4552 2485 4604 οὖν
2509 4552 2578 4603 δι’
2603 4551 2776 4619 αὐτῆς
2822 4551 2991 4621 μόνης
3022 4553 3158 4622 πρὸς
3195 4553 3344 4622 ἡμᾶς
3371 4551 3643 4626 ἐπιδημῇ-

2071 4661 2170 4707 σας
2190 4645 2282 4697 ἐπὶ
2300 4642 2404 4712 γῆς
2438 4640 2594 4712 ὤφθη
2626 4643 2848 4705 καὶτοῖς
2874 4642 3180 4713 ἀνθρώποις
3201 4647 3647 4715 συνανεστράφη,

2070 4738 2238 4789 πᾶσιν
2283 4733 2359 4787 ὢν
2408 4735 2638 4798 ἀθέατος
2678 4735 2783 4802 προ
2847 4735 3072 4802 ταύτης,
3107 4733 3252 4786 οὓτω
3301 4736 3396 4788 καί
3425 4740 3505 4797 εἰς
3554 4738 3647 4789 τὸν

367 4831 716 4886 'indesinenti
747 4832 943 4887 saeculo
964 4834 1145 4887 omnis
1173 4833 1368 4888 divinae
1402 4835 1814 4888 illuminationis
1841 4849 1965 4900 pro-

2074 4829 2203 4896 ἐξῆς
2238 4828 2472 4897 ἄληκτον
2514 4828 2688 4881 αἰῶνα
2719 4828 2874 4880 πᾶσα
2907 4826 3288 4893 φωτοφανείας
3323 4828 3480 4889 θείας
3511 4832 3649 4901 πρό-

389 4926 623 4992 gressio,
666 4926 845 4980 omnis
891 4926 1201 4980 divinorum
1249 4928 1634 4997 mysteriorum
1674 4927 1965 4988 revelatio,

391 5016 573 5069 omnis
622 5016 952 5084 spiritalium
1009 5014 1182 5069 forma
1235 5016 1649 5077 charismatum,
1680 5032 1802 5086 qua:
1849 5016 1968 5070 sine

391 5110 508 5177 ipsa
528 5110 732 5163 nemini
762 5111 949 5179 largita
981 5109 1236 5164 fuissent.
1272 5110 1387 5178 lpsa
1419 5121 1599 5165 autem
1627 5111 1779 5180 prior
1811 5127 1964 5165 acce-

392 5202 472 5269 pit
505 5202 879 5256 omniuiodam
914 5203 1310 5270 plenitudinem
1352 5201 1473 5267 ejus
1505 5202 1597 5269 qui
1627 5205 1817 5271 implet
1854 5220 1974 5257 om-

394 5292 507 5355 nia,
549 5308 668 5345 eam
720 5293 977 5348 munibus
1011 5292 1399 5347 continendam
1446 5292 1683 5353 exhibet,
1725 5293 1975 5347 dividens

392 5386 622 5454 singulis
669 5386 1160 5456 congruentissiute
1201 5393 1256 5436 et
1304 5385 1600 5439 secundum
1657 5403 1971 5442 mensuram

389 5478 644 5547 puritatis
676 5494 892 5540 eorum,
926 5477 997 5530 ita
1043 5488 1101 5531 ut
1139 5478 1211 5531 sit
1244 5477 1609 5546 tlispcnsatrix
1640 5490 1692 5533 et
1725 5482 1971 5535 ministra

393 5570 707 5623 divitiarum
742 5567 1063 5623 divinitatis.
1103 5566 1238 5622 Cum
1285 5570 1353 5624 sit
1391 5570 1473 5623 lex
1501 5580 1699 5625 :etcrna
1728 5569 1780 5623 in
1817 5570 1970 5625 «clis

394 5678 422 5713 a
459 5662 755 5728 majoribus
791 5661 1028 5715 minores
1062 5662 1265 5717 habere
1306 5672 1360 5715 ut
1396 5664 1691 5731 participes
1734 5665 1843 5717 sint
1875 5680 1969 5716 ηο-

394 5760 535 5806 tura:
561 5753 676 5821 ejus
718 5754 809 5821 qui
845 5762 944 5814 cst,
975 5762 1027 5807 ct
1059 5753 1109 5807 in
1143 5755 1292 5808 cmlis
1338 5754 1506 5819 sedet,
1553 5756 1724 5823 major
1779 5768 1959 5809 autem

467 5896 514 5925 η
548 5896 685 5949 Ρδωί.
729 5914 851 5963 XLV,
879 5898 929 5951 ὃ.

2076 4921 2334 4987 οδοτ-,καὶ
2359 4922 2506 4973 πᾶσα
2560 4918 2880 4989 μυστηρίων
2917 4918 3077 4969 οείων
3132 4919 3501 4989 ἀποκάλυψις,
3551 4922 3651 4974 καὶ

2076 5016 2227 5069 πᾶσα
2256 5013 2647 5084 πνευματικῶν
2691 5013 2804 5064 ἰδέα
2850 5004 3232 5081 χαρισμάτων,
3266 5011 3471 5064 ἅπασιν
3502 5015 3647 5085 ἀχώ-

2080 5127 2242 5181 ρητος
2275 5111 2445 5178 χωρὶς
2486 5109 2676 5176 αὐτῆς.
2733 5104 2883 5174 Αὕτη
2924 5106 2983 5156 δὲ
3042 5105 3235 5174 πρώτη
3288 5105 3552 5177 δεχομένη
3588 5108 3651 5160 τὸ

2072 5203 2157 5254 διὰ
2192 5202 2408 5255 πάντων
2453 5196 2589 5270 ἧκον
2628 5201 2903 5271 πλήρωμα
2933 5197 3029 5252 τοῦ
3062 5201 3129 5254 τὰ
3179 5199 3478 5271 σύμπαντα
3514 5201 3651 5272 πλη-

2077 5295 2321 5364 ροῦντος,
2377 5294 2674 5360 καθίστησι
2723 5294 2837 5354 τοῖς
2896 5293 3033 5345 πᾶσι
3077 5292 3351 5362 χωρητὸν,
3402 5292 3649 5361 νέμουσα

2075 5388 2207 5457 πρὸς
2244 5388 2476 5453 δύναμιν
2511 5385 2726 5455 ἑκάστῳ
2773 5383 2915 5436 κατὰ
2958 5383 3058 5454 τὴν
3108 5383 3403 5451 ἀναλογίαν
3450 5385 3548 5437 καὶ
3588 5385 3650 5434 τ’»

2076 5480 2275 5547 μέτρον
2301 5477 2398 5544 τῆς
2421 5478 2653 5529 ἑκάστου
2692 5473 3071 5544 καθαρότητος
3094 5490 3107 5503 ·
3138 5474 3282 5527 ὥστε
3308 5472 3515 5542 ταύτην
3570 5469 3651 5524 εἰ·

2078 5588 2165 5620 ναι
2202 5571 2294 5621 καὶ
2322 5572 2546 5638 ταμεῖον
2578 5569 2671 5620 καὶ
2722 5565 2995 5633 πρύτανιν
3020 5564 3115 5617 τοῦ
3141 5564 3375 5619 πλούτου
3400 5568 3500 5634 τῆς
3533 5566 3649 5617 θεύ-

2076 5678 2262 5727 τητος.
2284 5660 2436 5714 Ἐπεὶ
2473 5663 2581 5729 γὰρ
2605 5662 2699 5711 καὶ
2728 5657 2889 5711 τοῦτο
2920 5658 3155 5729 νόμιμον
3201 5658 3420 5712 αἰώνιον
3448 5662 3508 5710 ὲν
3561 5657 3650 5710 ού-

2076 5758 2281 5824 ρανοῖς,
2314 5755 2401 5806 διὰ
2431 5756 2537 5806 τῶν
2587 5753 2854 5822 μειζόνων
2893 5754 3020 5816 τοὺς
3069 5750 3363 5815 ἐλάττονας
3398 5749 3648 5821 μετέχειν
