4014 6444
340 374 444 435 473

1609 375 1936 434 nonum
1985 375 2328 435 xxxrm.
3492 377 3514 436 .4
3564 377 3589 436 ,ς

340 489 430 541 τοῦ
465 485 726 540 ἐπέκεινα
757 488 851 540 τοῦ
887 486 1036 549 ὄντος
1069 488 1385 558 ἱδρυμένου,
1423 489 1620 558 μείζων
1649 488 1693 540 δ’
1739 488 1908 550 ἀσυγ-

2034 487 2081 538 .it
2105 489 2361 542 omnibus
2399 488 2519 542 sine
2557 492 2660 542 ulla
2701 491 3110 557 comparatione
3150 490 3309 560 Virgo
3336 491 3593 562 genitrix,

339 579 544 648 κρίτως
584 579 839 631 ἁπάντων
869 581 900 649 ἡ
949 580 1417 650 Παρθενομήτωρ,
1451 582 1518 634 δι’
1545 581 1712 648 αὐτῆς
1751 577 1912 647 μεθέ-

339 673 525 737 ξουσιν
553 675 665 723 ὅσοι
696 671 760 740 δὴ
807 671 1094 739 μεθέξουσι
1121 671 1259 724 Θεοῦ
1281 688 1295 703 ο
1337 675 1430 724 καὶ
1467 675 1636 738 αὐτὴν
1671 674 1910 724 οἴσονται

338 762 434 816 τοῦ
459 763 748 832 ἀχωρήτου
780 763 965 832 χώραν
990 764 1105 816 ὅσοι
1141 765 1204 835 δὴ
1237 764 1578 832 γινώσκουσι
1610 764 1745 815 Θεόν
1769 780 1782 792 ο
1815 763 1914 816 καὶ

341 854 510 924 αὐτὴν
538 855 845 923 ὑμνήσουσι
889 855 1026 924 μετὰ
1057 855 1192 908 Θεὸν
1241 857 1355 908 ὅσοι
1396 859 1486 908 τὸν
1532 856 1668 908 Θεὸν
1707 855 1909 924 ὑμνοῦο

339 963 448 1000 σιν.
490 945 642 1011 Αὕτη
678 948 771 998 καὶ
803 947 913 1000 τῶν
949 947 1056 1016 πρὸ
1107 948 1280 1015 αὐτῆς
1311 950 1482 1012 αίτία,
1521 949 1615 1001 καὶ
1655 948 1761 999 τῶν
1797 947 1913 1014 μετ’

342 1038 511 1110 αὐτὴν
549 1039 875 1107 προστάτις,
901 1042 998 1094 καὶ
1032 1041 1141 1091 τῶν
1165 1042 1402 1093 αἰωνίων
1433 1039 1714 1104 πρόξενος.
1764 1037 1914 1106 Αὕτη

342 1133 453 1186 τῶν
516 1135 814 1202 προφητῶν
875 1134 1156 1195 ὑπόθεσις,
1205 1135 1313 1186 τῶν
1373 1135 1530 1202 211
1591 1133 1914 1184 ἀποστόλων

347 1226 510 1296 ἁρχὴ,
557 1227 666 1278 τῶν
724 1226 1014 1296 μαρτύρων
1068 1228 1369 1294 ἑδραίωμα,
1420 1227 1529 1278 τῶν
1581 1225 1918 1278 διδασκάλων

348 1319 574 1387 κρηπίς.
607 1317 752 1385 Αὕτη
785 1319 895 1369 τῶν
927 1320 1020 1372 ἐπὶ
1053 1319 1158 1385 γῆς
1189 1322 1219 1386 ἡ
1265 1317 1414 1381 δόξα,
1446 1317 1556 1378 τῶν
1590 1314 1707 1368 κατ’
1753 1316 1920 1381 ούρα-

347 1413 436 1463 νὸν
464 1413 495 1480 ἡ
525 1411 853 1479 τερπνὸτης,
888 1412 949 1462 τὸ
994 1412 1176 1482 πάσης
1209 1412 1310 1478 τῆς
1354 1411 1593 1473 κτίσεως
1643 1407 1923 1475 ἐγκαλλὼ-

355 1518 556 1570 πισμα.
582 1500 729 1569 Αὕτη
761 1501 1012 1570 καταρχὴ
1033 1501 1128 1552 καὶ
1158 1499 1310 1568 πηγὴ
1341 1499 1433 1550 καὶ
1457 1499 1581 1570 ῥίζα
1611 1499 1721 1550 τῶν
1746 1499 1917 1568 ἀπορ-

351 1686 590 1746 λείοισις.

2016 597 2112 649 per
2158 596 2276 633 eam
2341 582 2610 650 recipiunt
2665 585 2982 652 quicunque
3033 584 3122 637 Dei
3181 597 3387 637 naturm
3461 585 3590 634 tiuut

2015 672 2325 742 participes,
2369 683 2422 727 et
2457 674 2627 744 ipsam
2677 677 3376 744 possidebuntquicunque
3423 678 3590 730 [leum

2016 778 2364 836 cognoscent,
2397 778 2451 823 et
2479 784 2595 823 eam
2618 778 2736 837 post
2759 771 2924 823 Deum
2953 772 3233 825 celebrant
3264 773 3594 838 quicumque

2018 859 2186 913 Deum
2223 862 2519 915 celebrant.
2556 861 2674 929 Ipsa
2699 877 2887 916 eorum
2921 879 3041 932 quae
3065 874 3190 917 ante
3219 880 3337 916 eam
3372 862 3595 916 fuerunt

2017 965 2202 1012 causa,
2243 951 2359 1020 ipsa
2391 962 2582 1005 auctor
2607 968 2795 1005 eorum
2826 968 2948 1021 qua:
2977 963 3162 1007 secuta
3201 963 3348 1015 sunt,
3383 955 3494 1020 ipsa
3525 969 3596 1005 ae-

2021 1055 2301 1096 ternorum
2347 1044 2693 1098 distributor.
2717 1045 2847 1112 Ipsa
2899 1045 3290 1113 prophetarum
3331 1045 3596 1105 materia,

2020 1136 2388 1203 apostolorum
2421 1145 2605 1205 caput,
2643 1139 2942 1204 martyrum
2978 1134 3280 1201 fortitudo,
3312 1137 3596 1188 doctorum

2023 1230 2464 1282 fundamentum.
2508 1228 2628 1296 Ipsa
2684 1238 3024 1282 terrenorum
3061 1229 3255 1296 gloria,
3292 1228 3596 1282 ccelcstium

2026 1321 2230 1379 laetitia,
2265 1320 2442 1373 omnis
2471 1320 2761 1373 creationis
2795 1329 3204 1373 ornamentum.
3243 1319 3366 1385 Ipsa
3400 1319 3602 1386 princi-

2010 1414 2173 1482 pium
2204 1412 2347 1476 fons,
2380 1421 2434 1464 et
2466 1413 2617 1466 radix
2659 1414 2927 1466 bonorum
2977 1413 3449 1466 inenarrabilium.
3481 1415 3602 1481 Ipsa

2001 1506 2208 1562 Lomnis
2231 1506 2537 1561 sanctitatis
2563 1507 2777 1560 culmen
2809 1515 2859 1561 et
2891 1506 3178 1576 perlectio.

356 1595 535 1663 ρήτων
571 1593 816 1660 ἀγαθῶν.
841 1592 992 1662 Αὕτη
1025 1592 1222 1654 παντὸς
1256 1592 1411 1660 ἁγίου
1447 1593 1661 1659 κορυφὴ
1701 1591 1794 1642 καὶ
1837 1607 1926 1641 τε-
1993 1575 2002 1622 δ

422 1775 492 1830 Ὠ
539 1779 784 1848 Παρθένε
837 1778 956 1830 θεία
990 1778 1085 1830 καὶ
1118 1777 1213 1830 νῦν
1260 1775 1510 1845 οὐρανία,
1543 1775 1659 1838 πῶς
1717 1791 1811 1826 σου
1860 1774 1922 1826 τὸ

2096 1776 2141 1833 Ο
2181 1776 2344 1846 Virgo
2387 1775 2570 1831 divina
2616 1784 2672 1829 et
2705 1790 2850 1829 nunc
2897 1775 3172 1839 cmlicola,
3202 1773 3480 1843 quomodo
3513 1782 3603 1826 tua

354 1875 460 1924 πᾶν
489 1872 729 1936 ἐξείπω;
767 1874 888 1934 Πῶς
928 1889 986 1923 σε
1019 1871 1228 1934 δοξάσω
1258 1871 1350 1922 τὸν
1394 1872 1493 1938 τῆς
1522 1869 1680 1937 δόξης
1713 1869 1919 1937 θησαυ-

355 1966 484 2032 ρτ3ν;
523 1963 626 2016 Σοῦ
657 1967 753 2019 καὶ
786 1966 976 2033 μνήμη
1029 1965 1191 2031 μόνον
1223 1964 1416 2032 ἡγίασε
1451 1964 1542 2014 τὸν
1589 1962 1875 2030 χρώμενον
1903 1979 1918 1993 ⁸

351 2058 489 2126 προς
525 2057 583 2109 σὲ
618 2058 712 2109 καὶ
743 2056 926 2118 νεῦσις
957 2057 1119 2124 μόνον
1142 2055 1534 2124 διαυγέστερον
1570 2054 1795 2120 ἐποίησε
1829 2055 1923 2105 τὸν

350 2147 495 2210 νοῦν,
535 2148 668 2217 πρὸς
697 2147 830 2216 ὕψος
866 2148 1030 2210 εὐθὺς
1068 2147 1416 2200 ἁναλαὸοὖσα
1469 2146 1614 2197 θεῖον
1639 2161 1654 2176 ·
1691 2144 1778 2197 διὰ
1826 2145 1922 2197 σοῦ

350 2241 642 2309 τρανοῦται
667 2243 730 2292 τὸ
759 2241 858 2309 τῆς
894 2240 1139 2302 διανοίας
1171 2239 1328 2309 ὄμμα
1351 2256 1366 2271 ο
1397 2239 1485 2292 διὰ
1513 2238 1608 2291 σοῦ
1634 2239 1920 2307 καταλάμ-
1967 2259 1975 2268 ι

350 2352 511 2386 πεται
544 2335 603 2386 τὸ
639 2334 856 2401 πνεῦμα
907 2335 1056 2385 θείου
1118 2333 1438 2402 Πνεύματος
1494 2330 1762 2401 ἐπιδημίᾳ
1786 2345 1800 2359 ·
1829 2347 1926 2380 τα-

353 2427 575 2496 μιοῦχος
608 2428 715 2496 γὰρ
750 2427 936 2492 ἐγένου
969 2427 1066 2479 καὶ
1114 2428 1346 2496 περιοχὴ
1396 2426 1634 2496 χαρίτων
1655 2441 1670 2456 ο
1713 2426 1809 2494 οὐχ
1837 2426 1925 2478 ἵνα

351 2520 502 2587 παρὰ
534 2520 732 2588 σεαυτῇ
772 2519 1074 2589 κατάσχῃς,
1108 2518 1223 2570 ἀλλ’
1255 2518 1340 2569 ἵνα
1369 2519 1436 2570 τὰ
1469 2517 1763 2585 σύμπαντα
1790 2517 1926 2587 πλη-

354 2611 534 2684 ρώσῃς
571 2612 792 2681 χάριτος
818 2625 831 2638 ⁶
866 2613 893 2663 ὁ
918 2611 1025 2679 γὰρ
1052 2610 1158 2662 τῶν
1189 2611 1483 2664 ἀκενώτων
1511 2609 1804 2678 θησαυρῶν
1831 2626 1927 2660 τα-

357 2702 486 2771 μίας
530 2704 627 2771 τῆς
677 2704 941 2772 διανομῆς
995 2704 1183 2755 ἕνεκεν
1215 2700 1602 2770 ἐπιτροπεύεν
1634 2700 1688 2752 τί
1722 2701 1828 2768 γὰρ
1857 2701 1922 2769 δὴ

352 2798 449 2847 καὶ
497 2795 886 2848 κατάκλειστον
921 2796 1168 2863 ποιήσειε
1224 2792 1318 2846 τὸν
1351 2793 1510 2846 ὄλϐον
1546 2793 1620 2863 μὴ
1659 2792 1923 2862 μειούμε-

354 2903 478 2954 νον;
509 2888 752 2950 Μετάδος
777 2885 872 2940 οὖν
920 2887 1196 2949 πλουσίως
1255 2886 1420 2939 παντὶ
1447 2885 1523 2955 τῷ
1556 2886 1634 2955 σῷ
1663 2885 1798 2956 λαῷ,
1845 2884 1925 2954 τῷ

357 2980 436 3050 σῷ
464 2982 653 3050 κλήρῳ
681 2980 855 3050 τούτῳ
877 2979 973 3032 τοῦ
1007 2979 1099 3032 σοῦ
1147 2979 1330 3041 ἐλέους
1364 2978 1462 3031 καὶ
1490 2978 1598 3032 τῶν
1626 2978 1734 3031 σῶν
1765 2978 1925 3048 χαρί-

2026 1872 2284 1926 universa
2313 1869 2623 1923 enarrabo?
2644 1868 2928 1933 Quomodo
2957 1880 3008 1922 te
3040 1868 3381 1938 gloriﬁcabo,
3417 1877 3470 1920 te
3497 1867 3610 1933 glo—

2024 1965 2120 2018 ria:
2153 1962 2509 2017 thesaurum?
2539 1960 2662 2015 Sola
2683 1961 2760 2014 tui
2789 1961 3050 2014 memoria
3079 1975 3376 2014 memorem
3403 1959 3608 2013 sancti-

2025 2053 2174 2116 ﬁcat,
2209 2054 2324 2107 sola
2355 2054 2419 2107 ad
2463 2062 2514 2106 te
2544 2051 2746 2106 mentis
2787 2051 2993 2105 erectio
3025 2053 3264 2104 animam
3315 2052 3611 2120 splendore

2025 2145 2298 2200 illuminat
2332 2146 2514 2199 statim
2549 2146 2612 2198 ad
2645 2145 2883 2198 divinam
2913 2144 3370 2198 excelsitudinem
3399 2144 3609 2196 exalta-

2025 2253 2166 2305 tam;
2203 2253 2299 2307 per
2329 2247 2380 2290 te
2407 2237 2623 2290 acuitur
2653 2237 2998 2305 cogitationis
3025 2237 3256 2297 oculus;
3289 2251 3384 2303 per
3413 2243 3466 2288 te
3489 2236 3612 2287 illu-

2025 2335 2266 2388 minatur
2311 2331 2537 2400 spiritus
2567 2329 2736 2383 divini
2779 2330 3018 2398 Spiritus
3046 2330 3304 2393 adventu,
3341 2345 3466 2382 nam
3500 2330 3614 2400 dis-

2029 2428 2304 2496 pensatrix
2331 2425 2470 2478 facta
2486 2439 2543 2477 es
2560 2434 2610 2477 et
2635 2424 2820 2477 alveus
2838 2423 3160 2492 gratiarum,
3189 2436 3534 2489 nequaquam
3557 2432 3616 2474 ut

2026 2534 2119 2573 cas
2143 2519 2282 2588 apud
2319 2525 2372 2571 te
2405 2518 2664 2582 retineas,
2707 2516 2798 2568 sed
2830 2523 2890 2569 ut
2916 2515 3098 2569 omnia
3136 2515 3362 2583 impleas
3393 2513 3569 2583 gratia
3598 2530 3614 2577 ;

2028 2629 2151 2666 nam
2211 2611 2611 2666 distributionis
2670 2610 2841 2678 gratia
2890 2609 3274 2663 thesaurorum
3330 2622 3611 2676 nunquam

2029 2705 2454 2761 hauriendorum
2473 2704 2828 2758 constituitur
2860 2702 3268 2757 administrator
3287 2717 3301 2754 :
3318 2701 3447 2771 quid
3471 2702 3617 2755 enim

2028 2802 2281 2856 occlusas
2307 2799 2509 2853 faceret
2534 2798 2753 2852 divitias
2793 2797 3020 2850 minime
3046 2795 3414 2850 imminutas?
3459 2794 3622 2849 Com-

2028 2891 2252 2944 munica
2301 2890 2470 2960 igitur
2503 2885 2848 2942 abundanter
2894 2887 3044 2940 omni
3088 2899 3184 2941 tuo
3229 2887 3456 2956 populo,
3493 2885 3622 2939 huic

2029 2983 2334 3038 hmreditati
2366 2992 2471 3036 tua:
2489 2989 2641 3036 tuam
2669 2979 3106 3035 misericordiam
3133 2989 3367 3049 tuasque
3389 2981 3618 3050 gratias,

353 3092 479 3136 των,
513 3066 557 3124 ὧ
588 3073 868 3125 Δέσποινα.
898 3072 995 3132 Δὸς
1022 3071 1181 3124 λύσιν
1202 3070 1310 3122 τῶν
1337 3069 1680 3138 κατεχόντων
1706 3068 1915 3122 δεινῶν.

2034 3093 2059 3132 ο
2107 3077 2362 3139 Domina,
2395 3085 2453 3128 ut
2493 3075 2791 3141 solvantur)
2812 3072 3048 3128 vinculis
3087 3073 3292 3144 quibus
3323 3074 3460 3128 dure
3492 3089 3624 3128 con-

367 3165 527 3233 Ὀρᾷς
560 3166 708 3226 ὅσοις
734 3163 830 3215 καὶ
863 3160 1068 3221 ὁποίοις
1111 3158 1592 3228 κατατρυχὸμεθα,
1629 3157 1723 3211 καὶ
1769 3157 1923 3219 ίδίοις

357 3259 452 3310 καὶ
486 3257 808 3326 ἀλλοτρίοις,
856 3254 952 3306 καὶ
1003 3255 1112 3312 τοῖς
1161 3250 1363 3317 ἔξωθεν
1417 3252 1513 3304 καὶ
1541 3252 1657 3312 τοῖς
1683 3248 1922 3304 ἔνδοθεν.

356 3349 543 3402 Πάντα
566 3351 631 3418 τῇ
664 3349 730 3416 σῇ
754 3347 984 3414 δυνάμει
1013 3345 1423 3414 μετασκεύασον
1454 3345 1547 3396 ἐπὶ
1571 3344 1630 3395 τὸ
1653 3346 1924 3412 κρεῖττον,

331 3441 478 3502 ’τοὺς
517 3439 613 3506 μὲν
663 3440 812 3500 ἐντὸς
845 3440 939 3490 καὶ
975 3437 1283 3505 ὁμοφύλους
1316 3438 1455 3506 πρὸς
1500 3435 1768 3505 ἀλλήλους
1801 3437 1929 3504 ἐξη-

363 3534 622 3603 μεροῦσα,
644 3534 770 3594 τοὺς
801 3533 858 3584 δὲ
892 3532 1074 3604 θηρῶν
1098 3531 1306 3601 ἀγρίων
1339 3531 1496 3601 δίκην
1527 3528 1728 3596 ἔξωθεν
1756 3532 1928 3596 επεμ-

358 3626 641 3686 ειίνοντας
670 3623 1076 3679 ἀπελαύνουσιν..
1114 3623 1542 3692 Ἀντιμέτρησον
1583 3623 1694 3682 τοῖς
1727 3619 1928 3689 ἡμετέ-

361 3735 474 3789 ροις
510 3719 708 3771 πάθεσι
752 3718 852 3785 τὴν
899 3717 1000 3786 σὴν
1039 3715 1364 3783 ἐπικουρίαν
1405 3713 1500 3766 καὶ
1550 3711 1932 3780 ίατρείαν,νέ-

361 3828 537 3880 μουσα
572 3810 667 3864 καὶ
717 3809 919 3879 ψυχαῖς
966 3809 1063 3860 καὶ
1112 3805 1332 3874 σώμασι
1360 3803 1559 3873 δαψιλῆ
1612 3803 1709 3873 τὴν
1745 3803 1929 3873 χάριν,

359 3907 454 3960 καὶ
485 3903 619 3973 πρὸς
651 3903 868 3958 ἅπαντα
890 3902 1091 3972 διαρκῆ
1117 3919 1130 3932 ’
1168 3900 1272 3952 κᾶν
1323 3900 1396 3968 μὴ
1427 3897 1719 3967 χωρῶμεν,
1752 3913 1937 3967 χωρη-

357 3996 690 4065 τικωτέρους
717 3998 971 4066 ἕργασαι,
1009 3994 1100 4046 καὶ
1141 3993 1313 4056 οὕτως
1344 3992 1718 4060 ὲπιμέτρησον
1748 3989 1835 4042 ἵνα
1860 3992 1927 4059 τῇ

359 4094 426 4158 σῇ
464 4091 648 4159 χάριτι
676 4089 978 4158 σωζόμενοί
1007 4105 1068 4141 τε
1103 4088 1200 4139 καὶ
1233 4085 1657 4155 δυναμούμενοι,
1697 4082 1933 4146 δοξάζω·

363 4201 462 4252 μεν
496 4186 588 4236 τὸν
639 4187 703 4237 ἐκ
733 4183 829 4236 σοῦ
879 4183 947 4235 δι’
1001 4184 1150 4252 ἡμᾶς
1201 4178 1563 4250 σαρκωθέντα
1597 4176 1932 4248 προαιώνιον

2023 3169 2395 3239 stringuntur.
2427 3166 2592 3221 Vides
2619 3175 2754 3236 quot
2797 3176 2852 3220 et
2880 3167 3100 3236 quantis
3127 3165 3130 3170 ’
3154 3165 3514 3235 opprimimur
3561 3175 3618 3220 et

2022 3261 2234 3316 nostris
2277 3269 2332 3313 et
2370 3258 2694 3321 alienisyet
2725 3259 2956 3312 internis
3003 3266 3058 3312 et
3085 3255 3354 3312 externis.
3421 3255 3616 3308 Omnia

2024 3355 2231 3409 virtute
2250 3361 2341 3406 tua
2367 3351 2421 3405 in
2449 3351 2646 3405 melius
2675 3361 2956 3412 converte,
2984 3350 3131 3405 cives
3157 3355 3210 3402 et
3235 3363 3332 3403 eos
3361 3349 3452 3416 qui
3480 3349 3624 3401 intus

2027 3456 2158 3500 sunt
2176 3444 2321 3499 inter
2347 3460 2405 3498 se
2425 3444 2678 3507 concilia,
2703 3443 2839 3497 alios
2864 3442 3099 3497 ferarum
3120 3441 3296 3495 instar
3317 3441 3622 3494 helluarurn

2027 3537 2162 3592 foris
2201 3537 2466 3590 irruentes
2505 3535 2779 3604 perpulsa.
2813 3534 2974 3590 Vitiis
3014 3533 3217 3588 nostris
3269 3534 3624 3587 accommoda

2029 3641 2178 3684 tuum
2217 3628 2476 3683 auxilium
2508 3636 2562 3681 et
2613 3627 2972 3689 curationem,
3021 3624 3301 3694 largiendo
3343 3624 3540 3676 animis
3567 3632 3624 3676 et

2031 3721 2352 3790 corporibus
2377 3719 2743 3772 abundantem
2773 3718 3002 3786 gratiam
3034 3715 3103 3768 ad
3135 3715 3314 3767 omnia
3349 3712 3624 3766 sufﬁcien—

2033 3812 2138 3866 tem
2185 3826 2200 3864 t
2237 3811 2284 3863 si
2312 3823 2418 3862 non
2452 3808 2888 3878 progrediamur,
2925 3805 3335 3874 progredientes
3365 3801 3537 3866 eﬂice;
3574 3811 3630 3854 et

2034 3904 2132 3957 tali
2201 3911 2355 3956 utere
2409 3915 2662 3955 mensura
2700 3909 2762 3953 ut
2807 3900 2976 3969 gratia
3001 3909 3088 3951 tua
3131 3896 3321 3951 salvati
3347 3903 3402 3948 et
3427 3893 3627 3947 contir-

2035 3995 2188 4060 mali,
2213 3994 2577 4064 gloriticemus
2597 4004 2856 4046 teteruum
2877 3992 3115 4045 Verbum
3145 4005 3172 4042 a
3201 3997 3253 4042 te
3273 3995 3491 4056 propter
3520 4000 3622 4038 nos

2033 4086 2400 4148 iucarnatum,
2449 4102 2574 4140 cum
2617 4094 2825 4138 aeterno
2847 4084 2966 4153 ejus
2999 4083 3182 4140 Patre.
3238 4090 3291 4134 et
3323 4079 3630 4132 viviﬁcante

2042 4175 2271 4244 Spiritu,
2297 4193 2445 4231 nunc
2465 4189 2519 4232 et
2545 4191 2762 4246 semper
2792 4186 2845 4228 et
2874 4176 2928 4228 in
2954 4175 3166 4229 inﬁnita
3190 4171 3408 4227 saacula.
3433 4169 3628 4222 Amen.

359 4283 534 4348 Λόγον
567 4283 664 4335 σὺν
697 4283 773 4351 τῷ
803 4279 1031 4366 ἐνάρχῳ
1079 4278 1270 4331 τούτου
1307 4277 1506 4347 Πατρὶ,
1563 4276 1656 4327 καὶ
1683 4275 1764 4344 τῷ
1797 4272 2052 4345 ζωοποιεῖ)
2087 4274 2394 4345 Πνεύματι,
2437 4273 2532 4327 νῦν
2563 4273 2662 4326 καὶ
2728 4273 2816 4325 ἀεὶ
2855 4273 2950 4325 καὶ
3016 4273 3095 4334 εἰς
3157 4271 3285 4332 τοὺς
3343 4265 3633 4333 ἀτελευτή,

357 4391 483 4437 τους
511 4374 732 4436 αἰῶνας.
777 4367 976 4442 ’λ’μήν.

947 4492 1195 4545 ΟΜῘΛῘΑ
1241 4491 1374 4545 ΑΠ’.

362 4617 464 4678 Είς
493 4613 557 4666 τὸ
588 4612 825 4681 πρῶτον
861 4607 1176 4681 ῨἙωθινόν.
1222 4606 1318 4681 ’βν
1362 4597 1658 4681 ᾖᾊιαζὸιίι
1688 4603 1799 4656 οὐκ
1833 4601 1939 4681 dp:

435 4673 532 4738 ἇιεῖ
559 4673 810 4736 τὸὈεῖον
829 4680 1146 4743 ,ϐάπτισμα
1173 4673 1508 4743 σῶσαιῗτὸν
1531 4674 1870 4743 ἀνθρωπον,
1892 4673 1943 4724 ει

433 4758 518 4826 μὴ
549 4753 656 4826 καί
689 4752 805 4818 τὴν
833 4742 1096 4816 τήρησιν
1141 4747 1304 4814 ἔχειν
1322 4742 1574 4798 σπεύδει
1618 4742 1739 4796 τῶν
1768 4742 1944 4796 θείων

438 4823 725 4878 ἐντολῶν.

451 4938 511 4993 '0
542 4939 646 5006 προ
671 4936 777 4989 τῶν
809 4935 976 4987 ὄντων
1012 4930 1108 4993 ὢν,
1147 4929 1242 4982 καὶ
1275 4930 1345 4982 τὰ
1380 4927 1508 4980 ὄντα
1555 4927 1618 4978 ἐκ
1673 4924 1747 4994 μὴ
1779 4923 1949 4977 ὅντων

373 5034 608 5103 ποιήσας
651 5031 720 5084 δι’
774 5029 1113 5096 ἁγαθὸτητα.
1170 5027 1227 5077 ὲν
1291 5023 1460 5076 πᾶσίν
1525 5023 1698 5084 ἐστιν,
1752 5019 1802 5070 εί
1854 5017 1952 5069 καὶ

371 5127 512 5197 ὑπὲρ
542 5124 609 5178 τὰ
637 5124 814 5177 πάντα
847 5123 1017 5174 ἐστίν.
1051 5115 1162 5171 Ἦν
1195 5117 1290 5170 οὖν
1317 5120 1378 5169 ἐν
1409 5114 1485 5184 τῷ
1512 5115 1705 5183 κόσμῳ
1729 5112 1821 5164 καὶ
1845 5109 1951 5179 πρὸ

373 5218 468 5272 τοῦ
505 5213 912 5285 παραγενέσθαι
957 5212 1046 5264 διὰ
1085 5211 1310 5282 σαρκὸς,
1340 5208 1454 5260 ἀλλ’
1499 5209 1599 5259 οὐκ
1629 5205 1951 5272 ἐπέγνωσαν

378 5309 538 5364 αὐτὸν
567 5311 593 5360 ὁ
620 5308 846 5376 κόσμος,
884 5307 1007 5357 ἐπεὶ
1038 5305 1136 5356 οὐκ
1187 5301 1462 5371 ἠθέλησαν
1489 5315 1502 5327 ⁸
1540 5299 1654 5350 ὅσοι
1694 5296 1803 5364 γὰρ
1827 5293 1952 5363 ἠθέ-

378 5401 570 5470 λησαν,
600 5399 694 5452 καὶ
745 5399 1084 5464 ἐπέγνωσαν.
1120 5393 1211 5446 Διὸ
1246 5395 1296 5444 οἱ
1333 5391 1432 5461 μὲν
1489 5387 1806 5456 ἐπιγνόντες
1854 5384 1952 5437 καὶ

384 5490 886 5562 προσελήφθησαν·
940 5490 986 5540 οἱ
1039 5487 1094 5538 δὲ
1140 5489 1212 5555 μὴ
1271 5483 1587 5551 ἐπιγνόντες
1647 5476 1958 5547 ἐγκατελεί-

385 5585 620 5654 φθησαν,
651 5583 724 5643 ὡς
773 5583 868 5634 καὶ
913 5580 1118 5641 Παῦλος
1167 5594 1355 5647 φησιν,
1405 5577 1432 5626 ὁ
1473 5575 1566 5627 καὶ
1605 5572 1836 5640 θελήσας
1865 5567 1962 5620 καὶ

1965 4553 2020 4612 D

2523 4478 2811 4537 HOMILIA
2873 4475 3172 4530 XXXVIII.

2046 4602 2115 4658 In
2155 4603 2384 4669 primunt
2430 4597 2778 4669 Matutinum.
2829 4592 2981 4669 Quod
3017 4608 3129 4669 non
3157 4591 3358 4669 sufﬁcit
3388 4590 3627 4669 divinum

2115 4662 2378 4740 baptisma
2415 4671 2483 4722 ad
2526 4666 2843 4740 solvendum
2885 4663 3168 4727 hominem,
3201 4662 3524 4715 nisistudeat
3553 4662 3635 4713 di-

2114 4737 2236 4798 vina
2269 4755 2479 4795 servare
2504 4737 2781 4791 mandata.

2121 4922 2224 4990 Qui
2259 4930 2344 4977 est
2370 4929 2496 4974 ante
2545 4915 2827 4979 omnia,et
2868 4913 3053 4968 omnia
3082 4927 3146 4966 ex
3190 4910 3360 4965 nihilo
3385 4907 3512 4964 fecit
3541 4923 3638 4976 per

2052 5032 2207 5075 suam
2250 5016 2573 5074 bonitatem,
2613 5017 2696 5064 est
2740 5008 2793 5061 in
2844 5006 3121 5065 omnibus,
3182 5003 3321 5056 licet
3365 5002 3437 5055 sit
3478 5014 3641 5067 super

2049 5109 2257 5163 omnia.
2287 5105 2418 5159 Erat
2442 5117 2572 5172 ergo
2608 5103 2660 5154 in
2706 5100 2906 5152 mundo
2940 5097 3257 5166 priusquam
3295 5107 3390 5162 per
3416 5106 3636 5144 carnem

2052 5204 2292 5261 adesset,
2324 5197 2418 5250 sed
2448 5210 2556 5250 non
2595 5193 2852 5254 cognovit
2901 5206 3025 5244 eum
3062 5187 3320 5248 mundus,
3350 5200 3459 5238 non
3490 5183 3635 5235 enim

2048 5290 2250 5353 voluit;
2275 5302 2398 5340 nam
2418 5285 2731 5354 quicunque
2753 5280 3066 5343 voluerunt,
3085 5293 3210 5331 eum
3235 5282 3637 5341 cognoverunt.

2050 5381 2180 5435 Ideo
2224 5379 2318 5449 qui
2357 5381 2734 5446 cognoverunt
2787 5372 2836 5424 ei
2891 5370 3277 5431 adhaeserunt;
3309 5365 3401 5434 qui
3457 5372 3639 5415 autem

2068 5491 2174 5529 non
2250 5478 2626 5543 cognoverunt
2677 5466 2920 5521 damnati
2995 5462 3236 5522 fuerunt,
3283 5463 3447 5527 prout
3507 5453 3645 5508 dixit

2064 5565 2289 5627 Paulus,
2324 5562 2416 5632 qui
2442 5576 2564 5614 cum
2592 5559 2750 5613 vellet
2771 5565 2826 5608 et
2864 5552 3277 5620 concupisceret
3313 5553 3366 5598 ct
3397 5543 3644 5596 studeret

393 5633 620 5654 τ--ι--ηι
663 5633 722 5643 η
779 5633 826 5634 η
1105 5633 1118 5641 .
1180 5633 1240 5647 ..
1343 5633 1353 5641 .
1721 5633 1731 5640 .

389 5675 633 5746 θεληθε¹ις
659 5675 755 5728 καὶ
786 5673 1118 5726 καταλαϐεῖν
1160 5670 1428 5736 σπεύδων,
1462 5667 1548 5736 ἐφ’
1589 5660 1632 5732 ᾧ
1663 5666 1761 5718 καὶ
1795 5678 1930 5715 κατε

2043 5654 2512 5726 comprehendere
2542 5657 2949 5720 propterquam
2981 5654 3204 5696 causam
3244 5633 3485 5688 damnati
3509 5642 3639 5685 sunt

394 5767 581 5837 λήφθη
617 5769 726 5820 ὑπὸ
755 5766 991 5838 Χριστοῦ
1019 5765 1112 5818 τοῦ
1147 5765 1349 5834 Κυρίου
1377 5762 1556 5830 ἡμῶν,
1581 5760 1808 5828 γράφων
1841 5758 1971 5826 περὶ

2044 5765 2074 5803 a
2109 5724 2340 5803 Domino
2375 5753 2562 5797 nostro
2585 5739 2712 5796 Jesu
2746 5739 2988 5798 Christo,
3012 5734 3078 5787 dc
3122 5729 3328 5783 Grmcis
3377 5724 3636 5793 scripsit.-

452 5820 493 5837 Η
571 5820 581 5837 ο
755 5820 762 5822 ἡ
807 5820 817 5838 ⁸
1236 5820 1246 5834 ι
1399 5820 1429 5830 ι.
1546 5820 1552 5826 -
1593 5820 1632 5828 --
1712 5820 1716 5823 -
1917 5820 1926 5826 ⁷

399 5859 504 5910 τῶν
547 5859 846 5930 Ἑλλήνων·
890 5879 905 5909 ι
961 5857 1112 5909 Ἐπεῖ
1160 5857 1258 5908 οὐκ
1315 5854 1644 5920 ἐδοκίμασεν)
1688 5851 1778 5901 τὸν
1835 5848 1932 5898 Νεδ

2051 5861 2067 5892 ι
2101 5843 2253 5894 Sicut
2292 5854 2399 5892 non
2442 5836 2815 5907 probaverunt
2867 5831 3034 5884 Deum
3075 5823 3276 5879 habere
3330 5822 3383 5877 in
3424 5820 3638 5883 notitia,
