4014 6478
404 421 509 482 47Ἱ

1678 406 2006 478 IIOMI‘LIA
2052 419 2382 480 XXXVIII.

3553 417 3656 480 478

398 533 456 585 δὲ
496 529 697 600 μᾶλλον
739 529 876 598 πρὸς
928 530 995 583 τὰ
1047 529 1300 599 πρόϐατα
1340 531 1406 584 τὰ
1440 531 1757 584 ἀπολωλότα
1809 530 1963 581 οἴκου

2088 532 2260 586 loci-te
2283 547 2475 585 omnes
2509 540 2696 600 gentos
2722 533 2790 586 9".
2836 552 2852 584 ι
2886 531 3098 602 Quippe
3123 547 3248 587 cum
3271 531 3422 599 prius
3460 532 3656 585 inlide-

412 622 650 690 Ἰσραήλ·
697 641 714 673 ι
750 618 904 684 οὗτος
933 622 1048 686 νῦν,
1098 643 1114 673 ι
1174 623 1562 692 Πορευθέντες,
1594 623 1746 692 φησι,
1787 619 1968 691 μαθηο

399 704 627 763 τεύσατε
660 713 840 765 πάντα
871 715 938 766 τὰ
972 713 1127 782 ἔθνη·
1178 734 1196 766 ι
1230 717 1323 766 καὶ
1373 715 1479 784 γὰρ
1514 716 1670 783 ἡμῶν
1721 712 1969 765 ἀπειθει-

403 803 614 856 σάντων
657 805 948 873 πρότερον,
979 807 1072 857 καὶ
1109 805 1201 859 τὸν
1231 808 1290 858 ἐν
1335 807 1412 874 τῷ
1452 806 1646 875 κόσμῳ
1701 807 1849 869 δντα,
1879 808 1973 859 καὶ

400 892 489 944 διὰ
514 894 613 960 τῆς
658 893 960 962 εὐκοσμίας
1010 893 1119 946 τῶν
1163 893 1333 948 ὄντων
1393 896 1802 966 κηρυττόμενον
1841 899 1972 950 Θεὸν

407 983 480 1054 μὴ
513 983 810 1068 ἐπιγνῶναι
839 984 1208 1053 θελησάντων,
1240 989 1350 1049 τοῖς
1389 987 1657 1050 εὐπειθῶς
1687 989 1972 1058 ἐπιγνοῦσι

401 1074 629 1136 δικαίως
661 1075 927 1143 δ’Κύριος
971 1077 1035 1128 δι’
1060 1076 1254 1130 ἑαντοῦ
1291 1095 1347 1130 τε
1382 1078 1607 1131 καὶτῶν
1669 1081 1970 1149 προφητῶν

404 1165 569 1216 αὐτοῦ
612 1164 922 1231 διελέγετοο
972 1165 1069 1220 νῦν
1105 1167 1160 1218 δέ
1192 1168 1461 1220 κάκείνων
1517 1169 1969 1234 ἀπειθεισάντων,

403 1258 554 1310 οὐδὲν
596 1260 660 1326 τῇ
694 1257 1068 1329 δικαιοκρισίᾳ
1105 1258 1198 1311 τοῦ
1248 1258 1384 1310 Θεοῦ
1417 1259 1800 1328 προσίσταται,
1837 1259 1975 1327 πρὸς

404 1350 466 1403 τὸ
499 1351 591 1402 καὶ
626 1352 771 1417 ἡμᾶς
808 1349 1122 1418 ἐλεηθῆναι,
1163 1351 1254 1402 καὶ
1284 1351 1370 1402 διὰ
1398 1349 1506 1402 τῶν
1542 1349 1705 1419 ἱερῶν
1744 1349 1980 1402 ἀποστό-

405 1445 512 1496 λων
543 1441 693 1511 αὐτῷ
731 1442 1168 1511 μαθητευθῆναι.
1205 1444 1314 1496 Καὶ
1345 1443 1489 1512 τάχα
1533 1441 1693 1495 τοῦτὸ
1722 1444 1869 1495 ἐστιν
1891 1442 1972 1506 τὸ,

412 1550 430 1580 ι
475 1529 663 1600 Ἐδόθη
692 1548 779 1598 μοι
816 1533 966 1584 πᾶσα
995 1532 1211 1595 ἐξουσία
1238 1534 1293 1584 ἐν
1319 1531 1533 1602 οὐρανῷ
1556 1533 1651 1586 καὶ
1679 1533 1770 1584 tm

406 1624 645 1688 γῆς,ιὼς
677 1625 774 1692 τῆς
811 1624 960 1687 θείας
990 1625 1385 1693 δικαιοκρισίας
1412 1625 1486 1696 μὴ
1511 1626 1756 1695 ἐφιείσης
1781 1625 1982 1694 πρότε-

409 1730 500 1783 ρον
538 1714 734 1782 ἐπίσης
767 1717 880 1777 τοῖς
914 1714 1258 1786 πειθομένοις
1288 1717 1378 1769 καὶ
1404 1718 1530 1779 τοὺς
1561 1717 1807 1779 ἀπειθεῖς
1831 1716 1982 1786 ἡμᾶς

407 1806 695 1868 ἐλεεῖσθαι,
722 1807 815 1858 καὶ
849 1806 1282 1876 προσκαλεῖσθαι
1316 1813 1454 1874 πρὸς
1486 1808 1553 1861 τὰ
1594 1807 1848 1877 οὐράνια.

2077 626 2152 679 les
2201 637 2471 689 essemus,
2511 633 2565 677 et
2598 625 2765 678 Betim
2827 625 2880 678 in
2918 625 3123 679 mundo
3170 635 3448 678 versatum
3497 635 3660 690 atque

2077 717 2304 786 pulchro
2336 729 2518 768 rerum
2555 714 2748 768 ordine
2781 716 3140 784 praedicatum
3184 730 3515 779 cognoscere
3547 718 3662 768 nol-

2075 810 2275 872 lemus,
2306 808 2501 860 merito
2544 807 2808 860 Dominus
2855 823 2951 876 per
3001 809 3355 876 semetipsum
3419 822 3660 874 suosque

2073 901 2368 972 prophetas
2403 915 2522 953 eum
2550 900 2783 953 ﬁdeliter
2817 901 3173 954 noscentibus
3199 898 3615 966 coll‘oquebatur
3642 919 3654 964 ;

2077 1011 2220 1048 nunc
2277 1003 2458 1047 autem
2502 1008 2621 1046 eum
2685 993 2756 1045 illi
2798 993 2907 1046 sint
2951 991 3240 1053 increduli,
3294 991 3429 1044 nihil
3477 993 3660 1044 obstat

2071 1087 2219 1156 justo
2250 1087 2339 1138 Dei
2364 1084 2571 1151 judicio
2601 1094 2657 1136 ut
2693 1093 2789 1138 nus
2815 1095 3031 1151 quoque
3066 1083 3495 1136 misericordiam
3529 1097 3658 1135 con-

2076 1193 2396 1248 sequamur,
2423 1186 2476 1231 et
2507 1193 2599 1244 per
2658 1183 2881 1231 sanctos
2932 1176 3210 1243 apostolos
3259 1175 3327 1227 de
3368 1189 3432 1226 eo
3463 1173 3662 1226 docea-

2077 1289 2219 1327 mur.
2245 1273 2368 1326 ldeo
2395 1271 2574 1325 statim
2606 1271 2846 1338 adjecit:
2878 1289 2895 1320 ι
2924 1268 3055 1321 Data
3083 1277 3163 1321 cst
3196 1267 3325 1319 Inibi
3354 1267 3534 1320 omnis
3565 1279 3660 1332 po-

2077 1372 2246 1418 testas
2274 1363 2327 1416 in
2361 1363 2502 1415 crelo
2537 1370 2590 1414 et
2632 1360 2684 1412 in
2720 1368 2862 1412 terra
2886 1359 2931 1392 9°
2977 1380 3020 1422 ι,
3052 1359 3123 1410 ita
3171 1367 3230 1410 ut
3266 1357 3396 1421 justi
3444 1355 3514 1407 sit
3565 1352 3662 1405 Dei

2074 1455 2266 1524 judicii
2296 1468 2396 1508 nos
2423 1453 2516 1521 qui
2547 1453 2699 1520 prius
2727 1451 2972 1505 inﬁdeles
3000 1463 3121 1504 cum
3161 1448 3410 1502 ﬁdelibus
3453 1454 3658 1514 partem

2080 1558 2188 1598 non
2218 1543 2576 1607 habebamus,
2617 1541 3048 1595 misericordiam
3077 1540 3344 1602 obtinere,
3370 1548 3423 1592 et
3453 1536 3522 1590 ad
3550 1548 3663 1590 cte-

2081 1636 2239 1692 lestia
2288 1634 2606 1690 convocari.

475 1897 587 1948 Νὖν
611 1897 665 1950 δὲ
705 1897 814 1949 τῶν
844 1870 942 1966 μέν
972 1899 1260 1968 πρότερον,
1290 1870 1400 1953 τῶν
1429 1900 1484 1953 δέ
1511 1870 1760 1971 ὕστερον,
1789 1903 1974 1970 ἀμφο-

2157 1904 2313 1959 Nunc
2346 1911 2526 1958 autem
2574 1909 2627 1956 et
2659 1900 2936 1970 prioribus
2962 1905 3017 1953 et
3045 1895 3467 1967 posterioribus,
3502 1893 3666 1949 utris-

405 1988 582 2058 τέρων
611 1989 667 2041 δέ
707 1990 804 2042 καὶ
851 1991 1073 2044 πάντων
1121 1992 1638 2062 συγκεκλεισμένων
1691 1993 1772 2056 είς
1815 1993 1982 2046 ἀπεί-

410 2078 578 2141 Θειαν,
618 2079 740 2133 κατ’
797 2081 1006 2134 οἰκείαν
1054 2082 1306 2146 ἐξουσίαν
1356 2083 1650 2155 δεδομένην
1698 2085 1852 2155 παρὰ
1883 2087 1985 2156 τῆς

408 2172 618 2235 οἰκείας
658 2174 1079 2244 δικαιοκρισίας,
1111 2174 1205 2236 οὒς
1249 2175 1514 2244 ἠθέλησιν
1544 2177 1573 2227 ὁ
1625 2176 1761 2238 Θεὸς
1814 2177 1986 2246 ἠλέη-

409 2281 520 2318 σεν.
567 2265 826 2335 Ἠθέλησε
869 2267 928 2319 δέ
960 2269 1056 2319 καὶ
1084 2268 1318 2337 ἠλέησεν
1347 2270 1498 2337 ἡμᾶς
1532 2268 1660 2332 τοὺς
1695 2267 1754 2334 ἐξ
1785 2269 1980 2330 ἐθνῶν.

412 2353 610 2424 μᾶλλον
643 2356 700 2409 δὲ
731 2359 965 2422 πάντας,
1001 2361 1125 2412 ἐπεὶ
1155 2360 1247 2413 καὶ
1280 2359 1503 2413 πάντων
1546 2362 1661 2413 ἐστὶ
1691 2360 1825 2424 Θεός
1844 2378 1859 2393 ο
1884 2359 1984 2432 τὴν

417 2448 519 2515 μέν
552 2448 661 2519 γὰρ
692 2450 786 2502 τοῦ
815 2451 998 2512 ἐλέους
1030 2450 1208 2521 ἀρχὴν
1237 2452 1332 2518 ἀφ’
1362 2451 1520 2522 ἡμῶν
1563 2452 1798 2521 ἠθέλησε
1825 2452 1986 2522 ποιή-

416 2535 611 2590 σασθαι
665 2538 781 2600 νῦν,
837 2539 951 2590 ἀλλ’
977 2540 1077 2591 οὐκ
1113 2540 1222 2592 ἀπὸ
1247 2541 1359 2592 τῶν
1401 2541 1496 2595 νῦν
1531 2543 1944 2612 ἁπειθησάντων
1966 2559 1982 2572 ·

407 2627 508 2678 οὐκ
537 2629 863 2699 ἀπεστράφη
897 2629 952 2680 δὲ
997 2631 1199 2694 τελέως
1247 2631 1355 2684 οὐδ’
1397 2633 1678 2696 ἐκείνουςο
1712 2633 1985 2702 ἀνέῳκται

410 2721 520 2788 γὰρ
542 2721 814 2785 κάκείνοις
837 2720 903 2773 δι’
939 2722 1094 2791 ἡμῶν
1126 2725 1156 2790 ἡ
1191 2723 1330 2790 θύρα
1364 2724 1466 2792 τῆς
1493 2724 1791 2792 σωτηρίας,
1821 2723 1984 2789 εἰπερ

412 2812 703 2882 βούλοιντο,
737 2817 832 2872 καὶ
861 2816 984 2878 τοὺς
1020 2813 1080 2879 ἐξ
1105 2816 1283 2868 αὐτῶν
1309 2818 1374 2886 τῇ
1409 2817 1531 2869 καθ’
1573 2817 1721 2887 ἡμᾶς
1759 2816 1988 2884 Ἐκκλη-

411 2908 503 2975 σία
528 2909 849 2977 προσιόντας
879 2910 1237 2980 προσδέχεται
1261 2909 1515 2978 ἁσμένως
1535 2925 1548 2940 ·
1580 2910 1638 2961 οὐ
1664 2909 1774 2978 γὰρ
1801 2908 1988 2963 ἐπται-

413 3014 511 3050 σαν
536 2998 620 3050 ἴνα
651 2999 912 3062 πέσωσιν,
944 3001 1062 3052 ἀλλ’
1116 3001 1206 3054 ἵνα
1235 3000 1312 3070 τῷ
1352 3000 1535 3054 αὐτῶν
1567 2998 1986 3070 παραπτώματι

410 3089 524 3150 τοῖς
575 3089 841 3159 πρότερον
888 3090 1253 3162 ἀπειθήσασιν
1293 3094 1428 3162 ἡμῖν
1457 3093 1491 3160 ἡ
1529 3091 1776 3162 σωτηρία
1812 3107 1986 3162 προσ-

2087 2011 2191 2067 que
2233 2004 2287 2048 et
2317 1995 2572 2049 omnibus
2609 1995 2659 2044 iu
2702 1990 3080 2045 incredulitate
3111 1987 3444 2049 constrictis,
3468 1988 3518 2038 vi
3545 1985 3664 2053 ejus

2087 2087 2360 2142 ilbertatis
2389 2101 2553 2154 quam
2596 2084 2744 2138 dedit
2767 2082 2975 2152 justum
3009 2079 3300 2150 judicium,
3329 2077 3470 2132 Deus
3503 2076 3665 2146 cujus

2085 2178 2525 2235 vultmiseretur.
2552 2172 2738 2229 Voluit
2766 2187 2896 2226 vero
2921 2181 2976 2227 et
3015 2171 3274 2226 misertus
3302 2177 3385 2223 est
3418 2158 3577 2221 nobis
3595 2182 3665 2220 ex

2088 2271 2360 2341 gentibus,
2413 2277 2466 2321 et
2516 2266 2697 2334 potius
2765 2264 3042 2327 omnibus,
3105 2276 3226 2315 cum
3289 2260 3361 2314 sit
3413 2258 3664 2312 omnium

2087 2364 2268 2427 Deus;
2303 2359 2470 2414 voluit
2493 2357 2712 2426 quidem
2745 2354 3184 2412 misericordiam
3208 2365 3237 2408 ιι
3272 2351 3434 2406 nobis
3457 2350 3665 2417 incipe-

2089 2470 2166 2518 re,
2199 2462 2251 2507 et
2280 2468 2391 2506 non
2423 2452 2489 2504 ab
2507 2451 2584 2504 eis
2606 2450 2699 2518 qui
2738 2463 2884 2503 nunc
2908 2453 3198 2502 versantur
3230 2444 3282 2498 in
3306 2441 3665 2498 incredulita-

2089 2557 2170 2611 te;
2223 2546 2314 2600 sed
2384 2558 2558 2612 neque
2617 2542 2842 2596 omnino
2895 2554 2990 2594 eos
3043 2545 3330 2592 aversatus
3370 2543 3484 2599 est;
3536 2546 3663 2586 nam

2087 2642 2224 2711 ipsis
2250 2640 2414 2694 etiam
2453 2651 2552 2705 per
2578 2650 2682 2690 nos
2718 2642 2906 2701 aperta
2929 2640 3012 2686 est
3041 2639 3195 2700 porta
3239 2629 3458 2693 salutis,
3491 2627 3537 2682 si
3563 2643 3666 2682 vo-

2088 2732 2383 2796 luerint,et
2413 2743 2508 2781 eos
2528 2727 2620 2795 qui
2650 2741 2712 2778 ex
2740 2725 2821 2780 eis
2851 2724 2907 2776 in
2943 2730 3186 2777 nostram
3236 2720 3448 2774 intrant
3476 2718 3670 2772 Eccle-

2089 2827 2224 2881 siam
2249 2836 2372 2877 cum
2392 2820 2592 2888 gaudio
2635 2816 2871 2886 accipit;
2902 2824 3011 2869 non
3034 2814 3180 2874 enim
3229 2812 3575 2867 oﬂenderunt
3607 2819 3670 2865 ut

2090 2920 2304 2980 cadant,
2337 2915 2432 2970 sed
2459 2923 2518 2968 ut
2543 2927 2634 2980 per
2661 2926 2812 2966 suam
2844 2908 3108 2965 oﬂ'ensam
3139 2906 3290 2963 salus
3325 2905 3483 2960 nobis
3513 2903 3668 2973 prius

2089 3009 2385 3068 incredulis
2434 3005 2736 3070 adueniret,
2763 3011 2822 3058 ut
2846 3004 2966 3081 gelo
2999 3001 3386 3062 accendantur,
3410 3007 3468 3052 et
3495 2997 3562 3051 ad
3587 2997 3666 3052 si-

2090 3104 2272 3158 milem
2301 3101 2593 3154 trahantur
2613 3098 2866 3158 salutem,
2888 3094 2996 3150 nisi
3021 3092 3215 3148 oculos
3245 3091 3508 3145 habentes
3554 3103 3665 3144 non

411 3182 658 3251 γένηται,
698 3186 777 3248 είς
811 3185 873 3237 τὸ
917 3187 1312 3256 παραζηλῶσαι
1354 3187 1554 3247 αὐτοὺς
1595 3186 1688 3238 καὶ
1724 3185 1857 3255 πρὸς
1889 3184 1986 3254 τὴν

2094 3193 2332 3258 videant,
2381 3199 2435 3245 et
2460 3203 2621 3244 aures
2651 3189 2916 3242 habentes
2942 3199 3049 3240 non
3095 3183 3345 3245 audiant,
3377 3197 3446 3236 ne
3478 3181 3667 3235 viden-

411 3279 601 3346 ὁμοίαν
624 3277 1032 3346 ἐφελκύσασϐαι
1063 3280 1360 3349 σωτηρίαν,
1381 3280 1433 3331 εί
1453 3296 1515 3347 γε
1537 3280 1614 3348 μὴ
1637 3281 1759 3340 τούς
1783 3277 1988 3344 ὀφθαλ-

417 3373 552 3440 μοὺς
589 3372 808 3434 ἑκόντες
855 3373 1072 3439 μύουσι,
1115 3373 1310 3426 καὶτὰ
1353 3367 1466 3425 ὦτα
1500 3372 1740 3441 βύουσιν,
1773 3361 1860 3425 ἵνα
1914 3371 1987 3442 μὴ

418 3463 616 3525 ἰδόντες
658 3463 754 3516 καὶ
798 3464 1133 3526 ἀκούσαντες
1179 3467 1274 3517 καὶ
1315 3464 1708 3526 πιστεύσαντες
1746 3463 1984 3517 σωθῶσι.

414 3557 526 3608 Καὶ
571 3555 952 3625 παραπλήσιόν
1005 3573 1059 3609 τι
1113 3557 1363 3623 γέγονεν,
1425 3556 1613 3625 ὥσπερ
1665 3557 1730 3609 ἂν
1791 3555 1844 3609 εἷ
1901 3571 1988 3619 τις

418 3647 611 3710 σκεῦος
659 3649 716 3699 ἐν
765 3649 942 3716 ἐαυτῷ
986 3650 1173 3718 πηγὴν
1225 3649 1407 3701 ἐλαίου
1441 3649 1606 3718 φέρον
1661 3650 1754 3702 ἐπὶ
1786 3651 1989 3720 θάτερα

414 3745 830 3812 παρασκευάσει
863 3741 1038 3794 νεύειν
1058 3757 1072 3771 ·
1105 3742 1164 3793 τὸ
1191 3743 1248 3794 δέ
1277 3742 1498 3810 δαψιλὲς
1528 3740 1589 3794 τὸ
1616 3740 1796 3810 ῥεῦμα
1828 3743 1989 3809 ἀφιὲν

415 3836 476 3887 οὑ
514 3833 574 3886 τὸ
605 3835 742 3903 πρὸς
771 3833 798 3885 ὃ
827 3833 971 3887 νεύει
1009 3835 1189 3902 μόνον,
1221 3833 1356 3886 ἀλλὰ
1381 3834 1476 3886 καὶ
1504 3834 1565 3886 τὸ
1589 3833 1782 3902 ἓτερον
1808 3833 1991 3904 πλημ-

420 3925 666 3993 μυρῆσαν
705 3924 1041 3978 κατακλύσει
1087 3926 1250 3992 μέρος
1275 3941 1288 3955 ⁸
1319 3926 1351 3995 ἡ
1387 3923 1495 3994 γὰρ
1538 3926 1631 3977 ἐπὶ
1673 3924 1764 3978 τοῦ
1817 3941 1989 3994 προσ-ο

419 4017 651 4086 κυνητοῦ
708 4016 960 4086 σώματος
1017 4016 1258 4079 ἄδυσσος
1310 4017 1418 4069 τῶν
1474 4016 1636 4070 θείων
1687 4018 1990 4086 οἰκτιρμῶν

418 4110 511 4159 ἐπὶ
545 4106 613 4161 τὰ
641 4107 769 4176 ἔθνη
816 4108 1075 4171 νεύσασα,
1115 4105 1227 4160 οἷον
1274 4108 1382 4160 τῶν
1422 4109 1695 4161 Ἰουδαίων
1741 4108 1992 4178 ὠθησάν-

419 4217 548 4264 των,
583 4200 644 4251 οὐ
684 4200 792 4252 τῶν
822 4199 994 4252 ἐθνῶν
1034 4200 1192 4269 μόνον
1222 4201 1350 4262 τοὺς
1394 4200 1816 4264 πιστεύσαντας,
1855 4201 1991 4254 ἀλλὰ

420 4291 662 4352 καὶτοὺς
694 4291 752 4355 ἐξ
790 4291 1062 4342 Ἰουδαίων
1112 4290 1574 4358 συμπεριέλαὸεν.
1614 4309 1632 4342 ι
1681 4290 1865 4360 Ἐδόθη
1901 4307 1992 4360 μοι

420 4387 570 4437 πᾶσα
609 4383 827 4450 ἐξουσία
858 4385 914 4436 ἐν
954 4383 1169 4453 οὐρανῷ
1214 4387 1310 4438 καὶ
1355 4385 1445 4436 ἐπὶ
1475 4387 1600 4453 γῆς.
1644 4403 1662 4435 ι
1699 4386 1860 4437 Ἔστι
1895 4384 1990 4437 καὶ

422 4473 562 4528 κατὰ
589 4475 648 4526 τὸ
680 4473 1020 4542 ἀνθρώπινον
1050 4478 1240 4545 νοῆσαι
1271 4475 1463 4527 τοῦτο’
1499 4477 1564 4546 ἣν
1597 4476 1704 4546 γὰρ
1734 4477 1992 4540 ἐξουσίαν

2089 3297 2172 3341 tes
2197 3296 2250 3338 et
2295 3282 2586 3338 audientes
2617 3288 2673 3334 et
2716 3279 3007 3334 credentes
3069 3275 3206 3333 salvi
3256 3275 3409 3328 ﬁant.
3436 3273 3665 3327 Factum

2086 3387 2168 3431 est
2199 3375 2421 3446 perinde
2449 3388 2512 3426 ac
2542 3373 2586 3429 si
2620 3374 2711 3440 qui
2744 3385 2839 3424 vas
2877 3370 2931 3424 in
2986 3367 3284 3433 semetipso
3331 3365 3530 3444 fontem
3561 3363 3665 3416 olei

2091 3470 2269 3524 ferens
2297 3467 2362 3521 ad
2393 3465 2526 3520 illud
2547 3479 2713 3533 super
2735 3462 2843 3516 alia
2874 3457 3274 3515 infundendum
3305 3471 3365 3510 se
3394 3453 3667 3521 accingat,

2089 3564 2371 3630 cepiosum
2404 3565 2589 3611 autem
2607 3554 2871 3626 ﬂuentum
2902 3551 3028 3604 inde
3055 3548 3285 3604 effusum
3311 3561 3420 3599 non
3451 3553 3664 3598 tantum

2087 3661 2295 3722 partem
2325 3647 2412 3704 cui
2441 3646 2761 3705 instillatur,
2788 3643 2883 3698 sed
2907 3643 3069 3697 etiam
3097 3639 3324 3694 alterum
3355 3635 3672 3690 redundans

2090 3745 2274 3798 abluat
2298 3758 2312 3806 ;
2343 3757 2468 3795 nam
2500 3740 2730 3808 abyssus
2753 3735 3060 3791 divinarum
3086 3730 3584 3786 misericordiarum
3613 3727 3670 3780 in

2090 3836 2351 3892 adorabili
2398 3837 2654 3902 ‘corpore
2728 3835 3001 3884 contenta
3054 3827 3108 3879 in
3184 3831 3374 3892 gentes
3441 3820 3672 3883 diffusa,

2089 3928 2292 3984 Judaeis
2327 3933 2514 3995 utpote
2551 3920 2976 3990 refragantibus,
3003 3932 3111 3972 non
3167 3922 3378 3968 tantum
3428 3926 3526 3966 eos
3573 3910 3668 3978 qui

2090 4020 2438 4077 crediderunt
2463 4031 2527 4070 ex
2557 4015 2830 4085 gentibus,
2857 4012 2950 4068 sed
2975 4010 3139 4064 etiam
3163 4007 3346 4062 lideles
3372 4020 3434 4059 ex
3466 4002 3670 4057 Judzeis

2091 4107 2523 4178 comprehendit.
2564 4125 2583 4158 ι
2614 4105 2743 4158 Data
2772 4111 2856 4158 est
2906 4100 3039 4155 mihi
3093 4099 3272 4153 omnis
3325 4105 3564 4166 potestas
3613 4094 3668 4148 in

2092 4205 2232 4259 caelo
2265 4202 2398 4257 etin
2433 4211 2598 4254 terra.
2637 4216 2656 4249 ι
2683 4195 2810 4250 Haec
2837 4192 3139 4250 secundum
3172 4199 3428 4244 naturam
3475 4189 3670 4240 huma-

2090 4313 2215 4351 nam
2252 4301 2382 4363 sunt
2410 4289 2726 4359 accipienda
2754 4307 2768 4352 ;
2807 4301 2934 4340 nam
2965 4298 3128 4351 quam
3164 4293 3223 4337 ut
3246 4281 3390 4334 Deus
3423 4280 3491 4333 ab
3512 4288 3680 4332 teter--

2093 4404 2165 4442 uo
2220 4392 2542 4456 potestatem
2601 4381 2816 4444 habuit,
2850 4384 2905 4431 et
2958 4377 3212 4429 virtutem
3253 4381 3308 4426 et
3364 4371 3588 4440 gloriam
3620 4379 3677 4422 et

2095 4479 2370 4533 caelestem
2399 4472 2781 4530 celsitudinem
2808 4477 2862 4523 et
2887 4469 3226 4537 dignitatem,
3259 4479 3407 4518 nunc
3433 4462 3684 4515 uthomo.

421 4566 494 4625 ὡς
529 4566 658 4629 Θεὸς
701 4567 761 4630 ἐξ
806 4567 976 4619 ἀϊδίου
1024 4563 1158 4637 εἷχε,
1201 4568 1295 4618 καὶ
1340 4569 1440 4636 τὴν
1493 4537 1722 4637 δύναμιν
1767 4572 1858 4622 καὶ
1893 4569 1986 4638 τὴν

2097 4571 2315 4639 accipit.
2363 4568 2508 4621 Dixit
2538 4582 2688 4633 ergo,
2722 4562 2852 4617 Data
2889 4569 2973 4614 est
3027 4559 3159 4612 mihi
3191 4573 3222 4612 a
3263 4556 3493 4610 mortuis
3527 4554 3678 4608 redi-

420 4657 578 4720 δὸξαν
611 4658 704 4709 καὶ
735 4657 795 4710 τὸ
821 4659 1218 4726 ὐπερουράνιον
1255 4657 1388 4726 ὕψος
1418 4661 1512 4712 καὶ
1545 4661 1604 4711 τὸ
1649 4661 1868 4730 ἀξίωμα
1899 4661 1997 4716 νῦν

422 4749 689 4817 λαμϐάνει
744 4749 817 4811 ὡς
857 4750 1166 4818 ἄνθρωπος.
1212 4749 1399 4818 Ἐδόθη
1448 4767 1538 4818 μοι
1585 4751 1764 4803 τοίνυν
1812 4755 1876 4806 ἐκ
1906 4771 1995 4806 νε-

425 4841 571 4910 κρῶν
597 4841 916 4905 ἀναστάντι,
946 4843 1103 4909 φησι,
1133 4841 1286 4894 πᾶσα
1314 4841 1531 4904 ἐξουσία
1556 4844 1615 4895 ἐν
1639 4844 1858 4913 οὐρανῷ
1900 4847 1998 4898 καὶ

425 4933 520 4984 ἐπὶ
545 4932 669 5000 γῆς.
704 4931 819 4984 Οὐκ
864 4932 944 4983 ἐτι
989 4931 1266 5001 βασιλεύει
1299 4932 1401 5000 τῆς
1433 4935 1636 5001 σαρκὸς
1667 4937 1693 4986 ὁ
1720 4935 1953 4999 θάνατος
1978 4953 1997 4970 ο

421 5023 482 5074 τὸ
511 5021 618 5090 γὰρ
670 5022 863 5092 θνητὸν
897 5020 1070 5091 αὐτῆς
1113 5021 1343 5092 ὑπὸτῆς
1375 5023 1520 5092 ζωῆς
1570 5025 1628 5075 ἐν
1674 5025 1796 5092 ἐμοὶ
1842 5043 2002 5079 κατεο

424 5114 588 5183 πόθη.
622 5115 735 5167 Οὐκ
762 5113 845 5166 ἔτι
873 5113 1103 5183 τελευτὴ
1131 5114 1226 5167 καὶ
1273 5115 1456 5168 τελεία
1485 5114 1692 5184 λῆξιςὸ
1723 5117 1955 5181 θάνατος
1980 5135 1995 5151 ·

424 5207 456 5274 ἠ
494 5207 603 5272 γὰρ
627 5206 892 5268 ἀθάνατος
925 5205 1040 5275 ζωὴ
1071 5204 1263 5258 τοῦτον
1295 5209 1380 5260 ἐν’
1407 5209 1533 5277 ἐμοὶ
1559 5209 1856 5275 διεδέξατο,
1904 5213 2001 5266 κα).

426 5295 492 5347 δι’
526 5295 660 5364 ἐμοῦ
693 5297 895 5366 πάντες
921 5299 970 5350 οἱ
997 5296 1248 5362 θανόντες
1279 5300 1358 5362 είς
1388 5299 1534 5370 ζωὴν
1572 5302 1996 5372 μεταϐήσονται.

428 5390 624 5443 Οὐκέτι
663 5392 883 5456 καθέξει
916 5392 986 5445 τὰ
1031 5393 1262 5463 σώματα
1294 5394 1405 5449 τῶν
1451 5397 1724 5449 θανόντων
1770 5398 1863 5449 ἐπὶ
1892 5398 1997 5467 γῆς

429 5483 455 5532 ὁ
486 5481 744 5541 θάνατος·
787 5483 898 5552 ἐγὼ
935 5484 1045 5554 γὰρ
1081 5485 1142 5537 τὸ
1187 5487 1419 5556 γηγενὲς
1448 5487 1578 5556 ἐμὸν
1611 5488 1767 5558 σῶμα
1794 5492 1908 5552 τοῖς
1942 5493 1998 5542 ἐν

431 5574 678 5642 οὐρανοῖς
711 5575 1025 5643 ἐνθρονίσω,
1057 5577 1152 5629 καὶ
1185 5578 1282 5630 σὺν
1304 5578 1452 5648 αὐτῴ
1481 5579 1590 5631 τῶν
1623 5580 1870 5649 οὐρανῶν
1895 5580 1994 5650 βαι

434 5663 659 5717 σιλεύων
689 5665 988 5736 ἐλεύσομαι
1023 5667 1186 5721 πάλιν
1219 5669 1314 5721 καὶ
1351 5671 1524 5740 κρινῶ
1555 5673 1736 5725 πᾶσαν
1767 5673 1866 5742 τὴν
1895 5675 1998 5744 γῆν

507 5843 550 5875 9⁸
584 5843 771 5896 Matth.
811 5859 999 5908 nunt,
1051 5846 1131 5897 l8.
1213 5848 1255 5878 ⁹⁹
1298 5846 1427 5900 una.

2095 4665 2218 4717 vivo
2243 4662 2424 4716 omnis
2453 4666 2698 4730 potestas
2754 4657 2808 4708 in
2841 4656 2981 4709 cmlo
3007 4663 3061 4707 et
3090 4653 3144 4706 in
3180 4661 3345 4705 terra.
3371 4647 3490 4703 Jam
3527 4662 3680 4701 mors

2097 4767 2437 4821 nequaquam
2458 4749 2606 4804 carni
2637 4749 2896 4816 imperat;
2929 4760 3052 4798 nam
3077 4743 3224 4812 quod
3259 4741 3380 4810 ejus
3397 4750 3513 4794 erat
3538 4754 3683 4792 mor-

2096 4844 2202 4898 tale
2235 4858 2262 4894 a
2294 4845 2403 4895 vita
2453 4840 2508 4894 in
2552 4853 2638 4892 me
2671 4837 2995 4905 absorptum
3049 4835 3174 4888 fuit.
3206 4831 3324 4886 Jam
3366 4845 3515 4885 mors
3567 4845 3678 4883 non

2095 4946 2177 4990 est
2210 4951 2331 4989 sors
2356 4934 2546 4987 ultima
2599 4941 2653 4985 et
2681 4931 2895 4996 linalis;
2932 4929 3083 4983 illam
3119 4927 3265 4982 enim
3293 4927 3345 4980 in
3391 4941 3476 4978 me
3525 4941 3678 4978 rece—

2100 5029 2177 5098 pit
2214 5027 2322 5078 vita
2372 5023 2722 5088 immortalis,
2762 5029 2818 5076 et
2847 5036 2942 5090 per
2997 5034 3086 5074 me
3119 5033 3308 5072 omnes
3366 5014 3567 5070 mortui
3622 5013 3679 5066 in

2099 5121 2262 5173 vitam
2292 5117 2623 5172 transibunt.
2647 5113 2769 5169 Jam
2800 5128 2950 5168 mors
2976 5127 3083 5166 non
3116 5109 3416 5180 possidebit
3455 5109 3507 5161 in
3534 5116 3679 5160 terra

2099 5225 2328 5278 corpora
2377 5215 2882 5275 mortuorum;ego
2941 5203 3088 5257 enim
3151 5213 3424 5257 terrenum
3483 5211 3681 5265 corpus

2101 5318 2295 5358 tnemn-
2322 5303 2373 5355 in
2409 5300 2618 5354 caelesti
2672 5312 2872 5368 ponam
2902 5297 3076 5361 solio';
3105 5303 3159 5348 ut
3214 5307 3337 5346 cum
3379 5304 3444 5343 eo
3485 5301 3681 5355 regens

2103 5397 2345 5451 coelestia
2375 5408 2593 5447 rursum
2621 5391 2832 5445 veniam
2852 5387 3180 5459 etjudicabo
3213 5398 3429 5438 omnem
3455 5393 3676 5444 terram,

2107 5501 2165 5542 ut
2198 5503 2290 5542 rex
2328 5484 2600 5551 universi;
2628 5492 2684 5536 et
2722 5483 2920 5552 dignos
2965 5481 3183 5550 quidem
3219 5486 3378 5530 terra:
3414 5472 3464 5524 iu
3500 5486 3560 5523 ea
3599 5484 3680 5519 re-

2107 5582 2374 5649 linquam,
2405 5592 2544 5649 quos
2570 5591 2697 5630 vero
2717 5574 2899 5645 justos
2932 5573 3232 5626 iuvenertm
3263 5581 3384 5619 cum
3417 5565 3531 5617 suis
3558 5576 3683 5613 cor-

2107 5673 2330 5743 poribus
2361 5672 2416 5724 in
2461 5669 2660 5727 ccelum
2707 5680 3010 5731 assumant,
3041 5670 3097 5718 et
3144 5674 3367 5730 regnum
3416 5656 3681 5709 caelorum
