4014 6430
313 322 417 383 479

1587 345 1973 407 GBEGOBII
2012 350 2338 412 PALAM/E

3452 368 3555 432 480

313 438 449 505 ipsis
478 438 805 509 impertiam.
860 466 877 497 ι
920 448 1120 506 Euutes
1149 466 1300 522 ergo,
1328 455 1423 517 ait,
1472 455 1662 512 docete
1691 474 1865 513 omnes

1988 464 2065 526 ὼς
2093 465 2187 518 τοῦ
2233 468 2437 531 παντὸς
2471 468 2746 538 βασιλεύς.
2798 473 2907 527 Καὶ
2939 475 3065 540 τοὺς
3100 476 3200 547 μὲν
3241 477 3428 544 ἀξίους
3457 484 3560 552 τῆς

311 537 518 594 gentes,
590 535 927 602 baptizantes
979 550 1049 596 et
1117 544 1449 603 instruentes
1519 563 1636 604 eos.
1672 568 1690 601 ›
1727 552 1882 616 Quod

310 620 472 672 etiam
508 626 737 689 pertinet
773 631 839 683 ad
870 642 1149 702 acceptam
1176 636 1297 705 ejus
1344 648 1705 709 potestatem;
1757 660 1882 697 nam

307 724 413 762 non
447 713 583 765 dixit
613 717 976 785 solummodo,
1011 723 1364 789 instruentes,
1403 730 1497 784 sed
1545 730 1732 796 etiam,
1787 733 1885 785 do-

308 810 491 853 centes
544 818 736 860 omnes
776 820 987 875 gentes.
1023 811 1155 866 Illud
1193 817 1411 884 quidem
1474 819 1541 874 ad
1604 824 1886 892 apostolos

305 894 588 957 Spectabat
641 897 736 964 qui
799 902 1157 970 adiniplerent
1224 909 1537 964 mandatum
1586 913 1753 980 illius,
1785 915 1880 970 sed

305 981 604 1053 discipulos
649 993 910 1060 consequi
965 1002 1020 1047 ct
1076 996 1354 1065 baptizare
1422 1018 1613 1057 omnes
1670 1007 1762 1072 qui
1813 1023 1877 1061 ex
1926 1045 1933 1049 μ

306 1077 449 1127 omni
481 1088 643 1146 gente
677 1090 729 1135 et
758 1085 960 1153 p0pnlo
1022 1091 1299 1144 turmatim
1361 1097 1742 1161 convenerint,
1776 1099 1881 1153 hoc

302 1181 410 1218 non
452 1180 535 1223 est
570 1181 780 1228 tantum
839 1178 1369 1248 instruentinm,sed
1398 1196 1452 1238 et
1512 1188 1877 1256 audientium,

302 1263 484 1326 potius
529 1279 656 1320 vero
688 1267 888 1324 divina:
920 1274 1108 1340 gratia:
1152 1286 1208 1329 ct
1264 1278 1485 1332 virtutis
1537 1282 1877 1339 auxiliantis.

301 1351 457 1416 Quod
509 1360 805 1416 ostendens
855 1363 1014 1420 divus
1060 1368 1263 1423 Paulus
1294 1371 1549 1428 dicebat:
1589 1391 1607 1422 ι
1634 1375 1763 1428 Data
1796 1385 1877 1429 est

299 1448 433 1498 milii
457 1452 625 1514 gratia
646 1451 757 1507 haec
775 1454 826 1507 in
847 1458 1100 1511 onmilius
1116 1460 1372 1528 gentibus
1385 1466 1760 1534 evangelizare
1780 1467 1818 1520 ¹.
1848 1488 1867 1518 ι

305 1555 324 1586 ι
352 1538 699 1598 Baptizantes
725 1561 820 1599 eos
842 1549 893 1600 in
928 1551 1146 1604 nomine
1176 1551 1357 1607 Patris
1386 1564 1437 1608 et
1472 1555 1595 1610 Filii
1622 1567 1674 1611 et
1704 1558 1873 1627 Spiri-

300 1638 388 1684 tus
416 1635 607 1687 sancti.
647 1654 666 1687 ι
707 1636 892 1692 Vidcn‘
925 1643 1170 1696 eamdem
1210 1654 1458 1699 naturain
1517 1651 1875 1721 eamdemque

297 1721 618 1789 dignitatem
661 1729 820 1781 trium
872 1733 1233 1788 adorabiliuin
1283 1752 1641 1805 personarum
1694 1743 1871 1811 palam

295 1814 847 1881 ps'wilicatam?Nani
888 1839 1056 1878 unum
1094 1842 1290 1882 nomen
1332 1830 1519 1894 trium,
1547 1848 1652 1887 una
1692 1851 1754 1889 ex
1792 1837 1872 1889 eis

296 1906 680 1970 sanctiﬁcatio,
720 1926 825 1963 una
862 1914 915 1965 in
953 1929 1045 1967 eas
1079 1918 1232 1972 lides.

1989 556 2093 624 γῆς
2128 558 2183 608 ὲν
2217 558 2355 629 αὐτῇ
2387 563 2697 630 καταλείψω
2720 580 2735 597 ο
2764 566 2890 629 τοὺς
2917 568 2971 625 δὲ
3001 568 3391 629 δικαιωθέντας
3420 576 3558 643 μετὰ

1986 648 2097 700 τῶν
2143 652 2361 704 οίκείων
2413 654 2683 724 σωμάτων
2738 660 2816 721 εἰς
2875 661 3142 730 οὐρανοὺς
3186 664 3554 734 ἀναλήψομαι,

1986 743 2078 793 καὶ
2110 743 2208 811 τήν
2254 745 2361 795 τῶν
2388 745 2634 816 οὐρανῶν
2669 749 2952 815 βασιλείαν
2999 754 3184 815 αὐτοῖς
3233 756 3555 827 χαρίσομαι.

1988 833 2355 902 Πορευθέντες
2408 838 2534 900 νῦν,
2587 842 2757 911 φησὶ,
2824 845 3202 913 μαθητεύσατε
3256 847 3431 901 πάντα
3490 851 3559 904 τὰ

1984 924 2138 994 ἔθνη,
2160 927 2517 996 βαπτίζοντες
2543 934 2636 984 καὶ
2664 933 3005 999 διδάσκοντες
3021 938 3214 1001 αὐτούς
3241 953 3256 969 ·
3286 942 3376 992 καὶ
3401 940 3558 994 τοῦτο

1982 1016 2080 1083 τῆς
2117 1017 2363 1079 ἐξουσίας
2396 1018 2461 1089 ἢν
2513 1019 2706 1074 ἔλαϐεν
2731 1038 2746 1053 ⁶
2785 1023 2844 1075 ού
2893 1024 3000 1091 γάρ
3044 1021 3165 1077 εἷπε
3217 1044 3233 1071 σ
3270 1026 3553 1079 διδάσκονο

1980 1124 2070 1170 τες
2113 1127 2132 1160 ι
2179 1110 2362 1177 μόνον,
2417 1113 2553 1164 ἀλλὰ
2604 1115 2699 1166 καὶ
2750 1132 2771 1165 ι
2810 1116 3191 1185 μαθητεύσατε
3259 1120 3436 1170 πάντα
3489 1120 3554 1171 τὶ
3648 1112 3657 1117 ’

1981 1196 2132 1265 ἔθνη.
2170 1218 2190 1250 ›
2226 1202 2298 1252 Τὸ
2344 1203 2441 1265 μὲν
2471 1203 2746 1258 διδάσκειν
2793 1208 2952 1274 μόνον
2985 1211 3092 1261 τῶν
3146 1211 3457 1263 ἀποστόλων
3487 1206 3557 1280 ἦν

1978 1290 2279 1344 τελούντων
2325 1295 2385 1345 τὺ
2423 1298 2751 1366 πρόσταγμα
2780 1314 2794 1329 °
2831 1299 2891 1351 τὸ
2919 1301 2973 1353 δὲ
3007 1302 3102 1353 καὶ
3147 1302 3396 1370 μαθητάς
3425 1306 3556 1356 κτᾶ-

1980 1381 2107 1434 σθαι
2138 1384 2232 1434 καὶ
2273 1383 2581 1451 βαπτίζειν,
2617 1388 2711 1440 καὶ
2750 1390 2923 1444 ταῦτα
2950 1396 3012 1444 ἐκ
3048 1395 3245 1455 παντὸς
3275 1393 3458 1455 ἔθνους
3494 1411 3553 1445 τε

1978 1474 2071 1524 καὶ
2100 1475 2289 1540 γένους
2322 1478 2465 1529 κατὰ
2492 1478 2672 1551 πλήθη
2699 1485 3209 1552 συμφορουμένους.
3236 1485 3419 1537 οὐκέτι
3446 1486 3552 1538 τῶν

1975 1562 2339 1620 διδασκόντων
2366 1564 2434 1639 ἦν
2484 1571 2669 1637 μόνον,
2700 1572 2838 1627 ἀλλὰ
2879 1576 2972 1626 καὶ
3004 1576 3111 1627 τῶν
3147 1575 3551 1639 ὑπακουόντων,

1979 1654 2187 1723 μᾶλλον
2238 1659 2295 1710 δὲ
2350 1660 2450 1725 τῆς
2492 1660 2643 1724 θείας
2699 1663 2922 1734 χάριτος
2971 1666 3061 1718 καὶ
3121 1666 3405 1733 δυνάμεως
3458 1665 3551 1718 τοῦ

1976 1748 2385 1814 προστάξαντος
2407 1769 2420 1782 ’
2445 1752 2472 1804 ὃ
2501 1753 2679 1821 δηλῶν
2711 1758 2808 1808 καὶ
2838 1755 2866 1806 ὸ
2895 1756 3037 1818 θεῖος
3075 1757 3287 1819 Παῦλος
3321 1757 3509 1824 ἔλεγεν
3532 1747 3575 1788 θ’

1988 1837 2173 1910 Ἐδόθη
2208 1859 2298 1909 μοι
2338 1845 2499 1913 χάρις
2542 1847 2621 1908 είς
2650 1848 2895 1917 ὑπακοὴν
2936 1852 2992 1901 ἐν
3033 1852 3168 1902 πᾶσι
3202 1853 3314 1912 τοῖς
3352 1850 3551 1904 ἔθνεσι.

1978 1930 2345 1997 Βαπτίζοντες
2396 1938 2617 2001 αὐτοὺς,
2652 1942 2732 2002 είς
2760 1941 2821 1993 τὸ
2867 1942 3037 2011 ὄνομα
3065 1941 3158 1994 τοῦ
3210 1943 3422 2009 Πατρὺς
3460 1943 3555 1996 καὶ

292 2000 387 2051 τοῦ
422 2001 548 2054 Υίοῦ
571 2008 784 2060 καὶτοῦ
816 2011 975 2078 ἁγίου
1002 2013 1341 2083 Πνεύματος.
1379 2017 1577 2086 Ὀρᾶτε
1608 2021 1706 2091 τήν
1768 2026 2046 2093 συμφυίαν
2097 2031 2190 2082 καὶ
2247 2035 2347 2101 τὴν
2397 2000 2727 2105 -ὁμοτιμίανή
2790 2039 2898 2091 τῶν
2945 2000 3111 2109 τριῶν
3161 2000 3553 2109 προσκυνητῶν

293 2100 603 2166 προσώπων
638 2106 921 2177 παρρησίᾳ
963 2114 1416 2183 κηρυττομένην;
1470 2117 1567 2170 ’Ἑν
1601 2119 1711 2189 γὰρ
1772 2120 1944 2191 ὄνομα
1980 2125 2091 2179 τῶν
2125 2129 2330 2196 τριῶνσ
2367 2100 2504 2194 εἴςνὸ
2535 2100 2601 2184 ὲκ
2632 2134 2839 2187 τούτων
2875 2100 3144 2204 ἀγιάσμός
3169 2150 3184 2166 ο
3206 2100 3315 2206 ’μία
3356 2138 3391 2207 ή
3416 2100 3551 2207 τὲρδς

294 2197 466 2251 ταῦτα
493 2200 700 2266 πίστις.

367 2289 579 2357 Saepius
608 2308 736 2349 vero
766 2296 835 2351 de
885 2299 1006 2354 istis
1042 2302 1250 2357 dictum
1284 2312 1403 2361 erat
1431 2306 1486 2361 in
1531 2307 1828 2380 Evangelia
1857 2348 1873 2373 .

295 2381 393 2435 sed
424 2382 736 2442 obscurius.
765 2388 1049 2459 Baptizato
1086 2395 1342 2460 Domino,
1368 2415 1727 2468 personarum
1755 2403 1877 2459 Tri-

296 2472 440 2529 nitas
471 2486 655 2542 aperte
697 2482 917 2549 quidem
957 2498 1257 2542 monstrata
1304 2490 1425 2558 fuit,
1476 2509 1583 2550 non
1625 2498 1700 2551 ita
1746 2513 1873 2553 vero

295 2564 478 2619 unitas
509 2579 719 2624 natura:
739 2583 794 2626 et
822 2575 1127 2645 dignitatis.
1181 2581 1340 2636 Nunc
1370 2596 1551 2639 autem
1583 2588 1873 2656 praedicari

291 2665 345 2708 et
396 2657 448 2709 in
495 2662 661 2715 corde
708 2665 1046 2722 credentium
1099 2670 1169 2724 ab
1210 2673 1371 2729 initio
1402 2678 1598 2746 reponi
1644 2681 1868 2735 mandat

293 2741 579 2812 Dominus,
631 2752 700 2805 ita
751 2765 810 2806 ut
846 2756 962 2810 sine
998 2758 1101 2813 hac
1137 2763 1367 2819 veritate
1406 2741 1609 2823 et-ﬁde
1644 2768 1701 2824 in
1743 2786 1863 2826 eam

292 2850 567 2906 nequeant
599 2846 822 2900 omnino
848 2850 1173 2921 principium
1214 2857 1433 2925 pietatis
1465 2859 1719 2918 fundare.
1754 2864 1864 2919 Sed

290 2946 399 2985 non
432 2934 776 2994 solummodo
802 2941 941 2996 dixit
968 2959 991 2995 :‘
1016 2963 1035 2996 ι
1064 2945 1409 3021 Baptizantcs
1434 2967 1553 3019 eos,
1586 2973 1603 3005 ι
1641 2955 1734 3010 sed
1766 2967 1820 3011 et
1846 2974 1863 3011 :

296 3040 318 3073 ι
352 3022 614 3082 Docentes
649 3044 869 3086 servare
897 3037 1081 3090 omnia
1107 3053 1445 3111 quaecunque
1483 3047 1737 3101 mandavi
1769 3064 1863 3103 vo-

286 3113 410 3181 bis;
443 3136 462 3168 »
499 3121 641 3175 unde
672 3136 781 3178 non
818 3127 1018 3181 sutlicit
1044 3131 1223 3185 solum
1273 3133 1543 3203 baptisma
1590 3147 1650 3191 ut
1681 3139 1857 3193 homi-

286 3220 412 3259 nem
439 3206 604 3264 faciat
633 3209 911 3285 Evangelii
943 3221 1297 3289 discipulum,
1330 3225 1424 3279 sed
1454 3237 1671 3296 oportet
1692 3231 1859 3285 etiam

286 3305 347 3350 ut
375 3310 666 3371 serv_entur
683 3306 864 3361 divina
889 3311 1248 3375 mandata,‘et
1275 3316 1387 3370 haec
1406 3318 1630 3385 quidem
1655 3322 1861 3376 omnia.

285 3388 452 3445 Recte
483 3395 646 3461 igitur
666 3395 905 3456 Jacobus
932 3401 1099 3456 frater
1130 3403 1344 3461 Domini
1385 3410 1610 3480 scripsit
1638 3413 1858 3467 dicens:

291 3504 310 3536 ι
344 3484 671 3558 Quicunque
702 3500 871 3547 totam
922 3496 1093 3565 legem
1132 3502 1449 3566 servaverit,
1474 3503 1717 3559 oll'endat
1765 3521 1864 3559 au-

283 3587 393 3633 tem
422 3581 476 3634 in
508 3598 637 3647 uno,
666 3582 842 3642 factus
868 3596 955 3641 est
979 3591 1227 3644 omnium
1275 3609 1401 3647 rens
1428 3595 1469 3646 '.
1523 3613 1542 3645 ι
1595 3589 1726 3648 Nam
1763 3598 1858 3665 qui

282 3670 575 3740 cujuslibet
611 3679 814 3745 peccati
842 3695 969 3734 reus
996 3683 1171 3738 factus
1204 3685 1393 3748 fuerit,
1427 3695 1480 3739 et
1509 3701 1857 3756 nequaquam

280 3773 631 3841 semetipsum
689 3790 786 3843 per
838 3776 1213 3844 paenitentiam
1262 3794 1291 3832 a
1348 3762 1608 3835 barathro
1654 3783 1857 3849 peccati

278 3868 525 3931 eruerit,
557 3878 932 3937 transgressor
962 3870 1022 3923 lit
1059 3871 1329 3925 universa!
1364 3872 1497 3941 legis
1527 3874 1734 3941 gratiae.
1767 3875 1859 3930 Sic

280 3973 430 4028 ergo,
471 3961 666 4028 inquit,
698 3960 1016 4027 loquimini.
1043 3963 1123 4015 sic
1165 3964 1346 4025 facite,
1392 3975 1646 4032 tanquam
1674 3982 1702 4018 a
1743 3970 1859 4038 lege

277 4052 549 4106 libertatis
573 4053 885 4121 iudicandi;
918 4068 1043 4107 nam
1074 4054 1159 4107 lex
1184 4054 1384 4108 CliriSIi
1414 4056 1499 4108 lex
1528 4069 1612 4110 est
1641 4059 1860 4115 liberta-

280 4143 385 4209 tis;
422 4146 623 4212 quippe
650 4162 749 4200 nos
773 4147 1025 4200 liberavit
1052 4161 1149 4215 per
1184 4146 1431 4199 divinum
1466 4147 1797 4215 baptismum
1824 4168 1853 4204 a

279 4237 397 4303 lege
433 4237 637 4305 peccati
668 4247 722 4290 et
752 4239 967 4291 mortis.
998 4237 1167 4305 Igitur
1204 4238 1310 4291 nisi
1348 4239 1667 4295 studeamns
1696 4246 1855 4315 nobis

282 4345 457 4400 usque
481 4331 547 4385 ad
580 4330 738 4383 linem
770 4330 1047 4384 custodire
1073 4331 1376 4386 libertatem
1414 4348 1510 4400 per
1537 4348 1703 4400 opera
1732 4352 1854 4390 ver—

279 4419 458 4489 baque
485 4420 983 4488 irreprelicnsibilia
1014 4461 1028 4484 ,
1061 4423 1147 4474 vel
1182 4422 1286 4477 nisi
1320 4423 1578 4479 amissam
1605 4441 1700 4493 per
1735 4443 1853 4496 pm.

2042 2314 2206 2385 214
2227 2315 2458 2385 Εἴρηται
2489 2317 2546 2370 δὲ
2585 2317 2850 2380 πολλάκις
2877 2319 2935 2370 ὲν
2957 2316 3035 2385 τῷ
3071 2317 3391 2387 Εὐαγγελίῳ
3418 2318 3549 2385 περὶ

1971 2407 2201 2468 τούτων,
2234 2408 2370 2460 ἀλλὰ
2412 2410 2807 2478 ἀμυδρότερον.
2842 2412 2948 2464 Kal.
2995 2410 3089 2463 τοῦ
3128 2409 3333 2479 Κυρίου
3356 2410 3413 2463 δὲ
3445 2408 3548 2477 βα-

1974 2498 2323 2567 πτιζομένου,
2356 2501 2418 2551 τδ
2462 2501 2561 2569 μὲν
2599 2503 3034 2571 τρισυπὸστατον
3065 2501 3276 2570 τρανῶς
3301 2500 3542 2570 ἐδείχθη,

1971 2590 2033 2642 τὸ
2064 2590 2120 2643 δὲ
2152 2593 2396 2660 συμφυὲς
2429 2593 2637 2646 τούτων
2682 2595 2780 2648 καὶ
2820 2595 3082 2664 ὁμότιμον
3118 2594 3217 2663 οὐχ
3248 2595 3421 2647 οῦτωσ
3448 2593 3544 2647 νῦν

1974 2682 2030 2735 δὲ
2060 2684 2193 2736 πᾶσι
2230 2685 2599 2756 κηρύττεσθαι
2648 2688 2743 2741 καὶ
2770 2690 2835 2756 τῇ
2878 2688 3074 2759 καρδίᾳ
3115 2689 3225 2740 τῶν
3260 2688 3545 2742 πιστευόν-

1973 2791 2082 2827 των
2117 2774 2175 2839 ἐξ
2205 2775 2380 2845 ἀρχῆς
2411 2777 2829 2831 ἐναποτίθεσθαι
2861 2777 3232 2848 παραγγέλλει
3257 2781 3284 2831 ὁ
3314 2778 3540 2849 Κύριος.

1972 2865 2050 2927 ὡς
2087 2866 2188 2919 οὐκ
2218 2867 2337 2918 ἐνὸν
2371 2866 2494 2937 δίχα
2515 2867 2607 2920 τοῦ
2637 2867 2907 2937 δόγματος
2947 2869 3135 2922 τούτου
3172 2871 3265 2920 καὶ⁵
3293 2869 3389 2937 τῆς
3420 2867 3543 2922 κατ’

1972 2962 2106 3014 αὐτὸ
2134 2964 2372 3025 πίστεως
2397 2965 2570 3034 ἀρχὴν
2598 2965 2734 3027 ὅλως
2762 2965 3070 3027 θεοσεϐείας
3106 2964 3537 3020 καταϐαλέσθαι.

1970 3055 2045 3107 Οὐ
2077 3055 2430 3123 βαπτίζοντες
2470 3057 2527 3109 δὲ
2558 3057 2737 3125 μόνον,
2769 3059 2906 3111 ἀλλὰ
2936 3060 3026 3112 καὶ
3054 3058 3404 3121 διδάσκοντες
3436 3074 3537 3125 τη-

1972 3150 2084 3217 ρεῖν
2120 3151 2297 3202 πάντα
2323 3150 2422 3203 ὅσα
2464 3151 2821 3220 ἐνετειλάμην
2859 3151 2989 3220 ὑμῖν
3011 3167 3025 3181 ο
3058 3150 3199 3203 ὥστε
3245 3150 3345 3203 οὐκ
3374 3151 3535 3218 ἀρκεῖ

1964 3241 2026 3293 τὸ
2060 3240 2343 3311 βάπτισμα
2365 3242 2522 3309 μόνον
2552 3241 2800 3311 μαθητὴν
2832 3241 3059 3311 ποιῆσαι
3082 3240 3178 3295 τοῦ
3206 3241 3535 3310 Εὑαγγελίου

1963 3333 2054 3385 τὸν
2086 3333 2396 3401 ἄνθρωπον,
2423 3334 2560 3387 ἀλλὰ
2588 3334 2671 3386 δεῖ
2706 3334 2798 3386 καὶ⁸
2843 3335 2942 3405 τῆς
2986 3335 3093 3388 τῶν
3126 3333 3287 3387 θείων
3305 3334 3535 3386 ἐντολῶν

1962 3427 2268 3496 τηρήσεως.
2325 3427 2421 3478 καὶ
2478 3425 2686 3479 τούτων
2744 3426 2974 3480 πασῶν·
3031 3426 3376 3487 διδάσκοντες
3425 3425 3536 3494 γὰρ

1961 3520 2151 3585 τηρεῖν
2203 3517 2423 3578 αὐτοὺς,
2475 3518 2663 3586 φησὶν,
2719 3518 2778 3568 οὐ
2827 3517 2991 3579 τινά,
3045 3517 3181 3570 ἀλλά
3231 3516 3405 3569 πάντα
3434 3516 3534 3568 ὅσα

1962 3611 2317 3678 ἐνετειλάμην
2368 3611 2521 3677 ὑμῖν.
2556 3609 2750 3671 Καλῶς
2798 3610 2908 3679 ἄρα
2948 3608 3204 3671 Ἰάκωϐος
3244 3610 3271 3660 ὁ
3313 3607 3536 3675 ἀδελφό-

1962 3701 2082 3762 Geo;
2109 3702 2339 3769 ἔγραψε,
2361 3701 2533 3768 λέγων
2558 3717 2572 3733 ο
2608 3721 2626 3752 ι
2665 3702 2853 3764 Ὅστις
2882 3701 3003 3754 ὅλον
3038 3701 3130 3754 τὸν
3159 3701 3323 3769 νόμον
3357 3702 3533 3769 τηρή-

1962 3810 2067 3855 σει,
2111 3794 2328 3845 πταίσει
2356 3793 2413 3846 δὲ
2458 3795 2515 3845 ἐν
2544 3794 2645 3857 ἐνὶ,
2676 3794 2869 3861 γέγονε
2905 3793 3124 3847 πάντων
3170 3793 3381 3863 ἔνοχος·
3416 3811 3434 3844 ι
3464 3791 3532 3842 δι’

1958 3885 2196 3954 ἑκάστης
2228 3886 2336 3954 γὰρ
2361 3885 2637 3956 ἁμαρτίας
2668 3888 2696 3938 ὁ
2731 3886 3049 3954 περιπεσὼν
3076 3885 3174 3939 καὶ
3207 3884 3284 3955 μὴ
3311 3883 3400 3937 διὰ
3431 3884 3528 3951 τῆς

1962 3979 2249 4044 μετανοίας
2289 3980 2397 4029 ἀπο
2450 3977 2541 4030 τοῦ
2578 3978 2858 4046 βαράθρου
2894 3977 2995 4045 τῆς
3022 3976 3299 4047 ἁμαρτίας
3338 3976 3530 4029 ἑαυτὸν

1958 4068 2241 4122 ἀναλαϐὼν
2288 4068 2606 4136 παραϐάτης
2624 4067 2940 4136 γίνεταιτοῦ
2971 4067 3139 4135 νόμου
3156 4068 3254 4136 τῆς
3281 4068 3526 4137 χάριτος.

1957 4160 2142 4223 Οὕτως
2165 4157 2281 4223 οὖν,
2309 4162 2462 4229 φησὶ,
2483 4159 2717 4221 λαλεῖτε,
2746 4160 2842 4212 καὶ
2876 4159 3020 4212 οὕτω
3045 4161 3273 4223 ποιεῖτε,
3304 4158 3378 4221 ὡς
3425 4156 3530 4209 ὑπὸ

1956 4252 2122 4321 νόμου
2167 4252 2482 4320 ἐλευθερίας
2524 4250 2808 4315 μέλλοντες
2862 4251 3179 4317 κρίνεσθαι·
3211 4250 3240 4301 ὸ
3269 4251 3378 4321 γὰρ
3432 4249 3526 4303 τοῦ

1953 4339 2194 4410 Χριστοῦ
2255 4341 2415 4408 νόμος
2472 4339 2632 4408 νόμος
2684 4338 2997 4406 ἐλευθερίας
3059 4341 3249 4392 ἐστίν’
3308 4339 3530 4409 ἠλευθέ-

1958 4448 2098 4500 ρωσε
2130 4433 2239 4499 γὰρ
2266 4431 2411 4500 ἡμᾶς
2445 4430 2535 4482 διὰ
2563 4429 2661 4481 τοῦ
2704 4430 2849 4483 θείου
2890 4430 3267 4499 βαπτίσματος
3297 4431 3406 4483 ἀπὸ
3434 4429 3526 4481 τοῦ

280 4512 566 4567 nitentiam
601 4526 1008 4579 recuperemus,
1060 4514 1128 4568 ab
1177 4529 1241 4567 ea
1295 4502 1415 4584 quae
1450 4531 1551 4571 nos
1602 4518 1853 4574 liberavit

1968 4524 2124 4592 νόμου
2152 4523 2252 4589 τῆς
2302 4521 2580 4592 ἁμαρτίας
2628 4523 2723 4575 καὶ
2752 4523 2846 4575 τοῦ
2905 4524 3163 4578 θανάτου.
3193 4525 3291 4575 ’Ἂν
3346 4521 3527 4574 τοίνυν

278 4606 398 4676 lege
426 4603 837 4665 damnabimur,
864 4604 1124 4672 quoniam
1169 4622 1274 4660 non
1324 4611 1733 4667 servaverimus
1760 4615 1855 4665 da-

279 4708 389 4753 tam
427 4692 587 4751 nobis
624 4699 950 4751 libertatem.
997 4699 1121 4754 Ideo
1153 4701 1311 4756 divus
1339 4700 1538 4758 Paulus
1567 4705 1630 4757 de
1656 4719 1858 4759 semct-

279 4791 399 4860 ipso
435 4789 612 4844 dixit:
644 4808 662 4840 ι
700 4789 789 4843 Sic
816 4806 997 4853 curro,
1028 4806 1131 4845 non
1162 4794 1317 4861 quasi
1358 4794 1410 4846 in
1445 4795 1709 4849 incertum
1735 4814 1749 4861 ;
1778 4797 1858 4851 sic

277 4897 478 4951 pugno,
524 4897 633 4934 non
669 4882 822 4946 quasi
872 4897 1052 4935 aerem
1102 4884 1430 4947 verberans;
1484 4885 1579 4940 sed
1641 4888 1854 4956 castigo

277 4989 478 5044 corpus
509 4989 689 5029 meum
715 4987 768 5029 et
794 4975 847 5028 in
876 4977 1195 5031 servitutem
1227 4979 1431 5047 redigo.
1457 4994 1523 5031 ne
1554 4990 1845 5047 postquam

278 5068 398 5122 aliis
426 5068 860 5137 prredicavcrini,
895 5069 1008 5138 ipse
1048 5072 1312 5139 reprobus
1341 5070 1544 5125 elliciar
1569 5073 1643 5125 ³.»
1679 5070 1847 5127 Nobis

276 5168 457 5213 autem
484 5159 550 5212 ad
576 5175 760 5228 parem
795 5162 971 5213 zelum
1005 5163 1255 5215 excitans
1286 5176 1300 5214 :
1337 5160 1620 5224 «Nescitis,
1648 5163 1842 5230 inquit,

273 5253 530 5318 quoniam
556 5253 650 5320 qui
686 5254 740 5305 in
765 5253 943 5307 stadio
972 5263 1221 5317 currunt,
1252 5269 1443 5307 omnes
1466 5254 1684 5322 quidem
1717 5270 1846 5307 cur-

271 5357 420 5409 runt,
457 5346 551 5400 sed
598 5360 703 5397 non
749 5362 938 5399 crimes
980 5339 1255 5415 accipiunt
1301 5347 1550 5399 bravium
1580 5348 1622 5397 ⁵.
1660 5365 1677 5397 ι
1715 5346 1881 5411 Quae-

273 5453 378 5490 non
419 5438 555 5491 dixit
582 5438 735 5506 quasi
764 5453 904 5492 unus
939 5445 1146 5489 tantum
1177 5437 1423 5490 bravium
1473 5437 1670 5490 salutis
1700 5438 1845 5491 acci—

272 5540 443 5597 peret,
476 5531 569 5584 sed
611 5532 874 5597 quoniam
907 5530 983 5584 illi
1014 5530 1107 5599 qui
1137 5529 1430 5582 admodum
1459 5530 1681 5583 student
1710 5531 1841 5584 illud

272 5621 547 5690 accipiunt
574 5663 588 5687 ,
621 5624 733 5675 sive
764 5638 907 5676 unus
934 5623 1035 5685 sit,
1064 5623 1176 5675 sive
1208 5621 1316 5674 sint
1347 5622 1549 5689 plures.
1583 5620 1712 5674 Nam
1748 5638 1845 5677 ne-

350 5796 363 5823 ‘
400 5794 597 5863 Eplics.
635 5811 718 5861 ιιι,
758 5796 810 5850 8.
923 5800 940 5827 ²
967 5795 1082 5850 Jac.
1119 5810 1177 5861 ιι,
1216 5796 1298 5851 10.
1379 5798 1396 5827 ³
1428 5796 1445 5848 l
1477 5794 1603 5850 Cor.
1637 5813 1708 5861 ιτ,
1736 5798 1825 5852 216.

1959 4616 2034 4687 μὴ
2058 4616 2388 4682 σπεύσωμεν
2411 4614 2517 4677 ἕως
2541 4614 2727 4677 τέλους
2752 4616 2966 4677 ἑαυτοῖς
2991 4614 3224 4683 φυλάξαι
3249 4615 3351 4685 τὴν
3378 4615 3529 4668 ἐλευ-

1956 4708 2142 4777 θερίαν
2168 4706 2234 4759 δι⁹
2267 4707 2445 4777 ἔργων
2473 4724 2534 4759 τε
2586 4707 2678 4760 καὶ
2708 4707 2884 4775 λόγων
2933 4707 3306 4776 ἀνεγκλήτων,
3341 4706 3373 4776 ἢ
3411 4706 3529 4757 δια-

1954 4801 2230 4853 πεσοῦσαν
2262 4801 2784 4856 ἐπανακαλέσασθαι
2829 4801 2918 4855 διὰ
2957 4801 3054 4868 τῆς
3091 4801 3404 4870 μετανοίας,
3436 4801 3525 4852 ὑπ’

1954 4889 2118 4960 αὐτοῦ
2141 4892 2235 4943 τοῦ
2266 4890 2738 4960 ἐλευθερώσαντος
2770 4891 2938 4959 νόμου
2979 4890 3526 4960 κατακριθησόμεθα,

1957 4980 2033 5042 ὡς
2077 4984 2150 5050 μὴ
2180 4982 2524 5052 τηρήσαντες
2548 4983 2648 5051 τὴν
2678 4982 2970 5053 δεδομένην
3003 4984 3139 5051 ἡμῖν
3184 4981 3525 5051 ἐλευθερίαν.

1954 5072 2045 5125 Διὸ
2074 5072 2284 5136 Παῦλος
2311 5076 2337 5127 ὁ
2367 5073 2507 5137 θεῖος
2541 5075 2672 5145 περὶ
2701 5076 2799 5145 μὲν
2833 5075 3026 5129 ἑαυτοῦ
3066 5092 3231 5145 φησιν
3258 5091 3273 5107 ο
3312 5093 3333 5122 ο
3372 5075 3528 5128 Οὕτω

1952 5168 2151 5235 τρέχω.
2199 5165 2275 5229 ὡς
2329 5167 2428 5219 οὐκ
2486 5166 2734 5235 ἀδήλως·
2778 5165 2923 5220 οὕτω
2971 5167 3247 5231 πυκτεύω,
3299 5166 3375 5229 ὡς
3428 5167 3529 5220 οὐκ

1950 5258 2089 5325 ἀέρα
2118 5258 2320 5328 δέρων·
2351 5260 2471 5312 ἀλλ’
2516 5259 2823 5323 ὑπωπιάζω
2863 5278 2965 5329 μου
2994 5261 3055 5313 τὸ
3094 5261 3254 5330 σῶμα
3293 5260 3528 5312 καὶδου-

1949 5345 2204 5415 λαγωγῶ,
2265 5350 2463 5418 μήπως
2509 5350 2693 5411 ἄλλοις
2736 5350 3005 5421 κηρύξας,
3044 5351 3206 5414 αὐτὸς
3261 5351 3529 5421 ἀδόκιμος

1950 5440 2221 5509 γένωμαι.
2265 5460 2284 5492 ι
2320 5442 2462 5513 Πρὸς
2516 5443 2665 5512 ἡμᾶς
2695 5443 2773 5507 δὲ,
2815 5443 2954 5512 πρὸς
2984 5442 3074 5495 τὸν
3117 5446 3302 5513 ὅμοιον
3332 5443 3529 5510 διεγεί-

1963 5549 2071 5598 ρων
2108 5533 2292 5601 ζῆλον,
2333 5553 2352 5583 ι
2397 5535 2510 5586 ()ὐκ
2550 5534 2754 5597 οἴδατε,
2801 5536 2988 5605 φησὶν,
3022 5535 3104 5587 ὅτι
3138 5537 3188 5588 οἱ
3219 5538 3276 5587 ἐν
3326 5535 3526 5604 σταδίῳ

1952 5626 2238 5694 τρέχοντες
2283 5626 2480 5689 πάντες
2536 5627 2633 5696 μὲν
2682 5627 2991 5697 τρέχουσιν,
3038 5622 3118 5693 εἷς
3165 5629 3221 5681 δὲ
3260 5628 3525 5692 λαμϐάνει

1905 5799 1966 5853 ⁸1
2001 5799 2126 5852 Cor.
2173 5815 2249 5865 xx,
2275 5800 2365 5855 225.
