4014 6434
427 352 523 424 481
1679 347 2013 407 HOMILIA
2057 346 2395 405 XXXVllI.
3165 407 3179 419 ⁸
3572 341 3675 402 άδρ

427 465 486 514 τὸ
529 459 818 528 βραϐεῖον;
858 475 873 506 ι
910 459 1021 507 0-37.
1071 453 1192 507 εἷπε
1241 456 1297 508 δέ
1346 455 1524 520 τοῦτο,
1579 456 1652 518 ὡς
1704 457 1820 519 ἑνὸς
1873 458 2004 508 κάν-

2126 457 2225 526 iuit
2277 454 2552 522 exhauriri
2590 453 2716 506 illud
2770 452 3014 505 bravium
3059 468 3308 522 Superum
3353 456 3675 518 vocationis,

429 554 604 605 ταῦθα
636 553 695 602 τὸ
729 550 980 619 βραϐεῖον
1010 550 1108 615 τῆς
1146 551 1420 618 σωτηρίας
1451 549 1847 616 λαμϐάνοντος,
1882 549 1998 602 ἀλλ’

2126 549 2200 601 ιρι]
2234 548 2488 600 omnibus
2523 546 2716 600 suﬁicit
2747 546 2866 599 sine
2895 546 3274 598 imminutione
3302 554 3679 600 communica-

427 645 500 706 ὡς
529 646 636 696 τῶν
675 646 816 708 ἄγαν
858 641 1194 694 σπευδόντων
1238 643 1415 694 ἐκεῖνο
1460 640 1868 707 λαμϐανόντων,
1897 641 2000 694 κᾶν

2130 657 2240 693 nm.
2291 639 2414 693 Ideo
2462 655 2651 692 rursus
2709 640 2850 691 idem
2902 639 3159 692 omnibus
3211 639 3437 708 loquens
3478 642 3673 694 addit:

2109 755 2126 786 ι
2169 733 2258 786 Sic
2285 733 2484 786 currite
2517 746 2574 786 nt
2606 734 3106 800 con‘tpt-cltendatis.
3160 753 3176 783 ι
3216 733 3318 788 Sed
3355 745 3406 786 rt
3457 736 3674 788 modum

2102 841 2300 878 cursus
2331 825 2625 879 ostendens
2667 842 2678 876 :
2725 844 2741 875 ι
2779 827 2990 886 Omnis.
3015 829 3109 890 ait,
3139 829 3228 894 qui
3263 828 3314 880 itt
3347 843 3518 895 agone
3549 844 3681 879 con-

2106 917 2299 981 tendit,
2337 917 2406 969 ab
2435 919 2694 971 omnibus
2726 934 2782 970 se
2821 918 3089 984 abstinet;
3135 939 3152 971 ι
3188 930 3314 974 tunc
3349 924 3494 972 cn’m
3545 921 3678 973 nulli

2101 1010 2441 1078 voluptatum
2497 1011 2896 1076 proltibitarunt
2956 1022 3102 1064 totus
3152 1013 3416 1081 indulget.
3477 1012 3680 1065 Deinde

2102 1101 2329 1169 perinde
2357 1116 2420 1153 ae
2451 1101 2494 1153 si
2529 1102 2784 1170 baptizati
2821 1113 3110 1155 censerem
3131 1112 3185 1156 et
3215 1104 3461 1156 dicerent
3491 1119 3550 1156 se
3584 1118 3680 1171 per

2104 1194 2281 1248 solum
2315 1193 2587 1261 baptisma
2622 1195 2740 1247 sine
2785 1193 3046 1262 operibus
3077 1207 3199 1247 esse
3231 1192 3340 1246 Deo
3379 1193 3689 1262 acceptabi-

2101 1287 2202 1350 les,
2255 1303 2351 1356 per
2403 1287 2604 1356 ﬁguras
2642 1302 2708 1340 ex
2758 1287 2927 1340 veleri
2958 1286 3312 1340 Testamento
3348 1287 3688 1353 desumptas,

2103 1389 2374 1434 monstrat
2403 1392 2456 1433 ct
2482 1379 2676 1434 suadet
2707 1381 2976 1433 neminem
3008 1379 3118 1432 Deo
3156 1380 3392 1447 placere,
3426 1377 3528 1430 nisi
3566 1392 3688 1430 cum

2103 1471 2209 1525 ﬁde
2250 1471 2405 1524 ﬁrma
2439 1487 2467 1523 a
2508 1476 2689 1540 pravis
2721 1472 3066 1539 passionibns
3109 1480 3160 1524 et
3196 1471 3381 1525 verbis
3412 1479 3466 1523 et
3501 1467 3689 1537 operi-

2102 1563 2206 1617 bus
2259 1563 2552 1616 abstineat.
2588 1562 2722 1616 Nam
2771 1563 2952 1615 dixit:
2985 1580 3002 1612 ι
3045 1563 3182 1616 Nolo
3241 1578 3336 1615 vos
3384 1562 3681 1630 ignorare,

431 1653 651 1714 δέκτους
682 1649 822 1705 εἶναι
873 1652 952 1720 τῷ
986 1653 1128 1721 Θεῷ,
1161 1653 1250 1707 διὰ
1268 1653 1384 1705 τῶν
1440 1656 1505 1708 ἐκ
1549 1655 1782 1708 παλαιοῦ
1814 1655 2002 1709 τύπων

2129 1664 2325 1715 ratres,
2385 1653 2645 1722 quoniam
2701 1662 2882 1722 patres
2934 1656 3107 1707 nostri
3157 1669 3352 1707 omnes
3399 1655 3502 1708 sub
3550 1657 3693 1708 nube

434 1747 594 1809 αὐτὸς
643 1746 883 1799 δείκνυσι
939 1745 1034 1798 καὶ
1067 1747 1354 1799 ἀναπείθει
1410 1747 1652 1800 εὐδοκεῖν
1702 1749 1759 1800 ἐν
1809 1747 2000 1816 μηδενὶ

2126 1746 2351 1808 ‘nernnt,
2406 1755 2459 1799 et
2503 1759 2692 1799 omnes
2731 1761 2878 1799 mare
2933 1746 3293 1806 transierunt,
3327 1755 3380 1800 et
3412 1762 3604 1801 omnes
3637 1748 3690 1800 in

434 1841 525 1890 τὸν
552 1837 704 1901 Θεὸν,
741 1839 806 1890 ἂν
845 1836 921 1906 μὴ
976 1839 1112 1907 μετὰ
1145 1837 1236 1891 τοῦ
1267 1838 1452 1891 πίστιν
1481 1839 1626 1909 ἔχειν
1654 1841 1868 1910 ἀσφαλῆ
1914 1842 2008 1894 καὶ

2126 1835 2294 1908 lloyse
2327 1837 2586 1907 baptizati
2618 1846 2745 1891 sunt
2776 1837 2827 1889 in
2861 1839 3005 1890 nube
3047 1847 3099 1890 et
3133 1838 3184 1890 in
3221 1838 3381 1902 mari,
3412 1848 3465 1892 et
3499 1854 3693 1893 omnes

432 1931 540 1982 τῶν
571 1935 823 2001 πονηρῶν
873 1933 1147 2000 ἀπέχηται
1189 1933 1284 1985 καὶ
1323 1933 1515 1986 παθῶν
1567 1936 1664 1986 καὶ
1719 1934 1893 1998 λόγων
1921 1934 2016 1987 καὶ

2126 1930 2361 1982 εδιηόοηι
2393 1945 2571 1983 escam
2608 1929 2911 1998 Spiritalcm
2961 1930 3456 1996 manducaverunt,
3491 1941 3545 1983 et
3570 1946 3692 1985 om-

436 2024 724 2090 πράξεων
775 2044 791 2076 ι
826 2023 902 2078 Οὐ
959 2026 1097 2078 θέλω
1144 2027 1274 2094 γὰρ,
1337 2028 1523 2095 φησὶν,
1572 2025 1718 2094 ὑμᾶς
1773 2027 2010 2094 ἀγνοεῖν,

2126 2036 2212 2075 nes
2243 2021 2494 2074 etnndent
2529 2029 2717 2090 potum
2763 2019 3062 2089 spiritalem
3101 2020 3356 2074 biberunt
3389 2037 3403 2084 ;
3437 2019 3698 2074 bibebant

434 2113 675 2180 ἀδελφοὶ,
708 2117 786 2168 ὅτι
826 2117 873 2168 οἱ
904 2119 1142 2186 πατέρες
1172 2117 1331 2186 ἡμῶν
1368 2117 1569 2179 πάντες
1597 2118 1702 2169 ὑπὸ
1731 2116 1829 2186 τὴν
1852 2109 2012 2184 νεφέ-

2126 2123 2295 2168 autem
2329 2115 2395 2167 de
2441 2114 2671 2182 spiritali
2709 2125 3078 2180 consequente
3125 2128 3221 2167 eos
3285 2125 3437 2182 petra
3465 2153 3480 2176 ,
3542 2124 3696 2181 petra

434 2205 534 2274 λην
567 2202 726 2276 ἦσαν,
773 2208 866 2261 καὶ
899 2208 1105 2271 πάντες
1151 2209 1238 2261 διὰ
1291 2210 1391 2278 τῆς
1447 2209 1727 2276 θαλάσσης
1767 2208 2010 2277 διῆλθον,

2126 2216 2296 2259 autem
2325 2219 2441 2259 erat
2472 2207 2747 2258 Christus.
2780 2205 2886 2259 Sed
2931 2219 3039 2258 non
3074 2205 3127 2258 in
3160 2204 3407 2273 pluribus
3440 2205 3699 2274 benepla-

435 2301 528 2349 καὶ
582 2301 785 2361 πάντες
827 2303 908 2363 είς
967 2300 1059 2352 τὸν
1109 2300 1354 2370 Μωῡσῆν
1411 2301 1778 2353 ἐϐαπτίσαντο
1835 2305 1892 2354 ἐν
1939 2304 2006 2371 τῇ

2126 2301 2284 2354 citum
2321 2310 2403 2352 est
2438 2299 2546 2354 Deo
2567 2302 2666 2352 δ’.»

437 2394 629 2464 νεφέλῃ
656 2394 749 2446 καὶ
775 2393 833 2445 ἐν
856 2396 920 2464 τῇ
943 2393 1215 2466 θαλάσσῃ,
1241 2395 1336 2449 καὶ
1359 2396 1560 2458 πάντες
1581 2395 1642 2446 τὸ
1667 2396 1799 2449 αὐτὸ
1857 2395 2051 2466 βρῶμα
2127 2397 2499 2466 πνευματικὸν
2553 2397 2781 2464 ἔφαγον,
2840 2397 2940 2450 καὶ
2991 2396 3195 2461 πάντες
3253 2397 3316 2450 τὸ
3363 2399 3499 2451 αὐτὸ
3551 2402 3703 2463 πόμα

436 2489 810 2557 πνευματικὸν
869 2489 1063 2542 ἔπιον·
1119 2489 1304 2544 ἔπινον
1360 2493 1468 2561 γὰρ
1513 2495 1577 2546 ἐκ
1634 2493 2015 2562 πνευματικῆς
2055 2492 2465 2562 ἀκολουθούσης
2515 2492 2745 2562 πέτρας,
2779 2492 2814 2560 ὴ
2862 2491 2921 2544 δέ
2972 2492 3148 2560 πέτρα
3195 2486 3265 2561 ἦν
3331 2493 3359 2544 6
3422 2495 3700 2563 Χριστ’ςο

429 733 509 801 εἷς
555 733 612 809 ᾗ,
661 740 765 790 κᾶν
806 734 919 789 εἷεν
963 736 1242 789 πλεῖστοι·
1295 735 1650 788 ἀνέκλειπτον
1702 736 1810 804 γάρ
1851 736 2001 787 ἐστιν

430 834 604 883 ἐκεῖνο
658 831 718 881 τὸ
760 829 1011 899 βραϐεῖον
1060 829 1158 897 τῆς
1205 830 1316 882 ἀνω
1362 826 1632 896 κλήσεως,
1687 829 1782 879 καὶ
1838 828 2002 895 ἀρκεῖ

431 923 566 989 προς
593 923 800 990 πάντας
847 919 1134 990 ἀμειώτως
1169 919 1603 988 μεταδιδόμενον.
1637 919 1728 969 Διὸ
1779 920 1942 972 πάλιν
1972 920 2000 971 6

431 1014 594 1072 αὐτὸς
643 1013 808 1064 πᾶσιν
851 1012 1048 1076 ἐπάγει
1096 1010 1308 1078 λέγων·
1351 1029 1370 1061 ι
1397 996 1574 1063 Ὀὕτω
1623 1011 1870 1080 τρέχετε,
1915 1013 2002 1064 ἵνα.

432 1103 802 1170 καταλάδητε.
851 1118 871 1152 ι
932 1100 1093 1152 Ἀλλά
1144 1102 1237 1152 καὶ
1289 1101 1382 1153 τὸν
1433 1101 1636 1169 τρόπον
1683 1100 2000 1163 ὑποδεικνὺς

429 1197 523 1248 τοῦ
562 1197 766 1267 δρόμου
793 1211 807 1226 ·
841 1214 858 1247 ι
902 1196 1015 1256 Πᾶς
1042 1195 1098 1246 δὲ
1129 1194 1157 1246 6
1187 1196 1610 1265 ἀγωνιζόμενος,
1641 1197 1793 1265 φησὶ,
1823 1200 1999 1250 πάντα

431 1288 847 1358 ἐγκρατεύεται,
885 1306 904 1340 ι
941 1289 1186 1356 μηδεμιᾷ
1221 1305 1350 1340 ποτε
1381 1289 1491 1341 τῶν
1531 1291 2001 1359 ἀπηγορευμένων

435 1379 639 1445 ἡδονῶν
669 1377 884 1430 ἔκδοτον
914 1381 990 1440 είς
1022 1379 1174 1440 τέλος
1222 1381 1414 1434 ἑαυτὸν
1449 1381 1729 1451 παρέχων.
1763 1377 1896 1435 Εἶτα
1925 1383 2001 1447 ὡς

431 1467 801 1535 ἐνισταμένων
827 1467 936 1519 τῶν
975 1467 1435 1537 βεόαπτισμένων
1483 1472 1578 1522 καὶ
1613 1469 1884 1538 λεγόντων
1914 1473 2001 1525 διὰ

435 1560 598 1627 μόνου
632 1559 722 1610 τοῦ
772 1559 1152 1629 βαπτίσματος
1197 1563 1368 1630 χωρὶς
1411 1562 1521 1616 τῶν
1558 1563 1735 1630 ἔργων
1764 1545 2001 1634 εὐπροσ-

437 2582 552 2635 ἀλλ’
608 2583 705 2635 οὐκ
775 2585 834 2635 ἐν
897 2587 1010 2646 τοῖς
1074 2585 1318 2638 πλείοσιν
1377 2586 1558 2640 αὐτῶν
1638 2588 1931 2658 εὐδόκησεν
1989 2590 2018 2643 6
2051 2589 2202 2649 Θεός.
2248 2606 2266 2638 ι

511 2675 702 2729 Ταῦτα
735 2677 792 2729 δέ
835 2678 1015 2731 πάντα
1046 2677 1210 2730 τύποι
1235 2677 1343 2731 τῶν
1376 2680 1501 2734 καθ’
1525 2682 1674 2750 ἡμᾶς
1708 2682 1870 2752 ἱερῶν
1907 2701 2012 2752 μυ-

441 2769 680 2838 στηρίων
725 2765 864 2838 ἦσαν
891 2785 903 2798 ·
939 2772 970 2838 ή
1022 2770 1268 2824 θάλασσα
1300 2771 1392 2824 τοῦ
1444 2772 1584 2824 κατὰ
1632 2773 1692 2824 τὸ
1725 2773 2013 2843 βάπτισμα

443 2857 638 2922 ὓδατος
665 2877 678 2891 ·
731 2863 763 2930 ἡ
804 2860 1004 2929 νεφέλη
1047 2863 1142 2914 τοῦ
1200 2862 1407 2915 ἄνωθεν
1457 2864 1732 2932 μυστικῶς
1777 2869 1890 2929 τοῖς
1927 2868 2024 2936 βα-

441 2952 788 3018 πτιζομένοις
819 2953 982 3020 215
1015 2952 1428 3017 ἐπισκιάζοντος
1466 2955 1614 3007 θείου
1657 2957 1976 3023 Πνεύματος
2004 2974 2018 2987 ·

440 3043 502 3093 τὺ
534 3043 727 3111 βρῶμα
765 3045 861 3096 καὶ
906 3045 967 3096 τὸ
1004 3045 1177 3113 πόμα,
1227 3047 1323 3099 τοῦ
1353 3047 1590 3118 Χριστοῦ
1628 3047 1882 3118 σώματος
1926 3050 2020 3101 καὶ

443 3135 696 3203 αἵματος,
734 3132 808 3188 ὧν
841 3138 1001 3205 ἡμεῖς
1050 3138 1174 3190 καθ’
1204 3140 1443 3208 ἑκάστην
1480 3139 1555 3203 ὡς
1591 3143 1764 3194 είπεῖν
1798 3142 2022 3210 μετέχοτ

2192 2679 2392 2735 Verum
2418 2681 2534 2736 hate
2555 2681 2740 2734 omnia
2770 2680 3194 2751 prteﬁgurabant
3226 2691 3412 2735 sancta
3435 2681 3526 2751 qtti
3558 2682 3706 2751 apud

2122 2787 2221 2828 nos
2247 2781 2485 2841 aguntur
2505 2773 2791 2844 mysteria;
2821 2773 3088 2826 habemus
3113 2779 3166 2825 et
3190 2787 3291 2826 nos
3316 2787 3466 2825 mare
3496 2773 3705 2843 baptis-

2124 2864 2286 2918 matis
2322 2880 2498 2934 aquae,
2530 2867 2730 2919 nubem
2766 2865 2936 2917 divini
2972 2864 3208 2932 Spiritus
3237 2865 3493 2919 deorsum
3528 2866 3707 2934 bapti-

2123 2965 2277 3008 zatos
2315 2953 2724 3016 obumbrantis,
2764 2967 2949 3009 escam
3001 2962 3056 3006 et
3118 2962 3304 3021 potum
3353 2957 3602 3023 corporis
3649 2964 3707 3008 et

2120 3045 2404 3114 sanguinis
2428 3044 2632 3098 Christi
2667 3042 2864 3113 quibus
2897 3041 3148 3110 singulis,
3175 3052 3232 3096 ut
3263 3044 3332 3097 ita
3357 3044 3559 3108 dicam,
3587 3045 3706 3098 die-

2121 3137 2223 3192 bus
2254 3137 2726 3192 commtmicamus
2753 3155 2766 3202 ;
2811 3136 2932 3190 ideo
2963 3136 3257 3189 inanimem
3288 3145 3338 3189 et
3376 3152 3572 3190 sensus
3603 3151 3702 3189 ex-

449 3243 547 3293 μεν
572 3243 585 3256 ν
620 3227 708 3278 διὰ
736 3226 896 3279 τοῦτο
928 3228 1036 3298 γὰρ
1067 3231 1162 3279 καὶ
1190 3229 1287 3298 τὴν
1325 3230 1532 3300 ἄψυχον
1569 3232 1660 3285 καὶ
1693 3232 2020 3300 ἀναίσθητον

2127 3241 2330 3300 pertem
2360 3230 2673 3292 materiam,
2703 3237 2912 3298 petram
2945 3227 3092 3282 illam
3126 3227 3340 3282 vocavit
3370 3226 3571 3282 Paulus
3598 3229 3711 3296 spi-

447 3311 579 3386 ὕλην
623 3319 722 3389 τὴν
765 3320 972 3388 πέτραν
1019 3321 1237 3392 ἐκείνην
1287 3323 1667 3390 πνευματικὴν
1706 3326 1967 3378 ἐκάλεσεν
1994 3325 2022 3375 6

450 3411 683 3473 Παῦλος.
722 3412 937 3480 Ὠσπερ
966 3413 1076 3482 γὰρ
1105 3412 1336 3483 ψυχικὸν
1372 3415 1590 3481 λέγεται
1641 3417 1800 3484 σῶμα
1833 3418 1891 3468 τὸ
1917 3418 2024 3470 ὑπὸ

448 3505 622 3573 ψυχῆς
671 3503 1079 3572 δυναμούμενόν
1116 3524 1174 3558 τε
1233 3508 1328 3558 καὶ
1372 3507 1718 3575 κινούμενον,
1753 3508 1896 3560 οὕτω
1929 3509 2024 3563 καὶ

453 3597 820 3662 πνευματικόν
860 3597 976 3646 ἐστι
1015 3596 1197 3663 σῶμα,
1233 3597 1292 3650 τὸ
1319 3599 1422 3651 ὑπὸ
1454 3599 1547 3651 τοῦ
1596 3599 1741 3651 θείου
1772 3601 2025 3669 Πνεύμα-

453 3704 538 3746 τος
590 3688 887 3756 ὑπερφυῶς
932 3690 1349 3760 ἐνεργούμενον.
1405 3693 1558 3745 Ἐπεὶ
1616 3690 1712 3746 οὖν
1760 3697 1792 3762 ἡ
1848 3697 2024 3764 πέτρα

450 3781 630 3848 ἐκείνη
678 3781 996 3850 παραδόξως
1047 3785 1418 3854 ἐνεργουμένη
1466 3788 1618 3856 παρά
1645 3787 1738 3839 τοῦ
1782 3789 2027 3857 Πνεύμα-

449 3891 561 3934 τος,
608 3874 706 3942 τὴν
739 3873 834 3928 τοῦ
879 3874 1070 3938 ὓδατος
1120 3879 1306 3945 πηγὴν
1351 3882 1922 3950 συμμεταφερομένην
1953 3877 2028 3934 εἴ·

450 3981 544 4033 χεν
586 3965 643 4015 ἐν
688 3967 880 4036 ἑαυτῇ,
919 3969 1013 4018 καὶ
1058 3969 1189 4036 παρ’
1221 3970 1422 4036 ἑαυτῆς
1463 3971 1714 4038 ἀφθόνως
1760 3973 2024 4037 ἀνεδίδου,

453 4059 799 4125 πνευματικὴ
832 4057 1058 4118 δικαίως
1104 4061 1307 4128 ἐκλήθη
1343 4061 1494 4129 παρὰ
1539 4063 1630 4114 τοῦ
1668 4066 1901 4129 Παύλου,
1935 4067 2028 4118 καὶ

452 4149 532 4208 είς
565 4148 732 4200 τύπον
783 4150 1138 4220 προσελήφθη
1191 4153 1286 4204 τοῦ
1313 4155 1552 4222 Χριστοῦ
1602 4155 1855 4222 σώματος
1881 4174 1897 4189 ⁶
1933 4161 2028 4211 καὶ

456 4238 614 4292 τοῦτο
642 4241 748 4308 γὰρ
790 4241 894 4292 ὑπὸ
953 4242 1040 4292 τοῦ
1090 4243 1427 4307 ἐνοικοῦντος
1472 4245 1620 4315 αὑτῷ
1658 4247 2029 4317 πληρώματος

451 4333 549 4399 τῆς
582 4332 833 4401 θεότητος
872 4333 1272 4402 ἐνεργούμενον
1299 4335 1413 4404 ἔχει
1443 4353 1502 4387 τε
1537 4338 1630 4389 καὶ
1664 4339 1893 4407 παρέχει
1918 4343 2032 4400 τοῖς

457 4423 666 4487 πιστῶς
713 4423 1034 4494 προσιοῦσιν
1082 4426 1329 4492 ἀφθόνως
1361 4427 1461 4496 τὴν
1512 4429 1698 4496 πηγὴν
1725 4431 1823 4498 τῆς
1860 4432 2029 4484 ἀϊδίου

457 4514 620 4582 ζωῆς.
685 4516 845 4566 ’Λλλά
908 4516 1046 4584 πρὸς
1084 4515 1142 4567 ὃν
1191 4517 1288 4568 νῦν
1320 4521 1452 4585 ἡμῖν
1503 4523 1530 4572 6
1561 4521 1732 4586 λόγος.
1789 4521 1971 4572 Εἰπὼν
2006 4523 2032 4573 6

2127 3323 2364 3379 ritalem.
2406 3321 2878 3388 Quemadmodum
2915 3320 3220 3374 animatum
3275 3319 3471 3374 dicitur
3507 3334 3710 3388 corpus

2128 3415 2274 3484 quod
2311 3414 2380 3468 ab
2410 3415 2596 3467 anima
2627 3414 2906 3467 ﬁrmatum
2939 3419 3217 3473 movetur,
3252 3411 3323 3465 ita
3351 3411 3597 3480 spiritale
3630 3419 3714 3465 est

2125 3522 2326 3575 corpus
2352 3507 2498 3576 quod
2534 3520 2601 3558 ex
2633 3505 2817 3558 divino
2849 3503 3060 3574 Spiritu
3105 3518 3270 3571 supra
3302 3495 3551 3556 naturam
3579 3518 3711 3572 ope-

2124 3609 2300 3655 ratur.
2337 3597 2505 3667 lgitur
2552 3611 2676 3650 cum
2732 3604 2883 3663 petra
2936 3595 3025 3647 illa
3064 3593 3376 3662 prodigiose
3422 3608 3452 3646 a
3500 3593 3708 3659 Spiritu

2128 3699 2371 3760 operata,
2405 3690 2608 3742 fontem
2646 3702 2803 3756 aquae
2840 3687 2892 3740 in
2923 3687 3211 3753 semetipsa
3257 3700 3441 3739 secum
3481 3685 3708 3748 ferebat,

2128 3793 2180 3836 et
2213 3799 2243 3836 a
2278 3784 2572 3848 semetipsa
2610 3779 2955 3833 abundanter
2988 3777 3284 3846 praebebat,
3321 3777 3445 3844 jure
3480 3792 3510 3830 a
3543 3778 3711 3832 Paulo

2128 3884 2318 3928 vorata
2351 3874 2452 3926 fuit
2478 3871 2758 3940 spiritalis,
2791 3881 2844 3923 et
2873 3869 2924 3922 in
2954 3869 3179 3938 ﬁguram
3221 3869 3472 3936 corporis
3507 3868 3710 3922 Christi

2128 3965 2234 4019 fuit
2268 3971 2588 4031 assonipta;
2627 3959 2771 4014 istud
2813 3958 2960 4012 enim
2995 3974 3060 4012 ex
3094 3957 3451 4027 plenitudinis
3493 3958 3713 4012 deitatis

2130 4059 2184 4111 in
2218 4058 2336 4127 ipso
2364 4052 2664 4108 habitantis
2687 4066 2924 4120 operans
2948 4049 3177 4123 habebat
3203 4059 3255 4103 et
3283 4050 3628 4120 impertiebat
3646 4065 3708 4104 ex

2131 4148 2461 4204 abundantia
2497 4147 2725 4201 ﬁdeliter
2753 4144 3142 4200 accedentibus
3171 4142 3374 4197 fontem
3401 4144 3522 4197 vitae
3555 4152 3715 4197 aeter-

2130 4259 2236 4296 nzr.
2276 4240 2382 4294 Sed
2417 4240 2706 4294 redeamus
2756 4238 2821 4291 ad
2860 4237 2996 4312 illud
3033 4237 3101 4290 de
3131 4251 3238 4305 quo
3273 4236 3432 4290 nobis
3480 4243 3565 4288 est
3612 4237 3713 4290 ho-

2132 4335 2359 4388 diernus
2385 4346 2586 4386 sermo.
2618 4329 2754 4384 Cum
2782 4327 3015 4382 dixisset
3045 4327 3203 4380 divus
3229 4324 3428 4379 Paulus
3465 4325 3588 4379 illos
3619 4342 3718 4392 pro

2135 4426 2293 4479 nobis
2321 4424 2566 4478 omnium
2601 4421 2654 4474 in
2690 4421 2860 4490 ﬁgura
2892 4418 3275 4489 mysteriorum
3327 4415 3502 4472 fuisse
3543 4420 3719 4485 parti-

2137 4518 2305 4585 cipes,
2339 4515 2585 4568 addidit:
2615 4531 2632 4564 ι
2668 4511 2772 4566 Sed
2803 4526 2911 4564 non
2948 4511 3000 4562 in
3043 4509 3293 4578 pluribus
3323 4522 3514 4562 eorum
3549 4509 3720 4563 bene-

459 4605 599 4668 θείος
637 4608 866 4669 Παῦλος,
899 4609 981 4661 ότι
1024 4612 1070 4662 ot
1105 4613 1210 4680 πρὸ
1233 4613 1390 4680 ἡμῶν
1418 4615 1614 4666 ἐκεῖνος
1655 4617 1870 4667 πάντων
1903 4632 2020 4684 μετ-

2137 4607 2392 4676 placitum
2423 4613 2504 4659 est
2534 4604 2680 4667 Deo;
2715 4618 2838 4656 nam
2891 4601 3146 4670 prostrati
3193 4607 3322 4653 sunt
3363 4599 3420 4652 in
3452 4598 3673 4653 deserto
3702 4617 3718 4665 ;

458 4696 617 4763 έσχον
661 4699 768 4751 των
805 4702 862 4751 ἐν
894 4701 1053 4768 τύπῳ
1101 4704 1439 4773 μυστηρίων,
1473 4707 1752 4773 ἐπήγαγεν
1777 4722 1788 4735 ·
1826 4724 1842 4756 ι
1891 4707 2028 4757 Ἀλλ’

459 4790 557 4840 οὐκ
593 4793 648 4838 ἐν
685 4793 796 4849 τοῖς
828 4789 1069 4842 πλείοσιν
1098 4793 1278 4843 αὐτῶν
1316 4794 1609 4863 εὐδόκησεν
1635 4796 1662 4845 6
1696 4796 1824 4857 Θεός
1847 4813 1859 4824 ·
1897 4814 2028 4848 κατι

459 4878 813 4948 εστρώθησαν
876 4881 981 4950 γὰρ
1040 4885 1096 4934 ἐν
1137 4887 1200 4952 τῇ
1261 4885 1472 4955 ἐρήμῳ,
1527 4889 1621 4938 καὶ
1679 4873 2032 4958 τύποιήμῶν

461 4973 822 5042 ἐγενήθησαν,
867 4977 946 5037 εἰς
983 4975 1042 5027 τὸ
1077 4975 1151 5046 μὴ
1186 4972 1325 5028 εἶναι
1363 4978 1509 5046 ἡμᾶς
1543 4978 1890 5049 ἐπιθυμητὰς
1931 4997 2032 5031 κλ-

459 5065 593 5128 κῶν,
637 5066 818 5128 καθὼς
870 5069 1115 5119 κάκεῖνοι
1161 5068 1541 5137 ἐπεθύμησαν.
1583 5089 1599 5119 ι
1634 5070 1803 5122 Τοῦτο
1858 5072 2033 5139 λέγων

460 5160 741 5228 ἀντικρυς,
779 5161 861 5212 ὃτι
894 5162 1144 5230 καθάπερ
1186 5163 1449 5224 ἐκείνους,
1494 5165 1627 5231 πρός
1659 5165 1753 5224 τὰς
1790 5164 2034 5233 πονηρὰς

461 5250 756 5317 ἐπιθυμίας
787 5253 1164 5314 ἐκκλίναντας,
1193 5253 1346 5306 οὐδὲν
1378 5253 1672 5324 ὠφέλησαν
1710 5257 1759 5307 οἱ
1789 5255 2034 5317 δοθέντες

461 5342 621 5391 τύποι
671 5342 777 5394 τῶν
832 5343 1190 5410 μυστηρίων,
1243 5342 1364 5394 οὐδέ
1409 5343 1678 5406 ἐξείλοντο
1732 5344 1829 5410 τῆς
1881 5345 2034 5408 θείας

461 5431 926 5500 ἐγκαταλείψεως,
975 5432 1055 5484 διὸ
1102 5435 1194 5484 καὶ
1248 5435 1695 5503 καταφθαρέντες
1747 5437 1901 5498 ἐκτὸς
1958 5441 2035 5500 είς

464 5522 560 5589 τὴν
595 5524 698 5590 γῆν
725 5524 824 5592 τῆς
860 5525 1192 5591 ἐπαγγελίας
1217 5526 1317 5578 οὐκ
1343 5527 1734 5594 ἀπεσώθησαν,
1773 5527 1914 5580 οὕτω
1943 5533 2034 5582 καὶ

465 5613 630 5680 ἡμᾶς,
673 5617 832 5686 εἴπερ
884 5617 942 5668 ἐν
987 5617 1285 5686 ἁμαρτίαις
1343 5618 1442 5687 ζῇν
1487 5617 1924 5691 προαιρούμεθα,
1972 5620 2032 5672 τὸ

573 5800 613 5824 ⁴’
646 5794 808 5848 lGor.
849 5812 902 5860 κ,
937 5798 987 5850 l.
1063 5799 1081 5827 ³
1119 5795 1284 5851 ICor.
1321 5811 1392 5859 Ix,
1429 5798 1480 5850 5.

2136 4701 2254 4753 hqu
2293 4708 2471 4752 autem
2507 4697 2648 4750 facta
2685 4703 2813 4750 sunt
2846 4695 2898 4748 in
2936 4693 3107 4764 ﬁgura
3161 4691 3358 4756 nostri,
3392 4701 3451 4744 ut
3498 4709 3604 4746 non
3639 4693 3720 4746 si-

2139 4807 2259 4844 mus
2287 4787 2739 4857 concupiscentes
2767 4786 3055 4847 malorum,
3083 4785 3224 4838 sicut
3245 4793 3298 4836 ct
3327 4785 3401 4836 illi
3425 4785 3723 4854 concupie-

2137 4890 2264 4929 runt
2297 4877 2338 4928 ⁵.
2377 4894 2395 4926 ι
2434 4875 2587 4940 Quod
2622 4890 2849 4943 prorsus
2883 4873 3014 4926 dicit
3043 4881 3097 4926 ut
3140 4874 3281 4926 sient
3314 4874 3419 4926 illis
3451 4875 3514 4926 ad
3553 4875 3723 4928 malas

2137 4969 2609 5038 concupiscentias
2635 4968 2920 5038 propensis
2942 4967 3166 5020 minime
3191 4967 3516 5035 profuerunt
3539 4970 3724 5035 ﬁgura:

2138 5063 2560 5129 mysteriorum;
2602 5075 2700 5114 nec
2733 5062 2922 5114 omitte
2965 5060 3205 5113 divinam
3259 5059 3721 5116 derelictionem.

2145 5154 2384 5216 ideoque
2427 5163 2579 5207 extra
2616 5152 2954 5222 pessumdati
2986 5168 3091 5205 non
3125 5153 3469 5205 intraverunt
3518 5148 3571 5201 in
3608 5158 3720 5201 ter-

2139 5263 2252 5300 ram
2289 5245 2707 5317 promissionis;
2752 5245 2824 5298 ita
2853 5253 2905 5298 et
2935 5259 3054 5306 nos,
3091 5244 3136 5297 si
3179 5243 3229 5296 in
3267 5241 3503 5311 peccatis
3542 5241 3726 5293 vivere

2143 5341 2529 5404 maluerimns,
2562 5339 2805 5392 divinum
2831 5337 3124 5404 baptisma,
3151 5335 3447 5402 divinaque
3481 5333 3610 5385 illud
3644 5347 3726 5387 sc-

2143 5432 2363 5503 quentia
2393 5432 2647 5502 mysteria
2675 5431 2742 5484 ab
2772 5440 2973 5483 mterua
3002 5427 3356 5482 damnatione
3378 5440 3484 5479 non
3508 5433 3724 5487 eruent;

2141 5527 2232 5580 sed
2268 5525 2586 5579 decidemus
2618 5539 2685 5576 ex
2727 5521 2933 5577 caelesti
2972 5521 3286 5574 lia-reditate
3313 5557 3328 5581 ,
3369 5517 3728 5586 quemadmoc

2141 5617 2268 5673 dum
2326 5617 2400 5671 illi
2460 5632 2526 5673 ex
2585 5627 2729 5672 terra
2787 5613 3193 5685 promissionis,
3252 5610 3369 5664 sine
3409 5608 3724 5678 pmltitentia
