  <div class='ocr_page' id='page_1' title='image "/cluster/home/n/w/nwhite01/storage/ocr_20150623/151:no.2/coo.31924054870567/252.png"; bbox 0 0 4014 6428; ppageno 0'>
   <div class='ocr_carea' id='block_1_1' title="bbox 419 353 523 412">
    <p class='ocr_par' dir='ltr' id='par_1_1' title="bbox 419 353 523 412">
     <span class='ocr_line' id='line_1_1' title="bbox 419 353 523 412; baseline -0.01 0"><span class='ocrx_word' id='word_1_1' title='bbox 419 353 523 412; x_wconf 76' lang='grc' dir='ltr'><strong>ι85</strong></span> 
     </span>
    </p>
   </div>
   <div class='ocr_carea' id='block_1_2' title="bbox 1756 347 2403 409">
    <p class='ocr_par' dir='ltr' id='par_1_2' title="bbox 1756 347 2403 409">
     <span class='ocr_line' id='line_1_2' title="bbox 1756 347 2403 409; baseline 0.006 -5"><span class='ocrx_word' id='word_1_2' title='bbox 1756 347 2088 406; x_wconf 75' lang='lat' dir='ltr'><strong>llOMlLlA</strong></span> <span class='ocrx_word' id='word_1_3' title='bbox 2127 347 2403 409; x_wconf 78' lang='lat' dir='ltr'><strong>XXXIX.</strong></span> 
     </span>
    </p>
   </div>
   <div class='ocr_carea' id='block_1_3' title="bbox 3569 352 3671 411">
    <p class='ocr_par' dir='ltr' id='par_1_3' title="bbox 3569 352 3671 411">
     <span class='ocr_line' id='line_1_3' title="bbox 3569 352 3671 411; baseline 0.01 -1"><span class='ocrx_word' id='word_1_4' title='bbox 3569 352 3671 411; x_wconf 61' lang='lat'><strong>450</strong></span> 
     </span>
    </p>
   </div>
   <div class='ocr_carea' id='block_1_4' title="bbox 415 453 1999 532">
    <p class='ocr_par' dir='ltr' id='par_1_4' title="bbox 415 460 1993 532">
     <span class='ocr_line' id='line_1_4' title="bbox 415 460 1993 532; baseline -0.003 -16"><span class='ocrx_word' id='word_1_5' title='bbox 415 469 444 516; x_wconf 82' lang='grc' dir='ltr'><strong>ὁ</strong></span> <span class='ocrx_word' id='word_1_6' title='bbox 493 464 614 532; x_wconf 85' lang='grc' dir='ltr'>Κύρ</span> <span class='ocrx_word' id='word_1_7' title='bbox 638 480 694 524; x_wconf 88' lang='grc' dir='ltr'><strong>ος</strong></span> <span class='ocrx_word' id='word_1_8' title='bbox 783 462 1156 531; x_wconf 74' lang='grc' dir='ltr'><strong>παραγγείλας</strong></span> <span class='ocrx_word' id='word_1_9' title='bbox 1189 463 1298 528; x_wconf 81' lang='grc' dir='ltr'>γὰρ</span> <span class='ocrx_word' id='word_1_10' title='bbox 1329 464 1442 522; x_wconf 77' lang='grc' dir='ltr'>τοῖς</span> <span class='ocrx_word' id='word_1_11' title='bbox 1492 460 1762 530; x_wconf 70' lang='grc' dir='ltr'>μαθηταῖς</span> <span class='ocrx_word' id='word_1_12' title='bbox 1797 461 1993 529; x_wconf 78' lang='grc' dir='ltr'>βαπτί-</span> 
     </span>
    </p>
   </div>
   <div class='ocr_carea' id='block_1_5' title="bbox 2105 453 3675 532">
    <p class='ocr_par' dir='ltr' id='par_1_5' title="bbox 2105 453 3675 523">
     <span class='ocr_line' id='line_1_5' title="bbox 2105 453 3675 523; baseline 0.003 -11"><span class='ocrx_word' id='word_1_13' title='bbox 2105 474 2243 523; x_wconf 87' lang='lat' dir='ltr'><strong>cere,</strong></span> <span class='ocrx_word' id='word_1_14' title='bbox 2275 459 2524 514; x_wconf 81' lang='lat' dir='ltr'><strong>addidit:</strong></span> <span class='ocrx_word' id='word_1_15' title='bbox 2562 478 2580 512; x_wconf 86' lang='grc' dir='ltr'><strong>ι</strong></span> <span class='ocrx_word' id='word_1_16' title='bbox 2625 462 2762 515; x_wconf 83' lang='lat' dir='ltr'><strong>Ecce</strong></span> <span class='ocrx_word' id='word_1_17' title='bbox 2795 459 3079 515; x_wconf 74' lang='lat' dir='ltr'><strong>vobiscum</strong></span> <span class='ocrx_word' id='word_1_18' title='bbox 3116 475 3236 515; x_wconf 90' lang='lat' dir='ltr'><strong>sum</strong></span> <span class='ocrx_word' id='word_1_19' title='bbox 3280 461 3536 516; x_wconf 86' lang='lat' dir='ltr'><strong>omnibus</strong></span> <span class='ocrx_word' id='word_1_20' title='bbox 3564 453 3675 516; x_wconf 87' lang='lat' dir='ltr'><strong>die-</strong></span> 
     </span>
    </p>
   </div>
   <div class='ocr_carea' id='block_1_6' title="bbox 416 551 1992 623">
    <p class='ocr_par' dir='ltr' id='par_1_6' title="bbox 416 551 1992 623">
     <span class='ocr_line' id='line_1_6' title="bbox 416 551 1992 623; baseline -0.002 -16"><span class='ocrx_word' id='word_1_21' title='bbox 416 557 532 619; x_wconf 79' lang='grc' dir='ltr'>ζειν</span> <span class='ocrx_word' id='word_1_22' title='bbox 567 559 661 612; x_wconf 72' lang='grc' dir='ltr'>καὶ</span> <span class='ocrx_word' id='word_1_23' title='bbox 701 555 996 618; x_wconf 81' lang='grc' dir='ltr'><strong>διδάσκειν,</strong></span> <span class='ocrx_word' id='word_1_24' title='bbox 1037 554 1288 623; x_wconf 74' lang='grc' dir='ltr'><strong>ἐπιφέρει</strong></span> <span class='ocrx_word' id='word_1_25' title='bbox 1315 569 1328 582; x_wconf 81' lang='grc'><strong><em>⁸</em></strong></span> <span class='ocrx_word' id='word_1_26' title='bbox 1371 572 1388 604; x_wconf 88' lang='grc' dir='ltr'><strong>ι</strong></span> <span class='ocrx_word' id='word_1_27' title='bbox 1425 553 1534 606; x_wconf 79' lang='grc' dir='ltr'>Καὶ</span> <span class='ocrx_word' id='word_1_28' title='bbox 1583 553 1691 606; x_wconf 77' lang='grc' dir='ltr'>[δοῦ</span> <span class='ocrx_word' id='word_1_29' title='bbox 1726 551 1834 620; x_wconf 81' lang='grc' dir='ltr'><strong>ἐγὼ</strong></span> <span class='ocrx_word' id='word_1_30' title='bbox 1872 552 1992 619; x_wconf 85' lang='grc' dir='ltr'>μεθ’</span> 
     </span>
    </p>
   </div>
   <div class='ocr_carea' id='block_1_7' title="bbox 418 644 1994 716">
    <p class='ocr_par' dir='ltr' id='par_1_7' title="bbox 418 644 1994 716">
     <span class='ocr_line' id='line_1_7' title="bbox 418 644 1994 716; baseline -0.001 -17"><span class='ocrx_word' id='word_1_31' title='bbox 418 647 574 716; x_wconf 87' lang='grc' dir='ltr'>ὑμῶν</span> <span class='ocrx_word' id='word_1_32' title='bbox 631 648 749 714; x_wconf 84' lang='grc' dir='ltr'>εἰμι</span> <span class='ocrx_word' id='word_1_33' title='bbox 781 645 960 706; x_wconf 73' lang='grc' dir='ltr'>πάσας</span> <span class='ocrx_word' id='word_1_34' title='bbox 990 645 1090 706; x_wconf 78' lang='grc' dir='ltr'>τὰς</span> <span class='ocrx_word' id='word_1_35' title='bbox 1143 647 1379 714; x_wconf 73' lang='grc' dir='ltr'>ἡμέρας,</span> <span class='ocrx_word' id='word_1_36' title='bbox 1413 645 1518 705; x_wconf 70' lang='grc' dir='ltr'>ἓως</span> <span class='ocrx_word' id='word_1_37' title='bbox 1547 647 1646 712; x_wconf 80' lang='grc' dir='ltr'><strong>τῆς</strong></span> <span class='ocrx_word' id='word_1_38' title='bbox 1685 644 1994 706; x_wconf 75' lang='grc' dir='ltr'>συντελείας</span> 
     </span>
    </p>
   </div>
   <div class='ocr_carea' id='block_1_8' title="bbox 415 733 1992 804">
    <p class='ocr_par' dir='ltr' id='par_1_8' title="bbox 415 733 1992 804">
     <span class='ocr_line' id='line_1_8' title="bbox 415 733 1992 804; baseline -0.001 -16"><span class='ocrx_word' id='word_1_39' title='bbox 415 738 508 789; x_wconf 87' lang='grc' dir='ltr'><strong>τοῦ</strong></span> <span class='ocrx_word' id='word_1_40' title='bbox 549 736 766 798; x_wconf 79' lang='grc' dir='ltr'>αἰῶνος.</span> <span class='ocrx_word' id='word_1_41' title='bbox 809 755 828 788; x_wconf 74' lang='grc' dir='ltr'><strong>ι</strong></span> <span class='ocrx_word' id='word_1_42' title='bbox 857 738 922 788; x_wconf 85' lang='grc' dir='ltr'><strong>Οἱ</strong></span> <span class='ocrx_word' id='word_1_43' title='bbox 961 739 1058 804; x_wconf 81' lang='grc' dir='ltr'>μὲν</span> <span class='ocrx_word' id='word_1_44' title='bbox 1085 733 1178 789; x_wconf 86' lang='grc' dir='ltr'><strong>οῦν</strong></span> <span class='ocrx_word' id='word_1_45' title='bbox 1204 737 1469 804; x_wconf 75' lang='grc' dir='ltr'><strong>αὐτήκοοι</strong></span> <span class='ocrx_word' id='word_1_46' title='bbox 1504 737 1812 804; x_wconf 74' lang='grc' dir='ltr'><strong>γεγονότες,</strong></span> <span class='ocrx_word' id='word_1_47' title='bbox 1846 737 1992 804; x_wconf 78' lang='grc' dir='ltr'>ὑπηο</span> 
     </span>
    </p>
   </div>
   <div class='ocr_carea' id='block_1_9' title="bbox 421 816 1996 897">
    <p class='ocr_par' dir='ltr' id='par_1_9' title="bbox 421 816 1996 897">
     <span class='ocr_line' id='line_1_9' title="bbox 421 816 1996 897; baseline -0.001 -18"><span class='ocrx_word' id='word_1_48' title='bbox 421 829 752 897; x_wconf 85' lang='grc' dir='ltr'>ρετήσαντες</span> <span class='ocrx_word' id='word_1_49' title='bbox 790 829 855 897; x_wconf 82' lang='grc' dir='ltr'>τῇ</span> <span class='ocrx_word' id='word_1_50' title='bbox 895 816 990 878; x_wconf 82' lang='grc' dir='ltr'><strong>τοῦ</strong></span> <span class='ocrx_word' id='word_1_51' title='bbox 1031 826 1166 879; x_wconf 86' lang='grc' dir='ltr'>Θεοῦ</span> <span class='ocrx_word' id='word_1_52' title='bbox 1195 827 1359 896; x_wconf 79' lang='grc' dir='ltr'>βουλῇ</span> <span class='ocrx_word' id='word_1_53' title='bbox 1388 827 1479 878; x_wconf 74' lang='grc' dir='ltr'><strong>ἐπὶ</strong></span> <span class='ocrx_word' id='word_1_54' title='bbox 1510 827 1608 894; x_wconf 74' lang='grc' dir='ltr'><strong>τῆς</strong></span> <span class='ocrx_word' id='word_1_55' title='bbox 1635 827 1826 893; x_wconf 75' lang='grc' dir='ltr'>γενεᾶς</span> <span class='ocrx_word' id='word_1_56' title='bbox 1854 826 1996 878; x_wconf 81' lang='grc' dir='ltr'>ὲκεί-</span> 
     </span>
    </p>
   </div>
   <div class='ocr_carea' id='block_1_10' title="bbox 419 912 1994 988">
    <p class='ocr_par' dir='ltr' id='par_1_10' title="bbox 419 912 1994 988">
     <span class='ocr_line' id='line_1_10' title="bbox 419 912 1994 988; baseline -0.001 -17"><span class='ocrx_word' id='word_1_57' title='bbox 419 936 534 988; x_wconf 92' lang='grc' dir='ltr'>νης,</span> <span class='ocrx_word' id='word_1_58' title='bbox 574 920 966 985; x_wconf 79' lang='grc' dir='ltr'>ἀπανέστησαν</span> <span class='ocrx_word' id='word_1_59' title='bbox 1000 918 1109 971; x_wconf 90' lang='grc' dir='ltr'><strong>τῶν</strong></span> <span class='ocrx_word' id='word_1_60' title='bbox 1137 912 1239 971; x_wconf 83' lang='grc' dir='ltr'>ὧδε</span> <span class='ocrx_word' id='word_1_61' title='bbox 1263 933 1278 948; x_wconf 77' lang='grc'><strong><em>⁸</em></strong></span> <span class='ocrx_word' id='word_1_62' title='bbox 1314 920 1408 970; x_wconf 78' lang='grc' dir='ltr'>καὶ</span> <span class='ocrx_word' id='word_1_63' title='bbox 1439 919 1569 988; x_wconf 76' lang='grc' dir='ltr'>ἡμῖν</span> <span class='ocrx_word' id='word_1_64' title='bbox 1599 917 1794 970; x_wconf 83' lang='grc' dir='ltr'>οὐκοῦν</span> <span class='ocrx_word' id='word_1_65' title='bbox 1845 919 1994 970; x_wconf 84' lang='grc' dir='ltr'>ἐστιν</span> 
     </span>
    </p>
   </div>
   <div class='ocr_carea' id='block_1_11' title="bbox 419 1010 1993 1080">
    <p class='ocr_par' dir='ltr' id='par_1_11' title="bbox 419 1010 1993 1080">
     <span class='ocr_line' id='line_1_11' title="bbox 419 1010 1993 1080; baseline 0 -16"><span class='ocrx_word' id='word_1_66' title='bbox 419 1014 451 1080; x_wconf 83' lang='grc' dir='ltr'>ἡ</span> <span class='ocrx_word' id='word_1_67' title='bbox 488 1011 813 1078; x_wconf 76' lang='grc' dir='ltr'>ἐπαγγελία,</span> <span class='ocrx_word' id='word_1_68' title='bbox 871 1013 984 1073; x_wconf 84' lang='grc' dir='ltr'>τοῖς</span> <span class='ocrx_word' id='word_1_69' title='bbox 1029 1011 1172 1063; x_wconf 79' lang='grc' dir='ltr'><strong>κατά</strong></span> <span class='ocrx_word' id='word_1_70' title='bbox 1218 1013 1411 1078; x_wconf 84' lang='grc' dir='ltr'>γενεὰς</span> <span class='ocrx_word' id='word_1_71' title='bbox 1457 1010 1624 1079; x_wconf 80' lang='grc' dir='ltr'>μέχρι</span> <span class='ocrx_word' id='word_1_72' title='bbox 1679 1011 1993 1074; x_wconf 78' lang='grc' dir='ltr'>συντελείας</span> 
     </span>
    </p>
   </div>
   <div class='ocr_carea' id='block_1_12' title="bbox 418 1101 1993 1172">
    <p class='ocr_par' dir='ltr' id='par_1_12' title="bbox 418 1101 1993 1172">
     <span class='ocr_line' id='line_1_12' title="bbox 418 1101 1993 1172; baseline -0.001 -16"><span class='ocrx_word' id='word_1_73' title='bbox 418 1103 513 1156; x_wconf 87' lang='grc' dir='ltr'><strong>τοῦ</strong></span> <span class='ocrx_word' id='word_1_74' title='bbox 549 1103 747 1166; x_wconf 76' lang='grc' dir='ltr'>αἰῶνος</span> <span class='ocrx_word' id='word_1_75' title='bbox 771 1104 850 1164; x_wconf 88' lang='grc' dir='ltr'><strong>είς</strong></span> <span class='ocrx_word' id='word_1_76' title='bbox 897 1103 1058 1154; x_wconf 84' lang='grc' dir='ltr'>αὐτὸν</span> <span class='ocrx_word' id='word_1_77' title='bbox 1092 1101 1438 1166; x_wconf 85' lang='grc' dir='ltr'>πιστεύουσι,</span> <span class='ocrx_word' id='word_1_78' title='bbox 1469 1103 1565 1154; x_wconf 81' lang='grc' dir='ltr'><strong>καὶ</strong></span> <span class='ocrx_word' id='word_1_79' title='bbox 1589 1101 1656 1153; x_wconf 82' lang='grc' dir='ltr'>δι’</span> <span class='ocrx_word' id='word_1_80' title='bbox 1684 1101 1862 1172; x_wconf 74' lang='grc' dir='ltr'>ἔργων</span> <span class='ocrx_word' id='word_1_81' title='bbox 1892 1103 1993 1171; x_wconf 86' lang='grc' dir='ltr'>τὴν</span> 
     </span>
    </p>
   </div>
   <div class='ocr_carea' id='block_1_13' title="bbox 417 1191 1992 1262">
    <p class='ocr_par' dir='ltr' id='par_1_13' title="bbox 417 1191 1992 1262">
     <span class='ocr_line' id='line_1_13' title="bbox 417 1191 1992 1262; baseline 0 -16"><span class='ocrx_word' id='word_1_82' title='bbox 417 1195 601 1246; x_wconf 87' lang='grc' dir='ltr'>πίστιν</span> <span class='ocrx_word' id='word_1_83' title='bbox 650 1193 1160 1262; x_wconf 76' lang='grc' dir='ltr'>ἐπιδεικνυμένοις”</span> <span class='ocrx_word' id='word_1_84' title='bbox 1213 1193 1287 1254; x_wconf 81' lang='grc' dir='ltr'>ὡς</span> <span class='ocrx_word' id='word_1_85' title='bbox 1334 1193 1400 1246; x_wconf 85' lang='grc' dir='ltr'><strong>ἂν</strong></span> <span class='ocrx_word' id='word_1_86' title='bbox 1447 1191 1555 1244; x_wconf 73' lang='grc' dir='ltr'>ἀπὸ</span> <span class='ocrx_word' id='word_1_87' title='bbox 1603 1192 1714 1244; x_wconf 85' lang='grc' dir='ltr'><strong>τῶν</strong></span> <span class='ocrx_word' id='word_1_88' title='bbox 1755 1191 1992 1246; x_wconf 78' lang='grc' dir='ltr'>ἐνταῦθα</span> 
     </span>
    </p>
   </div>
   <div class='ocr_carea' id='block_1_14' title="bbox 422 1283 1989 1354">
    <p class='ocr_par' dir='ltr' id='par_1_14' title="bbox 422 1283 1989 1354">
     <span class='ocr_line' id='line_1_14' title="bbox 422 1283 1989 1354; baseline 0.001 -17"><span class='ocrx_word' id='word_1_89' title='bbox 422 1287 542 1354; x_wconf 85' lang='grc' dir='ltr'>μεθ’</span> <span class='ocrx_word' id='word_1_90' title='bbox 573 1286 728 1354; x_wconf 75' lang='grc' dir='ltr'>ἡμῶν</span> <span class='ocrx_word' id='word_1_91' title='bbox 779 1285 870 1336; x_wconf 73' lang='grc' dir='ltr'>τὸν</span> <span class='ocrx_word' id='word_1_92' title='bbox 923 1284 1126 1354; x_wconf 84' lang='grc' dir='ltr'>Κύριον</span> <span class='ocrx_word' id='word_1_93' title='bbox 1156 1283 1395 1352; x_wconf 74' lang='grc' dir='ltr'>ἔχοντες.</span> <span class='ocrx_word' id='word_1_94' title='bbox 1434 1285 1493 1335; x_wconf 80' lang='grc' dir='ltr'><strong>ἐν</strong></span> <span class='ocrx_word' id='word_1_95' title='bbox 1539 1283 1689 1354; x_wconf 84' lang='grc' dir='ltr'>αὑτῷ</span> <span class='ocrx_word' id='word_1_96' title='bbox 1732 1284 1829 1336; x_wconf 80' lang='grc' dir='ltr'><strong>καὶ</strong></span> <span class='ocrx_word' id='word_1_97' title='bbox 1878 1285 1989 1338; x_wconf 90' lang='grc' dir='ltr'><strong>τῶν</strong></span> 
     </span>
    </p>
   </div>
   <div class='ocr_carea' id='block_1_15' title="bbox 420 1373 1986 1443">
    <p class='ocr_par' dir='ltr' id='par_1_15' title="bbox 420 1373 1986 1443">
     <span class='ocr_line' id='line_1_15' title="bbox 420 1373 1986 1443; baseline 0 -17"><span class='ocrx_word' id='word_1_98' title='bbox 420 1377 704 1442; x_wconf 80' lang='grc' dir='ltr'>παρόντων</span> <span class='ocrx_word' id='word_1_99' title='bbox 742 1376 834 1427; x_wconf 75' lang='grc' dir='ltr'><strong>καὶ</strong></span> <span class='ocrx_word' id='word_1_100' title='bbox 868 1375 977 1425; x_wconf 85' lang='grc' dir='ltr'><strong>τῶν</strong></span> <span class='ocrx_word' id='word_1_101' title='bbox 1009 1373 1314 1443; x_wconf 74' lang='grc' dir='ltr'>μελλόντων</span> <span class='ocrx_word' id='word_1_102' title='bbox 1352 1373 1696 1443; x_wconf 77' lang='grc' dir='ltr'>ἐπιτύχωμεν</span> <span class='ocrx_word' id='word_1_103' title='bbox 1742 1374 1986 1440; x_wconf 87' lang='grc' dir='ltr'>ἀγαθῶν,</span> 
     </span>
    </p>
   </div>
   <div class='ocr_carea' id='block_1_16' title="bbox 2093 551 3675 623">
    <p class='ocr_par' dir='ltr' id='par_1_16' title="bbox 2093 551 3675 623">
     <span class='ocr_line' id='line_1_16' title="bbox 2093 551 3675 623; baseline 0.001 -18"><span class='ocrx_word' id='word_1_104' title='bbox 2093 551 2197 605; x_wconf 88' lang='lat' dir='ltr'><strong>bus</strong></span> <span class='ocrx_word' id='word_1_105' title='bbox 2232 568 2403 620; x_wconf 88' lang='lat' dir='ltr'><strong>usque</strong></span> <span class='ocrx_word' id='word_1_106' title='bbox 2435 553 2499 604; x_wconf 88' lang='lat' dir='ltr'><strong>ad</strong></span> <span class='ocrx_word' id='word_1_107' title='bbox 2533 555 3066 606; x_wconf 76' lang='lat' dir='ltr'><strong>consummationem</strong></span> <span class='ocrx_word' id='word_1_108' title='bbox 3103 553 3340 606; x_wconf 47' lang='lat' dir='ltr'><strong>saeculi»</strong></span> <span class='ocrx_word' id='word_1_109' title='bbox 3383 553 3554 621; x_wconf 84' lang='lat' dir='ltr'><strong>Igitur</strong></span> <span class='ocrx_word' id='word_1_110' title='bbox 3583 556 3675 623; x_wconf 89' lang='lat' dir='ltr'><strong>qui</strong></span> 
     </span>
    </p>
   </div>
   <div class='ocr_carea' id='block_1_17' title="bbox 2092 640 3674 713">
    <p class='ocr_par' dir='ltr' id='par_1_17' title="bbox 2092 640 3674 713">
     <span class='ocr_line' id='line_1_17' title="bbox 2092 640 3674 713; baseline 0.003 -20"><span class='ocrx_word' id='word_1_111' title='bbox 2092 640 2296 695; x_wconf 84' lang='lat' dir='ltr'><strong>dociles</strong></span> <span class='ocrx_word' id='word_1_112' title='bbox 2330 642 2531 696; x_wconf 85' lang='lat' dir='ltr'><strong>fuerint</strong></span> <span class='ocrx_word' id='word_1_113' title='bbox 2557 651 2609 694; x_wconf 90' lang='lat' dir='ltr'><strong>et</strong></span> <span class='ocrx_word' id='word_1_114' title='bbox 2633 643 2830 696; x_wconf 70' lang='lat' dir='ltr'><strong>divina:</strong></span> <span class='ocrx_word' id='word_1_115' title='bbox 2862 643 3125 697; x_wconf 79' lang='lat' dir='ltr'><strong>voluntati</strong></span> <span class='ocrx_word' id='word_1_116' title='bbox 3155 643 3456 699; x_wconf 78' lang='lat' dir='ltr'><strong>servientes</strong></span> <span class='ocrx_word' id='word_1_117' title='bbox 3485 645 3536 697; x_wconf 91' lang='lat' dir='ltr'><strong>in</strong></span> <span class='ocrx_word' id='word_1_118' title='bbox 3583 661 3674 713; x_wconf 78' lang='lat' dir='ltr'><strong>ge-</strong></span> 
     </span>
    </p>
   </div>
   <div class='ocr_carea' id='block_1_18' title="bbox 2094 732 3664 803">
    <p class='ocr_par' dir='ltr' id='par_1_18' title="bbox 2094 732 3664 803">
     <span class='ocr_line' id='line_1_18' title="bbox 2094 732 3664 803; baseline 0.004 -21"><span class='ocrx_word' id='word_1_119' title='bbox 2094 732 2376 787; x_wconf 88' lang='lat' dir='ltr'><strong>neratione</strong></span> <span class='ocrx_word' id='word_1_120' title='bbox 2411 748 2507 786; x_wconf 86' lang='lat' dir='ltr'><strong>sua</strong></span> <span class='ocrx_word' id='word_1_121' title='bbox 2531 773 2546 796; x_wconf 93' lang='lat'><strong>,</strong></span> <span class='ocrx_word' id='word_1_122' title='bbox 2581 734 2706 787; x_wconf 88' lang='lat' dir='ltr'><strong>hinc</strong></span> <span class='ocrx_word' id='word_1_123' title='bbox 2756 743 3076 803; x_wconf 81' lang='lat' dir='ltr'><strong>resurgent;</strong></span> <span class='ocrx_word' id='word_1_124' title='bbox 3109 734 3375 803; x_wconf 88' lang='lat' dir='ltr'><strong>nobisque</strong></span> <span class='ocrx_word' id='word_1_125' title='bbox 3407 736 3548 790; x_wconf 82' lang='lat' dir='ltr'><strong>facta</strong></span> <span class='ocrx_word' id='word_1_126' title='bbox 3579 745 3664 790; x_wconf 86' lang='lat' dir='ltr'><strong>est</strong></span> 
     </span>
    </p>
   </div>
   <div class='ocr_carea' id='block_1_19' title="bbox 2093 825 3666 894">
    <p class='ocr_par' dir='ltr' id='par_1_19' title="bbox 2093 825 3666 894">
     <span class='ocr_line' id='line_1_19' title="bbox 2093 825 3666 894; baseline 0.003 -18"><span class='ocrx_word' id='word_1_127' title='bbox 2093 825 2382 894; x_wconf 85' lang='lat' dir='ltr'><strong>promissio</strong></span> <span class='ocrx_word' id='word_1_128' title='bbox 2411 825 2500 894; x_wconf 88' lang='lat' dir='ltr'><strong>qui</strong></span> <span class='ocrx_word' id='word_1_129' title='bbox 2533 842 2558 876; x_wconf 90' lang='lat' dir='ltr'><strong>a</strong></span> <span class='ocrx_word' id='word_1_130' title='bbox 2596 826 2874 880; x_wconf 76' lang='lat' dir='ltr'><strong>nativitate</strong></span> <span class='ocrx_word' id='word_1_131' title='bbox 2901 842 3067 894; x_wconf 85' lang='lat' dir='ltr'><strong>usque</strong></span> <span class='ocrx_word' id='word_1_132' title='bbox 3096 829 3160 880; x_wconf 90' lang='lat' dir='ltr'><strong>ad</strong></span> <span class='ocrx_word' id='word_1_133' title='bbox 3192 827 3372 880; x_wconf 67' lang='lat' dir='ltr'><strong>saeculi</strong></span> <span class='ocrx_word' id='word_1_134' title='bbox 3404 842 3666 882; x_wconf 86' lang='lat' dir='ltr'><strong>consum-</strong></span> 
     </span>
    </p>
   </div>
   <div class='ocr_carea' id='block_1_20' title="bbox 2096 919 3662 990">
    <p class='ocr_par' dir='ltr' id='par_1_20' title="bbox 2096 919 3662 990">
     <span class='ocr_line' id='line_1_20' title="bbox 2096 919 3662 990; baseline -0.002 -16"><span class='ocrx_word' id='word_1_135' title='bbox 2096 919 2393 974; x_wconf 88' lang='lat' dir='ltr'><strong>mationem</strong></span> <span class='ocrx_word' id='word_1_136' title='bbox 2430 920 2482 973; x_wconf 93' lang='lat' dir='ltr'><strong>in</strong></span> <span class='ocrx_word' id='word_1_137' title='bbox 2516 935 2638 972; x_wconf 91' lang='lat' dir='ltr'><strong>eum</strong></span> <span class='ocrx_word' id='word_1_138' title='bbox 2674 919 3086 984; x_wconf 87' lang='lat' dir='ltr'><strong>crediderimus,</strong></span> <span class='ocrx_word' id='word_1_139' title='bbox 3121 928 3176 974; x_wconf 90' lang='lat' dir='ltr'><strong>et</strong></span> <span class='ocrx_word' id='word_1_140' title='bbox 3215 921 3472 990; x_wconf 85' lang='lat' dir='ltr'><strong>operibus</strong></span> <span class='ocrx_word' id='word_1_141' title='bbox 3501 919 3662 974; x_wconf 82' lang='lat' dir='ltr'><strong>tidem</strong></span> 
     </span>
    </p>
   </div>
   <div class='ocr_carea' id='block_1_21' title="bbox 2093 1008 3672 1078">
    <p class='ocr_par' dir='ltr' id='par_1_21' title="bbox 2093 1008 3672 1078">
     <span class='ocr_line' id='line_1_21' title="bbox 2093 1008 3672 1078; baseline -0.001 -16"><span class='ocrx_word' id='word_1_142' title='bbox 2093 1008 2607 1070; x_wconf 82' lang='lat' dir='ltr'><strong>monstraveriinus,</strong></span> <span class='ocrx_word' id='word_1_143' title='bbox 2633 1017 2690 1061; x_wconf 92' lang='lat' dir='ltr'><strong>ut</strong></span> <span class='ocrx_word' id='word_1_144' title='bbox 2711 1024 2830 1062; x_wconf 91' lang='lat' dir='ltr'><strong>cum</strong></span> <span class='ocrx_word' id='word_1_145' title='bbox 2853 1009 2964 1078; x_wconf 88' lang='lat' dir='ltr'><strong>jam</strong></span> <span class='ocrx_word' id='word_1_146' title='bbox 2991 1008 3280 1062; x_wconf 89' lang='lat' dir='ltr'><strong>Dominum</strong></span> <span class='ocrx_word' id='word_1_147' title='bbox 3313 1009 3396 1063; x_wconf 93' lang='lat' dir='ltr'><strong>his</strong></span> <span class='ocrx_word' id='word_1_148' title='bbox 3426 1009 3479 1062; x_wconf 92' lang='lat' dir='ltr'><strong>in</strong></span> <span class='ocrx_word' id='word_1_149' title='bbox 3511 1009 3672 1062; x_wconf 87' lang='lat' dir='ltr'><strong>terris</strong></span> 
     </span>
    </p>
   </div>
   <div class='ocr_carea' id='block_1_22' title="bbox 2101 1098 3675 1168">
    <p class='ocr_par' dir='ltr' id='par_1_22' title="bbox 2101 1098 3675 1168">
     <span class='ocr_line' id='line_1_22' title="bbox 2101 1098 3675 1168; baseline -0.001 -16"><span class='ocrx_word' id='word_1_150' title='bbox 2101 1099 2389 1153; x_wconf 90' lang='lat' dir='ltr'><strong>nobiscum</strong></span> <span class='ocrx_word' id='word_1_151' title='bbox 2426 1098 2803 1164; x_wconf 83' lang='lat' dir='ltr'><strong>habuerimus,</strong></span> <span class='ocrx_word' id='word_1_152' title='bbox 2839 1099 2893 1152; x_wconf 93' lang='lat' dir='ltr'><strong>in</strong></span> <span class='ocrx_word' id='word_1_153' title='bbox 2935 1099 3054 1168; x_wconf 84' lang='lat' dir='ltr'><strong>ipso</strong></span> <span class='ocrx_word' id='word_1_154' title='bbox 3105 1109 3216 1152; x_wconf 90' lang='lat' dir='ltr'><strong>tum</strong></span> <span class='ocrx_word' id='word_1_155' title='bbox 3251 1100 3532 1168; x_wconf 61' lang='lat' dir='ltr'><strong>praesentia</strong></span> <span class='ocrx_word' id='word_1_156' title='bbox 3561 1107 3675 1152; x_wconf 89' lang='lat' dir='ltr'><strong>tum</strong></span> 
     </span>
    </p>
   </div>
   <div class='ocr_carea' id='block_1_23' title="bbox 2095 1189 3679 1262">
    <p class='ocr_par' dir='ltr' id='par_1_23' title="bbox 2095 1189 3679 1262">
     <span class='ocr_line' id='line_1_23' title="bbox 2095 1189 3679 1262; baseline -0.001 -18"><span class='ocrx_word' id='word_1_157' title='bbox 2095 1189 2278 1244; x_wconf 78' lang='lat' dir='ltr'><strong>futura</strong></span> <span class='ocrx_word' id='word_1_158' title='bbox 2308 1193 2449 1245; x_wconf 89' lang='lat' dir='ltr'><strong>bona</strong></span> <span class='ocrx_word' id='word_1_159' title='bbox 2483 1206 2912 1260; x_wconf 84' lang='lat' dir='ltr'><strong>consequamur,</strong></span> <span class='ocrx_word' id='word_1_160' title='bbox 2943 1192 2997 1245; x_wconf 92' lang='lat' dir='ltr'><strong>in</strong></span> <span class='ocrx_word' id='word_1_161' title='bbox 3025 1192 3251 1262; x_wconf 76' lang='lat' dir='ltr'><strong>gloriam</strong></span> <span class='ocrx_word' id='word_1_162' title='bbox 3289 1192 3484 1259; x_wconf 84' lang='lat' dir='ltr'><strong>ipsius,</strong></span> <span class='ocrx_word' id='word_1_163' title='bbox 3521 1201 3679 1244; x_wconf 68' lang='lat' dir='ltr'><strong>mter-</strong></span> 
     </span>
    </p>
   </div>
   <div class='ocr_carea' id='block_1_24' title="bbox 2097 1285 3675 1355">
    <p class='ocr_par' dir='ltr' id='par_1_24' title="bbox 2097 1285 3675 1355">
     <span class='ocr_line' id='line_1_24' title="bbox 2097 1285 3675 1355; baseline 0 -16"><span class='ocrx_word' id='word_1_164' title='bbox 2097 1286 2264 1353; x_wconf 88' lang='lat' dir='ltr'><strong>nique</strong></span> <span class='ocrx_word' id='word_1_165' title='bbox 2285 1286 2400 1355; x_wconf 84' lang='lat' dir='ltr'><strong>ejus</strong></span> <span class='ocrx_word' id='word_1_166' title='bbox 2423 1285 2602 1338; x_wconf 88' lang='lat' dir='ltr'><strong>Patris</strong></span> <span class='ocrx_word' id='word_1_167' title='bbox 2625 1295 2678 1337; x_wconf 91' lang='lat' dir='ltr'><strong>et</strong></span> <span class='ocrx_word' id='word_1_168' title='bbox 2700 1287 2953 1338; x_wconf 66' lang='lat' dir='ltr'><strong>coaeterni</strong></span> <span class='ocrx_word' id='word_1_169' title='bbox 2984 1286 3245 1352; x_wconf 76' lang='lat' dir='ltr'><strong>Spiritus,</strong></span> <span class='ocrx_word' id='word_1_170' title='bbox 3281 1301 3428 1339; x_wconf 93' lang='lat' dir='ltr'><strong>nunc</strong></span> <span class='ocrx_word' id='word_1_171' title='bbox 3449 1295 3504 1338; x_wconf 91' lang='lat' dir='ltr'><strong>ct</strong></span> <span class='ocrx_word' id='word_1_172' title='bbox 3528 1301 3675 1339; x_wconf 85' lang='lat' dir='ltr'><strong>sem-</strong></span> 
     </span>
    </p>
   </div>
   <div class='ocr_carea' id='block_1_25' title="bbox 2096 1377 3181 1445">
    <p class='ocr_par' dir='ltr' id='par_1_25' title="bbox 2096 1377 3181 1445">
     <span class='ocr_line' id='line_1_25' title="bbox 2096 1377 3181 1445; baseline -0.001 -14"><span class='ocrx_word' id='word_1_173' title='bbox 2096 1393 2193 1445; x_wconf 89' lang='lat' dir='ltr'><strong>per</strong></span> <span class='ocrx_word' id='word_1_174' title='bbox 2222 1386 2273 1431; x_wconf 83' lang='lat' dir='ltr'><strong>et</strong></span> <span class='ocrx_word' id='word_1_175' title='bbox 2303 1377 2354 1430; x_wconf 89' lang='lat' dir='ltr'><strong>in</strong></span> <span class='ocrx_word' id='word_1_176' title='bbox 2392 1377 2588 1432; x_wconf 67' lang='lat' dir='ltr'><strong>saacula</strong></span> <span class='ocrx_word' id='word_1_177' title='bbox 2615 1379 2952 1431; x_wconf 64' lang='lat' dir='ltr'><strong>saeculorum.</strong></span> <span class='ocrx_word' id='word_1_178' title='bbox 2983 1378 3181 1430; x_wconf 79' lang='lat' dir='ltr'><strong>Amen.</strong></span> 
     </span>
    </p>
   </div>
   <div class='ocr_carea' id='block_1_26' title="bbox 419 1468 3680 1543">
    <p class='ocr_par' dir='ltr' id='par_1_26' title="bbox 419 1468 3680 1543">
     <span class='ocr_line' id='line_1_26' title="bbox 419 1468 3680 1543; baseline 0 -22"><span class='ocrx_word' id='word_1_179' title='bbox 419 1471 500 1530; x_wconf 81' lang='grc' dir='ltr'>εἰς</span> <span class='ocrx_word' id='word_1_180' title='bbox 533 1468 690 1531; x_wconf 75' lang='grc' dir='ltr'>δόξαν</span> <span class='ocrx_word' id='word_1_181' title='bbox 719 1468 908 1532; x_wconf 85' lang='grc' dir='ltr'>αὐτοῦ,</span> <span class='ocrx_word' id='word_1_182' title='bbox 937 1471 1029 1522; x_wconf 81' lang='grc' dir='ltr'>καὶ</span> <span class='ocrx_word' id='word_1_183' title='bbox 1054 1468 1149 1520; x_wconf 89' lang='grc' dir='ltr'><strong>τοῦ</strong></span> <span class='ocrx_word' id='word_1_184' title='bbox 1177 1469 1418 1539; x_wconf 83' lang='grc' dir='ltr'>ἀνάρχου</span> <span class='ocrx_word' id='word_1_185' title='bbox 1448 1468 1659 1537; x_wconf 79' lang='grc' dir='ltr'>Πατρὸς</span> <span class='ocrx_word' id='word_1_186' title='bbox 1685 1469 1874 1535; x_wconf 83' lang='grc' dir='ltr'>αὐτοῦ,</span> <span class='ocrx_word' id='word_1_187' title='bbox 1907 1469 2002 1523; x_wconf 77' lang='grc' dir='ltr'>καὶ</span> <span class='ocrx_word' id='word_1_188' title='bbox 2036 1471 2130 1524; x_wconf 90' lang='grc' dir='ltr'><strong>τοῦ</strong></span> <span class='ocrx_word' id='word_1_189' title='bbox 2167 1473 2442 1528; x_wconf 85' lang='grc' dir='ltr'>συναῖδίου</span> <span class='ocrx_word' id='word_1_190' title='bbox 2490 1473 2833 1543; x_wconf 85' lang='grc' dir='ltr'>Πνεύματος,</span> <span class='ocrx_word' id='word_1_191' title='bbox 2864 1471 2959 1525; x_wconf 91' lang='grc' dir='ltr'><strong>νῦν</strong></span> <span class='ocrx_word' id='word_1_192' title='bbox 2993 1473 3084 1524; x_wconf 74' lang='grc' dir='ltr'><strong>καὶ</strong></span> <span class='ocrx_word' id='word_1_193' title='bbox 3114 1472 3202 1525; x_wconf 81' lang='grc' dir='ltr'><strong>ἀεὶ</strong></span> <span class='ocrx_word' id='word_1_194' title='bbox 3249 1472 3343 1524; x_wconf 74' lang='grc' dir='ltr'>καὶ</span> <span class='ocrx_word' id='word_1_195' title='bbox 3405 1472 3486 1532; x_wconf 86' lang='grc' dir='ltr'><strong>είς</strong></span> <span class='ocrx_word' id='word_1_196' title='bbox 3551 1471 3680 1536; x_wconf 74' lang='grc' dir='ltr'>τοὺς</span> 
     </span>
    </p>
   </div>
   <div class='ocr_carea' id='block_1_27' title="bbox 419 1561 1276 1634">
    <p class='ocr_par' dir='ltr' id='par_1_27' title="bbox 419 1561 1276 1634">
     <span class='ocr_line' id='line_1_27' title="bbox 419 1561 1276 1634; baseline -0.001 -18"><span class='ocrx_word' id='word_1_197' title='bbox 419 1563 620 1624; x_wconf 78' lang='grc' dir='ltr'>αἰῶνας</span> <span class='ocrx_word' id='word_1_198' title='bbox 651 1561 760 1615; x_wconf 85' lang='grc' dir='ltr'><strong>τῶν</strong></span> <span class='ocrx_word' id='word_1_199' title='bbox 804 1561 1037 1617; x_wconf 81' lang='grc' dir='ltr'>αἰώνων.</span> <span class='ocrx_word' id='word_1_200' title='bbox 1081 1561 1276 1634; x_wconf 80' lang='grc' dir='ltr'>Ἀμήν.</span> 
     </span>
    </p>
   </div>
   <div class='ocr_carea' id='block_1_28' title="bbox 994 1677 1416 1734">
    <p class='ocr_par' dir='ltr' id='par_1_28' title="bbox 994 1677 1416 1734">
     <span class='ocr_line' id='line_1_28' title="bbox 994 1677 1416 1734; baseline 0.002 -2"><span class='ocrx_word' id='word_1_201' title='bbox 994 1677 1239 1734; x_wconf 74' lang='grc' dir='ltr'><strong>ΟΜΙΔῙΑ</strong></span> <span class='ocrx_word' id='word_1_202' title='bbox 1290 1677 1416 1734; x_wconf 87' lang='grc' dir='ltr'><strong>ΛΘ’.</strong></span> 
     </span>
    </p>
   </div>
   <div class='ocr_carea' id='block_1_29' title="bbox 428 1791 1989 1862">
    <p class='ocr_par' dir='ltr' id='par_1_29' title="bbox 428 1791 1989 1862">
     <span class='ocr_line' id='line_1_29' title="bbox 428 1791 1989 1862; baseline 0.003 -17"><span class='ocrx_word' id='word_1_203' title='bbox 428 1792 710 1858; x_wconf 78' lang='grc' dir='ltr'>Ῥηθεισα</span> <span class='ocrx_word' id='word_1_204' title='bbox 745 1793 815 1850; x_wconf 78' lang='grc' dir='ltr'><strong>ἐν</strong></span> <span class='ocrx_word' id='word_1_205' title='bbox 863 1791 1026 1862; x_wconf 64' lang='grc' dir='ltr'>λιτῇ,</span> <span class='ocrx_word' id='word_1_206' title='bbox 1079 1792 1372 1862; x_wconf 71' lang='grc' dir='ltr'>γενομένῃ</span> <span class='ocrx_word' id='word_1_207' title='bbox 1407 1791 1507 1847; x_wconf 84' lang='grc' dir='ltr'>διὰ</span> <span class='ocrx_word' id='word_1_208' title='bbox 1549 1792 1666 1862; x_wconf 78' lang='grc' dir='ltr'><strong>τὴν</strong></span> <span class='ocrx_word' id='word_1_209' title='bbox 1699 1793 1854 1862; x_wconf 80' lang='grc' dir='ltr'>ἀήθη</span> <span class='ocrx_word' id='word_1_210' title='bbox 1887 1794 1989 1850; x_wconf 75' lang='grc' dir='ltr'>καὶ</span> 
     </span>
    </p>
   </div>
   <div class='ocr_carea' id='block_1_30' title="bbox 525 1861 1883 1936">
    <p class='ocr_par' dir='ltr' id='par_1_30' title="bbox 525 1861 1883 1936">
     <span class='ocr_line' id='line_1_30' title="bbox 525 1861 1883 1936; baseline 0.002 -20"><span class='ocrx_word' id='word_1_211' title='bbox 525 1864 752 1930; x_wconf 82' lang='grc' dir='ltr'>ἀθρόαν</span> <span class='ocrx_word' id='word_1_212' title='bbox 779 1861 886 1916; x_wconf 87' lang='grc' dir='ltr'><strong>τοῦ</strong></span> <span class='ocrx_word' id='word_1_213' title='bbox 927 1862 1192 1916; x_wconf 79' lang='grc' dir='ltr'>θανάτου</span> <span class='ocrx_word' id='word_1_214' title='bbox 1222 1861 1564 1930; x_wconf 73' lang='grc' dir='ltr'>τηνικαῦτα</span> <span class='ocrx_word' id='word_1_215' title='bbox 1610 1861 1883 1936; x_wconf 72' lang='grc' dir='ltr'>πληγήν.</span> 
     </span>
    </p>
   </div>
   <div class='ocr_carea' id='block_1_31' title="bbox 504 2045 1996 2117">
    <p class='ocr_par' dir='ltr' id='par_1_31' title="bbox 504 2045 1996 2117">
     <span class='ocr_line' id='line_1_31' title="bbox 504 2045 1996 2117; baseline 0.001 -19"><span class='ocrx_word' id='word_1_216' title='bbox 504 2045 758 2116; x_wconf 81' lang='grc' dir='ltr'>Ἰωάννης</span> <span class='ocrx_word' id='word_1_217' title='bbox 808 2046 836 2098; x_wconf 83' lang='grc' dir='ltr'>ὁ</span> <span class='ocrx_word' id='word_1_218' title='bbox 886 2045 1252 2116; x_wconf 75' lang='grc' dir='ltr'>ἠγαπημένος</span> <span class='ocrx_word' id='word_1_219' title='bbox 1312 2045 1392 2116; x_wconf 84' lang='grc' dir='ltr'>τῷ</span> <span class='ocrx_word' id='word_1_220' title='bbox 1449 2045 1669 2117; x_wconf 80' lang='grc' dir='ltr'>Χριστῷ</span> <span class='ocrx_word' id='word_1_221' title='bbox 1736 2047 1996 2116; x_wconf 85' lang='grc' dir='ltr'>Θεολόγος</span> 
     </span>
    </p>
   </div>
   <div class='ocr_carea' id='block_1_32' title="bbox 423 2139 1996 2215">
    <p class='ocr_par' dir='ltr' id='par_1_32' title="bbox 423 2139 1996 2215">
     <span class='ocr_line' id='line_1_32' title="bbox 423 2139 1996 2215; baseline 0.003 -23"><span class='ocrx_word' id='word_1_222' title='bbox 423 2141 622 2210; x_wconf 74' lang='grc' dir='ltr'><strong>φησίν⁹</strong></span> <span class='ocrx_word' id='word_1_223' title='bbox 678 2159 696 2191; x_wconf 83' lang='grc' dir='ltr'><strong>ι</strong></span> <span class='ocrx_word' id='word_1_224' title='bbox 751 2139 878 2194; x_wconf 72' lang='grc' dir='ltr'><strong>Ἐὰν</strong></span> <span class='ocrx_word' id='word_1_225' title='bbox 928 2144 960 2212; x_wconf 78' lang='grc' dir='ltr'><strong>η</strong></span> <span class='ocrx_word' id='word_1_226' title='bbox 1014 2142 1210 2211; x_wconf 84' lang='grc' dir='ltr'>καρδία</span> <span class='ocrx_word' id='word_1_227' title='bbox 1265 2141 1425 2212; x_wconf 77' lang='grc' dir='ltr'>ἡμῶν</span> <span class='ocrx_word' id='word_1_228' title='bbox 1479 2143 1554 2213; x_wconf 83' lang='grc' dir='ltr'><strong>μὴ</strong></span> <span class='ocrx_word' id='word_1_229' title='bbox 1605 2143 1996 2215; x_wconf 80' lang='grc' dir='ltr'>καταγινώσκῃ</span> 
     </span>
    </p>
   </div>
   <div class='ocr_carea' id='block_1_33' title="bbox 421 2232 1996 2306">
    <p class='ocr_par' dir='ltr' id='par_1_33' title="bbox 421 2232 1996 2306">
     <span class='ocr_line' id='line_1_33' title="bbox 421 2232 1996 2306; baseline -0.001 -16"><span class='ocrx_word' id='word_1_230' title='bbox 421 2232 601 2302; x_wconf 76' lang='grc' dir='ltr'>ἡμῶν,</span> <span class='ocrx_word' id='word_1_231' title='bbox 638 2237 957 2306; x_wconf 71' lang='grc' dir='ltr'>παρρησίαν</span> <span class='ocrx_word' id='word_1_232' title='bbox 1003 2234 1202 2304; x_wconf 76' lang='grc' dir='ltr'>ἔχομεν</span> <span class='ocrx_word' id='word_1_233' title='bbox 1231 2235 1366 2304; x_wconf 84' lang='grc' dir='ltr'>πρὸς</span> <span class='ocrx_word' id='word_1_234' title='bbox 1405 2236 1497 2290; x_wconf 72' lang='grc' dir='ltr'><strong>τὸν</strong></span> <span class='ocrx_word' id='word_1_235' title='bbox 1525 2234 1680 2303; x_wconf 81' lang='grc' dir='ltr'>Θεὸν,</span> <span class='ocrx_word' id='word_1_236' title='bbox 1717 2239 1812 2290; x_wconf 84' lang='grc' dir='ltr'>καὶ</span> <span class='ocrx_word' id='word_1_237' title='bbox 1845 2236 1873 2289; x_wconf 84' lang='grc' dir='ltr'><strong>ὃ</strong></span> <span class='ocrx_word' id='word_1_238' title='bbox 1901 2237 1996 2291; x_wconf 78' lang='grc' dir='ltr'><strong>ὲάν</strong></span> 
     </span>
    </p>
   </div>
   <div class='ocr_carea' id='block_1_34' title="bbox 423 2326 1997 2398">
    <p class='ocr_par' dir='ltr' id='par_1_34' title="bbox 423 2326 1997 2398">
     <span class='ocr_line' id='line_1_34' title="bbox 423 2326 1997 2398; baseline 0.004 -20"><span class='ocrx_word' id='word_1_239' title='bbox 423 2327 667 2396; x_wconf 80' lang='grc' dir='ltr'>αἰτῶμεν</span> <span class='ocrx_word' id='word_1_240' title='bbox 706 2326 1059 2398; x_wconf 77' lang='grc' dir='ltr'>λαμϐάνομεν</span> <span class='ocrx_word' id='word_1_241' title='bbox 1107 2326 1238 2397; x_wconf 80' lang='grc' dir='ltr'>παρ’</span> <span class='ocrx_word' id='word_1_242' title='bbox 1282 2326 1470 2392; x_wconf 77' lang='grc' dir='ltr'>αὑτοῦ,</span> <span class='ocrx_word' id='word_1_243' title='bbox 1523 2328 1603 2380; x_wconf 85' lang='grc' dir='ltr'><strong>ὃτι</strong></span> <span class='ocrx_word' id='word_1_244' title='bbox 1650 2329 1747 2392; x_wconf 84' lang='grc' dir='ltr'>τὰς</span> <span class='ocrx_word' id='word_1_245' title='bbox 1779 2329 1997 2392; x_wconf 80' lang='grc' dir='ltr'>ἐντολὰς</span> 
     </span>
    </p>
   </div>
   <div class='ocr_carea' id='block_1_35' title="bbox 425 2418 1999 2490">
    <p class='ocr_par' dir='ltr' id='par_1_35' title="bbox 425 2418 1999 2490">
     <span class='ocr_line' id='line_1_35' title="bbox 425 2418 1999 2490; baseline 0.002 -18"><span class='ocrx_word' id='word_1_246' title='bbox 425 2418 591 2472; x_wconf 77' lang='grc' dir='ltr'>αὐτοῦ</span> <span class='ocrx_word' id='word_1_247' title='bbox 620 2437 684 2490; x_wconf 90' lang='grc' dir='ltr'><strong>τη</strong></span> <span class='ocrx_word' id='word_1_248' title='bbox 698 2419 924 2489; x_wconf 79' lang='grc' dir='ltr'>ροῦμεν,</span> <span class='ocrx_word' id='word_1_249' title='bbox 963 2421 1058 2476; x_wconf 76' lang='grc' dir='ltr'>καὶ</span> <span class='ocrx_word' id='word_1_250' title='bbox 1089 2421 1157 2471; x_wconf 73' lang='grc' dir='ltr'>τὰ</span> <span class='ocrx_word' id='word_1_251' title='bbox 1185 2421 1391 2489; x_wconf 85' lang='grc' dir='ltr'>ἀρεστά</span> <span class='ocrx_word' id='word_1_252' title='bbox 1420 2419 1650 2477; x_wconf 80' lang='grc' dir='ltr'>ἐνώπιον</span> <span class='ocrx_word' id='word_1_253' title='bbox 1681 2421 1846 2475; x_wconf 76' lang='grc' dir='ltr'>αὑτοῦ</span> <span class='ocrx_word' id='word_1_254' title='bbox 1879 2439 1999 2475; x_wconf 84' lang='grc' dir='ltr'>ποι-</span> 
     </span>
    </p>
   </div>
   <div class='ocr_carea' id='block_1_36' title="bbox 423 2512 1998 2584">
    <p class='ocr_par' dir='ltr' id='par_1_36' title="bbox 423 2512 1998 2584">
     <span class='ocr_line' id='line_1_36' title="bbox 423 2512 1998 2584; baseline 0.003 -22"><span class='ocrx_word' id='word_1_255' title='bbox 423 2513 611 2580; x_wconf 84' lang='grc' dir='ltr'>οῦμεν.</span> <span class='ocrx_word' id='word_1_256' title='bbox 647 2531 666 2563; x_wconf 70' lang='grc' dir='ltr'><strong>ι</strong></span> <span class='ocrx_word' id='word_1_257' title='bbox 717 2512 908 2581; x_wconf 79' lang='grc' dir='ltr'>Ἡμεῖς</span> <span class='ocrx_word' id='word_1_258' title='bbox 957 2512 1012 2572; x_wconf 82' lang='grc' dir='ltr'>δὲ</span> <span class='ocrx_word' id='word_1_259' title='bbox 1057 2513 1105 2566; x_wconf 80' lang='grc' dir='ltr'>οἱ</span> <span class='ocrx_word' id='word_1_260' title='bbox 1159 2513 1622 2582; x_wconf 71' lang='grc' dir='ltr'>αὑτοκατάκριτον</span> <span class='ocrx_word' id='word_1_261' title='bbox 1672 2513 1886 2584; x_wconf 76' lang='grc' dir='ltr'>ἔχοντες</span> <span class='ocrx_word' id='word_1_262' title='bbox 1937 2516 1998 2567; x_wconf 84' lang='grc' dir='ltr'><strong>τὸ</strong></span> 
     </span>
    </p>
   </div>
   <div class='ocr_carea' id='block_1_37' title="bbox 429 2603 1999 2682">
    <p class='ocr_par' dir='ltr' id='par_1_37' title="bbox 429 2603 1999 2682">
     <span class='ocr_line' id='line_1_37' title="bbox 429 2603 1999 2682; baseline 0.003 -27"><span class='ocrx_word' id='word_1_263' title='bbox 429 2603 693 2666; x_wconf 78' lang='grc' dir='ltr'>συνειδὸς,</span> <span class='ocrx_word' id='word_1_264' title='bbox 733 2605 782 2657; x_wconf 81' lang='grc' dir='ltr'>οἱ</span> <span class='ocrx_word' id='word_1_265' title='bbox 807 2605 982 2664; x_wconf 83' lang='grc' dir='ltr'>ὀπίσω</span> <span class='ocrx_word' id='word_1_266' title='bbox 1017 2603 1127 2658; x_wconf 85' lang='grc' dir='ltr'><strong>τῶν</strong></span> <span class='ocrx_word' id='word_1_267' title='bbox 1158 2604 1468 2682; x_wconf 58' lang='grc' dir='ltr'>ἐπιθυμιῶν</span> <span class='ocrx_word' id='word_1_268' title='bbox 1498 2605 1655 2674; x_wconf 83' lang='grc' dir='ltr'>ήμῶν</span> <span class='ocrx_word' id='word_1_269' title='bbox 1691 2606 1802 2680; x_wconf 88' lang='grc' dir='ltr'><strong>τῶν</strong></span> <span class='ocrx_word' id='word_1_270' title='bbox 1833 2623 1999 2675; x_wconf 79' lang='grc' dir='ltr'>πονη-</span> 
     </span>
    </p>
   </div>
   <div class='ocr_carea' id='block_1_38' title="bbox 429 2678 1999 2767">
    <p class='ocr_par' dir='ltr' id='par_1_38' title="bbox 429 2678 1999 2767">
     <span class='ocr_line' id='line_1_38' title="bbox 429 2678 1999 2767; baseline 0.004 -21"><span class='ocrx_word' id='word_1_271' title='bbox 429 2695 537 2764; x_wconf 88' lang='grc' dir='ltr'><strong>ρῶν</strong></span> <span class='ocrx_word' id='word_1_272' title='bbox 565 2697 946 2767; x_wconf 74' lang='grc' dir='ltr'>πορευόμενοι,</span> <span class='ocrx_word' id='word_1_273' title='bbox 982 2698 1030 2751; x_wconf 83' lang='grc' dir='ltr'><strong>οί</strong></span> <span class='ocrx_word' id='word_1_274' title='bbox 1067 2678 1177 2760; x_wconf 68' lang='grc' dir='ltr'><strong>τάξ</strong></span> <span class='ocrx_word' id='word_1_275' title='bbox 1200 2697 1420 2758; x_wconf 80' lang='grc' dir='ltr'>ἐντολὰς</span> <span class='ocrx_word' id='word_1_276' title='bbox 1450 2696 1544 2754; x_wconf 80' lang='grc' dir='ltr'><strong>τοῦ</strong></span> <span class='ocrx_word' id='word_1_277' title='bbox 1568 2696 1706 2750; x_wconf 77' lang='grc' dir='ltr'>Θεοῦ</span> <span class='ocrx_word' id='word_1_278' title='bbox 1739 2678 1999 2765; x_wconf 86' lang='grc' dir='ltr'>παρωσά-</span> 
     </span>
    </p>
   </div>
   <div class='ocr_carea' id='block_1_39' title="bbox 426 2786 1994 2858">
    <p class='ocr_par' dir='ltr' id='par_1_39' title="bbox 426 2786 1994 2858">
     <span class='ocr_line' id='line_1_39' title="bbox 426 2786 1994 2858; baseline 0.003 -21"><span class='ocrx_word' id='word_1_279' title='bbox 426 2803 602 2854; x_wconf 80' lang='grc' dir='ltr'>μενοι,</span> <span class='ocrx_word' id='word_1_280' title='bbox 636 2786 729 2840; x_wconf 81' lang='grc' dir='ltr'>καὶ</span> <span class='ocrx_word' id='word_1_281' title='bbox 765 2787 833 2839; x_wconf 84' lang='grc' dir='ltr'>τὰ</span> <span class='ocrx_word' id='word_1_282' title='bbox 857 2787 1122 2857; x_wconf 82' lang='grc' dir='ltr'>βδελυκτά</span> <span class='ocrx_word' id='word_1_283' title='bbox 1149 2786 1384 2842; x_wconf 76' lang='grc' dir='ltr'>ἐνώπιον</span> <span class='ocrx_word' id='word_1_284' title='bbox 1411 2786 1578 2842; x_wconf 81' lang='grc' dir='ltr'>αὐτοῦ</span> <span class='ocrx_word' id='word_1_285' title='bbox 1613 2787 1994 2858; x_wconf 79' lang='grc' dir='ltr'>ἐργαζόμενοι,</span> 
     </span>
    </p>
   </div>
   <div class='ocr_carea' id='block_1_40' title="bbox 424 2877 1998 2954">
    <p class='ocr_par' dir='ltr' id='par_1_40' title="bbox 424 2877 1998 2954">
     <span class='ocr_line' id='line_1_40' title="bbox 424 2877 1998 2954; baseline 0.004 -26"><span class='ocrx_word' id='word_1_286' title='bbox 424 2879 472 2929; x_wconf 88' lang='grc' dir='ltr'>οἱ</span> <span class='ocrx_word' id='word_1_287' title='bbox 537 2877 827 2947; x_wconf 82' lang='grc' dir='ltr'>μεθύοντες</span> <span class='ocrx_word' id='word_1_288' title='bbox 879 2878 1001 2932; x_wconf 87' lang='grc' dir='ltr'>καθ’</span> <span class='ocrx_word' id='word_1_289' title='bbox 1036 2879 1271 2948; x_wconf 75' lang='grc' dir='ltr'>ἡμέραν,</span> <span class='ocrx_word' id='word_1_290' title='bbox 1321 2880 1415 2937; x_wconf 77' lang='grc' dir='ltr'>καὶ</span> <span class='ocrx_word' id='word_1_291' title='bbox 1467 2878 1892 2954; x_wconf 76' lang='grc' dir='ltr'>διημερεύοντες</span> <span class='ocrx_word' id='word_1_292' title='bbox 1937 2882 1998 2934; x_wconf 82' lang='grc' dir='ltr'>ὲν</span> 
     </span>
    </p>
   </div>
   <div class='ocr_carea' id='block_1_41' title="bbox 423 2970 1998 3042">
    <p class='ocr_par' dir='ltr' id='par_1_41' title="bbox 423 2970 1998 3042">
     <span class='ocr_line' id='line_1_41' title="bbox 423 2970 1998 3042; baseline 0.001 -18"><span class='ocrx_word' id='word_1_293' title='bbox 423 2970 574 3042; x_wconf 73' lang='grc' dir='ltr'>οἴνῳ,</span> <span class='ocrx_word' id='word_1_294' title='bbox 623 2973 718 3024; x_wconf 66' lang='grc' dir='ltr'><strong>καί⁵</strong></span> <span class='ocrx_word' id='word_1_295' title='bbox 768 2973 1247 3036; x_wconf 74' lang='grc' dir='ltr'>κατασκοποῦντες</span> <span class='ocrx_word' id='word_1_296' title='bbox 1297 2970 1401 3032; x_wconf 82' lang='grc' dir='ltr'><strong>ποῦ</strong></span> <span class='ocrx_word' id='word_1_297' title='bbox 1452 2970 1616 3035; x_wconf 83' lang='grc' dir='ltr'>πότος</span> <span class='ocrx_word' id='word_1_298' title='bbox 1669 2973 1913 3040; x_wconf 83' lang='grc' dir='ltr'>γίνεται⁹</span> <span class='ocrx_word' id='word_1_299' title='bbox 1947 2973 1998 3026; x_wconf 90' lang='grc' dir='ltr'>οἱ</span> 
     </span>
    </p>
   </div>
   <div class='ocr_carea' id='block_1_42' title="bbox 422 3063 1998 3138">
    <p class='ocr_par' dir='ltr' id='par_1_42' title="bbox 422 3063 1998 3138">
     <span class='ocr_line' id='line_1_42' title="bbox 422 3063 1998 3138; baseline 0.001 -22"><span class='ocrx_word' id='word_1_300' title='bbox 422 3063 933 3134; x_wconf 85' lang='grc' dir='ltr'>διανυκτερεύοντες</span> <span class='ocrx_word' id='word_1_301' title='bbox 988 3066 1047 3117; x_wconf 81' lang='grc' dir='ltr'>ὲν</span> <span class='ocrx_word' id='word_1_302' title='bbox 1093 3063 1413 3138; x_wconf 73' lang='grc' dir='ltr'>ἀκαθαρσίᾳ</span> <span class='ocrx_word' id='word_1_303' title='bbox 1467 3064 1647 3138; x_wconf 79' lang='grc' dir='ltr'>ψυχῆς</span> <span class='ocrx_word' id='word_1_304' title='bbox 1689 3067 1851 3138; x_wconf 74' lang='grc'><strong>217</strong></span> <span class='ocrx_word' id='word_1_305' title='bbox 1901 3066 1998 3121; x_wconf 77' lang='grc' dir='ltr'>καὶ</span> 
     </span>
    </p>
   </div>
   <div class='ocr_carea' id='block_1_43' title="bbox 427 3147 1996 3229">
    <p class='ocr_par' dir='ltr' id='par_1_43' title="bbox 427 3147 1996 3229">
     <span class='ocr_line' id='line_1_43' title="bbox 427 3147 1996 3229; baseline 0.003 -22"><span class='ocrx_word' id='word_1_306' title='bbox 427 3155 675 3226; x_wconf 82' lang='grc' dir='ltr'>σώματος</span> <span class='ocrx_word' id='word_1_307' title='bbox 702 3169 716 3183; x_wconf 87' lang='grc'><strong><em>⁸</em></strong></span> <span class='ocrx_word' id='word_1_308' title='bbox 770 3157 822 3208; x_wconf 78' lang='grc' dir='ltr'>οἱ</span> <span class='ocrx_word' id='word_1_309' title='bbox 879 3156 1068 3227; x_wconf 83' lang='grc' dir='ltr'>ἀδικίᾳ</span> <span class='ocrx_word' id='word_1_310' title='bbox 1113 3158 1209 3217; x_wconf 79' lang='grc' dir='ltr'><strong>καὶ</strong></span> <span class='ocrx_word' id='word_1_311' title='bbox 1255 3147 1536 3229; x_wconf 74' lang='grc' dir='ltr'>πλεονεξίᾳ</span> <span class='ocrx_word' id='word_1_312' title='bbox 1591 3157 1861 3222; x_wconf 79' lang='grc' dir='ltr'>συζῶντες</span> <span class='ocrx_word' id='word_1_313' title='bbox 1891 3175 1905 3189; x_wconf 79' lang='lat'>&#39;</span> <span class='ocrx_word' id='word_1_314' title='bbox 1946 3159 1996 3211; x_wconf 86' lang='grc' dir='ltr'><strong>οί</strong></span> 
     </span>
    </p>
   </div>
   <div class='ocr_carea' id='block_1_44' title="bbox 425 3224 2066 3316">
    <p class='ocr_par' dir='ltr' id='par_1_44' title="bbox 425 3224 2066 3316">
     <span class='ocr_line' id='line_1_44' title="bbox 425 3224 2066 3316; baseline 0.002 -20"><span class='ocrx_word' id='word_1_315' title='bbox 425 3224 654 3308; x_wconf 80' lang='grc' dir='ltr'>κλοπαῖς</span> <span class='ocrx_word' id='word_1_316' title='bbox 701 3249 794 3298; x_wconf 81' lang='grc' dir='ltr'><strong>καὶ</strong></span> <span class='ocrx_word' id='word_1_317' title='bbox 859 3224 1136 3315; x_wconf 73' lang='grc' dir='ltr'>ἁρπαγαῖς</span> <span class='ocrx_word' id='word_1_318' title='bbox 1195 3224 1522 3315; x_wconf 54' lang='grc' dir='ltr'>χαίροντεςί</span> <span class='ocrx_word' id='word_1_319' title='bbox 1555 3248 1604 3304; x_wconf 85' lang='grc' dir='ltr'>οἱ</span> <span class='ocrx_word' id='word_1_320' title='bbox 1660 3247 1853 3316; x_wconf 79' lang='grc' dir='ltr'>φθόνον</span> <span class='ocrx_word' id='word_1_321' title='bbox 1900 3247 1996 3302; x_wconf 74' lang='grc' dir='ltr'><strong>καὶ</strong></span> <span class='ocrx_word' id='word_1_322' title='bbox 2023 3224 2066 3281; x_wconf 79' lang='lat' dir='ltr'><strong><em>C</em></strong></span> 
     </span>
    </p>
   </div>
   <div class='ocr_carea' id='block_1_45' title="bbox 428 3336 1998 3410">
    <p class='ocr_par' dir='ltr' id='par_1_45' title="bbox 428 3336 1998 3410">
     <span class='ocr_line' id='line_1_45' title="bbox 428 3336 1998 3410; baseline 0.003 -22"><span class='ocrx_word' id='word_1_323' title='bbox 428 3340 584 3406; x_wconf 86' lang='grc' dir='ltr'>μῖσος</span> <span class='ocrx_word' id='word_1_324' title='bbox 615 3338 738 3390; x_wconf 73' lang='grc' dir='ltr'>κατ’</span> <span class='ocrx_word' id='word_1_325' title='bbox 769 3336 1020 3406; x_wconf 81' lang='grc' dir='ltr'>ἀλλήλων</span> <span class='ocrx_word' id='word_1_326' title='bbox 1050 3337 1266 3407; x_wconf 81' lang='grc' dir='ltr'>ἔχοντες</span> <span class='ocrx_word' id='word_1_327' title='bbox 1290 3354 1301 3367; x_wconf 93' lang='grc'><strong>·</strong></span> <span class='ocrx_word' id='word_1_328' title='bbox 1335 3339 1385 3390; x_wconf 89' lang='grc' dir='ltr'><strong>οί</strong></span> <span class='ocrx_word' id='word_1_329' title='bbox 1432 3338 1800 3409; x_wconf 79' lang='grc' dir='ltr'>λοιδοροῦντες</span> <span class='ocrx_word' id='word_1_330' title='bbox 1833 3339 1998 3410; x_wconf 79' lang='grc' dir='ltr'>ἀλλή-</span> 
     </span>
    </p>
   </div>
   <div class='ocr_carea' id='block_1_46' title="bbox 425 3425 1998 3502">
    <p class='ocr_par' dir='ltr' id='par_1_46' title="bbox 425 3425 1998 3502">
     <span class='ocr_line' id='line_1_46' title="bbox 425 3425 1998 3502; baseline 0.003 -24"><span class='ocrx_word' id='word_1_331' title='bbox 425 3427 548 3490; x_wconf 87' lang='grc' dir='ltr'>λους</span> <span class='ocrx_word' id='word_1_332' title='bbox 574 3443 588 3457; x_wconf 91' lang='grc'><strong>·</strong></span> <span class='ocrx_word' id='word_1_333' title='bbox 625 3427 674 3478; x_wconf 87' lang='grc' dir='ltr'>οἱ</span> <span class='ocrx_word' id='word_1_334' title='bbox 717 3425 1147 3489; x_wconf 85' lang='grc' dir='ltr'>καταλαλοῦντες</span> <span class='ocrx_word' id='word_1_335' title='bbox 1180 3426 1428 3496; x_wconf 82' lang='grc' dir='ltr'>ἀλλήλων</span> <span class='ocrx_word' id='word_1_336' title='bbox 1451 3442 1464 3456; x_wconf 88' lang='grc'><strong>·</strong></span> <span class='ocrx_word' id='word_1_337' title='bbox 1499 3428 1549 3479; x_wconf 88' lang='grc' dir='ltr'><strong>οί</strong></span> <span class='ocrx_word' id='word_1_338' title='bbox 1583 3430 1765 3482; x_wconf 82' lang='grc' dir='ltr'>πᾶσαν</span> <span class='ocrx_word' id='word_1_339' title='bbox 1794 3429 1998 3502; x_wconf 76' lang='grc' dir='ltr'>ἀρετὴν</span> 
     </span>
    </p>
   </div>
   <div class='ocr_carea' id='block_1_47' title="bbox 428 3515 2000 3588">
    <p class='ocr_par' dir='ltr' id='par_1_47' title="bbox 428 3515 2000 3588">
     <span class='ocr_line' id='line_1_47' title="bbox 428 3515 2000 3588; baseline 0.003 -19"><span class='ocrx_word' id='word_1_340' title='bbox 428 3519 522 3570; x_wconf 75' lang='grc' dir='ltr'>καὶ</span> <span class='ocrx_word' id='word_1_341' title='bbox 553 3517 804 3571; x_wconf 83' lang='grc' dir='ltr'>παιδείαν</span> <span class='ocrx_word' id='word_1_342' title='bbox 839 3518 1190 3587; x_wconf 78' lang='grc' dir='ltr'>μισήσαντες,</span> <span class='ocrx_word' id='word_1_343' title='bbox 1222 3517 1477 3586; x_wconf 71' lang='grc' dir='ltr'>καὶπρὸς</span> <span class='ocrx_word' id='word_1_344' title='bbox 1514 3519 1622 3570; x_wconf 83' lang='grc' dir='ltr'>πᾶν</span> <span class='ocrx_word' id='word_1_345' title='bbox 1649 3515 1790 3582; x_wconf 78' lang='grc' dir='ltr'>εἶδος</span> <span class='ocrx_word' id='word_1_346' title='bbox 1818 3519 2000 3588; x_wconf 78' lang='grc' dir='ltr'>ἁμαρ-</span> 
     </span>
    </p>
   </div>
   <div class='ocr_carea' id='block_1_48' title="bbox 425 3610 1998 3682">
    <p class='ocr_par' dir='ltr' id='par_1_48' title="bbox 425 3610 1998 3682">
     <span class='ocr_line' id='line_1_48' title="bbox 425 3610 1998 3682; baseline 0.002 -20"><span class='ocrx_word' id='word_1_347' title='bbox 425 3613 546 3672; x_wconf 84' lang='grc' dir='ltr'>τίας</span> <span class='ocrx_word' id='word_1_348' title='bbox 578 3610 804 3672; x_wconf 77' lang='grc' dir='ltr'>ἑαυτοὺς</span> <span class='ocrx_word' id='word_1_349' title='bbox 835 3612 1254 3679; x_wconf 70' lang='grc' dir='ltr'>είσωοίισιιντες,</span> <span class='ocrx_word' id='word_1_350' title='bbox 1286 3610 1401 3674; x_wconf 82' lang='grc' dir='ltr'><strong>πῶς</strong></span> <span class='ocrx_word' id='word_1_351' title='bbox 1431 3611 1649 3680; x_wconf 84' lang='grc' dir='ltr'>σχῶμεν</span> <span class='ocrx_word' id='word_1_352' title='bbox 1683 3613 1998 3682; x_wconf 74' lang='grc' dir='ltr'>παρρησίαν</span> 
     </span>
    </p>
   </div>
   <div class='ocr_carea' id='block_1_49' title="bbox 427 3700 1999 3774">
    <p class='ocr_par' dir='ltr' id='par_1_49' title="bbox 427 3700 1999 3774">
     <span class='ocr_line' id='line_1_49' title="bbox 427 3700 1999 3774; baseline 0.002 -22"><span class='ocrx_word' id='word_1_353' title='bbox 427 3702 514 3754; x_wconf 68' lang='grc' dir='ltr'><strong>διὰ</strong></span> <span class='ocrx_word' id='word_1_354' title='bbox 553 3701 865 3774; x_wconf 81' lang='grc' dir='ltr'>προσευχῆς</span> <span class='ocrx_word' id='word_1_355' title='bbox 917 3703 1010 3752; x_wconf 73' lang='grc' dir='ltr'><strong>καὶ</strong></span> <span class='ocrx_word' id='word_1_356' title='bbox 1037 3700 1357 3769; x_wconf 71' lang='grc' dir='ltr'>ψαλμῳδίας</span> <span class='ocrx_word' id='word_1_357' title='bbox 1387 3700 1717 3770; x_wconf 76' lang='grc' dir='ltr'>οιίτήσασθαί</span> <span class='ocrx_word' id='word_1_358' title='bbox 1752 3719 1804 3755; x_wconf 81' lang='grc' dir='ltr'><strong>τι</strong></span> <span class='ocrx_word' id='word_1_359' title='bbox 1845 3703 1999 3770; x_wconf 83' lang='grc' dir='ltr'><strong>παρά</strong></span> 
     </span>
    </p>
   </div>
   <div class='ocr_carea' id='block_1_50' title="bbox 428 3789 1996 3860">
    <p class='ocr_par' dir='ltr' id='par_1_50' title="bbox 428 3789 1996 3860">
     <span class='ocr_line' id='line_1_50' title="bbox 428 3789 1996 3860; baseline 0.001 -18"><span class='ocrx_word' id='word_1_360' title='bbox 428 3789 600 3854; x_wconf 86' lang='grc' dir='ltr'>Θεοῦ;</span> <span class='ocrx_word' id='word_1_361' title='bbox 635 3790 803 3845; x_wconf 86' lang='grc' dir='ltr'>Πόθεν</span> <span class='ocrx_word' id='word_1_362' title='bbox 831 3791 886 3842; x_wconf 82' lang='grc' dir='ltr'>δὲ</span> <span class='ocrx_word' id='word_1_363' title='bbox 920 3792 1364 3860; x_wconf 82' lang='grc' dir='ltr'>προσδοκήσομεν</span> <span class='ocrx_word' id='word_1_364' title='bbox 1391 3790 1659 3860; x_wconf 77' lang='grc' dir='ltr'>λήψεσθαι</span> <span class='ocrx_word' id='word_1_365' title='bbox 1687 3790 1837 3860; x_wconf 83' lang='grc' dir='ltr'>παρὰ</span> <span class='ocrx_word' id='word_1_366' title='bbox 1864 3790 1996 3843; x_wconf 87' lang='grc' dir='ltr'>Θεοῦ</span> 
     </span>
    </p>
   </div>
   <div class='ocr_carea' id='block_1_51' title="bbox 428 3879 1998 3950">
    <p class='ocr_par' dir='ltr' id='par_1_51' title="bbox 428 3879 1998 3950">
     <span class='ocr_line' id='line_1_51' title="bbox 428 3879 1998 3950; baseline 0.001 -17"><span class='ocrx_word' id='word_1_367' title='bbox 428 3883 496 3933; x_wconf 64' lang='grc' dir='ltr'><strong>τᾶ</strong></span> <span class='ocrx_word' id='word_1_368' title='bbox 535 3881 834 3950; x_wconf 82' lang='grc' dir='ltr'>αἰτήματα,</span> <span class='ocrx_word' id='word_1_369' title='bbox 869 3882 915 3931; x_wconf 90' lang='grc' dir='ltr'><strong>οί</strong></span> <span class='ocrx_word' id='word_1_370' title='bbox 951 3879 1020 3931; x_wconf 85' lang='grc' dir='ltr'><strong>τὰ</strong></span> <span class='ocrx_word' id='word_1_371' title='bbox 1050 3880 1141 3931; x_wconf 89' lang='grc' dir='ltr'><strong>τοῦ</strong></span> <span class='ocrx_word' id='word_1_372' title='bbox 1168 3879 1302 3931; x_wconf 84' lang='grc' dir='ltr'>Θεοῦ</span> <span class='ocrx_word' id='word_1_373' title='bbox 1331 3880 1651 3945; x_wconf 84' lang='grc' dir='ltr'>ἀθετοῦντες</span> <span class='ocrx_word' id='word_1_374' title='bbox 1682 3879 1998 3950; x_wconf 84' lang='grc' dir='ltr'>θελήματα;</span> 
     </span>
    </p>
   </div>
   <div class='ocr_carea' id='block_1_52' title="bbox 437 3969 2000 4044">
    <p class='ocr_par' dir='ltr' id='par_1_52' title="bbox 437 3969 2000 4044">
     <span class='ocr_line' id='line_1_52' title="bbox 437 3969 2000 4044; baseline 0.005 -23"><span class='ocrx_word' id='word_1_375' title='bbox 437 3991 454 4021; x_wconf 84' lang='grc' dir='ltr'><strong>ι</strong></span> <span class='ocrx_word' id='word_1_376' title='bbox 490 3969 580 4041; x_wconf 81' lang='grc' dir='ltr'><strong>Τῷ</strong></span> <span class='ocrx_word' id='word_1_377' title='bbox 607 3973 716 4041; x_wconf 84' lang='grc' dir='ltr'>γὰρ</span> <span class='ocrx_word' id='word_1_378' title='bbox 743 3971 1076 4044; x_wconf 81' lang='grc' dir='ltr'>ἁμαρτωλῷ,</span> <span class='ocrx_word' id='word_1_379' title='bbox 1124 3971 1268 4024; x_wconf 80' lang='grc' dir='ltr'>κατὰ</span> <span class='ocrx_word' id='word_1_380' title='bbox 1300 3972 1390 4022; x_wconf 77' lang='grc' dir='ltr'><strong>τὸν</strong></span> <span class='ocrx_word' id='word_1_381' title='bbox 1417 3969 1743 4042; x_wconf 78' lang='grc' dir='ltr'>Ψαλμῳίὸν,</span> <span class='ocrx_word' id='word_1_382' title='bbox 1796 3970 1950 4029; x_wconf 81' lang='grc' dir='ltr'>εἶπεν</span> <span class='ocrx_word' id='word_1_383' title='bbox 1973 3977 2000 4028; x_wconf 86' lang='grc' dir='ltr'>ὁ</span> 
     </span>
    </p>
   </div>
   <div class='ocr_carea' id='block_1_53' title="bbox 427 4061 2000 4133">
    <p class='ocr_par' dir='ltr' id='par_1_53' title="bbox 427 4061 2000 4133">
     <span class='ocr_line' id='line_1_53' title="bbox 427 4061 2000 4133; baseline 0.003 -20"><span class='ocrx_word' id='word_1_384' title='bbox 427 4062 560 4123; x_wconf 85' lang='grc' dir='ltr'>Θεός</span> <span class='ocrx_word' id='word_1_385' title='bbox 584 4076 599 4092; x_wconf 78' lang='grc' dir='ltr'><strong>ο</strong></span> <span class='ocrx_word' id='word_1_386' title='bbox 631 4061 747 4114; x_wconf 87' lang='grc' dir='ltr'>Ἵνα</span> <span class='ocrx_word' id='word_1_387' title='bbox 783 4061 836 4112; x_wconf 88' lang='grc' dir='ltr'><strong>τί</strong></span> <span class='ocrx_word' id='word_1_388' title='bbox 873 4063 936 4111; x_wconf 82' lang='grc' dir='ltr'><strong>σὺ</strong></span> <span class='ocrx_word' id='word_1_389' title='bbox 977 4061 1201 4131; x_wconf 81' lang='grc' dir='ltr'>ὲκδιηγῇ</span> <span class='ocrx_word' id='word_1_390' title='bbox 1232 4061 1303 4113; x_wconf 79' lang='grc' dir='ltr'>τὰ</span> <span class='ocrx_word' id='word_1_391' title='bbox 1334 4061 1685 4131; x_wconf 84' lang='grc' dir='ltr'>δικαιώματά</span> <span class='ocrx_word' id='word_1_392' title='bbox 1726 4081 1854 4133; x_wconf 84' lang='grc' dir='ltr'>μου,</span> <span class='ocrx_word' id='word_1_393' title='bbox 1904 4067 2000 4121; x_wconf 61' lang='grc' dir='ltr'><strong>καί⁵</strong></span> 
     </span>
    </p>
   </div>
   <div class='ocr_carea' id='block_1_54' title="bbox 429 4151 2001 4226">
    <p class='ocr_par' dir='ltr' id='par_1_54' title="bbox 429 4151 2001 4226">
     <span class='ocr_line' id='line_1_54' title="bbox 429 4151 2001 4226; baseline 0.004 -23"><span class='ocrx_word' id='word_1_394' title='bbox 429 4151 836 4220; x_wconf 73' lang='grc' dir='ltr'>ἀναλαμϐάνεις</span> <span class='ocrx_word' id='word_1_395' title='bbox 871 4152 969 4221; x_wconf 79' lang='grc' dir='ltr'>τὴν</span> <span class='ocrx_word' id='word_1_396' title='bbox 992 4152 1264 4222; x_wconf 80' lang='grc' dir='ltr'>διαθήκην</span> <span class='ocrx_word' id='word_1_397' title='bbox 1299 4153 1520 4226; x_wconf 47' lang='grc' dir='ltr'>μουοδιά</span> <span class='ocrx_word' id='word_1_398' title='bbox 1567 4155 1834 4224; x_wconf 85' lang='grc' dir='ltr'>στόματός</span> <span class='ocrx_word' id='word_1_399' title='bbox 1865 4174 1958 4210; x_wconf 88' lang='grc' dir='ltr'><strong>σου</strong></span> <span class='ocrx_word' id='word_1_400' title='bbox 1984 4175 2001 4226; x_wconf 85' lang='lat'><strong>;</strong></span> 
     </span>
    </p>
   </div>
   <div class='ocr_carea' id='block_1_55' title="bbox 431 4243 1995 4317">
    <p class='ocr_par' dir='ltr' id='par_1_55' title="bbox 431 4243 1995 4317">
     <span class='ocr_line' id='line_1_55' title="bbox 431 4243 1995 4317; baseline 0.004 -21"><span class='ocrx_word' id='word_1_401' title='bbox 431 4245 495 4296; x_wconf 80' lang='grc' dir='ltr'><strong>σὺ</strong></span> <span class='ocrx_word' id='word_1_402' title='bbox 531 4244 586 4296; x_wconf 81' lang='grc' dir='ltr'>δὲ</span> <span class='ocrx_word' id='word_1_403' title='bbox 617 4243 882 4314; x_wconf 72' lang='grc' dir='ltr'>ἐμίσησας</span> <span class='ocrx_word' id='word_1_404' title='bbox 918 4245 1186 4308; x_wconf 84' lang='grc' dir='ltr'>παιδείαν,</span> <span class='ocrx_word' id='word_1_405' title='bbox 1234 4247 1329 4298; x_wconf 79' lang='grc' dir='ltr'>καὶ</span> <span class='ocrx_word' id='word_1_406' title='bbox 1357 4245 1610 4311; x_wconf 74' lang='grc' dir='ltr'>ἐξέϐαλες</span> <span class='ocrx_word' id='word_1_407' title='bbox 1641 4249 1767 4311; x_wconf 79' lang='grc' dir='ltr'>τοὺς</span> <span class='ocrx_word' id='word_1_408' title='bbox 1800 4249 1995 4317; x_wconf 80' lang='grc' dir='ltr'>λόγους</span> 
     </span>
    </p>
   </div>
   <div class='ocr_carea' id='block_1_56' title="bbox 435 4335 2004 4413">
    <p class='ocr_par' dir='ltr' id='par_1_56' title="bbox 435 4335 2004 4413">
     <span class='ocr_line' id='line_1_56' title="bbox 435 4335 2004 4413; baseline 0.006 -26"><span class='ocrx_word' id='word_1_409' title='bbox 435 4353 537 4405; x_wconf 87' lang='grc' dir='ltr'><strong>μου</strong></span> <span class='ocrx_word' id='word_1_410' title='bbox 575 4339 654 4399; x_wconf 89' lang='grc' dir='ltr'>εἰς</span> <span class='ocrx_word' id='word_1_411' title='bbox 686 4335 754 4388; x_wconf 83' lang='grc' dir='ltr'>τὰ</span> <span class='ocrx_word' id='word_1_412' title='bbox 792 4335 989 4390; x_wconf 84' lang='grc' dir='ltr'>ὀπίσω.</span> <span class='ocrx_word' id='word_1_413' title='bbox 1021 4335 1083 4388; x_wconf 78' lang='lat' dir='ltr'><strong>Ei</strong></span> <span class='ocrx_word' id='word_1_414' title='bbox 1132 4338 1391 4409; x_wconf 85' lang='grc' dir='ltr'>ὲθεώρεις</span> <span class='ocrx_word' id='word_1_415' title='bbox 1432 4338 1698 4410; x_wconf 82' lang='grc' dir='ltr'>κλέπτην,</span> <span class='ocrx_word' id='word_1_416' title='bbox 1747 4343 2004 4413; x_wconf 87' lang='grc' dir='ltr'>συνέτρε-</span> 
     </span>
    </p>
   </div>
   <div class='ocr_carea' id='block_1_57' title="bbox 431 4427 2003 4501">
    <p class='ocr_par' dir='ltr' id='par_1_57' title="bbox 431 4427 2003 4501">
     <span class='ocr_line' id='line_1_57' title="bbox 431 4427 2003 4501; baseline 0.007 -22"><span class='ocrx_word' id='word_1_417' title='bbox 431 4444 526 4498; x_wconf 86' lang='grc' dir='ltr'><strong>χες</strong></span> <span class='ocrx_word' id='word_1_418' title='bbox 557 4427 729 4496; x_wconf 84' lang='grc' dir='ltr'>αὐτῷ,</span> <span class='ocrx_word' id='word_1_419' title='bbox 770 4431 868 4482; x_wconf 82' lang='grc' dir='ltr'><strong>καὶ</strong></span> <span class='ocrx_word' id='word_1_420' title='bbox 911 4429 1049 4498; x_wconf 87' lang='grc' dir='ltr'><strong>μετά</strong></span> <span class='ocrx_word' id='word_1_421' title='bbox 1077 4431 1270 4500; x_wconf 89' lang='grc' dir='ltr'>μοιχοῦ</span> <span class='ocrx_word' id='word_1_422' title='bbox 1298 4429 1396 4501; x_wconf 80' lang='grc' dir='ltr'>τὴν</span> <span class='ocrx_word' id='word_1_423' title='bbox 1423 4431 1620 4501; x_wconf 87' lang='grc' dir='ltr'>μερίδα</span> <span class='ocrx_word' id='word_1_424' title='bbox 1661 4447 1753 4486; x_wconf 89' lang='grc' dir='ltr'><strong>σου</strong></span> <span class='ocrx_word' id='word_1_425' title='bbox 1783 4435 2003 4500; x_wconf 79' lang='grc' dir='ltr'>ἐτίθεις.</span> 
     </span>
    </p>
   </div>
   <div class='ocr_carea' id='block_1_58' title="bbox 2599 1672 3185 1734">
    <p class='ocr_par' dir='ltr' id='par_1_58' title="bbox 2599 1672 3185 1734">
     <span class='ocr_line' id='line_1_58' title="bbox 2599 1672 3185 1734; baseline -0.003 -4"><span class='ocrx_word' id='word_1_426' title='bbox 2599 1673 2885 1734; x_wconf 82' lang='lat' dir='ltr'><strong>HOMILIA</strong></span> <span class='ocrx_word' id='word_1_427' title='bbox 2939 1672 3185 1728; x_wconf 75' lang='lat' dir='ltr'><strong>XXXIX.</strong></span> 
     </span>
    </p>
   </div>
   <div class='ocr_carea' id='block_1_59' title="bbox 2095 1791 3680 1868">
    <p class='ocr_par' dir='ltr' id='par_1_59' title="bbox 2095 1791 3680 1868">
     <span class='ocr_line' id='line_1_59' title="bbox 2095 1791 3680 1868; baseline -0.009 -16"><span class='ocrx_word' id='word_1_428' title='bbox 2095 1796 2255 1852; x_wconf 80' lang='lat' dir='ltr'><strong>Dicta</strong></span> <span class='ocrx_word' id='word_1_429' title='bbox 2288 1801 2343 1852; x_wconf 84' lang='lat' dir='ltr'><strong>in</strong></span> <span class='ocrx_word' id='word_1_430' title='bbox 2382 1798 2766 1868; x_wconf 72' lang='lat' dir='ltr'><strong>supplicatione</strong></span> <span class='ocrx_word' id='word_1_431' title='bbox 2790 1795 3002 1863; x_wconf 81' lang='lat' dir='ltr'><strong>publica</strong></span> <span class='ocrx_word' id='word_1_432' title='bbox 3034 1807 3150 1857; x_wconf 74' lang='lat' dir='ltr'><strong>qum</strong></span> <span class='ocrx_word' id='word_1_433' title='bbox 3179 1791 3323 1859; x_wconf 78' lang='lat' dir='ltr'><strong>facta</strong></span> <span class='ocrx_word' id='word_1_434' title='bbox 3358 1795 3435 1842; x_wconf 79' lang='lat' dir='ltr'><strong>est</strong></span> <span class='ocrx_word' id='word_1_435' title='bbox 3463 1795 3680 1868; x_wconf 69' lang='lat' dir='ltr'><strong>propter</strong></span> 
     </span>
    </p>
   </div>
   <div class='ocr_carea' id='block_1_60' title="bbox 2169 1855 3678 1936">
    <p class='ocr_par' dir='ltr' id='par_1_60' title="bbox 2169 1855 3678 1936">
     <span class='ocr_line' id='line_1_60' title="bbox 2169 1855 3678 1936; baseline -0.009 -13"><span class='ocrx_word' id='word_1_436' title='bbox 2169 1855 2523 1924; x_wconf 53' lang='lat' dir='ltr'><strong>insolitam&#39;et</strong></span> <span class='ocrx_word' id='word_1_437' title='bbox 2557 1869 2748 1936; x_wconf 84' lang='lat' dir='ltr'><strong>ubique</strong></span> <span class='ocrx_word' id='word_1_438' title='bbox 2780 1855 2903 1918; x_wconf 69' lang='lat' dir='ltr'><strong>tunc</strong></span> <span class='ocrx_word' id='word_1_439' title='bbox 2946 1855 3280 1934; x_wconf 71' lang='lat' dir='ltr'><strong>grassantem</strong></span> <span class='ocrx_word' id='word_1_440' title='bbox 3327 1858 3512 1912; x_wconf 75' lang='lat' dir='ltr'><strong>mortis</strong></span> <span class='ocrx_word' id='word_1_441' title='bbox 3554 1855 3678 1926; x_wconf 83' lang='lat' dir='ltr'><strong>pla-</strong></span> 
     </span>
    </p>
   </div>
   <div class='ocr_carea' id='block_1_61' title="bbox 2165 1955 2310 2008">
    <p class='ocr_par' dir='ltr' id='par_1_61' title="bbox 2165 1955 2310 2008">
     <span class='ocr_line' id='line_1_61' title="bbox 2165 1955 2310 2008; baseline 0.014 -16"><span class='ocrx_word' id='word_1_442' title='bbox 2165 1955 2284 2008; x_wconf 87' lang='lat' dir='ltr'><strong>gam</strong></span> <span class='ocrx_word' id='word_1_443' title='bbox 2295 1977 2310 1994; x_wconf 89' lang='lat'><strong>.</strong></span> 
     </span>
    </p>
   </div>
   <div class='ocr_carea' id='block_1_62' title="bbox 2166 2040 3675 2115">
    <p class='ocr_par' dir='ltr' id='par_1_62' title="bbox 2166 2040 3675 2115">
     <span class='ocr_line' id='line_1_62' title="bbox 2166 2040 3675 2115; baseline -0.01 -7"><span class='ocrx_word' id='word_1_444' title='bbox 2166 2052 2408 2108; x_wconf 80' lang='lat' dir='ltr'><strong>Joannes</strong></span> <span class='ocrx_word' id='word_1_445' title='bbox 2455 2050 2686 2105; x_wconf 87' lang='lat' dir='ltr'><strong>dilectus</strong></span> <span class='ocrx_word' id='word_1_446' title='bbox 2733 2047 2954 2102; x_wconf 90' lang='lat' dir='ltr'><strong>Christo</strong></span> <span class='ocrx_word' id='word_1_447' title='bbox 2995 2044 3282 2115; x_wconf 74' lang='lat' dir='ltr'><strong>theologus</strong></span> <span class='ocrx_word' id='word_1_448' title='bbox 3330 2041 3467 2097; x_wconf 76' lang='lat' dir='ltr'><strong>dixit</strong></span> <span class='ocrx_word' id='word_1_449' title='bbox 3500 2057 3516 2096; x_wconf 90' lang='lat'><strong>:</strong></span> <span class='ocrx_word' id='word_1_450' title='bbox 3557 2057 3578 2092; x_wconf 85' lang='grc' dir='ltr'><strong>ι</strong></span> <span class='ocrx_word' id='word_1_451' title='bbox 3619 2040 3675 2094; x_wconf 86' lang='lat' dir='ltr'><strong>Si</strong></span> 
     </span>
    </p>
   </div>
   <div class='ocr_carea' id='block_1_63' title="bbox 2098 2133 3678 2210">
    <p class='ocr_par' dir='ltr' id='par_1_63' title="bbox 2098 2133 3678 2210">
     <span class='ocr_line' id='line_1_63' title="bbox 2098 2133 3678 2210; baseline -0.009 -11"><span class='ocrx_word' id='word_1_452' title='bbox 2098 2160 2191 2200; x_wconf 88' lang='lat' dir='ltr'><strong>cor</strong></span> <span class='ocrx_word' id='word_1_453' title='bbox 2222 2152 2470 2198; x_wconf 91' lang='lat' dir='ltr'><strong>nostrum</strong></span> <span class='ocrx_word' id='word_1_454' title='bbox 2500 2157 2607 2195; x_wconf 92' lang='lat' dir='ltr'><strong>non</strong></span> <span class='ocrx_word' id='word_1_455' title='bbox 2660 2139 3074 2210; x_wconf 85' lang='lat' dir='ltr'><strong>reprehenderit</strong></span> <span class='ocrx_word' id='word_1_456' title='bbox 3126 2152 3247 2199; x_wconf 87' lang='lat' dir='ltr'><strong>nos,</strong></span> <span class='ocrx_word' id='word_1_457' title='bbox 3289 2135 3542 2188; x_wconf 84' lang='lat' dir='ltr'><strong>ﬁduciam</strong></span> <span class='ocrx_word' id='word_1_458' title='bbox 3579 2133 3678 2186; x_wconf 88' lang='lat' dir='ltr'><strong>ha-</strong></span> 
     </span>
    </p>
   </div>
   <div class='ocr_carea' id='block_1_64' title="bbox 2100 2224 3676 2300">
    <p class='ocr_par' dir='ltr' id='par_1_64' title="bbox 2100 2224 3676 2300">
     <span class='ocr_line' id='line_1_64' title="bbox 2100 2224 3676 2300; baseline -0.009 -10"><span class='ocrx_word' id='word_1_459' title='bbox 2100 2237 2293 2290; x_wconf 88' lang='lat' dir='ltr'><strong>bemus</strong></span> <span class='ocrx_word' id='word_1_460' title='bbox 2322 2237 2389 2288; x_wconf 91' lang='lat' dir='ltr'><strong>ad</strong></span> <span class='ocrx_word' id='word_1_461' title='bbox 2432 2234 2623 2295; x_wconf 89' lang='lat' dir='ltr'><strong>Deum,</strong></span> <span class='ocrx_word' id='word_1_462' title='bbox 2654 2241 2708 2286; x_wconf 92' lang='lat' dir='ltr'><strong>et</strong></span> <span class='ocrx_word' id='word_1_463' title='bbox 2752 2229 3018 2300; x_wconf 81' lang='lat' dir='ltr'><strong>quidquid</strong></span> <span class='ocrx_word' id='word_1_464' title='bbox 3055 2227 3393 2297; x_wconf 87' lang='lat' dir='ltr'><strong>petierimus,</strong></span> <span class='ocrx_word' id='word_1_465' title='bbox 3438 2224 3676 2292; x_wconf 82' lang='lat' dir='ltr'><strong>accipie-</strong></span> 
     </span>
    </p>
   </div>
   <div class='ocr_carea' id='block_1_65' title="bbox 2101 2319 3676 2394">
    <p class='ocr_par' dir='ltr' id='par_1_65' title="bbox 2101 2319 3676 2394">
     <span class='ocr_line' id='line_1_65' title="bbox 2101 2319 3676 2394; baseline -0.01 -11"><span class='ocrx_word' id='word_1_466' title='bbox 2101 2343 2223 2383; x_wconf 87' lang='lat' dir='ltr'><strong>mus</strong></span> <span class='ocrx_word' id='word_1_467' title='bbox 2257 2328 2326 2382; x_wconf 89' lang='lat' dir='ltr'><strong>ab</strong></span> <span class='ocrx_word' id='word_1_468' title='bbox 2355 2341 2454 2392; x_wconf 91' lang='lat' dir='ltr'><strong>eo;</strong></span> <span class='ocrx_word' id='word_1_469' title='bbox 2488 2323 2746 2394; x_wconf 84' lang='lat' dir='ltr'><strong>quoniam</strong></span> <span class='ocrx_word' id='word_1_470' title='bbox 2792 2323 3047 2376; x_wconf 87' lang='lat' dir='ltr'><strong>mandata</strong></span> <span class='ocrx_word' id='word_1_471' title='bbox 3080 2319 3198 2389; x_wconf 89' lang='lat' dir='ltr'><strong>ejus</strong></span> <span class='ocrx_word' id='word_1_472' title='bbox 3229 2319 3586 2379; x_wconf 83' lang='lat' dir='ltr'><strong>custodimus,</strong></span> <span class='ocrx_word' id='word_1_473' title='bbox 3625 2325 3676 2368; x_wconf 87' lang='lat' dir='ltr'><strong>et</strong></span> 
     </span>
    </p>
   </div>
   <div class='ocr_carea' id='block_1_66' title="bbox 2099 2409 3678 2488">
    <p class='ocr_par' dir='ltr' id='par_1_66' title="bbox 2099 2409 3678 2488">
     <span class='ocr_line' id='line_1_66' title="bbox 2099 2409 3678 2488; baseline -0.008 -13"><span class='ocrx_word' id='word_1_474' title='bbox 2099 2435 2163 2475; x_wconf 91' lang='lat' dir='ltr'><strong>ea</strong></span> <span class='ocrx_word' id='word_1_475' title='bbox 2209 2435 2329 2488; x_wconf 68' lang='lat' dir='ltr'><strong>qua:</strong></span> <span class='ocrx_word' id='word_1_476' title='bbox 2383 2426 2516 2470; x_wconf 90' lang='lat' dir='ltr'><strong>sunt</strong></span> <span class='ocrx_word' id='word_1_477' title='bbox 2564 2417 2766 2486; x_wconf 84' lang='lat' dir='ltr'><strong>placita</strong></span> <span class='ocrx_word' id='word_1_478' title='bbox 2806 2429 2991 2467; x_wconf 90' lang='lat' dir='ltr'><strong>coram</strong></span> <span class='ocrx_word' id='word_1_479' title='bbox 3041 2429 3106 2466; x_wconf 90' lang='lat' dir='ltr'><strong>eo</strong></span> <span class='ocrx_word' id='word_1_480' title='bbox 3155 2412 3387 2468; x_wconf 82' lang='lat' dir='ltr'><strong>facimus</strong></span> <span class='ocrx_word' id='word_1_481' title='bbox 3425 2411 3467 2464; x_wconf 87' lang='grc'><strong>⁸.</strong></span> <span class='ocrx_word' id='word_1_482' title='bbox 3506 2429 3524 2462; x_wconf 73' lang='grc' dir='ltr'><strong>ι</strong></span> <span class='ocrx_word' id='word_1_483' title='bbox 3567 2409 3678 2462; x_wconf 85' lang='lat' dir='ltr'><strong>Nos</strong></span> 
     </span>
    </p>
   </div>
   <div class='ocr_carea' id='block_1_67' title="bbox 2107 2501 3680 2580">
    <p class='ocr_par' dir='ltr' id='par_1_67' title="bbox 2107 2501 3680 2580">
     <span class='ocr_line' id='line_1_67' title="bbox 2107 2501 3680 2580; baseline -0.008 -16"><span class='ocrx_word' id='word_1_484' title='bbox 2107 2521 2285 2566; x_wconf 89' lang='lat' dir='ltr'><strong>autem</strong></span> <span class='ocrx_word' id='word_1_485' title='bbox 2321 2510 2414 2580; x_wconf 90' lang='lat' dir='ltr'><strong>qui</strong></span> <span class='ocrx_word' id='word_1_486' title='bbox 2453 2525 2481 2563; x_wconf 90' lang='lat' dir='ltr'><strong>a</strong></span> <span class='ocrx_word' id='word_1_487' title='bbox 2519 2520 2703 2563; x_wconf 80' lang='lat' dir='ltr'><strong>neSIra</strong></span> <span class='ocrx_word' id='word_1_488' title='bbox 2741 2505 3023 2574; x_wconf 80' lang='lat' dir='ltr'><strong>arguimur</strong></span> <span class='ocrx_word' id='word_1_489' title='bbox 3047 2502 3408 2566; x_wconf 80' lang='lat' dir='ltr'><strong>conscientia,</strong></span> <span class='ocrx_word' id='word_1_490' title='bbox 3434 2501 3525 2569; x_wconf 89' lang='lat' dir='ltr'><strong>qui</strong></span> <span class='ocrx_word' id='word_1_491' title='bbox 3558 2511 3680 2570; x_wconf 83' lang='lat' dir='ltr'><strong>post.</strong></span> 
     </span>
    </p>
   </div>
   <div class='ocr_carea' id='block_1_68' title="bbox 2099 2593 3678 2670">
    <p class='ocr_par' dir='ltr' id='par_1_68' title="bbox 2099 2593 3678 2670">
     <span class='ocr_line' id='line_1_68' title="bbox 2099 2593 3678 2670; baseline -0.006 -12"><span class='ocrx_word' id='word_1_492' title='bbox 2099 2601 2575 2670; x_wconf 89' lang='lat' dir='ltr'><strong>concupiscentias</strong></span> <span class='ocrx_word' id='word_1_493' title='bbox 2607 2610 2826 2655; x_wconf 86' lang='lat' dir='ltr'><strong>nostras</strong></span> <span class='ocrx_word' id='word_1_494' title='bbox 2861 2597 3034 2650; x_wconf 89' lang='lat' dir='ltr'><strong>malas</strong></span> <span class='ocrx_word' id='word_1_495' title='bbox 3067 2593 3357 2658; x_wconf 89' lang='lat' dir='ltr'><strong>abivimus,</strong></span> <span class='ocrx_word' id='word_1_496' title='bbox 3387 2593 3482 2663; x_wconf 90' lang='lat' dir='ltr'><strong>qui</strong></span> <span class='ocrx_word' id='word_1_497' title='bbox 3519 2608 3678 2648; x_wconf 84' lang='lat' dir='ltr'><strong>man-</strong></span> 
     </span>
    </p>
   </div>
   <div class='ocr_carea' id='block_1_69' title="bbox 2100 2687 3680 2764">
    <p class='ocr_par' dir='ltr' id='par_1_69' title="bbox 2100 2687 3680 2764">
     <span class='ocr_line' id='line_1_69' title="bbox 2100 2687 3680 2764; baseline -0.008 -14"><span class='ocrx_word' id='word_1_498' title='bbox 2100 2695 2227 2750; x_wconf 89' lang='lat' dir='ltr'><strong>data</strong></span> <span class='ocrx_word' id='word_1_499' title='bbox 2253 2694 2346 2749; x_wconf 86' lang='lat' dir='ltr'><strong>Dei</strong></span> <span class='ocrx_word' id='word_1_500' title='bbox 2387 2694 2699 2764; x_wconf 85' lang='lat' dir='ltr'><strong>rejecimus,</strong></span> <span class='ocrx_word' id='word_1_501' title='bbox 2739 2699 2793 2745; x_wconf 90' lang='lat' dir='ltr'><strong>et</strong></span> <span class='ocrx_word' id='word_1_502' title='bbox 2830 2689 3008 2760; x_wconf 84' lang='lat' dir='ltr'><strong>turpia</strong></span> <span class='ocrx_word' id='word_1_503' title='bbox 3043 2690 3258 2756; x_wconf 81' lang='lat' dir='ltr'><strong>egimus</strong></span> <span class='ocrx_word' id='word_1_504' title='bbox 3296 2687 3352 2740; x_wconf 90' lang='lat' dir='ltr'><strong>in</strong></span> <span class='ocrx_word' id='word_1_505' title='bbox 3384 2696 3680 2755; x_wconf 84' lang='lat' dir='ltr'><strong>conspectu</strong></span> 
     </span>
    </p>
   </div>
   <div class='ocr_carea' id='block_1_70' title="bbox 2101 2780 3682 2858">
    <p class='ocr_par' dir='ltr' id='par_1_70' title="bbox 2101 2780 3682 2858">
     <span class='ocr_line' id='line_1_70' title="bbox 2101 2780 3682 2858; baseline -0.009 -14"><span class='ocrx_word' id='word_1_506' title='bbox 2101 2787 2274 2852; x_wconf 83' lang='lat' dir='ltr'><strong>illius,</strong></span> <span class='ocrx_word' id='word_1_507' title='bbox 2303 2787 2397 2857; x_wconf 90' lang='lat' dir='ltr'><strong>qui</strong></span> <span class='ocrx_word' id='word_1_508' title='bbox 2440 2803 2535 2858; x_wconf 90' lang='lat' dir='ltr'><strong>per</strong></span> <span class='ocrx_word' id='word_1_509' title='bbox 2570 2785 2816 2854; x_wconf 75' lang='lat' dir='ltr'><strong>singulos</strong></span> <span class='ocrx_word' id='word_1_510' title='bbox 2849 2786 2961 2838; x_wconf 90' lang='lat' dir='ltr'><strong>dies</strong></span> <span class='ocrx_word' id='word_1_511' title='bbox 2997 2782 3354 2842; x_wconf 88' lang='lat' dir='ltr'><strong>inebriamur,</strong></span> <span class='ocrx_word' id='word_1_512' title='bbox 3385 2789 3439 2833; x_wconf 90' lang='lat' dir='ltr'><strong>et</strong></span> <span class='ocrx_word' id='word_1_513' title='bbox 3472 2780 3523 2834; x_wconf 90' lang='lat' dir='ltr'><strong>in</strong></span> <span class='ocrx_word' id='word_1_514' title='bbox 3554 2781 3682 2832; x_wconf 89' lang='lat' dir='ltr'><strong>vino</strong></span> 
     </span>
    </p>
   </div>
   <div class='ocr_carea' id='block_1_71' title="bbox 2103 2871 3683 2946">
    <p class='ocr_par' dir='ltr' id='par_1_71' title="bbox 2103 2871 3683 2946">
     <span class='ocr_line' id='line_1_71' title="bbox 2103 2871 3683 2946; baseline -0.008 -10"><span class='ocrx_word' id='word_1_515' title='bbox 2103 2887 2270 2936; x_wconf 89' lang='lat' dir='ltr'><strong>totam</strong></span> <span class='ocrx_word' id='word_1_516' title='bbox 2296 2879 2440 2935; x_wconf 85' lang='lat' dir='ltr'><strong>diem</strong></span> <span class='ocrx_word' id='word_1_517' title='bbox 2475 2877 2852 2946; x_wconf 78' lang='lat' dir='ltr'><strong>transigimus,</strong></span> <span class='ocrx_word' id='word_1_518' title='bbox 2884 2873 3298 2928; x_wconf 89' lang='lat' dir='ltr'><strong>considerantes</strong></span> <span class='ocrx_word' id='word_1_519' title='bbox 3326 2872 3472 2925; x_wconf 90' lang='lat' dir='ltr'><strong>unde</strong></span> <span class='ocrx_word' id='word_1_520' title='bbox 3497 2871 3683 2925; x_wconf 85' lang='lat' dir='ltr'><strong>veniat</strong></span> 
     </span>
    </p>
   </div>
   <div class='ocr_carea' id='block_1_72' title="bbox 2101 2963 3694 3046">
    <p class='ocr_par' dir='ltr' id='par_1_72' title="bbox 2101 2963 3694 3046">
     <span class='ocr_line' id='line_1_72' title="bbox 2101 2963 3694 3046; baseline -0.007 -17"><span class='ocrx_word' id='word_1_521' title='bbox 2101 2983 2303 3046; x_wconf 86' lang='lat' dir='ltr'><strong>potus;</strong></span> <span class='ocrx_word' id='word_1_522' title='bbox 2343 2989 2436 3046; x_wconf 83' lang='lat' dir='ltr'><strong>qm</strong></span> <span class='ocrx_word' id='word_1_523' title='bbox 2472 2983 2686 3030; x_wconf 89' lang='lat' dir='ltr'><strong>noctem</strong></span> <span class='ocrx_word' id='word_1_524' title='bbox 2741 2970 2954 3040; x_wconf 76' lang='lat' dir='ltr'><strong>agimus</strong></span> <span class='ocrx_word' id='word_1_525' title='bbox 2988 2968 3042 3022; x_wconf 91' lang='lat' dir='ltr'><strong>in</strong></span> <span class='ocrx_word' id='word_1_526' title='bbox 3097 2965 3442 3019; x_wconf 86' lang='lat' dir='ltr'><strong>immunditia</strong></span> <span class='ocrx_word' id='word_1_527' title='bbox 3485 2963 3694 3018; x_wconf 65' lang='lat' dir='ltr'><strong>animm:-</strong></span> 
     </span>
    </p>
   </div>
   <div class='ocr_carea' id='block_1_73' title="bbox 2103 3057 3679 3137">
    <p class='ocr_par' dir='ltr' id='par_1_73' title="bbox 2103 3057 3679 3137">
     <span class='ocr_line' id='line_1_73' title="bbox 2103 3057 3679 3137; baseline -0.009 -15"><span class='ocrx_word' id='word_1_528' title='bbox 2103 3078 2158 3122; x_wconf 91' lang='lat' dir='ltr'><strong>et</strong></span> <span class='ocrx_word' id='word_1_529' title='bbox 2192 3066 2478 3137; x_wconf 88' lang='lat' dir='ltr'><strong>corporis;</strong></span> <span class='ocrx_word' id='word_1_530' title='bbox 2504 3064 2598 3136; x_wconf 89' lang='lat' dir='ltr'><strong>qui</strong></span> <span class='ocrx_word' id='word_1_531' title='bbox 2624 3062 2896 3132; x_wconf 88' lang='lat' dir='ltr'><strong>iniquitati</strong></span> <span class='ocrx_word' id='word_1_532' title='bbox 2928 3069 2983 3116; x_wconf 90' lang='lat' dir='ltr'><strong>et</strong></span> <span class='ocrx_word' id='word_1_533' title='bbox 3011 3057 3254 3113; x_wconf 69' lang='lat' dir='ltr'><strong>avaritia:</strong></span> <span class='ocrx_word' id='word_1_534' title='bbox 3286 3057 3679 3114; x_wconf 80' lang='lat' dir='ltr'><strong>assuescimns.</strong></span> 
     </span>
    </p>
   </div>
   <div class='ocr_carea' id='block_1_74' title="bbox 2105 3149 3683 3231">
    <p class='ocr_par' dir='ltr' id='par_1_74' title="bbox 2105 3149 3683 3231">
     <span class='ocr_line' id='line_1_74' title="bbox 2105 3149 3683 3231; baseline -0.008 -16"><span class='ocrx_word' id='word_1_535' title='bbox 2105 3162 2196 3231; x_wconf 89' lang='lat' dir='ltr'><strong>qui</strong></span> <span class='ocrx_word' id='word_1_536' title='bbox 2244 3159 2405 3214; x_wconf 79' lang='lat' dir='ltr'><strong>furtis</strong></span> <span class='ocrx_word' id='word_1_537' title='bbox 2445 3167 2498 3212; x_wconf 86' lang='lat' dir='ltr'><strong>et</strong></span> <span class='ocrx_word' id='word_1_538' title='bbox 2545 3156 2757 3226; x_wconf 87' lang='lat' dir='ltr'><strong>rapinis</strong></span> <span class='ocrx_word' id='word_1_539' title='bbox 2807 3154 3144 3225; x_wconf 74' lang='lat' dir='ltr'><strong>gaudemus;</strong></span> <span class='ocrx_word' id='word_1_540' title='bbox 3195 3151 3287 3222; x_wconf 89' lang='lat' dir='ltr'><strong>qui</strong></span> <span class='ocrx_word' id='word_1_541' title='bbox 3328 3149 3586 3205; x_wconf 80' lang='lat' dir='ltr'><strong>invidiam</strong></span> <span class='ocrx_word' id='word_1_542' title='bbox 3629 3159 3683 3202; x_wconf 79' lang='grc' dir='ltr'><strong>ιι</strong></span> 
     </span>
    </p>
   </div>
   <div class='ocr_carea' id='block_1_75' title="bbox 2101 3233 3684 3314">
    <p class='ocr_par' dir='ltr' id='par_1_75' title="bbox 2101 3233 3684 3314">
     <span class='ocr_line' id='line_1_75' title="bbox 2101 3233 3684 3314; baseline -0.009 -8"><span class='ocrx_word' id='word_1_543' title='bbox 2101 3253 2287 3308; x_wconf 90' lang='lat' dir='ltr'><strong>odium</strong></span> <span class='ocrx_word' id='word_1_544' title='bbox 2317 3253 2384 3304; x_wconf 90' lang='lat' dir='ltr'><strong>ad</strong></span> <span class='ocrx_word' id='word_1_545' title='bbox 2420 3250 2650 3306; x_wconf 79' lang='lat' dir='ltr'><strong>invicem</strong></span> <span class='ocrx_word' id='word_1_546' title='bbox 2679 3248 2982 3311; x_wconf 87' lang='lat' dir='ltr'><strong>habemus;</strong></span> <span class='ocrx_word' id='word_1_547' title='bbox 3017 3244 3110 3314; x_wconf 90' lang='lat' dir='ltr'><strong>qui</strong></span> <span class='ocrx_word' id='word_1_548' title='bbox 3139 3257 3241 3298; x_wconf 86' lang='lat' dir='ltr'><strong>nos</strong></span> <span class='ocrx_word' id='word_1_549' title='bbox 3267 3233 3478 3296; x_wconf 81' lang='lat' dir='ltr'><strong>mutuis</strong></span> <span class='ocrx_word' id='word_1_550' title='bbox 3512 3241 3684 3295; x_wconf 86' lang='lat' dir='ltr'><strong>laces-</strong></span> 
     </span>
    </p>
   </div>
   <div class='ocr_carea' id='block_1_76' title="bbox 2101 3335 3679 3414">
    <p class='ocr_par' dir='ltr' id='par_1_76' title="bbox 2101 3335 3679 3414">
     <span class='ocr_line' id='line_1_76' title="bbox 2101 3335 3679 3414; baseline -0.007 -16"><span class='ocrx_word' id='word_1_551' title='bbox 2101 3347 2277 3410; x_wconf 80' lang='lat' dir='ltr'><strong>simus</strong></span> <span class='ocrx_word' id='word_1_552' title='bbox 2309 3344 2645 3414; x_wconf 87' lang='lat' dir='ltr'><strong>opprobriis,</strong></span> <span class='ocrx_word' id='word_1_553' title='bbox 2676 3341 2771 3412; x_wconf 89' lang='lat' dir='ltr'><strong>qui</strong></span> <span class='ocrx_word' id='word_1_554' title='bbox 2814 3339 2976 3395; x_wconf 90' lang='lat' dir='ltr'><strong>nobis</strong></span> <span class='ocrx_word' id='word_1_555' title='bbox 3009 3337 3241 3393; x_wconf 88' lang='lat' dir='ltr'><strong>invicem</strong></span> <span class='ocrx_word' id='word_1_556' title='bbox 3283 3335 3679 3390; x_wconf 85' lang='lat' dir='ltr'><strong>maledicimus:</strong></span> 
     </span>
    </p>
   </div>
   <div class='ocr_carea' id='block_1_77' title="bbox 2103 3424 3682 3508">
    <p class='ocr_par' dir='ltr' id='par_1_77' title="bbox 2103 3424 3682 3508">
     <span class='ocr_line' id='line_1_77' title="bbox 2103 3424 3682 3508; baseline -0.011 -13"><span class='ocrx_word' id='word_1_557' title='bbox 2103 3442 2195 3508; x_wconf 92' lang='lat' dir='ltr'><strong>qui</strong></span> <span class='ocrx_word' id='word_1_558' title='bbox 2231 3452 2450 3492; x_wconf 89' lang='lat' dir='ltr'><strong>omnem</strong></span> <span class='ocrx_word' id='word_1_559' title='bbox 2485 3436 2742 3490; x_wconf 90' lang='lat' dir='ltr'><strong>virtutem</strong></span> <span class='ocrx_word' id='word_1_560' title='bbox 2773 3441 2826 3486; x_wconf 89' lang='lat' dir='ltr'><strong>et</strong></span> <span class='ocrx_word' id='word_1_561' title='bbox 2859 3429 3210 3495; x_wconf 90' lang='lat' dir='ltr'><strong>disciplinam</strong></span> <span class='ocrx_word' id='word_1_562' title='bbox 3237 3427 3474 3488; x_wconf 89' lang='lat' dir='ltr'><strong>odimus;</strong></span> <span class='ocrx_word' id='word_1_563' title='bbox 3503 3424 3594 3493; x_wconf 91' lang='lat' dir='ltr'><strong>qui</strong></span> <span class='ocrx_word' id='word_1_564' title='bbox 3629 3425 3682 3478; x_wconf 91' lang='lat' dir='ltr'><strong>in</strong></span> 
     </span>
    </p>
   </div>
   <div class='ocr_carea' id='block_1_78' title="bbox 2101 3516 3681 3593">
    <p class='ocr_par' dir='ltr' id='par_1_78' title="bbox 2101 3516 3681 3593">
     <span class='ocr_line' id='line_1_78' title="bbox 2101 3516 3681 3593; baseline -0.009 -9"><span class='ocrx_word' id='word_1_565' title='bbox 2101 3543 2320 3588; x_wconf 90' lang='lat' dir='ltr'><strong>omnem</strong></span> <span class='ocrx_word' id='word_1_566' title='bbox 2364 3525 2597 3581; x_wconf 81' lang='lat' dir='ltr'><strong>formam</strong></span> <span class='ocrx_word' id='word_1_567' title='bbox 2635 3521 2840 3593; x_wconf 90' lang='lat' dir='ltr'><strong>peccati</strong></span> <span class='ocrx_word' id='word_1_568' title='bbox 2866 3521 3096 3585; x_wconf 88' lang='lat' dir='ltr'><strong>ruimus,</strong></span> <span class='ocrx_word' id='word_1_569' title='bbox 3123 3519 3399 3588; x_wconf 91' lang='lat' dir='ltr'><strong>quomodo</strong></span> <span class='ocrx_word' id='word_1_570' title='bbox 3426 3516 3681 3570; x_wconf 80' lang='lat' dir='ltr'><strong>ﬁduciam</strong></span> 
     </span>
    </p>
   </div>
   <div class='ocr_carea' id='block_1_79' title="bbox 2109 3609 3679 3688">
    <p class='ocr_par' dir='ltr' id='par_1_79' title="bbox 2109 3609 3679 3688">
     <span class='ocr_line' id='line_1_79' title="bbox 2109 3609 3679 3688; baseline -0.011 -12"><span class='ocrx_word' id='word_1_571' title='bbox 2109 3621 2437 3680; x_wconf 85' lang='lat' dir='ltr'><strong>habebimus</strong></span> <span class='ocrx_word' id='word_1_572' title='bbox 2485 3633 2582 3688; x_wconf 87' lang='lat' dir='ltr'><strong>per</strong></span> <span class='ocrx_word' id='word_1_573' title='bbox 2607 3615 2911 3670; x_wconf 85' lang='lat' dir='ltr'><strong>oralionem</strong></span> <span class='ocrx_word' id='word_1_574' title='bbox 2944 3621 2999 3666; x_wconf 84' lang='lat' dir='ltr'><strong>et</strong></span> <span class='ocrx_word' id='word_1_575' title='bbox 3039 3610 3396 3679; x_wconf 82' lang='lat' dir='ltr'><strong>psalmodiam</strong></span> <span class='ocrx_word' id='word_1_576' title='bbox 3433 3609 3615 3662; x_wconf 86' lang='lat' dir='ltr'><strong>omnia</strong></span> <span class='ocrx_word' id='word_1_577' title='bbox 3651 3623 3679 3658; x_wconf 90' lang='lat' dir='ltr'><strong>a</strong></span> 
     </span>
    </p>
   </div>
   <div class='ocr_carea' id='block_1_80' title="bbox 2104 3697 3680 3776">
    <p class='ocr_par' dir='ltr' id='par_1_80' title="bbox 2104 3697 3680 3776">
     <span class='ocr_line' id='line_1_80' title="bbox 2104 3697 3680 3776; baseline -0.01 -10"><span class='ocrx_word' id='word_1_578' title='bbox 2104 3711 2214 3766; x_wconf 85' lang='lat' dir='ltr'><strong>Deo</strong></span> <span class='ocrx_word' id='word_1_579' title='bbox 2255 3706 2662 3776; x_wconf 83' lang='lat' dir='ltr'><strong>consequendi?</strong></span> <span class='ocrx_word' id='word_1_580' title='bbox 2710 3705 2868 3762; x_wconf 89' lang='lat' dir='ltr'><strong>Unde</strong></span> <span class='ocrx_word' id='word_1_581' title='bbox 2913 3702 3256 3772; x_wconf 80' lang='lat' dir='ltr'><strong>sperabimus</strong></span> <span class='ocrx_word' id='word_1_582' title='bbox 3305 3715 3333 3756; x_wconf 86' lang='lat' dir='ltr'><strong>a</strong></span> <span class='ocrx_word' id='word_1_583' title='bbox 3381 3697 3504 3753; x_wconf 87' lang='lat' dir='ltr'><strong>Deo.</strong></span> <span class='ocrx_word' id='word_1_584' title='bbox 3537 3699 3680 3767; x_wconf 67' lang='lat' dir='ltr'><strong>obti-</strong></span> 
     </span>
    </p>
   </div>
   <div class='ocr_carea' id='block_1_81' title="bbox 2104 3787 3680 3865">
    <p class='ocr_par' dir='ltr' id='par_1_81' title="bbox 2104 3787 3680 3865">
     <span class='ocr_line' id='line_1_81' title="bbox 2104 3787 3680 3865; baseline -0.009 -13"><span class='ocrx_word' id='word_1_585' title='bbox 2104 3813 2232 3852; x_wconf 88' lang='lat' dir='ltr'><strong>nere</strong></span> <span class='ocrx_word' id='word_1_586' title='bbox 2261 3807 2606 3865; x_wconf 76' lang='lat' dir='ltr'><strong>qntecunque</strong></span> <span class='ocrx_word' id='word_1_587' title='bbox 2647 3791 2989 3861; x_wconf 85' lang='lat' dir='ltr'><strong>petierimus,</strong></span> <span class='ocrx_word' id='word_1_588' title='bbox 3035 3789 3128 3858; x_wconf 92' lang='lat' dir='ltr'><strong>qui</strong></span> <span class='ocrx_word' id='word_1_589' title='bbox 3173 3789 3430 3842; x_wconf 85' lang='lat' dir='ltr'><strong>mandata</strong></span> <span class='ocrx_word' id='word_1_590' title='bbox 3467 3787 3558 3840; x_wconf 90' lang='lat' dir='ltr'><strong>Dei</strong></span> <span class='ocrx_word' id='word_1_591' title='bbox 3593 3802 3680 3839; x_wconf 83' lang='lat' dir='ltr'><strong>re-</strong></span> 
     </span>
    </p>
   </div>
   <div class='ocr_carea' id='block_1_82' title="bbox 2100 3878 3677 3959">
    <p class='ocr_par' dir='ltr' id='par_1_82' title="bbox 2100 3878 3677 3959">
     <span class='ocr_line' id='line_1_82' title="bbox 2100 3878 3677 3959; baseline -0.006 -20"><span class='ocrx_word' id='word_1_592' title='bbox 2100 3888 2374 3959; x_wconf 70' lang='lat' dir='ltr'><strong>jvciuius‘i</strong></span> <span class='ocrx_word' id='word_1_593' title='bbox 2416 3884 2700 3940; x_wconf 87' lang='lat' dir='ltr'><strong>Peccatori</strong></span> <span class='ocrx_word' id='word_1_594' title='bbox 2751 3882 2922 3946; x_wconf 86' lang='lat' dir='ltr'><strong>enim,</strong></span> <span class='ocrx_word' id='word_1_595' title='bbox 2961 3881 3258 3938; x_wconf 87' lang='lat' dir='ltr'><strong>secundum</strong></span> <span class='ocrx_word' id='word_1_596' title='bbox 3305 3878 3677 3944; x_wconf 82' lang='lat' dir='ltr'><strong>Psalniislam,</strong></span> 
     </span>
    </p>
   </div>
   <div class='ocr_carea' id='block_1_83' title="bbox 2107 3970 3684 4044">
    <p class='ocr_par' dir='ltr' id='par_1_83' title="bbox 2107 3970 3684 4044">
     <span class='ocr_line' id='line_1_83' title="bbox 2107 3970 3684 4044; baseline -0.011 -6"><span class='ocrx_word' id='word_1_597' title='bbox 2107 3981 2247 4038; x_wconf 80' lang='lat' dir='ltr'><strong>dixit</strong></span> <span class='ocrx_word' id='word_1_598' title='bbox 2303 3979 2446 4034; x_wconf 90' lang='lat' dir='ltr'><strong>Deus</strong></span> <span class='ocrx_word' id='word_1_599' title='bbox 2488 3996 2502 4033; x_wconf 89' lang='lat'><strong>:</strong></span> <span class='ocrx_word' id='word_1_600' title='bbox 2546 3977 2728 4044; x_wconf 81' lang='lat' dir='ltr'><strong>Quare</strong></span> <span class='ocrx_word' id='word_1_601' title='bbox 2766 3984 2822 4029; x_wconf 90' lang='lat' dir='ltr'><strong>tn</strong></span> <span class='ocrx_word' id='word_1_602' title='bbox 2857 3988 3084 4030; x_wconf 84' lang='lat' dir='ltr'><strong>enarras</strong></span> <span class='ocrx_word' id='word_1_603' title='bbox 3123 3970 3368 4041; x_wconf 84' lang='lat' dir='ltr'><strong>justitias</strong></span> <span class='ocrx_word' id='word_1_604' title='bbox 3411 3983 3582 4031; x_wconf 78' lang='lat' dir='ltr'><strong>meas,</strong></span> <span class='ocrx_word' id='word_1_605' title='bbox 3628 3978 3684 4022; x_wconf 89' lang='lat' dir='ltr'><strong>et</strong></span> 
     </span>
    </p>
   </div>
   <div class='ocr_carea' id='block_1_84' title="bbox 2105 4057 3682 4132">
    <p class='ocr_par' dir='ltr' id='par_1_84' title="bbox 2105 4057 3682 4132">
     <span class='ocr_line' id='line_1_84' title="bbox 2105 4057 3682 4132; baseline -0.008 -8"><span class='ocrx_word' id='word_1_606' title='bbox 2105 4069 2343 4124; x_wconf 87' lang='lat' dir='ltr'><strong>assumis</strong></span> <span class='ocrx_word' id='word_1_607' title='bbox 2390 4075 2776 4123; x_wconf 89' lang='lat' dir='ltr'><strong>testamentum</strong></span> <span class='ocrx_word' id='word_1_608' title='bbox 2805 4078 2984 4118; x_wconf 89' lang='lat' dir='ltr'><strong>meum</strong></span> <span class='ocrx_word' id='word_1_609' title='bbox 3009 4077 3106 4132; x_wconf 88' lang='lat' dir='ltr'><strong>per</strong></span> <span class='ocrx_word' id='word_1_610' title='bbox 3129 4077 3191 4120; x_wconf 78' lang='lat' dir='ltr'><strong>os</strong></span> <span class='ocrx_word' id='word_1_611' title='bbox 3224 4061 3416 4116; x_wconf 81' lang='lat' dir='ltr'><strong>tuum?</strong></span> <span class='ocrx_word' id='word_1_612' title='bbox 3441 4057 3520 4112; x_wconf 87' lang='lat' dir='ltr'><strong>Tn</strong></span> <span class='ocrx_word' id='word_1_613' title='bbox 3553 4073 3682 4112; x_wconf 91' lang='lat' dir='ltr'><strong>vero</strong></span> 
     </span>
    </p>
   </div>
   <div class='ocr_carea' id='block_1_85' title="bbox 2107 4153 3683 4228">
    <p class='ocr_par' dir='ltr' id='par_1_85' title="bbox 2107 4153 3683 4228">
     <span class='ocr_line' id='line_1_85' title="bbox 2107 4153 3683 4228; baseline -0.003 -15"><span class='ocrx_word' id='word_1_614' title='bbox 2107 4159 2272 4215; x_wconf 90' lang='lat' dir='ltr'><strong>odisti</strong></span> <span class='ocrx_word' id='word_1_615' title='bbox 2299 4157 2666 4228; x_wconf 87' lang='lat' dir='ltr'><strong>disciplinam,</strong></span> <span class='ocrx_word' id='word_1_616' title='bbox 2700 4165 2754 4209; x_wconf 91' lang='lat' dir='ltr'><strong>et</strong></span> <span class='ocrx_word' id='word_1_617' title='bbox 2785 4153 3068 4226; x_wconf 74' lang='lat' dir='ltr'><strong>proiecisti</strong></span> <span class='ocrx_word' id='word_1_618' title='bbox 3108 4167 3393 4214; x_wconf 86' lang='lat' dir='ltr'><strong>sermones</strong></span> <span class='ocrx_word' id='word_1_619' title='bbox 3416 4167 3568 4210; x_wconf 89' lang='lat' dir='ltr'><strong>meos</strong></span> <span class='ocrx_word' id='word_1_620' title='bbox 3595 4167 3683 4208; x_wconf 85' lang='lat' dir='ltr'><strong>re-</strong></span> 
     </span>
    </p>
   </div>
   <div class='ocr_carea' id='block_1_86' title="bbox 2109 4245 3684 4307">
    <p class='ocr_par' dir='ltr' id='par_1_86' title="bbox 2109 4245 3684 4307">
     <span class='ocr_line' id='line_1_86' title="bbox 2109 4245 3684 4307; baseline -0.006 -1"><span class='ocrx_word' id='word_1_621' title='bbox 2109 4261 2370 4306; x_wconf 86' lang='lat' dir='ltr'><strong>trorsum.</strong></span> <span class='ocrx_word' id='word_1_622' title='bbox 2413 4249 2468 4304; x_wconf 92' lang='lat' dir='ltr'><strong>Si</strong></span> <span class='ocrx_word' id='word_1_623' title='bbox 2505 4249 2731 4304; x_wconf 84' lang='lat' dir='ltr'><strong>videbas</strong></span> <span class='ocrx_word' id='word_1_624' title='bbox 2763 4248 2942 4302; x_wconf 80' lang='lat' dir='ltr'><strong>furem</strong></span> <span class='ocrx_word' id='word_1_625' title='bbox 2967 4285 2983 4307; x_wconf 91' lang='lat'><strong>,</strong></span> <span class='ocrx_word' id='word_1_626' title='bbox 3024 4245 3288 4302; x_wconf 82' lang='lat' dir='ltr'><strong>currebas</strong></span> <span class='ocrx_word' id='word_1_627' title='bbox 3314 4259 3437 4298; x_wconf 89' lang='lat' dir='ltr'><strong>cum</strong></span> <span class='ocrx_word' id='word_1_628' title='bbox 3482 4258 3550 4297; x_wconf 89' lang='lat' dir='ltr'><strong>eo</strong></span> <span class='ocrx_word' id='word_1_629' title='bbox 3581 4261 3594 4306; x_wconf 90' lang='lat'>;</span> <span class='ocrx_word' id='word_1_630' title='bbox 3631 4255 3684 4296; x_wconf 79' lang='lat' dir='ltr'><strong>rt</strong></span> 
     </span>
    </p>
   </div>
   <div class='ocr_carea' id='block_1_87' title="bbox 2108 4329 3680 4407">
    <p class='ocr_par' dir='ltr' id='par_1_87' title="bbox 2108 4329 3680 4407">
     <span class='ocr_line' id='line_1_87' title="bbox 2108 4329 3680 4407; baseline -0.008 -13"><span class='ocrx_word' id='word_1_631' title='bbox 2108 4355 2232 4395; x_wconf 92' lang='lat' dir='ltr'><strong>cum</strong></span> <span class='ocrx_word' id='word_1_632' title='bbox 2287 4338 2552 4393; x_wconf 88' lang='lat' dir='ltr'><strong>adulteris</strong></span> <span class='ocrx_word' id='word_1_633' title='bbox 2602 4339 2905 4407; x_wconf 88' lang='lat' dir='ltr'><strong>portionem</strong></span> <span class='ocrx_word' id='word_1_634' title='bbox 2941 4345 3088 4388; x_wconf 88' lang='lat' dir='ltr'><strong>tuam</strong></span> <span class='ocrx_word' id='word_1_635' title='bbox 3126 4332 3386 4403; x_wconf 84' lang='lat' dir='ltr'><strong>ponebas.</strong></span> <span class='ocrx_word' id='word_1_636' title='bbox 3423 4329 3495 4384; x_wconf 80' lang='lat' dir='ltr'><strong>Os</strong></span> <span class='ocrx_word' id='word_1_637' title='bbox 3525 4339 3680 4384; x_wconf 91' lang='lat' dir='ltr'><strong>tuum</strong></span> 
     </span>
    </p>
   </div>
   <div class='ocr_carea' id='block_1_88' title="bbox 2109 4421 3682 4494">
    <p class='ocr_par' dir='ltr' id='par_1_88' title="bbox 2109 4421 3682 4494">
     <span class='ocr_line' id='line_1_88' title="bbox 2109 4421 3682 4494; baseline -0.004 -11"><span class='ocrx_word' id='word_1_638' title='bbox 2109 4428 2408 4484; x_wconf 83' lang='lat' dir='ltr'><strong>abundavit</strong></span> <span class='ocrx_word' id='word_1_639' title='bbox 2432 4428 2660 4489; x_wconf 83' lang='lat' dir='ltr'><strong>malitia,</strong></span> <span class='ocrx_word' id='word_1_640' title='bbox 2691 4437 2744 4481; x_wconf 92' lang='lat' dir='ltr'><strong>et</strong></span> <span class='ocrx_word' id='word_1_641' title='bbox 2773 4427 2952 4494; x_wconf 81' lang='lat' dir='ltr'><strong>lingua</strong></span> <span class='ocrx_word' id='word_1_642' title='bbox 2984 4434 3074 4478; x_wconf 87' lang='lat' dir='ltr'><strong>tua</strong></span> <span class='ocrx_word' id='word_1_643' title='bbox 3107 4423 3469 4482; x_wconf 81' lang='lat' dir='ltr'><strong>concinnabat</strong></span> <span class='ocrx_word' id='word_1_644' title='bbox 3498 4421 3682 4476; x_wconf 79' lang='lat' dir='ltr'><strong>dolos.</strong></span> 
     </span>
    </p>
   </div>
   <div class='ocr_carea' id='block_1_89' title="bbox 431 4517 1999 4616">
    <p class='ocr_par' dir='ltr' id='par_1_89' title="bbox 431 4521 1997 4596">
     <span class='ocr_line' id='line_1_89' title="bbox 431 4521 1997 4596; baseline 0.005 -24"><span class='ocrx_word' id='word_1_645' title='bbox 431 4521 504 4572; x_wconf 88' lang='grc' dir='ltr'>Τὸ</span> <span class='ocrx_word' id='word_1_646' title='bbox 533 4521 704 4588; x_wconf 84' lang='grc' dir='ltr'>στόμα</span> <span class='ocrx_word' id='word_1_647' title='bbox 743 4537 839 4572; x_wconf 91' lang='grc' dir='ltr'><strong>σου</strong></span> <span class='ocrx_word' id='word_1_648' title='bbox 874 4521 1166 4576; x_wconf 72' lang='grc' dir='ltr'>ἐπλεόνασε</span> <span class='ocrx_word' id='word_1_649' title='bbox 1195 4524 1414 4585; x_wconf 84' lang='grc' dir='ltr'>κακίαν,</span> <span class='ocrx_word' id='word_1_650' title='bbox 1455 4524 1550 4577; x_wconf 78' lang='grc' dir='ltr'><strong>καὶ</strong></span> <span class='ocrx_word' id='word_1_651' title='bbox 1584 4527 1618 4596; x_wconf 82' lang='grc' dir='ltr'><strong>ή</strong></span> <span class='ocrx_word' id='word_1_652' title='bbox 1654 4526 1873 4593; x_wconf 79' lang='grc' dir='ltr'>γλῶσσὰ</span> <span class='ocrx_word' id='word_1_653' title='bbox 1904 4545 1997 4580; x_wconf 82' lang='grc' dir='ltr'><strong>σου</strong></span> 
     </span>
    </p>
   </div>
   <div class='ocr_carea' id='block_1_90' title="bbox 2105 4517 3690 4616">
    <p class='ocr_par' dir='ltr' id='par_1_90' title="bbox 2111 4517 3690 4586">
     <span class='ocr_line' id='line_1_90' title="bbox 2111 4517 3690 4586; baseline -0.004 -12"><span class='ocrx_word' id='word_1_654' title='bbox 2111 4521 2324 4575; x_wconf 85' lang='lat' dir='ltr'><strong>Sedens</strong></span> <span class='ocrx_word' id='word_1_655' title='bbox 2355 4520 2621 4574; x_wconf 88' lang='lat' dir='ltr'><strong>adversus</strong></span> <span class='ocrx_word' id='word_1_656' title='bbox 2658 4520 2884 4571; x_wconf 78' lang='lat' dir='ltr'><strong>fratrem</strong></span> <span class='ocrx_word' id='word_1_657' title='bbox 2928 4527 3082 4570; x_wconf 91' lang='lat' dir='ltr'><strong>tuum</strong></span> <span class='ocrx_word' id='word_1_658' title='bbox 3136 4517 3467 4586; x_wconf 84' lang='lat' dir='ltr'><strong>loquebaris.</strong></span> <span class='ocrx_word' id='word_1_659' title='bbox 3503 4526 3556 4570; x_wconf 88' lang='lat' dir='ltr'><strong>et</strong></span> <span class='ocrx_word' id='word_1_660' title='bbox 3589 4517 3690 4568; x_wconf 74' lang='lat' dir='ltr'><strong>ad-</strong></span> 
     </span>
    </p>
   </div>
   <div class='ocr_carea' id='block_1_91' title="bbox 433 4610 2005 4683">
    <p class='ocr_par' dir='ltr' id='par_1_91' title="bbox 433 4610 2005 4683">
     <span class='ocr_line' id='line_1_91' title="bbox 433 4610 2005 4683; baseline 0.006 -22"><span class='ocrx_word' id='word_1_661' title='bbox 433 4610 761 4680; x_wconf 79' lang='grc' dir='ltr'>περιέπλεκε</span> <span class='ocrx_word' id='word_1_662' title='bbox 791 4610 1125 4680; x_wconf 85' lang='grc' dir='ltr'>δολιότητας.</span> <span class='ocrx_word' id='word_1_663' title='bbox 1169 4612 1493 4683; x_wconf 84' lang='grc' dir='ltr'>Καθήμενος</span> <span class='ocrx_word' id='word_1_664' title='bbox 1535 4616 1676 4668; x_wconf 88' lang='grc' dir='ltr'>κατὰ</span> <span class='ocrx_word' id='word_1_665' title='bbox 1703 4616 1798 4669; x_wconf 89' lang='grc' dir='ltr'><strong>τοῦ</strong></span> <span class='ocrx_word' id='word_1_666' title='bbox 1849 4619 2005 4670; x_wconf 86' lang='grc' dir='ltr'>ἁδελ-</span> 
     </span>
    </p>
   </div>
   <div class='ocr_carea' id='block_1_92' title="bbox 432 4701 2004 4780">
    <p class='ocr_par' dir='ltr' id='par_1_92' title="bbox 432 4701 2004 4780">
     <span class='ocr_line' id='line_1_92' title="bbox 432 4701 2004 4780; baseline 0.008 -28"><span class='ocrx_word' id='word_1_667' title='bbox 432 4701 534 4768; x_wconf 78' lang='grc' dir='ltr'>φοῦ</span> <span class='ocrx_word' id='word_1_668' title='bbox 580 4719 672 4754; x_wconf 89' lang='grc' dir='ltr'><strong>σου</strong></span> <span class='ocrx_word' id='word_1_669' title='bbox 706 4701 1046 4766; x_wconf 84' lang='grc' dir='ltr'>κατελάλεις,</span> <span class='ocrx_word' id='word_1_670' title='bbox 1079 4703 1174 4755; x_wconf 73' lang='grc' dir='ltr'><strong>καὶ</strong></span> <span class='ocrx_word' id='word_1_671' title='bbox 1203 4705 1345 4756; x_wconf 87' lang='grc' dir='ltr'><strong>κατά</strong></span> <span class='ocrx_word' id='word_1_672' title='bbox 1387 4705 1482 4757; x_wconf 87' lang='grc' dir='ltr'><strong>τοῦ</strong></span> <span class='ocrx_word' id='word_1_673' title='bbox 1516 4707 1636 4769; x_wconf 85' lang='grc' dir='ltr'>υἱοῦ</span> <span class='ocrx_word' id='word_1_674' title='bbox 1666 4709 1763 4778; x_wconf 81' lang='grc' dir='ltr'>τῆς</span> <span class='ocrx_word' id='word_1_675' title='bbox 1794 4711 2004 4780; x_wconf 84' lang='grc' dir='ltr'>μητρός</span> 
     </span>
    </p>
   </div>
   <div class='ocr_carea' id='block_1_93' title="bbox 434 4791 2005 4870">
    <p class='ocr_par' dir='ltr' id='par_1_93' title="bbox 434 4791 2005 4870">
     <span class='ocr_line' id='line_1_93' title="bbox 434 4791 2005 4870; baseline 0.007 -28"><span class='ocrx_word' id='word_1_676' title='bbox 434 4807 528 4842; x_wconf 85' lang='grc' dir='ltr'><strong>σου</strong></span> <span class='ocrx_word' id='word_1_677' title='bbox 559 4791 754 4853; x_wconf 83' lang='grc' dir='ltr'>ἐτίθεις</span> <span class='ocrx_word' id='word_1_678' title='bbox 787 4791 1100 4846; x_wconf 83' lang='grc' dir='ltr'>σκάνδαλον.</span> <span class='ocrx_word' id='word_1_679' title='bbox 1150 4793 1391 4861; x_wconf 78' lang='grc' dir='ltr'>Ἐλέγξω</span> <span class='ocrx_word' id='word_1_680' title='bbox 1428 4813 1486 4848; x_wconf 81' lang='grc' dir='ltr'><strong>σε</strong></span> <span class='ocrx_word' id='word_1_681' title='bbox 1521 4799 1614 4850; x_wconf 74' lang='grc' dir='ltr'><strong>καὶ</strong></span> <span class='ocrx_word' id='word_1_682' title='bbox 1660 4802 2005 4870; x_wconf 75' lang='grc' dir='ltr'>παραστήσω</span> 
     </span>
    </p>
   </div>
   <div class='ocr_carea' id='block_1_94' title="bbox 433 4885 2004 4962">
    <p class='ocr_par' dir='ltr' id='par_1_94' title="bbox 433 4885 2004 4962">
     <span class='ocr_line' id='line_1_94' title="bbox 433 4885 2004 4962; baseline 0.004 -26"><span class='ocrx_word' id='word_1_683' title='bbox 433 4885 573 4937; x_wconf 86' lang='grc' dir='ltr'><strong>κατὰ</strong></span> <span class='ocrx_word' id='word_1_684' title='bbox 621 4885 912 4955; x_wconf 85' lang='grc' dir='ltr'>πρόσωπόν</span> <span class='ocrx_word' id='word_1_685' title='bbox 964 4903 1056 4938; x_wconf 90' lang='grc' dir='ltr'><strong>σου</strong></span> <span class='ocrx_word' id='word_1_686' title='bbox 1110 4886 1206 4948; x_wconf 83' lang='grc' dir='ltr'><strong>τὰς</strong></span> <span class='ocrx_word' id='word_1_687' title='bbox 1252 4887 1484 4955; x_wconf 88' lang='grc' dir='ltr'>ἀνομίας</span> <span class='ocrx_word' id='word_1_688' title='bbox 1533 4907 1652 4942; x_wconf 88' lang='grc' dir='ltr'>σου.</span> <span class='ocrx_word' id='word_1_689' title='bbox 1711 4891 1907 4943; x_wconf 88' lang='grc' dir='ltr'>Σύνετε</span> <span class='ocrx_word' id='word_1_690' title='bbox 1941 4895 2004 4962; x_wconf 79' lang='grc' dir='ltr'>δὴ</span> 
     </span>
    </p>
   </div>
   <div class='ocr_carea' id='block_1_95' title="bbox 433 4975 2002 5056">
    <p class='ocr_par' dir='ltr' id='par_1_95' title="bbox 433 4975 2002 5056">
     <span class='ocr_line' id='line_1_95' title="bbox 433 4975 2002 5056; baseline 0.005 -29"><span class='ocrx_word' id='word_1_691' title='bbox 433 4975 688 5041; x_wconf 56' lang='lat' dir='ltr'><strong>causam!</strong></span> <span class='ocrx_word' id='word_1_692' title='bbox 708 4977 1196 5046; x_wconf 79' lang='grc' dir='ltr'>ἐπιλανθανόμενοι</span> <span class='ocrx_word' id='word_1_693' title='bbox 1221 4979 1312 5031; x_wconf 86' lang='grc' dir='ltr'><strong>τοῦ</strong></span> <span class='ocrx_word' id='word_1_694' title='bbox 1333 4978 1490 5044; x_wconf 84' lang='grc' dir='ltr'>Θεοῦ,</span> <span class='ocrx_word' id='word_1_695' title='bbox 1523 4985 1733 5051; x_wconf 80' lang='grc' dir='ltr'>μήποτε</span> <span class='ocrx_word' id='word_1_696' title='bbox 1759 4983 2002 5056; x_wconf 71' lang='grc' dir='ltr'>ἁρπάσῃ,</span> 
     </span>
    </p>
   </div>
   <div class='ocr_carea' id='block_1_96' title="bbox 435 5057 2003 5144">
    <p class='ocr_par' dir='ltr' id='par_1_96' title="bbox 435 5057 2003 5144">
     <span class='ocr_line' id='line_1_96' title="bbox 435 5057 2003 5144; baseline 0.006 -24"><span class='ocrx_word' id='word_1_697' title='bbox 435 5070 526 5120; x_wconf 79' lang='grc' dir='ltr'><strong>καί</strong></span> <span class='ocrx_word' id='word_1_698' title='bbox 550 5070 608 5120; x_wconf 74' lang='grc' dir='ltr'><strong>οὐ</strong></span> <span class='ocrx_word' id='word_1_699' title='bbox 644 5068 718 5138; x_wconf 83' lang='grc' dir='ltr'>μὴ</span> <span class='ocrx_word' id='word_1_700' title='bbox 824 5069 851 5121; x_wconf 86' lang='grc' dir='ltr'>ὁ</span> <span class='ocrx_word' id='word_1_701' title='bbox 880 5068 1144 5138; x_wconf 76' lang='grc' dir='ltr'>ῥυόμενος</span> <span class='ocrx_word' id='word_1_702' title='bbox 1167 5085 1182 5100; x_wconf 79' lang='grc' dir='ltr'><strong>ο</strong></span> <span class='ocrx_word' id='word_1_703' title='bbox 1223 5087 1242 5121; x_wconf 77' lang='grc' dir='ltr'><strong>ι</strong></span> <span class='ocrx_word' id='word_1_704' title='bbox 1277 5069 1466 5142; x_wconf 81' lang='grc' dir='ltr'>ὥσπερ</span> <span class='ocrx_word' id='word_1_705' title='bbox 1505 5072 1598 5126; x_wconf 81' lang='grc' dir='ltr'><strong>νῦν</strong></span> <span class='ocrx_word' id='word_1_706' title='bbox 1626 5076 1785 5144; x_wconf 81' lang='grc' dir='ltr'>ἡμεῖς</span> <span class='ocrx_word' id='word_1_707' title='bbox 1821 5057 2003 5144; x_wconf 82' lang='grc' dir='ltr'>ἁρπα-</span> 
     </span>
    </p>
   </div>
   <div class='ocr_carea' id='block_1_97' title="bbox 434 5158 2007 5231">
    <p class='ocr_par' dir='ltr' id='par_1_97' title="bbox 434 5158 2007 5231">
     <span class='ocr_line' id='line_1_97' title="bbox 434 5158 2007 5231; baseline 0.006 -22"><span class='ocrx_word' id='word_1_708' title='bbox 434 5158 660 5227; x_wconf 78' lang='grc' dir='ltr'>ζόμεθα,</span> <span class='ocrx_word' id='word_1_709' title='bbox 709 5161 802 5213; x_wconf 71' lang='grc' dir='ltr'><strong>καὶ</strong></span> <span class='ocrx_word' id='word_1_710' title='bbox 851 5159 950 5212; x_wconf 81' lang='grc' dir='ltr'><strong>οὐκ</strong></span> <span class='ocrx_word' id='word_1_711' title='bbox 1005 5159 1152 5212; x_wconf 76' lang='grc' dir='ltr'>ἔστιν</span> <span class='ocrx_word' id='word_1_712' title='bbox 1210 5163 1237 5213; x_wconf 89' lang='grc' dir='ltr'>ὁ</span> <span class='ocrx_word' id='word_1_713' title='bbox 1291 5163 1574 5231; x_wconf 77' lang='grc' dir='ltr'>ῥυόμενος,</span> <span class='ocrx_word' id='word_1_714' title='bbox 1627 5166 1727 5218; x_wconf 86' lang='grc' dir='ltr'><strong>οὐκ</strong></span> <span class='ocrx_word' id='word_1_715' title='bbox 1779 5166 1924 5219; x_wconf 83' lang='grc' dir='ltr'>ἔστιν</span> <span class='ocrx_word' id='word_1_716' title='bbox 1978 5168 2007 5218; x_wconf 88' lang='grc' dir='ltr'>ὁ</span> 
     </span>
    </p>
   </div>
   <div class='ocr_carea' id='block_1_98' title="bbox 437 5250 2008 5324">
    <p class='ocr_par' dir='ltr' id='par_1_98' title="bbox 437 5250 2008 5324">
     <span class='ocr_line' id='line_1_98' title="bbox 437 5250 2008 5324; baseline 0.006 -23"><span class='ocrx_word' id='word_1_717' title='bbox 437 5250 664 5320; x_wconf 78' lang='grc' dir='ltr'>βοηθῶν.</span> <span class='ocrx_word' id='word_1_718' title='bbox 727 5251 869 5303; x_wconf 70' lang='grc' dir='ltr'>Ἀλλ’</span> <span class='ocrx_word' id='word_1_719' title='bbox 908 5253 1006 5324; x_wconf 76' lang='grc' dir='ltr'>οὐχ</span> <span class='ocrx_word' id='word_1_720' title='bbox 1069 5253 1302 5314; x_wconf 74' lang='grc' dir='ltr'>ἕκαστος</span> <span class='ocrx_word' id='word_1_721' title='bbox 1357 5255 1512 5322; x_wconf 79' lang='grc' dir='ltr'>ἡμῶν</span> <span class='ocrx_word' id='word_1_722' title='bbox 1568 5255 1681 5323; x_wconf 71' lang='grc' dir='ltr'>ἔχει</span> <span class='ocrx_word' id='word_1_723' title='bbox 1726 5259 1901 5314; x_wconf 79' lang='grc' dir='ltr'>πάντα</span> <span class='ocrx_word' id='word_1_724' title='bbox 1940 5258 2008 5310; x_wconf 85' lang='grc' dir='ltr'>τὰ</span> 
     </span>
    </p>
   </div>
   <div class='ocr_carea' id='block_1_99' title="bbox 436 5341 2012 5414">
    <p class='ocr_par' dir='ltr' id='par_1_99' title="bbox 436 5341 2012 5414">
     <span class='ocr_line' id='line_1_99' title="bbox 436 5341 2012 5414; baseline 0.007 -24"><span class='ocrx_word' id='word_1_725' title='bbox 436 5341 1004 5410; x_wconf 80' lang='grc' dir='ltr'>προκατηριθμημὲνα</span> <span class='ocrx_word' id='word_1_726' title='bbox 1050 5343 1148 5412; x_wconf 80' lang='grc' dir='ltr'>τῆς</span> <span class='ocrx_word' id='word_1_727' title='bbox 1204 5342 1478 5414; x_wconf 77' lang='grc' dir='ltr'>ἁμαρτίας</span> <span class='ocrx_word' id='word_1_728' title='bbox 1519 5346 1671 5414; x_wconf 75' lang='grc' dir='ltr'>εἴδηο</span> <span class='ocrx_word' id='word_1_729' title='bbox 1717 5346 1832 5398; x_wconf 83' lang='grc' dir='ltr'>ἀλλ’</span> <span class='ocrx_word' id='word_1_730' title='bbox 1881 5347 2012 5400; x_wconf 79' lang='grc' dir='ltr'>ἕκα-</span> 
     </span>
    </p>
   </div>
   <div class='ocr_carea' id='block_1_100' title="bbox 438 5434 2008 5507">
    <p class='ocr_par' dir='ltr' id='par_1_100' title="bbox 438 5434 2008 5507">
     <span class='ocr_line' id='line_1_100' title="bbox 438 5434 2008 5507; baseline 0.007 -24"><span class='ocrx_word' id='word_1_731' title='bbox 438 5449 556 5495; x_wconf 88' lang='grc' dir='ltr'>στος</span> <span class='ocrx_word' id='word_1_732' title='bbox 585 5436 741 5502; x_wconf 76' lang='grc' dir='ltr'>ἡμῶν</span> <span class='ocrx_word' id='word_1_733' title='bbox 779 5435 848 5487; x_wconf 83' lang='grc' dir='ltr'>δι’</span> <span class='ocrx_word' id='word_1_734' title='bbox 875 5434 990 5496; x_wconf 74' lang='grc' dir='ltr'>ἐνὸς</span> <span class='ocrx_word' id='word_1_735' title='bbox 1015 5435 1240 5501; x_wconf 86' lang='grc' dir='ltr'>τούτων,</span> <span class='ocrx_word' id='word_1_736' title='bbox 1269 5437 1302 5507; x_wconf 84' lang='grc' dir='ltr'>ἢ</span> <span class='ocrx_word' id='word_1_737' title='bbox 1347 5439 1444 5490; x_wconf 73' lang='grc' dir='ltr'>καὶ</span> <span class='ocrx_word' id='word_1_738' title='bbox 1475 5439 1762 5506; x_wconf 84' lang='grc' dir='ltr'>πλειόνων,</span> <span class='ocrx_word' id='word_1_739' title='bbox 1805 5443 2008 5506; x_wconf 74' lang='grc' dir='ltr'>πάντες</span> 
     </span>
    </p>
   </div>
   <div class='ocr_carea' id='block_1_101' title="bbox 438 5523 2004 5599">
    <p class='ocr_par' dir='ltr' id='par_1_101' title="bbox 438 5523 2004 5599">
     <span class='ocr_line' id='line_1_101' title="bbox 438 5523 2004 5599; baseline 0.005 -23"><span class='ocrx_word' id='word_1_740' title='bbox 438 5523 810 5596; x_wconf 75' lang='grc' dir='ltr'>ἐξεκλίναμεν,</span> <span class='ocrx_word' id='word_1_741' title='bbox 838 5527 954 5596; x_wconf 80' lang='grc' dir='ltr'><strong>ἅμα</strong></span> <span class='ocrx_word' id='word_1_742' title='bbox 985 5528 1368 5599; x_wconf 77' lang='grc' dir='ltr'>ἠχρειώθημεν</span> <span class='ocrx_word' id='word_1_743' title='bbox 1390 5545 1403 5559; x_wconf 87' lang='grc'><strong>·</strong></span> <span class='ocrx_word' id='word_1_744' title='bbox 1449 5530 1626 5582; x_wconf 78' lang='grc' dir='ltr'>καίτοι</span> <span class='ocrx_word' id='word_1_745' title='bbox 1673 5533 1765 5583; x_wconf 72' lang='grc' dir='ltr'><strong>καὶ</strong></span> <span class='ocrx_word' id='word_1_746' title='bbox 1798 5533 2004 5588; x_wconf 76' lang='grc' dir='ltr'>τούτων</span> 
     </span>
    </p>
   </div>
   <div class='ocr_carea' id='block_1_102' title="bbox 436 5614 2002 5690">
    <p class='ocr_par' dir='ltr' id='par_1_102' title="bbox 436 5614 2002 5690">
     <span class='ocr_line' id='line_1_102' title="bbox 436 5614 2002 5690; baseline 0.008 -26"><span class='ocrx_word' id='word_1_747' title='bbox 436 5614 663 5670; x_wconf 74' lang='grc' dir='ltr'>ἕκαστον</span> <span class='ocrx_word' id='word_1_748' title='bbox 701 5618 884 5670; x_wconf 83' lang='grc' dir='ltr'>ἱκανὸν</span> <span class='ocrx_word' id='word_1_749' title='bbox 915 5620 1244 5672; x_wconf 79' lang='grc' dir='ltr'>ἀπώσασθαι</span> <span class='ocrx_word' id='word_1_750' title='bbox 1294 5621 1384 5672; x_wconf 60' lang='grc' dir='ltr'>τὸν</span> <span class='ocrx_word' id='word_1_751' title='bbox 1414 5621 1559 5674; x_wconf 77' lang='grc' dir='ltr'>ἔλεον</span> <span class='ocrx_word' id='word_1_752' title='bbox 1593 5622 1685 5674; x_wconf 85' lang='grc' dir='ltr'><strong>τοῦ</strong></span> <span class='ocrx_word' id='word_1_753' title='bbox 1719 5623 1876 5690; x_wconf 80' lang='grc' dir='ltr'>Θεοῦ,</span> <span class='ocrx_word' id='word_1_754' title='bbox 1912 5626 2002 5677; x_wconf 77' lang='grc' dir='ltr'><strong>καὶ</strong></span> 
     </span>
    </p>
   </div>
   <div class='ocr_carea' id='block_1_103' title="bbox 504 5773 1745 5840">
    <p class='ocr_par' dir='ltr' id='par_1_103' title="bbox 504 5773 1745 5840">
     <span class='ocr_line' id='line_1_103' title="bbox 504 5773 1745 5840; baseline 0.003 -14"><span class='ocrx_word' id='word_1_755' title='bbox 504 5774 525 5804; x_wconf 86' lang='grc'><strong>⁸</strong></span> <span class='ocrx_word' id='word_1_756' title='bbox 558 5773 573 5826; x_wconf 94' lang='lat' dir='ltr'><strong>l</strong></span> <span class='ocrx_word' id='word_1_757' title='bbox 602 5773 762 5828; x_wconf 73' lang='lat' dir='ltr'><strong>Joan.</strong></span> <span class='ocrx_word' id='word_1_758' title='bbox 806 5791 880 5839; x_wconf 86' lang='grc' dir='ltr'>ιιι,</span> <span class='ocrx_word' id='word_1_759' title='bbox 914 5777 1002 5829; x_wconf 72' lang='lat'><strong>2|.</strong></span> <span class='ocrx_word' id='word_1_760' title='bbox 1082 5778 1101 5808; x_wconf 70' lang='lat'><strong><em>9</em></strong></span> <span class='ocrx_word' id='word_1_761' title='bbox 1138 5777 1281 5832; x_wconf 83' lang='lat' dir='ltr'><strong>Psal.</strong></span> <span class='ocrx_word' id='word_1_762' title='bbox 1317 5794 1463 5838; x_wconf 67' lang='grc' dir='ltr'>χιιιι,</span> <span class='ocrx_word' id='word_1_763' title='bbox 1503 5778 1565 5831; x_wconf 84' lang='lat' dir='ltr'><strong>lO</strong></span> <span class='ocrx_word' id='word_1_764' title='bbox 1593 5793 1745 5840; x_wconf 84' lang='lat' dir='ltr'><strong>seqq.</strong></span> 
     </span>
    </p>
   </div>
   <div class='ocr_carea' id='block_1_104' title="bbox 2105 4606 3688 4676">
    <p class='ocr_par' dir='ltr' id='par_1_104' title="bbox 2105 4606 3688 4676">
     <span class='ocr_line' id='line_1_104' title="bbox 2105 4606 3688 4676; baseline -0.004 -11"><span class='ocrx_word' id='word_1_765' title='bbox 2105 4627 2297 4667; x_wconf 88' lang='lat' dir='ltr'><strong>versus</strong></span> <span class='ocrx_word' id='word_1_766' title='bbox 2337 4611 2506 4664; x_wconf 77' lang='lat' dir='ltr'><strong>[ilium</strong></span> <span class='ocrx_word' id='word_1_767' title='bbox 2545 4610 2739 4665; x_wconf 83' lang='lat' dir='ltr'><strong>matris</strong></span> <span class='ocrx_word' id='word_1_768' title='bbox 2773 4620 2878 4663; x_wconf 77' lang='lat' dir='ltr'><strong>tuae</strong></span> <span class='ocrx_word' id='word_1_769' title='bbox 2921 4609 3164 4676; x_wconf 88' lang='lat' dir='ltr'><strong>ponebas</strong></span> <span class='ocrx_word' id='word_1_770' title='bbox 3194 4606 3540 4662; x_wconf 72' lang='lat' dir='ltr'><strong>scandalum.</strong></span> <span class='ocrx_word' id='word_1_771' title='bbox 3586 4609 3688 4660; x_wconf 88' lang='lat' dir='ltr'><strong>Ar-</strong></span> 
     </span>
    </p>
   </div>
   <div class='ocr_carea' id='block_1_105' title="bbox 2105 4702 3682 4774">
    <p class='ocr_par' dir='ltr' id='par_1_105' title="bbox 2105 4702 3682 4774">
     <span class='ocr_line' id='line_1_105' title="bbox 2105 4702 3682 4774; baseline -0.005 -14"><span class='ocrx_word' id='word_1_772' title='bbox 2105 4723 2266 4774; x_wconf 84' lang='lat' dir='ltr'><strong>guam</strong></span> <span class='ocrx_word' id='word_1_773' title='bbox 2289 4715 2364 4767; x_wconf 89' lang='lat' dir='ltr'><strong>te,</strong></span> <span class='ocrx_word' id='word_1_774' title='bbox 2392 4715 2444 4758; x_wconf 90' lang='lat' dir='ltr'><strong>et</strong></span> <span class='ocrx_word' id='word_1_775' title='bbox 2470 4715 2704 4760; x_wconf 82' lang='lat' dir='ltr'><strong>statuam</strong></span> <span class='ocrx_word' id='word_1_776' title='bbox 2744 4713 2935 4758; x_wconf 85' lang='lat' dir='ltr'><strong>contra</strong></span> <span class='ocrx_word' id='word_1_777' title='bbox 2967 4703 3156 4756; x_wconf 85' lang='lat' dir='ltr'><strong>faciem</strong></span> <span class='ocrx_word' id='word_1_778' title='bbox 3185 4711 3333 4756; x_wconf 89' lang='lat' dir='ltr'><strong>tuam</strong></span> <span class='ocrx_word' id='word_1_779' title='bbox 3365 4702 3682 4768; x_wconf 81' lang='lat' dir='ltr'><strong>iniquitates</strong></span> 
     </span>
    </p>
   </div>
   <div class='ocr_carea' id='block_1_106' title="bbox 2106 4792 3680 4871">
    <p class='ocr_par' dir='ltr' id='par_1_106' title="bbox 2106 4792 3680 4871">
     <span class='ocr_line' id='line_1_106' title="bbox 2106 4792 3680 4871; baseline -0.005 -19"><span class='ocrx_word' id='word_1_780' title='bbox 2106 4809 2250 4856; x_wconf 89' lang='lat' dir='ltr'><strong>tuas.</strong></span> <span class='ocrx_word' id='word_1_781' title='bbox 2273 4797 2562 4871; x_wconf 71' lang='lat' dir='ltr'><strong>lntelligite</strong></span> <span class='ocrx_word' id='word_1_782' title='bbox 2583 4798 2717 4862; x_wconf 68' lang='lat' dir='ltr'><strong>haec,</strong></span> <span class='ocrx_word' id='word_1_783' title='bbox 2747 4811 2938 4850; x_wconf 89' lang='lat' dir='ltr'><strong>omnes</strong></span> <span class='ocrx_word' id='word_1_784' title='bbox 2964 4795 3053 4863; x_wconf 85' lang='lat' dir='ltr'><strong>qui</strong></span> <span class='ocrx_word' id='word_1_785' title='bbox 3077 4794 3458 4852; x_wconf 81' lang='lat' dir='ltr'><strong>obliviscimini</strong></span> <span class='ocrx_word' id='word_1_786' title='bbox 3488 4792 3680 4857; x_wconf 84' lang='lat' dir='ltr'><strong>Deum,</strong></span> 
     </span>
    </p>
   </div>
   <div class='ocr_carea' id='block_1_107' title="bbox 2105 4887 3687 4959">
    <p class='ocr_par' dir='ltr' id='par_1_107' title="bbox 2105 4887 3687 4959">
     <span class='ocr_line' id='line_1_107' title="bbox 2105 4887 3687 4959; baseline -0.006 -13"><span class='ocrx_word' id='word_1_787' title='bbox 2105 4908 2176 4946; x_wconf 88' lang='lat' dir='ltr'><strong>ne</strong></span> <span class='ocrx_word' id='word_1_788' title='bbox 2212 4892 2431 4959; x_wconf 86' lang='lat' dir='ltr'><strong>quando</strong></span> <span class='ocrx_word' id='word_1_789' title='bbox 2465 4891 2641 4957; x_wconf 83' lang='lat' dir='ltr'><strong>rapiat</strong></span> <span class='ocrx_word' id='word_1_790' title='bbox 2686 4897 2741 4941; x_wconf 89' lang='lat' dir='ltr'><strong>et</strong></span> <span class='ocrx_word' id='word_1_791' title='bbox 2793 4903 2896 4940; x_wconf 90' lang='lat' dir='ltr'><strong>non</strong></span> <span class='ocrx_word' id='word_1_792' title='bbox 2931 4890 3003 4940; x_wconf 85' lang='lat' dir='ltr'><strong>sit</strong></span> <span class='ocrx_word' id='word_1_793' title='bbox 3038 4889 3128 4956; x_wconf 90' lang='lat' dir='ltr'><strong>qui</strong></span> <span class='ocrx_word' id='word_1_794' title='bbox 3163 4887 3354 4956; x_wconf 84' lang='lat' dir='ltr'><strong>eripiat</strong></span> <span class='ocrx_word' id='word_1_795' title='bbox 3388 4887 3431 4950; x_wconf 65' lang='lat'><strong>9,</strong></span> <span class='ocrx_word' id='word_1_796' title='bbox 3483 4905 3502 4937; x_wconf 75' lang='grc' dir='ltr'><strong>ι</strong></span> <span class='ocrx_word' id='word_1_797' title='bbox 3544 4888 3687 4942; x_wconf 81' lang='lat' dir='ltr'><strong>sicut</strong></span> 
     </span>
    </p>
   </div>
   <div class='ocr_carea' id='block_1_108' title="bbox 2110 4975 3682 5048">
    <p class='ocr_par' dir='ltr' id='par_1_108' title="bbox 2110 4975 3682 5048">
     <span class='ocr_line' id='line_1_108' title="bbox 2110 4975 3682 5048; baseline -0.007 -12"><span class='ocrx_word' id='word_1_798' title='bbox 2110 4998 2260 5036; x_wconf 88' lang='lat' dir='ltr'><strong>nunc</strong></span> <span class='ocrx_word' id='word_1_799' title='bbox 2293 4979 2614 5048; x_wconf 84' lang='lat' dir='ltr'><strong>nosmetipsi</strong></span> <span class='ocrx_word' id='word_1_800' title='bbox 2654 4978 2920 5046; x_wconf 87' lang='lat' dir='ltr'><strong>rapimur,</strong></span> <span class='ocrx_word' id='word_1_801' title='bbox 2955 4986 3007 5029; x_wconf 87' lang='lat' dir='ltr'><strong>et</strong></span> <span class='ocrx_word' id='word_1_802' title='bbox 3050 4991 3210 5030; x_wconf 90' lang='lat' dir='ltr'><strong>nemo</strong></span> <span class='ocrx_word' id='word_1_803' title='bbox 3233 4986 3312 5028; x_wconf 81' lang='lat' dir='ltr'><strong>est</strong></span> <span class='ocrx_word' id='word_1_804' title='bbox 3342 4975 3434 5043; x_wconf 86' lang='lat' dir='ltr'><strong>qui</strong></span> <span class='ocrx_word' id='word_1_805' title='bbox 3463 4975 3682 5042; x_wconf 83' lang='lat' dir='ltr'><strong>eripiat.</strong></span> 
     </span>
    </p>
   </div>
   <div class='ocr_carea' id='block_1_109' title="bbox 2111 5065 3684 5138">
    <p class='ocr_par' dir='ltr' id='par_1_109' title="bbox 2111 5065 3684 5138">
     <span class='ocr_line' id='line_1_109' title="bbox 2111 5065 3684 5138; baseline -0.006 -12"><span class='ocrx_word' id='word_1_806' title='bbox 2111 5089 2219 5127; x_wconf 90' lang='lat' dir='ltr'><strong>non</strong></span> <span class='ocrx_word' id='word_1_807' title='bbox 2259 5082 2341 5128; x_wconf 84' lang='lat' dir='ltr'><strong>est</strong></span> <span class='ocrx_word' id='word_1_808' title='bbox 2387 5071 2698 5126; x_wconf 78' lang='lat' dir='ltr'><strong>auxiliator.</strong></span> <span class='ocrx_word' id='word_1_809' title='bbox 2744 5068 3009 5138; x_wconf 89' lang='lat' dir='ltr'><strong>Equidem</strong></span> <span class='ocrx_word' id='word_1_810' title='bbox 3043 5083 3152 5122; x_wconf 89' lang='lat' dir='ltr'><strong>non</strong></span> <span class='ocrx_word' id='word_1_811' title='bbox 3184 5068 3450 5122; x_wconf 86' lang='lat' dir='ltr'><strong>habemus</strong></span> <span class='ocrx_word' id='word_1_812' title='bbox 3480 5065 3684 5131; x_wconf 67' lang='lat' dir='ltr'><strong>singuli</strong></span> 
     </span>
    </p>
   </div>
   <div class='ocr_carea' id='block_1_110' title="bbox 2115 5157 3682 5231">
    <p class='ocr_par' dir='ltr' id='par_1_110' title="bbox 2115 5157 3682 5231">
     <span class='ocr_line' id='line_1_110' title="bbox 2115 5157 3682 5231; baseline -0.005 -13"><span class='ocrx_word' id='word_1_813' title='bbox 2115 5167 2396 5220; x_wconf 85' lang='lat' dir='ltr'><strong>universas</strong></span> <span class='ocrx_word' id='word_1_814' title='bbox 2442 5178 2603 5231; x_wconf 88' lang='lat' dir='ltr'><strong>supra</strong></span> <span class='ocrx_word' id='word_1_815' title='bbox 2666 5169 3016 5216; x_wconf 89' lang='lat' dir='ltr'><strong>enumeratas</strong></span> <span class='ocrx_word' id='word_1_816' title='bbox 3061 5170 3404 5230; x_wconf 88' lang='lat' dir='ltr'><strong>peccatorum</strong></span> <span class='ocrx_word' id='word_1_817' title='bbox 3449 5157 3682 5225; x_wconf 77' lang='lat' dir='ltr'><strong>species,</strong></span> 
     </span>
    </p>
   </div>
   <div class='ocr_carea' id='block_1_111' title="bbox 2115 5250 3688 5325">
    <p class='ocr_par' dir='ltr' id='par_1_111' title="bbox 2115 5250 3688 5325">
     <span class='ocr_line' id='line_1_111' title="bbox 2115 5250 3688 5325; baseline -0.008 -12"><span class='ocrx_word' id='word_1_818' title='bbox 2115 5260 2206 5313; x_wconf 84' lang='lat' dir='ltr'><strong>sed</strong></span> <span class='ocrx_word' id='word_1_819' title='bbox 2242 5271 2432 5311; x_wconf 88' lang='lat' dir='ltr'><strong>omnes</strong></span> <span class='ocrx_word' id='word_1_820' title='bbox 2463 5270 2556 5325; x_wconf 87' lang='lat' dir='ltr'><strong>per</strong></span> <span class='ocrx_word' id='word_1_821' title='bbox 2588 5269 2749 5309; x_wconf 87' lang='lat' dir='ltr'><strong>unam</strong></span> <span class='ocrx_word' id='word_1_822' title='bbox 2785 5254 2866 5308; x_wconf 85' lang='lat' dir='ltr'><strong>vel</strong></span> <span class='ocrx_word' id='word_1_823' title='bbox 2897 5255 3060 5308; x_wconf 91' lang='lat' dir='ltr'><strong>etiam</strong></span> <span class='ocrx_word' id='word_1_824' title='bbox 3101 5255 3280 5322; x_wconf 81' lang='lat' dir='ltr'><strong>plures</strong></span> <span class='ocrx_word' id='word_1_825' title='bbox 3310 5268 3372 5306; x_wconf 79' lang='lat' dir='ltr'><strong>ex</strong></span> <span class='ocrx_word' id='word_1_826' title='bbox 3409 5267 3487 5310; x_wconf 77' lang='lat' dir='ltr'><strong>eis</strong></span> <span class='ocrx_word' id='word_1_827' title='bbox 3516 5250 3688 5302; x_wconf 68' lang='grc' dir='ltr'>ιιειιί-</span> 
     </span>
    </p>
   </div>
   <div class='ocr_carea' id='block_1_112' title="bbox 2113 5340 3686 5413">
    <p class='ocr_par' dir='ltr' id='par_1_112' title="bbox 2113 5340 3686 5413">
     <span class='ocr_line' id='line_1_112' title="bbox 2113 5340 3686 5413; baseline -0.007 -11"><span class='ocrx_word' id='word_1_828' title='bbox 2113 5352 2366 5402; x_wconf 79' lang='lat' dir='ltr'><strong>navimus</strong></span> <span class='ocrx_word' id='word_1_829' title='bbox 2396 5357 2449 5401; x_wconf 88' lang='lat' dir='ltr'><strong>et</strong></span> <span class='ocrx_word' id='word_1_830' title='bbox 2501 5345 2630 5401; x_wconf 77' lang='lat' dir='ltr'><strong>facti</strong></span> <span class='ocrx_word' id='word_1_831' title='bbox 2666 5361 2857 5400; x_wconf 89' lang='lat' dir='ltr'><strong>sumus</strong></span> <span class='ocrx_word' id='word_1_832' title='bbox 2909 5345 3164 5410; x_wconf 85' lang='lat' dir='ltr'><strong>inutiles;</strong></span> <span class='ocrx_word' id='word_1_833' title='bbox 3226 5359 3388 5413; x_wconf 89' lang='lat' dir='ltr'><strong>porro</strong></span> <span class='ocrx_word' id='word_1_834' title='bbox 3434 5340 3686 5409; x_wconf 66' lang='lat' dir='ltr'><strong>quaelibet</strong></span> 
     </span>
    </p>
   </div>
   <div class='ocr_carea' id='block_1_113' title="bbox 2113 5433 3688 5518">
    <p class='ocr_par' dir='ltr' id='par_1_113' title="bbox 2113 5433 3688 5518">
     <span class='ocr_line' id='line_1_113' title="bbox 2113 5433 3688 5518; baseline -0.008 -21"><span class='ocrx_word' id='word_1_835' title='bbox 2113 5445 2324 5510; x_wconf 79' lang='lat' dir='ltr'><strong>species</strong></span> <span class='ocrx_word' id='word_1_836' title='bbox 2367 5449 2498 5518; x_wconf 44' lang='lat' dir='ltr'><strong>nata.</strong></span> <span class='ocrx_word' id='word_1_837' title='bbox 2542 5450 2625 5494; x_wconf 89' lang='lat' dir='ltr'><strong>est</strong></span> <span class='ocrx_word' id='word_1_838' title='bbox 2678 5454 2932 5492; x_wconf 88' lang='lat' dir='ltr'><strong>amovere</strong></span> <span class='ocrx_word' id='word_1_839' title='bbox 2986 5437 3414 5490; x_wconf 84' lang='lat' dir='ltr'><strong>misericordiam</strong></span> <span class='ocrx_word' id='word_1_840' title='bbox 3465 5433 3588 5498; x_wconf 93' lang='lat' dir='ltr'><strong>Dei,</strong></span> <span class='ocrx_word' id='word_1_841' title='bbox 3635 5443 3688 5487; x_wconf 88' lang='lat' dir='ltr'><strong>et</strong></span> 
     </span>
    </p>
   </div>
   <div class='ocr_carea' id='block_1_114' title="bbox 2111 5525 3688 5602">
    <p class='ocr_par' dir='ltr' id='par_1_114' title="bbox 2111 5525 3688 5602">
     <span class='ocr_line' id='line_1_114' title="bbox 2111 5525 3688 5602; baseline -0.006 -16"><span class='ocrx_word' id='word_1_842' title='bbox 2111 5533 2227 5602; x_wconf 81' lang='lat' dir='ltr'><strong>ejus</strong></span> <span class='ocrx_word' id='word_1_843' title='bbox 2273 5531 2406 5585; x_wconf 87' lang='lat' dir='ltr'><strong>iram</strong></span> <span class='ocrx_word' id='word_1_844' title='bbox 2462 5531 2741 5585; x_wconf 87' lang='lat' dir='ltr'><strong>inducere.</strong></span> <span class='ocrx_word' id='word_1_845' title='bbox 2778 5529 2920 5594; x_wconf 85' lang='lat' dir='ltr'><strong>Quid</strong></span> <span class='ocrx_word' id='word_1_846' title='bbox 2973 5527 3246 5580; x_wconf 71' lang='lat' dir='ltr'><strong>Israelitas</strong></span> <span class='ocrx_word' id='word_1_847' title='bbox 3277 5527 3403 5580; x_wconf 85' lang='lat' dir='ltr'><strong>lecit</strong></span> <span class='ocrx_word' id='word_1_848' title='bbox 3439 5525 3688 5588; x_wconf 71' lang='lat' dir='ltr'><strong>indignos</strong></span> 
     </span>
    </p>
   </div>
   <div class='ocr_carea' id='block_1_115' title="bbox 2111 5617 3688 5680">
    <p class='ocr_par' dir='ltr' id='par_1_115' title="bbox 2111 5617 3688 5680">
     <span class='ocr_line' id='line_1_115' title="bbox 2111 5617 3688 5680; baseline -0.006 0"><span class='ocrx_word' id='word_1_849' title='bbox 2111 5625 2311 5680; x_wconf 86' lang='lat' dir='ltr'><strong>tabulis</strong></span> <span class='ocrx_word' id='word_1_850' title='bbox 2348 5639 2374 5676; x_wconf 90' lang='lat' dir='ltr'><strong>a</strong></span> <span class='ocrx_word' id='word_1_851' title='bbox 2410 5625 2514 5678; x_wconf 92' lang='lat' dir='ltr'><strong>Deo</strong></span> <span class='ocrx_word' id='word_1_852' title='bbox 2558 5620 2828 5679; x_wconf 81' lang='lat' dir='ltr'><strong>conditis?</strong></span> <span class='ocrx_word' id='word_1_853' title='bbox 2854 5635 3036 5674; x_wconf 91' lang='lat' dir='ltr'><strong>nonne</strong></span> <span class='ocrx_word' id='word_1_854' title='bbox 3059 5618 3334 5672; x_wconf 68' lang='lat' dir='ltr'><strong>ebrietas?</strong></span> <span class='ocrx_word' id='word_1_855' title='bbox 3375 5617 3688 5671; x_wconf 78' lang='lat' dir='ltr'><strong>Ascendcns</strong></span> 
     </span>
    </p>
   </div>
  </div>
