4014 6490
342 336 345 339 ’
375 332 476 393 487

1664 337 2043 394 οιίιςουιιιι
2087 338 2409 395 PALAME

3524 341 3630 404 488

378 446 523 496 enim
562 441 775 512 Moyses
821 441 872 494 in
920 449 1159 494 montem
1195 442 1560 510 quadraginta
1593 442 1805 496 dierum
1842 442 1946 509 egit

2060 444 2476 499 ἐπισπάσασθαι
2506 445 2605 514 τὴν
2636 447 2828 517 ὀργήν.
2857 449 2922 502 Τί
2962 449 3088 511 τοὺς
3126 450 3471 521 Ἰσραηλίτας
3497 456 3634 507 ἀνα·

370 533 665 604 Ῑνέὶυιιίυιιι,
690 544 743 586 ct
770 548 892 586 cum
942 532 1053 585 Deo
1090 547 1188 600 pro
1213 549 1409 602 genere
1439 543 1795 589 conversatus
1824 546 1907 588 est
1933 552 1947 599 ;

374 628 518 679 unde
552 640 659 678 non
689 623 1051 684 manufactas.
1083 625 1176 678 sed
1213 625 1383 693 digito
1419 627 1508 680 Dei
1539 626 1774 692 scriptas
1796 641 1953 680 acce-

371 715 450 782 pit
508 714 742 774 tabulas,
806 719 860 764 et
929 712 1296 767 descendebat
1350 723 1575 784 portans
1635 715 1837 766 donum
1882 712 1951 766 ad

373 805 669 858 Israelitas.
703 803 809 857 Sed
852 819 975 857 cum
1013 805 1204 871 procul
1255 807 1587 875 percepisset
1615 821 1681 860 ex
1715 805 1950 860 tumultu

368 910 422 950 ct
465 896 722 950 obscenis
748 895 1082 949 clamoribus
1121 912 1215 952 eos
1247 897 1527 962 inebriari,
1573 897 1809 950 dicens:
1848 896 1952 949 Vo-

366 1003 484 1041 cem
525 987 805 1040 ebriorum
837 987 1021 1049 audio,
1050 986 1171 1041 illos
1199 987 1455 1054 judicans
1498 987 1720 1057 indigne
1748 987 1950 1040 tabulis

367 1097 535 1150 Opere
562 1080 653 1132 Dei
680 1076 842 1130 factis
873 1086 925 1131 et
954 1080 1195 1147 scriptis,
1229 1080 1327 1133 bas
1360 1078 1664 1149 confregit;
1699 1088 1827 1131 tunc
1853 1078 1952 1131 ad.

367 1190 561 1228 versus
602 1189 694 1230 eos
727 1177 894 1231 armis
922 1176 1147 1230 instruit
1172 1174 1321 1229 viros
1357 1189 1589 1244 quorum
1632 1187 1784 1225 mens
1826 1172 1951 1225 vino

371 1281 478 1319 non
511 1269 729 1322 turbata
760 1267 957 1334 fuerat,
986 1268 1077 1337 qui
1114 1268 1278 1321 etiam
1316 1269 1480 1321 deum
1525 1265 1803 1320 ebriorum
1838 1277 1950 1317 non

367 1359 759 1422 conﬂaverant,
789 1370 845 1414 et
883 1361 1079 1413 horum
1112 1375 1215 1428 ope
1249 1359 1404 1427 plura
1439 1357 1638 1413 occidit
1666 1356 1858 1418 millia,
1898 1365 1951 1409 et

366 1452 446 1504 sic
489 1450 720 1518 placavit
767 1451 938 1506 Deum
971 1451 1303 1505 sobriorum.
1335 1448 1399 1503 Et
1435 1463 1626 1504 rursus
1648 1448 1951 1503 ascendens

367 1543 502 1597 alias
534 1543 728 1597 detulit
759 1542 995 1607 tabulas,
1026 1541 1278 1597 similiter
1300 1540 1519 1609 quidem
1545 1539 1802 1608 scriptas,
1840 1551 1949 1591 non

365 1645 549 1690 autem
594 1637 828 1700 similes;
866 1651 992 1688 nam
1032 1650 1098 1689 ex
1155 1632 1406 1688 inferiori
1457 1633 1693 1687 materia
1727 1640 1948 1686 consta-

367 1730 520 1782 bant.

2058 537 2205 600 ξὶους
2230 538 2455 607 ἐποίησε
2479 540 2589 591 τῶν
2622 540 2938 611 θεοδμήτων
2970 542 3233 609 πλακῶν;
3268 545 3424 615 ούχή
3454 547 3630 618 μέθη;

2071 628 2301 690 Ἀναϐὰς
2328 632 2435 700 γὰρ
2464 630 2492 682 ὁ
2514 632 2753 697 Μωῦσῆς
2780 635 2861 695 είς
2891 634 2950 686 τὸ
2970 633 3096 701 ὅρος
3119 640 3633 708 τεσσαρακονθήμε-

2060 733 2153 785 ρον
2196 712 2299 786 ἦγε
2341 719 2624 787 νηστείαν,
2661 722 2757 773 καὶ
2810 722 2889 791 τῷ
2937 722 3060 793 Θεῷ
3100 724 3241 793 ὑπὲρ
3293 727 3389 780 τοῦ
3443 729 3633 794 γένους

2057 807 2253 876 ὡμίλει
2282 826 2294 839 ·
2345 809 2467 862 ὅθεν
2507 812 2600 863 καὶ
2646 813 3103 884 ἀχειροποιήτους
3146 817 3363 880 πλάκας
3413 820 3634 886 ἐδέξατο

2055 895 2305 966 δακτύλῳ
2346 897 2482 950 Θεοῦ
2516 903 2933 970 γεγραμμένας,
2964 906 3059 957 καὶ
3093 907 3404 974 κατήρχετο
3450 908 3633 976 φέρων

2054 986 2156 1055 τὴν
2188 987 2397 1050 δωρεὰν
2448 991 2562 1053 τοῖς
2616 992 3007 1063 Ἰσραηλίταις.
3056 995 3145 1057 Ὦς
3179 996 3238 1048 δὲ
3275 998 3369 1049 καὶ
3409 998 3632 1069 πόρρω·
3698 992 3735 1035 ”’

2056 1077 2149 1129 θεν
2190 1077 2389 1147 ᾔσθετο
2439 1080 2751 1146 μεθυόντων
2802 1085 2923 1136 ἀπὸν
2960 1085 3056 1138 τοῦ
3110 1085 3344 1155 θορύϐου
3379 1088 3476 1141 καὶ
3524 1089 3629 1157 τῆς

2054 1171 2295 1239 ἁσέμνου
2326 1174 2601 1242 κραυγῆς,
2651 1194 2670 1226 ι
2709 1177 2919 1246 Φωνῆς,
2952 1178 3145 1243 εἰπὼν,
3183 1179 3492 1249 μεθυόντων
3518 1181 3631 1248 ἐγὼ

2055 1260 2262 1327 ἀκούω,
2303 1280 2322 1312 ι
2369 1262 2623 1326 ἀναξίους
2667 1265 2865 1328 αὐτοὺς
2905 1266 3099 1333 κρίνας
3146 1269 3258 1320 τῶν
3292 1267 3630 1337 αῦτοχείρως

2054 1351 2131 1419 τῷ
2161 1351 2280 1421 Θεῷ
2321 1353 2413 1404 καὶ
2457 1354 2843 1423 γεγενημένων
2876 1356 2971 1409 κα.)⁵
3023 1360 3447 1426 γεγραμμένων,
3498 1373 3626 1410 συν-

2052 1444 2225 1513 τρίϐει
2260 1444 2360 1512 μὲν
2392 1446 2489 1507 τὰς
2522 1446 2734 1508 πλάκας
2769 1447 3010 1516 ὲκείνας,
3043 1449 3257 1513 ὁπλίζει
3283 1449 3341 1502 δὲ
3380 1449 3499 1502 κατ’
3526 1450 3626 1501 αὐ-

2053 1534 2161 1586 τῶν
2189 1535 2313 1597 τοὺς
2352 1534 2427 1603 μὴ
2462 1535 2599 1605 μέθῃ
2631 1536 2728 1598 τὰς
2756 1538 2963 1606 φρένας
2998 1538 3459 1605 σεσαλευμένους,
3489 1536 3626 1607 μηδὲ

2058 1627 2366 1697 μεθυόντων
2407 1628 2528 1681 θεὸν
2566 1628 3010 1696 ἀναπλάσαντας,
3060 1632 3155 1685 καὶ
3202 1632 3407 1684 κτείνει
3432 1629 3500 1683 δι’
3530 1628 3628 1680 αὐ-

2054 1720 2162 1775 τῶν
2192 1720 2392 1783 πολλὰς
2425 1720 2694 1791 χιλιάδας,
2724 1722 2817 1774 καὶ
2843 1722 3016 1785 οὓτως
3050 1720 3384 1793 ὲξευμενίζει
3407 1721 3498 1775 τὸν
3521 1718 3627 1773 τῶν

365 1822 648 1891 νηφόντων
685 1821 838 1874 Θεόν.
912 1821 1021 1873 Καὶ
1057 1819 1221 1873 πάλιν
1279 1819 1478 1889 ἐτέρας
1536 1818 1745 1882 ἀναὸἀς
1794 1813 2099 1884 καταφέρει
2146 1813 2386 1878 πλάκας,
2439 1815 2835 1886 γεγραμμένας
2885 1814 2985 1884 μὲν
3032 1806 3258 1885 ὁμοίως,
3309 1815 3494 1869 οὐκέτι
3568 1813 3627 1867 δὲ

364 1914 559 1983 ὁμοίας
581 1929 595 1942 ο
627 1915 690 1965 ὲκ
721 1912 829 1982 γὰρ
865 1912 966 1978 τῆς
1003 1910 1244 1964 κάτωθεν
1270 1906 1414 1978 ἦσαν
1450 1910 1603 1979 ὕλης.

438 2004 628 2058 Viden‘
648 2002 924 2072 quomodo
954 2000 1079 2054 inde
1105 2000 1174 2052 ab
1195 2002 1419 2068 antiquo
1444 2011 1689 2068 tempore
1707 1997 1947 2051 ebrietas
1978 2001 2023 2060 Β

364 2094 657 2149 exhibetur
706 2090 962 2144 letifera?
1016 2098 1220 2159 quanta
1267 2089 1622 2142 damnatione
1656 2090 1843 2157 digna,
1892 2095 1947 2140 et

361 2183 640 2254 quomodo
671 2182 719 2235 ei
752 2180 968 2236 deditos
1000 2180 1123 2235 fecit
1146 2182 1400 2251 indignos
1431 2181 1590 2234 donis
1625 2180 1717 2233 Dei
1752 2190 1806 2235 et
1837 2182 1945 2233 vita

364 2274 667 2344 priesenti?
701 2273 952 2329 Ebrietas
1004 2277 1215 2328 daemon
1259 2283 1341 2327 est
1378 2274 1709 2343 corporalis,
1738 2275 1947 2342 cogita-

363 2368 574 2420 tionum
634 2365 962 2432 subversio,
1026 2366 1277 2435 corporis
1339 2366 1580 2431 solutio,
1633 2366 1743 2418 vita
1794 2365 1948 2434 pejor

364 2471 564 2522 morte,
627 2458 721 2512 Dei
763 2457 1071 2511 avcrsionis
1122 2472 1308 2511 causa.
1362 2457 1536 2526 Majus
1586 2458 1815 2527 insuper
1863 2464 1948 2513 est

369 2552 572 2604 malum
610 2550 872 2618 quoniam
906 2565 1007 2603 nos
1047 2559 1198 2603 arcet
1232 2565 1262 2603 a
1291 2549 1401 2603 vita
1443 2564 1472 2601 a
1502 2548 1613 2603 Deo
1649 2550 1971 2620 pmmissa.~

376 2658 396 2693 ι
441 2641 680 2705 Ebriosi,
710 2643 787 2695 ait
823 2642 1140 2709 Apostolus,
1192 2657 1422 2711 regnum
1462 2640 1554 2695 Dei
1590 2656 1713 2695 «ιιοη
1765 2640 1948 2710 possi-

368 2734 578 2788 debunt
605 2732 669 2785 ‘°.
700 2753 721 2784 ν»
770 2732 913 2798 Quid
952 2742 1135 2787 autem
1178 2733 1514 2788 fornicatio?
1551 2732 1818 2804 Egressus
1864 2740 1950 2787 est

370 2825 464 2878 Dei
508 2825 741 2893 populus
790 2840 856 2878 ex
893 2822 1129 2893 Egypto
1181 2825 1408 2878 omnino
1456 2826 1577 2879 sine
1634 2825 1839 2889 armis;
1895 2833 1946 2879 et

370 2929 711 2973 armatorum
747 2918 1050 2973 multitudo
1089 2918 1241 2973 illum
1278 2920 1733 2989 persequebatur.
1778 2918 1947 2988 Igitur

312 3025 321 3033 '
365 3026 492 3065 cum
549 3011 614 3064 ad
666 3026 817 3065 mare
868 3012 1220 3066 advenissent
1248 3010 1308 3065 hi
1354 3011 1643 3083 fugientes,
1702 3011 1780 3066 illi
1824 3027 1950 3083 per-

367 3110 711 3170 sequentes,
759 3102 1001 3171 potentia
1059 3112 1113 3156 et
1162 3103 1442 3157 voluntate
1499 3102 1629 3167 Dei,
1686 3103 1835 3174 virga
1895 3112 1951 3158 et

366 3209 534 3247 manu
571 3191 797 3262 Moysis,
830 3194 1074 3262 utrisque
1124 3209 1276 3248 mare
1308 3211 1369 3250 se
1411 3196 1617 3262 divisit,
1662 3196 1784 3251 aliis
1823 3196 1949 3265 qui-

365 3284 490 3339 dem
524 3286 756 3340 scissum
794 3285 852 3339 in
904 3286 1085 3339 medio
1133 3295 1281 3353 patet
1310 3297 1363 3340 et
1398 3294 1572 3341 tutum
1614 3286 1709 3341 dat
1747 3289 1948 3343 transi-

2133 1994 2276 2047 Ἀλλ’
2323 1993 2485 2062 δρᾶτε
2538 1992 2686 2056 ὅπως
2732 1994 2796 2044 ὲκ
2852 1991 3088 2045 παλαιοῦ
3157 1991 3537 2064 θανατηφόρον
3588 1996 3622 2065 ἡ

2053 2084 2236 2154 μέθης
2297 2082 2472 2152 πόσης
2527 2083 2653 2149 ἀξία
2701 2084 3025 2154 καταδίκης,
3074 2085 3169 2138 καὶ
3216 2085 3333 2149 πῶς
3370 2086 3626 2150 ἀναξίους

2049 2180 2196 2230 ποιεῖ
2223 2177 2352 2240 τοὺς
2382 2177 2702 2247 χρωμένους
2733 2177 2828 2229 καὶ
2854 2178 2963 2230 τῶν
3002 2179 3064 2229 ὲκ
3090 2175 3226 2229 Θεοῦ
3260 2178 3498 2250 δωρεῶν,
3531 2182 3625 2235 καὶ

2048 2271 2147 2336 τῆς
2186 2268 2471 2337 παρούσης
2520 2266 2707 2335 ζωῆς;
2752 2266 2909 2334 Μέθη
2961 2267 3175 2336 δαίμων
3221 2269 3370 2322 ἐστὶν
3415 2270 3623 2336 ἔνυλος,

2049 2360 2381 2429 παρατροπὴ
2412 2358 2713 2426 λογισμῶν,
2744 2359 3053 2429 παράλυσις
3079 2361 3353 2431 σώματος,
3386 2361 3620 2418 θανάτου

2049 2452 2247 2521 χείρων
2292 2450 2428 2520 ζωὴ,
2476 2451 2832 2519 ἀποστροφῆς
2880 2449 3013 2504 Θεοῦ
3066 2452 3315 2524 ἀφορμή.
3345 2454 3420 2507 Τὸ
3465 2455 3521 2508 δέ
3560 2473 3625 2524 γε

2053 2543 2238 2612 μεῖζον
2268 2543 2438 2596 κακὸν
2472 2542 2553 2595 ὅτι
2584 2546 2681 2595 καὶ
2716 2542 2816 2612 τῆς
2857 2543 3275 2615 ἐπηγγελμένης
3306 2546 3459 2616 παρά
3487 2546 3624 2600 Θεοῦ

1994 2629 2002 2637 ’
2051 2634 2197 2703 ζωῆς
2225 2634 2376 2685 ἐστιν
2406 2632 2792 2703 ἀλλοτρίωσις·
2835 2653 2854 2687 ‹
2890 2636 3131 2690 Μέθυσοι
3175 2636 3307 2705 γὰρ,
3347 2640 3500 2708 φησὶ,
3528 2638 3627 2709 βα-

2052 2727 2260 2781 σιλείαν
2305 2726 2444 2781 Θεοῦ
2497 2727 2558 2780 οὑ
2609 2727 3104 2800 κληρονομήσουσι.
3144 2749 3161 2782 ι
3208 2732 3285 2797 Τί
3329 2732 3385 2785 δὲ
3431 2735 3629 2804 ήπορο

2050 2820 2205 2883 νεὶα;
2250 2819 2507 2889 Ἐξῆλθεν
2547 2821 2575 2873 ό
2619 2823 2743 2876 τότε
2771 2821 2902 2877 λαὸς
2950 2822 3045 2874 τοῦ
3075 2814 3209 2877 Θεοῦ
3242 2823 3303 2890 ἐξ
3349 2824 3625 2891 Αἰγύπτου

2050 2912 2399 2966 παντάπασιν
2436 2911 2652 2978 ἄοπλοι,
2686 2916 2782 2967 καὶ
2829 2913 3063 2966 ὁπλιτῶν
3109 2914 3334 2977 τούτους
3365 2914 3627 2967 ἐπεδίωκε

2050 3004 2278 3076 πλῆθος.
2316 3002 2411 3068 Ὦς
2443 2999 2540 3058 οὖν
2573 3003 2736 3075 μέχρι
2769 3003 2870 3075 τῆς
2917 3002 3197 3077 θαλάσσης
3236 3002 3419 3078 ἦλθον,
3447 3007 3495 3060 oi
3525 3004 3625 3075 μὲν

2049 3098 2368 3169 φεύγοντες,
2393 3098 2442 3150 οἱ
2472 3097 2530 3149 δὲ
2552 3096 2864 3160 διώκοντες,
2893 3096 3120 3166 δυνάμει
3149 3097 3244 3149 καὶ
3269 3097 3431 3167 βουλῇ
3465 3094 3621 3157 Θεοῦ,

2049 3194 2146 3247 καὶ
2181 3192 2361 3264 ρἀδῳ
2397 3192 2493 3246 καὶ
2525 3192 2671 3263 χειρὶ
2717 3191 2986 3258 Μωσέως,
3025 3191 3237 3261 διχάζει
3277 3190 3410 3258 πρδς
3443 3191 3626 3259 ἀμφο-

2051 3286 2244 3356 τέρους
2275 3285 2518 3347 ἐκείνους
2563 3285 2598 3355 ὴ
2632 3282 2900 3349 θάλασσα,
2941 3282 3037 3335 καὶ
3064 3283 3177 3344 τοῖς
3209 3280 3307 3351 μὲν
3355 3280 3629 3349 ὑποχωρεῖ

365 3386 505 3439 tum,
540 3376 680 3431 alios
710 3372 894 3431 autem
931 3386 1322 3447 persequentes
1356 3377 1595 3433 reﬂuens
1626 3378 1856 3444 invadit,
1891 3386 1946 3433 et

2053 3347 2334 3448 σχισθεῖσα
2366 3379 2533 3447 μέση,
2560 3347 2657 3430 καὶ
2684 3347 2920 3447 πάροδον
2952 3347 3236 3428 ἀκίνδυνον
3264 3374 3449 3428 δίδωσι
3465 3347 3492 3406 Ϋέ
3518 3374 3627 3434 τοῖς

367 3476 616 3519 mortuos
643 3465 840 3521 vicinis
867 3465 984 3520 oris
1022 3465 1304 3531 restituit;
1344 3466 1482 3522 alios
1510 3468 1730 3536 quidem
1772 3468 1943 3523 armis

365 3571 571 3611 vat-uos
608 3558 816 3626 optime
846 3563 1091 3610 armatos
1132 3555 1408 3622 exhibuit,
1460 3558 1596 3641 alios
1630 3574 1759 3613 vero
1797 3560 1947 3613 omni

366 3650 529 3703 modo
592 3650 894 3702 instructos
962 3646 1444 3713 ejecit‘mortuos.
1507 3648 1648 3715 Quid
1708 3650 1951 3705 deinde?

365 3741 703 3794 l‘ercurrunt
752 3738 905 3792 locos
948 3745 1004 3791 et
1044 3738 1297 3807 regiones
1352 3749 1465 3794 tum
1528 3741 1778 3805 refertas,
1830 3750 1944 3795 tum

365 3833 609 3885 desertas
638 3829 837 3883 incolis
866 3828 1232 3897 invincibiles,
1258 3838 1583 3901 superantes
1625 3848 1723 3887 eos
1752 3846 1945 3886 omnes

364 3922 461 3991 qui
512 3922 634 3976 ausi
684 3919 891 3974 fuerint
927 3920 1219 3978 obsistere.
1258 3921 1365 3975 Sed
1414 3931 1475 3975 ut
1524 3922 1838 3977 inciderunt
1888 3923 1943 3977 in

365 4011 813 4075 fornicationem,
854 4021 1136 4080 tantOpero
1171 4012 1298 4065 victi
1334 4012 1574 4078 fuerunt,
1619 4024 1675 4066 ut
1706 4023 1835 4067 tunc
1888 4015 1941 4068 in

363 4103 510 4158 bello
542 4104 804 4172 perierint
837 4104 1057 4171 triginta
1090 4104 1192 4156 tria
1233 4104 1421 4157 millia.
1460 4103 1585 4157 Ideo
1609 4102 1812 4159 Paulus
1844 4122 1943 4159 no-

365 4196 471 4257 bis.
525 4214 544 4246 ι
568 4192 747 4248 Nolite
777 4194 1063 4255 fornicari,
1104 4194 1304 4262 inquit,
1340 4195 1484 4249 sicut
1514 4197 1734 4265 quidam
1766 4212 1830 4251 ex
1861 4199 1942 4254 eis

364 4286 618 4339 fornicati
652 4295 801 4351 sunt,
833 4294 889 4340 et
916 4285 1237 4339 ceciderunt
1271 4288 1323 4340 in
1365 4304 1469 4341 uua
1498 4290 1588 4343 die
1622 4292 1810 4360 viginti
1838 4293 1939 4348 tria

366 4376 536 4427 millia
564 4374 630 4428 “.
665 4394 685 4427 ι
724 4375 792 4428 Ει
822 4376 925 4431 nisi
960 4377 1250 4432 zelavisset
1275 4376 1535 4445 Phinees,
1569 4391 1622 4434 ct
1653 4396 1755 4434 una
1780 4383 1939 4453 plaga

362 4480 489 4519 cum
518 4466 811 4521 meretrice
843 4471 1239 4535 turpitudinem
1278 4483 1598 4540 operantem
1627 4475 1936 4539 occidisset,

362 4564 420 4611 et
450 4556 654 4609 malum
677 4573 939 4614 coercens
967 4561 1133 4614 Deum
1162 4565 1453 4629 placasset,
1489 4580 1678 4620 omnes
1704 4567 1940 4620 interiis-

2049 3470 2108 3523 δὲ
2160 3469 2596 3523 καταδιώκουσιν
2654 3467 3052 3540 ὲπιρρεύσασα,
3096 3467 3324 3537 νεκροὺς
3361 3469 3474 3528 τοῖς
3517 3465 3628 3532 γεί-

2051 3577 2201 3613 τοσιν
2229 3562 2501 3629 αἰγιαλοῖς
2530 3561 2762 3626 ἐκείνοις
2788 3560 3020 3626 ἐξέδωκε
3047 3576 3061 3590 '
3089 3559 3183 3613 καὶ
3230 3560 3356 3621 τοὺς
3396 3559 3629 3619 ἀόπλους

2052 3653 2390 3716 πανοπλίτας
2414 3654 2687 3721 ἀπέδειξε,
2714 3654 3115 3716 σκυλεύσαντας
3138 3654 3264 3715 τοὺς
3295 3649 3628 3722 ἐκϐρασθέν-

2048 3760 2149 3807 τας
2197 3744 2450 3812 νεκρούς.
2486 3740 2624 3797 Εἶτα
2673 3745 2764 3811 τί;
2800 3746 3120 3815 Διέρχονται
3166 3744 3362 3806 τόπους
3396 3744 3489 3795 καὶ
3524 3743 3629 3811 χὼ-

2052 3851 2151 3904 ρας
2188 3836 2514 3905 οἰκουμένας
2556 3836 2652 3889 καὶ⁸
2710 3834 3002 3905 ἀοικήτους
3046 3836 3330 3905 ἀήττητοι,
3368 3834 3628 3895 νικῶντες

2048 3927 2216 3997 218
2254 3929 2466 3991 πάντας
2508 3929 2635 3989 τοὺς
2670 3928 3167 3996 ἀντιτεταγμένους
3208 3928 3412 3988 αὐτοῖς.
3458 3926 3545 3987 Ὠς
3570 3926 3626 3977 δι

2047 4019 2277 4088 πορνείᾳ
2312 4020 2616 4082 ὑπέπεσαν,
2650 4020 2743 4070 ἐπὶ
2774 4018 3030 4071 τοσοῦτον
3061 4016 3394 4087 ἡττήθησαν,
3427 4015 3502 4078 ὡς
3529 4019 3626 4068 καὶ

2046 4108 2349 4162 ἀποθανεῖν
2380 4110 2439 4161 ἐν
2470 4108 2548 4179 τῷ
2581 4108 2803 4178 πολέμῳ
2848 4110 3103 4180 πάραυτα
3137 4108 3259 4161 τότε
3298 4108 3627 4176 εἰκοσιτρεῖς

2045 4202 2321 4272 χιλιάδας.
2361 4200 2451 4254 Διὸ
2484 4201 2576 4254 καὶ
2601 4202 2635 4252 ὑ
2673 4199 2883 4263 Παῦλος
2931 4201 3067 4270 πρὸς
3104 4202 3274 4269 ἡμᾶς,
3307 4219 3325 4251 ι
3363 4199 3454 4266 Μὴ
3487 4214 3626 4265 πορ-

2043 4295 2254 4359 νεύετε,
2307 4293 2464 4364 φησὶ,
2518 4291 2702 4355 καθώς
2728 4310 2873 4355 τινες
2901 4293 3081 4346 αὐτῶν
3126 4292 3485 4360 ἐπόρνευσαν,
3531 4289 3626 4343 καὶ

2045 4384 2241 4449 ἔπεσον
2269 4386 2327 4436 ὲν
2357 4385 2457 4453 μιᾷ
2490 4383 2673 4454 ἡμέρᾳ
2721 4385 3047 4453 εἰκοσιτρεῖς
3082 4384 3337 4452 χιλιάδες.
3374 4402 3392 4433 ι
3433 4382 3541 4435 Καὶ
3574 4380 3626 4433 εί

2047 4476 2123 4546 μὴ
2162 4476 2349 4538 Φινεὲς
2383 4474 2657 4543 ζηλώσας,
2693 4476 2787 4528 καὶ
2835 4476 2933 4546 μιᾷ
2960 4475 3146 4544 πληγῇ
3185 4473 3323 4543 μετὰ
3353 4474 3451 4544 τῆς
3489 4489 3624 4542 πορ-

2042 4569 2344 4637 νευομένης
2394 4567 2823 4627 συναποκτείνας
2849 4565 2939 4619 τὸν
2968 4565 3029 4618 τὸ
3072 4565 3244 4635 μύσος
3285 4564 3625 4635 κατεργαζό-

360 4656 507 4709 sent,
561 4649 882 4703 omnimodo
930 4653 1119 4704 tentati
1165 4653 1241 4705 ira
1296 4654 1387 4707 Dei
1436 4665 1658 4725 propter
1693 4652 1937 4711 fornica-

2049 4674 2232 4729 μενον,
2263 4660 2356 4710 κοιλ⁵
2383 4657 2759 4724 ἀναχαιτίσας
2791 4659 2890 4725 τὴν
2923 4659 3121 4726 πρᾶξιν
3161 4654 3491 4721 ἑξιλεώσατο
3533 4655 3624 4708 τὸν

362 4738 530 4791 tionis
571 4738 942 4806 iniquitatem.
980 4740 1150 4797 l‘orro
1200 4744 1359 4797 istam
1396 4744 1504 4799 Deo
1531 4738 1777 4800 odiosam
1808 4747 1935 4800 libi-

362 4829 544 4883 dinem
579 4830 633 4883 in
669 4832 825 4887 nobis
852 4836 1114 4902 grassari,
1150 4837 1274 4904 quis
1309 4839 1518 4892 nescit?
1553 4837 1726 4893 Nemo
1750 4850 1933 4894 autem

362 4923 457 4991 qui
512 4922 782 4989 cohibeat,
832 4924 944 4978 fere
1004 4940 1104 4980 nec
1154 4928 1323 4981 filium
1375 4937 1551 4997 pater,
1611 4946 1713 4985 nec
1768 4929 1937 4985 frater

361 5011 610 5079 fratrem,
665 5030 765 5070 nec
807 5018 1019 5071 amicus
1060 5020 1328 5083 amicum;
1381 5020 1493 5072 imo
1549 5028 1678 5073 sunt
1711 5021 1800 5089 qui
1845 5032 1941 5074 co-'

360 5121 678 5177 operantur,
724 5110 855 5164 licet
899 5112 1098 5166 clamet
1150 5111 1492 5181 Apostolus:
1548 5129 1565 5161 ι
1603 5109 1740 5165 Cum
1783 5110 1937 5180 ejus-

359 5200 509 5253 modi
565 5215 668 5255 nec
716 5201 903 5255 cibum
940 5216 1157 5255 sumere
1191 5202 1256 5255 “.
1294 5220 1312 5252 ι
1348 5186 1643 5269 Propterea
1680 5211 1856 5256 morte
1884 5211 1939 5256 et

359 5292 618 5348 universa
667 5298 912 5363 permeie
957 5310 1148 5349 omnes
1194 5295 1342 5363 digni
1399 5308 1612 5347 sumus.
1646 5295 1719 5348 At
1749 5295 1795 5348 si
1828 5295 1940 5349 for-

357 5387 558 5439 nicatio
595 5386 686 5438 tali
718 5397 772 5441 et
801 5396 952 5440 tanta
1004 5395 1088 5441 est
1137 5385 1490 5439 damnatione
1518 5386 1702 5455 digna,
1734 5395 1939 5455 quanto

356 5478 532 5545 magis
562 5477 819 5532 adulterii
857 5477 1115 5531 facinus?
1163 5477 1319 5542 Quod
1357 5493 1461 5531 nec
1517 5494 1685 5531 unum
1721 5489 1931 5533 tantum

359 5570 443 5620 vel
480 5573 639 5634 duos,
675 5570 768 5624 sed
801 5579 942 5623 totas
973 5570 1168 5623 domos
1198 5579 1251 5623 ct
1295 5571 1434 5624 vitas
1472 5572 1733 5641 integras,
1765 5582 1932 5626 totas-

434 5750 476 5778 ”
518 5748 688 5802 lCur.
726 5764 802 5811 γι,
842 5747 922 5801 l0.
1006 5751 1046 5781 “
1084 5749 1252 5804 lCor.
1284 5764 1339 5813 Χ,
1371 5750 1422 5805 8.
1506 5751 1547 5781 ”
1584 5752 1601 5803 Ι
1634 5753 1762 5810 Cor.
1796 5771 1850 5822 ν,
1881 5755 1933 5809 8.

2042 4747 2200 4812 Θεὸν,
2237 4748 2343 4802 κᾶν
2391 4750 2593 4811 πάντες
2652 4749 2954 4812 ἀπώλοντο,
3007 4746 3277 4815 παγγενεὶ
3321 4747 3421 4816 τῆς
3471 4745 3624 4807 θείας

2044 4837 2215 4906 ὀργῆς
2259 4837 2618 4907 πειραθέντες
2658 4838 2748 4890 διὰ
2782 4837 2880 4906 τὴν
2928 4838 3026 4905 τῆς
3072 4837 3333 4904 πορνείας
3382 4849 3624 4903 παρανο-

2049 4932 2198 4997 μίαν.
2244 4931 2334 4983 Ἐν
2371 4931 2500 4999 ὑμῖν
2526 4930 2580 4983 δὲ
2624 4932 2708 4983 ὅτι
2743 4931 2842 4999 μὲν
2884 4928 3188 4999 ἐνεργεῖται
3235 4928 3295 4979 τὸ
3330 4925 3623 4993 θεοστυγὲς

2045 5020 2204 5073 ¹τοῦτο
2244 5020 2439 5086 πάθος,
2470 5020 2553 5084 τίς
2579 5024 2680 5074 οὑκ
2721 5017 2826 5073 οἶδε
2854 5037 2869 5085 ;
2907 5021 2964 5072 '0
2994 5020 3049 5072 δὲ
3084 5018 3309 5072 κωλύων
3335 5017 3533 5080 οὐδεὶς,
3561 5017 3622 5067 οὐ

2048 5113 2214 5165 παῖδα
2245 5114 2431 5183 σχεδὸν
2460 5115 2647 5184 πατήρ
2671 5130 2683 5143 ·
2715 5115 2814 5166 οὐκ
2840 5104 3068 5181 ἁδελφὸς
3093 5110 3319 5180 ἀδελφόν
3338 5125 3351 5140 ·
3379 5110 3439 5161 ού
3471 5110 3624 5175 φίλος

2049 5205 2235 5273 φίλον’
2285 5205 2395 5259 εἰσὶ
2446 5206 2503 5259 δὲ
2558 5205 2607 5259 οἳ
2659 5208 2751 5260 καὶ
2803 5206 3237 5275 συμπράττουσι,
3301 5201 3476 5255 καίτοι
3527 5196 3623 5251 τοῦ

2060 5297 2387 5350 Ἀποστόλου
2429 5298 2680 5365 λέγοντος
2710 5314 2725 5327 ·
2755 5316 2773 5347 ι
2813 5299 2940 5360 Τοῖς
2988 5295 3253 5357 τοιούτοις
3301 5293 3437 5363 μηδὲ
3469 5306 3619 5343 συνε-

2051 5389 2220 5443 σθίειν
2241 5406 2255 5421 ο
2294 5406 2313 5441 ι
2343 5390 2431 5442 δια
2464 5389 2621 5442 τοῦτο
2652 5389 2887 5443 θανάτου
2933 5389 3029 5443 καὶ
3062 5386 3445 5453 πανωλεθρίας
3482 5386 3620 5435 πάνυ

2046 5497 2137 5543 τες
2173 5481 2337 5550 ἐσμὲν
2367 5480 2532 5544 ἄξιοι.
2566 5481 2628 5534 Εἰ
2654 5481 2711 5533 δὲ
2749 5483 2782 5550 ή
2811 5483 3038 5551 πορνεία
3066 5479 3338 5547 τοσαύτης
3390 5474 3487 5528 καὶ
3519 5490 3619 5524 τοι·

2044 5572 2215 5642 αύτης
2241 5572 2539 5642 καταδίκης
2563 5571 2710 5640 ἀξία,
2747 5574 2900 5643 πόσῳ
2930 5571 3130 5644 μᾶλλον
3157 5571 3217 5624 τὸ
3240 5570 3339 5640 τῆς
3374 5567 3620 5637 μοιχείαέ
