4014 6428
353 391 456 458 αίὲλ

1647 381 1987 457 imisan
2028 400 2302 461 XXXIX.

3395 423 3408 432 ”
3498 423 3607 486 690

347 509 517 576 ἄγος;
551 509 579 560 ὃ
613 509 746 580 μηδὲ
773 509 893 563 καθ’
926 511 1019 564 ἕνα
1062 510 1279 580 μόνονῆ
1317 508 1428 576 δύο,
1465 510 1599 562 ἀλλὰ
1623 511 1718 564 καὶ
1738 512 1916 574 οἴκους

2028 527 2136 581 que
2162 513 2402 571 familias
2435 519 2728 576 traditione
2754 537 3107 596 percurrens,
3133 533 3274 603 rapit
3301 543 3355 588 ct
3381 536 3602 596 inutiles

347 600 521 665 ὅλους,
551 602 645 652 καὶ
689 601 852 670 βὶους.
879 602 1055 666 ὅλους,
1089 602 1307 664 καὶτὰς
1353 602 1495 656 κατὰ
1525 600 1687 671 σῶμα
1721 616 1922 668 συγγε-

349 691 495 754 νείας
547 692 640 744 καὶ
687 693 936 762 διαδοχάς
982 695 1241 763 κατασπᾷ
1288 711 1346 747 τε
1404 695 1501 746 καὶ
1553 695 1784 764 άχρειοῖ,
1824 693 1925 755 τὰς

343 783 525 853 ψυχὰς
555 785 662 852 πρὸ
701 786 906 839 τούτων
950 786 1292 856 άναμέστους
1326 785 1564 851 ποιῆσαν
1612 785 1793 854 πάσης
1824 801 1924 838 καο

346 875 471 935 κίας
513 875 608 928 καὶ
643 874 926 943 πονηρίας.
969 874 1030 929 '0
1079 875 1266 946 μέντοι
1300 875 1496 944 φθόνος
1521 876 1684 942 φόνου
1723 873 1924 944 γεννήο

348 982 462 1034 τωρ
496 963 592 1030 ὢν,
646 967 769 1019 ἐπεὶ
797 966 894 1022 καὶ
926 967 998 1021 δι’
1045 967 1211 1022 αὐτὸν
1259 967 1358 1038 τὴν
1402 968 1580 1037 ἀρχὴν
1637 965 1924 1037 ἄνθρωπος

349 1058 489 1124 ἔγνω
539 1059 633 1110 τοῦ
687 1059 917 1114 θανάτου
964 1060 1064 1131 τὴν
1117 1063 1332 1132 πεῖραν,
1385 1058 1776 1128 ἀδελφοκτόνον
1828 1057 1922 1111 τὸν

349 1153 486 1205 Κάῖν
537 1155 1016 1224 ἀπεργασάμενον,
1077 1157 1194 1219 πῶς
1247 1156 1308 1207 οῦ
1358 1155 1590 1210 θάνατον
1633 1153 1729 1207 xui.
1771 1153 1827 1206 εί
1867 1170 1922 1206 τι

345 1247 579 1300 θανάτου
633 1250 814 1317 χεῖρον
857 1249 1073 1302 δικαίαν
1101 1249 1214 1320 ἔχει
1241 1247 1340 1317 τὴν
1389 1248 1720 1315 καταδίκην;
1769 1247 1834 1300 Ἠ
1865 1245 1921 1299 δὲ

349 1339 524 1409 κλοπὴ
553 1339 715 1392 πάλιν
742 1341 910 1393 πόσον
944 1341 1236 1411 παροξύνει
1270 1341 1434 1406 Θεόν;
1486 1339 1575 1392 Ἐν
1600 1337 1677 1408 τῷ
1702 1336 1920 1407 παλαιῷ

350 1432 527 1500 Ἀχαρ
559 1427 625 1500 ἦν
657 1432 814 1500 μόνος
839 1435 866 1485 ὁ
906 1433 1128 1501 κλέψας,
1156 1434 1250 1486 καὶ
1285 1433 1313 1485 ὁ
1348 1430 1575 1503 στρατὸς
1611 1431 1758 1494 ἄπας
1793 1431 1919 1500 ὑφί-

347 1540 508 1576 στατο
537 1524 636 1592 τὴν
662 1523 901 1594 πληγὴν,
933 1525 1038 1588 ἕως
1069 1526 1485 1595 ἐρευνήσαντες,
1519 1524 1584 1578 ὲκ
1633 1523 1803 1594 μέσου
1839 1523 1921 1578 λι-

340 1619 731 1689 θοϐολῆσαντες
758 1621 850 1674 τὸν
881 1622 1200 1691 ἁμαρτόντα
1231 1619 1519 1691 ἐποίησαν.

426 1712 671 1783 Ἐγράφη
705 1713 764 1765 δὲ
808 1712 979 1766 ταῦτα
1010 1715 1190 1767 πάντα
1229 1713 1367 1783 πρὸς
1407 1713 1693 1768 νουθεσίαν
1733 1713 1915 1783 ἡμῶν,

343 1804 430 1858 ἵνα
463 1805 536 1873 μὴ
561 1807 675 1868 τοῖς
707 1805 892 1869 αὐτοῖς
939 1806 1365 1878 περιπίπτοντες
1398 1805 1790 1876 ἁμαρτήμασι,
1816 1806 1915 1860 καὶ

2028 601 2182 670 facit,
2214 621 2449 675 quarum
2479 611 2693 668 animas
2723 619 2874 672 omni
2907 620 3113 676 malitia
3145 601 3211 678 et
3242 631 3604 694 perversitate

2027 694 2263 752 refertas
2325 698 2510 756 eﬂicit.
2551 702 2748 762 Verum
2802 724 2925 764 cum
2985 712 3190 770 invidia
3243 717 3600 778 homicidium

2023 789 2318 855 parturiat,
2346 792 2601 860 equidem
2635 811 2733 865 per
2764 814 2882 853 eam
2913 803 3078 858 homo
3107 811 3366 876 cognovit
3391 825 3418 864 a
3451 811 3604 882 prin-

2023 876 2168 946 cipio
2205 883 2406 938 mortis‘
2421 887 2802 955 tentationem,
2833 901 2890 947 et
2922 893 3055 949 Cain
3089 896 3266 955 factus
3301 912 3387 956 est
3415 876 3603 960 fratri-

2025 967 2169 1023 cida.
2203 968 2498 1037 Quomodo
2532 993 2641 1032 non
2673 990 2903 1037 mortem
2939 986 3024 1040 vel
3061 989 3194 1058 quid
3229 991 3382 1062 pejus
3424 1007 3602 1052 morte

2021 1058 2228 1129 justam
2257 1063 2423 1120 habet
2457 1065 2912 1129 damnationem?
2944 1075 3174 1135 Furtum
3205 1058 3384 1140 autem
3421 1103 3602 1158 quan-

2028 1162 2140 1207 tum
2159 1153 2398 1212 divinam
2435 1161 2681 1219 stimulat
2716 1166 3090 1227 iracundiam!
3125 1174 3184 1230 In
3212 1179 3380 1232 veteri
3408 1153 3602 1238 festa-

2025 1254 2212 1300 mento
2266 1247 2448 1303 Achar
2507 1262 2627 1308 erat
2659 1256 2816 1314 solus
2876 1262 2968 1329 qui
3019 1263 3233 1324 furatus
3282 1268 3482 1335 luerat,
3543 1283 3602 1329 et

2023 1339 2176 1390 totus
2209 1339 2486 1394 exercitus
2540 1345 2754 1414 plagam
2804 1351 3048 1418 pertulit,
3089 1355 3266 1411 donec
3309 1359 3600 1430 inquiren-

2024 1429 2103 1526 tes
2154 1437 2499 1494 peccatorem
2549 1448 2580 1488 e
2642 1437 2823 1494 medio
2860 1440 3135 1510 lapidibus
3187 1429 3444 1506 obrutum
3484 1455 3603 1526 eje-

2019 1518 2249 1578 cissent.

2091 1702 2217 1760 Haec
2254 1716 2436 1764 autem
2468 1713 2652 1768 omnia
2684 1718 2888 1789 scripta
2918 1731 3047 1778 sunt
3076 1726 3142 1780 ad
3180 1728 3599 1792 instructionem

2023 1807 2293 1891 nostram,
2327 1817 2396 1857 nc
2441 1804 2496 1858 in
2528 1807 2715 1863 eadem
2751 1824 2976 1881 peccata
3014 1817 3357 1891 decidentes,
3393 1829 3446 1882 in
3481 1845 3606 1886 eas-

343 1870 677 1959 micabant;
717 1870 1061 1963 καταδίκαις,
1100 1897 1302 1968 μᾶλλον
1333 1897 1390 1951 δὲ
1429 1899 1522 1951 καὶ
1563 1899 1792 1970 χείροσι,
1824 1917 1916 1953 κα-

2027 1886 2151 1942 dem
2200 1888 2585 1952 damnationes
2633 1899 2719 1954 vel
2768 1903 2934 1958 etiam
2979 1907 3032 1962 in
3087 1912 3304 1982 pejores
3344 1870 3602 1977 ’nosmet-

342 1989 766 2060 θυποϐάλλωμεν
815 1991 1038 2054 ἑαυτούς
1059 2007 1074 2023 ο
1131 1992 1378 2062 μείζονος
1411 1991 1538 2062 ὶγὰρ
1570 1995 1604 2064 ἢ
1645 1994 1822 2046 έκεῖνο
1857 1992 1918 2047 τὸ

339 2082 493 2148 γένος
546 2081 872 2145 ἀξιωθέντες
915 2084 1024 2152 ’τῆς
1063 2082 1217 2146 θείας
1257 2083 1590 2154 ἐπισκοπῆς,
1653 2082 1921 2154 μειζόνων

339 2175 508 2242 ἐσμὲν
532 2176 675 2241 ἄξιοι
714 2177 961 2246 πληγῶν,
1005 2177 1054 2229 εί
1084 2177 1162 2248 μὴ
1193 2177 1537 2247 φυλάττομεν
1563 2177 1787 2241 ἑαυτοὺς
1811 2176 1921 2231 τῶν

340 2269 448 2322 ὑπὸ
490 2269 629 2320 Θεοῦ
669 2269 1144 2339 ἀπηγορευμένων
1198 2265 1504 2340 ἀνωτέροῦς
1549 2268 1756 2324 κακῶν.
1796 2285 1819 2320 ‹
1854 2266 1922 2321 Et

341 2361 450 2430 γὰρ
487 2363 514 2413 ὁ
537 2359 606 2412 δι’
642 2361 894 2427 ἀγγέλων
924 2360 1180 2434 λαληθεὶς
1224 2360 1383 2428 λόγος
1413 2362 1630 2428 ἐγένετο
1677 2359 1916 2429 βέϐαιος,

286 2481 295 2488 -
339 2455 436 2506 καὶ
478 2454 632 2506 πᾶσα.
679 2453 991 2524 παράϐασις
1031 2454 1126 2506 καὶ
1169 2453 1430 2524 παρακοὴ
1468 2451 1662 2507 ἐλαϐεν
1711 2451 1920 2506 ἔνδικον

341 2545 791 2614 μισθαποδοσίαν,
852 2545 973 2608 πῶς
1021 2546 1186 2615 ἡμεῖς
1241 2545 1642 2615 ἐκφευξόμεθα,
1691 2546 1859 2614 φησιν
1891 2547 1922 2598 ό

353 2637 710 2702 Ἀπόστολος,
768 2636 1102 2708 τηλικαύτης
1158 2635 1540 2708 ἀμελήσαντες
1601 2639 1914 2707 σωτηρίας;

339 2722 460 2800 ἣτις
489 2730 663 2801 ἀρχὴν
695 2729 936 2783 λαϐοῦσα
983 2729 1264 2783 λαλεῖσθαι
1294 2727 1381 2781 διὰ
1420 2728 1514 2782 τοῦ
1548 2727 1780 2799 Κυρίου,
1812 2727 1918 2782 ὑπὸ

340 2823 448 2874 τῶν
477 2822 828 2874 ἀκουσάντων
857 2823 938 2885 είς
962 2822 1108 2891 ἡμᾶς
1148 2821 1476 2890 ἐϐεϐαιώθη,
1512 2837 1919 2893 συνεπιμαρτυ-

344 2915 562 2984 ροῦντος
591 2914 682 2967 τοῦ
717 2913 854 2966 Θεοῦ
887 2915 1134 2985 σημείοις
1161 2914 1256 2967 καὶ
1286 2915 1499 2983 τέρασι,
1534 2915 1630 2968 καὶ
1662 2913 1918 2985 Πνεῦμα-

341 3025 430 3070 τος
462 3007 620 3076 ἁγίου
655 3009 948 3076 μερισμοῖς
989 3007 1084 3060 καὶ
1130 3005 1408 3070 ποικίλαις
1450 3006 1738 3078 δυνάμεσι,
1772 3007 1914 3062 κατὰ

343 3100 438 3168 τὴν
468 3099 635 3152 αὑτοῦ
665 3099 902 3169 θέλησιν.
937 3118 956 3152 ι
987 3100 1189 3169 Διόπερ
1225 3098 1474 3161 ’Δνανίας
1499 3100 1595 3152 καὶ
1625 3099 1914 3170 Σαπφείρα

2023 1977 2175 2049 ipsos
2217 1985 2642 2055 praecipitemus.
2694 1993 2826 2049 Nam
2861 1977 3263 2072 majore’quam
3295 2006 3374 2062 illi
3411 2011 3606 2068 chari-

2023 2082 2133 2174 tate
2187 2077 2398 2145 donati,
2446 2081 2746 2151 majoribus
2807 2102 3000 2147 sumus
3071 2094 3220 2165 digni
3283 2105 3601 2174 suppliciis,

2025 2164 2131 2220 nisi
2182 2180 2282 2222 nos
2330 2172 2709 2230 custodiamus
2756 2191 2786 2230 a
2833 2181 2993 2236 malis
3035 2197 3064 2237 a
3116 2164 3226 2242 Deo
3275 2164 3595 2259 prohibitis.-

2031 2273 2050 2308 ι
2091 2255 2148 2313 Si
2167 2260 2336 2326 enim,
2358 2273 2417 2317 ut
2450 2265 2524 2318 ait
2559 2265 2989 2343 Apostolus,qui
3033 2292 3131 2346 per
3163 2255 3384 2350 angelos
3421 2255 3598 2346 dictus

2019 2355 2103 2404 est
2139 2365 2352 2419 sermo,
2397 2354 2576 2412 factus
2611 2369 2695 2415 est
2732 2362 2947 2432 ﬁrmus,
3005 2377 3058 2422 et
3108 2375 3300 2430 omnis
3341 2385 3602 2446 praevari-

2021 2444 2165 2498 catio
2194 2454 2248 2500 et
2279 2447 2654 2506 inobedientia
2686 2457 2901 2526 accepit
2939 2457 3146 2528 justam
3200 2444 3470 2526 mercedis
3513 2489 3602 2530 re-

2021 2537 2400 2637 tributionem,
2421 2545 2698 2611 quomodo
2729 2562 2830 2604 nos
2875 2551 3218 2622 effugiemus,
3246 2560 3290 2615 si
3321 2570 3604 2637 tantopere

2019 2627 2422 2696 neglexerimus
2463 2634 2736 2690 salutem?
2764 2636 2896 2704 Quae
2944 2658 3068 2699 cum
3104 2646 3323 2704 initium
3357 2627 3604 2726 accepis-

2019 2726 2106 2819 set
2147 2723 2392 2777 enarrari
2442 2738 2541 2793 per
2579 2725 2870 2786 Dominum
2913 2735 2983 2790 ab
3021 2737 3101 2793 eis
3148 2743 3248 2810 qui
3281 2723 3599 2819 audierunt,
3688 2733 3698 2745 ’

2020 2809 2076 2864 in
2113 2825 2216 2868 nos
2267 2816 2592 2875 conﬁrmata
2629 2831 2734 2889 est,
2776 2836 3120 2888 contestante
3166 2809 3287 2890 ineo
3340 2840 3513 2912 signis
3545 2809 3602 2899 et

2019 2906 2311 2972 portentis,
2367 2918 2426 2964 et
2475 2908 2716 2979 Spiritus
2770 2919 2948 2973 sancti
3007 2906 3491 2990 distributionibus
3544 2946 3600 2992 et

2022 2997 2190 3053 variis
2225 2999 2540 3072 virtutibus,
2578 3007 2880 3066 secundum
2925 3028 3081 3070 suam
3121 3020 3456 3080 voluntatem
3490 3027 3587 3082 ³³.»

2019 3087 2387 3155 Quamobrem
2412 3094 2656 3154 Ananias
2679 3110 2735 3155 et
2753 3101 3020 3174 Sapphira
3041 3110 3132 3178 qui
3158 3127 3265 3166 non
3291 3116 3342 3168 in
3370 3118 3591 3188 alienis,

341 3193 438 3244 οὐκ
467 3195 526 3245 ὲν
573 3195 688 3256 τοῖς
734 3192 1058 3262 ἀλλοτρίοις,
1094 3190 1212 3244 ἀλλ’
1258 3191 1318 3243 ἐν
1363 3192 1477 3255 τοῖς
1526 3192 1752 3258 οἰκείοις
1814 3192 1915 3262 τὴν

2023 3183 2204 3280 scd-in
2231 3189 2472 3257 propriis
2500 3191 2706 3248 furtum
2741 3202 3161 3270 commiserunt,
3186 3221 3415 3280 pmpter
3442 3183 3595 3270 men;

340 3283 545 3354 κλοπὴν
577 3284 968 3351 ἐργασάμενοι,
1012 3282 1101 3336 διὰ
1131 3281 1193 3337 τὸ
1235 3282 1453 3353 ψεῦδος,
1487 3283 1516 3336 δ
1543 3283 1794 3338 σύνεστιν
1825 3285 1915 3338 ἀεὶ

340 3379 405 3447 τῇ
438 3376 634 3447 κλοπῇ,
666 3374 1030 3429 θανατοῦνται
1061 3373 1334 3447 παρὰτοῦ
1363 3375 1592 3447 Πέτρου,
1625 3375 1829 3446 μᾶλλον
1857 3375 1915 3429 δὲ

345 3469 495 3538 παρὰ
535 3467 630 3519 τοῦ
670 3467 826 3530 Θεοῦ,
860 3466 996 3536 πρὸς
1026 3467 1086 3522 ὅν
1131 3483 1297 3537 φησιν
1326 3467 1354 3520 ὁ
1398 3468 1684 3538 προφήτης
1715 3469 1910 3522 Δαϐίδ·

349 3581 369 3613 ι
419 3560 662 3623 Ἀπολείς
695 3560 900 3623 πάντας
933 3557 1058 3621 τοὺς
1108 3556 1407 3623 λαλοῦντας
1433 3558 1496 3611 τὸ
1537 3557 1751 3628 ψεῦδος.
1788 3577 1808 3610 ι
1853 3559 1914 3614 ’0

343 3651 400 3704 δὲ
432 3649 641 3712 Παῦλος
689 3649 765 3718 τῷ
803 3649 1017 3720 Σατανᾷ
1052 3648 1389 3720 παραδίδωσι
1418 3646 1510 3701 τὸν
1555 3649 1617 3700 έν
1661 3648 1913 3720 Κορίνθῳ

343 3742 738 3812 πορνεύσαντα,
774 3741 868 3793 καὶ
896 3742 1008 3803 τοῖς
1036 3739 1348 3810 Κορινθίοις
1373 3741 1744 3810 παραγγέλλει
1777 3743 1913 3812 γράμ-

340 3848 484 3904 φων·
528 3851 546 3884 ι
585 3832 676 3901 Τῷ
727 3830 957 3901 τοιούτῳ
1003 3831 1140 3902 μηδὲ
1192 3831 1520 3884 συνεσθίειν.
1580 3849 1599 3883 ι
1650 3833 1761 3886 Καὶ
1811 3834 1914 3886 οὐκ

334 3925 581 3995 ἐκύρωσε
614 3926 710 3995 τὴν
735 3923 978 3993 ἀγάπην,
1015 3923 1119 3987 ἕως
1161 3922 1410 3986 ἀποστὰς
1441 3925 1652 3987 ἐκεῖνος
1679 3927 1780 3996 τῆς
1811 3942 1912 3978 πο⁸

285 4075 300 4086 ,
336 4020 510 4088 νηρᾶς
556 4019 827 4090 πράξεως,
883 4016 950 4070 δι’
985 4016 1164 4085 ἔργων
1212 4015 1313 4085 τὴν
1355 4017 1647 4085 μετάνοιαν
1697 4017 1914 4071 ἐπεδεί-

340 4109 486 4174 ξατο.
520 4109 662 4175 Πρὸς
693 4107 750 4160 δὲ
796 4106 886 4160 τὸν
916 4105 1252 4175 πλεονέκτην
1292 4104 1373 4170 ὃς,
1401 4105 1496 4174 τῆς
1540 4105 1724 4176 χώρας
1751 4106 1914 4175 εὐφο-

343 4201 633 4271 ρησάσης,
702 4197 763 4250 ού
817 4197 1093 4252 διαδίδωσι
1155 4199 1285 4260 τοῖς
1328 4197 1404 4268 μὴ
1461 4196 1722 4268 ἔχουσιν,
1777 4199 1913 4252 ἀλλὰ

341 4291 600 4344 πλατύνει
646 4291 744 4352 τὰς
783 4288 1088 4358 ἀποθήκας,
1117 4289 1170 4340 τί
1201 4306 1368 4358 φησιν
1396 4290 1454 4342 ὲν
1498 4290 1849 4358 Εύαγγελίοις
1885 4295 1913 4345 ό

342 4385 586 4454 Κύριοςς
623 4401 640 4434 t
677 4383 907 4452 Ἀφρον,
960 4380 1134 4451 ταύτῃ
1167 4384 1232 4453 τῇ
1265 4382 1422 4434 νυκτὶ
1458 4381 1554 4452 τὴν
1597 4382 1778 4455 ψυχήν
1817 4401 1910 4437 σου

338 4477 661 4532 ἀπαιτοῦσιν
687 4479 794 4530 ἀπὸ
828 4475 952 4529 σοῦ’
982 4473 1019 4528 ἃ
1058 4475 1114 4527 δὲ
1148 4476 1478 4545 ἡτοίμασας,
1508 4478 1613 4531 τίνι
1649 4477 1804 4532 ἔσται
1833 4495 1846 4544 ;
1883 4497 1902 4529 ι

338 4573 450 4626 Καὶ
496 4572 580 4624 ἵνα
615 4572 687 4642 μή
732 4587 815 4633 τις
865 4570 1060 4639 νομίσῃ
1115 4541 1238 4620 καθ’
1269 4541 1387 4632 ένός
1435 4585 1582 4632 τινος
1617 4565 1756 4622 εἶναι
1809 4541 1908 4640 τὴν
1937 4541 1989 4601 D

339 4664 613 4732 ἀπόφασιν
646 4661 873 4732 ταύτην,
917 4663 1148 4729 ἐπάγεισ
1187 4679 1206 4712 t
1240 4659 1427 4725 Οῦτως
1478 4662 1507 4714 ὁ
1558 4661 1907 4732 θησαυρίζων

337 4756 536 4825 ἑαυτῷ,
573 4754 663 4807 καὶ
695 4754 770 4826 μὴ
806 4756 883 4816 εἰς
910 4752 1042 4806 Θεὸν
1085 4752 1357 4808 πλουτῶν.
1397 4770 1416 4803 ι
1451 4752 1654 4805 Καίτοι
1683 4752 1712 4805 ὁ
1744 4753 1910 4806 πλού-

339 4862 452 4908 σιος
483 4847 689 4908 ἐκεῖνος
718 4845 820 4898 οὐκ
859 4843 1112 4896 ἐπλούτει
1142 4842 1308 4912 219
1348 4841 1408 4906 ἐξ
1437 4843 1651 4904 ἀδικίας
1671 4859 1686 4874 ο
1715 4843 1769 4894 τί
1799 4845 1907 4914 γὰρ

334 4941 539 4999 ἐκεῖνος
566 4937 843 5006 ἠδίκησεν,
874 4936 924 4987 εί
955 4936 988 5005 ἡ
1016 4934 1169 5005 χώρα
1204 4933 1366 4987 αὑτοῦ
1397 4934 1699 5003 εὐφόρησεν
1723 4951 1739 4998 ;
1766 4933 1904 4988 Ἀλλ’

332 5033 501 5101 ὅμως,
554 5031 634 5083 ὅτι
689 5031 791 5082 οὐκ
841 5029 1112 5098 ἐχρήσατο
1160 5029 1227 5098 τῇ
1279 5027 1434 5097 παρὰ
1488 5025 1582 5079 τοῦ
1616 5025 1754 5079 Θεοῦ
1805 5026 1912 5080 τῶν

333 5125 677 5194 πραγμάτων
726 5121 964 5192 ἀφθονίᾳ
1015 5119 1219 5184 καλῶς,
1275 5117 1412 5189 μηδὲ
1456 5118 1790 5188 ὲπλούτησεν
1830 5119 1912 5183 είς

334 5219 467 5270 Θεὸν
506 5217 594 5269 διὰ
631 5216 724 5286 τῆς
779 5213 1144 5284 μεταδόσεως,
1184 5212 1336 5278 ἄξιος
1383 5210 1620 5264 θανάτου
1668 5210 1909 5278 ἐγένετο,

333 5310 428 5362 τοῦ
462 5307 694 5360 πλούτου
743 5306 912 5376 μηδὲν
957 5304 1322 5374 άπονάμενος.
1374 5300 1564 5372 Ἦμῶν
1593 5301 1650 5355 δέ
1683 5303 1820 5354 εἰσιν
1858 5301 1908 5355 οἳ

337 5402 414 5472 μὴ
439 5403 506 5453 τά
536 5401 755 5464 δλκαίως
787 5397 1124 5468 ποριζόμενα
1155 5396 1336 5467 μόνον,
1367 5394 1502 5448 ἀλλὰ
1534 5399 1629 5447 καὶ
1673 5394 1772 5456 τὰς
1800 5393 1908 5448 ἀπὸ

332 5494 440 5545 τῶν
472 5491 703 5562 πτωχῶν
741 5491 1000 5561 ἁρπαγὰς
1033 5489 1248 5559 ἔχουσιν
1275 5490 1332 5541 έν
1355 5489 1468 5549 τοῖς
1502 5486 1676 5550 οίκοις
1702 5487 1905 5552 αὐτῶν,

333 5585 644 5647 πλεονεξίαν
692 5583 1037 5652 ἀγαπῶντες,
1079 5581 1178 5648 τὴν
1210 5579 1474 5651 δευτέραν
1515 5579 1659 5632 κατὰ
1694 5579 1909 5632 Παῦλον

333 5675 810 5746 εἰδωλολατρείαν’
862 5673 1230 5745 φιλαργυρίαν
1285 5670 1592 5736 νοσοῦντες,
1625 5671 1726 5742 τὴν
1769 5675 1909 5724 πάν-

2020 3272 2238 3370 dacium
2276 3279 2425 3346 quod
2475 3295 2696 3353 semper
2747 3286 2894 3344 furto
2941 3272 3320 3370 conjungitur,
3352 3315 3382 3355 a
3423 3301 3592 3360 Petro

2016 3364 2099 3465 vel
2135 3369 2321 3465 potius
2367 3384 2398 3424 ο
2456 3373 2563 3429 Deo
2613 3377 2884 3436 interfecti
2941 3364 3107 3452 sunt;
3161 3389 3597 3465 ideopropheta

2019 3453 2191 3511 David
2250 3459 2320 3515 ad
2378 3461 2548 3557 Deum
2601 3465 2783 3525 dixit:
2820 3491 2840 3523 ‹
2889 3473 3087 3533 Perdes
3135 3453 3463 3557 omnes-qui
3517 3453 3602 3546 lo:

2018 3560 2268 3615 quuntur
2290 3552 2640 3612 mendacium
2669 3559 2731 3614 ιδ.
2760 3579 2778 3613 ι
2809 3561 3013 3623 Paulus
3039 3584 3169 3625 vero
3196 3552 3413 3633 Satana:
3435 3585 3601 3640 tradit

2017 3639 2361 3699 Corinthium
2431 3647 2818 3709 fornicatorem
2851 3695 2866 3718 ,
2901 3667 2956 3712 ct
3012 3664 3234 3720 mandat
3295 3639 3597 3729 Corinthiis

2018 3733 2266 3790 scribens
2299 3753 2316 3813 ξ
2352 3756 2371 3789 ι
2413 3739 2547 3822 Cum
2582 3743 2850 3812 ejusmodi
2886 3763 2985 3805 nec
3009 3752 3190 3809 cibum
3225 3773 3443 3818 sumere
3469 3766 3534 3821 ιδ.
3569 3786 3588 3818 ι

2017 3823 2206 3894 Neque
2240 3827 2482 3886 lirmavit
2520 3833 2847 3893 charitatem
2883 3842 2987 3898 nisi
3029 3855 3319 3918 postquam
3353 3854 3440 3910 illc
3463 3871 3596 3928 apo-

2015 3927 2158 3972 stata
2192 3923 2452 3990 operibus
2491 3931 2910 3988 monstravisset
2944 3950 3099 3992 suam
3143 3941 3212 3998 de
3249 3944 3390 4002 facto
3419 3923 3596 4019 ιιωηὶ-

2017 4013 2265 4069 tentiam.
2341 4018 2522 4074 Avaro
2579 4032 2761 4078 autem
2812 4028 2906 4096 qui
2962 4033 3107 4100 agris
3161 4013 3590 4100 exuberantibus

2016 4119 2363 4176 nequaquam
2397 4113 2691 4180 egentibus
2718 4121 3111 4188 communicat,
3147 4127 3242 4181 sed
3275 4140 3437 4199 auget
3465 4134 3592 4188 bor-

2015 4211 2131 4263 rea,
2191 4199 2320 4268 quid
2371 4201 2507 4258 dicit
2563 4207 2616 4259 in
2654 4207 2959 4278 Evangeliis
2992 4215 3303 4273 Dominus?
3339 4240 3360 4274 ‹
3393 4222 3590 4290 Stulte,

2017 4293 2117 4348 hac
2153 4307 2314 4350 nocte
2341 4297 2580 4352 animam
2607 4309 2755 4355 tuam
2791 4315 3036 4372 repetent
3065 4321 3095 4361 a
3126 4317 3216 4375 te;
3250 4329 3372 4381 qum
3401 4327 3585 4372 autem

2015 4388 2244 4455 parasti,
2279 4387 2438 4458 cujus
2472 4399 2636 4444 erunt
2662 4391 2746 4445 ”?
2776 4411 2794 4444 ι
2848 4395 2915 4449 Et
2963 4413 3032 4451 ne
3072 4401 3196 4468 quis
3241 4405 3439 4474 cogitet
3491 4409 3591 4463 ad-

2014 4489 2212 4531 versus
2265 4493 2438 4530 unum
2487 4481 2778 4548 quemdam
2837 4484 2953 4538 dari
3008 4487 3166 4542 istam
3217 4496 3542 4551 sententiam
3575 4542 3588 4566 ,

2015 4568 2211 4622 addit:
2252 4586 2272 4619 ι
2317 4568 2409 4624 Sic
2447 4581 2531 4625 est
2570 4574 2662 4642 qui
2709 4575 2812 4629 sibi
2855 4579 3213 4646 thesaurizat,
3248 4595 3301 4638 et
3353 4603 3457 4642 non
3491 4604 3588 4658 pro

2016 4655 2127 4710 Deo
2159 4667 2243 4712 est
2275 4660 2446 4715 dives.
2489 4680 2507 4713 ι
2541 4665 2794 4718 Attamen
2836 4667 2989 4722 dives
3025 4670 3113 4724 ille
3145 4655 3586 4746 nequaquam-ex

2015 4746 2278 4816 injustitia
2306 4750 2668 4819 locupletatus
2700 4755 2906 4822 fuerat;
2939 4773 3067 4812 nam
3097 4762 3225 4829 quid
3257 4763 3582 4834 iujustitiam
3663 4775 3666 4778 ’

2015 4837 2240 4894 fecisset
2272 4841 2358 4894 cui
2393 4843 2507 4912 agri
2547 4845 2742 4899 uberes
2773 4845 2986 4903 fructus
3017 4849 3308 4908 ferebant?
3333 4855 3437 4911 Sed
3463 4862 3590 4928 quia

2017 4929 2184 4985 rebus
2207 4931 2324 4987 suis
2354 4946 2382 4985 a
2417 4933 2524 4988 Deo
2545 4935 2597 4988 in
2628 4952 2822 5003 magna
2858 4942 3015 5008 copia
3045 4947 3287 5012 acceptis
3317 4963 3424 5002 non
3455 4951 3591 5005 bene

2017 5020 2298 5084 utebatur,
2342 5038 2444 5077 nec
2483 5023 2537 5078 in
2568 5023 2738 5079 Deum
2771 5028 2926 5084 dives
2962 5041 3082 5084 erat
3115 5033 3234 5089 illas
3280 5038 3404 5091 aliis
3440 5055 3594 5092 cum-

2015 5112 2377 5178 mnuicando,
2413 5115 2610 5185 dignus
2653 5127 2831 5174 morte
2870 5119 3050 5178 factus
3088 5134 3206 5191 est,
3244 5129 3449 5185 divitiis
3480 5133 3591 5185 mi-

2014 5207 2162 5260 nime
2191 5208 2632 5276 proﬁcientibus.
2687 5211 2764 5265 Ex
2801 5215 3004 5269 nostris
3033 5232 3164 5272 vero
3196 5230 3325 5274 sunt
3353 5222 3446 5291 qui
3479 5239 3586 5278 non

2013 5307 2224 5354 tantum
2277 5301 2426 5369 jusle
2481 5314 2818 5373 comparata,
2881 5308 2974 5362 sed
3007 5311 3169 5363 etiam
3199 5326 3227 5364 a
3257 5316 3592 5384 pauperibus

2016 5403 2203 5462 erepta
2247 5393 2302 5448 in
2331 5394 2447 5448 suis
2479 5395 2677 5450 habent
2709 5396 2987 5464 domibus,
3037 5402 3324 5457 avaritiam
3358 5406 3588 5476 diligen-

2016 5492 2120 5549 tes,
2139 5499 2261 5554 quae
2289 5485 2591 5541 secundum
2617 5487 2846 5544 Paulum
2871 5491 3112 5546 secunda
3137 5505 3225 5548 est
3247 5494 3556 5551 idololatria
3579 5539 3595 5559 ,

2016 5592 2180 5646 opum
2217 5593 2407 5634 amore
2437 5590 2770 5649 aegrotantes
2799 5582 2893 5652 qui
2925 5591 3010 5637 est
3035 5586 3284 5640 omnium
3322 5588 3594 5644 malorum

2018 5685 2184 5727 causa
2212 5690 2226 5736 ;
2261 5680 2314 5727 et
2341 5688 2451 5729 non
2487 5662 2660 5729 nostri
2694 5674 2872 5730 solum
2909 5675 3208 5745 principes,
3243 5679 3339 5734 sed
3371 5689 3425 5735 et
3457 5696 3599 5737 mer-

439 5855 481 5885 ¹³
518 5853 684 5910 llebr.
720 5869 781 5917 ιι,
812 5853 868 5910 2.
946 5853 989 5885 “
1025 5855 1169 5910 Psal.
1207 5873 1262 5922 v,
1296 5857 1350 5912 6.
1431 5857 1475 5891 ’⁸
1503 5856 1524 5912 ι
1556 5855 1684 5913 Cor.
1719 5870 1770 5922 ν,
1799 5852 1854 5909 5.

2020 5868 2135 5908 auc.
2170 5869 2266 5921 xu,
2295 5854 2387 5910 20.

641 5951 912 6010 ΡΑτιιοι..
953 5955 1066 6010 Gn.
1107 5953 1224 6015 CLI

3187 5968 3259 6029 16
