4014 6432
398 401 499 465 491

1624 381 2004 445 GREGORII
2048 381 2374 440 PALAMJE

3548 370 3654 434 492

397 525 648 576 calores;
683 517 817 578 quot
866 506 1009 563 enim
1059 504 1257 559 damna
1295 497 1607 554 ementibus
1667 493 1986 547 venditores.

2089 509 2186 544 των
2218 490 2404 543 κακῶν
2451 489 2631 542 αἰτίαν
2657 505 2670 520 ·
2706 489 2798 541 καὶ
2831 487 2928 557 οὐχ
2976 487 3024 538 οἰ
3062 483 3192 554 παρ’
3220 485 3350 554 ἡμῖν
3392 483 3654 553 ἄρχοντες

398 607 603 675 aliique
631 601 1002 672 negotiatores
1040 597 1246 651 inferre
1278 591 1638 650 meditantur,
1690 600 1788 638 nec
1824 598 1975 637 men-

398 674 546 755 suris
581 711 680 752 nec
708 691 1041 764 ponderibus
1071 687 1264 758 mquis,
1287 699 1412 740 cum
1442 679 1673 752 possint,
1713 686 1929 732 utentes
1956 674 1969 725 ί

468 968 766 1035 Pr0pterea
792 971 844 1016 et
873 968 1100 1032 prOpter
1147 954 1358 1012 similes
1390 964 1586 1008 causas
1616 948 1972 1017 castigamur,

397 1070 451 1115 ct
479 1059 659 1113 adhuc
691 1051 1120 1124 castigabimur;
1174 1061 1300 1100 nam
1349 1042 1722 1098 desideramus
1755 1037 1973 1107 quidem

397 1161 452 1204 et
481 1149 777 1216 quaerimus
829 1157 860 1196 a
913 1139 1127 1196 damnis
1178 1132 1455 1199 solvi,sed
1502 1129 1725 1185 offensis
1757 1134 1977 1196 propter

401 1255 539 1311 quas
577 1237 912 1305 castigamur
969 1231 1106 1285 alias
1168 1228 1479 1298 adjicimns.
1543 1222 1719 1278 Vultis
1765 1221 1978 1274 discere

399 1309 667 1403 quantum
719 1327 922 1381 malum
957 1324 1028 1378 sit
1057 1322 1180 1377 sitis
1229 1334 1391 1389 opum
1431 1309 1900 1371 redundantium‘.’
1931 1309 1978 1364 Α

399 1428 558 1497 plaga
599 1434 939 1492 quamnunc
991 1415 1252 1486 patimur,
1295 1411 1396 1464 hoc
1447 1404 1798 1478 cognoscite;
1848 1415 1976 1456 nam

401 1516 718 1572 redundans
763 1509 988 1581 sanguis
1040 1520 1207 1560 unum
1267 1501 1513 1570 corporis
1560 1500 1977 1552 elementorum.

401 1609 543 1662 sicut
585 1605 822 1664 vidistis.
879 1609 1108 1654 mortem
1141 1594 1304 1648 infert
1347 1588 1753 1659 languentibus.
1808 1585 1980 1654 Igitur

401 1694 867 1768 quemadmodum
899 1693 954 1745 in
989 1702 1224 1758 corpore
1246 1682 1612 1739 redundantia
1635 1693 1838 1747 corpus
1863 1690 1980 1731 cor-

400 1767 628 1859 rumpit,
683 1789 756 1842 ita
811 1799 933 1854 qua:
979 1792 1060 1838 est
1108 1781 1161 1834 in
1207 1777 1390 1832 anima
1439 1774 1564 1830 sitis
1610 1786 1775 1841 opum
1811 1767 1978 1824 nimia

404 1883 645 1938 animam
684 1879 858 1950 perdit
897 1886 952 1932 et
981 1873 1206 1936 occidit,
1247 1871 1315 1924 ab
1354 1884 1415 1924 ea
1466 1866 1560 1921 Dei
1602 1864 1834 1934 gratiam
1887 1877 1981 1916 ex-

404 1976 781 2033 cellentiorem
827 1971 996 2025 vitam
1046 1963 1376 2022 amovendo.
1428 1961 1552 2015 Hzec
1602 1968 1783 2014 autem
1829 1971 1982 2011 mors

406 2072 606 2125 animae
637 2081 852 2135 semper
902 2060 1175 2117 antecedit
1217 2069 1448 2112 mortem
1505 2051 1720 2122 corpori
1774 2049 1978 2103 illatam

404 2180 468 2216 ex
519 2158 875 2216 derelictioue
930 2155 1020 2209 Dei
1047 2171 1061 2219 ;
1110 2152 1232 2208 ideo
1259 2165 1323 2203 ex
1349 2155 1572 2218 peccato
1600 2155 1654 2198 et
1683 2142 1983 2212 rejectione

403 2231 648 2308 mandati
683 2248 855 2306 divini
913 2260 1064 2301 mors
1098 2245 1166 2296 ab
1207 2240 1364 2295 initio
1409 2238 1464 2291 in
1504 2235 1768 2290 mundum
1812 2232 1983 2286 intra-

403 2348 515 2409 vit;
569 2345 732 2399 homo
789 2337 1013 2409 quidem
1077 2336 1152 2389 ita
1217 2341 1571 2398 trangressns
1634 2326 1818 2380 statim
1871 2336 1982 2376 non

406 2436 592 2508 periit,
633 2436 738 2487 hoc
772 2445 904 2485 vero
939 2443 967 2480 a
1001 2427 1113 2482 Deo
1159 2426 1370 2493 accepit
1401 2421 1495 2490 qui
1536 2418 1610 2472 illi
1641 2415 1870 2485 largitus
1899 2424 1983 2470 est

407 2542 625 2597 tempus
679 2523 1035 2594 paenitentiae.
1124 2516 1343 2571 Poterat
1393 2525 1587 2569 omnes
1645 2510 1896 2564 homines
1951 2522 1984 2565 e

407 2623 585 2679 nihilo
629 2618 795 2678 simul
825 2615 1087 2678 educere,
1134 2613 1282 2668 sicut
1325 2607 1569 2678 angelos,
1601 2603 1982 2674 archangelos,

407 2716 782 2786 principatus,
859 2719 1196 2781 potestates,
1248 2705 1502 2769 virtutes,
1557 2700 1982 2765 dominationes,

409 2800 1104 2871 Cherubi:n,$eraphim,
1157 2796 1422 2852 sublimes
1479 2793 1726 2856 thronos,
1777 2790 1985 2846 solum-

409 2902 577 2957 modo
625 2897 904 2967 cOgitavit,
924 2904 978 2948 et
1016 2889 1276 2960 cogitatio
1304 2889 1421 2958 ejus
1445 2883 1635 2940 effecta
1666 2883 1790 2946 fuit,
1825 2888 1882 2936 et
1916 2881 1986 2935 si-

411 2992 526 3047 mul
578 3003 771 3046 omnes
820 2984 1075 3057 producti
1130 2989 1300 3046 sunt;
1355 2987 1568 3050 poterat
1614 2992 1742 3046 ergo
1768 2975 1823 3030 in
1879 2988 1985 3028 uno

413 3084 675 3154 temporis
707 3091 987 3137 momento
1022 3079 1342 3132 universum
1374 3088 1548 3145 genus
1584 3071 1869 3127 hominum
1902 3068 1984 3123 fa-

2081 584 2260 652 μόνον,
2287 581 2422 635 ἀλλὰ.
2447 582 2540 634 καὶ
2561 583 2610 634 οἰ
2635 582 2882 648 ἀγοραῖοι
2907 595 2923 613 ο
2956 577 3098 631 πόσα
3121 577 3226 644 γὰρ
3248 575 3515 644 ἐπιζήμια
3542 577 3653 637 τρεῖς

2076 672 2445 743 ἀγοράζουσιν
2473 672 2523 724 οἰ
2550 673 2677 742 παρ’
2701 674 2833 742 ἡμῖν
2860 669 3099 739 κάπηλοι
3124 669 3215 720 καὶ
3242 669 3291 720 οἱ
3315 667 3466 723 ἄλλοι
3487 667 3656 737 ἐμπο-

2079 785 2162 837 ροι
2206 765 2601 834 ἐπιτεχνῶνται
2627 805 2642 831 ,
2690 763 2824 834 μηδὲ
2866 763 3086 833 μέτροις
3138 760 3230 813 καὶ
3286 757 3546 828 σταθμοῖς
3579 757 3657 810 δι-

2077 859 2274 922 καίοις,
2301 859 2389 911 ὅτε
2417 858 2698 923 δύνανται,
2731 857 3003 926 χρώμενοι
3043 858 3055 908 l

2152 954 2251 1004 Διά
2280 951 2456 1004 ταῦτα
2506 951 2602 1004 καὶ
2634 951 2700 1003 τὰ
2748 949 2974 1002 τοιαῦτα
3003 945 3401 1014 παιδευόμεθα,
3431 943 3527 998 καὶ
3573 943 3656 996 ἔτι

2078 1040 2562 1110 παιδευθησόμεθα
2584 1058 2596 1070 ·
2648 1041 2746 1110 τὴν
2781 1039 2876 1108 μὲν
2907 1039 3012 1109 γὰρ
3053 1040 3161 1090 τῶν
3195 1036 3469 1107 ἐπηρειῶν
3499 1033 3657 1087 λύσιν

2080 1133 2356 1204 ποθοῦμέν
2387 1151 2446 1188 τε
2493 1136 2589 1188 καὶ
2619 1123 2914 1202 ζητοῦμεν,
2957 1134 3069 1195 τοῖς
3091 1131 3146 1184 δὲ
3192 1129 3496 1198 πταίσμασι
3525 1127 3592 1180 δι’
3621 1127 3658 1180 a

2081 1225 2452 1296 παιδευόμεθα
2484 1228 2579 1282 καὶ
2599 1224 2992 1296 προστίθεμεν.
3021 1224 3284 1280 Βούλεσθε
3309 1222 3501 1294 μαθεῖν
3533 1221 3658 1274 ὅσον

2081 1319 2113 1387 ή
2149 1317 2436 1383 πλεονεξία
2470 1318 2700 1384 ,κακόν;
2750 1317 2884 1370 Ἀπὸ
2925 1319 3027 1385 τῆς
3066 1316 3303 1386 πληγῆς,
3352 1309 3419 1385 ἧς
3452 1311 3655 1383 ἀρτίως

2079 1409 2389 1480 πάσχομεν,
2435 1408 2593 1463 τοῦτο
2641 1407 2950 1478 γνώσεσθε*
3000 1407 3402 1476 πλεονεκτῆσαν
3457 1406 3564 1474 γὰρ
3598 1403 3656 1455 ἓν

2078 1501 2190 1554 τῶν
2246 1505 2306 1555 έν
2369 1502 2486 1564 τοῖς
2541 1499 2758 1570 σώμασι
2811 1501 3090 1572 στοιχείων
3138 1500 3200 1553 τὸ
3250 1493 3412 1568 αἷμα,
3471 1495 3658 1557 καθὼς

2079 1594 2264 1663 ὁρᾶτε,
2305 1592 2397 1646 τὸν
2451 1593 2679 1647 θάνατον
2729 1594 2986 1662 ἐπιφέρει
3033 1593 3147 1654 τοῖς
3191 1589 3658 1660 ἀποθνήσκουσιν.

2092 1685 2180 1746 Ὠς
2221 1680 2316 1739 οῦν
2362 1686 2420 1738 ἐν
2453 1683 2674 1754 σώματι
2705 1683 2988 1748 πλεονεξία
3026 1683 3332 1752 διαφθείρει
3364 1679 3425 1733 τὸ
3475 1679 3656 1746 σῶμα,

2079 1775 2252 1838 οὕτως
2281 1777 2314 1846 ἡ
2341 1777 2398 1830 ὲν
2430 1779 2497 1846 τῇ
2536 1776 2682 1848 ψυχῇ
2732 1776 2827 1846 τὴν
2862 1775 3040 1846 ψυχὴν
3083 1774 3387 1844 διαφθείρει
3433 1774 3528 1825 καὶ
3562 1770 3658 1823 θα-

2083 1870 2253 1931 νατοῖ,
2308 1869 2406 1939 τὴν
2444 1869 2538 1923 τοῦ
2580 1869 2715 1922 Θεοῦ
2765 1869 2924 1940 χάριν
2974 1868 3120 1939 ζωὴν
3157 1862 3324 1920 οὖσαν
3379 1863 3660 1932 θειοτέραν

2083 1963 2178 2015 ἀπ’
2213 1962 2389 2031 αὐτῆς
2443 1961 2771 2026 ὲκδιώξασα.
2825 1959 3352 2030 Προκαταλαμόἀνει
3395 1957 3452 2010 δὲ
3498 1957 3584 2009 ἀεὶ
3629 1955 3659 2005 ό

2081 2053 2326 2116 τοιοῦτος
2359 2052 2458 2123 τῆς
2491 2051 2670 2122 ψυχῆς
2710 2051 2941 2114 θάνατος
2979 2050 3070 2103 τὸν
3104 2050 3168 2102 ὲκ
3201 2049 3302 2118 τῆς
3344 2045 3661 2116 ἐγκαταλεί-

2082 2144 2230 2214 ψεως
2279 2143 2374 2196 τοῦ
2421 2141 2557 2196 Θεοῦ
2591 2143 2973 2212 ὲπιγινόμενον
3014 2141 3091 2211 τῷ
3127 2140 3338 2210 σώματι
3385 2139 3615 2193 θάνατον
3642 2152 3657 2164 ·

2083 2238 2210 2293 trusi.
2233 2237 2327 2292 καὶ
2354 2236 2452 2308 τὴν
2479 2236 2657 2306 ἀρχὴν
2688 2239 2752 2289 ὲκ
2780 2236 2876 2304 τῆς
2905 2236 3182 2305 ἁμαρτίας
3214 2235 3308 2288 καὶ
3337 2233 3435 2301 τῆς
3461 2231 3659 2298 ἀθετή-

2086 2348 2224 2394 σεως
2258 2330 2360 2401 τῆς
2407 2329 2558 2394 θείας
2609 2329 2830 2398 ἐντολῆς
2865 2329 2894 2381 ό
2940 2328 3169 2391 θάνατος
3215 2327 3294 2390 εἰς
3325 2325 3418 2378 τὸν
3451 2325 3658 2394 κόσμον

2084 2424 2358 2495 εἰσῆλθεν,
2389 2424 2489 2476 οὒκ
2529 2422 2768 2476 ἀπέθανε
2806 2421 2863 2475 δὲ
2895 2423 2923 2475 ό
2953 2420 3242 2491 ἄνθρωπος
3267 2419 3524 2486 πάραυτα
3552 2434 3659 2469 πα-

2088 2516 2282 2588 ραϐὰς,
2316 2514 2408 2568 τοῦ
2457 2512 2594 2566 Θεοῦ
2648 2513 2841 2583 καιρὸν
2895 2511 3183 2582 μετανοίας
3215 2509 3364 2577 αὐτῷ
3400 2511 3662 2577 παρέχον-

2083 2627 2197 2674 τος.
2239 2601 2598 2662 ’Πδύναταδὲ
2641 2608 2738 2660 καὶ
2777 2605 2983 2668 πάντας
3011 2597 3146 2674 όμοῦ
3185 2604 3311 2661 τοὺς
3341 2601 3660 2668 ἀνθρώπους

2086 2704 2150 2757 ὲκ
2180 2703 2254 2774 μὴ
2300 2701 2468 2754 όντων
2498 2700 2865 2770 παραγαγεῖν,
2908 2696 3033 2750 ἐπεὶ
3066 2696 3159 2749 καὶ
3199 2694 3324 2756 τοὺς
3370 2692 3660 2760 ἀγγέλους,

2084 2792 2212 2851 τοὺς
2260 2788 2661 2861 ἀρχαγγέλους,
2705 2787 2802 2850 τὰς
2851 2787 3044 2856 ἀρχὰς,
3092 2785 3189 2846 τὰς
3233 2781 3513 2851 δυνάμεις,
3561 2782 3660 2843 τὰς

2086 2884 2358 2948 ἐξουσίας,
2405 2884 2503 2945 τὰς
2539 2881 2891 2950 κυριότητας,
2921 2881 2987 2933 τὰ
3033 2877 3340 2949 Χερουϐὶμ,
3379 2877 3449 2929 τὰ
3489 2877 3662 2946 Σερα-

2088 2977 2216 3046 φὶμ,
2245 2976 2372 3038 τοὺς
2432 2975 2692 3028 ἀνωτάτω
2732 2973 2978 3045 θρόνους,
3024 2971 3274 3041 ἐνενόησε
3326 2970 3514 3038 μόνον,
3561 2970 3660 3021 καὶ

2087 3068 2148 3121 τὸ
2184 3067 2424 3136 ἐννόημα
2461 3065 2620 3138 ἔργον
2651 3061 2738 3134 ἦν,
2793 3066 2887 3118 καὶ
2915 3063 3050 3133 ὁμοῦ
3083 3061 3447 3132 παρήχθησαν
3487 3058 3662 3113 ἄπαν-

412 3192 575 3239 cere,
627 3184 682 3230 et
723 3187 916 3228 rursus
955 3178 1171 3240 poterat
1219 3167 1271 3223 in
1301 3166 1449 3221 brevi
1489 3165 1640 3219 horae
1705 3171 1984 3216 momento

2089 3178 2198 3224 τες.
2246 3159 2506 3212 Ἠδύνατο
2537 3154 2633 3212 οὖν
2671 3160 2730 3210 ιν
2763 3157 2861 3228 μιᾷ
2910 3154 3102 3226 καιροῦ
3151 3155 3290 3223 ῥοπῇ
3321 3153 3414 3205 καὶ
3445 3151 3662 3204 πάντων

413 3267 540 3321 ἱΙίοε
587 3281 685 3336 per
721 3275 952 3318 mortem
997 3262 1183 3317 delere
1232 3275 1262 3313 a
1317 3259 1458 3314 facie
1509 3266 1689 3322 terrae,
1736 3255 1880 3308 sicut
1929 3253 1983 3305 in

413 3357 623 3412 diluvio
658 3355 886 3422 fecerat,
919 3354 1032 3409 Noe
1083 3366 1208 3406 cum
1243 3351 1434 3404 liberis
1469 3348 1645 3404 solum
1669 3343 1988 3401 custodiens

413 3451 484 3505 ad
545 3465 737 3505 novam
791 3446 1118 3518 gignendam
1179 3441 1616 3514 generationem.
1680 3435 1786 3491 Sed
1842 3433 1987 3490 istud

417 3560 526 3601 non
561 3542 729 3597 voluit
760 3549 980 3612 pr0pter
1019 3535 1409 3598 clementiam;
1453 3531 1548 3586 sed
1604 3527 1882 3584 consuluit
1930 3534 1992 3580 ut

415 3639 470 3691 in
505 3636 653 3699 alio,
698 3634 781 3688 vel
819 3632 981 3685 etiam
1035 3630 1090 3682 in
1149 3626 1336 3681 multis
1387 3623 1511 3677 aliis
1563 3621 1681 3676 sive
1725 3617 1992 3688 sanguine

417 3725 724 3796 conjunctis
776 3722 890 3778 sive
936 3718 1135 3775 alienis
1187 3715 1471 3770 videamus
1513 3708 1719 3780 singuli
1759 3717 1988 3762 mortem

413 3835 578 3890 quam
635 3815 879 3885 effugere
922 3812 1148 3866 minime
1196 3808 1546 3878 poterimus,
1622 3811 1684 3857 ut
1737 3817 1833 3871 per
1886 3801 1990 3855 hoc

415 3910 786 3982 spectaculum
852 3906 919 3961 ad
1000 3900 1378 3974 pcenitentiam
1445 3905 1500 3952 et
1569 3895 1982 3951 meditationem

416 4012 649 4060 mortem
690 3997 1142 4066 subsequentium
1189 3992 1548 4047 adducantur.
1598 3987 1702 4042 Sed
1729 4000 1855 4038 cum
1891 3996 1991 4036 nos

413 4095 599 4155 videat
661 4095 866 4150 nullam
915 4096 1138 4159 agentes
1179 4080 1598 4152 paenitentiam,
1673 4078 1994 4145 nullamque

414 4175 729 4246 futurorum
765 4196 953 4239 curam
1010 4176 1297 4237 habentes,
1331 4178 1563 4225 mortem
1589 4168 1703 4222 fere
1735 4155 1993 4222 Omnibus

417 4284 584 4342 simul
636 4280 826 4341 infert,
882 4287 990 4326 non
1027 4267 1310 4322 sustinens
1351 4272 1414 4318 ut
1455 4262 1512 4316 in
1565 4262 1711 4316 malo
1745 4262 1994 4317 vivamus

417 4389 472 4433 et
503 4384 787 4447 peccatum
820 4365 1215 4438 producamus.
1263 4356 1328 4410 Et
1371 4356 1488 4410 haec
1516 4365 1600 4412 est
1650 4357 1840 4410 ultima
1885 4369 1995 4425 qua

416 4473 507 4527 hic
535 4465 838 4538 puniuntur
868 4464 1183 4526 peccatores
1210 4450 1383 4521 plaga,
1417 4459 1478 4503 ut
1525 4465 1592 4506 ex
1657 4448 1994 4520 Egyptiacis

330 4609 333 4612 ι
417 4563 594 4634 plagis
635 4553 947 4613 didicimus.
1033 4547 1038 4552 ’

494 4826 796 4881 Possumus
843 4835 907 4874 ex
972 4818 1136 4872 modo
1180 4817 1344 4887 justze
1403 4815 1563 4869 istius
1617 4808 1995 4881 castigationis

420 4912 888 4984 comprehendere
939 4918 1203 4980 quantum
1257 4908 1312 4960 in
1384 4907 1550 4961 Deum
1599 4904 1993 4974 peccavimus;

423 5024 551 5062 nam
594 5003 813 5058 homine
847 5001 1173 5068 castigante,
1221 4997 1334 5051 fieri
1386 5003 1565 5065 potest
1603 5005 1660 5047 ut
1700 4995 1819 5048 sine
1844 4991 1995 5061 justa

421 5115 590 5156 causa
625 5095 708 5150 vel
736 5102 953 5164 propter
986 5092 1248 5145 offensam
1273 5089 1444 5143 levem
1473 5086 1716 5139 oll‘ensor
1743 5099 1996 5156 magnam

424 5193 620 5246 subeat
653 5201 871 5260 poenam
903 5202 967 5239 ex
1001 5181 1270 5251 iniustitia
1297 5179 1379 5233 vel
1418 5177 1633 5231 feritate
1657 5177 1996 5246 castigante;

423 5282 518 5337 sed
574 5292 811 5347 superna
873 5273 1167 5330 clementia
1223 5270 1288 5324 ad
1347 5269 1481 5322 iram
1539 5266 1742 5320 moveri
1786 5267 1998 5336 nequit,

426 5389 528 5446 nec
563 5369 872 5426 mortiferas
904 5366 1110 5421 inferre
1150 5363 1363 5432 plagas,
1405 5360 1510 5414 nisi
1545 5359 1703 5413 valde
1738 5353 2002 5429 peccave-

425 5467 620 5529 rimus,
659 5472 713 5518 et
761 5464 813 5516 in
869 5457 1110 5530 peccatis
1160 5455 1280 5508 sine
1328 5452 1647 5523 paenitentia
1686 5466 2005 5521 persevere-

427 5575 568 5613 mus.
605 5556 734 5611 Inde
763 5568 894 5622 ergo
928 5561 1318 5620 agnoscamus,
1343 5545 1562 5610 fratres,
1596 5544 1998 5599 multitudinem

422 5661 478 5704 et
509 5650 832 5720 gravitatem
865 5649 1216 5713 peccatorum
1260 5647 1599 5701 nostrorum,
1637 5647 1691 5688 et
1719 5645 2002 5691 avertatur

423 5742 805 5811 unusquisque
857 5752 886 5791 a
930 5731 1248 5797 carnalibus
1294 5728 1412 5785 suis
1460 5727 1911 5798 cogizalionibus,
1943 5736 1998 5784 et

425 5839 776 5890 convertatur
805 5827 869 5884 ad
906 5824 1220 5882 Dominum.
1257 5819 1639 5878 Paenitentiam
1674 5835 1898 5891 agamus
1928 5836 1994 5878 ex

2088 3249 2392 3320 ἀνθρώπων
2430 3248 2491 3302 τὸ
2529 3249 2685 3316 γένος
2726 3245 2952 3315 ποιῆσαι
2976 3261 2988 3275 °
3033 3244 3127 3298 xui.
3169 3241 3331 3294 πάλιν
3359 3243 3415 3294 ὲν
3445 3239 3524 3292 ένί
3555 3256 3663 3292 τινι

2087 3344 2182 3398 καὶ
2221 3342 2512 3413 ὡρισμένῳ
2540 3339 2720 3410 καιρῴ
2748 3339 2837 3393 διὰ
2866 3338 2959 3392 τοῦ
2996 3336 3227 3390 θανάτου
3258 3334 3479 3396 τούτους
3520 3334 3664 3386 ἀπα-

2087 3434 2269 3504 λεῖψαι
2292 3434 2390 3504 τῆς
2417 3435 2542 3504 γῆς,
2570 3433 2642 3495 ὡς
2673 3431 2766 3485 καὶ
2800 3432 2855 3484 έν
2874 3430 2951 3500 τῷ
2975 3426 3346 3496 κατακλυσμῷ
3371 3423 3662 3496 πεποίηκε,

2088 3531 2181 3580 τὸν
2231 3526 2354 3579 Νῶε
2395 3525 2532 3595 μετὰ
2588 3523 2699 3577 τῶν
2747 3521 2950 3576 παίδων
3003 3519 3333 3590 διαφυλάξας
3367 3518 3528 3586 μόνον
3582 3517 3666 3580 είς

2089 3619 2349 3689 δευτέρας
2385 3617 2578 3685 γενεᾶς
2613 3615 2849 3682 γένεσιν.
2890 3612 3030 3665 Ἀλλ’
3081 3613 3182 3665 οὐκ
3224 3610 3460 3680 ἠθέλησε
3509 3606 3666 3661 τοῦτο

2089 3711 2176 3763 διὰ
2208 3707 2622 3779 φιλανθρωπίαν
2645 3723 2658 3737 ·
2693 3706 3013 3776 ᾠκονόμησε
3043 3705 3148 3772 γὰρ
3178 3705 3235 3754 ὲν
3263 3701 3428 3770 ἄλλῳ,
3463 3699 3664 3770 μᾶλλον

2090 3803 2144 3856 δὲ
2180 3801 2396 3863 πολλοῖς
2445 3800 2626 3862 ἄλλοις
2679 3798 2902 3856 οἰκείοις
2948 3813 3006 3848 τε
3049 3795 3170 3847 καθ’
3225 3788 3364 3864 αἷμα
3421 3795 3518 3846 καὶ
3563 3793 3665 3844 οὐκ

2089 3897 2334 3957 οἰκείοις,
2372 3893 2589 3964 βλέπειν
2639 3891 2796 3960 ἡμῶν
2829 3889 3056 3943 ἕκαστον
3086 3888 3176 3940 τὸν
3214 3885 3503 3953 ἀφεύκτως
3540 3882 3664 3948 μέλ-

2091 3986 2251 4039 λοντα
2283 3981 2694 4054 καταλήψεσθαι
2721 3983 2972 4046 θάνατον,
2996 3982 3082 4034 ἵνα
3105 3980 3192 4032 διὰ
3222 3979 3319 4048 τῆς
3347 3975 3508 4030 αὑτοῦ
3535 3976 3662 4038 θέας

2095 4076 2419 4146 ἐναγώμεθα
2467 4074 2603 4144 πρὸς
2648 4073 2936 4150 μετάνοιαν
2971 4073 3064 4123 διοιί⁵
3111 4070 3344 4140 μελέτην
3381 4067 3490 4122 τῶν
3527 4070 3667 4136 μετὰ.

2095 4171 2348 4224 θάνατον.
2397 4165 2552 4219 Ἐπεὶ
2579 4166 2636 4219 δὲ
2666 4164 2759 4218 νῦν
2807 4166 2952 4235 ἡμᾶς
2985 4163 3334 4215 παντάπασιν
3363 4160 3667 4228 ἀμετανοὴ-

2093 4279 2215 4324 τους
2245 4261 2450 4324 ζῶντας
2482 4259 2603 4328 ὁρᾷ,
2638 4258 2734 4310 καὶ
2770 4255 3042 4326 μηδεμίαν
3071 4254 3179 4306 τῶν
3213 4252 3509 4322 μελλόντων
3541 4266 3664 4302 ποι-

2095 4353 2361 4420 ουμένους
2423 4349 2714 4421 φροντίδα,
2765 4348 2856 4400 τὸν
2917 4345 3150 4399 θάνατον
3217 4345 3415 4408 ἐπάγει
3481 4342 3667 4410 σχεδὸν

2098 4445 2266 4496 πᾶσιν
2294 4440 2430 4511 όμοῦ
2464 4440 2713 4503 δικαίως,
2764 4439 2839 4509 μὴ
2872 4437 3201 4508 ἀνεχόμενος
3245 4437 3339 4490 ἐπὶ
3367 4433 3522 4504 κακῷ
3569 4433 3667 4501 ζῇν

2096 4536 2247 4604 ἡμᾶς
2278 4534 2372 4587 καὶ
2400 4530 2708 4601 παρατάσει
2739 4529 2837 4598 τῆς
2868 4529 3162 4598 ἁμαρτίας.
3194 4526 3306 4579 Καὶ
3336 4518 3490 4587 οῦτός
3523 4525 3669 4575 ἐστιν

2099 4630 2132 4698 ὴ
2165 4623 2453 4679 τελευταία
2490 4622 2720 4676 ἐνταῦθα
2760 4623 2869 4674 τῶν
2899 4619 3326 4689 ἁμαρτανόντων
3356 4615 3562 4686 πληγὴ,
3595 4615 3668 4678 ὼς

2099 4718 2206 4770 ἀπὺ
2244 4717 2351 4770 τῶν
2379 4712 2769 4783 Αἰγυπτιακῶν
2795 4710 3022 4779 πληγῶν
3049 4708 3425 4778 ἐδιδάχθημεν.

2174 4809 2333 4861 Ἔστι
2376 4806 2554 4859 τοίνυν
2607 4805 2701 4858 καὶ
2751 4804 2860 4857 ἀπὸ
2908 4800 3003 4854 τοῦ
3052 4802 3252 4870 τρόπου
3304 4800 3405 4867 τῆς
3458 4798 3664 4851 ἐνδίκου

2101 4901 2304 4967 ταύτης
2350 4897 2599 4960 παιδείας
2634 4893 2961 4949 καταλαϐεῖν
2998 4894 3148 4964 ἡμᾶς
3184 4894 3307 4944 ὅσον
3349 4893 3671 4961 ἡμάρτομεν

2095 4994 2174 5053 εἰς
2211 4991 2343 5042 Θεόν
2366 5007 2379 5020 ·
2423 4988 2712 5058 ἀνθρώπου
2768 4986 2865 5056 μὲν
2895 4986 3005 5056 γὰρ
3039 4983 3412 5046 παιδεύοντος,
3447 4984 3671 5034 δυνατὸν

2099 5085 2194 5138 καὶ
2219 5087 2384 5154 χωρὶς
2409 5083 2589 5145 αἰτίας
2609 5082 2825 5144 δικαίας
2851 5081 2944 5133 καὶ
2975 5081 3179 5150 μικρᾶς
3203 5079 3476 5150 ἁμαρτίας
3506 5079 3670 5129 ἓνεκα

2103 5177 2345 5246 μεγάλην
2378 5174 2679 5244 ὑποστῆναι
2707 5175 2797 5226 τὸν
2826 5172 3132 5226 πταίσαντα
3151 5171 3424 5242 τιμωρίαν
3455 5169 3543 5222 διὰ
3572 5169 3670 5237 τὴν

2098 5265 2358 5335 ἀκρισίαν
2412 5262 2445 5332 ἢ
2491 5262 2588 5334 τὴν
2631 5263 2898 5332 ἀπήνειαν
2947 5261 3042 5314 τοῦ
3078 5263 3418 5326 κολάζοντος,
3461 5259 3558 5330 τὴν
3613 5258 3669 5311 δέ

2103 5373 2166 5425 γε
2197 5357 2460 5410 ἀνωτάτω
2491 5354 2903 5423 φιλανθρωπίαν
2936 5354 3036 5408 οὐκ
3065 5354 3176 5407 ἔστι
3213 5353 3347 5422 πρὸς
3386 5352 3558 5421 θυμὸν
3590 5369 3674 5406 κι-

2102 5449 2333 5519 νηθῆναι
2390 5448 2663 5511 τοσοῦτον,
2711 5448 2804 5500 καὶ
2844 5447 3069 5516 πληγῶν
3115 5446 3508 5516 θανατηφόρων
3541 5449 3676 5499 ἐπα-

2103 5540 2312 5609 γωγὴν,
2333 5539 2398 5592 ἂν
2426 5538 2500 5608 μὴ
2531 5537 2743 5608 μεγάλα
2768 5538 3125 5607 ἁμάρτοιμεν,
3151 5538 3242 5589 καὶ
3265 5535 3674 5606 ἁμαρτάνοντες

2103 5635 2465 5705 ἀμετανόητοι
2493 5631 2858 5700 διαμένωμεν.
2905 5630 3248 5698 Ἐπιγνῶμεν
3275 5625 3392 5694 οὖν,
3429 5629 3672 5697 ἀδελφοὶ,

2107 5724 2402 5778 κάντεῦθεν
2433 5723 2494 5775 τὸ
2525 5723 2727 5793 πλῆθος
2763 5725 2855 5776 καὶ
2896 5722 2957 5775 τὸ
2999 5722 3226 5791 μέγεθος
3255 5721 3365 5773 τῶν
3392 5719 3676 5792 ἡμετέρων

2109 5816 2543 5889 ἁμαρτημάτων,
2593 5820 2685 5869 καί
2728 5817 3124 5887 ἐπιστραφήτω
3153 5815 3384 5879 ἕκαστος
3420 5812 3528 5868 ἀπὸ
3568 5811 3679 5865 τῶν
