4014 6426
361 447 462 510 493

1651 424 1982 488 liOdlLIA
2020 423 2306 482 XXXIX.

3507 397 3611 459 ίθὶ

366 558 644 630 σαρκικῶν
698 554 864 610 αὑτοῦ
932 549 1328 624 φρονημάτων,
1390 546 1484 599 καὶ
1549 540 1977 612 ἐπιστρεψάτωλ

2084 540 2264 598 nimo,
2313 542 2366 588 et
2413 540 2726 586 avertamur
2777 544 2805 582 a
2848 527 3028 598 pravis
3083 523 3348 579 moribus.
3410 533 3437 572 a
3477 533 3611 572 con-

364 655 499 724 πρὸς
534 652 757 721 Κύριον.
803 647 1246 714 Μετανοήσωμεν
1289 641 1352 692 ἐκ
1389 637 1591 708 ψυχῆς,
1625 635 1787 704 220
1833 649 1934 702 μεο

364 745 724 814 ταστήσωμεν
762 741 910 812 ἡμᾶς
959 737 1157 796 αὖτοὺς
1198 732 1304 787 ἀπὸ
1349 731 1447 799 τῆς
1488 728 1729 796 πονηρᾶς
1772 741 1937 794 συνη‹

365 837 519 898 θείας
558 835 651 888 καὶ
679 835 775 902 τῆς
803 829 1294 901 φιλαμαρτήμονος
1323 820 1569 890 γνώμης,
1597 819 1684 871 ἵνα
1731 817 1942 887 στήσω-

371 945 472 998 μεν
501 925 599 996 τὴν
623 926 772 978 θείαν
803 922 992 992 ὀργὴν,
1018 921 1112 972 καὶ
1143 919 1278 989 πρὸς
1304 916 1452 968 ἔλεον
1483 910 1939 982 μεταστήσωμεν.

381 1017 783 1088 Ἰατρεύσωμεν
821 1014 922 1086 τὴν
975 1011 1255 1082 ἡμετέραν
1306 1005 1528 1070 κακίαν,
1573 1003 1648 1074 μὴ
1694 1001 1799 1055 ὑπὸ
1841 999 1944 1068 τῆς

372 1109 570 1173 κακίας
617 1107 1000 1176 ἀναλωθῶμεν.
1051 1097 1440 1172 Μιμησώμεθα
1473 1098 1548 1167 μὴ
1594 1097 1718 1158 τοὺς
1771 1094 1828 1146 ἐν
1869 1090 1946 1160 τῷ

375 1199 752 1268 κατακλυσμῷ
780 1195 1204 1266 διαφθαρέντας,
1247 1191 1383 1245 ἀλλὰ
1416 1189 1543 1252 τοὺς
1573 1189 1630 1239 ἐν
1661 1189 1728 1257 τῇ
1759 1182 1948 1239 Νινευῖ

375 1293 440 1362 τῇ
483 1289 815 1360 μεταμελείᾳ
840 1284 1242 1362 διασωθένταςο
1272 1283 1473 1334 ἐκεῖνοι
1523 1279 1600 1348 μὴ
1637 1277 1857 1346 ἔχοντες
1886 1277 1951 1328 ἐκ

380 1382 590 1436 πολλῶν
617 1377 1036 1447 ὑποδειγμάτων
1079 1375 1284 1428 ἐννοεῖν
1322 1369 1628 1442 τηνικαῦτα
1672 1368 1770 1438 τὴν
1801 1367 1952 1421 θείαν

381 1471 574 1540 φιλανθ
586 1469 818 1541 ρωπίαν,
851 1470 1000 1538 ὅμως
1027 1467 1332 1534 ἀνεόόησαν
1357 1464 1496 1532 πρὸς
1522 1463 1613 1514 τδν
1644 1459 1776 1514 Θεὸν
1801 1461 1956 1512 ἐκτε-

381 1564 511 1626 νῶς,
547 1563 642 1615 καὶ
686 1559 1036 1630 ἀπέστρεψεν
1072 1559 1307 1620 ἕκαστος
1338 1555 1444 1609 ἀπὸ
1487 1555 1584 1625 τῆς
1619 1551 1738 1608 ὁδοῦ
1789 1550 1955 1605 αὐτοῦ

381 1655 483 1732 τῆς
511 1653 776 1724 πονηρᾶς,
826 1651 922 1704 καὶ
967 1649 1075 1704 ἀπὺ
1107 1648 1208 1718 τῆς
1258 1646 1474 1709 ἀδικίας
1518 1645 1618 1714 τῆς
1664 1646 1724 1697 ἐν
1770 1640 1957 1714 χερσὶν

386 1745 572 1811 αὑτοῦ,
599 1745 850 1813 λέγοντες
876 1759 891 1776 ο
929 1761 950 1795 ι
985 1742 1084 1806 Τίς
1118 1738 1262 1794 οἶδεν
1294 1739 1343 1792 εί
1379 1736 1702 1808 μετανοήσει
1744 1733 1773 1788 6
1805 1733 1958 1796 Θεδς,

389 1840 483 1894 καὶ
524 1837 860 1908 ἀποστρέψει
903 1835 964 1902 ἐξ
993 1834 1167 1905 ὀργῆς
1199 1833 1374 1903 θυμοῦ
1419 1830 1607 1893 αὐτοῦ,
1647 1827 1741 1882 καὶ
1785 1829 1846 1880 οὐ
1880 1827 1959 1897 μὴ

2041 632 2266 687 scientia
2316 627 2585 683 scelerum
2646 621 3100 680 cumnlatissima,

3183 629 3241 669 ut
3305 615 3441 667 iram
3516 611 3613 666 Dei
3683 599 3690 608 ’

2044 721 2307 776 sistamus
2341 723 2395 771 et
2421 715 2487 769 ad
2525 712 2954 768 misericordiam
2978 709 3338 764 adducamus.
3360 700 3612 758 Nostram

2047 827 2307 869 sanemus
2341 807 2624 872 malitiam,
2666 821 2732 859 ne
2771 803 2976 858 malitia
3009 814 3322 872 pereamus.
3355 798 3510 852 Absit
3555 805 3618 850 ut

2050 906 2331 960 imitemur
2385 915 2480 955 eos
2528 898 2620 968 qui
2670 898 2725 950 in
2773 895 2978 950 diluvio
3013 893 3357 957 interierunt,
3395 891 3489 946 sed
3521 905 3619 944 eos

2047 998 2141 1067 qui
2179 997 2231 1050 in
2265 994 2462 1048 Ninive
2496 990 2817 1063 paenitentia
2849 987 3043 1043 salvati
3077 985 3337 1049 fuerunt;
3390 985 3442 1036 bi
3472 982 3618 1061 enim

2048 1087 2151 1143 etsi
2179 1088 2468 1155 nequirent
2519 1099 2585 1138 ex
2634 1081 2882 1150 pluribus
2917 1076 3180 1146 exemplis
3212 1074 3449 1128 divinam
3501 1087 3624 1142 spe-

2050 1193 2174 1233 rare
2209 1175 2556 1231 clementiam
2582 1213 2596 1238 ,
2649 1171 3028 1225 clamaverth
3069 1176 3254 1222 tamen
3309 1163 3526 1218 assidue
3557 1161 3625 1216 ad

2056 1268 2374 1331 Dominum,
2408 1278 2462 1320 et
2491 1263 2820 1332 semetipsos
2852 1259 3054 1332 singuli
3091 1262 3411 1311 averterunt
3459 1268 3488 1306 a
3540 1254 3628 1306 via

2056 1377 2154 1417 sua
2193 1360 2358 1424 mala,
2410 1365 2466 1414 et
2521 1357 2588 1412 ab
2640 1354 2935 1424 iniquitate
2967 1363 3229 1406 manuum
3262 1361 3511 1410 suarum,
3542 1343 3630 1397 di-

2054 1463 2243 1510 centes
2269 1471 2281 1507 :
2312 1472 2330 1505 ι
2356 1451 2489 1518 Quis
2524 1450 2630 1506 scit
2649 1443 2700 1504 si
2723 1453 3078 1503 convertatur
3103 1451 3156 1499 et
3180 1442 3426 1514 ignoscat
3453 1439 3628 1506 Deus;

2057 1555 2113 1601 et
2164 1551 2474 1599 revertatur
2524 1558 2554 1596 a
2609 1539 2796 1596 furore
2848 1539 2943 1592 ira:
2988 1551 3122 1601 suae,
3175 1544 3230 1591 et
3277 1549 3384 1588 non
3437 1532 3635 1602 peribi-
3726 1564 3733 1570 -

2061 1648 2185 1689 mus
2213 1634 2278 1690 ".
2319 1651 2338 1685 ι
2378 1631 2490 1688 Nos
2523 1645 2655 1687 vero
2690 1647 2756 1686 ex
2789 1629 2978 1684 multis
3028 1627 3150 1683 aliis
3190 1635 3356 1697 atque
3401 1639 3468 1680 ex
3503 1626 3636 1695 ipsis

2061 1725 2318 1780 novimus
2375 1725 2685 1796 quoniam:
2731 1743 2750 1776 ι
2785 1721 2936 1778 Vidit
2987 1721 3134 1776 Deus
3185 1736 3353 1793 opera
3405 1706 3634 1785 eorum,

2063 1820 2194 1890 quia
2225 1820 2476 1875 conversi
2507 1827 2638 1874 sunt
2672 1818 2740 1872 de
2770 1818 2858 1871 via
2906 1831 3008 1872 sua
3053 1817 3197 1871 mala
3225 1833 3238 1881 ;
3290 1824 3345 1870 et
3377 1815 3640 1870 misertus

388 1904 754 2002 ἀπολώμεθας
782 1904 813 1981 ἰ
854 1904 1048 1997 Ἡμεῖς
1077 1904 1143 1980 ἐκ
1174 1924 1387 1979 πολλῶν
1417 1941 1477 1976 τε
1501 1922 1678 1978 ἄλλων
1709 1920 1960 1990 ἔγνωμεν

2084 1917 2150 1964 est
2180 1924 2348 1978 super
2380 1909 2648 1963 malitiam
2685 1923 2848 1978 quam
2882 1907 3097 1962 locutus
3134 1905 3312 1962 fuerat
3343 1915 3404 1960 ut
3434 1905 3642 1961 faceret

390 2024 483 2076 καὶ
511 2023 570 2088 ἐξ
602 2023 836 2076 ἐκείνων,
855 2018 1036 2072 αὐτῶν
1060 2018 1147 2071 ὅτι
1172 2033 1189 2050 ·
1239 2035 1258 2069 ι
1299 2011 1450 2069 Εἷδεν
1485 2015 1514 2068 6
1543 2013 1678 2076 Θεὸς
1713 2014 1783 2066 τά
1823 2013 1962 2083 ἔργα

391 2113 592 2179 αὐτῶν,
635 2115 718 2166 ὅτι
755 2111 1087 2182 μετενόησαν
1130 2109 1225 2162 καὶ
1260 2106 1628 2179 ἐπέστρεψαν,
1673 2105 1768 2158 καὶ
1804 2120 1964 2174 μετε-

391 2207 553 2275 νόησε
591 2205 687 2258 καὶ
733 2205 894 2266 αὐτὸς
939 2204 1033 2255 ἐπὶ
1076 2203 1192 2264 τοῖς
1229 2202 1422 2263 κακοῖς
1471 2193 1556 2261 οἷς
1590 2197 1820 2266 ἐλάλησε
1867 2194 1963 2249 τοῦ

396 2299 621 2366 ποιῆσαι
647 2295 851 2360 αὗτοῖς,
882 2295 978 2347 καὶ
1007 2293 1109 2346 οὐκ
1141 2291 1416 2363 ἐποίησεν.
1455 2309 1474 2343 ι
1527 2289 1669 2344 Ἀλλ’
1716 2291 1835 2342 ἐκεῖ
1867 2287 1968 2358 μὲν

406 2388 591 2450 Ἰωνᾶς
629 2387 697 2458 ἦν
721 2390 748 2440 ό
786 2387 1074 2458 κηρύττων
1103 2386 1198 2440 καὶ
1225 2383 1465 2439 ἀπειλῶν
1490 2399 1504 2414 ·
1538 2384 1633 2438 καὶ
1658 2382 1718 2436 τδ
1758 2379 1964 2454 μεῖζον,

393 2480 478 2532 δτι
507 2479 641 2549 μηδέ
670 2481 807 2550 πρὸς
842 2480 1131 2548 μετάνοιαν
1157 2477 1353 2542 ἕλκων,
1386 2475 1522 2546 μηδέ
1557 2475 1967 2544 ἐπαγγελλόμε-

397 2563 488 2631 νος
518 2568 616 2639 τὴν
640 2568 1008 2637 συμπάθειαν.
1045 2567 1230 2628 Ἰωνᾶς
1267 2568 1294 2618 6
1342 2563 1590 2627 καταϐὰς
1625 2564 1706 2626 εἰς
1749 2561 1972 2632 Ἰόππην

399 2660 459 2724 ἐξ
499 2659 780 2725 Ἰουδαίας,
813 2660 908 2712 καὶ
957 2657 1065 2711 ἀπὸ
1095 2657 1299 2726 ταύτης
1332 2657 1414 2719 εἰς
1443 2654 1535 2708 τὸν
1570 2653 1671 2723 τῆς
1698 2651 1973 2720 θαλάσσης

402 2753 665 2823 βρασμὸν,
707 2754 766 2805 ἐν
807 2745 850 2818 ᾧ
877 2750 1212 2813 καταποθεὶς
1243 2748 1348 2802 ὑπὸ
1395 2748 1620 2818 κήτους,
1672 2745 1976 2815 τριήμερος

403 2844 621 2915 ἐξεδόθη
657 2844 795 2915 πρὸς
848 2843 948 2913 τὴν
977 2839 1166 2895 Νινευῒ
1201 2843 1296 2895 καὶ
1347 2840 1637 2908 ἐκήρυττε.
1695 2837 1867 2889 Πόσον
1911 2834 1976 2904 δὴ

402 2936 587 2988 πλεῖον
623 2935 779 2989 Ἰωνᾶ
803 2928 938 3000 ὦδε;
967 2932 1140 2995 Αὐτὸς
1171 2932 1276 3002 γὰρ
1305 2933 1332 2984 ὁ
1365 2929 1458 2983 τοῦ
1485 2928 1623 2982 Θεοῦ
1651 2927 1979 2997 προαιώνιςς

404 3030 600 3096 Λόγος,
633 3021 695 3080 οὗ
725 3026 896 3089 τύπος
943 3024 1126 3086 Ἰωνᾶς
1163 3019 1254 3095 ἦν,
1285 3025 1347 3076 ἐκ
1368 3021 1474 3075 τῶν
1505 3018 1752 3092 οὐρανῶν
1780 3019 1981 3089 κατῆλ-

406 3121 521 3183 θεν,
555 3121 631 3183 ὡς
672 3122 877 3182 ἐκεῖνος
926 3120 1005 3181 είς
1059 3118 1310 3187 Ἰόππην,
1363 3109 1518 3177 οὗτος
1569 3115 1650 3177 είς
1693 3113 1836 3183 γῆν
1886 3113 1982 3164 καὶ

2064 1996 2168 2063 eis,
2202 2005 2256 2051 et
2287 2013 2392 2051 non
2422 1995 2559 2052 fecit
2587 1997 2653 2052 ³⁸.
2691 2014 2710 2048 ι
2770 1996 2846 2052 lbi
2880 1997 3101 2066 quidem
3156 2007 3275 2050 erat
3327 1993 3495 2050 Jonas
3538 1996 3644 2049 mi.

2067 2103 2207 2144 nans
2237 2097 2292 2144 et
2322 2089 2662 2158 praedicans;
2697 2089 2811 2144 imo
2849 2103 3198 2158 nequaquam
3251 2088 3318 2142 ad
3372 2088 3644 2157 poeniten-

2069 2181 2202 2235 tiam
2258 2183 2508 2246 trahens,
2559 2197 2738 2251 neque
2793 2181 3229 2236 misericordiam
3289 2181 3641 2250 promittens.

2068 2271 2238 2329 Jonas
2276 2273 2616 2329 descendens
2668 2290 2696 2329 a
2748 2272 2932 2330 Judaea
2964 2276 3018 2329 in
3068 2274 3258 2346 Joppe,
3316 2275 3444 2330 inde
3477 2277 3645 2330 maris

2070 2365 2315 2434 procella
2367 2365 2606 2435 jactatus
2640 2375 2691 2420 et
2721 2380 2752 2420 a
2794 2376 2913 2422 cete
2949 2368 3002 2421 in
3045 2381 3110 2422 eo
3162 2367 3479 2430 devoratus,
3529 2378 3651 2438 post

2074 2449 2184 2514 trbs
2211 2458 2327 2514 dies
2361 2460 2426 2512 ad
2462 2457 2712 2513 Ninivem
2743 2459 2850 2514 luci
2889 2461 3137 2517 redditus
3159 2501 3172 2523 ,
3207 2474 3260 2516 et
3292 2461 3645 2532 praedicabat.
3699 2509 3704 2512 .

2074 2549 2181 2605 Sed
2239 2561 2444 2620 quanto
2498 2553 2675 2622 majus
2748 2551 2887 2607 Jona
2957 2563 3040 2608 est
3099 2554 3188 2609 hic
3223 2555 3240 2607 l
3279 2555 3458 2623 Ipsum
3503 2553 3649 2608 enim

2076 2651 2346 2697 aeternum
2381 2643 2475 2698 Dei
2509 2643 2772 2709 Verbum,
2816 2645 2973 2715 cujus
3023 2646 3194 2715 figura
3241 2656 3356 2701 erat
3385 2645 3576 2713 Jonas,
3623 2664 3655 2703 e

2079 2734 2235 2790 cretis
2266 2735 2574 2801 descendit,
2608 2736 2755 2791 sicut
2791 2737 2883 2792 ille
2915 2737 2970 2790 in
3022 2735 3254 2808 Joppen,
3313 2739 3403 2793 hic
3440 2735 3516 2792 in'
3545 2748 3655 2794 ter-

2083 2839 2235 2892 ram;
2270 2835 2323 2881 et
2354 2828 2760 2884 tentationibns
2799 2811 3189 2899 doloribusque
3222 2831 3472 2893 traditus,
3509 2831 3659 2886 velut

2081 2921 2172 2976 ille
2202 2920 2481 2986 fluctibus,
2518 2938 2613 2992 per
2654 2931 2888 2978 mortem
2943 2923 3229 2979 descendit
3282 2924 3335 2978 in
3384 2924 3655 2979 inferiora

2069 3025 2279 3096 terrae;
2319 3019 2385 3072 ab
2417 3018 2655 3083 inferno,
2690 3027 2748 3071 ut
2791 3018 2878 3073 ille
2915 3028 3034 3073 cete
3081 3018 3400 3086 devoratus,
3439 3029 3495 3073 et
3529 3027 3656 3090 post

2085 3117 2200 3166 tres
2235 3110 2351 3166 dies
2381 3111 2507 3166 inde
2538 3127 2835 3182 resurgens
2883 3111 3282 3182 pmnitentibus
3329 3113 3550 3168 coeleste
3577 3129 3664 3168 re-

406 3215 519 3275 τοῖς
556 3213 884 3282 πειρασμοῖς
913 3212 1007 3263 καὶ
1036 3211 1148 3272 τοῖς
1173 3208 1406 3262 πάθεσιν
1442 3206 1703 3281 ἐκδοθεὶς,
1741 3205 1816 3268 ὡς
1844 3205 1977 3257 ἐκεῖ·

2089 3220 2254 3274 gnum
2283 3204 2559 3273 promisit,
2585 3213 2639 3259 et
2668 3219 2832 3273 opera
2857 3206 3192 3274 pcenitentiae
3220 3206 3375 3260 nobis
3400 3206 3662 3261 onmibus

407 3323 497 3368 νος
525 3307 640 3369 τοῖς
688 3305 919 3374 κύμασι,
951 3304 1039 3358 διὰ
1081 3303 1177 3357 τοῦ
1213 3302 1446 3356 θανάτου
1489 3300 1760 3371 κατῆλθεν
1799 3300 1880 3361 εἰς
1911 3297 1978 3350 τὰ

409 3396 697 3449 κατώτατα
729 3396 910 3466 πάσης
938 3393 1037 3464 τῆς
1068 3395 1170 3465 γῆς
1200 3393 1303 3446 ὑπὸ
1335 3390 1429 3446 τοῦ
1464 3391 1613 3463 ᾇδου,
1663 3389 1738 3454 ὡς
1771 3389 1980 3450 ἐκεῖνος

2087 3297 2387 3367 explanans
2418 3297 2753 3368 praedicavit,
2778 3299 2980 3370 quibus
3007 3299 3248 3370 rejectis,
3280 3299 3427 3370 juste
3454 3301 3666 3357 acerba:

2089 3388 2250 3442 morti
2284 3389 2465 3444 traditi
2497 3405 2709 3445 sumus.

409 3488 516 3542 ὑπὸ
546 3489 638 3542 τοῦ
669 3490 870 3560 κήτους
895 3486 1246 3554 καταποθεὶς,
1272 3487 1369 3540 καὶ
1415 3487 1717 3556 τριήμερος
1736 3483 1981 3544 ἀναστὰς
2019 3482 2226 3536 ἐκεῖθεν
2261 3485 2376 3546 τοῖς
2408 3483 2764 3554 μετανοοῦσιν
2808 3485 3059 3556 οὐράνιον
3131 3489 3498 3559 ἐπηγγείλατο
3564 3491 3665 3560 βα-

413 3583 637 3649 σιλείαν,
689 3583 786 3636 καὶ
832 3582 902 3634 τὰ
951 3581 1052 3650 τῆς
1097 3581 1385 3650 μετανοίας
1436 3579 1573 3650 ἔργα
1627 3580 1796 3633 πᾶσιν
1851 3570 1986 3648 ἡμῖν
2048 3577 2378 3649 διετράνωσε
2427 3581 2522 3631 καὶ
2576 3579 2864 3649 ἐκήρυξεν,
2933 3581 3078 3651 ειπερ
3127 3581 3446 3647 ἀθετοῦντες
3478 3584 3668 3668 ἡμεῖς,

408 3677 635 3738 δικαίως
663 3675 742 3746 τῷ
770 3671 995 3745 χαλεπῷ
1029 3671 1248 3743 θανάτῳ
1279 3671 1711 3744 παραδιδόμεθα.

483 3772 730 3827 Χαλεπὸν
758 3773 856 3841 μὲν
885 3768 978 3825 οὖν
1011 3771 1038 3823 6
1070 3769 1318 3834 θάνατος,
1352 3767 1785 3840 προσγινόμενός
1809 3785 1868 3822 τε
1896 3769 1990 3823 καὶ

412 3868 885 3940 προσδοκώμενος,
938 3867 1072 3920 ἀλλὰ
1104 3866 1166 3919 τὸ
1211 3864 1320 3918 ἀπὸ
1348 3863 1457 3918 τῶν
1490 3863 1777 3934 ἁμαρτιῶν
1830 3861 1990 3932 ήμῶν

419 3959 494 4029 μὴ
525 3956 848 4027 ἐπιστρέψαι
897 3955 1074 4026 πολλῷ
1117 3954 1537 4026 χαλεπώτερονο
1592 3953 1832 4007 ἐνταῦθα
1879 3954 1985 4024 γὰρ

416 4049 570 4114 αὖξει
599 4049 696 4121 τὴν
726 4049 1023 4119 τιμωρίαν,
1052 4052 1145 4102 καὶ
1179 4048 1317 4118 μετὰ
1349 4046 1520 4100 ταῦτα
1551 4048 1662 4110 τοῖς
1692 4044 1988 4116 ἀτελευτή-

417 4159 531 4205 τοις
558 4143 920 4212 παραπέμπει
957 4141 1357 4210 κολαστηρίοις,
1404 4134 1480 4192 ὧν
1507 4139 1582 4209 μὴ
1611 4137 1822 4206 γένοιτό
1867 4152 1991 4190 τινα

420 4238 614 4306 πεῖραν
642 4234 797 4304 ἡμῶν
821 4233 1029 4287 λαϐεῖν.
1059 4235 1119 4285 El
1146 4234 1252 4302 γὰρ
1281 4232 1344 4284 τὰ
1369 4229 1601 4284 ἐνταῦθα
1627 4231 1776 4284 δεινὰ
1805 4227 1994 4284 δοκοῦ-

423 4344 510 4382 σιν
544 4329 812 4399 ἀφόρητα,
850 4326 1238 4397 παρερχόμενα
1286 4325 1434 4391 ὄντα,
1468 4326 1562 4379 καὶ
1597 4323 1690 4378 τοῦ
1744 4323 1996 4394 σώματος

427 4423 588 4492 μόνον
613 4422 914 4492 ἁπτόμενα,
945 4419 1068 4472 τίνα
1097 4420 1303 4482 ἐκεῖνα,
1349 4417 1385 4472 ἃ
1418 4419 1558 4488 μετὰ
1599 4418 1694 4470 τοῦ
1743 4418 1998 4488 σώματος

425 4509 646 4574 κολάζει
677 4512 770 4563 καὶ
812 4509 910 4579 τὴν
937 4507 1136 4578 ψυχὴν,
1187 4510 1280 4561 καὶ
1320 4509 1648 4577 προσδοκίαν
1680 4509 2001 4579 ἀπαλλαγῆς

426 4603 527 4654 οὐκ
547 4601 658 4672 ἔχει
683 4601 976 4666 ούδέποτε;
1011 4600 1154 4654 Ἀλλ’
1176 4601 1339 4670 ἡμεῖς
1373 4602 1815 4670 μετανοήσωμεν,
1849 4602 2004 4655 ἀδελ-

429 4693 538 4762 φοὶ,
585 4695 678 4746 καὶ
725 4691 1148 4763 ἐπιστρέψωμεν
1177 4692 1325 4762 ἔργῳ
1359 4694 1456 4746 καὶ
1491 4693 1634 4763 λόγῳ
1677 4695 1776 4762 τὴν
1840 4695 2006 4763 μετά-

429 4803 581 4838 νοιαν
642 4783 1076 4854 ἐνδεικνύμενον
1131 4785 1227 4838 καὶ
1289 4784 1692 4855 προσπέσωμεν
1749 4783 1824 4854 τῷ
1887 4785 2007 4854 Θεῷ

434 4878 572 4946 μετά
605 4875 1078 4946 συντετριμμένης
1108 4875 1336 4947 καρδίας
1365 4875 1502 4944 πρὸς
1528 4876 1691 4929 αὐτὸν
1719 4876 2003 4944 λέγοντες’

430 4967 629 5037 Κύριε,
673 4967 750 5038 μὴ
797 4968 874 5038 τῷ
923 4967 1078 5037 θυμῷ
1115 4985 1208 5020 σου
1261 4966 1484 5038 ἐλέγξῃς
1523 4969 1693 5037 ἡμᾶς,
1755 4969 1889 5037 μηδὲ
1938 4970 2005 5040 τῇ

433 5065 570 5134 ὀργῇ
596 5080 688 5116 σου
719 5061 1019 5134 παιδεύσῃς
1053 5063 1236 5131 ἡμᾶς’
1271 5062 1408 5114 ἀλλὰ
1436 5061 1663 5133 ποίησον
1695 5061 1815 5132 μεθ’
1845 5061 2004 5132 ἡμῶν

435 5157 578 5209 κατὰ
612 5157 671 5207 τὸ
705 5155 852 5217 ἔλεός
897 5171 1011 5208 σου.
1056 5154 1254 5224 Ἐγγύς
1289 5155 1434 5206 ἐστιν
1469 5147 1622 5216 οὗτος
1655 5156 1764 5216 τοῖς
1811 5155 2003 5208 ἐπικα-

433 5247 736 5317 λουμένοις,
771 5245 973 5315 ἐὰνμὴ
1011 5247 1123 5309 τοῖς
1170 5247 1398 5315 στόμασι
1431 5250 1612 5316 μόνον,
1651 5246 1786 5300 ἀλλὰ
1816 5247 1906 5300 καὶ
1940 5250 2002 5318 τῇ

436 5337 647 5408 διανοίᾳ
699 5337 886 5406 βοῶσι,
916 5338 1027 5397 τοῖς
1080 5337 1260 5405 ἔργοις
1291 5338 1383 5389 καὶ
1425 5339 1532 5400 τοῖς
1579 5339 2005 5409 ἐπιτηδεύμασιν

438 5429 618 5482 αὐτῶν
649 5428 784 5498 πρὸς
834 5428 996 5481 αὐτόν
1049 5428 1492 5499 ἐπιστρέφοντες.
1539 5447 1558 5480 ε
1611 5429 2008 5500 Ἐπιστρέψατε

440 5521 546 5588 γὰρ
580 5521 714 5589 πρός
748 5536 838 5585 με,
875 5521 968 5572 καὶ
1013 5521 1494 5589 ἐπιστραφήσομαι
1533 5521 1666 5589 πρὸς
1707 5520 1872 5589 ὑμᾶς,
1923 5521 2009 5572 λέ-

441 5628 527 5678 γει
556 5609 780 5680 Κύριος,
808 5614 901 5662 καὶ
935 5610 1043 5661 τῶν
1093 5610 1338 5680 ἀνομιῶν
1379 5610 1533 5679 ὑμῶν
1563 5611 1624 5663 οὐ
1658 5612 1744 5680 ,μὴ
1785 5612 1960 5681 μνησο
1975 5613 2010 5663 .7)

444 5699 544 5752 ἔτι.
584 5717 602 5750 ι
645 5699 768 5751 Ἐὰν
806 5699 1023 5760 πάντως
1053 5701 1212 5770 ἡμεῖς
1243 5699 1470 5765 ταύτας,
1517 5701 1548 5771 ἢ
1595 5701 2012 5770 ἀνεπιστρόερως

2090 3775 2116 3842 χ
2172 3767 2385 3823 Acerba
2414 3782 2634 3839 quidem
2673 3783 2841 3835 mors,
2881 3767 2993 3822 sive
3025 3769 3398 3837 superveniat,
3425 3772 3539 3828 sive
3569 3789 3668 3828 ex-

2097 3865 2414 3926 Spectetur;
2465 3859 2558 3914 sed
2613 3859 2785 3914 multo
2837 3857 3016 3914 adhuc
3055 3860 3306 3914 acerbius
3355 3878 3385 3915 a
3428 3865 3668 3932 peccatis

2096 3952 2306 4004 nostris
2351 3966 2464 4005 non
2517 3953 2730 4018 averti;
2785 3952 2913 4016 inde
2959 3951 3102 4010 enim
3150 3955 3443 4026 augebitur
3483 3972 3669 4024 pruna,

2097 4050 2151 4097 et
2186 4051 2376 4111 postea
2408 4045 2690 4113 perpetuis
2736 4047 3015 4100 trademur
3055 4050 3361 4118 suppliciis,
3397 4051 3672 4123 quaeratis

2098 4146 2222 4185 nam
2262 4147 2420 4188 nemo
2456 4149 2521 4189 ex
2574 4135 2734 4189 nobis
2784 4138 3118 4206 experientia
3159 4153 3451 4211 cegnoseat
3490 4146 3674 4202 lNam

2101 4226 2148 4280 si
2203 4227 2346 4280 mala
2405 4229 2698 4297 praesentia
2770 4230 3028 4286 videntur
3081 4233 3488 4303 intolerabilia,
3552 4242 3676 4298 licet

2105 4325 2408 4384 transeant,
2441 4328 2496 4374 et
2543 4335 2651 4374 non
2704 4319 2807 4375 nisi
2855 4337 3060 4392 corpus
3109 4324 3370 4393 alliciant,
3420 4330 3550 4398 quid
3585 4306 3677 4386 illa

2109 4425 2230 4479 quae
2261 4426 2383 4464 cum
2414 4426 2644 4480 corpore
2677 4413 2916 4468 animam
2950 4417 3220 4481 cruciant,
3252 4432 3352 4472 nec
3383 4421 3549 4475 ullam
3583 4423 3680 4477 ba-

2111 4500 2242 4556 bent
2298 4518 2448 4572 spem
2503 4504 2885 4559 liberationis?
2930 4504 3039 4562 Nos
3068 4507 3236 4578 igitur
3276 4513 3678 4581 pmttiteamus,

2111 4594 2334 4660 fratres,
2375 4606 2429 4649 ct
2472 4607 2865 4652 convertamur
2913 4600 3082 4654 verbo
3133 4611 3186 4656 et
3219 4617 3382 4672 opere
3417 4607 3684 4674 poeniten-

2104 4687 2233 4741 tiam
2267 4688 2633 4752 exhibentes;
2688 4703 2741 4745 et
2786 4693 3139 4761 procidamus
3173 4704 3298 4748 ante
3345 4695 3514 4751 Deum
3555 4715 3680 4753 cum

2103 4780 2344 4834 contrito
2403 4781 2568 4837 corde
2614 4783 2902 4839 dicentes:
2951 4803 2970 4836 ι
3011 4785 3256 4850 Domine,
3291 4802 3360 4842 ne
3392 4789 3445 4842 in
3498 4789 3685 4846 furore

2107 4880 2201 4924 tuo
2226 4886 2422 4940 arguas
2445 4888 2550 4939 me,
2579 4889 2752 4944 neque
2782 4875 2835 4929 in
2877 4877 2954 4930 ira
2987 4883 3077 4932 tua
3114 4879 3384 4949 corripias
3408 4896 3494 4935 me
3520 4881 3610 4948 '3‘;
3659 4901 3681 4936 ι

2108 4962 2202 5016 sed
2248 4962 2330 5016 fac
2370 4964 2661 5018 uobiscum
2697 4968 3004 5021 secundum
3043 4968 3478 5025 miscricordiam
3513 4981 3683 5027 tuam.

2115 5054 2286 5124 Prope
2317 5065 2401 5110 est
2436 5057 2696 5112 Dominus
2728 5059 3134 5127 invocantibus,
3169 5063 3272 5117 nisi
3305 5077 3401 5117 ore
3437 5071 3643 5116 tantum
3669 5105 3685 5129 ,

2118 5163 2222 5201 non
2271 5157 2453 5202 autem
2507 5152 2676 5205 corde
2723 5153 2982 5218 clament,
3045 5157 3301 5224 operibus
3346 5165 3398 5210 et
3437 5157 3687 5210 moribus

2116 5239 2230 5293 suis
2258 5240 2321 5294 ad
2355 5255 2480 5295 eum
2515 5244 2792 5298 conversi.
2821 5243 2981 5311 Nam,
3013 5265 3031 5297 ι
3061 5247 3450 5302 Couvertimini
3481 5248 3545 5301 ad
3576 5262 3682 5311 me,

2115 5341 2168 5386 et
2197 5345 2488 5390 convertar
2517 5337 2582 5390 ad
2614 5353 2732 5402 vos,
2764 5338 2897 5391 dicit
2927 5339 3211 5405 Doniinus,
3258 5349 3312 5394 et
3334 5340 3685 5410 iniquitatum

2119 5437 2425 5483 vestrarum
2464 5446 2676 5485 memor
2707 5433 2948 5501 amplius
2984 5450 3089 5488 non
3121 5452 3216 5488 ero
3244 5435 3311 5490 ⁸⁸.
3339 5453 3357 5485 ›
3397 5436 3454 5490 Si
3487 5451 3585 5489 nos
3609 5435 3691 5489 vel

2118 5535 2212 5574 eas
2245 5521 2472 5578 omnino
2509 5523 2562 5576 in
2617 5535 2941 5602 perpetuum
2993 5526 3286 5598 fugiamus,
3320 5527 3404 5581 vel
3431 5543 3528 5596 per
3558 5541 3692 5580 con-
3723 5573 3725 5575 ,

2120 5609 2418 5667 fessionem
2451 5623 2505 5668 et
2534 5617 2913 5685 ptenitentiam
2943 5619 3201 5688 operibus
3231 5619 3429 5688 quibus
3457 5619 3691 5673 olfensas

2121 5716 2340 5758 nostras
2371 5721 2692 5777 pensemus,
2723 5723 2926 5765 numen
2949 5710 3253 5783 placemus,
3286 5724 3381 5781 per
3412 5709 3693 5768 efficacem

518 5881 560 5914 ¹⁷
591 5879 741 5935 ιιοιιςε
771 5897 851 5948 ttt,
882 5882 935 5938 9.
1015 5883 1056 5915 ¹⁸
1095 5884 1221 5940 ibid.
1255 5884 1340 5939 IO.
1419 5885 1484 5917 ¹⁸⁶
1516 5882 1659 5940 Psal.
1698 5899 1775 5950 vr,
1829 5882 1884 5940 2.
1963 5885 1977 5916 ¹

2084 5886 2192 5942 tclt.
2235 5903 2286 5956 ι,
2327 5888 2380 5944 5.
