4014 6478
366 476 474 540 ωδ
621 437 627 445 ’
690 514 723 549 ,
1602 472 1988 537 GREGORII
2033 471 2358 533 PALAM/E
3522 480 3629 547 496

368 599 737 654 humilitatem
795 602 1093 669 propitium
1149 599 1448 664 facientes;
1505 606 1584 662 ut,
1638 603 1935 651 susunentt

2050 594 2403 662 ἑκφύγωμεν,
2449 593 2482 664 ἤ
2519 592 2586 646 δι’
2631 593 3043 667 ἐξαγορεύσεως
3074 600 3170 653 καὶ
3210 602 3309 672 τῆς
3334 601 3630 674 δι’,εργων

364 691 459 744 Dei
492 690 804 753 clementia,
835 701 889 746 et
916 691 1166 747 defectus
1199 702 1420 746 nostros
1460 688 1771 758 supplt-nte,
1802 701 1935 739 nunt

2049 686 2337 757 μετανοίας
2386 686 2792 758 ἀντισηκούσης
2845 690 2914 743 τὰ
2958 692 3387 763 παραπτώματα
3445 696 3627 766 ἡμῶν,

365 781 587 850 quidem
619 783 688 835 ab
723 782 825 837 hac
857 782 938 836 ira
968 782 1088 847 Dei,
1122 783 1190 837 ab
1225 780 1614 850 intempestiva
1655 786 1709 832 et
1733 774 1935 831 crudeli

2044 779 2106 831 τὸ
2131 776 2277 831 θεῖον
2302 776 2663 848 ὲξιλεώμεθα,
2694 778 2761 832 δι’
2788 780 3049 852 ἐνεργοῦς
3086 782 3469 849 ταπεινώσεως
3495 788 3630 858 ἡμῖν

362 883 468 929 hac
502 883 678 930 morte
722 884 778 928 et
824 876 993 929 exitio
1040 890 1135 946 per
1187 890 1308 930 eam
1372 871 1681 929 inducendo
1720 868 1935 934 ,exima-

2045 869 2232 932 αὐτοῖς
2263 868 2662 937 εύμενίζοντες,
2693 868 2769 933 ὡς
2796 870 2862 926 ἂν
2888 872 2986 941 τῆς
3016 873 3113 926 τοῦ
3151 873 3288 929 Θεοῦ
3321 876 3633 947 φιλανθρω-

364 982 521 1033 nmr;
560 968 613 1021 in
642 966 833 1021 futuro
883 975 1066 1022 autem
1116 967 1325 1021 saeculo
1360 964 1528 1019 vitam
1572 959 1935 1018 immortalem

2045 960 2178 1024 πίας
2210 962 2574 1031 ἀνεχομένης,
2606 965 2700 1015 καὶ
2735 964 2831 1026 τὰς
2876 964 3148 1037 ἐλλείψεις
3204 968 3632 1041 ἀναπληρούσης

363 1060 708 1114 obtineamus
734 1058 788 1112 in
813 1057 1041 1129 gloriam
1074 1057 1250 1113 solius
1276 1055 1484 1112 datoris
1517 1054 1659 1118 vitae,
1691 1049 1935 1116 Christi;

2043 1052 2228 1125 ἡμῶν,
2259 1053 2356 1107 νῦν
2412 1054 2514 1124 μὲν
2560 1055 2659 1126 τῆς
2702 1055 2853 1122 θείας
2907 1059 3116 1129 ταύτης
3151 1060 3346 1134 όργῆς,
3393 1063 3491 1116 καὶ
3532 1064 3630 1116 τοῦ

363 1165 524 1219 quem
559 1150 718 1204 decet
759 1149 954 1219 gloria,
1015 1147 1306 1214 fortitudo,
1356 1146 1534 1202 honor
1592 1152 1649 1199 et
1690 1140 1935 1198 adoratio

2041 1144 2230 1216 ἀώρου
2260 1146 2358 1200 καὶ
2400 1146 2600 1216 ἀθρόου
2632 1148 2826 1203 τούτου
2857 1149 3116 1218 θανάτου,
3148 1153 3243 1207 καὶ
3281 1154 3380 1225 τῆς
3428 1154 3498 1208 δι’
3529 1154 3631 1209 αὐ-
3694 1214 3708 1233 ,

361 1256 487 1295 cum
513 1248 723 1296 aeterno
757 1239 879 1310 ejus
909 1236 1073 1297 Patre
1108 1248 1165 1295 et
1194 1239 1415 1295 viviﬂco
1444 1236 1678 1308 Spiritu,
1713 1249 1861 1292 nunc
1888 1242 1935 1291 et

2040 1236 2139 1291 τοῦ
2167 1237 2549 1311 πανωλεθρίας
2580 1240 2926 1313 ἀπαλλαγείη
2937 1258 3036 1314 μεν
3059 1258 3074 1274 ⁶
3109 1246 3165 1296 ὲν
3187 1244 3248 1299 δὲ
3274 1246 3353 1316 τῷ
3381 1243 3631 1316 μέλλοντι

362 1347 598 1403 semper,
638 1342 691 1388 et
724 1334 779 1388 in
810 1333 1008 1389 saecula
1037 1333 1387 1389 steeulorum.
1426 1332 1624 1386 Amen.

2043 1329 2200 1385 αἰῶνι
2223 1329 2326 1400 τῆς
2359 1328 2634 1386 ἀθανάτου
2667 1331 2826 1403 22],
2874 1335 3017 1405 ζωῆς
3046 1335 3407 1406 ὲπιτύχοιμεν
3437 1337 3518 1399 είς
3545 1334 3631 1388 δό-

366 1428 462 1492 ξαν
490 1428 583 1482 τοῦ
617 1430 781 1497 μόνου
825 1428 1088 1493 ζωοδότου
1139 1425 1379 1499 Χριστοῦ
1402 1445 1416 1460 ·
1451 1418 1732 1496 πρέπει
1779 1420 1928 1489 δόξα,
1961 1422 2187 1495 κράτος,
2220 1424 2356 1496 τιμὴ
2405 1426 2497 1479 καὶ
2538 1429 2912 1498 προσκύνησις
2940 1430 3037 1484 σὺν
3077 1430 3153 1502 τῷ
3190 1432 3415 1503 ἀνάρχῳ
3459 1432 3628 1488 αὐτοῦ

363 1525 538 1601 ιιατρὶ
594 1524 688 1578 καὶ
715 1523 795 1593 τῷ
831 1523 1082 1595 ζωοποιῷ
1112 1523 1413 1588 Πνεύματι,
1444 1524 1541 1576 νῦν
1568 1523 1660 1576 καὶ
1699 1522 1786 1576 ἀεὶ
1814 1522 1932 1588 καὶ,
1963 1523 2042 1585 είς
2073 1523 2200 1586 τοὺς
2250 1520 2454 1586 αἰῶνας
2485 1522 2594 1578 τῶν
2624 1525 2858 1580 αἰώνων.
2900 1527 3095 1599 Ἀμήν.

932 1636 1220 1692 llOMlLIA
1247 1636 1366 1692 XL.

438 1753 506 1808 In
549 1751 908 1809 venerandum
943 1750 1143 1822 Christi
1191 1764 1570 1822 pra'cursarem
1615 1762 1662 1806 ct
1694 1749 1869 1820 bapti-

919 1832 1059 1875 stam
1092 1820 1124 1876 J
1132 1820 1378 1876 amntem.

436 1915 494 1969 Si
532 1913 771 1983 pretiosa
807 1912 867 1965 in
913 1921 1217 1982 conspectu
1270 1911 1493 1967 Domini
1527 1926 1678 1968 mors
1714 1922 1940 1967 sancto—
1988 1898 1997 1906 ’

2647 1638 2894 1693 OMIAIA
2919 1637 3007 1695 Μ’.

2040 1749 2145 1815 El;-
2179 1750 2291 1805 τόν
2317 1750 2676 1830 πάνσεπτον
2698 1755 2805 1830 τοῦ
2839 1756 3105 1830 Χρισζοῦ
3150 1758 3499 1830 Πρόδρομον
3525 1761 3625 1816 καί

2484 1823 2843 1894 ,βαπτιστήν
2883 1823 3198 1894 Ἰωάννην,

2118 1910 2385 1982 Είτίμιος
2415 1915 2445 1967 ό
2505 1914 2737 1981 θάνατος
2783 1917 2894 1973 τῶν
2949 1919 3137 1986 ὁσίων,
3189 1922 3286 1975 καὶ
3334 1924 3523 1994 μνήμη
3551 1923 3630 1978 δι-

363 2024 485 2063 rum
518 2007 658 2077 ejus,
681 2015 735 2059 et
768 2006 1032 2060 memoria
1062 2004 1198 2072 justi
1252 2019 1378 2060 cum
1414 2005 1694 2071 laudibus,
1731 2012 1935 2073 quanto

2045 2006 2204 2063 καίου
2243 2006 2361 2074 μετ’
2395 2008 2713 2076 ἐγκωμίων,
2752 2011 2905 2081 πόσῳ
2947 2012 3151 2083 μᾶλλον
3178 2016 3327 2084 ἡμᾶς
3351 2017 3627 2072 ποιεῖσθαι

366 2102 539 2172 magis
590 2100 768 2155 facere
814 2097 1080 2152 debemus
1126 2110 1252 2151 cum
1302 2096 1564 2151 laudibus
1611 2096 1934 2151 memoriam

361 2194 559 2249 Joanni
588 2192 787 2247 sunnni
838 2198 1164 2245 sanctorum
1200 2196 1255 2243 et
1279 2186 1559 2258 justorum
1596 2187 1793 2255 apicis,
1838 2186 1936 2256 qui

361 2276 653 2342 exsultavit
695 2291 748 2337 et
781 2280 1087 2353 praecurrit,
1124 2277 1518 2348 praenuntiavit
1546 2275 1791 2332 Verbum
1836 2276 1937 2331 Dei

361 2387 584 2449 propter
609 2390 710 2429 nos
750 2375 1099 2428 incarnatum
1123 2371 1147 2426 ?
1167 2387 1199 2427 a
1236 2387 1345 2442 quo
1374 2379 1430 2426 et
1464 2371 1581 2441 ipse
1605 2370 1936 2438 praedicatum

360 2480 447 2526 est
480 2479 535 2524 et
563 2468 865 2522 aliirmatus
897 2467 1075 2537 major
1110 2465 1369 2520 erunibus
1397 2478 1430 2519 a
1457 2463 1659 2518 saeculo
1691 2462 1935 2533 prophe-

362 2560 432 2613 tis
471 2567 524 2612 et
548 2557 752 2613 sanctis
784 2554 1069 2625 etjustis?
1103 2554 1327 2611 Minime
1348 2555 1495 2610 enim
1529 2555 1659 2624 quia
1686 2555 1827 2611 dicta
1859 2554 1927 2608 tle

359 2668 425 2705 eo
462 2658 724 2720 praestant
746 2648 1005 2704 omnibus
1032 2647 1292 2703 humanis
1324 2648 1704 2711 sermonibus,
1727 2656 1781 2701 et
1807 2645 1935 2716 quia

360 2748 430 2803 ab
471 2747 752 2817 unigenito
790 2744 882 2800 Dei
917 2744 1059 2800 Filio
1089 2743 1470 2801 testimonium
1518 2750 1573 2797 et
1624 2742 1932 2799 mercedem

358 2837 589 2909 accepit,
624 2846 679 2892 et
708 2835 933 2907 proinde
959 2849 1097 2905 opus
1127 2848 1235 2888 non
1267 2833 1430 2888 habet
1456 2841 1651 2889 nostra
1684 2832 1931 2887 retribu-

359 2935 538 2996 tione,
584 2931 706 2987 ideo
740 2930 967 2985 silentes
993 2930 1115 2985 sine
1146 2929 1373 2996 praamio
1417 2942 1733 2983 sermonum
1764 2926 1937 2981 relin~

356 3038 590 3094 quemus
618 3038 744 3077 eum
780 3036 943 3093 quem
980 3017 1266 3091 Scriptura
1295 3020 1515 3075 vocavit
1545 3032 1737 3073 vocem
1762 3014 1934 3071 Verbi

353 3114 650 3175 Altissimi,
685 3114 781 3167 sed
815 3110 1072 3181 quoniam
1113 3110 1219 3166 tale
1243 3123 1445 3164 nomen
1475 3118 1528 3164 et
1555 3107 1933 3163 testimonium

355 3222 386 3261 a
434 3204 660 3260 Christo
693 3203 937 3272 omnium
984 3200 1218 3255 Domino
1249 3200 1482 3270 accepit,
1533 3202 1712 3256 omnis
1747 3201 1932 3272 lingua

354 3294 596 3348 ﬁdelium
629 3266 912 3346 moveafur
944 3289 1013 3345 ad
1063 3291 1345 3363 hymnum,
1381 3266 1648 3360 quantum
1699 3266 1927 3362 poterit,

356 3399 703 3453 nequaquam
734 3393 793 3437 ut
837 3382 1135 3452 quidquam
1192 3382 1248 3436 in
1303 3370 1534 3453 gloriam
1572 3382 1725 3438 illius
1763 3382 1930 3438 adda-
1955 3366 2001 3426 (ἶ

356 3494 501 3542 mus,
534 3475 813 3546 quomodo
848 3475 991 3531 enim
1041 3474 1398 3546 poterimus?
1440 3478 1534 3531 sed
1591 3483 1651 3530 ut
1691 3475 1933 3530 debitum

353 3571 752 3640 persolvamus,
792 3567 1180 3637 unusquisque
1220 3567 1404 3637 lingua
1442 3582 1564 3635 sua,
1600 3568 1787 3623 omnia
1839 3581 1936 3622 ore

353 3660 599 3716 unanimi
632 3659 902 3714 mirabilia
954 3675 1077 3729 qua:
1125 3659 1270 3715 circa
1300 3675 1425 3714 eum
1481 3660 1625 3715 facta
1675 3670 1804 3715 sunt
1837 3672 1933 3714 ea-

354 3764 547 3811 nentes
607 3760 1034 3817 et_euarrantcs.
1098 3750 1234 3807 Tota
1283 3753 1504 3822 quidem
1534 3752 1644 3806 vita
1669 3751 1790 3821 ejus
1820 3764 1934 3822 quo

353 3846 529 3917 major
561 3861 666 3900 non
694 3852 778 3900 est
807 3845 948 3900 inter
976 3853 1134 3901 natos
1157 3846 1454 3900 mulierum
1488 3843 1824 3899 miraculum
1847 3854 1933 3898 est

352 3938 742 3995 miraculorum
765 3955 781 4001 ;
805 3949 855 3991 at
880 3953 985 3991 non
1012 3947 1220 3991 tantum
1240 3945 1350 3993 tota
1372 3936 1484 3992 vita
1509 3935 1735 3992 Ioannis
1750 3946 1807 3992 et
1833 3936 1936 3991 fuit

352 4033 617 4102 propheta
680 4031 1007 4099 priusquam
1077 4036 1396 4084 nasceretur
1435 4037 1491 4083 et
1536 4028 1931 4100 prophetarum

353 4123 648 4186 inaximus,
697 4123 792 4176 sed
832 4136 1173 4191 qua-cunque
1222 4121 1290 4175 ad
1334 4135 1460 4177 eum
1514 4131 1763 4190 spectant
1814 4132 1930 4176 tum

352 4216 445 4270 diu
504 4222 794 4282 antequam
853 4220 1191 4277 nasceretur,
1227 4218 1339 4265 tum
1370 4221 1491 4281 post
1523 4221 1752 4266 mortem
1817 4227 1935 4266 om-

355 4306 445 4360 nia
478 4311 741 4372 superant
768 4302 1056 4357 miracula.
1086 4300 1297 4356 Etenim
1327 4302 1639 4356 divinorum
1692 4303 1930 4373 prophe-

354 4410 535 4451 tarum
565 4395 634 4449 de
658 4410 724 4450 eo
752 4394 1139 4465 praedictiones
1162 4394 1342 4463 ipsum
1379 4409 1489 4449 non
1525 4395 1801 4450 hominem
1835 4396 1930 4453 sed

352 4490 606 4560 angeium
635 4489 933 4558 appellant,
967 4488 1110 4543 lueis
1139 4486 1334 4553 facem,
1355 4489 1509 4545 sidus
1539 4489 1821 4544 luciferum
1848 4489 1932 4544 di-

354 4583 476 4634 vina
509 4581 631 4633 luce
659 4579 954 4650 fulgidum,
992 4584 1476 4648 utprmcursorem
1512 4580 1643 4636 solis
1674 4580 1929 4650 justltiae,

350 4677 406 4722 et
436 4683 629 4723 vocem
664 4670 840 4739 ipsius
871 4666 1036 4723 Verbi
1074 4667 1191 4724 Dei.
1222 4670 1395 4725 Porro
1446 4671 1577 4741 quid
1603 4668 1786 4726 Verbo
1813 4668 1928 4725 Deo

352 4761 711 4831 prepinquius
754 4769 808 4815 et
851 4761 1064 4817 aliinius
1098 4776 1263 4832 quam
1306 4778 1408 4817 vox
1437 4762 1782 4834 Dei?Cujus
1827 4779 1928 4833 ap-

351 4852 762 4921 propinquante
782 4851 1140 4920 conceptione
1172 4851 1401 4922 angelus
1432 4867 1461 4908 e
1493 4853 1633 4908 coelo
1665 4852 1931 4907 advolans
1964 4903 1970 4907 c

352 4944 519 4997 solvit
547 4942 895 4997 sterilitatem
940 4942 1221 4998 Zachariae
1264 4953 1320 4999 et
1350 4943 1656 5008 Elisabeth,
1693 4944 1929 5014 promit-

353 5042 472 5086 tcus
526 5033 741 5087 steriles
785 5049 815 5087 ιι
845 5033 1131 5103 juventute
1184 5033 1355 5087 lilium
1402 5045 1764 5104 generaturos
1808 5046 1933 5088 esse

350 5126 404 5178 in
437 5124 543 5177 alta
577 5133 881 5189 senectute,
917 5125 972 5178 in
1025 5126 1185 5196 cujus
1227 5126 1510 5180 nativitate
1545 5125 1698 5178 multi
1728 5124 1934 5195 gaude-

350 5219 491 5270 bunt
519 5231 535 5282 ;
561 5231 684 5271 nam
718 5217 968 5286 praedixit
997 5233 1117 5272 eam
1139 5218 1394 5272 omnibus
1421 5215 1535 5272 fore
1564 5216 1928 5273 salutiferam.

347 5310 437 5361 Ait
472 5309 617 5361 enim
650 5324 666 5361 :
705 5325 722 5357 ι
776 5305 894 5362 Erit
943 5300 1172 5376 magnus
1212 5322 1399 5362 coram
1451 5307 1721 5373 Domino;
1760 5316 1815 5363 et
1851 5308 1931 5361 vi-

348 5412 480 5450 num
507 5406 561 5451 et
590 5405 821 5453 siceram
859 5414 967 5452 non
994 5399 1160 5463 bibet,
1196 5408 1251 5452 et
1283 5397 1488 5467 Spiritu
1525 5407 1719 5453 sancto
1748 5399 1930 5468 reple-

347 5490 496 5542 bitur
524 5490 704 5544 adhuc
731 5505 800 5543 ex
837 5499 994 5543 utero
1025 5490 1216 5542 matris
1251 5504 1403 5555 suae;
1440 5498 1495 5542 et
1521 5490 1725 5545 multos
1774 5480 1922 5545 lilio-

346 5596 470 5634 rum
498 5580 664 5635 lsracl
698 5590 978 5635 convertet
1009 5579 1074 5633 ad
1110 5578 1399 5635 Dominum
1439 5580 1607 5634 Deum
1632 5581 1877 5649 ἰριεονυιιι
1908 5600 1923 5649 ;

351 5683 403 5725 rt
434 5674 547 5740 ἰνςε
599 5674 870 5741 prmcedet
901 5680 1025 5726 ante
1053 5671 1204 5725 illum
1280 5672 1334 5725 in
1384 5672 1581 5741 Spiritu
1617 5682 1670 5728 et
1722 5675 1924 5728 virtute

352 5761 567 5814 Elige”.
602 5779 620 5811 ι
658 5760 791 5816 Nam
838 5764 990 5831 virgo
1024 5763 1264 5817 manebit
1293 5764 1439 5818 velut
1475 5763 1595 5829 iste,
1646 5772 1699 5817 et
1732 5763 1786 5817 in
1834 5766 1929 5819 de-

474 5938 693 6014 ’°_l.uc.
736 5953 776 6008 ι,
841 5938 926 5994 l5.

2040 2098 2137 2169 τὴν
2168 2098 2394 2170 μνήμην
2427 2100 2546 2169 μετ’
2594 2101 2889 2172 ἐγκωμίων
2937 2105 3136 2175 χρεὼν,
3172 2107 3273 2175 τῆς
3323 2108 3428 2160 τῶν
3460 2109 3627 2164 ὁσίων

2037 2206 2098 2244 τε
2127 2190 2221 2243 καὶ
2248 2189 2476 2247 δικαίων
2506 2192 2816 2262 κορυφαίας
2848 2195 3154 2266 ἀκρότητος
3209 2197 3483 2265 Ἰωάννου,
3529 2200 3627 2255 τοῦ

2037 2284 2551 2353 προσκιρτήσαντος
2599 2285 2697 2338 καὶ
2746 2286 3162 2357 προδραμόντος
3210 2291 3310 2342 καὶ
3339 2293 3626 2362 προκηρύ-

2039 2370 2232 2436 ξαντος
2254 2374 2345 2426 τὸν
2382 2373 2450 2426 δι’
2479 2375 2634 2444 ἡμᾶς
2675 2377 3037 2444 σαρκωθέντα
3080 2379 3175 2433 τοῦ
3216 2383 3369 2436 Θεοῦ
3400 2385 3574 2452 Λόγον
3604 2405 3619 2452 ;

2037 2462 2169 2533 παρ’
2203 2454 2267 2515 06
2296 2463 2460 2518 πάλιν
2487 2464 2649 2533 ανύτὺς
2680 2467 3034 2539 ἀνεκηρύχθη
3068 2470 3162 2524 καὶ
3195 2474 3624 2544 μεμαρτύρηται

2033 2554 2144 2608 τῶν
2166 2554 2226 2619 ἐξ
2244 2555 2442 2619 αἰῶνος
2461 2558 2758 2631 προφητῶν
2777 2560 2870 2613 καὶ
2885 2562 3046 2613 ὁσίων
3077 2564 3170 2614 καὶ
3187 2563 3414 2619 δικαίων
3445 2567 3623 2637 ὑπὲρ-

2034 2665 2192 2718 τερος
2216 2665 2231 2715 ;
2258 2649 2334 2705 Ού
2373 2650 2481 2720 γὰρ
2506 2651 2587 2704 ὅτι
2612 2650 2845 2721 κρείττω
2866 2652 2935 2704 τὰ
2954 2652 3073 2706 κατ’
3094 2654 3255 2708 αὑτὸν
3278 2657 3622 2727 ἀνθρωπίνου

2034 2738 2193 2809 λόγου
2216 2744 2440 2807 παντὸς,
2460 2743 2569 2797 οὐδ’
2596 2746 2678 2799 ὅτι
2704 2744 2856 2814 παρὰ
2878 2744 2974 2797 τοῦ
3003 2749 3331 2815 μονογενοῦς
3361 2752 3497 2806 Υεοῦ
3523 2753 3621 2807 τοῦ
3702 2784 3706 2788 Α

2034 2828 2170 2882 Θεοῦ
2201 2828 2301 2902 τὴν
2330 2832 2637 2903 μαρτυρίαν
2666 2837 2854 2909 εἴληφε
2886 2841 2979 2893 καὶ
3022 2842 3084 2896 τὸ
3104 2844 3301 2912 γέρας,
3324 2843 3422 2896 καὶ
3441 2845 3623 2915 γέρως

2034 2921 2093 2978 οὐ
2123 2921 2297 2977 δεῖται
2345 2922 2443 2977 τοῦ
2479 2926 2615 2997 παρ’
2670 2929 2851 2998 ἡμῶν,
2907 2931 2997 2986 διὰ
3025 2934 3187 2988 τοῦτο
3240 2937 3623 3006 σιωπήσαντες

2033 3012 2341 3083 ἀγέραστον
2363 3017 2765 3088 καταλείψομεν
2788 3021 2993 3089 λόγοις,
3013 3025 3077 3079 τό
3103 3042 3167 3093 γε
3191 3027 3272 3090 εἰς
3293 3028 3441 3097 ἡμᾶς
3461 3022 3619 3099 ἧκον,

2033 3105 2133 3176 τὴν
2159 3105 2253 3160 τοῦ
2284 3107 2552 3163 ἀνωτάτω
2586 3110 2762 3179 Λόγου
2799 3117 2946 3168 κατὰ
2990 3115 3049 3168 τὸ
3095 3119 3484 3189 γεγραμμένον
3510 3137 3622 3188 φω-

2034 3196 2154 3283 νήνξ
2187 3197 2304 3250 ἀλλ’
2334 3198 2418 3253 ὅτι
2450 3200 2600 3269 ποιρά
2631 3199 2872 3272 Χριστοῦ
2904 3204 3000 3260 τοῦ
3043 3207 3309 3263 δεσπότου
3334 3211 3446 3264 τῶν
3481 3212 3621 3267 ὅλων

2032 3288 2272 3352 τοιοῦτος
2293 3287 2370 3343 ὢν
2391 3291 2760 3362 ἀνηγόρευται
2789 3311 2846 3347 τε
2872 3297 2968 3349 καὶ
2996 3298 3442 3369 μεμαρτύρηται,
3469 3303 3621 3355 πᾶσα

2033 3380 2258 3448 γλῶσσα
2278 3382 2485 3436 πιστῶν
2509 3384 2768 3438 κινείσθω
2789 3386 2924 3456 πρὸς
2953 3386 3145 3458 ῦμνον,
3168 3390 3343 3460 ὁπόση
3363 3390 3617 3461 δύναμις,

2034 3473 2134 3543 οὐχ
2164 3474 2253 3528 ἵνα
2280 3474 2489 3545 ,ἐκείνῳ
2537 3492 2593 3528 τι
2625 3476 2957 3548 προσθῶμεν
2986 3481 3067 3543 είς
3098 3481 3277 3548 δόξαν·
3311 3483 3429 3548 πῶς
3465 3484 3616 3556 γάρς

2035 3564 2154 3618 ἀλλ’
2182 3563 2270 3617 ἵνα
2302 3565 2403 3636 τὴν
2436 3564 2660 3637 ὀφειλὴν
2688 3567 2851 3637 ἡμεῖς
2899 3571 3272 3644 ἀποτίσωμεν,
3304 3574 3535 3640 ἔκαστός
3559 3593 3621 3630 τε

2038 3654 2146 3727 ἰδίᾳ
2171 3654 2266 3707 καὶ
2297 3658 2451 3727 κοινῇ
2486 3656 2689 3720 πάντες
2727 3658 2797 3713 τὰ
2825 3660 2945 3714 κατ’
2969 3663 3181 3715 ἐκεῖνον
3212 3664 3494 3733 θαυμάσια
3522 3668 3621 3719 καὶ

2033 3747 2330 3817 ὑμνοῦντες
2374 3747 2470 3801 καὶ
2496 3748 2869 3819 διηγούμενοι.
2925 3751 3107 3816 Ἀπας
3160 3755 3261 3823 μὲν
3311 3756 3418 3827 γὰρ
3447 3757 3476 3809 ὁ
3505 3756 3620 3827 βίος

2032 3838 2128 3892 τοῦ
2163 3839 2221 3891 ἐν
2269 3841 2551 3908 γεννητοῖς
2590 3844 2892 3923 ,γυναικῶν
2936 3843 3083 3915 ὑπὲρ
3138 3845 3384 3912 ἅπαντας
3433 3848 3621 3919 θαῦμα

2034 3930 2335 4001 θαυμάτων
2358 3932 2526 3987 ἐστίν.
2573 3932 2686 4004 Οὐχ
2707 3934 2736 3986 ό
2768 3932 2881 4004 βίος
2913 3936 2970 3989 δὲ
3003 3938 3163 4008 μόνον
3197 3937 3345 4004 ἄπας
3391 3940 3486 3994 τοῦ
3521 3943 3618 4008 καὶ

2032 4024 2140 4092 πρὸ
2183 4022 2276 4076 τοῦ
2329 4022 2663 4095 γεννηθῆναι
2719 4029 3028 4098 προφήτου,
3078 4030 3176 4082 καὶ
3224 4034 3614 4103 περισσοτέρου

2030 4114 2139 4167 τῶν
2165 4112 2460 4182 προφητῶν
2501 4115 2778 4181 Ἰωάννου,
2806 4117 2943 4171 ἀλλὰ
2971 4119 3066 4172 καὶ
3092 4120 3161 4174 τὰ
3188 4122 3369 4194 πολλῷ
3390 4124 3497 4194 πρὸ
3520 4125 3617 4179 τοῦ

2033 4203 2151 4273 βίου
2206 4203 2301 4255 καὶ
2354 4203 2494 4273 μετὰ
2547 4204 2638 4258 τὸν
2700 4204 2835 4275 βίον,
2871 4207 2972 4260 ὅσα
3029 4213 3167 4280 πρὸς
3223 4211 3415 4265 τοῦτον
3448 4214 3619 4267 τείνει

2033 4295 2257 4350 πάντων
2313 4294 2609 4364 θαυμάτων
2642 4297 2787 4351 ἐστὶν
2841 4299 3124 4353 ἐπέκεινα·
3179 4300 3321 4354 θεῖαι
3370 4303 3469 4373 μὲν
3506 4304 3615 4376 γὰρ

2034 4390 2161 4458 περὶ
2218 4386 2386 4439 αὐτοῦ
2438 4387 2781 4465 ,προρρήσεις
2821 4392 3119 4461 προφητῶν
3171 4392 3486 4465 θεολήπτων
3515 4397 3617 4464 ἄγ-

2031 4479 2188 4548 γελον
2220 4478 2383 4533 αὑτὸν
2417 4480 2518 4534 οὐκ
2548 4479 2838 4552 ἄνθρωπον
2872 4480 3276 4553 ἀναγράφουσι,
3311 4487 3405 4540 καὶ
3440 4489 3617 4556 φωτὸς

2032 4566 2283 4636 λυχνίαν,
2328 4567 2423 4621 καὶ
2458 4567 2733 4640 θεοφεγγῆ
2785 4586 2909 4624 τινα
2935 4573 3031 4626 καὶ
3068 4574 3346 4645 ἑωσφόρον
3386 4577 3617 4648 ἀστέρα,

2033 4648 2117 4721 ὡς
2167 4658 2550 4728 προδραμόντα
2600 4660 2694 4713 τοῦ
2744 4660 2898 4732 ἡλίου
2946 4662 3046 4735 τῆς
3097 4662 3487 4738 δικαιοσύνης,
3517 4671 3616 4724 καὶ

2035 4749 2203 4805 αὐτοῦ
2245 4750 2338 4803 τοῦ
2380 4751 2580 4819 ηΛόγου
2632 4750 2725 4804 τοῦ
2764 4753 2900 4807 Θεοῦ
2937 4755 3143 4827 φωνήν
3199 4758 3252 4811 τί
3284 4757 3343 4811 δὲ
3389 4763 3491 4829 τῆς
3521 4758 3609 4814 τοῦ

2035 4844 2171 4896 Θεοῦ
2208 4844 2393 4914 φωνῆς
2423 4843 2499 4911 τῷ
2530 4844 2651 4915 Θεῷ
2691 4845 2852 4915 Λόγῳ
2902 4847 3296 4918 πλησιαίτερον
3340 4850 3374 4920 ἢ
3411 4867 3611 4920 συγγε-

2035 4934 2325 5003 νέστερον;
2360 4933 2473 5005 Τῆς
2523 4936 2579 4988 δὲ
2636 4935 2833 4990 τούτου
2894 4938 3209 5010 συλλήψεως
3260 4943 3613 5013 ὲγγιζούσης,

2034 5032 2136 5083 οὐκ
2186 5029 2496 5101 ἄνθρωπος,
2530 5031 2647 5084 ἀλλ’
2689 5030 2920 5101 ἄγγελος
2966 5033 3261 5104 οὐρανόθεν
3305 5039 3613 5104 καταπτὰς,

2035 5123 2308 5192 Ζαχαρίου
2340 5124 2436 5175 καὶ
2472 5122 2759 5177 Ἐλισάὁετ
2797 5123 2913 5177 λύει
2939 5124 3037 5196 τὴν
3066 5128 3379 5196 στείρωσιν,
3405 5129 3614 5182 τίκτειν

2035 5217 2092 5268 ἐν
2119 5213 2274 5284 βαθεῖ
2307 5200 2456 5286 γήρᾳ
2489 5214 2656 5268 παῖδα
2686 5214 2810 5278 τοὺς
2854 5214 3084 5282 ἀγόνους
3112 5216 3175 5268 ὲκ
3200 5218 3321 5270 νέου
3353 5220 3618 5287 ἐπαγγει-

2035 5308 2288 5377 λάμενος,
2319 5306 2411 5358 καὶ
2442 5304 2643 5375 πολλῆς
2687 5306 2865 5375 χαρᾶς
2910 5306 3190 5376 πρόξενον,
3225 5306 3301 5371 ὡς
3349 5311 3485 5363 πᾶσι
3512 5326 3617 5361 σω-

2034 5398 2225 5467 τήριον
2259 5394 2479 5447 ἔσεσθαι
2507 5392 2979 5463 προκαταγγέλλει
3006 5395 3104 5464 τὴν
3136 5394 3230 5449 τοῦ
3268 5394 3457 5459 παιδὸς
3487 5397 3617 5447 τού-

2032 5507 2127 5542 του
2180 5489 2466 5557 γέννησιν·
2518 5504 2536 5538 t
2574 5486 2919 5556 Ἐσταιγὰρ,
2966 5487 3125 5557 φησὶ,
3163 5487 3338 5557 μέγας
3380 5487 3614 5541 ἐνώπιον

2033 5580 2264 5652 Κυρίου,
2306 5581 2405 5634 καὶ
2434 5574 2576 5631 οἶνον
2630 5579 2723 5631 καὶ
2749 5579 2941 5649 σίκερα
2984 5579 3047 5633 οὐ
3078 5579 3154 5651 μὴ
3188 5581 3309 5653 πίῃ,
3355 5579 3449 5634 καὶ
3475 5578 3616 5650 πλη-

2037 5672 2295 5742 σθήσεται
2357 5670 2677 5740 Πνεύματος
2734 5671 2893 5739 ἀγίου
2924 5669 3006 5725 ἔτι
3054 5677 3119 5724 ἐκ
3153 5672 3362 5737 κοιλίας
3406 5672 3613 5742 μητρὸς

2033 5762 2227 5829 αὑτοῦ,
2277 5764 2375 5818 καὶ
2423 5761 2650 5826 πολλοὺς
2702 5760 2811 5817 τῶν
2847 5761 2979 5817 υἱῶν
3025 5761 3243 5834 Ἰσραὴλ
3292 5760 3609 5832 ἐπιστρέψει
