4014 6430
440 466 544 532 497

1786 488 2151 549 .HOMILIA
2192 493 2315 550 XL.

3597 514 3712 578 498

440 584 534 635 ἐπὶ
561 585 770 656 Κύριον
801 588 890 643 τὴν
918 591 1053 646 θεὸν
1088 585 1420 652 αύθέὦνθῗάὶ
1444 599 1606 664 αὐτὸς
1634 602 1998 672 προελεύσετα

2105 607 2301 662 sertis
2343 609 2649 665 morabitur
2695 616 2870 684 magis
2901 616 3078 685 quam
3137 615 3244 680 ille,
3269 627 3324 672 et
3376 634 3533 690 rcges
3568 626 3712 693 regio

442 677 502 727 ἐν
544 679 814 766 πνεύματι
864 685 958 737 καὶ
989 685 1216 757 δυνάμει
1275 691 1484 745 Ἠλιοῦ·
1521 711 1540 744 ›
1599 693 1869 763 παρθένος
1912 695 2022 766 γάρ

441 769 536 860 καὶ
573 763 729 834 οὗτος
759 776 880 827 κατ’
908 777 1138 846 ἐκεῖνον,
1181 783 1272 834 καὶ⁵
1305 784 1718 854 ἑρημοπολίτης
1758 763 2019 860 μᾶλλονῆ

441 859 670 928 ἐκεῖνος,
707 866 803 920 καὶ
849 867 1090 937 βασιλεῖς
1124 876 1222 928 καὶ
1256 874 1538 942 βασιλίδας
1583 879 1747 948 222
1781 859 2024 951 ἐλέγχων

2128 713 2339 768 nasque
2370 713 2562 772 arguet
2603 705 3006 775 delinquentes.
3037 708 3142 763 Sed
3177 713 3480 779 przescrtim
3519 715 3571 768 in
3610 717 3714 770 hoc

2127 793 2203 847 illi
2255 796 2551 864 prmstabit,
2589 799 2845 868 quoniam
2895 801 2988 855 Dei
3022 802 3129 856 erit
3181 818 3534 873 prxcursor;
3576 821 3702 860 nam

2127 885 2363 954 praeibit,
2401 889 2598 958 inquit,
2629 901 2752 946 aute
2778 891 2969 947 faciem
3005 893 3174 947 illius.

439 960 932 1059 παρανομοῦντας.
993 969 1059 1020 Ὃ
1113 969 1170 1022 δὲ
1213 973 1404 1026 τοῦτον
1463 976 1558 1028 καὶ
1608 977 1750 1048 ὑπὲρ
1807 977 2016 1031 ἐκεῖνον
2053 978 2290 1050 μάλιστα
2325 987 2490 1053 ποιεί,
2538 985 2621 1039 ὅτι
2656 986 2749 1040 καὶ
2798 990 3113 1059 πρόδρομος
3176 989 3330 1044 ἔσται
3398 992 3492 1044 τοῦ
3543 992 3709 1047 Θεοῦο

440 1050 824 1119 προελεύσεται
857 1059 985 1129 γάρ,
1025 1065 1210 1130 φησὶν,
1247 1065 1479 1121 ἐνώπιον
1507 1070 1696 1126 αὐτοῦ.

506 1149 694 1202 Ταῦτα
725 1153 956 1221 νομίσας
985 1157 1128 1227 ὑπὲρ
1159 1162 1342 1216 πίστιν
1372 1166 1400 1218 ό
1437 1167 1737 1235 Ζαχαρίας,
1768 1167 2020 1223 πεδεῖται

437 1239 533 1309 τὴν
557 1241 827 1308 γλῶσσανο
859 1248 1046 1321 ἐπειδὴ
1079 1254 1184 1323 γὰρ
1211 1253 1355 1308 ἑκὼν
1377 1257 1478 1309 ούκ
1501 1257 1779 1329 ἠϐουλήθη
1813 1263 2020 1332 κηρύτ-

366 1369 387 1404 ε
437 1348 572 1394 τειν,
607 1337 827 1389 σιωπῶν
858 1337 1006 1390 ἄκων
1043 1341 1143 1412 βοᾷ
1188 1347 1288 1410 τὴν
1323 1344 1483 1415 ξένην
1517 1345 1614 1399 τοῦ
1662 1347 1855 1411 παιδὸς
1887 1347 2017 1400 σύλ-

435 1419 600 1490 ληψιν
633 1425 827 1495 μέχρις
858 1429 925 1480 ἂν
952 1433 1032 1492 εἰς
1065 1433 1183 1500 φῶς
1210 1433 1354 1488 ἔλθοι
1387 1436 1764 1506 προελθοῦσαν
1792 1441 1890 1510 τὴν
1920 1440 2016 1494 τοῦ

434 1511 609 1580 Λόγου
630 1516 835 1586 φωνήν.
864 1519 1196 1599 Συλληφθελς
1215 1525 1270 1576 δὲ
1297 1527 1436 1595 μετὰ
1455 1527 1727 1583 τοσούτων
1750 1531 1846 1583 καὶ
1869 1529 2015 1586 οὕτω

437 1605 690 1672 μεγάλων
704 1607 814 1661 τῶν
828 1613 1201 1681 ἐπαγγελιῶν,
1221 1618 1351 1687 πρὶν
1375 1619 1405 1690 ἢ
1435 1621 1697 1691 τεχθῆναι
1724 1627 2015 1696 προφήτης

431 1698 668 1796 χρίεται,
696 1703 808 1796 *καὶ
836 1704 936 1772 τῆς
973 1707 1221 1774 χάριτος,
1266 1709 1312 1762 ὣ
1337 1711 1432 1762 τοῦ
1464 1712 1780 1782 θαύματοςί
1807 1718 1871 1788 τῇ
1904 1735 2027 1796 μη·-

429 1791 517 1859 τρὶ
551 1793 894 1858 μεταδίδωσι·
927 1798 1023 1850 καὶ
1055 1800 1193 1853 κατά
1217 1802 1308 1854 τὸν
1365 1804 1618 1872 Ἡσαΐαν,
1658 1808 1876 1876 ἱμάτιον
1910 1827 2015 1863 σω-

2191 1173 2324 1234 Quae
2359 1184 2484 1224 cum
2517 1168 2816 1226 Zacharias
2852 1187 3020 1240 supra
3055 1171 3212 1226 fidem
3246 1189 3367 1227 esse
3407 1175 3708 1244 cngilasset

2126 1261 2310 1328 lingua
2342 1259 2674 1330 impeditur;
2707 1277 2829 1316 nam
2871 1263 3132 1332 quoniam
3169 1263 3341 1318 noluit
3374 1265 3611 1320 libenter
3642 1283 3702 1319 ra

2117 1353 2438 1426 praedicare,
2479 1353 2648 1408 silens
2683 1353 2890 1408 invitus
2921 1355 3122 1410 clamat
3146 1355 3520 1424 prodigiosam
3551 1358 3703 1425 pueri

2117 1446 2555 1515 conceptionem,
2579 1448 2754 1501 donec
2780 1448 2830 1501 in
2870 1447 3043 1506 lucem
3079 1448 3287 1502 venerit
3323 1465 3566 1516 praesens
3600 1465 3704 1502 vox

2114 1535 2302 1594 Verbi.
2331 1538 2644 1608 Conceptus
2670 1549 2852 1595 autem
2888 1555 3011 1595 cum
3062 1550 3142 1595 tot
3178 1550 3232 1596 et
3265 1542 3432 1596 tantis
3463 1543 3703 1612 promis-

2118 1630 2396 1697 sionibus,
2434 1631 2757 1701 priusquam
2798 1644 3138 1694 nasceretur,
3163 1635 3430 1703 propheta
3459 1634 3700 1703 ungitur.

2117 1731 2169 1779 et
2196 1724 2452 1794 gratiam,
2483 1739 2515 1777 0
2555 1740 2644 1780 res
2679 1724 2947 1780 mirabilis
2975 1727 2988 1780 ι
3026 1728 3182 1780 matri
3214 1728 3606 1794 communicat,
3647 1739 3704 1781 et

2116 1817 2420 1872 secundum
2446 1815 2664 1886 Isaiam,
2694 1819 2918 1874 indutus
2948 1827 3031 1874 est
3065 1820 3386 1874 indumento
3419 1820 3616 1877 salutis
3647 1831 3702 1875 et

428 1884 622 1976 τηρίου
652 1887 749 1939 καὶ
797 1888 1001 1957 χιτῶνα
1056 1892 1398 1964 εὐφροσύνης
1451 1897 1740 1954 ἐνδύεται·
1785 1902 1927 1956 κατὰ
1956 1901 1998 1956 δὲ

2115 1907 2446 1963 vestimento
2490 1907 2731 1976 laetitias;
2769 1907 2934 1964 Heliae
2986 1909 3182 1973 instar,
3217 1911 3271 1964 in
3303 1911 3484 1965 locum
3537 1927 3697 1966 suum

425 1973 518 2026 τὸν
561 1975 771 2040 Ἠλίαν,
805 1979 925 2032 ἀνθ’
953 1981 1150 2035 ἑαυτοῦ
1190 1985 1336 2056 χρίει
1381 1991 1695 2062 προφήτην,
1734 1995 1830 2048 καὶ
1875 1993 2014 2063 φθά-

425 2084 504 2120 νει
537 2070 633 2122 καὶ
681 2069 1006 2142 ὑπερϐαίνει
1039 2077 1140 2146 τὴν
1167 2080 1500 2151 ἀμφοτέρων
1549 2083 1661 2137 τῶν
1713 2087 2012 2156 προφητῶν

425 2159 740 2232 τελειότητα
793 2162 876 2218 ἔτι
907 2167 965 2222 ἐν
991 2169 1256 2239 ἐμϐρύοις
1279 2173 1378 2238 ὢν,
1403 2174 1480 2240 ὡς
1511 2177 1744 2231 ἐνώπιον
1800 2179 2010 2250 Κυρίου

407 2253 650 2307 τοιαῦτα
681 2257 1149 2331 ἐπιδεικνύμενος⁹
1183 2265 1308 2317 ἐπεὶ
1338 2265 1446 2336 γάρ
1488 2267 1548 2321 τὺ
1598 2267 1840 2341 ἔμϐρυον
1871 2274 2012 2340 μετά

421 2347 522 2417 τὴν
552 2349 660 2403 τῶν
692 2351 870 2420 μελῶν
896 2352 1231 2426 διάρθρωσιν
1261 2357 1479 2429 κίνησιν
1525 2361 1624 2430 μὲν
1650 2362 1784 2434 ἔχει,
1821 2364 2010 2436 φωνὴν

421 2439 477 2494 δέ
511 2441 668 2496 οὔπω
694 2443 830 2514 ἔχει,
877 2446 966 2501 διά
1025 2448 1087 2501 τὸ
1120 2451 1288 2520 μήπω
1323 2453 1694 2508 ἐνδιαιτᾶσθαι
1723 2455 1802 2526 τῷ
1839 2458 1964 2527 ἀέρι
1987 2472 2004 2489 ⁸

423 2534 628 2606 ἐπέστη
653 2537 709 2590 δὲ
738 2539 770 2609 ή
801 2541 1145 2615 κυοφοροῦσα
1176 2547 1479 2612 τηνικαῦτα
1507 2549 1598 2602 τὸν
1626 2548 1760 2604 Θεὸν
1795 2551 2008 2622 Παρθέ·

421 2644 531 2693 νος,
565 2631 660 2682 καὶ
691 2631 749 2686 ἐν
783 2635 986 2705 γαστρὶ
1035 2633 1111 2688 ὢν
1139 2638 1166 2690 ό
1219 2636 1496 2710 Ἰωάννης,
1538 2643 1641 2696 οὐκ
1671 2645 2010 2718 ἀνεπαισθή-

420 2738 527 2785 τως
549 2723 673 2792 ἔσχε
706 2725 806 2794 τῆς
833 2725 1026 2798 θεῖκῆς
1057 2733 1368 2801 παρουσίας
1397 2737 1490 2788 καλ⁸
1521 2737 1857 2809 οίκονομίας,
1887 2739 2004 2794 ἀλλ’

420 2818 651 2884 ἁνυμνεῖ
676 2817 883 2890 ταύτην
918 2820 1132 2876 ἐκεῖθεν
1184 2823 1271 2880 διὰ
1303 2825 1406 2896 τῆς
1437 2831 1712 2900 μητρυιῆς
1754 2833 2005 2903 γλώττης

418 2907 709 2977 θεολογῶψ
739 2915 941 2984 σκιρτᾷ
976 2915 1070 2968 καὶ
1118 2917 1280 2983 αὐτὸς
1329 2919 1478 2973 ἔνδον
1509 2923 1603 2975 καὶ
1650 2923 1998 2993 άγαλλιᾶται,

415 3001 460 3052 ὣ
492 3003 584 3056 τοῦ
610 3003 921 3075 θαύματοςί
959 3009 1019 3060 ἐν
1054 3011 1334 3082 Πνεύματι
1361 3014 1526 3085 ἁγίῳ,
1563 3015 1662 3088 τὴν
1685 3017 2001 3090 τελειότητα

416 3095 512 3149 τοῦ
554 3098 839 3164 μέλλοντος
866 3101 1066 3167 αίῶνος
1091 3105 1152 3158 ἐν
1189 3110 1432 3178 μητρικῇ
1465 3108 1622 3181 νηδύϊ
1663 3110 1960 3182 δεξάμενος
1982 3129 1996 3144 ·

2116 1999 2272 2069 ungit
2300 2001 2648 2073 prophetam,
2679 2009 2732 2056 et
2764 2001 2946 2057 adhuc
2983 2003 3035 2056 in
3073 2012 3230 2057 utero
3260 2003 3551 2072 utriusque
3573 2017 3701 2072 pro-

2111 2091 2293 2161 pheta:
2325 2089 2713 2161 perfectionem
2737 2095 3106 2161 praecurritet
3130 2075 3377 2162 supcrat,
3413 2095 3516 2146 ista
3550 2093 3701 2146 velut

2113 2194 2242 2238 ante
2276 2183 2468 2238 faciem
2494 2181 2707 2237 Domini
2731 2183 3050 2240 ostendens.
3076 2182 3210 2238 Nam
3241 2201 3364 2239 eum
3405 2184 3546 2239 fetus
3577 2194 3698 2255 post

2113 2277 2448 2346 aptationem
2504 2273 2881 2330 membrorum
2935 2286 3143 2330 motum
3204 2276 3420 2346 quidem
3479 2277 3694 2339 habeat,

2111 2382 2302 2422 vocem
2340 2381 2472 2421 vero
2491 2381 2598 2421 non
2624 2367 2847 2429 habeat,
2874 2366 3004 2436 quia
3037 2367 3276 2421 nondum
3302 2367 3448 2438 degit
3475 2368 3527 2420 in
3548 2382 3696 2432 aere,

2109 2459 2363 2514 adstante
2389 2473 2509 2527 quae
2541 2465 2676 2514 tunc
2700 2458 2752 2511 in
2780 2461 2972 2514 ventr‘e
3000 2458 3171 2513 Deum
3197 2460 3421 2530 gerebat
3446 2459 3697 2530 Virgine,

2108 2549 2351 2606 Joannes
2382 2550 2436 2604 in
2468 2558 2627 2604 utero
2651 2551 2848 2604 matris
2872 2565 2980 2604 non
3013 2551 3133 2605 sine
3167 2566 3333 2606 sensu
3365 2551 3470 2606 fuit
3499 2553 3699 2608 divina:

2107 2641 2414 2713 prresentiae
2441 2650 2496 2696 et
2526 2641 2987 2712 dispensationis,
3027 2644 3119 2698 sed
3145 2643 3270 2698 inde
3297 2658 3416 2697 eam
3455 2645 3699 2700 celebrat

2107 2751 2207 2803 per
2254 2735 2498 2806 linguam
2550 2743 2859 2790 maternam
2895 2737 3164 2792 divinitus
3213 2739 3523 2808 alloquens,
3578 2739 3695 2807 ipse

2106 2835 2286 2883 autem
2324 2829 2556 2884 interius
2610 2829 2904 2885 exsultavit
2928 2840 2980 2885 et
3003 2829 3225 2900 gavisus
3257 2844 3358 2896 ρει,
3391 2848 3424 2888 ο
3457 2833 3696 2886 miracu-

2103 2921 2255 2977 lum!
2288 2923 2340 2977 in
2373 2921 2580 2993 Spiritu
2620 2930 2838 2986 saneto,
2879 2922 3272 2993 perfectionem
3311 2923 3479 2978 futuri
3503 2925 3692 2980 saeculi

2105 3013 2160 3068 in
2198 3023 2390 3067 ventre
2425 3012 2710 3082 genitricis
2736 3012 3033 3084 recipiens.
3057 3012 3192 3066 Nam
3224 3014 3690 3083 quemadmodum

2102 3121 2337 3176 magnus
2388 3103 2597 3162 Paulus
2640 3107 2963 3178 mysterium
3009 3105 3133 3162 vitae
3178 3114 3400 3161 aeternae
3433 3121 3695 3176 prauum-

414 3187 665 3259 κχθάπερ
697 3191 807 3262 γάρ
833 3192 860 3245 ό
888 3194 1064 3263 μέγας
1105 3197 1322 3260 Παῦλος
1350 3196 1410 3251 τὸ
1458 3200 1759 3269 μυστήριον
1791 3217 1998 3272 προκα-

2105 3199 2249 3254 tia-ns
2283 3216 2296 3252 :
2337 3217 2356 3252 ι
2389 3198 2725 3264 Seminatur,
2762 3199 3186 3270 inquitncorpus
3211 3200 3469 3263 animale,
3503 3207 3694 3268 surget

413 3283 728 3350 ταγγέλλων
783 3285 882 3355 τῆς
943 3287 1165 3342 αίωνίου
1203 3287 1382 3359 ζωῆςο
1418 3309 1436 3344 ι
1469 3292 1789 3363 Σπείρεται,
1829 3295 1990 3365 φησὶ,

414 3377 574 3445 σῶμα
603 3376 857 3449 ψυχικὸν,
891 3380 1171 3452 ἐγείρεται
1199 3383 1358 3451 σῶμα
1384 3385 1782 3455 πνευματικὸν,
1818 3405 1836 3439 ι
1870 3404 1995 3441 του-

409 3472 558 3523 τέστι
588 3471 816 3542 δυνάμει
859 3474 1006 3528 θείου
1037 3476 1362 3548 Πνεύματος
1406 3479 1701 3549 ὑπερφυεῖ,
1732 3483 1874 3536 κατά
1901 3483 1994 3537 τὸν
2039 3535 2042 3537 .

412 3564 679 3629 μέλλοντα
725 3564 902 3620 αἰῶνα
960 3566 1340 3640 διοικούμενόν
1386 3587 1446 3624 τε
1497 3573 1593 3626 κα)⁴
1636 3573 1993 3644 κινούμενον*

409 3655 635 3719 οὕτωςὸ
693 3657 950 3728 Ἰωάννης
997 3661 1217 3731 ἐσπάρη
1266 3661 1368 3732 μὲν
1418 3663 1512 3717 καὶ
1544 3665 1777 3735 συνέστη
1828 3665 1990 3734 σῶμα

406 3749 640 3818 ψυχικὸν
674 3752 732 3803 ἐν
766 3755 1010 3825 μητρυιῇ
1037 3754 1215 3824 νηδύϊ,
1245 3757 1312 3826 τῇ
1345 3754 1402 3808 δέ
1435 3757 1492 3808 ἐν
1527 3757 1664 3826 αὐτῇ
1701 3757 1992 3828 παραδόξῳ

409 3841 586 3908 γρίσει
616 3839 711 3894 τοῦ
745 3840 890 3894 θείου
924 3843 1246 3913 Πνεύματος
1304 3845 1591 3918 ἀνεδείχθη
1633 3847 1793 3918 σῶμα
1826 3864 1992 3902 πνευ-

411 3931 665 3999 ματικὸν,
715 3934 770 3985 ἐν
818 3934 1091 4004 πνεύματι
1148 3937 1389 4007 σκιρτῶν
1416 3939 1514 3992 καὶ
1553 3939 1986 4011 ἀγαλλιώμενος,

407 4026 502 4076 καὶ
524 4023 618 4094 τὴν
639 4025 801 4078 αὐτὸν
823 4027 1201 4097 κυοφοροῦσαν
1220 4031 1494 4101 προφῆτιν
1516 4031 1986 4102 ἀπεργαζόμενος

403 4117 498 4169 καὶ
526 4118 632 4188 γάρ
665 4121 813 4189 φωνῇ
845 4121 1060 4192 μεγάλῃ
1085 4121 1174 4174 διὰ
1199 4122 1298 4190 τῆς
1326 4123 1540 4193 ἐκείνης
1563 4123 1810 4198 γλώττης
1835 4125 1994 4197 ηὐλό-

403 4227 492 4276 γει
521 4210 610 4266 τὸν
642 4210 797 4276 Θεὸν,
815 4214 912 4265 καὶ
941 4214 1173 4286 Μητέρα
1196 4214 1291 4268 τοῦ
1319 4217 1526 4286 Κυρίου
1561 4217 1662 4286 τὴν
1689 4219 1991 4290 κυοφοροῦ-

2102 3307 2304 3363 corpus
2333 3292 2636 3360 Spirituale,
2671 3310 2688 3344 ι
2713 3293 2762 3348 id
2793 3300 2876 3349 est
2901 3293 3102 3348 eximia
3131 3293 3297 3347 divini
3325 3292 3562 3362 Spiritus
3586 3294 3694 3347 vir-

2106 3393 2221 3442 tute
2252 3386 2306 3440 in
2335 3386 2523 3442 futuro
2552 3386 2749 3443 saecula
2776 3395 2987 3442 rectum
3014 3398 3066 3442 et
3091 3397 3322 3453 motum,
3355 3386 3427 3441 ita
3449 3386 3691 3442 Joannes

2097 3478 2413 3534 .seminatus
2462 3479 2684 3548 quidem
2721 3479 2970 3536 constitit
3002 3482 3056 3534 in
3090 3489 3248 3534 utero
3313 3480 3504 3534 matris
3563 3493 3690 3533 cor-

2103 3585 2210 3640 pus
2237 3570 2494 3635 animale,
2531 3571 2625 3626 sed
2672 3571 2895 3640 cepiosa
2929 3571 3104 3626 divini
3157 3571 3394 3640 Spiritus
3425 3572 3690 3625 unctione

2100 3663 2150 3717 ei
2201 3663 2501 3732 impertita,
2553 3664 2860 3720 exhibitum
2912 3672 2998 3720 est
3041 3679 3246 3735 corpus
3301 3664 3572 3734 spiritale,
3629 3665 3684 3718 in

2099 3754 2308 3824 Spiritu
2333 3754 2617 3810 exsultans
2649 3765 2701 3811 et
2721 3757 2987 3828 gaudens,
3017 3770 3285 3826 suamque
3304 3765 3531 3809 matrem
3557 3771 3685 3825 pro-

2097 3848 2319 3917 phetam
2355 3846 2634 3914 efﬁciens;
2676 3850 2926 3920 'quipppe
2977 3851 3084 3904 alta
3115 3866 3249 3905 voce
3301 3866 3398 3920 per
3439 3849 3680 3918 linguam

2095 3941 2215 4012 ejus
2247 3942 2415 3997 Deum
2452 3943 2746 4009 benedixit,
2779 3953 2832 4000 et
2872 3945 3098 4000 Matrem
3134 3944 3346 3999 Domini
3385 3959 3680 4013 praegnan-

2097 4045 2204 4091 lem
2263 4037 2588 4107 praedicavit
2624 4037 2887 4109 virginem
2915 4082 2929 4106 ,
2967 4046 3020 4093 et
3053 4038 3290 4124 fructum
3323 4039 3534 4093 ventris
3562 4037 3679 4107 ejus

2093 4142 2354 4186 asserens
2409 4130 2554 4201 quod
2591 4131 2644 4186 in
2675 4145 2740 4186 ea
2787 4132 3142 4200 gestabatur,
3173 4147 3292 4188 eam
3327 4131 3495 4188 simul
3544 4147 3681 4200 prac-

2087 4229 2353 4292 gnautcm
2384 4231 2439 4278 et
2463 4222 2731 4293 virginem
2761 4223 3119 4280 denuntians.

402 4322 504 4358 σαν
559 4309 867 4378 ἀνεκήρυξε
922 4311 1217 4380 παρθένον,
1273 4313 1368 4365 καὶ
1401 4313 1618 4382 καρπὸν
1669 4316 1770 4385 τῆς
1815 4315 1988 4385 αὐτῆς
2027 4317 2236 4380 κοιλίας
2282 4315 2700 4389 προσηγόρευσε
2742 4318 2834 4372 τὸν
2884 4321 2940 4371 ἐν
3007 4319 3145 4388 αὐτῇ
3210 4315 3675 4387 κυοφορούμενον,

398 4397 682 4466 ἐγκύμονά
711 4417 769 4452 τε
802 4399 917 4470 ἅμα
950 4403 1046 4456 καὶ
1089 4403 1362 4474 παρθένον
1391 4406 1597 4478 ταύτην
1635 4404 1779 4462 εἶναι
1808 4409 2102 4477 παριστάς.

470 4491 628 4545 Οὕτω
687 4492 764 4564 μὴ
820 4494 983 4563 μόνον
1041 4497 1184 4549 κατά
1220 4498 1281 4549 τὸ
1332 4500 1750 4569 γεγραμμένον,
1791 4499 1980 4572 πρὶνῆ

396 4586 600 4654 γνῶναι
627 4588 687 4640 τὺ
715 4589 884 4641 κακὸν
901 4588 1191 4654 ἐξελέξατο
1218 4592 1280 4644 τὸ
1308 4590 1536 4659 ἀγαθόν·
1575 4592 1709 4645 ἀλλά
1728 4592 1822 4645 καὶ
1854 4593 1982 4663 πρὶν

2166 4502 2265 4569 Ita,
2307 4501 2451 4559 sicut
2493 4502 2761 4572 scriptum
2796 4510 2900 4567 est,
2941 4502 3266 4572 priusquam
3318 4513 3676 4570 cognosceret

2095 4591 2323 4655 malum,
2352 4592 2736 4662 elegitbonum
2765 4609 2778 4658 ;
2815 4593 2926 4648 imo
2957 4593 3280 4662 priusquam
3311 4605 3675 4661 cognosceret

397 4680 428 4750 ἢ
461 4680 666 4747 γνῶναι
695 4681 790 4736 τὸν
824 4681 1032 4752 κόσμον
1066 4687 1123 4739 ἐν
1163 4684 1430 4756 ἐμϐρύοις
1462 4683 1560 4752 ὢν,
1602 4660 1980 4758 ὑπερκόσμιος

2105 4683 2379 4749 nundum,
2411 4699 2579 4752 supra
2622 4685 2892 4738 mundum
2948 4684 3101 4739 stetit
3150 4682 3410 4739 Joannes.
3470 4683 3672 4742 Verum

395 4775 424 4826 ὁ
468 4772 722 4845 Ἰωάννης
776 4771 866 4846 ἦν.
924 4776 1215 4848 Γεννηθεὶς
1248 4778 1305 4833 δὲ
1347 4781 1562 4844 πάντας
1613 4783 1707 4835 καὶ
1742 4779 1984 4851 εὔφρανε

398 4862 488 4914 καὶ
518 4863 785 4933 ἐξέπληξε
835 4867 952 4930 τοῖς
1001 4869 1133 4938 περὶ
1173 4869 1342 4924 αὐτὸν
1395 4870 1745 4940 θαυμασίοις·
1793 4892 1811 4924 ι
1845 4874 1983 4944 Χεὶρ

393 4953 504 5024 γὰρ
541 4955 745 5024 Κυρίου
775 4952 864 5029 ἦν,
894 4960 1056 5030 φησὶ,
1095 4961 1214 5030 μετ’
1247 4961 1437 5029 αὐτοῦ,
1467 4983 1494 5015 -›
1535 4964 1981 5036 τερατουργοῦσα

395 5046 562 5102 πάλιν
606 5043 696 5102 οἷα
725 5051 822 5104 καὶ
867 5051 1162 5124 πρότερον⁹
1197 5053 1258 5108 τὸ
1291 5054 1402 5129 γάρ
1421 5055 1518 5109 τοῦ
1573 5057 1786 5130 πατρὸς
1813 5058 1980 5112 αὑτοῦ

394 5139 573 5210 στόμα
604 5141 666 5195 τὸ
702 5143 958 5214 πεδηθέν,
997 5146 1078 5210 ὡς
1101 5145 1187 5219 ,μὴ
1229 5149 1532 5204 πιστεῦσαν
1565 5151 1663 5222 τὴν
1701 5151 1860 5218 ξένην
1885 5150 1982 5207 τοῦ

392 5233 581 5299 παιδος
613 5235 902 5306 σύλληψιν,
944 5239 1192 5310 ἀνεῴχθη
1249 5241 1346 5294 καὶ
1378 5243 1692 5315 ἐνεπλήσθη
1731 5245 1982 5316 Πνεύμα-

391 5343 482 5389 τος
528 5327 712 5397 άγίου,
747 5333 841 5383 καὶ
887 5333 1272 5402 προεφήτευσε
1323 5335 1393 5388 τά
1427 5353 1484 5389 τε
1515 5336 1671 5400 ἄλλα,
1726 5339 1820 5392 καὶ
1852 5341 1982 5409 περὶ

387 5418 482 5470 τοῦ
508 5420 713 5473 οἰκείου
739 5423 931 5476 τούτου
960 5425 1170 5492 παιδος,
1204 5425 1402 5496 λέγων’
1433 5447 1452 5479 ι
1489 5429 1598 5482 Καὶ
1617 5431 1704 5496 σὺ,
1735 5431 1967 5495 παιδίον,

390 5515 681 5584 προφήτης
730 5513 990 5585 Ὑψίστου
1023 5517 1300 5590 κληθήσῃο
1334 5522 1692 5595 προπορεύσῃ
1724 5522 1832 5593 γάρ
1867 5524 1972 5594 πρὸ

392 5603 685 5672 προσώπου
711 5607 918 5677 Κυρίου
943 5608 1239 5679 ἑτοιμάσαι
1271 5611 1424 5675 ὁδοὺς
1451 5613 1636 5679 αὐτοῦ,
1669 5613 1763 5666 τοῦ
1787 5613 1974 5667 δοῦναι

391 5694 596 5761 γνῶσιν
622 5699 900 5767 σωτηρίας
923 5699 999 5770 τῷ
1023 5700 1137 5771 λαῷ
1169 5702 1357 5760 αὺτοῦ.
1396 5721 1414 5754 ι
1448 5704 1722 5775 Καθάπερ
1752 5705 1807 5758 δὲ
1844 5705 1972 5760 συλ-

391 5785 618 5855 ληξθεὶς
649 5789 676 5840 ό
703 5789 844 5851 θεῖος
887 5793 1015 5855 παῖς
1047 5786 1225 5858 οὗτος,
1272 5796 1331 5848 τὸ
1365 5797 1424 5849 ἐκ
1478 5799 1750 5869 μητρικῆς
1781 5799 1976 5870 νηδύος

468 5973 531 6003 ¹⁰⁶
587 5971 716 6028 Luc.
772 5991 806 6035 ι,
842 5974 930 6028 ἷϋ.

2089 4789 2252 4832 natus
2290 4793 2483 4832 omnes
2504 4777 2688 4833 laatitia
2720 4777 2924 4844 allecit,
2959 4788 3012 4832 et
3040 4791 3235 4832 omnes
3269 4778 3551 4832 miraculis
3582 4795 3675 4832 su-

2084 4886 2180 4940 per
2205 4885 2332 4925 cum
2370 4869 2530 4926 factis
2562 4871 2855 4940 permovit.
2889 4888 2907 4918 ι
2941 4870 3133 4926 Manus
3158 4870 3301 4924 enim
3325 4870 3560 4934 Domini,
3589 4873 3675 4924 in-

2083 4965 2587 5035 quitevangelista,
2620 4973 2894 5017 eratcum
2921 4977 3006 5029 eo,
3042 4981 3060 5015 ι
3102 4962 3294 5018 eadem
3323 4979 3484 5034 quam
3518 4964 3672 5033 prius

2083 5068 2336 5127 portenta
2361 5071 2619 5126 operans.
2652 5055 2788 5110 Nam
2842 5055 3195 5126 impeditum,
3220 5072 3282 5110 os
3327 5056 3498 5126 patris
3528 5054 3669 5124 ejus,

2083 5150 2346 5218 quoniam
2381 5164 2492 5203 non
2524 5148 2836 5204 crediderat
2868 5147 3205 5218 singularem
3244 5146 3672 5216 pucri'concep-

2085 5242 2314 5306 tionem,
2353 5249 2603 5310 apertum
2636 5247 2743 5304 est,
2781 5247 2836 5294 et
2869 5239 3080 5308 Spiritu
3127 5248 3319 5294 sancto
3362 5239 3670 5307 impletum,

2084 5334 2262 5388 italia
2301 5348 2520 5386 rursum
2555 5329 2826 5401 praedixit,
2859 5329 2926 5386 de
2972 5330 3080 5384 filio
3124 5328 3242 5398 ejus
3271 5329 3505 5383 dicens:
3551 5345 3568 5377 ι
3606 5325 3667 5378 Et

2087 5439 2164 5494 lu,
2214 5443 2371 5498 puer,
2429 5426 2698 5495 prepheta
2735 5425 3002 5479 Altissimi
3067 5423 3393 5488 vocaberis;
3451 5419 3672 5490 prmihis

2081 5526 2228 5578 enim
2272 5532 2398 5576 ante
2426 5520 2620 5575 faciem
2650 5519 2869 5573 Domini
2904 5535 3100 5590 parare
3137 5518 3251 5571 vias
3276 5515 3417 5584 ejus,
3447 5516 3511 5567 ad
3536 5515 3674 5568 dau-

2082 5621 2207 5673 dam
2239 5617 2529 5672 scientiam
2556 5614 2750 5670 salutis
2803 5613 2947 5682 plebi
2977 5613 3092 5680 ejus
3119 5612 3212 5659 ²⁰”.
3244 5627 3264 5662 ι
3298 5607 3668 5675 Quemadmo-

2084 5707 2216 5760 dum
2246 5715 2550 5775 conceptus
2591 5703 2749 5756 divus
2783 5702 2886 5756 iste
2917 5717 3072 5772 puer,
3099 5717 3165 5754 ex
3201 5709 3450 5754 materno
3481 5708 3670 5753 ventre

2085 5799 2388 5853 animatum
2432 5797 2621 5869 gratiae
2651 5795 3108 5860 instrumentum,
3152 5793 3205 5848 in
3251 5808 3318 5849 eo
3346 5793 3669 5849 movebatur
