4082 6440
380 457 488 521 499

1619 461 2009 524 GREGORII
2043 465 2374 527 ΡΑιΑΜίΕ

266 596 271 599 -
381 574 437 620 et
471 566 781 623 exsultabat
808 568 997 623 divino
1030 568 1261 637 Spiritu,
1291 570 1365 624 ita
1389 579 1444 626 et
1478 581 1641 629 natus
1673 575 1958 630 crescebat

2067 576 2308 647 ἔμψυχον
2354 580 2456 651 τῆς
2501 580 2724 653 χάριτος
2771 582 3029 654 ὄργανον,
3057 579 3180 637 κατ’
3212 577 3381 651 αὐτὴν
3404 576 3639 634 ἑκινείτο

382 665 438 710 et
481 657 847 713 invalescebat
885 660 939 713 in
988 657 1215 729 Spiritu.
1238 660 1345 717 Sed
1384 679 1509 718 cum
1571 666 1811 722 mundus
1849 683 1957 722 non

382 756 532 802 esset
569 763 635 802 eo
669 749 936 819 dignus,a
987 756 1190 808 teneris
1214 740 1401 810 'annis
1431 756 1697 812 continuo
1726 759 1863 814 vixit
1904 760 1957 814 in

381 839 621 906 deserto,
664 843 785 899 sine
816 846 1115 910 anxietate,
1147 846 1267 903 sine
1297 849 1690 919 sollicitudine,
1730 853 1849 910 sine
1871 864 1960 910 tu-

380 931 557 985 multu
592 932 756 988 vitam
809 950 977 1005 agens
1027 939 1216 995 dolore
1261 941 1584 1009 immunem,
1636 945 1796 1001 {tedis
1829 962 1959 1016 pas-

383 1024 634 1080 sionibus
667 1041 914 1095 vacuam,
948 1032 1184 1087 terrenis
1219 1042 1271 1087 et
1317 1034 1632 1091 carnalibus
1664 1036 1958 1106 voluptati-

379 1116 483 1170 bus
513 1132 635 1186 quaz
667 1117 813 1173 circa
847 1134 1051 1190 corpus
1074 1138 1382 1193 sensusque
1414 1141 1709 1195 corporeos
1729 1143 1958 1183 versan-

381 1221 470 1266 tur
515 1213 901 1282 superiorem;
938 1216 1037 1271 soli
1075 1218 1182 1272 Deo
1208 1220 1421 1285 vivens,
1462 1221 1629 1275 Deum
1666 1223 1845 1277 solum
1876 1224 1957 1278 vi-

380 1303 540 1369 dens,
588 1303 757 1360 Deum
799 1307 1024 1365 delicias
1061 1326 1191 1367 suas
1241 1311 1501 1369 cmciens.
1548 1314 1790 1384 Degcbat
1827 1332 1958 1387 ergo

382 1396 438 1449 in
471 1408 705 1466 angusto
735 1408 890 1453 terra!
914 1402 1074 1469 loco;
1115 1422 1133 1455 ι
1168 1404 1233 1458 Et
1263 1415 1378 1459 erat
1401 1406 1453 1461 in
1490 1407 1724 1462 desertis
1784 1424 1959 1479 usque

380 1487 437 1540 in
461 1489 604 1543 diem
630 1492 964 1548 ostensionis
993 1507 1106 1548 sua1
1129 1494 1196 1548 ad
1231 1494 1417 1552 lsrael.
1450 1498 1739 1566 :Quzenam
1772 1509 1955 1557 autem

382 1581 499 1636 dies
548 1581 712 1653 hujus
757 1584 1132 1640 ostensionis?
1172 1585 1403 1653 Quando
1458 1589 1677 1664 advenit
1744 1600 1958 1664 tempus

380 1671 643 1742 baptismi
698 1674 934 1739 Domini,
981 1676 1048 1731 de
1091 1693 1202 1748 quo
1232 1688 1476 1749 tempore
1520 1659 1786 1751 scriptum
1827 1659 1955 1740 est:

390 1784 409 1818 ι
452 1767 569 1822 Non
610 1780 694 1823 est
719 1769 1051 1839 intelligens,
1079 1786 1188 1826 non
1220 1781 1304 1828 est
1339 1773 1433 1842 qui
1468 1771 1714 1844 inquirat
1760 1773 1955 1845 Deum,

2063 668 2156 720 καὶ
2208 670 2337 740 θείῳ
2367 672 2665 741 ἠγαλλιᾶτο
2710 672 3014 744 Πνεύματι,
3045 671 3191 726 οὕτω
3224 671 3316 725 καὶ
3354 668 3637 739 γεννηθεὶς

2059 746 2261 829 ηὔξανε
2292 762 2456 816 πάλιν
2498 765 2594 819 καί
2628 764 2985 836 ἐκραταιοῦτο
3034 764 3318 830 Πνεύματι
3341 800 3355 816 .
3394 760 3550 815 Ἐπεὶ
3576 760 3634 813 δὲ

2059 853 2162 905 ούκ
2188 849 2257 923 ἦν
2285 852 2434 920 ἄξιος
2461 855 2628 911 αὐτοῦ
2666 858 2694 909 6
2721 856 2944 928 κόσμος.
2993 858 3115 921 ταῖς
3147 856 3376 927 ἐρήμοις
3405 854 3464 922 ἐξ
3490 853 3635 908 ἀπα-

2059 943 2189 1012 λῶν,
2230 946 2306 1011 ὡς
2363 949 2562 1014 εἰπεῖν,
2602 948 2812 1020 ὀνύχων
2852 948 3137 1019 ἔνδιητᾶτο
3179 948 3271 1002 τὸν
3298 947 3384 1000 ἀεὶ
3417 946 3633 1017 χρόνον,

2060 1033 2313 1102 ἄσκευον,
2333 1039 2569 1108 ἀπεριμέ
2578 1056 2788 1110 ριμνον,
2811 1039 3274 1110 ἀπραγμάτευτον
3301 1037 3415 1106 βίον
3433 1035 3631 1090 ἀνύωνο

2060 1125 2236 1196 λύπης
2289 1130 2541 1201 ἄμοιρον,
2591 1131 2783 1185 παθῶν
2819 1130 3031 1199 ἀγενῶν
3067 1130 3395 1200 ἀμέθεκτον,
3439 1126 3632 1199 ἡδονῆς

2058 1219 2162 1288 τῆς
2206 1220 2549 1292 χαμαιζήλου
2603 1223 2701 1277 καὶ
2759 1223 3036 1292 προσύλου
3092 1224 3300 1292 ταύτης
3352 1223 3447 1276 καὶ
3504 1221 3636 1287 περὶ

2063 1313 2222 1381 σῶμα
2253 1314 2475 1378 καὶτὰς
2507 1315 2829 1385 σωματικὰς
2874 1314 3159 1385 αἰσθήσεις
3209 1314 3376 1385 μόνας
3418 1312 3634 1368 σαινού-

2061 1420 2162 1474 σης
2210 1404 2506 1476 ἀνώτερον·
2550 1408 2671 1479 Θεῷ
2721 1408 2869 1480 μόνῳ
2920 1407 3051 1473 ζῶν,
3081 1406 3215 1461 Θεὸν
3257 1406 3418 1474 μόνον
3468 1404 3630 1475 δρῶν,

2060 1493 2195 1548 Θεὸν
2223 1494 2436 1567 τρυφὴν
2463 1496 2673 1551 οἰκείαν
2702 1496 3049 1567 ποιούμενος.
3087 1495 3229 1565 Ἔζη
3258 1496 3439 1550 τοίνυν
3466 1493 3637 1549 καθά-
3748 1540 3751 1545 ,

2062 1604 2168 1658 περ
2195 1587 2253 1641 ἐν
2278 1606 2384 1643 τινι
2418 1588 2518 1659 τῆς
2541 1589 2646 1661 γῆς
2669 1590 2998 1664 ὲξηρημένῳ
3036 1590 3196 1660 223
3225 1589 3430 1661 χωρίῳ·
3472 1605 3490 1639 ι
3525 1588 3634 1642 Καὶ

2059 1674 2130 1751 ἢν
2162 1682 2221 1733 ὲν
2247 1682 2367 1744 ταῖς
2400 1681 2630 1751 ἐρήμοις
2660 1682 2766 1746 ἕως
2821 1680 3059 1754 ἡμέρας,
3093 1682 3279 1753 φησὶν,
3309 1680 3633 1746 ἀναδείξεως

2062 1771 2226 1826 αὑτοῦ
2259 1772 2394 1844 πρὸς
2431 1772 2523 1827 τὸν
2560 1774 2799 1846 Ἰσραήλ.
2836 1792 2856 1827 ι
2892 1775 2989 1837 Τίς
3019 1774 3076 1829 δὲ
3106 1775 3138 1846 ἡ
3170 1774 3269 1844 τῆς
3304 1773 3633 1837 ἀναδείξεως

382 1874 578 1915 oumes
609 1860 1237 1930 doclinaverunt,’simul
1266 1864 1488 1921 inutiles
1517 1863 1647 1921 facti
1680 1875 1809 1922 sunt
1831 1868 1899 1922 ".
1930 1887 1949 1920 ι

2067 1866 2251 1938 ἡμέρα
2270 1867 2506 1935 ταύτηςς
2536 1866 2733 1921 Ἦνίκα
2752 1866 2780 1915 6
2798 1864 2890 1921 τοῦ
2916 1865 3293 1934 βαπτίσματος
3309 1863 3403 1916 τοῦ
3425 1862 3631 1933 Κυρίου
3746 1870 3752 1875 ”

380 1950 553 2019 Igitur
584 1952 727 2007 sicut
747 1968 810 2008 ea
840 1955 972 2010 hora
998 1955 1263 2011 Dominus
1288 1972 1388 2026 pro
1417 1956 1578 2011 nobis
1602 1958 1787 2033 impiis
1820 1959 1959 2015 incf-

382 2040 534 2097 fabili
568 2053 753 2099 motus
789 2045 1080 2101 clementia
1106 2062 1136 2102 e
1166 2048 1307 2104 ctelo
1335 2047 1640 2116 descendit,
1686 2051 1761 2105 ita
1792 2049 1959 2106 Joan-

382 2148 481 2189 nes
515 2146 643 2191 tunc
666 2151 695 2191 e
724 2136 946 2193 deserto
976 2149 1201 2210 propter
1230 2155 1334 2196 nos
1357 2141 1512 2207 exiit,
1544 2140 1960 2201 ministraturus

382 2225 633 2297 lien‘gnrc
667 2229 788 2297 ejus
830 2231 1132 2297 vo'uutati;
1177 2247 1305 2287 nam
1341 2232 1660 2290 hominibus
1690 2235 1741 2289 in
1794 2234 1959 2291 bara-

381 2318 509 2373 thro
540 2321 797 2391 nequitia:
843 2321 1077 2392 dejectis
1114 2320 1409 2395 nimiaeque
1448 2324 1524 2379 illi
1560 2325 1762 2381 divina:
1801 2327 1961 2382 boni-

382 2409 518 2465 tatis
549 2411 920 2483 indulgentiae,
959 2415 1051 2469 tali
1084 2431 1224 2485 opus
1258 2426 1379 2471 erat
1412 2417 1669 2472 ministro
1698 2419 1792 2489 qui
1823 2419 1961 2474 nulli

380 2502 608 2559 virtutis
663 2506 801 2575 apici
843 2507 1081 2573 cederet,
1131 2509 1223 2579 qui
1275 2510 1350 2563 ita
1387 2509 1635 2565 videntes
1694 2511 1961 2579 traheret,

364 2593 532 2649 'sicut
563 2598 748 2663 traxit,
799 2596 866 2652 ad
898 2600 1254 2669 semetipsum
1301 2599 1579 2656 miraculis
1612 2611 1959 2668 convertens,

384 2690 575 2755 utpote
606 2687 820 2744 caeteris
864 2704 975 2744 non
1005 2692 1226 2756 similis,
1253 2698 1306 2747 et
1330 2706 1494 2764 snper
1526 2694 1798 2750 hominem
1830 2710 1964 2750 con-

382 2772 754 2836 versationem
793 2798 950 2838 suam
977 2784 1269 2839 exhibens.
1302 2785 1430 2839 Erat
1478 2786 1784 2854 praedicans
1824 2802 1964 2859 pra:-

384 2867 717 2926 dicationem
765 2888 863 2927 sua
900 2874 1323 2929 conversatione
1370 2873 1627 2943 dignam;
1665 2890 1790 2930 nam
1838 2892 1964 2947 pro-

381 2960 635 3015 mittebat
675 2977 899 3032 regnum
955 2964 1243 3031 cmlorum,
1304 2974 1359 3019 et
1412 2965 1595 3035 ignem
1652 2967 1963 3023 minabatur

385 3053 919 3125 inexstinguibilem.
974 3068 1029 3111 et
1082 3073 1265 3127 regem
1299 3057 1565 3113 cmlorum
1621 3060 1965 3115 monstrabat

386 3142 666 3198 Christum
706 3162 720 3199 :
781 3163 800 3197 :
835 3145 1005 3215 Cujus
1033 3149 1402 3203 ventilabrum
1444 3149 1496 3203 in
1538 3165 1702 3204 manu
1733 3151 1876 3221 ejus,
1909 3159 1963 3206 et

2061 1958 2380 2030 ἐφειστήκει
2442 1958 2667 2030 καιρὸς,
2733 1958 2867 2029 περὶ
2916 1975 2977 2014 ου
3035 1955 3230 2027 καιροῦ
3298 1956 3633 2027 γέγραπται,

2068 2070 2089 2104 0
2125 2050 2240 2105 Ούκ
2259 2050 2405 2105 ἔστιν
2426 2050 2455 2104 6
2485 2047 2707 2119 συνιὼν,
2727 2049 2826 2104 οὐκ
2851 2049 3001 2104 ἐστιν
3031 2050 3059 2104 6
3091 2046 3335 2119 ἐκζητῶν
3358 2047 3450 2101 τὸν
3478 2046 3632 2101 Θεόνο

2062 2142 2262 2204 πάντες
2298 2139 2601 2207 ἐξέκλιναν,
2624 2140 2742 2211 ἅμα
2787 2137 3195 2211 ήχρειώθησαν.
3236 2156 3254 2189 ι
3303 2133 3517 2205 Ὥσπερ
3543 2131 3635 2187 οὖν

2061 2234 2089 2286 6
2119 2231 2325 2302 K69:0;
2355 2229 2680 2301 τηνικαῦτα,
2727 2230 2948 2286 πάντων
2996 2227 3211 2284 ἀσεϐῶν
3252 2224 3409 2297 ήμῶν
3440 2224 3634 2289 ὄντων,

2063 2323 2257 2394 ἀφάτῳ
2305 2322 2691 2396 φιλανθρωπίᾳ
2738 2323 3088 2396 χρησάμενος
3115 2361 3131 2385 ,
3180 2319 3323 2389 ὑπὲρ
3380 2316 3536 2389 ήμῶν
3579 2312 3637 2380 ἐξ

2064 2414 2297 2486 ούρανοῦ
2332 2417 2622 2487 κατῆλθεν,
2682 2414 2825 2470 οὕτω
2857 2414 2952 2469 καὶ
2985 2415 3013 2467 6
3080 2411 3338 2481 Ἰωάννης
3365 2410 3489 2464 τότε
3536 2409 3637 2479 τῆς

2064 2507 2275 2579 ἐρήμου
2308 2506 2531 2577 ἐξῆλθεν
2563 2506 2704 2578 ὑπὲρ
2751 2506 2933 2578 ήμῶν,
2985 2503 3353 2575 ὑπηρετήσων
3378 2501 3454 2573 τῷ
3488 2502 3636 2555 ὲκεί-

2065 2615 2156 2652 νου
2187 2596 2558 2669 φιλανθρώπῳ
2587 2597 2913 2669 βουλήματι·
2938 2595 3076 2666 πρὸς
3106 2597 3214 2666 γάρ
3237 2594 3330 2648 τὸν
3355 2592 3637 2662 κολοφῶνα

2062 2690 2166 2762 τῆς
2190 2691 2313 2746 τότε
2341 2692 2449 2746 τῶν
2482 2688 2786 2763 ἀνθρώπων
2809 2688 3028 2754 κακίας,
3065 2688 3160 2741 κα)⁵
3186 2686 3287 2757 τήν
3315 2685 3638 2742 ἀνείκαστον

2064 2784 2163 2854 τῆς
2202 2782 2296 2836 τοῦ
2326 2782 2461 2838 Θεοῦ
2501 2781 2918 2854 φιλανθρωπίας
2953 2778 3367 2848 συγκατάΰασιν
3400 2778 3636 2845 εκείνην,

2065 2875 2311 2930 τοιούτου
2362 2876 2474 2931 ἔδει
2509 2877 2606 2930 καὶ
2651 2877 2747 2930 τοῦ
2796 2872 3310 2947 ύπηρετησομένου,
3367 2868 3639 2940 μηδεμίαν

2066 2967 2170 3021 ύπε
2182 2966 2379 3037 ρϐολὴν
2414 2967 2619 3039 ἀρετῆς
2647 2967 3059 3029 ἀπολείποντοςο
3118 2962 3263 3017 οὕτω
3291 2961 3402 3032 γάρ
3428 2961 3494 3015 ἀν
3523 2958 3636 3027 an:

2066 3076 2198 3113 κυσε
2228 3060 2355 3124 τοὺς
2378 3060 2644 3132 ὁρῶντας,
2677 3059 2870 3129 ὥσπερ
2911 3052 3005 3112 οὖν
3054 3055 3327 3121 εἵλκυσεν,
3385 3050 3639 3122 ἐπιστρέ-

2063 3151 2171 3222 ψας
2202 3153 2339 3224 1:96;
2381 3151 2575 3207 ἑαυτὸν
2616 3152 2755 3221 μετά
2798 3150 3106 3222 θαύματος,
3138 3148 3214 3212 ὡς
3242 3146 3637 3217 ὲξηλλαγμένος

386 3236 647 3305 purgauit
699 3253 886 3292 aream
917 3254 1097 3304 suam,
1154 3248 1210 3294 ct
1238 3242 1594 3313 congregabit
1631 3242 1874 3297 triticum
1904 3242 1960 3297 in

2067 3263 2147 3309 τις
2171 3244 2269 3310 ὢν,
2303 3246 2399 3299 καὶ
2429 3244 2573 3316 ὑπὲρ
2605 3242 2895 3315 ἄνθρωπον
2939 3240 3229 3296 πολιτείαν
3263 3239 3643 3312 ἐπιδεικνύμε-

386 3326 649 3381 horreum
690 3343 874 3398 suum,
902 3331 1087 3399 paleas
1123 3341 1308 3388 autem
1340 3333 1627 3390 comburet
1662 3333 1771 3406 igni
1800 3333 1958 3389 inex-

387 3418 713 3486 stin‘guibili.
756 3439 775 3475 ι

2069 3354 2181 3401 νος.
2211 3332 2322 3391 Ἦν
2350 3336 2407 3391 δὲ
2439 3339 2535 3391 καὶ
2561 3336 2827 3408 κήρυτιια
2856 3332 3146 3406 κηρύττων
3179 3332 3275 3404 τῆς
3305 3330 3515 3395 οἰκείας
3540 3347 3641 3384 που

2072 3427 2282 3493 λιτείας
2298 3427 2542 3493 ὲπάξιονο
2566 3426 2845 3498 βασιλείαν
2861 3442 2970 3497 γαρ
2984 3424 3233 3492 οὐρανῶν
3248 3422 3641 3495 ἐπηγγέλλετο,

386 3511 484 3563 καὶ
513 3510 623 3582 πῦρ
653 3513 917 3569 ἄσϐεστον
951 3516 1187 3586 ἠπείλει,
1236 3518 1329 3572 καὶ
1355 3518 1448 3572 :6v
1480 3518 1709 3589 βασιλέα
1771 3520 1882 3577 τῶν
1914 3521 2172 3592 οὐρανῶν
2220 3521 2510 3576 ύπεδείκνυ
2568 3520 2823 3593 Χριστόν³
2898 3539 2917 3573 ι
2952 3512 3029 3576 O6
3094 3518 3155 3573 :6
3186 3517 3377 3585 πτύον,
3448 3517 3644 3588 φησὶν,

387 3603 448 3654 ἐν
467 3605 529 3674 τῇ
564 3608 709 3677 χειρὶ
736 3608 923 3677 αὑτοῦ,
963 3598 1058 3664 καὶ
1092 3611 1445 3682 διακαθαριεῖ
1501 3614 1601 3685 τὴν
1647 3614 1827 3669 ἀλωνα
1871 3617 2069 3687 αὗτοῦ,
2088 3617 2183 3673 καὶ
2217 3616 2437 3685 συνάξει
2467 3616 2561 3672 τὸν
2626 3618 2775 3671 σῖτον
2835 3616 2916 3679 εἰς
2969 3615 3069 3687 τὴν
3110 3612 3396 3683 ἀποθήκην
3453 3607 3641 3665 αὐτοῦ’

389 3695 523 3749 τδδξ
553 3697 757 3769 ἄχυρον
786 3703 1129 3757 κατακαύσει
1149 3707 1283 3775 πυρί
1308 3692 1584 3777 ἀσϐέστῳ.
1622 3726 1641 3759 ι

467 3792 573 3849 Sed
615 3808 723 3849 non
763 3797 946 3852 verbis
983 3806 1221 3863 tantum,
1265 3814 1457 3856 verum
1493 3802 1654 3857 etiam
1688 3802 1966 3871 ,opcribus

392 3903 517 3943 cum
570 3887 829 3945 omnibus
861 3888 1254 3958 manilestavit,
1292 3892 1444 3947 illum
1479 3892 1793 3962 baptizans,
1826 3896 1969 3953 suis-

390 3995 499 4049 que
553 3980 843 4052 discipulis
880 3983 1202 4046 ostendens,
1255 4000 1477 4041 necnon
1516 3987 1570 4041 in
1598 3988 1855 4045 omnibus
1890 3996 1969 4043 te-

390 4079 547 4127 stans
596 4075 854 4141 quoniam
901 4074 1019 4143 ipse
1040 4085 1123 4130 est
1156 4073 1331 4130 Filius
1371 4075 1569 4143 Patris,
1608 4078 1797 4149 Agnus
1850 4081 1965 4147 Dei,

391 4164 641 4234 Sponsus
670 4166 980 4220 animarum
1011 4167 1077 4222 ad
1107 4181 1231 4223 eum
1268 4169 1669 4236 accedentium,
1702 4172 1795 4242 qui
1829 4172 1970 4230 tollit

390 4266 616 4327 peccata
648 4257 859 4323 mundi,
898 4261 990 4329 qui
1026 4261 1271 4316 maculas
1306 4262 1588 4331 abstergit,
1620 4262 1715 4332 qui
1747 4262 1971 4334 insuper

391 4350 877 4407 sanetilicatinnem
913 4350 1079 4408 infert
1105 4360 1159 4408 et
1186 4353 1519 4424 impertitur.
1552 4352 1655 4419 Sed
1677 4363 1965 4427 postquam

390 4442 466 4496 ita
494 4442 638 4498 viam
667 4443 786 4514 ejus
814 4443 1130 4513 paravisset
1152 4447 1458 4502 secundum
1494 4447 1841 4518 prophetiam
1868 4446 1969 4501 Za-

392 4532 618 4597 chariae,
650 4544 704 4588 ct
732 4534 915 4589 omnia
949 4534 1270 4603 perfecisset
1291 4538 1357 4593 ad
1391 4554 1513 4608 quae
1538 4540 1743 4596 missus
1774 4547 1879 4603 est,
1914 4548 1969 4594 et

392 4624 773 4694 praecurrisset
800 4641 1012 4682 necnon
1037 4627 1343 4697 baptizator
1376 4629 1551 4688 factus
1575 4642 1725 4688 esset
1755 4634 1808 4688 in
1848 4631 1972 4687 J‘or-

2145 3803 2221 3857 06
2250 3800 2434 3870 λόγοις
2464 3800 2522 3856 δὲ
2554 3800 2736 3870 μόνον,
2770 3797 2908 3853 ἀλλά
2939 3796 3033 3851 καὶ
3061 3795 3130 3851 δι’
3152 3795 3334 3867 ἔργων
3371 3795 3483 3858 τοῖς
3506 3793 3642 3848 πᾶσι

2073 3894 2267 3948 τοῦτον
2318 3892 2653 3962 ἀφανέρωσε,
2699 3889 2974 3960 βαπτίσας
3009 3886 3195 3953 αὐτὸν,
3246 3885 3343 3940 καὶ
3394 3884 3645 3955 δακτύλῳ

2073 3986 2280 4053 δείξας,
2309 3985 2555 4048 καὶτοῖς
2594 3983 2820 4046 οἰκείοις
2874 3980 3153 4052 μαθηταῖς
3200 3978 3500 4049 συστήσας,
3548 3978 3647 4031 καὶ

2073 4080 2163 4134 διά
2196 4078 2412 4130 πάντων
2447 4058 2829 4146 μαρτυρήσας,
2863 4074 2946 4128 ὅτι
2969 4065 3124 4137 οὗτός
3154 4074 3303 4124 ἐστιν
3335 4072 3361 4124 6
3394 4069 3522 4133 Υἱὸς
3549 4069 3646 4125 τοῦ

2072 4171 2306 4242 Πατρὸς,
2330 4173 2359 4225 6
2389 4168 2559 4238 ἀμνὸς
2591 4165 2686 4221 τοῦ
2718 4163 2880 4231 Θεοῦ,
2918 4164 2947 4217 6
2976 4163 3085 4218 τῶν
3113 4162 3266 4234 αὐτῷ
3313 4161 3649 4233 προσιόντων

2078 4262 2272 4333 ψυχῶν
2298 4260 2553 4332 νυμφίος,
2584 4260 2613 4313 6
2651 4261 2751 4329 τὴν
2787 4255 3066 4327 ἁμαρτίαν
3088 4256 3259 4327 αἴρων
3284 4255 3378 4308 τοῦ
3411 4252 3644 4323 κόσμου,

2076 4355 2173 4409 καὶ
2213 4355 2305 4408 τὸν
2362 4351 2640 4423 μολυσμδν
2691 4348 2947 4420 ἐξαίρων,
2977 4349 3074 4403 καὶ
3105 4348 3198 4402 τὸν
3245 4346 3518 4417 ἀγιασμδν
3549 4345 3648 4399 ἀνι

2074 4446 2379 4519 τετσφέρων
2408 4446 2504 4500 καὶ
2530 4443 2911 4516 χαριζόμενος.
2943 4442 3274 4512 Ἐτοιμάσας
3304 4440 3362 4493 δὲ
3384 4436 3527 4494 οὕτω
3549 4436 3648 4508 τὴν

2075 4540 2193 4594 ὁδ’,ν
2227 4536 2390 4593 αὑτοῦ
2439 4538 2582 4590 κατά
2630 4535 2730 4607 τὴν
2779 4532 3052 4606 Ζαχαρίου
3098 4534 3427 4606 πρόρρησιν,
3468 4533 3564 4587 καλ⁸
3588 4530 3650 4584 :6

2080 4633 2190 4687 πᾶν
2221 4630 2467 4697 τελέσας,
2490 4629 2559 4683 δι’
2584 4628 2613 4681 6
2642 4630 2739 4682 καὶ
2761 4628 3044 4698 ἀπεστάλη
3075 4629 3169 4682 καὶ
3191 4624 3527 4697 προέδραμε,
3553 4623 3650 4677 καὶ

324 4746 337 4816 ἶ
394 4720 558 4784 «lane,
595 4721 802 4774 sensim
854 4734 1037 4775 coram
1087 4721 1312 4779 Christo
1341 4723 1487 4779 cedit
1543 4739 1572 4778 ο
1619 4725 1869 4780 doctrina
1915 4734 1963 4781 ct

2077 4721 2376 4794 βαπτιστὴς
2413 4724 2471 4774 ὲν
2531 4720 2774 4793 Ἰορδάνῃ
2816 4720 3064 4788 γέγονεν,
3096 4716 3375 4816 ὑποχωρεί

394 4809 683 4880 ιίῐευῖρῐὶιια
709 4827 871 4882 quam
902 4813 965 4867 ad
994 4824 1356 4885 congregatos
1383 4816 1686 4884 discipulos
1713 4816 1971 4884 habebat,

397 4914 452 4958 et
493 4903 651 4959 turba
689 4920 946 4975 egressus
991 4907 1114 4963 illos
1162 4908 1392 4963 Domino
1435 4908 1619 4964 tradit.
1682 4907 1787 4963 Sed
1844 4924 1969 4963 cum

399 4995 804 5055 lierodeslilius
829 5000 976 5057 illius
999 5000 1332 5057 infanticida:
1363 5017 1468 5054 non
1491 5016 1710 5054 amnem
1745 5001 1968 5070 quidem

394 5090 757 5160 principatum
790 5094 960 5164 patris
984 5095 1309 5164 accepisset,
1345 5102 1462 5146 erat
1490 5092 1636 5146 enim
1672 5094 1968 5158 tetrarcha,

399 5181 622 5236 malitia:
665 5196 848 5238 autem
885 5184 1008 5253 ejus
1048 5185 1369 5245 addidisset,
1411 5183 1597 5237 vivens
1639 5183 1694 5237 in
1728 5183 1968 5253 llagit‘is,

396 5282 449 5327 et
487 5275 797 5345 exemplum
834 5274 1008 5330 lactus
1047 5275 1247 5330 Iudaeis
1274 5275 1455 5328 omnis
1492 5276 1771 5343 nequitiae,
1804 5274 1973 5330 Joan-

396 5346 494 5421 nes
530 5382 635 5421 non
667 5368 841 5436 potuit
873 5384 980 5422 non
1013 5368 1160 5437 loqui
1192 5384 1207 5429 ;
1238 5369 1513 5437 quomodo
1541 5370 1686 5422 enim
1713 5370 1974 5425 tacuisset

396 5459 487 5526 qui
518 5469 631 5515 erat
662 5475 764 5513 vox
796 5446 1094 5514 veritatis?
1116 5461 1209 5515 sed
1252 5460 1572 5529 increpabat
1596 5478 1719 5517 cum
1750 5471 1972 5533 propter

396 5551 500 5605 alia
525 5552 710 5606 omnia
738 5567 859 5621 quae
892 5553 1145 5622 patrabat
1175 5553 1338 5619 mala,
1370 5564 1421 5608 et
1446 5554 1719 5625 praecipue
1751 5565 1973 5625 propter

2076 4819 2175 4888 τῆς
2209 4817 2347 4887 1:96;
2367 4815 2497 4877 τοὺς
2525 4812 2981 4883 συνειλεγμένους
3009 4808 3327 4881 παρρησίας
3358 4806 3455 4861 καὶ
3504 4805 3648 4859 διδα-

2076 4909 2328 4972 σκαλίας,
2364 4907 2458 4960 καὶ
2487 4905 2763 4975 ἀναχωρεῖ
2796 4901 2889 4956 τοῦ
2921 4900 3277 4972 πλήθους,τῷ
3309 4897 3500 4968 Κυρίῳ
3524 4894 3650 4949 τού-

2074 5019 2198 5066 τους
2231 4999 2534 5072 παραδούς.
2574 4994 2730 5051 Ἑπεί
2759 4995 2817 5049 δὲ
2861 4993 3112 5065 Ἡρώδης
3139 4995 3168 5047 6
3207 4990 3302 5046 τοῦ
3354 4987 3653 5061 βρεφοκτό-

2074 5113 2166 5149 νου
2197 5094 2407 5148 ἐκείνου
2446 5092 2558 5154 υἱὸς
2586 5090 2686 5161 τὴν
2725 5088 2823 5159 μὲν
2882 5087 3057 5158 ἀρχὴν
3089 5082 3185 5139 τοῦ
3217 5082 3428 5154 πατρὸς
3469 5081 3653 5135 πᾶσαν

2078 5187 2140 5240 ού
2194 5184 2488 5250 διεδέξατο,
2525 5182 2832 5252 τετράρχης
2859 5180 2967 5249 γὰρ
3005 5172 3163 5240 οὗτος
3190 5172 3281 5247 ἦν,
3305 5179 3371 5247 τῇ
3405 5173 3461 5227 6‘s
3484 5170 3652 5243 κακίᾳ

2079 5278 2275 5334 τούτου
2307 5278 2403 5330 καὶ
2446 5273 2784 5346 προσετίθει,
2820 5271 3002 5336 συζῶν
3035 5268 3325 5339 ἀκολασίᾳ,
3355 5267 3448 5321 καὶ
3471 5264 3653 5334 παρὰ·

2076 5374 2276 5443 δειγμα
2308 5374 2423 5433 τοῖς
2459 5368 2738 5431 Ἰουδαίοις
2770 5366 2953 5433 πάσης
2993 5363 3196 5425 κακίας
3264 5358 3651 5430 προκείμενος,

2078 5464 2179 5517 οὐκ
2206 5463 2471 5532 ἠνέσχετο
2497 5463 2525 5514 6
2567 5459 2822 5527 ’ῐωάννης
2854 5456 3016 5527 σιγᾷν
3039 5472 3056 5489 ο
3086 5452 3207 5517 πῶς
3233 5453 3342 5520 γὰρ
3374 5447 3526 5519 φωνὴ
3553 5448 3654 5518 τῆς

2079 5554 2335 5623 ἀληθείας
2361 5552 2437 5605 ὧν
2459 5569 2472 5613 ;
2498 5550 2614 5603 ἀλλ’
2641 5551 2872 5621 ἤλεγχεν
2900 5547 3064 5601 αὑτὸν
3099 5545 3224 5616 περί
3252 5560 3310 5596 τε
3343 5541 3452 5596 τῶν
3476 5539 3655 5593 ἄλλων

397 5640 764 5698 llerodiadem
802 5659 1031 5698 uxorem
1082 5645 1271 5701 fratris
1296 5646 1440 5716 ejus,
1486 5662 1650 5716 quam
1696 5647 1963 5702 sublatam

2080 5644 2334 5698 ἁπάντων
2357 5636 2431 5695 ὧν
2448 5640 2622 5693 ἐποίει
2640 5637 2917 5708 πονηρῶν,
2940 5637 3037 5690 καὶ
3056 5633 3288 5705 μάλιστα
3315 5630 3443 5700 περ).
3478 5627 3657 5696 Ἥρω-

398 5734 585 5791 illicite
615 5739 865 5801 duxerat,
901 5736 1096 5794 dicens
1121 5738 1248 5797 huic
1275 5740 1418 5797 malo
1450 5758 1464 5795 :
1506 5759 1523 5793 ι
1560 5739 1674 5796 Νοη
1716 5740 1839 5797 licet
1872 5738 1963 5795 tibi

2070 5737 2250 5801 διάδος
2276 5735 2375 5805 τῆς
2404 5732 2664 5802 γυναικὸς
2688 5728 2784 5783 τοῦ
2831 5725 3064 5797 ἀδελφοῦ
3093 5724 3284 5792 αὑτοῦ,
3308 5723 3375 5794 ἢν
3397 5721 3655 5794 ἀρπάσας

470 5916 512 5946 ³⁸
546 5914 686 5971 Psal.
725 5932 846 5989 xm,
901 5919 960 5973 ’5.
