4082 6416
442 389 542 456 501

1819 390 2148 452 HOMILIA
2183 391 2306 452 XL.

3583 378 3694 440 502
3717 383 3721 388 ’

445 505 652 566 ἐκεῖνος
682 503 1013 573 παρανόμως
1045 501 1241 572 ἔγημε,
1274 501 1446 572 λέγων
1469 505 1604 573 πρὸς
1629 503 1812 556 αὐτόν’
1846 521 1864 554 ι
1901 503 2015 556 Οὐκ

2126 502 2320 555 habere
2355 513 2580 555 uxorem
2606 497 2790 554 fratris
2827 497 2904 553 tui
2939 492 3171 562 Philippi
3203 491 3267 545 ".
3317 509 3333 541 ι
3369 487 3460 543 llle
3500 496 3681 542 autem

450 593 630 666 ξξεστί
663 611 747 646 σοι
784 593 928 664 ἔχειν
963 593 1059 664 τὴν
1107 597 1340 659 γυναῖκα
1397 594 1667 647 Φιλίππου
1708 593 1802 647 τοῦ
1860 594 2015 648 ἀδελ-

451 686 553 754 φοῦ
588 703 704 740 σου.
755 705 773 738 ι
816 687 875 738 '0
901 686 957 738 δὲ
991 687 1081 737 τὸν
1112 685 1353 756 ἔλεγχον,
1391 687 1591 757 μᾶλλον
1625 687 1680 739 δὲ
1703 687 1843 748 τοὺς
1864 689 2018 755 ἐλέγ-

444 795 575 848 χους
612 777 686 848 μὴ
714 778 919 848 φέρων,
971 778 1284 847 προσέθηκε
1338 782 1434 830 καὶ
1492 779 1652 831 τοῦτο
1688 780 1802 842 τοῖς
1830 779 2014 843 ἄλλοις

447 871 704 938 πονηροῖς
744 870 950 936 ἔργοις,
1010 869 1330 922 κατέκλεισε
1373 869 1466 922 τὸν
1529 870 1783 939 Ἰωάννην
1838 873 1896 924 ὲν
1946 875 2014 942 τῇ

446 961 683 1031 φυλακῇ.
719 960 983 1024 Φίλιππος
1013 961 1070 1015 δὲ
1100 955 1256 1025 οὗτος
1279 963 1393 1024 υἱὸς
1415 962 1510 1016 καὶ
1537 963 1696 1026 αὐτὸς
1725 959 1794 1034 ἦν
1836 964 2018 1034 Ἡρώ-

443 1053 554 1119 δου,
588 1053 782 1122 μοίρας
810 1054 1002 1123 ἑτέρας
1033 1054 1337 1125 τετράρχης
1373 1055 1448 1108 ῶν
1472 1068 1486 1084 ⁸
1522 1055 1618 1107 τοῦ
1654 1056 1764 1124 γὰρ
1809 1057 2016 1124 πατρὸς

448 1141 626 1196 αὐτῶν
670 1143 909 1212 Ἡρώδου
965 1143 1103 1212 μετά
1149 1144 1246 1215 τὴν
1282 1146 1468 1215 ἀπηνῆ
1520 1147 1614 1198 καὶ
1666 1146 2014 1217 φρενοϐλαὸῆ

447 1233 839 1303 βρεφοκτονίαν
862 1236 1080 1306 ἐκείνην
1106 1241 1412 1313 συμφοραῖς
1451 1239 1541 1290 καὶ
1591 1237 1769 1302 νόσοις
1815 1239 2019 1307 ἀνηκέιο

450 1343 597 1387 στοις
653 1329 747 1378 καὶ
801 1327 1150 1390 ἀνυποίστοις
1209 1329 1627 1399 περιπεσόντος,
1677 1331 1771 1383 καὶ
1822 1329 2018 1383 ἑαυτὸν

447 1416 729 1480 ἀνελόντος
765 1416 824 1482 ἐξ
853 1417 1302 1490 ὑπερϐαλλούσης
1332 1420 1486 1480 ἀνίας
1510 1422 1601 1472 καὶ
1625 1421 2014 1491 περιωδυνίας,

448 1510 611 1578 ἡνίκα
637 1513 730 1564 καὶ
770 1512 907 1580 πρὸς
928 1513 1019 1566 τὸν
1060 1510 1258 1579 Ἰωσὴφ
1297 1516 1325 1566 ὁ
1374 1513 1608 1580 ἄγγελος
1653 1517 1712 1566 ὲν
1750 1514 2018 1582 Αἰγύπτῳ

448 1596 641 1652 εἶπεν·
681 1618 700 1652 ι
755 1602 1035 1674 Ἐγερθεὶς
1085 1605 1369 1674 παράλαϐε
1422 1605 1482 1658 τὸ
1515 1606 1729 1658 παιδίον
1781 1608 1877 1658 καὶ
1921 1606 2019 1675 τὴν

451 1691 666 1761 μητέρα
697 1693 886 1756 αὐτοῦ,
918 1695 1013 1745 καὶ
1044 1695 1280 1766 πορεύου
1307 1697 1385 1758 εἰς
1415 1697 1520 1766 γῆν
1556 1695 1791 1768 Ἰσραήλ·
1824 1698 2018 1768 τεθνή-

451 1797 578 1832 κασι
606 1781 713 1850 γὰρ
746 1783 794 1834 οἱ
826 1782 1114 1852 ζητοῦντες
1169 1787 1268 1856 τὴν
1319 1787 1500 1858 ψυχὴν
1541 1787 1636 1840 τοῦ
1693 1789 1909 1842 παιδίου
1939 1806 1950 1819 ·
1996 1807 2014 1840 ι

2118 592 2546 660 increpationetu
2605 591 2688 646 vel
2715 591 2892 658 potius
2917 583 3318 654 increpatioues
3349 595 3454 634 non
3483 579 3685 638 ferens,

2119 685 2262 740 istud
2297 683 2420 737 aliis
2452 682 2710 752 operibus
2737 680 2899 734 malis
2924 677 3122 746 adjecit
3152 686 3205 730 et
3233 674 3502 729 conclusit
3527 671 3691 725 Joan-

2122 793 2244 831 nem
2273 776 2327 829 in
2363 788 2604 830 carcere.
2640 772 2814 826 Porro
2860 770 3147 839 Philippus
3186 767 3275 821 ille
3306 763 3537 820 Herodis
3572 764 3690 832 ipse

2120 881 2339 938 quoque
2386 875 2505 920 erat
2538 865 2703 929 ﬁlius,
2737 863 2960 917 alterius
3015 861 3184 928 partis
3212 856 3482 912 tetrarcha
3512 872 3526 920 ;
3563 869 3688 907 nam

2121 975 2244 1014 eum
2281 956 2524 1014 Herodes
2556 972 2748 1011 eorum
2791 965 2946 1024 pater
2988 959 3112 1020 post
3148 951 3295 1004 illam
3330 948 3606 1004 crudelem
3638 956 3692 998 et

2122 1053 2371 1106 insanam
2405 1049 2694 1104 infantium
2728 1048 2932 1102 eaedem
2958 1045 3011 1099 in
3045 1043 3212 1097 exitia
3246 1051 3300 1095 et
3335 1039 3553 1094 morbos
3575 1047 3688 1090 tum

2123 1144 2461 1199 insanabiles
2491 1151 2606 1197 tum
2641 1139 3022 1196 intolerabiles
3054 1136 3359 1198 incidisset,
3409 1144 3461 1186 et
3489 1138 3692 1186 semet-

2122 1238 2301 1305 ipsum
2334 1253 2399 1290 ex
2447 1235 2631 1290 nimiis
2667 1233 2952 1303 suppliciis
2988 1240 3150 1299 atque
3201 1226 3536 1282 cruciatibus
3582 1225 3710 1296 eri-_

2122 1331 2349 1398 pnisset,
2375 1327 2591 1396 quando
2615 1327 2841 1394 angelus
2863 1324 3000 1378 dixit
3022 1321 3089 1376 ad
3114 1319 3313 1388 Josepln
3343 1319 3394 1371 in
3421 1315 3689 1386 Egypto:

2129 1439 2147 1472 ι
2187 1421 2361 1489 Surge
2385 1428 2438 1474 et
2470 1419 2657 1488 accipe
2693 1432 2920 1487 puerum
2957 1425 3011 1469 et
3041 1397 3266 1468 matrem
3299 1426 3440 1477 ejus,
3471 1418 3525 1462 et
3559 1408 3694 1460 vade

2125 1513 2179 1566 in
2209 1522 2407 1566 terram
2443 1509 2607 1564 Israel
2639 1526 2654 1575 ;
2686 1509 2887 1562 mortui
2919 1509 3062 1562 enim
3097 1513 3223 1559 sunt
3255 1503 3347 1572 qui
3375 1502 3694 1570 quaerebant

2123 1604 2362 1657 animam
2402 1605 2552 1670 pueri
2581 1601 2666 1667 ";
2699 1620 2716 1651 ι
2743 1600 2907 1670 igitur
2950 1612 3075 1652 cum
3125 1595 3369 1650 Herodes
3418 1593 3558 1678 male
3589 1590 3694 1644 sibi

2125 1695 2289 1748 vitam
2348 1694 2681 1763 abrupisset,
2706 1695 2798 1762 qui
2831 1701 2959 1746 tunc
2984 1691 3236 1745 universo
3266 1683 3699 1756 imperabatCac-

2126 1802 2236 1851 sar,
2263 1787 2316 1841 in
2348 1795 2584 1856 quatuor
2613 1795 2792 1855 partes
2831 1782 3016 1838 divisit
3050 1782 3167 1848 ejus
3194 1793 3441 1850 regnum,
3470 1784 3522 1830 et
3561 1775 3699 1827 duo-

450 1872 545 1926 τοῦ
580 1874 826 1942 Ἡρώδου
860 1877 1045 1930 τοίνυν
1085 1878 1296 1932 ἐκείνου
1323 1879 1510 1943 κακῶς
1539 1881 1599 1933 τὸ
1636 1879 1734 1951 ζῇν
1766 1881 2020 1952 ἀπορρή-

2128 1882 2227 1935 bus
2256 1880 2476 1951 quidem
2515 1879 2650 1933 alios
2681 1875 2947 1947 praefecit,
2982 1874 3198 1928 duobus
3243 1882 3425 1924 autem
3465 1866 3585 1920 aliis
3619 1871 3700 1916 te-

454 1965 660 2034 ξαντος,
693 1968 721 2020 ό
751 1968 860 2020 τῶν
896 1970 1032 2023 ὅλων
1066 1973 1422 2044 αὐτοκράτωρ
1455 1974 1765 2044 τηνικαῦτα
1800 1976 2019 2045 Καῖσαρ

453 2062 529 2121 εἰς
561 2062 800 2132 τέσσαρα
833 2063 996 2144 διεῖλε
1035 2065 1135 2136 τὴν
1175 2065 1266 2118 ὑπ’
1312 2069 1519 2120 ἐκεῖνον
1549 2069 1745 2138 ἀρχὴν,
1779 2070 1874 2121 καὶ
1903 2070 2018 2132 τοῖς

454 2151 552 2219 μὲν
579 2153 728 2207 δυσὶν
767 2155 986 2226 ἑτέρους
1016 2159 1313 2227 ἐπέστησε,
1344 2159 1455 2213 τῶν
1486 2159 1530 2212 δ’
1557 2161 1760 2230 ἑτέρων
1784 2159 1877 2211 δύο
1918 2175 2019 2227 με·

453 2241 560 2309 ρῶν
585 2243 748 2315 224
776 2245 1082 2318 τετράρχας
1123 2252 1425 2321 κατέστησε
1461 2253 1588 2316 τοὺς
1622 2253 1716 2306 τοῦ
1767 2253 2010 2323 Ἡρώδου

451 2335 619 2398 υἱοὺς,
642 2337 904 2392 Φίλιππόν
929 2358 990 2394 τε
1014 2343 1106 2394 καὶ
1145 2343 1234 2395 τὸν
1271 2343 1520 2414 Ἡρώδην
1552 2345 1763 2399 τοῦτον.
1798 2346 1890 2397 Διὸ
1915 2346 2016 2397 καὶ

448 2429 478 2478 ὁ
505 2427 900 2500 εύαγγελιστὴς
949 2433 1166 2498 Λουκᾶς
1201 2438 1522 2506 τετραρχεῖν
1551 2437 1713 2490 αὐτὸν
1744 2435 1894 2502 λέγει
1924 2436 2020 2504 τῆς

2131 1973 2376 2028 trarchas
2406 1972 2668 2040 imposuit
2691 1970 2828 2023 tilios
2859 1967 3088 2022 llerodis
3106 1964 3415 2032 Philippum
3446 1970 3498 2014 et
3530 1961 3694 2014 istum

2128 2063 2420 2119 Herodem.
2446 2063 2568 2116 Ideo
2597 2059 2932 2129 evangelista
2959 2056 3135 2110 Lucas
3171 2055 3302 2109 dicit
3335 2054 3476 2106 hunc
3502 2058 3698 2104 tetrar-

2127 2156 2286 2209 cham
2320 2151 2490 2206 fuisse
2513 2148 2733 2214 Judarae,
2764 2147 3073 2216 Philippum
3105 2153 3286 2198 autem
3317 2143 3436 2208 ejus
3471 2140 3695 2192 fratrem

2114 2245 2401 2313 regionum
2459 2241 2680 2296 lturidis
2740 2247 2794 2294 et
2842 2237 3282 2294 Trachouitidis.
3347 2233 3566 2303 quando
3627 2232 3694 2285 ad

2118 2335 2410 2391 Jordanem
2442 2333 2592 2390 stetit
2622 2331 2862 2387 Joannes
2896 2330 3197 2400 praedicans
3220 2330 3548 2397 baptismum
3579 2341 3696 2395 poe-

2123 2442 2392 2484 DIICDUIB.

458 2516 721 2582 Ἰουδαίας
749 2535 764 2550 ο
789 2521 1052 2576 Φίλιππον
1084 2524 1142 2578 δὲ
1163 2524 1253 2578 τὸν
1278 2525 1505 2594 ἀδελφὸν
1527 2525 1693 2580 αὑτοῦ
1722 2527 1819 2595 τῆς
1851 2522 2153 2595 Ἰτουραίας
2185 2539 2246 2574 τε
2309 2522 2405 2574 καὶ
2474 2517 2872 2588 Τραχωνίτιδος
2935 2519 3138 2589 χώρας,
3184 2517 3345 2588 ἡνίκα
3396 2516 3470 2586 τῷ
3551 2515 3697 2580 Ἰορ-

447 2614 586 2684 δάνῃ
620 2613 878 2683 ἐπέστη-ὁ
917 2617 1168 2688 Ἰωάννης
1205 2620 1496 2690 κηρύσσων
1524 2621 1810 2691 βάπτισμα
1840 2619 2153 2690 μετανοίας.

523 2699 690 2767 Οὗτος
744 2705 838 2759 οὖν
877 2707 904 2758 ὁ
943 2707 1061 2770 νέος
1121 2709 1368 2778 Ἡρώδης
1404 2711 1690 2779 κρατήσας
1731 2711 1890 2780 ἔδησε
1924 2711 2021 2763 καὶ
2058 2763 2071 2774 _

452 2797 604 2849 ἔθετο
628 2797 718 2851 τὸν
753 2797 1006 2868 Ἰωάννην
1035 2802 1091 2851 ἐν
1119 2800 1334 2870 φυλακῇ
1356 2814 1371 2829 ’
1408 2801 1482 2864 ὡς
1512 2802 1610 2871 μὲν
1656 2804 1686 2854 ’ὁ
1732 2801 2020 2864 Ματοαῖος

454 2891 548 2943 καὶ
583 2893 610 2943 ό
646 2891 873 2960 Μάρκος
915 2892 1099 2962 φησὶν,
1153 2891 1507 2962 ἐλεγχόμενος
1570 2894 1661 2947 ὑπ’
1708 2893 1874 2948 αὐτοῦ
1931 2893 2019 2947 διὰ

458 2983 554 3052 τὴν
599 2983 925 3053 Ἡρωδιάδα,
953 2986 1020 3056 ἣν
1053 2987 1516 3056 σφετερισάμενος
1551 2984 1640 3058 ἦν,
1664 2990 1899 3055 γυναῖκα
1929 2985 2020 3042 ού-

454 3091 552 3127 σαν
595 3076 690 3128 τοῦ
735 3075 961 3144 ἀδελφοῦ
1001 3076 1186 3130 αὐτοῦ.
1251 3077 1311 3129 Ὀ
1363 3079 1419 3130 δὲ
1457 3080 1766 3144 Λουκάςού
1803 3079 1889 3131 διὰ
1920 3080 2018 3150 τὴν

465 3167 766 3238 Ἡρωδιάδα
815 3168 976 3237 μόνον
1017 3171 1203 3238 φησιν,
1234 3171 1371 3224 ἀλλὰ
1403 3190 1421 3222 ι
1464 3171 1572 3224 Καὶ
1625 3175 1754 3242 περὶ
1802 3173 2021 3226 πάντων

455 3251 529 3313 ὧν
553 3263 777 3330 ἐποίησε
829 3263 1083 3332 πονηρῶν
1135 3265 1165 3316 ὁ
1229 3263 1500 3335 Ἡρώδης,
1545 3265 1871 3336 προσέθηκε
1926 3266 2023 3320 καὶ

456 3351 612 3405 τοῦτο
639 3353 732 3405 ἐπὶ
763 3355 916 3418 πᾶσι,
941 3355 1035 3408 καὶ
1069 3349 1391 3409 κατέκλεισε
1437 3358 1527 3411 τὸν
1571 3359 1830 3427 Ἰωάννην
1871 3361 1928 3412 ἐν
1953 3361 2020 3429 τῇ

459 3441 694 3511 φυλακῇ.
740 3461 758 3494 ι
800 3443 924 3505 Πῶς
952 3439 1044 3497 οὖν
1075 3446 1122 3498 oi
1173 3446 1322 3500 ἄλλοι
1356 3448 1741 3516 εὐαγγελισταὶ
1773 3451 1867 3504 τοῦ
1899 3451 2026 3521 περὶ

456 3532 556 3600 τῆς
591 3532 917 3602 Ἡρωδιάδος
945 3535 1166 3607 ἐλέγχου
1204 3538 1362 3606 μόνον
1396 3545 1726 3610 πεποίηνται
1758 3544 2026 3611 μνήμηνς

470 3628 689 3701 Ἐπειδὴ
727 3631 822 3684 τοῦ
855 3633 1318 3689 κατακεκλεῖσθαι
1347 3635 1437 3689 τὸν
1481 3637 1734 3709 Ἰωάννην
1764 3639 1859 3692 καὶ
1887 3639 2024 3694 ἄλλα

457 3721 626 3775 πολλὰ
659 3723 726 3776 τά
758 3724 930 3789 αἴτια,
980 3726 1182 3795 μᾶλλον
1221 3727 1279 3779 δὲ
1327 3729 1507 3782 πάντα
1535 3731 1629 3782 τοῦ
1663 3731 2024 3801 φιλοπονήρου

459 3811 720 3880 βασιλέως
753 3814 822 3865 τὰ
855 3813 1013 3884 ἔργα,
1039 3810 1236 3884 ἐφ’.οἷς
1278 3815 1486 3870 ἅπασιν
1517 3818 1898 3888 ἐλεγχόμενος,
1927 3821 2027 3891 τὴν

467 3905 719 3960 Ἰωάννου
746 3907 1062 3979 παρρησίαν
1087 3911 1187 3964 οὐκ
1208 3912 1370 3983 ἔφερε
1395 3927 1409 3941 ·
1439 3915 1533 3987 τοῦ
1559 3915 1615 3967 δὲ
1648 3915 1748 3983 τὴν
1777 3917 2024 3987 κεφαλὴν

455 3997 843 4069 ἀποτμηθῆναι
877 4002 1013 4073 μόνη
1060 4004 1284 4073 γέγονεν
1314 4007 1348 4076 ἠ
1383 4007 1634 4076 μοιχαλὶς
1683 4010 1854 4073 αἰτία,
1906 4012 2026 4074 ταῖς

456 4096 590 4160 παρ’
621 4092 824 4161 ἑαυτῆς
875 4099 1147 4164 μηχαναῖς
1185 4114 1243 4150 τε
1276 4099 1372 4152 καὶ
1423 4099 1684 4162 σπουδαῖς
1733 4117 2026 4171 καταπρα-

456 4183 683 4256 ξαμένη,
723 4187 818 4240 καὶ
842 4189 922 4250 εἰς
945 4188 1099 4251 τέλος
1130 4185 1415 4259 ἀγαγοῦσα
1445 4192 1505 4244 τὸ
1539 4193 1719 4262 ἔργον·
1744 4193 1886 4261 αὕτη
1913 4195 2022 4265 γὰρ

455 4279 728 4346 ἐλέγχοντι
763 4283 858 4334 καὶ
907 4281 1224 4336 ἁνθέλκοντι
1258 4286 1354 4352 τῆς
1392 4286 1714 4356 παρανόμου
1768 4287 2024 4358 πράξεως

392 4420 394 4424 ,
453 4367 544 4422 τὸν
575 4369 1053 4443 Ἡρώδην,ὲνεῖχεν
1075 4374 1374 4443 ὲγκοτοῦσα
1399 4375 1480 4445 τῷ
1515 4377 1760 4450 Ἰωάννῃ,
1781 4379 1874 4430 καὶ
1899 4379 2024 4449 ἢθε-

451 4459 544 4512 λεν
571 4462 733 4516 αύτδν
764 4464 1084 4519 ἀποκτεῖναι
1104 4483 1120 4500 ο
1151 4469 1211 4520 ού
1247 4468 1357 4538 γὰρ
1384 4464 1454 4538 ἦν
1506 4469 1681 4533 ἄλλως
1714 4474 2022 4540 κατασιγά-

456 4569 546 4607 σαι
578 4555 668 4608 τὸν
695 4556 770 4619 ὡς
797 4557 975 4610 ἐδόκει
1016 4559 1138 4613 κατ’
1171 4561 1342 4627 αὐτῆς
1377 4561 1617 4630 ἔλεγχον.
1652 4563 1765 4630 Οὐχ
1815 4562 2022 4616 ἁπλοῦν

2198 2709 2389 2780 Itaque
2415 2708 2606 2778 junior
2635 2708 2724 2762 hic
2763 2707 3008 2762 Herodes
3038 2712 3310 2777 potestate
3335 2705 3541 2773 potitus
3577 2704 3698 2757 viu-

2118 2812 2268 2857 ctum
2322 2803 2508 2871 injecit
2551 2801 2814 2856 Joannem
2847 2802 2900 2854 in
2929 2814 3225 2862 carcerem,
3251 2798 3391 2852 sicut
3447 2811 3702 2850 narrave-

2123 2906 2249 2950 runt
2277 2895 2565 2951 Matthteus
2597 2902 2650 2948 et
2684 2893 2918 2956 Marcus,
2941 2893 3280 2960 .increpatus
3301 2891 3365 2944 ab
3391 2905 3456 2944 eo
3481 2901 3702 2959 propter

2125 2988 2510 3054 llerodiadem,
2553 3003 2718 3058 quam
2766 3001 2921 3042 suam
2955 2984 3180 3048 fecerat,
3223 2985 3324 3038 etsi
3385 2999 3524 3038 uxor
3553 2993 3701 3039 esset

2124 3080 2308 3135 fratris
2365 3081 2474 3136 sui.
2528 3079 2701 3134 Lucas
2757 3089 2936 3133 autem
2993 3093 3100 3131 non
3155 3077 3502 3131 solummodo
3559 3076 3699 3130 dixit

2126 3183 2341 3241 prepter
2391 3171 2775 3235 lierediadem,
2804 3170 2898 3228 sed
2934 3179 3156 3240 propter
3184 3169 3366 3223 omnia
3403 3168 3542 3221 mala
3578 3184 3699 3237 quae

2128 3268 2255 3322 fecit.
2289 3266 2554 3331 Herodes,
2589 3267 2785 3336 adjecit
2835 3265 2935 3319 hoc
3002 3279 3166 3334 super
3214 3262 3420 3326 omnia,
3445 3270 3498 3315 et
3529 3261 3702 3314 inciu-

2128 3361 2200 3416 sit
2235 3359 2500 3415 Joannem
2545 3359 2598 3412 in
2629 3373 2853 3412 carcere
2877 3357 2943 3410 “.
2977 3356 3158 3421 Quare
3190 3370 3321 3423 ergo
3348 3354 3442 3408 alii
3474 3369 3703 3424 evange-

2127 3454 2268 3510 listze
2311 3453 2484 3508 solius
2520 3450 2886 3520 correptionis
2933 3449 2999 3503 de
3033 3448 3340 3502 llerodiade
3373 3447 3701 3500 mentionem

2129 3546 2416 3602 fecerunt?
2473 3542 2743 3610 Quoniam
2797 3538 3248 3594 ineareerationis
3285 3537 3505 3606 quidem
3534 3535 3703 3591 Joan-

2127 3639 2213 3693 nis
2261 3637 2382 3691 alize
2412 3637 2596 3690 multae
2631 3634 2853 3688 fuerunt
2881 3646 3083 3696 causae,
3135 3633 3246 3685 imo
3299 3630 3483 3684 omnia
3535 3644 3698 3696 opera

2126 3727 2372 3799 perversi
2423 3726 2706 3795 principis,
2739 3726 2807 3779 de
2861 3725 3068 3794 quibus
3127 3722 3382 3777 cluuilias
3409 3729 3698 3789 correptus

2127 3835 2236 3874 non
2270 3819 2478 3875 ferebat
2510 3817 2736 3873 Joannis
2789 3816 3113 3872 libertatem.
3137 3813 3242 3867 Sed
3287 3812 3517 3868 ιιι)εοὶεεί
3552 3813 3704 3882 capi-

2130 3912 2197 3965 tis
2230 3925 2394 3966 causa
2425 3908 2525 3965 fuit
2571 3908 2687 3964 sola
2720 3907 2989 3971 adultera,
3014 3907 3128 3961 suis
3177 3905 3386 3960 artibus
3415 3914 3468 3958 et
3493 3904 3702 3958 machi-

2130 4003 2442 4058 nationibus
2500 4001 2778 4065 insidiata,
2835 4009 2887 4053 et
2921 3999 2973 4053 in
3025 3998 3186 4051 tinem
3219 4012 3356 4065 Opus
3384 3997 3656 4050 adducens
3687 4014 3700 4060 ;

2127 4099 2328 4153 etenim
2362 4097 2451 4151 illa
2485 4095 2869 4151 vehementius
2901 4094 3276 4147 inseetabatnr
3305 4091 3570 4146 Joannem
3603 4091 3698 4158 qui

2129 4187 2458 4256 corripiebat
2485 4195 2539 4240 et
2567 4169 2863 4239 amovebat
2887 4182 3155 4236 llerodem
3192 4180 3260 4233 ab
3291 4193 3459 4247 opere
3483 4177 3697 4238 illicito,

2114 4285 2181 4332 'et
2215 4276 2430 4330 volebat
2473 4289 2601 4329 eum
2636 4273 2983 4334 interficere;
3022 4271 3177 4323 aliter
3213 4269 3357 4322 enim
3394 4267 3573 4320 delere
3595 4280 3703 4319 non

2128 4366 2782 4442 poterat'increpationem
2815 4378 2936 4434 quae
2960 4365 3219 4416 adversus
3248 4375 3366 4413 eam
3399 4359 3513 4412 ﬁeri
3550 4358 3702 4412 vide-

2125 4465 2308 4518 batur.
2339 4461 2536 4516 Vernm
2556 4475 2664 4514 non
2695 4457 2922 4526 simplex
2957 4463 3075 4510 erat
3099 4455 3307 4508 facinus
3337 4468 3461 4508 cum
3493 4468 3555 4506 ea
3583 4468 3705 4522 per-

2129 4561 2423 4625 petratum,
2448 4551 2558 4608 imo
2585 4565 2684 4606 nec
2735 4549 3082 4606 solummodo
3117 4543 3338 4616 duplex,
3387 4544 3482 4599 sed
3535 4545 3700 4598 etiam

454 4646 510 4698 δέ
538 4663 592 4698 τι
621 4646 684 4699 τὸ
737 4647 860 4702 κατ’
891 4649 1066 4719 αὐτὴν
1094 4650 1264 4720 μύσος
1293 4647 1383 4722 ἦν,
1412 4652 1534 4704 οὐδὲ
1580 4651 1804 4706 διπλοῦν
1835 4654 2017 4722 μόνον,

2130 4645 2430 4716 multiplex.
2446 4643 2579 4698 Nam
2601 4654 2715 4700 erat
2740 4641 3065 4712 adulterium
3087 4638 3332 4694 etuninm
3353 4646 3702 4706 peccatorum

455 4738 591 4793 ἀλλὰ
631 4740 727 4793 καὶ
761 4741 1104 4794 πολ).απλοῦν
1131 4759 1144 4775 ·
1182 4744 1399 4812 μοιχεία
1429 4761 1488 4794 τε
1531 4745 1638 4815 γὰρ
1666 4741 1753 4815 ἦν,
1781 4746 1841 4799 τὸ
1882 4746 2046 4800 πάν-·

435 4845 562 4881 -των
589 4830 1006 4900 ἁμαρτημάτων
1037 4832 1342 4901 αἴσχιστον,
1368 4836 1462 4887 καὶ
1492 4836 1551 4886 ού
1583 4837 1712 4905 παρ’
1733 4835 1922 4906 ἐτέρου
1950 4855 2024 4891 τι-

455 4921 542 4984 νὸς
571 4924 958 4995 ἐκτελουμένη,
991 4925 1127 4978 ἀλλὰ
1158 4926 1311 4993 παρὰ
1364 4925 1458 4978 τοῦ
1508 4926 1740 4996 ἀδελφοῦ
1785 4929 1878 4982 τοῦ
1925 4930 2024 5000 τῆς

459 5017 854 5087 μοιχευομένης
883 5017 1098 5085 ἀνδρδς,
1127 5019 1223 5070 καὶ
1254 5018 1738 5088 παιδοποιήσαντος
1779 5021 1898 5089 μετ’
1926 5021 2026 5074 αύ-

455 5108 552 5176 τῆς
593 5109 825 5173 ἐκείνου,
846 5109 920 5174 ὡς
956 5111 1048 5162 καὶ
1081 5110 1181 5178 τὴν
1217 5111 1385 5164 παῖδα
1417 5111 1517 5179 ζῇν
1548 5110 1649 5176 ἔτι,
1682 5111 1709 5164 ὃ
1744 5112 1834 5164 καὶ
1881 5113 2030 5166 ἀπο-·

456 5199 708 5264 θανόντος
740 5199 970 5267 ἐκείνου,
1011 5203 1102 5255 τὸν
1137 5203 1367 5270 ἀδελφὸν
1411 5204 1531 5257 οὐδὲ
1582 5205 1724 5257 κατὰ
1765 5204 1858 5256 τὸν
1890 5206 2018 5258 Μωο

457 5292 592 5354 σέως
619 5294 782 5361 νόμον
814 5294 1110 5365 συνεχώρει
1154 5294 1252 5366 τὴν
1307 5297 1518 5349 ἐκείνου
1552 5298 1786 5364 γυναῖκα
1824 5297 2021 5367 γῆμαι.

468 5385 526 5438 ’0
567 5386 622 5439 δὲ
658 5388 748 5439 καὶ
789 5386 990 5451 ζῶντος
1018 5388 1110 5440 τοῦ
1146 5388 1376 5460 ἀδελφοῦ
1430 5391 1522 5444 καὶ
1572 5389 1847 5458 θυγατέρα
1872 5390 2025 5460 ἕχον-

454 5495 548 5540 τος
583 5479 944 5533 ἐπεϐούλευσε
981 5484 1044 5551 τῇ
1101 5480 1256 5550 κοίτῃ
1289 5496 1304 5511 ο
1335 5481 1457 5534 οὐδὲ
1484 5481 1616 5550 γοῦν
1647 5481 1915 5552 κρυφίως,
1948 5482 2022 5546 ὡς

459 5567 581 5634 μεθ’
615 5569 915 5640 ὑποστολῆς
974 5589 1120 5633 τινος
1176 5571 1506 5640 ἐργάζεσθαι
1561 5573 1658 5641 τὴν
1707 5573 2017 5638 ἀσέλγειαν,

454 5660 588 5712 ἀλλὰ
629 5664 912 5732 παρρησία
944 5665 1037 5717 καὶ
1086 5662 1621 5734 ἁπηρυθριασμένως
1681 5662 1914 5727 ὲξετέλει
1962 5663 2021 5714 τὸ

562 5847 604 5876 ³³
640 5844 801 5898 .iiarc.
840 5861 910 5912 γι,
961 5848 1040 5900 18.
1077 5847 1162 5920 ._”
1191 5843 1381 5899 Matth.
1421 5858 1478 5912 tt,
1522 5841 1599 5898 l5.

1680 5842 1724 5871 9"
1749 5839 1881 5896 Luc.
1915 5856 1994 5904 ιιι,
2039 5838 2119 5893 19.

2133 4738 2548 4807 turpissimum,
2584 4750 2684 4789 nec
2729 4735 2798 4788 ab
2861 4734 2966 4788 alio
3029 4731 3264 4802 quodam
3313 4729 3702 4788 commissum,

2131 4829 2224 4884 sed
2263 4845 2298 4884 a-
2327 4828 2491 4882 fratre
2552 4827 2650 4880 viri
2721 4826 2980 4880 adultera:
3008 4863 3021 4888 ,
3065 4823 3212 4878 illius
3261 4839 3289 4878 a
3331 4839 3439 4892 quo
3496 4824 3704 4892 prolem

2133 4928 2437 4989 acceperat,
2465 4921 2536 4973 ita
2561 4927 2620 4972 ut
2640 4917 2750 4971 {ilia
2773 4918 2954 4970 adhuc
2975 4916 3202 4982 viveret,
3229 4916 3372 4972 unde
3393 4916 3557 4971 etiam
3584 4925 3707 4984 post

2134 5023 2363 5066 mortem
2397 5011 2499 5065 Viri
2534 5010 2689 5065 fratri
2721 5011 3027 5066 secundum
3078 5009 3254 5079 ipsam
3286 5009 3461 5078 legem
3503 5008 3704 5078 Moysis

2135 5121 2241 5158 non
2268 5103 2465 5158 licebat
2495 5103 2640 5158 illius
2672 5118 2898 5157 uxorem
2926 5103 3146 5156 ducere.
3179 5102 3270 5156 Ille
3295 5113 3498 5161 autem,
3536 5101 3705 5154 fratre

2133 5197 2297 5252 etiam
2319 5195 2440 5249 vivo
2459 5205 2511 5251 et
2545 5195 2707 5249 ﬁliam
2739 5197 2998 5261 habente,
3031 5205 3210 5250 torum
3239 5195 3458 5249 violavit
3486 5212 3498 5256 ;
3528 5209 3704 5262 neque

2134 5287 2350 5343 occulte
2393 5288 2555 5357 quasi
2616 5287 2848 5357 quadam
2903 5288 3249 5341 dubitatione
3307 5283 3699 5350 turpitudinem

2135 5397 2368 5449 operans
2397 5422 2411 5446 ,
2438 5381 2532 5435 sed
2565 5390 2752 5449 aperte
2814 5390 2866 5434 et
2917 5381 3254 5450 inqmdentcr
3294 5376 3551 5445 ﬂagitium
3583 5391 3706 5442 per-

2133 5473 2419 5545 patrando.
2455 5472 2529 5528 Ita
2553 5490 2680 5544 ergo
2707 5475 2808 5529 sub
2840 5474 2987 5527 omni
3029 5473 3240 5526 ratione
3272 5468 3492 5522 malitia:
3523 5465 3706 5519 indul-

2132 5584 2286 5634 gens,
2334 5583 2510 5638 neque
2547 5567 2730 5623 ferens
2763 5584 2821 5622 se
2852 5566 3080 5637 proinde
3109 5561 3334 5630 corripi,
3387 5560 3439 5612 in
3478 5573 3706 5612 carcere

2132 5661 2401 5718 Joannem
2430 5663 2682 5718 occlusit.
2722 5663 2792 5714 Λι
2819 5677 3009 5716 carcer
3037 5661 3150 5730 ipse
3179 5657 3351 5724 major
3381 5661 3498 5709 erat
3527 5652 3703 5705 inere-
