4082 6428
434 326 540 393 503

1693 345 2076 413 GREGORII
2114 324 2439 415 PALAM/E‘

3478 379 3481 382 '
3585 358 3699 424 τοι

431 446 602 516 patio,
636 445 860 503 auditus
885 456 941 504 et
969 459 1317 521 conspectus,
1356 455 1612 528 famaque
1638 475 1897 533 grassans
1923 481 2004 536 per

2123 468 2318 539 μύσος.
2356 470 2514 526 Οὕτω
2540 472 2673 541 γοῦν
2709 473 2853 529 κατὰ
2902 475 3085 530 πᾶσαν
3135 472 3395 529 πρόθεσιν
3438 477 3700 554 προσκεί-

429 537 552 593 loca
579 539 1142 619 omn_ia,quapropter
1190 546 1457 606 llerodias
1505 548 1771 610 Joannem
1827 573 2011 624 perse-

433 629 726 698 quebatur,
766 631 817 686 id
861 644 941 688 est
971 634 1107 690 iram
1145 637 1412 694 adversus
1443 655 1567 696 cum
1604 641 1659 697 in
1705 645 1868 709 corde
1903 664 2008 705 suo

432 719 734 787 nutriebat,
761 731 816 776 et
857 724 1073 780 volebat
1109 741 1234 782 eum
1270 728 1603 799 interﬁcere,
1636 734 1733 789 sed
1762 751 1870 791 non
1897 752 2003 808 po-

435 822 594 869 terat.
639 832 659 866 ι
712 812 957 873 Herodes
986 818 1133 874 enim
1182 821 1462 878 metuebat
1497 820 1792 893 Joannem,
1827 831 2007 887 sciens

431 918 555 956 eum
596 904 771 960 virum
801 905 1012 974 justum
1046 918 1101 964 et
1126 916 1404 964 sanctum.
1447 930 1466 963 ι
1499 912 1753 971 Timebat
1781 918 2004 988 quidem

322 1000 325 1003 λ
432 995 679 1052 Herodes
733 996 999 1053 Joannem
1037 1010 1264 1071 propter
1314 1005 1536 1060 virtutis
1590 1006 2002 1075 excellentiam,

432 1085 605 1141 Deum
643 1098 826 1142 autem
857 1105 966 1144 non
1000 1090 1247 1159 timebat,
1278 1108 1307 1147 a
1339 1109 1450 1164 quo
1478 1095 1794 1153 hominibus
1834 1099 2008 1156 virtus

430 1176 778 1247 infunditur;
816 1196 918 1235 nec
967 1179 1238 1238 Joannem
1272 1185 1504 1242 timebat
1538 1195 1598 1242 ut
1651 1188 1847 1259 talem,
1879 1191 2006 1259 quia

431 1269 641 1324 sciebat
671 1286 797 1324 cum
825 1270 1036 1342 justum
1075 1282 1128 1329 ct
1159 1286 1435 1342 sanctum,
1469 1277 1566 1333 sed
1603 1279 1831 1335 timebat
1878 1296 2005 1337 cum

431 1371 655 1429 propter
686 1364 896 1429 turbas,
933 1365 1061 1435 quia
1088 1369 1697 1439 tanquamapropbetam
1732 1371 2008 1430 habebant

430 1470 581 1523 eum,
615 1458 1099 1539 quemadmodum
1123 1458 1262 1515 dixit
1322 1461 1643 1529 Mattheus;
1676 1479 1803 1519 nam
1863 1468 2009 1522 sicut

431 1545 549 1614 ipse
577 1548 823 1617 scripsit,
853 1564 961 1605 non
988 1551 1105 1606 sola
1141 1551 1431 1621 Herodias,
1468 1560 1563 1611 sed
1597 1565 1654 1610 et
1687 1556 1804 1624 ipse
1834 1555 2007 1614 Hero-

433 1637 552 1700 des,
578 1655 702 1693 cum
733 1641 893 1695 vellet
913 1636 1178 1698 Joannem
1206 1645 1477 1707 occidere.
1504 1647 1732 1704 timebat
1765 1650 2004 1706 turbam.

2124 579 2290 632 μενος
2312 565 2378 635 τῇ
2405 564 2597 635 κακίᾳ,
2630 565 2929 621 κάντεῦθεν
2967 567 3061 622 τὸν
3111 568 3335 640 ἔλεγχον
3366 566 3443 636 μὴ
3484 567 3695 637 φάρων,

2120 655 2182 708 ἐν
2231 656 2447 728 φυλακῇ
2481 657 2571 711 τὸν
2608 658 2864 728 Ἰωάννην
2921 660 3296 714 κατέκλεισεν.
3334 658 3502 712 Ἀλλὰ
3531 659 3627 712 καὶ
3658 660 3694 730 ἡ

2122 746 2342 819 φυλακὴ
2396 747 2538 818 αὕτη
2574 748 2779 819 μείζων
2826 749 3049 822 ἐλεγχος
3081 747 3172 822 ἦν,
3230 751 3328 807 καὶ
3358 751 3694 821 άκουομένη,

2121 836 2218 892 καὶ
2245 838 2521 911 ὁρωμένη,
2544 842 2641 895 καὶ
2670 841 2763 895 διὰ
2798 843 3017 897 πάντων
3064 842 3310 913 φοιτῶσα
3337 841 3430 895 διὰ
3462 840 3564 910 τῆς
3594 841 3699 912 φή-

2122 945 2233 1000 μης
2257 946 2272 962 ο
2298 929 2388 985 διὰ
2420 932 2578 986 τοῦτο
2619 933 2715 988 καὶ
2742 935 2774 1004 ἡ
2815 934 3089 1006 Ἡρωδιὰς
3135 936 3341 1006 ἐνεῖχεν
3385 934 3572 998 αὐτὸν,
3600 934 3701 1004 δη-

2119 1018 2293 1075 λονότι
2336 1022 2435 1094 τὴν
2493 1023 2636 1078 κατὰ
2695 1024 2791 1078 τοῦ
2835 1028 3091 1081 Ἰωάννου
3144 1027 3350 1097 μανίαν
3407 1027 3471 1080 ἐν
3520 1027 3689 1096 ἑαυτῇ

2117 1110 2333 1181 ἔτρεφε,
2361 1113 2456 1167 καὶ
2490 1113 2685 1183 ἢθελεν
2717 1116 2882 1172 αὐτὸν
2934 1119 3278 1182 ἀποκτεῖναι,
3304 1117 3401 1170 καὶ
3428 1116 3533 1171 οὐκ
3561 1115 3697 1181 ἠδύ-

2118 1218 2280 1255 νατο·
2312 1220 2331 1254 ι
2380 1202 2439 1258 '0
2464 1204 2574 1277 γὰρ
2611 1205 2882 1277 Ἡρώδης,
2912 1209 3094 1277 φησὶν,
3128 1207 3378 1278 ἐφοϐεῖτο
3421 1207 3516 1261 τὸν
3577 1208 3691 1260 Ἰω-

2118 1290 2307 1363 άννην,
2341 1294 2497 1359 εἰδὼς
2520 1296 2683 1351 αὐτὸν
2707 1298 2878 1369 ἄνδρα
2902 1298 3113 1353 δίκαιον
3142 1297 3240 1352 καὶ
3270 1298 3449 1365 ἅγιον.
3478 1316 3497 1349 ι
3529 1295 3689 1366 Ἐφο-

2117 1383 2265 1438 ϐεῖτο
2307 1384 2407 1452 μὲν
2435 1386 2463 1439 ὁ
2499 1387 2747 1459 Ἡρώδης
2801 1392 2894 1443 τὸν
2940 1389 3206 1458 Ἰωάννην,
3233 1389 3323 1443 διὰ
3351 1389 3413 1441 τὸ
3440 1387 3540 1458 τῆς
3564 1388 3695 1457 ἀρε-

2117 1474 2218 1543 τῆς
2247 1476 2610 1547 ὑπερϐάλλον,
2636 1481 2737 1533 οὐκ
2767 1480 3016 1549 ἐφοϐεῖτο
3035 1481 3093 1535 δέ
3133 1479 3227 1533 τὸν
3281 1479 3438 1543 Θεὸν,
3470 1477 3603 1547 παρ’
3626 1468 3688 1530 οὗ

2116 1566 2229 1628 τοῖς
2268 1567 2579 1637 ἀνθρώποις
2625 1571 2658 1639 ἡ
2699 1571 2867 1642 ἀρετή
2892 1587 2907 1603 '
2941 1573 3063 1627 οὐδὲ
3113 1571 3280 1627 αὐτὸν
3308 1571 3560 1639 ἐφοϐεῖτο
3594 1567 3695 1622 τὸν

2128 1655 2383 1729 Ἰωάννην
2415 1660 2510 1717 ἁτε
2539 1662 2805 1730 τοιοῦτον,
2828 1665 3006 1719 καίτοι
3034 1665 3132 1719 καῖ.
3176 1666 3340 1729 αὐτὸς
3386 1663 3576 1718 τοῦτον
3608 1661 3689 1714 εί·

432 1732 537 1797 δὼς
565 1733 736 1832 ἄνδρα
769 1735 976 1790 δίκαιον
1003 1741 1097 1792 καὶ
1125 1737 1305 1807 ἅγιον,
1340 1739 1458 1832 an;
1507 1741 1759 1811 ἐφοϐεῖτο
1807 1744 2002 1802 τοῦτον
2037 1748 2128 1805 διὰ
2158 1754 2285 1817 τοὺς
2311 1755 2527 1826 ὄχλους,
2549 1758 2631 1813 ὅτι
2657 1757 2735 1825 ὡς
2770 1762 3063 1832 προφήτην
3088 1760 3255 1814 αὐτὸν
3274 1788 3293 1815 ί
3315 1756 3486 1828 εῐχον,
3544 1757 3689 1812 καθά

432 1840 599 1922 φησιν
647 1824 678 1876 ὁ
722 1826 1039 1922 Ματθαῖοςο
1075 1829 1150 1891 ὡς
1184 1829 1293 1901 γὰρ
1330 1832 1357 1884 ὁ
1402 1831 1566 1896 αὐτὸς
1597 1833 2007 1906 συγγράφεται,
2038 1841 2140 1913 οὐχ
2176 1844 2211 1915 ή
2284 1824 2554 1919 Ἡρωδιὰς
2584 1850 2769 1920 μόνον,
3013 1824 3125 1906 ’καὶ
3157 1851 3325 1914 αὐτὸς
3439 1824 3691 1922 Ἡρώδης

431 1921 604 1973 θέλων
633 1921 954 1973 ἀποκτεῖναι
978 1920 1070 1974 τὸν
1111 1922 1387 1996 Ἰωάννην,
1416 1925 1669 1994 ἐφοϐεῖτο
1696 1928 1790 1982 τὸν
1814 1928 1996 2003 δχλον.

516 2015 668 2084 Quod
687 2027 867 2071 autem
891 2015 1104 2074 Marcus
1128 2019 1193 2075 de
1215 2017 1431 2077 Herode
1460 2022 1616 2091 dixit,
1643 2039 1839 2097 nempe
1865 2026 2011 2097 quod
2044 2036 2091 2093 Β

431 2111 664 2167 libenter
695 2109 963 2167 Joannem
997 2110 1280 2177 audiebat,
1329 2111 1411 2168 sic
1444 2111 1855 2184 intelligendum
1882 2126 2005 2183 est;

429 2203 885 2276 quemadmodum
906 2205 959 2258 in
988 2203 1304 2275 potionibus
1329 2205 1832 2264 medicamenta-iis
1860 2221 2013 2264 ama-

428 2297 726 2352 ritudinem
772 2296 1008 2368 quidem,
1035 2298 1329 2365 sentimus,
1353 2298 1449 2356 sed
1464 2313 1567 2355 eas
1605 2306 1785 2355 tamen
1810 2299 2014 2371 accipi-

429 2396 572 2454 mus,
598 2391 725 2460 quia
761 2391 888 2445 inde
919 2406 1205 2461 speramus
1226 2393 1542 2460 utilitatem,
1580 2390 1707 2451 ita'e
1735 2395 2012 2452 contrario

430 2481 498 2536 de
530 2482 912 2550 spiritualibus
939 2482 1232 2551 doctrinis,
1261 2484 1329 2542 iis
1355 2486 1575 2556 quidem
1604 2494 1799 2543 natura
1826 2490 2010 2545 suavi-

428 2576 533 2630 bus
567 2576 908 2631 delectantur
937 2578 1029 2647 qui
1060 2579 1139 2635 eis
1181 2593 1289 2633 non
1317 2582 1741 2651 persuadentur,
1795 2584 1891 2642 sed
1919 2585 2011 2642 illa

428 2681 498 2724 ne
519 2681 774 2737 guaquam
816 2668 1110 2740 accipiunt,
1144 2670 1379 2728 scientes
1410 2672 1503 2729 illa
1535 2677 1719 2746 pravis
1750 2677 1867 2735 suis
1911 2678 2009 2733 de-

428 2759 646 2816 sideriis
680 2760 971 2818 obluctari.
993 2760 1086 2817 Sic
1118 2761 1356 2819 libenter
1379 2778 1503 2833 eum
1530 2767 1684 2838 prius
1728 2769 2004 2837 audiebat,

2191 2031 2260 2084 ’0
2293 2030 2351 2086 δέ
2375 2048 2542 2102 φησιν
2577 2030 2608 2085 δ
2654 2031 2886 2101 Μάρκος
2937 2030 3068 2102 περὶ
3107 2030 3373 2102 Ἡρώδου,
3400 2014 3483 2088 ὅτι
3515 2033 3689 2104 ήδέως

2115 2124 2282 2196 ήκουε
2313 2125 2409 2179 τοῦ
2434 2124 2705 2191 Ἰωάννου,
2728 2122 2971 2180 τοιοῦτόν
2996 2125 3116 2178 ἐστι
3140 2141 3155 2156 ⁸
3182 2126 3432 2197 καθάπερ
3459 2127 3552 2181 ἐπὶ
3579 2127 3694 2181 τῶν

2118 2214 2382 2287 ίατρικῶν
2429 2215 2691 2284 πομάτων
2740 2213 3115 2285 αἰσθανόμεθα
3168 2215 3266 2285 μὲν
3301 2215 3401 2285 τῆς
3434 2217 3684 2287 πικρίας,

2114 2307 2528 2379 καταῶχόμεθα
2554 2308 2613 2363 δέ
2648 2309 2810 2375 αὐτὰ,
2836 2307 2936 2379 τὴν
2966 2308 3074 2362 ἀπὸ
3132 2308 3340 2363 τούτων
3377 2309 3688 2373 ἐννοοῦντες

2111 2402 2406 2472 ὠφέλειαν,
2428 2401 2603 2464 οὕτως
2620 2401 3001 2470 ἀντιστρόφως
3029 2400 3124 2454 ἐπὶ
3150 2400 3263 2454 τῶν
3292 2401 3685 2470 πνευματικῶν

2113 2495 2483 2566 διδαγμάτων,
2514 2494 2737 2565 ἥδονται
2796 2491 2898 2563 μὲν
2964 2491 3153 2555 αὐτοῖς
3206 2491 3474 2555 τοιούτοις
3517 2492 3684 2560 φύσει

2110 2589 2368 2660 γλυκέσιν
2397 2583 2517 2643 οὖσι
2541 2588 2634 2642 καὶ
2662 2586 2715 2640 οἱ
2764 2588 2839 2656 μὴ
2869 2586 3081 2648 τούτοις
3133 2584 3470 2655 πειθόμενοι,
3494 2585 3555 2639 οὐ
3587 2601 3687 2638 κα-

2108 2682 2431 2753 ταδέχονται
2452 2679 2509 2733 δὲ
2535 2677 2697 2742 αὐτὰ,
2717 2676 2816 2746 τὴν
2835 2676 2945 2730 άπὸ
2964 2675 3171 2729 τούτων
3190 2675 3495 2740 ἐννοοῦντες
3520 2675 3683 2747 225

2109 2775 2249 2843 πρὸς
2282 2768 2381 2835 τὰς
2415 2769 2625 2834 οἰκείας
2670 2768 2915 2838 πονηρὰς
2962 2767 3172 2838 ὀρέξεις
3205 2766 3482 2821 ἀντίθεσιν
3507 2783 3521 2798 ·
3551 2769 3682 2830 ἴσως

432 2853 577 2920 ideo,
614 2854 816 2925 inquit,
848 2855 1193 2913 custodiebat
1228 2873 1377 2925 eum,
1407 2869 1461 2916 et
1490 2861 1683 2917 audito
1738 2877 1804 2918 eo
1833 2862 2004 2918 multa

2109 2864 2164 2918 δὲ
2195 2865 2287 2917 καὶ
2325 2862 2498 2932 ἡδέως
2522 2860 2630 2930 μὲν
2664 2857 2884 2913 ἀκούων
2909 2853 2977 2931 ἦν
3008 2857 3177 2912 αὑτοῦ
3234 2859 3523 2930 πρότερον,
3559 2859 3683 2912 ἐπεὶ

429 2945 687 3003 faciebat.
743 2946 948 3002 Verum
1007 2963 1130 3004 cum
1184 2951 1402 3006 soleant
1451 2953 1579 3008 mali
1638 2953 1767 3011 odio
1799 2955 2004 3011 habere

2109 2956 2201 3011 καὶ
2256 2954 2565 3023 συνετήρει,
2616 2953 2807 3023 φησὶν,
2860 2950 3045 3016 αὐτὸν,
3105 2950 3203 3005 καὶ
3262 2949 3476 3003 ἁκούων
3513 2946 3683 3003 αὐτοῦ

427 3041 812 3111 corripientes,
853 3041 980 3095 odio
1009 3050 1231 3113 propter
1261 3044 1697 3115 increpationem
1739 3064 2004 3118 superve-

2109 3047 2278 3101 πολλὰ
2313 3045 2484 3102 ἐποίει
2511 3061 2528 3078 ·
2563 3044 2887 3112 πεφυκότων
2914 3042 2971 3096 δέ
2998 3042 3109 3096 τῶν
3135 3042 3325 3096 κακῶν
3348 3044 3527 3113 μισεῖν
3550 3041 3677 3104 τοὺς

429 3135 635 3196 niente,
667 3132 757 3188 illa
784 3134 974 3188 omnia
1005 3143 1362 3193 contemnens
1411 3154 1534 3194 cum
1580 3140 1826 3197 adultera
1865 3156 2003 3197 con-

2109 3142 2452 3211 ἑλέγχοντας,
2490 3137 2586 3192 τοῦ
2614 3137 2806 3204 μίσους
2832 3136 3268 3209 προσγενομένου
3297 3135 3385 3189 διὰ
3413 3136 3505 3189 τὸν
3527 3135 3680 3203 ἐλεγ-

428 3226 700 3281 scntiebat
728 3226 795 3281 de
825 3227 1059 3282 consilio
1079 3227 1387 3297 homicidii,
1416 3246 1469 3287 et
1493 3232 1682 3289 volens
1707 3235 1820 3306 ipse
1842 3233 2004 3289 Joan-

2109 3249 2224 3304 χον,
2252 3230 2474 3286 πάντων
2503 3230 2782 3300 ἀλογήσας
2812 3225 3042 3283 ἐκείνων
3094 3227 3395 3296 συνεφώνει
3437 3229 3505 3297 τῇ
3559 3243 3680 3296 μοι·

427 3333 551 3372 ncm
588 3316 860 3382 occidere,
892 3328 950 3375 ut
987 3319 1124 3374 dixit
1154 3320 1464 3390 Mattbatus,
1505 3325 1730 3382 timebat
1755 3325 2004 3393 turbam,

2109 3325 2380 3399 χευομένῃ
2416 3323 2561 3378 κατὰ
2599 3323 2695 3394 τὴν
2751 3322 2934 3393 φόνιον
2981 3318 3232 3391 γνώμην,
3260 3321 3354 3373 καὶ
3385 3319 3556 3373 θέλων
3587 3318 3681 3372 καὶ

425 3423 535 3463 non
566 3410 692 3479 quia
728 3418 998 3466 metueret
1020 3425 1140 3467 eam
1179 3412 1600 3485 rel‘ragaturam,
1634 3418 1729 3474 sed
1758 3417 1888 3487 quia
1916 3418 1991 3472 ti-

2109 3418 2274 3481 αὐτδς
2307 3417 2630 3495 ἀποκτεῖναι
2655 3414 2747 3467 τὸν
2790 3412 3074 3483 Ἰωάννην,
3105 3411 3252 3466 καθά
3278 3428 3446 3481 φησιν
3470 3428 3498 3465 ο
3527 3412 3682 3465 Ματ-

427 3508 603 3555 meret
661 3515 729 3553 ne
779 3500 849 3556 ab
882 3514 945 3555 ea
984 3501 1391 3571 reprobaretur,
1416 3505 1675 3575 quoniam
1726 3519 1826 3574 pro
1868 3519 2001 3574 pro-

2109 3511 2277 3573 θαῖος,
2305 3508 2556 3579 ἐφοϐεῖτο
2582 3506 2674 3560 τὸν
2703 3506 2882 3577 ὄχλον,
2908 3505 3010 3558 οὐκ
3040 3505 3297 3586 ἐνστασίν
3330 3520 3454 3559 τινα
3486 3502 3681 3567 δεδιὼς

426 3594 590 3665 pheta
630 3607 754 3656 eum
819 3592 1111 3649 habebant.
1150 3592 1386 3669 Noverat
1444 3596 1613 3662 enim,
1656 3610 1781 3650 nam
1824 3595 2003 3650 nemi-

2109 3604 2170 3658 ἐκ
2204 3601 2433 3666 τούτων,
2468 3600 2606 3654 ἀλλὰ
2652 3597 2821 3669 μόνην
2876 3596 2977 3668 τὴν
3014 3596 3122 3650 ἀπὸ
3158 3595 3367 3650 τούτων
3400 3595 3681 3664 κατάγνω-

429 3701 555 3741 nem
609 3687 722 3741 hanc
767 3684 990 3749 latebat,
1049 3687 1428 3743 excellentiam
1468 3687 1687 3742 virtutis
1721 3696 1776 3743 et
1814 3689 2003 3758 gratiae

2109 3716 2213 3764 σιν,
2247 3694 2547 3766 ἐπειδήπερ
2574 3692 2650 3756 ὡς
2681 3691 2972 3763 προφήτην
2997 3689 3163 3743 αὐτὸν
3201 3684 3347 3759 εἶχον
3372 3704 3389 3722 ο
3421 3688 3538 3761 ᾔδει
3566 3688 3679 3758 γάρ

426 3771 670 3839 Joannis,
700 3782 755 3829 et
805 3789 930 3829 cum
965 3774 1185 3831 cederet
1210 3775 1358 3831 laudi
1406 3790 1472 3832 ex
1525 3776 1868 3833 multitudine
1904 3792 2000 3835 ve-

427 3869 620 3934 nienti,
664 3875 718 3924 et
751 3867 982 3936 gloriam
1022 3869 1092 3924 ab
1121 3883 1183 3924 ea
1218 3878 1544 3937 sectaretur,
1578 3870 1805 3927 timebat
1826 3886 1898 3927 ne
1931 3870 2001 3927 ab

427 3976 491 4018 ea
520 3962 895 4028 damnaretur,
924 3970 980 4016 et
1008 3960 1248 4032 ﬁngebat
1275 3977 1404 4033 erga
1433 3961 1700 4018 Joannem
1731 3963 1876 4043 piam
1903 3963 2004 4018 do-

426 4053 710 4110 cilitatem.
733 4052 839 4109 Sed
866 4050 1162 4116 Herodias,
1193 4069 1318 4113 cum
1346 4054 1515 4111 sciret
1541 4070 1665 4110 eum
1689 4056 1756 4111 ad
1788 4055 2001 4110 malum

428 4157 644 4200 vertere
674 4145 821 4199 hunc
855 4154 1062 4201 metum
1095 4144 1279 4211 solvit,
1311 4153 1364 4199 et
1391 4143 1459 4199 ad
1489 4144 1692 4201 caedem
1720 4145 1864 4201 sicut
1898 4161 2001 4215 pu-

428 4235 585 4302 tavit,
618 4237 701 4291 vel
743 4235 923 4305 potius
949 4243 1011 4291 ut
1038 4233 1251 4300 l‘efellit,
1299 4235 1747 4306 irreprebensam
1785 4228 1997 4305 traxit;

422 4342 551 4383 nam
621 4329 903 4383 iracundia
963 4325 1152 4384 furens
1181 4335 1235 4382 et
1264 4328 1682 4400 sanguinolenta
1719 4329 1773 4385 id
1807 4329 2000 4386 stude-

425 4419 521 4474 bat
554 4428 616 4477 ιιι
645 4418 860 4475 facinus
889 4418 1087 4474 multis~
1125 4420 1353 4486 celaret,
1382 4429 1436 4476 et
1463 4419 1530 4475 ad
1568 4436 1709 4492 opus
1745 4423 1998 4481 adduce-

427 4517 513 4563 ret
546 4509 707 4564 suum
744 4509 800 4563 in
832 4508 1137 4578 Baptislam
1169 4518 1224 4565 et
1269 4511 1595 4581 prophetam
1648 4516 1863 4575 odium.
1895 4517 1999 4592 lgi-

334 4615 349 4675 λ
428 4607 541 4664 tur,
576 4600 654 4653 ait
693 4597 931 4664 Marcus,
968 4615 1091 4655 cum
1139 4599 1267 4658 dies
1290 4615 1634 4673 opportunus
1681 4607 1992 4675 accidisset,

2101 3791 2179 3859 ᾡς
2218 3787 2413 3843 οὐδένα
2450 3787 2558 3840 τῶν
2591 3785 2851 3840 ἁπάντων
2876 3781 3069 3853 λέληθε
3096 3781 3157 3836 τὺ
3204 3782 3393 3854 περιὸν
3422 3780 3524 3850 τῆς
3551 3782 3679 3852 ἀρε.

2100 3881 2200 3951 τῆς
2234 3880 2330 3934 καὶ
2355 3878 2577 3949 χάριτος
2611 3875 2882 3939 Ἰωάννου,
2906 3876 3002 3928 καὶ
3026 3874 3125 3944 τῆς
3153 3873 3304 3943 παρὰ
3328 3872 3436 3927 τῶν
3466 3871 3675 3925 πολλῶν

2101 3973 2262 4042 δόξης
2292 3970 2557 4042 ὑπάρχων
2600 3968 2782 4038 ἥττων
2831 3965 3084 4035 ἐφοϐεῖτο
3132 3966 3233 4036 τὴν
3273 3965 3427 4037 παρὰ
3466 3967 3674 4019 τούτων

2101 4062 2464 4133 κατηγορίαν,
2494 4059 2588 4114 καὶ
2615 4058 2706 4112 τὸν
2733 4056 2866 4128 παρ’
2897 4057 3078 4112 αὐτῶν
3108 4056 3428 4129 θηρώμενος
3452 4056 3675 4110 ἔπαινον
3710 4080 3736 4095 κ

2101 4158 2250 4213 ἐστιν
2274 4155 2361 4224 ἐφ’
2383 4148 2459 4209 ὧν
2481 4153 2563 4207 ἐτι
2586 4152 2685 4223 τὴν
2715 4152 2855 4223 πρὸς
2874 4151 2967 4206 τὸν
3003 4152 3265 4221 Ἰωάννην
3288 4153 3675 4224 προσεποιεῖτο

2101 4248 2278 4306 πειθὼ
2316 4247 2413 4305 καὶ
2442 4244 2754 4300 εὐλάϐειαν.
2797 4243 2938 4297 Ἀλλ’
2968 4246 3003 4315 ἡ
3048 4243 3323 4315 Ἡρωδιὰς
3355 4244 3495 4314 σοφή
3538 4239 3677 4298 οὖσα

2100 4343 2194 4398 τοῦ
2227 4338 2596 4408 κακοποιῆσαι
2629 4336 2727 4391 καὶ
2773 4334 2967 4390 τοῦτον
3016 4335 3081 4404 δὴ
3130 4336 3222 4389 τὸν
3270 4335 3436 4404 φόϐον
3482 4333 3673 4390 ἔλυσεν

2099 4434 2270 4505 αὐτῷ,
2305 4432 2400 4487 καὶ
2431 4433 2568 4499 πρὸς
2614 4426 2705 4482 τὸν
2756 4428 2941 4496 φόνον,
2970 4428 3046 4491 ὡς
3096 4427 3338 4498 ἐνόμισε,
3372 4426 3575 4499 μᾶλλον
3615 4426 3673 4479 δέ

2098 4525 2171 4589 ὡς
2202 4524 2488 4594 ἠπάτησεν
2534 4517 2887 4587 ἀνεγκλήτως
2936 4516 3144 4588 ἐπῆρεν
3169 4532 3184 4548 ο
3224 4515 3530 4585 ἐγκοτοῦσα
3561 4517 3674 4587 γάρ

2100 4615 2197 4669 καὶ
2227 4611 2450 4682 φονῶσα
2485 4608 2682 4680 καιρὸν
2709 4608 2894 4680 ἐζήτει
2922 4609 3026 4677 τὴν
3068 4607 3173 4663 ἀπὸ
3204 4609 3312 4663 τῶν
3340 4608 3564 4662 πολλῶν
3584 4626 3676 4662 συ-

341 4690 347 4741 :
426 4691 639 4747 scilicet
682 4691 747 4747 ad
782 4690 1094 4749 carniﬁcem
1146 4695 1636 4768 machinationem,
1678 4700 1811 4755 dum
1851 4703 1996 4758 cele-

2109 4705 2327 4761 σκιάσαι
2368 4702 2596 4774 μέμψιν,
2622 4698 2715 4753 καῖ
2741 4703 3080 4770 προαγαγεῖν
3106 4701 3186 4764 είς
3216 4700 3378 4771 ἔργον
3405 4700 3503 4771 τὴν
3532 4704 3668 4755 κατά
3752 4766 3755 4771 ἱ

426 4784 719 4841 brarentur
749 4782 985 4840 Herodis
1010 4785 1285 4853 natalitia,
1319 4788 1467 4844 omni
1491 4790 1713 4861 quidem
1738 4795 1993 4851 multitu-

294 4877 351 4973 ,ί
427 4876 556 4931 dine
595 4885 945 4946 congregata,
985 4886 1039 4934 et
1067 4879 1327 4937 omnibus
1358 4896 1564 4939 mensae
1595 4884 1997 4944 discumbenti-

424 4970 546 5032 bus,
578 4968 801 5024 intravit
832 4967 887 5023 in
916 4970 1105 5027 medio
1131 4973 1378 5029 omnium
1420 4975 1541 5043 ejus
1578 4976 1689 5033 filia-
1739 4981 1805 5034 de
1837 4979 1998 5036 indu—

423 5060 558 5117 stria
584 5075 615 5114 a
641 5069 813 5117 marte
840 5062 1104 5131 immissa,
1126 5074 1180 5120 et
1196 5080 1380 5122 coram
1410 5068 1585 5125 oculis
1612 5069 1857 5126 omnium
1884 5072 1998 5127 sal-

427 5154 578 5219 tavit,
609 5162 672 5213 ‘et
708 5155 920 5223 placuit
957 5153 1158 5214 Herodi
1192 5163 1498 5221 etcreteris.
1533 5160 1671 5217 Nam
1713 5164 1993 5232 quomodo

428 5243 752 5303 llcrodiadis
784 5247 912 5314 lilia,
941 5263 975 5303 a
1002 5260 1176 5306 matre
1198 5253 1483 5322 producta,
1512 5268 1618 5309 non
1649 5254 1997 5325 impudenter

424 5343 702 5407 satiasset,
742 5358 843 5399 nec
883 5342 1087 5400 Herodi
1123 5345 1462 5415 placuisset?
1492 5346 1571 5401 Ita
1620 5363 1748 5404 vero
1770 5348 1997 5405 .lascivo

432 5431 544 5502 regi
575 5432 764 5488 arrisit
812 5433 1102 5504 impudens
1162 5435 1404 5502 saltatio,
1446 5445 1508 5491 ut
1569 5438 1788 5493 saltanti
1844 5440 1996 5496 dieeo

428 5536 505 5580 ret
541 5545 553 5581 :
587 5546 604 5578 ι
642 5526 770 5581 Pete
800 5542 831 5581 a
863 5543 950 5582 me
977 5529 1120 5596 quod
1154 5527 1256 5593 vis,
1288 5538 1343 5582 et
1371 5528 1513 5583 dabo
1548 5529 1667 5585 tibi.
1701 5530 1766 5586 Et
1790 5532 1998 5600 juravit

428 5619 501 5673 illi
539 5638 550 5671 :
590 5620 716 5690 quia
762 5620 1025 5691 quidquid
1061 5621 1285 5688 petieris
1321 5622 1463 5678 dabo
1502 5625 1622 5691 tibi,
1669 5626 1795 5683 licet
1824 5627 1991 5682 dimi-

429 5712 574 5765 dium
621 5712 765 5779 regni
802 5712 906 5765 luci
931 5711 997 5764 ³⁸.
1034 5729 1053 5763 ι
1087 5710 1207 5766 Ιίζχὶι
1231 5717 1296 5768 ad
1323 5725 1551 5772 matrem
1590 5727 1641 5773 ct
1674 5720 1993 5791 magistram

530 5827 573 5854 ιτ
606 5824 764 5880 κωςΔ
809 5840 881 5893 τι,
909 5825 999 5881 ea.

2101 4792 2197 4847 τοῦ
2222 4790 2530 4847 Βαπτιστοῦ
2555 4789 2650 4843 καὶ
2673 4789 2961 4861 Πρρφήτου
2988 4788 3531 4861 μανίαννΓενομένης
3555 4792 3670 4855 οὖν,

2102 4886 2291 4957 φησὶν,
2325 4883 2537 4956 ἡμέρας
2565 4883 2854 4953 εὐκαίρου,
2889 4882 3030 4953 πρὸς
3053 4883 3152 4953 τήν
3181 4882 3408 4953 φονικὴν
3430 4883 3673 4954 δηλονότι

2105 4977 2376 5051 μηχανὴν,
2405 4976 2750 5045 τελουμένων
2782 4973 2889 5028 τῶν
2939 4973 3234 5044 γενεθλίων
3288 4974 3560 5046 Ἡρώδου,
3579 4978 3675 5027 καὶ

2101 5070 2311 5132 παντὸς
2334 5068 2433 5140 μὲν
2461 5066 2556 5122 τοῦ
2581 5067 2741 5137 ὄχλου
2767 5065 3214 5136 συνειλεγμένου,
3240 5066 3458 5121 πάντων
3478 5067 3535 5120 δὲ
3563 5065 3673 5120 τῶν

2099 5164 2159 5217 ἐν
2189 5162 2339 5215 τέλει
2393 5159 2858 5231 προκαθημένων,
2894 5159 3119 5229 είσῆλθε
3173 5158 3377 5224 μεταξὺ
3426 5159 3669 5225 πάντων,

2100 5255 2363 5326 ἀφεθεῖσα
2394 5255 2526 5323 παρ’
2572 5252 2749 5321 αὐτῆς
2794 5251 3048 5323 ἐπίτηδες
3084 5252 3118 5322 ή
3160 5251 3366 5322 ταύτης
3399 5248 3671 5321 θυγάτηρ,

2100 5349 2197 5402 καὶ
2224 5346 2329 5400 ὑπὸ
2354 5345 2481 5409 τοὺς
2511 5345 2770 5399 ἁπάντων
2806 5342 3123 5413 ὀφθαλμοὺς
3160 5342 3454 5416 ὠρχήσατο
3486 5341 3546 5394 τὸ
3577 5357 3673 5394 κο-

2103 5445 2316 5513 ράσιον,
2361 5440 2457 5493 καὶ
2507 5438 2674 5507 ἤρεσε
2706 5438 2819 5500 τοῖς
2861 5451 2922 5488 τε
2957 5435 3142 5499 ἄλλοις
3192 5440 3286 5488 καὶ
3316 5433 3394 5504 τῷ
3432 5433 3674 5505 Ἡρώδη.

2101 5535 2227 5597 Πῶς
2259 5533 2366 5604 γὰρ
2418 5531 2518 5583 οὐκ
2555 5527 2782 5597 ἔμελλεν
2820 5529 2991 5597 αὐτῆς
3023 5544 3082 5580 τε
3117 5526 3278 5593 οὖσα,
3311 5527 3404 5580 καὶ
3454 5524 3547 5580 ὑπ’
3578 5525 3675 5578 αὑ-

2099 5629 2199 5697 τῆς
2237 5623 2596 5696 προαχθεῖσα,
2643 5621 2740 5675 καὶ
2787 5621 3024 5684 ἀναιδῶς
3073 5620 3437 5690 ὀρχήσασθαι,
3474 5620 3568 5674 καὶ
3596 5617 3675 5688 τῷ

2112 5716 2331 5788 Ἡρώδῃ
2360 5715 2638 5787 ἁρέσκειν;
2658 5713 2789 5766 Ἐπὶ
2814 5711 3071 5764 τοσοῦτον
3100 5710 3155 5763 δὲ
3183 5709 3276 5763 τοῦ
3309 5710 3674 5779 φιλοπαίγμο-
