4082 6412
501 376 604 441 507

1759 382 1863 443 GR
1877 383 2139 442 EGORII
2170 381 2489 443 PALAM.‘E

3656 377 3763 440 503

499 494 698 546 similia
732 495 1013 560 patiuntur
1036 495 1116 548 vel
1143 496 1322 563 potius
1356 495 1580 551 faciunt.
1617 499 1826 552 Etenim
1853 499 2086 554 convicti

2194 501 2372 565 δησιν,
2403 495 2707 568 ἀναιροῦσι,
2731 494 2933 557 τελέως
2975 493 3382 563 καταργοῦντες
3413 493 3605 565 αὐτὴν,
3632 497 3766 551 ἀπι-

503 585 853 638 seruoaibus
905 585 1313 654 prophetarum,
1359 588 1724 655 apostolorum
1770 597 1933 656 atque
1982 587 2083 641 Pa-

504 683 643 725 trum
673 689 704 726 a
734 674 886 727 nobis
922 675 1169 742 prolatis,
1194 677 1428 745 primum
1456 680 1672 746 quidem
1700 678 1820 732 illos
1840 677 1892 730 in
1922 678 2078 731 libris

500 764 852 828 concludunt,
896 765 1137 822 dicentes
1171 785 1185 822 :
1222 769 1394 823 Sinite
1454 785 1548 823 eos
1582 770 1650 824 ibi
1690 769 1950 832 dormire,
1987 785 2082 821 ne-

504 870 606 921 que
639 855 746 908 illis
779 855 1049 924 quispiam
1081 866 1267 911 utatur
1297 861 1379 913 vel
1417 861 1538 916 illos
1569 863 1830 931 proferat,
1874 880 2078 932 nequa-

504 961 666 1012 quam
701 949 982 1002 audientes
1015 948 1303 1004 Dominum
1338 953 1646 1010 dicentem:
1692 974 1710 1005 ‹
1753 955 2080 1010 Serutamini

502 1037 841 1106 Scripturas.
884 1050 936 1094 et
973 1042 1024 1094 in
1057 1043 1137 1097 eis
1188 1043 1477 1100 invenietis
1509 1047 1671 1100 vitam
1724 1057 2006 1102 :eternam.
2057 1067 2074 1100 ι

499 1123 695 1180 Postea
729 1131 796 1181 ab
824 1128 1148 1198 Herodiade,
1182 1135 1345 1202 impia
1381 1136 1704 1205 gloriatione
1735 1140 1978 1208 propria,
2012 1141 2076 1192 ad

499 1217 684 1285 pejora
727 1221 998 1289 producti,
1058 1225 1180 1279 illos
1237 1239 1547 1295 proponunt
1587 1230 1748 1282 veluti
1799 1232 1849 1282 in
1897 1230 2078 1283 tabula

503 1311 874 1381 ciinscriptos,
916 1316 1154 1383 prOpriis
1205 1319 1424 1387 scriptis
1476 1320 1810 1387 auferentes,
1846 1322 1898 1375 in
1945 1337 2081 1391 gau-

506 1401 654 1454 dium
694 1412 749 1457 et
779 1405 1038 1460 damnum
1076 1411 1566 1467 consentientium.

2195 589 2384 642 στοῦσί
2413 606 2471 640 τε
2509 589 2602 641 καὶ
2649 587 2992 655 ἀντιλέγουσι
3047 589 3114 657 τῇ
3167 586 3510 655 θεοπνεύστῳ
3544 587 3762 658 Γραφῇν

2190 678 2535 747 ἀσυνείδητοι
2586 677 2908 730 παντάπασι
2959 678 3055 729 καὶ
3105 677 3479 745 ἀντικείμενοι
3510 677 3765 748 τῷλόγῳ

2189 769 2282 820 τοῦ
2304 769 2440 822 Θεοῦ
2462 769 2760 838 γινόμενοι,
2783 766 3040 833 καθάπερ
3067 767 3094 818 ὁ
3127 765 3376 835 Ἡρώδης
3404 766 3482 842 τῷ
3515 767 3760 838 Ἰωάννῃ.

2203 860 2362 913 Ἀλλά
2395 862 2484 914 καὶ
2523 861 2572 914 οἱ
2606 860 2742 929 πρὸς
2775 859 2872 928 τὴν
2907 858 3171 926 ἀλήθειαν
3203 858 3302 928 τῆς
3355 857 3639 921 εὐσεϐείας
3666 861 3766 912 άν-

2189 951 2496 1019 τιλέγοντες
2534 953 2603 1005 τὰ
2634 951 2996 1021 παραπλήσια
3033 949 3325 1018 πάσχουσι,
3360 950 3558 1018 μᾶλλον
3583 951 3638 1002 δὲ
3671 954 3766 1004 καὶ

2191 1044 2460 1097 ποιοῦσιν.
2500 1044 2884 1113 Ἐλεγχόμενοι
2937 1045 3048 1112 γὰρ
3084 1043 3189 1095 ὑπὸ
3244 1042 3352 1094 τῶν
3409 1044 3766 1112 προφητικῶν

2189 1135 2284 1187 καὶ
2313 1133 2688 1187 ἀποστολικῶν
2730 1137 2823 1188 καὶ
2861 1134 3146 1204 πατρικῶν
3214 1133 3389 1200 λόγων
3446 1133 3575 1202 παρ’
3607 1135 3766 1203 ήμῶν

2194 1225 2644 1295 προτεινομένων,
2677 1225 2893 1294 πρῶτον
2950 1226 3047 1294 μὲν
3099 1223 3290 1292 ῶσπερ
3346 1224 3765 1276 κατακλείουσιν

2192 1317 2390 1379 αὐτοὺς
2426 1319 2483 1369 ἐν
2521 1320 2634 1380 τοῖς
2687 1316 2937 1388 βιϐλίοις,
2992 1315 3261 1382 λέγοντες,
3309 1315 3509 1382 Ἀφετε
3565 1315 3767 1373 αὐτοὺς

2191 1413 2306 1462 ἐκεῖ
2339 1410 2579 1470 κεῖσθαι,
2618 1411 2712 1463 καὶ
2753 1411 2941 1479 μηδεὶς
2979 1409 3164 1471 αὐτοῖς
3199 1408 3446 1477 χρήσθω,
3473 1407 3606 1478 μηδέ
3635 1424 3767 1477 προ-

503 1495 729 1550 τεινέτω
759 1496 1023 1559 τούτους*
1076 1499 1208 1568 μηδὲ
1259 1500 1392 1566 γοῦν
1446 1501 1539 1554 τοῦ
1587 1500 1793 1570 Κυρίου
1826 1501 2078 1568 λέγοντος
2113 1498 2426 1562 ἀκούοντες,
2469 1516 2489 1548 ‹
2549 1497 2840 1566 Ἐρευνᾶτε
2889 1499 2985 1558 τάς
3018 1496 3381 1566 Γραφάς,καὶ
3450 1499 3506 1547 ἐν
3567 1497 3764 1550 αὐταῖς

510 1591 772 1660 εὑρήσετε
809 1591 956 1664 ζωὴν
983 1594 1084 1664 τήν
1114 1595 1358 1653 αίώνιον.
1407 1617 1423 1649 ι
1456 1593 1590 1652 Εἶτα
1655 1600 1761 1651 ὑπὸ
1822 1598 1920 1664 τῆς
1985 1595 2335 1664 Ἡρωδιάδος,
2403 1594 2502 1663 τῆς
2555 1592 2682 1646 καθ’
2751 1593 2980 1654 ἑαυτοὺς
3027 1590 3323 1654 δυσσεϐοῦς
3372 1591 3549 1656 δόξης,
3582 1593 3673 1643 ἐπὶ
3705 1595 3766 1648 τὸ

503 1683 685 1752 χεῖρον
715 1685 1108 1753 προαγόμενοι,
1137 1687 1232 1740 καὶ
1268 1687 1621 1757 προτιθέασιν
1647 1690 1844 1752 αὐτοὺς
1876 1691 1968 1742 ἐπὶ
1989 1690 2218 1748 πίνακος
2248 1685 2412 1738 οἷονεί
2440 1685 2946 1755 κατεσφαγμένους,
2989 1683 3105 1753 ’διὰ
3171 1681 3280 1734 τῶν
3348 1683 3564 1737 οἰκείων
3628 1703 3764 1754 συγ-

499 1776 846 1844 γραμμάτων
877 1777 1100 1841 τούτους
1133 1779 1510 1848 ἀναιροῦντες,
1537 1783 1617 1845 είς
1649 1784 1933 1854 ἐπίχαρμα
1974 1783 2068 1835 καὶ
2117 1779 2323 1850 βλάϐην
2355 1781 2463 1831 τῶν
2487 1779 2672 1842 αὐτοῖς
2697 1777 3118 1831 συναινούντων.

3571 1759 3604 1797 Ι

571 1867 760 1936 Itaque
791 1867 1036 1925 llerodes
1062 1871 1277 1938 quidem
1307 1875 1486 1929 omnis
1516 1877 1774 1945 nequitia:
1806 1887 1860 1932 et
1891 1877 2083 1946 impie-

2263 1871 2455 1934 Οὐτιυς
2512 1871 2760 1941 Ἡρώδης
2817 1871 2918 1941 μὲν
2965 1870 3078 1924 ἔστι
3123 1870 3304 1942 πάσης
3353 1873 3551 1936 κακίας
3583 1889 3640 1925 τε
3669 1870 3767 1924 καὶ

501 1960 628 2012 talis
668 1969 750 2013 est
784 1962 1100 2030 exemplar;
1135 1962 1376 2020 Joannes
1407 1982 1535 2021 vero
1570 1969 1749 2023 omnis
1779 1970 1999 2024 virtutis
2031 1978 2087 2024 et

505 2050 723 2116 pit'talis
779 2053 1055 2110 columna.
1094 2054 1334 2114 Herodes
1361 2062 1506 2114 enim
1547 2073 1630 2117 est
1664 2063 1942 2132 plenitudo
1973 2079 2087 2118 mar

507 2141 542 2194 li
574 2143 656 2206 ia',
690 2145 858 2199 robur
889 2147 1203 2216 impietatis,
1239 2152 1661 2207 instrumentum
1707 2157 1932 2225 peccati,
1962 2171 2088 2210 vere

503 2236 764 2303 carnalis,
802 2247 991 2308 utpote
1033 2231 1330 2296 secundum
1381 2260 1601 2299 carnem
1650 2248 1834 2301 vivens
1877 2256 1936 2301 et
1965 2237 2090 2304 sen-

505 2328 681 2389 tiens;
715 2327 958 2384 Joannes
1001 2340 1184 2386 autem
1234 2334 1452 2390 culmen
1501 2335 1752 2390 divorum
1805 2352 1833 2390 a
1885 2338 2087 2393 saeculo

505 2420 972 2488 patriarcharum,
1006 2426 1268 2493 praeclara
1301 2427 1462 2482 sedes
1493 2429 1886 2485 charismatum
1916 2432 2088 2498 Spiri-

507 2517 618 2573 tus,
666 2511 789 2580 jure
835 2529 898 2566 ex
943 2518 1116 2583 gratia
1173 2519 1355 2572 divina
1415 2523 1864 2588 cognominatus,
1912 2526 2090 2579 omnis

509 2602 732 2669 pietalis
763 2615 815 2657 et
851 2605 1072 2662 virtutis
1106 2609 1502 2667 habitaculum.
1539 2613 1704 2683 Igitur
1743 2617 1866 2670 duae
1897 2618 2090 2688 imagi-

511 2708 606 2746 nes
664 2695 830 2748 hodie
871 2709 1252 2766 pr0p0nui:tur
1283 2718 1406 2772 qua:
1457 2704 1560 2758 sibi
1607 2707 1954 2776 singulariter
1994 2711 2090 2762 ad-

507 2797 795 2842 versantur
837 2791 1085 2859 objectge,
1132 2810 1362 2864 quarum
1413 2813 1520 2852 una
1558 2800 1782 2868 quidem
1831 2817 1993 2871 parva
2039 2810 2092 2857 et

509 2893 698 2946 parum
738 2882 852 2935 visa
890 2885 1087 2950 gaudio
1141 2897 1194 2941 et
1225 2889 1436 2945 honore
1478 2891 1691 2948 allicere
1735 2908 1832 2948 eos
1864 2895 1958 2963 qui
2007 2910 2094 2948 se-

509 2973 750 3025 cundum
783 2974 926 3028 illam
965 2977 1175 3039 vivunt,
1206 2994 1302 3034 eos
1342 2981 1594 3036 dedecori
1627 2991 1682 3037 et
1714 2995 1974 3053 perpetuo
2006 2994 2090 3039 at-

509 3076 613 3129 que
646 3063 974 3119 intolerabili
1011 3069 1179 3123 tradit.
1231 3071 1434 3136 exitio;
1467 3074 1634 3127 altera
1677 3083 1858 3130 autem
1896 3093 2087 3141 parum

508 3149 695 3210 labore
729 3152 972 3209 alliciens
997 3171 1090 3212 eos
1123 3159 1216 3228 qui
1248 3159 1313 3213 ad
1346 3174 1464 3214 eam
1494 3173 1765 3230 speetant,
1799 3165 1994 3221 deinde
2018 3167 2086 3220 il-

508 3241 576 3296 lis
605 3243 845 3311 impertit
888 3247 1116 3315 gloriam
1140 3223 1204 3303 et
1255 3251 1588 3320 voluptatem
1636 3255 1874 3310 divinam
1914 3267 1967 3312 et
2003 3262 2087 3312 in-
2115 3223 2157 3282 ο

509 3333 808 3402 οπαιιίιεηι,
834 3349 887 3391 et
916 3353 1100 3394 veram
1133 3349 1185 3395 et
1217 3351 1502 3399 aeternam.
1542 3346 1598 3400 Si
1631 3362 1762 3416 ergo
1785 3350 2087 3405 secundum

508 3440 729 3480 carnem
762 3429 1084 3497 vixerimus,
1115 3437 1362 3490 carnales
1399 3438 1573 3492 inStar
1601 3437 1855 3503 Herodis,
1889 3445 2089 3498 morie-

509 3531 654 3579 mur,
687 3526 846 3585 prout
879 3521 1014 3574 dixit
1047 3523 1342 3590 Apostolus
1373 3527 1439 3580 ’⁸.
1471 3528 1526 3582 Si
1576 3538 1758 3584 autem
1789 3531 1955 3586 divini
1976 3543 2090 3602 'ope

507 3606 744 3674 Spiritus
774 3613 1076 3668 secundum
1101 3614 1328 3672 Joannis
1351 3619 1527 3673 zelum
1573 3623 1844 3689 perversis
1872 3625 2087 3678 deside-

508 3699 610 3754 riis
649 3704 892 3771 corporis
931 3715 985 3758 et
1037 3709 1299 3778 operibus
1339 3710 1697 3776 obsistamus.
1736 3714 1982 3770 vivemus
2037 3717 2089 3771 in

508 3794 733 3848 sarcula.
766 3795 897 3851 Nam
952 3801 1254 3856 secundum
1301 3803 1563 3873 Spiritum
1615 3808 1739 3864 ﬁnis
1777 3809 1902 3864 vitae
1933 3811 2091 3866 modo
2146 3852 2156 3864 .

509 3888 866 3943 absconditur
895 3906 1019 3944 cum
1051 3891 1272 3949 Christo
1308 3896 1360 3949 in
1399 3896 1528 3960 Deo,
1559 3907 1615 3953 et
1643 3901 1884 3954 nondum
1915 3901 2093 3955 omni-

507 3977 615 4033 bus
646 3989 730 4034 est
751 3981 1097 4049 manifestus,
1133 3987 1227 4040 sed
1263 3990 1481 4055 quando
1505 3991 1842 4058 apparuerit,
1881 3982 2092 4048 similes

509 4068 558 4122 ei
610 4071 838 4138 erimus,
895 4074 1137 4130 lueredes
1181 4077 1298 4142 Dei,
1351 4080 1662 4136 coheredes
1711 4083 1939 4147 Christi,
1998 4084 2093 4138 illa

510 4169 712 4215 aeterna
753 4173 805 4217 et
839 4165 1282 4236 incorruptibilia
1329 4171 1566 4226 assecuti
1611 4173 1771 4240 bona,
1826 4192 1949 4245 quae
1993 4192 2093 4232 nec

510 4254 702 4308 oculus
736 4257 889 4323 vidit,
927 4274 1026 4314 nec
1057 4261 1202 4323 auris
1235 4263 1463 4326 audivit,
1494 4281 1594 4321 nec
1637 4267 1690 4320 in
1732 4283 1826 4321 cor
1858 4268 2093 4325 hominis

512 4347 783 4415 ascendit,
818 4351 945 4419 quia
978 4361 1108 4407 sunt
1133 4369 1296 4424 super
1320 4372 1526 4422 aurem,
1562 4367 1616 4413 et
1647 4375 1811 4429 super
1844 4361 2090 4426 oculum,

509 4447 566 4489 et
595 4454 760 4508 super
796 4452 1031 4496 mentem
1060 4463 1072 4508 ;
1106 4445 1187 4500 eis
1218 4457 1400 4502 autem
1434 4450 1527 4519 qui
1560 4451 1748 4504 vivunt
1787 4451 2090 4506 secundum

2191 1965 2512 2028 δυσσεϐείας
2549 1964 2896 2034 πρόγραμμα
2923 1979 2937 1992 ·
2969 1965 2996 2017 ό
3025 1964 3080 2016 δὲ
3118 1963 3370 2034 Ἰωάννης
3404 1964 3585 2033 πάσης
3633 1967 3766 2034 ἀρε-

2190 2058 2288 2126 τῆς
2320 2058 2415 2110 καὶ
2446 2056 2735 2118 εὐσεϐείας
2789 2055 2959 2126 στήλη
2985 2070 3000 2088 ·
3061 2054 3310 2126 Ἡρώδης
3351 2055 3452 2124 μὲν
3490 2055 3597 2126 γάρ
3649 2057 3766 2106 ἐστι

2188 2149 2248 2201 τὸ
2285 2149 2559 2218 πλήρωμα
2586 2147 2686 2218 τῆς
2722 2146 2941 2211 κακίας,
2969 2146 3030 2199 τὸ
3065 2147 3268 2216 κράτος
3291 2148 3390 2217 τῆς
3419 2147 3763 2208 δυσσεϐείας.

2189 2240 2248 2293 τὸ
2283 2239 2513 2311 ὄργανον
2556 2238 2658 2306 τῆς
2692 2238 3065 2307 παρανομίας,
3090 2237 3119 2289 ό
3159 2236 3418 2306 σάρκινος
3472 2237 3662 2299 ὅντως,
3688 2238 3766 2301 ὼς

2189 2331 2331 2383 κατὰ
2367 2329 2547 2398 σάρκα
2574 2327 2681 2392 ζῶν
2711 2345 2772 2380 τε
2805 2327 2897 2380 καὶ
2930 2327 3146 2396 φρονῶν
3169 2344 3184 2360 ·
3225 2326 3482 2399 Ἰωάννης
3506 2327 3562 2380 δὲ
3589 2329 3620 2398 ή
3653 2327 3766 2380 τῶν

2191 2419 2287 2472 ἀπ’
2325 2420 2520 2482 αἰῶνος
2547 2419 2822 2489 θεοφόρων
2867 2417 3132 2489 ἀκρότης,
3162 2418 3224 2472 τὸ
3259 2409 3558 2488 περιφανὲς
3594 2436 3765 2472 κατα-

2190 2509 2394 2576 γώγιον
2421 2507 2529 2560 τῶν
2559 2509 2918 2579 χαρισμάτων
2937 2506 3032 2560 τοῦ
3061 2507 3404 2576 Πνεύματος,
3430 2508 3461 2561 ὁ
3488 2509 3584 2578 τῆς
3609 2507 3763 2571 Θείας

2191 2604 2414 2671 χάριτος
2446 2601 2788 2668 φερωνύμως
2827 2598 3138 2669 ἐπώνυμος,
3171 2599 3234 2651 τὸ
3262 2600 3445 2670 πάσης
3477 2598 3762 2662 εὐσεϐείας

2191 2693 2290 2745 καὶ
2317 2691 2520 2762 ἀρετῆς
2544 2691 2891 2761 ἐνδιαίτημα.
2921 2691 3024 2743 Δύο
3050 2690 3234 2744 τοίνυν
3265 2691 3473 2754 εἰκόνες
3503 2691 3761 2762 πρόκεινο

2191 2803 2279 2840 ται
2317 2787 2588 2856 σήμερον,
2645 2784 2768 2839 καθ’
2803 2783 3110 2856 ὑπερϐολὴν
3142 2785 3279 2855 πρὸς
3327 2784 3567 2854 ἀλλήλας
3599 2783 3762 2838 ἀνθε-

2193 2882 2445 2949 στηκυῖαι
2477 2879 2572 2931 καὶ
2600 2876 3003 2946 ἀντικείμεναι,
3037 2871 3112 2930 ὧν
3145 2878 3178 2947 ή
3227 2876 3327 2947 μὲν
3369 2877 3526 2944 ὀλίγα
3564 2893 3624 2929 τε
3668 2877 3764 2931 καὶ

2193 2969 2327 3039 πρὸς
2358 2969 2540 3037 ὀλίγον
2571 2969 2699 3030 τοὺς
2739 2969 2864 3020 κατ’
2909 2966 3080 3035 αὐτὴν
3132 2965 3234 3036 ζῇν
3293 2967 3764 3037 προαιρουμένους

2194 3061 2508 3130 εὐφραίνειν
2538 3057 2772 3112 δοκοῦσα
2828 3058 2924 3110 καὶ
2965 3057 3155 3128 τιμᾷν,
3209 3056 3404 3126 ἀτιμίᾳ
3437 3057 3533 3109 καὶ
3582 3055 3764 3125 θλίψει.

2195 3153 2561 3222 παραδίδωσιν
2588 3151 2811 3221 ἀλήκτῳ
2849 3149 2942 3203 καὶ
2973 3150 3238 3219 ἀφορήτῳ
3262 3165 3276 3179 ·
3311 3151 3342 3218 ἡ
3393 3149 3446 3202 δέ
3483 3149 3619 3219 πρὸς
3652 3150 3765 3201 ὀλί-

2192 3261 2287 3312 γον
2322 3245 2504 3298 πονεῖν
2528 3242 2748 3296 διδοῦσα.
2777 3241 2906 3303 τοὺς
2941 3240 3078 3312 πρὸς
3102 3241 3273 3310 αὐτὴν
3299 3239 3620 3309 βλέποντας,
3649 3235 3765 3294 εἶτα

2191 3335 2475 3406 χαρίζεται
2507 3335 2720 3395 τούτοις
2763 3332 2923 3397 δόξαν
2971 3333 3067 3386 καὶ
3111 3331 3415 3385 ἀπόλαυσιν
3470 3330 3622 3384 θείαν
3670 3332 3767 3385 καὶ

2191 3425 2507 3494 ἀπόρρητον
2539 3424 2634 3477 καὶ
2661 3422 2923 3493 ἀληθινὴν
2975 3423 3070 3476 καὶ
3121 3420 3362 3475 αἰώνιον.
3425 3421 3488 3473 El
3526 3421 3626 3492 μὲν
3673 3417 3766 3476 οὖν

2191 3522 2332 3572 κατά
2366 3520 2543 3588 σάρκα
2573 3516 2784 3587 ζῶμεν,
2814 3517 2956 3570 κατά
3000 3516 3237 3585 μίμησιν
3292 3513 3388 3566 τοῦ
3440 3515 3764 3584 δερματίνου

2206 3608 2444 3678 Ἡρώδου
2478 3605 2746 3676 μέλλομεν
2773 3604 3168 3675 ἀποθνήσκειν,
3194 3602 3339 3656 καθά
3371 3619 3538 3671 φησιν
3565 3602 3766 3656 δἈπό-

2194 3700 2378 3762 στολος
2401 3714 2413 3728 ·
2450 3700 2498 3750 εἰ
2527 3697 2584 3751 δὲ
2617 3696 2747 3766 θείῳ
2775 3695 2935 3765 227
2969 3693 3248 3764 Πνεύματι
3311 3694 3452 3746 κατὰ
3477 3692 3766 3762 ζῆλοντοῦ

2205 3791 2452 3846 Ἰωάννου
2481 3793 2602 3854 ταῖς
2630 3792 2900 3859 πονηραῖς
2933 3786 3029 3841 τοῦ
3058 3787 3313 3856 σώματος
3340 3785 3556 3854 ὀρέξεσι
3585 3803 3644 3840 τε
3673 3786 3768 3838 καὶ

2195 3883 2462 3952 πράξεσιν
2491 3880 2875 3949 ἀντικείμεθα,
2924 3877 3209 3950 ζησόμεθα
3261 3879 3344 3942 είς
3381 3877 3608 3941 αἰῶνας.
3655 3876 3770 3946 Τῆς

2198 3974 2296 4043 μὲν
2321 3973 2430 4043 γὰρ
2458 3973 2600 4026 κατὰ
2628 3971 2846 4040 πνεῦμα
2877 3969 3026 4040 ζωῆς
3059 3970 3119 4022 τὸ
3159 3969 3315 4032 τέλος
3340 3970 3650 4039 κέκρυπται
3673 3968 3770 4022 νῦν

2194 4066 2251 4118 ἐν
2282 4064 2359 4131 τῷ
2394 4061 2616 4133 Χριστῷ
2647 4061 2786 4131 πρὸς
2816 4062 2910 4114 τὸν
2945 4061 3104 4123 Θεὸν,
3137 4062 3232 4114 καὶ
3275 4060 3436 4114 οὐπω
3477 4061 3614 4114 πᾶσι
3669 4077 3771 4127 φα-

2193 4154 2348 4223 νερόν
2377 4153 2544 4217 ἐστιν,
2577 4154 2704 4207 ὅταν
2730 4153 2786 4205 δὲ
2822 4153 3139 4223 φανερωθῇ,
3159 4153 3338 4215 ὅμοιοι
3361 4151 3510 4221 αὐτῷ
3529 4152 3770 4219 ἐσόμεθα

2194 4243 2526 4315 κληρονόμοι
2561 4243 2724 4309 Θεοῦ,
2751 4243 3191 4314 συγκληρονόμοι
3212 4243 3479 4315 Χριστοῦ,
3509 4243 3616 4298 τῶν
3643 4247 3772 4298 αἰω-

2193 4336 2323 4390 νίων
2354 4336 2579 4389 ἐκείνων
2615 4335 2708 4388 καὶ
2736 4336 3031 4406 ἀκηράτων
3067 4335 3291 4404 ἀγαθῶν
3325 4336 3698 4406 ἐπιτυχόντες,
3731 4335 3770 4390 ἀ

2197 4430 2334 4498 μήτε
2369 4427 2646 4496 ὀφθαλμὸς
2707 4425 2838 4493 εἶδε,
2875 4429 3018 4498 μήτε
3067 4427 3160 4490 οὓς
3191 4427 3449 4498 ἤκουσεν,
3481 4428 3598 4480 ἀλλ’
3645 4428 3769 4481 οὐδέ

511 4544 896 4595 earnem,non
937 4543 1147 4590 tantum
1178 4541 1443 4594 auortalia
1480 4553 1536 4595 et
1586 4542 1824 4610 peritura
1870 4543 2088 4609 dantur,

2197 4521 2288 4572 ἐπὶ
2326 4519 2557 4587 καρδίαν
2588 4519 2935 4590 ἀναϐέϐηκεν
2965 4518 3281 4590 ἀνθρώπου,
3304 4518 3380 4580 ὡς
3421 4519 3562 4590 ὑπὲρ
3602 4519 3770 4590 ἀκοὴν
3833 4521 3837 4524 ’

513 4621 607 4672 sed
653 4621 724 4675 ita
759 4624 974 4678 modica
1013 4637 1065 4681 et
1097 4643 1282 4698 parva,
1312 4640 1368 4684 ut
1397 4631 1615 4701 siliquis
1641 4639 1696 4686 et
1727 4633 1854 4688 cibo
1887 4648 2089 4702 porco-

515 4725 634 4764 rum
659 4714 1033 4773 conferantur.

589 4981 792 5041 Idcirco
847 4987 892 5040 si
935 4987 1050 5042 h:ec
1095 4997 1276 5043 essent
1307 4997 1535 5050 aeterna,
1583 5002 1776 5061 rursus
1824 4987 1914 5041 illa
1971 4987 2090 5044 istis

519 5087 796 5144 oporteret
869 5089 1228 5148 anteponere,
1275 5081 1400 5148 quia
1430 5095 1594 5148 supra
1626 5095 1842 5135 omnem
1875 5097 2094 5150 compa-

516 5170 786 5226 rationem
819 5187 882 5226 οι
913 5174 1061 5226 omni
1100 5184 1252 5241 parte
1282 5174 1362 5226 eis
1404 5181 1700 5242 praestant;
1735 5175 1778 5226 si
1815 5188 1942 5226 vero
1982 5174 2095 5228 haec

514 5278 624 5330 pne
653 5263 760 5317 illis
787 5275 968 5318 essent
1004 5280 1194 5331 magna
1215 5277 1265 5319 et
1289 5265 1579 5327 mirabilia,
1608 5265 1734 5332 quia
1776 5265 1887 5318 haec
1914 5273 2095 5319 trans-

513 5363 668 5417 eunt,
711 5354 799 5407 illa
857 5364 1036 5408 autem
1075 5357 1126 5406 in
1171 5364 1433 5409 mteruum
1490 5365 1834 5425 permanent,
1869 5372 2088 5417 rursum

514 5444 602 5495 illa
659 5455 844 5498 essent
893 5445 1256 5512 prml'erenda,
1314 5458 1500 5514 utpote
1549 5448 1834 5504 duratura.
1893 5448 2093 5503 Verum

513 5535 774 5602 quoniam
799 5536 898 5589 ista
917 5537 1134 5605 quidem
1163 5538 1288 5592 vilia
1318 5550 1446 5593 sunt
1475 5550 1526 5594 et
1549 5540 1774 5606 caduca,
1804 5541 1891 5595 illa
1912 5552 2095 5595 autem

474 5693 479 5698 _
515 5627 775 5695 perennia
809 5637 862 5682 et
918 5629 1388 5700 incomparabilia,
1422 5643 1844 5704 autepouau‘ius,
1879 5635 2096 5696 fratres.

588 5811 628 5837 τε
669 5811 829 5867 Ιίιιιιι.
869 5830 982 5875 v:tt,
1029 5815 1108 5866 l5.

2199 4613 2332 4665 ὄντα
2357 4613 2452 4665 καὶ
2478 4611 2756 4681 ὀφθαλμὸν
2787 4611 2881 4664 καὶ
2904 4611 3144 4664 διάνοιαν
3167 4626 3181 4640 ·
3208 4612 3320 4673 τοῖς
3343 4610 3399 4664 δέ
3427 4612 3569 4664 κατά
3593 4613 3767 4680 σάρκα

2202 4706 2369 4769 ζῶσιν
2413 4705 2472 4756 οὐ
2505 4705 2674 4774 θνητά
2696 4705 2791 4757 καὶ
2813 4705 3128 4776 πρόσκαιρα
3155 4702 3338 4774 μόνον,
3358 4704 3496 4757 άλλά
3513 4705 3604 4756 καὶ¹
3626 4701 3764 4754 οὕτω

2204 4799 2412 4868 σμικρά
2441 4797 2531 4850 καὶ
2564 4797 2759 4866 εὐτελῆ
2789 4797 2856 4850 τὰ.
2883 4798 3113 4868 τερπνά,
3136 4797 3210 4860 ὼς
3233 4796 3511 4864 κερατίοις
3539 4797 3648 4848 τισλ.
3681 4793 3771 4847 καὶ

2198 4888 2452 4958 χοιρώδει
2485 4886 2930 4957 παρεικάζεσθαι
2965 4885 3190 4957 βρώσει.

2263 4979 2322 5030 El
2355 4979 2454 5046 μὲν
2492 4975 2584 5030 οὖν
2615 4977 2710 5054 agn
2735 4973 2906 5028 ταῦτα
2937 4971 3074 5046 ἦσαν
3119 4973 3335 5036 αίώνια,
3372 4973 3537 5027 πάλιν
3583 4971 3773 5024 ἐκεῖνα

2192 5074 2398 5126 τούτων
2438 5072 2707 5142 προτιμᾷν
2741 5069 2872 5131 ἔδει,
2921 5066 2995 5128 ὡς
3029 5067 3378 5137 ἀσυγκρίτως
3421 5064 3778 5116 παντάπασιν

2195 5166 2562 5235 ὑπερέχοντα·
2599 5165 2647 5215 εἰ
2677 5163 2733 5216 δὲ
2764 5162 2885 5214 κατ’
2912 5161 3097 5213 ἐκεῖνα
3125 5158 3334 5228 μεγάλα
3365 5157 3487 5210 τινὰ
3521 5158 3614 5209 καὶ
3647 5157 3781 5206 θαυο

2199 5260 2383 5328 μαστᾶ
2426 5258 2518 5308 καὶ
2549 5256 2722 5308 ταῦτα
2771 5249 2860 5324 ἦν,
2891 5254 2974 5306 ὅτι
3007 5251 3181 5305 ταῦτα
3228 5252 3562 5322 πρόσκαιρα,
3595 5249 3782 5301 ἐκεῖνα

2201 5353 2256 5404 δὲ
2285 5351 2504 5413 αἰώνια,
2536 5351 2700 5403 πάλιν
2727 5348 2909 5400 ἐκεῖνα
2941 5345 3286 5415 προτιμητέα
3320 5343 3395 5406 ώς
3425 5341 3781 5412 διαμένοντα·

2204 5445 2326 5496 ἐπεὶ
2357 5444 2412 5496 δὲ
2443 5442 2624 5494 ἐκεῖνα
2653 5441 2751 5509 μὲν
2778 5441 2872 5492 καὶ
2903 5438 3115 5505 ἀληκτα
3141 5438 3236 5489 καὶ
3258 5435 3588 5504 ἀσύγκριτα,
3608 5433 3785 5486 ταῦτα

2205 5536 2260 5587 δὲ
2294 5535 2387 5588 καὶ
2411 5534 2609 5603 ἀχρεῖα
2640 5532 2736 5584 καὶ
2769 5529 3110 5600 πρόσκαιρα,
3145 5528 3600 5598 προτιμήσωμεν,
3635 5524 3788 5576 ἁδελι

2209 5629 2318 5697 φοι,
2345 5628 2411 5682 τὰ
2448 5628 2648 5698 μόνιμα
2679 5626 2772 5678 καὶ
2800 5624 3090 5694 ἀπόρρητα
3122 5621 3216 5674 καὶ
3244 5620 3473 5691 οὐράνια
3506 5619 3611 5672 τῶν
3638 5619 3785 5673 κάτω
