4082 6414
260 420 368 485 509
555 445 558 449 λ
1621 421 1872 484 HOMIL

1902 420 1958 482 Ἀ
2014 415 2146 488 ΧΙῙξ
3236 475 3244 482 .
3408 421 3514 486 510

265 531 582 602 συρομὲνων
598 533 692 588 καὶ
716 534 1091 605 φθειρομένων
1111 550 1125 566 ο
1146 532 1600 606 παραδράμωμεν
1615 533 1841 598 δικαίως
1871 580 1877 593 .

1947 535 2098 590 firma
2135 543 2188 592 et
2213 535 2511 592 ineffabilia
2547 544 2600 592 et
2633 542 2867 603 aeterna,
2898 550 3021 590 cum
3055 541 3270 614 terrena
3307 535 3529 603 rapian-

265 624 339 675 τὰ
367 625 810 695 παρατρέχοντα,
833 626 934 680 κᾶν
963 628 1098 695 πρὸς
1129 628 1310 695 ὀλίγον
1349 627 1607 682 σαίνοντα
1635 627 1845 698 κλέπτῃ

1951 638 2040 684 tur
2068 640 2122 684 et
2147 641 2598 700 corrumpantur;
2626 630 2821 685 merito
2850 638 3193 685 transeamus
3234 637 3525 682 transeun-

255 715 369 788 γτὴν
417 716 669 780 αἴσθησιν
694 733 708 748 ο
740 717 1226 788 ἀντιποιησώμεθα
1272 719 1382 771 τῶν
1439 717 1743 787 μελλόντων
1773 717 1846 779 ὡς

1951 720 2047 786 tia,
2067 720 2170 775 etsi
2202 721 2478 790 paulisper
2499 721 3051 775 mulcentia‘meutem
3080 719 3300 783 fallant;
3331 732 3532 787 propo-

258 799 551 875 ’μενόντων
603 810 697 864 καὶ
740 812 1009 880 μηδέποτε
1057 811 1374 881 λυομένωνο
1425 810 1718 879 φεύγωμεν
1750 810 1850 880 τὴν

1951 827 2149 868 namus
2178 823 2404 880 aeterna,
2438 823 2626 880 utpote
2653 812 2950 876 manentia,
2980 827 3082 866 nec
3118 825 3359 878 unquam
3392 809 3534 879 peri-

272 897 412 964 πρὸς
463 893 710 967 Ἡρώδην
743 900 1007 966 ὁμοίωσιν
1033 915 1047 931 ’
1087 899 1426 969 σπεύδωμεν,
1452 901 1553 968 ὅση
1581 899 1847 969 δύναμις,

1955 918 2116 973 tura;
2157 907 2430 978 fugiamus
2494 906 2726 962 Herodis
2775 905 3124 974 exemplum;
3168 919 3264 974 pro
3325 901 3534 955 viribus

276 988 416 1057 πρὸς
443 990 544 1055 τὴν
575 992 668 1044 τοῦ
697 992 1015 1062 Προδρόμου
1047 994 1145 1062 τῆς
1193 995 1417 1063 χάριτος
1451 992 1707 1063 μίμησιν,
1755 992 1852 1044 καὶ

1954 1001 2271 1056 Studeamus
2316 999 2521 1054 imitari
2559 997 2921 1054 Praecursoris
2957 994 3211 1067 gratiam,
3249 1007 3350 1046 nos
3395 1006 3535 1060 prac-

279 1079 516 1147 μάλιστα
560 1080 782 1136 πάντων
837 1087 1018 1155 ἡμεῖς,
1061 1081 1142 1146 οἷς
1175 1087 1202 1138 6
1231 1084 1343 1153 βίος
1388 1085 1635 1155 μονήρης
1661 1100 1674 1115 '
1703 1075 1778 1140 ὧν
1816 1084 1850 1152 ἡ

1955 1091 2141 1147 sertim
2189 1106 2255 1144 ex
2287 1089 2563 1154 omnibus,
2598 1088 2799 1158 quibus
2845 1087 2955 1140 vita
2995 1082 3267 1143 solitaria,
3298 1096 3533 1150 quorum

281 1171 528 1226 πολιτεία
581 1174 688 1227 τῶν
741 1176 1024 1244 κοσμικῶν
1075 1177 1215 1231 ἐθῶν
1254 1195 1314 1231 τε
1365 1179 1459 1230 καὶ
1512 1176 1854 1248 πραγμάτων

1957 1187 2304 1242 conversatio
2326 1200 2355 1240 a
2390 1182 2684 1238 mundanis
2710 1181 2957 1238 mOribus
2983 1188 3037 1233 et
3066 1177 3298 1246 negotiis
3327 1174 3538 1227 discre-

284 1264 586 1332 διώρισται,
611 1269 702 1319 καὶ
729 1268 936 1336 ἐγγίζει
957 1287 1072 1333 πως
1099 1270 1175 1338 τῷ
1201 1271 1298 1340 ἒρη
1311 1269 1452 1337 μικῷ
1475 1269 1571 1322 καὶ
1603 1286 1857 1338 μεμονω-

1955 1289 2072 1346 pat,
2104 1283 2158 1330 et
2187 1274 2368 1342 aliquo
2398 1271 2561 1327 modo
2591 1270 2658 1324 ad
2685 1270 2850 1322 vitam
2887 1263 3226 1321 eremiticam
3260 1269 3313 1314 et
3348 1259 3538 1312 solita-

287 1355 433 1426 μένῳ
466 1357 564 1425 βίῳ
585 1359 676 1411 τοῦ
708 1361 985 1430 προφήτου
1007 1364 1103 1414 καὶ
1130 1361 1460 1426 Βαπτιστοῦ,
1489 1361 1548 1424 ὃς
1577 1363 1669 1415 καὶ
1697 1360 1856 1413 τοῦτο

1958 1371 2095 1425 riam
2130 1367 2342 1423 accedit
2383 1365 2659 1435 propheta:
2700 1373 2753 1416 et
2783 1360 3059 1428 Baptistae,
3096 1355 3188 1425 qui
3210 1392 3226 1419 ,
3257 1367 3378 1406 rum
3405 1365 3544 1418 prae-

287 1448 549 1515 προειδὼς
570 1450 644 1512 ὡς
672 1453 984 1520 προφήτης,
1004 1454 1086 1506 ὅτι
1108 1452 1166 1505 τὸ
1194 1454 1478 1523 μοναδικδν
1495 1453 1649 1507 ἔσται
1671 1455 1858 1522 τάγμα

1961 1463 2224 1520 scisceret
2269 1469 2327 1515 ut
2357 1459 2648 1529 propheta,
2681 1454 2944 1525 quoniam
2976 1450 3214 1506 solitudo
3241 1444 3395 1500 valde
3428 1449 3545 1496 erat

286 1537 347 1604 fc-‘z
374 1538 559 1591 τοῦτον
585 1543 822 1609 μετρίως
843 1544 972 1611 γοῦν
998 1546 1283 1613 μιμεῖσθαί
1314 1562 1443 1598 ποτε
1470 1544 1856 1615 δυνησόμενον,

1961 1554 2293 1611 auxiliatura
2312 1550 2379 1607 ad
2397 1565 2521 1606 eum
2551 1548 2742 1604 saltem
2763 1544 3040 1599 moderate
3067 1539 3414 1598 imitandum,
3433 1549 3541 1588 non

289 1630 385 1698 οὲχ
416 1631 552 1700 ὑπὲρ
575 1633 873 1699 εὐσεϐείας,
904 1636 1016 1689 ἀλλ’
1049 1637 1188 1708 ὑπὲρ
1220 1638 1424 1711 ἀρετῆς
1456 1637 1859 1705 ἀγωνιζόμενος

1962 1660 2060 1716 pro
2090 1643 2379 1714 religione,
2406 1640 2499 1697 sed
2539 1628 2638 1710 pro
2667 1637 2871 1691 virtute
2914 1634 3145 1696 luctans,
3181 1628 3359 1697 capite
3387 1635 3544 1680 trun-

291 1725 578 1796 ἀπετμήθη
607 1726 706 1797 τὴν
740 1729 1002 1800 κεφαλὴν,
1040 1731 1128 1784 ἴνα
1159 1732 1251 1785 καὶ
1282 1733 1444 1801 ἡμεῖς
1473 1730 1683 1798 ἕτοιμοι
1709 1725 1860 1799 ὦμεν

1955 1715 2117 1794 catus
2158 1743 2266 1801 est,
2308 1743 2368 1788 ut
2409 1746 2510 1788 nos
2557 1743 2780 1801 quoque
2808 1725 2984 1798 parati
3033 1723 3209 1778 simus
3259 1729 3436 1788 usque
3478 1715 3543 1770 ad

298 1817 458 1922 pix-9t
486 1816 720 1922 θανάτου
754 1821 1004 1922 πρδςτὴν
1038 1823 1316 1892 ἁμαρτίαν
1344 1824 1856 1890 ἀντικαθίστασθαι,
1890 1867 1910 1922 ι

1962 1837 2192 1886 mortem
2248 1827 2512 1882 adversus
2566 1830 2847 1894 peccatum
2897 1823 3252 1877 concertare,
3307 1810 3545 1866 scientes

294 1911 495 1971 εἰδότες
533 1911 616 1964 ὅτι
657 1915 960 1984 μαρτυρίου
993 1916 1254 1984 στέφανον
1296 1916 1526 1987 λήψεται
1552 1919 1578 1969 6
1609 1918 1677 1970 τὰ
1713 1917 1858 1988 πάθη
1890 1902 1906 1922 ³

1965 1923 2224 1994 quoniam
2258 1918 2510 1990 martyrii
2551 1929 2814 1974 coronam
2858 1909 3091 1981 accipiet
3131 1906 3223 1976 qui
3260 1902 3545 1974 passiones

294 2001 364 2055 δι’
393 2003 592 2073 ἀρετῆς
617 2006 1078 2076 τροπωσάμενοςς
1109 2009 1218 2077 ὅσῳ
1239 2008 1348 2078 γὰρ
1371 2007 1590 2061 ἔλαττόν
1622 2009 1735 2061 ἐστι
1769 2024 1867 2061 κα-

1965 1993 2170 2070 virtute
2212 2011 2516 2080 fugaverit;
2539 2022 2662 2062 nam
2695 2002 2994 2076 quominus
3025 1998 3229 2053 malum
3252 1993 3546 2062 estfpecca-

296 2095 389 2148 κδν
421 2097 452 2164 ἡ
487 2097 730 2166 ἁμαρτία
757 2099 1160 2170 συγκρινομένη
1191 2100 1326 2170 πρὸς
1354 2101 1452 2168 τὴν
1481 2099 1760 2164 ἀσέϐειαν,
1782 2116 1867 2152 το-

1967 2117 2083 2164 tum
2122 2106 2168 2161 si
2205 2119 2332 2160 cum
2364 2101 2566 2172 pietate
2603 2104 2974 2166 comparetur,
3010 2105 3074 2146 eo
3102 2105 3168 2144 ex
3199 2097 3545 2152 consequen-

299 2191 485 2243 σοῦτον
533 2192 596 2244 ἐκ
636 2191 729 2245 τοῦ
771 2189 1068 2247 ἀκολούθου
1103 2195 1289 2264 μεῖζον
1319 2193 1523 2262 ἀγαθον
1560 2193 1627 2246 ἂν
1675 2193 1762 2262 είη
1807 2191 1869 2245 τδ

1969 2201 2044 2256 tia
2089 2199 2270 2265 maius
2307 2203 2397 2250 est
2423 2195 2627 2248 bonum
2672 2204 2773 2259 pro
2804 2187 3005 2266 virotute
3049 2179 3294 2252 pericula
3326 2176 3543 2236 subire;

297 2283 746 2349 προκινδυνεῦσαι
795 2286 895 2356 τῆς
926 2286 1164 2356 ἀρετῆς·
1201 2285 1317 2348 πῶς
1361 2285 1468 2355 γὰρ
1512 2287 1578 2338 ἂν
1623 2286 1744 2354 οὐχὶ
1773 2284 1868 2338 καὶ

1969 2291 2244 2363 quomodo
2276 2288 2418 2342 enim
2453 2285 2545 2340 illo
2577 2282 2783 2350 majore
2822 2279 2988 2341 bono,
3024 2273 3231 2330 scilicet
3261 2269 3547 2336 religione,

297 2378 437 2446 ὑπὲρ
464 2377 558 2431 τοῦ
593 2378 835 2448 μείζονος
865 2377 1096 2444 ἐκείνου,
1129 2378 1371 2449 δηλονότι
1407 2379 1513 2448 τῆς.
1545 2377 1831 2442 εὐσεϐείας
1851 2417 1867 2442 ,

1972 2390 2017 2443 si
2038 2392 2338 2455 oporteret,
2370 2396 2479 2435 non
2513 2383 2741 2448 poneret
2766 2373 3002 2427 animam
3036 2368 3125 2438 qui
3162 2380 3281 2420 eam
3324 2378 3423 2432 pro
3449 2360 3551 2413 mi-

298 2468 458 2540 εἴπερ
488 2470 726 2541 ἐδέησεν,
758 2470 921 2538 ἔθηκε
963 2473 1062 2542 τὴν
1090 2470 1266 2541 ψυχὴν
1291 2471 1320 2523 6
1345 2469 1488 2548 ὑπὲρ
1523 2469 1616 2522 τοῦ
1649 2468 1870 2522 ἐλάττο-

1971 2495 2106 2535 nore
2146 2477 2395 2532 dederit?
2441 2473 2566 2528 Ideo
2595 2471 2686 2540 qui
2726 2467 2902 2537 major
2949 2471 3036 2517 est
3069 2462 3209 2514 inter
3236 2466 3392 2512 natos
3431 2470 3551 2508 mu-

300 2579 392 2622 νος
425 2562 626 2631 ταύτην
657 2561 920 2628 προδούς;
955 2561 1046 2614 Διὸ
1079 2561 1176 2615 καὶ
1210 2561 1240 2614 6
1278 2562 1332 2612 ἐν
1373 2561 1654 2626 γεννητοῖς
1679 2574 1869 2626 γυναι-

1971 2574 2192 2636 lierum,
2225 2583 2400 2637 praeco
2429 2562 2786 2636 poenitentiae,
2822 2559 3134 2612 Przecursor
3160 2559 3218 2606 et
3249 2547 3550 2618 haptizator

303 2654 418 2708 κῶν
465 2653 688 2722 μείζων,
721 2655 750 2707 6
798 2654 897 2721 τῆς
930 2652 1218 2722 μετανοίας
1249 2650 1445 2720 κῆρυξ,
1497 2650 1534 2702 6.
1569 2649 1872 2718 πρόδρομος

1975 2663 2292 2726 Salvatoris,
2329 2676 2424 2730 pro
2454 2658 2656 2712 virtute
2691 2652 2960 2708 dimicans
2991 2646 3166 2714 capite
3189 2641 3385 2712 plcxus
3425 2645 3507 2691 est
3535 2654 3547 2700 ;

304 2747 398 2796 καὶ
429 2742 734 2815 Βαπτιστὴς
767 2744 857 2797 τοῦ
891 2743 1163 2813 Σωτῆρος,
1201 2743 1342 2811 ὑπὲρ
1373 2741 1574 2810 ἀρετῆς
1604 2739 1874 2808 ἀγωνιζό-

1975 2757 2064 2824 qui
2097 2769 2204 2809 non
2229 2727 2430 2806 Christi
2458 2746 2628 2804 solius
2661 2755 2962 2814 praecursor
2995 2737 3116 2802 fuit,
3159 2733 3254 2789 sed
3289 2739 3341 2785 et
3374 2727 3552 2782 Eccle-

308 2851 470 2904 μενος
519 2836 808 2905 ἀπετμήθη
842 2835 940 2904 τὴν
988 2834 1235 2903 κεφαλήν
1257 2851 1270 2864 ·
1304 2833 1364 2896 ὃς
1392 2834 1453 2886 οὐ
1484 2831 1578 2885 τοῦ
1633 2832 1872 2902 Χριστοῦ

1977 2850 2072 2906 εἰπε
2131 2846 2326 2915 ipsius,
2365 2850 2418 2898 et
2463 2837 2787 2912 prmsertim.
2845 2834 3065 2895 fratres,
3119 2821 3553 2883 conversationis

309 2929 468 2998 μόνον
493 2930 800 3000 πρόδρομος
821 2926 908 3000 ἦν,
932 2928 1066 2981 ἀλλά
1085 2928 1177 2981 καὶ
1199 2928 1296 2996 τῆς
1315 2926 1480 2980 αὐτοῦ
1522 2928 1872 2997 Ἐκκλησίας,

1946 2949 2182 2997 ‘nostraa
2217 2957 2232 2992 :
2265 2937 2354 2992 ille
2393 2950 2423 2990 τι
2451 2931 2625 2988 sterili
2657 2926 2938 2984 Elisabeth
2975 2928 3276 2993 prognatus
3310 2925 3421 2978 est,
3457 2927 3555 2967 nos

309 3022 515 3092 καὶτῆς
543 3023 664 3076 καθ’
691 3024 860 3092 ἡμᾶς,
884 3022 1126 3090 ἀδελφοὶ,
1151 3020 1385 3090 μάλιστα
1409 3020 1685 3082 πολιτείας
1701 3037 1715 3050 ·
1737 3022 1878 3074 ἐκεῖ-

1978 3048 2109 3088 vero
2151 3031 2219 3086 ab
2245 3028 2488 3084 Ecclesia
2530 3023 2773 3096 gentium
2814 3017 2879 3072 de
2928 3030 3038 3086 qua
3089 3013 3350 3081 scriptum
3407 3015 3492 3061 est
3539 3023 3552 3059 :

311 3129 398 3175 vo;
426 3114 486 3166 ὲκ
533 3114 752 3181 στείρας
784 3113 978 3182 ἐτέχθη
1014 3113 1114 3180 τῆς
1161 3111 1464 3174 Ἐλισάϐετ,
1500 3111 1592 3164 καὶ
1626 3111 1786 3180 ἡμεῖς
1815 3112 1878 3163 ὲκ

1986 3146 2005 3179 ι
2033 3127 2262 3187 Laetare,
2291 3120 2518 3185 sterilis,
2543 3131 2665 3188 quae
2698 3129 2808 3169 non
2837 3110 3019 3182 paris;
3051 3118 3277 3174 erumpe
3303 3109 3356 3156 et
3379 3100 3555 3155 clama

309 3207 406 3276 τῆς
463 3205 520 3271 ἐξ
572 3205 744 3261 ἐθνῶν
809 3206 1172 3275 Ἐκκλησίας,
1223 3206 1352 3274 περὶ
1412 3198 1480 3274 ἧς
1528 3203 1921 3274 γέγραπτανί

1985 3237 2106 3292 quae
2141 3233 2246 3274 non
2283 3213 2565 3286 parturis;
2598 3209 2726 3280 quia
2757 3204 2914 3261 multi
2961 3201 3057 3256 filii
3087 3201 3316 3255 desertae
3339 3236 3352 3258 ,
3383 3192 3558 3262 magis
3593 3249 3597 3255 _

318 3317 338 3352 ι
386 3298 730 3370 Εὐφράνθητι
760 3298 950 3367 στείρα
974 3298 1008 3367 ἡ
1037 3297 1096 3352 οὐ
1124 3297 1404 3358 τίκτουσα,
1433 3296 1594 3366 ῥῆξον
1625 3295 1715 3348 καὶ
1749 3294 1876 3366 βόη-

1983 3287 2147 3386 quam
2183 3313 2303 3381 ejus
2354 3323 2478 3379 quae
2534 3305 2700 3360 habet
2726 3303 2904 3356 virum
2937 3299 3001 3352 '9.
3034 3315 3053 3349 ι
3090 3293 3245 3348 Illum
3275 3298 3398 3362 post
3421 3287 3562 3342 nati-

312 3409 407 3445 σον
436 3393 581 3461 ἡούκ
612 3392 898 3454 ὠδίνουσα,
929 3391 1012 3444 ὅτι
1052 3389 1220 3442 πολλὰ
1240 3391 1307 3443 τὰ
1340 3390 1509 3445 τέκνα
1537 3393 1636 3459 τῆς
1666 3389 1876 3459 ἐρήμου
1901 3437 1903 3440 ,

1981 3410 2204 3464 vitatem
2247 3400 2564 3459 infanticida
2612 3396 2857 3452 Herodes
2907 3397 3204 3446 necaturus
3244 3389 3563 3454 persecutus

314 3483 513 3553 μᾶλλον
557 3483 590 3555 ἢ
632 3484 730 3550 τῆς
775 3482 1008 3552 ἐχούσης
1036 3483 1127 3535 τὸν
1159 3482 1361 3552 ἄνδραο
1423 3501 1440 3533 ι
1486 3483 1699 3535 ἐκεῖνον
1745 3482 1882 3551 μετὰ

1983 3509 2068 3556 est
2096 3505 2319 3569 propter
2341 3493 2528 3550 odium
2558 3489 2614 3543 in
2647 3487 2930 3543 Christum
2962 3483 3263 3541 insectans,
3287 3474 3380 3530 sed
3413 3473 3560 3528 refu-

309 3575 410 3646 τὴν
441 3575 696 3644 γέννησιν
725 3577 752 3628 6
780 3575 1141 3644 βρεφοκτόνος
1176 3574 1423 3644 Ἡρώδης
1455 3574 1633 3642 φονῶν
1665 3573 1879 3640 ἐδίωκε,

1985 3565 2132 3658 gium
2164 3565 2372 3641 invenit
2421 3583 2716 3641 desertum,
2753 3574 2898 3647 quod
2955 3572 3178 3627 suavius
3245 3567 3449 3622 mundo
3480 3565 3565 3634 ju-

308 3668 400 3722 διά
445 3667 544 3737 τὴν
594 3667 732 3736 πρὸς
762 3667 998 3739 Χριστὸν
1055 3666 1356 3736 ἀπέχθειαν
1403 3667 1880 3736 καταμαχόμενοςν

1985 3682 2228 3743 dicavit,
2259 3686 2313 3734 et
2350 3677 2425 3731 ibi
2455 3672 2740 3729 habitavit.
2784 3668 2958 3723 Nobis
2989 3665 3156 3720 etiam
3189 3662 3358 3717 instat
3402 3659 3566 3727 spiri-

309 3759 428 3814 ἀλλ’
477 3754 600 3830 εὗρε
647 3758 972 3830 καταφυγὴν
1021 3763 1120 3826 τὴν
1171 3757 1416 3828 ἔρημον,
1475 3759 1569 3810 καὶ
1624 3757 1884 3826 φιλτέραν

1989 3773 2168 3829 taliter
2223 3769 2367 3825 natis
2407 3764 2673 3836 spiritalis
2700 3759 2972 3823 Herodes,
3009 3759 3127 3826 ipse
3160 3766 3378 3823 quoque
3402 3749 3564 3805 Chri-

311 3853 490 3925 Exptvs
526 3853 619 3908 τοῦ
650 3854 880 3924 κόσμου,
914 3855 1009 3908 καὶ
1030 3851 1237 3923 ταύτην
1263 3849 1503 3921 ᾤκησεν.
1546 3849 1885 3903 Ἐπιτίθεται

1987 3875 2130 3920 stum
2161 3863 2213 3923 in
2248 3860 2405 3916 nobis
2436 3859 2736 3914 insectans.
2767 3852 2895 3906 ldeo
2921 3864 3020 3905 nos
3046 3860 3266 3918 quoque
3289 3843 3565 3897 mundum

312 3949 408 4001 καὶ
444 3949 576 4019 ἡμῖν
617 3947 752 4017 μετὰ
781 3945 880 4015 τὴν
926 3944 1305 4016 πνευματικὴν
1339 3943 1592 4013 γέννησιν
1638 3944 1665 3996 6
1696 3942 1886 4011 νοητὸς

1987 3959 2249 4030 fugimus,
2295 3961 2350 4009 et
2383 3950 2652 4020 refugium
2702 3945 3015 4002 invenimus
3045 3946 3256 3996 sacrata
3303 3935 3416 3990 Deo
3452 3934 3568 3988 haec

323 4038 592 4109 Ἦρώδης,
629 4039 841 4090 διώκων
881 4037 976 4089 καὶ
1018 4035 1182 4097 αὐτὸς
1238 4032 1443 4104 ἀρτίως
1495 4032 1559 4086 δι’
1609 4032 1756 4103 ἡμᾶς
1795 4030 1888 4084 τδν

1989 4047 2346 4112 monasteria,
2373 4053 2433 4100 'et
2457 4044 2529 4097 ita
2560 4040 2847 4097 evadimus
2875 4053 2906 4093 e
2951 4033 3268 4092 crudelibus
3308 4028 3427 4099 ejus
3457 4027 3571 4096 spi-

223 4149 238 4157 '
311 4134 547 4206 Χριστόν
567 4150 582 4166 ο
609 4133 698 4187 διὰ
723 4133 877 4186 τοῦτο
910 4131 1186 4200 φεύγομεν
1217 4130 1310 4184 καὶ
1343 4129 1504 4200 ἡμεῖς
1541 4128 1632 4182 τδν
1659 4127 1832 4196 κόσμο

1991 4141 2336 4200 culatorihus
2373 4146 2428 4193 et
2461 4132 2880 4208 gladiatoribus,
2913 4128 3238 4200 passionum
3271 4120 3568 4184 alimentis,

314 4227 412 4282 καὶ
433 4224 752 4294 καταφυγὴν
783 4223 1111 4293 εὐρίσκομεν
1131 4222 1198 4274 τὰ
1229 4221 1357 4288 ἀφιε
1369 4219 1589 4290 ρωμένα
1612 4217 1784 4272 ταῦτα
1812 4217 1890 4287 τῷ

1992 4236 2194 4306 quibus
2223 4219 2524 4303 spiritalem
2571 4227 2738 4282 infert
2769 4232 2999 4279 mortem
3022 4261 3037 4286 ,
3075 4219 3354 4275 hominem
3393 4230 3424 4269 a
3459 4212 3573 4267 Deo

315 4319 435 4388 Θεῷ
454 4317 866 4389 φροντιστήρια,
890 4316 986 4368 καὶ
1008 4314 1150 4368 οὕτω
1170 4313 1623 4384 διαδιδράσκομεν
1645 4313 1771 4372 τούς
1802 4313 1894 4365 ἀν-

1995 4330 2292 4385 alienatum
2345 4322 2575 4378 faciens.
2604 4319 2730 4375 Haec
2753 4326 2836 4373 est
2882 4330 3034 4370 mors
3075 4327 3198 4382 quae
3226 4311 3294 4366 ad
3327 4323 3428 4364 nos
3476 4321 3573 4376 per

314 4416 494 4486 ηλεεῖς
517 4411 843 4480 δορυφόρους
867 4411 959 4464 καὶ
981 4407 1420 4478 μαχαιροφόρους
1445 4405 1674 4470 ἐκείνου,
1697 4403 1764 4457 τά
1785 4402 1892 4456 τῶν

1999 4423 2144 4490 fores
2170 4429 2409 4480 nostras,
2447 4415 2499 4470 id
2529 4422 2631 4478 est,
2664 4426 2858 4468 sensus
2875 4407 3166 4472 ascendit;
3193 4420 3317 4460 nam
3353 4419 3450 4474 per
3476 4415 3573 4457 eos

317 4506 505 4563 παθῶν
524 4504 944 4572 ὑπεκκαύματα,
967 4502 1036 4556 δι’
1067 4496 1141 4555 ὧν
1173 4501 1264 4554 τὸν
1289 4497 1662 4566 πνευματικὸν
1694 4498 1892 4565 ὲπιφέ-
1924 4539 1929 4566 η

1963 4545 1974 4591 ,
2005 4514 2074 4569 ab
2094 4511 2255 4566 initio
2287 4507 2532 4568 intravit,
2558 4517 2612 4560 et
2637 4518 2808 4575 genus
2831 4510 3082 4558 nostrum
3109 4498 3364 4554 deorsum
3389 4495 3575 4548 detra-

319 4617 404 4672 ρει
437 4599 683 4663 θάνατον,
714 4597 808 4651 τοῦ
835 4589 970 4650 Θεοῦ
1000 4593 1248 4667 χωρίζων
1275 4594 1440 4664 228
1469 4593 1559 4646 τὸν
1587 4591 1890 4661 ἄνθρωπον.
1923 4581 1931 4598 ⁴

1961 4581 1972 4593 ’
1999 4603 2100 4664 xit,
2125 4602 2194 4655 ab
2220 4596 2628 4654 immortalitate
2643 4591 3056 4663 protopar‘e'ntes
3078 4593 3296 4641 nostros
3323 4581 3573 4650 eiiciens.

319 4686 490 4756 Οὗτός
524 4692 670 4744 ἐστιν
699 4690 726 4742 6
777 4689 1007 4751 θάνατος
1038 4689 1066 4741 6
1108 4687 1196 4740 διὰ
1225 4687 1333 4740 τῶν
1374 4688 1430 4739 ὲν
1459 4687 1591 4756 ἡμῖν
1624 4685 1884 4756 θυρίδων,

1996 4690 2217 4746 Audivit
2242 4687 2352 4744 Eva
2385 4699 2641 4756 perversa
2666 4681 2886 4752 maligni
2917 4675 3177 4739 consilia;
3211 4673 3368 4736 vidit,
3393 4679 3578 4739 gusta-

319 4785 441 4854 ἦτοι
479 4782 584 4837 τῶν
611 4779 938 4848 αἰσθήσεων,
964 4777 1049 4848 ἐφ’
1077 4779 1222 4847 ἡμᾶς
1245 4777 1581 4831 ἀναϐαίνων’
1611 4778 1681 4832 δι’
1706 4775 1887 4829 αὐτῶν

1996 4781 2098 4846 vit,
2132 4779 2502 4842 manducavit,
2541 4773 2817 4844 disperiit,
2865 4771 3044 4824 virum
3087 4765 3329 4836 pellexit,
3356 4759 3581 4832 partici-

319 4876 432 4945 γὰρ
463 4873 665 4944 ἐπῆλθε
691 4872 790 4928 καὶ
819 4873 919 4942 τὴν
952 4873 1148 4943 ἀρχὴν,
1181 4871 1274 4924 καὶ
1308 4872 1655 4924 κατέσπασεν
1690 4870 1894 4924 ἄνωθεν

1995 4889 2119 4945 pem
2165 4872 2294 4927 fecit
2348 4867 2646 4938 voluptatis
2678 4875 2733 4920 et
2781 4866 2996 4934 lapsus.
3026 4861 3108 4916 llli
3141 4859 3235 4914 uni
3290 4854 3577 4911 tentationi

319 4970 383 5022 τὸ
415 4969 572 5037 γένος
600 4966 775 5036 ἡμῶν,
799 4965 899 5034 τῆς
931 4964 1230 5026 ἀθανασίας
1260 4963 1507 5016 ἐκϐαλὼν
1528 4963 1656 5026 τοὺς
1683 4965 1897 5030 προπά-

1997 4966 2256 5022 resistere
2306 4979 2414 5018 non
2460 4967 2780 5031 potuerunt,
2814 4957 2909 5012 uni
2960 4954 3127 5010 verbo
3171 4951 3364 5007 doloso
3393 4948 3577 5004 Statim

321 5077 522 5129 τορας·
571 5060 803 5129 ἤκουσεν
841 5056 953 5111 Εὕα
984 5057 1085 5125 τῆς
1137 5055 1472 5109 κακοϐούλου
1519 5056 1611 5108 τοῦ
1660 5057 1897 5126 πονηροῦ

1998 5072 2158 5114 aures
2220 5055 2598 5127 praebuerunt,
2632 5066 2742 5106 uno
2784 5059 3030 5119 aspectu,
3059 5045 3306 5118 jucundo
3337 5038 3579 5111 superati

324 5151 634 5222 συμϐουλῆς
661 5168 675 5182 ·
707 5147 867 5213 εἶδεν,
897 5147 1119 5212 ἔπαθεν,
1149 5147 1372 5215 ἔφαγεν,
1392 5146 1687 5210 ἀπέθανεν,
1716 5145 1898 5213 ἔθελξε

1999 5158 2148 5209 sunt,
2182 5148 2283 5202 etsi
2312 5146 2550 5201 nondum
2579 5143 2934 5215 passionibus
2970 5149 3156 5196 essent
3185 5131 3576 5209 praeoccupati,

322 5249 416 5300 τὶν
447 5246 637 5315 ἄνδρα,
661 5243 917 5298 κοινωνὸν
946 5242 1104 5295 ἔλαϐε
1135 5239 1340 5294 καὶτοῦ
1372 5239 1647 5309 γεύματος
1673 5240 1768 5292 καὶ
1798 5239 1892 5292 τοῦ

2002 5242 2097 5298 sed
2128 5241 2249 5296 istis
2277 5239 2548 5293 immunes
2577 5245 2632 5291 ct
2659 5236 2712 5290 in
2745 5236 2866 5291 loco
2906 5233 2986 5288 eis
3005 5232 3176 5286 libero
3225 5227 3577 5283 habitantes;

325 5339 614 5408 πτώματος
637 5352 652 5369 ·
689 5336 883 5388 ἐκεῖνοι
932 5333 1067 5403 πρὸς
1103 5333 1232 5400 μίαν
1278 5333 1474 5401 πεῖραν
1513 5331 1613 5385 οὐκ
1662 5331 1892 5401 ἴσχυσαν

2003 5348 2104 5387 nos
2138 5346 2266 5386 vero
2317 5331 2620 5400 poterimus
2661 5329 2718 5382 in
2751 5328 2954 5381 mundo
2983 5341 3079 5395 per
3118 5324 3284 5376 vitam
3316 5314 3579 5376 enutriti,

299 5432 622 5509 ἀντισχεῖν,
663 5429 740 5480 ἐνὶ
774 5426 916 5495 λόγῳ
953 5426 1048 5478 σὺν
1078 5423 1215 5494 δόλῳ
1252 5425 1508 5492 πάραυτα
1540 5422 1609 5475 τὰ
1656 5417 1770 5476 ὦτα
1803 5425 1903 5475 ὑπ-

2001 5426 2136 5481 nihil
2189 5425 2374 5480 damni
2407 5439 2437 5478 a
2470 5422 2718 5478 verbosis
2762 5437 2861 5476 nec
2892 5420 3073 5474 minus
3124 5415 3376 5479 turpibus
3412 5409 3583 5463 collo-

328 5522 563 5582 έκλιναν,
599 5520 725 5588 μιᾶς
757 5518 964 5588 ὡραίας
997 5517 1124 5576 θέας
1157 5517 1491 5587 ἡττήθησαν,
1529 5515 1708 5569 καίτοι
1737 5515 1902 5584 μήπω

2083 5520 2230 5575 iiset
2256 5501 2767 5586 congressionibus:
2794 5510 3170 5583 accipiemus?
3199 5503 3482 5575 Quomodo
3504 5501 3583 5554 is-
3682 5531 3689 5538 -

329 5613 596 5681 ἐμπαθεῖς
645 5613 816 5676 ὄντες,
853 5611 971 5663 ἀλλ’
1028 5609 1280 5674 ἀπαθεῖς,
1335 5609 1394 5661 ὲν
1443 5609 1667 5678 καθαρῷ
1711 5607 1904 5662 παθῶν

2010 5611 2083 5666 tis
2112 5627 2218 5673 non
2245 5609 2623 5666 vulnerabitur
2649 5622 2751 5663 nec
2784 5605 2928 5661 male
2965 5601 3228 5658 afficietur
3261 5597 3424 5650 homo
3451 5593 3587 5645 intc-

330 5705 514 5776 χωρίῳ
575 5703 1036 5773 περιπολοῦντεςο
1093 5703 1254 5772 ἡμεῖς
1308 5704 1417 5775 ἄρα
1468 5701 1787 5774 δυνηθῶμεν
1845 5703 1902 5755 ἐν

2009 5704 2163 5760 rior?
2212 5703 2328 5760 Non
2365 5706 2489 5771 erit,
2537 5707 2685 5758 certo
2715 5715 2820 5756 non
2853 5700 2973 5755 crit.
3012 5695 3198 5765 itaque
3231 5692 3420 5745 Patres
3447 5685 3586 5742 Prm-

408 5886 453 5918 ¹⁹
487 5887 591 5942 lsa.
621 5903 724 5952 LIV,
770 5889 786 5941 ί
824 5907 834 5951 ;
875 5886 1049 5942 Calui.
1085 5903 1157 5953 tv,
1190 5886 1281 5940 ‘27.
