  <div class='ocr_page' id='page_1' title='image "/cluster/home/n/w/nwhite01/storage/ocr_20150623/151:no.2/coo.31924054870567/267.png"; bbox 0 0 4082 6478; ppageno 0'>
   <div class='ocr_carea' id='block_1_1' title="bbox 474 362 583 432">
    <p class='ocr_par' dir='ltr' id='par_1_1' title="bbox 474 362 583 432">
     <span class='ocr_line' id='line_1_1' title="bbox 474 362 583 432; baseline -0.055 0"><span class='ocrx_word' id='word_1_1' title='bbox 474 362 583 432; x_wconf 74' lang='lat'><strong>515</strong></span> 
     </span>
    </p>
   </div>
   <div class='ocr_carea' id='block_1_2' title="bbox 1697 356 2455 419">
    <p class='ocr_par' dir='ltr' id='par_1_2' title="bbox 1697 356 2455 419">
     <span class='ocr_line' id='line_1_2' title="bbox 1697 356 2455 419; baseline -0.005 0"><span class='ocrx_word' id='word_1_2' title='bbox 1697 356 2083 419; x_wconf 75' lang='lat' dir='ltr'><strong>GREGORII</strong></span> <span class='ocrx_word' id='word_1_3' title='bbox 2128 358 2213 417; x_wconf 80' lang='lat' dir='ltr'><strong>PA</strong></span> <span class='ocrx_word' id='word_1_4' title='bbox 2228 356 2455 417; x_wconf 64' lang='grc' dir='ltr'><strong>ῐιΑΜίΕ</strong></span> 
     </span>
    </p>
   </div>
   <div class='ocr_carea' id='block_1_3' title="bbox 3603 346 3707 410">
    <p class='ocr_par' dir='ltr' id='par_1_3' title="bbox 3603 346 3707 410">
     <span class='ocr_line' id='line_1_3' title="bbox 3603 346 3707 410; baseline -0.019 0"><span class='ocrx_word' id='word_1_5' title='bbox 3603 346 3707 410; x_wconf 72' lang='lat'><strong>51‘)</strong></span> 
     </span>
    </p>
   </div>
   <div class='ocr_carea' id='block_1_4' title="bbox 447 449 2049 548">
    <p class='ocr_par' dir='ltr' id='par_1_4' title="bbox 447 468 2025 548">
     <span class='ocr_line' id='line_1_4' title="bbox 447 468 2025 548; baseline -0.011 -9"><span class='ocrx_word' id='word_1_6' title='bbox 447 481 608 539; x_wconf 88' lang='lat' dir='ltr'><strong>multi</strong></span> <span class='ocrx_word' id='word_1_7' title='bbox 644 487 772 537; x_wconf 87' lang='lat' dir='ltr'><strong>sunt</strong></span> <span class='ocrx_word' id='word_1_8' title='bbox 800 476 1003 542; x_wconf 90' lang='lat' dir='ltr'><strong>vocati,</strong></span> <span class='ocrx_word' id='word_1_9' title='bbox 1035 475 1198 548; x_wconf 86' lang='lat' dir='ltr'><strong>pauci</strong></span> <span class='ocrx_word' id='word_1_10' title='bbox 1247 486 1377 528; x_wconf 87' lang='lat' dir='ltr'><strong>vero</strong></span> <span class='ocrx_word' id='word_1_11' title='bbox 1407 468 1563 527; x_wconf 87' lang='lat' dir='ltr'><strong>electi</strong></span> <span class='ocrx_word' id='word_1_12' title='bbox 1593 489 1606 537; x_wconf 93' lang='lat'>;</span> <span class='ocrx_word' id='word_1_13' title='bbox 1647 487 1665 520; x_wconf 82' lang='grc' dir='ltr'><strong>ι</strong></span> <span class='ocrx_word' id='word_1_14' title='bbox 1700 468 1845 525; x_wconf 91' lang='lat' dir='ltr'><strong>istud</strong></span> <span class='ocrx_word' id='word_1_15' title='bbox 1876 471 2025 524; x_wconf 88' lang='lat' dir='ltr'><strong>enim</strong></span> 
     </span>
    </p>
   </div>
   <div class='ocr_carea' id='block_1_5' title="bbox 2150 449 3710 548">
    <p class='ocr_par' dir='ltr' id='par_1_5' title="bbox 2150 456 3710 538">
     <span class='ocr_line' id='line_1_5' title="bbox 2150 456 3710 538; baseline -0.004 -18"><span class='ocrx_word' id='word_1_16' title='bbox 2150 469 2268 538; x_wconf 78' lang='grc' dir='ltr'>τρδς</span> <span class='ocrx_word' id='word_1_17' title='bbox 2286 468 2385 538; x_wconf 84' lang='grc' dir='ltr'>τὴν</span> <span class='ocrx_word' id='word_1_18' title='bbox 2407 465 2680 538; x_wconf 78' lang='grc' dir='ltr'><strong>ὑμετέραν</strong></span> <span class='ocrx_word' id='word_1_19' title='bbox 2702 463 2946 534; x_wconf 82' lang='grc' dir='ltr'>ἀγάπην’</span> <span class='ocrx_word' id='word_1_20' title='bbox 2975 481 2995 515; x_wconf 82' lang='lat' dir='ltr'><strong>t</strong></span> <span class='ocrx_word' id='word_1_21' title='bbox 3022 462 3147 516; x_wconf 85' lang='grc' dir='ltr'>Ὅτι</span> <span class='ocrx_word' id='word_1_22' title='bbox 3171 459 3356 516; x_wconf 87' lang='grc' dir='ltr'>πολλοί</span> <span class='ocrx_word' id='word_1_23' title='bbox 3371 456 3477 516; x_wconf 74' lang='grc' dir='ltr'>εἶσι</span> <span class='ocrx_word' id='word_1_24' title='bbox 3501 461 3710 534; x_wconf 78' lang='grc' dir='ltr'>κλητοὶ,</span> 
     </span>
    </p>
   </div>
   <div class='ocr_carea' id='block_1_6' title="bbox 446 561 2029 642">
    <p class='ocr_par' dir='ltr' id='par_1_6' title="bbox 446 561 2029 642">
     <span class='ocr_line' id='line_1_6' title="bbox 446 561 2029 642; baseline -0.008 -15"><span class='ocrx_word' id='word_1_25' title='bbox 446 587 544 642; x_wconf 87' lang='lat' dir='ltr'><strong>per</strong></span> <span class='ocrx_word' id='word_1_26' title='bbox 595 580 763 625; x_wconf 89' lang='lat' dir='ltr'><strong>totam</strong></span> <span class='ocrx_word' id='word_1_27' title='bbox 820 567 1136 639; x_wconf 84' lang='lat' dir='ltr'><strong>parabolam</strong></span> <span class='ocrx_word' id='word_1_28' title='bbox 1192 561 1434 619; x_wconf 77' lang='lat' dir='ltr'><strong>ostendit</strong></span> <span class='ocrx_word' id='word_1_29' title='bbox 1470 561 1758 624; x_wconf 86' lang='lat' dir='ltr'><strong>Dominus,</strong></span> <span class='ocrx_word' id='word_1_30' title='bbox 1812 566 1871 614; x_wconf 87' lang='lat' dir='ltr'><strong>ut</strong></span> <span class='ocrx_word' id='word_1_31' title='bbox 1927 574 2029 615; x_wconf 87' lang='lat' dir='ltr'><strong>nos</strong></span> 
     </span>
    </p>
   </div>
   <div class='ocr_carea' id='block_1_7' title="bbox 451 652 2028 721">
    <p class='ocr_par' dir='ltr' id='par_1_7' title="bbox 451 652 2028 721">
     <span class='ocr_line' id='line_1_7' title="bbox 451 652 2028 721; baseline -0.01 0"><span class='ocrx_word' id='word_1_32' title='bbox 451 666 775 721; x_wconf 88' lang='lat' dir='ltr'><strong>studeamus</strong></span> <span class='ocrx_word' id='word_1_33' title='bbox 809 672 865 717; x_wconf 88' lang='lat' dir='ltr'><strong>ut</strong></span> <span class='ocrx_word' id='word_1_34' title='bbox 893 677 999 715; x_wconf 84' lang='lat' dir='ltr'><strong>non</strong></span> <span class='ocrx_word' id='word_1_35' title='bbox 1029 668 1242 714; x_wconf 90' lang='lat' dir='ltr'><strong>tantum</strong></span> <span class='ocrx_word' id='word_1_36' title='bbox 1277 657 1418 710; x_wconf 90' lang='lat' dir='ltr'><strong>inter</strong></span> <span class='ocrx_word' id='word_1_37' title='bbox 1461 664 1700 718; x_wconf 78' lang='lat' dir='ltr'><strong>vocatos,</strong></span> <span class='ocrx_word' id='word_1_38' title='bbox 1726 655 1822 707; x_wconf 88' lang='lat' dir='ltr'><strong>sed</strong></span> <span class='ocrx_word' id='word_1_39' title='bbox 1861 652 2028 707; x_wconf 88' lang='lat' dir='ltr'><strong>etiam</strong></span> 
     </span>
    </p>
   </div>
   <div class='ocr_carea' id='block_1_8' title="bbox 450 743 2032 815">
    <p class='ocr_par' dir='ltr' id='par_1_8' title="bbox 450 743 2032 815">
     <span class='ocr_line' id='line_1_8' title="bbox 450 743 2032 815; baseline -0.008 -6"><span class='ocrx_word' id='word_1_40' title='bbox 450 755 596 809; x_wconf 90' lang='lat' dir='ltr'><strong>inter</strong></span> <span class='ocrx_word' id='word_1_41' title='bbox 623 753 826 807; x_wconf 84' lang='lat' dir='ltr'><strong>electos</strong></span> <span class='ocrx_word' id='word_1_42' title='bbox 849 764 1196 806; x_wconf 80' lang='lat' dir='ltr'><strong>censeantur.</strong></span> <span class='ocrx_word' id='word_1_43' title='bbox 1230 745 1366 801; x_wconf 90' lang='lat' dir='ltr'><strong>Nam</strong></span> <span class='ocrx_word' id='word_1_44' title='bbox 1395 745 1490 815; x_wconf 93' lang='lat' dir='ltr'><strong>qui</strong></span> <span class='ocrx_word' id='word_1_45' title='bbox 1542 758 1651 799; x_wconf 89' lang='lat' dir='ltr'><strong>non</strong></span> <span class='ocrx_word' id='word_1_46' title='bbox 1707 743 1773 798; x_wconf 93' lang='lat' dir='ltr'><strong>de</strong></span> <span class='ocrx_word' id='word_1_47' title='bbox 1803 755 2032 797; x_wconf 90' lang='lat' dir='ltr'><strong>numero</strong></span> 
     </span>
    </p>
   </div>
   <div class='ocr_carea' id='block_1_9' title="bbox 449 830 2030 909">
    <p class='ocr_par' dir='ltr' id='par_1_9' title="bbox 449 830 2030 909">
     <span class='ocr_line' id='line_1_9' title="bbox 449 830 2030 909; baseline -0.009 -9"><span class='ocrx_word' id='word_1_48' title='bbox 449 844 770 909; x_wconf 74' lang='lat' dir='ltr'><strong>electorum,</strong></span> <span class='ocrx_word' id='word_1_49' title='bbox 806 840 900 896; x_wconf 89' lang='lat' dir='ltr'><strong>sed</strong></span> <span class='ocrx_word' id='word_1_50' title='bbox 940 837 1286 896; x_wconf 75' lang='lat' dir='ltr'><strong>solummodo</strong></span> <span class='ocrx_word' id='word_1_51' title='bbox 1326 842 1646 891; x_wconf 74' lang='lat' dir='ltr'><strong>vocatorum</strong></span> <span class='ocrx_word' id='word_1_52' title='bbox 1699 830 1884 896; x_wconf 89' lang='lat' dir='ltr'><strong>fuerit,</strong></span> <span class='ocrx_word' id='word_1_53' title='bbox 1917 847 2030 887; x_wconf 93' lang='lat' dir='ltr'><strong>non</strong></span> 
     </span>
    </p>
   </div>
   <div class='ocr_carea' id='block_1_10' title="bbox 454 922 2033 997">
    <p class='ocr_par' dir='ltr' id='par_1_10' title="bbox 454 922 2033 997">
     <span class='ocr_line' id='line_1_10' title="bbox 454 922 2033 997; baseline -0.009 -6"><span class='ocrx_word' id='word_1_54' title='bbox 454 944 667 991; x_wconf 88' lang='lat' dir='ltr'><strong>tantum</strong></span> <span class='ocrx_word' id='word_1_55' title='bbox 709 934 925 989; x_wconf 82' lang='lat' dir='ltr'><strong>excidet</strong></span> <span class='ocrx_word' id='word_1_56' title='bbox 950 946 981 985; x_wconf 89' lang='lat' dir='ltr'><strong>a</strong></span> <span class='ocrx_word' id='word_1_57' title='bbox 1007 930 1096 984; x_wconf 89' lang='lat' dir='ltr'><strong>die</strong></span> <span class='ocrx_word' id='word_1_58' title='bbox 1140 928 1231 982; x_wconf 90' lang='lat' dir='ltr'><strong>illa</strong></span> <span class='ocrx_word' id='word_1_59' title='bbox 1262 941 1382 997; x_wconf 84' lang='lat' dir='ltr'><strong>quae</strong></span> <span class='ocrx_word' id='word_1_60' title='bbox 1426 925 1599 979; x_wconf 90' lang='lat' dir='ltr'><strong>nescit</strong></span> <span class='ocrx_word' id='word_1_61' title='bbox 1627 937 1906 987; x_wconf 82' lang='lat' dir='ltr'><strong>occasum,</strong></span> <span class='ocrx_word' id='word_1_62' title='bbox 1937 922 2033 978; x_wconf 86' lang='lat' dir='ltr'><strong>sed</strong></span> 
     </span>
    </p>
   </div>
   <div class='ocr_carea' id='block_1_11' title="bbox 456 1007 2036 1083">
    <p class='ocr_par' dir='ltr' id='par_1_11' title="bbox 456 1007 2036 1083">
     <span class='ocr_line' id='line_1_11' title="bbox 456 1007 2036 1083; baseline -0.013 0"><span class='ocrx_word' id='word_1_63' title='bbox 456 1020 622 1083; x_wconf 82' lang='lat' dir='ltr'><strong>etiam</strong></span> <span class='ocrx_word' id='word_1_64' title='bbox 670 1023 1003 1081; x_wconf 88' lang='lat' dir='ltr'><strong>immittetur</strong></span> <span class='ocrx_word' id='word_1_65' title='bbox 1044 1018 1101 1073; x_wconf 93' lang='lat' dir='ltr'><strong>in</strong></span> <span class='ocrx_word' id='word_1_66' title='bbox 1130 1017 1384 1070; x_wconf 79' lang='lat' dir='ltr'><strong>tenebras</strong></span> <span class='ocrx_word' id='word_1_67' title='bbox 1411 1012 1733 1075; x_wconf 77' lang='lat' dir='ltr'><strong>exteriores,</strong></span> <span class='ocrx_word' id='word_1_68' title='bbox 1764 1018 1819 1064; x_wconf 89' lang='lat' dir='ltr'><strong>et</strong></span> <span class='ocrx_word' id='word_1_69' title='bbox 1856 1007 2036 1078; x_wconf 72' lang='lat' dir='ltr'><strong>ligatis</strong></span> 
     </span>
    </p>
   </div>
   <div class='ocr_carea' id='block_1_12' title="bbox 451 1098 2035 1193">
    <p class='ocr_par' dir='ltr' id='par_1_12' title="bbox 451 1098 2035 1193">
     <span class='ocr_line' id='line_1_12' title="bbox 451 1098 2035 1193; baseline -0.014 -19"><span class='ocrx_word' id='word_1_70' title='bbox 451 1119 684 1193; x_wconf 76' lang='lat' dir='ltr'><strong>pedibus</strong></span> <span class='ocrx_word' id='word_1_71' title='bbox 733 1122 789 1169; x_wconf 87' lang='lat' dir='ltr'><strong>et</strong></span> <span class='ocrx_word' id='word_1_72' title='bbox 837 1110 1115 1175; x_wconf 90' lang='lat' dir='ltr'><strong>manibus,</strong></span> <span class='ocrx_word' id='word_1_73' title='bbox 1175 1109 1284 1162; x_wconf 87' lang='lat' dir='ltr'><strong>illis</strong></span> <span class='ocrx_word' id='word_1_74' title='bbox 1339 1105 1585 1175; x_wconf 88' lang='lat' dir='ltr'><strong>quidem,</strong></span> <span class='ocrx_word' id='word_1_75' title='bbox 1645 1101 1906 1172; x_wconf 89' lang='lat' dir='ltr'><strong>quoniam</strong></span> <span class='ocrx_word' id='word_1_76' title='bbox 1966 1098 2035 1154; x_wconf 87' lang='lat' dir='ltr'><strong>ad</strong></span> 
     </span>
    </p>
   </div>
   <div class='ocr_carea' id='block_1_13' title="bbox 456 1196 2029 1268">
    <p class='ocr_par' dir='ltr' id='par_1_13' title="bbox 456 1196 2029 1268">
     <span class='ocr_line' id='line_1_13' title="bbox 456 1196 2029 1268; baseline -0.013 -1"><span class='ocrx_word' id='word_1_77' title='bbox 456 1211 627 1267; x_wconf 88' lang='lat' dir='ltr'><strong>Deum</strong></span> <span class='ocrx_word' id='word_1_78' title='bbox 664 1222 771 1263; x_wconf 90' lang='lat' dir='ltr'><strong>non</strong></span> <span class='ocrx_word' id='word_1_79' title='bbox 797 1209 1185 1268; x_wconf 86' lang='lat' dir='ltr'><strong>cucurrerunt,</strong></span> <span class='ocrx_word' id='word_1_80' title='bbox 1219 1200 1306 1255; x_wconf 88' lang='lat' dir='ltr'><strong>his</strong></span> <span class='ocrx_word' id='word_1_81' title='bbox 1336 1205 1541 1263; x_wconf 88' lang='lat' dir='ltr'><strong>autem,</strong></span> <span class='ocrx_word' id='word_1_82' title='bbox 1574 1196 1835 1266; x_wconf 87' lang='lat' dir='ltr'><strong>quoniam</strong></span> <span class='ocrx_word' id='word_1_83' title='bbox 1860 1206 2029 1262; x_wconf 82' lang='lat' dir='ltr'><strong>opera</strong></span> 
     </span>
    </p>
   </div>
   <div class='ocr_carea' id='block_1_14' title="bbox 457 1287 2041 1366">
    <p class='ocr_par' dir='ltr' id='par_1_14' title="bbox 457 1287 2041 1366">
     <span class='ocr_line' id='line_1_14' title="bbox 457 1287 2041 1366; baseline -0.01 -11"><span class='ocrx_word' id='word_1_84' title='bbox 457 1303 553 1358; x_wconf 82' lang='lat' dir='ltr'><strong>Dei</strong></span> <span class='ocrx_word' id='word_1_85' title='bbox 594 1314 700 1356; x_wconf 91' lang='lat' dir='ltr'><strong>non</strong></span> <span class='ocrx_word' id='word_1_86' title='bbox 738 1307 870 1354; x_wconf 89' lang='lat' dir='ltr'><strong>sunt</strong></span> <span class='ocrx_word' id='word_1_87' title='bbox 899 1304 1142 1366; x_wconf 82' lang='lat' dir='ltr'><strong>operata,</strong></span> <span class='ocrx_word' id='word_1_88' title='bbox 1195 1292 1412 1347; x_wconf 85' lang='lat' dir='ltr'><strong>fletibus</strong></span> <span class='ocrx_word' id='word_1_89' title='bbox 1456 1298 1513 1346; x_wconf 90' lang='lat' dir='ltr'><strong>et</strong></span> <span class='ocrx_word' id='word_1_90' title='bbox 1540 1288 1874 1345; x_wconf 87' lang='lat' dir='ltr'><strong>stridoribus</strong></span> <span class='ocrx_word' id='word_1_91' title='bbox 1903 1287 2041 1343; x_wconf 74' lang='lat' dir='ltr'><strong>den”-</strong></span> 
     </span>
    </p>
   </div>
   <div class='ocr_carea' id='block_1_15' title="bbox 459 1379 2042 1448">
    <p class='ocr_par' dir='ltr' id='par_1_15' title="bbox 459 1379 2042 1448">
     <span class='ocr_line' id='line_1_15' title="bbox 459 1379 2042 1448; baseline -0.007 -1"><span class='ocrx_word' id='word_1_92' title='bbox 459 1379 595 1447; x_wconf 80' lang='lat' dir='ltr'><strong>tium</strong></span> <span class='ocrx_word' id='word_1_93' title='bbox 641 1390 943 1445; x_wconf 88' lang='lat' dir='ltr'><strong>tradentur.</strong></span> <span class='ocrx_word' id='word_1_94' title='bbox 970 1386 1156 1440; x_wconf 86' lang='lat' dir='ltr'><strong>Primo</strong></span> <span class='ocrx_word' id='word_1_95' title='bbox 1204 1383 1437 1439; x_wconf 75' lang='lat' dir='ltr'><strong>forsitan</strong></span> <span class='ocrx_word' id='word_1_96' title='bbox 1486 1381 1738 1437; x_wconf 85' lang='lat' dir='ltr'><strong>nonnulli</strong></span> <span class='ocrx_word' id='word_1_97' title='bbox 1790 1389 2042 1448; x_wconf 58' lang='lat' dir='ltr'><strong>quaerunt</strong></span> 
     </span>
    </p>
   </div>
   <div class='ocr_carea' id='block_1_16' title="bbox 469 1470 2042 1551">
    <p class='ocr_par' dir='ltr' id='par_1_16' title="bbox 469 1470 2042 1551">
     <span class='ocr_line' id='line_1_16' title="bbox 469 1470 2042 1551; baseline -0.006 -14"><span class='ocrx_word' id='word_1_98' title='bbox 469 1481 621 1538; x_wconf 80' lang='lat' dir='ltr'><strong>anxii</strong></span> <span class='ocrx_word' id='word_1_99' title='bbox 662 1475 1238 1551; x_wconf 88' lang='lat' dir='ltr'><strong>quomodo.Dominus</strong></span> <span class='ocrx_word' id='word_1_100' title='bbox 1285 1473 1486 1529; x_wconf 92' lang='lat' dir='ltr'><strong>multos</strong></span> <span class='ocrx_word' id='word_1_101' title='bbox 1530 1470 1667 1527; x_wconf 83' lang='lat' dir='ltr'><strong>dixit</strong></span> <span class='ocrx_word' id='word_1_102' title='bbox 1707 1480 1955 1535; x_wconf 84' lang='lat' dir='ltr'><strong>vocatos,</strong></span> <span class='ocrx_word' id='word_1_103' title='bbox 1987 1480 2042 1527; x_wconf 84' lang='lat' dir='ltr'><strong>et</strong></span> 
     </span>
    </p>
   </div>
   <div class='ocr_carea' id='block_1_17' title="bbox 460 1563 2040 1634">
    <p class='ocr_par' dir='ltr' id='par_1_17' title="bbox 460 1563 2040 1634">
     <span class='ocr_line' id='line_1_17' title="bbox 460 1563 2040 1634; baseline -0.007 -5"><span class='ocrx_word' id='word_1_104' title='bbox 460 1588 567 1629; x_wconf 89' lang='lat' dir='ltr'><strong>non</strong></span> <span class='ocrx_word' id='word_1_105' title='bbox 599 1586 792 1627; x_wconf 87' lang='lat' dir='ltr'><strong>omnes</strong></span> <span class='ocrx_word' id='word_1_106' title='bbox 843 1569 1133 1634; x_wconf 81' lang='lat' dir='ltr'><strong>homines;</strong></span> <span class='ocrx_word' id='word_1_107' title='bbox 1189 1579 1316 1622; x_wconf 87' lang='lat' dir='ltr'><strong>nam</strong></span> <span class='ocrx_word' id='word_1_108' title='bbox 1369 1564 1415 1620; x_wconf 91' lang='lat' dir='ltr'><strong>si</strong></span> <span class='ocrx_word' id='word_1_109' title='bbox 1449 1578 1558 1618; x_wconf 91' lang='lat' dir='ltr'><strong>non</strong></span> <span class='ocrx_word' id='word_1_110' title='bbox 1613 1576 1806 1618; x_wconf 87' lang='lat' dir='ltr'><strong>omnes</strong></span> <span class='ocrx_word' id='word_1_111' title='bbox 1858 1563 2040 1619; x_wconf 81' lang='lat' dir='ltr'><strong>vocati</strong></span> 
     </span>
    </p>
   </div>
   <div class='ocr_carea' id='block_1_18' title="bbox 460 1653 2042 1732">
    <p class='ocr_par' dir='ltr' id='par_1_18' title="bbox 460 1653 2042 1732">
     <span class='ocr_line' id='line_1_18' title="bbox 460 1653 2042 1732; baseline -0.004 -14"><span class='ocrx_word' id='word_1_112' title='bbox 460 1672 610 1727; x_wconf 87' lang='lat' dir='ltr'><strong>sunt,</strong></span> <span class='ocrx_word' id='word_1_113' title='bbox 645 1675 822 1732; x_wconf 92' lang='lat' dir='ltr'><strong>neque</strong></span> <span class='ocrx_word' id='word_1_114' title='bbox 845 1660 996 1732; x_wconf 83' lang='lat' dir='ltr'><strong>juste</strong></span> <span class='ocrx_word' id='word_1_115' title='bbox 1020 1673 1133 1713; x_wconf 92' lang='lat' dir='ltr'><strong>non</strong></span> <span class='ocrx_word' id='word_1_116' title='bbox 1162 1653 1340 1712; x_wconf 84' lang='lat' dir='ltr'><strong>vocati</strong></span> <span class='ocrx_word' id='word_1_117' title='bbox 1370 1653 1631 1710; x_wconf 77' lang='lat' dir='ltr'><strong>excident</strong></span> <span class='ocrx_word' id='word_1_118' title='bbox 1674 1669 1703 1709; x_wconf 86' lang='lat' dir='ltr'><strong>a</strong></span> <span class='ocrx_word' id='word_1_119' title='bbox 1747 1653 2042 1724; x_wconf 81' lang='lat' dir='ltr'><strong>promissis</strong></span> 
     </span>
    </p>
   </div>
   <div class='ocr_carea' id='block_1_19' title="bbox 461 1748 2042 1824">
    <p class='ocr_par' dir='ltr' id='par_1_19' title="bbox 461 1748 2042 1824">
     <span class='ocr_line' id='line_1_19' title="bbox 461 1748 2042 1824; baseline -0.006 -13"><span class='ocrx_word' id='word_1_120' title='bbox 461 1756 644 1822; x_wconf 88' lang='lat' dir='ltr'><strong>bonis,</strong></span> <span class='ocrx_word' id='word_1_121' title='bbox 678 1763 735 1809; x_wconf 91' lang='lat' dir='ltr'><strong>et</strong></span> <span class='ocrx_word' id='word_1_122' title='bbox 776 1750 1046 1824; x_wconf 88' lang='lat' dir='ltr'><strong>supplicia</strong></span> <span class='ocrx_word' id='word_1_123' title='bbox 1074 1764 1197 1819; x_wconf 66' lang='lat' dir='ltr'><strong>quae</strong></span> <span class='ocrx_word' id='word_1_124' title='bbox 1226 1758 1470 1805; x_wconf 79' lang='lat' dir='ltr'><strong>minatus</strong></span> <span class='ocrx_word' id='word_1_125' title='bbox 1500 1758 1585 1803; x_wconf 88' lang='lat' dir='ltr'><strong>est</strong></span> <span class='ocrx_word' id='word_1_126' title='bbox 1637 1748 1901 1803; x_wconf 82' lang='lat' dir='ltr'><strong>Dominus</strong></span> <span class='ocrx_word' id='word_1_127' title='bbox 1943 1761 2042 1802; x_wconf 78' lang='lat' dir='ltr'><strong>ex-</strong></span> 
     </span>
    </p>
   </div>
   <div class='ocr_carea' id='block_1_20' title="bbox 460 1821 2116 1915">
    <p class='ocr_par' dir='ltr' id='par_1_20' title="bbox 460 1821 2116 1915">
     <span class='ocr_line' id='line_1_20' title="bbox 460 1821 2116 1915; baseline -0.004 -15"><span class='ocrx_word' id='word_1_128' title='bbox 460 1861 547 1915; x_wconf 82' lang='lat' dir='ltr'><strong>per</strong></span> <span class='ocrx_word' id='word_1_129' title='bbox 560 1821 783 1910; x_wconf 90' lang='lat' dir='ltr'><strong>ientur;</strong></span> <span class='ocrx_word' id='word_1_130' title='bbox 817 1821 943 1897; x_wconf 79' lang='lat' dir='ltr'><strong>nam</strong></span> <span class='ocrx_word' id='word_1_131' title='bbox 978 1840 1215 1897; x_wconf 79' lang='lat' dir='ltr'><strong>fortasse</strong></span> <span class='ocrx_word' id='word_1_132' title='bbox 1248 1840 1579 1910; x_wconf 85' lang='lat' dir='ltr'><strong>paruissent,</strong></span> <span class='ocrx_word' id='word_1_133' title='bbox 1612 1840 1661 1894; x_wconf 84' lang='lat' dir='ltr'><strong>si</strong></span> <span class='ocrx_word' id='word_1_134' title='bbox 1693 1839 1869 1894; x_wconf 85' lang='lat' dir='ltr'><strong>vocati</strong></span> <span class='ocrx_word' id='word_1_135' title='bbox 1902 1837 2041 1895; x_wconf 82' lang='lat' dir='ltr'><strong>fuis—</strong></span> <span class='ocrx_word' id='word_1_136' title='bbox 2068 1821 2116 1883; x_wconf 79' lang='grc' dir='ltr'><strong>Β</strong></span> 
     </span>
    </p>
   </div>
   <div class='ocr_carea' id='block_1_21' title="bbox 464 1931 2042 2003">
    <p class='ocr_par' dir='ltr' id='par_1_21' title="bbox 464 1931 2042 2003">
     <span class='ocr_line' id='line_1_21' title="bbox 464 1931 2042 2003; baseline -0.004 -9"><span class='ocrx_word' id='word_1_137' title='bbox 464 1946 609 1995; x_wconf 86' lang='lat' dir='ltr'><strong>sent.</strong></span> <span class='ocrx_word' id='word_1_138' title='bbox 643 1936 760 1992; x_wconf 82' lang='lat' dir='ltr'><strong>lloc</strong></span> <span class='ocrx_word' id='word_1_139' title='bbox 817 1944 1001 1991; x_wconf 86' lang='lat' dir='ltr'><strong>autem</strong></span> <span class='ocrx_word' id='word_1_140' title='bbox 1051 1934 1282 1990; x_wconf 81' lang='lat' dir='ltr'><strong>veritate</strong></span> <span class='ocrx_word' id='word_1_141' title='bbox 1310 1933 1503 1988; x_wconf 87' lang='lat' dir='ltr'><strong>nititur</strong></span> <span class='ocrx_word' id='word_1_142' title='bbox 1533 1932 1590 1986; x_wconf 94' lang='lat' dir='ltr'><strong>in</strong></span> <span class='ocrx_word' id='word_1_143' title='bbox 1621 1947 1688 1988; x_wconf 91' lang='lat' dir='ltr'><strong>eo</strong></span> <span class='ocrx_word' id='word_1_144' title='bbox 1736 1931 1885 2003; x_wconf 84' lang='lat' dir='ltr'><strong>quod</strong></span> <span class='ocrx_word' id='word_1_145' title='bbox 1932 1947 2042 1987; x_wconf 87' lang='lat' dir='ltr'><strong>non</strong></span> 
     </span>
    </p>
   </div>
   <div class='ocr_carea' id='block_1_22' title="bbox 463 2021 2045 2095">
    <p class='ocr_par' dir='ltr' id='par_1_22' title="bbox 463 2021 2045 2095">
     <span class='ocr_line' id='line_1_22' title="bbox 463 2021 2045 2095; baseline -0.003 -13"><span class='ocrx_word' id='word_1_146' title='bbox 463 2027 660 2082; x_wconf 89' lang='lat' dir='ltr'><strong>merito</strong></span> <span class='ocrx_word' id='word_1_147' title='bbox 678 2026 1107 2095; x_wconf 88' lang='lat' dir='ltr'><strong>reprobarentur</strong></span> <span class='ocrx_word' id='word_1_148' title='bbox 1125 2023 1230 2078; x_wconf 88' lang='lat' dir='ltr'><strong>nisi</strong></span> <span class='ocrx_word' id='word_1_149' title='bbox 1246 2022 1421 2077; x_wconf 90' lang='lat' dir='ltr'><strong>vocati</strong></span> <span class='ocrx_word' id='word_1_150' title='bbox 1441 2021 1694 2087; x_wconf 80' lang='lat' dir='ltr'><strong>fuissent,</strong></span> <span class='ocrx_word' id='word_1_151' title='bbox 1716 2036 1827 2078; x_wconf 89' lang='lat' dir='ltr'><strong>non</strong></span> <span class='ocrx_word' id='word_1_152' title='bbox 1838 2036 1966 2077; x_wconf 88' lang='lat' dir='ltr'><strong>vero</strong></span> <span class='ocrx_word' id='word_1_153' title='bbox 1991 2023 2045 2077; x_wconf 92' lang='lat' dir='ltr'><strong>in</strong></span> 
     </span>
    </p>
   </div>
   <div class='ocr_carea' id='block_1_23' title="bbox 461 2112 2045 2187">
    <p class='ocr_par' dir='ltr' id='par_1_23' title="bbox 461 2112 2045 2187">
     <span class='ocr_line' id='line_1_23' title="bbox 461 2112 2045 2187; baseline -0.003 -12"><span class='ocrx_word' id='word_1_154' title='bbox 461 2133 529 2175; x_wconf 83' lang='lat' dir='ltr'><strong>eo</strong></span> <span class='ocrx_word' id='word_1_155' title='bbox 568 2117 713 2187; x_wconf 86' lang='lat' dir='ltr'><strong>quod</strong></span> <span class='ocrx_word' id='word_1_156' title='bbox 751 2132 863 2172; x_wconf 90' lang='lat' dir='ltr'><strong>non</strong></span> <span class='ocrx_word' id='word_1_157' title='bbox 907 2129 1097 2171; x_wconf 87' lang='lat' dir='ltr'><strong>omnes</strong></span> <span class='ocrx_word' id='word_1_158' title='bbox 1126 2122 1255 2171; x_wconf 88' lang='lat' dir='ltr'><strong>sunt</strong></span> <span class='ocrx_word' id='word_1_159' title='bbox 1281 2114 1500 2180; x_wconf 91' lang='lat' dir='ltr'><strong>vocati;</strong></span> <span class='ocrx_word' id='word_1_160' title='bbox 1527 2112 1787 2170; x_wconf 86' lang='lat' dir='ltr'><strong>Dominus</strong></span> <span class='ocrx_word' id='word_1_161' title='bbox 1812 2114 1958 2169; x_wconf 87' lang='lat' dir='ltr'><strong>enim</strong></span> <span class='ocrx_word' id='word_1_162' title='bbox 1990 2114 2045 2170; x_wconf 88' lang='lat' dir='ltr'><strong>in</strong></span> 
     </span>
    </p>
   </div>
   <div class='ocr_carea' id='block_1_24' title="bbox 462 2203 2046 2277">
    <p class='ocr_par' dir='ltr' id='par_1_24' title="bbox 462 2203 2046 2277">
     <span class='ocr_line' id='line_1_24' title="bbox 462 2203 2046 2277; baseline -0.003 -12"><span class='ocrx_word' id='word_1_163' title='bbox 462 2210 678 2277; x_wconf 68' lang='lat' dir='ltr'><strong>caelum,</strong></span> <span class='ocrx_word' id='word_1_164' title='bbox 698 2217 983 2277; x_wconf 84' lang='lat' dir='ltr'><strong>postquam</strong></span> <span class='ocrx_word' id='word_1_165' title='bbox 1003 2203 1396 2262; x_wconf 79' lang='lat' dir='ltr'><strong>resurrexisset</strong></span> <span class='ocrx_word' id='word_1_166' title='bbox 1415 2220 1444 2259; x_wconf 91' lang='lat' dir='ltr'><strong>a</strong></span> <span class='ocrx_word' id='word_1_167' title='bbox 1461 2206 1711 2270; x_wconf 85' lang='lat' dir='ltr'><strong>mortuis,</strong></span> <span class='ocrx_word' id='word_1_168' title='bbox 1724 2208 2046 2272; x_wconf 89' lang='lat' dir='ltr'><strong>ascendens,</strong></span> 
     </span>
    </p>
   </div>
   <div class='ocr_carea' id='block_1_25' title="bbox 464 2294 2046 2368">
    <p class='ocr_par' dir='ltr' id='par_1_25' title="bbox 464 2294 2046 2368">
     <span class='ocr_line' id='line_1_25' title="bbox 464 2294 2046 2368; baseline -0.001 -16"><span class='ocrx_word' id='word_1_169' title='bbox 464 2298 598 2353; x_wconf 75' lang='lat' dir='ltr'><strong>dixit</strong></span> <span class='ocrx_word' id='word_1_170' title='bbox 623 2297 904 2368; x_wconf 86' lang='lat' dir='ltr'><strong>discipulis</strong></span> <span class='ocrx_word' id='word_1_171' title='bbox 936 2296 1085 2352; x_wconf 89' lang='lat' dir='ltr'><strong>suis:</strong></span> <span class='ocrx_word' id='word_1_172' title='bbox 1122 2312 1142 2347; x_wconf 76' lang='grc' dir='ltr'><strong>ι</strong></span> <span class='ocrx_word' id='word_1_173' title='bbox 1179 2295 1386 2350; x_wconf 84' lang='lat' dir='ltr'><strong>Euntes</strong></span> <span class='ocrx_word' id='word_1_174' title='bbox 1418 2294 1471 2347; x_wconf 93' lang='lat' dir='ltr'><strong>in</strong></span> <span class='ocrx_word' id='word_1_175' title='bbox 1495 2307 1712 2349; x_wconf 87' lang='lat' dir='ltr'><strong>omnem</strong></span> <span class='ocrx_word' id='word_1_176' title='bbox 1760 2295 2046 2359; x_wconf 88' lang='lat' dir='ltr'><strong>mundum,</strong></span> 
     </span>
    </p>
   </div>
   <div class='ocr_carea' id='block_1_26' title="bbox 464 2379 2048 2457">
    <p class='ocr_par' dir='ltr' id='par_1_26' title="bbox 464 2379 2048 2457">
     <span class='ocr_line' id='line_1_26' title="bbox 464 2379 2048 2457; baseline -0.003 -17"><span class='ocrx_word' id='word_1_177' title='bbox 464 2385 752 2457; x_wconf 84' lang='lat' dir='ltr'><strong>praedicate</strong></span> <span class='ocrx_word' id='word_1_178' title='bbox 774 2384 1126 2455; x_wconf 80' lang='lat' dir='ltr'><strong>Evangelium</strong></span> <span class='ocrx_word' id='word_1_179' title='bbox 1147 2379 1296 2437; x_wconf 85' lang='lat' dir='ltr'><strong>omni</strong></span> <span class='ocrx_word' id='word_1_180' title='bbox 1336 2394 1601 2437; x_wconf 70' lang='lat' dir='ltr'><strong>creatura:</strong></span> <span class='ocrx_word' id='word_1_181' title='bbox 1616 2380 1659 2412; x_wconf 80' lang='lat'>“</span> <span class='ocrx_word' id='word_1_182' title='bbox 1687 2399 1703 2448; x_wconf 84' lang='lat'><strong>;</strong></span> <span class='ocrx_word' id='word_1_183' title='bbox 1741 2398 1760 2432; x_wconf 70' lang='grc' dir='ltr'><strong>ι</strong></span> <span class='ocrx_word' id='word_1_184' title='bbox 1787 2391 1870 2436; x_wconf 89' lang='lat' dir='ltr'><strong>et:</strong></span> <span class='ocrx_word' id='word_1_185' title='bbox 1897 2398 1915 2433; x_wconf 81' lang='grc' dir='ltr'><strong>ι</strong></span> <span class='ocrx_word' id='word_1_186' title='bbox 1938 2380 2048 2436; x_wconf 90' lang='lat' dir='ltr'><strong>Do-</strong></span> 
     </span>
    </p>
   </div>
   <div class='ocr_carea' id='block_1_27' title="bbox 465 2472 2049 2548">
    <p class='ocr_par' dir='ltr' id='par_1_27' title="bbox 465 2472 2049 2548">
     <span class='ocr_line' id='line_1_27' title="bbox 465 2472 2049 2548; baseline -0.004 -15"><span class='ocrx_word' id='word_1_187' title='bbox 465 2490 584 2533; x_wconf 92' lang='lat' dir='ltr'><strong>cete</strong></span> <span class='ocrx_word' id='word_1_188' title='bbox 613 2493 808 2533; x_wconf 80' lang='lat' dir='ltr'><strong>omnes</strong></span> <span class='ocrx_word' id='word_1_189' title='bbox 842 2488 1055 2548; x_wconf 77' lang='lat' dir='ltr'><strong>gentes,</strong></span> <span class='ocrx_word' id='word_1_190' title='bbox 1088 2476 1432 2545; x_wconf 87' lang='lat' dir='ltr'><strong>baptizautes</strong></span> <span class='ocrx_word' id='word_1_191' title='bbox 1466 2488 1562 2530; x_wconf 87' lang='lat' dir='ltr'><strong>eos</strong></span> <span class='ocrx_word' id='word_1_192' title='bbox 1595 2474 1649 2527; x_wconf 91' lang='lat' dir='ltr'><strong>in</strong></span> <span class='ocrx_word' id='word_1_193' title='bbox 1688 2475 1910 2533; x_wconf 84' lang='lat' dir='ltr'><strong>nomine</strong></span> <span class='ocrx_word' id='word_1_194' title='bbox 1944 2472 2049 2528; x_wconf 88' lang='lat' dir='ltr'><strong>Pa-</strong></span> 
     </span>
    </p>
   </div>
   <div class='ocr_carea' id='block_1_28' title="bbox 466 2566 2048 2642">
    <p class='ocr_par' dir='ltr' id='par_1_28' title="bbox 466 2566 2048 2642">
     <span class='ocr_line' id='line_1_28' title="bbox 466 2566 2048 2642; baseline -0.006 -16"><span class='ocrx_word' id='word_1_195' title='bbox 466 2572 569 2627; x_wconf 88' lang='lat' dir='ltr'><strong>tris</strong></span> <span class='ocrx_word' id='word_1_196' title='bbox 617 2580 673 2626; x_wconf 89' lang='lat' dir='ltr'><strong>et</strong></span> <span class='ocrx_word' id='word_1_197' title='bbox 696 2568 820 2623; x_wconf 86' lang='lat' dir='ltr'><strong>Filii</strong></span> <span class='ocrx_word' id='word_1_198' title='bbox 847 2578 928 2642; x_wconf 90' lang='lat' dir='ltr'><strong>_et</strong></span> <span class='ocrx_word' id='word_1_199' title='bbox 978 2566 1216 2637; x_wconf 89' lang='lat' dir='ltr'><strong>Spiritus</strong></span> <span class='ocrx_word' id='word_1_200' title='bbox 1269 2567 1443 2621; x_wconf 90' lang='lat' dir='ltr'><strong>sancti</strong></span> <span class='ocrx_word' id='word_1_201' title='bbox 1473 2582 1488 2631; x_wconf 88' lang='lat'><strong>;</strong></span> <span class='ocrx_word' id='word_1_202' title='bbox 1522 2567 1778 2620; x_wconf 81' lang='lat' dir='ltr'><strong>docentes</strong></span> <span class='ocrx_word' id='word_1_203' title='bbox 1809 2578 1905 2621; x_wconf 87' lang='lat' dir='ltr'><strong>eos</strong></span> <span class='ocrx_word' id='word_1_204' title='bbox 1930 2579 2048 2618; x_wconf 88' lang='lat' dir='ltr'><strong>ser-</strong></span> 
     </span>
    </p>
   </div>
   <div class='ocr_carea' id='block_1_29' title="bbox 469 2654 2048 2729">
    <p class='ocr_par' dir='ltr' id='par_1_29' title="bbox 469 2654 2048 2729">
     <span class='ocr_line' id='line_1_29' title="bbox 469 2654 2048 2729; baseline -0.004 -12"><span class='ocrx_word' id='word_1_205' title='bbox 469 2677 598 2718; x_wconf 85' lang='lat' dir='ltr'><strong>vare</strong></span> <span class='ocrx_word' id='word_1_206' title='bbox 641 2663 824 2716; x_wconf 88' lang='lat' dir='ltr'><strong>omnia</strong></span> <span class='ocrx_word' id='word_1_207' title='bbox 883 2673 1229 2729; x_wconf 84' lang='lat' dir='ltr'><strong>quaecunque</strong></span> <span class='ocrx_word' id='word_1_208' title='bbox 1275 2657 1533 2714; x_wconf 84' lang='lat' dir='ltr'><strong>mandavi</strong></span> <span class='ocrx_word' id='word_1_209' title='bbox 1565 2656 1724 2712; x_wconf 85' lang='lat' dir='ltr'><strong>vobis</strong></span> <span class='ocrx_word' id='word_1_210' title='bbox 1767 2657 1835 2711; x_wconf 86' lang='grc'><strong>³¹.</strong></span> <span class='ocrx_word' id='word_1_211' title='bbox 1878 2654 2048 2712; x_wconf 60' lang='grc' dir='ltr'><strong>»Ὑε-</strong></span> 
     </span>
    </p>
   </div>
   <div class='ocr_carea' id='block_1_30' title="bbox 468 2748 2042 2822">
    <p class='ocr_par' dir='ltr' id='par_1_30' title="bbox 468 2748 2042 2822">
     <span class='ocr_line' id='line_1_30' title="bbox 468 2748 2042 2822; baseline -0.004 -13"><span class='ocrx_word' id='word_1_212' title='bbox 468 2768 592 2809; x_wconf 89' lang='lat' dir='ltr'><strong>rum</strong></span> <span class='ocrx_word' id='word_1_213' title='bbox 623 2752 920 2822; x_wconf 79' lang='lat' dir='ltr'><strong>discipulos</strong></span> <span class='ocrx_word' id='word_1_214' title='bbox 947 2752 1265 2805; x_wconf 89' lang='lat' dir='ltr'><strong>mandatum</strong></span> <span class='ocrx_word' id='word_1_215' title='bbox 1299 2751 1364 2804; x_wconf 88' lang='lat' dir='ltr'><strong>ad</strong></span> <span class='ocrx_word' id='word_1_216' title='bbox 1398 2764 1535 2819; x_wconf 88' lang='lat' dir='ltr'><strong>opus</strong></span> <span class='ocrx_word' id='word_1_217' title='bbox 1571 2748 1866 2804; x_wconf 74' lang='lat' dir='ltr'><strong>deduxisse</strong></span> <span class='ocrx_word' id='word_1_218' title='bbox 1895 2748 2042 2803; x_wconf 85' lang='lat' dir='ltr'><strong>Pau-</strong></span> 
     </span>
    </p>
   </div>
   <div class='ocr_carea' id='block_1_31' title="bbox 471 2837 2050 2916">
    <p class='ocr_par' dir='ltr' id='par_1_31' title="bbox 471 2837 2050 2916">
     <span class='ocr_line' id='line_1_31' title="bbox 471 2837 2050 2916; baseline -0.005 -15"><span class='ocrx_word' id='word_1_219' title='bbox 471 2846 557 2901; x_wconf 84' lang='lat' dir='ltr'><strong>lus</strong></span> <span class='ocrx_word' id='word_1_220' title='bbox 589 2860 821 2916; x_wconf 76' lang='lat' dir='ltr'><strong>magnus</strong></span> <span class='ocrx_word' id='word_1_221' title='bbox 862 2844 988 2915; x_wconf 89' lang='lat' dir='ltr'><strong>jure</strong></span> <span class='ocrx_word' id='word_1_222' title='bbox 1034 2858 1099 2898; x_wconf 85' lang='lat' dir='ltr'><strong>ac</strong></span> <span class='ocrx_word' id='word_1_223' title='bbox 1158 2843 1352 2898; x_wconf 88' lang='lat' dir='ltr'><strong>merito</strong></span> <span class='ocrx_word' id='word_1_224' title='bbox 1407 2841 1741 2897; x_wconf 86' lang='lat' dir='ltr'><strong>ostendens:</strong></span> <span class='ocrx_word' id='word_1_225' title='bbox 1782 2859 1799 2892; x_wconf 79' lang='grc' dir='ltr'><strong>ι</strong></span> <span class='ocrx_word' id='word_1_226' title='bbox 1857 2837 2050 2895; x_wconf 87' lang='lat' dir='ltr'><strong>Nonne</strong></span> 
     </span>
    </p>
   </div>
   <div class='ocr_carea' id='block_1_32' title="bbox 471 2932 2052 3007">
    <p class='ocr_par' dir='ltr' id='par_1_32' title="bbox 471 2932 2052 3007">
     <span class='ocr_line' id='line_1_32' title="bbox 471 2932 2052 3007; baseline -0.005 -11"><span class='ocrx_word' id='word_1_227' title='bbox 471 2937 814 2996; x_wconf 82' lang='lat' dir='ltr'><strong>audierunt?</strong></span> <span class='ocrx_word' id='word_1_228' title='bbox 850 2937 1062 3007; x_wconf 87' lang='lat' dir='ltr'><strong>inquit;</strong></span> <span class='ocrx_word' id='word_1_229' title='bbox 1100 2950 1278 2990; x_wconf 89' lang='lat' dir='ltr'><strong>nonne</strong></span> <span class='ocrx_word' id='word_1_230' title='bbox 1308 2935 1361 2989; x_wconf 95' lang='lat' dir='ltr'><strong>in</strong></span> <span class='ocrx_word' id='word_1_231' title='bbox 1397 2948 1613 2988; x_wconf 90' lang='lat' dir='ltr'><strong>omnem</strong></span> <span class='ocrx_word' id='word_1_232' title='bbox 1647 2943 1845 2988; x_wconf 87' lang='lat' dir='ltr'><strong>terram</strong></span> <span class='ocrx_word' id='word_1_233' title='bbox 1886 2932 2052 2988; x_wconf 78' lang='lat' dir='ltr'><strong>exivit</strong></span> 
     </span>
    </p>
   </div>
   <div class='ocr_carea' id='block_1_33' title="bbox 471 3025 2049 3097">
    <p class='ocr_par' dir='ltr' id='par_1_33' title="bbox 471 3025 2049 3097">
     <span class='ocr_line' id='line_1_33' title="bbox 471 3025 2049 3097; baseline -0.007 -8"><span class='ocrx_word' id='word_1_234' title='bbox 471 3047 643 3090; x_wconf 87' lang='lat' dir='ltr'><strong>sonus</strong></span> <span class='ocrx_word' id='word_1_235' title='bbox 683 3045 896 3097; x_wconf 90' lang='lat' dir='ltr'><strong>eorum,</strong></span> <span class='ocrx_word' id='word_1_236' title='bbox 928 3038 982 3085; x_wconf 91' lang='lat' dir='ltr'><strong>et</strong></span> <span class='ocrx_word' id='word_1_237' title='bbox 1011 3030 1065 3083; x_wconf 91' lang='lat' dir='ltr'><strong>in</strong></span> <span class='ocrx_word' id='word_1_238' title='bbox 1107 3029 1242 3082; x_wconf 82' lang='lat' dir='ltr'><strong>lines</strong></span> <span class='ocrx_word' id='word_1_239' title='bbox 1276 3037 1431 3083; x_wconf 64' lang='lat' dir='ltr'><strong>terra:</strong></span> <span class='ocrx_word' id='word_1_240' title='bbox 1457 3027 1625 3082; x_wconf 89' lang='lat' dir='ltr'><strong>verba</strong></span> <span class='ocrx_word' id='word_1_241' title='bbox 1658 3025 1895 3080; x_wconf 89' lang='lat' dir='ltr'><strong>eorum?</strong></span> <span class='ocrx_word' id='word_1_242' title='bbox 1936 3044 1956 3078; x_wconf 79' lang='grc' dir='ltr'><strong>ι</strong></span> <span class='ocrx_word' id='word_1_243' title='bbox 1989 3025 2049 3079; x_wconf 88' lang='lat' dir='ltr'><strong>Id</strong></span> 
     </span>
    </p>
   </div>
   <div class='ocr_carea' id='block_1_34' title="bbox 470 3117 2048 3191">
    <p class='ocr_par' dir='ltr' id='par_1_34' title="bbox 470 3117 2048 3191">
     <span class='ocr_line' id='line_1_34' title="bbox 470 3117 2048 3191; baseline -0.004 -14"><span class='ocrx_word' id='word_1_244' title='bbox 470 3132 576 3187; x_wconf 85' lang='lat' dir='ltr'><strong>est,</strong></span> <span class='ocrx_word' id='word_1_245' title='bbox 605 3126 1006 3191; x_wconf 84' lang='lat' dir='ltr'><strong>apostolorum,</strong></span> <span class='ocrx_word' id='word_1_246' title='bbox 1041 3121 1177 3174; x_wconf 88' lang='lat' dir='ltr'><strong>adeo</strong></span> <span class='ocrx_word' id='word_1_247' title='bbox 1211 3125 1271 3172; x_wconf 89' lang='lat' dir='ltr'><strong>ut</strong></span> <span class='ocrx_word' id='word_1_248' title='bbox 1297 3133 1487 3174; x_wconf 88' lang='lat' dir='ltr'><strong>omnes</strong></span> <span class='ocrx_word' id='word_1_249' title='bbox 1517 3117 1693 3173; x_wconf 62' lang='lat' dir='ltr'><strong>vocali</strong></span> <span class='ocrx_word' id='word_1_250' title='bbox 1737 3118 1964 3184; x_wconf 89' lang='lat' dir='ltr'><strong>fuerint,</strong></span> <span class='ocrx_word' id='word_1_251' title='bbox 1994 3125 2048 3172; x_wconf 89' lang='lat' dir='ltr'><strong>et</strong></span> 
     </span>
    </p>
   </div>
   <div class='ocr_carea' id='block_1_35' title="bbox 411 3210 2049 3286">
    <p class='ocr_par' dir='ltr' id='par_1_35' title="bbox 411 3210 2049 3286">
     <span class='ocr_line' id='line_1_35' title="bbox 411 3210 2049 3286; baseline -0.003 -17"><span class='ocrx_word' id='word_1_252' title='bbox 411 3232 419 3239; x_wconf 90' lang='grc'><strong>·</strong></span> <span class='ocrx_word' id='word_1_253' title='bbox 466 3217 615 3286; x_wconf 83' lang='lat' dir='ltr'><strong>juste</strong></span> <span class='ocrx_word' id='word_1_254' title='bbox 650 3213 911 3284; x_wconf 79' lang='lat' dir='ltr'><strong>puniendi</strong></span> <span class='ocrx_word' id='word_1_255' title='bbox 945 3213 1054 3267; x_wconf 88' lang='lat' dir='ltr'><strong>sint</strong></span> <span class='ocrx_word' id='word_1_256' title='bbox 1096 3211 1192 3282; x_wconf 86' lang='lat' dir='ltr'><strong>qui</strong></span> <span class='ocrx_word' id='word_1_257' title='bbox 1262 3211 1330 3266; x_wconf 89' lang='lat' dir='ltr'><strong>ad</strong></span> <span class='ocrx_word' id='word_1_258' title='bbox 1379 3211 1541 3265; x_wconf 80' lang='lat' dir='ltr'><strong>tinent</strong></span> <span class='ocrx_word' id='word_1_259' title='bbox 1590 3224 1701 3264; x_wconf 93' lang='lat' dir='ltr'><strong>uou</strong></span> <span class='ocrx_word' id='word_1_260' title='bbox 1761 3210 2049 3265; x_wconf 90' lang='lat' dir='ltr'><strong>accedunt.</strong></span> 
     </span>
    </p>
   </div>
   <div class='ocr_carea' id='block_1_36' title="bbox 471 3296 2054 3375">
    <p class='ocr_par' dir='ltr' id='par_1_36' title="bbox 471 3296 2054 3375">
     <span class='ocr_line' id='line_1_36' title="bbox 471 3296 2054 3375; baseline -0.001 -16"><span class='ocrx_word' id='word_1_261' title='bbox 471 3307 654 3370; x_wconf 86' lang='lat' dir='ltr'><strong>Quare</strong></span> <span class='ocrx_word' id='word_1_262' title='bbox 689 3305 855 3375; x_wconf 83' lang='lat' dir='ltr'><strong>igitur</strong></span> <span class='ocrx_word' id='word_1_263' title='bbox 887 3302 1150 3358; x_wconf 91' lang='lat' dir='ltr'><strong>Dominus</strong></span> <span class='ocrx_word' id='word_1_264' title='bbox 1196 3296 1323 3358; x_wconf 60' lang='lat' dir='ltr'><strong>non&#39;</strong></span> <span class='ocrx_word' id='word_1_265' title='bbox 1340 3316 1530 3358; x_wconf 89' lang='lat' dir='ltr'><strong>omnes</strong></span> <span class='ocrx_word' id='word_1_266' title='bbox 1574 3301 1733 3369; x_wconf 81' lang='lat' dir='ltr'><strong>dixit,</strong></span> <span class='ocrx_word' id='word_1_267' title='bbox 1768 3301 1864 3358; x_wconf 87' lang='lat' dir='ltr'><strong>sed</strong></span> <span class='ocrx_word' id='word_1_268' title='bbox 1897 3301 2054 3358; x_wconf 89' lang='lat' dir='ltr'><strong>multi</strong></span> 
     </span>
    </p>
   </div>
   <div class='ocr_carea' id='block_1_37' title="bbox 471 3393 2052 3467">
    <p class='ocr_par' dir='ltr' id='par_1_37' title="bbox 471 3393 2052 3467">
     <span class='ocr_line' id='line_1_37' title="bbox 471 3393 2052 3467; baseline -0.006 -13"><span class='ocrx_word' id='word_1_269' title='bbox 471 3408 601 3455; x_wconf 92' lang='lat' dir='ltr'><strong>sunt</strong></span> <span class='ocrx_word' id='word_1_270' title='bbox 620 3397 834 3452; x_wconf 77' lang='lat' dir='ltr'><strong>vocati?</strong></span> <span class='ocrx_word' id='word_1_271' title='bbox 855 3397 1113 3467; x_wconf 91' lang='lat' dir='ltr'><strong>quoniam</strong></span> <span class='ocrx_word' id='word_1_272' title='bbox 1136 3395 1203 3451; x_wconf 90' lang='lat' dir='ltr'><strong>de</strong></span> <span class='ocrx_word' id='word_1_273' title='bbox 1224 3393 1611 3451; x_wconf 91' lang='lat' dir='ltr'><strong>accedentibus</strong></span> <span class='ocrx_word' id='word_1_274' title='bbox 1663 3409 1811 3449; x_wconf 92' lang='lat' dir='ltr'><strong>nunc</strong></span> <span class='ocrx_word' id='word_1_275' title='bbox 1839 3409 2052 3450; x_wconf 78' lang='lat' dir='ltr'><strong>sermo.</strong></span> 
     </span>
    </p>
   </div>
   <div class='ocr_carea' id='block_1_38' title="bbox 472 3487 2055 3558">
    <p class='ocr_par' dir='ltr' id='par_1_38' title="bbox 472 3487 2055 3558">
     <span class='ocr_line' id='line_1_38' title="bbox 472 3487 2055 3558; baseline -0.001 -12"><span class='ocrx_word' id='word_1_276' title='bbox 472 3505 600 3546; x_wconf 89' lang='lat' dir='ltr'><strong>nem</strong></span> <span class='ocrx_word' id='word_1_277' title='bbox 632 3489 798 3544; x_wconf 81' lang='lat' dir='ltr'><strong>habet</strong></span> <span class='ocrx_word' id='word_1_278' title='bbox 828 3507 842 3556; x_wconf 85' lang='lat'><strong>;</strong></span> <span class='ocrx_word' id='word_1_279' title='bbox 877 3489 999 3543; x_wconf 89' lang='lat' dir='ltr'><strong>ideo</strong></span> <span class='ocrx_word' id='word_1_280' title='bbox 1029 3488 1095 3544; x_wconf 92' lang='lat' dir='ltr'><strong>ad</strong></span> <span class='ocrx_word' id='word_1_281' title='bbox 1141 3497 1442 3544; x_wconf 83' lang='lat' dir='ltr'><strong>extremum</strong></span> <span class='ocrx_word' id='word_1_282' title='bbox 1477 3497 1603 3558; x_wconf 86' lang='lat' dir='ltr'><strong>post</strong></span> <span class='ocrx_word' id='word_1_283' title='bbox 1631 3487 1944 3557; x_wconf 79' lang='lat' dir='ltr'><strong>parabolam</strong></span> <span class='ocrx_word' id='word_1_284' title='bbox 1975 3487 2055 3545; x_wconf 84' lang='lat' dir='ltr'><strong>is-</strong></span> 
     </span>
    </p>
   </div>
   <div class='ocr_carea' id='block_1_39' title="bbox 473 3565 2055 3651">
    <p class='ocr_par' dir='ltr' id='par_1_39' title="bbox 473 3565 2055 3651">
     <span class='ocr_line' id='line_1_39' title="bbox 473 3565 2055 3651; baseline -0.001 -16"><span class='ocrx_word' id='word_1_285' title='bbox 473 3581 567 3636; x_wconf 90' lang='lat' dir='ltr'><strong>tud</strong></span> <span class='ocrx_word' id='word_1_286' title='bbox 599 3578 822 3651; x_wconf 78' lang='lat' dir='ltr'><strong>adjecit.</strong></span> <span class='ocrx_word' id='word_1_287' title='bbox 879 3579 1091 3650; x_wconf 88' lang='lat' dir='ltr'><strong>Quippe</strong></span> <span class='ocrx_word' id='word_1_288' title='bbox 1120 3579 1165 3635; x_wconf 91' lang='lat' dir='ltr'><strong>si</strong></span> <span class='ocrx_word' id='word_1_289' title='bbox 1208 3588 1437 3636; x_wconf 86' lang='lat' dir='ltr'><strong>vocatus</strong></span> <span class='ocrx_word' id='word_1_290' title='bbox 1468 3578 1746 3633; x_wconf 87' lang='lat' dir='ltr'><strong>vocationi</strong></span> <span class='ocrx_word' id='word_1_291' title='bbox 1795 3565 2055 3634; x_wconf 84' lang='lat' dir='ltr'><strong>obedive-</strong></span> 
     </span>
    </p>
   </div>
   <div class='ocr_carea' id='block_1_40' title="bbox 473 3669 2050 3744">
    <p class='ocr_par' dir='ltr' id='par_1_40' title="bbox 473 3669 2050 3744">
     <span class='ocr_line' id='line_1_40' title="bbox 473 3669 2050 3744; baseline -0.001 -16"><span class='ocrx_word' id='word_1_292' title='bbox 473 3673 566 3740; x_wconf 86' lang='lat' dir='ltr'><strong>rit,</strong></span> <span class='ocrx_word' id='word_1_293' title='bbox 595 3681 649 3727; x_wconf 89' lang='lat' dir='ltr'><strong>et</strong></span> <span class='ocrx_word' id='word_1_294' title='bbox 678 3673 981 3744; x_wconf 85' lang='lat' dir='ltr'><strong>baptizatus</strong></span> <span class='ocrx_word' id='word_1_295' title='bbox 1003 3689 1034 3728; x_wconf 88' lang='lat' dir='ltr'><strong>a</strong></span> <span class='ocrx_word' id='word_1_296' title='bbox 1061 3673 1277 3728; x_wconf 75' lang='lat' dir='ltr'><strong>Christo</strong></span> <span class='ocrx_word' id='word_1_297' title='bbox 1305 3678 1547 3737; x_wconf 89' lang='lat' dir='ltr'><strong>vocetur,</strong></span> <span class='ocrx_word' id='word_1_298' title='bbox 1576 3669 1670 3726; x_wconf 88' lang='lat' dir='ltr'><strong>sed</strong></span> <span class='ocrx_word' id='word_1_299' title='bbox 1702 3685 1817 3725; x_wconf 90' lang='lat' dir='ltr'><strong>non</strong></span> <span class='ocrx_word' id='word_1_300' title='bbox 1889 3670 2050 3741; x_wconf 83' lang='lat' dir='ltr'><strong>digne</strong></span> 
     </span>
    </p>
   </div>
   <div class='ocr_carea' id='block_1_41' title="bbox 470 3762 2051 3835">
    <p class='ocr_par' dir='ltr' id='par_1_41' title="bbox 470 3762 2051 3835">
     <span class='ocr_line' id='line_1_41' title="bbox 470 3762 2051 3835; baseline -0.002 -15"><span class='ocrx_word' id='word_1_301' title='bbox 470 3766 829 3823; x_wconf 89' lang='lat' dir='ltr'><strong>ambulaverit</strong></span> <span class='ocrx_word' id='word_1_302' title='bbox 857 3782 954 3822; x_wconf 91' lang='lat' dir='ltr'><strong>sua</strong></span> <span class='ocrx_word' id='word_1_303' title='bbox 979 3766 1281 3833; x_wconf 89' lang='lat' dir='ltr'><strong>vocatione,</strong></span> <span class='ocrx_word' id='word_1_304' title='bbox 1308 3779 1485 3835; x_wconf 88' lang='lat' dir='ltr'><strong>neque</strong></span> <span class='ocrx_word' id='word_1_305' title='bbox 1546 3762 1851 3821; x_wconf 87' lang='lat' dir='ltr'><strong>secundum</strong></span> <span class='ocrx_word' id='word_1_306' title='bbox 1895 3763 2051 3819; x_wconf 82' lang='lat' dir='ltr'><strong>Chri-</strong></span> 
     </span>
    </p>
   </div>
   <div class='ocr_carea' id='block_1_42' title="bbox 482 3855 2054 3930">
    <p class='ocr_par' dir='ltr' id='par_1_42' title="bbox 482 3855 2054 3930">
     <span class='ocr_line' id='line_1_42' title="bbox 482 3855 2054 3930; baseline -0.002 -15"><span class='ocrx_word' id='word_1_307' title='bbox 482 3868 627 3915; x_wconf 89' lang='lat' dir='ltr'><strong>stum</strong></span> <span class='ocrx_word' id='word_1_308' title='bbox 658 3859 846 3916; x_wconf 88' lang='lat' dir='ltr'><strong>vivens</strong></span> <span class='ocrx_word' id='word_1_309' title='bbox 871 3858 1165 3930; x_wconf 75' lang='lat' dir='ltr'><strong>perfecerit</strong></span> <span class='ocrx_word' id='word_1_310' title='bbox 1191 3872 1311 3927; x_wconf 77' lang='lat' dir='ltr'><strong>quae</strong></span> <span class='ocrx_word' id='word_1_311' title='bbox 1343 3858 1397 3911; x_wconf 93' lang='lat' dir='ltr'><strong>in</strong></span> <span class='ocrx_word' id='word_1_312' title='bbox 1438 3856 1709 3927; x_wconf 86' lang='lat' dir='ltr'><strong>baptismo</strong></span> <span class='ocrx_word' id='word_1_313' title='bbox 1759 3855 1887 3913; x_wconf 90' lang='lat' dir='ltr'><strong>fecit</strong></span> <span class='ocrx_word' id='word_1_314' title='bbox 1929 3871 2054 3926; x_wconf 86' lang='lat' dir='ltr'><strong>pro-</strong></span> 
     </span>
    </p>
   </div>
   <div class='ocr_carea' id='block_1_43' title="bbox 473 3948 1970 4023">
    <p class='ocr_par' dir='ltr' id='par_1_43' title="bbox 473 3948 1970 4023">
     <span class='ocr_line' id='line_1_43' title="bbox 473 3948 1970 4023; baseline -0.002 -17"><span class='ocrx_word' id='word_1_315' title='bbox 473 3950 660 4018; x_wconf 89' lang='lat' dir='ltr'><strong>missa,</strong></span> <span class='ocrx_word' id='word_1_316' title='bbox 688 3959 773 4008; x_wconf 90' lang='lat' dir='ltr'><strong>est</strong></span> <span class='ocrx_word' id='word_1_317' title='bbox 801 3950 1056 4023; x_wconf 84' lang='lat' dir='ltr'><strong>equidem</strong></span> <span class='ocrx_word' id='word_1_318' title='bbox 1090 3957 1346 4016; x_wconf 90' lang='lat' dir='ltr'><strong>vocatus,</strong></span> <span class='ocrx_word' id='word_1_319' title='bbox 1381 3963 1495 4004; x_wconf 91' lang='lat' dir='ltr'><strong>non</strong></span> <span class='ocrx_word' id='word_1_320' title='bbox 1526 3957 1711 4006; x_wconf 88' lang='lat' dir='ltr'><strong>autem</strong></span> <span class='ocrx_word' id='word_1_321' title='bbox 1740 3948 1970 4005; x_wconf 89' lang='lat' dir='ltr'><strong>electus.</strong></span> 
     </span>
    </p>
   </div>
   <div class='ocr_carea' id='block_1_44' title="bbox 549 4134 2054 4207">
    <p class='ocr_par' dir='ltr' id='par_1_44' title="bbox 549 4134 2054 4207">
     <span class='ocr_line' id='line_1_44' title="bbox 549 4134 2054 4207; baseline -0.001 -15"><span class='ocrx_word' id='word_1_322' title='bbox 549 4136 778 4206; x_wconf 86' lang='lat' dir='ltr'><strong>insuper</strong></span> <span class='ocrx_word' id='word_1_323' title='bbox 806 4134 951 4192; x_wconf 91' lang='lat' dir='ltr'><strong>istud</strong></span> <span class='ocrx_word' id='word_1_324' title='bbox 983 4134 1177 4190; x_wconf 91' lang='lat' dir='ltr'><strong>incerti</strong></span> <span class='ocrx_word' id='word_1_325' title='bbox 1226 4135 1576 4207; x_wconf 82' lang='lat' dir='ltr'><strong>investigant,</strong></span> <span class='ocrx_word' id='word_1_326' title='bbox 1609 4134 1695 4189; x_wconf 86' lang='lat' dir='ltr'><strong>vel</strong></span> <span class='ocrx_word' id='word_1_327' title='bbox 1745 4135 1926 4205; x_wconf 90' lang='lat' dir='ltr'><strong>potius</strong></span> <span class='ocrx_word' id='word_1_328' title='bbox 1956 4149 2054 4190; x_wconf 80' lang='lat' dir='ltr'><strong>ex-</strong></span> 
     </span>
    </p>
   </div>
   <div class='ocr_carea' id='block_1_45' title="bbox 475 4226 2057 4302">
    <p class='ocr_par' dir='ltr' id='par_1_45' title="bbox 475 4226 2057 4302">
     <span class='ocr_line' id='line_1_45' title="bbox 475 4226 2057 4302; baseline -0.002 -16"><span class='ocrx_word' id='word_1_329' title='bbox 475 4231 737 4302; x_wconf 81' lang='lat' dir='ltr'><strong>probrant</strong></span> <span class='ocrx_word' id='word_1_330' title='bbox 767 4228 859 4298; x_wconf 89' lang='lat' dir='ltr'><strong>qui</strong></span> <span class='ocrx_word' id='word_1_331' title='bbox 889 4236 1030 4282; x_wconf 89' lang='lat' dir='ltr'><strong>terra</strong></span> <span class='ocrx_word' id='word_1_332' title='bbox 1058 4236 1114 4282; x_wconf 92' lang='lat' dir='ltr'><strong>et</strong></span> <span class='ocrx_word' id='word_1_333' title='bbox 1137 4227 1312 4282; x_wconf 89' lang='lat' dir='ltr'><strong>lutum</strong></span> <span class='ocrx_word' id='word_1_334' title='bbox 1346 4240 1500 4294; x_wconf 85' lang='lat' dir='ltr'><strong>sunt,</strong></span> <span class='ocrx_word' id='word_1_335' title='bbox 1530 4226 1642 4295; x_wconf 78' lang='lat' dir='ltr'><strong>regi</strong></span> <span class='ocrx_word' id='word_1_336' title='bbox 1671 4227 1902 4292; x_wconf 73' lang='lat' dir='ltr'><strong>cmlesti,</strong></span> <span class='ocrx_word' id='word_1_337' title='bbox 1963 4228 2057 4283; x_wconf 89' lang='lat' dir='ltr'><strong>he-</strong></span> 
     </span>
    </p>
   </div>
   <div class='ocr_carea' id='block_1_46' title="bbox 412 4300 2056 4385">
    <p class='ocr_par' dir='ltr' id='par_1_46' title="bbox 412 4300 2056 4385">
     <span class='ocr_line' id='line_1_46' title="bbox 412 4300 2056 4385; baseline -0.005 -10"><span class='ocrx_word' id='word_1_338' title='bbox 412 4300 415 4305; x_wconf 22' lang='lat'>.</span> <span class='ocrx_word' id='word_1_339' title='bbox 476 4300 648 4375; x_wconf 73' lang='lat' dir='ltr'><strong>sterni</strong></span> <span class='ocrx_word' id='word_1_340' title='bbox 680 4326 904 4371; x_wconf 63' lang='lat' dir='ltr'><strong>aeterno.</strong></span> <span class='ocrx_word' id='word_1_341' title='bbox 926 4314 1130 4382; x_wconf 85' lang='lat' dir='ltr'><strong>Quare,</strong></span> <span class='ocrx_word' id='word_1_342' title='bbox 1161 4315 1337 4382; x_wconf 89' lang='lat' dir='ltr'><strong>aiunt,</strong></span> <span class='ocrx_word' id='word_1_343' title='bbox 1363 4314 1576 4369; x_wconf 85' lang='lat' dir='ltr'><strong>vocavit</strong></span> <span class='ocrx_word' id='word_1_344' title='bbox 1603 4314 1744 4369; x_wconf 89' lang='lat' dir='ltr'><strong>Deus</strong></span> <span class='ocrx_word' id='word_1_345' title='bbox 1775 4329 1915 4385; x_wconf 91' lang='lat' dir='ltr'><strong>quos</strong></span> <span class='ocrx_word' id='word_1_346' title='bbox 1945 4317 2056 4369; x_wconf 88' lang='lat' dir='ltr'><strong>sci-</strong></span> 
     </span>
    </p>
   </div>
   <div class='ocr_carea' id='block_1_47' title="bbox 475 4405 2057 4475">
    <p class='ocr_par' dir='ltr' id='par_1_47' title="bbox 475 4405 2057 4475">
     <span class='ocr_line' id='line_1_47' title="bbox 475 4405 2057 4475; baseline -0.003 -11"><span class='ocrx_word' id='word_1_347' title='bbox 475 4409 556 4465; x_wconf 87' lang='lat' dir='ltr'><strong>vit</strong></span> <span class='ocrx_word' id='word_1_348' title='bbox 610 4406 947 4469; x_wconf 90' lang='lat' dir='ltr'><strong>nullomodo,</strong></span> <span class='ocrx_word' id='word_1_349' title='bbox 978 4418 1035 4460; x_wconf 91' lang='lat' dir='ltr'><strong>at</strong></span> <span class='ocrx_word' id='word_1_350' title='bbox 1080 4414 1227 4460; x_wconf 89' lang='lat' dir='ltr'><strong>certe</strong></span> <span class='ocrx_word' id='word_1_351' title='bbox 1259 4421 1366 4460; x_wconf 90' lang='lat' dir='ltr'><strong>nou</strong></span> <span class='ocrx_word' id='word_1_352' title='bbox 1417 4405 1673 4475; x_wconf 85' lang='lat' dir='ltr'><strong>cperibus</strong></span> <span class='ocrx_word' id='word_1_353' title='bbox 1698 4406 2057 4460; x_wconf 82' lang='lat' dir='ltr'><strong>obcdituros?</strong></span> 
     </span>
    </p>
   </div>
   <div class='ocr_carea' id='block_1_48' title="bbox 478 4496 2059 4571">
    <p class='ocr_par' dir='ltr' id='par_1_48' title="bbox 478 4496 2059 4571">
     <span class='ocr_line' id='line_1_48' title="bbox 478 4496 2059 4571; baseline -0.001 -17"><span class='ocrx_word' id='word_1_354' title='bbox 478 4514 649 4571; x_wconf 87' lang='lat' dir='ltr'><strong>quare</strong></span> <span class='ocrx_word' id='word_1_355' title='bbox 680 4498 991 4570; x_wconf 87' lang='lat' dir='ltr'><strong>puniendos</strong></span> <span class='ocrx_word' id='word_1_356' title='bbox 1028 4497 1177 4563; x_wconf 90' lang='lat' dir='ltr'><strong>fecit,</strong></span> <span class='ocrx_word' id='word_1_357' title='bbox 1218 4497 1351 4552; x_wconf 91' lang='lat' dir='ltr'><strong>illud</strong></span> <span class='ocrx_word' id='word_1_358' title='bbox 1383 4497 1731 4567; x_wconf 64' lang='lat' dir='ltr'><strong>praevidens?</strong></span> <span class='ocrx_word' id='word_1_359' title='bbox 1758 4496 1871 4553; x_wconf 89' lang='lat' dir='ltr'><strong>Nec</strong></span> <span class='ocrx_word' id='word_1_360' title='bbox 1908 4498 2059 4553; x_wconf 87' lang='lat' dir='ltr'><strong>illum</strong></span> 
     </span>
    </p>
   </div>
   <div class='ocr_carea' id='block_1_49' title="bbox 478 4590 2058 4658">
    <p class='ocr_par' dir='ltr' id='par_1_49' title="bbox 478 4590 2058 4658">
     <span class='ocr_line' id='line_1_49' title="bbox 478 4590 2058 4658; baseline -0.003 -10"><span class='ocrx_word' id='word_1_361' title='bbox 478 4593 710 4648; x_wconf 90' lang='lat' dir='ltr'><strong>audiunt</strong></span> <span class='ocrx_word' id='word_1_362' title='bbox 733 4592 1045 4647; x_wconf 88' lang='lat' dir='ltr'><strong>dicentem:</strong></span> <span class='ocrx_word' id='word_1_363' title='bbox 1084 4609 1101 4642; x_wconf 81' lang='grc' dir='ltr'><strong>ι</strong></span> <span class='ocrx_word' id='word_1_364' title='bbox 1143 4590 1301 4645; x_wconf 81' lang='lat' dir='ltr'><strong>Sicut</strong></span> <span class='ocrx_word' id='word_1_365' title='bbox 1347 4590 1656 4644; x_wconf 78' lang='lat' dir='ltr'><strong>cxaltantur</strong></span> <span class='ocrx_word' id='word_1_366' title='bbox 1686 4591 1811 4645; x_wconf 84' lang='lat' dir='ltr'><strong>coeli</strong></span> <span class='ocrx_word' id='word_1_367' title='bbox 1840 4604 1869 4643; x_wconf 91' lang='lat' dir='ltr'><strong>a</strong></span> <span class='ocrx_word' id='word_1_368' title='bbox 1894 4600 2058 4658; x_wconf 88' lang='lat' dir='ltr'><strong>terra,</strong></span> 
     </span>
    </p>
   </div>
   <div class='ocr_carea' id='block_1_50' title="bbox 501 4681 2059 4754">
    <p class='ocr_par' dir='ltr' id='par_1_50' title="bbox 501 4681 2059 4754">
     <span class='ocr_line' id='line_1_50' title="bbox 501 4681 2059 4754; baseline -0.002 -14"><span class='ocrx_word' id='word_1_369' title='bbox 501 4684 582 4741; x_wconf 86' lang='lat' dir='ltr'><strong>sic</strong></span> <span class='ocrx_word' id='word_1_370' title='bbox 626 4684 936 4739; x_wconf 81' lang='lat' dir='ltr'><strong>cxaltautur</strong></span> <span class='ocrx_word' id='word_1_371' title='bbox 970 4681 1328 4754; x_wconf 81' lang='lat' dir='ltr'><strong>cogitationes</strong></span> <span class='ocrx_word' id='word_1_372' title='bbox 1361 4696 1495 4736; x_wconf 64' lang='lat' dir='ltr'><strong>mese</strong></span> <span class='ocrx_word' id='word_1_373' title='bbox 1546 4697 1575 4736; x_wconf 87' lang='lat' dir='ltr'><strong>a</strong></span> <span class='ocrx_word' id='word_1_374' title='bbox 1633 4683 2059 4753; x_wconf 76' lang='lat' dir='ltr'><strong>cogitationibus</strong></span> 
     </span>
    </p>
   </div>
   <div class='ocr_carea' id='block_1_51' title="bbox 416 4768 2065 4844">
    <p class='ocr_par' dir='ltr' id='par_1_51' title="bbox 416 4768 2065 4844">
     <span class='ocr_line' id='line_1_51' title="bbox 416 4768 2065 4844; baseline -0.001 -15"><span class='ocrx_word' id='word_1_375' title='bbox 416 4772 420 4777; x_wconf 77' lang='grc'><em>’</em></span> <span class='ocrx_word' id='word_1_376' title='bbox 478 4777 697 4843; x_wconf 88' lang='lat' dir='ltr'><strong>vestris,</strong></span> <span class='ocrx_word' id='word_1_377' title='bbox 742 4777 877 4832; x_wconf 92' lang='lat' dir='ltr'><strong>dicit</strong></span> <span class='ocrx_word' id='word_1_378' title='bbox 908 4776 1173 4830; x_wconf 88' lang='lat' dir='ltr'><strong>Dominus</strong></span> <span class='ocrx_word' id='word_1_379' title='bbox 1212 4773 1304 4842; x_wconf 84' lang='grc'><strong>⁸³;</strong></span> <span class='ocrx_word' id='word_1_380' title='bbox 1342 4792 1360 4825; x_wconf 77' lang='grc' dir='ltr'><strong>ι</strong></span> <span class='ocrx_word' id='word_1_381' title='bbox 1421 4773 1514 4829; x_wconf 89' lang='lat' dir='ltr'><strong>sed</strong></span> <span class='ocrx_word' id='word_1_382' title='bbox 1554 4773 1819 4828; x_wconf 89' lang='lat' dir='ltr'><strong>rationem</strong></span> <span class='ocrx_word' id='word_1_383' title='bbox 1873 4768 2065 4844; x_wconf 82' lang='lat' dir='ltr'><strong>petunt</strong></span> 
     </span>
    </p>
   </div>
   <div class='ocr_carea' id='block_1_52' title="bbox 478 4864 2056 4937">
    <p class='ocr_par' dir='ltr' id='par_1_52' title="bbox 478 4864 2056 4937">
     <span class='ocr_line' id='line_1_52' title="bbox 478 4864 2056 4937; baseline -0.003 -13"><span class='ocrx_word' id='word_1_384' title='bbox 478 4877 534 4924; x_wconf 89' lang='lat' dir='ltr'><strong>ct</strong></span> <span class='ocrx_word' id='word_1_385' title='bbox 573 4868 794 4937; x_wconf 77' lang='lat' dir='ltr'><strong>exigunt</strong></span> <span class='ocrx_word' id='word_1_386' title='bbox 845 4869 912 4920; x_wconf 86' lang='lat' dir='ltr'><strong>ab</strong></span> <span class='ocrx_word' id='word_1_387' title='bbox 944 4881 1009 4921; x_wconf 91' lang='lat' dir='ltr'><strong>eo</strong></span> <span class='ocrx_word' id='word_1_388' title='bbox 1054 4881 1214 4935; x_wconf 89' lang='lat' dir='ltr'><strong>quem</strong></span> <span class='ocrx_word' id='word_1_389' title='bbox 1246 4872 1525 4934; x_wconf 87' lang='lat' dir='ltr'><strong>nequeunt</strong></span> <span class='ocrx_word' id='word_1_390' title='bbox 1572 4864 2056 4933; x_wconf 82' lang='lat' dir='ltr'><strong>comprehendere.</strong></span> 
     </span>
    </p>
   </div>
   <div class='ocr_carea' id='block_1_53' title="bbox 479 4956 2060 5028">
    <p class='ocr_par' dir='ltr' id='par_1_53' title="bbox 479 4956 2060 5028">
     <span class='ocr_line' id='line_1_53' title="bbox 479 4956 2060 5028; baseline -0.001 -14"><span class='ocrx_word' id='word_1_391' title='bbox 479 4960 768 5028; x_wconf 86' lang='lat' dir='ltr'><strong>Quantum&#39;</strong></span> <span class='ocrx_word' id='word_1_392' title='bbox 797 4975 825 5014; x_wconf 91' lang='lat' dir='ltr'><strong>a</strong></span> <span class='ocrx_word' id='word_1_393' title='bbox 859 4958 1108 5014; x_wconf 79' lang='lat' dir='ltr'><strong>formicis</strong></span> <span class='ocrx_word' id='word_1_394' title='bbox 1163 4956 1581 5026; x_wconf 85' lang='lat' dir='ltr'><strong>discrepamusl</strong></span> <span class='ocrx_word' id='word_1_395' title='bbox 1613 4957 1805 5011; x_wconf 85' lang='lat' dir='ltr'><strong>Nonne</strong></span> <span class='ocrx_word' id='word_1_396' title='bbox 1835 4958 1904 5012; x_wconf 87' lang='lat' dir='ltr'><strong>ab</strong></span> <span class='ocrx_word' id='word_1_397' title='bbox 1954 4959 2060 5013; x_wconf 89' lang='lat' dir='ltr'><strong>cis-</strong></span> 
     </span>
    </p>
   </div>
   <div class='ocr_carea' id='block_1_54' title="bbox 478 5048 2059 5121">
    <p class='ocr_par' dir='ltr' id='par_1_54' title="bbox 478 5048 2059 5121">
     <span class='ocr_line' id='line_1_54' title="bbox 478 5048 2059 5121; baseline -0.002 -16"><span class='ocrx_word' id='word_1_398' title='bbox 478 5055 601 5107; x_wconf 88' lang='lat' dir='ltr'><strong>dem</strong></span> <span class='ocrx_word' id='word_1_399' title='bbox 639 5051 957 5121; x_wconf 78' lang='lat' dir='ltr'><strong>figmentum</strong></span> <span class='ocrx_word' id='word_1_400' title='bbox 1012 5059 1285 5111; x_wconf 85' lang='lat' dir='ltr'><strong>nostrum,</strong></span> <span class='ocrx_word' id='word_1_401' title='bbox 1324 5062 1527 5116; x_wconf 90' lang='lat' dir='ltr'><strong>corpus</strong></span> <span class='ocrx_word' id='word_1_402' title='bbox 1560 5048 1704 5114; x_wconf 91' lang='lat' dir='ltr'><strong>dico,</strong></span> <span class='ocrx_word' id='word_1_403' title='bbox 1744 5049 2059 5104; x_wconf 86' lang='lat' dir='ltr'><strong>habemus?</strong></span> 
     </span>
    </p>
   </div>
   <div class='ocr_carea' id='block_1_55' title="bbox 477 5139 2056 5198">
    <p class='ocr_par' dir='ltr' id='par_1_55' title="bbox 477 5139 2056 5198">
     <span class='ocr_line' id='line_1_55' title="bbox 477 5139 2056 5198; baseline -0.001 0"><span class='ocrx_word' id='word_1_404' title='bbox 477 5142 669 5198; x_wconf 86' lang='lat' dir='ltr'><strong>Nonne</strong></span> <span class='ocrx_word' id='word_1_405' title='bbox 724 5143 929 5197; x_wconf 82' lang='lat' dir='ltr'><strong>eisdem</strong></span> <span class='ocrx_word' id='word_1_406' title='bbox 994 5140 1309 5194; x_wconf 85' lang='lat' dir='ltr'><strong>vescimur?</strong></span> <span class='ocrx_word' id='word_1_407' title='bbox 1345 5139 1538 5194; x_wconf 88' lang='lat' dir='ltr'><strong>Nonne</strong></span> <span class='ocrx_word' id='word_1_408' title='bbox 1589 5141 1641 5194; x_wconf 89' lang='lat' dir='ltr'><strong>in</strong></span> <span class='ocrx_word' id='word_1_409' title='bbox 1694 5140 1886 5196; x_wconf 80' lang='lat' dir='ltr'><strong>eodem</strong></span> <span class='ocrx_word' id='word_1_410' title='bbox 1938 5140 2056 5196; x_wconf 89' lang='lat' dir='ltr'><strong>loco</strong></span> 
     </span>
    </p>
   </div>
   <div class='ocr_carea' id='block_1_56' title="bbox 477 5231 2055 5290">
    <p class='ocr_par' dir='ltr' id='par_1_56' title="bbox 477 5231 2055 5290">
     <span class='ocr_line' id='line_1_56' title="bbox 477 5231 2055 5290; baseline -0.002 0"><span class='ocrx_word' id='word_1_411' title='bbox 477 5232 826 5290; x_wconf 82' lang='lat' dir='ltr'><strong>nabitamus?</strong></span> <span class='ocrx_word' id='word_1_412' title='bbox 847 5246 1029 5287; x_wconf 88' lang='lat' dir='ltr'><strong>nonne</strong></span> <span class='ocrx_word' id='word_1_413' title='bbox 1057 5231 1174 5287; x_wconf 78' lang='lat' dir='ltr'><strong>fere</strong></span> <span class='ocrx_word' id='word_1_414' title='bbox 1196 5232 1400 5287; x_wconf 87' lang='lat' dir='ltr'><strong>eisdem</strong></span> <span class='ocrx_word' id='word_1_415' title='bbox 1428 5231 1779 5288; x_wconf 88' lang='lat' dir='ltr'><strong>facultatibus</strong></span> <span class='ocrx_word' id='word_1_416' title='bbox 1804 5234 2055 5288; x_wconf 85' lang='lat' dir='ltr'><strong>utimur?</strong></span> 
     </span>
    </p>
   </div>
   <div class='ocr_carea' id='block_1_57' title="bbox 2134 554 3715 630">
    <p class='ocr_par' dir='ltr' id='par_1_57' title="bbox 2134 554 3715 630">
     <span class='ocr_line' id='line_1_57' title="bbox 2134 554 3715 630; baseline -0.004 -16"><span class='ocrx_word' id='word_1_417' title='bbox 2134 560 2386 630; x_wconf 84' lang='grc' dir='ltr'>ὀλίγοιδέ</span> <span class='ocrx_word' id='word_1_418' title='bbox 2420 559 2666 614; x_wconf 86' lang='grc' dir='ltr'>ἐκλεκτοί</span> <span class='ocrx_word' id='word_1_419' title='bbox 2688 573 2703 588; x_wconf 83' lang='grc'><em>’</em></span> <span class='ocrx_word' id='word_1_420' title='bbox 2743 578 2761 611; x_wconf 81' lang='grc' dir='ltr'><strong>ι</strong></span> <span class='ocrx_word' id='word_1_421' title='bbox 2799 557 2958 611; x_wconf 84' lang='grc' dir='ltr'>τοῦτο</span> <span class='ocrx_word' id='word_1_422' title='bbox 2978 555 3088 628; x_wconf 89' lang='grc' dir='ltr'><strong>γάρ</strong></span> <span class='ocrx_word' id='word_1_423' title='bbox 3119 557 3213 609; x_wconf 69' lang='grc' dir='ltr'>καὶ</span> <span class='ocrx_word' id='word_1_424' title='bbox 3250 555 3339 610; x_wconf 78' lang='grc' dir='ltr'>διὰ</span> <span class='ocrx_word' id='word_1_425' title='bbox 3388 554 3569 625; x_wconf 81' lang='grc' dir='ltr'><strong>πάσης</strong></span> <span class='ocrx_word' id='word_1_426' title='bbox 3612 557 3715 624; x_wconf 75' lang='grc' dir='ltr'>τῆς</span> 
     </span>
    </p>
   </div>
   <div class='ocr_carea' id='block_1_58' title="bbox 2138 632 3711 722">
    <p class='ocr_par' dir='ltr' id='par_1_58' title="bbox 2138 632 3711 722">
     <span class='ocr_line' id='line_1_58' title="bbox 2138 632 3711 722; baseline -0.005 -17"><span class='ocrx_word' id='word_1_427' title='bbox 2138 651 2457 721; x_wconf 78' lang='grc' dir='ltr'>παραϐολῆς</span> <span class='ocrx_word' id='word_1_428' title='bbox 2490 652 2518 704; x_wconf 91' lang='lat'><strong>6</strong></span> <span class='ocrx_word' id='word_1_429' title='bbox 2548 650 2755 722; x_wconf 79' lang='grc' dir='ltr'>Κύριος</span> <span class='ocrx_word' id='word_1_430' title='bbox 2786 632 3061 703; x_wconf 79' lang='grc' dir='ltr'>δείκνυσιν</span> <span class='ocrx_word' id='word_1_431' title='bbox 3084 663 3100 678; x_wconf 77' lang='grc' dir='ltr'><strong><em>ο</em></strong></span> <span class='ocrx_word' id='word_1_432' title='bbox 3134 645 3209 705; x_wconf 85' lang='grc' dir='ltr'><strong>ῶς</strong></span> <span class='ocrx_word' id='word_1_433' title='bbox 3242 646 3307 699; x_wconf 81' lang='grc' dir='ltr'>ἂν</span> <span class='ocrx_word' id='word_1_434' title='bbox 3337 647 3498 717; x_wconf 82' lang='grc' dir='ltr'>ἡμεῖς</span> <span class='ocrx_word' id='word_1_435' title='bbox 3540 663 3711 700; x_wconf 86' lang='grc' dir='ltr'>σπου-</span> 
     </span>
    </p>
   </div>
   <div class='ocr_carea' id='block_1_59' title="bbox 2131 736 3713 814">
    <p class='ocr_par' dir='ltr' id='par_1_59' title="bbox 2131 736 3713 814">
     <span class='ocr_line' id='line_1_59' title="bbox 2131 736 3713 814; baseline -0.003 -18"><span class='ocrx_word' id='word_1_436' title='bbox 2131 742 2389 814; x_wconf 86' lang='grc' dir='ltr'>δάσωμεν</span> <span class='ocrx_word' id='word_1_437' title='bbox 2419 746 2495 813; x_wconf 79' lang='grc' dir='ltr'>μὴ</span> <span class='ocrx_word' id='word_1_438' title='bbox 2523 742 2632 795; x_wconf 87' lang='grc' dir='ltr'><strong>τῶν</strong></span> <span class='ocrx_word' id='word_1_439' title='bbox 2665 740 2883 812; x_wconf 84' lang='grc' dir='ltr'>κλητῶν</span> <span class='ocrx_word' id='word_1_440' title='bbox 2909 737 3118 802; x_wconf 84' lang='grc' dir='ltr'>ἁπλῶς,</span> <span class='ocrx_word' id='word_1_441' title='bbox 3145 737 3284 792; x_wconf 88' lang='grc' dir='ltr'><strong>ἀλλά</strong></span> <span class='ocrx_word' id='word_1_442' title='bbox 3306 737 3417 792; x_wconf 86' lang='grc' dir='ltr'><strong>τῶν</strong></span> <span class='ocrx_word' id='word_1_443' title='bbox 3439 736 3713 792; x_wconf 73' lang='grc' dir='ltr'><strong>ἐκλεκτῶν</strong></span> 
     </span>
    </p>
   </div>
   <div class='ocr_carea' id='block_1_60' title="bbox 2133 830 3716 905">
    <p class='ocr_par' dir='ltr' id='par_1_60' title="bbox 2133 830 3716 905">
     <span class='ocr_line' id='line_1_60' title="bbox 2133 830 3716 905; baseline -0.001 -17"><span class='ocrx_word' id='word_1_444' title='bbox 2133 833 2275 889; x_wconf 75' lang='grc' dir='ltr'>εἶναι</span> <span class='ocrx_word' id='word_1_445' title='bbox 2305 851 2320 865; x_wconf 86' lang='grc'><strong>·</strong></span> <span class='ocrx_word' id='word_1_446' title='bbox 2350 837 2378 890; x_wconf 91' lang='lat'><strong>6</strong></span> <span class='ocrx_word' id='word_1_447' title='bbox 2411 835 2521 905; x_wconf 84' lang='grc' dir='ltr'><strong>γὰρ</strong></span> <span class='ocrx_word' id='word_1_448' title='bbox 2555 835 2631 905; x_wconf 79' lang='grc' dir='ltr'>μὴ</span> <span class='ocrx_word' id='word_1_449' title='bbox 2658 834 2767 889; x_wconf 90' lang='grc' dir='ltr'><strong>τῶν</strong></span> <span class='ocrx_word' id='word_1_450' title='bbox 2789 832 3056 887; x_wconf 86' lang='grc' dir='ltr'>ἐκλεκτῶν</span> <span class='ocrx_word' id='word_1_451' title='bbox 3086 830 3183 896; x_wconf 85' lang='grc' dir='ltr'>ὢν,</span> <span class='ocrx_word' id='word_1_452' title='bbox 3207 830 3343 884; x_wconf 90' lang='grc' dir='ltr'><strong>ἀλλά</strong></span> <span class='ocrx_word' id='word_1_453' title='bbox 3362 831 3471 884; x_wconf 87' lang='grc' dir='ltr'><strong>τῶν</strong></span> <span class='ocrx_word' id='word_1_454' title='bbox 3499 830 3716 900; x_wconf 88' lang='grc' dir='ltr'>κλητῶν</span> 
     </span>
    </p>
   </div>
   <div class='ocr_carea' id='block_1_61' title="bbox 2138 922 3718 997">
    <p class='ocr_par' dir='ltr' id='par_1_61' title="bbox 2138 922 3718 997">
     <span class='ocr_line' id='line_1_61' title="bbox 2138 922 3718 997; baseline -0.001 -18"><span class='ocrx_word' id='word_1_455' title='bbox 2138 928 2319 997; x_wconf 86' lang='grc' dir='ltr'>μόνον,</span> <span class='ocrx_word' id='word_1_456' title='bbox 2342 927 2403 979; x_wconf 84' lang='grc' dir='ltr'>οὐ</span> <span class='ocrx_word' id='word_1_457' title='bbox 2429 927 2592 997; x_wconf 86' lang='grc' dir='ltr'>μόνον</span> <span class='ocrx_word' id='word_1_458' title='bbox 2628 927 2885 980; x_wconf 74' lang='grc' dir='ltr'><strong>ἐκπίπτει</strong></span> <span class='ocrx_word' id='word_1_459' title='bbox 2922 923 3017 979; x_wconf 82' lang='grc' dir='ltr'><strong>τοῦ</strong></span> <span class='ocrx_word' id='word_1_460' title='bbox 3034 924 3334 996; x_wconf 85' lang='grc' dir='ltr'>ἀνεσπέρου</span> <span class='ocrx_word' id='word_1_461' title='bbox 3359 922 3557 994; x_wconf 73' lang='grc' dir='ltr'>φωτὸς,</span> <span class='ocrx_word' id='word_1_462' title='bbox 3580 923 3718 977; x_wconf 76' lang='grc' dir='ltr'>ἀλλὰ</span> 
     </span>
    </p>
   </div>
   <div class='ocr_carea' id='block_1_62' title="bbox 2135 1016 3718 1089">
    <p class='ocr_par' dir='ltr' id='par_1_62' title="bbox 2135 1016 3718 1089">
     <span class='ocr_line' id='line_1_62' title="bbox 2135 1016 3718 1089; baseline -0.002 -17"><span class='ocrx_word' id='word_1_463' title='bbox 2135 1019 2230 1072; x_wconf 75' lang='grc' dir='ltr'><strong>καὶ</strong></span> <span class='ocrx_word' id='word_1_464' title='bbox 2251 1018 2384 1089; x_wconf 75' lang='grc' dir='ltr'>πρὸς</span> <span class='ocrx_word' id='word_1_465' title='bbox 2411 1018 2472 1072; x_wconf 84' lang='lat' dir='ltr'><strong>r6</strong></span> <span class='ocrx_word' id='word_1_466' title='bbox 2491 1020 2680 1082; x_wconf 80' lang='grc' dir='ltr'>σκότος</span> <span class='ocrx_word' id='word_1_467' title='bbox 2710 1019 2963 1088; x_wconf 77' lang='grc' dir='ltr'>ἐξάγεται</span> <span class='ocrx_word' id='word_1_468' title='bbox 2987 1018 3047 1071; x_wconf 83' lang='grc' dir='ltr'>τὸ</span> <span class='ocrx_word' id='word_1_469' title='bbox 3076 1017 3366 1086; x_wconf 78' lang='grc' dir='ltr'><strong>ἐξώτερον,</strong></span> <span class='ocrx_word' id='word_1_470' title='bbox 3395 1016 3492 1070; x_wconf 76' lang='grc' dir='ltr'>καὶ</span> <span class='ocrx_word' id='word_1_471' title='bbox 3525 1018 3718 1087; x_wconf 85' lang='grc' dir='ltr'>χεῖρας</span> 
     </span>
    </p>
   </div>
   <div class='ocr_carea' id='block_1_63' title="bbox 2136 1107 3719 1181">
    <p class='ocr_par' dir='ltr' id='par_1_63' title="bbox 2136 1107 3719 1181">
     <span class='ocr_line' id='line_1_63' title="bbox 2136 1107 3719 1181; baseline -0.001 -19"><span class='ocrx_word' id='word_1_472' title='bbox 2136 1109 2273 1180; x_wconf 82' lang='grc' dir='ltr'>ὁμοῦ</span> <span class='ocrx_word' id='word_1_473' title='bbox 2296 1109 2388 1163; x_wconf 82' lang='grc' dir='ltr'>καὶ</span> <span class='ocrx_word' id='word_1_474' title='bbox 2405 1110 2570 1173; x_wconf 81' lang='grc' dir='ltr'>πόδας</span> <span class='ocrx_word' id='word_1_475' title='bbox 2586 1111 2857 1181; x_wconf 80' lang='grc' dir='ltr'>πεδηθεὶς,</span> <span class='ocrx_word' id='word_1_476' title='bbox 2872 1111 2999 1173; x_wconf 77' lang='grc' dir='ltr'>τοὺς</span> <span class='ocrx_word' id='word_1_477' title='bbox 3019 1108 3120 1179; x_wconf 85' lang='grc' dir='ltr'><strong>μέν</strong></span> <span class='ocrx_word' id='word_1_478' title='bbox 3134 1107 3210 1173; x_wconf 83' lang='grc' dir='ltr'><strong>ὡς</strong></span> <span class='ocrx_word' id='word_1_479' title='bbox 3230 1108 3306 1178; x_wconf 82' lang='grc' dir='ltr'><strong>μή</strong></span> <span class='ocrx_word' id='word_1_480' title='bbox 3327 1108 3463 1179; x_wconf 83' lang='grc' dir='ltr'>πρὸς</span> <span class='ocrx_word' id='word_1_481' title='bbox 3480 1108 3570 1161; x_wconf 77' lang='grc' dir='ltr'>τὸν</span> <span class='ocrx_word' id='word_1_482' title='bbox 3585 1108 3719 1161; x_wconf 82' lang='grc' dir='ltr'>Θεὸν</span> 
     </span>
    </p>
   </div>
   <div class='ocr_carea' id='block_1_64' title="bbox 2114 1192 3718 1272">
    <p class='ocr_par' dir='ltr' id='par_1_64' title="bbox 2114 1192 3718 1272">
     <span class='ocr_line' id='line_1_64' title="bbox 2114 1192 3718 1272; baseline -0.001 -19"><span class='ocrx_word' id='word_1_483' title='bbox 2114 1192 2485 1271; x_wconf 53' lang='grc' dir='ltr'>λδραμόνταςί</span> <span class='ocrx_word' id='word_1_484' title='bbox 2517 1201 2614 1265; x_wconf 88' lang='grc' dir='ltr'><strong>τάς</strong></span> <span class='ocrx_word' id='word_1_485' title='bbox 2645 1201 2701 1255; x_wconf 82' lang='grc' dir='ltr'><strong>δέ</strong></span> <span class='ocrx_word' id='word_1_486' title='bbox 2729 1201 2804 1265; x_wconf 84' lang='grc' dir='ltr'><strong>ὡς</strong></span> <span class='ocrx_word' id='word_1_487' title='bbox 2841 1202 2918 1272; x_wconf 79' lang='grc' dir='ltr'>μὴ</span> <span class='ocrx_word' id='word_1_488' title='bbox 2947 1201 3016 1255; x_wconf 87' lang='grc' dir='ltr'><strong>τά</strong></span> <span class='ocrx_word' id='word_1_489' title='bbox 3038 1202 3132 1255; x_wconf 84' lang='grc' dir='ltr'>τοῦ</span> <span class='ocrx_word' id='word_1_490' title='bbox 3156 1199 3293 1253; x_wconf 84' lang='grc' dir='ltr'><strong>Θεοῦ</strong></span> <span class='ocrx_word' id='word_1_491' title='bbox 3319 1198 3718 1270; x_wconf 71' lang='grc' dir='ltr'><strong>εἰργασμένας,</strong></span> 
     </span>
    </p>
   </div>
   <div class='ocr_carea' id='block_1_65' title="bbox 2136 1290 3718 1364">
    <p class='ocr_par' dir='ltr' id='par_1_65' title="bbox 2136 1290 3718 1364">
     <span class='ocr_line' id='line_1_65' title="bbox 2136 1290 3718 1364; baseline 0.003 -21"><span class='ocrx_word' id='word_1_492' title='bbox 2136 1291 2215 1362; x_wconf 83' lang='grc' dir='ltr'>τῷ</span> <span class='ocrx_word' id='word_1_493' title='bbox 2233 1291 2495 1363; x_wconf 89' lang='grc' dir='ltr'>κλαυθμῷ</span> <span class='ocrx_word' id='word_1_494' title='bbox 2512 1293 2609 1346; x_wconf 74' lang='grc' dir='ltr'><strong>καὶ</strong></span> <span class='ocrx_word' id='word_1_495' title='bbox 2624 1292 2701 1362; x_wconf 81' lang='grc' dir='ltr'>τῷ</span> <span class='ocrx_word' id='word_1_496' title='bbox 2719 1292 2949 1364; x_wconf 85' lang='grc' dir='ltr'>βρυγμῷ</span> <span class='ocrx_word' id='word_1_497' title='bbox 2963 1291 3317 1361; x_wconf 84' lang='grc' dir='ltr'>παραδίδοται</span> <span class='ocrx_word' id='word_1_498' title='bbox 3333 1291 3442 1344; x_wconf 89' lang='grc' dir='ltr'><strong>τῶν</strong></span> <span class='ocrx_word' id='word_1_499' title='bbox 3462 1290 3718 1347; x_wconf 80' lang='grc' dir='ltr'>ὀδόντων.</span> 
     </span>
    </p>
   </div>
   <div class='ocr_carea' id='block_1_66' title="bbox 2139 1378 3718 1453">
    <p class='ocr_par' dir='ltr' id='par_1_66' title="bbox 2139 1378 3718 1453">
     <span class='ocr_line' id='line_1_66' title="bbox 2139 1378 3718 1453; baseline 0.001 -19"><span class='ocrx_word' id='word_1_500' title='bbox 2139 1378 2199 1435; x_wconf 81' lang='grc' dir='ltr'><strong>’Δ</strong></span> <span class='ocrx_word' id='word_1_501' title='bbox 2213 1383 2434 1453; x_wconf 77' lang='grc' dir='ltr'>πορήσει</span> <span class='ocrx_word' id='word_1_502' title='bbox 2452 1383 2494 1435; x_wconf 76' lang='grc' dir='ltr'>δ’</span> <span class='ocrx_word' id='word_1_503' title='bbox 2514 1383 2580 1437; x_wconf 81' lang='grc' dir='ltr'>ἄν</span> <span class='ocrx_word' id='word_1_504' title='bbox 2595 1400 2678 1447; x_wconf 89' lang='grc' dir='ltr'><strong>τις</strong></span> <span class='ocrx_word' id='word_1_505' title='bbox 2705 1383 2944 1453; x_wconf 89' lang='grc' dir='ltr'>πρῶτον,</span> <span class='ocrx_word' id='word_1_506' title='bbox 2969 1383 3085 1446; x_wconf 87' lang='grc' dir='ltr'><strong>πῶς</strong></span> <span class='ocrx_word' id='word_1_507' title='bbox 3103 1384 3130 1436; x_wconf 97' lang='lat'><strong>6</strong></span> <span class='ocrx_word' id='word_1_508' title='bbox 3151 1382 3356 1452; x_wconf 79' lang='grc' dir='ltr'>Κύριος</span> <span class='ocrx_word' id='word_1_509' title='bbox 3380 1381 3609 1445; x_wconf 79' lang='grc' dir='ltr'>πολλοὺς</span> <span class='ocrx_word' id='word_1_510' title='bbox 3636 1383 3718 1437; x_wconf 84' lang='grc' dir='ltr'>εί-</span> 
     </span>
    </p>
   </div>
   <div class='ocr_carea' id='block_1_67' title="bbox 2149 1474 3719 1545">
    <p class='ocr_par' dir='ltr' id='par_1_67' title="bbox 2149 1474 3719 1545">
     <span class='ocr_line' id='line_1_67' title="bbox 2149 1474 3719 1545; baseline 0.001 -17"><span class='ocrx_word' id='word_1_511' title='bbox 2149 1491 2283 1545; x_wconf 87' lang='grc' dir='ltr'>ρηκε</span> <span class='ocrx_word' id='word_1_512' title='bbox 2312 1475 2438 1538; x_wconf 84' lang='grc' dir='ltr'>τοὺς</span> <span class='ocrx_word' id='word_1_513' title='bbox 2470 1474 2723 1545; x_wconf 84' lang='grc' dir='ltr'>κλητοὺς,</span> <span class='ocrx_word' id='word_1_514' title='bbox 2750 1474 2864 1529; x_wconf 86' lang='grc' dir='ltr'>ἀλλ’</span> <span class='ocrx_word' id='word_1_515' title='bbox 2886 1475 3008 1545; x_wconf 74' lang='grc' dir='ltr'>οὐχὶ</span> <span class='ocrx_word' id='word_1_516' title='bbox 3037 1475 3247 1538; x_wconf 83' lang='grc' dir='ltr'>πάντας</span> <span class='ocrx_word' id='word_1_517' title='bbox 3273 1474 3597 1545; x_wconf 84' lang='grc' dir='ltr'>ἀνθρώπους</span> <span class='ocrx_word' id='word_1_518' title='bbox 3623 1491 3639 1507; x_wconf 86' lang='grc'>⁶</span> <span class='ocrx_word' id='word_1_519' title='bbox 3668 1478 3719 1530; x_wconf 85' lang='grc' dir='ltr'><strong>εί</strong></span> 
     </span>
    </p>
   </div>
   <div class='ocr_carea' id='block_1_68' title="bbox 2142 1554 3716 1638">
    <p class='ocr_par' dir='ltr' id='par_1_68' title="bbox 2142 1554 3716 1638">
     <span class='ocr_line' id='line_1_68' title="bbox 2142 1554 3716 1638; baseline -0.003 -19"><span class='ocrx_word' id='word_1_520' title='bbox 2142 1566 2253 1634; x_wconf 81' lang='grc' dir='ltr'>γὰρ</span> <span class='ocrx_word' id='word_1_521' title='bbox 2289 1570 2366 1638; x_wconf 80' lang='grc' dir='ltr'><strong>μή</strong></span> <span class='ocrx_word' id='word_1_522' title='bbox 2399 1554 2602 1631; x_wconf 84' lang='grc' dir='ltr'>πάντες</span> <span class='ocrx_word' id='word_1_523' title='bbox 2633 1567 2966 1638; x_wconf 79' lang='grc' dir='ltr'>ἐκλήθησαν,</span> <span class='ocrx_word' id='word_1_524' title='bbox 2992 1566 3111 1637; x_wconf 78' lang='grc' dir='ltr'>οὐχὶ</span> <span class='ocrx_word' id='word_1_525' title='bbox 3135 1567 3359 1630; x_wconf 89' lang='grc' dir='ltr'>δικαίως</span> <span class='ocrx_word' id='word_1_526' title='bbox 3387 1568 3437 1620; x_wconf 81' lang='grc' dir='ltr'>οἱ</span> <span class='ocrx_word' id='word_1_527' title='bbox 3471 1566 3548 1638; x_wconf 82' lang='grc' dir='ltr'>μὴ</span> <span class='ocrx_word' id='word_1_528' title='bbox 3579 1569 3716 1636; x_wconf 78' lang='grc' dir='ltr'>κλη-</span> 
     </span>
    </p>
   </div>
   <div class='ocr_carea' id='block_1_69' title="bbox 2142 1656 3719 1730">
    <p class='ocr_par' dir='ltr' id='par_1_69' title="bbox 2142 1656 3719 1730">
     <span class='ocr_line' id='line_1_69' title="bbox 2142 1656 3719 1730; baseline 0.001 -17"><span class='ocrx_word' id='word_1_529' title='bbox 2142 1656 2325 1723; x_wconf 82' lang='grc' dir='ltr'>θέντες</span> <span class='ocrx_word' id='word_1_530' title='bbox 2357 1658 2718 1714; x_wconf 65' lang='grc' dir='ltr'>ἐκπεσοῦνται</span> <span class='ocrx_word' id='word_1_531' title='bbox 2744 1658 2853 1713; x_wconf 88' lang='grc' dir='ltr'><strong>τῶν</strong></span> <span class='ocrx_word' id='word_1_532' title='bbox 2881 1657 3314 1730; x_wconf 75' lang='grc' dir='ltr'><strong>ἐπηγγελμένων</strong></span> <span class='ocrx_word' id='word_1_533' title='bbox 3349 1659 3590 1728; x_wconf 85' lang='grc' dir='ltr'>ἀγαθῶν,</span> <span class='ocrx_word' id='word_1_534' title='bbox 3620 1661 3719 1714; x_wconf 79' lang='grc' dir='ltr'><strong>καὶ</strong></span> 
     </span>
    </p>
   </div>
   <div class='ocr_carea' id='block_1_70' title="bbox 2143 1749 3720 1821">
    <p class='ocr_par' dir='ltr' id='par_1_70' title="bbox 2143 1749 3720 1821">
     <span class='ocr_line' id='line_1_70' title="bbox 2143 1749 3720 1821; baseline 0.001 -18"><span class='ocrx_word' id='word_1_535' title='bbox 2143 1750 2570 1821; x_wconf 78' lang='grc' dir='ltr'>πειραθήσονται</span> <span class='ocrx_word' id='word_1_536' title='bbox 2635 1750 2745 1806; x_wconf 85' lang='grc' dir='ltr'><strong>τῶν</strong></span> <span class='ocrx_word' id='word_1_537' title='bbox 2803 1749 3194 1821; x_wconf 80' lang='grc' dir='ltr'>ήπειλημένων</span> <span class='ocrx_word' id='word_1_538' title='bbox 3240 1749 3491 1820; x_wconf 74' lang='grc' dir='ltr'>βασάνων</span> <span class='ocrx_word' id='word_1_539' title='bbox 3516 1765 3533 1783; x_wconf 86' lang='grc'><strong>·</strong></span> <span class='ocrx_word' id='word_1_540' title='bbox 3588 1752 3720 1816; x_wconf 81' lang='grc' dir='ltr'>ἴσως</span> 
     </span>
    </p>
   </div>
   <div class='ocr_carea' id='block_1_71' title="bbox 2144 1841 3717 1916">
    <p class='ocr_par' dir='ltr' id='par_1_71' title="bbox 2144 1841 3717 1916">
     <span class='ocr_line' id='line_1_71' title="bbox 2144 1841 3717 1916; baseline 0.003 -21"><span class='ocrx_word' id='word_1_541' title='bbox 2144 1841 2252 1912; x_wconf 81' lang='grc' dir='ltr'>γὰρ</span> <span class='ocrx_word' id='word_1_542' title='bbox 2278 1844 2345 1898; x_wconf 79' lang='grc' dir='ltr'>ἂν</span> <span class='ocrx_word' id='word_1_543' title='bbox 2374 1843 2711 1915; x_wconf 79' lang='grc' dir='ltr'>ὑπήκουσαν,</span> <span class='ocrx_word' id='word_1_544' title='bbox 2736 1844 2896 1916; x_wconf 72' lang='grc' dir='ltr'>εἴπερ</span> <span class='ocrx_word' id='word_1_545' title='bbox 2916 1842 3413 1912; x_wconf 76' lang='grc' dir='ltr'>ὲκλήθησαν.Ἀλλά</span> <span class='ocrx_word' id='word_1_546' title='bbox 3432 1842 3588 1899; x_wconf 86' lang='grc' dir='ltr'>τοῦτο</span> <span class='ocrx_word' id='word_1_547' title='bbox 3616 1845 3717 1915; x_wconf 71' lang='grc' dir='ltr'>μὲν</span> 
     </span>
    </p>
   </div>
   <div class='ocr_carea' id='block_1_72' title="bbox 2144 1934 3723 2008">
    <p class='ocr_par' dir='ltr' id='par_1_72' title="bbox 2144 1934 3723 2008">
     <span class='ocr_line' id='line_1_72' title="bbox 2144 1934 3723 2008; baseline 0.002 -19"><span class='ocrx_word' id='word_1_548' title='bbox 2144 1935 2257 2007; x_wconf 74' lang='grc' dir='ltr'>ἔχει</span> <span class='ocrx_word' id='word_1_549' title='bbox 2278 1936 2458 2004; x_wconf 83' lang='grc' dir='ltr'>λόγον,</span> <span class='ocrx_word' id='word_1_550' title='bbox 2494 1936 2569 2000; x_wconf 87' lang='grc' dir='ltr'>ὠς</span> <span class='ocrx_word' id='word_1_551' title='bbox 2593 1936 2693 1990; x_wconf 77' lang='grc' dir='ltr'><strong>οὐκ</strong></span> <span class='ocrx_word' id='word_1_552' title='bbox 2722 1934 2789 1990; x_wconf 80' lang='grc' dir='ltr'>ἂν</span> <span class='ocrx_word' id='word_1_553' title='bbox 2808 1935 3036 2002; x_wconf 79' lang='grc' dir='ltr'>δικαίως</span> <span class='ocrx_word' id='word_1_554' title='bbox 3064 1935 3612 2008; x_wconf 80' lang='grc' dir='ltr'>ἀπεδοκιμάσθησαν,</span> <span class='ocrx_word' id='word_1_555' title='bbox 3645 1940 3723 1992; x_wconf 78' lang='grc' dir='ltr'>εί-</span> 
     </span>
    </p>
   </div>
   <div class='ocr_carea' id='block_1_73' title="bbox 2143 2027 3722 2102">
    <p class='ocr_par' dir='ltr' id='par_1_73' title="bbox 2143 2027 3722 2102">
     <span class='ocr_line' id='line_1_73' title="bbox 2143 2027 3722 2102; baseline 0.003 -21"><span class='ocrx_word' id='word_1_556' title='bbox 2143 2045 2249 2100; x_wconf 90' lang='grc' dir='ltr'><strong>περ</strong></span> <span class='ocrx_word' id='word_1_557' title='bbox 2270 2028 2344 2099; x_wconf 84' lang='grc' dir='ltr'>μὴ</span> <span class='ocrx_word' id='word_1_558' title='bbox 2371 2028 2702 2099; x_wconf 77' lang='grc' dir='ltr'>ἐκλήθησαν·</span> <span class='ocrx_word' id='word_1_559' title='bbox 2721 2030 3015 2082; x_wconf 85' lang='grc' dir='ltr'>οὐκέκεῖνο</span> <span class='ocrx_word' id='word_1_560' title='bbox 3043 2027 3100 2081; x_wconf 71' lang='grc' dir='ltr'>δὲ</span> <span class='ocrx_word' id='word_1_561' title='bbox 3126 2027 3348 2098; x_wconf 71' lang='grc' dir='ltr'>ἀληθὲς,</span> <span class='ocrx_word' id='word_1_562' title='bbox 3373 2030 3455 2083; x_wconf 87' lang='grc' dir='ltr'>ὅτι</span> <span class='ocrx_word' id='word_1_563' title='bbox 3480 2033 3554 2102; x_wconf 83' lang='grc' dir='ltr'>μὴ</span> <span class='ocrx_word' id='word_1_564' title='bbox 3581 2031 3722 2086; x_wconf 82' lang='grc' dir='ltr'>πάν-</span> 
     </span>
    </p>
   </div>
   <div class='ocr_carea' id='block_1_74' title="bbox 2144 2114 3721 2188">
    <p class='ocr_par' dir='ltr' id='par_1_74' title="bbox 2144 2114 3721 2188">
     <span class='ocr_line' id='line_1_74' title="bbox 2144 2114 3721 2188; baseline 0.002 -16"><span class='ocrx_word' id='word_1_565' title='bbox 2144 2133 2234 2179; x_wconf 86' lang='grc' dir='ltr'><strong>τες</strong></span> <span class='ocrx_word' id='word_1_566' title='bbox 2263 2116 2591 2188; x_wconf 88' lang='grc' dir='ltr'>ἐκλήθησαν.</span> <span class='ocrx_word' id='word_1_567' title='bbox 2626 2114 2686 2169; x_wconf 87' lang='lat' dir='ltr'><strong>&#39;U</strong></span> <span class='ocrx_word' id='word_1_568' title='bbox 2715 2117 2815 2187; x_wconf 79' lang='grc' dir='ltr'>μὲν</span> <span class='ocrx_word' id='word_1_569' title='bbox 2837 2117 2945 2186; x_wconf 86' lang='grc' dir='ltr'>γὰρ</span> <span class='ocrx_word' id='word_1_570' title='bbox 2978 2116 3182 2186; x_wconf 78' lang='grc' dir='ltr'>Κύριος</span> <span class='ocrx_word' id='word_1_571' title='bbox 3213 2119 3294 2180; x_wconf 78' lang='grc' dir='ltr'><strong>εἰς</strong></span> <span class='ocrx_word' id='word_1_572' title='bbox 3321 2118 3549 2186; x_wconf 70' lang='grc' dir='ltr'>οὐρανὸν</span> <span class='ocrx_word' id='word_1_573' title='bbox 3583 2123 3721 2187; x_wconf 87' lang='grc' dir='ltr'><strong>μετά</strong></span> 
     </span>
    </p>
   </div>
   <div class='ocr_carea' id='block_1_75' title="bbox 2145 2207 3725 2279">
    <p class='ocr_par' dir='ltr' id='par_1_75' title="bbox 2145 2207 3725 2279">
     <span class='ocr_line' id='line_1_75' title="bbox 2145 2207 3725 2279; baseline -0.001 -17"><span class='ocrx_word' id='word_1_574' title='bbox 2145 2207 2243 2279; x_wconf 72' lang='grc' dir='ltr'>τὴν</span> <span class='ocrx_word' id='word_1_575' title='bbox 2278 2210 2342 2261; x_wconf 86' lang='grc' dir='ltr'><strong>ἐκ</strong></span> <span class='ocrx_word' id='word_1_576' title='bbox 2370 2207 2582 2276; x_wconf 86' lang='grc' dir='ltr'>νεκρῶν</span> <span class='ocrx_word' id='word_1_577' title='bbox 2622 2207 2922 2260; x_wconf 83' lang='grc' dir='ltr'>ἀνάστασιν</span> <span class='ocrx_word' id='word_1_578' title='bbox 2961 2207 3390 2276; x_wconf 77' lang='grc' dir='ltr'>ἀναφερόμενος,</span> <span class='ocrx_word' id='word_1_579' title='bbox 3425 2209 3558 2277; x_wconf 74' lang='grc' dir='ltr'>πρδς</span> <span class='ocrx_word' id='word_1_580' title='bbox 3596 2209 3725 2273; x_wconf 73' lang='grc' dir='ltr'>τοὺς</span> 
     </span>
    </p>
   </div>
   <div class='ocr_carea' id='block_1_76' title="bbox 2145 2292 3724 2366">
    <p class='ocr_par' dir='ltr' id='par_1_76' title="bbox 2145 2292 3724 2366">
     <span class='ocr_line' id='line_1_76' title="bbox 2145 2292 3724 2366; baseline -0.001 -15"><span class='ocrx_word' id='word_1_581' title='bbox 2145 2296 2381 2362; x_wconf 73' lang='grc' dir='ltr'>οἰκείους</span> <span class='ocrx_word' id='word_1_582' title='bbox 2419 2292 2540 2349; x_wconf 75' lang='grc' dir='ltr'>εἷπε</span> <span class='ocrx_word' id='word_1_583' title='bbox 2592 2296 2844 2366; x_wconf 88' lang='grc' dir='ltr'>μαθητάς</span> <span class='ocrx_word' id='word_1_584' title='bbox 2869 2310 2885 2326; x_wconf 87' lang='grc'><strong>·</strong></span> <span class='ocrx_word' id='word_1_585' title='bbox 2917 2315 2935 2348; x_wconf 81' lang='grc' dir='ltr'><strong>ι</strong></span> <span class='ocrx_word' id='word_1_586' title='bbox 2976 2294 3347 2365; x_wconf 76' lang='grc' dir='ltr'>Πορευθέντες</span> <span class='ocrx_word' id='word_1_587' title='bbox 3394 2296 3473 2359; x_wconf 87' lang='grc' dir='ltr'><strong>είς</strong></span> <span class='ocrx_word' id='word_1_588' title='bbox 3500 2297 3591 2349; x_wconf 62' lang='grc' dir='ltr'>τὶν</span> <span class='ocrx_word' id='word_1_589' title='bbox 3631 2298 3724 2350; x_wconf 83' lang='grc' dir='ltr'><strong>κό-</strong></span> 
     </span>
    </p>
   </div>
   <div class='ocr_carea' id='block_1_77' title="bbox 2149 2387 3721 2465">
    <p class='ocr_par' dir='ltr' id='par_1_77' title="bbox 2149 2387 3721 2465">
     <span class='ocr_line' id='line_1_77' title="bbox 2149 2387 3721 2465; baseline -0.001 -21"><span class='ocrx_word' id='word_1_590' title='bbox 2149 2407 2285 2461; x_wconf 88' lang='grc' dir='ltr'>σμον</span> <span class='ocrx_word' id='word_1_591' title='bbox 2335 2389 2569 2456; x_wconf 70' lang='grc' dir='ltr'>ἃπαντα,</span> <span class='ocrx_word' id='word_1_592' title='bbox 2621 2387 2915 2459; x_wconf 54' lang='grc' dir='ltr'>κηρύξατε</span> <span class='ocrx_word' id='word_1_593' title='bbox 2946 2388 3005 2441; x_wconf 81' lang='lat' dir='ltr'><strong>r6</strong></span> <span class='ocrx_word' id='word_1_594' title='bbox 3058 2388 3392 2465; x_wconf 80' lang='grc' dir='ltr'>Εὑαγγέλιον</span> <span class='ocrx_word' id='word_1_595' title='bbox 3452 2391 3601 2461; x_wconf 71' lang='grc' dir='ltr'>πάσῃ</span> <span class='ocrx_word' id='word_1_596' title='bbox 3653 2390 3721 2462; x_wconf 76' lang='grc' dir='ltr'>τῇ</span> 
     </span>
    </p>
   </div>
   <div class='ocr_carea' id='block_1_78' title="bbox 2147 2478 3725 2552">
    <p class='ocr_par' dir='ltr' id='par_1_78' title="bbox 2147 2478 3725 2552">
     <span class='ocr_line' id='line_1_78' title="bbox 2147 2478 3725 2552; baseline 0 -17"><span class='ocrx_word' id='word_1_597' title='bbox 2147 2481 2388 2535; x_wconf 86' lang='grc' dir='ltr'>κτίσειί</span> <span class='ocrx_word' id='word_1_598' title='bbox 2422 2482 2534 2547; x_wconf 74' lang='grc' dir='ltr'>καὶ,</span> <span class='ocrx_word' id='word_1_599' title='bbox 2567 2498 2586 2532; x_wconf 78' lang='grc' dir='ltr'><strong>ι</strong></span> <span class='ocrx_word' id='word_1_600' title='bbox 2617 2480 3012 2550; x_wconf 81' lang='grc' dir='ltr'>Μαθητεύσατε</span> <span class='ocrx_word' id='word_1_601' title='bbox 3046 2482 3221 2535; x_wconf 87' lang='grc' dir='ltr'>πάντα</span> <span class='ocrx_word' id='word_1_602' title='bbox 3248 2480 3315 2533; x_wconf 82' lang='grc' dir='ltr'><strong>τά</strong></span> <span class='ocrx_word' id='word_1_603' title='bbox 3345 2478 3496 2548; x_wconf 84' lang='grc' dir='ltr'>έθνη.</span> <span class='ocrx_word' id='word_1_604' title='bbox 3530 2481 3725 2552; x_wconf 85' lang='grc' dir='ltr'>βαπτί-</span> 
     </span>
    </p>
   </div>
   <div class='ocr_carea' id='block_1_79' title="bbox 2149 2570 3723 2644">
    <p class='ocr_par' dir='ltr' id='par_1_79' title="bbox 2149 2570 3723 2644">
     <span class='ocr_line' id='line_1_79' title="bbox 2149 2570 3723 2644; baseline 0.002 -20"><span class='ocrx_word' id='word_1_605' title='bbox 2149 2573 2334 2636; x_wconf 81' lang='grc' dir='ltr'>ζοντες</span> <span class='ocrx_word' id='word_1_606' title='bbox 2385 2572 2583 2634; x_wconf 77' lang='grc' dir='ltr'>αὐτοὺς</span> <span class='ocrx_word' id='word_1_607' title='bbox 2653 2575 2732 2637; x_wconf 87' lang='grc' dir='ltr'><strong>είς</strong></span> <span class='ocrx_word' id='word_1_608' title='bbox 2764 2574 2827 2626; x_wconf 82' lang='lat' dir='ltr'><strong>r6</strong></span> <span class='ocrx_word' id='word_1_609' title='bbox 2858 2572 3028 2641; x_wconf 79' lang='grc' dir='ltr'>ὄνομα</span> <span class='ocrx_word' id='word_1_610' title='bbox 3071 2570 3166 2625; x_wconf 80' lang='grc' dir='ltr'><strong>τοῦ</strong></span> <span class='ocrx_word' id='word_1_611' title='bbox 3225 2572 3440 2644; x_wconf 63' lang='grc' dir='ltr'>Πατρὶς</span> <span class='ocrx_word' id='word_1_612' title='bbox 3482 2573 3578 2626; x_wconf 71' lang='grc' dir='ltr'>καὶ</span> <span class='ocrx_word' id='word_1_613' title='bbox 3629 2572 3723 2627; x_wconf 82' lang='grc' dir='ltr'><strong>τοῦ</strong></span> 
     </span>
    </p>
   </div>
   <div class='ocr_carea' id='block_1_80' title="bbox 2150 2661 3722 2734">
    <p class='ocr_par' dir='ltr' id='par_1_80' title="bbox 2150 2661 3722 2734">
     <span class='ocr_line' id='line_1_80' title="bbox 2150 2661 3722 2734; baseline 0.003 -20"><span class='ocrx_word' id='word_1_614' title='bbox 2150 2661 2280 2714; x_wconf 85' lang='grc' dir='ltr'>Υίοῦ</span> <span class='ocrx_word' id='word_1_615' title='bbox 2331 2664 2425 2717; x_wconf 68' lang='grc' dir='ltr'>καὶ</span> <span class='ocrx_word' id='word_1_616' title='bbox 2456 2661 2551 2715; x_wconf 82' lang='grc' dir='ltr'>τοῦ</span> <span class='ocrx_word' id='word_1_617' title='bbox 2595 2663 2751 2731; x_wconf 80' lang='grc' dir='ltr'>ἁγίου</span> <span class='ocrx_word' id='word_1_618' title='bbox 2781 2663 3120 2734; x_wconf 81' lang='grc' dir='ltr'>Πνεύματος,</span> <span class='ocrx_word' id='word_1_619' title='bbox 3153 2663 3492 2725; x_wconf 71' lang='grc' dir='ltr'>δδάσκοντες</span> <span class='ocrx_word' id='word_1_620' title='bbox 3524 2664 3722 2728; x_wconf 73' lang='grc' dir='ltr'>αὐτοὺς</span> 
     </span>
    </p>
   </div>
   <div class='ocr_carea' id='block_1_81' title="bbox 2151 2749 3815 2824">
    <p class='ocr_par' dir='ltr' id='par_1_81' title="bbox 2151 2749 3815 2824">
     <span class='ocr_line' id='line_1_81' title="bbox 2151 2749 3815 2824; baseline 0.003 -22"><span class='ocrx_word' id='word_1_621' title='bbox 2151 2752 2338 2819; x_wconf 84' lang='grc' dir='ltr'>τηρεῖν</span> <span class='ocrx_word' id='word_1_622' title='bbox 2372 2752 2571 2815; x_wconf 76' lang='grc' dir='ltr'>πάντα,</span> <span class='ocrx_word' id='word_1_623' title='bbox 2597 2749 2697 2804; x_wconf 80' lang='grc' dir='ltr'>ὅσα</span> <span class='ocrx_word' id='word_1_624' title='bbox 2727 2751 3084 2821; x_wconf 75' lang='grc' dir='ltr'>ἐνετειλάμην</span> <span class='ocrx_word' id='word_1_625' title='bbox 3113 2750 3296 2820; x_wconf 80' lang='grc' dir='ltr'>ὑμῖν.)</span> <span class='ocrx_word' id='word_1_626' title='bbox 3333 2753 3456 2805; x_wconf 85' lang='grc' dir='ltr'>Ὀτι</span> <span class='ocrx_word' id='word_1_627' title='bbox 3492 2751 3548 2805; x_wconf 88' lang='grc' dir='ltr'><strong>δέ</strong></span> <span class='ocrx_word' id='word_1_628' title='bbox 3570 2752 3726 2807; x_wconf 74' lang='grc' dir='ltr'>τοῦτο</span> <span class='ocrx_word' id='word_1_629' title='bbox 3794 2806 3815 2824; x_wconf 45' lang='grc' dir='ltr'><em>η</em></span> 
     </span>
    </p>
   </div>
   <div class='ocr_carea' id='block_1_82' title="bbox 2151 2843 3730 2915">
    <p class='ocr_par' dir='ltr' id='par_1_82' title="bbox 2151 2843 3730 2915">
     <span class='ocr_line' id='line_1_82' title="bbox 2151 2843 3730 2915; baseline 0.002 -20"><span class='ocrx_word' id='word_1_630' title='bbox 2151 2843 2444 2896; x_wconf 83' lang='grc' dir='ltr'>κελευσθὲν</span> <span class='ocrx_word' id='word_1_631' title='bbox 2477 2845 2556 2906; x_wconf 86' lang='grc' dir='ltr'><strong>είς</strong></span> <span class='ocrx_word' id='word_1_632' title='bbox 2605 2844 2765 2914; x_wconf 76' lang='grc' dir='ltr'>ἔργον</span> <span class='ocrx_word' id='word_1_633' title='bbox 2801 2844 3009 2914; x_wconf 78' lang='grc' dir='ltr'>ήγαγον</span> <span class='ocrx_word' id='word_1_634' title='bbox 3048 2844 3098 2897; x_wconf 76' lang='grc' dir='ltr'><strong>τί</strong></span> <span class='ocrx_word' id='word_1_635' title='bbox 3158 2845 3422 2915; x_wconf 77' lang='grc' dir='ltr'>μαθηταὶ,</span> <span class='ocrx_word' id='word_1_636' title='bbox 3456 2843 3667 2907; x_wconf 85' lang='grc' dir='ltr'>Παῦλος</span> <span class='ocrx_word' id='word_1_637' title='bbox 3700 2845 3730 2898; x_wconf 88' lang='lat'><strong>6</strong></span> 
     </span>
    </p>
   </div>
   <div class='ocr_carea' id='block_1_83' title="bbox 2154 2918 3724 3017">
    <p class='ocr_par' dir='ltr' id='par_1_83' title="bbox 2154 2918 3724 3017">
     <span class='ocr_line' id='line_1_83' title="bbox 2154 2918 3724 3017; baseline 0 -29"><span class='ocrx_word' id='word_1_638' title='bbox 2154 2935 2325 3005; x_wconf 81' lang='grc' dir='ltr'>μέγας</span> <span class='ocrx_word' id='word_1_639' title='bbox 2361 2936 2543 2996; x_wconf 76' lang='grc' dir='ltr'>ἱκανὸς</span> <span class='ocrx_word' id='word_1_640' title='bbox 2577 2938 2960 3009; x_wconf 85' lang='grc' dir='ltr'>παραστῆσαι·</span> <span class='ocrx_word' id='word_1_641' title='bbox 3001 2956 3019 2990; x_wconf 76' lang='grc' dir='ltr'><strong>ι</strong></span> <span class='ocrx_word' id='word_1_642' title='bbox 3061 2936 3152 3007; x_wconf 81' lang='grc' dir='ltr'>Μή</span> <span class='ocrx_word' id='word_1_643' title='bbox 3182 2936 3288 3004; x_wconf 87' lang='grc' dir='ltr'>γὰρ</span> <span class='ocrx_word' id='word_1_644' title='bbox 3320 2938 3418 2990; x_wconf 66' lang='grc' dir='ltr'><strong>οῦκ</strong></span> <span class='ocrx_word' id='word_1_645' title='bbox 3438 2918 3724 3017; x_wconf 57' lang='grc' dir='ltr'>λήκουσανς</span> 
     </span>
    </p>
   </div>
   <div class='ocr_carea' id='block_1_84' title="bbox 2153 3025 3732 3098">
    <p class='ocr_par' dir='ltr' id='par_1_84' title="bbox 2153 3025 3732 3098">
     <span class='ocr_line' id='line_1_84' title="bbox 2153 3025 3732 3098; baseline 0.003 -22"><span class='ocrx_word' id='word_1_646' title='bbox 2153 3025 2286 3095; x_wconf 77' lang='grc' dir='ltr'>φησι</span> <span class='ocrx_word' id='word_1_647' title='bbox 2313 3044 2329 3091; x_wconf 85' lang='grc'>;</span> <span class='ocrx_word' id='word_1_648' title='bbox 2360 3025 2636 3094; x_wconf 81' lang='grc' dir='ltr'>Μενοῢνγε</span> <span class='ocrx_word' id='word_1_649' title='bbox 2679 3029 2764 3090; x_wconf 81' lang='grc' dir='ltr'><strong>είς</strong></span> <span class='ocrx_word' id='word_1_650' title='bbox 2815 3028 2995 3081; x_wconf 84' lang='grc' dir='ltr'>πᾶσαν</span> <span class='ocrx_word' id='word_1_651' title='bbox 3023 3026 3125 3097; x_wconf 80' lang='grc' dir='ltr'><strong>τήν</strong></span> <span class='ocrx_word' id='word_1_652' title='bbox 3160 3029 3262 3097; x_wconf 79' lang='grc' dir='ltr'>γῆν</span> <span class='ocrx_word' id='word_1_653' title='bbox 3293 3028 3514 3098; x_wconf 80' lang='grc' dir='ltr'>ἐξῆλθεν</span> <span class='ocrx_word' id='word_1_654' title='bbox 3542 3029 3570 3081; x_wconf 90' lang='lat'><strong>6</strong></span> <span class='ocrx_word' id='word_1_655' title='bbox 3600 3027 3732 3096; x_wconf 76' lang='grc' dir='ltr'>φθόο</span> 
     </span>
    </p>
   </div>
   <div class='ocr_carea' id='block_1_85' title="bbox 2152 3116 3731 3189">
    <p class='ocr_par' dir='ltr' id='par_1_85' title="bbox 2152 3116 3731 3189">
     <span class='ocr_line' id='line_1_85' title="bbox 2152 3116 3731 3189; baseline 0.003 -21"><span class='ocrx_word' id='word_1_656' title='bbox 2152 3132 2246 3184; x_wconf 79' lang='grc' dir='ltr'><strong>γος</strong></span> <span class='ocrx_word' id='word_1_657' title='bbox 2286 3116 2486 3183; x_wconf 59' lang='grc' dir='ltr'>αὐτῶν,</span> <span class='ocrx_word' id='word_1_658' title='bbox 2536 3118 2633 3171; x_wconf 75' lang='grc' dir='ltr'>καὶ</span> <span class='ocrx_word' id='word_1_659' title='bbox 2661 3119 2741 3180; x_wconf 86' lang='grc' dir='ltr'><strong>είς</strong></span> <span class='ocrx_word' id='word_1_660' title='bbox 2798 3118 2867 3171; x_wconf 82' lang='grc' dir='ltr'>τὰ</span> <span class='ocrx_word' id='word_1_661' title='bbox 2910 3119 3126 3189; x_wconf 85' lang='grc' dir='ltr'>πέρατα</span> <span class='ocrx_word' id='word_1_662' title='bbox 3150 3122 3247 3189; x_wconf 80' lang='grc' dir='ltr'>τῆς</span> <span class='ocrx_word' id='word_1_663' title='bbox 3296 3120 3623 3189; x_wconf 74' lang='grc' dir='ltr'>οἰκουμένης</span> <span class='ocrx_word' id='word_1_664' title='bbox 3661 3120 3731 3173; x_wconf 70' lang='grc' dir='ltr'>τὰ</span> 
     </span>
    </p>
   </div>
   <div class='ocr_carea' id='block_1_86' title="bbox 2157 3208 3725 3279">
    <p class='ocr_par' dir='ltr' id='par_1_86' title="bbox 2157 3208 3725 3279">
     <span class='ocr_line' id='line_1_86' title="bbox 2157 3208 3725 3279; baseline 0.001 -17"><span class='ocrx_word' id='word_1_665' title='bbox 2157 3208 2381 3278; x_wconf 80' lang='grc' dir='ltr'>ῥήματα</span> <span class='ocrx_word' id='word_1_666' title='bbox 2437 3208 2639 3275; x_wconf 83' lang='grc' dir='ltr'>αὐτῶν,</span> <span class='ocrx_word' id='word_1_667' title='bbox 2677 3227 2695 3261; x_wconf 77' lang='grc' dir='ltr'><strong>ι</strong></span> <span class='ocrx_word' id='word_1_668' title='bbox 2732 3208 2975 3279; x_wconf 87' lang='grc' dir='ltr'>δηλονότι</span> <span class='ocrx_word' id='word_1_669' title='bbox 3035 3210 3146 3264; x_wconf 84' lang='grc' dir='ltr'><strong>τῶν</strong></span> <span class='ocrx_word' id='word_1_670' title='bbox 3176 3211 3530 3274; x_wconf 77' lang='grc' dir='ltr'>ἀποστόλων,</span> <span class='ocrx_word' id='word_1_671' title='bbox 3582 3209 3725 3263; x_wconf 79' lang='grc' dir='ltr'>ὥστε</span> 
     </span>
    </p>
   </div>
   <div class='ocr_carea' id='block_1_87' title="bbox 2152 3303 3728 3374">
    <p class='ocr_par' dir='ltr' id='par_1_87' title="bbox 2152 3303 3728 3374">
     <span class='ocr_line' id='line_1_87' title="bbox 2152 3303 3728 3374; baseline 0.001 -19"><span class='ocrx_word' id='word_1_672' title='bbox 2152 3305 2356 3366; x_wconf 84' lang='grc' dir='ltr'>πάντες</span> <span class='ocrx_word' id='word_1_673' title='bbox 2387 3303 2722 3374; x_wconf 79' lang='grc' dir='ltr'>ἐκλήθησαν,</span> <span class='ocrx_word' id='word_1_674' title='bbox 2762 3304 2858 3356; x_wconf 71' lang='grc' dir='ltr'>καὶ</span> <span class='ocrx_word' id='word_1_675' title='bbox 2887 3303 3112 3366; x_wconf 80' lang='grc' dir='ltr'>δικαίως</span> <span class='ocrx_word' id='word_1_676' title='bbox 3149 3305 3199 3357; x_wconf 88' lang='grc' dir='ltr'>οἱ</span> <span class='ocrx_word' id='word_1_677' title='bbox 3233 3305 3309 3374; x_wconf 83' lang='grc' dir='ltr'>μὴ</span> <span class='ocrx_word' id='word_1_678' title='bbox 3336 3304 3728 3374; x_wconf 81' lang='grc' dir='ltr'>προσελθόντες</span> 
     </span>
    </p>
   </div>
   <div class='ocr_carea' id='block_1_88' title="bbox 2136 3390 3729 3466">
    <p class='ocr_par' dir='ltr' id='par_1_88' title="bbox 2136 3390 3729 3466">
     <span class='ocr_line' id='line_1_88' title="bbox 2136 3390 3729 3466; baseline 0.003 -21"><span class='ocrx_word' id='word_1_679' title='bbox 2136 3396 2218 3465; x_wconf 72' lang='grc' dir='ltr'><strong>Δτῇ</strong></span> <span class='ocrx_word' id='word_1_680' title='bbox 2253 3393 2434 3447; x_wconf 81' lang='grc' dir='ltr'>πίστει</span> <span class='ocrx_word' id='word_1_681' title='bbox 2466 3394 2916 3466; x_wconf 85' lang='grc' dir='ltr'>κολασθήσονται.</span> <span class='ocrx_word' id='word_1_682' title='bbox 2945 3395 3066 3458; x_wconf 89' lang='grc' dir='ltr'><strong>Πῶς</strong></span> <span class='ocrx_word' id='word_1_683' title='bbox 3094 3390 3190 3449; x_wconf 80' lang='grc' dir='ltr'>οὖν</span> <span class='ocrx_word' id='word_1_684' title='bbox 3218 3397 3247 3448; x_wconf 90' lang='lat'><strong>6</strong></span> <span class='ocrx_word' id='word_1_685' title='bbox 3271 3395 3475 3465; x_wconf 76' lang='grc' dir='ltr'>Κύριος</span> <span class='ocrx_word' id='word_1_686' title='bbox 3496 3395 3557 3447; x_wconf 79' lang='grc' dir='ltr'>οὐ</span> <span class='ocrx_word' id='word_1_687' title='bbox 3592 3397 3729 3450; x_wconf 81' lang='grc' dir='ltr'>πάν-</span> 
     </span>
    </p>
   </div>
   <div class='ocr_carea' id='block_1_89' title="bbox 2151 3480 3730 3558">
    <p class='ocr_par' dir='ltr' id='par_1_89' title="bbox 2151 3480 3730 3558">
     <span class='ocr_line' id='line_1_89' title="bbox 2151 3480 3730 3558; baseline 0.003 -21"><span class='ocrx_word' id='word_1_688' title='bbox 2151 3500 2245 3548; x_wconf 75' lang='grc' dir='ltr'><strong>τες</strong></span> <span class='ocrx_word' id='word_1_689' title='bbox 2270 3480 2444 3552; x_wconf 74' lang='grc' dir='ltr'>εἴπεν,</span> <span class='ocrx_word' id='word_1_690' title='bbox 2477 3485 2612 3539; x_wconf 89' lang='grc' dir='ltr'><strong>ἀλλά</strong></span> <span class='ocrx_word' id='word_1_691' title='bbox 2636 3504 2654 3538; x_wconf 78' lang='grc' dir='ltr'><strong>ι</strong></span> <span class='ocrx_word' id='word_1_692' title='bbox 2685 3487 2875 3540; x_wconf 85' lang='grc' dir='ltr'>Πολλοί</span> <span class='ocrx_word' id='word_1_693' title='bbox 2896 3488 3002 3539; x_wconf 84' lang='grc' dir='ltr'>είσι</span> <span class='ocrx_word' id='word_1_694' title='bbox 3020 3487 3207 3558; x_wconf 86' lang='grc' dir='ltr'>κλητοί</span> <span class='ocrx_word' id='word_1_695' title='bbox 3230 3505 3243 3552; x_wconf 88' lang='grc'>;</span> <span class='ocrx_word' id='word_1_696' title='bbox 3277 3505 3297 3538; x_wconf 78' lang='grc' dir='ltr'><strong>ι</strong></span> <span class='ocrx_word' id='word_1_697' title='bbox 3316 3487 3437 3540; x_wconf 78' lang='grc' dir='ltr'>’Ότι</span> <span class='ocrx_word' id='word_1_698' title='bbox 3463 3488 3592 3557; x_wconf 73' lang='grc' dir='ltr'>περὶ</span> <span class='ocrx_word' id='word_1_699' title='bbox 3620 3488 3730 3541; x_wconf 86' lang='grc' dir='ltr'><strong>τῶν</strong></span> 
     </span>
    </p>
   </div>
   <div class='ocr_carea' id='block_1_90' title="bbox 2157 3577 3736 3650">
    <p class='ocr_par' dir='ltr' id='par_1_90' title="bbox 2157 3577 3736 3650">
     <span class='ocr_line' id='line_1_90' title="bbox 2157 3577 3736 3650; baseline 0.004 -22"><span class='ocrx_word' id='word_1_700' title='bbox 2157 3577 2578 3646; x_wconf 80' lang='grc' dir='ltr'>προσελθόντων</span> <span class='ocrx_word' id='word_1_701' title='bbox 2614 3577 2710 3631; x_wconf 78' lang='grc' dir='ltr'>νῦν</span> <span class='ocrx_word' id='word_1_702' title='bbox 2758 3581 2785 3631; x_wconf 91' lang='lat'><strong>6</strong></span> <span class='ocrx_word' id='word_1_703' title='bbox 2813 3579 2968 3648; x_wconf 85' lang='grc' dir='ltr'>λόγος</span> <span class='ocrx_word' id='word_1_704' title='bbox 3019 3579 3169 3650; x_wconf 81' lang='grc' dir='ltr'>αὐτῷ</span> <span class='ocrx_word' id='word_1_705' title='bbox 3197 3595 3211 3611; x_wconf 88' lang='grc'><strong>·</strong></span> <span class='ocrx_word' id='word_1_706' title='bbox 3243 3578 3323 3633; x_wconf 84' lang='grc' dir='ltr'><strong>διδ</strong></span> <span class='ocrx_word' id='word_1_707' title='bbox 3358 3581 3454 3634; x_wconf 79' lang='grc' dir='ltr'>καὶ</span> <span class='ocrx_word' id='word_1_708' title='bbox 3506 3578 3736 3649; x_wconf 77' lang='grc' dir='ltr'>ὕστερον</span> 
     </span>
    </p>
   </div>
   <div class='ocr_carea' id='block_1_91' title="bbox 2162 3668 3737 3743">
    <p class='ocr_par' dir='ltr' id='par_1_91' title="bbox 2162 3668 3737 3743">
     <span class='ocr_line' id='line_1_91' title="bbox 2162 3668 3737 3743; baseline 0.004 -22"><span class='ocrx_word' id='word_1_709' title='bbox 2162 3668 2300 3738; x_wconf 86' lang='grc' dir='ltr'>μετὰ</span> <span class='ocrx_word' id='word_1_710' title='bbox 2329 3668 2427 3740; x_wconf 71' lang='grc' dir='ltr'>τὴν</span> <span class='ocrx_word' id='word_1_711' title='bbox 2448 3670 2767 3743; x_wconf 78' lang='grc' dir='ltr'>παραϐολήν</span> <span class='ocrx_word' id='word_1_712' title='bbox 2787 3670 2945 3725; x_wconf 80' lang='grc' dir='ltr'>τοῦτο</span> <span class='ocrx_word' id='word_1_713' title='bbox 2967 3672 3215 3724; x_wconf 76' lang='grc' dir='ltr'>τέθεικεν</span> <span class='ocrx_word' id='word_1_714' title='bbox 3238 3671 3347 3726; x_wconf 83' lang='grc' dir='ltr'><strong>’.ἂν</strong></span> <span class='ocrx_word' id='word_1_715' title='bbox 3375 3672 3446 3739; x_wconf 80' lang='grc' dir='ltr'><strong>γά</strong></span> <span class='ocrx_word' id='word_1_716' title='bbox 3456 3689 3485 3742; x_wconf 88' lang='grc' dir='ltr'><strong>ρ</strong></span> <span class='ocrx_word' id='word_1_717' title='bbox 3512 3670 3737 3743; x_wconf 70' lang='grc' dir='ltr'>κληθεὶς</span> 
     </span>
    </p>
   </div>
   <div class='ocr_carea' id='block_1_92' title="bbox 2160 3762 3736 3837">
    <p class='ocr_par' dir='ltr' id='par_1_92' title="bbox 2160 3762 3736 3837">
     <span class='ocr_line' id='line_1_92' title="bbox 2160 3762 3736 3837; baseline 0.003 -22"><span class='ocrx_word' id='word_1_718' title='bbox 2160 3762 2447 3836; x_wconf 75' lang='grc' dir='ltr'>ὑπακούσῃ</span> <span class='ocrx_word' id='word_1_719' title='bbox 2481 3782 2564 3828; x_wconf 87' lang='grc' dir='ltr'><strong>τις</strong></span> <span class='ocrx_word' id='word_1_720' title='bbox 2608 3767 2674 3835; x_wconf 83' lang='grc' dir='ltr'><strong>τῇ</strong></span> <span class='ocrx_word' id='word_1_721' title='bbox 2715 3764 2929 3837; x_wconf 85' lang='grc' dir='ltr'>κλήσει,</span> <span class='ocrx_word' id='word_1_722' title='bbox 2963 3766 3058 3819; x_wconf 78' lang='grc' dir='ltr'>καὶ</span> <span class='ocrx_word' id='word_1_723' title='bbox 3092 3765 3413 3837; x_wconf 75' lang='grc' dir='ltr'>βαπτισθεὶς</span> <span class='ocrx_word' id='word_1_724' title='bbox 3456 3765 3565 3819; x_wconf 78' lang='grc' dir='ltr'><strong>ἀπὸ</strong></span> <span class='ocrx_word' id='word_1_725' title='bbox 3596 3768 3736 3837; x_wconf 85' lang='grc' dir='ltr'>Χρι-</span> 
     </span>
    </p>
   </div>
   <div class='ocr_carea' id='block_1_93' title="bbox 2160 3855 3734 3930">
    <p class='ocr_par' dir='ltr' id='par_1_93' title="bbox 2160 3855 3734 3930">
     <span class='ocr_line' id='line_1_93' title="bbox 2160 3855 3734 3930; baseline 0.004 -21"><span class='ocrx_word' id='word_1_726' title='bbox 2160 3855 2287 3909; x_wconf 81' lang='grc' dir='ltr'>στοῦ</span> <span class='ocrx_word' id='word_1_727' title='bbox 2323 3858 2519 3929; x_wconf 79' lang='grc' dir='ltr'>κληθῇ,</span> <span class='ocrx_word' id='word_1_728' title='bbox 2557 3859 2631 3930; x_wconf 82' lang='grc' dir='ltr'>μὴ</span> <span class='ocrx_word' id='word_1_729' title='bbox 2659 3858 2823 3923; x_wconf 80' lang='grc' dir='ltr'>ἀξίως</span> <span class='ocrx_word' id='word_1_730' title='bbox 2860 3858 2918 3913; x_wconf 83' lang='grc' dir='ltr'><strong>δέ</strong></span> <span class='ocrx_word' id='word_1_731' title='bbox 2950 3860 3051 3928; x_wconf 82' lang='grc' dir='ltr'>τῆς</span> <span class='ocrx_word' id='word_1_732' title='bbox 3081 3859 3326 3929; x_wconf 83' lang='grc' dir='ltr'>κλήσεως</span> <span class='ocrx_word' id='word_1_733' title='bbox 3358 3860 3734 3930; x_wconf 73' lang='grc' dir='ltr'>περιπατήσῃ,</span> 
     </span>
    </p>
   </div>
   <div class='ocr_carea' id='block_1_94' title="bbox 2166 3950 3737 4024">
    <p class='ocr_par' dir='ltr' id='par_1_94' title="bbox 2166 3950 3737 4024">
     <span class='ocr_line' id='line_1_94' title="bbox 2166 3950 3737 4024; baseline 0.002 -21"><span class='ocrx_word' id='word_1_734' title='bbox 2166 3950 2301 4022; x_wconf 81' lang='grc' dir='ltr'>μηδὲ</span> <span class='ocrx_word' id='word_1_735' title='bbox 2338 3952 2482 4005; x_wconf 81' lang='grc' dir='ltr'><strong>κατά</strong></span> <span class='ocrx_word' id='word_1_736' title='bbox 2522 3952 2756 4024; x_wconf 76' lang='grc' dir='ltr'>Χριστὸν</span> <span class='ocrx_word' id='word_1_737' title='bbox 2780 3953 2931 4024; x_wconf 82' lang='grc' dir='ltr'>βιοὺς</span> <span class='ocrx_word' id='word_1_738' title='bbox 2967 3953 3163 4024; x_wconf 81' lang='grc' dir='ltr'>τελέσῃ</span> <span class='ocrx_word' id='word_1_739' title='bbox 3197 3952 3293 4017; x_wconf 76' lang='grc' dir='ltr'>τὰς</span> <span class='ocrx_word' id='word_1_740' title='bbox 3326 3954 3639 4024; x_wconf 79' lang='grc' dir='ltr'>ὑποσχέσεις</span> <span class='ocrx_word' id='word_1_741' title='bbox 3668 3951 3737 4015; x_wconf 74' lang='grc' dir='ltr'>ἃς</span> 
     </span>
    </p>
   </div>
   <div class='ocr_carea' id='block_1_95' title="bbox 2161 4040 3735 4118">
    <p class='ocr_par' dir='ltr' id='par_1_95' title="bbox 2161 4040 3735 4118">
     <span class='ocr_line' id='line_1_95' title="bbox 2161 4040 3735 4118; baseline 0.004 -23"><span class='ocrx_word' id='word_1_742' title='bbox 2161 4040 2331 4096; x_wconf 76' lang='grc' dir='ltr'>ἔδωκε</span> <span class='ocrx_word' id='word_1_743' title='bbox 2362 4044 2775 4116; x_wconf 79' lang='grc' dir='ltr'>βαπτιζόμενος,</span> <span class='ocrx_word' id='word_1_744' title='bbox 2793 4045 2991 4117; x_wconf 79' lang='grc' dir='ltr'>κλητὸς</span> <span class='ocrx_word' id='word_1_745' title='bbox 3021 4045 3303 4118; x_wconf 26' lang='grc' dir='ltr'>μένθέστιν,</span> <span class='ocrx_word' id='word_1_746' title='bbox 3323 4044 3571 4108; x_wconf 79' lang='grc' dir='ltr'>ἐκλεκτὸς</span> <span class='ocrx_word' id='word_1_747' title='bbox 3589 4044 3735 4101; x_wconf 70' lang='grc' dir='ltr'>δὀὔ.</span> 
     </span>
    </p>
   </div>
   <div class='ocr_carea' id='block_1_96' title="bbox 2248 4135 3741 4209">
    <p class='ocr_par' dir='ltr' id='par_1_96' title="bbox 2248 4135 3741 4209">
     <span class='ocr_line' id='line_1_96' title="bbox 2248 4135 3741 4209; baseline 0.003 -22"><span class='ocrx_word' id='word_1_748' title='bbox 2248 4135 2412 4188; x_wconf 83' lang='grc' dir='ltr'>Ἀλλὰ</span> <span class='ocrx_word' id='word_1_749' title='bbox 2461 4137 2557 4189; x_wconf 67' lang='grc' dir='ltr'>καὶ</span> <span class='ocrx_word' id='word_1_750' title='bbox 2596 4135 2754 4189; x_wconf 81' lang='grc' dir='ltr'>τοῦτο</span> <span class='ocrx_word' id='word_1_751' title='bbox 2794 4137 3065 4206; x_wconf 84' lang='grc' dir='ltr'>ἀποροῦσί</span> <span class='ocrx_word' id='word_1_752' title='bbox 3096 4155 3263 4203; x_wconf 83' lang='grc' dir='ltr'>τινες,</span> <span class='ocrx_word' id='word_1_753' title='bbox 3302 4137 3504 4209; x_wconf 82' lang='grc' dir='ltr'>μᾶλλον</span> <span class='ocrx_word' id='word_1_754' title='bbox 3537 4137 3594 4191; x_wconf 85' lang='grc' dir='ltr'>δὲ</span> <span class='ocrx_word' id='word_1_755' title='bbox 3641 4139 3741 4192; x_wconf 80' lang='grc' dir='ltr'>καὶ</span> 
     </span>
    </p>
   </div>
   <div class='ocr_carea' id='block_1_97' title="bbox 2162 4224 3737 4300">
    <p class='ocr_par' dir='ltr' id='par_1_97' title="bbox 2162 4224 3737 4300">
     <span class='ocr_line' id='line_1_97' title="bbox 2162 4224 3737 4300; baseline 0.001 -23"><span class='ocrx_word' id='word_1_756' title='bbox 2162 4224 2489 4293; x_wconf 80' lang='grc' dir='ltr'>ἐγκαλοῦσιν</span> <span class='ocrx_word' id='word_1_757' title='bbox 2518 4227 2568 4280; x_wconf 78' lang='grc' dir='ltr'>οἱ</span> <span class='ocrx_word' id='word_1_758' title='bbox 2608 4227 2681 4296; x_wconf 81' lang='grc' dir='ltr'>γῆ</span> <span class='ocrx_word' id='word_1_759' title='bbox 2710 4229 2807 4281; x_wconf 72' lang='grc' dir='ltr'><strong>καὶ</strong></span> <span class='ocrx_word' id='word_1_760' title='bbox 2837 4228 3005 4295; x_wconf 69' lang='grc' dir='ltr'>πηλὸς</span> <span class='ocrx_word' id='word_1_761' title='bbox 3034 4228 3185 4293; x_wconf 72' lang='grc' dir='ltr'>ὄντες</span> <span class='ocrx_word' id='word_1_762' title='bbox 3213 4228 3292 4300; x_wconf 82' lang='grc' dir='ltr'><strong>τῷ</strong></span> <span class='ocrx_word' id='word_1_763' title='bbox 3318 4228 3695 4300; x_wconf 63' lang='grc' dir='ltr'>ὑπερουραιίῳ</span> <span class='ocrx_word' id='word_1_764' title='bbox 3723 4270 3737 4294; x_wconf 88' lang='grc'><strong>,</strong></span> 
     </span>
    </p>
   </div>
   <div class='ocr_carea' id='block_1_98' title="bbox 2162 4308 3741 4393">
    <p class='ocr_par' dir='ltr' id='par_1_98' title="bbox 2162 4308 3741 4393">
     <span class='ocr_line' id='line_1_98' title="bbox 2162 4308 3741 4393; baseline 0.003 -24"><span class='ocrx_word' id='word_1_765' title='bbox 2162 4318 2210 4370; x_wconf 82' lang='grc' dir='ltr'>οἱ</span> <span class='ocrx_word' id='word_1_766' title='bbox 2256 4318 2431 4387; x_wconf 68' lang='grc' dir='ltr'>χθιζοὶ</span> <span class='ocrx_word' id='word_1_767' title='bbox 2479 4317 2556 4389; x_wconf 80' lang='grc' dir='ltr'><strong>τῷ</strong></span> <span class='ocrx_word' id='word_1_768' title='bbox 2594 4308 2927 4393; x_wconf 81' lang='grc' dir='ltr'>προαιωνίῳ.</span> <span class='ocrx_word' id='word_1_769' title='bbox 2964 4322 3030 4374; x_wconf 83' lang='grc' dir='ltr'>Τί</span> <span class='ocrx_word' id='word_1_770' title='bbox 3062 4320 3171 4390; x_wconf 84' lang='grc' dir='ltr'><strong>γὰρ</strong></span> <span class='ocrx_word' id='word_1_771' title='bbox 3206 4322 3447 4386; x_wconf 76' lang='grc' dir='ltr'>ἐκάλεσε,</span> <span class='ocrx_word' id='word_1_772' title='bbox 3490 4324 3675 4390; x_wconf 68' lang='grc' dir='ltr'>φασὶν,</span> <span class='ocrx_word' id='word_1_773' title='bbox 3712 4324 3741 4374; x_wconf 93' lang='lat'><strong>6</strong></span> 
     </span>
    </p>
   </div>
   <div class='ocr_carea' id='block_1_99' title="bbox 2163 4407 3742 4485">
    <p class='ocr_par' dir='ltr' id='par_1_99' title="bbox 2163 4407 3742 4485">
     <span class='ocr_line' id='line_1_99' title="bbox 2163 4407 3742 4485; baseline 0.004 -25"><span class='ocrx_word' id='word_1_774' title='bbox 2163 4407 2296 4471; x_wconf 86' lang='grc' dir='ltr'>Θεὸς</span> <span class='ocrx_word' id='word_1_775' title='bbox 2320 4408 2476 4472; x_wconf 76' lang='grc' dir='ltr'>εἰδὼς</span> <span class='ocrx_word' id='word_1_776' title='bbox 2499 4411 2624 4473; x_wconf 79' lang='grc' dir='ltr'>τοὺς</span> <span class='ocrx_word' id='word_1_777' title='bbox 2652 4410 2940 4483; x_wconf 84' lang='grc' dir='ltr'>μηδαμῶς,</span> <span class='ocrx_word' id='word_1_778' title='bbox 2966 4412 2998 4484; x_wconf 84' lang='grc' dir='ltr'>ἢ</span> <span class='ocrx_word' id='word_1_779' title='bbox 3025 4416 3099 4485; x_wconf 82' lang='grc' dir='ltr'>μὴ</span> <span class='ocrx_word' id='word_1_780' title='bbox 3119 4415 3187 4468; x_wconf 87' lang='grc' dir='ltr'><strong>δι’</strong></span> <span class='ocrx_word' id='word_1_781' title='bbox 3209 4414 3386 4484; x_wconf 75' lang='grc' dir='ltr'>ἔργων</span> <span class='ocrx_word' id='word_1_782' title='bbox 3407 4413 3742 4467; x_wconf 75' lang='grc' dir='ltr'>ὑπακούσον-</span> 
     </span>
    </p>
   </div>
   <div class='ocr_carea' id='block_1_100' title="bbox 2164 4500 3739 4574">
    <p class='ocr_par' dir='ltr' id='par_1_100' title="bbox 2164 4500 3739 4574">
     <span class='ocr_line' id='line_1_100' title="bbox 2164 4500 3739 4574; baseline 0.003 -22"><span class='ocrx_word' id='word_1_783' title='bbox 2164 4515 2299 4563; x_wconf 77' lang='grc' dir='ltr'>ταςς</span> <span class='ocrx_word' id='word_1_784' title='bbox 2328 4500 2393 4553; x_wconf 90' lang='grc' dir='ltr'>Τί</span> <span class='ocrx_word' id='word_1_785' title='bbox 2431 4501 2487 4553; x_wconf 83' lang='grc' dir='ltr'><strong>δέ</strong></span> <span class='ocrx_word' id='word_1_786' title='bbox 2518 4503 2611 4556; x_wconf 78' lang='grc' dir='ltr'>καὶ</span> <span class='ocrx_word' id='word_1_787' title='bbox 2639 4503 2777 4567; x_wconf 82' lang='grc' dir='ltr'>ὅλως</span> <span class='ocrx_word' id='word_1_788' title='bbox 2806 4504 3034 4574; x_wconf 85' lang='grc' dir='ltr'>ἐποίησε</span> <span class='ocrx_word' id='word_1_789' title='bbox 3066 4507 3193 4568; x_wconf 74' lang='grc' dir='ltr'>τοὺς</span> <span class='ocrx_word' id='word_1_790' title='bbox 3223 4504 3739 4574; x_wconf 79' lang='grc' dir='ltr'>κολασθησομένους</span> 
     </span>
    </p>
   </div>
   <div class='ocr_carea' id='block_1_101' title="bbox 2166 4591 3745 4666">
    <p class='ocr_par' dir='ltr' id='par_1_101' title="bbox 2166 4591 3745 4666">
     <span class='ocr_line' id='line_1_101' title="bbox 2166 4591 3745 4666; baseline 0.002 -22"><span class='ocrx_word' id='word_1_791' title='bbox 2166 4593 2260 4644; x_wconf 81' lang='grc' dir='ltr'><strong>καὶ</strong></span> <span class='ocrx_word' id='word_1_792' title='bbox 2301 4591 2474 4646; x_wconf 80' lang='grc' dir='ltr'>ταῦτα</span> <span class='ocrx_word' id='word_1_793' title='bbox 2510 4594 2774 4665; x_wconf 85' lang='grc' dir='ltr'>προειδώς</span> <span class='ocrx_word' id='word_1_794' title='bbox 2802 4614 2815 4661; x_wconf 85' lang='grc'><strong>;</strong></span> <span class='ocrx_word' id='word_1_795' title='bbox 2848 4595 2955 4650; x_wconf 81' lang='grc' dir='ltr'>οὐδ’</span> <span class='ocrx_word' id='word_1_796' title='bbox 2994 4598 3175 4650; x_wconf 75' lang='grc' dir='ltr'>ἐκεῖνο</span> <span class='ocrx_word' id='word_1_797' title='bbox 3219 4596 3544 4661; x_wconf 78' lang='grc' dir='ltr'>ἀκούοντες,</span> <span class='ocrx_word' id='word_1_798' title='bbox 3581 4598 3745 4666; x_wconf 77' lang='lat'><strong>231&#39;</strong></span> 
     </span>
    </p>
   </div>
   <div class='ocr_carea' id='block_1_102' title="bbox 2172 4683 3735 4760">
    <p class='ocr_par' dir='ltr' id='par_1_102' title="bbox 2172 4683 3735 4760">
     <span class='ocr_line' id='line_1_102' title="bbox 2172 4683 3735 4760; baseline 0.003 -24"><span class='ocrx_word' id='word_1_799' title='bbox 2172 4701 2191 4735; x_wconf 77' lang='grc' dir='ltr'><strong>ι</strong></span> <span class='ocrx_word' id='word_1_800' title='bbox 2224 4683 2349 4738; x_wconf 80' lang='grc' dir='ltr'>’Ὀτι</span> <span class='ocrx_word' id='word_1_801' title='bbox 2384 4684 2615 4739; x_wconf 85' lang='grc' dir='ltr'>καθόσον</span> <span class='ocrx_word' id='word_1_802' title='bbox 2649 4688 2843 4758; x_wconf 84' lang='grc' dir='ltr'>ἀπέχει</span> <span class='ocrx_word' id='word_1_803' title='bbox 2875 4690 2903 4742; x_wconf 93' lang='lat'><strong>6</strong></span> <span class='ocrx_word' id='word_1_804' title='bbox 2932 4688 3161 4760; x_wconf 82' lang='grc' dir='ltr'>οὐρανὸς</span> <span class='ocrx_word' id='word_1_805' title='bbox 3180 4686 3297 4742; x_wconf 71' lang='grc' dir='ltr'>ἀπὸ</span> <span class='ocrx_word' id='word_1_806' title='bbox 3317 4689 3417 4759; x_wconf 85' lang='grc' dir='ltr'>τῆς</span> <span class='ocrx_word' id='word_1_807' title='bbox 3448 4691 3571 4759; x_wconf 78' lang='grc' dir='ltr'>γῆς,</span> <span class='ocrx_word' id='word_1_808' title='bbox 3602 4692 3735 4742; x_wconf 82' lang='grc' dir='ltr'><strong>κατά</strong></span> 
     </span>
    </p>
   </div>
   <div class='ocr_carea' id='block_1_103' title="bbox 2165 4778 3738 4851">
    <p class='ocr_par' dir='ltr' id='par_1_103' title="bbox 2165 4778 3738 4851">
     <span class='ocr_line' id='line_1_103' title="bbox 2165 4778 3738 4851; baseline 0.003 -21"><span class='ocrx_word' id='word_1_809' title='bbox 2165 4779 2421 4831; x_wconf 84' lang='grc' dir='ltr'>τοσοῦτον</span> <span class='ocrx_word' id='word_1_810' title='bbox 2452 4778 2744 4851; x_wconf 85' lang='grc' dir='ltr'>ἀπέχουσιν</span> <span class='ocrx_word' id='word_1_811' title='bbox 2770 4783 2826 4835; x_wconf 85' lang='grc' dir='ltr'>αἱ</span> <span class='ocrx_word' id='word_1_812' title='bbox 2848 4782 3076 4837; x_wconf 80' lang='grc' dir='ltr'>διάνοιαί</span> <span class='ocrx_word' id='word_1_813' title='bbox 3100 4800 3202 4851; x_wconf 91' lang='grc' dir='ltr'><strong>μου</strong></span> <span class='ocrx_word' id='word_1_814' title='bbox 3231 4782 3337 4836; x_wconf 83' lang='grc' dir='ltr'>ἀπὸ</span> <span class='ocrx_word' id='word_1_815' title='bbox 3357 4783 3465 4846; x_wconf 86' lang='grc' dir='ltr'><strong>τῶν</strong></span> <span class='ocrx_word' id='word_1_816' title='bbox 3491 4783 3738 4838; x_wconf 55' lang='grc' dir='ltr'>διανοιῶν</span> 
     </span>
    </p>
   </div>
   <div class='ocr_carea' id='block_1_104' title="bbox 2164 4869 3740 4944">
    <p class='ocr_par' dir='ltr' id='par_1_104' title="bbox 2164 4869 3740 4944">
     <span class='ocr_line' id='line_1_104' title="bbox 2164 4869 3740 4944; baseline 0.004 -23"><span class='ocrx_word' id='word_1_817' title='bbox 2164 4869 2342 4939; x_wconf 86' lang='grc' dir='ltr'>ὑμῶν,</span> <span class='ocrx_word' id='word_1_818' title='bbox 2375 4871 2523 4939; x_wconf 81' lang='grc' dir='ltr'>λέγει</span> <span class='ocrx_word' id='word_1_819' title='bbox 2556 4873 2757 4942; x_wconf 81' lang='grc' dir='ltr'>Κύριος</span> <span class='ocrx_word' id='word_1_820' title='bbox 2789 4890 2803 4905; x_wconf 79' lang='grc' dir='ltr'><strong>ο</strong></span> <span class='ocrx_word' id='word_1_821' title='bbox 2844 4893 2863 4926; x_wconf 66' lang='grc' dir='ltr'><strong>ι</strong></span> <span class='ocrx_word' id='word_1_822' title='bbox 2899 4874 3036 4928; x_wconf 76' lang='grc' dir='ltr'>ἀλλὰ</span> <span class='ocrx_word' id='word_1_823' title='bbox 3066 4875 3415 4944; x_wconf 80' lang='grc' dir='ltr'>λογοθετοῦσι</span> <span class='ocrx_word' id='word_1_824' title='bbox 3455 4878 3551 4930; x_wconf 80' lang='grc' dir='ltr'>καὶ</span> <span class='ocrx_word' id='word_1_825' title='bbox 3582 4878 3740 4944; x_wconf 86' lang='grc' dir='ltr'>λογο-</span> 
     </span>
    </p>
   </div>
   <div class='ocr_carea' id='block_1_105' title="bbox 2170 4960 3741 5039">
    <p class='ocr_par' dir='ltr' id='par_1_105' title="bbox 2170 4960 3741 5039">
     <span class='ocr_line' id='line_1_105' title="bbox 2170 4960 3741 5039; baseline 0.004 -26"><span class='ocrx_word' id='word_1_826' title='bbox 2170 4961 2448 5031; x_wconf 81' lang='grc' dir='ltr'>πραγοῦσι</span> <span class='ocrx_word' id='word_1_827' title='bbox 2475 4964 2565 5018; x_wconf 81' lang='grc' dir='ltr'>τὸν</span> <span class='ocrx_word' id='word_1_828' title='bbox 2593 4966 2974 5037; x_wconf 84' lang='grc' dir='ltr'>ἀπερινόητον.</span> <span class='ocrx_word' id='word_1_829' title='bbox 3009 4960 3182 5020; x_wconf 68' lang='grc' dir='ltr'>Πόσον</span> <span class='ocrx_word' id='word_1_830' title='bbox 3212 4969 3373 5038; x_wconf 80' lang='grc' dir='ltr'>ἡμεῖς</span> <span class='ocrx_word' id='word_1_831' title='bbox 3407 4968 3741 5039; x_wconf 61' lang='grc' dir='ltr'>διαφέρομεν</span> 
     </span>
    </p>
   </div>
   <div class='ocr_carea' id='block_1_106' title="bbox 2170 5056 3740 5130">
    <p class='ocr_par' dir='ltr' id='par_1_106' title="bbox 2170 5056 3740 5130">
     <span class='ocr_line' id='line_1_106' title="bbox 2170 5056 3740 5130; baseline 0.004 -24"><span class='ocrx_word' id='word_1_832' title='bbox 2170 5056 2528 5126; x_wconf 71' lang='grc' dir='ltr'>μυρμήκων;</span> <span class='ocrx_word' id='word_1_833' title='bbox 2573 5059 2687 5111; x_wconf 87' lang='grc' dir='ltr'><strong>Οὐκ</strong></span> <span class='ocrx_word' id='word_1_834' title='bbox 2732 5058 2841 5113; x_wconf 72' lang='grc' dir='ltr'>ἀπὸ</span> <span class='ocrx_word' id='word_1_835' title='bbox 2890 5058 2998 5116; x_wconf 83' lang='grc' dir='ltr'><strong>τῶν</strong></span> <span class='ocrx_word' id='word_1_836' title='bbox 3037 5060 3216 5113; x_wconf 73' lang='grc' dir='ltr'>αὐτῶν</span> <span class='ocrx_word' id='word_1_837' title='bbox 3263 5061 3462 5130; x_wconf 67' lang='grc' dir='ltr'>ἔχομεν</span> <span class='ocrx_word' id='word_1_838' title='bbox 3513 5060 3575 5113; x_wconf 82' lang='grc' dir='ltr'>τὸ</span> <span class='ocrx_word' id='word_1_839' title='bbox 3602 5059 3740 5129; x_wconf 83' lang='grc' dir='ltr'>,καθ’</span> 
     </span>
    </p>
   </div>
   <div class='ocr_carea' id='block_1_107' title="bbox 2165 5145 3740 5220">
    <p class='ocr_par' dir='ltr' id='par_1_107' title="bbox 2165 5145 3740 5220">
     <span class='ocr_line' id='line_1_107' title="bbox 2165 5145 3740 5220; baseline 0.003 -21"><span class='ocrx_word' id='word_1_840' title='bbox 2165 5148 2312 5216; x_wconf 77' lang='grc' dir='ltr'>ἡμᾶς</span> <span class='ocrx_word' id='word_1_841' title='bbox 2354 5146 2583 5218; x_wconf 84' lang='grc' dir='ltr'>φύραμα</span> <span class='ocrx_word' id='word_1_842' title='bbox 2616 5148 2795 5216; x_wconf 82' lang='grc' dir='ltr'>τοῦτο,</span> <span class='ocrx_word' id='word_1_843' title='bbox 2833 5149 2895 5203; x_wconf 82' lang='grc' dir='ltr'>τὸ</span> <span class='ocrx_word' id='word_1_844' title='bbox 2945 5150 3106 5220; x_wconf 86' lang='grc' dir='ltr'>σῶμα</span> <span class='ocrx_word' id='word_1_845' title='bbox 3134 5145 3276 5220; x_wconf 80' lang='grc' dir='ltr'>λέγω</span> <span class='ocrx_word' id='word_1_846' title='bbox 3303 5168 3318 5219; x_wconf 86' lang='grc'>;</span> <span class='ocrx_word' id='word_1_847' title='bbox 3351 5153 3468 5205; x_wconf 86' lang='grc' dir='ltr'><strong>Οὐκ</strong></span> <span class='ocrx_word' id='word_1_848' title='bbox 3499 5152 3607 5204; x_wconf 81' lang='grc' dir='ltr'>ἀπὸ</span> <span class='ocrx_word' id='word_1_849' title='bbox 3631 5154 3740 5203; x_wconf 87' lang='grc' dir='ltr'><strong>τῶν</strong></span> 
     </span>
    </p>
   </div>
   <div class='ocr_carea' id='block_1_108' title="bbox 2161 5236 3737 5315">
    <p class='ocr_par' dir='ltr' id='par_1_108' title="bbox 2161 5236 3737 5315">
     <span class='ocr_line' id='line_1_108' title="bbox 2161 5236 3737 5315; baseline 0.006 -27"><span class='ocrx_word' id='word_1_850' title='bbox 2161 5236 2340 5291; x_wconf 83' lang='grc' dir='ltr'>αὑτῶν</span> <span class='ocrx_word' id='word_1_851' title='bbox 2367 5241 2714 5309; x_wconf 86' lang='grc' dir='ltr'>τρεφόμεθα;</span> <span class='ocrx_word' id='word_1_852' title='bbox 2738 5244 2853 5298; x_wconf 87' lang='grc' dir='ltr'><strong>Οὐκ</strong></span> <span class='ocrx_word' id='word_1_853' title='bbox 2880 5244 2939 5297; x_wconf 92' lang='grc' dir='ltr'><strong>ἐν</strong></span> <span class='ocrx_word' id='word_1_854' title='bbox 2963 5247 3074 5305; x_wconf 81' lang='grc' dir='ltr'>τοῖς</span> <span class='ocrx_word' id='word_1_855' title='bbox 3105 5244 3290 5309; x_wconf 84' lang='grc' dir='ltr'>αὐτοῖς</span> <span class='ocrx_word' id='word_1_856' title='bbox 3320 5246 3595 5315; x_wconf 79' lang='grc' dir='ltr'>διαζῶμεν</span> <span class='ocrx_word' id='word_1_857' title='bbox 3620 5264 3636 5311; x_wconf 87' lang='lat'><strong>;</strong></span> <span class='ocrx_word' id='word_1_858' title='bbox 3662 5247 3737 5297; x_wconf 71' lang='lat'><strong>05</strong></span> 
     </span>
    </p>
   </div>
   <div class='ocr_carea' id='block_1_109' title="bbox 482 5324 2049 5409">
    <p class='ocr_par' dir='ltr' id='par_1_109' title="bbox 482 5324 2049 5395">
     <span class='ocr_line' id='line_1_109' title="bbox 482 5324 2049 5395; baseline -0.001 -14"><span class='ocrx_word' id='word_1_859' title='bbox 482 5325 624 5381; x_wconf 87' lang='lat' dir='ltr'><strong>Sunt</strong></span> <span class='ocrx_word' id='word_1_860' title='bbox 644 5335 823 5379; x_wconf 87' lang='lat' dir='ltr'><strong>autem</strong></span> <span class='ocrx_word' id='word_1_861' title='bbox 849 5341 913 5380; x_wconf 81' lang='lat' dir='ltr'><strong>ex</strong></span> <span class='ocrx_word' id='word_1_862' title='bbox 940 5325 1061 5380; x_wconf 78' lang='lat' dir='ltr'><strong>iStis</strong></span> <span class='ocrx_word' id='word_1_863' title='bbox 1085 5324 1287 5394; x_wconf 88' lang='lat' dir='ltr'><strong>quibus</strong></span> <span class='ocrx_word' id='word_1_864' title='bbox 1310 5325 1470 5381; x_wconf 89' lang='lat' dir='ltr'><strong>nobis</strong></span> <span class='ocrx_word' id='word_1_865' title='bbox 1496 5336 1756 5395; x_wconf 66' lang='lat' dir='ltr'><strong>pra&#39;stant</strong></span> <span class='ocrx_word' id='word_1_866' title='bbox 1778 5324 2049 5381; x_wconf 77' lang='lat' dir='ltr'><strong>formicaei</strong></span> 
     </span>
    </p>
   </div>
   <div class='ocr_carea' id='block_1_110' title="bbox 2150 5324 3739 5409">
    <p class='ocr_par' dir='ltr' id='par_1_110' title="bbox 2155 5331 3739 5409">
     <span class='ocr_line' id='line_1_110' title="bbox 2155 5331 3739 5409; baseline 0.005 -27"><span class='ocrx_word' id='word_1_867' title='bbox 2155 5332 2277 5392; x_wconf 84' lang='grc' dir='ltr'>ταῖς</span> <span class='ocrx_word' id='word_1_868' title='bbox 2319 5331 2511 5395; x_wconf 80' lang='grc' dir='ltr'>αὐταῖς</span> <span class='ocrx_word' id='word_1_869' title='bbox 2568 5335 2754 5403; x_wconf 84' lang='grc' dir='ltr'>σχεδὸν</span> <span class='ocrx_word' id='word_1_870' title='bbox 2801 5337 3065 5408; x_wconf 85' lang='grc' dir='ltr'>χρώμεθα</span> <span class='ocrx_word' id='word_1_871' title='bbox 3115 5339 3447 5409; x_wconf 85' lang='grc' dir='ltr'>δυνάμεσιν;</span> <span class='ocrx_word' id='word_1_872' title='bbox 3483 5338 3640 5391; x_wconf 81' lang='grc' dir='ltr'>Ἐστι</span> <span class='ocrx_word' id='word_1_873' title='bbox 3681 5337 3739 5391; x_wconf 78' lang='grc' dir='ltr'>δὲ</span> 
     </span>
    </p>
   </div>
   <div class='ocr_carea' id='block_1_111' title="bbox 479 5415 2049 5503">
    <p class='ocr_par' dir='ltr' id='par_1_111' title="bbox 479 5415 2049 5489">
     <span class='ocr_line' id='line_1_111' title="bbox 479 5415 2049 5489; baseline 0.001 -17"><span class='ocrx_word' id='word_1_874' title='bbox 479 5418 654 5485; x_wconf 81' lang='lat' dir='ltr'><strong>magis</strong></span> <span class='ocrx_word' id='word_1_875' title='bbox 706 5417 823 5472; x_wconf 92' lang='lat' dir='ltr'><strong>suis</strong></span> <span class='ocrx_word' id='word_1_876' title='bbox 875 5415 1180 5472; x_wconf 74' lang='lat' dir='ltr'><strong>commodis</strong></span> <span class='ocrx_word' id='word_1_877' title='bbox 1245 5418 1576 5486; x_wconf 88' lang='lat' dir='ltr'><strong>consulunt;</strong></span> <span class='ocrx_word' id='word_1_878' title='bbox 1611 5418 1805 5474; x_wconf 89' lang='lat' dir='ltr'><strong>melius</strong></span> <span class='ocrx_word' id='word_1_879' title='bbox 1863 5420 2049 5489; x_wconf 88' lang='lat' dir='ltr'><strong>procul</strong></span> 
     </span>
    </p>
   </div>
   <div class='ocr_carea' id='block_1_112' title="bbox 2150 5415 3735 5503">
    <p class='ocr_par' dir='ltr' id='par_1_112' title="bbox 2158 5421 3735 5503">
     <span class='ocr_line' id='line_1_112' title="bbox 2158 5421 3735 5503; baseline 0.006 -28"><span class='ocrx_word' id='word_1_880' title='bbox 2158 5421 2281 5475; x_wconf 78' lang='grc' dir='ltr'>καθ’</span> <span class='ocrx_word' id='word_1_881' title='bbox 2308 5421 2374 5484; x_wconf 81' lang='grc' dir='ltr'><strong>ἀς</strong></span> <span class='ocrx_word' id='word_1_882' title='bbox 2407 5424 2587 5478; x_wconf 81' lang='grc' dir='ltr'>αὐτῶν</span> <span class='ocrx_word' id='word_1_883' title='bbox 2613 5426 2707 5480; x_wconf 70' lang='grc' dir='ltr'>καὶ</span> <span class='ocrx_word' id='word_1_884' title='bbox 2739 5428 3097 5499; x_wconf 79' lang='grc' dir='ltr'>ὑπερέχουσιν</span> <span class='ocrx_word' id='word_1_885' title='bbox 3131 5432 3288 5501; x_wconf 84' lang='grc' dir='ltr'>ήμῶν</span> <span class='ocrx_word' id='word_1_886' title='bbox 3319 5433 3368 5484; x_wconf 73' lang='grc' dir='ltr'>οἱ</span> <span class='ocrx_word' id='word_1_887' title='bbox 3401 5432 3693 5503; x_wconf 78' lang='grc' dir='ltr'>μύρμηκες</span> <span class='ocrx_word' id='word_1_888' title='bbox 3720 5446 3735 5495; x_wconf 87' lang='grc'>;</span> 
     </span>
    </p>
   </div>
   <div class='ocr_carea' id='block_1_113' title="bbox 481 5507 2057 5585">
    <p class='ocr_par' dir='ltr' id='par_1_113' title="bbox 481 5507 2057 5585">
     <span class='ocr_line' id='line_1_113' title="bbox 481 5507 2057 5585; baseline 0.003 -24"><span class='ocrx_word' id='word_1_889' title='bbox 481 5523 581 5561; x_wconf 89' lang='lat' dir='ltr'><strong>sua</strong></span> <span class='ocrx_word' id='word_1_890' title='bbox 611 5507 911 5585; x_wconf 68' lang='lat' dir='ltr'><strong>praevideut</strong></span> <span class='ocrx_word' id='word_1_891' title='bbox 941 5508 1329 5575; x_wconf 86' lang='lat' dir='ltr'><strong>emolumenta,</strong></span> <span class='ocrx_word' id='word_1_892' title='bbox 1392 5508 1641 5580; x_wconf 77' lang='lat' dir='ltr'><strong>frugibus</strong></span> <span class='ocrx_word' id='word_1_893' title='bbox 1698 5513 1901 5566; x_wconf 87' lang='lat' dir='ltr'><strong>annuis</strong></span> <span class='ocrx_word' id='word_1_894' title='bbox 1966 5526 2057 5565; x_wconf 88' lang='lat' dir='ltr'><strong>ar-</strong></span> 
     </span>
    </p>
   </div>
   <div class='ocr_carea' id='block_1_114' title="bbox 483 5598 2062 5674">
    <p class='ocr_par' dir='ltr' id='par_1_114' title="bbox 483 5598 2062 5674">
     <span class='ocr_line' id='line_1_114' title="bbox 483 5598 2062 5674; baseline 0.004 -22"><span class='ocrx_word' id='word_1_895' title='bbox 483 5598 700 5655; x_wconf 83' lang='lat' dir='ltr'><strong>dentius</strong></span> <span class='ocrx_word' id='word_1_896' title='bbox 756 5600 1010 5667; x_wconf 87' lang='lat' dir='ltr'><strong>student;</strong></span> <span class='ocrx_word' id='word_1_897' title='bbox 1043 5602 1137 5656; x_wconf 91' lang='lat' dir='ltr'><strong>sed</strong></span> <span class='ocrx_word' id='word_1_898' title='bbox 1184 5617 1284 5658; x_wconf 85' lang='lat' dir='ltr'><strong>nos</strong></span> <span class='ocrx_word' id='word_1_899' title='bbox 1335 5602 1441 5659; x_wconf 87' lang='lat' dir='ltr'><strong>illis</strong></span> <span class='ocrx_word' id='word_1_900' title='bbox 1499 5613 1825 5674; x_wconf 84' lang='lat' dir='ltr'><strong>praestamus</strong></span> <span class='ocrx_word' id='word_1_901' title='bbox 1850 5603 2062 5659; x_wconf 86' lang='lat' dir='ltr'><strong>lumme</strong></span> 
     </span>
    </p>
   </div>
   <div class='ocr_carea' id='block_1_115' title="bbox 2158 5515 3738 5597">
    <p class='ocr_par' dir='ltr' id='par_1_115' title="bbox 2158 5515 3738 5597">
     <span class='ocr_line' id='line_1_115' title="bbox 2158 5515 3738 5597; baseline 0.008 -31"><span class='ocrx_word' id='word_1_902' title='bbox 2158 5515 2605 5590; x_wconf 85' lang='grc' dir='ltr'>Προμηθέστεροι</span> <span class='ocrx_word' id='word_1_903' title='bbox 2634 5520 2743 5594; x_wconf 89' lang='grc' dir='ltr'><strong>γάρ</strong></span> <span class='ocrx_word' id='word_1_904' title='bbox 2772 5524 2882 5576; x_wconf 80' lang='grc' dir='ltr'>εἰσι</span> <span class='ocrx_word' id='word_1_905' title='bbox 2912 5525 3019 5579; x_wconf 88' lang='grc' dir='ltr'><strong>τῶν</strong></span> <span class='ocrx_word' id='word_1_906' title='bbox 3037 5529 3450 5597; x_wconf 83' lang='grc' dir='ltr'>συμφερόντων,</span> <span class='ocrx_word' id='word_1_907' title='bbox 3475 5527 3572 5580; x_wconf 80' lang='grc' dir='ltr'>καὶ</span> <span class='ocrx_word' id='word_1_908' title='bbox 3596 5526 3738 5594; x_wconf 78' lang='grc' dir='ltr'>γνω-</span> 
     </span>
    </p>
   </div>
   <div class='ocr_carea' id='block_1_116' title="bbox 2161 5608 3736 5690">
    <p class='ocr_par' dir='ltr' id='par_1_116' title="bbox 2161 5608 3736 5690">
     <span class='ocr_line' id='line_1_116' title="bbox 2161 5608 3736 5690; baseline 0.006 -31"><span class='ocrx_word' id='word_1_909' title='bbox 2161 5608 2480 5681; x_wconf 84' lang='grc' dir='ltr'>στικώτεροι</span> <span class='ocrx_word' id='word_1_910' title='bbox 2513 5612 2795 5685; x_wconf 73' lang='grc' dir='ltr'>πόρρωθεν</span> <span class='ocrx_word' id='word_1_911' title='bbox 2847 5614 2956 5671; x_wconf 83' lang='grc' dir='ltr'><strong>τῶν</strong></span> <span class='ocrx_word' id='word_1_912' title='bbox 2990 5617 3175 5682; x_wconf 80' lang='grc' dir='ltr'>αὐτοῖς</span> <span class='ocrx_word' id='word_1_913' title='bbox 3226 5617 3550 5690; x_wconf 82' lang='grc' dir='ltr'>ἐπιτηδείων</span> <span class='ocrx_word' id='word_1_914' title='bbox 3574 5655 3589 5683; x_wconf 93' lang='grc'><strong>,</strong></span> <span class='ocrx_word' id='word_1_915' title='bbox 3638 5615 3736 5670; x_wconf 72' lang='grc' dir='ltr'>καὶ</span> 
     </span>
    </p>
   </div>
   <div class='ocr_carea' id='block_1_117' title="bbox 553 5777 2311 5860">
    <p class='ocr_par' dir='ltr' id='par_1_117' title="bbox 553 5777 2311 5860">
     <span class='ocr_line' id='line_1_117' title="bbox 553 5777 2311 5860; baseline 0.009 -27"><span class='ocrx_word' id='word_1_916' title='bbox 553 5779 598 5813; x_wconf 70' lang='grc'><strong>³⁸</strong></span> <span class='ocrx_word' id='word_1_917' title='bbox 644 5777 806 5835; x_wconf 80' lang='lat' dir='ltr'><strong>Marc.</strong></span> <span class='ocrx_word' id='word_1_918' title='bbox 846 5796 958 5851; x_wconf 76' lang='lat' dir='ltr'><strong>xvi,</strong></span> <span class='ocrx_word' id='word_1_919' title='bbox 995 5781 1080 5838; x_wconf 79' lang='grc'><strong>15.</strong></span> <span class='ocrx_word' id='word_1_920' title='bbox 1159 5783 1204 5816; x_wconf 77' lang='grc'><strong>⁸³</strong></span> <span class='ocrx_word' id='word_1_921' title='bbox 1232 5783 1428 5843; x_wconf 83' lang='lat' dir='ltr'><strong>Matth.</strong></span> <span class='ocrx_word' id='word_1_922' title='bbox 1459 5801 1652 5857; x_wconf 79' lang='lat' dir='ltr'><strong>xxvnt,</strong></span> <span class='ocrx_word' id='word_1_923' title='bbox 1698 5787 1785 5845; x_wconf 82' lang='grc'><strong>19.</strong></span> <span class='ocrx_word' id='word_1_924' title='bbox 1865 5788 1910 5820; x_wconf 83' lang='grc'>⁸³</span> <span class='ocrx_word' id='word_1_925' title='bbox 1943 5788 2047 5846; x_wconf 82' lang='lat' dir='ltr'><strong>lsa.</strong></span> <span class='ocrx_word' id='word_1_926' title='bbox 2081 5805 2134 5859; x_wconf 77' lang='grc' dir='ltr'><strong>ν,</strong></span> <span class='ocrx_word' id='word_1_927' title='bbox 2167 5790 2220 5860; x_wconf 86' lang='grc'>5,</span> <span class='ocrx_word' id='word_1_928' title='bbox 2259 5792 2311 5848; x_wconf 88' lang='lat'><strong>9.</strong></span> 
     </span>
    </p>
   </div>
  </div>
