4082 6412
354 322 457 401 εΗ

355 525 699 596 ὑπερέχομεν
735 527 828 578 καὶ
877 528 1042 593 ἡμεῖς
1100 526 1282 577 αὐτῶν
1317 527 1393 595 τῷ
1429 524 1632 592 λογικῷ
1661 528 1758 596 τῆς
1804 529 1926 581 καθ’

351 618 500 688 ἡμᾷς
543 615 722 685 ψυχῆς
749 627 763 644 ⁸
815 615 946 668 ἀλλὰ
987 616 1074 679 τίς
1123 616 1265 684 αῦτη
1313 618 1344 685 ἡ
1378 616 1620 688 ὑπεροχὴ
1661 619 1796 686 πρὸς
1829 622 1928 690 τὴν

353 708 491 775 πρὸς
521 709 665 776 ἡμᾶς
696 707 789 760 τοῦ
823 708 958 760 Θεοῦ
993 708 1270 779 ὑπεροχήν
1300 726 1313 773 ;
1348 710 1411 761 Εἰ
1440 709 1570 776 γοῦν
1601 714 1696 766 καὶ
1728 711 1928 776 πάντες

348 802 402 854 οῖ
467 799 611 852 κατὰ
669 800 769 870 τὴν
815 801 1145 870 οἰκουμένην
1194 801 1552 870 συναχθέντες
1616 803 1927 874 μύρμηκες,

353 891 513 961 ἡμῶν
536 890 642 943 τῶν
675 889 820 943 κατὰ
856 891 1034 944 πάντα
1055 890 1261 942 τούτων
1291 891 1694 961 ὑπερεχόντων,
1726 894 1825 947 οὐκ
1863 895 1928 948 ἂν

353 983 413 1035 ’ἐν
461 999 516 1034 τι
568 981 752 1035 καὶτὸ
801 982 1166 1052 σμικρότατον
1219 984 1380 1052 ἔργον
1414 983 1446 1052 ἢ
1481 984 1658 1052 νόημα
1725 987 1931 1053 γνῶναί

355 1094 483 1129 ποτε
529 1075 796 1138 δύναιντο,
843 1077 962 1138 πῶς
997 1077 1156 1144 ἡμεῖς
1195 1075 1288 1128 τοῦ
1341 1076 1638 1146 ἀπειράκις
1683 1078 1929 1148 ἀπείρως

262 1219 270 1224 .
357 1169 713 1238 ὑπερέχοντος
739 1167 898 1238 ἡμῶν
935 1168 1070 1220 Θεοῦ
1127 1167 1469 1237 κατανοῆσαι
1515 1167 1834 1240 δυνηθῶμεν
1863 1171 1931 1223 τὰ

353 1260 489 1328 ἔργα
513 1260 602 1312 καὶ
628 1261 720 1312 τὸν
746 1258 891 1324 νοῦν,
923 1259 1134 1327 καὶτῆς
1156 1259 1478 1323 ἀκολουθίας
1505 1260 1747 1331 ἀκριϐῶς
1769 1279 1932 1315 κατα-

357 1353 722 1421 στοχάσασθαι
753 1353 860 1404 τῶν
888 1351 1193 1418 γεγονότων
1227 1351 1356 1405 ἄνευ
1397 1355 1634 1416 πίστεως
1663 1371 1677 1416 ;
1718 1354 1928 1425 ’Ὠσπερ

355 1447 464 1515 γὰρ
479 1448 506 1497 ὁ
530 1444 700 1514 μέγας
732 1445 791 1496 ὲν
813 1443 1028 1513 οὐρανῷ
1053 1443 1276 1513 φωστὴρ
1297 1444 1396 1496 οὐκ
1418 1442 1484 1496 ἂν
1509 1443 1730 1497 ἐδύνατο
1756 1447 1930 1498 ποιεῖν

356 1535 590 1604 ἡμέραν,
619 1529 770 1601 εἰμὴ
798 1531 896 1602 τὴν
925 1530 1204 1601 ἡμετέραν
1225 1531 1348 1599 ὄψιν
1376 1531 1730 1601 ὑπερέϐαινεν
1757 1535 1789 1601 ἡ
1809 1534 1930 1586 κατ’

354 1623 515 1678 αὐτὸν
545 1623 888 1693 λαμπρότης,
923 1621 1097 1685 οὕτως
1119 1623 1230 1676 οὐδ’
1257 1623 1324 1676 ἃν
1350 1623 1377 1675 ὁ
1402 1625 1502 1694 τῆς
1537 1625 1567 1692 ἡ
1578 1627 1692 1693 μῶν
1717 1624 1929 1692 φύσεως

353 1714 686 1786 δημιουργὸς
716 1713 850 1776 Θεὸς
870 1713 1144 1782 σωτηρίας
1169 1709 1235 1784 ἦν
1264 1715 1395 1783 ἡμῖν
1422 1714 1722 1778 ποιητικὸς,
1754 1716 1801 1767 εί
1828 1733 1930 1768 κα-

1749 321 2082 380 IIOMILH
2132 324 2286 384 XLI.

355 432 764 504 σπουδαιότεροι
807 433 943 503 πρὸς
982 433 1080 502 τὴν
1109 430 1354 485 ἐπέτειον
1385 434 1719 503 συγκομιδήν
1751 451 1765 465 ο
1811 435 1927 497 ἀλλ’

2042 436 2238 489 mentis
2269 443 2503 499 nostraz;
2535 447 2589 491 at
2624 454 2744 508 quae
2770 450 2850 495 est
2899 443 2998 496 ista
3031 448 3374 516 prmstantia,
3404 449 3450 504 si
3485 467 3621 506 con-

3518 341 3619 406 518

2041 524 2260 578 feratur
2288 541 2410 580 cum
2454 529 2542 583 illa
2581 532 2669 584 Dei
2707 535 2769 586 ad
2804 549 2902 589 nos
2929 538 3296 593 excellentia?
3341 543 3396 595 Si
3429 559 3620 600 omnes

2038 616 2303 668 universa=
2340 626 2498 671 terra:
2552 620 2796 678 formicae
2836 625 3002 680 simul
3051 642 3412 701 congregatae,
3463 635 3621 689 nobis

2035 703 2294 758 Omnibus
2329 705 2438 761 illis
2463 713 2870 780 praestantibus,
2905 730 3009 769 nec
3042 719 3123 771 vel
3160 719 3447 776 minimum
3478 739 3618 795 opus

2036 801 2128 848 aut
2156 796 2543 863 c0gitationem
2581 815 2810 856 noscere
2843 816 3140 875 nequeant,
3178 813 3460 878 quomodo
3493 829 3616 879 nos,

2037 884 2148 937 Deo
2181 886 2338 942 nobis
2373 887 2425 941 in
2479 889 2769 946 inﬁnitum
2804 897 3103 952 excellente
3141 902 3432 971 concipere
3471 916 3622 974 pote-

2037 989 2213 1030 rnnus
2249 985 2368 1044 ejus
2401 993 2563 1047 opera
2596 989 2760 1050 atque
2789 985 3097 1054 scientiam,
3132 1003 3185 1042 et
3215 994 3430 1059 penitus
3482 1011 3621 1063 prae-

2035 1064 2224 1119 videre
2259 1065 2524 1122 factorum
2573 1075 3016 1143 consequentias,
3067 1079 3171 1130 nisi
3207 1079 3364 1134 iidem
3412 1083 3620 1138 habea-

2037 1157 2204 1210 mus?
2233 1157 2706 1223 Quemadmodum
2741 1179 2994 1231 magnum
3027 1169 3079 1221 in
3112 1169 3252 1226 caelo
3279 1173 3432 1228 sidus
3471 1173 3613 1229 diem

2035 1245 2219 1302 facere
2250 1264 2355 1302 non
2391 1261 2597 1319 posset,
2630 1253 2736 1308 nisi
2793 1255 2972 1310 visum
3007 1269 3253 1314 nostrum
3286 1263 3448 1331 jubar
3474 1265 3620 1320 illius

2043 1341 2480 1411 transcenderet,
2515 1346 2586 1398 ita
2618 1346 2759 1403 Deus
2785 1363 2964 1418 neque
2997 1363 3213 1408 creator
3237 1366 3384 1410 esset
3416 1370 3620 1414 nostra:

2036 1440 2266 1498 naturae,
2304 1449 2482 1504 neque
2518 1437 2713 1493 salutis
2765 1452 2978 1509 auctor,
3039 1446 3084 1498 si
3135 1461 3164 1498 a
3220 1449 3377 1503 nobis
3434 1463 3624 1518 posset

2036 1525 2446 1594 comprehendi,
2474 1543 2572 1583 nec
2603 1531 2926 1600 sapientiam
2987 1547 3153 1605 atque
3182 1537 3475 1595 bonitatem
3526 1543 3620 1596 ba-

2040 1615 2192 1671 beret
2217 1621 2610 1688 cogitationem
2646 1637 2889 1682 nostram
2923 1635 3427 1690 transcendentem.
3465 1635 3615 1692 llur-

2039 1723 2162 1763 sum
2191 1711 2284 1779 qui
2336 1710 2447 1767 Deo
2478 1714 2744 1782 objiciunt
2794 1735 2966 1788 quare
3017 1722 3144 1777 fecit
3201 1726 3457 1793 operibus
3506 1742 3617 1783 non

354 1807 629 1877 ταληπτδς
662 1806 795 1875 ἡμῖν
819 1806 1055 1875 ὑπῆρχε,
1078 1805 1172 1857 καὶ
1203 1806 1278 1874 μή
1313 1807 1506 1875 σοφίαν
1530 1804 1642 1875 εἶχε
1675 1808 1770 1858 καὶ
1803 1809 1936 1876 ἀγα-

2057 1797 2394 1869 obedituros,
2444 1806 2721 1873 quomodo
2768 1824 2874 1862 non
2925 1812 3163 1880 cogitant
3205 1813 3356 1868 illum
3399 1830 3618 1870 causam

355 1899 552 1966 θὸτητα
584 1895 684 1967 τὴν
709 1896 866 1966 ἡμῶν
893 1896 1134 1949 διάνοιαν
1166 1895 1628 1966 ὑπερϐαῖνουσαν.
1663 1897 1858 1967 ’Όμως
1885 1901 1935 1952 οἱ

357 1989 712 2059 ἐγκαλοῦντες
745 1987 823 2058 τῷ
843 1988 962 2058 Θεῷ
993 1987 1110 2051 πῶς
1139 1989 1368 2042 ἐκάλεσε
1402 1988 1531 2052 τοὺς
1564 1989 1638 2060 μὴ
1662 1991 1730 2043 δι’
1758 1992 1937 2062 ἔργων

355 2082 650 2139 ὑπακούειν
683 2081 996 2151 μέλλοντας,
1029 2081 1148 2144 πῶς
1201 2083 1303 2134 οὐκ
1328 2082 1492 2135 αὑτὸν
1532 2081 1707 2135 αἴτιον
1753 2086 1937 2152 ἐνόμι-

358 2192 455 2229 σαν
482 2175 580 2245 τῆς
601 2173 877 2236 ἀπωλείας
900 2172 1128 2237 τούτων,
1158 2173 1317 2241 εἴπερ
1338 2175 1412 2243 μὴ
1436 2171 1636 2236 αὐτοὺς
1663 2173 1887 2227 ἐκάλεσε
1919 2192 1933 2238 ς

354 2266 445 2320 διὰ
480 2266 639 2318 τοῦτο
660 2259 752 2318 οὖν
805 2264 1085 2329 ἐκάλεσεν,
1117 2263 1204 2316 ἵνα
1241 2264 1433 2334 μηδεὶς
1469 2264 1568 2334 ἔχῃ
1613 2264 1810 2332 λέγειν,
1847 2266 1935 2318 αῖ-

353 2373 468 2410 τιον
519 2355 680 2409 αὑτὸν
712 2350 854 2407 εἶναι
904 2355 1006 2424 τῆς
1057 2352 1235 2405 αὐτῶν
1287 2352 1587 2413 κολάσεως.
1640 2356 1737 2408 Διὰ
1774 2356 1826 2407 τί
1878 2355 1936 2408 δὲ

355 2450 494 2512 ὅλως
544 2448 768 2508 ἐποίησε
799 2447 927 2508 τοὺς
961 2444 1512 2514 κολασθησομένους;
1555 2447 1668 2515 Οὐχ
1719 2445 1805 2499 ἵνα
1845 2463 1938 2499 κο·

355 2542 517 2612 λάσῃ,
559 2539 674 2593 ἀλλ’
709 2541 793 2591 ἵνα
819 2539 990 2609 σώσῃ,
1019 2540 1112 2588 καὶ
1139 2536 1298 2606 δῆλον
1333 2538 1396 2588 ἐκ
1434 2536 1530 2604 τῆς
1566 2536 1846 2607 κλήσεως’
1888 2540 1935 2589 εξ

357 2634 465 2700 γὰρ
493 2631 652 2702 ἤθελε
684 2629 912 2682 κολάσαι
945 2629 1086 2694 τινὰ,
1113 2627 1214 2679 οὐκ
1237 2627 1302 2680 ἂν
1329 2626 1516 2679 ἐκάλει
1552 2628 1761 2688 πάντας
1797 2629 1935 2699 πρὸς

357 2723 650 2793 σωτηρίαν.
701 2721 834 2774 ELS’
865 2721 1074 2782 ἐκεῖνος
1099 2719 1166 2772 δι’
1213 2720 1420 2771 οἰκείαν
1474 2719 1784 2786 ἀγαοὸτητα
1841 2721 1936 2772 καὶ

357 2814 640 2884 προήγαγε
671 2815 765 2865 καὶ
797 2812 1054 2864 ἐκάλεσεν
1077 2812 1157 2872 εἰς
1193 2809 1466 2879 σωτηρίαν
1488 2849 1502 2873 ,
1531 2806 1640 2874 ἐγὼ
1670 2809 1723 2860 δὲ
1753 2811 1936 2872 κακῶς

357 2907 582 2974 ἐφάνην,
611 2904 720 2959 ἔδει
751 2903 848 2973 τὴν
876 2902 1015 2973 ἐμὴν
1047 2902 1270 2963 κακίαν,
1309 2899 1601 2953 καὶταῦτα
1636 2901 1803 2969 μήπω
1835 2918 1936 2953 πα-

358 2995 835 3067 ροῦσαν,⁸νικῆσαί
853 3012 910 3047 τε
941 2995 1035 3047 καὶ
1061 2991 1356 3060 ἐμποδίσαι
1376 2990 1474 3057 τὴν
1504 2990 1589 3042 ἀεὶ
1613 2986 1780 3043 οὖσαν
1803 2993 1937 3056 ἀγα-

359 3093 592 3159 θὸτητα;
627 3091 738 3144 Καὶ
777 3087 893 3149 πῶς
937 3085 1004 3139 ἂν
1061 3085 1173 3152 ἔχοι
1227 3083 1420 3148 λόγον;
1466 3079 1526 3134 Ὀ
1556 3081 1612 3132 δὲ
1669 3082 1743 3149 μὴ
1778 3081 1935 3134 τοῦτο

2043 1888 2161 1945 fore
2187 1905 2376 1945 eorum
2411 1893 2619 1963 damni,
2655 1898 2760 1953 nisi
2796 1914 2892 1955 eos
2920 1905 3256 1959 vocaverit?
3286 1906 3412 1960 Ideo
3456 1907 3611 1977 igitur

2038 1997 2134 2037 eos
2181 1984 2421 2049 vocavit,
2461 2001 2526 2040 ne
2557 1988 2702 2044 ullus
2735 1990 2916 2046 dicere
2962 1995 3136 2060 possit
3170 1979 3336 2049 Deu’m
3393 2011 3618 2052 causam

2038 2088 2160 2129 esse
2189 2091 2301 2130 suae
2325 2079 2608 2144 perniciei.
2637 2081 2743 2135 Sed
2772 2096 2940 2150 quare
2970 2082 3096 2137 fecit
3125 2084 3435 2153 puniendos
3459 2085 3482 2138 ?
3514 2102 3612 2141 ne-

2039 2181 2316 2237 quaquam
2351 2176 2410 2222 ut
2440 2170 2650 2239 puniat,
2683 2173 2775 2226 sed
2810 2183 2868 2227 ut
2911 2174 3104 2240 salvet,
3155 2177 3303 2244 quod
3349 2182 3503 2246 patet
3553 2192 3618 2230 cx

2039 2260 2346 2316 vocatione.
2415 2261 2548 2315 Nam
2596 2264 2639 2318 si
2684 2266 2945 2320 voluisset
2989 2267 3298 2336 quempiam
3339 2267 3619 2338 suppliciis

2039 2351 2272 2419 allicere,
2303 2368 2409 2408 non
2443 2369 2632 2412 omnes
2657 2357 2722 2411 ad
2749 2357 2983 2412 salutem
3010 2368 3294 2424 vocasset;
3332 2361 3425 2415 sed
3452 2360 3497 2414 si
3533 2360 3622 2414 ille

2006 2489 2009 2492 .
2039 2457 2124 2496 me
2168 2444 2231 2497 ad
2268 2444 2496 2499 salutem
2530 2447 2762 2517 benigne
2790 2449 2978 2502 eduxit
3004 2459 3058 2504 et
3085 2452 3322 2515 vocavit,
3365 2466 3466 2520 ego
3514 2458 3612 2504 a‘n-

2038 2542 2144 2588 tem
2179 2536 2320 2590 male
2375 2537 2673 2602 ambulavi,
2711 2542 2955 2607 nunquid
2990 2544 3274 2612 oportebat
3304 2557 3473 2596 meam
3506 2558 3621 2596 ma-

2039 2625 2234 2689 litiam,
2284 2616 2383 2680 etsi
2415 2629 2656 2682 nondum
2685 2641 3025 2698 praesentem,
3053 2632 3270 2685 vincere
3286 2641 3338 2685 et
3362 2632 3625 2701 impedire

2039 2726 2298 2771 aeternam
2347 2718 2466 2788 ejus
2511 2719 2943 2786 benignitatem?
2968 2722 3251 2787 Quomodo
3279 2723 3418 2778 istud
3455 2726 3621 2777 ratio-

2035 2823 2160 2862 nem
2217 2809 2378 2866 habet
2415 2811 2551 2868 ?.llle
2584 2824 2762 2870 autem
2793 2815 2885 2885 qui
2929 2817 3031 2871 ista
3075 2831 3183 2870 non
3231 2817 3487 2885 loquitur,
3528 2817 3622 2870 sed

2038 2908 2335 2956 creatorem
2385 2903 2656 2976 objurgat,
2707 2922 2930 2976 prorsus
2976 2908 3170 2962 asserit
3220 2923 3326 2961 non
3370 2915 3622 2976 oportere

2038 2991 2154 3045 ﬁeri
2185 3003 2436 3048 naturam
2471 2998 2682 3052 ratione
2713 2999 3015 3066 praeditam.
3049 2999 3186 3052 Nam
3219 2999 3349 3067 quid
3398 2999 3618 3068 prodest

2042 3081 2205 3147 ratio,
2242 3082 2290 3136 si
2341 3084 2568 3140 libertas
2622 3097 2784 3156 atque
2832 3088 3064 3143 facultas
3094 3104 3201 3142 non
3255 3087 3622 3144 comitentur?

358 3141 552 3249 λέγων,
579 3141 727 3234 ’ἀλλὰ
763 3179 856 3232 τον
875 3141 1237 3246 ⁷δημιοιῗργὸν
1273 3141 1743 3242 κ-αταιτιώμενος,.
1775 3174 1934 3227 τοῦτό

2043 3172 2147 3227 Sed
2181 3176 2452 3242 quomodo
2507 3177 2629 3246 quis
2675 3141 2781 3232 e‘rit
2833 3179 2987 3242 liber,
3042 3177 3147 3233 nisi
3199 3181 3476 3248 optionem
3527 3180 3625 3233 Ita-

360 3291 522 3342 φησιν
543 3272 820 3338 ἄντικρυς,
849 3269 929 3322 ὅτι
957 3267 1182 3320 οὐκὲδει
1213 3265 1466 3331 γενέσθαι
1487 3266 1647 3333 φύσιν
1671 3267 1894 3341 λογικήν
1919 3283 1931 3298 ·

358 3366 442 3426 τίς
469 3364 574 3434 γὰρ
620 3362 778 3432 χρεία
812 3360 906 3413 τοῦ
937 3357 1182 3426 λογικοῦ,
1217 3359 1264 3408 εἰ
1305 3357 1380 3426 μὴ
1429 3359 1808 3426 προαιρετικὸν
1843 3361 1939 3410 καὶ

359 3449 709 3515 αὐτεξούσιον
737 3445 854 3514 εἴης
879 3439 1248 3505 Αὐτεξουσίως
1273 3439 1329 3492 δὲ
1362 3439 1480 3502 πῶς
1505 3440 1571 3493 ἄν
1587 3457 1670 3504 τις
1701 3441 1811 3512 εἴη,
1845 3447 1939 3497 καλ⁹

2048 3263 2194 3330 beat,
2233 3274 2287 3320 et
2331 3269 2523 3335 possit,
2555 3269 2601 3323 si
2631 3270 2886 3342 voluerit,
2933 3271 3096 3324 etiam
3133 3273 3310 3325 malus
3358 3271 3515 3325 esse?
3565 3272 3623 3323 Si

2049 3371 2180 3410 vero
2229 3359 2406 3413 malus
2460 3374 2581 3414 esse
2610 3372 2865 3432 nequeat,
2900 3377 3080 3432 neque
3135 3363 3314 3418 honus
3348 3378 3470 3419 esse
3521 3376 3622 3434 po-
3671 3356 3676 3363 ’

2051 3450 2197 3506 terit.

359 3539 680 3608 προαίρεσιν
727 3535 862 3604 ἔχοι,
899 3533 973 3604 μὴ
1000 3531 1319 3601 δυνάμενος,
1356 3531 1406 3584 εἰ
1436 3530 1710 3601 βούλεται,
1740 3533 1836 3588 καὶ
1867 3537 2036 3603 κακὸς
2064 3537 2243 3608 εἷναι;
2278 3544 2424 3614 Είδὲ
2454 3544 2528 3616 μὴ
2562 3545 2756 3612 κακὸς,
2815 3545 2933 3600 οὐδὲ
2991 3546 3191 3616 ἀγαθὸς
3258 3547 3478 3602 δύιαται
3531 3561 3627 3616 γε’·

360 3633 544 3688 νέσθαι
585 3633 779 3703 δήπου.

438 3732 502 3784 ’0
529 3731 701 3797 λέγων
731 3729 910 3782 τοίνυν
936 3731 1010 3799 μὴ
1036 3729 1148 3783 δεῖν
1180 3729 1440 3798 γενέσθαι
1463 3732 1617 3803 παρὰ
1651 3733 1788 3786 Θεοῦ
1811 3724 1938 3798 τοῖς

359 3823 868 3892 κολασθησομένους
923 3822 1046 3875 οὐδὲ
1089 3822 1216 3885 τοὺς
1253 3822 1600 3893 σωζομένους
1637 3826 1749 3877 δεῖν
1801 3843 1936 3894 φησι

360 3914 637 3984 γενέσθαι,
679 3912 802 3966 ούτε
834 3912 958 3965 τινὰ
987 3913 1122 3974 ὅλως
1151 3913 1378 3982 λογικὴν
1436 3915 1532 3968 καὶ
1584 3915 1934 3979 αὐτεξούσιον

363 4007 528 4075 φύσιν
548 4020 561 4034 ·
595 4006 644 4056 εἰ
663 4004 720 4057 δὲ
748 4005 842 4056 καὶ
871 4004 959 4056 διὰ
976 4004 1076 4072 τὴν
1104 4004 1331 4073 λογικὴν
1359 4005 1523 4071 φύσιν
1549 4005 1719 4059 τᾶλλα
1741 4007 1932 4074 γέγονε

301 4084 309 4091 ”
362 4093 564 4163 πάντα,
595 4097 753 4149 τοῦτό
782 4113 945 4165 φησιν
979 4095 1054 4158 ὡς
1110 4097 1212 4148 οὐκ
1247 4095 1354 4148 ἔδει
1404 4096 1738 4166 δημιουργὸν
1789 4095 1930 4152 εἶναι

365 4194 456 4246 τὶν
487 4192 646 4256 Θεὸν,
687 4191 851 4262 ὁρᾶτε
874 4189 972 4262 τὴν
1000 4190 1232 4243 ἀτοπίαν
1264 4189 1402 4260 ὄση;
1445 4192 1588 4246 Ἀλλ’
1631 4193 1820 4264 ἐπειδὴ
1847 4193 1939 4246 λο-

366 4285 524 4352 γικοῦ
544 4285 640 4337 καὶ
669 4281 1019 4346 αὑτεξουσίου
1055 4284 1246 4349 γένους
1275 4282 1780 4354 δημιουργηθέντος
1830 4285 1935 4338 ὑπὸ

367 4375 462 4430 τοῦ
499 4375 658 4439 Θεοῦ,
687 4377 752 4445 τῇ
807 4373 900 4427 τοῦ
963 4375 1314 4438 αύτεξουσίου
1361 4378 1500 4445 ῥοπῇ
1551 4377 1643 4428 καὶ
1698 4377 1940 4447 διαφόρῳ

2129 3735 2298 3804 igitur
2343 3737 2434 3806 qui
2466 3737 2594 3791 dicit
2635 3738 2901 3792 creandos
2938 3752 3045 3790 non
3093 3736 3259 3792 fuisse
3303 3753 3333 3792 a
3369 3737 3479 3793 Deo
3526 3755 3623 3796 cos

2045 3830 2140 3898 qui
2173 3838 2329 3884 erant
2362 3831 2644 3899 puniendi,
2677 3845 2775 3886 nec
2799 3829 3114 3885 condendos
3150 3829 3320 3884 fuisse
3345 3833 3506 3885 etiam
3537 3833 3621 3885 di-

2047 3921 2120 3974 cit
2147 3935 2241 3975 eos
2272 3921 2366 3991 qui
2394 3931 2550 3976 erant
2578 3923 2844 3985 salvandi,
2872 3937 2974 3996 nec
2998 3923 3162 3976 ullam
3191 3923 3416 3976 omnino
3445 3925 3618 3977 ratio-

2046 4011 2285 4065 nabilem
2317 4021 2370 4066 ct
2393 4012 2622 4066 liberam
2658 4013 3068 4082 producendam
3125 4013 3296 4077 fuisse
3346 4022 3620 4066 naturam.

2049 4106 2157 4162 Sed
2212 4106 2256 4161 si
2288 4115 2483 4160 caetera
2516 4115 2739 4176 propter
2771 4117 3020 4160 naturam
3074 4106 3449 4160 rationabilem
3483 4105 3621 4160 facta

2051 4205 2202 4263 sunt,
2233 4198 2366 4251 dicit
2400 4213 2510 4252 non
2541 4200 2851 4267 oportuisse
2885 4197 3053 4251 Deum
3105 4213 3226 4251 esse
3270 4206 3566 4252 creatorem
3604 4215 3618 4253 :

2045 4291 2320 4345 videtisne
2367 4299 2573 4360 quanta
2621 4291 2691 4345 sit
2725 4285 3154 4344 insania?Cum
3204 4299 3406 4354 autem,
3456 4304 3620 4343 manu

2048 4383 2141 4439 Dei
2171 4384 2394 4437 condito
2443 4383 2756 4438 rationabili
2781 4391 2835 4436 et
2872 4383 3046 4436 libero
3095 4397 3316 4451 genere,
3367 4397 3429 4436 ex
3471 4383 3622 4436 varia

368 4470 564 4538 χρήσει
621 4469 669 4520 οἱ
699 4470 800 4537 μὲν
829 4465 1058 4536 ἔμελλον
1087 4465 1309 4518 ἔσεσθαι
1337 4468 1519 4530 κακοὶ,
1547 4468 1598 4520 οἱ
1629 4468 1686 4520 δὲ
1718 4469 1936 4536 ἀγαθοὶ,

2049 4473 2316 4527 libertatis
2341 4473 2698 4527 inclinatione
2728 4487 2945 4540 usuque
2976 4471 3217 4532 diverso,
3266 4471 3356 4523 alii
3390 4470 3626 4524 debeant

367 4560 421 4612 τί
449 4559 529 4628 τῷ
557 4558 726 4621 ὅντως
751 4556 940 4626 ἁγαΟῷ
973 4558 1091 4626 Θεῷ
1128 4558 1428 4627 προσῆκον,
1451 4559 1543 4614 διὰ
1566 4561 1694 4624 τοὺς
1747 4562 1946 4631 ἐσομέ-

368 4668 493 4714 νους
523 4651 748 4714 κακοὺς,
783 4649 858 4718 μή
881 4653 1222 4718 προαγαγεῖν
1248 4651 1331 4712 εἰς
1385 4651 1604 4716 γένεσιν
1651 4653 1778 4712 τοὺς
1812 4655 1946 4720 ἀγα-

370 4740 495 4804 θούς
521 4757 536 4807 ;
571 4741 681 4793 Καὶ
708 4741 760 4792 τί
788 4741 852 4793 ἄν
880 4755 964 4802 τῖς
993 4739 1303 4809 ἐννοήσειεν
1329 4739 1658 4811 ἀδικώτερον
1691 4757 1706 4803 ;
1737 4743 1796 4794 El
1838 4743 1945 4810 γὰρ

370 4837 464 4887 καὶ
505 4833 664 4902 μόνος
694 4827 772 4894 εἷς
805 4832 1027 4901 ἔμελλεν
1063 4831 1290 4885 ἔσεσθαι
1315 4835 1341 4886 ὁ
1372 4833 1599 4900 ἀγαθὸς,
1633 4835 1743 4887 οὐδ’
1800 4835 1945 4888 οὕτω

339 4909 469 4991 ’τῆς
497 4921 856 4992 δημιουργίας
900 4923 1157 4991 ἀφεῖσθαι
1206 4925 1415 4977 δίκαιον
1452 4941 1466 4955 ·
1531 4929 1786 4996 κρεῖσσον
1836 4929 1946 4996 γὰρ

370 5012 452 5079 εἷς
483 5016 651 5092 ποιῶν
669 5017 730 5067 τὸ
756 5014 966 5085 θέλημα
1004 5015 1100 5069 τοῦ
1136 5017 1346 5089 Κυρίου
1397 5017 1429 5087 ἦ
1473 5017 1661 5087 μύριοι
1711 5021 1950 5090 παράνο-

374 5106 653 5178 μοι.Τίδὲ
680 5108 910 5170 καὶτοῖς
962 5108 1056 5161 τὸν
1091 5109 1294 5178 χρυσὸν
1349 5110 1412 5161 ὲκ
1481 5111 1580 5177 τῆς
1639 5110 1948 5178 χρυσίτιδος

293 5259 296 5262 _
371 5201 745 5271 ὲκλεγομένοις
786 5200 1040 5271 ἐροῦμεν,
1079 5201 1154 5269 μὴ
1187 5201 1280 5252 καὶ
1336 5201 1428 5254 τὸν
1488 5201 1770 5269 ἄχρηστον
1820 5200 1948 5269 χοῦν

292 5273 304 5285 ἢ
370 5296 470 5363 τὴν
500 5293 673 5364 ἀρχὴν
705 5293 840 5363 μετᾲ
887 5293 996 5345 τῶν
1055 5293 1365 5363 ψηγμάτων
1395 5295 1696 5362 συμφορεῖν
1731 5311 1744 5358 ;
1803 5292 1946 5347 Ἀλλ’

375 5367 705 5452 ἀκιύσομεν,
763 5383 838 5446 ὡς
898 5384 998 5435 οὐκ
1049 5383 1114 5436 ἂν
1155 5385 1367 5450 γένοιτο
1417 5385 1449 5452 ἡ
1493 5383 1654 5451 232
1711 5383 1946 5451 ἐκλογήο

371 5474 479 5528 ο;δ’
532 5476 580 5527 οἱ
628 5474 876 5528 ἐκλεκτοὶ
911 5474 976 5527 ἂν
1006 5470 1169 5545 ἦσαν,
1202 5475 1251 5526 εἰ
1307 5474 1382 5545 μὴ
1423 5475 1520 5528 καὶ
1563 5475 1610 5525 οἱ
1675 5473 1750 5543 μὴ
1802 5467 1946 5526 οὗτοι

372 5565 682 5636 ἐκλήθησαν
719 5581 734 5596 ·
806 5565 922 5628 πῶς
960 5566 1004 5618 δ’
1055 5566 1121 5619 ἂν
1160 5566 1491 5640 ,ἐκλήθησαν
1536 5567 1586 5617 εἰ
1637 5567 1711 5635 μὴ
1737 5566 1948 5633 ἐγένον-

371 5671 474 5721 τος
532 5656 752 5710 Μᾶλλον
803 5655 860 5709 δὲ
908 5656 1190 5726 ἐγγυτέρω
1246 5657 1338 5708 τὸν
1397 5655 1555 5724 λόγον
1607 5655 1944 5723 ἀγάγωμεν,

374 5747 468 5801 καὶ
531 5747 728 5812 αὐτοὺς
794 5749 1198 5819 ἑρωτήσωμεν,
1254 5747 1380 5811 τοὺς
1454 5746 1820 5815 ἐγκαλοῦντας
1871 5745 1948 5812 τῷ

2049 4580 2171 4620 esse
2202 4565 2348 4629 mali,
2386 4565 2477 4618 alii
2508 4577 2690 4618 autem
2721 4563 2872 4628 boni,
2904 4563 3149 4632 nunquid
3185 4563 3350 4615 Deum
3378 4577 3504 4616 vere
3531 4563 3627 4616 bo-

2051 4657 2446 4711 num-decebat
2473 4667 2696 4726 propter
2728 4655 2900 4709 malos
2935 4657 3172 4721 futuros,
3209 4670 3316 4709 non
3346 4655 3400 4708 in
3447 4655 3624 4708 lucem

2051 4750 2211 4803 edere
2239 4749 2456 4804 bonos?
2487 4749 2628 4814 Quid
2656 4749 2748 4802 tali
2781 4750 3112 4818 cogitatione
3149 4748 3466 4817 indignius?
3489 4748 3624 4802 Nam

2051 4841 2154 4892 etsi
2184 4855 2324 4894 unus
2355 4848 2568 4892 tantum
2603 4839 2823 4893 deberet
2864 4854 2987 4893 esse
3017 4841 3216 4902 bonus,
3261 4854 3368 4892 non
3398 4841 3628 4908 proinde

2045 4931 2257 4999 justum
2302 4939 2445 4984 esset
2497 4930 2676 4984 omitti
2725 4931 3092 4995 creationem;
3142 4931 3336 4984 melior
3366 4940 3450 4983 est
3477 4932 3622 4983 enirn

2051 5036 2194 5074 unus
2255 5018 2465 5074 faciens
2515 5019 2846 5073 voluntatem
2907 5018 3122 5074 Domini
3173 5035 3334 5090 quam
3383 5019 3622 5072 sexcenti

2049 5122 2388 5180 peccatores.
2416 5109 2669 5180 Nunquid
2719 5111 2799 5164 eis
2838 5111 2928 5178 qui
2960 5125 3155 5163 aurum
3186 5125 3251 5164 ex
3280 5110 3502 5163 aurario
3527 5111 3628 5162 eli-

2053 5213 2188 5273 gunt
2223 5203 2475 5258 dicemus
2504 5204 2681 5256 lutum
2709 5203 2904 5258 inutile
2934 5218 3058 5256 cum
3083 5203 3378 5258 bracteolis
3404 5217 3512 5256 non
3537 5217 3626 5256 as-

2053 5296 2296 5366 portari?
2323 5296 2428 5349 Sed
2459 5295 2778 5349 audiremus
2804 5295 3130 5350 electionem
3172 5309 3334 5349 secus
3362 5308 3487 5349 esse
3517 5293 3622 5346 im-

2053 5388 2366 5458 possibilem
2394 5405 2408 5452 ;
2445 5402 2544 5442 nec
2575 5396 2761 5442 essent
2792 5387 2972 5450 electi,
3001 5387 3104 5440 nisi
3137 5386 3228 5439 alii
3259 5394 3621 5450 vocarentur;

2053 5474 2144 5528 sed
2194 5474 2472 5542 quomodo
2504 5489 2830 5528 vocarentur
2878 5475 2982 5528 nisi
3031 5473 3161 5528 facti
3211 5473 3466 5527 fuerint?
3518 5473 3623 5527 Sed

2051 5565 2276 5633 propius
2327 5565 2514 5620 adhuc
2561 5581 2865 5620 sermonem
2929 5566 3302 5642 instituamus,
3360 5572 3417 5619 et
3475 5567 3622 5634 ipsos

2051 5655 2460 5724 interrogemus
2493 5657 2833 5726 obiectantes
2864 5658 2912 5710 ci
2962 5658 3054 5726 qui
3087 5657 3198 5710 vult
3251 5657 3438 5711 salvos
3485 5659 3624 5722 iicri,

2051 5748 2118 5802 de
2153 5747 2363 5819 bisqui
2417 5749 2694 5819 propriam
2755 5748 2997 5821 salutem,
3030 5765 3138 5806 non
3193 5749 3404 5807 volunt.
3454 5749 3624 5808 Nobis
