4082 6472
366 380 521 444 .59

1680 368 2066 431 GREGORII
2097 371 2424 441 PALAMxE

3580 379 3687 443 520

420 510 753 569 mortalibus
775 506 882 565 cibi
906 506 1210 563 necessitas
1238 506 1525 562 incumbit.
1553 503 1724 562 Porro
1749 505 1854 561 cibi
1880 518 2005 575 par-

2129 505 2318 571 τάντας
2378 505 2589 561 θέλοντι
2638 502 2881 576 σωθῆναι
2920 506 3065 579 ὑπὲρ
3130 507 3240 563 τῶν
3288 510 3364 580 μὴ
3421 511 3688 569 θελόντων

420 615 531 661 tem
569 615 765 658 natura
800 603 853 657 in
884 601 1158 672 propriam
1194 598 1552 655 refectionem
1587 598 1760 668 eligit,
1784 606 1839 652 et
1867 596 2002 651 sibi-

421 696 641 766 metipsi
685 694 934 759 assumit,
963 701 1168 764 partem
1198 707 1328 749 vero
1362 690 1560 745 factam
1616 689 1885 758 faetidam,
1943 699 2005 748 ut

422 789 672 846 inutilem
722 785 923 841 emittit
968 802 1061 857 per
1110 787 1353 841 membra
1409 783 1707 840 secretioni
1759 783 1997 839 idonea:

428 879 673 950 nunquid
722 878 971 949 proinde,
1005 878 1133 949 quia
1188 878 1355 933 debet
1407 877 1462 931 in
1512 886 1728 931 stercus
1778 875 2002 941 mutari,

426 986 608 1028 escam
637 972 861 1025 omnino
894 969 1234 1040 propelletis,
1270 969 1357 1025 vel
1392 969 1524 1040 quia
1551 968 1714 1024 debet
1757 967 1881 1037 eligi
1910 981 2010 1021 na-

431 1075 551 1120 tura
587 1063 860 1119 nostrain
898 1062 1277 1130 refectionem,
1308 1077 1406 1132 per
1429 1060 1733 1116 coctinnem
1787 1057 2008 1115 assimi-

434 1156 531 1211 iari
560 1165 615 1210 et
644 1156 696 1209 in
723 1154 845 1225 ejus
897 1155 1266 1209 substantiam
1294 1153 1561 1220 converti,
1590 1152 1751 1223 proin
1786 1165 2007 1206 onmem

426 1263 614 1303 escam
670 1247 994 1303 assumere?
1050 1245 1412 1317 Nequaquam
1465 1261 1604 1315 opus
1654 1251 1741 1300 est
1799 1244 2012 1300 ratioci-

432 1341 640 1407 nandi;
700 1354 825 1393 nam
881 1354 1045 1407 Opere
1095 1338 1496 1410 respondemus
1551 1337 1784 1407 singulis
1814 1337 2010 1393 diebus

436 1432 862 1497 manducantes,
892 1441 951 1487 et
981 1440 1267 1488 vescentes
1307 1430 1433 1486 cibo
1470 1430 1565 1501 qui
1603 1429 1769 1486 simul
1802 1436 2013 1485 natura:

436 1530 640 1577 nostrae
672 1523 928 1577 convenit
952 1531 1006 1577 et
1077 1521 1145 1576 ab
1185 1537 1248 1576 ea
1282 1521 1584 1590 repellitur.
1642 1520 1812 1590 Cujus
1842 1518 2014 1590 gratia

439 1615 545 1671 hoc
572 1615 849 1671 facimus?
882 1614 1108 1684 PrOpter
1157 1614 1404 1669 innatum
1456 1612 1615 1668 nobis
1656 1627 1899 1668 amorem
1931 1613 2017 1666 vi-

440 1716 529 1761 tae.
568 1709 645 1762 Ita
675 1724 804 1778 ergo
857 1708 1002 1762 Dens
1056 1716 1277 1776 propter
1301 1706 1566 1784 .innatam
1618 1706 2015 1775 benignitatem

440 1807 496 1854 et
519 1800 889 1867 clementiam,
912 1800 1037 1854 liret
1058 1798 1306 1853 nonnulli
1337 1808 1531 1869 sponte
1556 1798 1686 1852 mali
1712 1806 1898 1853 essent
1930 1799 2017 1853 fu-

2108 600 2209 668 τὴν
2240 598 2452 653 οίκείαν
2481 599 2783 670 σωτηρίαν.
2815 599 3044 669 Βροτοίς
3078 602 3212 671 ἡμῖν
3243 600 3366 658 οὖσι
3390 606 3689 676 τρέφεσθαι

2108 692 2326 763 ἀνάγκη
2350 708 2366 725 ο
2401 691 2527 745 ἐπεὶ
2558 687 2655 746 οὖν
2679 691 2784 762 τῆς
2815 692 3023 763 τροφῆς
3047 693 3109 747 τὸ
3161 693 3264 765 μὲν
3296 697 3330 767 ἡ
3383 696 3509 750 καθ’
3538 699 3689 768 ἡμᾶς

2110 783 2271 853 φύσις
2335 783 2418 847 είς
2471 782 2686 837 οἰκείαν
2742 782 3001 839 σύστασιν
3059 783 3374 856 ἐκλέγεται,
3401 789 3498 844 καὶ
3547 790 3689 860 πρὸς

2111 876 2313 946 ἑαυτὴν
2342 876 2740 946 ἀναλαμϐάνει,
2769 879 2829 931 τὸ
2849 877 2909 931 δὲ
2948 878 3188 943 δυσῶδες
3233 881 3686 954 ἀπεργαζομένη,

2109 969 2183 1032 ὡς
2215 970 2434 1042 ἀχρεῖον
2459 969 2564 1035 ἔξω
2591 969 2772 1040 βάλλει
2797 970 2886 1025 διὰ
2913 971 3024 1026 τῶν
3052 973 3429 1043 ἀποκριτικῶν
3460 977 3687 1045 μορίων,

2113 1063 2295 1131 ὑμεῖς,
2317 1062 2404 1115 διὰ
2430 1061 2493 1116 τὸ
2517 1062 2712 1134 μέλλον
2739 1064 2820 1127 είς
2849 1064 3053 1135 κόπρον
3079 1066 3555 1138 ἀποτελευτῆσειν,
3588 1071 3688 1138 τὴν
3752 1068 3757 1074 ’

2112 1154 2321 1225 τροφὴν
2352 1154 2644 1210 ἁπὼσεσθε
2676 1156 3108 1229 παντάπασιν,ἢ
3147 1159 3235 1213 διὰ
3271 1161 3333 1213 τὸ
3388 1161 3691 1230 ἐκλεγόμε-

2118 1263 2229 1313 νον,
2248 1247 2342 1300 καὶ
2369 1248 2508 1320 πρὸς
2547 1246 2811 1303 σύστασιν
2834 1250 2933 1321 τῆς
2960 1249 3084 1305 καθ’
3133 1253 3280 1323 ἡμᾶς
3336 1252 3553 1322 φύσεως
3602 1254 3693 1308 διὰ

2116 1337 2333 1407 πέψεως
2356 1338 2779 1409 ὲξομοιούμενόν
2809 1360 2870 1397 τε
2924 1344 3024 1397 καὶ
3051 1345 3590 1414 προσοικειούμενον,
3630 1346 3695 1400 τὸ

2118 1431 2230 1486 πᾶν
2273 1430 2374 1500 τῆς
2420 1430 2629 1502 τροφῆς
2678 1433 3081 1503 προσοίσεσθις
3140 1435 3366 1500 Πάντως
3413 1436 3476 1490 ού
3531 1435 3693 1504 λόγον

2118 1524 2280 1595 χρεία
2315 1541 2330 1557 ·
2360 1525 2458 1580 καὶ
2489 1525 2601 1597 γάρ
2621 1526 2768 1599 ἔργῳ
2793 1528 2893 1600 τὴν
2918 1528 3219 1600 ἀπόκρισιν
3237 1509 3545 1599 ποίούμιθα
3567 1530 3690 1584 καθ’

2119 1616 2335 1686 ἡμέραν
2368 1618 2720 1687 τρεφόμενοι,
2752 1620 2848 1672 καὶ
2889 1619 2979 1673 διὰ
3003 1619 3103 1689 τὴν
3157 1618 3506 1690 κατάλληλον
3559 1621 3694 1691 ἡμῖν

2119 1706 2350 1778 τροφὴν,
2387 1707 2483 1761 καὶ
2505 1708 2619 1779 ,τὴν
2651 1709 3030 1780 ἀκατάλληλον
3059 1712 3128 1781 τῇ
3175 1709 3335 1780 φύσει
3387 1711 3697 1781 προσφερό-

2126 1818 2302 1871 μενοι.
2335 1803 2378 1855 Τ
2385 1802 2493 1866 ίνος
2516 1803 2676 1872 χάριν
2707 1802 2867 1858 τοῦτο
2898 1806 3265 1875 πράττοντεςς
3294 1805 3394 1858 Διὰ
3444 1804 3543 1875 τὴν
3600 1804 3699 1874 5y.-

443 1892 574 1955 turi,
607 1893 959 1946 nihilominus
1000 1891 1057 1945 in
1086 1892 1263 1946 lucem
1300 1891 1476 1945 bonos
1507 1890 1817 1954 cdidit,sed
1857 1906 2019 1960 prop-

2129 1910 2293 1963 φυτον
2318 1895 2450 1964 ἡμῖν
2485 1895 2804 1964 φιλοζωίαν.
2835 1896 3025 1960 Οὕτως
3055 1899 3149 1950 οὖν
3191 1898 3286 1950 καὶ
3340 1897 3369 1948 ὁ
3425 1897 3558 1960 Θεὸς
3608 1897 3700 1952 διὰ

443 1994 527 2039 ter
565 1984 741 2039 bonos
773 1999 871 2040 eos
906 1983 1072 2039 etiam
1106 1983 1199 2055 qui
1232 1983 1358 2037 mali
1388 1981 1764 2049 erantfuturi,
1794 1985 2019 2038 creavit.

438 2072 635 2130 Nonne
666 2075 863 2130 videtis
920 2076 1181 2151 quoniam
1226 2074 1565 2130 medicorum
1598 2075 1751 2145 pueri
1789 2090 1892 2129 non
1945 2074 2024 2130 si—

442 2178 578 2222 nunt
617 2167 761 2223 fame
793 2170 1031 2238 torqueri
1055 2183 1151 2223 eos
1182 2170 1275 2239 qui
1297 2178 1522 2238 propter
1542 2154 1882 2224 debilitatem
1909 2178 2024 2223 sto-

446 2261 627 2315 machi
675 2262 859 2316 cibum
910 2260 1147 2316 retinere
1202 2266 1506 2331 nequeunt,
1560 2259 1657 2314 sed
1704 2259 1861 2315 illum
1891 2273 2023 2313 evo-

441 2351 637 2407 munt?
672 2351 855 2419 Quare
882 2367 1017 2424 ergo
1042 2354 1169 2411 illos
1204 2353 1418 2410 nutrire
1453 2351 1713 2410 studenti
1758 2353 2023 2422 quoniam

441 2445 650 2515 aliquid
691 2446 797 2502 etsi
833 2447 951 2503 leve
981 2457 1178 2503 natura
1223 2462 1254 2502 a
1283 2448 1407 2503 cibo
1451 2448 1669 2518 accipit,
1702 2447 1805 2503 etsi
1845 2447 2024 2517 major

441 2555 571 2611 pars
619 2557 871 2598 escarum
902 2526 1200 2600 vomitihus
1252 2542 1514 2599 reddatur
1566 2542 1820 2610 inutilis;
1862 2556 2003 2613 qua.

443 2644 668 2703 propter
700 2634 940 2690 humana
973 2636 1172 2691 merito
1200 2635 1406 2690 dicitur
1442 2634 1740 2690 medicina.

2125 1986 2226 2058 τὴν
2263 1987 2505 2067 ἔμφυτον
2541 1987 2889 2059 χρηστότητα
2921 1988 3018 2042 καὶ
3065 1988 3126 2041 τὸ
3156 1988 3479 2057 φιλάγαθον,
3521 1992 3582 2045 ού
3613 1990 3703 2045 διὰ

2126 2082 2253 2147 τοὺς
2298 2080 2597 2150 ἐσομένους
2626 2081 2841 2135 οἴκοθεν
2885 2084 3093 2146 κακοὺς
3127 2084 3307 2154 ἀφῆκε
3362 2084 3701 2152 προαγαγεῖν

2127 2176 2207 2236 είς
2239 2173 2457 2242 γένεσιν
2485 2174 2612 2236 τοὺς
2637 2174 2900 2242 ἀγαθοὺς,
2940 2177 3080 2230 ἀλλὰ
3120 2177 3213 2230 διὰ
3257 2179 3386 2241 τοὺς
3440 2178 3701 2246 ἀγαθοὺς,

2128 2267 2227 2320 καὶ
2283 2265 2410 2329 τοὺς
2457 2265 2755 2336 ἐσομένους
2815 2267 3022 2332 κακοὺς
3080 2268 3543 2340 ἐδημιούργησεν.
3590 2270 3705 2340 Οὐχ

2127 2360 2296 2431 ὁρᾶτε
2322 2357 2449 2424 τοὺς
2476 2358 2587 2413 τῶν
2630 2359 2835 2427 ίατρῶν
2893 2360 3093 2425 παῖδας
3141 2362 3225 2416 ὅτι
3255 2362 3356 2416 οὐκ
3408 2361 3707 2416 ινδιδόασιν

2130 2449 2341 2503 ἁσιτεῖν
2370 2450 2484 2511 τοῖς
2507 2448 2597 2503 διὰ
2621 2448 2720 2518 τὴν
2741 2448 2840 2503 τοῦ
2876 2451 3152 2521 στομάχου
3179 2451 3403 2507 ἀτονίαν
3430 2453 3497 2506 ού
3524 2469 3708 2523 παρα-

2130 2539 2477 2610 κατέχουσιν,
2491 2539 2607 2594 ἀλλ’
2636 2539 2833 2611 ὲμοῦσι
2864 2542 3200 2614 τὴντροφήν;
3223 2542 3383 2608 Τίνος
3414 2539 3507 2599 οὖν
3543 2544 3708 2598 ἓνεκα

2129 2630 2426 2702 τρέφεσθαι
2438 2630 2627 2697 αὐτοῖς
2644 2632 3074 2704 προτρέπουσινς
3101 2633 3225 2688 Ὅτι
3242 2633 3308 2687 λα
3316 2634 3512 2704 μὸάνει
3527 2650 3579 2686 τι
3600 2633 3707 2688 κᾶν

446 2731 497 2781 εί
539 2728 714 2802 βραχὺ
777 2731 931 2802 παρὰ
963 2729 1062 2797 τῆς
1108 2730 1322 2800 τροφῆς
1374 2731 1408 2800 ἡ
1446 2729 1631 2799 φύσις,
1664 2731 1714 2783 εί
1743 2729 1839 2785 καὶ
1889 2727 1952 2782 τὸ
1978 2727 2233 2782 πλεῖστον
2277 2729 2389 2782 τῶν
2455 2728 2765 2801 βρωμάτων
2794 2715 3217 2804 ὁχρειοῢτᾶιδιὰ
3266 2733 3378 2788 τῶν
3456 2734 3706 2804 ὲμετῶν·

443 2824 533 2877 διὰ
554 2822 710 2876 τοῦτο
745 2824 1129 2894 φιλάνθρωπος
1163 2826 1389 2887 δικαίως
1411 2826 1446 2896 η
1478 2823 1700 2894 ἰατρικὴ
1725 2824 1997 2878 καλεῖται.

519 2924 671 2980 Unde
699 2923 1008 2993 benignitas
1037 2933 1091 2979 et
1114 2922 1404 2980 clementia
1453 2922 1551 2978 Dei
1606 2937 1672 2979 ex
1700 2923 1810 2978 hoc
1847 2923 2024 2992 magis

2206 2917 2373 2971 Ὥστε
2397 2915 2580 2970 καὶτὸ
2621 2912 2721 2969 τοῦ
2750 2913 2889 2970 Θεοῦ
2922 2916 3228 2986 φιλάγαθὸν
3270 2933 3332 2970 τε
3383 2916 3481 2971 καλ
3516 2918 3707 2989 φιλάν-

446 3017 784 3080 ostenditnr,
832 3016 1117 3085 quoniam,
1162 3029 1473 3084 quanquam
1521 3029 1634 3084 pra:
1677 3014 2023 3069 multitudine

2132 3009 2357 3080 θρωπον
2390 3008 2454 3062 ὲκ
2482 3007 2675 3062 τούτου
2711 3007 2916 3079 μᾶλλον
2960 3009 3259 3076 δείκνυται,
3319 3011 3404 3063 ὅτι
3452 3003 3593 3080 τιτρὸς
3641 3010 3704 3063 τὸ

448 3107 757 3162 animarum
790 3121 900 3160 non
950 3106 1341 3162 salvandarum
1372 3107 1530 3176 pauci
1580 3107 1693 3161 sint
1737 3106 1829 3174 qui
1858 3106 2022 3161 saluti

2133 3101 2340 3171 πλῆθος
2366 3101 2475 3156 τῶν
2506 3101 2580 3171 μὴ
2610 3099 2963 3171 σωζομένων,
3004 3101 3204 3170 ὀλίγων
3258 3102 3429 3156 ὄντων
3460 3103 3569 3156 τῶν
3608 3103 3709 3171 τῆς

447 3213 562 3252 suae
609 3196 934 3259 inserriunt.
969 3195 1086 3265 ipse
1135 3204 1303 3250 totum
1352 3209 1524 3263 genus
1577 3194 1845 3258 condidit,
1891 3210 2023 3265 pau-

2132 3195 2344 3258 οίκείας
2371 3194 2653 3266 σωτηρίας
2707 3194 3205 3259 ἀντιποιουμένων.
3256 3197 3422 3258 αὐτὸς
3470 3196 3533 3249 τὸ
3597 3198 3708 3250 πᾶν

446 3290 640 3357 eisque
673 3287 872 3343 futuris
925 3287 1135 3355 electis,
1166 3299 1388 3359 propter
1440 3289 1668 3343 nimiam
1697 3289 2022 3344 charilatem

2132 3289 2289 3357 γένος
2315 3289 2740 3360 ἐδημιούργησε,
2763 3288 2859 3341 καὶ
2895 3288 3092 3358 ὀλίγων
3140 3289 3313 3344 ὄντων
3371 3289 3482 3343 τῶν
3548 3289 3707 3343 ὲκλε-

448 3396 643 3436 omnes
677 3390 858 3436 tamen
905 3381 1144 3437 vocarit.
1180 3400 1199 3433 ι
1241 3379 1429 3436 Simile
1456 3380 1663 3436 factum
1693 3390 1796 3447 est,
1832 3380 2023 3452 inquit,

2132 3339 2287 3436 se;
2320 3339 2569 3433 seu:
2592 3339 3300 3450 ὶιὲλλέςνέφνζέὸέδξ’ὲᾷ
3334 3339 3710 3452 simini.

448 3489 680 3543 regnum
714 3476 984 3529 cmlorum
1019 3473 1227 3529 homini
1255 3475 1367 3543 regi
1391 3474 1482 3543 qui
1508 3472 1638 3528 fecit
1663 3474 1882 3543 nuptias
1915 3472 2023 3527 filio

2133 3471 2224 3526 λον
2274 3471 2374 3540 τῆς
2416 3469 2587 3524 αὐτοῦ
2641 3469 3070 3541 φιλανθρωπίας
3120 3469 3369 3535 ἅπαντας
3425 3472 3705 3527 ἐκάλεσεν.

451 3577 585 3619 suo:
614 3570 667 3617 ct
693 3562 840 3619 misit
866 3578 1059 3618 servos
1088 3577 1222 3619 suos
1247 3578 1449 3620 vocare
1493 3563 1758 3620 inritatos
1790 3564 1856 3618 ad
1889 3578 2023 3633 nup-

2139 3581 2160 3616 ι
2204 3563 2478 3634 ⁹ὶὶμοιώθη
2506 3565 2637 3634 γὰρ,
2680 3564 2866 3633 φησὶν,
2923 3564 2957 3634 ἡ
3009 3563 3259 3634 βασιλεία
3298 3564 3408 3616 τῶν
3459 3564 3707 3633 οὐρανῶν

452 3654 576 3718 tias,
610 3662 670 3706 et
691 3655 952 3708 nolebant
974 3655 1189 3709 venire.
1224 3674 1242 3706 ι
1281 3654 1382 3709 ilic
1409 3655 1627 3725 nuptias
1657 3666 1817 3710 vocat
1871 3655 2023 3709 unio-

2134 3654 2407 3726 ἀνθρώπῳ
2440 3656 2655 3723 βασιλεῖ
2673 3656 2823 3720 ὅστις
2850 3655 3074 3724 ἐποίησε
3105 3656 3318 3727 γάμους
3364 3656 3442 3727 τῷ
3479 3654 3579 3724 υίῷ
3617 3656 3711 3709 αύ-

451 3763 577 3803 nem
621 3748 743 3803 Filii
777 3746 872 3802 Dei
908 3762 1038 3803 cum
1092 3748 1330 3803 humana
1378 3758 1594 3811 natura,
1623 3758 1679 3802 et
1725 3761 1823 3818 per
1868 3747 2023 3801 istam

2135 3740 2257 3820 τοῦ,
2315 3749 2412 3803 καὶ
2435 3748 2727 3803 ἀπέστειλε
2783 3748 2910 3812 τοὺς
2961 3747 3183 3811 δούλους
3236 3748 3427 3815 αὑτοῦ,
3479 3747 3709 3804 καλέσαι

449 3856 581 3917 cuni
610 3841 848 3896 Ecclesia
878 3850 1086 3895 nostra.
1123 3836 1261 3893 Nam
1292 3837 1492 3909 Paulus
1523 3837 1711 3893 dicens
1734 3838 2023 3892 matrimo-

2132 3841 2262 3905 τοὺς
2283 3840 2659 3911 κεκλημένους
2690 3841 2772 3902 είς
2812 3841 2942 3905 τοὺς
2968 3840 3205 3909 γάμους,
3235 3840 3330 3893 καὶ
3364 3839 3464 3894 ούκ
3516 3840 3711 3912 ἧθελον

453 3936 529 3990 nii
577 3936 899 4005 mysterium
946 3948 1070 3988 esse
1128 3947 1410 4003 magnum,
1447 3931 1690 3987 addidit:
1736 3949 1756 3982 ι
1795 3929 1909 4001 Ego
1937 3946 2036 3986 att-

451 4036 560 4080 tem
615 4026 737 4079 dico
790 4023 846 4077 in
896 4020 1119 4078 Christo
1161 4031 1218 4076 et
1249 4022 1305 4076 in
1337 4020 1606 4076 Ecclesia.
1643 4038 1662 4071 ι
1697 4019 1838 4076 Alibi
1865 4021 2030 4077 etiam

450 4119 614 4172 nobis
665 4116 839 4170 dicit:
877 4133 896 4167 ι
951 4114 1228 4184 Despondi
1280 4128 1378 4168 vos
1430 4114 1525 4170 uni
1586 4114 1708 4168 viro
1762 4113 2032 4186 virginem

450 4218 656 4262 castam
713 4207 974 4263 exhibere
1029 4206 1251 4261 Christo
1318 4206 1388 4258 “.
1456 4224 1476 4259 ι
1533 4202 1864 4275 δεάςηιιατθ
1923 4220 2031 4261 non

451 4298 589 4352 dixit
615 4313 781 4352 unum
814 4296 1177 4359 connubium,
1201 4296 1550 4361 at,connubia
1572 4309 1749 4366 regem
1770 4294 2035 4350 caelorum

454 4380 672 4443 Patrem
753 4387 1082 4444 altissimum
1139 4383 1278 4441 Filio
1330 4400 1431 4441 suo
1479 4384 1719 4440 fecisse?
1760 4383 2032 4450 Quoniam

452 4489 771 4536 sanctarum
823 4476 1133 4533 animarum
1198 4493 1435 4548 sponsus
1482 4476 1758 4539 Christus,
1806 4477 2036 4546 singulis

452 4573 575 4628 istis
626 4570 828 4627 animis
884 4570 1114 4641 mystice
1172 4569 1526 4640 coniunctus,
1585 4570 1681 4624 dat
1710 4569 1861 4625 Patri
1891 4585 2035 4641 nup-

2135 3933 2334 3990 ὲλθείν.
2386 3951 2406 3985 ι
2442 3933 2629 4003 Γάμον
2672 3933 2909 3987 ἐνταῦθα
2959 3932 3058 4004 τὴν
3091 3933 3187 3986 τοῦ
3246 3933 3380 3986 Υίοῦ
3431 3932 3526 3986 τοῦ
3573 3933 3707 3987 Θεοῦ

2136 4028 2276 4098 πρὸς
2295 4028 2396 4097 τὴν
2426 4026 2780 4097 ἀνθρωπίνην
2809 4027 2993 4095 φύσιν,
3027 4027 3121 4080 καὶ
3151 4029 3250 4096 τὴν
3274 4027 3344 4090 διζ
3374 4027 3544 4096 αὐτῆς
3573 4026 3712 4097 πρὸς

2136 4119 2238 4189 τὴν
2262 4117 2386 4172 καθ’
2445 4118 2593 4187 ἡμᾶς
2622 4115 2972 4186 ,Ἐκκλησίαν
3017 4115 3165 4183 λέγει
3197 4115 3496 4184 συνάφειαν
3526 4131 3541 4147 ·
3570 4114 3715 4168 οὕτω

2136 4209 2246 4278 γὰρ
2271 4209 2366 4263 καὶ
2401 4209 2430 4260 ὁ
2456 4207 2665 4270 Παῦλος
2689 4204 2885 4272 εἰπὼν,
2910 4205 2993 4259 ὅτι
3016 4205 3075 4258 τδ
3106 4205 3411 4276 μυστήριον
3457 4205 3552 4257 τοῦ
3611 4204 3716 4272 γά-

2140 4319 2244 4368 μου
2273 4302 2417 4372 μέγα
2445 4300 2617 4366 ἐστὶν,
2673 4300 2964 4367 ἐπήγαγεν
2995 4314 3010 4330 υ
3054 4316 3085 4350 ηι
3130 4297 3274 4366 Ἐγὼ
3331 4297 3388 4351 δὲ
3442 4295 3589 4363 λέγω
3636 4299 3716 4360 εἰς

2137 4394 2394 4464 Χριστὸν,
2416 4392 2512 4444 καὶ
2539 4392 2618 4454 είς
2646 4390 2747 4460 τὴν
2780 4388 3132 4461 Ἐκκλησίαν.
3164 4407 3182 4441 ι
3227 4387 3487 4459 ’Λλλαχοῦ
3520 4388 3578 4441 δὲ
3613 4388 3718 4443 πά-

2137 4485 2222 4538 λιν
2245 4483 2381 4554 πρὸς
2414 4484 2561 4553 ἡμᾶς
2596 4497 2762 4553 φησιν
2788 4499 2803 4515 ο
2846 4498 2866 4534 ι
2915 4481 3286 4553 Ἦρμοσάμην
3316 4482 3462 4551 ὑμᾶς
3490 4480 3573 4533 ἑνὶ
3621 4480 3717 4532 άν-

2139 4575 2252 4646 δρὶ,
2314 4572 2591 4644 παρθένον
2647 4572 2818 4644 ἁγνὴν
2870 4572 3227 4643 παραστῆσαι
3270 4571 3350 4642 τῷ
3402 4569 3649 4643 Χριστῷ.
3688 4589 3707 4623 ο

450 4666 579 4720 tiale
640 4662 900 4734 gaudium
954 4663 1024 4718 de
1073 4663 1179 4719 isto
1235 4662 1537 4718 celebrare.
1590 4661 1710 4731 Ipse
1751 4662 1897 4717 enim
1954 4672 2023 4718 est

2142 4667 2299 4728 Τίνος
2330 4665 2388 4719 δὲ
2413 4665 2603 4719 ἕνεκεν
2655 4666 2757 4735 οὐχ
2786 4665 2883 4718 ενα
2919 4665 3119 4734 γάμον,
3143 4664 3280 4719 ἀλλὰ
3318 4663 3529 4733 γάμους
3587 4663 3714 4731 φησι

450 4757 542 4829 qui
572 4756 705 4812 dicit
736 4773 751 4811 :
791 4775 809 4807 ι
845 4754 1110 4812 Gaudium
1138 4754 1243 4810 erit
1274 4756 1325 4809 in
1355 4755 1498 4810 cmlo
1524 4770 1691 4824 super
1743 4769 1853 4810 uno
1899 4770 2029 4825 pee-

452 4862 637 4904 catore
664 4848 1036 4918 pmnitentiam
1073 4859 1265 4917 agente
1299 4847 1399 4902 ³⁸.»
1421 4845 1555 4901 Nam
1586 4845 1818 4915 Spiritus
1843 4846 2040 4903 iterum

451 4956 550 5010 per
605 4939 1019 4995 conversionem
1081 4938 1471 5009 conjungentis
1534 4946 1591 4993 et
1654 4938 2041 5009 desponsantis

454 5032 675 5088 Christo
719 5033 932 5088 animas
962 5032 1016 5086 in
1049 5030 1376 5102 ptenitentia
1422 5030 1665 5085 virentes
1697 5029 1910 5086 fructus
1959 5038 2044 5088 est

355 5143 358 5146 ’
457 5126 716 5198 gaudium
746 5124 1052 5180 secundum
1080 5123 1428 5192 Apostolum,
1469 5137 1581 5193 quo
1612 5122 1892 5193 replentur
1922 5139 2043 5180 om-

454 5232 553 5271 nes
586 5216 679 5271 Dei
713 5215 1015 5271 amicisive
1044 5214 1097 5268 in
1133 5213 1272 5268 coelo
1296 5214 1412 5267 sive
1434 5212 1489 5266 in
1516 5214 1719 5280 terris;
1757 5213 1878 5269 ideo
1904 5229 2040 5284 gau-

454 5311 603 5365 dium
633 5310 738 5363 erit
773 5310 831 5364 in
865 5307 1005 5363 cmlo
1032 5321 1197 5377 super
1217 5321 1328 5371 uno
1355 5314 1640 5376 peccatore
1662 5307 2040 5377 pmnitentiam

454 5413 667 5472 agente.
712 5400 888 5471 llujus
924 5399 1098 5470 gratia
1137 5398 1430 5454 inellabilis
1466 5400 1873 5470 cenjunctionis
1916 5402 2041 5472 ejus

453 5497 548 5564 qui
593 5497 751 5550 nobis
810 5491 1186 5564 penitentiam
1217 5491 1365 5547 dedit
1422 5491 1543 5548 Filii
1604 5494 1721 5560 Dei,
1744 5493 1861 5565 jam
1912 5510 2038 5551 cum

455 5583 691 5639 humana
722 5590 916 5636 natura
947 5579 1223 5650 perfectae,
1261 5596 1474 5637 necnon
1511 5583 1746 5653 ingentis
1783 5585 1967 5654 gaudii
2002 5599 2031 5638 a

476 5676 585 5751 Deo
616 5676 779 5731 Patre
809 5671 955 5729 illius
992 5688 1156 5730 causa
1187 5675 1445 5730 celebrati
1498 5677 1727 5751 mystice
1758 5677 1815 5734 in
1843 5678 2028 5746 caelis,

534 5858 579 5889 ³⁸
614 5854 655 5911 ll
685 5855 915 5932 Cor._xr,
946 5857 1001 5913 2.
1079 5858 1122 5890 ³⁸
1153 5854 1285 5927 Lue.
1324 5871 1415 5924 xv,
1452 5855 1503 5911 7.

2096 5221 2101 5225 ’
2143 5213 2261 5267 ὅτι⁶
2302 5231 2321 5265 ι
2359 5212 2520 5282 Χαρὰ
2547 5212 2758 5279 γίνεται
2783 5212 2842 5264 ὲν
2862 5211 3076 5281 ούρανῷ
3133 5212 3228 5263 ἐπὶ
3259 5209 3338 5263 ἑνὶ

2140 4758 2234 4812 τὸν
2287 4757 2514 4826 βασιλέα
2559 4755 2669 4810 τῶν
2725 4756 2974 4828 οὐρανῶν
3029 4756 3122 4809 τὸν
3172 4753 3434 4808 ἀνωτάτω
3495 4754 3716 4822 Πατέρα

2142 4850 2369 4918 ποιῆσαι
2399 4848 2480 4921 τῷ
2510 4848 2628 4920 Υίῷ
2658 4847 2864 4929 αὐτούς
2898 4847 3234 4918 Ἐπειδήπερ
3257 4848 3286 4901 6
3314 4846 3424 4900 τῶν
3459 4840 3745 4916 καθαρῶν

2138 4941 2327 5014 ψυχῶν
2350 4939 2586 5012 νυμφίος
2619 4940 2855 5011 Χριστὸς
2882 4940 3090 5010 ἑκάστῃ
3146 4940 3292 5009 ψυχῇ
3325 4939 3548 5007 τοιαύτῃ
3616 4955 3716 5006 μυ-

2143 5033 2349 5096 στικῶς
2377 5033 2812 5102 συναπτόμενος,
2846 5031 3118 5101 γαμήλιον
3148 5031 3227 5100 τῷ
3278 5031 3450 5099 Πατρὶ
3499 5028 3718 5080 δίδωσιν

2150 5126 2308 5194 ἄγειν
2358 5125 2452 5177 ἐπὶ
2479 5125 2659 5194 τούτῳ
2685 5123 2862 5193 χαράν
2882 5137 2897 5152 θ
2931 5123 3091 5185 αὐτὸς
3128 5120 3235 5193 γάρ
3265 5121 3415 5173 ἔστιν
3444 5121 3469 5173 ὁ
3517 5119 3714 5183 λέγων,

3412 5207 3719 5279 ἁμαρτωλῷ

2148 5303 2502 5376 μετανοοῦντι
2535 5320 2550 5336 ο
2587 5323 2607 5356 ι
2637 5303 2732 5358 τοῦ
2770 5304 2879 5374 γὰρ
2908 5303 2978 5357 δι’
3027 5304 3362 5373 ἐπιστροφῆς
3413 5298 3573 5364 αὖθις
3595 5317 3718 5354 συνο

2146 5398 2408 5458 ιστῶντος
2449 5396 2543 5449 καὶ
2581 5394 2950 5458 συνάπτοντος
3000 5393 3225 5464 Χριστῷ
3252 5395 3380 5456 τοὺς
3434 5394 3494 5447 ἐν
3546 5409 3720 5463 μετα-

2146 5490 2264 5560 νοίᾳ
2292 5489 2505 5553 ζῶντας
2532 5488 2854 5558 Πνεύματος
2885 5487 3044 5556 ἁγίου
3074 5486 3287 5556 καρπός
3329 5485 3478 5539 ἐστιν
3509 5485 3540 5553 ἠ
3575 5482 3721 5554 χαρὰ

2142 5582 2287 5636 κατὰ
2301 5582 2393 5635 τὸν
2415 5580 2764 5646 Ἀπόστολον,
2796 5578 3328 5648 συμπεριὸάλλουσα
3357 5578 3486 5640 τοὺς
3529 5578 3589 5630 ἐν
3630 5577 3724 5626 οὐ·

2145 5675 2293 5748 ρανῷ
2311 5675 2530 5756 καλέ-πὶ
2558 5674 2661 5756 γῆς
2684 5674 2952 5755 ἐνθέους]
2980 5673 3067 5727 διὰ
3118 5671 3279 5729 τοῦτο
3324 5671 3469 5744 χαρὰ
3514 5669 3726 5740 γίνεται
