4082 6414
303 324 398 393 521

1682 313 2018 378 HOMILIA
2072 312 2229 375 XLI.

3497 305 3602 370 522

300 443 360 492 έν
386 436 464 508 τῷ
495 432 713 504 ούρανῷ
745 433 836 486 ἐπὶ
871 432 950 484 ἑνὶ
986 429 1302 501 ἁμαρτωλῷ
1352 425 1730 500 μετανοοῦντι.
1787 427 1892 496 Τῆς

2007 425 2160 481 missi
2193 431 2322 480 sunt
2350 423 2515 486 servi,
2540 419 2781 477 Joannes
2803 418 3013 475 Domini
3038 417 3601 501 Praccursquacha-

300 529 394 586 οὖν
426 529 671 600 ἀρρήτου
702 523 1002 594 συναφείας
1041 521 1138 576 τοῦ
1173 521 1548 592 χαρισαμένου
1580 521 1681 590 τὴν
1716 518 1886 588 μετάσ

301 637 453 677 νοιαν
487 619 620 690 ἡμῖν
647 616 782 670 Υἰοῦ
833 615 928 668 τοῦ
971 613 1138 680 Θεοῦ,
1189 612 1325 682 πρὸς
1375 611 1476 683 τὴν
1533 609 1888 681 ἀνθρωπίνην

298 715 468 783 φύσιν
498 711 834 780 τελουμένης
861 709 985 780 ήδη,
1013 708 1107 759 καὶ
1143 705 1243 775 τῆς
1278 706 1372 758 ἐπὶ
1409 703 1586 774 ταύτῃ
1621 704 1774 772 παρά
1791 702 1887 755 τοῦ

300 807 440 860 Θεοῦ
467 811 562 858 καὶ
593 803 814 875 Πατριις
856 803 1335 872 συγκροτουμένης
1396 796 1559 867 233
1619 797 1889 866 μυστικῆς

283 902 481 973 «χαρᾶς
521 901 578 952 ὲν
610 899 884 968 οὐρανοῖς,
903 894 1290 964 ἀπεστάλησαν
1323 892 1373 944 οἱ
1403 890 1606 951 δοῦλοι,
1630 890 1888 958 Ἰωάννης

299 999 328 1050 ὁ
361 993 454 1047 τοῦ
485 991 696 1060 Κυρίου
739 989 1074 1059 πρόδρομος,
1125 985 1404 1056 Ζαχαρίας
1456 982 1518 1035 ὃν
1560 982 1892 1035 ἀπέκτειναν

301 1093 351 1144 ot
381 1088 628 1143 Ἰουδαῖοι
657 1085 864 1154 μεταξὺ
899 1082 993 1136 τοῦ
1026 1081 1158 1134 ναοῦ
1195 1081 1291 1132 καὶ
1315 1077 1410 1131 τοῦ
1467 1076 1888 1146 θυσιαστηρίου,

304 1181 533 1250 Συμεὼν
567 1183 594 1233 ὁ
623 1178 897 1248 θεοδὸχος,
939 1177 1036 1228 καὶ
1063 1173 1251 1236 ἁπλῶς
1311 1171 1509 1232 πάντες
1545 1170 1595 1222 οἱ
1636 1170 1745 1239 πρὸ
1791 1167 1890 1222 τοῦ

307 1274 581 1346 σωτηρίου
618 1271 830 1334 πάθους
851 1271 947 1324 καὶ
972 1271 1072 1339 τῆς
1103 1265 1466 1328 ἀναστάσεως
1491 1261 1893 1331 καταγγείλαν-

303 1387 398 1432 τες
439 1365 840 1433 τετελεσμένην
904 1363 1006 1432 ἤδη
1059 1359 1161 1429 τὴν
1191 1359 1287 1412 ῖοῦ
1307 1357 1520 1426 Κυρίου
1554 1354 1643 1409 διά
1691 1353 1892 1424 σαρκὸς

305 1462 518 1515 ἐλευσιν
551 1459 643 1513 ἐπὶ
669 1457 770 1525 τὴν
803 1455 928 1525 γῆν.
961 1453 1382 1521 Ἀπεστόιλησαν
1409 1445 1504 1502 οὖν
1535 1442 1682 1501 οὗτοι
1727 1445 1892 1500 καλέ-

308 1575 400 1611 σαι
458 1555 583 1618 τοὺς
639 1549 1038 1621 κεκλημένους,
1080 1545 1329 1616 δηλονότι
1381 1543 1507 1605 τοὺς
1553 1540 1887 1602 Ἰουδαίους⁹

304 1643 450 1704 οὗτοι
479 1649 588 1717 γὰρ
616 1646 756 1698 εἰσιν
789 1645 837 1696 oi
871 1640 1226 1710 κεκλημένοι,
1271 1638 1348 1700 ὡς
1381 1638 1473 1688 καὶ
1504 1634 1772 1704 πρότερον
1805 1631 1894 1684 διὰ

304 1741 412 1794 τῶν
443 1737 746 1809 προφητῶν
793 1734 1113 1805 κληθέντες,
1169 1729 1287 1784 ἀλλ’
1329 1728 1430 1781 οὐκ
1481 1726 1755 1795 ἠθέλησαν
1811 1722 1896 1775 ὲλ-

1993 517 2105 572 rias
2133 530 2296 586 quem
2319 515 2640 570 occiderunt
2659 511 2834 568 Judaei
2867 513 3011 567 inter
3044 512 3304 582 templum
3331 520 3385 567 et
3406 515 3600 579 altare,
3649 534 3659 544 '

1993 607 2215 664 Simeon
2237 608 2330 677 qui
2357 606 2523 662 Deum
2557 605 2613 660 in
2637 605 2792 659 ulnas
2825 605 3129 673 accepit,et
3149 619 3342 660 omnes
3373 620 3600 675 prorsus

1994 699 2088 755 alii
2122 699 2238 770 qui,
2275 707 2402 754 ante
2429 695 2768 754 salutiferam
2793 697 3107 766 passionem
3147 709 3202 752 et
3231 700 3600 755 resurrectio-

1994 791 2618 856 nem,annuntiaverunt
2645 789 2753 858 iam
2787 789 2988 846 factum
3009 791 3226 846 Domini
3257 807 3352 863 per
3369 807 3596 850 carnem

1993 884 2289 940 adventum
2325 883 2381 938 in
2410 892 2633 938 terram.
2668 883 2731 937 lli
2757 898 2888 954 ergo
2915 885 3070 939 missi
3102 894 3230 940 sunt
3255 894 3315 939 ut
3338 897 3602 960 vocarent

1996 975 2276 1043 invitatos,
2301 974 2512 1030 scilicet
2531 972 2785 1041 Iuda‘os;
2813 975 2901 1029 iSti
2929 975 3080 1031 enim
3104 987 3231 1031 sunt
3255 979 3486 1043 invitati,
3510 988 3599 1034 ut-

1996 1081 2121 1142 pote
2151 1072 2300 1141 prius
2319 1085 2416 1141 per
2446 1070 2742 1141 prophetas
2774 1070 3084 1135 vocati,sed
3115 1073 3411 1127 noluerunt
3441 1075 3602 1130 veni-

1996 1181 2075 1232 re,
2092 1166 2142 1220 id
2167 1176 2250 1221 est
2267 1166 2490 1220 credere
2511 1173 2565 1219 et
2587 1163 2879 1238 participes
2901 1164 3018 1218 ﬂeri
3045 1163 3338 1220 ineﬂabilis
3365 1166 3568 1221 societa
3586 1199 3602 1210 -

1996 1258 2068 1313 tis
2093 1268 2148 1313 et
2169 1258 2378 1328 gratias,
2401 1255 2503 1312 etsi
2536 1256 2817 1310 multoties
2847 1262 2900 1309 et
2934 1255 3111 1324 primo
3138 1265 3192 1309 et
3216 1271 3361 1310 nutic
3393 1258 3596 1312 vocati.

2003 1351 2201 1407 lterum
2251 1364 2382 1420 ergo
2439 1349 2660 1414 dixit,o
2715 1347 3104 1418 inenarrabilis
3163 1348 3594 1420 longanimitas!

1999 1443 2152 1499 misit
2175 1443 2313 1498 alios
2346 1456 2534 1497 servos
2565 1442 2756 1496 dicens
2785 1459 2797 1496 :
2831 1459 2851 1492 ι
2895 1439 3033 1496 Ecce
3065 1441 3364 1510 prandium
3404 1457 3591 1497 meum

1998 1536 2206 1606 paravi,
2243 1537 2384 1590 tauri
2440 1535 2546 1589 mei
2600 1545 2657 1590 et
2706 1535 2880 1589 altilia
2913 1535 3099 1591 Occisa
3133 1545 3286 1601 sunt,
3321 1544 3377 1591 et
3410 1537 3598 1592 omnia

1998 1636 2225 1696 parata;
2259 1629 2438 1681 venite
2469 1630 2534 1680 ad
2592 1627 2836 1697 nuptias.
2871 1645 2890 1679 ι
2942 1625 3053 1683 llisl
3088 1627 3312 1694 auditis,
3347 1628 3438 1683 alii
3473 1629 3601 1698 qui-

1999 1719 2124 1776 dem
2156 1722 2538 1792 neglexerunt,
2567 1731 2621 1775 et
2661 1721 2916 1774 abierunt
2954 1720 3010 1774 in
3045 1735 3206 1791 agros
3241 1720 3296 1776 et
3331 1722 3399 1776 ad
3425 1736 3614 1792 nego~

307 1836 442 1901 θεῖν,
482 1833 731 1886 τουτέστι
763 1826 1061 1884 πιστεῦσαι
1084 1827 1179 1878 καὶ
1211 1821 1628 1893 συμμετασχεῖν
1655 1819 1754 1887 τῆς
1783 1817 1891 1887 ἀρ-

2001 1813 2320 1877 tiationem;
2368 1815 2423 1868 in
2473 1829 2584 1884 quo
2616 1813 2684 1869 ab
2711 1815 2830 1870 istis
2869 1812 3130 1869 dilferunt
3153 1815 3247 1885 qui
3279 1814 3483 1884 fruges,
3516 1816 3598 1870 vi-

308 1929 475 1999 ρήτου
499 1922 788 1986 κοινωνίας
815 1921 909 1975 καὶ
941 1920 1188 1990 χάριτος,
1237 1916 1417 1969 καίτοι
1485 1913 1748 1974 πολλάκις
1799 1909 1894 1961 καὶ

307 2019 576 2089 πρότερον
613 2017 707 2069 καὶ
738 2014 834 2068 νῦν
864 2012 1186 2083 κληθέντες.
1241 2007 1412 2062 Πάλιν
1454 2000 1550 2060 οῦν
1614 2020 1802 2074 φησιν,
1849 2001 1895 2054 ὢ

305 2115 404 2182 τῆς
440 2112 652 2181 ἀφάτου
689 2105 1078 2179 μακροθυμίας
1107 2105 1122 2158 l
1158 2100 1482 2156 ἀπέστειλεν
1531 2098 1726 2164 ἄλλους
1773 2095 1899 2150 δού·

304 2209 466 2271 λους,
519 2205 740 2273 λέγων’
813 2221 832 2253 ‹
882 2200 1022 2254 Ἰδοὺ
1090 2195 1440 2266 τὸ”ἄριστόν
1517 2209 1617 2264 μου
1676 2190 1903 2261 ἡτοίμα-

313 2316 462 2364 σται,
502 2298 553 2350 oi
589 2293 782 2366 ταῦροί
835 2310 934 2363 μου
965 2289 1062 2344 καὶ
1090 2290 1160 2343 τὰ
1217 2287 1432 2341 σιτιστὰ
1485 2283 1758 2354 τεθυμένα
1795 2281 1892 2334 καὶ

307 2391 488 2442 πάντα
545 2387 764 2456 ἕτοιμα,
835 2382 994 2436 δεῦτε
1051 2383 1136 2443 είς
1164 2379 1318 2452 {rei};
1372 2379 1607 2449 γάμους.
1647 2393 1666 2426 ι
1727 2374 1792 2426 Οί
1835 2372 1892 2426 δὲ

306 2481 680 2547 ἀκούσαντες,
742 2480 790 2534 ot
854 2479 954 2551 μὲν
1016 2477 1435 2548 ἀμελήσαντες,
1513 2472 1757 2540 ἀπῆλθον
1815 2471 1894 2533 εἰς

304 2579 512 2650 ἀγροὺς
575 2579 672 2631 καὶ
727 2574 1004 2646 ἐμπορίας
1039 2590 1055 2605 ο
1105 2572 1275 2624 πόσον
1343 2567 1549 2623 τούτων
1597 2565 1898 2634 ἀπέχουσιν

2004 1920 2132 1963 neas
2181 1915 2236 1963 et
2285 1908 2421 1962 alias
2476 1907 2827 1978 negotiorum
2894 1908 3292 1977 inaequalitates
3356 1909 3594 1974 causati,

2001 2017 2191 2058 sacros
2222 2010 2525 2058 conventus
2550 2002 2963 2072 derelinquunt,
2989 2017 3092 2058 nec
3113 2002 3420 2058 doctrinam
3447 2003 3598 2073 psal-

2005 2097 2356 2164 modiamque
2387 2103 2636 2150 sanctam
2664 2097 2857 2150 audire
2901 2095 3268 2150 desiderant?
3305 2097 3412 2152 Alii
3464 2111 3599 2154 vero

2005 2197 2300 2245 tenuerunt
2342 2203 2554 2253 servos,
2605 2198 2658 2243 et
2703 2189 3061 2245 contumeliis
3109 2188 3344 2245 allectos
3379 2191 3600 2246 occide-

2002 2291 2148 2337 runt.
2168 2281 2214 2337 A
2235 2282 2437 2352 quibus
2458 2295 2562 2335 non
2579 2281 2735 2336 valde
2759 2282 2972 2337 distant
2993 2281 3090 2352 qui
3116 2283 3432 2338 etiamnunc
3464 2295 3602 2339 one-

1999 2373 2265 2430 dientiam
2293 2383 2555 2442 negantes
2573 2373 2842 2441 praefectis
2866 2373 3142 2441 Ecclesiae,
3161 2375 3284 2431 illos
3307 2383 3364 2430 ut
3388 2374 3600 2430 inimici

2003 2465 2190 2522 verbis
2223 2467 2511 2534 impetunt.
2546 2465 2653 2520 Nos
2684 2475 2864 2520 autem
2917 2467 3035 2523 istis
3063 2468 3229 2522 etiam
3261 2485 3329 2524 ex
3363 2470 3465 2526 hac
3495 2485 3597 2539 pa-

2010 2558 2199 2613 rabola
2252 2557 2548 2612 salutarem
2597 2557 2768 2627 gratis
2819 2558 3194 2626 exprimamus
3245 2563 3597 2618 suavitatem.

303 2680 356 2733 οἱ
396 2677 570 2748 τρύγη
605 2676 702 2729 καὶ
731 2670 1174 2742 ἀμπελῶναςκαὶ
1201 2663 1606 2739 πραγματικὰς
1658 2657 1982 2729 ἀνωμαλίας
2017 2651 2517 2723 προφασιζόμενοι,
2578 2659 2675 2706 καὶ
2730 2653 2840 2707 τῶν
2902 2653 3070 2723 ιερῶν
3133 2654 3409 2719 συνάξεων
3466 2655 3602 2709 ἁπο-

305 2746 640 2840 λειπόμενοι,
672 2767 889 2836 καὶτῆς
934 2765 1085 2834 ἱερᾶς
1124 2760 1450 2833 ψαλμῳδίας
1520 2758 1613 2810 καὶ
1669 2751 2024 2813 διδασκαλίας
2078 2746 2299 2800 ἀκούειν
2367 2747 2441 2818 μὴ
2501 2746 2984 2818 προθυμούμενοι;
3046 2750 3111 2802 Oi
3166 2749 3247 2812 δὲ,
3297 2753 3453 2821 φησὶ,
3503 2747 3601 2808 καὶ

304 2870 433 2932 τοὺς
462 2868 682 2931 δούλους
719 2865 1098 2935 κρατήσαντες
1129 2859 1364 2932 ’ὕϐρισαν
1395 2857 1493 2913 καὶ
1533 2855 1890 2908 ἀπέκτειναν.
1935 2848 2008 2902 Οὐ
2059 2845 2203 2899 πάνυ
2244 2846 2439 2917 πόρρω
2468 2845 2678 2899 τούτων
2699 2846 2838 2898 είσὶν
2861 2849 2911 2900 ot
2945 2847 3038 2899 καὶ
3094 2847 3190 2902 νῦν
3242 2849 3600 2913 ἀπειθοῦντες

304 2963 420 3025 τοῖς
461 2959 801 3030 προστάταις
851 2955 955 3026 τῆς
989 2953 1346 3022 Ἐκκλησίας,
1405 2948 1501 3003 καὶ
1546 2947 1668 3001 κατ’
1721 2942 1904 2998 αὐτῶν
1937 2940 2087 2992 ἔστιν
2123 2937 2212 2990 ὅτε
2243 2938 2312 2990 τὰ
2335 2936 2446 2991 τῶν
2511 2937 2795 3007 πολεμίων
2887 2936 3415 3010 παραφθεγγόμενον,
3439 2953 3454 2967 ο
3481 2940 3600 2993 ἀλλ.

306 3059 471 3130 ἡμεῖς
505 3054 714 3127 δωρεὰν
746 3052 839 3106 καὶ
867 3048 1082 3112 τούτοις
1111 3049 1175 3100 ὲκ
1196 3047 1294 3115 τῆς
1328 3041 1647 3115 παραϐολῆς
1679 3037 1887 3101 ταύτης
1917 3033 2271 3104 ὲκθλίψωμεν
2302 3031 2361 3083 τὸ
2391 3029 2665 3099 σωτήριον
2697 3029 2951 3098 γλεῦκος.

382 3179 401 3212 ι
461 3155 800 3226 Ὶδοὺ,φησ“ι,
859 3152 922 3207 τὸ
978 3148 1202 3223 ἄριστόν
1253 3164 1354 3217 μου
1396 3143 1768 3216 ἡτοίμασταιο
1829 3139 1951 3200 οἱα

303 3249 618 3322 ταῦροίμου
648 3249 743 3300 καὶ
794 3243 864 3298 τὰ
909 3241 1125 3297 σιτιστὰ
1186 3236 1490 3307 τεθυμένα,
1553 3235 1649 3287 καὶ
1710 3231 1892 3284 πάντα

304 3345 520 3412 ἕτοιμα.
563 3359 582 3392 ι
623 3339 834 3400 Ὄντως
896 3333 1041 3388 κατά
1070 3329 1171 3402 τὴν
1205 3321 1736 3400 ὲνανθρώπησινθιοῦ
1774 3323 1888 3374 Κυ-

309 3437 428 3508 ρίου
453 3429 712 3502 ἐτελέσθη
749 3427 856 3482 τῶν
907 3425 1062 3497 παρά
1115 3422 1252 3478 Θεοῦ
1299 3420 1601 3491 γεγονότων
1649 3417 1710 3471 τὸ
1767 3417 1891 3487 ἄρι-

308 3543 434 3580 στον
459 3541 474 3555 ⁸
514 3523 695 3577 πάντα
729 3519 837 3591 γὰρ
873 3519 942 3573 τά
976 3517 1085 3590 πρὸ
1109 3516 1313 3586 ταύτης
1357 3511 1718 3584 οἰκονομικῶς
1749 3509 1891 3580 ὑπὲρ

305 3619 464 3690 ἡμῶν
491 3615 643 3687 παρά
671 3612 806 3667 Θεοῦ
834 3613 1103 3682 γενόμενα
1152 3607 1296 3662 καλά
1317 3623 1376 3660 τε
1441 3600 1510 3676 ἦν
1535 3605 1633 3659 καὶ
1686 3601 1890 3670 ἀγαθὰ,

306 3713 445 3784 πρὸς
463 3711 623 3765 τοῦτο
652 3709 714 3762 τὸ
756 3706 910 3770 τέλος
957 3703 1204 3759 τείνοντα
1232 3718 1246 3734 ·
1280 3701 1343 3754 τὸ
1401 3699 1460 3753 δὲ
1511 3699 1734 3752 πάντων
1772 3695 1894 3766 ἀρι-

306 3825 458 3873 στον,
497 3805 698 3876 μᾶλλον
744 3801 804 3856 δὲ
854 3801 920 3854 τὸ
983 3797 1148 3869 μόνον
1176 3795 1348 3856 ὅντως
1397 3792 1495 3846 καὶ
1553 3791 1892 3862 ἀσύγκριτον

305 3903 554 3972 ἄριστον,
591 3899 624 3969 ἡ
647 3893 1071 3967 ένανθρὼπησίς
1101 3893 1218 3946 ἐστι
1237 3889 1330 3945 τοῦ
1358 3889 1566 3961 Κυρίου
1589 3881 1750 3961 ἡμῶν
1783 3887 1893 3956 Ἰη-

309 3995 406 4048 σοῦ
439 3990 704 4066 Χριστοῦ,
731 3991 827 4043 καὶ
856 3987 1063 4056 ταύτης
1093 3985 1329 4055 μάλιστα
1363 3982 1424 4036 τὸ
1451 3981 1626 4048 τέλος,
1655 3981 1726 4035 τά
1789 3998 1899 4034 σω·

310 4067 661 4159 τήριαὶπάθη
695 4082 789 4135 καὶ
811 4083 845 4151 ἡ
879 4081 1177 4141 ἀνάστασις
1203 4095 1218 4110 ο
1259 4077 1514 4147 φαίνεται
1539 4075 1649 4147 γὰρ
1676 4075 1712 4145 ἠ
1766 4073 1896 4144 κλῆ-

311 4194 396 4242 σις
425 4175 562 4246 αῦτη
603 4173 743 4244 μετὰ
775 4172 874 4243 τὴν
908 4174 972 4225 ὲκ
1003 4170 1214 4241 νεκρῶν
1245 4167 1546 4223 ἀνάστασιν
1569 4169 1662 4221 τοῦ
1686 4165 1892 4237 Κυρίου

308 4269 658 4340 γεγενημένη
692 4283 706 4298 ο
741 4264 865 4318 τότε
897 4262 1007 4334 γὰρ
1030 4261 1126 4316 καὶ
1182 4261 1362 4316 πάντα
1422 4261 1647 4331 γέγονεν
1698 4259 1895 4329 ἕτοιμα

308 4364 376 4416 τὰ
406 4362 540 4431 προς
568 4360 667 4428 τὴν
704 4355 984 4426 σωτηρίαν
1034 4353 1132 4426 τὴν
1201 4353 1561 4425 ἡμετέραν,ή
1617 4351 1712 4405 τοῦ
1760 4350 1892 4405 Υίοῦ

305 4458 405 4512 τοῦ
432 4454 567 4508 Θεοῦ
623 4451 712 4506 διὰ
771 4449 977 4520 σαρκὸς
1047 4447 1268 4517 ἐντελὴς
1332 4446 1637 4518 οἰκονομία,
1691 4447 1724 4516 ἠ
1769 4445 1894 4498 κατ’

306 4551 482 4620 αὐτὴν
534 4546 820 4608 θεόλεκτος
875 4542 1221 4608 διδασκαλία,
1282 4541 1352 4596 τά
1412 4543 1514 4610 τῆς
1558 4540 1887 4612 θεανδρικῆς

304 4639 593 4711 ἐνεργείας
621 4634 1071 4704 ἀποτελέσματα,
1097 4633 1132 4703 ἡ
1165 4632 1454 4702 μετάδοσις
1480 4630 1575 4684 τοῦ
1618 4629 1891 4702 θεανθρώ-

305 4750 410 4788 που
437 4733 716 4802 σώματος,
747 4728 809 4781 τὸ
836 4729 980 4798 μέγα
1011 4725 1270 4780 καὶθεῖον
1304 4724 1400 4779 καὶ
1425 4725 1694 4794 σωτήριον
1717 4722 1888 4794 θῦμα,

298 4831 340 4901 ὴ
375 4830 439 4882 ἐκ
468 4826 682 4897 νεκρῶν
719 4823 1023 4896 τριήμερος
1069 4820 1308 4890 ἔγερσις,
1375 4822 1409 4891 ὴ
1476 4819 1730 4888 καταρχὴ
1793 4817 1894 4888 τῆς

300 4921 535 4976 αἰωνίου
569 4919 722 4990 ζωῆς
758 4920 853 4972 καὶ
882 4915 982 4985 τῆς
1011 4913 1198 4967 ἐνθέου
1236 4911 1370 4966 κατ’
1399 4910 1571 4983 αὐτὴν
1617 4907 1890 4980 εὐφροσύ-

303 5033 426 5086 νης.
462 5014 525 5067 Oi
560 5010 753 5082 ταῦροί
788 5025 913 5079 μου,
937 5007 1095 5078 φησὶ,
1130 5007 1223 5061 καὶ
1250 5004 1561 5058 τὰνσιτιστά
1583 5003 1888 5072 τεθυμένα·

301 5107 425 5160 τότε
465 5105 574 5173 γὰρ
604 5104 701 5156 καὶ
735 5100 805 5154 τὰ
837 5097 1051 5153 παλαιά
1078 5097 1191 5160 τοῖς
1222 5095 1365 5158 νέοις
1403 5094 1611 5164 ἥνωται
1639 5111 1655 5125 ο
1691 5093 1760 5146 τὰ
1790 5091 1891 5164 μὲν

195 5255 208 5264 ,
293 5202 391 5256 διὰ
417 5199 519 5266 τῆς
541 5196 652 5250 τῶν
676 5193 932 5248 σιτιστῶν
963 5189 1152 5254 θυσίας
1180 5187 1488 5260 δηλούμενα
1511 5204 1525 5218 ο
1556 5186 1725 5259 ἄρτος
1780 5187 1890 5258 γάρ

291 5298 452 5348 ἐστιν
479 5294 508 5346 ό
539 5289 635 5345 νῦν
667 5287 813 5357 ὑπὲρ
853 5285 1015 5357 ἡμῶν
1044 5285 1104 5336 ἐν
1127 5285 1194 5354 τῇ
1247 5281 1550 5353 Ἐκκλησία
1583 5280 1848 5350 θυόμενος
1872 5298 1886 5312 ·

299 5387 371 5439 τά
400 5384 458 5438 δὲ
493 5380 702 5436 παλαιά
729 5378 818 5432 διά
836 5377 946 5430 τῶν
977 5375 1196 5446 ταύρων
1229 5373 1632 5444 σημαινόμενα,
1684 5373 1779 5425 καὶ
1801 5371 1891 5426 διὰ

301 5477 402 5547 τῆς
438 5473 634 5542 καινῆς
671 5456 866 5532 θυσίας
892 5465 1347 5538 μετενηνεγμένα
1410 5463 1551 5534 πρὸς
1574 5467 1635 5517 τὸ
1684 5463 1890 5517 θειότε-

305 5587 423 5640 ρον.
461 5564 881 5632 Ἀπεστάλησαν
915 5560 1010 5615 οῦν
1040 5560 1190 5614 ἄλλοι
1213 5558 1422 5625 δοῦλοι,
1450 5559 1500 5611 οἱ
1530 5558 1627 5612 τοῦ
1678 5558 1886 5628 Κυρίου

295 5661 616 5725 ἀπόστολοι,
648 5655 889 5729 κηρῦξαι
920 5653 1094 5708 ταῦτα
1143 5653 1241 5707 καὶ
1264 5654 1378 5716 τοῖς
1449 5652 1745 5719 Ἰουδαίοις,
1805 5657 1888 5708 ἔτι

307 5749 797 5826 μακροθυμοῦντος
865 5749 954 5800 ἐπ’
1021 5747 1205 5810 αὐτοῖς
1243 5746 1338 5801 τοῦ
1395 5747 1712 5802 Δεσπότου.
1769 5750 1886 5805 ἀλλ’

303 5846 643 5907 ἀκούσαντες
674 5844 899 5908 ἐκεῖνοι,
933 5842 983 5894 οἱ
1026 5840 1126 5911 μὲν
1159 5841 1282 5896 οὐδὲ
1336 5842 1665 5912 προσέσχον,
1689 5843 1886 5914 ἀγροῖς

302 5941 397 5992 καὶ
431 5937 750 6009 ἐμπορίαις,
788 5938 859 6007 γῇ
891 5937 984 5989 καὶ
1006 5938 1120 5999 τοῖς
1140 5935 1353 6004 γηῖνοις
1379 5935 1687 6006 ὁλοσχερῶς
1712 5953 1887 6009 προσ-

637 6036 906 6093 ΡΑτιιυι.
957 6035 1074 6092 Gn.
1110 6033 1234 6091 thl

1920 4508 1967 4565 D

2062 3152 2080 3186 ι
2121 3133 2278 3198 Ecce,
2313 3129 2514 3201 inquit,
2549 3129 2840 3199 prandium
2861 3144 3040 3184 meum
3067 3130 3276 3200 paravi,
3307 3129 3449 3186 tauri
3486 3133 3597 3188 mei

1999 3234 2054 3280 et
2083 3223 2321 3279 volatilia
2376 3223 2554 3277 occisa
2613 3230 2762 3288 sunt,
2831 3231 2886 3277 et
2917 3223 3103 3277 omnia
3171 3234 3381 3293 parata.
3411 3244 3429 3277 ι
3459 3224 3599 3281 Vere

1998 3334 2097 3388 per
2134 3318 2571 3373 incarnationem
2595 3315 2806 3371 Domini
2837 3319 3148 3388 appositum
3183 3327 3266 3374 est
3321 3319 3594 3392 optimum

1997 3427 2061 3466 ex
2089 3411 2347 3481 operibus
2387 3407 2508 3476 Dei;
2553 3425 2678 3463 nam
2703 3409 2888 3463 omnia
2925 3419 3052 3466 ante
3110 3427 3229 3466 eam
3265 3415 3538 3482 sapienter
3561 3431 3594 3469 a

2001 3503 2114 3559 Deo
2149 3512 2372 3574 propter
2399 3516 2501 3557 nos
2543 3493 2695 3558 facta
2719 3503 2945 3573 pulchra
2994 3516 3152 3560 erant
3181 3514 3233 3560 et
3255 3506 3422 3574 bona,
3453 3517 3505 3561 et
3527 3509 3598 3562 ad

1999 3597 2146 3653 hunc
2179 3597 2339 3652 linem
2384 3596 2834 3665 spectantia;sed
2887 3598 3154 3667 optimum
3214 3616 3280 3655 ex
3313 3603 3594 3668 omnibus,

1998 3693 2109 3746 imo
2141 3690 2317 3747 solum
2348 3704 2472 3744 vere
2522 3698 2577 3744 et
2605 3690 2725 3744 sine
2750 3689 2854 3743 ulla
2888 3693 3300 3760 comparatione
3328 3695 3592 3764 optimum

1997 3791 2077 3839 est
2097 3783 2401 3838 incarnatio
2420 3781 2633 3837 Domini
2659 3783 2827 3839 nostri
2858 3781 2982 3838 .lesu
3001 3783 3225 3852 Christi,
3249 3796 3302 3841 et
3323 3790 3597 3857 praecipue

1998 3877 2163 3946 hujus
2197 3875 2320 3930 linis
2351 3875 2639 3931 :salutaris
2708 3877 2896 3946 passio
2915 3887 2970 3932 et
3018 3883 3372 3937 resurrectio.
3439 3883 3596 3939 Tunc

1998 3969 2144 4023 enim
2217 3969 2402 4022 omnia
2447 3979 2637 4037 parata
2706 3979 2834 4024 sunt
2867 3969 2934 4026 ad
2994 3971 3228 4028 salutem
3283 3987 3580 4032 nostram:

1995 4057 2121 4114 Filii
2154 4061 2246 4115 Dei
2281 4074 2379 4130 per
2404 4075 2622 4116 carnem
2678 4061 2919 4131 perfecta
2982 4064 3339 4134 dispensatio,
3402 4069 3592 4124 divina

1999 4171 2094 4227 per
2121 4170 2241 4210 eam
2292 4155 2564 4218 doctrina,
2601 4157 2855 4212 humana:
2919 4159 3192 4230 simulque
3251 4161 3447 4219 divina:
3481 4166 3596 4219 vir-

2003 4249 2135 4304 tutis
2167 4263 2357 4318 opera,
2384 4249 2554 4303 divini
2584 4249 2860 4319 simulque
2903 4252 3127 4307 humani
3160 4257 3411 4324 corporis
3441 4271 3598 4313 com-
3667 4275 3670 4278 '

1999 4343 2322 4410 municatio,
2388 4359 2646 4414 magnum
2710 4354 2764 4399 et
2795 4347 3040 4400 divinum
3111 4356 3165 4402 et
3222 4351 3465 4406 salutare
3500 4368 3592 4407 sa-

1999 4436 2294 4497 crificium.
2347 4445 2468 4506 post
2538 4445 2646 4492 tres
2695 4437 2868 4493 dicsa
2925 4441 3158 4496 mortuis
3233 4447 3590 4512 resurrectio,

1996 4527 2250 4597 primitiae
2294 4529 2552 4598 perennis
2609 4530 2734 4585 vitm
2781 4531 3087 4603 divinaeque
3141 4535 3195 4589 in
3233 4551 3292 4591 ea
3371 4541 3590 4599 laetitiae.

1999 4615 2169 4673 Tauri
2202 4618 2335 4686 mei,
2362 4619 2461 4686 ait,
2493 4627 2546 4675 et
2577 4621 2817 4675 volatilia
2868 4622 3052 4677 occisa
3081 4635 3210 4679 sunt
3248 4643 3262 4694 ;
3294 4637 3423 4685 tunc
3440 4635 3592 4686 enim

1999 4721 2185 4766 vetera
2222 4713 2379 4766 novis
2435 4712 2674 4768 adunata
2719 4728 2848 4768 sunt
2875 4733 2889 4781 ;
2918 4715 3032 4772 haec
3059 4718 3277 4788 quidem
3311 4737 3408 4791 per
3439 4726 3593 4780 occi-

1996 4802 2210 4858 sionem
2240 4805 2543 4860 volatilium
2603 4806 2975 4874 manifestata,
3010 4826 3136 4866 nam
3190 4816 3346 4884 panis
3383 4829 3465 4872 est
3494 4823 3591 4889 qui

1996 4913 2142 4952 nunc
2173 4907 2395 4969 propter
2424 4913 2525 4954 nos
2554 4899 2606 4953 in
2642 4898 2882 4956 Ecclesia
2931 4905 3275 4962 sacriﬁcatur
3303 4926 3317 4974 ;
3346 4911 3434 4967 illa
3464 4928 3592 4968 vero

1994 5000 2176 5047 vetera
2205 5007 2298 5061 per
2324 5001 2511 5048 tauros
2544 4993 2838 5062 declarata,
2867 5005 2922 5052 et
2947 5014 3042 5065 per
3079 5017 3275 5055 novam
3311 5005 3590 5063 victimam

1996 5083 2051 5139 in
2106 5085 2435 5149 sacriﬁcium
2490 5085 2602 5142 Deo
2644 5089 2863 5159 dignius
2924 5092 3208 5148 translata.
3254 5095 3401 5152 Missi
3461 5110 3592 5157 sunt

1994 5193 2123 5251 ergo
2151 5179 2242 5235 alii
2291 5181 2456 5249 servi,
2483 5181 2698 5238 Domini
2759 5189 3159 5256 apostoli,qu:e
3221 5192 3324 5246 ista
3387 5191 3590 5252 Iuda-is

1994 5273 2374 5341 praedicarent,
2431 5272 2664 5330 Domino
2719 5278 2900 5334 adhuc
2954 5281 3022 5336 de
3049 5283 3127 5338 eis
3164 5285 3396 5342 habente
3449 5292 3593 5356 pati-

1994 5365 2218 5420 entiam.
2245 5366 2314 5420 At
2346 5368 2458 5436 isti,
2491 5369 2575 5425 his
2592 5371 2815 5437 auditis,
2853 5373 2944 5428 alii
3003 5375 3222 5444 quidem
3257 5394 3364 5433 non
3411 5391 3593 5438 atten-

1993 5460 2212 5525 derunt,
2238 5461 2384 5529 agris
2409 5472 2464 5517 et
2517 5465 2998 5534 negOtiationibus,
3059 5477 3215 5524 terrae
3257 5483 3310 5526 et
3359 5480 3592 5536 terrenis

1993 5553 2090 5608 toti
2119 5552 2656 5622 incumbentes;a|ii
2701 5569 2884 5616 autem
2935 5577 3218 5630 praecones
3271 5578 3589 5642 tenuerunt,

1992 5656 2046 5702 et
2073 5648 2211 5703 alios
2255 5649 2476 5720 quidem
2533 5655 2884 5710 contumeliis
2909 5656 3233 5726 affecerunt,
3300 5663 3439 5720 alios
3461 5683 3592 5723 vero

1992 5743 2396 5819 lapidaverunt,
2419 5761 2611 5802 omnes
2638 5757 2842 5815 autem,
2874 5759 3144 5820 quantum
3198 5759 3377 5826 potuit
3399 5777 3594 5822 eorum

1992 5837 2331 5908 malignitas,
2358 5851 2415 5897 et
2447 5839 2716 5896 conviciis
2747 5841 3149 5902 lacessiverunt
3169 5858 3224 5904 et
3253 5838 3598 5918 occiderunt.

1992 5953 2014 5989 ι
2053 5936 2232 5990 Iratus
2263 5934 2451 6006 igitur.
2483 5935 2584 6003 ait,
2642 5951 2736 5994 rex
2762 5978 2778 6007 ,
2810 5937 2997 5998 missis
3048 5945 3386 6007 exercitibus
3455 5955 3592 6009 suis.

3163 6039 3237 6098 17
