4082 6436
470 304 582 369 52.)

1764 302 2142 368 GREGORII
2190 304 2516 369 PALAME

3646 300 3755 367 524

470 415 710 491 perdidit
762 412 1069 495 homicidas
1088 412 1231 475 illos,
1259 419 1314 466 et
1377 411 1652 467 civitatem
1682 413 1900 468 nierum
1934 429 2061 473 suc,-

2172 421 2442 491 η).ωμένοι
2473 435 2486 450 ·
2518 419 2570 474 οί
2614 418 2671 474 δὲ
2725 418 2822 475 καὶ
2881 418 3011 480 τοὺς
3055 418 3305 491 κῆρυκας
3347 419 3748 488 κρατήσαντες,

467 510 672 567 cendil.
708 526 727 560 ι
753 507 887 561 Nam
912 514 1217 574 postquam,
1247 502 1411 558 etiam
1438 515 1558 572 post
1608 503 1824 558 illorum
1856 506 2065 574 passio-

470 618 593 658 nem
629 601 807 656 adhuc
842 598 1146 668 perduraus
1177 594 1420 650 misisset
1444 595 1538 665 qui
1577 596 1643 649 ad
1677 596 2059 665 pmnitenliam

470 702 728 752 vocarent
750 691 1143 762 indulgentiam
1174 689 1577 757 promitterent,
1621 688 1926 759 ingentium
1959 690 2060 746 bo-

472 804 670 845 norum
728 785 1073 857 largitionem
1130 781 1471 845 nuntiarent,
1503 780 1698 834 horum
1752 780 1947 836 arrhas
2003 788 2061 835 et

469 884 692 954 pignora
744 880 1033 940 donarent,
1062 872 1277 929 veritati
1334 872 1493 927 ﬁdele
1541 872 1908 927 testimonium
1939 874 2062 928 red-

470 977 682 1038 derent,
712 971 788 1026 illi
827 977 1009 1023 autem
1038 982 1146 1043 non
1206 972 1419 1019 tanlum
1477 978 1828 1035 nequaquam
1883 966 2061 1034 poeni-

471 1065 695 1120 tentiam
730 1063 975 1132 egissent
1025 1056 1481 1125 autparuissem,
1529 1058 1622 1111 sed
1657 1056 1877 1126 insuper
1927 1071 2062 1112 con-

471 1156 713 1212 tumeliis
755 1151 984 1207 allectos
1029 1149 1189 1203 morti
1243 1142 1602 1202 tradidissent
1647 1147 2055 1218 evangelistas,

465 1254 588 1322 jure
613 1249 868 1316 deinceps
899 1241 1178 1311 mittitqui
1238 1241 1360 1297 illos
1421 1241 1648 1309 perdant
1675 1252 1731 1297 et
1784 1241 2057 1297 civitatem

470 1360 656 1400 eorum
689 1340 1041 1396 succendant.
1076 1336 1212 1404 Quis
1228 1344 1410 1391 autem
1450 1336 1625 1391 nescit
1649 1333 2067 1393 haecmauifeste

469 1441 524 1494 in
551 1435 928 1505 Hierosolyma
952 1429 1125 1487 fuisse
1148 1428 1373 1499 impleta
1420 1442 1590 1497 quam
1624 1428 1712 1484 hic
1741 1429 1940 1484 merito
1969 1444 2067 1483 vo-

471 1540 558 1585 cat
580 1527 855 1583 civitatem
879 1519 1335 1579 interfectorum?

2167 514 2295 575 τοὺς
2328 513 2428 582 μὲν
2459 510 2714 583 ὕϐρισαν,
2740 513 2868 574 τοὺς
2885 511 2942 564 δὲ
2972 511 3389 582 ἐλιθοϐόλησαν,
3426 513 3640 575 πάντας
3666 512 3746 576 δὲ,

2167 605 2296 659 ὅσον
2323 606 2390 659 τὸ
2417 607 2500 668 είς
2526 605 2626 675 τὴν
2656 605 2836 659 αὐτῶν
2861 600 2999 678 ἧκον
3051 604 3339 683 πρόθεσιν,
3381 606 3477 658 καὶ
3516 604 3750 672 ὖὸρισαν

2167 701 2262 753 καὶ
2295 700 2646 753 ἀπέκτειναν.
2685 717 2704 751 ε
2756 698 3068 771 Ὀργισθεὶς
3095 697 3192 751 οὖν
3222 700 3252 752 0
3307 697 3586 767 βασιλεὺς,
3640 714 3752 767 φη-

2169 790 2275 851 civ,
2310 788 2537 859 πέμψας
2557 789 2812 843 ἀπώλεσε
2846 791 2978 855 τοὺς
3008 792 3193 859 φονεῖς
3218 789 3599 853 ἐκείνους,καὶ
3642 792 3746 859 τὴν

2168 883 2324 936 πόλιν
2351 883 2534 937 αὐτῶν
2559 883 2890 953 ἐνέπρησεν·
2958 902 2978 937 ι
3038 884 3164 937 ἐπεὶ
3182 884 3291 954 γὰρ
3345 884 3439 937 καὶ
3498 882 3637 955 μετηά
3688 883 3752 936 τὸ

2165 972 2299 1044 παρ’
2331 972 2514 1028 αὐτῶν
2545 970 2976 1044 ἐξειργασμένον
3021 975 3194 1037 πάθος
3229 974 3316 1029 ἐτι
3342 974 3742 1043 μακροθυμῶν,

2164 1066 2454 1119 ἀπέστειλε
2512 1068 2640 1131 τοὺς
2726 1068 2863 1138 πρὸς
2931 1068 3225 1137 μετάνοιαν
3282 1066 3745 1138 ἐπικαλουμένους,

2164 1156 2471 1226 ἀμνηστίαν
2505 1156 3039 1227 ἐπαγγελλομένους,
3066 1157 3164 1211 καὶ
3221 1158 3474 1227 μεγάλων
3518 1157 3753 1226 εὐαγγε-

2172 1247 2495 1318 λιζομένους
2522 1248 2749 1316 ἀγαθῶν
2780 1249 3047 1316 ἐπίδοσιν,
3085 1248 3296 1319 ἐγγύας
3333 1267 3393 1304 τε
3428 1250 3634 1304 τούτων
3659 1253 3756 1305 καὶ

2173 1337 2504 1410 ἀρραϐῶνας
2528 1339 2794 1407 διδόντας,
2823 1343 2917 1395 καὶ
2949 1346 3162 1406 πίστεις
3189 1343 3477 1411 ἀσφαλεῖς,
3506 1348 3554 1397 oi
3583 1344 3641 1397 δὲ
3666 1344 3745 1413 μὴ

2178 1432 2343 1500 μόνον
2359 1434 2419 1486 ού
2451 1432 2793 1504 μετενόησαν
2819 1433 2946 1488 οὐδὲ
2977 1436 3303 1513 προσέσχον,
3320 1435 3460 1489 ἀλλὰ
3474 1437 3569 1489 καὶ
3588 1435 3759 1508 234

2177 1520 2244 1574 ῦὸ
2250 1539 2337 1594 ριν
2357 1523 2774 1590 ἀνταπέδωκαν,
2796 1527 2892 1580 καὶ
2911 1527 3093 1594 φόνοις
3118 1527 3424 1597 ἠμείψαντο
3437 1529 3563 1592 τοὺς
3585 1530 3759 1595 εὐαγ-

468 1620 758 1694 γελιστάςο
792 1618 1001 1687 πέμπει
1033 1614 1259 1677 δικαίως
1279 1611 1471 1666 ἔπειτα
1509 1614 1634 1676 τοὺς
1674 1613 2044 1678 ἀπολέσοντας
2076 1613 2300 1678 αὐτοὺς,
2348 1615 2447 1669 καὶ
2497 1618 2598 1698 τὴν
2646 1618 2806 1672 πόλιν
2855 1618 3039 1672 αὐτῶν
3097 1621 3509 1691 ἐμπρήσοντας.
3555 1621 3650 1686 Τίς
3694 1618 3755 1675 δὲ

467 1721 568 1776 οὐκ
602 1713 712 1771 οἶδε
758 1712 933 1769 ταῦτα
983 1707 1347 1778 τετελεσμένα
1382 1706 1635 1778 φανερῶς
1669 1706 1761 1761 ἐπὶ
1791 1707 1888 1779 τῆς
1937 1707 2318 1779 Ἰερουσαλὴμ,
2376 1708 2445 1779 ἢν
2499 1711 2595 1764 καὶ
2657 1710 2813 1765 πόλιν
2868 1711 3076 1782 φονέων
3137 1712 3232 1768 νῦν
3269 1714 3499 1777 είκότως
3564 1713 3762 1769 ἐκάλε-

473 1836 564 1873 σεν
590 1836 605 1885 ;

542 1908 745 1967 Verum
784 1923 911 1963 cum
946 1907 1020 1962 illi
1054 1904 1335 1962 multeties
1384 1910 1540 1959 eruca
1576 1909 1629 1957 et
1653 1914 1800 1956 nunc
1858 1896 2063 1962 vocati,
2097 1900 2142 1960 Β

471 2019 579 2060 non
598 2000 981 2058 tantummodo
1004 1999 1325 2068 semetipsos
1344 1996 1636 2052 vocatione
1675 1994 1929 2063 indignos
1967 2006 2066 2045 ex-

473 2097 801 2158 hibuissent,
839 2091 933 2148 sed
957 2091 1122 2145 etiam
1149 2089 1346 2159 dignos
1383 2088 1463 2142 ira
1499 2085 1595 2140 Dei
1627 2093 1682 2138 et
1711 2082 2066 2153 pernicie,ju-

470 2190 630 2243 hentc
665 2200 815 2255 rege,
863 2184 918 2237 in
947 2183 1065 2237 vias
1094 2190 1362 2235 exeuntes
1417 2178 1580 2234 iidem
1620 2176 1789 2236 servi,
1853 2175 2067 2230 scilicet

471 2278 689 2333 Domini
742 2275 1004 2347 apostoli,
1035 2277 1533 2343 congregaverunt,
1568 2268 1767 2341 inquit,
1796 2277 2069 2339 quotquot

413 2372 806 2436 .iuvenerunt
840 2367 1017 2421 bonos
1050 2375 1107 2419 et
1126 2364 1326 2428 malos,
1357 2372 1413 2418 et
1460 2361 1683 2432 impleta
1714 2371 1802 2418 est
1865 2361 2066 2417 domus

469 2461 964 2522 accumbentibus;
992 2459 1048 2513 hi
1099 2464 1290 2512 autem
1322 2465 1452 2512 sunt
1482 2454 1661 2510 vocati
1692 2470 1758 2510 ex
1788 2456 2064 2526 gentibus.

468 2554 773 2610 Jerusalem
824 2553 968 2605 enim
994 2560 1108 2605 tum
1128 2557 1251 2603 erat
1304 2548 1421 2603 sola
1452 2547 1548 2602 Dei
1582 2546 1797 2609 civitas,
1835 2546 2067 2617 solaque

470 2648 594 2718 ejus
630 2649 827 2702 domus
851 2642 1226 2698 Israelitarum
1248 2639 1487 2710 populus
1515 2658 1529 2707 ;
1562 2638 1658 2709 qui
1692 2647 1876 2694 autem
1904 2648 2063 2693 extra

474 2740 639 2796 istum
659 2745 840 2802 erant,
862 2734 1054 2805 quales
1077 2743 1209 2787 tunc
1261 2739 1474 2799 gentes,
1508 2729 1678 2785 veluti
1735 2744 1833 2800 per
1864 2730 1981 2787 vias
2009 2738 2064 2785 et

472 2832 697 2902 quidem
730 2829 932 2884 multas
960 2838 1126 2896 atque
1153 2824 1402 2879 diversas
1416 2823 1679 2877 errabant
1714 2841 1728 2889 ;
1755 2838 1883 2877 nam
1909 2822 2062 2877 varia

471 2936 529 2979 et
556 2923 775 2978 diversa
805 2928 963 2974 erant
1012 2931 1201 2972 earum
1251 2915 1529 2985 dogmata.
1562 2912 1732 2968 Malos
1773 2920 1955 2966 autem
2010 2917 2066 2965 et

477 3022 647 3073 bonos
668 3015 808 3071 dixit
833 3026 930 3068 eos
953 3010 1047 3081 qui
1087 3025 1180 3079 per
1208 3007 1327 3063 vias
1354 3006 1558 3061 inventi
1581 3003 1903 3077 congregati
1930 3010 2064 3058 sunt

472 3118 700 3181 propter
725 3104 1000 3161 diversam
1054 3113 1243 3156 eorum
1277 3098 1632 3163 voluntatem,
1665 3096 1713 3149 vi
1749 3094 1908 3165 cujus
1968 3091 2062 3147 alii

474 3198 698 3270 quidem
724 3194 883 3251 electi
911 3200 1063 3257 sunt,
1103 3189 1224 3246 ﬁdei
1278 3202 1460 3243 mores
1510 3196 1564 3243 ct
1603 3187 1767 3241 vitam
1832 3183 2064 3250 conjun-

474 3298 666 3362 gentes
690 3293 1139 3346 cousentaneam,
1173 3279 1268 3335 alii
1291 3294 1422 3335 vero
1443 3293 1474 3334 e
1502 3292 1731 3333 numero
1762 3276 2060 3333 electorum

479 3381 664 3454 reiecti
718 3387 847 3436 sunt
899 3376 1064 3434 vitam
1115 3374 1357 3428 viventes
1377 3380 1586 3443 turpem
1653 3380 1708 3427 et
1727 3382 2083 3439 perversam,

478 3490 689 3532 necnon
712 3489 742 3527 a
781 3471 884 3526 ﬁde
924 3466 1333 3526 dissentientem
1360 3483 1379 3532 ;
1403 3465 1550 3536 quod
1601 3463 1841 3521 ostendit
1860 3460 2065 3516 adden-

479 3566 889 3626 dbulntravit
916 3579 1010 3620 rex
1073 3570 1132 3618 ut
1197 3560 1406 3616 videret
1469 3558 1948 3621 discumbentes,»
2010 3552 2065 3608 id

477 3677 562 3721 est
586 3679 680 3719 eos
733 3660 912 3730 quiex
968 3655 1174 3712 vocatis
1204 3660 1579 3710 accesserunt.
1615 3649 1787 3706 Porro
1833 3649 1953 3720 ejus
1983 3647 2067 3701 in-

478 3770 701 3831 gressus
730 3752 800 3808 ad
859 3749 1124 3807 videndos
1180 3757 1238 3803 et
1294 3744 1628 3817 iudicandos
1673 3745 2063 3799 recumbentes

480 3850 617 3907 nihil
647 3847 794 3904 aliud
829 3856 1102 3915 estquam
1154 3839 1521 3897 manifestatio
1558 3836 1730 3892 futuri
1767 3834 1961 3906 judicii
2007 3832 2062 3887 in

481 3957 726 4015 tempore
753 3938 1026 3995 facienda.
1056 3933 1319 3990 «intravit
1348 3931 1514 4004 igitur
1529 3945 1650 3994 rex,
1678 3928 1878 4000 inquit,
1905 3935 1960 3981 et
1989 3924 2067 3982 vi-

480 4014 862 4090 dithomiuem
896 4044 1002 4083 non
1040 4024 1298 4083 vestitum
1349 4028 1500 4078 veste
1538 4018 1791 4090 nuptiali.
1829 4035 1850 4070 ι
1880 4014 2065 4072 Vestis

479 4121 852 4195 spiritualium
887 4118 1205 4188 nuptiarum
1237 4123 1322 4169 est
1384 4113 1587 4178 virtus,
1616 4123 1784 4181 quam
1846 4107 1944 4178 qui
1974 4105 2065 4163 hic

484 4232 592 4272 non
631 4213 892 4287 induerit,
921 4226 1030 4265 non
1064 4217 1279 4263 tantum
1333 4205 1597 4276 indignus
1622 4201 1892 4258 ccenaculi
1917 4200 2065 4255 illius

481 4318 708 4379 aspectu
745 4306 1074 4369 invenietur,
1105 4298 1203 4356 sed
1236 4298 1402 4354 etiam
1458 4295 1675 4351 vincula
1696 4302 1751 4349 et
1780 4293 2065 4348 inenarra-

480 4397 947 4469 biliacxpcrietur
975 4391 1265 4464 supplicia.
1329 4388 1389 4444 Si
1429 4402 1559 4443 vero
1580 4385 1884 4457 cujuslibet
1934 4383 2055 4438 aui-

484 4512 585 4550 ma:
604 4495 770 4549 vestis
792 4501 874 4547 est
903 4504 1106 4559 corpus
1143 4487 1208 4540 ad
1230 4483 1377 4555 quod
1417 4483 1624 4550 unitur,
1650 4480 1746 4551 qui
1794 4479 1926 4534 illud
1956 4494 2063 4533 non

482 4586 841 4642 custodiverit
858 4582 942 4636 vel
966 4597 1072 4636 non
1099 4573 1480 4634 emendaverit
1508 4588 1603 4642 per
1627 4571 2065 4637 temperantiam,
2100 4605 2144 4659 ο

480 4679 773 4752 puritatem
827 4683 884 4731 et
903 4670 1310 4734 castimoniam,
1342 4666 1475 4719 illud
1535 4663 1757 4719 habebit
1786 4662 2069 4734 indignum

484 4768 888 4840 iueorruptibili
916 4762 1221 4827 caenaculo,
1254 4770 1308 4814 et
1339 4758 1565 4828 dignum
1595 4757 1740 4827 quod
1782 4755 1850 4811 ab
1879 4770 1946 4811 eo
1972 4756 2073 4825 eji-

482 4861 681 4915 ciatur.
710 4857 823 4912 Isto
858 4854 1046 4922 igitur,
1088 4852 1186 4913 ait,
1233 4847 1487 4904 convicto
1513 4858 1567 4902 et
1619 4847 1829 4918 pudore
1850 4845 2071 4902 suffuso

481 4953 576 5024 qui
610 4966 716 5005 non
746 4949 1002 5002 induerat
1026 4953 1231 4997 vestem
1258 4941 1542 4995 vocatione
1570 4938 1832 5011 dignam,~
1859 4953 1954 4994 rex
1984 4938 2071 4992 di-

484 5047 567 5101 xit
590 5044 860 5099 ministris
921 5057 937 5090 :
965 5058 983 5090 ι
1010 5035 1213 5109 Ligatis
1277 5035 1531 5089 manibus
1565 5047 1619 5088 et
1668 5032 1899 5103 pedibus
1929 5032 2069 5102 ejus,

487 5140 669 5195 tollite
709 5150 861 5197 eum,
897 5151 916 5184 ι
944 5132 998 5186 id
1043 5142 1151 5197 est,
1184 5129 1345 5184 illum
1415 5127 1834 5183 circumdantes
1891 5125 2072 5196 pinnis

484 5248 624 5304 quas
652 5228 898 5298 effugere
966 5239 1076 5279 non
1102 5223 1320 5294 poterit,
1345 5230 1592 5276 amovete
1654 5220 1725 5275 ab
1761 5217 2074 5275 habitacula

483 5336 539 5381 et
561 5323 823 5379 societate
847 5320 1170 5374 laetantium.
1206 5335 1227 5372 ι
1257 5318 1325 5372 Ει
1362 5316 1561 5371 mittite
1585 5328 1710 5370 eum
1735 5314 1790 5368 iu
1814 5313 2071 5369 tenebras

483 5417 791 5474 exteriores
829 5414 944 5480 ;ibi
967 5413 1074 5468 erit
1132 5411 1293 5467 ﬂetus
1354 5419 1409 5465 et
1463 5409 1670 5464 stridor
1734 5407 2002 5463 dentium.
2044 5425 2063 5458 ι

484 5511 621 5567 Nam
649 5509 799 5580 juste
829 5502 1083 5562 manibus
1131 5515 1184 5560 et
1220 5503 1450 5574 pedibus
1484 5501 1739 5571 alligatur
1767 5501 1858 5571 qui
1893 5499 1948 5554 in
1985 5499 2070 5555 his

492 5605 651 5659 terris
706 5612 1059 5672 peccatorum
1114 5614 1342 5653 suorum
1376 5594 1611 5650 vinculis
1645 5594 2067 5666 constringitur,

487 5706 541 5751 et
596 5694 829 5749 mittitur
865 5693 919 5747 in
944 5691 1197 5746 tenebras
1259 5689 1584 5750 exteriores,
1644 5685 1917 5756 longiusa
1960 5686 2069 5741 Deo

489 5788 687 5852 factus,
719 5791 849 5858 quia
881 5787 968 5839 hic
997 5799 1101 5837 non
1144 5780 1273 5836 fecit
1303 5795 1466 5852 opera
1524 5778 1682 5835 lucis.
1715 5777 1817 5845 ibi,
1869 5780 2071 5850 inquit,

489 5884 591 5936 e:it
621 5880 774 5936 ﬂetus
827 5888 878 5935 ct
911 5879 1113 5934 stridor
1156 5874 1344 5932 dctiliu
1373 5896 1399 5925 ει
1438 5891 1453 5943 ;
1499 5889 1622 5931 nam
1693 5891 1801 5931 non
1844 5877 2079 5932 tenebrae

2255 1899 2406 1956 Ἐπεὶ
2425 1899 2483 1954 δὲ
2506 1901 2556 1956 οἱ
2582 1900 2914 1971 κεκλημένοι
2939 1901 3200 1967 πολλάκις
3229 1901 3496 1975 πρότερον
3518 1905 3613 1957 καὶ
3630 1904 3753 1976 νῦν,

2168 1996 2367 2051 ἐκεῖνοι
2405 1995 2480 2066 μὴ
2523 1996 2687 2063 μόνον
2745 1996 2999 2063 ἀναξίους
3054 1997 3290 2062 ἑαυτοὺς
3340 1997 3443 2068 τῆς
3500 1997 3747 2067 κλήσεως

2168 2086 2398 2153 ἔδειξαν,
2427 2086 2679 2140 ἀλλὰκαὶ
2705 2085 2891 2153 ἀξίους
2945 2086 3118 2157 ὀργῆς
3164 2086 3315 2150 Θείας
3364 2086 3460 2140 καὶ
3516 2085 3760 2140 πανωλε-

2168 2179 2330 2250 θρίας
2357 2196 2372 2211 ·
2403 2179 2547 2233 κατά
2580 2179 2834 2232 κέλευσιν
2870 2179 2964 2231 τοῦ
2994 2180 3266 2249 βασιλέως
3298 2181 3439 2251 πρὶς
3472 2179 3570 2242 τὰς
3598 2178 3754 2242 ὁδοὺς

2168 2272 2501 2335 ἀπελθόντες
2534 2274 2584 2326 0i
2619 2270 2775 2327 αὐτοὶ
2815 2268 3015 2341 δοῦλοι,
3073 2272 3360 2326 τουτέστιν
3416 2272 3468 2326 oi
3499 2269 3595 2324 τοῦ
3640 2272 3756 2323 Κυ-

2172 2366 2288 2435 ρίου
2323 2366 2638 2432 ἀπόστολοι,
2677 2369 3014 2438 συνήγαγον,
3042 2367 3235 2437 φησὶν,
3268 2364 3430 2427 ὅσους
3454 2356 3620 2435 εὗρον
3647 2380 3753 2416 πο-

2169 2459 2367 2529 νηρούς
2404 2476 2463 2512 τε
2497 2461 2590 2513 καὶ
2615 2461 2876 2529 ἀγαθοὺς,
2908 2459 3005 2512 καὶ
3045 2457 3295 2528 ἐπλήσθη
3323 2451 3514 2519 όοῐκος
3537 2455 3758 2508 ἀνακει-

2171 2553 2349 2623 μένων
2368 2568 2380 2581 ⁸
2409 2547 2558 2607 οὗτοι
2586 2552 2644 2606 δέ
2667 2554 2804 2605 εἰσιν
2830 2553 2882 2605 οί
2909 2551 2970 2618 ἐξ
2999 2551 3171 2604 ἐθνῶν
3231 2548 3423 2621 κλητοί
3447 2566 3460 2578 ο
3498 2546 3599 2617 μία
3643 2547 3756 2616 γὰρ

2169 2644 2324 2709 πόλις
2353 2645 2566 2716 ὑπῆρχε
2602 2644 2905 2716 τηνικαῦτα
2957 2642 3054 2697 τοῦ
3119 2641 3319 2713 Θεοῦὴ
3357 2639 3747 2708 Ἰερουσαλὴμ,

2169 2739 2267 2792 καὶ
2329 2731 2408 2801 είς
2468 2735 2636 2790 αὑτοῦ
2692 2732 2843 2799 οῐκος
2887 2737 2917 2788 0
2967 2735 3064 2790 τοῦ
3139 2733 3397 2805 ἰσραήλο
3442 2734 3490 2786 οί
3542 2732 3600 2786 δὲ
3647 2730 3752 2796 ἔξω

2165 2822 2389 2896 τούτου,
2444 2828 2644 2890 οἵτινές
2719 2844 2851 2883 ποτε
2921 2828 2991 2881 τὰ
3059 2827 3184 2899 ἔθνη
3257 2821 3435 2901 ἦσαν,
3489 2827 3568 2887 είς
3651 2824 3752 2887 τὰς

2166 2923 2322 2987 ὁδοὺς
2370 2917 2512 2994 ἦσαν
2567 2917 2681 2976 οἷον
2743 2922 3089 2995 ἐρριμμένοι,
3157 2921 3353 2983 πολλὰς
3409 2922 3500 2975 καὶ
3560 2918 3753 2989 διαφόο

2170 3026 2297 3078 ρους
2371 3006 2576 3071 θύσας’
2626 3010 2855 3063 τοιαῦτα
2904 3011 3015 3081 γὰρ
3049 3010 3231 3063 αὐτῶν
3281 3010 3494 3081 ὑπῆρχε
3536 3010 3630 3063 aet
3685 3008 3754 3062 τά

2165 3101 2436 3172 δόγματα.
2471 3101 2751 3172 Πονηροὺς
2775 3101 2830 3155 δέ
2882 3118 3016 3173 φησι
3068 3103 3164 3156 καὶ
3222 3101 3462 3169 ἀγαθοὺς
3492 3101 3616 3159 τοὺς
3689 3100 3751 3152 ἐν

2166 3194 2288 3256 ταῖς
2316 3193 2460 3257 ὁδοῖς
2495 3193 2833 3263 εὑρημένους
2861 3193 2955 3247 καὶ
2978 3193 3428 3263 συνειλεγμένους
3454 3191 3544 3247 διὰ
3569 3192 3628 3244 τὸ
3653 3190 3757 3261 τῆς

2171 3288 2230 3340 ἐν
2246 3287 2429 3352 αὐτοῖς
2461 3288 2840 3359 προαιρέσεως
2871 3286 3151 3357 διάφορον,
3176 3287 3272 3356 ἀφ’
3321 3282 3389 3358 ἦς
3416 3287 3467 3340 οί
3506 3286 3607 3356 μὲν
3663 3288 3759 3340 ἐκ·

2171 3378 2358 3433 λεκτοὶ
2384 3377 2657 3448 γίνονται,
2692 3380 2760 3449 τῇ
2823 3378 3006 3432 πίστει
3058 3377 3262 3449 τρόπον
3313 3377 3754 3446 ἐπιδεικνύμενοι

2171 3474 2267 3527 καὶ
2293 3472 2409 3544 βίον
2440 3471 2758 3544 συνᾴδοντα,
2783 3473 2831 3524 οἱ
2868 3470 2927 3524 δι
2957 3471 3066 3524 τῶν
3086 3471 3361 3525 ἐκλεκτῶν
3392 3469 3753 3538 ἐξωθοῦνται,

2174 3565 2289 3636 βίον
2320 3564 2648 3636 βεὸιωκότες
2677 3563 2907 3635 αἰσχρόν
2936 3581 2996 3617 τε
3020 3565 3118 3618 καὶ
3157 3563 3416 3634 πονηρὸν,
3469 3564 3566 3617 καὶ⁸
3614 3564 3757 3632 πρὸς

2169 3658 2269 3728 τὴν
2288 3655 2475 3710 πίστιν
2502 3655 2820 3727 ἀπᾴδοντασ
2869 3654 3115 3707 δείκνυσι
3160 3653 3219 3708 δὲ
3267 3654 3426 3707 τοῦτο
3491 3652 3581 3706 διά
3632 3652 3746 3706 τῶν

2172 3747 2299 3818 ἑξῆς
2332 3763 2346 3778 ο
2387 3764 2407 3799 ε
2443 3743 2722 3800 Εἰσελθὼν
2746 3747 2879 3814 γὰρ,
2933 3744 3123 3814 φησὶν,
3170 3744 3198 3796 0
3255 3741 3510 3813 βασιλεὺς
3548 3742 3749 3798 θεάσα-

2173 3841 2299 3894 σθαι
2351 3841 2476 3903 τοὺς
2509 3832 2998 3910 ἀνακειμένους,ἰ
3033 3837 3280 3892 τουτέστι
3336 3836 3463 3902 τοὺς
3500 3837 3609 3891 ἀπὸ
3641 3835 3752 3889 τῶν

2171 3934 2526 4005 κεκλημένων
2550 3933 2972 4003 προσελθόντας.
2999 3932 3314 3998 Είσέλευσις
3344 3932 3401 3986 δέ
3456 3933 3605 3985 ἐστιν
3635 3931 3754 3986 ναύο

2171 4027 2267 4081 τοῦ
2292 4028 2430 4099 πρδς
2460 4027 2520 4081 τὸ
2550 4026 2851 4083 θεάσασθαι
2872 4027 2969 4082 καὶ
3008 4028 3302 4097 ἀνακρῖναι
3359 4028 3488 4090 τοῑις
3534 4028 3759 4080 ἀνακει-

2176 4119 2372 4190 μένους
2403 4121 2438 4190 η
2461 4118 2604 4172 κατά
2634 4122 2726 4172 τὸν
2762 4118 2956 4191 καιρὸν
3003 4119 3105 4186 τῆς
3161 4118 3465 4189 μελλούσης
3517 4116 3757 4186 κρίσεως

2172 4208 2460 4278 ἐκφανσις.
2496 4226 2514 4259 ι
2556 4206 2830 4262 Εἰσελθὼν
2855 4205 2948 4261 οὖν
2976 4209 3006 4261 0
3047 4208 3320 4279 βασιλεὺς,
3376 4208 3561 4279 φησὶν,
3609 4201 3756 4261 εἶδεν

2174 4302 2294 4354 ἐκεῖ
2327 4299 2618 4372 ἄνθρωπον
2666 4300 2768 4353 οὐκ
2825 4300 3179 4371 ἐνδεδυμένον
3230 4300 3436 4370 ἔνδυμα
3488 4299 3689 4368 γάμου.
3734 4316 3753 4349 ι

2177 4377 2421 4461 Ἐνδυμα
2451 4389 2545 4444 τοῦ
2569 4389 2946 4460 πνευματικοῦ
2977 4390 3157 4461 γάμου
3184 4393 3335 4446 ἐστὶν
3366 4393 3399 4462 ή
3451 4394 3646 4463 ἀρετὴ,
3684 4392 3755 4464 ἠν

2174 4484 2201 4536 0
2231 4482 2307 4553 μὴ
2335 4482 2699 4553 ἐνδυσάμενος
2754 4483 3005 4537 ἐντεῦθεν
3042 4485 3107 4537 οὐ
3169 4484 3330 4554 μόνον
3386 4483 3604 4551 ἀνάξιος
3654 4485 3759 4555 τῆς

2175 4576 2328 4640 θείας
2361 4574 2581 4640 ἐκείνης
2609 4560 2973 4645 εὑρεθήσεται
3007 4578 3307 4641 παστάδος,
3366 4576 3500 4631 ἀλλά
3526 4580 3618 4631 καὶ
3668 4579 3760 4631 δε-

2175 4668 2331 4738 σμῶν
2360 4668 2455 4721 καὶ
2486 4666 2774 4737 μαστίγων
2825 4668 3082 4738 ἀρρήτων
3112 4668 3536 4737 πειραθήσεται.
3592 4667 3653 4721 Ei
3696 4665 3787 4719 δὲ’

2177 4758 2273 4815 καὶ
2330 4758 2513 4829 ψυχῆς
2579 4758 2820 4828 ἑκάστης
2866 4758 3073 4828 ἔνδυμα
3123 4757 3185 4811 τὸ
3236 4758 3469 4829 σύζυγον
3520 4761 3754 4832 ὑπάρχει

2177 4852 2360 4920 σῶμα,
2388 4851 2418 4903 0
2456 4849 2544 4922 μὴ·
2557 4848 2719 4902 τοῦτο
2764 4848 3034 4919 φυλάξας,
3065 4850 3099 4921 ἢ
3154 4850 3483 4923 ἀποσμήξας
3517 4851 3755 4907 ἐνταῦθα

2174 4946 2241 4999 δι’
2265 4941 2594 5014 ἐγκρατείας
2633 4942 2728 4996 κα)⁸
2754 4941 2980 5011 ἁγνείας
3011 4942 3108 4996 καὶ
3125 4944 3507 5014 σωφροσύνης,
3525 4945 3749 5015 ἀχρεῖον

2176 5040 2288 5107 ἕξει
2324 5038 2443 5092 τότε
2461 5039 2556 5090 καὶ
2583 5039 2682 5107 τῆς
2704 5036 2945 5106 ἀφθόρου
2972 5038 3247 5101 παστάδος
3269 5039 3487 5111 ἐκείνης
3507 5038 3752 5105 ἀνάξιον,

2178 5133 2273 5188 καὶ
2293 5133 2386 5186 τοῦ
2418 5132 2622 5202 ταύτης
2652 5130 2956 5201 ἐξωσθῆναι
2981 5132 3293 5201 παραίτιον.
3344 5132 3602 5201 Ἐλέγξας
3623 5136 3757 5203 γὰρ,

2176 5227 2335 5296 φησὶ,
2376 5227 2474 5279 καὶ
2509 5223 2887 5294 καταισχύνας
2913 5226 2941 5277 0
2964 5223 3219 5295 βασιλεὺς
3243 5225 3337 5279 τὸν
3363 5225 3440 5297 μὴ
3468 5225 3634 5291 ἀξίως
3660 5226 3760 5294 τῆς
3833 5252 3853 5265 -

2177 5320 2421 5390 κλήσεως
2449 5317 2786 5388 ἐσταλμένον
2811 5319 3042 5384 ἐκεῖνον,
3089 5313 3213 5373 εἶπε
3275 5320 3390 5381 τοῖς
3449 5317 3757 5383 διακόνοις·

2181 5434 2199 5466 ι
2241 5415 2516 5485 Δήσαντες
2549 5411 2716 5466 αὐτοῦ
2748 5414 2940 5483 χεῖρας
2970 5415 3061 5466 καὶ
3090 5413 3281 5479 πόδας,
3305 5414 3474 5484 ἄρατε
3510 5414 3698 5479 αὐτὸν,
3736 5432 3758 5467 ι

2176 5507 2462 5562 τουτέστιν
2514 5504 2795 5573 ’ἀφύκτοις
2848 5505 3041 5559 τοῦτον
3091 5506 3484 5577 περιϐαλόντες
3539 5507 3758 5572 δεινοῖς,

2184 5601 2478 5673 χωρήσατε
2557 5598 2661 5670 τῆς
2748 5599 3036 5663 κατοικίας
3109 5601 3203 5652 καὶ
3272 5600 3574 5664 συναυλίας
3656 5598 3765 5653 τῶν

2189 5691 2671 5761 εὐφραινομένων,
2745 5709 2763 5742 ι
2821 5691 2931 5746 Καὶ
3006 5691 3267 5746 ἐκϐάλετε
3335 5693 3502 5746 αὑτὸν
3556 5691 3636 5756 είς
3702 5691 3766 5745 τὸ

2190 5785 2382 5846 σκότος
2444 5785 2504 5835 τὸ
2561 5781 2824 5851 ἐξώτερον
2851 5798 2865 5813 '
2906 5782 3025 5836 ἐκεῖ
3078 5783 3233 5839 ἔσται
3279 5785 3308 5837 0
3342 5783 3619 5856 κλαυθμὸς
3672 5784 3767 5837 καὶ

2189 5877 2214 5928 ό
2249 5872 2493 5946 βρυγμὸς
2520 5875 2628 5930 τῶν
2684 5875 2935 5934 ὀδόντων.
2981 5896 2999 5931 ι
3027 5880 3209 5934 Δεῖται
3236 5881 3344 5952 γὰρ
3401 5881 3594 5951 χεῖρας
3670 5882 3766 5934 καὶ
