  <div class='ocr_page' id='page_1' title='image "/cluster/home/n/w/nwhite01/storage/ocr_20150623/151:no.2/coo.31924054870567/272.png"; bbox 0 0 4082 6414; ppageno 0'>
   <div class='ocr_carea' id='block_1_1' title="bbox 344 265 3622 384">
    <p class='ocr_par' dir='ltr' id='par_1_1' title="bbox 344 265 3622 384">
     <span class='ocr_line' id='line_1_1' title="bbox 344 265 3622 384; baseline -0.011 -1"><span class='ocrx_word' id='word_1_1' title='bbox 344 316 458 384; x_wconf 73' lang='lat'><strong>525</strong></span> <span class='ocrx_word' id='word_1_2' title='bbox 1664 265 2002 366; x_wconf 68' lang='lat' dir='ltr'><strong>uomuit</strong></span> <span class='ocrx_word' id='word_1_3' title='bbox 2038 296 2231 360; x_wconf 83' lang='lat' dir='ltr'>XLII.</span> <span class='ocrx_word' id='word_1_4' title='bbox 3519 285 3622 347; x_wconf 79' lang='lat'><strong>5:6</strong></span> 
     </span>
    </p>
   </div>
   <div class='ocr_carea' id='block_1_2' title="bbox 350 397 1944 497">
    <p class='ocr_par' dir='ltr' id='par_1_2' title="bbox 350 420 1923 497">
     <span class='ocr_line' id='line_1_2' title="bbox 350 420 1923 497; baseline -0.01 -10"><span class='ocrx_word' id='word_1_5' title='bbox 350 433 520 497; x_wconf 80' lang='grc' dir='ltr'>πόδας</span> <span class='ocrx_word' id='word_1_6' title='bbox 551 429 776 493; x_wconf 81' lang='grc' dir='ltr'><strong>δικαίως</strong></span> <span class='ocrx_word' id='word_1_7' title='bbox 812 431 842 482; x_wconf 85' lang='grc' dir='ltr'>ὁ</span> <span class='ocrx_word' id='word_1_8' title='bbox 874 427 970 482; x_wconf 73' lang='grc' dir='ltr'>καὶ</span> <span class='ocrx_word' id='word_1_9' title='bbox 992 426 1101 481; x_wconf 73' lang='grc' dir='ltr'><strong>ἀπὸ</strong></span> <span class='ocrx_word' id='word_1_10' title='bbox 1137 426 1244 481; x_wconf 84' lang='grc' dir='ltr'><strong>τῶν</strong></span> <span class='ocrx_word' id='word_1_11' title='bbox 1269 423 1509 497; x_wconf 77' lang='grc' dir='ltr'>ἐνταῦθα</span> <span class='ocrx_word' id='word_1_12' title='bbox 1539 427 1746 497; x_wconf 75' lang='grc' dir='ltr'>σειραῖς</span> <span class='ocrx_word' id='word_1_13' title='bbox 1811 420 1923 497; x_wconf 80' lang='grc' dir='ltr'><strong>τῶν</strong></span> 
     </span>
    </p>
   </div>
   <div class='ocr_carea' id='block_1_3' title="bbox 2048 397 3690 497">
    <p class='ocr_par' dir='ltr' id='par_1_3' title="bbox 2048 397 3690 483">
     <span class='ocr_line' id='line_1_3' title="bbox 2048 397 3690 483; baseline -0.01 -19"><span class='ocrx_word' id='word_1_14' title='bbox 2048 419 2266 474; x_wconf 82' lang='lat' dir='ltr'><strong>.antum,</strong></span> <span class='ocrx_word' id='word_1_15' title='bbox 2291 407 2386 464; x_wconf 87' lang='lat' dir='ltr'><strong>sed</strong></span> <span class='ocrx_word' id='word_1_16' title='bbox 2419 405 2653 463; x_wconf 88' lang='lat' dir='ltr'><strong>tenebrae</strong></span> <span class='ocrx_word' id='word_1_17' title='bbox 2682 404 2785 460; x_wconf 60' lang='lat' dir='ltr'><strong>illgo</strong></span> <span class='ocrx_word' id='word_1_18' title='bbox 2819 411 2948 458; x_wconf 88' lang='lat' dir='ltr'><strong>sunt</strong></span> <span class='ocrx_word' id='word_1_19' title='bbox 2979 403 3121 472; x_wconf 82' lang='lat' dir='ltr'><strong>ignis</strong></span> <span class='ocrx_word' id='word_1_20' title='bbox 3143 397 3622 470; x_wconf 79' lang='lat' dir='ltr'><strong>inexslinguibilis.</strong></span> <span class='ocrx_word' id='word_1_21' title='bbox 3680 473 3690 483; x_wconf 35' lang='grc' dir='ltr'><em>ο</em></span> 
     </span>
    </p>
   </div>
   <div class='ocr_carea' id='block_1_4' title="bbox 349 494 1944 574">
    <p class='ocr_par' dir='ltr' id='par_1_4' title="bbox 349 494 1918 574">
     <span class='ocr_line' id='line_1_4' title="bbox 349 494 1918 574; baseline -0.008 -18"><span class='ocrx_word' id='word_1_22' title='bbox 349 494 636 574; x_wconf 80' lang='grc' dir='ltr'>ἁμαρτιῶν</span> <span class='ocrx_word' id='word_1_23' title='bbox 671 500 835 553; x_wconf 79' lang='grc' dir='ltr'>αὑτοῦ</span> <span class='ocrx_word' id='word_1_24' title='bbox 870 499 1255 568; x_wconf 76' lang='grc' dir='ltr'><strong>σφιγγόμενος,</strong></span> <span class='ocrx_word' id='word_1_25' title='bbox 1311 496 1407 549; x_wconf 70' lang='grc' dir='ltr'>καὶ</span> <span class='ocrx_word' id='word_1_26' title='bbox 1465 494 1791 548; x_wconf 79' lang='grc' dir='ltr'>ἐκϐάλλεται</span> <span class='ocrx_word' id='word_1_27' title='bbox 1836 494 1918 560; x_wconf 87' lang='grc' dir='ltr'><strong>είς</strong></span> 
     </span>
    </p>
   </div>
   <div class='ocr_carea' id='block_1_5' title="bbox 2048 494 3418 574">
    <p class='ocr_par' dir='ltr' id='par_1_5' title="bbox 2048 494 3418 568">
     <span class='ocr_line' id='line_1_5' title="bbox 2048 494 3418 568; baseline -0.011 -8"><span class='ocrx_word' id='word_1_28' title='bbox 2048 502 2308 560; x_wconf 68' lang='lat' dir='ltr'><strong>vermibus</strong></span> <span class='ocrx_word' id='word_1_29' title='bbox 2338 503 2558 568; x_wconf 90' lang='lat' dir='ltr'><strong>insuper</strong></span> <span class='ocrx_word' id='word_1_30' title='bbox 2588 499 2681 568; x_wconf 92' lang='lat' dir='ltr'><strong>qui</strong></span> <span class='ocrx_word' id='word_1_31' title='bbox 2736 514 2842 551; x_wconf 88' lang='lat' dir='ltr'><strong>non</strong></span> <span class='ocrx_word' id='word_1_32' title='bbox 2877 497 3158 550; x_wconf 87' lang='lat' dir='ltr'><strong>dormiunt</strong></span> <span class='ocrx_word' id='word_1_33' title='bbox 3182 494 3418 548; x_wconf 65' lang='lat' dir='ltr'><strong>refertae.</strong></span> 
     </span>
    </p>
   </div>
   <div class='ocr_carea' id='block_1_6' title="bbox 348 583 3627 664">
    <p class='ocr_par' dir='ltr' id='par_1_6' title="bbox 348 583 3627 664">
     <span class='ocr_line' id='line_1_6' title="bbox 348 583 3627 664; baseline -0.005 -17"><span class='ocrx_word' id='word_1_34' title='bbox 348 595 408 647; x_wconf 83' lang='grc' dir='ltr'><strong>τὺ</strong></span> <span class='ocrx_word' id='word_1_35' title='bbox 440 595 630 654; x_wconf 74' lang='grc' dir='ltr'>σκότος</span> <span class='ocrx_word' id='word_1_36' title='bbox 649 593 712 644; x_wconf 75' lang='grc' dir='ltr'><strong>τὸ</strong></span> <span class='ocrx_word' id='word_1_37' title='bbox 744 589 1011 660; x_wconf 73' lang='grc' dir='ltr'><strong>ἐξώτερον</strong></span> <span class='ocrx_word' id='word_1_38' title='bbox 1047 587 1386 658; x_wconf 71' lang='grc' dir='ltr'>πορρωτέρω</span> <span class='ocrx_word' id='word_1_39' title='bbox 1440 585 1579 639; x_wconf 87' lang='grc' dir='ltr'>Θεοῦ</span> <span class='ocrx_word' id='word_1_40' title='bbox 1618 587 1929 657; x_wconf 76' lang='grc' dir='ltr'>γενόμενος,</span> <span class='ocrx_word' id='word_1_41' title='bbox 1962 592 2038 656; x_wconf 81' lang='grc' dir='ltr'>ὡς</span> <span class='ocrx_word' id='word_1_42' title='bbox 2082 595 2160 664; x_wconf 74' lang='grc' dir='ltr'>μὴ</span> <span class='ocrx_word' id='word_1_43' title='bbox 2189 592 2366 660; x_wconf 74' lang='grc' dir='ltr'>φωτὸς</span> <span class='ocrx_word' id='word_1_44' title='bbox 2397 592 2537 660; x_wconf 74' lang='grc' dir='ltr'>ἔργα,</span> <span class='ocrx_word' id='word_1_45' title='bbox 2579 588 2793 661; x_wconf 71' lang='grc' dir='ltr'>πράξας</span> <span class='ocrx_word' id='word_1_46' title='bbox 2823 588 3013 642; x_wconf 78' lang='grc' dir='ltr'>ἐνθάδε</span> <span class='ocrx_word' id='word_1_47' title='bbox 3043 604 3057 620; x_wconf 77' lang='grc' dir='ltr'><strong>ο</strong></span> <span class='ocrx_word' id='word_1_48' title='bbox 3119 589 3240 640; x_wconf 77' lang='grc' dir='ltr'>ἐκεῖ</span> <span class='ocrx_word' id='word_1_49' title='bbox 3304 586 3384 648; x_wconf 80' lang='grc' dir='ltr'>δὲ,</span> <span class='ocrx_word' id='word_1_50' title='bbox 3437 583 3627 651; x_wconf 72' lang='grc' dir='ltr'>φησὶν,</span> 
     </span>
    </p>
   </div>
   <div class='ocr_carea' id='block_1_7' title="bbox 347 678 3631 760">
    <p class='ocr_par' dir='ltr' id='par_1_7' title="bbox 347 678 3631 760">
     <span class='ocr_line' id='line_1_7' title="bbox 347 678 3631 760; baseline -0.005 -17"><span class='ocrx_word' id='word_1_51' title='bbox 347 689 556 743; x_wconf 84' lang='grc' dir='ltr'>ἔσταιό</span> <span class='ocrx_word' id='word_1_52' title='bbox 583 689 863 757; x_wconf 73' lang='grc' dir='ltr'>κλαυθμὸς</span> <span class='ocrx_word' id='word_1_53' title='bbox 895 686 991 740; x_wconf 67' lang='lat' dir='ltr'><strong>xui</strong></span> <span class='ocrx_word' id='word_1_54' title='bbox 1022 687 1049 737; x_wconf 86' lang='grc' dir='ltr'><strong>ό</strong></span> <span class='ocrx_word' id='word_1_55' title='bbox 1110 683 1358 754; x_wconf 77' lang='grc' dir='ltr'><strong>βρυγμὸς</strong></span> <span class='ocrx_word' id='word_1_56' title='bbox 1427 682 1538 734; x_wconf 91' lang='grc' dir='ltr'><strong>τῶν</strong></span> <span class='ocrx_word' id='word_1_57' title='bbox 1579 683 1818 738; x_wconf 81' lang='grc' dir='ltr'><strong>ὀδόντων</strong></span> <span class='ocrx_word' id='word_1_58' title='bbox 1844 702 1857 716; x_wconf 76' lang='grc' dir='ltr'>ο</span> <span class='ocrx_word' id='word_1_59' title='bbox 1898 687 1961 740; x_wconf 83' lang='grc' dir='ltr'>οὐ</span> <span class='ocrx_word' id='word_1_60' title='bbox 2026 689 2136 760; x_wconf 77' lang='grc' dir='ltr'>γὰρ</span> <span class='ocrx_word' id='word_1_61' title='bbox 2169 689 2359 752; x_wconf 87' lang='grc' dir='ltr'>σκότος</span> <span class='ocrx_word' id='word_1_62' title='bbox 2416 687 2604 756; x_wconf 78' lang='grc' dir='ltr'>μόνον,</span> <span class='ocrx_word' id='word_1_63' title='bbox 2675 683 2812 738; x_wconf 84' lang='grc' dir='ltr'>άλλᾶ</span> <span class='ocrx_word' id='word_1_64' title='bbox 2856 684 2952 737; x_wconf 74' lang='grc' dir='ltr'><strong>καὶ</strong></span> <span class='ocrx_word' id='word_1_65' title='bbox 3013 681 3126 753; x_wconf 83' lang='grc' dir='ltr'><strong>πῦρ</strong></span> <span class='ocrx_word' id='word_1_66' title='bbox 3173 683 3323 734; x_wconf 81' lang='grc' dir='ltr'>ἐστιν</span> <span class='ocrx_word' id='word_1_67' title='bbox 3366 678 3631 734; x_wconf 79' lang='grc' dir='ltr'>ἄσϐεστον</span> 
     </span>
    </p>
   </div>
   <div class='ocr_carea' id='block_1_8' title="bbox 346 773 2474 851">
    <p class='ocr_par' dir='ltr' id='par_1_8' title="bbox 346 773 2474 851">
     <span class='ocr_line' id='line_1_8' title="bbox 346 773 2474 851; baseline -0.001 -18"><span class='ocrx_word' id='word_1_68' title='bbox 346 783 526 834; x_wconf 84' lang='grc' dir='ltr'>ἐκεῖνο</span> <span class='ocrx_word' id='word_1_69' title='bbox 555 781 617 833; x_wconf 80' lang='grc' dir='ltr'>τὸ</span> <span class='ocrx_word' id='word_1_70' title='bbox 651 780 839 842; x_wconf 83' lang='grc' dir='ltr'><strong>σκότος</strong></span> <span class='ocrx_word' id='word_1_71' title='bbox 861 795 874 811; x_wconf 77' lang='grc' dir='ltr'><strong>ο</strong></span> <span class='ocrx_word' id='word_1_72' title='bbox 900 777 1038 844; x_wconf 79' lang='grc' dir='ltr'>πρὸς</span> <span class='ocrx_word' id='word_1_73' title='bbox 1059 777 1114 829; x_wconf 82' lang='grc' dir='ltr'>δὲ</span> <span class='ocrx_word' id='word_1_74' title='bbox 1145 775 1238 828; x_wconf 56' lang='grc' dir='ltr'><strong>καὶ⁵</strong></span> <span class='ocrx_word' id='word_1_75' title='bbox 1263 773 1573 844; x_wconf 83' lang='grc' dir='ltr'><strong>σκωλήκων</strong></span> <span class='ocrx_word' id='word_1_76' title='bbox 1622 775 1944 847; x_wconf 80' lang='grc' dir='ltr'>ἀκοιμῆτων</span> <span class='ocrx_word' id='word_1_77' title='bbox 1991 781 2474 851; x_wconf 77' lang='grc' dir='ltr'>ἐμπεπλησμένον.</span> 
     </span>
    </p>
   </div>
   <div class='ocr_carea' id='block_1_9' title="bbox 417 869 1933 942">
    <p class='ocr_par' dir='ltr' id='par_1_9' title="bbox 417 869 1933 942">
     <span class='ocr_line' id='line_1_9' title="bbox 417 869 1933 942; baseline -0.003 -14"><span class='ocrx_word' id='word_1_78' title='bbox 417 872 716 942; x_wconf 81' lang='grc' dir='ltr'>Κλαυθμὸς</span> <span class='ocrx_word' id='word_1_79' title='bbox 743 869 836 926; x_wconf 81' lang='grc' dir='ltr'>οὖν</span> <span class='ocrx_word' id='word_1_80' title='bbox 871 873 990 925; x_wconf 79' lang='grc' dir='ltr'>ἐκεῖ</span> <span class='ocrx_word' id='word_1_81' title='bbox 1013 873 1107 924; x_wconf 73' lang='grc' dir='ltr'>καὶ</span> <span class='ocrx_word' id='word_1_82' title='bbox 1137 869 1388 940; x_wconf 74' lang='grc' dir='ltr'>βρυγμὸς</span> <span class='ocrx_word' id='word_1_83' title='bbox 1422 870 1676 934; x_wconf 81' lang='grc' dir='ltr'><strong>ὀδόντων,</strong></span> <span class='ocrx_word' id='word_1_84' title='bbox 1715 872 1805 926; x_wconf 80' lang='grc' dir='ltr'>διὰ</span> <span class='ocrx_word' id='word_1_85' title='bbox 1831 873 1933 936; x_wconf 75' lang='grc' dir='ltr'><strong>τὰς</strong></span> 
     </span>
    </p>
   </div>
   <div class='ocr_carea' id='block_1_10' title="bbox 347 959 1934 1035">
    <p class='ocr_par' dir='ltr' id='par_1_10' title="bbox 347 959 1934 1035">
     <span class='ocr_line' id='line_1_10' title="bbox 347 959 1934 1035; baseline -0.003 -15"><span class='ocrx_word' id='word_1_86' title='bbox 347 965 710 1035; x_wconf 80' lang='grc' dir='ltr'><strong>ἐπικειμένας</strong></span> <span class='ocrx_word' id='word_1_87' title='bbox 746 965 840 1016; x_wconf 75' lang='grc' dir='ltr'>καὶ</span> <span class='ocrx_word' id='word_1_88' title='bbox 862 961 1044 1034; x_wconf 71' lang='grc' dir='ltr'>ψυχῆς</span> <span class='ocrx_word' id='word_1_89' title='bbox 1074 963 1168 1015; x_wconf 70' lang='grc' dir='ltr'>καὶ</span> <span class='ocrx_word' id='word_1_90' title='bbox 1192 960 1448 1030; x_wconf 82' lang='grc' dir='ltr'>σώματος</span> <span class='ocrx_word' id='word_1_91' title='bbox 1499 959 1934 1032; x_wconf 82' lang='grc' dir='ltr'>καθαπτομένας</span> 
     </span>
    </p>
   </div>
   <div class='ocr_carea' id='block_1_11' title="bbox 347 1056 1932 1132">
    <p class='ocr_par' dir='ltr' id='par_1_11' title="bbox 347 1056 1932 1132">
     <span class='ocr_line' id='line_1_11' title="bbox 347 1056 1932 1132; baseline -0.003 -15"><span class='ocrx_word' id='word_1_92' title='bbox 347 1065 659 1132; x_wconf 67' lang='grc' dir='ltr'>ἀφορήτους</span> <span class='ocrx_word' id='word_1_93' title='bbox 691 1059 904 1123; x_wconf 73' lang='grc' dir='ltr'>ὀδύνας,</span> <span class='ocrx_word' id='word_1_94' title='bbox 935 1059 1024 1114; x_wconf 74' lang='grc' dir='ltr'>διὰ</span> <span class='ocrx_word' id='word_1_95' title='bbox 1082 1058 1183 1120; x_wconf 78' lang='grc' dir='ltr'>τὰς</span> <span class='ocrx_word' id='word_1_96' title='bbox 1225 1056 1623 1125; x_wconf 85' lang='grc' dir='ltr'>ἀτελευτήτους</span> <span class='ocrx_word' id='word_1_97' title='bbox 1660 1059 1932 1128; x_wconf 72' lang='grc' dir='ltr'>οἰμωγὰς,</span> 
     </span>
    </p>
   </div>
   <div class='ocr_carea' id='block_1_12' title="bbox 346 1142 1937 1222">
    <p class='ocr_par' dir='ltr' id='par_1_12' title="bbox 346 1142 1937 1222">
     <span class='ocr_line' id='line_1_12' title="bbox 346 1142 1937 1222; baseline -0.003 -14"><span class='ocrx_word' id='word_1_98' title='bbox 346 1156 436 1209; x_wconf 74' lang='grc' dir='ltr'><strong>διὰ</strong></span> <span class='ocrx_word' id='word_1_99' title='bbox 473 1154 565 1207; x_wconf 79' lang='grc' dir='ltr'>τὸν</span> <span class='ocrx_word' id='word_1_100' title='bbox 597 1153 832 1222; x_wconf 80' lang='grc' dir='ltr'>ἄληκτον</span> <span class='ocrx_word' id='word_1_101' title='bbox 859 1153 954 1205; x_wconf 76' lang='grc' dir='ltr'><strong>καὶ</strong></span> <span class='ocrx_word' id='word_1_102' title='bbox 983 1142 1243 1220; x_wconf 81' lang='grc' dir='ltr'>ἀνόνητον</span> <span class='ocrx_word' id='word_1_103' title='bbox 1277 1152 1396 1204; x_wconf 72' lang='grc' dir='ltr'>ἐκεῖ</span> <span class='ocrx_word' id='word_1_104' title='bbox 1449 1150 1756 1222; x_wconf 84' lang='grc' dir='ltr'>μετάμελον</span> <span class='ocrx_word' id='word_1_105' title='bbox 1777 1169 1792 1184; x_wconf 80' lang='grc' dir='ltr'><strong><em>ο</em></strong></span> <span class='ocrx_word' id='word_1_106' title='bbox 1841 1151 1937 1204; x_wconf 70' lang='grc' dir='ltr'>καὶ</span> 
     </span>
    </p>
   </div>
   <div class='ocr_carea' id='block_1_13' title="bbox 351 1245 1936 1316">
    <p class='ocr_par' dir='ltr' id='par_1_13' title="bbox 351 1245 1936 1316">
     <span class='ocr_line' id='line_1_13' title="bbox 351 1245 1936 1316; baseline -0.003 -13"><span class='ocrx_word' id='word_1_107' title='bbox 351 1251 528 1303; x_wconf 77' lang='grc' dir='ltr'>ταῦτα</span> <span class='ocrx_word' id='word_1_108' title='bbox 558 1247 754 1309; x_wconf 82' lang='grc' dir='ltr'>εἰπὼν,</span> <span class='ocrx_word' id='word_1_109' title='bbox 787 1246 1072 1313; x_wconf 80' lang='grc' dir='ltr'>ὲπήγαγε’</span> <span class='ocrx_word' id='word_1_110' title='bbox 1115 1264 1134 1296; x_wconf 74' lang='grc' dir='ltr'><strong>ι</strong></span> <span class='ocrx_word' id='word_1_111' title='bbox 1167 1245 1368 1299; x_wconf 75' lang='grc' dir='ltr'>Πολλοὶ</span> <span class='ocrx_word' id='word_1_112' title='bbox 1403 1247 1512 1316; x_wconf 89' lang='grc' dir='ltr'><strong>γάρ</strong></span> <span class='ocrx_word' id='word_1_113' title='bbox 1565 1247 1671 1299; x_wconf 83' lang='grc' dir='ltr'>είσι</span> <span class='ocrx_word' id='word_1_114' title='bbox 1721 1247 1936 1315; x_wconf 78' lang='grc' dir='ltr'>κλητοὶ,</span> 
     </span>
    </p>
   </div>
   <div class='ocr_carea' id='block_1_14' title="bbox 347 1335 1944 1408">
    <p class='ocr_par' dir='ltr' id='par_1_14' title="bbox 347 1335 1944 1408">
     <span class='ocr_line' id='line_1_14' title="bbox 347 1335 1944 1408; baseline -0.004 -14"><span class='ocrx_word' id='word_1_115' title='bbox 347 1342 521 1408; x_wconf 78' lang='grc' dir='ltr'>ὀλίγοι</span> <span class='ocrx_word' id='word_1_116' title='bbox 557 1339 616 1392; x_wconf 82' lang='grc' dir='ltr'>δὲ</span> <span class='ocrx_word' id='word_1_117' title='bbox 650 1336 905 1390; x_wconf 73' lang='grc' dir='ltr'>ἐκλεκτοί</span> <span class='ocrx_word' id='word_1_118' title='bbox 940 1353 956 1368; x_wconf 76' lang='grc' dir='ltr'><strong>ο</strong></span> <span class='ocrx_word' id='word_1_119' title='bbox 1010 1355 1030 1388; x_wconf 72' lang='grc' dir='ltr'><strong>ι</strong></span> <span class='ocrx_word' id='word_1_120' title='bbox 1066 1336 1280 1400; x_wconf 77' lang='grc' dir='ltr'>δεικνὺς</span> <span class='ocrx_word' id='word_1_121' title='bbox 1310 1337 1386 1399; x_wconf 84' lang='grc' dir='ltr'><strong>ώς</strong></span> <span class='ocrx_word' id='word_1_122' title='bbox 1417 1338 1516 1406; x_wconf 81' lang='grc' dir='ltr'><strong>οὐχ</strong></span> <span class='ocrx_word' id='word_1_123' title='bbox 1549 1335 1630 1399; x_wconf 68' lang='grc' dir='ltr'><strong>είς</strong></span> <span class='ocrx_word' id='word_1_124' title='bbox 1660 1337 1688 1389; x_wconf 88' lang='grc' dir='ltr'><strong>ό</strong></span> <span class='ocrx_word' id='word_1_125' title='bbox 1710 1335 1818 1389; x_wconf 92' lang='grc' dir='ltr'><strong>τῶν</strong></span> <span class='ocrx_word' id='word_1_126' title='bbox 1837 1337 1944 1388; x_wconf 89' lang='grc' dir='ltr'>δει-</span> 
     </span>
    </p>
   </div>
   <div class='ocr_carea' id='block_1_15' title="bbox 350 1427 1944 1498">
    <p class='ocr_par' dir='ltr' id='par_1_15' title="bbox 350 1427 1944 1498">
     <span class='ocr_line' id='line_1_15' title="bbox 350 1427 1944 1498; baseline -0.005 -12"><span class='ocrx_word' id='word_1_127' title='bbox 350 1433 459 1486; x_wconf 87' lang='grc' dir='ltr'><strong>νῶν</strong></span> <span class='ocrx_word' id='word_1_128' title='bbox 488 1430 714 1483; x_wconf 76' lang='grc' dir='ltr'>ἐκείνων</span> <span class='ocrx_word' id='word_1_129' title='bbox 767 1429 1080 1498; x_wconf 72' lang='grc' dir='ltr'>ληψόμενος</span> <span class='ocrx_word' id='word_1_130' title='bbox 1141 1430 1242 1498; x_wconf 76' lang='grc' dir='ltr'>τὴν</span> <span class='ocrx_word' id='word_1_131' title='bbox 1294 1432 1516 1498; x_wconf 84' lang='grc' dir='ltr'>πεῖραν,</span> <span class='ocrx_word' id='word_1_132' title='bbox 1583 1428 1700 1481; x_wconf 77' lang='grc' dir='ltr'>ἀλλ’</span> <span class='ocrx_word' id='word_1_133' title='bbox 1755 1427 1944 1491; x_wconf 84' lang='grc' dir='ltr'>ἁπλῶς</span> 
     </span>
    </p>
   </div>
   <div class='ocr_carea' id='block_1_16' title="bbox 350 1519 1942 1592">
    <p class='ocr_par' dir='ltr' id='par_1_16' title="bbox 350 1519 1942 1592">
     <span class='ocr_line' id='line_1_16' title="bbox 350 1519 1942 1592; baseline -0.004 -15"><span class='ocrx_word' id='word_1_134' title='bbox 350 1526 461 1586; x_wconf 74' lang='grc' dir='ltr'><strong>πᾶς</strong></span> <span class='ocrx_word' id='word_1_135' title='bbox 490 1523 518 1575; x_wconf 88' lang='grc' dir='ltr'><strong>ό</strong></span> <span class='ocrx_word' id='word_1_136' title='bbox 541 1522 638 1592; x_wconf 81' lang='grc' dir='ltr'>τὴν</span> <span class='ocrx_word' id='word_1_137' title='bbox 673 1522 783 1574; x_wconf 83' lang='grc' dir='ltr'><strong>ἀπὸ</strong></span> <span class='ocrx_word' id='word_1_138' title='bbox 805 1519 915 1573; x_wconf 85' lang='grc' dir='ltr'><strong>τῶν</strong></span> <span class='ocrx_word' id='word_1_139' title='bbox 951 1520 1131 1590; x_wconf 77' lang='grc' dir='ltr'>ἔργων</span> <span class='ocrx_word' id='word_1_140' title='bbox 1161 1520 1361 1590; x_wconf 78' lang='grc' dir='ltr'><strong>ὁμοίαν</strong></span> <span class='ocrx_word' id='word_1_141' title='bbox 1415 1519 1731 1590; x_wconf 78' lang='grc' dir='ltr'>φαυλότητα</span> <span class='ocrx_word' id='word_1_142' title='bbox 1781 1536 1942 1590; x_wconf 87' lang='grc' dir='ltr'>περι-</span> 
     </span>
    </p>
   </div>
   <div class='ocr_carea' id='block_1_17' title="bbox 351 1611 1940 1686">
    <p class='ocr_par' dir='ltr' id='par_1_17' title="bbox 351 1611 1940 1686">
     <span class='ocr_line' id='line_1_17' title="bbox 351 1611 1940 1686; baseline -0.001 -18"><span class='ocrx_word' id='word_1_143' title='bbox 351 1617 606 1686; x_wconf 85' lang='grc' dir='ltr'>κείμενος</span> <span class='ocrx_word' id='word_1_144' title='bbox 631 1632 643 1645; x_wconf 90' lang='grc'>·</span> <span class='ocrx_word' id='word_1_145' title='bbox 671 1615 759 1666; x_wconf 82' lang='grc' dir='ltr'>διὰ</span> <span class='ocrx_word' id='word_1_146' title='bbox 793 1614 902 1681; x_wconf 80' lang='grc' dir='ltr'><strong>γὰρ</strong></span> <span class='ocrx_word' id='word_1_147' title='bbox 950 1615 1044 1666; x_wconf 86' lang='grc' dir='ltr'><strong>τοῦ</strong></span> <span class='ocrx_word' id='word_1_148' title='bbox 1111 1613 1231 1676; x_wconf 75' lang='grc' dir='ltr'>ἐνὸς</span> <span class='ocrx_word' id='word_1_149' title='bbox 1281 1611 1473 1667; x_wconf 87' lang='grc' dir='ltr'>τούτου</span> <span class='ocrx_word' id='word_1_150' title='bbox 1534 1614 1885 1684; x_wconf 78' lang='grc' dir='ltr'>παρέστησεν</span> <span class='ocrx_word' id='word_1_151' title='bbox 1912 1615 1940 1666; x_wconf 88' lang='grc' dir='ltr'><strong>ό</strong></span> 
     </span>
    </p>
   </div>
   <div class='ocr_carea' id='block_1_18' title="bbox 2107 866 3632 945">
    <p class='ocr_par' dir='ltr' id='par_1_18' title="bbox 2107 866 3632 945">
     <span class='ocr_line' id='line_1_18' title="bbox 2107 866 3632 945; baseline -0.007 -16"><span class='ocrx_word' id='word_1_152' title='bbox 2107 873 2299 945; x_wconf 83' lang='lat' dir='ltr'><strong>Itaque</strong></span> <span class='ocrx_word' id='word_1_153' title='bbox 2332 874 2406 928; x_wconf 92' lang='lat' dir='ltr'><strong>ibi</strong></span> <span class='ocrx_word' id='word_1_154' title='bbox 2459 872 2618 927; x_wconf 83' lang='lat' dir='ltr'><strong>ﬂetus</strong></span> <span class='ocrx_word' id='word_1_155' title='bbox 2660 879 2714 926; x_wconf 91' lang='lat' dir='ltr'><strong>et</strong></span> <span class='ocrx_word' id='word_1_156' title='bbox 2746 870 2948 924; x_wconf 89' lang='lat' dir='ltr'><strong>stridor</strong></span> <span class='ocrx_word' id='word_1_157' title='bbox 2979 869 3224 924; x_wconf 88' lang='lat' dir='ltr'><strong>dentium</strong></span> <span class='ocrx_word' id='word_1_158' title='bbox 3258 874 3484 935; x_wconf 79' lang='lat' dir='ltr'><strong>propter</strong></span> <span class='ocrx_word' id='word_1_159' title='bbox 3531 866 3632 918; x_wconf 80' lang='lat' dir='ltr'><strong>do-</strong></span> 
     </span>
    </p>
   </div>
   <div class='ocr_carea' id='block_1_19' title="bbox 2039 957 3626 1033">
    <p class='ocr_par' dir='ltr' id='par_1_19' title="bbox 2039 957 3626 1033">
     <span class='ocr_line' id='line_1_19' title="bbox 2039 957 3626 1033; baseline -0.005 -17"><span class='ocrx_word' id='word_1_160' title='bbox 2039 963 2184 1018; x_wconf 87' lang='lat' dir='ltr'><strong>lores</strong></span> <span class='ocrx_word' id='word_1_161' title='bbox 2207 963 2299 1033; x_wconf 85' lang='lat' dir='ltr'><strong>qui</strong></span> <span class='ocrx_word' id='word_1_162' title='bbox 2328 977 2529 1031; x_wconf 92' lang='lat' dir='ltr'><strong>corpus</strong></span> <span class='ocrx_word' id='word_1_163' title='bbox 2569 971 2622 1014; x_wconf 90' lang='lat' dir='ltr'><strong>et</strong></span> <span class='ocrx_word' id='word_1_164' title='bbox 2660 960 2900 1014; x_wconf 85' lang='lat' dir='ltr'><strong>animam</strong></span> <span class='ocrx_word' id='word_1_165' title='bbox 2943 959 3325 1026; x_wconf 84' lang='lat' dir='ltr'><strong>constringunt</strong></span> <span class='ocrx_word' id='word_1_166' title='bbox 3366 957 3626 1010; x_wconf 90' lang='lat' dir='ltr'><strong>intolera-</strong></span> 
     </span>
    </p>
   </div>
   <div class='ocr_carea' id='block_1_20' title="bbox 2040 1051 3626 1130">
    <p class='ocr_par' dir='ltr' id='par_1_20' title="bbox 2040 1051 3626 1130">
     <span class='ocr_line' id='line_1_20' title="bbox 2040 1051 3626 1130; baseline -0.005 -22"><span class='ocrx_word' id='word_1_167' title='bbox 2040 1055 2205 1130; x_wconf 58' lang='lat' dir='ltr'><strong>biles,</strong></span> <span class='ocrx_word' id='word_1_168' title='bbox 2233 1063 2457 1124; x_wconf 85' lang='lat' dir='ltr'><strong>propter</strong></span> <span class='ocrx_word' id='word_1_169' title='bbox 2480 1055 2732 1123; x_wconf 86' lang='lat' dir='ltr'><strong>planctus</strong></span> <span class='ocrx_word' id='word_1_170' title='bbox 2756 1051 3072 1117; x_wconf 86' lang='lat' dir='ltr'><strong>continuos,</strong></span> <span class='ocrx_word' id='word_1_171' title='bbox 3098 1060 3316 1120; x_wconf 83' lang='lat' dir='ltr'><strong>prepter</strong></span> <span class='ocrx_word' id='word_1_172' title='bbox 3331 1064 3626 1118; x_wconf 83' lang='lat' dir='ltr'><strong>perennem</strong></span> 
     </span>
    </p>
   </div>
   <div class='ocr_carea' id='block_1_21' title="bbox 2042 1141 3633 1218">
    <p class='ocr_par' dir='ltr' id='par_1_21' title="bbox 2042 1141 3633 1218">
     <span class='ocr_line' id='line_1_21' title="bbox 2042 1141 3633 1218; baseline -0.005 -15"><span class='ocrx_word' id='word_1_173' title='bbox 2042 1148 2228 1218; x_wconf 86' lang='lat' dir='ltr'><strong>ibique</strong></span> <span class='ocrx_word' id='word_1_174' title='bbox 2261 1147 2510 1201; x_wconf 87' lang='lat' dir='ltr'><strong>inutilem</strong></span> <span class='ocrx_word' id='word_1_175' title='bbox 2565 1145 2973 1215; x_wconf 54' lang='lat' dir='ltr'><strong>pmnitcntiam;</strong></span> <span class='ocrx_word' id='word_1_176' title='bbox 3000 1141 3210 1210; x_wconf 81' lang='lat' dir='ltr'><strong>Quibus</strong></span> <span class='ocrx_word' id='word_1_177' title='bbox 3255 1142 3438 1208; x_wconf 88' lang='lat' dir='ltr'><strong>dictis,</strong></span> <span class='ocrx_word' id='word_1_178' title='bbox 3473 1141 3633 1196; x_wconf 82' lang='lat' dir='ltr'><strong>addi-</strong></span> 
     </span>
    </p>
   </div>
   <div class='ocr_carea' id='block_1_22' title="bbox 2043 1235 3632 1307">
    <p class='ocr_par' dir='ltr' id='par_1_22' title="bbox 2043 1235 3632 1307">
     <span class='ocr_line' id='line_1_22' title="bbox 2043 1235 3632 1307; baseline -0.006 -11"><span class='ocrx_word' id='word_1_179' title='bbox 2043 1242 2159 1296; x_wconf 88' lang='lat' dir='ltr'><strong>dit:</strong></span> <span class='ocrx_word' id='word_1_180' title='bbox 2198 1260 2218 1292; x_wconf 85' lang='grc'><em>‹</em></span> <span class='ocrx_word' id='word_1_181' title='bbox 2249 1240 2399 1294; x_wconf 85' lang='lat' dir='ltr'><strong>Multi</strong></span> <span class='ocrx_word' id='word_1_182' title='bbox 2436 1241 2581 1294; x_wconf 91' lang='lat' dir='ltr'><strong>enim</strong></span> <span class='ocrx_word' id='word_1_183' title='bbox 2613 1239 2815 1303; x_wconf 82' lang='lat' dir='ltr'><strong>vocati,</strong></span> <span class='ocrx_word' id='word_1_184' title='bbox 2847 1237 3005 1307; x_wconf 86' lang='lat' dir='ltr'><strong>pauci</strong></span> <span class='ocrx_word' id='word_1_185' title='bbox 3036 1251 3164 1290; x_wconf 85' lang='lat' dir='ltr'><strong>vero</strong></span> <span class='ocrx_word' id='word_1_186' title='bbox 3193 1235 3374 1297; x_wconf 85' lang='lat' dir='ltr'><strong>electi,</strong></span> <span class='ocrx_word' id='word_1_187' title='bbox 3406 1254 3424 1287; x_wconf 76' lang='grc' dir='ltr'><strong>ι</strong></span> <span class='ocrx_word' id='word_1_188' title='bbox 3459 1244 3517 1288; x_wconf 89' lang='lat' dir='ltr'><strong>ut</strong></span> <span class='ocrx_word' id='word_1_189' title='bbox 3542 1252 3632 1288; x_wconf 87' lang='lat' dir='ltr'><strong>os-</strong></span> 
     </span>
    </p>
   </div>
   <div class='ocr_carea' id='block_1_23' title="bbox 2046 1326 3628 1396">
    <p class='ocr_par' dir='ltr' id='par_1_23' title="bbox 2046 1326 3628 1396">
     <span class='ocr_line' id='line_1_23' title="bbox 2046 1326 3628 1396; baseline -0.008 -9"><span class='ocrx_word' id='word_1_190' title='bbox 2046 1331 2291 1388; x_wconf 87' lang='lat' dir='ltr'><strong>tenderet</strong></span> <span class='ocrx_word' id='word_1_191' title='bbox 2320 1345 2430 1385; x_wconf 89' lang='lat' dir='ltr'><strong>non</strong></span> <span class='ocrx_word' id='word_1_192' title='bbox 2460 1345 2630 1384; x_wconf 90' lang='lat' dir='ltr'><strong>unum</strong></span> <span class='ocrx_word' id='word_1_193' title='bbox 2660 1337 2875 1382; x_wconf 90' lang='lat' dir='ltr'><strong>tantum</strong></span> <span class='ocrx_word' id='word_1_194' title='bbox 2899 1342 3090 1396; x_wconf 79' lang='lat' dir='ltr'><strong>poenas</strong></span> <span class='ocrx_word' id='word_1_195' title='bbox 3115 1326 3222 1380; x_wconf 86' lang='lat' dir='ltr'><strong>illis</strong></span> <span class='ocrx_word' id='word_1_196' title='bbox 3251 1332 3628 1394; x_wconf 76' lang='lat' dir='ltr'><strong>experturum,</strong></span> 
     </span>
    </p>
   </div>
   <div class='ocr_carea' id='block_1_24' title="bbox 2040 1417 3633 1493">
    <p class='ocr_par' dir='ltr' id='par_1_24' title="bbox 2040 1417 3633 1493">
     <span class='ocr_line' id='line_1_24' title="bbox 2040 1417 3633 1493; baseline -0.004 -15"><span class='ocrx_word' id='word_1_197' title='bbox 2040 1425 2135 1479; x_wconf 87' lang='lat' dir='ltr'><strong>sed</strong></span> <span class='ocrx_word' id='word_1_198' title='bbox 2168 1439 2394 1493; x_wconf 85' lang='lat' dir='ltr'><strong>prorsus</strong></span> <span class='ocrx_word' id='word_1_199' title='bbox 2424 1438 2619 1477; x_wconf 91' lang='lat' dir='ltr'><strong>omnes</strong></span> <span class='ocrx_word' id='word_1_200' title='bbox 2653 1420 2744 1491; x_wconf 89' lang='lat' dir='ltr'><strong>qui</strong></span> <span class='ocrx_word' id='word_1_201' title='bbox 2769 1419 3005 1475; x_wconf 83' lang='lat' dir='ltr'><strong>similem</strong></span> <span class='ocrx_word' id='word_1_202' title='bbox 3040 1433 3106 1473; x_wconf 78' lang='lat' dir='ltr'><strong>ex</strong></span> <span class='ocrx_word' id='word_1_203' title='bbox 3145 1417 3633 1488; x_wconf 82' lang='lat' dir='ltr'><strong>operibus&#39;indue-</strong></span> 
     </span>
    </p>
   </div>
   <div class='ocr_carea' id='block_1_25' title="bbox 2039 1509 3636 1587">
    <p class='ocr_par' dir='ltr' id='par_1_25' title="bbox 2039 1509 3636 1587">
     <span class='ocr_line' id='line_1_25' title="bbox 2039 1509 3636 1587; baseline -0.004 -17"><span class='ocrx_word' id='word_1_204' title='bbox 2039 1517 2151 1570; x_wconf 83' lang='lat' dir='ltr'><strong>rint</strong></span> <span class='ocrx_word' id='word_1_205' title='bbox 2181 1516 2604 1587; x_wconf 79' lang='lat' dir='ltr'><strong>ignobilitatem;</strong></span> <span class='ocrx_word' id='word_1_206' title='bbox 2644 1529 2768 1568; x_wconf 90' lang='lat' dir='ltr'><strong>nam</strong></span> <span class='ocrx_word' id='word_1_207' title='bbox 2803 1528 2899 1583; x_wconf 89' lang='lat' dir='ltr'><strong>per</strong></span> <span class='ocrx_word' id='word_1_208' title='bbox 2930 1514 3079 1568; x_wconf 90' lang='lat' dir='ltr'><strong>hunc</strong></span> <span class='ocrx_word' id='word_1_209' title='bbox 3103 1512 3285 1567; x_wconf 87' lang='lat' dir='ltr'><strong>solum</strong></span> <span class='ocrx_word' id='word_1_210' title='bbox 3316 1509 3636 1564; x_wconf 80' lang='lat' dir='ltr'><strong>manifesta-</strong></span> 
     </span>
    </p>
   </div>
   <div class='ocr_carea' id='block_1_26' title="bbox 2039 1601 3635 1674">
    <p class='ocr_par' dir='ltr' id='par_1_26' title="bbox 2039 1601 3635 1674">
     <span class='ocr_line' id='line_1_26' title="bbox 2039 1601 3635 1674; baseline -0.005 -14"><span class='ocrx_word' id='word_1_211' title='bbox 2039 1605 2403 1662; x_wconf 81' lang='lat' dir='ltr'><strong>vitDominus</strong></span> <span class='ocrx_word' id='word_1_212' title='bbox 2423 1607 2613 1674; x_wconf 82' lang='lat' dir='ltr'><strong>quales</strong></span> <span class='ocrx_word' id='word_1_213' title='bbox 2642 1606 2752 1660; x_wconf 91' lang='lat' dir='ltr'><strong>sint</strong></span> <span class='ocrx_word' id='word_1_214' title='bbox 2783 1604 2914 1660; x_wconf 89' lang='lat' dir='ltr'><strong>mali</strong></span> <span class='ocrx_word' id='word_1_215' title='bbox 2935 1619 3001 1659; x_wconf 83' lang='lat' dir='ltr'><strong>ex</strong></span> <span class='ocrx_word' id='word_1_216' title='bbox 3028 1604 3259 1668; x_wconf 88' lang='lat' dir='ltr'><strong>vocatis,</strong></span> <span class='ocrx_word' id='word_1_217' title='bbox 3290 1611 3343 1656; x_wconf 91' lang='lat' dir='ltr'><strong>et</strong></span> <span class='ocrx_word' id='word_1_218' title='bbox 3367 1601 3635 1656; x_wconf 87' lang='lat' dir='ltr'><strong>acceden-</strong></span> 
     </span>
    </p>
   </div>
   <div class='ocr_carea' id='block_1_27' title="bbox 353 1689 1944 1778">
    <p class='ocr_par' dir='ltr' id='par_1_27' title="bbox 353 1706 1936 1778">
     <span class='ocr_line' id='line_1_27' title="bbox 353 1706 1936 1778; baseline -0.003 -16"><span class='ocrx_word' id='word_1_219' title='bbox 353 1709 560 1778; x_wconf 83' lang='grc' dir='ltr'>Κύριος</span> <span class='ocrx_word' id='word_1_220' title='bbox 584 1707 762 1760; x_wconf 82' lang='grc' dir='ltr'>ὁποῖοί</span> <span class='ocrx_word' id='word_1_221' title='bbox 794 1707 942 1769; x_wconf 86' lang='grc' dir='ltr'>τινές</span> <span class='ocrx_word' id='word_1_222' title='bbox 972 1709 1112 1758; x_wconf 69' lang='grc' dir='ltr'>εἰσιν</span> <span class='ocrx_word' id='word_1_223' title='bbox 1140 1708 1195 1758; x_wconf 75' lang='lat' dir='ltr'><strong>oi</strong></span> <span class='ocrx_word' id='word_1_224' title='bbox 1226 1707 1456 1776; x_wconf 76' lang='grc' dir='ltr'>πονηροὶ</span> <span class='ocrx_word' id='word_1_225' title='bbox 1483 1706 1590 1758; x_wconf 90' lang='grc' dir='ltr'><strong>τῶν</strong></span> <span class='ocrx_word' id='word_1_226' title='bbox 1625 1706 1936 1775; x_wconf 78' lang='grc' dir='ltr'>κληθέντων</span> 
     </span>
    </p>
   </div>
   <div class='ocr_carea' id='block_1_28' title="bbox 2048 1689 3635 1778">
    <p class='ocr_par' dir='ltr' id='par_1_28' title="bbox 2048 1694 3635 1768">
     <span class='ocr_line' id='line_1_28' title="bbox 2048 1694 3635 1768; baseline -0.005 -13"><span class='ocrx_word' id='word_1_227' title='bbox 2048 1701 2190 1757; x_wconf 86' lang='lat' dir='ltr'><strong>tibus</strong></span> <span class='ocrx_word' id='word_1_228' title='bbox 2219 1708 2272 1754; x_wconf 82' lang='lat' dir='ltr'><strong>et</strong></span> <span class='ocrx_word' id='word_1_229' title='bbox 2307 1699 2622 1768; x_wconf 83' lang='lat' dir='ltr'><strong>baptizatis,</strong></span> <span class='ocrx_word' id='word_1_230' title='bbox 2655 1714 2721 1755; x_wconf 80' lang='lat' dir='ltr'><strong>ex</strong></span> <span class='ocrx_word' id='word_1_231' title='bbox 2752 1698 2832 1752; x_wconf 88' lang='lat' dir='ltr'><strong>eis</strong></span> <span class='ocrx_word' id='word_1_232' title='bbox 2853 1696 2948 1768; x_wconf 93' lang='lat' dir='ltr'><strong>qui</strong></span> <span class='ocrx_word' id='word_1_233' title='bbox 2975 1711 3320 1765; x_wconf 85' lang='lat' dir='ltr'><strong>nequaquam</strong></span> <span class='ocrx_word' id='word_1_234' title='bbox 3341 1695 3394 1747; x_wconf 91' lang='lat' dir='ltr'><strong>in</strong></span> <span class='ocrx_word' id='word_1_235' title='bbox 3437 1694 3635 1748; x_wconf 90' lang='lat' dir='ltr'><strong>melius</strong></span> 
     </span>
    </p>
   </div>
   <div class='ocr_carea' id='block_1_29' title="bbox 353 1797 1939 1870">
    <p class='ocr_par' dir='ltr' id='par_1_29' title="bbox 353 1797 1939 1870">
     <span class='ocr_line' id='line_1_29' title="bbox 353 1797 1939 1870; baseline -0.002 -17"><span class='ocrx_word' id='word_1_236' title='bbox 353 1802 452 1854; x_wconf 69' lang='grc' dir='ltr'><strong>καὶ</strong></span> <span class='ocrx_word' id='word_1_237' title='bbox 480 1799 892 1868; x_wconf 75' lang='grc' dir='ltr'>προσελθόντων</span> <span class='ocrx_word' id='word_1_238' title='bbox 925 1799 1020 1851; x_wconf 68' lang='grc' dir='ltr'>καὶ</span> <span class='ocrx_word' id='word_1_239' title='bbox 1051 1797 1481 1868; x_wconf 78' lang='grc' dir='ltr'>βαπτισθέντων,</span> <span class='ocrx_word' id='word_1_240' title='bbox 1507 1797 1603 1852; x_wconf 75' lang='grc' dir='ltr'>καὶ</span> <span class='ocrx_word' id='word_1_241' title='bbox 1633 1798 1712 1870; x_wconf 79' lang='grc' dir='ltr'>μὴ</span> <span class='ocrx_word' id='word_1_242' title='bbox 1765 1815 1939 1869; x_wconf 69' lang='grc' dir='ltr'>μετει-</span> 
     </span>
    </p>
   </div>
   <div class='ocr_carea' id='block_1_30' title="bbox 351 1889 1941 1960">
    <p class='ocr_par' dir='ltr' id='par_1_30' title="bbox 351 1889 1941 1960">
     <span class='ocr_line' id='line_1_30' title="bbox 351 1889 1941 1960; baseline -0.001 -18"><span class='ocrx_word' id='word_1_243' title='bbox 351 1890 665 1960; x_wconf 84' lang='grc' dir='ltr'>6ληθέντων</span> <span class='ocrx_word' id='word_1_244' title='bbox 693 1890 862 1942; x_wconf 73' lang='grc' dir='ltr'>ἐπὶτὸ</span> <span class='ocrx_word' id='word_1_245' title='bbox 889 1893 1159 1960; x_wconf 82' lang='grc' dir='ltr'>κρεῖττον,</span> <span class='ocrx_word' id='word_1_246' title='bbox 1194 1889 1332 1960; x_wconf 81' lang='grc' dir='ltr'>μηδὲ</span> <span class='ocrx_word' id='word_1_247' title='bbox 1365 1890 1452 1942; x_wconf 76' lang='grc' dir='ltr'>διὰ</span> <span class='ocrx_word' id='word_1_248' title='bbox 1507 1890 1606 1960; x_wconf 75' lang='grc' dir='ltr'>τῆς</span> <span class='ocrx_word' id='word_1_249' title='bbox 1644 1891 1941 1960; x_wconf 75' lang='grc' dir='ltr'>μετανοίας</span> 
     </span>
    </p>
   </div>
   <div class='ocr_carea' id='block_1_31' title="bbox 349 1979 1944 2053">
    <p class='ocr_par' dir='ltr' id='par_1_31' title="bbox 349 1979 1944 2053">
     <span class='ocr_line' id='line_1_31' title="bbox 349 1979 1944 2053; baseline -0.003 -16"><span class='ocrx_word' id='word_1_250' title='bbox 349 1986 442 2037; x_wconf 60' lang='grc' dir='ltr'>τὸν</span> <span class='ocrx_word' id='word_1_251' title='bbox 475 1986 538 2037; x_wconf 81' lang='grc' dir='ltr'>ὲκ</span> <span class='ocrx_word' id='word_1_252' title='bbox 562 1983 670 2036; x_wconf 87' lang='grc' dir='ltr'><strong>τῶν</strong></span> <span class='ocrx_word' id='word_1_253' title='bbox 693 1982 944 2051; x_wconf 77' lang='grc' dir='ltr'>πονηρῶν</span> <span class='ocrx_word' id='word_1_254' title='bbox 966 1979 1174 2052; x_wconf 78' lang='grc' dir='ltr'>ἡδονῶν</span> <span class='ocrx_word' id='word_1_255' title='bbox 1195 2000 1256 2036; x_wconf 87' lang='grc' dir='ltr'><strong>τε</strong></span> <span class='ocrx_word' id='word_1_256' title='bbox 1279 1983 1374 2036; x_wconf 79' lang='grc' dir='ltr'>καὶ</span> <span class='ocrx_word' id='word_1_257' title='bbox 1405 1982 1594 2036; x_wconf 83' lang='grc' dir='ltr'>παθῶν</span> <span class='ocrx_word' id='word_1_258' title='bbox 1618 1982 1790 2053; x_wconf 77' lang='grc' dir='ltr'>ῥύπον</span> <span class='ocrx_word' id='word_1_259' title='bbox 1807 1982 1944 2034; x_wconf 84' lang='grc' dir='ltr'>ἁπο-</span> 
     </span>
    </p>
   </div>
   <div class='ocr_carea' id='block_1_32' title="bbox 352 2072 1944 2147">
    <p class='ocr_par' dir='ltr' id='par_1_32' title="bbox 352 2072 1944 2147">
     <span class='ocr_line' id='line_1_32' title="bbox 352 2072 1944 2147; baseline -0.003 -16"><span class='ocrx_word' id='word_1_260' title='bbox 352 2074 982 2147; x_wconf 69' lang='grc' dir='ltr'><strong>οεμένων.’Λλλ’235</strong></span> <span class='ocrx_word' id='word_1_261' title='bbox 1019 2076 1204 2144; x_wconf 78' lang='grc' dir='ltr'>ἡμεῖς,</span> <span class='ocrx_word' id='word_1_262' title='bbox 1244 2072 1944 2144; x_wconf 72' lang='grc' dir='ltr'>ἅδε).φοὶ,ἀπεκδυσώμεθα</span> 
     </span>
    </p>
   </div>
   <div class='ocr_carea' id='block_1_33' title="bbox 351 2162 1942 2236">
    <p class='ocr_par' dir='ltr' id='par_1_33' title="bbox 351 2162 1942 2236">
     <span class='ocr_line' id='line_1_33' title="bbox 351 2162 1942 2236; baseline -0.006 -14"><span class='ocrx_word' id='word_1_263' title='bbox 351 2169 441 2222; x_wconf 71' lang='grc' dir='ltr'><strong>τὸν</strong></span> <span class='ocrx_word' id='word_1_264' title='bbox 475 2168 582 2221; x_wconf 71' lang='grc' dir='ltr'>ἀπὸ</span> <span class='ocrx_word' id='word_1_265' title='bbox 612 2167 712 2236; x_wconf 80' lang='grc' dir='ltr'>τῆς</span> <span class='ocrx_word' id='word_1_266' title='bbox 749 2165 919 2236; x_wconf 86' lang='grc' dir='ltr'>μέθης</span> <span class='ocrx_word' id='word_1_267' title='bbox 942 2166 1036 2218; x_wconf 74' lang='grc' dir='ltr'>καὶ</span> <span class='ocrx_word' id='word_1_268' title='bbox 1065 2163 1158 2217; x_wconf 83' lang='grc' dir='ltr'><strong>τοῦ</strong></span> <span class='ocrx_word' id='word_1_269' title='bbox 1197 2164 1364 2235; x_wconf 83' lang='grc' dir='ltr'>κόρου</span> <span class='ocrx_word' id='word_1_270' title='bbox 1401 2163 1502 2233; x_wconf 83' lang='grc' dir='ltr'>τῆς</span> <span class='ocrx_word' id='word_1_271' title='bbox 1535 2162 1774 2233; x_wconf 75' lang='grc' dir='ltr'>γαστρδς</span> <span class='ocrx_word' id='word_1_272' title='bbox 1829 2162 1942 2213; x_wconf 84' lang='grc' dir='ltr'>διε-</span> 
     </span>
    </p>
   </div>
   <div class='ocr_carea' id='block_1_34' title="bbox 354 2255 1941 2330">
    <p class='ocr_par' dir='ltr' id='par_1_34' title="bbox 354 2255 1941 2330">
     <span class='ocr_line' id='line_1_34' title="bbox 354 2255 1941 2330; baseline -0.004 -16"><span class='ocrx_word' id='word_1_273' title='bbox 354 2260 692 2330; x_wconf 83' lang='grc' dir='ltr'>σπασμένον,</span> <span class='ocrx_word' id='word_1_274' title='bbox 724 2259 820 2311; x_wconf 74' lang='grc' dir='ltr'>καὶ</span> <span class='ocrx_word' id='word_1_275' title='bbox 852 2258 944 2311; x_wconf 80' lang='grc' dir='ltr'><strong>τὺν</strong></span> <span class='ocrx_word' id='word_1_276' title='bbox 973 2258 1080 2310; x_wconf 75' lang='grc' dir='ltr'><strong>ἀπὸ</strong></span> <span class='ocrx_word' id='word_1_277' title='bbox 1110 2256 1212 2326; x_wconf 82' lang='grc' dir='ltr'>τῆς</span> <span class='ocrx_word' id='word_1_278' title='bbox 1267 2256 1472 2327; x_wconf 75' lang='grc' dir='ltr'>σαρκὸς</span> <span class='ocrx_word' id='word_1_279' title='bbox 1531 2257 1626 2310; x_wconf 75' lang='grc' dir='ltr'>καὶ</span> <span class='ocrx_word' id='word_1_280' title='bbox 1673 2255 1773 2325; x_wconf 86' lang='grc' dir='ltr'>τῆς</span> <span class='ocrx_word' id='word_1_281' title='bbox 1817 2261 1941 2308; x_wconf 86' lang='grc' dir='ltr'>κατ’</span> 
     </span>
    </p>
   </div>
   <div class='ocr_carea' id='block_1_35' title="bbox 351 2341 1944 2420">
    <p class='ocr_par' dir='ltr' id='par_1_35' title="bbox 351 2341 1944 2420">
     <span class='ocr_line' id='line_1_35' title="bbox 351 2341 1944 2420; baseline -0.008 -15"><span class='ocrx_word' id='word_1_282' title='bbox 351 2353 523 2420; x_wconf 78' lang='grc' dir='ltr'>αὐτὴν</span> <span class='ocrx_word' id='word_1_283' title='bbox 559 2348 833 2419; x_wconf 76' lang='grc' dir='ltr'>ἀκρασίας</span> <span class='ocrx_word' id='word_1_284' title='bbox 861 2343 1244 2416; x_wconf 75' lang='grc' dir='ltr'>ἐσπιλωμένον</span> <span class='ocrx_word' id='word_1_285' title='bbox 1261 2343 1491 2415; x_wconf 89' lang='grc' dir='ltr'>χιτῶνα,</span> <span class='ocrx_word' id='word_1_286' title='bbox 1558 2344 1657 2396; x_wconf 75' lang='grc' dir='ltr'>καὶ</span> <span class='ocrx_word' id='word_1_287' title='bbox 1706 2341 1944 2396; x_wconf 75' lang='grc' dir='ltr'>ἐνδυσώ-</span> 
     </span>
    </p>
   </div>
   <div class='ocr_carea' id='block_1_36' title="bbox 362 2434 1944 2514">
    <p class='ocr_par' dir='ltr' id='par_1_36' title="bbox 362 2434 1944 2514">
     <span class='ocr_line' id='line_1_36' title="bbox 362 2434 1944 2514; baseline -0.008 -16"><span class='ocrx_word' id='word_1_288' title='bbox 362 2446 528 2514; x_wconf 81' lang='grc' dir='ltr'>μεθα,</span> <span class='ocrx_word' id='word_1_289' title='bbox 567 2443 706 2496; x_wconf 85' lang='grc' dir='ltr'>κατὰ</span> <span class='ocrx_word' id='word_1_290' title='bbox 725 2441 821 2494; x_wconf 76' lang='grc' dir='ltr'><strong>τὸν</strong></span> <span class='ocrx_word' id='word_1_291' title='bbox 871 2439 1357 2508; x_wconf 66' lang='grc' dir='ltr'>Ἰίσαῖαν,ίμάτιον</span> <span class='ocrx_word' id='word_1_292' title='bbox 1392 2434 1670 2508; x_wconf 76' lang='grc' dir='ltr'>σωτηρίου</span> <span class='ocrx_word' id='word_1_293' title='bbox 1723 2435 1822 2490; x_wconf 78' lang='grc' dir='ltr'>καὶ</span> <span class='ocrx_word' id='word_1_294' title='bbox 1857 2452 1944 2504; x_wconf 88' lang='grc' dir='ltr'><strong>χι-</strong></span> 
     </span>
    </p>
   </div>
   <div class='ocr_carea' id='block_1_37' title="bbox 351 2527 1940 2605">
    <p class='ocr_par' dir='ltr' id='par_1_37' title="bbox 351 2527 1940 2605">
     <span class='ocr_line' id='line_1_37' title="bbox 351 2527 1940 2605; baseline -0.008 -15"><span class='ocrx_word' id='word_1_295' title='bbox 351 2537 500 2590; x_wconf 83' lang='grc' dir='ltr'>τῶνα</span> <span class='ocrx_word' id='word_1_296' title='bbox 541 2533 886 2605; x_wconf 75' lang='grc' dir='ltr'>εὐφροσύνης</span> <span class='ocrx_word' id='word_1_297' title='bbox 916 2531 985 2584; x_wconf 81' lang='grc' dir='ltr'><strong>δι’</strong></span> <span class='ocrx_word' id='word_1_298' title='bbox 1009 2530 1348 2601; x_wconf 75' lang='grc' dir='ltr'>ἐγκρατείας</span> <span class='ocrx_word' id='word_1_299' title='bbox 1383 2529 1486 2584; x_wconf 73' lang='grc' dir='ltr'>καὶ</span> <span class='ocrx_word' id='word_1_300' title='bbox 1539 2527 1904 2598; x_wconf 81' lang='grc' dir='ltr'>σωφροσύνης</span> <span class='ocrx_word' id='word_1_301' title='bbox 1924 2541 1940 2556; x_wconf 91' lang='grc'><strong>·</strong></span> 
     </span>
    </p>
   </div>
   <div class='ocr_carea' id='block_1_38' title="bbox 356 2619 1946 2694">
    <p class='ocr_par' dir='ltr' id='par_1_38' title="bbox 356 2619 1946 2694">
     <span class='ocr_line' id='line_1_38' title="bbox 356 2619 1946 2694; baseline -0.008 -13"><span class='ocrx_word' id='word_1_302' title='bbox 356 2625 759 2694; x_wconf 79' lang='grc' dir='ltr'>ἀποδυσώμεθα</span> <span class='ocrx_word' id='word_1_303' title='bbox 783 2623 874 2676; x_wconf 77' lang='grc' dir='ltr'>τὸν</span> <span class='ocrx_word' id='word_1_304' title='bbox 893 2622 1126 2677; x_wconf 73' lang='grc' dir='ltr'>παλαιὸν</span> <span class='ocrx_word' id='word_1_305' title='bbox 1168 2621 1462 2690; x_wconf 82' lang='grc' dir='ltr'>ἄνθρωπον</span> <span class='ocrx_word' id='word_1_306' title='bbox 1511 2621 1602 2673; x_wconf 78' lang='grc' dir='ltr'>τὸν</span> <span class='ocrx_word' id='word_1_307' title='bbox 1651 2619 1946 2689; x_wconf 83' lang='grc' dir='ltr'>φθειρόμε-</span> 
     </span>
    </p>
   </div>
   <div class='ocr_carea' id='block_1_39' title="bbox 352 2710 1947 2785">
    <p class='ocr_par' dir='ltr' id='par_1_39' title="bbox 352 2710 1947 2785">
     <span class='ocr_line' id='line_1_39' title="bbox 352 2710 1947 2785; baseline -0.008 -10"><span class='ocrx_word' id='word_1_308' title='bbox 352 2738 447 2775; x_wconf 83' lang='grc' dir='ltr'><strong>νον</strong></span> <span class='ocrx_word' id='word_1_309' title='bbox 465 2719 607 2773; x_wconf 73' lang='grc' dir='ltr'>κατὰ</span> <span class='ocrx_word' id='word_1_310' title='bbox 633 2719 730 2781; x_wconf 82' lang='grc' dir='ltr'><strong>τὰς</strong></span> <span class='ocrx_word' id='word_1_311' title='bbox 760 2715 1056 2785; x_wconf 74' lang='grc' dir='ltr'>ἐπιθυμίας</span> <span class='ocrx_word' id='word_1_312' title='bbox 1079 2713 1182 2784; x_wconf 86' lang='grc' dir='ltr'>τῆς</span> <span class='ocrx_word' id='word_1_313' title='bbox 1203 2715 1446 2785; x_wconf 80' lang='grc' dir='ltr'>ἀπάτης,</span> <span class='ocrx_word' id='word_1_314' title='bbox 1468 2714 1567 2767; x_wconf 77' lang='grc' dir='ltr'>καὶ</span> <span class='ocrx_word' id='word_1_315' title='bbox 1591 2710 1947 2781; x_wconf 76' lang='grc' dir='ltr'>ἐνδυσώμεθα</span> 
     </span>
    </p>
   </div>
   <div class='ocr_carea' id='block_1_40' title="bbox 353 2803 1945 2879">
    <p class='ocr_par' dir='ltr' id='par_1_40' title="bbox 353 2803 1945 2879">
     <span class='ocr_line' id='line_1_40' title="bbox 353 2803 1945 2879; baseline -0.005 -16"><span class='ocrx_word' id='word_1_316' title='bbox 353 2813 449 2864; x_wconf 73' lang='grc' dir='ltr'>τὸν</span> <span class='ocrx_word' id='word_1_317' title='bbox 482 2811 673 2865; x_wconf 86' lang='grc' dir='ltr'>καινὸν</span> <span class='ocrx_word' id='word_1_318' title='bbox 718 2809 1037 2879; x_wconf 64' lang='grc' dir='ltr'>ἄνθρωπον,</span> <span class='ocrx_word' id='word_1_319' title='bbox 1065 2807 1158 2859; x_wconf 79' lang='grc' dir='ltr'>τὸν</span> <span class='ocrx_word' id='word_1_320' title='bbox 1185 2807 1326 2859; x_wconf 82' lang='grc' dir='ltr'>κατὰ</span> <span class='ocrx_word' id='word_1_321' title='bbox 1347 2805 1483 2859; x_wconf 80' lang='grc' dir='ltr'>Θεὸν</span> <span class='ocrx_word' id='word_1_322' title='bbox 1532 2803 1824 2858; x_wconf 85' lang='grc' dir='ltr'>κτισθέντα</span> <span class='ocrx_word' id='word_1_323' title='bbox 1887 2804 1945 2856; x_wconf 84' lang='grc' dir='ltr'>ὲν</span> 
     </span>
    </p>
   </div>
   <div class='ocr_carea' id='block_1_41' title="bbox 353 2897 1942 2972">
    <p class='ocr_par' dir='ltr' id='par_1_41' title="bbox 353 2897 1942 2972">
     <span class='ocr_line' id='line_1_41' title="bbox 353 2897 1942 2972; baseline -0.002 -15"><span class='ocrx_word' id='word_1_324' title='bbox 353 2904 596 2972; x_wconf 80' lang='grc' dir='ltr'>ὁσιότητι</span> <span class='ocrx_word' id='word_1_325' title='bbox 621 2903 716 2956; x_wconf 66' lang='grc' dir='ltr'><strong>καὶ</strong></span> <span class='ocrx_word' id='word_1_326' title='bbox 751 2899 1102 2970; x_wconf 74' lang='grc' dir='ltr'>δικαιοσύνῃ’</span> <span class='ocrx_word' id='word_1_327' title='bbox 1133 2900 1584 2970; x_wconf 80' lang='grc' dir='ltr'>ἀπεκδυσώμεθα</span> <span class='ocrx_word' id='word_1_328' title='bbox 1618 2898 1716 2969; x_wconf 82' lang='grc' dir='ltr'>τὴν</span> <span class='ocrx_word' id='word_1_329' title='bbox 1759 2897 1819 2964; x_wconf 67' lang='grc' dir='ltr'><strong>ἐξ</strong></span> <span class='ocrx_word' id='word_1_330' title='bbox 1839 2901 1942 2968; x_wconf 84' lang='grc' dir='ltr'><strong>ἁρ-</strong></span> 
     </span>
    </p>
   </div>
   <div class='ocr_carea' id='block_1_42' title="bbox 357 2994 1939 3067">
    <p class='ocr_par' dir='ltr' id='par_1_42' title="bbox 357 2994 1939 3067">
     <span class='ocr_line' id='line_1_42' title="bbox 357 2994 1939 3067; baseline -0.001 -19"><span class='ocrx_word' id='word_1_331' title='bbox 357 2997 543 3065; x_wconf 82' lang='grc' dir='ltr'>παγῆς</span> <span class='ocrx_word' id='word_1_332' title='bbox 565 2996 658 3049; x_wconf 81' lang='grc' dir='ltr'>καὶ</span> <span class='ocrx_word' id='word_1_333' title='bbox 695 2995 1019 3061; x_wconf 80' lang='grc' dir='ltr'>πλεονεξίας</span> <span class='ocrx_word' id='word_1_334' title='bbox 1048 2998 1320 3052; x_wconf 87' lang='grc' dir='ltr'>παντοίαν</span> <span class='ocrx_word' id='word_1_335' title='bbox 1340 2997 1435 3050; x_wconf 88' lang='grc' dir='ltr'><strong>τοῦ</strong></span> <span class='ocrx_word' id='word_1_336' title='bbox 1457 2994 1576 3065; x_wconf 85' lang='grc' dir='ltr'>βίου</span> <span class='ocrx_word' id='word_1_337' title='bbox 1617 3012 1684 3048; x_wconf 89' lang='grc' dir='ltr'>πε</span> <span class='ocrx_word' id='word_1_338' title='bbox 1695 2994 1939 3067; x_wconf 76' lang='grc' dir='ltr'>ριόολὴν,</span> 
     </span>
    </p>
   </div>
   <div class='ocr_carea' id='block_1_43' title="bbox 359 3086 1944 3160">
    <p class='ocr_par' dir='ltr' id='par_1_43' title="bbox 359 3086 1944 3160">
     <span class='ocr_line' id='line_1_43' title="bbox 359 3086 1944 3160; baseline -0.001 -19"><span class='ocrx_word' id='word_1_339' title='bbox 359 3091 436 3151; x_wconf 78' lang='grc' dir='ltr'>ὡς</span> <span class='ocrx_word' id='word_1_340' title='bbox 464 3086 698 3141; x_wconf 74' lang='grc' dir='ltr'>ἐνώπιον</span> <span class='ocrx_word' id='word_1_341' title='bbox 737 3089 847 3141; x_wconf 90' lang='grc' dir='ltr'><strong>τῶν</strong></span> <span class='ocrx_word' id='word_1_342' title='bbox 879 3088 1045 3142; x_wconf 88' lang='grc' dir='ltr'>θείων</span> <span class='ocrx_word' id='word_1_343' title='bbox 1072 3087 1374 3160; x_wconf 78' lang='grc' dir='ltr'>ὀφθαλμῶν</span> <span class='ocrx_word' id='word_1_344' title='bbox 1406 3088 1701 3158; x_wconf 84' lang='grc' dir='ltr'>ἀσχήμονα</span> <span class='ocrx_word' id='word_1_345' title='bbox 1723 3087 1814 3141; x_wconf 73' lang='grc' dir='ltr'>καὶ</span> <span class='ocrx_word' id='word_1_346' title='bbox 1843 3103 1944 3140; x_wconf 89' lang='grc' dir='ltr'>κα-</span> 
     </span>
    </p>
   </div>
   <div class='ocr_carea' id='block_1_44' title="bbox 358 3175 1941 3248">
    <p class='ocr_par' dir='ltr' id='par_1_44' title="bbox 358 3175 1941 3248">
     <span class='ocr_line' id='line_1_44' title="bbox 358 3175 1941 3248; baseline -0.001 -17"><span class='ocrx_word' id='word_1_347' title='bbox 358 3180 632 3248; x_wconf 81' lang='grc' dir='ltr'>τάκριτον.</span> <span class='ocrx_word' id='word_1_348' title='bbox 677 3177 1064 3248; x_wconf 86' lang='grc' dir='ltr'>Ἑνδυσώμεθα</span> <span class='ocrx_word' id='word_1_349' title='bbox 1104 3179 1161 3233; x_wconf 77' lang='grc' dir='ltr'>δὲ</span> <span class='ocrx_word' id='word_1_350' title='bbox 1196 3177 1293 3248; x_wconf 49' lang='grc' dir='ltr'>ιὼς</span> <span class='ocrx_word' id='word_1_351' title='bbox 1354 3178 1606 3233; x_wconf 71' lang='grc' dir='ltr'>ἐκλεκτοὶ</span> <span class='ocrx_word' id='word_1_352' title='bbox 1644 3175 1743 3230; x_wconf 85' lang='grc' dir='ltr'><strong>τοῦ</strong></span> <span class='ocrx_word' id='word_1_353' title='bbox 1805 3175 1941 3230; x_wconf 75' lang='grc' dir='ltr'>Θεοῦ</span> 
     </span>
    </p>
   </div>
   <div class='ocr_carea' id='block_1_45' title="bbox 361 3257 1940 3340">
    <p class='ocr_par' dir='ltr' id='par_1_45' title="bbox 361 3257 1940 3340">
     <span class='ocr_line' id='line_1_45' title="bbox 361 3257 1940 3340; baseline 0.001 -20"><span class='ocrx_word' id='word_1_354' title='bbox 361 3269 649 3338; x_wconf 79' lang='grc' dir='ltr'>σπλάγχνα</span> <span class='ocrx_word' id='word_1_355' title='bbox 671 3257 1002 3340; x_wconf 66' lang='grc' dir='ltr'>οίκτιρμῶν,</span> <span class='ocrx_word' id='word_1_356' title='bbox 1033 3269 1390 3336; x_wconf 82' lang='grc' dir='ltr'>ταπείνωσιν,</span> <span class='ocrx_word' id='word_1_357' title='bbox 1439 3268 1940 3340; x_wconf 84' lang='grc' dir='ltr'>μετριοφροσύνην,</span> 
     </span>
    </p>
   </div>
   <div class='ocr_carea' id='block_1_46' title="bbox 360 3361 1945 3433">
    <p class='ocr_par' dir='ltr' id='par_1_46' title="bbox 360 3361 1945 3433">
     <span class='ocr_line' id='line_1_46' title="bbox 360 3361 1945 3433; baseline -0.002 -19"><span class='ocrx_word' id='word_1_358' title='bbox 360 3363 644 3433; x_wconf 73' lang='grc' dir='ltr'>πραότητα</span> <span class='ocrx_word' id='word_1_359' title='bbox 671 3377 688 3394; x_wconf 77' lang='grc' dir='ltr'>ο</span> <span class='ocrx_word' id='word_1_360' title='bbox 725 3364 819 3416; x_wconf 77' lang='grc' dir='ltr'>καὶ</span> <span class='ocrx_word' id='word_1_361' title='bbox 846 3361 1246 3433; x_wconf 74' lang='grc' dir='ltr'>σπουδάσωμεν</span> <span class='ocrx_word' id='word_1_362' title='bbox 1275 3363 1368 3416; x_wconf 83' lang='grc' dir='ltr'>διὰ</span> <span class='ocrx_word' id='word_1_363' title='bbox 1405 3363 1625 3417; x_wconf 85' lang='grc' dir='ltr'>πάντων</span> <span class='ocrx_word' id='word_1_364' title='bbox 1659 3361 1802 3413; x_wconf 76' lang='grc' dir='ltr'>κατὰ</span> <span class='ocrx_word' id='word_1_365' title='bbox 1847 3361 1945 3430; x_wconf 81' lang='grc' dir='ltr'>τὴν</span> 
     </span>
    </p>
   </div>
   <div class='ocr_carea' id='block_1_47' title="bbox 359 3453 1944 3527">
    <p class='ocr_par' dir='ltr' id='par_1_47' title="bbox 359 3453 1944 3527">
     <span class='ocr_line' id='line_1_47' title="bbox 359 3453 1944 3527; baseline -0.003 -17"><span class='ocrx_word' id='word_1_366' title='bbox 359 3453 727 3526; x_wconf 76' lang='grc' dir='ltr'>ἀποστολικὴν</span> <span class='ocrx_word' id='word_1_367' title='bbox 756 3455 1105 3525; x_wconf 84' lang='grc' dir='ltr'>παραίνεσιν,</span> <span class='ocrx_word' id='word_1_368' title='bbox 1131 3454 1358 3524; x_wconf 76' lang='grc' dir='ltr'>βεϐαίαν</span> <span class='ocrx_word' id='word_1_369' title='bbox 1385 3455 1546 3527; x_wconf 80' lang='grc' dir='ltr'>ἡμῶν</span> <span class='ocrx_word' id='word_1_370' title='bbox 1598 3457 1698 3524; x_wconf 78' lang='grc' dir='ltr'>τὴν</span> <span class='ocrx_word' id='word_1_371' title='bbox 1748 3453 1944 3524; x_wconf 81' lang='grc' dir='ltr'>κλῆσιν</span> 
     </span>
    </p>
   </div>
   <div class='ocr_carea' id='block_1_48' title="bbox 361 3546 1944 3620">
    <p class='ocr_par' dir='ltr' id='par_1_48' title="bbox 361 3546 1944 3620">
     <span class='ocr_line' id='line_1_48' title="bbox 361 3546 1944 3620; baseline -0.001 -20"><span class='ocrx_word' id='word_1_372' title='bbox 361 3548 458 3600; x_wconf 71' lang='grc' dir='ltr'>καὶ</span> <span class='ocrx_word' id='word_1_373' title='bbox 488 3547 720 3618; x_wconf 74' lang='grc' dir='ltr'>ἐκλογὴν</span> <span class='ocrx_word' id='word_1_374' title='bbox 768 3547 1084 3603; x_wconf 63' lang='grc' dir='ltr'>ποιεῖσθαν</span> <span class='ocrx_word' id='word_1_375' title='bbox 1163 3548 1308 3602; x_wconf 77' lang='grc' dir='ltr'>οὕτω</span> <span class='ocrx_word' id='word_1_376' title='bbox 1351 3549 1461 3620; x_wconf 80' lang='grc' dir='ltr'>γὰρ</span> <span class='ocrx_word' id='word_1_377' title='bbox 1504 3549 1788 3611; x_wconf 85' lang='grc' dir='ltr'>ποιοῦντες</span> <span class='ocrx_word' id='word_1_378' title='bbox 1841 3546 1944 3612; x_wconf 77' lang='grc' dir='ltr'>τῆς</span> 
     </span>
    </p>
   </div>
   <div class='ocr_carea' id='block_1_49' title="bbox 363 3641 1942 3713">
    <p class='ocr_par' dir='ltr' id='par_1_49' title="bbox 363 3641 1942 3713">
     <span class='ocr_line' id='line_1_49' title="bbox 363 3641 1942 3713; baseline -0.001 -20"><span class='ocrx_word' id='word_1_379' title='bbox 363 3641 702 3708; x_wconf 69' lang='grc' dir='ltr'>ἐπαγγελίας</span> <span class='ocrx_word' id='word_1_380' title='bbox 734 3641 843 3694; x_wconf 84' lang='grc' dir='ltr'><strong>τῶν</strong></span> <span class='ocrx_word' id='word_1_381' title='bbox 874 3641 1188 3713; x_wconf 84' lang='grc' dir='ltr'>μελλόντων</span> <span class='ocrx_word' id='word_1_382' title='bbox 1214 3643 1458 3712; x_wconf 84' lang='grc' dir='ltr'>ἀγαθῶν,</span> <span class='ocrx_word' id='word_1_383' title='bbox 1485 3643 1579 3695; x_wconf 73' lang='grc' dir='ltr'>καὶ</span> <span class='ocrx_word' id='word_1_384' title='bbox 1615 3641 1712 3711; x_wconf 85' lang='grc' dir='ltr'>τῆς</span> <span class='ocrx_word' id='word_1_385' title='bbox 1741 3658 1942 3692; x_wconf 87' lang='grc' dir='ltr'>συναυ-</span> 
     </span>
    </p>
   </div>
   <div class='ocr_carea' id='block_1_50' title="bbox 362 3727 1946 3806">
    <p class='ocr_par' dir='ltr' id='par_1_50' title="bbox 362 3727 1946 3806">
     <span class='ocr_line' id='line_1_50' title="bbox 362 3727 1946 3806; baseline -0.001 -21"><span class='ocrx_word' id='word_1_386' title='bbox 362 3733 482 3797; x_wconf 80' lang='grc' dir='ltr'>λίας</span> <span class='ocrx_word' id='word_1_387' title='bbox 500 3735 611 3788; x_wconf 87' lang='grc' dir='ltr'><strong>τῶν</strong></span> <span class='ocrx_word' id='word_1_388' title='bbox 634 3737 818 3799; x_wconf 82' lang='grc' dir='ltr'>ἁῖδίως</span> <span class='ocrx_word' id='word_1_389' title='bbox 839 3736 1290 3806; x_wconf 76' lang='grc' dir='ltr'>εὐφραινομένων</span> <span class='ocrx_word' id='word_1_390' title='bbox 1314 3737 1416 3789; x_wconf 81' lang='grc' dir='ltr'>οὐκ</span> <span class='ocrx_word' id='word_1_391' title='bbox 1446 3734 1648 3804; x_wconf 83' lang='grc' dir='ltr'>ἀστοχή</span> <span class='ocrx_word' id='word_1_392' title='bbox 1660 3749 1826 3803; x_wconf 82' lang='grc' dir='ltr'>σομεν</span> <span class='ocrx_word' id='word_1_393' title='bbox 1843 3749 1856 3764; x_wconf 75' lang='lat'><strong>-</strong></span> <span class='ocrx_word' id='word_1_394' title='bbox 1877 3727 1946 3803; x_wconf 81' lang='grc' dir='ltr'>ἦς</span> 
     </span>
    </p>
   </div>
   <div class='ocr_carea' id='block_1_51' title="bbox 2045 1787 3634 1862">
    <p class='ocr_par' dir='ltr' id='par_1_51' title="bbox 2045 1787 3634 1862">
     <span class='ocr_line' id='line_1_51' title="bbox 2045 1787 3634 1862; baseline -0.007 -14"><span class='ocrx_word' id='word_1_395' title='bbox 2045 1793 2298 1848; x_wconf 82' lang='lat' dir='ltr'><strong>conversi</strong></span> <span class='ocrx_word' id='word_1_396' title='bbox 2336 1802 2486 1858; x_wconf 80' lang='lat' dir='ltr'><strong>sunt,</strong></span> <span class='ocrx_word' id='word_1_397' title='bbox 2546 1806 2726 1862; x_wconf 89' lang='lat' dir='ltr'><strong>neque</strong></span> <span class='ocrx_word' id='word_1_398' title='bbox 2764 1807 2858 1861; x_wconf 87' lang='lat' dir='ltr'><strong>per</strong></span> <span class='ocrx_word' id='word_1_399' title='bbox 2906 1791 3281 1861; x_wconf 69' lang='lat' dir='ltr'><strong>pwnitentiam</strong></span> <span class='ocrx_word' id='word_1_400' title='bbox 3329 1787 3634 1843; x_wconf 66' lang='lat' dir='ltr'><strong>fuelitatem</strong></span> 
     </span>
    </p>
   </div>
   <div class='ocr_carea' id='block_1_52' title="bbox 2045 1881 3636 1958">
    <p class='ocr_par' dir='ltr' id='par_1_52' title="bbox 2045 1881 3636 1958">
     <span class='ocr_line' id='line_1_52' title="bbox 2045 1881 3636 1958; baseline -0.005 -15"><span class='ocrx_word' id='word_1_401' title='bbox 2045 1903 2112 1943; x_wconf 84' lang='lat' dir='ltr'><strong>ex</strong></span> <span class='ocrx_word' id='word_1_402' title='bbox 2147 1888 2306 1942; x_wconf 89' lang='lat' dir='ltr'><strong>malis</strong></span> <span class='ocrx_word' id='word_1_403' title='bbox 2330 1887 2708 1958; x_wconf 72' lang='lat' dir='ltr'><strong>volUptatibus</strong></span> <span class='ocrx_word' id='word_1_404' title='bbox 2739 1898 2792 1942; x_wconf 91' lang='lat' dir='ltr'><strong>et</strong></span> <span class='ocrx_word' id='word_1_405' title='bbox 2820 1887 3174 1958; x_wconf 88' lang='lat' dir='ltr'><strong>passionibus</strong></span> <span class='ocrx_word' id='word_1_406' title='bbox 3195 1893 3492 1940; x_wconf 86' lang='lat' dir='ltr'><strong>exuerunt.</strong></span> <span class='ocrx_word' id='word_1_407' title='bbox 3525 1881 3636 1936; x_wconf 85' lang='lat' dir='ltr'><strong>Nos</strong></span> 
     </span>
    </p>
   </div>
   <div class='ocr_carea' id='block_1_53' title="bbox 2045 1982 3636 2049">
    <p class='ocr_par' dir='ltr' id='par_1_53' title="bbox 2045 1982 3636 2049">
     <span class='ocr_line' id='line_1_53' title="bbox 2045 1982 3636 2049; baseline -0.001 -15"><span class='ocrx_word' id='word_1_408' title='bbox 2045 1990 2250 2046; x_wconf 91' lang='lat' dir='ltr'><strong>autem,</strong></span> <span class='ocrx_word' id='word_1_409' title='bbox 2284 1984 2506 2049; x_wconf 83' lang='lat' dir='ltr'><strong>fratres,</strong></span> <span class='ocrx_word' id='word_1_410' title='bbox 2537 1998 2806 2038; x_wconf 79' lang='lat' dir='ltr'><strong>cxuamus</strong></span> <span class='ocrx_word' id='word_1_411' title='bbox 2844 1991 3048 2038; x_wconf 86' lang='lat' dir='ltr'><strong>vestem</strong></span> <span class='ocrx_word' id='word_1_412' title='bbox 3086 1998 3152 2036; x_wconf 82' lang='lat' dir='ltr'><strong>ex</strong></span> <span class='ocrx_word' id='word_1_413' title='bbox 3183 1982 3446 2038; x_wconf 84' lang='lat' dir='ltr'><strong>ebrietate</strong></span> <span class='ocrx_word' id='word_1_414' title='bbox 3497 1995 3636 2036; x_wconf 87' lang='lat' dir='ltr'><strong>ven-</strong></span> 
     </span>
    </p>
   </div>
   <div class='ocr_carea' id='block_1_54' title="bbox 2047 2073 3637 2144">
    <p class='ocr_par' dir='ltr' id='par_1_54' title="bbox 2047 2073 3637 2144">
     <span class='ocr_line' id='line_1_54' title="bbox 2047 2073 3637 2144; baseline 0 -16"><span class='ocrx_word' id='word_1_415' title='bbox 2047 2073 2258 2144; x_wconf 87' lang='lat' dir='ltr'><strong>trisque</strong></span> <span class='ocrx_word' id='word_1_416' title='bbox 2287 2077 2543 2132; x_wconf 86' lang='lat' dir='ltr'><strong>satietate</strong></span> <span class='ocrx_word' id='word_1_417' title='bbox 2576 2077 2896 2142; x_wconf 89' lang='lat' dir='ltr'><strong>laceratam,</strong></span> <span class='ocrx_word' id='word_1_418' title='bbox 2929 2091 3144 2131; x_wconf 90' lang='lat' dir='ltr'><strong>necnon</strong></span> <span class='ocrx_word' id='word_1_419' title='bbox 3192 2090 3360 2130; x_wconf 85' lang='lat' dir='ltr'><strong>carne</strong></span> <span class='ocrx_word' id='word_1_420' title='bbox 3403 2074 3637 2144; x_wconf 78' lang='lat' dir='ltr'><strong>ejusque</strong></span> 
     </span>
    </p>
   </div>
   <div class='ocr_carea' id='block_1_55' title="bbox 2047 2166 3637 2240">
    <p class='ocr_par' dir='ltr' id='par_1_55' title="bbox 2047 2166 3637 2240">
     <span class='ocr_line' id='line_1_55' title="bbox 2047 2166 3637 2240; baseline -0.002 -17"><span class='ocrx_word' id='word_1_421' title='bbox 2047 2170 2469 2240; x_wconf 81' lang='lat' dir='ltr'><strong>intemperantia</strong></span> <span class='ocrx_word' id='word_1_422' title='bbox 2515 2169 2969 2233; x_wconf 85' lang='lat' dir='ltr'><strong>contaminatam,</strong></span> <span class='ocrx_word' id='word_1_423' title='bbox 3015 2177 3069 2222; x_wconf 88' lang='lat' dir='ltr'><strong>ct</strong></span> <span class='ocrx_word' id='word_1_424' title='bbox 3123 2166 3440 2230; x_wconf 86' lang='lat' dir='ltr'><strong>induamus,</strong></span> <span class='ocrx_word' id='word_1_425' title='bbox 3472 2175 3637 2238; x_wconf 81' lang='lat' dir='ltr'><strong>prout</strong></span> 
     </span>
    </p>
   </div>
   <div class='ocr_carea' id='block_1_56' title="bbox 2001 2259 3632 2331">
    <p class='ocr_par' dir='ltr' id='par_1_56' title="bbox 2001 2259 3632 2331">
     <span class='ocr_line' id='line_1_56' title="bbox 2001 2259 3632 2331; baseline -0.004 -14"><span class='ocrx_word' id='word_1_426' title='bbox 2001 2328 2005 2331; x_wconf 34' lang='grc'><strong>,</strong></span> <span class='ocrx_word' id='word_1_427' title='bbox 2046 2262 2185 2318; x_wconf 79' lang='lat' dir='ltr'><strong>dixit</strong></span> <span class='ocrx_word' id='word_1_428' title='bbox 2212 2261 2384 2318; x_wconf 86' lang='lat' dir='ltr'><strong>Isaias</strong></span> <span class='ocrx_word' id='word_1_429' title='bbox 2411 2262 2477 2325; x_wconf 84' lang='grc'><strong>³⁸,</strong></span> <span class='ocrx_word' id='word_1_430' title='bbox 2511 2263 2896 2317; x_wconf 86' lang='lat' dir='ltr'><strong>vestimentum</strong></span> <span class='ocrx_word' id='word_1_431' title='bbox 2929 2261 3144 2325; x_wconf 82' lang='lat' dir='ltr'><strong>salutis,</strong></span> <span class='ocrx_word' id='word_1_432' title='bbox 3172 2269 3228 2314; x_wconf 87' lang='lat' dir='ltr'><strong>et</strong></span> <span class='ocrx_word' id='word_1_433' title='bbox 3249 2259 3632 2313; x_wconf 86' lang='lat' dir='ltr'><strong>indumentum</strong></span> 
     </span>
    </p>
   </div>
   <div class='ocr_carea' id='block_1_57' title="bbox 2046 2355 3648 2426">
    <p class='ocr_par' dir='ltr' id='par_1_57' title="bbox 2046 2355 3648 2426">
     <span class='ocr_line' id='line_1_57' title="bbox 2046 2355 3648 2426; baseline -0.002 -16"><span class='ocrx_word' id='word_1_434' title='bbox 2046 2355 2251 2410; x_wconf 69' lang='lat' dir='ltr'><strong>laetitia:</strong></span> <span class='ocrx_word' id='word_1_435' title='bbox 2300 2371 2394 2424; x_wconf 88' lang='lat' dir='ltr'><strong>per</strong></span> <span class='ocrx_word' id='word_1_436' title='bbox 2425 2355 2846 2425; x_wconf 84' lang='lat' dir='ltr'><strong>temperantiam</strong></span> <span class='ocrx_word' id='word_1_437' title='bbox 2878 2363 2934 2409; x_wconf 89' lang='lat' dir='ltr'><strong>et</strong></span> <span class='ocrx_word' id='word_1_438' title='bbox 2985 2355 3291 2409; x_wconf 82' lang='lat' dir='ltr'><strong>castitatem</strong></span> <span class='ocrx_word' id='word_1_439' title='bbox 3313 2370 3334 2421; x_wconf 67' lang='grc' dir='ltr'>ε</span> <span class='ocrx_word' id='word_1_440' title='bbox 3367 2368 3648 2426; x_wconf 74' lang='lat' dir='ltr'><strong>exuamus</strong></span> 
     </span>
    </p>
   </div>
   <div class='ocr_carea' id='block_1_58' title="bbox 2045 2444 3639 2515">
    <p class='ocr_par' dir='ltr' id='par_1_58' title="bbox 2045 2444 3639 2515">
     <span class='ocr_line' id='line_1_58' title="bbox 2045 2444 3639 2515; baseline -0.003 -13"><span class='ocrx_word' id='word_1_441' title='bbox 2045 2455 2286 2502; x_wconf 88' lang='lat' dir='ltr'><strong>veterem</strong></span> <span class='ocrx_word' id='word_1_442' title='bbox 2338 2446 2616 2501; x_wconf 84' lang='lat' dir='ltr'><strong>hominem</strong></span> <span class='ocrx_word' id='word_1_443' title='bbox 2669 2453 2992 2515; x_wconf 87' lang='lat' dir='ltr'><strong>corruptum</strong></span> <span class='ocrx_word' id='word_1_444' title='bbox 3029 2444 3318 2500; x_wconf 80' lang='lat' dir='ltr'><strong>fallacibus</strong></span> <span class='ocrx_word' id='word_1_445' title='bbox 3373 2447 3639 2514; x_wconf 87' lang='lat' dir='ltr'><strong>concupi-</strong></span> 
     </span>
    </p>
   </div>
   <div class='ocr_carea' id='block_1_59' title="bbox 2045 2537 3641 2602">
    <p class='ocr_par' dir='ltr' id='par_1_59' title="bbox 2045 2537 3641 2602">
     <span class='ocr_line' id='line_1_59' title="bbox 2045 2537 3641 2602; baseline 0 -10"><span class='ocrx_word' id='word_1_446' title='bbox 2045 2539 2295 2602; x_wconf 86' lang='lat' dir='ltr'><strong>scentiis,</strong></span> <span class='ocrx_word' id='word_1_447' title='bbox 2318 2547 2374 2592; x_wconf 87' lang='lat' dir='ltr'><strong>et</strong></span> <span class='ocrx_word' id='word_1_448' title='bbox 2415 2537 2706 2592; x_wconf 88' lang='lat' dir='ltr'><strong>induamus</strong></span> <span class='ocrx_word' id='word_1_449' title='bbox 2741 2553 2944 2592; x_wconf 88' lang='lat' dir='ltr'><strong>novum</strong></span> <span class='ocrx_word' id='word_1_450' title='bbox 2971 2537 3248 2592; x_wconf 79' lang='lat' dir='ltr'><strong>hominem</strong></span> <span class='ocrx_word' id='word_1_451' title='bbox 3280 2547 3527 2592; x_wconf 87' lang='lat' dir='ltr'><strong>creatum</strong></span> <span class='ocrx_word' id='word_1_452' title='bbox 3553 2553 3641 2592; x_wconf 86' lang='lat' dir='ltr'><strong>se-</strong></span> 
     </span>
    </p>
   </div>
   <div class='ocr_carea' id='block_1_60' title="bbox 2046 2629 3732 2701">
    <p class='ocr_par' dir='ltr' id='par_1_60' title="bbox 2046 2629 3732 2701">
     <span class='ocr_line' id='line_1_60' title="bbox 2046 2629 3732 2701; baseline -0.002 -15"><span class='ocrx_word' id='word_1_453' title='bbox 2046 2629 2290 2686; x_wconf 90' lang='lat' dir='ltr'><strong>cundum</strong></span> <span class='ocrx_word' id='word_1_454' title='bbox 2328 2629 2497 2684; x_wconf 89' lang='lat' dir='ltr'><strong>Deum</strong></span> <span class='ocrx_word' id='word_1_455' title='bbox 2545 2631 2599 2684; x_wconf 89' lang='lat' dir='ltr'><strong>in</strong></span> <span class='ocrx_word' id='word_1_456' title='bbox 2637 2632 2930 2686; x_wconf 89' lang='lat' dir='ltr'><strong>sanctitate</strong></span> <span class='ocrx_word' id='word_1_457' title='bbox 2979 2641 3032 2686; x_wconf 86' lang='lat' dir='ltr'><strong>et</strong></span> <span class='ocrx_word' id='word_1_458' title='bbox 3062 2630 3319 2701; x_wconf 85' lang='lat' dir='ltr'><strong>justitia;</strong></span> <span class='ocrx_word' id='word_1_459' title='bbox 3367 2645 3638 2685; x_wconf 66' lang='lat' dir='ltr'><strong>eruamus</strong></span> <span class='ocrx_word' id='word_1_460' title='bbox 3725 2634 3732 2638; x_wconf 83' lang='lat'><strong>&#39;</strong></span> 
     </span>
    </p>
   </div>
   <div class='ocr_carea' id='block_1_61' title="bbox 2048 2719 3642 2791">
    <p class='ocr_par' dir='ltr' id='par_1_61' title="bbox 2048 2719 3642 2791">
     <span class='ocr_line' id='line_1_61' title="bbox 2048 2719 3642 2791; baseline 0.002 -19"><span class='ocrx_word' id='word_1_461' title='bbox 2048 2719 2410 2774; x_wconf 86' lang='lat' dir='ltr'><strong>omninodum</strong></span> <span class='ocrx_word' id='word_1_462' title='bbox 2444 2721 2568 2776; x_wconf 64' lang='lat' dir='ltr'><strong>vita:</strong></span> <span class='ocrx_word' id='word_1_463' title='bbox 2601 2721 2985 2776; x_wconf 88' lang='lat' dir='ltr'><strong>indumentum</strong></span> <span class='ocrx_word' id='word_1_464' title='bbox 3008 2736 3075 2776; x_wconf 79' lang='lat' dir='ltr'><strong>ex</strong></span> <span class='ocrx_word' id='word_1_465' title='bbox 3114 2721 3302 2791; x_wconf 86' lang='lat' dir='ltr'><strong>rapina</strong></span> <span class='ocrx_word' id='word_1_466' title='bbox 3329 2728 3383 2775; x_wconf 89' lang='lat' dir='ltr'><strong>et</strong></span> <span class='ocrx_word' id='word_1_467' title='bbox 3407 2721 3642 2775; x_wconf 78' lang='lat' dir='ltr'><strong>avaritia</strong></span> 
     </span>
    </p>
   </div>
   <div class='ocr_carea' id='block_1_62' title="bbox 2049 2809 3642 2878">
    <p class='ocr_par' dir='ltr' id='par_1_62' title="bbox 2049 2809 3642 2878">
     <span class='ocr_line' id='line_1_62' title="bbox 2049 2809 3642 2878; baseline 0.001 -13"><span class='ocrx_word' id='word_1_468' title='bbox 2049 2809 2322 2878; x_wconf 84' lang='lat' dir='ltr'><strong>habitum,</strong></span> <span class='ocrx_word' id='word_1_469' title='bbox 2349 2821 2405 2866; x_wconf 90' lang='lat' dir='ltr'><strong>ut</strong></span> <span class='ocrx_word' id='word_1_470' title='bbox 2430 2827 2616 2868; x_wconf 88' lang='lat' dir='ltr'><strong>coram</strong></span> <span class='ocrx_word' id='word_1_471' title='bbox 2647 2812 2821 2868; x_wconf 75' lang='lat' dir='ltr'><strong>oculis</strong></span> <span class='ocrx_word' id='word_1_472' title='bbox 2851 2811 2946 2868; x_wconf 87' lang='lat' dir='ltr'><strong>Dei</strong></span> <span class='ocrx_word' id='word_1_473' title='bbox 2978 2813 3184 2868; x_wconf 82' lang='lat' dir='ltr'><strong>foedum</strong></span> <span class='ocrx_word' id='word_1_474' title='bbox 3217 2821 3272 2868; x_wconf 88' lang='lat' dir='ltr'><strong>et</strong></span> <span class='ocrx_word' id='word_1_475' title='bbox 3305 2812 3642 2868; x_wconf 86' lang='lat' dir='ltr'><strong>condemna-</strong></span> 
     </span>
    </p>
   </div>
   <div class='ocr_carea' id='block_1_63' title="bbox 2049 2903 3644 2961">
    <p class='ocr_par' dir='ltr' id='par_1_63' title="bbox 2049 2903 3644 2961">
     <span class='ocr_line' id='line_1_63' title="bbox 2049 2903 3644 2961; baseline 0.001 -5"><span class='ocrx_word' id='word_1_476' title='bbox 2049 2913 2186 2961; x_wconf 90' lang='lat' dir='ltr'><strong>tum.</strong></span> <span class='ocrx_word' id='word_1_477' title='bbox 2210 2903 2507 2958; x_wconf 86' lang='lat' dir='ltr'><strong>lnduamus</strong></span> <span class='ocrx_word' id='word_1_478' title='bbox 2537 2919 2665 2959; x_wconf 86' lang='lat' dir='ltr'><strong>vero</strong></span> <span class='ocrx_word' id='word_1_479' title='bbox 2695 2913 2752 2959; x_wconf 92' lang='lat' dir='ltr'><strong>ut</strong></span> <span class='ocrx_word' id='word_1_480' title='bbox 2778 2904 2938 2960; x_wconf 90' lang='lat' dir='ltr'><strong>electi</strong></span> <span class='ocrx_word' id='word_1_481' title='bbox 2967 2903 3060 2959; x_wconf 84' lang='lat' dir='ltr'><strong>Dei</strong></span> <span class='ocrx_word' id='word_1_482' title='bbox 3087 2905 3298 2960; x_wconf 73' lang='lat' dir='ltr'><strong>viscera</strong></span> <span class='ocrx_word' id='word_1_483' title='bbox 3326 2904 3644 2960; x_wconf 83' lang='lat' dir='ltr'><strong>misericor-</strong></span> 
     </span>
    </p>
   </div>
   <div class='ocr_carea' id='block_1_64' title="bbox 2047 2993 3639 3064">
    <p class='ocr_par' dir='ltr' id='par_1_64' title="bbox 2047 2993 3639 3064">
     <span class='ocr_line' id='line_1_64' title="bbox 2047 2993 3639 3064; baseline 0.001 -16"><span class='ocrx_word' id='word_1_484' title='bbox 2047 2993 2170 3060; x_wconf 82' lang='lat' dir='ltr'><strong>diae,</strong></span> <span class='ocrx_word' id='word_1_485' title='bbox 2209 2995 2596 3062; x_wconf 86' lang='lat' dir='ltr'><strong>humilitatem,</strong></span> <span class='ocrx_word' id='word_1_486' title='bbox 2636 2997 3094 3064; x_wconf 81' lang='lat' dir='ltr'><strong>moderationem,</strong></span> <span class='ocrx_word' id='word_1_487' title='bbox 3133 2997 3639 3064; x_wconf 86' lang='lat' dir='ltr'><strong>mansuetudinem,</strong></span> 
     </span>
    </p>
   </div>
   <div class='ocr_carea' id='block_1_65' title="bbox 2047 3086 3641 3157">
    <p class='ocr_par' dir='ltr' id='par_1_65' title="bbox 2047 3086 3641 3157">
     <span class='ocr_line' id='line_1_65' title="bbox 2047 3086 3641 3157; baseline 0.002 -17"><span class='ocrx_word' id='word_1_488' title='bbox 2047 3095 2104 3140; x_wconf 93' lang='lat' dir='ltr'><strong>et</strong></span> <span class='ocrx_word' id='word_1_489' title='bbox 2155 3087 2477 3143; x_wconf 83' lang='lat' dir='ltr'><strong>studeamus</strong></span> <span class='ocrx_word' id='word_1_490' title='bbox 2503 3104 2601 3157; x_wconf 85' lang='lat' dir='ltr'><strong>pro</strong></span> <span class='ocrx_word' id='word_1_491' title='bbox 2653 3089 2885 3156; x_wconf 89' lang='lat' dir='ltr'><strong>viribus,</strong></span> <span class='ocrx_word' id='word_1_492' title='bbox 2911 3097 2970 3143; x_wconf 93' lang='lat' dir='ltr'><strong>ut</strong></span> <span class='ocrx_word' id='word_1_493' title='bbox 3025 3087 3275 3142; x_wconf 84' lang='lat' dir='ltr'><strong>hortatur</strong></span> <span class='ocrx_word' id='word_1_494' title='bbox 3319 3086 3641 3157; x_wconf 85' lang='lat' dir='ltr'><strong>Apostolus,</strong></span> 
     </span>
    </p>
   </div>
   <div class='ocr_carea' id='block_1_66' title="bbox 2053 3178 3645 3246">
    <p class='ocr_par' dir='ltr' id='par_1_66' title="bbox 2053 3178 3645 3246">
     <span class='ocr_line' id='line_1_66' title="bbox 2053 3178 3645 3246; baseline 0 -13"><span class='ocrx_word' id='word_1_495' title='bbox 2053 3178 2264 3234; x_wconf 79' lang='lat' dir='ltr'><strong>firmam</strong></span> <span class='ocrx_word' id='word_1_496' title='bbox 2299 3178 2480 3235; x_wconf 88' lang='lat' dir='ltr'><strong>facere</strong></span> <span class='ocrx_word' id='word_1_497' title='bbox 2528 3181 2869 3235; x_wconf 86' lang='lat' dir='ltr'><strong>vocationem</strong></span> <span class='ocrx_word' id='word_1_498' title='bbox 2903 3188 2958 3235; x_wconf 87' lang='lat' dir='ltr'><strong>et</strong></span> <span class='ocrx_word' id='word_1_499' title='bbox 2986 3179 3312 3236; x_wconf 89' lang='lat' dir='ltr'><strong>electionem</strong></span> <span class='ocrx_word' id='word_1_500' title='bbox 3363 3187 3645 3246; x_wconf 82' lang='lat' dir='ltr'><strong>nostram;</strong></span> 
     </span>
    </p>
   </div>
   <div class='ocr_carea' id='block_1_67' title="bbox 2049 3272 3648 3344">
    <p class='ocr_par' dir='ltr' id='par_1_67' title="bbox 2049 3272 3648 3344">
     <span class='ocr_line' id='line_1_67' title="bbox 2049 3272 3648 3344; baseline 0.003 -18"><span class='ocrx_word' id='word_1_501' title='bbox 2049 3272 2252 3328; x_wconf 89' lang='lat' dir='ltr'><strong>ctenim</strong></span> <span class='ocrx_word' id='word_1_502' title='bbox 2289 3273 2362 3328; x_wconf 87' lang='lat' dir='ltr'><strong>ita</strong></span> <span class='ocrx_word' id='word_1_503' title='bbox 2393 3272 2660 3329; x_wconf 80' lang='lat' dir='ltr'><strong>facientes</strong></span> <span class='ocrx_word' id='word_1_504' title='bbox 2681 3291 2710 3329; x_wconf 88' lang='lat' dir='ltr'><strong>a</strong></span> <span class='ocrx_word' id='word_1_505' title='bbox 2740 3275 3108 3344; x_wconf 88' lang='lat' dir='ltr'><strong>promissione</strong></span> <span class='ocrx_word' id='word_1_506' title='bbox 3137 3275 3449 3330; x_wconf 84' lang='lat' dir='ltr'><strong>futurorum</strong></span> <span class='ocrx_word' id='word_1_507' title='bbox 3475 3275 3648 3331; x_wconf 83' lang='lat' dir='ltr'><strong>bono-</strong></span> 
     </span>
    </p>
   </div>
   <div class='ocr_carea' id='block_1_68' title="bbox 2055 3369 3650 3438">
    <p class='ocr_par' dir='ltr' id='par_1_68' title="bbox 2055 3369 3650 3438">
     <span class='ocr_line' id='line_1_68' title="bbox 2055 3369 3650 3438; baseline 0.003 -19"><span class='ocrx_word' id='word_1_508' title='bbox 2055 3381 2200 3433; x_wconf 89' lang='lat' dir='ltr'><strong>rum,</strong></span> <span class='ocrx_word' id='word_1_509' title='bbox 2237 3382 2265 3420; x_wconf 90' lang='lat' dir='ltr'><strong>a</strong></span> <span class='ocrx_word' id='word_1_510' title='bbox 2294 3369 2555 3423; x_wconf 85' lang='lat' dir='ltr'><strong>societate</strong></span> <span class='ocrx_word' id='word_1_511' title='bbox 2574 3369 2899 3438; x_wconf 87' lang='lat' dir='ltr'><strong>perenniter</strong></span> <span class='ocrx_word' id='word_1_512' title='bbox 2929 3369 3228 3424; x_wconf 62' lang='lat' dir='ltr'><strong>laatantium</strong></span> <span class='ocrx_word' id='word_1_513' title='bbox 3280 3384 3384 3425; x_wconf 91' lang='lat' dir='ltr'><strong>non</strong></span> <span class='ocrx_word' id='word_1_514' title='bbox 3425 3383 3650 3424; x_wconf 85' lang='lat' dir='ltr'><strong>amove-</strong></span> 
     </span>
    </p>
   </div>
   <div class='ocr_carea' id='block_1_69' title="bbox 2053 3457 3645 3531">
    <p class='ocr_par' dir='ltr' id='par_1_69' title="bbox 2053 3457 3645 3531">
     <span class='ocr_line' id='line_1_69' title="bbox 2053 3457 3645 3531; baseline 0.003 -21"><span class='ocrx_word' id='word_1_515' title='bbox 2053 3457 2257 3523; x_wconf 87' lang='lat' dir='ltr'><strong>bimur,</strong></span> <span class='ocrx_word' id='word_1_516' title='bbox 2286 3474 2451 3528; x_wconf 85' lang='lat' dir='ltr'><strong>quam</strong></span> <span class='ocrx_word' id='word_1_517' title='bbox 2486 3474 2589 3515; x_wconf 89' lang='lat' dir='ltr'><strong>nos</strong></span> <span class='ocrx_word' id='word_1_518' title='bbox 2612 3475 2806 3514; x_wconf 88' lang='lat' dir='ltr'><strong>omnes</strong></span> <span class='ocrx_word' id='word_1_519' title='bbox 2831 3461 3094 3531; x_wconf 86' lang='lat' dir='ltr'><strong>consequi</strong></span> <span class='ocrx_word' id='word_1_520' title='bbox 3132 3461 3368 3516; x_wconf 88' lang='lat' dir='ltr'><strong>donetur</strong></span> <span class='ocrx_word' id='word_1_521' title='bbox 3390 3461 3562 3531; x_wconf 81' lang='lat' dir='ltr'><strong>gratia</strong></span> <span class='ocrx_word' id='word_1_522' title='bbox 3591 3471 3645 3515; x_wconf 87' lang='lat' dir='ltr'><strong>et</strong></span> 
     </span>
    </p>
   </div>
   <div class='ocr_carea' id='block_1_70' title="bbox 2051 3549 3642 3624">
    <p class='ocr_par' dir='ltr' id='par_1_70' title="bbox 2051 3549 3642 3624">
     <span class='ocr_line' id='line_1_70' title="bbox 2051 3549 3642 3624; baseline 0.003 -20"><span class='ocrx_word' id='word_1_523' title='bbox 2051 3549 2390 3620; x_wconf 80' lang='lat' dir='ltr'><strong>benignitate</strong></span> <span class='ocrx_word' id='word_1_524' title='bbox 2425 3552 2614 3607; x_wconf 79' lang='lat' dir='ltr'><strong>aeterni</strong></span> <span class='ocrx_word' id='word_1_525' title='bbox 2674 3552 3024 3623; x_wconf 71' lang='lat' dir='ltr'><strong>cmlestisque</strong></span> <span class='ocrx_word' id='word_1_526' title='bbox 3084 3555 3267 3624; x_wconf 89' lang='lat' dir='ltr'><strong>sponsi</strong></span> <span class='ocrx_word' id='word_1_527' title='bbox 3331 3554 3642 3609; x_wconf 86' lang='lat' dir='ltr'><strong>animarum</strong></span> 
     </span>
    </p>
   </div>
   <div class='ocr_carea' id='block_1_71' title="bbox 2054 3643 3644 3715">
    <p class='ocr_par' dir='ltr' id='par_1_71' title="bbox 2054 3643 3644 3715">
     <span class='ocr_line' id='line_1_71' title="bbox 2054 3643 3644 3715; baseline 0.004 -21"><span class='ocrx_word' id='word_1_528' title='bbox 2054 3651 2370 3696; x_wconf 88' lang='lat' dir='ltr'><strong>nostrarum</strong></span> <span class='ocrx_word' id='word_1_529' title='bbox 2423 3643 2653 3706; x_wconf 89' lang='lat' dir='ltr'><strong>Christi,</strong></span> <span class='ocrx_word' id='word_1_530' title='bbox 2701 3661 2864 3714; x_wconf 90' lang='lat' dir='ltr'><strong>quem</strong></span> <span class='ocrx_word' id='word_1_531' title='bbox 2924 3661 3047 3699; x_wconf 85' lang='lat' dir='ltr'><strong>cum</strong></span> <span class='ocrx_word' id='word_1_532' title='bbox 3112 3646 3278 3700; x_wconf 79' lang='lat' dir='ltr'><strong>Patre</strong></span> <span class='ocrx_word' id='word_1_533' title='bbox 3327 3655 3380 3700; x_wconf 90' lang='lat' dir='ltr'><strong>et</strong></span> <span class='ocrx_word' id='word_1_534' title='bbox 3436 3645 3644 3715; x_wconf 79' lang='lat' dir='ltr'><strong>Spiritu</strong></span> 
     </span>
    </p>
   </div>
   <div class='ocr_carea' id='block_1_72' title="bbox 2053 3737 3571 3808">
    <p class='ocr_par' dir='ltr' id='par_1_72' title="bbox 2053 3737 3571 3808">
     <span class='ocr_line' id='line_1_72' title="bbox 2053 3737 3571 3808; baseline 0.003 -21"><span class='ocrx_word' id='word_1_535' title='bbox 2053 3744 2244 3790; x_wconf 86' lang='lat' dir='ltr'><strong>saneto</strong></span> <span class='ocrx_word' id='word_1_536' title='bbox 2267 3737 2614 3808; x_wconf 79' lang='lat' dir='ltr'><strong>decetgloria</strong></span> <span class='ocrx_word' id='word_1_537' title='bbox 2656 3739 2709 3792; x_wconf 89' lang='lat' dir='ltr'><strong>in</strong></span> <span class='ocrx_word' id='word_1_538' title='bbox 2747 3740 2948 3794; x_wconf 63' lang='lat' dir='ltr'><strong>saacula</strong></span> <span class='ocrx_word' id='word_1_539' title='bbox 2979 3740 3338 3794; x_wconf 72' lang='lat' dir='ltr'><strong>szcculorum.</strong></span> <span class='ocrx_word' id='word_1_540' title='bbox 3372 3743 3571 3793; x_wconf 80' lang='lat' dir='ltr'><strong>Amen.</strong></span> 
     </span>
    </p>
   </div>
   <div class='ocr_carea' id='block_1_73' title="bbox 361 3826 3642 3907">
    <p class='ocr_par' dir='ltr' id='par_1_73' title="bbox 361 3826 3642 3907">
     <span class='ocr_line' id='line_1_73' title="bbox 361 3826 3642 3907; baseline 0.002 -26"><span class='ocrx_word' id='word_1_541' title='bbox 361 3826 574 3894; x_wconf 82' lang='grc' dir='ltr'>γένοιτο</span> <span class='ocrx_word' id='word_1_542' title='bbox 607 3831 816 3890; x_wconf 80' lang='grc' dir='ltr'>πάντας</span> <span class='ocrx_word' id='word_1_543' title='bbox 845 3831 995 3899; x_wconf 79' lang='grc' dir='ltr'>ἡμᾶς</span> <span class='ocrx_word' id='word_1_544' title='bbox 1033 3831 1314 3900; x_wconf 78' lang='grc' dir='ltr'>ἐπιτυχεῖν</span> <span class='ocrx_word' id='word_1_545' title='bbox 1364 3831 1550 3900; x_wconf 82' lang='grc' dir='ltr'>χάριτι</span> <span class='ocrx_word' id='word_1_546' title='bbox 1611 3831 1706 3883; x_wconf 78' lang='grc' dir='ltr'>καὶ</span> <span class='ocrx_word' id='word_1_547' title='bbox 1752 3826 2143 3900; x_wconf 65' lang='grc' dir='ltr'>φιλανθρωπίᾳ</span> <span class='ocrx_word' id='word_1_548' title='bbox 2163 3831 2259 3885; x_wconf 91' lang='grc' dir='ltr'><strong>τοῦ</strong></span> <span class='ocrx_word' id='word_1_549' title='bbox 2289 3833 2514 3886; x_wconf 77' lang='grc' dir='ltr'>αἰωνίου</span> <span class='ocrx_word' id='word_1_550' title='bbox 2552 3835 2650 3888; x_wconf 68' lang='grc' dir='ltr'><strong>καὶ</strong></span> <span class='ocrx_word' id='word_1_551' title='bbox 2707 3835 2962 3905; x_wconf 73' lang='grc' dir='ltr'>οὐρανίου</span> <span class='ocrx_word' id='word_1_552' title='bbox 3021 3835 3259 3905; x_wconf 72' lang='grc' dir='ltr'>νυμφίου</span> <span class='ocrx_word' id='word_1_553' title='bbox 3319 3834 3428 3888; x_wconf 90' lang='grc' dir='ltr'><strong>τῶν</strong></span> <span class='ocrx_word' id='word_1_554' title='bbox 3503 3837 3642 3907; x_wconf 81' lang='grc' dir='ltr'><strong>ἡμε-</strong></span> 
     </span>
    </p>
   </div>
   <div class='ocr_carea' id='block_1_74' title="bbox 360 3917 3644 4003">
    <p class='ocr_par' dir='ltr' id='par_1_74' title="bbox 360 3917 3644 4003">
     <span class='ocr_line' id='line_1_74' title="bbox 360 3917 3644 4003; baseline 0.003 -23"><span class='ocrx_word' id='word_1_555' title='bbox 360 3926 539 3996; x_wconf 87' lang='grc' dir='ltr'>τέρων</span> <span class='ocrx_word' id='word_1_556' title='bbox 566 3925 898 3999; x_wconf 82' lang='grc' dir='ltr'>πνευμάτων</span> <span class='ocrx_word' id='word_1_557' title='bbox 927 3927 1211 3999; x_wconf 77' lang='grc' dir='ltr'>Χριστοῦο</span> <span class='ocrx_word' id='word_1_558' title='bbox 1243 3926 1364 3997; x_wconf 78' lang='grc' dir='ltr'>μεθ’</span> <span class='ocrx_word' id='word_1_559' title='bbox 1393 3917 1455 3980; x_wconf 70' lang='grc' dir='ltr'><strong>οὗ</strong></span> <span class='ocrx_word' id='word_1_560' title='bbox 1505 3925 1584 3997; x_wconf 83' lang='grc' dir='ltr'><strong>τῷ</strong></span> <span class='ocrx_word' id='word_1_561' title='bbox 1607 3926 1784 3997; x_wconf 77' lang='grc' dir='ltr'>[ἰατρὶ</span> <span class='ocrx_word' id='word_1_562' title='bbox 1803 3924 2008 3995; x_wconf 86' lang='grc' dir='ltr'>πρέπει</span> <span class='ocrx_word' id='word_1_563' title='bbox 2037 3925 2167 3991; x_wconf 77' lang='grc' dir='ltr'>δόξα</span> <span class='ocrx_word' id='word_1_564' title='bbox 2241 3930 2340 3984; x_wconf 80' lang='grc' dir='ltr'>σὺν</span> <span class='ocrx_word' id='word_1_565' title='bbox 2405 3931 2549 4003; x_wconf 82' lang='grc' dir='ltr'>ἁγίῳ</span> <span class='ocrx_word' id='word_1_566' title='bbox 2608 3931 2893 4002; x_wconf 84' lang='grc' dir='ltr'>Πνεύματι</span> <span class='ocrx_word' id='word_1_567' title='bbox 2959 3935 3039 3995; x_wconf 79' lang='grc' dir='ltr'><strong>είς</strong></span> <span class='ocrx_word' id='word_1_568' title='bbox 3086 3935 3215 3997; x_wconf 69' lang='grc' dir='ltr'>τοὺς</span> <span class='ocrx_word' id='word_1_569' title='bbox 3271 3932 3476 3998; x_wconf 84' lang='grc' dir='ltr'>αἰῶνας</span> <span class='ocrx_word' id='word_1_570' title='bbox 3533 3935 3644 3990; x_wconf 88' lang='grc' dir='ltr'><strong>τῶν</strong></span> 
     </span>
    </p>
   </div>
   <div class='ocr_carea' id='block_1_75' title="bbox 362 4019 813 4092">
    <p class='ocr_par' dir='ltr' id='par_1_75' title="bbox 362 4019 813 4092">
     <span class='ocr_line' id='line_1_75' title="bbox 362 4019 813 4092; baseline 0.007 -19"><span class='ocrx_word' id='word_1_571' title='bbox 362 4019 575 4074; x_wconf 78' lang='grc' dir='ltr'>αἰώνων</span> <span class='ocrx_word' id='word_1_572' title='bbox 617 4021 813 4092; x_wconf 84' lang='grc' dir='ltr'>Ἀμήν.</span> 
     </span>
    </p>
   </div>
   <div class='ocr_carea' id='block_1_76' title="bbox 941 4109 1385 4168">
    <p class='ocr_par' dir='ltr' id='par_1_76' title="bbox 941 4109 1385 4168">
     <span class='ocr_line' id='line_1_76' title="bbox 941 4109 1385 4168; baseline 0.007 -3"><span class='ocrx_word' id='word_1_573' title='bbox 941 4109 1202 4165; x_wconf 80' lang='grc' dir='ltr'><strong>ὈΜΙΛῙᾹ</strong></span> <span class='ocrx_word' id='word_1_574' title='bbox 1248 4110 1385 4168; x_wconf 83' lang='lat' dir='ltr'><strong>MB’.</strong></span> 
     </span>
    </p>
   </div>
   <div class='ocr_carea' id='block_1_77' title="bbox 362 4199 1954 4272">
    <p class='ocr_par' dir='ltr' id='par_1_77' title="bbox 362 4199 1954 4272">
     <span class='ocr_line' id='line_1_77' title="bbox 362 4199 1954 4272; baseline 0 -16"><span class='ocrx_word' id='word_1_575' title='bbox 362 4203 472 4266; x_wconf 80' lang='grc' dir='ltr'>Είς</span> <span class='ocrx_word' id='word_1_576' title='bbox 501 4201 567 4255; x_wconf 82' lang='grc' dir='ltr'>τὸ</span> <span class='ocrx_word' id='word_1_577' title='bbox 604 4199 712 4269; x_wconf 82' lang='grc' dir='ltr'><strong>τῆς</strong></span> <span class='ocrx_word' id='word_1_578' title='bbox 734 4202 944 4270; x_wconf 82' lang='grc' dir='ltr'>τρίτης</span> <span class='ocrx_word' id='word_1_579' title='bbox 982 4201 1292 4272; x_wconf 73' lang='grc' dir='ltr'>Κυριακῆς</span> <span class='ocrx_word' id='word_1_580' title='bbox 1325 4203 1433 4257; x_wconf 85' lang='grc' dir='ltr'><strong>τοῦ</strong></span> <span class='ocrx_word' id='word_1_581' title='bbox 1459 4202 1663 4259; x_wconf 81' lang='grc' dir='ltr'>Λουκᾶ</span> <span class='ocrx_word' id='word_1_582' title='bbox 1688 4201 1954 4272; x_wconf 79' lang='grc' dir='ltr'>Εὐαγγέ-</span> 
     </span>
    </p>
   </div>
   <div class='ocr_carea' id='block_1_78' title="bbox 433 4272 1956 4344">
    <p class='ocr_par' dir='ltr' id='par_1_78' title="bbox 433 4272 1956 4344">
     <span class='ocr_line' id='line_1_78' title="bbox 433 4272 1956 4344; baseline 0 -18"><span class='ocrx_word' id='word_1_583' title='bbox 433 4275 571 4344; x_wconf 72' lang='grc' dir='ltr'>λιον</span> <span class='ocrx_word' id='word_1_584' title='bbox 593 4275 896 4344; x_wconf 62' lang='grc' dir='ltr'>ὑπόβασιν</span> <span class='ocrx_word' id='word_1_585' title='bbox 917 4272 1064 4340; x_wconf 76' lang='grc' dir='ltr'><strong>ἕχον</strong></span> <span class='ocrx_word' id='word_1_586' title='bbox 1091 4275 1199 4344; x_wconf 78' lang='grc' dir='ltr'><strong>τὸν</strong></span> <span class='ocrx_word' id='word_1_587' title='bbox 1231 4275 1353 4328; x_wconf 80' lang='grc' dir='ltr'><strong>ὑπὸ</strong></span> <span class='ocrx_word' id='word_1_588' title='bbox 1397 4273 1503 4344; x_wconf 63' lang='grc' dir='ltr'><strong>τοῦ</strong></span> <span class='ocrx_word' id='word_1_589' title='bbox 1535 4276 1760 4342; x_wconf 74' lang='grc' dir='ltr'>Κυρίου</span> <span class='ocrx_word' id='word_1_590' title='bbox 1789 4276 1956 4344; x_wconf 73' lang='grc' dir='ltr'>ἐγερ-</span> 
     </span>
    </p>
   </div>
   <div class='ocr_carea' id='block_1_79' title="bbox 434 4339 1949 4416">
    <p class='ocr_par' dir='ltr' id='par_1_79' title="bbox 434 4339 1949 4416">
     <span class='ocr_line' id='line_1_79' title="bbox 434 4339 1949 4416; baseline 0.002 -21"><span class='ocrx_word' id='word_1_591' title='bbox 434 4343 614 4396; x_wconf 81' lang='grc' dir='ltr'>θέντα</span> <span class='ocrx_word' id='word_1_592' title='bbox 660 4341 770 4410; x_wconf 78' lang='grc' dir='ltr'>τῆς</span> <span class='ocrx_word' id='word_1_593' title='bbox 824 4339 1015 4416; x_wconf 78' lang='grc' dir='ltr'>χήρᾰς</span> <span class='ocrx_word' id='word_1_594' title='bbox 1041 4343 1267 4416; x_wconf 70' lang='grc' dir='ltr'>παῖδα,</span> <span class='ocrx_word' id='word_1_595' title='bbox 1313 4345 1385 4398; x_wconf 79' lang='grc' dir='ltr'><strong>ἐν</strong></span> <span class='ocrx_word' id='word_1_596' title='bbox 1511 4339 1636 4398; x_wconf 58' lang='grc' dir='ltr'><strong>καί</strong></span> <span class='ocrx_word' id='word_1_597' title='bbox 1662 4345 1798 4412; x_wconf 72' lang='grc' dir='ltr'>περὶ</span> <span class='ocrx_word' id='word_1_598' title='bbox 1829 4339 1949 4416; x_wconf 68' lang='grc' dir='ltr'>’τοῦ</span> 
     </span>
    </p>
   </div>
   <div class='ocr_carea' id='block_1_80' title="bbox 2589 4111 3114 4168">
    <p class='ocr_par' dir='ltr' id='par_1_80' title="bbox 2589 4111 3114 4168">
     <span class='ocr_line' id='line_1_80' title="bbox 2589 4111 3114 4168; baseline 0.004 -2"><span class='ocrx_word' id='word_1_599' title='bbox 2589 4111 2881 4168; x_wconf 77' lang='lat' dir='ltr'><strong>HOMILIA</strong></span> <span class='ocrx_word' id='word_1_600' title='bbox 2949 4112 3114 4168; x_wconf 78' lang='lat' dir='ltr'><strong>XLII.</strong></span> 
     </span>
    </p>
   </div>
   <div class='ocr_carea' id='block_1_81' title="bbox 2056 4201 3646 4274">
    <p class='ocr_par' dir='ltr' id='par_1_81' title="bbox 2056 4201 3646 4274">
     <span class='ocr_line' id='line_1_81' title="bbox 2056 4201 3646 4274; baseline 0.004 -19"><span class='ocrx_word' id='word_1_601' title='bbox 2056 4201 2123 4256; x_wconf 83' lang='lat' dir='ltr'><strong>In</strong></span> <span class='ocrx_word' id='word_1_602' title='bbox 2149 4201 2496 4274; x_wconf 78' lang='lat' dir='ltr'><strong>Evnngetium</strong></span> <span class='ocrx_word' id='word_1_603' title='bbox 2535 4206 2822 4259; x_wconf 75' lang='lat' dir='ltr'><strong>secundum</strong></span> <span class='ocrx_word' id='word_1_604' title='bbox 2882 4204 3085 4258; x_wconf 81' lang='lat' dir='ltr'><strong>Lucam</strong></span> <span class='ocrx_word' id='word_1_605' title='bbox 3137 4207 3299 4259; x_wconf 80' lang='lat' dir='ltr'><strong>tertia</strong></span> <span class='ocrx_word' id='word_1_606' title='bbox 3369 4205 3646 4261; x_wconf 78' lang='lat' dir='ltr'><strong>Dominica</strong></span> 
     </span>
    </p>
   </div>
   <div class='ocr_carea' id='block_1_82' title="bbox 2129 4275 3642 4344">
    <p class='ocr_par' dir='ltr' id='par_1_82' title="bbox 2129 4275 3642 4344">
     <span class='ocr_line' id='line_1_82' title="bbox 2129 4275 3642 4344; baseline 0.003 -18"><span class='ocrx_word' id='word_1_607' title='bbox 2129 4276 2453 4340; x_wconf 80' lang='lat' dir='ltr'><strong>recitatum;</strong></span> <span class='ocrx_word' id='word_1_608' title='bbox 2485 4275 2668 4344; x_wconf 78' lang='lat' dir='ltr'><strong>inquo</strong></span> <span class='ocrx_word' id='word_1_609' title='bbox 2695 4276 2758 4329; x_wconf 86' lang='lat' dir='ltr'><strong>de</strong></span> <span class='ocrx_word' id='word_1_610' title='bbox 2790 4277 2960 4329; x_wconf 67' lang='lat' dir='ltr'><strong>vidua!</strong></span> <span class='ocrx_word' id='word_1_611' title='bbox 2998 4277 3112 4342; x_wconf 80' lang='lat' dir='ltr'><strong>ﬁlio</strong></span> <span class='ocrx_word' id='word_1_612' title='bbox 3153 4294 3183 4330; x_wconf 92' lang='lat' dir='ltr'><strong>a</strong></span> <span class='ocrx_word' id='word_1_613' title='bbox 3222 4277 3448 4330; x_wconf 79' lang='lat' dir='ltr'><strong>Domino</strong></span> <span class='ocrx_word' id='word_1_614' title='bbox 3475 4281 3642 4330; x_wconf 76' lang='lat' dir='ltr'><strong>susci~</strong></span> 
     </span>
    </p>
   </div>
   <div class='ocr_carea' id='block_1_83' title="bbox 2130 4346 3644 4418">
    <p class='ocr_par' dir='ltr' id='par_1_83' title="bbox 2130 4346 3644 4418">
     <span class='ocr_line' id='line_1_83' title="bbox 2130 4346 3644 4418; baseline 0.004 -21"><span class='ocrx_word' id='word_1_615' title='bbox 2130 4356 2239 4418; x_wconf 77' lang='lat' dir='ltr'><strong>tato</strong></span> <span class='ocrx_word' id='word_1_616' title='bbox 2265 4346 2368 4410; x_wconf 69' lang='lat'><strong>’°“,</strong></span> <span class='ocrx_word' id='word_1_617' title='bbox 2387 4357 2435 4400; x_wconf 84' lang='lat' dir='ltr'><strong>et</strong></span> <span class='ocrx_word' id='word_1_618' title='bbox 2467 4346 2606 4418; x_wconf 81' lang='lat' dir='ltr'><strong>quod</strong></span> <span class='ocrx_word' id='word_1_619' title='bbox 2624 4357 2809 4418; x_wconf 70' lang='lat' dir='ltr'><strong>mutua</strong></span> <span class='ocrx_word' id='word_1_620' title='bbox 2833 4349 3098 4401; x_wconf 78' lang='lat' dir='ltr'><strong>clmrilate</strong></span> <span class='ocrx_word' id='word_1_621' title='bbox 3121 4356 3169 4402; x_wconf 85' lang='lat' dir='ltr'><strong>et</strong></span> <span class='ocrx_word' id='word_1_622' title='bbox 3192 4348 3525 4415; x_wconf 76' lang='lat' dir='ltr'><strong>indulgentia</strong></span> <span class='ocrx_word' id='word_1_623' title='bbox 3550 4365 3644 4403; x_wconf 75' lang='lat' dir='ltr'><strong>nos</strong></span> 
     </span>
    </p>
   </div>
   <div class='ocr_carea' id='block_1_84' title="bbox 434 4415 1944 4487">
    <p class='ocr_par' dir='ltr' id='par_1_84' title="bbox 434 4415 1944 4487">
     <span class='ocr_line' id='line_1_84' title="bbox 434 4415 1944 4487; baseline 0.003 -23"><span class='ocrx_word' id='word_1_624' title='bbox 434 4415 972 4487; x_wconf 60' lang='grc' dir='ltr'>συγγζννωμονιριοὺς</span> <span class='ocrx_word' id='word_1_625' title='bbox 1017 4415 1176 4483; x_wconf 78' lang='grc' dir='ltr'>ἡμᾶς</span> <span class='ocrx_word' id='word_1_626' title='bbox 1234 4416 1335 4469; x_wconf 81' lang='grc' dir='ltr'>καὶ</span> <span class='ocrx_word' id='word_1_627' title='bbox 1389 4415 1734 4486; x_wconf 60' lang='grc' dir='ltr'>συμπαθεῖς</span> <span class='ocrx_word' id='word_1_628' title='bbox 1797 4415 1944 4484; x_wconf 82' lang='grc' dir='ltr'>πρὸς</span> 
     </span>
    </p>
   </div>
   <div class='ocr_carea' id='block_1_85' title="bbox 2048 4415 2941 4487">
    <p class='ocr_par' dir='ltr' id='par_1_85' title="bbox 2127 4415 2941 4487">
     <span class='ocr_line' id='line_1_85' title="bbox 2127 4415 2941 4487; baseline 0.004 -18"><span class='ocrx_word' id='word_1_629' title='bbox 2127 4417 2349 4472; x_wconf 78' lang='lat' dir='ltr'><strong>invicem</strong></span> <span class='ocrx_word' id='word_1_630' title='bbox 2395 4415 2639 4487; x_wconf 77' lang='lat' dir='ltr'><strong>prosequi</strong></span> <span class='ocrx_word' id='word_1_631' title='bbox 2671 4415 2941 4484; x_wconf 70' lang='lat' dir='ltr'><strong>debemus.</strong></span> 
     </span>
    </p>
   </div>
   <div class='ocr_carea' id='block_1_86' title="bbox 433 4479 1078 4554">
    <p class='ocr_par' dir='ltr' id='par_1_86' title="bbox 433 4479 1078 4554">
     <span class='ocr_line' id='line_1_86' title="bbox 433 4479 1078 4554; baseline 0.002 -15"><span class='ocrx_word' id='word_1_632' title='bbox 433 4479 753 4552; x_wconf 62' lang='grc' dir='ltr'>ἀλλήλους</span> <span class='ocrx_word' id='word_1_633' title='bbox 781 4479 958 4537; x_wconf 55' lang='grc' dir='ltr'>εἶναι</span> <span class='ocrx_word' id='word_1_634' title='bbox 980 4479 1078 4554; x_wconf 55' lang='grc' dir='ltr'>(ΠΖ</span> 
     </span>
    </p>
   </div>
   <div class='ocr_carea' id='block_1_87' title="bbox 439 4578 1952 4653">
    <p class='ocr_par' dir='ltr' id='par_1_87' title="bbox 439 4578 1952 4653">
     <span class='ocr_line' id='line_1_87' title="bbox 439 4578 1952 4653; baseline 0.003 -21"><span class='ocrx_word' id='word_1_635' title='bbox 439 4580 514 4632; x_wconf 85' lang='grc' dir='ltr'><strong>Τὸ</strong></span> <span class='ocrx_word' id='word_1_636' title='bbox 563 4578 708 4632; x_wconf 84' lang='grc' dir='ltr'>θεῖον</span> <span class='ocrx_word' id='word_1_637' title='bbox 759 4581 856 4633; x_wconf 69' lang='grc' dir='ltr'>καὶ</span> <span class='ocrx_word' id='word_1_638' title='bbox 913 4581 1247 4652; x_wconf 79' lang='grc' dir='ltr'>κοινωφελὲς</span> <span class='ocrx_word' id='word_1_639' title='bbox 1275 4583 1304 4636; x_wconf 86' lang='grc' dir='ltr'><strong>ό</strong></span> <span class='ocrx_word' id='word_1_640' title='bbox 1353 4581 1529 4652; x_wconf 92' lang='grc' dir='ltr'>μέγας</span> <span class='ocrx_word' id='word_1_641' title='bbox 1585 4582 1799 4647; x_wconf 82' lang='grc' dir='ltr'>Παῦλος</span> <span class='ocrx_word' id='word_1_642' title='bbox 1850 4582 1952 4653; x_wconf 85' lang='grc' dir='ltr'><strong>τῆς</strong></span> 
     </span>
    </p>
   </div>
   <div class='ocr_carea' id='block_1_88' title="bbox 368 4670 1952 4745">
    <p class='ocr_par' dir='ltr' id='par_1_88' title="bbox 368 4670 1952 4745">
     <span class='ocr_line' id='line_1_88' title="bbox 368 4670 1952 4745; baseline 0.004 -22"><span class='ocrx_word' id='word_1_643' title='bbox 368 4670 612 4735; x_wconf 86' lang='grc' dir='ltr'>πίστεως</span> <span class='ocrx_word' id='word_1_644' title='bbox 642 4671 1082 4744; x_wconf 79' lang='grc' dir='ltr'>ἐνδεικνύμενος,</span> <span class='ocrx_word' id='word_1_645' title='bbox 1115 4675 1211 4727; x_wconf 74' lang='grc' dir='ltr'>καὶ</span> <span class='ocrx_word' id='word_1_646' title='bbox 1242 4674 1630 4745; x_wconf 83' lang='grc' dir='ltr'>καταγγέλλων</span> <span class='ocrx_word' id='word_1_647' title='bbox 1678 4676 1848 4745; x_wconf 73' lang='grc' dir='ltr'>αὐτῆς</span> <span class='ocrx_word' id='word_1_648' title='bbox 1882 4677 1952 4730; x_wconf 78' lang='grc' dir='ltr'>τὰ</span> 
     </span>
    </p>
   </div>
   <div class='ocr_carea' id='block_1_89' title="bbox 364 4760 1952 4838">
    <p class='ocr_par' dir='ltr' id='par_1_89' title="bbox 364 4760 1952 4838">
     <span class='ocr_line' id='line_1_89' title="bbox 364 4760 1952 4838; baseline 0.003 -22"><span class='ocrx_word' id='word_1_649' title='bbox 364 4764 504 4832; x_wconf 78' lang='grc' dir='ltr'>ἔργα</span> <span class='ocrx_word' id='word_1_650' title='bbox 530 4764 625 4817; x_wconf 75' lang='grc' dir='ltr'><strong>καὶ</strong></span> <span class='ocrx_word' id='word_1_651' title='bbox 655 4764 724 4816; x_wconf 82' lang='grc' dir='ltr'>τὰ</span> <span class='ocrx_word' id='word_1_652' title='bbox 765 4760 903 4819; x_wconf 85' lang='grc' dir='ltr'>ἆθλα</span> <span class='ocrx_word' id='word_1_653' title='bbox 934 4766 1030 4820; x_wconf 75' lang='grc' dir='ltr'>καὶ</span> <span class='ocrx_word' id='word_1_654' title='bbox 1082 4769 1208 4828; x_wconf 82' lang='grc' dir='ltr'>τοὺς</span> <span class='ocrx_word' id='word_1_655' title='bbox 1242 4768 1490 4838; x_wconf 82' lang='grc' dir='ltr'>καρποὺς</span> <span class='ocrx_word' id='word_1_656' title='bbox 1526 4767 1621 4819; x_wconf 81' lang='grc' dir='ltr'>καὶ</span> <span class='ocrx_word' id='word_1_657' title='bbox 1655 4769 1755 4837; x_wconf 82' lang='grc' dir='ltr'>τὴν</span> <span class='ocrx_word' id='word_1_658' title='bbox 1791 4767 1952 4822; x_wconf 87' lang='grc' dir='ltr'>δύνα-</span> 
     </span>
    </p>
   </div>
   <div class='ocr_carea' id='block_1_90' title="bbox 369 4849 1951 4927">
    <p class='ocr_par' dir='ltr' id='par_1_90' title="bbox 369 4849 1951 4927">
     <span class='ocr_line' id='line_1_90' title="bbox 369 4849 1951 4927; baseline 0.003 -21"><span class='ocrx_word' id='word_1_659' title='bbox 369 4872 488 4924; x_wconf 85' lang='grc' dir='ltr'>μιν,</span> <span class='ocrx_word' id='word_1_660' title='bbox 516 4855 612 4907; x_wconf 82' lang='grc' dir='ltr'><strong>ἀπ’</strong></span> <span class='ocrx_word' id='word_1_661' title='bbox 651 4853 833 4908; x_wconf 80' lang='grc' dir='ltr'>αὐτῶν</span> <span class='ocrx_word' id='word_1_662' title='bbox 884 4853 984 4925; x_wconf 80' lang='grc' dir='ltr'>μὲν</span> <span class='ocrx_word' id='word_1_663' title='bbox 1021 4854 1253 4927; x_wconf 82' lang='grc' dir='ltr'>ἄρχεται</span> <span class='ocrx_word' id='word_1_664' title='bbox 1287 4857 1398 4908; x_wconf 87' lang='grc' dir='ltr'><strong>τῶν</strong></span> <span class='ocrx_word' id='word_1_665' title='bbox 1430 4855 1664 4921; x_wconf 73' lang='grc' dir='ltr'>αἰώνων,</span> <span class='ocrx_word' id='word_1_666' title='bbox 1692 4849 1768 4911; x_wconf 83' lang='grc' dir='ltr'>ὧν</span> <span class='ocrx_word' id='word_1_667' title='bbox 1794 4856 1951 4911; x_wconf 80' lang='grc' dir='ltr'>οὐδὲν</span> 
     </span>
    </p>
   </div>
   <div class='ocr_carea' id='block_1_91' title="bbox 365 4949 1952 5022">
    <p class='ocr_par' dir='ltr' id='par_1_91' title="bbox 365 4949 1952 5022">
     <span class='ocr_line' id='line_1_91' title="bbox 365 4949 1952 5022; baseline 0.003 -21"><span class='ocrx_word' id='word_1_668' title='bbox 365 4949 749 5020; x_wconf 81' lang='grc' dir='ltr'>ἀρχαιότερον,</span> <span class='ocrx_word' id='word_1_669' title='bbox 799 4949 1010 5012; x_wconf 87' lang='grc' dir='ltr'>Πίστει,</span> <span class='ocrx_word' id='word_1_670' title='bbox 1053 4949 1252 5017; x_wconf 83' lang='grc' dir='ltr'>λέγων,</span> <span class='ocrx_word' id='word_1_671' title='bbox 1306 4949 1538 5022; x_wconf 87' lang='grc' dir='ltr'>νοοῦμεν</span> <span class='ocrx_word' id='word_1_672' title='bbox 1579 4950 1952 5022; x_wconf 81' lang='grc' dir='ltr'>κατηρτίσθαι</span> 
     </span>
    </p>
   </div>
   <div class='ocr_carea' id='block_1_92' title="bbox 362 5041 1952 5113">
    <p class='ocr_par' dir='ltr' id='par_1_92' title="bbox 362 5041 1952 5113">
     <span class='ocr_line' id='line_1_92' title="bbox 362 5041 1952 5113; baseline 0.001 -18"><span class='ocrx_word' id='word_1_673' title='bbox 362 5043 495 5103; x_wconf 80' lang='grc' dir='ltr'>τοὺς</span> <span class='ocrx_word' id='word_1_674' title='bbox 529 5043 734 5104; x_wconf 73' lang='grc' dir='ltr'>αἰῶνας</span> <span class='ocrx_word' id='word_1_675' title='bbox 763 5043 968 5112; x_wconf 75' lang='grc' dir='ltr'>ῥήματι</span> <span class='ocrx_word' id='word_1_676' title='bbox 1000 5041 1136 5095; x_wconf 82' lang='grc' dir='ltr'>Θεοῦ</span> <span class='ocrx_word' id='word_1_677' title='bbox 1179 5043 1261 5105; x_wconf 88' lang='grc' dir='ltr'><strong>είς</strong></span> <span class='ocrx_word' id='word_1_678' title='bbox 1300 5043 1360 5095; x_wconf 74' lang='grc' dir='ltr'>τὸ</span> <span class='ocrx_word' id='word_1_679' title='bbox 1405 5045 1478 5113; x_wconf 82' lang='grc' dir='ltr'>μὴ</span> <span class='ocrx_word' id='word_1_680' title='bbox 1508 5044 1568 5096; x_wconf 82' lang='grc' dir='ltr'>ὲκ</span> <span class='ocrx_word' id='word_1_681' title='bbox 1602 5045 1952 5112; x_wconf 80' lang='grc' dir='ltr'>φαινομένων</span> 
     </span>
    </p>
   </div>
   <div class='ocr_carea' id='block_1_93' title="bbox 366 5133 1953 5208">
    <p class='ocr_par' dir='ltr' id='par_1_93' title="bbox 366 5133 1953 5208">
     <span class='ocr_line' id='line_1_93' title="bbox 366 5133 1953 5208; baseline 0.003 -24"><span class='ocrx_word' id='word_1_682' title='bbox 366 5133 437 5185; x_wconf 81' lang='grc' dir='ltr'><strong>τὰ</strong></span> <span class='ocrx_word' id='word_1_683' title='bbox 489 5133 797 5204; x_wconf 81' lang='grc' dir='ltr'>βλεπόμενα</span> <span class='ocrx_word' id='word_1_684' title='bbox 833 5133 1144 5203; x_wconf 87' lang='grc' dir='ltr'>γεγονέναι,</span> <span class='ocrx_word' id='word_1_685' title='bbox 1196 5135 1427 5205; x_wconf 86' lang='grc' dir='ltr'>τελευτᾷ</span> <span class='ocrx_word' id='word_1_686' title='bbox 1470 5135 1526 5188; x_wconf 80' lang='grc' dir='ltr'>δὲ</span> <span class='ocrx_word' id='word_1_687' title='bbox 1574 5138 1654 5199; x_wconf 85' lang='grc' dir='ltr'><strong>είς</strong></span> <span class='ocrx_word' id='word_1_688' title='bbox 1689 5137 1789 5206; x_wconf 82' lang='grc' dir='ltr'>τὴν</span> <span class='ocrx_word' id='word_1_689' title='bbox 1821 5136 1953 5208; x_wconf 78' lang='grc' dir='ltr'>μέλ·</span> 
     </span>
    </p>
   </div>
   <div class='ocr_carea' id='block_1_94' title="bbox 367 5226 1952 5302">
    <p class='ocr_par' dir='ltr' id='par_1_94' title="bbox 367 5226 1952 5302">
     <span class='ocr_line' id='line_1_94' title="bbox 367 5226 1952 5302; baseline 0.003 -24"><span class='ocrx_word' id='word_1_690' title='bbox 367 5226 568 5278; x_wconf 86' lang='grc' dir='ltr'>λουσαν</span> <span class='ocrx_word' id='word_1_691' title='bbox 599 5227 956 5296; x_wconf 83' lang='grc' dir='ltr'>παγκοσμίαν</span> <span class='ocrx_word' id='word_1_692' title='bbox 1003 5227 1329 5296; x_wconf 77' lang='grc' dir='ltr'>ἀνάστασιν,</span> <span class='ocrx_word' id='word_1_693' title='bbox 1372 5231 1466 5283; x_wconf 76' lang='grc' dir='ltr'>καὶ</span> <span class='ocrx_word' id='word_1_694' title='bbox 1491 5232 1591 5301; x_wconf 83' lang='grc' dir='ltr'>τὴν</span> <span class='ocrx_word' id='word_1_695' title='bbox 1624 5230 1746 5283; x_wconf 79' lang='grc' dir='ltr'>κατ’</span> <span class='ocrx_word' id='word_1_696' title='bbox 1778 5231 1952 5302; x_wconf 79' lang='grc' dir='ltr'>αὐτὴν</span> 
     </span>
    </p>
   </div>
   <div class='ocr_carea' id='block_1_95' title="bbox 366 5314 1952 5393">
    <p class='ocr_par' dir='ltr' id='par_1_95' title="bbox 366 5314 1952 5393">
     <span class='ocr_line' id='line_1_95' title="bbox 366 5314 1952 5393; baseline 0.004 -23"><span class='ocrx_word' id='word_1_697' title='bbox 366 5319 478 5371; x_wconf 83' lang='grc' dir='ltr'><strong>τῶν</strong></span> <span class='ocrx_word' id='word_1_698' title='bbox 526 5319 697 5386; x_wconf 84' lang='grc' dir='ltr'>ἁγίων</span> <span class='ocrx_word' id='word_1_699' title='bbox 737 5318 1037 5384; x_wconf 84' lang='grc' dir='ltr'>τελείωσιν,</span> <span class='ocrx_word' id='word_1_700' title='bbox 1073 5314 1140 5392; x_wconf 82' lang='grc' dir='ltr'>ἧς</span> <span class='ocrx_word' id='word_1_701' title='bbox 1169 5320 1320 5373; x_wconf 77' lang='grc' dir='ltr'>οὐδὲν</span> <span class='ocrx_word' id='word_1_702' title='bbox 1351 5321 1707 5393; x_wconf 86' lang='grc' dir='ltr'>τελεώτερον·</span> <span class='ocrx_word' id='word_1_703' title='bbox 1743 5323 1952 5391; x_wconf 78' lang='grc' dir='ltr'>μεταξὺ</span> 
     </span>
    </p>
   </div>
   <div class='ocr_carea' id='block_1_96' title="bbox 366 5411 1952 5484">
    <p class='ocr_par' dir='ltr' id='par_1_96' title="bbox 366 5411 1952 5484">
     <span class='ocr_line' id='line_1_96' title="bbox 366 5411 1952 5484; baseline 0.003 -20"><span class='ocrx_word' id='word_1_704' title='bbox 366 5411 426 5464; x_wconf 84' lang='grc' dir='ltr'>δὲ</span> <span class='ocrx_word' id='word_1_705' title='bbox 461 5413 570 5466; x_wconf 85' lang='grc' dir='ltr'><strong>τῶν</strong></span> <span class='ocrx_word' id='word_1_706' title='bbox 593 5415 652 5466; x_wconf 80' lang='grc' dir='ltr'>ἐν</span> <span class='ocrx_word' id='word_1_707' title='bbox 699 5415 765 5484; x_wconf 84' lang='grc' dir='ltr'>τῇ</span> <span class='ocrx_word' id='word_1_708' title='bbox 795 5413 981 5466; x_wconf 88' lang='grc' dir='ltr'>πίστει</span> <span class='ocrx_word' id='word_1_709' title='bbox 1025 5414 1458 5484; x_wconf 76' lang='grc' dir='ltr'>θαυμασθέντων</span> <span class='ocrx_word' id='word_1_710' title='bbox 1504 5416 1601 5468; x_wconf 75' lang='grc' dir='ltr'>καὶ</span> <span class='ocrx_word' id='word_1_711' title='bbox 1633 5415 1702 5468; x_wconf 85' lang='grc' dir='ltr'>δι’</span> <span class='ocrx_word' id='word_1_712' title='bbox 1739 5417 1952 5470; x_wconf 81' lang='grc' dir='ltr'>ἑαυτῶν</span> 
     </span>
    </p>
   </div>
   <div class='ocr_carea' id='block_1_97' title="bbox 365 5504 1949 5578">
    <p class='ocr_par' dir='ltr' id='par_1_97' title="bbox 365 5504 1949 5578">
     <span class='ocr_line' id='line_1_97' title="bbox 365 5504 1949 5578; baseline 0.004 -23"><span class='ocrx_word' id='word_1_713' title='bbox 365 5504 542 5576; x_wconf 82' lang='grc' dir='ltr'>ταύτῃ</span> <span class='ocrx_word' id='word_1_714' title='bbox 571 5505 1118 5576; x_wconf 87' lang='grc' dir='ltr'>συμμαρτυρούντων</span> <span class='ocrx_word' id='word_1_715' title='bbox 1147 5505 1473 5576; x_wconf 84' lang='grc' dir='ltr'>ποιούμενος</span> <span class='ocrx_word' id='word_1_716' title='bbox 1503 5507 1598 5561; x_wconf 75' lang='grc' dir='ltr'>τὸν</span> <span class='ocrx_word' id='word_1_717' title='bbox 1621 5507 1949 5578; x_wconf 79' lang='grc' dir='ltr'>κατάλογον,</span> 
     </span>
    </p>
   </div>
   <div class='ocr_carea' id='block_1_98' title="bbox 442 5625 1530 5695">
    <p class='ocr_par' dir='ltr' id='par_1_98' title="bbox 442 5625 1530 5695">
     <span class='ocr_line' id='line_1_98' title="bbox 442 5625 1530 5695; baseline 0.006 -18"><span class='ocrx_word' id='word_1_718' title='bbox 442 5625 486 5657; x_wconf 77' lang='grc'><strong>³⁸</strong></span> <span class='ocrx_word' id='word_1_719' title='bbox 517 5627 623 5679; x_wconf 88' lang='lat' dir='ltr'><strong>lsa.</strong></span> <span class='ocrx_word' id='word_1_720' title='bbox 652 5627 874 5691; x_wconf 72' lang='grc' dir='ltr'><strong>Ι.Χ1,1().</strong></span> <span class='ocrx_word' id='word_1_721' title='bbox 952 5627 1016 5658; x_wconf 81' lang='grc'><strong>³⁶⁹</strong></span> <span class='ocrx_word' id='word_1_722' title='bbox 1053 5625 1184 5681; x_wconf 87' lang='lat' dir='ltr'><strong>Luc.</strong></span> <span class='ocrx_word' id='word_1_723' title='bbox 1217 5643 1310 5695; x_wconf 75' lang='lat' dir='ltr'><strong>vn,</strong></span> <span class='ocrx_word' id='word_1_724' title='bbox 1347 5629 1407 5683; x_wconf 86' lang='lat' dir='ltr'><strong>ll</strong></span> <span class='ocrx_word' id='word_1_725' title='bbox 1444 5629 1530 5684; x_wconf 78' lang='grc'><strong>16.</strong></span> 
     </span>
    </p>
   </div>
   <div class='ocr_carea' id='block_1_99' title="bbox 2132 4571 3649 4643">
    <p class='ocr_par' dir='ltr' id='par_1_99' title="bbox 2132 4571 3649 4643">
     <span class='ocr_line' id='line_1_99' title="bbox 2132 4571 3649 4643; baseline 0 -13"><span class='ocrx_word' id='word_1_726' title='bbox 2132 4574 2289 4643; x_wconf 85' lang='lat' dir='ltr'><strong>Quod</strong></span> <span class='ocrx_word' id='word_1_727' title='bbox 2321 4573 2495 4630; x_wconf 82' lang='lat' dir='ltr'><strong>divini</strong></span> <span class='ocrx_word' id='word_1_728' title='bbox 2527 4583 2583 4628; x_wconf 86' lang='lat' dir='ltr'><strong>ct</strong></span> <span class='ocrx_word' id='word_1_729' title='bbox 2625 4571 2886 4631; x_wconf 81' lang='lat' dir='ltr'><strong>omnibus</strong></span> <span class='ocrx_word' id='word_1_730' title='bbox 2937 4572 3190 4642; x_wconf 89' lang='lat' dir='ltr'><strong>perutilis</strong></span> <span class='ocrx_word' id='word_1_731' title='bbox 3243 4575 3444 4629; x_wconf 88' lang='lat' dir='ltr'><strong>habeat</strong></span> <span class='ocrx_word' id='word_1_732' title='bbox 3512 4574 3649 4630; x_wconf 78' lang='lat' dir='ltr'><strong>fides</strong></span> 
     </span>
    </p>
   </div>
   <div class='ocr_carea' id='block_1_100' title="bbox 2059 4667 3647 4741">
    <p class='ocr_par' dir='ltr' id='par_1_100' title="bbox 2059 4667 3647 4741">
     <span class='ocr_line' id='line_1_100' title="bbox 2059 4667 3647 4741; baseline 0 -16"><span class='ocrx_word' id='word_1_733' title='bbox 2059 4685 2294 4741; x_wconf 80' lang='lat' dir='ltr'><strong>magnus</strong></span> <span class='ocrx_word' id='word_1_734' title='bbox 2360 4668 2566 4724; x_wconf 87' lang='lat' dir='ltr'><strong>Paulus</strong></span> <span class='ocrx_word' id='word_1_735' title='bbox 2634 4667 2954 4734; x_wconf 81' lang='lat' dir='ltr'><strong>ostendens,</strong></span> <span class='ocrx_word' id='word_1_736' title='bbox 3021 4676 3076 4722; x_wconf 91' lang='lat' dir='ltr'><strong>et</strong></span> <span class='ocrx_word' id='word_1_737' title='bbox 3137 4667 3384 4736; x_wconf 85' lang='lat' dir='ltr'><strong>ejusdem</strong></span> <span class='ocrx_word' id='word_1_738' title='bbox 3455 4684 3647 4740; x_wconf 87' lang='lat' dir='ltr'><strong>opera,</strong></span> 
     </span>
    </p>
   </div>
   <div class='ocr_carea' id='block_1_101' title="bbox 2058 4761 3648 4835">
    <p class='ocr_par' dir='ltr' id='par_1_101' title="bbox 2058 4761 3648 4835">
     <span class='ocr_line' id='line_1_101' title="bbox 2058 4761 3648 4835; baseline 0 -18"><span class='ocrx_word' id='word_1_739' title='bbox 2058 4777 2271 4835; x_wconf 78' lang='lat' dir='ltr'><strong>pugnas</strong></span> <span class='ocrx_word' id='word_1_740' title='bbox 2306 4771 2359 4817; x_wconf 92' lang='lat' dir='ltr'><strong>et</strong></span> <span class='ocrx_word' id='word_1_741' title='bbox 2392 4761 2605 4816; x_wconf 86' lang='lat' dir='ltr'><strong>fructus</strong></span> <span class='ocrx_word' id='word_1_742' title='bbox 2657 4761 3023 4829; x_wconf 89' lang='lat' dir='ltr'><strong>virtutemque</strong></span> <span class='ocrx_word' id='word_1_743' title='bbox 3051 4761 3388 4816; x_wconf 88' lang='lat' dir='ltr'><strong>annuntians</strong></span> <span class='ocrx_word' id='word_1_744' title='bbox 3437 4763 3506 4817; x_wconf 91' lang='lat' dir='ltr'><strong>ab</strong></span> <span class='ocrx_word' id='word_1_745' title='bbox 3541 4763 3648 4818; x_wconf 89' lang='lat' dir='ltr'><strong>illis</strong></span> 
     </span>
    </p>
   </div>
   <div class='ocr_carea' id='block_1_102' title="bbox 2056 4853 3648 4926">
    <p class='ocr_par' dir='ltr' id='par_1_102' title="bbox 2056 4853 3648 4926">
     <span class='ocr_line' id='line_1_102' title="bbox 2056 4853 3648 4926; baseline -0.002 -13"><span class='ocrx_word' id='word_1_746' title='bbox 2056 4857 2250 4926; x_wconf 87' lang='lat' dir='ltr'><strong>incipit</strong></span> <span class='ocrx_word' id='word_1_747' title='bbox 2302 4855 2518 4912; x_wconf 69' lang='lat' dir='ltr'><strong>saeculis</strong></span> <span class='ocrx_word' id='word_1_748' title='bbox 2569 4855 2770 4926; x_wconf 91' lang='lat' dir='ltr'><strong>quibus</strong></span> <span class='ocrx_word' id='word_1_749' title='bbox 2819 4853 2957 4908; x_wconf 91' lang='lat' dir='ltr'><strong>nihil</strong></span> <span class='ocrx_word' id='word_1_750' title='bbox 3013 4861 3099 4908; x_wconf 87' lang='lat' dir='ltr'><strong>est</strong></span> <span class='ocrx_word' id='word_1_751' title='bbox 3154 4853 3432 4924; x_wconf 84' lang='lat' dir='ltr'><strong>antiquius</strong></span> <span class='ocrx_word' id='word_1_752' title='bbox 3497 4855 3648 4920; x_wconf 84' lang='lat' dir='ltr'><strong>fide,</strong></span> 
     </span>
    </p>
   </div>
   <div class='ocr_carea' id='block_1_103' title="bbox 2057 4947 3646 5017">
    <p class='ocr_par' dir='ltr' id='par_1_103' title="bbox 2057 4947 3646 5017">
     <span class='ocr_line' id='line_1_103' title="bbox 2057 4947 3646 5017; baseline -0.002 -13"><span class='ocrx_word' id='word_1_753' title='bbox 2057 4949 2268 5016; x_wconf 88' lang='lat' dir='ltr'><strong>dicens,</strong></span> <span class='ocrx_word' id='word_1_754' title='bbox 2303 4948 2664 5017; x_wconf 80' lang='lat' dir='ltr'><strong>Intelligimus</strong></span> <span class='ocrx_word' id='word_1_755' title='bbox 2686 4955 2871 5016; x_wconf 85' lang='lat' dir='ltr'><strong>aptata</strong></span> <span class='ocrx_word' id='word_1_756' title='bbox 2903 4961 3024 5001; x_wconf 88' lang='lat' dir='ltr'><strong>esse</strong></span> <span class='ocrx_word' id='word_1_757' title='bbox 3075 4947 3274 5000; x_wconf 70' lang='lat' dir='ltr'><strong>smcula</strong></span> <span class='ocrx_word' id='word_1_758' title='bbox 3309 4947 3478 5001; x_wconf 82' lang='lat' dir='ltr'><strong>verbo</strong></span> <span class='ocrx_word' id='word_1_759' title='bbox 3528 4947 3646 5013; x_wconf 86' lang='lat' dir='ltr'><strong>Dei,</strong></span> 
     </span>
    </p>
   </div>
   <div class='ocr_carea' id='block_1_104' title="bbox 2058 5038 3644 5101">
    <p class='ocr_par' dir='ltr' id='par_1_104' title="bbox 2058 5038 3644 5101">
     <span class='ocr_line' id='line_1_104' title="bbox 2058 5038 3644 5101; baseline -0.004 -3"><span class='ocrx_word' id='word_1_760' title='bbox 2058 5053 2118 5098; x_wconf 91' lang='lat' dir='ltr'><strong>ut</strong></span> <span class='ocrx_word' id='word_1_761' title='bbox 2141 5059 2207 5100; x_wconf 81' lang='lat' dir='ltr'><strong>ex</strong></span> <span class='ocrx_word' id='word_1_762' title='bbox 2229 5042 2601 5097; x_wconf 75' lang='lat' dir='ltr'><strong>invisibilihus</strong></span> <span class='ocrx_word' id='word_1_763' title='bbox 2630 5041 2869 5095; x_wconf 80' lang='lat' dir='ltr'><strong>visibilia</strong></span> <span class='ocrx_word' id='word_1_764' title='bbox 2927 5038 3138 5101; x_wconf 86' lang='lat' dir='ltr'><strong>lie:eut.</strong></span> <span class='ocrx_word' id='word_1_765' title='bbox 3177 5039 3374 5094; x_wconf 88' lang='lat' dir='ltr'><strong>deinde</strong></span> <span class='ocrx_word' id='word_1_766' title='bbox 3403 5039 3644 5094; x_wconf 79' lang='lat' dir='ltr'><strong>futuram</strong></span> 
     </span>
    </p>
   </div>
   <div class='ocr_carea' id='block_1_105' title="bbox 2061 5131 3649 5203">
    <p class='ocr_par' dir='ltr' id='par_1_105' title="bbox 2061 5131 3649 5203">
     <span class='ocr_line' id='line_1_105' title="bbox 2061 5131 3649 5203; baseline -0.004 -11"><span class='ocrx_word' id='word_1_767' title='bbox 2061 5137 2308 5192; x_wconf 90' lang='lat' dir='ltr'><strong>omnium</strong></span> <span class='ocrx_word' id='word_1_768' title='bbox 2338 5136 2802 5190; x_wconf 85' lang='lat' dir='ltr'><strong>resurrectionem</strong></span> <span class='ocrx_word' id='word_1_769' title='bbox 2852 5133 3116 5203; x_wconf 66' lang='lat' dir='ltr'><strong>praedicat</strong></span> <span class='ocrx_word' id='word_1_770' title='bbox 3148 5139 3202 5187; x_wconf 91' lang='lat' dir='ltr'><strong>et</strong></span> <span class='ocrx_word' id='word_1_771' title='bbox 3235 5131 3493 5202; x_wconf 88' lang='lat' dir='ltr'><strong>denique,</strong></span> <span class='ocrx_word' id='word_1_772' title='bbox 3527 5143 3649 5202; x_wconf 70' lang='lat' dir='ltr'><strong>pOst</strong></span> 
     </span>
    </p>
   </div>
   <div class='ocr_carea' id='block_1_106' title="bbox 2062 5224 3651 5302">
    <p class='ocr_par' dir='ltr' id='par_1_106' title="bbox 2062 5224 3651 5302">
     <span class='ocr_line' id='line_1_106' title="bbox 2062 5224 3651 5302; baseline -0.004 -16"><span class='ocrx_word' id='word_1_773' title='bbox 2062 5230 2364 5302; x_wconf 85' lang='lat' dir='ltr'><strong>perfectum</strong></span> <span class='ocrx_word' id='word_1_774' title='bbox 2413 5239 2729 5285; x_wconf 82' lang='lat' dir='ltr'><strong>sanctorum</strong></span> <span class='ocrx_word' id='word_1_775' title='bbox 2783 5241 3100 5292; x_wconf 86' lang='lat' dir='ltr'><strong>numerum,</strong></span> <span class='ocrx_word' id='word_1_776' title='bbox 3139 5224 3466 5282; x_wconf 65' lang='lat' dir='ltr'><strong>saeculorum</strong></span> <span class='ocrx_word' id='word_1_777' title='bbox 3519 5242 3651 5280; x_wconf 88' lang='lat' dir='ltr'><strong>con-</strong></span> 
     </span>
    </p>
   </div>
   <div class='ocr_carea' id='block_1_107' title="bbox 2064 5315 3650 5390">
    <p class='ocr_par' dir='ltr' id='par_1_107' title="bbox 2064 5315 3650 5390">
     <span class='ocr_line' id='line_1_107' title="bbox 2064 5315 3650 5390; baseline -0.004 -13"><span class='ocrx_word' id='word_1_778' title='bbox 2064 5323 2494 5379; x_wconf 88' lang='lat' dir='ltr'><strong>summationem</strong></span> <span class='ocrx_word' id='word_1_779' title='bbox 2524 5336 2631 5390; x_wconf 86' lang='lat' dir='ltr'><strong>qua</strong></span> <span class='ocrx_word' id='word_1_780' title='bbox 2653 5319 2790 5374; x_wconf 93' lang='lat' dir='ltr'><strong>nihil</strong></span> <span class='ocrx_word' id='word_1_781' title='bbox 2821 5317 3144 5390; x_wconf 81' lang='lat' dir='ltr'><strong>perfectius.</strong></span> <span class='ocrx_word' id='word_1_782' title='bbox 3168 5315 3275 5371; x_wconf 86' lang='lat' dir='ltr'><strong>Sed</strong></span> <span class='ocrx_word' id='word_1_783' title='bbox 3305 5317 3471 5371; x_wconf 80' lang='lat' dir='ltr'><strong>simul</strong></span> <span class='ocrx_word' id='word_1_784' title='bbox 3505 5316 3650 5372; x_wconf 84' lang='lat' dir='ltr'><strong>faeto</strong></span> 
     </span>
    </p>
   </div>
   <div class='ocr_carea' id='block_1_108' title="bbox 2064 5409 3649 5482">
    <p class='ocr_par' dir='ltr' id='par_1_108' title="bbox 2064 5409 3649 5482">
     <span class='ocr_line' id='line_1_108' title="bbox 2064 5409 3649 5482; baseline -0.005 -9"><span class='ocrx_word' id='word_1_785' title='bbox 2064 5434 2246 5473; x_wconf 81' lang='lat' dir='ltr'><strong>rerum</strong></span> <span class='ocrx_word' id='word_1_786' title='bbox 2269 5417 2322 5470; x_wconf 91' lang='lat' dir='ltr'><strong>in</strong></span> <span class='ocrx_word' id='word_1_787' title='bbox 2357 5417 2462 5470; x_wconf 75' lang='grc' dir='ltr'>Ιίιίο</span> <span class='ocrx_word' id='word_1_788' title='bbox 2495 5414 2870 5468; x_wconf 88' lang='lat' dir='ltr'><strong>mirandarum</strong></span> <span class='ocrx_word' id='word_1_789' title='bbox 2907 5422 2960 5467; x_wconf 89' lang='lat' dir='ltr'><strong>et</strong></span> <span class='ocrx_word' id='word_1_790' title='bbox 2992 5411 3137 5466; x_wconf 74' lang='lat' dir='ltr'><strong>inter</strong></span> <span class='ocrx_word' id='word_1_791' title='bbox 3166 5425 3260 5465; x_wconf 87' lang='lat' dir='ltr'><strong>eas</strong></span> <span class='ocrx_word' id='word_1_792' title='bbox 3295 5409 3516 5464; x_wconf 85' lang='lat' dir='ltr'><strong>illorum</strong></span> <span class='ocrx_word' id='word_1_793' title='bbox 3555 5414 3649 5482; x_wconf 89' lang='lat' dir='ltr'><strong>qui</strong></span> 
     </span>
    </p>
   </div>
   <div class='ocr_carea' id='block_1_109' title="bbox 2064 5503 3654 5577">
    <p class='ocr_par' dir='ltr' id='par_1_109' title="bbox 2064 5503 3654 5577">
     <span class='ocr_line' id='line_1_109' title="bbox 2064 5503 3654 5577; baseline -0.006 -10"><span class='ocrx_word' id='word_1_794' title='bbox 2064 5514 2128 5567; x_wconf 88' lang='lat' dir='ltr'><strong>de</strong></span> <span class='ocrx_word' id='word_1_795' title='bbox 2163 5513 2266 5566; x_wconf 84' lang='lat' dir='ltr'><strong>ista</strong></span> <span class='ocrx_word' id='word_1_796' title='bbox 2300 5505 2672 5564; x_wconf 87' lang='lat' dir='ltr'><strong>testimonium</strong></span> <span class='ocrx_word' id='word_1_797' title='bbox 2730 5507 3127 5577; x_wconf 89' lang='lat' dir='ltr'><strong>perhibuerunt</strong></span> <span class='ocrx_word' id='word_1_798' title='bbox 3167 5503 3436 5574; x_wconf 85' lang='lat' dir='ltr'><strong>catalogo,</strong></span> <span class='ocrx_word' id='word_1_799' title='bbox 3465 5514 3520 5558; x_wconf 89' lang='lat' dir='ltr'><strong>et</strong></span> <span class='ocrx_word' id='word_1_800' title='bbox 3552 5507 3654 5559; x_wconf 81' lang='lat' dir='ltr'><strong>hoc</strong></span> 
     </span>
    </p>
   </div>
   <div class='ocr_carea' id='block_1_110' title="bbox 433 5710 3663 5796">
    <p class='ocr_par' dir='ltr' id='par_1_110' title="bbox 433 5710 3663 5796">
     <span class='ocr_line' id='line_1_110' title="bbox 433 5710 3663 5796; baseline 0 0"><span class='ocrx_word' id='word_1_801' title='bbox 433 5719 512 5796; x_wconf 63' lang='lat' dir='ltr'><strong>tt).</strong></span> <span class='ocrx_word' id='word_1_802' title='bbox 537 5717 894 5796; x_wconf 49' lang='lat' dir='ltr'><strong>&quot;saleni&quot;?</strong></span> <span class='ocrx_word' id='word_1_803' title='bbox 925 5733 1037 5796; x_wconf 59' lang='lat'><strong>5‘1&quot;“</strong></span> <span class='ocrx_word' id='word_1_804' title='bbox 1072 5729 1495 5796; x_wconf 61' lang='lat' dir='ltr'><strong>599.“&quot;&quot;‘°&#39;.q““§</strong></span> <span class='ocrx_word' id='word_1_805' title='bbox 1532 5718 1697 5796; x_wconf 62' lang='lat' dir='ltr'><strong>edidit</strong></span> <span class='ocrx_word' id='word_1_806' title='bbox 1823 5719 1874 5767; x_wconf 59' lang='grc' dir='ltr'><strong>ιτ·</strong></span> <span class='ocrx_word' id='word_1_807' title='bbox 1916 5715 2556 5796; x_wconf 50' lang='lat' dir='ltr'><strong>“misiFatorﬁn‘wri‘</strong></span> <span class='ocrx_word' id='word_1_808' title='bbox 2580 5710 3663 5796; x_wconf 49' lang='lat' dir='ltr'><strong>3‘.&quot;€999?ii?.’3§ff-9t€‘!i‘3tt€i£l“595%?-</strong></span> 
     </span>
    </p>
   </div>
   <div class='ocr_carea' id='block_1_111' title="bbox 372 5776 3663 5847">
    <p class='ocr_par' dir='ltr' id='par_1_111' title="bbox 372 5776 3663 5847">
     <span class='ocr_line' id='line_1_111' title="bbox 372 5776 3663 5847; baseline -0 -20"><span class='ocrx_word' id='word_1_809' title='bbox 372 5776 1098 5847; x_wconf 13' lang='lat' dir='ltr'><strong>l_7_76&#39;g,Ades_unt‘inleditione</strong></span> <span class='ocrx_word' id='word_1_810' title='bbox 1134 5776 1592 5847; x_wconf 62' lang='lat' dir='ltr'><strong>Hierosolymitaua</strong></span> <span class='ocrx_word' id='word_1_811' title='bbox 1628 5796 1642 5844; x_wconf 90' lang='lat'><strong>;</strong></span> <span class='ocrx_word' id='word_1_812' title='bbox 1676 5782 1886 5844; x_wconf 69' lang='lat' dir='ltr'><strong>reliquas</strong></span> <span class='ocrx_word' id='word_1_813' title='bbox 1919 5792 2033 5834; x_wconf 81' lang='lat' dir='ltr'><strong>octo</strong></span> <span class='ocrx_word' id='word_1_814' title='bbox 2067 5781 2395 5834; x_wconf 62' lang='lat' dir='ltr'><strong>Matuta-ianua</strong></span> <span class='ocrx_word' id='word_1_815' title='bbox 2426 5776 2543 5830; x_wconf 64' lang='lat' dir='ltr'><strong>sunt</strong></span> <span class='ocrx_word' id='word_1_816' title='bbox 2580 5781 2628 5828; x_wconf 89' lang='lat' dir='ltr'><strong>iu</strong></span> <span class='ocrx_word' id='word_1_817' title='bbox 2663 5781 2840 5829; x_wconf 81' lang='lat' dir='ltr'><strong>eadem</strong></span> <span class='ocrx_word' id='word_1_818' title='bbox 2877 5777 3101 5828; x_wconf 85' lang='lat' dir='ltr'><strong>editione</strong></span> <span class='ocrx_word' id='word_1_819' title='bbox 3127 5777 3344 5842; x_wconf 67' lang='lat' dir='ltr'><strong>homilize</strong></span> <span class='ocrx_word' id='word_1_820' title='bbox 3375 5776 3424 5838; x_wconf 89' lang='lat'><strong>6,</strong></span> <span class='ocrx_word' id='word_1_821' title='bbox 3464 5777 3538 5839; x_wconf 89' lang='lat' dir='ltr'><strong>ll,</strong></span> <span class='ocrx_word' id='word_1_822' title='bbox 3575 5777 3663 5839; x_wconf 70' lang='grc'><strong>12,-</strong></span> 
     </span>
    </p>
   </div>
   <div class='ocr_carea' id='block_1_112' title="bbox 374 5842 894 5904">
    <p class='ocr_par' dir='ltr' id='par_1_112' title="bbox 374 5842 894 5904">
     <span class='ocr_line' id='line_1_112' title="bbox 374 5842 894 5904; baseline 0.01 -14"><span class='ocrx_word' id='word_1_823' title='bbox 374 5842 463 5902; x_wconf 77' lang='lat' dir='ltr'><strong>u,</strong></span> <span class='ocrx_word' id='word_1_824' title='bbox 501 5843 580 5904; x_wconf 65' lang='grc' dir='ltr'>εδ,</span> <span class='ocrx_word' id='word_1_825' title='bbox 616 5843 691 5904; x_wconf 74' lang='lat'><strong>15,</strong></span> <span class='ocrx_word' id='word_1_826' title='bbox 715 5844 894 5903; x_wconf 76' lang='lat'><strong>20,28.</strong></span> 
     </span>
    </p>
   </div>
  </div>
