4082 6456
344 410 480 508 '529

1690 439 2025 536 nouum
2057 443 2239 531 xw.

3515 445 3633 510 530r

364 555 551 627 φωνὴν
577 555 1004 642 σπλαγχνισθεὶς
1024 556 1121 644 ἐπὶ
1240 557 1387 630 χήρᾳ
1405 551 1474 630 ἧς
1503 559 1531 613 6
1549 557 1666 639 υίὸς
1691 531 1943 642 ἐξεκομί-

2055 547 2177 622 bus,
2209 560 2303 634 sed
2331 560 2568 632 simplici
2603 559 2760 644 jussu
2788 561 3024 641 reddens
3054 574 3123 640 ea:
3169 567 3389 644 mortuo
3443 559 3632 617 vivum

364 649 491 712 ζετο
523 636 826 717 τεθνηκὼς,
854 637 952 702 καὶ
973 633 1141 719 μῆδὲν
1166 635 1469 722 μελλήσας,
1506 632 1656 722 μήδετ’
1673 634 1941 724 πραγμα-

361 730 740 810 τευσάμενος,
797 729 921 811 μηδῗ
977 726 1308 814 εύξάμενος,
1358 727 1940 822 ἀλλάπροστάγματι

272 823 282 832 ’
367 826 518 902 μόνῳ
550 823 675 893 δοὺς
712 833 776 886 ἐκ
814 823 1010 904 νεκροῦ
1044 821 1222 899 ζῶντα
1246 835 1339 890 τδν
1374 816 1939 917 ’μονογενῆ’τῇ”πέυ.

365 919 538 992 θούσῃ
591 917 784 991 μήτρὶ,
819 923 980 992 μόνος
1026 923 1227 991 ἔδειξεν
1273 927 1435 992 αὐτὸς
1467 911 1545 982 ῶν
1590 930 1618 982 6
1664 911 1813 998 ζωῆς
1843 914 1940 983 κάι

366 1006 598 1063 θανάτου
635 1011 862 1082 Κύριος.
905 1011 1158 1081 Ἐγένετο
1185 1016 1315 1086 γὰρ,
1369 1018 1536 1086 φησὶν
1581 1019 1610 1071 6
1649 1003 1942 1088 εὐαγγελι-

369 1103 527 1171 στῆς,
554 1103 613 1156 ἐν
637 1105 704 1174 τῇ
741 1104 868 1172 ἑξῆς
908 1106 1203 1176 ἐπορεύετο
1233 1108 1260 1162 ό
1300 1100 1511 1178 Ἰησοῦς
1546 1111 1627 1174 είς
1659 1111 1815 1165 πόλιν
1841 1130 1942 1166 κα-

372 1195 653 1264 λουμένην
707 1195 871 1253 Ναϊν.
904 1197 1248 1268 Λύτὸκλητος
1303 1193 1398 1253 ἐπὶ
1436 1201 1499 1254 τὸ
1554 1204 1698 1272 μέγα
1754 1193 1943 1274 θαῦμα

366 1286 525 1340 τοῦτο
553 1289 652 1357 τῆς
679 1289 1032 1354 ἀναστάσεως
1064 1291 1092 1344 6
1142 1287 1348 1362 Κύριος
1381 1294 1626 1365 ἔρχεται,
1677 1297 1762 1350 ἵνα
1792 1296 1943 1371 δείξῃ

371 1380 448 1448 μὴ
478 1380 648 1450 μόνην
687 1381 784 1451 τὴν
809 1382 1074 1446 ζωοποιδν
1103 1384 1358 1455 δύναμιν,
1387 1388 1523 1440 ἀλλὰ
1549 1391 1639 1442 καὶ
1669 1390 1768 1458 τὴν
1800 1391 1942 1458 ἀγα-

369 1471 570 1540 θότητα
601 1475 694 1527 καὶ
719 1473 817 1546 τὴν
847 1476 1254 1547 εὐσπλαγχνίαν
1293 1479 1626 1550 ἀσύγκριτον
1660 1481 1821 1550 ἔχων.
1851 1469 1944 1554 Τῷ

371 1564 473 1632 μὲν
505 1567 612 1635 γὰρ
669 1566 826 1638 Ἠλίᾳ
880 1565 993 1622 οἷον
1030 1571 1128 1622 καὶ
1178 1562 1502 1640 ἐπέσκωψεν
1547 1573 1578 1640 ἠ
1633 1573 1941 1644 Σαραφθία,

369 1655 594 1710 κινοῦσα
653 1659 786 1729 πρὸς
840 1661 941 1730 τὴν
989 1657 1084 1713 τοῦ
1133 1661 1324 1723 παιδὸς
1381 1662 1702 1715 ἀναϐίωσιν*
1758 1665 1850 1717 τὸν
1888 1665 1944 1718 δὲ

381 1749 686 1813 Ἐλισσαῖον
726 1745 1096 1821 προδιδάξασα
1156 1755 1230 1824 μὴ
1285 1755 1580 1823 προϊδόντα
1632 1755 1693 1809 τδ
1746 1750 1955 1823 πάθοςί

370 1835 490 1894 εἶτα
521 1843 614 1896 καὶ
631 1845 1045 1912 κατηνάγκασεν
1073 1848 1101 1914 ἡ
1140 1846 1481 1916 Σουμανίτις,
1507 1864 1524 1898 t
1555 1850 1656 1916 Ζῇ,
1683 1848 1940 1918 λέγουσα,

369 1933 595 2002 Κύριος,
650 1937 744 1989 καὶ
787 1935 853 2006 ζῇ
883 1939 915 2006 ἡ
963 1937 1109 2010 ψυχή
1143 1937 1261 2000 σου,
1296 1939 1346 1992 εί
1380 1938 1763 2010 ἐγκαταλείψω
1797 1933 1877 1996 σει
1918 1963 1938 1995 ι

379 2025 439 2078 '0
467 2027 523 2080 δὲ
574 2027 780 2098 Κύριος
830 2028 926 2082 καὶ
975 2029 1349 2101 προγινώσκει
1383 2032 1519 2102 παρ’
1569 2034 1790 2098 ἑαυτοῦ,
1849 2038 1945 2090 καὶ

371 2119 598 2186 μηδενὸς
650 2121 1051 2191 ὲκκαλουμένου
1103 2124 1394 2192 πορεύεται
1444 2118 1584 2195 πρὸς
1616 2123 1718 2194 τὴν
1762 2119 1942 2194 πόλιν,

371 2211 462 2276 ἀφ’
517 2205 586 2280 ἦς
613 2210 642 2265 6
710 2212 993 2282 τεθνηκὼς
1036 2215 1391 2284 ἐξεκομίζετο
1421 2220 1573 2279 παῖς.
1616 2213 1944 2286 Ἐπορεύετο

369 2299 448 2361 δὲ,
482 2302 670 2370 φησὶν,
700 2303 758 2355 ἐν
780 2306 846 2374 τῇ
877 2305 1027 2372 ἑξῆς.
1055 2307 1168 2360 Καὶ
1198 2305 1359 2360 τοῦτο
1397 2311 1692 2380 πανσόφως
1724 2317 1752 2367 6
1781 2302 1946 2382 εὐαγ-

375 2391 626 2462 γελιστὴς
656 2394 1072 2466 ὑπεσημήνατο.
1114 2397 1457 2468 ’Υπογράςρει
1495 2401 1603 2473 γὰρ
1636 2405 1669 2475 ἡ
1698 2404 1792 2457 τοῦ
1817 2423 1945 2460 παι-

371 2483 460 2545 ὣς
488 2485 588 2553 τῆς
620 2487 797 2556 χήρας
831 2489 1131 2554 ἀνάστασις
1159 2491 1258 2561 τὴν
1306 2485 1662 2547 ἀνακαινισιν
1685 2497 1780 2550 τοῦ
1804 2483 1946 2568 ἠμε-

371 2572 532 2642 τέρου
567 2575 683 2632 νοῦ.
712 2577 872 2649 Χήρα
905 2579 1016 2650 γὰρ
1048 2575 1118 2648 ἦν
1147 2580 1243 2634 καὶ
1295 2581 1328 2651 ἡ
1359 2583 1482 2636 καθ’
1509 2581 1656 2654 ἡμᾶς
1679 2585 1826 2658 ψυχὴ
1859 2579 1946 2642 διά

371 2665 472 2734 τὴν
521 2667 800 2738 ἁμαρτίαν
853 2669 1178 2740 στερηθεῖσα
1228 2673 1322 2727 τοῦ
1353 2672 1608 2745 οὐρανίου
1660 2668 1942 2747 νυμφίου,

371 2754 574 2842 ἔχουσα
611 2759 868 2831 καθάπερ
888 2762 1009 2840 τινὰ
1042 2764 1312 2833 μονογενῆ
1364 2767 1457 2819 τὸν
1494 2768 1696 2822 οἰκεῖον
1737 2765 1947 2842 ἑκάστῃ

373 2839 523 2906 νοῦν,
547 2842 607 2908 ὃς
629 2846 908 2916 τεθνηκὼς
939 2839 1007 2919 ἦν
1032 2849 1110 2919 τῷ
1138 2851 1349 2922 κέντρῳ
1377 2854 1479 2921 τῆς
1511 2855 1786 2927 ἁμαρτίας
1812 2839 1948 2912 duo:

372 2930 540 2994 λέσας
568 2933 664 3004 τὴν
695 2935 864 3000 ὅντως
896 2937 1066 3008 ζωήν.
1121 2940 1504 3012 Ἐξεκομίζετο
1557 2947 1613 3000 δὲ
1642 2947 1738 3000 καὶ
1764 2941 1943 3015 οὗτος,

373 3022 708 3102 πορρωτέρω
736 3026 911 3096 δήπου
947 3026 1083 3080 Θεοῦ
1112 3031 1394 3099 γινόμενος
1427 3033 1532 3086 ὑπὸ
1561 3035 1673 3088 τῶν
1705 3036 1945 3105 ἀγόντων

371 3115 537 3178 αὑτὸν
562 3116 753 3171 παθῶν
789 3121 869 3182 είς
916 3118 1045 3190 ᾅδου
1090 3123 1184 3176 καὶ
1227 3123 1514 3184 ἀπωλείας
1556 3127 1775 3196 βυθοὺς,
1810 3131 1945 3185 ἀλλὰ

2042 648 2201 706 matri
2232 647 2435 732 dolenti
2465 633 2704 734 iunicum
2737 633 2936 734 tilium,
2968 633 3126 734 solus
3168 633 3494 731 monstravit
3517 643 3628 709 ἐρ-

2041 724 2347 815 ιιιειίιιειιιιι
2390 745 2515 800 vita:
2566 724 3498 823 mortisque'dominumL'Factum
3546 744 3632 800 est

2042 838 2210 915 enim",
2246 837 2322 892 ait
2349 834 2705 906 evangelista,
2740 818 2800 891 ut
2831 835 2993 892 Jesus
3015 818 3274 905 deinceps
3301 836 3408 891 iret
3445 835 3496 889 in
3541 837 3634 890 ci-

2043 926 2265 982 vitatem
2327 915 2743 997 quae'vocatur
2795 926 2975 981 Naim.
3019 925 3176 980 Nullo
3243 934 3489 996 rogante.
3557 927 3635 981 ad-

2043 1034 2301 1090 magnum
2362 1005 2496 1074 illud
2556 1013 3025 1075 ressuscitationis
3087 1018 3412 1072 miraculum
3479 1017 3632 1071 vadit

2043 1109 2334 1174 Dominus,
2365 1118 2425 1166 ut
2449 1095 2703 1166 ostendat
2725 1097 2846 1165 non
2869 1117 3078 1165 tantum
3104 1124 3163 1164 se
3180 1111 3307 1163 vitae
3341 1109 3632 1164 reddendae

2042 1197 2391 1273 poteStalem,
2419 1188 2513 1259 sed
2539 1187 2705 1259 etiam
2738 1205 3052 1259 bonitatem
3084 1210 3139 1256 et
3189 1187 3642 1256 misericordiam-

2043 1295 2268 1350 habere.
2294 1295 2466 1350 Eliam
2508 1283 2726 1365 quidem
2787 1278 2964 1350 irrisit
3013 1279 3354 1362 Sarepthana
3405 1297 3632 1346 movens

2045 1387 2110 1442 ad
2141 1387 2554 1442 suscitationem
2589 1385 2720 1452 lilii;
2755 1386 3016 1441 Elisazum
3047 1399 3178 1438 vero
3195 1383 3264 1436 de
3302 1396 3402 1437 suo
3427 1396 3630 1435 mcero-

2045 1493 2102 1532 re
2126 1493 2286 1547 quem
2315 1463 2424 1532 non
2459 1478 2782 1548 praeviderat
2803 1471 3024 1533 doetum
3077 1463 3258 1544 coegit
3285 1473 3630 1528 Sumanit’is:

2054 1587 2073 1622 ι
2102 1554 2249 1625 Vivit
2303 1569 2592 1633 Dominus,
2618 1556 2828 1634 dicens,
2853 1577 2908 1624 et
2949 1567 3096 1622 'vivit
3153 1567 3336 1621 anima
3379 1573 3493 1626 tua,
3522 1573 3634 1618 non

2047 1659 2318 1715 dimittam
2343 1672 2412 1716 te.
2444 1678 2464 1712 ι
2501 1643 2766 1714 Dominus
2793 1660 3104 1728 autemjam
3136 1657 3277 1726 apud
3313 1672 3371 1710 se
3420 1664 3634 1724 pramo-

2048 1767 2341 1821 gnoscens,
2374 1760 2430 1806 et
2476 1767 2505 1806 a
2547 1752 2698 1804 nullo
2741 1738 3004 1805 invitatus
3044 1745 3196 1804 vadit
3238 1739 3321 1802 ad'
3355 1740 3631 1802 civitatem

2051 1841 2194 1897 unde
2226 1852 2476 1897 mortuus
2516 1835 2857 1896 efferebatur
2897 1829 3062 1895 ﬁlius.
3101 1859 3119 1890 ι
3151 1839 3287 1903 Ibat,
3335 1836 3632 1898 aitLueas.

2043 1927 2329 2003 'deineeps;
2349 1952 2367 1985 ι
2393 1925 2446 1988 et
2466 1934 2610 1988 istud
2630 1924 3038 2003 sapientissime
3061 1929 3447 1986 animadvertit
3473 1941 3635 1982 evan-

2049 2025 2266 2095 gelista;
2296 2024 2479 2094 signat
2507 2016 2655 2079 enim
2689 2023 3026 2079 resurrectio
3058 2022 3169 2075 'iilii
3208 2021 3386 2075 viduae
3436 2022 3635 2073 anima:

2045 2111 2254 2171 nostrae
2325 2111 2762 2170 renovationem.
2814 2113 2949 2168 Nam
3016 2113 3179 2173 vidua
3251 2126 3469 2180 quoque
3515 2119 3636 2164 erat

2050 2205 2232 2262 anima
2257 2215 2442 2262 nostra
2487 2222 2583 2276 per
2624 2214 2917 2275 peceatum
2939 2204 3132 2258 orbata
3165 2198 3636 2271 sponso'coelcsu,

2049 2293 2256 2354 habens
2276 2307 2614 2368 unaquazque
2636 2295 2804 2352 tilium
2833 2292 3080 2360 unicum,
3113 2291 3322 2348 scilicet
3356 2292 3636 2360 propriam

2048 2386 2286 2446 mentem
2309 2406 2430 2460 quae
2457 2398 2673 2444 mortua
2701 2398 2840 2451 erat,
2879 2403 3009 2442 vera
3038 2387 3145 2442 vita
3198 2385 3390 2439 aculeo
3425 2383 3634 2453 peccati

2048 2479 2462 2561 atlempta.IHic
2511 2482 2676 2536 etiam
2726 2479 3075 2544 en‘erebatur,
3109 2477 3163 2532 id
3225 2486 3310 2532 est
3367 2476 3639 2529 alienusa

2049 2575 2160 2630 Deo
2201 2566 2378 2628 factus
2411 2574 2464 2627 vi
2523 2573 2907 2643 cupiditatum,
2936 2571 3111 2640 ipsam
3175 2566 3518 2624 efferentium
3577 2567 3635 2620 in

2046 2666 2316 2738 profunda
2347 2659 2546 2721 inferni
2590 2674 2644 2721 et
2683 2661 3034 2734 perditionis.
3072 2661 3180 2716 Sed
3222 2659 3515 2714 'Dominus
3568 2658 3638 2712 ad

2050 2771 2150 2814 nos
2176 2761 2400 2816 veniens
2423 2766 2477 2813 et
2507 2773 2604 2826 per
2631 2771 2852 2811 carnem
2884 2755 2994 2825 iam
3025 2766 3267 2822 praesens
3297 2748 3638 2804 illum'reno-

2048 2851 2198 2906 vavit
2241 2841 2303 2904 et
2357 2848 2769 2912 ressuscitavit;
2809 2845 2928 2915 ejus
2977 2853 3156 2899 autem
3210 2856 3339 2896 caro
3399 2841 3508 2895 non
3566 2841 3638 2894 ab

2049 2933 2240 3005 initio,
2270 2940 2365 2995 sed
2384 2939 2712 2995 saeculorum
2740 2936 3045 2991 novissimo
3075 2933 3143 2988 ad
3180 2947 3281 2988 nos
3311 2930 3476 2985 venit.
3509 2928 3638 2985 Pro-

2049 3025 2234 3097 pterea
2285 3047 2385 3087 nec
2434 3031 2576 3086 istud
2617 3030 2801 3084 omisit
2833 3027 3191 3096 evangelista,
3257 3023 3482 3097 dicens:
3518 3021 3635 3076 Ibat

2051 3119 2209 3182 Jes‘us
2248 3125 2510 3195 deinceps
2552 3122 2617 3176 ad
2679 3122 2856 3176 lucem
2918 3127 3272 3175 revocaturus
3314 3117 3638 3172 defunctum

371 3208 662 3288 πορευθεὶς
689 3211 775 3280 ἐφ’
805 3213 953 3281 ἡμᾶς
977 3217 1005 3267 6
1058 3214 1283 3286 Κύριος,
1329 3218 1422 3270 καὶ
1461 3219 1722 3285 Ἐπιστὰς
1748 3223 1847 3294 ἤδη
1876 3227 1940 3296 τῇ

2055 3211 2230 3273 viduae
2262 3217 2452 3281 ﬁlium,
2487 3225 2540 3270 et
2572 3215 2732 3269 istius
2757 3207 3001 3268 dolorem
3035 3213 3088 3266 in
3127 3210 3384 3282 gaudium
3405 3223 3637 3263 conver—

371 3300 461 3353 διὰ
491 3303 692 3372 σαρκὸς
724 3305 892 3358 αὐτοῦ
921 3308 1213 3378 παρουσίᾳ,
1243 3309 1337 3362 καὶ
1355 3309 1665 3364 ἀνεκαίνισε
1698 3314 1793 3368 καὶ
1815 3317 1948 3388 ἀνή-

374 3409 578 3461 γειρεν.
613 3392 762 3464 Αὕτη
790 3394 846 3448 δὲ
875 3399 974 3450 οὐκ
1004 3396 1067 3462 ,ἐξ
1092 3399 1268 3469 ἀρχῆς
1297 3401 1384 3468 ἐφ’
1427 3401 1598 3471 ἡμᾶς,
1637 3405 1754 3461 ἀλλ’
1791 3405 1954 3459 ὕστε-

377 3502 471 3554 ρον
501 3487 588 3538 ἐπ’
627 3487 874 3557 ἐσχάτων
933 3490 1148 3544 αἰώνων
1196 3491 1411 3561 γέγονε.
1469 3494 1569 3549 Διὰ
1617 3495 1778 3551 τοῦτο
1833 3499 1954 3560 οὐδὲ

375 3576 537 3629 τοῦτο
564 3579 814 3649 παρῆκεν
846 3582 873 3632 6
927 3581 1344 3654 εὐαγγελιστὴς,
1392 3586 1710 3657 ἐπορεύετο,
1755 3588 1952 3657 λέγων,

374 3668 433 3718 ἐν
465 3669 532 3738 τῇ
567 3667 689 3736 ἑξῆς
723 3670 751 3722 6
799 3668 1013 3740 Ἰησοῦς
1047 3672 1370 3741 ἀναστήσων
1396 3675 1489 3728 τὸν
1515 3663 1816 3745 τεθνηκότᾶ
1855 3679 1957 3750 τῆς

375 3759 551 3829 χήρας
586 3762 771 3827 παῖδα,
813 3765 908 3815 καὶ
934 3763 1141 3833 ταύτης
1173 3763 1235 3816 τὸ
1265 3764 1463 3830 πένθος
1489 3769 1571 3830 είς
1601 3770 1947 3842 εὐφροσύνην

379 3853 826 3918 μετασκευάσων.
854 3852 1160 3924 Προσέχετε
1193 3856 1308 3915 τοῖς
1337 3855 1654 3926 λεγομένοις
1683 3860 1774 3913 τὸν
1800 3862 1947 3926 νοῦν,

2051 3301 2531 3368 sums/Attamen
2584 3308 2748 3364 dictis
2783 3306 3049 3362 advertite
3100 3307 3368 3369 animum,
3414 3301 3644 3365 fratres,

2051 3418 2500 3472 unumquemque
2529 3403 2676 3456 enim
2711 3408 2952 3456 vestrum
2985 3403 3247 3454 adhortor
3287 3407 3346 3452 ut
3376 3395 3642 3467 percipiat.

2053 3506 2282 3551 mortem
2307 3511 2468 3565 quam
2495 3494 2601 3548 fert
2631 3495 2685 3548 in
2712 3494 3033 3562 semetipso,
3059 3501 3228 3562 utque
3258 3489 3477 3560 propria
3511 3502 3642 3557 pec-

2051 3596 2172 3642 cata
2220 3587 2476 3656 lacrymis
2528 3581 2741 3654 lugens,
2780 3583 3095 3653 poenitentia
3147 3580 3642 3643 contundatur;et

2048 3679 2234 3732 veniet
2262 3679 2330 3732 ad
2361 3691 2485 3732 eum
2513 3675 2826 3731 Paracletus
2855 3677 2943 3744 qui
2979 3676 3147 3730 donat
3193 3674 3361 3728 vitam
3397 3682 3450 3726 et
3507 3686 3642 3725 cnn-

2061 3766 2383 3835 solationem
2444 3769 2854 3837 sempiternam.
2890 3768 3062 3832 Beati,
3113 3766 3283 3830 enim,
3317 3765 3514 3834 inquit,
3547 3763 3645 3832 qui

2061 3863 2268 3934 lugent,
2305 3863 2562 3932 quoniam
2606 3863 2708 3932 ipsi
2763 3859 3218 3914 consolabuntur.

376 3939 616 4007 ἀδελφοὶ,
653 3943 990 4011 παρακαλῶ·
1029 3943 1124 3996 καὶ
1163 3945 1316 4014 ὑμῶν
1343 3948 1454 4017 γὰρ
1486 3949 1716 4013 ἕκαστος
1761 3951 1857 4005 ἐὰν
1891 3953 2146 4023 αἴσθησιν
2178 3952 2323 4024 λάϐῃ
2365 3953 2457 4006 τοῦ
2513 3955 2570 4006 ἐν
2606 3953 2755 4023 αὐτῷ
2823 3951 3198 4020 τεθνηκότος,“
3249 3950 3346 4004 καὶ
3404 3949 3504 4010 τὰς
3561 3947 3641 3999 oi-

380 4033 534 4096 κείας
588 4035 864 4104 ἁμαρτίας
919 4035 1093 4107 θρηνῇ
1149 4038 1387 4105 πενθῶν,
1419 4041 1513 4119 καὶ
1537 4043 1954 4113 σκυθρωπάζων
1987 4046 2075 4099 διὰ
2101 4046 2308 4109 ταύτας
2370 4049 2427 4098 ἐν
2491 4047 2776 4115 μετανοίᾳ,
2808 4043 3142 4113 πορεύσεται
3177 4043 3272 4097 καὶ
3303 4029 3442 4110 πρὶς
3473 4033 3644 4093 αὑτὸν

375 4129 406 4178 6
435 4126 792 4208 Παράκλητος
833 4127 979 4200 ζωὴν
1020 4131 1278 4204 παρέχων
1328 4133 1424 4188 καὶ
1477 4134 1829 4208 παράκλησιν
1854 4139 1957 4210 τὴν
1991 4140 2234 4195 αἰώνιον.
2285 4137 2566 4210 Μακάριοι
2603 4138 2735 4209 γὰρ,
2813 4138 3001 4207 φησιν,
3047 4136 3098 4189 οἱ
3148 4133 3494 4198 πενθοῦντες,
3559 4133 3645 4187 ὅτι

377 4218 536 4272 αὐτοὶ
569 4238 642 4273 πα
649 4221 1113 4293 ρακληθήσονται.
1903 4242 1910 4247 ’

465 4316 604 4368 Ἀλλ’
648 4316 965 4386 ἐπορεύετο,
1007 4320 1194 4388 φησὶν,
1226 4322 1254 4374 6
1296 4321 1533 4392 Ἰησοῦς,
1581 4327 1675 4379 καὶ
1719 4342 1954 4380 συνεπο-

382 4404 605 4478 ρεύοντο
660 4405 808 4476 αὐτῷ
839 4407 892 4458 οἱ
948 4407 1192 4480 μαθηταὶ
1226 4409 1393 4464 αὐτοῦ
1435 4413 1612 4468 ἱκανοὶ
1659 4417 1756 4470 καὶ
1800 4417 1957 4488 ὄχλος

382 4497 570 4554 πολύς.
621 4497 680 4549 Ὀ
716 4496 814 4567 μὲν
868 4497 978 4567 γὰρ
1043 4498 1228 4564 Ἠλίας
1283 4503 1544 4570 μονοῦται
1582 4505 1795 4574 μέλλων
1827 4509 1959 4562 ἀνα-

384 4589 604 4660 στήσειν
630 4590 722 4643 τὸν
760 4591 859 4661 τῆς
897 4591 1236 4659 Σαραφθίας,
1285 4595 1382 4648 καὶ
1410 4597 1439 4649 6
1485 4597 1790 4663 Ἐλισσαῖος
1823 4601 1958 4654 ἀνα-

2137 4325 2335 4382 Verum
2376 4325 2488 4380 ibat
2518 4323 2698 4390 Jesus,
2738 4323 2868 4378 dicit
2911 4321 3212 4392 Scriptura,
3253 4329 3308 4374 et
3335 4320 3488 4374 ibant
3515 4334 3642 4374 cum
3753 4359 3758 4364 .

2064 4432 2130 4470 eo
2171 4416 2427 4487 discipuli
2473 4416 2592 4486 ejus
2620 4423 2676 4470 et
2713 4413 2872 4469 turba
2913 4411 3192 4481 frequens.
3225 4409 3372 4464 Elias
3423 4407 3641 4476 quidem

2069 4505 2427 4576 Sarepth'ante
2453 4504 2622 4560 tilium
2653 4505 3078 4559 resuscitaturus
3095 4504 3342 4557 seorsum
3377 4500 3645 4566 recessit;

2067 4595 2295 4652 Elisaztts
2325 4609 2454 4652 vero
2487 4595 2784 4650 ascendens
2823 4594 2876 4648 in
2910 4595 3160 4664 superius
3211 4593 3552 4648 ccenaculum
3587 4592 3646 4646 in

382 4681 484 4743 ϐὰς
521 4681 581 4734 τὸ
612 4681 884 4753 ὑπερῷον,
909 4682 1038 4756 ἔνθα
1071 4687 1100 4737 6
1129 4687 1411 4757 τεθνηκὼς
1434 4687 1633 4755 ἔκειτο,
1663 4692 1949 4748 ἀπέκλεισε

2067 4705 2176 4758 quo
2230 4688 2448 4760 iacebat
2502 4689 2813 4753 defunctus,
2847 4689 3178 4754 occlusit,ut
3237 4685 3340 4740 fert
3392 4686 3642 4748 historia,

382 4775 480 4842 τὴν
506 4773 697 4843 θύραν,
731 4774 808 4838 ὡς
835 4775 867 4846 ἡ
898 4775 1114 4846 ἱστορία
1142 4779 1298 4846 φησὶ,
1325 4779 1466 4832 κατά
1500 4781 1610 4835 τῶν
1634 4782 1726 4835 δύο
1757 4785 1959 4848 αὐτῶν,

381 4867 484 4934 τῆς
505 4883 564 4918 τε
591 4867 974 4936 Σουμανίτιδος
1008 4867 1104 4922 καὶ
1133 4867 1227 4922 τοῦ
1256 4869 1459 4926 οἰκείου
1498 4872 1746 4943 μαθητοῦ
1775 4874 1959 4944 Γιεζῆ.

400 4958 550 5010 ’l-Insi
583 4957 693 5026 γὰρ
738 4958 1136 5028 ἐκτενεστάτης
1186 4955 1256 5030 ἦν
1292 4959 1480 5023 αὐτοῖς
1530 4962 1666 5030 πρὸς
1698 4963 1791 5016 τὸν
1825 4963 1960 5030 Θεὸν

381 5050 624 5122 δεήσεως
651 5052 833 5122 χρεία,
869 5051 1154 5121 πεφύκασι
1188 5053 1246 5106 δὲ
1269 5053 1320 5106 οἱ
1362 5054 1646 5125 ἄνθρωποι
1689 5056 1962 5124 μονωθέν-

381 5159 476 5203 τες
505 5143 598 5195 τὸν
650 5143 776 5196 νοῦν
819 5145 1152 5215 ἀπασχολεῖν
1189 5144 1542 5218 τελεώτερον,
1581 5151 1675 5200 καὶ
1708 5148 1844 5216 πρὸς
1871 5145 1963 5199 τὸν

384 5233 518 5288 Θεὸν
539 5235 659 5289 ὅλον
683 5237 994 5291 ἀνατείνειν
1011 5235 1181 5308 ἔχειν,
1209 5237 1298 5292 διὰ
1330 5239 1488 5292 τοῦτο
1513 5243 1604 5293 καὶ
1627 5238 1737 5291 τῶν
1767 5241 1966 5292 οἰκειο-

383 5326 563 5380 τάτων
585 5328 856 5399 ἐχώρισαν
895 5331 1142 5394 ἑαυτούς·
1177 5333 1204 5384 6
1259 5331 1317 5384 δὲ
1354 5331 1578 5402 Κύριος,
1635 5331 1712 5394 ὡς
1742 5332 1962 5402 ἀληθῶς

386 5418 533 5489 ζωῆς
566 5417 703 5490 ἔχων
727 5423 822 5475 καὶ
847 5421 1079 5476 θανάτου
1117 5423 1216 5494 τὴν
1264 5424 1517 5490 ἐξουσίαν
1567 5427 1662 5479 καὶ
1693 5427 1962 5496 μηδαμῶς

383 5511 701 5580 προσευχῆς
725 5516 816 5567 ἐπὶ
845 5516 924 5586 τῷ
946 5516 1118 5581 ζῶσαι
1145 5516 1238 5571 τὸν
1272 5518 1439 5571 παῖδα
1468 5518 1744 5586 δεόμενος,
1771 5519 1829 5571 οὐ
1862 5519 1961 5587 μό-

388 5620 479 5655 νον
511 5605 634 5665 τοὺς
661 5605 898 5671 οἰκείους
924 5608 1175 5679 μαθητὰς
1226 5604 1342 5678 εἶχε
1394 5610 1518 5679 μεθ’
1552 5608 1772 5676 ἑαυτοῦ,
1826 5613 1963 5666 ἀλλά

387 5698 485 5748 καὶ
517 5696 673 5766 ὄχλον
708 5700 898 5768 πολὺν,
943 5701 1036 5754 τὸν
1067 5703 1167 5772 μὲν
1220 5703 1384 5766 αὐτὸς
1420 5700 1547 5774 ἦγε,
1600 5705 1692 5756 τὸν
1723 5706 1781 5758 δὲ
1832 5708 1962 5777 περὶ

386 5788 480 5840 τὸν
509 5790 876 5861 ἐκφερόμενον
925 5810 1074 5864 ευρε.
1133 5796 1244 5848 Καὶ
1297 5796 1519 5849 πάντων
1562 5796 1817 5866 ὁρώντων
1868 5802 1963 5854 καὶ

389 5879 697 5932 ἀκουόντων
730 5885 1118 5954 προστάγματι
1155 5886 1300 5956 μόνῳ
1329 5888 1423 5939 τὸν
1457 5887 1651 5956 νεκρὸν
1673 5885 1958 5950 ἐζώωσεν,

394 5970 499 6023 ὑπὸ
529 5971 944 6043 φιλανθρωπίας
1002 5977 1291 6049 παρρησίᾳ
1343 5978 1502 6033 τοῦτο
1557 5979 1815 6051 ποιήσας,
1872 5979 1959 6034 ἵνα

2065 4781 2266 4836 ostium
2287 4781 2555 4836 ambobus
2581 4790 2693 4834 tum
2720 4777 3071 4844 Sumanitidi,
3096 4789 3208 4832 tum
3233 4777 3456 4847 proprio
3475 4791 3645 4843 puero

2065 4873 2235 4929 Giezi.
2271 4874 2412 4926 Nam
2443 4888 2566 4928 cum
2601 4872 2968 4927 intentissima
3001 4867 3082 4926 ad'
3103 4871 3270 4924 Deum
3295 4870 3545 4924 oratione
3571 4869 3649 4923 in-

2065 4965 2332 5037 digerent,
2364 4966 2721 5035 hominesque
2746 4964 2857 5019 nati
2882 4963 2991 5019 sint
3022 4963 3235 5018 facilius
3263 4961 3315 5015 in
3345 4961 3645 5015 solitudine

2065 5057 2308 5110 animum
2355 5056 2424 5110 ab
2449 5056 2690 5110 externis
2745 5055 2908 5109 rebus
2965 5063 3251 5108 avocatum
3305 5066 3531 5120 prorsus
3589 5050 3644 5103 in

2069 5147 2235 5200 Deum
2267 5145 2571 5210 intendere,
2602 5153 2890 5214 propterea
2920 5152 2973 5198 et
3009 5144 3084 5198 illi
3121 5150 3240 5199 sese
3269 5159 3299 5198 α
3357 5142 3644 5195 familiari-

2066 5239 2167 5293 bllS
2198 5249 2546 5293 amoverunt.
2585 5239 2845 5292 Dominus
2871 5247 3077 5298 autem,
3103 5248 3163 5291 ιιι
3189 5252 3318 5292 ἾΟΙὊ
3342 5238 3466 5289 vita:
3499 5249 3648 5286 Ιῐὶυΐ·

2068 5330 2244 5400 tisque
2266 5338 2590 5400 potestatem
2625 5331 2855 5396 habens,
2885 5339 2940 5385 et
2970 5331 3121 5384 nullo
3179 5330 3340 5384 modo
3397 5327 3646 5395 indigens

2065 5425 2316 5479 oratione
2361 5425 2426 5478 ad
2481 5423 2918 5478 resuscitandum
2979 5437 3228 5492 puerum,
3275 5437 3382 5473 non
3435 5426 3644 5472 tantum

2066 5510 2198 5573 suos
2223 5517 2519 5587 discipulos
2541 5516 2778 5572 habebat
2795 5531 2979 5572 secum
3008 5515 3101 5570 sed
3121 5515 3284 5568 etiam
3319 5512 3532 5566 turbam
3564 5511 3648 5565 in-

2065 5625 2350 5666 numeram
2403 5622 2516 5666 tum
2563 5626 2684 5667 eam
2735 5626 2856 5681 quae
2909 5611 3088 5682 ipsum
3138 5609 3490 5678 sequebatur,
3530 5615 3651 5659 tum,

2066 5703 2214 5757 illam
2291 5717 2455 5772 quam
2518 5702 2663 5758 circa
2735 5714 3014 5757 mortuum
3085 5701 3314 5755 invenit.
3379 5699 3654 5753 Omnibus

2067 5796 2234 5865 igitur
2267 5794 2578 5849 videntibus
2601 5802 2655 5848 et
2687 5793 3036 5849 audientibus
3073 5793 3188 5848 sola
3238 5805 3371 5845 voce
3421 5789 3650 5843 dnfuuc-

2069 5897 2180 5942 tum
2271 5888 2394 5942 vita}
2459 5886 2709 5949 reddidit,
2773 5903 2838 5941 ex
2915 5887 3255 5940 humanitate
3328 5885 3401 5939 ita
3465 5893 3661 5954 aperte-

2068 5995 2254 6054 agens,
2290 5991 2347 6036 ut
2371 5995 2560 6038 omnes
2585 5979 2882 6036 adduceret
2923 5979 2991 6034 ad
3021 5980 3178 6036 tidem
3214 5982 3264 6035 in
3317 5980 3492 6050 ipsum
3529 5977 3650 6032 Sal-
