4082 6448
497 505 601 574 531

1750 499 2141 565 GREGORII
2184 498 2514 563 PALAMJE

3649 503 3765 572 532

469 631 739 678 valerem.
775 621 866 676 Δῖι
887 618 1033 676 enim
1068 618 1384 691 Scriptura:
1422 618 1561 676 Cum
1592 616 2057 689 appropinquaret

2170 617 2377 681 πάντας
2408 612 2779 686 ἐφελκύσηται
2808 614 2948 685 πρὸς
2991 615 3094 685 τὴν
3129 614 3214 680 είς
3253 615 3419 670 αὐτὸν
3479 618 3757 689 σωτήριον

468 723 641 785 porta:
696 712 959 778 civitatis,
992 712 1318 769 eﬂ‘crebatur
1366 710 1681 767 defunctus.
1713 708 1852 777 Quia
1906 708 2057 764 enim

470 815 817 878 praenoverat
871 806 1049 876 ipsam
1082 803 1472 874 exsequiarum
1509 802 1724 870 horam,
1750 811 2060 872 opportune

468 899 665 955 astitit.
720 897 1028 954 Defunctus
1086 912 1218 968 ergo
1284 895 1616 952 efferebatur
1660 895 1808 950 (ilius
1862 894 2061 949 unicus

467 1000 601 1047 mat:
617 991 665 1045 is
693 1005 830 1054 sum,
849 1002 903 1046 et
935 992 1053 1045 haec
1078 992 1242 1045 vidua
1281 998 1424 1059 crat,
1450 1004 1570 1060 qua:
1587 987 1826 1045 dolentis
1853 1002 2057 1044 mer-

467 1098 584 1139 rem
617 1098 787 1152 supra
828 1083 1050 1137 modum
1080 1082 1377 1152 augebant,
1403 1091 1456 1136 et
1481 1079 2058 1137 liberationem'l‘acic-

464 1174 1026 1245 bantjucundiorem.
1056 1172 1326 1228 Dominus
1362 1173 1509 1228 enim
1558 1172 1748 1228 videns
1799 1179 2054 1235 matrem,

465 1275 522 1322 ct
552 1275 785 1321 matrem
818 1265 1063 1332 viduam,
1096 1280 1219 1334 qua:
1247 1264 1302 1319 in
1335 1280 1447 1320 uno
1496 1264 1611 1319 lilio
1655 1278 1780 1333 spes
1807 1277 1938 1318 suas
1971 1275 2059 1316 re-

466 1365 819 1428 posuerat.et
849 1372 917 1411 eo
958 1357 1251 1411 immatura
1307 1364 1485 1411 morte
1514 1355 1785 1419 orbatam,
1819 1367 2055 1423 sequen—

466 1460 578 1506 tem
603 1449 695 1504 lilii
723 1449 987 1515 loculum,
1015 1456 1316 1518 pectusque
1345 1448 1545 1503 misere
1585 1446 1926 1513 tundentem,
1956 1445 2058 1500 mi-

467 1540 795 1607 sericordia,
855 1554 915 1597 ut
975 1541 1206 1607 dicitur,
1244 1539 1348 1594 fuit
1416 1547 1747 1594 conmotus.
1794 1536 1862 1592 Et
1926 1550 2057 1590 vero

467 1634 748 1703 quomodo
776 1648 893 1689 non
927 1642 1113 1689 motus
1156 1632 1374 1697 fuisset,
1398 1630 1563 1686 Pater
1591 1631 1965 1699 orphanorum
1997 1635 2055 1683 et

466 1728 646 1785 Judex
670 1725 998 1805 viduarum?
1018 1725 1084 1779 Et
1121 1725 1260 1780 dixit
1300 1724 1369 1780 ad
1400 1737 1522 1780 eam
1553 1722 1847 1779 consolans
1873 1730 1928 1776 et
1967 1719 2056 1805 tu:

467 1833 654 1877 turum
687 1800 1031 1891 praevidens:
1075 1838 1095 1873 ι
1121 1815 1243 1873 Noli
1276 1817 1428 1874 ﬂere.
1468 1835 1492 1871 ι
1521 1817 1641 1885 ipse
1662 1816 1809 1871 enim
1843 1793 2061 1871 sciebai

467 1913 597 1983 quid
629 1920 773 1969 esset
796 1910 1066 1968 facturus.
1101 1910 1292 1966 Mulier
1320 1917 1503 1965 autem
1524 1923 1639 1966 nec
1655 1908 1834 1978 ipsum
1859 1914 2053 1963 nosce-

2166 710 2375 764 πίστιν.
2403 708 2494 774 Ὠς
2524 708 2640 777 γάρ
2661 709 2884 777 ἧγγισε,
2919 708 3081 778 φησι,
3106 710 3172 780 τῇ
3206 709 3351 780 πύλῃ
3383 710 3483 780 τῆς
3518 709 3754 779 πόλεως,

2164 800 2525 871 ἐξεκομίζετο
2552 798 2856 870 τεθνηκώς.
2883 800 3163 872 Προειδὼς
3185 803 3297 872 γάρ
3334 802 3429 855 καὶ
3459 802 3634 872 αὐτὴν
3651 804 3755 873 τῆς
3784 804 3795 813 ’

2163 896 2409 965 ἐκφορᾶς
2434 893 2532 963 τὴν
2556 890 2708 964 ὥραν
2732 896 2814 958 είς
2860 895 3055 966 καιρὸν
3085 895 3312 965 latim.
3362 895 3752 965 Ἐξεκομίζετο

2164 987 2259 1042 οὖν
2284 985 2567 1057 τεθνηκὼς
2615 986 2730 1050 υίὸς
2772 986 3070 1058 μονογενὴς
3114 990 3181 1058 τῇ
3220 987 3392 1059 μητρὶ
3422 985 3615 1055 αὐτοῦ,
3652 987 3752 1044 καὶ

2128 1140 2141 1150 ,
2162 1082 2303 1153 αὐτὴ
2336 1083 2484 1153 χήρα
2504 1122 2521 1147 ,
2550 1081 2619 1136 τὰ
2651 1084 2792 1136 αύτά
2831 1085 2898 1154 τῇ
2929 1082 3229 1155 πενθούσῃ,
3277 1084 3375 1138 καὶ
3418 1083 3750 1154 τὴν,λύπην

2163 1174 2370 1244 ηὔξησε
2401 1173 2839 1240 πολλαπλασίαν,
2869 1174 2966 1228 καὶ
2985 1174 3087 1245 τὴν
3116 1174 3274 1229 λύσιν
3310 1174 3559 1241 ἑξαισίαν
3589 1177 3752 1246 ἠνεγ-

2162 1285 2279 1321 κεν.
2324 1267 2467 1322 ’ἰδὼν
2502 1267 2610 1339 γάρ
2636 1270 2665 1322 6
2687 1267 2894 1337 Κύριος
2918 1268 3153 1341 μητέρα,
3178 1268 3275 1322 καὶ
3300 1271 3517 1339 μητέρα
3546 1269 3748 1339 χήραν,

2161 1360 2248 1428 ἐφ’
2279 1360 2361 1413 ἐνὶ
2416 1361 2573 1415 παιδὶ
2623 1362 2722 1424 τὰς
2753 1361 2978 1425 ἐλπίδας
3030 1360 3393 1428 σαλεύουσαν,
3427 1361 3524 1415 καὶ
3575 1358 3748 1432 ἀώρῳ

2160 1452 2381 1521 θανάτῳ
2401 1452 2592 1507 τοῦτον
2639 1454 3033 1525 ἀφῃρημένην,
3081 1455 3361 1525 ἑπομένην
3389 1472 3451 1508 τε
3493 1456 3563 1525 τῇ
3596 1453 3746 1523 σορῷ

2157 1541 2252 1596 τοῦ
2300 1543 2493 1607 παιδὸς
2545 1543 2643 1598 καὶ
2695 1547 3043 1615 κοπτομένην
3093 1544 3366 1612 ἐλεεινῶς,
3408 1546 3747 1615 ἐσπλαγχνίο

2159 1636 2286 1704 σθη,
2318 1634 2475 1705 φησί.
2511 1635 2635 1715 Πῶς
2663 1637 2774 1706 γὰρ
2800 1637 2902 1690 οὐκ
2926 1636 3180 1706 ἔμελλεν,
3217 1638 3246 1692 6
3284 1639 3470 1711 πατὴρ
3516 1639 3628 1693 τῶν
3650 1639 3746 1708 ὀρ-

2159 1726 2365 1796 φανῶν,
2392 1727 2487 1781 καὶ
2508 1727 2705 1799 κριτὴς
2726 1727 2838 1782 τῶν
2869 1728 3062 1798 χηρῶν
3085 1744 3105 1796 ;
3131 1729 3226 1783 καὶ
3255 1725 3378 1783 εἷπε
3405 1728 3545 1800 πρὸς
3567 1728 3746 1799 αὐτὴν

2157 1819 2664 1892 παραμυθούμενός
2695 1839 2757 1875 τε
2806 1824 2903 1876 καὶ
2954 1821 3018 1875 τδ
3082 1822 3279 1892 μέλλον
3330 1820 3606 1894 προορῶν,
3645 1821 3741 1892 Μὴ

2156 1913 2338 1967 κλαῖε.
2370 1914 2526 1985 ᾚδει
2563 1913 2664 1983 μὲν
2702 1914 2812 1985 γὰρ
2840 1915 3071 1979 ἐκεῖνος,
3103 1914 3159 1968 τί
3184 1913 3381 1985 ἔμελλε
3429 1915 3627 1970 ποιεῖν.
3674 1913 3744 1968 Ἦ
3828 1935 3837 1942 ο

467 2005 587 2071 bat,
611 2003 812 2060 nedum
845 2003 977 2073 quid
1007 2001 1251 2058 futurum
1283 2010 1453 2058 esset.
1484 2000 1616 2057 Ideo
1644 2000 1780 2055 ﬁdes
1810 2000 1885 2054 illi
1937 2013 2049 2055 non

2163 2005 2211 2061 δὲ
2244 2005 2384 2076 γυνὴ
2419 2004 2554 2060 ὀὒτε
2597 2005 2762 2061 αὐτὸν
2800 2006 2941 2079 ᾔδει,
2992 2007 3176 2077 πολλῷ
3231 2007 3437 2078 μᾶλλον
3500 2006 3623 2061 cuit
3681 2005 3746 2060 τδ

465 2106 605 2163 erat,
636 2113 740 2153 nec
763 2098 831 2151 ah
855 2110 921 2152 eo
944 2096 1243 2167 quidquam
1264 2094 1484 2167 quaerit,
1505 2109 1608 2150 nec
1645 2093 1763 2164 ipse
1796 2091 1956 2148 (idem
1983 2093 2053 2148 ab

466 2203 533 2244 ea
553 2189 740 2260 exigit.
761 2187 964 2244 Verum
995 2189 1346 2260 omnipotens
1367 2186 1658 2254 Dominus,
1687 2201 1790 2242 nec
1826 2185 2056 2241 creden-

354 2288 363 2295 '
440 2279 605 2334 -tium
644 2278 929 2350 adiutorio
962 2279 1236 2350 indigens,
1273 2278 1540 2334 accedens
1584 2277 1761 2347 tetigit
1809 2276 2051 2332 loculum

464 2380 530 2427 ut
558 2370 834 2427 indicaret
848 2378 901 2426 et
919 2385 978 2426 se
1004 2385 1229 2441 corpus,
1251 2369 1526 2425 divinitati
1559 2370 1940 2441 coniunctum,
1966 2369 2053 2423 id-

465 2475 646 2533 eoque
704 2460 1074 2518 viviﬁcantem
1140 2460 1344 2517 habere
1398 2460 1681 2526 virtutem,
1742 2470 1798 2516 et
1868 2459 2049 2515 dixit:

472 2569 497 2606 ε
532 2550 891 2619 Adolescens,
922 2551 1021 2607 tibi
1052 2552 1200 2616 dico,
1228 2565 1422 2621 surge;
1453 2559 1509 2606 et
1537 2548 1743 2607 resedit
1784 2547 1879 2619 qui
1933 2555 2056 2604 erat

467 2653 745 2701 mortuus.
785 2663 806 2698 ι
828 2644 1048 2700 Audivit
1072 2644 1219 2700 enim
1244 2646 1445 2700 surdus
1465 2643 1710 2698 tumulus
1731 2655 1924 2698 vocem
1956 2655 2055 2696 vo-

470 2736 654 2792 cantis
671 2751 735 2791 ea
768 2751 891 2806 qua:
909 2750 1016 2790 non
1038 2743 1188 2801 sunt,
1222 2744 1481 2806 tanquam
1509 2749 1572 2790 ea
1608 2749 1731 2805 qua:
1754 2744 1883 2790 sunt
1910 2752 1925 2800 ;
1950 2749 2053 2789 au-

471 2827 609 2884 divit
637 2842 831 2882 vocem
879 2827 1157 2898 portantis
1206 2827 1391 2881 omnia
1427 2825 1594 2881 verbo
1648 2824 1868 2881 virtutis
1903 2836 2053 2892 sum;

468 2920 682 2975 audivit
715 2933 903 2974 vocem
933 2934 1042 2975 non
1091 2918 1332 2975 hominis
1377 2918 1569 2983 divini,
1606 2919 1700 2974 sed
1751 2916 1843 2972 Dei
1894 2916 2057 2972 inhu-

471 3010 813 3087 manati;et
860 3026 969 3065 non
1002 3020 1215 3066 tantum
1283 3008 1491 3067 resedit
1547 3017 1819 3073 mortuus,
1851 3007 1949 3064 sed
2001 3017 2057 3064 et

468 3102 936 3174 ccepitloqni.Sic
962 3102 1195 3158 simu-lac
1223 3101 1277 3156 in
1307 3101 1484 3157 viduae
1505 3100 1859 3170 Sarepthana:
1885 3098 2055 3154 lilium

471 3197 665 3250 anima-
687 3196 809 3264 ejus
833 3208 1053 3250 reversa
1079 3204 1158 3250 est
1188 3188 1374 3250 statim
1390 3192 1739 3249 exclamavit.
1769 3189 1928 3257 Quod
1952 3199 2058 3247 tes-

473 3288 708 3346 timonio
727 3297 813 3344 est
838 3286 1296 3344 resurrectionem
1347 3301 1454 3341 non
1498 3300 1616 3340 rem
1656 3299 1781 3340 esse
1810 3283 2052 3339 inanem.

476 3382 627 3439 Elias
645 3395 774 3452 ergo
792 3396 959 3435 unum
982 3393 1076 3448 per
1097 3379 1427 3443 orationem,
1441 3386 1498 3433 et
1540 3375 1769 3445 Elismus
1781 3374 1963 3431 adhuc
1979 3374 2060 3430 vi-

474 3488 611 3529 vens
627 3472 859 3528 alterum
876 3469 1536 3534 resuscitavitmortuum,
1549 3476 1816 3524 testantes
1827 3464 1991 3522 ambo
2008 3475 2063 3520 et

475 3570 831 3627 ostendentes
867 3568 1136 3623 vivilicam
1164 3565 1365 3622 Christi
1394 3563 1488 3619 Dei
1522 3572 1578 3619 et
1606 3562 1846 3618 hominis
1886 3562 2062 3616 virtu-

473 3673 609 3717 tem.
641 3661 908 3718 Dominus
946 3669 1130 3716 autem
1164 3668 1274 3714 tres
1296 3657 1457 3728 jussu
1486 3671 1588 3712 suo
1617 3656 1688 3710 ad
1734 3655 1901 3711 vitam
1932 3655 2061 3710 red.

475 3756 642 3823 didit.
670 3763 965 3823 antequam
990 3752 1440 3821 cruciligerotur:
1473 3748 1650 3803 vidua:
1674 3748 1865 3812 tilium,
1895 3745 2059 3800 tiliam

474 3847 895 3919 arcbisyuagogi
918 3853 972 3900 ct
988 3844 1416 3915 quatriduannm
1439 3841 1731 3906 Lazarum,
1756 3850 1811 3894 et
1834 3840 2062 3908 insuper

474 3941 533 3995 in
567 3953 728 3995 cruce
778 3937 983 3992 multos
1048 3935 1137 4006 qui
1201 3935 1387 3991 multis
1446 3942 1838 4005 apparuerunt.
1866 3930 2062 3985 Postea

476 4047 610 4089 vero
641 4040 877 4086 mortem
934 4043 1034 4099 pro
1064 4027 1225 4083 nobis
1259 4027 1316 4082 in
1353 4041 1516 4082 cruce
1568 4040 1786 4097 passus,
1820 4025 2059 4093 seipsum

475 4122 853 4186 rcsuscitavit,
881 4130 980 4175 aut-
1021 4120 1202 4189 potius
1232 4134 1291 4173 se
1324 4116 1678 4173 rcsuseitavit
1725 4114 2061 4179 triduanum,

478 4216 634 4272 solus
663 4216 780 4285 ipse
830 4213 1009 4268 lactus
1051 4211 1174 4266 vita:
1208 4220 1426 4265 mteruae
1478 4208 1889 4280 antesignanus.
1917 4206 2055 4262 Nam

479 4307 666 4363 caeteri
712 4320 908 4361 omnes
937 4303 1102 4358 vitam
1169 4303 1277 4358 etsi
1331 4304 1733 4358 resurrexerint
1776 4302 2061 4358 mortalem

448 4401 698 4472 .qualem
731 4413 834 4454 nos
867 4396 1132 4451 habemus
1158 4395 1396 4451 assecuti
1437 4403 1587 4451 sunt:
1610 4395 1831 4452 Christo
1877 4404 2060 4449 autem

479 4510 545 4549 ex
569 4490 809 4547 mortuis
832 4488 1212 4552 revivisccutc,
1246 4502 1395 4543 mors
1426 4487 1501 4542 illi
1522 4487 1633 4556 jam
1670 4501 1780 4543 non
1810 4486 2063 4543 domina-

478 4596 614 4652 tur;
649 4583 774 4638 ideo
806 4582 961 4638 solus
990 4581 1255 4636 Dominus
1289 4580 1490 4636 dicitur
1507 4580 1764 4651 primitiae
1784 4579 2064 4635 dormien-

2158 2100 2372 2172 μέλλον.
2400 2099 2493 2153 Διὸ
2519 2098 2643 2154 οὐδδ
2672 2099 2856 2153 πίστιν
2893 2093 3061 2170 εἶχεν,
3097 2097 3220 2155 οὐδὲ
3258 2098 3378 2170 ᾔτει
3413 2095 3547 2169 παρ’
3572 2096 3744 2152 αὑτοῦ

2153 2211 2229 2259 τι,
2263 2193 2387 2247 οὐδὲ
2441 2191 2604 2255 αὐτὸς
2662 2191 2864 2263 ἀπῄτει
2897 2191 3085 2246 πίστιν
3134 2190 3268 2261 παρ’
3322 2191 3516 2261 αὐτῆς.
3579 2188 3743 2242 Ἀ).λά
3858 2184 3861 2189 ’

2154 2284 2334 2341 πάντα
2363 2284 2683 2354 δυνάμενος,
2722 2284 2817 2338 καὶ⁵
2853 2284 2989 2353 μηδὲ
3018 2284 3117 2353 τῆς
3145 2283 3256 2338 ἀπὸ
3300 2284 3412 2337 τῶν
3448 2279 3744 2336 πιστευόν-
3838 2314 3849 2324 .

2153 2393 2263 2431 των
2277 2393 2401 2430 συνε
2409 2376 2598 2447 ργείας
2613 2376 2887 2445 δεόμενος,
2911 2375 3226 2446 προσελθὼν
3246 2375 3426 2448 ἥψατο
3443 2376 3542 2444 τῆς
3555 2375 3743 2445 σοροῦ,

2155 2465 2244 2521 ἴνα
2274 2465 2426 2536 δείξῃ
2462 2466 2557 2520 καὶ
2591 2464 2654 2519 τὸ
2701 2466 2907 2521 οἰκεῖον
2940 2466 3102 2538 σῶμα
3151 2466 3422 2533 ζωοποιὺν
3471 2466 3621 2536 ἔχον,
3664 2465 3745 2527 ὡς

2155 2557 2405 2629 ὁμόθεον,
2460 2558 2716 2629 δύναμιν,
2768 2559 2867 2614 καὶ
2914 2555 3060 2624 εἷπε,
3102 2559 3398 2622 Νεανίσκε,
3450 2559 3534 2612 σοὶ
3573 2557 3742 2627 λιγω,

2155 2650 2438 2722 ἀγέρθητι.
2468 2652 2581 2706 Καὶ
2610 2651 2946 2706 ἀνεκάθισεν
2973 2654 3013 2721 ‘_6
3038 2651 3254 2723 νεκρός.
3286 2651 3531 2705 Ἤκουσε
3574 2647 3690 2718 γάρ
3712 2648 3749 2701 6

2154 2744 2342 2813 κωφὸς
2381 2743 2512 2815 χοῦς
2560 2743 2658 2798 τοῦ
2702 2744 3004 2807 καλοῦντος
3030 2744 3101 2799 τά
3154 2744 3230 2816 μὴ
3262 2742 3416 2809 ὄντα,
3467 2742 3544 2806 ὡς
3586 2741 3742 2805 ὄντα,

2156 2838 2360 2909 ηκουσα
2396 2835 2492 2891 τοῦ
2523 2834 2593 2889 τὰ
2624 2840 2807 2891 πάντα
2859 2836 3125 2908 φέροντος
3154 2836 3232 2907 τῷ
3285 2836 3492 2907 ῥήματι
3521 2835 3621 2903 τῆς
3652 2831 3744 2886 δυ-

2157 2930 2378 3003 νάμεως
2410 2930 2601 2994 αὐτοῦ,
2653 2930 2893 3001 ἥκουσιν
2931 2931 2993 2984 οὐ
3033 2930 3221 2998 φωνὴν
3278 2926 3571 2997 ἀνθρώπου
3618 2926 3744 2980 θεο-

2158 3023 2351 3096 φόρου,
2387 3023 2529 3078 ἀλλά
2560 3022 2698 3076 Θεοῦ
2726 3021 3279 3093 ἀνανθρωπήσαντος.
3314 3022 3426 3074 Καὶ
3474 3020 3549 3090 μὴ
3582 3019 3748 3088 μόνον

2157 3115 2486 3172 ἀνεκάθισεν
2519 3116 2548 3169 6
2571 3113 2789 3185 νεκρὸς,
2838 3112 2978 3168 ἀλλά
3032 3114 3129 3168 καὶ
3158 3111 3364 3185 ἤρξατο
3394 3110 3596 3165 λαλεῖν.
3632 3109 3746 3165 Καὶ

2157 3208 2251 3261 ἐπὶ
2282 3192 2380 3261 τοῦ
2405 3206 2527 3261 υἱοῦ
2566 3206 2678 3274 γὰρ
2706 3205 2808 3275 τῆς
2829 3204 3149 3274 Σαραφθίας
3179 3206 3380 3275 χήρας,
3410 3203 3575 3273 ἡνίκα
3615 3202 3747 3255 ἑπέ-

2162 3302 2398 3375 στρεψεν
2427 3303 2462 3372 ή
2489 3300 2640 3372 ψυχὴ
2695 3298 2861 3353 αὐτοῦ
2891 3299 2974 3362 εις
3027 3292 3211 3363 αὐτον,
3247 3296 3552 3368 ἀνεϐόησεν
3579 3294 3747 3357 εὐθὺς

2160 3397 2223 3450 τὸ
2246 3393 2460 3449 παιδίον
2485 3391 2630 3448 κατά
2680 3391 2778 3464 τὴν
2811 3390 3077 3462 ἱστορίαν.
3131 3391 3342 3459 Δεῖγμα
3370 3390 3426 3443 δὲ
3456 3388 3621 3443 τοῦτο
3650 3386 3748 3442 τοῦ

2166 3486 2244 3558 μὴ
2293 3486 2438 3540 κατά
2477 3484 2785 3556 φαντασίαν
2836 3476 2981 3536 εἶναι
3037 3482 3138 3553 τὴν
3189 3482 3509 3536 ἀνάστασιν.
3558 3479 3619 3532 '0
3648 3479 3752 3548 μιν

2162 3577 2258 3633 οὖν
2320 3577 2507 3640 Ἠλίας
2561 3576 2661 3630 ἕνα
2690 3573 2780 3629 διά
2835 3572 3170 3644 προσευχῆς,
3216 3572 3308 3625 καὶ
3353 3573 3382 3626 6
3442 3570 3748 3632 Ἐλισσαῖος

2163 3670 2245 3724 ἔτι
2286 3668 2394 3734 ζῶν
2442 3668 2632 3740 ἕτερον
2684 3666 2955 3736 ἀνέστησε
3008 3665 3226 3736 νεκρὸν,
3264 3662 3625 3732 πιστούμενοι
3651 3662 3747 3715 καὶ

2165 3760 2586 3833 προδεικνύντες
2604 3763 2705 3829 τὴν
2731 3759 3058 3831 θεανδρικὴν
3086 3759 3181 3813 τοῦ
3210 3758 3451 3829 Χριστοῦ
3478 3754 3746 3821 ζωοποιδν

2165 3853 2471 3924 ἐνέργειανι
2496 3853 2525 3905 6
2545 3851 2603 3905 δὲ
2629 3850 2840 3917 Κύριος
2877 3853 3024 3921 τρεῖς
3062 3849 3161 3921 μὲν
3192 3850 3257 3903 ὲκ
3305 3848 3520 3919 νεκρῶν
3551 3848 3746 3918 ἤγειρε

2167 3944 2559 4015 προστάγματι
2607 3940 2716 4014 πρὸ
2738 3945 2831 3995 τοῦ
2868 3941 3130 4013 σταυροῦ,
3188 3940 3284 3994 τὸν
3314 3940 3481 3993 παῖδα
3510 3939 3610 4007 τῆς
3641 3938 3749 4009 χή-

2170 4054 2269 4110 ρας
2298 4035 2516 4100 τοῦτον,
2549 4034 2651 4106 τὴν
2678 4032 2776 4087 τοῦ
2807 4020 3267 4103 ἀρχισυναγώγου
3314 4032 3617 4102 θυγατέρα,
3648 4031 3746 4084 καὶ

2166 4130 2258 4183 τδν
2285 4130 2677 4201 τετραήμερον
2733 4127 3011 4198 Λάζαρον·
3048 4127 3108 4179 ὲν
3148 4125 3204 4179 δὲ
3232 4124 3310 4192 τῷ
3347 4123 3567 4195 σταυρῷ
3613 4122 3747 4176 πολ-

2163 4221 2310 4287 λοὺς,
2339 4220 2390 4275 οἳ
2413 4221 2508 4275 καὶ
2529 4220 2957 4289 ἐνεφανίσθησαν
2989 4218 3232 4282 πολλοῖς.
3258 4217 3401 4287 Πρὸς
3445 4216 3503 4269 δὲ
3534 4213 3746 4276 τούτοις

2170 4315 2310 4383 μετά
2339 4312 2431 4367 τὸν
2464 4311 2607 4380 ὑπὲρ
2635 4311 2796 4381 ἡμῶν
2836 4308 2928 4363 διά
2975 4309 3215 4381 σταυροῦ
3271 4308 3504 4364 θάνατον
3551 4304 3747 4358 ἑαυτὸν

2165 4406 2454 4474 ἀνέστησε,
2499 4403 2701 4474 μᾶλλον
2748 4401 2807 4456 δὲ
2838 4401 3163 4474 ἐξανέστησε
3215 4400 3538 4471 τριήμερον,
3588 4396 3749 4466 μόνος

2165 4497 2330 4559 αὐτὸς
2378 4494 2623 4566 ἀρχηγὸς
2673 4492 2917 4562 γεγονὼς
2944 4492 3046 4563 τῆς
3099 4491 3272 4546 ἀϊδίου
3309 4489 3473 4559 ζωῆς.
3515 4486 3580 4543 Οἱ
3637 4486 3747 4556 γὰρ

2165 4588 2319 4643 ἄλλοι
2353 4588 2575 4650 πάντες,
2607 4587 2658 4639 εί
2705 4587 2802 4648 καὶ
2848 4584 3179 4654 ἀνέστησαν,
3231 4582 3372 4636 ἀλλά
3404 4582 3502 4649 τῆς
3545 4580 3746 4647 θνητῆς

480 4676 646 4739 tium,
674 4672 729 4728 id
758 4681 845 4728 cst
873 4671 1111 4726 ﬁdelium
1144 4672 1197 4726 iu
1244 4684 1342 4740 spe
1387 4670 1804 4727 resurrectionis
1847 4678 1902 4725 et
1940 4669 2060 4722 vita:

2169 4673 2334 4727 πάλιν
2368 4674 2462 4727 καὶ
2498 4674 2621 4727 καθ’
2657 4674 2807 4743 ἡμᾶς
2861 4673 3159 4744 μετέλαχον
3192 4671 3361 4740 ζωῆς
3420 4667 3657 4740 Χριστοῦ
3684 4668 3741 4719 δὲ

416 4752 429 4833 ’ξ
484 4777 704 4822 aeterne
730 4763 1138 4819 defunctorum.
1172 4760 1435 4817 Primitia:
1462 4777 1595 4833 ergo
1622 4761 1802 4817 factus
1830 4768 1915 4817 est
1939 4759 2065 4814 dor-

485 4857 772 4913 mientium
826 4866 881 4912 et
929 4855 1326 4926 primogenitus
1376 4869 1445 4909 ex
1503 4853 1757 4917 mortuis,
1798 4852 2067 4920 nobisque

484 4950 787 5020 spopondit
819 4958 874 5004 et
902 4946 1160 5019 promisit
1204 4963 1313 5002 non
1348 4955 1560 5002 tantum
1618 4947 1789 5000 vitam
1845 4944 2064 5014 qualem

484 5056 589 5097 nos
624 5042 892 5095 habemus
938 5039 1226 5092 mortalem
1285 5046 1450 5105 atque
1499 5033 1824 5105 peritura,
1878 5039 2067 5099 utpote

484 5134 682 5205 spiritu
714 5132 973 5204 psychico
1002 5130 1296 5187 conﬂatam
1346 5128 1441 5184 sed
1471 5141 1591 5181 eam
1620 5140 1744 5195 quae
1772 5137 1874 5178 nos
1929 5135 2066 5191 spe-

482 5238 672 5286 rantes
724 5236 934 5293 manet,
980 5226 1244 5291 divinam,
1298 5223 1545 5290 inquam,
1597 5215 1961 5273 immortalem
2015 5221 2071 5268 ct

485 5320 911 5392 sempiternam;
971 5319 1090 5373 haec
1150 5317 1298 5371 cnim
1362 5323 1449 5370 est
1496 5312 1705 5367 donum
1757 5323 1885 5365 vere
1955 5307 2069 5362 Deo

487 5413 737 5484 dignum.
778 5412 949 5483 Igitur
981 5425 1106 5465 cum
1168 5410 1329 5463 istam
1399 5403 1642 5459 nondum
1711 5400 1944 5472 largitur
2001 5399 2070 5454 iis

485 5518 629 5573 quos
659 5503 728 5557 ad
765 5504 926 5557 vitam
961 5509 1206 5564 revocat,
1239 5496 1337 5553 sed
1389 5495 1556 5550 vitam
1615 5502 1790 5549 morte
1845 5490 2070 5547 abscin-

484 5594 689 5659 dendo,
727 5608 836 5648 non
873 5592 926 5647 in
980 5589 1211 5660 gratiam
1267 5589 1515 5658 ipsorum
1556 5586 1699 5642 hanc
1742 5585 1952 5648 tribuit,
1972 5584 2068 5640 sed

488 5697 711 5758 propter
747 5685 891 5740 alios
921 5683 1001 5738 sic
1031 5681 1143 5752 agit
1169 5694 1309 5751 quos
1326 5678 1551 5734 adducit
1574 5679 1642 5733 ad
1665 5679 1822 5733 ﬁdem
1855 5686 2072 5732 aeternae

485 5780 611 5833 vita:
633 5777 988 5847 largitricem.
1016 5772 1079 5829 Et
1108 5788 1238 5828 vero
1267 5787 1375 5827 non
1402 5772 1455 5826 in
1486 5772 1715 5841 gratiam
1748 5771 1944 5841 ipsius,
1975 5769 2069 5825 sed

485 5880 711 5940 propter
752 5877 1008 5929 matrem,
1042 5865 1425 5921 misericordia
1455 5876 1654 5929 ructus,
1692 5865 1859 5918 lilium
1886 5876 2071 5918 resus-

487 5960 704 6023 citavit,
728 5957 870 6012 sicut
893 5956 1200 6025 aptcrcl'ert
1219 5957 1577 6030 evangelista,
1598 5966 1650 6013 et
1669 5956 1791 6014 ideo
1813 5955 1879 6012 ad
1904 5953 2069 6011 vitam

488 6059 805 6108 revocatum
846 6049 1077 6107 reddidit
1113 6050 1275 6105 matri
1316 6049 1517 6125 ipsius.

2169 4769 2234 4820 ἐκ
2262 4765 2474 4833 νεκρῶν
2529 4765 2887 4830 ἀναστάντος,
2940 4764 3174 4827 θάνατος
3202 4761 3369 4816 αὐτοῦ
3405 4761 3591 4816 οὐκετι
3641 4775 3739 4813 κυ-

2169 4856 2362 4930 ριεύει.
2397 4859 2491 4910 Διὸ
2512 4857 2609 4910 καὶ
2646 4858 2808 4926 μόνος
2846 4858 2876 4910 6
2923 4855 3129 4927 Κύριος
3163 4853 3389 4925 ἀπαρχὴ
3420 4853 3532 4906 τῶν
3559 4867 3742 4904 κεκοι-

2172 4945 2433 5016 μημένων
2457 4948 2701 5015 ἐγένετο,
2743 4946 2997 5001 τουτέστι
3021 4946 3133 4998 τῶν
3160 4946 3392 5005 πιστῶν,
3418 4947 3515 4996 καὶ
3547 4942 3635 4995 ἃττ’
3659 4939 3747 4993 ὲλ-

2172 5036 2284 5089 πίδι
2319 5038 2675 5099 ἀναστάσεως
2707 5037 2803 5089 καὶ
2840 5036 2986 5105 ζωῆς
3032 5034 3254 5090 αἰωνίου
3283 5034 3394 5089 τῶν
3423 5027 3526 5087 ὧδε
3575 5047 3747 5101 μετα-

2170 5128 2506 5182 ναστάντων.
2524 5128 2583 5182 ’Λ
2591 5145 2667 5182 πα
2674 5128 2776 5198 ρχὴ
2791 5125 2921 5194 γοῦν
2936 5127 3045 5180 τῶν
3059 5143 3294 5194 κεκοιμη
3306 5127 3481 5196 μένων
3505 5125 3747 5192 ἐγένετο,

2170 5220 2266 5275 καὶ
2292 5220 2644 5291 πρωτότοκος
2676 5221 2742 5271 ὲκ
2785 5219 2894 5271 τῶν
2924 5218 3161 5287 νεκρῶν,
3195 5219 3293 5271 καὶ
3347 5220 3479 5288 ἡμῖν
3517 5214 3751 5270 ἐπιστώ-

2171 5313 2305 5369 σατό
2327 5329 2391 5365 τε
2421 5314 2514 5365 καὶ
2560 5308 2927 5380 ἑπηγγείλατο
2977 5310 3039 5361 ού
3088 5309 3190 5378 τὴν
3234 5309 3357 5362 καθ’
3403 5309 3555 5378 ἡμᾶς
3599 5305 3747 5375 ζωὴν

2170 5405 2398 5476 ταύτην,
2425 5403 2524 5475 τὴν
2552 5402 2756 5474 θνητὴν
2779 5403 2871 5454 καὶ
2895 5400 3184 5472 ἐπίκηρον,
3215 5398 3312 5452 an
3341 5398 3564 5468 ψυχικῷ
3586 5396 3750 5450 πνεύ-

2175 5512 2307 5566 ματι
2339 5492 2744 5563 διοικουμένην,
2777 5491 2917 5546 ἀλλὰ
2959 5492 3059 5559 τὴν
3112 5491 3171 5543 ἐν
3213 5490 3429 5542 ἐλπίσιν
3457 5490 3588 5557 ἡμῖν
3617 5490 3752 5542 ἀπο-

2171 5585 2438 5656 κειμένην
2482 5582 2667 5637 ενθεον
2717 5582 2814 5637 καὶ
2861 5582 3134 5636 ἀθάνατον
3168 5581 3265 5636 καὶ
3304 5580 3550 5634 αἰώνιον.
3599 5578 3750 5645 Δῦτη

2169 5678 2281 5748 γὰρ
2303 5673 2473 5731 αὐτοῦ
2501 5674 2674 5744 δῶρον
2693 5673 2863 5738 δντως
2896 5673 3394 5741 θεοπρεπέστατον.
3437 5672 3525 5731 Ὠς
3549 5669 3644 5723 οὖν
3672 5667 3750 5739 μὴ

2168 5768 2381 5837 ταύτην
2408 5765 2645 5820 ενταῦθα
2677 5766 2932 5834 παρέχων
2954 5767 3069 5825 τοῖς
3102 5765 3193 5816 ὑπ’
3224 5762 3392 5817 αὑτοῦ
3425 5761 3751 5823 ἁναστᾶσιν,

2170 5861 2313 5915 ἀλλά
2344 5860 2446 5930 τὴν
2482 5857 2699 5927 θανάτῳ
2730 5855 3196 5925 διακοπτομένην,
3232 5855 3333 5908 οὐκ
3363 5856 3547 5915 αὐτοῖς
3581 5852 3752 5922 αὐτὴν

2170 5948 2531 6021 χαριζόμενος
2561 5946 2819 6017 παρέχει,
2863 5945 3000 6000 ἀλλὰ
3024 5945 3094 5998 δι’
3125 5945 3346 6013 ἑτέρους
3378 5943 3539 5997 τοῦτο
3583 5948 3746 6009 ποιεῖ,

2176 6045 2386 6111 ινάγων
2414 6041 2551 6112 πρὸς
2602 6040 2787 6093 πίστιν
2844 6038 3070 6104 αὐτοὺς,
3105 6038 3140 6107 ἧ
3176 6036 3434 6108 πρόξεινός
3485 6036 3604 6090 ἐστι
3651 6037 3753 6110 τῆς
