4082 6442
374 436 478 502 533

1723 445 2056 508 HOMILIA
2089 446 2274 508 XLII.

3535 454 3640 518 534

369 553 591 609 αἰωνίου
620 555 787 626 ζωῆς.
841 557 1138 612 Κάνταῦθα
1166 558 1276 630 γὰρ
1301 555 1364 615 οὐ
1396 560 1486 615 τὸν
1513 558 1681 613 παῖδα
1712 559 1779 612 δι’
1819 560 2038 626 ἑαυτὸν,
2073 559 2208 612 ἀλλὰ
2236 561 2324 613 διὰ
2362 561 2463 632 τὴν
2529 565 2742 635 μητέρα
2770 606 2784 631 ,
2852 568 3281 640 σπλαγχνισθεὶς
3321 571 3407 624 ἐπ’
3476 572 3639 640 αὐτῇ,

367 645 460 712 τδν
496 651 664 704 παῖδα
688 653 1010 723 ἀνέστησεν,
1034 655 1154 720 ὡςὸ
1177 650 1576 723 εὐαγγελιστὴς
1605 651 1795 720 σαφῶς
1826 651 2054 718 ἱστορεῖ.
2084 652 2176 703 Διὸ
2207 652 2304 706 καὶ
2327 653 2639 726 ἀναστήσας
2670 658 2867 712 ἔδωκεν
2887 661 3050 716 αὗτόν
3080 665 3145 734 τῇ
3183 663 3354 736 μητρὶ
3377 662 3569 718 αὐτοῦ.

451 741 593 795 Ἀλλ⁹
624 743 812 812 ὁρᾶτε,
845 745 964 808 πῶς
993 747 1022 798 ὁ
1061 745 1268 818 Κύριος
1301 745 1730 818 σπλαγχνισθεὶς
1757 745 1853 799 ἐπὶ
1881 747 1948 815 τῇ

2127 747 2328 802 Verum
2372 748 2550 803 videte
2600 755 2879 820 quomodo
2933 755 3197 811 Dominus
3255 757 3640 812 misericordia

367 834 516 906 χήρᾳ
544 836 816 908 πενθούσῃ
860 838 952 893 τὸν
987 840 1124 906 υίδν,
1174 842 1236 895 οὐ
1270 842 1752 911 παραμυθητικοῖς
1785 839 1948 911 μόνον

371 925 512 994 πρὸς
543 927 716 995 αὐτὴν
769 929 1046 1000 ἐχρήσατο
1099 931 1304 1001 λόγοις,
1335 933 1473 986 ἀλλὰ
1525 932 1621 986 καὶ
1643 931 1713 986 δι’
1769 931 1948 1001 ἔργων

373 1016 545 1087 αὐτὴν
574 1019 973 1091 ἐθεράπευσεν.
1002 1022 1164 1080 Οὕτω
1196 1025 1291 1078 καὶ
1335 1025 1500 1096 ήμεῖς
1530 1025 1776 1094 ποιῶμεν
1810 1024 1949 1094 πρὸς

367 1110 624 1180 δύναμιν,
662 1120 776 1169 καὶ·
809 1121 884 1187 μὴ
913 1115 1061 1185 λόγῳ
1102 1117 1253 1188 μόνῳ
1289 1119 1601 1188 συμπαθεῖς
1654 1113 1806 1188 ὦμεν
1833 1119 1950 1182 τοῖς

367 1205 559 1269 κακῶς
590 1207 914 1279 πάσχουσιν,
951 1211 1089 1265 ἀλλὰ
1130 1214 1227 1266 καὶ
1267 1212 1336 1266 δι’
1369 1211 1548 1283 ἔργων
1577 1211 1638 1266 τὸ
1673 1213 1811 1283 πρὸς
1853 1213 1953 1266 αὐ-

368 1299 495 1363 τοὺς
519 1301 808 1370 συμπαθὲς
842 1302 1223 1374 ἐπιδείξωμεν.
1289 1304 1416 1360 Ἐὰν
1451 1305 1562 1376 γὰρ
1601 1305 1765 1375 ἡμεῖς
1795 1305 1949 1375 πάσῃ

371 1388 602 1459 δυνάμει
653 1391 755 1462 τὴν
802 1393 1054 1447 εὐποιίαν
1109 1392 1533 1464 ὲπιδάξὼμεθα,
1597 1395 1691 1449 καὶ
1732 1395 1761 1448 ὁ
1815 1395 1950 1459 Θεὸς

370 1481 739 1551 ἀμειϐόμενος
771 1485 922 1559 πάσῃ
951 1486 1182 1555 δυνάμει
1221 1488 1320 1559 τὴν
1348 1487 1488 1559 πρὸς
1517 1489 1668 1557 ἡμᾶς
1698 1487 1949 1542 εὐποιίαν

369 1573 827 1641 άντεπιδείξεται.
876 1579 1148 1649 Συνορᾶτε
1183 1580 1246 1650 δὴ
1276 1580 1374 1648 τὴν
1402 1581 1680 1650 ὑπεροχὴν
1711 1581 1807 1633 καὶ
1850 1579 1950 1648 τὴν

372 1665 676 1739 ὑπερϐολὴν
705 1670 804 1740 τῆς
843 1671 1083 1741 ἀμοιδῆς
1131 1672 1252 1742 ὅση.
1300 1671 1549 1726 Καθόσον
1579 1673 1690 1742 γὰρ
1751 1671 1953 1742 ὑπερέ-

373 1774 458 1826 χει
485 1758 622 1822 Θεὸς
663 1751 981 1830 άνθρώπου,
1038 1763 1180 1816 κατὰ
1209 1763 1437 1816 τοσοῦτο
1492 1763 1589 1816 καὶ⁸
1630 1763 1663 1834 ή
1716 1762 1952 1832 δύναμις

370 1850 583 1904 ἐκείνου
641 1853 744 1922 τῆς
795 1855 1150 1926 ἀνθρωπίνης
1196 1856 1504 1925 δυνάμεως,
1557 1856 1652 1910 καὶ
1701 1857 1734 1926 ή
1799 1856 1953 1926 παρὰ

371 1946 472 2014 τῆς
552 1945 840 2016 δυνάμεως
909 1949 1128 2020 ἐκείνης
1178 1951 1548 2021 ὲκτελουμὲνη
1633 1950 1798 2020 χάρις
1851 1949 1952 2018 τῆς

371 2036 502 2106 παρ’
550 2038 712 2106 ήμῶν
771 2040 1230 2128 διδομένηςὶῄΕί
1275 2060 1361 2106 τις
1409 2042 1635 2106 ὀδολοὺς
1666 2043 1785 2114 ᾔτει
1825 2043 1954 2112 χαλο

2054 845 2239 894 motus
2284 854 2412 909 erga
2459 841 2676 895 viduam
2732 844 3004 912 lugentem
3059 848 3231 902 filium
3263 889 3275 911 ,
3322 865 3431 902 non
3475 851 3639 904 modo

2052 932 2437 987 consolatoriis
2468 933 2668 997 verbis,
2704 937 2799 990 sed
2828 939 2991 992 etiam
3020 955 3184 1008 Opere
3208 942 3441 995 sanavit.
3479 941 3556 996 l'ta
3587 951 3642 998 et

2052 1035 2153 1074 nos
2189 1020 2454 1077 faciamus
2486 1038 2584 1092 pro
2607 1024 2815 1081 viribus
2839 1036 2892 1080 et
2919 1043 3025 1081 non
3052 1030 3216 1084 verbo
3248 1039 3455 1085 tantum
3485 1047 3640 1085 com-

2051 1112 2328 1182 patiamur
2351 1117 2493 1169 male
2525 1116 2877 1180 habentibus,
2903 1120 2995 1174 sed
3024 1129 3076 1175 et
3105 1122 3366 1191 operibus
3396 1135 3640 1178 nostram

2052 1219 2180 1274 erga
2213 1219 2311 1261 eos
2341 1207 2884 1264 commiserationem
2923 1213 3369 1282 comprobemus.
3407 1216 3463 1269 Si
3495 1216 3638 1270 enim

2054 1309 2159 1350 nos
2215 1305 2482 1365 quantum
2531 1313 2863 1369 possumus,
2920 1302 3193 1357 beneﬁcos
3239 1305 3638 1368 exhibeamus,
3703 1331 3722 1350 κ

2054 1387 2200 1444 Deus
2235 1391 2400 1444 etiam
2428 1431 2443 1454 ,
2485 1391 2541 1445 in
2579 1393 2964 1459 retributione,
3016 1411 3075 1451 se
3121 1407 3386 1463 quantum
3443 1402 3644 1466 poterit

2052 1495 2152 1550 pro
2178 1483 2384 1537 nostris
2418 1483 2700 1541 beneficiis
2730 1487 2941 1558 largum
2979 1489 3281 1544 exhibebit.
3328 1491 3644 1559 Conspicitc

2053 1573 2272 1628 tandem
2293 1586 2498 1646 quanta
2527 1579 2600 1632 sit
2619 1580 2997 1635 retributionis
3017 1585 3333 1652 praestantia
3360 1593 3412 1637 et
3442 1585 3645 1639 redun-

2054 1663 2274 1730 dantia;
2319 1681 2444 1720 nam
2475 1678 2740 1736 quantum
2783 1680 3005 1740 prmstat
3050 1671 3192 1728 Dens
3247 1675 3488 1742 homine,
3522 1685 3643 1731 tan-

2054 1762 2168 1809 tum
2217 1765 2270 1811 et
2319 1757 2440 1827 ejus
2494 1770 2736 1829 potestas
2790 1763 3027 1818 humana
3079 1775 3369 1834 potestate,
3427 1775 3640 1821 tanttnn

2053 1862 2272 1916 quoque
2300 1848 2560 1906 beneficia
2588 1855 2656 1908 ab
2695 1856 2792 1909 ista
2824 1863 3088 1926 potestate
3120 1859 3360 1928 praestita
3391 1876 3419 1912 a
3450 1869 3638 1914 nostra

2056 1941 2341 2010 praestitis.
2380 1942 2438 1998 Si
2467 1945 2560 2015 qui
2593 1946 2786 2002 obolos
2816 1959 3157 2006 mutuaretur
3179 1966 3352 2007 aereos
3383 1959 3439 2006 et
3471 1961 3642 2009 state-

2052 2045 2144 2085 ras
2170 2032 2425 2088 redderet
2459 2049 2681 2101 aureas,
2718 2053 2878 2094 nemo
2915 2038 3056 2095 forte
3092 2055 3376 2111 respueret
3397 2057 3644 2099 commu-

371 2101 524 2198 χούς,
552 2101 649 2184 καὶ
691 2101 972 2203 στατῆρας
995 2101 1273 2189 άνῆδίδου
1323 2101 1583 2207 χρυσοῦς,
1749 2101 1856 2189 οὐκ
1884 2136 1948 2191 ἂν

2055 2122 2344 2180 tationem.
2388 2124 2546 2182 Nunc
2585 2143 2715 2183 vero
2765 2145 2872 2185 non
2923 2140 3052 2186 sunt
3088 2134 3452 2202 permutanda
3500 2150 3642 2189 a‘rea

371 2218 659 2289 ἠσπάσατο
716 2223 777 2276 τὸ
844 2225 1245 2295 συνάλλαγμα;
1302 2225 1421 2280 Νῦν
1475 2226 1532 2280 δὲ
1592 2227 1654 2280 ού
1721 2227 1950 2297 χάλκειά

369 2313 638 2382 χρυσείων
665 2316 815 2368 ἐστὶν
867 2316 1232 2384 ἀλλάξασθαι,
1289 2319 1572 2388 μετάλλων
1616 2321 1823 2390 ἀμφοῖν
1879 2323 1947 2392 τῇ

289 2408 294 2415 ’
368 2405 531 2473 φύσει
568 2408 755 2477 σχεδὸν
781 2409 1089 2480 ὁμοτίμων,
1125 2411 1580 2482 ἀλλ’άνθρώπινα
1610 2417 1946 2486 παρασχεῖν,

368 2497 464 2550 καὶ
482 2499 816 2568 κομίσασθαι
833 2501 974 2566 θεῖα,
999 2504 1095 2556 καὶ
1110 2500 1431 2575 ἀνθρώπινα
1447 2507 1586 2576 πρὸς
1603 2505 1945 2578 ἀνθρώπους,

364 2587 398 2641 δ
424 2590 519 2644 καὶ
547 2591 778 2658 φυσικόν
801 2593 949 2646 ἐστιν
980 2594 1224 2665 ὄφλημα.
1253 2597 1328 2649 Τὸ
1349 2590 1476 2668 ’γὰρ
1503 2598 1638 2668 πρὸς
1685 2599 1950 2669 ἀλλήλους

369 2682 654 2752 συμπαθὲς
685 2685 778 2737 καὶ
810 2685 901 2740 τὸν
931 2684 1079 2741 ἔλεον
1097 2688 1355 2758 ἀλλήλοις
1385 2690 1606 2756 πάντως
1627 2693 1694 2746 ὲκ
1722 2692 1818 2746 τοῦ
1845 2710 1948 2745 πε-

369 2775 605 2842 φυκότος
632 2776 948 2848 ὀφείλομεν.
982 2780 1082 2833 Ἂν
1114 2779 1171 2834 δὲ
1194 2782 1290 2836 καὶ
1323 2782 1461 2853 πρὸς
1490 2783 1617 2847 τοὺς
1677 2785 1949 2856 πολυτρό-

366 2885 506 2932 πους
533 2870 614 2933 είς
640 2872 788 2941 ἡμᾶς
817 2872 913 2926 τοῦ
941 2872 1076 2928 Θεοῦ
1107 2873 1393 2942 ἀπίδωμεν
1418 2877 1767 2947 οἰκτιρμοὺς.
1804 2879 1948 2950 ὑπὲρ

366 2955 444 3014 ὧν
469 2961 622 3017 οὐδὲν
646 2963 806 3026 αὐτὸς
837 2963 1028 3035 ἕτερον
1051 2967 1281 3020 ἀπαιτεῖ
1310 2967 1443 3037 παρ’
1470 2969 1630 3037 ήμῶν
1653 2968 1685 3039 ἢ
1717 2969 1778 3022 τὸ
1808 2969 1948 3038 πρὸς

363 3054 630 3123 ἀλλήλους
663 3058 1110 3126 συγγνωμονικόν
1131 3075 1191 3110 τε
1216 3059 1313 3112 καὶ
1343 3059 1664 3114 κοινωνικδν
1712 3061 1806 3114 καὶ
1863 3079 1950 3130 φι-

365 3146 705 3218 λάνθρωπον,
727 3147 950 3216 λέγων,ι
967 3151 1192 3219 Ἅφετε,
1212 3151 1305 3203 καὶ
1336 3150 1672 3222 ἀφεθήσεται
1695 3153 1846 3224 ὑμῖν,
1869 3153 1948 3207 δί-

363 3238 509 3302 δοτε,
541 3239 636 3292 καὶ
665 3239 953 3309 δοθήσεται
973 3241 1158 3311 ὑμῖν,ι
1195 3242 1316 3306 πῶς
1344 3243 1442 3314 οὐχ
1466 3244 1544 3307 ὡς
1572 3245 1948 3317 ἀπαραίτητον

364 3332 549 3402 χρέος,
585 3332 672 3401 ἐφ’
699 3333 825 3388 ὅσον
848 3333 1070 3404 ἔχομεν,
1101 3334 1169 3388 δι’
1199 3334 1380 3406 ἔργων
1408 3335 1544 3406 πρὸς
1574 3336 1701 3400 τοὺς
1751 3337 1946 3404 δεομέ-

2055 2228 2155 2284 pro
2204 2215 2411 2282 aureis,
2453 2232 2574 2286 quae
2612 2219 2829 2272 metalla
2877 2229 3006 2274 sunt
3053 2221 3246 2276 eodem
3297 2222 3412 2278 fere
3465 2224 3642 2292 pretio

2052 2307 2419 2374 aestimantur,
2450 2310 2544 2365 scd
2581 2308 2820 2365 humana
2856 2319 2988 2366 sunt
3015 2313 3413 2368 commodanda
3458 2325 3513 2370 et
3558 2316 3643 2370 di-

2052 2398 2178 2454 vina
2208 2399 2541 2470 recipienda,
2571 2408 2626 2455 et
2648 2401 2883 2456 humana
2911 2402 3248 2468 hominibus,
3269 2404 3418 2474 quod
3439 2416 3523 2460 cst
3554 2422 3644 2460 na-

2054 2489 2230 2546 turale
2262 2491 2533 2548 debitum.
2568 2491 2704 2549 Nam
2737 2494 2862 2550 aliis
2902 2495 3339 2550 misericordiam
3385 2506 3449 2551 et
3491 2513 3642 2552 com-

2052 2582 2464 2639 miserationem
2501 2585 2732 2642 omnino
2763 2601 2832 2641 ex
2863 2594 3057 2642 natura
3087 2586 3374 2644 debemus.
3418 2589 3486 2644 Et
3514 2606 3641 2645 vero

2051 2673 2273 2738 quando
2304 2674 2704 2732 multiformem
2735 2691 2869 2747 erga
2895 2693 2995 2734 nos
3023 2678 3361 2750 aspiciamus
3403 2679 3494 2737 Dei
3525 2682 3640 2738 cle-

2052 2765 2343 2833 mentiam,
2374 2783 2475 2838 pro
2501 2783 2610 2839 qua
2636 2768 2753 2840 ipse
2783 2770 2918 2824 nihil
2947 2771 3092 2826 aliud
3121 2788 3152 2827 a
3182 2773 3342 2828 nobis
3374 2774 3480 2828 nisi
3509 2789 3640 2845 erga

2049 2860 2365 2928 proximum
2403 2861 2821 2932 indulgentiam,
2865 2864 3248 2921 liberalitatem
3281 2875 3338 2922 et
3383 2867 3640 2937 benigni-

2054 2961 2244 3017 tatem,
2294 2953 2534 3009 diccns:
2576 2972 2595 3006 ι
2636 2955 2925 3024 Dimittite,
2975 2967 3030 3013 et
3079 2951 3393 3014 dimittetur
3440 2962 3639 3023 vobis;

2052 3043 2179 3100 date
2203 3083 2219 3109 ,
2252 3055 2306 3101 et
2339 3047 2554 3101 dabitur
2587 3048 2765 3115 vobis,
2808 3067 2827 3102 ›
2862 3051 3130 3121 numquid
3179 3053 3340 3109 nobis
3389 3071 3500 3111 non
3556 3056 3640 3109 in—

2051 3137 2261 3192 cumbit
2289 3138 2525 3196 cilicium
2562 3139 2910 3198 ineluctabile
2949 3143 3210 3213 operibus
3235 3154 3478 3201 nostram
3508 3162 3637 3217 erga

2050 3229 2358 3302 indigentes
2392 3246 2458 3286 ex
2491 3231 2758 3290 fratribus
2786 3236 3326 3293 commiserationem
3365 3245 3421 3292 et
3451 3239 3638 3308 pieta—

2052 3328 2158 3376 tem
2203 3322 2534 3378 exhibendi?
2567 3324 2632 3378 Et
2659 3340 2787 3380 cum
2821 3341 2931 3381 non
2960 3328 3122 3384 modo
3153 3330 3298 3384 Deus
3329 3331 3503 3385 nostri
3537 3331 3638 3386 mi-

366 3439 491 3488 νους
522 3425 628 3478 τῶν
663 3417 908 3495 ἀδελφῶν
961 3427 1064 3495 τὴν
1141 3427 1479 3497 συγγνώμην
1504 3428 1600 3482 καὶ
1653 3429 1746 3482 τὸν
1796 3429 1947 3483 ἔλεον

2052 3422 2300 3469 sereatur
2339 3422 2394 3470 et
2424 3415 2586 3472 nobis
2621 3425 2771 3480 tanta
2802 3419 3077 3475 retribuat
3121 3429 3178 3474 ut
3222 3423 3503 3477 nmnerari
3536 3439 3637 3478 ne—

364 3516 725 3588 ἀποδὼσομεν
752 3517 956 3591 ;ΑἘπεὶ
1000 3518 1058 3573 δὲ
1113 3518 1191 3589 μὴ
1234 3519 1395 3589 μόνον
1424 3520 1738 3591 ἠλεήθημεν
1798 3523 1949 3589 παρὰ

365 3610 522 3676 Θεοῦ,
551 3585 644 3664 καλ
665 3585 904 3666 τοσάῦτα
935 3585 1416 3684 εὐηργετήθημεν,
1443 3585 1555 3668 δσα-
1573 3585 1694 3668 ούδὲ
1719 3585 1948 3685 ἀπαριθ-

370 3705 651 3775 μήσασθαι
701 3704 952 3770 δυνατὸν,
987 3705 1125 3760 άλλὰ
1149 3705 1246 3759 καὶ
1295 3707 1500 3774 ἐγγύας
1541 3708 1704 3762 πάλιν
1757 3707 1948 3762 ἐλάϐο-

369 3814 474 3868 μεν
501 3799 630 3869 παρ’
664 3798 853 3863 αὐτοῦ,
889 3798 1074 3869 μέτρῳ
1106 3799 1256 3868 καλῳ
1287 3799 1386 3851 καὶ
1441 3798 1798 3868 πεπιεσμένῳ
1846 3799 1948 3868 τῆς

366 3889 504 3958 πρὸς
532 3889 658 3952 τοὺς
687 3889 952 3960 ἀδελφοὺς
981 3890 1231 3952 εὐποιίας
1289 3890 1561 3961 λήψεσθαι
1606 3891 1706 3962 τὴν
1738 3892 1948 3944 ἀντίδο-

368 3999 476 4046 σιν,
502 3982 554 4035 τί
590 3982 667 4053 μὴ
698 3983 838 4052 πρὸς
854 3983 1066 4054 ταύτην
1102 3982 1405 4053 σπεύδομεν
1438 3983 1539 4053 ὅση
1592 3983 1846 4053 δύναμις,
1894 3984 1948 4037 τί

369 4073 446 4143 μὴ
467 4073 560 4127 καὶ
586 4074 686 4145 τὴν
718 4075 865 4145 ζωὴν
894 4074 1067 4146 αὐτὴν
1115 4074 1259 4145 ὑπὲρ
1292 4075 1562 4144 ἀλλήλων,
1619 4076 1668 4128 εί
1737 4075 1944 4146 δεήσει,

365 4165 509 4218 κατὰ
538 4165 768 4235 μίμησιν
793 4163 888 4219 τοῦ
919 4166 1189 4219 Δεσπότου
1217 4163 1646 4234 κατατιθέμεθα,
1703 4165 1792 4219 ἵνα
1854 4167 1950 4218 ἀν-

364 4257 675 4326 τιλάὸωμεν
702 4257 834 4328 παρ’
869 4254 1036 4310 αὐτοῦ
1073 4256 1172 4326 τὴν
1208 4255 1354 4326 ζωήν
1384 4255 1484 4326 τὴν
1515 4255 1767 4321 αἰώνιον;
1803 4255 1944 4309 Καί-

365 4366 450 4402 τοι
490 4348 758 4403 καὶτοῦτο
777 4349 938 4419 χρέος
957 4349 1114 4418 ἡμῖν,
1147 4347 1196 4401 εί
1231 4346 1325 4401 καὶ
1357 4346 1432 4417 μὴ
1465 4346 1604 4417 πρὸς
1665 4347 1946 4416 ἀλλήλους

367 4445 519 4508 ἴσως,
553 4442 686 4495 ἀλλὰ
718 4443 853 4513 πρὸς
886 4443 978 4495 τὸν
999 4443 1159 4496 δύντα
1186 4441 1382 4494 ἑαυτὸν
1411 4441 1491 4504 είς
1536 4439 1768 4495 θάνατον
1805 4439 1947 4510 ὑπὲρ

366 4534 543 4603 ήμῶν,
569 4535 670 4588 οὐκ
695 4536 776 4598 εἰς
807 4534 1002 4604 λύτρον
1030 4535 1213 4604 μόνον,
1263 4532 1400 4586 ἀλλὰ
1449 4532 1548 4584 καὶ
1585 4530 1948 4601 παράδειγμα.

368 4627 464 4681 καὶ
489 4627 838 4681 διδασκαλίαν
869 4609 1188 4698 ἔμπρακτον
1211 4626 1372 4696 ἔργου
1400 4625 1496 4678 καὶ
1535 4623 1698 4692 λόγου
1733 4625 1829 4677 καὶ
1853 4623 1945 4676 νοῦ

368 4722 564 4783 παντὸς
583 4721 929 4791 ἀσυγκρίτως
951 4719 1313 4792 ὑψηλοτέραν.
1332 4719 1425 4779 Et;
1449 4715 1608 4770 τοῦτο
1639 4717 1772 4786 γὰρ,
1790 4716 1944 4786 φησι,

365 4813 600 4881 Χριστὸς
626 4812 830 4866 ἔπαθεν
877 4813 1016 4884 ὑπὲρ
1044 4812 1204 4882 ἡμῶν
1237 4811 1368 4880 ἡμῖν
1385 4807 1779 4878 ὑπολιμπάνων
1809 4810 1948 4861 ὐπο-

368 4905 645 4976 γραμμὸν,
671 4904 756 4957 ἵνα
790 4903 1312 4972 ὲξακολουθήσωμεν
1351 4900 1467 4962 τοῖς
1520 4899 1726 4969 ἴχνεσιν
1755 4896 1946 4964 αὑτοῦ,

366 4999 463 5049 καὶ
492 4998 702 5066 ἕτοιμοι
725 4992 901 5068 ὦμεν,
940 4997 1214 5067 είδεήσει,
1241 4992 1338 5046 καὶ
1398 4989 1497 5062 τὴν
1551 4988 1733 5060 ψυχὴν
1787 4989 1947 5059 ήμῶν

2052 3515 2276 3574 queant,
2319 3507 2414 3562 sed
2441 3513 2495 3562 et
2523 3507 2725 3578 pignus
2759 3509 2826 3564 ab
2863 3527 2931 3567 eo
2978 3513 3360 3581 acceperimus
3391 3515 3538 3583 quod
3581 3515 3636 3568 in

2051 3613 2310 3654 mensura
2338 3599 2483 3654 bona
2525 3608 2579 3655 et
2609 3601 2852 3657 conferta
2889 3619 2986 3672 pro
3011 3605 3170 3660 nobis
3214 3607 3282 3660 ad
3314 3605 3513 3662 fratres
3545 3607 3640 3662 be-

2049 3691 2262 3747 neﬁciis
2280 3691 2611 3762 recipiemus
2635 3693 3076 3760 retributionem,
3099 3697 3372 3766 quomodo
3385 3714 3503 3752 eam
3525 3715 3633 3754 non

2049 3782 2332 3839 ambitnus
2383 3798 2484 3852 pro
2542 3783 2773 3848 viribus,
2832 3801 2932 3839 cur
2976 3796 3030 3841 et
3081 3788 3253 3856 ipsam
3312 3791 3474 3844 vitam
3538 3808 3636 3860 pro

2051 3874 2308 3941 invicem,
2348 3874 2395 3929 si
2432 3884 2701 3942 oporteat,
2743 3879 2998 3946 exemplo
3031 3878 3271 3945 Domini,
3314 3899 3420 3936 non
3459 3887 3632 3940 tradi-

2049 3985 2196 4034 mus.
2224 3978 2284 4024 ut
2307 3970 2548 4026 vicissim
2580 3970 2649 4025 ab
2672 3985 2738 4026 eo
2771 3980 3030 4027 mternam
3063 3975 3228 4029 vitam
3266 3978 3636 4046 recipiamus?

2051 4061 2313 4130 Equidem
2335 4063 2403 4117 ad
2437 4063 2538 4117 hoc
2571 4071 2842 4132 tenemur,
2870 4065 2976 4120 nisi
3002 4064 3142 4121 forte
3172 4078 3392 4138 propter
3417 4070 3632 4138 fratres,

2049 4157 2243 4208 saltem
2276 4165 2495 4224 propter
2523 4170 2648 4209 eum
2690 4156 2808 4224 qui»
2823 4159 3177 4228 semetipsum
3212 4158 3364 4215 dedit
3399 4164 3452 4215 in
3490 4179 3637 4217 mor~

2055 4257 2159 4301 tem
2193 4261 2291 4316 pro
2340 4247 2521 4315 nobis,
2556 4264 2664 4303 non
2707 4249 2760 4302 in
2796 4249 3032 4319 pretium
3079 4260 3312 4318 tantum,
3345 4254 3436 4308 sed
3469 4256 3632 4309 etiam

2051 4337 2106 4391 in
2134 4338 2438 4408 exemplum
2466 4347 2519 4393 et
2544 4340 2852 4395 doctrinam
2899 4339 3172 4396 eﬂicacem
3206 4345 3354 4397 omni
3384 4360 3558 4414 Opere
3583 4358 3636 4401 et

2051 4445 2305 4486 sermone
2351 4439 2404 4485 et
2442 4431 2658 4487 ratione
2690 4431 3066 4488 indubitanter
3107 4435 3510 4491 sublimiurcn't.
3553 4441 3631 4492 Ani

2053 4521 2157 4576 hoc
2189 4519 2870 4592 er:im,iinquitScriptura,
2892 4523 3147 4580 Christus
3178 4543 3276 4596 pro
3311 4529 3470 4584 nobis
3501 4547 3630 4598 pas-

2052 4628 2147 4669 sus
2185 4622 2286 4678 est,
2321 4615 2478 4669 nobis
2513 4616 2833 4684 relinquens
2880 4618 3188 4688 exetnplum
3237 4631 3294 4674 ut
3342 4637 3637 4686 sequamur

2053 4709 2282 4779 vestigia
2317 4711 2460 4779 ejus,
2493 4721 2544 4765 et
2575 4713 2750 4781 parati
2788 4712 2985 4779 simus,
3013 4715 3058 4770 si
3086 4726 3358 4783 eportcat,
3393 4720 3633 4774 animam

2057 4803 2230 4873 ipsam
2257 4819 2465 4874 ponere
2501 4805 2568 4859 ad
2601 4805 2873 4874 implenda
2899 4806 3020 4876 ejus
3051 4808 3306 4863 mandata
3337 4829 3352 4875 ;
3400 4829 3522 4864 nam
3556 4815 3638 4868 sic

2056 4899 2176 4968 ejus
2209 4898 2553 4968 sempiterna:
2583 4908 2708 4954 νιιιυ
2735 4907 2790 4954 et
2818 4901 2967 4971 regni
2995 4902 3290 4971 participes
3314 4906 3540 4971 erimus,
3581 4910 3634 4962 in

2054 4999 2324 5046 aeternum
2361 4989 2478 5058 ejus
2507 4991 2630 5044 vitm
2660 4999 2714 5045 et
2753 4991 2939 5061 gloria:
2973 5003 3279 5049 consortes.

367 5089 564 5154 θεῖναι,
589 5093 669 5156 εἰς
701 5092 1052 5163 ἐκπλήρωσιν
1083 5086 1190 5140 τῶν
1251 5081 1481 5138 ἐντολῶν
1529 5079 1720 5134 αὐτοῦ.
1761 5079 1918 5136 Οὕτω
1957 5085 2066 5156 γὰρ
2092 5084 2319 5153 καὶτῆς
2371 5085 2430 5138 ὲν
2462 5084 2614 5155 αὑτῷ
2659 5085 3080 5158 διαιωνιζούσης
3127 5089 3275 5161 ζωῆς
3340 5093 3432 5145 καὶ
3483 5095 3637 5162 βασι-

361 5187 514 5251 λείας
535 5189 852 5260 μεθέξομεν,
888 5190 1160 5254 συξῶντες
1211 5187 1396 5251 άῖδίως
1444 5185 1594 5256 αὐτῷ
1647 5185 1742 5239 καὶ
1790 5181 2264 5252 συνδοξαζὸμενοι.

448 5284 643 5354 Ὁρᾶτε
667 5285 758 5337 τὸν
791 5283 1190 5354 Μυροχεύμονα
1221 5280 1435 5345 τοῦτον,
1467 5278 1527 5334 οὗ
1554 5281 1944 5353 προσάγουσαν

311 5373 467 5447 ,τὴν
497 5375 719 5444 μνήμην
745 5373 846 5444 τῆς
879 5375 1031 5444 ἱερᾶς
1065 5374 1372 5442 μαρτυρίας
1407 5371 1800 5442 προεορτάζειν
1847 5372 1945 5442 ηρ-

367 5465 580 5535 ξᾱιμεθα
613 5467 880 5536 σήμερον,
908 5463 970 5519 τὸ
997 5461 1140 5532 αἷμα
1171 5464 1266 5518 τοῦ
1290 5464 1495 5518 οἰκείου
1526 5464 1778 5533 σώματος
1802 5461 1946 5515 ἑκὼν

365 5559 582 5628 ἐξέχεεν
601 5557 741 5627 ὑπὲρ
771 5557 1034 5628 Χριστοῦ,
1061 5557 1155 5609 καὶ
1189 5557 1415 5610 ἀένναον
1434 5555 1568 5608 αὐτὸ
1602 5555 1696 5608 καὶ
1723 5553 1948 5621 ἀνεξάν-

365 5653 562 5724 τλητον
599 5652 686 5705 διὰ
712 5651 874 5704 τοῦτο
927 5651 1200 5720 πεποίηκε
1226 5651 1409 5720 πηγήν
1435 5648 1740 5702 πολυειδῶν
1800 5649 1935 5702 θαυ-

381 5747 592 5816 μάτων,
617 5744 896 5814 ἁγιοισμοῦ
923 5743 1126 5814 ψυχῆς,
1155 5744 1253 5796 καὶ
1280 5741 1531 5813 σώματος
1563 5740 1942 5794 εὐωδεστάτου

371 5841 466 5893 καὶ
491 5837 787 5909 ίερωτάτου
819 5836 1020 5908 μύρου.
1052 5836 1248 5890 Καίτοι
1269 5835 1417 5906 ψυχὴ
1441 5836 1538 5906 μὲν
1571 5836 1602 5905 ἡ
1636 5835 1730 5887 τοῦ
1764 5851 1944 5905 μεγα-

369 5933 716 6003 λομάρτυρος
743 5931 842 6002 τὴν
877 5930 992 5999 μετ’
1014 5931 1266 5998 ἀγγέλων
1295 5930 1466 5983 ἀΐδιον
1501 5928 1595 5982 καὶ
1649 5927 1947 5981 ἀναλλοίω-
1974 5963 1977 5965 -

374 6039 464 6076 τον
495 6021 655 6088 δόξαν
681 6019 1033 6075 ἀπολαϐοῦσα
1058 6021 1153 6074 νῦν
1175 6020 1286 6091 ἔχει
1313 6019 1535 6083 δικαίως
1564 6019 1617 6070 ἐν
1651 6019 1901 6088 οὐρανοῖς
1928 6035 1940 6050 ο

2128 5274 2316 5330 Videte
2344 5275 2708 5348 Myroblytam
2741 5265 2931 5347 istum,
2967 5278 3127 5350 cujus
3157 5281 3458 5350 proximam
3493 5284 3633 5337 sacri

2056 5367 2303 5438 martyrii
2340 5369 2660 5424 memoriam
2687 5368 2848 5425 hodie
2867 5372 3203 5441 signavimus
3229 5373 3634 5440 celebrandam;

2055 5459 2172 5531 ipse
2207 5461 2457 5530 corporis
2487 5463 2807 5532 sanguinem
2846 5464 3078 5519 libenter
3109 5465 3301 5520 cll‘udit
3332 5481 3431 5534 pro
3469 5467 3631 5520 Chri-

2056 5562 2164 5618 sto,
2197 5565 2251 5608 et
2287 5563 2572 5624 prepterea
2596 5554 2729 5626 juge
2773 5564 2828 5610 et
2862 5557 3248 5611 inexhaustum
3295 5558 3427 5611 illud
3456 5558 3635 5612 cll’ecit

2058 5645 2416 5714 multiplicem
2464 5645 2672 5701 fontem
2720 5646 3135 5712 miraculorum,
3177 5648 3356 5701 anima
3390 5651 3635 5704 sanctifi-

2055 5747 2175 5792 cata
2199 5749 2254 5792 et
2282 5737 2721 5809 fragrantissimo
2747 5755 2958 5794 necnon
2983 5741 3330 5796 sanctissimo
3356 5752 3635 5814 unguento

2054 5845 2086 5883 a
2139 5846 2372 5900 corpore
2422 5832 2678 5888 stillante.
2728 5832 2925 5906 Anima
2975 5833 3195 5902 quidem
3248 5837 3427 5903 magni
3484 5838 3632 5891 illius

2057 5931 2310 5994 martyris
2341 5933 2545 5977 aeterna
2576 5939 2677 5977 nec
2709 5936 2948 5990 unquam
2985 5924 3220 5993 peritura
3265 5926 3440 5993 gloria
3490 5928 3634 5980 inter

2054 6015 2243 6084 ngelos
2279 6015 2468 6085 potita,
2505 6031 2652 6070 nunc
2687 6015 2882 6071 merito
2925 6015 3124 6088 gaudet
3164 6021 3219 6072 In
3252 6017 3443 6086 caelis;
3491 6032 3620 6073 eor-
