  <div class='ocr_page' id='page_1' title='image "/cluster/home/n/w/nwhite01/storage/ocr_20150623/151:no.2/coo.31924054870567/278.png"; bbox 0 0 4082 6430; ppageno 0'>
   <div class='ocr_carea' id='block_1_1' title="bbox 415 399 520 463">
    <p class='ocr_par' dir='ltr' id='par_1_1' title="bbox 415 399 520 463">
     <span class='ocr_line' id='line_1_1' title="bbox 415 399 520 463; baseline 0.038 -5"><span class='ocrx_word' id='word_1_1' title='bbox 415 399 520 463; x_wconf 74' lang='lat'><strong>537</strong></span> 
     </span>
    </p>
   </div>
   <div class='ocr_carea' id='block_1_2' title="bbox 1776 404 2375 468">
    <p class='ocr_par' dir='ltr' id='par_1_2' title="bbox 1776 404 2375 468">
     <span class='ocr_line' id='line_1_2' title="bbox 1776 404 2375 468; baseline -0.002 -2"><span class='ocrx_word' id='word_1_2' title='bbox 1776 406 2114 468; x_wconf 77' lang='lat' dir='ltr'><strong>HOMILIA</strong></span> <span class='ocrx_word' id='word_1_3' title='bbox 2152 404 2375 468; x_wconf 75' lang='lat' dir='ltr'><strong>XLIII-</strong></span> 
     </span>
    </p>
   </div>
   <div class='ocr_carea' id='block_1_3' title="bbox 3579 381 3702 470">
    <p class='ocr_par' dir='ltr' id='par_1_3' title="bbox 3579 381 3702 470">
     <span class='ocr_line' id='line_1_3' title="bbox 3579 381 3702 470; baseline 0 -86"><span class='ocrx_word' id='word_1_4' title='bbox 3579 381 3702 470; x_wconf 5' lang='lat' dir='ltr'><strong>me</strong></span> 
     </span>
    </p>
   </div>
   <div class='ocr_carea' id='block_1_4' title="bbox 407 513 1978 588">
    <p class='ocr_par' dir='ltr' id='par_1_4' title="bbox 407 513 1978 588">
     <span class='ocr_line' id='line_1_4' title="bbox 407 513 1978 588; baseline -0.001 -18"><span class='ocrx_word' id='word_1_5' title='bbox 407 532 505 584; x_wconf 81' lang='grc' dir='ltr'><strong>γον</strong></span> <span class='ocrx_word' id='word_1_6' title='bbox 523 513 783 579; x_wconf 80' lang='grc' dir='ltr'>νικῶσαν,</span> <span class='ocrx_word' id='word_1_7' title='bbox 809 513 906 568; x_wconf 76' lang='grc' dir='ltr'><strong>ἀπ’</strong></span> <span class='ocrx_word' id='word_1_8' title='bbox 929 515 1105 586; x_wconf 79' lang='grc' dir='ltr'>ἀρχῆς</span> <span class='ocrx_word' id='word_1_9' title='bbox 1134 516 1264 588; x_wconf 71' lang='grc' dir='ltr'>ἄχρι</span> <span class='ocrx_word' id='word_1_10' title='bbox 1283 517 1474 584; x_wconf 81' lang='grc' dir='ltr'><strong>τέλους</strong></span> <span class='ocrx_word' id='word_1_11' title='bbox 1502 518 1864 586; x_wconf 78' lang='grc' dir='ltr'><strong>ἐνδείξασθαι,</strong></span> <span class='ocrx_word' id='word_1_12' title='bbox 1894 521 1978 574; x_wconf 70' lang='grc' dir='ltr'>καῒ</span> 
     </span>
    </p>
   </div>
   <div class='ocr_carea' id='block_1_5' title="bbox 2082 513 3682 588">
    <p class='ocr_par' dir='ltr' id='par_1_5' title="bbox 2093 514 3682 586">
     <span class='ocr_line' id='line_1_5' title="bbox 2093 514 3682 586; baseline 0.001 -18"><span class='ocrx_word' id='word_1_13' title='bbox 2093 515 2320 569; x_wconf 84' lang='lat' dir='ltr'><strong>verbum</strong></span> <span class='ocrx_word' id='word_1_14' title='bbox 2359 522 2680 583; x_wconf 79' lang='lat' dir='ltr'><strong>superaret,</strong></span> <span class='ocrx_word' id='word_1_15' title='bbox 2737 529 2764 570; x_wconf 89' lang='lat' dir='ltr'><strong>a</strong></span> <span class='ocrx_word' id='word_1_16' title='bbox 2816 515 3090 586; x_wconf 90' lang='lat' dir='ltr'><strong>principio</strong></span> <span class='ocrx_word' id='word_1_17' title='bbox 3140 515 3208 572; x_wconf 82' lang='lat' dir='ltr'><strong>ad</strong></span> <span class='ocrx_word' id='word_1_18' title='bbox 3256 514 3419 573; x_wconf 87' lang='lat' dir='ltr'><strong>ﬁnem</strong></span> <span class='ocrx_word' id='word_1_19' title='bbox 3471 518 3682 574; x_wconf 74' lang='lat' dir='ltr'><strong>studuit</strong></span> 
     </span>
    </p>
   </div>
   <div class='ocr_carea' id='block_1_6' title="bbox 403 602 1982 683">
    <p class='ocr_par' dir='ltr' id='par_1_6' title="bbox 403 602 1982 683">
     <span class='ocr_line' id='line_1_6' title="bbox 403 602 1982 683; baseline 0.004 -22"><span class='ocrx_word' id='word_1_20' title='bbox 403 609 588 663; x_wconf 78' lang='grc' dir='ltr'>πάντα</span> <span class='ocrx_word' id='word_1_21' title='bbox 624 602 690 678; x_wconf 79' lang='grc' dir='ltr'>ἦν</span> <span class='ocrx_word' id='word_1_22' title='bbox 714 609 900 678; x_wconf 75' lang='grc' dir='ltr'>σχεδὸν</span> <span class='ocrx_word' id='word_1_23' title='bbox 929 611 994 663; x_wconf 79' lang='grc' dir='ltr'>ὲκ</span> <span class='ocrx_word' id='word_1_24' title='bbox 1025 611 1215 674; x_wconf 70' lang='grc' dir='ltr'>παιδὸς</span> <span class='ocrx_word' id='word_1_25' title='bbox 1248 611 1407 680; x_wconf 83' lang='grc' dir='ltr'>ὁμοῦ,</span> <span class='ocrx_word' id='word_1_26' title='bbox 1454 612 1624 683; x_wconf 86' lang='grc' dir='ltr'>στήλη</span> <span class='ocrx_word' id='word_1_27' title='bbox 1681 629 1766 676; x_wconf 84' lang='grc' dir='ltr'><strong>τις</strong></span> <span class='ocrx_word' id='word_1_28' title='bbox 1821 613 1982 667; x_wconf 74' lang='grc' dir='ltr'>αὐθέ-</span> 
     </span>
    </p>
   </div>
   <div class='ocr_carea' id='block_1_7' title="bbox 403 701 1986 775">
    <p class='ocr_par' dir='ltr' id='par_1_7' title="bbox 403 701 1986 775">
     <span class='ocr_line' id='line_1_7' title="bbox 403 701 1986 775; baseline 0.003 -21"><span class='ocrx_word' id='word_1_29' title='bbox 403 702 638 770; x_wconf 83' lang='grc' dir='ltr'>δραστος</span> <span class='ocrx_word' id='word_1_30' title='bbox 661 701 757 754; x_wconf 82' lang='grc' dir='ltr'>καὶ</span> <span class='ocrx_word' id='word_1_31' title='bbox 787 701 1159 772; x_wconf 78' lang='grc' dir='ltr'>ἀκαθαίρετος</span> <span class='ocrx_word' id='word_1_32' title='bbox 1195 702 1399 764; x_wconf 78' lang='grc' dir='ltr'>παντὸς</span> <span class='ocrx_word' id='word_1_33' title='bbox 1423 703 1614 770; x_wconf 86' lang='grc' dir='ltr'>καλοῦ,</span> <span class='ocrx_word' id='word_1_34' title='bbox 1645 705 1829 775; x_wconf 84' lang='grc' dir='ltr'>πάσης</span> <span class='ocrx_word' id='word_1_35' title='bbox 1854 706 1986 775; x_wconf 84' lang='grc' dir='ltr'>ἀρε-</span> 
     </span>
    </p>
   </div>
   <div class='ocr_carea' id='block_1_8' title="bbox 401 791 1984 865">
    <p class='ocr_par' dir='ltr' id='par_1_8' title="bbox 401 791 1984 865">
     <span class='ocr_line' id='line_1_8' title="bbox 401 791 1984 865; baseline 0.004 -21"><span class='ocrx_word' id='word_1_36' title='bbox 401 793 502 861; x_wconf 82' lang='grc' dir='ltr'>τῆς</span> <span class='ocrx_word' id='word_1_37' title='bbox 527 791 766 862; x_wconf 75' lang='grc' dir='ltr'>ἔμπνουν</span> <span class='ocrx_word' id='word_1_38' title='bbox 789 794 884 846; x_wconf 80' lang='grc' dir='ltr'>καὶ</span> <span class='ocrx_word' id='word_1_39' title='bbox 916 792 1271 863; x_wconf 81' lang='grc' dir='ltr'>αὐτοκίνητον</span> <span class='ocrx_word' id='word_1_40' title='bbox 1297 797 1543 865; x_wconf 79' lang='grc' dir='ltr'>ἄγαλμα,</span> <span class='ocrx_word' id='word_1_41' title='bbox 1565 796 1727 850; x_wconf 89' lang='grc' dir='ltr'>θείων</span> <span class='ocrx_word' id='word_1_42' title='bbox 1760 798 1856 852; x_wconf 76' lang='grc' dir='ltr'><strong>καὶ</strong></span> <span class='ocrx_word' id='word_1_43' title='bbox 1887 797 1984 850; x_wconf 81' lang='grc' dir='ltr'><strong>ἀν-</strong></span> 
     </span>
    </p>
   </div>
   <div class='ocr_carea' id='block_1_9' title="bbox 402 867 1985 959">
    <p class='ocr_par' dir='ltr' id='par_1_9' title="bbox 402 867 1985 959">
     <span class='ocr_line' id='line_1_9' title="bbox 402 867 1985 959; baseline 0.003 -19"><span class='ocrx_word' id='word_1_44' title='bbox 402 867 694 955; x_wconf 77' lang='grc' dir='ltr'>θρωπίνων</span> <span class='ocrx_word' id='word_1_45' title='bbox 732 888 972 958; x_wconf 80' lang='grc' dir='ltr'><strong>χαρίτων</strong></span> <span class='ocrx_word' id='word_1_46' title='bbox 1005 887 1158 941; x_wconf 76' lang='grc' dir='ltr'>ἑστία</span> <span class='ocrx_word' id='word_1_47' title='bbox 1177 888 1270 941; x_wconf 76' lang='grc' dir='ltr'>καὶ</span> <span class='ocrx_word' id='word_1_48' title='bbox 1293 889 1595 959; x_wconf 75' lang='grc' dir='ltr'><strong>συστοιχία,</strong></span> <span class='ocrx_word' id='word_1_49' title='bbox 1624 890 1809 959; x_wconf 76' lang='grc' dir='ltr'>βίϐλος</span> <span class='ocrx_word' id='word_1_50' title='bbox 1832 889 1985 954; x_wconf 79' lang='grc' dir='ltr'>ζῶσά</span> 
     </span>
    </p>
   </div>
   <div class='ocr_carea' id='block_1_10' title="bbox 403 979 1983 1053">
    <p class='ocr_par' dir='ltr' id='par_1_10' title="bbox 403 979 1983 1053">
     <span class='ocr_line' id='line_1_10' title="bbox 403 979 1983 1053; baseline 0.002 -21"><span class='ocrx_word' id='word_1_51' title='bbox 403 996 464 1032; x_wconf 90' lang='grc' dir='ltr'><strong>τε</strong></span> <span class='ocrx_word' id='word_1_52' title='bbox 487 981 580 1030; x_wconf 77' lang='grc' dir='ltr'><strong>καὶ</strong></span> <span class='ocrx_word' id='word_1_53' title='bbox 604 979 840 1034; x_wconf 88' lang='grc' dir='ltr'>λαλοῦσα</span> <span class='ocrx_word' id='word_1_54' title='bbox 869 983 934 1034; x_wconf 83' lang='grc' dir='ltr'><strong>τὰ</strong></span> <span class='ocrx_word' id='word_1_55' title='bbox 963 981 1098 1048; x_wconf 81' lang='grc' dir='ltr'>πρὸς</span> <span class='ocrx_word' id='word_1_56' title='bbox 1132 981 1293 1047; x_wconf 79' lang='grc' dir='ltr'>δόξαν</span> <span class='ocrx_word' id='word_1_57' title='bbox 1312 981 1407 1035; x_wconf 72' lang='grc' dir='ltr'>καὶ</span> <span class='ocrx_word' id='word_1_58' title='bbox 1432 983 1656 1052; x_wconf 86' lang='grc' dir='ltr'>ὁδηγίαν</span> <span class='ocrx_word' id='word_1_59' title='bbox 1679 983 1772 1036; x_wconf 88' lang='grc' dir='ltr'><strong>τοῦ</strong></span> <span class='ocrx_word' id='word_1_60' title='bbox 1797 983 1983 1053; x_wconf 84' lang='grc' dir='ltr'>κρείτ-</span> 
     </span>
    </p>
   </div>
   <div class='ocr_carea' id='block_1_11' title="bbox 401 1067 1980 1143">
    <p class='ocr_par' dir='ltr' id='par_1_11' title="bbox 401 1067 1980 1143">
     <span class='ocr_line' id='line_1_11' title="bbox 401 1067 1980 1143; baseline 0.004 -24"><span class='ocrx_word' id='word_1_61' title='bbox 401 1085 576 1133; x_wconf 85' lang='grc' dir='ltr'>τονος,</span> <span class='ocrx_word' id='word_1_62' title='bbox 616 1067 814 1139; x_wconf 81' lang='grc' dir='ltr'>εῦχαρί</span> <span class='ocrx_word' id='word_1_63' title='bbox 851 1087 908 1122; x_wconf 81' lang='grc' dir='ltr'><strong>τε</strong></span> <span class='ocrx_word' id='word_1_64' title='bbox 949 1071 1047 1124; x_wconf 73' lang='grc' dir='ltr'>καὶ</span> <span class='ocrx_word' id='word_1_65' title='bbox 1085 1070 1276 1124; x_wconf 72' lang='grc' dir='ltr'>καινὸν</span> <span class='ocrx_word' id='word_1_66' title='bbox 1298 1073 1492 1143; x_wconf 81' lang='grc' dir='ltr'>κρᾶμα</span> <span class='ocrx_word' id='word_1_67' title='bbox 1527 1071 1746 1125; x_wconf 83' lang='grc' dir='ltr'>πάντων</span> <span class='ocrx_word' id='word_1_68' title='bbox 1776 1072 1980 1139; x_wconf 88' lang='grc' dir='ltr'>καλῶν,</span> 
     </span>
    </p>
   </div>
   <div class='ocr_carea' id='block_1_12' title="bbox 404 1165 1984 1237">
    <p class='ocr_par' dir='ltr' id='par_1_12' title="bbox 404 1165 1984 1237">
     <span class='ocr_line' id='line_1_12' title="bbox 404 1165 1984 1237; baseline 0.003 -22"><span class='ocrx_word' id='word_1_69' title='bbox 404 1165 499 1216; x_wconf 77' lang='grc' dir='ltr'>καὶ</span> <span class='ocrx_word' id='word_1_70' title='bbox 525 1166 680 1234; x_wconf 86' lang='grc' dir='ltr'>κοινὴ</span> <span class='ocrx_word' id='word_1_71' title='bbox 713 1167 917 1228; x_wconf 78' lang='grc' dir='ltr'>παντὸς</span> <span class='ocrx_word' id='word_1_72' title='bbox 943 1167 1149 1235; x_wconf 76' lang='grc' dir='ltr'>ἀγαθοῦ</span> <span class='ocrx_word' id='word_1_73' title='bbox 1178 1166 1277 1220; x_wconf 75' lang='grc' dir='ltr'>καὶ</span> <span class='ocrx_word' id='word_1_74' title='bbox 1297 1166 1771 1237; x_wconf 71' lang='grc' dir='ltr'>κοινωφελεστάτη</span> <span class='ocrx_word' id='word_1_75' title='bbox 1832 1168 1984 1236; x_wconf 82' lang='grc' dir='ltr'>φιλο-</span> 
     </span>
    </p>
   </div>
   <div class='ocr_carea' id='block_1_13' title="bbox 402 1256 1980 1331">
    <p class='ocr_par' dir='ltr' id='par_1_13' title="bbox 402 1256 1980 1331">
     <span class='ocr_line' id='line_1_13' title="bbox 402 1256 1980 1331; baseline 0.004 -23"><span class='ocrx_word' id='word_1_76' title='bbox 402 1256 582 1324; x_wconf 79' lang='grc' dir='ltr'>τιμία,</span> <span class='ocrx_word' id='word_1_77' title='bbox 617 1259 713 1310; x_wconf 70' lang='grc' dir='ltr'>καὶ</span> <span class='ocrx_word' id='word_1_78' title='bbox 743 1258 808 1309; x_wconf 78' lang='grc' dir='ltr'><strong>ἵν’</strong></span> <span class='ocrx_word' id='word_1_79' title='bbox 836 1258 976 1310; x_wconf 85' lang='grc' dir='ltr'>είπω</span> <span class='ocrx_word' id='word_1_80' title='bbox 1001 1260 1068 1312; x_wconf 82' lang='grc' dir='ltr'>τὰ</span> <span class='ocrx_word' id='word_1_81' title='bbox 1092 1259 1193 1330; x_wconf 83' lang='grc' dir='ltr'>τῆς</span> <span class='ocrx_word' id='word_1_82' title='bbox 1213 1260 1465 1331; x_wconf 86' lang='grc' dir='ltr'>Γραφῆς,</span> <span class='ocrx_word' id='word_1_83' title='bbox 1515 1263 1610 1313; x_wconf 82' lang='grc' dir='ltr'><strong>καὶ</strong></span> <span class='ocrx_word' id='word_1_84' title='bbox 1649 1261 1846 1328; x_wconf 81' lang='grc' dir='ltr'>φοῖνιξ,</span> <span class='ocrx_word' id='word_1_85' title='bbox 1907 1261 1980 1324; x_wconf 84' lang='grc' dir='ltr'><strong>ὡς</strong></span> 
     </span>
    </p>
   </div>
   <div class='ocr_carea' id='block_1_14' title="bbox 404 1351 1982 1421">
    <p class='ocr_par' dir='ltr' id='par_1_14' title="bbox 404 1351 1982 1421">
     <span class='ocr_line' id='line_1_14' title="bbox 404 1351 1982 1421; baseline 0.004 -19"><span class='ocrx_word' id='word_1_86' title='bbox 404 1351 613 1414; x_wconf 76' lang='grc' dir='ltr'>ἐκεῖνος</span> <span class='ocrx_word' id='word_1_87' title='bbox 644 1352 849 1416; x_wconf 83' lang='grc' dir='ltr'>ἀνθῶν,</span> <span class='ocrx_word' id='word_1_88' title='bbox 879 1353 977 1405; x_wconf 76' lang='grc' dir='ltr'><strong>ἅτε</strong></span> <span class='ocrx_word' id='word_1_89' title='bbox 1002 1353 1214 1414; x_wconf 83' lang='grc' dir='ltr'>δίκαιος</span> <span class='ocrx_word' id='word_1_90' title='bbox 1243 1353 1336 1407; x_wconf 71' lang='grc' dir='ltr'><strong>καὶ</strong></span> <span class='ocrx_word' id='word_1_91' title='bbox 1354 1353 1509 1407; x_wconf 81' lang='grc' dir='ltr'>ἐλαία</span> <span class='ocrx_word' id='word_1_92' title='bbox 1534 1354 1893 1421; x_wconf 87' lang='grc' dir='ltr'>κατάκαρπος</span> <span class='ocrx_word' id='word_1_93' title='bbox 1924 1355 1982 1408; x_wconf 82' lang='grc' dir='ltr'>ὲν</span> 
     </span>
    </p>
   </div>
   <div class='ocr_carea' id='block_1_15' title="bbox 403 1440 1982 1513">
    <p class='ocr_par' dir='ltr' id='par_1_15' title="bbox 403 1440 1982 1513">
     <span class='ocr_line' id='line_1_15' title="bbox 403 1440 1982 1513; baseline -0.001 -19"><span class='ocrx_word' id='word_1_94' title='bbox 403 1443 479 1510; x_wconf 79' lang='grc' dir='ltr'>τῷ</span> <span class='ocrx_word' id='word_1_95' title='bbox 509 1444 642 1510; x_wconf 82' lang='grc' dir='ltr'>οίκῳ</span> <span class='ocrx_word' id='word_1_96' title='bbox 672 1442 765 1496; x_wconf 86' lang='grc' dir='ltr'><strong>τοῦ</strong></span> <span class='ocrx_word' id='word_1_97' title='bbox 795 1442 952 1509; x_wconf 81' lang='grc' dir='ltr'>Θεοῦ,</span> <span class='ocrx_word' id='word_1_98' title='bbox 985 1444 1082 1495; x_wconf 71' lang='grc' dir='ltr'>καὶ</span> <span class='ocrx_word' id='word_1_99' title='bbox 1117 1443 1341 1513; x_wconf 76' lang='grc' dir='ltr'><strong>δένδρον</strong></span> <span class='ocrx_word' id='word_1_100' title='bbox 1371 1442 1526 1512; x_wconf 78' lang='grc' dir='ltr'>παρὰ</span> <span class='ocrx_word' id='word_1_101' title='bbox 1562 1443 1662 1506; x_wconf 70' lang='grc' dir='ltr'>τὰς</span> <span class='ocrx_word' id='word_1_102' title='bbox 1711 1440 1982 1507; x_wconf 79' lang='grc' dir='ltr'>διεξόδους</span> 
     </span>
    </p>
   </div>
   <div class='ocr_carea' id='block_1_16' title="bbox 404 1534 1980 1606">
    <p class='ocr_par' dir='ltr' id='par_1_16' title="bbox 404 1534 1980 1606">
     <span class='ocr_line' id='line_1_16' title="bbox 404 1534 1980 1606; baseline -0.001 -16"><span class='ocrx_word' id='word_1_103' title='bbox 404 1537 513 1590; x_wconf 83' lang='grc' dir='ltr'><strong>τῶν</strong></span> <span class='ocrx_word' id='word_1_104' title='bbox 540 1537 750 1590; x_wconf 80' lang='grc' dir='ltr'>ὑδάτων</span> <span class='ocrx_word' id='word_1_105' title='bbox 787 1539 1204 1606; x_wconf 76' lang='grc' dir='ltr'>πεφυτευμένον</span> <span class='ocrx_word' id='word_1_106' title='bbox 1234 1536 1328 1589; x_wconf 84' lang='grc' dir='ltr'><strong>τοῦ</strong></span> <span class='ocrx_word' id='word_1_107' title='bbox 1353 1536 1692 1606; x_wconf 81' lang='grc' dir='ltr'>πνεύματος,</span> <span class='ocrx_word' id='word_1_108' title='bbox 1723 1534 1863 1603; x_wconf 80' lang='grc' dir='ltr'>πλὴν</span> <span class='ocrx_word' id='word_1_109' title='bbox 1895 1535 1980 1588; x_wconf 83' lang='grc' dir='ltr'>ὅτι</span> 
     </span>
    </p>
   </div>
   <div class='ocr_carea' id='block_1_17' title="bbox 401 1626 1982 1699">
    <p class='ocr_par' dir='ltr' id='par_1_17' title="bbox 401 1626 1982 1699">
     <span class='ocr_line' id='line_1_17' title="bbox 401 1626 1982 1699; baseline -0.002 -18"><span class='ocrx_word' id='word_1_110' title='bbox 401 1629 463 1681; x_wconf 85' lang='grc' dir='ltr'><strong>τδ</strong></span> <span class='ocrx_word' id='word_1_111' title='bbox 484 1627 602 1698; x_wconf 65' lang='grc' dir='ltr'>μὶν,</span> <span class='ocrx_word' id='word_1_112' title='bbox 617 1630 758 1682; x_wconf 82' lang='grc' dir='ltr'>κατὰ</span> <span class='ocrx_word' id='word_1_113' title='bbox 777 1629 838 1681; x_wconf 76' lang='grc' dir='ltr'>τὸ</span> <span class='ocrx_word' id='word_1_114' title='bbox 857 1629 1154 1699; x_wconf 73' lang='grc' dir='ltr'>ψαλμικδν,</span> <span class='ocrx_word' id='word_1_115' title='bbox 1173 1627 1358 1682; x_wconf 84' lang='grc' dir='ltr'>δίδωσι</span> <span class='ocrx_word' id='word_1_116' title='bbox 1375 1629 1468 1682; x_wconf 64' lang='grc' dir='ltr'><strong>τὸν</strong></span> <span class='ocrx_word' id='word_1_117' title='bbox 1488 1627 1700 1697; x_wconf 76' lang='grc' dir='ltr'>καρπὸν</span> <span class='ocrx_word' id='word_1_118' title='bbox 1723 1628 1782 1680; x_wconf 83' lang='grc' dir='ltr'>ὲν</span> <span class='ocrx_word' id='word_1_119' title='bbox 1802 1626 1982 1696; x_wconf 83' lang='grc' dir='ltr'>καιρῷ</span> 
     </span>
    </p>
   </div>
   <div class='ocr_carea' id='block_1_18' title="bbox 403 1719 1979 1791">
    <p class='ocr_par' dir='ltr' id='par_1_18' title="bbox 403 1719 1979 1791">
     <span class='ocr_line' id='line_1_18' title="bbox 403 1719 1979 1791; baseline 0.001 -20"><span class='ocrx_word' id='word_1_120' title='bbox 403 1719 591 1787; x_wconf 78' lang='grc' dir='ltr'>αὑτοῦ,</span> <span class='ocrx_word' id='word_1_121' title='bbox 632 1723 660 1773; x_wconf 85' lang='grc' dir='ltr'>ὁ</span> <span class='ocrx_word' id='word_1_122' title='bbox 689 1722 746 1773; x_wconf 81' lang='grc' dir='ltr'><strong>δὲ</strong></span> <span class='ocrx_word' id='word_1_123' title='bbox 772 1723 951 1776; x_wconf 85' lang='grc' dir='ltr'>πάντα</span> <span class='ocrx_word' id='word_1_124' title='bbox 993 1721 1206 1789; x_wconf 72' lang='grc' dir='ltr'>καιρδν,</span> <span class='ocrx_word' id='word_1_125' title='bbox 1240 1722 1430 1790; x_wconf 73' lang='grc' dir='ltr'>καιρὸν</span> <span class='ocrx_word' id='word_1_126' title='bbox 1472 1720 1809 1791; x_wconf 78' lang='grc' dir='ltr'>ἀνθηφορίας</span> <span class='ocrx_word' id='word_1_127' title='bbox 1843 1719 1979 1788; x_wconf 79' lang='grc' dir='ltr'>ὁμοῦ</span> 
     </span>
    </p>
   </div>
   <div class='ocr_carea' id='block_1_19' title="bbox 405 1808 1980 1883">
    <p class='ocr_par' dir='ltr' id='par_1_19' title="bbox 405 1808 1980 1883">
     <span class='ocr_line' id='line_1_19' title="bbox 405 1808 1980 1883; baseline -0.001 -18"><span class='ocrx_word' id='word_1_128' title='bbox 405 1814 498 1865; x_wconf 67' lang='grc' dir='ltr'><strong>καὶ</strong></span> <span class='ocrx_word' id='word_1_129' title='bbox 525 1812 909 1882; x_wconf 81' lang='grc' dir='ltr'>καρποφορίας</span> <span class='ocrx_word' id='word_1_130' title='bbox 939 1814 1033 1865; x_wconf 76' lang='grc' dir='ltr'><strong>καὶ</strong></span> <span class='ocrx_word' id='word_1_131' title='bbox 1057 1808 1194 1882; x_wconf 79' lang='grc' dir='ltr'>εῖχε,</span> <span class='ocrx_word' id='word_1_132' title='bbox 1229 1815 1324 1866; x_wconf 74' lang='grc' dir='ltr'><strong>καὶ</strong></span> <span class='ocrx_word' id='word_1_133' title='bbox 1355 1813 1486 1883; x_wconf 80' lang='grc' dir='ltr'>ἔχει,</span> <span class='ocrx_word' id='word_1_134' title='bbox 1522 1813 1617 1867; x_wconf 66' lang='grc' dir='ltr'><strong>καὶ</strong></span> <span class='ocrx_word' id='word_1_135' title='bbox 1672 1813 1862 1882; x_wconf 82' lang='grc' dir='ltr'>ῶσπερ</span> <span class='ocrx_word' id='word_1_136' title='bbox 1918 1811 1980 1864; x_wconf 81' lang='grc' dir='ltr'><strong>τὸ</strong></span> 
     </span>
    </p>
   </div>
   <div class='ocr_carea' id='block_1_20' title="bbox 406 1902 1978 1975">
    <p class='ocr_par' dir='ltr' id='par_1_20' title="bbox 406 1902 1978 1975">
     <span class='ocr_line' id='line_1_20' title="bbox 406 1902 1978 1975; baseline 0.001 -20"><span class='ocrx_word' id='word_1_137' title='bbox 406 1902 612 1955; x_wconf 73' lang='grc' dir='ltr'>ἐκείνου</span> <span class='ocrx_word' id='word_1_138' title='bbox 633 1902 728 1956; x_wconf 87' lang='grc' dir='ltr'><strong>τοῦ</strong></span> <span class='ocrx_word' id='word_1_139' title='bbox 752 1903 972 1972; x_wconf 75' lang='grc' dir='ltr'>δένδρου</span> <span class='ocrx_word' id='word_1_140' title='bbox 1004 1903 1201 1972; x_wconf 80' lang='grc' dir='ltr'>φύλλον</span> <span class='ocrx_word' id='word_1_141' title='bbox 1233 1904 1332 1956; x_wconf 82' lang='grc' dir='ltr'><strong>οὐκ</strong></span> <span class='ocrx_word' id='word_1_142' title='bbox 1386 1903 1801 1975; x_wconf 80' lang='grc' dir='ltr'>ἀπορῤυήσεταί</span> <span class='ocrx_word' id='word_1_143' title='bbox 1848 1919 1978 1956; x_wconf 83' lang='grc' dir='ltr'>ποτε</span> 
     </span>
    </p>
   </div>
   <div class='ocr_carea' id='block_1_21' title="bbox 407 1994 1978 2066">
    <p class='ocr_par' dir='ltr' id='par_1_21' title="bbox 407 1994 1978 2066">
     <span class='ocr_line' id='line_1_21' title="bbox 407 1994 1978 2066; baseline 0 -18"><span class='ocrx_word' id='word_1_144' title='bbox 407 1995 546 2048; x_wconf 84' lang='grc' dir='ltr'>κατὰ</span> <span class='ocrx_word' id='word_1_145' title='bbox 570 1996 632 2047; x_wconf 76' lang='grc' dir='ltr'>τὸ</span> <span class='ocrx_word' id='word_1_146' title='bbox 671 1997 1081 2065; x_wconf 75' lang='grc' dir='ltr'>γεγραμμένον,</span> <span class='ocrx_word' id='word_1_147' title='bbox 1103 1994 1246 2050; x_wconf 76' lang='grc' dir='ltr'>οὕτω</span> <span class='ocrx_word' id='word_1_148' title='bbox 1283 1997 1476 2050; x_wconf 84' lang='grc' dir='ltr'>τούτου</span> <span class='ocrx_word' id='word_1_149' title='bbox 1530 1998 1668 2066; x_wconf 83' lang='grc' dir='ltr'>μετὰ</span> <span class='ocrx_word' id='word_1_150' title='bbox 1693 1996 1799 2050; x_wconf 86' lang='grc' dir='ltr'><strong>τῶν</strong></span> <span class='ocrx_word' id='word_1_151' title='bbox 1842 1997 1978 2066; x_wconf 76' lang='grc' dir='ltr'>φύλ-</span> 
     </span>
    </p>
   </div>
   <div class='ocr_carea' id='block_1_22' title="bbox 404 2085 1980 2160">
    <p class='ocr_par' dir='ltr' id='par_1_22' title="bbox 404 2085 1980 2160">
     <span class='ocr_line' id='line_1_22' title="bbox 404 2085 1980 2160; baseline 0.003 -22"><span class='ocrx_word' id='word_1_152' title='bbox 404 2085 510 2139; x_wconf 85' lang='grc' dir='ltr'>λων</span> <span class='ocrx_word' id='word_1_153' title='bbox 539 2088 634 2140; x_wconf 73' lang='grc' dir='ltr'>καὶ</span> <span class='ocrx_word' id='word_1_154' title='bbox 661 2088 719 2140; x_wconf 77' lang='grc' dir='ltr'><strong>τὸ</strong></span> <span class='ocrx_word' id='word_1_155' title='bbox 739 2088 920 2154; x_wconf 83' lang='grc' dir='ltr'>ἄνθος,</span> <span class='ocrx_word' id='word_1_156' title='bbox 953 2093 1047 2144; x_wconf 73' lang='grc' dir='ltr'><strong>καὶ</strong></span> <span class='ocrx_word' id='word_1_157' title='bbox 1110 2091 1137 2143; x_wconf 77' lang='grc' dir='ltr'>ὁ</span> <span class='ocrx_word' id='word_1_158' title='bbox 1161 2091 1372 2160; x_wconf 73' lang='grc' dir='ltr'>καρπὸς</span> <span class='ocrx_word' id='word_1_159' title='bbox 1433 2089 1807 2152; x_wconf 81' lang='grc' dir='ltr'>ἀνεκλείπτως</span> <span class='ocrx_word' id='word_1_160' title='bbox 1865 2091 1980 2151; x_wconf 79' lang='grc' dir='ltr'>τοῖς</span> 
     </span>
    </p>
   </div>
   <div class='ocr_carea' id='block_1_23' title="bbox 404 2176 1978 2248">
    <p class='ocr_par' dir='ltr' id='par_1_23' title="bbox 404 2176 1978 2248">
     <span class='ocr_line' id='line_1_23' title="bbox 404 2176 1978 2248; baseline 0.001 -20"><span class='ocrx_word' id='word_1_161' title='bbox 404 2176 615 2237; x_wconf 78' lang='grc' dir='ltr'>πιστῶς</span> <span class='ocrx_word' id='word_1_162' title='bbox 671 2176 961 2248; x_wconf 75' lang='grc' dir='ltr'>προσιοῦσι</span> <span class='ocrx_word' id='word_1_163' title='bbox 1020 2179 1432 2248; x_wconf 74' lang='grc' dir='ltr'>μεταθιδόμενα.</span> <span class='ocrx_word' id='word_1_164' title='bbox 1473 2180 1582 2232; x_wconf 69' lang='grc' dir='ltr'>Καὶ</span> <span class='ocrx_word' id='word_1_165' title='bbox 1604 2178 1745 2247; x_wconf 74' lang='grc' dir='ltr'>πρδς</span> <span class='ocrx_word' id='word_1_166' title='bbox 1794 2177 1894 2247; x_wconf 78' lang='grc' dir='ltr'><strong>μὲν</strong></span> <span class='ocrx_word' id='word_1_167' title='bbox 1917 2177 1978 2229; x_wconf 89' lang='grc' dir='ltr'><strong>τὸ</strong></span> 
     </span>
    </p>
   </div>
   <div class='ocr_carea' id='block_1_24' title="bbox 405 2269 1977 2340">
    <p class='ocr_par' dir='ltr' id='par_1_24' title="bbox 405 2269 1977 2340">
     <span class='ocr_line' id='line_1_24' title="bbox 405 2269 1977 2340; baseline -0.002 -19"><span class='ocrx_word' id='word_1_168' title='bbox 405 2270 582 2322; x_wconf 88' lang='grc' dir='ltr'>πάντα</span> <span class='ocrx_word' id='word_1_169' title='bbox 607 2271 850 2340; x_wconf 75' lang='grc' dir='ltr'>ἐνεγκεῖν</span> <span class='ocrx_word' id='word_1_170' title='bbox 872 2271 1030 2340; x_wconf 82' lang='grc' dir='ltr'>ὁμοῦ,</span> <span class='ocrx_word' id='word_1_171' title='bbox 1049 2273 1142 2324; x_wconf 70' lang='grc' dir='ltr'>καὶ</span> <span class='ocrx_word' id='word_1_172' title='bbox 1170 2271 1310 2324; x_wconf 82' lang='grc' dir='ltr'>κατὰ</span> <span class='ocrx_word' id='word_1_173' title='bbox 1328 2272 1388 2322; x_wconf 80' lang='grc' dir='ltr'>τὸ</span> <span class='ocrx_word' id='word_1_174' title='bbox 1407 2269 1809 2336; x_wconf 82' lang='grc' dir='ltr'>Σολομώντειον</span> <span class='ocrx_word' id='word_1_175' title='bbox 1826 2269 1977 2334; x_wconf 78' lang='grc' dir='ltr'>ἔπος,</span> 
     </span>
    </p>
   </div>
   <div class='ocr_carea' id='block_1_25' title="bbox 404 2359 1979 2433">
    <p class='ocr_par' dir='ltr' id='par_1_25' title="bbox 404 2359 1979 2433">
     <span class='ocr_line' id='line_1_25' title="bbox 404 2359 1979 2433; baseline 0.001 -21"><span class='ocrx_word' id='word_1_176' title='bbox 404 2361 462 2412; x_wconf 79' lang='grc' dir='ltr'><strong>ἐν</strong></span> <span class='ocrx_word' id='word_1_177' title='bbox 485 2359 646 2430; x_wconf 81' lang='grc' dir='ltr'>ὀλίγῳ</span> <span class='ocrx_word' id='word_1_178' title='bbox 684 2362 872 2430; x_wconf 73' lang='grc' dir='ltr'>μακρὰ</span> <span class='ocrx_word' id='word_1_179' title='bbox 899 2362 1183 2433; x_wconf 83' lang='grc' dir='ltr'>πληρῶσαι</span> <span class='ocrx_word' id='word_1_180' title='bbox 1205 2361 1320 2432; x_wconf 75' lang='grc' dir='ltr'>ἔτη,</span> <span class='ocrx_word' id='word_1_181' title='bbox 1385 2362 1579 2431; x_wconf 72' lang='grc' dir='ltr'>ῥάϐδος</span> <span class='ocrx_word' id='word_1_182' title='bbox 1613 2363 1644 2432; x_wconf 82' lang='grc' dir='ltr'>ἡ</span> <span class='ocrx_word' id='word_1_183' title='bbox 1697 2359 1794 2414; x_wconf 84' lang='grc' dir='ltr'><strong>τοῦ</strong></span> <span class='ocrx_word' id='word_1_184' title='bbox 1853 2363 1979 2414; x_wconf 73' lang='lat' dir='ltr'><strong>’Aa-</strong></span> 
     </span>
    </p>
   </div>
   <div class='ocr_carea' id='block_1_26' title="bbox 407 2450 1980 2523">
    <p class='ocr_par' dir='ltr' id='par_1_26' title="bbox 407 2450 1980 2523">
     <span class='ocr_line' id='line_1_26' title="bbox 407 2450 1980 2523; baseline 0.003 -24"><span class='ocrx_word' id='word_1_185' title='bbox 407 2450 514 2517; x_wconf 87' lang='grc' dir='ltr'>ρὼν</span> <span class='ocrx_word' id='word_1_186' title='bbox 549 2451 732 2521; x_wconf 71' lang='grc' dir='ltr'>ἐκείνη</span> <span class='ocrx_word' id='word_1_187' title='bbox 759 2452 1094 2523; x_wconf 74' lang='grc' dir='ltr'>Δημήτριος,</span> <span class='ocrx_word' id='word_1_188' title='bbox 1146 2452 1377 2522; x_wconf 77' lang='grc' dir='ltr'>βλαστὸς</span> <span class='ocrx_word' id='word_1_189' title='bbox 1401 2451 1461 2505; x_wconf 81' lang='grc' dir='ltr'><strong>εὖ</strong></span> <span class='ocrx_word' id='word_1_190' title='bbox 1518 2453 1661 2522; x_wconf 80' lang='grc' dir='ltr'>μάλα</span> <span class='ocrx_word' id='word_1_191' title='bbox 1694 2451 1698 2456; x_wconf 78' lang='grc'><em>’</em></span> <span class='ocrx_word' id='word_1_192' title='bbox 1727 2451 1980 2523; x_wconf 82' lang='grc' dir='ltr'>τεθηλὼς</span> 
     </span>
    </p>
   </div>
   <div class='ocr_carea' id='block_1_27' title="bbox 401 2543 1983 2617">
    <p class='ocr_par' dir='ltr' id='par_1_27' title="bbox 401 2543 1983 2617">
     <span class='ocr_line' id='line_1_27' title="bbox 401 2543 1983 2617; baseline 0.004 -23"><span class='ocrx_word' id='word_1_193' title='bbox 401 2543 707 2608; x_wconf 71' lang='grc' dir='ltr'>εὐσεϐείας,</span> <span class='ocrx_word' id='word_1_194' title='bbox 735 2545 1103 2614; x_wconf 84' lang='grc' dir='ltr'>πολυέραστον</span> <span class='ocrx_word' id='word_1_195' title='bbox 1139 2545 1321 2609; x_wconf 82' lang='grc' dir='ltr'>ἄνθος,</span> <span class='ocrx_word' id='word_1_196' title='bbox 1347 2546 1560 2617; x_wconf 76' lang='grc' dir='ltr'>καρπὸς</span> <span class='ocrx_word' id='word_1_197' title='bbox 1603 2547 1836 2616; x_wconf 71' lang='grc' dir='ltr'>εὐκλεὴς</span> <span class='ocrx_word' id='word_1_198' title='bbox 1887 2548 1983 2601; x_wconf 73' lang='grc' dir='ltr'><strong>καὶ</strong></span> 
     </span>
    </p>
   </div>
   <div class='ocr_carea' id='block_1_28' title="bbox 405 2635 1984 2710">
    <p class='ocr_par' dir='ltr' id='par_1_28' title="bbox 405 2635 1984 2710">
     <span class='ocr_line' id='line_1_28' title="bbox 405 2635 1984 2710; baseline 0.004 -24"><span class='ocrx_word' id='word_1_199' title='bbox 405 2635 662 2707; x_wconf 80' lang='grc' dir='ltr'>θεοειδὴς,</span> <span class='ocrx_word' id='word_1_200' title='bbox 683 2636 884 2705; x_wconf 84' lang='grc' dir='ltr'>μᾶλλον</span> <span class='ocrx_word' id='word_1_201' title='bbox 922 2637 977 2689; x_wconf 76' lang='grc' dir='ltr'>δὲ</span> <span class='ocrx_word' id='word_1_202' title='bbox 1025 2637 1266 2706; x_wconf 77' lang='grc' dir='ltr'>Χριστοῦ</span> <span class='ocrx_word' id='word_1_203' title='bbox 1292 2637 1386 2690; x_wconf 84' lang='grc' dir='ltr'><strong>τοῦ</strong></span> <span class='ocrx_word' id='word_1_204' title='bbox 1419 2639 1640 2692; x_wconf 86' lang='grc' dir='ltr'>αίωνίου</span> <span class='ocrx_word' id='word_1_205' title='bbox 1681 2639 1984 2710; x_wconf 79' lang='grc' dir='ltr'>ἀρχιερέως</span> 
     </span>
    </p>
   </div>
   <div class='ocr_carea' id='block_1_29' title="bbox 405 2726 1981 2802">
    <p class='ocr_par' dir='ltr' id='par_1_29' title="bbox 405 2726 1981 2802">
     <span class='ocr_line' id='line_1_29' title="bbox 405 2726 1981 2802; baseline 0.003 -24"><span class='ocrx_word' id='word_1_206' title='bbox 405 2726 599 2794; x_wconf 76' lang='grc' dir='ltr'>ράεδος</span> <span class='ocrx_word' id='word_1_207' title='bbox 636 2729 726 2781; x_wconf 74' lang='grc' dir='ltr'><strong>καὶ</strong></span> <span class='ocrx_word' id='word_1_208' title='bbox 761 2729 1010 2797; x_wconf 83' lang='grc' dir='ltr'>σκῆπρον</span> <span class='ocrx_word' id='word_1_209' title='bbox 1053 2729 1220 2795; x_wconf 89' lang='grc' dir='ltr'>θεῖον,</span> <span class='ocrx_word' id='word_1_210' title='bbox 1245 2730 1294 2782; x_wconf 79' lang='grc' dir='ltr'><strong>εί</strong></span> <span class='ocrx_word' id='word_1_211' title='bbox 1322 2730 1379 2783; x_wconf 88' lang='grc' dir='ltr'>δὲ</span> <span class='ocrx_word' id='word_1_212' title='bbox 1411 2729 1611 2799; x_wconf 79' lang='grc' dir='ltr'>βούλει.</span> <span class='ocrx_word' id='word_1_213' title='bbox 1679 2732 1772 2785; x_wconf 71' lang='grc' dir='ltr'><strong>καὶ</strong></span> <span class='ocrx_word' id='word_1_214' title='bbox 1803 2731 1981 2802; x_wconf 78' lang='grc' dir='ltr'>ὅρπηξ</span> 
     </span>
    </p>
   </div>
   <div class='ocr_carea' id='block_1_30' title="bbox 401 2817 1984 2893">
    <p class='ocr_par' dir='ltr' id='par_1_30' title="bbox 401 2817 1984 2893">
     <span class='ocr_line' id='line_1_30' title="bbox 401 2817 1984 2893; baseline 0.003 -23"><span class='ocrx_word' id='word_1_215' title='bbox 401 2817 657 2889; x_wconf 79' lang='grc' dir='ltr'>ἁειθαλὴς</span> <span class='ocrx_word' id='word_1_216' title='bbox 687 2820 780 2872; x_wconf 76' lang='grc' dir='ltr'>καὶ</span> <span class='ocrx_word' id='word_1_217' title='bbox 813 2820 1052 2891; x_wconf 72' lang='grc' dir='ltr'>θεοειδὴς</span> <span class='ocrx_word' id='word_1_218' title='bbox 1081 2821 1108 2873; x_wconf 84' lang='grc' dir='ltr'><strong>ὁ</strong></span> <span class='ocrx_word' id='word_1_219' title='bbox 1143 2822 1458 2891; x_wconf 80' lang='grc' dir='ltr'>Δημήτριος</span> <span class='ocrx_word' id='word_1_220' title='bbox 1477 2863 1490 2888; x_wconf 93' lang='grc'><strong>,</strong></span> <span class='ocrx_word' id='word_1_221' title='bbox 1513 2821 1574 2874; x_wconf 80' lang='grc' dir='ltr'><strong>οῦ</strong></span> <span class='ocrx_word' id='word_1_222' title='bbox 1628 2823 1865 2893; x_wconf 77' lang='grc' dir='ltr'>Χριστοῦ</span> <span class='ocrx_word' id='word_1_223' title='bbox 1886 2823 1984 2875; x_wconf 82' lang='grc' dir='ltr'>τύ-</span> 
     </span>
    </p>
   </div>
   <div class='ocr_carea' id='block_1_31' title="bbox 401 2903 1986 2983">
    <p class='ocr_par' dir='ltr' id='par_1_31' title="bbox 401 2903 1986 2983">
     <span class='ocr_line' id='line_1_31' title="bbox 401 2903 1986 2983; baseline -0.005 -12"><span class='ocrx_word' id='word_1_224' title='bbox 401 2923 502 2970; x_wconf 77' lang='grc' dir='ltr'><strong>πος</strong></span> <span class='ocrx_word' id='word_1_225' title='bbox 533 2907 744 2977; x_wconf 80' lang='grc' dir='ltr'>’Λαρὼν</span> <span class='ocrx_word' id='word_1_226' title='bbox 773 2903 862 2978; x_wconf 77' lang='grc' dir='ltr'><strong>ἦν.</strong></span> <span class='ocrx_word' id='word_1_227' title='bbox 898 2910 1008 2962; x_wconf 75' lang='grc' dir='ltr'><strong>Καὶ</strong></span> <span class='ocrx_word' id='word_1_228' title='bbox 1036 2910 1063 2961; x_wconf 82' lang='grc' dir='ltr'>ὁ</span> <span class='ocrx_word' id='word_1_229' title='bbox 1099 2910 1201 2979; x_wconf 84' lang='grc' dir='ltr'><strong>μὲν</strong></span> <span class='ocrx_word' id='word_1_230' title='bbox 1221 2910 1464 2980; x_wconf 86' lang='grc' dir='ltr'>Χριστοῦ</span> <span class='ocrx_word' id='word_1_231' title='bbox 1522 2909 1696 2974; x_wconf 85' lang='grc' dir='ltr'>τύπος</span> <span class='ocrx_word' id='word_1_232' title='bbox 1719 2929 1734 2945; x_wconf 75' lang='grc' dir='ltr'><strong><em>ο</em></strong></span> <span class='ocrx_word' id='word_1_233' title='bbox 1794 2913 1986 2983; x_wconf 68' lang='grc' dir='ltr'>Δημησ</span> 
     </span>
    </p>
   </div>
   <div class='ocr_carea' id='block_1_32' title="bbox 398 3001 1984 3078">
    <p class='ocr_par' dir='ltr' id='par_1_32' title="bbox 398 3001 1984 3078">
     <span class='ocr_line' id='line_1_32' title="bbox 398 3001 1984 3078; baseline 0.006 -25"><span class='ocrx_word' id='word_1_234' title='bbox 398 3002 552 3071; x_wconf 87' lang='grc' dir='ltr'>τρίου</span> <span class='ocrx_word' id='word_1_235' title='bbox 573 3001 650 3066; x_wconf 82' lang='grc' dir='ltr'><strong>δὲ,</strong></span> <span class='ocrx_word' id='word_1_236' title='bbox 685 3003 779 3055; x_wconf 83' lang='grc' dir='ltr'><strong>τοῦ</strong></span> <span class='ocrx_word' id='word_1_237' title='bbox 810 3003 880 3055; x_wconf 77' lang='grc' dir='ltr'><strong>τὰ</strong></span> <span class='ocrx_word' id='word_1_238' title='bbox 925 3004 1106 3056; x_wconf 80' lang='grc' dir='ltr'>πάντα</span> <span class='ocrx_word' id='word_1_239' title='bbox 1163 3002 1354 3067; x_wconf 81' lang='grc' dir='ltr'>καλοῦ,</span> <span class='ocrx_word' id='word_1_240' title='bbox 1396 3006 1694 3076; x_wconf 76' lang='grc' dir='ltr'>σκήπτρου</span> <span class='ocrx_word' id='word_1_241' title='bbox 1740 3007 1984 3078; x_wconf 75' lang='grc' dir='ltr'>Χριστοῦ</span> 
     </span>
    </p>
   </div>
   <div class='ocr_carea' id='block_1_33' title="bbox 399 3091 1982 3168">
    <p class='ocr_par' dir='ltr' id='par_1_33' title="bbox 399 3091 1982 3168">
     <span class='ocr_line' id='line_1_33' title="bbox 399 3091 1982 3168; baseline 0.004 -21"><span class='ocrx_word' id='word_1_242' title='bbox 399 3091 698 3161; x_wconf 78' lang='grc' dir='ltr'>τελοῦντος,</span> <span class='ocrx_word' id='word_1_243' title='bbox 720 3093 914 3164; x_wconf 80' lang='grc' dir='ltr'>ῥάϐδος</span> <span class='ocrx_word' id='word_1_244' title='bbox 935 3094 1118 3165; x_wconf 77' lang='grc' dir='ltr'>ἐκείνη</span> <span class='ocrx_word' id='word_1_245' title='bbox 1136 3097 1330 3161; x_wconf 80' lang='grc' dir='ltr'>τύπος,</span> <span class='ocrx_word' id='word_1_246' title='bbox 1356 3095 1492 3165; x_wconf 76' lang='grc' dir='ltr'>ὁμοῦ</span> <span class='ocrx_word' id='word_1_247' title='bbox 1515 3113 1575 3149; x_wconf 85' lang='grc' dir='ltr'><strong>τε</strong></span> <span class='ocrx_word' id='word_1_248' title='bbox 1603 3096 1982 3168; x_wconf 81' lang='grc' dir='ltr'>βλαστήσασα,</span> 
     </span>
    </p>
   </div>
   <div class='ocr_carea' id='block_1_34' title="bbox 2089 601 3674 676">
    <p class='ocr_par' dir='ltr' id='par_1_34' title="bbox 2089 601 3674 676">
     <span class='ocr_line' id='line_1_34' title="bbox 2089 601 3674 676; baseline 0 -14"><span class='ocrx_word' id='word_1_249' title='bbox 2089 605 2406 669; x_wconf 76' lang='lat' dir='ltr'><strong>ostendere,</strong></span> <span class='ocrx_word' id='word_1_250' title='bbox 2434 612 2490 662; x_wconf 87' lang='lat' dir='ltr'><strong>et</strong></span> <span class='ocrx_word' id='word_1_251' title='bbox 2527 607 2710 661; x_wconf 81' lang='lat' dir='ltr'><strong>omnia</strong></span> <span class='ocrx_word' id='word_1_252' title='bbox 2743 606 2908 666; x_wconf 84' lang='lat' dir='ltr'><strong>simul</strong></span> <span class='ocrx_word' id='word_1_253' title='bbox 2958 621 3098 676; x_wconf 86' lang='lat' dir='ltr'><strong>pene</strong></span> <span class='ocrx_word' id='word_1_254' title='bbox 3130 620 3159 660; x_wconf 92' lang='lat' dir='ltr'><strong>a</strong></span> <span class='ocrx_word' id='word_1_255' title='bbox 3188 607 3375 676; x_wconf 87' lang='lat' dir='ltr'><strong>pueris</strong></span> <span class='ocrx_word' id='word_1_256' title='bbox 3407 601 3530 674; x_wconf 78' lang='lat' dir='ltr'><strong>fuit,</strong></span> <span class='ocrx_word' id='word_1_257' title='bbox 3579 608 3674 662; x_wconf 88' lang='lat' dir='ltr'><strong>ﬁr-</strong></span> 
     </span>
    </p>
   </div>
   <div class='ocr_carea' id='block_1_35' title="bbox 2085 699 3673 770">
    <p class='ocr_par' dir='ltr' id='par_1_35' title="bbox 2085 699 3673 770">
     <span class='ocr_line' id='line_1_35' title="bbox 2085 699 3673 770; baseline 0 -15"><span class='ocrx_word' id='word_1_258' title='bbox 2085 714 2237 755; x_wconf 90' lang='lat' dir='ltr'><strong>mum</strong></span> <span class='ocrx_word' id='word_1_259' title='bbox 2258 708 2312 756; x_wconf 89' lang='lat' dir='ltr'><strong>et</strong></span> <span class='ocrx_word' id='word_1_260' title='bbox 2344 699 2600 754; x_wconf 89' lang='lat' dir='ltr'><strong>decorum</strong></span> <span class='ocrx_word' id='word_1_261' title='bbox 2635 699 2908 766; x_wconf 84' lang='lat' dir='ltr'><strong>columen,</strong></span> <span class='ocrx_word' id='word_1_262' title='bbox 2940 709 3117 757; x_wconf 87' lang='lat' dir='ltr'><strong>statua</strong></span> <span class='ocrx_word' id='word_1_263' title='bbox 3143 700 3516 770; x_wconf 88' lang='lat' dir='ltr'><strong>pulcherrima</strong></span> <span class='ocrx_word' id='word_1_264' title='bbox 3542 715 3573 758; x_wconf 76' lang='grc' dir='ltr'><strong>ιι</strong></span> <span class='ocrx_word' id='word_1_265' title='bbox 3610 715 3673 756; x_wconf 88' lang='lat' dir='ltr'><strong>se</strong></span> 
     </span>
    </p>
   </div>
   <div class='ocr_carea' id='block_1_36' title="bbox 2088 791 3674 866">
    <p class='ocr_par' dir='ltr' id='par_1_36' title="bbox 2088 791 3674 866">
     <span class='ocr_line' id='line_1_36' title="bbox 2088 791 3674 866; baseline 0.003 -22"><span class='ocrx_word' id='word_1_266' title='bbox 2088 799 2298 848; x_wconf 87' lang='lat' dir='ltr'><strong>motum</strong></span> <span class='ocrx_word' id='word_1_267' title='bbox 2331 791 2632 861; x_wconf 86' lang='lat' dir='ltr'><strong>accipiens,</strong></span> <span class='ocrx_word' id='word_1_268' title='bbox 2661 791 2968 850; x_wconf 79' lang='lat' dir='ltr'><strong>divinarum</strong></span> <span class='ocrx_word' id='word_1_269' title='bbox 3017 793 3496 864; x_wconf 81' lang='lat' dir='ltr'><strong>humanarumque</strong></span> <span class='ocrx_word' id='word_1_270' title='bbox 3543 810 3674 866; x_wconf 60' lang='grc' dir='ltr'><strong>μιν</strong></span> 
     </span>
    </p>
   </div>
   <div class='ocr_carea' id='block_1_37' title="bbox 2087 883 3668 958">
    <p class='ocr_par' dir='ltr' id='par_1_37' title="bbox 2087 883 3668 958">
     <span class='ocr_line' id='line_1_37' title="bbox 2087 883 3668 958; baseline 0.001 -18"><span class='ocrx_word' id='word_1_271' title='bbox 2087 883 2289 940; x_wconf 87' lang='lat' dir='ltr'><strong>tiarum</strong></span> <span class='ocrx_word' id='word_1_272' title='bbox 2317 884 2471 940; x_wconf 84' lang='lat' dir='ltr'><strong>sedes</strong></span> <span class='ocrx_word' id='word_1_273' title='bbox 2507 895 2561 940; x_wconf 91' lang='lat' dir='ltr'><strong>et</strong></span> <span class='ocrx_word' id='word_1_274' title='bbox 2601 886 2736 940; x_wconf 89' lang='lat' dir='ltr'><strong>liber</strong></span> <span class='ocrx_word' id='word_1_275' title='bbox 2765 885 2923 941; x_wconf 78' lang='lat' dir='ltr'><strong>vivus</strong></span> <span class='ocrx_word' id='word_1_276' title='bbox 2970 896 3024 941; x_wconf 84' lang='lat' dir='ltr'><strong>et</strong></span> <span class='ocrx_word' id='word_1_277' title='bbox 3063 888 3266 943; x_wconf 85' lang='lat' dir='ltr'><strong>docens</strong></span> <span class='ocrx_word' id='word_1_278' title='bbox 3294 903 3416 958; x_wconf 71' lang='lat' dir='ltr'><strong>qua:</strong></span> <span class='ocrx_word' id='word_1_279' title='bbox 3452 888 3518 948; x_wconf 85' lang='lat' dir='ltr'><strong>ad</strong></span> <span class='ocrx_word' id='word_1_280' title='bbox 3554 887 3668 949; x_wconf 72' lang='lat' dir='ltr'><strong>vir-</strong></span> 
     </span>
    </p>
   </div>
   <div class='ocr_carea' id='block_1_38' title="bbox 2086 977 3676 1047">
    <p class='ocr_par' dir='ltr' id='par_1_38' title="bbox 2086 977 3676 1047">
     <span class='ocr_line' id='line_1_38' title="bbox 2086 977 3676 1047; baseline -0.001 -14"><span class='ocrx_word' id='word_1_281' title='bbox 2086 987 2335 1038; x_wconf 82' lang='lat' dir='ltr'><strong>tutemet</strong></span> <span class='ocrx_word' id='word_1_282' title='bbox 2361 978 2484 1032; x_wconf 81' lang='lat' dir='ltr'><strong>vitae</strong></span> <span class='ocrx_word' id='word_1_283' title='bbox 2512 977 2716 1031; x_wconf 85' lang='lat' dir='ltr'><strong>cultum</strong></span> <span class='ocrx_word' id='word_1_284' title='bbox 2747 978 3330 1037; x_wconf 81' lang='lat' dir='ltr'><strong>conducantdecorum</strong></span> <span class='ocrx_word' id='word_1_285' title='bbox 3361 992 3676 1047; x_wconf 80' lang='lat' dir='ltr'><strong>novumque</strong></span> 
     </span>
    </p>
   </div>
   <div class='ocr_carea' id='block_1_39' title="bbox 2087 1054 3676 1140">
    <p class='ocr_par' dir='ltr' id='par_1_39' title="bbox 2087 1054 3676 1140">
     <span class='ocr_line' id='line_1_39' title="bbox 2087 1054 3676 1140; baseline 0.002 -16"><span class='ocrx_word' id='word_1_286' title='bbox 2087 1054 2331 1124; x_wconf 68' lang='lat' dir='ltr'><strong>oinnium</strong></span> <span class='ocrx_word' id='word_1_287' title='bbox 2355 1072 2626 1125; x_wconf 86' lang='lat' dir='ltr'><strong>bonorum</strong></span> <span class='ocrx_word' id='word_1_288' title='bbox 2652 1080 3142 1140; x_wconf 86' lang='lat' dir='ltr'><strong>temperamentum</strong></span> <span class='ocrx_word' id='word_1_289' title='bbox 3169 1087 3306 1130; x_wconf 74' lang='lat' dir='ltr'><strong>nova</strong></span> <span class='ocrx_word' id='word_1_290' title='bbox 3331 1079 3387 1126; x_wconf 90' lang='lat' dir='ltr'><strong>et</strong></span> <span class='ocrx_word' id='word_1_291' title='bbox 3417 1070 3676 1126; x_wconf 88' lang='lat' dir='ltr'><strong>omnibus</strong></span> 
     </span>
    </p>
   </div>
   <div class='ocr_carea' id='block_1_40' title="bbox 2086 1161 3675 1232">
    <p class='ocr_par' dir='ltr' id='par_1_40' title="bbox 2086 1161 3675 1232">
     <span class='ocr_line' id='line_1_40' title="bbox 2086 1161 3675 1232; baseline -0.001 -14"><span class='ocrx_word' id='word_1_292' title='bbox 2086 1162 2763 1232; x_wconf 80' lang='lat' dir='ltr'><strong>utilissima.singularum</strong></span> <span class='ocrx_word' id='word_1_293' title='bbox 2809 1163 3076 1218; x_wconf 67' lang='lat' dir='ltr'><strong>virtutum</strong></span> <span class='ocrx_word' id='word_1_294' title='bbox 3119 1163 3394 1224; x_wconf 88' lang='lat' dir='ltr'><strong>cumulus,</strong></span> <span class='ocrx_word' id='word_1_295' title='bbox 3429 1171 3480 1225; x_wconf 84' lang='lat' dir='ltr'><strong>et</strong></span> <span class='ocrx_word' id='word_1_296' title='bbox 3507 1170 3567 1218; x_wconf 91' lang='lat' dir='ltr'><strong>ut</strong></span> <span class='ocrx_word' id='word_1_297' title='bbox 3591 1161 3675 1216; x_wconf 82' lang='lat' dir='ltr'><strong>lo—</strong></span> 
     </span>
    </p>
   </div>
   <div class='ocr_carea' id='block_1_41' title="bbox 2083 1253 3680 1328">
    <p class='ocr_par' dir='ltr' id='par_1_41' title="bbox 2083 1253 3680 1328">
     <span class='ocr_line' id='line_1_41' title="bbox 2083 1253 3680 1328; baseline -0.003 -18"><span class='ocrx_word' id='word_1_298' title='bbox 2083 1271 2222 1328; x_wconf 87' lang='lat' dir='ltr'><strong>quar</strong></span> <span class='ocrx_word' id='word_1_299' title='bbox 2236 1271 2359 1310; x_wconf 88' lang='lat' dir='ltr'><strong>cum</strong></span> <span class='ocrx_word' id='word_1_300' title='bbox 2376 1255 2652 1326; x_wconf 72' lang='lat' dir='ltr'><strong>Scriptura</strong></span> <span class='ocrx_word' id='word_1_301' title='bbox 2666 1255 2863 1326; x_wconf 82' lang='lat' dir='ltr'><strong>,palma</strong></span> <span class='ocrx_word' id='word_1_302' title='bbox 2881 1255 3073 1309; x_wconf 83' lang='lat' dir='ltr'><strong>florum</strong></span> <span class='ocrx_word' id='word_1_303' title='bbox 3093 1253 3553 1321; x_wconf 79' lang='lat' dir='ltr'><strong>splendidissima,</strong></span> <span class='ocrx_word' id='word_1_304' title='bbox 3573 1254 3680 1310; x_wconf 74' lang='lat' dir='ltr'><strong>oli-</strong></span> 
     </span>
    </p>
   </div>
   <div class='ocr_carea' id='block_1_42' title="bbox 2083 1333 3675 1415">
    <p class='ocr_par' dir='ltr' id='par_1_42' title="bbox 2083 1333 3675 1415">
     <span class='ocr_line' id='line_1_42' title="bbox 2083 1333 3675 1415; baseline -0.003 -13"><span class='ocrx_word' id='word_1_305' title='bbox 2083 1364 2146 1402; x_wconf 83' lang='lat' dir='ltr'><strong>va</strong></span> <span class='ocrx_word' id='word_1_306' title='bbox 2168 1348 2447 1402; x_wconf 71' lang='lat' dir='ltr'><strong>fructifera</strong></span> <span class='ocrx_word' id='word_1_307' title='bbox 2469 1333 2707 1402; x_wconf 42' lang='lat' dir='ltr'><strong>in&#39;domo</strong></span> <span class='ocrx_word' id='word_1_308' title='bbox 2726 1345 2841 1409; x_wconf 84' lang='lat' dir='ltr'><strong>Dei,</strong></span> <span class='ocrx_word' id='word_1_309' title='bbox 2863 1345 3189 1415; x_wconf 72' lang='lat' dir='ltr'><strong>arborjuxra</strong></span> <span class='ocrx_word' id='word_1_310' title='bbox 3211 1345 3477 1408; x_wconf 85' lang='lat' dir='ltr'><strong>decursus</strong></span> <span class='ocrx_word' id='word_1_311' title='bbox 3503 1359 3675 1412; x_wconf 82' lang='lat' dir='ltr'><strong>aqua-</strong></span> 
     </span>
    </p>
   </div>
   <div class='ocr_carea' id='block_1_43' title="bbox 2082 1434 3675 1508">
    <p class='ocr_par' dir='ltr' id='par_1_43' title="bbox 2082 1434 3675 1508">
     <span class='ocr_line' id='line_1_43' title="bbox 2082 1434 3675 1508; baseline -0.005 -13"><span class='ocrx_word' id='word_1_312' title='bbox 2082 1456 2202 1495; x_wconf 87' lang='lat' dir='ltr'><strong>rum</strong></span> <span class='ocrx_word' id='word_1_313' title='bbox 2227 1439 2454 1508; x_wconf 79' lang='lat' dir='ltr'><strong>spiritus</strong></span> <span class='ocrx_word' id='word_1_314' title='bbox 2474 1452 2575 1508; x_wconf 88' lang='lat' dir='ltr'><strong>ope</strong></span> <span class='ocrx_word' id='word_1_315' title='bbox 2603 1440 2836 1502; x_wconf 87' lang='lat' dir='ltr'><strong>consita,</strong></span> <span class='ocrx_word' id='word_1_316' title='bbox 2865 1437 2970 1493; x_wconf 82' lang='lat' dir='ltr'><strong>nisi</strong></span> <span class='ocrx_word' id='word_1_317' title='bbox 2993 1438 3138 1508; x_wconf 81' lang='lat' dir='ltr'><strong>quod</strong></span> <span class='ocrx_word' id='word_1_318' title='bbox 3158 1439 3312 1508; x_wconf 79' lang='lat' dir='ltr'><strong>juxta</strong></span> <span class='ocrx_word' id='word_1_319' title='bbox 3329 1434 3675 1498; x_wconf 79' lang='lat' dir='ltr'><strong>Psalmistam</strong></span> 
     </span>
    </p>
   </div>
   <div class='ocr_carea' id='block_1_44' title="bbox 2084 1529 3671 1602">
    <p class='ocr_par' dir='ltr' id='par_1_44' title="bbox 2084 1529 3671 1602">
     <span class='ocr_line' id='line_1_44' title="bbox 2084 1529 3671 1602; baseline -0.003 -17"><span class='ocrx_word' id='word_1_320' title='bbox 2084 1533 2288 1602; x_wconf 76' lang='lat' dir='ltr'><strong>lignum</strong></span> <span class='ocrx_word' id='word_1_321' title='bbox 2330 1532 2472 1587; x_wconf 83' lang='lat' dir='ltr'><strong>istud</strong></span> <span class='ocrx_word' id='word_1_322' title='bbox 2497 1532 2588 1586; x_wconf 88' lang='lat' dir='ltr'><strong>dat</strong></span> <span class='ocrx_word' id='word_1_323' title='bbox 2612 1531 2922 1586; x_wconf 87' lang='lat' dir='ltr'><strong>fructumiu</strong></span> <span class='ocrx_word' id='word_1_324' title='bbox 2955 1539 3198 1601; x_wconf 81' lang='lat' dir='ltr'><strong>tempore</strong></span> <span class='ocrx_word' id='word_1_325' title='bbox 3224 1545 3347 1595; x_wconf 90' lang='lat' dir='ltr'><strong>suo,</strong></span> <span class='ocrx_word' id='word_1_326' title='bbox 3380 1529 3454 1583; x_wconf 89' lang='lat' dir='ltr'><strong>illi</strong></span> <span class='ocrx_word' id='word_1_327' title='bbox 3487 1536 3671 1582; x_wconf 90' lang='lat' dir='ltr'><strong>autem</strong></span> 
     </span>
    </p>
   </div>
   <div class='ocr_carea' id='block_1_45' title="bbox 2082 1620 3679 1692">
    <p class='ocr_par' dir='ltr' id='par_1_45' title="bbox 2082 1620 3679 1692">
     <span class='ocr_line' id='line_1_45' title="bbox 2082 1620 3679 1692; baseline -0.004 -13"><span class='ocrx_word' id='word_1_328' title='bbox 2082 1639 2244 1679; x_wconf 87' lang='lat' dir='ltr'><strong>omne</strong></span> <span class='ocrx_word' id='word_1_329' title='bbox 2267 1633 2476 1692; x_wconf 86' lang='lat' dir='ltr'><strong>tempus</strong></span> <span class='ocrx_word' id='word_1_330' title='bbox 2502 1623 2602 1678; x_wconf 85' lang='lat' dir='ltr'><strong>fuit</strong></span> <span class='ocrx_word' id='word_1_331' title='bbox 2624 1627 2778 1679; x_wconf 87' lang='lat' dir='ltr'><strong>etest</strong></span> <span class='ocrx_word' id='word_1_332' title='bbox 2809 1632 2921 1690; x_wconf 80' lang='lat' dir='ltr'><strong>tum</strong></span> <span class='ocrx_word' id='word_1_333' title='bbox 2947 1623 3139 1679; x_wconf 78' lang='lat' dir='ltr'><strong>ﬂerunt</strong></span> <span class='ocrx_word' id='word_1_334' title='bbox 3161 1631 3274 1680; x_wconf 89' lang='lat' dir='ltr'><strong>tum</strong></span> <span class='ocrx_word' id='word_1_335' title='bbox 3304 1620 3602 1681; x_wconf 79' lang='lat' dir='ltr'><strong>fructuum,</strong></span> <span class='ocrx_word' id='word_1_336' title='bbox 3621 1627 3679 1672; x_wconf 82' lang='lat' dir='ltr'><strong>rt</strong></span> 
     </span>
    </p>
   </div>
   <div class='ocr_carea' id='block_1_46' title="bbox 2083 1709 3679 1783">
    <p class='ocr_par' dir='ltr' id='par_1_46' title="bbox 2083 1709 3679 1783">
     <span class='ocr_line' id='line_1_46' title="bbox 2083 1709 3679 1783; baseline -0.003 -12"><span class='ocrx_word' id='word_1_337' title='bbox 2083 1716 2223 1771; x_wconf 81' lang='lat' dir='ltr'><strong>sicut</strong></span> <span class='ocrx_word' id='word_1_338' title='bbox 2242 1715 2391 1771; x_wconf 88' lang='lat' dir='ltr'><strong>illius</strong></span> <span class='ocrx_word' id='word_1_339' title='bbox 2407 1714 2620 1770; x_wconf 86' lang='lat' dir='ltr'><strong>arboris</strong></span> <span class='ocrx_word' id='word_1_340' title='bbox 2646 1714 2860 1780; x_wconf 85' lang='lat' dir='ltr'><strong>folium,</strong></span> <span class='ocrx_word' id='word_1_341' title='bbox 2881 1714 3020 1770; x_wconf 86' lang='lat' dir='ltr'><strong>sicut</strong></span> <span class='ocrx_word' id='word_1_342' title='bbox 3038 1715 3300 1783; x_wconf 82' lang='lat' dir='ltr'><strong>scriptum</strong></span> <span class='ocrx_word' id='word_1_343' title='bbox 3321 1726 3426 1778; x_wconf 71' lang='grc' dir='ltr'>εει,</span> <span class='ocrx_word' id='word_1_344' title='bbox 3451 1709 3560 1770; x_wconf 87' lang='lat' dir='ltr'><strong>non</strong></span> <span class='ocrx_word' id='word_1_345' title='bbox 3578 1710 3679 1767; x_wconf 81' lang='lat' dir='ltr'><strong>de-</strong></span> 
     </span>
    </p>
   </div>
   <div class='ocr_carea' id='block_1_47' title="bbox 2084 1803 3677 1876">
    <p class='ocr_par' dir='ltr' id='par_1_47' title="bbox 2084 1803 3677 1876">
     <span class='ocr_line' id='line_1_47' title="bbox 2084 1803 3677 1876; baseline -0.002 -16"><span class='ocrx_word' id='word_1_346' title='bbox 2084 1807 2234 1867; x_wconf 84' lang='lat' dir='ltr'><strong>cidit,</strong></span> <span class='ocrx_word' id='word_1_347' title='bbox 2259 1807 2333 1862; x_wconf 89' lang='lat' dir='ltr'><strong>ita</strong></span> <span class='ocrx_word' id='word_1_348' title='bbox 2356 1808 2448 1862; x_wconf 87' lang='lat' dir='ltr'><strong>ille</strong></span> <span class='ocrx_word' id='word_1_349' title='bbox 2470 1822 2578 1862; x_wconf 92' lang='lat' dir='ltr'><strong>non</strong></span> <span class='ocrx_word' id='word_1_350' title='bbox 2610 1806 2740 1863; x_wconf 87' lang='lat' dir='ltr'><strong>folia</strong></span> <span class='ocrx_word' id='word_1_351' title='bbox 2772 1817 2982 1876; x_wconf 84' lang='lat' dir='ltr'><strong>tantum</strong></span> <span class='ocrx_word' id='word_1_352' title='bbox 3005 1807 3099 1863; x_wconf 88' lang='lat' dir='ltr'><strong>sed</strong></span> <span class='ocrx_word' id='word_1_353' title='bbox 3127 1815 3181 1861; x_wconf 92' lang='lat' dir='ltr'><strong>et</strong></span> <span class='ocrx_word' id='word_1_354' title='bbox 3206 1805 3440 1862; x_wconf 78' lang='lat' dir='ltr'><strong>lloreset</strong></span> <span class='ocrx_word' id='word_1_355' title='bbox 3465 1803 3677 1864; x_wconf 79' lang='lat' dir='ltr'><strong>fructus</strong></span> 
     </span>
    </p>
   </div>
   <div class='ocr_carea' id='block_1_48' title="bbox 2081 1897 3678 1969">
    <p class='ocr_par' dir='ltr' id='par_1_48' title="bbox 2081 1897 3678 1969">
     <span class='ocr_line' id='line_1_48' title="bbox 2081 1897 3678 1969; baseline -0.001 -16"><span class='ocrx_word' id='word_1_356' title='bbox 2081 1899 2311 1953; x_wconf 87' lang='lat' dir='ltr'><strong>ﬁdenter</strong></span> <span class='ocrx_word' id='word_1_357' title='bbox 2335 1899 2726 1955; x_wconf 81' lang='lat' dir='ltr'><strong>accedentibus</strong></span> <span class='ocrx_word' id='word_1_358' title='bbox 2766 1899 3066 1955; x_wconf 72' lang='lat' dir='ltr'><strong>distribuit.</strong></span> <span class='ocrx_word' id='word_1_359' title='bbox 3103 1898 3366 1969; x_wconf 86' lang='lat' dir='ltr'><strong>Denique,</strong></span> <span class='ocrx_word' id='word_1_360' title='bbox 3399 1905 3460 1954; x_wconf 84' lang='lat' dir='ltr'><strong>ut</strong></span> <span class='ocrx_word' id='word_1_361' title='bbox 3491 1897 3678 1955; x_wconf 81' lang='lat' dir='ltr'><strong>omnia</strong></span> 
     </span>
    </p>
   </div>
   <div class='ocr_carea' id='block_1_49' title="bbox 2079 1985 3674 2060">
    <p class='ocr_par' dir='ltr' id='par_1_49' title="bbox 2079 1985 3674 2060">
     <span class='ocr_line' id='line_1_49' title="bbox 2079 1985 3674 2060; baseline -0.003 -16"><span class='ocrx_word' id='word_1_362' title='bbox 2079 1993 2273 2058; x_wconf 79' lang='lat' dir='ltr'><strong>paucis</strong></span> <span class='ocrx_word' id='word_1_363' title='bbox 2287 1991 2799 2060; x_wconf 64' lang='lat' dir='ltr'><strong>complectar-Juxta</strong></span> <span class='ocrx_word' id='word_1_364' title='bbox 2819 1987 3130 2046; x_wconf 73' lang='lat' dir='ltr'><strong>Salomonis</strong></span> <span class='ocrx_word' id='word_1_365' title='bbox 3157 1988 3365 2047; x_wconf 80' lang='lat' dir='ltr'><strong>dictum</strong></span> <span class='ocrx_word' id='word_1_366' title='bbox 3393 2003 3408 2042; x_wconf 85' lang='lat'><strong>:</strong></span> <span class='ocrx_word' id='word_1_367' title='bbox 3437 1986 3491 2044; x_wconf 90' lang='lat' dir='ltr'><strong>in</strong></span> <span class='ocrx_word' id='word_1_368' title='bbox 3519 1985 3674 2042; x_wconf 63' lang='lat' dir='ltr'><strong>breui</strong></span> 
     </span>
    </p>
   </div>
   <div class='ocr_carea' id='block_1_50' title="bbox 2080 2075 3674 2151">
    <p class='ocr_par' dir='ltr' id='par_1_50' title="bbox 2080 2075 3674 2151">
     <span class='ocr_line' id='line_1_50' title="bbox 2080 2075 3674 2151; baseline -0.004 -14"><span class='ocrx_word' id='word_1_369' title='bbox 2080 2081 2313 2147; x_wconf 83' lang='lat' dir='ltr'><strong>explevit</strong></span> <span class='ocrx_word' id='word_1_370' title='bbox 2341 2090 2584 2151; x_wconf 83' lang='lat' dir='ltr'><strong>tempora</strong></span> <span class='ocrx_word' id='word_1_371' title='bbox 2621 2081 2812 2137; x_wconf 88' lang='lat' dir='ltr'><strong>multa.</strong></span> <span class='ocrx_word' id='word_1_372' title='bbox 2843 2079 2971 2136; x_wconf 87' lang='lat' dir='ltr'><strong>Erat</strong></span> <span class='ocrx_word' id='word_1_373' title='bbox 2989 2078 3297 2136; x_wconf 77' lang='lat' dir='ltr'><strong>Demetrius</strong></span> <span class='ocrx_word' id='word_1_374' title='bbox 3331 2076 3420 2132; x_wconf 90' lang='lat' dir='ltr'><strong>illa</strong></span> <span class='ocrx_word' id='word_1_375' title='bbox 3438 2075 3674 2138; x_wconf 68' lang='lat' dir='ltr'><strong>Aaron—is</strong></span> 
     </span>
    </p>
   </div>
   <div class='ocr_carea' id='block_1_51' title="bbox 2079 2167 3674 2244">
    <p class='ocr_par' dir='ltr' id='par_1_51' title="bbox 2079 2167 3674 2244">
     <span class='ocr_line' id='line_1_51' title="bbox 2079 2167 3674 2244; baseline -0.001 -16"><span class='ocrx_word' id='word_1_376' title='bbox 2079 2175 2254 2244; x_wconf 79' lang='lat' dir='ltr'><strong>virga,</strong></span> <span class='ocrx_word' id='word_1_377' title='bbox 2288 2188 2508 2244; x_wconf 80' lang='lat' dir='ltr'><strong>germen</strong></span> <span class='ocrx_word' id='word_1_378' title='bbox 2537 2172 2756 2243; x_wconf 88' lang='lat' dir='ltr'><strong>pietatis</strong></span> <span class='ocrx_word' id='word_1_379' title='bbox 2784 2171 3167 2234; x_wconf 74' lang='lat' dir='ltr'><strong>trendescens,</strong></span> <span class='ocrx_word' id='word_1_380' title='bbox 3189 2169 3290 2226; x_wconf 79' lang='lat' dir='ltr'><strong>llos</strong></span> <span class='ocrx_word' id='word_1_381' title='bbox 3313 2167 3472 2226; x_wconf 79' lang='lat' dir='ltr'><strong>valde</strong></span> <span class='ocrx_word' id='word_1_382' title='bbox 3495 2181 3674 2226; x_wconf 66' lang='lat' dir='ltr'><strong>amm-</strong></span> 
     </span>
    </p>
   </div>
   <div class='ocr_carea' id='block_1_52' title="bbox 2081 2248 3668 2330">
    <p class='ocr_par' dir='ltr' id='par_1_52' title="bbox 2081 2248 3668 2330">
     <span class='ocr_line' id='line_1_52' title="bbox 2081 2248 3668 2330; baseline -0.006 -12"><span class='ocrx_word' id='word_1_383' title='bbox 2081 2280 2209 2329; x_wconf 86' lang='lat' dir='ltr'><strong>uus,</strong></span> <span class='ocrx_word' id='word_1_384' title='bbox 2261 2265 2472 2320; x_wconf 87' lang='lat' dir='ltr'><strong>fructus</strong></span> <span class='ocrx_word' id='word_1_385' title='bbox 2520 2263 2722 2317; x_wconf 78' lang='lat' dir='ltr'><strong>nobilis</strong></span> <span class='ocrx_word' id='word_1_386' title='bbox 2777 2272 2832 2317; x_wconf 86' lang='lat' dir='ltr'><strong>et</strong></span> <span class='ocrx_word' id='word_1_387' title='bbox 2881 2260 2992 2316; x_wconf 84' lang='lat' dir='ltr'><strong>Deo</strong></span> <span class='ocrx_word' id='word_1_388' title='bbox 3026 2269 3238 2330; x_wconf 83' lang='lat' dir='ltr'><strong>gratus,</strong></span> <span class='ocrx_word' id='word_1_389' title='bbox 3296 2258 3408 2316; x_wconf 88' lang='lat' dir='ltr'><strong>imo</strong></span> <span class='ocrx_word' id='word_1_390' title='bbox 3459 2248 3668 2314; x_wconf 69' lang='lat' dir='ltr'><strong>Chrisri</strong></span> 
     </span>
    </p>
   </div>
   <div class='ocr_carea' id='block_1_53' title="bbox 2081 2349 3678 2426">
    <p class='ocr_par' dir='ltr' id='par_1_53' title="bbox 2081 2349 3678 2426">
     <span class='ocr_line' id='line_1_53' title="bbox 2081 2349 3678 2426; baseline -0.005 -14"><span class='ocrx_word' id='word_1_391' title='bbox 2081 2358 2267 2412; x_wconf 64' lang='lat' dir='ltr'><strong>aeterni</strong></span> <span class='ocrx_word' id='word_1_392' title='bbox 2304 2357 2575 2426; x_wconf 83' lang='lat' dir='ltr'><strong>pontiﬁcis</strong></span> <span class='ocrx_word' id='word_1_393' title='bbox 2607 2356 2757 2425; x_wconf 81' lang='lat' dir='ltr'><strong>virga</strong></span> <span class='ocrx_word' id='word_1_394' title='bbox 2781 2363 3168 2423; x_wconf 77' lang='lat' dir='ltr'><strong>sceptrumque</strong></span> <span class='ocrx_word' id='word_1_395' title='bbox 3197 2352 3471 2415; x_wconf 66' lang='lat' dir='ltr'><strong>divinum,</strong></span> <span class='ocrx_word' id='word_1_396' title='bbox 3501 2351 3544 2405; x_wconf 90' lang='lat' dir='ltr'><strong>si</strong></span> <span class='ocrx_word' id='word_1_397' title='bbox 3573 2349 3678 2404; x_wconf 72' lang='lat' dir='ltr'><strong>tibi</strong></span> 
     </span>
    </p>
   </div>
   <div class='ocr_carea' id='block_1_54' title="bbox 2083 2442 3673 2519">
    <p class='ocr_par' dir='ltr' id='par_1_54' title="bbox 2083 2442 3673 2519">
     <span class='ocr_line' id='line_1_54' title="bbox 2083 2442 3673 2519; baseline -0.004 -17"><span class='ocrx_word' id='word_1_398' title='bbox 2083 2451 2277 2519; x_wconf 87' lang='lat' dir='ltr'><strong>placet,</strong></span> <span class='ocrx_word' id='word_1_399' title='bbox 2307 2452 2374 2504; x_wconf 88' lang='lat' dir='ltr'><strong>et&#39;</strong></span> <span class='ocrx_word' id='word_1_400' title='bbox 2399 2464 2583 2504; x_wconf 89' lang='lat' dir='ltr'><strong>ramus</strong></span> <span class='ocrx_word' id='word_1_401' title='bbox 2618 2462 2835 2517; x_wconf 90' lang='lat' dir='ltr'><strong>semper</strong></span> <span class='ocrx_word' id='word_1_402' title='bbox 2877 2445 3174 2501; x_wconf 85' lang='lat' dir='ltr'><strong>ﬂoresceus</strong></span> <span class='ocrx_word' id='word_1_403' title='bbox 3211 2452 3510 2516; x_wconf 78' lang='lat' dir='ltr'><strong>gratusque</strong></span> <span class='ocrx_word' id='word_1_404' title='bbox 3563 2442 3673 2497; x_wconf 81' lang='lat' dir='ltr'><strong>Deo</strong></span> 
     </span>
    </p>
   </div>
   <div class='ocr_carea' id='block_1_55' title="bbox 2089 2533 3674 2610">
    <p class='ocr_par' dir='ltr' id='par_1_55' title="bbox 2089 2533 3674 2610">
     <span class='ocr_line' id='line_1_55' title="bbox 2089 2533 3674 2610; baseline -0.005 -15"><span class='ocrx_word' id='word_1_405' title='bbox 2089 2541 2420 2596; x_wconf 88' lang='lat' dir='ltr'><strong>Demetrius.</strong></span> <span class='ocrx_word' id='word_1_406' title='bbox 2467 2539 2671 2594; x_wconf 80' lang='lat' dir='ltr'><strong>Christi</strong></span> <span class='ocrx_word' id='word_1_407' title='bbox 2718 2539 2891 2610; x_wconf 80' lang='lat' dir='ltr'><strong>ﬁgura</strong></span> <span class='ocrx_word' id='word_1_408' title='bbox 2923 2537 3106 2596; x_wconf 83' lang='lat' dir='ltr'><strong>Aaron</strong></span> <span class='ocrx_word' id='word_1_409' title='bbox 3139 2546 3274 2600; x_wconf 78' lang='lat' dir='ltr'><strong>erat,</strong></span> <span class='ocrx_word' id='word_1_410' title='bbox 3308 2551 3441 2591; x_wconf 89' lang='lat' dir='ltr'><strong>sane</strong></span> <span class='ocrx_word' id='word_1_411' title='bbox 3469 2533 3674 2589; x_wconf 75' lang='lat' dir='ltr'><strong>Christi</strong></span> 
     </span>
    </p>
   </div>
   <div class='ocr_carea' id='block_1_56' title="bbox 2083 2626 3674 2703">
    <p class='ocr_par' dir='ltr' id='par_1_56' title="bbox 2083 2626 3674 2703">
     <span class='ocr_line' id='line_1_56' title="bbox 2083 2626 3674 2703; baseline -0.007 -16"><span class='ocrx_word' id='word_1_412' title='bbox 2083 2633 2306 2703; x_wconf 83' lang='lat' dir='ltr'><strong>quidem</strong></span> <span class='ocrx_word' id='word_1_413' title='bbox 2335 2641 2453 2688; x_wconf 89' lang='lat' dir='ltr'><strong>erat</strong></span> <span class='ocrx_word' id='word_1_414' title='bbox 2485 2630 2949 2702; x_wconf 80' lang='lat' dir='ltr'><strong>typus,Demetrii</strong></span> <span class='ocrx_word' id='word_1_415' title='bbox 2976 2645 3105 2685; x_wconf 76' lang='lat' dir='ltr'><strong>vero</strong></span> <span class='ocrx_word' id='word_1_416' title='bbox 3132 2644 3230 2697; x_wconf 90' lang='lat' dir='ltr'><strong>per</strong></span> <span class='ocrx_word' id='word_1_417' title='bbox 3255 2629 3438 2684; x_wconf 86' lang='lat' dir='ltr'><strong>omnia</strong></span> <span class='ocrx_word' id='word_1_418' title='bbox 3463 2626 3674 2692; x_wconf 82' lang='lat' dir='ltr'><strong>decori,</strong></span> 
     </span>
    </p>
   </div>
   <div class='ocr_carea' id='block_1_57' title="bbox 2087 2719 3671 2798">
    <p class='ocr_par' dir='ltr' id='par_1_57' title="bbox 2087 2719 3671 2798">
     <span class='ocr_line' id='line_1_57' title="bbox 2087 2719 3671 2798; baseline -0.007 -17"><span class='ocrx_word' id='word_1_419' title='bbox 2087 2726 2318 2798; x_wconf 79' lang='lat' dir='ltr'><strong>perfecti</strong></span> <span class='ocrx_word' id='word_1_420' title='bbox 2382 2725 2582 2795; x_wconf 85' lang='lat' dir='ltr'><strong>sceptri</strong></span> <span class='ocrx_word' id='word_1_421' title='bbox 2639 2724 2946 2778; x_wconf 77' lang='lat' dir='ltr'><strong>Salva-toris</strong></span> <span class='ocrx_word' id='word_1_422' title='bbox 2999 2730 3157 2794; x_wconf 77' lang='lat' dir='ltr'><strong>typus</strong></span> <span class='ocrx_word' id='word_1_423' title='bbox 3217 2730 3334 2776; x_wconf 88' lang='lat' dir='ltr'><strong>erat</strong></span> <span class='ocrx_word' id='word_1_424' title='bbox 3380 2720 3472 2774; x_wconf 90' lang='lat' dir='ltr'><strong>illa</strong></span> <span class='ocrx_word' id='word_1_425' title='bbox 3521 2719 3671 2788; x_wconf 81' lang='lat' dir='ltr'><strong>virga</strong></span> 
     </span>
    </p>
   </div>
   <div class='ocr_carea' id='block_1_58' title="bbox 2085 2811 3676 2884">
    <p class='ocr_par' dir='ltr' id='par_1_58' title="bbox 2085 2811 3676 2884">
     <span class='ocr_line' id='line_1_58' title="bbox 2085 2811 3676 2884; baseline -0.006 -10"><span class='ocrx_word' id='word_1_426' title='bbox 2085 2819 2375 2874; x_wconf 78' lang='lat' dir='ltr'><strong>frondibus</strong></span> <span class='ocrx_word' id='word_1_427' title='bbox 2405 2816 2571 2872; x_wconf 86' lang='lat' dir='ltr'><strong>simul</strong></span> <span class='ocrx_word' id='word_1_428' title='bbox 2603 2825 2655 2872; x_wconf 91' lang='lat' dir='ltr'><strong>et</strong></span> <span class='ocrx_word' id='word_1_429' title='bbox 2683 2815 2910 2870; x_wconf 83' lang='lat' dir='ltr'><strong>ﬂoribus</strong></span> <span class='ocrx_word' id='word_1_430' title='bbox 2942 2823 3162 2879; x_wconf 87' lang='lat' dir='ltr'><strong>ornata,</strong></span> <span class='ocrx_word' id='word_1_431' title='bbox 3196 2814 3511 2884; x_wconf 84' lang='lat' dir='ltr'><strong>pariterque</strong></span> <span class='ocrx_word' id='word_1_432' title='bbox 3557 2811 3676 2865; x_wconf 87' lang='lat' dir='ltr'><strong>fru-</strong></span> 
     </span>
    </p>
   </div>
   <div class='ocr_carea' id='block_1_59' title="bbox 2071 2904 3673 2978">
    <p class='ocr_par' dir='ltr' id='par_1_59' title="bbox 2071 2904 3673 2978">
     <span class='ocr_line' id='line_1_59' title="bbox 2071 2904 3673 2978; baseline -0.004 -15"><span class='ocrx_word' id='word_1_433' title='bbox 2071 2921 2213 2966; x_wconf 76' lang='lat' dir='ltr'><strong>ctus</strong></span> <span class='ocrx_word' id='word_1_434' title='bbox 2245 2909 2528 2975; x_wconf 85' lang='lat' dir='ltr'><strong>proferens</strong></span> <span class='ocrx_word' id='word_1_435' title='bbox 2558 2923 2700 2978; x_wconf 86' lang='lat' dir='ltr'><strong>quos</strong></span> <span class='ocrx_word' id='word_1_436' title='bbox 2749 2907 3017 2963; x_wconf 86' lang='lat' dir='ltr'><strong>divinitus</strong></span> <span class='ocrx_word' id='word_1_437' title='bbox 3053 2907 3118 2960; x_wconf 88' lang='lat' dir='ltr'><strong>ad</strong></span> <span class='ocrx_word' id='word_1_438' title='bbox 3164 2905 3537 2960; x_wconf 84' lang='lat' dir='ltr'><strong>maturitatem</strong></span> <span class='ocrx_word' id='word_1_439' title='bbox 3572 2904 3673 2956; x_wconf 92' lang='lat' dir='ltr'><strong>ad-</strong></span> 
     </span>
    </p>
   </div>
   <div class='ocr_carea' id='block_1_60' title="bbox 2085 2999 3670 3066">
    <p class='ocr_par' dir='ltr' id='par_1_60' title="bbox 2085 2999 3670 3066">
     <span class='ocr_line' id='line_1_60' title="bbox 2085 2999 3670 3066; baseline -0.005 -9"><span class='ocrx_word' id='word_1_440' title='bbox 2085 3002 2328 3057; x_wconf 88' lang='lat' dir='ltr'><strong>duceret.</strong></span> <span class='ocrx_word' id='word_1_441' title='bbox 2359 3001 2666 3057; x_wconf 87' lang='lat' dir='ltr'><strong>Demetrius</strong></span> <span class='ocrx_word' id='word_1_442' title='bbox 2710 3007 2894 3054; x_wconf 85' lang='lat' dir='ltr'><strong>autem</strong></span> <span class='ocrx_word' id='word_1_443' title='bbox 2929 2999 2999 3054; x_wconf 89' lang='lat' dir='ltr'><strong>ab</strong></span> <span class='ocrx_word' id='word_1_444' title='bbox 3045 3013 3108 3052; x_wconf 88' lang='lat' dir='ltr'><strong>ea</strong></span> <span class='ocrx_word' id='word_1_445' title='bbox 3134 2999 3409 3066; x_wconf 87' lang='lat' dir='ltr'><strong>discrepat</strong></span> <span class='ocrx_word' id='word_1_446' title='bbox 3457 3004 3670 3050; x_wconf 88' lang='lat' dir='ltr'><strong>tantum</strong></span> 
     </span>
    </p>
   </div>
   <div class='ocr_carea' id='block_1_61' title="bbox 2087 3086 3670 3164">
    <p class='ocr_par' dir='ltr' id='par_1_61' title="bbox 2087 3086 3670 3164">
     <span class='ocr_line' id='line_1_61' title="bbox 2087 3086 3670 3164; baseline -0.005 -17"><span class='ocrx_word' id='word_1_447' title='bbox 2087 3100 2353 3164; x_wconf 88' lang='lat' dir='ltr'><strong>quantum</strong></span> <span class='ocrx_word' id='word_1_448' title='bbox 2405 3106 2435 3145; x_wconf 85' lang='lat' dir='ltr'><strong>a</strong></span> <span class='ocrx_word' id='word_1_449' title='bbox 2489 3100 2638 3162; x_wconf 85' lang='lat' dir='ltr'><strong>typo,</strong></span> <span class='ocrx_word' id='word_1_450' title='bbox 2682 3091 2943 3145; x_wconf 81' lang='lat' dir='ltr'><strong>decenter</strong></span> <span class='ocrx_word' id='word_1_451' title='bbox 2975 3088 3031 3143; x_wconf 87' lang='lat' dir='ltr'><strong>in</strong></span> <span class='ocrx_word' id='word_1_452' title='bbox 3063 3088 3260 3144; x_wconf 86' lang='lat' dir='ltr'><strong>melius</strong></span> <span class='ocrx_word' id='word_1_453' title='bbox 3301 3103 3406 3142; x_wconf 86' lang='lat' dir='ltr'><strong>non</strong></span> <span class='ocrx_word' id='word_1_454' title='bbox 3448 3086 3670 3155; x_wconf 81' lang='lat' dir='ltr'><strong>quidem</strong></span> 
     </span>
    </p>
   </div>
   <div class='ocr_carea' id='block_1_62' title="bbox 400 3180 1978 3260">
    <p class='ocr_par' dir='ltr' id='par_1_62' title="bbox 400 3187 1978 3260">
     <span class='ocr_line' id='line_1_62' title="bbox 400 3187 1978 3260; baseline 0.003 -22"><span class='ocrx_word' id='word_1_455' title='bbox 400 3187 504 3242; x_wconf 70' lang='grc' dir='ltr'>καὶ</span> <span class='ocrx_word' id='word_1_456' title='bbox 530 3187 835 3258; x_wconf 76' lang='grc' dir='ltr'>ἀνθήσασα,</span> <span class='ocrx_word' id='word_1_457' title='bbox 860 3188 1115 3252; x_wconf 75' lang='grc' dir='ltr'>καὶτοὺς</span> <span class='ocrx_word' id='word_1_458' title='bbox 1173 3190 1424 3259; x_wconf 74' lang='grc' dir='ltr'>καρποὺς</span> <span class='ocrx_word' id='word_1_459' title='bbox 1475 3189 1864 3260; x_wconf 75' lang='grc' dir='ltr'>προϐαλομένη</span> <span class='ocrx_word' id='word_1_460' title='bbox 1923 3207 1978 3243; x_wconf 87' lang='grc' dir='ltr'><strong>τε</strong></span> 
     </span>
    </p>
   </div>
   <div class='ocr_carea' id='block_1_63' title="bbox 2082 3180 3672 3260">
    <p class='ocr_par' dir='ltr' id='par_1_63' title="bbox 2089 3180 3672 3257">
     <span class='ocr_line' id='line_1_63' title="bbox 2089 3180 3672 3257; baseline -0.004 -18"><span class='ocrx_word' id='word_1_461' title='bbox 2089 3199 2277 3257; x_wconf 82' lang='lat' dir='ltr'><strong>parva,</strong></span> <span class='ocrx_word' id='word_1_462' title='bbox 2313 3185 2407 3239; x_wconf 90' lang='lat' dir='ltr'><strong>sed</strong></span> <span class='ocrx_word' id='word_1_463' title='bbox 2437 3183 2694 3254; x_wconf 80' lang='lat' dir='ltr'><strong>quaelibet</strong></span> <span class='ocrx_word' id='word_1_464' title='bbox 2730 3184 2958 3239; x_wconf 84' lang='lat' dir='ltr'><strong>honesta</strong></span> <span class='ocrx_word' id='word_1_465' title='bbox 3005 3191 3061 3238; x_wconf 85' lang='lat' dir='ltr'><strong>et</strong></span> <span class='ocrx_word' id='word_1_466' title='bbox 3107 3182 3302 3236; x_wconf 90' lang='lat' dir='ltr'><strong>decora</strong></span> <span class='ocrx_word' id='word_1_467' title='bbox 3352 3180 3672 3249; x_wconf 79' lang='lat' dir='ltr'><strong>relinquens</strong></span> 
     </span>
    </p>
   </div>
   <div class='ocr_carea' id='block_1_64' title="bbox 397 3277 1984 3350">
    <p class='ocr_par' dir='ltr' id='par_1_64' title="bbox 397 3277 1984 3350">
     <span class='ocr_line' id='line_1_64' title="bbox 397 3277 1984 3350; baseline 0.002 -19"><span class='ocrx_word' id='word_1_468' title='bbox 397 3278 538 3346; x_wconf 78' lang='grc' dir='ltr'>ἃμα,</span> <span class='ocrx_word' id='word_1_469' title='bbox 564 3287 660 3332; x_wconf 82' lang='grc' dir='ltr'>καὶ</span> <span class='ocrx_word' id='word_1_470' title='bbox 699 3277 1152 3349; x_wconf 72' lang='grc' dir='ltr'>τελεσφορήσασα</span> <span class='ocrx_word' id='word_1_471' title='bbox 1175 3280 1357 3342; x_wconf 85' lang='grc' dir='ltr'>θείως.</span> <span class='ocrx_word' id='word_1_472' title='bbox 1387 3281 1645 3350; x_wconf 68' lang='grc' dir='ltr'>Διαφέρει</span> <span class='ocrx_word' id='word_1_473' title='bbox 1676 3281 1734 3334; x_wconf 76' lang='grc' dir='ltr'>δὲ</span> <span class='ocrx_word' id='word_1_474' title='bbox 1794 3281 1984 3334; x_wconf 76' lang='grc' dir='ltr'>κάκείο</span> 
     </span>
    </p>
   </div>
   <div class='ocr_carea' id='block_1_65' title="bbox 395 3359 1980 3441">
    <p class='ocr_par' dir='ltr' id='par_1_65' title="bbox 395 3359 1980 3441">
     <span class='ocr_line' id='line_1_65' title="bbox 395 3359 1980 3441; baseline 0.003 -18"><span class='ocrx_word' id='word_1_475' title='bbox 395 3389 516 3440; x_wconf 85' lang='grc' dir='ltr'>νης,</span> <span class='ocrx_word' id='word_1_476' title='bbox 545 3373 642 3424; x_wconf 78' lang='grc' dir='ltr'>ὅσα</span> <span class='ocrx_word' id='word_1_477' title='bbox 667 3371 758 3423; x_wconf 76' lang='grc' dir='ltr'><strong>καὶ</strong></span> <span class='ocrx_word' id='word_1_478' title='bbox 791 3372 983 3433; x_wconf 85' lang='grc' dir='ltr'>τύπου,</span> <span class='ocrx_word' id='word_1_479' title='bbox 1016 3372 1337 3440; x_wconf 75' lang='grc' dir='ltr'>πρεπόντως</span> <span class='ocrx_word' id='word_1_480' title='bbox 1353 3373 1449 3426; x_wconf 67' lang='grc' dir='ltr'><strong>ἐπὶ</strong></span> <span class='ocrx_word' id='word_1_481' title='bbox 1469 3359 1524 3424; x_wconf 81' lang='grc' dir='ltr'><strong>τὸ</strong></span> <span class='ocrx_word' id='word_1_482' title='bbox 1551 3375 1822 3441; x_wconf 70' lang='grc' dir='ltr'>κρεῖττον,</span> <span class='ocrx_word' id='word_1_483' title='bbox 1847 3372 1907 3425; x_wconf 79' lang='grc' dir='ltr'><strong>οὗ</strong></span> <span class='ocrx_word' id='word_1_484' title='bbox 1934 3390 1980 3427; x_wconf 81' lang='grc' dir='ltr'><strong>τι</strong></span> 
     </span>
    </p>
   </div>
   <div class='ocr_carea' id='block_1_66' title="bbox 407 3457 1984 3530">
    <p class='ocr_par' dir='ltr' id='par_1_66' title="bbox 407 3457 1984 3530">
     <span class='ocr_line' id='line_1_66' title="bbox 407 3457 1984 3530; baseline 0.002 -16"><span class='ocrx_word' id='word_1_485' title='bbox 407 3457 618 3530; x_wconf 72' lang='grc' dir='ltr'>μικρὸν,</span> <span class='ocrx_word' id='word_1_486' title='bbox 638 3463 662 3514; x_wconf 76' lang='grc' dir='ltr'>ὁ</span> <span class='ocrx_word' id='word_1_487' title='bbox 685 3463 792 3515; x_wconf 75' lang='grc' dir='ltr'>πᾶν</span> <span class='ocrx_word' id='word_1_488' title='bbox 810 3462 835 3513; x_wconf 80' lang='grc' dir='ltr'>ὅ</span> <span class='ocrx_word' id='word_1_489' title='bbox 854 3480 902 3514; x_wconf 86' lang='grc' dir='ltr'><strong>τι</strong></span> <span class='ocrx_word' id='word_1_490' title='bbox 929 3461 1037 3514; x_wconf 88' lang='grc' dir='ltr'><strong>τῶν</strong></span> <span class='ocrx_word' id='word_1_491' title='bbox 1062 3461 1264 3526; x_wconf 87' lang='grc' dir='ltr'>καλῶν,</span> <span class='ocrx_word' id='word_1_492' title='bbox 1283 3465 1513 3516; x_wconf 76' lang='grc' dir='ltr'>κατόπιν</span> <span class='ocrx_word' id='word_1_493' title='bbox 1568 3462 1764 3516; x_wconf 77' lang='grc' dir='ltr'>ἑαυτοῦ</span> <span class='ocrx_word' id='word_1_494' title='bbox 1795 3463 1984 3517; x_wconf 83' lang='grc' dir='ltr'>ποιού-</span> 
     </span>
    </p>
   </div>
   <div class='ocr_carea' id='block_1_67' title="bbox 403 3554 1978 3627">
    <p class='ocr_par' dir='ltr' id='par_1_67' title="bbox 403 3554 1978 3627">
     <span class='ocr_line' id='line_1_67' title="bbox 403 3554 1978 3627; baseline 0.003 -22"><span class='ocrx_word' id='word_1_495' title='bbox 403 3570 565 3621; x_wconf 79' lang='grc' dir='ltr'>μενος</span> <span class='ocrx_word' id='word_1_496' title='bbox 597 3554 673 3622; x_wconf 84' lang='grc' dir='ltr'>τῷ</span> <span class='ocrx_word' id='word_1_497' title='bbox 701 3555 954 3624; x_wconf 77' lang='grc' dir='ltr'>γενναίῳ,</span> <span class='ocrx_word' id='word_1_498' title='bbox 983 3555 1077 3607; x_wconf 79' lang='grc' dir='ltr'><strong>καὶ</strong></span> <span class='ocrx_word' id='word_1_499' title='bbox 1101 3557 1166 3625; x_wconf 81' lang='grc' dir='ltr'>τῇ</span> <span class='ocrx_word' id='word_1_500' title='bbox 1195 3556 1646 3627; x_wconf 69' lang='grc' dir='ltr'>μεγαλοπρεπείᾳ</span> <span class='ocrx_word' id='word_1_501' title='bbox 1677 3556 1786 3610; x_wconf 81' lang='grc' dir='ltr'><strong>τῶν</strong></span> <span class='ocrx_word' id='word_1_502' title='bbox 1811 3559 1978 3627; x_wconf 75' lang='grc' dir='ltr'>ἠθῶν,</span> 
     </span>
    </p>
   </div>
   <div class='ocr_carea' id='block_1_68' title="bbox 400 3645 1975 3718">
    <p class='ocr_par' dir='ltr' id='par_1_68' title="bbox 400 3645 1975 3718">
     <span class='ocr_line' id='line_1_68' title="bbox 400 3645 1975 3718; baseline 0.004 -23"><span class='ocrx_word' id='word_1_503' title='bbox 400 3645 619 3697; x_wconf 76' lang='grc' dir='ltr'>καὶτῶν</span> <span class='ocrx_word' id='word_1_504' title='bbox 649 3645 849 3716; x_wconf 71' lang='grc' dir='ltr'>ἔργων,</span> <span class='ocrx_word' id='word_1_505' title='bbox 881 3647 976 3698; x_wconf 81' lang='grc' dir='ltr'><strong>καὶ</strong></span> <span class='ocrx_word' id='word_1_506' title='bbox 1004 3646 1112 3699; x_wconf 90' lang='grc' dir='ltr'><strong>τῶν</strong></span> <span class='ocrx_word' id='word_1_507' title='bbox 1140 3647 1441 3716; x_wconf 84' lang='grc' dir='ltr'>θαυμάτων</span> <span class='ocrx_word' id='word_1_508' title='bbox 1467 3650 1802 3718; x_wconf 81' lang='grc' dir='ltr'>Δημήτριος.</span> <span class='ocrx_word' id='word_1_509' title='bbox 1833 3650 1975 3718; x_wconf 74' lang='grc' dir='ltr'>Πρὸς</span> 
     </span>
    </p>
   </div>
   <div class='ocr_carea' id='block_1_69' title="bbox 399 3733 1975 3808">
    <p class='ocr_par' dir='ltr' id='par_1_69' title="bbox 399 3733 1975 3808">
     <span class='ocr_line' id='line_1_69' title="bbox 399 3733 1975 3808; baseline 0.004 -22"><span class='ocrx_word' id='word_1_510' title='bbox 399 3733 508 3803; x_wconf 77' lang='grc' dir='ltr'>γὰρ</span> <span class='ocrx_word' id='word_1_511' title='bbox 547 3733 605 3785; x_wconf 78' lang='grc' dir='ltr'>τὸ</span> <span class='ocrx_word' id='word_1_512' title='bbox 631 3733 916 3803; x_wconf 71' lang='grc' dir='ltr'>ἀμειώτως</span> <span class='ocrx_word' id='word_1_513' title='bbox 952 3752 1008 3788; x_wconf 83' lang='grc' dir='ltr'><strong>τε</strong></span> <span class='ocrx_word' id='word_1_514' title='bbox 1039 3737 1141 3805; x_wconf 49' lang='grc' dir='ltr'>καὶ,</span> <span class='ocrx_word' id='word_1_515' title='bbox 1167 3736 1540 3800; x_wconf 80' lang='grc' dir='ltr'>ἀνεκλείπτως</span> <span class='ocrx_word' id='word_1_516' title='bbox 1573 3739 1838 3808; x_wconf 81' lang='grc' dir='ltr'>παρέχειν</span> <span class='ocrx_word' id='word_1_517' title='bbox 1861 3742 1975 3802; x_wconf 85' lang='grc' dir='ltr'>τοῖς</span> 
     </span>
    </p>
   </div>
   <div class='ocr_carea' id='block_1_70' title="bbox 401 3827 1970 3901">
    <p class='ocr_par' dir='ltr' id='par_1_70' title="bbox 401 3827 1970 3901">
     <span class='ocr_line' id='line_1_70' title="bbox 401 3827 1970 3901; baseline 0.006 -25"><span class='ocrx_word' id='word_1_518' title='bbox 401 3827 688 3894; x_wconf 71' lang='grc' dir='ltr'>προσιοῦσι</span> <span class='ocrx_word' id='word_1_519' title='bbox 747 3829 846 3897; x_wconf 84' lang='grc' dir='ltr'>τὴν</span> <span class='ocrx_word' id='word_1_520' title='bbox 879 3827 988 3880; x_wconf 78' lang='grc' dir='ltr'><strong>τῶν</strong></span> <span class='ocrx_word' id='word_1_521' title='bbox 1015 3829 1292 3898; x_wconf 78' lang='grc' dir='ltr'>χαρίτων,</span> <span class='ocrx_word' id='word_1_522' title='bbox 1337 3830 1412 3892; x_wconf 83' lang='grc' dir='ltr'>ὡς</span> <span class='ocrx_word' id='word_1_523' title='bbox 1458 3831 1658 3897; x_wconf 81' lang='grc' dir='ltr'>εἰπεῖν,</span> <span class='ocrx_word' id='word_1_524' title='bbox 1692 3831 1970 3901; x_wconf 73' lang='grc' dir='ltr'>σύρροιαν,</span> 
     </span>
    </p>
   </div>
   <div class='ocr_carea' id='block_1_71' title="bbox 401 3915 1970 3987">
    <p class='ocr_par' dir='ltr' id='par_1_71' title="bbox 401 3915 1970 3987">
     <span class='ocr_line' id='line_1_71' title="bbox 401 3915 1970 3987; baseline 0.005 -24"><span class='ocrx_word' id='word_1_525' title='bbox 401 3917 716 3984; x_wconf 64' lang='grc' dir='ltr'>φωτοψύρον</span> <span class='ocrx_word' id='word_1_526' title='bbox 748 3917 924 3970; x_wconf 77' lang='grc' dir='ltr'>ἔοικεν</span> <span class='ocrx_word' id='word_1_527' title='bbox 965 3915 1105 3972; x_wconf 69' lang='grc' dir='ltr'>εἶναι</span> <span class='ocrx_word' id='word_1_528' title='bbox 1134 3917 1372 3987; x_wconf 77' lang='grc' dir='ltr'>δένδρον,</span> <span class='ocrx_word' id='word_1_529' title='bbox 1397 3917 1632 3970; x_wconf 82' lang='grc' dir='ltr'>ἀκτίνων</span> <span class='ocrx_word' id='word_1_530' title='bbox 1653 3917 1830 3986; x_wconf 85' lang='grc' dir='ltr'>δίκην,</span> <span class='ocrx_word' id='word_1_531' title='bbox 1858 3918 1970 3971; x_wconf 88' lang='grc' dir='ltr'><strong>τῶν</strong></span> 
     </span>
    </p>
   </div>
   <div class='ocr_carea' id='block_1_72' title="bbox 399 4007 1967 4079">
    <p class='ocr_par' dir='ltr' id='par_1_72' title="bbox 399 4007 1967 4079">
     <span class='ocr_line' id='line_1_72' title="bbox 399 4007 1967 4079; baseline 0.003 -21"><span class='ocrx_word' id='word_1_532' title='bbox 399 4007 629 4076; x_wconf 81' lang='grc' dir='ltr'>καρπῶν</span> <span class='ocrx_word' id='word_1_533' title='bbox 668 4008 908 4076; x_wconf 81' lang='grc' dir='ltr'>ἀσχέτως</span> <span class='ocrx_word' id='word_1_534' title='bbox 963 4009 1300 4076; x_wconf 75' lang='grc' dir='ltr'>μεταδιδοὺς,</span> <span class='ocrx_word' id='word_1_535' title='bbox 1335 4009 1426 4063; x_wconf 73' lang='grc' dir='ltr'>καὶ</span> <span class='ocrx_word' id='word_1_536' title='bbox 1448 4011 1708 4079; x_wconf 79' lang='grc' dir='ltr'>παρέχων</span> <span class='ocrx_word' id='word_1_537' title='bbox 1737 4011 1837 4078; x_wconf 76' lang='grc' dir='ltr'>μὲν</span> <span class='ocrx_word' id='word_1_538' title='bbox 1886 4013 1967 4074; x_wconf 83' lang='grc' dir='ltr'><strong>είς</strong></span> 
     </span>
    </p>
   </div>
   <div class='ocr_carea' id='block_1_73' title="bbox 397 4099 1963 4169">
    <p class='ocr_par' dir='ltr' id='par_1_73' title="bbox 397 4099 1963 4169">
     <span class='ocr_line' id='line_1_73' title="bbox 397 4099 1963 4169; baseline 0.004 -19"><span class='ocrx_word' id='word_1_539' title='bbox 397 4099 559 4168; x_wconf 81' lang='grc' dir='ltr'>κόρον</span> <span class='ocrx_word' id='word_1_540' title='bbox 583 4102 694 4162; x_wconf 81' lang='grc' dir='ltr'>τοῖς</span> <span class='ocrx_word' id='word_1_541' title='bbox 738 4099 1022 4168; x_wconf 78' lang='grc' dir='ltr'>προσιοῦσι</span> <span class='ocrx_word' id='word_1_542' title='bbox 1087 4101 1155 4154; x_wconf 79' lang='grc' dir='ltr'>τὰ</span> <span class='ocrx_word' id='word_1_543' title='bbox 1220 4103 1483 4154; x_wconf 80' lang='grc' dir='ltr'>κάλλιστα</span> <span class='ocrx_word' id='word_1_544' title='bbox 1535 4103 1630 4155; x_wconf 77' lang='grc' dir='ltr'>καὶ</span> <span class='ocrx_word' id='word_1_545' title='bbox 1690 4102 1963 4169; x_wconf 79' lang='grc' dir='ltr'>θειότατα,</span> 
     </span>
    </p>
   </div>
   <div class='ocr_carea' id='block_1_74' title="bbox 2085 3273 3678 3344">
    <p class='ocr_par' dir='ltr' id='par_1_74' title="bbox 2085 3273 3678 3344">
     <span class='ocr_line' id='line_1_74' title="bbox 2085 3273 3678 3344; baseline -0.004 -14"><span class='ocrx_word' id='word_1_546' title='bbox 2085 3277 2260 3331; x_wconf 90' lang='lat' dir='ltr'><strong>animi</strong></span> <span class='ocrx_word' id='word_1_547' title='bbox 2307 3275 2628 3330; x_wconf 82' lang='lat' dir='ltr'><strong>fortitudine</strong></span> <span class='ocrx_word' id='word_1_548' title='bbox 2672 3285 2727 3331; x_wconf 85' lang='lat' dir='ltr'><strong>et</strong></span> <span class='ocrx_word' id='word_1_549' title='bbox 2762 3289 2970 3330; x_wconf 87' lang='lat' dir='ltr'><strong>morum</strong></span> <span class='ocrx_word' id='word_1_550' title='bbox 3006 3287 3302 3344; x_wconf 77' lang='lat' dir='ltr'><strong>operumve</strong></span> <span class='ocrx_word' id='word_1_551' title='bbox 3341 3283 3394 3327; x_wconf 91' lang='lat' dir='ltr'><strong>et</strong></span> <span class='ocrx_word' id='word_1_552' title='bbox 3429 3273 3678 3326; x_wconf 77' lang='lat' dir='ltr'><strong>miracu~~</strong></span> 
     </span>
    </p>
   </div>
   <div class='ocr_carea' id='block_1_75' title="bbox 2085 3363 3672 3422">
    <p class='ocr_par' dir='ltr' id='par_1_75' title="bbox 2085 3363 3672 3422">
     <span class='ocr_line' id='line_1_75' title="bbox 2085 3363 3672 3422; baseline -0.002 -1"><span class='ocrx_word' id='word_1_553' title='bbox 2085 3366 2264 3421; x_wconf 89' lang='lat' dir='ltr'><strong>lorum</strong></span> <span class='ocrx_word' id='word_1_554' title='bbox 2321 3366 2670 3422; x_wconf 79' lang='lat' dir='ltr'><strong>excellentia.</strong></span> <span class='ocrx_word' id='word_1_555' title='bbox 2739 3366 2810 3422; x_wconf 86' lang='lat' dir='ltr'><strong>Ut</strong></span> <span class='ocrx_word' id='word_1_556' title='bbox 2856 3366 3233 3420; x_wconf 86' lang='lat' dir='ltr'><strong>indesinenter</strong></span> <span class='ocrx_word' id='word_1_557' title='bbox 3285 3363 3672 3418; x_wconf 81' lang='lat' dir='ltr'><strong>accedentibus</strong></span> 
     </span>
    </p>
   </div>
   <div class='ocr_carea' id='block_1_76' title="bbox 2085 3455 3669 3528">
    <p class='ocr_par' dir='ltr' id='par_1_76' title="bbox 2085 3455 3669 3528">
     <span class='ocr_line' id='line_1_76' title="bbox 2085 3455 3669 3528; baseline -0.005 -16"><span class='ocrx_word' id='word_1_558' title='bbox 2085 3460 2408 3528; x_wconf 82' lang='lat' dir='ltr'><strong>gratiarum,</strong></span> <span class='ocrx_word' id='word_1_559' title='bbox 2442 3467 2502 3512; x_wconf 89' lang='lat' dir='ltr'><strong>ut</strong></span> <span class='ocrx_word' id='word_1_560' title='bbox 2525 3459 2597 3512; x_wconf 90' lang='lat' dir='ltr'><strong>ita</strong></span> <span class='ocrx_word' id='word_1_561' title='bbox 2621 3457 2825 3522; x_wconf 85' lang='lat' dir='ltr'><strong>dicam,</strong></span> <span class='ocrx_word' id='word_1_562' title='bbox 2851 3456 3185 3511; x_wconf 69' lang='lat' dir='ltr'><strong>affluentiam</strong></span> <span class='ocrx_word' id='word_1_563' title='bbox 3208 3455 3669 3520; x_wconf 84' lang='lat' dir='ltr'><strong>communicaret,</strong></span> 
     </span>
    </p>
   </div>
   <div class='ocr_carea' id='block_1_77' title="bbox 2087 3543 3669 3616">
    <p class='ocr_par' dir='ltr' id='par_1_77' title="bbox 2087 3543 3669 3616">
     <span class='ocr_line' id='line_1_77' title="bbox 2087 3543 3669 3616; baseline -0.003 -15"><span class='ocrx_word' id='word_1_564' title='bbox 2087 3547 2383 3603; x_wconf 87' lang='lat' dir='ltr'><strong>luciferum</strong></span> <span class='ocrx_word' id='word_1_565' title='bbox 2425 3549 2582 3603; x_wconf 78' lang='lat' dir='ltr'><strong>visus</strong></span> <span class='ocrx_word' id='word_1_566' title='bbox 2615 3556 2699 3601; x_wconf 90' lang='lat' dir='ltr'><strong>est</strong></span> <span class='ocrx_word' id='word_1_567' title='bbox 2751 3548 2959 3616; x_wconf 83' lang='lat' dir='ltr'><strong>lignum</strong></span> <span class='ocrx_word' id='word_1_568' title='bbox 2999 3561 3119 3602; x_wconf 89' lang='lat' dir='ltr'><strong>esse</strong></span> <span class='ocrx_word' id='word_1_569' title='bbox 3154 3546 3340 3616; x_wconf 89' lang='lat' dir='ltr'><strong>quod,</strong></span> <span class='ocrx_word' id='word_1_570' title='bbox 3395 3547 3542 3600; x_wconf 81' lang='lat' dir='ltr'><strong>sicut</strong></span> <span class='ocrx_word' id='word_1_571' title='bbox 3584 3543 3669 3598; x_wconf 92' lang='lat' dir='ltr'><strong>sol</strong></span> 
     </span>
    </p>
   </div>
   <div class='ocr_carea' id='block_1_78' title="bbox 2086 3636 3671 3707">
    <p class='ocr_par' dir='ltr' id='par_1_78' title="bbox 2086 3636 3671 3707">
     <span class='ocr_line' id='line_1_78' title="bbox 2086 3636 3671 3707; baseline -0.004 -13"><span class='ocrx_word' id='word_1_572' title='bbox 2086 3640 2291 3699; x_wconf 88' lang='lat' dir='ltr'><strong>radios.</strong></span> <span class='ocrx_word' id='word_1_573' title='bbox 2327 3641 2446 3693; x_wconf 89' lang='lat' dir='ltr'><strong>sine</strong></span> <span class='ocrx_word' id='word_1_574' title='bbox 2481 3641 2590 3693; x_wconf 86' lang='lat' dir='ltr'><strong>ﬁne</strong></span> <span class='ocrx_word' id='word_1_575' title='bbox 2626 3638 2838 3694; x_wconf 83' lang='lat' dir='ltr'><strong>fructus</strong></span> <span class='ocrx_word' id='word_1_576' title='bbox 2877 3637 3196 3707; x_wconf 87' lang='lat' dir='ltr'><strong>proferebat</strong></span> <span class='ocrx_word' id='word_1_577' title='bbox 3248 3647 3303 3690; x_wconf 89' lang='lat' dir='ltr'><strong>et</strong></span> <span class='ocrx_word' id='word_1_578' title='bbox 3339 3636 3671 3705; x_wconf 78' lang='lat' dir='ltr'><strong>largiebatur</strong></span> 
     </span>
    </p>
   </div>
   <div class='ocr_carea' id='block_1_79' title="bbox 2084 3727 3670 3800">
    <p class='ocr_par' dir='ltr' id='par_1_79' title="bbox 2084 3727 3670 3800">
     <span class='ocr_line' id='line_1_79' title="bbox 2084 3727 3670 3800; baseline -0.001 -16"><span class='ocrx_word' id='word_1_579' title='bbox 2084 3731 2432 3786; x_wconf 86' lang='lat' dir='ltr'><strong>venientibus</strong></span> <span class='ocrx_word' id='word_1_580' title='bbox 2454 3732 2656 3800; x_wconf 88' lang='lat' dir='ltr'><strong>optima</strong></span> <span class='ocrx_word' id='word_1_581' title='bbox 2682 3738 2737 3785; x_wconf 88' lang='lat' dir='ltr'><strong>et</strong></span> <span class='ocrx_word' id='word_1_582' title='bbox 2757 3729 3102 3784; x_wconf 82' lang='lat' dir='ltr'><strong>divinissima</strong></span> <span class='ocrx_word' id='word_1_583' title='bbox 3128 3729 3292 3794; x_wconf 86' lang='lat' dir='ltr'><strong>dona,</strong></span> <span class='ocrx_word' id='word_1_584' title='bbox 3323 3727 3523 3797; x_wconf 89' lang='lat' dir='ltr'><strong>quibus</strong></span> <span class='ocrx_word' id='word_1_585' title='bbox 3551 3727 3670 3795; x_wconf 85' lang='lat' dir='ltr'><strong>ipse</strong></span> 
     </span>
    </p>
   </div>
   <div class='ocr_carea' id='block_1_80' title="bbox 2083 3819 3671 3892">
    <p class='ocr_par' dir='ltr' id='par_1_80' title="bbox 2083 3819 3671 3892">
     <span class='ocr_line' id='line_1_80' title="bbox 2083 3819 3671 3892; baseline -0.004 -12"><span class='ocrx_word' id='word_1_586' title='bbox 2083 3837 2300 3892; x_wconf 87' lang='lat' dir='ltr'><strong>semper</strong></span> <span class='ocrx_word' id='word_1_587' title='bbox 2343 3823 2675 3887; x_wconf 87' lang='lat' dir='ltr'><strong>abundabat,</strong></span> <span class='ocrx_word' id='word_1_588' title='bbox 2718 3821 3177 3892; x_wconf 84' lang='lat' dir='ltr'><strong>quemadmodum</strong></span> <span class='ocrx_word' id='word_1_589' title='bbox 3220 3823 3303 3877; x_wconf 90' lang='lat' dir='ltr'><strong>sol</strong></span> <span class='ocrx_word' id='word_1_590' title='bbox 3339 3819 3671 3876; x_wconf 81' lang='lat' dir='ltr'><strong>omnimodae</strong></span> 
     </span>
    </p>
   </div>
   <div class='ocr_carea' id='block_1_81' title="bbox 2069 3911 3667 3985">
    <p class='ocr_par' dir='ltr' id='par_1_81' title="bbox 2069 3911 3667 3985">
     <span class='ocr_line' id='line_1_81' title="bbox 2069 3911 3667 3985; baseline -0.005 -13"><span class='ocrx_word' id='word_1_591' title='bbox 2069 3915 2478 3980; x_wconf 52' lang='lat' dir='ltr'><strong>beneﬁcentia,</strong></span> <span class='ocrx_word' id='word_1_592' title='bbox 2513 3915 2633 3972; x_wconf 83' lang='lat' dir='ltr'><strong>fons</strong></span> <span class='ocrx_word' id='word_1_593' title='bbox 2665 3916 2966 3984; x_wconf 80' lang='lat' dir='ltr'><strong>gratiarum</strong></span> <span class='ocrx_word' id='word_1_594' title='bbox 3001 3914 3282 3985; x_wconf 86' lang='lat' dir='ltr'><strong>perennis,</strong></span> <span class='ocrx_word' id='word_1_595' title='bbox 3315 3927 3468 3966; x_wconf 88' lang='lat' dir='ltr'><strong>mare</strong></span> <span class='ocrx_word' id='word_1_596' title='bbox 3494 3911 3667 3965; x_wconf 85' lang='lat' dir='ltr'><strong>mira-</strong></span> 
     </span>
    </p>
   </div>
   <div class='ocr_carea' id='block_1_82' title="bbox 2082 4007 3664 4076">
    <p class='ocr_par' dir='ltr' id='par_1_82' title="bbox 2082 4007 3664 4076">
     <span class='ocr_line' id='line_1_82' title="bbox 2082 4007 3664 4076; baseline -0.003 -12"><span class='ocrx_word' id='word_1_597' title='bbox 2082 4011 2334 4065; x_wconf 89' lang='lat' dir='ltr'><strong>culorum</strong></span> <span class='ocrx_word' id='word_1_598' title='bbox 2361 4009 2769 4076; x_wconf 81' lang='lat' dir='ltr'><strong>inexhaustum,</strong></span> <span class='ocrx_word' id='word_1_599' title='bbox 2801 4012 3036 4076; x_wconf 79' lang='lat' dir='ltr'><strong>abyssus</strong></span> <span class='ocrx_word' id='word_1_600' title='bbox 3067 4007 3364 4066; x_wconf 80' lang='lat' dir='ltr'><strong>inell‘abilis</strong></span> <span class='ocrx_word' id='word_1_601' title='bbox 3391 4007 3664 4063; x_wconf 86' lang='lat' dir='ltr'><strong>bonorum</strong></span> 
     </span>
    </p>
   </div>
   <div class='ocr_carea' id='block_1_83' title="bbox 2083 4101 3134 4170">
    <p class='ocr_par' dir='ltr' id='par_1_83' title="bbox 2083 4101 3134 4170">
     <span class='ocr_line' id='line_1_83' title="bbox 2083 4101 3134 4170; baseline -0.001 -11"><span class='ocrx_word' id='word_1_602' title='bbox 2083 4114 2190 4159; x_wconf 85' lang='lat' dir='ltr'><strong>tam</strong></span> <span class='ocrx_word' id='word_1_603' title='bbox 2219 4101 2524 4157; x_wconf 65' lang='lat' dir='ltr'><strong>«visibilium</strong></span> <span class='ocrx_word' id='word_1_604' title='bbox 2558 4117 2720 4170; x_wconf 88' lang='lat' dir='ltr'><strong>quam</strong></span> <span class='ocrx_word' id='word_1_605' title='bbox 2749 4103 3134 4159; x_wconf 89' lang='lat' dir='ltr'><strong>invisibilium.</strong></span> 
     </span>
    </p>
   </div>
   <div class='ocr_carea' id='block_1_84' title="bbox 398 4190 3666 4265">
    <p class='ocr_par' dir='ltr' id='par_1_84' title="bbox 398 4190 3666 4265">
     <span class='ocr_line' id='line_1_84' title="bbox 398 4190 3666 4265; baseline 0.002 -24"><span class='ocrx_word' id='word_1_606' title='bbox 398 4190 611 4262; x_wconf 75' lang='grc' dir='ltr'>πλήρης</span> <span class='ocrx_word' id='word_1_607' title='bbox 672 4191 727 4244; x_wconf 83' lang='grc' dir='ltr'>δὲ</span> <span class='ocrx_word' id='word_1_608' title='bbox 780 4190 854 4244; x_wconf 82' lang='grc' dir='ltr'>ὣν</span> <span class='ocrx_word' id='word_1_609' title='bbox 901 4191 1061 4252; x_wconf 72' lang='grc' dir='ltr'>αὐτὸς</span> <span class='ocrx_word' id='word_1_610' title='bbox 1093 4193 1179 4244; x_wconf 76' lang='grc' dir='ltr'><strong>ἀεὶ</strong></span> <span class='ocrx_word' id='word_1_611' title='bbox 1233 4192 1346 4245; x_wconf 81' lang='grc' dir='ltr'><strong>τῶν</strong></span> <span class='ocrx_word' id='word_1_612' title='bbox 1393 4194 1674 4258; x_wconf 82' lang='grc' dir='ltr'>τοιούτων,</span> <span class='ocrx_word' id='word_1_613' title='bbox 1721 4195 1912 4264; x_wconf 74' lang='grc' dir='ltr'>ὥσπερ</span> <span class='ocrx_word' id='word_1_614' title='bbox 1963 4212 2049 4258; x_wconf 86' lang='grc' dir='ltr'><strong>τις</strong></span> <span class='ocrx_word' id='word_1_615' title='bbox 2089 4193 2445 4262; x_wconf 73' lang='grc' dir='ltr'>παντοδαπῆς</span> <span class='ocrx_word' id='word_1_616' title='bbox 2500 4195 2822 4264; x_wconf 74' lang='grc' dir='ltr'>εὐεργεσίας</span> <span class='ocrx_word' id='word_1_617' title='bbox 2884 4195 3056 4265; x_wconf 74' lang='grc' dir='ltr'>ἥλιος,</span> <span class='ocrx_word' id='word_1_618' title='bbox 3114 4195 3146 4265; x_wconf 79' lang='grc' dir='ltr'>ἢ</span> <span class='ocrx_word' id='word_1_619' title='bbox 3208 4195 3360 4265; x_wconf 80' lang='grc' dir='ltr'>πηγὴ</span> <span class='ocrx_word' id='word_1_620' title='bbox 3424 4197 3666 4265; x_wconf 82' lang='grc' dir='ltr'>χαρίτων</span> 
     </span>
    </p>
   </div>
   <div class='ocr_carea' id='block_1_85' title="bbox 395 4285 3668 4360">
    <p class='ocr_par' dir='ltr' id='par_1_85' title="bbox 395 4285 3668 4360">
     <span class='ocr_line' id='line_1_85' title="bbox 395 4285 3668 4360; baseline 0.001 -22"><span class='ocrx_word' id='word_1_621' title='bbox 395 4285 639 4352; x_wconf 79' lang='grc' dir='ltr'>ἀένναος,</span> <span class='ocrx_word' id='word_1_622' title='bbox 705 4287 738 4358; x_wconf 83' lang='grc' dir='ltr'>ἣ</span> <span class='ocrx_word' id='word_1_623' title='bbox 781 4285 1072 4357; x_wconf 82' lang='grc' dir='ltr'>θαυμάτων</span> <span class='ocrx_word' id='word_1_624' title='bbox 1130 4287 1368 4354; x_wconf 81' lang='grc' dir='ltr'>πέλαγος</span> <span class='ocrx_word' id='word_1_625' title='bbox 1423 4289 1828 4360; x_wconf 77' lang='grc' dir='ltr'>ἁνεξάντλητον,</span> <span class='ocrx_word' id='word_1_626' title='bbox 1870 4289 1905 4357; x_wconf 80' lang='grc' dir='ltr'><strong>ἢ</strong></span> <span class='ocrx_word' id='word_1_627' title='bbox 1947 4288 2180 4352; x_wconf 75' lang='grc' dir='ltr'>ἄϐυσσος</span> <span class='ocrx_word' id='word_1_628' title='bbox 2240 4305 2321 4351; x_wconf 77' lang='grc' dir='ltr'><strong>τις</strong></span> <span class='ocrx_word' id='word_1_629' title='bbox 2373 4290 2767 4360; x_wconf 74' lang='grc' dir='ltr'>ἁνεκδιήγητος</span> <span class='ocrx_word' id='word_1_630' title='bbox 2823 4288 3040 4359; x_wconf 84' lang='grc' dir='ltr'>ὁρατῶν</span> <span class='ocrx_word' id='word_1_631' title='bbox 3093 4290 3187 4342; x_wconf 76' lang='grc' dir='ltr'>καὶ</span> <span class='ocrx_word' id='word_1_632' title='bbox 3235 4289 3485 4358; x_wconf 84' lang='grc' dir='ltr'>ἀοράτων</span> <span class='ocrx_word' id='word_1_633' title='bbox 3525 4288 3668 4356; x_wconf 76' lang='grc' dir='ltr'><strong>ἀγα·-</strong></span> 
     </span>
    </p>
   </div>
   <div class='ocr_carea' id='block_1_86' title="bbox 398 4379 530 4434">
    <p class='ocr_par' dir='ltr' id='par_1_86' title="bbox 398 4379 530 4434">
     <span class='ocr_line' id='line_1_86' title="bbox 398 4379 530 4434; baseline 0.015 -2"><span class='ocrx_word' id='word_1_634' title='bbox 398 4379 530 4434; x_wconf 88' lang='grc' dir='ltr'>θῶν,</span> 
     </span>
    </p>
   </div>
   <div class='ocr_carea' id='block_1_87' title="bbox 468 4469 1976 4544">
    <p class='ocr_par' dir='ltr' id='par_1_87' title="bbox 468 4469 1976 4544">
     <span class='ocr_line' id='line_1_87' title="bbox 468 4469 1976 4544; baseline 0.001 -16"><span class='ocrx_word' id='word_1_635' title='bbox 468 4476 592 4538; x_wconf 86' lang='grc' dir='ltr'>Τοῖς</span> <span class='ocrx_word' id='word_1_636' title='bbox 632 4475 727 4543; x_wconf 73' lang='grc' dir='ltr'><strong>μὲν</strong></span> <span class='ocrx_word' id='word_1_637' title='bbox 749 4469 841 4529; x_wconf 83' lang='grc' dir='ltr'><strong>οῦν</strong></span> <span class='ocrx_word' id='word_1_638' title='bbox 871 4474 1070 4541; x_wconf 81' lang='grc' dir='ltr'>ἔξωθεν</span> <span class='ocrx_word' id='word_1_639' title='bbox 1089 4476 1179 4528; x_wconf 71' lang='grc' dir='ltr'><strong>τον</strong></span> <span class='ocrx_word' id='word_1_640' title='bbox 1205 4474 1348 4528; x_wconf 77' lang='grc' dir='ltr'>οὓτω</span> <span class='ocrx_word' id='word_1_641' title='bbox 1373 4472 1547 4544; x_wconf 77' lang='grc' dir='ltr'>μέγαν</span> <span class='ocrx_word' id='word_1_642' title='bbox 1571 4475 1826 4542; x_wconf 80' lang='grc' dir='ltr'>ἀγάλλειν</span> <span class='ocrx_word' id='word_1_643' title='bbox 1851 4477 1976 4529; x_wconf 80' lang='grc' dir='ltr'>ἐπι-</span> 
     </span>
    </p>
   </div>
   <div class='ocr_carea' id='block_1_88' title="bbox 398 4566 1974 4638">
    <p class='ocr_par' dir='ltr' id='par_1_88' title="bbox 398 4566 1974 4638">
     <span class='ocr_line' id='line_1_88' title="bbox 398 4566 1974 4638; baseline -0.001 -16"><span class='ocrx_word' id='word_1_644' title='bbox 398 4571 630 4638; x_wconf 78' lang='grc' dir='ltr'>χειρεῖν,</span> <span class='ocrx_word' id='word_1_645' title='bbox 660 4569 754 4621; x_wconf 70' lang='grc' dir='ltr'><strong>καὶ</strong></span> <span class='ocrx_word' id='word_1_646' title='bbox 783 4568 882 4637; x_wconf 77' lang='grc' dir='ltr'>τὴν</span> <span class='ocrx_word' id='word_1_647' title='bbox 905 4566 1237 4634; x_wconf 78' lang='grc' dir='ltr'>ἐνεγκοῦσαν</span> <span class='ocrx_word' id='word_1_648' title='bbox 1265 4566 1712 4634; x_wconf 71' lang='grc' dir='ltr'>τοῦτον-ταυτηνὶ</span> <span class='ocrx_word' id='word_1_649' title='bbox 1769 4569 1974 4636; x_wconf 83' lang='grc' dir='ltr'>λέγειν,</span> 
     </span>
    </p>
   </div>
   <div class='ocr_carea' id='block_1_89' title="bbox 395 4655 1975 4730">
    <p class='ocr_par' dir='ltr' id='par_1_89' title="bbox 395 4655 1975 4730">
     <span class='ocr_line' id='line_1_89' title="bbox 395 4655 1975 4730; baseline 0 -18"><span class='ocrx_word' id='word_1_650' title='bbox 395 4661 482 4720; x_wconf 76' lang='grc' dir='ltr'>ὅτι</span> <span class='ocrx_word' id='word_1_651' title='bbox 513 4661 722 4730; x_wconf 82' lang='grc' dir='ltr'>κορυφὴ</span> <span class='ocrx_word' id='word_1_652' title='bbox 751 4677 833 4721; x_wconf 82' lang='grc' dir='ltr'><strong>τις</strong></span> <span class='ocrx_word' id='word_1_653' title='bbox 857 4655 968 4712; x_wconf 70' lang='grc' dir='ltr'>οἷον</span> <span class='ocrx_word' id='word_1_654' title='bbox 992 4659 1208 4728; x_wconf 83' lang='grc' dir='ltr'>ἀπάσης</span> <span class='ocrx_word' id='word_1_655' title='bbox 1245 4658 1542 4721; x_wconf 86' lang='grc' dir='ltr'>Θετταλίας</span> <span class='ocrx_word' id='word_1_656' title='bbox 1566 4659 1711 4726; x_wconf 67' lang='grc' dir='ltr'>ἐστὶ,</span> <span class='ocrx_word' id='word_1_657' title='bbox 1734 4658 1830 4712; x_wconf 69' lang='grc' dir='ltr'>καὶ</span> <span class='ocrx_word' id='word_1_658' title='bbox 1879 4657 1975 4712; x_wconf 85' lang='grc' dir='ltr'><strong>τοῦ</strong></span> 
     </span>
    </p>
   </div>
   <div class='ocr_carea' id='block_1_90' title="bbox 398 4750 1974 4824">
    <p class='ocr_par' dir='ltr' id='par_1_90' title="bbox 398 4750 1974 4824">
     <span class='ocr_line' id='line_1_90' title="bbox 398 4750 1974 4824; baseline 0 -18"><span class='ocrx_word' id='word_1_659' title='bbox 398 4753 632 4824; x_wconf 81' lang='grc' dir='ltr'>κράτους</span> <span class='ocrx_word' id='word_1_660' title='bbox 695 4752 755 4818; x_wconf 73' lang='grc' dir='ltr'><strong>ἐξ</strong></span> <span class='ocrx_word' id='word_1_661' title='bbox 797 4752 977 4805; x_wconf 81' lang='grc' dir='ltr'>αὐτῶν</span> <span class='ocrx_word' id='word_1_662' title='bbox 1037 4752 1147 4814; x_wconf 83' lang='grc' dir='ltr'><strong>τῶν</strong></span> <span class='ocrx_word' id='word_1_663' title='bbox 1214 4750 1560 4819; x_wconf 74' lang='grc' dir='ltr'>πραγμάτων</span> <span class='ocrx_word' id='word_1_664' title='bbox 1628 4751 1974 4822; x_wconf 78' lang='grc' dir='ltr'>φερωνύμως</span> 
     </span>
    </p>
   </div>
   <div class='ocr_carea' id='block_1_91' title="bbox 2151 4469 3668 4548">
    <p class='ocr_par' dir='ltr' id='par_1_91' title="bbox 2151 4469 3668 4548">
     <span class='ocr_line' id='line_1_91' title="bbox 2151 4469 3668 4548; baseline -0.007 -14"><span class='ocrx_word' id='word_1_665' title='bbox 2151 4477 2218 4534; x_wconf 88' lang='lat' dir='ltr'><strong>Ut</strong></span> <span class='ocrx_word' id='word_1_666' title='bbox 2256 4476 2386 4548; x_wconf 89' lang='lat' dir='ltr'><strong>quid</strong></span> <span class='ocrx_word' id='word_1_667' title='bbox 2423 4477 2686 4533; x_wconf 76' lang='lat' dir='ltr'><strong>laudibus</strong></span> <span class='ocrx_word' id='word_1_668' title='bbox 2743 4475 2982 4530; x_wconf 83' lang='lat' dir='ltr'><strong>externis</strong></span> <span class='ocrx_word' id='word_1_669' title='bbox 3034 4479 3235 4527; x_wconf 91' lang='lat' dir='ltr'><strong>tentem</strong></span> <span class='ocrx_word' id='word_1_670' title='bbox 3296 4483 3565 4526; x_wconf 78' lang='lat' dir='ltr'><strong>exornare</strong></span> <span class='ocrx_word' id='word_1_671' title='bbox 3611 4469 3668 4524; x_wconf 70' lang='lat' dir='ltr'><strong>et</strong></span> 
     </span>
    </p>
   </div>
   <div class='ocr_carea' id='block_1_92' title="bbox 2076 4563 3664 4638">
    <p class='ocr_par' dir='ltr' id='par_1_92' title="bbox 2076 4563 3664 4638">
     <span class='ocr_line' id='line_1_92' title="bbox 2076 4563 3664 4638; baseline -0.006 -12"><span class='ocrx_word' id='word_1_672' title='bbox 2076 4571 2358 4627; x_wconf 89' lang='lat' dir='ltr'><strong>celebrare</strong></span> <span class='ocrx_word' id='word_1_673' title='bbox 2383 4586 2504 4625; x_wconf 90' lang='lat' dir='ltr'><strong>cam</strong></span> <span class='ocrx_word' id='word_1_674' title='bbox 2533 4587 2564 4624; x_wconf 87' lang='lat' dir='ltr'><strong>a</strong></span> <span class='ocrx_word' id='word_1_675' title='bbox 2592 4585 2695 4638; x_wconf 85' lang='lat' dir='ltr'><strong>qua</strong></span> <span class='ocrx_word' id='word_1_676' title='bbox 2730 4568 2968 4622; x_wconf 90' lang='lat' dir='ltr'><strong>nutritus</strong></span> <span class='ocrx_word' id='word_1_677' title='bbox 2988 4566 3112 4622; x_wconf 82' lang='lat' dir='ltr'><strong>est?</strong></span> <span class='ocrx_word' id='word_1_678' title='bbox 3141 4566 3282 4620; x_wconf 86' lang='lat' dir='ltr'><strong>Sane</strong></span> <span class='ocrx_word' id='word_1_679' title='bbox 3305 4564 3488 4618; x_wconf 89' lang='lat' dir='ltr'><strong>dicere</strong></span> <span class='ocrx_word' id='word_1_680' title='bbox 3511 4563 3664 4632; x_wconf 88' lang='lat' dir='ltr'><strong>quod</strong></span> 
     </span>
    </p>
   </div>
   <div class='ocr_carea' id='block_1_93' title="bbox 2075 4657 3663 4731">
    <p class='ocr_par' dir='ltr' id='par_1_93' title="bbox 2075 4657 3663 4731">
     <span class='ocr_line' id='line_1_93' title="bbox 2075 4657 3663 4731; baseline -0.007 -13"><span class='ocrx_word' id='word_1_681' title='bbox 2075 4663 2245 4718; x_wconf 84' lang='lat' dir='ltr'><strong>decus</strong></span> <span class='ocrx_word' id='word_1_682' title='bbox 2278 4665 2450 4718; x_wconf 87' lang='lat' dir='ltr'><strong>totius</strong></span> <span class='ocrx_word' id='word_1_683' title='bbox 2479 4660 2780 4716; x_wconf 82' lang='lat' dir='ltr'><strong>Thessaliae</strong></span> <span class='ocrx_word' id='word_1_684' title='bbox 2807 4702 2822 4728; x_wconf 93' lang='lat'><strong>,</strong></span> <span class='ocrx_word' id='word_1_685' title='bbox 2860 4659 3008 4731; x_wconf 90' lang='lat' dir='ltr'><strong>quod</strong></span> <span class='ocrx_word' id='word_1_686' title='bbox 3045 4674 3075 4713; x_wconf 93' lang='lat' dir='ltr'><strong>a</strong></span> <span class='ocrx_word' id='word_1_687' title='bbox 3121 4657 3445 4712; x_wconf 87' lang='lat' dir='ltr'><strong>fortitudine</strong></span> <span class='ocrx_word' id='word_1_688' title='bbox 3493 4670 3663 4725; x_wconf 87' lang='lat' dir='ltr'><strong>quam</strong></span> 
     </span>
    </p>
   </div>
   <div class='ocr_carea' id='block_1_94' title="bbox 2075 4746 3662 4824">
    <p class='ocr_par' dir='ltr' id='par_1_94' title="bbox 2075 4746 3662 4824">
     <span class='ocr_line' id='line_1_94' title="bbox 2075 4746 3662 4824; baseline -0.006 -15"><span class='ocrx_word' id='word_1_689' title='bbox 2075 4755 2129 4809; x_wconf 91' lang='lat' dir='ltr'><strong>in</strong></span> <span class='ocrx_word' id='word_1_690' title='bbox 2153 4755 2266 4810; x_wconf 89' lang='lat' dir='ltr'><strong>suis</strong></span> <span class='ocrx_word' id='word_1_691' title='bbox 2291 4754 2544 4824; x_wconf 89' lang='lat' dir='ltr'><strong>operibus</strong></span> <span class='ocrx_word' id='word_1_692' title='bbox 2569 4753 2813 4824; x_wconf 87' lang='lat' dir='ltr'><strong>protulit,</strong></span> <span class='ocrx_word' id='word_1_693' title='bbox 2838 4765 3036 4807; x_wconf 89' lang='lat' dir='ltr'><strong>nomen</strong></span> <span class='ocrx_word' id='word_1_694' title='bbox 3061 4749 3274 4810; x_wconf 87' lang='lat' dir='ltr'><strong>habuit,</strong></span> <span class='ocrx_word' id='word_1_695' title='bbox 3296 4747 3475 4802; x_wconf 86' lang='lat' dir='ltr'><strong>adhuc</strong></span> <span class='ocrx_word' id='word_1_696' title='bbox 3499 4746 3662 4802; x_wconf 85' lang='lat' dir='ltr'><strong>etiam</strong></span> 
     </span>
    </p>
   </div>
   <div class='ocr_carea' id='block_1_95' title="bbox 399 4837 1978 4942">
    <p class='ocr_par' dir='ltr' id='par_1_95' title="bbox 399 4843 1972 4913">
     <span class='ocr_line' id='line_1_95' title="bbox 399 4843 1972 4913; baseline 0.002 -17"><span class='ocrx_word' id='word_1_697' title='bbox 399 4843 706 4913; x_wconf 76' lang='grc' dir='ltr'>ἐπώνυμος,</span> <span class='ocrx_word' id='word_1_698' title='bbox 729 4845 816 4906; x_wconf 78' lang='grc' dir='ltr'><strong>¹ἔτι</strong></span> <span class='ocrx_word' id='word_1_699' title='bbox 839 4862 898 4898; x_wconf 85' lang='grc' dir='ltr'><strong>τε</strong></span> <span class='ocrx_word' id='word_1_700' title='bbox 929 4843 1035 4897; x_wconf 88' lang='grc' dir='ltr'><strong>τῶν</strong></span> <span class='ocrx_word' id='word_1_701' title='bbox 1053 4843 1334 4913; x_wconf 86' lang='grc' dir='ltr'>προγόνων</span> <span class='ocrx_word' id='word_1_702' title='bbox 1355 4843 1453 4912; x_wconf 82' lang='grc' dir='ltr'>τὴν</span> <span class='ocrx_word' id='word_1_703' title='bbox 1471 4845 1856 4912; x_wconf 77' lang='grc' dir='ltr'>περιφάνειαν,</span> <span class='ocrx_word' id='word_1_704' title='bbox 1879 4848 1972 4899; x_wconf 74' lang='grc' dir='ltr'><strong>καὶ</strong></span> 
     </span>
    </p>
   </div>
   <div class='ocr_carea' id='block_1_96' title="bbox 2082 4837 3666 4942">
    <p class='ocr_par' dir='ltr' id='par_1_96' title="bbox 2082 4837 3666 4916">
     <span class='ocr_line' id='line_1_96' title="bbox 2082 4837 3666 4916; baseline -0.005 -16"><span class='ocrx_word' id='word_1_705' title='bbox 2082 4846 2347 4916; x_wconf 85' lang='lat' dir='ltr'><strong>majorum</strong></span> <span class='ocrx_word' id='word_1_706' title='bbox 2381 4845 2678 4915; x_wconf 85' lang='lat' dir='ltr'><strong>praedicare</strong></span> <span class='ocrx_word' id='word_1_707' title='bbox 2699 4844 3030 4906; x_wconf 88' lang='lat' dir='ltr'><strong>claritatem,</strong></span> <span class='ocrx_word' id='word_1_708' title='bbox 3063 4849 3468 4912; x_wconf 77' lang='lat' dir='ltr'><strong>parentumque</strong></span> <span class='ocrx_word' id='word_1_709' title='bbox 3499 4837 3666 4892; x_wconf 84' lang='lat' dir='ltr'><strong>nobi-</strong></span> 
     </span>
    </p>
   </div>
   <div class='ocr_carea' id='block_1_97' title="bbox 397 4933 1972 5006">
    <p class='ocr_par' dir='ltr' id='par_1_97' title="bbox 397 4933 1972 5006">
     <span class='ocr_line' id='line_1_97' title="bbox 397 4933 1972 5006; baseline -0.001 -17"><span class='ocrx_word' id='word_1_710' title='bbox 397 4935 506 4989; x_wconf 86' lang='grc' dir='ltr'><strong>τῶν</strong></span> <span class='ocrx_word' id='word_1_711' title='bbox 529 4936 870 5006; x_wconf 80' lang='grc' dir='ltr'>γεννητόρων</span> <span class='ocrx_word' id='word_1_712' title='bbox 926 4936 1025 5006; x_wconf 78' lang='grc' dir='ltr'><strong>τὴν</strong></span> <span class='ocrx_word' id='word_1_713' title='bbox 1086 4933 1361 4998; x_wconf 78' lang='grc' dir='ltr'>εῦκλειαν,</span> <span class='ocrx_word' id='word_1_714' title='bbox 1407 4934 1510 4988; x_wconf 72' lang='grc' dir='ltr'>κᾶν</span> <span class='ocrx_word' id='word_1_715' title='bbox 1539 4935 1602 4988; x_wconf 80' lang='grc' dir='ltr'>ὲκ</span> <span class='ocrx_word' id='word_1_716' title='bbox 1649 4937 1972 5006; x_wconf 87' lang='grc' dir='ltr'>περιουσίας</span> 
     </span>
    </p>
   </div>
   <div class='ocr_carea' id='block_1_98' title="bbox 399 5027 1969 5098">
    <p class='ocr_par' dir='ltr' id='par_1_98' title="bbox 399 5027 1969 5098">
     <span class='ocr_line' id='line_1_98' title="bbox 399 5027 1969 5098; baseline -0.001 -16"><span class='ocrx_word' id='word_1_717' title='bbox 399 5029 548 5098; x_wconf 82' lang='grc' dir='ltr'><strong>αὑτῷ</strong></span> <span class='ocrx_word' id='word_1_718' title='bbox 576 5029 871 5088; x_wconf 76' lang='grc' dir='ltr'>κάντεῦθεν</span> <span class='ocrx_word' id='word_1_719' title='bbox 912 5029 972 5082; x_wconf 83' lang='grc' dir='ltr'><strong>τὸ</strong></span> <span class='ocrx_word' id='word_1_720' title='bbox 989 5027 1343 5096; x_wconf 86' lang='grc' dir='ltr'>άξιάγαστον,</span> <span class='ocrx_word' id='word_1_721' title='bbox 1383 5028 1639 5098; x_wconf 79' lang='grc' dir='ltr'>περιττὸν</span> <span class='ocrx_word' id='word_1_722' title='bbox 1659 5027 1827 5096; x_wconf 78' lang='grc' dir='ltr'>ὅμως.</span> <span class='ocrx_word' id='word_1_723' title='bbox 1862 5027 1969 5081; x_wconf 80' lang='grc' dir='ltr'><strong>Οὗ-</strong></span> 
     </span>
    </p>
   </div>
   <div class='ocr_carea' id='block_1_99' title="bbox 397 5116 1968 5188">
    <p class='ocr_par' dir='ltr' id='par_1_99' title="bbox 397 5116 1968 5188">
     <span class='ocr_line' id='line_1_99' title="bbox 397 5116 1968 5188; baseline 0 -18"><span class='ocrx_word' id='word_1_724' title='bbox 397 5136 488 5180; x_wconf 81' lang='grc' dir='ltr'><strong>τος</strong></span> <span class='ocrx_word' id='word_1_725' title='bbox 516 5119 626 5188; x_wconf 77' lang='grc' dir='ltr'><strong>γὰρ</strong></span> <span class='ocrx_word' id='word_1_726' title='bbox 661 5119 845 5181; x_wconf 77' lang='grc' dir='ltr'>αὐτοῖς</span> <span class='ocrx_word' id='word_1_727' title='bbox 874 5119 988 5170; x_wconf 78' lang='grc' dir='ltr'>ἐστι</span> <span class='ocrx_word' id='word_1_728' title='bbox 1025 5117 1224 5187; x_wconf 80' lang='grc' dir='ltr'>μᾶλλον</span> <span class='ocrx_word' id='word_1_729' title='bbox 1245 5118 1326 5180; x_wconf 90' lang='grc' dir='ltr'><strong>είς</strong></span> <span class='ocrx_word' id='word_1_730' title='bbox 1353 5116 1502 5186; x_wconf 84' lang='grc' dir='ltr'>μέγα</span> <span class='ocrx_word' id='word_1_731' title='bbox 1536 5117 1799 5187; x_wconf 84' lang='grc' dir='ltr'>καύχημα</span> <span class='ocrx_word' id='word_1_732' title='bbox 1818 5133 1833 5150; x_wconf 80' lang='grc' dir='ltr'><strong><em>ο</em></strong></span> <span class='ocrx_word' id='word_1_733' title='bbox 1861 5119 1968 5188; x_wconf 82' lang='grc' dir='ltr'><strong>Δη-</strong></span> 
     </span>
    </p>
   </div>
   <div class='ocr_carea' id='block_1_100' title="bbox 401 5207 1971 5279">
    <p class='ocr_par' dir='ltr' id='par_1_100' title="bbox 401 5207 1971 5279">
     <span class='ocr_line' id='line_1_100' title="bbox 401 5207 1971 5279; baseline 0.003 -21"><span class='ocrx_word' id='word_1_734' title='bbox 401 5209 618 5278; x_wconf 72' lang='grc' dir='ltr'>μητρίῳ</span> <span class='ocrx_word' id='word_1_735' title='bbox 639 5209 692 5260; x_wconf 86' lang='grc' dir='ltr'>δὲ</span> <span class='ocrx_word' id='word_1_736' title='bbox 722 5209 924 5276; x_wconf 83' lang='grc' dir='ltr'>κόσμος</span> <span class='ocrx_word' id='word_1_737' title='bbox 952 5209 1014 5260; x_wconf 80' lang='grc' dir='ltr'>ὲκ</span> <span class='ocrx_word' id='word_1_738' title='bbox 1040 5207 1248 5261; x_wconf 87' lang='grc' dir='ltr'>τούτων</span> <span class='ocrx_word' id='word_1_739' title='bbox 1279 5209 1428 5274; x_wconf 86' lang='grc' dir='ltr'>πῶς;</span> <span class='ocrx_word' id='word_1_740' title='bbox 1457 5208 1535 5277; x_wconf 84' lang='grc' dir='ltr'><strong>τῷ</strong></span> <span class='ocrx_word' id='word_1_741' title='bbox 1567 5211 1745 5262; x_wconf 84' lang='grc' dir='ltr'>πᾶσαν</span> <span class='ocrx_word' id='word_1_742' title='bbox 1765 5209 1871 5279; x_wconf 77' lang='grc' dir='ltr'><strong>τὴν</strong></span> <span class='ocrx_word' id='word_1_743' title='bbox 1894 5211 1971 5263; x_wconf 84' lang='lat' dir='ltr'><strong>ol—</strong></span> 
     </span>
    </p>
   </div>
   <div class='ocr_carea' id='block_1_101' title="bbox 397 5301 1976 5374">
    <p class='ocr_par' dir='ltr' id='par_1_101' title="bbox 397 5301 1976 5374">
     <span class='ocr_line' id='line_1_101' title="bbox 397 5301 1976 5374; baseline 0.004 -22"><span class='ocrx_word' id='word_1_744' title='bbox 397 5303 697 5370; x_wconf 80' lang='grc' dir='ltr'>κουμένην,</span> <span class='ocrx_word' id='word_1_745' title='bbox 733 5301 870 5372; x_wconf 74' lang='grc' dir='ltr'>πρὸς</span> <span class='ocrx_word' id='word_1_746' title='bbox 893 5302 949 5352; x_wconf 83' lang='grc' dir='ltr'>δὲ</span> <span class='ocrx_word' id='word_1_747' title='bbox 1006 5303 1100 5354; x_wconf 74' lang='grc' dir='ltr'>καὶ</span> <span class='ocrx_word' id='word_1_748' title='bbox 1135 5303 1225 5355; x_wconf 78' lang='grc' dir='ltr'><strong>τὸν</strong></span> <span class='ocrx_word' id='word_1_749' title='bbox 1274 5301 1386 5355; x_wconf 78' lang='grc' dir='ltr'>ἄνω</span> <span class='ocrx_word' id='word_1_750' title='bbox 1405 5301 1624 5370; x_wconf 80' lang='grc' dir='ltr'>’κόσμον</span> <span class='ocrx_word' id='word_1_751' title='bbox 1668 5303 1976 5374; x_wconf 79' lang='grc' dir='ltr'>ἐπικοσμή-</span> 
     </span>
    </p>
   </div>
   <div class='ocr_carea' id='block_1_102' title="bbox 399 5393 1976 5464">
    <p class='ocr_par' dir='ltr' id='par_1_102' title="bbox 399 5393 1976 5464">
     <span class='ocr_line' id='line_1_102' title="bbox 399 5393 1976 5464; baseline 0.004 -21"><span class='ocrx_word' id='word_1_752' title='bbox 399 5409 553 5445; x_wconf 88' lang='grc' dir='ltr'>σαντι</span> <span class='ocrx_word' id='word_1_753' title='bbox 581 5409 595 5457; x_wconf 89' lang='grc'><strong>;</strong></span> <span class='ocrx_word' id='word_1_754' title='bbox 625 5393 813 5464; x_wconf 85' lang='grc' dir='ltr'>Τούτῳ</span> <span class='ocrx_word' id='word_1_755' title='bbox 845 5393 900 5446; x_wconf 77' lang='grc' dir='ltr'>δὲ</span> <span class='ocrx_word' id='word_1_756' title='bbox 927 5395 1129 5464; x_wconf 84' lang='grc' dir='ltr'>κόσμος</span> <span class='ocrx_word' id='word_1_757' title='bbox 1151 5395 1234 5457; x_wconf 84' lang='grc' dir='ltr'><strong>τίς</strong></span> <span class='ocrx_word' id='word_1_758' title='bbox 1257 5396 1353 5461; x_wconf 84' lang='grc' dir='ltr'><strong>;Ἥ</strong></span> <span class='ocrx_word' id='word_1_759' title='bbox 1378 5395 1738 5463; x_wconf 85' lang='grc' dir='ltr'>ἁκαθαίρετος</span> <span class='ocrx_word' id='word_1_760' title='bbox 1769 5397 1976 5464; x_wconf 86' lang='grc' dir='ltr'>πίστις,</span> 
     </span>
    </p>
   </div>
   <div class='ocr_carea' id='block_1_103' title="bbox 399 5486 1980 5557">
    <p class='ocr_par' dir='ltr' id='par_1_103' title="bbox 399 5486 1980 5557">
     <span class='ocr_line' id='line_1_103' title="bbox 399 5486 1980 5557; baseline 0.003 -18"><span class='ocrx_word' id='word_1_761' title='bbox 399 5487 433 5555; x_wconf 81' lang='grc' dir='ltr'>ὴ</span> <span class='ocrx_word' id='word_1_762' title='bbox 475 5486 846 5557; x_wconf 80' lang='grc' dir='ltr'>ἁπειρὸδωρος</span> <span class='ocrx_word' id='word_1_763' title='bbox 878 5488 1057 5556; x_wconf 81' lang='grc' dir='ltr'>χάρις.</span> <span class='ocrx_word' id='word_1_764' title='bbox 1082 5492 1109 5542; x_wconf 80' lang='grc' dir='ltr'><em>ὁ</em></span> <span class='ocrx_word' id='word_1_765' title='bbox 1129 5487 1268 5551; x_wconf 87' lang='grc' dir='ltr'>θεῖος</span> <span class='ocrx_word' id='word_1_766' title='bbox 1288 5489 1383 5542; x_wconf 78' lang='grc' dir='ltr'>καὶ</span> <span class='ocrx_word' id='word_1_767' title='bbox 1414 5489 1777 5557; x_wconf 76' lang='grc' dir='ltr'>ἀναφαίρετος</span> <span class='ocrx_word' id='word_1_768' title='bbox 1817 5490 1980 5543; x_wconf 86' lang='grc' dir='ltr'>πλοῦ-</span> 
     </span>
    </p>
   </div>
   <div class='ocr_carea' id='block_1_104' title="bbox 398 5577 1980 5650">
    <p class='ocr_par' dir='ltr' id='par_1_104' title="bbox 398 5577 1980 5650">
     <span class='ocr_line' id='line_1_104' title="bbox 398 5577 1980 5650; baseline 0.005 -23"><span class='ocrx_word' id='word_1_769' title='bbox 398 5593 491 5638; x_wconf 84' lang='grc' dir='ltr'><strong>τος</strong></span> <span class='ocrx_word' id='word_1_770' title='bbox 527 5579 634 5629; x_wconf 86' lang='grc' dir='ltr'><strong>τῶν</strong></span> <span class='ocrx_word' id='word_1_771' title='bbox 661 5577 916 5632; x_wconf 84' lang='grc' dir='ltr'>θεοειδῶν</span> <span class='ocrx_word' id='word_1_772' title='bbox 951 5581 1186 5650; x_wconf 85' lang='grc' dir='ltr'>ἀρετῶν,</span> <span class='ocrx_word' id='word_1_773' title='bbox 1220 5581 1278 5646; x_wconf 84' lang='grc' dir='ltr'>ὃς</span> <span class='ocrx_word' id='word_1_774' title='bbox 1308 5583 1402 5635; x_wconf 88' lang='grc' dir='ltr'><strong>νῦν</strong></span> <span class='ocrx_word' id='word_1_775' title='bbox 1455 5583 1602 5634; x_wconf 74' lang='grc' dir='ltr'>ἐστιν</span> <span class='ocrx_word' id='word_1_776' title='bbox 1653 5582 1980 5650; x_wconf 75' lang='grc' dir='ltr'>ἐντεθησαυο</span> 
     </span>
    </p>
   </div>
   <div class='ocr_carea' id='block_1_105' title="bbox 349 5671 1981 5746">
    <p class='ocr_par' dir='ltr' id='par_1_105' title="bbox 349 5671 1981 5746">
     <span class='ocr_line' id='line_1_105' title="bbox 349 5671 1981 5746; baseline 0.006 -27"><span class='ocrx_word' id='word_1_777' title='bbox 349 5743 352 5746; x_wconf 5' lang='grc' dir='ltr'><strong>ρ</strong></span> <span class='ocrx_word' id='word_1_778' title='bbox 404 5672 658 5739; x_wconf 78' lang='grc' dir='ltr'>ρισμὲνος</span> <span class='ocrx_word' id='word_1_779' title='bbox 681 5673 796 5733; x_wconf 88' lang='grc' dir='ltr'>τοῖς</span> <span class='ocrx_word' id='word_1_780' title='bbox 816 5671 1089 5739; x_wconf 77' lang='grc' dir='ltr'>οὐρανοῖς,</span> <span class='ocrx_word' id='word_1_781' title='bbox 1124 5675 1407 5744; x_wconf 74' lang='grc' dir='ltr'>προσθήκη</span> <span class='ocrx_word' id='word_1_782' title='bbox 1460 5677 1575 5737; x_wconf 87' lang='grc' dir='ltr'>τοῖς</span> <span class='ocrx_word' id='word_1_783' title='bbox 1623 5676 1740 5726; x_wconf 75' lang='grc' dir='ltr'>ἐκεῖ</span> <span class='ocrx_word' id='word_1_784' title='bbox 1789 5676 1981 5744; x_wconf 86' lang='grc' dir='ltr'>ταμεί-</span> 
     </span>
    </p>
   </div>
   <div class='ocr_carea' id='block_1_106' title="bbox 401 5764 1978 5838">
    <p class='ocr_par' dir='ltr' id='par_1_106' title="bbox 401 5764 1978 5838">
     <span class='ocr_line' id='line_1_106' title="bbox 401 5764 1978 5838; baseline 0.006 -25"><span class='ocrx_word' id='word_1_785' title='bbox 401 5781 480 5824; x_wconf 80' lang='grc' dir='ltr'><strong>οις</strong></span> <span class='ocrx_word' id='word_1_786' title='bbox 505 5764 613 5815; x_wconf 84' lang='grc' dir='ltr'><strong>τῶν</strong></span> <span class='ocrx_word' id='word_1_787' title='bbox 646 5764 946 5818; x_wconf 84' lang='grc' dir='ltr'>καλλίστων</span> <span class='ocrx_word' id='word_1_788' title='bbox 981 5767 1292 5836; x_wconf 75' lang='grc' dir='ltr'>γενόμενος,</span> <span class='ocrx_word' id='word_1_789' title='bbox 1329 5767 1526 5836; x_wconf 84' lang='grc' dir='ltr'>μᾶλλον</span> <span class='ocrx_word' id='word_1_790' title='bbox 1553 5769 1608 5822; x_wconf 84' lang='grc' dir='ltr'>δὲ</span> <span class='ocrx_word' id='word_1_791' title='bbox 1637 5766 1743 5821; x_wconf 85' lang='grc' dir='ltr'><strong>ἀπὸ</strong></span> <span class='ocrx_word' id='word_1_792' title='bbox 1767 5769 1868 5838; x_wconf 77' lang='grc' dir='ltr'><strong>γῆς</strong></span> <span class='ocrx_word' id='word_1_793' title='bbox 1899 5771 1978 5834; x_wconf 91' lang='grc' dir='ltr'><strong>είς</strong></span> 
     </span>
    </p>
   </div>
   <div class='ocr_carea' id='block_1_107' title="bbox 398 5856 1976 5931">
    <p class='ocr_par' dir='ltr' id='par_1_107' title="bbox 398 5856 1976 5931">
     <span class='ocr_line' id='line_1_107' title="bbox 398 5856 1976 5931; baseline 0.003 -21"><span class='ocrx_word' id='word_1_794' title='bbox 398 5857 630 5926; x_wconf 73' lang='grc' dir='ltr'>οὐρανὸν</span> <span class='ocrx_word' id='word_1_795' title='bbox 661 5856 880 5926; x_wconf 71' lang='grc' dir='ltr'>φθάνει.</span> <span class='ocrx_word' id='word_1_796' title='bbox 903 5859 995 5913; x_wconf 71' lang='grc' dir='ltr'><strong>καὶ</strong></span> <span class='ocrx_word' id='word_1_797' title='bbox 1029 5859 1241 5930; x_wconf 78' lang='grc' dir='ltr'>περιὼν</span> <span class='ocrx_word' id='word_1_798' title='bbox 1291 5861 1368 5912; x_wconf 61' lang='lat' dir='ltr'><strong>Dat</strong></span> <span class='ocrx_word' id='word_1_799' title='bbox 1400 5861 1474 5928; x_wconf 80' lang='grc' dir='ltr'>τῷ</span> <span class='ocrx_word' id='word_1_800' title='bbox 1508 5859 1629 5931; x_wconf 85' lang='grc' dir='ltr'>βίῳ,</span> <span class='ocrx_word' id='word_1_801' title='bbox 1683 5862 1775 5914; x_wconf 76' lang='grc' dir='ltr'><strong>καὶ</strong></span> <span class='ocrx_word' id='word_1_802' title='bbox 1821 5879 1976 5930; x_wconf 82' lang='grc' dir='ltr'>γεγο-</span> 
     </span>
    </p>
   </div>
   <div class='ocr_carea' id='block_1_108' title="bbox 403 5946 1974 6023">
    <p class='ocr_par' dir='ltr' id='par_1_108' title="bbox 403 5946 1974 6023">
     <span class='ocr_line' id='line_1_108' title="bbox 403 5946 1974 6023; baseline 0.004 -21"><span class='ocrx_word' id='word_1_803' title='bbox 403 5946 505 6012; x_wconf 79' lang='grc' dir='ltr'><strong>νὼς</strong></span> <span class='ocrx_word' id='word_1_804' title='bbox 537 5948 936 6021; x_wconf 78' lang='grc' dir='ltr'>ὲξάνθρὼπων,</span> <span class='ocrx_word' id='word_1_805' title='bbox 957 5953 1240 6023; x_wconf 77' lang='grc' dir='ltr'>προσθήκη</span> <span class='ocrx_word' id='word_1_806' title='bbox 1266 5951 1498 6022; x_wconf 75' lang='grc' dir='ltr'>μεγίστη</span> <span class='ocrx_word' id='word_1_807' title='bbox 1523 5956 1633 6016; x_wconf 80' lang='grc' dir='ltr'>τοῖς</span> <span class='ocrx_word' id='word_1_808' title='bbox 1656 5953 1846 6019; x_wconf 81' lang='grc' dir='ltr'>ἀϊδίοις</span> <span class='ocrx_word' id='word_1_809' title='bbox 1875 5971 1974 6008; x_wconf 85' lang='grc' dir='ltr'>κα-</span> 
     </span>
    </p>
   </div>
   <div class='ocr_carea' id='block_1_109' title="bbox 2082 4931 3662 5006">
    <p class='ocr_par' dir='ltr' id='par_1_109' title="bbox 2082 4931 3662 5006">
     <span class='ocr_line' id='line_1_109' title="bbox 2082 4931 3662 5006; baseline -0.004 -15"><span class='ocrx_word' id='word_1_810' title='bbox 2082 4937 2314 5004; x_wconf 88' lang='lat' dir='ltr'><strong>litatem,</strong></span> <span class='ocrx_word' id='word_1_811' title='bbox 2355 4938 2580 4994; x_wconf 88' lang='lat' dir='ltr'><strong>omnino</strong></span> <span class='ocrx_word' id='word_1_812' title='bbox 2632 4950 3104 5006; x_wconf 83' lang='lat' dir='ltr'><strong>supervacaneum</strong></span> <span class='ocrx_word' id='word_1_813' title='bbox 3151 4941 3317 4988; x_wconf 82' lang='lat' dir='ltr'><strong>esset.</strong></span> <span class='ocrx_word' id='word_1_814' title='bbox 3349 4931 3471 5001; x_wconf 85' lang='lat' dir='ltr'><strong>Ipse</strong></span> <span class='ocrx_word' id='word_1_815' title='bbox 3513 4931 3662 4985; x_wconf 88' lang='lat' dir='ltr'><strong>enim</strong></span> 
     </span>
    </p>
   </div>
   <div class='ocr_carea' id='block_1_110' title="bbox 2080 5026 3658 5102">
    <p class='ocr_par' dir='ltr' id='par_1_110' title="bbox 2080 5026 3658 5102">
     <span class='ocr_line' id='line_1_110' title="bbox 2080 5026 3658 5102; baseline -0.006 -16"><span class='ocrx_word' id='word_1_816' title='bbox 2080 5033 2186 5087; x_wconf 89' lang='lat' dir='ltr'><strong>illis</strong></span> <span class='ocrx_word' id='word_1_817' title='bbox 2220 5032 2394 5102; x_wconf 81' lang='lat' dir='ltr'><strong>magis</strong></span> <span class='ocrx_word' id='word_1_818' title='bbox 2445 5039 2528 5086; x_wconf 93' lang='lat' dir='ltr'><strong>cst</strong></span> <span class='ocrx_word' id='word_1_819' title='bbox 2576 5030 2802 5086; x_wconf 88' lang='lat' dir='ltr'><strong>honoris</strong></span> <span class='ocrx_word' id='word_1_820' title='bbox 2846 5029 3072 5095; x_wconf 89' lang='lat' dir='ltr'><strong>titulus;</strong></span> <span class='ocrx_word' id='word_1_821' title='bbox 3112 5026 3426 5084; x_wconf 81' lang='lat' dir='ltr'><strong>Demetrius</strong></span> <span class='ocrx_word' id='word_1_822' title='bbox 3473 5034 3658 5079; x_wconf 85' lang='lat' dir='ltr'><strong>autem</strong></span> 
     </span>
    </p>
   </div>
   <div class='ocr_carea' id='block_1_111' title="bbox 2079 5108 3662 5194">
    <p class='ocr_par' dir='ltr' id='par_1_111' title="bbox 2079 5108 3662 5194">
     <span class='ocr_line' id='line_1_111' title="bbox 2079 5108 3662 5194; baseline -0.006 -16"><span class='ocrx_word' id='word_1_823' title='bbox 2079 5124 2356 5194; x_wconf 91' lang='lat' dir='ltr'><strong>quomodo</strong></span> <span class='ocrx_word' id='word_1_824' title='bbox 2400 5138 2430 5178; x_wconf 89' lang='lat' dir='ltr'><strong>e</strong></span> <span class='ocrx_word' id='word_1_825' title='bbox 2471 5122 2672 5178; x_wconf 89' lang='lat' dir='ltr'><strong>talibus</strong></span> <span class='ocrx_word' id='word_1_826' title='bbox 2721 5108 3066 5176; x_wconf 84' lang='lat' dir='ltr'><strong>mutuaretur</strong></span> <span class='ocrx_word' id='word_1_827' title='bbox 3095 5127 3348 5174; x_wconf 89' lang='lat' dir='ltr'><strong>ornatum</strong></span> <span class='ocrx_word' id='word_1_828' title='bbox 3373 5158 3388 5182; x_wconf 88' lang='lat'><strong>,</strong></span> <span class='ocrx_word' id='word_1_829' title='bbox 3429 5115 3523 5186; x_wconf 86' lang='lat' dir='ltr'><strong>qui</strong></span> <span class='ocrx_word' id='word_1_830' title='bbox 3563 5129 3662 5169; x_wconf 86' lang='lat' dir='ltr'><strong>nec</strong></span> 
     </span>
    </p>
   </div>
   <div class='ocr_carea' id='block_1_112' title="bbox 2080 5207 3668 5282">
    <p class='ocr_par' dir='ltr' id='par_1_112' title="bbox 2080 5207 3668 5282">
     <span class='ocr_line' id='line_1_112' title="bbox 2080 5207 3668 5282; baseline -0.006 -14"><span class='ocrx_word' id='word_1_831' title='bbox 2080 5213 2199 5268; x_wconf 88' lang='lat' dir='ltr'><strong>orbi</strong></span> <span class='ocrx_word' id='word_1_832' title='bbox 2252 5222 2484 5275; x_wconf 88' lang='lat' dir='ltr'><strong>tantum,</strong></span> <span class='ocrx_word' id='word_1_833' title='bbox 2538 5213 2629 5267; x_wconf 85' lang='lat' dir='ltr'><strong>sed</strong></span> <span class='ocrx_word' id='word_1_834' title='bbox 2684 5214 2847 5268; x_wconf 74' lang='lat' dir='ltr'><strong>etiam</strong></span> <span class='ocrx_word' id='word_1_835' title='bbox 2900 5226 3140 5282; x_wconf 88' lang='lat' dir='ltr'><strong>superno</strong></span> <span class='ocrx_word' id='word_1_836' title='bbox 3189 5208 3392 5265; x_wconf 87' lang='lat' dir='ltr'><strong>mundo</strong></span> <span class='ocrx_word' id='word_1_837' title='bbox 3441 5207 3668 5260; x_wconf 82' lang='lat' dir='ltr'><strong>ornatui-</strong></span> 
     </span>
    </p>
   </div>
   <div class='ocr_carea' id='block_1_113' title="bbox 2079 5303 3662 5373">
    <p class='ocr_par' dir='ltr' id='par_1_113' title="bbox 2079 5303 3662 5373">
     <span class='ocr_line' id='line_1_113' title="bbox 2079 5303 3662 5373; baseline -0.006 -15"><span class='ocrx_word' id='word_1_838' title='bbox 2079 5303 2220 5358; x_wconf 83' lang='lat' dir='ltr'><strong>l&#39;uit?</strong></span> <span class='ocrx_word' id='word_1_839' title='bbox 2246 5305 2351 5373; x_wconf 90' lang='lat' dir='ltr'><strong>Ipsi</strong></span> <span class='ocrx_word' id='word_1_840' title='bbox 2389 5315 2572 5359; x_wconf 88' lang='lat' dir='ltr'><strong>autem</strong></span> <span class='ocrx_word' id='word_1_841' title='bbox 2607 5305 2783 5373; x_wconf 89' lang='lat' dir='ltr'><strong>qualis</strong></span> <span class='ocrx_word' id='word_1_842' title='bbox 2811 5305 3079 5362; x_wconf 83' lang='lat' dir='ltr'><strong>ornatus?</strong></span> <span class='ocrx_word' id='word_1_843' title='bbox 3105 5303 3264 5359; x_wconf 84' lang='lat' dir='ltr'><strong>Fides</strong></span> <span class='ocrx_word' id='word_1_844' title='bbox 3305 5303 3662 5364; x_wconf 82' lang='lat' dir='ltr'><strong>intemerata,</strong></span> 
     </span>
    </p>
   </div>
   <div class='ocr_carea' id='block_1_114' title="bbox 2080 5397 3669 5468">
    <p class='ocr_par' dir='ltr' id='par_1_114' title="bbox 2080 5397 3669 5468">
     <span class='ocr_line' id='line_1_114' title="bbox 2080 5397 3669 5468; baseline -0.002 -19"><span class='ocrx_word' id='word_1_845' title='bbox 2080 5397 2254 5466; x_wconf 77' lang='lat' dir='ltr'><strong>gratia</strong></span> <span class='ocrx_word' id='word_1_846' title='bbox 2286 5397 2524 5462; x_wconf 88' lang='lat' dir='ltr'><strong>inﬁnita,</strong></span> <span class='ocrx_word' id='word_1_847' title='bbox 2555 5397 2753 5453; x_wconf 74' lang='lat' dir='ltr'><strong>divina:</strong></span> <span class='ocrx_word' id='word_1_848' title='bbox 2791 5414 2913 5467; x_wconf 79' lang='lat' dir='ltr'><strong>quae</strong></span> <span class='ocrx_word' id='word_1_849' title='bbox 2941 5397 3078 5468; x_wconf 91' lang='lat' dir='ltr'><strong>eripi</strong></span> <span class='ocrx_word' id='word_1_850' title='bbox 3110 5412 3218 5452; x_wconf 92' lang='lat' dir='ltr'><strong>non</strong></span> <span class='ocrx_word' id='word_1_851' title='bbox 3255 5399 3486 5464; x_wconf 83' lang='lat' dir='ltr'><strong>possunt</strong></span> <span class='ocrx_word' id='word_1_852' title='bbox 3528 5403 3669 5458; x_wconf 74' lang='lat' dir='ltr'><strong>opes</strong></span> 
     </span>
    </p>
   </div>
   <div class='ocr_carea' id='block_1_115' title="bbox 2080 5485 3670 5561">
    <p class='ocr_par' dir='ltr' id='par_1_115' title="bbox 2080 5485 3670 5561">
     <span class='ocr_line' id='line_1_115' title="bbox 2080 5485 3670 5561; baseline -0.004 -18"><span class='ocrx_word' id='word_1_853' title='bbox 2080 5489 2342 5544; x_wconf 78' lang='lat' dir='ltr'><strong>virtutum</strong></span> <span class='ocrx_word' id='word_1_854' title='bbox 2377 5489 2485 5545; x_wconf 89' lang='lat' dir='ltr'><strong>Deo</strong></span> <span class='ocrx_word' id='word_1_855' title='bbox 2522 5501 2804 5561; x_wconf 81' lang='lat' dir='ltr'><strong>gratarum</strong></span> <span class='ocrx_word' id='word_1_856' title='bbox 2828 5532 2841 5556; x_wconf 93' lang='lat'><strong>,</strong></span> <span class='ocrx_word' id='word_1_857' title='bbox 2875 5506 3012 5560; x_wconf 88' lang='lat' dir='ltr'><strong>quas</strong></span> <span class='ocrx_word' id='word_1_858' title='bbox 3046 5491 3098 5543; x_wconf 88' lang='lat' dir='ltr'><strong>iu</strong></span> <span class='ocrx_word' id='word_1_859' title='bbox 3131 5489 3286 5543; x_wconf 72' lang='lat' dir='ltr'><strong>cmlis</strong></span> <span class='ocrx_word' id='word_1_860' title='bbox 3324 5485 3670 5540; x_wconf 53' lang='lat' dir='ltr'><strong>thesaurizao</strong></span> 
     </span>
    </p>
   </div>
   <div class='ocr_carea' id='block_1_116' title="bbox 2081 5575 3664 5650">
    <p class='ocr_par' dir='ltr' id='par_1_116' title="bbox 2081 5575 3664 5650">
     <span class='ocr_line' id='line_1_116' title="bbox 2081 5575 3664 5650; baseline -0.003 -17"><span class='ocrx_word' id='word_1_861' title='bbox 2081 5581 2180 5646; x_wconf 72' lang='lat' dir='ltr'><strong>vit,</strong></span> <span class='ocrx_word' id='word_1_862' title='bbox 2211 5580 2288 5634; x_wconf 91' lang='lat' dir='ltr'><strong>ibi</strong></span> <span class='ocrx_word' id='word_1_863' title='bbox 2324 5581 2618 5650; x_wconf 86' lang='lat' dir='ltr'><strong>adjunctus</strong></span> <span class='ocrx_word' id='word_1_864' title='bbox 2658 5582 2990 5650; x_wconf 88' lang='lat' dir='ltr'><strong>optimorum</strong></span> <span class='ocrx_word' id='word_1_865' title='bbox 3023 5579 3222 5648; x_wconf 87' lang='lat' dir='ltr'><strong>copiis,</strong></span> <span class='ocrx_word' id='word_1_866' title='bbox 3275 5577 3369 5631; x_wconf 88' lang='lat' dir='ltr'><strong>sed</strong></span> <span class='ocrx_word' id='word_1_867' title='bbox 3415 5575 3598 5644; x_wconf 85' lang='lat' dir='ltr'><strong>potius</strong></span> <span class='ocrx_word' id='word_1_868' title='bbox 3630 5587 3664 5628; x_wconf 75' lang='grc' dir='ltr'><strong>ιι</strong></span> 
     </span>
    </p>
   </div>
   <div class='ocr_carea' id='block_1_117' title="bbox 2079 5672 3664 5746">
    <p class='ocr_par' dir='ltr' id='par_1_117' title="bbox 2079 5672 3664 5746">
     <span class='ocr_line' id='line_1_117' title="bbox 2079 5672 3664 5746; baseline -0.005 -15"><span class='ocrx_word' id='word_1_869' title='bbox 2079 5685 2224 5731; x_wconf 87' lang='lat' dir='ltr'><strong>terra</strong></span> <span class='ocrx_word' id='word_1_870' title='bbox 2259 5676 2312 5730; x_wconf 89' lang='lat' dir='ltr'><strong>in</strong></span> <span class='ocrx_word' id='word_1_871' title='bbox 2354 5677 2552 5732; x_wconf 71' lang='lat' dir='ltr'><strong>malum</strong></span> <span class='ocrx_word' id='word_1_872' title='bbox 2603 5677 2754 5732; x_wconf 81' lang='lat' dir='ltr'><strong>vadit</strong></span> <span class='ocrx_word' id='word_1_873' title='bbox 2789 5678 2915 5732; x_wconf 84' lang='lat' dir='ltr'><strong>vitae</strong></span> <span class='ocrx_word' id='word_1_874' title='bbox 2949 5683 3226 5746; x_wconf 86' lang='lat' dir='ltr'><strong>superstes</strong></span> <span class='ocrx_word' id='word_1_875' title='bbox 3257 5690 3324 5728; x_wconf 74' lang='lat' dir='ltr'><strong>ex</strong></span> <span class='ocrx_word' id='word_1_876' title='bbox 3375 5672 3664 5727; x_wconf 83' lang='lat' dir='ltr'><strong>hominum.</strong></span> 
     </span>
    </p>
   </div>
   <div class='ocr_carea' id='block_1_118' title="bbox 2079 5767 3664 5841">
    <p class='ocr_par' dir='ltr' id='par_1_118' title="bbox 2079 5767 3664 5841">
     <span class='ocr_line' id='line_1_118' title="bbox 2079 5767 3664 5841; baseline -0.003 -18"><span class='ocrx_word' id='word_1_877' title='bbox 2079 5785 2312 5825; x_wconf 88' lang='lat' dir='ltr'><strong>numero</strong></span> <span class='ocrx_word' id='word_1_878' title='bbox 2355 5780 2600 5841; x_wconf 88' lang='lat' dir='ltr'><strong>ereptus,</strong></span> <span class='ocrx_word' id='word_1_879' title='bbox 2650 5772 2949 5826; x_wconf 83' lang='lat' dir='ltr'><strong>maximum</strong></span> <span class='ocrx_word' id='word_1_880' title='bbox 3001 5771 3220 5826; x_wconf 77' lang='lat' dir='ltr'><strong>:etcrnis</strong></span> <span class='ocrx_word' id='word_1_881' title='bbox 3273 5767 3664 5840; x_wconf 80' lang='lat' dir='ltr'><strong>splendoribus</strong></span> 
     </span>
    </p>
   </div>
   <div class='ocr_carea' id='block_1_119' title="bbox 2081 5859 3660 5932">
    <p class='ocr_par' dir='ltr' id='par_1_119' title="bbox 2081 5859 3660 5932">
     <span class='ocr_line' id='line_1_119' title="bbox 2081 5859 3660 5932; baseline -0.004 -14"><span class='ocrx_word' id='word_1_882' title='bbox 2081 5864 2477 5919; x_wconf 85' lang='lat' dir='ltr'><strong>incrementum</strong></span> <span class='ocrx_word' id='word_1_883' title='bbox 2502 5864 2741 5919; x_wconf 83' lang='lat' dir='ltr'><strong>eximius</strong></span> <span class='ocrx_word' id='word_1_884' title='bbox 2767 5863 3092 5930; x_wconf 85' lang='lat' dir='ltr'><strong>Demetrius,</strong></span> <span class='ocrx_word' id='word_1_885' title='bbox 3119 5861 3532 5932; x_wconf 87' lang='lat' dir='ltr'><strong>speciosissima</strong></span> <span class='ocrx_word' id='word_1_886' title='bbox 3566 5859 3660 5913; x_wconf 88' lang='lat' dir='ltr'><strong>illa</strong></span> 
     </span>
    </p>
   </div>
   <div class='ocr_carea' id='block_1_120' title="bbox 2073 5951 3654 6028">
    <p class='ocr_par' dir='ltr' id='par_1_120' title="bbox 2073 5951 3654 6028">
     <span class='ocr_line' id='line_1_120' title="bbox 2073 5951 3654 6028; baseline -0.004 -17"><span class='ocrx_word' id='word_1_887' title='bbox 2073 5957 2184 6012; x_wconf 88' lang='lat' dir='ltr'><strong>imo</strong></span> <span class='ocrx_word' id='word_1_888' title='bbox 2222 5957 2380 6027; x_wconf 83' lang='lat' dir='ltr'><strong>omni</strong></span> <span class='ocrx_word' id='word_1_889' title='bbox 2422 5956 2603 6027; x_wconf 84' lang='lat' dir='ltr'><strong>specie</strong></span> <span class='ocrx_word' id='word_1_890' title='bbox 2653 5955 2996 6026; x_wconf 66' lang='lat' dir='ltr'><strong>prmstautior</strong></span> <span class='ocrx_word' id='word_1_891' title='bbox 3054 5954 3429 6028; x_wconf 76' lang='lat' dir='ltr'><strong>pulchritudo.</strong></span> <span class='ocrx_word' id='word_1_892' title='bbox 3477 5951 3654 6019; x_wconf 81' lang='lat' dir='ltr'><strong>Quem</strong></span> 
     </span>
    </p>
   </div>
  </div>
