4082 6418
480 387 586 454 530

1728 385 1772 444 G
1787 385 1829 442 Β
1842 381 2105 443 ΕΟΟΒΠ
2142 381 2461 444 ΡΛῙΑΜΕ

3627 386 3731 452 510

484 503 649 557 David
700 512 858 557 antea
906 502 1125 556 beatum
1162 500 1475 570 pra-dicavit
1505 499 1745 554 dicens:
1787 518 1805 550 ι
1848 498 2049 553 Beatus

2165 496 2269 556 lini;
2300 495 2563 564 υπάρχων
2581 495 2917 564 Δημήτριος,
2946 494 3041 549 καὶ
3058 494 3291 565 καλλονή
3305 494 3650 565 παγκόσμιός
3670 507 3735 549 ιιι

480 594 566 650 vir
599 596 692 664 qui
740 610 846 650 non
889 595 1022 649 altiit
1072 594 1127 648 in
1182 592 1413 649 consilio
1449 591 1765 663 impiorum,
1802 602 1857 647 et
1886 591 1939 646 in
1971 591 2055 645 via

470 674 829 755 ‘peecatorum
863 700 969 739 non
991 686 1138 738 stetit
1168 684 1270 736 “.t
1307 682 1591 753 Nunquam
1624 682 1769 738 enim
1796 683 1937 754 quod
1961 684 2062 737 im-

481 778 631 848 pium
664 778 717 831 in
739 785 919 831 mente
940 776 1209 846 concepit,
1237 790 1338 831 nec
1362 774 1659 847 quidquam
1674 775 1780 830 Deo
1808 775 2057 830 odiosum

481 867 754 924 fecit.Setl
790 868 996 939 integra
1031 868 1084 921 in
1116 869 1409 936 semetipso
1430 878 1641 923 servata
1674 865 1846 937 gratia
1871 866 2058 922 divina

472 960 654 1030 quam
684 961 738 1015 in
770 961 1084 1015 Christiano
1111 959 1437 1029 baptismate
1486 968 1801 1029 receperat,
1844 957 2059 1013 Domini

480 1050 585 1123 legi
619 1055 943 1109 concordem
975 1052 1170 1107 habuit
1196 1052 1552 1117 voluntatem,
1585 1051 1741 1121 quasi
1777 1052 1915 1106 liber
1948 1053 2057 1107 Deo

482 1156 537 1200 ct
561 1145 855 1214 conspicua
879 1146 1066 1200 charta
1099 1144 1285 1198 divino
1317 1144 1633 1198 charactere
1664 1142 1925 1211 insignita
1974 1147 2058 1197 vel

483 1237 779 1307 pugillares
807 1245 861 1291 ct
887 1236 1121 1292 codicilli
1147 1235 1217 1291 ab
1254 1237 1427 1307 ipsius
1474 1236 1567 1291 Dei
1602 1236 1768 1305 digito
1810 1238 2058 1292 conscri-

481 1337 598 1395 pta,
630 1336 682 1383 et
709 1329 962 1383 omnibus
997 1328 1049 1381 in
1077 1343 1418 1383 communem
1451 1328 1743 1383 utilitatem
1781 1331 2055 1398 exposita.

486 1416 623 1472 Nam
657 1418 727 1483 si,
755 1417 1057 1473 secundum
1091 1418 1309 1483 Isaiam,
1345 1417 1664 1488 priusquam
1714 1418 1916 1473 malum
1967 1433 2062 1474 co-

486 1518 788 1578 gnosceret,
816 1509 1016 1564 bontun
1058 1510 1217 1582 elegit
1258 1521 1312 1565 et
1345 1511 1399 1565 in
1435 1512 1554 1581 ipso
1577 1511 1883 1581 iuventutis
1928 1510 2061 1567 ﬂore

486 1600 817 1670 virginitatis
848 1601 1109 1657 honorem
1143 1602 1428 1672 amplexus
1455 1611 1561 1664 est,
1597 1603 1652 1658 in
1695 1619 1803 1673 qua
1834 1619 2060 1659 conser-

485 1693 663 1748 vanda
692 1702 836 1748 totus
864 1692 988 1757 fuit,
1020 1693 1159 1749 nihil
1189 1695 1467 1766 negligens
1490 1705 1549 1751 ut
1570 1697 1721 1767 virgo
1745 1706 1851 1752 tam
1877 1706 2061 1752 mente

487 1796 651 1852 quam
680 1798 911 1854 corpore
939 1792 1183 1840 maneret
1203 1793 1258 1840 et
1283 1785 1511 1854 proinde
1532 1786 1800 1841 civitatem
1828 1787 1880 1840 in
1906 1785 2060 1841 cmlis

489 1874 714 1930 haberet
744 1883 796 1931 et
828 1891 953 1931 cum
990 1875 1331 1947 incorporeis
1357 1893 1425 1932 ex
1459 1893 1615 1949 aequo
1642 1879 1695 1933 in
1722 1894 1948 1949 corpore
1974 1882 2058 1934 ir.-

488 1966 724 2022 cederet.
757 1966 1045 2037 Propterea
1078 1970 1427 2026 consociatas
1452 1970 1621 2026 coluit
1669 1982 1895 2027 caeteras
1939 1987 2060 2027 om-

486 2072 586 2114 nes
618 2057 851 2116 virtutes
894 2069 949 2115 et
995 2074 1107 2129 prae
1142 2060 1263 2116 aliis
1294 2060 1576 2131 sapientiae
1621 2062 1861 2118 studium
1895 2064 1966 2117 ita
2000 2073 2061 2118 ut

487 2149 735 2204 doctrina
787 2157 844 2205 et
892 2148 1213 2206 innocentia
1250 2150 1530 2219 perfectus
1574 2151 1722 2207 brevi
1777 2154 2055 2209 laudatam

486 2235 741 2291 canitiem
766 2237 820 2292 in
841 2236 1123 2309 iuventute
1144 2249 1395 2308 gereret;
1420 2241 1543 2297 cani
1566 2221 1735 2309 enim,
1763 2247 2057 2299 secundum

487 2325 860 2396 Salomonem,
888 2339 1014 2385 sunt
1046 2345 1242 2389 sensus
1272 2333 1508 2390 hominis
1532 2341 1588 2387 et
1612 2343 1741 2389 tetas
1765 2337 2060 2391 senectutis

488 2418 598 2473 vita
653 2421 1003 2477 immaculata
1044 2423 1113 2477 ".
1154 2424 1286 2479 Erat
1331 2440 1462 2496 ergo
1503 2426 1721 2496 juvenis
1766 2429 2017 2498 egregius
2043 2469 2058 2495 ,

488 2505 649 2561 valde
679 2506 955 2565 formosus
985 2509 1104 2564 visu
1130 2549 1147 2577 ,
1202 2527 1314 2568 non
1354 2522 1567 2569 tantum
1600 2516 1841 2570 exterior
1871 2519 2058 2585 homo,

489 2596 583 2651 sed
623 2590 793 2653 multo
818 2600 994 2668 magis
1037 2600 1290 2671 interior,
1324 2619 1486 2674 quem
1512 2605 1703 2663 oculus
1745 2622 1852 2663 non
1896 2609 2059 2664 videt.

488 2685 663 2752 Quem
712 2685 905 2743 videns
950 2687 1092 2746 Deus
1125 2703 1224 2745 cor
1270 2703 1525 2749 scrutatis
1569 2695 1640 2749 ita
1684 2710 1872 2752 amore
1914 2697 2060 2754 illius

489 2776 793 2844 spiritualis
824 2785 880 2832 et
927 2778 1212 2837 invisibilis
1250 2782 1673 2849 pulchritudinis
1695 2797 1886 2856 captus
1936 2787 2057 2856 fuit,

489 2873 550 2921 ut
580 2867 634 2920 in
675 2882 741 2923 eo
767 2877 1023 2939 tanquam
1059 2870 1111 2925 iu
1137 2872 1447 2943 gratissimo
1467 2874 1746 2930 domicilio
1781 2879 1883 2934 sibi
1917 2894 2059 2936 com-

488 2961 828 3030 placueritet
859 2980 1028 3020 unum
1055 2966 1306 3036 spiritum
1348 2982 1473 3025 cum
1505 2984 1571 3026 eo
1600 2973 2060 3042 conglutinaverit

487 3060 542 3104 et
574 3067 638 3106 ex
678 3067 746 3108 eo
777 3055 961 3109 omnia
996 3055 1262 3113 divinitus
1315 3056 1625 3127 perfecerit.
1680 3060 1821 3117 Nam
1884 3062 2055 3119 David

2161 585 2277 653 ἅμα
2308 587 2405 640 καὶ
2426 585 2821 655 ὑπερκόσμιος.
2841 585 3044 638 Τοῦτον
3068 588 3096 640 6
3114 586 3275 640 Δαῶδ
3291 586 3577 656 προλαϐὼν
3598 589 3733 656 ἐμα-

2162 678 2356 746 κάρισε
2388 678 2482 731 καὶ
2498 676 3150 748 ἁνύμνησε,‹Μακάριος,
3167 677 3358 746 λέγων,
3378 677 3538 748 ἀνὴρ,
3554 679 3614 742 ὃς
3633 680 3733 733 οὐκ

2160 769 2434 840 ἐπορεύθη
2461 770 2519 822 ὲν
2554 768 2716 839 βουλῇ
2737 769 2970 834 ἀσεϐῶν,
3027 769 3121 822 καὶ
3147 770 3205 823 ἐν
3242 769 3347 840 ὁδῷ
3380 770 3729 839 ἁμαρτωλῶν

2160 862 2261 915 οὐκ
2283 863 2433 931 ἔστη.
2465 879 2483 912 ι
2524 862 2658 915 Οὑδέ
2695 863 2805 933 γὰρ
2833 862 2887 915 ἐν
2910 862 2986 932 νῷ
3018 863 3150 915 ποτέ
3178 860 3502 926 κατεδέξατὸ
3532 879 3588 916 τι
3620 842 3731 915 τῶν

2164 953 2239 1022 μὴ
2282 953 2573 1016 θεοσεϐῶν,
2606 952 2735 1006 οὔτε
2768 953 2904 1023 πρὸς
2925 953 3124 1023 πρᾶξιν
3167 952 3403 1007 ῶδευσεν
3430 953 3490 1006 οὐ
3543 952 3735 1022 θεάρε-

2162 1060 2314 1096 στον·
2353 1045 2487 1098 ἀλλὰ
2521 1045 2766 1112 φυλάξας
2785 1044 2964 1114 ἐαυτῷ
2985 1045 3085 1115 τὴν
3113 1045 3178 1098 ἐκ
3212 1046 3307 1097 τοῦ
3329 1044 3470 1098 κατὰ
3490 1045 3731 1115 Χριστὸν

2163 1134 2541 1206 βαπτίσματος
2570 1136 2720 1189 θείαν
2757 1137 2915 1206 χάριν
2953 1137 3241 1205 ἀμίαντον,
3284 1135 3361 1204 τῷ
3395 1133 3489 1188 τοῦ
3531 1136 3735 1205 Κυρίου

2159 1227 2310 1298 νόμῳ
2350 1228 2573 1299 συνᾷδον
2598 1223 2711 1299 εἶχε
2735 1229 2797 1281 τὸ
2836 1227 3069 1297 θέλημα,
3093 1226 3230 1282 Θεοῦ
3271 1227 3455 1297 βίϐλος
3475 1224 3588 1280 οἷον
3638 1228 3737 1281 καὶ

2162 1320 2528 1389 θεοχάρακτός
2557 1338 2639 1385 τις
2666 1322 2931 1391 ὑπάρχων
2965 1321 3185 1385 πυκτὶς,
3217 1324 3310 1375 καὶ
3342 1321 3483 1387 πλὰξ
3506 1320 3540 1390 ἢ
3570 1320 3737 1384 πίναξ

2159 1409 2407 1481 δακτύλῳ
2420 1411 2782 1483 γεγραμμένη
2797 1410 2956 1477 Θεοῦ,
2974 1412 3068 1465 καὶ
3087 1411 3482 1483 προτεθειμένη
3498 1413 3609 1475 τοῖς
3630 1414 3736 1465 πᾶ·

2163 1519 2248 1556 σιν
2288 1504 2366 1566 είς
2399 1504 2577 1558 κοινὸν
2600 1504 2810 1573 ὄφελος.
2838 1504 2993 1558 Κατὰ
3015 1505 3122 1574 γὰρ
3141 1505 3234 1558 τὸν
3256 1504 3506 1569 Ἡσαΐαν,
3534 1497 3685 1574 πρὶῖ
3700 1503 3733 1573 ἢ

2138 1637 2143 1641 .
2161 1593 2361 1662 γνῶναι
2383 1594 2442 1648 τὸ
2464 1594 2652 1659 κακὸν,
2672 1594 2952 1662 ἐξελέξατο
2973 1596 3033 1648 τὸ
3051 1595 3275 1662 ἀγαθὸν,
3298 1595 3392 1647 καὶ
3413 1596 3470 1647 ἐν
3486 1593 3634 1664 αὐτῷ
3657 1592 3735 1662 τῷ

2159 1683 2262 1752 τῆς
2275 1685 2526 1755 νεότητος
2544 1685 2694 1740 ἄνθει
2713 1685 2813 1757 τὴν
2828 1687 2929 1756 τῆς
2947 1685 3242 1758 παρθενίας
3259 1685 3406 1753 ὥραν
3423 1685 3733 1756 ἠσπάσατο,

2164 1778 2261 1830 καὶ
2288 1778 2410 1840 ὅλος
2436 1781 2536 1848 τῆς
2562 1781 2811 1848 κτήσεως
2839 1778 3045 1847 ταύτης
3095 1773 3184 1847 ἦν,
3219 1777 3397 1830 πάντα
3452 1777 3733 1847 πράττων,

2164 1870 2305 1922 ὥστε
2333 1869 2605 1941 παρθένος
2634 1867 2774 1923 εἶναι
2814 1869 2909 1923 καὶ
2957 1870 3017 1922 τὸ
3048 1868 3203 1938 σῶμα
3268 1868 3362 1921 καὶ
3393 1867 3492 1938 τὴν
3522 1867 3726 1937 ψυχὴν.

2165 1961 2264 2014 καὶ
2289 1960 2356 2014 δι’
2387 1959 2554 2015 αὑτοῦ
2580 1962 2640 2013 τὸ
2662 1960 2970 2031 πολίτευμα
3028 1962 3087 2014 ἐν
3130 1956 3382 2030 οὐρανοῖς
3437 1960 3602 2027 ἔχειν,
3642 1960 3740 2013 καὶ

2164 2053 2277 2114 τοῖς
2299 2051 2620 2121 ἀσωμάτοις
2646 2051 2705 2115 ἐξ
2733 2050 3036 2121 ἐφαμίλλου
3066 2052 3266 2122 χωρεῖν
3294 2049 3436 2122 μετὰ
3460 2050 3735 2119 σώματος,

2167 2147 2416 2219 καὶπρὸς
2440 2147 2598 2200 τοῦτο
2622 2148 2945 2218 συμμάχους
2972 2147 3072 2208 τὰς
3095 2145 3263 2207 ἄλλας
3315 2143 3497 2207 πάσας
3538 2143 3738 2213 ἀρετὰς

2167 2234 2303 2306 εἶχε,
2330 2239 2423 2291 καὶ
2461 2237 2567 2309 πρὸ
2597 2237 2706 2291 τῶν
2734 2237 2911 2292 ἄλλων
2952 2237 3053 2307 τὴν
3095 2237 3193 2305 τῆς
3251 2235 3443 2304 σοφίας
3481 2234 3736 2306 σπουδὴν,

2167 2326 2254 2379 ἵνα
2300 2326 2516 2380 συνέσει
2567 2326 2662 2380 καὶ
2713 2324 3051 2395 καθαρότητι
3101 2324 3412 2385 τελειωθεὶς
3454 2322 3512 2375 ἐν
3574 2322 3739 2390 ὀλίγῳ

2165 2419 2266 2489 τὴν
2322 2420 2725 2489 ἐπαινουμένην
2809 2417 3000 2471 πολιὰν
3060 2417 3117 2469 ἐν
3142 2418 3209 2487 τῇ
3259 2415 3477 2485 νεότητι
3534 2415 3680 2488 φέρῃ
3715 2431 3732 2447 ο

2165 2508 2328 2564 πολιὰ
2357 2510 2465 2580 γάρ
2494 2511 2611 2563 ἐστι
2638 2510 2777 2563 κατα
2804 2507 3127 2586 Σολομῶντα
3157 2508 3377 2571 σύνεσις
3394 2506 3729 2576 ἀνθρώποις,

2165 2602 2263 2655 καὶ
2283 2600 2469 2669 ἡλικία
2497 2600 2702 2671 γήρως,
2728 2601 2843 2671 βίος
2868 2600 3223 2669 ἀκηλίδωτος.
3260 2596 3370 2653 Ἦν
3398 2594 3492 2652 οῦν
3521 2597 3738 2656 νεανίας

2166 2692 2394 2758 ἁπαλὸς,
2435 2688 2497 2746 εῦ
2535 2694 2681 2757 μάλα
2710 2692 2875 2757 καλὸς
2921 2693 3069 2755 ἰδεῖν,
3105 2692 3168 2745 οὐ
3216 2690 3308 2744 τὸν
3354 2691 3459 2757 ἔξω
3498 2691 3591 2744 καὶ
3640 2689 3738 2742 ὑπ’

2165 2785 2424 2855 αἴσθησιν
2454 2786 2619 2855 μόνον
2669 2784 2976 2854 ἄνθρωπον,
3004 2783 3142 2837 ἀλλὰ
3186 2781 3367 2852 πολλῷ
3411 2781 3613 2852 μᾶλλον
3644 2779 3735 2833 τὸν

2166 2876 2315 2929 ἔνδον
2349 2876 2445 2952 καὶ
2482 2875 2558 2947 μὴ
2599 2873 2897 2946 ὁρώμενον,
2928 2874 2988 2929 ὃν
3020 2872 3146 2926 ἰδὼν
3175 2875 3205 2927 6
3234 2872 3448 2942 βλέπων
3481 2874 3562 2937 εἰς
3592 2890 3735 2943 καρ-

2163 2967 2284 3021 δίαν
2308 2966 2465 3041 Θεδς,
2496 2965 2589 3019 ἐπὶ
2607 2964 2860 3018 τοσοῦτον
2890 2965 3006 3035 ἦλω
3026 2964 3120 3017 τοῦ
3152 2963 3339 3034 νοεροῦ
3376 2965 3473 3017 καὶ
3504 2963 3734 3019 ἀθεάτου

2165 3059 2417 3122 κάλλους,
2432 3058 2507 3123 ὡς
2523 3058 2858 3129 ἐνσκηνῶσαι
2872 3057 3067 3126 εὖδοκῆ
3077 3075 3166 3111 σαι
3180 3056 3375 3127 τούτῳ,
3397 3057 3489 3110 καὶ
3504 3056 3563 3109 ἐν
3578 3054 3737 3109 πνεῦ-

489 3145 721 3236 quidem
760 3147 941 3203 virum
993 3148 1218 3220 invenit,
1273 3149 1601 3208 Demetrium
1642 3170 1773 3211 vero
1813 3158 2056 3212 nomium

2167 3168 2243 3220 μα
2265 3149 2564 3219 μετάὒτοῦ
2583 3151 2826 3215 τελέσαι,
2847 3150 2943 3204 καὶ
2968 3149 3028 3215 ἐξ
3050 3149 3259 3203 ἐκείνου
3284 3148 3350 3202 τὰ
3369 3149 3544 3203 πάντα
3565 3150 3737 3218 ἁπερ-

491 3228 734 3292 virorum
769 3248 982 3296 aetatem
1018 3251 1349 3305 assecutum,
1387 3244 1481 3300 sed
1514 3246 1693 3303 adhuc
1736 3248 2057 3305 adolescen-

491 3339 599 3385 tem
642 3331 941 3387 secundnm
978 3346 1073 3389 cor
1111 3350 1271 3390 suum
1320 3335 1527 3392 invenit
1576 3340 1885 3408 operarium
1914 3347 2059 3396 stre-

494 3436 684 3487 nuum,
714 3431 979 3492 praecepta
1006 3423 1179 3494 ipsius
1206 3427 1449 3496 perfecte
1483 3431 1816 3499 explentem.
1846 3430 2061 3487 invenit

494 3528 589 3568 tas
621 3514 909 3571 electionis
943 3516 1088 3583 quod
1139 3517 1280 3573 sicut
1326 3520 1528 3577 Paulus
1577 3531 1821 3591 portaret
1864 3538 2059 3578 nomen

491 3607 611 3676 ejus
636 3623 820 3663 coram
850 3609 1066 3680 regibus
1088 3621 1142 3665 et
1165 3611 1418 3681 gentibus
1446 3612 1515 3667 δ’.
1539 3612 1749 3669 Invenit
1773 3616 2058 3685 speculum

491 3702 872 3758 intemeratum
903 3705 1048 3775 quod
1073 3702 1384 3759 reﬂectebat
1406 3720 1697 3775 supernam
1729 3717 1783 3763 et
1805 3707 2058 3763 eximiam

490 3795 972 3866 pulchritudinem.
996 3795 1109 3868 Ego
1141 3797 1303 3851 etiam
1334 3796 1484 3851 illam
1507 3811 1699 3853 vocem
1734 3799 1803 3853 de
1837 3799 1932 3854 illo
1958 3816 2062 3855 au-

490 3886 585 3940 dio
613 3887 880 3955 prolatam
924 3900 940 3937 :
986 3885 1125 3942 Ecce
1151 3899 1346 3942 servus
1380 3901 1559 3952 meus,
1591 3903 1754 3958 quem
1790 3889 1968 3958 elegi;
2006 3891 2061 3944 in

492 3976 614 4045 ipso
663 3975 996 4044 complacuit
1024 3975 1128 4031 sibi
1160 3977 1340 4031 anima
1376 3992 1529 4044 mea;
1570 3992 1766 4048 ponam
1803 3980 2061 4049 spiritum

495 4081 675 4120 meum
711 4081 876 4135 super
898 4082 1047 4131 eum,
1082 4076 1136 4122 et
1159 4067 1427 4137 judicium
1450 4071 1699 4140 gentibus
1731 4070 1985 4140 proferet,
2010 4082 2065 4128 et

492 4157 986 4227 discernetdignos
1008 4157 1076 4212 ab
1115 4157 1378 4229 indignis,
1411 4170 1470 4214 ut
1500 4163 1572 4215 sit
1598 4162 1738 4216 sicut
1767 4175 1828 4216 os
1855 4176 2062 4231 meum;

494 4249 667 4305 malos
704 4263 834 4304 vero
867 4249 1149 4307 convictos
1194 4253 1404 4319 pudore
1450 4251 1724 4308 suﬂundet
1765 4262 1820 4309 et
1873 4264 2066 4326 arguet

492 4341 794 4397 destinatos
841 4341 908 4397 ad
941 4342 1326 4412 perditionem.
1369 4343 1475 4398 lsta
1504 4342 1723 4412 quidem
1756 4345 1825 4400 de
1845 4344 2063 4402 Christo

491 4432 695 4502 scripta
725 4441 853 4488 sunt
876 4474 896 4504 ,
943 4434 1034 4489 sed
1075 4437 1237 4491 etiam
1261 4434 1421 4504 quasi
1454 4450 1549 4504 per
1582 4435 1760 4505 ipsum
1808 4437 2064 4494 omnibus

2162 3244 2437 3312 γάσασθαι
2457 3243 2618 3296 θεῖον.
2663 3236 2802 3313 Εὗρε
2830 3241 2939 3312 γὰρ
2965 3240 3057 3295 τὸν
3082 3241 3187 3315 μὲν
3211 3241 3373 3294 Δαϐὶδ
3401 3240 3597 3311 ἄνδρα·
3628 3241 3732 3310 Δη-

2165 3336 2394 3406 μήτριον
2430 3335 2485 3388 δὲ
2527 3335 2652 3404 μηδ’
2697 3336 2778 3398 είς
2804 3334 3025 3405 ἡλικίαν
3055 3333 3264 3404 ἀνδρῶν
3290 3333 3738 3402 παραγγείλαντα

2162 3442 2271 3489 πω,
2301 3424 2421 3478 νέον
2461 3424 2520 3477 δέ
2565 3424 2647 3477 ἔτι
2682 3423 2903 3494 κομιδῆ,
2955 3422 3100 3478 κατὰ
3149 3422 3249 3492 τὴν
3300 3420 3531 3491 καρδίαν
3577 3414 3736 3493 εῦρεν

2164 3514 2371 3568 ἑαυτοῦ
2391 3516 2633 3586 ἐργάτην
2666 3513 3118 3584 ἀνεπαίσχυντον,
3157 3512 3447 3583 πληρωτὴν
3498 3513 3606 3566 τῶν
3645 3514 3733 3565 ἐν-

2161 3604 2457 3675 ταλμάτων
2490 3604 2655 3659 αὑτοῦ
2679 3621 2693 3636 ·
2728 3597 2853 3674 εῦρε
2887 3603 3080 3667 σκεῦος
3111 3604 3367 3672 ἐκλογῆς,
3404 3604 3546 3657 κατὰ
3591 3603 3765 3657 lla?»-

2163 3697 2274 3761 λον,
2307 3697 2401 3750 τοῦ
2455 3696 2722 3767 βαστάσαι
2770 3696 2831 3751 τὸ
2877 3696 3049 3767 ὄνομα
3100 3697 3266 3751 αὐτοῦ
3302 3696 3534 3749 ἐνώπιον
3566 3697 3736 3749 ἐθνῶν

2165 3789 2259 3841 καὶ
2289 3786 2557 3858 βασιλέων
2579 3804 2595 3820 ⁸
2628 3780 2785 3859 εὗρεν
2812 3780 3078 3859 ἔσοπτρον
3103 3788 3461 3858 ἀκηλίδωτον,
3484 3788 3737 3840 δεκτικὸν

2166 3878 2261 3932 καὶ
2286 3876 2560 3931 δεικτικὸν
2591 3878 2693 3944 τῆς
2729 3876 3255 3947 ὑπερανῳκισμὲνης
3288 3874 3382 3928 καὶ
3423 3875 3735 3945 ἀπορρήτου

2165 3968 2456 4040 καλλονῆς.
2515 3966 2658 4037 Ἐγὼ
2706 3969 2799 4021 καὶ
2834 3967 2935 4039 τῆς
2967 3968 3151 4037 φωνῆς
3198 3966 3412 4035 ἐκείνης
3446 3966 3531 4019 ἐπ’
3574 3965 3736 4018 αὑτὸν

2164 4059 2349 4114 ἀκούω
2378 4060 2653 4130 μυστικῶς
2676 4058 3011 4128 ἐνεχθείσης,
3030 4057 3159 4111 ’1δοῦ
3183 4058 3209 4111 6
3242 4058 3365 4120 παῖς
3388 4074 3509 4127 μου,
3532 4055 3591 4109 ὃν
3614 4057 3737 4127 ᾑρέ-

2164 4169 2317 4215 τισα,
2339 4153 2417 4214 είς
2440 4151 2500 4204 ὃν
2519 4151 2811 4221 εὐδόκησεν
2842 4151 2876 4217 ή
2910 4151 3059 4220 ψυχή
3095 4149 3402 4222 μον.θήσω
3429 4148 3490 4202 τὸ
3520 4148 3737 4218 πνεῦμά

2168 4260 2270 4312 μου
2294 4242 2381 4295 ἐπ’
2412 4242 2597 4307 αὑτὸν,
2624 4243 2718 4295 καὶ
2740 4243 2924 4312 κρίσιν
2946 4244 3056 4304 τοῖς
3071 4243 3278 4295 ἔθνεσιν
3301 4241 3618 4310 ἀπαγγελεῖ,
3643 4241 3739 4293 καὶ

2166 4335 2291 4396 τοὺς
2347 4333 2447 4403 μὲν
2499 4333 2900 4403 μετασκευάσει
2926 4334 3019 4387 καὶ
3041 4333 3442 4387 κατασκευάσει
3466 4333 3648 4397 ἀξίους
3676 4332 3737 4395 ἐξ

2167 4425 2426 4492 ἀναξίων,
2462 4421 2589 4500 ῑν’ᾖ
2627 4426 2789 4488 αὐτὸς
2811 4425 2888 4488 ὼς
2930 4426 3105 4494 στόμα
3133 4426 3298 4494 ἐμόν’
3332 4425 3457 4487 τοὺς
3490 4423 3549 4476 δὲ
3585 4421 3739 4489 ἐλέγ-

494 4524 796 4581 εττοιιιιθιιοι
823 4525 1102 4582 Christum
1133 4526 1373 4597 perfecte
1402 4528 1729 4599 degentibus
1754 4539 1882 4584 sunt
1912 4544 2061 4584 com-

2175 4516 2255 4583 ξει
2286 4516 2378 4569 καὶ⁵
2426 4508 2781 4586 καταισχυνεί
2820 4518 2912 4570 καὶ
2959 4515 3231 4578 ἀποδείξει
3265 4513 3737 4584 κατηρτισμένους

493 4617 818 4672 mendanda.
855 4616 985 4674 Erat
1023 4627 1204 4676 autem
1247 4620 1441 4675 doctor
1480 4628 1535 4672 et
1579 4619 1733 4688 proin
1764 4619 2062 4689 apostolus,

493 4708 732 4776 sapiens,
767 4709 940 4779 virgo,
976 4710 1206 4780 piusque
1247 4708 1577 4772 Demetrius,
1606 4718 1661 4762 et
1689 4716 1749 4762 ut
1791 4709 1940 4763 brevi
1979 4708 2066 4762 di-

380 4845 389 4852 .
446 4798 449 4799 ⁷
496 4811 641 4862 catn,
675 4796 729 4850 in
770 4797 1027 4854 omnibus
1055 4799 1313 4863 decorus,
1344 4796 1747 4867 integerrimus,
1774 4805 1827 4851 et
1871 4807 2065 4852 natura

493 4892 551 4941 et
578 4889 771 4943 studiis
789 4899 842 4943 et
860 4891 1033 4960 gratia
1051 4889 1385 4959 splendidus,
1416 4888 1489 4942 ita
1517 4894 1575 4941 ut
1594 4886 1887 4953 Demetrio,
1906 4896 2067 4956 prout

492 4980 698 5035 dictum
729 4990 815 5036 est
850 4983 917 5037 de
964 4979 1311 5047 JobAusita,
1361 4995 1468 5034 non
1515 4991 1633 5034 erat
1666 4981 1715 5034 ei
1762 4981 1958 5036 similis
2009 4980 2065 5036 in

495 5082 664 5139 terra,
706 5072 794 5128 vel
825 5074 1011 5142 potius
1047 5072 1176 5127 huic
1208 5072 1262 5126 in
1307 5071 1564 5127 omnibus
1592 5072 1936 5128 divinissimo
1968 5071 2071 5127 Job

494 5162 614 5231 ipse
643 5173 764 5220 erat
796 5164 1015 5229 similis,
1052 5163 1144 5218 cui
1182 5174 1345 5232 tunc,
1373 5171 1536 5232 prout
1579 5164 1844 5235 scriptum
1886 5173 1970 5219 est
2000 5163 2069 5230 “,

495 5254 694 5311 similis
721 5257 866 5310 inter
908 5255 1162 5311 homines
1191 5269 1298 5310 non
1331 5254 1747 5321 inveniebatur;
1774 5263 1901 5323 erat
1921 5255 2068 5308 enim

499 5349 515 5403 i
553 5347 1022 5417 reprehensibilis,
1050 5347 1258 5417 justus,
1296 5346 1462 5417 pius;
1492 5356 1546 5401 et
1573 5346 1674 5402 Job
1713 5348 1859 5402 sicut
1886 5357 2069 5416 poste-

500 5440 616 5493 rius
642 5437 897 5507 apparuit
924 5437 1252 5502 Demetrius.
1289 5438 1385 5494 ille
1417 5453 1544 5494 vero
1586 5455 1696 5495 non
1730 5424 1925 5492 habuit
1956 5437 2069 5490 vir-

407 5541 411 5545 ·
446 5588 451 5593 ,
500 5529 742 5599 ginitatis
774 5528 1014 5593 laudem,
1050 5531 1408 5601 virginitatis,
1446 5532 1669 5601 inquam
1692 5573 1708 5597 ,
1742 5546 1864 5600 quin
1898 5529 1951 5583 in
1981 5529 2069 5598 ju-

502 5629 724 5677 vontute
738 5622 1036 5694 gloriosum
1059 5627 1336 5687 victorem.
1360 5635 1566 5681 natura:
1594 5624 2071 5693 trittmpbatorem,

504 5724 557 5768 et
580 5716 788 5784 angelis
819 5716 915 5786 qui
942 5702 1110 5772 Deum
1134 5717 1493 5774 circumstant
1525 5716 1861 5785 coaequaletn
1888 5714 2075 5769 Deme-

586 5901 629 5931 "
658 5901 798 5959 Psal.
836 5922 872 5972 ι,
913 5905 957 5960 l.
1037 5907 1076 5935 “
1110 5904 1237 5976 Sap.
1265 5921 1335 5974 tv,
1367 5903 1418 5957 9.
1500 5903 1540 5935 ⁵³
1569 5907 1689 5961 Act.
1721 5921 1794 5973 ts,
1830 5904 1911 5959 l5.

2171 4607 2331 4670 ὄντας
2357 4609 2435 4670 εἰς
2461 4605 2759 4662 ἀπώλειαν.
2794 4606 2855 4660 Ei
2885 4606 2994 4677 γὰρ
3024 4605 3120 4658 καλ
3153 4604 3281 4675 περὶ
3302 4601 3542 4673 Χριστοῦ
3565 4601 3733 4654 ταῦτα

2172 4701 2508 4770 γέγραπται,
2543 4699 2679 4752 ἀλλὰ
2730 4699 2824 4752 καὶ
2853 4698 2929 4762 ὡς
2956 4697 3026 4749 δι’
3067 4697 3279 4750 ἐκείνου
3309 4698 3419 4758 τοῖς
3447 4692 3568 4748 κατ’
3598 4692 3731 4746 ἐκεῖ·

2172 4808 2262 4843 νον
2310 4791 2555 4861 ἀκριϐῶς
2608 4789 2783 4860 βιοῦσι
2837 4787 3306 4859 χαρισθησόμενα.
3357 4782 3467 4839 Ἧν
3514 4781 3608 4838 οὖν
3646 4783 3739 4838 καὶ

2170 4883 2488 4946 διδάσκοι).ος
2529 4884 2625 4936 καὶ
2659 4883 2955 4944 ἀπόστολος
2986 4878 3303 4934 τούντεῦθεν
3347 4877 3680 4947 Δημήτριος,
3710 4876 3740 4927 6

2173 4976 2358 5044 σοφὸς.
2396 4976 2491 5029 καὶ
2522 4975 2812 5045 παρθένος,
2838 4974 2931 5027 καὶ
2961 4974 3129 5039 ὅσιος.
3167 4973 3263 5023 καὶ
3294 4968 3367 5032 ὡς
3396 4970 3571 5021 εἰπεῖν
3599 4968 3741 5034 πάγ-

2172 5069 2336 5132 καλός
2380 5086 2439 5122 τε
2485 5069 2579 5121 καὶ
2610 5065 3049 5136 παναμώμητος,
3084 5064 3179 5117 καὶ
3205 5061 3366 5131 φύσει
3406 5061 3501 5114 καὶ
3537 5057 3741 5125 σπουδῇ

2170 5162 2268 5217 καὶ
2321 5161 2506 5231 χάριτι
2559 5158 3037 5228 λαμπρυνόμενος,
3089 5155 3183 5208 καὶ
3230 5153 3540 5223 ῗΔημητρίῳ
3593 5153 3740 5211 τότε,

2174 5253 2316 5307 κατὰ
2346 5252 2407 5306 τὸ
2448 5252 2740 5322 εἰρημένον
2783 5248 2913 5318 περὶ
2959 5245 3055 5300 τοῦ
3084 5245 3316 5300 Αὑσίτου
3358 5243 3502 5306 Ἰὼϐ,
3538 5243 3639 5295 οὐκ
3672 5237 3744 5309 ἦν

2174 5346 2361 5414 ὅμοιος
2395 5344 2489 5398 ἐπὶ
2537 5344 2639 5410 τῆς
2688 5344 2817 5412 γῆς,
2863 5340 3063 5411 μᾶλλον
3110 5340 3168 5392 δὲ
3213 5337 3410 5409 τούτῳ,
3439 5336 3519 5408 τῷ
3564 5336 3747 5390 πάντα

2176 5439 2328 5506 θείῳ,
2363 5434 2474 5489 οὐδ’
2501 5434 2662 5497 αὐτὸς
2692 5429 2759 5504 ἦν
2787 5435 2815 5487 6
2857 5431 2982 5485 Ἰὼϐ
3006 5433 3215 5501 ὅμοιος,
3252 5422 3296 5496 ᾧ
3325 5446 3476 5491 ποτε,
3513 5427 3656 5481 κατὰ
3684 5427 3747 5479 τὸ

2176 5527 2586 5598 γεγραμμένον,
2615 5526 2802 5594 ὅμοιος
2828 5526 2886 5578 ἐν
2913 5523 3225 5593 ἀνθρώποις
3264 5524 3366 5575 οὐκ
3396 5517 3486 5591 ἦν.
3523 5520 3745 5590 "Ausp-

2179 5638 2314 5684 πτος
2343 5621 2473 5691 γὰρ,
2523 5618 2754 5683 δίκαιος,
2792 5617 3045 5686 εὐσεϐής.
3096 5616 3207 5668 Καὶ
3230 5617 3258 5666 6
3302 5611 3422 5665 Ἰὼϐ
3454 5612 3747 5682 πρότερον,

2180 5716 2256 5778 ὼς
2300 5714 2395 5767 καὶ
2428 5712 2738 5783 Δημήτριος
2783 5709 3131 5779 ἀναπέφηνεν
3166 5706 3428 5777 ὕστερον·
3478 5704 3568 5759 τὸν
3599 5702 3646 5756 δ’
3682 5703 3751 5753 ἐκ

1989 5902 2033 5935 ’⁸³
2065 5900 2186 5959 Joh.
2228 5916 2264 5969 t,
2296 5900 2359 5965 8,
2393 5913 2448 5964 tt,
2484 5897 2536 5951 5.
