4082 6414
377 449 476 513 541

1706 451 2042 512 HOMILIA
2083 451 2314 527 XLIII.

3542 463 3646 527 542

369 565 472 634 τῆς
502 563 800 632 παρθενίας
831 558 978 618 αἶνον
1022 565 1228 627 ἐκεῖνος
1273 566 1376 619 ούκ
1422 563 1570 634 είχε⁰
1614 565 1940 637 παρθενίας,

2065 566 2218 620 ,ι-ἱιιιιι
2256 567 2517 623 ostendit.
2575 567 2638 622 Et
2689 570 2912 639 quidem
2973 571 3063 626 ille
3111 571 3164 627 in
3215 588 3449 645 corpore
3491 579 3642 645 gravi

369 660 762 730 ἢστεφανίτην
806 661 871 713 ἐκ
904 661 1047 726 νέου,
1092 662 1184 714 καὶ
1231 661 1330 731 τῆς
1367 660 1584 729 φύσεως
1630 662 1945 731 κρείττονα,

372 753 467 805 καὶ
495 754 607 814 τοῖς
631 753 758 819 περὶ
783 753 916 805 Θεὸν
943 753 1200 821 ἀγγέλοις
1238 755 1542 823 ἐφάμιλλον
1579 755 1820 823 ἀνέδειξε
1856 756 1949 808 τὸν

375 844 712 914 Δημήτριον.
742 846 852 898 Καὶ
873 845 933 898 τὸ
960 846 1119 916 σῶμα
1153 850 1251 916 μὲν
1276 822 1485 910 ἐκεῖνος
1521 822 1752 916 ιπλὴγῆ
1764 849 1947 919 πληγῆ

379 935 597 1005 βαρείᾳ,
626 939 693 1005 τῇ
728 937 990 1005 ἀντιθέτῳ
1021 939 1416 1008 προσπαλαίων
1451 941 1641 1010 κακίᾳ.
1671 933 1842 1004 Οὗτος
1871 941 1947 1001 δὲ.

379 1029 474 1082 καὶ
507 1029 702 1099 μέχρις
739 1031 970 1098 αἵματος
1001 1032 1081 1102 είς
1111 1032 1264 1094 τέλος
1293 1033 1660 1103 ἀπεκατέστη
1690 1032 1826 1102 πρὸς
1851 1032 1951 1099 τὴν

380 1122 585 1174 κακίαν
635 1121 1060 1190 ἀγωνιζόμενος.
1123 1123 1265 1177 Ἀλλ’
1306 1123 1428 1176 οὐδὲ
1460 1124 1558 1192 τὴν
1599 1124 1728 1191 περὶ
1757 1123 1951 1190 λόγους

380 1214 633 1267 παιδείαν
659 1215 688 1267 ὁ
735 1213 858 1267 Ἰὼϐ
889 1215 1332 1284 μεμαρτύρηται,
1359 1216 1425 1286 ἥν
1456 1211 1602 1285 εἶχεν
1627 1208 1779 1276 οὗτος
1809 1217 1952 1284 μετά

375 1305 475 1374 τῆς
496 1305 591 1358 τοῦ
623 1305 938 1374 Πνεύματος
963 1307 1184 1376 χάριτος
1215 1308 1606 1378 κερασθεῖσαν,
1640 1307 1737 1362 καὶ
1764 1309 1948 1368 ὅπλον.

377 1399 472 1450 καὶ
519 1398 856 1468 ἀμυντήριον
901 1401 1303 1462 ἀνυπόστατον,
1356 1401 1448 1452 καὶ
1483 1399 1827 1469 οἰκοδομικὸν
1860 1401 1953 1468 ὲρο

381 1491 622 1556 γαλείον,
653 1491 748 1544 καὶ
791 1491 1105 1562 γεωργικὴν
1139 1491 1428 1561 σκαπάνην
1479 1493 1573 1545 καὶ
1616 1492 1872 1563 ἄροτρον,
1902 1492 1952 1544 εί

382 1581 440 1635 δὲ
500 1581 702 1650 βούλει,
757 1584 853 1637 καὶ
905 1585 1108 1638 δόνακα
1158 1585 1453 1654 γραφικδν,
1508 1583 1603 1638 καὶ
1638 1582 1953 1653 ἁλιευτικὴν

387 1677 654 1746 σαγήνην,
691 1678 788 1730 καὶ
834 1678 892 1730 εί
936 1693 990 1732 τι
1025 1679 1265 1732 τοιοῦτον
1295 1679 1516 1736 ἕτερον·
1570 1676 1666 1730 νῦν
1720 1677 1818 1746 μὲν
1863 1676 1954 1729 τὸν

381 1767 681 1836 ἀμπελῶνα
705 1769 908 1839 Κυρίου
937 1770 1300 1840 καλλιεργῶν,
1324 1772 1419 1825 καὶ
1435 1773 1504 1826 τά
1525 1771 1759 1842 οὐράνια
1785 1787 1954 1824 κατα-

382 1859 712 1929 ϐαλλόμενος
755 1863 836 1925 είς
880 1863 986 1932 γῆν
1018 1865 1332 1935 σπέρματα,
1368 1865 1400 1934 ἢ
1429 1865 1499 1919 τὰ
1539 1866 1760 1935 ῥήματα
1786 1881 1955 1918 κατα-

383 1953 612 2022 γράφων
655 1955 753 2024 τῆς
783 1956 1005 2010 αίωνίου
1038 1959 1202 2024 ζωῆς,
1247 1959 1348 2012 οὐκ
1392 1961 1449 2013 ὲν
1490 1959 1654 2026 πλαξὶ
1697 1958 1954 2024 λιθίναις,

384 2043 499 2097 ἀλλ’
527 2045 585 2098 ἐν
611 2045 778 2111 πλαξὶ
807 2047 1058 2116 καρδίαις
1089 2048 1402 2117 σαρκίναις,
1427 2049 1549 2110 ταῖς
1568 2064 1632 2114 γε
1654 2048 1835 2114 ἀξίαις
1859 2049 1958 2116 τῆς

383 2136 642 2208 τοιαύτης
672 2139 1060 2209 καταγραφῆς,
1097 2140 1129 2208 ἢ
1166 2142 1232 2210 τῇ
1283 2140 1498 2212 σαγήνῃ
1525 2139 1622 2192 τοῦ
1657 2139 1820 2207 λόγου
1857 2158 1958 2193 πε-

391 2227 741 2297 ριλαμϐάνων
807 2227 1254 2296 Θεσσαλονίκην,
1322 2229 1612 2297 ’Δττικὴν¹,
1697 2229 1958 2299 ’Δχαΐαν,

391 2316 594 2385 μᾶλλον
619 2317 675 2368 δε
702 2319 833 2386 ὅσην
871 2317 964 2373 νῦν
1017 2319 1358 2389 περιϐάλλει,
1401 2320 1495 2373 καί⁵
1528 2323 1610 2385 είς
1640 2323 1774 2391 ὅσην
1817 2323 1960 2390 φθά-

386 2424 467 2459 νει
495 2406 582 2459 διά
611 2408 721 2458 τῶν
756 2407 964 2477 μύρων,
999 2409 1092 2462 καὶ
1129 2409 1236 2462 τῶν
1271 2409 1590 2479 θαυμάτων,
1636 2413 1729 2464 καὶ
1760 2412 1858 2482 τῆς
1902 2414 1960 2465 ὲν

387 2499 552 2552 πᾶσιν
584 2497 847 2566 ἀφθονίας
888 2499 989 2568 τῆς
1035 2501 1280 2571 χάριτος.
1310 2497 1420 2556 Ἦν
1455 2503 1563 2573 γὰρ
1597 2505 1691 2558 καὶ
1741 2503 1861 2556 τότε
1892 2505 1959 2574 τῇ

387 2589 683 2659 οίκουμένῃ
717 2588 901 2658 θαῦμα
933 2593 992 2643 ἐν
1023 2591 1204 2660 λόγοις
1245 2591 1410 2656 θείοις
1443 2594 1782 2664 Δημήτριος,
1819 2594 1960 2647 εὐω-

386 2681 474 2734 δία
506 2681 746 2752 Χριστοῦ
777 2683 916 2737 κατά
954 2683 1164 2738 Παῦλον
1193 2683 1294 2750 ῶν,
1325 2684 1382 2738 ἐν
1401 2703 1458 2739 τε
1489 2689 1600 2750 τοῖς
1631 2685 1963 2756 σωζομένοις

390 2771 484 2825 καὶ
535 2773 592 2824 ἐν
643 2775 756 2835 τοῖς
814 2773 1249 2840 ἀπολλυμένοις·
1307 2777 1402 2828 καὶ
1458 2777 1572 2838 τοῖς
1649 2776 1749 2844 μὲν
1817 2775 1962 2842 ὀσμὴ

391 2863 621 2917 θανάτου
653 2866 732 2928 είς
761 2864 990 2918 θάνατον
1010 2906 1025 2930 ,
1071 2869 1184 2930 τοῖς
1229 2866 1287 2919 δὲ
1331 2865 1478 2933 ζωῆς
1502 2868 1581 2929 είς
1609 2867 1779 2937 ζωήν.
1818 2866 1964 2920 Ταύ-

389 2971 490 3026 της
525 2958 620 3027 τῆς
657 2957 890 3020 εὐωδίας
933 2959 1172 3028 ἀμοιϐὴν
1211 2959 1309 3027 μὲν
1350 2959 1682 3030 ἀποχρῶσαν
1719 2960 1820 3012 ούκ
1855 2959 1963 3029 ἔχω

387 3050 573 3118 λέγειν
599 3051 669 3104 τὰ
711 3050 861 3119 παρά
902 3051 1038 3104 Θεοῦ
1084 3052 1345 3121 δεδομένα
1391 3054 1543 3122 μύρα
1575 3053 1669 3106 καὶ
1705 3052 1962 3122 θαύματα

389 3145 456 3212 τῇ
490 3142 632 3212 σορῷ
667 3142 760 3195 τοῦ
793 3143 1315 3215 μεγαλομάρτυρος·
1360 3145 1412 3198 τί
1442 3147 1551 3214 γὰρ
1589 3147 1658 3199 τὰ
1690 3146 1954 3217 παρόντα,

2054 659 2211 729 plaga
2248 675 2543 728 percussus
2598 671 2682 719 est
2709 705 2722 728 ,
2776 666 3073 720 contrariae
3119 667 3427 722 colluctans
3468 668 3646 724 fortn-

2053 769 2156 817 nze,
2189 755 2274 809 hic
2313 764 2496 809 autem
2543 771 2717 824 usque
2741 757 2805 809 ad
2837 759 3156 827 sanguinem
3183 759 3234 813 in
3260 759 3422 814 ﬁnem
3447 763 3647 815 restitit

2054 843 2325 902 adversus
2361 847 2566 901 malum
2599 848 2894 904 dimicans.
2925 849 3031 904 Sed
3075 864 3174 903 nec
3211 851 3557 920 disciplinain
3590 852 3643 906 iu

2055 952 2312 992 sermone
2339 936 2443 993 Job
2467 939 2794 995 testiﬁcatus
2821 949 2926 1004 est,
2956 956 3122 1010 quam
3148 933 3261 998 iste
3291 943 3484 996 habuit
3515 943 3646 1010 Spi-

2054 1029 2196 1083 ritus
2227 1029 2404 1099 gratia
2440 1038 2804 1096 temperatam
2834 1070 2848 1095 ,
2899 1040 3159 1099 tanquam
3199 1033 3366 1086 telum
3402 1073 3417 1098 ,
3462 1033 3644 1086 muni-

2054 1130 2299 1175 mentum
2357 1120 2782 1191 inexpugnabile
2803 1163 2818 1187 ,
2851 1123 3154 1178 oratorium
3193 1124 3429 1191 ligonem
3459 1123 3524 1178 et"
3551 1141 3647 1179 vo-

2054 1231 2298 1279 merem,
2335 1217 2419 1268 vel
2472 1218 2518 1272 si
2572 1217 2814 1274 volueris
2864 1219 3217 1288 scriptorium
3270 1219 3544 1273 calamum
3590 1229 3648 1274 et

2053 1307 2406 1377 piscatoriam
2451 1324 2710 1378 sagenatn
2748 1319 2802 1364 et
2833 1311 2938 1364 alia
2969 1312 3208 1366 similia:
3241 1325 3388 1364 nunc
3421 1313 3638 1365 vincant

2055 1400 2273 1455 Domini
2303 1401 2475 1466 colit,
2509 1402 2823 1458 caelestibus
2857 1404 2910 1457 in
2950 1413 3152 1458 terram
3203 1406 3409 1474 sparsis
3441 1404 3650 1458 simini.

2055 1491 2181 1555 bus,
2211 1491 2298 1546 vel
2333 1492 2498 1546 verba
2527 1491 2652 1546 vita:
2683 1507 2903 1550 acterna:
2933 1496 3214 1549 conscribi
3269 1511 3376 1549 non
3404 1494 3458 1547 in
3489 1495 3650 1547 taliu-

2054 1583 2121 1639 lis
2151 1583 2402 1652 lapideis,
2466 1586 2561 1641 sed
2602 1585 2654 1640 in
2692 1587 2892 1644 tabulis
2945 1587 3130 1642 cordis
3181 1588 3496 1642 carnalibus
3552 1575 3650 1640 tali

2056 1677 2271 1733 honore
2337 1678 2540 1747 dignis,
2604 1679 2684 1734 vel
2734 1695 2935 1748 sagena
3013 1681 3163 1735 verbi
3220 1679 3644 1750 complectitur!

2057 1770 2534 1836 Thessalonicam,
2573 1771 2812 1827 Atticam
2841 1813 2856 1837 ,
2892 1772 3178 1832 Achaiam.
3213 1788 3308 1827 seu
3345 1771 3530 1841 potius
3565 1777 3649 1822 tot

1987 1896 2032 1956 Β
2059 1865 2309 1933 regiones
2335 1862 2496 1916 hodie
2517 1863 2766 1918 continet
2785 1872 2917 1932 quot
2948 1871 3206 1934 peragrat
3226 1878 3321 1932 per
3346 1870 3648 1931 unguenta.

2063 1970 2158 2025 per
2183 1955 2466 2020 miracula,
2491 1970 2589 2026 per
2618 1955 2869 2010 eximiam
2907 1955 3097 2024 gratia:
3123 1953 3474 2008 eﬂ‘usionem.
3509 1953 3646 2007 Erat

2061 2047 2205 2103 enim
2222 2046 2517 2116 aliquando
2538 2045 2845 2100 Demetrius
2872 2055 3031 2100 teme
3051 2045 3358 2114 prodigium
3380 2045 3431 2095 iu
3452 2041 3652 2098 divinis

2062 2135 2434 2201 sermonibus,
2468 2135 2648 2190 bonus
2680 2135 2818 2189 odor
2844 2133 3070 2198 Christi,
3100 2134 3240 2189 sicut
3265 2133 3340 2188 ait
3361 2132 3565 2188 Paulus
3581 2131 3648 2194 “.

2066 2235 2180 2282 tum
2217 2225 2498 2282 salvandis
2531 2235 2646 2280 tum
2691 2225 3070 2296 pereuntibus,
3105 2223 3225 2278 istis
3260 2224 3400 2277 odor
3455 2221 3651 2275 mortis

2062 2319 2116 2372 in
2146 2327 2402 2382 mortem,
2437 2317 2520 2373 his
2548 2320 2684 2374 odor
2705 2319 2826 2372 vitae
2851 2318 2904 2372 in
2933 2319 3124 2372 vitam.
3159 2317 3330 2387 llujus
3354 2317 3482 2369 boui
3509 2316 3652 2370 odo-

2063 2412 2141 2466 ris
2191 2411 2548 2466 sttﬂicientem
2588 2426 2697 2466 non
2727 2411 2906 2466 dicam
2943 2409 3256 2466 mercedem
3296 2424 3325 2463 a
3374 2408 3482 2462 Deo
3512 2425 3650 2478 prae-

2061 2505 2189 2561 stita
2216 2513 2492 2574 unguenta
2521 2519 2572 2560 et
2597 2505 2863 2559 miracula
2891 2505 2948 2558 in
2980 2503 3239 2574 sepulcro
3264 2501 3446 2571 magni
3476 2500 3653 2555 nostri

2063 2599 2320 2667 martyris
2353 2599 2424 2652 ita
2461 2607 2517 2652 ut
2541 2636 2556 2660 ,
2607 2599 2753 2653 sicut
2803 2597 3009 2652 Paulus
3045 2596 3092 2630 ⁸³
3127 2595 3302 2660 dicit,
3334 2611 3443 2663 prae
3477 2594 3648 2648 nimia

2064 2690 2238 2760 gloria
2272 2705 2360 2744 res
2393 2689 2682 2759 glorianda
2733 2690 2786 2743 in
2833 2696 3216 2758 contemptum
3245 2687 3484 2741 caderet.
3519 2685 3653 2739 Nam

2063 2781 2194 2851 quid
2227 2782 2543 2850 przesentia,
2575 2780 2677 2836 etsi
2708 2796 2902 2849 magna
2935 2789 2988 2834 et
3014 2779 3309 2844 mirabilia,
3342 2794 3452 2845 prta
3492 2774 3600 2830 illis
3623 2789 3655 2828 a

2066 2873 2175 2927 Deo
2198 2872 2251 2926 in
2281 2873 2436 2928 ccelis
2467 2871 2570 2942 ipsi
2603 2871 2746 2926 datis
2773 2881 2828 2925 et
2858 2871 3221 2926 condonatis?
3251 2868 3426 2923 Vultis
3463 2878 3517 2922 ut
3549 2883 3645 2922 vo-

2065 2967 2150 3022 bis
2199 2967 2485 3022 ostendam
2523 2967 2686 3023 modo
2726 2967 2987 3021 omnibus
3041 2965 3466 3021 evidentissima
3515 2978 3655 3032 quo-

2066 3055 2230 3111 modo
2263 3057 2353 3112 ille
2382 3057 2561 3112 adhuc
2590 3059 2759 3112 vitam
2793 3073 3062 3129 peragens
3091 3059 3271 3113 bonus
3295 3058 3432 3111 odor
3448 3053 3655 3111 Christi

2070 3147 2282 3202 exstitit
2324 3159 2378 3202 et
2411 3148 2548 3203 odor
2581 3149 2700 3203 vita:
2745 3149 2995 3203 dociliter
3045 3148 3467 3205 obedientibus?
3501 3145 3658 3200 Nunc

391 3229 554 3306 κᾶνῇ
590 3235 803 3303 μεγάλα
833 3237 926 3288 καὶ
974 3223 1286 3306 θαυμαστὰ,
1325 3238 1462 3306 πρὸς
1493 3239 1564 3291 τά
1609 3241 1667 3291 ἐν
1712 3240 1962 3307 οὐρανοῖς

2067 3239 2286 3309 quidem
2321 3240 2604 3295 hominum
2636 3239 2848 3294 animas
2876 3241 3136 3296 excolens
3156 3283 3171 3308 ,
3211 3242 3296 3296 vel
3327 3239 3421 3296 eds
3452 3240 3656 3309 piscari

391 3322 544 3390 παρά
570 3320 705 3374 Θεοῦ
734 3322 827 3374 καὶ
853 3323 1114 3394 δεδομένα
1141 3325 1315 3398 τούτῳ
1347 3327 1439 3379 καὶ
1462 3328 1802 3396 ἀποκείμενα
1824 3344 1840 3394 ;
1875 3329 1968 3382 καὶ

390 3418 462 3488 τῇ
496 3415 769 3486 ὑπερϐολῇ
825 3417 922 3484 τῆς
975 3416 1156 3487 δόξης,
1207 3419 1350 3472 κατὰ
1400 3419 1610 3472 Παῦλον
1663 3423 1862 3486 εἰπεῖν,
1906 3421 1966 3474 οὐ

391 3507 708 3572 δεδοξάσθαι
749 3507 808 3560 τὸ
850 3507 1274 3579 δεδοξασμένον·
1310 3511 1510 3580 δεῖγμα
1536 3512 1590 3564 δὲ
1626 3513 1801 3566 ταῦτα
1830 3513 1969 3566 πάν-

392 3616 500 3662 τως
532 3601 641 3662 τοῖς
672 3600 810 3652 πᾶσι
843 3599 1332 3670 περιφανέστατον,
1362 3603 1510 3666 ὅπως
1539 3604 1749 3666 ἐκεῖνος
1781 3604 1861 3656 ἔτι
1891 3605 1969 3675 τῷ

396 3691 499 3762 βίῳ
527 3689 733 3759 περιὼν
762 3689 976 3761 ὑπῆρχε
1009 3690 1246 3760 Χριστοῦ
1280 3690 1497 3754 εὐωδία,
1533 3693 1624 3745 καὶ
1653 3691 1796 3762 ὀσμὴ
1825 3692 1971 3762 ζωῆς

394 3785 510 3846 τοῖς
547 3781 848 3836 ὑπακούειν
900 3784 1378 3852 προαιρουμένοις.
1428 3784 1543 3838 Νῦν
1573 3785 1672 3854 μὲν
1701 3781 1795 3838 οῦν
1825 3785 1972 3839 οὔτω

398 3875 663 3944 γεωργῶν
685 3877 864 3945 ψυχὰς
896 3876 1223 3945 ἀνθρώπων,
1256 3875 1288 3945 ἢ
1323 3877 1554 3945 ζωγρῶν
1582 3876 1804 3939 τούτους
1831 3879 1974 3930 κατὰ

397 3969 500 4038 τὴν
525 3970 620 4022 τοῦ
650 3969 1054 4039 Χριστοῦθπρδς
1083 3969 1287 4040 Πέτρον
1313 3969 1669 4038 ἐπαγγελίαν,
1693 3971 1783 4022 τδν
1813 3969 1974 4038 λόγον

399 4063 633 4132 ὄργανον
687 4057 800 4131 εἶχε
853 4062 987 4130 πρὸς
1038 4061 1392 4132 καλλιεργίαν
1445 4065 1539 4117 καὶ
1590 4063 1763 4135 θήραν
1798 4065 1975 4134 σωτήε⁵

404 4169 550 4224 ριονο
583 4153 679 4207 νῦν
709 4154 766 4206 δὲ
792 4153 1096 4222 οἰκοδομῶν
1126 4153 1203 4223 τῷ
1237 4153 1359 4224 Θεῷ
1390 4156 1516 4207 ναὸν
1546 4154 1611 4207 ἐκ
1645 4153 1808 4207 λίθων
1837 4154 1974 4218 ζών-

401 4264 510 4299 των
537 4245 629 4298 καὶ
663 4246 834 4309 ὅντως
863 4247 1088 4312 τιμίων,
1134 4247 1209 4312 ὡς
1241 4245 1524 4318 ἐργαλεῖον
1552 4243 1668 4317 εἶχε
1700 4247 1793 4300 τὸν
1818 4247 1976 4316 λόγον

402 4339 760 4410 κατάλληλον.
791 4339 920 4392 Ὅτε
963 4339 1017 4391 δὲ
1062 4343 1199 4409 πρὸς
1245 4340 1372 4403 τοὺς
1428 4339 1848 4410 ἀντικειμένους
1900 4338 1976 4409 τῷ

405 4430 630 4500 Χριστῷ
671 4430 986 4500 συνεκρότει
1018 4430 1108 4483 τὸν
1141 4431 1404 4499 πόλεμον,
1446 4433 1541 4485 κοιλ⁸
1576 4432 1812 4501 μάλιστα
1849 4433 1977 4495 τοὺς

402 4522 491 4575 διὰ
533 4523 640 4574 τῶν
687 4523 942 4592 ἀοράτων
988 4523 1420 4593 ένεργουμένους
1460 4525 1690 4594 όρατοὺς
1734 4525 1815 4594 τῷ
1859 4524 1978 4596 Θεῷ

405 4615 720 4684 πολεμίους,
756 4617 934 4668 πάντα
976 4611 1044 4686 ἦν
1073 4619 1100 4669 ὁ
1134 4617 1289 4684 λόγος
1323 4616 1493 4686 αὐτῷ,
1526 4617 1657 4686 θείῳ
1703 4618 1980 4683 πνεύματι

405 4706 500 4761 καὶ
525 4708 957 4777 χορηγούμενος,
995 4709 1089 4762 καὶ
1119 4708 1462 4778 κινούμενος,
1496 4710 1593 4763 καὶ
1631 4709 1978 4779 τονούμενος,

409 4799 808 4868 ρυθμιζόμενός
858 4817 919 4853 τε
979 4802 1074 4853 καὶ
1131 4801 1674 4872 μετασκευαζόμενος
1731 4803 1868 4871 πρδις
1920 4803 1980 4854 τὸ

406 4890 703 4964 χρήσιμον.
731 4893 842 4946 Καὶ
873 4893 1016 4947 οὕτω
1043 4894 1186 4947 κατά
1213 4893 1272 4946 τὸ
1296 4894 1686 4964 γεγραμμένον
1727 4895 1860 4965 περὶ⁸
1888 4893 1978 4947 τοῦ

405 4983 872 5051 πρωταγωνιστοῦ
918 4983 1027 5035 τῶν
1067 4982 1385 5054 μαρτύρων,
1426 4986 1604 5047 οὐδεὶς
1635 4979 1782 5054 εἶχεν
1829 4987 1980 5038 ἀντι-

2071 3332 2384 3396 intendens,
2415 3333 2718 3388 secundum
2751 3335 3072 3403 evangelica
3109 3334 3173 3387 ad
3206 3334 3426 3388 Petrum
3461 3333 3652 3396 verba,

2072 3421 2496 3477 instrumentum
2555 3425 2742 3478 habuit
2775 3437 3090 3478 sermonem
3123 3422 3190 3477 ad
3237 3423 3386 3477 illam
3413 3421 3656 3477 sanctis-

2071 3515 2266 3568 simam
2294 3524 2350 3569 et
2385 3516 2684 3570 salutarem
2712 3515 3112 3584 piscationem;
3147 3528 3293 3567 nunc
3323 3528 3452 3567 vero
3486 3513 3658 3567 aedili-

2072 3622 2206 3662 cans
2247 3608 2355 3660 Deo
2389 3607 2649 3675 templum
2681 3621 2746 3660 ex
2781 3605 3054 3674 lapidibus
3087 3606 3224 3659 vivis
3269 3619 3502 3673 vereque
3557 3605 3656 3660 ho-
3749 3599 3768 3614 ’

2073 3713 2206 3754 nore
2233 3696 2414 3765 dignis
2445 3712 2542 3766 pro
2571 3697 2943 3751 instrumento
2967 3711 3280 3752 sermonem
3308 3696 3502 3749 habuit
3528 3710 3659 3749 con-

2075 3797 2422 3844 sentaneum.
2458 3788 2688 3854 Quando
2724 3798 2912 3844 autem
2949 3789 3152 3844 Christi
3185 3789 3518 3844 adversariis
3539 3788 3660 3842 bel-

2076 3882 2186 3937 lum
2218 3882 2598 3946 denuntiabat,
2625 3882 2928 3952 praesertim
2954 3881 3262 3936 visibilibus
3293 3881 3384 3936 Dei
3419 3880 3660 3933 inimicis

2075 3991 2174 4042 per
2203 3975 2508 4030 invisibiles
2545 3976 2818 4045 impulsis,
2849 3975 3034 4030 omnia
3067 3985 3185 4028 erat
3233 3974 3312 4027 illi
3355 3989 3542 4028 sermo
3578 3971 3662 4024 di-

2076 4071 2204 4123 vino
2239 4069 2450 4137 Spiritu
2484 4069 2784 4138 iuSpiratus
2817 4077 2872 4123 et
2903 4069 3225 4124 enuntiatus
3255 4079 3311 4124 et
3354 4067 3661 4122 instructus

2076 4170 2131 4214 et
2168 4168 2293 4230 apte
2323 4175 2421 4230 pro
2446 4161 2844 4216 commoditate
2875 4162 3196 4230 dispositus,
3249 4160 3322 4213 ita
3369 4168 3428 4214 ut
3456 4198 3470 4222 ,
3520 4157 3664 4210 sicut

2079 4253 2344 4321 scriptum
2381 4259 2483 4314 cst,
2526 4251 2593 4305 de
2625 4251 2799 4320 primo
2833 4251 2976 4304 inter
3013 4260 3282 4320 martyres
3308 4258 3610 4318 pugnatore
3641 4287 3657 4312 ,

2080 4337 2267 4399 nullus
2297 4354 2412 4399 erat
2434 4344 2529 4412 qui
2561 4344 2840 4397 resisteret
2871 4341 3128 4396 Demetrii
3154 4341 3436 4409 sapientia:
3464 4349 3516 4392 ct
3545 4337 3664 4406 Spi-

2080 4435 2208 4489 ritui
2237 4435 2326 4503 qui
2354 4450 2449 4504 per
2471 4449 2596 4488 eum
2623 4435 2970 4503 loquebatur.
3008 4435 3117 4502 Ego
3141 4433 3356 4501 quidem
3387 4446 3482 4500 per
3511 4430 3660 4484 illam

2007 4562 2060 4621 D
2086 4528 2380 4581 militarem
2422 4527 2685 4592 tunicam,
2720 4543 2816 4597 per
2867 4527 3018 4580 illum
3057 4527 3108 4578 in
3145 4541 3307 4578 manu
3354 4522 3618 4579 annulum
3645 4561 3661 4585 ,

2090 4635 2186 4689 per
2219 4620 2367 4673 illam
2397 4619 2749 4674 consularem
2806 4627 2983 4688 togam
3029 4632 3190 4686 quam
3227 4624 3434 4686 martyr
3473 4630 3503 4668 a
3539 4628 3666 4683 rege

2088 4721 2409 4780 acceperat,
2459 4711 2702 4782 symbola
2752 4711 3059 4780 explevisse
3113 4723 3311 4764 censeo
3364 4707 3666 4762 doctoralis

2090 4805 2269 4859 laudis
2300 4813 2354 4858 et
2386 4803 2759 4873 praerogativa:
2793 4818 2822 4855 a
2851 4819 2977 4858 vero
3007 4802 3153 4870 Rege
3181 4803 3410 4871 martyri
3439 4800 3668 4870 mystice

2091 4895 2400 4962 impertita).
2434 4893 2558 4947 Ideo
2588 4894 2770 4946 divina
2803 4893 2895 4946 Dei
2929 4891 3103 4961 gratia
3134 4907 3242 4946 non
3271 4906 3438 4960 parva
3473 4905 3570 4960 per
3603 4903 3668 4942 ea

2091 4985 2268 5039 serius
2305 4984 2539 5054 patravit
2569 4983 2855 5038 miracula.

405 5081 601 5151 στῆναι
629 5082 694 5149 τῇ
731 5080 824 5132 τοῦ
859 5080 1173 5150 Δημητρίου
1208 5079 1394 5150 σοφία,
1436 5083 1531 5134 καὶ
1563 5080 1640 5150 τῷ
1679 5081 1973 5150 πνεύματι,
2005 5071 2049 5148 ᾧ
2078 5079 2278 5133 ἐλάλει.
2323 5078 2468 5148 Ἐγὼ
2501 5080 2596 5131 καὶ
2646 5079 2746 5148 τὴν
2784 5078 3186 5148 στρατιωτικὴν
3265 5077 3458 5145 στολὴν
3483 5114 3497 5136 ,
3575 5071 3671 5125 καὶ

404 5170 499 5226 τὸν
521 5174 578 5223 έν
611 5175 676 5240 τῇ
728 5174 875 5242 χειρὶ
910 5170 1221 5238 δακτύλιον,
1276 5174 1498 5226 καὶτὸν
1534 5174 1801 5228 ὑπατικὸν
1872 5174 2188 5244 ὡρατίωνα,
2257 5177 2317 5230 ὃν
2373 5178 2399 5229 ό
2445 5175 2658 5244 μάρτυς
2719 5173 2981 5238 ἀνεδεῖτο,
3016 5175 3170 5245 παρὰ
3213 5171 3306 5224 τοῦ
3373 5168 3674 5239 τηνικαῦτα

406 5266 674 5336 βασιλέως
705 5267 765 5317 τὸ
788 5267 976 5336 σχῆμα
1005 5266 1209 5333 λαϐὼν,
1248 5268 1493 5336 σύμϐολα
1519 5269 1737 5321 τελέσαι
1781 5269 2071 5337 λογίζομαι
2115 5271 2213 5339 τῆς
2247 5271 2396 5338 παρὰ
2431 5270 2525 5323 τοῦ
2592 5270 2761 5333 ὄντως
2838 5270 3103 5339 βασιλέως
3174 5267 3458 5337 μυστικῶς
3524 5266 3673 5318 δεδο-

411 5361 580 5430 μένης
629 5360 1017 5429 διδασκαλικῆς
1062 5361 1216 5424 ἀξίας
1253 5361 1347 5413 καὶ
1393 5361 1688 5430 προεδρίας
1721 5361 1797 5432 τῷ
1848 5363 2109 5433 μάρτυρι.
2163 5363 2255 5415 Διὸ
2295 5363 2389 5416 καὶ
2443 5364 2478 5432 ἡ
2510 5359 2606 5415 τοῦ
2647 5360 2782 5414 Θεοῦ
2820 5361 2941 5414 θεία
3007 5361 3169 5431 χάρις
3230 5362 3330 5412 οὐκ
3401 5357 3556 5424 ὀλίγα
3605 5345 3670 5410 δι’

405 5453 587 5507 αὐτῶν
620 5454 965 5523 τεθαυματού
977 5472 1184 5525 ργηκεν
1216 5455 1468 5524 ὕστερον.

483 5546 635 5598 Ἔδει
684 5546 740 5598 δὲ
776 5545 996 5610 πάντως
1032 5547 1122 5600 τὸν
1169 5547 1405 5618 ἐξαρχῆς
1454 5547 1758 5602 ἀπατεῶνα
1807 5547 1990 5617 σοφῶς

409 5637 769 5707 ἠπατῆσθαι,
833 5637 920 5689 ἵνα
1006 5640 1081 5708 μὴ
1154 5639 1264 5706 πρὸ
1332 5638 1527 5711 καιροῦ
1597 5639 1690 5692 τὸν
1762 5639 1990 5694 θάνατον

297 5719 312 5730 ⁷
355 5747 358 5750 λ
413 5729 727 5799 συσκευάση
747 5727 824 5798 τῷ
852 5730 1119 5801 μάρτυρι,
1151 5731 1245 5784 καὶ
1267 5731 1294 5783 ό
1324 5731 1423 5801 τῆς
1452 5733 1674 5785 αἰωνίου
1703 5731 1991 5803 ἁποθήκης

411 5820 646 5890 καρπὸς,
701 5821 868 5890 μήπω
903 5823 1132 5891 πεφθεὶς
1186 5826 1266 5888 εἰς
1301 5824 1484 5890 τέλος,
1523 5825 1860 5896 ἐκτρυγηθῇ,
1894 5824 1991 5878 καὶ

487 6005 510 6032 ⁵
563 6003 603 6056 .l
635 6001 758 6059 Cor.
789 6018 860 6071 ιι,
905 6004 989 6058 15.
1068 6005 1112 6037 ⁸⁵
1143 6003 1376 6077 Philipp.
1417 6021 1498 6072 ιιι,
1535 6006 1587 6060 8.

2173 5546 2278 5602 Sed
2308 5543 2598 5614 oportebat
2625 5543 2850 5600 omnino
2876 5543 3290 5600 fraudulentum
3315 5559 3345 5598 a
3399 5542 3674 5612 principio

2096 5641 2375 5712 sapienter
2406 5639 2591 5695 deludi
2623 5653 2693 5692 ne
2721 5636 2847 5692 data
2891 5641 3206 5704 ovcasiono,
3242 5645 3470 5693 mortem
3529 5652 3679 5692 mar—

2099 5734 2205 5804 tyri
2233 5733 2647 5787 machinaretur
2675 5748 2690 5798 ;
2722 5740 2775 5786 ct
2807 5731 3048 5785 thesauri
3079 5735 3265 5784 aeterni
3298 5731 3508 5784 fructus
3537 5744 3679 5782 non-

2101 5827 2228 5881 dttm
2279 5821 2520 5893 perfecte
2558 5813 2808 5879 maturus
2851 5820 3281 5875 vintlcmiaretur
3330 5830 3386 5874 rt
3429 5818 3679 5890 corporis
