4082 6424
339 357 448 424 545

1695 349 2029 410 nonum
2063 325 2284 408 XLIII.

3516 335 3623 418 ste

416 455 528 530 ἰξάι
566 472 620 527 τί
645 473 725 527 δεῖ
752 459 956 541 λέγειν,
992 467 1088 524 τοῦ
1129 439 1329 538 καιροῦ
1381 460 1568 539 μακρά
1616 467 1799 537 λέγειν

2100 458 2244 530 Quid
2303 449 2368 516 ad
2433 460 2550 516 haec
2591 458 2892 531 adjiciam?
2931 472 3058 514 cum
3120 454 3337 528 lempus
3384 459 3622 518 orationi

347 565 806 639 συγχωροῦντοςς
843 565 988 618 Ἵστε
1037 563 1136 632 τὴν
1184 561 1452 633 ἀναϐολὴν
1502 561 1596 613 τοῦ
1636 549 1927 630 τυράννου,

347 653 445 718 καὶ
466 649 564 733 τὴν
599 654 881 730 κάθειρξιν
915 649 1254 728 Δημητρίου,
1287 656 1382 708 καὶ
1419 653 1510 708 τὸν
1553 651 1806 724 Νέστορα
1839 653 1932 705 ἐπὶ

347 749 585 818 τούτοις,
634 739 728 803 κάι
771 747 872 817 τὴν
907 749 1044 818 πρὸς
1077 748 1241 801 αὑτὸν
1290 744 1388 804 τοῦ
1433 744 1934 814 μεγαλομάρτυρος

350 827 714 916 προφητείαν,
745 839 833 894 καὶ
857 839 956 910 την
978 842 1098 892 κατ’
1125 838 1294 916 αὐτὴν
1323 839 1534 890 ἐκείνου
1563 836 1705 890 κατὰ
1733 837 1934 889 Διναίου

353 915 534 1006 νίκην,
571 929 663 988 καὶ
691 935 753 986 τὸ
791 932 1117 1004 μαρτύριον.
1172 915 1317 982 Ἀλλ’
1353 932 1428 992 ὡς
1460 916 1655 982 εῖδενὸ
1695 915 1938 1000 άρχέκα·

354 1043 448 1090 κος
493 1019 622 1094 ’ὄφις
654 1024 1130 1092 παρατεινομένην
1173 1019 1274 1088 τὴν
1321 1017 1591 1088 ἀναϐολὴν
1616 1016 1708 1069 τοῦ
1737 1017 1939 1086 τυράν-

355 1137 470 1182 νου,
528 1117 688 1179 αὐτὸς
743 1115 799 1168 δὲ
833 1115 937 1167 οὐκ
987 1114 1187 1182 ἔφερεν
1232 1113 1312 1164 ἔτι
1348 1111 1530 1174 ζῶντα
1563 1110 1788 1180 βλέπειν
1844 1107 1940 1162 ἐπὶ

356 1211 482 1282 γῆς,
515 1193 605 1263 τον
655 1207 752 1262 καὶ
807 1207 915 1276 πρὸ
948 1207 1046 1275 τῆς
1102 1204 1441 1268 τελειώσεως
1485 1203 1580 1258 τοῦ
1632 1203 1940 1274 μαρτυρίου

361 1297 536 1376 μέγαν
567 1294 904 1373 Δημήτριον,
944 1297 1208 1369 σκορπίον
1235 1295 1459 1361 ὑποδὺς,
1496 1295 1828 1362 προσϐάλλει
1864 1293 1943 1366 τῷ

365 1397 630 1467 μάρτυρι,
685 1390 783 1462 οὐχ
841 1389 916 1454 ῶς
968 1389 1342 1460 ἀπατήσωνῆ
1400 1388 1627 1455 θέλξων,
1684 1388 1942 1460 καθάπερ

363 1481 496 1543 ποτὲ
527 1487 613 1540 διά
644 1486 738 1539 τοῦ
793 1484 969 1554 ὄφεως
1001 1483 1102 1553 τῆς
1140 1482 1362 1553 πρώτης
1405 1484 1622 1552 ἐκείνης
1655 1471 1945 1555 ξυνωρίδος

364 1583 473 1636 τῶν
510 1579 878 1651 προπατόρων
927 1581 1030 1656 τὴν
1085 1577 1184 1647 μὲν
1242 1574 1578 1646 ἐξηπάτησε,
1632 1575 1723 1628 τὸν
1771 1575 1828 1628 δὲ
1871 1573 1944 1627 ’δι’

367 1675 578 1745 ἐκείνης
611 1671 849 1739 ἕθελξεν.
894 1667 1051 1742 ’ᾙδει
1100 1670 1210 1742 γὰρ
1249 1670 1337 1723 διὰ
1373 1669 1568 1740 πείρας
1602 1657 1948 1738 ἀνεξαπάτη-

364 1771 457 1823 τον
518 1768 646 1820 ὄντα
703 1763 1042 1836 Δημήτριον,
1102 1763 1196 1816 καὶ
1242 1764 1493 1832 γενναῖον
1535 1760 1821 1824 ἐπιεικῶς,
1849 1748 1946 1812 καὶ

2034 553 2424 628 prolotigamlze
2477 547 2584 607 rion
2619 547 3108 622 suppetat.N‘ostis
3145 548 3362 624 tyi‘anni
3399 553 3624 612 dilatio-

2036 663 2160 703 nem
2209 659 2264 703 et
2309 637 2568 702 Demetrii
2624 646 2680 698 in
2743 638 3050 700 cusio‘diam
3103 641 3530 716 coniectionem,
3571 656 3626 704 et
3673 700 3679 705 .

2036 743 2124 798 his
2152 740 2429 812 adjunetis
2450 724 2759 802 Nestorem,
2779 746 2832 792 et
2857 731 3116 809 martyris
3139 738 3313 793 nostri
3345 741 3412 793 ad
3442 739 3623 810 ipsum

2037 822 2412 904 prOpheiiam,
2441 821 2494 886 et
2516 831 2640 900 ejus
2672 831 2963 885 victoriam
3017 831 3071 884 iu
3104 825 3346 902 Lyaeum,
3379 840 3434 886 et
3482 841 3629 886 mar;

2041 934 2268 1003 ty'rium.
2307 923 2414 985 Sed
2445 929 2902 1000 perversissimus
2948 937 3175 997 serpens
3212 939 3502 998 conspecta
3542 938 3625 1002 ty.

2039 1013 2198 1080 ranui
2233 1020 2386 1078 mora
2429 1023 2537 1077 non
2589 1015 2799 1076 ferebat
2834 1017 3017 1076 adhuc
3049 1015 3321 1076 vivc'n't'c'm
3377 1023 3430 1076 in
3477 1029 3624 1078 terra

2045 1111 2380 1172 Demetrium
2440 1111 2661 1178 videre,
2721 1111 2874 1170 illum
2936 1114 3105 1170 etiam
3161 1117 3289 1170 ante
3345 1110 3622 1184 expletum

2041 1207 2365 1283 martyrium
2402 1205 2782 1273 excellentem,
2839 1209 2934 1263 sed
2983 1209 3333 1280 scorpionem
3382 1210 3630 1280 irrepens

2043 1299 2168 1359 eum
2212 1303 2280 1357 ad
2315 1301 2609 1372 martyrem
2640 1299 2917 1365 admovet,
2957 1315 3067 1352 non
3114 1300 3337 1370 quidem
3389 1304 3448 1354 'ut
3499 1315 3627 1355 eum

2046 1399 2256 1454 falleret
2293 1389 2379 1452 vel
2428 1389 2736 1451 incantaret
2781 1393 3010 1466 perinde
3067 1410 3131 1450 ac
3187 1393 3317 1449 olim
3365 1411 3461 1466 per
3507 1410 3626 1449 ser-

2047 1483 2261 1564 pentem
2299 1487 2365 1544 ei:
2403 1485 2680 1560 primzevis
2721 1481 3044 1558 parentibus
3079 1479 3241 1542 aliam
3279 1490 3500 1559 quidem
3552 1489 3631 1543 fc-

2050 1569 2209 1649 icllit,
2253 1581 2421 1637 alium
2467 1577 2598 1637 vero
2649 1596 2745 1650 per
2788 1597 2908 1635 eam
2944 1579 3186 1636 seduxit.
3234 1581 3456 1636 Sciebat
3485 1583 3629 1636 enim

2049 1660 2390 1728 Demetrium
2455 1673 2756 1728 teutatione
2813 1689 2924 1728 non
2977 1672 3347 1728 deludcndum
3389 1683 3444 1728 et
3491 1674 3630 1728 mira

2053 1766 2423 1836 generositate
2475 1757 2763 1835 praeditum
2814 1777 2866 1823 et
2897 1759 2964 1821 ad
2999 1766 3309 1837 eligendum
3343 1769 3487 1838 quod
3522 1783 3636 1823 me-

365 1853 820 1931 γεγυμνασμένον
865 1835 1005 1927 πρὸς
1042 1857 1308 1927 διαίρεσιν
1364 1854 1458 1908 τοῦ
1504 1855 1793 1924 βελτίονος.
1833 1855 1945 1923 Οὐχ

2053 1851 2160 1914 lius
2190 1847 2273 1913 est
2305 1855 2462 1915 valde
2487 1849 2813 1914 exercitum.
2847 1849 2969 1914 Non
3006 1875 3137 1931 ergo
3165 1858 3229 1913 ad
3264 1857 3632 1916 deludeudum

365 1949 440 2012 ὡς
475 1941 778 2017 ἀπατήσων
808 1943 903 2000 οῦν
939 1947 1024 2000 διὰ
1055 1945 1317 2018 σκορπίου
1351 1945 1706 2016 προσϐάλλει,
1734 1933 1848 1998 ἀλλ’
1873 1934 1948 2007 ὥς

368 2033 587 2116 πλήξων
623 2040 880 2112 καιρίως,
918 2035 1011 2094 καὶ
1062 2039 1392 2097 θανατώσων
1437 2041 1512 2104 ὡς
1558 2041 1808 2112 τάχιστα,
1855 2043 1948 2094 καὶ

370 2125 701 2196 ἀπαλλάξων
741 2121 938 2184 ἐαυτὶν
987 2125 1286 2186 ἀντιπάλου
1316 2131 1576 2185 τοσούτου
1608 2133 1706 2203 τὴν
1745 2132 1948 2204 ἀρετὴν

372 2223 468 2280 καὶ
506 2225 603 2296 τὴν
649 2225 902 2296 δύναμιν.
947 2223 1109 2278 Ἀλλὰ
1165 2225 1359 2294 φθάνει
1387 2221 1472 2278 ’τὸ
1520 2225 1682 2295 τάχος
1733 2225 1947 2278 ἐκείνου

370 2321 467 2375 κοιλ⁵
504 2321 603 2390 τὴν
645 2319 884 2387 σπουδὴν
932 2318 1286 2390 ἡένοικοῦσα
1331 2318 1408 2389 τῷ
1458 2315 1757 2390 Δημητρίῳ
1787 2318 1947 2388 χάρις

371 2411 513 2482 αῦτη
564 2411 661 2464 καὶ
718 2411 969 2481 δύναμις.
1027 2411 1350 2481 Ἐπικλήσει
1382 2409 1491 2481 γὰρ
1543 2409 1640 2464 καὶ
1687 2410 1947 2481 σφραγῖδι

369 2508 491 2577 θείᾳ
522 2507 611 2560 διὰ
661 2509 757 2576 τῆς
791 2508 1000 2568 οἰκείας
1034 2507 1217 2576 χειρὸς
1250 2505 1278 2557 ὁ
1311 2501 1525 2577 μάρτυς
1574 2505 1943 2576 χρησάμενος,

371 2601 558 2670 νεκριῖ
585 2599 646 2653 τὸ
679 2599 778 2669 τῆς
809 2595 1130 2669 νεκρὼσεως
1169 2597 1427 2668 ὄργανον,
1467 2599 1566 2650 καὶ
1594 2595 1947 2667 καταισχύνει

371 2689 466 2745 τὸν
500 2691 792 2754 ὑποδύντα,
824 2691 1180 2761 καταργήσας
1200 2689 1366 2742 αὑτοῦ
1398 2688 1498 2759 τὴν
1526 2689 1830 2758 ἐνέργειαν,
1853 2687 1949 2740 καὶ

371 2782 645 2836 δείκνυσιν
678 2782 949 2844 ἐντεῦθεν,
979 2781 1076 2846 ὡς,
1102 2783 1150 2833 εἰ
1179 2779 1254 2852 μὴ
1287 2779 1448 2842 αὐτὸς
1477 2777 1618 2830 ἑκὼν
1648 2775 1857 2847 ὑπῆλθε
1885 2777 1946 2830 τὸ

373 2877 568 2941 πάθος,
605 2875 718 2929 οὐδ’
750 2875 817 2929 ἂν
853 2876 990 2938 ὅλως
1027 2867 1220 2938 ἔπαθε,
1256 2871 1406 2942 παρὰ
1440 2871 1540 2940 τῆς
1573 2869 1667 2923 τοῦ
1705 2866 1946 2939 Χριστοῦ

372 2971 598 3044 χάριτος
647 2970 742 3022 καὶ
777 2968 1064 3037 δυνάμεως
1109 2965 1516 3036 φρουρούμενος
1559 2981 1618 3016 τε
1666 2963 1762 3016 καὶ
1790 2961 1949 3016 δυνα-

375 3055 673 3131 μούμενος,
710 3059 882 3112 θέλων
912 3059 967 3111 δὲ
1003 3051 1384 3128 παραδίδοται,
1421 3058 1515 3109 καὶ
1550 3051 1945 3126 περικλείεται,

2053 1943 2406 2023 Scorpionem
2456 1954 2740 2022 ingressus
2783 1952 3019 2020 accedit,
3062 1943 3157 2007 sed
3201 1964 3256 2008 ut
3293 1954 3481 2008 lethali
3517 1954 3635 2009 vul-

2053 2060 2187 2101 nere
2222 2046 2532 2100 sauriatum
2562 2059 2726 2114 quam
2759 2044 3027 2099 citissime
3055 2039 3331 2100 occideret
3355 2056 3409 2100 et
3439 2043 3636 2101 semct-

2053 2125 2232 2208 ipsum
2277 2148 2426 2194 tanto
2475 2151 2530 2194 et
2582 2139 2785 2193 virtute
2837 2149 2893 2194 et
2933 2137 3259 2193 fortitudine
3311 2127 3633 2193 adversario

2051 2231 2374 2299 expediret;
2427 2231 2522 2286 sed
2555 2230 2675 2300 ejus
2715 2230 3210 2300 promptitudinem
3259 2225 3635 2299 diligentiam-

2050 2339 2160 2391 que
2212 2323 2475 2393 przevcnit
2531 2324 2620 2378 illa
2681 2325 2860 2393 gratia
2917 2333 2971 2378 et
3027 2323 3296 2378 fortitudo
3355 2323 3633 2379 inhznrens

2051 2396 2350 2468 Demetrio.
2408 2413 2621 2468 Etenim
2660 2414 2857 2468 divino
2906 2413 3236 2484 precationis
3288 2413 3468 2483 gladio
3505 2428 3635 2482 pro-

2053 2502 2170 2571 pria
2225 2517 2391 2556 manu
2451 2511 2610 2558 utens
2663 2511 2870 2574 martyr
2921 2504 3124 2560 occidit
3173 2503 3367 2560 mortis
3425 2505 3634 2561 instru-

2052 2605 2340 2661 mentum,
2404 2603 2460 2650 et
2511 2595 2815 2664 ignominia
2882 2595 3151 2665 sulIundit
3197 2597 3490 2668 illapsum,
3535 2599 3634 2654 de-

2053 2695 2263 2742 structa
2300 2686 2422 2758 ejus
2471 2688 2715 2758 potentia
2765 2699 2820 2744 et
2867 2689 2949 2746 sic
2977 2689 3318 2746 demonstrat
3347 2693 3630 2761 quoniam,

2054 2782 2164 2836 nisi
2212 2783 2386 2837 libens
2423 2798 2642 2852 pmuam
2697 2783 2980 2846 subiisset,
3013 2783 3162 2836 nullo
3212 2784 3376 2835 modo
3436 2797 3635 2852 passus

2052 2861 2203 2930 esset
2233 2873 2441 2929 Christi
2476 2875 2654 2945 gratia
2703 2885 2757 2929 et
2800 2874 3001 2928 virtute
3039 2875 3328 2930 accinctus
3372 2883 3428 2929 et
3467 2875 3636 2930 robo-

2057 2977 2235 3030 ratus,
2284 2967 2420 3020 bene
2451 2971 2580 3020 vero
2608 2977 2804 3036 sponte
2846 2967 3108 3030 traditur,
3137 2967 3354 3040 ducitur
3382 2977 3437 3022 et
3467 2967 3636 3036 impe-

2057 3060 2204 3114 riose
2241 3055 2512 3113 tractatur
2559 3059 2734 3128 plebis
2796 3059 3051 3112 manibus
3101 3069 3158 3112 et
3210 3061 3278 3112 ab
3334 3061 3636 3116 artiﬁcibus

374 3151 471 3206 καὶ
505 3151 660 3222 χερσὶ¹
705 3151 997 3220 κρατεῖται
1027 3148 1261 3220 δημίων,
1303 3149 1400 3200 καὶ
1435 3140 1538 3200 ὑπὸ
1575 3147 1684 3202 τῶν
1709 3149 1951 3219 κακούρ-

2060 3152 2190 3206 mali
2226 3167 2614 3222 perversorum
2650 3152 2920 3223 supplicia
2949 3149 3164 3222 recipit,
3200 3136 3297 3221 pro
3327 3153 3485 3208 nobis
3513 3168 3638 3222 pas-

372 3261 489 3317 γων
537 3245 736 3315 πάσχει
796 3245 864 3296 τὰ
919 3243 1027 3297 τῶν
1083 3243 1431 3314 κακούργων,
1480 3242 1571 3296 τὸν
1616 3243 1756 3315 ὑπὲρ
1791 3245 1949 3314 ἡμῶν

376 3322 620 3393 παθόντα
657 3333 1015 3407 μιμούμενος.
1047 3336 1145 3389 Διὰ
1175 3335 1334 3389 τοῦτο
1381 3337 1474 3389 καὶ
1521 3337 1635 3399 τοῖς
1685 3335 1952 3408 λογχοφόο

376 3448 489 3504 pet;
521 3433 776 3485 ἐπιστᾶσι
805 3431 1062 3499 φονῶσιν,
1102 3429 1206 3481 ὑπὸ
1239 3431 1334 3482 τοῦ
1373 3428 1643 3497 τυράννου
1680 3411 1950 3498 πεμφθείο

376 3539 486 3588 σιν,
539 3518 1032 3589 ἀναπεπταμέναις
1082 3517 1368 3587 ἀγκάλαις,
1420 3519 1495 3582 ὡς
1531 3521 1763 3590 καιρίως
1813 3521 1954 3592 πληι-

374 3614 770 3685 χθησομέναις,
797 3611 1012 3684 δέχεται
1045 3613 1143 3684 τὴν
1183 3603 1504 3668 τελευταίαν
1538 3614 1780 3685 πληγὴν,
1820 3599 1955 3684 μᾶλ-

371 3699 469 3760 λον
507 3706 563 3760 δὲ
619 3706 718 3769 τὰς
775 3701 1014 3775 πληγάς,
1070 3704 1159 3757 διὰ
1209 3704 1426 3758 πάντων
1484 3705 1692 3770 ἰούσας,
1745 3705 1855 3758 τῶν
1891 3722 1952 3758 τε

375 3799 726 3870 σπλάγχνων,
769 3799 866 3852 καὶ
913 3798 1107 3861 ὀστῶν,
1137 3797 1231 3850 καὶ
1266 3797 1508 3868 σαρκῶν,
1560 3798 1636 3862 ὡς
1683 3795 1953 3869 ἑκατέραν

370 3879 485 3946 τῶν
517 3892 788 3963 πλευρῶν,
812 3877 910 3960 τὴν
947 3891 1046 3962 μὲν
1076 3890 1280 3956 ἔξωθεν
1323 3879 1581 3955 δέξασθαι
1616 3892 1714 3956 τὰς
1740 3873 1814 3945 ἐκ
1843 3894 1952 3946 τῶν

376 3983 594 4055 αίχμῶν
617 3983 953 4054 διατρήσεις,
990 3983 1088 4052 τὴν
1114 3983 1190 4048 δέ,
1221 3982 1454 4049 ἔνδοθεν,
1479 3983 1573 4035 καὶ
1599 3983 1740 4036 οὕτω
1761 3983 1953 4036 διπλα-

372 4077 578 4142 σιάζει,
618 4075 820 4144 μᾶλλον
851 4075 907 4128 δὲ
955 4065 1409 4139 πολυπλασιάζει,
1458 4075 1518 4126 τὸ
1548 4075 1648 4144 τῆς
1681 4076 1950 4146 σωτηρίου

375 4162 548 4234 πάθος
577 4170 840 4241 πλευρᾶς,
892 4159 959 4222 τά
994 4161 1352 4240 ὑστερήματα
1395 4169 1536 4223 κατὰ
1584 4167 1796 4222 Παῦλον
1823 4172 1954 4223 ἀνα-

374 4255 598 4336 πληρῶν
629 4264 724 4317 τοῦ
757 4262 1021 4334 Χριστοῦ,
1059 4266 1152 4317 καὶ
1201 4253 1376 4326 οὕτως
1421 4263 1522 4335 ἐρᾷ
1568 4265 1668 4332 τῆς
1711 4255 1952 4332 σφαγῆς,

371 4353 472 4413 καὶ
520 4351 708 4440 οὕτως.
742 4361 842 4430 ἐρᾷ
885 4362 980 4412 τοῦ
1029 4361 1090 4410 τὸ
1140 4359 1272 4412 ἴδιον
1331 4353 1471 4427 αἷμα
1511 4361 1628 4429 χείν
1661 4359 1803 4429 ὑπὲρ
1854 4356 1957 4430 τῆς

374 4451 531 4522 δόξης
564 4452 660 4506 τοῦ
712 4451 975 4524 Χριστοῦ,
1011 4453 1152 4506 πάνυ
1203 4453 1465 4516 πολλάκις
1517 4455 1612 4505 καὶ
1662 4454 1987 4525 διηνεκῶςη

371 4517 536 4616 ἐἴπερ
574 4538 642 4621 ἦν
663 4588 678 4611 ,
712 4517 785 4609 ὼς
821 4547 918 4599 καὶ
948 4545 1104 4619 παρὰ
1148 4545 1243 4600 τοῦ
1277 4543 1642 4614 γινώσκοντος
1673 4517 1748 4600 τὸ,
1766 4545 1956 4616 περιὸν
1979 4517 2033 4584 ’δ

373 4631 534 4710 ἀὐτῷ
565 4643 659 4696 καὶ
703 4625 1052 4714 ¹ὑπερϐάλλον
1080 4641 1175 4695 τοῦ
1221 4633 1426 4712 ἔρωτος
1470 4634 1654 4714 πηγὴν
1677 4637 1868 4694 ’λαϐεῖν
1902 4643 1960 4696 ἐν

369 4722 455 4807 (τῷ
491 4733 707 4807 σώματι
737 4739 952 4809 μύρων,
1011 4739 1101 4793 ἵνα
1155 4737 1250 4792 τοῦ
1303 4737 1535 4808 αἵματος
1589 4736 1957 4802 ἐπιλιπόντος,

378 4829 518 4901 αὕτη
559 4836 652 4886 καὶ
677 4834 759 4896 εἰς
803 4832 898 4886 τὸν
944 4831 1078 4903 ἐξῆς
1128 4823 1306 4887 πάντα
1341 4832 1537 4902 χρόνον
1575 4831 1695 4884 ἀντὶ
1725 4832 1961 4900 αἵματος

378 4927 444 4978 ἐκ
476 4925 569 5004 τοῦ
595 4925 849 5000 σῴματος
879 4925 1072 4998 χὲη-ται
1100 4927 1180 4989 είς
1212 4925 1372 4993 δόξαν
1413 4923 1677 4995 Χριστοῦ,
1713 4923 1772 4976 ὃν
1804 4915 1962 4987 οὗτος

379 5021 476 5075 καὶ
522 5022 608 5075 διὰ
648 5020 796 5091 ζωῆς
844 5021 942 5074 καὶ
978 5020 1067 5074 διὰ
1118 5019 1377 5086 θανάτου,
1409 5020 1506 5073 καὶ
1552 5019 1693 5088 μετὰ
1729 5017 1962 5074 Θάνατον

376 5117 481 5170 οὐκ
502 5115 723 5182 ἐδόξασε
761 5116 946 5186 μόνον,
975 5114 1112 5170 ἀλλὰ
1136 5116 1236 5168 καὶ
1258 5113 1474 5179 δοξάζει
1496 5112 1762 5186 διηνεκῶς
1781 5128 1796 5144 ·
1829 5111 1961 5183 παρ’

377 5205 444 5275 οὗ¹
477 5213 571 5264 καὶ
599 5212 658 5264 ἐν
695 5213 768 5282 γῇ
813 5209 914 5282 καὶι
965 5210 1025 5263 ἐν
1057 5203 1277 5280 οὐρανῷ
1309 5209 1406 5262 καὶ
1443 5205 1834 5276 ἁντεδοξάσθη,
1868 5205 1965 5259 καὶ

374 5288 684 5371 δοξάζεται,
718 5306 814 5359 καὶ
845 5301 1249 5372 δοξασθήσεται
1267 5301 1460 5365 θείως.
1947 5323 1950 5326 ι

460 5397 783 5469 Ἐπέρχεται
811 5395 867 5450 δέ
901 5412 992 5466 μοι
1027 5395 1123 5452 νῦν
1152 5397 1333 5465 λέγειν
1383 5393 1511 5466 περὶ
1542 5392 1732 5461 αὐτοῦ,
1761 5392 1900 5463 ὅπερ
1933 5389 1964 5443 ὁ

379 5491 524 5555 θεῖος
558 5493 766 5564 Παῦλος
780 5492 933 5562 ῒρησὶ
963 5494 1092 5562 περὶ
1121 5490 1215 5544 τοῦ
1235 5489 1495 5561 Χριστοῦ.
1526 5488 1820 5557 Συνίστησι
1850 5486 1963 5557 γὰρ

376 5587 478 5656 τὴν
509 5589 588 5647 τίς
617 5587 765 5656 ἡμᾶς
797 5588 1017 5656 ἀγάπην
1036 5587 1130 5659 καὶ
1156 5589 1184 5639 ό
1209 5586 1384 5655 μέγας
1410 5584 1745 5656 Δημήτριος,
1773 5583 1855 5634 ὅτι
1885 5581 1966 5633 ἔτι

377 5679 592 5735 ἀσεϐῶν
625 5681 783 5750 ἡμῶν
815 5679 1007 5748 ὄντων,
1037 5672 1198 5744 οὗτος
1247 5678 1389 5733 κατὰ
1418 5677 1612 5748 καιρὸν
1638 5675 1782 5746 ὑπὲρ
1831 5673 1962 5726 ἀσε-

378 5773 492 5826 6ῶν
523 5773 765 5829 ἀπέθανε
790 5791 804 5805 ο
840 5774 980 5828 κατὰ
1014 5774 1175 5847 χάριν
1207 5774 1392 5846 μέντοι
1426 5771 1520 5827 τοῦ
1557 5773 1832 5828 Δεσπότου
1868 5770 1966 5824 καὶ

449 5960 496 5994 ⁸⁸
524 5959 742 6019 Coloss.
783 5959 799 6014 i
823 6000 839 6029 ,
888 5958 979 6016 24.

2057 3262 2178 3301 sum
2242 3247 2509 3300 imitatus.
2569 3243 2698 3300 Ideo
2759 3246 3050 3300 Lanceariis
3115 3247 3560 3302 inter-femoribus
3607 3263 3638 3302 a

2057 3349 2288 3410 tyranno
2339 3341 2526 3394 missis
2584 3339 2826 3394 occurrit
2874 3347 2929 3394 et
2992 3339 3302 3394 decussatis
3361 3340 3639 3396 bracchiis

2049 3420 2337 3502 tamquam
2402 3432 2588 3487 lethali
2651 3432 2884 3487 vulnere
2938 3433 3335 3501 percuLicndis,
3385 3433 3639 3488 ultimam

2048 3513 2264 3596 accipit
2294 3527 2508 3596 plagam
2541 3540 2634 3580 seu
2668 3525 2852 3594 potius
2881 3525 3068 3593 plagas
3093 3527 3294 3594 quibus
3325 3541 3485 3581 omne
3520 3543 3644 3582 cor-

2049 3635 2158 3692 pus
2179 3627 2233 3675 et
2265 3619 2475 3674 viscera
2500 3628 2554 3672 et
2582 3632 2706 3672 ossa
2727 3627 2782 3672 et
2807 3633 2998 3672 carnes
3022 3619 3286 3673 transﬁxa
3320 3617 3639 3686 doluerunt,

2063 3714 2135 3768 ita
2168 3721 2223 3768 ut
2263 3727 2330 3768 ex
2361 3725 2591 3780 utroque
2627 3713 2798 3765 latere
2830 3711 2974 3765 aliud
3005 3711 3228 3780 quidem
3258 3712 3505 3766 exterius
3538 3727 3641 3767 en-

2055 3806 2197 3861 sium
2231 3803 2632 3875 perforatioiics
2656 3803 2946 3871 receperit,
2989 3803 3163 3857 altero
3203 3803 3641 3860 auteminterius

2055 3898 2367 3970 duplicatus
2397 3898 2480 3952 vel
2501 3899 2674 3965 magis
2708 3897 3108 3966 multiplicatus
3126 3896 3296 3952 fuerit
3334 3896 3641 3952 Salvatoris
3717 3901 3730 3918 ‘

2057 3992 2247 4047 lateris
2291 3989 2488 4056 dolor;
2535 3989 2855 4058 adimpievit
2884 3989 3055 4053 enim,
3091 3989 3235 4044 sicut
3260 3997 3315 4042 et
3344 3987 3547 4044 Paulus
3571 3988 3642 4055 ⁸⁸,

2057 4104 2120 4145 ea
2153 4103 2275 4160 quae
2305 4088 2508 4143 desunt
2554 4083 2907 4155 passionibus
2940 4083 3170 4148 Christi,
3214 4092 3266 4137 et
3296 4085 3377 4138 sic
3406 4084 3643 4139 occisio-

2059 4179 2146 4234 nis
2189 4193 2377 4234 amore
2442 4177 2621 4242 arsit,
2696 4176 2889 4245 sicque
2944 4191 3106 4230 suum
3165 4175 3494 4247 sanguinem
3547 4191 3647 4247 pro

2059 4272 2268 4326 Christi
2291 4271 2480 4342 .gloria
2512 4283 2740 4324 manare
2778 4283 2884 4323 non
2922 4267 3330 4343 pluries‘modo
3354 4267 3451 4323 sed
3477 4269 3644 4324 etiam

2049 4350 2284 4434 ‘jugiter,
2311 4361 2354 4416 si
2384 4371 2597 4431 posset,
2629 4358 2986 4422 desideravit,
3044 4367 3104 4412 ut
3139 4359 3208 4412 ab
3239 4373 3306 4412 eo
3337 4374 3500 4428 quem
3534 4374 3644 4415 non

2064 4457 2268 4510 latebat
2306 4455 2454 4508 illius
2485 4453 2692 4508 amoris
2721 4451 2944 4506 uberior
2995 4450 3344 4520 superﬂuitas
3382 4453 3648 4508 meruerit

2063 4549 2315 4619 accipere
2342 4549 2396 4602 in
2437 4561 2670 4617 corpore
2705 4554 3117 4614 unguentorum
3151 4545 3382 4610 fontem,
3425 4557 3483 4600 ut
3519 4561 3650 4602 san-

2065 4643 2230 4714 guine
2269 4642 2585 4708 deﬁciente,
2625 4638 2748 4695 fons
2794 4641 2884 4694 illa
2944 4655 3042 4710 per
3082 4654 3246 4695 omne
3298 4647 3514 4709 tempus
3547 4655 3651 4707 pro

2064 4737 2331 4808 sanguine
2385 4752 2416 4792 a
2473 4749 2704 4806 corpore
2752 4742 3006 4789 manaret
3054 4733 3109 4788 in
3146 4732 3381 4800 gloriam
3415 4733 3650 4801 Christi,

2063 4845 2226 4900 quem
2260 4830 2336 4883 ita
2371 4839 2580 4899 martyr
2614 4839 2805 4884 noster
2833 4833 2888 4881 et
2919 4841 3016 4896 per
3047 4826 3216 4880 vitam
3270 4835 3324 4880 et
3370 4841 3468 4896 per
3504 4843 3654 4881 mor-

2066 4933 2174 4980 tem
2209 4935 2265 4980 et
2314 4933 2441 4994 post
2473 4931 2708 4978 mortem
2752 4935 2863 4976 non
2913 4929 3126 4974 tantum
3165 4920 3515 4992 glorilicavit,
3555 4918 3652 4975 sed

2065 5021 2120 5072 et
2148 5025 2415 5087 perpetuo
2445 5014 2745 5087 gloriﬁcat,
2775 5029 2804 5066 a
2837 5027 2946 5082 quo
2973 5013 3028 5067 in
3059 5010 3372 5067 mercedem
3410 5012 3463 5066 iu
3487 5012 3653 5066 terris

2065 5119 2119 5164 et
2155 5110 2209 5164 in
2255 5108 2414 5164 caelis
2459 5107 2694 5180 gloriam
2743 5105 2984 5177 accepit,
3033 5103 3260 5175 accipit,
3295 5111 3352 5158 et
3387 5103 3653 5159 divinitus

2066 5203 2321 5273 accipiet.

2143 5389 2408 5460 Superest
2438 5388 2572 5443 mihi
2622 5387 2689 5444 de
2736 5387 2832 5442 illo
2876 5387 3064 5443 dicere
3109 5397 3233 5455 quae
3267 5383 3430 5439 divus
3451 5380 3654 5436 Paulus

2067 5483 2136 5541 de
2169 5484 2393 5540 Christo
2435 5481 2692 5553 protulit.
2742 5476 3166 5535 Commendavit
3196 5489 3354 5531 suam
3389 5487 3518 5544 erga
3557 5485 3658 5528 nos

2068 5578 2392 5635 eharitatem
2427 5577 2545 5647 ipse
2587 5589 2819 5645 magnus
2868 5571 3180 5626 Demetrius
3217 5569 3478 5640 quoniam
3528 5581 3656 5620 cum

2069 5683 2390 5743 peccatores
2418 5685 2669 5726 essemus
2723 5669 2840 5738 ipse
2892 5667 2944 5720 in
2989 5675 3237 5732 tempore
3267 5676 3366 5732 pro
3401 5667 3661 5731 peccato-

2075 5768 2229 5825 ribus
2259 5773 2512 5823 mortuus
2541 5773 2645 5822 est.
2669 5761 2794 5830 Quo
2821 5771 3004 5818 tamen
3029 5774 3139 5816 nou
3168 5757 3276 5814 nisi
3309 5771 3404 5828 per
3425 5755 3660 5829 gratiam
