4082 6434
475 317 578 386 547

1735 312 2122 374 GREGORII
2157 313 2483 374 PALAMIE

3618 313 3720 377 548

471 430 690 488 Domini
743 429 810 484 ad
866 429 987 499 ejus
1043 427 1411 482 imitationem
1459 425 1713 497 perfecit,
1751 437 1807 481 et
1859 426 2043 481 munis

2159 430 2386 498 μίμησιν
2412 445 2427 459 ·
2461 427 2557 481 καὶ
2584 428 2731 482 πᾶσα
2761 428 2794 499 ή
2829 427 2983 490 πόλις
3015 426 3157 498 αὕτη
3189 427 3614 498 κατηλλάγημεν
3645 431 3724 500 τῷ

471 523 666 577 civitas
720 521 832 575 Deo
881 521 1233 574 reconciliata
1286 519 1393 574 fuit
1444 534 1544 589 per
1595 527 1826 572 mortem
1879 518 2044 574 illius.

475 612 577 667 Ubi
612 612 756 665 enim
787 611 877 665 illa
910 611 1204 681 impietatis
1240 609 1571 664 redundatio
1607 607 1661 662 in
1703 623 1808 676 qua
1858 610 2044 677 plures

474 720 540 758 ex
569 703 776 757 nostris
803 703 1106 771 majoribus
1134 700 1376 768 jacuisse
1418 717 1527 755 non
1568 710 1656 754 cst
1685 701 2051 755 incredibile?

477 797 580 852 Ubi
618 807 795 850 metus
819 809 886 849 ex
930 794 1154 864 pietate,
1190 803 1244 846 et
1272 793 1398 846 ideo
1426 793 1733 847 desiderata
1768 791 2052 862 perfugia?

477 891 578 944 L'bi
615 889 807 955 majori
835 903 995 957 quam
1035 888 1337 940 bestiarum
1374 884 1594 939 feritate
1634 883 1903 938 adversus
1929 885 2050 954 pios

477 977 759 1031 lurentes?
789 975 988 1030 Omnia
1021 975 1201 1028 soluta
1230 984 1358 1027 sunt
1397 973 1663 1040 adversa,
1719 973 1904 1027 omnia
1957 990 2050 1028 stt-

475 1075 850 1138 pcrvenerunt
893 1067 1206 1131 commoda,
1256 1065 1384 1119 dum
1436 1064 1746 1119 Demetrius
1791 1079 1911 1120 sese
1941 1065 2052 1134 pie-

477 1164 606 1217 tatis
663 1161 834 1232 gratia
895 1159 1152 1229 periculis
1195 1157 1506 1226 ohjecissct.
1540 1155 1762 1225 Templa
1809 1156 2051 1226 ingentia

473 1266 528 1309 et
565 1253 893 1323 perpulchra
923 1266 1157 1320 quorum
1196 1250 1316 1304 solo
1348 1259 1578 1318 aspectu
1614 1265 1806 1304 omnes
1835 1249 1903 1303 ad
1934 1251 2052 1318 ipsa

475 1353 880 1400 conuertuntur
908 1344 1139 1396 istorum
1191 1341 1313 1395 loco
1364 1339 1702 1410 refugiorum
1751 1348 2051 1406 steterunt;

476 1456 634 1506 reges
668 1439 870 1508 pietate
905 1436 1082 1504 magis
1119 1449 1283 1504 quam
1319 1441 1589 1502 potestate
1623 1433 1862 1487 illustres
1895 1432 2054 1486 nobis

477 1533 716 1593 adstant,
771 1538 825 1583 et
883 1528 1128 1581 unanimi
1171 1527 1364 1596 plausu
1425 1527 1735 1580 acclamant
1795 1524 2054 1594 praeclara

478 1623 732 1692 martyris
797 1629 981 1689 gesta;
1033 1620 1160 1672 urbs
1223 1628 1336 1671 tota
1395 1617 1571 1686 palam
1647 1617 1901 1686 pietatem
1938 1617 2056 1686 ejus

477 1715 738 1777 celebrat,
777 1727 943 1780 super
989 1712 1316 1780 martyrium
1380 1709 1560 1780 magni
1605 1707 1861 1762 Demetrii
1911 1709 2058 1763 exal-

476 1817 619 1860 tans.
646 1805 782 1859 Nam
810 1803 1029 1857 diﬂudit
1055 1803 1383 1856 cliaritatem
1415 1817 1523 1853 non
1561 1800 1613 1853 in
1641 1801 1808 1855 corda
1841 1809 2052 1854 tantum
2091 1790 2128 1844 Β

476 1909 663 1953 nostra
696 1897 791 1952 sed
823 1908 876 1950 et
910 1897 964 1949 in
1005 1909 1236 1964 corpora
1270 1909 1364 1963 per
1397 1900 1676 1961 unguenta
1712 1908 1833 1961 qua:
1860 1907 1926 1946 ex
1955 1907 2054 1949 suo

475 2005 708 2060 corpore
746 1989 813 2043 ad
847 2003 949 2042 nos
984 1987 1331 2042 roborandus
1385 1985 1634 2039 dimittit.
1675 1983 1917 2048 Quorum
1946 1985 2054 2054 igi-

478 2091 565 2133 tur
620 2080 798 2134 bonus
839 2077 977 2131 odor
1020 2093 1088 2132 ex
1134 2077 1283 2131 omni
1339 2085 1499 2143 parte
1536 2073 1685 2130 urbis
1718 2075 2054 2144 impietatem

472 2170 728 2233 extrusit,
767 2179 821 2222 et
866 2169 1148 2222 civitatem
1190 2165 1351 2221 istam
1400 2165 1514 2220 Deo
1550 2164 1744 2220 obtulit
1794 2173 2053 2234 tanquam

474 2259 642 2312 alium
702 2258 1044 2326 paradisum,
1088 2257 1194 2310 nisi
1249 2254 1383 2324 quid
1444 2254 1641 2324 majus,
1690 2251 1913 2306 ﬂumine
1947 2269 2054 2306 non

474 2367 743 2422 aquarum
797 2349 895 2405 sed
952 2359 1359 2421 unguentorum
1395 2397 1398 2400 .
1431 2346 1676 2416 jucunde
1732 2347 2053 2416 irrigatam,

475 2454 904 2516 unguentorum,
958 2444 1205 2513 inquam,
1253 2443 1304 2495 in
1363 2443 1564 2512 quibus
1621 2450 1674 2495 et
1726 2456 1791 2496 ex
1855 2440 2057 2510 quibus

477 2553 707 2606 prorsus
737 2545 989 2591 servatur
1021 2551 1118 2604 per
1158 2535 1423 2603 Spiritum
1459 2534 1632 2604 gratia
1678 2532 2053 2596 curationum,

475 2630 830 2698 operationes
861 2628 1156 2692 virtutum,
1188 2626 1260 2680 ita
1285 2627 1634 2695 utpossimns
1663 2635 1716 2678 et
1747 2640 1845 2678 nos
1875 2623 2057 2678 dicere

475 2723 544 2776 de
584 2737 778 2790 magno
826 2719 1110 2773 Demetrio
1147 2720 1291 2787 Quod
1321 2719 1388 2772 de
1429 2718 1611 2772 anima
1644 2727 1798 2770 casto
1837 2716 2058 2772 vinculo

478 2813 592 2866 Duo
619 2821 871 2880 sponsata
907 2811 960 2864 in
987 2811 1215 2865 Cantico
1247 2809 1602 2864 canticorum
1635 2809 1899 2879 scriptum
1931 2818 2053 2864 est:

483 2924 500 2958 ι
541 2906 689 2960 Odor
719 2905 1171 2958 vestimentorum
1223 2912 1440 2959 tuorum
1480 2918 1648 2973 super
1695 2904 1874 2960 omnia
1929 2919 2056 2958 aro-

478 3007 622 3052 mata
650 2998 717 3051 ".
753 3015 772 3049 ι
828 2997 1226 3051 Vestimentum
1278 2998 1543 3067 martyris
1592 2997 1788 3051 anima:
1834 2997 2057 3067 putabis

2151 520 2269 590 Θεῷ
2328 521 2414 573 διὰ
2447 519 2540 572 τοῦ
2579 518 2815 574 θανάτου
2846 518 3033 574 αὐτοῦ.
3072 519 3182 573 Ποῦ
3211 520 3319 589 γὰρ
3351 519 3412 572 τὸ
3445 519 3724 590 πλήρωμα

2151 613 2326 665 ὲκείιο
2362 613 2462 681 τῆς
2513 609 2790 673 ἀσεϐείας,
2827 612 2884 662 ὲν
2920 603 2964 676 ᾧ
3010 608 3103 661 καὶ
3153 607 3382 670 πολλοὺς
3418 602 3560 660 εἶναι
3611 605 3723 660 τῶν

2152 703 2437 774 ἡμετέρων
2467 703 2750 771 προγόνων
2787 701 2886 753 οὐκ
2935 699 3198 764 ἀπεικός;
3235 697 3344 750 Ποῦ
3379 700 3415 756 ,ὁ
3445 696 3533 750 ἐπ’
3572 698 3727 750 εὐσε-

2152 795 2273 866 ϐείᾳ
2299 793 2482 861 φόϐος,
2514 797 2608 845 καὶ
2638 793 2694 846 αἱ
2739 792 2824 845 διὰ
2856 790 3043 844 τοῦτον
3087 789 3335 842 ποθειναὶ
3364 789 3724 853 καταδύσεις;

2151 888 2262 940 Ποῦ
2294 888 2343 939 ot
2369 886 2466 956 τήν
2491 887 2602 938 τῶν
2634 885 2839 955 θηρίων
2865 885 3280 954 παρελάσαντες
3309 882 3609 953 ἀγριότητα
3657 884 3726 950 τῇ

2153 979 2295 1032 κατά
2345 977 2453 1031 τῶν
2499 976 2865 1029 εὐσεϐούντων
2925 977 3128 1046 μανία;
3181 974 3368 1028 Πάντα
3399 973 3617 1026 λέλυται
3655 972 3726 1025 τὰ

2152 1071 2323 1133 δεινὰ,
2381 1069 2557 1122 πάντα
2611 1070 2976 1139 προσεγένετο
3025 1067 3091 1120 τά
3141 1067 3375 1137 χρηστά.
3411 1065 3726 1136 Δημητρίου

2154 1163 2254 1230 τῆς
2317 1162 2602 1224 εὐσεϐείας
2664 1160 3244 1230 προκινδυνεύσαντος.
3304 1159 3412 1212 Kal
3455 1159 3572 1212 vaol
3630 1156 3728 1225 μὲν

2154 1254 2494 1324 εὐμεγέθεις,
2520 1255 2612 1308 καὶ
2638 1254 3002 1324 περικαλλεῖς,
3023 1254 3116 1306 καὶ
3147 1251 3284 1323 μόνῃ
3303 1253 3369 1322 τῇ
3396 1250 3494 1321 θέᾳ
3519 1250 3730 1312 πάντας

2153 1348 2293 1418 πρὸς
2323 1348 2550 1410 ὲαυτούς
2593 1347 3035 1418 ἐπιστρέφοντες,
3085 1348 3178 1398 ἐπὶ
3221 1345 3330 1397 τῶν
3380 1341 3731 1400 καταδύσεων

2155 1442 2382 1496 ἐκείνων
2414 1441 2677 1509 ἑστήκασι
2705 1455 2717 1468 ·
2759 1439 2995 1509 βασιλεῖς
3025 1437 3082 1490 δὲ
3112 1439 3180 1506 τῇ
3212 1433 3466 1503 εὐσ;ϐείξ⁸
3501 1433 3726 1504 μᾶλλον,

2154 1535 2188 1602 ἦ
2211 1537 2275 1605 τῇ
2291 1531 2534 1604 βασιλείᾲ
2551 1531 2936 1602 κοσμούμενοι,
2972 1531 3423 1600 συμπαριστᾶσιν
3455 1529 3607 1597 ἡμῖν,
3633 1530 3730 1580 καὶ

2158 1624 2641 1696 συνεπικροτοῦσιν
2697 1623 3075 1694 εὐφημοῦντος
3136 1622 3236 1682 τὰς
3298 1619 3577 1689 ἀριστείας
3635 1616 3730 1670 τοῦ

2163 1719 2441 1789 μάρτυρος
2464 1733 2479 1748 ·
2530 1717 2680 1770 πᾶσα
2715 1715 2770 1766 δὲ
2817 1716 2850 1785 ή
2885 1715 3039 1776 πόλις
3097 1709 3591 1783 παρῤησιαζόμεθα
3629 1709 3732 1776 τὴν

2158 1811 2460 1873 εὐσέϐειαν,
2486 1809 2579 1862 ἐπὶ
2603 1807 2682 1878 τῷ
2712 1806 2994 1878 μαρτυρίῳ
3023 1805 3119 1858 τοῦ
3150 1804 3388 1872 μεγάλου
3414 1799 3728 1873 Δημητρίου

2158 1904 2526 1973 καυχώμενοι.
2569 1900 2678 1954 Καὶ
2729 1901 2835 1968 γὰρ
2876 1896 3058 1967 ἐξέχεε
3113 1896 3211 1966 τὴν
3264 1894 3458 1947 ἑαυτοῦ
3513 1891 3733 1960 ἀγάπην

2156 1997 2256 2048 οὐκ
2287 1995 2379 2046 ἐπὶ
2421 1993 2519 2054 τὰς
2551 1990 2779 2060 καρδίας
2813 1989 2972 2059 ήμῶν
3006 1988 3190 2058 μόνον,
3223 1986 3360 2039 ἀλλά
3413 1985 3504 2037 καὶ
3535 1983 3628 2037 ἐπὶ
3663 1983 3734 2035 τά

2159 2086 2408 2156 σώματα,
2424 2085 2512 2138 διὰ
2531 2084 2640 2137 τῶν
2666 2083 2877 2154 μύρων..
2898 2075 2972 2134 ὧν
2993 2081 3072 2143 είς
3088 2079 3244 2149 ήμῶν
3262 2077 3562 2149 εὐρωστίαν
3581 2073 3737 2144 ἀνίη-

2159 2199 2243 2234 σιν
2265 2183 2328 2232 ὲκ
2349 2177 2440 2232 τοῦ
2466 2177 2738 2248 σώματος·
2759 2170 2834 2230 ὧν
2857 2174 3015 2245 ἄραή
3043 2173 3241 2227 εὐωδία
3267 2171 3602 2242 πανταχόθεν
3633 2170 3734 2238 τῆς

2160 2271 2370 2332 πόλεως
2413 2270 2662 2336 ἀπήλασε
2697 2267 2794 2337 τὴν
2833 2266 3113 2327 ἀσέϐειαν,
3147 2265 3240 2316 καὶ
3286 2264 3442 2317 πόλιν
3489 2259 3732 2325 ἀνέδειξε

2159 2363 2362 2432 ταύτην
2413 2360 2572 2427 Θεοῦ,
2625 2360 3024 2432 ἢπαράδεισον
3067 2356 3243 2424 ἀλλον,
3297 2359 3344 2409 εί
3399 2356 3472 2425 μή
3535 2372 3590 2408 τι
3639 2353 3734 2407 καὶ

2158 2457 2346 2520 πλέον,
2382 2455 2691 2525 ἀρδομένην
2724 2457 2818 2506 καὶ
2857 2452 3203 2522 γαννυμένην
3255 2449 3487 2520 ποταμῷ
3521 2447 3732 2519 μύρων,

2157 2547 2271 2602 ἀλλ’
2295 2549 2392 2616 οὐχ
2423 2547 2630 2600 ὑδάτων
2653 2563 2669 2579 ο
2703 2547 2797 2598 καὶ
2828 2541 3040 2614 μύρων,
3084 2546 3140 2597 ὲν
3171 2537 3252 2606 οἷς
3285 2542 3383 2594 καὶ
3421 2541 3480 2606 ἐξ
3509 2535 3584 2594 ὧν
3613 2541 3732 2594 ἔστι

2158 2641 2376 2701 πάντως
2411 2638 2498 2690 διὰ
2531 2638 2624 2690 τοῦ
2659 2636 2976 2705 Πνεύματος
3015 2638 3047 2705 ἡ
3101 2636 3260 2706 χάρις
3309 2633 3417 2686 τῶν
3467 2633 3732 2703 ἰαμάτων,

2157 2731 2224 2783 τά
2252 2730 2601 2798 ἐνεργήματα
2630 2726 2736 2780 τῶν
2767 2725 3080 2796 Δυνάμεων,
3108 2726 3182 2788 ὡς
3214 2724 3358 2794 ἔχειν
3382 2725 3529 2794 ἡμὴ
3554 2723 3734 2789 λέγειν

2159 2823 2295 2892 πρὸς
2329 2821 2420 2874 τὸν
2454 2819 2628 2890 μέγαν
2655 2820 2984 2888 Δημήτριον,
3022 2816 3050 2869 ὃ
3084 2817 3212 2887 περὶ
3242 2817 3338 2884 τῆς
3369 2817 3425 2868 ὲν
3456 2813 3735 2884 ἀφθαρσίᾳ

2159 2911 2566 2981 νυμφευθείσης
2610 2910 2686 2979 τῷ
2714 2910 2834 2980 Θεῷ
2881 2907 3059 2979 ψυχῆς
3091 2909 3149 2960 ὲν
3181 2909 3292 2970 τοῖς
3325 2907 3433 2960 τῶν
3467 2905 3729 2977 ᾀσμάτων

2159 3002 2400 3072 ᾅσμασιν
2430 3000 2874 3069 ἀναγέγραπταιο
2906 3001 2981 3061 ὼς
3011 2997 3182 3066 Ὀσμὴ
3215 2998 3447 3067 ἱματίων
3483 3013 3576 3048 σου
3595 2995 3732 3064 ὑπὲρ

475 3105 679 3158 corpus
713 3089 872 3156 cujus
908 3103 1079 3158 genae,
1108 3096 1166 3142 nt
1195 3104 1387 3143 rursus
1418 3087 1718 3144 secundum
1748 3089 1892 3144 idem
1925 3104 2052 3143 can-

2163 3091 2341 3142 πάντα
2364 3090 2431 3141 τὰ
2456 3088 2745 3158 ἀρώματα.
2788 3087 3030 3157 Ὶμάτιον
3059 3087 3115 3140 δὲ
3145 3088 3244 3157 τῆς
3271 3087 3617 3157 μαρτυρικῆς
3635 3087 3736 3152 ψυ-

479 3181 646 3236 ticmn
689 3182 865 3234 dicam
923 3198 992 3234 :t
1035 3189 1295 3248 tanquam
1351 3181 1553 3235 areolae
1602 3191 1946 3246 aromatum,
2002 3194 2056 3237 et

477 3272 634 3343 digiti
664 3274 806 3327 sicut
854 3272 964 3326 lilia
995 3272 1318 3328 distillantia
1341 3275 1617 3343 myrrham
1649 3275 1980 3344 primam”.
2022 3293 2041 3327 ι

479 3364 649 3418 Multo
681 3363 853 3434 magis
881 3363 1050 3418 latera
1083 3379 1215 3419 ense
1261 3363 1538 3435 perforata
1579 3365 1722 3420 sicut
1751 3365 1890 3420 latus
1923 3365 2055 3420 illud

479 3457 670 3511 lancea
727 3457 1089 3522 transﬁxum,
1154 3471 1264 3510 non
1323 3468 1466 3511 srcut
1529 3458 1726 3511 areolre
1792 3459 2057 3528 unguenti

481 3551 644 3619 primi
681 3549 908 3603 odorem
949 3549 1003 3601 in
1044 3563 1104 3604 se
1138 3551 1399 3614 retinent,
1435 3551 1531 3605 sed
1565 3550 1768 3605 fontem
1807 3567 2059 3622 exprom-

482 3651 707 3711 pserunt
727 3641 913 3710 jugem
946 3649 1000 3694 et
1035 3626 1452 3705 inexhaustum,
1481 3643 1553 3696 ita
1588 3653 1648 3696 ut
1677 3658 1784 3697 non
1804 3643 1871 3697 sit
1897 3643 2057 3699 nobis

480 3749 605 3788 cum
663 3731 951 3788 Psalmista
994 3747 1194 3788 canere
1242 3750 1256 3786 :
1296 3751 1312 3783 ι
1353 3731 1582 3788 Flumen
1635 3734 1727 3788 Dei
1781 3736 2050 3805 repletum

479 3835 564 3880 est
599 3824 758 3894 aquis
791 3825 876 3893 ”;
911 3825 1005 3881 sed
1038 3823 1164 3879 forts
1201 3824 1294 3880 Dei
1334 3825 1456 3897 (hic
1500 3836 1583 3881 est
1637 3829 1896 3898 martyris
1930 3843 2056 3882 cor-

455 3915 621 3986 pus)
655 3915 910 3970 diﬂluens
946 3917 1249 3985 unguentis
1301 3927 1356 3970 et
1395 3919 1675 3974 miraculis
1718 3929 1772 3973 et
1813 3922 2056 3976 curatio-

481 4011 665 4073 nibus,
697 4017 750 4063 et
788 4009 936 4079 quod
987 4009 1387 4063 cratomnibus
1442 4010 1527 4065 his
1574 4012 1903 4079 mirabilius,
1957 4028 2058 4082 per

479 4101 696 4156 canales
746 4100 976 4156 eﬂlucns
1013 4100 1149 4153 nihil
1201 4100 1266 4154 de
1313 4115 1409 4155 sua
1455 4101 1656 4155 amittit
1677 4103 2052 4171 plenitudine:

483 4193 558 4246 ita
592 4204 651 4248 ιιι
682 4192 813 4246 mihi
855 4191 1107 4246 videatur
1140 4191 1326 4245 divina
1362 4192 1614 4263 martyris
1655 4194 1838 4248 anima
1869 4209 1899 4249 a
1933 4209 2058 4249 cor-

481 4301 612 4356 pore
639 4286 849 4340 exiens.
883 4284 1052 4338 Deum
1103 4283 1225 4339 istis
1263 4286 1612 4341 sermonibus
1644 4286 2055 4365 aﬂ‘atam'esse,

481 4395 618 4449 quos
645 4379 826 4432 anima
868 4376 979 4430 Deo
1009 4385 1269 4445 sponsata
1301 4376 1355 4429 in
1394 4376 1501 4431 illis
1532 4379 1764 4446 protulit
1787 4380 2044 4436 canticis.

2164 3181 2264 3252 χῆς
2315 3180 2528 3250 νοήσεις
2579 3179 2642 3231 τὸ
2691 3177 2872 3248 σῶμα,
2913 3172 2975 3231 οὗ
3031 3179 3127 3230 καὶ
3177 3179 3234 3232 al
3287 3179 3556 3246 σιαγόνες,
3611 3175 3735 3230 κατ’

2160 3273 2338 3324 έκεῖνο
2371 3270 2536 3324 πάλιν
2560 3270 2736 3324 εἰπεῖν
2767 3271 2827 3323 τὸ
2862 3266 3032 3342 ᾆσμα,
3068 3271 3156 3332 Ὠς
3179 3269 3367 3338 φιάλαι
3402 3269 3611 3341 μύρων,
3641 3269 3739 3320 καὶ

2158 3363 2209 3416 ot
2254 3361 2508 3416 δάκτυλοι
2573 3361 2648 3425 ὡς
2715 3361 2876 3432 κρίνα
2928 3362 3195 3426 στάζοντα
3244 3361 3494 3416 εὐωδίαν.
3548 3361 3736 3432 Πολλῷ

2163 3454 2366 3526 μᾶλλον
2403 3455 2435 3525 ἡ
2474 3454 2832 3524 λογχευθείσα
2859 3453 3087 3522 πλευρὰ,
3109 3454 3232 3525 ἧτις
3269 3447 3383 3506 οἷον
3412 3453 3734 3523 ἀναστομω-

2161 3547 2318 3601 θεῖσα
2357 3549 2477 3610 ταῖς
2510 3547 2756 3616 λόγχαις,
2813 3547 2998 3600 οὐκέτι
3028 3547 3101 3609 ὡς
3135 3546 3302 3616 φιάλη
3334 3548 3554 3616 κατέχει
3605 3547 3736 3615 παρ’

2159 3639 2326 3709 ἑαυτῇ
2362 3640 2429 3692 τὰ
2459 3639 2626 3710 μύρα,
2655 3639 2775 3692 οὐδὲ
2811 3639 2885 3702 ὡς
2935 3638 3096 3709 κρίνα
3127 3637 3474 3706 σταλαγμοὺς
3514 3638 3737 3702 εὐώδεις

2159 3731 2404 3798 ἀφίησιν,
2429 3731 2565 3784 ἀλλὰ
2589 3732 2772 3801 πηγὴν
2793 3730 3112 3785 ἀναδίδωσιν
3130 3732 3355 3784 ἁὲνναον
3378 3733 3474 3784 καὶ
3492 3733 3736 3784 ἀνέκλει-

2161 3843 2315 3894 πτον,
2353 3827 2430 3890 ὡς
2479 3825 2616 3881 εἶναι
2655 3827 2728 3898 μὴ
2761 3829 2903 3880 κατά
2931 3827 2992 3880 τὸ
3022 3827 3295 3898 ψαλμικὶν
3345 3828 3492 3896 ἡμᾶς
3527 3827 3731 3894 λέγειν,

2158 3919 2316 3972 ὅτιὋ
2345 3919 2591 3989 ποταμὸς
2619 3919 2712 3972 τοῦ
2741 3919 2878 3973 Θεοῦ
2909 3919 3202 3990 ἐπληρώθη
3244 3918 3474 3984 ὑδάτων,
3508 3917 3622 3972 ἀλλ’
3651 3918 3734 3972 ὅτι

2158 4015 2190 4084 ή
2252 4013 2344 4066 τοῦ
2375 4014 2512 4066 Θεοῦ
2563 4015 2761 4085 κρήνη,
2821 4012 2960 4084 αῦτη
3015 4012 3071 4065 δέ
3125 4013 3239 4065 ἐστι
3281 4013 3342 4065 τὸ
3398 4015 3736 4083 μαρτυρικὸν

2160 4105 2342 4176 σῶμα,
2378 4107 2734 4176 πεπλήρωται
2774 4107 2962 4178 μύρων
2995 4107 3088 4160 καὶ
3115 4104 3412 4175 θαυμάτων
3448 4107 3542 4161 καὶ
3575 4107 3737 4177 ίαμά-

2159 4216 2287 4266 των,
2323 4201 2414 4252 καὶ
2443 4199 2504 4252 τδ
2527 4199 2733 4252 τούτων
2760 4199 2837 4252 ἔτι
2870 4199 3442 4271 θαυμασιώτερον,ὃτι
3475 4205 3568 4259 καὶ
3595 4206 3736 4259 κατά

2160 4293 2423 4362 κρουνοὺς
2460 4293 2657 4362 ῥέουσα
2687 4292 2746 4344 τὸ
2778 4293 2984 4363 πλῆρες
3010 4295 3110 4347 οὐκ
3139 4297 3473 4353 ἀποτίθεται.
3506 4299 3634 4364 Kal,
3657 4299 3737 4364 ὡς
3809 4351 3812 4355 .

2161 4385 2358 4449 ἔοικεν,
2388 4385 2633 4448 ἐκείνους
2661 4379 2784 4438 εἶπε
2817 4386 2942 4450 τοὺς
2981 4387 3174 4455 λόγους
3214 4390 3351 4459 πρὸς
3385 4390 3518 4444 Θεὸν
3551 4393 3614 4446 ὲκ
3639 4392 3734 4445 τοῦ

481 4469 798 4538 Quosnam?
855 4487 874 4520 ι
908 4468 1101 4536 Surge,
1135 4468 1337 4538 aquilo,
1394 4479 1446 4523 et
1477 4471 1597 4523 veni
1631 4481 1837 4536 auster,
1881 4473 2050 4541 perﬂa

2159 4475 2414 4544 σώματος
2459 4475 2684 4529 ἀνιοῦσα
2715 4477 2748 4547 ή
2786 4479 3103 4549 μαρτυρικὴ
3133 4482 3229 4535 καὶ
3277 4482 3396 4536 θεία
3425 4481 3573 4554 ψυχή
3597 4522 3612 4548 ,
3643 4483 3737 4546 οὓς

483 4567 704 4620 hortum
743 4579 945 4628 meum,
977 4569 1030 4614 et
1077 4561 1250 4615 ﬂuant
1295 4573 1539 4617 aromata
1569 4579 1690 4618 mea
1714 4565 1782 4618 ⁸⁸.
1823 4584 1842 4617 ι
1877 4565 1942 4621 Et
1976 4566 2057 4622 sic

481 4654 788 4726 spiritualis
823 4653 1099 4722 aquilonis
1120 4652 1348 4708 ﬂamine
1373 4655 1675 4725 uSquedum
1706 4656 1759 4710 in
1788 4659 1919 4712 urbe
1953 4671 2056 4713 sm-

482 4751 747 4801 ricntium
807 4746 1108 4814 impietatis
1162 4747 1396 4800 hiemem
1463 4748 1624 4818 cjecit
1679 4759 1733 4802 ct
1768 4749 2052 4814 dissolvit,

484 4840 610 4894 inde
657 4838 882 4892 adduxit
933 4839 1091 4893 nobis
1133 4841 1472 4909 spiritualem
1540 4841 1758 4911 pietatis
1785 4842 2047 4909 calorem,

481 4948 644 5003 quem
678 4930 884 4986 invexit
919 4932 1047 4987 lelix
1077 4932 1237 4988 ﬂatus
1272 4936 1444 4989 austri
1480 4935 1628 4988 illius
1671 4935 1765 5004 qui
1800 4949 1932 4988 aura
1974 4948 2059 4989 se-

481 5027 820 5082 cundissima
876 5027 931 5080 in
990 5028 1156 5083 altum
1215 5029 1443 5097 impellit
1491 5044 1684 5084 navem
1735 5044 1927 5084 eorum
1959 5029 2056 5097 qui

485 5134 634 5171 mare
668 5120 959 5174 intendunt
993 5121 1396 5187 transmittere,
1429 5122 1640 5176 oriente
1667 5121 1782 5175 sole
1809 5121 2058 5191 justitim,

480 5220 534 5266 et
577 5213 628 5264 in
685 5213 842 5265 horto
899 5222 1158 5266 Virtutum
1209 5212 1639 5283 gratiarumque.
1667 5210 1784 5265 lloc
1816 5226 1944 5266 vere
1975 5222 2060 5267 cst

481 5318 683 5372 corpus
749 5303 1008 5372 martyris
1035 5303 1180 5371 quod
1219 5301 1491 5356 scaturirc
1537 5301 1667 5355 l‘acit
1700 5312 1976 5370 unguenta
2009 5314 2063 5359 et

483 5400 901 5452 medicamenta.
922 5397 1025 5461 Qui
1054 5395 1276 5448 canales
1303 5405 1382 5448 tot
1429 5403 1560 5452 sunt
1593 5405 1724 5463 quot
1757 5396 1912 5450 factae
1929 5407 2058 5451 sunt

483 5507 510 5544 a
550 5491 841 5546 lanceariis
872 5489 1121 5558 corporis
1155 5487 1576 5556 perforatioues.
1621 5487 1731 5542 Ora
1773 5490 1920 5542 enim
1970 5490 2056 5544 lu-

483 5595 680 5649 porum
719 5594 952 5648 quorum
989 5579 1043 5630 in
1094 5577 1298 5642 medio,
1356 5587 1415 5631 ut
1451 5577 1612 5632 docet
1657 5579 2009 5649 Evangelium
2039 5621 2054 5648 ,

554 5762 598 5795 η
639 5762 915 5837 (Ζωικιν,
955 5763 1041 5817 Η.
1135 5763 1179 5796 ⁸⁸
1223 5765 1379 5818 Cant.
1420 5779 1474 5834 ν,
1516 5764 1568 5818 5.

2160 4567 2256 4618 καὶ
2299 4564 2332 4634 ή
2367 4563 2444 4634 τῷ
2487 4563 2606 4634 Θεῷ
2639 4566 3014 4636 νυμφευθεῖσα
3065 4570 3230 4640 φησὶν
3261 4571 3318 4625 έν
3359 4571 3593 4636 ἐκείνοις
3622 4577 3734 4640 τοῖς

2161 4657 2563 4728 ᾇσμασι.Τίνας
2591 4660 2843 4727 τούτου;;
2867 4662 3205 4731 Ἐξεγείρου,
3229 4665 3420 4736 βορρᾶ,
3439 4669 3532 4720 καί⁵
3548 4668 3733 4739 ἔρχου,

2165 4749 2304 4802 νότε.
2336 4751 2670 4804 Διάπνευσον
2710 4753 2886 4820 κῆπόν
2923 4770 3048 4822 μου,
3086 4759 3180 4812 καὶ
3213 4759 3567 4827 ρευσάτωσαν
3595 4761 3738 4830 ἀρὼο

2167 4841 2315 4911 ματά
2355 4858 2477 4912 μου.
2509 4841 2610 4896 Kal
2638 4841 2782 4897 οὕτω
2811 4845 2902 4899 τὸν
2927 4847 3026 4914 μὲν
3051 4847 3158 4900 ἀπὸ
3197 4848 3297 4920 τῆς
3328 4851 3616 4916 ἐπιπνοίας
3641 4853 3736 4906 τοῦ

2167 4937 2360 5007 νοητοῦ
2395 4935 2586 5008 βορέου
2622 4937 2894 5008 τρύχοντα
2940 4940 3244 5010 τηνικαῦτα
3283 4943 3390 5012 τὴν
3434 4946 3589 4998 πόλιν
3625 4964 3739 5015 χει-

2168 5029 2324 5098 μῶνα
2372 5029 2470 5098 τῆς
2505 5029 2756 5092 ἀσεϐείας
2795 5031 3047 5098 ἀπήλασε
3091 5033 3185 5086 καὶ
3217 5033 3460 5087 διέλυσεν
3487 5054 3500 5067 ·
3533 5040 3729 5108 ἐπανή-

2165 5135 2302 5189 γαγε
2337 5119 2392 5172 δὲ
2433 5121 2566 5188 ἡμῖν
2598 5120 2696 5188 τὴν
2726 5120 2924 5190 νοητὴν
2955 5120 3120 5175 ἀλέαν
3149 5121 3244 5191 τῆς
3275 5123 3575 5189 εὐσεϐείας,
3601 5127 3668 5196 ἢν
3702 5129 3733 5196 ή

2167 5213 2396 5267 εὐπνοια
2421 5213 2636 5266 δίδωσιν
2659 5213 2869 5268 ἐκείνου
2893 5214 2986 5267 τοῦ
3017 5214 3196 5282 νότου,
3227 5217 3285 5277 ὃς
3317 5219 3460 5271 κατά
3483 5220 3740 5290 πρύμναν

2167 5307 2421 5376 καθάπερ
2459 5306 2732 5360 εἰσϐάλλει
2760 5308 2874 5368 τοῖς
2909 5307 3174 5368 ἀναπλεῖν
3207 5310 3557 5380 αἱρουμένοις
3599 5313 3737 5380 πρὸς

2169 5400 2268 5464 τὴν
2305 5399 2570 5466 ἀνατολὴν
2595 5398 2699 5451 τοῦ
2746 5403 2848 5470 τῆς
2903 5400 3253 5471 δικαιοσύνης
3311 5403 3485 5471 ήλίου,
3531 5406 3624 5458 καὶ
3659 5404 3738 5476 τῷ

2165 5492 2329 5560 κήπῳ
2358 5491 2466 5543 τῶν
2485 5491 2700 5560 ἀρετῶν
2721 5492 2814 5545 xal
2840 5491 2949 5545 τῶν
2967 5495 3228 5564 χαρίτων,
3263 5488 3418 5559 οὗτος
3448 5497 3505 5549 δέ
3535 5499 3653 5549 ἐστι
3676 5497 3738 5549 τὸ

2166 5585 2326 5652 σῶμα
2357 5584 2418 5636 τὸ
2453 5583 2818 5654 μαρτυρικὸν,
2856 5587 3127 5656 πηγάζειν
3155 5589 3320 5643 ἔδωκε
3353 5591 3420 5644 τὰ
3458 5589 3607 5663 μύρα
3637 5593 3738 5646 καὶ

1648 5765 1694 5795 ⁴⁹
1732 5763 1879 5821 Psal.
1917 5781 2062 5832 utr,
2113 5766 2198 5820 l0.
2276 5768 2321 5800 ⁸ο
2363 5765 2521 5824 Cant.
2560 5783 2633 5837 tv,
2678 5769 2762 5825 l6.
