4082 6414
361 339 464 403 549

1700 343 2034 404 ΗΟΜΙΙᾸᾹ
2073 344 2296 404 XLIII.

3513 345 3621 410 550

357 458 420 508 τὰ
483 455 724 523 ίάματαο
768 454 1057 517 τοσούτους
1100 454 1428 521 ἀναδείξασα
1458 455 1598 521 Ϊτούς
1643 459 1928 528 κρουνοὺς,

2047 473 2198 512 suum
2235 455 2499 512 Dominus
2531 459 2683 517 misit
2716 455 3049 527 discipulum
3076 498 3089 522 ,
3129 457 3408 514 morsibus
3441 457 3620 516 fontes

355 545 549 599 ὁπόσαι
570 545 859 613 γεγόνασιν
885 547 939 598 αἱ
969 546 1122 615 παρά
1144 546 1252 598 τῶν
1273 545 1684 617 λογχευσάντων
1713 547 1933 620 διατρή-

355 654 472 701 σεις
516 637 610 690 τοῦ
646 635 916 706 σώματος.
957 637 1038 690 Τὰ
1062 639 1168 707 γάρ
1197 639 1444 709 στόματα
1473 640 1584 693 τῶν
1610 639 1816 706 λύκων,
1857 637 1934 694 ὦν

353 729 412 783 ὲν
449 728 600 798 μέσῳ
629 728 770 781 κατὰ
819 728 880 780 τὸ
923 728 1259 797 Εὐαγγέλιον
1295 728 1388 782 τὸν
1446 731 1648 783 οἰκεῖον
1683 730 1932 801 μαίλητὴν

353 821 670 890 Δημήτριον
715 821 744 874 6
793 819 998 889 Κύριος
1033 820 1270 890 έπεμψε,
1316 823 1427 884 τοῖς
1453 821 1696 892 δήγμασι
1749 824 1932 892 πηγὰς

356 913 726 980 ἀνεστόμωσε,
759 911 835 979 τῷ
881 912 979 982 μὲν
1009 911 1102 965 τοῦ
1125 911 1364 983 Χριστοῦ
1395 912 1635 984 ποιμνίῳ
1664 913 1936 984 θυμηδίαν

355 1003 688 1070 ἐμποιούσας
734 1001 997 1072 μεγίστην
1019 1044 1035 1067 ,
1064 1005 1158 1058 καὶ
1189 1003 1390 1068 πολλὰς
1421 1005 1811 1075 συμφερούσας
1846 1007 1936 1059 εὐ-

355 1093 635 1162 εργεσίας,
669 1095 902 1158 πολλοὺς
931 1095 988 1148 δὲ
1023 1095 1254 1148 καὶτῶν
1299 1095 1502 1160 λύκων,
1542 1097 1638 1150 καὶ
1673 1097 1816 1149 κατά
1839 1114 1932 1166 μι-

356 1185 486 1254 κρὸν
516 1187 746 1250 πάντας,
784 1189 1306 1255 μετασκευαζούσας
1337 1191 1418 1252 είς
1451 1187 1648 1259 ἄρνας.
1689 1189 1801 1242 Καὶ
1836 1179 1944 1242 οὐ-¹

2042 556 2380 618 aperuerunt
2409 548 2612 617 quibus
2635 546 2842 602 Christi
2876 548 3025 619 gregi
3055 555 3289 602 maxima
3326 559 3620 620 generatur

2042 641 2253 709 latitia,
2292 642 2468 696 multa
2501 650 2792 710 patrantur
2824 641 3116 707 beneﬁcia,
3157 643 3314 696 multi
3353 657 3417 697 ex
3449 643 3616 712 lupis,
3674 659 3682 668 ·

2043 749 2148 788 ntst.
2181 719 2396 798 omnes,
2425 733 2479 787 in
2510 747 2641 788 oves
2666 734 2922 788 conversi
2955 735 3194 788 fuerunt.
3223 733 3286 787 Et
3315 735 3395 789 sic
3419 733 3619 788 inferni

2040 836 2229 893 portae,
2261 841 2360 881 seu
2401 826 2617 880 illorum
2647 841 2742 879 ora
2774 833 3132 895 tyrannorum
3164 827 3440 882 morsibus
3498 826 3618 881 suis

2037 916 2336 970 lethalibus
2387 915 2641 970 Ecclesiae
2673 914 2902 978 Christi,
2957 916 3101 970 licct'
3131 918 3404 971 morsibus
3452 933 3619 986 expu-

2042 1005 2184 1071 sitae,
2222 1021 2326 1061 non
2362 1007 2522 1060 modo
2557 1021 2664 1060 non
2698 1007 3017 1075 praevalent,
3047 1007 3141 1061 sed
3176 1008 3400 1077 insuper
3420 1019 3618 1078 praeter

2044 1099 2326 1153 cwlestem
2381 1107 2435 1152 et
2464 1109 2722 1152 aeternam
2768 1098 2995 1166 gloriam
3036 1099 3365 1167 patientibus
3391 1103 3618 1171 gloriam

2044 1191 2100 1244 in
2133 1190 2292 1244 terris
2325 1189 2656 1259 largiuntur.

356 1295 463 1341 τως
498 1279 555 1329 αί
578 1279 742 1332 πύλαι
772 1280 866 1332 τοῦ
894 1279 1043 1350 ᾅδου,
1065 1279 1268 1344 αἵτινές
1297 1281 1403 1332 είσι
1429 1281 1498 1334 τὰ
1513 1281 1622 1334 τῶν
1647 1283 1928 1350 τυράννων
1965 1279 2191 1335 ἐκείνων
2226 1281 2475 1352 στόματα
2514 1282 2613 1344 τὰς
2645 1280 3058 1350 Θανατηῳόρους
3125 1281 3432 1352 ἀποφάσεις
3483 1285 3611 1350 rga.

355 1391 548 1443 γοντα,
578 1376 677 1445 τῆς
706 1377 801 1428 τοῦ
838 1373 1074 1445 Χριστοῦ
1131 1376 1480 1447 Ἐκκλησίας,
1538 1375 1720 1431 καίτοι
1778 1375 2154 1447 προκειμένης
2195 1376 2274 1438 είς
2312 1375 2516 1444 δήξεις,
2585 1374 2647 1427 οὐ
2700 1376 2864 1444 μόνον
2907 1374 2966 1426 οὐ
3029 1369 3434 1445 κατισχύουσιν,
3485 1377 3622 1433 ἀλλὰ

359 1470 495 1540 πρὸς
535 1472 599 1540 τῇ
638 1470 875 1540 οὐρανίῳ
903 1469 998 1524 καὶ
1030 1471 1186 1538 ἀϊδίῳ
1229 1472 1354 1542 δόξῃ
1418 1474 1514 1526 καὶ
1543 1475 1644 1544 τὴν
1684 1474 1776 1526 ἐπὶ
1827 1473 1930 1542 γῆς
1969 1471 2126 1538 δόξαν
2160 1471 2482 1540 προξενούσι
2506 1472 2616 1532 τοῖς
2646 1469 2940 1538 πάσχουσι.

429 1563 696 1616 Βούλεσθε
726 1562 947 1616 κάκεῖνο
978 1562 1193 1632 μαθεῖν,
1224 1563 1276 1616 τί
1310 1564 1560 1632 βούλεται
1590 1564 1652 1618 τὸ
1692 1567 1938 1634 σήμερον

359 1654 764 1724 ἀνεγνωσμένον
819 1654 874 1706 ὲν
915 1654 1123 1723 τῷ.τοῦ
1166 1656 1370 1726 Κυρίου
1430 1656 1749 1726 Εὐαγγελίῳ
1801 1655 1938 1725 πρὸς

357 1749 484 1809 τοὺς
533 1745 626 1800 ὑπ’
671 1744 838 1798 αὐτοῦ
884 1747 1272 1815 πεμπομένους
1321 1749 1380 1801 ἐν
1423 1748 1574 1818 μέσῳ
1605 1751 1712 1802 τῶν
1759 1748 1939 1802 λύκων

361 1836 748 1907 παράγγελμα,
796 1837 1016 1890 Γίνεσθε
1062 1839 1352 1908 φρόνιμοι,
1401 1839 1476 1902 ὡς
1522 1841 1569 1893 οἱ
1613 1840 1786 1907 ὄφεις,
1840 1842 1936 1894 καὶ

2126 1559 2302 1616 Vultis
2339 1576 2482 1616 nunc
2512 1559 2726 1614 discere
2771 1559 2904 1627 quid
2939 1558 3068 1612 velit
3108 1557 3234 1611 illttd
3283 1560 3440 1615 hodie
3485 1576 3623 1631 prae-

2039 1653 2280 1708 dicatum
2305 1655 2356 1707 in
2384 1652 2678 1722 Evangelio
2706 1650 2919 1704 Domini
2953 1651 3015 1705 ad
3044 1651 3348 1720 apostolos:
3374 1671 3391 1703 ι
3427 1652 3615 1709 Estote

2038 1745 2338 1816 prudentes
2372 1745 2513 1800 sicut
2556 1751 2861 1813 serpentes,
2912 1752 2964 1797 ct
3016 1742 3290 1812 simplices
3332 1744 3482 1799 sicut
3524 1763 3620 1798 co-

2038 1837 2238 1903 lumbge
2263 1835 2354 1889 ⁵ίῖ
2387 1853 2406 1886 ι
2449 1835 2613 1889 Vacat
2667 1849 2892 1902 serpens
2928 1849 3040 1886 sua:
3088 1833 3467 1897 lntOllltltllall,
3498 1836 3620 1890 aliis

361 1932 630 2002 ἀκέραιοι,
655 1930 729 1992 ὡς
759 1930 815 1982 αί
841 1931 1196 2000 περιστεραί;
1229 1930 1564 1993 Φυλακτικός
1587 1933 1734 1986 ἐστιν
1761 1935 1788 1986 6
1813 1932 1935 2000 ὄφις

2047 1939 2227 1985 autem
2266 1941 2450 1994 nocet,
2475 1929 2702 1984 ultionis
2725 1927 3019 1994 damnique
3053 1928 3288 1996 cupidus
3314 1929 3623 1996 impetuosc

365 2021 583 2086 ἑαυτοῦ,
602 2022 740 2075 ἀλλά
767 2022 863 2074 καὶ
883 2022 945 2074 λυ
957 2023 1218 2090 μαντικὸς
1247 2023 1475 2094 ἐτέρων,
1507 2024 1818 2097 ἀμυντικὴν
1841 2028 1935 2080 καὶ

363 2113 658 2168 κακοποιὸν
687 2113 826 2183 έχων
842 2114 1018 2184 ὁρμὴν
1045 2115 1136 2168 καὶ
1153 2115 1405 2184 δύναμιν.
1438 2117 1504 2170 Ἦ
1529 2117 1587 2171 δὲ
1612 2121 1934 2189 περιστερὰ,

364 2208 569 2271 ἀκακός
609 2208 725 2262 ὲστι
760 2208 854 2261 καὶ
897 2190 1234 2278 ἀφύλακτος.
1276 2211 1652 2279 Παραγγέλλει
1687 2210 1783 2265 οὐν
1823 2215 1938 2278 τοῖς

363 2301 588 2366 οἰκείοις
617 2304 644 2354 6
681 2302 907 2374 Κύριος,
945 2303 1088 2372 μήτε
1117 2303 1446 2366 κακοποιούς
1479 2298 1620 2357 εἶναι
1646 2305 1786 2358 κατά
1810 2284 1938 2370 τοὺς

363 2397 536 2466 ὄφεις,
563 2397 698 2466 μήτε
715 2395 1058 2462 ἀφυλάκτους
1081 2395 1222 2448 κατά
1238 2396 1335 2458 τὰς
1357 2399 1704 2467 περιστερὰς,
1729 2398 1863 2452 ἀλλά
1879 2399 1939 2452 τὸ

363 2488 694 2557 φυλακτικὸν
715 2487 792 2558 τῷ
808 2487 1076 2557 νουνεχῶς
1093 2488 1286 2558 ἀκάκῳ
1311 2491 1544 2554 συνετῶς
1569 2490 1936 2560 συνάψαντας,

365 2582 716 2644 ὲνστατικούς
744 2582 842 2650 μὲν
873 2578 1012 2636 εἶναι
1040 2582 1176 2651 πρὸς
1207 2581 1458 2654 φυλακὴν
1485 2584 1584 2654 τῆς
1615 2585 1821 2647 οίκεί›ς
1844 2585 1938 2639 καὶ

365 2671 649 2735 εὐσεϐείας
673 2673 769 2725 καὶ
801 2672 1025 2742 ἀρετῆς,
1057 2672 1280 2737 ἀκάκως
1305 2674 1360 2727 δὲ
1392 2673 1526 2744 πρὸς
1554 2675 1680 2737 τοὺς
1708 2676 1941 2745 ἐπηρεά-

367 2766 558 2830 ζοντας
577 2765 720 2834 ἔχειν
750 2767 844 2818 ἐπὶ
875 2765 1132 2819 τοσοῦτον
1162 2766 1236 2830 ὡς
1269 2768 1362 2820 καὶ
1391 2767 1794 2838 ὐπερεύχεσθαι
1817 2768 1940 2820 τού-

365 2876 496 2912 των.
540 2858 696 2911 Οὐτω
725 2857 830 2929 γὰρ
867 2859 961 2911 καλ⁴
992 2858 1177 2921 αὐτοῖς
1206 2862 1321 2922 τοῖς
1356 2859 1460 2912 ὐπδ
1492 2859 1586 2913 τοῦ
1617 2861 1810 2930 νοητοῦ
1843 2859 1942 2913 Θα-

369 2948 690 3003 νατωθεῖσιν
719 2947 896 3016 ὄφεως
935 2948 1072 3019 ίαμα
1102 2949 1422 3018 γενήσονται
1461 2950 1597 3022 πρὸς
1625 2951 1794 3021 ζωήν.
1827 2953 1942 3006 Κα-

367 3041 547 3112 θάπερ
588 3041 696 3111 γὰρ
731 3040 830 3110 τὴν
879 3042 1060 3112 σάρκα
1105 3039 1202 3095 τοῦ
1250 3042 1427 3110 ὄφεως
1480 3043 1531 3094 οἱ
1576 3042 1686 3096 τῶν
1739 3044 1940 3114 ἰατρῶν

373 3133 560 3197 παῖδες
589 3132 980 3200 ἀπολαϐόντες,
1012 3135 1106 3188 καὶ
1139 3132 1233 3186 τοῦ
1270 3132 1457 3197 ίώδους
1489 3135 1942 3206 ἀποκαθάραντες

367 3227 462 3281 καί
500 3243 642 3280 τισιν
676 3225 933 3293 ἐδέσμασι
971 3226 1246 3296 μίξαντες,
1279 3224 1368 3279 διὰ
1404 3225 1610 3295 ταύτης
1643 3227 1772 3290 τοὺς
1795 3229 1942 3297 ὀφιο-

2042 2023 2223 2079 irruit.
2288 2023 2549 2077 Coluntba
2608 2034 2733 2074 vero
2822 2019 2953 2073 vivit
3003 2019 3237 2074 innocua
3293 2035 3391 2074 nec
3465 2037 3620 2076 suam

2039 2127 2197 2170 curat
2230 2115 2488 2170 salutem.
2559 2111 2701 2166 Suos
2761 2125 2891 2178 ergo
2943 2112 3190 2165 hortatur
3249 2111 3510 2166 Dominus
3563 2121 3617 2166 ut

2041 2221 2142 2260 nec
2179 2205 2324 2258 sicut
2358 2210 2642 2272 serpentes
2677 2201 2789 2255 sint
2829 2201 3070 2264 exitiosi,
3099 2214 3201 2254 nec
3236 2200 3618 2256 columbarum

2040 2311 2192 2352 more
2227 2295 2312 2350 sui
2348 2294 2620 2364 negligant
2655 2291 2986 2355 custodiam,
3020 2292 3112 2346 sed
3146 2305 3363 2360 semper
3394 2292 3534 2346 inter
3560 2307 3622 2348 se

2041 2389 2228 2443 mixtis
2260 2385 2537 2455 serpentis
2576 2383 2859 2452 vigilantia
2905 2391 2960 2436 et
3001 2383 3235 2450 sapienti
3285 2383 3618 2448 innocentia,

2039 2478 2262 2534 adstent
2294 2476 2348 2529 in
2380 2474 2686 2529 custodiam
2718 2487 2831 2527 suae
2879 2471 3094 2541 pictatis
3123 2481 3176 2526 et
3211 2471 3426 2527 virtutis
3464 2482 3517 2526 et
3549 2473 3624 2525 si-

2039 2571 2156 2625 mul
2219 2569 2293 2624 ita
2358 2581 2488 2637 erga
2539 2576 2926 2636 persecutores
2982 2575 3238 2643 maneant
3292 2565 3512 2618 innocui
3561 2573 3623 2620 ut

2040 2661 2204 2714 etiam
2247 2675 2345 2729 pro
2395 2657 2530 2728 ipsis
2584 2665 2763 2710 orent.
2805 2654 2894 2710 Sic
2942 2656 3086 2709 enim
3139 2663 3192 2709 et
3227 2655 3358 2724 ipsis
3394 2670 3422 2709 a
3456 2655 3623 2725 spiri-

2041 2752 2176 2807 tuali
2219 2761 2471 2820 serpente
2511 2749 2790 2819 percussis
2844 2745 3114 2800 medicina
3152 2746 3280 2799 ﬁent
3329 2747 3381 2800 itt
3433 2747 3621 2800 vitam.

2041 2843 2177 2896 Nam
2213 2841 2440 2912 perinde
2487 2855 2550 2894 ac
2584 2850 2803 2908 sumpta
2842 2839 3116 2906 serpentis
3165 2853 3332 2892 carne
3379 2838 3620 2893 medico.

2045 2949 2167 2989 rum
2208 2933 2360 3003 pueri
2396 2941 2629 3002 purgato
2662 2931 2828 3000 hujus
2867 2945 3099 2994 veneno,
3132 2945 3196 2982 ex
3230 2943 3290 2982 ea
3327 2944 3488 2997 quam
3522 2945 3625 2997 pu-

2045 3028 2122 3082 ris
2163 3027 2398 3080 miscent
2427 3025 2567 3079 cibis
2619 3029 2939 3093 serpentum
2993 3035 3213 3076 morsus
3265 3029 3494 3084 sanant,
3549 3021 3624 3076 ita

2044 3121 2136 3191 qui
2172 3119 2506 3190 vigilantiam
2553 3127 2606 3171 et
2641 3115 2988 3186 prudentiam
3031 3113 3323 3183 serpentis,
3374 3122 3624 3183 tempore

2047 3213 2406 3276 tentationis,
2460 3211 2789 3265 innocentia:
2837 3208 3106 3261 columba:
3155 3217 3454 3275 temperat,
3515 3219 3622 3258 non

367 3321 596 3392 δήκτους
639 3319 822 3373 ίῶνται
843 3359 858 3383 ,
885 3317 1028 3372 οὕτω
1056 3318 1149 3371 καὶ
1177 3320 1204 3372 ὁ
1238 3318 1296 3371 τὸ
1327 3317 1422 3370 τοῦ
1453 3319 1631 3388 ὄφεως
1678 3321 1942 3391 φρόνιμον

2057 3315 2264 3360 tantum
2299 3303 2652 3373 semetipsum
2677 3302 2944 3371 serpentis
2973 3301 3204 3364 ntorsui,
3237 3300 3290 3354 id
3320 3308 3399 3352 est
3425 3297 3628 3352 diaboli

369 3416 463 3468 καὶ
497 3411 830 3481 φυλακτικδν
879 3412 936 3463 ἐν
967 3411 1148 3482 καιρῷ
1179 3413 1506 3483 πειρασμῶν
1540 3415 1604 3481 τῇ
1649 3411 1751 3482 τῆς
1785 3430 1943 3481 περι-

369 3507 564 3576 στερᾶς
597 3504 806 3574 ἀκακία
840 3504 1080 3572 κεράσας
1109 3505 1207 3576 οὐχ
1243 3505 1439 3558 ἑαυτὸν
1473 3505 1635 3574 μόνον
1669 3505 1944 3574 ἀνώτερον

369 3601 467 3667 τῆς
495 3599 558 3649 ὲκ
583 3596 678 3649 τοῦ
703 3595 878 3664 ὄφεως
911 3595 1114 3666 βλάϐης
1152 3599 1444 3665 πεποίηκε,
1476 3596 1723 3666 δηλονότι
1746 3597 1845 3667 τῆς
1879 3601 1942 3650 ἐκ

368 3687 466 3741 τοῦ
506 3687 753 3742 διαϐόλου
792 3686 1030 3758 ἀπάτης,
1069 3687 1203 3742 ἀλλά
1246 3688 1338 3740 καὶ
1378 3689 1502 3752 τούς
1542 3687 1899 3757 ὀφιοδήκτους
1923 3727 1939 3754 ,

367 3779 636 3843 τουτέστι,
678 3778 803 3843 τοὺς
828 3777 1281 3848 πεπλανημένους
1317 3779 1485 3843 ἰᾶται,
1521 3779 1818 3851 καπργῶν
1845 3780 1944 3850 τὴν

371 3870 569 3926 κακίαν
599 3869 693 3924 τοῦ
724 3869 920 3939 ὄφεως,
959 3870 1084 3941 ἥτις
1115 3871 1264 3923 ἐστὶν
1294 3872 1325 3941 ή
1352 3871 1595 3942 ἁμαρτία
1628 3872 1723 3926 καὶ
1754 3874 1784 3942 ’ή
1815 3871 1945 3924 ἀσέ-

371 3963 515 4018 ϐεια.
555 3964 664 4018 Καὶ
700 3964 728 4017 ὁ
766 3963 976 4034 μάρτυς
1032 3964 1218 4034 ὲγγύς,
1248 3965 1275 4016 6
1323 3964 1494 4033 μέγας
1524 3960 1679 4028 οὗτος
1728 3966 1946 4035 μάρτυς

372 4059 702 4128 Δημήτριος.
733 4057 838 4110 Τὸν
867 4057 973 4128 γὰρ
1004 4057 1202 4129 δρόμον
1229 4057 1478 4121 τελέσας,
1505 4058 1601 4111 καὶ
1629 4059 1731 4130 τὴν
1759 4058 1945 4111 πίστιν

369 4149 635 4220 τηρήσας,
680 4149 774 4203 καὶ
814 4150 952 4221 πρὶς
994 4149 1240 4221 φυλακὴν
1282 4151 1382 4218 τῆς
1417 4149 1702 4213 εὐσεϐείας
1749 4151 1943 4213 ἐνστὰς

376 4242 569 4312 μέχρις
609 4241 862 4312 αἵματος,
895 4241 1152 4295 τοσοῦτον
1182 4242 1423 4311 ἀπέσχεν
1454 4241 1768 4312 ἀμύνασθαι
1816 4245 1943 4308 τοὺς

372 4331 802 4403 ἐπηρεάζοντας,
839 4333 922 4387 ὅτι
970 4333 1064 4387 καὶ
1093 4333 1234 4404 ὑπὲρ
1267 4334 1445 4387 αὐτῶν
1477 4334 1776 4404 εὐξάμενος
1807 4337 1944 4405 πρδς

371 4427 462 4481 τὸν
499 4428 721 4499 Κύριον,
753 4427 859 4479 τῶν
879 4425 977 4496 μὲν
1006 4425 1202 4495 ἔστησε
1229 4425 1325 4495 τὴν
1356 4425 1705 4490 κακίαν,τῶν
1727 4425 1782 4478 δὲ
1816 4441 1943 4494 μετ-

371 4517 648 4590 εποίησεν,
683 4517 772 4585 ὡς]
803 4518 938 4588 μηδὲ
974 4515 1232 4584 λείψανον
1290 4511 1434 4568 εἶναι
1472 4519 1538 4584 τῇ
1572 4515 1726 4568 πόλει
1773 4516 1949 4588 ταύτῃ

371 4614 470 4683 τῆς
508 4610 824 4673 δυσσεϐείας
859 4609 1097 4676 ἐκείνης,
1131 4608 1268 4663 ἀλλά
1303 4608 1660 4662 συνίστασθαι
1695 4609 1788 4662 καὶ
1830 4609 1948 4661 δια-

379 4704 562 4774 μένειν
605 4705 705 4772 τὴν
746 4702 923 4765 πόλιν,
965 4704 1022 4755 ὲν
1141 4703 1237 4756 καὶ
1277 4702 1336 4764 EE
1377 4695 1444 4772 ἦς
1478 4705 1504 4755 ὁ
1535 4703 1678 4764 Θεῖος
1737 4701 1950 4771 μάρτυς

377 4797 708 4868 ὑπέστη-τὸν
741 4795 916 4868 βίαιον
948 4796 1201 4857 θάνατον,
1231 4796 1351 4857 ταῖς
1393 4794 1558 4848 αὐτοῦ
1584 4793 1952 4862 πολυτρόποις

375 4887 747 4957 κηδεμονίαις,
799 4885 892 4940 καὶ
913 4885 1248 4941 πολυειδέσιν
1274 4883 1616 4956 εὐεργεσίαις
1636 4927 1651 4951 ,
1687 4885 1784 4938 καὶ
1815 4885 1951 4954 πρὸς

373 4981 466 5034 τὸν
498 4980 628 5033 Θεὸν
653 4979 1022 5042 ἀδιαλείπτοις
1061 4976 1405 5046 πρεσϐείαις.
1441 4979 1505 5032 "O
1535 4978 1630 5030 καὶ
1669 4979 1832 5048 ἡμεῖς
1864 4979 1950 5031 ἐν·

374 5071 715 5142 δεικνύμενοι
765 5070 965 5142 μᾶλλον
1006 5069 1038 5140 ἢ
1087 5069 1479 5140 ἀμειϐόμενοι·
1531 5071 1613 5131 τίς
1656 5067 1764 5136 γὰρ
1817 5069 1949 5138 ἡμῖν

378 5164 532 5231 ίσχύς
583 5161 719 5230 πρὸς
766 5159 1066 5225 ἀντίδοσιν;
1111 5158 1635 5228 πολυπλασιάζομεν
1665 5157 1814 5227 αὐτῷ
1850 5159 1950 5226 τὴν

378 5253 709 5321 πανήγυριν,
735 5249 1016 5312 αἰτοῦντες
1051 5247 1350 5316 ἀξιωθῆναι
1381 5246 1468 5298 διά
1497 5245 1594 5313 τῆς
1619 5243 1783 5298 αὐτοῦ
1813 5243 1950 5315 πρὸς

372 5343 466 5396 τὸν
511 5342 643 5394 Θεὸν
685 5340 916 5404 ἱκεσίας,
948 5340 1045 5392 καὶ
1089 5339 1190 5408 τῆς
1230 5337 1399 5392 ἀϊδίου
1438 5339 1549 5392 τῶν
1591 5337 1952 5408 ἀπογεγραμ-

378 5435 556 5504 μένων
595 5437 651 5486 ὲν
708 5433 960 5502 οὐρανοῖς
989 5429 1374 5500 πανηγύρεως,
1404 5423 1472 5500 ἦς
1503 5429 1715 5498 γένοιτο
1743 5430 1951 5491 πάντας

375 5525 524 5593 ἡμᾶς
564 5525 844 5592 ἐπιτυχεῖν
873 5521 1052 5591 χάριτι
1082 5521 1178 5573 καὶ
1211 5519 1594 5590 φιλανθρωπίᾳ
1625 5520 1718 5573 τοῦ
1745 5519 1952 5590 Κυρίου

2053 3397 2284 3452 fallacia:
2317 3394 2501 3450 reddit
2534 3395 2886 3463 impervium,
2919 3391 3014 3447 sed
3045 3401 3098 3446 et
3128 3390 3476 3460 serpentibus
3511 3388 3630 3442 vul-

2054 3499 2271 3544 neratos
2302 3504 2398 3543 seu
2455 3488 2713 3556 deceptos
2759 3492 2942 3551 sanat,
2990 3483 3147 3537 irrita
3197 3481 3466 3551 serpentis
3513 3496 3631 3535 ma-

2050 3583 2165 3636 litia
2198 3597 2320 3651 qua:
2347 3580 2481 3633 nihil
2513 3589 2593 3633 est
2633 3576 2780 3632 aliud
2815 3591 2877 3631 ac
2918 3575 3171 3644 impietas
3216 3583 3270 3628 et
3317 3582 3628 3642 peccatum.

2055 3674 2148 3728 Sic
2179 3682 2383 3741 martyr
2411 3678 2618 3732 noster,
2651 3669 2733 3724 sic
2777 3683 3013 3737 magnus
3051 3667 3156 3721 iste
3199 3673 3407 3735 martyr
3438 3665 3632 3717 Deme.

2046 3768 2205 3822 tritts.
2241 3765 2477 3820 Cursum
2509 3763 2655 3818 enim
2689 3760 3128 3825 consummavit,
3184 3759 3342 3811 ﬁdem
3389 3757 3630 3812 servavit

2051 3873 2151 3929 pro
2189 3872 2289 3912 sua
2343 3857 2608 3910 servanda
2653 3854 2853 3924 pietate
2905 3850 3106 3906 restitit
3165 3864 3340 3918 usque
3385 3851 3449 3901 atl
3497 3862 3628 3901 san-

2050 3953 2296 4022 guinem,
2325 3958 2378 4004 et
2409 3957 2620 4002 tantum
2653 3945 2832 4001 abfuit
2859 3953 2918 3999 ιιι
2945 3945 3013 3999 de
3043 3945 3159 3998 suis
3187 3941 3631 4013 persecutoribus

2050 4045 2430 4106 ulcisceretur,
2480 4050 2543 4096 ut
2589 4041 2756 4095 etiam
2821 4053 2920 4109 pro
2945 4037 3080 4104 ipsis
3116 4035 3402 4092 Dominum
3433 4034 3630 4102 depre-

2049 4145 2226 4201 catus,
2269 4135 2502 4190 aliorum
2559 4132 2786 4202 quidem
2820 4128 3453 4190 coercueritmalitiam,
3493 4125 3630 4180 alios

2052 4244 2182 4284 vero
2202 4226 2592 4290 immutaverit,
2619 4226 2694 4278 ita
2724 4233 2779 4278 ut
2806 4223 2860 4277 in
2889 4223 2996 4277 ista
3019 4221 3240 4276 civitate
3271 4218 3406 4272 nihil
3439 4232 3632 4286 snper-

2052 4323 2119 4378 sit
2164 4337 2230 4377 ex
2272 4319 2439 4395 veteri
2491 4318 2802 4387 impietate;
2853 4315 3024 4370 multo
3060 4313 3234 4383 magis
3281 4312 3414 4367 urbs
3452 4311 3541 4366 illa
3576 4311 3630 4364 in

2055 4429 2162 4485 qua
2211 4422 2264 4468 et
2313 4429 2376 4467 ex
2433 4427 2539 4480 qua
2581 4409 2797 4463 divinus
2857 4416 3044 4462 noster
3091 4415 3303 4474 martyr
3338 4405 3633 4466 violentam

2054 4507 2318 4564 sustinuit
2351 4520 2565 4568 necem,
2621 4502 2801 4570 magis
2850 4515 2915 4555 ac
2962 4500 3134 4569 magis
3183 4498 3388 4552 ﬁrtnior
3417 4514 3638 4568 perma-

2056 4609 2236 4664 neret,
2277 4597 2668 4667 multiplicium
2705 4595 2827 4665 ejus
2863 4594 3037 4664 gratia
3075 4591 3491 4654 beneﬁciorum,
3523 4605 3633 4646 non

2051 4692 2495 4750 intermissarum
2534 4689 2600 4741 ad
2641 4689 2809 4742 Deum
2850 4685 3322 4756 deprecationum.
3358 4683 3512 4750 Quod
3554 4687 3638 4738 in.

2051 4791 2258 4854 dicare,
2296 4803 2401 4841 non
2431 4799 2788 4840 remunerare
2853 4784 3133 4850 potuimus
3193 4780 3350 4852 (quis
3382 4780 3527 4834 enim
3571 4794 3638 4834 ex

2053 4881 2215 4936 nobis
2246 4879 2312 4934 ad
2359 4876 2774 4932 retribuendutn
2811 4875 3078 4928 idoneus?
3102 4873 3144 4942 ),
3175 4873 3484 4927 encomium
3515 4873 3638 4940 ejus

2057 4974 2511 5044 multiplicamus,
2549 4979 2610 5024 ut
2634 4985 2729 5039 per
2763 4970 2882 5038 ejus
2932 4968 2997 5021 ad
3037 4967 3202 5021 Deum
3239 4968 3521 5022 orationes
3550 4965 3640 5020 dio

2056 5066 2147 5137 gni
2207 5065 2510 5120 eﬁiciamur
2558 5063 2815 5133 perennis
2875 5075 3066 5116 eorum
3129 5075 3362 5128 quorum
3416 5059 3641 5112 nomina

2057 5158 2262 5226 scripta
2303 5169 2429 5212 sunt
2461 5157 2513 5210 in
2559 5155 2712 5210 crelis
2741 5154 3020 5210 societatis
3052 5170 3067 5220 ;
3112 5169 3274 5222 quam
3316 5151 3474 5206 nobis
3509 5166 3644 5205 con-

2058 5250 2214 5319 sequi
2251 5247 2518 5304 concedat
2557 5247 2728 5318 gratia
2781 5255 2836 5302 et
2871 5245 3178 5315 benignitas
3221 5244 3434 5299 Domini
3468 5244 3640 5298 nostri

2057 5340 2186 5398 Jesu
2237 5341 2468 5406 Christi,
2504 5341 2594 5397 cui
2630 5341 2831 5411 gloria,
2872 5339 3077 5402 virtus,
3112 5339 3284 5392 honor
3316 5347 3368 5391 et
3394 5337 3643 5392 adoratio

2054 5449 2178 5488 cum
2231 5441 2440 5488 mlerno
2487 5433 2609 5502 ejus
2669 5431 2830 5486 Patre
2876 5439 2932 5486 et
2980 5429 3292 5484 viviﬁcante
3337 5427 3540 5496 Spiritu
3588 5429 3644 5482 itt

2055 5526 2254 5582 sarcula
2295 5527 2649 5582 saeculorum.
2701 5525 2897 5580 Amen.

374 5616 532 5683 ἡμῶν
572 5615 747 5684 Ἰησοῦ
798 5612 1059 5682 Χριστοῦ,
1101 5606 1144 5678 ᾧ
1167 5611 1365 5682 πρέπει
1391 5610 1538 5676 δόξα.
1570 5613 1791 5683 κράτος,
1821 5615 1958 5686 τιμὴ
1991 5618 2088 5670 καὶ
2119 5618 2515 5689 προσκύνησις,
2569 5620 2670 5674 σὺν
2700 5617 2778 5687 τῷ
2811 5618 3038 5687 ἀνάρχῳ
3077 5615 3243 5671 αὐτοῦ
3309 5615 3486 5685 Πατρὶ
3551 5595 3646 5670 καὶ

375 5703 454 5774 τῷ
485 5706 735 5774 παναγίῳ
761 5702 1061 5773 Πνεύματι,
1096 5701 1192 5757 νῦν
1211 5702 1305 5757 καὶ
1333 5703 1412 5765 είς
1443 5703 1818 5770 τούςοαίῶνας
1845 5707 1954 5763 τῶν
1989 5707 2225 5765 αἰώνων.
2279 5711 2476 5782 Ἀμήν.

385 5892 425 5922 ⁸⁸
462 5887 650 5945 Matth.
696 5901 754 5952 x,
806 5887 893 5943 16.
