4082 6450
432 321 562 387 Ἰ)ῦὲ

1731 304 2112 367 GBEGORII
2146 303 2469 365 PALABLE

3643 297 3747 362 ἒτῖλθ

456 423 805 502 χαμαιζήλου
836 422 936 490 τῆς
967 420 1315 493 ἀνθρωπείας
1355 418 1571 486 φύσεως
1602 414 2044 485 ἀναμιμνήσκων
2079 420 2120 473 Α
2152 415 2306 466 θεῖσαι
2349 412 2664 482 γινώσκεις,
2701 411 2959 480 πρόσεστί
2995 428 3085 481 μοι
3121 411 3181 464 τὸ
3217 411 3283 465 τά
3332 411 3564 466 τοιαῦτα
3609 412 3746 481 πρὸς

455 523 667 596 ἠρέμα,
697 515 766 593 ἧς
792 516 889 571 καὶ
919 515 1104 582 αὐτὸς,
1132 513 1322 583 φησὶν,
1353 509 1429 564 ὣν
1452 510 1624 582 δήπου
1652 508 1966 575 τυγχάνεις,
1999 505 2048 556 εί

457 617 553 671 καὶ
588 614 726 685 πρὸς
756 611 857 682 τὴν
881 609 990 665 τῶν
1025 606 1308 679 ὁμογενῶν
1349 604 1530 675 ἀρχὴν
1562 600 1667 655 ὐπδ
1707 598 1847 653 Θεοῦ
1881 612 2047 666 προε-

427 709 688 780 .6λήθης·
731 707 828 760 καὶ
855 702 1167 764 νουθεσίαις
1204 698 1602 766 εὐαγγελικαῖς
1638 710 1698 747 τε
1727 697 1825 746 καὶ
1850 705 2045 759 πατρι-

456 806 604 867 καῖς,
629 799 724 853 καὶ
744 798 810 868 δὴ
835 797 929 850 καὶ
953 795 1075 859 ταῖς
1099 792 1231 863 παρ’
1257 788 1452 844 ἐαυτοῦ
1480 789 1675 856 σοφαῖς
1698 782 2046 852 είσηγήσεσι,

432 896 552 955 ,καὶ
581 895 702 957 ταῖς
731 891 841 945 τῶν
866 887 1149 957 λογισμῶν
1173 883 1413 955 ἐπῳδαῖς
1444 899 1502 933 τε
1534 881 1632 934 καὶ
1671 874 2048 947 φαρμακείαις

458 988 597 1060 πρὸς
628 985 821 1040 ἐαυτὸν
875 981 1039 1036 αὐτὸν
1096 978 1392 1044 ἐπανάγων
1440 973 1673 1043 ταχέως
1709 969 1769 1031 ὃς
1819 963 2047 1060 καὶτῆς

432 1055 783 1151 ιπαρῤησίας
811 1074 908 1129 καλ⁸
934 1071 1030 1127 τοῦ
1058 1069 1412 1142 φρονήματος
1440 1065 1650 1119 καὶτοῦ
1679 1061 1817 1134 πρὸς
1841 1055 2047 1128 ἀρετὴν

459 1150 797 1244 πεφυκότος,
835 1167 948 1221 οὐδ’
988 1167 1112 1219 ὅσον
1146 1162 1329 1215 εἰπεῖν
1379 1154 1794 1227 ἀποθαυμάζων
1825 1152 1920 1205 τὸν
1955 1150 2051 1204 άν-

456 1270 584 1340 δρα,
617 1262 852 1335 χάριτάς
874 1277 935 1314 τε
981 1256 1228 1329 μεγάλας
1287 1254 1383 1307 καὶ
1434 1251 1536 1322 τῆς
1566 1247 1781 1312 εὐνοίας
1830 1245 1926 1340 καὶ
1951 1245 2051 1314 τῆς

458 1338 728 1431 ὡφελείας
757 1353 1122 1424 ἀνωμολόγει,
1160 1345 1393 1401 καὶτῶν
1442 1344 1722 1413 μεγίστων
1766 1338 1949 1431 τιμῶν
1988 1353 2049 1389 τε

438 1430 555 1511 ,καὶ
587 1451 870 1518 ἀξιώσεων
922 1442 1226 1516 προθύμως
1257 1439 1437 1511 ἠξίου,
1486 1436 1710 1490 πάντων
1761 1434 1819 1486 ἐν
1872 1430 2049 1485 ἀπασι

457 1545 650 1618 σχεδὸν
684 1521 968 1612 προτιθεὶς
1012 1536 1110 1590 καὶ
1137 1533 1323 1587 αὐτῶν
1353 1532 1462 1583 τῶν
1504 1524 1895 1599 προσηκόντων
1926 1520 2048 1618 καθ’

455 1613 624 1708 αἷμα,
680 1634 770 1688 διά
797 1648 862 1701 γε
896 1630 997 1701 τὴν
1043 1629 1144 1698 τῆς
1198 1624 1378 1696 ψυχῆς
1435 1617 1940 1708 καθαρότητα,
1989 1613 2051 1667 τὺ

458 1705 598 1799 πρὸς
640 1724 803 1795 μόνον
828 1720 890 1774 1:0
924 1718 1092 1774 καλὸν
1115 1716 1210 1771 καὶ
1241 1715 1334 1768 τὸν
1364 1712 1500 1766 Θεὸν
1523 1712 1789 1776 ἄντικρυς
1823 1705 2024 1777 βλέπον

2152 508 2282 569 τοὺς
2310 504 2647 575 κρατοῦντας
2674 523 2734 559 τε
2768 507 2863 559 καὶ
2893 506 3164 568 δυνάστας
3192 506 3400 576 ίσχύειν
3428 506 3744 575 περαίνειν,

2154 596 2249 649 τοῦ
2295 597 2434 650 Θεοῦ
2488 598 2709 659 πάντως
2768 597 3187 667 συναιρομένου,
3249 590 3312 650 οὐ
3346 598 3398 649 τί
3429 596 3498 651 ἂν
3534 596 3749 665 γένοιτο

2152 691 2268 751 τοῖς
2297 689 2420 743 νοῦν
2453 689 2637 759 ἔχουσι
2688 693 2975 760 κρεῖττον;
3006 692 3070 747 Εἰ
3097 690 3143 742 δ’
3174 691 3252 752 ὡς
3282 690 3422 764 αὐτή
3464 691 3576 763 φῂς
3606 691 3749 743 ἐκεί-

2154 799 2269 844 νοις
2320 783 2558 852 ἐμαυτὸν
2591 784 2765 854 δοίην,
2824 786 3126 855 χρημάτων
3160 784 3477 853 ’γενόμενος
3527 786 3748 855 ἥττων,

2155 875 2585 947 ζημιωθήσομαι
2650 878 2870 942 πάντως
2920 880 3128 943 ἐκεῖνα,
3187 877 3282 932 καὶ
3315 877 3455 932 Θεοῦ
3486 879 3587 932 καὶ
3638 879 3751 931 τῶν

2154 968 2409 1022 διδόντων
2441 969 2690 1040 συνήθως
2742 971 3175 1038 κατεγνωκότων
3202 972 3297 1026 καὶ
3328 969 3385 1024 τί
3410 970 3516 1038 τῆς
3561 970 3750 1034 ἀνοίας

2155 1058 2367 1128 ταύτης
2421 1059 2488 1112 άν
2545 1076 2677 1113 ποτε
2717 1061 2932 1127 γένοιτο
2962 1063 3176 1131 χεῖρον;
3224 1062 3368 1115 Ἀλλ’
3395 1061 3584 1125 ἄπιθι,
3638 1060 3750 1115 τῶν

2157 1151 2258 1221 μὲν
2310 1151 2458 1205 ίδίων
2491 1151 2632 1221 αὐτὴ
2672 1154 2794 1206 κατ’
2845 1153 3098 1218 ἐξουσίαν
3150 1154 3514 1209 ἀπολαύουσα
3566 1154 3747 1225 μόνη,

2158 1244 2390 1315 μηδενὸς
2420 1245 2771 1315 ἐνοχλοῦντος
2822 1246 2926 1311 ἔτι,
2980 1245 3101 1316 Θεῷ
3127 1247 3185 1300 δέ
3215 1245 3277 1299 τὸ
3310 1248 3420 1300 πᾶν
3452 1246 3557 1316 τῆς
3587 1245 3752 1315 εὐχα-

2159 1336 2377 1407 ριστίας
2420 1336 2764 1402 ἀνατιθεῖσα,
2812 1338 2909 1391 καλ⁸
2955 1338 3103 1409 ἡμᾶς
3155 1338 3349 1408 μόναις
3388 1340 3514 1401 ταῖς
3558 1338 3750 1410 εὐχαῖς

2153 1428 2499 1500 δωρουμένη.

2226 1523 2303 1573 Οὐ
2333 1521 2472 1591 πρὸς
2500 1522 2764 1593 χρήματα
2801 1521 2858 1576 δὲ
2888 1523 3049 1593 μόνον
3081 1522 3178 1576 καὶ
3212 1524 3496 1595 κτήματα,
3531 1524 3630 1576 καὶ
3650 1524 3749 1593 τήν

2152 1614 2308 1668 κάτω
2335 1615 2433 1668 καὶ
2479 1615 2821 1688 παιζομένην
2864 1617 2957 1670 καὶ⁴
3006 1618 3313 1683 παίζουσαν
3346 1618 3474 1679 τοὺς
3517 1618 3750 1679 πολλοὺς

2155 1705 2336 1775 δόξαν,
2371 1692 2516 1761 καθά
2563 1707 2626 1776 δὴ
2678 1711 2773 1761 καὶ
2807 1708 3085 1779 προῦφην,
3123 1708 3260 1762 ἀλλὰ
3309 1708 3404 1762 καὶ
3436 1708 3576 1779 7:90;
3610 1707 3750 1762 αὐτά

449 1798 582 1877 οὐδέ
621 1820 731 1892 γὰρ
754 1818 907 1887 λόγοι
930 1815 992 1869 τὸ
1019 1810 1464 1880 σπουδαζόμενον
1509 1808 1608 1860 καί¹
1640 1803 1925 1875 φιλοτιμία
1964 1819 2046 1865 τις
2082 1798 2123 1821 υ
2155 1802 2223 1855 τὰ
2246 1800 2476 1869 φίλτατα
2511 1801 2573 1854 τὸ
2607 1801 2968 1871 ἀπροσπαθὲς
3021 1798 3391 1856 ἐπεδείκνυτο
3413 1803 3543 1857 καθ’
3579 1803 3753 1871 ὑπερ-

448 1916 555 1970 am.
569 1912 832 1977 ἐπίδειξις
861 1905 931 1979 ἢν
961 1906 1167 1979 ἀρετῆς
1192 1902 1342 1973 αὐτῴ
1365 1901 1509 1955 κατά
1535 1915 1694 1961 τινας
1724 1896 1880 1966 μόνη·
1911 1894 2049 1949 ἀλλά

458 2008 767 2077 πράγματα
795 2002 997 2074 μᾶλλον
1022 1995 1166 2070 ἦσαν
1198 1997 1249 2051 οἱ
1276 1995 1449 2065 λόγοι,
1478 1994 1575 2047 καὶ
1594 1991 1810 2061 καρπὸς
1837 1992 2051 2060 ἀπροσ-

459 2099 695 2164 παθείας
726 2096 863 2168 ὁμοῦ
898 2094 995 2149 καὶ
1023 2108 1130 2163 χρη
1141 2089 1333 2160 μάτων
1360 2089 1458 2143 καλ⁹
1484 2086 1796 2158 λημμάτων
1828 2085 1923 2137 καὶ
1950 2084 2050 2152 τῆς

450 2196 625 2265 ,κενῆς
658 2192 839 2264 δόξης,
885 2188 981 2242 καὶ
1014 2185 1080 2256 δὴ
1112 2184 1209 2237 καί¹
1244 2185 1343 2256 τῆς
1383 2181 1712 2253 θαυμαστῆς
1768 2177 1909 2250 πρὸς
1954 2177 2050 2229 τὸν

457 2289 687 2355 πλησίον
719 2283 966 2353 ἀγάπης.

529 2379 781 2449 Τοσαύτη
820 2378 879 2432 δὲ
926 2377 1023 2432 καὶ
1061 2378 1095 2448 ἡ
1123 2373 1271 2428 κατά
1302 2372 1431 2427 νοῦν
1457 2364 1527 2442 ἦν
1557 2366 1709 2438 αὐτῷ
1736 2365 1921 2436 νῆψις,
1953 2362 2051 2417 καὶ

457 2478 518 2530 1:0
550 2475 687 2546 πρὸς
723 2471 918 2526 ἑαυτόν
952 2488 1010 2522 τε
1048 2468 1145 2522 καὶ
1172 2467 1264 2520 τὸν
1297 2464 1433 2519 Θεδν
1479 2460 1573 2515 διά
1626 2460 1725 2530 τῆς
1773 2456 2051 2529 προσοχῆς

457 2585 522 2624 τε
563 2569 658 2622 καὶ
692 2563 1008 2636 προσευχῆς
1047 2557 1464 2631 ἐπεστράφθαι,
1500 2553 1680 2609 καίτοι
1719 2568 1784 2621 γε
1818 2550 1913 2603 καλ⁹
1952 2548 2051 2619 βα-

461 2661 602 2716 σιλεῖ
647 2659 746 2713 καὶ
805 2655 1094 2725 συγκλήτῳ
1153 2652 1248 2704 καὶ
1290 2652 1403 2712 τοῖς
1458 2644 1725 2707 τοιούτοις
1772 2643 2050 2712 ὁσημέραι

462 2748 702 2811 συνόντι,
731 2745 809 2808 ὡς
843 2743 979 2815 μηδέ
1029 2743 1142 2802 τοῖς
1171 2739 1277 2806 ἐξω
1306 2738 1402 2792 καὶ
1448 2735 1689 2807 μάλιστα
1715 2735 1830 2796 τοῖς
1870 2732 2053 2798 ὀξυτέ-

463 2859 579 2912 ροις
630 2856 691 2893 τε
741 2836 835 2892 καὶ
885 2835 1128 2895 συνετῶς
1157 2832 1217 2885 τὸ
1248 2829 1371 2883 κατ’
1402 2829 1566 2882 αὐτὸν
1607 2826 1949 2896 ἀγνοεῖσθαι.
1993 2824 2051 2878 '0

460 2937 593 3002 γοῦν
627 2932 882 3004 βασιλεὺς
908 2927 1116 3005 ὁμιλῶν
1145 2923 1297 2996 αὐτῷ
1328 2941 1393 2977 πε
1404 2924 1455 2996 ρὶ
1481 2923 1592 2975 τῶν
1617 2920 2047 2992 συμπιπτόντων

458 3027 534 3092 ὡς
575 3026 715 3091 ἔθος,
758 3022 997 3093 ὁπηνίκα
1051 3018 1244 3072 τοῦτον
1299 3014 1494 3069 ἐόλε-πε
1525 3014 1663 3085 7:90;
1691 3014 1864 3085 λήθην
1896 3011 2050 3067 ίόντα

2153 1894 2318 1964 σολὴν
2352 1896 2381 1948 ὁ
2409 1896 2680 1964 γενναῖος,
2738 1895 2834 1948 καὶ
2867 1896 3159 1972 ’φυσικῶνη
3194 1897 3456 1964 ἀναγκῶν
3494 1899 3593 1950 καὶ
3639 1895 3748 1948 τῶν

2155 1988 2368 2042 ἐκεῖθεν
2404 1989 2777 2059 ίσχύροτάτων
2805 1987 3046 2059 δεσμῶν,
3095 1991 3193 2044 καὶ
3241 1992 3341 2060 τῆς
3380 1990 3625 2061 σχέσεως
3658 2007 3749 2056 φι-

2153 2081 2414 2136 λονεικῶν
2445 2081 2523 2145 ὡς
2556 2085 2917 2154 περικρατεῖν
2951 2082 3030 2154 τῷ
3061 2084 3201 2155 πρὸς
3230 2083 3474 2154 Χριστὸν
3510 2082 3744 2153 φίλτρῳ⁶

2152 2173 2277 2228 ὅθεν
2310 2177 2404 2228 καὶ
2437 2175 2577 2247 πρὸς
2606 2176 2716 2229 τῶν
2752 2176 2924 2245 φίλων
2975 2177 3072 2231 καὶ
3127 2179 3410 2246 συγγενῶν
3448 2176 3751 2248 ἐρωτώμε-

2153 2264 2265 2336 νος,
2304 2269 2428 2323 ὅτου
2458 2269 2620 2341 χάριν
2653 2270 2727 2340 μὴ
2760 2271 2853 2323 καί
2889 2270 3053 2331 αὐτὸς
3084 2276 3196 2334 τοῖς
3241 2270 3635 2341 ἀπαλωτέροις
3665 2270 3747 2322 ἔτι

2155 2362 2252 2417 καὶ
2276 2362 2495 2433 νηπίοις
2528 2362 2640 2414 τῶν
2667 2361 2874 2417 παίδων
2906 2363 3003 2417 καὶ
3032 2362 3379 2433 προσφύεται
3416 2364 3607 2416 πυκνά
3657 2363 3753 2416 καὶ

2153 2455 2311 2526 χερσὶ
2362 2455 2458 2508 καὶ
2508 2454 2738 2524 χείλεσι,
2787 2454 2884 2510 καὶ
2937 2456 3218 2527 προσγελᾷ
3272 2457 3367 2509 καὶ
3408 2455 3743 2525 προσπαίζει

2155 2545 2297 2601 κατὰ
2326 2546 2386 2598 τὸ
2421 2546 2670 2616 σχετικὸν
2701 2546 2946 2616 πεφυκὸς
2999 2550 3095 2600 καὶ
3143 2548 3205 2600 τὸ
3236 2546 3421 2600 κοινὸν
3477 2546 3587 2600 τῶν
3639 2560 3743 2598 πα-

2152 2640 2329 2710 τέρων
2362 2638 2503 2702 ἔθος*
2531 2638 2803 2709 Βούλομαι
2842 2640 2961 2710 μὲν,
2989 2639 3167 2708 ἔλεγε,
3198 2640 3292 2693 καλ¹
3326 2639 3494 2703 αὐτὸς
3545 2636 3740 2704 ταῦτα,

2156 2734 2325 2804 φίλοι,
2357 2731 2451 2786 τοῦ
2481 2732 2711 2804 φίλτρου
2758 2734 2855 2787 καλ⁴
2900 2733 3002 2802 τῆς
3034 2734 3252 2803 φύσεως
3300 2733 3571 2798 πολλάκις
3610 2733 3746 2787 ὐπο-

2155 2827 2474 2892 κινούντων,
2508 2825 2608 2896 τὴν
2658 2827 2717 2880 δὲ
2775 2827 3067 2897 συνήθειαν
3102 2827 3382 2893 δεδοικὼς,
3422 2829 3626 2900 μήπως
3656 2825 3747 2879 καὶ

2153 2921 2236 2984 είς
2267 2919 2382 2986 ἕξιν
2418 2935 2508 2988 μοι
2538 2920 2634 2972 τοῦ
2670 2919 2998 2991 πράγματος
3031 2924 3426 2988 καταστάντος,
3446 2922 3592 2975 πάνυ
3621 2919 3745 2971 δυσ-

2155 3015 2333 3084 χερῶς
2370 3029 2432 3066 τε
2496 3014 2594 3066 καὶ
2623 3013 2977 3085 μικροψύχως
3007 3017 3103 3069 καὶ
3148 3015 3282 3070 αὐτὸ
3316 3013 3468 3068 τοῦτ’
3508 3014 3742 3079 ἀναξίως

460 3120 572 3171 ⁶τῶν
621 3116 755 3186 παρ’
809 3112 974 3168 αὐτοῦ
1010 3108 1343 3179 λεγομένων.
1402 3107 1498 3161 καὶ
1546 3107 1676 3178 περὶ
1722 3105 1832 3159 τῶν
1863 3103 2047 3159 αὐτῶν
2076 3106 2249 3170 ϐοτοῦ
2278 3106 2574 3172 δεδωκότος
2604 3108 2741 3162 Θεοῦ
2774 3109 2907 3182 περὶ
2957 3110 3058 3178 τήν
3098 3110 3390 3181 ἀφαίρεσιν
3427 3110 3594 3165 ἐνίων
3624 3108 3740 3162 δια-

462 3208 879 3276 πυνθανόμενον
915 3199 1097 3268 αὖθις,
1129 3201 1157 3255 ὃ
1187 3202 1252 3271 δὴ
1283 3201 1378 3254 καὶ
1415 3200 1517 3254 οὐκ
1553 3198 1798 3261 ἀνεκτῶς
1825 3196 2048 3268 ἔφερεν,

464 3304 674 3374 ἐτέρων
703 3301 762 3352 ἐν
788 3300 908 3360 ταῖς
940 3295 1076 3367 πρὸς
1105 3295 1273 3349 αὐτὸν
1304 3292 1546 3365 ὁμιλίαις
1580 3292 1908 3363 πασχόντων
1936 3289 2051 3342 ἐσθ’

463 3396 577 3457 ὅτε,
628 3389 889 3463 εὐήθειάν
946 3406 1007 3443 τε
1055 3385 1193 3458 ὁμοῦ
1256 3385 1350 3441 καὶ
1395 3384 1758 3441 ἀπαιδευσίαν
1811 3397 2048 3450 καταγι-

463 3479 693 3541 νώσκων
712 3485 968 3549 ἐκείνων,
1011 3478 1155 3535 Ἀλλ’
1188 3480 1215 3534 ό
1235 3476 1722 3546 Παλαμᾶς,ἐλεγε,
1751 3473 1931 3543 νῦνξού
1964 3472 2053 3526 διὰ

465 3578 745 3653 ρᾳθυμίαν
789 3576 916 3631 τινά
964 3575 1060 3629 καὶ
1091 3574 1327 3644 σπουδῆς
1366 3571 1576 3626 ἔνδειαν
1599 3573 1680 3630 είς
1704 3569 1880 3641 λήθην
1917 3563 2050 3640 ἦλθε

464 3674 576 3725 τῶν
607 3670 785 3739 λόγων
808 3710 823 3737 ,
867 3668 1004 3723 ἀλλὰ
1041 3666 1130 3722 διὰ
1181 3665 1425 3736 σπουδὴν
1480 3664 1684 3734 μᾶλλον
1740 3663 1835 3717 καὶ
1888 3659 2051 3731 νῆψιν

465 3765 574 3818 τῶν
609 3762 777 3827 ἔνδον,
835 3760 932 3816 καὶ
972 3759 1035 3813 7:0
1063 3760 1343 3829 προσευχῇ
1376 3759 1472 3811 καὶ
1498 3755 1621 3827 Θεῷ
1653 3757 1755 3826 τὴν
1806 3753 2053 3808 διάνοιαν

467 3856 670 3910 ὡσανεὶ
713 3851 1126 3925 προσηλῶσθαι.
1169 3853 1269 3906 Διά
1303 3849 1477 3904 ταῦτα
1525 3848 1622 3902 καὶ
1652 3848 1823 3901 πᾶσιν
1851 3845 2052 3900 αίδέσι-

471 3965 571 4019 μος
619 3947 719 4014 ὣν,
774 3948 875 4002 καὶ
924 3945 1196 4016 ἄρχοντας
1248 3943 1344 3997 καὶ
1387 3940 1580 4012 κριτὰς
1634 3940 1730 3992 καὶ
1781 3937 2051 4001 δυνάστας

464 4041 601 4111 ὁμοῦ
664 4041 873 4102 πάντας
930 4037 1348 4108 ἀνηρτημένος,
1410 4033 1624 4087 πολλῶν
1673 4031 2050 4101 ἀδικουμένων

465 4133 675 4202 ἀνδρῶν
705 4148 766 4185 τε
811 4130 908 4186 καὶ
952 4128 1235 4200 γυναικῶν
1260 4124 1326 4199 ἦν
1361 4124 1700 4196 προστάτης,
1757 4123 1855 4178 καὶ
1894 4121 2051 4175 πλεί-

468 4244 614 4289 στοις
645 4225 743 4287 τάς
797 4222 1086 4292 συμφορὰς
1119 4219 1243 4272 ἐλυε
1302 4216 1717 4285 καθ’ἑκάστην*
1752 4217 2050 4269 Κωνσταν-

465 4321 599 4390 τίνῳ
632 4316 931 4386 τοιγαροῦν
979 4314 1088 4376 τῶν
1148 4312 1242 4365 τοῦ
1299 4310 1568 4382 βασιλέως
1615 4309 1750 4364 υἱῶν
1791 4309 1869 4380 τῷ
1923 4307 2049 4363 καθ’

466 4410 687 4480 ἡλικίαν
714 4409 976 4477 δευτέρῳ,
1009 4406 1104 4458 καὶ
1129 4404 1196 4475 δὴ
1229 4403 1324 4456 καὶ
1348 4402 1451 4473 τῆς
1480 4402 1766 4474 βασιλικῆς
1792 4402 2047 4468 ἐξουσίας

466 4507 535 4557 τά
563 4500 796 4570 δεύτερα
824 4500 1173 4568 κεκτημένῳ,
1200 4495 1389 4560 κακῶς
1417 4499 1487 4567 τῇ
1516 4495 1746 4566 δυνάμει
1773 4495 1917 4549 κατά
1946 4494 2046 4546 πέ-

463 4595 629 4665 νητός
660 4609 804 4654 τινος
863 4588 1202 4660 χρησαμένῳ
1252 4590 1452 4659 χήρας,
1493 4580 1841 4658 καῖ’ταύτην
1895 4587 2050 4655 παρά

460 4690 650 4742 πᾶσαν
707 4684 866 4754 δίκην
900 4682 1174 4753 χρυσίνων
1228 4681 1568 4753 ἀφελομένου
1611 4683 1963 4753 τριακοσίων,
2023 4682 2051 4733 ό

464 4780 562 4834 τοῦ
588 4778 897 4851 Γρηγορίου
928 4776 1112 4849 πατὴρ
1140 4779 1458 4850 προσελθὼν
1487 4780 1577 4834 καὶ
1602 4779 1923 4849 διαλεχθεὶς,
1959 4776 2053 4828 καὶ

465 4873 578 4926 τῶν
611 4871 707 4925 τοῦ
741 4869 877 4923 Θεοῦ
931 4870 1112 4939 νόμων
1161 4873 1508 4944 ἀναμνήσας,
1544 4873 1635 4925 καὶ
1673 4871 1797 4924 ὅσον
1853 4872 1917 4921 ἐκ
1955 4869 2050 4938 ίνῳ

467 4966 565 5021 καὶ
603 4966 763 5036 δίκης
797 4966 955 5036 μέλει
986 4967 1081 5020 καὶ
1109 4966 1293 5037 νόμων
1326 4965 1422 5018 καὶ
1453 4966 1699 5034 πενήτων
1729 4963 1825 5015 καὶ
1863 4962 2053 5031 χηρῶν

468 5061 543 5122 ὼς
578 5057 818 5122 μάλιστα
867 5057 1228 5128 προστασίας,
1266 5058 1362 5110 καὶ
1409 5057 1478 5109 τά
1510 5054 1873 5126 παραπλήσια
1924 5051 2052 5105 τού-

467 5167 602 5214 τοις,
641 5148 737 5202 καὶ
769 5149 1037 5203 πέπεικεν
1066 5149 1292 5215 εὐθέως,
1329 5144 1423 5201 καὶ
1454 5150 1519 5217 τῇ
1571 5149 1716 5217 χήρᾳ
1758 5145 1867 5197 τῶν
1906 5144 2053 5197 ίδίων

467 5243 674 5310 ἔδειξεν
711 5242 983 5315 ἐκστάντα
1033 5241 1358 5312 προθύμως,
1398 5239 1432 5312 ἢ
1473 5239 1564 5291 καὶ
1612 5239 1706 5291 τὸν
1736 5237 2052 5308 προστάτην

466 5336 566 5405 τῆς
601 5336 924 5406 εὐεργεσίας
948 5335 1315 5406 άμειὸομένη,
1346 5332 1414 5384 τά
1443 5331 1553 5383 τῶν
1599 5330 1900 5400 χρημάτων
1926 5331 2054 5399 ήμί-

469 5448 591 5494 σεα,
626 5429 766 5500 μετὰ
824 5427 1025 5499 πολλῆς
1056 5427 1157 5499 τῆς
1194 5425 1437 5494 σπουδῆς
1468 5426 1563 5478 καὶ
1597 5427 1696 5494 τῆς
1739 5424 2052 5495 προθυμίας

466 5526 769 5594 προσῆγεν.
812 5521 952 5576 Ἀλλ’
1003 5521 1066 5574 οὐ
1109 5521 1289 5584 καλῶς
1339 5518 1450 5573 οὐδ’
1506 5518 1675 5584 ἀξίως
1719 5518 1922 5590 ἀμείϐῃ
1958 5517 2052 5572 τὸν

467 5613 789 5686 εὐεργέτην,
821 5613 1143 5683 ὑποφθάσας
1169 5609 1323 5665 εἶπεν
1354 5612 1582 5674 ἐκεῖνος,
1621 5606 1665 5664 ὧ
1700 5610 1880 5679 γύναι,
1919 5628 2053 5682 προ-

466 5711 630 5777 φάσει
665 5710 909 5779 σμικρᾶς
966 5725 1111 5773 τινος
1162 5708 1375 5778 δωρεᾶς
1414 5705 1521 5759 τῶν
1578 5707 1851 5776 μεγίστων
1909 5707 2052 5759 ἁποέ

466 5799 756 5872 στεροῦσα’
789 5800 884 5855 νῦν
907 5801 1005 5871 μὲν
1044 5800 1171 5871 γὰρ,
1203 5798 1344 5854 καθὰ
1369 5798 1541 5871 δήπου
1572 5801 1664 5854 καὶ
1688 5798 1826 5871 αὐτὴ
1857 5816 2050 5871 πειρα-

2155 3201 2393 3271 τεθείην·
2434 3201 2582 3265 εἰκὸς
2614 3202 2723 3272 γάρ
2754 3219 2908 3266 τινας
2942 3204 3039 3256 καὶ
3066 3203 3357 3273 προθανεῖν
3387 3205 3502 3257 τῶν
3527 3202 3741 3256 οἰκείων

2156 3294 2439 3364 πατέρων,
2471 3294 2670 3365 ἀδήλου
2692 3311 2753 3347 τε
2786 3295 2883 3348 καὶ
2911 3295 3165 3366 ἀορίστου
3192 3296 3289 3366 τῆς
3318 3298 3582 3367 τελευτῆς
3615 3295 3741 3367 ήμῖν

2154 3385 2341 3456 οῦσης,
2374 3388 2474 3456 τῆς
2507 3386 2709 3458 πολλῆς
2745 3387 3036 3458 συνηθείας
3064 3405 3124 3441 τε
3161 3389 3259 3441 καὶ
3284 3389 3474 3457 φιλίας
3504 3387 3735 3459 ἐμαυτὸν

2154 3480 2339 3550 ἐπέχω
2390 3480 2489 3551 τῆς
2522 3483 2659 3550 πρὸς
2688 3480 2818 3544 τοὺς
2848 3483 3068 3551 παῖδας,
3101 3483 3177 3548 ὡς
3206 3483 3275 3538 ἂν
3305 3483 3400 3537 τοῦ
3428 3480 3736 3555 χιορισμοῦ,

2153 3569 2289 3624 Θεοῦ
2319 3569 2519 3642 δηλαδὴ
2553 3570 2892 3639 κελεύοντος,
2955 3574 3301 3641 ἐπιστάντος,
3339 3575 3417 3646 μὴ
3458 3577 3634 3644 πάντη
3672 3589 3734 3643 γε

2154 3662 2541 3734 ἀπαράσκευος
2581 3663 2675 3717 καὶ
2721 3664 3011 3733 ἀνέτοιμός
3044 3684 3129 3730 τις
3175 3668 3424 3741 ὀφθείην,
3465 3670 3559 3724 καὶ
3590 3669 3736 3738 φιλόσ-

2155 3757 2344 3827 παιςῆ
2387 3756 2634 3826 φιλόθεος
2688 3758 2912 3828 μᾶλλον·
2951 3759 3166 3830 ἀνάγκη
3202 3763 3295 3814 καὶ
3345 3763 3460 3833 γὰρ
3523 3763 3737 3821 πάντως

2153 3850 2234 3920 τῷ
2264 3850 2366 3920 μὲν
2397 3849 2620 3919 μεγέθει
2649 3851 2742 3903 τοῦ
2775 3852 3002 3921 φίλτρου
3034 3854 3131 3906 καὶ
3166 3854 3227 3907 τὸ
3256 3853 3494 3925 μέγεθος
3528 3853 3737 3909 ίσοστά·

2156 3959 2271 3996 σιον
2302 3944 2745 4014 ἐπακολουθῆσαι
2783 3947 2881 4015 τῆς
2914 3945 3114 4016 λύπης’
3170 3947 3247 4019 τῷ
3298 3949 3354 4003 δὲ
3409 3948 3631 4021 σφοδρῷ
3677 3964 3735 4001 τε

2155 4038 2253 4091 καὶ
2291 4037 2583 4108 ἁκαθέκτφ
2615 4038 2714 4107 τῆς
2748 4038 2929 4110 λύπης
2955 4041 2983 4093 δ
3004 4040 3253 4106 κίνδυνος
3284 4042 3482 4096 ἕπεται
3510 4044 3618 4098 τῶν
3639 4040 3737 4106 τῆς

2154 4128 2472 4200 ἀχαριστίας
2502 4128 2676 4195 λόγων
2708 4145 2767 4181 τε
2803 4131 2898 4183 καὶ
2938 4133 3317 4203 πραγμάτων,
3358 4134 3393 4187 ἃ
3427 4136 3516 4199 τίς
3541 4134 3608 4188 ἂν
3639 4132 3734 4186 οὐκ

2155 4221 2458 4286 ἀπεύξαιτο
2492 4227 2587 4275 σὺν
2623 4221 2792 4292 πολλῇ
2822 4227 2888 4296 τῇ
2926 4227 3132 4297 σπουδῇ
3181 4228 3293 4281 τῶν
3319 4229 3571 4284 εὐσεϐεῖν
3610 4227 3735 4297 άληο

2156 4316 2262 4378 θῶς
2317 4315 2697 4386 βουλομένων;
2751 4318 2787 4373 ἀ
2840 4319 2903 4391 δὴ
2957 4322 3055 4374 καὶ
3120 4326 3449 4393 πράγμασιν
3500 4322 3736 4385 αὐτοίςὸ

2154 4408 2396 4479 ἀψευδὴς
2435 4411 2645 4474 ἐκεῖνος
2699 4411 2870 4475 δντως
2929 4412 3220 4486 ἄνθρωπος
3277 4417 3368 4470 τοῦ
3414 4417 3553 4473 Θεοῦ
3588 4418 3641 4471 ἐν
3673 4431 3734 4484 γε

2158 4503 2236 4571 τῷ
2273 4502 2368 4555 τοῦ
2401 4502 2597 4570 καιροῦ
2649 4506 2995 4575 παραστάντι
3052 4510 3238 4573 καλῶς
3296 4512 3577 4567 ἐϐεϐαίου.
3618 4509 3736 4566 Τῶν

2157 4594 2267 4662 γάρ
2297 4593 2508 4648 παίδων
2538 4596 2657 4659 ἑνός
2688 4615 2832 4660 τινος
2866 4600 3017 4671 αὐτῷ
3052 4602 3194 4673 νόσῳ
3245 4604 3605 4674 συσχεθέντος
3643 4601 3738 4673 βα·

2157 4686 2302 4757 ρείᾳ,
2339 4687 2434 4740 καὶ
2468 4687 2604 4757 πρὸς
2639 4688 2736 4761 τήν
2781 4689 2957 4755 ἔξοδον
2992 4694 3085 4745 καὶ
3119 4711 3218 4766 την
3265 4697 3576 4764 ἀναγκαίαν
3613 4710 3737 4765 πριι-

2158 4778 2389 4847 θεσμίαν
2443 4780 2633 4846 ίόντος,
2682 4784 2788 4853 πρὸ
2844 4785 2944 4854 μὲν
2994 4786 3096 4855 τῆς
3147 4788 3404 4857 τελευτῆς
3447 4790 3615 4853 πολύς
3654 4800 3733 4840 τις

2156 4866 2224 4943 ῆν
2251 4872 2346 4925 τοῦ
2381 4871 2517 4925 Θεοῦ
2557 4874 2835 4944 δεόμενος,
2892 4881 2989 4930 καὶ
3038 4879 3116 4949 τῷ
3162 4883 3408 4954 μεγίστῳ
3462 4881 3732 4954 φαρμάκῳ

2154 4964 2258 5034 τῆς
2280 4966 2445 5036 εὐχῆς,
2479 4965 2620 5038 ὐπέρ
2648 4969 2860 5023 ἐκείνου
2908 4972 3111 5041 νοερῶς
3142 4973 3279 5043 ὁμοῦ
3320 4992 3378 5027 τε
3406 4978 3501 5030 καὶ
3536 4972 3728 5041 αἰσθη-

2157 5059 2268 5123 τῶς
2290 5060 2595 5130 χρὼμενος·
2628 5062 2752 5116 ἐπεὶ
2780 5061 2837 5117 δὲ
2864 5065 3246 5119 καταλύσαντα
3280 5068 3379 5138 τήν
3423 5069 3570 5139 ζωὴν
3602 5059 3728 5129 εἶδε,

2158 5151 2418 5221 καὶπρὸς
2444 5153 2543 5222 τὴν
2589 5152 2854 5224 ἀληθινὴν
2892 5155 2969 5223 τῷ
3016 5155 3131 5210 ὄντι
3170 5157 3318 5228 ζωὴν
3351 5161 3602 5220 ἀπιόντα,
3632 5155 3726 5223 τῆς

2158 5244 2518 5314 εὐχαριστίας
2552 5245 2651 5315 τῆς
2701 5246 2839 5316 πρὸς
2863 5245 3009 5301 Θεὸν
3032 5249 3196 5313 εὐθὺς
3242 5250 3364 5314 ὅλος
3395 5246 3464 5324 ἦν
3504 5250 3595 5305 καὶ
3627 5245 3727 5300 τῶν

2158 5334 2365 5406 ὕμνων,
2397 5336 2464 5389 τὰ
2523 5339 2616 5391 ἐπὶ
2670 5338 2749 5409 τῷ
2798 5341 2953 5393 παιδὶ
3010 5341 3403 5414 τελευτήσαντι
3452 5343 3619 5398 πάλαι
3653 5334 3726 5404 τῷ

2160 5428 2382 5496 μεγάλῳ
2407 5429 2573 5482 Δαϐὶδ
2601 5431 2976 5501 πεπραγμένα
3007 5435 3099 5486 καὶ
3128 5434 3293 5498 αὐτὸς
3324 5433 3728 5503 ἐνδεικνύμενος

2155 5520 2441 5590 ἄντικρυς,
2497 5522 2590 5575 καὶ
2621 5523 2926 5593 πράγματα
2982 5525 3107 5590 τοὺς
3140 5527 3339 5593 ἑαυτοῦ
3388 5525 3602 5587 δεικνὺς
3643 5516 3726 5571 λό’

2155 5629 2325 5681 γους,
2375 5612 2402 5667 ὃ
2453 5614 2516 5684 δὴ
2557 5618 2651 5669 καὶ
2701 5616 2877 5670 εἰπὼν
2917 5617 3112 5690 ἔφθην,
3161 5622 3236 5686 ὡς
3280 5624 3377 5679 καὶ
3421 5626 3549 5686 τοὺς
3594 5616 3722 5688 πρὸς

2155 5706 2514 5776 παραμυθίαν
2544 5712 2993 5778 παραγεγονότας
3042 5713 3152 5766 τῶν
3212 5715 3382 5784 φίλων
3432 5716 3590 5778 αὐτὸς
3632 5705 3721 5761 καὶ

2157 5799 2665 5870 παραμυθήσασθαι
2698 5803 2925 5873 μᾶλλον,
2961 5807 3055 5860 καί
3086 5807 3154 5861 τά
3184 5811 3371 5862 εἰκότα
3404 5809 3627 5873 διδάξαι.
