4082 6410
357 287 458 350 5:37

1315 286 1718 346 ENCOMIUM
1774 271 1991 342 AUCT.
2039 281 2476 341 ιιιῐιιοτιιιεςῑ)
2519 283 2627 340 cr.

3499 289 3601 349 558

434 399 586 462 Ἐνδς
632 400 664 471 ἧ
709 399 854 453 δυοῖν
905 400 1014 454 τῶν
1077 399 1215 452 κατὰ
1263 402 1388 462 τοὺς
1440 399 1789 469 θαυμαστοὺς
1829 397 1923 449 τοῦ
1955 392 2136 457 Ατῶν
2188 393 2333 461 όρῶν
2386 395 2627 446 κάκεῖνοι
2681 396 2774 447 καὶ
2828 395 2921 466 τῆ.
2966 398 3156 467 ξηρᾶς,
3193 400 3266 461 ὡς
3317 401 3451 469 μηδέ
3506 402 3602 452 τοῦ

358 490 594 559 μεγάλου
640 490 884 558 πατέρας
929 489 1008 541 ἔτι
1058 490 1339 559 μνησθεὶς,
1378 491 1465 543 ἐπ’
1509 491 1671 543 αὑτὸν
1713 492 1919 542 ἐκεῖνον

353 581 450 633 καὶ
485 581 548 650 δὴ
581 579 895 649 βαδιοῦμαι,
925 581 1033 632 τῶν
1063 581 1239 634 ἄλλων
1283 585 1395 645 τοῖς
1439 582 1605 636 εἰδόσι
1660 598 1920 650 παραχω-

358 670 554 739 ρήσας.
589 669 922 738 Σπούδασμα
963 671 1240 747 καὶτοῦτο
1275 672 1383 725 τῶν
1415 672 1720 742 Γρηγορίου
1753 675 1923 724 πατέ-

359 778 488 830 ρων,
547 761 606 812 τδ
659 762 735 831 μὴ
785 763 946 830 μόνον
997 763 1194 823 αὐτούς
1241 781 1384 832 φημι
1436 765 1776 833 μοναζόντων
1829 766 1922 816 καὶ

353 852 697 906 διδασκάλων
759 856 856 906 καὶ
912 855 1164 921 πατέρων
1239 857 1627 922 πνευματικῶν
1682 857 1923 924 ὁμιλίαις

355 947 627 1016 ὁσημέραι
657 947 975 1017 προσέχειν,
1016 948 1150 1001 άλλά
1185 951 1279 1000 καὶ
1308 951 1436 1012 τοὺς
1479 951 1675 1013 παῖδας
1711 949 1923 1016 ἐνάγειν

339 1043 432 1104 ,εἰς
467 1041 527 1094 τὸ
559 1040 688 1092 αὐτὸ
714 1041 866 1092 τοῦτο
896 1042 988 1094 καὶ
1018 1043 1252 1111 ὁδηγεῖν,
1303 1043 1364 1096 ού
1399 1043 1525 1105 τοὺς
1574 1044 1925 1111 ἀκμάζοντας

357 1134 516 1202 μόνον
543 1133 638 1186 καὶ
672 1133 892 1204 ἡλικίας
926 1137 1226 1206 ἡμμένους,
1257 1136 1394 1188 ἀλλὰ
1431 1139 1523 1188 καὶ
1553 1138 1680 1200 τοὺς
1712 1137 1924 1200 ἀτελεῖς

352 1225 456 1284 ἔτι,
501 1226 595 1278 καὶ
624 1209 749 1294 ἄρτι
802 1226 1035 1295 πρώτως
1067 1229 1408 1298 ἀρχομένους
1441 1230 1537 1282 καὶ
1588 1229 1791 1298 λέγειν,
1833 1232 1925 1283 καὶ

355 1317 593 1370 συνιέναι
626 1319 730 1369 τῶν
762 1318 852 1387 ὑφ’
887 1319 1090 1388 ἐτέρων
1121 1320 1322 1388 δηλαδὴ
1359 1321 1496 1390 πρὸς
1528 1321 1728 1385 αὐτοὺς
1773 1323 1928 1389 λεγο-

357 1408 556 1477 μένων,
589 1410 657 1462 ἵν’
689 1409 746 1471 ἐξ
782 1411 952 1480 αὐτῆς
985 1412 1093 1479 τῆς.
1134 1413 1215 1475 εἰς
1264 1411 1356 1466 τὸν
1404 1412 1520 1482 βίον
1555 1414 1762 1466 εἰσόδου
1811 1416 1926 1478 τοῖς

357 1503 525 1573 ἰεροῖς
559 1503 742 1570 λόγοις
773 1505 870 1556 καὶ
901 1507 1020 1567 ταῖς
1048 1505 1431 1569 διδασκαλίαις
1455 1506 1620 1568 εὐθὺς
1643 1508 1924 1560 τυπῶνται

355 1595 450 1646 καὶ
479 1593 818 1647 πλάττωντειι
851 1594 950 1654 τὰς
974 1593 1174 1663 ψυχάς.
1210 1595 1463 1648 Ἀκατίου
1492 1595 1782 1664 τοιγαροῦν
1810 1599 1926 1649 ἐπι-

357 1685 551 1747 ϐάντες
577 1687 902 1758 πανοικεσίᾳ
934 1687 1088 1753 ποτὲ,
1117 1687 1255 1758 πρὸς
1295 1687 1355 1740 τὸ
1389 1687 1566 1757 πέραν
1597 1689 1696 1758 τῆς
1729 1687 1928 1740 θαλάτ-

2032 484 2210 551 μάννα
2257 486 2350 538 καὶ
2381 487 2478 553 τῆς
2511 488 2948 558 δρτυγομήτρας,
2993 494 3086 543 καὶ
3121 493 3230 544 τῶν
3266 493 3602 562 θρυλλουμέ-

2029 589 2133 626 νων
2164 574 2387 626 ἐκείνων
2419 578 2663 629 παλαιῶν
2687 580 2780 630 τοῦ
2803 580 2936 631 Θεοῦ
2972 582 3285 650 θαυμάτων,
3314 585 3405 634 καὶ
3430 587 3604 636 ταῦτα

2028 664 2089 715 τὸ
2131 667 2394 733 παράπαν
2429 667 2806 740 καθυστερεῖν.

2117 759 2206 809 Ἑν
2239 757 2451 821 τούτοις
2481 763 2572 812 καὶ
2626 768 2740 824 τοῖς
2777 764 3040 828 τοιούτοις
3071 767 3145 833 τῷ
3173 769 3342 836 πατρὶ
3390 768 3605 838 θαυμα-

2033 847 2174 910 στῶς
2209 849 2307 919 ἤδη
2347 853 2670 906 καταλύοντι
2720 857 2816 925 τὴν
2876 851 3024 910 κάτω
3082 859 3262 926 ζωὴν,
3322 863 3416 913 καὶ
3463 864 3603 930 πρὸς

2032 939 2128 1005 τὴν
2169 940 2280 1018 ἄνω
2314 959 2371 994 τε
2402 945 2497 995 καὶ
2532 946 2810 1014 μακαρίαν
2842 947 3248 1021 μεθισταμένῳ,
3286 956 3601 1024 κεκραμένῳ

2030 1047 2089 1082 τε
2143 1033 2234 1084 ἐπὶ
2274 1034 2417 1103 τέλει
2471 1039 2563 1090 καὶ
2611 1039 2918 1094 τελεσθέντι
2971 1045 3038 1095 τὰ
3100 1048 3369 1115 μοναχῶν,
3417 1045 3603 1118 ὦνπερ

2032 1119 2151 1171 οὐδὲ
2193 1122 2456 1192 πρότερον
2489 1127 2613 1179 ὅσον
2642 1129 2736 1180 ἐπὶ
2769 1133 2834 1199 τῇ
2889 1131 3133 1204 πολιτεία
3187 1139 3329 1205 φημὶ
3373 1140 3604 1202 καὶτοῖς

2034 1210 2219 1281 ἔργοις
2274 1215 2561 1281 ἀτέλεστος
2613 1216 2770 1290 ἦν,ή
2825 1224 2964 1293 καλὴ
3020 1229 3273 1294 πρόσεισι
3307 1231 3555 1303 Καλλονή
3586 1251 3599 1264 ·

2033 1307 2129 1358 καὶ
2164 1307 2331 1376 ἄμφω
2359 1310 2466 1377 γὰρ
2500 1313 2530 1380 ἡ
2563 1315 2834 1382 όμόζυγος
2861 1318 3023 1369 ταυτὶ
3067 1322 3407 1391 φέρωνύμως
3439 1327 3606 1394 ἐκλή-

2035 1396 2123 1466 θη,
2175 1399 2235 1450 τὸ
2273 1400 2372 1468 μὲν
2421 1405 2563 1458 κατά
2618 1407 2843 1476 κόσμον,
2880 1409 2938 1461 τὸ
2987 1410 3046 1462 δέ
3091 1413 3235 1465 κατά
3292 1419 3560 1487 μοναχούς
3589 1435 3605 1450 ·

2033 1487 2173 1559 αῦτη
2210 1495 2500 1560 τοιγαροῦν
2529 1501 2852 1567 προσιοῦσα,
2886 1502 3013 1554 ἐπεὶ
3041 1505 3099 1555 τὸ
3146 1507 3279 1574 πρὸς
3317 1509 3481 1562 αὐτὸν
3513 1513 3608 1563 εύ-

2037 1580 2195 1646 μενές
2227 1586 2322 1639 καὶ
2345 1589 2441 1654 τὴν
2476 1589 2650 1660 ῥοπὴν
2679 1591 2874 1645 ἓΰλεπε
2908 1595 3001 1646 τοῦ
3037 1599 3388 1665 κρατοῦντος,
3425 1602 3608 1668 ἀξιοῦν

2036 1672 2247 1728 ἐκεῖνον
2283 1677 2474 1746 ἐδεῖτο,
2511 1685 2856 1752 προμηθείας
2906 1687 3090 1740 εἵνεκα
3137 1693 3230 1742 καὶ
3265 1695 3606 1760 προστασίας

352 1797 451 1848 της
482 1779 622 1848 ὑπὲρ
650 1780 719 1832 τὰ
769 1779 1015 1833 Γαλάτου
1052 1781 1307 1850 κείμενον
1341 1781 1767 1852 φροντιστήριον
1797 1781 1929 1850 amt)-
1960 1787 2003 1842 Β
2034 1764 2142 1818 τῶν
2170 1771 2398 1824 παίδων.
2438 1775 2496 1826 Ὀ
2515 1775 2559 1828 δ’
2585 1779 2644 1828 οὐ
2673 1779 2831 1846 μόνον
2861 1781 2920 1832 ού
2957 1783 3272 1852 προσήκατο
3301 1785 3367 1837 τά
3389 1786 3609 1854 λεχθέν-

355 1888 515 1933 γοντο
542 1871 636 1924 τοῦ
671 1871 819 1925 θείου
851 1873 1038 1937 Φωκᾶ,
1073 1871 1149 1942 τῷ
1169 1871 1291 1926 καθ’
1320 1871 1553 1943 ἡσυχίαν
1584 1873 1702 1925 ἐκεῖ
1725 1889 1928 1944 προσε-

354 1960 620 2032 δρεύοντι,
658 1964 1054 2027 σπουδάζοντες
1106 1965 1180 2026 ὡς
1217 1964 1337 2028 ἔθος
1376 1965 1622 2034 ἐντυχεῖν
1682 1967 1924 2036 μοναστῇ

354 2071 413 2106 τε
448 2057 543 2108 καὶ
575 2056 957 2127 πρεσϐυτέρῳ,
994 2055 1214 2126 καὶτῆς
1245 2055 1378 2126 παρ’
1423 2057 1639 2110 ἐκείνου
1677 2056 1933 2111 διδασκα-

361 2147 481 2209 λίας
503 2148 832 2216 ἀπολαῦσαι,
865 2149 958 2202 καὶ
980 2149 1105 2211 τοὺς
1129 2149 1538 2218 πνευματικοὺς
1568 2149 1930 2214 ὑποδέξασθαι

359 2243 561 2303 τύπους
597 2241 817 2302 καὶτὰς
861 2241 1047 2311 εὐχάς.
1087 2242 1197 2295 Καὶ
1228 2241 1407 2294 τοίνυν
1447 2242 1693 2304 ἀνιόντες
1723 2243 1927 2307 ἐκεῖσε,

357 2334 384 2385 6
412 2331 507 2383 τοῦ
535 2330 840 2402 Γρηγορίου
900 2332 1084 2403 πατὴρ
1124 2331 1460 2385 ἐπυνθάνετο
1512 2332 1623 2384 τῶν
1669 2332 1886 2385 οἰκείων
1911 2372 1927 2399 ,

359 2425 408 2477 εἰ
438 2425 545 2477 τῶν
597 2425 732 2494 πρὸς
777 2425 1060 2494 τράπεζαν
1105 2425 1431 2494 ἐπιτηδείων
1485 2425 1838 2495 ἐπιφέρονταί
1878 2442 1929 2478 τι

357 2515 452 2569 τοῦ
490 2515 856 2569 διδασκάλου·
911 2515 1019 2569 τῶν
1068 2515 1111 2568 δ’
1137 2513 1439 2584 εἰρηκότων
1489 2515 1658 2585 μηδέν
1712 2533 1765 2566 τι
1819 2516 1929 2568 τῶν

359 2602 524 2666 ἀξίων
555 2602 696 2673 ἔχειν
747 2601 865 2672 μεθ’
895 2602 1136 2669 ἑαυτῶν,
1193 2603 1300 2654 ὑπὸ
1349 2602 1523 2673 λήθης
1553 2604 1644 2657 καὶ
1675 2605 1929 2675 ἀσχολίας

360 2695 864 2765 συναρπασθέντας,
893 2694 1222 2766 δυσχερᾶναι
1249 2697 1349 2766 μὲν
1379 2696 1471 2749 τὸν
1505 2697 1698 2768 ἄνδρα,
1730 2700 1824 2752 καὶ
1856 2699 1932 2763 ὡς

363 2788 438 2858 μὴ
484 2787 662 2849 καλῶς
699 2788 1055 2858 γεγενημένῳ
1113 2788 1191 2858 τῷ
1240 2789 1529 2859 πράγματι
1582 2789 1926 2858 μέμψασθαι,

359 2881 660 2949 ἀναγαγεῖν
695 2880 751 2932 δέ
781 2880 854 2942 ὡς
887 2879 1010 2943 ἐθος
1059 2881 1255 2951 ἐκείνῳ
1307 2883 1401 2934 καὶ
1453 2880 1612 2934 τοῦτο
1654 2881 1790 2952 πρὸς
1839 2882 1931 2935 τὸν

357 2971 512 3036 Θεὸν,
550 2971 646 3026 καὶ
676 2971 776 3041 τὴν
821 2972 1030 3026 ἐκεῖθεν
1079 2973 1342 3044 χορηγίαν
1398 2973 1756 3036 ἐπεύξασθαι.
1810 2975 1933 3028 Τόδ’

358 3067 418 3118 ού
455 3066 612 3132 λόγος
645 3064 834 3127 ἁπλῶς
862 3060 950 3136 ἦν,
986 3065 1122 3118 ἀλλὰ
1173 3065 1269 3117 καὶ
1327 3065 1716 3135 τετελεσμένον
1767 3066 1931 3136 ἔργον

359 3153 611 3218 ἐξαισίως
627 3171 686 3206 τε
710 3155 803 3206 καὶ
825 3152 1122 3222 ὑπερφυῶς
1147 3153 1288 3224 μετὰ
1311 3151 1489 3223 βραχὺ
1518 3153 1681 3207 πάνυ·
1705 3154 1931 3207 ἀνέπλει

367 3232 467 3318 μὲν
505 3249 615 3319 γὰρ
648 3249 748 3318 τὴν
779 3247 1053 3302 θάλατταν
1081 3247 1112 3316 ἡ
1151 3245 1354 3313 λέμϐος
1384 3247 1609 3316 φέρουσ⁹
1644 3248 1862 3310 αὐτοὺς,
1905 3249 1933 3300 6

364 3339 408 3390 δ’
441 3337 694 3408 ἐμϐαλὼν
722 3338 822 3401 τὰς
850 3341 1039 3408 χεῖρας
1071 3337 1146 3407 τῷ
1177 3336 1409 3406 κύματι,
1449 3338 1541 3391 τὸν
1595 3338 1692 3407 τῆς
1729 3337 1932 3392 θαλάτ-

365 3447 464 3500 της
496 3431 778 3499 Δεσπότην
814 3429 953 3498 μετὰ
985 3429 1221 3492 πίστεως
1254 3427 1439 3499 ἐζήτει
1473 3428 1534 3482 τὸ
1561 3429 1786 3499 θήραμα
1812 3432 1935 3492 ταῖς

364 3521 655 3592 ἀλαλήτοις
686 3519 780 3573 τοῦ
814 3519 906 3574 νοῦ
934 3523 1288 3590 προσευχαῖς.
1343 3516 1456 3573 Εἶτ’
1488 3521 1699 3574 ἐκεῖθεν
1736 3523 1933 3591 μικρὸν

362 3613 667 3681 προϊόντες,
704 3610 749 3664 ὣ
773 3613 871 3682 τῆς
904 3611 1098 3680 καινῆς
1128 3612 1333 3681 θήραςῐ
1368 3610 1413 3664 ὣ
1456 3611 1568 3664 τῶν
1601 3611 1934 3680 θαυμαστῶν

362 3705 540 3775 ἔργων
589 3722 648 3756 τε
699 3705 793 3757 καὶ
847 3702 1134 3772 δυνάμεων
1190 3698 1271 3766 οἷς
1327 3705 1356 3756 ὁ
1395 3703 1616 3756 πάντων
1654 3704 1934 3771 Δεσπότης

361 3799 488 3859 τοὺς
523 3798 762 3859 οἰκείους
819 3795 1164 3866 θεράποντας
1212 3793 1466 3861 δοξάζειί
1513 3796 1612 3866 τὴν
1641 3798 1796 3867 χεῖρα
1829 3795 1935 3849 τῶν

364 3889 575 3943 ὑδάτων
611 3891 638 3942 6
665 3889 852 3952 καινὸς
882 3888 1068 3950 ἁλιεὺς
1104 3887 1370 3957 αἰφνίδιον
1408 3889 1750 3954 ἀνασπάσας,
1799 3888 1936 3940 λαύ-

365 3999 512 4051 ρακα
532 3981 641 4034 τῶν
679 3980 956 4050 μεγίστων
979 3980 1192 4032 ἐκεῖθεν
1219 3981 1436 4047 ἀνάγει,
1460 3982 1555 4034 καὶ
1578 3984 1687 4043 τοῖς
1714 3980 1937 4034 συνοῦσι

365 4072 590 4142 προθεὶς
620 4073 762 4125 κατὰ
804 4072 971 4142 μέσον
996 4070 1088 4124 τοῦ
1136 4071 1387 4136 ἀκατίου,
1438 4070 1593 4136 Ἰδοὺ,
1651 4071 1808 4141 φησὶ,
1842 4073 1938 4125 καὶ

363 4163 400 4230 ἠ
444 4161 823 4230 σχεδιασθεῖσα
853 4163 1006 4232 παρᾶ
1053 4163 1294 4233 Χριστοῦ
1329 4163 1583 4233 τράπεζα
1615 4163 1694 4234 τῷ
1737 4163 1934 4232 Πατρί.

363 4255 429 4307 Ol
463 4254 520 4306 δέ
568 4253 645 4324 τῷ
696 4252 790 4304 τοῦ
837 4255 1166 4323 πράγματος
1210 4253 1433 4324 ἐξαισίῳ
1466 4254 1935 4321 καταπλαγέντες,

367 4350 464 4400 καὶ
499 4346 587 4398 τὸν
620 4346 1039 4416 θαυματουργὸν
1063 4347 1370 4416 ύμνηκότες
1412 4348 1509 4399 σὺν
1547 4347 1746 4416 ἐκείνῳ
1781 4347 1935 4414 Θεὸν,

2032 1875 2121 1952 τα,
2157 1863 2278 1917 οὐδὲ
2305 1865 2412 1919 τῶν
2438 1869 2764 1938 σπλάγχνων
2797 1873 2871 1936 ὡς
2915 1874 3201 1944 ἄνθρωπος
3233 1878 3415 1949 ἥττων
3445 1881 3603 1952 ὤφθη

2032 1951 2143 2006 τῶν
2176 1959 2480 2027 πατρικῶν,
2525 1963 2661 2016 ἀλλὰ
2715 1966 2980 2032 κάκείνην
3021 1968 3216 2032 άνάξια
3266 1972 3358 2024 τοῦ
3396 1975 3607 2042 φρονή-

2038 2059 2210 2112 ματος
2241 2049 2430 2117 ἔλεγεν
2459 2053 2744 2124 εἰρηκέναι
2789 2058 2882 2109 τοῦ
2933 2060 3136 2111 οἰκείου
3169 2059 3264 2112 νῦν
3293 2079 3352 2112 τε
3384 2064 3477 2115 καὶ
3507 2063 3606 2133 τῆς

2033 2137 2098 2189 ἐκ
2126 2140 2316 2204 παιδὸς
2370 2145 2594 2217 ἀρετῆςο
2643 2147 2787 2216 Ἐγὼ
2827 2153 2957 2218 γάρ,
2995 2155 3183 2224 φησὶν,
3235 2157 3295 2208 ού
3337 2158 3448 2220 τοῖς
3485 2160 3607 2212 ἐπι·

2033 2231 2202 2321 γείοις
2227 2236 2321 2286 καὶ
2350 2241 2599 2305 μερικοῖς
2621 2244 2861 2296 τουτοισὶ
2890 2244 3229 2312 βασιλεῦσιν,
3261 2248 3398 2315 ἀλλά
3427 2249 3606 2321 ταύτῃ

2032 2320 2098 2392 δὴ
2133 2325 2199 2393 τῇ
2239 2325 2347 2378 τῶν
2376 2328 2514 2383 ὅλων
2565 2333 2858 2403 Δεσποίνῃ,
2883 2337 2948 2406 τῇ
3006 2338 3176 2408 μητρὶ
3208 2339 3300 2391 τοῦ
3341 2320 3606 2409 βασιλέως

2033 2412 2149 2505 τῶν
2170 2415 2436 2484 οὐρανῶν,
2467 2421 2600 2490 πρδς
2637 2423 2738 2493 τὴν
2764 2427 2952 2479 εἰκόνα
3003 2429 3100 2498 τῆς
3136 2433 3484 2504 Θεομήτορος
3513 2437 3608 2505 δη-

2034 2502 2168 2596 λαδὴ
2199 2505 2414 2574 βλέπων
2467 2513 2764 2584 ἰσταμένην
2797 2518 2946 2586 αὐτῷ
2996 2521 3102 2588 πρὸ
3129 2522 3237 2574 τῶν
3286 2502 3606 2596 ὀφθαλμῶν,

2033 2594 2204 2668 ταύτῃ
2219 2599 2339 2660 τοὺς
2377 2602 2546 2669 ἐμοὺς
2583 2606 2900 2661 καταλείπω
2930 2613 3144 2676 παῖδας.
3174 2617 3282 2668 Καὶ
3313 2619 3412 2672 οὐκ
3439 2621 3604 2689 ἐψεύ·

2035 2683 2135 2755 σθη
2164 2703 2228 2754 γε
2263 2689 2370 2744 τῶν
2402 2691 2638 2747 ἐλπίδων
2674 2700 2700 2750 6
2729 2699 2890 2767 σοφὸς
2917 2701 3090 2766 ὅντως
3125 2707 3353 2770 ἐκεῖνος⁸
3389 2713 3514 2774 τούς
3544 2731 3603 2766 τε

2034 2776 2143 2845 γὰρ
2168 2780 2271 2843 ,ἐπὶ
2301 2783 2404 2853 γῆς
2432 2785 2688 2854 βασιλέας
2717 2792 3088 2860 γνησιώτατα,
3120 2796 3214 2851 καί
3245 2800 3319 2862 ὡς
3349 2802 3459 2854 οὐδ’
3488 2803 3604 2856 ἔστι

2031 2865 2141 2917 τῶν
2173 2865 2368 2934 ἄλλων,
2399 2873 2432 2942 ἡ
2467 2876 2622 2954 κοινὴ
2654 2877 2871 2945 βασιλὶς
2906 2882 3159 2949 πέπεικε,
3209 2888 3346 2954 μετὰ
3382 2890 3480 2959 τὴν
3507 2893 3602 2944 τοῦ

2035 2960 2244 3032 πατρὸς
2274 2964 2408 3032 πρὸς
2441 2965 2575 3045 Θεὸν
2607 2969 2878 3038 ἐκδημίαν
2907 2973 3136 3038 ἐκείνοις
3167 2984 3483 3049 προσσχεῖν,
3512 2988 3606 3036 καὶ

2040 3049 2176 3114 μετὰ
2204 3052 2398 3120 μικρὸν
2447 3054 2691 3118 ἐξιόντας
2746 3058 3007 3111 ἐντεῦθεν
3068 3063 3464 3138 ὑποδεξαμένη,
3511 3073 3606 3123 καὶ

1961 3134 2005 3194 C
2037 3139 2292 3210 κηδεμὼν
2327 3141 2484 3212 ὤφθη
2514 3147 2608 3198 καὶ
2633 3146 2847 3216 ὁδηγὸς,
2886 3153 2980 3204 καὶ
3027 3158 3345 3228 παντοδαπή
3378 3134 3460 3223 τις
3497 3165 3607 3216 σώ-

2037 3247 2195 3314 τειρα
2218 3235 2308 3285 καὶ
2343 3237 2613 3303 σωμάτων
2647 3239 2782 3308 ὁμοῦ
2835 3242 2931 3295 καὶ
2974 3241 3186 3314 ψυχῶν,
3223 3251 3363 3304 καθὰ
3404 3255 3466 3321 δή
3514 3260 3609 3308 καὶ

2038 3324 2242 3416 προῖὼν
2268 3328 2295 3380 6
2321 3326 2477 3396 λόγος
2507 3330 2740 3399 δηλώσει
2783 3353 2896 3404 μοι.
2940 3338 3155 3392 Τοιαῦτ⁹
3189 3345 3252 3395 ἐκ
3290 3347 3544 3416 πατέρων
3584 3353 3612 3403 ὁ

2039 3415 2182 3480 θεῖος
2213 3419 2518 3490 Γρηγόριος
2567 3422 2891 3494 δεδεγμένος
2926 3428 3021 3481 τοῦ
3073 3431 3190 3498 βίου
3220 3435 3285 3486 τὰ
3318 3415 3616 3506 παραδείγ-

2040 3525 2187 3578 ματα
2221 3512 2450 3576 καὶτὰς
2507 3516 2784 3585 ἀφορμάς,
2819 3521 3125 3590 ,σκοπῶμεν
3186 3525 3316 3594 ἑξῆς
3373 3529 3484 3599 ὅσῳ
3534 3532 3613 3600 τῷ

2041 3601 2227 3670 μέτρῳ
2265 3601 2600 3673 θαυμαστῶς
2664 3607 3030 3678 ὑπερήλασεν,
3089 3615 3214 3666 ἐπεὶ
3270 3618 3366 3669 καὶ
3422 3625 3613 3692 καιρὸς

2039 3692 2186 3762 ἡμᾶς
2217 3694 2316 3763 ιἤδη
2353 3695 2489 3763 πρὸς
2521 3697 2682 3751 αὐτὸν
2707 3701 2914 3754 ἐκεῖνον
2948 3705 3143 3774 τρέψαι
3175 3710 3264 3760 τὸν
3300 3710 3479 3778 λόγον.

2110 3785 2490 3851 Κωνστόιντιος
2528 3791 2625 3858 μὲν
2655 3792 2746 3844 οὖν
2777 3794 2804 3845 6
2833 3794 3020 3858 καλὸς,
3061 3796 3203 3850 οὕτω
3235 3803 3324 3854 καί
3361 3807 3469 3875 γὰρ
3503 3809 3613 3860 ἀπὸ

2039 3877 2456 3931 Κωνσταντίνου
2495 3883 2914 3952 μετωνόμασται
2957 3887 3094 3958 πρὸς
3151 3895 3422 3962 μοναχοὺς
3480 3901 3617 3954 ἀπο.

2037 3968 2226 4032 κλίνας
2272 3974 2300 4024 6
2354 3972 2450 4026 τοῦ
2489 3975 2728 4043 μεγάλου
2761 3979 2969 4050 πατὴρ,
3018 3982 3291 4054 ἐπὶ-τέλει
3340 3989 3433 4042 τοῦ
3469 3992 3611 4061 βίον,

2040 4061 2293 4134 καθάπερ
2327 4063 2488 4135 ἔφην,
2547 4069 2614 4120 τά
2668 4068 2908 4124 ἐνταῦθα
2957 4074 3274 4128 καταλιπὼν
3306 4082 3442 4150 πρὸς
3481 4084 3615 4138 Θεὸν
3665 4062 3667 4064 η

2039 4157 2204 4228 ἀπῄει
2233 4159 2326 4212 καὶ
2365 4159 2432 4211 τά
2462 4161 2632 4214 πάλαι
2661 4161 2992 4232 ποθούμεναθ
3025 4171 3055 4238 ἡ
3108 4170 3164 4222 δὲ
3217 4174 3402 4244 μήτηρ
3435 4195 3614 4233 κατα-

2040 4247 2325 4316 λειφθεῖσα
2366 4252 2464 4303 σὺν
2513 4255 2626 4315 τοῖς
2660 4258 2870 4320 παισὶν,
2903 4259 3137 4324 ἁπαλοῖς
3166 4263 3246 4316 ἔτι
3274 4269 3481 4339 σφόδρα
3513 4275 3614 4341 τὴν

2042 4341 2259 4410 ¹ἡλικίαν
2299 4338 2478 4409 οὖσιν,
2509 4343 2662 4398 οὔπω
2695 4349 2789 4400 καὶ
2837 4350 2945 4420 γὰρ
2988 4353 3079 4405 τὸν
3106 4353 3334 4425 ἕϐδομον
3365 4338 3615 4415 ἐνιαυτδν

364 4439 614 4510 ἀπῄεσάν
663 4455 722 4491 τε
774 4440 908 4506 πρὸς
953 4438 1045 4490 τὸν
1091 4438 1487 4507 πρεσϐύτερον,
1530 4438 1802 4508 θυμηδίας
1845 4442 1936 4492 καὶ
1969 4467 2014 4524 D
2043 4432 2440 4525 ὑπερόεθηκὼς
2479 4439 2506 4490 6
2537 4437 2660 4490 καθ’
2692 4440 2912 4509 ἠλικίαν
2949 4443 3154 4515 δηλαδὴ
3213 4449 3432 4519 πρῶτος
3465 4455 3614 4525 Γρη-

367 4532 649 4599 θαύματος
673 4530 925 4600 πλήρεις,
960 4531 1050 4581 καὶ
1087 4530 1273 4599 κοινὴν
1303 4531 1582 4583 ἐποιοῦντο
1615 4534 1711 4584 σὺν
1743 4532 1938 4602 ἐκείνῳ

368 4623 468 4692 τὴν
500 4623 694 4691 καινὴν
747 4623 915 4684 ὗντως
953 4623 1128 4691 θήραν
1182 4623 1276 4674 καὶ
1322 4623 1624 4693 τράπεζαν.
1657 4623 1750 4686 Τίς
1799 4625 1940 4693 ἐγνω

366 4715 606 4768 τοιοῦτον
637 4714 865 4785 θήραμα
912 4716 1018 4766 τῶν
1064 4713 1180 4778 νῦν,
1215 4715 1245 4783 ἢ
1284 4714 1390 4766 τῶν
1436 4713 1652 4768 πώποτε
1682 4734 1697 4781 ;
1733 4716 1938 4783 Καιρὺς

2045 4527 2227 4595 γόριος
2263 4523 2332 4598 ἦν
2365 4529 2392 4580 ὁ
2425 4529 2612 4592 καλὸς,
2655 4532 2946 4602 κείρασθαι
3000 4537 3098 4605 μὲν
3152 4541 3318 4604 εὐθὺς
3356 4541 3470 4614 εἶχε
3514 4523 3618 4602 ήδιά

2045 4619 2303 4688 σπουδῆς,
2328 4621 2421 4672 καὶ
2447 4621 2540 4691 τὴν
2563 4623 2743 4676 οἰκίαν
2777 4627 2870 4678 καὶ
2904 4627 2996 4680 τὸν
3027 4629 3233 4698 κόσμον
3266 4633 3538 4690 ἀπολιποῦ
3552 4659 3617 4692 σα

2040 4711 2298 4780 γενέσθαι
2322 4713 2444 4766 καθ’
2473 4715 2694 4785 ἑαυτὴν,
2729 4717 2975 4786 εἴργεται
3010 4719 3066 4772 δέ
3103 4725 3242 4792 πρὸς
3287 4725 3467 4793 ὀλίγον
3521 4734 3616 4783 τοῦ

371 4807 513 4876 τάχα
540 4823 640 4858 που
673 4807 768 4859 καὶ
788 4806 936 4875 ἡμᾶς
964 4805 1105 4875 μετά
1127 4806 1222 4872 τῆς
1242 4808 1486 4878 μεγάλης
1514 4807 1730 4878 ἐκείνης
1755 4810 1938 4876 φωνῆς
1957 4843 1990 4884 ,λ
2044 4804 2247 4857 σκοποῦ
2281 4805 2378 4857 καὶ
2403 4807 2502 4874 τῆς
2535 4807 2846 4877 προθυμίας
2879 4811 3038 4874 τέως,
3067 4816 3309 4883 πατράσι
3345 4819 3438 4870 καὶ
3467 4820 3617 4873 διδα-

375 4898 472 4952 νῦν
507 4900 704 4961 εἰπεῖν,
737 4899 858 4951 ἐπεὶ
893 4898 984 4950 καὶ
1033 4899 1102 4950 τά
1133 4899 1228 4950 τοῦ
1271 4897 1546 4968 θαύματος
1595 4900 1707 4963 ἴσα,
1738 4903 1831 4953 καὶ
1874 4902 1938 4972 δὴ

376 4991 567 5046 καὶτὰ
597 4993 693 5059 τῆς
724 4991 960 5053 πίστεως
1012 4992 1118 5043 τῶν
1174 4992 1378 5042 καινῶν
1430 4993 1716 5062 θηρευτῶν
1743 5012 1755 5024 ·
1796 4995 1937 5062 πλὴν

373 5086 495 5137 ὅσον
523 5085 721 5134 ἐκεῖνοι
759 5085 856 5152 μὲν
893 5084 979 5135 ἐπ’
1017 5084 1254 5154 ἐρημίας
1283 5084 1590 5152 ὑπαιθρίοις
1617 5088 1848 5154 κρυμοῖς
1879 5103 1937 5138 τε

373 5176 469 5228 καὶ
500 5175 728 5243 ὄμϐροις
761 5175 898 5245 ὑπὲρ
945 5175 1230 5238 εὐσεϐείας
1285 5175 1761 5246 ταλαιπωροῦντες
1819 5177 1938 5240 ἔτος

369 5287 472 5321 που
509 5269 759 5338 ἕϐδομον,
800 5270 894 5321 καὶ
924 5269 1014 5320 τὸν
1043 5269 1175 5320 Θεὸν
1208 5269 1294 5321 ἐπ’
1341 5271 1525 5322 ἐκεῖνα
1552 5273 1704 5342 κοινῇ
1738 5272 1938 5334 πάντες

369 5359 667 5422 καλοῦντες
696 5361 792 5410 σὺν
817 5361 1000 5428 μακρᾷ
1034 5361 1099 5428 τῇ
1125 5359 1329 5428 δεήσει’
1367 5363 1393 5411 6
1418 5359 1474 5412 δέ
1509 5360 1602 5412 τοῦ
1634 5362 1935 5430 Γρηγορίου

373 5450 556 5521 πατὴρ
581 5448 755 5516 οὗτος,
793 5452 917 5519 ἄρτι
964 5453 1072 5502 τῶν
1130 5451 1417 5521 βασιλείων
1475 5454 1569 5504 καὶ
1622 5454 1716 5522 τῆς
1760 5456 1938 5517 οἰκίας

366 5547 466 5612 τῆς
513 5545 708 5597 ἑαυτοῦ
765 5544 995 5613 προῖὼν,
1049 5547 1143 5596 καὶ
1193 5546 1353 5611 μόνος
1403 5543 1642 5615 ἐντυχὼν
1695 5547 1773 5617 τῷ
1819 5548 1938 5619 Θεῷ

372 5633 540 5699 μόνῳ,
577 5636 670 5686 καὶ
695 5635 910 5703 δεηθεὶς
946 5636 1143 5704 ἡσυχῆ,
1179 5637 1287 5688 τῶν
1335 5637 1514 5687 αὐτῶν
1547 5637 1765 5705 ἠξιοῦτο
1797 5641 1934 5692 κατὰ

372 5722 552 5791 μέσων
605 5723 712 5775 τῶν
744 5724 951 5777 ὑδάτων
987 5743 1043 5778 τε
1098 5728 1189 5778 καὶ
1240 5725 1329 5777 τοῦ
1380 5726 1536 5790 πλοῦ,
1577 5723 1760 5798 ὦνπερ
1794 5724 1934 5782 κατὰ

1726 5923 1752 5950 ό

2043 4895 2265 4957 σκάλοις
2314 4903 2708 4967 πνευματικοῖς
2760 4906 3086 4976 χρησαμένη
3157 4910 3488 4976 συμϐούλοις
3540 4915 3618 4976 ὡς

2041 4988 2180 5050 ἐθος⁶
2219 4989 2362 5042 οὕτω
2393 4994 2486 5044 καὶ
2525 4991 2633 5061 γάρ
2668 4995 2729 5045 ού
2786 5001 2955 5067 σαυτῇ
2995 5000 3150 5070 μόνῃ,
3199 4997 3354 5055 εἷπον
3392 5007 3616 5071 ἐκεῖνοι,

2041 5081 2176 5133 ἀλλὰ
2205 5082 2295 5134 καὶ
2326 5084 2435 5144 τοῖς
2492 5085 2648 5134 παισὶ
2682 5084 2748 5137 τά
2781 5086 2966 5140 δέοντα
3001 5091 3199 5163 χρήσῃ,
3258 5095 3520 5148 κάλλιστα
3557 5099 3616 5150 τὸ

2044 5177 2166 5227 κατ’
2197 5177 2438 5238 ἐκείνους
2462 5177 2776 5245 διαθεμένη,
2803 5183 2895 5231 καὶ
2928 5182 3179 5251 θρέψασα
3217 5187 3308 5239 καὶ
3338 5187 3621 5256 παιδαγωα

2039 5270 2254 5337 γήσασα
2285 5270 2424 5321 κατὰ
2456 5272 2617 5338 νόμον
2649 5273 2907 5342 Χριστοῦ·
2948 5276 2976 5328 ὃ
3010 5278 3073 5348 δὴ
3109 5281 3201 5330 καὶ
3234 5297 3266 5332 κ
3289 5281 3372 5331 -τά
3409 5283 3612 5333 σκοπὸν

2039 5364 2116 5424 εἰς
2142 5363 2301 5431 ἔργον
2334 5362 2513 5430 κξέὸη,
2554 5364 2688 5416 Θεοῦ
2725 5367 2926 5436 δηλαδὴ
2953 5373 3303 5438 ἐνεργοῦντος
3336 5373 3480 5425 κατὰ
3522 5373 3614 5427 τὸν

2041 5453 2182 5507 θεῖον
2226 5456 2549 5509 ’Λπὸστολον
2578 5461 2689 5521 τοῖς
2721 5462 2781 5512 τὸ
2820 5463 3022 5528 ἀγαθὸν
3057 5465 3358 5533 ἑλομένοις.

2114 5547 2417 5616 Γρηγόριος
2455 5548 2554 5617 μὲν
2584 5546 2677 5602 οὖν
2729 5553 2756 5603 6
2805 5553 2967 5615 καλὸς
3018 5556 3095 5617 είς
3146 5556 3328 5627 λόγων
3381 5537 3616 5627 ἄσκησιν

2043 5639 2139 5691 καὶ
2167 5639 2414 5692 παιδείαν
2445 5641 2544 5710 τὴν
2580 5642 2815 5712 θύραθεν
2867 5618 3157 5710 ἐκδοθείς·¹
3182 5650 3303 5700 οὐδὲ
3352 5651 3458 5722 γάρ
3507 5652 3617 5705 ἔδει

2047 5730 2143 5800 τὴν
2169 5732 2426 5803 τοιαύτην
2455 5733 2634 5805 ψυχήν
2660 5752 2718 5790 τε
2753 5737 2847 5790 καὶ⁸
2878 5737 3059 5805 φύσιν,
3095 5739 3169 5811 μὴ
3207 5742 3300 5793 καὶ
3332 5745 3438 5796 τῶν
3471 5745 3616 5796 ἐκεῖ·
