4082 6440
442 417 546 478 δεῖ)

1393 429 1805 494 ENCOMIUM
1837 437 2058 499 AUCT.
2101 439 2538 500 PIIILOTIIEO
2576 443 2688 502 (ΣΡ.

3578 443 3681 504 Ξθδ

438 542 622 607 τιμ⁹ον
658 545 890 615 σταυροῦ
922 546 1279 616 λογογραφῶν
1301 549 1633 618 διαλέγεται.
1675 549 1895 612 Τούτοις
1916 551 2008 604 καὶ
2039 557 2084 613 Α
2115 559 2224 610 τοῖν
2249 557 2395 611 δυσίν
2427 558 2673 626 ἀδελφοῖν
2707 556 2822 626 ἅμα
2851 556 2944 609 τοῦ
2975 545 3134 622 ὅρους
3165 557 3402 625 ἀπάρας,
3434 539 3438 541 ί
3465 557 3546 619 είς
3597 559 3688 612 τὸν

438 637 550 698 τοῖς
576 637 836 700 τοιούτοις
867 639 988 690 καθ’
1019 641 1326 710 ὑπερϐολὴν
1347 641 1701 712 καταπλήξας
1739 644 2004 710 ἐκείνους,

439 729 533 780 καὶ
569 728 755 797 ῶσπερ
785 731 1112 800 ἀπορράψας
1137 733 1205 786 τὰ
1228 733 1494 803 στόματα,
1519 734 1613 788 καὶ
1660 734 1758 804 τὴν
1790 735 2008 805 μακρὰν

437 819 680 889 ἐπισχὼν
704 819 1106 890 γλωσσαλγίαν,
1143 828 1370 894 νικητὴς
1401 824 1622 894 ἄριστος
1651 827 1745 880 καὶ⁵
1773 843 2010 895 στρατη·

439 912 535 979 γος
578 913 781 964 ὡσανεὶ
821 915 958 982 μετά
1007 914 1278 984 λαμπρῶν
1311 917 1421 969 τῶν
1468 917 1748 987 τροπαίων
1796 919 2009 971 ἐκεῖθεν

438 1003 717 1058 ἐπάνεισιν
742 1021 756 1034 ·
791 1007 818 1057 6
851 1007 959 1075 γὰρ
987 1008 1082 1074 τῆς
1112 1010 1376 1077 αἱρέσεως
1407 1009 1654 1079 ἔξαρχος,
1690 1010 1768 1072 είς
1797 1009 1921 1066 νοῦν
1949 1010 2007 1074 ἐξ

437 1097 644 1148 ἐκείνου
669 1098 795 1160 τοὺς
845 1099 937 1151 τοῦ
986 1100 1287 1171 Γρηγορίου
1339 1102 1530 1170 λόγους
1565 1103 1885 1170 βαλόμενος,
1911 1102 2009 1164 καὶ

437 1190 666 1260 τάληθὲς
699 1193 923 1244 ἐκείνων
958 1194 1298 1262 καταμαθὼν
1332 1198 1424 1248 καὶ
1454 1194 1812 1246 θεόπνευστον
1854 1196 2005 1248 ἄντι-

440 1303 597 1351 κρυς,
628 1285 789 1346 αὑτός
820 1303 880 1338 τε
906 1287 1000 1337 καὶ
1033 1289 1215 1354 σοαχνοὶ
1249 1289 1354 1341 τῶν
1383 1289 1482 1341 οὑκ
1522 1288 1678 1357 ὀλίγη
1717 1291 1881 1358 μοῖρα
1913 1288 2008 1340 τοῦ

439 1374 673 1444 πλήθους
704 1378 840 1444 μετὰ
863 1379 1058 1448 μικρὸν
1085 1379 1187 1448 τὴν
1227 1379 1643 1433 Κωνσταντίνου
1680 1382 2009 1450 κατειληφό-

439 1485 548 1533 τες,
565 1471 637 1537 τῇ
663 1470 873 1540 μεγάλῃ
893 1470 1001 1522 τῶν
1027 1473 1233 1524 πιστῶν
1257 1474 1545 1541 προσίασιν
1575 1473 1894 1543 Ἐκκλησία,
1916 1476 2010 1526 καὶ

437 1561 534 1630 τὴν
559 1560 823 1629 πατρῴαν
859 1564 1248 1630 ἐξομοσάμενοι
1277 1564 1506 1631 πλάνην,
1532 1563 1700 1634 μέρος
1729 1564 1823 1617 καὶ
1853 1564 2009 1617 αὑτοὶ

437 1652 528 1704 τοῦ
559 1651 681 1706 καθ’
698 1654 848 1722 ἡμᾶς
882 1653 1028 1722 ίεροῦ
1051 1653 1328 1724 συνεδρίου
1351 1654 1591 1722 γίνονται
1615 1671 1629 1686 ·
1655 1656 1750 1708 καὶ
1771 1655 1924 1708 ταῦτ’
1940 1651 2008 1724 ἦν

436 1744 636 1797 είσόδια
665 1743 760 1796 καὶ⁵
794 1745 1118 1812 προαγῶνες
1168 1745 1333 1798 οἱονεὶ
1375 1745 1661 1816 Γρηγορίφ
1707 1747 1805 1814 τῆς
1853 1748 2009 1816 ίερᾶς

439 1837 839 1908 ἀναχωρήσεώς
865 1855 923 1889 τε
956 1839 1050 1890 καὶ
1082 1838 1489 1908 ἡσυχίας,⁸τοὺς
1545 1839 1837 1909 μεγίστους
1865 1841 2006 1910 ὑπὲρ

435 1930 717 1990 εὑσεῦείας
763 1929 980 1998 ἀγῶνας
1015 1932 1111 1983 καὶ
1160 1932 1229 1984 τά
1279 1931 1564 1984 τελευταῖα
1615 1933 2006 2002 προμηνύοντα

435 2023 694 2092 τρόπαια.

503 2115 700 2183 Θαῦμα
725 2115 770 2168 δ’
800 2117 861 2167 οὑ
899 2115 1098 2184 μικρὸν
1133 2113 1225 2167 καὶ
1248 2115 1362 2176 τοῖς
1388 2113 1447 2166 τὸ
1491 2113 1617 2183 ὅρος
1679 2113 2006 2182 παροικοῦσι

436 2206 732 2276 μονασταῖς
759 2205 998 2259 ἐπανιὼν
1027 2203 1239 2257 ἐκεῖθεν
1269 2205 1481 2272 ἐνῆκεν,
1514 2206 1596 2258 ὅτι
1624 2219 1684 2253 τε
1749 2205 1848 2264 τὰς
1895 2204 2006 2255 τῶν

435 2297 620 2367 θηρῶν
637 2297 863 2350 ἐκείνων
896 2300 1086 2367 χεῖρας
1115 2298 1204 2350 καὶ
1245 2297 1343 2360 τὰς
1395 2297 1690 2362 ἐπιϐουλὰς
1743 2299 2006 2367 ἐκφυγεῖν

431 2391 685 2459 ἐδυνήθη.
718 2390 987 2442 τοσούτων
1013 2389 1180 2442 ὄντων
1227 2391 1320 2443 καὶ
1376 2389 1730 2458 τηλικούτων,
1789 2391 1881 2442 καὶ
1924 2389 2005 2440 ὅτι

436 2483 592 2552 μόνος
629 2483 765 2551 πρὸς
794 2483 891 2551 τὴν
921 2483 1023 2550 τῆς
1052 2480 1313 2550 αἱρέσεως
1336 2482 1588 2536 ἔνστασιν
1629 2482 1720 2535 καὶ
1757 2483 1856 2552 τὴν
1913 2499 2005 2534 το-

433 2578 637 2644 σαύτην
669 2577 938 2646 φλυαρίαν
964 2578 1024 2628 οὑ
1063 2577 1222 2644 μόνον
1253 2578 1530 2646 ἀντέσχεν,
1563 2576 1697 2629 ἀλλὰ
1723 2579 1817 2630 καὶ
1845 2593 2004 2645 περι-

432 2670 613 2738 φανῶς
653 2671 922 2740 ὑπερέσχε
975 2687 1036 2722 τε
1098 2672 1191 2723 καὶ
1249 2672 1727 2740 κατετροπὼσατο,
1788 2672 1854 2740 τῇ
1907 2667 2002 2722 τοῦ

431 2761 667 2832 Χριστοῦ
695 2761 1102 2830 δυναμούμενος
1161 2762 1369 2832 χάριτι,
1427 2762 1552 2824 τοὺς
1589 2764 1680 2814 καὶ
1744 2760 2004 2824 πολλάκις

429 2855 604 2924 λάθρα
634 2873 690 2907 τε
731 2856 822 2906 καὶ
858 2855 1105 2924 φανερῶς
1129 2855 1435 2918 ἀνελόντας,
1475 2855 1600 2917 τοὺς
1630 2856 1814 2918 αὐτοῖς
1849 2857 2003 2908 ἀντι·

428 2951 684 3018 λέγοντας
705 2969 719 2982 ο
751 2950 780 3002 ὃ
806 2950 868 3021 δὴ
900 2952 993 3003 καὶ
1031 2949 1150 3002 κατ’
1179 2948 1342 3001 αὑτοῦ
1377 2968 1435 3002 τε
1478 2951 1571 3002 καὶ
1589 2950 1860 3018 τάδελφοῦ
1904 2951 2003 3002 λα-

429 3045 634 3114 θραίως
663 3047 1167 3116 ἐπικεχειρηκότες,
1194 3044 1358 3102 λύκος
1379 3044 1555 3113 μάτην
1584 3043 1764 3112 χανὼν
1795 3044 2001 3112 ἀνεφά-

428 3155 621 3204 νησαν,
661 3138 754 3204 τῆς
790 3136 941 3200 Θείας
973 3139 1152 3206 χειρός
1185 3155 1241 3188 τε
1279 3138 1372 3190 καὶ
1401 3136 1684 3202 δυνάμεως
1753 3138 2001 3208 ἀοράτως

2119 649 2456 716 ποθούμενον
2478 649 2684 702 ἄνεισιν
2706 649 2875 715 Ἀθω,
2893 650 2989 702 καὶ
3021 651 3194 718 παρὰ,
3221 652 3284 718 τῇ
3317 647 3411 701 τοῦ
3445 650 3690 702 Βατοπε-

2115 733 2228 786 δίου
2260 735 2552 802 γενόμενος
2583 733 2760 805 λαύρα
2788 735 3084 806 Νικοδήμῳ
3128 737 3288 807 φοιτᾷ
3313 736 3389 804 τῷ
3428 737 3686 806 γενναίῳ,

2115 827 2271 897 ἀνδρὶ
2305 827 2609 896 θαυμαστῷ
2629 827 2768 879 κατά
2803 845 2859 878 τε
2885 827 3086 896 πρᾶξιν
3115 829 3210 881 καὶ
3233 811 3488 898 θεωρίαν,
3523 829 3598 890 ὼς
3637 830 3714 880 0!-

2115 919 2206 972 τὸν
2233 920 2384 973 ’Ἄθω
2413 919 2811 990 παροικοῦντες
2844 919 2984 987 πλὴν
3007 920 3203 987 ὀλίγων
3252 921 3401 974 ίοασι
3459 925 3686 983 πάντες,
3739 973 3742 978 ,

2116 1014 2258 1066 κατὰ
2295 1013 2394 1080 μὲν
2423 1011 2513 1064 τὸν
2539 1011 2831 1082 Αἰὺξεντίου
2864 1011 3072 1082 βουνὸν,
3103 1013 3161 1074 ὃς
3209 1013 3520 1083 ἀπαντικρὺ
3586 1014 3689 1064 Πυ-

2117 1102 2334 1166 ζαντίου
2361 1103 2496 1172 πρὸς
2532 1105 2800 1166 ἀνατολὰς
2832 1108 2890 1156 ἐν
2948 1105 3324 1171 Χρυσουπόλει
3355 1106 3531 1174 πέραν
3549 1105 3688 1173 πρὸς

2116 1196 2192 1261 τῷ
2221 1197 2376 1264 ἄκρῳ
2415 1197 2590 1248 κεῖται
2618 1196 2718 1264 τῆς
2753 1197 3132 1264 Προποντίδος,
3180 1197 3445 1266 πρότερον
3505 1199 3688 1250 πᾶσαν

2115 1288 2318 1354 ἀρετῆς
2348 1286 2464 1339 ὁδὸν
2494 1287 2764 1354 ὴσκηκότι
2791 1287 2928 1354 πρὸς
2964 1288 3131 1356 ἄκρον
3154 1329 3169 1351 ,
3200 1288 3257 1338 ὲν
3285 1289 3350 1356 τῇ
3373 1286 3466 1338 τοῦ
3521 1287 3688 1338 Bato-

2116 1379 2298 1431 πεδίου
2321 1378 2366 1430 δ’
2395 1381 2450 1440 ἐς
2483 1377 2712 1448 ὕστερον
2734 1379 3035 1448 γενομένῳ,
3067 1381 3160 1432 καὶ
3200 1381 3328 1440 τοὺς
3363 1379 3561 1440 αὑτοὺς
3587 1381 3687 1446 τῆς

2115 1471 2318 1540 ἀρετῆς
2380 1471 2575 1534 ἄθλους
2637 1472 2776 1539 μετά
2809 1473 2908 1540 τῆς
2965 1473 3086 1538 ίσης
3134 1474 3372 1540 σπουδῆς
3425 1473 3518 1524 καὶ
3587 1473 3686 1538 τῆς

2115 1562 2427 1633 προθυμίας
2456 1565 2551 1615 ἐπὶ
2575 1564 2826 1617 πλεῖστον
2849 1565 3149 1635 διηνυκότι,
3179 1564 3306 1616 ἔνθα
3333 1564 3396 1631 δὴ
3459 1565 3552 1617 καὶ
3592 1565 3685 1614 τοῦ

2114 1656 2427 1726 θαυμαστοῦ
2459 1657 2551 1709 καὶ
2587 1658 2862 1728 μακαρίου
2898 1657 3184 1726 μακαρίως
3224 1657 3312 1709 διὰ
3338 1657 3575 1727 Χριστὸν
3604 1673 3684 1706 τε.

2111 1749 2318 1816 τύχηκε
2357 1747 2566 1812 τέλους.
2597 1749 2785 1818 Τούτῳ
2834 1751 3013 1800 τοίνυν
3071 1747 3251 1810 καλῶς
3283 1749 3310 1800 ὁ
3364 1747 3528 1807 καλὸς
3572 1747 3690 1798 ἐκεῖ

2112 1841 2412 1911 Γρηγόριος
2445 1839 2782 1909 προσελθὼν,
2807 1839 2973 1893 αὐτοῦ
3009 1857 3112 1892 που
3145 1840 3501 1907 σκηνουμένῳ
3561 1838 3687 1889 καθ’

2110 1932 2364 2002 ἡσυχίαν,
2396 1932 2486 1984 καὶ
2518 1931 2762 1996 κείρεται
2783 1933 2916 2001 παρ’
2943 1932 3132 1998 αὑτοῦ,
3167 1932 3262 1984 καλ⁸
3295 1931 3431 2001 πρὸς
3477 1931 3682 1983 ὑποτα-

2107 2026 2210 2094 γὴν
2263 2024 2454 2076 ἐαυτὸν
2476 2023 2699 2086 τελείως
2753 2023 3054 2076 ἐκδίδωσιν.

2179 2112 2302 2179 Οἶος
2349 2117 2394 2168 δ’
2435 2116 2598 2179 εὐθὺς
2645 2116 2784 2186 μετὰ
2818 2117 2915 2179 τὰς
2945 2116 3220 2186 συνθήκας
3243 2118 3338 2171 καὶ
3360 2115 3458 2186 τὴν
3479 2117 3686 2169 ἀποτα-

2105 2209 2207 2277 γὴν
2233 2209 2260 2261 6
2287 2207 2589 2278 θαυμάσιος
2613 2205 2679 2277 ἦν
2741 2210 2835 2262 καὶ
2871 2209 3011 2278 λόγῳ
3028 2211 3123 2262 καὶ
3170 2211 3369 2276 πράξει
3427 2211 3521 2263 καὶ
3570 2212 3686 2272 τοῖς

2106 2299 2199 2350 τοῦ
2232 2299 2323 2351 νοῦ
2354 2300 2679 2369 θεωρήμασι
2704 2299 2866 2364 δῆλον
2892 2298 3129 2352 ἐκεῖθεν.
3187 2300 3348 2361 Ἔτος
3381 2296 3482 2366 μὲν
3534 2295 3685 2366 αὑτῷ

2105 2391 2354 2461 δεύτερον
2382 2392 2578 2461 ἤνυστο
2606 2391 2706 2460 ἤδη
2729 2390 2959 2460 νηστείᾳ
2988 2390 3082 2443 καὶ
3104 2390 3386 2460 ἀγρυπνίᾳ
3420 2390 3518 2443 καὶ
3577 2389 3680 2456 νή-

2105 2483 2196 2552 ψει
2221 2483 2313 2534 καὶ
2331 2482 2664 2551 ἀδιαλείπτῳ
2693 2477 2978 2551 προσευχῇ
3012 2481 3150 2551 πρὸς
3174 2481 3306 2534 Θεὸν
3338 2480 3688 2550 ἐπειγομένῳ

2105 2575 2322 2644 νύκτωρ
2343 2575 2438 2627 καὶ
2461 2573 2582 2642 μεθ’
2617 2574 2850 2643 ἡμέραν,
2883 2573 3076 2642 ὀδηγόν
3110 2590 3169 2625 τε
3226 2573 3324 2627 καὶ
3366 2573 3684 2642 προστάτην

2105 2663 2238 2732 ὁμοῦ
2273 2664 2367 2717 καὶ
2397 2664 2626 2732 μεσίτην
2653 2663 3044 2732 προϊσταμένῳ
3063 2663 3161 2731 τὴν
3181 2662 3527 2734 Θεομήτορα,
3587 2665 3684 2718 καὶ

2105 2757 2214 2826 πρὸ
2239 2756 2347 2810 τῶν
2385 2755 2682 2825 ὀφθαλμῶν
2709 2757 2830 2809 ὅσαι
2854 2749 2995 2822 ὧραι
3049 2755 3144 2825 τὴν
3203 2755 3417 2825 ἐκείνης
3469 2773 3686 2826 συμμα-

2103 2851 2228 2921 χίαν
2267 2867 2326 2903 τε
2349 2850 2440 2903 καὶ
2464 2848 2560 2918 τὴν
2591 2849 2716 2918 ὄψιν
2773 2850 2866 2903 καὶ
2900 2849 3083 2916 λόγοις
3106 2849 3201 2902 καὶ
3233 2849 3419 2919 εὐχαῖς
3443 2851 3535 2903 καὶ
3560 2868 3684 2904 vos-

2108 2953 2218 3020 ροῖς
2238 2951 2438 3005 τιθέντι
2459 2953 2746 3022 κινήμασι,
2803 2951 2896 3004 καὶ
2929 2950 3021 3017 ὑπ’
3080 2950 3264 3022 ἐκείνῃ
3324 2946 3676 3018 χειραγωγῷ,

2101 3042 2193 3094 τὸν
2218 3041 2316 3110 τῆς
2347 3043 2594 3110 ὑπακοῆς
2618 3043 2818 3111 δρόμον
2849 3041 3090 3094 ἀνύοντι.
3110 3038 3441 3107 Ἦρεμοῦντι
3469 3036 3524 3088 δέ
3547 3051 3682 3088 ποτε

2104 3133 2246 3186 κατά
2279 3135 2470 3202 μόνας,
2496 3134 2590 3186 καὶ
2623 3131 2802 3202 ἐαυτῷ
2820 3133 2914 3184 καὶ
2946 3131 3066 3201 Θεῷ
3096 3129 3220 3183 καθ’
3239 3130 3476 3197 ἡσυχίαν
3506 3143 3681 3197 προσ-ο

427 3231 536 3283 τῶν
571 3232 786 3284 οίκείων
820 3230 1266 3300 ὑπερμαχούσης.
1304 3233 1530 3286 Ἔτικαὶ
1554 3235 1706 3304 παρὰ
1736 3237 1848 3298 τοῖς
1869 3235 2000 3305 βαρ-
2027 3235 2068 3291 C
2101 3227 2302 3296 ἔχοντι,
2346 3225 2488 3288 θεῖός
2521 3241 2605 3286 τις
2654 3224 2813 3294 ἀνὴρ,
2850 3223 2999 3291 ῦπαρ
3034 3222 3134 3274 οὑκ
3163 3221 3316 3290 ὄναρ,
3351 3218 3680 3286 θεοπρεπῶς

427 3323 615 3389 δάροις
644 3323 872 3385 ἐκείνοις
897 3323 1085 3385 ὄντων,
1124 3324 1216 3376 καὶ
1244 3324 1629 3394 διαλεγομένου
1658 3325 1752 3378 τοῦ
1789 3329 2004 3396 Γρηγο-

431 3415 569 3483 ρίου,
598 3415 740 3466 καθα
768 3415 830 3482 δὴ
861 3419 954 3466 καὶ
981 3414 1260 3484 προῦφην,
1300 3417 1422 3467 ἐπεὶ
1461 3417 1599 3484 μετὰ
1625 3417 1719 3486 τὴν
1751 3417 1845 3470 τοῦ
1874 3418 2000 3470 συλο

426 3510 583 3575 λόγου
607 3509 848 3562 διάλυσιν
875 3509 958 3560 ἐπ’
993 3510 1143 3560 οίκου
1177 3508 1486 3578 χωροῦντες
1530 3506 1692 3581 ἦσαν,
1731 3511 1997 3580 βρώματα

431 3603 527 3669 μέν
562 3619 684 3652 τινα
719 3602 828 3661 τοῖς
857 3600 984 3669 περὶ
1024 3601 1114 3651 τὸν
1133 3601 1436 3671 Γρηγόριον
1475 3603 1555 3663 είς
1609 3602 1909 3672 διατροφήν
1940 3620 1997 3655 τε

425 3697 519 3749 καὶ
550 3695 828 3767 τράπεζαν
861 3697 908 3748 οί
940 3697 1133 3748 πλάνοι
1159 3696 1250 3748 καὶ
1288 3696 1608 3764 αίμοχαρεῖς
1623 3697 1822 3750 ἐκεῖνοι
1856 3695 1997 3762 πέμ-

425 3806 546 3842 πειν
585 3790 824 3841 ἐδόκουνο
853 3789 917 3840 τὰ
945 3788 1001 3841 δὲ
1033 3789 1138 3857 ἄρα
1187 3787 1416 3840 θάνατον
1443 3787 1570 3858 παρ’
1635 3789 1850 3849 ἑαυτοῖς
1898 3788 1996 3856 φέ-

427 3899 588 3950 ροντα
621 3883 1006 3950 κεκρυμμένον
1045 3881 1104 3932 οὑ
1137 3879 1346 3933 διέλαθε
1364 3880 1455 3931 τὸν
1492 3881 1816 3948 Γρηγόριον,
1857 3879 1996 3932 ἀλλὰ

421 3975 520 4043 τῆς
549 3972 785 4041 ἀφανοῦς
824 3972 1164 4042 κακουργίας
1193 3971 1322 4042 θείῳ
1355 3973 1532 4032 συνεὶς
1566 3972 1768 4042 δηλαδὴ
1829 3975 1996 4025 Πνεῦ-

427 4084 576 4135 ματι,
609 4067 824 4135 δέχεται
852 4065 969 4134 μὲν,
1003 4065 1212 4134 μηδένα
1244 4065 1298 4116 δὲ
1322 4064 1528 4117 τούτων
1579 4063 1826 4133 ἅψασθαι
1887 4082 1993 4132 μη-

421 4160 628 4212 δοτιοῦν
663 4160 954 4228 παραινεῖ·
988 4158 1047 4211 οὖ
1079 4158 1141 4225 δὴ
1171 4160 1265 4211 καὶ
1316 4159 1602 4225 γεγονότος
1650 4157 1792 4209 κατὰ
1850 4159 1994 4222 γνὼο

426 4269 532 4320 μην
557 4251 912 4311 ἐκείνου,ἐπεὶ
949 4251 1054 4300 τῶν
1085 4251 1355 4303 συνόντων
1387 4269 1471 4312 τις
1498 4250 1793 4319 διάπειραν
1820 4250 1996 4302 ὡσαν-

420 4344 470 4394 εὶ
508 4341 878 4410 πεποιημένος
912 4342 1004 4391 τοῦ
1073 4341 1418 4408 πράγματος,
1472 4340 1564 4392 τὸν
1632 4342 1796 4408 ἄρτον
1848 4343 1993 4394 ἐκεῖ-

419 4452 508 4486 νον
531 4436 637 4495 τοῖς
671 4435 799 4485 κυσὶ
837 4432 940 4501 πρὸ
974 4433 1073 4499 τῆς
1106 4431 1276 4498 θύρας
1315 4432 1613 4502 ἀπέρριψε,
1661 4435 1756 4484 καλ⁸
1801 4433 1991 4484 τούτου

417 4528 526 4578 τῶν
557 4526 810 4578 κυνιδίων
837 4523 1028 4590 φαγὼν
1056 4521 1134 4585 ἓν,
1160 4524 1322 4584 εὐθὺς
1382 4522 1702 4592 καθεωρᾶτο
1749 4513 1947 4592 νεκρόν
1973 4539 1986 4553 ·

2103 3318 2255 3386 ἄφνω
2277 3317 2384 3388 πρὸ
2417 3317 2718 3386 ὀφθαλμῶν
2771 3317 3041 3370 ἴσταταιό
3092 3313 3202 3366 τῶν
3261 3309 3692 3379 εὑαγγελιστῶν·

2105 3427 2238 3478 φησι
2278 3411 2576 3480 κορυφαῖος
2618 3409 2895 3478 Ἰωάννης,
2933 3411 2962 3461 ὁ
3011 3409 3110 3476 τῆς
3141 3407 3374 3477 βροντῆς
3437 3406 3618 3473 γόνος,
3647 3405 3694 3456 6'

2105 3499 2382 3569 ἐξαίρετος
2400 3498 2638 3568 Χριστοῦ
2676 3500 2926 3568 μαθητής
2949 3516 3008 3550 τε
3037 3500 3133 3550 καὶ
3180 3499 3333 3565 φίλος
3355 3493 3424 3568 ἦν
3483 3491 3638 3560 οὗτος
3662 3512 3672 3524 ·

2102 3590 2160 3653 ὃς
2190 3591 2253 3660 δὴ
2287 3593 2383 3644 καὶ
2413 3591 2613 3660 ίλαρῶς
2651 3591 2845 3661 ἐκείνῳ
2871 3591 2970 3652 τὰς
3001 3591 3152 3658 ὄψεις
3182 3589 3484 3652 ἐπιϐαλὼν,
3517 3588 3693 3641 Ἥκω-

2105 3699 2207 3747 σοι,
2242 3683 2426 3753 φησὶν,
2456 3684 2686 3751 ἄγγελος
2725 3688 2864 3752 πρὸς
2890 3684 2985 3754 τῆς
3037 3684 3258 3737 πάντων
3315 3685 3488 3751 ἁγίων
3548 3684 3675 3737 ἐπέε-

2091 3763 2256 3829 Ξιεινα
2285 3778 2603 3846 Δεσποίνης,
2623 3777 2874 3844 καθάπερ
2923 3777 3074 3845 ὁρᾷς,
3142 3777 3494 3846 ἐρησόμενος,
3549 3781 3698 3833 ὅτου-

2100 3871 2262 3939 χάριν
2292 3869 2507 3938 νύκτωρ
2538 3885 2597 3921 τε
2632 3869 2728 3920 καὶ
2765 3867 2885 3936 μεθ’
2919 3868 3155 3937 ἡμέραν,
3193 3869 3318 3921 ὅσαι
3344 3863 3486 3940 ὧραι
3549 3887 3677 3938 σχε-

2097 3964 2207 4029 δὸν,
2241 3963 2300 4015 οὺ
2333 3961 2634 4022 διαλείπεις
2664 3961 2811 4014 οῦτω
2845 3961 2982 4030 βοῶν
3012 3977 3025 3991 ο
3058 3960 3298 4012 Φώτισόν
3335 3979 3438 4031 μου
3466 3963 3528 4014 τδ
3551 3962 3678 4015 σκό-

2097 4071 2210 4117 τος,
2246 4052 2480 4122 φώτισόν
2517 4070 2617 4123 μου
2645 4052 2707 4106 τὸ
2743 4053 2933 4116 σκότος
2959 4072 2971 4082 ·
3006 4054 3128 4106 ἐπεὶ
3163 4056 3256 4106 καὶ
3281 4055 3429 4123 ἡμᾶς
3455 4054 3676 4125 ἀπαρα-

2101 4147 2344 4215 ποιήτως
2371 4145 2553 4208 αὑτοῖς
2587 4145 2823 4208 ἐκείνοις
2853 4145 3090 4199 ἐνταῦθα
3121 4147 3205 4199 δεῖ
3232 4149 3345 4210 τοῖς
3385 4147 3552 4216 ἱεροῖς
3579 4148 3676 4216 ῥή-

2103 4258 2235 4308 μασι
2265 4239 2597 4308 χρήσασθαι.
2632 4239 2738 4291 Τοῦ
2772 4238 2819 4292 δ’
2854 4239 3376 4308 ἀνθυπενεγκόντος,
3411 4242 3518 4294 Καὶ
3547 4241 3600 4292 τί
3627 4240 3676 4292 δ’

2101 4335 2170 4386 ἂν
2195 4333 2322 4386 ἀλλο
2352 4335 2489 4402 πρὸς
2528 4333 2660 4386 Θεὸν
2694 4333 2952 4402 ἐμπαθὴς
2978 4334 3072 4386 καὶ
3106 4333 3321 4403 πλήρης
3388 4333 3672 4402 ἁμαρτιῶν

2097 4424 2383 4493 ἅνθρωπος
2413 4424 2700 4493 αἰτήσαιμι
2734 4424 3194 4494 προσευχόμενος,
3261 4425 3294 4495 ἢ
3332 4423 3393 4478 τὸ
3448 4425 3677 4494 ἐλεηθῆ-

2097 4532 2186 4569 ναι
2222 4515 2315 4568 καὶ
2338 4515 2701 4585 φωτισθῆναι,
2739 4517 2876 4585 πρὸς
2899 4517 2959 4567 τὸ
2985 4516 3182 4569 εἰδέναι
3209 4533 3270 4568 τε
3295 4519 3390 4569 καὶ
3416 4518 3689 4588 πράττειν-

418 4617 718 4686 τηνικαῦτα
748 4617 840 4666 καὶ
869 4617 983 4674 τοῖς
1023 4615 1209 4676 ἄλλοις
1241 4617 1379 4667 πᾶσι
1436 4615 1496 4666 τὸ
1551 4615 1859 4684 διορατικὸν
1895 4615 1990 4667 τοῦ
2028 4626 2066 4677 D
2096 4606 2159 4659 τὸ
2189 4608 2402 4660 ὲκείνῡυ
2449 4609 2717 4676 σωτήριον
2785 4607 2914 4675 θέλη
2931 4625 3029 4676 μαι
3068 4608 3307 4660 σοἈλλά
3359 4608 3432 4678 μὴ
3479 4608 3672 4671 δειλίαν

416 4707 606 4778 ἀνδρὸς
646 4707 901 4774 ἐξεφάνη,
928 4707 1020 4758 καὶ
1037 4707 1117 4758 ὅτι
1143 4705 1490 4776 δηλητηρίων
1515 4705 1609 4758 καὶ
1633 4705 1864 4758 θανάτου
1890 4706 1990 4774 τῆς

412 4801 521 4853 τῶν
555 4799 855 4868 μιαιφόνων
873 4798 1152 4866 τραπέζης
1191 4797 1393 4865 μεστῆς
1429 4795 1618 4865 οὔσης.
1649 4799 1780 4862 τοὺς
1804 4799 1991 4850 συνόν-

347 4949 350 4951 _
413 4910 510 4956 τας
544 4894 774 4954 εἰκότως
829 4893 1037 4954 ἐκεῖνος
1076 4892 1308 4960 ἀπεῖργε
1341 4889 1554 4952 πάντας
1586 4891 1684 4960 τῆς
1747 4892 1990 4962 μεταλή-

410 4983 578 5054 ψεως.

487 5077 672 5129 Ταῦτα
697 5077 1110 5146 καταμαθόντες
1137 5081 1186 5132 οἱ
1215 5079 1485 5149 θεοφιλεῖς
1534 5082 1726 5149 ἄνδρες
1761 5079 1986 5139 ἐκεῖνοι,

413 5170 506 5221 καὶ
536 5170 669 5221 πολὺ
698 5169 776 5238 τῷ
808 5171 1060 5242 προτέρῳ
1083 5174 1535 5240 προστεθεικότες
1601 5173 1866 5243 θαύματι,
1897 5173 1991 5228 καὶ

413 5264 504 5314 τὸν
532 5263 836 5333 Γρηγόριον
868 5263 965 5317 νῦν
1025 5265 1226 5334 μᾶλλον
1281 5269 1749 5334 καταπλαγέντες,
1787 5287 1990 5322 παντο-

412 5354 572 5408 δαποί
598 5372 742 5417 τινες
773 5351 915 5426 ἦσαν
937 5359 1029 5409 καὶ
1052 5356 1234 5426 ἔργοις
1267 5361 1361 5412 καὶ
1396 5361 1578 5428 λόγοις
1609 5361 1703 5414 καὶ
1724 5364 1886 5414 παντί
1933 5379 1988 5431 γε

412 5446 487 5513 τῷ
524 5447 811 5515 δυναμένῳ
849 5446 980 5516 παρ’
1011 5449 1227 5511 ἑαυτοῖς
1287 5453 1586 5520 κατασχεῖν
1644 5450 1734 5503 τὸν
1795 5452 1986 5521 ἄνδρα,

412 5535 504 5587 καὶ
543 5536 642 5603 τῆς
678 5535 885 5588 ἐκείνου
912 5536 1105 5602 σοφίας
1130 5554 1189 5588 τε
1214 5538 1425 5606 καὶτῆς
1458 5539 1660 5608 ἀρετῆς
1692 5539 1989 5592 ἀπολαύειν

414 5629 493 5688 είς
540 5625 688 5680 ἅπαν
756 5629 891 5695 ὅπερ
961 5629 1152 5700 ἐκείνῳ
1212 5634 1308 5685 καὶ
1379 5633 1566 5703 πόρρω
1635 5631 1839 5685 σκοποῦ
1893 5634 1988 5685 καὶ

415 5717 597 5783 σχεδὸν
627 5716 886 5768 ἀδύνατον
912 5713 978 5786 ἦν
1007 5719 1130 5788 ἤδη,
1185 5721 1321 5788 προς
1364 5721 1456 5772 τὸν
1488 5719 1775 5775 κάλλιστον
1815 5723 1985 5786 Ἄθω,

415 5807 556 5858 καθά
597 5808 659 5876 δὴ
693 5809 786 5861 καὶ
813 5807 981 5860 εἰπὼν
1019 5810 1210 5879 ἔφθην,
1241 5813 1335 5864 καὶ
1367 5813 1462 5875 τὰς
1491 5813 1698 5865 ἐκείνου
1755 5814 1987 5883 χάριτας

416 5901 478 5949 ἐκ
511 5900 721 5970 μακροῦ
775 5900 1043 5969 βλέποντι.
1087 5899 1262 5973 Ἷίρος
1313 5907 1603 5975 τοιγαροῦν
1653 5908 1987 5977 ἀρχομένου,

2095 4699 2224 4770 μηδ’
2249 4699 2552 4767 ἀμφίϐαλε,
2584 4700 2750 4768 φησὶν
2775 4700 3196 4768 ἀὴγαπημένος
3223 4699 3466 4770 Χριστοῦ
3497 4695 3679 4770 μαθη-’

2093 4792 2200 4870 τὴς
2255 4788 2438 4853 αὖθις,
2476 4793 2509 4861 ἡ
2570 4791 2790 4844 πάντων
2845 4790 3221 4843 διακελεύεται
3277 4791 3544 4843 Δέσποινα
3603 4792 3673 4844 δι’

2093 4884 2276 4954 ἡμῶν
2303 4885 2439 4950 αὑτὴ
2467 4885 2576 4952 γὰρ
2595 4885 2692 4938 καὶ
2715 4883 2825 4952 ἐγὼ
2859 4902 2941 4937 σοι
2961 4884 3153 4953 βοηθὸς
3185 4884 3404 4952 ἔσομαι.
3440 4903 3458 4934 ι
3484 4884 3591 4937 Τοῦ
3616 4885 3692 4936 δὲ·

2095 4984 2134 5034 Γ
2143 4983 2406 5053 ρηγορίου
2440 4983 2532 5035 τὸν
2563 4983 2922 5052 μυσταγωγὸν
2947 4984 3352 5052 ἐπανερομένου
3371 4983 3463 5036 καὶ
3488 4983 3670 5046 πάλιν,

2093 5074 2204 5126 Καὶ
2225 5073 2328 5125 ποῦ
2354 5074 2534 5142 μοιτά
2560 5076 2659 5141 τῆς
2702 5073 3023 5144 συμμαχίας
3052 5069 3142 5144 ἆρ’
3183 5074 3336 5127 ἔσται
3393 5074 3544 5141 παρὰ
3608 5090 3674 5142 γε

2090 5169 2191 5237 τῆς
2221 5168 2444 5237 Μητρὸς
2478 5168 2571 5219 τοῦ
2597 5167 2804 5236 Κυρίου
2842 5185 2966 5236 μου,
3002 5171 3058 5220 ἐν
3082 5168 3158 5236 τῷ
3187 5167 3414 5237 παρόντι
3455 5168 3486 5236 ἢ
3517 5168 3697 5237 ἐντῷε

2097 5260 2344 5329 μέλλοντι
2375 5279 2388 5326 ;
2423 5263 2450 5313 ὁ
2477 5261 2584 5312 τῶν
2609 5260 2862 5328 μεγάλων
2883 5261 2977 5314 καὶ
2993 5261 3219 5329 ὑψηλῶν
3251 5259 3667 5328 εὑαγγελιστὴς,

2098 5355 2239 5408 (Καὶ
2275 5355 2442 5406 πάλαι
2474 5354 2569 5407 καὶ
2600 5353 2716 5416 νῦν,
2747 5354 2850 5406 κάν
2887 5353 2965 5422 τῷ
2992 5352 3244 5422 παρόντι,
3283 5351 3426 5421 μάλα
3453 5349 3674 5419 χαριέν-

2092 5465 2198 5510 τως
2228 5465 2285 5500 τε
2314 5447 2408 5499 καὶ
2435 5447 2604 5517 ἡδέως
2630 5445 2785 5515 φησὶ,
2814 5448 2918 5498 κάν
2940 5446 3016 5514 τῷ
3048 5446 3318 5514 μέλλοντι.
3353 5463 3371 5494 ι
3707 5431 3710 5434 ’

2164 5539 2275 5592 Καὶ
2308 5541 2337 5591 6
2375 5539 2472 5606 μὲν
2500 5535 2674 5591 ταῦτα
2699 5537 2795 5589 καὶ
2813 5537 3165 5606 χρηματίσας
3205 5537 3530 5607 ὑπερφυῶς,
3573 5538 3680 5590 καὶί

2089 5630 2192 5700 τῆς
2225 5629 2375 5692 θείας
2408 5629 2623 5697 ἐκείνης
2656 5627 2840 5697 ὀμφῆς
2862 5627 2956 5680 καὶ
2981 5627 3091 5680 τῶν
3113 5628 3366 5696 μεγάλων
3385 5626 3688 5696 ἐμπλήσας

2090 5724 2353 5794 ἀρῥήτως
2399 5721 2500 5788 τῆς
2555 5719 2905 5790 Θεομήτορος
2947 5720 3166 5790 δωρεῶν
3215 5719 3305 5773 τὸν
3357 5719 3685 5790 Γρηγόριον-ι

2090 5816 2300 5886 ἀφανὴς
2328 5811 2394 5884 ἦν
2423 5830 2436 5845 ·
2465 5816 2492 5867 6
2531 5813 2589 5866 δὲ
2613 5811 2692 5876 τῷ
2719 5813 2868 5884 καλῷ
2897 5815 3112 5884 μαθητῇ
3149 5814 3246 5866 καὶ
3288 5813 3520 5883 συνοίκῳ
3567 5813 3675 5865 καὶ·

2091 5908 2306 5980 ζηλωτῇ
2357 5906 2456 5974 τῆς
2499 5905 2778 5967 πολιτείας
2831 5905 3062 5960 καθόσον
3105 5887 3218 5959 οἷόν
3271 5923 3353 5970 τε,
3414 5905 3507 5957 καὶ
3560 5903 3678 5956 τῶν
