4082 6416
499 383 594 444 6'1

1760 386 1802 446 G
1821 386 2135 448 REGOHH
2175 389 2499 451 PALAME

3647 394 3754 458 .572

454 496 643 561 ,μετά
675 492 768 561 τῆς
795 491 879 543 δια
914 493 1033 555 οἵας
1061 494 1150 546 καὶ
1184 494 1309 559 τοὺς
1331 495 1423 549 τοῦ
1454 497 1708 567 σώματος
1736 502 2073 572 ὀφθαλμοὺς.
2101 505 2152 566 Δ
2180 512 2477 580 ἐνομίζετο·
2516 512 2815 581 ἐξέπληττε
2849 511 2941 566 καί¹
2976 514 3082 583 γὰρ
3116 511 3314 571 αὑτοὺς
3352 516 3489 584 μετὰ
3528 514 3618 569 τ’)ὖ
3656 518 3752 582 τῆῖ

498 586 567 635 δι’
598 587 763 650 αὐτῆς
795 586 1050 656 ἐπεζήτει
1078 589 1284 652 πιστῶς
1316 591 1374 643 ἐν
1424 590 1625 658 γνώσει
1666 596 1943 663 γενέσθαι,
1978 613 2076 651 κα-

499 674 655 727 θόσον
670 671 871 744 οῗόντε,
894 675 987 730 τοῦ
1020 677 1165 731 θείου
1193 678 1518 749 θελήματος.
1556 683 1832 750 Ἀνελίξας
1856 703 2076 756 τοιγαρ-

495 765 611 832 οῦν,
649 770 745 822 καὶ
782 770 841 822 τὸ
872 769 1028 841 δμμα
1054 773 1165 835 τοῖς
1204 773 1546 842 ἐγκειμένοις
1590 777 1890 839 ἐπιϐαλὼν,
1932 779 2074 832 ἐκεί-

496 873 611 922 νοις
641 860 803 925 εὐθὺς
833 864 1179 934 ἐντυγχάνει,
1206 861 1287 929 οἷς
1310 868 1482 933 δήπου
1525 872 1620 924 καὶ
1652 873 1787 937 1:96;
1828 873 2075 938 Γαλάτας

498 952 668 1006 πάλαι
725 955 956 1025 γράφων
1008 960 1036 1010 6
1072 959 1234 1025 σοφὸς
1298 960 1508 1025 Παῦλος
1538 963 1632 1017 τοῦ
1687 964 1846 1031 λόγου
1884 983 2075 1037 προοι-

502 1042 645 1112 μίοις
699 1048 992 1118 ἐχρήσατοο
1046 1069 1064 1101 ι
1095 1052 1306 1115 Παῦλος
1352 1054 1670 1119 ἀπόστολος,
1723 1056 1933 1124 λέγων,
1974 1062 2073 1112 οὑκ

390 1151 398 1160 ’
498 1136 595 1190 ἀπ’
626 1138 949 1208 ἀνθρώπων,
992 1142 1109 1195 οὑδέ
1136 1143 1204 1196 δι’
1245 1146 1558 1214 ἀνθρώπου,
1592 1149 1726 1203 ἀλλά
1766 1150 1856 1203 διὰ
1896 1151 2070 1221 Ἰησοῦ

498 1229 739 1300 Χριστοῦ
773 1234 867 1285 καὶ
919 1234 1054 1287 Θεοῦ
1110 1237 1317 1306 Πατρός
1349 1239 1389 1292 ⁷.
1432 1259 1450 1290 ι
1527 1241 1809 1294 Ἐντεῦθεν
1867 1244 2073 1308 ἐκεῖνος

501 1323 703 1386 συνεὶς,
759 1324 835 1388 ὡς
883 1327 983 1379 οὑκ
1035 1327 1163 1379 ἄνευ
1202 1331 1573 1401 ἐπιφροσύνης
1621 1335 1729 1387 οὐδ’
1781 1338 2075 1402 ἐπιπνοίας

496 1410 633 1465 Θεοῦ
666 1414 727 1468 τὸ
780 1419 1121 1486 γιγνόμενον,
1155 1420 1276 1474 οὔτε
1335 1423 1441 1492 μὴν
1475 1426 1584 1478 τῶν
1634 1427 1990 1498 ἀνθρωπίνων
2020 1448 2072 1484 τι

498 1505 595 1557 καὶ
644 1507 822 1576 χαμαὶ
877 1510 1216 1580 ἐρχομένων,
1277 1519 1391 1578 τοῖς
1441 1517 1666 1587 ὑψηλοῖς
1710 1521 1945 1586 ἐκείνοις
1979 1525 2072 1576 καὶ

499 1594 666 1659 θείοις
692 1598 829 1662 ὅλως
895 1603 1277 1671 προσίσταται,
1327 1609 1423 1661 καὶ
1472 1609 1685 1679 δέχεται
1716 1612 1785 1665 τά
1819 1611 1941 1666 θεῖα
1976 1615 2073 1667 καὶ

501 1687 623 1755 ἱερά
657 1686 821 1754 θείως
860 1693 955 1748 καὶ
980 1695 1160 1766 ίερῶς,
1193 1697 1350 1769 εἴπερ
1379 1716 1463 1764 τις
1506 1696 1659 1771 οἶμαι
1689 1703 1797 1756 τῶν
1827 1706 2069 1770 πάντων,

500 1779 598 1832 καὶ
624 1787 928 1853 προσκυνεῖ
952 1787 1043 1840 τὸν
1081 1788 1478 1860 δεδωρημένον,
1517 1793 1609 1846 καὶ
1641 1795 1778 1864 πρὸς
1816 1798 2071 1863 μείζονας

495 1871 624 1934 τοὺς
681 1873 821 1944 ὑπὲρ
874 1879 1081 1949 ἀρετῆς
1134 1882 1351 1949 ἀγῶνας
1406 1884 1573 1948 εὐθὺς
1646 1887 1964 1954 ἀποδύεται,
2015 1890 2072 1942 ἐν

492 1961 749 2035 αίσθήσει
801 1967 900 2037 τῆς
930 1962 1081 2035 θείας
1104 1972 1262 2037 ἀξίας
1315 1977 1708 2045 γεγενημένος,
1765 1981 1860 2032 καὶ
1896 1981 2074 2050 τιμῶν

496 2059 640 2125 μάλα
667 2060 844 2128 σοφῶς
864 2064 892 2116 ὁ
916 2064 1080 2132 σοφὲς
1105 2065 1195 2119 τὸν
1219 2072 1573 2138 τετιμηκότα·
1603 2072 1633 2135 ἢ
1662 2072 1756 2125 καὶ
1788 2072 1849 2127 τὸ
1875 2073 2069 2146 δῶρον,

458 2148 826 2221 ὀίκειότερον
858 2156 1052 2220 εἰπεῖν,
1094 2158 1275 2228 ἐαυτῷ
1334 2162 1534 2228 μᾶλλον
1578 2163 1784 2228 αῦξων,
1833 2167 1929 2218 καὶ
1972 2166 2074 2237 τὴν

493 2240 751 2311 λαμπάδα
783 2247 963 2301 καὶτὸ
1023 2251 1137 2323 πῦρ
1170 2253 1425 2308 ἀνάπτων
1454 2257 1729 2328 ὁσημέραι
1764 2257 1858 2312 τοῦ
1902 2260 2095 2312 [lysi-4

494 2347 686 2399 ματος.

563 2425 674 2492 Τῆς
700 2427 807 2496 γάρ
843 2428 1244 2500 Θεσσαλονίκης
1285 2438 1423 2505 μετά
1463 2439 1558 2507 τὴν
1602 2446 1941 2511 χειροτονίαν
1977 2447 2072 2501 καὶ

489 2513 584 2610 τδν
609 2516 993 2588 θεῖονέκεῖνον,
1015 2517 1160 2597 ᾗπερ
1182 2526 1338 2597 ἔφην,
1362 2533 1611 2601 χρησμὸν
1657 2537 1856 2607 μικρὸν
1882 2540 2074 2610 προελῆ

492 2606 696 2670 θὸντες,
732 2612 832 2665 κάν
856 2617 920 2684 τῇ
958 2617 1163 2683 γείτονι
1196 2621 1435 2693 Βερροίᾳ
1470 2606 1777 2697 γενόμενοι,
1810 2630 1872 2684 τὸ
1894 2606 2071 2706 ταύτῃ

491 2704 903 2772 παρακείμενον
928 2708 1073 2778 ὅρος,
1113 2714 1209 2766 καὶ
1240 2714 1339 2784 τὴν
1367 2718 1485 2770 ἐκεῖ
1520 2723 1920 2794 συνισταμένην
1945 2704 2069 2781 τότε

489 2794 601 2847 τῶν
646 2799 992 2866 μοναζὸντων
1043 2810 1253 2876 σκήτην
1291 2811 1661 2883 είσέρχονται*
1702 2816 1833 2871 ἔνθα
1877 2819 1943 2891 δὴ
1975 2821 2070 2886 καὶ

491 2894 907 2983 φροντιστήριον
944 2897 1093 2960 θείας
1124 2901 1444 2970 φιλοσοφίας
1473 2908 1501 2959 6
1530 2907 1834 2979 Γρηγόριος
1866 2892 2069 2983 συστη-

492 2978 752 3048 σάμενος,
784 2985 883 3038 σὺν
909 2985 1041 3040 δέκα
1067 2991 1178 3053 τοῖς
1204 2992 1443 3064 ἑταίροις
1467 2999 1561 3050 καὶ
1590 3000 1702 3054 τῶν
1741 3000 1872 3056 ῖσων
1902 3021 2070 3060 σπου-

489 3071 713 3168 δασταῖς
748 3093 806 3128 τε
830 3078 924 3130 καὶ
953 3087 1248 3149 κοινωνοῖς,
1280 3087 1372 3139 τὸν
1402 3089 1779 3161 πληρέστατόν
1807 3114 1949 3168 φημι
1974 3101 2068 3153 καὶ

2179 604 2432 675 πράξεως
2472 604 2677 674 ὑψηλοῦ
2707 606 2800 659 καὶ
2822 609 2851 661 ό
2880 605 3063 675 λόγος,
3094 609 3187 661 καὶ
3214 611 3276 662 τὸ
3328 611 3517 662 καινόν
3559 628 3617 664 τε
3663 613 3756 665 καὶ

2178 698 2461 768 ὑπερφυὲς
2488 699 2661 763 δι’τως
2689 701 2787 767 τῆς
2837 701 2989 765 θείας
3032 702 3249 772 σοφίας,
3280 703 3376 756 καὶ
3410 704 3603 775 μηδενί
3649 723 3754 758 τινι

2176 796 2286 841 τῶν
2313 789 2489 843 ἄλλων
2538 791 3050 862 παραϐαλλόμενον.

2249 884 2358 936 Καὶ
2391 884 2443 936 τί
2473 884 2580 955 χρὴ
2609 885 2702 937 καὶ
2751 885 2953 951 λέγειν,
2985 886 3121 940 ὅπου
3153 904 3217 955 γε
3246 887 3341 942 καὶ
3371 890 3615 955 σιωπῶν,
3657 891 3753 941 καὶ

2180 977 2340 1048 μόνον
2362 954 2658 1046 ὁρώμενος,
2684 972 2728 1031 ὦ
2759 978 3052 1046 θαυμάσιε,
3089 980 3276 1050 θαῦμα
3305 983 3426 1045 ταῖς
3450 954 3560 1035 τιτι
3585 980 3786 1051 ὁρών-”

2174 1087 2281 1121 των
2311 1067 2516 1136 ψυχαῖς
2551 1070 2852 1134 ἐνεποίεις;
2885 1068 2982 1123 νῦν
3034 1071 3132 1138 μὲν
3179 1070 3405 1133 σύννους
3429 1087 3515 1134 τις
3544 1069 3619 1123 ὢν
3659 1073 3757 1124 καλ⁸

2174 1161 2312 1231 πρὸς
2335 1160 2528 1213 ἑαυτὸν
2561 1161 2654 1213 καὶ
2679 1161 2772 1213 τὸν
2817 1161 2954 1215 Θεὸν
2981 1162 3118 1223 ὅλως
3148 1163 3620 1233 ἐπεστραμμένος,
3656 1167 3754 1217 καὶ

2172 1253 2495 1322 λελουμένος
2528 1255 2824 1323 ὑπερφυῶς
2858 1257 2967 1316 τοῖς
2999 1256 3205 1318 καινοῖς
3233 1256 3462 1318 ἐκείνοις
3512 1257 3750 1326 ῥεύμασι

2172 1345 2278 1398 τῶν
2304 1345 2583 1413 δακρύων·
2617 1349 2711 1399 νῦν
2735 1348 2777 1399 δ’
2805 1347 2879 1410 ὡς
2899 1348 3007 1402 ἀπὸ
3034 1350 3265 1415 καμίνου
3288 1331 3463 1418 πυρὸς
3485 1348 3554 1401 τά
3579 1352 3751 1418 πρόσ-

2171 1455 2297 1491 ωπα
2339 1439 2519 1508 φέρων
2551 1440 2690 1508 ὑπὲρ
2731 1439 2893 1509 φύσιν
2921 1441 3209 1509 φωτοειδῆ,
3260 1441 3359 1492 καὶ
3390 1439 3467 1509 τῷ
3491 1442 3628 1510 πυρὶ
3654 1441 3749 1494 τοῦ

2174 1531 2491 1598 Πνεύματος
2527 1531 3013 1599 μετεσκευασμένα
3037 1548 3099 1584 τε
3128 1532 3225 1585 καὶ
3262 1529 3629 1601 ἡλλοιωμένα,
3659 1534 3756 1586 καὶ

2175 1624 2389 1694 μάλισθ’
2418 1626 2507 1678 ὅτε
2532 1625 2630 1694 τῆς
2662 1624 2770 1677 τῶν
2800 1624 2965 1695 ίερῶν
3015 1625 3290 1694 μυστικῆς
3317 1624 3565 1694 τελετῆς,
3592 1625 3625 1695 ἢ
3657 1626 3753 1679 καί

2170 1719 2262 1771 τοῦ
2291 1717 2535 1771 οίκίσκου
2567 1716 2663 1772 καὶ
2688 1718 2782 1787 τῆς
2813 1718 3045 1788 ἡσυχίας
3073 1717 3275 1788 ἐξῄεις.

2253 1811 2343 1863 Ἐν
2388 1811 2444 1864 δέ
2471 1811 2679 1872 τούτοις
2707 1810 2822 1864 ὄντι
2875 1812 2968 1864 καὶ
3032 1813 3145 1875 τοῖς
3176 1809 3465 1874 τοιούτοις,
3516 1811 3751 1881 ἀπαίρει

2181 1904 2277 1975 μὲν
2312 1904 2420 1957 τῶν
2465 1902 2718 1966 ἐνταῦθα,
2758 1904 2853 1957 καὶ
2887 1903 3024 1972 πρὸς
3051 1903 3185 1957 Θεὸν
3218 1905 3357 1972 μετὰ
3391 1903 3607 1975 συχνῶν
3637 1905 3751 1957 τῶν

2174 1994 2270 2053 τῆς
2314 1992 2517 2060 ἀρετῆς
2575 1991 2875 2062 ἀγωγίμων
2930 1993 2965 2063 ἡ
3020 1993 3284 2065 καλλίστη
3324 1993 3752 2065 καὶπρπφιλὴς

2173 2080 2342 2144 ὄντως
2377 2082 2692 2149 μεταϐαίνει
2749 2085 2935 2153 μήτηρ
2963 2083 3043 2154 τῷ
3075 2085 3367 2156 Γρηγορίῳ
3388 2102 3402 2117 ο
3447 2087 3755 2155 γράμματα

2173 2170 2217 2222 δ’
2256 2170 2413 2232 εὐθὺς
2439 2170 2547 2223 τῶν
2570 2170 2753 2238 ἐκείνη
2776 2189 3045 2227 συνασκου
3055 2173 3232 2244 μένων
3264 2175 3585 2246 θυγατέρων
3608 2194 3753 2245 παρ-

2175 2262 2341 2317 θένιον
2367 2264 2429 2315 ἐκ
2483 2263 2780 2326 Βυζαντίου
2829 2264 3033 2334 δηλαδὴ
3085 2267 3222 2337 1:96;
3270 2266 3464 2321 τοῦτον
3495 2267 3748 2335 φοιτῶσι,

2171 2358 2269 2424 τήν
2301 2374 2369 2425 τε⁸
2400 2356 2499 2423 τῆς
2526 2357 2713 2426 κοινῆς
2756 2355 2964 2428 μητρὸς
2994 2355 3131 2426 ὁμοῦ
3184 2357 3527 2425 γνωρίζοντα
3565 2359 3755 2410 τελευ-

2170 2449 2291 2515 τὴν,
2317 2449 2411 2500 καὶ
2450 2447 2611 2500 αὑτὸν
2655 2447 2791 2518 1:96;
2822 2447 3112 2517 ἐπίσκεψιν
3134 2448 3344 2502 ἑαυτῶν
3379 2450 3476 2503 καὶ
3500 2466 3753 2518 πνευμα-

2171 2542 2330 2609 τικὴν
2354 2539 2571 2609 ὀδηγίαν
2589 2538 3027 2609 παρακαλοῦντα.
3050 2538 3306 2594 Πείθεται
3331 2543 3446 2604 τοῖς
3460 2543 3752 2610 γράμμασι

2172 2635 2268 2689 καὶ
2291 2636 2355 2703 τῇ
2390 2633 2727 2704 προσκλήσει
2757 2632 2865 2685 τῶν
2894 2633 3164 2700 ἀδελφῶν,
3195 2634 3331 2688 πολὺ
3364 2638 3503 2705 μετά
3532 2635 3624 2688 τοῦ
3669 2635 3751 2689 διο

2172 2728 2328 2782 καίου
2361 2727 2453 2780 καί¹
2483 2726 2542 2780 τὸ
2589 2727 2879 2794 ἐπαγωγὸν
2917 2728 3052 2796 ὁμοῦ
3099 2730 3485 2797 κεκτημένοις,
3541 2729 3753 2783 ἄνεισιν

2170 2821 2250 2884 είς
2275 2819 2374 2890 τὴν
2398 2821 2830 2882 Κωνσταντίνου,
2854 2820 2949 2872 καὶ
2975 2821 3098 2881 τοὺς
3133 2821 3399 2889 ἀδελφοὺς
3421 2820 3560 2891 ἔχων
3581 2821 3751 2891 ἄμφω

2171 2911 2292 2983 μεθ’
2318 2909 2541 2965 ἑαυτοῦ’
2578 2912 2827 2982 εὑρίσκει
2873 2912 2974 2972 τὰς
3004 2911 3244 2980 ἀδελφὰς
3280 2913 3406 2965 κατ’
3436 2913 3590 2967 οὐδὲν
3614 2914 3751 2981 ψευ-

2171 3004 2413 3072 σαμένας
2432 3003 2493 3056 τὸ
2513 3004 2689 3072 γένος,
2720 3003 2992 3074 θαυμάζει
3018 3004 3119 3074 τὴν
3136 3005 3361 3076 ἀρετὴν,
3388 3007 3606 3059 ἐπαινεῖ
3624 3010 3752 3070 τοὺς

2169 3097 2384 3162 ἀγῶνας
2420 3096 2514 3150 καὶ
2546 3095 2608 3149 τὸ
2637 3096 2725 3149 διὰ
2773 3095 2992 3149 πάντων
3027 3096 3270 3166 καθαρὸν
3303 3097 3398 3151 καὶ
3428 3099 3754 3168 ήκριϐωμέ-
3854 3148 3863 3158 ,

490 3161 698 3261 τέλειον
732 3167 985 3236 ἀριθμὸν,
1018 3171 1085 3225 τὰ
1118 3175 1218 3244 τῆς
1246 3177 1358 3231 ἄνω
1390 3183 1484 3233 καὶ
1516 3182 1666 3247 θείας
1701 3161 2062 3261 τελειότητος,
2088 3187 2135 3251 C
2166 3161 2254 3242 νόν
2273 3187 2368 3243 ’τεοὖ
2402 3188 2517 3260 βίου
2544 3203 2560 3220 ⁹
2592 3188 2825 3258 καίθεῷ
2846 3190 2945 3259 τὴν
2970 3161 3363 3258 προσήέουσαν
3387 3190 3751 3253 ἀποδεδωκὼς

489 3256 521 3307 6
544 3255 647 3323 πλή
658 3275 759 3328 ρης
786 3259 960 3326 ὅντως
1000 3267 1199 3330 παντὸς
1256 3270 1490 3340 ἀγαθοῦ,
1541 3277 1636 3329 καὶ
1665 3277 1821 3344 αὖθις
1852 3255 2067 3351 φιλοσοὲ

492 3350 618 3449 φεῖν
648 3352 895 3449 ἄρχεται,
929 3355 1027 3421 τὰς
1058 3359 1157 3426 μὲν
1187 3363 1347 3417 πέντε
1380 3367 1479 3434 τῆς
1510 3369 1803 3440 ἑϐδομάδος
1827 3376 2066 3449 ἑκάστης

490 3438 711 3535 ἡμέρας
738 3444 900 3509 αὑτός
930 3463 990 3500 τε
1036 3450 1214 3520 μένων
1248 3455 1528 3525 ἀπρόῖτος,
1560 3438 1652 3514 καί
1712 3466 1915 3535 μηδένα

490 3531 713 3586 πάντων
745 3537 1013 3606 μηδαμῶς
1054 3544 1135 3603 εἰς
1164 3545 1385 3613 ὁμιλίαν
1423 3531 1888 3624 παραδεχόμενος,
1925 3559 2067 3613 Σαϐ-

492 3624 658 3724 ϐάτου
682 3628 737 3681 δὲ
765 3629 859 3682 καὶ
882 3632 1169 3724 Κνυριακῆς
1189 3631 1327 3706 πρός
1354 3657 1414 3692 τε
1442 3642 1541 3714 τὴν
1567 3648 1841 3719 μυστικὴν
1866 3650 2068 3724 δηλαδὴ

494 3716 710 3784 ουσίαν,
751 3722 847 3774 καὶ
886 3723 980 3793 τὴν
1010 3727 1118 3781 τῶν
1159 3729 1407 3801 ἀδελφῶν
1454 3736 1658 3806 προῖὼν
1688 3725 2069 3816 πνευματικὴν

489 3809 709 3879 ὁμιλίαν
736 3813 829 3867 καὶ
850 3814 1066 3873 ἕνωσιν.
1104 3820 1264 3884 Ἔτος
1296 3825 1397 3893 μὲν
1427 3825 1523 3881 οὖν
1542 3830 1697 3901 αὐτῷ
1721 3809 2068 3905 τῆςνήλικίας

487 3902 794 3993 τηνικαῦτα
825 3909 1149 3974 τριακοστὸν
1181 3906 1272 3981 ἦν,
1308 3909 1421 3986 εἶχε
1460 3916 1517 3972 δὲ
1556 3919 1649 3972 καὶ
1682 3921 1780 3975 τοῦ
1816 3902 2069 3993 σώματος

489 3991 821 4089 ἐρρωμένως
848 3997 952 4064 ἔτι,
985 4002 1153 4071 μήπω
1182 4004 1456 4077 μηδεμιᾶς
1479 3991 2071 4089 προσϐαλούσηςήαὺτῷ

489 4085 648 4176 νόσου
686 4090 824 4158 μηδὲ
876 4090 1076 4163 βραχύο
1107 4093 1230 4149 ὅθεν
1282 4099 1377 4151 καὶ
1428 4102 1694 4169 μειζόνων
1745 4085 1931 4176 πολλῷ
1960 4085 2073 4163 τῶν

488 4175 719 4244 ἀγώνων
749 4182 846 4235 καὶ
875 4185 1248 4256 σκληροτέρας
1285 4188 1385 4258 τῆς
1415 4191 1643 4261 ἀγωγῆς
1688 4175 1939 4264 ἅπτεται,
1971 4216 2067 4269 νη-

490 4272 648 4341 στείᾳ
682 4277 776 4329 καὶ
823 4276 1103 4351 ἀγρυπνίᾳ
1154 4284 1342 4354 μακρᾷ
1390 4288 1719 4354 κατατήκων
1768 4289 1828 4342 τὸ
1884 4292 2065 4363 σῶμα,

489 4365 588 4416 καὶ
619 4367 942 4433 φιλονεῖκῶν
970 4372 1052 4434 είς
1084 4372 1236 4436 τέλος
1258 4375 1526 4442 ὑποτάξαι
1555 4379 1634 4449 τῷ
1663 4382 1956 4452 πνεύματι·
1981 4387 2071 4453 ἐγ-

489 4457 723 4529 κρατείᾳ
770 4477 830 4513 τε
883 4463 1198 4535 παντοδαπῇ
1234 4467 1330 4521 καὶ
1367 4468 1548 4538 νήψει,
1586 4472 1683 4525 καὶ
1715 4477 1781 4545 τῇ
1841 4475 2066 4546 συνήθει

487 4550 599 4604 τῶν
621 4551 874 4619 δακρύων
908 4561 1058 4626 πηγῇ
1091 4558 1152 4610 τὸ
1180 4560 1276 4629 τῆς
1302 4558 1480 4632 ψυχῆς
1502 4564 1730 4620 ὀπτικδν
1752 4568 2068 4623 ἀπολεπτύ-

489 4662 598 4697 νων
630 4661 689 4696 τε
722 4645 815 4697 καὶ
847 4648 1147 4721 καθαίρων,
1178 4654 1272 4704 καὶ
1302 4654 1441 4724 πρὸς
1470 4656 1531 4709 τὸ
1557 4664 1818 4726 συγγενὲς
1850 4662 2068 4730 ἀνάγων

490 4734 602 4786 αἰεὶ
627 4732 772 4786 θεῖον
811 4734 901 4788 διὰ
925 4736 1024 4806 τῆς
1056 4740 1408 4797 ἀδιαλείπτου
1451 4748 1594 4817 φημὶ
1628 4747 1720 4802 τοῦ
1769 4750 1861 4803 νοῦ
1891 4770 2064 4821 προσ-

489 4826 676 4895 ευχῆς,
727 4828 820 4880 καὶ⁸
857 4830 954 4898 τῆς
989 4832 1194 4901 ἀμέσου
1225 4838 1366 4890 κατά
1389 4839 1549 4908 χάριν
1581 4841 1673 4895 τοῦ
1700 4843 1837 4897 Θεοῦ
1875 4862 2066 4900 κοινω-

490 4918 611 4979 νίας
671 4935 730 4971 τε
792 4920 886 4973 καὶ
935 4922 1202 4989 ἐνώσεως.
1271 4928 1550 4985 Ἐντεῦθεν
1603 4934 1652 4987 οἱ
1714 4937 1918 5005 καρποὶ
1969 4937 2064 4990 τοῦ

493 5008 833 5099 ῌνεύματος,
887 5014 1233 5083 ἀπστολικῶς
1286 5023 1487 5087 εἰπεῖν,
1536 5026 1594 5077 ἐν
1623 5027 1774 5096 αὑτῷ
1807 5028 2065 5099 βρύοντες

487 5098 652 5173 ἦσαν,
690 5105 785 5158 καὶ
816 5107 1017 5171 πάντες
1055 5111 1151 5182 οὑχ
1182 5113 1231 5165 οἱ
1259 5116 1358 5169 σὺν
1403 5117 1553 5190 αὐτῷ
1589 5123 1770 5190 μόνον,
1805 5123 1946 5176 ἀλλὰ
1972 5124 2065 5176 καί⁸

488 5197 538 5250 οἱ
567 5197 628 5250 τὸ
665 5199 789 5268 ὅρος
820 5202 998 5256 ἐκεῖνο
1031 5206 1154 5258 κατ’
1201 5207 1380 5275 ἔρωτα
1411 5212 1564 5276 θείας
1611 5214 1933 5285 φιλοσοφίας
1971 5217 2066 5270 καὶ

485 5292 588 5362 τὴν
613 5294 770 5348 πόλιν
797 5297 1076 5361 οἰκοῦντες
1107 5300 1390 5368 ὡσαύτως,
1420 5305 1495 5367 ὡς
1527 5309 1607 5371 είς
1635 5308 1946 5377 ἀρχέτυπον
1973 5309 2065 5363 καὶ

487 5386 674 5440 εἰκόνα
714 5389 836 5441 τινὰ
872 5390 967 5459 τῆς
1002 5393 1206 5463 ἀρετῆς
1234 5394 1557 5470 θαυμαστὴν
1586 5400 1682 5467 τὴν
1717 5402 1928 5454 ἐκείνου
1962 5420 2062 5455 πο-

487 5475 696 5531 λιτείαν
720 5496 780 5532 τε
804 5480 894 5533 καὶ
922 5484 1014 5534 τὸν
1057 5482 1214 5552 λόγον
1248 5487 1458 5557 ἐώρων,
1506 5492 1603 5544 καὶ
1641 5490 1827 5559 θαῦμά
1856 5510 1907 5544 τι
1936 5511 2063 5547 και-

488 5570 576 5621 νὺν
605 5572 664 5623 τὸ
692 5574 812 5625 κατ’
840 5576 1020 5641 αὑτὸν,
1054 5580 1149 5632 καὶ
1194 5583 1386 5651 πόρρω
1433 5583 1531 5651 τῆς
1580 5584 1702 5636 καθ’
1755 5587 1902 5656 ήμᾶς
1932 5605 2064 5640 ταυ-

489 5665 618 5731 τησὶ
670 5669 885 5733 γενεᾶς,
933 5671 1029 5723 καὶ
1087 5671 1228 5743 ὑπὲρ
1286 5672 1573 5742 ἄνθρωπον
1631 5678 1815 5746 σχεδὸν
1880 5681 2062 5745 αὑτοῖς

567 5851 586 5877 ’⁷
625 5852 742 5908 Cu}.
777 5871 815 5917 ι,
850 5857 895 5910 ί.

2169 3283 2310 3353 ὑπὲρ
2340 3282 2559 3335 πάντων
2579 3282 2956 3352 εὐχαριστίαν,
2985 3281 3078 3333 καὶ
3099 3279 3168 3333 τά
3204 3279 3510 3352 ὑψηλότερα
3536 3282 3630 3335 καὶ
3656 3284 3754 3336 αὑ-

2168 3374 2258 3435 τὸς
2290 3375 2376 3440 ἐφ’
2407 3374 2589 3427 ἱκανὸν
2642 3374 3088 3444 μυσταγωγήσας
3120 3372 3217 3428 καὶ
3256 3375 3622 3444 παραινέσας,
3652 3376 3755 3443 τῆς

2169 3465 2431 3518 ἐπανόδου
2464 3465 2559 3516 καὶ
2613 3460 2771 3525 αὖθις
2803 3464 2898 3516 καὶ
2930 3463 3033 3529 τῆς
3080 3464 3432 3534 ὑποστροφῆς
3461 3463 3558 3534 τῆς
3612 3465 3754 3534 1:96;

2167 3558 2266 3625 τὴν
2284 3555 2633 3627 ἀναχώρησιν
2666 3556 2902 3623 γίνεται.
2922 3555 3065 3609 Ἀλλ’
3095 3556 3158 3609 οὑ
3198 3555 3479 3610 συνεδόκει
3513 3558 3605 3610 καὶ
3634 3559 3754 3619 ταῖς

2169 3648 2425 3717 ἀδελφαῖς
2452 3649 2626 3702 ταῦτα
2648 3662 2663 3678 ⁸
2697 3648 2730 3717 ἢ
2770 3649 2879 3718 γὰρ
2919 3648 3175 3701 κάκεῖνον
3215 3649 3312 3700 σὺν
3340 3649 3458 3709 τοῖς
3498 3647 3753 3717 ἀδελφοῖς

2170 3740 2357 3794 αὑτόθι
2387 3742 2663 3810 παρεῖναι,
2720 3737 2815 3791 καί⁵
2867 3736 3143 3791 διδάσκειν
3187 3739 3285 3790 καὶ
3315 3736 3591 3789 νουθετεῖν
3628 3740 3757 3805 ὁση-

2173 3835 2359 3905 μέραι,
2391 3836 2486 3888 καὶ
2517 3833 2618 3903 τῆς
2648 3831 2786 3901 πρὸς
2814 3833 3015 3901 ἀρετήν
3046 3847 3107 3883 τε
3131 3829 3225 3883 καὶ
3254 3830 3390 3883 Θεὸν
3411 3829 3580 3894 ἀξίως
3602 3832 3755 3899 ήγεῖυ

2172 3928 2318 3991 σθαι,
2350 3927 2381 3998 ἢ
2411 3928 2506 3981 καὶ
2554 3926 2723 3987 αὑτὰς
2753 3922 3162 3993 συναποδημεῖν
3185 3922 3439 3985 ἐκείνοις,
3475 3923 3571 3975 καὶ
3616 3922 3755 3989 πρὸς

2170 4021 2269 4092 τὴν
2300 4021 2458 4089 ξένην
2503 4035 2563 4071 τε
2612 4019 2709 4071 καὶ¹
2762 4017 2862 4087 τὴν
2905 4013 3258 4085 ἀναχώρησιν
3299 4016 3519 4070 ἀπιέναι
3573 4017 3755 4070 πᾶσαν

2172 4112 2357 4179 ἔλεγον
2404 4107 2548 4163 εἶναι
2578 4110 2846 4175 ἀνάγκην.
2890 4105 2949 4160 Ὁ
2973 4105 3032 4159 δὲ
3059 4105 3118 4158 τὸ
3155 4107 3257 4173 μὲν
3313 4105 3658 4177 παραμένειν
3688 4107 3754 4174 τῇ

2173 4202 2392 4273 πατρίδι
2419 4202 2512 4254 καὶ
2558 4198 2712 4260 αὖθις
2752 4197 3016 4252 ἀδύνατον
3062 4193 3206 4253 εἶναι
3233 4199 3435 4268 φήσας,
3467 4198 3525 4250 1:6
3574 4198 3631 4252 δὲ
3659 4199 3755 4251 καὶ

2170 4295 2266 4355 τάς
2289 4292 2525 4360 ἀδελφὰς
2561 4289 2958 4360 συναποδημεῖν
2993 4291 3089 4343 καὶ
3133 4290 3359 4343 δυνατὸν
3388 4291 3754 4358 λογισάμενος

2172 4386 2266 4438 καὶ
2289 4384 2589 4454 συμφέρον,
2606 4382 2710 4436 ισὺν
2740 4385 2851 4445 τοῖς
2881 4382 3128 4451 ἀδελφοῖς
3154 4382 3248 4453 καλ⁵
3272 4382 3474 4442 ταύτας
3506 4384 3758 4451 παραλα-

2174 4477 2283 4532 ϐὼν
2310 4479 2389 4540 είς
2411 4478 2674 4548 Βέῤῥοιαν
2701 4475 3036 4544 ὑποστρέφει
3078 4474 3173 4528 καὶ
3205 4469 3363 4537 αὖθις
3387 4513 3401 4539 ,
3434 4476 3528 4527 καὶ
3560 4477 3626 4545 τῇ
3657 4475 3757 4529 1:6-

2169 4573 2251 4625 λει
2276 4571 2480 4633 ταύτας
2508 4568 2949 4638 ἐγκαταστήσας,
2984 4568 3147 4619 κάκεῖ
3173 4566 3275 4635 τῆς
3307 4566 3577 4636 συνήθους
3602 4569 3756 4633 ἀγω-

2167 4664 2269 4733 γῆς
2316 4663 2541 4732 καὶτῆς
2592 4661 2881 4729 ἀσκήσεως
2920 4658 3143 4727 ἔχεσθαι
3207 4659 3302 4711 καὶ
3356 4657 3515 4720 αὖθις
3567 4674 3751 4727 παραυ

2170 4753 2462 4818 σκευάσας,
2498 4753 2578 4814 είς
2611 4750 2672 4803 τὸ
2705 4750 2831 4814 ὅρος
2887 4748 3052 4811 αὐτὸς
3105 4748 3476 4817 ἐπανατρέχει
3508 4748 3604 4799 καὶ
3650 4747 3759 4815 τὴν

2167 4848 2476 4916 ἀσκητικὴν
2507 4843 2667 4906 αὖθις
2700 4842 2971 4910 καλύϐην.

2181 4942 2205 4967 ⁸
2240 4940 2455 5012 Βραχὺς
2484 4941 2511 4992 ὁ
2540 4937 2746 5009 μεταξὺ
2779 4936 2996 5007 χρόνος,
3020 4935 3116 4989 καὶ
3140 4936 3173 5005 ή
3205 4934 3452 5005 προτέρα
3475 4933 3584 4988 τῶν
3605 4933 3761 4988 ἀδελ-

2167 5037 2284 5108 φῶν
2323 5034 2634 5105 Ἐπίχαρις,
2663 5032 2723 5084 τὸ
2754 5031 2913 5098 σῶμα
2956 5029 3054 5083 καὶ
3085 5029 3216 5090 τοὺς
3241 5028 3513 5098 ἀδελφοὺς
3557 5029 3656 5082 σύν
3687 5044 3753 5097 γε

2162 5131 2276 5190 τοῖς
2310 5123 2545 5193 ἐνταῦθα
2574 5123 2709 5176 πᾶσι
2734 5119 3140 5185 καταλιποῦσα,
3175 5119 3314 5189 πρὸς
3343 5118 3479 5174 Θεὸν
3507 5118 3755 5183 εὐκλεῶς

2163 5218 2450 5280 διαϐαίνει,
2497 5214 2849 5283 παρθενικοῖς
2876 5229 2937 5265 τε
2964 5213 3061 5266 καὶ
3092 5213 3420 5281 ἀσκητικοῖς
3455 5212 3753 5282 ὑπερφυῶς

2166 5308 2586 5378 κατεστεμμένη
2645 5306 2988 5377 χαρίσμασιν
3040 5304 3316 5375 ἀοράτως,
3342 5305 3465 5357 ’καὶ
3502 5305 3759 5376 σημείοις

2172 5399 2548 5460 ἀποστολικοῖς
2578 5400 2679 5450 οὐκ
2733 5396 2997 5466 ἀμυδρῶς
3029 5395 3123 5449 καὶ
3159 5396 3273 5457 τοῖς
3322 5394 3427 5461 ἔξω
3457 5396 3556 5465 τὴν
3590 5395 3752 5473 χάριν

2172 5492 2635 5562 ἐπισημαίνουσα.
2679 5490 2720 5540 Τ
2726 5492 2789 5560 ήν
2817 5505 2879 5541 τε
2921 5488 3029 5557 γάρ
3079 5487 3339 5557 τελευτὴν
3373 5488 3575 5557 ἑαυτῆς
3620 5489 3751 5542 δέκα

2173 5587 2440 5656 πρότερον
2483 5582 2721 5653 ἡμέραις
2770 5581 2942 5651 ὑγιῶς
2981 5579 3062 5634 ἔτι
3114 5579 3209 5632 τοῦ
3243 5580 3500 5649 σώματος
3552 5579 3759 5650 ἔχουσα

2176 5678 2499 5746 σαφέστατα
2537 5672 2780 5746 προῦφη,
2824 5674 2917 5728 καὶ
2936 5672 3062 5735 τοὺς
3092 5671 3353 5741 ἀδελφοὺς
3384 5673 3447 5725 ἐκ
3471 5671 3563 5726 τοῦ
3591 5672 3749 5741 ὅρους
