4082 6458
351 364 454 428 5‘77

1317 361 1732 428 ENCOMIUM
1773 357 1994 420 AUCT.
2043 356 2488 420 PHILOTIIEO
2513 357 2619 421 (ΣΡ.

3514 353 3622 420 518

353 477 545 538 ναῦἀς,
571 475 668 532 καὶ
700 473 878 530 πάντα
912 475 1176 544 θεοφιλῶς
1205 477 1344 546 ὁμοῦ
1390 477 1484 530 καὶ
1515 477 1776 547 φιλοθέως
1799 480 1936 532 ἀπο·
1960 485 2012 546 Α
2038 449 2323 550 δίαυγάζει
2361 485 2418 535 ὲν
2450 482 2528 551 τῷ
2575 481 2756 553 καιρῷ
2801 480 2902 552 τῆς
2947 479 3258 552 προσευχῆς
3289 476 3349 531 τὸ
3383 477 3501 549 φῶς
3521 478 3622 545 τῆς

247 617 250 620 .
346 570 602 640 θέμενος,
631 569 815 638 κωφός
843 587 902 622 τε
925 569 1019 622 καὶ
1062 569 1257 632 άλαλος
1287 571 1427 624 κατά
1453 569 1514 624 τὸ
1543 573 1936 642 γεγραμμένον

351 663 610 732 παραστῇ
629 661 768 731 Θεῷ,
792 660 1096 736 τηνικαῦτα
1111 660 1270 728 λόγον
1299 660 1430 730 ὕλης
1465 661 1627 731 ῐσχει,
1647 661 1742 713 καὶ
1769 661 1938 715 πλάτέ

346 771 504 807 ’τεται
556 753 658 824 τὴν
686 753 952 807 ἀνωτάτω
1009 754 1211 808 πλάσιν
1245 754 1340 806 ἐπὶ
1380 753 1562 824 πάσης
1595 753 1800 820 ἀδείας,
1837 754 1934 808 ἅτε

352 845 590 916 μηδενὸς
619 845 730 898 τῶν
761 845 822 898 θύ
835 847 1002 917 ραθεν
1032 845 1488 916 θυροκοποῦντος,
1523 851 1623 916 τῆς
1653 847 1806 910 ἐντὸς
1833 849 1935 918 χά-

349 956 500 1010 ριτος
532 940 622 990 ἐπὶ
654 937 714 991 τὸ
747 941 994 1008 κρεῖττον
1027 938 1603 1010 μεταρῤυθμιζούσης,
1638 940 1734 993 καὶ
1761 941 1936 1010 ἀπορ-

354 1033 506 1104 ρήτῳ
551 1032 613 1084 τὸ
655 1032 1097 1102 παραδοξότατον
1160 1034 1298 1101 φωτὶ
1347 1031 1822 1102 καταλαμπούσης
1867 1033 1936 1085 τὰ

351 1125 523 1191 ἔνδον,
560 1128 655 1178 καί
680 1126 995 1196 τελειοὲσης
1041 1125 1134 1178 τὸν
1164 1125 1316 1188 ἐντὸς
1342 1126 1652 1192 ἄνθρωπον.
1689 1125 1939 1195 Ἡμέρας

348 1218 405 1271 δὲ
434 1218 834 1288 διαυγασάσης,
867 1220 965 1273 καὶ
995 1221 1292 1288 φωσφόρου
1327 1219 1711 1282 ἀνατείλαντος
1741 1219 1800 1271 ἒν
1816 1221 1937 1281 ταῖς

351 1309 608 1378 καρδίαις
641 1310 818 1379 ἡμῶν,
849 1312 992 1364 κατά
1022 1313 1114 1363 τὶν
1163 1313 1222 1365 ὲν
1261 1309 1584 1374 ἀποστόλοις
1611 1311 1934 1379 κορυφαῖον,

349 1403 519 1468 ἔξεισι
550 1404 691 1456 κατὰ
746 1403 808 1456 τὸ
863 1405 1204 1473 προφητικὸν
1242 1405 1427 1458 ἐκεῖνο
1455 1403 1640 1472 λόγιον
1714 1405 1742 1457 ὁ
1767 1401 1938 1466 ὅντως

349 1497 637 1566 ἄνθρωπος
697 1499 789 1550 ἐπὶ
841 1499 942 1568 τὴν
990 1500 1259 1568 ἐργασίαν
1311 1497 1502 1563 αὑτοῦ,
1543 1499 1642 1554 καὶ
1683 1497 1763 1568 τῷ
1795 1499 1940 1568 φωτὶ

351 1586 634 1657 χρώμενος
655 1588 784 1656 όδῴ,
809 1589 1017 1643 ἄνεισιν
1069 1589 1102 1659 ἢ
1152 1591 1414 1659 ἀνάγεται
1442 1590 1533 1645 ἐπ’
1564 1590 1667 1661 ὅρη
1699 1589 1895 1644 αἰώνια
1921 1606 1936 1622 ο

352 1681 448 1734 καὶ
491 1681 600 1732 τῶν
635 1681 1026 1752 ύπερκοσμίων
1058 1683 1118 1734 ὲν
1151 1683 1328 1754 τούτῳ
1357 1682 1437 1752 τῷ
1485 1682 1628 1752 φωτὶ
1675 1684 1940 1754 πραγμά-

349 1790 480 1841 των,
514 1771 560 1826 ὦ
589 1774 684 1827 τοῦ
709 1772 1028 1842 θαύματοςί
1061 1775 1307 1844 ἐπόπτης
1335 1773 1687 1839 καθίσταται,
1721 1776 1796 1846 μὴ
1817 1774 1940 1828 δια-

2040 577 2200 644 ἁγία;
2245 576 2508 644 Τριάδος-
2549 573 2829 642 πανταχοῦ
2882 573 2983 644 μὲν
3038 574 3148 644 γὰρ
3194 573 3256 626 τὸ
3309 570 3452 625 θεῖον
3479 569 3622 639 φῶς,

2038 669 2153 723 ἀλλ’
2185 670 2285 723 οὐκ
2314 669 2594 736 ἐπιφανῶς
2620 667 2907 736 διαυγάζει
2952 666 3232 734 πανταχοῦ
3257 680 3273 696 °
3307 664 3403 717 καὶ
3432 661 3490 714 ἓν
3521 661 3623 728 μὲν

2040 763 2209 827 ἔστιν,
2231 762 2345 814 ἀλλ’
2375 764 2472 832 οὔχ
2504 762 2702 828 ὁμοίως
2735 762 3038 831 ἐπιλάμπει
3073 761 3260 823 πᾶσιν,
3295 757 3406 809 οὐδ’
3434 754 3626 814 αὐτοῖς

2037 857 2148 916 τοῖς
2177 854 2338 913 θείοις
2379 853 2453 915 ὡς
2480 853 2741 906 θεοειδέσι
2774 853 2869 905 καὶ
2912 851 3287 919 λαμπομένοις
3335 845 3621 915 ἐμφανῶς.

2050 948 2139 1012 Ὠς
2169 946 2279 1015 γὰρ
2328 945 2386 998 ἓν
2419 948 2517 1014 μὲν
2554 948 2670 997 ἐστι
2703 945 2764 996 τὸ
2798 945 2894 996 τοῦ
2927 944 3080 1014 ἡλίου
3127 942 3263 1010 φῶς,
3332 937 3526 992 πολλαὶ
3561 936 3621 990 δέ.

2041 1049 2177 1100 εἰσιν
2198 1047 2437 1108 ἀκτῖνες,
2474 1043 2568 1097 καὶ
2599 1043 2661 1095 οὐ
2697 1041 2893 1094 πολλαὶ
2947 1039 3106 1106 μόνον
3139 1039 3278 1090 ἀλλά
3311 1037 3406 1089 καὶ
3425 1030 3626 1104 τρανό-

2039 1155 2193 1206 τεραι
2233 1141 2326 1190 καὶ
2355 1133 2774 1206 ἁμαυρώτεραι,
2823 1135 2967 1186 κατά
3011 1133 3102 1183 τὸν
3147 1130 3308 1196 λόγον
3357 1128 3456 1195 τῆς
3489 1123 3628 1195 πρὸς

2041 1229 2389 1299 φωτοληψίαν
2417 1228 2862 1298 ἐπιτηδειότητος
2905 1224 3014 1278 τῶν
3039 1223 3371 1293 δεχομένων,
3403 1220 3498 1272 τὴν
3526 1219 3630 1271 αὑ·-

2039 1326 2132 1378 τδν
2167 1326 2395 1392 τρόπον,
2445 1323 2521 1384 ὡς
2553 1321 2674 1373 κατ’
2699 1319 2950 1390 ἀμυδρὰν
2994 1320 3052 1371 ὲν
3095 1316 3381 1385 αἰσθητοῖς
3416 1313 3628 1374 εἰκόνα,

2042 1419 2182 1472 κάπὶ
2219 1416 2315 1470 τοῦ
2362 1416 2504 1484 ὑπὲρ
2539 1415 2798 1482 αἴσθησιν
2834 1413 3013 1482 φωτὸς
3059 1411 3330 1464 τελεῖταιο
3370 1405 3636 1478 προσκείυ

2043 1510 2158 1564 σθω
2178 1508 2355 1569 δὲκαὶ
2379 1507 2412 1578 ἡ
2443 1506 2539 1560 τοῦ
2575 1507 2902 1572 φωτίζοντος
2953 1504 3204 1575 βούλησις
3233 1500 3502 1555 ἐνταῦθα’
3529 1498 3631 1552 όδὲ

2043 1602 2456 1674 κατηξιωμένος
2495 1601 2595 1670 τοῦ
2628 1609 2808 1669 φωττις
2843 1599 3054 1652 ἐκείνου
3088 1597 3212 1658 νοῦς
3244 1597 3339 1648 καὶ
3383 1594 3520 1664 πρὸς
3566 1593 3635 1646 τὸ

2044 1697 2396 1768 συνημμένον
2447 1694 2609 1766 σῶμα
2662 1694 2835 1748 πολλὰ
2880 1691 3285 1762 διαπορθμεύει
3341 1686 3436 1740 τοῦ
3479 1685 3632 1740 θείου

2042 1790 2277 1852 κάλλους
2305 1789 2615 1860 τεκμήρια·
2647 1786 2836 1857 χάριτί
2863 1802 2922 1837 τε
2944 1783 3064 1853 θείᾳ
3093 1783 3190 1836 καὶ
3222 1779 3424 1852 σαρκός
3455 1773 3632 1847 παχύ-

352 1867 721 1937 ζευγνύμενος
749 1866 782 1937 ἢ
809 1866 1396 1936 διαζευγνύμενος-τῆς
1446 1867 1548 1940 τὴν
1593 1867 1768 1939 ἀρχὴν
1807 1886 1936 1939 “UP”
1970 1864 2014 1920 Β
2042 1902 2168 1954 τητι
2226 1884 2552 1953 μεσιτεύων,
2599 1885 2694 1934 καὶ
2735 1881 2968 1943 δύναμιν
3013 1879 3123 1933 τῶν
3165 1877 3448 1932 ἀδυνάτων
3485 1875 3631 1927 ἐντι-

353 1959 711 2030 προηγμένης
740 1957 897 2026 ὕλης,
927 1957 1002 2022 ὡς
1032 1953 1176 2028 οἶδεν
1210 1960 1244 2029 ἡ
1277 1960 1398 2023 ὁδός
1417 1976 1432 1992 ο
1465 1960 1527 2013 ού
1559 1961 1669 2029 γάρ
1696 1961 1938 2024 διανοίας

354 2055 744 2121 φανταστικοῖς
797 2053 976 2108 ἄνεισι
1040 2056 1303 2122 πτεροῖς,
1363 2053 1397 2124 ἢ
1453 2053 1634 2107 πάντα
1681 2053 1940 2124 καθάπερ

353 2146 529 2218 τυφλὴ
562 2146 870 2216 περιπολεῖ,
909 2148 1038 2219 μήτ’
1081 2149 1177 2201 ἐπὶ
1220 2148 1332 2202 τῶν
1357 2147 1937 2215 ἀπόντωνάίσθητῶν,

357 2240 482 2312 μήτ’
514 2241 606 2295 ἐπὶ
633 2243 742 2295 τῶν
788 2239 1364 2313 ύπεραναϐεϐηκότων
1395 2240 1605 2308 νοητῶν
1631 2240 1734 2307 τῆς
1784 2241 1944 2311 ἀκρι-

354 2331 483 2396 εοῦς
512 2334 607 2386 καὶ
639 2332 1021 2386 ἀνενδοιάστου
1058 2330 1428 2402 καταλήψεως
1465 2331 1944 2403 ἀντιλαμϐανομέ-

358 2443 446 2494 νη,
474 2425 590 2478 an:
617 2423 706 2478 ἔπ’
761 2424 1028 2495 ἀληθείας
1063 2423 1277 2479 ἄνεισιν
1334 2424 1562 2494 ἀρρήτῳ
1620 2423 1942 2494 Πνεύματος

353 2518 606 2588 δυνάμει,
635 2519 732 2571 καὶ
757 2519 1105 2588 πνευματικῇ
1143 2516 1237 2569 καὶ
1259 2517 1489 2588 ἀρρήτῳ
1517 2515 1803 2588 ἀντιλήψει
1832 2516 1943 2570 τῶν

356 2611 615 2684 ἀρρήτων
673 2611 938 2682 ῥημάτων
999 2608 1266 2673 διακούει,
1304 2609 1401 2662 καὶ⁴
1447 2609 1554 2680 ὁρᾷ
1605 2608 1678 2662 τὰ
1708 2610 1938 2674 ἀθέατα,

358 2704 455 2757 καὶ
473 2702 568 2756 τοῦ
609 2702 889 2772 θαύματος
909 2704 1030 2765 ὅλος
1060 2700 1386 2756 τούντεῦθεν
1422 2701 1540 2754 ἔστι
1577 2719 1639 2755 τε
1671 2703 1766 2755 καὶ
1798 2703 1944 2770 γίνε-

358 2810 472 2857 ται,
505 2794 610 2848 κᾶν
637 2793 848 2846 ὲκεῖθεν
879 2793 1019 2864 ἀπῇ,
1053 2793 1148 2846 καὶ
1187 2795 1302 2856 τοῖς
1323 2792 1636 2862 ἀκαμάτοις
1673 2793 1944 2863 ὑμνῳδοῖς

355 2885 681 2958 ἁμιλλᾶται,
711 2886 943 2954 ἄγγελος
975 2885 1051 2948 ὡς
1089 2885 1310 2954 ἀληθῶς
1343 2885 1505 2949 ἄλλος
1531 2885 1624 2938 ἐπὶ
1671 2886 1775 2954 γῆς
1806 2883 1942 2938 Θεοῦ

361 2977 626 3048 γεγονὼς,
689 2985 785 3033 καὶ
816 2979 887 3034 δι’
934 2977 1132 3032 ἑαυτοῦ
1185 2981 1294 3032 πᾶν
1347 2974 1491 3042 εἶδος
1523 2978 1757 3041 κτίσεως
1791 2977 1944 3048 αύτῷ

356 3075 750 3145 προσαγαγὼν,
779 3077 901 3130 ἐπεὶ
930 3076 1025 3129 καὶ
1055 3073 1219 3139 αὐτὸς
1245 3075 1304 3128 ὲν
1332 3077 1534 3146 μετοχῇ
1563 3074 1670 3128 τῶν
1700 3074 1940 3128 πάντωνο

357 3168 578 3222 καὶτοῦ
606 3167 748 3238 ὑπὲρ
778 3167 846 3220 τὰ
899 3167 1080 3221 πάντα
1134 3167 1192 3219 δὲ
1245 3167 1654 3237 μεταλαγχάνει
1703 3167 1819 3229 νῦν,
1856 3167 1943 3218 ἵνα

356 3264 455 3316 καὶ
481 3263 544 3316 τὸ
588 3263 688 3330 τῆς
721 3261 930 3324 εἰκόνος
981 3259 1449 3331 ἀπηκριϐωμένον
1608 3260 1688 3312 διό
1714 3278 1881 3331 φησιν
1917 3265 1944 3315 ὀ

357 3360 500 3422 θεῖος
525 3357 717 3419 Νεῖλος
738 3372 754 3388 ο
785 3358 911 3410 Ὀτι
939 3355 1034 3411 νοῦ
1071 3357 1415 3420 κατάστασίς
1462 3359 1614 3410 ἔστιν
1655 3356 1786 3428 ὕψος
1820 3376 1944 3421 νοη-

355 3451 452 3503 τὸν
482 3450 714 3519 οὐρανίῳ
769 3448 1026 3520 χρώματι
1058 3448 1425 3519 παρεμφερὲς
1449 3489 1464 3516 ,
1501 3445 1546 3516 ᾧ
1601 3449 1698 3501 καὶ
1750 3449 1814 3503 τὸ
1845 3451 1943 3519 τῆς

355 3542 520 3611 ἁγίας
549 3541 592 3592 Τ
595 3541 784 3613 ριάδος
811 3541 954 3594 κατά
981 3540 1075 3593 τὸν
1104 3540 1300 3609 καιρὸν
1335 3540 1435 3610 τῆς
1476 3541 1791 3612 προσευχῆς
1826 3545 1946 3595 ὲπι-

358 3635 570 3703 γίνεται
600 3635 736 3704 φῶς.
779 3635 838 3686 Ὁ
869 3634 926 3687 δὲ
958 3634 1115 3703 ἅγιος
1147 3634 1408 3705 Διάδοχος
1433 3637 1501 3706 τῇ
1536 3636 1680 3706 ἀρχῇ
1707 3635 1766 3688 τὸ
1792 3636 1944 3700 τέλος

360 3728 627 3797 συνάψας,
654 3729 710 3780 ὲν
741 3728 823 3781 ἑνὶ
845 3727 1130 3799 κεφαλαίῳ
1151 3727 1359 3798 τέθηκε
1390 3727 1655 3800 γράφων⁹
1686 3729 1793 3780 Δύο
1813 3731 1944 3798 ἡμῖν

358 3823 393 3890 ἡ
423 3823 582 3891 χάρις
613 3823 647 3890 ἡ
684 3820 812 3889 ἀγία
855 3820 944 3872 διὰ
977 3821 1074 3874 τοῦ
1125 3819 1508 3891 βαπτίσματος
1534 3823 1906 3891 περιποιεῖται
1928 3833 1943 3848 '

359 3910 436 3967 ὧν
462 3915 522 3967 τὸ
551 3912 611 3967 ’ἐν
641 3914 884 3983 ἀπείρως
912 3910 1008 3966 τοῦ
1037 3912 1156 3976 ἑνὸς
1191 3911 1525 3983 ὑπερϐάλλει
1549 3927 1564 3941 ο
1597 3911 1943 3976 ἀνακαινίζει

359 4008 472 4079 γὰρ
503 4008 646 4078 ἡμᾶς
665 4008 721 4060 ὲν
739 4006 817 4076 τῷ
836 4004 1015 4072 ὕδατι,
1044 4006 1219 4059 καὶτὸ
1244 4003 1364 4058 κατ’
1393 4005 1578 4059 εἰκόνα
1607 4003 1942 4075 λαμπρύνει,

362 4098 544 4151 πᾶσαν
570 4097 672 4167 τὴν
698 4095 889 4166 ῥυτίδα
931 4095 1031 4166 τῆς
1065 4096 1345 4166 ἁμαρτίας
1377 4096 1541 4166 ἡμῶν
1575 4095 1946 4167 ἀπορρίπτου-

363 4209 433 4244 σα
455 4206 468 4219 ·
497 4192 558 4243 τδ
587 4190 631 4241 δ’
660 4190 851 4261 ἕτερον
877 4189 1160 4258 ὲκῗέχεται
1193 4187 1280 4241 ἴνα
1315 4189 1413 4241 σὺν
1436 4190 1574 4259 ἡμῖν
1603 4189 1908 4258 ἐργάσηται
1926 4203 1939 4218 ·

357 4286 448 4338 ὅτε
469 4283 600 4355 γοῦν
629 4285 854 4356 ἄρξεται
871 4285 900 4337 ό
925 4283 1051 4345 νοῦς
1082 4287 1138 4336 ὲν
1161 4282 1333 4353 πολλῇ
1357 4282 1612 4352 αἰσθήσει
1639 4281 1944 4350 γεύσασθαι

358 4379 460 4447 τῆς
511 4378 891 4450 χρηστότητος
953 4375 1050 4429 τοῦ
1099 4375 1368 4442 παναγίου
1429 4375 1781 4444 Πνεύματος,
1835 4372 1945 4428 τότ’

357 4469 650 4539 ὀφείλομεν
674 4469 902 4534 εἰδέναι,
952 4469 1036 4521 ὅτι
1069 4468 1304 4538 ἄρχεται
1339 4469 1371 4537 ή
1404 4467 1565 4538 χάρις
1601 4467 1793 4536 ῶσπερ
1823 4469 1947 4520 51::-

2044 1976 2179 2040 θείς.
2209 1975 2498 2029 Ἐντεῦθεν
2526 1977 2558 2043 ἡ
2598 1976 2722 2027 κατ’
2749 1972 2955 2043 ἀρετὴν
3010 1971 3251 2041 θεοειδὴς
3278 1971 3373 2024 καὶ
3407 1965 3633 2032 ἀπαρά-

2046 2068 2232 2140 μιλλος
2263 2066 2399 2131 ἕξις,
2431 2068 2528 2119 καὶ
2570 2066 2630 2118 τὸ
2681 2066 2822 2132 πρ’ς
2851 2062 3056 2115 κακίαν
3108 2063 3370 2131 ἀκίνητον
3421 2059 3561 2122 ὅλως
3597 2057 3628 2128 ἢ

2041 2161 2394 2231 δυσκίνητον·
2427 2157 2682 2212 ἐντεῦθεν
2727 2159 2755 2210 ό
2797 2153 3105 2225 διατρανῶν
3154 2154 3282 2216 τοὺς
3312 2152 3424 2205 τῶν
3453 2152 3630 2205 ὄντων

2041 2252 2235 2318 λόγους
2269 2250 2448 2318 λόγος,
2482 2248 2576 2300 καὶ
2612 2246 3012 2300 ἀνακαλύπτων
3053 2243 3269 2298 οἴκοθεν
3291 2244 3357 2298 ὲκ
3387 2243 3633 2314 καθαρό-

2041 2359 2206 2411 τητος
2248 2341 2316 2394 τά
2350 2339 2453 2408 τῆς
2503 2337 2718 2408 φύσεως
2758 2337 3061 2406 μυστήρια,
3095 2335 3162 2388 δι’
3211 2329 3287 2389 ὧν
3334 2335 3632 2402 ἀναλογίας

2043 2437 2225 2504 λόγοις
2255 2434 2392 2504 πρὸς
2423 2431 2737 2502 κατάληψιν
2780 2432 2889 2484 τῶν
2919 2431 3061 2500 ὑπὲρ
3090 2420 3256 2498 φύσιν
3286 2430 3348 2483 τὸ
3386 2429 3641 2483 διανοού-

2047 2546 2211 2599 μενον
2245 2528 2508 2597 ἀνιμᾶται
2541 2525 2652 2577 τῶν
2691 2523 2902 2588 πιστῶς
2937 2524 3332 2592 ἀκροωμένων,
3369 2524 3435 2596 ἢν
3469 2522 3634 2586 αὐτὸς

2042 2623 2071 2675 ὁ
2100 2619 2196 2673 τοῦ
2225 2621 2403 2686 Λόγου
2433 2617 2618 2688 [ἰατὴρ
2645 2617 2834 2678 ἀΰλοις
2879 2619 3117 2684 ἐπαφαῖς
3149 2615 3481 2685 κατείληφεν
3501 2631 3516 2648 ο
3549 2617 3636 2668 ὲν-

2044 2711 2237 2767 τεῦθεν
2270 2710 2333 2764 αῐ
2363 2729 2421 2764 τε
2471 2709 2629 2764 ἄλλαι
2662 2709 2909 2762 ποικίλαι
2947 2709 3401 2778 θαυματοποιίαι,
3447 2709 3542 2760 καὶ
3573 2709 3636 2758 τὸ

2044 2805 2230 2876 διορᾷν
2255 2804 2350 2856 καὶ
2382 2802 2648 2872 προορᾷν,
2679 2801 2775 2853 καὶ
2807 2802 2940 2870 περὶ
2971 2803 3079 2854 τῶν
3111 2802 3304 2872 πόρρω
3356 2818 3462 2853 που
3497 2817 3636 2868 συμ-

2046 2896 2343 2948 6αινόντων
2364 2893 2438 2954 ὡς
2467 2890 2563 2944 ὑπ’
2589 2889 2909 2960 ὀφθαλμοὺς
2944 2890 3294 2958 διαλέγεσθαι
3319 2907 3333 2920 ο
3366 2891 3456 2943 καὶ
3489 2891 3548 2942 τὸ
3569 2889 3636 2960 δὴ

2049 2985 2328 3054 μέγιστον,
2361 2983 2438 3046 ὡς
2462 2981 2584 3035 οὐδὲ
2628 2981 2762 3050 περὶ
2793 2981 2949 3033 ταῦθ’
2984 2984 3012 3034 ὁ
3067 2985 3272 3046 σκοπὸς
3304 2983 3474 3035 τείνει
3521 2982 3635 3035 τῶν

2049 3077 2490 3146 μακαριωτάτων
2510 3075 2758 3138 ἐκείνων,
2787 3075 2903 3128 ἀλλ’
2928 3074 3080 3126 ὥσπε
3094 3091 3124 3145 ρ
3146 3075 3296 3137 εἴτις
3314 3076 3466 3144 ὁρῴη
3495 3075 3636 3144 πρὸς

1997 3219 2012 3237 ,
2047 3171 2282 3242 ἡλιακὴν
2314 3171 2530 3232 ἀκτῖνα,
2571 3172 2665 3221 καλ⁵
2699 3169 2811 3220 τῶν
2861 3170 3070 3237 ἀερίων
3125 3172 3344 3237 ἀτόμων
3377 3169 3639 3223 αἰσθάνεο

2046 3284 2161 3329 ται,
2223 3264 2330 3318 κᾶν
2363 3265 2439 3334 μὴ
2473 3263 2620 3317 τοῦτ’
2658 3262 2811 3332 αύτῷ
2863 3263 3117 3335 τυγχάνῃ
3171 3265 3376 3325 σκοπός
3403 3281 3416 3297 ’
3457 3263 3636 3326 οὕτως

2047 3362 2282 3420 ἐκείνοις
2317 3359 2441 3418 ταῖς
2472 3356 2647 3418 θείαις
2689 3354 2876 3409 ἀκτῖσί
2906 3356 3167 3424 καθαρῶς
3197 3356 3510 3426 ὁμιλοῦσιν,
3547 3352 3638 3419 αἷς

2047 3451 2210 3520 φύσει
2264 3450 2562 3519 πρόσεστιν
2595 3448 2627 3518 ἠ
2658 3451 2882 3502 πάντων
2933 3447 3282 3518 ἀποκάλυψις
3309 3488 3323 3511 ,
3375 3447 3496 3520 οὐχὶ
3525 3448 3640 3501 τῶν

2045 3543 2218 3596 ὗντων
2252 3541 2433 3611 μόνων
2487 3541 2518 3609 ἦ
2573 3541 2669 3592 καὶ
2725 3539 3142 3608 γεγενημένοιν,
3209 3539 3349 3592 ἀλλά
3399 3539 3494 3592 καὶ
3525 3538 3637 3592 τῶν

2045 3633 2218 3686 ἔπειτ’
2265 3632 2564 3702 ἐσομένων,
2602 3630 2724 3684 ὁδοῦ
2758 3632 3042 3702 πάρεργον
3097 3629 3172 3691 ὡς
3207 3629 3428 3698 ἀληθῶς
3454 3630 3486 3698 ή
3514 3628 3640 3681 τού-

2045 3742 2156 3779 των
2191 3725 2551 3794 προσγίνεται
2596 3723 2824 3790 γνῶσις,
2881 3723 3024 3775 κατά
3070 3719 3369 3788 ἀναλογίαν
3407 3720 3508 3786 τῆς
3538 3738 3612 3774 κα

2048 3817 2379 3888 θαρότητοςο
2411 3813 2692 3886 προῦργου
2721 3815 2776 3868 δὲ
2813 3815 3056 3884 αὕτόῖςὴ
3087 3813 3184 3867 τοῦ
3215 3812 3308 3865 νοῦ
3336 3812 3474 3882 πρὸς
3504 3814 3636 3866 ἐαυ-

2044 3913 2138 3966 τὸν
2168 3913 2480 3982 ἐπιστροφὴ
2513 3912 2610 3964 καὶ
2639 3910 2948 3976 σύννευσις,
2976 3908 3183 3980 μᾶλλον
3208 3906 3266 3960 δὲ
3310 3905 3504 3958 πασῶν
3531 3905 3637 3958 τῶν

2045 4007 2147 4076 τῆς
2175 4004 2356 4075 ψυχῆς
2379 4005 2686 4074 δυνάμεων,
2717 4005 2768 4056 εἰ
2799 4004 2894 4056 καὶ
2923 4001 3243 4072 θαυμαστὸν
3274 4001 3473 4064 εἰπεῖν,
3503 3998 3640 4066 πρὶς

2045 4096 2138 4149 τὸν
2168 4097 2293 4149 νοῦν
2329 4090 2669 4164 ἐπιστροφὴ,
2705 4097 2799 4147 καὶ
2853 4096 2886 4164 ή
2922 4093 3044 4147 κατ’
3091 4093 3254 4145 αὐτόν
3287 4109 3344 4144 τε
3382 4093 3476 4144 καὶ
3503 4090 3640 4142 Θεὸν

2047 4191 2320 4261 ἐνέργεια,
2353 4189 2421 4241 δι’
2446 4184 2513 4261 ἦς
2541 4190 3014 4256 ἐπεσκευασμένοι
3037 4187 3175 4257 πρὸς
3192 4186 3252 4238 τὸ
3275 4186 3640 4253 πγτωτότυπον

2047 4281 2108 4336 εὕ
2142 4282 2498 4349 διατίθενται,
2539 4281 2594 4333 τὸ
2617 4281 2848 4350 ἀρχαῖον
2876 4281 3054 4332 έκεῖνο
3077 4277 3170 4332 καὶ
3199 4279 3482 4348 ἀμήχανον
3510 4276 3644 4329 κάλ-

2047 4375 2138 4439 λος
2170 4374 2515 4443 ἐπανθούσης
2545 4372 2644 4442 τῆς
2671 4376 2916 4441 χάριτος.
2959 4389 2976 4422 ι

2119 4467 2362 4521 Τοιαῦτα
2402 4465 2496 4519 τοῦ
2532 4465 2804 4527 θεοειδοῦς
2839 4467 2933 4519 καὶ
2971 4462 3228 4532 οὐρανίου
3262 4462 3474 4517 ἐκείνου
3522 4460 3643 4530 νοῦ,

358 4562 670 4632 ζωγραφεῖν
701 4562 782 4624 εἰς
808 4560 869 4614 τὸ
896 4562 1017 4613 κατ’
1041 4560 1229 4613 εἰκόνα
1256 4561 1318 4612 τὸ
1344 4559 1467 4612 καθ’
1489 4559 1774 4629 ὁμοίωσιν·
1803 4559 1944 4612 ὥστε
1980 4567 2023 4622 D
2055 4558 2148 4613 καὶ
2179 4559 2277 4627 τῆς
2317 4557 2470 4619 θείας
2504 4555 2602 4608 καὶ
2662 4555 2833 4623 σοφῆς
2881 4554 3051 4614 ὅντως
3087 4552 3362 4623 γλώττης,
3397 4553 3464 4607 τά
3513 4554 3645 4625 περ)⁸

358 4657 392 4724 ὴ
425 4653 523 4722 μὲν
549 4652 804 4719 αἴσθησις
836 4650 980 4719 αὕτη
1009 4650 1164 4722 δηλοῖ
1187 4651 1332 4721 ἡμᾶς
1363 4653 1709 4721 μορφοῦσθαι
1735 4650 1796 4704 τὸ
1824 4652 1950 4704 καθ’

359 4748 637 4818 ὁμοίωσιν,
696 4748 758 4798 τὸ
789 4745 846 4797 δὲ
876 4742 1084 4797 τέλειον
1113 4743 1214 4812 τῆς
1270 4743 1587 4812 ὁμοιώσεως
1617 4745 1681 4796 ὲκ
1710 4743 1804 4796 τοῦ
1840 4762 1950 4813 φω-

361 4840 558 4910 τισμοῦ
595 4837 944 4908 γνωσόμεθα.
1006 4838 1115 4891 Καὶ
1171 4838 1358 4900 πάλιν,
1408 4836 1520 4905 Τὴν
1568 4837 1952 4907 πνευματικὴν

363 4933 585 5003 ἀςάπην
616 4933 675 4986 ού
711 4932 940 4984 δύναταί
975 4947 1057 4993 τις
1102 4929 1454 4999 κτήσασθαι,
1507 4931 1554 4980 εἰ
1589 4929 1663 4999 μὴ
1697 4930 1752 4981 ὲν
1801 4930 1950 5000 πάσῃ

366 5027 714 5098 πληροφορίᾳ
749 5023 1048 5094 φωτισθείη
1083 5023 1235 5094 παρά
1263 5022 1361 5076 τοῦ
1405 5023 1565 5091 ἁγίου
1600 5022 1946 5093 Πνεύματος·

364 5124 457 5176 ὲάν
485 5123 592 5190 γάρ
627 5121 702 5191 μὴ
717 5119 942 5181 τελείως
975 5118 1035 5171 τὸ
1069 5117 1194 5171 καθ’
1241 5116 1503 5185 ὁμοίωσιν
1553 5117 1641 5170 διά
1671 5117 1766 5170 τοῦ
1803 5118 1949 5170 θείου

366 5214 542 5282 φωτὸς
574 5211 824 5281 ἀπολαύῃ
847 5211 876 5260 ό
902 5208 1050 5273 νοῦς,
1078 5209 1261 5269 πάσας
1299 5209 1397 5276 μὲν
1431 5209 1527 5269 τάς
1562 5207 1723 5268 ἄλλας
1748 5209 1951 5276 ἀρετὰς

365 5307 515 5374 ἔχειν
563 5303 811 5364 δύναται,
862 5302 960 5370 τῆς
992 5300 1046 5351 δὲ
1080 5298 1296 5360 τελείας
1330 5298 1552 5365 ἀγάπης
1607 5297 1692 5349 ἔτι
1721 5299 1951 5368 ἄμοιρος

369 5400 541 5467 μέ.ει.
593 5396 870 5456 Ὡσαύτως
901 5393 958 5445 δὲ
991 5401 1084 5446 καὶ
1113 5392 1207 5445 τοῦ
1259 5391 1420 5459 ἁγίου
1448 5390 1640 5444 Ἰσαὰκ
1674 5392 1951 5462 ἀκούομεν

365 5492 614 5560 λέγοντος
634 5506 648 5520 ·
689 5489 845 5542 Κατὰ
866 5487 957 5540 τὸν
989 5486 1180 5556 καιρον
1219 5485 1316 5556 τῆς
1349 5485 1663 5554 προσευχῆς
1692 5487 1825 5558 όρᾷν
1854 5485 1952 5558 τὴν

367 5585 562 5640 ἑαυτοῦ
605 5583 956 5651 καθαρότητα
983 5579 1076 5632 τὸν
1117 5583 1565 5650 κεχαριτωμὲνον
1599 5580 1726 5632 νοῦν
1753 5579 1951 5650 ὁμοίαν

365 5683 433 5749 τῇ
460 5680 764 5748 ἐπουρανίῳ
801 5675 1002 5745 χροιᾷ,
1049 5674 1172 5743 ἥτις
1197 5672 1335 5725 Θεοῦ
1369 5674 1475 5725 ὑπὸ
1523 5673 1621 5744 τῆς
1656 5674 1953 5743 γερουσίας

367 5771 462 5826 τοῦ
488 5771 710 5840 Ἰσραὴλ
741 5771 1058 5838 ὠνόμασται
1079 5772 1267 5830 τόπος,
1303 5767 1465 5836 ἡνίκα
1489 5765 1647 5837 ὤφθη
1682 5769 1867 5829 αὐτοῖς
1893 5768 1951 5820 ἐν

366 5863 444 5935 τῷ
470 5865 605 5935 ὄρει.
660 5865 769 5916 Καὶ
819 5863 1002 5928 πάλιν,
1045 5859 1373 5931 Καθαρότης
1425 5862 1539 5914 ἐστὶ
1593 5865 1735 5929 νοὸς,
1788 5857 1950 5936 ἐφ’

2056 4651 2254 4722 σχολῆς
2294 4652 2448 4720 ἱερᾶς
2479 4648 2573 4702 καὶ
2618 4649 2852 4718 ἡσυχίας
2903 4647 2996 4699 καὶ
3030 4646 3176 4698 θείου
3226 4645 3512 4716 φωτισμοῦ
3549 4647 3650 4700 καὶ

2057 4744 2344 4806 θεὼσεωςο
2378 4742 2508 4810 περὶ
2547 4736 2622 4795 ὧν
2667 4741 2750 4801 τίς
2796 4741 2862 4794 ἂν
2901 4738 3046 4792 οὕτω
3102 4741 3235 4793 ποτὲ
3289 4739 3449 4802 θείως
3505 4740 3648 4809 ἄγαν

2056 4833 2152 4887 καὶ
2184 4832 2407 4902 ὑψηλῶς
2439 4832 2754 4903 διανοηθείη
2799 4831 2891 4885 καὶ
2923 4831 3108 4898 εἴποις
3145 4831 3239 4886 καὶ
3279 4833 3463 4887 αὐτῶν
3501 4851 3651 4906 φημι

2054 4925 2166 4979 τῶν
2204 4924 2424 4995 ὑψηλῶν
2458 4943 2517 4978 τε
2570 4925 2666 4978 καὶ
2715 4925 3130 4995 διαϐεϐηκότων
3181 4928 3240 4978 ἐν
3290 4925 3499 4998 θεωρία⁵
3554 4927 3653 4980 καὶ

2054 5018 2224 5090 πείρα⁸
2255 5017 2350 5070 καὶ
2385 5017 2550 5071 πάθει
2584 5018 2847 5088 μακαρίῳ
2874 5017 2985 5070 τῶν
3019 5020 3282 5072 τοιούτων
3333 5020 3650 5089 ἐσχηκότων
3711 5074 3732 5092 ,

2054 5114 2156 5184 τὴν
2187 5113 2432 5180 γνῶσινς
2476 5113 2551 5176 ὡς
2588 5113 2688 5181 μὲν
2714 5113 2983 5184 σύμφωνα
3022 5113 3110 5167 διὰ
3136 5116 3356 5168 πάντων
3394 5118 3510 5178 τοῖς
3539 5114 3650 5168 τῶν

2057 5206 2336 5276 θεοφόρων
2386 5207 2598 5276 ἀνδρῶν
2645 5209 3049 5278 συγγράμματί
3083 5227 3143 5261 τε
3192 5209 3288 5262 καὶ
3337 5209 3541 5279 λόγοις,
3587 5209 3652 5262 τὸ

2055 5300 2453 5371 ἀναντίρρητον
2483 5317 2542 5353 τε
2573 5300 2670 5354 καὶ
2701 5302 2946 5370 ἀσφαλὲς
2976 5305 3035 5356 ὲν
3068 5303 3275 5358 ἅπασιν
3305 5303 3515 5376 ἔχοντα·
3541 5303 3568 5355 ὅ
3594 5321 3650 5355 τι

2055 5393 2112 5446 δὲ
2143 5392 2238 5445 καὶ
2277 5393 2465 5447 παθὼν
2496 5395 2524 5446 ό
2559 5394 2736 5464 μέγας
2764 5395 2860 5448 καὶ
2885 5397 3088 5467 πράξει
3120 5396 3214 5450 καὶ
3237 5397 3512 5468 ἐνεργείᾳ,
3550 5414 3651 5450 κα-

2056 5486 2161 5550 λῶς
2195 5488 2379 5539 ἐκεῖνα
2410 5487 2480 5540 τά
2528 5487 2646 5540 θεῖά
2680 5505 2739 5540 τε
2781 5490 2876 5543 καὶ
2912 5490 3171 5560 ὑπερφυᾶ
3219 5489 3473 5560 μυηθεὶς,
3504 5488 3651 5542 οὕτω

2055 5580 2158 5651 τῆς
2199 5582 2392 5653 χρείας
2439 5581 2736 5652 καλούσης,
2769 5585 2985 5654 χρόνοις
3022 5584 3248 5655 ὕστερον
3279 5584 3381 5636 οὐκ
3419 5583 3651 5652 ὀλίγοις,

2057 5675 2150 5727 καὶ
2182 5675 2312 5746 περὶ
2337 5675 2398 5727 τὸ
2431 5674 2612 5744 λέγειν
2643 5671 2776 5745 ἦλθε
2813 5676 2986 5730 ταῦτα
3019 5677 3116 5730 καὶ
3141 5678 3397 5746 γράφειν,
3429 5678 3526 5730 καὶ
3554 5660 3650 5730 αὕ-

2056 5767 2211 5821 τόθεν
2242 5769 2344 5837 μὲν
2379 5771 2493 5832 τοῖς
2524 5785 2590 5837 γε
2627 5769 2752 5823 νοῦν
2801 5771 2986 5840 έχουσι
3017 5769 3335 5842 γνώριμον⁹
3374 5771 3497 5825 οὐδὲ
3539 5774 3648 5843 γάρ
3713 5795 3721 5807 ο

2057 5859 2408 5931 ἀνθρωπίνης
2439 5862 2509 5917 τὰ
2550 5861 2781 5917 τοιαῦτά
2831 5863 2950 5916 ποτ’
2982 5864 3048 5917 ἂν
3079 5863 3164 5935 εἴη
3211 5867 3406 5935 σοφίας
3434 5868 3529 5923 καὶ
3555 5865 3646 5922 λό-
