4082 6430
451 360 555 423 59

1703 342 2087 433 οῃΕοοῐιιι
2116 344 2436 408 mng

451 489 553 539 γου
584 468 680 521 καὶ
707 464 798 521 νοῦ
824 481 839 498 ’
868 466 1066 521 πολλοῦ
1094 482 1157 536 γε
1188 463 1287 518 καὶ
1313 463 1393 517 δεῖ
1415 479 1428 495 ’
1465 463 1512 527 εί
1551 462 1625 532 μὴ
1662 462 1754 515 καὶ
1790 462 1887 524 τάς
1921 480 2026 514 πυ-
2051 488 2103 546 Α
2129 461 2452 527 ἐπιτηδείων
2484 459 2644 525 ὑμεῖς
2693 458 2800 512 ἀπό
2850 475 2913 527 γε
2948 458 3042 512 τοῦ
3086 457 3182 512 νῦν
3211 458 3289 528 τῷ
3325 476 3381 512 τε
3412 460 3690 533 Γρηγορίῳ

453 561 800 632 γολαμπίδας
826 577 911 622 τις
936 562 1055 622 ταῖς
1086 559 1338 627 ήλιακαῖς
1363 557 1578 609 ἀκτῖσιν
1599 553 1851 622 ἀφθόνως
1878 554 2025 606 ἀντι-

454 654 656 724 τιθείη,
691 654 784 708 καὶ
809 655 930 716 ταῖς
958 652 1241 720 οὐρανίαις
1277 649 1526 718 βρονταῖς
1572 646 1642 698 τὰ
1671 644 1782 697 τῶν
1824 644 2023 714 χαλκοο

454 747 647 801 τύπων
677 763 737 799 τε
769 746 865 798 καὶ
892 744 1198 814 δρυτόμων,
1233 741 1436 810 μᾶλλον
1467 740 1524 793 δέ
1560 738 1671 790 τῶν
1698 737 2026 806 κρουμάτων

454 838 683 892 ἐκείνων
717 837 783 890 τὰ
840 836 1045 905 ἔσχατα
1104 835 1467 905 ἀπηχήματα,
1529 828 1759 899 δηλώσει
1798 845 1861 895 γε
1919 827 2026 898 μὴν

452 929 524 980 δι’
552 929 754 995 ὀλίγων
788 928 883 981 καὶ
907 928 976 979 τά
1004 926 1098 978 νῦν
1136 923 1511 995 ῥηθησόμενα,
1544 921 1610 974 ἶν’
1651 915 1771 990 ᾖτδ
1809 918 2026 988 δένδρον

452 1018 518 1070 ἐκ
542 1017 637 1071 τοῦ
681 1017 896 1087 καρποῦ
925 1016 1203 1086 γνώριμον
1247 1014 1390 1067 κατὰ
1415 1013 1509 1066 τὸν
1552 1010 1792 1083 Χριστοῦ
1842 1011 2022 1078 λόγον,

451 1108 550 1169 καὶ
580 1109 686 1160 ἀπὸ
714 1108 823 1161 τῶν
849 1107 1062 1161 κλάδων
1102 1106 1284 1169 καλῶς
1311 1106 1380 1159 τά
1423 1106 1525 1174 τῆς
1569 1103 1727 1174 ῥίζης
1769 1101 2025 1170 διαγινώο

455 1218 673 1270 σκηται.
730 1218 734 1221 ·

536 1290 780 1360 Ἐσπέρα
819 1291 921 1360 μέν
958 1287 1028 1362 ἦν
1085 1291 1119 1360 ἡ
1178 1289 1274 1343 τοῦ
1315 1287 1573 1359 μεγίστου
1613 1288 1710 1342 καὶ
1756 1283 2021 1356 μυστικοῦ

454 1381 673 1441 δείπνου
720 1384 817 1435 καὶ¹
863 1383 969 1436 τῶν
1000 1384 1142 1436 κατὰ
1177 1383 1357 1451 σάρκα
1401 1380 1497 1433 τοῦ
1543 1380 1750 1449 Κυρίου
1791 1378 1981 1432 παθῶν
2009 1393 2021 1406 ·

455 1472 557 1541 τῆς
595 1474 653 1527 δὲ
680 1472 901 1541 τελετῆς
930 1473 1159 1527 ἐκείνων
1200 1473 1637 1542 μεγαλοπρεπῶς
1669 1472 2023 1546 τελουμένης,

457 1563 534 1626 ὼς
564 1565 683 1627 ἔθος
725 1566 874 1633 παρὰ
918 1568 984 1635 τῇ
1019 1564 1217 1633 λαύρα.
1252 1566 1348 1617 καὶ
1379 1564 1679 1635 Γρηγόριος
1716 1564 1815 1632 τῆς
1854 1578 2027 1632 πανη-

459 1654 675 1725 γύρεως
702 1658 793 1709 καὶ
824 1658 930 1709 τῶν
966 1656 1151 1724 ὓμνων
1180 1652 1246 1727 ἦν
1282 1656 1557 1709 κοινωνῶν
1588 1646 1700 1718 τοῖς
1729 1653 2025 1725 προῦχουσι

456 1746 565 1808 τῶν
590 1748 784 1813 ἄλλων,
817 1750 914 1802 καὶ
945 1748 1312 1819 συμπράττων
1340 1748 1459 1818 ἅμα
1491 1748 1586 1802 καλ⁸
1609 1750 2021 1816 συνιστάμενος,

2131 552 2223 604 καὶ
2248 554 2361 613 τοῖς
2390 550 2641 603 συνοῦσιν
2668 551 2942 619 οἰκονόμοι
2973 567 3032 603 τε
3063 554 3157 604 καὶ
3196 552 3470 618 διανομεῖς
3510 555 3688 621 γίγνε.

2129 642 2255 694 σθε·
2295 643 2447 712 καὶὴ
2504 642 2602 711 μὲν
2648 641 2821 704 οὕτως
2864 643 2923 695 ἐν
2959 640 3156 712 βραχεῖ
3200 643 3297 711 τὴν
3346 644 3497 713 ἱερὰν
3533 644 3689 714 εὐχὴν

2126 734 2347 803 ἐκείνην
2396 735 2490 786 καὶ
2541 735 2638 806 τήν
2673 734 2884 804 δωρεὰν
2921 734 3346 803 ἐκπληρώσασα,
3392 736 3530 805 πρὸς
3572 738 3693 790 ἐαυ-

2131 825 2231 894 τὴν
2260 828 2486 897 ἐπανῄει
2506 843 2521 856 ·
2558 827 2618 889 ἐξ
2640 827 2847 880 ἐκείνου
2882 828 2945 892 δ’,
2975 831 3000 880 ό
3031 829 3174 897 ίερδς
3210 828 3507 899 Γρηγόριος
3546 828 3689 897 ἔλεγε
3731 895 3737 901 ¹

2128 917 2262 985 πρὸς
2300 919 2468 989 ἡμᾶς,
2504 919 2574 970 τὰ
2600 920 2698 988 τῆς
2742 921 3064 987 σωματικῆς
3103 920 3288 990 χρείας
3318 922 3451 989 ἡμῖν
3491 921 3693 974 όικονιτ)⁵

2127 1009 2307 1062 πάντα
2338 1012 2570 1079 προσῆν,
2618 1011 2864 1079 ὅπουπερ
2896 1011 2961 1063 ἂν
2992 1011 3257 1080 ἐτύχομεν
3303 1011 3687 1080 διατρίϐοντες.

2126 1101 2233 1154 Δύο
2263 1101 2362 1170 μὲν
2397 1101 2490 1169 ἐτη
2545 1102 2746 1173 παρῄει
2777 1102 2853 1170 τῷ
2886 1101 3105 1171 μεγάλῳ
3148 1105 3206 1154 ἐν
3239 1102 3449 1165 τούτοις
3492 1119 3554 1170 γε
3583 1105 3690 1157 ὖντι

2127 1196 2221 1247 καὶ
2264 1193 2615 1264 παροικοῦντι
2665 1195 2725 1247 τὸ
2777 1194 2939 1263 ῥηθὲν
2986 1197 3446 1264 φροντιστήριον
3493 1195 3584 1247 τοῦ
3637 1195 3690 1247 δὲ

2128 1288 2312 1358 τρίτου
2345 1288 2639 1355 παρόντος,
2675 1287 2894 1352 ίδιάζων
2924 1288 3114 1341 αὐτόθι
3150 1291 3282 1340 ποτὲ
3314 1287 3580 1355 συνήθως,
3604 1289 3691 1341 καὶ

2126 1378 2246 1447 Θεῷ
2279 1377 2365 1430 διὰ
2414 1380 2606 1447 νοερᾶς
2636 1378 2865 1449 ἡσυχίας
2908 1382 3003 1433 καὶ
3050 1380 3359 1449 προσευχῆς
3408 1380 3690 1450 προσέχων

2125 1470 2218 1519 τον
2249 1467 2395 1533 νοῦν,
2423 1468 2571 1533 ἔδοξε
2610 1470 2712 1538 μέν
2744 1487 2861 1532 πως
2897 1472 2991 1524 καὶ
3022 1471 3161 1541 πρὸς
3188 1471 3357 1524 ὕπνου
3386 1473 3508 1525 τινὶ
3541 1474 3693 1525 σκιὰν

2129 1557 2304 1611 ἐλθεῖν
2330 1575 2345 1589 ο
2374 1562 2402 1612 ό
2431 1559 2485 1612 δὲ
2518 1560 2616 1612 καὶ
2654 1561 2777 1631 ὄψιν
2807 1561 2958 1631 αὑτῷ
2996 1563 3256 1632 τοιαύτην
3294 1564 3457 1626 εὐθὺς
3486 1566 3691 1618 ὑποδεί-

2128 1667 2308 1704 κνυσιο
2349 1651 2550 1714 Σκεῦος
2579 1654 2756 1707 ἐδόκει
2792 1672 2841 1707 τι
2875 1656 3131 1724 κατέχειν
3172 1657 3228 1708 ἐν
3275 1661 3458 1726 χεροῖν
3491 1650 3694 1726 πλῆρες

2128 1743 2423 1809 γάλακτος,
2456 1746 2517 1798 τὸ
2557 1746 2605 1798 δ’
2637 1731 3184 1817 ἀναϐλύζεινῶσπερ
3230 1748 3428 1820 αῖςρνης
3458 1750 3694 1820 ἀρξάμε-

457 1839 555 1893 καὶ
591 1844 657 1910 τῇ
696 1842 972 1913 παρουσίᾳ
1007 1859 1119 1904 πως
1154 1842 1221 1895 ἂν
1247 1840 1421 1903 εῐποις
1450 1840 1675 1909 κοσμῶν
1700 1840 1907 1895 ἐκεῖνον
1934 1841 2024 1893 τὸν
2059 1842 2100 1902 Β
2128 1851 2218 1887 νον
2270 1835 2487 1907 ὲξέῤῥει
2530 1854 2589 1890 τε
2619 1840 2714 1892 καὶ
2767 1839 3090 1910 ὑπερεχεῖτο
3134 1843 3229 1893 τοῦ
3275 1842 3506 1904 σκεύους
3528 1858 3542 1874 ο
3580 1837 3692 1895 εἶτα

459 1931 718 2001 σύλλογον
744 1949 758 1963 °
787 1933 903 1986 ἀλλ’
935 1928 1024 1986 οἷα
1055 1932 1200 2000 φιλεῖ
1247 1930 1590 2002 συμϐαίνειν,
1624 1932 1729 1983 τῶν
1768 1947 2025 1983 συνιστα-

460 2023 639 2091 μένων
668 2025 812 2086 τινὲς
852 2024 1019 2077 οἱονεί
1052 2042 1174 2078 τινα
1220 2023 1394 2095 λήθην
1430 2024 1650 2094 σχόντες
1680 2023 1788 2075 τῶν
1834 2023 2021 2075 τελουο

457 2114 656 2184 μένων,
691 2115 798 2169 τῶν
852 2132 911 2168 τε
970 2116 1226 2186 μεγάλων
1276 2115 1501 2169 ἐκείνων
1558 2116 1652 2168 καὶ
1704 2115 2025 2183 θαυμασίων

453 2203 627 2273 ᾠδῶν,
662 2207 757 2260 καὶ
786 2206 872 2276 ἐφ’
903 2199 947 2274 ᾧ
975 2206 1039 2276 δὴ
1082 2207 1179 2261 καὶ
1220 2207 1507 2278 συνῄεσαν,
1549 2207 1629 2270 είς
1670 2206 1886 2277 ὁμιλίας
1925 2207 2026 2271 τὰς

453 2295 871 2364 προστυχοῦσας
924 2295 1190 2359 ἐξέδωκαν
1250 2297 1502 2362 ἑαυτοὺς,
1550 2297 1643 2349 καὶ
1687 2296 1847 2350 τοῦτο
1880 2300 2025 2364 πέρα

454 2388 549 2439 τοῦ
591 2372 803 2457 μέτρου
842 2388 937 2441 καὶ
967 2388 1090 2442 καθ’
1136 2387 1464 2459 ὑπερϐολὴν,
1492 2388 1547 2440 εῖ
1587 2406 1651 2453 γε
1682 2390 1774 2442 καὶ
1828 2391 2025 2459 μέτρον

455 2480 592 2543 ὅλως
622 2479 771 2533 ἐστιν
802 2480 914 2538 τοῖς
949 2479 1213 2544 τοιούτοις
1252 2483 1447 2534 εἰπεῖν.
1485 2481 1838 2550 Δυσχεραίνει
1889 2482 2025 2557 πρὸς

454 2571 629 2622 ταῦτα
656 2570 797 2624 κατὰ
819 2571 879 2623 τὸ
910 2570 1055 2632 εξκδς
1084 2572 1113 2624 δ
1134 2571 1228 2623 τοῦ
1260 2570 1397 2624 Θεοῦ
1429 2570 1717 2639 ἄνθρωπος
1742 2589 1757 2602 ο
1782 2574 1875 2625 καὶ
1904 2574 2028 2626 ἐπεὶ

455 2646 636 2730 λέγειν
669 2679 731 2715 τε
786 2662 920 2731 πρὸς
976 2663 1220 2726 ἐκείνους
1257 2662 1350 2716 καὶ
1403 2662 1500 2733 τὴν
1539 2663 1754 2731 ὁμιλίαν
1804 2664 2024 2733 ἐπέχειν

455 2756 555 2808 οὐκ
591 2754 787 2817 ἐδόκει,
823 2755 1097 2807 κάκείνων
1141 2753 1256 2821 ἅμα
1293 2755 1387 2807 καὶ
1413 2755 1519 2824 τῆς
1566 2753 1839 2825 ὑμνῳδίαις
1888 2757 2026 2808 ἀπο-

457 2848 661 2918 στήσας
691 2847 782 2900 τὸν
818 2847 966 2913 νοῦν,
1002 2847 1142 2918 πρὸς
1175 2846 1367 2900 ἐαυτὸν
1395 2848 1718 2917 ἐπιστρέφει
1754 2847 2024 2917 συνήθως,

456 2940 553 2992 καὶ
586 2938 655 2993 δι’
697 2939 895 2993 ἐαυτοῦ
945 2939 1082 3010 πρὸς
1131 2939 1264 2993 Θεόν
1289 2956 1302 2971 ·
1339 2941 1433 2994 καὶ
1476 2940 1676 3015 αὐτίκα
1715 2940 1829 3009 φῶς
1865 2943 2027 2994 αὑτὸν

456 3029 665 3083 ἄνωθεν
704 3028 1044 3100 περιλάμπει
1077 3029 1243 3092 θεῖον,
1273 3030 1369 3082 καὶ
1398 3031 1516 3091 ταῖς
1545 3032 1758 3084 ἀκτῖσιν
1785 3032 2026 3095 ἐκείναις

2130 1926 2223 1979 καὶ
2259 1927 2339 1990 είς
2372 1928 2515 1981 οἶνον
2564 1930 2853 1984 κάλλιστόν
2882 1948 3004 1983 τινα
3029 1935 3132 1991 ,καὶ
3187 1933 3490 2002 ἀνθοσμίαν
3544 1933 3694 1997 δόξαν

2127 2018 2325 2084 ἀθρόον
2362 2020 2712 2089 μεταϐαλεῖν,
2759 2022 2902 2076 οὕτω
2949 2024 3187 2092 δαψιλῶς
3232 2026 3376 2078 κατὰ
3418 2026 3527 2079 τῶν
3574 2026 3695 2093 ἱμα-

2127 2110 2256 2162 τίων
2292 2112 2469 2181 ὲχεῖτο
2492 2114 2587 2165 καὶ
2619 2114 2728 2166 τῶν
2756 2114 2979 2184 χειρῶν,
3006 2116 3081 2173 ὡς
3109 2117 3202 2168 καὶ
3236 2116 3500 2187 διάϐροχα
3529 2116 3693 2169 ταῦτα

2127 2200 2340 2265 θέσθαι,
2376 2202 2467 2255 καὶ
2498 2203 2596 2270 τῆς
2651 2203 2880 2265 εὐωδίας
2911 2204 3010 2273 τῆς
3049 2205 3258 2269 οίκείας
3308 2207 3488 2275 μεστά
3509 2224 3524 2237 ·
3552 2206 3634 2274 ἐφ’
3654 2200 3694 2271 ᾧ

2128 2294 2220 2346 καὶ
2266 2293 2465 2362 μᾶλλον
2504 2294 2754 2365 ἡδομένῳ
2799 2313 2913 2364 μοι,
2944 2296 3100 2366 φησὶ,
3152 2297 3271 2358 πῶς
3302 2297 3372 2351 ἂν
3406 2300 3576 2360 εἴποις
3606 2297 3694 2350 καὶ

2126 2383 2394 2453 χαίροντι,
2443 2384 2553 2437 τῶν
2588 2387 2867 2454 ἐπιφανῶν
2915 2405 2998 2450 τις
3042 2389 3181 2460 ἀνὴρ
3211 2390 3445 2453 ἐπιστὰς
3488 2390 3693 2460 πλήρης

2128 2474 2325 2538 φωτὸς,
2365 2476 2486 2530 ἰνα
2512 2477 2585 2541 τί,
2623 2480 2778 2548 φησὶ,
2808 2477 2903 2531 τοῦ
2935 2479 3268 2549 θαυμαστῶς
3298 2482 3690 2546 άναϐλύζοντος

2126 2564 2328 2618 οὑτωσὶ
2366 2566 2513 2620 θείου
2567 2568 2784 2621 τουτουῖ
2831 2572 3074 2639 πόματος
3125 2576 3217 2624 καὶ
3256 2575 3371 2634 τοῖς
3423 2574 3600 2637 ἄλλοις
3636 2574 3691 2625 οὐ

2132 2655 2454 2723 μεταδίδως,
2508 2658 2628 2711 ἀλλ’
2673 2660 2765 2727 ἐᾷς
2796 2658 2971 2723 οὕτως
3019 2662 3300 2728 ἐκκεῖσθαι
3336 2665 3554 2732 μάτηνς
3587 2663 3693 2715 Οὐκ

2129 2744 2286 2802 οἶσθα
2335 2749 2469 2803 Θεοῦ
2507 2752 2679 2821 δῶρον
2717 2751 2778 2805 ὃν
2821 2754 3001 2817 τοῦτο,
3047 2756 3142 2807 καὶ
3184 2756 3259 2817 ὡς
3309 2757 3414 2809 οὐκ
3462 2756 3693 2825 ἐκλείψει

2131 2838 2295 2909 βρύον
2346 2843 2550 2895 οὑτωσὶ
2606 2846 2700 2899 καὶ
2748 2845 3170 2914 ἁναδιδόμενονς
3217 2848 3387 2915 Ἐμοῦ
3432 2850 3487 2902 δὲ
3513 2850 3611 2919 τήν
3638 2864 3694 2900 τε

2128 2934 2370 3001 ἐμαυτοῦ
2417 2936 2553 3005 πρός
2588 2954 2650 3003 γε
2698 2937 2760 2989 τὸ
2811 2938 3093 3006 διανέμειν
3148 2940 3460 3007 ἀσθένειαν,
3495 2944 3586 2995 καὶ
3638 2942 3695 2992 τὸ

2130 3025 2269 3093 μηδέ
2304 3030 2560 3095 παρεῖναι
2615 3028 2710 3079 νῦν
2742 3029 2867 3090 τοὺς
2915 3028 3022 3081 τῶν
3068 3030 3327 3083 τοιούτων
3383 3032 3694 3100 ἐφιεμένους

455 3125 552 3176 καὶ
580 3125 704 3186 nco-3;
750 3122 850 3191 τῆς
880 3122 1060 3192 ψυχῆς
1098 3122 1214 3192 ἅμα
1262 3123 1358 3176 καὶ
1402 3123 1497 3176 τοῦ
1544 3122 1797 3192 σώματος
1826 3123 2029 3193 ὀφθαλ..
2059 3182 2095 3193 _
2131 3116 2595 3187 προϐαλλομένου,
2642 3119 2783 3171 Ἀλλ’
2826 3122 2874 3172 εἰ
2925 3121 3018 3173 καὶ
3069 3123 3144 3191 μὴ
3184 3124 3444 3192 πάρεισιν
3477 3126 3523 3177 οῖ
3559 3122 3695 3176 τοῦτ’

458 3217 593 3285 μοῦς
656 3182 991 3285 φ-ωτισθεῖιςῑ
1017 3182 1085 3269 ’τὸ
1139 3182 1265 3286 μετ’
1316 3217 1598 3279 ἐνιαυτοὺς
1628 3182 2024 3286 ὀὺκνόλίγους
2052 3182 2096 3242 C
2131 3182 2298 3273 ἀξίως
2326 3182 2712 3278 ἐπίζητοῦντες
2753 3210 2932 3275 αὖθις.
2969 3182 3142 3282 φηέὶν
3177 3182 3412 3278 ἐκεῖνος.
3454 3216 3610 3269 Ἀλλὰ
3640 3214 3697 3267 σὲ

455 3303 873 3374 ἀποϐησόμενον
911 3304 986 3367 ὡς
1024 3305 1124 3375 ήδη
1174 3305 1349 3372 παρὸν
1366 3296 1646 3374 ’ἐναργῶς
1690 3307 1825 3376 ὁρᾷ·
1859 3305 1887 3356 ό
1921 3306 2029 3378 γὰρ

454 3398 557 3466 τὴν
590 3400 689 3466 τῆς
721 3396 928 3466 λαύρας
973 3398 1287 3467 οἰκονομίαν
1332 3399 1812 3469 ἐγκεχειρισμένος
1849 3403 1908 3452 τὸ
1935 3418 2032 3470 τη-

455 3488 689 3541 νικαῦτα
727 3488 1013 3557 Μακάριος
1040 3490 1105 3543 ἐκ
1137 3488 1328 3554 δεξιῶν
1368 3490 1524 3560 αὐτῴ
1559 3491 1856 3554 συνεστὼς,
1883 3492 1941 3544 ού
1970 3492 2030 3545 τὸ

456 3580 635 3632 κοινόν
661 3596 718 3631 τε
754 3579 846 3632 καὶ
893 3579 1127 3650 σύνηθες
1158 3580 1342 3650 φέρων
1385 3581 1639 3649 ἐφαίνετο
1673 3582 1883 3650 σχῆμα,
1914 3580 2029 3635 ἀλλ’

457 3654 538 3733 είς
591 3673 889 3742 ἀρχιερέας
957 3673 1132 3726 ἐδόκει
1191 3674 1386 3737 τελεῖν,
1454 3675 1548 3727 καὶ
1605 3672 1725 3726 κατ’
1785 3672 2031 3737 ἐκείνους

457 3761 738 3827 ἐστάλθαι,
772 3762 868 3815 καὶ
897 3763 959 3815 τὸ
990 3761 1213 3831 σύμπαν
1244 3763 1653 3833 άρχιερατικῶς
1685 3763 1935 3818 ἵστασθαι
1961 3781 1973 3794 ⁸
2003 3763 2031 3817 ὃ

454 3851 519 3920 δὴ
558 3852 651 3903 καὶ
697 3852 777 3915 είς
826 3850 992 3921 ἔργον
1037 3850 1268 3922 ὕστερον
1302 3851 1470 3905 ἐκϐὰν
1515 3853 1864 3925 καθεωράθη,
1899 3853 2030 3907 δέκα

455 3924 593 4011 πρὸς
621 3943 697 4011 τῷ
730 3944 809 3998 ἐνὶ
851 3945 1160 4012 παριόντων
1195 3942 1482 4005 ἐνιαυτῶν,
1521 3942 1615 3995 τοῦ
1649 3943 1906 4013 ῥηθέντος
1940 3944 2027 4012 δη-

454 4031 589 4101 λαδὴ
616 4032 904 4101 Μακαρίου
954 4032 1096 4101 μετὰ
1136 4032 1235 4102 τὴν
1266 4031 1366 4099 τῆς
1405 4032 1611 4101 λαύρας
1644 4034 1821 4102 ἀρχήν
1851 4051 1910 4085 τε
1939 4035 2032 4087 καὶ

456 4123 797 4194 προστασίαν
821 4122 915 4176 τοῦ
953 4125 1050 4193 τῆς
1099 4124 1376 4192 ήμετέρας
1413 4123 1813 4193 Θεσσαλονίκης
1846 4127 2032 4195 ἀρχιε-

460 4206 701 4287 ρατικῶς
744 4215 1032 4277 ἐπιϐάντος
1071 4213 1289 4283 θρόνου,
1337 4215 1500 4267 κάκεῖ
1555 4214 1695 4284 μετὰ
1727 4215 1826 4284 τῆς
1855 4216 2033 4285 ἀρχῆς

459 4300 557 4360 καὶ
594 4308 693 4373 τὴν
733 4306 878 4375 ζωὴν
925 4305 1351 4366 καταλύσαντος.
1406 4304 1619 4376 Ηῦχετο
1669 4306 1813 4377 ὑπὲρ
1865 4308 2031 4361 αὑτοῦ

461 4412 593 4449 ποτε
630 4397 725 4449 καὶ
752 4396 862 4448 τῶν
897 4396 1169 4449 συνόντων
1192 4398 1218 4449 ὁ
1244 4397 1386 4459 θεῖος
1416 4396 1737 4466 Γρηγόριος,
1770 4397 1803 4468 ἡ
1828 4397 1874 4451 δ’
1896 4398 2031 4469 εὐχὴ

2131 3301 2191 3354 τὸ
2226 3302 2424 3354 σαυτοῦ
2458 3302 2539 3354 δεῖ
2562 3304 2737 3356 ποιεῖν
2764 3305 2923 3369 τέως,
2952 3307 3045 3358 καὶ
3079 3305 3154 3373 μὴ
3186 3306 3578 3378 κατολιγωρεῖν
3605 3306 3698 3373 τῆς

2132 3394 2419 3464 διανομῆς,
2452 3388 2599 3467 ᾗπερ
2645 3394 2802 3465 ἔφην,
2834 3396 2934 3459 τῆς
2968 3412 3031 3463 γε
3083 3397 3190 3467 μὴν
3233 3400 3593 3470 ἀπαιτήσεως
3625 3396 3705 3465 τῷ

2131 3486 2367 3556 δεσπότῃ
2403 3490 2761 3557 παραχωρεῖν
2784 3504 2796 3517 ·
2838 3484 2994 3542 οἶσθα
3031 3491 3127 3543 καὶ
3162 3492 3270 3561 γὰρ
3299 3492 3547 3562 ἀκριϐῶς
3578 3490 3701 3544 πάν-

2134 3596 2241 3641 τως
2286 3579 2379 3631 καῖ
2411 3578 2510 3648 τὴν
2548 3580 2769 3650 ἐντολὴν
2803 3582 2895 3634 καὶ
2934 3582 2994 3633 τὸ
3024 3582 3306 3647 τάλαντον,
3339 3586 3442 3637 καὶ
3483 3584 3578 3654 τὴν
3603 3600 3697 3635 καο

2132 3670 2363 3740 ταδίκην
2429 3672 2522 3723 τοῦ
2602 3673 2701 3743 τῆς
2766 3675 3042 3744 ἐμπορίας
3106 3676 3699 3747 καταρρᾳθυμήσαντος

2132 3761 2343 3824 δούλου,
2396 3763 2489 3815 καὶ
2526 3762 2602 3831 μὴ
2650 3763 2796 3816 κατὰ
2844 3764 2906 3816 τὸ
2953 3764 3274 3818 δεσποτικὸν
3328 3767 3700 3837 ἐργασαμένου

2135 3855 2486 3924 πρόσταγμα.
2520 3849 2630 3906 Εἶτ’
2658 3856 2867 3919 ἐκεῖνος
2897 3859 2994 3926 μὲν
3021 3860 3050 3911 δ
3072 3857 3343 3929 λαμπρὸς,
3384 3861 3570 3930 φησὶν,
3597 3859 3702 3911 ἐδο-

2134 3945 2225 4010 ξεν
2257 3946 2481 3999 ἀπιέναι
2507 3964 2518 3977 ·
2552 3945 2663 4013 ἐγὼ
2693 3946 2749 3999 δέ
2795 3950 2890 4000 καὶ
2935 3949 3034 4019 τὴν
3068 3951 3230 4003 σκιὰν
3281 3952 3702 4021 ἐκτιναξάμενος

2135 4038 2352 4107 ἐκείνην
2382 4036 2475 4090 τοῦ
2525 4037 2716 4102 ὕπνου,
2755 4039 2858 4108 τήν
2899 4056 2960 4092 τε
3010 4043 3180 4095 νύκτα
3228 4045 3415 4098 πᾶσαν
3445 4043 3579 4115 ὁμοῦ
3613 4041 3701 4095 καὶ

2133 4128 2233 4197 τῆς
2267 4129 2485 4198 ἡμέρας
2530 4130 2591 4182 τὸ
2635 4131 2888 4184 πλεῖστον
2942 4133 3233 4205 ἐκαθήμην
3264 4137 3405 4203 ἐκεῖ,
3452 4135 3529 4206 τῷ
3575 4133 3698 4198 θείῳ

2135 4220 2276 4285 φωτὶ
2315 4220 2590 4282 πλουσίως
2621 4221 2755 4283 ὅλως
2787 4224 3293 4294 περιλαμπόμενος.

2205 4310 2391 4365 Ταῦτα
2422 4312 2556 4379 πρὸς
2590 4313 2681 4367 τὸν
2721 4313 2876 4384 φίλον
2908 4314 3022 4384 ἅμα
3065 4318 3160 4368 καὶ
3205 4319 3489 4390 φοιτητὴν,
3519 4317 3608 4371 τὸν
3634 4316 3701 4368 [e—

2136 4401 2230 4470 ρόν
2266 4418 2410 4471 φημι
2441 4403 2740 4472 Δωρόθεον,
2767 4407 2794 4458 ὁ
2832 4404 3144 4476 θαυμαστὸς
3182 4408 3483 4481 Γρηγόριος
3527 4409 3699 4476 ἔλεγεν

460 4487 599 4556 πρὸς
631 4488 732 4555 τὴν
785 4487 1062 4557 Παρθένον
1110 4488 1496 4583 καξθεοτόκον
1547 4489 1644 4559 τὴν
1678 4489 1888 4560 συνήθη
1938 4508 2032 4544 κυ-
2055 4522 2110 4583 D
2143 4492 2389 4565 ὕστερον,
2438 4496 2600 4560 ἡνίκα
2644 4497 2709 4567 δὴ
2758 4498 2853 4551 καὶ
2903 4501 3028 4562 τοὺς
3070 4499 3420 4569 θαυμαστοῦς
3473 4503 3700 4561 ἐκείνους

460 4575 717 4647 ϐερνῆτιν
757 4577 853 4628 καὶ
890 4576 1161 4646 σώτειραν
1196 4573 1261 4648 ἦν
1285 4594 1298 4607 °
1332 4576 1474 4630 ὥστε
1508 4581 1600 4630 καὶ
1652 4579 1722 4632 τὰ
1757 4583 1856 4651 τῆς
1896 4581 2031 4652 πρὸς

458 4668 593 4718 Θεὸν
641 4668 864 4734 άγωγῆς
916 4686 975 4721 τε
1037 4672 1132 4722 καὶ
1184 4670 1408 4737 πορείας
1459 4674 1644 4734 αὐτοῖς
1709 4674 2034 4742 ἀπρόσκοπα

460 4757 656 4819 θεῖναι,
682 4758 778 4810 καὶ
823 4758 891 4810 τά
921 4759 1017 4825 τῆς
1050 4759 1371 4827 σωματικῆς
1420 4763 1693 4826 ἀναγκαῖα
1728 4766 1917 4833 χρείας
1948 4765 2036 4816 εύ-

462 4849 695 4914 πέριστά
725 4866 783 4901 τε
816 4850 910 4902 καὶ
949 4851 1129 4920 ῥᾴδια,
1166 4851 1240 4913 ὼς
1270 4852 1335 4904 ἂν
1366 4852 1441 4921 μὴ
1476 4853 1582 4906 τῶν
1609 4857 1868 4909 τοιούτων
1901 4857 2034 4909 ἁπό-

463 4956 572 5009 ρως
622 4941 839 5009 ἔχοντες
876 4942 1271 5009 ἀναγκάζοιντο
1322 4948 1450 5013 περὶ
1479 4946 1577 5016 τὴν
1614 4947 1795 5000 αὐτῶν
1846 4949 2033 5002 συλλο-

459 5030 564 5101 γὴν
596 5032 971 5101 ἀσχολεῖσθαι,
1006 5036 1073 5086 τά
1115 5038 1465 5105 πνευματικά
1498 5039 1593 5091 καὶ⁵
1630 5041 2032 5110 ἀναγκαιότερα

461 5126 795 5193 προϊέμενοι.
838 5125 924 5177 Ἐν
968 5125 1179 5187 τούτοις
1224 5129 1322 5196 μὲν
1355 5129 1423 5181 τὰ
1466 5129 1562 5198 τῆς
1607 5135 1920 5201 προσευχῆς
1947 5149 1959 5163 ο
1999 5134 2031 5202 ή

458 5217 514 5269 δὲ
541 5218 652 5269 τῶν
682 5220 901 5271 πάντων
926 5221 1216 5286 Δέσποινα,
1247 5220 1343 5272 καὶ
1378 5222 1548 5290 αὐτὴν
1577 5221 1651 5283 ὡς
1686 5223 1751 5274 ἂν
1783 5225 1926 5276 εἴποι
1951 5241 2034 5283 τις

457 5308 539 5375 τῷ
562 5310 805 5378 περιόντι
833 5314 929 5379 τῆς
959 5313 1216 5377 προνοίας
1242 5312 1517 5378 φθάνουσα
1537 5315 1635 5381 τὴν
1664 5313 1852 5385 εὐχὴν,
1883 5314 2032 5387 ῦπαρ

458 5401 622 5462 εὐθὺς
671 5400 765 5453 ὑπ’
810 5399 934 5469 ὄψιν
983 5402 1179 5471 ἐκείνῳ
1231 5402 1581 5471 παρίσταται.
1621 5405 1837 5471 σεμνῶς
1893 5404 2035 5457 οὕτω

460 5494 555 5543 καὶ
587 5491 936 5561 παρθενικῶς
966 5492 1298 5561 ἐσταλμένη,
1324 5493 1449 5545 καθ’
1470 5492 1506 5547 ἆ
1532 5494 1595 5564 δὴ
1622 5498 1716 5548 καὶ
1749 5498 1879 5565 παρ’
1900 5499 2035 5566 ἡμῖν

461 5585 517 5637 αἱ
551 5584 799 5655 ἀκριϐεῖς
833 5584 1042 5648 εἰκόνες
1077 5584 1248 5654 αὐτὴν
1297 5586 1523 5656 φέρουσι
1551 5603 1565 5617 ⁸
1609 5586 1704 5639 καὶ
1741 5587 1877 5656 πρὸς
1909 5591 2034 5651 τοὺς

462 5660 765 5743 ἑπομένους
794 5678 1200 5747 ἐπιστραφεῖσα
1229 5691 1241 5706 ·
1280 5677 1527 5730 πλεῖστοι
1572 5678 1618 5729 δ’
1644 5679 1862 5731 ἐδόκουν
1893 5676 2035 5733 εἶναι

462 5766 555 5817 καὶ
586 5768 693 5819 τῶν
727 5769 1039 5839 ἐπιφανῶν*
1078 5769 1471 5839 Πάντων,
1507 5772 1618 5822 rm;
1664 5773 1797 5842 πρὶς
1845 5776 2032 5843 χρείαν

2139 4588 2268 4655 περὶ
2298 4585 2408 4639 τῶν
2433 4587 2591 4640 θείων
2614 4587 2898 4660 δογμάτων
2921 4590 3113 4658 λόγους
3144 4594 3457 4648 ἐκτίθεσθαι
3483 4594 3696 4666 ἦρξατο,

2135 4677 2280 4730 τοῦτ’
2310 4679 2444 4731 αὐτὸ
2475 4680 2678 4748 κρίνων
2724 4683 2929 4749 ἐκεῖνος
2964 4688 3303 4740 αἰνίττεσθαι
3346 4688 3441 4758 τὴν
3464 4691 3570 4743 ἀπλ)
3598 4687 3697 4754 γά-

2135 4770 2336 4833 λακτος
2376 4774 2456 4835 είς
2481 4768 2623 4826 οἶνον
2651 4774 2746 4827 τοῦ
2778 4775 2924 4846 ἱεροῦ
2956 4779 3196 4847 πόματος
3222 4781 3433 4834 ἐκείνου
3479 4777 3700 4850 μεταϐο-

2137 4861 2256 4930 λὴν,
2291 4864 2389 4931 τὴν
2426 4865 2532 4916 ἀπὸ
2569 4867 2664 4918 τοῦ
2702 4867 2898 4936 ἠθικοῦ
2935 4870 3177 4935 δηλονότι
3211 4874 3304 4925 καὶ
3351 4873 3520 4927 ἁπλοῦ
3571 4869 3699 4939 πρὸς

2135 4956 2227 5007 τὸν
2256 4956 2590 5026 δογματικόν
2616 4975 2673 5010 τε
2717 4962 2810 5011 καὶ
2834 4962 2946 5014 ἄνω
2991 4962 3390 5031 βεϐηκότα,τοῦ
3419 4964 3576 5030 λόγου
3610 4975 3700 5028 μευ

2134 5046 2378 5102 τάθεσιν.
2415 5050 2481 5101 Τί
2519 5048 2582 5103 τὸ
2613 5050 2735 5121 ἑξῆς
2763 5067 2778 5116 ;
2811 5052 3064 5107 Πείθεται
3101 5057 3213 5120 τοῖς
3253 5055 3419 5119 θείοις
3445 5053 3699 5126 χρησμοῖς

2135 5138 2162 5188 ὁ
2195 5139 2357 5205 σοφὸς
2392 5140 2450 5203 ἐξ
2484 5142 2719 5205 ἐκείνου,
2753 5142 2849 5195 καλ⁵
2883 5144 2944 5195 τὸ
2991 5145 3179 5215 νοητὸν
3210 5147 3326 5214 ἅμα
3355 5145 3433 5216 τῷ
3470 5136 3699 5206 αἰσθητῷ

2135 5227 2404 5291 δεανοίξας
2454 5232 2651 5299 στόμα,
2686 5232 2779 5286 τοῦ
2834 5234 3042 5288 ἄνωθεν
3085 5237 3441 5299 έλκυσθέντος
3491 5231 3698 5304 μεταδι-

2134 5317 2283 5371 δόναι
2340 5321 2503 5374 πᾶσιν
2548 5324 2799 5391 ἀφθόνως
2851 5326 3081 5397 ἄρχεται
3132 5330 3468 5399 Πνεύματος.
3520 5327 3698 5393 λόγους

2136 5407 2394 5476 ἄντικρυς
2442 5413 2736 5482 προτέρων
2787 5415 2923 5467 Θεοῦ
2950 5434 2964 5449 ο
2994 5418 3205 5486 λόγουε,
3240 5418 3332 5483 οὓς
3381 5418 3488 5472 οὐδ’
3518 5416 3581 5471 ἂν
3621 5407 3696 5472 εἷς

2135 5492 2292 5566 οἶμαι
2333 5499 2445 5551 τῶν
2482 5502 2697 5556 πάντων
2734 5506 3032 5583 ὑπογράφῃ
3070 5512 3201 5564 ποτέ
3230 5513 3305 5583 τῷ
3345 5514 3506 5584 λόγῳ,
3536 5511 3633 5563 κᾶν

2136 5591 2270 5644 δέκα
2301 5594 2402 5662 μέν
2428 5594 2688 5663 γλῶτται,
2716 5601 2957 5655 τοσαῦτα
2986 5607 3030 5657 δ’
3061 5602 3173 5658 εἶεν
3200 5607 3350 5676 αὐτῷ
3383 5602 3620 5673 στόματά
3640 5614 3692 5651 τε

2138 5686 2231 5737 καὶ
2268 5688 2450 5757 χοῖρες
2479 5691 2620 5742 κατά
2652 5709 2713 5759 γε
2739 5694 2799 5746 τὸ
2828 5697 2971 5749 τισὶν
3002 5697 3314 5769 εἰρημένον,
3356 5701 3404 5752 εἰ
3433 5699 3506 5767 μὴ
3544 5694 3692 5748 πάλιν

2138 5777 2297 5842 αὐτὸς
2331 5772 2483 5843 οὗτος
2539 5783 2631 5835 καὶ
2682 5787 2727 5837 οἱ
2765 5788 2973 5842 ἐκείνου
3024 5790 3159 5845 θεὲοι
3220 5793 3310 5846 καὶ
3355 5791 3501 5857 σοφοὶ
3558 5785 3691 5850 λόγοι
