4082 6412
325 347 392 405 53
403 345 422 407 1

1290 334 1702 399 ENCOMIUM
1741 336 1780 392 Α
1798 333 1957 393 UCT.
2000 329 2444 390 PHILOTIIEO
2467 328 2580 388 (ΣΡ.

3470 321 3578 384 5,82

327 470 420 518 καὶ
445 464 514 515 τὰ
546 462 772 527 πυκτία,
801 459 945 530 άπερ
967 459 1098 530 ἡμῖν
1122 455 1238 512 ἀντ’
1268 456 1480 508 ἐκείνου
1511 455 1751 522 μεγάλης
1783 452 1898 502 δια·
1935 464 1976 516 Α
2012 448 2210 516 ὑψηλὸς
2244 448 2334 499 καὶ
2390 443 2833 514 ἀπαραχώρητος
2864 447 2969 506 τοῖ,
3022 444 3289 515 ῥᾳθύμοις
3339 461 3430 496 και
3480 461 3581 496 κα·-

325 557 472 622 νοίας
519 574 578 609 τε
629 555 724 609 καὶ
777 554 959 623 φωνῆς
1017 550 1200 613 καλῶς
1253 549 1712 602 καταλέλειπται’
1749 545 1785 599 ἃ
1834 546 1899 614 δὴ

325 651 420 704 καὶ
446 647 738 719 βλέποντες
767 646 930 699 πάνθ’
967 646 1102 716 ὁμοῦ
1131 647 1224 698 καὶ
1262 641 1554 701 ἀκούοντες
1583 639 1630 691 οἱ
1663 639 1783 690 τότε
1811 637 1899 688 τον

326 743 477 812 ἱερὸν
517 738 915 811 παροικοῦντες
949 737 1121 799 ¹Ἄθω,
1157 738 1250 789 καὶ
1301 731 1520 802 μάλισθ’
1561 731 1705 788 ὅσοις
1761 717 1900 797 μετά

322 835 421 887 ’τοῦ
451 834 646 905 χρόνου
698 832 791 884 καὶ
837 829 1021 883 πολιὸν
1054 825 1122 899 ἦν
1171 823 1442 881 ἐπανθοῦν
1494 823 1770 892 φρόνημα,
1806 818 1900 871 καὶ

323 927 424 997 τῆς
447 927 622 993 καλῆς
665 925 898 995 ἡσυχίας
945 922 1040 976 καὶ
1095 920 1202 974 τῶν
1245 921 1374 972 ἴσων
1419 919 1716 986 ἐτύγχανον
1768 915 1899 983 ἐρα-

330 1019 472 1082 σταὶ,
525 1018 623 1072 καλ⁸
660 1017 802 1071 θεῖόν
849 1033 908 1068 τε
964 1015 1154 1084 χρῆμα
1205 1014 1300 1066 καὶ
1349 1009 1624 1080 ὑπερφυὲς
1673 1008 1732 1060 τὸ
1782 1004 1901 1059 κατ’

329 1113 536 1165 ἐκεῖνον
566 1110 817 1179 ἡγοῦντο,
851 1110 948 1163 καὶ
976 1109 1096 1161 καθ’
1127 1103 1435 1175 ὑπερϐολὴν
1470 1104 1561 1156 τὸν
1594 1104 1902 1169 ἐγκεκρυμ-

334 1207 490 1272 μένον
549 1202 699 1273 αὐτῷ
729 1203 825 1271 τῆς
866 1203 1088 1271 χάριτος
1139 1199 1522 1268 ἐξεπλήττοντο
1585 1194 1854 1264 θησαυρόν
1883 1207 1898 1222 ·

330 1298 466 1351 ἄλλα
506 1313 564 1349 τε
601 1295 774 1348 πολλὰ
808 1296 969 1362 λόγου
1004 1294 1097 1347 καὶ
1136 1294 1356 1362 μνήμης
1385 1289 1512 1352 ἄξια
1543 1285 1664 1340 κατ’
1691 1285 1899 1336 ἐκείνου

333 1389 472 1458 πρὸς
500 1391 711 1449 πάντας
762 1385 1010 1454 λέγοντες
1047 1385 1342 1453 ὁσημέραι,
1374 1381 1464 1433 καὶ
1506 1379 1570 1448 δὴ
1602 1377 1692 1430 καὶ¹
1717 1376 1776 1428 τὸ
1806 1375 1897 1425 τοῦ

332 1479 647 1550 θαυμαστοῦ
677 1477 886 1548 Πατρὸς
937 1477 1126 1529 Ἰσαὰκ
1171 1473 1466 1543 προσφυῶς
1512 1467 1901 1540 προστιθέντες

332 1575 530 1637 ἐκεῖνο,
591 1571 766 1641 τούτῳ
818 1587 882 1638 γε
941 1573 1046 1638 πρὸ
1101 1567 1209 1620 τῶν
1268 1566 1442 1620 ἄλλων
1500 1565 1720 1616 πάντων
1781 1559 1902 1615 κατ’

333 1665 572 1725 ἐκείνους
598 1663 900 1733 προσῆκον,
925 1659 1006 1724 τὸ,
1037 1660 1360 1728 Ἄνθρωπον
1386 1657 1504 1717 ταῖς
1544 1655 1643 1724 μὲν
1679 1655 1904 1722 ἀρεταῖς

331 1753 746 1820 διαλάμποντα,
804 1750 1114 1822 ἀνθρώποις
1167 1750 1224 1802 δέ
1286 1747 1482 1815 εὐτελῆ
1553 1745 1898 1814 φαινόμενον,

2005 539 2400 607 ταφρονηταῖς,
2449 536 2793 604 συγγνώμων
2834 541 2942 600 τοῖς
2979 538 3036 601 ἐξ
3073 539 3348 608 ἁμαρτίας
3399 539 3582 602 καλῶς

2007 632 2421 700 ἐπιστρέφουσι,
2475 630 2679 699 μᾶλλον
2716 631 2900 684 δὲκαὶ
2947 634 3046 699 τὴν
3094 634 3434 705 ἐπιστροφὴν
3487 639 3580 690 καὶ

2007 721 2103 791 τὴν
2137 721 2503 791 μεταμέλειαν
2555 725 2667 786 τοῖς
2717 724 2991 786 πλείστοις
3037 725 3223 796 ἔργοις
3252 745 3314 778 τε
3352 729 3446 780 καὶ
3492 729 3581 780 λό-

2007 830 2124 880 γοις
2149 813 2272 866 καθ’
2307 815 2546 883 ἑκάστην
2576 816 2737 878 αὐτὸς
2772 818 3036 886 ἐμποιῶν,
3067 822 3162 874 καὶ
3192 822 3266 890 τῷ
3300 815 3422 875 καθ’
3453 825 3583 878 έαυυ

2005 908 2096 959 τὸν
2158 908 2522 977 ὑποδείγματι
2591 910 2802 973 πάντας
2857 912 3138 980 ἀναλόγως
3202 916 3374 969 ἕλκων
3437 919 3577 988 πρὸς

2008 1000 2252 1070 ἀρετήν·
2311 1001 2493 1055 ἴσασιν
2527 1003 2572 1055 οἱ
2623 1003 2944 1072 βαρυτάτων
3004 1008 3194 1061 παθῶν
3237 1013 3333 1064 καὶ
3364 1014 3583 1090 δεσμῶγ

2007 1093 2286 1162 ἁμαρτίας
2317 1093 2568 1162 χρονίων,
2617 1099 2711 1147 καὶ
2744 1097 2843 1164 τῆς
2880 1100 3134 1168 ποικίλης
3164 1103 3272 1152 τῶν
3309 1104 3583 1174 δαιμόνων

2008 1183 2294 1252 ἐνεργείας
2328 1187 2421 1235 καὶ
2471 1187 2745 1254 μηχανῆςν
2779 1191 2900 1250 ταῖς
2949 1191 3159 1246 ἐκείνου
3203 1194 3585 1264 διδασκαλίαις

2011 1275 2104 1327 καὶ
2133 1277 2253 1337 ταῖς
2283 1277 2467 1346 εὐχαῖς
2499 1278 2651 1349 παρὰ
2680 1279 2858 1342 πάσας
2892 1282 3114 1347 ἐλπὲδας
3147 1287 3580 1356 ἀπαλλαγέντες,

2010 1367 2105 1418 καὶ
2141 1369 2498 1437 παράδειγμα
2543 1373 2832 1438 μετανοίας
2885 1376 3072 1427 καινὸν
3108 1379 3220 1438 τοῖς
3263 1383 3398 1434 πᾶσι
3429 1387 3584 1438 γενό-

2014 1473 2187 1520 μενοι.
2225 1457 2334 1517 Τάς
2362 1457 2418 1509 δέ
2469 1462 2706 1527 συνεχεῖς
2741 1463 2835 1513 καλ⁵
2881 1465 3234 1528 παντοδαπὰς
3271 1433 3490 1539 όμιλίάῖ
3528 1493 3586 1527 τε

2011 1545 2108 1596 καὶ
2141 1546 2512 1610 διδασκαλίας,
2543 1551 2636 1599 καὶ
2663 1549 2720 1602 τὸ
2769 1554 3005 1620 χρυσοῦν
3035 1556 3213 1609 ἐκεῖνο
3254 1563 3346 1614 καὶ
3376 1565 3586 1616 ἀκάθε-

2011 1654 2140 1689 κτον
2173 1637 2352 1708 ρεῦμα
2385 1640 2480 1693 τοῦ
2515 1641 2672 1709 λόγου
2705 1658 2720 1673 ο
2751 1645 2847 1714 τὴν
2879 1645 2935 1698 δὲ
2981 1650 3112 1715 περὶ
3141 1649 3234 1703 τὸν
3275 1651 3416 1705 θεῖον
3449 1656 3586 1708 νεὼν

2012 1730 2268 1792 καὶτοὺς
2313 1732 2593 1802 ὑπηρέτας
2641 1737 2736 1788 καὶ
2767 1738 3048 1807 ὑμνῳδοὺς
3095 1742 3304 1796 ἐκείνου
3351 1748 3589 1817 σπουδὴν

335 1844 427 1896 καὶ
467 1844 726 1912 φωτεινὺν
773 1843 871 1913 μέν
902 1844 978 1913 τῷ
1013 1841 1132 1912 βίῳ,
1165 1839 1326 1907 σοφὸν
1357 1839 1414 1892 δέ
1458 1841 1522 1908 τῇ
1555 1838 1778 1905 γνώσει,
1813 1835 1906 1886 καὶ
1940 1838 1979 1892 Β
2013 1823 2106 1874 καὶ
2161 1823 2512 1889 φιλοκαλῖαψ
2551 1827 2649 1888 τὰς
2697 1829 2754 1882 δὲ
2799 1833 3066 1898 μυστικὰς
3121 1836 3232 1888 τῶν
3287 1838 3586 1908 ὑπερφυῶν

336 1938 590 1991 ταπεινὸν
623 1937 702 2005 τῷ
751 1940 1083 2008 φρονήματι,
1123 1935 1206 1997 τίς
1254 1933 1536 1997 τεθέαται;
1586 1929 1775 1982 τοῦτον
1810 1930 1906 1982 αὐ-

338 2031 427 2082 τὸν
491 2031 585 2082 καὶ
634 2030 733 2083 ούκ
783 2028 942 2084 ἄλλον
991 2029 1253 2098 ἄντικρυς
1310 2021 1453 2078 εἶναι
1491 2024 1908 2092 διατεινόμενοι,

335 2126 427 2178 τὸν
459 2126 548 2179 ὑπ’
587 2125 794 2179 ἐκείνου
827 2124 921 2178 τοῦ
970 2123 1209 2193 μεγάλου
1246 2121 1324 2190 τῷ
1357 2121 1498 2189 λόγῳ
1546 2117 1910 2185 διατυπούμε-

339 2235 450 2280 νον,
486 2218 584 2272 καὶ
634 2218 774 2286 μετά
828 2203 1028 2285 πολλῆς
1079 2214 1222 2268 οὕτω
1281 2213 1381 2282 τῆς
1420 2212 1649 2281 ἐρεύνης
1699 2226 1756 2261 τε
1814 2207 1911 2260 καὶ

337 2311 629 2380 διαπορίας
658 2311 746 2364 διά
781 2327 844 2375 γε
887 2311 986 2379 τὴν
1034 2311 1232 2364 σπάνιν
1267 2308 1375 2360 τῶν
1412 2305 1670 2358 τοιούτων
1718 2304 1912 2372 ἐπιζη-

337 2404 623 2471 τούμενον.

409 2495 535 2556 Τοῖς
567 2492 731 2554 θείοις
762 2491 994 2554 ἐκείνοις
1037 2491 1309 2560 χρησμοῖς
1370 2488 1466 2540 καὶ
1496 2486 1572 2557 τῷ
1613 2485 1911 2540 ἐνοικοῦντι

342 2585 621 2654 Πνεύματι
674 2585 977 2654 Γρηγόριος
1023 2585 1291 2652 ἀγόμενος
1340 2581 1368 2632 6
1408 2579 1591 2648 σοφὸς,
1649 2579 1786 2649 μετά
1815 2579 1910 2632 τοῦ

337 2678 429 2730 διὰ
458 2676 728 2746 γλώττης,
767 2671 913 2748 ᾗπερ
947 2677 1182 2744 ἔφημεν,
1234 2673 1551 2742 θαυμαστοῦ
1583 2671 1766 2740 λόγου,
1819 2672 1914 2726 καὶ

337 2769 434 2822 τοῦ
466 2768 701 2840 γράφειν
750 2769 984 2821 ἐνταῦθα
1036 2767 1131 2820 καὶ
1179 2767 1542 2835 λογογραφεῖν
1585 2765 1912 2830 θαυμαστῶς

339 2862 567 2930 ἄρχεται
589 2875 603 2890 ⁸
635 2860 729 2912 καὶ
757 2857 970 2928 πρῶτος
1007 2857 1105 2929 μὲν
1131 2859 1158 2910 6
1193 2859 1285 2909 ἐπὶ
1310 2858 1386 2927 τῷ
1418 2856 1693 2927 θεσπεσίῳ
1741 2858 1914 2927 Πατρὶ

346 2956 533 3024 Πέτρῳ
564 2952 724 3022 λόγος
773 2951 922 3021 αὐτῷ
975 2950 1360 3004 συντάττεται·
1410 2950 1688 3020 ἡμεδαπὸς
1718 2950 1745 3001 ό
1777 2967 1914 3020 καρο

263 3071 277 3086 ι
342 3049 442 3110 πὸς
471 3047 654 3098 οὑτοσὶ¹
703 3047 796 3098 καὶ
828 3044 1114 3114 ἐγχώριος,
1159 3044 1268 3096 κάκ
1311 3041 1405 3094 τοῦ
1454 3040 1600 3108 ἱεροῦ
1637 3042 1786 3094 Ἀθω
1824 3043 1916 3094 καὶ

339 3141 440 3208 τῆς
475 3138 708 3192 ἐνταῦθα
758 3137 999 3207 μεγάλης
1048 3136 1141 3188 καὶ
1183 3133 1481 3203 ὰγγελικῆς
1530 3133 1816 3202 διατριϐῆς
1853 3149 1912 3184 τε
1943 3177 1985 3238 c

339 3235 437 3285 καὶ
469 3231 743 3294 πολιτείας
783 3231 964 3299 φέρων
993 3229 1054 3281 τὸ
1099 3228 1395 3299 πρόσρημα
1417 3245 1429 3256 -
1464 3223 1716 3293 δεύτερος
1749 3225 1794 3277 δ’
1821 3225 1911 3276 ἐπὶ

339 3323 516 3394 τούτῳ
546 3325 575 3376 ό
603 3324 695 3376 ἐπὶ
736 3325 802 3392 τῇ
855 3322 963 3374 τῶν
995 3320 1236 3387 νομικῶν
1290 3318 1497 3371 ἀδύτων
1546 3318 1667 3387 ἱερᾷ
1725 3317 1912 3386 εἰσόδῳ

343 3419 438 3468 καὶ
482 3416 560 3486 τῷ
593 3416 782 3469 αὐτόθι
826 3415 1050 3468 θεοειδεῖ
1083 3413 1184 3483 βίῳ
1218 3413 1316 3479 τῆς
1361 3411 1741 3479 Θεομήτοροςο
1766 3413 1917 3461 ἐπει-

339 3511 406 3580 δή
458 3510 521 3578 γέ
584 3527 734 3568 τινας
766 3508 906 3576 ἔγνω
951 3509 1073 3559 τότε
1129 3502 1584 3574 παραληροῦντας
1639 3503 1772 3563 ἐκεῖ,
1823 3501 1916 3552 καὶ

338 3604 559 3674 γλώττῃ
597 3602 832 3672 θρασείᾳ
869 3601 959 3654 καὶ
993 3597 1201 3668 ἀμαθεῖ
1244 3598 1356 3659 τοῖς
1402 3595 1722 3664 μυστηρίοις
1769 3591 1916 3644 ἐκεί-

338 3716 452 3760 νοις
507 3695 838 3766 ἐπηρεάζειν
896 3693 1316 3762 τολμήσανταςο
1377 3689 1511 3740 ἄλλα
1554 3704 1616 3738 τε
1685 3688 1913 3738 πλεῖστα

343 3792 482 3860 πρὸς
509 3791 724 3852 τούτοις
755 3789 916 3855 λόγου
967 3787 1063 3840 καὶ
1106 3785 1328 3856 μνήμης
1377 3783 1527 3851 ἱερᾶς
1563 3780 1729 3841 ὅντως
1765 3778 1913 3841 ἀξια.

427 3883 569 3936 Ἀλλ’
604 3882 725 3935 ἐπεὶ
751 3881 844 3934 τὸν
876 3880 1020 3933 οὕτω
1045 3878 1138 3932 καὶ
1163 3877 1305 3945 λόγῳ
1333 3875 1426 3928 καὶ
1459 3873 1655 3942 πράξει
1687 3872 1778 3924 καὶ
1801 3873 1915 3933 τοῖς

341 3976 438 4029 τοῦ
478 3977 792 4046 Πνεύματος
841 3973 1066 4042 ὑψηλοῖς
1112 3969 1444 4040 χαρίσμασιν
1478 3965 1774 4033 ὑπερφυῶς
1804 3964 1918 4016 δια-

341 4073 652 4141 λάμποντα,
683 4069 778 4122 καὶ
809 4068 1019 4130 πάντας
1046 4063 1263 4134 ὑψηλῶς
1294 4060 1605 4126 ἐξιστάντα,
1632 4058 1724 4111 καὶ
1751 4058 1915 4110 πᾶσιν

342 4164 569 4233 ἐπῳδῶν
600 4163 846 4233 φίλτροις
895 4160 1100 4221 πάντας
1144 4154 1576 4224 ἁναδησάμενον,
1609 4152 1710 4204 οὐκ
1748 4147 1816 4221 ἦν
1859 4151 1918 4204 ἐν

342 4255 695 4325 ἀναχωρήσει
729 4253 824 4305 καὶ
858 4249 1034 4318 γωνία
1083 4247 1380 4317 καθῆσθαι,
1420 4244 1529 4298 οὐδ’
1561 4242 1666 4294 ὑπὸ
1699 4242 1789 4295 τὸν
1817 4243 1916 4311 τῆς

342 4349 554 4414 σιωπῆς
594 4347 771 4416 μόδιον
820 4343 912 4395 τὸν
942 4341 1034 4395 τοῦ
1077 4341 1237 4408 λόγου
1291 4336 1528 4406 διαφανῆ
1568 4334 1776 4405 πυρσὸν
1825 4333 1918 4386 καὶ

340 4445 443 4510 τῆς
467 4441 668 4511 ἀρετῆς
703 4436 793 4490 ἐπὶ
827 4435 963 4487 πολὺ
1014 4430 1355 4504 κρύπτεσθαι
1377 4428 1586 4494 ,τοῦτο
1617 4428 1713 4480 καὶ
1756 4426 1864 4496 γὰρ
1890 4426 1917 4478 ό

2012 1919 2105 1966 καὶ
2136 1914 2487 1984 ὑψηλοτάτων
2519 1919 2830 1989 ἱερουργίας
2867 1925 2957 1975 καὶ
3002 1926 3226 1991 τελετάς
3247 1945 3260 1959 ο
3291 1929 3370 1982 ἔτι
3401 1949 3458 1982 τε
3489 1934 3588 1999 τὴν

2011 2005 2312 2076 εὐκοσμίαν
2368 2015 2494 2079 περὶ
2549 2013 2608 2064 τὸ
2659 2013 2805 2082 ἱερὸν
2838 2016 3007 2084 βῆμα,
3065 2019 3158 2070 καὶ
3211 2021 3311 2089 τὴν
3360 2023 3467 2074 τῶν
3502 2027 3584 2087 είς

2014 2100 2199 2168 ἱερέας
2231 2101 2530 2156 τελούντων
2567 2106 2884 2174 ἐπιμέλειαν
2915 2109 3007 2162 καὶ
3035 2111 3324 2176 ἀνάϐασιν,
3354 2116 3419 2185 ἦν
3445 2118 3590 2169 ἐκεῖ-

2014 2208 2103 2252 νος
2138 2193 2232 2244 καὶ⁷
2271 2194 2430 2260 μόνον
2463 2195 2742 2265 ὁρώμενος
2775 2201 2831 2250 ἐν
2864 2200 2942 2268 τῷ
2972 2201 3037 2253 τὰ
3072 2202 3192 2256 θεῖα
3217 2205 3311 2256 καὶ
3345 2209 3585 2273 μυστικὰ

2011 2284 2186 2337 τελεῖν
2227 2285 2524 2355 ὑπερφυῶς
2571 2291 2680 2352 τοῖς
2735 2296 3014 2355 κοινωνοῖς
3064 2295 3320 2361 ἐνεποίει,
3373 2301 3424 2352 τί
3477 2303 3584 2371 χοὴ

2011 2379 2099 2428 καὶ
2131 2376 2344 2444 λέγειν;
2377 2380 2512 2432 ὅπου
2548 2398 2610 2449 γε
2648 2383 2742 2434 καὶ
2785 2385 2924 2450 μετὰ
2959 2387 3054 2455 τὴν
3097 2389 3417 2460 θαυμαστὴν
3445 2359 3589 2446 ἐκείί

2013 2486 2110 2538 νην
2165 2471 2520 2540 προστασίαν,
2558 2474 2650 2526 καὶ
2699 2474 2798 2544 τὴν
2853 2477 3061 2530 ἐκεῖθεν
3092 2481 3441 2553 ἀναχώρησιν
3489 2485 3586 2538 τοῦ

2013 2563 2225 2631 ἀνδρὸς,
2270 2565 2390 2616 οὐδὲ
2423 2568 2788 2635 παραμένειν,
2825 2571 2944 2622 ούδέ
2976 2578 3260 2641 παροικεῖν
3290 2577 3388 2646 τὴν
3418 2581 3590 2648 μονὴν

2015 2654 2231 2722 ἐκείνην
2283 2655 2361 2706 ἔτι
2395 2656 2454 2707 τι
2493 2657 2756 2724 παράπαν
2782 2659 3004 2726 ὴξίουνς
3061 2661 3205 2715 Ἀλλ’
3234 2665 3283 2716 οἱ
3321 2667 3419 2734 μὲν
3451 2672 3589 2738 πρὸς

2015 2747 2248 2814 ἡσυχίαν
2282 2743 2375 2798 καῖ
2407 2749 2778 2820 ἀναχώρησιν,
2814 2753 2861 2802 οἱ
2895 2751 2938 2803 δ’
2975 2755 3055 2816 είς
3109 2755 3392 2826 ὑποταγὴν
3428 2763 3590 2831 ἀκρι-

2015 2837 2280 2905 ϐεστέραν
2312 2839 2404 2890 καὶ
2456 2840 2709 2908 ἄσκησιν,
2759 2844 2804 2895 οἱ
2837 2844 2891 2896 δὲ
2941 2847 3035 2898 καὶ
3084 2850 3206 2910 ταῖς
3254 2851 3588 2919 ἀκροτάταις

2016 2930 2243 3000 ἐρήμοις
2290 2932 2558 2997 ἐξέδωκαν
2606 2935 2852 2997 ἑαυτοὺς.
2897 2938 3085 3006 ἐπειδὴ
3138 2940 3194 2991 τὸ
3245 2945 3483 2996 συνεῖναι
3511 2945 3589 3006 τῷ

2018 3025 2166 3094 σοφῷ
2197 3025 2499 3098 δ.δασκάλῳ
2543 3029 2633 3079 καὶ
2665 3029 2844 3098 όδηγῴ
2882 3030 2966 3081 διὰ
3020 2999 3222 3096 παντὸς
3273 3039 3387 3096 τοῖς
3422 2999 3590 3090 πᾶσιν

2018 3119 2116 3170 οὑκ
2159 3114 2248 3187 ἦν,
2299 3121 2434 3189 ὅπερ
2469 3122 2530 3190 δὴ
2591 3123 2684 3174 καὶ
2740 3124 3046 3180 ἐϐούλοντο.
3092 3127 3234 3179 Ἀλλ’
3277 3131 3335 3182 ἐν
3381 3131 3593 3196 τούτοις

2023 3213 2120 3280 μὲν
2151 3211 2218 3263 τὰ
2261 3212 2488 3265 καθόλου
2527 3215 2650 3267 ὅσον
2683 3215 2948 3282 ἐπιδεῖξαί
2981 3237 3145 3289 φημι.

2087 3305 2178 3354 Δεῖ
2213 3302 2269 3356 δέ
2299 3305 2391 3357 καί
2420 3322 2582 3357 τινων
2615 3305 2722 3357 τῶν
2756 3308 2858 3358 ἀπο
2893 3310 3092 3376 μέρους
3125 3314 3434 3384 μνησθῆναι
3461 3319 3594 3370 κάν-

2015 3395 2189 3448 ταῦθα
2220 3396 2361 3448 δυοῖν
2420 3397 2451 3465 ἢ
2503 3397 2688 3466 τριῶν,
2731 3392 2914 3468 ὧνπερ
2961 3401 3094 3462 Θεὸς
3149 3404 3593 3475 θαυματουργῶν

2016 3482 2171 3547 αὖθις
2205 3487 2273 3538 δι’
2326 3489 2538 3540 ἐκείνου
2577 3488 2872 3555 ἐνήργησε.
2924 3491 3172 3560 Μοναχός
3202 3512 3284 3556 τις
3331 3490 3398 3566 ἦν
3432 3498 3489 3548 ἐν
3519 3501 3589 3569 τῇ

2015 3580 2108 3631 τοῦ
2155 3580 2517 3648 Ἐσφιγμένου
2555 3580 2726 3650 ταύτῃ
2763 3585 2897 3651 μονῇ
2925 3595 2938 3609 ·
2968 3582 3112 3636 οὕτω
3144 3586 3234 3637 καὶ
3257 3588 3364 3657 γὰρ
3391 3554 3593 3642 ἐκεῖνοί

2018 3673 2542 3740 προσαγορεύουσιν,
2598 3669 2697 3726 οὗκ
2753 3670 2868 3726 οἶδα
2917 3674 3167 3743 πότερον,
3212 3679 3275 3728 ἐκ
3306 3679 3402 3730 τοῦ
3446 3682 3589 3733 οἰκι-

2020 3762 2168 3825 στοῦ,
2197 3763 2228 3831 ἢ
2271 3764 2334 3814 ἐκ
2368 3763 2465 3830 τῆς
2507 3761 2709 3824 θέσεώς
2742 3781 2799 3814 τε
2833 3765 2928 3817 καὶ
2972 3764 3324 3836 ξυνοικίας,ἢ
3359 3770 3451 3820 καὶ
3491 3772 3595 3822 πόπ-

2021 3855 2111 3908 θεν
2138 3854 2383 3908 ἄλλοθεν.
2409 3851 2520 3907 Ἦν
2561 3858 2849 3923 τοιγαροῦν
2892 3859 3096 3920 ἐκεῖνος
3137 3858 3369 3927 εὐλαϐής
3401 3878 3457 3912 τε
3497 3863 3593 3914 καὶ

2020 3947 2323 4018 φιλομαθὴς
2361 3948 2455 4000 καὶ
2484 3949 2766 4010 σπουδαῖος
2797 3948 2890 4001 καὶ
2920 3949 3024 4000 τῶν
3064 3950 3590 4020 ἐξυπηρετουμένωι

2017 4040 2093 4109 τῷ
2128 4039 2257 4106 θείῳ
2297 4038 2422 4108 νεῲ,
2460 4040 2761 4109 Εύδόκιμος
2795 4040 3072 4110 τοῦνομαο
3109 4043 3281 4107 τούτῳ
3332 4045 3460 4113 περὶ
3494 4046 3595 4114 τὴν

2021 4135 2214 4203 νοεραν
2247 4135 2605 4197 σπουδάζοντι
2637 4134 2973 4204 προσευχὴν,
3005 4134 3100 4186 καὶ
3149 4135 3275 4186 νοῦν
3303 4137 3596 4206 ἐπιμελουο

2022 4227 2170 4297 μένῳ
2209 4228 2418 4296 τηρεῖν,
2454 4227 2670 4296 ἀπάτην
2719 4225 2778 4290 ἐξ
2808 4224 3141 4294 ἀπροσεξίας
3171 4227 3198 4279 ό
3225 4227 3403 4289 κοινὸς
3437 4229 3594 4280 πολέ-

2024 4337 2148 4390 μιος
2183 4319 2456 4388 ἐμϐαλὼν,
2509 4321 2600 4370 καὶ
2632 4318 2895 4386 φάσματά
2925 4335 3048 4371 τινα
3083 4319 3178 4371 καὶ
3209 4318 3425 4381 εἰκόνας
3453 4320 3595 4370 άπα-

2020 4409 2190 4478 τηλάς
2238 4426 2296 4460 τε
2333 4407 2426 4460 καὶ
2467 4406 2684 4475 ψευδεῖς
2731 4406 3087 4476 παραδείξας,
3141 4407 3236 4458 καὶ
3281 4409 3479 4467 πείσας
3516 4405 3592 4467 ὡς

342 4538 490 4596 θεῖος
518 4537 725 4594 ἐκεῖνος
759 4531 1011 4605 χρησμὸς
1043 4526 1329 4580 ἐκέλευσεν
1361 4523 1644 4592 ἄντικρυς,
1679 4519 1824 4574 καθά
1852 4519 1916 4589 δὴ
1949 4530 1992 4584 ι)
2023 4505 2188 4573 ἱεροῖς
2243 4502 2483 4555 τουτοισὶ
2526 4501 2836 4570 προσέχειν.
2887 4501 3030 4553 κατὰ
3087 4500 3284 4570 μικρὸν
3332 4500 3466 4554 πῦλὺ
3496 4500 3592 4553 τοῦ

343 4631 440 4682 καὶ
464 4629 676 4696 φθάσας
709 4629 736 4679 6
762 4627 922 4693 λόγος
951 4621 1213 4692 ἐδήλωσε,
1237 4618 1289 4670 τί
1318 4618 1530 4685 γίνεται
1557 4633 1572 4681 ;
1601 4615 1796 4684 Ψῆφος
1821 4613 1918 4665 αύ-

342 4725 434 4776 τὸν
467 4723 549 4785 εἰς
603 4718 937 4790 προστασίαν
983 4713 1190 4784 ἀνδρῶν
1245 4708 1526 4779 μοναστῶν
1563 4705 1919 4776 προκαλεῖται

344 4815 522 4884 κοινὴ,
573 4813 668 4866 τοῦ
704 4830 764 4864 τε
805 4809 988 4864 κοινοῦ
1037 4803 1418 4876 καθηγεμόνος
1464 4801 1558 4852 καὶ
1613 4798 1917 4867 προστάτου

341 4908 437 4964 τοῦ
464 4908 626 4974 ὅρους
657 4905 824 4975 φημὶ,
858 4902 952 4954 καὶ
977 4900 1087 4953 τῶν
1123 4901 1178 4950 ἐν
1205 4894 1435 4955 ἐκείνοις
1467 4892 1632 4961 ἀρετῇ
1663 4889 1921 4961 προεχόν-

344 5020 454 5054 των
485 5000 579 5054 καὶ
613 4999 789 5068 χρόνῳ
818 5011 831 5025 ’
868 4996 896 5046 6
933 4994 989 5046 δέ
1022 4991 1270 5043 πείθεται
1314 4988 1434 5048 ταῖς
1478 4983 1686 5037 ἄνωθεν
1721 4981 1921 5049 μᾶλλον

344 5097 377 5165 ἦ
413 5097 533 5157 ταῖς
588 5087 956 5161 ἀνθρωπείαις
998 5085 1200 5154 ψήφοις
1231 5080 1534 5148 ἀγόμενος·
1577 5077 1694 5127 ἐκεῖ
1725 5073 1780 5126 δέ
1829 5089 1922 5140 γε-

345 5189 595 5256 νόμενος,
646 5183 739 5234 καὶ
799 5181 899 5248 τῆς
959 5176 1230 5243 καθέδρας
1285 5171 1378 5222 καὶ
1433 5169 1532 5236 τῆς
1583 5166 1921 5235 προστασίας

347 5279 750 5349 ἐπειλημμένος
772 5273 880 5327 τῶν
912 5269 1181 5337 ἀδελφῶν,
1218 5269 1295 5326 είς
1321 5261 1629 5321 διακοσίους
1659 5257 1922 5329 ἀριθμου-

349 5377 561 5446 μένωνο
597 5370 732 5424 ἀλλὰ
793 5367 1112 5436 παρίτωσαν
1145 5361 1238 5412 νῦν
1293 5360 1342 5410 οἱ
1391 5355 1490 5422 τῆς
1553 5349 1923 5416 ἀποστολικῆς

346 5468 564 5535 ἐκείνης
603 5458 943 5533 προστασίας
994 5470 1052 5507 τε
1105 5453 1200 5506 καὶ
1244 5448 1470 5516 ὁδηγίας
1503 5439 1922 5508 πεπειραμένοι,

346 5559 443 5610 καὶ
471 5529 854 5622 διηγήσθωσαν
890 5541 1002 5608 οἷος
1050 5548 1256 5603 ἐκεῖνος
1289 5539 1473 5609 ἔργοις
1501 5551 1561 5585 τε
1597 5531 1691 5584 καὶ
1743 5529 1923 5622 λόγρις

349 5647 481 5713 περὶ
509 5615 745 5715 ⁷’τῶν
777 5637 966 5709 ψυχῶν
996 5633 1315 5701 οἰκονομίαν
1345 5627 1442 5680 καὶ
1473 5625 1803 5693 κυδέρνησιν
1831 5615 1920 5690 ἦν’

349 5712 574 5798 ἁπλοῦς-
611 5735 672 5786 τὸ
710 5729 862 5802 ἦθος,
898 5728 1184 5793 ἐλεύθερος
1235 5725 1332 5790 τὴν
1375 5717 1624 5787 γνώμην,
1670 5712 1768 5782 τὴν
1800 5713 1922 5778 ὁμι-

351 5833 472 5883 λίαν
500 5829 652 5899 ἡδὺς,
687 5824 1006 5894 εὐπρόσιτος
1032 5823 1140 5881 τοῖς
1179 5815 1490 5873 σπουδαίοις
1524 5810 1616 5862 καὶ
1643 5803 1919 5866 ταπεινὸς,

2021 4597 2391 4664 προσήκοντος
2425 4591 2802 4660 ἀπεπλάνησε,
2840 4592 2934 4643 καὶ
2977 4590 3174 4661 μικροῦ
3204 4593 3254 4658 γ’
3284 4591 3350 4644 ἂν
3381 4592 3593 4645 καὶτοῦ

2022 4687 2330 4757 πεφυκότος
2382 4685 2664 4754 ἐξέστησε,
2709 4686 2799 4737 καὶ
2830 4684 2964 4737 Θεοῦ
3007 4685 3259 4757 διέρρηξε
3292 4685 3593 4748 παντελῶς,

2022 4779 2071 4832 εί
2111 4777 2185 4848 μὴ
2216 4779 2515 4848 Γρηγόριος
2545 4777 2683 4845 μετὰ
2715 4777 2812 4846 τῆς
2842 4777 2992 4838 θείας
3029 4776 3248 4848 ἐκείνης
3286 4777 3479 4844 σοφίας
3503 4778 3599 4828 καὶ

2021 4873 2130 4926 τῶν
2159 4872 2252 4924 τοῦ
2303 4871 2619 4940 Πνεύματος
2655 4871 2965 4940 φαρμάκων
3009 4871 3194 4939 παρῆν
3223 4888 3236 4902 ο
3273 4873 3321 4921 εί
3353 4871 3458 4937 γάρ
3504 4870 3598 4921 καὶ

2022 4968 2225 5035 ταύτην
2255 4967 2281 5018 6
2314 4963 2548 5032 πονηρὸς
2586 4963 2686 5030 τὴν
2719 4962 2960 5031 μεγάλην
2987 4961 3082 5014 τοῦ
3116 4959 3435 5030 Πνεύματος
3463 4979 3528 5028 φα
3543 4978 3600 5022 ρ-

2028 5059 2264 5129 μακείαν
2323 5056 2538 5124 φθάσας
2577 5057 2698 5113 ταῖς
2753 5051 2886 5120 παρ’
2926 5050 3123 5104 ἐαυτοῦ
3179 5053 3471 5120 μηχαναῖς,
3521 5047 3599 5111 ὡς

2023 5152 2178 5223 ᾤετο,
2219 5151 2314 5202 καὶ
2345 5149 2435 5200 τὸν
2471 5147 2773 5212 Εύδόκιμον
2821 5143 2956 5213 πρὸς
2989 5145 3100 5203 τοῖς
3127 5142 3310 5202 ἄλλοις
3359 5140 3598 5192 κάκιστα

2029 5241 2471 5313 μυσταγωγήσας
2526 5239 2752 5290 κάκεῖνα
2801 5236 2895 5286 καὶ
2934 5233 3149 5294 πείσας,
3186 5233 3259 5293 ῶς
3287 5231 3372 5300 εἴη
3410 5231 3506 5296 μὲν
3540 5232 3597 5280 ἐν

2023 5337 2200 5403 λόγοις
2253 5335 2426 5402 μέγας
2458 5349 2541 5392 τις
2587 5330 2680 5382 καὶ
2723 5328 3034 5396 θαυμαστὸς
3066 5326 3094 5377 ὁ
3143 5325 3463 5394 Γρηγόριος,
3497 5320 3599 5388 τῆς

2023 5429 2067 5481 δ’
2106 5425 2268 5479 αὑτοῦ
2300 5425 2569 5494 μυστικῆς
2601 5423 2836 5492 θεωρίας
2870 5427 2964 5473 καὶ
3011 5419 3213 5487 ἀρετῆς
3243 5417 3301 5468 τὸ
3333 5415 3600 5483 παράπαν

2026 5521 2245 5590 ἀμαθής
2281 5537 2339 5571 τε
2377 5520 2468 5571 καὶ
2511 5519 2773 5582 ἄγευστος
2803 5531 2816 5546 ·
2850 5514 2973 5566 ὅθεν
3004 5509 3111 5563 οὐδ’
3146 5509 3377 5562 είσάπαν
3403 5505 3602 5574 ἐκείνῳ

2029 5616 2123 5669 καὶ
2154 5616 2250 5682 τῆς
2282 5611 2498 5664 ἐκείνου.
2521 5611 2630 5662 δεῖν
2665 5606 2803 5660 εἶναι
2853 5605 3167 5674 προσέχειν,
3205 5601 3313 5654 οὐδ’
3350 5599 3597 5651 ὑπείκειν

2027 5709 2084 5759 ἐν
2123 5723 2179 5772 γε
2222 5708 2331 5766 τοῖς
2382 5702 2643 5762 τοιούτοις
2687 5701 2760 5761 ώς
2802 5700 2991 5766 ἔτυχεν
3017 5712 3030 5725 ⁶
3083 5693 3199 5747 ἀλλ’
3231 5697 3257 5747 ὁ
3292 5694 3451 5761 τορὸς
3504 5700 3600 5742 λαὶ

2029 5798 2231 5865 ταύτην
2290 5797 2388 5863 τῆς
2441 5795 2616 5863 ψυχῆς
2677 5792 2889 5860 ἐκείνης
2949 5789 3181 5855 ἐξν›ρὶξει
3236 5789 3332 5856 τὴν
3393 5805 3598 5850 112.14.;
