4082 6420
412 440 512 506 621

1401 463 1817 528 ENCOMIUM
1864 467 2090 526 AUCT.
2145 471 2592 536 PHILOTUEO
2633 479 2722 540 (ΖΡ

3576 485 3684 550 622

409 564 840 634 συντετμημένῳ
892 564 1032 639 λόγῳ
1098 571 1195 640 τῆς
1241 574 1500 646 ἀληθείας
1561 583 1654 634 καὶ
1702 585 1772 652 τῇ
1816 583 1978 653 καινῇ
2012 584 2050 640 Α
2084 584 2294 638 οἰκείαν
2317 588 2474 654 ἀξίαν
2509 608 2565 642 τε
2605 595 2700 648 καὶ
2724 593 2825 664 τὴν
2852 595 3029 663 τάξιν,
3056 597 3374 665 εἰσάγονται
3405 601 3501 652 καὶ
3536 601 3588 652 οἱ
3613 603 3682 654 τὰ

407 655 571 722 σοφίᾳ
620 655 715 706 τοῦ
771 657 1108 728 Πνεύματος,
1139 665 1208 718 δι’
1262 663 1330 737 ἧς
1387 671 1560 734 ἁλιεῖς
1594 675 1986 746 ἐσοφξσθησαν,

2091 680 2200 730 τᾶν
2235 681 2531 735 ἀντιθέτων
2569 686 2912 754 φρονοῦντες,
2973 690 3206 762 βραχεῖά
3235 709 3320 754 τις
3342 737 3345 739 -
3368 693 3464 745 καὶ
3513 710 3681 763 μεγι-

402 747 594 808 καὶεξς
629 749 696 818 ἢν
718 749 1140 823 ἐξουδενωμένοι
1193 765 1674 834 προετιμήθησαν·
1709 767 1747 822 ἀ
1774 768 1838 838 δὴ
1889 770 1986 823 καὶ
2092 770 2306 842 σημὲνη
2341 776 2522 845 μερὶς,
2548 747 2622 828 οῦ.
2637 782 2796 847 μερὶς
2820 781 2915 834 τοῦ
2966 747 3188 848 Ἰάκίῦᾶ
3239 783 3364 837 οὐδὲ
3396 784 3528 848 λαὸς
3561 786 3677 838 Κυ-

401 836 450 886 οί
470 835 560 887 τοῦ
591 839 832 905 μεγάλου
863 843 1055 897 τούτου
1079 847 1242 902 πάνθ’
1271 853 1406 922 όμοῦ
1446 856 1761 922 συνελόντες
1791 835 1984 931 είργά-
2090 835 2210 931 ρίου
2243 865 2339 916 καὶ
2373 868 2662 937 σχοίνισμα
2718 871 3086 944 κληρονομίας
3119 877 3290 930 αὑτοῦ
3320 892 3333 908 ⁶
3368 878 3674 932 Χαναναῖοί

399 945 564 982 σαντο
602 930 770 999 λόγοι,
796 936 888 988 καὶ
913 938 1218 1007 γράφοντος
1235 946 1330 999 καὶ
1354 947 1800 1019 δημηγοροῦντος
1825 959 1980 1026 κοινῇ

2085 972 2230 1018 τινες
2259 959 2354 1010 καὶ
2383 960 2664 1028 Χετταίοι,
2699 965 2793 1017 καὶ
2817 966 2938 1018 οὐδὲ
2993 969 3096 1036 τὴν
3158 969 3268 1022 τῶν
3302 970 3673 1023 Γαϐαωνιτῶν

396 1024 490 1072 καὶ
545 1023 672 1094 ίδῐᾳ,
714 1029 966 1101 καθάπερ
995 1035 1232 1104 εἴρηται,
1283 1041 1768 1110 συμϐουλεύοντος.
1821 1023 1983 1105 Ἀλλά
2084 1047 2310 1101 ἐκείνων
2332 1053 2552 1123 ἐπέχειν
2585 1055 2725 1120 ἄξιοι
2761 1058 2940 1124 τάξιν,
2976 1059 3072 1124 οὓς
3097 1064 3178 1124 εἷς
3214 1063 3550 1134 ὑδροφάρσυς
3577 1065 3674 1117 καὶ

392 1114 599 1168 τούτων
653 1119 826 1182 οὕτως
865 1125 1122 1194 ἐχόντων,
1177 1132 1272 1186 καὶ
1327 1135 1472 1189 οὑτω
1513 1141 1610 1193 καὶ
1657 1139 1835 1208 λόγοις
1883 1145 1978 1198 καὶ

391 1206 685 1274 πράγμασι
713 1214 806 1266 καὶ
837 1215 986 1287 πάσῃ
1015 1220 1218 1292 σπουδῇ
1268 1223 1365 1294 τὴν
1407 1227 1739 1299 Ἐκκλησίαν
1767 1251 1977 1304 καταρ-

388 1292 630 1359 τίζοντος
669 1299 763 1352 τοῦ
815 1306 1078 1371 μεγάλου,
1119 1314 1216 1367 καὶ
1238 1313 1334 1367 νῦν
1370 1317 1470 1384 μὲν
1513 1322 1812 1393 πρόρριζον
1844 1328 1976 1379 ἁναο

391 1385 638 1450 σπῶντος
669 1389 768 1460 τὴν
808 1395 1032 1462 χρονίαν
1078 1402 1303 1468 κακίαν,
1339 1407 1434 1460 καὶ
1488 1410 1583 1463 τὸν
1636 1414 1746 1466 τῶν
1777 1418 1973 1474 παθῶν

387 1475 742 1544 ἐκϐάλλοντος
775 1489 1069 1556 συρφετὸν,
1106 1492 1203 1546 νῦν
1241 1495 1299 1548 δὲ
1333 1499 1432 1563 τὰς
1463 1500 1636 1558 πάλαι
1673 1508 1972 1575 χερσωθεί-

386 1585 480 1632 σας
505 1571 958 1644 καλλιεργοῦντος
989 1586 1240 1654 καρδίας,
1271 1592 1367 1644 καὶ
1404 1594 1499 1647 τὸν
1532 1596 1626 1651 τοῦ
1649 1571 1810 1666 λόγου
1837 1605 1970 1658 σπό-

386 1679 478 1731 ρον
529 1665 744 1738 νύκτωρ
797 1688 857 1724 τε
893 1678 986 1728 καὶ
1037 1679 1158 1747 μεθ’
1207 1683 1427 1755 ἡμέραν
1478 1689 1558 1752 είς
1615 1693 1968 1761 τὴνεὺγειον

380 1755 831 1826 καταϐάλλοντος,
871 1766 994 1820 ἐπεὶ
1043 1771 1146 1840 τὴν
1199 1775 1430 1831 καθόλου
1498 1783 1592 1834 καὶ
1637 1755 1797 1848 αὖθις
1830 1755 1966 1842 ⁷Ἐκ-

379 1844 612 1914 κλησίαν
661 1852 710 1902 οί
754 1852 824 1906 τὰ
867 1855 1138 1930 Βαρλαάμ
1187 1864 1282 1917 καὶ
1331 1868 1644 1927 Ἀκινδύνου
1675 1879 1961 1945 νοσοῦντες

377 1935 732 2004 θορυϐοῦντες
760 1945 861 1998 οὑκ
915 1948 1186 2006 ἐπαύοντο
1216 1959 1312 2010 καὶ
1357 1961 1742 2034 ταράττοντες,
1777 1972 1958 2028 καίτοι

374 2041 439 2092 γε
465 2029 572 2081 τῶν
594 2033 692 2102 τῆς
717 2037 987 2106 αἱρέσεως
1015 2044 1278 2116 ἁρχηγῶν
1313 2029 1540 2109 ἐκείνων
1572 2029 1824 2116 ἐκποδὼν
1855 2070 1958 2123 πά-

373 2117 912 2196 λαιγεγενημένων⁶
962 2134 1184 2192 σύνοδον
1241 2143 1270 2194 ὁ
1323 2143 1580 2212 βασιλεὺς
1633 2153 1734 2206 σύν
1783 2174 1846 2224 γε
1878 2160 1956 2230 τῷ

373 2215 691 2286 πατριάρχῃ
730 2217 1081 2287 βουλεύονται
1130 2232 1224 2284 καὶ
1263 2234 1429 2289 πάλιν
1468 2239 1528 2292 ἐν
1552 2242 1727 2315 ταύτῃ
1772 2215 1837 2314 δὴ
1884 2215 1950 2321 τῆ

366 2303 475 2356 τῶν
509 2307 719 2362 πόλεων
743 2312 1098 2391 βασιλευούσῃ
1120 2328 1686 2400 συγκροτηθῆναι,καὶ
1711 2340 1783 2392 τὰ
1816 2344 1950 2414 παρ’

368 2392 511 2414 ,ωρη
626 2398 641 2414 ς
738 2401 749 2414 .
992 2409 1002 2414 -
1076 2406 1129 2414 -—

367 2392 591 2448 ἐκείνων
625 2398 895 2470 λεγόμενα
919 2409 1013 2460 καὶ
1036 2406 1192 2476 αὖθις
1227 2392 1476 2481 ἐξετάσει
1509 2392 1732 2495 δοθῆναι
1754 2445 1770 2460 ο
1801 2392 1951 2488 ἐπεζ-

366 2483 432 2554 δὴ
460 2489 705 2544 κάκεῖνοι
728 2494 874 2550 τοῦτ’
893 2500 1026 2553 αὐτὸ
1049 2503 1176 2558 καθ’
1204 2507 1444 2584 ἑκάστην
1472 2483 1946 2593 ἦσαν’ζητοῦντες,

364 2579 460 2648 οὐχ
491 2581 575 2635 ἴνι
605 2585 811 2658 τάληθῆ
847 2592 1095 2660 μάθωσιν
1119 2613 1133 2628 ⁸
1169 2594 1333 2673 ἧγάρ
1354 2579 1419 2660 ἂν
1451 2579 1544 2664 καὶ
1577 2579 1758 2680 καλίῖός
1776 2579 1946 2687 ἐγνιιῖῐΣ

361 2687 550 2725 κεισαν
582 2678 739 2732 ταυτὶ
767 2683 933 2738 πάλαι
981 2689 1246 2756 πολλάκις
1292 2698 1639 2769 ἀναφανέντα
1659 2722 1676 2740 ο
1706 2678 1829 2765 ἀλλ’.
1856 2714 1946 2770 ἴνα

359 2763 558 2820 δοκῶσι
596 2770 760 2838 μόνον
786 2773 929 2844 ἔχειν
949 2795 1002 2833 τι
1024 2781 1206 2851 λέγειν
1231 2791 1376 2843 κατά
1404 2763 1505 2862 τῆς
1531 2763 1814 2868 ἀληθείας,

359 2858 634 2928 θορυϐὦσι
662 2866 758 2920 καὶ
789 2871 1103 2941 ταράττωσι
1136 2879 1264 2944 τοὺς
1293 2858 1547 2954 πολλοῦς,
1575 2858 1716 2963 ὅπερ
1749 2858 1813 2966 δή
1849 2901 1943 2952 καὶ

358 2953 492 3006 πᾶσι
523 2957 636 3020 τοῖς
691 2963 1004 3029 κακοδόξοις
1038 2968 1251 3025 ἄνωθεν
1311 2974 1457 3041 ἔθος.
1507 2953 1726 3057 Ἐπειδὴ
1783 2953 1940 3043 ταῦθ’

353 3043 530 3110 οὕτως
552 3049 751 3114 ἐδόκει,
791 3057 888 3108 καὶ
925 3058 957 3126 ή
995 3060 1217 3127 σύνοδος
1259 3065 1456 3136 ἔμελλε
1487 3043 1934 3149 συγκροτεῖσθαι,

354 3138 462 3207 πρὸ
498 3141 607 3193 τῶν
655 3143 834 3199 ἄλλων
883 3149 1048 3215 εὐθὺς
1092 3156 1120 3207 δ
1151 3157 1247 3211 και
1284 3159 1393 3230 πρὸ
1429 3164 1539 3218 τῶν
1569 3138 1754 3223 ἀλλων
1780 3138 1938 3245 ἀκριξ

2084 1139 2414 1207 ξυλοκόπους
2439 1149 2466 1198 ὁ
2492 1152 2588 1200 τοῦ
2625 1150 2779 1218 Ναυῆ
2822 1151 3027 1220 Ἰησοῦς
3058 1153 3296 1219 ἀπέτνξε
3325 1155 3402 1221 τῷ
3431 1157 3544 1220 λαῴ
3569 1157 3669 1210 τοῦ

2079 1231 2216 1284 Θεοῦ
2241 1235 2430 1301 πάλαι,
2455 1237 2593 1308 δόλῳ
2624 1243 2717 1292 καὶ
2772 1242 3058 1311 ὑποκρίσει
3109 1246 3250 1315 καλῇ
3290 1248 3432 1314 σφᾶς
3466 1247 3670 1311 αὑτοὺς

2078 1328 2548 1396 προαρπάσαντας
2569 1332 2664 1400 τῆς
2691 1333 2802 1387 τῶν
2817 1335 3033 1406 ὁμόρων
3062 1338 3364 1409 διαφθορᾶς
3397 1342 3495 1395 καὶ
3527 1358 3667 1393 παν-

2075 1419 2364 1490 ωλεθρίας.
2417 1423 2581 1478 Ὅθεν
2630 1427 2724 1479 καί
2777 1443 2862 1490 τις
2909 1428 3020 1480 τῶν
3057 1429 3201 1501 λόγῳ
3256 1432 3352 1484 καὶ
3422 1431 3663 1504 καθέδρα

2075 1510 2429 1582 προύχόντων
2467 1516 2656 1586 ἱερέων
2712 1519 2900 1572 ἐνιδὼν
2949 1520 3213 1574 εἰσιοῦσιν
3249 1522 3480 1586 ἐκείνοις
3513 1524 3664 1589 τότε,

2073 1605 2181 1658 κάκ
2209 1605 2306 1674 τῆς
2333 1605 2511 1675 ὄψεως
2543 1608 2697 1665 εἶπεν
2725 1612 2899 1682 αὐτῆς
2932 1613 3130 1682 δήλους
3160 1616 3360 1680 αὐτοὺς
3393 1611 3534 1670 εἶναι
3559 1617 3663 1688 τῆς

2072 1699 2292 1766 μερίδος
2326 1701 2420 1754 καὶ
2457 1702 2553 1754 τοῦ
2593 1705 2879 1773 κόμματος
2923 1708 3242 1776 πεφυκότας
3280 1710 3528 1773 ἐκείνων,
3564 1709 3662 1772 οὓς

2068 1791 2124 1842 αἱ
2151 1791 2291 1862 ὑπὲρ
2324 1794 2472 1862 ἡμᾶς
2503 1797 2712 1859 εἰκόνες
2737 1790 2900 1852 αὗται
2930 1799 3190 1869 φέρουσιν
3230 1801 3619 1873 ἁναγράπτους
3638 1819 3657 1838 ο

2067 1885 2138 1937 τὰ
2153 1885 2264 1938 τῶν
2287 1888 2584 1958 αἱρετικῶν
2616 1892 2832 1961 πονηρὰ
2861 1893 3120 1965 συνέδρια
3148 1894 3345 1962 λέγων,
3404 1893 3508 1948 ὑπὸ
3542 1895 3657 1950 τῶν

2070 1978 2232 2046 ἱερῶν
2257 1983 2692 2052 κατῃσχυμμένα
2737 1984 2846 2037 τῶν
2894 1985 3160 2058 Πατέρων
3189 1987 3358 2041 πάλαι
3391 1987 3650 2052 συνόδων,

2065 2066 2140 2125 ὧν
2177 2072 2349 2142 δήπου
2381 2075 2476 2128 καὶ
2519 2076 2616 2138 τὰς
2642 2077 2857 2141 εἰκόνας
2890 2078 2919 2130 ό
2955 2078 3102 2150 ἱερὸς
3126 2081 3334 2144 ἐκεῖνος
3359 2080 3456 2134 καὶ
3493 2079 3649 2151 βασι-

2063 2162 2214 2226 λικὸς
2238 2163 2436 2235 ἔφερεν
2455 2161 2625 2230 οἶκος.

2132 2255 2212 2308 Τὰ
2247 2257 2346 2324 μὲν
2388 2252 2482 2311 οῦν
2512 2261 2655 2313 κατὰ
2712 2262 2878 2330 μέρος
2912 2262 3192 2318 κάνταῦθα
3223 2262 3301 2332 τῷ
3341 2280 3401 2316 τε
3436 2262 3650 2334 βασιλεῖ

2061 2350 2156 2402 καὶ
2196 2353 2262 2421 τῇ
2311 2352 2514 2422 συνόδῳ
2567 2353 2868 2424 λαληθέντα
2919 2373 2979 2409 τε
3019 2358 3117 2410 καὶ
3159 2356 3480 2427 πραχθέντα
3511 2355 3644 2426 παρ’

2060 2442 2186 2503 ὅλας
2209 2443 2425 2514 ἡμέρας
2469 2445 2671 2516 ἐφεξῆς
2699 2443 2858 2516 οἶμαι
2903 2441 3094 2515 πέντε,
3123 2455 3237 2513 τοῖς
3264 2452 3429 2506 εἰδόσι
3459 2453 3643 2520 λέγειν

2056 2553 2117 2589 τε
2168 2539 2262 2590 καὶ
2297 2539 2533 2608 γράφειν
2587 2543 3004 2612 παραχωρήσω,
3047 2545 3142 2596 καὶ
3167 2543 3275 2614 πρό
3327 2563 3392 2612 γε
3423 2547 3646 2601 πάντων

2054 2628 2133 2699 τῷ
2171 2630 2299 2700 θείῳ
2329 2633 2429 2702 τῆς
2455 2633 2851 2716 πίστεωςρρῳ,
2904 2633 2964 2688 ὃν
3006 2637 3040 2706 ή
3076 2635 3201 2707 ἱερά
3251 2637 3472 2702 σύνοδος
3519 2639 3640 2709 ἅμα

2057 2720 2271 2791 βασιλεῖ
2319 2738 2379 2774 τε
2434 2724 2529 2775 καὶ
2567 2725 2887 2796 πατριάρχῃ
2939 2725 3120 2790 καλῶς
3178 2728 3474 2798 ἐκθεμένη,
3543 2730 3644 2785 καὶ

2052 2814 2246 2886 γνώμῃ
2279 2818 2375 2870 καὶ
2404 2817 2551 2886 χειρὶ
2588 2819 2682 2871 καὶ
2728 2821 3023 2888 γράμμασι
3055 2819 3194 2888 μετὰ
3224 2819 3320 2873 τοῦ
3345 2819 3640 2883 λαλοῦντος

2049 2910 2109 2962 ἐν
2142 2910 2279 2978 αὑτῇ
2307 2909 2626 2979 Πνεύματος
2651 2909 2713 2962 τὸ
2743 2912 2948 2979 κράτος
2979 2911 3130 2981 αὑτῷ
3176 2911 3469 2979 δεδωκυῖα,
3505 2917 3639 2984 στή-

2048 3001 2149 3068 λην
2181 3000 2491 3070 όρθοδοξίας
2523 3003 2618 3054 καὶ
2648 3005 2910 3072 τρόπαιον
2936 3003 3224 3068 εὐσεϐείας
3277 3007 3373 3059 καὶ
3417 3005 3634 3076 πύργον

2047 3093 2322 3163 θεολογίας
2351 3095 2711 3164 ἁκράδαντον,
2747 3098 2812 3166 τῇ
2840 3096 2948 3152 τῶν
2971 3097 3215 3150 εὐσεϐῶν
3238 3097 3632 3152 καταλέλοιπεν

2057 3187 2375 3258 Ἐκκλησία,
2410 3187 2715 3257 Γραφικαῖς
2751 3186 3065 3254 ἀποδείξεσι
3105 3189 3205 3242 καὶ
3240 3189 3500 3259 Ιῐατέρων
3549 3190 3630 3242 ίεο

2121 3230 2239 3241 πη...
2267 3230 2315 3239 -.
2361 3230 2375 3252 ,
2411 3230 2433 3238 -
2492 3230 2523 3240 ν
2575 3230 2713 3251 .-.ης
2752 3230 3065 3254 ...----.,--.
3107 3230 3205 3242 η...
3240 3230 3497 3259 ..-ημνυ
3550 3230 3618 3242 ...ι

358 3230 459 3299 σὴς
484 3235 734 3306 τεχνίτης
784 3243 879 3294 καὶ
913 3245 1200 3317 πρόμαχος
1232 3252 1575 3323 ἐπιζητεῖται
1602 3260 1700 3314 τοῦ
1731 3230 1894 3329 λόγσύ
1917 3284 1930 3295 ’
1959 3296 2007 3358 c
2042 3230 2152 3356 ρ-ιῦν
2181 3230 2275 3336 καλ
2306 3230 2864 3348 ἔυνόδὲντθεολογίαις
2887 3282 2984 3334 καὶ
3006 3281 3186 3348 λόγοις
3209 3282 3456 3352 ἀκριϐῶς
3486 3284 3624 3338 πάν-

358 3323 469 3358 ξ-ηςὶ
503 3327 592 3358 ναι
631 3331 768 3358 ...ρλ-
815 3334 974 3358 ...ο,..ι--
1037 3337 1071 3358 ,σγ
1098 3357 1107 3358 ,
1221 3342 1234 3358 ε
1487 3351 1506 3358 ..
1607 3353 1616 3358 .
1671 3352 1683 3358 -
1711 3355 1720 3358 _

351 3323 474 3375 ἐπεὶ
503 3327 597 3378 καί⁵
631 3331 768 3398 πρὸς
809 3334 995 3400 αὑτὸν,
1032 3337 1109 3403 ὡς
1138 3342 1277 3410 πρὸς
1316 3351 1565 3412 γενναῖον
1596 3352 1824 3425 ὁπλίτην
1873 3375 1933 3411 τε

352 3422 678 3488 στρατηγὸν,
713 3422 774 3475 :0
803 3427 911 3479 πᾶν
941 3427 974 3497 ἢ
1029 3430 1089 3482 τὸ
1136 3433 1299 3488 πλέον
1338 3436 1536 3493 ἐϐλεπε
1586 3445 1682 3496 τοῦ
1719 3422 1933 3516 ἀγῶνος

347 3511 457 3571 τοῖς
485 3511 808 3578 ἀντιθέτοις,
847 3521 898 3571 εί
945 3521 1040 3573 καὶ
1066 3525 1201 3593 ἡμῖν
1241 3528 1395 3582 οὐδὲν
1425 3526 1589 3602 ἦττον
1615 3539 1932 3594 ἐπετίθεντο

349 3601 499 3666 κοινῇ
536 3601 926 3673 πολεμοῦντες,
975 3613 1071 3663 καὶ
1100 3615 1374 3683 τιμῶντες
1413 3621 1605 3695 ὥσπερ
1633 3631 1699 3698 τῇ
1733 3646 1930 3685 κοινω-

346 3691 435 3760 νίᾳ
482 3693 580 3762 τῆς
611 3695 842 3765 ὕϐρεως.
883 3702 1098 3757 Ἀνεισι
1130 3712 1426 3778 τοιγαροῦν
1455 3717 1483 3768 ὁ
1533 3727 1928 3791 τρισαριστεὺς

343 3782 408 3832 ἐκ
448 3781 850 3857 Θεσσαλονίκης
883 3796 980 3847 καὶ
1028 3797 1194 3852 πάλιν
1220 3839 1236 3863 ,
1293 3803 1382 3856 ἵνα
1427 3809 1501 3876 μὴ
1539 3812 1632 3863 καὶ
1667 3816 1924 3884 τετράκις

344 3875 439 3926 καὶ
464 3876 722 3942 πολλάκις
753 3883 886 3936 αὐτὸ
921 3885 1066 3939 τοῦτ’
1119 3891 1260 3944 εἴπω
1281 3933 1295 3957 ,
1329 3875 1626 3968 γράμμασι
1655 3875 1925 3973 βασιλέως

314 3962 460 4052 ’ῥὶμα
487 3970 581 4022 καὶ
606 3977 951 4047 πατριάρχου
989 3984 1127 4048 μετὰ
1157 3962 1418 4056 πλείστης
1445 3962 1581 4061 δσης
1613 3962 1715 4067 τῆς
1756 3962 1921 4064 ἀξιώί

335 4045 478 4124 ’σεως
513 4064 604 4117 ἐπί
624 4067 715 4119 τὸν
742 4045 932 4135 ἀγῶνα
959 4045 1320 4146 μετακληθείς
1452 4045 1923 4162 σύνοδοςισυγῖιρο-

332 4158 505 4210 τεῖται
542 4161 752 4232 μεγάλη
785 4181 866 4226 τις
903 4169 998 4219 καὶ
1028 4168 1339 4245 θαυμαστὴ,
1373 4180 1469 4232 καὶ
1499 4181 1598 4244 τὰς
1613 4183 1720 4253 πρὸ
1747 4158 1920 4256 αὐτῆς

335 4247 754 4315 ὑπερϐάλλουσα
773 4268 787 4283 ⁹
829 4257 890 4308 οὑ
921 4264 1240 4330 συστήματα
1271 4268 1435 4335 μόνον
1457 4247 1765 4344 ἀρχιερέων
1786 4247 1918 4330 πολξ

329 4336 440 4390 λῶν
465 4358 520 4392 τε
556 4345 650 4396 καὶ
686 4347 940 4413 μεγάλων
994 4354 1090 4406 καὶ
1117 4358 1292 4410 ταυτά
1331 4363 1604 4416 πνεόντων
1639 4365 1914 4437 ἀλλήλοις,

330 4432 472 4505 ὑπὲρ
506 4437 600 4488 τοῦ
636 4437 953 4508 Πνεύματος
985 4444 1081 4496 καὶ
1120 4449 1220 4516 τῆς
1245 4448 1417 4520 ὀρθῆς
1449 4453 1610 4523 δόξης
1647 4432 1784 4526 ὁμοῦ
1817 4432 1913 4514 καί

325 4524 427 4590 τῆς
463 4523 807 4595 Ἐκκλησίας,
839 4533 888 4582 εί
932 4531 1136 4604 δεήσει,
1164 4540 1257 4590 καὶ
1293 4541 1490 4612 μέχρις
1529 4523 1765 4615 αἵματος
1789 4567 1911 4616 γεν-

329 4615 493 4680 ναίως
533 4620 1050 4694 προπολεμούντων,
1107 4631 1218 4684 τῶν
1245 4649 1306 4685 τε
1337 4634 1462 4688 καθ’
1491 4632 1634 4707 αἷμα
1688 4659 1904 4712 προση-
1943 4672 1986 4725 D

326 4709 534 4763 κόντων
590 4715 704 4777 τοῖς
761 4715 1044 4785 βασιλεῦσι
1098 4725 1192 4776 καὶ
1245 4725 1355 4778 τῶν
1386 4727 1444 4778 ἐν
1475 4728 1756 4799 ἀξιώμασι
1811 4739 1908 4788 σὺν

1505 4822 1688 4889 σοφῶν
1721 4841 1781 4876 τε
1813 4830 1907 4880 κα)⁸

323 4893 519 4961 λογίων
553 4897 763 4967 ἀνδρῶν
813 4901 988 4973 ἐτέρῳ
1025 4905 1270 4977 συλλόγῳ
1305 4908 1370 4961 ἔκ
1414 4928 1473 4963 τε
1514 4913 1623 4965 τῶν
1651 4917 1707 4966 ἐν
1736 4918 1901 4982 τέλει,

321 5003 396 5054 φη
407 4986 488 5054 μὶ,
527 4987 754 5043 καὶτῶν
781 4994 882 5062 τῆς
909 4993 1242 5065 Ἐκκλησίας
1274 4999 1540 5068 λογάδων,
1590 5009 1682 5058 καὶ
1709 5007 1774 5078 δὴ
1806 5012 1902 5060 καὶ

322 5077 607 5144 μοναστῶν
635 5081 732 5132 καὶ
756 5083 1150 5156 ἀναχωρητῶν,
1189 5091 1284 5142 καὶ
1317 5091 1430 5144 τῶν
1466 5099 1623 5166 κοινῇ
1655 5077 1902 5153 καὶνκαίν

317 5170 549 5235 ἐαυτοὺς
585 5174 654 5228 τὰ
680 5174 801 5228 θεῖα
841 5180 1281 5250 φιλοσοφούντων
1303 5200 1316 5214 ·
1369 5187 1444 5240 ἐῶ
1478 5189 1586 5260 γάρ
1615 5192 1799 5260 λέγειν
1839 5199 1899 5250 τὸ

315 5265 496 5319 κοινὸν
525 5267 635 5321 τῶν
686 5271 929 5328 εὐσεϐῶν
957 5277 1164 5347 πλῆθος
1214 5282 1304 5335 ἐπ’
1335 5286 1599 5353 ἀκροάσει
1653 5291 1764 5344 τῶν
1799 5298 1898 5363 τῆς

315 5356 555 5422 πίστεως
604 5360 778 5430 λόγων
820 5365 1018 5435 ἀθρόον
1057 5373 1510 5445 συνειλεγμένων,
1565 5379 1641 5443 ὡς
1679 5386 1776 5436 καὶ

313 5446 715 5520 ὑποδεξάμενον
763 5455 860 5526 τὴν
892 5457 1112 5514 σύνοδον
1154 5463 1362 5534 ταύτην
1397 5467 1678 5535 βασιλικὸν
1725 5471 1892 5542 οἷκον,

313 5541 492 5593 καίτοι
520 5559 581 5610 γε
616 5546 708 5596 καὶ
743 5547 917 5615 μέγαν
947 5551 1088 5604 οὕτω
1135 5557 1230 5608 καὶ
1281 5556 1599 5626 θαυμαστὸν
1629 5563 1780 5631 ὄντα,
1814 5569 1894 5636 τῷ

312 5633 506 5703 πλήθει
563 5637 673 5690 τῶν
724 5643 1155 5714 συνειλεγμένων
1214 5650 1282 5702 τά
1312 5650 1358 5703 τ’
1405 5653 1553 5706 ἔνδον
1579 5657 1649 5708 τά
1693 5659 1741 5710 τ’
1785 5660 1891 5726 ἔξω

314 5729 786 5797 στενοχωρεῖσθαι.
824 5734 930 5786 Τοῦ
963 5737 1094 5803 γοῦν
1124 5739 1393 5806 βασιλέως
1449 5746 1547 5798 σύν
1576 5764 1640 5815 γε
1670 5751 1747 5821 τῷ
1781 5771 1888 5805 πα-

310 5817 552 5889 τριάρχῃ
605 5822 1094 5894 προκαθεσθεντος,
1127 5831 1203 5894 ὼς
1229 5834 1374 5898 ἔθος,
1428 5839 1522 5890 καὶ
1557 5842 1714 5910 ήμῶν
1769 5849 1886 5913 μετ’

311 5913 548 5981 ἐκείνους
580 5921 671 5972 καὶ
711 5922 808 5974 σὺν
838 5924 1086 5995 ἐκείνοις,
1105 5930 1354 5987 ἑκάστων
1379 5934 1583 6008 δηλαδὴ
1619 5942 1761 5994 κατὰ
1784 5945 1884 6012 τὴν

2036 3375 2194 3428 τοθεν
2224 3373 2762 3443 κατησφαλισμένον,
2794 3375 2846 3426 ει
2869 3375 2962 3428 καὶ
2990 3374 3060 3428 τά
3086 3375 3188 3444 τῆς
3218 3375 3428 3448 πλάνης
3453 3377 3624 3444 ἐγκαο

2034 3465 2410 3535 ταλείμματα,
2445 3465 2750 3535 καθαπερεί
2780 3483 2924 3528 τινος
2951 3466 3248 3536 δράκοντος
3291 3472 3623 3540 τεθνηκότος

2033 3558 2256 3627 οὐραῖον
2316 3557 2661 3626 ὑποσπαῖρον
2715 3558 2821 3621 ἔτι,
2883 3559 3102 3628 βάλλειν
3161 3561 3434 3630 ἐπιχειρεῖ
3494 3563 3620 3614 κατ’

2034 3648 2268 3710 ἐκείνου,
2325 3651 2446 3712 ταῖς
2483 3650 2616 3717 παρ’
2679 3651 2889 3702 ἐκείνου
2935 3652 3177 3720 πληγαῖς
3228 3653 3431 3721 ἀλγοῦν
3493 3655 3620 3708 καθ’

2035 3737 2342 3808 ὑπερϐολὴν
2370 3739 2462 3792 καὶ
2492 3742 2558 3809 τῇ
2597 3738 2691 3792 τοῦ
2725 3739 2858 3792 ίδίου
2889 3740 3156 3812 νεκρώσει
3192 3745 3471 3813 σώματος.

2103 3830 2407 3901 Γρηγόριός
2435 3847 2499 3897 γε
2546 3832 2657 3900 μὴν
2690 3835 2718 3883 ὁ
2759 3831 2947 3901 σοφὸς,
2979 3834 3108 3887 ἐπεὶ
3135 3833 3230 3888 καὶ
3279 3836 3340 3889 τὸ
3390 3839 3502 3891 πᾶν
3535 3842 3614 3904 ὡς

2026 3925 2205 3975 είπεῖν
2231 3921 2329 3975 τοῦ
2359 3923 2572 3990 ἀγῶνος
2600 3925 2738 3994 πρὸς
2785 3927 2950 3978 αὑτὸν
2978 3927 3202 3996 ἔϐλεπε,
3233 3932 3329 3984 καὶ
3359 3933 3407 3984 οἱ
3455 3938 3610 4005 κοινῇ

2026 4016 2397 4085 πολεμοῦντες
2438 4019 2505 4088 τῇ
2567 4018 2890 4091 Ἐκκλησία,
2945 4021 3022 4084 ὡς
3075 4023 3216 4076 κατὰ
3261 4025 3466 4078 σκοποῦ
3514 4028 3611 4082 καὶ

2025 4102 2182 4170 αὖθις
2224 4108 2391 4162 αὑτοῦ
2433 4109 2723 4178 βάλλοντες
2763 4107 2929 4184 ἦσαν,
2963 4115 3276 4184 ἀναιρεῖται
3307 4119 3404 4174 καὶ
3442 4121 3608 4184 αὐτὸς
3675 4193 3678 4200 Ι

2023 4199 2326 4268 προθύμως
2364 4201 2514 4269 μάλα
2573 4201 2672 4272 τὴν
2715 4204 2917 4274 μάχην,
2956 4207 3051 4259 καὶ
3083 4209 3162 4270 είς
3222 4209 3417 4264 ἑαυτὸν
3466 4214 3604 4281 ὁμοῦ

2022 4291 2203 4344 πάντα
2227 4291 2319 4344 τὸν
2344 4294 2584 4363 πόλεμον
2612 4295 2854 4366 δέχεται,
2877 4297 3039 4351 τοῦτο
3064 4302 3159 4353 καὶ
3188 4299 3453 4370 βασιλέως
3483 4304 3602 4372 ἅμα

2017 4384 2115 4436 καὶ
2152 4385 2252 4454 τῆς
2292 4386 2512 4439 συνόδου
2547 4388 3022 4458 προτρεψαμένων
3048 4407 3062 4422 ⁸
3095 4393 3162 4445 τὰ
3197 4393 3256 4446 δέ
3287 4395 3416 4465 ἐξῆς
3441 4397 3600 4466 λεγέ-

2015 4490 2199 4526 τωσαν
2223 4476 2270 4526 οἱ
2296 4476 2418 4528 τότε
2450 4477 2738 4546 παρόντες,
2769 4480 2864 4532 καὶ
2906 4479 3028 4550 ὕψει
3057 4485 3150 4536 καὶ
3183 4485 3320 4556 ἀκοῇ
3351 4490 3420 4540 τά
3451 4508 3598 4561 πρα-

2015 4563 2216 4631 χθέντα
2265 4564 2361 4616 καὶ
2415 4565 2720 4636 λαληθέντα
2784 4572 3219 4641 παραλαϐόντες.
3252 4576 3444 4640 Ὅπως
3495 4580 3597 4648 μὲν

2014 4657 2095 4718 είς
2138 4658 2319 4727 φυγὴν
2349 4658 2545 4729 ἔτρεψε
2581 4662 2676 4712 καὶ
2719 4661 2870 4726 ἅπαξ
2897 4664 2994 4717 καὶ
3021 4665 3102 4728 δὶς
3131 4668 3257 4731 τοὺς
3288 4669 3598 4743 θεομάχους

2013 4750 2282 4812 ἐκείνους,
2321 4742 2609 4822 μηδέτὴν
2638 4756 2951 4826 προσϐολὴν
2999 4758 3094 4811 τοῦ
3149 4762 3210 4812 ἐν
3242 4766 3358 4822 τοῖς
3408 4742 3590 4832 λόγοις

2010 4841 2177 4893 αὑτοῦ
2217 4842 2365 4896 θείου
2400 4846 2576 4906 φωτὸς
2610 4847 2956 4913 ἐνεγκόντας,
2990 4850 3067 4912 ὼς
3109 4853 3245 4924 μηδὲ
3295 4865 3595 4928 κατασχεῖν

2009 4933 2209 4996 αὑτοὺς
2239 4935 2334 4988 τόν
2360 4953 2418 4987 τε
2456 4937 2683 5006 βασιλέα
2711 4939 2807 4992 καὶ
2838 4943 3022 4996 πᾶσαν
3062 4945 3199 5014 ὁμοῦ
3226 4947 3331 5018 τὴν
3371 4951 3591 5006 σύνοδον

2005 5025 2351 5096 δεδυνῆσθαι,
2397 5031 2496 5098 τὴν
2543 5031 2644 5099 μὲν
2675 5033 3028 5106 ὑποστροφὴν
3075 5039 3588 5110 ἐπαγγειλαμένους

2005 5120 2062 5181 ἐς
2092 5119 2268 5173 νέωτα
2316 5121 2498 5190 δῆθεν,
2549 5124 2717 5192 μήπω
2746 5125 2794 5177 δ’
2838 5128 3007 5182 είσέτι
3041 5131 3148 5184 -καὶ
3189 5133 3285 5185 νῦν
3307 5137 3408 5204 τῆς
3453 5136 3585 5189 ὑπο-

2006 5211 2248 5279 στροφῆς
2302 5214 2670 5281 γενομένους·
2720 5218 2870 5281 ὅπως
2918 5219 2966 5272 δ’
2997 5222 3337 5294 ἀνεκήρυξεν
3380 5229 3437 5277 ἐν
3491 5229 3586 5280 ἐκ-

2001 5301 2204 5373 κλησίᾳ
2228 5304 2460 5376 Μεγάλῃ
2488 5308 2584 5361 καὶ
2611 5309 2799 5378 λόγοις
2833 5313 2929 5367 καὶ
2961 5317 3256 5386 γράμμασι
3287 5323 3382 5373 καὶ
3403 5323 3466 5388 δη
3477 5341 3582 5391 μη-

1999 5395 2215 5463 γορίαις
2270 5397 2580 5466 ὑπερφυέσι
2635 5402 2728 5456 τὸν
2774 5405 2910 5474 ὑγιᾶ
2957 5407 3060 5476 τῆς
3107 5413 3342 5476 πίστεως
3395 5413 3579 5480 λόγον,

1999 5486 2192 5541 ἑαυτὸν
2227 5491 2331 5558 μὲν
2377 5495 2490 5556 τοῖς
2537 5495 2638 5561 τῆς
2681 5497 3012 5569 Ἐκκλησίας
3061 5506 3248 5570 σοφοῖς
3283 5503 3578 5573 θεολόγοις,

1996 5578 2242 5644 ἐκείνους
2279 5581 2324 5634 δ’
2357 5583 2516 5648 αὖθις
2565 5589 2820 5659 ἀλλήλοις
2853 5609 2912 5644 τε
2941 5593 3038 5646 καὶ
3084 5596 3197 5656 τοῖς
3229 5594 3430 5665 λογίοις
3463 5603 3582 5664 τοῖς

1999 5670 2165 5741 ίεροῖς
2212 5675 2506 5742 ἀποδείξας
2545 5681 2603 5732 ἐν
2629 5685 2764 5736 πᾶσι
2801 5685 3145 5754 συμφώνους,
3192 5687 3270 5751 ὡς
3312 5690 3448 5760 μηδέ
3474 5690 3577 5762 τὴν

1994 5764 2109 5833 ἔριν
2136 5765 2308 5836 αὐτὴν
2339 5770 2618 5827 ἀντειπεῖν
2647 5774 2795 5845 ἔχειν
2825 5778 2966 5845 πρὸς
3004 5779 3176 5832 ταῦτα
3205 5782 3300 5834 καὶ
3336 5784 3538 5854 γρύξαι
3558 5802 3574 5818 ο

1990 5851 2091 5913 τὰς
2120 5851 2177 5904 δέ
2202 5853 2381 5924 ψυχὰς
2427 5859 2579 5923 ὅπως
2633 5865 2986 5934 ἁνεπτέρωσε
3017 5867 3139 5923 τότε
3185 5870 3296 5925 τῶν
3340 5851 3579 5945 δυναμέ-

1992 5960 2096 5996 νων
2136 5945 2377 6020 ἁκούειν,
2438 5954 2530 6006 καὶ
2575 5956 2668 6010 τὸν
2712 5958 2840 6014 νοῦν
2889 5963 3170 6032 ὑπερῆρεν
3218 5965 3439 6036 ἁθρόον,
3478 5970 3575 6024 καὶ
