4082 6484
442 505 560 571 ἩΞΒ

1690 499 2085 567 'GR'EGORII
2110 503 2444 570 ΡΑωιιε
2483 574 2488 585 ,

3586 506 3681 572 624

457 626 666 688 πάντας
713 618 812 691 τῆς
870 618 1040 690 σοφῆς
1093 621 1440 694 ἀνηρτήσατο
1481 616 1875 691 γλώττης,’καὶ
1913 623 2026 685 τοῖς
2055 625 2103 685 Λ
2134 626 2296 679 πάλιν
2337 626 2504 697 ansa
2533 643 2546 659 ·
2577 627 2684 679 τῶν
2723 627 2766 680 δ’
2812 627 3101 698 ὑπηρετῶν
3132 644 3188 680 τε
3232 627 3323 680 zeal
3356 627 3520 694 φίλων
3550 628 3687 679 ἔστιν

457 720 668 772 ἐκείνου
720 717 922 786 χείλεσι
956 715 1051 770 zeal
1098 716 1177 787 τῷ
1230 715 1466 785 ῥεύματι
1507 716 1620 768 τῶν
1671 716 1847 783 λόγων
1878 715 2028 776 ὅπως

459 811 774 880 προσεῖχον,
814 806 1018 879 μικροῦ
1054 807 1149 861 καὶ
1199 807 1413 860 ἑαυτῶν
1448 806 1553 870 ἔξω
1584 806 1920 874 γιγνόμενοι,
1957 808 2026 875 τῇ

456 903 577 971 θείᾳ
608 903 815 971 κατοχῇ
846 900 940 952 zeal
975 897 1053 968 τῷ
1092 898 1257 968 ἔρωτι
1293 897 1390 950 zeal
1422 898 1488 967 τῇ
1522 896 1759 967 βακχείᾳ
1788 898 1856 964 τῇ
1889 892 2028 965 πρὸς

455 997 660 1058 ἐκεῖνα,
690 993 807 1055 πῶς
840 990 905 1043 ἄν
952 1008 1038 1053 τις
1064 988 1308 1055 eadem;
1341 988 1522 1042 Μόνον
1565 987 1632 1041 ἀν
1678 986 1762 1056 εἴη
1790 986 1900 1040 τῶν
1932 1001 2029 1037 πε-

455 1084 805 1153 πειραμένων
846 1084 1073 1135 δκείνων
1101 1080 1163 1134 τό
1208 1096 1272 1150 γε
1300 1080 1545 1152 ἀκριϐῶς
1601 1078 1748 1150 ἔχειν
1777 1077 1980 1132 ειδέναι
2006 1090 2022 1108 ⁶

451 1178 674 1231 τοιαῦτα
702 1176 770 1229 τά
818 1175 913 1228 τοῦ
945 1172 1153 1242 ἀγῶνος
1184 1169 1255 1243 ἦν
1297 1173 1391 1227 καὶ
1433 1173 1542 1225 τῶν
1569 1170 1741 1240 λόγων
1775 1168 2022 1234 ἐκείνων,

450 1271 524 1330 ώς
548 1269 606 1335 ἐξ
633 1267 843 1337 ὀνύχων
877 1264 1043 1333 φασὶν
1071 1262 1371 1327 ὑποδεῖξαι.
1403 1263 1466 1315 El
1490 1263 1545 1315 δέ
1577 1280 1630 1315 τι
1665 1260 1757 1313 καὶ
1792 1258 2025 1328 Κλήμης

448 1358 708 1410 δ’τούτων
765 1355 1040 1422 ἐξηγητής
1089 1370 1147 1405 τε
1182 1353 1277 1405 καὶ
1312 1352 1559 1422 γραφεὺς
1607 1350 1687 1421 τῷ
1718 1353 1820 1419 τῆς
1866 1349 2023 1417 εὐσε-

449 1449 600 1510 ϐείας
626 1453 830 1516 κήρυκι
866 1443 1275 1513 συνηγωνίσατο
1305 1444 1522 1513 Πέτρῳ,
1561 1443 1659 1495 zeal
1688 1442 1862 1509 λέγων
1900 1441 2021 1507 ἃμα

448 1540 541 1593 zeal
566 1541 815 1609 γράφων,
867 1539 1062 1607 Πέτρῳ
1114 1534 1394 1603 λογιστέον
1440 1535 1615 1604 δήπου
1663 1535 1912 1596 κάκεῖνα,
1944 1529 2022 1599 τῷ

447 1634 541 1686 zeal
581 1631 938 1703 προελομένῳ
971 1630 1066 1682 zeal
1092 1629 1273 1697 λόγοις
1322 1628 1417 1681 καὶ
1448 1626 1744 1697 γράμμασι
1789 1624 1885 1677 zeal
1919 1620 2023 1692 ψή-

378 1728 383 1732 ’
447 1743 570 1794 φοις
615 1724 1031 1782 τὸτελευταῖον,
1079 1722 1173 1774 zeal
1226 1721 1489 1774 κοινωνὸν
1541 1718 1652 1769 τῶν
1683 1715 1803 1769 κατ’
1857 1716 2021 1769 αὑτὸν

445 1819 798 1890 εἰργασμένῳ
825 1828 840 1844 ⁸
872 1817 933 1868 ἐν
969 1816 1178 1877 τούτοις
1215 1813 1314 1884 μὲν
1345 1812 1438 1865 zeal
1467 1811 1538 1863 τά
1570 1810 1672 1879 τῆς
1701 1807 2019 1871 τελευταίας

445 1914 600 1979 ἱερᾶς
629 1909 832 1977 ταύτης
862 1906 1108 1963 συνόδου,

2129 709 2206 767 ῶν
2247 717 2342 769 ἐπὶ
2383 717 2594 781 τούτοις
2639 719 3105 788 δυσχεραινόντων
3154 719 3249 771 zeal
3289 717 3427 788 πρὸς
3476 718 3538 771 τὸ
3587 718 3685 770 τῶν

2131 808 2458 876 πειρασμῶν
2490 808 2716 879 συνεχὲς
2746 810 3108 874 δκλαζόντων,
3136 811 3341 871 ἐκεῖνος
3392 810 3687 863 τούναντίον

2131 898 2232 968 μὲν
2274 895 2367 953 οῦν
2401 900 2547 955 ἂπαν
2590 901 2769 969 ἔλεγε,
2821 902 2914 953 καὶ
2960 900 3188 970 ἥδεσθαι
3221 900 3319 953 zeal
3362 901 3566 971 χαίρειν
3599 900 3685 952 ἐπὶ

2126 989 2339 1054 τούτοις
2367 991 2637 1062 προσῆκε,
2684 992 2781 1047 zeal
2824 993 3091 1062 μεγίστας
3141 992 3427 1063 ὁμολογεῖν
3462 991 3541 1061 τῷ
3574 991 3687 1059 Θεῷ

2126 1081 2227 1144 τὰς
2250 1084 2500 1153 χάριτας,
2532 1085 2615 1139 δτι
2645 1087 2742 1139 zeal
2764 1087 2931 1156 ἡμεῖς
2973 1085 3120 1141 κατά
3143 1103 3198 1139 τι
3228 1087 3506 1139 κοινωνεῖν
3532 1082 3690 1153 ἠξιώ-

2130 1174 2271 1240 μεθα
2294 1177 2405 1235 τοῖς
2441 1175 2702 1242 μεγάλοις
2746 1175 2979 1239 ἐκείνοις
3016 1176 3362 1240 διδασκάλοις
3386 1176 3481 1229 zeal
3510 1178 3690 1246 ἀρχιε-

2127 1265 2318 1333 ρεῦσιν
2367 1268 2554 1332 αὑτοῦ,
2605 1267 2657 1320 οἳ
2715 1268 2813 1321 zeal
2873 1268 3119 1339 σωτῆρες
3172 1268 3268 1322 zeal
3317 1268 3551 1338 πατέρες
3598 1264 3686 1319 zeal

2125 1357 2418 1426 εὐεργέται
2445 1358 2556 1410 τῶν
2597 1358 2894 1428 ὑπερφυῶν
2936 1359 3372 1429 χρηματίζοντες
3413 1360 3527 1420 τοῖς
3573 1359 3687 1410 τότε

2124 1448 2442 1518 κρατοῦσιν,
2476 1449 2553 1511 ὡς
2586 1446 2893 1519 κακοῦργοί
2932 1466 3078 1512 τινες
3112 1451 3205 1504 zeal
3244 1450 3431 1521 μιαροὶ
3453 1447 3548 1502 καὶ
3589 1464 3686 1499 πο-

2124 1539 2452 1607 λεμιώτατοι
2487 1540 2640 1609 παρά
2693 1541 2872 1594 πάντα
2923 1542 3016 1595 τὸν
3055 1544 3155 1612 τῆς
3203 1541 3351 1611 ζωῆς
3401 1540 3692 1610 ἠλαύνοντο

2124 1632 2337 1701 χρόνον,
2371 1632 2467 1685 zeal
2511 1632 2744 1686 θανάτου
2786 1633 3075 1704 τιμώντων
3107 1635 3336 1687 ἐκείνων
3381 1636 3495 1696 τοῖς
3541 1633 3690 1686 πλεί-

2125 1739 2274 1786 στοις
2303 1721 2366 1776 τδ
2391 1724 2706 1779 τελευταῖον
2732 1741 2749 1757 ·
2784 1726 2881 1779 zeal
2917 1725 3092 1779 ταῦτα
3128 1726 3302 1788 λέγων
3343 1724 3557 1794 συνῳδὰ
3583 1726 3690 1785 τοῖς

2122 1813 2303 1880 λόγοις
2350 1814 2703 1869 ἐπεδείκνυτο
2738 1816 2830 1871 zeal
2889 1815 2960 1870 τὰ
3011 1818 3340 1887 πράγματα,
3386 1818 3560 1888 μέγας
3610 1831 3692 1879 τις

2122 1905 2218 1958 zeal
2253 1903 2458 1975 ὑψηλὸς
2513 1905 2638 1961 καθ’
2683 1907 2994 1980 ὑπερϐολήν
3033 1911 3132 1976 τὴν
3177 1909 3421 1963 διάνοιαν
3470 1911 3565 1963 zeal
3597 1910 3691 1978 τὴν
3800 1956 3805 1963 ,

486 2006 667 2056 ’Ἐπεὶ
702 2001 757 2054 δὲ
782 2001 879 2053 zeal
908 2000 1045 2066 προς
1070 1996 1473 2067 Θεσσαλονίκην
1492 1995 1854 2064 ὑποστρέφειν
1882 1990 2019 2058 πρὸς
2050 2005 2092 2058 Β
2119 1997 2302 2068 ψυχήν
2324 2000 2384 2052 ἐν
2413 2000 2527 2062 τοῖς
2560 2003 2896 2070 πειρασμοῖς
2919 2001 3084 2063 αὐτὸς
3107 2000 3204 2065 ὣν,
3230 2003 3325 2054 zeal
3361 2000 3567 2073 μακρῴ
3587 2000 3693 2052 τῶν

443 2096 690 2164 ἀνάγκης
722 2093 880 2156 αὖθις
911 2087 981 2163 ἦν
1015 2089 1095 2161 τῷ
1129 2089 1377 2159 μεγάλῳ,
1400 2088 1499 2142 καὶ
1529 2088 1604 2157 μὴ
1640 2088 1741 2156 τῆς
1776 2083 2012 2152 Ἐκκληο

443 2190 563 2249 σίας
612 2187 706 2237 ἰπὶ
765 2184 1018 2236 πλεῖστον
1071 2181 1394 2251 ἀποδημεῖν,
1446 2177 1720 2232 ἐπιϐαίνει
1759 2175 1859 2245 μὲν
1916 2175 2014 2228 σῦν

440 2281 554 2342 τοῖς
588 2278 708 2348 μετ’
739 2275 906 2329 αὐτοῦ
931 2271 1021 2326 τοῦ
1059 2272 1336 2339 πελάγους
1357 2286 1371 2300 ·
1422 2268 1681 2322 τοσούτου
1715 2266 1758 2319 δ’
1794 2267 2017 2332 ἐπειρά-

434 2374 616 2442 θησαν
658 2368 755 2422 τοῦ
810 2366 1079 2427 κλύδωνος
1135 2364 1231 2417 καὶ
1269 2363 1369 2432 τῆς
1418 2361 1720 2432 τρικυμίας
1772 2358 1871 2410 zeal
1918 2354 2014 2409 τοῦ

442 2466 587 2518 κατά
618 2462 892 2516 θάλατταν
950 2456 1254 2518 κυκεῶνος·
1302 2454 1401 2507 zeal
1432 2454 1539 2524 γὰρ
1597 2453 1692 2505 zeal
1728 2450 1829 2520 τῆς
1868 2449 2015 2519 ὥρας

442 2557 637 2608 ἔπλεον
685 2552 811 2617 ἔξω,
849 2550 947 2603 zeal
980 2548 1220 2608 ἀνιόντες
1256 2544 1519 2606 ὡσαύτως
1556 2543 1652 2597 καὶ
1692 2541 1970 2600 κατιόντες
1999 2556 2011 2568 ·

438 2649 518 2710 ὼς
555 2642 967 2714 ὑπερϐαλέσθαι
1002 2640 1103 2708 μὲν
1131 2636 1256 2691 καθ’
1288 2633 1594 2704 ὑπερϐολὴν
1625 2634 1692 2686 τὰ
1725 2631 1819 2684 τοῦ
1847 2630 2017 2684 κατά·

443 2735 583 2788 πλου
629 2732 774 2786 κακά
812 2729 903 2783 τὸν
949 2727 1245 2792 ἀνάπλουν,
1286 2722 1666 2794 ἀπαγορεῦσαι
1693 2721 1738 2773 δ’
1785 2722 1846 2772 ού
1892 2720 2017 2782 τοὺς

445 2826 782 2897 ἐμπλέοντας
814 2822 997 2892 μόνον,
1022 2819 1160 2873 ἀλλά
1190 2819 1287 2872 zeal
1312 2817 1513 2880 ναύτας
1545 2817 1660 2885 Ξιμα
1687 2815 1784 2867 zeal
1813 2813 1943 2866 κυὸε
1956 2827 2018 2878 ρο

444 2923 633 2989 νήτην,
661 2917 757 2970 zeal
800 2914 897 2968 τὸν
939 2914 1072 2983 περὶ
1100 2911 1278 2982 ψυχῆς
1312 2908 1450 2979 ὁμοῦ
1501 2908 1650 2960 θέειν
1689 2907 1914 2966 πάντας,
1951 2904 2019 2955 τὰ

444 3014 649 3082 ἔσχατα
678 3007 1083 3079 προσειπόντας
1118 3003 1406 3071 ἀλλήλους,
1439 2999 1537 3053 zeal
1584 2997 1705 3066 Θεῷ
1731 2995 1798 3049 δι’
1829 2995 2021 3061 ἐξομο-

442 3107 746 3172 λογήσεως,
789 3096 876 3155 οἶα
907 3099 1045 3167 πρὶς
1070 3098 1190 3158 ταῖς
1226 3095 1484 3163 ἐσχάταις
1510 3091 1664 3153 ὄντες
1698 3089 2017 3148 ἀναπνοαῖς,

430 3196 674 3256 ἑαυτοὺς
719 3191 795 3252 ὡς
835 3189 959 3252 ἐοος
989 3185 1426 3256 παραθεμένους.
1469 3181 1613 3236 Ἀλλ’
1667 3182 1697 3235 ό
1735 3178 1827 3232 τοῦ
1881 3175 2019 3230 Θεοῦ

447 3290 622 3358 μέγας
657 3283 949 3355 ἀρχιερεὺς
976 3280 1079 3333 οὐκ
1107 3277 1497 3347 ἀνακτώμενος
1522 3268 1593 3345 ἦν
1623 3273 1821 3335 αὐτοὺς
1857 3271 2019 3341 μόνον

2116 2087 2414 2156 δρωμένων
2448 2089 2710 2158 ὑπεράνω
2744 2091 3084 2160 κεκτημένος
3119 2090 3181 2144 τὸ
3209 2092 3495 2161 φρόνημα.

2201 2178 2342 2232 Ἀλλ’
2383 2180 2413 2232 ό
2472 2181 2573 2233 σὺν
2605 2180 2685 2248 τῷ
2733 2182 3030 2252 πειρασμῷ
3078 2183 3251 2237 ποιῶν
3294 2184 3429 2246 Θεὸς
3474 2184 3567 2236 zeal
3596 2184 3694 2251 τὴν

2117 2270 2360 2329 ἔκϐασιν.
2394 2272 2537 2325 κατά
2573 2272 2667 2327 τὸν
2716 2274 2990 2345 μακάρων
3023 2274 3257 2340 Παῦλον,
3289 2274 3387 2328 τοῦ
3435 2276 3692 2329 δύνασθαι

2117 2359 2267 2429 ήμᾶς
2312 2359 2656 2428 ὑπενεγκεῖν,
2688 2366 2783 2418 zeal
2838 2364 3029 2421 τοῦτον
3072 2366 3213 2434 μετά
3263 2368 3443 2438 βραχὺ
3491 2367 3694 2421 διαλύει

2116 2452 2208 2506 τὸν
2249 2455 2590 2525 πειρασμόν·
2641 2456 2830 2527 μηνῶν
2869 2457 2980 2529 γὰρ
3012 2458 3218 2527 μεταξὺ
3258 2462 3696 2533 παραρρυέντων
3804 2450 3813 2455 ’

2116 2541 2304 2611 τριιῖιν,
2362 2544 2458 2596 zeal
2511 2545 2544 2612 ἡ
2579 2544 2877 2617 θαυμαστὴ
2922 2547 3018 2599 zeal
3071 2546 3425 2620 φιλόχριστος
3489 2550 3697 2621 βασιλὶς

2119 2633 2389 2686 ἐπιστᾶσα
2423 2638 2737 2705 φρονήματι
2770 2638 3006 2707 γενναίῳ
3039 2656 3100 2693 τε
3131 2641 3227 2694 zeal
3264 2641 3564 2712 βασιλικῷ,
3602 2643 3698 2696 zeal

2117 2723 2219 2784 τὰς
2241 2722 2336 2776 τοῦ
2366 2724 2485 2777 υἱοῦ
2514 2727 2609 2778 zeal
2635 2724 2903 2796 βασιλέως
2934 2728 3070 2799 πρὸς
3095 2730 3188 2783 τὸν
3218 2732 3499 2799 Στέφανον
3544 2735 3692 2804 διαρι

2121 2815 2351 2883 ῥήγνυσι
2393 2815 2669 2886 συνθήκας
2717 2820 2958 2885 ὲκείνας,
2993 2822 3197 2888 μᾶλλον
3237 2823 3296 2877 δὲ
3334 2826 3410 2878 τὰ
3436 2827 3549 2879 τῶν
3577 2842 3700 2878 συν-

2120 2905 2305 2974 θηκῶν
2352 2907 2650 2976 ἰνδάλματα
2700 2911 2796 2964 καί
2846 2915 2946 2972 τὰς
3002 2916 3424 2984 προσποιήσεις,
3478 2918 3577 2969 zeal
3615 2918 3703 2968 τὸν

2121 2996 2391 3067 ἀρχιερέα
2425 2998 2523 3052 σύν
2559 3016 2623 3066 γε
2661 3001 2760 3071 ,τῷ
2797 3001 3017 3074 βασιλεῖ
3044 3021 3106 3058 τε
3137 3007 3230 3060 zeal
3261 3007 3370 3059 υἱεῖ
3415 3010 3568 3077 παρά
3608 3008 3705 3075 τὴν

2136 3088 2469 3160 Ἐκκλησίαν
2498 3108 2558 3144 τε
2582 3092 2678 3147 zeal
2703 3077 2808 3163 τήν
2837 3094 2996 3149 πόλιν
3021 3097 3187 3162 ἀξίως
3222 3101 3668 3167 μετακαλοῦνται
3692 3117 3703 3129 ·

2121 3179 2244 3231 ἐπεὶ
2282 3181 2376 3233 zeal
2407 3181 2663 3250 βασιλεὺς
2682 3183 2845 3247 αὐτὸς
2881 3185 3036 3239 οὐδὲν
3066 3181 3232 3259 ἦττον
3260 3190 3307 3239 εἰ
3339 3190 3419 3260 μὴ
3450 3190 3549 3241 καὶ
3577 3191 3709 3258 μᾶλ-

2121 3269 2212 3323 λον
2244 3271 2312 3325 δι’
2339 3273 2524 3336 αίδοῦς
2554 3275 2638 3328 ὅτι
2694 3276 2959 3349 πλείστης
2986 3273 3091 3348 ἦγε
3128 3280 3221 3332 τὸν
3283 3283 3490 3349 μέγαν.
3549 3283 3711 3351 σοφός

445 3381 557 3433 τῶν
587 3377 819 3430 ἐλπίδων
850 3375 973 3435 ταῖς
995 3368 1415 3442 χρηστοτέραις,
1441 3368 1541 3420 zeal
1564 3365 1703 3437 πρὸς
1732 3365 1867 3417 Θεὸν
1892 3365 2015 3414 ἐπε·
2045 3363 2089 3420 C
2122 3381 2181 3415 τε
2207 3363 2305 3417 zeal
2333 3363 2678 3435 φιλόχριστος
2712 3366 2810 3432 ὢν,
2851 3370 2948 3422 zeal
2972 3369 3202 3439 γνώμης
3242 3374 3333 3425 zeal
3390 3376 3705 3441 καλοκάγα·
3767 3426 3779 3445 ,

438 3470 721 3542 στράφοαι
748 3467 955 3527 πάντας
985 3462 1122 3534 ὁμοῦ
1145 3461 1213 3514 δι’
1239 3459 1405 3530 εὐχῆς
1444 3459 1738 3545 διδάσκων,
1770 3455 1901 3509 ἀλλὰ
1928 3454 2022 3507 zeal

438 3563 556 3635 ’πρὸ
583 3561 692 3614 τῶν
737 3558 913 3614 ἄλλων
964 3554 1126 3617 αὐτὸς
1179 3553 1275 3607 τοῦ
1322 3551 1638 3619 ἀξιώματος
1685 3546 1880 3601 ἑαυτοῦ
1929 3548 2021 3597 zeal

442 3655 545 3723 τῆς
593 3653 800 3718 τάξεως
846 3647 1006 3717 εἴπερ
1050 3644 1183 3698 ποτὲ
1221 3643 1515 3712 γενόμενος
1541 3641 1683 3703 ὅλος,
1727 3639 1823 3693 zeal
1857 3638 2021 3709 μέσον

433 3744 581 3800 ’Θεοῦ
609 3761 665 3797 τε
709 3741 804 3795 zeal
841 3738 950 3795 τῶν
998 3736 1277 3792 συνόντων
1311 3733 1504 3786 ἑαυτὸν
1544 3732 1774 3801 στήσας,
1808 3723 1895 3781 οἷα
1931 3745 2025 3799 με·

444 3842 606 3910 σίτης
650 3834 906 3907 ἀληθινὸς
940 3830 1079 3887 Θεοῦ
1109 3830 1207 3884 zeal
1237 3825 1566 3898 ἀνθρώπων,
1611 3824 1709 3878 zeal
1736 3822 2024 3891 ἀλαλήτοις

442 3931 540 3986 τοῦ
571 3928 662 3982 νοῦ
685 3928 905 3996 δεήσεσι
931 3922 1024 3978 καὶ
1054 3923 1121 3992 τῇ
1152 3917 1379 3989 συνήθει
1422 3915 1772 3988 χρησάμενος
1802 3914 2027 3986 παρρη-

441 4030 563 4098 σίᾳ,
591 4025 691 4096 τήν
718 4039 783 4076 τε
819 4016 1115 4086 καταιγίδα
1152 4013 1421 4085 κοιμίζει,
1467 4010 1563 4065 zeal
1591 4007 1910 4065 καταπαύει
1934 4008 2026 4061 τὶν

447 4122 714 4182 κλύδωνα,
770 4118 864 4171 καί
895 4113 990 4169 τοῦ
1028 4112 1289 4179 ναυαγίου
1343 4107 1554 4170 πάντας
1602 4103 1741 4175 ὁμοῦ
1770 4102 2027 4166 διασώζει

449 4215 603 4287 παρὰ
637 4213 815 4274 πάσας
858 4205 1213 4278 ἀνθρωπίνας
1254 4201 1500 4263 ἐλπίδας.
1539 4199 1647 4287 Kal
1672 4198 1748 4251 τὰ
1802 4193 2025 4287 μὲν-τοῦ

442 4284 723 4373 πελάγους
757 4300 944 4361 αὐτοῖς
981 4295 1127 4352 οῦτω
1174 4290 1502 4364 παραδόξως
1536 4286 1738 4358 ήρέμει
1769 4284 1863 4338 zeal
1893 4284 2030 4338 ὑπε-

444 4399 621 4471 χώρει
654 4395 717 4449 τὸ
741 4394 918 4464 κῦμα,
946 4390 1044 4444 zeal
1074 4387 1211 4458 πρὸς
1247 4385 1374 4448 τοὺς
1407 4382 1569 4444 ίδίους
1606 4379 1704 4434 zeal
1733 4377 1832 4451 τὴν
1866 4377 2024 4471 πόλιν

439 4467 677 4562 ἦμέρως
718 4485 862 4554 ἄγαν
916 4480 1318 4553 παρέπεμπεν·
1347 4476 1382 4547 ή
1428 4473 1488 4528 δὲ
1542 4472 1652 4525 τῶν
1697 4467 2027 4562 πειρασμῶν

444 4559 708 4649 καταιγὶς
727 4573 1002 4646 οὐμενοῦν
1030 4572 1136 4625 οὐκ
1169 4568 1371 4639 ἠρέμει
1393 4582 1408 4597 ·
1444 4566 1520 4623 ὡς
1552 4565 1662 4633 γὰρ
1694 4561 1773 4633 τῷ
1797 4561 1900 4631 τῆς
1928 4559 2027 4613 πό-

2124 3454 2244 3518 θίας
2281 3456 2380 3509 zeal
2406 3458 2629 3526 τρόπων
2652 3460 2909 3529 χρηστῶν
2931 3460 3407 3531 ἀντιποιούμενος,
3442 3468 3608 3536 εἴπερ
3634 3483 3715 3528 τις

2122 3545 2230 3598 τῶν
2281 3548 2384 3617 πρὸ
2438 3548 2605 3602 αὐτοῦ
2663 3550 3158 3620 βεσασιλευκότων,
3214 3558 3262 3607 εί
3320 3562 3422 3612 zeal
3485 3560 3549 3612 τὺ
3605 3559 3714 3612 τῶν

2127 3640 2478 3708 πραγμάτων
2504 3658 2565 3695 τε
2599 3644 2692 3698 zeal
2715 3643 2824 3698 τῶν
2871 3646 3085 3715 καιρῶν
3121 3646 3390 3717 δυσχερὲς
3421 3653 3523 3705 zeal
3563 3653 3714 3705 ἀντὶ·

2124 3731 2253 3796 ξουν
2281 3733 2546 3804 ἀπεῖργεν
2578 3735 2741 3790 αὐτὸν
2770 3737 2867 3790 zeal
2905 3738 3199 3808 πρότερον,
3241 3740 3430 3813 ἑαυτῷ
3473 3747 3571 3798 zeal
3606 3747 3718 3805 τοῖς

2124 3823 2224 3893 τῆς
2255 3823 2470 3892 φύσεως
2500 3829 2887 3898 προτερήμασι
2919 3829 3063 3883 κατά
3108 3830 3337 3900 γνώμην
3374 3835 3601 3888 οἰκείαν
3632 3854 3724 3887 κε-

2125 3914 2382 3985 χρῆσθαι.
2422 3918 2787 3990 ’Υποστρέφει
2811 3920 3106 3991 τοιγαροῦν
3130 3922 3160 3974 ὁ
3178 3906 3483 3993 ἀρχιέρεὺς
3511 3930 3595 3988 είς
3623 3927 3721 3997 τὴν

2139 4008 2470 4079 Ἐκκλησίαν
2490 4010 2585 4064 zeal
2606 4011 2763 4075 αὖθις
2782 4026 2800 4046 ·
2827 4013 2992 4076 αὐτός
3016 4031 3073 4067 τε
3098 4013 3304 4086 ταύτην
3320 4017 3529 4087 ἥδιστα
3554 4037 3725 4090 προσ-
3788 4014 3795 4019 ’

2126 4100 2231 4171 ope?
2265 4102 2361 4153 zeal
2400 4102 2493 4154 ὑπ’
2533 4103 2746 4174 ἐκείνης
2798 4103 3061 4168 ὡσαύτως
3122 4107 3342 4177 ὁρᾶται,
3378 4110 3447 4164 τὸ
3491 4112 3724 4180 φίλτρον

2127 4190 2485 4258 ἀντιδιδόντες
2528 4195 2800 4266 ἀλλήλοις,
2844 4198 2943 4251 zeal
2980 4198 3049 4252 τά
3093 4200 3225 4270 παρ’
3277 4200 3547 4273 ἀλλήλων
3587 4223 3728 4274 καρ-

2130 4283 2396 4353 πούμενοι
2415 4299 2432 4315 ·
2463 4286 2491 4338 ό
2515 4286 2618 4354 μὲν
2643 4288 2741 4357 τὴν
2772 4288 2989 4358 ἐκείνης
3014 4291 3264 4362 ὑπακοὴν
3289 4295 3436 4363 πρὸς
3472 4296 3544 4349 τὰ
3578 4296 3723 4356 θεῖα,

2130 4376 2164 4445 ἡ
2193 4375 2252 4430 δὲ
2281 4376 2380 4446 τήν
2407 4379 2759 4450 παντοδαπὴν
2791 4382 3005 4437 ἐκείνου
3031 4384 3142 4437 τῶν
3173 4385 3351 4453 λόγων
3378 4404 3447 4440 τε
3482 4390 3585 4444 zeal
3618 4408 3649 4443 τ
3669 4392 3728 4442 ’.ιν

2129 4467 2310 4539 ἔργων
2334 4468 2605 4539 ὠφέλειαν
2626 4487 2642 4502 ·
2679 4473 2774 4526 zeal
2807 4475 2967 4545 δῆλον
2999 4476 3317 4532 κάντεῦθεν.

2199 4562 2619 4635 Φροντιστήριόν
2645 4566 2760 4619 ἐστι
2789 4564 3142 4637 μοναζουσῶν
3171 4569 3313 4637 μέγα
3340 4569 3443 4624 καὶ
3480 4570 3732 4625 πολυάν-

451 4675 593 4737 λιως
648 4672 955 4741 προσέσχον
1011 4662 1220 4732 λιμένι,
1258 4658 1522 4728 κάκείνης
1573 4657 1747 4727 ἡδέως
1792 4670 1912 4717 πως
1942 4652 2026 4751 Δἂν
2055 4692 2104 4751 υ
2132 4650 2352 4751 θρωπον
2377 4656 2459 4751 ῌὲν
2518 4657 2908 4730 Θεσσαλονίκη,
2974 4659 3252 4729 βασιλικὸν
3300 4664 3399 4715 καὶ
3462 4665 3539 4717 δι’
3595 4664 3731 4717 αὐτὸ

452 4768 629 4828 εἴποις
683 4759 912 4833 ἔμελλον
944 4753 1270 4817 ἐπιϐαίνειν,
1299 4754 1330 4807 ό
1372 4750 1630 4822 βασιλεὺς
1674 4748 1774 4817 τὴν
1823 4744 2026 4799 εἴσοδον

418 4858 687 4920 ’ἐκείνοις
738 4853 1028 4920 ἀπείργει·
1078 4850 1178 4917 τῆς
1213 4845 1312 4915 μὲν
1344 4843 1480 4915 πρὸς
1531 4841 1626 4896 τὸν
1656 4839 1929 4912 κηδεστήν
1966 4852 2027 4890 τε

452 4951 547 5003 zeal
580 4946 807 5020 βασιλέα
848 4940 1186 5003 διαστάσεως
1229 4936 1335 5007 ήδη
1370 4931 1778 5006 μελετωμένης,
1828 4927 2030 5000 συνθη-

455 5043 570 5097 κῶν
594 5040 655 5095 δέ
688 5056 854 5094 τινων
868 5035 974 5103 zeal
1008 5034 1184 5102 λόγων
1210 5031 1313 5083 οὐκ
1341 5025 1440 5082 οἶδ’
1469 5025 1806 5080 ὡντινωνοῦν
1839 5024 1907 5078 ἂν
1932 5022 2028 5077 zeal
2059 5058 2066 5063 -

456 5135 624 5206 φαίην
665 5131 803 5202 πρὸς
846 5130 931 5182 τόν
976 5122 1366 5197 προρρηθέντα
1406 5120 1517 5174 τῶν
1567 5117 1889 5189 Τριϐαλλῶν
1928 5116 2025 5184 ἀρ-

456 5243 623 5300 χσντα
673 5223 949 5291 Στέφανον
998 5215 1305 5286 τηνικαῦτα
1332 5212 1411 5282 τῷ
1468 5212 1678 5280 βασιλεῖ
1736 5208 2025 5279 κοινουμέ-

457 5336 585 5379 νων,
617 5315 683 5370 δι’
738 5315 774 5369 ἃ.
822 5313 995 5381 δήπου
1030 5309 1123 5362 zeal
1177 5308 1257 5378 τῷ
1296 5305 1393 5359 τοῦ
1454 5303 1592 5358 Θεοῦ
1628 5303 1880 5372 ἀρχιερεῖ
1927 5301 2026 5371 τὴν

458 5409 693 5480 πάροδον
733 5403 1040 5464 ἀποκλείει,
1077 5401 1146 5454 τὰ
1176 5401 1346 5453 πιστὰ
1380 5397 1459 5469 τῷ
1512 5397 1772 5467 Στεφάνῳ
1801 5394 2028 5450 κάντεῦ-

457 5501 550 5555 θεν
581 5498 744 5568 δῆθεν
789 5491 1240 5555 καπασκευάζων,
1274 5491 1351 5562 μὴ
1394 5490 1486 5542 καὶ
1514 5489 1641 5561 δόξῃ
1688 5486 2026 5541 πλάττεσθαι

451 5593 551 5654 τὰς
597 5588 884 5658 συνθήκας,
921 5585 1017 5647 τὰς
1062 5584 1199 5653 πρὸς
1240 5584 1468 5648 ἐκεῖνον,
1518 5580 1614 5634 zeal
1660 5580 1876 5648 ἀπάτην
1907 5577 2026 5631 τινὰ

455 5676 837 5742 συσκευάζειν,
865 5676 893 5729 ὃ
918 5676 981 5746 δὴ
1023 5675 1117 5728 zeal
1143 5672 1277 5745 πρὸς
1305 5673 1565 5743 ἀλήθειαν
1592 5669 1680 5743 ἦν,
1711 5670 1888 5740 σοφῶς
1923 5687 2024 5723 πα-

454 5771 906 5842 ρακρουσαμένου
958 5768 1053 5822 τοῦ
1101 5767 1364 5839 βασιλέως
1413 5769 1644 5826 ἐκεῖνον,
1679 5765 1753 5828 ὡς
1796 5767 1828 5836 ή
1862 5767 2025 5836 πεῖρα
2061 5810 2067 5815 .

454 5863 643 5931 σαφῶες
676 5863 1021 5933 παρέστησεν
1072 5860 1323 5930 ὕστερον.
1369 5859 1426 5914 Ὀ
1461 5857 1560 5928 μὲν
1593 5856 1688 5910 οῦν
1739 5857 2023 5909 ὑπενόστει

451 5954 546 6008 zeal
577 5949 755 6018 αὖθις,
790 5953 886 6008 καὶ
917 5955 972 6018 ὲς
1002 5952 1153 6007 Ἀθω
1195 5951 1285 6006 τδν
1313 5949 1467 6020 φίλον
1512 5948 1604 6001 ὑπ’
1635 5948 1883 6017 ἀνάγκης
1927 5949 2019 6000 zeal

2131 4744 2301 4813 τοῦτ’,
2345 4743 2525 4819 οἶμαι,
2577 4749 2956 4821 καλούμενον·
2983 4751 3241 4822 ὑπερέχει
3290 4754 3387 4805 zeal
3440 4756 3561 4825 γάρ
3609 4757 3733 4809 ἐκεῖ

2131 4841 2353 4896 πάντων
2388 4840 2527 4907 ὁμοῦ
2556 4842 2664 4894 τῶν
2701 4842 2980 4897 τοιούτων.
3022 4843 3111 4896 Ἐν
3158 4845 3334 4913 τούτῳ
3372 4849 3606 4917 μοναχῆ
3644 4866 3732 4910 τις

2130 4933 2241 4986 τῶν
2278 4933 2523 4988 εῦλαδῶν
2548 4928 2616 5004 ἦν
2648 4936 2740 4987 zeal
2787 4934 3049 5002 κοσμίων,
3097 4935 3395 5008 Ἐλεοδώρπι
3442 4940 3553 5009 τὴν
3592 4941 3733 5007 κλῆ-

2132 5042 2254 5079 σιν·
2286 5026 2425 5096 αῦτη
2455 5025 2735 5097 μοχθηροῦ
2766 5043 2913 5083 τινος
2956 5027 3051 5082 zeal
3082 5027 3349 5092 νοσώδους
3394 5033 3594 5101 χυμοῦ
3630 5050 3735 5086 κα-

2130 5118 2535 5189 ταρῤεύσαντος
2563 5118 2791 5180 ἄνωθεν,
2843 5119 3094 5189 πονήρως
3131 5115 3247 5190 εἶχε
3288 5121 3391 5174 τοῦ
3421 5123 3734 5195 εὐωνύμου

2131 5211 2232 5279 τῆς
2272 5211 2515 5279 κεφαλῆς
2546 5210 2771 5279 μέρους,
2798 5210 2890 5262 τοῦ
2941 5209 2997 5263 δὲ
3033 5208 3309 5279 ῥεύματος
3355 5212 3620 5280 μάλιστα
3653 5216 3736 5281 τῷ

2132 5302 2398 5372 ὀφθαλμῷ
2421 5301 2787 5371 ἐνοχλοῦντος,
2820 5302 2981 5354 κάκεῖ
3006 5300 3069 5354 τὸ
3095 5301 3195 5370 τῆς
3216 5299 3415 5369 ὀδύνης
3448 5306 3739 5376 συνάγον.

2129 5414 2221 5459 τος
2257 5396 2529 5461 πλεῖστον,
2566 5397 2837 5466 ἁρόρητον
2866 5395 2965 5465 μὲν
2995 5391 3062 5465 ἦν
3095 5395 3191 5449 zeal
3236 5396 3358 5449 κατ’
3389 5399 3543 5451 αὐτὸ
3569 5402 3739 5455 τοῦτο

2129 5490 2192 5542 τδ
2225 5489 2415 5554 πάθος,
2447 5492 2539 5541 καὶ
2565 5482 2677 5541 οἷον
2706 5488 2842 5557 μηδὲ
2889 5486 3342 5559 παραϐεόλῆσθαι
3368 5502 3381 5517 ·
3417 5491 3655 5562 προσῆν
3685 5492 3735 5546 δ’

2130 5580 2335 5650 ὑποψία
2366 5580 2460 5634 zeal
2495 5580 2602 5634 τῶν
2634 5580 2716 5634 ἔτι
2748 5579 3044 5648 μεγίστων,
3079 5578 3155 5646 μὴ
3194 5576 3289 5629 zeal
3323 5577 3430 5645 τῆς
3472 5584 3736 5652 φυσικῆς

2129 5673 2293 5741 ἕδρας
2327 5674 2355 5725 ό
2403 5672 2680 5740 ὀφθαλμὸς
2727 5670 3078 5741 ἐκκρουσθεὶς
3133 5670 3336 5741 δηλαδὴ
3394 5670 3605 5746 φθάσῃ
3655 5672 3737 5743 τῷ

2133 5763 2347 5832 σφοδρῴ
2389 5763 2489 5831 τῆς
2532 5762 2721 5833 ὀδύνης
2748 5778 2762 5794 ·
2802 5761 3003 5831 ίκτρῶν
3042 5762 3140 5832 μὲν
3179 5759 3274 5813 οῦν
3315 5760 3432 5814 τῶν
3466 5779 3533 5814 τε
3587 5766 3740 5835 ἠμε-

2130 5854 2320 5907 δαπῶν
2372 5854 2468 5907 zeal
2541 5854 2826 5925 ἐπηλύδων
2885 5854 3086 5923 ὁμοίως
3146 5852 3508 5923 ἀπηλέγχετο
3575 5856 3738 5909 πᾶσα

2127 5947 2293 6016 τέχνη
2323 5945 2400 6016 τῷ
2449 5946 2670 6016 μεγέθει
2713 5945 2806 6000 τοῦ
2860 5946 3100 6011 πάθους·
3147 5945 3370 6019 ἡμερῶν
3408 5943 3462 5997 δ’
3517 5948 3739 6018 ἑφεξῆς
