4082 6416
511 433 618 493 θῖὶὸ

1477 445 1883 508 ENCOMIUM
1933 450 2150 508 AUC’I‘.
2190 449 2529 508 l’lllLU'l‘H
2547 450 2637 505 EU
2674 448 2778 506 CP.

3655 442 3756 503 696

511 550 910 614 τετταράκοντα
953 553 1387 620 διαγενομένων,
1423 555 1576 624 λήγει
1619 559 1686 610 τὰ
1741 561 1839 630 τῆς
1892 559 2084 626 ὀδύνης
2115 569 2156 622 Α
2188 563 2358 622 ὅπως,
2409 562 2437 612 ὁ
2482 561 2638 625 λόγος
2688 557 2882 625 δηλοῦν
2941 559 3177 623 ἕτοιμος.
3232 555 3452 624 Ἐπειδὴ
3508 556 3602 606 καὶ
3655 561 3759 622 γάρ

513 637 701 704 ἀθρόα,
733 642 960 708 μηδενὸς
988 643 1186 706 ἔξωθεν
1230 648 1610 713 ἐπιγεγονότος
1636 664 1650 678 ’
1688 650 1781 702 καὶ
1817 650 1958 722 ὑμὴν
1987 651 2082 703 αύη

513 731 640 783 τίκα
665 732 857 796 λεπτὸς
889 735 1190 797 ἐπιπεσὼν,
1225 739 1592 792 ἐπικαλύπτει
1639 744 1740 808 τὴν
1771 743 1962 812 κόρην,
1991 745 2084 795 καὶ

518 827 549 892 ἡ
579 827 806 896 ὁρατικὴ
839 827 1070 895 δύναμις
1104 831 1221 882 κατ’
1254 831 1416 885 αὐτόν
1447 850 1591 902 φημι
1627 833 1820 886 τοῦτον
1847 835 2084 899 ἐξ⁹ἐκεί-

516 935 604 968 νου
640 919 737 984 τὴν
772 922 1089 988 πάσχουσαν
1135 925 1444 988 ἀπολείπει,
1471 928 1528 978 οὑ
1568 927 1772 995 μᾶλλον
1813 928 2086 997 ἀλγοῦσαν

514 1007 582 1058 δι’
617 1009 747 1060 αὐτὸ
777 1010 954 1077 τοῦτο,
989 1014 1050 1064 τὸ
1080 1016 1168 1066 τὸν
1215 1016 1492 1085 ὀφθαλμόν
1528 1035 1670 1086 φημι
1711 1018 1772 1070 τὸ
1818 1020 2087 1089 παράπαν

515 1101 907 1169 άπεσΰηκέναι,
926 1105 1048 1156 ὅσον
1072 1107 1131 1158 τὸ
1163 1111 1259 1175 τῆς
1282 1109 1638 1176 ἀναγνώσεως
1665 1112 2087 1182 ἀποστερεῖσθαι

517 1195 611 1246 τοῦ
641 1197 916 1253 πλείστου.
947 1200 1054 1252 Τοῦ
1087 1202 1133 1254 δ’
1155 1204 1404 1256 ἐνιαυτοῦ
1438 1207 1578 1274 μετά
1597 1206 1694 1276 τὴν
1725 1207 1938 1280 πληγὴν
1959 1211 2089 1262 ταύ-

514 1303 614 1354 την
643 1288 794 1352 ὄντος
841 1293 969 1360 περὶ
1005 1293 1073 1344 τὰ
1116 1294 1265 1365 τέλη,
1316 1299 1411 1349 καὶ
1448 1297 1616 1366 μηνὸς
1661 1299 1764 1369 ἤδη
1793 1300 2086 1370 Γορπιαίου

518 1377 896 1444 ἐνισταμένου,
949 1381 1184 1436 ἐτελεῖτο
1217 1387 1317 1452 μὲν
1347 1387 1464 1439 ἐκεῖ
1495 1391 1560 1458 τῇ
1605 1388 1909 1459 Θεομήτορι
1943 1390 2088 1458 λαμ-

520 1466 672 1534 πρῶς
704 1470 736 1535 ἠ
770 1469 963 1542 τελετὴ
994 1475 1104 1528 τῶν
1135 1475 1307 1546 αὑτῆς
1339 1478 1658 1542 Γενεθλίων,
1689 1482 1872 1550 παρῆν
1904 1483 1958 1534 δὲ
1990 1481 2087 1533 καὶ

519 1565 545 1612 ὁ
581 1562 902 1629 διδάσκαλος
959 1570 1250 1640 παννύχιος
1303 1577 1684 1645 συνεορτάζων
1731 1578 1799 1646 τῇ
1858 1576 2086 1647 ποίμνῃ.

518 1652 638 1704 Τῶν
668 1654 726 1706 δέ
785 1657 1094 1728 ἐσπερινῶν
1148 1663 1335 1728 αὑτοῖς
1384 1664 1570 1734 ὓμνων
1624 1667 1813 1721 ίόντων
1858 1674 1991 1736 πρὸς
2027 1670 2090 1720 τὸ

513 1744 689 1806 τέλος,
724 1746 958 1802 ἅπτεται
986 1750 1372 1807 διδασκαλικοῦ
1397 1755 1560 1823 λόγου
1584 1759 1678 1810 καὶ
1703 1758 1922 1826 ὁμιλίας
1952 1759 2091 1827 πρὸς

510 1832 637 1895 τοὺς
671 1837 947 1906 παρόντας
975 1853 990 1868 ⁸
1043 1842 1264 1898 πάντων
1306 1844 1351 1898 δ’
1383 1843 1792 1918 ἐξηρτημένων,
1835 1848 1910 1912 ὡς
1945 1850 2086 1915 ἔθος,

511 1925 610 1994 τῆς
638 1927 988 1996 διδασκαλίας
1018 1936 1114 1987 καὶ
1149 1936 1259 1988 τῶν
1307 1938 1470 2008 ἱερῶν
1520 1943 1787 2012 σειρήνων
1828 1943 2036 1996 ἐκείνου
2064 1959 2079 1974 ο

512 2016 637 2071 ἐπεὶ
688 2022 782 2072 καὶ
831 2022 987 2094 ήτὸν
1046 2025 1328 2097 ὀφθαλμὸν
1381 2030 1665 2102 πάσχουσα
1720 2036 1930 2105 μοναχῆ
1989 2037 2087 2090 σὺν

514 2113 634 2173 ταῖς
685 2113 875 2176 ἄλλαις
931 2119 1098 2172 αὑτοῦ
1150 2139 1253 2175 που
1308 2129 1710 2197 παρισταμένη,
1753 2130 1849 2182 τοῦ
1896 2131 2089 2185 νέκτα-

524 2217 615 2271 ρος
643 2203 754 2256 τῶν
788 2205 962 2275 λόγων
1012 2211 1222 2264 ἐκείνου
1264 2216 1513 2283 μετέσχε,
1566 2218 1811 2286 θάμϐους
1841 2222 1941 2288 μὲν
1994 2223 2088 2274 καὶ

522 2296 869 2364 κατανύξεως
899 2300 1000 2367 τὴν
1045 2301 1246 2372 ψυχὴν,
1283 2303 1534 2376 δακρύων
1584 2308 1629 2361 δ’
1675 2309 2087 2380 ὑποπλησθεῖσα

514 2387 643 2450 τοὺς
675 2389 1012 2461 ὀφθαλμοὺς,
1046 2396 1294 2462 μεγάλας
1327 2399 1582 2452 ἀπεδίδου
1636 2400 1758 2471 Θεῷ
1785 2405 1884 2466 τὰς
1922 2403 2086 2474 εύχα-

521 2478 751 2547 ριστίας,
781 2482 864 2535 ὄτι
891 2501 952 2536 τε
976 2486 1070 2538 τὸν
1092 2489 1337 2543 τοιοῦτον
1363 2491 1763 2562 φιλανθρώπως
1793 2496 2088 2565 παρελθεῖν

517 2572 596 2633 εἰς
628 2572 826 2640 μέσους
852 2576 1094 2641 ἐκείνους
1126 2583 1419 2650 πεποίηκε,
1442 2587 1538 2638 καὶ
1565 2586 1646 2638 ὄτι
1666 2586 1762 2639 καὶ
1791 2588 1930 2658 αὑτὴ
1959 2605 2088 2642 κατ-

515 2659 743 2728 ηξίωται
808 2665 918 2717 τῶν
985 2668 1244 2722 τοιούτων
1298 2673 1359 2724 ἐν
1408 2677 1612 2746 μετοχῇ
1661 2679 1980 2745 γεγονέναι’
2021 2680 2083 2733 ού

521 2757 628 2824 μὴν
655 2757 794 2811 ἀλλά
824 2763 916 2817 καὶ
969 2765 1075 2817 τῶν
1111 2769 1234 2819 κατ’
1276 2769 1441 2822 αὐτοῦ
1491 2772 1789 2840 χρωμένων
1822 2772 1972 2827 ἐστιν
2009 2767 2086 2828 ὧν

519 2847 828 2913 Βυζαντίων
877 2854 1192 2920 ἀκολάστως
1241 2861 1308 2929 τῇ
1363 2860 1600 2932 γλώττῃ,
1658 2865 1755 2916 καὶ
1811 2867 1877 2919 τὰ
1928 2868 2084 2922 τοῦδε

517 2941 795 3013 διασύρειν
816 2947 1259 3018 ἐπιχειρούντων,
1283 2953 1473 3007 ἄνοιαν
1499 2931 1739 3025 ἐσχάτην
1758 2959 1848 3010 καὶ
1883 2959 2085 3029 Θράσος

519 3033 611 3086 καὶ
637 3036 840 3107 τόλμαν
870 3042 1356 3110 καταγινώσκουσα
1392 3046 1486 3098 καὶ
1528 3049 1869 3110 δυσσέϐειαν.
1897 3053 2082 3121 χεῖρας

519 3129 757 3194 ἱκεσίους
809 3132 907 3185 σὺν
961 3134 1176 3198 πολλοῖς
1220 3153 1283 3203 γε
1332 3141 1444 3205 τοῖς
1494 3141 1728 3210 δάκρυσι
1778 3143 1915 3210 πρὸς
1947 3144 2078 3199 Θεὸν

2192 653 2459 720 κρείττων
2493 652 2590 720 μὲν
2640 647 2706 720 ἦν
2733 652 2761 702 ό
2812 650 2986 718 μέγας
3031 649 3120 701 τοῦ
3165 649 3626 717 προσδοκηθέντος
3660 649 3759 699 θα-

2192 745 2376 804 νάτου,
2412 742 2550 795 Θεοῦ
2602 741 3167 809 θαυματουργοῦντος,
3208 741 3346 806 ὅπερ
3373 738 3534 806 ἔφην,
3567 742 3765 808 προδη-

2192 836 2320 900 λως,
2353 836 2642 888 ὑπενόστει
2698 837 2754 888 δέ
2795 835 2888 886 καὶ
2918 832 2980 885 τὸ
3028 833 3281 885 πλεῖστον
3316 833 3417 901 τῆς
3466 831 3646 895 νόσου,
3680 832 3762 882 ἔτι

2191 932 2260 983 τὰ
2288 929 2518 996 λείψανα
2557 929 2873 998 περιφέρων
2907 928 3143 995 ἐκείνης,
3176 927 3570 992 ἀναγκάζεται.
3594 927 3765 977 πολλὰ

2191 1022 2474 1091 δεηθέντος
2521 1021 2614 1073 τοῦ
2649 1019 2965 1087 θαυμαστοῦ
3021 1019 3307 1086 βασιλέως,
3344 1018 3438 1071 καὶ
3485 1014 3640 1078 αὖθις
3682 1019 3764 1075 εἰς

2190 1114 2289 1184 τὴν
2316 1115 2427 1166 τῶν
2455 1116 2663 1167 πόλεων
2713 1112 3108 1180 βασιλεύουσαν
3138 1111 3372 1173 ἀνιέναι,
3418 1111 3495 1176 τῷ
3527 1111 3762 1178 κηδεστῇ

2190 1220 2248 1256 τε
2279 1205 2374 1256 καὶ
2409 1203 2621 1272 βασιλεῖ
2646 1202 3144 1272 πρεσϐευσόμενος,
3169 1201 3265 1252 καὶ
3295 1202 3524 1254 σπονδὰς
3557 1201 3763 1268 εἰρηνι-

2192 1295 2293 1359 κὰς
2337 1296 2666 1364 ἀμφοτέρων
2713 1296 2918 1364 μεταξὺ
2955 1295 3156 1349 θύσων.
3210 1295 3350 1348 ’Δλλ⁹
3379 1296 3407 1346 ό
3460 1294 3570 1346 τῶν
3604 1295 3760 1362 βασι--

2192 1388 2328 1441 λέων
2365 1387 2863 1450 Βασιλεὺς-ἄνωθεν
2896 1387 2989 1440 καὶ
3037 1387 3241 1453 Κύριος
3272 1388 3381 1440 τῶν
3408 1387 3637 1453 κυρίων,
3664 1387 3763 1444 τὰς

2196 1476 2296 1544 μὲν
2343 1475 2419 1538 ὡς
2476 1477 2740 1546 περιττὰς
2790 1477 3184 1546 ἀποδοκιμάζει
3233 1477 3296 1529 τό
3331 1495 3396 1542 γε
3450 1477 3545 1529 νῦν
3597 1473 3762 1537 εἶναι,

2205 1566 2612 1636 ’Δχαιμενίδαις
2648 1568 2703 1620 δὲ
2733 1570 2844 1630 τοῖς
2891 1569 3114 1638 μακρὰν
3143 1570 3555 1638 ἀπῳκισμένοις
3597 1570 3763 1620 αὑτοῦ

2190 1661 2270 1730 τῷ
2298 1662 2396 1727 τῆς
2453 1661 2690 1722 πίστεως
2722 1661 2887 1731 λόγῳ,
2920 1662 3015 1714 καὶ
3063 1663 3128 1732 δὴ
3175 1662 3271 1714 καὶ
3305 1663 3419 1724 τοῖς
3458 1662 3764 1729 κατεχομέ-

2193 1771 2304 1815 νοις
2337 1754 2430 1806 ὑπ*
2478 1754 2658 1806 αὑτῶν
2700 1754 3094 1825 αἰχμαλώτοις,
3129 1754 3528 1823 εὑαγγελιστήν
3553 1771 3611 1803 τε
3674 1754 3769 1806 καὶ

2194 1846 2410 1914 κήρυκα
2455 1845 2551 1901 καὶ
2607 1848 2834 1916 μεσίτην
2877 1849 2975 1901 καὶ⁹
3018 1847 3348 1915 διαλλακτὴν
3377 1846 3445 1899 δι’
3481 1846 3768 1914 αἰχμαλω-

2196 1940 2318 2002 σίας
2347 1939 2510 1992 αὑτὸν
2537 1940 2868 2008 θαυμαστῶς
2887 1941 3210 1997 ἀποστέλλει
3234 1954 3251 1971 ⁸
3281 1942 3375 1995 καὶ
3396 1939 3615 1994 ἄπεισιν
3647 1941 3768 2008 αἰχ-

2195 2028 2445 2096 μάλωτος
2494 2030 2575 2093 είς
2646 2030 2854 2092 Ἀσίαν,
2922 2030 3326 2099 Ἀχαιμενίδαις
3377 2032 3489 2093 τοῖς
3555 2029 3768 2084 κάκιστ’

2195 2120 2612 2188 ἀπολουμένοις,
2668 2121 2858 2188 ὥσπερ
2903 2116 2985 2184 εἷς
3031 2138 3116 2183 τις
3154 2122 3266 2174 τῶν
3315 2121 3557 2184 πάντων,
3607 2120 3636 2171 ὁ
3669 2120 3770 2189 τὴν

2193 2211 2307 2265 ἄνω
2341 2211 2510 2264 πάλαι
2537 2211 2843 2281 πλουτήσας
2866 2211 3182 2280 ἐλευθερίαν
3212 2211 3308 2264 καὶ
3341 2211 3648 2280 βασιλείαν,
3676 2213 3772 2266 καὶ

2191 2303 2480 2365 πλείστους
2527 2305 2665 2370 πρὸς
2709 2304 2928 2372 ἐκείνην
2963 2304 3143 2366 καλῶς
3185 2306 3459 2374 ὁδηγήσας
3495 2306 3572 2375 τῷ
3603 2305 3768 2373 λόγῳ,

2191 2394 2280 2448 ἵνα
2310 2395 2473 2447 κάκεῖ
2519 2395 2674 2447 ταῦτ’
2727 2397 3055 2465 ἐργάσηται,
3093 2395 3188 2448 καὶ
3248 2397 3539 2459 πλείστους
3596 2396 3770 2449 ἀπαλ⁴

2191 2485 2326 2556 λάξῃ
2376 2485 2445 2539 δι’
2495 2485 2695 2538 ἐαυτοῦ
2739 2486 2840 2555 τῆς
2897 2487 3094 2558 νοητῆς
3142 2487 3522 2558 αἰχμαλωσίας
3559 2505 3618 2540 τε
3677 2490 3772 2542 καὶ

2192 2578 2460 2641 δουλείας.
3185 2591 3193 2598 ’

2278 2669 2443 2725 Ἀλλὰ
2465 2671 2631 2724 καλὸν
2661 2672 2728 2725 ἂν
2750 2674 2836 2743 εἴη
2864 2674 2964 2740 τῆς
3009 2673 3302 2742 καλλίστης
3334 2675 3426 2726 καὶ
3467 2674 3619 2742 ἱερᾶς
3649 2673 3768 2726 δια-

2191 2758 2389 2812 κοῦσαι
2418 2761 2513 2815 καὶ
2551 2759 2710 2826 αὖθις
2749 2763 3000 2834 γλώττης
3045 2764 3218 2834 αὐτῆς
3259 2765 3498 2834 ἐκείνης,
3539 2765 3606 2817 τὰ
3643 2765 3765 2817 καθ’

2191 2852 2394 2926 ἑαυτὴν
2429 2857 2524 2908 καὶ
2573 2857 2675 2927 τὴν
2723 2858 3101 2928 αἰχμαλωσίαν
3151 2861 3251 2928 τὴν
3303 2859 3496 2928 καινὴν
3548 2859 3768 2926 ἐκείνην

2185 2943 2517 3018 διεξιούσης.
2575 2950 2714 3019 Φησὶ
2753 2949 3047 3020 τοιγαροῦν
3081 2951 3140 3002 ἐν
3186 2953 3250 3019 τῇ
3287 2950 3422 3019 πρὸς
3475 2949 3573 3020 τὴν
3627 2951 3768 3004 ίδίαν

2198 3026 2528 3110 Ἐκκλησίαν
2570 3042 2858 3114 ἐπιστολῇ,
2897 3044 3129 3115 γράφων
3159 3042 3302 3096 οὑτω
3327 3058 3369 3092 ³(

518 3223 706 3286 ἐκίνει,
739 3223 814 3287 ὡς
843 3226 910 3278 ἂν
936 3229 1058 3286 ταῖς
1102 3229 1290 3300 εὐχαῖς
1326 3233 1490 3287 αὐτοῦ
1529 3235 1626 3287 καὶ
1652 3239 1720 3306 τῇ
1767 3237 1903 3306 πρὸς
1930 3239 2092 3292 αὑτὸν
2119 3239 2163 3298 C
2267 3219 2507 3275 τοιαῦτα
2559 3224 2652 3275 καὶ
2701 3221 2771 3274 τὰ
2809 3221 2951 3273 κατὰ
2994 3220 3092 3292 τὴν
3150 3221 3530 3292 αἰχμαλωσίαν
3576 3220 3775 3271 παλαί’

519 3315 826 3388 παρρησίᾳ,
859 3321 953 3371 καὶ
996 3321 1094 3373 τοῦ
1127 3323 1444 3394 συνέχοντος
1493 3327 1698 3390 πάθους
1728 3330 2094 3399 ἀπαλλαγείη,

421 3489 430 3496 κ
524 3408 743 3460 καὶτὸν
789 3411 1070 3482 ὀφθαλμὸν
1103 3415 1322 3486 ἐνεργὸν
1367 3417 1441 3479 ὡς
1484 3419 1546 3472 τὸ
1589 3419 1862 3490 πρότερον
1895 3424 2098 3476 ἀπολά-

523 3504 630 3557 ϐοι.
661 3504 818 3558 Οὕτω
846 3509 945 3577 τῆς
970 3509 1163 3572 νυκτὸς
1206 3511 1342 3581 αὑτῇ
1383 3513 1784 3580 διαγεγονυίας,
1820 3516 1916 3568 καί¹
1972 3517 2096 3585 μεθ’

522 3595 664 3648 οὕτω
710 3597 980 3670 λαμπρῶν
1027 3601 1137 3654 τῶν
1174 3603 1434 3656 ἐλπίδωνο
1470 3606 1591 3659 ούδέ
1649 3607 1755 3676 γὰρ
1792 3609 2096 3680 δισταγμοῦ

523 3703 576 3739 τι
609 3688 844 3757 προσῆν,
873 3691 1059 3760 φησὶν,
1091 3692 1204 3744 οὐδ’
1229 3694 1562 3762 ἀμφιϐολίας
1588 3713 1602 3727 ⁹
1655 3701 1776 3751 ἐπεὶ
1804 3700 1899 3752 καὶ
1939 3703 1972 3771 ’θ
1997 3703 2097 3769 τῆς

528 3781 679 3850 ίερὶς
710 3781 934 3852 τελετῆς
975 3784 1072 3837 καὶ
1115 3783 1227 3836 τῶν
1273 3787 1558 3854 μυστικῶν
1605 3791 1788 3858 παρῆν
1829 3790 1970 3860 ὥρα,
2021 3785 2096 3844 ὧν

531 3871 809 3943 ὑπηρέτης
835 3893 893 3928 τε
920 3877 1015 3928 καὶ
1046 3879 1339 3947 τελειωτὴς
1361 3881 1388 3933 ό
1415 3881 1700 3952 ἀρχιερεὺς
1731 3879 1820 3953 ῆν,
1849 3887 2096 3956 πρόσεισι

531 3963 626 4013 καὶ
673 3963 813 4034 αὑτὴ
863 3966 1002 4019 κατά
1032 3967 1129 4035 τὴν
1186 3969 1592 4040 αίμορῤοοῦσαν
1646 3972 1813 4025 πάλαι
1852 3975 2094 4044 Χριστῷ,

534 4051 772 4105 λαθοῦσα
811 4053 1042 4108 καθόσον
1075 4051 1187 4108 οἷόν
1215 4074 1277 4110 τε
1331 4060 1423 4110 καὶ
1452 4059 1554 4128 τῆς
1598 4061 1878 4130 ἱερατικῆς
1916 4064 2098 4132 ἠρέμα

534 4145 726 4213 στολῆς
753 4143 1007 4216 ἁψαμένη
1049 4147 1148 4217 τῆς
1178 4148 1273 4201 τοῦ
1315 4151 1578 4218 μεγάλου,
1615 4153 1875 4220 κάκείνην
1907 4156 2101 4208 ἐπιϐα-

530 4233 695 4287 λοῦσα
737 4234 815 4304 τῷ
855 4237 1117 4306 πάσχοντι
1168 4238 1344 4308 μέλει,
1379 4241 1477 4309 τὴν
1525 4241 1734 4295 ἐκεῖθεν
1777 4243 2101 4309 ἐξελθοῦσαν

530 4329 828 4382 ἐπισπᾶται
861 4329 1094 4398 δύναμιν
1135 4331 1466 4400 θαυμαστῶς
1509 4338 1602 4388 καὶ
1648 4337 1746 4406 τὴν
1781 4337 2099 4407 θεραπείαν,

505 4422 624 4502 ,καὶ
649 4416 717 4492 ἦν
749 4422 848 4490 μὲν
879 4423 1090 4493 ἀφανὴς
1133 4423 1214 4474 ἔτι
1253 4425 1412 4488 τέως,
1454 4425 1554 4494 τῆς
1585 4425 1641 4478 δὲ
1677 4429 1868 4490 νυκτὸς
1910 4430 2102 4482 ἐπιού-

531 4530 653 4580 σης,
680 4515 840 4566 ὑπνοῖ
871 4516 968 4568 σὺν
999 4515 1213 4578 πολλοῖς
1251 4519 1363 4578 τοῖς
1402 4517 1634 4586 δάκρυσι
1689 4521 1782 4572 καὶ
1823 4523 1946 4584 ταῖς
1989 4524 2100 4574 ίκε-

2201 3312 2385 3381 σματά
2408 3331 2468 3366 τε
2505 3316 2599 3366 καὶ⁸
2622 3314 3005 3383 ἀγωνίσματα,
3048 3313 3139 3366 καὶ
3171 3315 3224 3366 αἱ
3259 3311 3574 3382 θαυμασταὶ
3603 3311 3774 3372 virm,

2199 3406 2294 3458 καὶ
2317 3405 2386 3458 τά
2413 3403 2558 3458 κατὰ
2595 3404 2693 3474 τῆς
2739 3404 2952 3475 πλάνης
3001 3405 3242 3474 τρόπαια
3293 3404 3597 3474 Γρηγορίου
3631 3405 3778 3472 φημὶ

2198 3494 2294 3548 τοῦ
2351 3496 2629 3564 μεγάλουί
2670 3497 2764 3549 καὶ
2816 3495 2959 3548 οὕτω
3003 3497 3166 3548 κάκεῖ
3210 3496 3539 3565 στεφανίτης
3576 3497 3604 3548 ό
3644 3497 3776 3564 ἐμδίς

2200 3587 2506 3656 παλαιστὴς
2541 3589 2608 3658 τῇ
2640 3586 2895 3658 ἐνεργείᾳ
2923 3588 3020 3642 καὶ
3051 3587 3280 3656 δυνάμει
3305 3587 3400 3638 τοῦ
3433 3586 3774 3648 ἐνοικοῦντος

2199 3679 2350 3748 αὑτῷ
2398 3681 2713 3748 Πνεύματος
2774 3680 3040 3747 ἀνεφάνη,
3075 3678 3268 3732 ἐαυτὸν
3310 3679 3514 3731 ὡσανεὶ
3561 3679 3658 3731 καὶ
3687 3697 3778 3753 μι-

2203 3770 2474 3840 μούμενος
2521 3771 2820 3842 πανταχοῦ,
2879 3772 2974 3823 καὶ
3012 3771 3099 3823 διὰ
3145 3771 3363 3822 πάντων
3390 3772 3448 3822 ἐν
3494 3771 3670 3822 ἅπασι
3710 3771 3772 3822 τὸ

2199 3864 2356 3931 νικᾷν
2395 3863 2532 3933 ἔχων
2556 3864 2716 3914 οἱονεὶ
2749 3861 3281 3932 συγκεκληρωμένυν
3312 3861 3491 3930 ἐαυτῷ
3516 3863 3609 3912 καὶ
3634 3861 3694 3926 Eu
3705 3880 3772 3928 μ-

2203 3953 2467 4020 πεφυκός.
2497 3939 2607 4005 Καὶ
2640 3951 2815 4005 ταῦτα
2847 3952 3063 4021 διῆλθον
3111 3950 3204 4003 ἐπὶ
3236 3951 3446 4020 μακρὸν
3494 3949 3641 4003 οὕτω
3682 3953 3776 4005 καὶ

2201 4047 2340 4096 κατὰ
2381 4045 2570 4113 μέρος,
2608 4044 2706 4114 οὐχ
2741 4043 2808 4096 ἵν’
2841 4044 3032 4112 ἐκείνῳ
3067 4043 3163 4096 καὶ¹
3193 4044 3305 4105 τοῖς
3357 4045 3566 4096 ἐκείνου
3595 4044 3775 4111 λόγοις

2201 4137 2424 4202 προσ-θῶ
2460 4153 2582 4188 τινα
2606 4136 2792 4201 δόξαν,
2819 4134 2895 4198 ὡς
2930 4135 2995 4188 ἂν
3029 4134 3291 4188 ὑπολάϐοι
3325 4152 3408 4196 τις
3430 4151 3444 4165 ⁸
3481 4137 3634 4188 ποῖον
3665 4137 3772 4204 γὰρ

2200 4230 2295 4297 οὐχ
2352 4227 2557 4295 ὑψηλὸν
2606 4227 2715 4279 τῶν
2752 4229 2966 4279 ἐκείνου
3023 4229 3119 4280 καὶ
3169 4227 3336 4292 θεῖον,
3387 4227 3462 4288 ὡς
3513 4227 3607 4279 καὶ
3648 4225 3770 4294 μεθ’

2205 4321 2508 4390 ὑπερϐολῆς
2543 4320 2774 4373 ’ἑκαστον
2817 4319 2946 4383 τούς
2986 4336 3045 4370 τε
3087 4317 3343 4386 λέγοντας
3375 4319 3492 4385 ἄμα
3531 4318 3776 4378 καὶτοὺς

2203 4413 2497 4475 ἀκούοντας
2549 4411 2695 4481 ἐχειν
2749 4410 3098 4482 ἐκπλήττειν,
3147 4409 3251 4462 κᾶν
3293 4408 3353 4461 τὸ
3408 4408 3775 4476 σμικρότατον

2203 4503 2262 4558 ὃν
2293 4505 2452 4575 τύχῃ,
2485 4503 2583 4556 καὶ
2615 4503 2723 4555 τῶν
2752 4504 2814 4555 ἐκ
2841 4503 3120 4572 παρέργου
3146 4503 3240 4554 καὶ
3268 4501 3342 4571 μὴ
3373 4502 3515 4554 κατὰ
3541 4501 3778 4570 σπουδὴν

533 4607 697 4668 σίαις,
730 4609 820 4659 καὶ
850 4609 916 4676 τῇ
974 4607 1094 4676 μετ’
1135 4607 1352 4676 ἐκείνην
1398 4609 1600 4679 ἡμέρᾳ,
1654 4610 1764 4663 τῶν
1804 4611 2100 4682 ὑπερφυῶν
2135 4592 2177 4645 ι)
2206 4595 2405 4664 ἐκείνῳ
2477 4593 2752 4662 ῥηθέντων
2806 4611 2866 4645 τε
2921 4593 3016 4646 καὶ
3077 4593 3468 4661 πραχθέντωνς
3524 4592 3639 4644 ἀλλ’
3689 4591 3779 4643 ἵνα·

534 4714 649 4764 σου,
683 4699 952 4762 Δέσποτα,
988 4699 1082 4752 καὶ
1116 4700 1320 4752 καινῶν
1348 4699 1554 4769 ἔργωνί
1589 4701 1878 4770 τηλαυγῶς
1918 4705 2101 4768 ἐξανί-

535 4809 728 4846 σταται
755 4791 1072 4861 καθορῶσα,
1103 4792 1345 4863 καθαρόν
1374 4811 1432 4845 τε
1469 4795 1563 4845 καὶ
1608 4794 1737 4861 ὑγιᾶ
1769 4796 1860 4847 τὸν
1900 4797 2103 4864 ὀφθαλ-

538 4887 637 4956 μὸν
667 4886 978 4955 κεκτημένη
1005 4885 1282 4952 καθάπαξ,
1318 4885 1392 4948 ὡς
1423 4887 1557 4956 μηδέ
1583 4887 1759 4940 δοκεῖν
1785 4889 1946 4941 αὑτὸν
1972 4892 2106 4942 ἁπε-

539 4977 799 5047 σόηκέναι
843 4979 996 5042 ποτὲ,
1043 4978 1139 5030 καὶ
1169 4977 1269 5046 τῆς
1301 4978 1443 5032 κατὰ
1476 4977 1640 5046 φύσιν
1689 4981 1967 5052 ἐνεργείας
2001 4983 2106 5036 κᾶν

540 5068 674 5142 πρὸς
702 5068 883 5136 ὀλίγον
914 5067 1288 5137 ἐπιλελῆσθαι.

621 5161 901 5222 Ἐνιαυτδς
947 5156 1015 5232 ἦν
1047 5159 1196 5229 αὑτῷ
1241 5162 1456 5229 παριὼν
1489 5164 1546 5215 ἐν
1575 5163 1787 5226 τούτοις
1838 5165 1979 5233 μετὰ
2008 5163 2108 5235 τὴν

539 5260 602 5312 ἐκ
631 5257 954 5322 Βυζαντίου,
986 5258 1150 5327 φημὶ,
1181 5258 1427 5322 κάθοδον,
1457 5259 1551 5310 καὶ
1580 5261 1700 5320 ταῖς
1728 5262 1948 5329 συχναῖς
1974 5263 2110 5314 ἀπο-

539 5349 761 5420 δημίαις
812 5349 909 5402 καὶ
964 5351 1076 5412 τοῖς
1115 5351 1447 5416 πειρασμοῖς
1499 5350 1594 5403 καὶ
1643 5353 1754 5411 τοῖς
1809 5352 2109 5415 ἀνενδότοις

543 5445 726 5506 πόνοις
757 5443 816 5496 τὸ
852 5443 1010 5512 σῶμα
1060 5442 1478 5511 κατεργασθεὶς,
1538 5445 1629 5495 καὶ
1685 5444 1888 5511 σφόδρα
1927 5445 2112 5498 ταλαι-

540 5535 825 5603 πωρήσας,
859 5533 1000 5597 νόσῳ
1042 5534 1365 5603 περιπίπτει
1416 5525 1562 5600 δεινῇ
1615 5532 1707 5582 καὶ
1735 5531 2069 5600 πολυημέρῳ
2094 5547 2108 5562 ·

541 5627 636 5680 καὶ
665 5625 864 5686 πάντες
918 5628 1017 5692 μὲν
1053 5623 1492 5693 ἀπαγορεύουσιν
1527 5623 1642 5690 ἅμα
1689 5623 1864 5688 τούτῳ
1901 5623 1960 5674 τὺ
1991 5623 2111 5694 ζῇν,

543 5722 674 5782 Θεὸς
708 5721 752 5772 δ’
783 5719 924 5788 ὑπὲρ
954 5718 1135 5778 πάσας
1187 5717 1409 5774 ἐλπίδας
1439 5715 1533 5768 κα)⁵
1578 5715 1736 5777 αὖθις
1766 5714 1924 5767 τοῦτο
1954 5714 2112 5785 χαρί-

2207 4687 2501 4742 κὰντεῦθεν
2522 4687 2581 4738 τὸ
2607 4687 2704 4753 τῆς
2730 4685 3008 4752 θεολογίας
3038 4685 3367 4755 ὑψηλότερόν
3392 4702 3450 4738 τε
3476 4687 3571 4738 καὶ
3602 4686 3783 4751 ἀσφα-

2205 4778 2463 4831 λέστατον
2495 4779 2606 4842 τοῖς
2641 4776 2899 4843 ἀγνοοῦσι
2934 4775 3208 4846 διαδειχθῇ
3243 4776 3338 4828 τοῦ
3377 4777 3590 4846 ἀνδρὸς,
3631 4778 3781 4839 ὅπως

2207 4888 2266 4922 τε
2297 4871 2364 4922 τὰ
2395 4870 2605 4922 ἐκείνου
2645 4869 2914 4938 σύμφωνα
2953 4869 3134 4922 πάντα
3161 4871 3273 4934 τοῖς
3305 4869 3688 4932 ἀποστολικοῖς
3718 4888 3779 4922 τε

2210 4963 2305 5014 καὶ
2341 4963 2638 5031 Πατρικοῖς
2670 4961 2911 5031 δόγμασι
2949 4962 3039 5014 διὰ
3074 4961 3328 5013 πάντωνο
3362 4963 3455 5013 καὶ
3474 4963 3555 5014 ὅτι
3579 4979 3782 5030 μοναρ-

2211 5057 2334 5125 χίας
2391 5056 2486 5108 καὶ
2539 5055 2670 5123 μιᾶς
2726 5054 3158 5123 τρισυποστάτου
3216 5053 3312 5106 καὶ
3368 5053 3780 5122 παντοδυνάμου

2212 5151 2461 5219 θεότητος
2486 5151 2543 5202 ἐν
2574 5146 2745 5201 ἅπασι
2774 5146 2870 5199 καὶ
2896 5144 3033 5216 πρὸς
3057 5146 3265 5208 πάντας
3294 5145 3570 5212 πανταχοῦ
3606 5143 3783 5212 κῆρυξ

2212 5243 2439 5306 ἐκεῖνος,
2496 5241 2612 5294 ἀλλ’
2657 5241 2778 5310 οὐχὶ
2834 5239 3170 5309 πολυαρχίας
3222 5255 3283 5290 τε
3335 5238 3432 5289 καὶ
3492 5237 3782 5298 πολυθεῖτς

2213 5334 2354 5388 κατᾶ
2388 5334 2513 5395 τοὺς
2543 5330 2837 5392 πολυθέους
2871 5329 3114 5390 ἐκείνους
3154 5327 3324 5389 ὅντως
3355 5327 3449 5380 καὶ
3479 5325 3784 5394 λατρευτάς

2212 5428 2322 5481 τῶν
2352 5426 2504 5479 ἰδεῶν
2526 5443 2586 5478 τε
2624 5423 2718 5477 καὶ
2751 5424 2859 5476 τῶν
2896 5421 3230 5490 κτισμάτων,
3263 5419 3357 5472 καὶ
3388 5419 3489 5485 τῆς
3523 5418 3782 5486 ἀληθινῆς

2213 5521 2472 5591 λατρείας
2498 5537 2557 5571 τε
2590 5517 2683 5571 καὶ
2716 5516 2964 5583 θεότητος
3001 5511 3284 5581 ὑϐριστὰς,
3323 5509 3417 5573 οὓς
3449 5509 3543 5561 καὶ
3572 5507 3786 5578 φθάσας

2215 5621 2242 5671 ό
2272 5615 2431 5683 λόγος
2479 5613 2578 5685 ῆδη
2612 5612 2680 5666 δι’
2710 5612 2923 5664 ἐκείνου
2980 5609 3072 5660 καὶ
3122 5607 3219 5658 σὺν
3278 5605 3473 5673 ἐκείνῳ
3522 5605 3784 5666 πολλάκις

2219 5707 2552 5778 ἐξήλεγξενο
2600 5705 2725 5758 ἐπεὶ
2771 5703 2907 5774 μηδὲ
2947 5700 3121 5760 ἄλλως
3179 5697 3349 5767 ἐχρῆν
3397 5699 3523 5766 σιγῇ
3579 5715 3639 5750 τε
3693 5699 3790 5751 καὶ

546 5813 718 5876 ζεται,
753 5813 888 5880 πρές
922 5809 1139 5877 ἀγῶνας
1171 5809 1264 5862 καὶ
1297 5808 1457 5862 πάλιν
1499 5807 1719 5875 ἐτέρους
1753 5809 1846 5860 καὶ
1881 5807 2114 5876 δρόμους
2219 5803 2358 5873 λήθῃ
2389 5803 2457 5854 τά
2486 5799 2712 5852 τοιαῦτα
2743 5795 3140 5867 παραδοθῆναι.
3177 5791 3480 5861 μυστήριον
3505 5791 3787 5855 εὐσεϐείας

550 5908 643 5958 καὶ
680 5903 1029 5971 παλαίσματα
1083 5899 1520 5969 παρασκευάζων
1560 5899 1648 5950 τὶν
1696 5899 1933 5968 ἀθλητήν
1961 5912 1974 5928 ⁸
2019 5901 2113 5952 καὶ

2221 5897 2479 5966 ἄντικρυς
2519 5893 2668 5958 ὄντα,
2723 5889 2816 5943 καὶ
2857 5888 2950 5942 τοῦ
2997 5886 3118 5941 καθ’
3147 5887 3292 5958 ἡμᾶς
3346 5883 3493 5955 ἱεροῦ
3541 5884 3700 5952 λόγου
3727 5901 3790 5938 τε
