4082 6434
301 387 312 391 ~
405 359 511 422 627

1679 380 2063 443 GREGOBII
2100 383 2429 446 PALAWE

3577 393 3684 458 628

401 481 496 585 καὶ
528 481 625 554 τῆς
655 483 896 552 πίστεως
926 488 1089 560 μέρος
1125 491 1185 544 οὐ
1211 491 1692 585 τδ-σμικρότατον.
1733 497 1877 553 Ἀλλ’
1899 499 1994 553 ἐπὶ
2019 503 2072 562 Δ
2099 502 2338 572 εὐλαϐής
2388 522 2444 558 τε
2482 506 2574 559 καὶ
2617 507 2837 573 συνετὸς
2881 509 2979 574 ῶν,
3014 509 3106 563 καὶ
3156 509 3233 581 τῷ
3271 512 3411 584 ἀγίῳ
3442 515 3676 585 συνήθης

398 575 461 626 τὸ
496 578 866 648 προκείμενον
897 582 1214 652 ἐπανίωμεν
1239 580 1417 647 αὖθις.
1458 597 1466 603 “

491 667 770 735 Ἑνιαυτὸς
812 671 934 734 ὅλος
985 675 1187 744 ἤνυστο
1235 676 1579 748 τῷιγενναίῳ
1635 681 1988 752 αίχμαλωσίᾳ

399 775 463 810 τε
505 759 597 810 καὶ
628 764 744 822 τοῖς
770 765 869 832 τῆς
901 766 1283 835 αἰχμαλωσίας
1315 770 1514 832 δεινοῖς
1560 773 1987 842 προσταλαιπω-

401 849 583 916 ροῦντι
609 869 624 883 ο
654 855 748 908 καὶ
777 854 874 908 νῦν
919 859 1020 926 μὲν
1050 861 1182 922 τούς
1231 862 1480 925 εὐσεϐεῖς
1521 865 1659 935 1:96;
1705 865 1984 938 ὑπομονὴν

396 944 758 1014 ὐπαλείφοντι
819 953 914 1003 καὶ
970 955 1199 1022 ἀνδρίαν
1260 956 1357 1010 καὶ
1407 957 1514 1026 τῆς
1567 959 1737 1028 ἄλλης
1803 963 1984 1030 πάσης

393 1039 600 1107 ἀρετῆς
631 1041 891 1110 ἄσκησιν,
949 1045 1014 1114 τῇ
1047 1061 1107 1097 τε
1153 1046 1264 1100 τῶν
1296 1048 1606 1116 μελλόντων
1658 1051 1857 1114 ἐλπίδι,
1887 1053 1983 1104 καὶ

395 1131 637 1197 μάλιστα
671 1131 748 1200 τῷ
777 1134 902 1186 καθ’
954 1136 1148 1189 ἑαυτὸν
1192 1138 1594 1210 ὑποδείγματι·
1625 1145 1722 1197 νῦν
1765 1144 1822 1198 δὲ
1856 1143 1986 1206 τοὺς

391 1222 615 1283 ἀσεϐεῖς
645 1223 1008 1294 ἐξελέγχοντι,
1052 1229 1150 1282 καὶ
1195 1230 1255 1284 τδ
1285 1234 1588 1304 μυστήριον
1619 1237 1680 1289 τὸ
1703 1235 1801 1306 τῆς
1845 1237 1986 1290 πλά-

393 1330 493 1383 νης
525 1315 615 1368 διὰ
663 1316 874 1370 πολλῶν
905 1319 1052 1388 μάλα
1079 1319 1349 1393 λαμπρῶς
1395 1324 1812 1397 θριαμϐεύοντι,
1844 1329 1913 1382 δι’
1947 1330 1984 1384 ἃ

393 1404 569 1474 δήπου
608 1408 703 1460 καὶ
729 1410 948 1478 πληγὰς
971 1411 1276 1482 ὑπομείνας
1304 1414 1600 1487 διαφόρους
1625 1420 1720 1472 καὶ
1749 1419 1982 1490 θλίψεις,

393 1498 540 1552 καθά
572 1499 637 1569 δὴ
672 1501 766 1552 καὶ
809 1502 916 1571 1:96
940 1501 1174 1575 βραχέος
1197 1505 1336 1577 ἔφθη
1367 1507 1548 1572 δείξας
1575 1510 1602 1562 6
1633 1510 1811 1579 λόγος,
1844 1513 1985 1582 μάρ-

393 1605 494 1652 τυς
522 1590 868 1659 ἀναίμακτος
901 1596 998 1647 καὶ
1042 1597 1144 1667 τῆς
1173 1598 1460 1664 εὐσεϐείας
1504 1600 1760 1672 λαμπρὸς
1814 1603 1984 1675 ἀθλη-

395 1681 497 1754 τὴς
533 1679 625 1754 ἦν.
655 1685 778 1739 Τῶν
809 1687 866 1740 δὲ
897 1689 1098 1744 κοινῶν
1122 1692 1471 1762 πραγμάτων
1494 1693 1686 1764 ῶσπερ
1708 1696 1768 1750 ἐν
1799 1696 1984 1751 κύϐων

397 1777 664 1844 στροφαῖς
721 1776 880 1842 αὖθις
938 1785 1368 1850 μεταπεσόντων
1436 1787 1755 1856 Ῥωμαίοις,
1815 1808 1983 1861 μετα-

394 1864 560 1936 ϐολῆς
595 1885 655 1922 τε
714 1846 1170 1947 προσγενομένης
1213 1877 1332 1946 ἅμα
1368 1881 1432 1948 τῇ
1488 1846 1754 1953 βασιλεία
1791 1846 1884 1937 καὶ
1913 1887 1980 1956 τῇ
2015 1846 2058 1900 Β

393 1960 550 2029 κοινῇ
599 1959 925 2036 Ἐκκλησία,
983 1969 1078 2019 καὶ
1128 1968 1241 2022 τῶν
1296 1971 1506 2041 σφόδρα
1564 1974 1986 2040 σπουδαζόντων

395 2049 540 2121 ὺπέρ
566 2055 666 2124 τῆς
704 2055 1024 2128 ἐλευθερίας
1063 2060 1278 2115 ἐκείνου
1327 2063 1522 2130 πόρῤω
1556 2069 1861 2134 γεγονότων
1886 2068 1984 2136 τῆς

393 2144 574 2215 ἀρχῆς
617 2146 718 2218 ἤδη
752 2150 847 2204 καὶ
891 2150 991 2230 τῆς
1037 2153 1147 2206 τῶν
1183 2155 1384 2208 κοινῶν
1425 2159 1786 2223 πρυτανείας,
1833 2177 1986 2229 τηνι-

391 2237 572 2292 καῦτα
622 2241 778 2311 παρὰ
829 2244 1012 2308 πάσας
1053 2245 1277 2313 ἐλπίδας
1321 2249 1511 2304 λύεται
1549 2251 1648 2322 τῆς
1697 2253 1986 2322 αίχμαλω-

391 2329 550 2398 σίας,
616 2332 708 2386 ὅτε
779 2338 873 2390 καὶ
919 2337 987 2390 τά
1052 2338 1162 2392 τῶν
1231 2341 1464 2396 ἐλπίδων
1509 2344 1692 2397 αὐτῶν
1746 2346 1985 2400 είσάπαν

390 2423 589 2496 ἐρρύη,
621 2427 756 2480 Θεοῦ
785 2433 1140 2501 κεκινηκότπ
1177 2433 1235 2498 ἐξ
1265 2435 1564 2506 ὑπερορίας
1586 2436 1810 2506 δυτικῆς
1851 2439 1982 2510 Τρι-

390 2519 626 2583 ϐαλλούς
672 2523 894 2593 τιναςῆ
940 2525 1251 2595 Δαλμάτας,
1298 2529 1499 2599 ἀνδρας
1557 2530 1758 2594 καλοὺς
1807 2535 1983 2599 κὰγα-

390 2609 544 2680 θοὺς,
604 2615 700 2668 καὶ
739 2615 882 2685 ὑπὲρ
934 2616 996 2669 τὸ
1047 2621 1313 2691 σφέτερον
1357 2621 1540 2674 αὐτῶν
1577 2625 1754 2692 γένος,
1804 2626 1856 2678 οἱ
1886 2628 1980 2678 καὶ

389 2705 680 2778 πόρρωθεν
711 2709 889 2776 ὄντες,
937 2713 1010 2766 τά
1038 2730 1098 2766 τε
1149 2715 1416 2784 χρήματα
1461 2715 1705 2786 δαψιλῶς
1741 2718 1982 2770 κατεϐά-

387 2798 548 2854 λοντο
595 2804 707 2867 τοῖς
755 2803 1080 2876 βαρϐάροις,
1121 2810 1215 2861 καὶ
1255 2808 1348 2862 τὸν
1395 2809 1554 2878 ἅγιον
1608 2810 1976 2872 ἀνεσώσαντο,

391 2892 464 2948 Iv’
491 2894 577 2966 τίη
615 2895 711 2949 και
737 2897 898 2951 τοῦτο
925 2899 1185 2970 καθαρῶς
1211 2900 1324 2954 τῶν
1354 2903 1482 2972 περὶ
1525 2902 1692 2958 αὐτὸν
1717 2903 1814 2957 τοῦ
1839 2903 1978 2958 Θεοῦ

391 2985 718 3058 θαυμάτων,
747 2987 842 3043 τοῦ
871 2989 1048 3044 πάντα
1081 2993 1223 3046 κατά
1251 2992 1315 3046 τδ
1352 2995 1649 3066 είρημένον
1693 2994 1980 3059 ποιοῦντός

395 3095 456 3137 τε
496 3080 593 3133 καὶ
624 3081 1136 3150 μετασκευάζοντος
1169 3084 1319 3155 μόνῳ
1345 3086 1424 3156 τῷ
1457 3086 1772 3156 βούλεσθαι.

2092 589 2183 663 ἦν,
2216 600 2310 649 καὶ
2337 597 2520 650 πυκνά
2554 599 2690 669 πρὸς
2732 601 2895 655 αὐτὸν
2921 602 3136 672 ἐφοίτα,
3164 605 3260 658 καὶ
3292 605 3399 658 τῶν
3433 607 3678 676 ποτίμων

2091 684 2192 752 τῆς
2218 686 2467 757 γλώττης
2507 689 2674 742 αὐτοῦ
2731 695 2949 762 μετεῖχε
3006 696 3294 765 ῥευμάτων
3344 696 3533 765 ἡδέως.
3567 698 3678 765 Τῆς

2089 777 2146 829 δὲ
2215 778 2543 848 δεσποτικῆς
2595 781 3093 853 Μεταμορφώσεώς
3159 804 3292 840 ποτε
3349 788 3681 857 τελουμένης

2091 869 2300 933 αὐτοῖς,
2341 871 2416 933 ὡς
2447 871 2594 936 ἐθος,
2618 873 2741 926 καθ’
2766 875 2836 944 ἢν
2863 875 2973 945 ἀρα
3001 878 3094 930 καὶ
3126 877 3218 932 τὸν
3248 879 3558 950 Πορφύριον
3583 880 3679 932 καὶ

2091 962 2535 1027 διανυκτερεύειν
2566 966 2665 1020 σὺν
2693 970 2806 1030 τοῖς
2841 969 3049 1031 λοιποῖς
3103 975 3360 1042 μοναχοῖς
3417 973 3548 1038 ἔδει,
3580 974 3676 1025 καὶ

2091 1055 2382 1124 ἱερατικῶς
2432 1057 2914 1127 ἐξυπηρετεῖσθαι,
2964 1061 3162 1132 ἀθρόον
3201 1063 3361 1134 ὀδύνη
3407 1081 3492 1126 τις
3528 1063 3677 1132 αὐτῷ

2090 1147 2232 1200 κατά
2260 1147 2361 1216 τὴν
2387 1148 2674 1219 εὐώνυμον
2717 1151 2962 1222 πλευρὰν
3011 1155 3419 1224 προσϐαλοῦσα,
3455 1158 3548 1210 καὶ
3577 1159 3676 1221 τῆς

2092 1240 2245 1309 ἱερᾶς
2276 1241 2586 1310 ὑπηρεσίας
2630 1245 2723 1296 καὶ
2753 1247 2854 1315 τῆς
2897 1246 3211 1315 ἀγρυπνίας
3261 1248 3418 1316 όμοῦ,
3456 1249 3678 1315 καὶτῆς

2088 1333 2148 1383 ἐν
2181 1332 2258 1401 τῷ
2285 1333 2398 1402 ναῷ
2427 1334 2670 1398 στάσεως
2703 1337 2908 1388 ἐκεῖνον
2947 1337 3172 1408 ἀπεῖρξε
3205 1355 3219 1369 ο
3260 1340 3458 1409 μᾶλλον
3489 1341 3545 1393 δὲ
3579 1342 3677 1411 τὴν

2091 1423 2193 1492 μὲν
2225 1425 2380 1494 ἱερὰν
2403 1427 2658 1492 ἀφείλετο
2690 1427 2912 1499 τελετὴν
2935 1432 3030 1484 καὶ
3051 1431 3151 1500 τὴν
3183 1431 3240 1484 ἐν
3270 1432 3347 1501 τῷ
3372 1433 3486 1502 ναῷ
3509 1451 3679 1504 προσ-

2088 1516 2328 1586 εδρείαν,
2370 1520 2436 1588 τῇ
2479 1518 2526 1570 δ’
2555 1518 2836 1590 ἀγρυπνίᾳ
2886 1522 2983 1574 καὶ
3041 1522 3355 1594 προσέθηκε
3405 1525 3674 1589 πλεῖστον,

2086 1604 2163 1668 ὡς
2197 1607 2330 1676 μηδὲ
2378 1611 2687 1677 συγχωρεῖν
2717 1611 2810 1662 ἐπὶ
2847 1611 3039 1680 κλίνης
3090 1613 3412 1667 ἀνακεῖσθαι
3453 1615 3675 1677 τελείως

2087 1699 2166 1769 τῷ
2199 1700 2416 1771 σφοδρῷ
2464 1703 2560 1755 καὶ
2595 1703 2820 1774 ἀκμαίῳ
2851 1704 2944 1758 τοῦ
2994 1707 3226 1771 πάθους.
3267 1709 3331 1761 Ἦ
3360 1709 3455 1775 νὺξ
3491 1709 3673 1777 ἐκείνη

2089 1792 2318 1863 παρῄει,
2347 1795 2439 1846 καὶ
2473 1795 2540 1848 τὰ
2572 1795 2670 1865 τῆς
2707 1797 2902 1866 ὀδύνης
2931 1799 3206 1852 οὐδοτιοῦν
3239 1800 3474 1854 ἐνεδίδου
3501 1817 3514 1832 ·
3548 1803 3673 1853 ἐπεὶ

2086 1882 2131 1935 δ’
2159 1887 2188 1937 6
2215 1885 2326 1937 τῶν
2369 1886 2692 1956 μυστηρίων
2740 1889 2934 1958 καιρὸς
2976 1889 3240 1961 προσιὼν,
3281 1892 3374 1944 τὸν
3405 1893 3674 1961 ἀρχιερέα

2087 1972 2184 2027 τοῦ
2227 1975 2364 2028 Θεοῦ
2396 1978 2532 2046 πρὸς
2557 1978 2871 2050 ἱερουργίαν
2920 1982 3128 2048 ἐκάλει,
3176 1983 3270 2036 καὶ
3296 1983 3324 2035 6
3362 1982 3674 2053 Πορφύριος

2087 2065 2166 2129 ὡς
2197 2062 2344 2137 εῖχεν
2375 2068 2538 2132 εὐθὺς
2571 2069 2649 2140 τῷ
2677 2071 2769 2124 τοῦ
2811 2073 3065 2142 σεμνείου
3102 2074 3484 2144 παρεπόμενος
3515 2092 3675 2145 προε-

2089 2159 2279 2225 στῶτι,
2338 2163 2415 2222 εἱς
2455 2162 2582 2224 τοὺς
2631 2161 2724 2214 ὐπ’
2760 2163 2970 2216 ἐκεῖνον
3025 2166 3357 2230 ἐπισκόπους
3402 2166 3669 2231 τελοῦντι,

2086 2251 2182 2304 καὶ
2215 2255 2628 2322 συνιερουργεῖν
2675 2255 3143 2327 προσκεκλημένῳ
3173 2257 3445 2328 συνήθως,
3475 2257 3575 2326 τῆς
3609 2273 3670 2309 τε

2093 2345 2366 2413 μυστικῆς
2396 2347 2713 2418 ἱερουργίας
2743 2348 2989 2418 ἐπόπτης
3016 2349 3228 2417 γίνεται
3253 2352 3345 2403 καὶ
3373 2351 3666 2418 ἀκροατὴς.

2086 2433 2259 2499 ἐστὼς
2295 2433 2462 2488 αὐτοῦ
2512 2453 2617 2489 που
2649 2437 2804 2507 παρά
2850 2438 2927 2506 τῷ
2964 2437 3098 2508 ἱερῷ
3146 2439 3537 2508 θυσιαστηρίῳ,
3573 2440 3670 2493 καὶ

2083 2527 2196 2580 τῶν
2243 2528 2524 2597 μυστικῶν
2572 2529 2976 2594 τελεσθέντων,
3035 2529 3320 2599 πρόσεισιν
3373 2530 3535 2592 εὐθὺς
3589 2530 3668 2599 τῷ

2084 2618 2250 2688 ἁγίῳ,
2286 2618 2390 2687 τήν
2423 2635 2481 2671 τε
2519 2618 2818 2682 πιέζουσαν
2846 2618 3126 2689 ὀδυνηρῶς
3162 2619 3524 2688 ἀπαγγέλλων
3549 2619 3668 2672 ὀδύσ-

2085 2727 2202 2779 νην,
2241 2711 2336 2762 καὶ
2365 2709 2463 2779 τὴν
2513 2709 2811 2779 θεραπείαν
2855 2711 2930 2774 ὡς
2955 2712 3194 2781 τάχιστα
3239 2713 3328 2764 διὰ
3360 2711 3457 2780 τῆς
3500 2710 3664 2764 αὐτοῦ

2088 2802 2274 2871 χεῖράς
2300 2817 2359 2853 τε
2385 2804 2480 2855 καὶ
2519 2803 2622 2872 τῆς
2662 2803 2828 2872 εὐχῆς
2859 2803 3112 2868 ἐξαιτῶν.
3171 2805 3229 2858 Ὁ
3248 2805 3304 2857 δὲ
3336 2805 3528 2875 πρῶτα
3567 2804 3667 2872 μὲν

2084 2894 2436 2956 ἀνεϐάλλετο,
2465 2894 2556 2948 καὶ
2582 2894 2682 2965 τὴν
2703 2895 2929 2960 ἀξίωσιν
2957 2895 3203 2959 εὐλαϐῶς
3234 2897 3502 2958 διωθεῖτο,
3535 2896 3666 2966 μηδὲ

2083 2987 2408 3056 δεδυνῆσθαι
2465 2987 2772 3057 διενεργεῖν
2829 2989 2996 3051 αὐτὸς
3041 2988 3112 3041 τὰ
3166 2988 3395 3042 τοιαῦτα
3451 2987 3660 3054 λέγων,

2085 3078 2223 3148 μηδὲ
2255 3077 2518 3141 τοιαύτας
2569 3078 2659 3132 τὸν
2694 3079 3004 3150 Πορφύριον
3035 3079 3181 3149 ἔχειν
3226 3081 3326 3142 τάς
3369 3079 3666 3149 ὑπολήψεις

479 3171 570 3225 Ἑν
609 3171 666 3225 δέ
694 3174 762 3244 τῇ
803 3173 914 3227 τῶν
955 3175 1165 3229 πόλεων
1201 3176 1442 3247 βασιλίδι
1471 3179 1765 3250 γενόμενος
1795 3178 1975 3246 αὖθις,
2009 3188 2053 3246 C
2084 3168 2412 3238 περῖάὖτοῦ
2463 3169 2632 3234 ἀξιῶν
2658 3188 2673 3204 ⁶
2705 3171 2779 3232 ὡς
2818 3171 2864 3224 δ’
2894 3173 3102 3234 ἐκεῖνος
3158 3173 3412 3226 ἐπέκειτο
3463 3170 3664 3238 μᾶλλον

389 3264 484 3317 τόν
515 3281 575 3317 τε
601 3263 741 3335 1:96;
786 3264 1052 3330 Λατίνους
1085 3268 1215 3338 περὶ
1267 3270 1366 3341 τῆς
1404 3270 1502 3324 τοῦ
1537 3271 1686 3326 θείου
1720 3273 1979 3344 Πνεύμα-

387 3375 484 3422 τος
511 3357 899 3425 ἐκπορεύσεως
932 3361 988 3413 ἐν
1020 3359 1251 3430 βιϐλίοις
1291 3361 1414 3418 δυσὶ
1457 3365 1791 3436 θαυμαστῶς
1833 3367 1978 3420 ἐκδί-

387 3451 528 3504 δωσι
551 3449 943 3520 λόγον,ῗκαινόν
959 3470 1082 3508 τινα
1105 3456 1200 3509 καὶ
1219 3455 1496 3528 ὑπερφυᾶ,
1519 3457 1616 3510 καὶ
1636 3451 1750 3510 οἷον
1764 3456 1979 3511 οὐδέπω

389 3541 661 3614 πρότερον
693 3544 834 3612 ὐπέρ
884 3543 994 3597 τῶν
1025 3547 1285 3600 τοιούτων
1317 3549 1350 3618 ἡ
1391 3547 1515 3601 καθ’
1546 3549 1694 3618 ἡμᾶς
1730 3548 1978 3619 ἑώρακεν

403 3633 706 3702 Ἐκκλησία
725 3650 740 3665 ο
768 3635 971 3705 μᾶλλον
991 3635 1061 3699 δ’,
1101 3636 1169 3690 ἵν’
1191 3639 1330 3693 εἴπω
1361 3640 1618 3709 τάληθὲς,
1641 3641 1745 3708 ἔξω
1775 3642 1980 3704 παντὸς

387 3725 864 3795 προκαλύμματός
891 3743 949 3779 τε
969 3730 1063 3782 καὶ
1085 3732 1456 3798 προσωπείου,
1487 3727 1601 3785 οἷον
1614 3735 1736 3796 τοὺς
1758 3733 1865 3802 1:96
1880 3733 1980 3784 αὐ-

389 3819 487 3872 τοῦ
523 3818 663 3890 πρὸς
696 3821 961 3884 Λατίνους
1001 3821 1139 3890 ὁμοῦ
1180 3824 1392 3887 πάντας
1434 3824 1660 3879 παιδιάν
1693 3825 1978 3889 ἀποδεῖξαι

387 3910 488 3964 καὶ
547 3912 850 3983 πρόσχημα
907 3913 1218 3978 διαλέξεως.
1256 3911 1447 3970 Ταῦτά
1489 3932 1551 3968 τε
1604 3917 1786 3970 τοίνυν
1833 3919 1980 3972 οὕτω

390 4003 729 4072 θαυμαστῶς
774 4007 870 4058 καὶ
928 4005 1102 4071 ἀξίως
1153 4007 1460 4078 ἐξενεγκὼν
1499 4001 1696 4064 ἐαυτοῦ
1746 4013 1841 4064 καὶ
1882 4013 1979 4067 τοῦ

389 4096 689 4160 λαλοῦντος
723 4099 780 4150 ἐν
803 4099 954 4167 αὐτῷ
979 4099 1120 4153 Πνεύ
1129 4117 1320 4170 ματος,
1349 4104 1444 4155 καὶ
1465 4102 1574 4156 τῶν
1596 4103 1812 4157 ὀπαδῶν
1840 4105 1980 4175 Βαρ-

387 4187 542 4259 λαάμ
569 4204 627 4240 τε
651 4188 747 4240 καὶ
779 4186 1112 4256 Ἀκινδύνου,
1143 4191 1256 4253 τοῖς
1283 4190 1363 4244 ἔτι
1387 4192 1661 4262 περιοῦσι,
1688 4194 1783 4258 τάς
1818 4196 1980 4265 ἐσχά-

390 4296 494 4344 τας
527 4279 692 4332 οίονεὶ
727 4279 944 4350 πληγάς
974 4279 1250 4346 δεδωκὼς,
1277 4283 1336 4336 έν
1365 4299 1424 4336 τε
1459 4284 1639 4353 λόγοις
1671 4286 1767 4340 καὶ
1797 4288 1982 4358 γράμ-

394 4389 530 4440 μασι
581 4369 678 4424 καὶ
727 4371 1002 4440 διαλόγοις
1037 4372 1514 4444 αὐτοπροσὼποις,
1569 4377 1662 4430 καὶ
1713 4376 1982 4445 βασιλέως

391 4464 561 4517 αὐτοῦ
597 4465 689 4517 καὶ
723 4463 935 4517 πολλῶν
972 4464 1080 4518 τῶν
1110 4465 1167 4518 ἐν
1193 4466 1338 4519 τέλει
1374 4470 1677 4537 παρόντων,
1704 4469 1780 4534 ῶς
1811 4471 1980 4540 μηδὲν

2081 3261 2180 3329 τὴν
2239 3261 2396 3330 ἱερὰν
2431 3262 2710 3331 ἐπιζητῶν
2763 3264 2862 3330 τῆς
2899 3264 3079 3334 χειρὸς
3128 3265 3342 3317 ἐκείνου
3396 3265 3666 3334 σφραγῖδα

2082 3355 2176 3405 καὶ
2219 3353 2319 3423 τὴν
2375 3356 2565 3425 εὐχὴν,
2599 3359 2665 3426 τῇ
2724 3357 2818 3409 τοῦ
2869 3359 3172 3428 πάσχοντος
3217 3359 3245 3409 ὀ
3296 3358 3470 3425 μέγας
3517 3355 3666 3419 εἴξας

2081 3447 2323 3520 ἀνάγκῃ,
2385 3448 2511 3512 τοὺς
2552 3450 2651 3518 μὲν
2707 3449 3023 3524 ὀφθαλμοὺς
3069 3451 3206 3520 πρὸς
3265 3448 3520 3518 Χριστὸν,
3566 3447 3664 3515 τὴν

2081 3541 2138 3594 δέ
2192 3543 2354 3612 χεῖρα
2399 3545 2465 3613 τῇ
2501 3542 2595 3594 τοῦ
2647 3545 3028 3614 πρεσϐυτέρου
3077 3545 3290 3613 πλευρᾷ
3354 3541 3666 3611 σταυρικῶς

2081 3632 2318 3696 ἐπιθεὶς,
2349 3632 2420 3685 τὰ
2465 3633 2558 3685 τοῦ
2590 3633 2736 3687 θείου
2777 3635 2874 3687 καὶ
2924 3634 3071 3703 ἱεροῦ
3107 3635 3300 3704 μέλους
3335 3633 3542 3685 ἐκείνου
3573 3647 3667 3681 πε-

2085 3725 2340 3797 ριπαθῶς
2390 3726 2588 3794 ἔλεγε·
2639 3745 2658 3778 ι
2724 3727 3160 3798 Σταυρούμενος.
3231 3726 3500 3785 Δέσποτα,
3555 3725 3666 3784 τοῖς

2087 3820 2187 3890 μὲν
2217 3821 2369 3888 ἥλοις
2414 3819 2520 3889 τὴν
2563 3820 2705 3889 ἀρὰν
2738 3820 2836 3890 τὴν
2870 3819 2992 3872 καθ’
3037 3819 3196 3888 ἡμῶν
3245 3816 3554 3886 ὲξήλειψας,
3599 3816 3664 3884 τῇ

2081 3912 2139 3966 δέ
2168 3911 2340 3984 λόγχῃ
2367 3914 2694 3980 νυττόμενος
2719 3913 2818 3980 τὴν
2849 3912 3117 3982 πλευρὰν,
3167 3911 3342 3979 Ἀδὰμ
3388 3909 3450 3962 τὸ
3485 3909 3667 3978 12:96-

2082 4018 2300 4071 γραφον
2349 4001 2675 4075 διαρρήξας,
2739 4004 2831 4055 τὸν
2896 4003 3100 4072 κόσμον
3164 4001 3586 4072 ἡλευθέρωσας·
3643 4019 3660 4051 ι

2085 4088 2226 4160 εἷτα,
2260 4095 2356 4148 καὶ
2393 4095 2455 4147 1:6
2493 4095 2588 4147 τοῦ
2640 4096 2947 4163 κορυφαίου
2985 4095 3096 4148 τῶν
3141 4094 3458 4147 ἀποστόλων
3491 4095 3666 4144 ἐκεῖνο

2084 4187 2224 4254 πρὸς
2275 4188 2367 4241 τὸν
2419 4187 2735 4258 παράλυτον
2772 4187 3045 4253 ἐπειπὼν,
3087 4189 3172 4251 τὸ,
3206 4204 3224 4238 ι
3249 4188 3414 4240 ’ἰᾶταί
3463 4203 3521 4238 σε
3565 4185 3667 4254 Ἰη-

2085 4279 2213 4342 σοῦς
2254 4281 2282 4332 ό
2321 4281 2578 4349 Χριστὸς,
2621 4305 2640 4332 ο
2693 4279 2796 4348 τῆς
2842 4282 3046 4350 πικρᾶς
3099 4279 3294 4350 ὀδύνης
3351 4279 3567 4347 ἐκείνης
3603 4279 3665 4330 οὐ

2086 4372 2250 4440 σχολῇ
2287 4371 2386 4423 καὶ
2424 4370 2566 4424 κατά
2600 4373 2819 4442 μικρὸν,
2854 4372 2992 4426 ἀλλά
3038 4373 3262 4436 τελείως
3299 4371 3461 4434 εὐθὺς
3495 4371 3670 4424 ἀπαλ-

2084 4462 2272 4517 λάττει
2301 4464 2395 4516 τὶν
2452 4467 2731 4536 πάσχοντα
2773 4465 2851 4528 ὡς
2885 4467 2979 4518 καὶ
3033 4465 3171 4536 1:96;
3225 4465 3326 4534 τὴν
3373 4463 3553 4516 οἰκίαν
3609 4481 3667 4515 τε

389 4553 555 4629 ἦττον
605 4555 770 4609 αὐτὸν
807 4555 956 4626 παρά
1009 4557 1229 4611 πάντων
1268 4557 1654 4628 θαυμασθῆναι
1702 4564 1806 4616 κάν
1849 4562 1975 4615 τού-
2011 4576 2054 4630 ο
2083 4559 2177 4609 καὶ
2207 4557 2268 4608 τὸ
2327 4561 2724 4627 φροντιστήρον
2767 4559 2890 4612 ὅλον
2938 4558 3069 4627 ὑγιᾶ
3109 4574 3168 4610 τε
3219 4557 3314 4611 καὶ
3354 4557 3667 4627 ἐρρωμένον

388 4667 526 4712 τοις,
574 4649 654 4711 είς
700 4647 1106 4718 Θεσσαλονίκην
1149 4649 1249 4719 τὴν
1303 4649 1442 4703 ίδίαν
1495 4653 1832 4724 ὑποστρέφει
1885 4656 1981 4708 καὶ⁵

390 4742 576 4808 αὐθις,
613 4742 857 4811 διψῶσάν
885 4759 1002 4805 πως
1032 4741 1096 4795 ἂν
1125 4741 1300 4804 εἴποις
1320 4743 1510 4796 τοῦτόν
1533 4763 1590 4797 τε
1628 4749 1722 4800 καὶ
1759 4747 1826 4800 τά
1852 4747 1978 4800 τού-

390 4852 510 4900 του,
550 4833 646 4886 καὶ
687 4834 932 4903 σφοδρῶς
985 4835 1353 4906 ἐκκαιομένην
1381 4835 1460 4906 τῷ
1506 4839 1677 4907 πόθῳ.
1720 4838 1874 4892 Ἐπεὶ
1921 4839 1979 4893 δὲ

392 4929 487 4980 καὶ
534 4923 748 4980 ὑδάτων
797 4926 908 4980 τῶν
957 4927 1166 4982 ἄνωθεν
1217 4929 1492 5000 αίσθητῶς
1539 4931 1782 5000 διψῶσαν
1827 4933 1982 4986 οὐδὲν

390 5013 556 5089 ἧττον
588 5019 760 5090 αὐτὴν
793 5015 940 5088 εὗρε,
976 5020 1072 5071 καὶ
1120 5021 1316 5090 αὐχμῷ
1349 5024 1683 5091 τηκομένην,
1730 5023 1849 5076 λύει
1881 5025 1980 5094 μὲν

393 5110 533 5182 αὐτῇ
566 5113 635 5164 τὰ
666 5113 765 5181 τῆς
803 5111 1070 5181 αἰσθητῆς
1115 5113 1421 5183 ἀνομϐρίας
1449 5113 1634 5176 εὐθὺς,
1670 5116 1858 5184 εὐχαῖς
1887 5119 1981 5170 καὶ

392 5205 611 5273 δεήσεσι
633 5205 726 5258 τὸν
749 5206 1093 5272 Δημιουργὸν
1119 5205 1478 5276 δυσωπήσας,
1505 5207 1715 5273 ποτίζει
1747 5209 1791 5261 δ’
1814 5211 1983 5278 ἀφθό-

394 5313 500 5357 νως
529 5299 622 5348 καὶ
649 5297 740 5350 τὸν
759 5299 1124 5368 εὐφραίνοντα
1155 5300 1382 5369 καρδίαν
1401 5302 1634 5364 ζωτικὸν
1655 5304 1832 5372 λόγον,
1853 5307 1980 5368 τοὺς

392 5387 655 5443 πλεῖστον
689 5389 790 5460 ἤδη
831 5392 1022 5459 χρόνον
1058 5390 1247 5444 τοῦτον
1280 5393 1575 5462 διψῶντας,
1603 5395 1897 5465 θεραπεύει
1925 5397 1983 5451 δὲ

401 5482 652 5552 συνήθως
688 5483 785 5535 καὶ
821 5482 981 5546 αὖθις
1014 5485 1112 5535 σῦν
1142 5486 1264 5547 ταῖς
1292 5484 1494 5556 ψυχαῖς
1522 5487 1614 5540 καὶ
1653 5489 1724 5555 τὰ
1753 5489 1982 5558 σώματα

378 5540 564 5644 ’ρᾴούς
594 5540 764 5626 ποιῶν
793 5540 1204 5646 ἀμφοτέρωθεν.

471 5666 720 5737 Μοναχός
757 5683 842 5730 τις
873 5668 966 5720 καὶ
996 5669 1106 5740 γὰρ
1133 5671 1232 5742 τὴν
1260 5672 1420 5736 ἀξίαν
1455 5674 1852 5745 πρεσϐύτερος,
1884 5674 1984 5744 τὴν

398 5760 593 5828 κλῆσιν
631 5760 958 5832 ιιορφύριος,
1000 5763 1078 5833 τῷ
1111 5765 1204 5816 τοῦ
1253 5766 1802 5838 ’Υπομιμνήσκοντος
1846 5769 1986 5818 ἐνοι-

406 5848 517 5903 κῶν
556 5850 812 5923 σεμνείῳ,
849 5851 942 5906 καὶ
975 5852 1116 5909 θύων
1140 5859 1196 5910 ἐν
1229 5858 1402 5929 τούτῳ
1442 5859 1508 5913 τὰ
1536 5859 1798 5930 μυστικὰ,
1829 5851 1984 5920 οὗτος

2085 4649 2410 4720 παραδόξως
2437 4650 2778 4707 ἐπανελθεῖν.

2166 4745 2404 4816 Ἡμέραι
2461 4747 2599 4815 μετά
2655 4747 2817 4800 τοῦτο
2871 4746 3154 4816 παρῆλθόν
3187 4764 3365 4811 τινες,
3419 4748 3447 4800 6
3506 4745 3669 4810 αὐτὸς

2085 4837 2398 4906 Πορφύριος
2449 4837 2624 4906 ἔλεγε,
2679 4839 2777 4892 καὶ
2829 4839 2984 4902 νόσος
3043 4840 3392 4907 ἐπιγίγνεταί
3445 4857 3538 4908 μοι
3590 4839 3669 4908 τῷ

2085 4929 2302 4996 σώματί
2333 4947 2438 4994 τις,
2541 4931 2635 4984 καὶ
2681 4931 3256 5002 προσταλαιπωρήσας
3304 4931 3518 5003 ἡμέρας
3569 4947 3669 4983 συ-

2085 5021 2240 5090 χνὰς,
2288 5023 2375 5075 ὅτε
2411 5025 2506 5074 καὶ
2558 5024 2696 5093 πρὸς
2747 5026 3051 5096 παρακμὴν
3102 5041 3162 5077 τε
3201 5027 3296 5079 καὶ
3345 5023 3670 5094 ἀπαλλαγὴν

2085 5112 2292 5180 ταύτης
2325 5115 2556 5168 ἔϐλεπον
2595 5116 2719 5187 ἤδη,
2757 5117 2880 5170 τότε
2914 5117 2979 5187 δὴ
3011 5117 3104 5170 καὶ⁹
3138 5117 3507 5188 σφοδροτάτης
3546 5116 3670 5170 καθ’

2087 5203 2397 5274 ὑπερϐολὴν
2425 5205 2638 5274 ἐκείνης
2667 5207 2950 5276 πειρῶμαι
2981 5223 2995 5237 ·
3022 5207 3082 5260 τὸ
3106 5208 3215 5278 γὰρ
3244 5206 3494 5278 ἐνοχλοῦν
3525 5207 3671 5260 ἅπαν

2086 5296 2189 5366 τῆς
2221 5295 2375 5368 ὕλης,
2425 5296 2613 5367 ὥσπερ
2645 5299 2896 5367 ἐπίτηδες
2925 5299 3122 5369 ἀθρόον
3157 5302 3296 5354 κατᾶ
3327 5301 3422 5354 τοῦ
3466 5301 3672 5370 λάρυγρ

2085 5405 2184 5459 γος
2225 5387 2448 5458 ρεῦσαν,
2478 5389 2681 5443 ὡσανεί
2741 5408 2862 5444 τινα
2893 5393 3117 5447 παιδιὰν
3169 5393 3381 5447 ἐδείκνυ
3429 5397 3497 5446 τὰ
3531 5392 3668 5462 πρό-¹

2089 5483 2252 5537 σθεν·
2287 5486 2379 5537 τόν
2412 5502 2470 5536 τε
2502 5485 2611 5554 γὰρ
2665 5484 2898 5551 φυσικὸν
2952 5485 3052 5554 τῆς
3111 5486 3322 5556 τροφῆς
3376 5486 3670 5540 ἀπέκλεισε

2087 5577 2277 5648 πόρον,
2310 5577 2386 5640 ὡς
2419 5578 2552 5648 μηδὲ
2581 5577 2774 5639 ὓδατος
2797 5577 2929 5646 γοῦν
2953 5579 3040 5648 ἐφ’
3061 5579 3209 5641 ὅλαις
3239 5579 3473 5650 ἡμέραις
3503 5579 3668 5642 ὀκτὼ,

2090 5669 2226 5738 μηδὲ
2261 5670 2438 5741 βραχύ
2469 5689 2520 5722 τι
2545 5669 2606 5721 τὸ
2645 5672 2910 5737 παράπαν
2948 5671 3273 5738 προσέσθαι,
3309 5671 3404 5724 καὶ
3437 5671 3670 5741 χαλεπὸν

2087 5768 2178 5820 τὸν
2211 5765 2280 5819 δι’
2310 5765 2547 5834 ἀγχόνης
2579 5764 2796 5833 ἠπείλει
2825 5765 3078 5818 θάνατον.
3121 5763 3275 5816 Ἐπεὶ
3307 5765 3363 5816 δὲ
3395 5768 3540 5816 πᾶσα
3573 5765 3669 5834 μὲν

2091 5861 2326 5914 ἐκινεῖτο
2367 5858 2500 5928 1:96;
2529 5857 2830 5928 θεραπείαν
2863 5856 3100 5926 ἐπίνοια,
3151 5860 3300 5911 πᾶσα
3330 5858 3374 5911 δ’
3407 5859 3666 5920 ὡσαύτως
