4082 6414
415 388 522 452 629

1369 386 1780 448 ENCOMIUM
1817 385 2043 446 AUCT.
2085 383 2535 446 PHILOTHEO
2574 384 2682 445 Cl’.

3553 385 3670 448 σξιο

414 500 584 571 ἀργὸς
614 496 706 572 ἦν,
745 502 882 570 πρὸς
911 502 1003 557 τδν
1038 504 1242 574 συνήθη
1284 502 1376 554 καὶ
1410 499 1566 564 αὖθις
1607 501 1792 572 ίατρδν
1817 518 1988 554 κατα·
2017 513 2062 565 Α
2091 501 2494 572 νοσργηθεῖσαν
2544 501 2832 570 ἱερατικὴν
2883 499 3075 566 στολὴν
3119 496 3533 561 ἐπεκαλῖὡπιζε
3586 501 3664 563 τῷ

414 593 623 662 φεύγω,
653 597 953 666 Γρηγόριον
985 595 1189 664 δηλαδὴ
1219 595 1311 647 τὸν
1342 593 1534 662 μέγαν,
1563 595 1658 646 καὶ
1693 593 1792 662 τὴν
1832 591 1988 645 νόσον
2012 619 2038 639 ο

414 687 622 742 ἀνωθεν
649 686 990 754 ἐξαγγείλας,
1024 689 1120 740 καὶ
1144 688 1206 739 10
1235 687 1595 755 κατασκῆψαν
1627 685 1707 756 τῷ
1751 685 1988 755 λάρυγγι

417 777 794 847 θανατηφόρον
809 779 978 830 κακὶν
997 779 1307 831 τελευταῖον
1331 777 1606 848 προσθεὶς,
1623 775 1797 830 πείθω
1815 775 1989 830 πολλά

416 869 629 938 δεηθεὶς
684 868 803 935 μετ’
851 870 1014 940 εὐχῆς
1051 871 1202 939 ίερᾶς
1251 871 1520 923 ἐπιθεῖναι
1567 869 1666 938 τὴν
1701 871 1859 938 χεῖρα
1907 867 1987 937 τῷ

420 959 683 1028 πάσχοντι
716 959 890 1029 μέλει,
941 962 1006 1030 ῆν
1042 961 1106 1030 δὴ
1143 961 1236 1012 καὶ
1287 960 1597 1030 σταυρικῶς
1644 959 1876 1024 ἐπιθεὶς,
1926 959 1990 1011 10

416 1047 563 1101 θεῖον
588 1050 764 1102 ἐκεῖνο
787 1050 926 1118 πρὸς
969 1052 1204 1120 Χριστζν
1233 1051 1326 1102 τοῦ
1359 1049 1526 1118 σοφοῦ
1562 1049 1859 1119 μελῴδημα
1891 1048 1989 1101 σὺν

416 1139 682 1208 δάκρυσιν
713 1141 979 1207 ἐπιλέγει,
1016 1143 1077 1195 τό
1100 1160 1114 1174 ·
1150 1161 1168 1193 ι
1226 1141 1421 1195 Παθῶν
1448 1142 1716 1211 ἀμέτοχος
1766 1143 1830 1195 σὺ
1875 1141 1990 1193 διέ-

424 1247 635 1298 μεινας,
673 1233 816 1300 Λόγε
845 1234 1004 1296 θεοῦ,
1057 1235 1220 1304 σαρκὶ
1271 1232 1696 1304 προσωμιλήσας
1729 1235 1841 1295 τοῖς
1885 1232 1991 1285 πά-

422 1325 573 1376 θεσιν
599 1341 615 1357 ο
647 1325 781 1378 ἀλλά
825 1325 973 1389 λύεις
1018 1329 1130 1380 τῶν
1164 1327 1353 1380 παθῶν
1400 1327 1492 1379 τὸν
1543 1329 1860 1396 ἀνθρωπονο
1898 1346 1917 1379 ι
1958 1327 1988 1382 ὃ

422 1417 519 1470 καὶ
572 1417 798 1470 διελθὼν
853 1419 1016 1488 μέχρι
1063 1420 1286 1483 τέλους,
1352 1419 1578 1486 Ἄπιθι,
1631 1423 1789 1490 φησι,
1851 1422 1992 1491 πρὸς

425 1509 650 1562 σεαυτόν
674 1527 736 1562 τε
771 1512 864 1564 καὶ
893 1512 986 1564 τὸν
1036 1511 1298 1574 οίκίσκον,
1332 1512 1470 1584 πρὸς
1517 1512 1653 1566 Θεοῦ
1689 1513 1852 1582 μόνου
1881 1512 1990 1565 τῶν

421 1618 478 1651 τε
510 1601 760 1670 ψυχικῶν
786 1603 922 1673 ὁμοῦ
966 1606 1063 1657 καὶ
1109 1606 1442 1674 σωματικῶν
1480 1606 1670 1660 παθῶν
1713 1607 1815 1674 τὴν
1849 1605 1992 1658 ἴασιν

422 1691 824 1761 ἐξαιτούμενος,
866 1695 1052 1764 ἐπειδή
1083 1713 1147 1762 γε
1198 1696 1294 1748 καὶ
1339 1697 1536 1766 ἐκείνῳ
1584 1697 1784 1750 δυνατά
1831 1696 1994 1750 ταυτὶ

425 1784 602 1835 πάντα
631 1785 797 1854 μόνῳ.
835 1787 944 1839 Καὶ
981 1787 1156 1840 ταῦτα
1203 1788 1304 1857 μὲν
1332 1791 1360 1840 0
1387 1787 1484 1840 106
1514 1788 1650 1840 θεοῦ
1680 1788 1991 1857 ἄνθρωπος.

2095 592 2317 663 μεγάλῳ
2343 608 2358 622 °
2393 593 2422 645 0
2446 594 2510 662 δὴ
2543 594 2638 645 καὶ
2683 593 2962 662 πρόφασιν
2991 591 3194 644 ὡσανεὶ
3227 591 3326 660 τῆς
3358 591 3495 660 πρὸς
3525 594 3670 644 ἐκεῖ·

2093 703 2183 739 νον
2217 684 2518 755 ἐπιδημίας
2545 685 2637 737 καὶ
2667 686 2767 750 τῆς
2805 684 3112 754 μελλούσης
3155 684 3480 753 εὐεργεσίας
3513 686 3542 736 0
3571 686 3673 748 μέ-

2092 794 2195 844 γας
2253 777 2645 844 πεποιημένος,
2697 778 3029 846 αὐτόκλητος
3077 776 3365 845 ἐφίσταται
3411 778 3488 846 τῷ
3533 777 3670 845 οἴκῳ

2094 869 2326 933 ἐκείνου,
2383 871 2481 922 σύν
2522 887 2585 937 γε
2630 873 2742 932 τοῖς
2785 871 3099 940 δμοτέχνοις
3149 871 3558 940 ἐργαζομένουο
3591 870 3670 939 τῷ

2092 961 2147 1014 δέ
2181 962 2289 1031 ἄρα
2332 961 2546 1014 παιδίον
2569 958 2639 1030 ῆν
2672 963 2860 1031 ἄρρεν,
2891 962 2984 1014 καὶ
3012 961 3176 1014 πέντε
3227 963 3327 1029 μὲν
3356 963 3457 1033 ἢδη
3501 979 3663 1029 γεγοο

2091 1053 2184 1116 νὸς
2227 1053 2345 1122 ἔτη,
2387 1054 2549 1106 πέντε
2595 1053 2642 1106 δ’
2677 1053 2766 1105 ἐπὶ
2807 1053 2940 1106 δέκα
2977 1054 3143 1123 μησὶν
3182 1057 3326 1116 ὅλοις
3373 1056 3670 1125 αίμορῤοία

2095 1147 2583 1214 κατειργασμένον,
2623 1145 2701 1208 ὡς
2743 1146 2839 1199 καὶ
2871 1147 2972 1217 τὴν
3019 1149 3161 1200 κατά
3198 1147 3361 1215 φύσιν
3411 1147 3531 1216 δψιν
3565 1149 3668 1218 ήδη

2095 1237 2283 1306 σχεδὸν
2328 1239 2616 1290 ἀπολιπεῖν
2650 1238 2783 1291 αὐτὸ
2833 1239 2928 1292 καὶ
2959 1239 3019 1291 τὸ
3052 1235 3212 1301 εἶδος.
3257 1241 3350 1291 καὶ
3396 1243 3463 1309 τῇ
3515 1242 3665 1307 φωνῇ

2097 1329 2234 1399 μόνῃ
2262 1329 2326 1381 10
2359 1332 2632 1400 περιεῖναι
2661 1331 2756 1383 καὶ
2787 1331 2888 1401 ζῇν
2917 1329 3271 1385 πιστοῦσθαι.
3313 1331 3486 1384 Τοῦτο
3515 1349 3671 1384 κατι-

2091 1419 2199 1474 δὼν
2223 1421 2315 1474 ἐπὶ
2361 1421 2463 1488 τῆς
2490 1421 2668 1482 οίκίας
2697 1425 2726 1475 0
2759 1423 2954 1490 μέγας,
2992 1426 3020 1476 0
3066 1423 3165 1492 μὲν
3212 1422 3546 1475 πυνθάνεται
3579 1440 3672 1489 φι-

2091 1509 2432 1580 λανθρώπως
2468 1511 2567 1580 τὴν
2595 1512 2690 1563 τοῦ
2723 1512 2928 1574 πάθους
2957 1515 3158 1576 αἰτίαν,
3194 1515 3220 1566 0
3257 1513 3314 1566 δὲ
3352 1513 3534 1582 πατὴρ
3563 1514 3673 1565 τῶν

2095 1599 2426 1668 σπλάγχνων
2453 1599 2618 1659 εὐθὺς
2647 1601 2924 1668 ἡττηθεὶς,
2957 1602 3053 1654 καὶ
3077 1602 3307 1672 δάκρυσι
3336 1605 3430 1656 καὶ
3461 1605 3672 1672 ῥήμασι

2093 1695 2307 1760 γοεροῖς
2357 1694 2455 1760 τὴν
2503 1695 2794 1761 συμφορὰν
2851 1694 3201 1763 ἐξαγγέλλει·
3256 1696 3350 1747 καὶ
3401 1696 3496 1746 τὸν
3542 1698 3674 1763 ﬁgu-

2092 1785 2265 1852 θνῆτα
2297 1787 2462 1838 παῖδα
2504 1790 2625 1838 ταῖν
2664 1791 2849 1855 χεροῖν
2885 1789 3026 1858 ἄρας
3073 1787 3298 1850 εὐθέως.
3328 1789 3452 1850 ταῖς
3493 1788 3670 1840 παλὰ-

431 1874 573 1942 Ἐγὼ
605 1876 650 1928 δ’
686 1877 894 1928 ἐκεῖθεν
924 1878 1184 1942 ἐπανιὼν,
1213 1881 1242 1931 0
1278 1864 1585 1948 Πορφύριος¹
1611 1878 1798 1946 ἔλεγεν
1817 1875 1992 1945 αὖθις,
2027 1895 2069 1950 Β
2103 1894 2232 1944 μαις
2263 1877 2557 1944 ὑποτίθησι
2592 1879 2688 1930 τοῦ
2742 1881 3046 1948 ἀρχιερέως
3079 1897 3094 1911 ·
3141 1881 3400 1950 Ἐλέησόν
3441 1899 3541 1950 μου
3576 1883 3670 1933 τὸν

418 1968 482 2020 οὐ
512 1968 609 2037 τῆς
641 1969 874 2039 ἀγχόνης
904 1971 1066 2039 μόνον
1098 1971 1314 2038 ἐκείνης
1353 1970 1637 2040 ἐλεύθερον
1663 1971 1992 2038 θαυμαστῶς

422 2057 568 2129 είχον
595 2061 687 2112 10v
742 2061 1013 2132 λάρυγγα,
1060 2062 1199 2114 ἀλλά
1241 2067 1336 2114 καὶ
1383 2063 1522 2132 πρὸς
1567 2063 1774 2131 τροφῆς
1810 2061 1992 2130 δρεξιν

424 2153 586 2214 εὐθὺς
619 2153 934 2222 ἐκινούμην,
970 2157 1060 2208 καὶ
1093 2156 1195 2220 τὴν
1242 2157 1429 2222 κοινὴν
1464 2145 1652 2208 εἰσιὼν
1681 2155 1792 2208 τῶν
1836 2156 1990 2208 ἀδελ-

423 2245 539 2313 φῶν
561 2245 871 2315 τράπεζαν·
911 2243 981 2313 ἦν
1015 2249 1125 2314 γὰρ
1155 2247 1256 2316 ἥδη
1286 2249 1379 2298 καὶ
1401 2246 1518 2315 ὥρα
1549 2251 1579 2317 ή
1605 2247 1700 2299 τοῦ
1727 2248 1953 2317 ἀρίστου
1975 2262 1988 2275 ·

427 2337 568 2390 αὐτὰ
599 2336 770 2390 ταῦτα
815 2339 907 2391 καὶ
954 2338 1140 2402 αὐτὸς,
1169 2336 1216 2390 ὣ
1261 2338 1352 2390 τοῦ
1414 2338 1731 2408 θαύματοςί
1786 2341 1994 2394 ἐσιτού-

425 2447 533 2498 μην
577 2427 777 2498 ἀθρόον
837 2429 980 2498 ἅπερ
1010 2432 1104 2482 καὶ
1153 2431 1379 2495 πάντες,
1403 2434 1433 2482 0
1471 2431 1610 2498 μηδὲ
1643 2431 1838 2495 ὕδατος
1897 2449 1994 2502 με-

421 2523 676 2577 ταλαϐεῖν
708 2524 1007 2593 δυνάμενος
1037 2523 1147 2592 πρὸ
1179 2522 1432 2594 βραχέος,
1466 2523 1496 2576 δ
1525 2524 1698 2595 δήπου
1735 2524 1834 2578 καὶ
1859 2523 1995 2594 φθά-

421 2631 518 2675 σας
548 2615 703 2684 ἔφην.

493 2706 720 2778 Μοναχῆ
779 2707 836 2760 δέ
891 2725 977 2771 τις
1031 2710 1448 2779 φροντιστήριον
1517 2709 1718 2781 ἀρετῆς
1773 2710 1836 2763 τὸ
1894 2711 1995 2778 τῆς

421 2797 741 2866 θαυμαστῆς
793 2816 936 2869 φημι
992 2799 1277 2868 Θεοδὼρας
1326 2803 1644 2872 κεκτημένη
1704 2805 1991 2871 σεμνεῖον,

416 2875 560 2957 ’θῆλυ
599 2889 813 2942 παιδίον
847 2890 967 2959 μεθ’
993 2891 1190 2959 ἐαυτῆς
1215 2891 1342 2962 ἔσχε
1365 2909 1380 2924 ο
1418 2892 1620 2964 βρέφος
1647 2892 1746 2963 μὲν
1771 2893 1996 2948 ἐκτεθὲν

429 2982 711 3051 μητρικῶς
743 2999 803 3035 τε
833 2985 928 3036 καὶ
964 2983 1368 3054 φιλανθρώπως
1393 2987 1714 3056 ἀνελομένη,
1743 2988 1838 3040 καὶ¹
1872 3004 1998 3057 τρο-

429 3067 535 3137 φῆς
573 3067 669 3121 καὶ
696 3071 1047 3142 παντοδαπῆς
1085 3073 1370 3137 ἀξιώσασα
1412 3077 1509 3143 τῆς
1549 3075 1888 3144 ἐπιμελείας.
1919 3078 1996 3140 ὡς

429 3159 524 3212 καὶ
563 3160 780 3229 ἡλικίας
813 3162 914 3232 ἢδη
956 3164 1213 3230 παιδικῆς
1240 3159 1437 3237 ἧφθαι,
1470 3169 1563 3218 καὶ
1605 3168 1745 3235 πρὲς
1786 3167 1996 3241 ὑπηρε-

429 3250 550 3305 σίαν
577 3251 765 3317 δεξιῶς
791 3253 933 3323 ἔχειν
968 3255 1250 3321 δύνασθαι,
1281 3258 1381 3310 καὶ
1409 3259 1540 3329 περὶ
1577 3260 1670 3311 τοῦ
1709 3239 1995 3328 μέλλοντος
2023 3239 2068 3294 c

426 3345 649 3408 ἐλπίδας
681 3348 894 3416 ἀγαθὰς
922 3351 988 3418 τῇ
1037 3349 1295 3421 δεσποίνῃ
1346 3351 1571 3413 διδόναι,
1625 3353 1696 3405 δι’
1739 3353 1775 3406 θ.
1825 3355 1997 3422 δήπου

427 3438 523 3490 καὶ
584 3439 715 3508 παρ’
761 3441 978 3508 ἐκείνης
1028 3443 1438 3511 προσείληπτοο
1489 3445 1600 3497 τῶν
1636 3444 1683 3497 δ’
1741 3447 2000 3512 ἐναντίων

425 3531 662 3601 ἐπηρείᾳ
720 3533 958 3603 πονηροῦ
1005 3550 1152 3596 τινος
1200 3535 1454 3606 δαίμονος
1503 3537 1758 3607 αἴσχιστα
1796 3555 2002 3608 πειρω-

433 3623 611 3693 μένη·
647 3623 718 3678 τὰ
768 3626 878 3695 γὰρ
925 3627 1026 3694 τῆς
1075 3629 1314 3699 γαστρὸς
1343 3630 1553 3699 φυσικά
1604 3631 2000 3703 περιττώματα

430 3717 498 3784 τῇ
546 3716 702 3770 παιδὶ⁵
747 3717 1047 3785 κινούμενα
1091 3720 1244 3788 παρὰ
1275 3717 1463 3788 φύσιν,
1497 3721 1566 3774 τά
1597 3738 1658 3774 τε
1704 3722 2002 3792 στρώματα

437 3806 532 3860 καὶ
563 3810 688 3871 τοὺς
722 3814 1094 3877 χιτωνίσκους,
1128 3813 1222 3863 καὶ
1255 3810 1425 3880 αὐτὴν
1461 3811 1520 3866 δέ
1548 3814 1756 3882 ταύτην
1797 3815 2000 3867 ὑπνοῦ-

435 3915 534 3952 σαν
567 3901 764 3963 νυκτὸς
793 3901 886 3953 ἐπὶ
914 3901 1013 3970 τῆς
1048 3902 1211 3970 εὐνῆς
1248 3902 1316 3955 τά
1354 3903 1610 3973 αίσχιστα
1637 3905 1879 3970 διετίθει,
1907 3908 2004 3961 καὶ

431 3993 581 4046 δεινά
612 3995 843 4064 πάσχειν
876 3995 974 4063 τὴν
1014 3996 1210 4063 κυρίαν
1240 3997 1437 4061 ἐποίει,
1481 3999 1580 4067 τὴν
1610 4000 1707 4068 μὲν
1736 3998 2004 4071 βρεφικὴν

434 4086 654 4153 ήλικίαν
688 4084 1035 4154 ἀποθεμένην
1082 4086 1300 4156 ὁρῶσαν
1340 4087 1530 4152 πάλαι,
1561 4090 1819 4158 τάκείνης
1863 4090 2004 4158 ἀηδῆ

427 4180 486 4233 δὲ
521 4181 612 4232 καὶ
649 4179 888 4250 φορτικὰ
939 4178 1180 4248 μηδόλως
1223 4179 1642 4236 ἀποϐαλοῦσανο
1671 4183 1747 4246 ὡς
1775 4184 1870 4236 καὶ
1906 4185 2006 4254 τὴν

432 4271 650 4324 εὔνοιαν
678 4270 847 4341 αὐτὴν
874 4271 970 4323 καὶ
1014 4271 1075 4323 10
1099 4272 1324 4342 φίλτρον
1369 4275 1510 4327 κατά
1548 4275 1745 4344 μικρὸν
1789 4275 2008 4329 ἀπολεί-

429 4382 553 4416 πειν
601 4364 664 4416 10
696 4365 836 4433 1:90;
865 4364 968 4433 τὴν
1014 4365 1202 4429 παῖδα,
1255 4367 1350 4418 καὶ
1408 4367 1545 4436 πρὸς
1592 4367 1875 4421 διάστασιν
1903 4369 2007 4439 ῆδη

431 4459 526 4512 καὶ
553 4456 831 4527 χωρισμδν
854 4457 1086 4526 ἀφορᾷν.
1129 4456 1268 4509 Ἀλλ’
1296 4457 1586 4524 ἐφίσταται
1613 4461 1728 4522 τοῖς
1760 4460 2006 4528 πάσχου-

2094 1970 2230 2032 υἱὸν,
2267 1972 2406 2023 κατά
2437 1971 2532 2022 τὸν
2563 1971 2622 2023 ἐν
2671 1969 3027 2039 Εὐαγγελίοις
3067 1973 3205 2042 1:90;
3251 1973 3489 2042 Χριστὸν
3518 1973 3672 2026 ἄντι-

2093 2078 2231 2129 κρυς
2255 2064 2348 2114 καὶ
2389 2063 2552 2122 αὐτὸς
2578 2063 2771 2130 λέγων,
2811 2065 2948 2116 πᾶσι
3003 2066 3101 2130 μὲν
3132 2066 3336 2136 ίατροῖς
3365 2067 3551 2134 σχεδὸν
3577 2069 3671 2118 καὶ

2095 2153 2299 2213 πάσαις
2348 2154 2612 2214 ἐπινοίαις
2670 2156 2808 2224 ὑπὲρ
2859 2157 3027 2208 αὐτοῦ
3068 2158 3443 2226 χρησαμένου,
3503 2159 3671 2226 μηδὲν

2091 2244 2149 2295 δέ
2179 2261 2230 2295 τι
2288 2245 2448 2295 πλέον
2481 2245 2744 2312 ἠνυκότος
2780 2249 2836 2309 ἐς
2885 2246 3067 2312 δεῦρο,
3111 2247 3184 2309 ὡς
3227 2249 3324 2299 καὶ
3352 2248 3520 2308 αὐτὰς
3567 2248 3670 2316 ἤδη

2095 2332 2194 2395 τὰς
2243 2335 2466 2397 ἐλπίδας
2511 2337 2826 2391 ἀποϐαλεῖν.
2873 2337 2933 2390 '0
2973 2338 3031 2390 δέ
3078 2337 3272 2407 πρῶτα
3321 2340 3420 2407 μὲν
3467 2338 3548 2406 τῷ
3573 2339 3670 2391 τοῦ

2095 2424 2244 2478 θείου
2282 2425 2518 2496 σταυροῦ
2563 2428 2778 2498 σημείῳ
2805 2429 2897 2481 τὸν
2937 2429 3200 2482 νοσοῦντα
3248 2429 3563 2498 σφραγίζει,
3603 2433 3671 2498 τῇ

2095 2516 2153 2569 δέ
2198 2519 2411 2589 κεφαλῇ
2448 2519 2548 2588 τὴν
2588 2519 2723 2572 ἰδίαν
2766 2521 2982 2578 ἐπιθεὶς
3031 2524 3211 2590 χεῖρα,
3262 2523 3356 2574 καὶ
3403 2523 3674 2590 μυστικὴν

2097 2608 2497 2680 ὐποψιθυρίσας
2531 2611 2698 2680 εὐχὴν
2739 2613 2876 2683 πρὸς
2913 2613 3069 2674 Θεὸν,
3107 2613 3244 2680 μετά
3274 2614 3467 2680 τρίτην
3510 2613 3674 2675 εὐθὺς

2097 2700 2230 2768 ὐγιᾶ
2257 2717 2317 2752 τε
2346 2703 2440 2754 καὶ
2469 2703 2783 2772 ἐρρωμένον
2812 2704 3110 2758 ἀποδίδωσι
3135 2707 3248 2767 τοῖς
3273 2703 3527 2758 τεκοῦσιν
3552 2721 3566 2736 ⁸
3595 2705 3675 2765 ὡς

2099 2794 2192 2845 καὶ
2234 2795 2394 2860 μόνον
2427 2795 2712 2864 δρώμενον
2746 2797 2885 2863 μετά
2913 2797 3092 2861 τοῦτο,
3125 2799 3217 2850 καὶ
3249 2797 3548 2865 βαδίσματι
3581 2797 3675 2849 καὶ

2099 2887 2360 2956 κινήματι
2389 2889 2484 2940 καὶ
2520 2888 2791 2952 παιδικοῖς
2832 2889 3038 2959 ἆλμασι
3069 2892 3236 2942 πᾶσιν
3267 2888 3517 2952 ἐξαισίως
3546 2890 3678 2941 ἀνα-

2101 2979 2394 3048 κηρύττειν
2427 2981 2488 3032 10
2515 2979 2722 3050 θαῦμα.

2187 3071 2346 3124 Ἀλλὰ
2393 3071 2568 3126 ταῦτα
2621 3073 2721 3142 μὲν
2749 3073 2900 3143 αὐτῷ
2944 3075 3037 3128 καὶ
3078 3074 3300 3128 τοιαῦτα
3335 3077 3578 3145 συνεχῶς
3609 3075 3680 3127 τά

2103 3163 2238 3229 πρὸς
2264 3162 2388 3226 τοὺς
2447 3163 2569 3216 καθ’
2599 3165 2730 3218 ἒναο
2771 3165 2838 3219 τά
2878 3166 2935 3218 δέ
2986 3165 3123 3235 πρὸς
3179 3166 3390 3228 πάντας
3441 3169 3594 3234 κοινῇ
3628 3166 3680 3216 τί

2101 3256 2206 3324 χρὴ
2237 3255 2334 3306 καὶ
2371 3254 2584 3322 λέγειν;
2634 3257 2769 3310 ὅπου
2800 3273 2865 3322 γε
2919 3258 3022 3309 κάν
3049 3259 3169 3318 ταῖς
3219 3258 3523 3326 πανδήμοις
3557 3259 3682 3327 ἐορ-

2101 3346 2218 3404 ταῖς
2260 3345 2354 3396 καὶ
2383 3346 2638 3411 συνάξεσι
2666 3347 2762 3400 καὶ
2796 3351 3050 3415 πομπαῖς
3073 3350 3249 3414 ἱεραῖς
3273 3349 3368 3400 καὶ
3401 3348 3676 3417 προόδοις,

2101 3436 2202 3500 τὰς
2231 3439 2330 3507 μέν
2361 3439 2528 3490 αὐτοῦ
2560 3441 2742 3507 φωνὰς
2777 3441 2873 3492 καὶ
2897 3441 2997 3510 τὴν
3027 3441 3380 3494 διδασκαλίαν
3405 3439 3540 3492 Θεοῦ
3573 3458 3685 3508 φω-

2103 3529 2202 3592 νὰς
2237 3530 2332 3582 καὶ
2360 3532 2583 3600 ῥήματα
2623 3530 2768 3600 ζωῆς
2809 3533 3069 3600 ἄντικρυς
3096 3532 3190 3585 καὶ
3229 3533 3542 3602 νομίζοντες
3589 3534 3685 3586 καὶ

2101 3620 2464 3690 ὀνομάζοντες
2494 3617 2636 3694 ἦσαν
2657 3625 2706 3676 οί
2741 3623 2984 3686 πλείους,
3029 3623 3106 3686 ὡς
3133 3625 3228 3677 καὶ
3257 3625 3398 3692 πρὸς
3428 3625 3528 3693 τὴν
3561 3627 3686 3692 ὀμι-

2101 3710 2224 3763 λίαν
2254 3712 2350 3764 καὶ
2398 3711 2499 3780 τὴν
2538 3711 2665 3781 δψιν
2711 3712 2877 3765 αὐτοῦ
2925 3713 3138 3776 πάντας
3182 3712 3320 3782 ὁμοῦ
3379 3713 3685 3782 κεχηνότας

2103 3802 2268 3855 ὠθεῖν
2317 3803 2582 3869 ἀλλήλους
2640 3804 2736 3858 καὶ
2781 3803 3140 3857 ἀντωθεῖσθαι
3196 3805 3291 3857 καὶ
3333 3805 3682 3873 φιλονεικεῖν,

2102 3895 2253 3958 ὅπως
2281 3894 2514 3959 ἕκαστος
2544 3897 2658 3966 ἔχοι
2706 3897 2769 3949 τὸ
2799 3900 3069 3967 πρωτεῖον
3098 3897 3156 3950 ἐν
3193 3896 3404 3958 τούτοις
3423 3915 3438 3928 ο
3487 3899 3592 3950 τῶν
3625 3899 3686 3950 δέ

2104 3988 2405 4041 νοσούντων
2443 3989 2571 4053 τοὺς
2603 3989 2895 4054 πλείστους
2928 3990 3037 4059 πρὸ
3070 3991 3180 4042 τῶν
3226 3988 3394 4042 αὐτοῦ
3431 3991 3685 4060 ῥιπτοῦν-

2103 4095 2196 4141 τες
2225 4079 2426 4145 ποδῶν,
2448 4081 2795 4148 ὑγιαίνοντας
2821 4083 3186 4152 ὑποστρέφειν
3209 4082 3419 4135 ἐκεῖθεν
3443 4083 3682 4144 ἐποίουν,

2110 4175 2284 4244 μείζω
2312 4177 2420 4229 τῶν
2448 4178 2743 4247 ὁρωμένων
2773 4178 2956 4247 πολλῷ
2989 4180 3088 4248 τὴν
3118 4181 3249 4248 περὶ
3275 4179 3445 4231 αὐτοῦ
3487 4196 3689 4247 κεκτη-

2110 4269 2262 4335 μένοι
2287 4267 2468 4334 δόξαν,
2521 4271 2615 4322 καὶ
2661 4269 2738 4333 ὡς
2775 4269 2873 4324 ινα
2900 4270 3010 4322 τῶν
3061 4269 3229 4324 πάλαι
3281 4270 3559 4339 θεοφόρων
3591 4271 3687 4322 1:01

2107 4359 2485 4414 ἀποστολικῶν
2522 4361 2734 4432 ἀνδρῶν
2787 4364 2884 4416 καὶ.
2921 4362 3260 4416 διδασκάλων
3307 4362 3546 4430 ὁρῶντες
3594 4365 3688 4412 καὶ

2105 4450 2320 4516 τοῦτον,
2352 4452 2449 4506 καὶ
2479 4453 2558 4523 τῷ
2607 4453 2746 4523 πρὸς
2772 4454 2936 4507 αὐτὸν
2984 4453 3198 4524 φίλτρῳ
3226 4455 3321 4506 καὶ⁵
3356 4455 3422 4524 τῇ
3457 4452 3689 4523 λαμπρᾷ

433 4568 518 4604 σιν
557 4549 889 4618 αὐτόκλητος
920 4551 950 4601 0
1001 4548 1207 4618 σωτὴρ,
1236 4549 1331 4602 καὶ
1375 4551 1442 4619 τῇ
1486 4551 1584 4618 μὲν
1613 4550 1674 4602 τὸ
1724 4551 1902 4620 σῶμα,
1935 4555 2002 4622 τῇ
2036 4577 2081 4632 D
2110 4543 2295 4596 πίστει
2327 4543 2465 4596 πολύ
2515 4561 2570 4597 τι
2607 4544 2729 4597 καθ’
2781 4546 3024 4616 ἑκάστην
3062 4545 3416 4616 προστιθέναι
3475 4547 3690 4614 φιλοτι-

428 4645 486 4696 δέ
516 4645 614 4713 τὴν
655 4641 836 4712 ψυχὴν
889 4641 1138 4705 ἐξιᾶται·
1196 4641 1401 4711 μᾶλλον
1426 4642 1472 4696 δ’
1510 4645 1706 4709 εἰπεῖν,
1758 4645 2004 4714 ἀκριϐῶς

431 4737 528 4789 καὶ
555 4736 874 4804 ἀμφοτέρας
895 4733 1187 4803 θεραπεύει
1211 4734 1333 4787 κατ’
1357 4734 1546 4803 ἀμφω,
1575 4737 1670 4789 καὶ
1693 4736 1816 4788 κατ’
1837 4737 2006 4806 ἄμφω

431 4827 695 4888 νοσούσας
717 4843 730 4854 ·
765 4826 842 4886 ὡς
881 4826 989 4894 γὰρ
1019 4824 1116 4878 τοῦ
1162 4828 1586 4894 φροντιστηρίου
1642 4828 1889 4897 συνήθως
1921 4829 2008 4881 ἐν·

431 4921 521 4972 εον
570 4916 638 4988 ῆν
667 4918 696 4968 0
749 4918 921 4986 μέγας
969 4917 1286 4985 ἀρχιερεὺς,
1336 4916 1660 4986 ἀγγέλλεται
1713 4919 1812 4983 μὲν
1856 4917 2006 4989 αὐτῷ

433 5011 566 5080 παρ’
594 5010 820 5062 ἐκείνων
856 5009 947 5061 καὶ
990 5007 1182 5072 ταῦτα,
1214 5009 1618 5077 προσπίπτουσι
1659 5011 1707 5063 δ’
1752 5010 1868 5080 ἅμα
1894 5014 2007 5074 τοῖς

437 5108 566 5158 ἐκεί·
589 5119 652 5156 ου
677 5101 826 5165 ποσὶ,
864 5102 1042 5154 πίστει
1077 5102 1254 5170 θερμῇ
1291 5101 1388 5153 καὶ
1425 5102 1659 5171 δάκρυσι
1689 5103 1790 5172 τὴν
1837 5103 2006 5172 θερα-

438 5199 596 5249 πείαν
626 5197 904 5249 αἰτοῦσαιο
943 5195 971 5246 0
1013 5194 1069 5246 δὲ
1116 5195 1211 5246 καὶ
1248 5194 1658 5264 φιλανθρώποις
1688 5196 1874 5248 ἐνιδὼν
1901 5196 2005 5265 δμ-

439 5306 594 5357 μασι,
632 5288 727 5340 καὶ
755 5288 936 5353 λόγοις
985 5285 1120 5338 πολύ
1163 5285 1224 5337 τὸ
1253 5285 1354 5352 ἡδύ
1385 5303 1444 5337 τε
1476 5286 1571 5338 καὶ
1619 5287 2007 5356 φιλάνθρωπον

433 5382 617 5449 ἔχουσι
664 5378 948 5447 πατρικῶς
998 5375 1204 5439 ταύτας
1253 5377 1688 5446 ψυχαγωγήσας,
1742 5373 1862 5430 εἷτα
1911 5379 2007 5430 καὶ

438 5475 595 5541 χεῖρα
633 5472 701 5540 τῇ
767 5470 977 5538 κεφαλῇ
1024 5468 1123 5536 τῆς
1181 5468 1374 5531 παιδὸς
1434 5467 1664 5531 ἐπιθεὶς,
1724 5469 1818 5521 καὶ
1874 5470 2007 5520 Ηεῦν

433 5566 752 5634 ἁνυμνήσας
782 5563 878 5614 καὶ
903 5560 1301 5629 ἐπευξάμενος,
1328 5561 1461 5629 ὑγιᾶ
1486 5559 1732 5631 παρευθὺ
1772 5562 1870 5632 τὴν
1907 5562 2008 5614 πά-

435 5672 671 5725 σχουσαν
702 5654 1104 5708 ἀποδείκνυσιν.

519 5748 685 5816 ’Λνήρ
733 5762 838 5810 τις,
875 5745 1129 5816 Παλάτης
1160 5745 1261 5815 τὴν
1295 5745 1509 5815 κλῆσιν,
1544 5744 1636 5798 10v
1657 5745 1856 5815 τρόπον
1889 5748 2007 5797 ἐπι-

437 5839 615 5908 εικὴς,
667 5838 1067 5910 χρυσοστίκτης
1107 5840 1207 5912 τὴν
1256 5841 1470 5910 τέχνην,
1523 5837 1710 5910 χρυσῷ
1754 5838 1853 5908 τὴν
1887 5857 2006 5892 και-

2109 4651 2215 4704 μου
2225 4651 2400 4703 μενοι.

2179 4726 2424 4780 Τοιαῦτα
2461 4726 2532 4781 τὰ
2567 4727 2666 4798 τῆς
2710 4727 2884 4798 καλῆς
2915 4729 3158 4800 ποίμνης
3200 4731 3341 4799 πρὸς
3368 4730 3463 4784 τὸν
3500 4729 3687 4785 κάλλι-

2109 4836 2235 4872 στον
2286 4821 2454 4882 ὅντως
2513 4821 2610 4872 καὶ
2671 4821 2845 4888 μέγαν
2895 4821 3174 4889 ποιμένα·
3209 4823 3539 4894 ἀμφοτέρων
3592 4825 3690 4877 καὶ

2107 4911 2219 4981 γὰρ
2272 4911 2450 4979 ἔγωγε
2491 4912 2591 4980 τὴν
2642 4912 2846 4982 ἀρετὴν
2892 4912 3015 4965 καθ’
3074 4913 3383 4983 ὑπερϐολὴν
3433 4914 3687 4982 ἄγαμαι·

2109 5001 2202 5054 τοῦ
2239 5001 2340 5071 μὲν
2370 5005 2432 5054 τὸ
2480 5005 2579 5072 τῆς
2616 5005 2988 5072 ποιμαντικῆς
3026 5006 3170 5058 θεῖον
3216 5007 3312 5059 καὶ
3352 5005 3557 5076 ὑψηλὸν
3591 5006 3690 5059 καὶ

2109 5096 2472 5149 ἀποστολικδν
2501 5097 2693 5161 δντως,
2725 5097 2834 5149 τῶν
2874 5098 2932 5150 δέ
2963 5097 3024 5150 10
3067 5098 3316 5160 εὐπειθὲς
3347 5099 3443 5150 καὶ
3474 5099 3688 5165 εὐάγω-

2108 5205 2226 5255 γον,
2258 5191 2351 5241 καὶ
2386 5191 2450 5242 τὸ
2489 5189 2807 5242 ἀκολουθεῖν
2849 5189 3011 5255 ἀξίως
3041 5191 3267 5251 είδέναι,
3295 5194 3391 5243 καὶ
3423 5190 3516 5242 ὑπ’
3545 5191 3690 5243 ὲκεί-

2109 5301 2201 5334 νου
2263 5282 2599 5352 θαυμαστῶς
2655 5283 2734 5353 τῷ
2788 5282 2904 5337 δντι
2948 5285 3017 5336 τά
3058 5285 3177 5337 θεῖα
3239 5282 3548 5336 τυποῦσθαι
3595 5285 3691 5335 καὶ

2110 5375 2536 5436 κανονίζεσοαιο
2587 5377 2683 5429 καὶ
2737 5377 2830 5429 τοῦ
2873 5378 2975 5445 μὲν
3030 5377 3130 5446 τὴν
3183 5377 3508 5444 θαυμαστὴν
3552 5375 3688 5444 πρὸς

2108 5468 2244 5518 θεὸν
2276 5468 2596 5536 παρρησίαν
2630 5469 2724 5520 καὶ
2755 5467 2816 5521 10
2839 5467 3068 5520 τοιαῦτα
3095 5467 3186 5518 διὰ
3213 5466 3416 5526 παντὸς
3443 5467 3690 5533 ἐνεργεῖν

2109 5560 2258 5628 ἔχειν
2289 5559 2520 5625 ἐκεῖθεν,
2563 5559 2676 5612 τῶν
2725 5560 2783 5612 δέ
2824 5558 2922 5630 τὴν
2949 5557 3164 5611 εὔνοιαν
3203 5557 3300 5610 καὶ
3332 5555 3432 5628 τὴν
3480 5559 3686 5620 πίστιν,

2111 5655 2206 5705 καὶ
2245 5651 2307 5705 10
2334 5652 2593 5723 καθαρῶς
2643 5653 2739 5706 καὶ
2771 5653 2975 5713 ἀδόλως
3013 5652 3108 5703 καὶ
3150 5649 3371 5719 βλέπειν
3415 5648 3510 5701 καὶ
3541 5647 3675 5717 δέχε-

2112 5745 2239 5796 σθαι
2269 5747 2364 5798 καὶ
2392 5745 2628 5814 πάσχειν
2653 5745 2860 5807 ἐκεῖνα,
2894 5745 3030 5814 μήτε
3053 5745 3146 5796 τὸν
3176 5744 3320 5812 ἱερὸν
3351 5739 3692 5807 καπηλεύον-

2113 5855 2199 5900 τες
2240 5841 2328 5890 καῖ
2367 5836 2648 5902 δολοῦντες
2680 5836 2840 5906 λόγον
2875 5835 3013 5890 κατά
3064 5853 3232 5900 τινος,
3273 5837 3414 5905 μήτε
3453 5837 3518 5904 τῇ
3564 5833 3690 5886 ἀπι-
