4082 6414
497 349 599 414 621

1739 358 2133 427 'GREGORII
2170 371 2490 430 PALAM/E

3643 383 3752 446 63?.

493 465 620 562 στίᾳ
636 463 732 562 2-11
755 462 833 530 τῷ
857 463 1082 562 7:031:96)
1113 463 1314 562 φθόνῳ,
1345 466 1681 536 τῷλαμπρῴ
1704 471 1798 522 καὶ
1825 471 2077 540 διαφανεῖ
2101 486 2146 538 Λ
2179 481 2491 550 σθητηρίων
2544 481 2732 551 ῶσπερ
2777 460 3016 552 ἐξεχεῖτο
3062 488 3154 540 καὶ
3215 485 3472 553 ἀνέϐλυζε
3526 493 3662 562 πρὸς
3682 498 3751 552 τὰ

486 557 601 612 τῶν
657 557 838 629 ἐργων
893 558 1150 626 αἴσχιστα
1197 557 1586 627 λυμαινόμενοι
1642 564 1883 630 πάντων,
1930 567 1998 618 δι’
2033 568 2068 622 ἃ

489 650 666 719 δήπου
723 652 815 703 καί
858 650 990 712 Θεὸς
1039 649 1270 710 ἄνωθεν,
1330 646 1509 719 οἶμαι,
1547 653 1834 723 πόρρωθεν
1870 659 1950 721 είς
2007 660 2069 711 ἓν

489 743 718 812 ἀγαγὼν
785 742 954 806 ἀξίως
1009 743 1216 812 συνῆψε
1241 784 1258 807 ,
1307 743 1399 796 τὸν
1457 744 1608 804 ἄξιον
1658 746 1906 811 δεδωκὼς
1950 753 2066 812 τοῖς

487 838 686 902 ἀξίοις,
741 837 838 890 καὶ
896 836 1210 904 θαυμαστόν
1251 853 1373 888 τινα
1427 837 1520 888 τὸν
1571 839 1936 908 συνδυασμὸν,
1972 844 2067 894 καὶ

485 931 586 997 τὴν
613 928 936 997 συμφωνίαν
983 929 1309 999 ἐναρμόνιον
1354 930 1755 998 ἐργασάμενος,
1781 933 1858 995 ώς
1900 935 2068 1002 μηδέν

482 1039 539 1075 τι
576 1021 846 1091 μηδαμῶς
881 1022 1040 1090 ἠχεῖν
1083 1022 1238 1086 παρά
1291 1022 1473 1091 μέλος,
1509 1022 1538 1075 ὃ
1564 1021 1629 1092 δὴ
1662 1023 1757 1076 καὶ
1789 1023 1896 1092 πρὸ
1929 1023 2066 1094 βρα-

485 1113 613 1184 χέος
644 1113 783 1182 ἔφθη
809 1113 989 1179 δείξας
1020 1114 1048 1166 6
1080 1113 1261 1182 λόγος.
1647 1159 1660 1176 ,

571 1203 733 1258 Ἀλλὰ
762 1204 870 1271 γάρ
898 1204 960 1256 τὸ
1010 1204 1149 1257 κατὰ
1186 1205 1352 1273 μέρος
1383 1205 1520 1272 ὁμοῦ
1564 1205 1741 1258 πάντα
1771 1204 2067 1269 διεξελθεῖν

483 1296 581 1350 τοῦ
650 1295 890 1366 μεγάλου
921 1297 1074 1348 τοῦδε
1127 1296 1425 1362 πειρᾶσθαι
1477 1297 1538 1347 οὑ
1597 1297 1810 1363 μακρὸν
1864 1296 1930 1350 ἂν
1978 1297 2065 1366 εἴη

487 1393 652 1461 μόνον
683 1394 777 1446 καὶ
810 1393 908 1461 τῆς
954 1393 1104 1462 ῶρας
1137 1393 1243 1458 ἐξω
1269 1394 1358 1446 καὶ
1404 1393 1498 1444 τοῦ
1549 1392 1776 1453 σκοποῦ,
1808 1393 1946 1447 ἀλλὰ
1971 1395 2065 1446 καὶ

482 1485 595 1537 τῶν
627 1471 906 1538 ἀδυνάτων
943 1485 1000 1537 ἐν
1032 1502 1086 1537 τι
1134 1485 1341 1555 σχεδὸν,
1388 1484 1534 1538 καθά
1569 1483 1633 1553 δὴ
1662 1486 1757 1538 καὶ
1794 1484 2008 1552 φθάσας
2039 1487 2066 1537 ὁ

484 1578 646 1645 λόγος
675 1577 912 1646 ἐδήλωσε
935 1595 947 1608 ·
985 1578 1067 1629 διὸ
1092 1578 1187 1630 καὶ
1215 1577 1451 1630 συνελὼν
1475 1577 1550 1639 ώς
1587 1576 1831 1645 ἐφικτὸν,
1860 1577 2064 1629 οὑτωσί

485 1689 605 1730 πωε
635 1669 962 1739 περιγράψω
989 1670 1080 1722 τὸν
1111 1671 1269 1738 λόγον
1297 1669 1377 1739 τῷ
1426 1669 1529 1738 τῆς
1554 1669 1894 1737 προσκαίρου
1917 1667 2064 1734 ζωῆς

485 1763 650 1816 αὑτοῦ
682 1763 848 1826 τέλει,
894 1763 926 1832 ἢ
959 1763 1053 1814 καί
1093 1780 1202 1816 τισι
1250 1765 1362 1825 τοῖς
1392 1761 1532 1830 μετά
1578 1760 1642 1814 τὸ
1679 1761 1830 1822 τέλος
1859 1759 2063 1827 ὀλίγοις

2176 571 2300 636 ἔξω,
2335 574 2670 643 θαυμαστῶς
2733 577 3147 646 παραδεικνύων
3185 581 3272 634 ἀεὶ
3318 585 3410 636 τὸν
3465 585 3614 640 ἐνδον
3663 606 3754 641 κε-

2175 667 2497 733 κρυμμένον
2527 667 2802 735 θησαυρὸν
2848 671 2948 737 τῆς
2979 672 3348 742 ἀνεκλαλήτου
3379 679 3558 746 χαρᾶς
3577 695 3592 710 ο
3623 678 3651 730 δ
3684 679 3747 750 δὴ

2173 755 2412 818 καὶτοῖς
2465 757 2702 824 μάλιστα
2748 763 2999 821 συνιεῖσι,
3030 763 3122 815 καὶ
3153 764 3223 814 τα
3270 766 3494 820 τοιαῦτα
3542 771 3748 837 κρίνειν

2171 845 2560 914 ἐπισταμένοις
2597 848 2880 916 θεοφόροις
2923 853 3169 922 ἀνδράσι.
3225 856 3319 908 καὶ
3383 857 3607 912 σύννουν
3655 866 3750 916 καὶ

2172 941 2402 1008 συμφυᾶ
2430 941 2525 994 καὶ
2552 942 2923 1012 περιπόθητον
2953 947 3046 998 καὶ
3075 947 3380 1016 ἐπέραστον
3417 950 3539 1004 καθ’
3580 953 3748 1021 61:59-

2171 1030 2334 1100 ϐολήν
2360 1034 2569 1086 ἐκεῖνον
2596 1034 2787 1101 ἐτίθει,
2819 1037 2917 1091 καὶ
2950 1038 3042 1090 ῐσα
3078 1041 3200 1101 ταῖς
3239 1041 3452 1093 ἑαυτῶν
3481 1043 3745 1110 κεφαλαῖς

2174 1123 2266 1176 καὶ
2295 1122 2494 1192 ψυχαῖς
2521 1125 2723 1194 ἐτίμων
2774 1128 2913 1196 μετά
2945 1129 3046 1196 τῆς
3073 1127 3224 1191 θείας
3261 1129 3476 1197 ἐκείνης
3519 1134 3745 1202 εἰρήνης

2170 1216 2263 1267 καὶ
2290 1216 2392 1284 τῆς
2425 1219 2624 1287 χαρᾶς,
2657 1213 2800 1289 ᾗπερ
2833 1219 2930 1272 σὺν
2965 1223 3030 1288 τῇ
3068 1221 3212 1290 ψυχῇ
3249 1221 3347 1275 καὶ
3383 1221 3478 1274 τὸν
3509 1223 3665 1286 ἐκτός
3687 1241 3748 1276 τε

2171 1307 2265 1360 καὶ
2306 1306 2590 1380 ὁρώμενον
2641 1311 2928 1380 ἄνθρωπον
2977 1310 3122 1365 οὑτω
3178 1311 3448 1382 λαμπρῶς
3496 1315 3745 1382 ἐκόσμει,

2170 1397 2314 1452 καθὰ
2358 1399 2424 1470 δὴ
2459 1401 2552 1454 καὶ
2581 1401 2753 1455 είπὼν
2804 1404 2974 1474 ἐφθην
2997 1420 3014 1436 ο
3045 1404 3140 1456 καὶ
3166 1404 3227 1456 τὸ
3266 1404 3489 1458 σύννουν
3536 1405 3624 1458 ἀεὶ
3655 1408 3748 1457 καὶ

2170 1493 2651 1562 κατανενυγμένον
2702 1494 3050 1564 καθορῶντες
3094 1495 3370 1549 ἀσκοῦντα
3400 1499 3495 1548 καὶ
3533 1497 3702 1563 νῆφον
3728 1512 3743 1525 ’

2165 1583 2290 1636 ὅθεν
2319 1584 2426 1652 ἄρα
2458 1585 2631 1638 καὶτὸ
2665 1587 2855 1639 καινὸν
2880 1587 3058 1640 ἐκεῖνο
3090 1589 3184 1642 καὶ
3214 1589 3492 1658 ὑπερφυὲς
3514 1587 3624 1639 τῶν
3655 1588 3748 1640 δα-

2168 1676 2354 1750 κρύων
2408 1675 2591 1744 ῥεῦμα
2630 1677 2824 1748 πόρρω
2875 1678 3076 1740 παντὸς
3110 1677 3420 1732 οὑτινοσοῦν
3449 1682 3542 1731 καὶ
3586 1677 3747 1743 λόγου

2168 1766 2266 1817 καὶ
2298 1766 2764 1836 παραδείγματος.
2805 1769 2910 1820 Καὶ
2939 1768 2968 1820 ό
3006 1769 3105 1837 μὲν
3166 1767 3550 1829 ταπεινώσεως
3583 1768 3750 1820 αὑτὸν

483 1857 583 1908 καὶ
624 1855 790 1910 αὑτὸν
857 1856 1314 1922 συγκαταπαύειν
1371 1857 1460 1907 τὸν
1515 1854 1717 1923 δρόμον
1777 1853 2063 1922 μέλλοντα.
2102 1841 2144 1896 Β
2171 1857 2442 1910 ἀπεκάλει
2481 1858 2761 1928 θησαυρόν
2807 1877 2930 1912 τινα
2978 1861 3072 1914 καὶ
3107 1862 3354 1928 ταμεῖον,
3390 1861 3484 1912 καὶ
3545 1859 3751 1927 μηδένα

497 1949 738 2010 Ἐκεῖνος
768 1949 862 2003 καὶ
893 1949 1002 2019 γάρ
1027 1949 1116 2003 διὰ
1147 1950 1328 2018 πάσης
1362 1947 1504 2011 ίδέας
1530 1947 1806 2017 ἐληλυθὼς
1840 1946 2063 2017 ἀρετῆς,

481 2043 582 2108 ὅση
616 2058 676 2092 τε
707 2039 802 2093 τοῦ
858 2041 1019 2107 λόγου
1049 2041 1142 2094 καὶ
1187 2041 1288 2108 ὅση
1321 2040 1420 2107 τῆς
1454 2039 1735 2108 πράξεως,
1783 2038 1812 2091 ὃ
1865 2039 1928 2106 δὴ
1970 2039 2068 2092 καὶ

486 2133 704 2203 φθάσας
737 2134 1004 2203 είρήκειν,
1041 2135 1135 2185 καὶ
1181 2132 1325 2185 οὑτω
1359 2133 1466 2186 κάν
1509 2134 1624 2206 τοῖς
1671 2131 1903 2185 καθόλου
1963 2130 2066 2182 κάν

481 2231 598 2290 τοῖς
650 2227 795 2282 κατὰ
831 2228 996 2298 μέρος
1047 2227 1254 2280 ἅπασιν
1287 2224 1692 2296 εὑδοκιμηκὼς,
1739 2224 1815 2287 ὼς
1846 2225 1923 2292 μὴ
1962 2223 2063 2291 μό⁶

481 2338 574 2374 νον
618 2323 747 2387 τοὺς
787 2322 966 2392 ἱεροὺς
1013 2320 1175 2389 ὄρους
1215 2321 1312 2373 καὶ
1360 2321 1486 2382 τοὺς
1532 2317 1766 2381 κανόνας
1821 2317 2066 2376 ἐκείνους

483 2413 609 2467 καθ’
640 2412 950 2483 ὑπερϐολὴν
1005 2415 1165 2481 εἰπερ
1207 2413 1352 2473 τινὲς
1390 2411 1498 2463 τῶν
1534 2409 1752 2462 πάντων
1803 2409 2065 2478 τηρῆσαι,

483 2506 740 2575 σώματος
769 2504 876 2568 ἐξω
903 2504 1080 2556 δοκῶν
1130 2503 1266 2573 μετὰ
1299 2502 1575 2572 σώματος,
1601 2501 1697 2554 καὶ
1736 2502 1826 2554 τὸν
1857 2502 2066 2572 ἀνθρω-

485 2615 592 2652 πον
617 2596 988 2666 ὑπερϐαίνων,
1031 2595 1168 2648 ἀλλά
1216 2595 1310 2648 καὶ
1341 2591 1520 2647 κανὼν
1547 2593 1710 2653 αὑτὸς
1755 2591 1890 2660 ὁμοῦ
1926 2591 2063 2644 πάν-

481 2707 597 2746 των
651 2689 881 2744 ἐκείνων
919 2689 1014 2742 καὶ
1054 2687 1270 2756 στάθμη
1312 2687 1424 2748 τοῖς
1473 2684 1592 2755 μετ’
1631 2683 1794 2737 αὑτὸν
1843 2700 2065 2752 χρημα-

483 2783 657 2848 τίσαι,
715 2782 813 2844 τάς
843 2779 1153 2850 ὑπερϐολάς
1200 2779 1292 2830 καὶ
1324 2776 1421 2839 τὰς
1459 2775 1724 2844 ἐλλείψεις
1754 2773 1890 2843 ὁμοῦ
1923 2789 2067 2840 παρ-

485 2874 834 2943 αιτούμενος,
891 2872 920 2925 ὃ
961 2872 1026 2941 δὴ
1071 2873 1166 2924 καὶ
1206 2869 1443 2938 χαλεπὸν
1493 2866 1578 2932 ἐφ’
1628 2868 1708 2918 ἐνὶ
1756 2863 2064 2934 συνδραμὺν

485 2966 752 3029 πολλάκις
778 2965 916 3019 κάπὶ
957 2964 1070 3016 τῶν
1094 2962 1340 3033 ἀρχαίων
1367 2961 1570 3028 εὑρεῖν,
1610 2958 1702 3010 καὶ
1749 2956 1924 3026 μέγας
1968 2954 2064 3006 καὶ

483 3061 673 3122 καινός
700 3075 783 3121 τις
821 3055 1164 3116 παντοδαπός
1199 3071 1281 3114 τις
1315 3051 1376 3105 ἐν
1405 3054 1517 3113 τοῖς
1547 3049 1800 3118 ἐσχάτοις
1832 3047 1930 3099 καὶ
1962 3061 2060 3098 τα-

482 3153 692 3214 πεινοῖς
736 3151 976 3203 τουτοισὶ
1010 3148 1223 3216 καιροῖς
1269 3142 1558 3213 γενόμενος
1609 3142 1791 3207 ἅγιος,
1831 3137 1906 3200 ὡς
1937 3135 2062 3206 μηδ’
2087 3182 2132 3214 ρ

2087 3217 2134 3244 υ
2169 3246 2277 3300 ρων
2307 3233 2402 3283 καὶ
2436 3232 2714 3301 κορυφαία
2759 3232 2913 3300 δυὰς,
2964 3232 3180 3293 Σάϐϐας
3212 3249 3275 3286 τε
3322 3233 3417 3286 καὶ
3460 3232 3735 3300 Γερμανὸς

488 3246 637 3314 ἐχειν
675 3243 929 3295 τάκείνου
968 3242 1080 3301 τοῖς
1115 3237 1240 3291 κατ’
1284 3237 1496 3288 ἐκεῖνον
1531 3229 1773 3304 εὐχερῶς
1803 3230 1894 3283 διά
1926 3228 2064 3281 πάν-

486 3353 598 3388 των
628 3331 944 3396 ἐξισοῦσθαι
972 3332 1066 3384 καὶ
1095 3326 1573 3397 παραϐάλλεσθαι,
1613 3325 1798 3376 ἐκεῖνα
1830 3319 2066 3382 καὶτοῖς

485 3423 617 3491 ἐξῆς
649 3420 1042 3474 καταλέλοιπεν
1094 3420 1160 3472 ἐκ
1187 3415 1404 3476 ,πολλοῦ
1441 3415 1585 3470 πάνυ
1613 3413 1711 3467 τοῦ
1757 3411 2062 3482 περιόντος,

482 3517 559 3577 ὼς
611 3515 880 3568 ἰδιαίτατα
937 3513 1033 3564 καὶ
1087 3512 1349 3582 προσφυᾶ
1400 3509 1502 3579 τῆς
1553 3506 1798 3577 μεγάλης
1845 3504 2063 3574 ἐκείνης

483 3607 688 3678 ἀρετῆς
729 3607 822 3659 καὶ
875 3603 1057 3673 ψυχῆς
1109 3603 1280 3665 ὄντως
1331 3599 1693 3670 γνωρίσματα
1742 3599 1836 3651 καὶ
1881 3597 2062 3664 λέγειν

480 3698 620 3769 ὁμοῦ
646 3700 739 3751 καὶ
765 3696 1072 3766 θαυμάζειν
1097 3713 1113 3727 ο
1143 3695 1202 3747 τὸ
1231 3693 1352 3762 μεθ’
1376 3691 1686 3762 ὑπερϐολῆς
1711 3704 1854 3760 φημι
1884 3691 2062 3760 πρᾶον

483 3795 578 3846 καὶ
624 3791 878 3846 ταπεινὸν
911 3791 1009 3858 τῆς
1065 3787 1282 3857 ψυχῆςο
1316 3785 1380 3838 τὸ
1431 3785 1610 3855 πάσης
1653 3785 1826 3855 ὀργῆς
1869 3800 1930 3837 τε
1969 3785 2063 3836 καὶ

485 3883 709 3954 μήνιδος
749 3880 912 3942 αὑτός
941 3896 1001 3932 τε
1027 3877 1249 3946 μακρὰν
1283 3871 1423 3928 εἶναι
1451 3875 1540 3929 διὰ
1570 3875 1793 3938 παντὸς,
1831 3875 1926 3927 καὶ
1950 3873 2062 3925 τῶν

479 3976 856 4048 ὀργιζομένων
909 3971 1030 4025 κατ’
1069 3969 1236 4023 αὑτοῦ
1281 3971 1378 4021 καὶ
1415 3967 1734 4023 λυπούντων
1785 3963 2062 4035 μακροθύ-

484 4085 605 4134 μως
636 4066 776 4134 ἄγαν
833 4063 1146 4133 ἀνέχεσθαι,
1197 4059 1294 4113 καὶ
1329 4061 1554 4128 προσέτι
1607 4057 1706 4111 καὶ
1759 4060 1873 4118 τοῖς
1921 4055 2064 4110 κατὰ

479 4161 718 4228 δύναμιν
765 4155 990 4224 ἀγαθοῖς
1039 4155 1134 4207 καὶ
1183 4153 1362 4220 λόγοις
1402 4153 1498 4206 καὶ
1527 4151 1738 4219 ἐργοις,
1799 4149 1895 4203 καὶ
1927 4151 2060 4202 πᾶσι

480 4253 710 4326 τρόποις
766 4249 974 4303 ἐθέλειν
1004 4247 1365 4317 ἀμείϐεσθαι·
1403 4245 1463 4298 τὸ
1507 4244 1580 4314 μὴ
1625 4243 1694 4295 τὰ
1725 4243 1866 4297 κατά
1895 4257 2062 4294 τινων

484 4346 726 4408 ιὺκόλως
756 4344 832 4404 ὡς
884 4343 1043 4410 ἐτυχε
1095 4338 1408 4408 λαλούμενα
1452 4335 1877 4405 παραδέχεσθαι,
1925 4335 2062 4402 ὅπερ

478 4441 577 4494 καὶ
607 4439 744 4491 πᾶσι
798 4434 898 4505 μὲν
932 4431 1242 4504 ἀνθρώποις
1286 4430 1494 4500 σχεδὸν,
1543 4428 1666 4481 κατ’
1697 4425 1980 4498 ἐξαίρετον
2005 4426 2059 4478 δὲ

2173 1949 2297 2002 τινά
2333 1967 2464 2002 ποτε
2499 1951 2736 2021 μοναχὸν
2767 1951 2896 2005 ίδεῖν
2926 1953 2982 2018 ἐξ
3009 1952 3307 2020 ἐφαμίλλου
3337 1951 3615 2021 χωροῦντα
3643 1952 3751 2002 διε-

2173 2038 2462 2093 ϐεϐαιοῦτο
2493 2043 2560 2112 τῇ
2614 2041 2781 2095 αὑτοῦ
2832 2049 3332 2112 ταπεινοφροσύνῃ,
3370 2045 3463 2094 καὶ
3507 2041 3660 2094 ταῦτ’
3693 2046 3749 2094 ἐν

2171 2128 2444 2183 τοσούτων
2495 2130 2620 2200 ὕψει
2677 2133 2774 2186 καὶ
2824 2132 3022 2202 πλήθει
3082 2131 3524 2202 κατορθωμάτων
3588 2133 3749 2185 θείων

2170 2219 2286 2289 ἅμα
2320 2222 2412 2275 καὶ
2441 2221 2822 2292 ἀνθρωπίνων,
2864 2219 2941 2279 ὧν
2971 2225 3106 2296 μηδὲ
3142 2225 3209 2277 τά
3243 2227 3406 2294 μέρη,
3448 2226 3602 2294 φησὶ,
3636 2227 3748 2284 τοῖς

2169 2310 2266 2364 νῦν
2293 2311 2424 2380 παρ’
2459 2313 2594 2382 ἡμῖν
2624 2313 2976 2384 εὐδοκιμοῦσι
3008 2316 3266 2384 καθαρῶς
3311 2315 3508 2385 ἐφεξῆς
3543 2316 3746 2385 πρόσε-

2170 2419 2308 2458 στιν.
2356 2403 2414 2457 '0
2447 2403 2504 2457 δὲ
2539 2406 2708 2475 μηδὲν
2749 2405 2905 2473 ἔλεγε
2949 2406 3061 2461 τῶν
3105 2409 3218 2469 τοῖς
3247 2407 3424 2472 ἁγίοις
3471 2407 3747 2475 κατορθω-

2169 2495 2371 2550 θέντων
2421 2495 2714 2566 μηδοτιοῦν
2753 2499 2973 2552 ἀπεῖναι
3006 2500 3098 2553 τοῦ
3142 2499 3440 2569 μακαρίου,
3472 2501 3521 2552 εί
3559 2502 3634 2566 μὴ
3685 2499 3747 2550 τι»

2169 2586 2429 2656 θαύματα
2457 2589 2552 2641 καὶ
2603 2589 2768 2643 αὑτὸν
2823 2591 2946 2644 κατ’
2980 2591 3224 2652 ἐκείνους
3275 2591 3517 2642 ἐκτελεῖν
3552 2588 3698 2658 ἔχειν
3727 2603 3741 2619 ⁸

2166 2681 2307 2749 ὅπερ
2335 2680 2384 2730 εί
2429 2679 2738 2750 βουληθείη,
2791 2684 2885 2735 καὶ
2935 2683 3088 2743 αὑτὸ,
3115 2683 3253 2752 φησὶ
3302 2681 3454 2752 παρὰ
3488 2681 3622 2734 Θεοῦ
3649 2699 3740 2733 κο-

2170 2774 2377 2842 μιεῖται
2428 2774 2603 2844 ῥᾷστα
2629 2790 2643 2804 ⁸
2679 2775 2742 2828 τὸ
2775 2775 2832 2829 δέ
2865 2776 2973 2845 ἄρα
3007 2775 3102 2828 καὶ
3150 2775 3456 2847 πρόρρησις
3503 2771 3569 2843 ἦν
3601 2774 3742 2841 ὑπὲρ

2167 2863 2361 2918 τούτου
2399 2865 2679 2936 υνεύματι
2703 2865 2834 2939 θείῳ
2865 2866 2944 2938 τῷ
2975 2867 3218 2938 θεοφόρῳ
3248 2867 3442 2936 ἐκείνῳ
3489 2867 3742 2937 ρηθεῖσα.

2167 2953 2244 3017 ὼς
2271 2956 2414 3010 αὐτά
2458 2973 2522 3024 γε
2560 2961 2629 3010 τά
2678 2959 2981 3029 πράγματα
3011 2957 3108 3013 νῦν
3159 2959 3292 3028 ἡμῖν
3338 2959 3542 3028 ἀρτίως
3584 2961 3746 3028 παρί-

2169 3061 2376 3114 στησιν.

2249 3137 2315 3191 Ἠ
2352 3137 2410 3190 δὲ
2440 3137 2728 3210 θαυμαστὴ
2773 3141 2882 3193 τῶν
2913 3140 3247 3210 θαυμαστῶν
3291 3139 3520 3192 ἐκείνων
3557 3137 3735 3191 [1115'-

2164 3321 2216 3374 οί
2257 3323 2520 3390 γενναῖοι,
2563 3323 2631 3376 τὰ
2668 3322 2766 3378 τοῦ
2792 3324 2992 3379 σεπτοῦ
3047 3320 3196 3380 Ἇθω
3247 3325 3420 3378 σεπτὰ
3461 3321 3738 3377 καλλωπί-

2167 3430 2371 3484 σματα,
2407 3408 2482 3469 ὧν
2507 3417 2604 3471 καὶ
2645 3418 2807 3488 ἡμεῖς
2848 3419 2949 3488 ἥδη
2996 3419 3090 3471 τὸν
3132 3417 3339 3488 θεοειδῆ
3389 3418 3501 3488 βίον
3544 3431 3604 3468 τε
3645 3415 3739 3468 καὶ

2163 3506 2265 3577 τὴν
2294 3508 2572 3562 πολιτείαν
2601 3509 2659 3561 ἐν
2678 3510 2801 3564 δυσὶ
2852 3510 3036 3578 λόγοις
3069 3509 3377 3578 φθάσαντες
3427 3507 3735 3564 ἐκδεδὼκα·

2169 3616 2292 3669 μεν,
2336 3601 2516 3654 τοιάδε
2565 3603 2694 3668 περὶ
2738 3601 2834 3656 τοῦ
2887 3603 3128 3672 μεγάλου
3177 3603 3257 3674 τῷ
3309 3603 3406 3673 βίῳ
3455 3602 3738 3673 περιόντος

2167 3694 2282 3748 ὖντι
2305 3693 2442 3763 πρὸς
2475 3695 2623 3764 ἡμᾶς
2670 3695 2860 3765 ῶσπερ
2890 3696 2998 3749 ἀπὸ
3051 3697 3183 3765 μιᾶς
3229 3695 3474 3762 γλώττης
3515 3695 3740 3764 είρήκα-

2166 3803 2272 3841 σιν.
2316 3787 2531 3854 Ἡμεῖς,
2563 3787 2750 3854 φασὶν,
2781 3787 2843 3840 οὑ
2868 3787 2928 3840 τὸ
2956 3790 3200 3841 συνεῖναι
3233 3788 3395 3858 μόνον
3431 3786 3524 3839 καὶ
3563 3803 3735 3855 προσ-

2163 3880 2296 3949 ορᾷν
2329 3896 2388 3932 τε
2443 3879 2538 3933 καὶ
2566 3881 2778 3949 ὁμιλεῖν
2824 3882 2983 3947 είπερ
3032 3876 3145 3934 οἷόν
3192 3897 3253 3932 τε
3297 3880 3473 3933 διόλου
3503 3878 3580 3948 τῷ
3611 3879 3740 3931 θαυ-

2166 3974 2358 4043 μαστῷ
2393 3975 2682 4048 Γρηγορίῳ
2712 3977 2858 4044 μέγα
2887 3994 2942 4030 τι
2985 3979 3080 4030 κα)⁸
3101 3976 3430 4046 ψυχωφελὲς
3458 3975 3737 4046 ἡγούμεθα

2163 4065 2259 4118 καὶ
2294 4067 2585 4135 σωτήριον,
2617 4067 2754 4120 ἀλλὰ
2783 4068 2878 4120 καὶ
2929 4069 3045 4131 τοῖς
3091 4069 3199 4121 τῶν
3230 4068 3408 4122 ποδῶν
3458 4069 3736 4136 ἐμϐαδίοις

2165 4155 2397 4220 ἐκείνου,
2434 4157 2594 4228 εἴπερ
2623 4159 2842 4226 εἴχομεν
2873 4162 2996 4222 ταῖς
3029 4161 3185 4229 χερσὶ
3220 4161 3608 4230 περιφέροντες
3636 4177 3737 4211 πυο

2163 4248 2270 4301 κνά
2297 4249 2394 4302 καὶ
2431 4250 2757 4316 καταφιλεῖν
2788 4252 2882 4304 καὶ
2921 4252 3320 4323 προσφύεσθαι,
3351 4253 3445 4304 καὶ
3469 4252 3733 4318 ὡφελείας

2162 4339 2300 4408 ὁμοῦ
2337 4339 2440 4408 τῆς
2473 4341 2768 4409 μεγίστης,
2818 4342 2912 4394 καὶ
2962 4343 3238 4412 ἀγιασμοῦ
3286 4342 3434 4396 τοῦθ’
3485 4345 3618 4413 ἡμῖν
3669 4343 3735 4396 ἂν

2163 4431 2447 4500 ἐνομίζετο
2475 4431 2756 4502 πρόξενον.
2789 4435 3026 4488 Τοιαῦτα
3069 4435 3148 4506 τῷ
3189 4437 3324 4506 παρ’
3349 4437 3510 4504 ἡμῶν
3571 4438 3731 4490 ἐπαι-

477 4534 592 4594 τοῖς
622 4532 854 4600 ἄρχουσι
905 4525 1016 4596 πρὸ
1064 4524 1175 4576 τῶν
1205 4522 1379 4576 ἄλλων
1427 4519 1755 4588 ἐπιφύεσθαι
1788 4519 2058 4586 πέφυκεν.
2091 4539 2134 4595 υ
2162 4526 2410 4595 νουμένῳ
2444 4525 2767 4596 συνῄδεσαν,
2801 4528 2897 4581 καὶ
2930 4527 3233 4596 τηλικαῦτα
3266 4529 3458 4598 ἐξῆγον
3488 4531 3588 4591 τὰς
3614 4530 3732 4581 κατ’

478 4627 540 4692 ἐξ
568 4621 629 4680 οῦ
663 4625 761 4679 καὶ
799 4621 923 4693 μεθ’
953 4615 1037 4686 οῦ,
1071 4617 1260 4672 καῖ’τδ
1305 4618 1568 4686 λοιδορεῖν
1606 4614 1701 4668 καὶ
1729 4616 2057 4684 κατηγορεῖν

475 4720 552 4780 ὡς
583 4717 676 4770 ἐπὶ
716 4716 852 4769 πολὺ
879 4711 1121 4772 καὶτοὺς
1152 4707 1503 4773 ἀνευθύνους,
1535 4709 1627 4759 καὶ
1654 4707 1682 4758 ὁ
1703 4707 1798 4775 τῆς
1835 4706 2058 4775 ἀγάπης

477 4809 790 4879 ἁφανισμὸς
823 4808 999 4878 ῥᾷστα.
1041 4806 1154 4865 τοῖς
1184 4804 1260 4870 μὴ
1291 4803 1554 4868 νήφουσιν
1585 4800 1926 4867 ἐπιγίγνεται
1953 4814 1968 4828 ⁸
1997 4798 2060 4851 τὸ

477 4904 619 4973 πρὸς
652 4904 714 4955 τὸ
759 4900 1030 4967 ὑπερέχον
1061 4897 1162 4948 οὑκ
1196 4892 1506 4960 ἐλευθέριον
1543 4890 1706 4960 μόνον
1739 4893 1832 4944 καὶ
1877 4891 2055 4958 πάσης

477 4995 710 5064 ἀγενοῦς
755 4992 1045 5051 κολακείας
1091 4987 1388 5054 ἀνώτερον,
1421 4984 1535 5035 ἀλλ’
1562 4983 1710 5035 ἐστιν
1738 4983 1828 5036 ὅτε
1872 4982 1966 5036 καὶ
2000 4984 2057 5036 ἐν

477 5083 560 5148 οἷς
589 5085 684 5136 καὶ
734 5082 961 5152 στεῤῥὺν
993 5079 1090 5131 καὶ
1122 5076 1434 5139 ἀντίτυπον,
1481 5073 1670 5142 ὥσπερ
1710 5068 1776 5126 αὑ
1813 5073 1873 5126 τὸ
1922 5073 2057 5142 πρὸς

478 5177 542 5230 τὸ
569 5173 830 5229 ταπεινὸν
884 5167 1241 5238 κηδεμονικὸν
1285 5165 1382 5217 καὶ
1415 5163 1538 5218 καθ’
1572 5165 1876 5235 ὑπερϐολὴν
1922 5182 2057 5234 χρη-

481 5268 608 5322 στὸν
642 5269 737 5318 καὶ
761 5262 1147 5333 φιλάνθρωπον
1168 5273 1182 5286 '
1207 5257 1269 5310 τὸ
1295 5259 1620 5325 καρτερικὸν
1648 5258 1705 5309 ἐν
1731 5259 2058 5326 πειρασμοῖς

479 5360 580 5410 καὶ
627 5355 904 5409 ἀνάλωτον
930 5366 944 5380 ·
983 5351 1043 5402 το
1075 5349 1211 5415 πρὶς
1243 5349 1424 5399 πᾶσαν
1471 5346 1662 5414 ἡδονὴν
1686 5346 2053 5415 ἀνθρωπείαν,

480 5451 584 5515 ὅση
623 5462 682 5498 τε
723 5441 844 5496 καθ’
877 5440 1078 5510 ἑαυτὴν
1117 5440 1212 5505 τῆς
1243 5439 1444 5508 ψυχῆς,
1473 5442 1566 5491 καὶ
1597 5440 1698 5509 ὅση
1725 5438 1819 5492 τοῦ
1851 5455 2058 5507 συναμο

483 5535 742 5604 φοτέρου,
786 5531 906 5600 μεθ’
938 5531 1240 5599 ὑπερϐολῆς
1273 5529 1554 5582 ἀνένδοτον
1581 5532 1674 5583 καὶ
1703 5529 2020 5598 ἀμείλικτον
2039 5545 2054 5558 ·

2161 4617 2327 4670 αὑτοῦ
2353 4617 2677 4685 θαυμαστὰς
2695 4617 2913 4688 ψήφους
2943 4620 2993 4671 οί
3027 4619 3260 4684 μεγάλοι
3279 4621 3378 4688 τῆς
3407 4621 3735 4690 διακρίσεως

2161 4709 2343 4777 λύχνοι
2397 4711 2618 4773 ἐκεῖνοι,
2652 4711 2729 4773 ὡς
2775 4710 2839 4774 ἐξ
2869 4711 3066 4779 ὀλίγων
3108 4712 3274 4765 τινῶν
3317 4711 3643 4781 παραδεῖξαι
3674 4714 3735 4764 τὸ

2161 4800 2305 4852 πᾶνο
2344 4800 2545 4868 μᾶλλον
2596 4799 2654 4852 δὲ
2710 4801 2806 4854 καὶ
2852 4799 3221 4870 ψηφίζονται,
3273 4804 3369 4857 καὶ
3419 4803 3647 4872 λαμπρᾷ
3671 4807 3734 4872 τῇ

2160 4894 2313 4962 φωνῇ
2343 4893 2466 4945 καθ’
2494 4892 2737 4961 ἑκάστην
2766 4894 2954 4963 σχεδὸν
2977 4895 3074 4947 καὶ
3103 4895 3437 4964 κηρύττουσι
3461 4897 3552 4948 καί
3586 4897 3733 4949 διδά-

2161 4999 2379 5047 σκουσι,
2413 4985 2508 5036 καὶ
2537 4982 2714 5050 λόγοις
2742 4983 2836 5036 καὶ
2865 4983 3159 5053 γράμμασι
3191 4985 3395 5046 πάντες
3433 4985 3482 5037 οί
3523 4985 3737 5054 περιόν-

2157 5089 2248 5133 τες
2277 5073 2354 5124 ἐτ’
2393 5075 2450 5124 ἐν
2484 5075 2649 5143 σαρκὶ
2693 5073 2804 5128 τῶν
2834 5075 3110 5144 θεοφόρων
3145 5077 3390 5142 ἐκείνων,
3425 5077 3519 5130 καὶ
3559 5077 3733 5144 γλώτ-

2159 5181 2258 5234 της
2285 5165 2520 5234 τρυφὴν,
2544 5166 2639 5218 καὶ
2665 5165 2819 5217 θείαν
2844 5166 3022 5235 ψυχῆς
3055 5167 3273 5236 ἡδονὴν,
3307 5168 3400 5221 καὶ
3441 5169 3730 5238 ἀσκήσεως

2161 5255 2439 5325 ἀφορμὴν,
2493 5255 2586 5308 καὶ
2635 5255 2890 5324 πράξεως
2944 5257 3064 5316 ἅμα
3124 5258 3218 5308 καὶ
3266 5259 3497 5328 θεωρίας
3545 5258 3732 5328 ῶσπερ

2160 5347 2498 5418 ἐμπύρευμά
2526 5365 2577 5401 τι
2607 5349 2667 5402 τὸ
2693 5349 2836 5401 κατὰ
2866 5349 3014 5402 τόνδε
3048 5350 3140 5402 τὸν
3182 5351 3359 5419 μέγαν
3391 5354 3732 5421 πεποίηνται.

2173 5440 2280 5493 Ἐῶ
2307 5441 2415 5510 γὰρ
2455 5440 2550 5492 νῦν
2583 5441 2723 5493 κατὰ
2756 5441 2926 5510 μέρος
2954 5441 3141 5508 λέγειν
3179 5442 3246 5494 τὰ
3285 5445 3398 5504 τοῖς
3425 5444 3482 5496 ἐν
3506 5443 3633 5513 τῇδε
3669 5445 3731 5511 τῇ

2164 5533 2534 5604 βασιλευούσῃ
2575 5535 2762 5602 σοφοῖς
2805 5551 2864 5586 τε
2909 5535 3004 5586 καὶ
3046 5533 3361 5599 σπουδαίοις
3403 5535 3732 5604 θαυμαστῶς

480 5629 542 5680 τὸ
579 5627 679 5694 τῆς
720 5622 949 5691 καρδίας
984 5622 1190 5690 ἤρεμόν
1228 5639 1285 5673 τε
1317 5622 1411 5674 καὶ
1440 5621 1675 5691 γαληνὸν
1706 5621 1799 5673 καὶ
1835 5620 1932 5688 ἡδὺ
1971 5621 2060 5673 καὶ
2163 5627 2434 5695 είρημὲνα
2460 5628 2589 5695 περὶ
2619 5625 2808 5688 αὑτοῦ,
2850 5629 2964 5688 τοῖς
2993 5644 3052 5679 τε
3095 5626 3426 5697 προύχουσιν
3458 5630 3515 5681 ἐν
3547 5632 3728 5696 ἀρχιεο

481 5720 674 5787 χάριεν
720 5715 929 5784 ἄκρως,
961 5713 988 5765 ὃ
1038 5715 1130 5767 καὶ
1177 5715 1254 5778 εἰς
1286 5714 1597 5784 ἀκροτάτην
1647 5711 1760 5778 ἐξιν
1802 5711 1916 5776 ἰὼν,
1967 5716 2061 5764 καὶ
2166 5716 2320 5786 ρεὺσί
2361 5735 2506 5787 φημι
2557 5717 2702 5785 λόγῳ
2756 5719 2850 5770 καὶ
2897 5719 3093 5788 ἀρετῇ,
3147 5719 3242 5772 καὶ
3297 5721 3413 5771 ὅσοι
3466 5720 3573 5773 τῶν
3628 5718 3726 5784 τῆς

484 5811 720 5869 ποιωθὲν
756 5809 920 5865 οἱονεὶ
949 5809 1122 5880 ταύτῃ
1162 5811 1251 5862 καὶ
1291 5808 1669 5873 συνουσιωθὲν,
1706 5807 1792 5861 διὰ
1828 5806 1936 5860 τῶν
1977 5809 2058 5860 αξ-
2166 5809 2473 5879 συγκλήτου
2508 5809 2770 5877 λογάδων,
2803 5811 2895 5862 καὶ
2931 5809 2996 5879 δὴ
3045 5813 3138 5862 καί
3167 5811 3273 5864 τῶν
3312 5814 3400 5863 τὸν
3447 5809 3727 5880 μοναδικόν
