4082 6416
511 425 622 488 635

1778 430 2161 496 GREGORII
2199 430 2525 494 PALAM/E

3669 435 3775 499 636

485 545 639 614 1m;
697 543 860 597 αὐτὸν
915 547 1052 614 μετά
1085 545 1261 620 βραχῦ
1317 548 1412 603 καὶ
1447 551 1546 620 τῆς
1599 552 1746 616 ζωῆς
1803 551 2093 619 ὑπεξάγει.
2122 549 2177 606 Α
2199 550 2788 620 προαπονεκρωθέντα,
2812 549 2888 614 ὠς
2921 549 3089 622 μηδὲν
3117 546 3338 604 ἀποδεῖν
3361 547 3652 602 καὶταῦτα
3678 551 3774 616 τῆς

528 636 672 688 Ἀλλ’
701 639 908 692 ἐκεῖνος
932 643 1025 695 καὶ
1059 641 1267 712 ταύτης
1299 641 1574 714 ἀνώτερος
1608 643 1706 706 ὣν,
1753 647 1818 716 τῇ
1850 662 1909 697 τε
1955 645 2094 715 πρὸς

513 728 649 780 Θεδν
680 728 862 782 νεύσει
893 732 986 784 καὶ
1017 735 1083 801 τῇ
1126 733 1358 804 λαμπρᾷ
1405 735 1501 787 τοῦ
1547 737 1802 804 ποιμνίου
1849 741 2090 807 στοργῇ⁶

517 821 688 886 ἐφίλει
739 841 796 874 τε
855 824 964 894 γάρ
1013 827 1179 890 ἀξίως
1230 832 1324 882 καὶ
1373 829 1710 900 ἀντεφιλεῖτο
1763 832 2094 903 θαυμαστῶς

518 916 608 965 ὑπ’
645 916 877 980 ἐκείνου,
907 918 1050 970 καθά
1080 921 1142 988 δὴ
1188 923 1280 974 καὶ
1317 921 1530 990 φθάσας
1560 925 1804 993 είρήκειν
1827 942 1838 955 ·
1878 926 1946 979 τὰ
1972 925 2109 980 θεῖα⁹

515 1010 609 1060 καλ
640 1009 818 1076 ὑψηλά
861 1012 1107 1075 συνήθως
1163 1014 1402 1067 ἐκτελῶν
1440 1017 1540 1070 οὐκ
1590 1018 1753 1080 ἀνίει,
1798 1019 2088 1087 διδάσκων,

517 1098 819 1169 ίερουργῶν
868 1105 990 1164 ταῖς
1023 1105 1199 1172 ἱεραῖς
1245 1106 1490 1170 τελεταῖς
1523 1108 1631 1160 τῶν
1677 1108 1838 1162 θείων
1882 1127 2095 1178 μυστη-

517 1193 674 1259 ρίων.
711 1195 1089 1260 ὲμπομπεύων
1144 1215 1202 1250 τε
1257 1199 1350 1252 καὶ
1403 1202 1818 1270 πανηγυρίζων,
1852 1204 1948 1255 καὶ⁹
2001 1202 2094 1255 διὰ

517 1285 738 1337 πάντων
768 1288 859 1339 τὸν
889 1289 1085 1342 ἐαυτοῦ
1137 1292 1484 1362 καταρτίζων
1524 1293 1654 1346 λαὸν
1697 1296 1796 1348 καὶ
1823 1293 2093 1362 καθαγιά-

516 1376 650 1440 ζων.
699 1379 838 1431 Ἀλλ’
865 1381 984 1433 ἐπεὶ
1018 1383 1297 1445 κάκεῖνον.
1329 1385 1622 1456 ἄνθρωπον
1649 1387 1952 1456 πεφυκότα,
1995 1389 2093 1440 καὶ

519 1469 617 1534 τῆς
649 1468 862 1534 φύσεως
891 1474 1057 1541 ἐχρῆν
1088 1475 1387 1544 ἠττηθῆναί
1421 1495 1576 1541 ποτε,
1612 1478 1699 1532 ῖνα
1745 1480 1818 1549 μὴ
1846 1481 1943 1534 καὶ
1969 1480 2092 1534 θεία.

517 1575 601 1621 τις
657 1561 784 1631 δόξῃ
843 1565 1006 1632 φύσις
1060 1567 1469 1638 ὕποκρινομένη
1534 1571 1635 1640 τὴν
1700 1573 2088 1643 ἀνθρωπείαν,

518 1653 748 1719 ἡττᾶται
769 1655 922 1721 μόλις
947 1656 1045 1724 τῆς
1065 1659 1250 1724 νόσου,
1277 1663 1375 1716 καὶ
1393 1663 1716 1734 κλινοπετὴς
1731 1664 1808 1718 ὢν
1837 1667 1933 1720 καὶ
1955 1667 2093 1738 πρὸς

519 1745 618 1810 τὴν
667 1746 843 1810 ἔξοδον
875 1748 1109 1815 βλέπων,
1146 1753 1344 1822 χρῆται
1377 1755 1477 1808 καὶ
1513 1751 1673 1820 αὖθις
1706 1757 1777 1810 τά
1804 1758 2092 1814 τελευταῖα

516 1841 580 1905 τῇ
616 1837 904 1910 θαυμαστῇ
941 1842 1189 1914 γλώττῃο
1224 1847 1352 1916 περὶ
1370 1849 1692 1919 πειρασμῶν
1720 1867 1782 1904 τε
1814 1853 1912 1905 καὶ
1953 1869 2092 1922 καρ-

2202 639 2298 692 τοῦ
2344 642 2582 709 μεγάλου
2617 642 2895 712 Στεφάνου
2927 643 3186 711 λαμπρᾶς
3217 643 3313 695 καὶ
3342 640 3614 702 θεοειδοῦς
3647 639 3773 703 θέας

2202 731 2441 802 ἐκείνης,
2498 735 2735 804 ὁπηνίκα
2783 735 2931 806 φημὶ
2987 735 3118 806 περὶ
3163 732 3298 787 Θεοῦ
3332 732 3774 804 δημηγοροῦντος

2200 821 2259 874 ἐν
2293 823 2444 894 μέσῳ
2487 824 2566 894 τῷ
2602 826 2864 898 συνεδρίῳ
2889 827 3000 880 τῶν
3042 825 3331 880 Ἰουδαίων.
3381 825 3772 887 Ἀτενίσαντες,

2200 917 2390 984 φησὶν,
2446 911 2589 970 εἶδον
2634 917 2696 970 τὸ
2745 919 3039 990 πρόσωπον
3067 917 3258 981 αὐτοῦ,
3303 917 3436 971 ὡσεὶ
3483 918 3775 986 πρόσωπον

2201 1005 2438 1073 ἀγγέλου
2459 1024 2474 1038 °
2504 1007 2598 1060 τοῦ
2631 1011 2738 1081 γὰρ
2771 1010 2936 1064 αὐτοῦ
2966 1011 3303 1080 Πνεύματος,
3339 1010 3434 1062 καὶ
3474 1009 3574 1074 τῆς
3605 1008 3776 1072 αὐτῆς

2200 1096 2485 1166 ἐνεργείας
2515 1101 2693 1156 ταῦτα
2737 1104 2990 1167 κάκεῖνα,
3036 1103 3142 1157 κᾶν
3175 1104 3224 1156 οἱ
3265 1101 3533 1155 σκοτεινοὶ
3560 1100 3689 1170 περὶ
3714 1101 3775 1150 τδ

2200 1188 2338 1256 φῶς,
2375 1193 2470 1242 καὶ
2505 1192 2636 1262 περὶ
2683 1192 2781 1263 την
2833 1193 3029 1262 σοφίαν
3076 1193 3412 1254 ἀπαίδευτοι,
3468 1189 3677 1253 τούτοις
3713 1205 3774 1242 τε

2199 1281 2478 1362 κάκείνοις
2505 1284 2850 1354 πλήττωνται
2879 1288 2976 1339 καὶ
3007 1287 3334 1355 ἀντιλέγωσι
3365 1286 3551 1352 πάλιν,
3581 1284 3650 1338 τά
3673 1283 3774 1353 μὲν

2197 1373 2260 1427 τὸ
2288 1375 2553 1444 παράπαν
2575 1377 2686 1431 οὐδ’
2709 1373 2852 1432 εῖναι
2879 1379 2974 1433 τοῦ
3007 1379 3327 1448 Πνεύματος
3352 1378 3771 1449 φανταζόμενοι,

2199 1469 2296 1521 καὶ
2328 1469 2396 1523 δι’
2430 1470 2707 1541 ἑκατέρων
2737 1472 3090 1542 ἀναιροῦντες
3126 1472 3383 1542 ἐκάτερα.
3428 1469 3568 1523 Ἀλλ’
3605 1470 3638 1538 ἡ
3673 1469 3772 1538 μὲν

2198 1565 2431 1630 φανεῖσα
2461 1564 2586 1616 κατ’
2631 1560 2780 1620 οῖκον
2830 1567 3016 1636 ἐκείνη
3065 1566 3409 1636 λαμπρότης.
3456 1566 3554 1634 τῆς
3593 1563 3774 1632 ψυχῆς

2198 1653 2400 1724 δηλαδὴ
2429 1655 2524 1708 τοῦ
2549 1656 2802 1725 σώματος
2831 1658 3120 1729 ἀπιούσης,
3147 1659 3240 1713 δύο
3268 1658 3378 1712 τῶν
3405 1657 3503 1724 τῆς
3542 1654 3773 1720 Ἐκκλη-

2201 1732 2545 1811 σίαςθεατάς
2593 1751 2722 1820 ἔσχε
2763 1751 3017 1820 λογάδας,
3061 1751 3362 1822 ἱερωσύνης
3404 1767 3464 1802 τε
3500 1748 3773 1816 ἀξιώματι

2199 1838 2295 1890 καὶ
2340 1840 2508 1910 ἀρετῇ
2555 1840 2874 1912 παντοδαπῇ
2935 1842 3406 1912 κεκοσμημένους,
3459 1834 3536 1895 ὧν
3577 1840 3774 1908 ἀτεροε

520 1935 709 2001 τερίας
738 1937 872 2004 πρὶς
897 1939 1023 1999 τοὺς
1058 1901 1315 2002 συνόντας
1336 1901 1622 2010 φιλοσοφέῖ
1651 1943 2006 2014 θαυμαστῶς,
2031 1901 2097 2000 ἐκ
2129 1901 2169 1961 Β
2197 1928 2373 1999 δήπου
2404 1931 2502 1985 καὶ
2525 1931 2622 1986 τοῦ
2656 1933 2858 2004 σεμνοῦ
2891 1933 3002 1987 τῶν
3027 1934 3280 2002 μοναχῶν
3301 1935 3417 1987 ἐστι
3441 1932 3771 2000 καταλόγων

517 2045 577 2080 τε
609 2030 719 2080 τῶν
747 2030 910 2082 θείων
942 2031 1174 2099 Γραφῶν
1203 2035 1295 2086 καὶ
1341 2033 1620 2106 λογισμῶν
1646 2039 1740 2090 καὶ
1765 2039 2096 2104 ἀποδείξεων

515 2122 836 2187 ἀναγκαίων
893 2124 1254 2194 πολυτρόπως
1306 2127 1630 2191 ὑποδεικνὺς
1680 2131 1742 2182 τὸ
1790 2131 1849 2196 ἐξ
1909 2131 2095 2184 αὐτῶν

514 2211 731 2283 κέρδος.
763 2217 859 2268 καὶ
885 2216 1010 2278 τοὺς
1043 2220 1174 2287 περὶ
1213 2218 1361 2288 ζωῆς
1392 2220 1488 2273 καὶ
1519 2221 1755 2275 θανάτου
1787 2223 1884 2277 καὶ
1911 2223 2096 2294 ψυχῆς

515 2307 846 2376 προστίθησι
876 2307 1092 2374 λόγους,
1118 2311 1214 2362 καλ⁵
1237 2309 1382 2364 οὕτω
1413 2310 1512 2381 τὴν
1541 2311 1808 2382 ἐκδημίαν
1841 2315 1935 2368 ἐπὶ
1957 2318 2094 2370 πᾶσι

519 2397 802 2466 προλέγει,
839 2400 1076 2468 μυηθεὶς
1118 2401 1329 2455 ἀνωθεν
1360 2404 1458 2456 καὶ
1493 2406 1733 2472 μυήσας,
1763 2406 1842 2468 ὡς
1870 2408 1967 2460 καὶ
1994 2407 2094 2476 τὴν

512 2490 733 2559 ἡμέραν
761 2490 936 2561 αὐτὴν
987 2493 1212 2560 ἐκείνην
1259 2493 1489 2556 πολλαῖς
1537 2495 1806 2566 πρότερον
1851 2500 2094 2568 ἡμέραις

515 2581 877 2649 προαγγεῖλαι
907 2583 1020 2646 τοῖς
1047 2583 1247 2652 φίλοις,
1276 2584 1417 2652 μετά
1444 2585 1545 2654 τὴν
1575 2587 1670 2640 τοῦ
1693 2589 2094 2660 Χρυσορρήμο-

513 2691 606 2736 νος
649 2673 851 2726 αὐτίκα
898 2675 1052 2727 θείαν
1100 2676 1326 2747 τελετὴν
1355 2677 1448 2730 καὶ
1480 2677 1582 2746 τὴν
1615 2680 1874 2750 κοίμησιν
1903 2678 2090 2748 οὖσαν,

511 2764 574 2826 ὃς
612 2766 786 2831 δήπου
841 2766 936 2818 καὶ
968 2765 1107 2834 πρὸς
1165 2767 1361 2822 ἑαυτὸν
1409 2768 1485 2831 ὡς
1532 2770 1841 2840 όμότροπόν
1889 2791 1948 2826 τε
1997 2776 2092 2828 καὶ

517 2855 795 2925 προσφιλῆ
830 2855 924 2908 καὶ
969 2856 1222 2911 σύνοικον
1261 2857 1475 2924 φθάσας
1522 2859 1710 2911 ἐκάλει
1741 2859 1833 2912 τὸν
1879 2861 2090 2928 μέγαν·

512 2947 659 3000 οῦτω
703 2947 801 2999 καὶ
843 2949 954 3015 γάρ
1005 2947 1034 3000 6
1073 2947 1411 3018 προρῤηθείς
1443 2964 1536 3017 μοι
1583 2948 1721 3017 πρὸς
1752 2950 1918 3003 αὑτὸν
1948 2952 2090 3005 κατά

510 3042 641 3097 τοῦς
669 3037 872 3102 ὕπνους
895 3038 1084 3107 ἐδήλου
1115 3040 1258 3100 θεῖος
1285 3041 1558 3109 χρησμός.

589 3130 806 3182 Ἒκειτο
834 3128 1015 3180 τοίνυν
1037 3129 1065 3180 6
1087 3128 1180 3181 τοῦ
1207 3128 1344 3182 Θεοῦ
1367 3130 1661 3200 ἀρχιερεὺς
1685 3131 1784 3203 ῆδη
1811 3133 1879 3186 τὰ
1906 3134 2089 3189 τελευ-

2191 2021 2245 2074 οῖ
2277 2022 2373 2074 καὶ
2421 2025 2660 2093 μηνυταὶ
2690 2025 2987 2094 γεγόνασιν
3039 2025 3268 2096 ὕστερον
3299 2027 3414 2088 τοῖς
3457 2025 3639 2088 ἄλλοις
3663 2023 3772 2076 τῶν

2195 2115 2495 2186 ὑπερφυῶς
2523 2119 2856 2187 δραθέντων.
2889 2121 2997 2190 Τῆς
3045 2121 3104 2174 δέ
3143 2123 3272 2192 περὶ
3299 2121 3398 2192 τὴν
3437 2120 3561 2189 ὄψιν
3599 2121 3765 2189 ὕπερ-

2195 2208 2368 2277 φυοῦς
2393 2209 2590 2279 αῖγλης
2626 2211 2904 2281 μάρτυρες
2948 2211 3100 2266 ἀπαν
3123 2212 3280 2280 γένος
3303 2214 3398 2268 καὶ
3429 2210 3617 2282 ἡλικία
3648 2228 3773 2279 σχε-

2191 2299 2284 2353 δδν
2316 2301 2488 2367 πᾶσα,
2512 2301 2610 2356 καὶ
2633 2302 2823 2366 ἀπλῶς
2853 2304 3016 2367 ὅσους
3041 2305 3075 2374 ἠ
3109 2304 3321 2374 ἐκφορά
3341 2305 3434 2357 καὶ
3470 2306 3504 2371 ἡ
3538 2303 3770 2358 κατάθες

2193 2408 2279 2454 σις
2311 2391 2406 2445 τοῦ
2431 2393 2578 2465 ίεροῦ
2601 2395 2816 2448 ἐκείνου
2845 2396 3044 2466 νεκροῦ
3079 2396 3200 2450 τότε
3233 2397 3369 2466 πρὸς
3405 2397 3603 2465 ἐαυτὴν
3645 2411 3771 2447 συνο

2192 2485 2416 2539 εκάλει⁹
2458 2487 2748 2543 συνεκάλει
2805 2489 2863 2542 δὲ
2909 2490 3020 2560 ἀρα
3067 2489 3252 2543 πᾶσαν
3293 2487 3431 2558 ὁμοῦ
3463 2489 3560 2556 τὴν
3592 2488 3766 2554 πόλιν,

2190 2577 2267 2640 ὡς
2297 2577 2392 2630 καὶ
2429 2578 2522 2631 τὸν
2570 2579 2716 2650 ἱερὸν
2763 2575 2916 2633 οίκον
2962 2580 3082 2634 ὅλον
3120 2580 3190 2633 τά
3222 2581 3273 2633 τ’
3304 2580 3454 2634 ἐνδον
3481 2584 3547 2632 τά
3587 2578 3636 2631 τ’
3663 2577 3768 2643 ἔξω

2193 2671 2648 2740 στενοχωρεῖσθαι
2685 2674 2803 2736 τοῖς
2839 2672 3107 2742 πλήθεσιν
3128 2688 3142 2703 ο
3174 2671 3210 2744 ῆ
3242 2673 3306 2741 δὴ
3348 2673 3442 2726 καὶ
3466 2669 3770 2744 ἀχώριστος

2192 2757 2401 2812 ἐκείνου
2433 2759 2810 2832 διαμεμένηκε
2839 2762 2901 2815 τὸ
2927 2762 3216 2829 παράπαν,
3248 2761 3439 2830 ὥσπερ
3478 2761 3579 2830 τῆς
3617 2761 3769 2831 ἱερᾶς

2189 2850 2395 2923 ψυχῆς,
2447 2851 2594 2906 οὕτω
2647 2855 2704 2907 δέ
2749 2855 2846 2910 καὶ
2891 2855 3002 2909 τῶν
3051 2854 3228 2909 ὀστῶν
3279 2856 3375 2909 καὶ
3413 2854 3514 2925 τῆς
3565 2855 3766 2914 κόνεως

2189 2944 2518 2998 ἀδιαστάτου
2569 2945 2672 3014 τῆς
2721 2947 2977 3001 συνοίκου
3029 2945 3127 2999 τοῦ
3179 2946 3499 3017 Ηνεύματος
3545 2946 3766 3016 χάριτος

2190 3034 2427 3092 είσάπαν
2462 3035 2868 3109 διαμενούσης,
2913 3039 3009 3091 καὶ
3055 3037 3206 3091 θείου
3255 3038 3434 3108 φωτὸς
3469 3032 3637 3103 οἷκον,
3670 3039 3764 3090 καὶ

2191 3125 2492 3194 θαυμάτων
2527 3127 2733 3198 πηγὴν,
2790 3129 2886 3183 καὶ
2935 3129 3132 3200 βρύσιν
3181 3129 3343 3201 ίερῶν
3389 3130 3760 3200 χαρισμάτων,

509 3227 638 3277 ταῖσι
683 3225 882 3284 πνέων.
921 3223 1060 3293 πρὸς
1091 3225 1324 3295 οὐρανόν
1361 3243 1421 3278 τε
1459 3229 1557 3280 καὶ
1587 3229 1656 3280 τὰ
1682 3229 1912 3298 οὐράνια
1933 3232 2086 3285 ἐπει-
2111 3243 2155 3300 ο
2192 3219 2287 3272 καὶ
2315 3221 2497 3274 κοινὸν
2527 3224 2623 3277 καὶ
2655 3222 2929 3276 ἀδάπανον
2963 3223 3220 3293 ἰατρεῖον,
3251 3223 3345 3276 τὸν
3371 3223 3515 3293 ἱερὸν
3549 3223 3759 3277 ἐκείνου

512 3319 765 3384 γόμενος,
811 3318 907 3370 καὶ
931 3317 1087 3372 οὐδέν
1122 3335 1175 3371 τι
1220 3318 1282 3372 τὸ
1317 3322 1588 3389 παράπαν
1631 3321 1780 3385 ἄλλο,
1813 3322 1958 3394 πλὴν
1986 3327 2089 3394 τῆς

511 3411 836 3480 ἀπαγούσης
867 3414 1048 3464 ἐκεῖσε
1089 3412 1332 3480 μελετῶν
1385 3431 1443 3466 τε
1493 3415 1588 3467 καὶ
1639 3416 2084 3487 φανταζόμενος’

506 3505 571 3557 οῦ
609 3505 713 3572 μὴν
743 3503 878 3557 ἀλλά
918 3505 1014 3557 καὶ
1043 3503 1257 3576 γλώττῃ
1303 3503 1450 3558 τοῦτ’
1488 3505 1620 3558 αὐτὸ
1655 3508 1896 3577 συνεχῶς
1945 3509 2085 3565 ὑπο-

507 3592 834 3663 ψιθυρίζων,
859 3595 954 3646 καὶ
975 3595 1086 3656 τοῖς
1119 3595 1340 3646 συνοῦσι
1362 3593 1660 3647 κάντεῦθεν
1690 3596 2084 3666 παραδεικνὺς,

505 3690 634 3741 ὅποι
663 3685 726 3755 δὴ
762 3686 856 3739 καὶ
889 3686 990 3756 τὴν
1023 3685 1341 3738 τελευταίαν
1371 3687 1604 3755 ταυτηνὶ
1641 3689 1923 3742 στέλλεται
1949 3706 1964 3722 ·
2010 3690 2088 3752 ὡς

511 3780 620 3846 γὰρ
650 3780 700 3830 οἱ
737 3778 1023 3846 παρόντες,
1062 3779 1128 3848 τῇ
1161 3779 1298 3846 καλῇ
1341 3777 1590 3848 γλώττῃ,
1637 3779 1893 3850 καθάπερ
1923 3779 2083 3852 ἐφην,

513 3867 984 3940 ὕποψιθυριζούσῃ
1037 3867 1107 3921 τὰ
1161 3868 1450 3922 τελευταῖα
1500 3873 1826 3940 προσέσχον,
1871 3873 2084 3934 οὐδενὸς

510 3963 672 4016 ἄλλου
707 3961 888 4012 πυκνὰ
924 3947 1242 4028 προσιόντος
1289 3957 1435 4029 εἶχον
1483 3960 1705 4013 ἀκούειν
1753 3962 1987 4025 ἐκεῖθεν,
2037 3965 2085 4016 εί

515 4053 590 4124 μὴ
621 4052 715 4104 τοῦ
749 4049 1069 4119 θαυμαστοῦ
1107 4051 1203 4104 καὶ
1233 4049 1380 4102 θείου
1411 4067 1475 4118 γε
1506 4050 1660 4114 ὄντος
1692 4051 1904 4105 ἐκείνου
1936 4053 2086 4119 λέξε-

506 4163 598 4198 σιν
632 4145 824 4204 αὐταίς
861 4141 1063 4195 οὑτωσί
1111 4160 1229 4204 πως
1260 4142 1702 4211 συντεθειμένου,
1747 4145 1819 4198 τά
1848 4144 2087 4215 ἐπουρά-

509 4257 600 4292 νια
621 4241 699 4298 εἰς
729 4237 798 4288 τὰ
831 4237 1132 4305 ἐπουράνια
1149 4251 1163 4264 °
1203 4235 1301 4288 καὶ¹
1335 4233 1493 4287 τοῦτο
1515 4235 1738 4298 πυκνῶς
1761 4238 1857 4289 καὶ
1883 4239 2085 4292 πολλά-

508 4350 617 4395 κις,
651 4329 844 4398 ὥσπερ
876 4331 932 4380 ἐν
964 4328 1200 4397 περιόδῳ
1225 4328 1337 4379 τινὶ
1361 4327 1454 4380 καὶ
1488 4331 1696 4399 στροφῇ
1726 4328 1950 4394 κύκλου,
1979 4331 2086 4394 ἐως

507 4427 541 4494 ὴ
568 4421 851 4476 ἐνοικοῦσα
876 4426 940 4490 τῇ
976 4418 1206 4490 οὐρανίᾳ
1234 4418 1380 4490 ψυχῇ
1414 4418 1534 4472 θεία
1567 4421 1663 4473 καὶ⁵
1691 4421 2085 4492 ύπερουράνιος

505 4521 687 4590 χάρις,
719 4517 812 4570 τοῦ
869 4513 1330 4578 καταλειφθέντος
1360 4515 1484 4584 χοὸς
1522 4516 1618 4568 καὶ
1651 4514 1750 4582 τῆς
1795 4512 2082 4584 συμφυοῦς

506 4571 687 4680 Σεὲὴῖ
715 4609 1016 4662 διαλύσασα
1067 4571 1326 4669 συζυγίας
1347 4571 1392 4668 ,u
1414 4571 1516 4675 τῆν
1567 4606 1662 4659 καὶ
1703 4571 1942 4660 διαθέσει
1988 4571 2082 4660 καῖ
2115 4571 2160 4626 D

505 4699 704 4768 πράξει
728 4698 898 4751 πάλαι
930 4694 1260 4766 θαυμαστῶς
1296 4694 1522 4748 ἐκείνων
1555 4695 1947 4766 ἀπερρωγυῖαν
1991 4697 2082 4749 διὰ

503 4789 616 4842 τῶν
648 4788 922 4856 οὐρανίων
947 4785 1196 4851 ἀγγέλων
1223 4786 1300 4846 εἰς
1323 4784 1551 4854 οὐρανὸν
1579 4782 1746 4848 ἀξίως
1775 4786 2079 4856 μετέστησε

505 4881 604 4932 καὶ
636 4879 705 4931 τὰ
732 4878 1032 4947 ἐπουράνια
1055 4892 1069 4905 °
1104 4876 1235 4946 τρία
1278 4875 1377 4944 μὲν
1429 4875 1523 4946 ἐτη
1569 4877 1666 4928 καὶ
1707 4876 1974 4947 ἐξήκοντα
2005 4878 2075 4931 τά

505 4970 684 5022 πάντα
721 4969 1114 5036 συγγεγονυῖαν
1157 4967 1237 5034 τῷ
1288 4967 1554 5036 συμφύτῳ
1600 4967 1832 5036 σαρκίῳ,
1863 4967 2080 5022 δυοκαί-

503 5063 638 5116 δεκα
667 5063 712 5114 δ’
743 5063 810 5113 ἐκ
855 5060 1060 5113 τούτων
1088 5058 1269 5111 αὐτῶν
1301 5059 1442 5111 κατὰ
1473 5057 1573 5129 τὴν
1603 5057 1702 5126 τῆς
1748 5059 2080 5129 Ἐκκλησίας

503 5153 830 5222 θαυμαστὴν
895 5149 1234 5220 προστασίαν
1286 5149 1480 5219 ἐκείνῳ
1543 5150 2080 5222 συνδιηγωνισμένην

485 5248 640 5316 πρός
676 5244 736 5296 τὸ
766 5243 962 5313 ἥμισυ.

590 5335 976 5404 ,Επισημαίνει
1005 5350 1071 5402 γε
1113 5335 1222 5404 μὴν
1268 5334 1366 5389 καὶ
1409 5335 1524 5398 τοῖς
1560 5336 1719 5401 ἐκτδς
1754 5337 2008 5403 ἐξαισίως
2042 5343 2076 5412 η

505 5427 848 5498 παντουργδς
904 5425 1042 5495 αὕτη
1099 5425 1194 5479 τοῦ
1248 5425 1566 5496 Πνεύματος
1622 5430 1782 5498 χάρις
1813 5431 2075 5484 κάκεῖναο

507 5519 648 5586 φωτὶ
679 5518 779 5586 μὲν
811 5517 1206 5587 περιλάμψασα
1238 5519 1300 5573 τὺ
1332 5521 1424 5574 τὸν
1461 5524 1653 5591 νεκρὸν
1700 5525 1822 5594 ἔχον
1864 5525 2076 5578 ἐκείνου

503 5611 800 5676 δωμάτιον,
830 5609 946 5678 ἅμα
974 5613 1038 5681 τῇ
1073 5611 1238 5682 ἐξόδῳ
1263 5617 1361 5682 τῆς
1389 5613 1570 5683 ψυχῆς
1598 5613 1734 5684 ξένῳ
1757 5631 1770 5645 ·
1798 5616 2081 5686 καταλάμ-

504 5699 656 5767 ψασα
686 5700 741 5752 δέ
778 5703 872 5753 καὶ
904 5699 973 5754 τά
1019 5703 1228 5756 ἐκείνου
1260 5703 1552 5772 πρόσωπα,
1605 5706 1699 5756 καὶ
1743 5705 1946 5769 καινῶς
1987 5705 2080 5759 άλ-

508 5790 782 5844 λοιώσασα
831 5793 910 5863 τῷ
948 5797 1190 5864 περιόντι
1245 5795 1346 5863 τῆς
1393 5796 1611 5864 αἴγλης,
1650 5794 1824 5846 καίτοι
1865 5813 1926 5861 γε
1987 5797 2078 5849 καὶ

515 5884 979 5956 προεκτετηκότα,
1025 5887 1116 5939 καὶ
1167 5886 1544 5958 προνεκρώσει
1600 5886 1694 5938 καὶ
1739 5886 1796 5937 τὸ
1832 5886 2076 5939 πλεῖστον

2189 3313 2360 3381 τάφον
2385 3314 2784 3383 ἐργαζομένης.
2821 3315 2888 3367 ’Δ
2910 3313 3087 3385 δήπου
3117 3315 3214 3368 καὶ
3235 3315 3264 3366 6
3285 3313 3445 3382 λόγος
3469 3315 3599 3382 ἡμῖν
3620 3315 3763 3366 κατά

2187 3405 2290 3473 τὴν
2329 3405 2665 3472 ἐπαγγελίαν
2696 3405 2804 3460 ἀπὸ
2838 3406 3040 3477 μέρους
3063 3407 3166 3476 ἠδη
3196 3405 3460 3473 δηλώσει⁶
3497 3405 3622 3458 οὔτε
3654 3406 3765 3474 γὰρ

2187 3497 2423 3561 ἐκείνοις
2460 3496 2590 3566 ἐξῆς
2639 3498 2950 3565 ἐπεξελθεῖν
2978 3498 3055 3569 τῷ
3110 3499 3339 3569 παρόντι
3373 3499 3516 3569 λόγῳ
3567 3501 3764 3562 σκοπὸς

2187 3588 2324 3660 ὁμοῦ
2357 3591 2492 3646 πᾶσι
2509 3607 2524 3622 ·
2563 3590 2681 3655 πῶς
2702 3591 2844 3660 γάρς
2876 3591 2971 3645 καὶ
2994 3591 3136 3645 αὐτὰ
3160 3591 3218 3646 δέ
3238 3591 3412 3670 ταῦτα
3445 3609 3752 3664 συντετμη-

2191 3683 2390 3750 μένως,
2415 3683 2538 3737 καθ’
2566 3683 2690 3738 ὅσον
2719 3679 2832 3738 οἷόν
2855 3701 2937 3747 τε,
2971 3686 3066 3738 καὶ
3097 3683 3393 3755 περιϐολῆς
3419 3685 3540 3755 δίχα
3580 3687 3761 3753 πάσης

2187 3775 2453 3844 προθήσει
2479 3777 2576 3830 καὶ
2608 3776 2833 3846 λογικῆς
2857 3775 3163 3848 αὐξήσεως,
3195 3777 3258 3830 τὸ
3293 3777 3468 3848 μῆκος
3504 3778 3641 3850 ὁμοῦ
3664 3779 3759 3832 καὶ

2185 3868 2278 3920 τὸν
2316 3869 2478 3937 κόρον
2509 3868 2821 3938 ἐκφεύγων.

2259 3961 2509 4030 Μοναχός
2541 3979 2626 4024 τις
2657 3961 2766 4016 τῶν
2804 3960 3056 4031 ἱερᾶσθαι
3089 3961 3365 4033 λαχόντων
3412 3963 3470 4017 ἐν
3501 3981 3610 4018 τινι
3649 3965 3758 4017 τῶν

2187 4051 2327 4104 κατά
2347 4051 2753 4122 Θεσσαλονίκην
2775 4053 3216 4125 φροντιστηρίων
3229 4055 3594 4126 ἀσκούμενος,
3619 4057 3763 4128 νόσῳ

2186 4141 2506 4213 περιπίπτει
2541 4143 2714 4215 δεινῇ,
2749 4145 2844 4198 καὶ
2876 4147 2910 4214 ή
2956 4146 3114 4210 νόσος
3157 4147 3323 4216 ἀλγος
3367 4149 3466 4219 τῆς
3512 4151 3756 4220 κεφαλῆς

2183 4229 2274 4305 ἦν,
2301 4233 2444 4287 οὕτω
2489 4235 2556 4304 δή
2608 4253 2692 4289 τοι
2745 4237 3000 4308 σφοδρὸν,
3047 4239 3124 4303 ὡς
3172 4240 3270 4294 καὶ
3303 4239 3538 4295 θάνατον
3594 4243 3758 4307 εὐθὺς

2185 4327 2466 4381 ἀπειλεῖν·
2509 4329 2646 4384 ἀλλά
2689 4329 2781 4383 τὸν
2830 4329 2932 4399 μὲν
2977 4331 3210 4386 θάνατον
3254 4331 3564 4402 διαφεύγει,
3598 4336 3658 4388 τό
3698 4353 3758 4402 γε

2184 4413 2283 4468 νῦν
2313 4414 2458 4484 ἐχον,
2498 4417 2772 4487 ἰατρικαῖς
2803 4419 3174 4486 ἐπιμελείαις,
3205 4421 3279 4486 ὡς
3307 4422 3476 4490 ἔδοξε,
3506 4423 3604 4495 τὴν
3641 4425 3761 4479 ὀδύ-

2185 4523 2284 4576 νην
2321 4508 2379 4561 δέ
2413 4510 2512 4580 τῆς
2543 4509 2790 4580 κεφαλῆς
2837 4511 3126 4580 οὐδαμῶςο
3163 4513 3300 4567 ἀλλά
3329 4515 3471 4568 κατά
3509 4519 3760 4586 περίοδον

2185 4603 2438 4664 ἐπιοῦσα,
2475 4603 2671 4671 πρῶτα
2713 4605 2811 4673 μὲν
2840 4604 3075 4658 ἐκάστου
3111 4608 3285 4676 μηνὸς
3312 4607 3480 4674 ἅπαξ,
3510 4605 3630 4662 εἶτα
3663 4610 3759 4663 τοῦ

2181 4696 2377 4766 χρόνου
2408 4695 2715 4765 προϊόντος,
2749 4697 2845 4750 καὶ
2872 4697 2955 4761 δἰς
2995 4698 3138 4752 κατά
3178 4699 3328 4770 μῆνα
3365 4703 3461 4754 καὶ
3503 4703 3626 4772 τρὶς
3665 4705 3763 4756 καὶ

2181 4785 2442 4848 πολλάκις
2502 4787 2600 4839 καὶ
2650 4789 2986 4857 πυκνότερον
3051 4789 3171 4858 ἀμα
3232 4792 3328 4845 καὶ
3389 4793 3760 4862 ἀκμαιότερον

2181 4877 2419 4931 κάκιστα
2479 4876 2728 4933 διετίθει.
2789 4878 3064 4949 Ἕϐδομος
3127 4881 3377 4945 ἐνιαυτὸς
3443 4884 3500 4935 ἐν
3547 4883 3760 4948 τούτοις

2182 4969 2406 5040 παρῄει,
2437 4971 2534 5022 καὶ
2564 4971 2626 5022 τὸ
2655 4969 2828 5034 πάθος
2855 4970 2966 5024 αίεὶ
2995 4972 3314 5040 προκόπτον
3342 4974 3435 5028 ἐπὶ
3456 4975 3518 5028 τὸ
3553 4977 3754 5047 χεῖρον,

2183 5061 2278 5113 καὶ
2303 5060 2592 5129 μαίνεσθαι
2619 5061 2714 5112 τὸν
2751 5061 3030 5130 πάσχοντα
3063 5065 3160 5116 καὶ
3207 5064 3554 5134 ἀναισθητεῖν
3582 5068 3756 5119 ἐποίει

2181 5153 2359 5208 δοκεῖν
2390 5155 2500 5217 τοῖς
2537 5152 2778 5218 συνοῦσι,
2813 5154 2891 5223 τῷ
2919 5156 3020 5224 τῆς
3067 5155 3198 5225 βοῆς
3249 5155 3526 5228 ἀλλοκότῳ
3570 5175 3630 5211 τε
3663 5162 3758 5212 καὶ

2182 5245 2362 5316 ἀήθει,
2389 5244 2486 5298 καὶ
2513 5244 2607 5299 τὸν
2649 5244 2882 5299 θάνατον
2929 5247 3288 5319 σφοδρότερον
3333 5245 3492 5313 αὖθις
3519 5251 3754 5320 ἠπείλει,

2183 5336 2367 5404 πάσης
2395 5335 2754 5406 περιφρονοῦν
2786 5337 3037 5406 ἰατρικῆς
3065 5340 3378 5411 ἐπιστήμης
3407 5342 3503 5396 καὶ
3533 5360 3755 5413 φαρμα-

2181 5429 2357 5490 κείας.
2390 5428 2455 5480 Τί
2496 5428 2557 5481 τὸ
2590 5427 2870 5495 ἐντεῦθεν;
2919 5431 3289 5504 ’Λπαγορεύει
3335 5435 3436 5504 μὲν
3460 5436 3489 5488 6
3523 5438 3753 5507 μοναχὺς

2181 5518 2281 5588 τὴν
2310 5517 2545 5573 ὲν⁶¹διῑῧθα
2575 5519 2744 5590 ζωὴν»
2785 5521 2884 5590 τῆς
2931 5521 2990 5576 δέ
3034 5525 3340 5593 μελλούσης
3385 5526 3624 5595 γεγονὼς
3657 5531 3750 5597 μό-

2181 5628 2281 5678 νης
2319 5614 2385 5681 τῇ
2425 5611 2657 5682 διανοίᾳ,
2709 5613 2806 5666 καὶ⁵
2856 5613 2995 5685 πρὸς
3021 5614 3120 5686 τὴν
3153 5617 3334 5682 ἔξοδον
3373 5617 3449 5681 ὡς
3479 5619 3578 5689 ήδη
3610 5624 3749 5673 κατὰ

2183 5703 2422 5772 κεφαλῆς
2459 5703 2723 5758 ἐπιοῦσαν
2758 5705 2993 5775 βλέπων,
3046 5709 3213 5762 τάλλα
3265 5727 3324 5763 τε
3375 5713 3475 5782 τῆς
3511 5729 3747 5780 μεταμε-

2183 5793 2330 5855 λείας
2363 5795 2573 5862 καὶτῆς
2623 5797 2758 5864 πρὸς
2789 5798 2924 5850 Θεὸν
2956 5799 3296 5870 ἐπιστροφῆς
3337 5802 3475 5870 μετὰ
3515 5819 3741 5868 στεναγ-

2187 5884 2302 5951 μῶν
2340 5902 2393 5936 τε
2449 5888 2540 5938 καὶ
2577 5887 2828 5956 ὀδυρμῶν
2871 5889 3165 5956 ἐφθέγγετο
3213 5893 3455 5961 ῥήματα,
3512 5894 3603 5946 καὶ
3645 5896 3740 5961 τὴν
