4082 6418
269 426 374 490 637

1249 431 1668 495 ENCOMIUM
1710 431 1937 496 AUCT.
1968 431 2418 496 PHILOTHEO
2444 431 2555 496 CP.

3455 427 3559 492 6'28

268 549 451 620 ψυχὴν
483 549 580 602 καὶ
626 549 725 620 τὴν
773 549 995 620 ἐκείνης
1041 553 1323 624 σωτηρίαν
1371 555 1711 619 ἀνεκαλειτο,
1761 561 1854 609 καὶ
1885 559 1931 612 Δ
1964 573 2066 610 σαν
2101 556 2171 610 δι’
2206 556 2374 610 αὐτοῦ
2430 553 2676 624 μεγάλην
2733 551 2846 603 τῶν
2894 549 3194 618 θαυμάτων
3242 550 3555 618 ἐνέργειαν.

267 641 577 705 ταλανίζων
603 643 797 697 ἐαυτὸν
823 645 943 715 ἆμα
968 647 1066 714 τῆς
1090 663 1149 698 τε
1178 647 1564 716 παρελθούσης
1593 647 1855 715 ἀμελείας

268 735 364 787 τοῦ
392 734 510 805 βίου
534 736 628 789 καὶ
657 738 767 790 τῶν
793 739 1151 810 σφαλμάτων,
1185 741 1281 795 καὶ
1303 743 1385 796 ὅτι
1415 743 1550 813 μηδέ
1581 744 1853 798 τελευτῶν

272 827 387 896 ἔχει
415 832 507 880 τὸν
554 829 924 898 συναλγοῦντα
961 833 1058 885 καὶ
1091 834 1546 905 συμπονούμενον
1576 838 1708 904 περὶ
1757 837 1857 904 τὴν

270 920 504 986 δυνατὴν
549 923 688 985 τέως
717 923 817 990 τῆς
853 923 1036 994 ψυχῆς
1074 925 1414 996 θεραπείανο
1459 924 1577 980 εἶτα
1628 929 1723 980 καὶ
1761 926 1855 981 τοῦ

277 1014 519 1082 μεγάλου
577 1014 842 1083 μνησθεὶς
876 1017 969 1069 ἐπὶ
1013 1019 1250 1083 τούτοις,
1283 1019 1378 1071 καὶ
1421 1021 1520 1088 τῆς
1570 1020 1858 1088 ἁγιότητος

273 1108 368 1161 καὶ
404 1110 506 1177 τῆς
539 1110 785 1178 μεγάλης
817 1112 1192 1180 ποιμαντικῆς
1226 1113 1324 1166 καὶ
1354 1114 1681 1176 ἐπιστασίας
1715 1113 1853 1167 ἐκεί.

274 1217 365 1254 νου
388 1216 401 1228 ·
431 1194 501 1269 ἦν
543 1200 655 1272 γάρ
702 1203 797 1255 καὶ
833 1203 946 1254 τῶν
979 1204 1281 1273 γνωρίμων
1332 1221 1394 1256 τε
1433 1205 1530 1258 καὶ
1571 1205 1817 1273 συνήθων
1840 1221 1854 1234 ·

275 1295 370 1345 καὶ
395 1293 479 1345 ὅτι
504 1293 642 1368 μηδέ
684 1293 793 1363 τὴν-
821 1295 1142 1348 τελευταίαν
1189 1295 1327 1365 πρὸς
1354 1295 1488 1348 Θεὸν
1529 1294 1857 1364 ἐκδημοῦντι

273 1386 351 1457 τῷ
383 1387 638 1458 μακαρίῳ
667 1388 886 1458 παρῆν·
917 1385 954 1460 ἦ
999 1389 1109 1458 γάρ
1146 1389 1234 1454 ἂν,
1284 1390 1443 1458 φησὶ,
1480 1389 1577 1442 καὶ⁵
1605 1389 1715 1442 τῶν
1767 1388 1858 1454 ἐξ-

275 1481 431 1534 οδίων
482 1479 648 1534 αὑτοῦ
685 1483 953 1551 ῥημάτων
987 1483 1080 1535 καὶ
1124 1482 1234 1536 τῶν
1285 1481 1448 1554 ἱερῶν
1490 1482 1667 1552 εὐχῶν
1699 1499 1862 1552 μετα-

277 1573 420 1643 σχὼν
470 1573 618 1640 τότε,
666 1574 874 1638 ταύτας
932 1574 1055 1629 ἀντὶ
1115 1574 1489 1644 φυλακτηρίου
1526 1573 1728 1634 παντὸς
1765 1573 1862 1628 καὶ⁸

276 1664 628 1736 ἀμυντηρίων
649 1665 834 1719 ὅπλων
863 1666 984 1719 νυνὶ
1012 1666 1386 1738 προῖστάμην.
1423 1664 1595 1720 Ταῦτ’
1614 1665 1861 1720 ἐπειπὼν

275 1757 306 1807 ὁ
343 1757 758 1827 πρεσὸύτερος,
811 1757 910 1810 καὶ
960 1759 1152 1811 ἐαυτὸν
1201 1753 1313 1812 οἷον
1362 1758 1860 1828 ἀποκλαυσάμενος

280 1849 420 1917 ίπέρ
482 1848 712 1913 τούτων,
777 1849 838 1903 τὸ
895 1849 1210 1904 τελευταῖον
1267 1849 1567 1920 κατάγεται
1628 1852 1727 1905 καὶ
1779 1853 1861 1914 είς

280 1938 470 2002 ὕπνον,
505 1939 650 1992 καὶό
700 1937 870 2002 ὕπνος
917 1939 1042 2008 ὄψιν
1100 1939 1266 2000 εὐθὺς
1327 1939 1580 2010 ἐπιφέρει
1624 1939 1857 1992 τοιάνδε.

288 2027 570 2093 Ἓδόκουν,
598 2031 758 2099 φησὶ,
785 2029 928 2082 κατά
953 2028 1044 2082 τὸν
1073 2027 1168 2082 τοῦ
1200 2027 1520 2096 θαυμαστοῦ
1539 2029 1858 2099 Δημητρίου

275 2119 436 2183 νεὼν,
473 2119 620 2171 ένδον
661 2118 911 2190 έστηκὼς
951 2119 1062 2172 τῶν
1114 2119 1352 2183 ἀδύτων,
1385 2120 1481 2172 τὸν
1529 2118 1707 2188 μέγαν
1743 2118 1863 2188 βλέ-

277 2226 404 2262 πειν
457 2209 743 2279 ἀρχιερέα,
779 2211 848 2280 τῇ
882 2209 1005 2280 θείᾳ
1040 2215 1111 2263 τε
1161 2211 1552 2280 παρεστηκότα
1584 2210 1858 2281 τραπέζῃ,

276 2300 377 2354 καὶ
412 2301 660 2370 συνήθως
697 2299 1091 2372 ἱερουργοῦντα
1141 2303 1209 2354 τά
1265 2302 1537 2372 μυστικά·
1589 2294 1634 2368 ᾧ
1676 2301 1741 2372 δὴ
1766 2303 1862 2354 καὶ

280 2401 612 2463 προσπεσὼν
645 2394 813 2465 εὐχῆς
843 2395 996 2465 ίερᾶς
1017 2393 1319 2465 ἀξιωθῆναι
1350 2397 1480 2464 παρ’
1510 2394 1677 2448 αὐτοῦ
1706 2411 1862 2465 περι-

281 2486 474 2550 παθῶς
524 2486 850 2557 ἐπεζήτουν.
900 2487 961 2541 '0
990 2488 1048 2541 δέ
1077 2487 1276 2558 πρῶτα
1324 2488 1421 2556 μὲν
1453 2487 1565 2540 οὐδ’
1593 2487 1865 2558 ἐπεστρά-

277 2579 413 2647 φθαι
437 2581 578 2650 πρδς
616 2579 718 2650 τῆν
764 2579 984 2648 αἴτησιν
1017 2580 1156 2644 ὅλως
1195 2580 1394 2646 ἐδόκει,
1442 2580 1582 2633 ἀλλά
1620 2581 1730 2633 τῶν
1767 2597 1863 2650 μυ-

277 2669 520 2742 στηρίων
559 2670 762 2741 μᾶλλον
791 2671 888 2724 καὶ
921 2671 1020 2741 τῆς
1071 2671 1228 2740 ἱερᾶς
1271 2669 1611 2740 ἐξηρτῆσθαι
1645 2671 1862 2742 τραπέ-

276 2761 380 2832 ζης
441 2762 718 2827 κάκείνοις
773 2763 1068 2834 προσέχειν
1119 2762 1214 2816 τὸν
1269 2761 1426 2816 νοῦνο
1486 2763 1682 2834 μικρὸν
1707 2763 1764 2816 δέ
1811 2780 1863 2816 τι

274 2857 562 2922 διαλιπὼν,
593 2859 915 2929 ἐπιστρέφει
965 2857 1102 2927 πρός
1141 2875 1232 2929 με,
1291 2857 1389 2911 καὶ
1430 2857 1508 2928 τῷ
1559 2859 1864 2931 ἐπισκηνίῳ

277 2951 378 3019 τὴν
410 2949 593 3015 δεξιὰν
620 2948 854 3013 ἐπιθεὶς,
888 2948 1016 3003 ένθα
1049 2947 1115 3020 δὴ
1147 2949 1241 3003 καὶ
1270 2950 1331 3003 τό
1373 2951 1484 3005 πᾶν
1508 2951 1688 3004 ἐδόκει
1736 2953 1862 3005 τότε

277 3043 612 3114 συνδραμεῖν
640 3043 740 3112 τῆς
762 3042 982 3114 ὀδύνης,
1019 3042 1114 3098 τὸν
1137 3041 1234 3096 τοῦ
1259 3043 1405 3097 θείου
1430 3043 1670 3114 σταυροῦ
1691 3043 1864 3096 τύπον

276 3135 608 3205 ἐγχαράττει
647 3153 738 3203 μοι
774 3137 888 3200 τοῖς
917 3135 1208 3200 δακτύλοις
1228 3152 1243 3167 ·
1281 3136 1392 3189 τῶν
1421 3136 1467 3190 δ’
1497 3137 1663 3201 εὐθὺς
1682 3136 1864 3190 ἔλαιόν

1963 653 2059 706 καὶ
2096 654 2180 706 ὅτι
2219 652 2295 720 τῷ
2331 650 2545 704 ἐκείνου
2586 647 2772 700 πολλοὶ
2819 649 3141 717 προσιόντες
3177 645 3354 712 τάφῳ,
3397 646 3558 712 χαλε·-

1965 745 2086 796 πῶν
2141 744 2606 812 ἀρρωστημάτων
2659 739 2753 792 καὶ
2811 739 3043 808 χρονίων
3117 737 3308 789 παθῶν
3354 735 3556 804 ἀθρόον

1965 833 2211 897 ἐξάντεις
2253 833 2517 901 ὁρῶνται,
2569 831 2666 884 καὶ
2699 832 2727 883 ὀ
2778 831 3004 898 πάσχων
3055 830 3112 881 ἐν
3157 827 3409 896 αἰσθήσει
3447 827 3557 878 τῶν

1962 923 2314 993 λαλουμένων
2377 924 2577 976 αὐτίκα
2639 923 2955 991 γενόμενος,
3015 924 3110 974 καὶ
3169 922 3404 988 δάκρυσι
3461 921 3556 972 καὶ

1967 1017 2210 1084 ῥήμασιν
2255 1013 2513 1074 ἐλεεινοῖς
2548 1013 2638 1064 τὸν
2672 1014 2830 1078 ἅγιον
2869 1014 2949 1074 εἰς
2979 1013 3164 1064 οἶκτον
3206 1013 3552 1076 ὲξεκαλεῖτω

1978 1105 2232 1175 ’1σχύεις,
2290 1106 2548 1174 ἄνθρωπε
2599 1104 2692 1157 τοῦ
2746 1104 2907 1168 Θεοῦ,
2958 1103 3153 1169 λέγων,
3191 1103 3286 1156 ἆτε
3339 1103 3404 1172 δὴ
3460 1104 3553 1156 καὶ

1965 1199 2207 1266 Χριστοῦ
2247 1199 2494 1269 μιμητὴς
2535 1198 2960 1269 ἀκριϐέστατος,
2995 1197 3042 1249 εί
3073 1199 3169 1250 καὶ
3201 1197 3276 1266 μὴ
3319 1197 3554 1266 πάρειμι

1965 1291 2060 1342 καὶ
2107 1289 2240 1343 αὐτὸ
2271 1289 2366 1342 νῦν
2417 1290 2561 1343 κατά
2606 1291 2734 1353 τοὺς
2778 1289 2975 1352 ἄλλους
3006 1289 3084 1359 τῷ
3121 1288 3199 1358 σῷ
3247 1289 3424 1358 τάφῳ,
3461 1290 3557 1340 καὶ

1965 1385 2065 1452 τῆς
2097 1383 2258 1436 νόσου
2292 1383 2387 1436 καὶ
2417 1384 2516 1452 τῆς
2559 1381 2710 1454 ὥρας
2758 1383 3077 1452 είργούσης,
3121 1383 3218 1436 καὶ
3250 1382 3556 1452 ἐπισκέψα-

1968 1473 2093 1526 σθαι
2127 1475 2220 1528 καὶ
2255 1473 2596 1543 θεραπεῦσαι
2629 1476 2724 1526 καὶ
2769 1475 2872 1543 τῆς
2913 1475 3120 1544 πικρᾶς
3149 1473 3345 1542 ὀδύνης
3381 1473 3560 1526 ἀπαλ-

1966 1565 2127 1630 λάξαι
2166 1565 2386 1617 καὶτοῦ
2435 1567 2895 1636 προσδοκωμένου
2930 1567 3186 1619 θανάτου.
3240 1564 3428 1618 Ταῦτα
3462 1566 3560 1618 καὶ

1966 1657 2036 1708 τά
2061 1655 2292 1710 τοιαῦτα
2339 1654 2551 1724 μεταξὺ
2595 1656 2794 1724 λέγων,
2831 1657 2912 1719 εἰς
2958 1656 3130 1710 ὕπνον
3183 1657 3422 1727 ἐτράπη,
3462 1658 3560 1709 καὶ

1967 1749 2274 1818 Γρηγόριος
2332 1749 2494 1813 εὐθὺς
2525 1752 2554 1801 6
2598 1752 2776 1819 μέγας
2810 1751 2996 1822 παρῆν
3046 1753 3106 1804 ἐν
3148 1754 3392 1821 σχήματι
3423 1767 3560 1820 πρε-

1971 1842 2232 1911 σϐυτέρου
2266 1842 2361 1896 καὶ
2392 1842 2633 1913 μοναχοῦ
2661 1861 2806 1906 τινος
2836 1843 2947 1896 τῶν
2977 1845 3218 1905 οἰκείων,
3241 1843 3558 1913 ὁμωνύμως

1891 1912 1937 1966 Β
1963 1935 2169 2007 δηλαδὴ
2221 1912 2542 2006 Γρηγορίου
2570 1937 2666 1989 καὶ
2713 1937 2881 1991 αὑτοῦ
2926 1912 3290 2006 καλουμένου,
3330 1937 3560 1990 καὶτῶν

1964 2031 2237 2083 συνόντων
2267 2029 2421 2101 αὐτῷ
2449 2031 2616 2084 πάλαι
2651 2032 2886 2100 μοναχόν
2918 2048 2978 2084 τε
3035 2031 3130 2084 καὶ
3179 2031 3430 2084 διάκονον
3459 2030 3557 2082 ἕνα

1963 2124 2087 2178 τινὰ
2123 2123 2514 2192 παρεπόμενον
2546 2124 2687 2194 έχων
2709 2140 2722 2154 ·
2755 2123 2805 2176 οἳ
2832 2123 2895 2192 δὴ
2929 2125 3024 2176 καὶ
3057 2123 3229 2192 αὐτῷ,
3263 2123 3428 2192 φημὶ,
3477 2122 3558 2189 τῷ

1964 2215 2232 2284 πάσχοντι
2292 2215 2580 2290 συνήθεις
2611 2214 2911 2284 ἐτύγχανον
2963 2215 3140 2276 ὀντες.
3198 2214 3306 2267 Τοῦ
3370 2215 3555 2267 τοίνυν

1963 2306 2270 2376 Γρηγορίου
2301 2306 2532 2376 φιλικῶς
2571 2307 2736 2358 αὑτὸν
2761 2305 3045 2374 ἐρομένου,
3089 2307 3155 2358 Τί
3189 2323 3321 2359 ποτε
3355 2306 3465 2376 ἄρα
3493 2306 3556 2358 τὸ

1965 2397 2210 2464 λυποῦν,
2263 2399 2359 2451 καὶ
2403 2397 2488 2458 τίς
2524 2400 2556 2467 ἡ
2599 2398 2692 2450 τοῦ
2740 2397 2971 2468 θορύϐου
3025 2399 3123 2450 καὶ
3174 2399 3272 2468 τῆς
3319 2397 3551 2465 τοσῆσδε

1964 2490 2213 2561 ταραχῆς
2262 2489 2359 2543 καὶ
2418 2491 2517 2560 τῆς
2564 2489 2814 2558 ἀνάγκης
2867 2489 3050 2553 αἰτίας
3087 2490 3202 2559 Οὐχ
3262 2491 3394 2561 ὁρᾷς
3451 2508 3547 2559 με,

1966 2583 2135 2652 φησὶν
2161 2583 2190 2635 ὀ
2217 2583 2466 2652 πάσχων,
2496 2582 2658 2653 ὀδύνῃ
2688 2581 3047 2652 συνεχόμενον
3085 2583 3431 2654 πικροτάτῃ;
3463 2581 3558 2636 καὶ

1964 2677 2069 2745 τῆς
2107 2677 2207 2745 μὲν
2239 2676 2391 2746 ζωῆς
2421 2676 2834 2747 ἀφαιρούμενον
2865 2677 2972 2730 ὑπὸ
3001 2676 3207 2748 ταύτης
3240 2677 3459 2746 ἀθρόον,
3491 2677 3559 2730 τά

1964 2767 2020 2820 δέ
2087 2766 2363 2835 φίλτατα,
2431 2767 2568 2836 φεῦί
2651 2767 2838 2837 ἔρημα
2904 2767 3315 2822 καταλείποντα
3371 2770 3558 2838 πάσης

1965 2857 2293 2927 ἡστινοσοῦν
2351 2859 2720 2928 προστασίας;
2766 2861 2929 2914 Ἀλλά
2986 2862 3061 2930 μὴ
3119 2861 3308 2925 δέδιθι,
3361 2865 3556 2930 φησὶν,

1965 2945 2011 3004 ὦ
2033 2942 2208 3014 οὕτος,
2235 2952 2302 3002 τά
2324 2949 2549 3004 τοιαῦτα
2581 2952 2642 3002 τό
2677 2969 2738 3016 γε
2797 2951 2892 3002 νῦν
2939 2946 3078 3004 εἶναι
3101 2951 3269 3017 ’,ἕξει
3317 2953 3416 3006 καὶ
3445 2951 3557 3022 γάρ

1967 3059 2050 3096 σοι
2078 3043 2260 3104 καλῶς
2294 3042 2390 3095 καὶ
2422 3041 2547 3094 κατ’
2577 3043 2744 3110 εὐχὴν
2776 3044 2915 3112 μετά
2960 3043 3162 3112 μικρὸν
3203 3044 3406 3105 πάντα,
3439 3047 3556 3108 τοῖς

1967 3133 2338 3202 ὀδυνωμένοις
2392 3134 2603 3202 μορίοις
2657 3134 2750 3186 τοῦ
2811 3134 3080 3204 παρόντος
3131 3135 3556 3210 ἐπιὸληθέντοςψ,

276 3243 334 3278 τι
367 3227 570 3290 καινῶς
601 3229 824 3298 ἐκρυέν,
875 3228 942 3281 τὰ
981 3228 1250 3297 πρόσωπα
1295 3229 1616 3298 καταχρίειν
1663 3229 1860 3282 ἐδόκει.
1895 3250 1938 3308 C
1970 3224 2114 3290 εἷπε,
2153 3226 2248 3279 καὶ
2283 3227 2483 3296 τμῆμά
2522 3244 2570 3279 τι
2612 3226 2712 3294 τῆς
2745 3226 2894 3296 αὐτῷ
2938 3227 3109 3280 πάλαι
3136 3227 3559 3298 καινουργηθεί-

279 3321 390 3374 Καὶ
427 3319 599 3373 ταῦτα
625 3321 725 3390 μὲν
755 3321 784 3373 ὅ
806 3339 865 3374 τε
915 3320 1104 3385 ὕπνος,
1151 3321 1245 3374 καὶ
1272 3323 1305 3390 ή
1342 3322 1462 3393 ίερά
1500 3321 1622 3390 ὄψις
1656 3323 1863 3392 ἐκείνη.

288 3411 352 3463 ’0
397 3410 443 3464 δ’
476 3411 680 3474 εὐθέως
715 3412 1037 3477 ἐξαναστὰς,
1077 3413 1171 3466 καὶ⁵
1215 3411 1309 3466 τοῦ
1345 3411 1579 3468 θανάτου
1628 3414 1722 3466 καὶ
1764 3415 1864 3482 τῆς

279 3501 473 3570 ὀδύνης
525 3503 624 3556 καὶ
678 3503 788 3557 τῶν
849 3504 1112 3575 λυπηρῶν
1173 3505 1404 3558 ἐκείνων
1464 3504 1604 3575 ὁμοῦ
1644 3506 1863 3558 πάντων

279 3594 479 3664 ἀθρόον
530 3597 625 3649 καὶ
677 3595 818 3668 ὑπὲρ
880 3597 1063 3660 πάσας
1117 3597 1340 3659 ἐλπίδας
1389 3598 1748 3666 ἀπαλλαγεὶς,
1787 3598 1865 3660 ὡς

281 3685 417 3756 μηδέ
457 3687 602 3756 ίχνος
631 3686 857 3740 ἐκείνων
889 3688 1178 3758 μηδοτιοῦν
1209 3689 1576 3758 ἐλλελεῖφθαι,
1610 3690 1730 3759 Θεῷ
1759 3692 1858 3743 καὶ

277 3777 356 3843 τῷ
381 3775 592 3830 ἐκείνου
617 3776 913 3848 θεράποντι
944 3779 1192 3850 μεγάλας
1213 3781 1558 3852 ἀνωμολόγει
1579 3781 1678 3846 τάς
1701 3782 1863 3853 χάρι-

276 3890 398 3932 τας.

355 3963 548 4028 ’Δλλος
596 3981 680 4027 τις
735 3965 846 4019 τῶν
899 3965 1002 4036 τῆς
1059 3967 1270 4032 πόλεως
1303 3970 1606 4041 οἰκητόρων
1645 3972 1706 4024 οὐ
1752 3971 1863 4024 τῶν

275 4057 530 4124 ἀσήμων,
581 4055 720 4110 ἀλλά
756 4059 851 4110 καὶ
897 4058 1008 4112 τῶν
1066 4059 1414 4130 εὐπατριδῶν
1437 4078 1498 4114 τε
1538 4065 1632 4118 καὶ
1668 4064 1862 4130 ἐπισή-·

280 4166 398 4218 μων
449 4149 525 4210 ὡς
566 4150 828 4218 μάλιστα,
865 4151 1087 4218 γυναικί
1135 4169 1197 4206 τε
1237 4155 1332 4208 καὶ⁹
1384 4153 1601 4214 τέκνοις
1660 4154 1860 4222 συζῶν,

277 4242 372 4293 καὶ
402 4240 582 4302 οἰκίας
605 4239 1067 4309 ἐπιμελούμενος,
1089 4241 1249 4316 ὀδύνῃ
1281 4244 1474 4316 χρονίᾳ
1503 4244 1734 4314 κάτοχος
1757 4239 1825 4315 ἦν
1844 4261 1860 4277 ο

278 4333 518 4400 κωλικήν
543 4351 675 4402 φασι
701 4334 905 4404 ταύτην
937 4336 1141 4407 ἰατρῶν
1168 4339 1380 4401 παῖδες.
1417 4339 1564 4408 Αὕτη
1587 4341 1666 4408 τῷ
1688 4339 1864 4410 χρόνῳ

277 4425 704 4492 συναυξηθεῖσα,
758 4426 1006 4496 μεθόδοις
1048 4429 1320 4498 ἰατρικαῖς
1363 4431 1460 4483 καὶ
1491 4433 1863 4502 φαρμακείαις

273 4517 462 4570 οὐκέτι
506 4517 568 4570 τὸ
590 4519 857 4588 παράπαν
894 4520 1112 4585 ὑπεῖκε,
1147 4520 1294 4574 καθά
1331 4520 1395 4592 δὴ
1445 4525 1541 4609 καὶὶ
1585 4524 1858 4593 πρόσθεν·

1971 3338 2072 3391 σης
2123 3323 2279 3387 ίερᾶς
2339 3321 2556 3387 στολῆς,
2613 3314 2758 3394 ᾗπερ
2796 3321 2956 3390 ἐφην,
3004 3321 3100 3373 τοῦ
3155 3323 3358 3374 κόλπου
3395 3322 3557 3388 δόξας

1967 3415 2297 3483 ἐξενεγκεῖν,
2330 3417 2583 3481 σταυροῖς
2617 3414 2780 3467 ἐννέα
2814 3417 3038 3484 χρυσοῖς
3083 3415 3555 3486 ἐντετυπωμένον,

1967 3507 2250 3576 ἐπιτίθησι
2281 3505 2359 3574 τῷ
2390 3507 2658 3575 πάσχοντι
2709 3507 2903 3575 μέρει·
2940 3509 2968 3560 ὁ
3017 3508 3063 3561 δ’
3111 3510 3218 3577 ἄρα
3244 3509 3497 3572 διάκονος
3525 3513 3554 3562 6

1967 3597 2352 3669 παρεπόμενος
2379 3598 2574 3667 τούτῳ,
2611 3597 2846 3666 σταυρὸν
2891 3599 2986 3652 καὶ
3032 3599 3197 3659 αὐτὸς
3240 3600 3348 3652 ἀπὸ
3379 3600 3554 3668 κηροῦ

1965 3691 2126 3758 δόξας
2175 3693 2383 3762 φέρειν,
2426 3692 2542 3754 τοῖς
2591 3689 2686 3742 τοῦ
2737 3693 3040 3760 πάσχοντος
3090 3691 3403 3751 ἐπιτίθησιν
3433 3695 3558 3744 ὀπι-

1969 3782 2166 3848 σθίοις,
2203 3781 2280 3850 τῷ
2305 3781 2691 3852 ὕπερκειμένῳ
2715 3781 2816 3848 τῆς
2841 3781 3004 3851 ἐδρας
3029 3781 3172 3850 ὀστῷ
3209 3780 3554 3850 προσφύσας,

1968 3874 2115 3943 ἱερὸν
2153 3874 2314 3928 τοῦτό
2347 3891 2512 3943 φασιν
2545 3873 2748 3943 ίατρῶν
2785 3874 3000 3937 παῖδες.
3053 3875 3161 3926 Καὶ
3198 3875 3226 3925 ὀ
3267 3873 3368 3943 μὲν
3399 3874 3557 3926 ταῦθ’

1963 3966 2110 4028 οὕτω
2140 3965 2470 4036 θαυμαστῶς
2500 3965 2806 4034 ἐνεργήσας
2841 3964 3124 4034 Πνεύματι
3155 3965 3285 4030 θείῳ
3317 3966 3410 4018 τοῦ
3444 3967 3556 4018 πά-

1966 4071 2188 4124 σχοντος
2223 4053 2283 4117 ἐξ
2326 4053 2628 4120 ὀφθαλμῶν
2683 4049 2752 4124 ἦν
2773 4070 2787 4082 ·
2828 4055 2856 4106 6
2893 4053 2943 4106 δ’
2973 4055 3196 4117 αὐτίκα,
3231 4055 3337 4107 τῶν
3371 4055 3558 4108 ὕπνων

1965 4143 2130 4196 αὑτὸν
2174 4143 2514 4204 ὑπανέντων,
2568 4142 2820 4196 νύττεται
2859 4143 2958 4214 τὴν
2996 4145 3266 4214 γαστέρα,
3310 4146 3406 4199 καὶ
3437 4149 3558 4214 -τῆς

1964 4233 2252 4288 νοσοποιοῦ
2289 4234 2624 4304 θαυμαστῶς
2646 4236 2981 4305 κενωθείσης
3015 4235 3170 4306 ὕλης,
3207 4237 3284 4301 ὡς
3307 4239 3402 4291 καὶ
3429 4240 3559 4300 τοὺς

1964 4327 2239 4396 παρόντας
2273 4327 2682 4398 καταπλήττειν
2716 4329 2925 4389 πάντας
2953 4331 3019 4399 τῇ
3049 4329 3267 4399 θέᾳ,’τό
3288 4347 3347 4380 τε
3383 4331 3558 4391 πάθος

1964 4417 2133 4482 εὐθὺς
2158 4416 2513 4488 δραπετεύει,
2553 4421 2647 4471 καὶ
2693 4421 2721 4472 6
2769 4421 3001 4488 πάσχων
3047 4420 3336 4491 ἐλεύθερος
3371 4421 3433 4473 οὐ
3460 4420 3555 4473 τοῦ

1968 4509 2436 4580 προσδοκηθέντος
2500 4514 2662 4580 μόνον
2714 4512 2948 4565 θανάτου
3007 4514 3100 4566 καὶ⁸
3166 4515 3265 4583 τῆς
3330 4515 3556 4584 χρονίας

273 4611 392 4664 ἀλλ’
427 4610 693 4680 ἠλέγχετο
736 4611 898 4665 πάνθ’
953 4613 1094 4683 ὁμοῦ
1125 4612 1206 4682 τῷ
1247 4615 1461 4685 σφοδρῷ
1495 4592 1596 4685 ρέῆς
1639 4616 1857 4687 ὀδύνης,
1885 4592 1939 4654 ι)
1964 4601 2182 4671 ἐκείνης
2211 4600 2410 4671 ὀδύνης
2435 4602 2710 4669 καθάπαξ,
2739 4603 2876 4656 ἀλλά
2921 4604 3015 4657 καὶ
3043 4603 3306 4674 εὐσθενής
3337 4623 3419 4668 τις
3458 4609 3555 4660 καὶ

272 4702 385 4755 τῶν
414 4702 660 4771 φυσικῶν
718 4705 1120 4774 ἐμφραγέντων
1185 4708 1374 4777 πὸρων
1423 4710 1706 4777 καθάπαξ,
1769 4712 1866 4765 καὶ

274 4795 390 4855 τοῖς
429 4793 812 4864 περιττώμασι
840 4797 941 4864 τῆς
969 4798 1209 4868 γαστρὸς
1238 4800 1481 4872 μηδεμιᾷ
1510 4817 1621 4854 τινι
1647 4805 1862 4873 μηχανῇ

272 4886 374 4956 τὴν
399 4887 578 4952 ἔξοδον
616 4891 1072 4959 συγχωρούντων,
1111 4891 1188 4954 ὡς
1219 4895 1316 4946 καὶ
1354 4894 1465 4947 τῶν
1508 4896 1712 4962 ἰατρῶν
1735 4899 1866 4963 τοὺς

272 4977 534 5045 δοκίμους
570 4977 691 5031 τότε
724 4980 1002 5047 παρόντας
1031 4979 1166 5052 ὕλην
1194 4982 1316 5036 τινὰ
1351 4986 1634 5055 μοχθηρὰν
1680 4986 1864 5053 λέγειν

273 5071 356 5132 εἰς
398 5068 600 5139 ἑαυτὴν
637 5072 949 5132 συστᾶσαν,
1006 5074 1102 5126 καὶ⁷
1157 5079 1543 5144 συμπαγεῖσαν
1598 5079 1678 5142 είς
1712 5079 1862 5132 λίθου

277 5161 609 5230 μεταϐαλεῖν
665 5162 851 5230 φύσιν,
895 5165 1150 5218 κάκεῖνον
1204 5168 1296 5219 τὸν
1353 5168 1454 5238 τῆς
1489 5171 1726 5239 φυσικῆς
1773 5176 1864 5225 ἐκ·

272 5253 509 5333 κρίσεως
557 5253 934 5322 ἀποφράττειν
991 5256 1187 5325 πόρον.
1220 5258 1394 5330 "Exul
1459 5263 1562 5327 μὲν
1610 5257 1707 5315 οὖν
1758 5263 1858 5334 ἤδη

271 5343 477 5414 παρῄει
509 5345 702 5414 τάνδρὶ
734 5345 929 5408 δεινῶς
964 5347 1070 5400 ὑπὸ
1101 5349 1201 5418 τῆς
1245 5350 1442 5421 ὀδύνης
1477 5353 1862 5422 στροϐουμένῳ

268 5437 339 5488 τὶι
371 5437 540 5502 ἔιδον,
573 5439 668 5491 καὶ
699 5440 830 5490 αύτό
865 5456 928 5507 γε
959 5443 1021 5492 τὸ
1065 5440 1167 5512 ζῇν
1210 5443 1344 5511 πρδς
1373 5445 1616 5515 ἑσπέραν
1643 5447 1860 5518 ’ταύτης

275 5531 700 5598 ἀπαγορεύοντι.
735 5532 856 5584 Τῶν
886 5534 943 5586 δὲ
978 5535 1368 5602 προσηκόντων
1409 5540 1529 5590 καθ’
1560 5536 1723 5610 αἷμα,
1767 5544 1861 5596 καὶ

269 5621 381 5673 τῶν
413 5622 589 5684 ἄλλως
639 5623 763 5676 καθ’
793 5625 1072 5695 ἑταιρείαν
1119 5629 1340 5680 οἰκείων
1371 5646 1429 5681 τε
1470 5632 1565 5684 καὶ
1601 5633 1858 5704 συνήθων

274 5711 764 5780 παρακαθημένων
800 5730 860 5765 τε
906 5716 1000 5768 καὶ
1039 5716 1494 5785 συμπασχόντων,
1527 5719 1603 5781 ὼς
1630 5719 1771 5783 ἐθος,
1801 5723 1858 5773 ἐν

268 5804 382 5860 τοῖς
405 5802 690 5867 τοιούτοις,
747 5803 964 5856 καὶτὸν
1005 5804 1150 5857 θεῖον
1197 5807 1254 5857 ἐν
1305 5806 1517 5871 τούτοις
1561 5810 1642 5873 είς
1693 5813 1858 5880 μέσον

270 5892 574 5962 ι“ρ.,γὸίιιον
604 5895 998 5965 παρηκούντων
1031 5896 1107 5966 τῷ
1140 5898 1300 5969 λόγῳ,
1339 5901 1430 5953 καὶ
1465 5901 1563 5972 τὴν
1597 5904 1854 5972 ἐνεργοῦ-

1971 4696 2252 4764 ρωμαλέος
2291 4697 2384 4751 ἐπὶ
2429 4697 2522 4751 τὸν
2555 4698 2726 4766 τάφον
2763 4698 2860 4750 ἰὼν
2903 4698 2997 4750 τοῦ
3034 4699 3295 4767 μεγάλου,
3329 4700 3396 4752 δι’
3424 4701 3556 4753 ἐαυ-

1964 4785 2060 4837 τοῦ
2097 4802 2156 4837 τε
2182 4786 2414 4858 λαμπρᾷ
2445 4791 2510 4858 τῇ
2547 4791 2698 4860 φωνῇ
2724 4789 2784 4841 τὸ
2819 4789 2914 4842 τοῦ
2953 4790 3234 4860 θαύματος
3274 4792 3557 4861 ὑπερφυὲς

1968 4882 2135 4933 πᾶσιν
2168 4882 2586 4952 ἀνακηρύττων,
2615 4887 2708 4936 καὶ
2732 4883 2851 4954 Θεῷ
2893 4886 2988 4938 καὶ
3024 4885 3100 4955 τῷ
3134 4887 3346 4940 ἐκείνου
3383 4887 3556 4956 θερά-

1967 4991 2123 5028 ποντι
2159 4975 2303 5028 θύων
2327 4977 2395 5028 τὰ
2429 4977 2792 5047 χαριστήρια.

2053 5066 2110 5119 'U
2142 5067 2239 5134 τῆς
2280 5069 2422 5119 κατὰ
2453 5069 2861 5141 Θεσσαλονίκην
2908 5071 3213 5142 ἐκκλησίας
3245 5075 3356 5126 τῶν
3392 5073 3554 5140 ἱερῶν

1967 5159 2230 5230 ᾀσμάτων
2257 5176 2317 5212 τε
2349 5161 2444 5214 καὶ
2487 5160 2670 5230 μελῶν
2701 5161 2954 5232 ἔξαρχος,
2997 5165 3092 5216 καὶ
3121 5165 3219 5216 τοῦ
3247 5164 3410 5234 χοροῦ
3445 5164 3553 5217 τῶν

1965 5253 2204 5323 ᾀδόντων
2251 5254 2497 5324 ἀρχηγός
2525 5271 2585 5308 τε
2628 5256 2723 5308 καὶ
2774 5259 3098 5328 κορυφαῖος,
3151 5259 3550 5328 Δομέστικονή

1967 5347 2224 5415 συνήθεια
2251 5347 2444 5401 τοῦτον
2477 5367 2668 5419 φησιν,
2716 5351 2988 5420 ἐπίσημος
3029 5351 3074 5404 δ’
3107 5352 3167 5403 ἐν
3209 5354 3322 5413 τοῖς
3366 5351 3549 5404 τοιού-

1962 5458 2077 5504 τοις
2116 5443 2348 5506 ἐκεῖνος,
2381 5445 2477 5496 καὶ
2527 5445 2705 5514 χρόνῳ
2739 5449 2835 5498 καὶ
2877 5445 3044 5517 πείρα
3095 5447 3189 5498 καὶ
3241 5445 3402 5514 φύσει
3453 5445 3551 5497 καὶ

1961 5535 2127 5604 τέχνῃ
2174 5536 2267 5587 καὶ
2318 5537 2482 5588 παντὶ
2513 5536 2592 5607 τῷ
2640 5538 2985 5590 συντελοῦντι
3035 5539 3175 5607 πρὸς
3210 5539 3407 5599 ταῦτα,
3454 5536 3551 5589 καὶ

1960 5627 2283 5691 διδάσκαλος
2311 5631 2672 5700 χρηματίζων
2718 5631 2829 5683 τῶν
2877 5631 3067 5698 ὄντων,
3114 5632 3210 5684 καὶ
3242 5632 3386 5684 κατά
3418 5631 3554 5685 πάν-

1959 5739 2070 5774 των
2098 5722 2158 5775 τὸ
2183 5725 2472 5793 πρεσϐεῖον
2514 5723 2817 5794 φερόμενος
2839 5741 2853 5755 ’
2891 5725 3052 5788 οὗτος
3087 5724 3382 5796 τοιγαροῦν
3407 5727 3552 5794 νόσῳ

1961 5815 2064 5867 τινὶ
2093 5815 2400 5884 συσχεθεὶς,
2427 5816 2485 5880 ἐξ
2518 5815 2649 5888 ὕλης
2674 5819 2958 5888 μοχθηρᾶς
2994 5837 3140 5884 τινος
3168 5821 3265 5874 καὶ
3293 5819 3551 5890 δριμείας

1963 5907 2083 5978 ἐχού
2099 5925 2160 5983 σῃ
2193 5909 2288 5970 τὰς
2325 5909 2602 5980 ἀφορμάς,
2630 5911 2877 5965 ἐνιαυτὸν
2909 5912 3029 5966 ὅλον
3065 5915 3252 5986 σχεδὲνν
3287 5914 3558 5983 ἀκίνητος⁵
