4082 6418
319 355 428 420 6H

1316 352 1728 414 ENCOMIUM
1775 352 1996 412 AUC'I‘.
2036 353 2486 412 PIIILOTHEO
2514 353 2620 414 (ΖΡ.

3477 355 3587 419 642

321 463 470 519 εἶναι
519 467 611 519 τὸν
646 465 839 532 τάφον,
875 467 966 518 τὸν
995 466 1038 518 δ’
1091 466 1444 528 ἐπικείμενον
1471 465 1602 525 ἴσως
1625 463 1776 518 λίθον
1818 463 1908 516 διὰ
1935 468 1983 524 Α
2014 465 2238 534 μᾶλλον,
2279 467 2637 535 ἰσχυροτέραν
2673 463 2853 533 πολλῷ
2886 465 2982 530 τῆς
3014 464 3208 533 τέχνης
3243 465 3337 533 τὴν
3373 469 3593 534 ἐκείνης

321 559 424 624 τῆς
457 557 606 624 ἱερᾶς
639 557 911 626 ἐπωμίδος
935 555 1248 626 δηλοῦσθαι,
1275 553 1358 606 ἔτι
1382 553 1460 623 τῷ
1481 553 1649 606 πάθει
1674 555 1903 622 κάτοχος

322 650 422 712 ὢν,
457 649 608 718 παρα
639 648 736 717 τὴν
777 649 929 714 ἱεράν
959 665 1018 700 τε
1047 648 1206 716 σορόν
1247 648 1490 716 ἔρχεται,
1515 646 1612 698 καὶ
1643 646 1770 708 τούς
1819 662 1906 698 νε-

324 744 500 809 φροὺς
545 742 901 811 παρατρίψεις
933 740 1010 810 τῷ
1040 741 1195 808 λίθῳ,
1221 740 1316 792 καὶ
1365 738 1598 793 Θανάτου
1624 739 1716 792 καὶ
1745 738 1903 790 νόσου

325 833 592 902 κρείττων
623 833 786 895 εὐθὺς
811 834 1020 884 ἐκεῖθεν
1047 833 1352 887 ἐπάνεισιν.

407 923 657 989 Ἕξιᾶται
693 925 783 975 καὶ
825 923 1012 992 ἰατρὸν
1055 925 1084 974 ὁ
1118 924 1296 991 μέγας
1352 917 1509 984 οὗτος
1573 919 1758 989 ἰατρὸς
1791 918 1902 972 τῶν

323 1016 516 1085 ψυχῶν
561 1014 698 1084 ὁμοῦ
745 1016 841 1069 καὶ
905 1015 1210 1084 σωμάτωνο
1252 1018 1281 1068 ὁ
1331 1014 1561 1084 μὲνγὰρ
1589 1014 1682 1066 ἐπὶ
1707 1014 1902 1082 χρόνον

325 1113 619 1162 κατέκειτο
640 1109 895 1160 πλεῖστον
919 1109 1282 1171 παντοδαποῖς
1306 1107 1705 1177 προσπαλαίων
1742 1105 1902 1171 νοσή-

327 1220 515 1270 μασιν,
538 1203 612 1263 ὠς
631 1204 696 1255 ἐκ
719 1202 818 1271 μὲν
843 1204 942 1272 τῆς
961 1204 1180 1271 χρονίας
1199 1201 1573 1264 κατακλίσεως
1595 1201 1696 1269 τὴν
1721 1201 1901 1270 σάρκα

328 1297 562 1364 πληγὰς,
594 1296 898 1364 σκωλήκων
918 1295 974 1348 δὲ
1002 1295 1205 1363 πλῆθος
1239 1297 1498 1362 ἀνασχεῖν
1525 1293 1626 1355 τὰς
1658 1292 1899 1360 πληγάςο

326 1389 500 1440 ὲνόσει
529 1387 576 1440 δ’
602 1389 702 1440 οὐκ
723 1388 883 1449 αὐτὸς
913 1387 1096 1456 μόνος,
1127 1387 1263 1440 ἀλλά
1291 1388 1385 1438 καὶ
1408 1389 1440 1454 ἡ
1467 1385 1737 1453 ὁμόζυγος
1759 1385 1899 1452 ὁμοῦ

325 1483 421 1532 καὶ
437 1481 504 1532 τὰ
525 1481 754 1548 φίλτατα
778 1495 794 1512 '
819 1480 912 1532 καὶ
929 1482 957 1532 ὁ
973 1473 1067 1533 τοῦ
1101 1479 1292 1549 ἰατροῦ
1316 1477 1467 1542 οἶκος
1498 1480 1600 1532 οὐκ
1635 1479 1894 1548 ἰατρεῖον,

325 1572 578 1642 καθάπερ
636 1572 766 1637 ἔδει,
807 1567 943 1624 ἀλλᾶ
983 1573 1287 1626 νοσούντων
1321 1573 1524 1643 μᾶλλον
1543 1569 1614 1643 ἦν
1649 1572 1899 1640 καταγιῦ-

324 1681 478 1732 γιον⁸
513 1663 630 1718 ἀλλ’
682 1664 971 1732 ἐφίσταται
1029 1665 1240 1729 τούτοις
1279 1668 1375 1719 καὶ
1411 1665 1559 1734 μάλα
1590 1663 1901 1733 φιλανθρώ-

326 1773 442 1817 πως
498 1755 832 1824 αὐτόκλητος
875 1758 903 1807 ὁ
960 1756 1138 1808 κοινὸῖ
1190 1758 1398 1826 ἰατρὸς,
1446 1759 1474 1809 6
1507 1758 1671 1820 θεῖος,
1729 1756 1896 1824 φημὶ,

325 1849 645 1918 Γρηγόριος,
695 1821 978 1916 ἐφίσταται
1025 1849 1080 1900 δὲ
1119 1821 1520 1913 πῶς;⁷Ἐδόκει
1549 1853 1616 1920 τῇ
1660 1821 1892 1914 θυγατρὶ
1926 1821 1974 1880 Β

323 1941 529 1991 τούτων
584 1939 827 2009 ὑπνούσῃ
891 1939 981 1991 τὸν
1041 1942 1212 2008 μέγαν
1245 1941 1335 1992 ἐπὶ
1368 1940 1467 2006 τῆς
1497 1941 1676 2002 οἰκίας
1717 1941 1850 2009 ὁρᾷν
1872 1953 1887 1970 ⁸

326 2032 502 2083 ἐδόκει
551 2032 608 2083 δὲ
664 2033 756 2083 καὶ
815 2031 986 2101 αὐτὴν
1033 2032 1229 2101 ἐκείνῳ
1266 2033 1723 2102 προσπίπτουσαν
1757 2033 1895 2102 ὑπὲρ

326 2125 624 2192 ῦλραπείας
678 2123 770 2175 τοῦ
831 2123 1047 2176 οἰκείου.
1093 2127 1301 2193 πατρὸς
1344 2123 1643 2178 ἱκετεύειν⁹
1699 2125 1793 2176 τὸν
1840 2125 1897 2178 δὲ

327 2219 501 2284 μέγαν
528 2217 771 2283 εὐμενῶς
806 2221 872 2284 τῇ
935 2217 1232 2286 προκλήσει
1282 2217 1651 2286 προσσχόντα,
1687 2217 1787 2285 τὴν
1817 2217 1899 2269 λε-

324 2309 497 2374 κάνην
536 2307 820 2375 ἐνεχθῆναί
878 2307 925 2358 οί
979 2307 1260 2367 κελεῦσαι,
1291 2308 1348 2357 ἐν
1475 2307 1546 2358 τὰ
1606 2307 1699 2359 τοῦ
1745 2308 1896 2376 ίεροῦ

325 2397 584 2466 νιπτῆρος
618 2399 846 2466 ὲτησίως
872 2398 1022 2469 αὐτῷ
1046 2399 1218 2452 τελεῖν
1243 2398 1363 2460 ἕθος
1384 2417 1398 2430 ο
1419 2394 1494 2471 ’ἧς
1513 2399 1577 2470 δὴ
1606 2401 1701 2453 καὶ
1727 2417 1900 2470 προσ-

325 2490 682 2560 κομισθείσης
745 2491 834 2558 ὑφ’
880 2491 1000 2552 ἑνός
1055 2507 1200 2552 τινος
1247 2491 1358 2543 τῶν
1417 2490 1580 2559 ἱερῶν
1609 2490 1895 2554 διακόνων,

325 2582 516 2641 ὓδατος
553 2583 793 2648 πληρους
825 2582 1006 2648 ἁγίου,
1059 2581 1149 2634 τὸν
1177 2580 1439 2650 ίεράρχην
1466 2583 1777 2636 ἐπιτάττειν
1819 2584 1899 2653 τῷ

324 2675 578 2743 διακόνῳ,
632 2677 820 2744 χεῖρας
861 2676 978 2742 ἅμα
1015 2677 1112 2728 καὶ
1174 2676 1342 2736 πόδας
1397 2675 1775 2745 άπορρύπτειν
1800 2677 1897 2728 τοῦ

324 2773 608 2832 νοσοῦντος
635 2770 712 2840 τῷ
740 2770 894 2823 ῦδατι
915 2787 930 2801 ⁸
962 2772 1060 2825 καὶ
1089 2774 1182 2824 τὸν
1207 2773 1307 2842 μὲν
1325 2773 1392 2824 τά
1442 2774 1899 2842 προστεταγμένα

325 2861 522 2913 θᾶττον
553 2863 582 2929 ἢ
618 2861 775 2930 λόγος
810 2866 1001 2927 ποιεῖν,
1026 2863 1120 2916 τὸν
1142 2865 1189 2916 δ’
1222 2865 1421 2917 αὐτίκα
1451 2865 1590 2935 πρὸς
1625 2866 1726 2934 τὴν
1756 2866 1900 2917 κατὰ

325 2957 490 3022 φύσιν
523 2956 633 3018 ἓξιν
669 2958 761 3008 καί
791 2959 888 3024 τὴν
923 2958 1114 3025 ὑγείαν
1139 2957 1443 3027 νιψάμενον
1468 2958 1894 3029 ἐπανέρχεσθαι.

327 3046 512 3099 Ταῦτα
569 3048 901 3115 θαυμαστῶς
923 3048 1094 3111 οὕτως
1122 3048 1305 3120 ὁρώσῃ
1343 3053 1407 3121 τῇ
1443 3050 1597 3103 τταιδλ⁸
1623 3053 1720 3102 καὶ
1769 3050 1899 3119 περὶ¹

2014 557 2172 610 νόσον
2211 555 2411 626 εὑρών.
2471 557 2611 610 Ἀλλ’
2641 558 2669 608 ὀ
2699 557 2880 618 κοινὸς
2919 557 3102 628 ἰατρὸς
3133 557 3226 610 καὶ
3267 558 3454 628 Πατὴρ
3491 560 3595 613 οὐκ

2013 647 2284 716 ἐψεύσατο
2337 649 2434 717 τὴν
2470 649 2828 716 ἐπαγγελίαν,
2881 649 2999 702 ἀλλ’
3047 650 3190 702 ἰᾶται
3229 651 3350 718 μετ’
3381 652 3594 702 ἐκεῖνον

2014 740 2107 791 καὶ
2137 740 2364 809 ταύτην,
2390 742 2488 792 καὶ
2518 741 2586 792 τά
2610 741 2878 808 πρεσϐεῖα
2918 743 2984 810 τῇ
3018 741 3227 810 κεφαλῇ
3269 742 3392 794 κατ’
3433 742 3590 806 ἀξίαν

2009 829 2210 894 διδοὺς,
2238 833 2332 883 καὶ
2364 832 2424 884 τὸ
2457 831 2618 898 σῶμα
2655 832 2761 883 πᾶν
2787 831 2922 900 ὁμοῦ
2966 831 3270 896 διασώζων,
3303 831 3371 884 ἵν’
3402 833 3592 903 ἄρτιος

2009 919 2044 996 ᾗ
2079 925 2106 976 ὁ
2129 923 2224 976 τοῦ
2250 923 2385 976 Θεοῦ
2417 923 2705 996 ἄνθρωπος
2751 925 3054 991 κάνταῦθα,
3101 925 3242 978 κατά
3274 927 3334 978 τὸ
3358 927 3590 996 εἰρημέ-

2011 1033 2122 1069 νον.

2081 1109 2222 1179 Γυνή
2244 1125 2331 1170 τις
2359 1109 2466 1162 τῶν
2499 1108 2843 1179 εὐπατριδῶν
2867 1111 2961 1162 καὶ
2993 1110 3238 1180 κοσμίων
3265 1114 3406 1180 νόσῳ
3432 1130 3591 1183 περι-

2009 1200 2200 1253 πίπτει
2233 1202 2423 1272 μακρᾷ
2465 1219 2573 1254 τινι
2611 1203 2707 1256 καί⁵
2761 1201 2991 1272 βαρείᾳ·
3027 1202 3146 1270 μεθ’
3184 1204 3250 1272 ἢν
3280 1205 3372 1256 καὶ
3409 1205 3590 1276 ῥεῦμα.

2009 1297 2185 1367 χυμοῦ
2207 1314 2352 1358 τινος
2377 1297 2618 1367 πονηροῦ
2647 1298 2787 1350 κατά
2811 1299 2911 1368 τῆς
2940 1297 3123 1362 δεξιᾶς
3155 1297 3378 1367 ρεῦσαν,
3415 1299 3590 1369 ξηρὰν

2007 1394 2138 1461 ὃλην
2166 1392 2336 1461 αὐτὴν
2370 1393 2465 1445 καὶ
2495 1393 2664 1462 ἀργὸν
2713 1391 3090 1462 ἀπεργάζεται
3119 1408 3132 1420 ·
3172 1392 3374 1460 μᾶλλον
3405 1395 3450 1446 δ’
3485 1396 3589 1446 οὐκ

2007 1485 2176 1553 ἀργός
2200 1502 2258 1536 τε
2282 1485 2378 1537 καὶ
2402 1484 2684 1554 ἄπρακτος
2706 1486 2740 1553 ἡ
2773 1487 2897 1554 χεὶρ
2930 1485 3092 1550 μόνον
3113 1499 3126 1512 ο
3146 1480 3216 1556 ἦν
3246 1485 3356 1555 γάρ
3388 1486 3455 1538 ἂν
3480 1485 3593 1536 τῶν

2009 1578 2254 1645 ἐσχάτων
2288 1579 2475 1630 κακῶν
2498 1579 2593 1630 καὶ
2631 1577 2791 1631 τοῦτο
2811 1592 2824 1606 ⁸
2853 1577 2992 1630 ἀλλά
3030 1579 3128 1630 καὶ
3161 1579 3328 1648 ἄχθος
3363 1581 3593 1632 ἐτώσιον

2006 1663 2076 1736 ἦν
2110 1671 2178 1738 τῇ
2208 1669 2518 1740 πασχούσῃ,
2551 1671 2703 1723 κάτω
2729 1687 2833 1722 που
2871 1671 2964 1722 καὶ
3014 1671 3118 1724 καθ
3174 1672 3373 1740 ἑαυτὴν
3403 1673 3594 1742 ῂωρη-

2013 1763 2169 1832 μένη,
2225 1763 2344 1816 ἀλλ’
2403 1765 2482 1826 είς
2535 1764 2704 1836 ὀρθήν
2752 1782 2872 1828 πως
2925 1767 3266 1834 ἐκτεταμένη
3318 1767 3590 1835 πλαγῖως.

2004 1854 2316 1924 ἄκαμπτος,
2367 1857 2593 1928 ἀκλινὴς
2654 1857 2791 1929 πρὸς
2827 1860 3010 1912 πᾶσαν
3060 1861 3276 1929 κίνησιν
3322 1859 3459 1929 ὁμοῦ
3493 1863 3592 1915 καὶ

2007 1948 2346 2017 μετάϐασιν·
2376 1951 2582 2019 αίσχρά
2613 1968 2696 2014 τις
2725 1951 3024 2021 προσιδεῖν,
3055 1952 3151 2004 καὶ
3180 1953 3345 2006 παντὶ
3368 1953 3449 2023 τῷ
3486 1953 3594 2005 σώ-

2004 2059 2140 2111 ματι
2171 2042 2430 2109 πολεμία.
2463 2044 2656 2105 Παῖδες
2695 2045 2794 2111 μὲν
2821 2042 2913 2099 οῦν
2941 2048 3143 2115 ἰατρῶν
3177 2049 3290 2110 τοῖς
3320 2048 3586 2116 θερμοτέ-

2002 2152 2119 2206 ροις
2149 2152 2210 2190 τε
2242 2136 2338 2188 καὶ
2386 2136 2701 2206 δραστικοῖς
2758 2138 2866 2190 τῶν
2917 2139 3231 2209 φαρμάκων
3280 2141 3378 2211 τὴν
3437 2143 3582 2195 οὓτω

1999 2227 2424 2297 κατεψυγμένην
2453 2229 2830 2297 ἀναζωπυρεῖν
2861 2233 2955 2284 καὶ
2978 2231 3306 2296 θεραπεύειν
3327 2234 3584 2287 ἐκέλευον

2000 2321 2192 2387 χεῖραο
2233 2322 2267 2389 ἡ
2296 2318 2354 2372 δὲ
2391 2318 2602 2382 τούτοις
2649 2321 2758 2372 οὐδ’
2796 2321 2953 2388 ὀλίγα
2981 2322 3222 2382 διδοῦσα,
3258 2323 3452 2393 μύροις
3487 2324 3585 2376 καὶ

1999 2412 2278 2482 λειψάνοις
2336 2413 2538 2482 μᾶλλον
2587 2415 2762 2480 ἁγίων
2839 2415 2935 2467 καὶ
2989 2417 3104 2478 τοῖς
3158 2417 3368 2470 ἐκεῖθεν
3422 2419 3586 2486 ἱεροῖς

2001 2505 2206 2569 ἐλαίοις
2239 2507 2424 2560 πυκνά
2445 2508 2808 2577 περιχρίουσα
2843 2505 2911 2579 ἦν
2939 2508 3036 2578 τὴν
3058 2510 3371 2580 πάσχουσαν
3399 2513 3582 2580 χεῖρα,

2001 2598 2096 2649 καὶ
2126 2596 2224 2667 τὴν
2260 2599 2476 2652 ὲκεῖθεν
2498 2599 2749 2669 βοήθειαν
2785 2601 2880 2653 καὶ
2900 2601 3001 2668 τὴν
3027 2599 3331 2667 θεραπείαν
3362 2602 3583 2671 ἐκδεχο-

2005 2691 2162 2759 μένη.
2189 2691 2348 2743 Ἐπεὶ
2389 2691 2445 2744 δὲ
2475 2693 2566 2744 καὶ
2592 2693 2698 2744 τῶν
2734 2693 2946 2761 συχνῶν
2977 2693 3100 2745 καθ’
3146 2694 3387 2762 ἑκάστην
3417 2697 3585 2764 ἡκουε

2001 2784 2295 2853 θαυμάτων
2350 2784 2442 2836 τοῦ
2498 2785 2814 2852 θαυμαστοῦ
2873 2787 3202 2857 Γρηγορίου,
3261 2788 3453 2860 πρῶτα
3481 2790 3583 2858 μὲν

2001 2877 2122 2929 οὐδὲ
2153 2877 2430 2930 πιστεύειν
2467 2879 2624 2946 ἠξίου
2655 2881 2772 2942 τοῖς
2816 2879 3130 2948 λεγομένοις
3154 2899 3169 2913 υ
3212 2883 3273 2934 οὐ
3326 2883 3488 2950 μόνον
3517 2884 3580 2935 ού

2000 2969 2102 3038 τὴν
2127 2970 2512 3038 προσήκουσαν
2549 2972 2746 3039 ἔχουσα
2792 2973 2963 3025 πάλαι
3013 2973 3174 3037 δόξαν
3211 2976 3342 3044 περὶ
3389 2975 3582 3039 αὐτοῦ,

2002 3061 2138 3114 ἀλλὰ
2187 3062 2285 3114 καὶ
2311 3064 2377 3132 τῇ
2407 3062 2623 3135 γλώττῃ
2653 3065 2841 3125 κακῶς
2877 3064 3003 3117 κατ’
3059 3066 3272 3118 ἐκείνου
3301 3069 3582 3137 χρωμένη,

325 3141 422 3208 τῆς
455 3144 660 3208 μητρὸς
697 3141 957 3204 ὡσαύτως
981 3141 1142 3212 ἐπῄει
1177 3142 1409 3204 δεῖσθαι,
1445 3145 1543 3196 καὶ
1577 3143 1677 3214 τὴν
1708 3144 1898 3210 ὑγείαν
1927 3165 1969 3222 c
2001 3147 2088 3206 οἷα
2118 3153 2185 3206 τά
2209 3153 2320 3225 τῶν
2349 3153 2644 3219 κενοδὸξων
2691 3155 2926 3208 τουτωνὶ
2972 3156 3211 3218 γυναίων
3235 3159 3334 3212 καὶ
3363 3160 3580 3228 εὐριπίο

328 3233 587 3299 κάκείνης
612 3232 966 3294 ,ἐξαιτεῖσθαι
1019 3233 1115 3284 τοῦ
1169 3233 1533 3286 διδασκάλουο
1569 3235 1686 3287 ἀλλ’
1739 3235 1901 3303 ἐῴκει

328 3321 514 3390 φωνῆς
559 3323 770 3377 ἐκεῖθεν
821 3323 1065 3390 ἀκούειν,
1116 3327 1232 3387 τοῖς
1265 3327 1364 3394 μὲν
1415 3324 1688 3395 παροῦσιν
1715 3325 1905 3395 ἀρκεῖ-

329 3416 475 3478 σθαι,
521 3416 582 3467 τό
637 3433 698 3482 γε
739 3415 837 3468 νῦν
872 3412 1041 3480 εἶναι,
1090 3419 1380 3487 λεγούσης,
1421 3420 1562 3483 μετά
1613 3421 1809 3488 μικρὸν
1854 3417 1900 3470 δ’

327 3507 589 3570 ὡσαύτως
649 3509 802 3576 ἥξειν
857 3509 1099 3572 ἐλπίζειν
1141 3513 1394 3564 κάκεῖνα.
1428 3511 1494 3564 Τί
1519 3511 1581 3564 τὸ
1603 3509 1898 3575 ὲντεῦθεν;

342 3597 684 3665 Ἰ-Σξαγγέλλει
713 3603 825 3665 τοῖς
857 3602 1107 3670 γονεῦσιν
1143 3604 1176 3673 ἡ
1206 3605 1344 3673 κόρη
1382 3604 1522 3673 μετὰ
1543 3603 1673 3666 τούς
1698 3601 1904 3665 ὕπνους

327 3691 396 3743 τὰ.
423 3692 689 3759 ὁραθέντα
711 3711 726 3726 ο
763 3695 792 3746 6
823 3693 1008 3764 πατὴρ
1035 3693 1238 3747 αὐτίκα
1287 3692 1584 3756 διακούσας
1622 3693 1702 3755 είς
1731 3691 1902 3762 βαλα-

326 3788 472 3838 νεῖον
509 3785 661 3853 ἄγειν
687 3785 900 3838 κελεύει
925 3801 940 3815 ο
969 3784 1100 3847 τοὺς
1133 3784 1341 3854 ἰχῶρας
1375 3783 1494 3853 ἅμα
1514 3786 1630 3846 τοῖς
1659 3783 1902 3852 σκώληξι

326 3877 663 3942 λουσάμενος
714 3875 1065 3930 ἀποτίθεταιο
1133 3869 1232 3926 εἰτ’
1263 3874 1481 3927 ἐκεῖθεν
1510 3875 1752 3942 ἀπάρας,
1804 3871 1902 3924 ἐπὶ

324 3968 426 4033 τὴν
475 3968 624 4036 ίερὰν
676 3966 771 4020 τοῦ
822 3966 1061 4036 μεγάλου
1121 3965 1284 4034 σορὸν
1318 3964 1580 4034 ἔρχεταιο
1632 3964 1727 4016 καὶ
1752 3963 1902 4015 δυοῖν

323 4061 552 4131 ἡμερῶν
587 4059 1014 4127 διαγενομένων,
1066 4057 1334 4124 αἰφνίδιον
1372 4055 1624 4108 νύττεται
1669 4055 1770 4124 τὴν
1803 4070 1903 4121 γα-

327 4153 518 4221 στέρα,
549 4155 645 4204 καὶ
669 4151 800 4218 πρὸς
826 4151 1076 4219 ἔκκρισιν
1101 4150 1212 4200 τῶν
1236 4147 1674 4218 περιττωμάτων
1703 4149 1901 4217 χωρεῖ,

328 4248 551 4314 συχναῖς
599 4244 868 4314 πρότερον
928 4243 1266 4313 εἰργομένων
1319 4240 1559 4310 ἡμέραις
1620 4240 1720 4308 τῆς
1756 4239 1902 4292 κατά

328 4337 491 4404 φύσιν
526 4336 705 4402 ἐξόδου
731 4350 744 4364 ’
772 4334 866 4388 καὶ
896 4334 1047 4404 παρὰ
1073 4336 1172 4404 τὴν
1197 4333 1378 4404 οἰκίαν
1408 4332 1580 4386 ἐλθὼν
1617 4333 1894 4400 τοσαύτην

325 4430 436 4481 τῶν
457 4429 604 4481 ἔνδον
620 4427 912 4495 ὑφίσταται
937 4425 1278 4490 κένωσιν,ώς
1302 4426 1394 4477 καὶ
1415 4424 1541 4487 τούς
1565 4426 1902 4494 ὁμοτέχνους

2005 3261 2149 3296 στων
2180 3246 2275 3296 καὶ
2316 3247 2558 3312 κούφων,
2611 3247 2803 3310 ὁποίας
2829 3246 2894 3318 δὴ
2942 3248 3202 3313 πλείστας
3237 3253 3387 3322 καὶὴ
3423 3254 3584 3305 Κων-

2006 3341 2290 3392 σταντίνου
2324 3341 2452 3411 παρ’
2479 3343 2613 3412 ἡμῖν
2647 3344 2838 3413 τρέφει
2875 3344 3014 3414 μετά
3041 3345 3139 3413 τῆς
3169 3344 3585 3416 ὀνομαζομένης

2004 3431 2285 3499 εὐγενείας
2324 3435 2416 3487 καὶ
2468 3436 2568 3505 τὴν
2598 3438 2936 3505 κενοφωνίαν
2965 3437 3059 3489 καὶ
3104 3438 3232 3501 τούς
3271 3429 3615 3508 μερισμοὺς

2003 3524 2099 3576 καὶ
2125 3523 2195 3576 τά
2228 3524 2505 3594 σχίσματα
2561 3528 2656 3579 καὶ
2683 3529 2784 3597 τὴν
2841 3527 2940 3596 τῆς
2982 3528 3230 3596 γλώττης
3267 3545 3585 3598 περιποιου-

2007 3615 2176 3684 μένας
2206 3616 2504 3671 ἀκολασίαν
2536 3618 2631 3670 καὶ
2660 3618 2894 3685 φατρίαν
2924 3619 3048 3671 τινα
3099 3621 3229 3688 περὶ
3257 3619 3454 3681 ἑαυτὰς
3489 3621 3585 3672 καὶ

2003 3705 2078 3773 φή
2088 3721 2194 3773 μην
2216 3706 2311 3759 καὶ
2333 3707 2560 3777 αἰσχρὸν
2579 3707 2750 3776 ὄνομα
2769 3708 3232 3789 φιλοτιμουμένας
3256 3711 3580 3778 κεκτῆσθαι*

2003 3798 2120 3852 ἀλλ’
2169 3799 2224 3851 αί
2282 3799 2380 3868 μὲν
2437 3801 2736 3868 προφανῶς
2786 3801 2875 3854 διὰ
2931 3801 3138 3856 ταῦτα·
3173 3803 3317 3855 διατί
3350 3804 3446 3854 καὶ
3475 3805 3581 3872 γὰρ

2001 3891 2221 3962 ἓτερονς
2257 3892 2291 3961 ἡ
2323 3891 2380 3944 δὲ
2413 3893 2503 3944 καὶ
2526 3893 2595 3945 δι’
2619 3894 2900 3963 ἁπλότητα
2952 3893 3273 3960 γυναικείαν
3312 3895 3441 3957 ῖσως
3485 3899 3584 3948 καὶ

2003 3983 2267 4053 ἀμαθίαν,
2297 3984 2456 4054 εἴπερ
2498 3983 2589 4037 καὶ
2639 3986 2848 4048 τούτοις
2877 3985 3098 4054 δοίημεν
3143 3985 3280 4048 ὅλως
3311 3987 3495 4062 χώραν
3523 4004 3582 4039 τε

2005 4075 2100 4127 καὶ
2127 4073 2458 4146 συγγνώμην
2491 4077 2549 4128 ιν
2597 4080 2713 4139 τοῖς
2758 4077 3041 4141 τοιούτοις,
3065 4077 3160 4130 καὶ
3209 4077 3406 4142 ταῦτα,
3439 4079 3584 4132 διδα-

2005 4166 2222 4220 σκάλων
2243 4168 2530 4237 παρόντων
2563 4169 2834 4222 τοσούτων
2864 4170 2958 4221 καὶ
2989 4169 3346 4236 τηλικούτων.
3383 4173 3582 4240 Πρῶτα

2008 4259 2110 4327 μὲν
2143 4256 2234 4311 οὖν
2261 4259 2320 4322 ἐξ
2356 4259 2633 4323 ἀπιστίας,
2671 4261 2924 4330 καθάπερ
2954 4263 3112 4331 ἔφην,
3147 4264 3268 4316 οὐδὲ
3293 4265 3582 4334 προσέχειν

2005 4352 2119 4412 τοῖς
2152 4351 2282 4420 περ)⁸
2314 4351 2408 4403 τοῦ
2441 4351 2681 4422 μεγάλου
2715 4351 3138 4423 θρυλλουμένοις
3162 4353 3298 4415 ὅλως
3318 4353 3470 4423 ἠξίου
3495 4358 3587 4407 τὸν

2007 4441 2132 4495 νοῦν
2157 4458 2171 4472 '
2209 4442 2333 4495 ἐπεὶ
2369 4443 2416 4495 δ’
2445 4447 2476 4514 ἡ
2511 4445 2609 4513 μὲν
2637 4444 2744 4496 τῶν
2773 4443 3069 4512 θαυμάτων
3099 4445 3348 4512 ἐνέργεια
3401 4448 3585 4499 πᾶσαν

331 4522 561 4585 ἰδόνταςι
595 4520 682 4573 διὰ
711 4519 857 4573 τοῦτ’
897 4519 1045 4588 αὐτῷ
1076 4525 1169 4573 καὶ
1222 4515 1381 4581 αὖθις
1415 4517 1800 4588 ἀπαγορεῦσαι
1841 4517 1904 4570 τδ
1936 4511 1982 4567 D
2007 4533 2294 4604 περιιοῦσα
2329 4535 2426 4604 τὴν
2457 4534 2610 4588 πόλιν
2645 4537 2826 4589 πυκνά
2865 4535 3228 4604 περιεκτύπει
3262 4536 3356 4587 καὶ
3378 4538 3586 4603 ταύτης

327 4614 453 4685 ζῇν,
482 4617 582 4684 τὴν
609 4612 844 4682 φυσικὴν
877 4613 1169 4665 ἀπολιπεῖν
1203 4611 1270 4664 ἂν
1299 4610 1462 4663 αὐτὸν
1488 4610 1777 4679 οίηθέντας
1807 4610 1906 4663 καλ⁸

331 4707 568 4776 ζωτικὴν
618 4707 850 4776 δύναμιν
905 4709 1020 4776 μετ’
1049 4707 1256 4774 ὀλίγον,
1305 4709 1373 4777 τῇ
1399 4707 1498 4777 τῆς
1520 4708 1677 4759 νόσου
1717 4707 1908 4776 μακρᾷ

328 4798 576 4867 τηκεδόνι
611 4799 706 4851 καὶ
745 4799 813 4869 τῇ
877 4799 1090 4851 ἐκεῖθεν
1143 4799 1417 4868 ἀδυναμία
1484 4799 1586 4864 τῆς
1659 4797 1906 4868 μεγάλης

329 4891 562 4960 ταυτησὶ
596 4893 690 4943 καὶ
723 4891 926 4958 ἀθρόας
986 4891 1272 4954 κενώσεως
1314 4891 1732 4962 προστεθείσης.
1764 4892 1905 4945 Ἀλλ’

332 4984 561 5050 ἐκεῖνος,
589 4983 688 5052 τῆς
723 4983 1004 5036 νοσοποιοῦ
1027 4984 1365 5053 κενωθείσης
1388 4983 1564 5044 οὕτως
1593 4984 1743 5054 αὐτῷ
1771 4983 1908 5037 θαυ-

339 5074 561 5146 μαστῶς
593 5073 751 5142 ῦλης,
773 5074 850 5142 τῷ
877 5075 971 5128 τοῦ
1004 5076 1164 5143 ἁγίου
1187 5077 1411 5144 νιπτῇρι
1439 5077 1534 5127 καὶ
1558 5079 1670 5137 τοῖς
1699 5079 1909 5138 καινοῖς

335 5169 568 5226 ἐκείνοις
607 5166 855 5236 λουτροῖς
903 5166 1016 5220 τῶν
1065 5165 1264 5237 χειρῶν
1290 5167 1407 5237 ἄμα
1447 5169 1540 5220 καί
1572 5167 1682 5220 τῶν
1709 5168 1907 5232 ποδῶν,

336 5259 606 5331 ἁνὼτερος
658 5255 726 5330 ἦν
754 5260 949 5312 αὐτίκα
984 5259 1082 5329 τῆς
1106 5259 1284 5321 νόσου,
1337 5262 1398 5311 οὐ
1441 5259 1540 5329 τὴν
1596 5259 1910 5328 προσοῦσαν

337 5354 437 5404 οὐκ
469 5351 762 5404 ἀποϐαλὼν
797 5355 954 5423 ἰσχὺν
982 5353 1168 5420 μόνον,
1195 5353 1330 5405 ἀλλὰ
1352 5354 1444 5405 καὶ
1474 5356 1574 5422 τὴν
1608 5352 1683 5423 μὴ
1706 5353 1912 5423 παροῦ-

341 5465 443 5500 σαν
469 5447 544 5510 ὡς
581 5447 817 5518 μάλιστα
847 5447 1199 5518 προσλαϐὼν,
1224 5449 1299 5509 ὡς
1329 5451 1424 5500 καὶ
1462 5448 1630 5502 ἵππον
1655 5451 1788 5518 παρ’
1827 5447 1912 5500 ἐλ-

338 5538 497 5601 πίδας
549 5538 788 5608 εὐχερῶς
857 5537 1177 5590 ἀναϐαίνειν
1238 5538 1408 5607 ἔχειν,
1465 5537 1563 5590 καὶ
1613 5538 1713 5608 τὴν
1753 5538 1910 5592 πόλιν

340 5625 569 5695 περιιὼν
605 5627 680 5689 ὡς
713 5627 812 5680 καὶ
861 5628 1129 5698 πρότερον
1179 5630 1418 5696 χρῆσθαι
1479 5628 1768 5698 τῇτέχνῃ,
1816 5629 1910 5681 καὶ

339 5719 568 5781 πολλοὺς
615 5719 959 5788 θεραπεύειν,
994 5720 1110 5774 ἀλλ’
1139 5721 1261 5788 οὐχὶ
1287 5720 1423 5788 πρὸς
1451 5723 1564 5783 τοῖς
1593 5720 1775 5783 ἄλλοις
1813 5723 1907 5773 καὶ

337 5811 437 5882 τὴν
494 5815 755 5880 γυναῖκα·
797 5813 963 5884 ταύτῃ
1003 5813 1108 5883 γάρ
1158 5814 1252 5866 καὶ
1299 5815 1636 5884 ἀπαγορεύει
1691 5814 1752 5867 τὸ
1808 5815 1906 5885 ζῇν

2008 4625 2079 4678 τὰ
2107 4624 2242 4691 ῶτα,
2267 4625 2326 4678 τὸ
2347 4625 2404 4677 δὲ
2432 4625 2529 4695 τῆς
2557 4625 2738 4690 δεξιᾶς
2767 4625 2937 4688 πάθος
2967 4625 3176 4679 οἴκοθεν
3197 4625 3364 4696 αὐτὴν
3389 4627 3586 4695 ἤπειγε

2010 4718 2226 4788 νύκτωρ
2252 4719 2348 4771 καὶ
2385 4718 2505 4786 μεθ’
2538 4719 2773 4788 ἡμέραν,
2825 4719 3092 4788 θεραπεία
3141 4717 3189 4770 δ’
3215 4718 3324 4770 οὐδ’
3362 4720 3584 4785 ἡτισοῦν

2009 4809 2310 4878 οὐδαμόθεν
2355 4805 2423 4880 ἦν
2455 4813 2776 4879 φαινομένη,
2817 4809 3204 4862 συνελαύνεται
3255 4810 3348 4862 καλ⁴
3379 4811 3588 4866 ἄκουσα

2012 4905 2164 4972 παρὰ
2209 4903 2308 4972 τῆς
2338 4904 2602 4972 ἀνάγκης,
2634 4904 2727 4954 καὶ
2758 4903 3095 4970 καταφεύγει
3141 4903 3239 4956 σὺν
3264 4905 3378 4964 τοῖς
3404 4905 3589 4967 ἄλλοις

2013 4992 2109 5044 καὶ
2145 4991 2281 5054 αὐτὴ
2316 4993 2451 5060 πρὸς
2490 4995 2580 5045 τὸν
2634 4994 2808 5060 μέγαν
2834 5035 2847 5058 ,
2907 4993 3244 5062 πειράξουσα
3305 4994 3508 5062 μᾶλλον
3553 4998 3585 5064 ἢ

2017 5082 2346 5135 πιστεύουσα
2402 5087 2512 5146 τοῖς
2565 5087 2806 5138 έκείνου’
2852 5085 3026 5155 ῆγάρ
3060 5086 3135 5155 μὴ
3181 5085 3584 5158 δεδυνῆσθαι,ῆ

2012 5177 2108 5228 καὶ
2129 5176 2426 5244 δυνάμενον
2453 5177 2522 5228 τά
2552 5177 2778 5230 τοιαῦτα
2817 5177 3084 5248 πορίζειν,
3119 5176 3194 5246 μὴ
3229 5175 3586 5245 βεϐουλῆσθαι

2012 5265 2212 5320 διδόναι
2235 5271 2345 5332 τοῖς
2381 5268 2502 5321 κατ’
2532 5270 2750 5340 ἐκείνην
2773 5269 3140 5337 διακειμένοις
3188 5269 3368 5319 πᾶσαν
3398 5265 3588 5331 ἔλεγεν

2015 5353 2151 5412 εἶναι
2188 5361 2470 5430 ἀνάγκηνο
2503 5363 2640 5428 ὅπερ
2692 5363 2787 5414 καὶ
2831 5361 3042 5413 δίκαιον
3083 5360 3344 5426 ἄντικρυς
3398 5353 3466 5426 ἦν
3494 5357 3586 5426 ἂν,

2017 5452 2112 5504 καὶ
2147 5451 2239 5505 τοῦ
2273 5452 2536 5516 σώζοντος
2560 5453 2740 5522 λόγου.
2781 5449 2926 5504 Ἀλλ’
2953 5453 2980 5504 ὁ
3011 5449 3108 5503 τοῦ
3142 5447 3378 5517 Χριστοῦ
3405 5445 3587 5516 μαθη-

2013 5546 2134 5617 τὴς,
2167 5545 2262 5599 τοῦ
2301 5547 2393 5599 τὸν
2419 5547 2572 5616 ἥλιον
2627 5545 3010 5605 ἀνατέλλοντος
3055 5543 3150 5594 ἐπὶ
3197 5539 3468 5608 πονηροὺς
3495 5536 3594 5592 καὶ

2019 5635 2282 5702 ἀγαθοὺς,
2319 5637 2412 5688 καὶ
2452 5636 2740 5706 βρέχοντος
2771 5636 2864 5688 ἐπὶ
2909 5631 3156 5693 δικαίους
3213 5630 3305 5682 καὶ
3345 5629 3593 5695 ἀδίκους,

2020 5731 2160 5784 κατά
2196 5731 2430 5801 Χριστὸν
2454 5730 2728 5783 κάνταῦθα
2759 5729 2851 5781 καὶ
2879 5727 3039 5790 αὐτὸς
3068 5724 3234 5777 ἐλεῶν
3263 5721 3330 5794 ἦν
3350 5740 3364 5752 ·
3395 5722 3472 5775 διὸ
3493 5723 3594 5775 καὶ

2023 5821 2330 5893 προσιούσῃ
2382 5824 2446 5890 τῇ
2511 5823 2749 5889 γυναικὶ,
2806 5823 2899 5875 καὶ
2957 5819 3282 5890 δυσωπούση
3325 5821 3462 5887 μετὰ
3492 5817 3593 5885 τῆς
