  <div class='ocr_page' id='page_1' title='image "/cluster/home/n/w/nwhite01/storage/ocr_20150623/151:no.2/coo.31924054870567/332.png"; bbox 0 0 4082 6422; ppageno 0'>
   <div class='ocr_carea' id='block_1_1' title="bbox 394 380 505 444">
    <p class='ocr_par' dir='ltr' id='par_1_1' title="bbox 394 380 505 444">
     <span class='ocr_line' id='line_1_1' title="bbox 394 380 505 444; baseline 0.018 -2"><span class='ocrx_word' id='word_1_1' title='bbox 394 380 505 444; x_wconf 66' lang='grc'>645</span> 
     </span>
    </p>
   </div>
   <div class='ocr_carea' id='block_1_2' title="bbox 1411 368 2730 438">
    <p class='ocr_par' dir='ltr' id='par_1_2' title="bbox 1411 368 2730 438">
     <span class='ocr_line' id='line_1_2' title="bbox 1411 368 2730 438; baseline -0.007 1"><span class='ocrx_word' id='word_1_2' title='bbox 1411 374 1828 438; x_wconf 78' lang='lat' dir='ltr'>ENCOMIUM</span> <span class='ocrx_word' id='word_1_3' title='bbox 1874 371 2096 432; x_wconf 80' lang='lat' dir='ltr'>AUC&#39;I‘.</span> <span class='ocrx_word' id='word_1_4' title='bbox 2133 368 2590 431; x_wconf 79' lang='lat' dir='ltr'>PHILOTHEO</span> <span class='ocrx_word' id='word_1_5' title='bbox 2620 369 2730 430; x_wconf 72' lang='grc' dir='ltr'>(ΣΡ.</span> 
     </span>
    </p>
   </div>
   <div class='ocr_carea' id='block_1_3' title="bbox 3582 366 3689 430">
    <p class='ocr_par' dir='ltr' id='par_1_3' title="bbox 3582 366 3689 430">
     <span class='ocr_line' id='line_1_3' title="bbox 3582 366 3689 430; baseline -0.019 0"><span class='ocrx_word' id='word_1_6' title='bbox 3582 366 3689 430; x_wconf 71' lang='grc'>646</span> 
     </span>
    </p>
   </div>
   <div class='ocr_carea' id='block_1_4' title="bbox 399 479 3686 572">
    <p class='ocr_par' dir='ltr' id='par_1_4' title="bbox 399 479 3686 572">
     <span class='ocr_line' id='line_1_4' title="bbox 399 479 3686 572; baseline -0.007 -14"><span class='ocrx_word' id='word_1_7' title='bbox 399 506 598 572; x_wconf 77' lang='grc' dir='ltr'>ἑαυτῆς</span> <span class='ocrx_word' id='word_1_8' title='bbox 631 501 866 572; x_wconf 80' lang='grc' dir='ltr'>νυμφίον</span> <span class='ocrx_word' id='word_1_9' title='bbox 896 498 1161 564; x_wconf 75' lang='grc' dir='ltr'>ἀπέλαϐε,</span> <span class='ocrx_word' id='word_1_10' title='bbox 1193 495 1511 551; x_wconf 78' lang='grc' dir='ltr'>συνίσταται</span> <span class='ocrx_word' id='word_1_11' title='bbox 1538 499 1636 564; x_wconf 82' lang='grc' dir='ltr'>μὲν</span> <span class='ocrx_word' id='word_1_12' title='bbox 1659 493 1810 564; x_wconf 79' lang='grc' dir='ltr'>αὐτῷ</span> <span class='ocrx_word' id='word_1_13' title='bbox 1838 491 1988 562; x_wconf 68' lang='grc' dir='ltr'>παρὰ</span> <span class='ocrx_word' id='word_1_14' title='bbox 2016 491 2068 549; x_wconf 77' lang='grc' dir='ltr'>Α</span> <span class='ocrx_word' id='word_1_15' title='bbox 2096 487 2191 539; x_wconf 75' lang='grc' dir='ltr'>καὶ</span> <span class='ocrx_word' id='word_1_16' title='bbox 2223 485 2283 537; x_wconf 87' lang='grc' dir='ltr'>τὸ</span> <span class='ocrx_word' id='word_1_17' title='bbox 2305 481 2441 556; x_wconf 82' lang='grc' dir='ltr'>ἦθος</span> <span class='ocrx_word' id='word_1_18' title='bbox 2476 485 2572 537; x_wconf 81' lang='grc' dir='ltr'>καὶ</span> <span class='ocrx_word' id='word_1_19' title='bbox 2598 483 2690 535; x_wconf 88' lang='grc' dir='ltr'>τὸν</span> <span class='ocrx_word' id='word_1_20' title='bbox 2717 482 2820 552; x_wconf 82' lang='grc' dir='ltr'>τῆς</span> <span class='ocrx_word' id='word_1_21' title='bbox 2865 480 3028 552; x_wconf 83' lang='grc' dir='ltr'>εὐχῆς</span> <span class='ocrx_word' id='word_1_22' title='bbox 3061 479 3414 540; x_wconf 77' lang='grc' dir='ltr'>ὑποπτεύσας</span> <span class='ocrx_word' id='word_1_23' title='bbox 3456 482 3686 550; x_wconf 70' lang='grc' dir='ltr'>τρόπον.</span> 
     </span>
    </p>
   </div>
   <div class='ocr_carea' id='block_1_5' title="bbox 399 585 1985 662">
    <p class='ocr_par' dir='ltr' id='par_1_5' title="bbox 399 585 1985 662">
     <span class='ocr_line' id='line_1_5' title="bbox 399 585 1985 662; baseline -0.006 -14"><span class='ocrx_word' id='word_1_24' title='bbox 399 597 508 648; x_wconf 87' lang='grc' dir='ltr'>τῶν</span> <span class='ocrx_word' id='word_1_25' title='bbox 541 594 788 662; x_wconf 78' lang='grc' dir='ltr'>συνήθων</span> <span class='ocrx_word' id='word_1_26' title='bbox 811 594 890 656; x_wconf 88' lang='grc' dir='ltr'>εἰς</span> <span class='ocrx_word' id='word_1_27' title='bbox 921 593 1105 660; x_wconf 87' lang='grc' dir='ltr'>φιλίαν</span> <span class='ocrx_word' id='word_1_28' title='bbox 1139 589 1230 642; x_wconf 68' lang='grc' dir='ltr'>καὶ</span> <span class='ocrx_word' id='word_1_29' title='bbox 1271 591 1300 640; x_wconf 91' lang='lat'>6</span> <span class='ocrx_word' id='word_1_30' title='bbox 1329 588 1460 658; x_wconf 75' lang='grc' dir='ltr'>πρὶν</span> <span class='ocrx_word' id='word_1_31' title='bbox 1486 588 1614 640; x_wconf 87' lang='grc' dir='ltr'>ἰδεῖν</span> <span class='ocrx_word' id='word_1_32' title='bbox 1642 585 1794 654; x_wconf 84' lang='grc' dir='ltr'>φίλο;</span> <span class='ocrx_word' id='word_1_33' title='bbox 1828 585 1985 638; x_wconf 73' lang='grc' dir='ltr'>οὐδὲν</span> 
     </span>
    </p>
   </div>
   <div class='ocr_carea' id='block_1_6' title="bbox 397 678 1986 758">
    <p class='ocr_par' dir='ltr' id='par_1_6' title="bbox 397 678 1986 758">
     <span class='ocr_line' id='line_1_6' title="bbox 397 678 1986 758; baseline -0.005 -20"><span class='ocrx_word' id='word_1_34' title='bbox 397 683 563 758; x_wconf 83' lang='grc' dir='ltr'>ἦττον</span> <span class='ocrx_word' id='word_1_35' title='bbox 593 685 760 738; x_wconf 87' lang='grc' dir='ltr'>αὐτοῦ</span> <span class='ocrx_word' id='word_1_36' title='bbox 793 701 853 738; x_wconf 90' lang='grc' dir='ltr'>τε</span> <span class='ocrx_word' id='word_1_37' title='bbox 903 687 996 736; x_wconf 79' lang='grc' dir='ltr'>καὶ</span> <span class='ocrx_word' id='word_1_38' title='bbox 1030 684 1132 752; x_wconf 80' lang='grc' dir='ltr'>τῆς</span> <span class='ocrx_word' id='word_1_39' title='bbox 1165 682 1430 751; x_wconf 81' lang='grc' dir='ltr'>ἀληθείας</span> <span class='ocrx_word' id='word_1_40' title='bbox 1481 681 1688 744; x_wconf 77' lang='grc' dir='ltr'>οὐτοσὶ,</span> <span class='ocrx_word' id='word_1_41' title='bbox 1747 679 1890 731; x_wconf 85' lang='grc' dir='ltr'>καθά</span> <span class='ocrx_word' id='word_1_42' title='bbox 1921 678 1986 750; x_wconf 82' lang='grc' dir='ltr'>δὴ</span> 
     </span>
    </p>
   </div>
   <div class='ocr_carea' id='block_1_7' title="bbox 402 773 1987 848">
    <p class='ocr_par' dir='ltr' id='par_1_7' title="bbox 402 773 1987 848">
     <span class='ocr_line' id='line_1_7' title="bbox 402 773 1987 848; baseline -0.004 -16"><span class='ocrx_word' id='word_1_43' title='bbox 402 781 496 833; x_wconf 71' lang='grc' dir='ltr'>καὶ</span> <span class='ocrx_word' id='word_1_44' title='bbox 530 778 818 848; x_wconf 79' lang='grc' dir='ltr'>προύφην·</span> <span class='ocrx_word' id='word_1_45' title='bbox 858 779 954 830; x_wconf 79' lang='grc' dir='ltr'>καὶ</span> <span class='ocrx_word' id='word_1_46' title='bbox 1003 775 1114 828; x_wconf 90' lang='grc' dir='ltr'>τῶν</span> <span class='ocrx_word' id='word_1_47' title='bbox 1142 775 1334 828; x_wconf 88' lang='grc' dir='ltr'>τούτου</span> <span class='ocrx_word' id='word_1_48' title='bbox 1369 773 1771 840; x_wconf 84' lang='grc' dir='ltr'>ποτιμωτάτων</span> <span class='ocrx_word' id='word_1_49' title='bbox 1807 773 1987 842; x_wconf 76' lang='grc' dir='ltr'>ναμάο</span> 
     </span>
    </p>
   </div>
   <div class='ocr_carea' id='block_1_8' title="bbox 403 866 1986 941">
    <p class='ocr_par' dir='ltr' id='par_1_8' title="bbox 403 866 1986 941">
     <span class='ocr_line' id='line_1_8' title="bbox 403 866 1986 941; baseline -0.006 -15"><span class='ocrx_word' id='word_1_50' title='bbox 403 891 510 926; x_wconf 89' lang='grc' dir='ltr'>των</span> <span class='ocrx_word' id='word_1_51' title='bbox 529 874 629 941; x_wconf 84' lang='grc' dir='ltr'>τῆς</span> <span class='ocrx_word' id='word_1_52' title='bbox 663 867 1014 930; x_wconf 71' lang='grc' dir='ltr'>διδασκαλίας</span> <span class='ocrx_word' id='word_1_53' title='bbox 1041 868 1405 937; x_wconf 88' lang='grc' dir='ltr'>γευσάμενος,</span> <span class='ocrx_word' id='word_1_54' title='bbox 1431 866 1576 919; x_wconf 80' lang='grc' dir='ltr'>ἑάλω</span> <span class='ocrx_word' id='word_1_55' title='bbox 1608 883 1667 917; x_wconf 93' lang='grc' dir='ltr'>τε</span> <span class='ocrx_word' id='word_1_56' title='bbox 1697 867 1986 935; x_wconf 90' lang='grc' dir='ltr'>κατάκρας</span> 
     </span>
    </p>
   </div>
   <div class='ocr_carea' id='block_1_9' title="bbox 403 958 1987 1035">
    <p class='ocr_par' dir='ltr' id='par_1_9' title="bbox 403 958 1987 1035">
     <span class='ocr_line' id='line_1_9' title="bbox 403 958 1987 1035; baseline -0.006 -15"><span class='ocrx_word' id='word_1_57' title='bbox 403 968 482 1034; x_wconf 83' lang='grc' dir='ltr'>τῷ</span> <span class='ocrx_word' id='word_1_58' title='bbox 510 966 698 1035; x_wconf 74' lang='grc' dir='ltr'>ἔρωτι,</span> <span class='ocrx_word' id='word_1_59' title='bbox 730 965 826 1018; x_wconf 77' lang='grc' dir='ltr'>καὶ</span> <span class='ocrx_word' id='word_1_60' title='bbox 859 963 1062 1032; x_wconf 84' lang='grc' dir='ltr'>μᾶλλον</span> <span class='ocrx_word' id='word_1_61' title='bbox 1097 963 1357 1032; x_wconf 87' lang='grc' dir='ltr'>συνεδέοη</span> <span class='ocrx_word' id='word_1_62' title='bbox 1386 959 1464 1029; x_wconf 84' lang='grc' dir='ltr'>τῷ</span> <span class='ocrx_word' id='word_1_63' title='bbox 1486 960 1717 1031; x_wconf 80' lang='grc' dir='ltr'>φίλτρῳ,</span> <span class='ocrx_word' id='word_1_64' title='bbox 1749 959 1845 1011; x_wconf 63' lang='grc' dir='ltr'>καὶ⁵</span> <span class='ocrx_word' id='word_1_65' title='bbox 1886 958 1987 1028; x_wconf 88' lang='grc' dir='ltr'>τὴν</span> 
     </span>
    </p>
   </div>
   <div class='ocr_carea' id='block_1_10' title="bbox 401 1049 1987 1130">
    <p class='ocr_par' dir='ltr' id='par_1_10' title="bbox 401 1049 1987 1130">
     <span class='ocr_line' id='line_1_10' title="bbox 401 1049 1987 1130; baseline -0.005 -19"><span class='ocrx_word' id='word_1_66' title='bbox 401 1059 585 1129; x_wconf 79' lang='grc' dir='ltr'>ψυχὴν</span> <span class='ocrx_word' id='word_1_67' title='bbox 633 1055 939 1130; x_wconf 82' lang='grc' dir='ltr'>ἀχώριστος</span> <span class='ocrx_word' id='word_1_68' title='bbox 988 1051 1093 1126; x_wconf 73' lang='grc' dir='ltr'>ἦν’</span> <span class='ocrx_word' id='word_1_69' title='bbox 1125 1055 1188 1108; x_wconf 93' lang='grc' dir='ltr'>οὐ</span> <span class='ocrx_word' id='word_1_70' title='bbox 1249 1053 1355 1123; x_wconf 79' lang='grc' dir='ltr'>μὴν</span> <span class='ocrx_word' id='word_1_71' title='bbox 1387 1051 1522 1106; x_wconf 86' lang='grc' dir='ltr'>ἀλλά</span> <span class='ocrx_word' id='word_1_72' title='bbox 1558 1054 1653 1105; x_wconf 84' lang='grc' dir='ltr'>καὶ</span> <span class='ocrx_word' id='word_1_73' title='bbox 1700 1049 1796 1104; x_wconf 88' lang='grc' dir='ltr'>τοῦ</span> <span class='ocrx_word' id='word_1_74' title='bbox 1844 1051 1987 1116; x_wconf 89' lang='grc' dir='ltr'>πρὸς</span> 
     </span>
    </p>
   </div>
   <div class='ocr_carea' id='block_1_11' title="bbox 400 1143 1986 1215">
    <p class='ocr_par' dir='ltr' id='par_1_11' title="bbox 400 1143 1986 1215">
     <span class='ocr_line' id='line_1_11' title="bbox 400 1143 1986 1215; baseline -0.005 -13"><span class='ocrx_word' id='word_1_75' title='bbox 400 1152 526 1212; x_wconf 82' lang='grc' dir='ltr'>τούς</span> <span class='ocrx_word' id='word_1_76' title='bbox 585 1149 918 1210; x_wconf 78' lang='grc' dir='ltr'>στασιαστὰς</span> <span class='ocrx_word' id='word_1_77' title='bbox 977 1147 1193 1199; x_wconf 74' lang='grc' dir='ltr'>ἐκείνου</span> <span class='ocrx_word' id='word_1_78' title='bbox 1248 1143 1506 1215; x_wconf 85' lang='grc' dir='ltr'>λαμπροῦ</span> <span class='ocrx_word' id='word_1_79' title='bbox 1548 1144 1737 1212; x_wconf 80' lang='grc' dir='ltr'>ζήλου,</span> <span class='ocrx_word' id='word_1_80' title='bbox 1769 1143 1986 1210; x_wconf 72' lang='grc' dir='ltr'>καὶτῆς</span> 
     </span>
    </p>
   </div>
   <div class='ocr_carea' id='block_1_12' title="bbox 402 1232 1986 1307">
    <p class='ocr_par' dir='ltr' id='par_1_12' title="bbox 402 1232 1986 1307">
     <span class='ocr_line' id='line_1_12' title="bbox 402 1232 1986 1307; baseline -0.005 -15"><span class='ocrx_word' id='word_1_81' title='bbox 402 1240 547 1307; x_wconf 65' lang='grc' dir='ltr'>ὑπὲρ</span> <span class='ocrx_word' id='word_1_82' title='bbox 600 1239 862 1307; x_wconf 80' lang='grc' dir='ltr'>ἀληθείας</span> <span class='ocrx_word' id='word_1_83' title='bbox 918 1237 1228 1298; x_wconf 78' lang='grc' dir='ltr'>ἑνστάσεως</span> <span class='ocrx_word' id='word_1_84' title='bbox 1276 1235 1370 1288; x_wconf 91' lang='grc' dir='ltr'>τοῦ</span> <span class='ocrx_word' id='word_1_85' title='bbox 1433 1233 1629 1302; x_wconf 88' lang='grc' dir='ltr'>ἀνδρὸς</span> <span class='ocrx_word' id='word_1_86' title='bbox 1687 1232 1986 1294; x_wconf 82' lang='grc' dir='ltr'>διακούσας</span> 
     </span>
    </p>
   </div>
   <div class='ocr_carea' id='block_1_13' title="bbox 399 1325 1984 1399">
    <p class='ocr_par' dir='ltr' id='par_1_13' title="bbox 399 1325 1984 1399">
     <span class='ocr_line' id='line_1_13' title="bbox 399 1325 1984 1399; baseline -0.005 -14"><span class='ocrx_word' id='word_1_87' title='bbox 399 1335 534 1395; x_wconf 79' lang='grc' dir='ltr'>πὸς</span> <span class='ocrx_word' id='word_1_88' title='bbox 562 1335 675 1395; x_wconf 87' lang='grc' dir='ltr'>τοῖς</span> <span class='ocrx_word' id='word_1_89' title='bbox 710 1331 893 1394; x_wconf 74' lang='grc' dir='ltr'>ἄλλοις</span> <span class='ocrx_word' id='word_1_90' title='bbox 924 1332 953 1384; x_wconf 93' lang='lat'>6</span> <span class='ocrx_word' id='word_1_91' title='bbox 986 1332 1160 1399; x_wconf 82' lang='grc' dir='ltr'>μέγας</span> <span class='ocrx_word' id='word_1_92' title='bbox 1195 1331 1410 1383; x_wconf 75' lang='grc' dir='ltr'>ἐπαινεῖ</span> <span class='ocrx_word' id='word_1_93' title='bbox 1445 1345 1504 1380; x_wconf 88' lang='grc' dir='ltr'>τε</span> <span class='ocrx_word' id='word_1_94' title='bbox 1537 1327 1605 1379; x_wconf 78' lang='grc' dir='ltr'>τὰ</span> <span class='ocrx_word' id='word_1_95' title='bbox 1635 1325 1848 1389; x_wconf 88' lang='grc' dir='ltr'>εἰκότα,</span> <span class='ocrx_word' id='word_1_96' title='bbox 1887 1327 1984 1378; x_wconf 74' lang='grc' dir='ltr'>καὶ</span> 
     </span>
    </p>
   </div>
   <div class='ocr_carea' id='block_1_14' title="bbox 397 1417 1986 1496">
    <p class='ocr_par' dir='ltr' id='par_1_14' title="bbox 397 1417 1986 1496">
     <span class='ocr_line' id='line_1_14' title="bbox 397 1417 1986 1496; baseline -0.007 -16"><span class='ocrx_word' id='word_1_97' title='bbox 397 1427 659 1496; x_wconf 80' lang='grc' dir='ltr'>τοιαύτην</span> <span class='ocrx_word' id='word_1_98' title='bbox 713 1427 914 1492; x_wconf 67' lang='grc' dir='ltr'>ἐπάγει</span> <span class='ocrx_word' id='word_1_99' title='bbox 975 1424 1075 1493; x_wconf 79' lang='grc' dir='ltr'>τὴν</span> <span class='ocrx_word' id='word_1_100' title='bbox 1105 1422 1273 1490; x_wconf 80' lang='grc' dir='ltr'>εὐχὴν</span> <span class='ocrx_word' id='word_1_101' title='bbox 1331 1421 1427 1474; x_wconf 77' lang='grc' dir='ltr'>ἐπὶ</span> <span class='ocrx_word' id='word_1_102' title='bbox 1456 1420 1643 1473; x_wconf 85' lang='grc' dir='ltr'>τέλει·</span> <span class='ocrx_word' id='word_1_103' title='bbox 1687 1419 1790 1471; x_wconf 91' lang='grc' dir='ltr'>Τὸν</span> <span class='ocrx_word' id='word_1_104' title='bbox 1842 1417 1986 1490; x_wconf 83' lang='grc' dir='ltr'>ὑπὲρ</span> 
     </span>
    </p>
   </div>
   <div class='ocr_carea' id='block_1_15' title="bbox 399 1505 1984 1587">
    <p class='ocr_par' dir='ltr' id='par_1_15' title="bbox 399 1505 1984 1587">
     <span class='ocr_line' id='line_1_15' title="bbox 399 1505 1984 1587; baseline -0.006 -15"><span class='ocrx_word' id='word_1_105' title='bbox 399 1521 658 1587; x_wconf 83' lang='grc' dir='ltr'>ἀληθείας</span> <span class='ocrx_word' id='word_1_106' title='bbox 684 1520 778 1571; x_wconf 72' lang='grc' dir='ltr'>καὶ</span> <span class='ocrx_word' id='word_1_107' title='bbox 800 1516 894 1569; x_wconf 89' lang='grc' dir='ltr'>τοῦ</span> <span class='ocrx_word' id='word_1_108' title='bbox 918 1514 1086 1570; x_wconf 88' lang='grc' dir='ltr'>καλοῦ</span> <span class='ocrx_word' id='word_1_109' title='bbox 1112 1515 1203 1568; x_wconf 88' lang='grc' dir='ltr'>σὸν</span> <span class='ocrx_word' id='word_1_110' title='bbox 1224 1513 1508 1581; x_wconf 86' lang='grc' dir='ltr'>ἀξιόλογον</span> <span class='ocrx_word' id='word_1_111' title='bbox 1534 1512 1716 1580; x_wconf 79' lang='grc' dir='ltr'>ζῆλον,</span> <span class='ocrx_word' id='word_1_112' title='bbox 1735 1505 1780 1565; x_wconf 79' lang='grc' dir='ltr'>ὦ</span> <span class='ocrx_word' id='word_1_113' title='bbox 1808 1511 1984 1580; x_wconf 91' lang='grc' dir='ltr'>φίλος,</span> 
     </span>
    </p>
   </div>
   <div class='ocr_carea' id='block_1_16' title="bbox 401 1604 1984 1679">
    <p class='ocr_par' dir='ltr' id='par_1_16' title="bbox 401 1604 1984 1679">
     <span class='ocr_line' id='line_1_16' title="bbox 401 1604 1984 1679; baseline -0.004 -16"><span class='ocrx_word' id='word_1_114' title='bbox 401 1615 490 1665; x_wconf 72' lang='grc' dir='ltr'>καὶ</span> <span class='ocrx_word' id='word_1_115' title='bbox 519 1613 620 1673; x_wconf 75' lang='grc' dir='ltr'>τὴν</span> <span class='ocrx_word' id='word_1_116' title='bbox 653 1610 900 1679; x_wconf 82' lang='grc' dir='ltr'>μεγάλην</span> <span class='ocrx_word' id='word_1_117' title='bbox 937 1610 1035 1678; x_wconf 85' lang='grc' dir='ltr'>τῆς</span> <span class='ocrx_word' id='word_1_118' title='bbox 1059 1607 1239 1677; x_wconf 70' lang='grc' dir='ltr'>ψυχῆς</span> <span class='ocrx_word' id='word_1_119' title='bbox 1281 1607 1538 1660; x_wconf 74' lang='grc' dir='ltr'>ἔνστασιν</span> <span class='ocrx_word' id='word_1_120' title='bbox 1571 1605 1708 1668; x_wconf 81' lang='grc' dir='ltr'>Θεὸς</span> <span class='ocrx_word' id='word_1_121' title='bbox 1751 1604 1984 1674; x_wconf 77' lang='grc' dir='ltr'>ἀμειϐό-</span> 
     </span>
    </p>
   </div>
   <div class='ocr_carea' id='block_1_17' title="bbox 403 1697 1982 1775">
    <p class='ocr_par' dir='ltr' id='par_1_17' title="bbox 403 1697 1982 1775">
     <span class='ocr_line' id='line_1_17' title="bbox 403 1697 1982 1775; baseline -0.005 -19"><span class='ocrx_word' id='word_1_122' title='bbox 403 1723 560 1775; x_wconf 86' lang='grc' dir='ltr'>μενος</span> <span class='ocrx_word' id='word_1_123' title='bbox 585 1705 740 1756; x_wconf 79' lang='grc' dir='ltr'>ἔσται</span> <span class='ocrx_word' id='word_1_124' title='bbox 770 1702 926 1770; x_wconf 79' lang='grc' dir='ltr'>μόνος</span> <span class='ocrx_word' id='word_1_125' title='bbox 967 1702 1168 1766; x_wconf 83' lang='grc' dir='ltr'>ἀξίως·</span> <span class='ocrx_word' id='word_1_126' title='bbox 1207 1701 1241 1770; x_wconf 80' lang='grc' dir='ltr'>ή</span> <span class='ocrx_word' id='word_1_127' title='bbox 1269 1700 1378 1768; x_wconf 75' lang='grc' dir='ltr'>γὰρ</span> <span class='ocrx_word' id='word_1_128' title='bbox 1411 1700 1546 1768; x_wconf 81' lang='grc' dir='ltr'>παρ’</span> <span class='ocrx_word' id='word_1_129' title='bbox 1590 1697 1982 1768; x_wconf 72' lang='grc' dir='ltr'>ήμῶνάμοιδὴ</span> 
     </span>
    </p>
   </div>
   <div class='ocr_carea' id='block_1_18' title="bbox 397 1790 1982 1868">
    <p class='ocr_par' dir='ltr' id='par_1_18' title="bbox 397 1790 1982 1868">
     <span class='ocr_line' id='line_1_18' title="bbox 397 1790 1982 1868; baseline -0.005 -20"><span class='ocrx_word' id='word_1_130' title='bbox 397 1797 558 1848; x_wconf 81' lang='grc' dir='ltr'>ὁποία</span> <span class='ocrx_word' id='word_1_131' title='bbox 593 1796 709 1848; x_wconf 81' lang='grc' dir='ltr'>ποτ’</span> <span class='ocrx_word' id='word_1_132' title='bbox 736 1795 802 1848; x_wconf 86' lang='grc' dir='ltr'>ἂν</span> <span class='ocrx_word' id='word_1_133' title='bbox 822 1790 881 1868; x_wconf 83' lang='grc' dir='ltr'>ᾖ,</span> <span class='ocrx_word' id='word_1_134' title='bbox 911 1793 1123 1864; x_wconf 88' lang='grc' dir='ltr'>σμικρά</span> <span class='ocrx_word' id='word_1_135' title='bbox 1149 1810 1233 1856; x_wconf 90' lang='grc' dir='ltr'>τις</span> <span class='ocrx_word' id='word_1_136' title='bbox 1265 1792 1421 1845; x_wconf 74' lang='grc' dir='ltr'>ἔσται</span> <span class='ocrx_word' id='word_1_137' title='bbox 1455 1791 1548 1845; x_wconf 71' lang='grc' dir='ltr'>καὶ</span> <span class='ocrx_word' id='word_1_138' title='bbox 1571 1791 1672 1844; x_wconf 82' lang='grc' dir='ltr'>οὐκ</span> <span class='ocrx_word' id='word_1_139' title='bbox 1693 1790 1982 1856; x_wconf 79' lang='grc' dir='ltr'>ἀνάλογος,</span> 
     </span>
    </p>
   </div>
   <div class='ocr_carea' id='block_1_19' title="bbox 394 1855 2060 1957">
    <p class='ocr_par' dir='ltr' id='par_1_19' title="bbox 394 1855 2060 1957">
     <span class='ocr_line' id='line_1_19' title="bbox 394 1855 2060 1957; baseline -0.006 -15"><span class='ocrx_word' id='word_1_140' title='bbox 394 1892 496 1957; x_wconf 73' lang='grc' dir='ltr'>τῆς</span> <span class='ocrx_word' id='word_1_141' title='bbox 525 1855 877 1956; x_wconf 69' lang='grc' dir='ltr'>ἀνθρωπείάς</span> <span class='ocrx_word' id='word_1_142' title='bbox 923 1855 1141 1956; x_wconf 73' lang='grc' dir='ltr'>φύσεως</span> <span class='ocrx_word' id='word_1_143' title='bbox 1191 1855 1289 1937; x_wconf 72' lang='grc' dir='ltr'>καί⁸</span> <span class='ocrx_word' id='word_1_144' title='bbox 1335 1884 1624 1953; x_wconf 89' lang='grc' dir='ltr'>δυνάμεως</span> <span class='ocrx_word' id='word_1_145' title='bbox 1661 1881 1816 1936; x_wconf 81' lang='grc' dir='ltr'>οὐσα.</span> <span class='ocrx_word' id='word_1_146' title='bbox 1872 1855 1990 1934; x_wconf 69' lang='grc' dir='ltr'>Καὶ</span> <span class='ocrx_word' id='word_1_147' title='bbox 2018 1855 2060 1909; x_wconf 73' lang='grc' dir='ltr'><strong><em>Β</em></strong></span> 
     </span>
    </p>
   </div>
   <div class='ocr_carea' id='block_1_20' title="bbox 399 1977 1988 2051">
    <p class='ocr_par' dir='ltr' id='par_1_20' title="bbox 399 1977 1988 2051">
     <span class='ocr_line' id='line_1_20' title="bbox 399 1977 1988 2051; baseline -0.006 -15"><span class='ocrx_word' id='word_1_148' title='bbox 399 1983 572 2036; x_wconf 86' lang='grc' dir='ltr'>ταῦτα</span> <span class='ocrx_word' id='word_1_149' title='bbox 627 1985 724 2051; x_wconf 81' lang='grc' dir='ltr'>μὲν</span> <span class='ocrx_word' id='word_1_150' title='bbox 773 1982 917 2048; x_wconf 86' lang='grc' dir='ltr'>τότε,</span> <span class='ocrx_word' id='word_1_151' title='bbox 954 1983 1049 2032; x_wconf 75' lang='grc' dir='ltr'>καὶ</span> <span class='ocrx_word' id='word_1_152' title='bbox 1101 1979 1222 2031; x_wconf 77' lang='grc' dir='ltr'>οὐδὲ</span> <span class='ocrx_word' id='word_1_153' title='bbox 1252 1979 1446 2048; x_wconf 76' lang='grc' dir='ltr'>πόρρω</span> <span class='ocrx_word' id='word_1_154' title='bbox 1478 1977 1634 2038; x_wconf 87' lang='grc' dir='ltr'>θείας</span> <span class='ocrx_word' id='word_1_155' title='bbox 1671 1977 1820 2038; x_wconf 89' lang='grc' dir='ltr'>τινὸς</span> <span class='ocrx_word' id='word_1_156' title='bbox 1863 1979 1988 2027; x_wconf 81' lang='grc' dir='ltr'>ἐπι·</span> 
     </span>
    </p>
   </div>
   <div class='ocr_carea' id='block_1_21' title="bbox 402 2067 1982 2144">
    <p class='ocr_par' dir='ltr' id='par_1_21' title="bbox 402 2067 1982 2144">
     <span class='ocr_line' id='line_1_21' title="bbox 402 2067 1982 2144; baseline -0.006 -16"><span class='ocrx_word' id='word_1_157' title='bbox 402 2080 595 2137; x_wconf 71' lang='lat' dir='ltr'>maia;</span> <span class='ocrx_word' id='word_1_158' title='bbox 629 2091 687 2127; x_wconf 89' lang='grc' dir='ltr'>τε</span> <span class='ocrx_word' id='word_1_159' title='bbox 745 2074 841 2127; x_wconf 77' lang='grc' dir='ltr'>καὶ</span> <span class='ocrx_word' id='word_1_160' title='bbox 875 2073 1256 2144; x_wconf 77' lang='grc' dir='ltr'>προρρήσεως,</span> <span class='ocrx_word' id='word_1_161' title='bbox 1310 2070 1386 2130; x_wconf 83' lang='grc' dir='ltr'>ὡς</span> <span class='ocrx_word' id='word_1_162' title='bbox 1433 2070 1502 2121; x_wconf 78' lang='grc' dir='ltr'>τὰ</span> <span class='ocrx_word' id='word_1_163' title='bbox 1533 2069 1662 2136; x_wconf 81' lang='grc' dir='ltr'>ἑξῆς</span> <span class='ocrx_word' id='word_1_164' title='bbox 1691 2067 1786 2120; x_wconf 87' lang='grc' dir='ltr'>τοῦ</span> <span class='ocrx_word' id='word_1_165' title='bbox 1822 2068 1982 2134; x_wconf 83' lang='grc' dir='ltr'>λόγου</span> 
     </span>
    </p>
   </div>
   <div class='ocr_carea' id='block_1_22' title="bbox 402 2161 1986 2238">
    <p class='ocr_par' dir='ltr' id='par_1_22' title="bbox 402 2161 1986 2238">
     <span class='ocr_line' id='line_1_22' title="bbox 402 2161 1986 2238; baseline -0.005 -16"><span class='ocrx_word' id='word_1_166' title='bbox 402 2167 656 2236; x_wconf 81' lang='grc' dir='ltr'>δηλώσει.</span> <span class='ocrx_word' id='word_1_167' title='bbox 683 2167 891 2238; x_wconf 86' lang='grc' dir='ltr'>Χρόνου</span> <span class='ocrx_word' id='word_1_168' title='bbox 925 2166 981 2218; x_wconf 79' lang='grc' dir='ltr'>δὲ</span> <span class='ocrx_word' id='word_1_169' title='bbox 1015 2161 1214 2233; x_wconf 88' lang='grc' dir='ltr'>συχνοῦ</span> <span class='ocrx_word' id='word_1_170' title='bbox 1247 2162 1454 2232; x_wconf 80' lang='grc' dir='ltr'>μεταξὺ</span> <span class='ocrx_word' id='word_1_171' title='bbox 1501 2161 1880 2230; x_wconf 88' lang='grc' dir='ltr'>διαγεγονότος</span> <span class='ocrx_word' id='word_1_172' title='bbox 1904 2202 1920 2223; x_wconf 88' lang='grc'>,</span> <span class='ocrx_word' id='word_1_173' title='bbox 1957 2163 1986 2214; x_wconf 90' lang='lat'>6</span> 
     </span>
    </p>
   </div>
   <div class='ocr_carea' id='block_1_23' title="bbox 403 2254 1986 2326">
    <p class='ocr_par' dir='ltr' id='par_1_23' title="bbox 403 2254 1986 2326">
     <span class='ocr_line' id='line_1_23' title="bbox 403 2254 1986 2326; baseline -0.004 -13"><span class='ocrx_word' id='word_1_174' title='bbox 403 2260 575 2321; x_wconf 86' lang='grc' dir='ltr'>καλὸς.</span> <span class='ocrx_word' id='word_1_175' title='bbox 596 2260 778 2312; x_wconf 76' lang='grc' dir='ltr'>οὐτοσὶ</span> <span class='ocrx_word' id='word_1_176' title='bbox 828 2259 982 2326; x_wconf 83' lang='grc' dir='ltr'>φίλος</span> <span class='ocrx_word' id='word_1_177' title='bbox 1020 2257 1183 2311; x_wconf 91' lang='grc' dir='ltr'>πάθει</span> <span class='ocrx_word' id='word_1_178' title='bbox 1218 2255 1546 2324; x_wconf 82' lang='grc' dir='ltr'>περιπίπτει</span> <span class='ocrx_word' id='word_1_179' title='bbox 1576 2254 1764 2323; x_wconf 83' lang='grc' dir='ltr'>τοιῷδε</span> <span class='ocrx_word' id='word_1_180' title='bbox 1787 2271 1800 2283; x_wconf 82' lang='lat'><strong><em>°</em></strong></span> <span class='ocrx_word' id='word_1_181' title='bbox 1834 2254 1986 2307; x_wconf 77' lang='grc' dir='ltr'>τύλοι</span> 
     </span>
    </p>
   </div>
   <div class='ocr_carea' id='block_1_24' title="bbox 399 2344 1986 2421">
    <p class='ocr_par' dir='ltr' id='par_1_24' title="bbox 399 2344 1986 2421">
     <span class='ocr_line' id='line_1_24' title="bbox 399 2344 1986 2421; baseline -0.004 -17"><span class='ocrx_word' id='word_1_182' title='bbox 399 2353 490 2404; x_wconf 85' lang='grc' dir='ltr'>τὸν</span> <span class='ocrx_word' id='word_1_183' title='bbox 519 2351 754 2421; x_wconf 72' lang='grc' dir='ltr'>ἀριθμὸν</span> <span class='ocrx_word' id='word_1_184' title='bbox 780 2349 916 2419; x_wconf 86' lang='grc' dir='ltr'>ὁμοῦ</span> <span class='ocrx_word' id='word_1_185' title='bbox 952 2348 1216 2414; x_wconf 80' lang='grc' dir='ltr'>τέτταρες</span> <span class='ocrx_word' id='word_1_186' title='bbox 1243 2346 1384 2400; x_wconf 86' lang='grc' dir='ltr'>κατά</span> <span class='ocrx_word' id='word_1_187' title='bbox 1412 2346 1512 2415; x_wconf 79' lang='grc' dir='ltr'>τὴν</span> <span class='ocrx_word' id='word_1_188' title='bbox 1547 2344 1834 2413; x_wconf 83' lang='grc' dir='ltr'>εὐώνυμον</span> <span class='ocrx_word' id='word_1_189' title='bbox 1854 2347 1986 2398; x_wconf 87' lang='grc' dir='ltr'>ἁνα-</span> 
     </span>
    </p>
   </div>
   <div class='ocr_carea' id='block_1_25' title="bbox 398 2439 1986 2511">
    <p class='ocr_par' dir='ltr' id='par_1_25' title="bbox 398 2439 1986 2511">
     <span class='ocr_line' id='line_1_25' title="bbox 398 2439 1986 2511; baseline -0.004 -15"><span class='ocrx_word' id='word_1_190' title='bbox 398 2444 632 2496; x_wconf 85' lang='grc' dir='ltr'>δίδονται</span> <span class='ocrx_word' id='word_1_191' title='bbox 685 2442 864 2510; x_wconf 85' lang='grc' dir='ltr'>τούτῳ</span> <span class='ocrx_word' id='word_1_192' title='bbox 916 2441 1186 2511; x_wconf 84' lang='grc' dir='ltr'>παλάμην</span> <span class='ocrx_word' id='word_1_193' title='bbox 1227 2439 1447 2508; x_wconf 85' lang='grc' dir='ltr'>ἀθρόον,</span> <span class='ocrx_word' id='word_1_194' title='bbox 1491 2439 1741 2508; x_wconf 83' lang='grc' dir='ltr'>μέγιστοι</span> <span class='ocrx_word' id='word_1_195' title='bbox 1772 2439 1871 2505; x_wconf 81' lang='grc' dir='ltr'>μὲν</span> <span class='ocrx_word' id='word_1_196' title='bbox 1891 2439 1986 2490; x_wconf 86' lang='grc' dir='ltr'>τὸν</span> 
     </span>
    </p>
   </div>
   <div class='ocr_carea' id='block_1_26' title="bbox 399 2531 1996 2606">
    <p class='ocr_par' dir='ltr' id='par_1_26' title="bbox 399 2531 1996 2606">
     <span class='ocr_line' id='line_1_26' title="bbox 399 2531 1996 2606; baseline -0.002 -17"><span class='ocrx_word' id='word_1_197' title='bbox 399 2537 583 2603; x_wconf 73' lang='grc' dir='ltr'>ὄγκον,</span> <span class='ocrx_word' id='word_1_198' title='bbox 617 2535 847 2606; x_wconf 77' lang='grc' dir='ltr'>σκληροὶ</span> <span class='ocrx_word' id='word_1_199' title='bbox 880 2535 937 2588; x_wconf 81' lang='grc' dir='ltr'>δέ</span> <span class='ocrx_word' id='word_1_200' title='bbox 976 2551 1126 2595; x_wconf 81' lang='grc' dir='ltr'>τινες</span> <span class='ocrx_word' id='word_1_201' title='bbox 1154 2534 1249 2586; x_wconf 84' lang='grc' dir='ltr'>καὶ</span> <span class='ocrx_word' id='word_1_202' title='bbox 1274 2532 1563 2587; x_wconf 83' lang='grc' dir='ltr'>ἀντίτυποι</span> <span class='ocrx_word' id='word_1_203' title='bbox 1589 2531 1691 2600; x_wconf 87' lang='grc' dir='ltr'>τὴν</span> <span class='ocrx_word' id='word_1_204' title='bbox 1717 2531 1996 2595; x_wconf 71' lang='grc' dir='ltr'>διάθεσιν,</span> 
     </span>
    </p>
   </div>
   <div class='ocr_carea' id='block_1_27' title="bbox 399 2623 1982 2699">
    <p class='ocr_par' dir='ltr' id='par_1_27' title="bbox 399 2623 1982 2699">
     <span class='ocr_line' id='line_1_27' title="bbox 399 2623 1982 2699; baseline -0.004 -17"><span class='ocrx_word' id='word_1_205' title='bbox 399 2629 499 2682; x_wconf 82' lang='grc' dir='ltr'>καὶ</span> <span class='ocrx_word' id='word_1_206' title='bbox 529 2631 750 2699; x_wconf 85' lang='grc' dir='ltr'>τραχεῖς</span> <span class='ocrx_word' id='word_1_207' title='bbox 780 2628 877 2680; x_wconf 80' lang='grc' dir='ltr'>καὶ</span> <span class='ocrx_word' id='word_1_208' title='bbox 899 2625 1238 2687; x_wconf 82' lang='grc' dir='ltr'>ἀκανθώδεις</span> <span class='ocrx_word' id='word_1_209' title='bbox 1266 2624 1335 2679; x_wconf 89' lang='grc' dir='ltr'>τά</span> <span class='ocrx_word' id='word_1_210' title='bbox 1351 2625 1452 2694; x_wconf 80' lang='grc' dir='ltr'>τῆς</span> <span class='ocrx_word' id='word_1_211' title='bbox 1481 2623 1982 2694; x_wconf 79' lang='grc' dir='ltr'>προσϐολῆςάκρα,</span> 
     </span>
    </p>
   </div>
   <div class='ocr_carea' id='block_1_28' title="bbox 400 2717 1985 2789">
    <p class='ocr_par' dir='ltr' id='par_1_28' title="bbox 400 2717 1985 2789">
     <span class='ocr_line' id='line_1_28' title="bbox 400 2717 1985 2789; baseline -0.003 -15"><span class='ocrx_word' id='word_1_212' title='bbox 400 2721 475 2784; x_wconf 83' lang='grc' dir='ltr'>ὡς</span> <span class='ocrx_word' id='word_1_213' title='bbox 519 2721 654 2789; x_wconf 84' lang='grc' dir='ltr'>μήτε</span> <span class='ocrx_word' id='word_1_214' title='bbox 707 2719 847 2788; x_wconf 89' lang='grc' dir='ltr'>πρὸς</span> <span class='ocrx_word' id='word_1_215' title='bbox 894 2718 1098 2788; x_wconf 82' lang='grc' dir='ltr'>ἑαυτὴν</span> <span class='ocrx_word' id='word_1_216' title='bbox 1128 2718 1270 2772; x_wconf 88' lang='grc' dir='ltr'>κατά</span> <span class='ocrx_word' id='word_1_217' title='bbox 1319 2717 1484 2787; x_wconf 88' lang='grc' dir='ltr'>φύσιν</span> <span class='ocrx_word' id='word_1_218' title='bbox 1510 2719 1590 2780; x_wconf 88' lang='grc' dir='ltr'>εἰς</span> <span class='ocrx_word' id='word_1_219' title='bbox 1638 2717 1985 2788; x_wconf 78' lang='grc' dir='ltr'>πυγμὴνὲᾷν</span> 
     </span>
    </p>
   </div>
   <div class='ocr_carea' id='block_1_29' title="bbox 403 2810 1984 2882">
    <p class='ocr_par' dir='ltr' id='par_1_29' title="bbox 403 2810 1984 2882">
     <span class='ocr_line' id='line_1_29' title="bbox 403 2810 1984 2882; baseline -0.001 -18"><span class='ocrx_word' id='word_1_220' title='bbox 403 2811 734 2880; x_wconf 88' lang='grc' dir='ltr'>συνάγεσθαι</span> <span class='ocrx_word' id='word_1_221' title='bbox 775 2811 874 2882; x_wconf 77' lang='grc' dir='ltr'>τὴν</span> <span class='ocrx_word' id='word_1_222' title='bbox 923 2811 1210 2882; x_wconf 87' lang='grc' dir='ltr'>παλάμην,</span> <span class='ocrx_word' id='word_1_223' title='bbox 1260 2810 1516 2881; x_wconf 73' lang='grc' dir='ltr'>καὶπρὸς</span> <span class='ocrx_word' id='word_1_224' title='bbox 1546 2810 1691 2880; x_wconf 75' lang='grc' dir='ltr'>ἁφὴν</span> <span class='ocrx_word' id='word_1_225' title='bbox 1719 2810 1984 2880; x_wconf 86' lang='grc' dir='ltr'>ἀνεπιτη-</span> 
     </span>
    </p>
   </div>
   <div class='ocr_carea' id='block_1_30' title="bbox 398 2900 1986 2973">
    <p class='ocr_par' dir='ltr' id='par_1_30' title="bbox 398 2900 1986 2973">
     <span class='ocr_line' id='line_1_30' title="bbox 398 2900 1986 2973; baseline -0.001 -16"><span class='ocrx_word' id='word_1_226' title='bbox 398 2905 551 2958; x_wconf 86' lang='grc' dir='ltr'>δείαν</span> <span class='ocrx_word' id='word_1_227' title='bbox 602 2902 753 2973; x_wconf 89' lang='grc' dir='ltr'>αὐτῷ</span> <span class='ocrx_word' id='word_1_228' title='bbox 781 2919 840 2956; x_wconf 83' lang='grc' dir='ltr'>τε</span> <span class='ocrx_word' id='word_1_229' title='bbox 870 2901 1049 2970; x_wconf 84' lang='grc' dir='ltr'>τούτῳ</span> <span class='ocrx_word' id='word_1_230' title='bbox 1097 2902 1427 2972; x_wconf 85' lang='grc' dir='ltr'>πεφηνέναι,</span> <span class='ocrx_word' id='word_1_231' title='bbox 1478 2902 1572 2955; x_wconf 79' lang='grc' dir='ltr'>καί.</span> <span class='ocrx_word' id='word_1_232' title='bbox 1605 2900 1685 2972; x_wconf 83' lang='grc' dir='ltr'>τῷ</span> <span class='ocrx_word' id='word_1_233' title='bbox 1726 2902 1986 2968; x_wconf 80' lang='grc' dir='ltr'>καθάπαξ</span> 
     </span>
    </p>
   </div>
   <div class='ocr_carea' id='block_1_31' title="bbox 398 2993 1981 3066">
    <p class='ocr_par' dir='ltr' id='par_1_31' title="bbox 398 2993 1981 3066">
     <span class='ocr_line' id='line_1_31' title="bbox 398 2993 1981 3066; baseline -0.003 -15"><span class='ocrx_word' id='word_1_234' title='bbox 398 2997 668 3064; x_wconf 81' lang='grc' dir='ltr'>ἀνωμάλῳ</span> <span class='ocrx_word' id='word_1_235' title='bbox 695 2998 788 3050; x_wconf 77' lang='grc' dir='ltr'>καὶ</span> <span class='ocrx_word' id='word_1_236' title='bbox 816 2996 1013 3066; x_wconf 83' lang='grc' dir='ltr'>τραχεῖ</span> <span class='ocrx_word' id='word_1_237' title='bbox 1045 2995 1141 3048; x_wconf 71' lang='grc' dir='ltr'>καὶ</span> <span class='ocrx_word' id='word_1_238' title='bbox 1173 2994 1484 3048; x_wconf 84' lang='grc' dir='ltr'>ἀκανθώδει</span> <span class='ocrx_word' id='word_1_239' title='bbox 1535 2993 1644 3048; x_wconf 88' lang='grc' dir='ltr'>τῶν</span> <span class='ocrx_word' id='word_1_240' title='bbox 1671 2995 1981 3062; x_wconf 77' lang='grc' dir='ltr'>δακτύλων,</span> 
     </span>
    </p>
   </div>
   <div class='ocr_carea' id='block_1_32' title="bbox 399 3071 1984 3157">
    <p class='ocr_par' dir='ltr' id='par_1_32' title="bbox 399 3071 1984 3157">
     <span class='ocr_line' id='line_1_32' title="bbox 399 3071 1984 3157; baseline -0.001 -16"><span class='ocrx_word' id='word_1_241' title='bbox 399 3088 651 3156; x_wconf 85' lang='grc' dir='ltr'>καθάπερ</span> <span class='ocrx_word' id='word_1_242' title='bbox 669 3088 806 3157; x_wconf 73' lang='grc' dir='ltr'>ἔφην</span> <span class='ocrx_word' id='word_1_243' title='bbox 824 3103 839 3119; x_wconf 86' lang='grc'><strong>·</strong></span> <span class='ocrx_word' id='word_1_244' title='bbox 871 3071 940 3155; x_wconf 71' lang='grc' dir='ltr'>ἦν</span> <span class='ocrx_word' id='word_1_245' title='bbox 965 3087 1022 3140; x_wconf 82' lang='grc' dir='ltr'>δὲ</span> <span class='ocrx_word' id='word_1_246' title='bbox 1045 3086 1182 3157; x_wconf 90' lang='grc' dir='ltr'>πρὸς</span> <span class='ocrx_word' id='word_1_247' title='bbox 1199 3086 1407 3148; x_wconf 85' lang='grc' dir='ltr'>τούτοις</span> <span class='ocrx_word' id='word_1_248' title='bbox 1438 3086 1532 3139; x_wconf 74' lang='grc' dir='ltr'>καὶ</span> <span class='ocrx_word' id='word_1_249' title='bbox 1555 3085 1733 3150; x_wconf 80' lang='grc' dir='ltr'>ἄλλως</span> <span class='ocrx_word' id='word_1_250' title='bbox 1755 3086 1984 3157; x_wconf 86' lang='grc' dir='ltr'>αἰσχρόν</span> 
     </span>
    </p>
   </div>
   <div class='ocr_carea' id='block_1_33' title="bbox 2098 573 3686 645">
    <p class='ocr_par' dir='ltr' id='par_1_33' title="bbox 2098 573 3686 645">
     <span class='ocr_line' id='line_1_33' title="bbox 2098 573 3686 645; baseline -0.002 -15"><span class='ocrx_word' id='word_1_251' title='bbox 2098 580 2173 641; x_wconf 86' lang='grc' dir='ltr'>ὼς</span> <span class='ocrx_word' id='word_1_252' title='bbox 2201 578 2264 630; x_wconf 86' lang='grc' dir='ltr'>οὐ</span> <span class='ocrx_word' id='word_1_253' title='bbox 2299 576 2485 639; x_wconf 80' lang='grc' dir='ltr'>καλῶς</span> <span class='ocrx_word' id='word_1_254' title='bbox 2527 575 2716 645; x_wconf 85' lang='grc' dir='ltr'>δῆθεν,</span> <span class='ocrx_word' id='word_1_255' title='bbox 2743 574 2862 627; x_wconf 85' lang='grc' dir='ltr'>οὐδὲ</span> <span class='ocrx_word' id='word_1_256' title='bbox 2899 574 3040 643; x_wconf 85' lang='grc' dir='ltr'>μετὰ</span> <span class='ocrx_word' id='word_1_257' title='bbox 3072 573 3312 642; x_wconf 84' lang='grc' dir='ltr'>σπουδῆς</span> <span class='ocrx_word' id='word_1_258' title='bbox 3335 574 3686 642; x_wconf 80' lang='grc' dir='ltr'>γεγενημένα</span> 
     </span>
    </p>
   </div>
   <div class='ocr_carea' id='block_1_34' title="bbox 2095 664 3683 736">
    <p class='ocr_par' dir='ltr' id='par_1_34' title="bbox 2095 664 3683 736">
     <span class='ocr_line' id='line_1_34' title="bbox 2095 664 3683 736; baseline -0.004 -14"><span class='ocrx_word' id='word_1_259' title='bbox 2095 671 2192 722; x_wconf 82' lang='grc' dir='ltr'>καὶ</span> <span class='ocrx_word' id='word_1_260' title='bbox 2218 668 2592 734; x_wconf 79' lang='grc' dir='ltr'>κατανύξεως,</span> <span class='ocrx_word' id='word_1_261' title='bbox 2634 666 2829 736; x_wconf 88' lang='grc' dir='ltr'>πρῶτα</span> <span class='ocrx_word' id='word_1_262' title='bbox 2883 665 2986 731; x_wconf 81' lang='grc' dir='ltr'>μὲν</span> <span class='ocrx_word' id='word_1_263' title='bbox 3021 665 3190 736; x_wconf 79' lang='grc' dir='ltr'>ἤρετο</span> <span class='ocrx_word' id='word_1_264' title='bbox 3238 664 3330 717; x_wconf 88' lang='grc' dir='ltr'>τὸν</span> <span class='ocrx_word' id='word_1_265' title='bbox 3371 664 3683 734; x_wconf 82' lang='grc' dir='ltr'>ἄνθρωπον,</span> 
     </span>
    </p>
   </div>
   <div class='ocr_carea' id='block_1_35' title="bbox 2095 759 3690 832">
    <p class='ocr_par' dir='ltr' id='par_1_35' title="bbox 2095 759 3690 832">
     <span class='ocr_line' id='line_1_35' title="bbox 2095 759 3690 832; baseline -0.004 -15"><span class='ocrx_word' id='word_1_266' title='bbox 2095 765 2150 817; x_wconf 90' lang='grc' dir='ltr'>τί</span> <span class='ocrx_word' id='word_1_267' title='bbox 2191 781 2322 817; x_wconf 89' lang='grc' dir='ltr'>ποτε</span> <span class='ocrx_word' id='word_1_268' title='bbox 2383 763 2494 832; x_wconf 80' lang='grc' dir='ltr'>ἄρα</span> <span class='ocrx_word' id='word_1_269' title='bbox 2529 763 2624 815; x_wconf 72' lang='grc' dir='ltr'>καὶ</span> <span class='ocrx_word' id='word_1_270' title='bbox 2660 762 2898 829; x_wconf 76' lang='grc' dir='ltr'>πάσχειο</span> <span class='ocrx_word' id='word_1_271' title='bbox 2953 761 3027 822; x_wconf 87' lang='grc' dir='ltr'>ὼς</span> <span class='ocrx_word' id='word_1_272' title='bbox 3063 759 3121 813; x_wconf 79' lang='grc' dir='ltr'>δὲ</span> <span class='ocrx_word' id='word_1_273' title='bbox 3174 760 3236 813; x_wconf 88' lang='grc' dir='ltr'>τὸ</span> <span class='ocrx_word' id='word_1_274' title='bbox 3269 759 3444 822; x_wconf 86' lang='grc' dir='ltr'>πάθος</span> <span class='ocrx_word' id='word_1_275' title='bbox 3478 760 3690 820; x_wconf 75' lang='grc' dir='ltr'>ἐκεῖνος</span> 
     </span>
    </p>
   </div>
   <div class='ocr_carea' id='block_1_36' title="bbox 2094 849 3689 928">
    <p class='ocr_par' dir='ltr' id='par_1_36' title="bbox 2094 849 3689 928">
     <span class='ocr_line' id='line_1_36' title="bbox 2094 849 3689 928; baseline -0.003 -17"><span class='ocrx_word' id='word_1_276' title='bbox 2094 860 2194 928; x_wconf 83' lang='grc' dir='ltr'>τὴν</span> <span class='ocrx_word' id='word_1_277' title='bbox 2223 860 2383 927; x_wconf 82' lang='grc' dir='ltr'>χεῖρα</span> <span class='ocrx_word' id='word_1_278' title='bbox 2429 854 2725 925; x_wconf 85' lang='grc' dir='ltr'>προτείνας</span> <span class='ocrx_word' id='word_1_279' title='bbox 2782 853 3088 918; x_wconf 82' lang='grc' dir='ltr'>ὑπέδειξεν,</span> <span class='ocrx_word' id='word_1_280' title='bbox 3132 849 3247 906; x_wconf 76' lang='grc' dir='ltr'>Εἶθ’</span> <span class='ocrx_word' id='word_1_281' title='bbox 3276 852 3420 906; x_wconf 79' lang='grc' dir='ltr'>οὓτω</span> <span class='ocrx_word' id='word_1_282' title='bbox 3450 853 3689 906; x_wconf 87' lang='grc' dir='ltr'>κάκιστα</span> 
     </span>
    </p>
   </div>
   <div class='ocr_carea' id='block_1_37' title="bbox 2096 944 3684 1020">
    <p class='ocr_par' dir='ltr' id='par_1_37' title="bbox 2096 944 3684 1020">
     <span class='ocr_line' id='line_1_37' title="bbox 2096 944 3684 1020; baseline -0.003 -17"><span class='ocrx_word' id='word_1_283' title='bbox 2096 951 2290 1012; x_wconf 88' lang='grc' dir='ltr'>νοσῶν,</span> <span class='ocrx_word' id='word_1_284' title='bbox 2309 953 2336 1002; x_wconf 97' lang='lat'>6</span> <span class='ocrx_word' id='word_1_285' title='bbox 2362 949 2596 1020; x_wconf 88' lang='grc' dir='ltr'>μοναχὸς</span> <span class='ocrx_word' id='word_1_286' title='bbox 2617 944 2773 1010; x_wconf 79' lang='grc' dir='ltr'>αὖθις</span> <span class='ocrx_word' id='word_1_287' title='bbox 2799 947 2929 1017; x_wconf 76' lang='grc' dir='ltr'>ἔφη,</span> <span class='ocrx_word' id='word_1_288' title='bbox 2950 949 3045 1000; x_wconf 77' lang='grc' dir='ltr'>καὶ</span> <span class='ocrx_word' id='word_1_289' title='bbox 3068 947 3136 1000; x_wconf 83' lang='grc' dir='ltr'>τὰ</span> <span class='ocrx_word' id='word_1_290' title='bbox 3153 947 3409 1016; x_wconf 81' lang='grc' dir='ltr'>αίσχιστα</span> <span class='ocrx_word' id='word_1_291' title='bbox 3431 948 3684 1016; x_wconf 85' lang='grc' dir='ltr'>πάσχων,</span> 
     </span>
    </p>
   </div>
   <div class='ocr_carea' id='block_1_38' title="bbox 2094 1037 3688 1108">
    <p class='ocr_par' dir='ltr' id='par_1_38' title="bbox 2094 1037 3688 1108">
     <span class='ocr_line' id='line_1_38' title="bbox 2094 1037 3688 1108; baseline 0 -18"><span class='ocrx_word' id='word_1_292' title='bbox 2094 1039 2155 1090; x_wconf 91' lang='grc' dir='ltr'>οὐ</span> <span class='ocrx_word' id='word_1_293' title='bbox 2187 1038 2421 1108; x_wconf 85' lang='grc' dir='ltr'>δάκρυσι</span> <span class='ocrx_word' id='word_1_294' title='bbox 2453 1039 2549 1090; x_wconf 81' lang='grc' dir='ltr'>καὶ</span> <span class='ocrx_word' id='word_1_295' title='bbox 2578 1040 2827 1100; x_wconf 79' lang='grc' dir='ltr'>κοπετοῖς</span> <span class='ocrx_word' id='word_1_296' title='bbox 2859 1037 2960 1107; x_wconf 83' lang='grc' dir='ltr'>τὴν</span> <span class='ocrx_word' id='word_1_297' title='bbox 2993 1038 3129 1106; x_wconf 89' lang='grc' dir='ltr'>πρὸς</span> <span class='ocrx_word' id='word_1_298' title='bbox 3155 1037 3248 1089; x_wconf 90' lang='grc' dir='ltr'>τὸν</span> <span class='ocrx_word' id='word_1_299' title='bbox 3279 1039 3434 1104; x_wconf 80' lang='grc' dir='ltr'>ἆγιον</span> <span class='ocrx_word' id='word_1_300' title='bbox 3472 1038 3688 1090; x_wconf 80' lang='grc' dir='ltr'>ἰκεσίαν</span> 
     </span>
    </p>
   </div>
   <div class='ocr_carea' id='block_1_39' title="bbox 2097 1127 3690 1200">
    <p class='ocr_par' dir='ltr' id='par_1_39' title="bbox 2097 1127 3690 1200">
     <span class='ocr_line' id='line_1_39' title="bbox 2097 1127 3690 1200; baseline -0.003 -17"><span class='ocrx_word' id='word_1_301' title='bbox 2097 1131 2389 1200; x_wconf 85' lang='grc' dir='ltr'>συνείρεις,</span> <span class='ocrx_word' id='word_1_302' title='bbox 2423 1131 2542 1182; x_wconf 83' lang='grc' dir='ltr'>ἀλλ’</span> <span class='ocrx_word' id='word_1_303' title='bbox 2562 1130 2736 1193; x_wconf 80' lang='grc' dir='ltr'>οὕτως</span> <span class='ocrx_word' id='word_1_304' title='bbox 2759 1127 3130 1196; x_wconf 77' lang='grc' dir='ltr'>ἀκκιζόμενός</span> <span class='ocrx_word' id='word_1_305' title='bbox 3159 1146 3217 1180; x_wconf 90' lang='grc' dir='ltr'>τε</span> <span class='ocrx_word' id='word_1_306' title='bbox 3259 1128 3352 1181; x_wconf 71' lang='grc' dir='ltr'>καὶ</span> <span class='ocrx_word' id='word_1_307' title='bbox 3375 1128 3690 1196; x_wconf 82' lang='grc' dir='ltr'>θρυπτόμε-</span> 
     </span>
    </p>
   </div>
   <div class='ocr_carea' id='block_1_40' title="bbox 2093 1219 3689 1294">
    <p class='ocr_par' dir='ltr' id='par_1_40' title="bbox 2093 1219 3689 1294">
     <span class='ocr_line' id='line_1_40' title="bbox 2093 1219 3689 1294; baseline -0.004 -18"><span class='ocrx_word' id='word_1_308' title='bbox 2093 1241 2184 1286; x_wconf 87' lang='grc' dir='ltr'>νος</span> <span class='ocrx_word' id='word_1_309' title='bbox 2207 1221 2384 1292; x_wconf 84' lang='grc' dir='ltr'>τούτῳ</span> <span class='ocrx_word' id='word_1_310' title='bbox 2408 1221 2719 1294; x_wconf 80' lang='grc' dir='ltr'>προσέρχῃ,</span> <span class='ocrx_word' id='word_1_311' title='bbox 2754 1221 2852 1274; x_wconf 75' lang='grc' dir='ltr'>καὶ</span> <span class='ocrx_word' id='word_1_312' title='bbox 2875 1221 3073 1273; x_wconf 66' lang='grc' dir='ltr'>ὡσανεὶ</span> <span class='ocrx_word' id='word_1_313' title='bbox 3099 1220 3313 1283; x_wconf 77' lang='grc' dir='ltr'>παίζων</span> <span class='ocrx_word' id='word_1_314' title='bbox 3335 1237 3348 1284; x_wconf 91' lang='lat'>;</span> <span class='ocrx_word' id='word_1_315' title='bbox 3395 1220 3454 1272; x_wconf 83' lang='grc' dir='ltr'>Ὀ</span> <span class='ocrx_word' id='word_1_316' title='bbox 3483 1219 3529 1271; x_wconf 87' lang='grc' dir='ltr'>δ’</span> <span class='ocrx_word' id='word_1_317' title='bbox 3554 1221 3689 1271; x_wconf 83' lang='grc' dir='ltr'>ὑπο-</span> 
     </span>
    </p>
   </div>
   <div class='ocr_carea' id='block_1_41' title="bbox 2092 1309 3689 1385">
    <p class='ocr_par' dir='ltr' id='par_1_41' title="bbox 2092 1309 3689 1385">
     <span class='ocr_line' id='line_1_41' title="bbox 2092 1309 3689 1385; baseline -0.003 -17"><span class='ocrx_word' id='word_1_318' title='bbox 2092 1315 2297 1381; x_wconf 77' lang='grc' dir='ltr'>λαϐὼν,</span> <span class='ocrx_word' id='word_1_319' title='bbox 2347 1311 2492 1381; x_wconf 80' lang='grc' dir='ltr'>Οἵδε,</span> <span class='ocrx_word' id='word_1_320' title='bbox 2556 1315 2716 1385; x_wconf 78' lang='grc' dir='ltr'>φησὶ,</span> <span class='ocrx_word' id='word_1_321' title='bbox 2753 1315 2961 1384; x_wconf 83' lang='grc' dir='ltr'>Πάτερ,</span> <span class='ocrx_word' id='word_1_322' title='bbox 3017 1309 3196 1376; x_wconf 78' lang='grc' dir='ltr'>οὗτος,</span> <span class='ocrx_word' id='word_1_323' title='bbox 3230 1313 3324 1365; x_wconf 93' lang='grc' dir='ltr'>τὸν</span> <span class='ocrx_word' id='word_1_324' title='bbox 3365 1311 3521 1378; x_wconf 82' lang='grc' dir='ltr'>άγιον</span> <span class='ocrx_word' id='word_1_325' title='bbox 3550 1315 3689 1365; x_wconf 81' lang='grc' dir='ltr'>ὐπο-</span> 
     </span>
    </p>
   </div>
   <div class='ocr_carea' id='block_1_42' title="bbox 2093 1405 3686 1478">
    <p class='ocr_par' dir='ltr' id='par_1_42' title="bbox 2093 1405 3686 1478">
     <span class='ocr_line' id='line_1_42' title="bbox 2093 1405 3686 1478; baseline -0.003 -18"><span class='ocrx_word' id='word_1_326' title='bbox 2093 1409 2297 1476; x_wconf 82' lang='grc' dir='ltr'>δείξας,</span> <span class='ocrx_word' id='word_1_327' title='bbox 2322 1409 2444 1478; x_wconf 83' lang='grc' dir='ltr'>μεθ’</span> <span class='ocrx_word' id='word_1_328' title='bbox 2465 1409 2597 1463; x_wconf 82' lang='grc' dir='ltr'>οἵων</span> <span class='ocrx_word' id='word_1_329' title='bbox 2619 1407 2731 1476; x_wconf 80' lang='grc' dir='ltr'>εγὼ</span> <span class='ocrx_word' id='word_1_330' title='bbox 2752 1406 2864 1460; x_wconf 86' lang='grc' dir='ltr'>τῶν</span> <span class='ocrx_word' id='word_1_331' title='bbox 2885 1407 3168 1476; x_wconf 83' lang='grc' dir='ltr'>λογισμῶν</span> <span class='ocrx_word' id='word_1_332' title='bbox 3195 1406 3290 1458; x_wconf 73' lang='grc' dir='ltr'>καὶ</span> <span class='ocrx_word' id='word_1_333' title='bbox 3321 1409 3420 1472; x_wconf 76' lang='grc' dir='ltr'>τῆς</span> <span class='ocrx_word' id='word_1_334' title='bbox 3445 1405 3686 1465; x_wconf 81' lang='grc' dir='ltr'>διανοίας</span> 
     </span>
    </p>
   </div>
   <div class='ocr_carea' id='block_1_43' title="bbox 2093 1497 3686 1570">
    <p class='ocr_par' dir='ltr' id='par_1_43' title="bbox 2093 1497 3686 1570">
     <span class='ocr_line' id='line_1_43' title="bbox 2093 1497 3686 1570; baseline -0.004 -16"><span class='ocrx_word' id='word_1_335' title='bbox 2093 1519 2152 1554; x_wconf 91' lang='grc' dir='ltr'>τε</span> <span class='ocrx_word' id='word_1_336' title='bbox 2181 1503 2276 1554; x_wconf 78' lang='grc' dir='ltr'>καὶ</span> <span class='ocrx_word' id='word_1_337' title='bbox 2305 1501 2406 1570; x_wconf 81' lang='grc' dir='ltr'>τῆς</span> <span class='ocrx_word' id='word_1_338' title='bbox 2456 1501 2751 1562; x_wconf 79' lang='grc' dir='ltr'>διαθέσεως</span> <span class='ocrx_word' id='word_1_339' title='bbox 2784 1501 2884 1569; x_wconf 79' lang='grc' dir='ltr'>τὴν</span> <span class='ocrx_word' id='word_1_340' title='bbox 2919 1499 3048 1567; x_wconf 79' lang='grc' dir='ltr'>παρ’</span> <span class='ocrx_word' id='word_1_341' title='bbox 3079 1498 3246 1552; x_wconf 87' lang='grc' dir='ltr'>αὐτοῦ</span> <span class='ocrx_word' id='word_1_342' title='bbox 3285 1497 3541 1568; x_wconf 85' lang='grc' dir='ltr'>βοήθειαν</span> <span class='ocrx_word' id='word_1_343' title='bbox 3589 1498 3686 1548; x_wconf 73' lang='grc' dir='ltr'>καὶ</span> 
     </span>
    </p>
   </div>
   <div class='ocr_carea' id='block_1_44' title="bbox 2093 1588 3688 1664">
    <p class='ocr_par' dir='ltr' id='par_1_44' title="bbox 2093 1588 3688 1664">
     <span class='ocr_line' id='line_1_44' title="bbox 2093 1588 3688 1664; baseline -0.005 -17"><span class='ocrx_word' id='word_1_344' title='bbox 2093 1595 2192 1664; x_wconf 80' lang='grc' dir='ltr'>τὴν</span> <span class='ocrx_word' id='word_1_345' title='bbox 2215 1593 2514 1662; x_wconf 87' lang='grc' dir='ltr'>θεραπείαν</span> <span class='ocrx_word' id='word_1_346' title='bbox 2543 1593 2827 1662; x_wconf 89' lang='grc' dir='ltr'>αἰτοῦμαι.</span> <span class='ocrx_word' id='word_1_347' title='bbox 2855 1592 3024 1644; x_wconf 83' lang='grc' dir='ltr'>Ταῦτ’</span> <span class='ocrx_word' id='word_1_348' title='bbox 3053 1591 3248 1650; x_wconf 85' lang='grc' dir='ltr'>εἰπὼν,</span> <span class='ocrx_word' id='word_1_349' title='bbox 3281 1590 3448 1658; x_wconf 77' lang='grc' dir='ltr'>φησὶν</span> <span class='ocrx_word' id='word_1_350' title='bbox 3487 1591 3516 1641; x_wconf 89' lang='grc' dir='ltr'>ό</span> <span class='ocrx_word' id='word_1_351' title='bbox 3542 1588 3688 1658; x_wconf 85' lang='grc' dir='ltr'>ἀνὴρ</span> 
     </span>
    </p>
   </div>
   <div class='ocr_carea' id='block_1_45' title="bbox 2093 1683 3686 1757">
    <p class='ocr_par' dir='ltr' id='par_1_45' title="bbox 2093 1683 3686 1757">
     <span class='ocr_line' id='line_1_45' title="bbox 2093 1683 3686 1757; baseline -0.004 -17"><span class='ocrx_word' id='word_1_352' title='bbox 2093 1689 2231 1757; x_wconf 85' lang='grc' dir='ltr'>πρὸς</span> <span class='ocrx_word' id='word_1_353' title='bbox 2252 1689 2481 1749; x_wconf 72' lang='grc' dir='ltr'>ἐκεῖνον,</span> <span class='ocrx_word' id='word_1_354' title='bbox 2511 1687 2698 1740; x_wconf 76' lang='grc' dir='ltr'>οἴκαδε</span> <span class='ocrx_word' id='word_1_355' title='bbox 2723 1687 3005 1753; x_wconf 82' lang='grc' dir='ltr'>ὲπανήκω,</span> <span class='ocrx_word' id='word_1_356' title='bbox 3033 1683 3127 1736; x_wconf 70' lang='grc' dir='ltr'>καί⁵</span> <span class='ocrx_word' id='word_1_357' title='bbox 3155 1683 3258 1752; x_wconf 79' lang='grc' dir='ltr'>τῆς</span> <span class='ocrx_word' id='word_1_358' title='bbox 3287 1683 3488 1744; x_wconf 87' lang='grc' dir='ltr'>νυκτὸς</span> <span class='ocrx_word' id='word_1_359' title='bbox 3513 1697 3686 1744; x_wconf 82' lang='grc' dir='ltr'>προσ-</span> 
     </span>
    </p>
   </div>
   <div class='ocr_carea' id='block_1_46' title="bbox 2094 1771 3685 1850">
    <p class='ocr_par' dir='ltr' id='par_1_46' title="bbox 2094 1771 3685 1850">
     <span class='ocr_line' id='line_1_46' title="bbox 2094 1771 3685 1850; baseline -0.007 -15"><span class='ocrx_word' id='word_1_360' title='bbox 2094 1780 2356 1848; x_wconf 79' lang='grc' dir='ltr'>αγούσης,</span> <span class='ocrx_word' id='word_1_361' title='bbox 2414 1779 2688 1850; x_wconf 81' lang='grc' dir='ltr'>τρέπομαι</span> <span class='ocrx_word' id='word_1_362' title='bbox 2745 1778 2883 1846; x_wconf 88' lang='grc' dir='ltr'>πρὸς</span> <span class='ocrx_word' id='word_1_363' title='bbox 2935 1775 3105 1828; x_wconf 85' lang='grc' dir='ltr'>ὐπνον</span> <span class='ocrx_word' id='word_1_364' title='bbox 3149 1776 3421 1843; x_wconf 82' lang='grc' dir='ltr'>συνήθως,</span> <span class='ocrx_word' id='word_1_365' title='bbox 3483 1776 3548 1843; x_wconf 79' lang='grc' dir='ltr'>τῇ</span> <span class='ocrx_word' id='word_1_366' title='bbox 3583 1771 3685 1826; x_wconf 91' lang='grc' dir='ltr'>τοῦ</span> 
     </span>
    </p>
   </div>
   <div class='ocr_carea' id='block_1_47' title="bbox 2092 1866 3685 1944">
    <p class='ocr_par' dir='ltr' id='par_1_47' title="bbox 2092 1866 3685 1944">
     <span class='ocr_line' id='line_1_47' title="bbox 2092 1866 3685 1944; baseline -0.004 -18"><span class='ocrx_word' id='word_1_367' title='bbox 2092 1874 2332 1943; x_wconf 80' lang='grc' dir='ltr'>μεγάλου</span> <span class='ocrx_word' id='word_1_368' title='bbox 2369 1872 2548 1926; x_wconf 87' lang='grc' dir='ltr'>συνὼν</span> <span class='ocrx_word' id='word_1_369' title='bbox 2574 1873 2764 1944; x_wconf 82' lang='grc' dir='ltr'>μνήμῃ</span> <span class='ocrx_word' id='word_1_370' title='bbox 2791 1873 2888 1923; x_wconf 76' lang='grc' dir='ltr'>καὶ</span> <span class='ocrx_word' id='word_1_371' title='bbox 2909 1872 2974 1939; x_wconf 82' lang='grc' dir='ltr'>τῇ</span> <span class='ocrx_word' id='word_1_372' title='bbox 3011 1869 3147 1938; x_wconf 88' lang='grc' dir='ltr'>πρὸς</span> <span class='ocrx_word' id='word_1_373' title='bbox 3181 1867 3346 1920; x_wconf 82' lang='grc' dir='ltr'>αὐτὸν</span> <span class='ocrx_word' id='word_1_374' title='bbox 3377 1868 3558 1937; x_wconf 78' lang='grc' dir='ltr'>ἱκεσίᾳ</span> <span class='ocrx_word' id='word_1_375' title='bbox 3581 1866 3685 1934; x_wconf 86' lang='grc' dir='ltr'>τῆς</span> 
     </span>
    </p>
   </div>
   <div class='ocr_carea' id='block_1_48' title="bbox 2091 1960 3685 2032">
    <p class='ocr_par' dir='ltr' id='par_1_48' title="bbox 2091 1960 3685 2032">
     <span class='ocr_line' id='line_1_48' title="bbox 2091 1960 3685 2032; baseline -0.003 -16"><span class='ocrx_word' id='word_1_376' title='bbox 2091 1965 2353 2027; x_wconf 81' lang='grc' dir='ltr'>διανοίας.</span> <span class='ocrx_word' id='word_1_377' title='bbox 2380 1965 2539 2018; x_wconf 77' lang='grc' dir='ltr'>Ἐπεὶ</span> <span class='ocrx_word' id='word_1_378' title='bbox 2567 1965 2628 2018; x_wconf 78' lang='grc' dir='ltr'>δὲ</span> <span class='ocrx_word' id='word_1_379' title='bbox 2662 1965 2761 2032; x_wconf 85' lang='grc' dir='ltr'>τῆς</span> <span class='ocrx_word' id='word_1_380' title='bbox 2797 1963 2996 2024; x_wconf 86' lang='grc' dir='ltr'>νυκτὸς</span> <span class='ocrx_word' id='word_1_381' title='bbox 3030 1963 3168 2031; x_wconf 80' lang='grc' dir='ltr'>πρὸς</span> <span class='ocrx_word' id='word_1_382' title='bbox 3201 1961 3400 2030; x_wconf 75' lang='grc' dir='ltr'>ὄρθρον</span> <span class='ocrx_word' id='word_1_383' title='bbox 3433 1960 3619 2029; x_wconf 87' lang='grc' dir='ltr'>ἰούσης</span> <span class='ocrx_word' id='word_1_384' title='bbox 3655 1961 3685 2012; x_wconf 91' lang='lat'>6</span> 
     </span>
    </p>
   </div>
   <div class='ocr_carea' id='block_1_49' title="bbox 2090 2053 3685 2126">
    <p class='ocr_par' dir='ltr' id='par_1_49' title="bbox 2090 2053 3685 2126">
     <span class='ocr_line' id='line_1_49' title="bbox 2090 2053 3685 2126; baseline -0.003 -16"><span class='ocrx_word' id='word_1_385' title='bbox 2090 2058 2285 2126; x_wconf 63' lang='grc' dir='ltr'>καιρὸς</span> <span class='ocrx_word' id='word_1_386' title='bbox 2308 2058 2388 2119; x_wconf 84' lang='grc' dir='ltr'>εἰς</span> <span class='ocrx_word' id='word_1_387' title='bbox 2418 2076 2477 2110; x_wconf 89' lang='grc' dir='ltr'>τε</span> <span class='ocrx_word' id='word_1_388' title='bbox 2507 2057 2598 2110; x_wconf 87' lang='grc' dir='ltr'>τὸν</span> <span class='ocrx_word' id='word_1_389' title='bbox 2631 2057 2780 2124; x_wconf 86' lang='grc' dir='ltr'>ίερὸν</span> <span class='ocrx_word' id='word_1_390' title='bbox 2799 2055 2940 2108; x_wconf 90' lang='grc' dir='ltr'>νεὼν</span> <span class='ocrx_word' id='word_1_391' title='bbox 2968 2056 3066 2108; x_wconf 77' lang='grc' dir='ltr'>καὶ</span> <span class='ocrx_word' id='word_1_392' title='bbox 3097 2057 3226 2117; x_wconf 76' lang='grc' dir='ltr'>τοὺς</span> <span class='ocrx_word' id='word_1_393' title='bbox 3261 2055 3441 2116; x_wconf 85' lang='grc' dir='ltr'>θείους</span> <span class='ocrx_word' id='word_1_394' title='bbox 3476 2053 3685 2119; x_wconf 80' lang='grc' dir='ltr'>ὕμνους</span> 
     </span>
    </p>
   </div>
   <div class='ocr_carea' id='block_1_50' title="bbox 2090 2147 3685 2220">
    <p class='ocr_par' dir='ltr' id='par_1_50' title="bbox 2090 2147 3685 2220">
     <span class='ocr_line' id='line_1_50' title="bbox 2090 2147 3685 2220; baseline -0.002 -18"><span class='ocrx_word' id='word_1_395' title='bbox 2090 2152 2275 2204; x_wconf 77' lang='grc' dir='ltr'>ἐκάλει</span> <span class='ocrx_word' id='word_1_396' title='bbox 2334 2152 2606 2220; x_wconf 85' lang='grc' dir='ltr'>συνήθως,</span> <span class='ocrx_word' id='word_1_397' title='bbox 2663 2149 3029 2218; x_wconf 81' lang='grc' dir='ltr'>ἐξανίσταμαι</span> <span class='ocrx_word' id='word_1_398' title='bbox 3093 2148 3198 2217; x_wconf 86' lang='grc' dir='ltr'>τῆς</span> <span class='ocrx_word' id='word_1_399' title='bbox 3235 2147 3555 2217; x_wconf 85' lang='grc' dir='ltr'>στρωμνῆς,</span> <span class='ocrx_word' id='word_1_400' title='bbox 3587 2149 3685 2200; x_wconf 76' lang='grc' dir='ltr'>καί</span> 
     </span>
    </p>
   </div>
   <div class='ocr_carea' id='block_1_51' title="bbox 2088 2232 3685 2311">
    <p class='ocr_par' dir='ltr' id='par_1_51' title="bbox 2088 2232 3685 2311">
     <span class='ocr_line' id='line_1_51' title="bbox 2088 2232 3685 2311; baseline -0.001 -17"><span class='ocrx_word' id='word_1_401' title='bbox 2088 2244 2190 2311; x_wconf 85' lang='grc' dir='ltr'>τὴν</span> <span class='ocrx_word' id='word_1_402' title='bbox 2239 2241 2535 2310; x_wconf 82' lang='grc' dir='ltr'>παιδίσκην</span> <span class='ocrx_word' id='word_1_403' title='bbox 2595 2239 2740 2310; x_wconf 82' lang='grc' dir='ltr'>ὕδωρ</span> <span class='ocrx_word' id='word_1_404' title='bbox 2793 2240 3050 2307; x_wconf 87' lang='grc' dir='ltr'>αἰτήσας,</span> <span class='ocrx_word' id='word_1_405' title='bbox 3078 2237 3166 2306; x_wconf 76' lang='grc' dir='ltr'>ἐφ’</span> <span class='ocrx_word' id='word_1_406' title='bbox 3195 2232 3324 2308; x_wconf 79' lang='grc' dir='ltr'>ᾧτῇ</span> <span class='ocrx_word' id='word_1_407' title='bbox 3359 2237 3510 2310; x_wconf 84' lang='grc' dir='ltr'>δεξιᾷ</span> <span class='ocrx_word' id='word_1_408' title='bbox 3544 2239 3685 2301; x_wconf 86' lang='grc' dir='ltr'>τέως</span> 
     </span>
    </p>
   </div>
   <div class='ocr_carea' id='block_1_52' title="bbox 2089 2332 3683 2405">
    <p class='ocr_par' dir='ltr' id='par_1_52' title="bbox 2089 2332 3683 2405">
     <span class='ocr_line' id='line_1_52' title="bbox 2089 2332 3683 2405; baseline -0.003 -18"><span class='ocrx_word' id='word_1_409' title='bbox 2089 2333 2354 2403; x_wconf 79' lang='grc' dir='ltr'>ἀπονίψαι</span> <span class='ocrx_word' id='word_1_410' title='bbox 2411 2336 2480 2387; x_wconf 78' lang='grc' dir='ltr'>τὰ</span> <span class='ocrx_word' id='word_1_411' title='bbox 2521 2335 2830 2405; x_wconf 76' lang='grc' dir='ltr'>πρόσωπαο</span> <span class='ocrx_word' id='word_1_412' title='bbox 2889 2335 2924 2404; x_wconf 85' lang='grc' dir='ltr'>ή</span> <span class='ocrx_word' id='word_1_413' title='bbox 2970 2334 3080 2404; x_wconf 73' lang='grc' dir='ltr'>γὰρ</span> <span class='ocrx_word' id='word_1_414' title='bbox 3111 2333 3277 2402; x_wconf 74' lang='grc' dir='ltr'>ἑτέρα</span> <span class='ocrx_word' id='word_1_415' title='bbox 3311 2332 3484 2385; x_wconf 87' lang='grc' dir='ltr'>πάλαι</span> <span class='ocrx_word' id='word_1_416' title='bbox 3542 2332 3683 2402; x_wconf 90' lang='grc' dir='ltr'>πρὸς</span> 
     </span>
    </p>
   </div>
   <div class='ocr_carea' id='block_1_53' title="bbox 2087 2419 3683 2494">
    <p class='ocr_par' dir='ltr' id='par_1_53' title="bbox 2087 2419 3683 2494">
     <span class='ocr_line' id='line_1_53' title="bbox 2087 2419 3683 2494; baseline 0.001 -19"><span class='ocrx_word' id='word_1_417' title='bbox 2087 2423 2244 2476; x_wconf 89' lang='grc' dir='ltr'>ταῦτ’</span> <span class='ocrx_word' id='word_1_418' title='bbox 2291 2419 2362 2493; x_wconf 79' lang='grc' dir='ltr'>ἦν</span> <span class='ocrx_word' id='word_1_419' title='bbox 2395 2425 2587 2494; x_wconf 86' lang='grc' dir='ltr'>ἀργὸς,</span> <span class='ocrx_word' id='word_1_420' title='bbox 2626 2424 2654 2477; x_wconf 84' lang='grc' dir='ltr'>δ</span> <span class='ocrx_word' id='word_1_421' title='bbox 2688 2425 2862 2494; x_wconf 83' lang='grc' dir='ltr'>δήπου</span> <span class='ocrx_word' id='word_1_422' title='bbox 2913 2427 3008 2477; x_wconf 82' lang='grc' dir='ltr'>καὶ</span> <span class='ocrx_word' id='word_1_423' title='bbox 3043 2423 3260 2492; x_wconf 82' lang='grc' dir='ltr'>φθάσας</span> <span class='ocrx_word' id='word_1_424' title='bbox 3291 2426 3319 2476; x_wconf 86' lang='lat'>6</span> <span class='ocrx_word' id='word_1_425' title='bbox 3341 2423 3499 2490; x_wconf 87' lang='grc' dir='ltr'>λόγος</span> <span class='ocrx_word' id='word_1_426' title='bbox 3535 2423 3683 2491; x_wconf 78' lang='grc' dir='ltr'>ἔφη·</span> 
     </span>
    </p>
   </div>
   <div class='ocr_carea' id='block_1_54' title="bbox 2092 2516 3684 2587">
    <p class='ocr_par' dir='ltr' id='par_1_54' title="bbox 2092 2516 3684 2587">
     <span class='ocr_line' id='line_1_54' title="bbox 2092 2516 3684 2587; baseline 0 -19"><span class='ocrx_word' id='word_1_427' title='bbox 2092 2517 2217 2569; x_wconf 74' lang='grc' dir='ltr'>ἐπεὶ</span> <span class='ocrx_word' id='word_1_428' title='bbox 2249 2516 2456 2585; x_wconf 86' lang='grc' dir='ltr'>μεταξύ</span> <span class='ocrx_word' id='word_1_429' title='bbox 2484 2517 2836 2583; x_wconf 86' lang='grc' dir='ltr'>νιπτόμενος,</span> <span class='ocrx_word' id='word_1_430' title='bbox 2868 2517 2963 2570; x_wconf 76' lang='grc' dir='ltr'>καὶ</span> <span class='ocrx_word' id='word_1_431' title='bbox 2992 2518 3092 2587; x_wconf 81' lang='grc' dir='ltr'>τῆς</span> <span class='ocrx_word' id='word_1_432' title='bbox 3135 2517 3293 2579; x_wconf 84' lang='grc' dir='ltr'>λαιᾶς</span> <span class='ocrx_word' id='word_1_433' title='bbox 3319 2516 3571 2586; x_wconf 75' lang='grc' dir='ltr'>ἡψάμην,</span> <span class='ocrx_word' id='word_1_434' title='bbox 3604 2516 3684 2579; x_wconf 86' lang='grc' dir='ltr'>ὡς</span> 
     </span>
    </p>
   </div>
   <div class='ocr_carea' id='block_1_55' title="bbox 2089 2607 3681 2687">
    <p class='ocr_par' dir='ltr' id='par_1_55' title="bbox 2089 2607 3681 2687">
     <span class='ocr_line' id='line_1_55' title="bbox 2089 2607 3681 2687; baseline 0 -26"><span class='ocrx_word' id='word_1_435' title='bbox 2089 2607 2234 2672; x_wconf 73' lang='grc' dir='ltr'>ἔθος,</span> <span class='ocrx_word' id='word_1_436' title='bbox 2270 2609 2515 2678; x_wconf 85' lang='grc' dir='ltr'>εὑρίσκω</span> <span class='ocrx_word' id='word_1_437' title='bbox 2539 2610 2602 2662; x_wconf 90' lang='grc' dir='ltr'>τὸ</span> <span class='ocrx_word' id='word_1_438' title='bbox 2629 2609 2728 2677; x_wconf 84' lang='grc' dir='ltr'>μὲν</span> <span class='ocrx_word' id='word_1_439' title='bbox 2755 2609 2932 2687; x_wconf 77' lang='grc' dir='ltr'>πάθος</span> <span class='ocrx_word' id='word_1_440' title='bbox 2961 2610 3163 2675; x_wconf 73' lang='grc' dir='ltr'>ἐκεῖνο,</span> <span class='ocrx_word' id='word_1_441' title='bbox 3190 2609 3300 2661; x_wconf 88' lang='grc' dir='ltr'>τῶν</span> <span class='ocrx_word' id='word_1_442' title='bbox 3325 2609 3532 2662; x_wconf 87' lang='grc' dir='ltr'>καινῶν</span> <span class='ocrx_word' id='word_1_443' title='bbox 3561 2625 3681 2674; x_wconf 89' lang='grc' dir='ltr'>σου,</span> 
     </span>
    </p>
   </div>
   <div class='ocr_carea' id='block_1_56' title="bbox 2089 2700 3684 2772">
    <p class='ocr_par' dir='ltr' id='par_1_56' title="bbox 2089 2700 3684 2772">
     <span class='ocr_line' id='line_1_56' title="bbox 2089 2700 3684 2772; baseline -0.001 -17"><span class='ocrx_word' id='word_1_444' title='bbox 2089 2701 2316 2772; x_wconf 81' lang='grc' dir='ltr'>Χριστὲ,</span> <span class='ocrx_word' id='word_1_445' title='bbox 2356 2702 2652 2771; x_wconf 88' lang='grc' dir='ltr'>θαυμάτων</span> <span class='ocrx_word' id='word_1_446' title='bbox 2673 2705 2687 2755; x_wconf 88' lang='lat'><strong>!</strong></span> <span class='ocrx_word' id='word_1_447' title='bbox 2719 2703 2823 2771; x_wconf 82' lang='grc' dir='ltr'>τῆς</span> <span class='ocrx_word' id='word_1_448' title='bbox 2845 2702 3029 2772; x_wconf 92' lang='grc' dir='ltr'>χειρὸς</span> <span class='ocrx_word' id='word_1_449' title='bbox 3051 2701 3436 2772; x_wconf 88' lang='grc' dir='ltr'>δραπετεῦσαν</span> <span class='ocrx_word' id='word_1_450' title='bbox 3461 2700 3684 2770; x_wconf 89' lang='grc' dir='ltr'>ἀθρόον,</span> 
     </span>
    </p>
   </div>
   <div class='ocr_carea' id='block_1_57' title="bbox 2088 2793 3686 2865">
    <p class='ocr_par' dir='ltr' id='par_1_57' title="bbox 2088 2793 3686 2865">
     <span class='ocr_line' id='line_1_57' title="bbox 2088 2793 3686 2865; baseline -0.001 -17"><span class='ocrx_word' id='word_1_451' title='bbox 2088 2794 2166 2856; x_wconf 84' lang='grc' dir='ltr'>ὡς</span> <span class='ocrx_word' id='word_1_452' title='bbox 2198 2793 2324 2864; x_wconf 88' lang='grc' dir='ltr'>μηδ’</span> <span class='ocrx_word' id='word_1_453' title='bbox 2357 2797 2503 2865; x_wconf 81' lang='grc' dir='ltr'>ἴχνος</span> <span class='ocrx_word' id='word_1_454' title='bbox 2540 2795 2708 2850; x_wconf 89' lang='grc' dir='ltr'>αὐτοῦ</span> <span class='ocrx_word' id='word_1_455' title='bbox 2760 2798 3129 2865; x_wconf 87' lang='grc' dir='ltr'>παραμεῖναι,</span> <span class='ocrx_word' id='word_1_456' title='bbox 3182 2794 3284 2865; x_wconf 74' lang='grc' dir='ltr'>τὴν</span> <span class='ocrx_word' id='word_1_457' title='bbox 3329 2793 3387 2848; x_wconf 79' lang='grc' dir='ltr'>δὲ</span> <span class='ocrx_word' id='word_1_458' title='bbox 3421 2795 3686 2864; x_wconf 84' lang='grc' dir='ltr'>παλάμην</span> 
     </span>
    </p>
   </div>
   <div class='ocr_carea' id='block_1_58' title="bbox 2089 2886 3682 2957">
    <p class='ocr_par' dir='ltr' id='par_1_58' title="bbox 2089 2886 3682 2957">
     <span class='ocr_line' id='line_1_58' title="bbox 2089 2886 3682 2957; baseline -0.002 -16"><span class='ocrx_word' id='word_1_459' title='bbox 2089 2887 2387 2950; x_wconf 89' lang='grc' dir='ltr'>ἀκωλύτως</span> <span class='ocrx_word' id='word_1_460' title='bbox 2413 2905 2472 2940; x_wconf 90' lang='grc' dir='ltr'>τε</span> <span class='ocrx_word' id='word_1_461' title='bbox 2515 2887 2865 2957; x_wconf 81' lang='grc' dir='ltr'>κινουμένην,</span> <span class='ocrx_word' id='word_1_462' title='bbox 2897 2889 2990 2940; x_wconf 77' lang='grc' dir='ltr'>καὶ</span> <span class='ocrx_word' id='word_1_463' title='bbox 3010 2888 3092 2951; x_wconf 85' lang='grc' dir='ltr'>είς</span> <span class='ocrx_word' id='word_1_464' title='bbox 3131 2887 3368 2955; x_wconf 80' lang='grc' dir='ltr'>πυγμὴν</span> <span class='ocrx_word' id='word_1_465' title='bbox 3391 2886 3534 2939; x_wconf 84' lang='grc' dir='ltr'>κατά</span> <span class='ocrx_word' id='word_1_466' title='bbox 3573 2886 3682 2954; x_wconf 83' lang='grc' dir='ltr'>φύ-</span> 
     </span>
    </p>
   </div>
   <div class='ocr_carea' id='block_1_59' title="bbox 2091 2976 3682 3050">
    <p class='ocr_par' dir='ltr' id='par_1_59' title="bbox 2091 2976 3682 3050">
     <span class='ocr_line' id='line_1_59' title="bbox 2091 2976 3682 3050; baseline -0.001 -18"><span class='ocrx_word' id='word_1_467' title='bbox 2091 2997 2177 3032; x_wconf 91' lang='grc' dir='ltr'>σιν</span> <span class='ocrx_word' id='word_1_468' title='bbox 2209 2976 2612 3050; x_wconf 80' lang='grc' dir='ltr'>συναγομένην,</span> <span class='ocrx_word' id='word_1_469' title='bbox 2650 2979 2836 3034; x_wconf 87' lang='grc' dir='ltr'>Ταῦτα</span> <span class='ocrx_word' id='word_1_470' title='bbox 2874 2981 3241 3048; x_wconf 85' lang='grc' dir='ltr'>κατανοήσας,</span> <span class='ocrx_word' id='word_1_471' title='bbox 3269 2979 3424 3048; x_wconf 87' lang='grc' dir='ltr'>φῶτά</span> <span class='ocrx_word' id='word_1_472' title='bbox 3443 2995 3502 3030; x_wconf 87' lang='grc' dir='ltr'>τε</span> <span class='ocrx_word' id='word_1_473' title='bbox 3528 2979 3682 3048; x_wconf 83' lang='grc' dir='ltr'>παρά</span> 
     </span>
    </p>
   </div>
   <div class='ocr_carea' id='block_1_60' title="bbox 2089 3070 3681 3142">
    <p class='ocr_par' dir='ltr' id='par_1_60' title="bbox 2089 3070 3681 3142">
     <span class='ocr_line' id='line_1_60' title="bbox 2089 3070 3681 3142; baseline -0.001 -18"><span class='ocrx_word' id='word_1_474' title='bbox 2089 3073 2189 3141; x_wconf 86' lang='grc' dir='ltr'>τῆς</span> <span class='ocrx_word' id='word_1_475' title='bbox 2217 3071 2515 3142; x_wconf 84' lang='grc' dir='ltr'>παιδίσκης</span> <span class='ocrx_word' id='word_1_476' title='bbox 2544 3071 2751 3135; x_wconf 76' lang='grc' dir='ltr'>εὐθέως</span> <span class='ocrx_word' id='word_1_477' title='bbox 2772 3073 2932 3137; x_wconf 85' lang='grc' dir='ltr'>αἰτῶ,</span> <span class='ocrx_word' id='word_1_478' title='bbox 2965 3071 3062 3125; x_wconf 80' lang='grc' dir='ltr'>καὶ</span> <span class='ocrx_word' id='word_1_479' title='bbox 3083 3072 3182 3141; x_wconf 84' lang='grc' dir='ltr'>τὴν</span> <span class='ocrx_word' id='word_1_480' title='bbox 3202 3070 3474 3139; x_wconf 77' lang='grc' dir='ltr'>ὀμόζυγον</span> <span class='ocrx_word' id='word_1_481' title='bbox 3501 3070 3681 3139; x_wconf 78' lang='grc' dir='ltr'>ἐμαυ-</span> 
     </span>
    </p>
   </div>
   <div class='ocr_carea' id='block_1_61' title="bbox 397 3161 3684 3247">
    <p class='ocr_par' dir='ltr' id='par_1_61' title="bbox 397 3161 3684 3247">
     <span class='ocr_line' id='line_1_61' title="bbox 397 3161 3684 3247; baseline -0.003 -25"><span class='ocrx_word' id='word_1_482' title='bbox 397 3195 453 3231; x_wconf 79' lang='grc' dir='ltr'>τι</span> <span class='ocrx_word' id='word_1_483' title='bbox 487 3178 584 3232; x_wconf 70' lang='grc' dir='ltr'>καὶ</span> <span class='ocrx_word' id='word_1_484' title='bbox 642 3177 881 3240; x_wconf 66' lang='grc' dir='ltr'>δυσειδὲς</span> <span class='ocrx_word' id='word_1_485' title='bbox 917 3177 1101 3244; x_wconf 58' lang='grc' dir='ltr'>τοῦτο,</span> <span class='ocrx_word' id='word_1_486' title='bbox 1136 3177 1230 3231; x_wconf 63' lang='grc' dir='ltr'>καὶ</span> <span class='ocrx_word' id='word_1_487' title='bbox 1280 3177 1530 3247; x_wconf 74' lang='grc' dir='ltr'>ἀκοσμία</span> <span class='ocrx_word' id='word_1_488' title='bbox 1576 3176 1655 3246; x_wconf 73' lang='grc' dir='ltr'>τῷ</span> <span class='ocrx_word' id='word_1_489' title='bbox 1685 3179 1850 3231; x_wconf 52' lang='lat' dir='ltr'>“av-:1</span> <span class='ocrx_word' id='word_1_490' title='bbox 1875 3177 1977 3230; x_wconf 80' lang='grc' dir='ltr'>σώ.</span> <span class='ocrx_word' id='word_1_491' title='bbox 2007 3185 2052 3244; x_wconf 77' lang='lat' dir='ltr'><strong>c</strong></span> <span class='ocrx_word' id='word_1_492' title='bbox 2088 3163 2185 3217; x_wconf 89' lang='grc' dir='ltr'>τοῦ</span> <span class='ocrx_word' id='word_1_493' title='bbox 2217 3163 2481 3230; x_wconf 69' lang='grc' dir='ltr'>καλέσας,</span> <span class='ocrx_word' id='word_1_494' title='bbox 2518 3164 2612 3218; x_wconf 74' lang='grc' dir='ltr'>καὶ</span> <span class='ocrx_word' id='word_1_495' title='bbox 2652 3164 2794 3234; x_wconf 81' lang='grc' dir='ltr'>αὐτῇ</span> <span class='ocrx_word' id='word_1_496' title='bbox 2835 3180 2898 3218; x_wconf 90' lang='grc' dir='ltr'>τε</span> <span class='ocrx_word' id='word_1_497' title='bbox 2923 3163 3019 3216; x_wconf 73' lang='grc' dir='ltr'>καὶ</span> <span class='ocrx_word' id='word_1_498' title='bbox 3049 3164 3166 3225; x_wconf 86' lang='grc' dir='ltr'>τοῖς</span> <span class='ocrx_word' id='word_1_499' title='bbox 3190 3162 3443 3216; x_wconf 73' lang='grc' dir='ltr'>συνοῦσιν</span> <span class='ocrx_word' id='word_1_500' title='bbox 3473 3161 3684 3214; x_wconf 82' lang='grc' dir='ltr'>ὑποδεί-</span> 
     </span>
    </p>
   </div>
   <div class='ocr_carea' id='block_1_62' title="bbox 402 3265 1986 3340">
    <p class='ocr_par' dir='ltr' id='par_1_62' title="bbox 402 3265 1986 3340">
     <span class='ocr_line' id='line_1_62' title="bbox 402 3265 1986 3340; baseline -0.003 -18"><span class='ocrx_word' id='word_1_501' title='bbox 402 3285 554 3340; x_wconf 87' lang='grc' dir='ltr'>ματι.</span> <span class='ocrx_word' id='word_1_502' title='bbox 597 3269 875 3333; x_wconf 82' lang='grc' dir='ltr'>Ἐνιαυτὸς</span> <span class='ocrx_word' id='word_1_503' title='bbox 909 3267 1096 3337; x_wconf 72' lang='grc' dir='ltr'>ὄγδοος</span> <span class='ocrx_word' id='word_1_504' title='bbox 1130 3269 1189 3320; x_wconf 82' lang='grc' dir='ltr'>ὲν</span> <span class='ocrx_word' id='word_1_505' title='bbox 1226 3268 1446 3329; x_wconf 87' lang='grc' dir='ltr'>τούτοις</span> <span class='ocrx_word' id='word_1_506' title='bbox 1495 3265 1726 3337; x_wconf 85' lang='grc' dir='ltr'>παρῄει,</span> <span class='ocrx_word' id='word_1_507' title='bbox 1774 3267 1873 3321; x_wconf 78' lang='grc' dir='ltr'>καὶ</span> <span class='ocrx_word' id='word_1_508' title='bbox 1898 3266 1986 3318; x_wconf 90' lang='grc' dir='ltr'>θε-</span> 
     </span>
    </p>
   </div>
   <div class='ocr_carea' id='block_1_63' title="bbox 399 3355 1983 3433">
    <p class='ocr_par' dir='ltr' id='par_1_63' title="bbox 399 3355 1983 3433">
     <span class='ocr_line' id='line_1_63' title="bbox 399 3355 1983 3433; baseline -0.001 -19"><span class='ocrx_word' id='word_1_509' title='bbox 399 3361 633 3433; x_wconf 89' lang='grc' dir='ltr'>ραπείας</span> <span class='ocrx_word' id='word_1_510' title='bbox 663 3359 819 3424; x_wconf 69' lang='grc' dir='ltr'>ἐλπίς</span> <span class='ocrx_word' id='word_1_511' title='bbox 844 3377 928 3425; x_wconf 89' lang='grc' dir='ltr'>τις</span> <span class='ocrx_word' id='word_1_512' title='bbox 960 3355 1030 3432; x_wconf 76' lang='grc' dir='ltr'>ἦν</span> <span class='ocrx_word' id='word_1_513' title='bbox 1056 3357 1298 3429; x_wconf 79' lang='grc' dir='ltr'>οὐδαμοῦ</span> <span class='ocrx_word' id='word_1_514' title='bbox 1321 3375 1335 3391; x_wconf 78' lang='grc' dir='ltr'><strong>ο</strong></span> <span class='ocrx_word' id='word_1_515' title='bbox 1370 3357 1479 3412; x_wconf 84' lang='grc' dir='ltr'>τῶν</span> <span class='ocrx_word' id='word_1_516' title='bbox 1509 3358 1566 3412; x_wconf 82' lang='grc' dir='ltr'>δὲ</span> <span class='ocrx_word' id='word_1_517' title='bbox 1592 3358 1736 3412; x_wconf 82' lang='grc' dir='ltr'>κατὰ</span> <span class='ocrx_word' id='word_1_518' title='bbox 1759 3359 1860 3428; x_wconf 86' lang='grc' dir='ltr'>τὴν</span> <span class='ocrx_word' id='word_1_519' title='bbox 1884 3357 1983 3412; x_wconf 85' lang='grc' dir='ltr'>τοῦ</span> 
     </span>
    </p>
   </div>
   <div class='ocr_carea' id='block_1_64' title="bbox 401 3450 1984 3524">
    <p class='ocr_par' dir='ltr' id='par_1_64' title="bbox 401 3450 1984 3524">
     <span class='ocr_line' id='line_1_64' title="bbox 401 3450 1984 3524; baseline -0.003 -17"><span class='ocrx_word' id='word_1_520' title='bbox 401 3453 643 3524; x_wconf 83' lang='grc' dir='ltr'>μεγάλου</span> <span class='ocrx_word' id='word_1_521' title='bbox 705 3453 864 3524; x_wconf 91' lang='grc' dir='ltr'>σορὸν</span> <span class='ocrx_word' id='word_1_522' title='bbox 897 3452 1242 3522; x_wconf 84' lang='grc' dir='ltr'>τελουμένων</span> <span class='ocrx_word' id='word_1_523' title='bbox 1291 3451 1589 3521; x_wconf 82' lang='grc' dir='ltr'>θαυμάτων</span> <span class='ocrx_word' id='word_1_524' title='bbox 1613 3450 1890 3522; x_wconf 85' lang='grc' dir='ltr'>αὐτόπτης</span> <span class='ocrx_word' id='word_1_525' title='bbox 1923 3467 1984 3504; x_wconf 84' lang='grc' dir='ltr'>τε</span> 
     </span>
    </p>
   </div>
   <div class='ocr_carea' id='block_1_65' title="bbox 395 3543 1981 3616">
    <p class='ocr_par' dir='ltr' id='par_1_65' title="bbox 395 3543 1981 3616">
     <span class='ocr_line' id='line_1_65' title="bbox 395 3543 1981 3616; baseline -0.003 -17"><span class='ocrx_word' id='word_1_526' title='bbox 395 3547 491 3600; x_wconf 76' lang='grc' dir='ltr'>καὶ</span> <span class='ocrx_word' id='word_1_527' title='bbox 519 3547 785 3616; x_wconf 81' lang='grc' dir='ltr'>αὐτήκοος</span> <span class='ocrx_word' id='word_1_528' title='bbox 817 3546 1145 3615; x_wconf 88' lang='grc' dir='ltr'>γιγνόμενος</span> <span class='ocrx_word' id='word_1_529' title='bbox 1203 3544 1328 3597; x_wconf 90' lang='grc' dir='ltr'>καθ’</span> <span class='ocrx_word' id='word_1_530' title='bbox 1385 3545 1666 3614; x_wconf 80' lang='grc' dir='ltr'>ἑκάστην,</span> <span class='ocrx_word' id='word_1_531' title='bbox 1726 3543 1981 3614; x_wconf 86' lang='grc' dir='ltr'>πρόσεισι</span> 
     </span>
    </p>
   </div>
   <div class='ocr_carea' id='block_1_66' title="bbox 397 3633 1983 3704">
    <p class='ocr_par' dir='ltr' id='par_1_66' title="bbox 397 3633 1983 3704">
     <span class='ocr_line' id='line_1_66' title="bbox 397 3633 1983 3704; baseline -0.001 -16"><span class='ocrx_word' id='word_1_532' title='bbox 397 3635 494 3688; x_wconf 75' lang='grc' dir='ltr'>καὶ</span> <span class='ocrx_word' id='word_1_533' title='bbox 517 3636 680 3698; x_wconf 91' lang='grc' dir='ltr'>αὐτὸς</span> <span class='ocrx_word' id='word_1_534' title='bbox 717 3636 816 3688; x_wconf 80' lang='grc' dir='ltr'>σὺν</span> <span class='ocrx_word' id='word_1_535' title='bbox 846 3636 962 3696; x_wconf 88' lang='grc' dir='ltr'>τοῖς</span> <span class='ocrx_word' id='word_1_536' title='bbox 993 3634 1176 3698; x_wconf 75' lang='grc' dir='ltr'>ἄλλοις</span> <span class='ocrx_word' id='word_1_537' title='bbox 1206 3633 1286 3704; x_wconf 84' lang='grc' dir='ltr'>τῷ</span> <span class='ocrx_word' id='word_1_538' title='bbox 1320 3634 1503 3703; x_wconf 84' lang='grc' dir='ltr'>τάφῳ,</span> <span class='ocrx_word' id='word_1_539' title='bbox 1543 3633 1638 3686; x_wconf 83' lang='grc' dir='ltr'>καὶ</span> <span class='ocrx_word' id='word_1_540' title='bbox 1665 3634 1983 3704; x_wconf 88' lang='grc' dir='ltr'>προσκυνή-</span> 
     </span>
    </p>
   </div>
   <div class='ocr_carea' id='block_1_67' title="bbox 348 3724 1981 3795">
    <p class='ocr_par' dir='ltr' id='par_1_67' title="bbox 348 3724 1981 3795">
     <span class='ocr_line' id='line_1_67' title="bbox 348 3724 1981 3795; baseline 0 -17"><span class='ocrx_word' id='word_1_541' title='bbox 348 3747 353 3751; x_wconf 92' lang='grc'><strong>·</strong></span> <span class='ocrx_word' id='word_1_542' title='bbox 399 3743 494 3790; x_wconf 83' lang='grc' dir='ltr'>σας</span> <span class='ocrx_word' id='word_1_543' title='bbox 537 3725 745 3790; x_wconf 81' lang='grc' dir='ltr'>ἵστατο,</span> <span class='ocrx_word' id='word_1_544' title='bbox 777 3725 878 3795; x_wconf 85' lang='grc' dir='ltr'>τὴν</span> <span class='ocrx_word' id='word_1_545' title='bbox 907 3725 1006 3795; x_wconf 86' lang='grc' dir='ltr'>μὲν</span> <span class='ocrx_word' id='word_1_546' title='bbox 1048 3725 1372 3795; x_wconf 88' lang='grc' dir='ltr'>πάσχουσαν</span> <span class='ocrx_word' id='word_1_547' title='bbox 1407 3724 1680 3787; x_wconf 72' lang='grc' dir='ltr'>ἐπιτιθεὶς</span> <span class='ocrx_word' id='word_1_548' title='bbox 1706 3727 1864 3794; x_wconf 84' lang='grc' dir='ltr'>χεῖρα</span> <span class='ocrx_word' id='word_1_549' title='bbox 1885 3727 1981 3778; x_wconf 78' lang='grc' dir='ltr'>καὶ</span> 
     </span>
    </p>
   </div>
   <div class='ocr_carea' id='block_1_68' title="bbox 395 3819 1983 3892">
    <p class='ocr_par' dir='ltr' id='par_1_68' title="bbox 395 3819 1983 3892">
     <span class='ocr_line' id='line_1_68' title="bbox 395 3819 1983 3892; baseline -0.001 -19"><span class='ocrx_word' id='word_1_550' title='bbox 395 3821 754 3892; x_wconf 81' lang='grc' dir='ltr'>παρατρίδων</span> <span class='ocrx_word' id='word_1_551' title='bbox 818 3820 898 3889; x_wconf 83' lang='grc' dir='ltr'>τῷ</span> <span class='ocrx_word' id='word_1_552' title='bbox 935 3819 1092 3891; x_wconf 88' lang='grc' dir='ltr'>λίθῳ,</span> <span class='ocrx_word' id='word_1_553' title='bbox 1154 3820 1292 3889; x_wconf 87' lang='grc' dir='ltr'>πρὸς</span> <span class='ocrx_word' id='word_1_554' title='bbox 1343 3819 1400 3874; x_wconf 81' lang='grc' dir='ltr'>δὲ</span> <span class='ocrx_word' id='word_1_555' title='bbox 1432 3820 1524 3872; x_wconf 90' lang='grc' dir='ltr'>τὸν</span> <span class='ocrx_word' id='word_1_556' title='bbox 1582 3819 1726 3876; x_wconf 82' lang='grc' dir='ltr'>θεῖον</span> <span class='ocrx_word' id='word_1_557' title='bbox 1776 3819 1983 3872; x_wconf 77' lang='grc' dir='ltr'>ὡσανεὶ</span> 
     </span>
    </p>
   </div>
   <div class='ocr_carea' id='block_1_69' title="bbox 395 3905 1978 3982">
    <p class='ocr_par' dir='ltr' id='par_1_69' title="bbox 395 3905 1978 3982">
     <span class='ocr_line' id='line_1_69' title="bbox 395 3905 1978 3982; baseline -0.002 -16"><span class='ocrx_word' id='word_1_558' title='bbox 395 3913 576 3980; x_wconf 79' lang='grc' dir='ltr'>ζῶντα</span> <span class='ocrx_word' id='word_1_559' title='bbox 619 3912 841 3982; x_wconf 84' lang='grc' dir='ltr'>βλέπειν</span> <span class='ocrx_word' id='word_1_560' title='bbox 890 3911 1064 3964; x_wconf 83' lang='grc' dir='ltr'>δοκῶν</span> <span class='ocrx_word' id='word_1_561' title='bbox 1123 3905 1427 3982; x_wconf 86' lang='grc' dir='ltr'>Γρηγόριον</span> <span class='ocrx_word' id='word_1_562' title='bbox 1473 3911 1564 3964; x_wconf 82' lang='grc' dir='ltr'>διά</span> <span class='ocrx_word' id='word_1_563' title='bbox 1603 3913 1705 3982; x_wconf 79' lang='grc' dir='ltr'>τῆς</span> <span class='ocrx_word' id='word_1_564' title='bbox 1747 3911 1978 3975; x_wconf 85' lang='grc' dir='ltr'>εἰκόνος,</span> 
     </span>
    </p>
   </div>
   <div class='ocr_carea' id='block_1_70' title="bbox 395 4001 1980 4074">
    <p class='ocr_par' dir='ltr' id='par_1_70' title="bbox 395 4001 1980 4074">
     <span class='ocr_line' id='line_1_70' title="bbox 395 4001 1980 4074; baseline -0.001 -16"><span class='ocrx_word' id='word_1_565' title='bbox 395 4005 492 4059; x_wconf 75' lang='grc' dir='ltr'>καὶ</span> <span class='ocrx_word' id='word_1_566' title='bbox 541 4005 720 4058; x_wconf 86' lang='grc' dir='ltr'>τοιάδε</span> <span class='ocrx_word' id='word_1_567' title='bbox 773 4001 976 4074; x_wconf 86' lang='grc' dir='ltr'>φιλικῷ</span> <span class='ocrx_word' id='word_1_568' title='bbox 1022 4020 1130 4056; x_wconf 91' lang='grc' dir='ltr'>τινι</span> <span class='ocrx_word' id='word_1_569' title='bbox 1167 4004 1264 4056; x_wconf 73' lang='grc' dir='ltr'>καὶ</span> <span class='ocrx_word' id='word_1_570' title='bbox 1297 4003 1503 4073; x_wconf 82' lang='grc' dir='ltr'>ἀστείῳ</span> <span class='ocrx_word' id='word_1_571' title='bbox 1547 4003 1627 4073; x_wconf 80' lang='grc' dir='ltr'>τῷ</span> <span class='ocrx_word' id='word_1_572' title='bbox 1675 4003 1797 4073; x_wconf 73' lang='grc' dir='ltr'>ἤθει</span> <span class='ocrx_word' id='word_1_573' title='bbox 1841 4003 1980 4071; x_wconf 72' lang='grc' dir='ltr'>μετὰ</span> 
     </span>
    </p>
   </div>
   <div class='ocr_carea' id='block_1_71' title="bbox 394 4081 2014 4165">
    <p class='ocr_par' dir='ltr' id='par_1_71' title="bbox 394 4081 2014 4165">
     <span class='ocr_line' id='line_1_71' title="bbox 394 4081 2014 4165; baseline -0.001 -17"><span class='ocrx_word' id='word_1_574' title='bbox 394 4097 596 4164; x_wconf 78' lang='grc' dir='ltr'>πολλῆς</span> <span class='ocrx_word' id='word_1_575' title='bbox 623 4097 723 4165; x_wconf 79' lang='grc' dir='ltr'>τῆς</span> <span class='ocrx_word' id='word_1_576' title='bbox 755 4094 970 4157; x_wconf 84' lang='grc' dir='ltr'>εὐνοίας</span> <span class='ocrx_word' id='word_1_577' title='bbox 1011 4095 1425 4164; x_wconf 75' lang='grc' dir='ltr'>ὑποψιθυρίζων</span> <span class='ocrx_word' id='word_1_578' title='bbox 1452 4111 1510 4147; x_wconf 89' lang='grc' dir='ltr'>τε</span> <span class='ocrx_word' id='word_1_579' title='bbox 1550 4097 1645 4150; x_wconf 74' lang='grc' dir='ltr'>καὶ</span> <span class='ocrx_word' id='word_1_580' title='bbox 1681 4095 1937 4163; x_wconf 83' lang='grc' dir='ltr'>δεόμενος</span> <span class='ocrx_word' id='word_1_581' title='bbox 1961 4108 1976 4123; x_wconf 84' lang='lat'>&#39;</span> <span class='ocrx_word' id='word_1_582' title='bbox 2003 4081 2014 4090; x_wconf 66' lang='grc'><strong>’</strong></span> 
     </span>
    </p>
   </div>
   <div class='ocr_carea' id='block_1_72' title="bbox 392 4187 1980 4259">
    <p class='ocr_par' dir='ltr' id='par_1_72' title="bbox 392 4187 1980 4259">
     <span class='ocr_line' id='line_1_72' title="bbox 392 4187 1980 4259; baseline -0.002 -16"><span class='ocrx_word' id='word_1_583' title='bbox 392 4189 504 4243; x_wconf 84' lang='grc' dir='ltr'>Νῦν</span> <span class='ocrx_word' id='word_1_584' title='bbox 534 4192 632 4257; x_wconf 84' lang='grc' dir='ltr'>τῆς</span> <span class='ocrx_word' id='word_1_585' title='bbox 665 4188 802 4258; x_wconf 88' lang='grc' dir='ltr'>πρὸς</span> <span class='ocrx_word' id='word_1_586' title='bbox 854 4187 988 4240; x_wconf 88' lang='grc' dir='ltr'>Θεὸν</span> <span class='ocrx_word' id='word_1_587' title='bbox 1031 4188 1351 4259; x_wconf 80' lang='grc' dir='ltr'>παρρησίας</span> <span class='ocrx_word' id='word_1_588' title='bbox 1408 4187 1737 4256; x_wconf 85' lang='grc' dir='ltr'>τρανότερόν</span> <span class='ocrx_word' id='word_1_589' title='bbox 1769 4204 1828 4239; x_wconf 90' lang='grc' dir='ltr'>τε</span> <span class='ocrx_word' id='word_1_590' title='bbox 1883 4189 1980 4240; x_wconf 71' lang='grc' dir='ltr'>καὶ</span> 
     </span>
    </p>
   </div>
   <div class='ocr_carea' id='block_1_73' title="bbox 390 4273 1976 4348">
    <p class='ocr_par' dir='ltr' id='par_1_73' title="bbox 390 4273 1976 4348">
     <span class='ocr_line' id='line_1_73' title="bbox 390 4273 1976 4348; baseline -0.001 -16"><span class='ocrx_word' id='word_1_591' title='bbox 390 4279 776 4348; x_wconf 81' lang='grc' dir='ltr'>καθαρώτερον</span> <span class='ocrx_word' id='word_1_592' title='bbox 809 4279 1126 4344; x_wconf 83' lang='grc' dir='ltr'>ἀπολαύων,</span> <span class='ocrx_word' id='word_1_593' title='bbox 1154 4273 1201 4332; x_wconf 82' lang='grc' dir='ltr'>ὧ</span> <span class='ocrx_word' id='word_1_594' title='bbox 1232 4279 1353 4344; x_wconf 88' lang='grc' dir='ltr'>φίλε</span> <span class='ocrx_word' id='word_1_595' title='bbox 1381 4276 1623 4347; x_wconf 79' lang='grc' dir='ltr'>Χριστοῦ</span> <span class='ocrx_word' id='word_1_596' title='bbox 1659 4278 1852 4346; x_wconf 87' lang='grc' dir='ltr'>γνήσιε</span> <span class='ocrx_word' id='word_1_597' title='bbox 1887 4279 1976 4342; x_wconf 80' lang='grc' dir='ltr'>σὺ,</span> 
     </span>
    </p>
   </div>
   <div class='ocr_carea' id='block_1_74' title="bbox 392 4365 1975 4438">
    <p class='ocr_par' dir='ltr' id='par_1_74' title="bbox 392 4365 1975 4438">
     <span class='ocr_line' id='line_1_74' title="bbox 392 4365 1975 4438; baseline -0.002 -18"><span class='ocrx_word' id='word_1_598' title='bbox 392 4371 570 4438; x_wconf 77' lang='grc' dir='ltr'>ῥᾷστα</span> <span class='ocrx_word' id='word_1_599' title='bbox 621 4373 732 4430; x_wconf 89' lang='grc' dir='ltr'>τοίς</span> <span class='ocrx_word' id='word_1_600' title='bbox 762 4369 1037 4432; x_wconf 84' lang='grc' dir='ltr'>δεομένοις</span> <span class='ocrx_word' id='word_1_601' title='bbox 1069 4368 1166 4430; x_wconf 76' lang='grc' dir='ltr'>τὰς</span> <span class='ocrx_word' id='word_1_602' title='bbox 1213 4367 1462 4436; x_wconf 76' lang='grc' dir='ltr'>αἰτήσεις</span> <span class='ocrx_word' id='word_1_603' title='bbox 1510 4366 1718 4434; x_wconf 89' lang='grc' dir='ltr'>ἰσχύεις</span> <span class='ocrx_word' id='word_1_604' title='bbox 1752 4365 1975 4430; x_wconf 87' lang='grc' dir='ltr'>διδόναι,</span> 
     </span>
    </p>
   </div>
   <div class='ocr_carea' id='block_1_75' title="bbox 393 4455 1974 4531">
    <p class='ocr_par' dir='ltr' id='par_1_75' title="bbox 393 4455 1974 4531">
     <span class='ocr_line' id='line_1_75' title="bbox 393 4455 1974 4531; baseline -0.004 -19"><span class='ocrx_word' id='word_1_605' title='bbox 393 4461 796 4531; x_wconf 82' lang='grc' dir='ltr'>προϊστάμενος</span> <span class='ocrx_word' id='word_1_606' title='bbox 825 4460 922 4511; x_wconf 75' lang='grc' dir='ltr'>καὶ</span> <span class='ocrx_word' id='word_1_607' title='bbox 959 4456 1286 4528; x_wconf 77' lang='grc' dir='ltr'>πρεσϐεύων</span> <span class='ocrx_word' id='word_1_608' title='bbox 1329 4456 1470 4525; x_wconf 81' lang='grc' dir='ltr'>ὑπὲρ</span> <span class='ocrx_word' id='word_1_609' title='bbox 1498 4458 1708 4508; x_wconf 87' lang='grc' dir='ltr'>τούτων</span> <span class='ocrx_word' id='word_1_610' title='bbox 1731 4455 1974 4524; x_wconf 76' lang='grc' dir='ltr'>άμέσωςο</span> 
     </span>
    </p>
   </div>
   <div class='ocr_carea' id='block_1_76' title="bbox 2091 3257 3681 3331">
    <p class='ocr_par' dir='ltr' id='par_1_76' title="bbox 2091 3257 3681 3331">
     <span class='ocr_line' id='line_1_76' title="bbox 2091 3257 3681 3331; baseline -0.002 -17"><span class='ocrx_word' id='word_1_611' title='bbox 2091 3259 2188 3326; x_wconf 81' lang='grc' dir='ltr'>ξας</span> <span class='ocrx_word' id='word_1_612' title='bbox 2225 3263 2285 3313; x_wconf 88' lang='grc' dir='ltr'>τὸ</span> <span class='ocrx_word' id='word_1_613' title='bbox 2320 3259 2531 3331; x_wconf 89' lang='grc' dir='ltr'>θαῦμα,</span> <span class='ocrx_word' id='word_1_614' title='bbox 2588 3259 2724 3314; x_wconf 84' lang='grc' dir='ltr'>Θεὸν</span> <span class='ocrx_word' id='word_1_615' title='bbox 2765 3259 3144 3331; x_wconf 84' lang='grc' dir='ltr'>ἀνυμνοῦντες</span> <span class='ocrx_word' id='word_1_616' title='bbox 3205 3258 3329 3328; x_wconf 84' lang='grc' dir='ltr'>μετ’</span> <span class='ocrx_word' id='word_1_617' title='bbox 3355 3257 3681 3327; x_wconf 79' lang='grc' dir='ltr'>ἐκπλήξεως</span> 
     </span>
    </p>
   </div>
   <div class='ocr_carea' id='block_1_77' title="bbox 2086 3351 3678 3426">
    <p class='ocr_par' dir='ltr' id='par_1_77' title="bbox 2086 3351 3678 3426">
     <span class='ocr_line' id='line_1_77' title="bbox 2086 3351 3678 3426; baseline -0.001 -19"><span class='ocrx_word' id='word_1_618' title='bbox 2086 3351 2229 3426; x_wconf 75' lang='grc' dir='ltr'>ἦμεν</span> <span class='ocrx_word' id='word_1_619' title='bbox 2258 3359 2352 3409; x_wconf 77' lang='grc' dir='ltr'>καί⁵</span> <span class='ocrx_word' id='word_1_620' title='bbox 2390 3354 2486 3408; x_wconf 86' lang='grc' dir='ltr'>τὸν</span> <span class='ocrx_word' id='word_1_621' title='bbox 2519 3357 2694 3426; x_wconf 85' lang='grc' dir='ltr'>μέγαν</span> <span class='ocrx_word' id='word_1_622' title='bbox 2724 3356 2940 3409; x_wconf 81' lang='grc' dir='ltr'>ἐκείνου</span> <span class='ocrx_word' id='word_1_623' title='bbox 2969 3354 3304 3426; x_wconf 85' lang='grc' dir='ltr'>θεράποντα.</span> <span class='ocrx_word' id='word_1_624' title='bbox 3354 3354 3421 3406; x_wconf 88' lang='grc' dir='ltr'>Τί</span> <span class='ocrx_word' id='word_1_625' title='bbox 3437 3355 3498 3406; x_wconf 90' lang='grc' dir='ltr'>τὸ</span> <span class='ocrx_word' id='word_1_626' title='bbox 3524 3352 3678 3424; x_wconf 69' lang='grc' dir='ltr'>ἑξῆςς</span> 
     </span>
    </p>
   </div>
   <div class='ocr_carea' id='block_1_78' title="bbox 2087 3447 3678 3520">
    <p class='ocr_par' dir='ltr' id='par_1_78' title="bbox 2087 3447 3678 3520">
     <span class='ocr_line' id='line_1_78' title="bbox 2087 3447 3678 3520; baseline 0 -18"><span class='ocrx_word' id='word_1_627' title='bbox 2087 3449 2356 3520; x_wconf 89' lang='grc' dir='ltr'>Πρόσεισι</span> <span class='ocrx_word' id='word_1_628' title='bbox 2395 3451 2494 3520; x_wconf 79' lang='grc' dir='ltr'>μὲν</span> <span class='ocrx_word' id='word_1_629' title='bbox 2527 3452 2554 3503; x_wconf 90' lang='lat'>6</span> <span class='ocrx_word' id='word_1_630' title='bbox 2584 3450 2723 3520; x_wconf 81' lang='grc' dir='ltr'>ἀνὴρ</span> <span class='ocrx_word' id='word_1_631' title='bbox 2745 3452 2812 3520; x_wconf 82' lang='grc' dir='ltr'>τῇ</span> <span class='ocrx_word' id='word_1_632' title='bbox 2857 3451 2951 3503; x_wconf 88' lang='grc' dir='ltr'>τοῦ</span> <span class='ocrx_word' id='word_1_633' title='bbox 2986 3451 3143 3518; x_wconf 85' lang='grc' dir='ltr'>ἁγίου</span> <span class='ocrx_word' id='word_1_634' title='bbox 3179 3450 3272 3504; x_wconf 76' lang='grc' dir='ltr'>καὶ</span> <span class='ocrx_word' id='word_1_635' title='bbox 3324 3447 3480 3510; x_wconf 84' lang='grc' dir='ltr'>αὐθις</span> <span class='ocrx_word' id='word_1_636' title='bbox 3509 3448 3678 3517; x_wconf 78' lang='grc' dir='ltr'>σορῷ,</span> 
     </span>
    </p>
   </div>
   <div class='ocr_carea' id='block_1_79' title="bbox 2085 3540 3677 3615">
    <p class='ocr_par' dir='ltr' id='par_1_79' title="bbox 2085 3540 3677 3615">
     <span class='ocr_line' id='line_1_79' title="bbox 2085 3540 3677 3615; baseline -0.002 -18"><span class='ocrx_word' id='word_1_637' title='bbox 2085 3545 2186 3615; x_wconf 84' lang='grc' dir='ltr'>τὴν</span> <span class='ocrx_word' id='word_1_638' title='bbox 2217 3547 2311 3611; x_wconf 83' lang='grc' dir='ltr'>τῆς</span> <span class='ocrx_word' id='word_1_639' title='bbox 2369 3545 2618 3613; x_wconf 85' lang='grc' dir='ltr'>μεγάλης</span> <span class='ocrx_word' id='word_1_640' title='bbox 2674 3545 2885 3613; x_wconf 88' lang='grc' dir='ltr'>ταύτης</span> <span class='ocrx_word' id='word_1_641' title='bbox 2929 3542 3262 3614; x_wconf 89' lang='grc' dir='ltr'>εὐεργεσίας</span> <span class='ocrx_word' id='word_1_642' title='bbox 3314 3540 3677 3611; x_wconf 81' lang='grc' dir='ltr'>εὐχαριστίαν</span> 
     </span>
    </p>
   </div>
   <div class='ocr_carea' id='block_1_80' title="bbox 2086 3634 3680 3707">
    <p class='ocr_par' dir='ltr' id='par_1_80' title="bbox 2086 3634 3680 3707">
     <span class='ocr_line' id='line_1_80' title="bbox 2086 3634 3680 3707; baseline -0.004 -15"><span class='ocrx_word' id='word_1_643' title='bbox 2086 3639 2381 3700; x_wconf 79' lang='grc' dir='ltr'>ἀποδιδοὺς</span> <span class='ocrx_word' id='word_1_644' title='bbox 2419 3638 2559 3705; x_wconf 85' lang='grc' dir='ltr'>μετά</span> <span class='ocrx_word' id='word_1_645' title='bbox 2584 3637 2680 3690; x_wconf 83' lang='grc' dir='ltr'>τοῦ</span> <span class='ocrx_word' id='word_1_646' title='bbox 2712 3636 2982 3707; x_wconf 82' lang='grc' dir='ltr'>προτέρου</span> <span class='ocrx_word' id='word_1_647' title='bbox 3013 3637 3302 3706; x_wconf 83' lang='grc' dir='ltr'>σχήματος</span> <span class='ocrx_word' id='word_1_648' title='bbox 3334 3635 3425 3687; x_wconf 74' lang='grc' dir='ltr'>καὶ</span> <span class='ocrx_word' id='word_1_649' title='bbox 3459 3634 3552 3686; x_wconf 91' lang='grc' dir='ltr'>τοῦ</span> <span class='ocrx_word' id='word_1_650' title='bbox 3576 3653 3680 3703; x_wconf 79' lang='grc' dir='ltr'>χαο</span> 
     </span>
    </p>
   </div>
   <div class='ocr_carea' id='block_1_81' title="bbox 2090 3727 3681 3800">
    <p class='ocr_par' dir='ltr' id='par_1_81' title="bbox 2090 3727 3681 3800">
     <span class='ocr_line' id='line_1_81' title="bbox 2090 3727 3681 3800; baseline -0.002 -19"><span class='ocrx_word' id='word_1_651' title='bbox 2090 3731 2299 3800; x_wconf 87' lang='grc' dir='ltr'>ρίεντος</span> <span class='ocrx_word' id='word_1_652' title='bbox 2325 3729 2494 3800; x_wconf 76' lang='grc' dir='ltr'>ήθους</span> <span class='ocrx_word' id='word_1_653' title='bbox 2515 3747 2529 3761; x_wconf 89' lang='grc'><strong>·</strong></span> <span class='ocrx_word' id='word_1_654' title='bbox 2578 3733 2606 3782; x_wconf 90' lang='lat'>6</span> <span class='ocrx_word' id='word_1_655' title='bbox 2634 3729 2692 3783; x_wconf 77' lang='grc' dir='ltr'>δέ</span> <span class='ocrx_word' id='word_1_656' title='bbox 2724 3745 2788 3796; x_wconf 90' lang='grc' dir='ltr'>γε</span> <span class='ocrx_word' id='word_1_657' title='bbox 2843 3728 3182 3798; x_wconf 74' lang='grc' dir='ltr'>προρρηθείς</span> <span class='ocrx_word' id='word_1_658' title='bbox 3218 3727 3456 3796; x_wconf 88' lang='grc' dir='ltr'>μοναχὸς</span> <span class='ocrx_word' id='word_1_659' title='bbox 3486 3727 3681 3779; x_wconf 77' lang='grc' dir='ltr'>ἐνιδὼν</span> 
     </span>
    </p>
   </div>
   <div class='ocr_carea' id='block_1_82' title="bbox 2085 3813 3681 3888">
    <p class='ocr_par' dir='ltr' id='par_1_82' title="bbox 2085 3813 3681 3888">
     <span class='ocr_line' id='line_1_82' title="bbox 2085 3813 3681 3888; baseline -0.003 -13"><span class='ocrx_word' id='word_1_660' title='bbox 2085 3824 2181 3875; x_wconf 78' lang='grc' dir='ltr'>καὶ</span> <span class='ocrx_word' id='word_1_661' title='bbox 2220 3817 2398 3882; x_wconf 81' lang='grc' dir='ltr'>αὖθις,</span> <span class='ocrx_word' id='word_1_662' title='bbox 2429 3823 2521 3872; x_wconf 78' lang='grc' dir='ltr'>καὶ</span> <span class='ocrx_word' id='word_1_663' title='bbox 2551 3820 2706 3884; x_wconf 77' lang='grc' dir='ltr'>αὖθις</span> <span class='ocrx_word' id='word_1_664' title='bbox 2737 3819 3016 3882; x_wconf 80' lang='grc' dir='ltr'>ὀνειδίζων</span> <span class='ocrx_word' id='word_1_665' title='bbox 3044 3818 3315 3881; x_wconf 87' lang='grc' dir='ltr'>ὡσαύτως</span> <span class='ocrx_word' id='word_1_666' title='bbox 3337 3813 3428 3888; x_wconf 82' lang='grc' dir='ltr'>ἦν,</span> <span class='ocrx_word' id='word_1_667' title='bbox 3461 3819 3556 3869; x_wconf 72' lang='grc' dir='ltr'>καὶ</span> <span class='ocrx_word' id='word_1_668' title='bbox 3579 3819 3681 3888; x_wconf 78' lang='grc' dir='ltr'>τὴν</span> 
     </span>
    </p>
   </div>
   <div class='ocr_carea' id='block_1_83' title="bbox 2083 3910 3673 3982">
    <p class='ocr_par' dir='ltr' id='par_1_83' title="bbox 2083 3910 3673 3982">
     <span class='ocr_line' id='line_1_83' title="bbox 2083 3910 3673 3982; baseline -0.001 -18"><span class='ocrx_word' id='word_1_669' title='bbox 2083 3913 2352 3982; x_wconf 84' lang='grc' dir='ltr'>διάχυσιν,</span> <span class='ocrx_word' id='word_1_670' title='bbox 2388 3913 2463 3974; x_wconf 84' lang='grc' dir='ltr'>ὡς</span> <span class='ocrx_word' id='word_1_671' title='bbox 2489 3911 2652 3982; x_wconf 77' lang='grc' dir='ltr'>ᾤετο,</span> <span class='ocrx_word' id='word_1_672' title='bbox 2681 3911 2776 3964; x_wconf 73' lang='grc' dir='ltr'>καὶ</span> <span class='ocrx_word' id='word_1_673' title='bbox 2806 3913 2906 3980; x_wconf 84' lang='grc' dir='ltr'>τὴν</span> <span class='ocrx_word' id='word_1_674' title='bbox 2943 3910 3346 3981; x_wconf 83' lang='grc' dir='ltr'>περιφρόνησιν</span> <span class='ocrx_word' id='word_1_675' title='bbox 3399 3911 3673 3978; x_wconf 83' lang='grc' dir='ltr'>ἐγκαλῶν.</span> 
     </span>
    </p>
   </div>
   <div class='ocr_carea' id='block_1_84' title="bbox 2095 4001 3677 4072">
    <p class='ocr_par' dir='ltr' id='par_1_84' title="bbox 2095 4001 3677 4072">
     <span class='ocr_line' id='line_1_84' title="bbox 2095 4001 3677 4072; baseline -0.003 -15"><span class='ocrx_word' id='word_1_676' title='bbox 2095 4005 2155 4058; x_wconf 86' lang='lat'>&#39;0</span> <span class='ocrx_word' id='word_1_677' title='bbox 2196 4005 2242 4056; x_wconf 86' lang='grc' dir='ltr'>δ’</span> <span class='ocrx_word' id='word_1_678' title='bbox 2274 4002 2613 4072; x_wconf 85' lang='grc' dir='ltr'>ὐφαπλὼσας</span> <span class='ocrx_word' id='word_1_679' title='bbox 2659 4002 2864 4064; x_wconf 78' lang='grc' dir='ltr'>εὐθέως</span> <span class='ocrx_word' id='word_1_680' title='bbox 2915 4003 3014 4070; x_wconf 77' lang='grc' dir='ltr'>τὴν</span> <span class='ocrx_word' id='word_1_681' title='bbox 3059 4001 3308 4054; x_wconf 84' lang='grc' dir='ltr'>ἰαθείσαν</span> <span class='ocrx_word' id='word_1_682' title='bbox 3363 4005 3541 4070; x_wconf 74' lang='grc' dir='ltr'>χεῖρα.</span> <span class='ocrx_word' id='word_1_683' title='bbox 3580 4003 3677 4054; x_wconf 72' lang='grc' dir='ltr'>καὶ</span> 
     </span>
    </p>
   </div>
   <div class='ocr_carea' id='block_1_85' title="bbox 2085 4094 3675 4168">
    <p class='ocr_par' dir='ltr' id='par_1_85' title="bbox 2085 4094 3675 4168">
     <span class='ocr_line' id='line_1_85' title="bbox 2085 4094 3675 4168; baseline -0.001 -17"><span class='ocrx_word' id='word_1_684' title='bbox 2085 4099 2309 4152; x_wconf 84' lang='grc' dir='ltr'>σιωπῶν</span> <span class='ocrx_word' id='word_1_685' title='bbox 2342 4097 2716 4168; x_wconf 85' lang='grc' dir='ltr'>άνακηρύττει</span> <span class='ocrx_word' id='word_1_686' title='bbox 2763 4095 2825 4147; x_wconf 87' lang='grc' dir='ltr'>τὸ</span> <span class='ocrx_word' id='word_1_687' title='bbox 2855 4094 3081 4166; x_wconf 80' lang='grc' dir='ltr'>θαῦμα·</span> <span class='ocrx_word' id='word_1_688' title='bbox 3137 4097 3204 4168; x_wconf 85' lang='grc' dir='ltr'>ῆν</span> <span class='ocrx_word' id='word_1_689' title='bbox 3267 4098 3542 4150; x_wconf 75' lang='grc' dir='ltr'>κατιδόντι</span> <span class='ocrx_word' id='word_1_690' title='bbox 3597 4099 3675 4168; x_wconf 79' lang='grc' dir='ltr'>τῷ</span> 
     </span>
    </p>
   </div>
   <div class='ocr_carea' id='block_1_86' title="bbox 2085 4188 3668 4262">
    <p class='ocr_par' dir='ltr' id='par_1_86' title="bbox 2085 4188 3668 4262">
     <span class='ocr_line' id='line_1_86' title="bbox 2085 4188 3668 4262; baseline 0.001 -19"><span class='ocrx_word' id='word_1_691' title='bbox 2085 4191 2311 4262; x_wconf 86' lang='grc' dir='ltr'>μοναχῷ</span> <span class='ocrx_word' id='word_1_692' title='bbox 2377 4190 2472 4244; x_wconf 77' lang='grc' dir='ltr'>καὶ</span> <span class='ocrx_word' id='word_1_693' title='bbox 2517 4188 2924 4259; x_wconf 73' lang='grc' dir='ltr'>ἐκπλήττεσθαι</span> <span class='ocrx_word' id='word_1_694' title='bbox 2963 4189 3058 4242; x_wconf 82' lang='grc' dir='ltr'>καὶ</span> <span class='ocrx_word' id='word_1_695' title='bbox 3113 4192 3355 4258; x_wconf 75' lang='grc' dir='ltr'>κροτεῖν,</span> <span class='ocrx_word' id='word_1_696' title='bbox 3393 4192 3482 4242; x_wconf 71' lang='grc' dir='ltr'>καὶ</span> <span class='ocrx_word' id='word_1_697' title='bbox 3516 4195 3668 4262; x_wconf 72' lang='grc' dir='ltr'>φωνῇ</span> 
     </span>
    </p>
   </div>
   <div class='ocr_carea' id='block_1_87' title="bbox 2081 4279 3671 4351">
    <p class='ocr_par' dir='ltr' id='par_1_87' title="bbox 2081 4279 3671 4351">
     <span class='ocr_line' id='line_1_87' title="bbox 2081 4279 3671 4351; baseline 0.001 -17"><span class='ocrx_word' id='word_1_698' title='bbox 2081 4282 2391 4351; x_wconf 80' lang='grc' dir='ltr'>διαπρυσίῳ</span> <span class='ocrx_word' id='word_1_699' title='bbox 2421 4280 2555 4332; x_wconf 87' lang='grc' dir='ltr'>Θεὸν</span> <span class='ocrx_word' id='word_1_700' title='bbox 2587 4279 2760 4333; x_wconf 82' lang='grc' dir='ltr'>ἐποίει</span> <span class='ocrx_word' id='word_1_701' title='bbox 2789 4279 3060 4344; x_wconf 76' lang='grc' dir='ltr'>δοξάζειν,</span> <span class='ocrx_word' id='word_1_702' title='bbox 3090 4282 3188 4334; x_wconf 78' lang='grc' dir='ltr'>καὶ</span> <span class='ocrx_word' id='word_1_703' title='bbox 3233 4281 3327 4334; x_wconf 90' lang='grc' dir='ltr'>τὸν</span> <span class='ocrx_word' id='word_1_704' title='bbox 3361 4283 3528 4334; x_wconf 84' lang='grc' dir='ltr'>αὐτοῦ</span> <span class='ocrx_word' id='word_1_705' title='bbox 3575 4301 3671 4348; x_wconf 84' lang='grc' dir='ltr'>με-</span> 
     </span>
    </p>
   </div>
   <div class='ocr_carea' id='block_1_88' title="bbox 2081 4367 3670 4442">
    <p class='ocr_par' dir='ltr' id='par_1_88' title="bbox 2081 4367 3670 4442">
     <span class='ocr_line' id='line_1_88' title="bbox 2081 4367 3670 4442; baseline 0 -18"><span class='ocrx_word' id='word_1_706' title='bbox 2081 4371 2336 4442; x_wconf 86' lang='grc' dir='ltr'>γαλύνειν</span> <span class='ocrx_word' id='word_1_707' title='bbox 2361 4372 2691 4439; x_wconf 87' lang='grc' dir='ltr'>θεράποντα.</span> <span class='ocrx_word' id='word_1_708' title='bbox 2719 4367 2850 4423; x_wconf 71' lang='grc' dir='ltr'>Εἶτα</span> <span class='ocrx_word' id='word_1_709' title='bbox 2877 4371 2970 4423; x_wconf 80' lang='grc' dir='ltr'>καὶ</span> <span class='ocrx_word' id='word_1_710' title='bbox 2991 4372 3056 4441; x_wconf 85' lang='grc' dir='ltr'>τῇ</span> <span class='ocrx_word' id='word_1_711' title='bbox 3084 4370 3177 4422; x_wconf 89' lang='grc' dir='ltr'>τοῦ</span> <span class='ocrx_word' id='word_1_712' title='bbox 3201 4371 3355 4438; x_wconf 83' lang='grc' dir='ltr'>ἁγίου</span> <span class='ocrx_word' id='word_1_713' title='bbox 3376 4373 3670 4442; x_wconf 82' lang='grc' dir='ltr'>προσσχὼν</span> 
     </span>
    </p>
   </div>
   <div class='ocr_carea' id='block_1_89' title="bbox 2081 4459 3673 4531">
    <p class='ocr_par' dir='ltr' id='par_1_89' title="bbox 2081 4459 3673 4531">
     <span class='ocr_line' id='line_1_89' title="bbox 2081 4459 3673 4531; baseline 0.001 -16"><span class='ocrx_word' id='word_1_714' title='bbox 2081 4462 2273 4524; x_wconf 83' lang='grc' dir='ltr'>εἰκόνι,</span> <span class='ocrx_word' id='word_1_715' title='bbox 2309 4459 2458 4530; x_wconf 86' lang='grc' dir='ltr'>Ἐγὼ</span> <span class='ocrx_word' id='word_1_716' title='bbox 2505 4462 2629 4530; x_wconf 79' lang='grc' dir='ltr'>μὲν,</span> <span class='ocrx_word' id='word_1_717' title='bbox 2687 4459 2898 4528; x_wconf 78' lang='grc' dir='ltr'>ἔλεγεν,</span> <span class='ocrx_word' id='word_1_718' title='bbox 2931 4459 3190 4531; x_wconf 85' lang='grc' dir='ltr'>ἄνθρωπε</span> <span class='ocrx_word' id='word_1_719' title='bbox 3226 4461 3319 4513; x_wconf 90' lang='grc' dir='ltr'>τοῦ</span> <span class='ocrx_word' id='word_1_720' title='bbox 3353 4463 3512 4525; x_wconf 82' lang='grc' dir='ltr'>Θεοῦ,</span> <span class='ocrx_word' id='word_1_721' title='bbox 3553 4467 3673 4531; x_wconf 77' lang='grc' dir='ltr'>μετ’</span> 
     </span>
    </p>
   </div>
   <div class='ocr_carea' id='block_1_90' title="bbox 393 4542 3675 4623">
    <p class='ocr_par' dir='ltr' id='par_1_90' title="bbox 393 4542 3675 4623">
     <span class='ocr_line' id='line_1_90' title="bbox 393 4542 3675 4623; baseline 0 -17"><span class='ocrx_word' id='word_1_722' title='bbox 393 4553 583 4622; x_wconf 89' lang='grc' dir='ltr'>καιρὸς</span> <span class='ocrx_word' id='word_1_723' title='bbox 609 4550 896 4623; x_wconf 88' lang='grc' dir='ltr'>τοιγαροῦν</span> <span class='ocrx_word' id='word_1_724' title='bbox 912 4552 1010 4606; x_wconf 74' lang='grc' dir='ltr'>καὶ</span> <span class='ocrx_word' id='word_1_725' title='bbox 1038 4551 1180 4620; x_wconf 82' lang='grc' dir='ltr'>ὑπὲρ</span> <span class='ocrx_word' id='word_1_726' title='bbox 1210 4549 1348 4616; x_wconf 81' lang='grc' dir='ltr'>ἐμοῦ</span> <span class='ocrx_word' id='word_1_727' title='bbox 1376 4552 1472 4601; x_wconf 80' lang='grc' dir='ltr'>καὶ</span> <span class='ocrx_word' id='word_1_728' title='bbox 1517 4549 1612 4601; x_wconf 85' lang='grc' dir='ltr'>τοῦ</span> <span class='ocrx_word' id='word_1_729' title='bbox 1643 4548 1743 4618; x_wconf 81' lang='grc' dir='ltr'>τῆς</span> <span class='ocrx_word' id='word_1_730' title='bbox 1790 4550 1972 4618; x_wconf 77' lang='grc' dir='ltr'>χειρὸς</span> <span class='ocrx_word' id='word_1_731' title='bbox 2004 4542 2054 4600; x_wconf 77' lang='grc' dir='ltr'>Ι)</span> <span class='ocrx_word' id='word_1_732' title='bbox 2080 4552 2399 4620; x_wconf 73' lang='grc' dir='ltr'>ἀμφιϐόλων</span> <span class='ocrx_word' id='word_1_733' title='bbox 2420 4551 2586 4604; x_wconf 85' lang='grc' dir='ltr'>τινῶν</span> <span class='ocrx_word' id='word_1_734' title='bbox 2602 4551 2713 4605; x_wconf 89' lang='grc' dir='ltr'>τῶν</span> <span class='ocrx_word' id='word_1_735' title='bbox 2731 4551 3008 4621; x_wconf 86' lang='grc' dir='ltr'>λογισμῶν</span> <span class='ocrx_word' id='word_1_736' title='bbox 3030 4553 3086 4613; x_wconf 82' lang='grc' dir='ltr'>ἐς</span> <span class='ocrx_word' id='word_1_737' title='bbox 3105 4551 3266 4622; x_wconf 89' lang='grc' dir='ltr'>δεῦρο</span> <span class='ocrx_word' id='word_1_738' title='bbox 3286 4555 3675 4623; x_wconf 77' lang='grc' dir='ltr'>προσεδρεύων</span> 
     </span>
    </p>
   </div>
   <div class='ocr_carea' id='block_1_91' title="bbox 389 4642 1975 4719">
    <p class='ocr_par' dir='ltr' id='par_1_91' title="bbox 389 4642 1975 4719">
     <span class='ocr_line' id='line_1_91' title="bbox 389 4642 1975 4719; baseline -0.003 -20"><span class='ocrx_word' id='word_1_739' title='bbox 389 4649 544 4699; x_wconf 69' lang='grc' dir='ltr'>τοῦδε</span> <span class='ocrx_word' id='word_1_740' title='bbox 601 4646 825 4711; x_wconf 80' lang='grc' dir='ltr'>πάθους,</span> <span class='ocrx_word' id='word_1_741' title='bbox 861 4649 924 4715; x_wconf 81' lang='grc' dir='ltr'>τῇ</span> <span class='ocrx_word' id='word_1_742' title='bbox 989 4645 1128 4716; x_wconf 89' lang='grc' dir='ltr'>πρὸς</span> <span class='ocrx_word' id='word_1_743' title='bbox 1187 4643 1322 4696; x_wconf 87' lang='grc' dir='ltr'>Θεὸν</span> <span class='ocrx_word' id='word_1_744' title='bbox 1362 4642 1535 4714; x_wconf 87' lang='grc' dir='ltr'>ταύτῃ</span> <span class='ocrx_word' id='word_1_745' title='bbox 1567 4642 1880 4719; x_wconf 69' lang='grc' dir='ltr'>χρήσασθαί</span> <span class='ocrx_word' id='word_1_746' title='bbox 1915 4659 1975 4695; x_wconf 88' lang='grc' dir='ltr'>σε</span> 
     </span>
    </p>
   </div>
   <div class='ocr_carea' id='block_1_92' title="bbox 391 4733 1976 4808">
    <p class='ocr_par' dir='ltr' id='par_1_92' title="bbox 391 4733 1976 4808">
     <span class='ocr_line' id='line_1_92' title="bbox 391 4733 1976 4808; baseline -0.004 -18"><span class='ocrx_word' id='word_1_747' title='bbox 391 4737 675 4808; x_wconf 65' lang='grc' dir='ltr'>παρρησίᾳ</span> <span class='ocrx_word' id='word_1_748' title='bbox 701 4738 790 4789; x_wconf 73' lang='grc' dir='ltr'>καὶ</span> <span class='ocrx_word' id='word_1_749' title='bbox 815 4739 883 4808; x_wconf 81' lang='grc' dir='ltr'>τῇ</span> <span class='ocrx_word' id='word_1_750' title='bbox 914 4737 1165 4806; x_wconf 81' lang='grc' dir='ltr'>δυνάμει,</span> <span class='ocrx_word' id='word_1_751' title='bbox 1199 4736 1296 4788; x_wconf 69' lang='grc' dir='ltr'>καὶ</span> <span class='ocrx_word' id='word_1_752' title='bbox 1322 4734 1416 4786; x_wconf 87' lang='grc' dir='ltr'>τὸν</span> <span class='ocrx_word' id='word_1_753' title='bbox 1447 4734 1579 4786; x_wconf 87' lang='grc' dir='ltr'>Θεὸν</span> <span class='ocrx_word' id='word_1_754' title='bbox 1608 4733 1767 4785; x_wconf 79' lang='grc' dir='ltr'>ἵλεων</span> <span class='ocrx_word' id='word_1_755' title='bbox 1797 4736 1976 4802; x_wconf 87' lang='grc' dir='ltr'>ἀπερ-</span> 
     </span>
    </p>
   </div>
   <div class='ocr_carea' id='block_1_93' title="bbox 389 4820 1976 4894">
    <p class='ocr_par' dir='ltr' id='par_1_93' title="bbox 389 4820 1976 4894">
     <span class='ocr_line' id='line_1_93' title="bbox 389 4820 1976 4894; baseline -0.006 -15"><span class='ocrx_word' id='word_1_756' title='bbox 389 4827 662 4890; x_wconf 72' lang='grc' dir='ltr'>γάσασθαι</span> <span class='ocrx_word' id='word_1_757' title='bbox 703 4828 870 4894; x_wconf 74' lang='grc' dir='ltr'>κάμοὶ</span> <span class='ocrx_word' id='word_1_758' title='bbox 901 4829 999 4878; x_wconf 74' lang='grc' dir='ltr'>καὶ</span> <span class='ocrx_word' id='word_1_759' title='bbox 1029 4825 1275 4892; x_wconf 85' lang='grc' dir='ltr'>σωτῆρα,</span> <span class='ocrx_word' id='word_1_760' title='bbox 1313 4821 1624 4890; x_wconf 78' lang='grc' dir='ltr'>μνησθέντα</span> <span class='ocrx_word' id='word_1_761' title='bbox 1668 4820 1812 4872; x_wconf 85' lang='grc' dir='ltr'>κατά</span> <span class='ocrx_word' id='word_1_762' title='bbox 1856 4837 1976 4871; x_wconf 83' lang='grc' dir='ltr'>και-</span> 
     </span>
    </p>
   </div>
   <div class='ocr_carea' id='block_1_94' title="bbox 389 4913 1975 4990">
    <p class='ocr_par' dir='ltr' id='par_1_94' title="bbox 389 4913 1975 4990">
     <span class='ocr_line' id='line_1_94' title="bbox 389 4913 1975 4990; baseline -0.007 -18"><span class='ocrx_word' id='word_1_763' title='bbox 389 4921 481 4990; x_wconf 90' lang='grc' dir='ltr'>ρὸν</span> <span class='ocrx_word' id='word_1_764' title='bbox 522 4920 629 4972; x_wconf 89' lang='grc' dir='ltr'>τῶν</span> <span class='ocrx_word' id='word_1_765' title='bbox 663 4917 864 4972; x_wconf 89' lang='grc' dir='ltr'>σαυτοῦ</span> <span class='ocrx_word' id='word_1_766' title='bbox 900 4919 1072 4984; x_wconf 86' lang='grc' dir='ltr'>λόγων</span> <span class='ocrx_word' id='word_1_767' title='bbox 1099 4917 1320 4986; x_wconf 75' lang='grc' dir='ltr'>καὶτῆς</span> <span class='ocrx_word' id='word_1_768' title='bbox 1366 4913 1704 4981; x_wconf 75' lang='grc' dir='ltr'>ἐπαγγελίας</span> <span class='ocrx_word' id='word_1_769' title='bbox 1732 4913 1975 4982; x_wconf 81' lang='grc' dir='ltr'>ἐκείνης,</span> 
     </span>
    </p>
   </div>
   <div class='ocr_carea' id='block_1_95' title="bbox 383 5003 1974 5083">
    <p class='ocr_par' dir='ltr' id='par_1_95' title="bbox 383 5003 1974 5083">
     <span class='ocr_line' id='line_1_95' title="bbox 383 5003 1974 5083; baseline -0.006 -19"><span class='ocrx_word' id='word_1_770' title='bbox 383 5012 453 5083; x_wconf 80' lang='grc' dir='ltr'>ἢν</span> <span class='ocrx_word' id='word_1_771' title='bbox 485 5011 622 5079; x_wconf 88' lang='grc' dir='ltr'>πρὸς</span> <span class='ocrx_word' id='word_1_772' title='bbox 668 5011 816 5080; x_wconf 80' lang='grc' dir='ltr'>ἡμᾶς</span> <span class='ocrx_word' id='word_1_773' title='bbox 863 5010 993 5071; x_wconf 82' lang='grc' dir='ltr'>τούς</span> <span class='ocrx_word' id='word_1_774' title='bbox 1047 5006 1306 5071; x_wconf 84' lang='grc' dir='ltr'>ἀναξίους</span> <span class='ocrx_word' id='word_1_775' title='bbox 1359 5005 1544 5058; x_wconf 79' lang='grc' dir='ltr'>ἐποιοῦ</span> <span class='ocrx_word' id='word_1_776' title='bbox 1577 5005 1723 5069; x_wconf 89' lang='grc' dir='ltr'>τότε,</span> <span class='ocrx_word' id='word_1_777' title='bbox 1765 5003 1842 5073; x_wconf 85' lang='grc' dir='ltr'>τῷ</span> <span class='ocrx_word' id='word_1_778' title='bbox 1871 5004 1974 5074; x_wconf 77' lang='grc' dir='ltr'>βίῳ</span> 
     </span>
    </p>
   </div>
   <div class='ocr_carea' id='block_1_96' title="bbox 384 5097 1974 5175">
    <p class='ocr_par' dir='ltr' id='par_1_96' title="bbox 384 5097 1974 5175">
     <span class='ocr_line' id='line_1_96' title="bbox 384 5097 1974 5175; baseline -0.006 -18"><span class='ocrx_word' id='word_1_779' title='bbox 384 5105 480 5158; x_wconf 75' lang='grc' dir='ltr'>καὶ</span> <span class='ocrx_word' id='word_1_780' title='bbox 508 5107 575 5175; x_wconf 82' lang='grc' dir='ltr'>τῇ</span> <span class='ocrx_word' id='word_1_781' title='bbox 618 5107 785 5174; x_wconf 75' lang='grc' dir='ltr'>σαρκὶ</span> <span class='ocrx_word' id='word_1_782' title='bbox 809 5102 1020 5174; x_wconf 84' lang='grc' dir='ltr'>περιὼν</span> <span class='ocrx_word' id='word_1_783' title='bbox 1054 5103 1134 5154; x_wconf 82' lang='grc' dir='ltr'>ἐτι</span> <span class='ocrx_word' id='word_1_784' title='bbox 1153 5118 1166 5133; x_wconf 89' lang='grc'><strong>·</strong></span> <span class='ocrx_word' id='word_1_785' title='bbox 1197 5100 1355 5164; x_wconf 85' lang='grc' dir='ltr'>Θεὸς,</span> <span class='ocrx_word' id='word_1_786' title='bbox 1383 5100 1584 5167; x_wconf 82' lang='grc' dir='ltr'>λέγων,</span> <span class='ocrx_word' id='word_1_787' title='bbox 1625 5097 1792 5162; x_wconf 82' lang='grc' dir='ltr'>ἀξίως</span> <span class='ocrx_word' id='word_1_788' title='bbox 1812 5099 1974 5167; x_wconf 86' lang='grc' dir='ltr'>ἀμεί-</span> 
     </span>
    </p>
   </div>
   <div class='ocr_carea' id='block_1_97' title="bbox 384 5189 1971 5268">
    <p class='ocr_par' dir='ltr' id='par_1_97' title="bbox 384 5189 1971 5268">
     <span class='ocr_line' id='line_1_97' title="bbox 384 5189 1971 5268; baseline -0.004 -18"><span class='ocrx_word' id='word_1_789' title='bbox 384 5197 547 5268; x_wconf 79' lang='grc' dir='ltr'>ψεται</span> <span class='ocrx_word' id='word_1_790' title='bbox 574 5214 669 5249; x_wconf 90' lang='grc' dir='ltr'>σου</span> <span class='ocrx_word' id='word_1_791' title='bbox 707 5196 797 5249; x_wconf 86' lang='grc' dir='ltr'>τὸν</span> <span class='ocrx_word' id='word_1_792' title='bbox 831 5195 973 5266; x_wconf 79' lang='grc' dir='ltr'>ὑπὲρ</span> <span class='ocrx_word' id='word_1_793' title='bbox 1015 5193 1278 5264; x_wconf 87' lang='grc' dir='ltr'>ἀληθείας</span> <span class='ocrx_word' id='word_1_794' title='bbox 1324 5194 1418 5245; x_wconf 76' lang='grc' dir='ltr'>καὶ</span> <span class='ocrx_word' id='word_1_795' title='bbox 1456 5191 1549 5245; x_wconf 91' lang='grc' dir='ltr'>τοῦ</span> <span class='ocrx_word' id='word_1_796' title='bbox 1607 5189 1776 5244; x_wconf 80' lang='grc' dir='ltr'>καλοῦ</span> <span class='ocrx_word' id='word_1_797' title='bbox 1805 5191 1971 5260; x_wconf 77' lang='grc' dir='ltr'>ζῆλόν</span> 
     </span>
    </p>
   </div>
   <div class='ocr_carea' id='block_1_98' title="bbox 385 5285 1972 5361">
    <p class='ocr_par' dir='ltr' id='par_1_98' title="bbox 385 5285 1972 5361">
     <span class='ocr_line' id='line_1_98' title="bbox 385 5285 1972 5361; baseline -0.004 -18"><span class='ocrx_word' id='word_1_798' title='bbox 385 5307 445 5344; x_wconf 89' lang='grc' dir='ltr'>τε</span> <span class='ocrx_word' id='word_1_799' title='bbox 472 5292 565 5343; x_wconf 72' lang='grc' dir='ltr'>καὶ</span> <span class='ocrx_word' id='word_1_800' title='bbox 597 5290 696 5361; x_wconf 80' lang='grc' dir='ltr'>τὴν</span> <span class='ocrx_word' id='word_1_801' title='bbox 729 5289 1005 5342; x_wconf 76' lang='grc' dir='ltr'>ἔνστασιν.</span> <span class='ocrx_word' id='word_1_802' title='bbox 1066 5286 1256 5340; x_wconf 89' lang='grc' dir='ltr'>Ταῦτα</span> <span class='ocrx_word' id='word_1_803' title='bbox 1307 5286 1623 5357; x_wconf 79' lang='grc' dir='ltr'>χαριέντως</span> <span class='ocrx_word' id='word_1_804' title='bbox 1660 5301 1795 5349; x_wconf 88' lang='grc' dir='ltr'>πως,</span> <span class='ocrx_word' id='word_1_805' title='bbox 1832 5285 1972 5352; x_wconf 81' lang='grc' dir='ltr'>ὅπερ</span> 
     </span>
    </p>
   </div>
   <div class='ocr_carea' id='block_1_99' title="bbox 385 5376 1970 5454">
    <p class='ocr_par' dir='ltr' id='par_1_99' title="bbox 385 5376 1970 5454">
     <span class='ocr_line' id='line_1_99' title="bbox 385 5376 1970 5454; baseline -0.004 -18"><span class='ocrx_word' id='word_1_806' title='bbox 385 5384 542 5454; x_wconf 78' lang='grc' dir='ltr'>ἔφην,</span> <span class='ocrx_word' id='word_1_807' title='bbox 579 5385 674 5436; x_wconf 73' lang='grc' dir='ltr'>καὶ</span> <span class='ocrx_word' id='word_1_808' title='bbox 699 5376 812 5435; x_wconf 73' lang='grc' dir='ltr'>οἷον</span> <span class='ocrx_word' id='word_1_809' title='bbox 840 5380 1204 5450; x_wconf 85' lang='grc' dir='ltr'>ὐπομειδιῶσι</span> <span class='ocrx_word' id='word_1_810' title='bbox 1231 5382 1344 5441; x_wconf 86' lang='grc' dir='ltr'>τοῖς</span> <span class='ocrx_word' id='word_1_811' title='bbox 1371 5377 1602 5449; x_wconf 90' lang='grc' dir='ltr'>χείλεσι,</span> <span class='ocrx_word' id='word_1_812' title='bbox 1624 5376 1702 5446; x_wconf 80' lang='grc' dir='ltr'>τῷ</span> <span class='ocrx_word' id='word_1_813' title='bbox 1725 5377 1970 5448; x_wconf 87' lang='grc' dir='ltr'>περιόντι</span> 
     </span>
    </p>
   </div>
   <div class='ocr_carea' id='block_1_100' title="bbox 384 5468 1969 5543">
    <p class='ocr_par' dir='ltr' id='par_1_100' title="bbox 384 5468 1969 5543">
     <span class='ocr_line' id='line_1_100' title="bbox 384 5468 1969 5543; baseline -0.007 -12"><span class='ocrx_word' id='word_1_814' title='bbox 384 5478 480 5531; x_wconf 82' lang='grc' dir='ltr'>τοῦ</span> <span class='ocrx_word' id='word_1_815' title='bbox 513 5476 679 5529; x_wconf 88' lang='grc' dir='ltr'>πόθου</span> <span class='ocrx_word' id='word_1_816' title='bbox 711 5492 770 5528; x_wconf 87' lang='grc' dir='ltr'>τε</span> <span class='ocrx_word' id='word_1_817' title='bbox 795 5475 892 5528; x_wconf 81' lang='grc' dir='ltr'>καὶ</span> <span class='ocrx_word' id='word_1_818' title='bbox 929 5474 1031 5543; x_wconf 83' lang='grc' dir='ltr'>τῆς</span> <span class='ocrx_word' id='word_1_819' title='bbox 1062 5473 1300 5533; x_wconf 87' lang='grc' dir='ltr'>πίστεως</span> <span class='ocrx_word' id='word_1_820' title='bbox 1321 5469 1564 5540; x_wconf 82' lang='grc' dir='ltr'>δεομένῳ</span> <span class='ocrx_word' id='word_1_821' title='bbox 1591 5468 1804 5540; x_wconf 77' lang='grc' dir='ltr'>τάνδρὶ,</span> <span class='ocrx_word' id='word_1_822' title='bbox 1857 5469 1969 5521; x_wconf 87' lang='grc' dir='ltr'>τῶν</span> 
     </span>
    </p>
   </div>
   <div class='ocr_carea' id='block_1_101' title="bbox 385 5560 1973 5638">
    <p class='ocr_par' dir='ltr' id='par_1_101' title="bbox 385 5560 1973 5638">
     <span class='ocr_line' id='line_1_101' title="bbox 385 5560 1973 5638; baseline -0.005 -16"><span class='ocrx_word' id='word_1_823' title='bbox 385 5586 468 5631; x_wconf 89' lang='grc' dir='ltr'>τις</span> <span class='ocrx_word' id='word_1_824' title='bbox 501 5567 981 5638; x_wconf 80' lang='grc' dir='ltr'>προσεδρευόντων</span> <span class='ocrx_word' id='word_1_825' title='bbox 1011 5565 1130 5617; x_wconf 78' lang='grc' dir='ltr'>ἐκεῖ</span> <span class='ocrx_word' id='word_1_826' title='bbox 1165 5563 1471 5634; x_wconf 85' lang='grc' dir='ltr'>θεραπείας</span> <span class='ocrx_word' id='word_1_827' title='bbox 1521 5563 1684 5632; x_wconf 87' lang='grc' dir='ltr'>χάριν</span> <span class='ocrx_word' id='word_1_828' title='bbox 1711 5561 1770 5625; x_wconf 79' lang='grc' dir='ltr'>ἐξ</span> <span class='ocrx_word' id='word_1_829' title='bbox 1812 5560 1973 5614; x_wconf 84' lang='grc' dir='ltr'>ἀλλο-</span> 
     </span>
    </p>
   </div>
   <div class='ocr_carea' id='block_1_102' title="bbox 383 5655 1969 5734">
    <p class='ocr_par' dir='ltr' id='par_1_102' title="bbox 383 5655 1969 5734">
     <span class='ocr_line' id='line_1_102' title="bbox 383 5655 1969 5734; baseline -0.006 -18"><span class='ocrx_word' id='word_1_830' title='bbox 383 5663 559 5733; x_wconf 78' lang='grc' dir='ltr'>δαπῆς</span> <span class='ocrx_word' id='word_1_831' title='bbox 584 5661 760 5734; x_wconf 68' lang='grc' dir='ltr'>ἥκων,</span> <span class='ocrx_word' id='word_1_832' title='bbox 797 5659 1033 5730; x_wconf 88' lang='grc' dir='ltr'>μοναχὸς</span> <span class='ocrx_word' id='word_1_833' title='bbox 1054 5659 1152 5730; x_wconf 80' lang='grc' dir='ltr'>τὴν</span> <span class='ocrx_word' id='word_1_834' title='bbox 1187 5659 1364 5722; x_wconf 83' lang='grc' dir='ltr'>τάξιν,</span> <span class='ocrx_word' id='word_1_835' title='bbox 1407 5656 1685 5728; x_wconf 80' lang='grc' dir='ltr'>βάρϐαρος</span> <span class='ocrx_word' id='word_1_836' title='bbox 1728 5656 1832 5726; x_wconf 82' lang='grc' dir='ltr'>μὲν</span> <span class='ocrx_word' id='word_1_837' title='bbox 1870 5655 1969 5727; x_wconf 83' lang='grc' dir='ltr'>τὴν</span> 
     </span>
    </p>
   </div>
   <div class='ocr_carea' id='block_1_103' title="bbox 387 5749 1970 5825">
    <p class='ocr_par' dir='ltr' id='par_1_103' title="bbox 387 5749 1970 5825">
     <span class='ocr_line' id='line_1_103' title="bbox 387 5749 1970 5825; baseline -0.003 -19"><span class='ocrx_word' id='word_1_838' title='bbox 387 5758 570 5822; x_wconf 69' lang='grc' dir='ltr'>φωνὴν</span> <span class='ocrx_word' id='word_1_839' title='bbox 598 5755 693 5807; x_wconf 75' lang='grc' dir='ltr'>καὶ</span> <span class='ocrx_word' id='word_1_840' title='bbox 727 5754 788 5806; x_wconf 89' lang='grc' dir='ltr'>τὸ</span> <span class='ocrx_word' id='word_1_841' title='bbox 825 5749 978 5825; x_wconf 78' lang='grc' dir='ltr'>ἦθος,</span> <span class='ocrx_word' id='word_1_842' title='bbox 1012 5752 1216 5820; x_wconf 85' lang='grc' dir='ltr'>ἀγαθὸς</span> <span class='ocrx_word' id='word_1_843' title='bbox 1248 5751 1304 5804; x_wconf 82' lang='grc' dir='ltr'>δέ</span> <span class='ocrx_word' id='word_1_844' title='bbox 1358 5768 1445 5813; x_wconf 91' lang='grc' dir='ltr'>τις</span> <span class='ocrx_word' id='word_1_845' title='bbox 1478 5749 1626 5820; x_wconf 86' lang='grc' dir='ltr'>μάλα</span> <span class='ocrx_word' id='word_1_846' title='bbox 1671 5750 1767 5802; x_wconf 76' lang='grc' dir='ltr'>καὶ</span> <span class='ocrx_word' id='word_1_847' title='bbox 1799 5766 1970 5802; x_wconf 84' lang='grc' dir='ltr'>σπου-</span> 
     </span>
    </p>
   </div>
   <div class='ocr_carea' id='block_1_104' title="bbox 384 5842 1962 5918">
    <p class='ocr_par' dir='ltr' id='par_1_104' title="bbox 384 5842 1962 5918">
     <span class='ocr_line' id='line_1_104' title="bbox 384 5842 1962 5918; baseline -0.008 -16"><span class='ocrx_word' id='word_1_848' title='bbox 384 5850 530 5913; x_wconf 79' lang='grc' dir='ltr'>δαῖος</span> <span class='ocrx_word' id='word_1_849' title='bbox 581 5849 672 5902; x_wconf 85' lang='grc' dir='ltr'>τὸν</span> <span class='ocrx_word' id='word_1_850' title='bbox 724 5847 946 5918; x_wconf 71' lang='grc' dir='ltr'>τρόπον,</span> <span class='ocrx_word' id='word_1_851' title='bbox 990 5847 1080 5900; x_wconf 86' lang='grc' dir='ltr'>τὸν</span> <span class='ocrx_word' id='word_1_852' title='bbox 1126 5844 1405 5916; x_wconf 69' lang='grc' dir='ltr'>ὀφθαλμὸν</span> <span class='ocrx_word' id='word_1_853' title='bbox 1432 5842 1708 5898; x_wconf 80' lang='grc' dir='ltr'>ἐπιδαλὼν</span> <span class='ocrx_word' id='word_1_854' title='bbox 1743 5843 1962 5911; x_wconf 79' lang='grc' dir='ltr'>ἐκείνῳ,</span> 
     </span>
    </p>
   </div>
   <div class='ocr_carea' id='block_1_105' title="bbox 2079 4642 3674 4716">
    <p class='ocr_par' dir='ltr' id='par_1_105' title="bbox 2079 4642 3674 4716">
     <span class='ocr_line' id='line_1_105' title="bbox 2079 4642 3674 4716; baseline 0 -20"><span class='ocrx_word' id='word_1_855' title='bbox 2079 4644 2158 4711; x_wconf 81' lang='grc' dir='ltr'>τῷ</span> <span class='ocrx_word' id='word_1_856' title='bbox 2193 4643 2269 4712; x_wconf 83' lang='grc' dir='ltr'>σῷ</span> <span class='ocrx_word' id='word_1_857' title='bbox 2302 4644 2431 4712; x_wconf 87' lang='grc' dir='ltr'>θείῳ</span> <span class='ocrx_word' id='word_1_858' title='bbox 2459 4643 2636 4712; x_wconf 72' lang='grc' dir='ltr'>τάφῳ,</span> <span class='ocrx_word' id='word_1_859' title='bbox 2670 4644 2765 4696; x_wconf 72' lang='grc' dir='ltr'>καὶ</span> <span class='ocrx_word' id='word_1_860' title='bbox 2795 4642 2884 4695; x_wconf 76' lang='grc' dir='ltr'>διὰ</span> <span class='ocrx_word' id='word_1_861' title='bbox 2922 4643 3083 4695; x_wconf 83' lang='grc' dir='ltr'>ταῦτ’</span> <span class='ocrx_word' id='word_1_862' title='bbox 3104 4642 3214 4712; x_wconf 81' lang='grc' dir='ltr'>ἄρα</span> <span class='ocrx_word' id='word_1_863' title='bbox 3244 4647 3340 4696; x_wconf 76' lang='grc' dir='ltr'>καὶ</span> <span class='ocrx_word' id='word_1_864' title='bbox 3377 4644 3477 4712; x_wconf 78' lang='grc' dir='ltr'>τῆς</span> <span class='ocrx_word' id='word_1_865' title='bbox 3513 4648 3674 4716; x_wconf 81' lang='grc' dir='ltr'>αἰτή-</span> 
     </span>
    </p>
   </div>
   <div class='ocr_carea' id='block_1_106' title="bbox 2081 4734 3669 4806">
    <p class='ocr_par' dir='ltr' id='par_1_106' title="bbox 2081 4734 3669 4806">
     <span class='ocr_line' id='line_1_106' title="bbox 2081 4734 3669 4806; baseline -0.001 -16"><span class='ocrx_word' id='word_1_866' title='bbox 2081 4754 2242 4801; x_wconf 89' lang='grc' dir='ltr'>σεως,</span> <span class='ocrx_word' id='word_1_867' title='bbox 2273 4734 2348 4799; x_wconf 83' lang='grc' dir='ltr'>ὡς</span> <span class='ocrx_word' id='word_1_868' title='bbox 2372 4736 2541 4797; x_wconf 76' lang='grc' dir='ltr'>ἔοικε,</span> <span class='ocrx_word' id='word_1_869' title='bbox 2575 4737 2668 4789; x_wconf 70' lang='grc' dir='ltr'>καὶ</span> <span class='ocrx_word' id='word_1_870' title='bbox 2712 4736 2814 4806; x_wconf 80' lang='grc' dir='ltr'>τῆς</span> <span class='ocrx_word' id='word_1_871' title='bbox 2863 4735 3172 4804; x_wconf 82' lang='grc' dir='ltr'>θεραπείας</span> <span class='ocrx_word' id='word_1_872' title='bbox 3225 4737 3628 4805; x_wconf 73' lang='grc' dir='ltr'>ἀποτυγχάνων</span> <span class='ocrx_word' id='word_1_873' title='bbox 3655 4777 3669 4800; x_wconf 95' lang='grc'>,</span> 
     </span>
    </p>
   </div>
   <div class='ocr_carea' id='block_1_107' title="bbox 2078 4826 3668 4900">
    <p class='ocr_par' dir='ltr' id='par_1_107' title="bbox 2078 4826 3668 4900">
     <span class='ocr_line' id='line_1_107' title="bbox 2078 4826 3668 4900; baseline 0.001 -19"><span class='ocrx_word' id='word_1_874' title='bbox 2078 4829 2179 4900; x_wconf 77' lang='grc' dir='ltr'>ήδη</span> <span class='ocrx_word' id='word_1_875' title='bbox 2212 4829 2308 4880; x_wconf 81' lang='grc' dir='ltr'>καὶ</span> <span class='ocrx_word' id='word_1_876' title='bbox 2330 4829 2462 4898; x_wconf 89' lang='grc' dir='ltr'>πρὸς</span> <span class='ocrx_word' id='word_1_877' title='bbox 2494 4826 2620 4887; x_wconf 80' lang='grc' dir='ltr'>τούς</span> <span class='ocrx_word' id='word_1_878' title='bbox 2651 4828 2884 4891; x_wconf 76' lang='grc' dir='ltr'>οἰκείους</span> <span class='ocrx_word' id='word_1_879' title='bbox 2916 4829 3282 4896; x_wconf 79' lang='grc' dir='ltr'>ὑποστρέφειν</span> <span class='ocrx_word' id='word_1_880' title='bbox 3319 4829 3668 4898; x_wconf 59' lang='grc' dir='ltr'>διενοούμην</span> 
     </span>
    </p>
   </div>
   <div class='ocr_carea' id='block_1_108' title="bbox 2076 4918 3669 4989">
    <p class='ocr_par' dir='ltr' id='par_1_108' title="bbox 2076 4918 3669 4989">
     <span class='ocr_line' id='line_1_108' title="bbox 2076 4918 3669 4989; baseline -0.002 -14"><span class='ocrx_word' id='word_1_881' title='bbox 2076 4919 2213 4975; x_wconf 70' lang='grc' dir='ltr'>ἀλλὰ</span> <span class='ocrx_word' id='word_1_882' title='bbox 2243 4918 2339 4970; x_wconf 90' lang='grc' dir='ltr'>νῦν</span> <span class='ocrx_word' id='word_1_883' title='bbox 2384 4921 2484 4972; x_wconf 86' lang='grc' dir='ltr'>οὐκ</span> <span class='ocrx_word' id='word_1_884' title='bbox 2514 4919 2788 4987; x_wconf 72' lang='grc' dir='ltr'>ἀφέξομαί</span> <span class='ocrx_word' id='word_1_885' title='bbox 2841 4937 2938 4971; x_wconf 88' lang='grc' dir='ltr'>σου</span> <span class='ocrx_word' id='word_1_886' title='bbox 2990 4918 3082 4971; x_wconf 73' lang='grc' dir='ltr'>καὶ</span> <span class='ocrx_word' id='word_1_887' title='bbox 3113 4919 3224 4970; x_wconf 81' lang='grc' dir='ltr'>τῶν</span> <span class='ocrx_word' id='word_1_888' title='bbox 3261 4919 3372 4971; x_wconf 86' lang='grc' dir='ltr'>σῶν</span> <span class='ocrx_word' id='word_1_889' title='bbox 3396 4921 3669 4989; x_wconf 79' lang='grc' dir='ltr'>χαρισμά-</span> 
     </span>
    </p>
   </div>
   <div class='ocr_carea' id='block_1_109' title="bbox 2075 5011 3670 5081">
    <p class='ocr_par' dir='ltr' id='par_1_109' title="bbox 2075 5011 3670 5081">
     <span class='ocr_line' id='line_1_109' title="bbox 2075 5011 3670 5081; baseline -0.003 -16"><span class='ocrx_word' id='word_1_890' title='bbox 2075 5028 2222 5065; x_wconf 75' lang='grc' dir='ltr'>τωνο</span> <span class='ocrx_word' id='word_1_891' title='bbox 2287 5012 2346 5063; x_wconf 89' lang='grc' dir='ltr'>οὐ</span> <span class='ocrx_word' id='word_1_892' title='bbox 2406 5013 2480 5080; x_wconf 77' lang='grc' dir='ltr'>μὰ</span> <span class='ocrx_word' id='word_1_893' title='bbox 2508 5012 2636 5072; x_wconf 78' lang='grc' dir='ltr'>τοὺς</span> <span class='ocrx_word' id='word_1_894' title='bbox 2672 5011 2814 5081; x_wconf 82' lang='grc' dir='ltr'>ὑπὲρ</span> <span class='ocrx_word' id='word_1_895' title='bbox 2848 5011 3048 5081; x_wconf 78' lang='grc' dir='ltr'>ἀρετῆς</span> <span class='ocrx_word' id='word_1_896' title='bbox 3096 5012 3222 5073; x_wconf 71' lang='grc' dir='ltr'>σοὺς</span> <span class='ocrx_word' id='word_1_897' title='bbox 3254 5011 3536 5078; x_wconf 81' lang='grc' dir='ltr'>καμάτους</span> <span class='ocrx_word' id='word_1_898' title='bbox 3573 5012 3670 5063; x_wconf 60' lang='grc' dir='ltr'>καί¹</span> 
     </span>
    </p>
   </div>
   <div class='ocr_carea' id='block_1_110' title="bbox 2075 5100 3668 5170">
    <p class='ocr_par' dir='ltr' id='par_1_110' title="bbox 2075 5100 3668 5170">
     <span class='ocr_line' id='line_1_110' title="bbox 2075 5100 3668 5170; baseline -0.001 -16"><span class='ocrx_word' id='word_1_899' title='bbox 2075 5102 2145 5154; x_wconf 85' lang='grc' dir='ltr'>τὰ</span> <span class='ocrx_word' id='word_1_900' title='bbox 2183 5101 2396 5169; x_wconf 84' lang='grc' dir='ltr'>μεγάλα</span> <span class='ocrx_word' id='word_1_901' title='bbox 2431 5102 2591 5154; x_wconf 76' lang='grc' dir='ltr'>ταυτὶ</span> <span class='ocrx_word' id='word_1_902' title='bbox 2641 5101 2937 5170; x_wconf 86' lang='grc' dir='ltr'>θαύματα·</span> <span class='ocrx_word' id='word_1_903' title='bbox 3002 5101 3119 5154; x_wconf 82' lang='grc' dir='ltr'>ἀλλ’</span> <span class='ocrx_word' id='word_1_904' title='bbox 3171 5100 3408 5153; x_wconf 79' lang='grc' dir='ltr'>ἐνταῦθα</span> <span class='ocrx_word' id='word_1_905' title='bbox 3459 5101 3524 5170; x_wconf 79' lang='grc' dir='ltr'>δὴ</span> <span class='ocrx_word' id='word_1_906' title='bbox 3569 5101 3668 5152; x_wconf 79' lang='grc' dir='ltr'>καὶ</span> 
     </span>
    </p>
   </div>
   <div class='ocr_carea' id='block_1_111' title="bbox 2076 5191 3662 5262">
    <p class='ocr_par' dir='ltr' id='par_1_111' title="bbox 2076 5191 3662 5262">
     <span class='ocr_line' id='line_1_111' title="bbox 2076 5191 3662 5262; baseline 0 -18"><span class='ocrx_word' id='word_1_907' title='bbox 2076 5193 2386 5261; x_wconf 87' lang='grc' dir='ltr'>παραμενῶ</span> <span class='ocrx_word' id='word_1_908' title='bbox 2415 5193 2506 5245; x_wconf 78' lang='grc' dir='ltr'>καὶ</span> <span class='ocrx_word' id='word_1_909' title='bbox 2539 5191 2981 5262; x_wconf 76' lang='grc' dir='ltr'>προσδιατρίψω,</span> <span class='ocrx_word' id='word_1_910' title='bbox 3018 5193 3124 5255; x_wconf 75' lang='grc' dir='ltr'>ἕως</span> <span class='ocrx_word' id='word_1_911' title='bbox 3149 5191 3216 5245; x_wconf 78' lang='grc' dir='ltr'>ἂν</span> <span class='ocrx_word' id='word_1_912' title='bbox 3259 5191 3355 5245; x_wconf 81' lang='grc' dir='ltr'>καὶ</span> <span class='ocrx_word' id='word_1_913' title='bbox 3379 5191 3544 5254; x_wconf 85' lang='grc' dir='ltr'>αὐτὸς</span> <span class='ocrx_word' id='word_1_914' title='bbox 3574 5192 3662 5244; x_wconf 82' lang='grc' dir='ltr'>διὰ</span> 
     </span>
    </p>
   </div>
   <div class='ocr_carea' id='block_1_112' title="bbox 2077 5282 3664 5357">
    <p class='ocr_par' dir='ltr' id='par_1_112' title="bbox 2077 5282 3664 5357">
     <span class='ocr_line' id='line_1_112' title="bbox 2077 5282 3664 5357; baseline -0.001 -19"><span class='ocrx_word' id='word_1_915' title='bbox 2077 5284 2171 5338; x_wconf 85' lang='grc' dir='ltr'>σοῦ</span> <span class='ocrx_word' id='word_1_916' title='bbox 2201 5286 2422 5354; x_wconf 79' lang='grc' dir='ltr'>καὶτῆς</span> <span class='ocrx_word' id='word_1_917' title='bbox 2452 5286 2555 5357; x_wconf 85' lang='grc' dir='ltr'>σῆς</span> <span class='ocrx_word' id='word_1_918' title='bbox 2601 5285 2806 5356; x_wconf 83' lang='grc' dir='ltr'>δηλαδὴ</span> <span class='ocrx_word' id='word_1_919' title='bbox 2862 5285 3150 5354; x_wconf 89' lang='grc' dir='ltr'>μεσιτείας</span> <span class='ocrx_word' id='word_1_920' title='bbox 3176 5285 3328 5356; x_wconf 86' lang='grc' dir='ltr'>παρά</span> <span class='ocrx_word' id='word_1_921' title='bbox 3362 5282 3499 5336; x_wconf 84' lang='grc' dir='ltr'>Θεοῦ</span> <span class='ocrx_word' id='word_1_922' title='bbox 3552 5283 3664 5336; x_wconf 86' lang='grc' dir='ltr'>τῶν</span> 
     </span>
    </p>
   </div>
   <div class='ocr_carea' id='block_1_113' title="bbox 2075 5376 3654 5448">
    <p class='ocr_par' dir='ltr' id='par_1_113' title="bbox 2075 5376 3654 5448">
     <span class='ocr_line' id='line_1_113' title="bbox 2075 5376 3654 5448; baseline -0.002 -18"><span class='ocrx_word' id='word_1_923' title='bbox 2075 5378 2258 5432; x_wconf 85' lang='grc' dir='ltr'>αὐτῶν</span> <span class='ocrx_word' id='word_1_924' title='bbox 2319 5378 2582 5448; x_wconf 78' lang='grc' dir='ltr'>ἐπιτύχω.</span> <span class='ocrx_word' id='word_1_925' title='bbox 2652 5379 2762 5432; x_wconf 74' lang='grc' dir='ltr'>Καὶ</span> <span class='ocrx_word' id='word_1_926' title='bbox 2791 5378 2890 5448; x_wconf 86' lang='grc' dir='ltr'>οὐχ</span> <span class='ocrx_word' id='word_1_927' title='bbox 2920 5377 3140 5448; x_wconf 77' lang='grc' dir='ltr'>ἦμαρτὲ</span> <span class='ocrx_word' id='word_1_928' title='bbox 3193 5393 3258 5443; x_wconf 90' lang='grc' dir='ltr'>γε</span> <span class='ocrx_word' id='word_1_929' title='bbox 3284 5377 3380 5428; x_wconf 91' lang='grc' dir='ltr'>τοῦ</span> <span class='ocrx_word' id='word_1_930' title='bbox 3424 5376 3654 5438; x_wconf 82' lang='grc' dir='ltr'>σκοποῦ,</span> 
     </span>
    </p>
   </div>
   <div class='ocr_carea' id='block_1_114' title="bbox 2075 5467 3664 5540">
    <p class='ocr_par' dir='ltr' id='par_1_114' title="bbox 2075 5467 3664 5540">
     <span class='ocr_line' id='line_1_114' title="bbox 2075 5467 3664 5540; baseline -0.003 -17"><span class='ocrx_word' id='word_1_931' title='bbox 2075 5469 2257 5533; x_wconf 87' lang='grc' dir='ltr'>καλῶς</span> <span class='ocrx_word' id='word_1_932' title='bbox 2313 5473 2516 5524; x_wconf 74' lang='grc' dir='ltr'>οὑτωσὶ</span> <span class='ocrx_word' id='word_1_933' title='bbox 2572 5473 2666 5523; x_wconf 75' lang='grc' dir='ltr'>καὶ</span> <span class='ocrx_word' id='word_1_934' title='bbox 2707 5471 2905 5540; x_wconf 86' lang='grc' dir='ltr'>κρίνας</span> <span class='ocrx_word' id='word_1_935' title='bbox 2959 5473 3054 5522; x_wconf 79' lang='grc' dir='ltr'>καὶ</span> <span class='ocrx_word' id='word_1_936' title='bbox 3083 5468 3332 5538; x_wconf 72' lang='grc' dir='ltr'>δεηθείς*</span> <span class='ocrx_word' id='word_1_937' title='bbox 3393 5467 3529 5520; x_wconf 89' lang='grc' dir='ltr'>ἀλλά</span> <span class='ocrx_word' id='word_1_938' title='bbox 3566 5469 3664 5519; x_wconf 79' lang='grc' dir='ltr'>καὶ</span> 
     </span>
    </p>
   </div>
   <div class='ocr_carea' id='block_1_115' title="bbox 2070 5558 3661 5632">
    <p class='ocr_par' dir='ltr' id='par_1_115' title="bbox 2070 5558 3661 5632">
     <span class='ocr_line' id='line_1_115' title="bbox 2070 5558 3661 5632; baseline -0.003 -17"><span class='ocrx_word' id='word_1_939' title='bbox 2070 5561 2335 5631; x_wconf 90' lang='grc' dir='ltr'>τυγχάνει</span> <span class='ocrx_word' id='word_1_940' title='bbox 2363 5563 2510 5630; x_wconf 87' lang='grc' dir='ltr'>μάλα</span> <span class='ocrx_word' id='word_1_941' title='bbox 2539 5563 2774 5632; x_wconf 84' lang='grc' dir='ltr'>ταχέως,</span> <span class='ocrx_word' id='word_1_942' title='bbox 2810 5563 2905 5614; x_wconf 82' lang='grc' dir='ltr'>καὶ</span> <span class='ocrx_word' id='word_1_943' title='bbox 2931 5560 3031 5632; x_wconf 82' lang='grc' dir='ltr'>τὴν</span> <span class='ocrx_word' id='word_1_944' title='bbox 3081 5558 3382 5628; x_wconf 87' lang='grc' dir='ltr'>θεραπείαν</span> <span class='ocrx_word' id='word_1_945' title='bbox 3424 5559 3661 5626; x_wconf 82' lang='grc' dir='ltr'>κομισά-</span> 
     </span>
    </p>
   </div>
   <div class='ocr_carea' id='block_1_116' title="bbox 2075 5648 3656 5722">
    <p class='ocr_par' dir='ltr' id='par_1_116' title="bbox 2075 5648 3656 5722">
     <span class='ocr_line' id='line_1_116' title="bbox 2075 5648 3656 5722; baseline 0.001 -20"><span class='ocrx_word' id='word_1_946' title='bbox 2075 5665 2234 5722; x_wconf 85' lang='grc' dir='ltr'>μενος</span> <span class='ocrx_word' id='word_1_947' title='bbox 2257 5651 2333 5715; x_wconf 83' lang='grc' dir='ltr'>ὠς</span> <span class='ocrx_word' id='word_1_948' title='bbox 2363 5651 2570 5717; x_wconf 79' lang='grc' dir='ltr'>ἐπόθει,</span> <span class='ocrx_word' id='word_1_949' title='bbox 2593 5651 2797 5722; x_wconf 82' lang='grc' dir='ltr'>σπουδῇ</span> <span class='ocrx_word' id='word_1_950' title='bbox 2824 5650 2962 5718; x_wconf 85' lang='grc' dir='ltr'>πρὸς</span> <span class='ocrx_word' id='word_1_951' title='bbox 2977 5649 3106 5714; x_wconf 83' lang='grc' dir='ltr'>τοὺς</span> <span class='ocrx_word' id='word_1_952' title='bbox 3128 5648 3364 5709; x_wconf 87' lang='grc' dir='ltr'>οἰκείους</span> <span class='ocrx_word' id='word_1_953' title='bbox 3384 5650 3656 5704; x_wconf 77' lang='grc' dir='ltr'>ἐπάνεισι.</span> 
     </span>
    </p>
   </div>
   <div class='ocr_carea' id='block_1_117' title="bbox 2071 5741 3663 5814">
    <p class='ocr_par' dir='ltr' id='par_1_117' title="bbox 2071 5741 3663 5814">
     <span class='ocr_line' id='line_1_117' title="bbox 2071 5741 3663 5814; baseline -0.002 -17"><span class='ocrx_word' id='word_1_954' title='bbox 2071 5744 2184 5797; x_wconf 70' lang='grc' dir='ltr'>Καὶ</span> <span class='ocrx_word' id='word_1_955' title='bbox 2213 5742 2372 5814; x_wconf 74' lang='grc' dir='ltr'>δῆλον</span> <span class='ocrx_word' id='word_1_956' title='bbox 2404 5745 2650 5796; x_wconf 74' lang='grc' dir='ltr'>ἐκεῖθεν·</span> <span class='ocrx_word' id='word_1_957' title='bbox 2695 5743 2790 5809; x_wconf 90' lang='grc' dir='ltr'>Ἐξ</span> <span class='ocrx_word' id='word_1_958' title='bbox 2841 5741 3056 5795; x_wconf 75' lang='grc' dir='ltr'>ἐκείνου</span> <span class='ocrx_word' id='word_1_959' title='bbox 3110 5744 3202 5794; x_wconf 71' lang='grc' dir='ltr'>καὶ</span> <span class='ocrx_word' id='word_1_960' title='bbox 3250 5742 3381 5810; x_wconf 75' lang='grc' dir='ltr'>γὰρ,</span> <span class='ocrx_word' id='word_1_961' title='bbox 3416 5745 3606 5808; x_wconf 75' lang='grc' dir='ltr'>φησὶν,</span> <span class='ocrx_word' id='word_1_962' title='bbox 3634 5744 3663 5794; x_wconf 92' lang='lat'>6</span> 
     </span>
    </p>
   </div>
   <div class='ocr_carea' id='block_1_118' title="bbox 2073 5833 3660 5910">
    <p class='ocr_par' dir='ltr' id='par_1_118' title="bbox 2073 5833 3660 5910">
     <span class='ocr_line' id='line_1_118' title="bbox 2073 5833 3660 5910; baseline -0.004 -18"><span class='ocrx_word' id='word_1_963' title='bbox 2073 5838 2340 5910; x_wconf 87' lang='grc' dir='ltr'>πρότερος</span> <span class='ocrx_word' id='word_1_964' title='bbox 2372 5837 2539 5901; x_wconf 75' lang='grc' dir='ltr'>ἰαθεὶς</span> <span class='ocrx_word' id='word_1_965' title='bbox 2567 5838 2776 5899; x_wconf 78' lang='grc' dir='ltr'>ἐκεῖνος</span> <span class='ocrx_word' id='word_1_966' title='bbox 2801 5836 2900 5906; x_wconf 78' lang='grc' dir='ltr'>τὴν</span> <span class='ocrx_word' id='word_1_967' title='bbox 2931 5838 3115 5906; x_wconf 82' lang='grc' dir='ltr'>χεῖρα,</span> <span class='ocrx_word' id='word_1_968' title='bbox 3148 5833 3274 5889; x_wconf 86' lang='grc' dir='ltr'>καθ’</span> <span class='ocrx_word' id='word_1_969' title='bbox 3307 5835 3550 5904; x_wconf 77' lang='grc' dir='ltr'>ἑκάστην</span> <span class='ocrx_word' id='word_1_970' title='bbox 3582 5835 3660 5904; x_wconf 68' lang='grc' dir='ltr'>τις»</span> 
     </span>
    </p>
   </div>
  </div>
