  <div class='ocr_page' id='page_1' title='image "/cluster/home/n/w/nwhite01/storage/ocr_20150623/151:no.2/coo.31924054870567/338.png"; bbox 0 0 4082 6430; ppageno 0'>
   <div class='ocr_carea' id='block_1_1' title="bbox 401 458 509 522">
    <p class='ocr_par' dir='ltr' id='par_1_1' title="bbox 401 458 509 522">
     <span class='ocr_line' id='line_1_1' title="bbox 401 458 509 522; baseline 0 -1"><span class='ocrx_word' id='word_1_1' title='bbox 401 458 509 522; x_wconf 74' lang='lat'>657</span> 
     </span>
    </p>
   </div>
   <div class='ocr_carea' id='block_1_2' title="bbox 1452 461 2500 526">
    <p class='ocr_par' dir='ltr' id='par_1_2' title="bbox 1452 461 2500 526">
     <span class='ocr_line' id='line_1_2' title="bbox 1452 461 2500 526; baseline 0 -6"><span class='ocrx_word' id='word_1_2' title='bbox 1452 461 1865 526; x_wconf 71' lang='lat' dir='ltr'>ENCOMIUM</span> <span class='ocrx_word' id='word_1_3' title='bbox 1900 465 2121 525; x_wconf 81' lang='lat' dir='ltr'>AUCT.</span> <span class='ocrx_word' id='word_1_4' title='bbox 2165 461 2348 524; x_wconf 84' lang='lat' dir='ltr'>NILO</span> <span class='ocrx_word' id='word_1_5' title='bbox 2390 462 2500 521; x_wconf 73' lang='grc' dir='ltr'>ΟΡ.</span> 
     </span>
    </p>
   </div>
   <div class='ocr_carea' id='block_1_3' title="bbox 3557 459 3665 523">
    <p class='ocr_par' dir='ltr' id='par_1_3' title="bbox 3557 459 3665 523">
     <span class='ocr_line' id='line_1_3' title="bbox 3557 459 3665 523; baseline -0.019 0"><span class='ocrx_word' id='word_1_6' title='bbox 3557 459 3665 523; x_wconf 81' lang='lat'>658</span> 
     </span>
    </p>
   </div>
   <div class='ocr_carea' id='block_1_4' title="bbox 406 567 3669 645">
    <p class='ocr_par' dir='ltr' id='par_1_4' title="bbox 406 567 3669 645">
     <span class='ocr_line' id='line_1_4' title="bbox 406 567 3669 645; baseline 0.005 -25"><span class='ocrx_word' id='word_1_7' title='bbox 406 571 594 640; x_wconf 84' lang='grc' dir='ltr'>μέτρῳ</span> <span class='ocrx_word' id='word_1_8' title='bbox 622 569 732 623; x_wconf 86' lang='grc' dir='ltr'>τῶν</span> <span class='ocrx_word' id='word_1_9' title='bbox 772 571 892 625; x_wconf 89' lang='grc' dir='ltr'>κατ’</span> <span class='ocrx_word' id='word_1_10' title='bbox 920 571 1119 636; x_wconf 77' lang='grc' dir='ltr'>αὐτοὺς</span> <span class='ocrx_word' id='word_1_11' title='bbox 1159 574 1414 628; x_wconf 74' lang='grc' dir='ltr'>ἀπάντων</span> <span class='ocrx_word' id='word_1_12' title='bbox 1461 577 1830 645; x_wconf 76' lang='grc' dir='ltr'>διαφερόντων</span> <span class='ocrx_word' id='word_1_13' title='bbox 1865 595 1878 610; x_wconf 88' lang='grc'>·</span> <span class='ocrx_word' id='word_1_14' title='bbox 1911 578 1971 632; x_wconf 86' lang='grc' dir='ltr'>οὐ</span> <span class='ocrx_word' id='word_1_15' title='bbox 2015 583 2060 641; x_wconf 70' lang='grc' dir='ltr'>Α</span> <span class='ocrx_word' id='word_1_16' title='bbox 2092 577 2300 629; x_wconf 79' lang='grc' dir='ltr'>σάντων</span> <span class='ocrx_word' id='word_1_17' title='bbox 2329 574 2486 642; x_wconf 90' lang='grc' dir='ltr'>λόγον</span> <span class='ocrx_word' id='word_1_18' title='bbox 2518 575 2744 638; x_wconf 80' lang='grc' dir='ltr'>ποιοῖτο,</span> <span class='ocrx_word' id='word_1_19' title='bbox 2779 576 2870 627; x_wconf 67' lang='grc' dir='ltr'>καὶ</span> <span class='ocrx_word' id='word_1_20' title='bbox 2897 574 3102 628; x_wconf 86' lang='grc' dir='ltr'>τούτων</span> <span class='ocrx_word' id='word_1_21' title='bbox 3128 576 3226 643; x_wconf 74' lang='grc' dir='ltr'>τὴν</span> <span class='ocrx_word' id='word_1_22' title='bbox 3258 569 3414 638; x_wconf 74' lang='grc' dir='ltr'>ἀξίαν</span> <span class='ocrx_word' id='word_1_23' title='bbox 3449 572 3523 636; x_wconf 84' lang='grc' dir='ltr'>ὡς</span> <span class='ocrx_word' id='word_1_24' title='bbox 3554 567 3669 625; x_wconf 65' lang='grc' dir='ltr'>οἶόν</span> 
     </span>
    </p>
   </div>
   <div class='ocr_carea' id='block_1_5' title="bbox 407 659 1973 738">
    <p class='ocr_par' dir='ltr' id='par_1_5' title="bbox 407 659 1973 738">
     <span class='ocr_line' id='line_1_5' title="bbox 407 659 1973 738; baseline 0.008 -29"><span class='ocrx_word' id='word_1_25' title='bbox 407 659 564 728; x_wconf 85' lang='grc' dir='ltr'>μόνον</span> <span class='ocrx_word' id='word_1_26' title='bbox 598 661 706 730; x_wconf 81' lang='grc' dir='ltr'>γάρ</span> <span class='ocrx_word' id='word_1_27' title='bbox 744 662 864 714; x_wconf 86' lang='grc' dir='ltr'>τότε</span> <span class='ocrx_word' id='word_1_28' title='bbox 897 662 1242 730; x_wconf 84' lang='grc' dir='ltr'>φυλάξασθαι</span> <span class='ocrx_word' id='word_1_29' title='bbox 1273 666 1338 718; x_wconf 63' lang='grc' dir='ltr'>τά</span> <span class='ocrx_word' id='word_1_30' title='bbox 1379 668 1646 734; x_wconf 86' lang='grc' dir='ltr'>πρότερον</span> <span class='ocrx_word' id='word_1_31' title='bbox 1675 670 1973 738; x_wconf 79' lang='grc' dir='ltr'>εἰρημένα,</span> 
     </span>
    </p>
   </div>
   <div class='ocr_carea' id='block_1_6' title="bbox 402 751 1979 832">
    <p class='ocr_par' dir='ltr' id='par_1_6' title="bbox 402 751 1979 832">
     <span class='ocr_line' id='line_1_6' title="bbox 402 751 1979 832; baseline 0.01 -30"><span class='ocrx_word' id='word_1_32' title='bbox 402 751 463 803; x_wconf 86' lang='grc' dir='ltr'>τό</span> <span class='ocrx_word' id='word_1_33' title='bbox 487 752 534 803; x_wconf 77' lang='grc' dir='ltr'>θ’</span> <span class='ocrx_word' id='word_1_34' title='bbox 560 751 724 820; x_wconf 75' lang='grc' dir='ltr'>ἕτερα</span> <span class='ocrx_word' id='word_1_35' title='bbox 760 755 826 824; x_wconf 85' lang='grc' dir='ltr'>τῇ</span> <span class='ocrx_word' id='word_1_36' title='bbox 877 753 970 807; x_wconf 75' lang='grc' dir='ltr'>τοῦ</span> <span class='ocrx_word' id='word_1_37' title='bbox 1023 757 1449 826; x_wconf 87' lang='grc' dir='ltr'>εὐφημουμένου</span> <span class='ocrx_word' id='word_1_38' title='bbox 1501 760 1627 830; x_wconf 78' lang='grc' dir='ltr'>δόξῃ</span> <span class='ocrx_word' id='word_1_39' title='bbox 1663 763 1979 832; x_wconf 70' lang='grc' dir='ltr'>κατάλληλα</span> 
     </span>
    </p>
   </div>
   <div class='ocr_carea' id='block_1_7' title="bbox 404 843 1992 925">
    <p class='ocr_par' dir='ltr' id='par_1_7' title="bbox 404 843 1992 925">
     <span class='ocr_line' id='line_1_7' title="bbox 404 843 1992 925; baseline 0.01 -31"><span class='ocrx_word' id='word_1_40' title='bbox 404 843 665 913; x_wconf 78' lang='grc' dir='ltr'>ἐξευρεῖν.</span> <span class='ocrx_word' id='word_1_41' title='bbox 695 845 891 917; x_wconf 82' lang='grc' dir='ltr'>διπλῆν</span> <span class='ocrx_word' id='word_1_42' title='bbox 923 847 1072 917; x_wconf 85' lang='grc' dir='ltr'>αὐτῷ</span> <span class='ocrx_word' id='word_1_43' title='bbox 1103 853 1516 918; x_wconf 73' lang='grc' dir='ltr'>παρασκευάζει</span> <span class='ocrx_word' id='word_1_44' title='bbox 1557 855 1654 925; x_wconf 83' lang='grc' dir='ltr'>τὴν</span> <span class='ocrx_word' id='word_1_45' title='bbox 1709 843 1992 924; x_wconf 85' lang='grc' dir='ltr'>ἀγωνίαν,</span> 
     </span>
    </p>
   </div>
   <div class='ocr_carea' id='block_1_8' title="bbox 401 935 1983 1017">
    <p class='ocr_par' dir='ltr' id='par_1_8' title="bbox 401 935 1983 1017">
     <span class='ocr_line' id='line_1_8' title="bbox 401 935 1983 1017; baseline 0.01 -30"><span class='ocrx_word' id='word_1_46' title='bbox 401 935 517 988; x_wconf 72' lang='grc' dir='ltr'>ἀλλ’</span> <span class='ocrx_word' id='word_1_47' title='bbox 547 937 628 988; x_wconf 84' lang='grc' dir='ltr'>ὅτι</span> <span class='ocrx_word' id='word_1_48' title='bbox 658 939 753 990; x_wconf 87' lang='grc' dir='ltr'>κα¹ι</span> <span class='ocrx_word' id='word_1_49' title='bbox 772 939 873 1007; x_wconf 84' lang='grc' dir='ltr'>τὴν</span> <span class='ocrx_word' id='word_1_50' title='bbox 902 940 1110 994; x_wconf 89' lang='grc' dir='ltr'>οίκείαν</span> <span class='ocrx_word' id='word_1_51' title='bbox 1143 946 1272 1013; x_wconf 73' lang='grc' dir='ltr'>περὶ</span> <span class='ocrx_word' id='word_1_52' title='bbox 1301 944 1494 1010; x_wconf 83' lang='grc' dir='ltr'>λόγους</span> <span class='ocrx_word' id='word_1_53' title='bbox 1521 947 1752 1017; x_wconf 87' lang='grc' dir='ltr'>δύναμίν</span> <span class='ocrx_word' id='word_1_54' title='bbox 1783 966 1842 1001; x_wconf 90' lang='grc' dir='ltr'>τε</span> <span class='ocrx_word' id='word_1_55' title='bbox 1885 952 1983 1003; x_wconf 67' lang='grc' dir='ltr'>καλ⁸</span> 
     </span>
    </p>
   </div>
   <div class='ocr_carea' id='block_1_9' title="bbox 401 1025 1981 1104">
    <p class='ocr_par' dir='ltr' id='par_1_9' title="bbox 401 1025 1981 1104">
     <span class='ocr_line' id='line_1_9' title="bbox 401 1025 1981 1104; baseline 0.009 -26"><span class='ocrx_word' id='word_1_56' title='bbox 401 1025 559 1091; x_wconf 76' lang='grc' dir='ltr'>δόξαν</span> <span class='ocrx_word' id='word_1_57' title='bbox 598 1028 777 1095; x_wconf 82' lang='grc' dir='ltr'>πολλῷ</span> <span class='ocrx_word' id='word_1_58' title='bbox 823 1031 930 1083; x_wconf 85' lang='grc' dir='ltr'>τῶν</span> <span class='ocrx_word' id='word_1_59' title='bbox 971 1038 1384 1104; x_wconf 81' lang='grc' dir='ltr'>προειρηκὸτων</span> <span class='ocrx_word' id='word_1_60' title='bbox 1431 1038 1770 1092; x_wconf 68' lang='grc' dir='ltr'>ἀποδέουσαν</span> <span class='ocrx_word' id='word_1_61' title='bbox 1822 1058 1981 1094; x_wconf 88' lang='grc' dir='ltr'>συνο-</span> 
     </span>
    </p>
   </div>
   <div class='ocr_carea' id='block_1_10' title="bbox 407 1119 1980 1203">
    <p class='ocr_par' dir='ltr' id='par_1_10' title="bbox 407 1119 1980 1203">
     <span class='ocr_line' id='line_1_10' title="bbox 407 1119 1980 1203; baseline 0.013 -36"><span class='ocrx_word' id='word_1_62' title='bbox 407 1119 537 1186; x_wconf 84' lang='grc' dir='ltr'>ρῶν,</span> <span class='ocrx_word' id='word_1_63' title='bbox 563 1119 625 1170; x_wconf 90' lang='grc' dir='ltr'>οὐ</span> <span class='ocrx_word' id='word_1_64' title='bbox 649 1121 855 1189; x_wconf 74' lang='grc' dir='ltr'>σφόδρα</span> <span class='ocrx_word' id='word_1_65' title='bbox 893 1124 1209 1194; x_wconf 74' lang='grc' dir='ltr'>προθύμως,</span> <span class='ocrx_word' id='word_1_66' title='bbox 1234 1128 1347 1180; x_wconf 78' lang='grc' dir='ltr'>οὐδ’</span> <span class='ocrx_word' id='word_1_67' title='bbox 1384 1131 1805 1198; x_wconf 83' lang='grc' dir='ltr'>ἐνακμάζουσαν</span> <span class='ocrx_word' id='word_1_68' title='bbox 1839 1134 1980 1203; x_wconf 78' lang='grc' dir='ltr'>ἔχων</span> 
     </span>
    </p>
   </div>
   <div class='ocr_carea' id='block_1_11' title="bbox 404 1210 1977 1294">
    <p class='ocr_par' dir='ltr' id='par_1_11' title="bbox 404 1210 1977 1294">
     <span class='ocr_line' id='line_1_11' title="bbox 404 1210 1977 1294; baseline 0.011 -33"><span class='ocrx_word' id='word_1_69' title='bbox 404 1210 528 1280; x_wconf 72' lang='grc' dir='ltr'>περὶ</span> <span class='ocrx_word' id='word_1_70' title='bbox 555 1211 649 1264; x_wconf 82' lang='grc' dir='ltr'>τοῦ</span> <span class='ocrx_word' id='word_1_71' title='bbox 679 1211 840 1280; x_wconf 87' lang='grc' dir='ltr'>λόγου</span> <span class='ocrx_word' id='word_1_72' title='bbox 871 1215 972 1284; x_wconf 78' lang='grc' dir='ltr'>τὴν</span> <span class='ocrx_word' id='word_1_73' title='bbox 1001 1217 1267 1288; x_wconf 69' lang='grc' dir='ltr'>ἐργασίαν</span> <span class='ocrx_word' id='word_1_74' title='bbox 1309 1220 1406 1290; x_wconf 81' lang='grc' dir='ltr'>τὴν</span> <span class='ocrx_word' id='word_1_75' title='bbox 1435 1220 1646 1288; x_wconf 79' lang='grc' dir='ltr'>ἔφεσιν,</span> <span class='ocrx_word' id='word_1_76' title='bbox 1698 1226 1977 1294; x_wconf 75' lang='grc' dir='ltr'>προσθάλο</span> 
     </span>
    </p>
   </div>
   <div class='ocr_carea' id='block_1_12' title="bbox 402 1305 1976 1389">
    <p class='ocr_par' dir='ltr' id='par_1_12' title="bbox 402 1305 1976 1389">
     <span class='ocr_line' id='line_1_12' title="bbox 402 1305 1976 1389; baseline 0.011 -33"><span class='ocrx_word' id='word_1_77' title='bbox 402 1305 622 1386; x_wconf 31' lang='grc' dir='ltr'>λειιτοῖς</span> <span class='ocrx_word' id='word_1_78' title='bbox 645 1309 1049 1379; x_wconf 77' lang='grc' dir='ltr'>προκειμένοις,</span> <span class='ocrx_word' id='word_1_79' title='bbox 1094 1312 1622 1384; x_wconf 77' lang='grc' dir='ltr'>ἀπομαραινομένης</span> <span class='ocrx_word' id='word_1_80' title='bbox 1661 1314 1773 1372; x_wconf 72' lang='grc' dir='ltr'>οἷον</span> <span class='ocrx_word' id='word_1_81' title='bbox 1827 1321 1976 1389; x_wconf 86' lang='grc' dir='ltr'>αὐτῷ</span> 
     </span>
    </p>
   </div>
   <div class='ocr_carea' id='block_1_13' title="bbox 403 1395 1980 1473">
    <p class='ocr_par' dir='ltr' id='par_1_13' title="bbox 403 1395 1980 1473">
     <span class='ocr_line' id='line_1_13' title="bbox 403 1395 1980 1473; baseline 0.013 -27"><span class='ocrx_word' id='word_1_82' title='bbox 403 1395 500 1462; x_wconf 87' lang='grc' dir='ltr'>τῆς</span> <span class='ocrx_word' id='word_1_83' title='bbox 523 1395 702 1466; x_wconf 80' lang='grc' dir='ltr'>ὁρμῆς</span> <span class='ocrx_word' id='word_1_84' title='bbox 729 1397 791 1450; x_wconf 85' lang='grc' dir='ltr'>τδ</span> <span class='ocrx_word' id='word_1_85' title='bbox 820 1400 1023 1468; x_wconf 84' lang='grc' dir='ltr'>σφόδρα</span> <span class='ocrx_word' id='word_1_86' title='bbox 1061 1403 1250 1472; x_wconf 85' lang='grc' dir='ltr'>σαφῶς</span> <span class='ocrx_word' id='word_1_87' title='bbox 1284 1405 1508 1473; x_wconf 76' lang='grc' dir='ltr'>εἰδέναι,</span> <span class='ocrx_word' id='word_1_88' title='bbox 1533 1409 1611 1471; x_wconf 83' lang='grc' dir='ltr'>ὡς</span> <span class='ocrx_word' id='word_1_89' title='bbox 1641 1409 1792 1464; x_wconf 82' lang='grc' dir='ltr'>οὐδὲν</span> <span class='ocrx_word' id='word_1_90' title='bbox 1822 1412 1980 1466; x_wconf 76' lang='grc' dir='ltr'>ἔσται</span> 
     </span>
    </p>
   </div>
   <div class='ocr_carea' id='block_1_14' title="bbox 401 1486 1980 1573">
    <p class='ocr_par' dir='ltr' id='par_1_14' title="bbox 401 1486 1980 1573">
     <span class='ocr_line' id='line_1_14' title="bbox 401 1486 1980 1573; baseline 0.016 -37"><span class='ocrx_word' id='word_1_91' title='bbox 401 1486 567 1541; x_wconf 82' lang='grc' dir='ltr'>πλέον</span> <span class='ocrx_word' id='word_1_92' title='bbox 598 1489 750 1559; x_wconf 86' lang='grc' dir='ltr'>αὐτῷ</span> <span class='ocrx_word' id='word_1_93' title='bbox 782 1490 904 1544; x_wconf 90' lang='grc' dir='ltr'>λίαν</span> <span class='ocrx_word' id='word_1_94' title='bbox 938 1495 1370 1565; x_wconf 78' lang='grc' dir='ltr'>προθυμηθέντι,</span> <span class='ocrx_word' id='word_1_95' title='bbox 1415 1499 1532 1554; x_wconf 86' lang='grc' dir='ltr'>ἀλλ’</span> <span class='ocrx_word' id='word_1_96' title='bbox 1573 1503 1790 1573; x_wconf 85' lang='grc' dir='ltr'>ἀνάγκη</span> <span class='ocrx_word' id='word_1_97' title='bbox 1827 1509 1980 1560; x_wconf 78' lang='grc' dir='ltr'>πᾶσα</span> 
     </span>
    </p>
   </div>
   <div class='ocr_carea' id='block_1_15' title="bbox 408 1579 1982 1672">
    <p class='ocr_par' dir='ltr' id='par_1_15' title="bbox 408 1579 1982 1672">
     <span class='ocr_line' id='line_1_15' title="bbox 408 1579 1982 1672; baseline 0.016 -42"><span class='ocrx_word' id='word_1_98' title='bbox 408 1579 515 1631; x_wconf 84' lang='grc' dir='ltr'>τῶν</span> <span class='ocrx_word' id='word_1_99' title='bbox 550 1580 876 1648; x_wconf 75' lang='grc' dir='ltr'>φθασάντων</span> <span class='ocrx_word' id='word_1_100' title='bbox 914 1585 1088 1639; x_wconf 83' lang='grc' dir='ltr'>ἐλθεῖν</span> <span class='ocrx_word' id='word_1_101' title='bbox 1119 1590 1369 1654; x_wconf 79' lang='grc' dir='ltr'>κατόπιν,</span> <span class='ocrx_word' id='word_1_102' title='bbox 1398 1595 1492 1648; x_wconf 73' lang='grc' dir='ltr'>καὶ</span> <span class='ocrx_word' id='word_1_103' title='bbox 1514 1595 1614 1666; x_wconf 86' lang='grc' dir='ltr'>τὴν</span> <span class='ocrx_word' id='word_1_104' title='bbox 1642 1592 1816 1671; x_wconf 76' lang='grc' dir='ltr'>ἧτταν</span> <span class='ocrx_word' id='word_1_105' title='bbox 1849 1620 1982 1672; x_wconf 71' lang='grc' dir='ltr'>προσ</span> 
     </span>
    </p>
   </div>
   <div class='ocr_carea' id='block_1_16' title="bbox 411 1671 1980 1756">
    <p class='ocr_par' dir='ltr' id='par_1_16' title="bbox 411 1671 1980 1756">
     <span class='ocr_line' id='line_1_16' title="bbox 411 1671 1980 1756; baseline 0.016 -35"><span class='ocrx_word' id='word_1_106' title='bbox 411 1671 594 1738; x_wconf 83' lang='grc' dir='ltr'>φανῶς</span> <span class='ocrx_word' id='word_1_107' title='bbox 641 1675 908 1740; x_wconf 79' lang='grc' dir='ltr'>ἐνεγκεῖν.</span> <span class='ocrx_word' id='word_1_108' title='bbox 955 1677 1029 1731; x_wconf 85' lang='grc' dir='ltr'>Οὐ</span> <span class='ocrx_word' id='word_1_109' title='bbox 1067 1681 1175 1750; x_wconf 80' lang='grc' dir='ltr'>μὴν</span> <span class='ocrx_word' id='word_1_110' title='bbox 1223 1683 1340 1736; x_wconf 84' lang='grc' dir='ltr'>ἀλλ’</span> <span class='ocrx_word' id='word_1_111' title='bbox 1382 1686 1517 1740; x_wconf 89' lang='grc' dir='ltr'>αὐτό</span> <span class='ocrx_word' id='word_1_112' title='bbox 1555 1704 1618 1756; x_wconf 91' lang='grc' dir='ltr'>γε</span> <span class='ocrx_word' id='word_1_113' title='bbox 1657 1690 1815 1744; x_wconf 78' lang='grc' dir='ltr'>τοῦτό</span> <span class='ocrx_word' id='word_1_114' title='bbox 1861 1671 1980 1746; x_wconf 83' lang='grc' dir='ltr'>ἐστι</span> 
     </span>
    </p>
   </div>
   <div class='ocr_carea' id='block_1_17' title="bbox 411 1763 1979 1855">
    <p class='ocr_par' dir='ltr' id='par_1_17' title="bbox 411 1763 1979 1855">
     <span class='ocr_line' id='line_1_17' title="bbox 411 1763 1979 1855; baseline 0.017 -42"><span class='ocrx_word' id='word_1_115' title='bbox 411 1763 589 1815; x_wconf 76' lang='grc' dir='ltr'>καὶτὸ</span> <span class='ocrx_word' id='word_1_116' title='bbox 631 1765 870 1833; x_wconf 87' lang='grc' dir='ltr'>μάλιστά</span> <span class='ocrx_word' id='word_1_117' title='bbox 916 1786 1005 1837; x_wconf 90' lang='grc' dir='ltr'>μοι</span> <span class='ocrx_word' id='word_1_118' title='bbox 1039 1772 1131 1824; x_wconf 80' lang='grc' dir='ltr'>τὸν</span> <span class='ocrx_word' id='word_1_119' title='bbox 1187 1773 1345 1838; x_wconf 84' lang='grc' dir='ltr'>λόγον</span> <span class='ocrx_word' id='word_1_120' title='bbox 1397 1781 1720 1849; x_wconf 85' lang='grc' dir='ltr'>πεποιηκὸς,</span> <span class='ocrx_word' id='word_1_121' title='bbox 1775 1783 1859 1837; x_wconf 83' lang='grc' dir='ltr'>ὅτι</span> <span class='ocrx_word' id='word_1_122' title='bbox 1904 1786 1979 1855; x_wconf 81' lang='grc' dir='ltr'>μὴ</span> 
     </span>
    </p>
   </div>
   <div class='ocr_carea' id='block_1_18' title="bbox 399 1857 1978 1945">
    <p class='ocr_par' dir='ltr' id='par_1_18' title="bbox 399 1857 1978 1945">
     <span class='ocr_line' id='line_1_18' title="bbox 399 1857 1978 1945; baseline 0.018 -40"><span class='ocrx_word' id='word_1_123' title='bbox 399 1857 526 1923; x_wconf 70' lang='grc' dir='ltr'>περὶ</span> <span class='ocrx_word' id='word_1_124' title='bbox 559 1858 802 1928; x_wconf 77' lang='grc' dir='ltr'>μεγάλης</span> <span class='ocrx_word' id='word_1_125' title='bbox 841 1863 1024 1929; x_wconf 88' lang='grc' dir='ltr'>μόνον.</span> <span class='ocrx_word' id='word_1_126' title='bbox 1077 1865 1216 1920; x_wconf 89' lang='grc' dir='ltr'>ἀλλά</span> <span class='ocrx_word' id='word_1_127' title='bbox 1273 1885 1335 1935; x_wconf 88' lang='grc' dir='ltr'>γε</span> <span class='ocrx_word' id='word_1_128' title='bbox 1389 1873 1484 1923; x_wconf 76' lang='grc' dir='ltr'>καὶ</span> <span class='ocrx_word' id='word_1_129' title='bbox 1534 1874 1669 1944; x_wconf 81' lang='grc' dir='ltr'>πρὸς</span> <span class='ocrx_word' id='word_1_130' title='bbox 1702 1877 1978 1945; x_wconf 80' lang='grc' dir='ltr'>μεγάλους</span> 
     </span>
    </p>
   </div>
   <div class='ocr_carea' id='block_1_19' title="bbox 400 1946 1975 2033">
    <p class='ocr_par' dir='ltr' id='par_1_19' title="bbox 400 1946 1975 2033">
     <span class='ocr_line' id='line_1_19' title="bbox 400 1946 1975 2033; baseline 0.018 -39"><span class='ocrx_word' id='word_1_131' title='bbox 400 1946 530 2012; x_wconf 75' lang='grc' dir='ltr'>ἡμῖν</span> <span class='ocrx_word' id='word_1_132' title='bbox 559 1948 590 2015; x_wconf 80' lang='grc' dir='ltr'><strong>ἠ</strong></span> <span class='ocrx_word' id='word_1_133' title='bbox 620 1946 843 2014; x_wconf 77' lang='grc' dir='ltr'>ἅμιλλα,</span> <span class='ocrx_word' id='word_1_134' title='bbox 873 1951 933 2003; x_wconf 92' lang='grc' dir='ltr'>οὐ</span> <span class='ocrx_word' id='word_1_135' title='bbox 965 1953 1025 2005; x_wconf 80' lang='grc' dir='ltr'>τὸ</span> <span class='ocrx_word' id='word_1_136' title='bbox 1055 1955 1193 2024; x_wconf 78' lang='grc' dir='ltr'>πρὸς</span> <span class='ocrx_word' id='word_1_137' title='bbox 1221 1956 1552 2028; x_wconf 79' lang='grc' dir='ltr'>ἀμφοτέρων</span> <span class='ocrx_word' id='word_1_138' title='bbox 1589 1965 1690 2033; x_wconf 77' lang='grc' dir='ltr'>τὴν</span> <span class='ocrx_word' id='word_1_139' title='bbox 1725 1967 1975 2030; x_wconf 78' lang='grc' dir='ltr'>εὐδοξίαν</span> 
     </span>
    </p>
   </div>
   <div class='ocr_carea' id='block_1_20' title="bbox 399 2034 1977 2118">
    <p class='ocr_par' dir='ltr' id='par_1_20' title="bbox 399 2034 1977 2118">
     <span class='ocr_line' id='line_1_20' title="bbox 399 2034 1977 2118; baseline 0.019 -32"><span class='ocrx_word' id='word_1_140' title='bbox 399 2034 664 2090; x_wconf 85' lang='grc' dir='ltr'>δύνασθαι</span> <span class='ocrx_word' id='word_1_141' title='bbox 722 2040 1035 2108; x_wconf 77' lang='grc' dir='ltr'>λογίζεσθαι</span> <span class='ocrx_word' id='word_1_142' title='bbox 1088 2046 1196 2099; x_wconf 87' lang='grc' dir='ltr'>τῶν</span> <span class='ocrx_word' id='word_1_143' title='bbox 1249 2047 1425 2118; x_wconf 90' lang='grc' dir='ltr'>λόγων</span> <span class='ocrx_word' id='word_1_144' title='bbox 1487 2055 1977 2115; x_wconf 80' lang='grc' dir='ltr'>ἀντικαθίστασθαι</span> 
     </span>
    </p>
   </div>
   <div class='ocr_carea' id='block_1_21' title="bbox 397 2129 1976 2219">
    <p class='ocr_par' dir='ltr' id='par_1_21' title="bbox 397 2129 1976 2219">
     <span class='ocr_line' id='line_1_21' title="bbox 397 2129 1976 2219; baseline 0.02 -43"><span class='ocrx_word' id='word_1_145' title='bbox 397 2129 463 2197; x_wconf 80' lang='grc' dir='ltr'>τῇ</span> <span class='ocrx_word' id='word_1_146' title='bbox 492 2129 744 2198; x_wconf 83' lang='grc' dir='ltr'>δυνάμει,</span> <span class='ocrx_word' id='word_1_147' title='bbox 777 2133 894 2186; x_wconf 74' lang='grc' dir='ltr'>ἀλλ’</span> <span class='ocrx_word' id='word_1_148' title='bbox 941 2135 1024 2188; x_wconf 83' lang='grc' dir='ltr'>ὅτι</span> <span class='ocrx_word' id='word_1_149' title='bbox 1079 2141 1416 2211; x_wconf 77' lang='grc' dir='ltr'>παραίτησις</span> <span class='ocrx_word' id='word_1_150' title='bbox 1460 2145 1596 2214; x_wconf 76' lang='grc' dir='ltr'>ἡμῖν</span> <span class='ocrx_word' id='word_1_151' title='bbox 1654 2151 1688 2219; x_wconf 88' lang='grc' dir='ltr'>ή</span> <span class='ocrx_word' id='word_1_152' title='bbox 1747 2151 1976 2206; x_wconf 77' lang='grc' dir='ltr'>ἐκείνων</span> 
     </span>
    </p>
   </div>
   <div class='ocr_carea' id='block_1_22' title="bbox 397 2219 1978 2314">
    <p class='ocr_par' dir='ltr' id='par_1_22' title="bbox 397 2219 1978 2314">
     <span class='ocr_line' id='line_1_22' title="bbox 397 2219 1978 2314; baseline 0.019 -44"><span class='ocrx_word' id='word_1_153' title='bbox 397 2219 524 2314; x_wconf 79' lang='grc' dir='ltr'>δόξα</span> <span class='ocrx_word' id='word_1_154' title='bbox 559 2225 696 2291; x_wconf 88' lang='grc' dir='ltr'>πρὸς</span> <span class='ocrx_word' id='word_1_155' title='bbox 725 2225 825 2294; x_wconf 80' lang='grc' dir='ltr'>τὴν</span> <span class='ocrx_word' id='word_1_156' title='bbox 868 2220 1044 2298; x_wconf 70' lang='grc' dir='ltr'>⁴ἧτταν</span> <span class='ocrx_word' id='word_1_157' title='bbox 1092 2230 1154 2283; x_wconf 91' lang='grc' dir='ltr'>οὐ</span> <span class='ocrx_word' id='word_1_158' title='bbox 1213 2234 1394 2306; x_wconf 82' lang='grc' dir='ltr'>φαύλη</span> <span class='ocrx_word' id='word_1_159' title='bbox 1456 2239 1592 2308; x_wconf 87' lang='grc' dir='ltr'>παρ’</span> <span class='ocrx_word' id='word_1_160' title='bbox 1635 2242 1978 2314; x_wconf 86' lang='grc' dir='ltr'>εὐγνώμοσιν</span> 
     </span>
    </p>
   </div>
   <div class='ocr_carea' id='block_1_23' title="bbox 397 2312 1976 2406">
    <p class='ocr_par' dir='ltr' id='par_1_23' title="bbox 397 2312 1976 2406">
     <span class='ocr_line' id='line_1_23' title="bbox 397 2312 1976 2406; baseline 0.016 -41"><span class='ocrx_word' id='word_1_161' title='bbox 397 2312 554 2406; x_wconf 76' lang='grc' dir='ltr'>ἔσται</span> <span class='ocrx_word' id='word_1_162' title='bbox 588 2319 823 2406; x_wconf 89' lang='grc' dir='ltr'>κριταῖς,</span> <span class='ocrx_word' id='word_1_163' title='bbox 847 2320 910 2373; x_wconf 83' lang='grc' dir='ltr'>οὐ</span> <span class='ocrx_word' id='word_1_164' title='bbox 954 2321 1016 2375; x_wconf 87' lang='grc' dir='ltr'>τδ</span> <span class='ocrx_word' id='word_1_165' title='bbox 1050 2325 1187 2394; x_wconf 77' lang='grc' dir='ltr'>πρὸς</span> <span class='ocrx_word' id='word_1_166' title='bbox 1226 2327 1383 2392; x_wconf 80' lang='grc' dir='ltr'>ἀξίαν</span> <span class='ocrx_word' id='word_1_167' title='bbox 1430 2332 1558 2399; x_wconf 77' lang='grc' dir='ltr'>περὶ</span> <span class='ocrx_word' id='word_1_168' title='bbox 1605 2334 1715 2386; x_wconf 89' lang='grc' dir='ltr'>τῶν</span> <span class='ocrx_word' id='word_1_169' title='bbox 1763 2312 1976 2406; x_wconf 82' lang='grc' dir='ltr'>θαυμα-</span> 
     </span>
    </p>
   </div>
   <div class='ocr_carea' id='block_1_24' title="bbox 401 2402 1974 2495">
    <p class='ocr_par' dir='ltr' id='par_1_24' title="bbox 401 2402 1974 2495">
     <span class='ocr_line' id='line_1_24' title="bbox 401 2402 1974 2495; baseline 0.018 -42"><span class='ocrx_word' id='word_1_170' title='bbox 401 2402 554 2465; x_wconf 84' lang='grc' dir='ltr'>σίων,</span> <span class='ocrx_word' id='word_1_171' title='bbox 590 2405 726 2460; x_wconf 88' lang='grc' dir='ltr'>άλλά</span> <span class='ocrx_word' id='word_1_172' title='bbox 755 2408 814 2462; x_wconf 77' lang='grc' dir='ltr'>τὸ</span> <span class='ocrx_word' id='word_1_173' title='bbox 842 2410 1018 2480; x_wconf 88' lang='grc' dir='ltr'>μικρά</span> <span class='ocrx_word' id='word_1_174' title='bbox 1045 2416 1176 2484; x_wconf 74' lang='grc' dir='ltr'>περὶ</span> <span class='ocrx_word' id='word_1_175' title='bbox 1205 2419 1464 2472; x_wconf 79' lang='grc' dir='ltr'>τοιούτων</span> <span class='ocrx_word' id='word_1_176' title='bbox 1498 2423 1697 2489; x_wconf 86' lang='grc' dir='ltr'>εἰπεῖν,</span> <span class='ocrx_word' id='word_1_177' title='bbox 1727 2402 1974 2495; x_wconf 84' lang='grc' dir='ltr'>κρίνουσι</span> 
     </span>
    </p>
   </div>
   <div class='ocr_carea' id='block_1_25' title="bbox 401 2771 1972 2865">
    <p class='ocr_par' dir='ltr' id='par_1_25' title="bbox 401 2771 1972 2865">
     <span class='ocr_line' id='line_1_25' title="bbox 401 2771 1972 2865; baseline 0.017 -44"><span class='ocrx_word' id='word_1_178' title='bbox 401 2771 522 2838; x_wconf 83' lang='grc' dir='ltr'>μὲν,</span> <span class='ocrx_word' id='word_1_179' title='bbox 569 2775 675 2828; x_wconf 79' lang='grc' dir='ltr'>κᾶν</span> <span class='ocrx_word' id='word_1_180' title='bbox 723 2779 938 2846; x_wconf 90' lang='grc' dir='ltr'>μεγάλα</span> <span class='ocrx_word' id='word_1_181' title='bbox 978 2784 1100 2836; x_wconf 85' lang='grc' dir='ltr'>τινά</span> <span class='ocrx_word' id='word_1_182' title='bbox 1156 2787 1290 2856; x_wconf 75' lang='grc' dir='ltr'>περὶ</span> <span class='ocrx_word' id='word_1_183' title='bbox 1345 2789 1559 2857; x_wconf 85' lang='grc' dir='ltr'>μικρῶν</span> <span class='ocrx_word' id='word_1_184' title='bbox 1613 2790 1838 2859; x_wconf 85' lang='grc' dir='ltr'>λέγωσι,</span> <span class='ocrx_word' id='word_1_185' title='bbox 1871 2795 1972 2865; x_wconf 82' lang='grc' dir='ltr'>τὴν</span> 
     </span>
    </p>
   </div>
   <div class='ocr_carea' id='block_1_26' title="bbox 396 2864 1974 2954">
    <p class='ocr_par' dir='ltr' id='par_1_26' title="bbox 396 2864 1974 2954">
     <span class='ocr_line' id='line_1_26' title="bbox 396 2864 1974 2954; baseline 0.018 -39"><span class='ocrx_word' id='word_1_186' title='bbox 396 2864 610 2935; x_wconf 78' lang='grc' dir='ltr'>μέμψιν</span> <span class='ocrx_word' id='word_1_187' title='bbox 664 2869 739 2940; x_wconf 78' lang='grc' dir='ltr'>μὴ</span> <span class='ocrx_word' id='word_1_188' title='bbox 793 2871 1152 2944; x_wconf 79' lang='grc' dir='ltr'>διαφεύγειν·</span> <span class='ocrx_word' id='word_1_189' title='bbox 1184 2880 1336 2948; x_wconf 76' lang='grc' dir='ltr'>ἡμᾶς</span> <span class='ocrx_word' id='word_1_190' title='bbox 1389 2882 1467 2948; x_wconf 82' lang='grc' dir='ltr'>δὲ,</span> <span class='ocrx_word' id='word_1_191' title='bbox 1529 2883 1635 2938; x_wconf 82' lang='grc' dir='ltr'>κᾶν</span> <span class='ocrx_word' id='word_1_192' title='bbox 1688 2889 1816 2954; x_wconf 76' lang='grc' dir='ltr'>περὶ</span> <span class='ocrx_word' id='word_1_193' title='bbox 1865 2864 1974 2942; x_wconf 87' lang='grc' dir='ltr'>τῶν</span> 
     </span>
    </p>
   </div>
   <div class='ocr_carea' id='block_1_27' title="bbox 397 2955 1969 3045">
    <p class='ocr_par' dir='ltr' id='par_1_27' title="bbox 397 2955 1969 3045">
     <span class='ocr_line' id='line_1_27' title="bbox 397 2955 1969 3045; baseline 0.018 -39"><span class='ocrx_word' id='word_1_194' title='bbox 397 2955 776 3026; x_wconf 81' lang='grc' dir='ltr'>ὑπερεχόντων</span> <span class='ocrx_word' id='word_1_195' title='bbox 837 2962 1133 3037; x_wconf 88' lang='grc' dir='ltr'>σύμμετρα</span> <span class='ocrx_word' id='word_1_196' title='bbox 1173 2973 1502 3040; x_wconf 84' lang='grc' dir='ltr'>φαινοίμεθα</span> <span class='ocrx_word' id='word_1_197' title='bbox 1539 2976 1827 3045; x_wconf 79' lang='grc' dir='ltr'>λέγοντες,</span> <span class='ocrx_word' id='word_1_198' title='bbox 1863 2984 1969 3034; x_wconf 87' lang='grc' dir='ltr'>πά-</span> 
     </span>
    </p>
   </div>
   <div class='ocr_carea' id='block_1_28' title="bbox 395 3049 1972 3142">
    <p class='ocr_par' dir='ltr' id='par_1_28' title="bbox 395 3049 1972 3142">
     <span class='ocr_line' id='line_1_28' title="bbox 395 3049 1972 3142; baseline 0.017 -44"><span class='ocrx_word' id='word_1_199' title='bbox 395 3063 499 3115; x_wconf 86' lang='grc' dir='ltr'>σης</span> <span class='ocrx_word' id='word_1_200' title='bbox 523 3049 890 3108; x_wconf 82' lang='grc' dir='ltr'>ἀπολελύσθαι</span> <span class='ocrx_word' id='word_1_201' title='bbox 933 3060 1174 3128; x_wconf 86' lang='grc' dir='ltr'>γραφῆς·</span> <span class='ocrx_word' id='word_1_202' title='bbox 1207 3062 1268 3114; x_wconf 90' lang='grc' dir='ltr'>οὐ</span> <span class='ocrx_word' id='word_1_203' title='bbox 1313 3065 1485 3137; x_wconf 84' lang='grc' dir='ltr'>ταύτῃ</span> <span class='ocrx_word' id='word_1_204' title='bbox 1515 3067 1572 3120; x_wconf 87' lang='grc' dir='ltr'>δὲ</span> <span class='ocrx_word' id='word_1_205' title='bbox 1611 3070 1793 3137; x_wconf 86' lang='grc' dir='ltr'>μόνον,</span> <span class='ocrx_word' id='word_1_206' title='bbox 1834 3072 1972 3142; x_wconf 85' lang='grc' dir='ltr'>ὅπερ</span> 
     </span>
    </p>
   </div>
   <div class='ocr_carea' id='block_1_29' title="bbox 395 3139 1970 3234">
    <p class='ocr_par' dir='ltr' id='par_1_29' title="bbox 395 3139 1970 3234">
     <span class='ocr_line' id='line_1_29' title="bbox 395 3139 1970 3234; baseline 0.017 -43"><span class='ocrx_word' id='word_1_207' title='bbox 395 3139 629 3234; x_wconf 73' lang='grc' dir='ltr'>ἔφημεν,</span> <span class='ocrx_word' id='word_1_208' title='bbox 661 3145 941 3214; x_wconf 81' lang='grc' dir='ltr'>περίεστιν</span> <span class='ocrx_word' id='word_1_209' title='bbox 965 3151 1094 3220; x_wconf 78' lang='grc' dir='ltr'>ἡμῖν</span> <span class='ocrx_word' id='word_1_210' title='bbox 1126 3154 1459 3226; x_wconf 77' lang='grc' dir='ltr'>παραίτησις</span> <span class='ocrx_word' id='word_1_211' title='bbox 1497 3159 1632 3229; x_wconf 88' lang='grc' dir='ltr'>πρὸς</span> <span class='ocrx_word' id='word_1_212' title='bbox 1658 3160 1756 3230; x_wconf 85' lang='grc' dir='ltr'>τὴν</span> <span class='ocrx_word' id='word_1_213' title='bbox 1778 3139 1970 3234; x_wconf 79' lang='grc' dir='ltr'>ἧτταν,</span> 
     </span>
    </p>
   </div>
   <div class='ocr_carea' id='block_1_30' title="bbox 2088 666 3666 738">
    <p class='ocr_par' dir='ltr' id='par_1_30' title="bbox 2088 666 3666 738">
     <span class='ocr_line' id='line_1_30' title="bbox 2088 666 3666 738; baseline -0.003 -18"><span class='ocrx_word' id='word_1_214' title='bbox 2088 669 2135 720; x_wconf 78' lang='lat'><strong>1‘</strong></span> <span class='ocrx_word' id='word_1_215' title='bbox 2183 669 2278 720; x_wconf 80' lang='grc' dir='ltr'>ἐπὶ</span> <span class='ocrx_word' id='word_1_216' title='bbox 2327 667 2469 736; x_wconf 88' lang='grc' dir='ltr'>μέγα</span> <span class='ocrx_word' id='word_1_217' title='bbox 2520 667 2699 736; x_wconf 74' lang='grc' dir='ltr'>αἴρειν</span> <span class='ocrx_word' id='word_1_218' title='bbox 2735 667 3005 738; x_wconf 77' lang='grc' dir='ltr'>πειρῷτο,</span> <span class='ocrx_word' id='word_1_219' title='bbox 3043 667 3236 721; x_wconf 84' lang='grc' dir='ltr'>τοῦτον</span> <span class='ocrx_word' id='word_1_220' title='bbox 3277 666 3323 719; x_wconf 85' lang='grc' dir='ltr'>δ’</span> <span class='ocrx_word' id='word_1_221' title='bbox 3354 666 3404 718; x_wconf 77' lang='grc' dir='ltr'>εἰ</span> <span class='ocrx_word' id='word_1_222' title='bbox 3438 666 3535 719; x_wconf 67' lang='grc' dir='ltr'>καὶ</span> <span class='ocrx_word' id='word_1_223' title='bbox 3592 666 3666 734; x_wconf 86' lang='grc' dir='ltr'>μὴ</span> 
     </span>
    </p>
   </div>
   <div class='ocr_carea' id='block_1_31' title="bbox 2085 757 3666 830">
    <p class='ocr_par' dir='ltr' id='par_1_31' title="bbox 2085 757 3666 830">
     <span class='ocr_line' id='line_1_31' title="bbox 2085 757 3666 830; baseline -0.001 -20"><span class='ocrx_word' id='word_1_224' title='bbox 2085 758 2207 812; x_wconf 86' lang='grc' dir='ltr'>λίαν</span> <span class='ocrx_word' id='word_1_225' title='bbox 2229 757 2481 828; x_wconf 78' lang='grc' dir='ltr'>ἔντεχνον</span> <span class='ocrx_word' id='word_1_226' title='bbox 2517 757 2650 828; x_wconf 79' lang='grc' dir='ltr'>μηδὲ</span> <span class='ocrx_word' id='word_1_227' title='bbox 2685 760 3167 830; x_wconf 86' lang='grc' dir='ltr'>περιηνθισμένον,</span> <span class='ocrx_word' id='word_1_228' title='bbox 3192 758 3384 828; x_wconf 83' lang='grc' dir='ltr'>ὥσπερ</span> <span class='ocrx_word' id='word_1_229' title='bbox 3417 760 3474 809; x_wconf 82' lang='grc' dir='ltr'>ἐν</span> <span class='ocrx_word' id='word_1_230' title='bbox 3503 758 3666 825; x_wconf 78' lang='grc' dir='ltr'>τρίμ·</span> 
     </span>
    </p>
   </div>
   <div class='ocr_carea' id='block_1_32' title="bbox 2088 849 3670 921">
    <p class='ocr_par' dir='ltr' id='par_1_32' title="bbox 2088 849 3670 921">
     <span class='ocr_line' id='line_1_32' title="bbox 2088 849 3670 921; baseline -0.001 -19"><span class='ocrx_word' id='word_1_231' title='bbox 2088 867 2220 918; x_wconf 85' lang='grc' dir='ltr'>μασι</span> <span class='ocrx_word' id='word_1_232' title='bbox 2245 851 2367 911; x_wconf 88' lang='grc' dir='ltr'>ταῖς</span> <span class='ocrx_word' id='word_1_233' title='bbox 2397 850 2508 904; x_wconf 83' lang='grc' dir='ltr'>ἀπὸ</span> <span class='ocrx_word' id='word_1_234' title='bbox 2532 851 2631 919; x_wconf 86' lang='grc' dir='ltr'>τῆς</span> <span class='ocrx_word' id='word_1_235' title='bbox 2648 851 2849 920; x_wconf 83' lang='grc' dir='ltr'>τέχνης</span> <span class='ocrx_word' id='word_1_236' title='bbox 2884 852 3252 921; x_wconf 84' lang='grc' dir='ltr'>περιεργίαις,</span> <span class='ocrx_word' id='word_1_237' title='bbox 3284 851 3397 903; x_wconf 84' lang='grc' dir='ltr'>ἀλλ’</span> <span class='ocrx_word' id='word_1_238' title='bbox 3421 849 3670 920; x_wconf 79' lang='grc' dir='ltr'>ἀτεχνῶς</span> 
     </span>
    </p>
   </div>
   <div class='ocr_carea' id='block_1_33' title="bbox 2085 941 3670 1013">
    <p class='ocr_par' dir='ltr' id='par_1_33' title="bbox 2085 941 3670 1013">
     <span class='ocr_line' id='line_1_33' title="bbox 2085 941 3670 1013; baseline -0.001 -19"><span class='ocrx_word' id='word_1_239' title='bbox 2085 942 2381 1010; x_wconf 81' lang='grc' dir='ltr'>ἀπέριττον</span> <span class='ocrx_word' id='word_1_240' title='bbox 2448 944 2542 995; x_wconf 72' lang='grc' dir='ltr'>καὶ</span> <span class='ocrx_word' id='word_1_241' title='bbox 2619 943 2800 1011; x_wconf 89' lang='grc' dir='ltr'>πάσης</span> <span class='ocrx_word' id='word_1_242' title='bbox 2860 943 3176 1012; x_wconf 83' lang='grc' dir='ltr'>φιλοτιμίας</span> <span class='ocrx_word' id='word_1_243' title='bbox 3242 941 3670 1013; x_wconf 82' lang='grc' dir='ltr'>ἀπηλλαγμένον</span> 
     </span>
    </p>
   </div>
   <div class='ocr_carea' id='block_1_34' title="bbox 2085 1034 3667 1105">
    <p class='ocr_par' dir='ltr' id='par_1_34' title="bbox 2085 1034 3667 1105">
     <span class='ocr_line' id='line_1_34' title="bbox 2085 1034 3667 1105; baseline -0.001 -19"><span class='ocrx_word' id='word_1_244' title='bbox 2085 1034 2319 1103; x_wconf 87' lang='grc' dir='ltr'>προάγοι</span> <span class='ocrx_word' id='word_1_245' title='bbox 2353 1035 2443 1086; x_wconf 76' lang='grc' dir='ltr'>τὸν</span> <span class='ocrx_word' id='word_1_246' title='bbox 2492 1035 2676 1100; x_wconf 86' lang='grc' dir='ltr'>λόγον,</span> <span class='ocrx_word' id='word_1_247' title='bbox 2709 1034 2810 1104; x_wconf 90' lang='grc' dir='ltr'>τῆς</span> <span class='ocrx_word' id='word_1_248' title='bbox 2847 1036 3156 1105; x_wconf 79' lang='grc' dir='ltr'>προθυμίας</span> <span class='ocrx_word' id='word_1_249' title='bbox 3185 1035 3348 1088; x_wconf 73' lang='grc' dir='ltr'>ἕνεκα</span> <span class='ocrx_word' id='word_1_250' title='bbox 3388 1036 3483 1105; x_wconf 73' lang='grc' dir='ltr'>καὶ</span> <span class='ocrx_word' id='word_1_251' title='bbox 3513 1036 3667 1087; x_wconf 74' lang='grc' dir='ltr'>ἐπαι.</span> 
     </span>
    </p>
   </div>
   <div class='ocr_carea' id='block_1_35' title="bbox 2087 1124 3668 1197">
    <p class='ocr_par' dir='ltr' id='par_1_35' title="bbox 2087 1124 3668 1197">
     <span class='ocr_line' id='line_1_35' title="bbox 2087 1124 3668 1197; baseline 0.001 -21"><span class='ocrx_word' id='word_1_252' title='bbox 2087 1124 2236 1176; x_wconf 82' lang='grc' dir='ltr'>νοῦσι</span> <span class='ocrx_word' id='word_1_253' title='bbox 2266 1127 2360 1178; x_wconf 78' lang='grc' dir='ltr'>καὶ</span> <span class='ocrx_word' id='word_1_254' title='bbox 2391 1125 2773 1194; x_wconf 81' lang='grc' dir='ltr'>στεφανοῦσιν,</span> <span class='ocrx_word' id='word_1_255' title='bbox 2807 1128 2884 1190; x_wconf 82' lang='grc' dir='ltr'>ὡς</span> <span class='ocrx_word' id='word_1_256' title='bbox 2925 1127 3020 1180; x_wconf 81' lang='grc' dir='ltr'>τοῦ</span> <span class='ocrx_word' id='word_1_257' title='bbox 3055 1127 3223 1181; x_wconf 78' lang='grc' dir='ltr'>καλοῦ</span> <span class='ocrx_word' id='word_1_258' title='bbox 3258 1128 3418 1197; x_wconf 90' lang='grc' dir='ltr'>μόνον</span> <span class='ocrx_word' id='word_1_259' title='bbox 3468 1128 3583 1179; x_wconf 84' lang='grc' dir='ltr'>ἀλλ’</span> <span class='ocrx_word' id='word_1_260' title='bbox 3607 1127 3668 1179; x_wconf 92' lang='grc' dir='ltr'>οὐ</span> 
     </span>
    </p>
   </div>
   <div class='ocr_carea' id='block_1_36' title="bbox 2087 1217 3670 1292">
    <p class='ocr_par' dir='ltr' id='par_1_36' title="bbox 2087 1217 3670 1292">
     <span class='ocr_line' id='line_1_36' title="bbox 2087 1217 3670 1292; baseline 0 -22"><span class='ocrx_word' id='word_1_261' title='bbox 2087 1217 2402 1286; x_wconf 83' lang='grc' dir='ltr'>φιλοτιμίας</span> <span class='ocrx_word' id='word_1_262' title='bbox 2435 1218 2601 1271; x_wconf 74' lang='grc' dir='ltr'>ἕνεκα</span> <span class='ocrx_word' id='word_1_263' title='bbox 2644 1217 2738 1271; x_wconf 86' lang='grc' dir='ltr'>τδν</span> <span class='ocrx_word' id='word_1_264' title='bbox 2767 1219 2930 1273; x_wconf 91' lang='grc' dir='ltr'>πόνον</span> <span class='ocrx_word' id='word_1_265' title='bbox 2973 1218 3343 1292; x_wconf 81' lang='grc' dir='ltr'>ἀνῃρημένον·</span> <span class='ocrx_word' id='word_1_266' title='bbox 3388 1219 3505 1271; x_wconf 80' lang='grc' dir='ltr'>ἀλλ’</span> <span class='ocrx_word' id='word_1_267' title='bbox 3537 1218 3670 1271; x_wconf 76' lang='grc' dir='ltr'>ὥσθ’</span> 
     </span>
    </p>
   </div>
   <div class='ocr_carea' id='block_1_37' title="bbox 2083 1294 3662 1383">
    <p class='ocr_par' dir='ltr' id='par_1_37' title="bbox 2083 1294 3662 1383">
     <span class='ocr_line' id='line_1_37' title="bbox 2083 1294 3662 1383; baseline 0.001 -21"><span class='ocrx_word' id='word_1_268' title='bbox 2083 1311 2162 1362; x_wconf 80' lang='grc' dir='ltr'>ὅτι</span> <span class='ocrx_word' id='word_1_269' title='bbox 2197 1294 2330 1379; x_wconf 85' lang='grc' dir='ltr'>μηδέ</span> <span class='ocrx_word' id='word_1_270' title='bbox 2380 1313 2493 1374; x_wconf 86' lang='grc' dir='ltr'>τοῖς</span> <span class='ocrx_word' id='word_1_271' title='bbox 2524 1312 2950 1382; x_wconf 78' lang='grc' dir='ltr'>ἐντυγχάνουσιν</span> <span class='ocrx_word' id='word_1_272' title='bbox 2995 1313 3256 1382; x_wconf 75' lang='grc' dir='ltr'>ἀκερδὴς,</span> <span class='ocrx_word' id='word_1_273' title='bbox 3305 1312 3512 1383; x_wconf 84' lang='grc' dir='ltr'>σφόδρα</span> <span class='ocrx_word' id='word_1_274' title='bbox 3564 1312 3662 1381; x_wconf 80' lang='grc' dir='ltr'>μὲν</span> 
     </span>
    </p>
   </div>
   <div class='ocr_carea' id='block_1_38' title="bbox 2084 1399 3671 1472">
    <p class='ocr_par' dir='ltr' id='par_1_38' title="bbox 2084 1399 3671 1472">
     <span class='ocr_line' id='line_1_38' title="bbox 2084 1399 3671 1472; baseline 0 -20"><span class='ocrx_word' id='word_1_275' title='bbox 2084 1399 2177 1452; x_wconf 81' lang='grc' dir='ltr'>οὖν</span> <span class='ocrx_word' id='word_1_276' title='bbox 2208 1401 2303 1453; x_wconf 58' lang='grc' dir='ltr'>καὶ¹</span> <span class='ocrx_word' id='word_1_277' title='bbox 2333 1401 2640 1472; x_wconf 81' lang='grc' dir='ltr'>λυσιτελὴς,</span> <span class='ocrx_word' id='word_1_278' title='bbox 2676 1402 2770 1454; x_wconf 69' lang='grc' dir='ltr'>καὶ</span> <span class='ocrx_word' id='word_1_279' title='bbox 2819 1405 2920 1469; x_wconf 80' lang='grc' dir='ltr'>τὴν</span> <span class='ocrx_word' id='word_1_280' title='bbox 2965 1403 3156 1471; x_wconf 82' lang='grc' dir='ltr'>δνησιν</span> <span class='ocrx_word' id='word_1_281' title='bbox 3189 1403 3248 1454; x_wconf 87' lang='grc' dir='ltr'>ἐν</span> <span class='ocrx_word' id='word_1_282' title='bbox 3286 1403 3400 1463; x_wconf 89' lang='grc' dir='ltr'>τοῖς</span> <span class='ocrx_word' id='word_1_283' title='bbox 3447 1418 3671 1468; x_wconf 85' lang='grc' dir='ltr'>καιριω-</span> 
     </span>
    </p>
   </div>
   <div class='ocr_carea' id='block_1_39' title="bbox 2084 1493 3671 1566">
    <p class='ocr_par' dir='ltr' id='par_1_39' title="bbox 2084 1493 3671 1566">
     <span class='ocr_line' id='line_1_39' title="bbox 2084 1493 3671 1566; baseline -0.001 -19"><span class='ocrx_word' id='word_1_284' title='bbox 2084 1494 2268 1559; x_wconf 78' lang='grc' dir='ltr'>τάτοις</span> <span class='ocrx_word' id='word_1_285' title='bbox 2303 1495 2539 1564; x_wconf 82' lang='grc' dir='ltr'>μάλιστα</span> <span class='ocrx_word' id='word_1_286' title='bbox 2567 1495 2991 1566; x_wconf 75' lang='grc' dir='ltr'>προσαρμόζων·</span> <span class='ocrx_word' id='word_1_287' title='bbox 3033 1493 3304 1564; x_wconf 77' lang='grc' dir='ltr'>ἐρεθίζειν</span> <span class='ocrx_word' id='word_1_288' title='bbox 3351 1495 3460 1562; x_wconf 79' lang='grc' dir='ltr'>γάρ</span> <span class='ocrx_word' id='word_1_289' title='bbox 3494 1494 3568 1554; x_wconf 84' lang='grc' dir='ltr'>ὡς</span> <span class='ocrx_word' id='word_1_290' title='bbox 3603 1494 3671 1545; x_wconf 78' lang='grc' dir='ltr'>τά</span> 
     </span>
    </p>
   </div>
   <div class='ocr_carea' id='block_1_40' title="bbox 2083 1586 3670 1662">
    <p class='ocr_par' dir='ltr' id='par_1_40' title="bbox 2083 1586 3670 1662">
     <span class='ocr_line' id='line_1_40' title="bbox 2083 1586 3670 1662; baseline 0.011 -24"><span class='ocrx_word' id='word_1_291' title='bbox 2083 1586 2256 1662; x_wconf 71' lang='grc' dir='ltr'>πολλά</span> <span class='ocrx_word' id='word_1_292' title='bbox 2282 1587 2390 1640; x_wconf 88' lang='grc' dir='ltr'>τῶν</span> <span class='ocrx_word' id='word_1_293' title='bbox 2433 1586 2869 1657; x_wconf 78' lang='grc' dir='ltr'>θαυμαζομένων</span> <span class='ocrx_word' id='word_1_294' title='bbox 2909 1588 3165 1652; x_wconf 73' lang='grc' dir='ltr'>ἕκαστον,</span> <span class='ocrx_word' id='word_1_295' title='bbox 3201 1589 3299 1640; x_wconf 69' lang='grc' dir='ltr'>καὶ</span> <span class='ocrx_word' id='word_1_296' title='bbox 3333 1589 3470 1657; x_wconf 73' lang='grc' dir='ltr'>πρδς</span> <span class='ocrx_word' id='word_1_297' title='bbox 3503 1588 3670 1656; x_wconf 70' lang='grc' dir='ltr'>μίμη-</span> 
     </span>
    </p>
   </div>
   <div class='ocr_carea' id='block_1_41' title="bbox 2087 1671 3668 1749">
    <p class='ocr_par' dir='ltr' id='par_1_41' title="bbox 2087 1671 3668 1749">
     <span class='ocr_line' id='line_1_41' title="bbox 2087 1671 3668 1749; baseline 0.003 -17"><span class='ocrx_word' id='word_1_298' title='bbox 2087 1697 2171 1732; x_wconf 86' lang='grc' dir='ltr'>σιν</span> <span class='ocrx_word' id='word_1_299' title='bbox 2214 1679 2542 1746; x_wconf 80' lang='grc' dir='ltr'>ἐφέλκεσθαι</span> <span class='ocrx_word' id='word_1_300' title='bbox 2598 1681 2711 1734; x_wconf 87' lang='grc' dir='ltr'>τῶν</span> <span class='ocrx_word' id='word_1_301' title='bbox 2750 1682 3059 1736; x_wconf 85' lang='grc' dir='ltr'>ἀκουόντων</span> <span class='ocrx_word' id='word_1_302' title='bbox 3104 1680 3272 1734; x_wconf 65' lang='grc' dir='ltr'>εἴωθα</span> <span class='ocrx_word' id='word_1_303' title='bbox 3314 1680 3412 1742; x_wconf 84' lang='grc' dir='ltr'>τὰς</span> <span class='ocrx_word' id='word_1_304' title='bbox 3465 1671 3668 1749; x_wconf 72' lang='grc' dir='ltr'>ψυχὰέ.</span> 
     </span>
    </p>
   </div>
   <div class='ocr_carea' id='block_1_42' title="bbox 2085 1773 3670 1845">
    <p class='ocr_par' dir='ltr' id='par_1_42' title="bbox 2085 1773 3670 1845">
     <span class='ocr_line' id='line_1_42' title="bbox 2085 1773 3670 1845; baseline 0 -21"><span class='ocrx_word' id='word_1_305' title='bbox 2085 1773 2180 1825; x_wconf 78' lang='grc' dir='ltr'>καὶ</span> <span class='ocrx_word' id='word_1_306' title='bbox 2214 1773 2350 1845; x_wconf 82' lang='grc' dir='ltr'>πρὸς</span> <span class='ocrx_word' id='word_1_307' title='bbox 2374 1773 2617 1828; x_wconf 78' lang='grc' dir='ltr'>ἐπίδοσιν</span> <span class='ocrx_word' id='word_1_308' title='bbox 2644 1773 2836 1844; x_wconf 84' lang='grc' dir='ltr'>ὥσπερ</span> <span class='ocrx_word' id='word_1_309' title='bbox 2865 1777 2930 1828; x_wconf 91' lang='grc' dir='ltr'>ἐκ</span> <span class='ocrx_word' id='word_1_310' title='bbox 2975 1775 3218 1844; x_wconf 83' lang='grc' dir='ltr'>φυσικῆς</span> <span class='ocrx_word' id='word_1_311' title='bbox 3257 1773 3501 1841; x_wconf 84' lang='grc' dir='ltr'>ἀνάγκης</span> <span class='ocrx_word' id='word_1_312' title='bbox 3539 1790 3670 1841; x_wconf 88' lang='grc' dir='ltr'>προ-</span> 
     </span>
    </p>
   </div>
   <div class='ocr_carea' id='block_1_43' title="bbox 2087 1864 3666 1944">
    <p class='ocr_par' dir='ltr' id='par_1_43' title="bbox 2087 1864 3666 1944">
     <span class='ocr_line' id='line_1_43' title="bbox 2087 1864 3666 1944; baseline 0 -30"><span class='ocrx_word' id='word_1_313' title='bbox 2087 1865 2371 1918; x_wconf 85' lang='grc' dir='ltr'>καλεῖσθαί</span> <span class='ocrx_word' id='word_1_314' title='bbox 2423 1883 2591 1926; x_wconf 86' lang='grc' dir='ltr'>τινος.</span> <span class='ocrx_word' id='word_1_315' title='bbox 2637 1866 2717 1920; x_wconf 87' lang='grc' dir='ltr'>Δι’</span> <span class='ocrx_word' id='word_1_316' title='bbox 2765 1865 2801 1920; x_wconf 80' lang='grc' dir='ltr'>ἀ</span> <span class='ocrx_word' id='word_1_317' title='bbox 2857 1865 2923 1934; x_wconf 73' lang='grc' dir='ltr'>δὴ</span> <span class='ocrx_word' id='word_1_318' title='bbox 2981 1867 3219 1936; x_wconf 88' lang='grc' dir='ltr'>μάλιστα</span> <span class='ocrx_word' id='word_1_319' title='bbox 3268 1867 3377 1926; x_wconf 88' lang='grc' dir='ltr'>τοῖς</span> <span class='ocrx_word' id='word_1_320' title='bbox 3416 1864 3666 1944; x_wconf 70' lang='grc' dir='ltr'>περὶτοῦ</span> 
     </span>
    </p>
   </div>
   <div class='ocr_carea' id='block_1_44' title="bbox 2087 1954 3666 2026">
    <p class='ocr_par' dir='ltr' id='par_1_44' title="bbox 2087 1954 3666 2026">
     <span class='ocr_line' id='line_1_44' title="bbox 2087 1954 3666 2026; baseline 0 -20"><span class='ocrx_word' id='word_1_321' title='bbox 2087 1955 2323 2023; x_wconf 77' lang='grc' dir='ltr'>μεγάλου</span> <span class='ocrx_word' id='word_1_322' title='bbox 2353 1954 2657 2026; x_wconf 79' lang='grc' dir='ltr'>Γρηγορίου</span> <span class='ocrx_word' id='word_1_323' title='bbox 2692 1956 2787 2010; x_wconf 72' lang='grc' dir='ltr'>καὶ</span> <span class='ocrx_word' id='word_1_324' title='bbox 2841 1956 3006 2019; x_wconf 77' lang='grc' dir='ltr'>αὐτὸς</span> <span class='ocrx_word' id='word_1_325' title='bbox 3062 1957 3301 2026; x_wconf 82' lang='grc' dir='ltr'>ἐμαυτὸν</span> <span class='ocrx_word' id='word_1_326' title='bbox 3333 1955 3516 2019; x_wconf 79' lang='grc' dir='ltr'>λόγοις</span> <span class='ocrx_word' id='word_1_327' title='bbox 3567 1971 3666 2006; x_wconf 86' lang='grc' dir='ltr'>κα-</span> 
     </span>
    </p>
   </div>
   <div class='ocr_carea' id='block_1_45' title="bbox 2081 2047 3663 2120">
    <p class='ocr_par' dir='ltr' id='par_1_45' title="bbox 2081 2047 3663 2120">
     <span class='ocr_line' id='line_1_45' title="bbox 2081 2047 3663 2120; baseline -0.001 -20"><span class='ocrx_word' id='word_1_328' title='bbox 2081 2050 2243 2115; x_wconf 77' lang='grc' dir='ltr'>θῆκα,</span> <span class='ocrx_word' id='word_1_329' title='bbox 2275 2049 2334 2101; x_wconf 79' lang='grc' dir='ltr'>οὐ</span> <span class='ocrx_word' id='word_1_330' title='bbox 2365 2047 2445 2119; x_wconf 78' lang='grc' dir='ltr'>τῷ</span> <span class='ocrx_word' id='word_1_331' title='bbox 2498 2049 2708 2119; x_wconf 90' lang='grc' dir='ltr'>σφόδρα</span> <span class='ocrx_word' id='word_1_332' title='bbox 2752 2049 2977 2118; x_wconf 83' lang='grc' dir='ltr'>ἐμαυτῷ</span> <span class='ocrx_word' id='word_1_333' title='bbox 3010 2048 3256 2120; x_wconf 73' lang='grc' dir='ltr'>θαρρεῖν,</span> <span class='ocrx_word' id='word_1_334' title='bbox 3309 2047 3385 2110; x_wconf 87' lang='grc' dir='ltr'>ὡς</span> <span class='ocrx_word' id='word_1_335' title='bbox 3432 2047 3582 2113; x_wconf 78' lang='grc' dir='ltr'>ἄξιόν</span> <span class='ocrx_word' id='word_1_336' title='bbox 3612 2065 3663 2098; x_wconf 85' lang='grc' dir='ltr'>τι</span> 
     </span>
    </p>
   </div>
   <div class='ocr_carea' id='block_1_46' title="bbox 2078 2137 3665 2210">
    <p class='ocr_par' dir='ltr' id='par_1_46' title="bbox 2078 2137 3665 2210">
     <span class='ocr_line' id='line_1_46' title="bbox 2078 2137 3665 2210; baseline -0.001 -18"><span class='ocrx_word' id='word_1_337' title='bbox 2078 2139 2180 2208; x_wconf 89' lang='grc' dir='ltr'>τῆς</span> <span class='ocrx_word' id='word_1_338' title='bbox 2214 2141 2431 2194; x_wconf 88' lang='grc' dir='ltr'>ἐκείνου</span> <span class='ocrx_word' id='word_1_339' title='bbox 2463 2142 2826 2210; x_wconf 83' lang='grc' dir='ltr'>μεγαλονοίας</span> <span class='ocrx_word' id='word_1_340' title='bbox 2865 2143 2959 2194; x_wconf 70' lang='grc' dir='ltr'>καὶ</span> <span class='ocrx_word' id='word_1_341' title='bbox 3009 2141 3113 2209; x_wconf 89' lang='grc' dir='ltr'>τῆς</span> <span class='ocrx_word' id='word_1_342' title='bbox 3158 2141 3521 2210; x_wconf 77' lang='grc' dir='ltr'>περιφανείας</span> <span class='ocrx_word' id='word_1_343' title='bbox 3569 2137 3665 2191; x_wconf 78' lang='grc' dir='ltr'>τοῦ</span> 
     </span>
    </p>
   </div>
   <div class='ocr_carea' id='block_1_47' title="bbox 2081 2232 3664 2308">
    <p class='ocr_par' dir='ltr' id='par_1_47' title="bbox 2081 2232 3664 2308">
     <span class='ocr_line' id='line_1_47' title="bbox 2081 2232 3664 2308; baseline -0.003 -23"><span class='ocrx_word' id='word_1_344' title='bbox 2081 2233 2200 2301; x_wconf 85' lang='grc' dir='ltr'>βίου</span> <span class='ocrx_word' id='word_1_345' title='bbox 2250 2235 2344 2288; x_wconf 68' lang='grc' dir='ltr'>καὶ</span> <span class='ocrx_word' id='word_1_346' title='bbox 2391 2235 2554 2303; x_wconf 75' lang='grc' dir='ltr'>λόγου</span> <span class='ocrx_word' id='word_1_347' title='bbox 2611 2232 2951 2302; x_wconf 84' lang='grc' dir='ltr'>φθέγξασθαι</span> <span class='ocrx_word' id='word_1_348' title='bbox 2989 2233 3364 2302; x_wconf 76' lang='grc' dir='ltr'>δυνησομένῳ,</span> <span class='ocrx_word' id='word_1_349' title='bbox 3414 2232 3532 2308; x_wconf 47' lang='grc' dir='ltr'>φλ*</span> <span class='ocrx_word' id='word_1_350' title='bbox 3583 2233 3664 2284; x_wconf 76' lang='grc' dir='ltr'>ὅτι</span> 
     </span>
    </p>
   </div>
   <div class='ocr_carea' id='block_1_48' title="bbox 2080 2324 3664 2396">
    <p class='ocr_par' dir='ltr' id='par_1_48' title="bbox 2080 2324 3664 2396">
     <span class='ocr_line' id='line_1_48' title="bbox 2080 2324 3664 2396; baseline 0.001 -19"><span class='ocrx_word' id='word_1_351' title='bbox 2080 2325 2177 2379; x_wconf 60' lang='grc' dir='ltr'>καὶ¹</span> <span class='ocrx_word' id='word_1_352' title='bbox 2211 2325 2609 2396; x_wconf 82' lang='grc' dir='ltr'>ἀμφοτέρωθεν</span> <span class='ocrx_word' id='word_1_353' title='bbox 2649 2326 2882 2392; x_wconf 83' lang='grc' dir='ltr'>ἔπεισιν,</span> <span class='ocrx_word' id='word_1_354' title='bbox 2923 2326 3026 2379; x_wconf 90' lang='grc' dir='ltr'>οὐκ</span> <span class='ocrx_word' id='word_1_355' title='bbox 3072 2327 3289 2393; x_wconf 77' lang='grc' dir='ltr'>ἀγενεῖς</span> <span class='ocrx_word' id='word_1_356' title='bbox 3326 2341 3500 2390; x_wconf 84' lang='grc' dir='ltr'>τινας,</span> <span class='ocrx_word' id='word_1_357' title='bbox 3543 2324 3664 2378; x_wconf 74' lang='grc' dir='ltr'>οὐδὲ</span> 
     </span>
    </p>
   </div>
   <div class='ocr_carea' id='block_1_49' title="bbox 2083 2412 3665 2486">
    <p class='ocr_par' dir='ltr' id='par_1_49' title="bbox 2083 2412 3665 2486">
     <span class='ocr_line' id='line_1_49' title="bbox 2083 2412 3665 2486; baseline -0.004 -18"><span class='ocrx_word' id='word_1_358' title='bbox 2083 2417 2291 2486; x_wconf 81' lang='grc' dir='ltr'>μικράς</span> <span class='ocrx_word' id='word_1_359' title='bbox 2323 2418 2482 2485; x_wconf 80' lang='grc' dir='ltr'>ἡμῖν,</span> <span class='ocrx_word' id='word_1_360' title='bbox 2517 2415 2653 2468; x_wconf 77' lang='grc' dir='ltr'>ἀλλὰ</span> <span class='ocrx_word' id='word_1_361' title='bbox 2682 2416 2776 2468; x_wconf 69' lang='grc' dir='ltr'>καὶ</span> <span class='ocrx_word' id='word_1_362' title='bbox 2818 2415 2938 2468; x_wconf 86' lang='grc' dir='ltr'>λίαν</span> <span class='ocrx_word' id='word_1_363' title='bbox 2969 2415 3289 2483; x_wconf 84' lang='grc' dir='ltr'>φιλοτίμους</span> <span class='ocrx_word' id='word_1_364' title='bbox 3328 2413 3441 2466; x_wconf 90' lang='grc' dir='ltr'>τῶν</span> <span class='ocrx_word' id='word_1_365' title='bbox 3486 2412 3665 2464; x_wconf 84' lang='grc' dir='ltr'>πόνων</span> 
     </span>
    </p>
   </div>
   <div class='ocr_carea' id='block_1_50' title="bbox 2075 2503 3664 2576">
    <p class='ocr_par' dir='ltr' id='par_1_50' title="bbox 2075 2503 3664 2576">
     <span class='ocr_line' id='line_1_50' title="bbox 2075 2503 3664 2576; baseline -0.001 -18"><span class='ocrx_word' id='word_1_366' title='bbox 2075 2509 2172 2569; x_wconf 78' lang='grc' dir='ltr'>τὰς</span> <span class='ocrx_word' id='word_1_367' title='bbox 2205 2507 2504 2571; x_wconf 83' lang='grc' dir='ltr'>ἀντιδόσεις</span> <span class='ocrx_word' id='word_1_368' title='bbox 2568 2505 2948 2576; x_wconf 79' lang='grc' dir='ltr'>ἀπολήψεσθαι</span> <span class='ocrx_word' id='word_1_369' title='bbox 2990 2507 3237 2576; x_wconf 70' lang='grc' dir='ltr'>θαρρεῖν,</span> <span class='ocrx_word' id='word_1_370' title='bbox 3276 2506 3310 2576; x_wconf 80' lang='grc' dir='ltr'>ἢ</span> <span class='ocrx_word' id='word_1_371' title='bbox 3345 2505 3413 2558; x_wconf 89' lang='grc' dir='ltr'>τά</span> <span class='ocrx_word' id='word_1_372' title='bbox 3444 2520 3508 2570; x_wconf 91' lang='grc' dir='ltr'>γε</span> <span class='ocrx_word' id='word_1_373' title='bbox 3537 2503 3664 2556; x_wconf 87' lang='grc' dir='ltr'>δεύ-</span> 
     </span>
    </p>
   </div>
   <div class='ocr_carea' id='block_1_51' title="bbox 2076 2595 3664 2669">
    <p class='ocr_par' dir='ltr' id='par_1_51' title="bbox 2076 2595 3664 2669">
     <span class='ocr_line' id='line_1_51' title="bbox 2076 2595 3664 2669; baseline -0.001 -21"><span class='ocrx_word' id='word_1_374' title='bbox 2076 2614 2210 2667; x_wconf 86' lang='grc' dir='ltr'>τερα</span> <span class='ocrx_word' id='word_1_375' title='bbox 2241 2599 2305 2651; x_wconf 89' lang='grc' dir='ltr'>ἐκ</span> <span class='ocrx_word' id='word_1_376' title='bbox 2335 2597 2591 2669; x_wconf 84' lang='grc' dir='ltr'>θατέρου·</span> <span class='ocrx_word' id='word_1_377' title='bbox 2643 2597 2677 2666; x_wconf 82' lang='grc' dir='ltr'>ἢ</span> <span class='ocrx_word' id='word_1_378' title='bbox 2725 2602 2834 2668; x_wconf 78' lang='grc' dir='ltr'>γὰρ</span> <span class='ocrx_word' id='word_1_379' title='bbox 2886 2597 3128 2666; x_wconf 85' lang='grc' dir='ltr'>κάκείνῳ</span> <span class='ocrx_word' id='word_1_380' title='bbox 3177 2595 3522 2667; x_wconf 80' lang='grc' dir='ltr'>χαριούμεθα</span> <span class='ocrx_word' id='word_1_381' title='bbox 3568 2595 3664 2650; x_wconf 78' lang='grc' dir='ltr'>καὶ</span> 
     </span>
    </p>
   </div>
   <div class='ocr_carea' id='block_1_52' title="bbox 1947 2687 3665 2766">
    <p class='ocr_par' dir='ltr' id='par_1_52' title="bbox 1947 2687 3665 2766">
     <span class='ocr_line' id='line_1_52' title="bbox 1947 2687 3665 2766; baseline 0.001 -29"><span class='ocrx_word' id='word_1_382' title='bbox 1947 2721 1974 2766; x_wconf 71' lang='grc' dir='ltr'>ς</span> <span class='ocrx_word' id='word_1_383' title='bbox 2076 2689 2231 2756; x_wconf 77' lang='grc' dir='ltr'>ἡμῖν,</span> <span class='ocrx_word' id='word_1_384' title='bbox 2264 2687 2478 2757; x_wconf 87' lang='grc' dir='ltr'>καίριόν</span> <span class='ocrx_word' id='word_1_385' title='bbox 2503 2706 2558 2740; x_wconf 90' lang='grc' dir='ltr'>τι</span> <span class='ocrx_word' id='word_1_386' title='bbox 2589 2688 2957 2758; x_wconf 71' lang='grc' dir='ltr'>φθεγξάμενοι</span> <span class='ocrx_word' id='word_1_387' title='bbox 2982 2690 3076 2742; x_wconf 79' lang='grc' dir='ltr'>καὶ</span> <span class='ocrx_word' id='word_1_388' title='bbox 3109 2688 3204 2741; x_wconf 83' lang='grc' dir='ltr'>τοῦ</span> <span class='ocrx_word' id='word_1_389' title='bbox 3237 2689 3509 2759; x_wconf 77' lang='grc' dir='ltr'>ἡμετέρου</span> <span class='ocrx_word' id='word_1_390' title='bbox 3544 2687 3665 2754; x_wconf 88' lang='grc' dir='ltr'>φίλ-</span> 
     </span>
    </p>
   </div>
   <div class='ocr_carea' id='block_1_53' title="bbox 2075 2779 3662 2851">
    <p class='ocr_par' dir='ltr' id='par_1_53' title="bbox 2075 2779 3662 2851">
     <span class='ocr_line' id='line_1_53' title="bbox 2075 2779 3662 2851; baseline 0.004 -19"><span class='ocrx_word' id='word_1_391' title='bbox 2075 2798 2206 2851; x_wconf 85' lang='grc' dir='ltr'>τρου</span> <span class='ocrx_word' id='word_1_392' title='bbox 2244 2781 2338 2835; x_wconf 81' lang='grc' dir='ltr'>καὶ</span> <span class='ocrx_word' id='word_1_393' title='bbox 2364 2781 2464 2846; x_wconf 87' lang='grc' dir='ltr'>τῆς</span> <span class='ocrx_word' id='word_1_394' title='bbox 2497 2782 2628 2851; x_wconf 72' lang='grc' dir='ltr'>περὶ</span> <span class='ocrx_word' id='word_1_395' title='bbox 2660 2783 2869 2834; x_wconf 88' lang='grc' dir='ltr'>ἐκεῖνον</span> <span class='ocrx_word' id='word_1_396' title='bbox 2903 2781 3204 2851; x_wconf 78' lang='grc' dir='ltr'>ἀξιόχρεων</span> <span class='ocrx_word' id='word_1_397' title='bbox 3229 2780 3487 2849; x_wconf 85' lang='grc' dir='ltr'>σπουδῆς,</span> <span class='ocrx_word' id='word_1_398' title='bbox 3517 2779 3550 2849; x_wconf 79' lang='grc' dir='ltr'>ἢ</span> <span class='ocrx_word' id='word_1_399' title='bbox 3594 2781 3662 2838; x_wconf 74' lang='grc' dir='ltr'>τά</span> 
     </span>
    </p>
   </div>
   <div class='ocr_carea' id='block_1_54' title="bbox 2081 2870 3662 2942">
    <p class='ocr_par' dir='ltr' id='par_1_54' title="bbox 2081 2870 3662 2942">
     <span class='ocr_line' id='line_1_54' title="bbox 2081 2870 3662 2942; baseline -0.001 -19"><span class='ocrx_word' id='word_1_400' title='bbox 2081 2889 2144 2937; x_wconf 88' lang='grc' dir='ltr'>γε</span> <span class='ocrx_word' id='word_1_401' title='bbox 2172 2871 2406 2940; x_wconf 83' lang='grc' dir='ltr'>δεύτερα</span> <span class='ocrx_word' id='word_1_402' title='bbox 2442 2871 2575 2941; x_wconf 83' lang='grc' dir='ltr'>παρ’</span> <span class='ocrx_word' id='word_1_403' title='bbox 2609 2871 2804 2940; x_wconf 85' lang='grc' dir='ltr'>ἐκείνῳ</span> <span class='ocrx_word' id='word_1_404' title='bbox 2831 2871 2929 2942; x_wconf 85' lang='grc' dir='ltr'>οὐχ</span> <span class='ocrx_word' id='word_1_405' title='bbox 2962 2872 2997 2942; x_wconf 76' lang='grc' dir='ltr'><strong>ἡ</strong></span> <span class='ocrx_word' id='word_1_406' title='bbox 3030 2870 3272 2940; x_wconf 81' lang='grc' dir='ltr'>τυχοῦσα</span> <span class='ocrx_word' id='word_1_407' title='bbox 3303 2872 3520 2934; x_wconf 79' lang='grc' dir='ltr'>πάντως</span> <span class='ocrx_word' id='word_1_408' title='bbox 3555 2873 3662 2922; x_wconf 85' lang='grc' dir='ltr'>κεί-</span> 
     </span>
    </p>
   </div>
   <div class='ocr_carea' id='block_1_55' title="bbox 2079 2960 3660 3033">
    <p class='ocr_par' dir='ltr' id='par_1_55' title="bbox 2079 2960 3660 3033">
     <span class='ocr_line' id='line_1_55' title="bbox 2079 2960 3660 3033; baseline -0.001 -17"><span class='ocrx_word' id='word_1_409' title='bbox 2079 2982 2232 3017; x_wconf 82' lang='grc' dir='ltr'>σεται</span> <span class='ocrx_word' id='word_1_410' title='bbox 2265 2966 2399 3033; x_wconf 86' lang='grc' dir='ltr'>ἡμῖν</span> <span class='ocrx_word' id='word_1_411' title='bbox 2425 2963 2602 3027; x_wconf 69' lang='grc' dir='ltr'>ἐλπὶς,</span> <span class='ocrx_word' id='word_1_412' title='bbox 2635 2960 2694 3016; x_wconf 76' lang='grc' dir='ltr'>εὖ</span> <span class='ocrx_word' id='word_1_413' title='bbox 2730 2963 2953 3028; x_wconf 78' lang='grc' dir='ltr'>εἰδόσιν,</span> <span class='ocrx_word' id='word_1_414' title='bbox 3002 2963 3076 3025; x_wconf 83' lang='grc' dir='ltr'>ὡς</span> <span class='ocrx_word' id='word_1_415' title='bbox 3106 2963 3166 3015; x_wconf 82' lang='grc' dir='ltr'>ού</span> <span class='ocrx_word' id='word_1_416' title='bbox 3209 2964 3342 3032; x_wconf 76' lang='grc' dir='ltr'>πρὸς</span> <span class='ocrx_word' id='word_1_417' title='bbox 3371 2961 3469 3032; x_wconf 78' lang='grc' dir='ltr'>τὴν</span> <span class='ocrx_word' id='word_1_418' title='bbox 3502 2963 3660 3026; x_wconf 78' lang='grc' dir='ltr'>ἀξίαν</span> 
     </span>
    </p>
   </div>
   <div class='ocr_carea' id='block_1_56' title="bbox 2076 3057 3661 3129">
    <p class='ocr_par' dir='ltr' id='par_1_56' title="bbox 2076 3057 3661 3129">
     <span class='ocr_line' id='line_1_56' title="bbox 2076 3057 3661 3129; baseline 0 -19"><span class='ocrx_word' id='word_1_419' title='bbox 2076 3058 2377 3127; x_wconf 66' lang='grc' dir='ltr'>ἀποϐλέψω</span> <span class='ocrx_word' id='word_1_420' title='bbox 2420 3058 2529 3112; x_wconf 91' lang='grc' dir='ltr'>τῶν</span> <span class='ocrx_word' id='word_1_421' title='bbox 2577 3057 2907 3127; x_wconf 90' lang='grc' dir='ltr'>εἰρημένων,</span> <span class='ocrx_word' id='word_1_422' title='bbox 2957 3057 3095 3111; x_wconf 89' lang='grc' dir='ltr'>ἀλλά</span> <span class='ocrx_word' id='word_1_423' title='bbox 3143 3074 3206 3126; x_wconf 84' lang='grc' dir='ltr'>γε</span> <span class='ocrx_word' id='word_1_424' title='bbox 3252 3061 3318 3126; x_wconf 81' lang='grc' dir='ltr'>τῇ</span> <span class='ocrx_word' id='word_1_425' title='bbox 3374 3059 3661 3129; x_wconf 76' lang='grc' dir='ltr'>προθυμία</span> 
     </span>
    </p>
   </div>
   <div class='ocr_carea' id='block_1_57' title="bbox 2077 3143 3657 3220">
    <p class='ocr_par' dir='ltr' id='par_1_57' title="bbox 2077 3143 3657 3220">
     <span class='ocr_line' id='line_1_57' title="bbox 2077 3143 3657 3220; baseline 0.003 -24"><span class='ocrx_word' id='word_1_426' title='bbox 2077 3145 2172 3197; x_wconf 81' lang='grc' dir='ltr'>καὶ</span> <span class='ocrx_word' id='word_1_427' title='bbox 2205 3143 2282 3216; x_wconf 84' lang='grc' dir='ltr'>τῷ</span> <span class='ocrx_word' id='word_1_428' title='bbox 2331 3146 2461 3216; x_wconf 75' lang='grc' dir='ltr'>περὶ</span> <span class='ocrx_word' id='word_1_429' title='bbox 2495 3144 2690 3216; x_wconf 86' lang='grc' dir='ltr'>ἐκείνῳ</span> <span class='ocrx_word' id='word_1_430' title='bbox 2724 3145 2934 3217; x_wconf 82' lang='grc' dir='ltr'>φίλτρῳ</span> <span class='ocrx_word' id='word_1_431' title='bbox 2987 3148 3087 3216; x_wconf 80' lang='grc' dir='ltr'>τὴν</span> <span class='ocrx_word' id='word_1_432' title='bbox 3124 3147 3395 3200; x_wconf 76' lang='grc' dir='ltr'>ἀντίδοσιν</span> <span class='ocrx_word' id='word_1_433' title='bbox 3431 3149 3657 3220; x_wconf 73' lang='grc' dir='ltr'>ἀντιμεσ</span> 
     </span>
    </p>
   </div>
   <div class='ocr_carea' id='block_1_58' title="bbox 395 3233 2296 3325">
    <p class='ocr_par' dir='ltr' id='par_1_58' title="bbox 395 3233 2296 3325">
     <span class='ocr_line' id='line_1_58' title="bbox 395 3233 2296 3325; baseline 0.013 -39"><span class='ocrx_word' id='word_1_434' title='bbox 395 3233 510 3286; x_wconf 80' lang='grc' dir='ltr'>ἀλλ’</span> <span class='ocrx_word' id='word_1_435' title='bbox 539 3235 622 3288; x_wconf 86' lang='grc' dir='ltr'>ὅτι</span> <span class='ocrx_word' id='word_1_436' title='bbox 650 3237 776 3306; x_wconf 87' lang='grc' dir='ltr'>μηδ’</span> <span class='ocrx_word' id='word_1_437' title='bbox 799 3239 1064 3314; x_wconf 79' lang='grc' dir='ltr'>αὐθαδείᾳ</span> <span class='ocrx_word' id='word_1_438' title='bbox 1109 3247 1218 3297; x_wconf 75' lang='grc' dir='ltr'>τινὶ</span> <span class='ocrx_word' id='word_1_439' title='bbox 1268 3248 1364 3300; x_wconf 80' lang='grc' dir='ltr'>καὶ</span> <span class='ocrx_word' id='word_1_440' title='bbox 1412 3247 1689 3319; x_wconf 84' lang='grc' dir='ltr'>λογισμῶν</span> <span class='ocrx_word' id='word_1_441' title='bbox 1745 3233 1974 3325; x_wconf 81' lang='grc' dir='ltr'>ἀκρισίᾳ</span> <span class='ocrx_word' id='word_1_442' title='bbox 2000 3260 2044 3319; x_wconf 84' lang='lat' dir='ltr'>c</span> <span class='ocrx_word' id='word_1_443' title='bbox 2077 3239 2296 3308; x_wconf 77' lang='grc' dir='ltr'>τρήσει·</span> 
     </span>
    </p>
   </div>
   <div class='ocr_carea' id='block_1_59' title="bbox 395 3329 1974 3410">
    <p class='ocr_par' dir='ltr' id='par_1_59' title="bbox 395 3329 1974 3410">
     <span class='ocr_line' id='line_1_59' title="bbox 395 3329 1974 3410; baseline 0.015 -32"><span class='ocrx_word' id='word_1_444' title='bbox 395 3329 607 3383; x_wconf 77' lang='grc' dir='ltr'>τουτονὶ</span> <span class='ocrx_word' id='word_1_445' title='bbox 641 3330 751 3382; x_wconf 85' lang='grc' dir='ltr'>τῶν</span> <span class='ocrx_word' id='word_1_446' title='bbox 778 3332 954 3401; x_wconf 89' lang='grc' dir='ltr'>λόγων</span> <span class='ocrx_word' id='word_1_447' title='bbox 985 3336 1301 3407; x_wconf 87' lang='grc' dir='ltr'>ὐπήλθομεν</span> <span class='ocrx_word' id='word_1_448' title='bbox 1333 3341 1428 3394; x_wconf 81' lang='grc' dir='ltr'>τὸν</span> <span class='ocrx_word' id='word_1_449' title='bbox 1466 3342 1674 3410; x_wconf 85' lang='grc' dir='ltr'>ἀγῶνα,</span> <span class='ocrx_word' id='word_1_450' title='bbox 1718 3345 1836 3398; x_wconf 86' lang='grc' dir='ltr'>ἀλλ’</span> <span class='ocrx_word' id='word_1_451' title='bbox 1875 3349 1974 3401; x_wconf 83' lang='grc' dir='ltr'>αὐ·</span> 
     </span>
    </p>
   </div>
   <div class='ocr_carea' id='block_1_60' title="bbox 393 3411 1972 3508">
    <p class='ocr_par' dir='ltr' id='par_1_60' title="bbox 393 3411 1972 3508">
     <span class='ocr_line' id='line_1_60' title="bbox 393 3411 1972 3508; baseline 0.013 -36"><span class='ocrx_word' id='word_1_452' title='bbox 393 3423 509 3483; x_wconf 83' lang='grc' dir='ltr'>τοῖς</span> <span class='ocrx_word' id='word_1_453' title='bbox 552 3411 786 3486; x_wconf 87' lang='grc' dir='ltr'>ἐκείνοις</span> <span class='ocrx_word' id='word_1_454' title='bbox 823 3427 936 3489; x_wconf 89' lang='grc' dir='ltr'>τοῖς</span> <span class='ocrx_word' id='word_1_455' title='bbox 977 3428 1218 3497; x_wconf 85' lang='grc' dir='ltr'>φθάσασι</span> <span class='ocrx_word' id='word_1_456' title='bbox 1261 3437 1656 3504; x_wconf 83' lang='grc' dir='ltr'>πεπεισμένοι.</span> <span class='ocrx_word' id='word_1_457' title='bbox 1716 3439 1747 3508; x_wconf 89' lang='grc' dir='ltr'><strong>ἣ</strong></span> <span class='ocrx_word' id='word_1_458' title='bbox 1796 3439 1858 3492; x_wconf 91' lang='grc' dir='ltr'>τό</span> <span class='ocrx_word' id='word_1_459' title='bbox 1908 3457 1972 3507; x_wconf 91' lang='grc' dir='ltr'>γε</span> 
     </span>
    </p>
   </div>
   <div class='ocr_carea' id='block_1_61' title="bbox 393 3513 1973 3602">
    <p class='ocr_par' dir='ltr' id='par_1_61' title="bbox 393 3513 1973 3602">
     <span class='ocr_line' id='line_1_61' title="bbox 393 3513 1973 3602; baseline 0.013 -38"><span class='ocrx_word' id='word_1_460' title='bbox 393 3513 764 3587; x_wconf 82' lang='grc' dir='ltr'>ἀληθέστερον</span> <span class='ocrx_word' id='word_1_461' title='bbox 809 3521 1006 3588; x_wconf 84' lang='grc' dir='ltr'>εἰπεῖν,</span> <span class='ocrx_word' id='word_1_462' title='bbox 1061 3524 1156 3576; x_wconf 82' lang='grc' dir='ltr'>καὶ</span> <span class='ocrx_word' id='word_1_463' title='bbox 1220 3529 1736 3598; x_wconf 86' lang='grc' dir='ltr'>προστεταγμένοι,</span> <span class='ocrx_word' id='word_1_464' title='bbox 1784 3532 1973 3602; x_wconf 79' lang='grc' dir='ltr'>ἐπειδὴ</span> 
     </span>
    </p>
   </div>
   <div class='ocr_carea' id='block_1_62' title="bbox 394 3605 1974 3693">
    <p class='ocr_par' dir='ltr' id='par_1_62' title="bbox 394 3605 1974 3693">
     <span class='ocr_line' id='line_1_62' title="bbox 394 3605 1974 3693; baseline 0.015 -40"><span class='ocrx_word' id='word_1_465' title='bbox 394 3605 653 3674; x_wconf 87' lang='grc' dir='ltr'>τοιαύτης</span> <span class='ocrx_word' id='word_1_466' title='bbox 681 3606 872 3678; x_wconf 80' lang='grc' dir='ltr'>ἔτυχον</span> <span class='ocrx_word' id='word_1_467' title='bbox 900 3612 1051 3680; x_wconf 87' lang='grc' dir='ltr'>παρά</span> <span class='ocrx_word' id='word_1_468' title='bbox 1077 3613 1212 3667; x_wconf 75' lang='grc' dir='ltr'>Θεοῦ</span> <span class='ocrx_word' id='word_1_469' title='bbox 1242 3616 1346 3684; x_wconf 86' lang='grc' dir='ltr'>τῆς</span> <span class='ocrx_word' id='word_1_470' title='bbox 1379 3622 1567 3689; x_wconf 84' lang='grc' dir='ltr'>τιμῆς,</span> <span class='ocrx_word' id='word_1_471' title='bbox 1597 3621 1696 3690; x_wconf 84' lang='grc' dir='ltr'>τῆς</span> <span class='ocrx_word' id='word_1_472' title='bbox 1731 3625 1974 3693; x_wconf 87' lang='grc' dir='ltr'>μεγάλης</span> 
     </span>
    </p>
   </div>
   <div class='ocr_carea' id='block_1_63' title="bbox 393 3693 1974 3783">
    <p class='ocr_par' dir='ltr' id='par_1_63' title="bbox 393 3693 1974 3783">
     <span class='ocr_line' id='line_1_63' title="bbox 393 3693 1974 3783; baseline 0.015 -39"><span class='ocrx_word' id='word_1_473' title='bbox 393 3693 502 3744; x_wconf 84' lang='grc' dir='ltr'>τῶν</span> <span class='ocrx_word' id='word_1_474' title='bbox 534 3697 743 3750; x_wconf 85' lang='grc' dir='ltr'>πιστῶν</span> <span class='ocrx_word' id='word_1_475' title='bbox 777 3699 1127 3770; x_wconf 86' lang='grc' dir='ltr'>Ἐκκλησίας,</span> <span class='ocrx_word' id='word_1_476' title='bbox 1158 3709 1354 3759; x_wconf 77' lang='grc' dir='ltr'>ταυτὸν</span> <span class='ocrx_word' id='word_1_477' title='bbox 1383 3708 1429 3762; x_wconf 79' lang='grc' dir='ltr'>δ’</span> <span class='ocrx_word' id='word_1_478' title='bbox 1462 3712 1639 3764; x_wconf 74' lang='grc' dir='ltr'>εἰπεῖν</span> <span class='ocrx_word' id='word_1_479' title='bbox 1671 3714 1765 3765; x_wconf 71' lang='grc' dir='ltr'>καὶ</span> <span class='ocrx_word' id='word_1_480' title='bbox 1789 3715 1974 3783; x_wconf 81' lang='grc' dir='ltr'>πάσης</span> 
     </span>
    </p>
   </div>
   <div class='ocr_carea' id='block_1_64' title="bbox 394 3784 1973 3873">
    <p class='ocr_par' dir='ltr' id='par_1_64' title="bbox 394 3784 1973 3873">
     <span class='ocr_line' id='line_1_64' title="bbox 394 3784 1973 3873; baseline 0.017 -40"><span class='ocrx_word' id='word_1_481' title='bbox 394 3784 494 3848; x_wconf 86' lang='grc' dir='ltr'>τῆς</span> <span class='ocrx_word' id='word_1_482' title='bbox 523 3785 857 3859; x_wconf 75' lang='grc' dir='ltr'>οἰκουμένης</span> <span class='ocrx_word' id='word_1_483' title='bbox 895 3795 961 3863; x_wconf 82' lang='grc' dir='ltr'>τῇ</span> <span class='ocrx_word' id='word_1_484' title='bbox 991 3793 1278 3868; x_wconf 83' lang='grc' dir='ltr'>ἐνοικούσῃ</span> <span class='ocrx_word' id='word_1_485' title='bbox 1305 3798 1495 3868; x_wconf 70' lang='grc' dir='ltr'>,χάριτι</span> <span class='ocrx_word' id='word_1_486' title='bbox 1534 3801 1626 3854; x_wconf 86' lang='grc' dir='ltr'>τοῦ</span> <span class='ocrx_word' id='word_1_487' title='bbox 1654 3805 1973 3873; x_wconf 87' lang='grc' dir='ltr'>Πνεύματος</span> 
     </span>
    </p>
   </div>
   <div class='ocr_carea' id='block_1_65' title="bbox 394 3875 1972 3968">
    <p class='ocr_par' dir='ltr' id='par_1_65' title="bbox 394 3875 1972 3968">
     <span class='ocr_line' id='line_1_65' title="bbox 394 3875 1972 3968; baseline 0.016 -42"><span class='ocrx_word' id='word_1_488' title='bbox 394 3875 730 3942; x_wconf 76' lang='grc' dir='ltr'>ἐξηγεῖσθαι,</span> <span class='ocrx_word' id='word_1_489' title='bbox 787 3883 884 3936; x_wconf 76' lang='grc' dir='ltr'>καὶ</span> <span class='ocrx_word' id='word_1_490' title='bbox 927 3883 1236 3955; x_wconf 78' lang='grc' dir='ltr'>βραϐευτὰς</span> <span class='ocrx_word' id='word_1_491' title='bbox 1295 3886 1438 3944; x_wconf 77' lang='grc' dir='ltr'>εἶναι</span> <span class='ocrx_word' id='word_1_492' title='bbox 1494 3895 1607 3957; x_wconf 88' lang='grc' dir='ltr'>τοῖς</span> <span class='ocrx_word' id='word_1_493' title='bbox 1658 3896 1766 3949; x_wconf 77' lang='grc' dir='ltr'>ὑπὸ</span> <span class='ocrx_word' id='word_1_494' title='bbox 1813 3901 1972 3968; x_wconf 89' lang='grc' dir='ltr'>χεῖρα</span> 
     </span>
    </p>
   </div>
   <div class='ocr_carea' id='block_1_66' title="bbox 396 3970 1970 4058">
    <p class='ocr_par' dir='ltr' id='par_1_66' title="bbox 396 3970 1970 4058">
     <span class='ocr_line' id='line_1_66' title="bbox 396 3970 1970 4058; baseline 0.018 -39"><span class='ocrx_word' id='word_1_495' title='bbox 396 3970 556 4036; x_wconf 85' lang='grc' dir='ltr'>ἱερῶν</span> <span class='ocrx_word' id='word_1_496' title='bbox 591 3971 687 4026; x_wconf 73' lang='grc' dir='ltr'>καὶ</span> <span class='ocrx_word' id='word_1_497' title='bbox 722 3978 1114 4045; x_wconf 85' lang='grc' dir='ltr'>πνευματικῶν</span> <span class='ocrx_word' id='word_1_498' title='bbox 1152 3981 1383 4046; x_wconf 80' lang='grc' dir='ltr'>ἀγώνων</span> <span class='ocrx_word' id='word_1_499' title='bbox 1413 3985 1510 4038; x_wconf 75' lang='grc' dir='ltr'>καὶ</span> <span class='ocrx_word' id='word_1_500' title='bbox 1549 3986 1970 4058; x_wconf 85' lang='grc' dir='ltr'>παλαισμάτων.</span> 
     </span>
    </p>
   </div>
   <div class='ocr_carea' id='block_1_67' title="bbox 467 4058 1969 4148">
    <p class='ocr_par' dir='ltr' id='par_1_67' title="bbox 467 4058 1969 4148">
     <span class='ocr_line' id='line_1_67' title="bbox 467 4058 1969 4148; baseline 0.016 -38"><span class='ocrx_word' id='word_1_501' title='bbox 467 4059 538 4110; x_wconf 88' lang='grc' dir='ltr'>Τὸ</span> <span class='ocrx_word' id='word_1_502' title='bbox 566 4059 665 4129; x_wconf 85' lang='grc' dir='ltr'>μέν</span> <span class='ocrx_word' id='word_1_503' title='bbox 687 4058 780 4116; x_wconf 77' lang='grc' dir='ltr'>οὖν</span> <span class='ocrx_word' id='word_1_504' title='bbox 802 4062 944 4118; x_wconf 77' lang='grc' dir='ltr'>ἔθνει</span> <span class='ocrx_word' id='word_1_505' title='bbox 974 4068 1080 4120; x_wconf 83' lang='grc' dir='ltr'>τινὶ</span> <span class='ocrx_word' id='word_1_506' title='bbox 1113 4069 1220 4120; x_wconf 89' lang='grc' dir='ltr'>τῶν</span> <span class='ocrx_word' id='word_1_507' title='bbox 1252 4071 1692 4144; x_wconf 88' lang='grc' dir='ltr'>εὐδοκιμηκότων</span> <span class='ocrx_word' id='word_1_508' title='bbox 1732 4079 1969 4148; x_wconf 89' lang='grc' dir='ltr'>μεγάλα,</span> 
     </span>
    </p>
   </div>
   <div class='ocr_carea' id='block_1_68' title="bbox 396 4151 1973 4242">
    <p class='ocr_par' dir='ltr' id='par_1_68' title="bbox 396 4151 1973 4242">
     <span class='ocr_line' id='line_1_68' title="bbox 396 4151 1973 4242; baseline 0.016 -40"><span class='ocrx_word' id='word_1_509' title='bbox 396 4151 426 4218; x_wconf 72' lang='grc' dir='ltr'><strong>ἢ</strong></span> <span class='ocrx_word' id='word_1_510' title='bbox 462 4153 556 4204; x_wconf 73' lang='grc' dir='ltr'>καὶ</span> <span class='ocrx_word' id='word_1_511' title='bbox 579 4155 732 4208; x_wconf 91' lang='grc' dir='ltr'>πόλει</span> <span class='ocrx_word' id='word_1_512' title='bbox 758 4156 961 4221; x_wconf 85' lang='grc' dir='ltr'>πολλὰς</span> <span class='ocrx_word' id='word_1_513' title='bbox 989 4161 1190 4236; x_wconf 81' lang='grc' dir='ltr'>ἐχούσῃ</span> <span class='ocrx_word' id='word_1_514' title='bbox 1221 4163 1330 4216; x_wconf 90' lang='grc' dir='ltr'>τῶν</span> <span class='ocrx_word' id='word_1_515' title='bbox 1349 4167 1644 4237; x_wconf 86' lang='grc' dir='ltr'>ἐγκωμίων</span> <span class='ocrx_word' id='word_1_516' title='bbox 1679 4171 1778 4233; x_wconf 81' lang='grc' dir='ltr'>τὰς</span> <span class='ocrx_word' id='word_1_517' title='bbox 1802 4173 1973 4242; x_wconf 83' lang='grc' dir='ltr'>ἀφορ-</span> 
     </span>
    </p>
   </div>
   <div class='ocr_carea' id='block_1_69' title="bbox 399 4245 1972 4332">
    <p class='ocr_par' dir='ltr' id='par_1_69' title="bbox 399 4245 1972 4332">
     <span class='ocr_line' id='line_1_69' title="bbox 399 4245 1972 4332; baseline 0.015 -39"><span class='ocrx_word' id='word_1_518' title='bbox 399 4245 525 4310; x_wconf 66' lang='grc' dir='ltr'>μὰς,</span> <span class='ocrx_word' id='word_1_519' title='bbox 563 4247 657 4297; x_wconf 72' lang='grc' dir='ltr'>καὶ</span> <span class='ocrx_word' id='word_1_520' title='bbox 693 4247 898 4314; x_wconf 79' lang='grc' dir='ltr'>μηδένα</span> <span class='ocrx_word' id='word_1_521' title='bbox 945 4249 1110 4304; x_wconf 90' lang='grc' dir='ltr'>τόπον</span> <span class='ocrx_word' id='word_1_522' title='bbox 1157 4256 1271 4318; x_wconf 85' lang='grc' dir='ltr'>τοῖς</span> <span class='ocrx_word' id='word_1_523' title='bbox 1315 4256 1663 4328; x_wconf 87' lang='grc' dir='ltr'>βουλομένοις</span> <span class='ocrx_word' id='word_1_524' title='bbox 1700 4261 1972 4332; x_wconf 82' lang='grc' dir='ltr'>εὐφημεῖν</span> 
     </span>
    </p>
   </div>
   <div class='ocr_carea' id='block_1_70' title="bbox 391 4336 1972 4420">
    <p class='ocr_par' dir='ltr' id='par_1_70' title="bbox 391 4336 1972 4420">
     <span class='ocr_line' id='line_1_70' title="bbox 391 4336 1972 4420; baseline 0.014 -33"><span class='ocrx_word' id='word_1_525' title='bbox 391 4336 558 4402; x_wconf 69' lang='grc' dir='ltr'>ἀργδν</span> <span class='ocrx_word' id='word_1_526' title='bbox 610 4340 918 4411; x_wconf 77' lang='grc' dir='ltr'>παρηκυία,</span> <span class='ocrx_word' id='word_1_527' title='bbox 971 4342 1069 4414; x_wconf 82' lang='grc' dir='ltr'>τὴν</span> <span class='ocrx_word' id='word_1_528' title='bbox 1107 4345 1215 4399; x_wconf 78' lang='grc' dir='ltr'>ἀπὸ</span> <span class='ocrx_word' id='word_1_529' title='bbox 1267 4347 1377 4400; x_wconf 91' lang='grc' dir='ltr'>τῶν</span> <span class='ocrx_word' id='word_1_530' title='bbox 1424 4349 1603 4420; x_wconf 80' lang='grc' dir='ltr'>ἔργων</span> <span class='ocrx_word' id='word_1_531' title='bbox 1653 4353 1811 4418; x_wconf 80' lang='grc' dir='ltr'>δόξαν</span> <span class='ocrx_word' id='word_1_532' title='bbox 1857 4358 1972 4420; x_wconf 91' lang='grc' dir='ltr'>τοῖς</span> 
     </span>
    </p>
   </div>
   <div class='ocr_carea' id='block_1_71' title="bbox 393 4424 1969 4512">
    <p class='ocr_par' dir='ltr' id='par_1_71' title="bbox 393 4424 1969 4512">
     <span class='ocr_line' id='line_1_71' title="bbox 393 4424 1969 4512; baseline 0.015 -37"><span class='ocrx_word' id='word_1_533' title='bbox 393 4424 571 4492; x_wconf 88' lang='grc' dir='ltr'>λόγοις</span> <span class='ocrx_word' id='word_1_534' title='bbox 604 4427 911 4495; x_wconf 78' lang='grc' dir='ltr'>συναύξειν,</span> <span class='ocrx_word' id='word_1_535' title='bbox 953 4435 1048 4485; x_wconf 74' lang='grc' dir='ltr'>καὶ</span> <span class='ocrx_word' id='word_1_536' title='bbox 1102 4433 1495 4509; x_wconf 88' lang='grc' dir='ltr'>λαμπροτέραν</span> <span class='ocrx_word' id='word_1_537' title='bbox 1545 4441 1969 4512; x_wconf 77' lang='grc' dir='ltr'>ἀπεργάζεσθαι</span> 
     </span>
    </p>
   </div>
   <div class='ocr_carea' id='block_1_72' title="bbox 393 4520 1968 4604">
    <p class='ocr_par' dir='ltr' id='par_1_72' title="bbox 393 4520 1968 4604">
     <span class='ocr_line' id='line_1_72' title="bbox 393 4520 1968 4604; baseline 0.013 -34"><span class='ocrx_word' id='word_1_538' title='bbox 393 4520 689 4589; x_wconf 86' lang='grc' dir='ltr'>πειρᾶσθαι</span> <span class='ocrx_word' id='word_1_539' title='bbox 707 4524 820 4584; x_wconf 89' lang='grc' dir='ltr'>τοῖς</span> <span class='ocrx_word' id='word_1_540' title='bbox 843 4525 1163 4594; x_wconf 88' lang='grc' dir='ltr'>ἐγκωμίοις,</span> <span class='ocrx_word' id='word_1_541' title='bbox 1183 4530 1372 4601; x_wconf 85' lang='grc' dir='ltr'>ὥσπερ</span> <span class='ocrx_word' id='word_1_542' title='bbox 1393 4533 1442 4584; x_wconf 80' lang='grc' dir='ltr'>οἱ</span> <span class='ocrx_word' id='word_1_543' title='bbox 1465 4536 1578 4598; x_wconf 86' lang='grc' dir='ltr'>τοῖς</span> <span class='ocrx_word' id='word_1_544' title='bbox 1600 4535 1759 4604; x_wconf 83' lang='grc' dir='ltr'>φύσει</span> <span class='ocrx_word' id='word_1_545' title='bbox 1778 4538 1968 4601; x_wconf 87' lang='grc' dir='ltr'>καλοῖς</span> 
     </span>
    </p>
   </div>
   <div class='ocr_carea' id='block_1_73' title="bbox 392 4610 1965 4697">
    <p class='ocr_par' dir='ltr' id='par_1_73' title="bbox 392 4610 1965 4697">
     <span class='ocr_line' id='line_1_73' title="bbox 392 4610 1965 4697; baseline 0.013 -36"><span class='ocrx_word' id='word_1_546' title='bbox 392 4610 488 4662; x_wconf 78' lang='grc' dir='ltr'>καὶ</span> <span class='ocrx_word' id='word_1_547' title='bbox 528 4612 628 4680; x_wconf 82' lang='grc' dir='ltr'>τὴν</span> <span class='ocrx_word' id='word_1_548' title='bbox 660 4613 786 4666; x_wconf 85' lang='grc' dir='ltr'>ἀπὸ.</span> <span class='ocrx_word' id='word_1_549' title='bbox 822 4615 927 4668; x_wconf 89' lang='grc' dir='ltr'>τῶν</span> <span class='ocrx_word' id='word_1_550' title='bbox 978 4617 1179 4682; x_wconf 76' lang='grc' dir='ltr'>ἔξωθεν</span> <span class='ocrx_word' id='word_1_551' title='bbox 1229 4621 1529 4695; x_wconf 86' lang='grc' dir='ltr'>εὐκοσμίαν</span> <span class='ocrx_word' id='word_1_552' title='bbox 1568 4625 1965 4697; x_wconf 81' lang='grc' dir='ltr'>περιτιθέντες,</span> 
     </span>
    </p>
   </div>
   <div class='ocr_carea' id='block_1_74' title="bbox 390 4704 1966 4786">
    <p class='ocr_par' dir='ltr' id='par_1_74' title="bbox 390 4704 1966 4786">
     <span class='ocr_line' id='line_1_74' title="bbox 390 4704 1966 4786; baseline 0.013 -34"><span class='ocrx_word' id='word_1_553' title='bbox 390 4704 453 4754; x_wconf 79' lang='grc' dir='ltr'>οὐ</span> <span class='ocrx_word' id='word_1_554' title='bbox 487 4705 680 4773; x_wconf 71' lang='grc' dir='ltr'>μικρὸν</span> <span class='ocrx_word' id='word_1_555' title='bbox 725 4705 875 4759; x_wconf 80' lang='grc' dir='ltr'>δοκεῖ</span> <span class='ocrx_word' id='word_1_556' title='bbox 911 4711 1025 4772; x_wconf 83' lang='grc' dir='ltr'>τοῖς</span> <span class='ocrx_word' id='word_1_557' title='bbox 1061 4714 1191 4780; x_wconf 63' lang='grc' dir='ltr'>περὶ</span> <span class='ocrx_word' id='word_1_558' title='bbox 1233 4711 1424 4780; x_wconf 85' lang='grc' dir='ltr'>λόγους</span> <span class='ocrx_word' id='word_1_559' title='bbox 1467 4716 1854 4786; x_wconf 87' lang='grc' dir='ltr'>ἐπτοημένοις,</span> <span class='ocrx_word' id='word_1_560' title='bbox 1907 4717 1966 4772; x_wconf 82' lang='grc' dir='ltr'>ἓν</span> 
     </span>
    </p>
   </div>
   <div class='ocr_carea' id='block_1_75' title="bbox 391 4793 1969 4872">
    <p class='ocr_par' dir='ltr' id='par_1_75' title="bbox 391 4793 1969 4872">
     <span class='ocr_line' id='line_1_75' title="bbox 391 4793 1969 4872; baseline 0.011 -28"><span class='ocrx_word' id='word_1_561' title='bbox 391 4793 547 4846; x_wconf 78' lang='grc' dir='ltr'>τοῦτο</span> <span class='ocrx_word' id='word_1_562' title='bbox 575 4795 675 4862; x_wconf 86' lang='grc' dir='ltr'>τῆς</span> <span class='ocrx_word' id='word_1_563' title='bbox 725 4799 966 4869; x_wconf 83' lang='grc' dir='ltr'>σπουδῆς</span> <span class='ocrx_word' id='word_1_564' title='bbox 1013 4801 1340 4869; x_wconf 81' lang='grc' dir='ltr'>ἡγουμένοις</span> <span class='ocrx_word' id='word_1_565' title='bbox 1377 4805 1550 4872; x_wconf 84' lang='grc' dir='ltr'>τέλος,</span> <span class='ocrx_word' id='word_1_566' title='bbox 1584 4807 1693 4859; x_wconf 87' lang='grc' dir='ltr'>τῶν</span> <span class='ocrx_word' id='word_1_567' title='bbox 1735 4810 1969 4862; x_wconf 87' lang='grc' dir='ltr'>ἀκουσο-</span> 
     </span>
    </p>
   </div>
   <div class='ocr_carea' id='block_1_76' title="bbox 397 4886 1968 4968">
    <p class='ocr_par' dir='ltr' id='par_1_76' title="bbox 397 4886 1968 4968">
     <span class='ocr_line' id='line_1_76' title="bbox 397 4886 1968 4968; baseline 0.011 -34"><span class='ocrx_word' id='word_1_568' title='bbox 397 4886 571 4950; x_wconf 86' lang='grc' dir='ltr'>μένων</span> <span class='ocrx_word' id='word_1_569' title='bbox 609 4888 708 4958; x_wconf 80' lang='grc' dir='ltr'>τὴν</span> <span class='ocrx_word' id='word_1_570' title='bbox 759 4887 1077 4959; x_wconf 79' lang='grc' dir='ltr'>εὐφημίαν·</span> <span class='ocrx_word' id='word_1_571' title='bbox 1131 4892 1227 4946; x_wconf 70' lang='grc' dir='ltr'>καὶ</span> <span class='ocrx_word' id='word_1_572' title='bbox 1279 4893 1415 4961; x_wconf 80' lang='grc' dir='ltr'>πρὸς</span> <span class='ocrx_word' id='word_1_573' title='bbox 1466 4896 1623 4948; x_wconf 74' lang='grc' dir='ltr'>τοῦτο</span> <span class='ocrx_word' id='word_1_574' title='bbox 1673 4902 1968 4968; x_wconf 73' lang='grc' dir='ltr'>κεχήνασιν</span> 
     </span>
    </p>
   </div>
   <div class='ocr_carea' id='block_1_77' title="bbox 391 4978 1966 5055">
    <p class='ocr_par' dir='ltr' id='par_1_77' title="bbox 391 4978 1966 5055">
     <span class='ocr_line' id='line_1_77' title="bbox 391 4978 1966 5055; baseline 0.008 -27"><span class='ocrx_word' id='word_1_575' title='bbox 391 4978 666 5046; x_wconf 88' lang='grc' dir='ltr'>ἀκρατῶς,</span> <span class='ocrx_word' id='word_1_576' title='bbox 712 4981 806 5033; x_wconf 75' lang='grc' dir='ltr'>καὶ</span> <span class='ocrx_word' id='word_1_577' title='bbox 857 4981 1138 5051; x_wconf 81' lang='grc' dir='ltr'>νομίζουσι</span> <span class='ocrx_word' id='word_1_578' title='bbox 1195 4984 1307 5038; x_wconf 89' lang='grc' dir='ltr'>τῶν</span> <span class='ocrx_word' id='word_1_579' title='bbox 1360 4986 1538 5038; x_wconf 86' lang='grc' dir='ltr'>πόνων</span> <span class='ocrx_word' id='word_1_580' title='bbox 1594 4983 1760 5040; x_wconf 82' lang='grc' dir='ltr'>ἆθλον</span> <span class='ocrx_word' id='word_1_581' title='bbox 1816 4989 1966 5055; x_wconf 74' lang='grc' dir='ltr'>ἄξιον</span> 
     </span>
    </p>
   </div>
   <div class='ocr_carea' id='block_1_78' title="bbox 392 5071 1966 5148">
    <p class='ocr_par' dir='ltr' id='par_1_78' title="bbox 392 5071 1966 5148">
     <span class='ocr_line' id='line_1_78' title="bbox 392 5071 1966 5148; baseline 0.01 -29"><span class='ocrx_word' id='word_1_582' title='bbox 392 5071 694 5139; x_wconf 67' lang='grc' dir='ltr'>εἰληφέναι,</span> <span class='ocrx_word' id='word_1_583' title='bbox 734 5073 800 5125; x_wconf 82' lang='grc' dir='ltr'>ἂν</span> <span class='ocrx_word' id='word_1_584' title='bbox 832 5073 983 5142; x_wconf 87' lang='grc' dir='ltr'>παρά</span> <span class='ocrx_word' id='word_1_585' title='bbox 1004 5074 1114 5126; x_wconf 87' lang='grc' dir='ltr'>τῶν</span> <span class='ocrx_word' id='word_1_586' title='bbox 1165 5076 1401 5144; x_wconf 77' lang='grc' dir='ltr'>πολλῶν,</span> <span class='ocrx_word' id='word_1_587' title='bbox 1435 5077 1467 5146; x_wconf 80' lang='grc' dir='ltr'>ἢ</span> <span class='ocrx_word' id='word_1_588' title='bbox 1503 5079 1598 5131; x_wconf 73' lang='grc' dir='ltr'>καὶ</span> <span class='ocrx_word' id='word_1_589' title='bbox 1645 5080 1754 5133; x_wconf 87' lang='grc' dir='ltr'>τῶν</span> <span class='ocrx_word' id='word_1_590' title='bbox 1785 5097 1966 5148; x_wconf 84' lang='grc' dir='ltr'>σοφω-</span> 
     </span>
    </p>
   </div>
   <div class='ocr_carea' id='block_1_79' title="bbox 391 5163 1970 5238">
    <p class='ocr_par' dir='ltr' id='par_1_79' title="bbox 391 5163 1970 5238">
     <span class='ocr_line' id='line_1_79' title="bbox 391 5163 1970 5238; baseline -0.008 -23"><span class='ocrx_word' id='word_1_591' title='bbox 391 5164 568 5232; x_wconf 84' lang='grc' dir='ltr'>τέρων</span> <span class='ocrx_word' id='word_1_592' title='bbox 596 5163 802 5233; x_wconf 82' lang='grc' dir='ltr'>τύχωσι</span> <span class='ocrx_word' id='word_1_593' title='bbox 832 5165 1262 5236; x_wconf 86' lang='grc' dir='ltr'>θαυμασθέντες·</span> <span class='ocrx_word' id='word_1_594' title='bbox 1297 5168 1412 5220; x_wconf 82' lang='grc' dir='ltr'>ἀλλ’</span> <span class='ocrx_word' id='word_1_595' title='bbox 1447 5169 1569 5238; x_wconf 71' lang='grc' dir='ltr'>οὐχὶ</span> <span class='ocrx_word' id='word_1_596' title='bbox 1619 5171 1714 5223; x_wconf 66' lang='grc' dir='ltr'>καὶ</span> <span class='ocrx_word' id='word_1_597' title='bbox 1740 5173 1851 5234; x_wconf 55' lang='grc' dir='ltr'>τοτε,ἵ</span> <span class='ocrx_word' id='word_1_598' title='bbox 1883 5171 1970 5224; x_wconf 69' lang='grc' dir='ltr'>δν,</span> 
     </span>
    </p>
   </div>
   <div class='ocr_carea' id='block_1_80' title="bbox 394 5257 1968 5332">
    <p class='ocr_par' dir='ltr' id='par_1_80' title="bbox 394 5257 1968 5332">
     <span class='ocr_line' id='line_1_80' title="bbox 394 5257 1968 5332; baseline 0.008 -28"><span class='ocrx_word' id='word_1_599' title='bbox 394 5273 501 5318; x_wconf 82' lang='grc' dir='ltr'>τως</span> <span class='ocrx_word' id='word_1_600' title='bbox 531 5261 714 5324; x_wconf 85' lang='grc' dir='ltr'>σοφοῖς</span> <span class='ocrx_word' id='word_1_601' title='bbox 738 5258 831 5310; x_wconf 81' lang='grc' dir='ltr'>καὶ</span> <span class='ocrx_word' id='word_1_602' title='bbox 858 5257 956 5328; x_wconf 79' lang='grc' dir='ltr'>τὴν</span> <span class='ocrx_word' id='word_1_603' title='bbox 989 5259 1262 5314; x_wconf 87' lang='grc' dir='ltr'>εὐτέλειαν</span> <span class='ocrx_word' id='word_1_604' title='bbox 1288 5261 1398 5314; x_wconf 88' lang='grc' dir='ltr'>τῶν</span> <span class='ocrx_word' id='word_1_605' title='bbox 1432 5263 1716 5330; x_wconf 73' lang='grc' dir='ltr'>παρόντων</span> <span class='ocrx_word' id='word_1_606' title='bbox 1747 5263 1968 5332; x_wconf 87' lang='grc' dir='ltr'>διεγνω-</span> 
     </span>
    </p>
   </div>
   <div class='ocr_carea' id='block_1_81' title="bbox 393 5349 1974 5424">
    <p class='ocr_par' dir='ltr' id='par_1_81' title="bbox 393 5349 1974 5424">
     <span class='ocr_line' id='line_1_81' title="bbox 393 5349 1974 5424; baseline 0.004 -24"><span class='ocrx_word' id='word_1_607' title='bbox 393 5350 537 5412; x_wconf 78' lang='grc' dir='ltr'>κόσι,</span> <span class='ocrx_word' id='word_1_608' title='bbox 576 5350 667 5401; x_wconf 76' lang='grc' dir='ltr'>καὶ</span> <span class='ocrx_word' id='word_1_609' title='bbox 709 5349 1164 5419; x_wconf 81' lang='grc' dir='ltr'>πεπαιδευμένοις</span> <span class='ocrx_word' id='word_1_610' title='bbox 1197 5353 1401 5416; x_wconf 87' lang='grc' dir='ltr'>καλῶς.</span> <span class='ocrx_word' id='word_1_611' title='bbox 1435 5355 1500 5408; x_wconf 89' lang='grc' dir='ltr'>Τί</span> <span class='ocrx_word' id='word_1_612' title='bbox 1530 5355 1630 5424; x_wconf 77' lang='grc' dir='ltr'>μὲν</span> <span class='ocrx_word' id='word_1_613' title='bbox 1663 5355 1974 5424; x_wconf 75' lang='grc' dir='ltr'>θαυμάζειν</span> 
     </span>
    </p>
   </div>
   <div class='ocr_carea' id='block_1_82' title="bbox 393 5441 1966 5514">
    <p class='ocr_par' dir='ltr' id='par_1_82' title="bbox 393 5441 1966 5514">
     <span class='ocr_line' id='line_1_82' title="bbox 393 5441 1966 5514; baseline 0.003 -20"><span class='ocrx_word' id='word_1_614' title='bbox 393 5441 697 5510; x_wconf 73' lang='grc' dir='ltr'>προσήκεις</span> <span class='ocrx_word' id='word_1_615' title='bbox 756 5441 920 5494; x_wconf 82' lang='grc' dir='ltr'>τίνων</span> <span class='ocrx_word' id='word_1_616' title='bbox 960 5443 1015 5493; x_wconf 82' lang='grc' dir='ltr'>δὲ</span> <span class='ocrx_word' id='word_1_617' title='bbox 1056 5446 1149 5495; x_wconf 76' lang='grc' dir='ltr'>καὶ</span> <span class='ocrx_word' id='word_1_618' title='bbox 1205 5443 1326 5496; x_wconf 91' lang='grc' dir='ltr'>λίαν</span> <span class='ocrx_word' id='word_1_619' title='bbox 1374 5445 1659 5514; x_wconf 84' lang='grc' dir='ltr'>ὀλιγωρεῖν</span> <span class='ocrx_word' id='word_1_620' title='bbox 1709 5446 1853 5514; x_wconf 88' lang='grc' dir='ltr'>μέγα</span> <span class='ocrx_word' id='word_1_621' title='bbox 1899 5448 1966 5499; x_wconf 83' lang='grc' dir='ltr'>τά</span> 
     </span>
    </p>
   </div>
   <div class='ocr_carea' id='block_1_83' title="bbox 393 5534 1963 5607">
    <p class='ocr_par' dir='ltr' id='par_1_83' title="bbox 393 5534 1963 5607">
     <span class='ocr_line' id='line_1_83' title="bbox 393 5534 1963 5607; baseline 0.002 -21"><span class='ocrx_word' id='word_1_622' title='bbox 393 5534 617 5586; x_wconf 82' lang='grc' dir='ltr'>τοιαῦτα</span> <span class='ocrx_word' id='word_1_623' title='bbox 642 5534 824 5600; x_wconf 86' lang='grc' dir='ltr'>δοκεῖ;</span> <span class='ocrx_word' id='word_1_624' title='bbox 852 5535 1195 5604; x_wconf 80' lang='grc' dir='ltr'>Μικρολόγου</span> <span class='ocrx_word' id='word_1_625' title='bbox 1229 5536 1326 5604; x_wconf 79' lang='grc' dir='ltr'>μὲν</span> <span class='ocrx_word' id='word_1_626' title='bbox 1355 5537 1446 5590; x_wconf 76' lang='grc' dir='ltr'>οὖν</span> <span class='ocrx_word' id='word_1_627' title='bbox 1475 5538 1652 5607; x_wconf 78' lang='grc' dir='ltr'>ψυχῆς</span> <span class='ocrx_word' id='word_1_628' title='bbox 1683 5540 1777 5591; x_wconf 77' lang='grc' dir='ltr'>καὶ</span> <span class='ocrx_word' id='word_1_629' title='bbox 1803 5539 1963 5602; x_wconf 80' lang='grc' dir='ltr'>δόξης</span> 
     </span>
    </p>
   </div>
   <div class='ocr_carea' id='block_1_84' title="bbox 399 5627 1933 5698">
    <p class='ocr_par' dir='ltr' id='par_1_84' title="bbox 399 5627 1933 5698">
     <span class='ocr_line' id='line_1_84' title="bbox 399 5627 1933 5698; baseline 0.003 -21"><span class='ocrx_word' id='word_1_630' title='bbox 399 5627 560 5695; x_wconf 81' lang='grc' dir='ltr'>κενῆς</span> <span class='ocrx_word' id='word_1_631' title='bbox 590 5627 825 5698; x_wconf 80' lang='grc' dir='ltr'>ἐρώσης,</span> <span class='ocrx_word' id='word_1_632' title='bbox 859 5629 954 5681; x_wconf 74' lang='grc' dir='ltr'>καὶ</span> <span class='ocrx_word' id='word_1_633' title='bbox 983 5629 1010 5680; x_wconf 84' lang='grc' dir='ltr'>ὃ</span> <span class='ocrx_word' id='word_1_634' title='bbox 1052 5645 1214 5694; x_wconf 84' lang='grc' dir='ltr'>φασιν</span> <span class='ocrx_word' id='word_1_635' title='bbox 1244 5629 1511 5698; x_wconf 82' lang='grc' dir='ltr'>Ἑλλήνων</span> <span class='ocrx_word' id='word_1_636' title='bbox 1545 5630 1730 5693; x_wconf 83' lang='grc' dir='ltr'>παῖδες</span> <span class='ocrx_word' id='word_1_637' title='bbox 1766 5633 1821 5683; x_wconf 82' lang='grc' dir='ltr'>ἐν</span> <span class='ocrx_word' id='word_1_638' title='bbox 1863 5630 1933 5698; x_wconf 88' lang='grc' dir='ltr'>μύ</span> 
     </span>
    </p>
   </div>
   <div class='ocr_carea' id='block_1_85' title="bbox 401 5719 1967 5789">
    <p class='ocr_par' dir='ltr' id='par_1_85' title="bbox 401 5719 1967 5789">
     <span class='ocr_line' id='line_1_85' title="bbox 401 5719 1967 5789; baseline 0.001 -17"><span class='ocrx_word' id='word_1_639' title='bbox 401 5720 531 5782; x_wconf 82' lang='grc' dir='ltr'>θοις,</span> <span class='ocrx_word' id='word_1_640' title='bbox 565 5719 692 5787; x_wconf 79' lang='grc' dir='ltr'>περὶ</span> <span class='ocrx_word' id='word_1_641' title='bbox 722 5719 831 5771; x_wconf 84' lang='grc' dir='ltr'>τῶν</span> <span class='ocrx_word' id='word_1_642' title='bbox 879 5719 936 5769; x_wconf 79' lang='grc' dir='ltr'>ἐν</span> <span class='ocrx_word' id='word_1_643' title='bbox 971 5719 1097 5789; x_wconf 77' lang='grc' dir='ltr'>ᾅδου</span> <span class='ocrx_word' id='word_1_644' title='bbox 1150 5720 1528 5786; x_wconf 80' lang='grc' dir='ltr'>κολαζομένων</span> <span class='ocrx_word' id='word_1_645' title='bbox 1556 5721 1722 5783; x_wconf 62' lang='grc' dir='ltr'>τινος,</span> <span class='ocrx_word' id='word_1_646' title='bbox 1762 5724 1838 5782; x_wconf 81' lang='grc' dir='ltr'>εἰς</span> <span class='ocrx_word' id='word_1_647' title='bbox 1880 5739 1967 5773; x_wconf 84' lang='lat'>1:-</span> 
     </span>
    </p>
   </div>
   <div class='ocr_carea' id='block_1_86' title="bbox 396 5809 1965 5883">
    <p class='ocr_par' dir='ltr' id='par_1_86' title="bbox 396 5809 1965 5883">
     <span class='ocr_line' id='line_1_86' title="bbox 396 5809 1965 5883; baseline -0.001 -18"><span class='ocrx_word' id='word_1_648' title='bbox 396 5810 668 5883; x_wconf 82' lang='grc' dir='ltr'>τρημένον</span> <span class='ocrx_word' id='word_1_649' title='bbox 687 5809 981 5877; x_wconf 79' lang='grc' dir='ltr'>ἀντλούσης</span> <span class='ocrx_word' id='word_1_650' title='bbox 1017 5811 1194 5864; x_wconf 80' lang='grc' dir='ltr'>πίθον.</span> <span class='ocrx_word' id='word_1_651' title='bbox 1236 5811 1334 5862; x_wconf 76' lang='grc' dir='ltr'>’Ἂν</span> <span class='ocrx_word' id='word_1_652' title='bbox 1361 5811 1416 5864; x_wconf 80' lang='grc' dir='ltr'>δέ</span> <span class='ocrx_word' id='word_1_653' title='bbox 1453 5830 1534 5872; x_wconf 85' lang='grc' dir='ltr'>τις</span> <span class='ocrx_word' id='word_1_654' title='bbox 1579 5811 1718 5882; x_wconf 79' lang='grc' dir='ltr'>ὑπὲρ</span> <span class='ocrx_word' id='word_1_655' title='bbox 1763 5813 1965 5881; x_wconf 64' lang='grc' dir='ltr'>ἀρετῆς</span> 
     </span>
    </p>
   </div>
   <div class='ocr_carea' id='block_1_87' title="bbox 402 5896 1964 5976">
    <p class='ocr_par' dir='ltr' id='par_1_87' title="bbox 402 5904 1964 5976">
     <span class='ocr_line' id='line_1_87' title="bbox 402 5904 1964 5976; baseline -0.002 -16"><span class='ocrx_word' id='word_1_656' title='bbox 402 5925 458 5966; x_wconf 81' lang='grc' dir='ltr'>τε</span> <span class='ocrx_word' id='word_1_657' title='bbox 483 5907 575 5964; x_wconf 68' lang='grc' dir='ltr'>καὶ</span> <span class='ocrx_word' id='word_1_658' title='bbox 602 5904 882 5966; x_wconf 73' lang='grc' dir='ltr'>εὐσεσείας</span> <span class='ocrx_word' id='word_1_659' title='bbox 919 5905 1004 5957; x_wconf 75' lang='grc' dir='ltr'>καὶ</span> <span class='ocrx_word' id='word_1_660' title='bbox 1042 5907 1148 5956; x_wconf 67' lang='grc' dir='ltr'>τῶν</span> <span class='ocrx_word' id='word_1_661' title='bbox 1187 5905 1348 5958; x_wconf 74' lang='grc' dir='ltr'>πολλὰ</span> <span class='ocrx_word' id='word_1_662' title='bbox 1381 5905 1442 5976; x_wconf 78' lang='grc' dir='ltr'>δὴ</span> <span class='ocrx_word' id='word_1_663' title='bbox 1476 5904 1696 5968; x_wconf 62' lang='grc' dir='ltr'>ταύταις</span> <span class='ocrx_word' id='word_1_664' title='bbox 1748 5907 1964 5973; x_wconf 79' lang='grc' dir='ltr'>ἐνιδρω-</span> 
     </span>
    </p>
   </div>
   <div class='ocr_carea' id='block_1_88' title="bbox 2151 3329 3658 3405">
    <p class='ocr_par' dir='ltr' id='par_1_88' title="bbox 2151 3329 3658 3405">
     <span class='ocr_line' id='line_1_88' title="bbox 2151 3329 3658 3405; baseline 0.001 -20"><span class='ocrx_word' id='word_1_665' title='bbox 2151 3333 2336 3386; x_wconf 84' lang='grc' dir='ltr'>Πάντα</span> <span class='ocrx_word' id='word_1_666' title='bbox 2400 3331 2504 3401; x_wconf 84' lang='grc' dir='ltr'>μὲν</span> <span class='ocrx_word' id='word_1_667' title='bbox 2547 3329 2644 3386; x_wconf 81' lang='grc' dir='ltr'>οὖν</span> <span class='ocrx_word' id='word_1_668' title='bbox 2690 3331 2758 3386; x_wconf 88' lang='grc' dir='ltr'>τά</span> <span class='ocrx_word' id='word_1_669' title='bbox 2803 3334 3012 3388; x_wconf 78' lang='grc' dir='ltr'>ἐκείνου</span> <span class='ocrx_word' id='word_1_670' title='bbox 3047 3333 3325 3400; x_wconf 81' lang='grc' dir='ltr'>διεξιέναι,</span> <span class='ocrx_word' id='word_1_671' title='bbox 3377 3335 3568 3405; x_wconf 85' lang='grc' dir='ltr'>ὥσπερ</span> <span class='ocrx_word' id='word_1_672' title='bbox 3601 3339 3658 3390; x_wconf 80' lang='grc' dir='ltr'>ἐν</span> 
     </span>
    </p>
   </div>
   <div class='ocr_carea' id='block_1_89' title="bbox 2081 3424 3657 3496">
    <p class='ocr_par' dir='ltr' id='par_1_89' title="bbox 2081 3424 3657 3496">
     <span class='ocr_line' id='line_1_89' title="bbox 2081 3424 3657 3496; baseline 0.003 -20"><span class='ocrx_word' id='word_1_673' title='bbox 2081 3425 2377 3494; x_wconf 74' lang='grc' dir='ltr'>συγγραφῇ</span> <span class='ocrx_word' id='word_1_674' title='bbox 2430 3424 2558 3488; x_wconf 79' lang='grc' dir='ltr'>τοὺς</span> <span class='ocrx_word' id='word_1_675' title='bbox 2616 3425 2910 3493; x_wconf 85' lang='grc' dir='ltr'>ἐγκωμίων</span> <span class='ocrx_word' id='word_1_676' title='bbox 2963 3424 3237 3496; x_wconf 83' lang='grc' dir='ltr'>τηροῦντα</span> <span class='ocrx_word' id='word_1_677' title='bbox 3280 3427 3514 3496; x_wconf 89' lang='grc' dir='ltr'>νόμους,</span> <span class='ocrx_word' id='word_1_678' title='bbox 3562 3429 3657 3482; x_wconf 83' lang='grc' dir='ltr'>καὶ</span> 
     </span>
    </p>
   </div>
   <div class='ocr_carea' id='block_1_90' title="bbox 2075 3515 3658 3587">
    <p class='ocr_par' dir='ltr' id='par_1_90' title="bbox 2075 3515 3658 3587">
     <span class='ocr_line' id='line_1_90' title="bbox 2075 3515 3658 3587; baseline 0.003 -19"><span class='ocrx_word' id='word_1_679' title='bbox 2075 3515 2265 3586; x_wconf 84' lang='grc' dir='ltr'>ῶσπερ</span> <span class='ocrx_word' id='word_1_680' title='bbox 2297 3516 2598 3587; x_wconf 87' lang='grc' dir='ltr'>ἀνδριάντα</span> <span class='ocrx_word' id='word_1_681' title='bbox 2637 3519 2764 3570; x_wconf 86' lang='grc' dir='ltr'>τινά</span> <span class='ocrx_word' id='word_1_682' title='bbox 2789 3517 2900 3570; x_wconf 85' lang='grc' dir='ltr'>τῶν</span> <span class='ocrx_word' id='word_1_683' title='bbox 2927 3519 3138 3570; x_wconf 88' lang='grc' dir='ltr'>ἐκείνου</span> <span class='ocrx_word' id='word_1_684' title='bbox 3177 3517 3378 3582; x_wconf 87' lang='grc' dir='ltr'>καλῶν,</span> <span class='ocrx_word' id='word_1_685' title='bbox 3416 3520 3512 3571; x_wconf 75' lang='grc' dir='ltr'>καὶ</span> <span class='ocrx_word' id='word_1_686' title='bbox 3542 3523 3658 3581; x_wconf 89' lang='grc' dir='ltr'>τοῖς</span> 
     </span>
    </p>
   </div>
   <div class='ocr_carea' id='block_1_91' title="bbox 2075 3609 3654 3680">
    <p class='ocr_par' dir='ltr' id='par_1_91' title="bbox 2075 3609 3654 3680">
     <span class='ocr_line' id='line_1_91' title="bbox 2075 3609 3654 3680; baseline 0.002 -18"><span class='ocrx_word' id='word_1_687' title='bbox 2075 3611 2135 3662; x_wconf 89' lang='grc' dir='ltr'>ἐν</span> <span class='ocrx_word' id='word_1_688' title='bbox 2170 3609 2352 3677; x_wconf 87' lang='grc' dir='ltr'>λόγοις</span> <span class='ocrx_word' id='word_1_689' title='bbox 2400 3609 2496 3662; x_wconf 77' lang='grc' dir='ltr'>καὶ</span> <span class='ocrx_word' id='word_1_690' title='bbox 2543 3609 2778 3677; x_wconf 78' lang='grc' dir='ltr'>πράξεσι</span> <span class='ocrx_word' id='word_1_691' title='bbox 2814 3609 3180 3680; x_wconf 87' lang='grc' dir='ltr'>περιφανείας</span> <span class='ocrx_word' id='word_1_692' title='bbox 3229 3609 3320 3662; x_wconf 77' lang='grc' dir='ltr'>τὸν</span> <span class='ocrx_word' id='word_1_693' title='bbox 3355 3610 3514 3677; x_wconf 90' lang='grc' dir='ltr'>λόγον</span> <span class='ocrx_word' id='word_1_694' title='bbox 3542 3612 3654 3665; x_wconf 76' lang='grc' dir='ltr'>τοῖς</span> 
     </span>
    </p>
   </div>
   <div class='ocr_carea' id='block_1_92' title="bbox 2076 3697 3654 3770">
    <p class='ocr_par' dir='ltr' id='par_1_92' title="bbox 2076 3697 3654 3770">
     <span class='ocr_line' id='line_1_92' title="bbox 2076 3697 3654 3770; baseline 0.001 -18"><span class='ocrx_word' id='word_1_695' title='bbox 2076 3701 2355 3752; x_wconf 84' lang='grc' dir='ltr'>είσέπειτα</span> <span class='ocrx_word' id='word_1_696' title='bbox 2388 3698 2764 3768; x_wconf 88' lang='grc' dir='ltr'>προστιθέναι,</span> <span class='ocrx_word' id='word_1_697' title='bbox 2802 3700 2939 3768; x_wconf 70' lang='grc' dir='ltr'>πρὸς</span> <span class='ocrx_word' id='word_1_698' title='bbox 2973 3699 3052 3770; x_wconf 79' lang='grc' dir='ltr'>τῷ</span> <span class='ocrx_word' id='word_1_699' title='bbox 3097 3701 3360 3769; x_wconf 82' lang='grc' dir='ltr'>δυσχερὲς</span> <span class='ocrx_word' id='word_1_700' title='bbox 3385 3697 3527 3753; x_wconf 72' lang='grc' dir='ltr'>εἶναι</span> <span class='ocrx_word' id='word_1_701' title='bbox 3560 3704 3654 3754; x_wconf 71' lang='grc' dir='ltr'>καὶ</span> 
     </span>
    </p>
   </div>
   <div class='ocr_carea' id='block_1_93' title="bbox 2078 3790 3653 3862">
    <p class='ocr_par' dir='ltr' id='par_1_93' title="bbox 2078 3790 3653 3862">
     <span class='ocr_line' id='line_1_93' title="bbox 2078 3790 3653 3862; baseline 0.001 -20"><span class='ocrx_word' id='word_1_702' title='bbox 2078 3791 2325 3862; x_wconf 87' lang='grc' dir='ltr'>μεγάλης</span> <span class='ocrx_word' id='word_1_703' title='bbox 2365 3790 2576 3843; x_wconf 87' lang='grc' dir='ltr'>δεῖσθαι</span> <span class='ocrx_word' id='word_1_704' title='bbox 2620 3791 2719 3857; x_wconf 88' lang='grc' dir='ltr'>τῆς</span> <span class='ocrx_word' id='word_1_705' title='bbox 2765 3791 3028 3855; x_wconf 84' lang='grc' dir='ltr'>διανοίας,</span> <span class='ocrx_word' id='word_1_706' title='bbox 3069 3791 3150 3844; x_wconf 77' lang='grc' dir='ltr'>ἐτι</span> <span class='ocrx_word' id='word_1_707' title='bbox 3207 3792 3301 3844; x_wconf 71' lang='grc' dir='ltr'>καὶ</span> <span class='ocrx_word' id='word_1_708' title='bbox 3355 3793 3460 3860; x_wconf 68' lang='grc' dir='ltr'>πρὸ</span> <span class='ocrx_word' id='word_1_709' title='bbox 3493 3793 3653 3862; x_wconf 78' lang='grc' dir='ltr'>ἡμῶν</span> 
     </span>
    </p>
   </div>
   <div class='ocr_carea' id='block_1_94' title="bbox 2076 3875 3654 3952">
    <p class='ocr_par' dir='ltr' id='par_1_94' title="bbox 2076 3875 3654 3952">
     <span class='ocr_line' id='line_1_94' title="bbox 2076 3875 3654 3952; baseline 0 -19"><span class='ocrx_word' id='word_1_710' title='bbox 2076 3879 2242 3944; x_wconf 82' lang='grc' dir='ltr'>ἀξίως</span> <span class='ocrx_word' id='word_1_711' title='bbox 2266 3878 2358 3932; x_wconf 76' lang='grc' dir='ltr'>τοῦ</span> <span class='ocrx_word' id='word_1_712' title='bbox 2387 3897 2447 3932; x_wconf 91' lang='grc' dir='ltr'>τε</span> <span class='ocrx_word' id='word_1_713' title='bbox 2498 3880 2802 3949; x_wconf 82' lang='grc' dir='ltr'>εἰρηκότος,</span> <span class='ocrx_word' id='word_1_714' title='bbox 2836 3879 2931 3932; x_wconf 69' lang='grc' dir='ltr'>καὶ</span> <span class='ocrx_word' id='word_1_715' title='bbox 2957 3881 3097 3951; x_wconf 80' lang='grc' dir='ltr'>ὑπὲρ</span> <span class='ocrx_word' id='word_1_716' title='bbox 3128 3875 3188 3933; x_wconf 75' lang='grc' dir='ltr'>οὗ</span> <span class='ocrx_word' id='word_1_717' title='bbox 3223 3880 3395 3935; x_wconf 80' lang='grc' dir='ltr'>ταῦτα</span> <span class='ocrx_word' id='word_1_718' title='bbox 3434 3881 3654 3952; x_wconf 78' lang='grc' dir='ltr'>εἴρηται</span> 
     </span>
    </p>
   </div>
   <div class='ocr_carea' id='block_1_95' title="bbox 2076 3971 3652 4043">
    <p class='ocr_par' dir='ltr' id='par_1_95' title="bbox 2076 3971 3652 4043">
     <span class='ocr_line' id='line_1_95' title="bbox 2076 3971 3652 4043; baseline 0.001 -17"><span class='ocrx_word' id='word_1_719' title='bbox 2076 3973 2172 4027; x_wconf 71' lang='grc' dir='ltr'>καὶ</span> <span class='ocrx_word' id='word_1_720' title='bbox 2217 3972 2663 4041; x_wconf 82' lang='grc' dir='ltr'>συγγέγραπται,</span> <span class='ocrx_word' id='word_1_721' title='bbox 2701 3971 2903 4042; x_wconf 84' lang='grc' dir='ltr'>πολλὴν</span> <span class='ocrx_word' id='word_1_722' title='bbox 2937 3973 3039 4040; x_wconf 81' lang='grc' dir='ltr'>μὲν</span> <span class='ocrx_word' id='word_1_723' title='bbox 3067 3974 3175 4027; x_wconf 83' lang='grc' dir='ltr'>ἀπὸ</span> <span class='ocrx_word' id='word_1_724' title='bbox 3201 3974 3311 4028; x_wconf 84' lang='grc' dir='ltr'>τῶν</span> <span class='ocrx_word' id='word_1_725' title='bbox 3347 3975 3525 4043; x_wconf 81' lang='grc' dir='ltr'>ἔργων</span> <span class='ocrx_word' id='word_1_726' title='bbox 3561 3975 3652 4027; x_wconf 76' lang='grc' dir='ltr'>τοῦ</span> 
     </span>
    </p>
   </div>
   <div class='ocr_carea' id='block_1_96' title="bbox 2076 4065 3654 4137">
    <p class='ocr_par' dir='ltr' id='par_1_96' title="bbox 2076 4065 3654 4137">
     <span class='ocr_line' id='line_1_96' title="bbox 2076 4065 3654 4137; baseline 0 -18"><span class='ocrx_word' id='word_1_727' title='bbox 2076 4066 2400 4135; x_wconf 88' lang='grc' dir='ltr'>δεδρακότος</span> <span class='ocrx_word' id='word_1_728' title='bbox 2427 4069 2528 4134; x_wconf 78' lang='grc' dir='ltr'>τὴν</span> <span class='ocrx_word' id='word_1_729' title='bbox 2556 4065 2917 4134; x_wconf 86' lang='grc' dir='ltr'>λαμπρότητα</span> <span class='ocrx_word' id='word_1_730' title='bbox 2943 4069 3282 4137; x_wconf 87' lang='grc' dir='ltr'>κεκτημένα,</span> <span class='ocrx_word' id='word_1_731' title='bbox 3315 4069 3416 4120; x_wconf 86' lang='grc' dir='ltr'>οὐκ</span> <span class='ocrx_word' id='word_1_732' title='bbox 3445 4067 3654 4121; x_wconf 81' lang='grc' dir='ltr'>ἐλάττω</span> 
     </span>
    </p>
   </div>
   <div class='ocr_carea' id='block_1_97' title="bbox 2073 4153 3652 4227">
    <p class='ocr_par' dir='ltr' id='par_1_97' title="bbox 2073 4153 3652 4227">
     <span class='ocr_line' id='line_1_97' title="bbox 2073 4153 3652 4227; baseline 0.001 -21"><span class='ocrx_word' id='word_1_733' title='bbox 2073 4153 2118 4206; x_wconf 89' lang='grc' dir='ltr'>δ’</span> <span class='ocrx_word' id='word_1_734' title='bbox 2153 4155 2216 4205; x_wconf 88' lang='grc' dir='ltr'>ἐκ</span> <span class='ocrx_word' id='word_1_735' title='bbox 2264 4153 2362 4221; x_wconf 76' lang='grc' dir='ltr'>τῆς</span> <span class='ocrx_word' id='word_1_736' title='bbox 2412 4153 2506 4206; x_wconf 80' lang='grc' dir='ltr'>τοῦ</span> <span class='ocrx_word' id='word_1_737' title='bbox 2555 4153 2808 4222; x_wconf 90' lang='grc' dir='ltr'>λέγοντος</span> <span class='ocrx_word' id='word_1_738' title='bbox 2848 4155 3136 4226; x_wconf 79' lang='grc' dir='ltr'>δυνάμεως</span> <span class='ocrx_word' id='word_1_739' title='bbox 3184 4158 3652 4227; x_wconf 81' lang='grc' dir='ltr'>προσκτησάμενα</span> 
     </span>
    </p>
   </div>
   <div class='ocr_carea' id='block_1_98' title="bbox 2074 4242 3656 4316">
    <p class='ocr_par' dir='ltr' id='par_1_98' title="bbox 2074 4242 3656 4316">
     <span class='ocr_line' id='line_1_98' title="bbox 2074 4242 3656 4316; baseline 0.001 -20"><span class='ocrx_word' id='word_1_740' title='bbox 2074 4246 2172 4313; x_wconf 85' lang='grc' dir='ltr'>τὴν</span> <span class='ocrx_word' id='word_1_741' title='bbox 2201 4243 2377 4310; x_wconf 79' lang='grc' dir='ltr'>ἰσχὺν,</span> <span class='ocrx_word' id='word_1_742' title='bbox 2411 4243 2554 4295; x_wconf 84' lang='grc' dir='ltr'>ὥστε</span> <span class='ocrx_word' id='word_1_743' title='bbox 2586 4242 2710 4313; x_wconf 81' lang='grc' dir='ltr'>μηδ’</span> <span class='ocrx_word' id='word_1_744' title='bbox 2745 4243 2953 4312; x_wconf 89' lang='grc' dir='ltr'>ἐτέρως</span> <span class='ocrx_word' id='word_1_745' title='bbox 2989 4245 3081 4296; x_wconf 83' lang='grc' dir='ltr'>τὸν</span> <span class='ocrx_word' id='word_1_746' title='bbox 3126 4245 3306 4313; x_wconf 88' lang='grc' dir='ltr'>λόγον,</span> <span class='ocrx_word' id='word_1_747' title='bbox 3361 4247 3487 4316; x_wconf 88' lang='grc' dir='ltr'>μηδ’</span> <span class='ocrx_word' id='word_1_748' title='bbox 3519 4245 3656 4298; x_wconf 64' lang='lat' dir='ltr'>dno—</span> 
     </span>
    </p>
   </div>
   <div class='ocr_carea' id='block_1_99' title="bbox 2074 4334 3654 4407">
    <p class='ocr_par' dir='ltr' id='par_1_99' title="bbox 2074 4334 3654 4407">
     <span class='ocr_line' id='line_1_99' title="bbox 2074 4334 3654 4407; baseline 0.004 -21"><span class='ocrx_word' id='word_1_749' title='bbox 2074 4334 2360 4387; x_wconf 83' lang='grc' dir='ltr'>λείπεσθαι</span> <span class='ocrx_word' id='word_1_750' title='bbox 2405 4335 2505 4401; x_wconf 83' lang='grc' dir='ltr'>τῆς</span> <span class='ocrx_word' id='word_1_751' title='bbox 2551 4334 2728 4404; x_wconf 83' lang='grc' dir='ltr'>ἄκρας</span> <span class='ocrx_word' id='word_1_752' title='bbox 2777 4337 3115 4407; x_wconf 83' lang='grc' dir='ltr'>φιλοτιμίας,</span> <span class='ocrx_word' id='word_1_753' title='bbox 3157 4338 3295 4392; x_wconf 85' lang='grc' dir='ltr'>ἀλλά</span> <span class='ocrx_word' id='word_1_754' title='bbox 3341 4337 3515 4406; x_wconf 89' lang='grc' dir='ltr'>λόγων</span> <span class='ocrx_word' id='word_1_755' title='bbox 3562 4339 3654 4393; x_wconf 83' lang='grc' dir='ltr'>δύ-</span> 
     </span>
    </p>
   </div>
   <div class='ocr_carea' id='block_1_100' title="bbox 2075 4427 3650 4502">
    <p class='ocr_par' dir='ltr' id='par_1_100' title="bbox 2075 4427 3650 4502">
     <span class='ocr_line' id='line_1_100' title="bbox 2075 4427 3650 4502; baseline 0.004 -23"><span class='ocrx_word' id='word_1_756' title='bbox 2075 4444 2240 4494; x_wconf 88' lang='grc' dir='ltr'>ναμιν</span> <span class='ocrx_word' id='word_1_757' title='bbox 2269 4427 2362 4480; x_wconf 64' lang='grc' dir='ltr'>καὶ</span> <span class='ocrx_word' id='word_1_758' title='bbox 2397 4427 2510 4497; x_wconf 86' lang='grc' dir='ltr'>βίου</span> <span class='ocrx_word' id='word_1_759' title='bbox 2540 4429 2638 4496; x_wconf 81' lang='grc' dir='ltr'>τὴν</span> <span class='ocrx_word' id='word_1_760' title='bbox 2669 4430 2727 4480; x_wconf 89' lang='grc' dir='ltr'>ἐν</span> <span class='ocrx_word' id='word_1_761' title='bbox 2763 4431 2898 4482; x_wconf 83' lang='grc' dir='ltr'>πᾶσι</span> <span class='ocrx_word' id='word_1_762' title='bbox 2936 4432 3119 4494; x_wconf 87' lang='grc' dir='ltr'>καλοῖς</span> <span class='ocrx_word' id='word_1_763' title='bbox 3149 4431 3429 4502; x_wconf 86' lang='grc' dir='ltr'>ἀκρότητα</span> <span class='ocrx_word' id='word_1_764' title='bbox 3464 4436 3650 4485; x_wconf 77' lang='grc' dir='ltr'>συνελ‹</span> 
     </span>
    </p>
   </div>
   <div class='ocr_carea' id='block_1_101' title="bbox 2077 4508 3652 4594">
    <p class='ocr_par' dir='ltr' id='par_1_101' title="bbox 2077 4508 3652 4594">
     <span class='ocr_line' id='line_1_101' title="bbox 2077 4508 3652 4594; baseline 0.006 -25"><span class='ocrx_word' id='word_1_765' title='bbox 2077 4517 2262 4582; x_wconf 86' lang='grc' dir='ltr'>θόντα,</span> <span class='ocrx_word' id='word_1_766' title='bbox 2322 4517 2381 4570; x_wconf 87' lang='grc' dir='ltr'>ἒν</span> <span class='ocrx_word' id='word_1_767' title='bbox 2444 4518 2608 4588; x_wconf 74' lang='grc' dir='ltr'>ἔργον</span> <span class='ocrx_word' id='word_1_768' title='bbox 2660 4519 2876 4585; x_wconf 80' lang='grc' dir='ltr'>οὐδενὸς</span> <span class='ocrx_word' id='word_1_769' title='bbox 2932 4508 3363 4591; x_wconf 80' lang='grc' dir='ltr'>ἀπολειπόμενον</span> <span class='ocrx_word' id='word_1_770' title='bbox 3427 4525 3652 4594; x_wconf 81' lang='grc' dir='ltr'>ἐξεργά-</span> 
     </span>
    </p>
   </div>
   <div class='ocr_carea' id='block_1_102' title="bbox 2077 4609 3651 4688">
    <p class='ocr_par' dir='ltr' id='par_1_102' title="bbox 2077 4609 3651 4688">
     <span class='ocr_line' id='line_1_102' title="bbox 2077 4609 3651 4688; baseline 0.005 -26"><span class='ocrx_word' id='word_1_771' title='bbox 2077 4610 2276 4663; x_wconf 90' lang='grc' dir='ltr'>σασθαι</span> <span class='ocrx_word' id='word_1_772' title='bbox 2316 4609 2424 4662; x_wconf 85' lang='grc' dir='ltr'>τῶν</span> <span class='ocrx_word' id='word_1_773' title='bbox 2483 4615 2578 4667; x_wconf 78' lang='grc' dir='ltr'>νῦν</span> <span class='ocrx_word' id='word_1_774' title='bbox 2699 4613 2807 4666; x_wconf 86' lang='grc' dir='ltr'>τῶν</span> <span class='ocrx_word' id='word_1_775' title='bbox 2839 4615 3105 4684; x_wconf 87' lang='grc' dir='ltr'>πρότερον</span> <span class='ocrx_word' id='word_1_776' title='bbox 3147 4616 3241 4667; x_wconf 83' lang='grc' dir='ltr'>ἐπὶ</span> <span class='ocrx_word' id='word_1_777' title='bbox 3280 4617 3504 4684; x_wconf 87' lang='grc' dir='ltr'>μεγέθει</span> <span class='ocrx_word' id='word_1_778' title='bbox 3558 4619 3651 4670; x_wconf 69' lang='grc' dir='ltr'>καὶ</span> 
     </span>
    </p>
   </div>
   <div class='ocr_carea' id='block_1_103' title="bbox 2071 4701 3650 4776">
    <p class='ocr_par' dir='ltr' id='par_1_103' title="bbox 2071 4701 3650 4776">
     <span class='ocr_line' id='line_1_103' title="bbox 2071 4701 3650 4776; baseline 0.005 -23"><span class='ocrx_word' id='word_1_779' title='bbox 2071 4701 2258 4754; x_wconf 85' lang='grc' dir='ltr'>κάλλει</span> <span class='ocrx_word' id='word_1_780' title='bbox 2292 4701 2666 4773; x_wconf 74' lang='grc' dir='ltr'>βεϐοημένων.</span> <span class='ocrx_word' id='word_1_781' title='bbox 2698 4707 2771 4758; x_wconf 92' lang='grc' dir='ltr'>Οὐ</span> <span class='ocrx_word' id='word_1_782' title='bbox 2815 4707 2920 4776; x_wconf 76' lang='grc' dir='ltr'>μὴν</span> <span class='ocrx_word' id='word_1_783' title='bbox 2954 4706 3072 4760; x_wconf 84' lang='grc' dir='ltr'>ἀλλ’</span> <span class='ocrx_word' id='word_1_784' title='bbox 3096 4708 3285 4773; x_wconf 84' lang='grc' dir='ltr'>ἐπειδὴ</span> <span class='ocrx_word' id='word_1_785' title='bbox 3316 4710 3474 4766; x_wconf 82' lang='grc' dir='ltr'>πάντ’</span> <span class='ocrx_word' id='word_1_786' title='bbox 3509 4711 3650 4761; x_wconf 87' lang='grc' dir='ltr'>ἐκεί-</span> 
     </span>
    </p>
   </div>
   <div class='ocr_carea' id='block_1_104' title="bbox 2070 4791 3650 4867">
    <p class='ocr_par' dir='ltr' id='par_1_104' title="bbox 2070 4791 3650 4867">
     <span class='ocr_line' id='line_1_104' title="bbox 2070 4791 3650 4867; baseline 0.006 -25"><span class='ocrx_word' id='word_1_787' title='bbox 2070 4807 2184 4855; x_wconf 88' lang='grc' dir='ltr'>νου,</span> <span class='ocrx_word' id='word_1_788' title='bbox 2221 4791 2297 4853; x_wconf 85' lang='grc' dir='ltr'>ὠς</span> <span class='ocrx_word' id='word_1_789' title='bbox 2336 4791 2579 4863; x_wconf 77' lang='grc' dir='ltr'>εἴρηται,</span> <span class='ocrx_word' id='word_1_790' title='bbox 2613 4796 2894 4866; x_wconf 82' lang='grc' dir='ltr'>συνετέθη,</span> <span class='ocrx_word' id='word_1_791' title='bbox 2929 4798 3026 4850; x_wconf 72' lang='grc' dir='ltr'>καὶ</span> <span class='ocrx_word' id='word_1_792' title='bbox 3072 4798 3365 4867; x_wconf 80' lang='grc' dir='ltr'>πρόκειται</span> <span class='ocrx_word' id='word_1_793' title='bbox 3397 4801 3507 4862; x_wconf 83' lang='grc' dir='ltr'>τοῖς</span> <span class='ocrx_word' id='word_1_794' title='bbox 3559 4801 3650 4852; x_wconf 81' lang='grc' dir='ltr'>θέ-</span> 
     </span>
    </p>
   </div>
   <div class='ocr_carea' id='block_1_105' title="bbox 2069 4879 3644 4961">
    <p class='ocr_par' dir='ltr' id='par_1_105' title="bbox 2069 4879 3644 4961">
     <span class='ocr_line' id='line_1_105' title="bbox 2069 4879 3644 4961; baseline 0.006 -29"><span class='ocrx_word' id='word_1_795' title='bbox 2069 4880 2254 4934; x_wconf 85' lang='grc' dir='ltr'>λουσιν</span> <span class='ocrx_word' id='word_1_796' title='bbox 2275 4884 2375 4953; x_wconf 87' lang='grc' dir='ltr'>οὐχ</span> <span class='ocrx_word' id='word_1_797' title='bbox 2401 4879 2563 4954; x_wconf 88' lang='grc' dir='ltr'>ἦττον</span> <span class='ocrx_word' id='word_1_798' title='bbox 2589 4887 2804 4957; x_wconf 88' lang='grc' dir='ltr'>χαρίεις</span> <span class='ocrx_word' id='word_1_799' title='bbox 2836 4887 2868 4958; x_wconf 81' lang='grc' dir='ltr'>ἢ</span> <span class='ocrx_word' id='word_1_800' title='bbox 2900 4889 3026 4942; x_wconf 86' lang='grc' dir='ltr'>ὅσον</span> <span class='ocrx_word' id='word_1_801' title='bbox 3055 4889 3337 4959; x_wconf 83' lang='grc' dir='ltr'>ὠφέλιμος</span> <span class='ocrx_word' id='word_1_802' title='bbox 3373 4891 3644 4961; x_wconf 76' lang='grc' dir='ltr'>διατριϐή·</span> 
     </span>
    </p>
   </div>
   <div class='ocr_carea' id='block_1_106' title="bbox 2070 4974 3648 5051">
    <p class='ocr_par' dir='ltr' id='par_1_106' title="bbox 2070 4974 3648 5051">
     <span class='ocr_line' id='line_1_106' title="bbox 2070 4974 3648 5051; baseline 0.006 -27"><span class='ocrx_word' id='word_1_803' title='bbox 2070 4975 2150 5025; x_wconf 82' lang='grc' dir='ltr'>δεῖ</span> <span class='ocrx_word' id='word_1_804' title='bbox 2181 4974 2236 5026; x_wconf 86' lang='grc' dir='ltr'>δέ</span> <span class='ocrx_word' id='word_1_805' title='bbox 2279 4976 2373 5027; x_wconf 72' lang='grc' dir='ltr'>καὶ</span> <span class='ocrx_word' id='word_1_806' title='bbox 2415 4977 2562 5046; x_wconf 71' lang='grc' dir='ltr'>ὴμᾷς</span> <span class='ocrx_word' id='word_1_807' title='bbox 2600 4978 2790 5050; x_wconf 83' lang='grc' dir='ltr'>ὥσπερ</span> <span class='ocrx_word' id='word_1_808' title='bbox 2826 4980 3018 5050; x_wconf 78' lang='grc' dir='ltr'>ἔρανόν</span> <span class='ocrx_word' id='word_1_809' title='bbox 3056 4999 3180 5046; x_wconf 85' lang='grc' dir='ltr'>τινα</span> <span class='ocrx_word' id='word_1_810' title='bbox 3225 4983 3521 5051; x_wconf 81' lang='grc' dir='ltr'>ἀναγκαῖον</span> <span class='ocrx_word' id='word_1_811' title='bbox 3552 4983 3648 5034; x_wconf 69' lang='grc' dir='ltr'>καὶ</span> 
     </span>
    </p>
   </div>
   <div class='ocr_carea' id='block_1_107' title="bbox 2073 5069 3648 5146">
    <p class='ocr_par' dir='ltr' id='par_1_107' title="bbox 2073 5069 3648 5146">
     <span class='ocr_line' id='line_1_107' title="bbox 2073 5069 3648 5146; baseline 0.005 -28"><span class='ocrx_word' id='word_1_812' title='bbox 2073 5085 2282 5136; x_wconf 67' lang='grc' dir='ltr'>συνεισς</span> <span class='ocrx_word' id='word_1_813' title='bbox 2301 5069 2433 5137; x_wconf 86' lang='grc' dir='ltr'>οράν</span> <span class='ocrx_word' id='word_1_814' title='bbox 2461 5069 2647 5141; x_wconf 84' lang='grc' dir='ltr'>κοινὴν</span> <span class='ocrx_word' id='word_1_815' title='bbox 2680 5074 2770 5126; x_wconf 81' lang='grc' dir='ltr'>τὸν</span> <span class='ocrx_word' id='word_1_816' title='bbox 2792 5074 2970 5142; x_wconf 87' lang='grc' dir='ltr'>λόγον,</span> <span class='ocrx_word' id='word_1_817' title='bbox 2998 5076 3357 5146; x_wconf 75' lang='grc' dir='ltr'>ὀφειλομένην</span> <span class='ocrx_word' id='word_1_818' title='bbox 3379 5077 3454 5143; x_wconf 79' lang='grc' dir='ltr'>τῷ</span> <span class='ocrx_word' id='word_1_819' title='bbox 3482 5075 3648 5142; x_wconf 81' lang='grc' dir='ltr'>κοινῷ</span> 
     </span>
    </p>
   </div>
   <div class='ocr_carea' id='block_1_108' title="bbox 2071 5165 3648 5238">
    <p class='ocr_par' dir='ltr' id='par_1_108' title="bbox 2071 5165 3648 5238">
     <span class='ocr_line' id='line_1_108' title="bbox 2071 5165 3648 5238; baseline 0.003 -24"><span class='ocrx_word' id='word_1_820' title='bbox 2071 5166 2240 5234; x_wconf 74' lang='grc' dir='ltr'>πατρὶ</span> <span class='ocrx_word' id='word_1_821' title='bbox 2267 5165 2362 5217; x_wconf 74' lang='grc' dir='ltr'>καὶ</span> <span class='ocrx_word' id='word_1_822' title='bbox 2388 5165 2695 5238; x_wconf 82' lang='grc' dir='ltr'>διδασκάλῳ</span> <span class='ocrx_word' id='word_1_823' title='bbox 2728 5171 3188 5234; x_wconf 87' lang='grc' dir='ltr'>συνεισενεγκεῖν,</span> <span class='ocrx_word' id='word_1_824' title='bbox 3217 5169 3325 5221; x_wconf 89' lang='grc' dir='ltr'>τῶν</span> <span class='ocrx_word' id='word_1_825' title='bbox 3370 5169 3472 5236; x_wconf 88' lang='grc' dir='ltr'>μὲν</span> <span class='ocrx_word' id='word_1_826' title='bbox 3517 5169 3648 5219; x_wconf 85' lang='grc' dir='ltr'>πολ-</span> 
     </span>
    </p>
   </div>
   <div class='ocr_carea' id='block_1_109' title="bbox 2069 5249 3644 5328">
    <p class='ocr_par' dir='ltr' id='par_1_109' title="bbox 2069 5249 3644 5328">
     <span class='ocr_line' id='line_1_109' title="bbox 2069 5249 3644 5328; baseline 0.01 -27"><span class='ocrx_word' id='word_1_827' title='bbox 2069 5249 2177 5303; x_wconf 88' lang='grc' dir='ltr'>λῶν</span> <span class='ocrx_word' id='word_1_828' title='bbox 2213 5255 2316 5320; x_wconf 51' lang='grc' dir='ltr'>,καὶ</span> <span class='ocrx_word' id='word_1_829' title='bbox 2363 5255 2503 5310; x_wconf 83' lang='grc' dir='ltr'>κατὰ</span> <span class='ocrx_word' id='word_1_830' title='bbox 2551 5257 2721 5326; x_wconf 84' lang='grc' dir='ltr'>μέρος</span> <span class='ocrx_word' id='word_1_831' title='bbox 2758 5257 3076 5326; x_wconf 80' lang='grc' dir='ltr'>ἀφεξόμεθα</span> <span class='ocrx_word' id='word_1_832' title='bbox 3120 5259 3500 5328; x_wconf 79' lang='grc' dir='ltr'>διηγημάτων,</span> <span class='ocrx_word' id='word_1_833' title='bbox 3552 5261 3644 5310; x_wconf 74' lang='grc' dir='ltr'>καὶ</span> 
     </span>
    </p>
   </div>
   <div class='ocr_carea' id='block_1_110' title="bbox 2070 5351 3644 5423">
    <p class='ocr_par' dir='ltr' id='par_1_110' title="bbox 2070 5351 3644 5423">
     <span class='ocr_line' id='line_1_110' title="bbox 2070 5351 3644 5423; baseline 0.001 -22"><span class='ocrx_word' id='word_1_834' title='bbox 2070 5351 2169 5402; x_wconf 79' lang='grc' dir='ltr'>ὅσα</span> <span class='ocrx_word' id='word_1_835' title='bbox 2197 5351 2272 5420; x_wconf 85' lang='grc' dir='ltr'>μὴ</span> <span class='ocrx_word' id='word_1_836' title='bbox 2320 5355 2456 5420; x_wconf 77' lang='grc' dir='ltr'>πρδς</span> <span class='ocrx_word' id='word_1_837' title='bbox 2498 5352 2661 5405; x_wconf 80' lang='grc' dir='ltr'>αὐτὸν</span> <span class='ocrx_word' id='word_1_838' title='bbox 2692 5353 2900 5406; x_wconf 89' lang='grc' dir='ltr'>ἐκεῖνον</span> <span class='ocrx_word' id='word_1_839' title='bbox 2955 5353 3143 5415; x_wconf 84' lang='grc' dir='ltr'>τείνει,</span> <span class='ocrx_word' id='word_1_840' title='bbox 3199 5353 3335 5423; x_wconf 82' lang='grc' dir='ltr'>μηδὲ</span> <span class='ocrx_word' id='word_1_841' title='bbox 3372 5353 3517 5420; x_wconf 79' lang='grc' dir='ltr'>σαφῆ</span> <span class='ocrx_word' id='word_1_842' title='bbox 3552 5353 3644 5404; x_wconf 74' lang='grc' dir='ltr'>καὶ</span> 
     </span>
    </p>
   </div>
   <div class='ocr_carea' id='block_1_111' title="bbox 2071 5443 3645 5522">
    <p class='ocr_par' dir='ltr' id='par_1_111' title="bbox 2071 5443 3645 5522">
     <span class='ocr_line' id='line_1_111' title="bbox 2071 5443 3645 5522; baseline 0 -28"><span class='ocrx_word' id='word_1_843' title='bbox 2071 5443 2319 5513; x_wconf 63' lang='grc' dir='ltr'>καθαράν</span> <span class='ocrx_word' id='word_1_844' title='bbox 2349 5443 2501 5513; x_wconf 71' lang='grc' dir='ltr'>αὖτῷ</span> <span class='ocrx_word' id='word_1_845' title='bbox 2533 5445 2689 5514; x_wconf 82' lang='grc' dir='ltr'>φέρει</span> <span class='ocrx_word' id='word_1_846' title='bbox 2721 5444 3060 5522; x_wconf 73' lang='grc' dir='ltr'>φιλοτιμίαν·</span> <span class='ocrx_word' id='word_1_847' title='bbox 3093 5447 3158 5496; x_wconf 81' lang='grc' dir='ltr'>ἐκ</span> <span class='ocrx_word' id='word_1_848' title='bbox 3205 5446 3312 5496; x_wconf 88' lang='grc' dir='ltr'>τῶν</span> <span class='ocrx_word' id='word_1_849' title='bbox 3343 5444 3645 5512; x_wconf 78' lang='grc' dir='ltr'>εἰργασμέο</span> 
     </span>
    </p>
   </div>
   <div class='ocr_carea' id='block_1_112' title="bbox 2065 5535 3640 5606">
    <p class='ocr_par' dir='ltr' id='par_1_112' title="bbox 2065 5535 3640 5606">
     <span class='ocr_line' id='line_1_112' title="bbox 2065 5535 3640 5606; baseline 0.001 -21"><span class='ocrx_word' id='word_1_850' title='bbox 2065 5536 2174 5588; x_wconf 78' lang='grc' dir='ltr'>νων</span> <span class='ocrx_word' id='word_1_851' title='bbox 2202 5537 2247 5588; x_wconf 81' lang='grc' dir='ltr'>δ’</span> <span class='ocrx_word' id='word_1_852' title='bbox 2275 5536 2424 5606; x_wconf 77' lang='grc' dir='ltr'>αὐτῷ</span> <span class='ocrx_word' id='word_1_853' title='bbox 2458 5537 2616 5600; x_wconf 84' lang='grc' dir='ltr'>μόνον</span> <span class='ocrx_word' id='word_1_854' title='bbox 2663 5537 3008 5606; x_wconf 85' lang='grc' dir='ltr'>ποιησόμεθα</span> <span class='ocrx_word' id='word_1_855' title='bbox 3045 5535 3129 5588; x_wconf 70' lang='grc' dir='ltr'>τὸν</span> <span class='ocrx_word' id='word_1_856' title='bbox 3165 5536 3342 5602; x_wconf 84' lang='grc' dir='ltr'>λόγον,</span> <span class='ocrx_word' id='word_1_857' title='bbox 3390 5535 3483 5586; x_wconf 77' lang='grc' dir='ltr'>καὶ</span> <span class='ocrx_word' id='word_1_858' title='bbox 3517 5535 3640 5586; x_wconf 88' lang='grc' dir='ltr'>τού-</span> 
     </span>
    </p>
   </div>
   <div class='ocr_carea' id='block_1_113' title="bbox 2073 5627 3641 5697">
    <p class='ocr_par' dir='ltr' id='par_1_113' title="bbox 2073 5627 3641 5697">
     <span class='ocr_line' id='line_1_113' title="bbox 2073 5627 3641 5697; baseline -0.001 -17"><span class='ocrx_word' id='word_1_859' title='bbox 2073 5647 2178 5680; x_wconf 77' lang='grc' dir='ltr'>των</span> <span class='ocrx_word' id='word_1_860' title='bbox 2211 5629 2310 5681; x_wconf 83' lang='grc' dir='ltr'>ὅσα</span> <span class='ocrx_word' id='word_1_861' title='bbox 2367 5630 2676 5697; x_wconf 84' lang='grc' dir='ltr'>παρεθέντα</span> <span class='ocrx_word' id='word_1_862' title='bbox 2723 5629 3046 5696; x_wconf 86' lang='grc' dir='ltr'>λυμανεῖται</span> <span class='ocrx_word' id='word_1_863' title='bbox 3096 5630 3161 5696; x_wconf 81' lang='grc' dir='ltr'>τῇ</span> <span class='ocrx_word' id='word_1_864' title='bbox 3221 5628 3494 5695; x_wconf 81' lang='grc' dir='ltr'>διηγήσει,</span> <span class='ocrx_word' id='word_1_865' title='bbox 3554 5627 3641 5678; x_wconf 74' lang='grc' dir='ltr'>ἵνα</span> 
     </span>
    </p>
   </div>
   <div class='ocr_carea' id='block_1_114' title="bbox 2071 5714 3640 5790">
    <p class='ocr_par' dir='ltr' id='par_1_114' title="bbox 2071 5714 3640 5790">
     <span class='ocr_line' id='line_1_114' title="bbox 2071 5714 3640 5790; baseline -0.002 -19"><span class='ocrx_word' id='word_1_866' title='bbox 2071 5721 2227 5788; x_wconf 70' lang='grc' dir='ltr'>ἐλίγα</span> <span class='ocrx_word' id='word_1_867' title='bbox 2261 5721 2382 5789; x_wconf 81' lang='grc' dir='ltr'>μὲν,</span> <span class='ocrx_word' id='word_1_868' title='bbox 2416 5723 2547 5787; x_wconf 83' lang='grc' dir='ltr'>φίλα</span> <span class='ocrx_word' id='word_1_869' title='bbox 2566 5721 2622 5772; x_wconf 80' lang='grc' dir='ltr'>δὲ</span> <span class='ocrx_word' id='word_1_870' title='bbox 2650 5721 2725 5790; x_wconf 80' lang='grc' dir='ltr'>μὴ</span> <span class='ocrx_word' id='word_1_871' title='bbox 2781 5723 2891 5783; x_wconf 87' lang='grc' dir='ltr'>τοῖς</span> <span class='ocrx_word' id='word_1_872' title='bbox 2922 5718 3208 5786; x_wconf 83' lang='grc' dir='ltr'>ἀκούουσιν</span> <span class='ocrx_word' id='word_1_873' title='bbox 3299 5718 3476 5787; x_wconf 87' lang='grc' dir='ltr'>μόνον,</span> <span class='ocrx_word' id='word_1_874' title='bbox 3503 5718 3640 5776; x_wconf 62' lang='grc' dir='ltr'>ἀλλὰ</span> 
     </span>
    </p>
   </div>
   <div class='ocr_carea' id='block_1_115' title="bbox 2076 5810 3640 5882">
    <p class='ocr_par' dir='ltr' id='par_1_115' title="bbox 2076 5810 3640 5882">
     <span class='ocr_line' id='line_1_115' title="bbox 2076 5810 3640 5882; baseline 0.001 -19"><span class='ocrx_word' id='word_1_875' title='bbox 2076 5814 2164 5863; x_wconf 65' lang='lat' dir='ltr'>v.1&quot;.</span> <span class='ocrx_word' id='word_1_876' title='bbox 2192 5812 2270 5880; x_wconf 81' lang='grc' dir='ltr'>τῷ</span> <span class='ocrx_word' id='word_1_877' title='bbox 2300 5813 2709 5881; x_wconf 77' lang='grc' dir='ltr'>εὐφημουμένῳ</span> <span class='ocrx_word' id='word_1_878' title='bbox 2737 5814 2801 5864; x_wconf 86' lang='grc' dir='ltr'>τά</span> <span class='ocrx_word' id='word_1_879' title='bbox 2837 5811 3122 5881; x_wconf 79' lang='grc' dir='ltr'>εἰρημένα.</span> <span class='ocrx_word' id='word_1_880' title='bbox 3176 5813 3283 5863; x_wconf 76' lang='grc' dir='ltr'>Καὶ</span> <span class='ocrx_word' id='word_1_881' title='bbox 3315 5813 3423 5882; x_wconf 76' lang='grc' dir='ltr'>γὰρ</span> <span class='ocrx_word' id='word_1_882' title='bbox 3449 5810 3640 5881; x_wconf 81' lang='grc' dir='ltr'>ὥσπερ</span> 
     </span>
    </p>
   </div>
   <div class='ocr_carea' id='block_1_116' title="bbox 2071 5901 3647 5974">
    <p class='ocr_par' dir='ltr' id='par_1_116' title="bbox 2071 5901 3647 5974">
     <span class='ocr_line' id='line_1_116' title="bbox 2071 5901 3647 5974; baseline -0.001 -18"><span class='ocrx_word' id='word_1_883' title='bbox 2071 5903 2262 5974; x_wconf 56' lang='grc' dir='ltr'>ἐκείνῳ</span> <span class='ocrx_word' id='word_1_884' title='bbox 2297 5903 2458 5966; x_wconf 73' lang='grc' dir='ltr'>ζῶντι</span> <span class='ocrx_word' id='word_1_885' title='bbox 2515 5903 2611 5970; x_wconf 79' lang='grc' dir='ltr'>τῆς</span> <span class='ocrx_word' id='word_1_886' title='bbox 2662 5919 2718 5954; x_wconf 85' lang='grc' dir='ltr'>τε</span> <span class='ocrx_word' id='word_1_887' title='bbox 2759 5901 3074 5972; x_wconf 67' lang='grc' dir='ltr'>προσούσης</span> <span class='ocrx_word' id='word_1_888' title='bbox 3133 5904 3188 5954; x_wconf 79' lang='grc' dir='ltr'>ἐν</span> <span class='ocrx_word' id='word_1_889' title='bbox 3246 5902 3424 5972; x_wconf 69' lang='grc' dir='ltr'>λόγοις</span> <span class='ocrx_word' id='word_1_890' title='bbox 3480 5901 3647 5960; x_wconf 72' lang='grc' dir='ltr'>δυνάι-</span> 
     </span>
    </p>
   </div>
  </div>
