4082 6416
398 292 504 356 573

1484 288 1892 353 ENC‘JMIUM
1936 288 2151 348 AUCT.
2196 287 2376 347 ΝΠλο
2414 287 2522 346 CP.

3548 293 3654 359 674

401 408 852 477 κατηναγκάζετο
876 427 887 440 ⁸
918 411 1013 465 καὶ
1051 411 1143 464 τοῦ
1179 413 1274 480 μὲν
1299 410 1406 479 ζῶν
1443 409 1709 480 βασιλέων
1744 404 1977 478 ὑπερεύ-
2007 415 2048 465 Α
2083 407 2270 476 μένας.
2313 404 2406 457 καὶ
2447 406 2636 474 μύρων
2667 407 2758 458 καὶ
2807 404 3107 476 λαμπάδων
3145 409 3278 461 πολύ
3329 428 3380 463 τι
3424 412 3651 481 πλῆθος.

400 498 590 568 χεσθαι
627 502 721 553 καὶ
747 502 1090 572 μεμνῆσθαι,
1115 502 1209 556 τοῦ
1247 502 1290 554 δ’
1325 501 1602 570 οὐδαμῶς,
1628 501 1694 551 ἵν’
1727 497 1812 570 εἴη
1845 498 1973 575 στά-

398 607 534 653 σεως
567 593 790 662 ἀφορμὴ
827 596 922 647 καὶ
956 595 1192 663 πόλεμος
1218 596 1332 656 τοῖς
1355 591 1598 654 πολίταις
1630 593 1657 643 6
1685 591 1795 643 τῶν
1817 589 1972 641 ἀλλο-

394 683 565 751 τρίων
603 683 824 750 ἀγαθῶν
870 685 1056 748 αὐτοῖς
1109 685 1282 753 βίαιος
1312 682 1596 755 ποριστὴς,
1637 682 1670 751 ἢ
1706 681 1843 751 μετὰ
1873 682 1973 748 τῆς

396 775 619 843 εἰρήνης
646 774 1165 840 συναπελαύνεσθαι,
1187 776 1282 828 καὶ
1302 775 1544 837 πλάνους
1568 773 1861 842 ὑπομένειν
1881 773 1974 824 καὶ

397 866 686 933 πειραταῖς
720 866 813 918 καὶ
852 865 1110 930 κλύδωσι,
1147 865 1238 918 καὶ
1269 866 1435 918 πᾶσιν
1463 863 1597 934 ὁμοῦ
1627 849 1973 932 παραϐάλλε-

399 956 824 1026 σθαιλυπηροίς.
854 959 916 1010 Οἱ
943 957 1040 1026 μὲν
1067 952 1161 1010 οὖν
1193 957 1456 1018 ἐπιεικεῖς
1485 955 1594 1009 τῶν
1615 956 1846 1008 πολιτῶν
1879 955 1974 1008 καὶ

397 1051 696 1120 σώφρονες,
715 1051 842 1103 οἵων
858 1051 1079 1118 ἀγαθῶν
1103 1052 1164 1104 ἐκ
1189 1051 1350 1120 τινῶν
1373 1050 1673 1121 μοχθηρίας
1700 1049 1973 1112 συνιέντες

397 1144 855 1212 ἀποστεροῦνται,
878 1144 1029 1197 δεινά
1058 1146 1158 1215 μέν
1187 1142 1491 1204 ἐποιοῦντο,
1518 1144 1615 1197 καὶ
1642 1143 1738 1210 τῆς
1770 1141 1974 1211 ζημίας

396 1236 641 1304 εὐχερῶς
690 1236 752 1287 τὸ
807 1235 1038 1304 μέγεθος
1091 1235 1281 1306 φέρειν
1315 1234 1413 1288 οὐκ
1453 1229 1617 1304 εἶχον,
1666 1231 1894 1300 ἀμύνειν
1926 1231 1972 1283 δ’

395 1327 606 1388 ἑαυτοῖς
635 1326 886 1395 οὐδαμῶς
934 1323 1038 1378 οἷοί
1071 1345 1130 1380 τε
1179 1323 1342 1397 ἦσαν,
1384 1326 1481 1378 καὶ
1527 1325 1634 1394 πρὸ
1679 1325 1882 1377 τούτων
1907 1340 1970 1390 γε

395 1417 472 1485 τῷ
498 1417 695 1485 δικαίῳ
721 1431 734 1445 ·
791 1419 820 1469 6
851 1418 960 1487 γάρ
991 1417 1161 1487 δῆμος
1198 1416 1468 1485 Θαλάττης
1511 1415 1689 1485 δίκην,
1711 1416 1810 1485 οὐχ
1848 1415 1972 1468 ὅποι

396 1511 536 1572 δέον,
571 1510 683 1562 ἀλλ’
723 1511 797 1572 ὼς
835 1510 902 1563 ἂν
928 1512 957 1563 6
987 1511 1350 1581 προσπίπτων
1381 1513 1582 1579 ἄνεμος
1621 1508 1968 1578 ἐκταράττοι,

399 1603 694 1670 φερόμενος
731 1603 986 1665 ἀτάκτως
1035 1603 1127 1655 καὶ
1164 1603 1563 1673 θορυϐούμενος
1585 1591 1705 1664 ’τοῖς
1743 1617 1973 1652 στασιασ

401 1697 553 1755 σταῖς
587 1692 789 1763 πολλὴν
822 1697 1052 1764 παρεῖχε
1086 1694 1281 1766 ῥοπὴν,
1309 1695 1407 1764 τὴν
1430 1693 1640 1747 οίκείαν
1667 1693 1970 1764 μοχθηρίαν

399 1785 475 1843 είς
503 1784 678 1852 πέρας
712 1784 889 1852 ἀγειν.

2002 1774 2044 1829 Β

2083 497 2174 550 καὶ
2221 498 2318 565 τὴν
2371 495 2538 564 ἀλλην
2587 498 2684 564 τῆς
2737 499 3100 569 πανηγύρεως
3151 501 3508 555 πολυτέλειαν
3561 503 3654 555 καὶ

2081 587 2438 657 φαιδρότητα,
2477 587 2616 640 δοκῶ
2649 606 2740 656 μοι
2773 593 3046 658 παρήσειν
3075 593 3169 644 νῦν
3202 594 3519 660 ἀναγκαίως
3543 609 3557 624 °
3589 596 3653 647 οὐ

2083 678 2241 746 μόνον
2272 677 2356 729 ὅτι
2407 677 2612 743 πολλῆς
2642 680 2775 748 ήμῖν
2807 681 2994 750 δεήσει
3039 685 3277 753 σπουδῆς
3308 703 3369 737 τε
3395 686 3488 738 καὶ
3527 702 3654 738 συν·

2082 770 2289 833 τονίας,
2326 769 2468 821 ῶστε
2526 771 2664 837 πρὸς
2723 773 2976 825 τοσοῦτον
3018 773 3358 846 διηγήματος
3420 777 3654 847 μέγεθος

2081 861 2400 928 ἐξαρκέσαι,
2439 863 2554 914 ἀλλ’
2593 865 2674 916 ὅτι
2715 864 2896 918 καὶτὸ
2948 869 3315 937 προκείμενον
3352 872 3484 939 ήμίν
3524 871 3654 924 καθ’

2078 952 2201 1004 ὅσον
2241 947 2354 1005 οἶόν
2405 971 2462 1006 τε
2499 954 2558 1006 τὸ
2611 955 2782 1024 μῆκος
2832 955 2926 1008 τοῦ
2978 957 3138 1024 λόγου
3183 964 3516 1030 περιαιρεῖν,
3549 963 3650 1015 καὶ

2077 1047 2191 1106 τοῖς
2235 1044 2557 1113 ἀναγκαίοις
2605 1047 2788 1115 μόνοις
2830 1047 3234 1118 ἐνδιατρίϐειν·
3286 1050 3428 1122 πλὴν
3475 1054 3652 1106 ἐκεῖνο

2082 1136 2242 1205 μόνον
2279 1137 2580 1204 ἀναγκαῖον
2613 1139 2810 1203 εἰπεῖν,
2854 1139 2931 1203 ὡς
2963 1143 3062 1210 τῆς
3095 1141 3196 1210 μὲν
3222 1141 3376 1208 ἀξίας
3400 1143 3555 1196 οὐδὲν
3585 1144 3652 1198 ἂν

2080 1225 2331 1294 ἀφίκοιτο
2380 1227 2479 1296 τῆς
2529 1228 2766 1280 ἐκείνου.
2807 1227 2869 1280 Ἥ
2924 1229 3081 1290 πόλις
3104 1230 3183 1293 δὲ,
3231 1231 3432 1300 καίπερ
3471 1230 3647 1294 οὕτως

2077 1317 2210 1370 οὖσα
2240 1318 2466 1388 λαμπρά
2501 1319 2596 1372 καὶ
2617 1321 2942 1390 περιφανὴς,
2977 1322 3068 1375 καὶ
3097 1317 3263 1375 πᾶσιν
3287 1319 3367 1385 οἷς
3399 1325 3464 1375 ἂν
3484 1322 3648 1390 ἀγάλ-

2075 1413 2223 1464 λοιτο
2254 1412 2408 1474 πόλις
2439 1415 2496 1474 ἐς
2531 1413 2600 1466 τὰ
2635 1414 2873 1482 μάλιστα
2901 1417 3216 1487 ἐρρωμένη,
3257 1417 3409 1470 οὐδὲν
3439 1418 3544 1470 τῶν
3566 1419 3647 1478 είς

2077 1503 2246 1573 αὐτὴν
2277 1505 2523 1574 ἡκόντων
2569 1505 2788 1575 παρῆκε
2831 1506 2892 1558 τὸ
2927 1507 3003 1577 μὴ
3032 1508 3092 1559 οὐ
3125 1510 3487 1580 πεπραχέναι.
3521 1505 3649 1578 τΛρ⁹

2077 1592 2171 1648 οὖν
2212 1598 2279 1664 τῇ
2318 1596 2472 1648 πόλει
2509 1595 2606 1666 μὲν
2651 1596 2792 1649 οὕτω
2843 1599 3150 1670 κρεῖττονῆ
3189 1600 3327 1653 κατά
3358 1600 3653 1670 ἄνθρωπον

2079 1687 2452 1740 ὑποδέδεικται
2483 1692 2601 1748 ταῖς
2633 1693 2840 1756 τιμαῖς,
2874 1690 2966 1741 ἐπὶ
2995 1690 3103 1742 τῶν
3129 1689 3306 1759 ἔργων
3337 1690 3382 1743 δ’
3405 1691 3652 1761 ἠλέγχθη

2077 1777 2263 1846 μεῖζον
2329 1778 2362 1847 ἢ
2422 1779 2670 1848 προσῆκε
2720 1783 3120 1851 τετιμημένος;
3176 1783 3490 1836 τούναντίον
3552 1783 3654 1852 μὲν

469 1876 535 1928 Τί
570 1877 626 1928 δέ
660 1879 687 1929 6
723 1877 816 1929 τοῦ
844 1875 1082 1946 Χριστοῦ
1122 1875 1372 1948 μαθητὴς
1404 1875 1498 1929 τοῦ
1527 1875 1703 1944 πράου
1738 1876 1832 1929 καὶ
1879 1893 1970 1944 φι-
2072 1864 2165 1920 οὖν
2197 1867 2340 1921 ἅπαν
2370 1868 2515 1932 ἔδοξε
2567 1871 2857 1937 παραπολὺ
2890 1873 2988 1940 τῆς
3036 1869 3195 1936 ἀξίας
3229 1871 3678 1941 ἀπολελεῖφθαι.-

398 1967 740 2036 λανθρώπον,
775 1969 870 2022 καὶ
915 1967 1090 2022 πάντα
1139 1968 1330 2038 φέρειν
1379 1968 1471 2020 ὑπ’
1521 1969 1734 2021 ἐκείνου
1782 1967 1972 2038 πράως

373 2057 777 2125 -δεδιδαγμένος
802 2077 817 2125 ;
870 2060 958 2122 Ὠς
1018 2059 1094 2127 μὴ
1139 2062 1209 2112 τὰ
1254 2060 1434 2112 οἰκεῖα
1487 2059 1672 2128 μόνον,
1705 2059 1840 2111 ἀλλά
1878 2063 1972 2112 καὶ

396 2150 514 2209 ταῖς
545 2149 748 2217 ἐτέρων
777 2149 973 2219 ψυχαῖς
1005 2150 1313 2202 ἀνάπαυσιν
1339 2148 1635 2219 ἐκπορίσῃ,
1667 2152 1734 2202 τά
1766 2149 1973 2217 σπλάγ-

398 2257 499 2308 χνα
535 2241 632 2308 μὲν
673 2242 827 2310 ἤλγει
854 2241 950 2294 καὶ
981 2242 1399 2310 συνεστρέφετο,
1429 2241 1530 2310 τὴν
1562 2240 1839 2294 ἀπώλειαν
1863 2243 1971 2294 τῶν

351 2363 353 2365 ι
396 2333 574 2385 ταῦτα
607 2335 1085 2398 συσκευασάντων,
1125 2335 1223 2408 τήν
1247 2353 1306 2388 τε
1339 2334 1545 2404 ζημίαν
1574 2334 1683 2387 τῶν
1712 2333 1970 2386 ἀναιτίων

395 2422 471 2486 ὡς
496 2425 708 2494 μεγάλη
741 2426 837 2478 καὶ
885 2425 1024 2494 πρὸς
1059 2425 1239 2496 ψυχὴν
1272 2426 1510 2495 ἄγουσαν
1553 2425 1799 2494 συνορῶν
1825 2442 1839 2456 ·
1871 2424 1970 2493 τὴν

401 2513 804 2582 μεγαλοψυχίαν
833 2514 878 2567 δ’
905 2514 1094 2585 ὥσπερ
1126 2533 1180 2568 τι
1213 2517 1508 2588 φάρμακον
1539 2515 1719 2585 ἐαυτῷ
1745 2517 1842 2569 καὶ
1871 2517 1970 2586 τὴν

396 2605 456 2656 ἐν
479 2606 592 2668 τοῖς
643 2605 838 2668 δεινοῖς
869 2609 1173 2678 καρτερίαν
1226 2610 1518 2675 ἐπιτιθεὶς,
1551 2610 1671 2663 οὺδέ
1718 2609 1848 2680 ἄχρι
1880 2610 1967 2663 λό-

396 2713 509 2766 γων
548 2699 582 2760 ἢ
618 2700 901 2769 σχήματος
956 2703 1132 2774 ἐφάνη
1162 2705 1276 2766 τοῖς
1329 2703 1648 2758 ἐλαύνουσιν
1699 2704 1966 2774 ἐπαχθὴς,

397 2791 532 2844 άλλά
562 2790 701 2860 μετά
749 2792 847 2862 τῆς
881 2793 1182 2861 συντρόφου
1235 2795 1325 2847 καὶ
1362 2795 1524 2862 φίλης
1566 2796 1716 2864 αὑτῷ
1744 2796 1844 2864 τῆς
1872 2797 1974 2864 ψυ-

398 2881 497 2967 χῆς
529 2882 771 2959 γαλήνης
821 2883 915 2935 καὶ
970 2883 1064 2934 τοῦ
1112 2888 1483 2953 προσήκοντος
1543 2886 1971 2956 καταστήματος

396 2973 714 3044 άπεχὼρίει’
767 2975 862 3026 καὶ⁵
905 2976 1102 3043 νήσους
1147 2975 1240 3028 ἐπὶ
1288 2977 1482 3046 χρόνον
1529 2978 1650 3030 τινὰ
1701 2976 1970 3047 παρῴκει,

399 3067 494 3118 κα)⁴
519 3066 645 3129 τοὺς
677 3065 736 3118 ἐν
763 3065 1026 3136 ἐρημίαις
1052 3068 1145 3119 καὶ
1185 3066 1334 3136 ὄρεσι
1369 3065 1732 3138 κατάσχολὴν
1755 3052 1813 3118 τὸ
1851 3067 1972 3136 μέλι

397 3159 495 3227 τῆς
545 3159 750 3228 ἀρετῆς
805 3158 1112 3225 φιλοπόνως
1166 3158 1569 3228 ἐργαζομένους
1645 3157 1835 3228 ὥσπερ
1887 3176 1971 3222 τις

399 3251 705 3321 στρατηγὸς
735 3251 978 3322 περιῄει,
1016 3250 1158 3321 πρὸς
1179 3251 1269 3302 τὸν
1305 3251 1454 3303 ἔνδον
1488 3251 1584 3303 καὶ
1620 3249 1760 3303 κατά
1791 3249 1971 3319 ψυχὴν

397 3342 633 3408 πόλεμον
690 3343 1016 3412 ἐπεγείρων,
1059 3341 1150 3394 καὶ
1201 3341 1344 3394 κατά
1394 3341 1502 3393 τῶν
1545 3341 1648 3408 τῆς
1705 3341 1972 3412 πονηρίας

395 3431 723 3500 πνευμάτων
762 3431 1096 3500 διερεθίζων,
1131 3429 1227 3482 καὶ
1249 3429 1406 3500 νίκης
1438 3430 1814 3485 ἀναδιδάσκων
1842 3431 1969 3500 τρό-

397 3539 533 3586 πους
556 3523 648 3574 καὶ
674 3523 1055 3592 παρατάξεως,
1084 3523 1159 3582 ὡς
1184 3522 1250 3576 ἂν
1279 3523 1544 3592 μηδαμῶς
1569 3524 1802 3594 ἀκερδὴ;
1832 3523 1970 3591 μηδὲ

401 3618 604 3686 μικρὰν
635 3617 992 3686 προσάγουσα
1030 3616 1245 3683 γένοιτο
1289 3617 1367 3686 τῷ
1398 3617 1516 3686 Θεῷ
1546 3617 1644 3687 τὴν
1689 3634 1972 3687 καρποςο-

406 3709 524 3778 ρίαν
577 3709 672 3761 καὶ¹
725 3711 759 3780 ή
793 3709 969 3779 πλάνη
1011 3709 1106 3761 καὶ
1162 3709 1261 3776 τῆς
1296 3707 1568 3778 λαχούσης
1603 3711 1637 3778 ἡ
1685 3709 1973 3780 ἀποχώρη-

402 3817 503 3861 σις.

480 3893 565 3945 Ἐν
594 3893 804 3956 τούτοις
827 3893 1028 3962 δέῃόντι
1059 3891 1137 3962 τῷ
1160 3891 1471 3962 θαυμασίῳ,
1500 3892 1594 3944 καὶ
1625 3890 1734 3944 τῶν
1761 3891 1968 3960 ἑτέροις

396 3984 829 4054 σπουδασμάτων
862 3985 923 4038 τὸ
955 3986 1234 4054 πάρεργον
1277 3982 1462 4053 μεῖζον
1493 3983 1675 4053 πολλῷ
1714 3985 1807 4036 καὶ
1839 3984 1971 4036 θαυ-

397 4076 742 4148 μασιώτερον
783 4079 1114 4148 ποιουμένῳ,
1162 4077 1380 4147 συμϐάν
1427 4095 1479 4130 τι
1527 4071 1968 4146 τῶνάδοκήτων,

393 4171 476 4233 είς
506 4167 803 4232 Βυζάντιον
831 4171 1147 4239 ἠνάγκασεν
1178 4170 1500 4240 ἐπανήκειν.
1549 4169 1759 4237 Ὀλίγον
1785 4170 1844 4222 τὸ
1875 4185 1972 4239 με·

393 4262 530 4325 ταξὶ)
562 4261 655 4313 καὶ
688 4262 737 4313 οί
776 4260 869 4331 τὴν
903 4263 1119 4314 ἐκείνου
1151 4261 1305 4315 πόλιν
1340 4260 1776 4331 ἀναστατοῦντες
1800 4261 1969 4314 ἐκπο-

2000 3108 2042 3163 C

395 4352 498 4406 δὼν
516 4351 656 4424 ἦσαν
678 4354 814 4424 αὐτῇ
835 4355 1021 4408 στάσει
1053 4354 1144 4405 καὶ
1164 4352 1639 4423 πανουργεύμασι,
1671 4352 1766 4405 τοῦ
1795 4352 1967 4424 δήμου
2018 4393 2032 4403 ε

396 4445 623 4500 καὶτῶν
668 4444 845 4498 ἄλλων
895 4444 1127 4498 πολιτῶν
1175 4445 1375 4505 αὐτοὺς
1415 4443 1920 4514 ἐξοστρακισάντων
1950 4458 1965 4472 ο
1998 4443 2046 4502 D
2077 4430 2326 4498 ρατρέχω
2367 4429 2566 4500 πλῆθος
2615 4431 2710 4484 καὶ
2738 4432 2831 4511 τφῧ
2883 4433 3057 4502 δήμου
3099 4433 3268 4486 παντδ
3306 4474 3320 4500 ι
3348 4433 3397 4486 οἳ
3421 4435 3546 4498 τοὺς
3587 4437 3646 4488 ἐν

394 4538 486 4590 καὶ
525 4537 1006 4607 συμφρονήσαντες
1034 4539 1067 4608 ἡ
1098 4539 1251 4600 πόλις
1293 4537 1527 4603 ποιμένα
1578 4537 1668 4589 τὸν
1706 4533 1868 4588 καλὸν
1909 4535 1967 4586 ἐ·

395 4631 689 4699 πεζήτουν,
721 4630 815 4682 καὶ
861 4629 1132 4700 πρεσϐεία
1159 4629 1290 4698 παρ’
1321 4628 1502 4681 αὐτῶν
1546 4629 1747 4697 ἀφῖκτο
1788 4626 1964 4696 κοινὴ,

393 4725 458 4793 τῇ
491 4723 697 4792 ποίμνῃ
731 4721 1128 4790 παρακαλοῦσα
1169 4723 1262 4774 καὶ
1314 4724 1428 4783 τοῖς
1479 4719 1794 4790 θρέμμασιν
1844 4721 1966 4772 ἐπι-

395 4814 610 4883 στῆναι.
651 4814 709 4865 '0
737 4813 819 4886 δέ,
850 4809 948 4866 καί⁸
982 4815 1090 4884 γὰρ
1128 4814 1277 4866 οὐδὲν
1300 4810 1462 4884 ἦττον
1494 4812 1584 4865 τὸν
1611 4815 1810 4865 οἰκεῖον
1841 4809 1968 4864 ἐπά-

394 4906 475 4959 θει
507 4908 726 4976 κλῆρον,
757 4907 787 4976 ἢ
838 4908 962 4960 ὅσον
997 4908 1366 4970 ἀντεποθεῑτο,
1397 4906 1628 4974 τάχιστά
1669 4921 1727 4958 τε
1777 4905 1964 4974 παρῆν

392 4999 466 5063 ὡς
499 4999 649 5068 ἐξῆν,
682 5000 778 5051 καὶ
801 4999 1005 5068 πολλῆς
1033 4999 1221 5068 ὀφθεὶς
1267 4999 1531 5068 ἐνέπλησε
1565 4997 1856 5066 θυμηδίας.

462 5091 576 5160 Τὴν
631 5090 732 5160 μὲν
774 5086 866 5144 οῦν
904 5090 1171 5162 ὑποδοχὴν
1214 5091 1311 5160 τῆς
1349 5091 1553 5152 πόλεως
1604 5090 1678 5151 ὡς
1709 5089 1960 5158 λαμπρὰ,

391 5182 484 5234 καὶ
521 5182 584 5234 τὸ
635 5181 905 5252 προχυθέν
947 5180 1175 5251 πλῆθος,
1224 5185 1322 5252 οὺχ
1361 5185 1484 5234 ὅσον
1523 5181 1747 5250 εὐγενὲς
1800 5179 1963 5249 μόνον

390 5276 484 5327 καὶ
517 5274 752 5346 προῦχον
786 5274 932 5345 ἀξία,
967 5275 1097 5328 ἀλλᾶ
1123 5275 1214 5328 καὶ
1239 5278 1362 5328 ὅσον
1393 5275 1606 5343 ἄσημόν
1629 5290 1685 5325 τε
1713 5273 1805 5325 καὶ
1834 5274 1962 5340 ἀγο-

391 5371 564 5437 ραῖον,
607 5370 704 5421 οὐκ
743 5369 954 5438 ἀνδρῶν
990 5369 1174 5435 μόνον,
1219 5368 1356 5420 ἀλλά
1403 5368 1498 5419 καὶ
1552 5366 1830 5434 γυναικῶν
1855 5382 1868 5394 ·
1902 5367 1962 5419 τὸ

387 5461 496 5530 γὰρ
532 5460 640 5514 τῶν
674 5459 867 5528 ἱερέων
906 5459 1106 5528 πλῆθος
1139 5459 1212 5509 ἐῶ
1244 5459 1337 5509 καὶ
1370 5459 1478 5510 τῶν
1510 5457 1684 5520 ἄλλως
1719 5457 1796 5524 τῷ
1829 5457 1962 5525 κλῄ-

390 5569 466 5623 ρῳ
503 5551 962 5621 κατειλεγμένων,
997 5552 1058 5603 οὐ
1102 5551 1208 5620 μὴν
1254 5550 1389 5604 ἀλλά
1441 5549 1534 5601 καὶ
1585 5550 1706 5601 ὅσον
1747 5550 1964 5602 ἀνακεί-

389 5660 551 5713 μενον
569 5641 634 5715 ἦν
662 5642 777 5710 Θεῷ
808 5644 896 5694 καὶ
925 5643 1067 5694 κατά
1095 5645 1260 5710 μόνας
1288 5642 1438 5709 αὑτῷ
1468 5641 1598 5704 ζῶν,
1629 5641 1722 5693 καὶ
1752 5644 1960 5709 κόσμου

333 5742 344 5756 ⁸
386 5735 821 5807 κεχωρισμένον·
862 5735 953 5786 καὶ
1011 5734 1283 5804 ὑμνῳδίας
1338 5738 1416 5797 είς
1483 5734 1678 5804 αἰθέρα
1726 5734 1960 5800 διικνου-

2075 1959 2230 2013 Οὕτω
2258 1960 2325 2011 τὰ
2355 1960 2494 2012 κατὰ
2527 1960 2617 2012 τὸν
2653 1965 2852 2014 οἰκεῖον
2875 1963 3077 2032 κλῆρον
3105 1963 3274 2027 ἐτίθει
3309 1963 3514 2028 καλῶς,
3550 1966 3645 2016 καὶ

2072 2051 2166 2104 τοῦ
2211 2049 2530 2116 Πνεύματος
2578 2052 2744 2115 ἀξίως
2794 2053 2886 2107 τοῦ
2929 2054 3287 2120 ἐνοικοῦντος,
3339 2059 3433 2108 καὶ
3471 2056 3544 2114 ὡς
3577 2054 3648 2109 ἂν

2072 2146 2246 2215 ἐτέρῳ
2282 2146 2378 2215 μὲν
2412 2145 2612 2206 οὐδενὶ,
2649 2145 2842 2214 ἐκείνῳ
2878 2145 2922 2198 δ’
2948 2145 3146 2208 ἐξεῖναι
3171 2147 3341 2216 μόνῳ.

2144 2239 2220 2295 Οὐ
2275 2241 2381 2308 μήν
2418 2239 2746 2308 ὑπελώφησέ
2800 2255 2865 2305 γε
2917 2240 3175 2317 καθάπαξ
3236 2241 3297 2292 τὸ
3347 2239 3501 2310 κῦμα
3539 2242 3650 2293 τῶν

2076 2333 2428 2402 πειρασμῶν·
2470 2331 2580 2384 οὐδ’
2626 2333 2653 2384 ὁ
2695 2333 2972 2402 πειράζων
3006 2331 3252 2403 ἠρκέσθη
3297 2335 3410 2394 τοῖς
3444 2332 3652 2401 προλα-

2075 2425 2281 2488 ϐοῦσιν,
2329 2423 2445 2476 ἀλλ’
2481 2422 2640 2486 αὖθις
2676 2424 3012 2488 ὑπεκινεῖτο,
3066 2422 3159 2476 τοῦ
3211 2424 3447 2495 πονηροῦ
3484 2425 3650 2476 πνεύ-

2077 2531 2244 2583 ματος
2279 2515 2658 2576 ἀντιπνέοντος
2680 2531 2695 2544 ο
2748 2515 2824 2576 ὡς
2859 2516 2969 2585 γὰρ
3003 2516 3052 2566 οί
3101 2517 3170 2568 τά
3203 2515 3516 2568 Ἀκινδύνου
3553 2532 3651 2571 xa-

2075 2607 2188 2668 κῶς
2235 2607 2561 2676 φρονοῦντες
2614 2607 2713 2678 τὴν
2763 2607 3094 2676 Ἐκκλησίαν
3145 2604 3302 2673 αὖθίς
3347 2611 3651 2678 ἐπειρῶντο

2073 2697 2383 2766 ταράττειν,
2407 2700 2502 2750 καὶ
2522 2695 2881 2766 θορυϐοῦντες
2903 2698 3003 2750 οὐκ
3034 2697 3320 2764 ἐπαύοντο,
3350 2701 3442 2752 καὶ
3468 2701 3651 2770 πράγ-

2078 2804 2228 2857 ματα
2278 2791 2541 2858 παρεῖχον
2588 2791 2698 2850 τοῖς
2727 2788 3064 2858 βασιλεῦσιν,
3105 2791 3200 2845 ἐπὶ
3234 2790 3391 2855 δίκην
3440 2808 3653 2860 προκα-

2075 2879 2330 2950 λούμενοι
2368 2881 2466 2951 τῆν
2513 2881 2866 2951 Ἐκκλησίαν,
2918 2882 3013 2934 καὶ
3057 2881 3271 2934 ἀδικίαν
3319 2883 3381 2934 τὸ
3414 2884 3652 2952 πρᾶγμα

2077 2971 2604 3040 προσαγορεύοντες,
2651 2975 2700 3026 εί
2743 2972 2819 3043 μὴ
2855 2972 2924 3046 τά
2971 2973 3093 3026 κατ’
3124 2973 3323 3036 αὐτοὺς
3349 2974 3651 3039 ἐξετάσεως

2076 3060 2230 3128 τύχοι
2255 3065 2352 3118 καὶ
2379 3064 2642 3133 ἀκριϐοῦς
2669 3065 2766 3134 τῆς
2793 3064 3052 3135 βασάνου,
3087 3063 3301 3136 βασιλεῖ
3327 3066 3426 3136 μὲν
3449 3064 3648 3132 ἐδόκει,

2075 3155 2171 3207 καὶ
2207 3155 2286 3225 τῷ
2322 3156 2624 3226 τηνικαῦτα
2656 3156 2756 3226 τῆς
2815 3156 3062 3227 μεγάλης
3097 3157 3431 3228 Ἐκκλησίας
3481 3174 3650 3228 προε-

2076 3247 2323 3314 στηκότι,
2351 3247 2569 3300 σύνοδον
2593 3243 2733 3300 εἶναι
2760 3248 2869 3300 δεῖν
2912 3249 3260 3318 συγκροτεῖν.
3296 3249 3420 3311 Τῶν
3460 3248 3650 3319 ἀρχιε-

2076 3337 2216 3407 ρέων
2269 3340 2327 3392 δέ
2373 3341 2630 3411 παρῆσαν
2675 3341 3108 3415 μετακληθέντες
3164 3343 3312 3405 ὅσοις
3362 3342 3512 3412 ἐξῆν,
3555 3344 3649 3395 καὶ

2075 3429 2215 3498 μετά
2252 3430 2467 3482 πάντων
2495 3429 2526 3500 ἢ
2557 3431 2659 3499 πρὸ
2693 3431 2895 3485 τούτων
2921 3431 3126 3502 μᾶλλον
3172 3434 3200 3484 ὀ
3240 3432 3411 3496 πολὺς
3433 3433 3498 3486 τὰ
3527 3433 3648 3485 θεῖα

2073 3519 2372 3591 Γρηγόριος
2383 3521 2722 3592 ἐπεδήμειτῇ
2739 3524 3172 3588 Κωνσταντίνου,
3191 3525 3379 3594 ἐπειδὴ
3404 3525 3495 3578 καὶ
3509 3543 3548 3576 π
3555 3527 3647 3595 pb;

2073 3614 2279 3666 ἐκεῖνον
2334 3613 2554 3682 μᾶλλον,
2605 3615 2678 3677 ὡς
2724 3614 2816 3667 τοῦ
2867 3615 3027 3684 λόγου
3069 3619 3382 3686 προστάτην
3419 3619 3648 3684 καὶτῆς

2073 3702 2334 3771 ἀληθείας
2368 3706 2616 3770 γενναῖον
2647 3703 2977 3772 ἀγωνιστὴν,
3011 3705 3069 3755 τὸ
3097 3704 3349 3756 πλεῖστον
3389 3705 3422 3770 ἢ
3449 3706 3510 3756 τὸ
3536 3708 3645 3757 πᾶν

2073 3788 2267 3841 ἐϐλεπε
2316 3789 2408 3841 τοῦ
2460 3791 2691 3858 ἀγῶνος.
2738 3793 3035 3863 Ἤθροιστο
3079 3793 3368 3862 τοιγαροῦν
3407 3795 3464 3846 ἐν
3493 3795 3648 3862 βασι-

2071 3875 2238 3940 λείοις
2288 3878 2497 3947 μεγάλη
2547 3879 2642 3931 καὶ
2676 3879 3128 3944 πολυάνθρωπος,
3179 3884 3272 3934 καὶ
3311 3885 3407 3946 τὰς
3441 3883 3649 3953 προλα-

2073 3968 2275 4032 ϐούσας
2316 3969 2524 4021 νικῶσα
2556 3970 2883 4040 παραπολύ·
2920 3975 3014 4024 καὶ
3043 3971 3299 4041 βασιλεὺς
3342 3975 3644 4042 ἐπεκόσμει

2072 4058 2276 4128 ταύτην
2300 4057 2512 4128 παρὼν,
2541 4060 2635 4113 καὶ
2664 4063 2692 4114 6
2732 4063 2833 4132 τῆς
2867 4063 3113 4135 μεγάλης
3156 4065 3481 4134 Ἐκκλησίας
3525 4084 3650 4119 ποι-

2075 4153 2184 4220 μήν
2216 4168 2275 4203 τε
2327 4153 2420 4204 καὶ
2453 4155 2824 4224 πατριάρχης,
2869 4157 3175 4226 ἀρχιερέων
3201 4157 3258 4210 δὲ
3295 4158 3503 4226 πληθὺς
3544 4159 3647 4213 οὐκ

2071 4244 2251 4314 ὀλίγη.
2285 4246 2378 4298 καὶ
2406 4245 2514 4298 τῶν
2546 4247 2602 4298 ἐν
2642 4245 2936 4316 βασιλείοις
2960 4250 3084 4302 ὅσον
3113 4249 3369 4320 ἔκκριτον
3405 4252 3500 4303 καὶ
3525 4251 3645 4304 δια-

2073 4337 2282 4405 πρέπον
2317 4337 2713 4408 ἐνάξιὼμασιο
2761 4340 2870 4392 τῶν
2901 4342 3009 4411 γὰρ
3048 4343 3330 4412 μοναστῶν
3362 4343 3504 4395 ἐκὼν
3544 4361 3648 4398 πα-

2071 4523 2181 4581 τοῐς
2212 4520 2510 4590 βασιλείοις
2544 4524 2750 4588 οἴκους,
2783 4528 2969 4578 καίτοι
2997 4526 3120 4580 λίαν
3153 4527 3313 4591 ὄντας
3349 4530 3644 4599 λαμπροὺς

2071 4605 2166 4666 καὶ
2201 4619 2546 4686 περιφανεῖς,
2584 4619 2678 4670 κα)⁵
2724 4618 2945 4688 μεγέθει
2988 4620 3083 4672 καὶ
3106 4621 3292 4675 κάλλει
3323 4626 3448 4685 τοὺς
3485 4626 3646 4676 ὁπου-

2068 4706 2266 4773 δήποτε
2296 4708 2558 4766 νικῶντας
2599 4708 2906 4774 παριπολυ,
2940 4713 3159 4772 στενοὺς
3190 4714 3513 4781 ἀπέφαινον,
3550 4717 3645 4769 καὶ

2069 4797 2145 4867 τῷ
2188 4798 2384 4868 πλήθει
2437 4800 2547 4852 τῶν
2609 4801 3042 4869 συνειλεγμένων
3096 4805 3196 4856 οὐκ
3250 4804 3640 4875 ἐξαρκοῦντας.

2070 4891 2110 4943 Τ
2117 4892 2206 4943 ότε
2237 4891 2302 4959 δὴ
2338 4892 2521 4959 τρίτον
2563 4896 2676 4954 τοῖς
2720 4895 2984 4967 ἐναντίοις
3028 4896 3168 4947 κατὰ
3200 4898 3326 4959 τοὺς
3361 4897 3644 4964 γενναίους

2064 4983 2175 5034 τῶν
2221 4984 2470 5050 ἀθλητῶν
2501 4987 2933 5054 ότρισαριστεὺς
2974 4987 3277 5057 Γρηγόριος
3319 4989 3638 5058 συμϐαλὼν,

2067 5076 2220 5127 ἐνίκα
2257 5078 2333 5145 τῷ
2373 5077 2613 5145 περιόντι
2657 5077 2857 5145 πολλῷ,
2903 5078 3025 5129 οὑδέ
3080 5079 3304 5148 πρώτην
3334 5080 3641 5150 προσϐολὴν

2066 5161 2437 5231 ὑποστάντος·
2469 5170 2645 5222 καὶτὸ
2691 5169 2888 5238 ψεῦδος
2933 5172 3196 5242 ᾐσχύνετο
3237 5175 3376 5225 κατά
3415 5173 3636 5240 κράτος,

2066 5263 2161 5314 καὶ
2203 5263 2298 5330 τὴν
2333 5260 2718 5334 προσήκουσαν
2766 5259 2909 5331 εἶχεν
2951 5271 2982 5334 ή
3025 5266 3254 5334 ἀλήθεια
3298 5265 3640 5335 παρρησίαν,

2065 5362 2158 5408 καὶ
2215 5357 2521 5426 Γρηγόριος
2574 5359 2602 5408 6
2655 5359 2827 5425 μέγας
2851 5360 2908 5410 ἐν
2930 5361 3042 5422 τοῖς
3087 5360 3344 5412 ἁπάντων
3376 5361 3641 5426 στόμασιν

2064 5452 2363 5520 ἐκροτεῖτο,
2407 5452 2505 5502 καὶ
2543 5451 2864 5521 πράγμασιν
2895 5454 3077 5517 αὐτοῖς
3103 5456 3199 5508 καὶ
3227 5453 3406 5520 λόγοις
3438 5454 3640 5523 άιεκή-

2067 5560 2282 5613 ρυιῑτυν.

2117 5704 2129 5710 '_
2149 5639 2302 5692 Ἐπεὶ
2323 5639 2378 5692 δέ
2400 5641 2492 5692 καὶ
2523 5640 2658 5710 πρὸς
2682 5642 2779 5709 τὴν
2811 5639 3084 5711 λαχοῦσαν
3111 5639 3218 5694 ἔδει
3241 5639 3470 5708 τάχιστα
3498 5641 3636 5690 ἐπαο

2067 5737 2274 5804 νήκειν,
2311 5732 2558 5785 ἐπάνεισι
2617 5733 2715 5801 μὲν
2760 5733 2924 5796 ὁξίος
2976 5732 3166 5800 ὥσπερ
3210 5736 3300 5785 τὸν
3330 5731 3492 5785 καλὸν
3527 5731 3638 5783 ἔδει
