4082 6416
485 299 594 366 675

1708 291 2113 363 εῧΒΕΟΟΒῖΙ
2158 294 2483 358 ΡΑΕΑΜΚΕ

3646 299 3748 365 δἸθῑ

485 416 724 484 ποιμένα
769 413 863 466 καὶ
895 412 1093 482 πολλὴν
1135 411 1392 479 φροντίδα
1428 410 1522 462 τοῦ
1558 411 1814 479 ποιμνίου
1842 427 2076 477 πεποιη-
2107 417 2148 470 Α
2183 429 2321 465 νεκα
2371 413 2671 482 σωτηρίας,
2715 409 2744 463 δ
2787 411 2937 479 φιλεῖ
2984 411 3118 476 Θεὸς
3156 410 3242 464 ἀεὶ
3278 416 3371 468 καὶ
3409 413 3497 468 διὰ
3544 417 3750 469 πάντων

495 507 679 576 μένον,
703 505 1051 573 δυσχερείαις
1089 503 1137 555 δ’
1185 503 1341 565 αὖθις
1375 503 1434 553 ού
1479 504 1702 572 μικραῖς
1740 503 2072 572 περιπίπτει

489 598 710 666 καὶτῆς
733 598 940 658 πόλεως
971 595 1359 658 ἀπελαύνεται,
1394 596 1492 646 καὶ
1518 595 1619 660 τῆς
1649 594 1760 647 τῶν
1790 593 2069 663 δημοσίων

489 696 647 744 νόσου
681 687 1084 758 παραπολαύει,
1111 685 1213 755 τῆς
1246 686 1584 754 ἀναφθείσης
1614 685 1858 747 στάσεως
1898 688 1956 738 ἐν
1994 684 2072 754 τῷ

486 787 630 840 τότε.
670 786 737 838 Et
766 801 850 846 τις
893 775 1001 835 οἵδε
1029 781 1130 850 τὴν
1178 779 1316 849 πρὸς
1353 779 1623 849 ἀλλήλους
1647 779 1758 834 τῶν
1800 779 2071 848 βασιλέων

486 878 824 946 φιλονεικίαν
848 875 943 929 καὶ
971 874 1072 944 τὴν
1111 874 1420 934 διάστασιν,
1447 875 1541 926 καὶ
1563 872 1638 934 ὡς
1668 872 1920 942 ἀλλήλοις
1942 872 2072 923 ἐπο-

484 971 707 1040 λέμουν,
739 970 838 1038 τῆς
872 967 1050 1038 ἀρχῆς
1079 967 1208 1020 ὅσον
1235 965 1364 1035 ἐξῆν
1398 965 1843 1034 ἐπισπασάμενοι
1871 963 2064 1034 μέρος,

482 1060 625 1116 οἶδεν
651 1061 839 1127 ὃλέγω
865 1076 878 1090 ·
913 1061 1009 1112 καὶ
1037 1058 1274 1128 ἐρημίας
1304 1054 1462 1119 αὖθις
1493 1053 1786 1127 ἀνερευνᾷ,
1811 1057 1909 1108 καλ.
1935 1055 2066 1118 τοὺς

484 1157 625 1208 κατὰ
655 1155 825 1223 μόνας
854 1151 934 1222 τῷ
969 1150 1092 1222 Θεῷ
1126 1149 1332 1214 ζῶντας
1363 1149 1501 1218 πρὸς
1531 1147 1860 1217 φιλοσοφίας
1889 1147 2071 1199 ἐπίδο-

486 1266 570 1299 σιν
611 1246 952 1310 ἐκκαλεῖται,
996 1243 1093 1296 καὶ
1147 1243 1240 1294 τὸν
1293 1242 1487 1311 καιρδν
1563 1241 1673 1292 τῶν
1743 1237 2071 1309 πειρασμῶν

486 1342 676 1408 καιρ“.ν
715 1340 923 1400 ἐκεῖνος
956 1336 1228 1406 ἐμπορίας
1257 1335 1351 1387 καὶ
1388 1333 1614 1403 κέρδου;
1648 1333 1888 1385 ποιεῖται
1904 1349 2069 1384 πνευ-

489 1430 748 1499 ματικοῦ.
782 1429 970 1491 Οὕτως
995 1429 1202 1489 ἐκεῖνος
1225 1423 1343 1497 ᾔδει
1377 1425 1472 1476 καὶ
1495 1426 1606 1486 τοῖς
1633 1423 1884 1477 δοκοῦσιν
1911 1424 2068 1476 ἐναν-

484 1519 619 1580 τίοις
655 1519 955 1587 ἐπωφελῶς
977 1516 1278 1585 κεχρῆσθαι
1304 1513 1400 1566 καὶ
1429 1515 1845 1582 συμφερόντως,
1877 1514 2068 1578 ῶσπερ

486 1611 621 1677 φασὶ
643 1610 742 1678 τὴν
774 1608 1053 1673 μέλιτταν,
1090 1609 1255 1659 πᾶσιν
1290 1599 1373 1668 οἷς
1401 1606 1466 1659 ἂν
1497 1605 1708 1674 ἐντύχοι
1740 1607 1880 1676 προς
1905 1606 2068 1675 ἐργα-

487 1704 604 1756 σίαν
635 1702 849 1769 μέλιτος
872 1701 1276 1772 καταχρῆσθαι.

571 1795 709 1845 Ἀλλ’
747 1793 774 1844 δ
805 1794 917 1845 τῶν
957 1792 1285 1860 πειρασμῶν
1314 1790 1538 1860 χειμῶνι
1571 1791 1666 1842 καὶ
1698 1788 1856 1852 αὖθις
1887 1789 2063 1842 ἐδόκει

485 1886 852 1948 διαλελύσθαι,
896 1884 988 1937 τοῦ
1025 1883 1161 1937 Θεοῦ
1193 1883 1264 1936 τὰ
1306 1883 1431 1937 κατ’
1459 1883 1624 1936 αὑτὸν
1654 1881 1828 1944 οὕτως
1861 1883 2067 1934 οἰκονο-

491 1978 738 2046 μοῦντος,
768 1978 863 2030 καὶ
895 1975 982 2029 διὰ
1025 1975 1135 2028 τῶν
1162 1975 1427 2045 λυπηρῶν
1455 1971 1593 2044 ὁμοῦ
1623 1975 1718 2028 καὶ
1765 1961 2066 2046 χρηστοτέ-

489 2091 600 2141 ρων
631 2071 1013 2137 ἐξυφαίνοντος
1073 2069 1286 2122 ἐκείνου
1348 2069 1439 2122 τὸν
1503 2067 1638 2135 βίον,
1690 2068 1758 2122 ἶν’
1799 2069 1890 2120 ἐπὶ
1919 2068 2065 2120 τέλει

485 2166 595 2217 τῶν
630 2164 807 2217 ἄθλων
852 2159 1176 2234 ἀνακηρύξῃ
1209 2161 1302 2213 τὸν
1353 2161 1617 2231 ἀθλητὴν,
1662 2164 1759 2216 καὶ
1800 2161 1898 2230 τῆς
1935 2161 2066 2212 ὑπε-

490 2256 659 2325 μονῆς
693 2256 788 2307 καὶ
821 2254 1126 2325 καρτερίας
1157 2253 1466 2322 ἀμείψηται
1504 2253 1839 2323 φιλοτίμωςο
1877 2251 2066 2323 ῶσπερ

483 2349 618 2418 δῆτα
649 2350 740 2401 καί
765 2348 850 2418 είρ
865 2365 1042 2414 γαστο,
1079 2347 1293 2407 πολλοῖς
1317 2345 1484 2399 αὑτὸν
1511 2347 1602 2398 καὶ
1639 2345 1777 2412 μετά
1808 2345 1908 2412 τὴν
1934 2361 2067 2412 σαρο

487 2442 581 2503 κὸς
611 2437 923 2510 ἀποδημίαν
947 2441 1233 2508 κοσμήσας
1261 2439 1375 2499 τοῖς
1404 2436 1756 2505 θαυμασίοις,
1794 2435 1891 2487 καὶ
1928 2436 2066 2502 πρὶς

485 2533 584 2601 τὴν
635 2531 770 2584 ἰδίαν
825 2531 981 2583 πόλιν
1039 2529 1452 2600 μετακαλεῖται,
1502 2529 1598 2580 καὶ
1648 2529 1746 2595 τῆς
1790 2527 2067 2595 καθέδρας

489 2624 759 2676 ἀπολαύει
797 2622 1013 2690 μικρὸν,
1047 2622 1142 2675 καὶ
1175 2620 1388 2688 ἀγῶνες
1413 2620 1580 2673 αὑτὸν
1627 2620 1806 2690 ἕτεροι
1836 2618 1931 2672 καὶ
1971 2621 2069 2671 κάο

492 2733 652 2781 ματοι
680 2715 1038 2782 διαδέχονται,
1091 2713 1200 2771 καὶ,
1227 2712 1288 2765 τὸ
1332 2711 1585 2781 ποίμνιον
1626 2711 1947 2780 καταρτίζει
1982 2709 2068 2760 λό-

487 2825 606 2875 γοις
632 2806 926 2870 παιδεύων,
953 2807 1050 2857 καὶ
1071 2804 1448 2866 διδασκαλίαις
1479 2793 1764 2873 ἐκτρέφων
1791 2803 2066 2872 όσημέραι

488 2897 903 2968 πνευματικῶς,
937 2898 1033 2950 καὶ
1077 2895 1339 2950 εύεκτοῦν
1367 2895 1511 2965 Θεῷ.
1551 2897 1646 2948 καὶ
1683 2893 1887 2962 σφόδρα
1922 2896 2066 2956 πῖον,

488 2993 582 3044 καὶ
621 2990 699 3060 τῷ
727 2990 1082 3058 ἀρχιποίμενι
1115 2987 1340 3058 Χριστῷ
1370 2987 1554 3048 καλῶς
1586 2986 1857 3054 ἑπόμενον
1898 3000 2069 3054 παρε-

2174 504 2629 568 κατασκευάζειν,
2669 506 2925 558 κάκεῖνον
2965 505 3182 574 ἥρπασε
3210 506 3319 560 τῶν
3359 507 3642 570 κινδύνων,
3685 508 3751 559 Iv"

2175 598 2264 665 εἴη
2289 595 2503 659 πολλοῖς
2538 597 2675 665 πρὸς
2699 598 2978 666 σωτηρίας
3013 597 3166 660 ὁδοὺς
3198 598 3484 668 ἀλείπτης,
3517 599 3612 652 καὶ
3633 602 3754 667 ὁδη-

2174 689 2269 754 γίις
2300 687 2678 760 πλανωμένοις
2709 689 2805 743 καὶ
2837 693 2953 753 τοῖς
2986 693 3044 744 ἐν
3076 691 3258 745 σκότει
3288 692 3628 762 καθημένοις
3653 680 3751 763 τῆς

2174 778 2455 842 ἀγνωσίας
2514 781 2898 850 χειραγωγός;
2957 782 3143 836 Ταῦτα
3189 783 3253 854 δὴ
3301 785 3371 838 τὰ
3406 785 3618 853 μεγάλα
3661 787 3754 838 καὶ

2172 871 2272 934 τῆς
2295 871 2507 923 ἐκείνου
2535 871 2715 943 ψυχῆς
2741 873 2963 940 ἐπάξια,
2990 876 3083 928 καὶ
3109 877 3470 946 γνωρίσματα
3494 879 3592 946 τῆς
3619 879 3752 948 πρὸς

2173 959 2309 1011 Θεὸν
2340 963 2672 1032 παρρησίας,
2727 965 2878 1036 παρά
2922 966 3024 1035 τῆς
3051 967 3225 1036 καλῆς
3256 970 3473 1037 ἐκείνης
3506 968 3752 1038 γλώττης

2175 1051 2548 1122 διηγουμένης
2589 1056 2811 1111 ἀκούειν
2858 1053 2924 1111 ἂν
2969 1060 3056 1129 εἴη
3099 1060 3350 1114 δίκαιον·
3415 1063 3604 1130 ἐπειδὴ
3656 1065 3754 1116 καὶ

2173 1145 2436 1213 πράττειν
2467 1146 2688 1216 ἐξήρκει
2730 1147 2910 1217 μόνος,
2937 1152 3032 1203 καὶ
3059 1151 3413 1222 καταλλήλως
3446 1156 3513 1223 τῇ
3550 1155 3748 1224 πράξει

2171 1240 2286 1299 τοῖς
2313 1238 2588 1292 είσέπειτα
2623 1240 2950 1309 διηγεῖσθαι.
2999 1243 3178 1313 Ἠμᾶς
3209 1243 3265 1296 δέ
3291 1246 3545 1298 τοσοῦτον
3585 1247 3726 1316 ἀναγ

2173 1331 2322 1381 καῖον
2377 1330 2536 1398 μόνον
2575 1332 2772 1398 είπεῖν,
2825 1333 2906 1386 ὅτι
2959 1336 3080 1397 ταῖς
3141 1337 3241 1402 μὲν
3293 1335 3433 1387 κατά
3485 1337 3578 1389 τὸν
3637 1327 3749 1405 βίον

2172 1421 2392 1490 ἑτέραις
2417 1421 2657 1489 πράξεσι
2687 1421 2798 1476 τῶν
2843 1424 3174 1495 ὁποιδήποτε
3205 1427 3309 1496 γῆς
3350 1428 3594 1494 ἐκράτει,
3625 1431 3754 1483 ἑαυ-

2170 1511 2263 1564 τὸν
2291 1512 2338 1564 δ’
2371 1515 2430 1565 ἐν
2459 1515 2560 1583 τῆς
2595 1515 2974 1583 αἰχμαλωσίας
3008 1519 3121 1579 τοῖς
3153 1520 3366 1588 καιροῖς
3397 1519 3523 1571 ὅσον
3554 1521 3614 1570 ἐν
3639 1523 3754 1584 τοῖς

2171 1603 2284 1657 ἀνω
2313 1606 2526 1674 χρόνοις
2562 1607 2690 1667 τοὺς
2728 1605 2921 1670 ἀλλους
2946 1609 3354 1678 ὑπερεϐάλλετο
3376 1627 3392 1642 ·
3430 1612 3608 1664 πάντα
3641 1613 3751 1682 γὰρ

2171 1699 2295 1749 τότε
2348 1699 2464 1759 τοῖς
2519 1697 2617 1767 τὴν
2653 1699 2840 1752 Ἀσίαν
2884 1699 3123 1754 οίκοῦσιν
3149 1701 3305 1771 ῶφθη
3347 1705 3574 1769 πιστοῖς,
3606 1704 3750 1760 διδά-

2171 1789 2367 1851 σκαλος
2385 1789 2686 1854 εὐσεϐείας,
2709 1791 2870 1860 ὀρθοῦ
2891 1792 3007 1861 βίου
3026 1793 3365 1862 καθηγητὴς,
3382 1795 3577 1861 λογίων
3596 1795 3750 1848 θείων

2169 1879 2464 1950 ἐξηγητὴς,
2497 1881 2704 1951 ἀληθὴς
2735 1883 2987 1948 θεολόγος
3021 1884 3128 1935 τῶν
3174 1885 3274 1953 τῆς
3315 1883 3548 1954 Τριάδος
3575 1886 3748 1955 ὀρθῶν

2166 1972 2452 2041 δογμάτων
2480 1988 2492 2000 ·
2523 1973 2584 2024 τὸ
2621 1973 2902 2043 μέγιστον,
2935 1977 3104 2044 χωρίς
3133 1977 3364 2045 αἵματος
3390 1977 3631 2048 ἀθλητὴς
3654 1977 3745 2031 τοῦ

2169 2059 2406 2130 Χριστοῦ
2441 2061 2534 2113 καὶ
2570 2063 2902 2130 στεφανίτης
2923 2061 3047 2131 δίχα
3087 2059 3367 2132 βασάνων.

2239 2154 2350 2221 Τὴν
2377 2153 2478 2223 μέν
2507 2150 2599 2206 οὖν
2636 2154 3020 2224 αίχμαλωσίαν
3041 2154 3182 2207 οὕτω
3215 2154 3512 2208 διατίθεται
3543 2153 3752 2222 καλῶς,

2167 2243 2358 2313 ῶσπερ
2395 2245 2460 2316 δὴ
2503 2245 2598 2296 καὶ
2622 2245 2725 2314 τὴν
2757 2243 2968 2314 πλάνην
2998 2246 3288 2315 πρότερον,
3329 2243 3416 2297 ῐνα
3441 2245 3605 2314 μηδὲν
3637 2245 3748 2297 τῶν

2168 2337 2311 2389 κατά
2361 2336 2453 2388 τὸν
2501 2335 2614 2404 βίον
2672 2336 2870 2404 ἐκείνῳ
2919 2331 3412 2404 συμπεπτωκότων
3454 2333 3644 2400 ἀδοξον
3690 2325 3748 2404 ᾗ,

2169 2427 2287 2480 ἀλλ’
2313 2427 2502 2497 ῶσπερ
2527 2427 2704 2496 ἐαυτῷ
2741 2426 3023 2495 στεφάνων
3077 2426 3171 2482 καὶ
3198 2407 3573 2497 ἀναρρήσεως
3600 2426 3754 2495 παρὰ

2168 2519 2244 2589 τῷ
2272 2518 2423 2588 καλῷ
2473 2518 2582 2572 τῶν
2626 2519 2915 2588 ἡμετέρων
2963 2514 3284 2590 ἀγωνοθέτῃ
3343 2521 3436 2573 καὶ
3473 2518 3749 2588 βραϐευτῇ

2166 2613 2278 2666 τῶν
2305 2612 2486 2666 ἄθλων
2524 2611 2743 2682 Χριστῷ
2767 2650 2780 2675 ,
2814 2611 2959 2666 οὕτω
2979 2611 3043 2682 δὴ
3071 2614 3165 2665 καὶ
3189 2615 3301 2673 τοῖς
3335 2612 3563 2682 ὕστερον
3596 2613 3754 2666 ἐπαί-

2167 2723 2273 2759 νων
2299 2706 2552 2775 ἀφορμὰς
2579 2705 2872 2775 παρέχοιτο
2907 2705 3270 2775 πανταχόθεν.
3310 2699 3465 2758 Ἐπεὶ
3485 2701 3542 2757 δὲ
3575 2719 3752 2776 κατῃ-

2170 2799 2486 2868 σχυμμένος
2537 2797 2625 2850 διά
2681 2799 2898 2850 πάντων
2954 2799 2982 2850 ὁ
3038 2797 3276 2867 πονηρὸς
3321 2799 3622 2866 ὑπεχώρει,
3657 2797 3753 2850 καὶ

2168 2889 2474 2959 ἡττημένος
2523 2887 2738 2942 καὶτοῦ
2786 2889 2925 2959 πρὸς
2956 2891 3168 2942 ἐκεῖνον
3203 2887 3441 2957 πολέμου
3493 2889 3589 2940 καὶ
3633 2888 3751 2942 σιῶν

2169 2981 2431 3033 ποικίλων
2477 2981 2762 3050 ἐπιφορῶν
2813 2979 3073 3034 ἀπώνατο
3124 2981 3287 3036 πλέον
3337 2981 3515 3046 οὐδὲν,
3553 2981 3636 3033 ὃτι
3671 2983 3749 3051 μὴ

487 3085 739 3152 χὸμενος.
762 3081 974 3134 Ἐδόκει
1011 3081 1111 3150 μὲν
1132 3078 1248 3145 οὖν,
1281 3078 1470 3149 ῶσπερ
1494 3079 1657 3147 ἔφην,
1682 3080 1709 3130 ό
1734 3078 1943 3146 χειμὼν
1967 3079 2070 3129 αύ·
2097 3098 2140 3154 c
2173 3079 2384 3146 γέλωτα
2434 3071 2604 3146 ὦφλε,
2639 3077 2840 3146 μᾶλλον
2871 3078 2918 3130 δ’
2951 3079 3171 3146 ἀφανῶς
3202 3079 3356 3131 οὐδὲν
3409 3070 3574 3148 ἦττον
3606 3072 3725 3129 ἐκεῖ

487 3177 580 3228 τὸν
606 3172 954 3227 διαλελῦσθαι
979 3173 1087 3226 τῶν
1119 3171 1445 3242 πειρασμῶν
1475 3189 1487 3202 ο
1516 3169 1694 3241 ἀρχὴν
1723 3167 1770 3220 δ’
1795 3168 2066 3236 ἐλάμϐανε

492 3265 719 3332 μᾶλλον,
754 3266 875 3318 οὐδὲ
913 3265 1024 3317 τῶν
1079 3263 1322 3334 σαρκῶν
1358 3261 1527 3316 αὑτοῦ
1580 3261 1918 3331 φεισαμένου
1972 3258 2066 3312 τοῦ

489 3356 758 3427 πονηροῦ,
802 3356 920 3410 ἀλλ’
955 3357 1288 3428 ἐξῃτηκότος
1340 3356 1440 3424 μὲν
1477 3357 1557 3418 είς
1606 3353 1832 3424 μείζονα
1876 3355 2068 3424 πεῖραν

490 3449 596 3501 ὑπὸ
630 3449 834 3519 πολλῆς
873 3449 1142 3519 πονηρίας
1164 3449 1262 3503 καὶ
1291 3448 1384 3502 τοῦ
1412 3448 1547 3517 πρὸς
1582 3448 1792 3500 ἐκεῖνον
1823 3429 2080 3514 ἀκράτου

493 3544 708 3608 μίσους,
753 3539 1243 3612 συγκεχωρηκότος
1294 3541 1350 3592 δέ
1399 3537 1536 3592 Θεοῦ
1587 3539 1664 3600 ὠς
1691 3537 1755 3592 ἂν
1803 3538 1946 3592 κατὰ
1979 3538 2069 3591 τὸν

494 3635 668 3700 μέγαν
707 3633 949 3703 ἀθλητὴν
977 3634 1076 3702 τῆς
1107 3630 1392 3700 ὑπομονῆς
1419 3631 1479 3683 ἐν
1511 3633 1646 3682 πᾶσι
1676 3629 1772 3683 καὶ
1814 3630 1904 3682 διὰ
1927 3629 2066 3684 πάν-

491 3742 601 3776 των
657 3725 963 3794 θεράποντα
1018 3725 1111 3775 τὸν
1168 3721 1371 3776 οἰκεῖον
1429 3723 1724 3790 ἄμεμπτον
1785 3721 2066 3796 ἀποδείξῃ.

495 3815 785 3867 Στέλλεται
835 3815 935 3885 μὲν
973 3813 1083 3882 γὰρ
1137 3812 1218 3875 είς
1250 3811 1551 3876 Βυζάντιον
1599 3806 1775 3877 αὖθις,
1807 3813 1900 3877 τὰς
1945 3814 2070 3867 κατ’

491 3904 740 3973 ἀλλήλων
778 3906 891 3966 τοῖς
923 3901 1207 3972 βασιλεῦσι
1247 3900 1514 3955 διαλύσων
1546 3901 1840 3974 διαφοράςο
1879 3920 2071 3972 πειρα-

490 4000 616 4058 ταῖς
646 3995 704 4048 δέ
732 3995 1122 4064 περιτυγχάνει
1167 3993 1492 4064 βαρϐάροις.
1525 3997 1616 4046 καὶ
1659 3995 1944 4064 δεσμώτης
1977 3994 2084 4046 ύπῖ

494 4087 672 4139 αὐτῶν
703 4087 896 4153 ἄγεται
925 4087 1061 4156 πρὸς
1109 4084 1321 4150 Ἀσίαν,
1354 4085 1441 4138 ἵνα
1470 4085 1632 4138 κάκεῖ
1665 4085 1894 4148 πολλοὺς
1939 4101 2071 4154 χροο

495 4185 626 4234 νίων
654 4181 792 4252 λύσῃ
823 4180 1065 4248 δεσμῶν,
1107 4176 1375 4247 ἀφύκτοις
1405 4176 1504 4249 τῆς
1543 4179 1822 4249 ἁμαρτίας
1849 4176 2072 4246 δεδεμέ-

491 4285 618 4336 νους
675 4276 920 4343 σειραῖς·
954 4273 1049 4325 καὶ
1101 4271 1210 4325 τῶν
1262 4272 1363 4342 τῆς
1401 4271 1786 4341 αίχμαλωσίας
1822 4270 1918 4321 καὶ
1975 4268 2074 4335 τῆς

495 4364 739 4426 δουλείας
799 4363 986 4416 κακῶν
1047 4365 1312 4434 πειρᾶται
1351 4431 1356 4435 _
1395 4365 1422 4415 ὁ
1471 4357 1570 4432 τῆς
1628 4363 1739 4414 ἀνω
1789 4360 1928 4412 Σιὼν
1976 4360 2073 4428 τῆς

2176 3187 2286 3235 νος,
2354 3173 2402 3223 εἰ
2457 3171 2532 3240 μη
2582 3174 2674 3223 καὶ
2717 3171 2921 3241 μᾶλλον
2957 3172 3036 3234 είς
3068 3174 3265 3240 πεῖραν
3297 3161 3400 3242 ἧκε
3428 3170 3535 3224 τῶν
3571 3171 3752 3238 ἀλγει-

2175 3261 2301 3328 νῶν,
2326 3261 2512 3315 λύεται
2549 3263 2648 3331 μέν
2672 3262 2701 3314 ὁ
2726 3261 2820 3315 τοῦ
2857 3251 2994 3315 Θεοῦ
3024 3264 3314 3332 ἄνθρωπος
3357 3264 3452 3315 καὶ
3474 3263 3756 3332 οἰκονόμος

2175 3356 2281 3410 τῶν
2341 3354 2508 3408 αὑτοῦ
2547 3355 2865 3425 μυστηρίων
2933 3355 3034 3425 τῆς
3093 3355 3437 3426 βαρϐαρικῆς
3472 3351 3754 3426 ὠμότητος

2177 3450 2270 3500 καὶ
2321 3448 2432 3499 τῶν
2469 3447 2670 3499 ἀδίκων
2725 3447 2961 3514 δεσμῶν,
3016 3445 3112 3499 τοῦ
3160 3432 3312 3499 Θεοῦ
3353 3447 3521 3500 ποθεν
3564 3450 3631 3499 ἐκ
3655 3447 3757 3516 γῆς

2176 3539 2444 3607 ἐσχατιῶν
2478 3539 2600 3601 τοὺς
2633 3537 2971 3606 λυσομένους
3000 3538 3380 3609 κεκινηκότος,
3404 3538 3643 3608 δαψιλῶς
3661 3541 3756 3605 καὶ

2177 3627 2476 3701 φιλοτίμως
2525 3629 3023 3700 καταϐεϐληκότων
3058 3631 3128 3683 τὰ
3159 3630 3355 3701 λύτρα,
3388 3630 3484 3684 καὶ
3515 3632 3756 3696 πάντων,

2176 3722 2551 3792 εὐαγγελικῶς
2579 3723 2774 3781 είπεῖν.
2805 3715 2880 3776 ὦν
2901 3717 3049 3792 εἶχον
3072 3722 3168 3776 τὸν
3196 3721 3382 3790 τίμιον
3411 3721 3758 3792 μαργαρίτην

2175 3816 2567 3885 ὠνησαμένων,
2621 3815 2869 3869 ἐπάνεισι
2911 3813 2957 3866 δ’
3002 3817 3066 3866 ἐκ
3091 3813 3193 3882 τῆς
3244 3813 3622 3883 ύπερορίας,ἢ
3658 3815 3758 3881 τῆς

2177 3906 2349 3975 καλῆς
2381 3904 2653 3974 ἐμπορίας
2683 3906 2711 3956 ὁ
2737 3903 3010 3973 ἀθλητηςο
3038 3902 3182 3957 οὕτω
3207 3903 3316 3974 γὰρ
3343 3905 3453 3972 ἐγὼ
3481 3904 3630 3956 καλῶ
3659 3904 3758 3974 τήν

2179 3998 2391 4050 ἐκείνου
2424 3996 2563 4065 πρὸς
2605 3997 2703 4066 τὴν
2726 3996 2916 4048 Ἀσίαν
2947 3997 3273 4049 ἐπιστασίαν
3306 3995 3338 4066 ἢ
3367 3997 3697 4067 ἀποδημίαν,
3724 3997 3756 4064 ἢ

2178 4088 2286 4139 τῶν
2324 4088 2507 4138 ἐκεῗσε
2547 4085 2756 4139 πιστῶν
2789 4087 3080 4155 ἐπίσκεψιν
3113 4088 3249 4157 ὑπὲρ
3285 4087 3384 4158 τῆς
3413 4083 3639 4158 Τριάδος
3669 4105 3758 4155 γε-

2180 4179 2510 4246 γενημένην.
2539 4177 2698 4231 Οῦτω
2731 4177 2778 4231 δ’
2807 4181 3061 4250 ἀσμένως
3095 4181 3433 4250 προσπίπτει
3462 4185 3574 4245 τοῖς
3607 4183 3664 4234 ἐν
3691 4183 3758 4251 τῇ

2182 4270 2355 4334 πόλει,
2393 4269 2592 4338 μᾶλλον
2633 4271 2689 4324 δέ
2720 4273 2855 4325 πᾶσι
2884 4274 2995 4334 τοῖς
3021 4273 3347 4342 περιοίκοις,
3377 4276 3472 4326 καὶ
3505 4273 3761 4340 Ἕλλησιν

2181 4361 2316 4430 ὁμοῦ
2356 4363 2451 4414 καλ⁸
2503 4363 2804 4432 βαρϐάροις
2861 4359 2942 4426 είς
3001 4366 3166 4418 ταυτὸ
3222 4363 3589 4430 συνελθοῦσιν,
3621 4364 3760 4417 ὥστε

497 4457 788 4525 ἐλευθέρας
833 4455 1062 4524 πολίτης
1113 4457 1364 4524 γνήσιος,
1409 4455 1506 4508 καὶ
1551 4453 1611 4506 τδ
1661 4453 1763 4521 τῆς
1801 4452 2076 4514 υἱοθεσίας
2113 4459 2152 4512 υ
2187 4447 2352 4520 μηδὲν
2377 4452 2608 4515 ἐκείνοις
2625 4453 2732 4506 τῶν
2763 4455 2904 4506 κατά
2931 4453 3021 4506 τὸν
3055 4456 3170 4524 βίον
3199 4455 3370 4527 ἡδέων
3395 4455 3546 4524 ηδιον
3579 4456 3757 4524 εὑρεῖν

498 4549 721 4619 ἀξίωμα
756 4549 987 4602 καθόσον
1034 4547 1246 4614 ἔξεστιν
1279 4547 1556 4618 ἀνθρώπῳ
1583 4545 1944 4614 διατηρήσας,
1979 4547 2076 4598 καὶ

496 4643 558 4691 τὸ
586 4639 710 4693 κατ’
742 4641 928 4693 εἰκόνα
962 4639 1097 4692 Θεοῦ
1139 4639 1232 4691 καὶ
1270 4638 1534 4706 ὁμοίωσιν
1573 4634 1863 4702 ἀκίϐδηλον
1891 4637 1969 4696 είς
1993 4635 2080 4687 τέ-

499 4733 588 4792 λος
615 4731 972 4798 διαφυλάξας.

576 4821 766 4884 Ὅπως
819 4823 919 4891 μὲν
949 4820 1043 4873 οὖν
1077 4821 1198 4881 ταῖς
1241 4815 1650 4884 κακοπραγίαις
1693 4816 1774 4875 είς
1803 4813 1943 4880 δέον,
1978 4833 2081 4868 κα-

502 4912 682 4981 θάπερ
705 4915 755 4966 οί
787 4914 898 4965 τῶν
931 4911 1258 4980 στρατηγῶν
1294 4899 1654 4978 ἀριστοι’ταίς
1686 4905 2079 4973 διδασκαλίαις,

504 5007 780 5074 ἐχρήσατο
806 5004 916 5057 τῶν
951 5001 1182 5070 καιρῶν,
1227 5000 1321 5050 καὶ
1352 4999 1425 5060 ὡς
1480 4999 1642 5052 κάκεῖ
1670 4999 1759 5050 τὸν
1793 4999 1950 5065 λόγον
1985 5017 2082 5068 κη-

505 5096 668 5161 ρύξας
703 5095 802 5164 τῆς
825 5094 1106 5161 ἀληθείας,
1153 5093 1248 5143 καὶ
1283 5089 1808 5158 παρρησιασάμενος
1854 5091 1950 5160 τὴν
1993 5094 2084 5142 ει)-

507 5190 745 5250 σέϐειαν,
781 5185 1088 5254 κατῄσχυνε
1136 5183 1234 5250 μὲν
1260 5182 1356 5250 τῆς
1392 5181 1664 5251 Περσικῆς
1696 5181 1952 5251 λατρείας
1985 5183 2082 5250 τὴν

508 5279 762 5342 ἀτοπίαν,
811 5278 937 5338 τοὺς
993 5276 1120 5344 παρ’
1166 5275 1396 5336 ἐκείνοις
1444 5273 1798 5342 καταπλήξας
1861 5275 2080 5342 σοφοὺς,

514 5369 758 5440 ἱπερῇρε
783 5370 839 5422 δέ
871 5369 940 5420 τά
965 5369 1230 5438 ἡμέτερα,
1261 5370 1358 5436 τῆς
1402 5366 1674 5438 Περσικῆς
1701 5366 1987 5436 ὠμότητος
2018 5371 2081 5422 ἀ-

515 5463 779 5530 μελήσας,
816 5461 909 5511 καὶ
931 5459 1003 5521 ὡς
1033 5460 1303 5529 ὑστέρησε
1332 5459 1440 5511 τῶν
1473 5459 1825 5528 μαρτυρικῶν
1858 5458 2085 5526 ἀγώνων

507 5555 602 5603 καί
627 5550 970 5617 σκαμμάτων
1003 5549 1178 5612 οὐδὲν,
1219 5551 1320 5603 ὅσα
1359 5567 1422 5617 γε
1449 5552 1528 5612 είς
1556 5549 1737 5619 ψυχῆς
1771 5549 2085 5619 προθυμίαν

505 5645 653 5711 ⁴ίρτει,
687 5643 863 5694 πάντα
905 5643 1095 5696 παθεῖν
1128 5645 1268 5714 ὑπὲρ
1295 5644 1388 5712 τῆς
1419 5645 1499 5705 είς
1526 5642 1760 5711 Χριστὸν
1791 5641 2085 5709 ὁμολογίας

511 5735 1026 5803 παρεσκευασμένος
1059 5737 1279 5804 σαφῶς·
1311 5737 1362 5789 τί
1395 5738 1502 5805 γὰρ
1529 5736 1576 5787 εἰ
1624 5733 1719 5804 τῆς
1775 5735 1978 5802 ἐτέρων
2026 5732 2082 5784 ἓ-

2182 4541 2326 4609 ἔχειν
2356 4541 2574 4613 ἐκείνης
2626 4545 2725 4615 τῆς
2755 4543 3098 4615 εὐφροσύνης
3133 4546 3225 4598 καὶ
3255 4545 3499 4615 νομίζειν
3531 4548 3624 4597 καὶ
3653 4546 3764 4615 διη-

2182 4634 2421 4698 γεῖσθαι.

2254 4724 2560 4794 Τοιγαροῦν
2613 4727 2736 4779 οὐδὲ
2769 4722 3010 4780 διέλιπεν
3055 4725 3362 4796 εὐεργετῶν
3411 4726 3613 4791 αὐτοὺς
3667 4728 3763 4782 καὶ

2183 4819 2358 4888 λόγοις
2387 4820 2481 4870 καὶ
2524 4819 2838 4887 πράγμασι,
2870 4819 3160 4884 διδάσκων,
3209 4818 3506 4884 νουθετῶν,
3539 4821 3766 4889 νομοθε-

2181 4914 2311 4976 τῶν,
2345 4912 2529 4963 πᾶσαν
2561 4909 2803 4962 διάνοιαν
2834 4912 2971 4981 πρὸς
2995 4913 3190 4964 ἑαυτὸν
3235 4912 3604 4982 ἐπιστρέφων,
3655 4917 3765 4976 τοῖς

2186 5002 2369 5070 ὀρθοῖς
2402 5001 2794 5070 ὑποστηρίζων
2822 5001 3057 5071 δόγμασι
3088 5007 3188 5072 τῆς
3227 4999 3456 5074 Τριάδος
3481 5020 3495 5033 ·
3533 5006 3628 5056 καὶ
3656 5006 3766 5065 τοῖς

2190 5096 2286 5163 μὲν
2320 5093 2499 5156 καλῶς
2532 5095 2725 5145 ἑστῶσι
2778 5094 2933 5159 βάσις
2983 5089 3276 5161 γενόμενος
3336 5096 3765 5165 ἀπερίτρεπτος,

2185 5191 2296 5250 τοῖς
2326 5189 2379 5239 δὲ
2403 5188 2786 5255 κλονουμὲνοις
2813 5189 2905 5238 καὶ
2951 5187 3310 5250 στασιάζουσι
3348 5193 3450 5258 τὴν
3480 5191 3764 5258 μαγνήτου

2187 5282 2351 5350 φύσιν
2381 5281 2735 5350 ἀποπληρῶν,
2762 5283 2822 5332 ού
2862 5281 2952 5351 βία
2983 5281 3199 5349 φύσεως
3246 5281 3438 5351 ὥσπερ
3467 5284 3652 5352 ἐκείνη
3677 5284 3765 5335 τον

2189 5371 2408 5440 σίδηρον
2441 5370 2826 5439 ἐφελκόμενος,
2859 5371 2996 5424 ἀλλά
3049 5373 3230 5438 λόγοις
3261 5372 3542 5442 ἀληθείας,
3576 5377 3668 5426 καὶ
3699 5377 3762 5443 τῇ

2189 5463 2476 5532 ἐνοικούσῃ
2505 5463 2688 5532 χάριτι
2734 5460 2826 5512 τοῦ
2871 5461 3191 5530 Πνεύματος
3236 5464 3624 5533 οἰκειούμενος,
3663 5464 3766 5524 ἐως

2189 5551 2375 5603 ἔπεισε
2401 5555 2634 5614 πάντας,
2659 5551 2751 5602 τὸν
2790 5551 2866 5603 ἰὸν
2893 5550 3268 5620 ἀποθεμένους
3300 5553 3398 5622 τῆς
3428 5551 3766 5616 δυσσεϐείας,

2191 5640 2243 5691 εί
2279 5657 2362 5702 τις
2402 5640 2591 5709 ἐτυχεν
2619 5640 2799 5691 αὐτῶν
2834 5639 2940 5690 ὑπὸ
2972 5639 3082 5691 τῶν
3113 5640 3767 5710 κακοδόξωνκαταχρανι·

2192 5733 2328 5798 θεὶς,
2369 5734 2674 5804 ἀμέμπτως
2729 5734 2823 5787 καὶ
2859 5731 3116 5801 καθαρῶς
3167 5733 3453 5802 λατρεύειν
3486 5734 3626 5804 Θεῷ.
3660 5732 3768 5788 Καὶ
