4082 6450
342 442 445 505 (81

1274 440 1575 505 CONTRA
1612 443 1977 504 BMiLAAM
2028 442 2123 501 ET
2168 439 2643 503 ACINDYNUM.

3510 439 3623 502 682

344 564 636 631 ἐτράπετο,
689 563 1023 633 ἀποφεύγων
1067 566 1159 618 καὶ
1202 565 1277 634 μὴ
1311 565 1653 638 καταπειθὴς
1686 566 1806 628 ὅλος
1848 576 1932 633 γι·
1958 563 2009 621 Δ
2036 562 2225 629 πένης
2255 559 2341 613 ὢν
2366 560 2666 628 πλουσίῳ.
2699 560 2863 628 Μηδὲ
2912 560 3068 623 ζήτει
3119 559 3237 613 τῶν
3290 557 3503 629 σοφῶν
3540 555 3624 615 εἶ-

346 653 572 720 νόμενοζ
603 654 682 716 είς
721 655 818 721 τὴν
852 656 1072 707 σύνοδον
1102 659 1443 725 ἀπαντῆσαι,
1474 658 1569 710 καὶ
1607 659 1720 721 τοῖς
1762 675 1935 725 κατη-

340 745 628 815 γορηθεῖσι
663 747 793 817 παρ’
823 748 990 801 αὑτοῦ
1027 751 1289 816 μοναχοῖς
1323 750 1381 811 ἐς
1412 749 1603 819 λόγους
1632 750 1809 802 ἐλθεῖν
1839 750 1937 803 καὶ

344 841 814 907 ἁντικαταστῆναι
864 842 1075 902 αὐτοῖς,
1130 842 1214 909 ἐφ’
1260 838 1341 905 οἷς
1388 843 1511 896 κατ’
1555 840 1737 896 αὐτῶν
1776 859 1936 894 συνε-

344 932 618 1002 γράψατο,
647 934 925 1001 πρόφασιν
965 933 1065 1002 μὲν
1111 935 1214 999 τῆς
1266 934 1561 1003 ἀποφυγῆς
1609 934 1937 1003 ποιούμενος

345 1024 650 1095 τηνικαῦτα.
682 1026 785 1094 τὴν
837 1024 1124 1094 βασιλικὴν
1161 1026 1494 1095 ἀποδημίαν,
1526 1028 1593 1096 τῇ
1622 1026 1667 1079 δ’
1706 1025 1938 1095 ἀληθείᾳ

346 1117 543 1170 ἐαυτοῦ
602 1118 936 1185 καταγνοὺς,
995 1122 1089 1172 καὶ
1147 1118 1241 1189 τδν
1293 1118 1550 1173 ἐντεῦθεν
1585 1118 1806 1191 ἔλεγχον
1850 1119 1938 1170 δε-

346 1205 498 1271 διώς.

416 1310 478 1358 ε’.
508 1302 740 1357 Ἔπειτα
766 1305 988 1358 συνόδου
1019 1307 1497 1379 συγκροτηθείσης
1526 1304 1807 1377 παρουσίᾳ
1841 1306 1936 1358 καὶ

348 1397 442 1450 τοῦ
474 1399 537 1451 ἐκ
569 1396 705 1449 Θεοῦ
754 1396 1019 1467 βασιλέως
1062 1399 1158 1451 τοῦ
1207 1398 1454 1467 ἀοιδίμου
1486 1400 1581 1451 καὶ
1627 1399 1936 1469 μακαρίτου

352 1493 409 1543 ἐν
436 1490 513 1559 τῷ
562 1491 900 1563 περιωνύμῳ
935 1491 1049 1562 ναῷ
1076 1494 1173 1562 τῆς
1206 1492 1300 1545 τοῦ
1336 1489 1471 1544 Θεοῦ
1500 1491 1680 1559 Λόγου
1720 1491 1936 1560 σοφίας,

347 1582 444 1653 τῆς
468 1602 526 1636 τε
562 1585 871 1653 συγκλήτου
916 1590 1005 1637 καὶ
1031 1585 1133 1639 οὐκ
1166 1584 1365 1653 ὀλίγων
1393 1586 1501 1638 ἀπό
1528 1603 1587 1639 τε
1616 1585 1724 1639 τῶν
1744 1603 1940 1655 τιμιω-

347 1678 524 1728 τάτων
571 1676 1019 1747 ἀρχιμανδριτῶν
1061 1678 1156 1730 καὶ
1199 1677 1657 1748 καθηγουμένων.
1704 1678 1940 1730 καὶτῶν

349 1770 446 1839 τῆς
473 1771 753 1832 πολιτείας
804 1771 1268 1840 συνειλεγμένων,
1302 1771 1728 1840 μεταπεμφθεὶς
1770 1771 1864 1823 καὶ
1912 1772 1941 1823 6

350 1862 515 1927 αὐτὸς
559 1863 850 1933 Βαρλαάμ,
880 1866 973 1918 καὶ
1014 1864 1354 1933 προτραπεὶς
1383 1866 1559 1917 εἰπεῖν
1591 1864 1686 1918 καὶ
1718 1864 1939 1917 ἀποδεῖ-

351 1958 438 2022 ξαι
470 1960 521 2010 εῖ
552 1975 601 2010 τι
631 1959 807 2011 εἰπεῖν
850 1958 963 2026 ἔχει
997 1958 1138 2012 κατά
1169 1958 1280 2010 τῶν
1326 1957 1451 2011 καθ’
1499 1958 1732 2029 ἡσυχίαν
1794 1958 1935 2022 ζών-

350 2066 458 2103 των
494 2052 768 2120 μοναχῶν.
814 2052 1104 2121 ιιαρόντων
1129 2052 1229 2122 ἤδη
1256 2054 1350 2104 καὶ
1373 2053 1557 2107 αὐτῶν
1583 2056 1650 2126 τῇ
1710 2053 1937 2120 συνόδῳ,

353 2143 514 2205 αὐτὸς
540 2142 785 2211 ὡσπερεὶ
831 2144 925 2195 τοῦ
959 2148 1326 2213 προκειμένου
1368 2143 1540 2215 λήθην
1589 2143 1804 2211 παθὼν,
1838 2145 1940 2214 μά-

352 2234 511 2287 λιστα
539 2237 594 2288 δέ
622 2235 879 2305 συγχέειν
908 2236 1252 2307 πειρώμενος
1278 2237 1344 2289 τὰ
1369 2237 1470 2305 τῆς
1500 2237 1834 2301 ὑποθέσεως,
1860 2240 1941 2302 είς

354 2330 656 2396 ἐρωτήσεις
708 2330 803 2381 καὶ
857 2329 1092 2398 ἀπορίας
1138 2330 1399 2397 ἐχωρεῖτο
1444 2329 1811 2399 δογματικὰς,
1846 2332 1943 2383 καὶ

356 2418 538 2480 λύσεις
576 2419 682 2471 τῶν
732 2421 1110 2488 ἀπορημάτων
1155 2419 1361 2487 ἐζήτει.
1389 2418 1481 2483 Et;
1527 2419 1555 2472 6
1602 2420 1697 2474 καὶ
1728 2420 1945 2473 ἐνιστά-

359 2524 521 2579 μενος
558 2513 652 2563 καὶ
689 2512 1102 2581 ἰσχυριζόμενος
1150 2511 1316 2581 μηδέν
1343 2528 1395 2563 τι
1428 2511 1695 2582 πρότερον
1738 2513 1941 2576 εἰπεῖν,

359 2605 494 2674 πρὶν
530 2603 596 2657 ἂν
627 2603 727 2675 τὴν
760 2607 856 2660 ἐπὶ
882 2607 1004 2668 ταῖς
1036 2606 1341 2675 ἐρωτήσεσι
1375 2605 1603 2669 ταύταις
1644 2605 1943 2676 ἀπόκρισιν

355 2699 452 2750 καὶ
482 2698 638 2769 λύσιν
673 2699 996 2767 κομίσηται,
1029 2700 1219 2767 ἐπειδὴ
1250 2699 1399 2765 ἅπαξ
1432 2701 1526 2753 καὶ
1564 2700 1648 2764 δὶς
1694 2701 1790 2752 καὶ
1825 2700 1942 2769 μετ’

356 2764 683 2861 ἐμϐριθείας
717 2764 1138 2862 ἀποκρουσθεὶς,
1189 2764 1292 2845 οὐκ
1338 2764 1573 2846 ἐνεδίδου
1618 2791 1720 2862 τῆς
1758 2764 1946 2845 ἐνστά-

360 2899 501 2945 σεως
546 2882 774 2953 ταύτης,
826 2883 949 2936 οὑδέ
1002 2884 1253 2937 ἐπείθετο
1302 2884 1482 2952 λέγειν
1531 2884 1659 2952 περὶ
1704 2882 1806 2952 τῆς
1835 2882 1945 2935 τῶν

358 2978 740 3046 προκειμένων
770 2975 1099 3041 ἐξετάσεως,
1123 2977 1224 3044 τῆς
1249 2977 1388 3030 κατὰ
1415 2976 1525 3030 τῶν
1566 2975 1821 3045 μοναχῶν
1852 2973 1947 3045 δη-

356 3067 493 3137 λαδὴ
528 3068 811 3135 ἐγγράφου
844 3066 973 3137 παρ’
996 3067 1161 3120 αὑτοῦ
1203 3069 1564 3138 κατηγορίας.

436 3158 511 3222 ς’.
555 3159 890 3230 Ἐπέτρεψεν
921 3161 953 3230 ἡ
986 3160 1280 3229 μετριότης
1324 3159 1483 3227 ἡμῶν
1523 3159 1946 3231 ἀναγνωσθῆναι

2039 672 2138 707 ναι
2170 654 2535 722 σοφώτερος.
2575 655 2635 705 Et
2668 654 2724 705 δέ
2749 670 2833 711 τις
2861 652 2975 721 ἀλῴ
3012 653 3104 705 τὸν
3153 656 3397 719 παρόντα
3444 669 3627 721 παρα-

2042 748 2288 802 σαλεύων
2321 748 2545 813 κανόνα,
2584 748 2677 801 ἐπὶ
2710 748 2926 819 ἡμέρας
2971 746 3322 816 ἀφοριζέσθω
3354 750 3629 815 τεσσαρά⁴

2041 856 2233 893 κοντα.
2264 839 2376 892 Καὶ
2405 838 2571 892 πάλιν
2600 839 2630 890 6
2680 839 2779 907 τῆς
2812 838 2872 891 ἐν
2908 836 3219 909 Χαλκηδόνι
3254 836 3436 891 κανὼν
3472 840 3631 893 ἐννέα

2040 935 2136 984 καὶ
2168 932 2421 995 δέκατος,
2450 933 2541 983 Δεῖ
2574 932 2702 993 τοὺς
2755 930 2866 985 τῶν
2908 931 3223 1001 ἐκκλησιῶν
3252 932 3628 1001 προεστῶτας,

2042 1022 2099 1073 ἐν
2140 1021 2293 1095 πάσῃ
2329 1022 2428 1091 μὲν
2466 1022 2677 1094 ἡμέρᾳ,
2708 1020 3007 1094 ἐξαιρέτως
3035 1021 3093 1074 δὲ
3125 1024 3247 1086 ταῖς
3293 1025 3629 1093 Κυριακαῖς,

2042 1115 2223 1167 πάντα
2258 1114 2350 1167 τὸν
2402 1115 2607 1183 κλῆρον
2639 1118 2735 1167 καὶ
2788 1118 2884 1169 τὸν
2937 1115 3071 1169 λαὸν
3125 1116 3471 1169 ἐκδιδάσκειν
3498 1119 3632 1179 τοὺς

2041 1206 2140 1273 τῆς
2187 1204 2475 1267 εὐσεϐείας
2522 1206 2739 1275 λόγους,
2766 1209 2830 1259 ἐκ
2855 1207 2955 1277 τῆς
2995 1206 3145 1270 θείας
3180 1207 3407 1278 Γραφῆς
3438 1207 3634 1262 ἀναλε-

2043 1298 2320 1368 γομένους
2359 1300 2429 1352 τά
2457 1300 2555 1369 τῆς
2583 1298 2850 1371 ἀληθείας
2878 1302 2972 1367 νοή
2986 1300 3134 1369 ματά
3171 1317 3231 1353 τε
3263 1300 3359 1353 καὶ
3395 1302 3627 1372 ῥήματα

2043 1392 2138 1443 καὶ
2172 1392 2248 1461 μὴ
2295 1392 2741 1461 παραϐαίνοντας
2776 1393 2903 1456 τοὺς
2941 1392 3046 1463 ἤδη
3095 1392 3356 1455 τεθέντας
3386 1393 3570 1463 ὅρους,
3597 1393 3632 1464 ἢ

2041 1482 2143 1553 τὴν
2189 1485 2255 1537 ἐκ
2288 1484 2397 1536 τῶν
2451 1482 2732 1555 θεοφόρων
2786 1486 3049 1555 Πατέρων
3086 1487 3411 1556 παράδοσιν.
3472 1489 3635 1542 Ἀλλά

2043 1577 2141 1628 καὶ
2171 1575 2223 1627 εί
2267 1574 2540 1645 γραφικὸς
2569 1577 2933 1647 ἀνακινηθείη
2970 1577 3150 1646 λόγος,
3183 1578 3259 1650 μὴ
3289 1578 3470 1643 ἄλλως
3508 1580 3635 1634 τοῦ·

2042 1686 2133 1721 τον
2161 1668 2635 1738 ἐρμηνευέτωσαν,
2663 1668 2796 1739 ἢὼς
2831 1669 2897 1724 ἂν
2928 1671 2980 1723 οί
3015 1670 3117 1739 τῆς
3165 1671 3497 1739 Ἑκκλησίας
3521 1690 3635 1741 φω-

2044 1759 2247 1828 στῆρες
2282 1760 2379 1812 καὶ
2402 1760 2719 1814 διδάσκαλοι
2743 1761 2833 1814 διὰ
2857 1762 2967 1815 τῶν
2997 1762 3221 1837 οἰκείων
3255 1767 3636 1835 συγγραμμά-

2044 1867 2154 1903 των
2186 1850 2510 1921 παρέθεντο.
2537 1852 2647 1905 Καὶ
2684 1852 2886 1921 μᾶλλον
2912 1854 2971 1905 ἐν
2990 1854 3204 1917 τούτοις
3241 1855 3638 1927 εύδοκιμείτω-

2046 1942 2224 2012 σαν,ἢ
2257 1943 2447 2009 λόγους
2485 1945 2721 2008 οἰκείους
2753 1946 3161 2013 συντάττοντες,
3193 1947 3342 2001 ἐστιν
3375 1949 3466 2003 ὅτε
3491 1950 3631 2003 ἀπό-

2044 2054 2153 2107 ρως
2194 2036 2410 2107 ἔχοντες
2450 2038 2588 2108 πρὸς
2637 2037 2822 2101 τοῦτο,
2854 2039 3221 2095 ἀποπίπτοιεν
3269 2042 3365 2095 τοῦ
3419 2046 3634 2111 προσή-

2044 2146 2254 2192 κοντος.
2288 2132 2387 2184 Διά
2445 2130 2556 2202 γάρ
2601 2132 2701 2203 τῆς
2732 2134 2840 2185 τῶν
2888 2135 3310 2205 προειρημένων
3367 2137 3630 2205 Πατέρων

2044 2218 2398 2283 διδασκαλίας
2448 2224 2497 2273 οί
2556 2222 2673 2275 λαοὶ
2705 2224 2764 2275 ἐν
2821 2222 3023 2290 γνώσει
3082 2225 3362 2295 γινόμενοι
3415 2227 3523 2282 τῶν
3570 2246 3632 2281 τε

2049 2311 2358 2364 σπουδαίων
2390 2312 2484 2365 καὶ
2501 2312 2740 2382 αἱρετῶν
2762 2316 2857 2366 καὶ
2885 2315 2993 2368 τῶν
3012 2317 3354 2386 ἀσυμφόρων
3380 2319 3475 2373 καὶ
3497 2320 3636 2373 ἀπο.

2045 2402 2281 2473 ϐλήτων,
2306 2404 2398 2457 τὸν
2430 2404 2545 2475 βίον
2579 2405 3088 2477 μεταρῤυθμίζουσι
3121 2408 3262 2477 πρὸς
3287 2409 3350 2463 τὸ
3398 2411 3634 2482 βέλτιον,

2046 2495 2142 2549 καὶ
2166 2497 2228 2549 τὸ
2260 2496 2359 2565 τῆς
2384 2497 2606 2564 ἀγνοίας
2630 2498 2729 2568 οὐχ
2752 2499 3069 2553 ἁλίσκονται
3093 2501 3276 2568 πάθει,
3302 2502 3439 2555 ἀλλά
3462 2522 3636 2575 προσ-

2047 2587 2264 2657 έχοντες
2311 2592 2378 2660 τῇ
2428 2590 2772 2663 διδασκαλίᾳ,
2815 2592 3046 2657 ἑαυτοὺς
3108 2593 3247 2661 πρὸς
3299 2596 3361 2648 τὸ
3416 2595 3491 2665 μὴ
3535 2614 3637 2648 κα-

2048 2678 2159 2743 κῶς
2186 2678 2381 2733 παθεῖν
2417 2682 2826 2754 παραθήγουσι,
2858 2686 2954 2738 καὶ
2981 2684 3135 2757 φόϐῳ
3168 2686 3280 2740 τῶν
3312 2688 3639 2759 ἐπηρτημέ-

2049 2789 2157 2827 νων
2217 2773 2509 2846 τιμωριῶν
2564 2776 2663 2846 τὴν
2724 2778 3004 2849 σωτηρίαν
3056 2778 3243 2843 αὐτοῖς
3301 2779 3634 2853 ἐξεργάζονο

2048 2884 2160 2921 ται.

2121 2956 2189 3024 ζ’.
2230 2958 2389 3013 Μετά
2417 2960 2605 3027 μέντοι
2631 2961 2729 3032 τὴν
2750 2961 3064 3031 ἀνάγνωσιν
3104 2967 3215 3021 τῶν
3259 2968 3440 3023 αὐτῶν
3476 2970 3639 3041 ιερῶν

2050 3051 2147 3105 καὶ
2178 3051 2339 3105 θείων
2374 3053 2616 3107 κανόνων
2648 3057 3173 3128 προσεκομίσθησαν
3205 3062 3299 3114 ἐπὶ
3329 3062 3424 3114 τοῦ
3465 3065 3636 3133 μέσου

2047 3141 2115 3208 ἀς
2158 3146 2186 3198 6
2238 3145 2508 3216 Βαρλαάμ
2556 3146 2773 3216 φθάσας
2818 3150 3112 3219 ἐποιήσατο
3163 3154 3446 3226 ἀναφορὰς
3495 3160 3641 3211 κατά

356 3256 442 3315 είς
476 3255 717 3325 ἐπήκοον
745 3253 843 3323 τῆς
877 3253 1101 3306 συνόδου
1135 3256 1261 3317 τοὺς
1299 3254 1481 3319 ἱεροὺς
1520 3253 1615 3307 καὶ
1642 3253 1823 3317 θείους
1852 3270 1949 3306 κα·-
1976 3273 2019 3329 C
2051 3236 2162 3289 τῶν
2220 3237 2509 3308 μονακῶν⁶
2560 3239 2656 3293 καί
2712 3240 3173 3309 ἀναγνωσθεισῶν
3219 3248 3331 3300 τῶν
3379 3250 3641 3304 τοιούτων

357 3346 541 3411 νόνας,
573 3347 640 3399 δι’
674 3342 748 3399 ὧν
783 3348 1165 3417 ἀπηγόρευται
1194 3347 1288 3399 καὶ
1315 3346 1569 3414 οὐδαμῶς
1613 3345 1947 3416 παρακεχώ-

363 3458 553 3511 ρηται,
585 3438 660 3510 μὴ
693 3440 855 3507 μόνον
884 3442 996 3502 τοῖς
1033 3439 1155 3492 κατ’
1191 3439 1376 3503 αὐτὸν,
1410 3438 1546 3491 ἀλλά
1578 3440 1672 3492 καὶ
1710 3441 1821 3501 τοῖς
1849 3438 1948 3492 ἄλο

358 3537 475 3598 λοις
508 3535 644 3587 πᾶσι
680 3534 847 3604 μηδέν
884 3552 936 3586 τι
962 3534 1098 3604 περὶ
1137 3532 1431 3602 δογμάτων
1476 3535 1670 3597 κινεῖν,
1708 3534 1801 3586 καὶ
1837 3533 1949 3594 τοῖς

362 3624 545 3688 ἄλλοις
578 3626 829 3680 ἐντεῦθεν
860 3625 1079 3687 πάντως
1125 3625 1378 3694 ἀνάγκην
1426 3625 1757 3688 ἐπιτιθέναι,
1819 3624 1952 3693 περὶ

368 3722 622 3774 τοιούτων
679 3719 1091 3787 ἀπολογεῖσθαι,
1123 3719 1260 3789 μηδὲ
1294 3717 1682 3772 διδασκαλικὸν
1734 3720 1950 3782 ἑαυτοῖς

375 3816 752 3879 περιτιθέντας
802 3816 1042 3884 ἀξίωμα,
1081 3814 1336 3881 διεξιέναι
1392 3814 1522 3884 περί
1558 3832 1719 3866 τινων
1754 3813 1955 3883 ἐκκλη-

374 3914 668 3966 σιαστικῶν
701 3912 1035 3966 ὑποθέσεων.
1072 3912 1272 3974 Μόνοις
1304 3911 1413 3981 γὰρ
1459 3910 1617 3979 ἐδόθη
1651 3911 1811 3963 τοῦτο
1840 3912 1953 3973 τοῖς

366 4005 686 4076 ἀρχιερεῦσι
737 4007 874 4059 Θεοῦ
911 4006 1066 4076 παρὰ
1112 4005 1211 4075 τῆς
1262 4005 1473 4060 ἄνωθεν
1513 4006 1760 4075 χάριτος.
1814 4006 1955 4075 Φησὶ

364 4099 475 4169 γὰρ
509 4103 536 4151 6
586 4101 658 4167 ξδ’
702 4099 879 4153 κανὼν
916 4100 1013 4170 τῆς
1062 4106 1117 4163 ς’
1170 4100 1415 4166 συνόδου,
1476 4100 1552 4153 Οὐ
1610 4100 1716 4171 χρὴ
1765 4100 1956 4153 λαῖκδν

363 4192 606 4262 δημοσία
633 4192 791 4259 λόγον
828 4193 1021 4253 κινεῖν,
1049 4191 1081 4262 ἢ
1110 4192 1409 4257 διδάσκειν,
1434 4191 1654 4263 ἀξίωμα
1692 4192 1956 4247 διδασκα-

363 4283 521 4335 λικὸν
550 4283 805 4336 ἐντεῦθεν
841 4284 1324 4353 περιποιούμενον,
1360 4284 1476 4338 ἀλλ’
1499 4283 1675 4339 εἴκειν
1707 4288 1774 4356 τῇ
1804 4285 1960 4355 παρὰ

360 4375 457 4428 τοῦ
491 4375 696 4447 Κυρίου
730 4376 1105 4448 παραδοθείσῃ
1141 4376 1317 4441 τάξει,
1348 4378 1443 4430 καὶ
1472 4376 1535 4431 τὸ
1582 4372 1676 4441 οὖς
1706 4380 1825 4440 τοῖς
1855 4376 1958 4448 τὴν

363 4468 527 4538 χάριν
581 4467 676 4520 τοῦ
728 4467 1118 4521 διδασκαλικοῦ
1148 4469 1310 4537 λόγου
1356 4467 1588 4523 λαϐοῦσι
1637 4470 1956 4538 διανοίγειν,

366 4563 463 4614 καὶ
494 4562 561 4615 τὰ
591 4561 714 4613 θεῖα
744 4560 881 4632 παρ’
913 4562 1097 4614 αὐτῶν
1139 4561 1582 4616 ἐκδιδάσκεσθαι.
1622 4563 1712 4616 Ἐν
1742 4563 1853 4633 γάρ
1886 4567 1953 4633 τῇ

371 4655 472 4724 μιᾷ
536 4654 837 4727 Ἐκκλησία
882 4654 1120 4725 διάφορα
1172 4655 1310 4726 μέλη
1363 4658 1671 4726 πεποίηκεν
1716 4657 1744 4709 6
1798 4656 1954 4722 θεὸς,

366 4748 512 4799 κατά
544 4747 641 4816 τὴν
673 4744 768 4799 τοῦ
819 4747 1150 4799 ’Δποστόλου
1183 4746 1367 4817 φωνὴν
1396 4748 1464 4818 ἢν
1512 4749 1539 4801 6
1582 4747 1845 4816 Θεολόγος
1871 4748 1959 4819 ἐρ-

370 4839 625 4909 μηνεύων
684 4839 1009 4908 Γρηγόριος,
1046 4840 1235 4908 σαφῶς
1292 4840 1393 4910 τὴν
1447 4842 1504 4893 ἐν
1545 4840 1765 4905 τούτοις
1798 4841 1956 4906 τάξιν

366 4920 669 5002 παρίστησι
701 4931 876 5000 λέγων
896 4948 910 4963 ο
936 4931 1154 5003 Ταύτην
1179 4933 1459 5003 αἱδώμεθα
1485 4935 1583 5003 τὴν
1605 4934 1782 4999 τάξιν,
1806 4935 1963 4988 ἀδελ-

366 5026 484 5093 φοὶ,
519 5024 725 5093 ταύτην
780 5024 1159 5095 φυλάττωμεν.
1207 5023 1265 5079 Ὀ
1309 5026 1407 5085 μὲν
1431 5025 1572 5079 ἔστω
1598 5044 1681 5091 τις
1732 5028 1896 5099 ἀκοὴ,
1932 5029 1962 5082 6

364 5120 426 5171 δὲ
458 5120 700 5187 γλῶσσα,
726 5119 754 5170 6
788 5118 844 5170 δὲ
870 5120 1013 5188 χεὶρ,
1037 5121 1064 5171 6
1096 5119 1151 5171 δὲ
1177 5119 1306 5172 ἄλλο
1335 5136 1412 5172 τιο
1440 5122 1467 5173 6
1501 5120 1601 5189 μέν
1631 5120 1958 5187 διδασκέτω,

365 5215 400 5264 6
426 5214 481 5265 δέ
521 5212 840 5281 μανθανέτω
868 5227 879 5239 ’
911 5214 1005 5264 καὶ
1033 5213 1059 5263 6
1090 5213 1402 5278 μανθάνων,
1433 5217 1491 5265 ἐν
1538 5212 1826 5283 εὐπειθείᾳ
1862 5216 1961 5266 καὶ

366 5301 402 5351 ὁ
437 5300 690 5369 χορηγῶν
725 5301 784 5350 ἐν
819 5299 1116 5367 ἱλαρότητι,
1144 5302 1239 5354 καὶ
1272 5304 1298 5359 6
1338 5301 1632 5371 ὑπουργῶν
1664 5305 1721 5354 ἐν
1752 5304 1963 5372 προθυ-

374 5388 497 5458 μία.
542 5389 635 5456 Μὴ
681 5390 882 5451 πάντες
936 5382 1088 5459 ὦμεν
1124 5391 1345 5457 γλῶσσα
1386 5392 1446 5443 τὸ
1474 5393 1845 5462 ἑτοιμότερον,
1883 5395 1959 5465 μὴ

372 5481 579 5540 πάντες
606 5477 921 5541 ἀπόστολοι,
961 5479 1035 5547 μὴ
1066 5477 1272 5539 πάντες
1313 5479 1617 5549 προφῆται,
1659 5482 1734 5550 μὴ
1762 5481 1962 5544 πάντες

368 5572 847 5640 διερμηνεύωμεν.
885 5573 993 5625 Καὶ
1044 5570 1184 5640 μετα
1231 5589 1351 5624 τινα
1378 5586 1390 5598 ’
1428 5573 1493 5623 Τί
1532 5574 1762 5645 σεαυτὸν
1789 5577 1964 5637 ποιεῖς

373 5662 634 5730 ποιμένα,
666 5662 941 5729 πρόϐατον
975 5661 1086 5727 ῶν;
1138 5663 1201 5714 Τί
1231 5662 1355 5733 γίνῃ
1390 5664 1623 5733 κεφαλὴ,
1659 5663 1795 5728 ποῦς
1828 5684 1961 5732 τυγ-

374 5757 595 5825 χάνωνς
632 5756 695 5807 Τί
760 5759 1090 5825 στρατηγεῖν
1150 5758 1474 5827 ἐπιχειρεῖς,
1536 5759 1963 5828 τεταγμένοςέν

379 5850 779 5916 στρατιώταιςς
812 5850 923 5902 Καὶ
977 5850 1211 5919 ἑτέρωθι
1255 5852 1288 5921 ὴ
1342 5850 1513 5918 Σοφία
1539 5850 1920 5904 διακελεύεται
1947 5869 1961 5882 ⁸

376 5941 475 6010 Μὴ
501 5941 625 5996 ἴσθι
681 5942 873 6010 ταχὺς
916 5942 985 5994 ἐν
1026 5942 1230 6009 λόγοις
1296 5944 1390 6014 Μὴ
1434 5947 1962 6015 σινμπαρεκτείνου

620 6039 893 6098 Ρηιιοι..
926 6040 971 6097 (ὶ
984 6058 1041 6096 ιι.
1078 6036 1204 6097 CLI

2053 3332 2369 3402 ἁκσαφορῶν,
2393 3333 2718 3405 προετράπη
2745 3336 2774 3387 6
2797 3334 3116 3405 διαληφθεὶς
3143 3340 3495 3413 ίερομόναχο;
3532 3346 3641 3416 κὺρ

2055 3426 2360 3496 ι’ρηγόριος
2390 3426 2419 3477 6
2452 3428 2723 3498 Παλαμᾶς
2754 3430 2856 3499 τὴν
2901 3430 2991 3482 ἐπ’
3048 3434 3241 3497 αὐταῖς
3300 3437 3643 3507 ποιήσασθαι

2055 3521 2376 3587 ἀπολογίαν,
2397 3520 2470 3583 ὡς
2490 3521 2654 3575 αὑτοῦ
2686 3523 2923 3591 μάλιστα
2969 3525 3438 3597 καθαπτομέναις,
3491 3533 3643 3598 ὅστις

2055 3615 2151 3666 καὶ
2190 3614 2361 3666 εἰπὼν
2401 3616 2460 3667 ἐν
2492 3617 2783 3685 προοιμίου
2819 3617 2984 3687 λόγῳ,
3021 3620 3116 3672 καὶ
3145 3620 3645 3696 ἀπολογησάμενος

2053 3706 2156 3759 ὅσα
2203 3707 2369 3772 εἰκὸς,
2421 3708 2616 3760 ἔπειτα
2668 3709 2973 3778 διηγήσατο
3002 3709 3099 3766 καὶ
3126 3712 3200 3776 ὡς
3237 3715 3538 3789 ἐπισυνέϐη
3574 3723 3644 3774 τά

2054 3799 2157 3866 τῆς
2198 3799 2379 3852 αὐτῶν
2426 3799 2713 3872 διαφορᾶς,
2743 3803 3014 3872 προτέρου
3046 3805 3139 3857 τοῦ
3176 3808 3342 3860 αὑτοῦ
3373 3807 3647 3882 Βαρλαάμ

2060 3891 2528 3961 συγγραψαμένου
2590 3896 2684 3947 καὶ
2734 3897 3221 3966 κατηγορήσαντος
3259 3899 3443 3954 αὐτῶν
3498 3904 3646 3977 ἅπερ

2058 3985 2321 4055 ἀνωτέρω
2373 3986 2613 4059 εἴρηται,
2657 3988 2752 4041 καὶ
2813 3990 3034 4043 ἐναντία
3091 3993 3204 4051 τοῖς
3241 3994 3353 4047 τῶν
3386 3996 3648 4069 Πατέρων

2063 4078 2232 4140 θείοις
2291 4078 2493 4148 λόγοις,
2524 4079 2601 4142 ὡς
2640 4081 2962 4152 ἀπεδείχθη,
3000 4083 3327 4154 ἐκθεμένου,
3356 4089 3451 4143 καὶ
3477 4088 3553 4153 ὡς
3587 4091 3651 4157 ἐξ

2061 4171 2312 4240 ἀνάγκης
2344 4173 2439 4226 καὶ
2465 4174 2630 4237 αὐτδς
2662 4176 2798 4247 πρὸς
2830 4175 2930 4248 τὴν
2983 4176 3288 4244 ἀπολογίαν
3318 4180 3411 4235 καὶ
3460 4182 3652 4257 ἀντίρο

2064 4262 2224 4333 ῥησιν
2260 4265 2570 4333 κεκίνηται.

2134 4361 2206 4419 η’.
2260 4354 2497 4410 Ἔπειτα
2547 4355 2759 4429 ὡρίσθη
2806 4359 3096 4431 ἐνεχθῆναι
3134 4366 3205 4418 ca
3248 4363 3347 4419 τοῦ
3380 4366 3655 4441 Βαρλαάμ

2066 4451 2507 4520 συγγράμματα.
2536 4450 2571 4505 ἀ
2600 4453 2695 4506 καὶ
2722 4453 2856 4525 πρὸς
2888 4452 3170 4526 ἐξαπάτην
3194 4458 3306 4512 τῶν
3337 4462 3657 4517 ἀκουόντων

2064 4544 2208 4597 κατὰ
2261 4544 2670 4599 Μασσαλιανῶν
2706 4548 3041 4618 ἐπέγραφεν.
3092 4551 3182 4605 Ἐν
3232 4547 3317 4616 οἷς
3364 4555 3659 4627 συγγράμ-

2068 4652 2237 4707 μασιν
2268 4635 2423 4702 ἐλεγε
2448 4637 2546 4690 καὶ
2575 4639 2705 4708 περὶ
2746 4640 2840 4692 τοῦ
2872 4643 3178 4713 ἀπροσίτου
3213 4646 3393 4713 φωτὸς
3425 4648 3523 4716 τῆς
3558 4666 3657 4719 με·

2062 4726 2475 4798 ταμορφὼσεως
2506 4728 2599 4782 τοῦ
2657 4733 2930 4786 Δεσπότου
2979 4735 3233 4807 Σωτῆρος
3268 4739 3429 4809 ἡμῶν
3476 4739 3657 4811 Ἰησοῦ

2064 4820 2332 4891 Χριστοῦ,
2370 4824 2464 4876 καὶ
2492 4822 2601 4876 τῶν
2627 4825 2722 4894 τῆς
2763 4825 2857 4878 τοῦ
2888 4828 3067 4894 φωτὸς
3093 4831 3286 4883 τούτου
3324 4832 3455 4897 θέας
3484 4834 3657 4905 ὴξιωυ

2069 4914 2247 4984 μένων
2285 4917 2601 4986 προκρίτων
2661 4916 2925 4986 μαθητῶν
2965 4919 3131 4974 αὐτοῦ
3183 4924 3279 4976 καὶ
3313 4925 3655 4993 ἀποστόλων,

2065 5007 2278 5073 λέξεσιν
2315 5008 2509 5071 αὑταῖς
2558 5008 2685 5062 τάδε
2714 5025 2728 5040 ο
2771 5009 2844 5062 Τὸ
2880 5011 2939 5063 ἐν
2970 5010 3244 5084 Θαϐωρίῳ
3280 5014 3504 5085 λάμψαν
3536 5015 3656 5085 φῷς

2067 5099 2324 5167 θεότητος
2372 5099 2472 5152 οὐκ
2528 5101 2826 5169 ἀπρόσιτον
2879 5097 2970 5171 ἦν,
3026 5104 3149 5158 οὐδὲ
3198 5106 3343 5160 κατὰ
3390 5108 3655 5174 ἀλήθειαν

2067 5195 2284 5263 ὑπῆρχε
2317 5192 2431 5262 φῶς
2486 5192 2765 5262 θεότητος,
2796 5195 2917 5249 οὐδὲ
2973 5197 3223 5266 ἀγγέλων
3260 5200 3395 5264 ὅλως
3431 5200 3656 5270 ίέρώτε-

2071 5304 2159 5358 ρον
2186 5288 2219 5358 ἦ
2254 5288 2552 5356 θειότερον,
2584 5288 2725 5340 ἀλλά
2750 5290 2843 5342 καὶ
2875 5292 3060 5359 χεῖρον
3090 5293 3187 5346 καὶ
3222 5292 3535 5365 κατώτερον
3555 5299 3652 5351 καὶ

2067 5381 2237 5449 αὐτῆς
2258 5380 2358 5447 τῆς
2388 5382 2668 5452 ἡμετέρας
2697 5384 2956 5452 νοήσεως.
2989 5385 3173 5439 Πάντα
3207 5388 3316 5457 γὰρ
3339 5387 3411 5441 τά
3440 5406 3497 5441 τε
3523 5392 3654 5461 νοή-

2071 5491 2218 5543 ματα
2262 5474 2357 5525 καὶ
2408 5474 2478 5524 τά
2528 5473 2799 5544 νοούμενα
2838 5475 3145 5549 σεμνότερά
3174 5480 3294 5531 ἐστι
3346 5479 3438 5533 τοῦ
3473 5485 3657 5549 φωτὸς

2069 5568 2309 5632 ἐκείνου,
2335 5568 2409 5630 ὡς
2444 5570 2509 5638 τῇ
2550 5568 2673 5639 ὄψει
2708 5567 2799 5621 διὰ
2846 5570 2940 5621 τοῦ
2982 5570 3145 5640 ἀέρος
3191 5573 3655 5643 προσπίπτοντος,

2071 5664 2166 5714 καὶ
2186 5662 2479 5731 αἱσθητικῇ
2509 5662 2738 5731 δυνάμει
2768 5662 3190 5729 ύποπίπτοντος,
3216 5665 3314 5718 καὶ
3332 5667 3401 5718 τὰ
3421 5668 3660 5738 αἰσθητά

2074 5753 2212 5823 μόνα
2247 5753 2555 5816 δεικνύντος
2590 5756 2704 5818 τοῖς
2754 5754 2981 5824 ὁρῶσιν,
3032 5755 3222 5810 ὑλικοῦ
3247 5773 3308 5810 τε
3360 5756 3515 5825 ὄντος
3563 5763 3662 5817 καὶ

2071 5849 2575 5918 ἐσχηματισμένου,
2610 5848 2707 5901 καὶ
2733 5850 2790 5899 ἐν
2830 5849 2979 5920 τόπῳ
3015 5851 3112 5904 καὶ
3146 5852 3204 5907 ἐν
3259 5851 3439 5924 χρόνῳ
3466 5871 3663 5923 (pauo.

2076 5944 2237 6019 μένου
2294 5943 2384 5996 καὶ
2447 5943 2536 5996 τὸν
2576 5943 3221 6014 άέραιχρωματίζοντος,
3256 5949 3355 6000 καὶ
3410 5951 3517 6021 νύν,
3560 5955 3665 6021 μέν

3268 6040 3348 6101 2'2
