4090 6428
456 401 560 465 889

1412 404 1718 467 CONTRA
1764 403 2131 464 BARLAAM
2161 402 2256 463 ET
2295 402 2785 463 ACINDYNUM-

3613 396 3721 457 (7'33

453 514 550 586 ψιν
596 516 690 569 καὶ
734 516 981 587 φυλακὴν
1027 517 1275 589 καρδίας.
1314 516 1412 574 καὶ
1445 516 1747 587 προσοχὴν,
1775 514 2038 584 τοιαύτην
2069 511 2112 571 Α
2140 515 2238 568 Υἱὲ
2289 516 2383 568 τοῦ
2430 514 2591 582 Θεοῦ,
2636 515 2859 585 ἐλέησον
2906 513 3077 584 ἡρᾶς.
3129 512 3557 575 (Ἀδιαλείπτως
3592 512 3722 581 γὰρ.

455 610 745 675 τερατείαν
792 610 913 664 οἵαν
963 612 1029 665 σὺ
1080 610 1396 682 παραδίδως
1448 611 1744 681 ὠνόμασε;
1800 611 1936 664 Φασὶ
1982 608 2038 661 δὲ

456 702 647 756 τοῦτον
687 703 1176 775 νενομοθετηκέναι
1215 706 1333 769 τοῖς
1362 705 1620 776 μύσταις.
1644 706 1779 775 εὐχῇ
1803 704 2039 774 χρῆσθαι

457 794 752 858 διαπαντὸς
793 794 968 859 οὕτως
998 795 1196 869 ἐχούσῃ
1221 812 1236 828 ·
1272 798 1445 867 Κύριε
1493 798 1670 867 Ἰησοῦ
1711 795 1919 867 Χριστὲ
1944 797 2041 850 Υἱὲ

459 887 558 942 τοῦ
586 888 747 953 Θεοῦ,
780 889 1005 960 ἐλέησόν
1030 908 1122 961 με.
1151 892 1273 945 Κάκ
1288 890 1484 945 τούτου
1511 887 1607 945 οῦν
1636 892 1753 949 ἐστι
1782 892 2039 953 συνιδεῖν,

460 983 644 1044 ὁποῖος
662 976 731 1052 ἦν
759 985 789 1036 6
814 983 924 1036 τῶν
951 985 1220 1039 είσπνόων
1256 984 1510 1057 εὑρετής.
1539 984 1611 1038 Τὸ
1640 986 1740 1055 μὲν
1764 983 1896 1054 γὰρ,
1924 983 2043 1037 Πά-

466 1088 567 1140 τερ
605 1071 797 1141 ἡμῶν,
842 1066 887 1138 ᾧ
927 1074 1292 1144 διαφερόντως
1322 1077 1370 1129 οἰ
1401 1076 1711 1145 Βωγόμιλοι
1779 1076 2049 1147 χρῶνται,

467 1167 528 1219 οὐ
570 1167 853 1234 νομοθετεῖ
876 1184 892 1199 ο
923 1167 1064 1237 ᾤετο
1096 1168 1207 1239 γάρ
1254 1167 1398 1223 οὕτω
1447 1171 1750 1239 κατάδηλος
1785 1170 2004 1223 ἔσεσθαι
2028 1186 2044 1201 '

469 1255 550 1323 οἷς
581 1259 627 1312 δ’
656 1261 806 1330 ὅμως
828 1262 1000 1332 ταύτῃ
1034 1268 1170 1336 μόνῃ
1186 1267 1251 1333 τῇ
1281 1266 1454 1333 μικρᾷ
1472 1264 1605 1334 εὐχῇ
1624 1264 1710 1316 διὰ
1738 1263 1853 1332 βίου
1878 1279 2051 1332 προσ-

2145 608 2334 677 φησὶν,
2371 608 2559 671 δ’.θεῖος
2592 597 2912 669 ἀπόστολος,
2954 606 3326 677 προσεύχεσθε
3354 605 3523 676 χωρὶς
3557 603 3726 671 ὀργῆς

2144 703 2241 756 καὶ
2265 701 2647 771 διαλογισμῶν.
2671 721 2690 753 ι

2219 792 2327 862 μθ’.
2365 793 2529 847 Ἀλλὰ
2570 796 2666 847 καὶ
2703 794 2731 847 6
2763 792 2905 855 θεῖος
2957 793 3237 863 Διάδοχος,
3289 794 3567 859 Ἀπαιτεῖ,
3625 811 3732 863 φη-

2149 887 2255 950 σὶν,
2290 887 2441 957 ἡμᾶς
2481 886 2700 949 πάντως
2732 889 2761 940 6
2810 886 2960 950 νοῦς,
3020 888 3150 940 ὅταν
3198 888 3381 951 πάσας
3413 888 3507 950 τὰς
3564 888 3735 953 διεξό-

2145 980 2270 1042 δους
2330 978 2500 1033 αὐτοῦ
2569 982 2635 1051 τῇ
2693 981 2886 1052 μνήμῃ
2933 980 3345 1051 ἀποφράξωμεν
3397 980 3494 1033 τοῦ
3570 980 3729 1031 Θεοῦ.

2152 1072 2356 1143 Ἔργον
2387 1072 2602 1141 ὀφεῖλον
2633 1073 2801 1126 αὑτοῦ
2836 1072 3081 1141 πληροῦν
3112 1072 3208 1142 τὴν
3252 1074 3583 1142 ὲντρέχειαν.
3643 1074 3736 1124 Δεῖ

2151 1159 2243 1217 οῦν
2297 1163 2448 1234 αύτῷ
2500 1163 2727 1230 διδόναι,
2780 1163 2862 1229 τὸ,
2919 1162 3308 1234 Κύριε.’1ησοῦ
3366 1163 3595 1233 Χριστὲ,
3652 1165 3732 1225 εἱς

2153 1257 2456 1330 ὁλόκληρον
2490 1257 2885 1328 πραγματείαν
2924 1256 3018 1309 τοῦ
3063 1256 3296 1310 σκοποῦ.
3332 1257 3550 1319 Ὀὐδεὶς
3602 1255 3733 1325 γὰρ,

470 1350 687 1416 ανέχειν
726 1349 1071 1417 ὑποτίθεται,
1115 1352 1334 1416 τούτοις
1368 1354 1468 1418 τάς
1514 1372 1577 1420 γε
1631 1355 1795 1439 ἀλλας
1829 1355 2047 1419 ἁπάσας
2152 1352 2312 1421 φησὶ,
2376 1352 2527 1421 λέγει
2585 1352 2794 1421 Κύριον
2816 1350 3051 1418 Ἰησοῦν,
3111 1352 3160 1404 εί
3197 1351 3271 1420 μὴ
3329 1351 3386 1402 ὲν
3450 1349 3735 1418 Πνεύματι

474 1444 643 1511 εὐχὰς
677 1445 1030 1515 βαττολογίας
1078 1449 1520 1517 καταλιμπάνειν
1570 1449 1911 1518 νομίζεσθαι.
1957 1443 2053 1511 Οἷς
2156 1445 2319 1515 ἁγίῳ.
2358 1446 2518 1499 Ὅσοι
2542 1446 2651 1516 γάρ
2678 1445 2840 1499 τοῦτο
2868 1445 2928 1497 τὸ
2960 1444 3116 1512 ἆγιον
3164 1446 3261 1498 καὶ
3321 1443 3534 1509 ἔνδοξον
3568 1443 3739 1513 ὄνομα

470 1539 528 1593 δὲ
554 1538 708 1602 αὖθις
738 1540 960 1595 πάντων
1006 1543 1354 1609 Χριστιανῶν
1395 1547 1452 1598 ἐν
1481 1544 1655 1615 ταύτῃ
1698 1546 1764 1615 τῇ
1793 1545 1926 1614 εὐχῇ
1958 1545 2051 1597 τὸν
2156 1539 2234 1608 τῷ
2270 1538 2426 1609 βάθει
2483 1539 2785 1608 μελετῶσιν
2832 1540 2918 1592 ἀεὶ
2962 1540 3063 1605 τῆς
3127 1539 3358 1608 καρδίας
3420 1538 3739 1601 ἀπαύστως,

474 1631 679 1697 Κύριον
714 1632 874 1701 ἡμῶν
928 1634 1144 1699 Ἰησοῦν
1194 1636 1434 1702 Χριστὸν
1467 1637 1560 1691 καὶ
1590 1637 1726 1689 Θεὸν
1763 1637 1922 1707 ἡμῶν
1956 1647 2056 1690 καὶ.
2156 1631 2310 1683 αὐτοὶ
2361 1630 2548 1684 καὶτὸ
2595 1631 2710 1698 φῶς
2772 1629 2955 1682 αὐτῶν
3017 1630 3113 1683 ἐῦῦ
3167 1630 3257 1684 νοῦ
3305 1630 3563 1684 δύνανται
3610 1632 3743 1700 όρᾷν

470 1720 730 1787 λούντων,
762 1722 919 1785 οὗτος
965 1724 1049 1786 τδ,
1099 1728 1128 1779 ὁ
1175 1726 1308 1787 Θεὸς
1354 1728 1535 1798 ήμῷν⁹
1572 1730 1653 1792 εἰς
1681 1729 1765 1793 τὸ,
1788 1729 1885 1782 Υἱὲ
1917 1728 2054 1783 Θεοῦ
2159 1738 2311 1775 ποτε.
2345 1722 2531 1776 Πάντα
2561 1722 2672 1792 γὰρ
2699 1722 2791 1775 τὸν
2832 1710 3236 1785 ἐπιπολάζοντα
3267 1723 3440 1792 ῥύπον
3488 1725 3554 1792 τῇ
3595 1722 3740 1791 ψυχῇ

477 1812 795 1881 μετείληφε.
827 1815 1043 1879 τούτοις
1091 1818 1154 1870 τὸ
1200 1819 1311 1872 πᾶν
1345 1819 1448 1885 τῆς
1490 1819 1688 1874 ἑαυτοῦ
1728 1808 2051 1887 κακοδοξίας

471 1904 607 1969 ἡμῖν
633 1903 956 1975 ἔξεκάλυψε.
980 1907 1073 1977 Τῷ
1106 1908 1219 1980 γάρ
1252 1911 1363 1965 τῶν
1391 1912 1724 1982 Βωγομίλων
1746 1912 2055 1978 ἀκολούθως

473 1996 707 2066 δόγματι
746 2000 1073 2067 μεταϐάλλει
1110 2003 1209 2057 καὶ
1240 2002 1397 2067 οὗτος
1428 2007 1487 2058 ὲν
1519 2008 1584 2076 τῇ
1611 2006 1881 2077 εἰρημένῃ
1907 2006 2039 2075 εύχῇ

472 2113 554 2177 τὸ,
577 2116 607 2167 6
637 2114 771 2178 Θεὸς
797 2115 980 2186 ήμῶν,
1002 2119 1085 2182 είς
1124 2117 1208 2183 τὸ,
1253 2118 1351 2172 Υίὲ
1383 2118 1542 2175 Θεοῦ.
1584 2121 1739 2174 Ἐπεὶ
1778 2120 1948 2190 ἄλλην
1986 2136 2051 2189 γε

472 2209 655 2263 αἰτίαν
685 2209 757 2264 δι’
806 2211 877 2282 ἢν
926 2211 1027 2284 τὴν
1076 2213 1340 2284 τοιαύτην
1394 2213 1665 2284 πεποίηκε
1723 2214 2051 2286 μεταϐολήν,

473 2303 575 2355 οὐκ
603 2303 671 2356 ἀν
705 2304 881 2359 είπεῖν
910 2322 995 2370 τις
1021 2306 1157 2379 ἔχοι.
1190 2309 1300 2362 Καὶ
1322 2309 1499 2363 ταῦτα
1542 2308 1643 2381 μὲν
1671 2310 1700 2362 6
1741 2308 2054 2373 άθεώτατος

473 2396 758 2469 Βαρλαάμ.

552 2497 666 2561 μηθ.
704 2491 787 2547 Τὰ
822 2491 880 2546 δὲ
910 2493 1001 2548 καὶ
1048 2492 1191 2548 αὐτά
1219 2492 1553 2556 ἀπεναντίας
1596 2493 1710 2566 ἔχει
1743 2496 1962 2559 πάντως
1987 2498 2054 2569 τῇ

479 2588 798 2657 μακαριστῇ
862 2588 1014 2656 φωνῇ
1072 2584 1169 2640 τοῦ
1224 2585 1476 2657 θεμελίου
1518 2589 1616 2656 τῆς
1646 2588 1907 2651 πίστεως,
1960 2588 2056 2644 τοῦ

476 2678 778 2746 κορυφαίου
809 2679 919 2731 τῶν
953 2679 1239 2750 μαθητῶν,
1269 2680 1364 2735 καὶ
1409 2679 1486 2750 τῷ
1517 2682 1605 2735 ἐπ’
1654 2683 1791 2753 αὐτῇ
1841 2683 1936 2735 τοῦ
1968 2683 2057 2736 δε-

482 2772 686 2822 σπότου
733 2772 1089 2843 μακαρισμῷ.
1136 2772 1196 2826 ’0
1237 2773 1339 2844 μὲν
1392 2775 1503 2844 γὰρ
1552 2770 1673 2829 εἷπε
1706 2777 1842 2845 πρὸς
1869 2776 2054 2839 αὑτὸν,

480 2861 563 2916 Σὺ
590 2859 647 2916 εἷ
675 2866 709 2916 ό
738 2864 993 2933 Χριστὸς
1031 2867 1065 2919 d
1100 2864 1235 2929 Υίὸς
1263 2866 1373 2921 τοῦ
1412 2867 1564 2921 Θεοῦ
1598 2867 1705 2921 τοῦ
1740 2867 1994 2936 ζῶντος·
2033 2874 2061 2925 6

478 2955 535 3006 δὲ
589 2953 791 3024 Κύριος
828 2956 969 3024 πρὸς
1015 2955 1198 3023 αὐτὸν,
1248 2957 1558 3026 Μακάριος
1606 2955 1665 3014 εἷ
1690 2960 1893 3027 Σίμων
1940 2962 2061 3031 βᾶρ

491 3045 681 3109 Ἰωνᾶ,
725 3047 817 3102 ὅτι
860 3047 1022 3116 σὰρξ
1058 3049 1154 3102 καί
1201 3043 1345 3118 αἷμα
1389 3053 1501 3105 οὐκ
1549 3052 1914 3122 ἀπεκάλυψέ
1939 3070 2066 3122 σοι,

479 3140 620 3196 ἀλλ’
642 3144 675 3194 ὀ
698 3141 901 3210 Πατήρ
929 3158 1051 3210 μου
1085 3145 1118 3196 ὁ
1150 3142 1223 3196 ἐν
1264 3142 1392 3210 τοῖς
1426 3146 1725 3213 οὐρανοῖς.
1771 3148 1932 3202 Ἀλλὰ
1970 3151 2065 3204 καὶ

480 3233 539 3284 ὲν
577 3233 655 3298 τῷ
688 3235 943 3304 συμϐόλῳ
982 3236 1082 3304 τῆς
1122 3237 1360 3299 πίστεως
1383 3238 1655 3309 λέγομεν·
1690 3244 2069 3312 Πιστεύομεν
2096 3247 2137 3303 C

480 3331 571 3393 εἲς
609 3328 717 3383 ἕνα
754 3330 904 3383 Θεὸν
923 3329 1160 3398 Πατέρα
1184 3331 1661 3400 παντοκράτορα,
1698 3335 1797 3387 καί
1844 3338 1933 3402 είς
1962 3337 2069 3390 τὸν

489 3423 629 3478 Υίόν
655 3424 763 3479 τοῦ
799 3424 950 3481 Θεοῦ
978 3426 1087 3479 τὸν
1102 3426 1432 3496 μονογενῆ,
1465 3429 1574 3482 τὸν
1596 3430 1665 3484 ἐκ
1699 3431 1806 3484 τοῦ
1840 3434 2070 3499 Πατρός

485 3517 856 3585 γεννηθέντα
898 3520 1014 3586 πρὸ
1073 3519 1320 3574 πάντων
1350 3521 1472 3575 τῶν
1509 3522 1761 3578 αἰώνων.
1799 3520 1868 3577 *Δ
1882 3524 1927 3593 ρ’
1977 3520 2072 3578 οῦν

487 3611 548 3665 οὐ
570 3610 705 3665 Θεὸν
735 3608 874 3664 εἶναι
898 3612 989 3665 τὸν
1009 3613 1250 3681 Χριστὸν
1282 3614 1608 3685 δοξάζομεν,
1632 3618 1758 3670 ἐπεὶ
1789 3618 2072 3671 πιστεύειν

494 3703 670 3772 φαμὲν
727 3703 810 3765 είς
860 3705 952 3757 τὸν
1007 3704 1136 3757 Υίὸν
1180 3706 1276 3759 τοῦ
1319 3706 1456 3759 Θεοῦ
1484 3725 1498 3772 ;
1530 3708 1668 3775 Φησὶ
1699 3709 1754 3769 δὲ
1800 3708 1929 3779 περὶ
1975 3710 2073 3778 τῆς

498 3793 741 3865 τοιαύτης
778 3795 933 3867 ἱερᾶς
966 3798 1279 3866 προσευχῆς
1312 3796 1403 3850 καὶ
1450 3800 1478 3851 6
1530 3799 1937 3869 χρυσορρήμων
1983 3800 2075 3854 καὶ

500 3884 638 3950 θεῖος
663 3888 985 3951 διδάσκαλος
1030 3887 1286 3959 Ἰωάννης
1328 3890 1661 3958 μονάζουσιν
1695 3892 2031 3945 ἐπιστέλλων
2057 3907 2072 3924 υ

496 3975 796 4048 Σχολάσατε
847 3980 1162 4046 διαπαντὸς,
1206 3981 1299 4034 καὶ
1349 3983 1724 4053 παραμείνατε
1768 3984 1963 4054 Κυρίῳ
1999 3984 2077 4054 τῷ

491 4070 612 4141 Θεῷ
641 4072 819 4140 ἡμῶν,
857 4072 963 4137 ἕως
986 4064 1045 4125 οῦ
1075 4072 1396 4146 οίκτειρήσῃ
1431 4076 1602 4145 ἡμᾶς,
1633 4076 1726 4130 καὶ
1767 4076 1935 4146 μηδὲν
1960 4077 2077 4132 ἓτε-

495 4182 590 4236 ρον
623 4167 902 4236 ζητήσητε
954 4167 988 4238 ἢ
1045 4167 1206 4236 μόνον
1240 4166 1389 4231 ἔλεος
1425 4168 1575 4239 παρά
1620 4166 1717 4222 τοῦ
1749 4171 1944 4241 κυρίου
1979 4174 2079 4241 τῆς

490 4258 674 4329 δόξης.
717 4260 1018 4329 Ζητοῦντες
1052 4260 1109 4312 δὲ
1148 4259 1321 4324 ἔλεος,
1366 4262 1428 4314 ἐν
1468 4264 1704 4333 ταπεινῇ
1736 4264 1832 4316 καὶ
1867 4264 2077 4337 ὲλεεινῇ

495 4350 693 4421 καρδίᾳ
719 4351 958 4421 ζητεῖτε,
992 4350 1088 4405 καὶ
1122 4349 1284 4422 βοᾶτε
1324 4351 1434 4405 ἀπὸ
1484 4351 1634 4422 πρωῒ
1667 4351 1776 4417 ἕως
1809 4355 2077 4427 ἑσπέρας,

492 4443 545 4496 εί
581 4443 809 4497 δυνατὸν
854 4442 949 4496 καὶ
996 4443 1125 4512 ὅλην
1176 4444 1277 4515 τὴν
1331 4443 1519 4513 νύκτα,
1552 4446 1636 4513 τὸ,
1666 4446 1844 4517 Κύριε
1901 4448 2078 4520 Ἰησοῦ

491 4534 703 4605 Χριστὲ
745 4535 839 4588 Υίὲ
873 4535 968 4589 τοῦ
996 4536 1158 4603 Θεοῦ,
1189 4536 1418 4608 ἐλέησον
1456 4540 1623 4609 ἡμᾶς.
1658 4541 1959 4610 Παρακαλῶ
1987 4538 2082 4597 οῦν

2163 1816 2221 1867 ὲν
2268 1813 2524 1882 αίσθήσει
2574 1816 2735 1883 ίκανῇ
2801 1813 3166 1882 καταφλέγει.
3225 1817 3336 1869 Καὶ
3371 1815 3480 1887 γὰρ
3523 1819 3551 1870 ὁ
3610 1817 3745 1879 Θεὸς

2164 1906 2321 1975 ἡμῶν
2357 1906 2513 1976 φησὶ,
2551 1906 2678 1973 Πῦρ
2703 1909 3183 1962 καταναλίσκον.
3223 1907 3389 1960 Ὅθεν
3414 1909 3495 1970 είς
3523 1907 3746 1977 ἀγάπην

2168 1999 2357 2052 λοιπὸν
2393 1999 2592 2071 πολλὴν
2628 2001 2728 2070 τήν
2760 2001 2943 2073 ψυχὴν
2965 2002 3294 2073 τῆςηὲαυτοῦ
3323 2002 3482 2072 δόξης
3506 2020 3750 2072 προσκα-

2164 2092 2342 2169 λεῖται
2372 2094 2597 2163 Κύριος.
2646 2097 2993 2165 Ἐγχρονίζον
3042 2099 3151 2169 γὰρ
3197 2097 3259 2151 τὸ
3309 2098 3520 2164 ἔνδοξον
3566 2100 3747 2151 ἐκεῖνο

2168 2166 2268 2237 καῖ
2288 2185 2667 2257 πολυπόθητον
2710 2189 2883 2258 ὄνομα
2919 2189 3010 2243 διά
3178 2190 3401 2261 μνήμης
3430 2189 3524 2242 τοῦ
3560 2190 3653 2242 νοῦ
3680 2192 3746 2258 τῇ

2167 2274 2348 2349 θέρμῃ
2411 2278 2511 2347 τῆς
2570 2280 2820 2351 καρδίας,
2878 2282 2995 2349 ἕξιν
3049 2284 3182 2353 ἡμῖν
3257 2283 3477 2336 πάντων
3526 2283 3754 2351 ἐμποιεῖ

2167 2370 2263 2424 τοῦ
2304 2374 2527 2444 ἀγαπᾷν
2563 2374 2664 2443 τὴν
2704 2376 2868 2429 αὐτοῦ
2896 2377 3233 2447 ἀγαθότητα.
3277 2369 3448 2439 Οὗτος
3468 2378 3576 2447 γάρ
3601 2378 3751 2429 ἐστιν

2168 2467 2195 2518 6
2230 2467 2578 2539 μαργαρίτης
2615 2471 2644 2522 6
2698 2470 3025 2542 πολύτιμος,
3088 2472 3292 2535 ὅντινα,
3355 2472 3619 2541 πωλήσας
3668 2490 3755 2535 τις

2169 2560 2270 2629 τὴν
2304 2564 2629 2629 περιουσίαν
2687 2562 2880 2631 αὑτοῦ,
2934 2565 3118 2636 εὑρεῖν
3168 2564 3418 2627 δύναται,
3475 2565 3569 2617 καὶ
3607 2563 3752 2634 ἔχειν

2171 2651 2543 2722 ἀνεκλάλητον
2575 2654 2670 2710 ἐπὶ
2689 2658 2758 2727 τῇ
2799 2656 2965 2711 αὐτοῦ
2991 2657 3210 2725 εὑρέσει
3273 2658 3471 2729 χαράν.
3517 2659 3626 2712 Καὶ
3656 2678 3760 2729 μα-

2176 2747 2307 2815 κρὸν
2333 2747 2401 2800 ἂν
2423 2749 2509 2819 εἴη
2549 2748 2732 2817 λέγειν
2765 2750 2865 2814 τὰς
2912 2751 3040 2820 περὶ
3070 2750 3264 2804 τούτου
3313 2751 3424 2805 τῶν
3480 2752 3758 2823 θεοφόρων

2175 2840 2438 2910 Πατέρων
2470 2842 2792 2914 εἰσηγήσεις
2844 2845 2942 2896 καὶ
2992 2845 3331 2916 προτροπὰς.
3383 2844 3762 2916 Ἰσχυριζομέ-

2176 2952 2287 2989 νων
2313 2935 2494 2990 τοίνυν
2514 2935 2626 2988 τῶν
2659 2936 2934 3007 μοναχῶν,
2962 2937 3063 3002 τῆς
3099 2939 3613 3009 πνευματοκινήτου
3646 2941 3758 2995 τῶν

2177 3028 2459 3098 θεοφόρων
2481 3028 2727 3091 διανοίας
2762 3030 3064 3100 ἐπιτερπές
3090 3047 3147 3083 τε
3183 3032 3276 3084 καὶ
3311 3032 3459 3085 θεῖον
3489 3032 3548 3097 ἐξ
3579 3034 3759 3103 ἀρχῆς

2177 3117 2317 3174 εἶναι
2350 3120 2637 3191 μελέτημα
2668 3123 2768 3193 τὴν
2800 3122 2969 3194 εὐχήν
2993 3124 3225 3193 ταύτην,
3257 3124 3373 3194 ἅμα
3412 3125 3471 3178 δὲ
3507 3126 3602 3179 καὶ
3634 3124 3761 3195 βου-

2175 3213 2424 3281 λομένων
2452 3214 2652 3283 ἐφεξῆς
2697 3215 2972 3284 συνείρειν
3005 3217 3105 3270 ὅσα
3136 3215 3268 3286 περὶ
3326 3218 3498 3289 αὐτῆς
3555 3221 3614 3273 έν
3645 3221 3760 3282 τοῖς

2173 3305 2281 3359 τῶν
2315 3305 2488 3373 ἁγίων
2522 3307 2924 3376 συγγράμμασι
2982 3311 3187 3373 κεῖται,
3221 3307 3334 3364 οἷόν
3380 3313 3500 3366 ἐστι
3547 3312 3640 3367 καὶ
3680 3314 3761 3383 τῷ

2174 3397 2453 3470 εἰρημένῳ
2481 3399 2559 3468 τῷ
2581 3398 2669 3451 διὰ
2700 3398 2877 3467 λόγων
2908 3400 3228 3469 δειμαμένῳ
3258 3403 3358 3473 τὴν
3391 3403 3642 3473 κλίμακα
3658 3404 3763 3473 τῆς

2174 3494 2556 3565 πνευματικῆς
2584 3494 2926 3558 ἀναϐάσεως,
2964 3497 3170 3568 Μνήμη
3203 3497 3332 3568 γὰρ,
3359 3499 3546 3567 φησὶν,
3579 3496 3760 3568 Ἰησοῦ

2176 3587 2495 3658 κολληθήτω
2538 3590 2603 3659 τῇ
2668 3590 2805 3658 πνοῇ
2857 3603 2977 3651 σου,
3043 3591 3139 3643 καὶ
3193 3590 3315 3643 τότε
3368 3590 3492 3664 εἴσῃ
3526 3593 3762 3664 ἡσυχίας
3845 3648 3852 3655 ,

2173 3679 2464 3749 ὠφέλειαν.

2248 3780 2313 3830 ν’.
2371 3775 2611 3831 Τοιαῦτα
2648 3781 3123 3852 προθυμουμένων
3180 3780 3383 3851 ἐφεξῆς
3440 3779 3622 3847 λέγειν
3651 3780 3760 3834 τῶν

2181 3867 2453 3937 μοναχῶν,
2489 3871 2517 3922 6
2545 3869 2616 3923 τὰ
2649 3874 2830 3927 πάντα
2876 3875 3185 3944 θαυμάσιος
3243 3873 3527 3945 βασιλεὺς,
3579 3872 3677 3928 νῦν
3704 3872 3765 3926 δὲ

2177 3955 2271 4007 καὶ
2304 3959 2567 4029 μακαρίῳ
2605 3961 2746 4015 τέλει
2782 3963 3158 4027 κατακλείσας
3191 3964 3283 4018 τὸν
3316 3963 3454 4034 βίον,
3511 3966 3586 4029 ὡς
3621 3965 3761 4035 Χρι-

2179 4049 2306 4115 στὸς
2350 4053 2556 4123 Κυρίου
2585 4055 2678 4108 τὸν
2704 4056 2848 4129 ύπὲρ
2892 4058 2988 4111 τοῦ
3051 4050 3349 4129 χρίσαντος
3404 4058 3564 4126 λόγον
3604 4057 3764 4122 αὖθις

2184 4144 2499 4215 ὑπολαϐὼν,
2538 4149 2684 4202 Ἀλλ’
2733 4148 2896 4218 ἔστω,
2952 4154 3109 4221 φησι,
3168 4153 3265 4204 καὶ
3325 4151 3586 4214 δεδόσθω,
3655 4151 3767 4205 τῶν

2181 4238 2493 4304 κακοδόξων
2519 4242 2679 4295 τοῦτο
2707 4243 2832 4296 τινὰ
2858 4245 3026 4311 φάναι
3067 4247 3167 4314 τὴν
3198 4246 3397 4317 ἀρχὴν,
3427 4246 3595 4300 Οὐδὲν
3614 4245 3770 4316 παρὰ

2181 4330 2278 4383 τοῦ
2307 4331 2444 4385 Θεοῦ
2476 4334 2611 4404 ἡμῖν
2657 4334 2934 4407 ἔγκλημα,
2975 4338 3161 4399 καλῶς
3204 4338 3514 4408 χρωμένοις
3569 4337 3630 4390 τὸ
3666 4354 3768 4390 κα-

2183 4424 2296 4487 κῶς
2354 4424 2587 4490 ἐκείνοις
2638 4428 2986 4499 νενοημένον.
3021 4429 3157 4483 Οὐδὲ
3215 4432 3323 4500 γὰρ
3390 4430 3584 4502 ἐπειδὴ
3635 4430 3772 4484 Θεὸν

2183 4517 2418 4585 ούρανοῦ
2487 4519 2740 4587 λέγουσιν
2774 4522 2823 4574 οί
2881 4524 3092 4592 Πέρσαι
3134 4523 3229 4576 τὸν
3263 4522 3547 4594 Ἀϐραὰμ,
3582 4522 3772 4587 κακῶς

494 4601 666 4695 oga;
703 4628 968 4699 βιάσασθε
1020 4629 1114 4683 τὸν
1144 4601 1597 4700 ’νοῦν’ὐμῶ,ςέίέ
1622 4601 1784 4686 mat-0
1826 4633 1888 4687 τὸ
1916 4635 2079 4703 ἔργον
2112 4601 2164 4661 D
2188 4608 2426 4703 ἐροῦμεν
2459 4610 2656 4672 εἰπεῖν,
2693 4610 2799 4665 Τὸν
2854 4611 2989 4665 Θεὸν
3027 4612 3117 4666 τὸν
3173 4611 3406 4684 οὐρανοῦ
3471 4612 3584 4683 ἐγὼ
3622 4613 3777 4666 σέϐο-

493 4722 604 4784 ἓως
653 4721 909 4776 θανάτου.
969 4721 1186 4790 Πολλῆς
1249 4721 1357 4791 γὰρ
1411 4721 1530 4793 βίας
1565 4725 1757 4796 χρῄζει
1810 4724 1870 4777 τὸ
1917 4726 2080 4796 ἔργον

495 4812 677 4880 τοῦτο,
699 4813 782 4867 ὅτι
811 4814 973 4884 στενή
1006 4814 1209 4882 ἐστινὴ
1240 4812 1385 4883 πύλη
1420 4814 1511 4867 καὶ
1528 4814 1869 4886 τεθλιμμένη
1900 4818 1932 4887 ή
1963 4817 2082 4881 ὁδὸς

495 4907 533 4974 ἡ
567 4904 866 4975 ἀπάγουσα
898 4907 979 4970 είς
1012 4906 1112 4975 τὴν
1135 4904 1303 4977 ζωὴν,
1329 4906 1424 4960 καὶ
1460 4907 1509 4959 οί
1541 4905 1865 4977 βιαζόμενοι
1898 4910 2083 4979 εἰσέρ-

497 5014 685 5068 χονται
721 4998 782 5052 ὲν
808 4999 972 5068 αὐτῇ.
1011 4998 1261 5051 Βιαστῶν
1290 4999 1398 5067 γάρ
1432 5001 1581 5052 ἐστιν
1620 4999 1653 5070 ή
1689 4999 1938 5070 βασιλεία
1974 5000 2084 5052 τῶν

495 5088 770 5159 οὐρανῶν.
827 5090 1144 5160 Παρακαλῶ
1183 5089 1279 5144 οὖν
1334 5091 1503 5161 ὑμᾶς,
1558 5090 1634 5161 μὴ
1679 5093 1946 5161 χωρίζετε
1978 5091 2080 5153 τάς

497 5182 726 5251 καρδίας
763 5181 921 5253 ὑμῶν
952 5182 1062 5233 ἀπὸ
1108 5182 1205 5234 τοῦ
1235 5181 1398 5247 Θεοῦ,
1435 5182 1574 5235 ἀλλά
1606 5184 1949 5250 προσμένετε
1989 5186 2081 5235 καὶ

501 5273 807 5342 φυλάττετε
865 5273 1035 5345 αὐτὴν
1099 5273 1243 5342 μετά
1295 5273 1396 5343 τῆς
1456 5275 1680 5344 μνήμης
1719 5274 1814 5328 τοῦ
1871 5274 2078 5344 Κυρίου

502 5364 665 5434 ἡμῶν
705 5364 885 5436 Ἰησοῦ
918 5364 1175 5435 Χριστοῦ
1202 5364 1462 5426 πάντοτε,
1496 5367 1603 5427 ἕως
1651 5365 1712 5419 οῦ
1760 5366 2083 5436 ἒμφυτευθῇ

501 5459 563 5510 τὸ
594 5458 769 5526 ὄνομα
792 5457 889 5511 τοῦ
925 5456 1136 5527 Κυρίου
1170 5457 1278 5510 ἔσω
1314 5461 1372 5510 ὲν
1402 5460 1469 5529 τῇ
1531 5458 1754 5528 καρδίᾳ,
1789 5459 1884 5511 καὶ
1918 5459 2086 5529 μηδὲν

501 5550 692 5620 ἕτερον
728 5550 987 5614 ἐννοεῖτε,
1027 5549 1060 5621 ἢ
1096 5549 1183 5602 ἴνα
1221 5550 1533 5622 μεγαλυνθῇ
1576 5550 1814 5622 Χριστὸς
1845 5553 1903 5604 ὲν
1931 5552 2085 5621 ὑμῖν.

488 5643 818 5714 ﬂammam»
857 5639 953 5697 οῦν
987 5644 1154 5714 ὑμᾶς,
1179 5644 1273 5698 τὸν
1307 5646 1511 5699 κανόνα
1544 5645 1751 5714 ταύτης
1777 5646 1875 5712 τῆς
1912 5661 2088 5714 προσ-

505 5738 675 5808 ευχῆς
724 5738 999 5808 μηδέποτε
1045 5739 1466 5810 καταπαύσητε,
1516 5739 1549 5810 ἢ
1599 5740 2085 5808 καταφρονήσητε.

505 5826 623 5882 ἀλλ’
668 5827 777 5881 εἴτε
806 5828 1037 5894 ἐσθίετε,
1063 5828 1171 5881 εἴτε
1205 5830 1412 5889 πίνετε,
1437 5830 1547 5882 εἴτε
1590 5828 1825 5891 ὁδεύετε,
1874 5829 1982 5881 εἴτε
2036 5845 2089 5880 τι

510 5923 741 5988 ποιεῖτε,
777 5920 1134 5988 ἀδιαλείπτως
1158 5922 1413 5994 κράζετε,
1440 5920 1614 5992 Κύριε
1668 5917 1843 5992 Ἰησοῦ
1883 5919 2090 5991 Χριστὲ

2189 4717 2317 4772 μαι⁸
2344 4701 2468 4756 οὐδὲ
2501 4703 2691 4775 ἐπειδὴ
2756 4708 3087 4776 κοσμοποιὸν
3145 4706 3273 4760 νοῦν
3322 4707 3588 4776 Ἕλληνές
3634 4725 3772 4776 φασι

2185 4795 2278 4849 τὸν
2324 4795 2480 4861 Θεὸν,
2522 4797 2689 4864 ἡμεῖς
2719 4796 2911 4850 τοῦτον
2965 4797 3061 4851 τοῦ
3114 4799 3326 4868 κόσμου
3386 4802 3622 4870 ποιητὴν
3671 4800 3775 4854 οὐκ

2187 4887 2445 4958 ἐροῦμεν.
2481 4888 2547 4942 "H
2568 4889 2727 4943 τοῦτο
2767 4889 3042 4958 λέγοντες,
3101 4890 3516 4962 ὲγκληθείημεν
3575 4892 3643 4945 ἂν
3689 4892 3777 4944 δι-

2187 4979 2379 5045 καίως,
2409 4979 2485 5044 ὡς
2512 4981 2637 5034 κατ’
2674 4982 2917 5046 ἐκείνους
2961 4983 3312 5052 φρονοῦντες.
3369 4986 3639 5057 Ἕλληνες
3674 4987 3778 5058 μὲν

2187 5071 2299 5142 γὰρ
2326 5071 2423 5143 τὴν
2449 5072 2585 5142 ὓλην
2627 5075 2897 5146 ἀγένητον
2943 5078 3041 5129 καὶ
3074 5077 3156 5148 τῷ
3194 5077 3316 5149 Θεῷ
3362 5079 3640 5134 συναϊδιον
3686 5081 3776 5134 λέ-

2187 5182 2399 5236 γοντες,
2434 5168 2483 5220 εί
2515 5171 2610 5224 καὶ
2643 5171 2882 5241 ποιητήν
2908 5186 3047 5239 φασι
3068 5171 3173 5225 τοῦ
3228 5175 3438 5240 κόσμου
3470 5172 3626 5239 Θεὸν,
3659 5173 3780 5228 ἀλλ’

2189 5259 2288 5331 οὐχ
2315 5260 2390 5322 ὡς
2422 5264 2758 5330 προαγωγέα
2809 5262 2903 5315 τοῦ
2939 5264 3127 5335 μήπου
3188 5263 3459 5336 πρότερον
3502 5266 3777 5336 μηδαμῶς

2188 5352 2367 5417 ὄντος,
2410 5352 2528 5406 ἀλλ’
2561 5353 2636 5416 ὡς
2674 5355 2770 5408 τοῦ
2814 5355 2969 5422 ὄντος
3028 5358 3370 5429 κοσμήτορα,
3423 5358 3582 5428 τάξιν
3613 5361 3777 5432 μόνον
3872 5370 3877 5371 ⁷

2191 5445 2289 5499 καὶ
2328 5440 2475 5509 εἶδος
2530 5444 2628 5499 καὶ
2675 5447 2828 5501 θέσιν
2865 5448 3196 5520 ἐναρμόνιον
3245 5453 3615 5523 προστιθέντα
3662 5456 3781 5520 τοῖς

2191 5533 2338 5603 οὖσι,
2387 5537 2589 5609 μικροῦ
2645 5538 2747 5611 τῆς
2801 5543 2921 5594 κατ’
2970 5541 3299 5614 ἀνθρώπους
3351 5540 3552 5617 τέχνης
3610 5545 3781 5620 μηδὲν

2194 5627 2359 5683 πλέον
2382 5635 2451 5704 τῇ
2479 5628 2715 5700 δυνάμει
2775 5630 2873 5685 τοῦ
2933 5630 3071 5685 Θεοῦ
3111 5633 3418 5704 νέμοντες*
3472 5637 3638 5708 ἡμεῖς
3695 5639 3778 5703 δὲ,

2191 5723 2293 5795 τὴν
2320 5725 2401 5787 είς
2449 5724 2510 5777 τὸ
2544 5718 2687 5777 εἶναι
2731 5723 2981 5794 πρόοδον’
3027 5727 3094 5778 ὲκ
3133 5724 3209 5797 μὴ
3269 5725 3443 5793 ὅντως
3489 5730 3559 5784 τὰ
3603 5729 3785 5785 πάντα

2192 5818 2453 5883 δέξασθαι
2484 5818 2842 5881 πιστεύοντες
2878 5819 3013 5885 πρὸς
3049 5819 3218 5884 Θεοῦ,
3272 5823 3504 5894 ποιητὴν
3542 5822 3780 5895 οὐρανοῦ

2196 5913 2292 5967 καὶ
2340 5912 2443 5982 γῆς
2496 5914 2590 5965 καὶ
2630 5912 2740 5965 τῶν
2772 5913 2827 5965 ἐν
2859 5911 3012 5983 μέσῳ
3056 5913 3248 5970 τοῦτον
3312 5916 3559 5988 ἀκριϐῶς
3606 5917 3782 5987 γινώα-
