4090 6428
379 394 488 456 ⁸397

1385 400 1698 462 CONTRA
1732 401 2217 464 PROCHOBUM
2247 403 2669 469 CYDONIUM.

3565 407 3673 470 693

380 508 664 581 Πνεύματι
694 511 986 582 ἀγαπητοῦ
1012 513 1247 585 ἀδελφοῦ
1272 515 1368 569 καὶ
1402 515 1830 587 συλλειτουργοῦ
1869 515 1972 584 τῆς
2005 527 2048 583 Α
2077 515 2171 565 καὶ
2206 514 2443 584 μάλιστα
2475 519 2502 569 ὁ
2530 518 2624 570 τοῦ
2653 517 2794 573 Θεοῦ
2823 516 3005 588 ζῆλος.
3030 519 3091 572 Et
3119 517 3220 590 μέν
3249 519 3356 591 γὰρ
3385 519 3673 592 λογισμοῖς

376 606 540 674 ἡμῶν
583 609 964 680 μετριότητος,
995 609 1258 680 ἠρωτήθη
1298 609 1417 673 πῶς
1445 609 1717 664 δ;άκειται
1746 609 1872 678 περὶ
1903 611 1972 663 τὰ

377 698 820 769 τῆςἛκκλησίας
849 702 1121 772 δόγματα,
1153 707 1252 758 καὶ
1279 702 1398 766 πῶς
1423 701 1537 772 ἔχει
1572 703 1703 774 περὶ
1738 704 1840 772 τὴν
1869 720 1972 757 κα-

377 794 694 864 ταστροφὴν
746 795 842 849 τοῦ
898 797 1170 866 Βαρλαὰμ
1211 798 1310 851 καὶ
1364 795 1703 862 ’Ᾱκινδὺνου,
1748 797 1841 850 καὶ
1873 797 1972 867 τὴν

377 884 677 955 ἀποϐολὴν,
707 887 804 941 καὶ
839 888 933 942 τὸν
977 888 1434 960 άναθεματισμδν
1469 892 1570 960 τῆς
1601 889 1829 943 ἐκείνων
1870 907 1974 942 καο

378 977 625 1042 κοδοξίας
692 981 787 1034 καὶ
835 982 944 1035 τῶν
999 986 1482 1055 συγγραμμάτων,
1546 985 1640 1039 καὶ
1694 987 1820 1040 τίνα
1872 986 1972 1056 τὴν

381 1069 612 1142 γνώμην
639 1071 754 1142 ἔχει
793 1076 924 1145 περὶ
947 1075 1044 1130 τοῦ
1081 1077 1231 1145 ἱεροῦ
1271 1078 1369 1146 τῆς
1409 1078 1630 1132 συνόδου
1658 1078 1852 1147 τόμον,
1877 1082 1972 1132 καὶ

379 1162 472 1216 τοῦ
509 1167 632 1218 κατ’
661 1169 826 1221 αὑτὸν
858 1173 1220 1241 φρονήματος
1243 1175 1342 1244 τῆς
1377 1173 1569 1242 κοινῆς
1600 1172 1694 1226 τοῦ
1728 1174 1970 1244 Χριστοῦ

397 1257 752 1329 Ἐκκλησίας,
786 1264 1126 1332 ἀμφιϐολίαν
1153 1267 1272 1336 ομέν
1305 1267 1576 1338 ὡμολόγει
1622 1267 1768 1338 ἔχειν
1808 1270 1864 1322 ἐν
1903 1271 1970 1340 τῇ

383 1348 528 1420 ψυχῇ
559 1352 657 1405 καὶ
685 1353 987 1424 δισταγμὸν
1018 1358 1148 1426 περὶ
1178 1357 1250 1410 τὰ
1287 1357 1535 1419 τοιαῦτα,
1563 1359 1714 1426 ὅμως
1739 1360 1812 1428 μὴ
1846 1360 1974 1430 βού-

384 1440 575 1497 λεσθαι
604 1443 831 1516 θαρρεῖν
857 1447 1037 1518 ἐαυτῷ
1067 1449 1275 1519 ἔλεγεν,
1325 1451 1465 1504 ἀλλά
1503 1451 1706 1522 μᾶλλον
1739 1451 1973 1506 ἔπεσθαι

382 1539 480 1591 καὶ
529 1541 842 1606 συμφωνεῖν
870 1545 937 1612 τῇ
970 1542 1066 1597 τοῦ
1095 1543 1337 1614 Χριστοῦ
1369 1543 1668 1618 Ἐκκλησία
1689 1562 1704 1578 ο
1740 1545 1974 1600 ἔπεσθαι

383 1629 464 1695 δὲ,
508 1630 542 1702 ἦ
571 1632 845 1704 διδαχθεὶς
877 1638 1122 1710 δηλονότι
1155 1642 1286 1709 περὶ
1314 1635 1414 1708 ὧν,
1454 1643 1531 1707 ὡς
1563 1644 1773 1712 ἔλεγεν,
1801 1646 1974 1714 ἀμφι-

383 1723 596 1778 ϐάλλων
621 1729 1020 1801 συνέγραψα,ή
1053 1732 1236 1788 πίστει
1266 1735 1404 1808 μόνῃ
1433 1735 1526 1790 καὶ⁵
1549 1737 1799 1807 ὑποταγῇ
1832 1737 1974 1805 μετά

381 1816 688 1886 ἁπλότητος
729 1823 798 1876 τα
840 1823 938 1892 τῆς
981 1825 1318 1898 Ἐκκλησίας
1349 1829 1674 1898 δεξάμενος.
1707 1830 1860 1892 ὅπως
1905 1829 1972 1883 ἂν

2081 605 2390 676 ἀνθρώπων
2445 607 2505 659 rb
2550 607 2747 677 ψεῦδος
2801 611 3131 680 ἐρῤάπτετο,
3185 606 3254 682 ἦν
3317 611 3382 663 ἂν
3436 614 3677 682 φορητὸν

2083 698 2350 769 ἀμηγέπη
2385 701 2448 753 rb
2485 702 2678 768 κακὸν,
2710 703 2832 756 ἐπεὶ
2859 705 3116 774 λογισμοὶ
3149 704 3362 774 θνητῶν
3387 705 3554 778 δειλοὶ
3580 707 3676 758 καὶ

2079 792 2406 860 ἐπισφαλεῖς
2441 795 2498 846 al
2534 796 2769 848 ἐπίνοιαι
2825 797 3028 858 αὑτῶν,
3086 798 3251 852 αὑτὸν
3303 781 3500 851 δὲ”τὸν
3539 799 3674 852 Θεὸν

2081 888 2430 954 συκοφάντην
2460 889 2690 956 ἁνιστᾷν
2724 889 2845 940 καθ’
2869 890 3065 942 ἐαυτοῦ
3093 890 3186 944 καὶ⁵
3210 891 3546 956 καπηλεύειν
3578 893 3677 945 αὑ-

2075 975 2170 1029 τοῦ
2210 979 2278 1030 τὰ
2309 978 2674 1048 καθαρώτερα
2699 980 2900 1048 χρυσοῦ
2932 981 3107 1048 λόγια,
3132 983 3213 1046 τίς
3246 983 3314 1036 ἂν
3353 985 3671 1053 ἀνάσχοιτο,

2071 1071 2124 1121 εί
2160 1071 2253 1121 καλ¹
2302 1071 2469 1139 μηδὲν
2506 1072 2636 1140 ἡμῖν
2685 1073 2748 1124 ἐκ
2788 1073 2881 1124 τοῦ
2918 1073 3164 1143 ἐλέγχειν
3207 1075 3493 1128 συνέϐαινε
3540 1077 3674 1146 κέρ-

2074 1161 2206 1226 δοςς

2165 1256 2226 1310 Ἥ
2267 1257 2366 1324 μὲν
2396 1254 2488 1311 οῦν
2526 1259 2809 1327 ἐπιγραφὴ
2851 1259 2946 1313 καὶ
2977 1260 3037 1313 τὸ
3091 1260 3382 1330 προοίμιον
3417 1262 3670 1317 τοιαῦτα.

2077 1350 2159 1402 Τὰ
2191 1349 2246 1403 δὲ
2297 1350 2427 1416 ἐξῆς
2459 1351 2860 1421 ὑπερϐαίνοντα
2892 1354 2973 1419 είς
3011 1354 3333 1414 δυσσεϐείας
3365 1356 3673 1425 ὑπερϐολὴν

2078 1443 2260 1511 πολλῴ
2293 1443 2372 1514 τῷ
2427 1445 2578 1514 μέσῳ
2631 1448 2700 1500 τὰ
2737 1446 2834 1499 τοῦ
2900 1447 3168 1517 Βαρλαάμ
3219 1447 3316 1502 καὶ
3358 1449 3673 1502 Ἀκινδύνου

2075 1537 2313 1591 κάκιστα
2339 1539 2735 1609 συγράμματα.
2772 1541 2865 1594 καὶ
2895 1542 3004 1609 γὰρ
3037 1544 3065 1593 6
3097 1542 3235 1611 πρὸς
3273 1542 3335 1594 τὸ
3372 1541 3536 1612 βάθος
3571 1543 3675 1609 τῆς

2077 1628 2356 1695 θεολογίας
2386 1632 2590 1694 εἰσδὺς,
2644 1633 2672 1684 6
2718 1633 2780 1684 rb
2829 1633 3154 1703 διάφραγμα
3200 1633 3522 1704 αἰδούμενος
3577 1635 3672 1689 τοῦ

2076 1721 2335 1790 ούρανοῦ,
2377 1723 2544 1790 ἔδειξε
2587 1725 2684 1791 μὲν
2719 1725 2936 1794 πρῶτον
2967 1728 3124 1789 τίνας
3167 1726 3352 1782 ἐκάλει
3388 1728 3672 1796 καπήλους

2078 1815 2173 1866 καὶ
2209 1813 2529 1885 μαγείρους.
2586 1818 2689 1870 οὑκ
2751 1819 2965 1872 ἐνέλιπε
3005 1820 3061 1872 δὲ
3108 1820 3369 1884 παντοίας
3417 1821 3673 1884 ἀσεϐείας

381 1909 638 1984 διακρίνῃ
661 1914 692 1985 ή
719 1917 1011 1987 μετριότης
1041 1919 1220 1989 ήμῶν,
1249 1920 1345 1975 καὶ
1377 1922 1410 1993 ή
1450 1897 1543 1976 τοῦ
1571 1903 1968 1992 ΧριστοῦἛκ-
2004 1897 2045 1951 Β
2078 1907 2426 1977 ὑπερϐολήν
2462 1911 2489 1962 ὁ
2523 1910 2633 1980 γὰρ
2681 1912 3038 1982 παράχρησιν
3083 1914 3220 1984 ἡμῖν
3269 1914 3524 1982 ἐγκαλῶν
3559 1917 3672 1968 τῶν

386 2000 613 2073 κλησία,
645 2005 722 2069 ὡς
754 2008 923 2074 αὑτὸς
944 2010 1157 2080 ἔλεγεν.

465 2127 532 2182 Ἦ
561 2127 616 2182 δὲ
659 2132 953 2204 μετριότης
1008 2136 1170 2206 ήμῶν
1215 2137 1355 2210 πρδς
1399 2139 1612 2193 ἐκεῖνον
1647 2135 1826 2204 εἶπεν,
1887 2142 1970 2196 ὅτι

379 2221 520 2289 πρὸς
564 2224 662 2292 μὲν
715 2224 778 2278 rb
825 2227 1004 2298 παρὸν
1035 2230 1424 2300 ἀναμφιϐόλως
1461 2233 1669 2302 ὀφείλει
1713 2233 1973 2299 δέξασθαι

379 2315 474 2367 τὸν
504 2316 690 2385 τόμον,
727 2320 820 2372 καὶ
853 2320 953 2391 τὴν
981 2322 1038 2375 ἐν
1067 2322 1264 2393 ἐκείνῳ
1294 2325 1402 2378 τῶν
1429 2326 1589 2379 θείων
1614 2327 1848 2396 Γραφῶν
1873 2327 1968 2381 καὶ

379 2411 480 2476 τὴν
529 2411 636 2464 τῶν
687 2412 858 2480 ἁγίων
890 2416 1152 2484 Πατέρων
1205 2418 1340 2486 ὑγιᾶ
1387 2419 1480 2472 καὶ
1523 2419 1735 2491 ἀπλανῆ
1789 2421 1969 2486 δόξαν.

378 2496 538 2556 Εἶναι
586 2505 694 2574 γάρ
740 2506 922 2559 ἐκεῖνα
963 2507 1227 2578 ἐξήγησιν
1279 2509 1482 2580 μᾶλλον
1539 2514 1635 2565 καὶ
1675 2513 1972 2581 ἑρμηνείαν

378 2593 481 2663 τῆς
511 2596 664 2666 ἱερᾶς
723 2598 882 2669 ήμῶν
913 2599 1175 2667 πίστεως,
1228 2603 1325 2658 καὶ
1360 2602 1512 2657 λύσιν
1557 2605 1696 2674 πρὸς
1741 2606 1887 2659 ἀπαν
1911 2606 1972 2659 τὸ

381 2688 890 2762 ἀμφιϐαλλόμενον,
922 2694 1042 2749 ἀλλ’
1085 2697 1185 2749 οὑκ
1222 2697 1558 2768 ἀμφιϐολίαν
1593 2699 1783 2768 ἔχοντά
1827 2718 1969 2764 τινα,

383 2779 418 2847 ἥ
453 2781 753 2851 ἑρμηνείας
810 2786 906 2840 καὶ
936 2786 1252 2858 ἐξηγήσεως
1296 2789 1544 2858 δεόμενα.
1593 2793 1747 2846 Μετὰ
1786 2791 1842 2845 δέ
1875 2793 1972 2862 τὴν

383 2872 552 2926 αὑτοῦ
589 2875 842 2947 καθαρὰν
870 2879 1167 2949 ὁμολογίαν
1208 2882 1305 2936 καὶ
1339 2883 1440 2954 τὴν
1477 2883 1804 2939 ἀδίστακτον
1835 2903 1974 2954 συμ-

383 2967 595 3028 φωνίαν
629 2970 722 3022 καὶ
749 2969 948 3026 ἔνωσιν
990 2973 1088 3045 τήν
1119 2975 1258 3045 πρὸς
1311 2976 1412 3046 τὴν
1454 2977 1808 3048 Ἐκκλησίαν,
1850 2979 1972 3032 τότε

382 3062 433 3113 εί
466 3061 561 3116 καί
589 3081 643 3117 τι
673 3063 916 3136 ζητεῖται
945 3071 1078 3139 παρ’
1109 3069 1299 3132 αὑτοῦ,
1349 3072 1514 3140 ἡμεῖς
1566 3071 1776 3142 ἔτοιμοι
1809 3072 1973 3126 πάλιν

383 3155 495 3210 ἀπό
521 3175 578 3210 τε
615 3159 728 3213 τῶν
761 3160 923 3214 θείων
951 3163 1287 3231 ἀποστόλων,
1321 3167 1414 3220 καὶ
1442 3165 1552 3219 τῶν
1586 3165 1768 3219 αὐτῶν
1811 3167 1972 3236 ἱερῶν

387 3250 651 3323 Πατέρων
711 3253 1114 3322 διδασκαλικῶς
1171 3276 1228 3312 τε
1289 3260 1382 3314 καὶ
1439 3258 1723 3328 πατρικῶς
1753 3257 1830 3320 ὡς
1873 3259 1971 3329 τῆς

397 3341 731 3413 Ἐκκλησίας
777 3347 880 3415 υίῷ
930 3365 989 3402 τε
1025 3349 1120 3403 καὶ
1177 3349 1420 3421 μαθητῇ,
1469 3349 1720 3404 διαλῦσαι
1756 3351 1865 3404 πᾶν
1916 3352 1976 3402 rb

386 3435 934 3508 ἀμφισϐητούμενον.
961 3441 1148 3494 Ταῦτα
1181 3442 1280 3511 μὲν
1315 3439 1410 3496 οὖν
1440 3442 1628 3507 ἔλεγον
1659 3442 1831 3512 αὐτῷ,
1870 3443 1974 3512 μή·

388 3544 479 3582 πω
506 3529 618 3593 τοῖς
657 3531 867 3585 ἐκείνου
899 3535 1333 3604 συγγράμμασιν
1383 3536 1762 3606 ἐντετυχηκώς
1786 3552 1800 3567 ο
1855 3535 1979 3588 ἐπεὶ

391 3621 450 3674 δὲ
477 3623 571 3676 καί
595 3641 704 3678 τισι
736 3628 960 3697 μέρεσιν
974 3629 1205 3687 ,ἐκείνων
1239 3631 1514 3701 ἐνέτυχον,
1545 3631 1712 3694 εὐθὺς
1745 3630 1852 3683 ἀπὸ
1878 3631 1978 3702 τῆς

395 3717 708 3790 ἐπιγραφῆς
737 3721 912 3790 ἔγνων
946 3724 1130 3792 πάσης
1171 3724 1431 3789 ἀσεϐείας
1464 3721 1605 3778 εἶναι
1640 3725 1836 3794 μεστά.
1865 3719 1978 3778 Ἶῐν

402 3811 510 3877 γὰρ
537 3813 759 3886 τοιαύτη
784 3832 801 3848 ⁸
827 3816 1054 3886 ἔλεγχος
1075 3819 1152 3879 είς
1179 3817 1280 3881 τὰς
1307 3817 1692 3890 παραχρήσεις
1723 3817 1832 3870 τῶν
1860 3835 1977 3871 κειο

401 3903 576 3972 μένων
605 3907 789 3978 ῥητῶν
823 3909 881 3962 ἐν
911 3910 988 3980 τῷ
1020 3909 1163 3964 γατά
1181 3911 1275 3964 τοῦ
1323 3910 1556 3978 Ἐφέσου
1592 3910 1687 3963 καὶ
1717 3911 1979 3981 Γρηγορᾶ

393 3996 567 4068 τόμῳ,
598 3999 658 4052 rb
680 3999 736 4053 δέ
775 4001 870 4055 τοῦ
899 4001 1062 4071 λόγου
1092 4003 1382 4074 προοίμιον
1413 3999 1544 4058 οἷον.

473 4126 807 4202 Ἐπειδήπερ
858 4131 993 4202 ήμῖν
1025 4132 1058 4202 ή
1088 4132 1237 4204 πάλη
1289 4132 1433 4187 κατά
1487 4132 1702 4189 Παῦλον
1739 4134 1800 4188 οὑ
1838 4137 1978 4206 πρὸς

386 4214 532 4289 αἷμα
559 4222 656 4275 καὶ
687 4222 888 4292 σάρκα,
937 4224 1077 4279 ἀλλὰ
1106 4225 1244 4293 πρὸς
1276 4226 1388 4279 πᾶν
1442 4224 1646 4295 ὕψωμα
1677 4226 1976 4297 ἐπαιρόμε-

384 4329 480 4366 νον
508 4314 651 4368 κατά
673 4315 774 4384 τῆς
799 4314 1058 4384 γνώσεως
1083 4316 1181 4370 τοῦ
1213 4317 1374 4383 Θεοῦ,
1411 4317 1572 4384 δόξαν
1605 4318 1850 4389 ἐλέγχειν
1876 4321 1977 4384 τὰς

385 4407 449 4458 ἐν
477 4406 555 4476 τῷ
586 4407 733 4462 κατά
774 4406 871 4461 τοῦ
915 4408 1146 4478 Ἐφέσου
1179 4410 1278 4463 καὶ
1317 4410 1578 4481 Γρηγορᾶ
1604 4411 1758 4482 τόμῳ
1795 4427 1979 4484 παρα-

383 4500 618 4572 χρήσεις
656 4501 766 4555 τῶν
811 4502 986 4570 ἁγίων
1020 4502 1276 4574 Γραφῶν,
1310 4502 1408 4557 τοῦ
1459 4505 1559 4574 μὲν
1610 4505 1977 4575 συγγραφέως

2075 2001 2236 2055 θείων
2267 2003 2470 2073 ῥητῶν,
2507 2003 2698 2058 ἔλαθεν
2742 2006 2939 2058 ἐαυτὸν
2969 2007 3037 2058 δι’
3077 2000 3153 2061 ὧν
3189 2007 3483 2074 ἐδοκίμασε
3537 2010 3668 2062 συλ-

2073 2095 2399 2162 λογιστικῶς
2455 2097 2834 2167 ἐξηγήσασθαι
2866 2099 3062 2162 ταῦτα,
3095 2100 3171 2163 ὡς
3219 2103 3282 2153 οὐ
3321 2101 3446 2154 καθ’
3487 2102 3668 2171 ἡμῶν,

2074 2187 2210 2242 ἀλλά
2243 2188 2365 2242 κατ’
2399 2190 2582 2244 αὑτῶν
2611 2191 2723 2243 τῶν
2752 2191 2927 2259 ἁγίων
2962 2192 3054 2245 τὸν
3089 2193 3325 2261 πόλεμον
3355 2195 3550 2264 ήρατο.
3586 2195 3670 2249 Ἰθά

2074 2280 2180 2350 γὰρ
2207 2280 2316 2334 τῶν
2347 2281 2624 2351 θεοφόρων
2661 2284 2921 2354 Πατέρων
2955 2286 3096 2355 ρητά
3121 2286 3367 2354 προθεὶς.
3396 2289 3497 2340 οὑκ
3527 2287 3668 2356 ἐχώ-

2078 2392 2210 2445 ρησε
2263 2376 2405 2429 κατά
2437 2380 2537 2444 τῆς
2569 2379 2732 2447 ἡμῶν
2763 2382 2856 2432 ἐπὶ
2906 2379 3118 2441 τούτοις
3171 2380 3512 2449 ἐξηγήσεως,
3550 2382 3668 2436 ἀλλ’

2073 2469 2300 2538 ἀναίδην
2330 2470 2473 2524 οὑτω
2504 2473 2648 2526 κατὶι
2673 2473 2774 2540 τῆς
2799 2473 2909 2525 τῶν
2945 2474 3116 2541 ἁγίων
3145 2475 3385 2537 διανοίας
3415 2475 3672 2544 φανερῶς

2076 2562 2528 2632 ἐναντιούμενος·
2559 2566 2765 2629 αὐτοῖς.
2812 2565 2920 2618 Τοῦ
2983 2568 3093 2635 γὰρ
3143 2567 3404 2635 θεοφόρου
3460 2569 3672 2635 Πατρὸς

2091 2655 2340 2710 Ἰωάννου
2374 2658 2468 2710 τοῦ
2503 2658 2870 2728 Δαμασκηνοῦ
2908 2660 3162 2726 λέγοντος
3200 2661 3398 2712 οὑτωσὶ
3445 2660 3673 2731 δίαρῤή-

2077 2749 2198 2820 δην.
2218 2751 2417 2804 ’ἰστέον
2444 2752 2517 2814 ὼς
2546 2751 2845 2806 ᾶλλοέστὶν
2864 2754 3135 2822 ἐνέργεια,
3163 2753 3257 2805 καὶ
3280 2751 3407 2807 ἄλλο
3434 2755 3670 2822 ἐνεργη-

2075 2842 2248 2907 τικὸν,
2275 2844 2368 2894 καὶ
2399 2843 2529 2898 ἄλλο
2573 2844 2878 2914 ἐνέργημα,
2915 2845 3010 2896 καὶ
3039 2843 3168 2898 ἀλλο
3205 2843 3488 2912 ἐνεργοῦν,
3521 2845 3671 2896 ἐκεῖ⁴

2075 2935 2164 2996 νός
2205 2951 2392 3002 φησιν,
2424 2937 2506 2988 ὅτι
2560 2936 2654 2986 ἐπὶ
2684 2934 2785 3004 μὲν
2823 2935 2933 2987 τῶν
2983 2935 3153 2988 ὄντων
3183 2935 3383 3005 ἀληθὲς
3409 2936 3470 2988 rb
3518 2934 3670 3000 ἄλλο,

2075 3027 2168 3078 καὶ
2202 3025 2331 3078 ἀλλο
2364 3025 2690 3095 -πράγματα
2721 3025 3043 3093 διακρίνειν,
3074 3029 3134 3077 οὑ
3164 3025 3252 3078 διὰ
3287 3025 3348 3077 τὸ
3397 3023 3527 3079 ἄλλο
3575 3024 3674 3077 καὶ

2076 3117 2207 3171 ἄλλο
2235 3117 2449 3186 ἁπλῶς,
2480 3118 2616 3171 ἀλλά
2647 3117 2738 3171 διὰ
2758 3117 2820 3170 rb
2845 3117 2974 3172 ἄλλο
3016 3119 3108 3170 καὶ
3135 3117 3266 3172 ἄλλο
3295 3117 3468 3171 ταῦτα
3494 3117 3674 3184 πρᾶγ-

2001 3258 2042 3315 C
2080 3229 2156 3280 μα
2188 3213 2486 3282 τυγχάνειν
2509 3228 2524 3242 ο
2556 3212 2677 3264 οὐδὲ
2725 3213 2836 3280 γὰρ
2883 3212 2936 3266 εἴ
2966 3228 3020 3264 τι
3053 3210 3182 3265 ἀλλο
3217 3212 3309 3264 καὶ
3357 3209 3486 3264 ἄλλο
3529 3209 3672 3262 κατά

2080 3303 2170 3353 rbv
2223 3301 2404 3370 λόγον,
2439 3304 2534 3354 καὶ
2587 3302 2730 3355 κατά
2784 3303 2846 3354 τὸ
2899 3305 3138 3371 πρᾶγμα
3189 3301 3318 3354 ἄλλο
3375 3301 3470 3354 καὶ
3517 3302 3668 3365 ἄλλο,

2080 3393 2272 3464 ὥσπερ
2301 3395 2402 3448 οὑκ
2435 3399 2482 3448 εί
2518 3395 2809 3465 ἄνθρωπος
2831 3396 2925 3447 καὶ
2952 3394 3243 3464 ἐπιστητὸν
3271 3393 3400 3448 ἀλλο
3425 3395 3520 3448 καὶ
3540 3391 3674 3446 ἄλλο

2080 3487 2223 3539 κατά
2254 3487 2350 3539 τὸν
2399 3487 2576 3554 λόγον,
2611 3486 2678 3541 ἂν
2717 3486 2860 3556 τύχῃ
2891 3485 2952 3538 rb
2984 3486 3120 3538 αὑτὸ
3157 3485 3216 3538 ὃν
3255 3486 3348 3538 καὶ
3380 3485 3672 3553 ἄνθρωπος

2079 3580 2176 3632 καὶ
2212 3579 2529 3650 ἐπιστητὸν,
2572 3581 2674 3652 ήδη
2725 3579 2789 3632 τὸ
2833 3580 2967 3632 αὐτὸ
3011 3579 3278 3631 καὶκατὰ
3332 3579 3392 3630 rb
3434 3578 3673 3646 πρᾶγμα

2079 3671 2211 3725 ἄλλο
2248 3673 2344 3726 καὶ
2373 3672 2522 3726 ἀλλο.
2554 3673 2644 3725 Διὸ
2675 3672 2739 3744 δὴ
2765 3674 2859 3725 καὶ
2890 3673 2983 3724 ἐπὶ
3010 3670 3104 3724 τοῦ
3132 3669 3292 3734 Θεοῦ,
3316 3669 3437 3738 οὐχὶ
3464 3669 3511 3720 εί
3540 3666 3671 3720 ἄλλο

2080 3766 2178 3818 καλ⁵
2243 3765 2434 3836 ἄλλοή
2469 3765 2726 3835 ἐνέργεια
2785 3766 2880 3819 καὶ
2924 3765 2987 3817 rb
3039 3763 3418 3832 ἐνεργητικὸν,
3467 3760 3564 3812 καὶ
3611 3760 3672 3811 τὸ

2079 3857 2341 3926 ἐνεργοῦν
2371 3859 2516 3911 κατὰ
2547 3859 2643 3910 τὸν
2674 3858 2855 3926 λόγον,
2891 3858 2992 3928 ήδη
3027 3857 3123 3910 καὶ
3162 3855 3306 3908 κατὰ
3332 3856 3392 3908 rb
3432 3855 3672 3922 πρᾶγμα

2079 3951 2210 4004 ἀλλο
2240 3951 2336 4004 καὶ
2383 3951 2530 4004 ἄλλο.
2587 3950 2664 4003 Οὑ
2697 3950 2808 4022 γὰρ
2839 3951 2902 4002 ἐκ
2936 3948 3032 4002 τοῦ
3082 3949 3312 4017 δυνάμει
3358 3948 3604 4016 πρόεισιν
3645 3948 3673 3997 ὁ

2078 4045 2212 4106 Θεὸς
2265 4044 2436 4104 είςτδ
2493 4044 2765 4114 ἐνεργείᾳ,
2816 4043 2906 4096 ἵνα
2960 4039 3160 4116 ἀλλοῇ
3216 4042 3276 4094 rb
3317 4038 3673 4110 ἐνεργητικὸν

2078 4137 2223 4190 κατά
2253 4137 2314 4191 τὸ
2349 4139 2610 4208 πρᾶγμα,
2648 4139 2744 4189 καὶ
2781 4135 2909 4190 ἄλλο
2944 4135 3004 4188 τὸ
3051 4133 3334 4204 ἐνεργοῦν.
3381 4130 3672 4185 Μεταϐάὶ-

2078 4227 2162 4280 λει
2182 4227 2294 4297 γὰρ
2327 4229 2425 4283 καὶ
2456 4228 2706 4299 πρόεισιν
2731 4227 2839 4280 ἀπὸ
2858 4227 2954 4280 τοῦ
2988 4224 3217 4288 ἀτελοῦς
3241 4226 3332 4278 ἐπὶ
3354 4223 3412 4275 τὸ
3435 4222 3668 4275 τέλειον.

2080 4320 2193 4373 Καὶ
2228 4319 2393 4373 πάλιν
2427 4321 2484 4371 ἐν
2516 4317 2692 4389 ἐτέρῳ
2737 4317 2910 4382 δεῖξαι
2948 4316 3274 4387 βουλόμενος
3304 4315 3387 4368 ὃτι
3428 4313 3527 4366 οὑκ
3556 4312 3672 4381 ἔχει

2078 4415 2107 4465 6
2136 4412 2269 4475 Θεὸς
2299 4411 2586 4482 ἐνέργειαν
2629 4411 2874 4479 φυσικὴν
2911 4410 3006 4462 καὶ
3049 4407 3306 4476 οὑσιώδη,
3357 4406 3476 4459 ἀλλ’
3510 4405 3672 4457 οὑσία

2081 4506 2244 4574 μόνον
2275 4505 2414 4568 ἐστὶ,
2455 4503 2596 4572 μετά
2653 4501 2824 4555 πολλὰ
2845 4503 2998 4570 λέγει
3029 4501 3128 4554 καὶ
3155 4499 3336 4563 τοῦτο,
3369 4499 3451 4552 ὅτι
3481 4498 3674 4568 ῶσπερ

385 4597 485 4648 καὶ
516 4586 592 4648 ὧν
614 4595 996 4665 συνεγράψατο
1020 4595 1119 4659 τάς
1143 4594 1373 4667 γνώμας
1396 4595 1709 4650 ἀπωστέον
1743 4597 1838 4650 καὶ
1869 4597 1978 4668 γὰρ
1999 4611 2051 4671 D
2075 4599 2124 4650 εί
2157 4597 2234 4666 μὴ
2277 4596 2492 4664 ἀπέχρη
2525 4596 2557 4665 ἡ
2599 4595 2759 4648 οὑσία
2798 4593 2893 4647 τοῦ
2949 4592 3272 4662 Πνεύματος
3303 4591 3440 4660 πρὸς
3471 4590 3670 4657 πάντα,

389 4687 652 4758 συνήθεσι
687 4688 784 4742 καλ⁵
828 4689 1055 4752 οίκείοις
1086 4689 1204 4752 τοῖς
1237 4688 1455 4752 πολλοῖς
1486 4689 1671 4744 αὑτῶν
1713 4691 1859 4744 κατὰ
1884 4691 1976 4744 τὸν

390 4780 508 4852 βίον
535 4781 875 4853 χρησάμενοι
912 4781 1101 4835 είκότα
1129 4779 1198 4835 ἂν
1228 4783 1482 4852 ποιοῖμεν
1514 4781 1613 4836 καὶ
1648 4782 1787 4850 μετὰ
1814 4781 1980 4836 θάνα-

387 4888 485 4924 τον
533 4870 715 4925 αὑτῶν
745 4871 1078 4940 φειδόμενοι,
1129 4873 1226 4924 καὶ
1258 4869 1542 4942 ἀνεπαχθῆ
1597 4871 1698 4942 τὴν
1754 4873 1978 4943 μνήμην

387 4963 638 5032 ἄγοντες,
669 4962 846 5026 ἄλλως
875 4963 923 5016 θ’
949 4964 1032 5018 ὅτι
1069 4963 1206 5034 μηδέ
1252 4963 1600 5034 βλασφημεῖν
1630 4963 1975 5035 ἀνθρώπους,

387 5056 527 5111 ἀλλά
543 5057 826 5125 θεολογεῖν
857 5057 1226 5128 προειλόμεθα
1245 5074 1260 5089 ο
1284 5058 1451 5112 αὑτοῦ
1475 5056 1532 5109 δὲ
1565 5059 1660 5110 τοῦ
1689 5059 1980 5128 συγγράμ·

392 5161 564 5215 ματος
589 5147 670 5198 ὅτι
701 5145 852 5199 δοκεῖ
885 5145 1024 5215 πρὸς
1068 5146 1162 5199 τὸν
1187 5149 1421 5216 ἀρχαῖον
1467 5146 1684 5214 ἐξάγειν
1718 5146 1828 5199 τῶν
1853 5147 1974 5215 δογ-

392 5239 584 5309 μάτων
616 5239 838 5301 κανόνα,
885 5238 982 5291 καὶ
1033 5237 1172 5308 πρὸς
1224 5237 1322 5308 τὴν
1355 5237 1622 5308 ἀλήθειαν
1677 5239 1977 5306 ἐπανάγειν

389 5330 704 5401 πειρατέον.
761 5331 980 5385 Γένοιτο
1007 5329 1053 5384 δ’
1081 5327 1148 5383 ἂν
1180 5330 1317 5401 πρός
1344 5347 1400 5383 τε
1428 5329 1536 5384 τῶν
1566 5331 1976 5402 τελευτηκότων

391 5425 575 5478 αὑτῶν
621 5425 682 5478 τὸ
719 5423 902 5496 ἔργον,
941 5424 1035 5478 καὶ
1085 5423 1197 5476 τῶν
1248 5423 1329 5476 ἔτι
1379 5423 1700 5494 περιόντων.
1748 5423 1977 5477 Ἑκεῖνοί

391 5537 452 5573 τε
479 5522 589 5590 γὰρ
615 5520 922 5590 πραοτέρου
954 5518 1239 5586 τεύξονται
1260 5516 1355 5571 τοῦ
1385 5518 1575 5589 κριτοῦ
1604 5519 1684 5582 είς
1717 5517 1976 5581 ἐλάττους

391 5612 648 5684 χυθέντος
679 5610 773 5666 τοῦ
824 5610 1080 5684 βλάϐους,
1120 5603 1270 5665 οὗτοί
1321 5627 1382 5664 τε
1422 5609 1524 5677 τῆς
1579 5609 1681 5663 οὑκ
1738 5608 1975 5678 ἀληθοῦς

392 5707 552 5778 δόξης
604 5705 1106 5776 ἀποκαθαρθέντες,
1139 5705 1199 5758 ἐν
1237 5706 1305 5776 τῇ
1340 5703 1676 5774 ἀποστολικῇ
1719 5702 1815 5756 καὶ
1862 5719 1968 5756 πα-

394 5803 559 5872 τρικῇ
605 5800 790 5854 πίστει
832 5799 1120 5870 ζήσαντες,
1161 5799 1266 5870 τὴν
1309 5799 1696 5868 προσήκουσαν
1739 5797 1976 5870 ἀμοιϐὴν

397 5892 792 5967 ἀπολήψονται.
818 5889 1006 5946 Ταῦτά
1025 5907 1086 5946 τε
1109 5888 1205 5948 οὖν
1227 5891 1308 5957 εἰς
1327 5889 1424 5962 τὴν
1449 5888 1774 5962 συγγραφὴν
1797 5889 1975 5961 ἐπῆρε

2083 4691 2202 4744 ἀλλ’
2234 4690 2342 4742 ἔδει
2372 4687 2549 4760 ταύτῃ
2580 4687 2744 4741 τινῶν
2776 4685 3074 4758 ἐνεργειῶν
3098 4685 3506 4754 ὑποδεεστέρων
3535 4685 3676 4755 πρὸς

2077 4783 2180 4852 τὴν
2212 4782 2322 4836 τῶν
2347 4781 2518 4835 όντων
2549 4780 2790 4848 γένεσιν.
2830 4780 2942 4833 Καὶ
2983 4776 3247 4848 ἀλλαχοῦ,
3281 4778 3551 4849 μηδαμῶς
3578 4777 3675 4831 τοῦ

2079 4875 2216 4930 Θεοῦ
2239 4876 2489 4946 μετέχειν
2512 4874 2638 4937 τοὺς
2657 4870 2987 4945 ἀνθρώπους
3011 4871 3466 4937 κατασκευάζων,
3492 4871 3675 4925 τοιάδε

2079 4971 2269 5040 φησὶν,
2304 4967 2432 5022 οὑτ⁹
2463 4963 2559 5020 οὖν
2601 4966 2672 5019 τὰ
2699 4965 3100 5035 προτεινόμενα
3137 4967 3272 5035 παρ’
3307 4965 3489 5018 αὑτῶν
3530 4967 3676 5034 ῥητὰ

2078 5059 2395 5114 δεικνύουσι
2427 5057 2550 5111 καθ’
2577 5057 2712 5110 αὑτὸ
2743 5056 2844 5128 τὴν
2883 5055 3176 5110 κοινωνίαν
3207 5055 3300 5109 τοῦ
3333 5055 3670 5124 Ιινεύματος.

2077 5151 2205 5206 οὔτε
2261 5150 2521 5205 ἀκτίστου
2557 5149 2704 5211 τινὸς
2757 5149 3008 5219 μετέχειν
3036 5150 3210 5219 ἡμᾶς,
3265 5146 3391 5200 οὔτε
3441 5148 3489 5198 εί
3544 5145 3676 5200 ἄλλο

2077 5243 2260 5310 οὑσία,
2301 5245 2398 5298 καὶ
2434 5243 2564 5295 ἄλλο
2598 5242 2875 5312 ἐνέργεια.
2920 5240 3044 5310 Ἀφ’
3070 5236 3147 5295 ὡν
3179 5243 3208 5294 6
3250 5239 3447 5310 μυρίος
3478 5238 3676 5290 ἕπεται

2075 5337 2187 5390 τῶν
2235 5335 2598 5405 βλασφημιῶν
2657 5334 2866 5404 ἐσμὸς,
2924 5338 3021 5387 καὶ
3075 5333 3137 5386 rb
3199 5331 3542 5399 κατατέμνον
3593 5331 3675 5392 είς

2077 5429 2284 5500 ἀπειρα
2345 5429 2507 5483 ἄνισα
2545 5427 2645 5500 τὴν
2677 5428 2930 5497 θεότητα,
2963 5425 3062 5481 καὶ
3090 5427 3156 5479 ἐκ
3209 5425 3424 5495 μυρίων
3468 5422 3674 5476 ἀνίσων

2080 5523 2414 5590 συντιθέναι,
2448 5523 2545 5577 καὶ
2577 5522 2648 5576 τὰ
2702 5522 2800 5592 μὲν
2852 5515 2996 5574 εἶναι
3031 5518 3298 5592 μεθεκτά,
3333 5517 3406 5570 τὰ
3447 5515 3504 5568 δέ
3534 5515 3674 5582 ἀμέ-

2078 5612 2271 5666 θεκτα.
2309 5614 2420 5667 Καὶ
2463 5616 2533 5667 τα
2585 5614 2646 5680 ἐξ
2679 5607 2756 5668 ὧν
2809 5614 2839 5667 6
2885 5611 3042 5677 Θεὸς,
3071 5611 3143 5665 τά
3190 5609 3288 5680 μὲν
3327 5608 3483 5671 ὄντα,
3514 5607 3584 5659 τά
3616 5607 3674 5659 δὲ

2077 5703 2381 5775 ὑπερόντα,
2422 5705 2520 5759 καὶ
2566 5705 2637 5761 τά
2689 5704 2792 5775 μὲν
2832 5701 3184 5772 καταληπτά,
3238 5701 3308 5754 τὰ
3365 5700 3424 5754 δὲ
3458 5699 3673 5752 ἀκατάο

2075 5796 2282 5878 ληπτα,
2319 5797 2418 5852 καὶ
2443 5799 2545 5852 ὅσα
2591 5798 2650 5852 αί
2685 5797 2865 5851 τίτθαι
2896 5799 3008 5860 τοῖς
3046 5795 3356 5869 παιδαρίοις
3401 5792 3505 5847 κᾶν
3543 5793 3674 5878 ἐρυ-

2079 5876 2370 5964 θριάσαιεν
2432 5891 2800 5962 διαλέγεσθαι.
2836 5889 2944 5945 Ίοῦ
2992 5889 3048 5945 δὲ
3093 5889 3240 5944 θείου
3287 5876 3678 5963 Χρυσοστόμου
