  <div class='ocr_page' id='page_1' title='image "/cluster/home/n/w/nwhite01/storage/ocr_20150623/151:no.2/coo.31924054870567/362.png"; bbox 0 0 4090 6444; ppageno 0'>
   <div class='ocr_carea' id='block_1_1' title="bbox 340 381 448 443">
    <p class='ocr_par' dir='ltr' id='par_1_1' title="bbox 340 381 448 443">
     <span class='ocr_line' id='line_1_1' title="bbox 340 381 448 443; baseline -0.019 0"><span class='ocrx_word' id='word_1_1' title='bbox 340 381 448 443; x_wconf 83' lang='lat'>705</span> 
     </span>
    </p>
   </div>
   <div class='ocr_carea' id='block_1_2' title="bbox 1342 375 2633 443">
    <p class='ocr_par' dir='ltr' id='par_1_2' title="bbox 1342 375 2633 443">
     <span class='ocr_line' id='line_1_2' title="bbox 1342 375 2633 443; baseline 0.002 -6"><span class='ocrx_word' id='word_1_2' title='bbox 1342 376 1644 438; x_wconf 75' lang='lat' dir='ltr'>CONTRA</span> <span class='ocrx_word' id='word_1_3' title='bbox 1681 375 2166 438; x_wconf 81' lang='lat' dir='ltr'>PROCHORUM</span> <span class='ocrx_word' id='word_1_4' title='bbox 2208 377 2633 443; x_wconf 66' lang='lat' dir='ltr'>CYDONIUM.</span> 
     </span>
    </p>
   </div>
   <div class='ocr_carea' id='block_1_3' title="bbox 3515 381 3620 448">
    <p class='ocr_par' dir='ltr' id='par_1_3' title="bbox 3515 381 3620 448">
     <span class='ocr_line' id='line_1_3' title="bbox 3515 381 3620 448; baseline 0.019 -2"><span class='ocrx_word' id='word_1_5' title='bbox 3515 381 3620 448; x_wconf 74' lang='lat'>706</span> 
     </span>
    </p>
   </div>
   <div class='ocr_carea' id='block_1_4' title="bbox 339 485 3622 563">
    <p class='ocr_par' dir='ltr' id='par_1_4' title="bbox 339 485 3622 563">
     <span class='ocr_line' id='line_1_4' title="bbox 339 485 3622 563; baseline 0.001 -20"><span class='ocrx_word' id='word_1_6' title='bbox 339 509 521 563; x_wconf 84' lang='grc' dir='ltr'>χορος,</span> <span class='ocrx_word' id='word_1_7' title='bbox 555 490 696 544; x_wconf 83' lang='grc' dir='ltr'>ὥστε</span> <span class='ocrx_word' id='word_1_8' title='bbox 729 489 902 542; x_wconf 88' lang='grc' dir='ltr'>εἰπεῖν</span> <span class='ocrx_word' id='word_1_9' title='bbox 949 486 1263 558; x_wconf 76' lang='grc' dir='ltr'>ἔμπροσθεν</span> <span class='ocrx_word' id='word_1_10' title='bbox 1294 487 1393 554; x_wconf 73' lang='grc' dir='ltr'>τῆς</span> <span class='ocrx_word' id='word_1_11' title='bbox 1437 487 1480 538; x_wconf 85' lang='grc' dir='ltr'>ἰε</span> <span class='ocrx_word' id='word_1_12' title='bbox 1495 487 1590 552; x_wconf 83' lang='grc' dir='ltr'>ρᾶς</span> <span class='ocrx_word' id='word_1_13' title='bbox 1627 486 1720 539; x_wconf 74' lang='grc' dir='ltr'>καὶ</span> <span class='ocrx_word' id='word_1_14' title='bbox 1760 485 1933 556; x_wconf 85' lang='grc' dir='ltr'>μεγά-</span> <span class='ocrx_word' id='word_1_15' title='bbox 1963 497 2007 552; x_wconf 77' lang='grc' dir='ltr'>Α</span> <span class='ocrx_word' id='word_1_16' title='bbox 2037 488 2151 550; x_wconf 86' lang='grc' dir='ltr'>τοῖς</span> <span class='ocrx_word' id='word_1_17' title='bbox 2178 487 2358 551; x_wconf 79' lang='grc' dir='ltr'>ἄλλοις</span> <span class='ocrx_word' id='word_1_18' title='bbox 2400 490 2489 543; x_wconf 75' lang='grc' dir='ltr'>καὶ</span> <span class='ocrx_word' id='word_1_19' title='bbox 2521 489 2682 544; x_wconf 83' lang='grc' dir='ltr'>τοῦτο</span> <span class='ocrx_word' id='word_1_20' title='bbox 2716 488 2885 557; x_wconf 88' lang='grc' dir='ltr'>λέγει,</span> <span class='ocrx_word' id='word_1_21' title='bbox 2921 490 3000 544; x_wconf 77' lang='grc' dir='ltr'>ὅτι</span> <span class='ocrx_word' id='word_1_22' title='bbox 3034 488 3277 545; x_wconf 85' lang='grc' dir='ltr'>τοιοῦτον</span> <span class='ocrx_word' id='word_1_23' title='bbox 3302 487 3390 563; x_wconf 82' lang='grc' dir='ltr'>ἦν,</span> <span class='ocrx_word' id='word_1_24' title='bbox 3424 488 3537 547; x_wconf 73' lang='grc' dir='ltr'>οἷον</span> <span class='ocrx_word' id='word_1_25' title='bbox 3559 495 3622 549; x_wconf 81' lang='lat'>1:6</span> 
     </span>
    </p>
   </div>
   <div class='ocr_carea' id='block_1_5' title="bbox 336 579 1930 655">
    <p class='ocr_par' dir='ltr' id='par_1_5' title="bbox 336 579 1930 655">
     <span class='ocr_line' id='line_1_5' title="bbox 336 579 1930 655; baseline -0.004 -16"><span class='ocrx_word' id='word_1_26' title='bbox 336 586 440 655; x_wconf 87' lang='grc' dir='ltr'>λης</span> <span class='ocrx_word' id='word_1_27' title='bbox 473 585 693 636; x_wconf 81' lang='grc' dir='ltr'>συνόδου</span> <span class='ocrx_word' id='word_1_28' title='bbox 727 582 893 652; x_wconf 77' lang='grc' dir='ltr'>ἅπερ,</span> <span class='ocrx_word' id='word_1_29' title='bbox 929 582 1002 643; x_wconf 86' lang='grc' dir='ltr'>ώς</span> <span class='ocrx_word' id='word_1_30' title='bbox 1038 583 1237 639; x_wconf 81' lang='grc' dir='ltr'>ἐδόκει,</span> <span class='ocrx_word' id='word_1_31' title='bbox 1273 583 1410 649; x_wconf 68' lang='grc' dir='ltr'>πρὸς</span> <span class='ocrx_word' id='word_1_32' title='bbox 1437 581 1536 648; x_wconf 84' lang='grc' dir='ltr'>ἐμέ</span> <span class='ocrx_word' id='word_1_33' title='bbox 1578 579 1743 632; x_wconf 70' lang='grc' dir='ltr'>αὑτὸν</span> <span class='ocrx_word' id='word_1_34' title='bbox 1781 579 1930 643; x_wconf 91' lang='grc' dir='ltr'>ἰδίως</span> 
     </span>
    </p>
   </div>
   <div class='ocr_carea' id='block_1_6' title="bbox 338 670 1932 744">
    <p class='ocr_par' dir='ltr' id='par_1_6' title="bbox 338 670 1932 744">
     <span class='ocr_line' id='line_1_6' title="bbox 338 670 1932 744; baseline -0.006 -13"><span class='ocrx_word' id='word_1_35' title='bbox 338 679 436 731; x_wconf 73' lang='grc' dir='ltr'>καί⁵</span> <span class='ocrx_word' id='word_1_36' title='bbox 471 676 732 738; x_wconf 90' lang='grc' dir='ltr'>πολλάκις</span> <span class='ocrx_word' id='word_1_37' title='bbox 771 675 978 740; x_wconf 81' lang='grc' dir='ltr'>ἔλεγεν,</span> <span class='ocrx_word' id='word_1_38' title='bbox 1006 676 1088 726; x_wconf 85' lang='grc' dir='ltr'>ὃτι</span> <span class='ocrx_word' id='word_1_39' title='bbox 1118 676 1182 744; x_wconf 86' lang='grc' dir='ltr'>τῇ</span> <span class='ocrx_word' id='word_1_40' title='bbox 1216 672 1312 725; x_wconf 90' lang='grc' dir='ltr'>τοῦ</span> <span class='ocrx_word' id='word_1_41' title='bbox 1347 670 1587 740; x_wconf 78' lang='grc' dir='ltr'>Χριστοῦ</span> <span class='ocrx_word' id='word_1_42' title='bbox 1631 671 1932 742; x_wconf 63' lang='grc' dir='ltr'>Ἐκκλησία.</span> 
     </span>
    </p>
   </div>
   <div class='ocr_carea' id='block_1_7' title="bbox 335 763 1931 839">
    <p class='ocr_par' dir='ltr' id='par_1_7' title="bbox 335 763 1931 839">
     <span class='ocr_line' id='line_1_7' title="bbox 335 763 1931 839; baseline -0.003 -17"><span class='ocrx_word' id='word_1_43' title='bbox 335 769 650 822; x_wconf 78' lang='grc' dir='ltr'>ἀκολουθῶν</span> <span class='ocrx_word' id='word_1_44' title='bbox 687 769 907 839; x_wconf 82' lang='grc' dir='ltr'>στέργει</span> <span class='ocrx_word' id='word_1_45' title='bbox 948 768 1046 833; x_wconf 83' lang='grc' dir='ltr'>μὲν</span> <span class='ocrx_word' id='word_1_46' title='bbox 1082 768 1224 836; x_wconf 80' lang='grc' dir='ltr'>ἆπερ</span> <span class='ocrx_word' id='word_1_47' title='bbox 1261 766 1397 833; x_wconf 76' lang='grc' dir='ltr'>αῦτη</span> <span class='ocrx_word' id='word_1_48' title='bbox 1429 767 1637 834; x_wconf 89' lang='grc' dir='ltr'>φρονεῖ,</span> <span class='ocrx_word' id='word_1_49' title='bbox 1667 763 1931 817; x_wconf 76' lang='grc' dir='ltr'>καταλύει</span> 
     </span>
    </p>
   </div>
   <div class='ocr_carea' id='block_1_8' title="bbox 337 859 1930 933">
    <p class='ocr_par' dir='ltr' id='par_1_8' title="bbox 337 859 1930 933">
     <span class='ocr_line' id='line_1_8' title="bbox 337 859 1930 933; baseline -0.007 -17"><span class='ocrx_word' id='word_1_50' title='bbox 337 865 396 916; x_wconf 80' lang='grc' dir='ltr'>δὲ</span> <span class='ocrx_word' id='word_1_51' title='bbox 428 869 494 916; x_wconf 70' lang='grc' dir='ltr'>τὰ</span> <span class='ocrx_word' id='word_1_52' title='bbox 529 863 724 916; x_wconf 86' lang='grc' dir='ltr'>ἐαυτοῦ</span> <span class='ocrx_word' id='word_1_53' title='bbox 759 863 1192 933; x_wconf 79' lang='grc' dir='ltr'>συγγράμματα,</span> <span class='ocrx_word' id='word_1_54' title='bbox 1219 860 1298 912; x_wconf 86' lang='grc' dir='ltr'>διὸ</span> <span class='ocrx_word' id='word_1_55' title='bbox 1329 860 1420 912; x_wconf 75' lang='grc' dir='ltr'>καὶ</span> <span class='ocrx_word' id='word_1_56' title='bbox 1459 859 1930 926; x_wconf 82' lang='grc' dir='ltr'>παραγενόμενον,</span> 
     </span>
    </p>
   </div>
   <div class='ocr_carea' id='block_1_9' title="bbox 341 951 1936 1026">
    <p class='ocr_par' dir='ltr' id='par_1_9' title="bbox 341 951 1936 1026">
     <span class='ocr_line' id='line_1_9' title="bbox 341 951 1936 1026; baseline -0.004 -18"><span class='ocrx_word' id='word_1_57' title='bbox 341 957 439 1010; x_wconf 75' lang='grc' dir='ltr'>καὶ</span> <span class='ocrx_word' id='word_1_58' title='bbox 471 956 762 1026; x_wconf 76' lang='grc' dir='ltr'>προσηνῶς</span> <span class='ocrx_word' id='word_1_59' title='bbox 800 956 961 1008; x_wconf 71' lang='grc' dir='ltr'>αὐτὸν</span> <span class='ocrx_word' id='word_1_60' title='bbox 1003 955 1097 1007; x_wconf 72' lang='grc' dir='ltr'>καὶ</span> <span class='ocrx_word' id='word_1_61' title='bbox 1129 954 1352 1024; x_wconf 73' lang='grc' dir='ltr'>ἡμέρως</span> <span class='ocrx_word' id='word_1_62' title='bbox 1394 953 1612 1015; x_wconf 78' lang='grc' dir='ltr'>ἐδέξατο</span> <span class='ocrx_word' id='word_1_63' title='bbox 1646 953 1677 1018; x_wconf 89' lang='grc' dir='ltr'>ἡ</span> <span class='ocrx_word' id='word_1_64' title='bbox 1719 951 1936 1018; x_wconf 83' lang='grc' dir='ltr'>μετριό-</span> 
     </span>
    </p>
   </div>
   <div class='ocr_carea' id='block_1_10' title="bbox 339 1042 1930 1119">
    <p class='ocr_par' dir='ltr' id='par_1_10' title="bbox 339 1042 1930 1119">
     <span class='ocr_line' id='line_1_10' title="bbox 339 1042 1930 1119; baseline -0.004 -18"><span class='ocrx_word' id='word_1_65' title='bbox 339 1068 441 1119; x_wconf 82' lang='grc' dir='ltr'>της</span> <span class='ocrx_word' id='word_1_66' title='bbox 475 1050 653 1119; x_wconf 75' lang='grc' dir='ltr'>ἡμῶν,</span> <span class='ocrx_word' id='word_1_67' title='bbox 703 1047 796 1100; x_wconf 72' lang='grc' dir='ltr'>καὶ</span> <span class='ocrx_word' id='word_1_68' title='bbox 839 1047 1220 1118; x_wconf 70' lang='grc' dir='ltr'>προετρέψατο</span> <span class='ocrx_word' id='word_1_69' title='bbox 1254 1049 1429 1098; x_wconf 84' lang='grc' dir='ltr'>εἰπεῖν</span> <span class='ocrx_word' id='word_1_70' title='bbox 1465 1046 1609 1113; x_wconf 85' lang='grc' dir='ltr'>ἆπερ</span> <span class='ocrx_word' id='word_1_71' title='bbox 1657 1042 1930 1112; x_wconf 81' lang='grc' dir='ltr'>βούλεται.</span> 
     </span>
    </p>
   </div>
   <div class='ocr_carea' id='block_1_11' title="bbox 358 1138 1933 1212">
    <p class='ocr_par' dir='ltr' id='par_1_11' title="bbox 358 1138 1933 1212">
     <span class='ocr_line' id='line_1_11' title="bbox 358 1138 1933 1212; baseline -0.004 -18"><span class='ocrx_word' id='word_1_72' title='bbox 358 1144 416 1195; x_wconf 83' lang='lat'>&#39;0</span> <span class='ocrx_word' id='word_1_73' title='bbox 463 1144 518 1196; x_wconf 80' lang='grc' dir='ltr'>δὲ</span> <span class='ocrx_word' id='word_1_74' title='bbox 567 1142 874 1212; x_wconf 70' lang='grc' dir='ltr'>ἀρξάμενος</span> <span class='ocrx_word' id='word_1_75' title='bbox 929 1141 1259 1209; x_wconf 83' lang='grc' dir='ltr'>διηγεῖσθαι,</span> <span class='ocrx_word' id='word_1_76' title='bbox 1321 1139 1536 1209; x_wconf 86' lang='grc' dir='ltr'>πρῶτον</span> <span class='ocrx_word' id='word_1_77' title='bbox 1593 1138 1687 1206; x_wconf 82' lang='grc' dir='ltr'>μὲν</span> <span class='ocrx_word' id='word_1_78' title='bbox 1743 1138 1933 1208; x_wconf 78' lang='grc' dir='ltr'>ᾐτιᾶτο</span> 
     </span>
    </p>
   </div>
   <div class='ocr_carea' id='block_1_12' title="bbox 347 1227 1932 1300">
    <p class='ocr_par' dir='ltr' id='par_1_12' title="bbox 347 1227 1932 1300">
     <span class='ocr_line' id='line_1_12' title="bbox 347 1227 1932 1300; baseline -0.004 -15"><span class='ocrx_word' id='word_1_79' title='bbox 347 1233 540 1300; x_wconf 82' lang='grc' dir='ltr'>φθόνον</span> <span class='ocrx_word' id='word_1_80' title='bbox 571 1232 694 1285; x_wconf 82' lang='grc' dir='ltr'>κατ’</span> <span class='ocrx_word' id='word_1_81' title='bbox 747 1232 910 1284; x_wconf 81' lang='grc' dir='ltr'>αὑτοῦ</span> <span class='ocrx_word' id='word_1_82' title='bbox 946 1232 1053 1283; x_wconf 90' lang='grc' dir='ltr'>τῶν</span> <span class='ocrx_word' id='word_1_83' title='bbox 1103 1230 1445 1299; x_wconf 82' lang='grc' dir='ltr'>λαυριωτῶν,</span> <span class='ocrx_word' id='word_1_84' title='bbox 1487 1229 1561 1280; x_wconf 66' lang='grc' dir='ltr'>ὡς</span> <span class='ocrx_word' id='word_1_85' title='bbox 1600 1229 1761 1289; x_wconf 69' lang='grc' dir='ltr'>αὐτὸς</span> <span class='ocrx_word' id='word_1_86' title='bbox 1815 1227 1932 1280; x_wconf 78' lang='grc' dir='ltr'>ἔλε-</span> 
     </span>
    </p>
   </div>
   <div class='ocr_carea' id='block_1_13' title="bbox 348 1319 1930 1392">
    <p class='ocr_par' dir='ltr' id='par_1_13' title="bbox 348 1319 1930 1392">
     <span class='ocr_line' id='line_1_13' title="bbox 348 1319 1930 1392; baseline -0.003 -18"><span class='ocrx_word' id='word_1_87' title='bbox 348 1340 444 1391; x_wconf 88' lang='grc' dir='ltr'>γεν</span> <span class='ocrx_word' id='word_1_88' title='bbox 471 1341 484 1354; x_wconf 86' lang='grc'><strong>·</strong></span> <span class='ocrx_word' id='word_1_89' title='bbox 530 1321 723 1376; x_wconf 74' lang='grc' dir='ltr'>ἔπειτα</span> <span class='ocrx_word' id='word_1_90' title='bbox 754 1321 960 1392; x_wconf 83' lang='grc' dir='ltr'>προῖὼν</span> <span class='ocrx_word' id='word_1_91' title='bbox 985 1321 1188 1385; x_wconf 76' lang='grc' dir='ltr'>ἔδειξεν</span> <span class='ocrx_word' id='word_1_92' title='bbox 1231 1321 1305 1384; x_wconf 79' lang='grc' dir='ltr'>ὡς</span> <span class='ocrx_word' id='word_1_93' title='bbox 1337 1321 1482 1388; x_wconf 83' lang='grc' dir='ltr'>ἆπερ</span> <span class='ocrx_word' id='word_1_94' title='bbox 1510 1320 1661 1386; x_wconf 79' lang='grc' dir='ltr'>ἔλεγε</span> <span class='ocrx_word' id='word_1_95' title='bbox 1697 1319 1832 1388; x_wconf 81' lang='grc' dir='ltr'>πρός</span> <span class='ocrx_word' id='word_1_96' title='bbox 1864 1337 1930 1386; x_wconf 87' lang='grc' dir='ltr'>με</span> 
     </span>
    </p>
   </div>
   <div class='ocr_carea' id='block_1_14' title="bbox 351 1409 1928 1484">
    <p class='ocr_par' dir='ltr' id='par_1_14' title="bbox 351 1409 1928 1484">
     <span class='ocr_line' id='line_1_14' title="bbox 351 1409 1928 1484; baseline -0.002 -17"><span class='ocrx_word' id='word_1_97' title='bbox 351 1416 520 1479; x_wconf 77' lang='grc' dir='ltr'>ἰδίως,</span> <span class='ocrx_word' id='word_1_98' title='bbox 549 1415 746 1484; x_wconf 74' lang='grc' dir='ltr'>ψεῦδος</span> <span class='ocrx_word' id='word_1_99' title='bbox 774 1409 842 1484; x_wconf 77' lang='grc' dir='ltr'>ἦν</span> <span class='ocrx_word' id='word_1_100' title='bbox 883 1413 1122 1475; x_wconf 79' lang='grc' dir='ltr'>ἅπαντα,</span> <span class='ocrx_word' id='word_1_101' title='bbox 1152 1413 1246 1464; x_wconf 72' lang='grc' dir='ltr'>καὶ</span> <span class='ocrx_word' id='word_1_102' title='bbox 1289 1414 1617 1478; x_wconf 73' lang='grc' dir='ltr'>ὑπόκρισις;“</span> <span class='ocrx_word' id='word_1_103' title='bbox 1638 1410 1732 1462; x_wconf 73' lang='grc' dir='ltr'>καὶ</span> <span class='ocrx_word' id='word_1_104' title='bbox 1759 1410 1928 1472; x_wconf 83' lang='grc' dir='ltr'>δόλος.</span> 
     </span>
    </p>
   </div>
   <div class='ocr_carea' id='block_1_15' title="bbox 345 1503 1930 1575">
    <p class='ocr_par' dir='ltr' id='par_1_15' title="bbox 345 1503 1930 1575">
     <span class='ocr_line' id='line_1_15' title="bbox 345 1503 1930 1575; baseline -0.005 -15"><span class='ocrx_word' id='word_1_105' title='bbox 345 1508 478 1560; x_wconf 88' lang='grc' dir='ltr'>Δέον</span> <span class='ocrx_word' id='word_1_106' title='bbox 531 1507 640 1575; x_wconf 82' lang='grc' dir='ltr'>γὰρ</span> <span class='ocrx_word' id='word_1_107' title='bbox 681 1506 740 1558; x_wconf 82' lang='grc' dir='ltr'>ὃν</span> <span class='ocrx_word' id='word_1_108' title='bbox 784 1505 880 1558; x_wconf 92' lang='grc' dir='ltr'>νῦν</span> <span class='ocrx_word' id='word_1_109' title='bbox 939 1505 1141 1573; x_wconf 79' lang='grc' dir='ltr'>μᾶλλον</span> <span class='ocrx_word' id='word_1_110' title='bbox 1184 1505 1278 1556; x_wconf 75' lang='grc' dir='ltr'>ἐπὶ</span> <span class='ocrx_word' id='word_1_111' title='bbox 1339 1503 1436 1570; x_wconf 82' lang='grc' dir='ltr'>τῆς</span> <span class='ocrx_word' id='word_1_112' title='bbox 1497 1504 1646 1573; x_wconf 78' lang='grc' dir='ltr'>ίερᾶς</span> <span class='ocrx_word' id='word_1_113' title='bbox 1707 1503 1930 1554; x_wconf 78' lang='grc' dir='ltr'>συνόδου</span> 
     </span>
    </p>
   </div>
   <div class='ocr_carea' id='block_1_16' title="bbox 346 1593 1932 1665">
    <p class='ocr_par' dir='ltr' id='par_1_16' title="bbox 346 1593 1932 1665">
     <span class='ocr_line' id='line_1_16' title="bbox 346 1593 1932 1665; baseline -0.004 -16"><span class='ocrx_word' id='word_1_114' title='bbox 346 1597 509 1650; x_wconf 85' lang='grc' dir='ltr'>τοῦτο</span> <span class='ocrx_word' id='word_1_115' title='bbox 538 1600 733 1658; x_wconf 84' lang='grc' dir='ltr'>εἰπεῖν,</span> <span class='ocrx_word' id='word_1_116' title='bbox 769 1596 862 1648; x_wconf 74' lang='grc' dir='ltr'>καὶ</span> <span class='ocrx_word' id='word_1_117' title='bbox 892 1595 1291 1665; x_wconf 87' lang='grc' dir='ltr'>άναθεματίσαι</span> <span class='ocrx_word' id='word_1_118' title='bbox 1334 1596 1433 1661; x_wconf 81' lang='grc' dir='ltr'>μὲν</span> <span class='ocrx_word' id='word_1_119' title='bbox 1475 1595 1543 1645; x_wconf 67' lang='grc' dir='ltr'>τΞι</span> <span class='ocrx_word' id='word_1_120' title='bbox 1576 1593 1772 1645; x_wconf 82' lang='grc' dir='ltr'>ἑαυτοῦ</span> <span class='ocrx_word' id='word_1_121' title='bbox 1803 1593 1932 1644; x_wconf 85' lang='grc' dir='ltr'>δυσ-</span> 
     </span>
    </p>
   </div>
   <div class='ocr_carea' id='block_1_17' title="bbox 349 1684 1934 1758">
    <p class='ocr_par' dir='ltr' id='par_1_17' title="bbox 349 1684 1934 1758">
     <span class='ocr_line' id='line_1_17' title="bbox 349 1684 1934 1758; baseline -0.004 -16"><span class='ocrx_word' id='word_1_122' title='bbox 349 1691 483 1758; x_wconf 82' lang='grc' dir='ltr'>σεῦῆ</span> <span class='ocrx_word' id='word_1_123' title='bbox 538 1692 630 1742; x_wconf 76' lang='grc' dir='ltr'>καὶ</span> <span class='ocrx_word' id='word_1_124' title='bbox 663 1690 960 1758; x_wconf 87' lang='grc' dir='ltr'>παράνομα</span> <span class='ocrx_word' id='word_1_125' title='bbox 1019 1689 1455 1755; x_wconf 77' lang='grc' dir='ltr'>συγγράμματα,</span> <span class='ocrx_word' id='word_1_126' title='bbox 1512 1685 1831 1755; x_wconf 80' lang='grc' dir='ltr'>προσελθεῖν</span> <span class='ocrx_word' id='word_1_127' title='bbox 1875 1684 1934 1736; x_wconf 87' lang='grc' dir='ltr'>δὲ</span> 
     </span>
    </p>
   </div>
   <div class='ocr_carea' id='block_1_18' title="bbox 343 1779 1935 1853">
    <p class='ocr_par' dir='ltr' id='par_1_18' title="bbox 343 1779 1935 1853">
     <span class='ocr_line' id='line_1_18' title="bbox 343 1779 1935 1853; baseline -0.01 -19"><span class='ocrx_word' id='word_1_128' title='bbox 343 1786 412 1853; x_wconf 82' lang='grc' dir='ltr'>τῇ</span> <span class='ocrx_word' id='word_1_129' title='bbox 442 1782 536 1837; x_wconf 86' lang='grc' dir='ltr'>τοῦ</span> <span class='ocrx_word' id='word_1_130' title='bbox 589 1780 826 1853; x_wconf 79' lang='grc' dir='ltr'>Χριστοῦ</span> <span class='ocrx_word' id='word_1_131' title='bbox 869 1781 1164 1850; x_wconf 69' lang='grc' dir='ltr'>Ἐκκλησία</span> <span class='ocrx_word' id='word_1_132' title='bbox 1209 1781 1301 1832; x_wconf 72' lang='grc' dir='ltr'>καὶ</span> <span class='ocrx_word' id='word_1_133' title='bbox 1337 1780 1670 1846; x_wconf 75' lang='grc' dir='ltr'>συγγνώμην</span> <span class='ocrx_word' id='word_1_134' title='bbox 1707 1779 1935 1847; x_wconf 67' lang='grc' dir='ltr'>αἰτήσει.</span> 
     </span>
    </p>
   </div>
   <div class='ocr_carea' id='block_1_19' title="bbox 2041 577 3620 657">
    <p class='ocr_par' dir='ltr' id='par_1_19' title="bbox 2041 577 3620 657">
     <span class='ocr_line' id='line_1_19' title="bbox 2041 577 3620 657; baseline 0.006 -26"><span class='ocrx_word' id='word_1_135' title='bbox 2041 581 2208 648; x_wconf 84' lang='grc' dir='ltr'>φανέν</span> <span class='ocrx_word' id='word_1_136' title='bbox 2233 583 2289 633; x_wconf 89' lang='grc' dir='ltr'>ἐν</span> <span class='ocrx_word' id='word_1_137' title='bbox 2314 582 2390 651; x_wconf 86' lang='grc' dir='ltr'>τῷ</span> <span class='ocrx_word' id='word_1_138' title='bbox 2421 582 2701 653; x_wconf 83' lang='grc' dir='ltr'>προσώπῳ</span> <span class='ocrx_word' id='word_1_139' title='bbox 2728 583 2822 636; x_wconf 86' lang='grc' dir='ltr'>τοῦ</span> <span class='ocrx_word' id='word_1_140' title='bbox 2856 577 3122 646; x_wconf 78' lang='grc' dir='ltr'>Μωσέῶς.</span> <span class='ocrx_word' id='word_1_141' title='bbox 3160 585 3269 636; x_wconf 75' lang='grc' dir='ltr'>Καὶ</span> <span class='ocrx_word' id='word_1_142' title='bbox 3294 586 3425 655; x_wconf 71' lang='grc' dir='ltr'>γὰρ,</span> <span class='ocrx_word' id='word_1_143' title='bbox 3461 588 3620 657; x_wconf 76' lang='grc' dir='ltr'>φησί,</span> 
     </span>
    </p>
   </div>
   <div class='ocr_carea' id='block_1_20' title="bbox 2036 672 3622 748">
    <p class='ocr_par' dir='ltr' id='par_1_20' title="bbox 2036 672 3622 748">
     <span class='ocr_line' id='line_1_20' title="bbox 2036 672 3622 748; baseline 0.004 -22"><span class='ocrx_word' id='word_1_144' title='bbox 2036 672 2136 744; x_wconf 77' lang='grc' dir='ltr'>τὴν</span> <span class='ocrx_word' id='word_1_145' title='bbox 2167 673 2326 738; x_wconf 78' lang='grc' dir='ltr'>δόξαν</span> <span class='ocrx_word' id='word_1_146' title='bbox 2364 675 2581 746; x_wconf 87' lang='grc' dir='ltr'>ἐκείνην</span> <span class='ocrx_word' id='word_1_147' title='bbox 2612 676 2707 728; x_wconf 82' lang='grc' dir='ltr'>καὶ</span> <span class='ocrx_word' id='word_1_148' title='bbox 2746 675 2845 746; x_wconf 86' lang='grc' dir='ltr'>τὴν</span> <span class='ocrx_word' id='word_1_149' title='bbox 2891 678 3255 746; x_wconf 75' lang='grc' dir='ltr'>λαμπρότητα</span> <span class='ocrx_word' id='word_1_150' title='bbox 3307 696 3622 748; x_wconf 82' lang='grc' dir='ltr'>καταργου-</span> 
     </span>
    </p>
   </div>
   <div class='ocr_carea' id='block_1_21' title="bbox 2039 766 3624 840">
    <p class='ocr_par' dir='ltr' id='par_1_21' title="bbox 2039 766 3624 840">
     <span class='ocr_line' id='line_1_21' title="bbox 2039 766 3624 840; baseline 0.004 -22"><span class='ocrx_word' id='word_1_151' title='bbox 2039 768 2209 836; x_wconf 83' lang='grc' dir='ltr'>μένην</span> <span class='ocrx_word' id='word_1_152' title='bbox 2239 768 2332 821; x_wconf 77' lang='grc' dir='ltr'>καί</span> <span class='ocrx_word' id='word_1_153' title='bbox 2367 769 2685 838; x_wconf 87' lang='grc' dir='ltr'>παυομένην</span> <span class='ocrx_word' id='word_1_154' title='bbox 2718 769 2883 837; x_wconf 70' lang='grc' dir='ltr'>φησὶν</span> <span class='ocrx_word' id='word_1_155' title='bbox 2914 772 2940 821; x_wconf 79' lang='grc' dir='ltr'>ό</span> <span class='ocrx_word' id='word_1_156' title='bbox 2995 769 3226 824; x_wconf 73' lang='grc' dir='ltr'>Παῦλος.</span> <span class='ocrx_word' id='word_1_157' title='bbox 3265 771 3399 840; x_wconf 82' lang='grc' dir='ltr'>Περί</span> <span class='ocrx_word' id='word_1_158' title='bbox 3428 766 3495 840; x_wconf 79' lang='grc' dir='ltr'>ἧς</span> <span class='ocrx_word' id='word_1_159' title='bbox 3531 772 3624 825; x_wconf 74' lang='grc' dir='ltr'>καὶ</span> 
     </span>
    </p>
   </div>
   <div class='ocr_carea' id='block_1_22' title="bbox 2036 860 3622 932">
    <p class='ocr_par' dir='ltr' id='par_1_22' title="bbox 2036 860 3622 932">
     <span class='ocr_line' id='line_1_22' title="bbox 2036 860 3622 932; baseline 0.004 -22"><span class='ocrx_word' id='word_1_160' title='bbox 2036 860 2337 929; x_wconf 71' lang='grc' dir='ltr'>ἐρωτηθεὶς</span> <span class='ocrx_word' id='word_1_161' title='bbox 2383 860 2533 928; x_wconf 89' lang='grc' dir='ltr'>παρὰ</span> <span class='ocrx_word' id='word_1_162' title='bbox 2566 861 2663 927; x_wconf 83' lang='grc' dir='ltr'>τῆς</span> <span class='ocrx_word' id='word_1_163' title='bbox 2710 861 2868 930; x_wconf 84' lang='grc' dir='ltr'>ἡμῶν</span> <span class='ocrx_word' id='word_1_164' title='bbox 2907 863 3263 932; x_wconf 74' lang='grc' dir='ltr'>μετριότητος</span> <span class='ocrx_word' id='word_1_165' title='bbox 3309 865 3484 915; x_wconf 84' lang='grc' dir='ltr'>εἰπεῖν</span> <span class='ocrx_word' id='word_1_166' title='bbox 3514 864 3541 916; x_wconf 84' lang='grc' dir='ltr'>ὅ</span> <span class='ocrx_word' id='word_1_167' title='bbox 3571 882 3622 917; x_wconf 89' lang='grc' dir='ltr'>τι</span> 
     </span>
    </p>
   </div>
   <div class='ocr_carea' id='block_1_23' title="bbox 2039 952 3622 1026">
    <p class='ocr_par' dir='ltr' id='par_1_23' title="bbox 2039 952 3622 1026">
     <span class='ocr_line' id='line_1_23' title="bbox 2039 952 3622 1026; baseline 0.005 -25"><span class='ocrx_word' id='word_1_168' title='bbox 2039 956 2244 1018; x_wconf 78' lang='grc' dir='ltr'>φρονεῖ,</span> <span class='ocrx_word' id='word_1_169' title='bbox 2265 952 2535 1019; x_wconf 80' lang='grc' dir='ltr'>Ἐγένετο,</span> <span class='ocrx_word' id='word_1_170' title='bbox 2557 955 2711 1019; x_wconf 73' lang='grc' dir='ltr'>φησὶ,</span> <span class='ocrx_word' id='word_1_171' title='bbox 2739 954 2832 1006; x_wconf 69' lang='grc' dir='ltr'>καὶ</span> <span class='ocrx_word' id='word_1_172' title='bbox 2856 955 3026 1023; x_wconf 80' lang='grc' dir='ltr'>ἐφάνη</span> <span class='ocrx_word' id='word_1_173' title='bbox 3055 959 3110 1006; x_wconf 87' lang='grc' dir='ltr'>ἐν</span> <span class='ocrx_word' id='word_1_174' title='bbox 3129 956 3204 1024; x_wconf 81' lang='grc' dir='ltr'>τῷ</span> <span class='ocrx_word' id='word_1_175' title='bbox 3224 957 3503 1026; x_wconf 71' lang='grc' dir='ltr'>προσώπῳ</span> <span class='ocrx_word' id='word_1_176' title='bbox 3530 961 3622 1009; x_wconf 80' lang='grc' dir='ltr'>τοῦ</span> 
     </span>
    </p>
   </div>
   <div class='ocr_carea' id='block_1_24' title="bbox 2036 1041 3623 1118">
    <p class='ocr_par' dir='ltr' id='par_1_24' title="bbox 2036 1041 3623 1118">
     <span class='ocr_line' id='line_1_24' title="bbox 2036 1041 3623 1118; baseline 0.003 -21"><span class='ocrx_word' id='word_1_177' title='bbox 2036 1046 2304 1106; x_wconf 76' lang='grc' dir='ltr'>Μωσέως,</span> <span class='ocrx_word' id='word_1_178' title='bbox 2345 1041 2465 1098; x_wconf 77' lang='grc' dir='ltr'>εἶτα</span> <span class='ocrx_word' id='word_1_179' title='bbox 2515 1046 2740 1106; x_wconf 78' lang='grc' dir='ltr'>ἔπαυσε,</span> <span class='ocrx_word' id='word_1_180' title='bbox 2775 1046 2869 1098; x_wconf 72' lang='grc' dir='ltr'>καὶ</span> <span class='ocrx_word' id='word_1_181' title='bbox 2927 1046 3144 1118; x_wconf 84' lang='grc' dir='ltr'>διελύθη</span> <span class='ocrx_word' id='word_1_182' title='bbox 3201 1049 3292 1101; x_wconf 81' lang='grc' dir='ltr'>καί</span> <span class='ocrx_word' id='word_1_183' title='bbox 3344 1050 3421 1111; x_wconf 83' lang='grc' dir='ltr'>εἰς</span> <span class='ocrx_word' id='word_1_184' title='bbox 3458 1049 3516 1101; x_wconf 82' lang='lat'>1:6</span> <span class='ocrx_word' id='word_1_185' title='bbox 3549 1050 3623 1118; x_wconf 85' lang='grc' dir='ltr'>μὴ</span> 
     </span>
    </p>
   </div>
   <div class='ocr_carea' id='block_1_25' title="bbox 2037 1136 3624 1210">
    <p class='ocr_par' dir='ltr' id='par_1_25' title="bbox 2037 1136 3624 1210">
     <span class='ocr_line' id='line_1_25' title="bbox 2037 1136 3624 1210; baseline 0.003 -21"><span class='ocrx_word' id='word_1_186' title='bbox 2037 1137 2094 1189; x_wconf 75' lang='grc' dir='ltr'>ὃν</span> <span class='ocrx_word' id='word_1_187' title='bbox 2126 1137 2396 1205; x_wconf 83' lang='grc' dir='ltr'>ἐχώρησε,</span> <span class='ocrx_word' id='word_1_188' title='bbox 2439 1140 2534 1190; x_wconf 67' lang='grc' dir='ltr'>καὶ</span> <span class='ocrx_word' id='word_1_189' title='bbox 2585 1139 2677 1190; x_wconf 89' lang='grc' dir='ltr'>νῦν</span> <span class='ocrx_word' id='word_1_190' title='bbox 2711 1140 2809 1190; x_wconf 71' lang='grc' dir='ltr'>οὐκ</span> <span class='ocrx_word' id='word_1_191' title='bbox 2843 1140 2992 1191; x_wconf 81' lang='grc' dir='ltr'>ἔστιν</span> <span class='ocrx_word' id='word_1_192' title='bbox 3037 1141 3224 1192; x_wconf 77' lang='grc' dir='ltr'>οὐδέν·</span> <span class='ocrx_word' id='word_1_193' title='bbox 3260 1136 3373 1192; x_wconf 58' lang='grc' dir='ltr'>οἷον</span> <span class='ocrx_word' id='word_1_194' title='bbox 3419 1137 3486 1210; x_wconf 81' lang='grc' dir='ltr'>ἦν</span> <span class='ocrx_word' id='word_1_195' title='bbox 3530 1143 3624 1194; x_wconf 72' lang='grc' dir='ltr'>καὶ</span> 
     </span>
    </p>
   </div>
   <div class='ocr_carea' id='block_1_26' title="bbox 2035 1229 3624 1302">
    <p class='ocr_par' dir='ltr' id='par_1_26' title="bbox 2035 1229 3624 1302">
     <span class='ocr_line' id='line_1_26' title="bbox 2035 1229 3624 1302; baseline 0 -22"><span class='ocrx_word' id='word_1_196' title='bbox 2035 1229 2096 1279; x_wconf 85' lang='grc' dir='ltr'>τὸ</span> <span class='ocrx_word' id='word_1_197' title='bbox 2143 1231 2200 1281; x_wconf 87' lang='grc' dir='ltr'>ἐν</span> <span class='ocrx_word' id='word_1_198' title='bbox 2250 1229 2328 1299; x_wconf 82' lang='grc' dir='ltr'>τῷ</span> <span class='ocrx_word' id='word_1_199' title='bbox 2363 1230 2645 1300; x_wconf 74' lang='grc' dir='ltr'>προσώπῳ</span> <span class='ocrx_word' id='word_1_200' title='bbox 2680 1231 2774 1282; x_wconf 86' lang='grc' dir='ltr'>τοῦ</span> <span class='ocrx_word' id='word_1_201' title='bbox 2824 1232 3064 1302; x_wconf 77' lang='grc' dir='ltr'>Χριστοῦ</span> <span class='ocrx_word' id='word_1_202' title='bbox 3097 1231 3321 1302; x_wconf 72' lang='grc' dir='ltr'>λάμψειν</span> <span class='ocrx_word' id='word_1_203' title='bbox 3368 1233 3482 1302; x_wconf 86' lang='grc' dir='ltr'>φῶς</span> <span class='ocrx_word' id='word_1_204' title='bbox 3510 1250 3524 1262; x_wconf 75' lang='grc' dir='ltr'><strong>ο</strong></span> <span class='ocrx_word' id='word_1_205' title='bbox 3563 1235 3624 1286; x_wconf 81' lang='grc' dir='ltr'>οὐ</span> 
     </span>
    </p>
   </div>
   <div class='ocr_carea' id='block_1_27' title="bbox 2037 1319 3624 1396">
    <p class='ocr_par' dir='ltr' id='par_1_27' title="bbox 2037 1319 3624 1396">
     <span class='ocr_line' id='line_1_27' title="bbox 2037 1319 3624 1396; baseline 0.003 -23"><span class='ocrx_word' id='word_1_206' title='bbox 2037 1322 2146 1392; x_wconf 70' lang='grc' dir='ltr'>γὰρ</span> <span class='ocrx_word' id='word_1_207' title='bbox 2173 1322 2247 1385; x_wconf 84' lang='grc' dir='ltr'>ὡς</span> <span class='ocrx_word' id='word_1_208' title='bbox 2283 1323 2609 1393; x_wconf 72' lang='grc' dir='ltr'>λαμπρότης</span> <span class='ocrx_word' id='word_1_209' title='bbox 2645 1342 2728 1386; x_wconf 89' lang='grc' dir='ltr'>τις</span> <span class='ocrx_word' id='word_1_210' title='bbox 2754 1319 2841 1393; x_wconf 82' lang='grc' dir='ltr'>ἦν,</span> <span class='ocrx_word' id='word_1_211' title='bbox 2881 1326 3204 1395; x_wconf 89' lang='grc' dir='ltr'>ἐνιδρυμένη</span> <span class='ocrx_word' id='word_1_212' title='bbox 3243 1330 3307 1396; x_wconf 80' lang='grc' dir='ltr'>τῇ</span> <span class='ocrx_word' id='word_1_213' title='bbox 3342 1326 3501 1390; x_wconf 76' lang='grc' dir='ltr'>οὐσία</span> <span class='ocrx_word' id='word_1_214' title='bbox 3531 1326 3624 1378; x_wconf 89' lang='grc' dir='ltr'>τοῦ</span> 
     </span>
    </p>
   </div>
   <div class='ocr_carea' id='block_1_28' title="bbox 2035 1415 3626 1491">
    <p class='ocr_par' dir='ltr' id='par_1_28' title="bbox 2035 1415 3626 1491">
     <span class='ocr_line' id='line_1_28' title="bbox 2035 1415 3626 1491; baseline 0.003 -23"><span class='ocrx_word' id='word_1_215' title='bbox 2035 1415 2193 1481; x_wconf 84' lang='grc' dir='ltr'>Θεοῦ,</span> <span class='ocrx_word' id='word_1_216' title='bbox 2251 1416 2364 1469; x_wconf 84' lang='grc' dir='ltr'>ἀλλ’</span> <span class='ocrx_word' id='word_1_217' title='bbox 2402 1417 2474 1480; x_wconf 84' lang='grc' dir='ltr'>ὡς</span> <span class='ocrx_word' id='word_1_218' title='bbox 2506 1419 2573 1488; x_wconf 76' lang='grc' dir='ltr'>τῇ</span> <span class='ocrx_word' id='word_1_219' title='bbox 2626 1417 2844 1487; x_wconf 82' lang='grc' dir='ltr'>θεότητι</span> <span class='ocrx_word' id='word_1_220' title='bbox 2895 1419 3134 1488; x_wconf 77' lang='grc' dir='ltr'>ἀναφθὲν</span> <span class='ocrx_word' id='word_1_221' title='bbox 3187 1418 3275 1471; x_wconf 84' lang='grc' dir='ltr'>διὰ</span> <span class='ocrx_word' id='word_1_222' title='bbox 3327 1420 3428 1491; x_wconf 82' lang='grc' dir='ltr'>τῆς</span> <span class='ocrx_word' id='word_1_223' title='bbox 3476 1419 3626 1483; x_wconf 86' lang='grc' dir='ltr'>θείας</span> 
     </span>
    </p>
   </div>
   <div class='ocr_carea' id='block_1_29' title="bbox 2035 1509 2238 1576">
    <p class='ocr_par' dir='ltr' id='par_1_29' title="bbox 2035 1509 2238 1576">
     <span class='ocr_line' id='line_1_29' title="bbox 2035 1509 2238 1576; baseline -0.02 1"><span class='ocrx_word' id='word_1_224' title='bbox 2035 1509 2238 1576; x_wconf 63' lang='grc' dir='ltr'>ψυχῆς.</span> 
     </span>
    </p>
   </div>
   <div class='ocr_carea' id='block_1_30' title="bbox 2108 1601 3624 1675">
    <p class='ocr_par' dir='ltr' id='par_1_30' title="bbox 2108 1601 3624 1675">
     <span class='ocr_line' id='line_1_30' title="bbox 2108 1601 3624 1675; baseline 0.001 -20"><span class='ocrx_word' id='word_1_225' title='bbox 2108 1604 2250 1670; x_wconf 74' lang='lat'><em>[196:</em></span> <span class='ocrx_word' id='word_1_226' title='bbox 2285 1603 2459 1656; x_wconf 77' lang='grc' dir='ltr'>ταῦτα</span> <span class='ocrx_word' id='word_1_227' title='bbox 2504 1604 2536 1672; x_wconf 86' lang='grc' dir='ltr'><strong>ή</strong></span> <span class='ocrx_word' id='word_1_228' title='bbox 2592 1605 2883 1672; x_wconf 80' lang='grc' dir='ltr'>μετριότης</span> <span class='ocrx_word' id='word_1_229' title='bbox 2927 1607 3086 1675; x_wconf 78' lang='grc' dir='ltr'>ἡμῶν</span> <span class='ocrx_word' id='word_1_230' title='bbox 3141 1601 3317 1670; x_wconf 79' lang='grc' dir='ltr'>εἶπεν,</span> <span class='ocrx_word' id='word_1_231' title='bbox 3355 1607 3431 1668; x_wconf 84' lang='grc' dir='ltr'>ὡς</span> <span class='ocrx_word' id='word_1_232' title='bbox 3456 1607 3501 1658; x_wconf 86' lang='grc' dir='ltr'>εἰ</span> <span class='ocrx_word' id='word_1_233' title='bbox 3530 1608 3624 1659; x_wconf 72' lang='grc' dir='ltr'>καὶ</span> 
     </span>
    </p>
   </div>
   <div class='ocr_carea' id='block_1_31' title="bbox 2036 1695 3623 1768">
    <p class='ocr_par' dir='ltr' id='par_1_31' title="bbox 2036 1695 3623 1768">
     <span class='ocr_line' id='line_1_31' title="bbox 2036 1695 3623 1768; baseline 0.003 -22"><span class='ocrx_word' id='word_1_234' title='bbox 2036 1695 2503 1764; x_wconf 75' lang='grc' dir='ltr'>καταργουμένην</span> <span class='ocrx_word' id='word_1_235' title='bbox 2531 1698 2558 1747; x_wconf 89' lang='grc' dir='ltr'>ό</span> <span class='ocrx_word' id='word_1_236' title='bbox 2592 1696 2730 1758; x_wconf 82' lang='grc' dir='ltr'>θεῖος</span> <span class='ocrx_word' id='word_1_237' title='bbox 2762 1697 2970 1754; x_wconf 83' lang='grc' dir='ltr'>Παῦλος</span> <span class='ocrx_word' id='word_1_238' title='bbox 2994 1698 3200 1768; x_wconf 78' lang='grc' dir='ltr'>ταύτην</span> <span class='ocrx_word' id='word_1_239' title='bbox 3241 1700 3396 1765; x_wconf 76' lang='grc' dir='ltr'>φησὶ.</span> <span class='ocrx_word' id='word_1_240' title='bbox 3429 1699 3623 1751; x_wconf 78' lang='grc' dir='ltr'>άλλὀὺ</span> 
     </span>
    </p>
   </div>
   <div class='ocr_carea' id='block_1_32' title="bbox 2035 1787 3626 1859">
    <p class='ocr_par' dir='ltr' id='par_1_32' title="bbox 2035 1787 3626 1859">
     <span class='ocr_line' id='line_1_32' title="bbox 2035 1787 3626 1859; baseline 0.002 -20"><span class='ocrx_word' id='word_1_241' title='bbox 2035 1788 2294 1858; x_wconf 77' lang='grc' dir='ltr'>τοιαύτην</span> <span class='ocrx_word' id='word_1_242' title='bbox 2333 1787 2472 1840; x_wconf 83' lang='grc' dir='ltr'>ὥστε</span> <span class='ocrx_word' id='word_1_243' title='bbox 2507 1788 2849 1857; x_wconf 74' lang='grc' dir='ltr'>διαλυθῆναι,</span> <span class='ocrx_word' id='word_1_244' title='bbox 2888 1793 2983 1842; x_wconf 80' lang='grc' dir='ltr'>καὶ</span> <span class='ocrx_word' id='word_1_245' title='bbox 3027 1791 3107 1852; x_wconf 88' lang='grc' dir='ltr'>εἰς</span> <span class='ocrx_word' id='word_1_246' title='bbox 3144 1789 3206 1842; x_wconf 80' lang='grc' dir='ltr'>τὸ</span> <span class='ocrx_word' id='word_1_247' title='bbox 3244 1791 3317 1858; x_wconf 79' lang='grc' dir='ltr'>μὴ</span> <span class='ocrx_word' id='word_1_248' title='bbox 3350 1789 3408 1842; x_wconf 76' lang='grc' dir='ltr'>ὃν</span> <span class='ocrx_word' id='word_1_249' title='bbox 3442 1790 3626 1859; x_wconf 88' lang='grc' dir='ltr'>χωρῆ-</span> 
     </span>
    </p>
   </div>
   <div class='ocr_carea' id='block_1_33' title="bbox 350 1857 3629 1953">
    <p class='ocr_par' dir='ltr' id='par_1_33' title="bbox 350 1857 3629 1953">
     <span class='ocr_line' id='line_1_33' title="bbox 350 1857 3629 1953; baseline -0.005 -25"><span class='ocrx_word' id='word_1_250' title='bbox 350 1875 502 1940; x_wconf 91' lang='grc' dir='ltr'>σθαι,</span> <span class='ocrx_word' id='word_1_251' title='bbox 529 1877 621 1927; x_wconf 72' lang='grc' dir='ltr'>καὶ</span> <span class='ocrx_word' id='word_1_252' title='bbox 660 1875 881 1944; x_wconf 81' lang='grc' dir='ltr'>στέρξαι</span> <span class='ocrx_word' id='word_1_253' title='bbox 911 1873 1052 1945; x_wconf 80' lang='grc' dir='ltr'>ἆπερ</span> <span class='ocrx_word' id='word_1_254' title='bbox 1087 1874 1221 1940; x_wconf 80' lang='grc' dir='ltr'>αὑτὴ</span> <span class='ocrx_word' id='word_1_255' title='bbox 1255 1873 1472 1941; x_wconf 78' lang='grc' dir='ltr'>στέργει</span> <span class='ocrx_word' id='word_1_256' title='bbox 1502 1872 1591 1922; x_wconf 75' lang='grc' dir='ltr'>καὶ</span> <span class='ocrx_word' id='word_1_257' title='bbox 1622 1872 1812 1939; x_wconf 84' lang='grc' dir='ltr'>φρονεῖ</span> <span class='ocrx_word' id='word_1_258' title='bbox 1840 1869 1932 1922; x_wconf 78' lang='grc' dir='ltr'>καὶ</span> <span class='ocrx_word' id='word_1_259' title='bbox 1970 1857 2006 1913; x_wconf 74' lang='grc' dir='ltr'><strong><em>Π</em></strong></span> <span class='ocrx_word' id='word_1_260' title='bbox 2040 1900 2154 1935; x_wconf 66' lang='grc' dir='ltr'>σαι,</span> <span class='ocrx_word' id='word_1_261' title='bbox 2191 1882 2324 1934; x_wconf 78' lang='grc' dir='ltr'>Θεία</span> <span class='ocrx_word' id='word_1_262' title='bbox 2372 1883 2480 1952; x_wconf 64' lang='grc' dir='ltr'>γὰρ</span> <span class='ocrx_word' id='word_1_263' title='bbox 2536 1882 2694 1951; x_wconf 59' lang='grc' dir='ltr'>χάρις</span> <span class='ocrx_word' id='word_1_264' title='bbox 2730 1878 2864 1934; x_wconf 56' lang='grc' dir='ltr'>ὦσα</span> <span class='ocrx_word' id='word_1_265' title='bbox 2899 1883 2990 1936; x_wconf 55' lang='grc' dir='ltr'>καὶ</span> <span class='ocrx_word' id='word_1_266' title='bbox 3031 1857 3320 1951; x_wconf 36' lang='grc' dir='ltr'>ξλλαμψις</span> <span class='ocrx_word' id='word_1_267' title='bbox 3355 1857 3629 1953; x_wconf 24' lang='lat' dir='ltr'>xui-svi?</span> 
     </span>
    </p>
   </div>
   <div class='ocr_carea' id='block_1_34' title="bbox 346 1961 1933 2030">
    <p class='ocr_par' dir='ltr' id='par_1_34' title="bbox 346 1961 1933 2030">
     <span class='ocr_line' id='line_1_34' title="bbox 346 1961 1933 2030; baseline -0.006 -8"><span class='ocrx_word' id='word_1_268' title='bbox 346 1971 609 2030; x_wconf 83' lang='grc' dir='ltr'>διδάσκει,</span> <span class='ocrx_word' id='word_1_269' title='bbox 642 1971 668 2021; x_wconf 98' lang='lat'>6</span> <span class='ocrx_word' id='word_1_270' title='bbox 691 1969 746 2020; x_wconf 84' lang='grc' dir='ltr'>δὲ</span> <span class='ocrx_word' id='word_1_271' title='bbox 774 1971 884 2020; x_wconf 83' lang='grc' dir='ltr'>πᾶν</span> <span class='ocrx_word' id='word_1_272' title='bbox 913 1967 1230 2020; x_wconf 82' lang='grc' dir='ltr'>τούναντίον</span> <span class='ocrx_word' id='word_1_273' title='bbox 1262 1966 1457 2027; x_wconf 79' lang='grc' dir='ltr'>ἐποίει,</span> <span class='ocrx_word' id='word_1_274' title='bbox 1477 1965 1544 2017; x_wconf 75' lang='grc' dir='ltr'>τὰ</span> <span class='ocrx_word' id='word_1_275' title='bbox 1570 1961 1766 2017; x_wconf 84' lang='grc' dir='ltr'>ἐαυτοῦ</span> <span class='ocrx_word' id='word_1_276' title='bbox 1801 1979 1933 2030; x_wconf 83' lang='grc' dir='ltr'>συγ-</span> 
     </span>
    </p>
   </div>
   <div class='ocr_carea' id='block_1_35' title="bbox 346 2054 1934 2130">
    <p class='ocr_par' dir='ltr' id='par_1_35' title="bbox 346 2054 1934 2130">
     <span class='ocr_line' id='line_1_35' title="bbox 346 2054 1934 2130; baseline -0.005 -16"><span class='ocrx_word' id='word_1_277' title='bbox 346 2063 656 2130; x_wconf 66' lang='grc' dir='ltr'>γράμματα</span> <span class='ocrx_word' id='word_1_278' title='bbox 689 2061 868 2129; x_wconf 83' lang='grc' dir='ltr'>ζητῶν</span> <span class='ocrx_word' id='word_1_279' title='bbox 903 2062 985 2123; x_wconf 85' lang='grc' dir='ltr'>εἰς</span> <span class='ocrx_word' id='word_1_280' title='bbox 1023 2060 1195 2130; x_wconf 83' lang='grc' dir='ltr'>μέσην</span> <span class='ocrx_word' id='word_1_281' title='bbox 1241 2058 1596 2127; x_wconf 73' lang='grc' dir='ltr'>παραχθῆναι</span> <span class='ocrx_word' id='word_1_282' title='bbox 1644 2057 1744 2126; x_wconf 84' lang='grc' dir='ltr'>τὴν</span> <span class='ocrx_word' id='word_1_283' title='bbox 1776 2054 1934 2108; x_wconf 83' lang='grc' dir='ltr'>σύνο-</span> 
     </span>
    </p>
   </div>
   <div class='ocr_carea' id='block_1_36' title="bbox 345 2149 1928 2221">
    <p class='ocr_par' dir='ltr' id='par_1_36' title="bbox 345 2149 1928 2221">
     <span class='ocr_line' id='line_1_36' title="bbox 345 2149 1928 2221; baseline -0.006 -13"><span class='ocrx_word' id='word_1_284' title='bbox 345 2155 457 2217; x_wconf 84' lang='grc' dir='ltr'>δον,</span> <span class='ocrx_word' id='word_1_285' title='bbox 494 2155 586 2207; x_wconf 71' lang='grc' dir='ltr'>καὶ</span> <span class='ocrx_word' id='word_1_286' title='bbox 646 2153 1090 2221; x_wconf 80' lang='grc' dir='ltr'>ἀναγνωσθῆναι,</span> <span class='ocrx_word' id='word_1_287' title='bbox 1123 2154 1217 2205; x_wconf 73' lang='grc' dir='ltr'>καὶ</span> <span class='ocrx_word' id='word_1_288' title='bbox 1273 2151 1366 2203; x_wconf 86' lang='grc' dir='ltr'>νέα</span> <span class='ocrx_word' id='word_1_289' title='bbox 1413 2151 1664 2218; x_wconf 81' lang='grc' dir='ltr'>δόγματα</span> <span class='ocrx_word' id='word_1_290' title='bbox 1727 2149 1928 2211; x_wconf 87' lang='grc' dir='ltr'>καλῶν,</span> 
     </span>
    </p>
   </div>
   <div class='ocr_carea' id='block_1_37' title="bbox 349 2239 1933 2312">
    <p class='ocr_par' dir='ltr' id='par_1_37' title="bbox 349 2239 1933 2312">
     <span class='ocr_line' id='line_1_37' title="bbox 349 2239 1933 2312; baseline -0.004 -14"><span class='ocrx_word' id='word_1_291' title='bbox 349 2247 496 2310; x_wconf 85' lang='grc' dir='ltr'>ᾰπερ</span> <span class='ocrx_word' id='word_1_292' title='bbox 529 2247 562 2307; x_wconf 85' lang='grc' dir='ltr'>ἡ</span> <span class='ocrx_word' id='word_1_293' title='bbox 613 2244 914 2312; x_wconf 74' lang='grc' dir='ltr'>Ἐκκλησία</span> <span class='ocrx_word' id='word_1_294' title='bbox 964 2245 1227 2309; x_wconf 74' lang='grc' dir='ltr'>διδάσκει,</span> <span class='ocrx_word' id='word_1_295' title='bbox 1265 2242 1360 2295; x_wconf 77' lang='grc' dir='ltr'>καὶ</span> <span class='ocrx_word' id='word_1_296' title='bbox 1405 2241 1581 2307; x_wconf 89' lang='grc' dir='ltr'>λέγων</span> <span class='ocrx_word' id='word_1_297' title='bbox 1628 2241 1712 2292; x_wconf 83' lang='grc' dir='ltr'>ὅτι</span> <span class='ocrx_word' id='word_1_298' title='bbox 1744 2239 1933 2292; x_wconf 88' lang='grc' dir='ltr'>Ταῦτα</span> 
     </span>
    </p>
   </div>
   <div class='ocr_carea' id='block_1_38' title="bbox 348 2330 1934 2407">
    <p class='ocr_par' dir='ltr' id='par_1_38' title="bbox 348 2330 1934 2407">
     <span class='ocr_line' id='line_1_38' title="bbox 348 2330 1934 2407; baseline -0.004 -16"><span class='ocrx_word' id='word_1_299' title='bbox 348 2341 567 2407; x_wconf 85' lang='grc' dir='ltr'>στέργω</span> <span class='ocrx_word' id='word_1_300' title='bbox 609 2339 677 2391; x_wconf 70' lang='grc' dir='ltr'>τὰ</span> <span class='ocrx_word' id='word_1_301' title='bbox 708 2338 841 2407; x_wconf 85' lang='grc' dir='ltr'>παρ’</span> <span class='ocrx_word' id='word_1_302' title='bbox 881 2337 1018 2406; x_wconf 89' lang='grc' dir='ltr'>ἐμοῦ</span> <span class='ocrx_word' id='word_1_303' title='bbox 1072 2336 1483 2404; x_wconf 73' lang='grc' dir='ltr'>συγγραφέντα,</span> <span class='ocrx_word' id='word_1_304' title='bbox 1528 2330 1724 2402; x_wconf 74' lang='grc' dir='ltr'>οἷσπερ</span> <span class='ocrx_word' id='word_1_305' title='bbox 1749 2336 1775 2386; x_wconf 93' lang='lat'>6</span> <span class='ocrx_word' id='word_1_306' title='bbox 1808 2331 1934 2402; x_wconf 81' lang='grc' dir='ltr'>βου-</span> 
     </span>
    </p>
   </div>
   <div class='ocr_carea' id='block_1_39' title="bbox 347 2427 1935 2502">
    <p class='ocr_par' dir='ltr' id='par_1_39' title="bbox 347 2427 1935 2502">
     <span class='ocr_line' id='line_1_39' title="bbox 347 2427 1935 2502; baseline -0.004 -18"><span class='ocrx_word' id='word_1_307' title='bbox 347 2433 579 2502; x_wconf 84' lang='grc' dir='ltr'>λόμενος</span> <span class='ocrx_word' id='word_1_308' title='bbox 614 2433 918 2500; x_wconf 80' lang='grc' dir='ltr'>ἀντιλέγειν</span> <span class='ocrx_word' id='word_1_309' title='bbox 947 2431 1181 2495; x_wconf 79' lang='grc' dir='ltr'>παρίτω,</span> <span class='ocrx_word' id='word_1_310' title='bbox 1216 2429 1310 2482; x_wconf 74' lang='grc' dir='ltr'>καὶ</span> <span class='ocrx_word' id='word_1_311' title='bbox 1349 2429 1448 2491; x_wconf 81' lang='grc' dir='ltr'>τὰς</span> <span class='ocrx_word' id='word_1_312' title='bbox 1495 2429 1552 2480; x_wconf 90' lang='grc' dir='ltr'>ἐν</span> <span class='ocrx_word' id='word_1_313' title='bbox 1584 2427 1770 2490; x_wconf 75' lang='grc' dir='ltr'>αὐτοῖς</span> <span class='ocrx_word' id='word_1_314' title='bbox 1800 2427 1935 2478; x_wconf 85' lang='grc' dir='ltr'>ἀπο-</span> 
     </span>
    </p>
   </div>
   <div class='ocr_carea' id='block_1_40' title="bbox 347 2519 1933 2593">
    <p class='ocr_par' dir='ltr' id='par_1_40' title="bbox 347 2519 1933 2593">
     <span class='ocr_line' id='line_1_40' title="bbox 347 2519 1933 2593; baseline -0.004 -17"><span class='ocrx_word' id='word_1_315' title='bbox 347 2527 473 2593; x_wconf 82' lang='grc' dir='ltr'>ρίας</span> <span class='ocrx_word' id='word_1_316' title='bbox 535 2523 726 2579; x_wconf 85' lang='grc' dir='ltr'>λυέτω.</span> <span class='ocrx_word' id='word_1_317' title='bbox 776 2525 1067 2593; x_wconf 79' lang='grc' dir='ltr'>Προτροπῇ</span> <span class='ocrx_word' id='word_1_318' title='bbox 1120 2522 1212 2575; x_wconf 83' lang='grc' dir='ltr'>οῦν</span> <span class='ocrx_word' id='word_1_319' title='bbox 1248 2522 1340 2588; x_wconf 82' lang='grc' dir='ltr'>τῆς</span> <span class='ocrx_word' id='word_1_320' title='bbox 1371 2520 1526 2588; x_wconf 79' lang='grc' dir='ltr'>ἡμῶν</span> <span class='ocrx_word' id='word_1_321' title='bbox 1574 2519 1933 2589; x_wconf 83' lang='grc' dir='ltr'>μετριότητος</span> 
     </span>
    </p>
   </div>
   <div class='ocr_carea' id='block_1_41' title="bbox 349 2612 1936 2687">
    <p class='ocr_par' dir='ltr' id='par_1_41' title="bbox 349 2612 1936 2687">
     <span class='ocr_line' id='line_1_41' title="bbox 349 2612 1936 2687; baseline -0.004 -17"><span class='ocrx_word' id='word_1_322' title='bbox 349 2617 716 2687; x_wconf 84' lang='grc' dir='ltr'>παρήχθησαν</span> <span class='ocrx_word' id='word_1_323' title='bbox 747 2616 819 2668; x_wconf 74' lang='grc' dir='ltr'>τὰ</span> <span class='ocrx_word' id='word_1_324' title='bbox 867 2617 1282 2684; x_wconf 78' lang='grc' dir='ltr'>συγγράμματα</span> <span class='ocrx_word' id='word_1_325' title='bbox 1333 2618 1529 2674; x_wconf 81' lang='grc' dir='ltr'>ταῦτα,</span> <span class='ocrx_word' id='word_1_326' title='bbox 1563 2613 1658 2665; x_wconf 74' lang='grc' dir='ltr'>καὶ</span> <span class='ocrx_word' id='word_1_327' title='bbox 1698 2612 1936 2680; x_wconf 82' lang='grc' dir='ltr'>ἀνεγνώ-</span> 
     </span>
    </p>
   </div>
   <div class='ocr_carea' id='block_1_42' title="bbox 347 2703 1931 2780">
    <p class='ocr_par' dir='ltr' id='par_1_42' title="bbox 347 2703 1931 2780">
     <span class='ocr_line' id='line_1_42' title="bbox 347 2703 1931 2780; baseline -0.004 -18"><span class='ocrx_word' id='word_1_328' title='bbox 347 2713 557 2775; x_wconf 80' lang='grc' dir='ltr'>σθησαν</span> <span class='ocrx_word' id='word_1_329' title='bbox 591 2712 732 2780; x_wconf 81' lang='grc' dir='ltr'>μέρη</span> <span class='ocrx_word' id='word_1_330' title='bbox 759 2713 902 2774; x_wconf 86' lang='grc' dir='ltr'>τινὰ,</span> <span class='ocrx_word' id='word_1_331' title='bbox 943 2709 1086 2778; x_wconf 69' lang='grc' dir='ltr'>ἅπερ</span> <span class='ocrx_word' id='word_1_332' title='bbox 1132 2707 1391 2776; x_wconf 86' lang='grc' dir='ltr'>ἀνωτέρω</span> <span class='ocrx_word' id='word_1_333' title='bbox 1433 2707 1575 2758; x_wconf 66' lang='grc' dir='ltr'>κατὰ</span> <span class='ocrx_word' id='word_1_334' title='bbox 1608 2706 1774 2776; x_wconf 81' lang='grc' dir='ltr'>μέρος</span> <span class='ocrx_word' id='word_1_335' title='bbox 1812 2703 1931 2757; x_wconf 88' lang='grc' dir='ltr'>ἐτέ-</span> 
     </span>
    </p>
   </div>
   <div class='ocr_carea' id='block_1_43' title="bbox 343 2791 1931 2869">
    <p class='ocr_par' dir='ltr' id='par_1_43' title="bbox 343 2791 1931 2869">
     <span class='ocr_line' id='line_1_43' title="bbox 343 2791 1931 2869; baseline -0.005 -15"><span class='ocrx_word' id='word_1_336' title='bbox 343 2805 544 2868; x_wconf 85' lang='grc' dir='ltr'>θησαν,</span> <span class='ocrx_word' id='word_1_337' title='bbox 595 2801 690 2854; x_wconf 90' lang='grc' dir='ltr'>καί</span> <span class='ocrx_word' id='word_1_338' title='bbox 739 2801 904 2869; x_wconf 72' lang='grc' dir='ltr'>ἐτερι</span> <span class='ocrx_word' id='word_1_339' title='bbox 937 2799 1196 2864; x_wconf 74' lang='grc' dir='ltr'>τοιαῦτα,</span> <span class='ocrx_word' id='word_1_340' title='bbox 1245 2791 1320 2849; x_wconf 84' lang='grc' dir='ltr'>ὧν</span> <span class='ocrx_word' id='word_1_341' title='bbox 1379 2797 1931 2864; x_wconf 82' lang='grc' dir='ltr'>ἀναγινωσκομένων,</span> 
     </span>
    </p>
   </div>
   <div class='ocr_carea' id='block_1_44' title="bbox 345 2886 1933 2965">
    <p class='ocr_par' dir='ltr' id='par_1_44' title="bbox 345 2886 1933 2965">
     <span class='ocr_line' id='line_1_44' title="bbox 345 2886 1933 2965; baseline -0.006 -18"><span class='ocrx_word' id='word_1_342' title='bbox 345 2896 597 2965; x_wconf 83' lang='grc' dir='ltr'>σφοδρῶς</span> <span class='ocrx_word' id='word_1_343' title='bbox 623 2893 777 2955; x_wconf 76' lang='grc' dir='ltr'>οὗτος</span> <span class='ocrx_word' id='word_1_344' title='bbox 810 2893 938 2960; x_wconf 70' lang='grc' dir='ltr'>περὶ</span> <span class='ocrx_word' id='word_1_345' title='bbox 963 2892 1136 2943; x_wconf 89' lang='grc' dir='ltr'>ταῦτα</span> <span class='ocrx_word' id='word_1_346' title='bbox 1166 2891 1401 2943; x_wconf 80' lang='grc' dir='ltr'>διέκειτο</span> <span class='ocrx_word' id='word_1_347' title='bbox 1432 2888 1587 2940; x_wconf 85' lang='grc' dir='ltr'>λύσιν</span> <span class='ocrx_word' id='word_1_348' title='bbox 1619 2886 1800 2957; x_wconf 81' lang='grc' dir='ltr'>ζητῶν</span> <span class='ocrx_word' id='word_1_349' title='bbox 1823 2888 1933 2938; x_wconf 89' lang='grc' dir='ltr'>τῶν</span> 
     </span>
    </p>
   </div>
   <div class='ocr_carea' id='block_1_45' title="bbox 343 2981 1935 3058">
    <p class='ocr_par' dir='ltr' id='par_1_45' title="bbox 343 2981 1935 3058">
     <span class='ocr_line' id='line_1_45' title="bbox 343 2981 1935 3058; baseline -0.007 -16"><span class='ocrx_word' id='word_1_350' title='bbox 343 2991 405 3042; x_wconf 86' lang='grc' dir='ltr'>ἐν</span> <span class='ocrx_word' id='word_1_351' title='bbox 437 2989 620 3050; x_wconf 82' lang='grc' dir='ltr'>αὐτοῖς</span> <span class='ocrx_word' id='word_1_352' title='bbox 649 2987 894 3058; x_wconf 83' lang='grc' dir='ltr'>ἀποριῶν</span> <span class='ocrx_word' id='word_1_353' title='bbox 929 2987 1070 3040; x_wconf 82' lang='grc' dir='ltr'>κατὰ</span> <span class='ocrx_word' id='word_1_354' title='bbox 1098 2987 1191 3038; x_wconf 76' lang='grc' dir='ltr'>τὸν</span> <span class='ocrx_word' id='word_1_355' title='bbox 1238 2983 1408 3038; x_wconf 81' lang='grc' dir='ltr'>αὑτοῦ</span> <span class='ocrx_word' id='word_1_356' title='bbox 1439 2983 1764 3035; x_wconf 82' lang='grc' dir='ltr'>διδάσκαλον</span> <span class='ocrx_word' id='word_1_357' title='bbox 1795 2981 1935 3051; x_wconf 84' lang='grc' dir='ltr'>Βαρ-</span> 
     </span>
    </p>
   </div>
   <div class='ocr_carea' id='block_1_46' title="bbox 342 3067 1932 3151">
    <p class='ocr_par' dir='ltr' id='par_1_46' title="bbox 342 3067 1932 3151">
     <span class='ocr_line' id='line_1_46' title="bbox 342 3067 1932 3151; baseline -0.006 -15"><span class='ocrx_word' id='word_1_358' title='bbox 342 3083 517 3151; x_wconf 67' lang='grc' dir='ltr'>λαᾶμ,</span> <span class='ocrx_word' id='word_1_359' title='bbox 554 3081 610 3143; x_wconf 85' lang='lat'><em>6;</em></span> <span class='ocrx_word' id='word_1_360' title='bbox 642 3067 869 3132; x_wconf 84' lang='grc' dir='ltr'>τοιαῦτα</span> <span class='ocrx_word' id='word_1_361' title='bbox 927 3079 1104 3146; x_wconf 89' lang='grc' dir='ltr'>λέγων</span> <span class='ocrx_word' id='word_1_362' title='bbox 1137 3078 1245 3130; x_wconf 85' lang='grc' dir='ltr'>ἀπὸ</span> <span class='ocrx_word' id='word_1_363' title='bbox 1291 3079 1390 3146; x_wconf 86' lang='grc' dir='ltr'>τῆς</span> <span class='ocrx_word' id='word_1_364' title='bbox 1443 3077 1566 3128; x_wconf 83' lang='grc' dir='ltr'>κατ’</span> <span class='ocrx_word' id='word_1_365' title='bbox 1609 3074 1780 3128; x_wconf 86' lang='grc' dir='ltr'>αὑτοῦ</span> <span class='ocrx_word' id='word_1_366' title='bbox 1809 3075 1932 3126; x_wconf 88' lang='grc' dir='ltr'>τότε</span> 
     </span>
    </p>
   </div>
   <div class='ocr_carea' id='block_1_47' title="bbox 2037 1975 3626 2046">
    <p class='ocr_par' dir='ltr' id='par_1_47' title="bbox 2037 1975 3626 2046">
     <span class='ocr_line' id='line_1_47' title="bbox 2037 1975 3626 2046; baseline 0 -20"><span class='ocrx_word' id='word_1_367' title='bbox 2037 1992 2160 2042; x_wconf 88' lang='grc' dir='ltr'>γεια</span> <span class='ocrx_word' id='word_1_368' title='bbox 2199 1976 2404 2043; x_wconf 81' lang='grc' dir='ltr'>φυσικὴ</span> <span class='ocrx_word' id='word_1_369' title='bbox 2447 1977 2542 2026; x_wconf 73' lang='grc' dir='ltr'>καὶ</span> <span class='ocrx_word' id='word_1_370' title='bbox 2592 1975 3010 2046; x_wconf 85' lang='grc' dir='ltr'>παντοδυνάμου</span> <span class='ocrx_word' id='word_1_371' title='bbox 3044 1975 3324 2045; x_wconf 82' lang='grc' dir='ltr'>θεότητος,</span> <span class='ocrx_word' id='word_1_372' title='bbox 3379 1976 3626 2042; x_wconf 62' lang='grc' dir='ltr'>έλαμίςκεν</span> 
     </span>
    </p>
   </div>
   <div class='ocr_carea' id='block_1_48' title="bbox 2038 2067 3625 2137">
    <p class='ocr_par' dir='ltr' id='par_1_48' title="bbox 2038 2067 3625 2137">
     <span class='ocr_line' id='line_1_48' title="bbox 2038 2067 3625 2137; baseline -0.001 -18"><span class='ocrx_word' id='word_1_373' title='bbox 2038 2069 2093 2119; x_wconf 85' lang='grc' dir='ltr'>ἐν</span> <span class='ocrx_word' id='word_1_374' title='bbox 2117 2067 2195 2134; x_wconf 78' lang='grc' dir='ltr'>τῷ</span> <span class='ocrx_word' id='word_1_375' title='bbox 2217 2069 2409 2135; x_wconf 75' lang='grc' dir='ltr'>Μωσῇ,</span> <span class='ocrx_word' id='word_1_376' title='bbox 2441 2067 2583 2120; x_wconf 83' lang='grc' dir='ltr'>ὥστε</span> <span class='ocrx_word' id='word_1_377' title='bbox 2624 2069 2697 2137; x_wconf 84' lang='grc' dir='ltr'>μὴ</span> <span class='ocrx_word' id='word_1_378' title='bbox 2727 2067 2989 2121; x_wconf 81' lang='grc' dir='ltr'>δύνασθαι</span> <span class='ocrx_word' id='word_1_379' title='bbox 3045 2069 3171 2128; x_wconf 74' lang='grc' dir='ltr'>τοὺς</span> <span class='ocrx_word' id='word_1_380' title='bbox 3226 2068 3377 2129; x_wconf 79' lang='grc' dir='ltr'>υἱοὺς</span> <span class='ocrx_word' id='word_1_381' title='bbox 3406 2067 3625 2135; x_wconf 68' lang='grc' dir='ltr'>Ἰσραὴλ</span> 
     </span>
    </p>
   </div>
   <div class='ocr_carea' id='block_1_49' title="bbox 2036 2159 3623 2228">
    <p class='ocr_par' dir='ltr' id='par_1_49' title="bbox 2036 2159 3623 2228">
     <span class='ocr_line' id='line_1_49' title="bbox 2036 2159 3623 2228; baseline -0.002 -15"><span class='ocrx_word' id='word_1_382' title='bbox 2036 2161 2116 2224; x_wconf 88' lang='grc' dir='ltr'>εἰς</span> <span class='ocrx_word' id='word_1_383' title='bbox 2163 2161 2253 2214; x_wconf 84' lang='grc' dir='ltr'>τὸν</span> <span class='ocrx_word' id='word_1_384' title='bbox 2312 2162 2476 2214; x_wconf 85' lang='grc' dir='ltr'>αὑτὸν</span> <span class='ocrx_word' id='word_1_385' title='bbox 2556 2162 2829 2223; x_wconf 75' lang='grc' dir='ltr'>ἀτενίζειν</span> <span class='ocrx_word' id='word_1_386' title='bbox 2888 2161 3019 2214; x_wconf 83' lang='grc' dir='ltr'>ἄνευ</span> <span class='ocrx_word' id='word_1_387' title='bbox 3081 2159 3623 2228; x_wconf 68' lang='grc' dir='ltr'>παραπετάσματος·</span> 
     </span>
    </p>
   </div>
   <div class='ocr_carea' id='block_1_50' title="bbox 2034 2250 3624 2320">
    <p class='ocr_par' dir='ltr' id='par_1_50' title="bbox 2034 2250 3624 2320">
     <span class='ocr_line' id='line_1_50' title="bbox 2034 2250 3624 2320; baseline -0.002 -16"><span class='ocrx_word' id='word_1_388' title='bbox 2034 2253 2290 2306; x_wconf 76' lang='grc' dir='ltr'>τοσοῦτον</span> <span class='ocrx_word' id='word_1_389' title='bbox 2321 2253 2381 2302; x_wconf 83' lang='grc' dir='ltr'>τὸ</span> <span class='ocrx_word' id='word_1_390' title='bbox 2415 2251 2627 2304; x_wconf 83' lang='grc' dir='ltr'>ἐκείνου</span> <span class='ocrx_word' id='word_1_391' title='bbox 2660 2251 3087 2320; x_wconf 86' lang='grc' dir='ltr'>κατελάμπρυνε</span> <span class='ocrx_word' id='word_1_392' title='bbox 3125 2250 3624 2318; x_wconf 54' lang='grc' dir='ltr'>πρόσωπαγλίἰέωει</span> 
     </span>
    </p>
   </div>
   <div class='ocr_carea' id='block_1_51' title="bbox 2035 2341 3626 2412">
    <p class='ocr_par' dir='ltr' id='par_1_51' title="bbox 2035 2341 3626 2412">
     <span class='ocr_line' id='line_1_51' title="bbox 2035 2341 3626 2412; baseline -0.002 -16"><span class='ocrx_word' id='word_1_393' title='bbox 2035 2344 2092 2396; x_wconf 82' lang='grc' dir='ltr'>δὲ</span> <span class='ocrx_word' id='word_1_394' title='bbox 2119 2343 2213 2397; x_wconf 71' lang='grc' dir='ltr'>καὶ</span> <span class='ocrx_word' id='word_1_395' title='bbox 2247 2343 2393 2396; x_wconf 75' lang='grc' dir='ltr'>ἐστιν</span> <span class='ocrx_word' id='word_1_396' title='bbox 2443 2345 2522 2405; x_wconf 87' lang='grc' dir='ltr'>εἰς</span> <span class='ocrx_word' id='word_1_397' title='bbox 2543 2342 2602 2394; x_wconf 86' lang='grc' dir='ltr'>τὸ</span> <span class='ocrx_word' id='word_1_398' title='bbox 2633 2343 2883 2412; x_wconf 80' lang='grc' dir='ltr'>διηνεκὲς</span> <span class='ocrx_word' id='word_1_399' title='bbox 2938 2343 3295 2411; x_wconf 86' lang='grc' dir='ltr'>παυσαμένου</span> <span class='ocrx_word' id='word_1_400' title='bbox 3325 2341 3417 2394; x_wconf 89' lang='grc' dir='ltr'>τοῦ</span> <span class='ocrx_word' id='word_1_401' title='bbox 3457 2359 3626 2412; x_wconf 89' lang='grc' dir='ltr'>προσ-</span> 
     </span>
    </p>
   </div>
   <div class='ocr_carea' id='block_1_52' title="bbox 2035 2434 3628 2504">
    <p class='ocr_par' dir='ltr' id='par_1_52' title="bbox 2035 2434 3628 2504">
     <span class='ocr_line' id='line_1_52' title="bbox 2035 2434 3628 2504; baseline -0.001 -16"><span class='ocrx_word' id='word_1_402' title='bbox 2035 2435 2186 2489; x_wconf 88' lang='grc' dir='ltr'>ώπου</span> <span class='ocrx_word' id='word_1_403' title='bbox 2218 2437 2296 2498; x_wconf 89' lang='grc' dir='ltr'>εἰς</span> <span class='ocrx_word' id='word_1_404' title='bbox 2329 2437 2468 2503; x_wconf 81' lang='grc' dir='ltr'>ὅπερ</span> <span class='ocrx_word' id='word_1_405' title='bbox 2500 2435 2687 2503; x_wconf 80' lang='grc' dir='ltr'>ἐκείνη</span> <span class='ocrx_word' id='word_1_406' title='bbox 2722 2436 2998 2504; x_wconf 84' lang='grc' dir='ltr'>ἐφαίνετο,</span> <span class='ocrx_word' id='word_1_407' title='bbox 3024 2434 3142 2487; x_wconf 88' lang='grc' dir='ltr'>ἀλλ’</span> <span class='ocrx_word' id='word_1_408' title='bbox 3188 2437 3289 2487; x_wconf 86' lang='grc' dir='ltr'>οὐκ</span> <span class='ocrx_word' id='word_1_409' title='bbox 3321 2436 3502 2504; x_wconf 88' lang='grc' dir='ltr'>ἐκείνη</span> <span class='ocrx_word' id='word_1_410' title='bbox 3531 2435 3628 2486; x_wconf 86' lang='grc' dir='ltr'>πέ-</span> 
     </span>
    </p>
   </div>
   <div class='ocr_carea' id='block_1_53' title="bbox 2035 2519 3626 2592">
    <p class='ocr_par' dir='ltr' id='par_1_53' title="bbox 2035 2519 3626 2592">
     <span class='ocr_line' id='line_1_53' title="bbox 2035 2519 3626 2592; baseline -0.003 -17"><span class='ocrx_word' id='word_1_411' title='bbox 2035 2541 2263 2577; x_wconf 87' lang='grc' dir='ltr'>παυται.</span> <span class='ocrx_word' id='word_1_412' title='bbox 2309 2523 2593 2575; x_wconf 85' lang='grc' dir='ltr'>Πέπαυται</span> <span class='ocrx_word' id='word_1_413' title='bbox 2623 2522 2723 2591; x_wconf 83' lang='grc' dir='ltr'>μὲν</span> <span class='ocrx_word' id='word_1_414' title='bbox 2757 2521 2864 2592; x_wconf 80' lang='grc' dir='ltr'>γὰρ</span> <span class='ocrx_word' id='word_1_415' title='bbox 2901 2523 2974 2590; x_wconf 87' lang='grc' dir='ltr'>μὴ</span> <span class='ocrx_word' id='word_1_416' title='bbox 3005 2523 3310 2590; x_wconf 85' lang='grc' dir='ltr'>φαινομένη</span> <span class='ocrx_word' id='word_1_417' title='bbox 3347 2524 3484 2581; x_wconf 76' lang='grc' dir='ltr'>ἐκεῖ,</span> <span class='ocrx_word' id='word_1_418' title='bbox 3507 2519 3626 2574; x_wconf 85' lang='grc' dir='ltr'>ἀλλ’</span> 
     </span>
    </p>
   </div>
   <div class='ocr_carea' id='block_1_54' title="bbox 2034 2613 3629 2688">
    <p class='ocr_par' dir='ltr' id='par_1_54' title="bbox 2034 2613 3629 2688">
     <span class='ocr_line' id='line_1_54' title="bbox 2034 2613 3629 2688; baseline -0.003 -19"><span class='ocrx_word' id='word_1_419' title='bbox 2034 2619 2132 2688; x_wconf 62' lang='grc' dir='ltr'>οὐχ</span> <span class='ocrx_word' id='word_1_420' title='bbox 2161 2615 2300 2668; x_wconf 82' lang='grc' dir='ltr'>ὥστε</span> <span class='ocrx_word' id='word_1_421' title='bbox 2329 2617 2420 2669; x_wconf 65' lang='grc' dir='ltr'>καὶ</span> <span class='ocrx_word' id='word_1_422' title='bbox 2453 2617 2532 2678; x_wconf 88' lang='grc' dir='ltr'>εἰς</span> <span class='ocrx_word' id='word_1_423' title='bbox 2560 2615 2621 2667; x_wconf 82' lang='grc' dir='ltr'>τὸ</span> <span class='ocrx_word' id='word_1_424' title='bbox 2657 2613 2730 2685; x_wconf 77' lang='grc' dir='ltr'>μὴ</span> <span class='ocrx_word' id='word_1_425' title='bbox 2754 2613 2814 2667; x_wconf 79' lang='grc' dir='ltr'>ὃν</span> <span class='ocrx_word' id='word_1_426' title='bbox 2842 2614 3184 2682; x_wconf 86' lang='grc' dir='ltr'>διαλυθῆναι.</span> <span class='ocrx_word' id='word_1_427' title='bbox 3227 2615 3286 2666; x_wconf 83' lang='grc' dir='ltr'>Ὀ</span> <span class='ocrx_word' id='word_1_428' title='bbox 3311 2615 3368 2666; x_wconf 84' lang='grc' dir='ltr'>δὲ</span> <span class='ocrx_word' id='word_1_429' title='bbox 3395 2615 3629 2684; x_wconf 77' lang='grc' dir='ltr'>Χριστος</span> 
     </span>
    </p>
   </div>
   <div class='ocr_carea' id='block_1_55' title="bbox 2035 2704 3629 2779">
    <p class='ocr_par' dir='ltr' id='par_1_55' title="bbox 2035 2704 3629 2779">
     <span class='ocr_line' id='line_1_55' title="bbox 2035 2704 3629 2779; baseline -0.003 -17"><span class='ocrx_word' id='word_1_430' title='bbox 2035 2711 2135 2764; x_wconf 76' lang='grc' dir='ltr'>οὐκ</span> <span class='ocrx_word' id='word_1_431' title='bbox 2190 2709 2391 2774; x_wconf 81' lang='grc' dir='ltr'>ἔξωθεν</span> <span class='ocrx_word' id='word_1_432' title='bbox 2426 2704 2538 2779; x_wconf 76' lang='grc' dir='ltr'>εἶχε</span> <span class='ocrx_word' id='word_1_433' title='bbox 2579 2707 2680 2778; x_wconf 82' lang='grc' dir='ltr'>τὴν</span> <span class='ocrx_word' id='word_1_434' title='bbox 2719 2707 2961 2779; x_wconf 73' lang='grc' dir='ltr'>ἄρρητον</span> <span class='ocrx_word' id='word_1_435' title='bbox 3011 2707 3228 2778; x_wconf 76' lang='grc' dir='ltr'>ἐκείνην</span> <span class='ocrx_word' id='word_1_436' title='bbox 3251 2707 3409 2773; x_wconf 72' lang='grc' dir='ltr'>δόξαν</span> <span class='ocrx_word' id='word_1_437' title='bbox 3443 2708 3535 2760; x_wconf 73' lang='grc' dir='ltr'>καὶ</span> <span class='ocrx_word' id='word_1_438' title='bbox 3567 2709 3629 2758; x_wconf 76' lang='grc' dir='ltr'>τὸ</span> 
     </span>
    </p>
   </div>
   <div class='ocr_carea' id='block_1_56' title="bbox 2037 2799 3627 2870">
    <p class='ocr_par' dir='ltr' id='par_1_56' title="bbox 2037 2799 3627 2870">
     <span class='ocr_line' id='line_1_56' title="bbox 2037 2799 3627 2870; baseline -0.003 -15"><span class='ocrx_word' id='word_1_439' title='bbox 2037 2803 2312 2856; x_wconf 89' lang='grc' dir='ltr'>θειότατον</span> <span class='ocrx_word' id='word_1_440' title='bbox 2347 2801 2484 2870; x_wconf 86' lang='grc' dir='ltr'>φῶς.</span> <span class='ocrx_word' id='word_1_441' title='bbox 2509 2800 2649 2870; x_wconf 82' lang='grc' dir='ltr'>Φησί</span> <span class='ocrx_word' id='word_1_442' title='bbox 2675 2801 2782 2869; x_wconf 75' lang='grc' dir='ltr'>γὰρ</span> <span class='ocrx_word' id='word_1_443' title='bbox 2820 2802 2846 2852; x_wconf 89' lang='grc' dir='ltr'>ό</span> <span class='ocrx_word' id='word_1_444' title='bbox 2873 2799 3238 2870; x_wconf 80' lang='grc' dir='ltr'>Δαμασκηνὸς</span> <span class='ocrx_word' id='word_1_445' title='bbox 3272 2799 3415 2861; x_wconf 87' lang='grc' dir='ltr'>θεῖος</span> <span class='ocrx_word' id='word_1_446' title='bbox 3437 2801 3627 2854; x_wconf 81' lang='grc' dir='ltr'>Ἰωάν-</span> 
     </span>
    </p>
   </div>
   <div class='ocr_carea' id='block_1_57' title="bbox 2034 2889 3628 2961">
    <p class='ocr_par' dir='ltr' id='par_1_57' title="bbox 2034 2889 3628 2961">
     <span class='ocr_line' id='line_1_57' title="bbox 2034 2889 3628 2961; baseline -0.001 -18"><span class='ocrx_word' id='word_1_447' title='bbox 2034 2908 2152 2961; x_wconf 88' lang='grc' dir='ltr'>νης,</span> <span class='ocrx_word' id='word_1_448' title='bbox 2203 2891 2452 2961; x_wconf 81' lang='grc' dir='ltr'>Σήμερον</span> <span class='ocrx_word' id='word_1_449' title='bbox 2502 2892 2681 2958; x_wconf 76' lang='grc' dir='ltr'>φωτὸς</span> <span class='ocrx_word' id='word_1_450' title='bbox 2713 2889 3015 2959; x_wconf 78' lang='grc' dir='ltr'>ἀπροσίτου</span> <span class='ocrx_word' id='word_1_451' title='bbox 3063 2889 3323 2950; x_wconf 74' lang='grc' dir='ltr'>άὸυσσος,</span> <span class='ocrx_word' id='word_1_452' title='bbox 3383 2891 3628 2959; x_wconf 77' lang='grc' dir='ltr'>σήμερον</span> 
     </span>
    </p>
   </div>
   <div class='ocr_carea' id='block_1_58' title="bbox 2037 2964 3627 3051">
    <p class='ocr_par' dir='ltr' id='par_1_58' title="bbox 2037 2964 3627 3051">
     <span class='ocr_line' id='line_1_58' title="bbox 2037 2964 3627 3051; baseline -0.002 -16"><span class='ocrx_word' id='word_1_453' title='bbox 2037 2981 2232 3051; x_wconf 77' lang='grc' dir='ltr'>αἴγλης</span> <span class='ocrx_word' id='word_1_454' title='bbox 2261 2964 2598 3051; x_wconf 63' lang='grc' dir='ltr'>θείαςχύσις</span> <span class='ocrx_word' id='word_1_455' title='bbox 2630 2981 3040 3050; x_wconf 87' lang='grc' dir='ltr'>ἀπεριόριστος,</span> <span class='ocrx_word' id='word_1_456' title='bbox 3077 2980 3137 3032; x_wconf 88' lang='grc' dir='ltr'>ἐν</span> <span class='ocrx_word' id='word_1_457' title='bbox 3180 2979 3380 3050; x_wconf 78' lang='grc' dir='ltr'>Θαϐὼρ</span> <span class='ocrx_word' id='word_1_458' title='bbox 3407 2979 3483 3048; x_wconf 79' lang='grc' dir='ltr'>τῷ</span> <span class='ocrx_word' id='word_1_459' title='bbox 3510 2980 3627 3049; x_wconf 78' lang='grc' dir='ltr'>δρει</span> 
     </span>
    </p>
   </div>
   <div class='ocr_carea' id='block_1_59' title="bbox 2035 3072 3628 3143">
    <p class='ocr_par' dir='ltr' id='par_1_59' title="bbox 2035 3072 3628 3143">
     <span class='ocr_line' id='line_1_59' title="bbox 2035 3072 3628 3143; baseline -0.003 -15"><span class='ocrx_word' id='word_1_460' title='bbox 2035 3079 2148 3137; x_wconf 85' lang='grc' dir='ltr'>τοῖς</span> <span class='ocrx_word' id='word_1_461' title='bbox 2176 3075 2499 3138; x_wconf 76' lang='grc' dir='ltr'>ἀποστόλοις</span> <span class='ocrx_word' id='word_1_462' title='bbox 2531 3073 2858 3141; x_wconf 81' lang='grc' dir='ltr'>αὑγάζεται.</span> <span class='ocrx_word' id='word_1_463' title='bbox 2888 3072 3004 3126; x_wconf 89' lang='grc' dir='ltr'>Νῦν</span> <span class='ocrx_word' id='word_1_464' title='bbox 3033 3072 3248 3143; x_wconf 81' lang='grc' dir='ltr'>ἑωράθη</span> <span class='ocrx_word' id='word_1_465' title='bbox 3295 3074 3364 3127; x_wconf 79' lang='grc' dir='ltr'>τὰ</span> <span class='ocrx_word' id='word_1_466' title='bbox 3384 3075 3496 3133; x_wconf 84' lang='grc' dir='ltr'>τοῖς</span> <span class='ocrx_word' id='word_1_467' title='bbox 3534 3075 3628 3125; x_wconf 90' lang='grc' dir='ltr'>ἀν-</span> 
     </span>
    </p>
   </div>
   <div class='ocr_carea' id='block_1_60' title="bbox 345 3164 3626 3271">
    <p class='ocr_par' dir='ltr' id='par_1_60' title="bbox 345 3164 3626 3271">
     <span class='ocr_line' id='line_1_60' title="bbox 345 3164 3626 3271; baseline -0.003 -44"><span class='ocrx_word' id='word_1_468' title='bbox 345 3174 826 3244; x_wconf 58' lang='grc' dir='ltr'>συγκροτηθείσης</span> <span class='ocrx_word' id='word_1_469' title='bbox 885 3171 1129 3234; x_wconf 85' lang='grc' dir='ltr'>συνόδου,</span> <span class='ocrx_word' id='word_1_470' title='bbox 1184 3171 1315 3237; x_wconf 82' lang='grc' dir='ltr'>παρ’</span> <span class='ocrx_word' id='word_1_471' title='bbox 1368 3169 1539 3236; x_wconf 77' lang='grc' dir='ltr'>αὐτῆς</span> <span class='ocrx_word' id='word_1_472' title='bbox 1571 3165 1930 3237; x_wconf 76' lang='grc' dir='ltr'>ἀπεκρούσθη</span> <span class='ocrx_word' id='word_1_473' title='bbox 1963 3212 2007 3271; x_wconf 76' lang='lat' dir='ltr'>c</span> <span class='ocrx_word' id='word_1_474' title='bbox 2039 3168 2334 3236; x_wconf 83' lang='grc' dir='ltr'>θρωπίνοις</span> <span class='ocrx_word' id='word_1_475' title='bbox 2361 3167 2568 3220; x_wconf 82' lang='grc' dir='ltr'>ἀθέατα</span> <span class='ocrx_word' id='word_1_476' title='bbox 2596 3165 2833 3235; x_wconf 74' lang='grc' dir='ltr'>ὄμμασι,</span> <span class='ocrx_word' id='word_1_477' title='bbox 2869 3165 3032 3234; x_wconf 86' lang='grc' dir='ltr'>σῶμα</span> <span class='ocrx_word' id='word_1_478' title='bbox 3058 3167 3246 3234; x_wconf 78' lang='grc' dir='ltr'>γήϊνον</span> <span class='ocrx_word' id='word_1_479' title='bbox 3276 3164 3427 3218; x_wconf 81' lang='grc' dir='ltr'>θείαν</span> <span class='ocrx_word' id='word_1_480' title='bbox 3451 3167 3626 3218; x_wconf 84' lang='grc' dir='ltr'>ἀπαυ-</span> 
     </span>
    </p>
   </div>
   <div class='ocr_carea' id='block_1_61' title="bbox 344 3252 1933 3332">
    <p class='ocr_par' dir='ltr' id='par_1_61' title="bbox 344 3252 1933 3332">
     <span class='ocr_line' id='line_1_61' title="bbox 344 3252 1933 3332; baseline -0.006 -12"><span class='ocrx_word' id='word_1_481' title='bbox 344 3272 550 3331; x_wconf 88' lang='grc' dir='ltr'>τέλεον,</span> <span class='ocrx_word' id='word_1_482' title='bbox 583 3267 693 3319; x_wconf 90' lang='grc' dir='ltr'>τῶν</span> <span class='ocrx_word' id='word_1_483' title='bbox 741 3266 902 3332; x_wconf 84' lang='grc' dir='ltr'>ἱερῶν</span> <span class='ocrx_word' id='word_1_484' title='bbox 960 3263 1422 3330; x_wconf 87' lang='grc' dir='ltr'>ἀναγνωσθέντων</span> <span class='ocrx_word' id='word_1_485' title='bbox 1448 3261 1714 3324; x_wconf 89' lang='grc' dir='ltr'>κανόνων,</span> <span class='ocrx_word' id='word_1_486' title='bbox 1757 3259 1829 3312; x_wconf 83' lang='grc' dir='ltr'>δι’</span> <span class='ocrx_word' id='word_1_487' title='bbox 1857 3252 1933 3312; x_wconf 81' lang='grc' dir='ltr'>ὧν</span> 
     </span>
    </p>
   </div>
   <div class='ocr_carea' id='block_1_62' title="bbox 344 3354 1932 3430">
    <p class='ocr_par' dir='ltr' id='par_1_62' title="bbox 344 3354 1932 3430">
     <span class='ocr_line' id='line_1_62' title="bbox 344 3354 1932 3430; baseline -0.006 -16"><span class='ocrx_word' id='word_1_488' title='bbox 344 3361 726 3430; x_wconf 76' lang='grc' dir='ltr'>ἀπηγόρευται</span> <span class='ocrx_word' id='word_1_489' title='bbox 757 3357 852 3412; x_wconf 72' lang='grc' dir='ltr'>καὶ</span> <span class='ocrx_word' id='word_1_490' title='bbox 879 3355 1134 3427; x_wconf 79' lang='grc' dir='ltr'>οὐδαμῶς</span> <span class='ocrx_word' id='word_1_491' title='bbox 1160 3354 1634 3425; x_wconf 85' lang='grc' dir='ltr'>παρακεχώρηται</span> <span class='ocrx_word' id='word_1_492' title='bbox 1669 3356 1779 3417; x_wconf 88' lang='grc' dir='ltr'>τοῖς</span> <span class='ocrx_word' id='word_1_493' title='bbox 1815 3354 1932 3406; x_wconf 87' lang='grc' dir='ltr'>κατ’</span> 
     </span>
    </p>
   </div>
   <div class='ocr_carea' id='block_1_63' title="bbox 342 3447 1931 3518">
    <p class='ocr_par' dir='ltr' id='par_1_63' title="bbox 342 3447 1931 3518">
     <span class='ocr_line' id='line_1_63' title="bbox 342 3447 1931 3518; baseline -0.005 -13"><span class='ocrx_word' id='word_1_494' title='bbox 342 3453 513 3506; x_wconf 76' lang='grc' dir='ltr'>αὐτόν</span> <span class='ocrx_word' id='word_1_495' title='bbox 539 3449 634 3503; x_wconf 76' lang='grc' dir='ltr'>καὶ</span> <span class='ocrx_word' id='word_1_496' title='bbox 659 3451 792 3502; x_wconf 84' lang='grc' dir='ltr'>πᾶσι</span> <span class='ocrx_word' id='word_1_497' title='bbox 819 3451 932 3512; x_wconf 84' lang='grc' dir='ltr'>τοῖς</span> <span class='ocrx_word' id='word_1_498' title='bbox 963 3448 1139 3511; x_wconf 83' lang='grc' dir='ltr'>ἄλλοις</span> <span class='ocrx_word' id='word_1_499' title='bbox 1170 3447 1298 3518; x_wconf 76' lang='grc' dir='ltr'>περὶ</span> <span class='ocrx_word' id='word_1_500' title='bbox 1343 3447 1635 3517; x_wconf 81' lang='grc' dir='ltr'>δογμάτων</span> <span class='ocrx_word' id='word_1_501' title='bbox 1669 3447 1804 3508; x_wconf 84' lang='grc' dir='ltr'>ὅλως</span> <span class='ocrx_word' id='word_1_502' title='bbox 1845 3463 1931 3498; x_wconf 84' lang='grc' dir='ltr'>κι-</span> 
     </span>
    </p>
   </div>
   <div class='ocr_carea' id='block_1_64' title="bbox 345 3538 1934 3610">
    <p class='ocr_par' dir='ltr' id='par_1_64' title="bbox 345 3538 1934 3610">
     <span class='ocr_line' id='line_1_64' title="bbox 345 3538 1934 3610; baseline -0.004 -13"><span class='ocrx_word' id='word_1_503' title='bbox 345 3548 481 3609; x_wconf 85' lang='grc' dir='ltr'>νεῖν,</span> <span class='ocrx_word' id='word_1_504' title='bbox 502 3543 596 3596; x_wconf 79' lang='grc' dir='ltr'>καὶ</span> <span class='ocrx_word' id='word_1_505' title='bbox 625 3544 738 3605; x_wconf 84' lang='grc' dir='ltr'>τοῖς</span> <span class='ocrx_word' id='word_1_506' title='bbox 765 3541 952 3603; x_wconf 77' lang='grc' dir='ltr'>ἄλλοις</span> <span class='ocrx_word' id='word_1_507' title='bbox 980 3541 1226 3610; x_wconf 81' lang='grc' dir='ltr'>ἀνάγκην</span> <span class='ocrx_word' id='word_1_508' title='bbox 1260 3540 1564 3594; x_wconf 81' lang='grc' dir='ltr'>ἐπιτιθέναι</span> <span class='ocrx_word' id='word_1_509' title='bbox 1599 3539 1726 3607; x_wconf 75' lang='grc' dir='ltr'>περὶ</span> <span class='ocrx_word' id='word_1_510' title='bbox 1757 3538 1934 3592; x_wconf 88' lang='grc' dir='ltr'>τοιού-</span> 
     </span>
    </p>
   </div>
   <div class='ocr_carea' id='block_1_65' title="bbox 347 3629 1934 3702">
    <p class='ocr_par' dir='ltr' id='par_1_65' title="bbox 347 3629 1934 3702">
     <span class='ocr_line' id='line_1_65' title="bbox 347 3629 1934 3702; baseline -0.006 -12"><span class='ocrx_word' id='word_1_511' title='bbox 347 3653 458 3690; x_wconf 85' lang='grc' dir='ltr'>των</span> <span class='ocrx_word' id='word_1_512' title='bbox 497 3633 909 3702; x_wconf 82' lang='grc' dir='ltr'>ἀπολογεῖσθαι.</span> <span class='ocrx_word' id='word_1_513' title='bbox 944 3633 1144 3694; x_wconf 84' lang='grc' dir='ltr'>Μόνοις</span> <span class='ocrx_word' id='word_1_514' title='bbox 1174 3633 1284 3702; x_wconf 83' lang='grc' dir='ltr'>γὰρ</span> <span class='ocrx_word' id='word_1_515' title='bbox 1328 3631 1553 3701; x_wconf 80' lang='grc' dir='ltr'>δοθῆναι</span> <span class='ocrx_word' id='word_1_516' title='bbox 1609 3630 1769 3684; x_wconf 83' lang='grc' dir='ltr'>τοῦτο</span> <span class='ocrx_word' id='word_1_517' title='bbox 1821 3629 1934 3693; x_wconf 85' lang='grc' dir='ltr'>τοῖς</span> 
     </span>
    </p>
   </div>
   <div class='ocr_carea' id='block_1_66' title="bbox 353 3719 1935 3801">
    <p class='ocr_par' dir='ltr' id='par_1_66' title="bbox 353 3719 1935 3801">
     <span class='ocr_line' id='line_1_66' title="bbox 353 3719 1935 3801; baseline -0.008 -18"><span class='ocrx_word' id='word_1_518' title='bbox 353 3728 667 3801; x_wconf 75' lang='grc' dir='ltr'>ἀρχιερεῦσι</span> <span class='ocrx_word' id='word_1_519' title='bbox 714 3726 868 3794; x_wconf 84' lang='grc' dir='ltr'>παρὰ</span> <span class='ocrx_word' id='word_1_520' title='bbox 909 3725 1064 3778; x_wconf 82' lang='grc' dir='ltr'>Θεοῦ.</span> <span class='ocrx_word' id='word_1_521' title='bbox 1097 3724 1233 3778; x_wconf 88' lang='grc' dir='ltr'>Κατ’</span> <span class='ocrx_word' id='word_1_522' title='bbox 1272 3725 1481 3777; x_wconf 85' lang='grc' dir='ltr'>ἐκεῖνον</span> <span class='ocrx_word' id='word_1_523' title='bbox 1511 3723 1602 3776; x_wconf 82' lang='grc' dir='ltr'>οὖν</span> <span class='ocrx_word' id='word_1_524' title='bbox 1634 3722 1728 3776; x_wconf 72' lang='grc' dir='ltr'>καὶ</span> <span class='ocrx_word' id='word_1_525' title='bbox 1776 3719 1935 3783; x_wconf 76' lang='grc' dir='ltr'>οὗτος</span> 
     </span>
    </p>
   </div>
   <div class='ocr_carea' id='block_1_67' title="bbox 360 3815 1935 3889">
    <p class='ocr_par' dir='ltr' id='par_1_67' title="bbox 360 3815 1935 3889">
     <span class='ocr_line' id='line_1_67' title="bbox 360 3815 1935 3889; baseline -0.004 -19"><span class='ocrx_word' id='word_1_526' title='bbox 360 3821 430 3870; x_wconf 68' lang='grc' dir='ltr'>τὰ</span> <span class='ocrx_word' id='word_1_527' title='bbox 453 3821 604 3888; x_wconf 75' lang='grc' dir='ltr'>ὃμοια</span> <span class='ocrx_word' id='word_1_528' title='bbox 636 3819 832 3886; x_wconf 88' lang='grc' dir='ltr'>λέγων,</span> <span class='ocrx_word' id='word_1_529' title='bbox 857 3818 1059 3889; x_wconf 72' lang='grc' dir='ltr'>ἤκουσε</span> <span class='ocrx_word' id='word_1_530' title='bbox 1087 3817 1238 3887; x_wconf 87' lang='grc' dir='ltr'>παρὰ</span> <span class='ocrx_word' id='word_1_531' title='bbox 1260 3816 1361 3884; x_wconf 83' lang='grc' dir='ltr'>τῆς</span> <span class='ocrx_word' id='word_1_532' title='bbox 1392 3816 1551 3886; x_wconf 86' lang='grc' dir='ltr'>ἡμῶν</span> <span class='ocrx_word' id='word_1_533' title='bbox 1580 3815 1935 3884; x_wconf 83' lang='grc' dir='ltr'>μετριότητος</span> 
     </span>
    </p>
   </div>
   <div class='ocr_carea' id='block_1_68' title="bbox 352 3907 1938 3982">
    <p class='ocr_par' dir='ltr' id='par_1_68' title="bbox 352 3907 1938 3982">
     <span class='ocr_line' id='line_1_68' title="bbox 352 3907 1938 3982; baseline -0.003 -17"><span class='ocrx_word' id='word_1_534' title='bbox 352 3913 432 3974; x_wconf 87' lang='grc' dir='ltr'>ὼς</span> <span class='ocrx_word' id='word_1_535' title='bbox 463 3913 560 3972; x_wconf 79' lang='grc' dir='ltr'>ἕως</span> <span class='ocrx_word' id='word_1_536' title='bbox 594 3913 660 3966; x_wconf 84' lang='grc' dir='ltr'>ἂν</span> <span class='ocrx_word' id='word_1_537' title='bbox 715 3909 859 3965; x_wconf 83' lang='grc' dir='ltr'>οὕτω</span> <span class='ocrx_word' id='word_1_538' title='bbox 903 3910 1033 3982; x_wconf 77' lang='grc' dir='ltr'>περὶ</span> <span class='ocrx_word' id='word_1_539' title='bbox 1083 3911 1152 3964; x_wconf 84' lang='grc' dir='ltr'>τὰ</span> <span class='ocrx_word' id='word_1_540' title='bbox 1187 3910 1325 3981; x_wconf 83' lang='grc' dir='ltr'>ὀρθὰ</span> <span class='ocrx_word' id='word_1_541' title='bbox 1374 3909 1645 3962; x_wconf 86' lang='grc' dir='ltr'>διάκειται</span> <span class='ocrx_word' id='word_1_542' title='bbox 1676 3909 1775 3976; x_wconf 84' lang='grc' dir='ltr'>τῆς</span> <span class='ocrx_word' id='word_1_543' title='bbox 1815 3907 1938 3960; x_wconf 81' lang='grc' dir='ltr'>Ἑκ-</span> 
     </span>
    </p>
   </div>
   <div class='ocr_carea' id='block_1_69' title="bbox 352 3998 1931 4072">
    <p class='ocr_par' dir='ltr' id='par_1_69' title="bbox 352 3998 1931 4072">
     <span class='ocr_line' id='line_1_69' title="bbox 352 3998 1931 4072; baseline -0.004 -16"><span class='ocrx_word' id='word_1_544' title='bbox 352 4002 581 4071; x_wconf 84' lang='grc' dir='ltr'>κλησίας</span> <span class='ocrx_word' id='word_1_545' title='bbox 614 4002 888 4072; x_wconf 83' lang='grc' dir='ltr'>δόγματα,</span> <span class='ocrx_word' id='word_1_546' title='bbox 935 4001 1032 4054; x_wconf 74' lang='grc' dir='ltr'>καὶ</span> <span class='ocrx_word' id='word_1_547' title='bbox 1078 3998 1332 4070; x_wconf 86' lang='grc' dir='ltr'>φανερῶς</span> <span class='ocrx_word' id='word_1_548' title='bbox 1382 3999 1643 4070; x_wconf 83' lang='grc' dir='ltr'>ἀντιλέγῃ</span> <span class='ocrx_word' id='word_1_549' title='bbox 1697 3999 1931 4060; x_wconf 80' lang='grc' dir='ltr'>τούτοις,</span> 
     </span>
    </p>
   </div>
   <div class='ocr_carea' id='block_1_70' title="bbox 340 4090 1928 4163">
    <p class='ocr_par' dir='ltr' id='par_1_70' title="bbox 340 4090 1928 4163">
     <span class='ocr_line' id='line_1_70' title="bbox 340 4090 1928 4163; baseline -0.003 -15"><span class='ocrx_word' id='word_1_550' title='bbox 340 4094 601 4163; x_wconf 74' lang='grc' dir='ltr'>οὐδεμίαν</span> <span class='ocrx_word' id='word_1_551' title='bbox 623 4094 924 4162; x_wconf 67' lang='grc' dir='ltr'>ἀπολογίαν</span> <span class='ocrx_word' id='word_1_552' title='bbox 953 4093 1080 4146; x_wconf 75' lang='grc' dir='ltr'>οὔτε</span> <span class='ocrx_word' id='word_1_553' title='bbox 1103 4093 1260 4146; x_wconf 85' lang='grc' dir='ltr'>λύσιν</span> <span class='ocrx_word' id='word_1_554' title='bbox 1284 4091 1576 4144; x_wconf 83' lang='grc' dir='ltr'>ἀκούσεται</span> <span class='ocrx_word' id='word_1_555' title='bbox 1595 4090 1728 4158; x_wconf 89' lang='grc' dir='ltr'>παρ’</span> <span class='ocrx_word' id='word_1_556' title='bbox 1749 4093 1781 4159; x_wconf 81' lang='grc' dir='ltr'><strong>ἡ</strong></span> <span class='ocrx_word' id='word_1_557' title='bbox 1791 4091 1928 4160; x_wconf 88' lang='grc' dir='ltr'>μῶν.</span> 
     </span>
    </p>
   </div>
   <div class='ocr_carea' id='block_1_71' title="bbox 340 4183 1934 4257">
    <p class='ocr_par' dir='ltr' id='par_1_71' title="bbox 340 4183 1934 4257">
     <span class='ocr_line' id='line_1_71' title="bbox 340 4183 1934 4257; baseline -0.003 -18"><span class='ocrx_word' id='word_1_558' title='bbox 340 4187 515 4239; x_wconf 86' lang='grc' dir='ltr'>Πόθεν</span> <span class='ocrx_word' id='word_1_559' title='bbox 540 4187 635 4240; x_wconf 77' lang='grc' dir='ltr'>καὶ</span> <span class='ocrx_word' id='word_1_560' title='bbox 665 4187 776 4257; x_wconf 85' lang='grc' dir='ltr'>γὰρ</span> <span class='ocrx_word' id='word_1_561' title='bbox 803 4186 902 4256; x_wconf 80' lang='grc' dir='ltr'>τὴν</span> <span class='ocrx_word' id='word_1_562' title='bbox 929 4185 1084 4238; x_wconf 82' lang='grc' dir='ltr'>λύσιν</span> <span class='ocrx_word' id='word_1_563' title='bbox 1113 4185 1510 4254; x_wconf 62' lang='grc' dir='ltr'>ἐπενέγκαιμεν</span> <span class='ocrx_word' id='word_1_564' title='bbox 1536 4185 1603 4236; x_wconf 82' lang='grc' dir='ltr'>ἂν</span> <span class='ocrx_word' id='word_1_565' title='bbox 1629 4183 1736 4238; x_wconf 88' lang='grc' dir='ltr'>τῶν</span> <span class='ocrx_word' id='word_1_566' title='bbox 1771 4185 1934 4253; x_wconf 82' lang='grc' dir='ltr'>ἱερῶν</span> 
     </span>
    </p>
   </div>
   <div class='ocr_carea' id='block_1_72' title="bbox 340 4274 1934 4350">
    <p class='ocr_par' dir='ltr' id='par_1_72' title="bbox 340 4274 1934 4350">
     <span class='ocr_line' id='line_1_72' title="bbox 340 4274 1934 4350; baseline -0.004 -17"><span class='ocrx_word' id='word_1_567' title='bbox 340 4280 681 4333; x_wconf 82' lang='grc' dir='ltr'>διδασκάλων</span> <span class='ocrx_word' id='word_1_568' title='bbox 717 4281 814 4350; x_wconf 78' lang='grc' dir='ltr'>τῆς</span> <span class='ocrx_word' id='word_1_569' title='bbox 859 4280 1191 4350; x_wconf 84' lang='grc' dir='ltr'>Ἐκκλησίας</span> <span class='ocrx_word' id='word_1_570' title='bbox 1239 4279 1313 4349; x_wconf 83' lang='grc' dir='ltr'>μὴ</span> <span class='ocrx_word' id='word_1_571' title='bbox 1365 4276 1746 4346; x_wconf 89' lang='grc' dir='ltr'>στεργομένων</span> <span class='ocrx_word' id='word_1_572' title='bbox 1799 4274 1934 4345; x_wconf 84' lang='grc' dir='ltr'>παρ’</span> 
     </span>
    </p>
   </div>
   <div class='ocr_carea' id='block_1_73' title="bbox 343 4368 1934 4443">
    <p class='ocr_par' dir='ltr' id='par_1_73' title="bbox 343 4368 1934 4443">
     <span class='ocr_line' id='line_1_73' title="bbox 343 4368 1934 4443; baseline -0.004 -16"><span class='ocrx_word' id='word_1_573' title='bbox 343 4373 531 4432; x_wconf 74' lang='grc' dir='ltr'>αὑτοῦ,</span> <span class='ocrx_word' id='word_1_574' title='bbox 560 4374 676 4426; x_wconf 81' lang='grc' dir='ltr'>ἀλλ’</span> <span class='ocrx_word' id='word_1_575' title='bbox 697 4373 1112 4443; x_wconf 78' lang='grc' dir='ltr'>ἀναιρουμένων</span> <span class='ocrx_word' id='word_1_576' title='bbox 1133 4372 1259 4424; x_wconf 82' lang='grc' dir='ltr'>ὅσον</span> <span class='ocrx_word' id='word_1_577' title='bbox 1289 4372 1348 4424; x_wconf 83' lang='grc' dir='ltr'>τὸ</span> <span class='ocrx_word' id='word_1_578' title='bbox 1373 4371 1494 4424; x_wconf 82' lang='grc' dir='ltr'>κατ’</span> <span class='ocrx_word' id='word_1_579' title='bbox 1524 4370 1686 4423; x_wconf 81' lang='grc' dir='ltr'>αὐτόν</span> <span class='ocrx_word' id='word_1_580' title='bbox 1714 4385 1727 4432; x_wconf 89' lang='grc'><strong>;</strong></span> <span class='ocrx_word' id='word_1_581' title='bbox 1763 4368 1934 4422; x_wconf 74' lang='grc' dir='ltr'>’Ὅταν</span> 
     </span>
    </p>
   </div>
   <div class='ocr_carea' id='block_1_74' title="bbox 339 4458 1934 4534">
    <p class='ocr_par' dir='ltr' id='par_1_74' title="bbox 339 4458 1934 4534">
     <span class='ocr_line' id='line_1_74' title="bbox 339 4458 1934 4534; baseline -0.001 -20"><span class='ocrx_word' id='word_1_582' title='bbox 339 4463 398 4515; x_wconf 77' lang='grc' dir='ltr'>δὲ</span> <span class='ocrx_word' id='word_1_583' title='bbox 435 4463 772 4534; x_wconf 85' lang='grc' dir='ltr'>συγγνώμην</span> <span class='ocrx_word' id='word_1_584' title='bbox 803 4466 1124 4533; x_wconf 80' lang='grc' dir='ltr'>αἰτήσηται,</span> <span class='ocrx_word' id='word_1_585' title='bbox 1154 4462 1247 4515; x_wconf 78' lang='grc' dir='ltr'>καὶ</span> <span class='ocrx_word' id='word_1_586' title='bbox 1285 4461 1670 4531; x_wconf 79' lang='grc' dir='ltr'>ἀναθεματίσῃ</span> <span class='ocrx_word' id='word_1_587' title='bbox 1699 4458 1766 4512; x_wconf 77' lang='grc' dir='ltr'>τὰ</span> <span class='ocrx_word' id='word_1_588' title='bbox 1808 4461 1934 4512; x_wconf 83' lang='grc' dir='ltr'>ἐαυ-</span> 
     </span>
    </p>
   </div>
   <div class='ocr_carea' id='block_1_75' title="bbox 2038 3257 3627 3330">
    <p class='ocr_par' dir='ltr' id='par_1_75' title="bbox 2038 3257 3627 3330">
     <span class='ocr_line' id='line_1_75' title="bbox 2038 3257 3627 3330; baseline -0.003 -18"><span class='ocrx_word' id='word_1_589' title='bbox 2038 3260 2205 3327; x_wconf 78' lang='grc' dir='ltr'>γάζον</span> <span class='ocrx_word' id='word_1_590' title='bbox 2265 3259 2650 3330; x_wconf 87' lang='grc' dir='ltr'>λαμπρότητα,</span> <span class='ocrx_word' id='word_1_591' title='bbox 2709 3258 2869 3326; x_wconf 89' lang='grc' dir='ltr'>σῶμα</span> <span class='ocrx_word' id='word_1_592' title='bbox 2921 3257 3116 3326; x_wconf 73' lang='grc' dir='ltr'>θνητὸν</span> <span class='ocrx_word' id='word_1_593' title='bbox 3164 3257 3322 3322; x_wconf 78' lang='grc' dir='ltr'>δόξαν</span> <span class='ocrx_word' id='word_1_594' title='bbox 3379 3258 3627 3325; x_wconf 75' lang='grc' dir='ltr'>πηγάζον</span> 
     </span>
    </p>
   </div>
   <div class='ocr_carea' id='block_1_76' title="bbox 2039 3349 3626 3424">
    <p class='ocr_par' dir='ltr' id='par_1_76' title="bbox 2039 3349 3626 3424">
     <span class='ocr_line' id='line_1_76' title="bbox 2039 3349 3626 3424; baseline -0.004 -16"><span class='ocrx_word' id='word_1_595' title='bbox 2039 3357 2318 3424; x_wconf 85' lang='grc' dir='ltr'>θεότητος.</span> <span class='ocrx_word' id='word_1_596' title='bbox 2365 3355 2421 3406; x_wconf 87' lang='lat'>&#39;0</span> <span class='ocrx_word' id='word_1_597' title='bbox 2447 3353 2554 3423; x_wconf 82' lang='grc' dir='ltr'>γὰρ</span> <span class='ocrx_word' id='word_1_598' title='bbox 2585 3352 2760 3418; x_wconf 86' lang='grc' dir='ltr'>Λόγος</span> <span class='ocrx_word' id='word_1_599' title='bbox 2788 3349 2948 3419; x_wconf 80' lang='grc' dir='ltr'>σὰρξ,</span> <span class='ocrx_word' id='word_1_600' title='bbox 2985 3353 3016 3419; x_wconf 84' lang='grc' dir='ltr'>ἡ</span> <span class='ocrx_word' id='word_1_601' title='bbox 3056 3351 3194 3420; x_wconf 77' lang='grc' dir='ltr'>σάρξ</span> <span class='ocrx_word' id='word_1_602' title='bbox 3218 3367 3278 3402; x_wconf 91' lang='grc' dir='ltr'>τε</span> <span class='ocrx_word' id='word_1_603' title='bbox 3303 3350 3474 3418; x_wconf 89' lang='grc' dir='ltr'>Λόγος</span> <span class='ocrx_word' id='word_1_604' title='bbox 3505 3351 3626 3420; x_wconf 83' lang='grc' dir='ltr'>ἐγέ-</span> 
     </span>
    </p>
   </div>
   <div class='ocr_carea' id='block_1_77' title="bbox 2037 3443 3625 3516">
    <p class='ocr_par' dir='ltr' id='par_1_77' title="bbox 2037 3443 3625 3516">
     <span class='ocr_line' id='line_1_77' title="bbox 2037 3443 3625 3516; baseline -0.002 -15"><span class='ocrx_word' id='word_1_605' title='bbox 2037 3466 2178 3510; x_wconf 88' lang='grc' dir='ltr'>νετο,</span> <span class='ocrx_word' id='word_1_606' title='bbox 2216 3448 2264 3500; x_wconf 90' lang='grc' dir='ltr'>εἰ</span> <span class='ocrx_word' id='word_1_607' title='bbox 2298 3447 2394 3500; x_wconf 78' lang='grc' dir='ltr'>καὶ</span> <span class='ocrx_word' id='word_1_608' title='bbox 2420 3445 2494 3516; x_wconf 83' lang='grc' dir='ltr'>μὴ</span> <span class='ocrx_word' id='word_1_609' title='bbox 2521 3448 2617 3516; x_wconf 84' lang='grc' dir='ltr'>τῆς</span> <span class='ocrx_word' id='word_1_610' title='bbox 2648 3444 2857 3508; x_wconf 80' lang='grc' dir='ltr'>οἰκείας</span> <span class='ocrx_word' id='word_1_611' title='bbox 2885 3445 3079 3514; x_wconf 78' lang='grc' dir='ltr'>ἐξέστη</span> <span class='ocrx_word' id='word_1_612' title='bbox 3102 3443 3365 3513; x_wconf 80' lang='grc' dir='ltr'>ἑκάτερον</span> <span class='ocrx_word' id='word_1_613' title='bbox 3387 3443 3625 3513; x_wconf 84' lang='grc' dir='ltr'>φύσεως.</span> 
     </span>
    </p>
   </div>
   <div class='ocr_carea' id='block_1_78' title="bbox 2039 3535 3624 3608">
    <p class='ocr_par' dir='ltr' id='par_1_78' title="bbox 2039 3535 3624 3608">
     <span class='ocr_line' id='line_1_78' title="bbox 2039 3535 3624 3608; baseline -0.003 -16"><span class='ocrx_word' id='word_1_614' title='bbox 2039 3541 2103 3592; x_wconf 85' lang='grc' dir='ltr'>Ὢ</span> <span class='ocrx_word' id='word_1_615' title='bbox 2133 3540 2224 3592; x_wconf 79' lang='grc' dir='ltr'>τοῦ</span> <span class='ocrx_word' id='word_1_616' title='bbox 2260 3538 2574 3608; x_wconf 85' lang='grc' dir='ltr'>θαύματοςί</span> <span class='ocrx_word' id='word_1_617' title='bbox 2631 3538 2747 3590; x_wconf 80' lang='grc' dir='ltr'>Οὐκ</span> <span class='ocrx_word' id='word_1_618' title='bbox 2795 3535 2998 3602; x_wconf 77' lang='grc' dir='ltr'>ἔξωθεν</span> <span class='ocrx_word' id='word_1_619' title='bbox 3050 3537 3083 3606; x_wconf 81' lang='grc' dir='ltr'>ἠ</span> <span class='ocrx_word' id='word_1_620' title='bbox 3125 3535 3252 3601; x_wconf 80' lang='grc' dir='ltr'>δόξα</span> <span class='ocrx_word' id='word_1_621' title='bbox 3289 3535 3368 3606; x_wconf 87' lang='grc' dir='ltr'>τῷ</span> <span class='ocrx_word' id='word_1_622' title='bbox 3414 3536 3624 3604; x_wconf 75' lang='grc' dir='ltr'>σώματι</span> 
     </span>
    </p>
   </div>
   <div class='ocr_carea' id='block_1_79' title="bbox 2036 3629 3622 3705">
    <p class='ocr_par' dir='ltr' id='par_1_79' title="bbox 2036 3629 3622 3705">
     <span class='ocr_line' id='line_1_79' title="bbox 2036 3629 3622 3705; baseline -0.003 -19"><span class='ocrx_word' id='word_1_623' title='bbox 2036 3633 2426 3705; x_wconf 86' lang='grc' dir='ltr'>προσεγένετο,</span> <span class='ocrx_word' id='word_1_624' title='bbox 2453 3631 2570 3685; x_wconf 85' lang='grc' dir='ltr'>ἀλλ’</span> <span class='ocrx_word' id='word_1_625' title='bbox 2596 3629 2810 3683; x_wconf 78' lang='grc' dir='ltr'>ἔνδοθεν</span> <span class='ocrx_word' id='word_1_626' title='bbox 2835 3630 2897 3681; x_wconf 88' lang='grc' dir='ltr'>ἐκ</span> <span class='ocrx_word' id='word_1_627' title='bbox 2929 3629 3025 3697; x_wconf 85' lang='grc' dir='ltr'>τῆς</span> <span class='ocrx_word' id='word_1_628' title='bbox 3057 3629 3285 3699; x_wconf 74' lang='grc' dir='ltr'>ἀρρήτῳ</span> <span class='ocrx_word' id='word_1_629' title='bbox 3320 3629 3464 3697; x_wconf 84' lang='grc' dir='ltr'>λόγῳ</span> <span class='ocrx_word' id='word_1_630' title='bbox 3489 3631 3622 3697; x_wconf 53' lang='grc' dir='ltr'>ἡλω-</span> 
     </span>
    </p>
   </div>
   <div class='ocr_carea' id='block_1_80' title="bbox 2043 3719 3622 3795">
    <p class='ocr_par' dir='ltr' id='par_1_80' title="bbox 2043 3719 3622 3795">
     <span class='ocr_line' id='line_1_80' title="bbox 2043 3719 3622 3795; baseline -0.004 -18"><span class='ocrx_word' id='word_1_631' title='bbox 2043 3725 2213 3795; x_wconf 89' lang='grc' dir='ltr'>μένης</span> <span class='ocrx_word' id='word_1_632' title='bbox 2253 3723 2404 3792; x_wconf 84' lang='grc' dir='ltr'>αὐτῷ</span> <span class='ocrx_word' id='word_1_633' title='bbox 2446 3722 2565 3775; x_wconf 82' lang='grc' dir='ltr'>καθ’</span> <span class='ocrx_word' id='word_1_634' title='bbox 2601 3722 2902 3774; x_wconf 87' lang='grc' dir='ltr'>ὑπόστασιν</span> <span class='ocrx_word' id='word_1_635' title='bbox 2957 3719 3049 3772; x_wconf 85' lang='grc' dir='ltr'>τοῦ</span> <span class='ocrx_word' id='word_1_636' title='bbox 3097 3719 3232 3772; x_wconf 77' lang='grc' dir='ltr'>Θεοῦ</span> <span class='ocrx_word' id='word_1_637' title='bbox 3262 3721 3436 3789; x_wconf 88' lang='grc' dir='ltr'>Λόγου</span> <span class='ocrx_word' id='word_1_638' title='bbox 3461 3720 3622 3790; x_wconf 66' lang='grc' dir='ltr'>ὑπερ.</span> 
     </span>
    </p>
   </div>
   <div class='ocr_carea' id='block_1_81' title="bbox 2038 3810 3623 3882">
    <p class='ocr_par' dir='ltr' id='par_1_81' title="bbox 2038 3810 3623 3882">
     <span class='ocr_line' id='line_1_81' title="bbox 2038 3810 3623 3882; baseline -0.003 -13"><span class='ocrx_word' id='word_1_639' title='bbox 2038 3816 2161 3869; x_wconf 86' lang='grc' dir='ltr'>θέου</span> <span class='ocrx_word' id='word_1_640' title='bbox 2195 3815 2474 3882; x_wconf 83' lang='grc' dir='ltr'>θεότητος.</span> <span class='ocrx_word' id='word_1_641' title='bbox 2512 3813 2620 3868; x_wconf 78' lang='grc' dir='ltr'>Καὶ</span> <span class='ocrx_word' id='word_1_642' title='bbox 2650 3813 2850 3866; x_wconf 62' lang='grc' dir='ltr'>πάλινη</span> <span class='ocrx_word' id='word_1_643' title='bbox 2889 3811 3052 3863; x_wconf 78' lang='grc' dir='ltr'>⁹Αλλά</span> <span class='ocrx_word' id='word_1_644' title='bbox 3079 3810 3279 3880; x_wconf 77' lang='grc' dir='ltr'>Μωσῆς</span> <span class='ocrx_word' id='word_1_645' title='bbox 3303 3813 3403 3882; x_wconf 82' lang='grc' dir='ltr'>μὲν</span> <span class='ocrx_word' id='word_1_646' title='bbox 3428 3810 3623 3876; x_wconf 71' lang='grc' dir='ltr'>ἔξωθεν</span> 
     </span>
    </p>
   </div>
   <div class='ocr_carea' id='block_1_82' title="bbox 2035 3905 3624 3978">
    <p class='ocr_par' dir='ltr' id='par_1_82' title="bbox 2035 3905 3624 3978">
     <span class='ocr_line' id='line_1_82' title="bbox 2035 3905 3624 3978; baseline 0.002 -19"><span class='ocrx_word' id='word_1_647' title='bbox 2035 3909 2134 3975; x_wconf 82' lang='grc' dir='ltr'>τῆς</span> <span class='ocrx_word' id='word_1_648' title='bbox 2167 3907 2327 3976; x_wconf 76' lang='grc' dir='ltr'>δόξης</span> <span class='ocrx_word' id='word_1_649' title='bbox 2366 3907 2808 3976; x_wconf 82' lang='grc' dir='ltr'>προσγινομένης</span> <span class='ocrx_word' id='word_1_650' title='bbox 2861 3905 3170 3970; x_wconf 75' lang='grc' dir='ltr'>δοξάζεται,</span> <span class='ocrx_word' id='word_1_651' title='bbox 3232 3909 3260 3959; x_wconf 87' lang='lat'>6</span> <span class='ocrx_word' id='word_1_652' title='bbox 3315 3907 3368 3959; x_wconf 82' lang='grc' dir='ltr'>δὲ</span> <span class='ocrx_word' id='word_1_653' title='bbox 3426 3908 3624 3978; x_wconf 69' lang='grc' dir='ltr'>Κύριος</span> 
     </span>
    </p>
   </div>
   <div class='ocr_carea' id='block_1_83' title="bbox 2050 3999 3623 4071">
    <p class='ocr_par' dir='ltr' id='par_1_83' title="bbox 2050 3999 3623 4071">
     <span class='ocr_line' id='line_1_83' title="bbox 2050 3999 3623 4071; baseline -0.001 -16"><span class='ocrx_word' id='word_1_654' title='bbox 2050 4001 2260 4070; x_wconf 86' lang='grc' dir='ltr'>Ἰησοῦς</span> <span class='ocrx_word' id='word_1_655' title='bbox 2294 4001 2394 4052; x_wconf 81' lang='grc' dir='ltr'>οὐκ</span> <span class='ocrx_word' id='word_1_656' title='bbox 2430 4001 2727 4070; x_wconf 77' lang='grc' dir='ltr'>ἐπίκτητον</span> <span class='ocrx_word' id='word_1_657' title='bbox 2756 4000 2881 4069; x_wconf 77' lang='grc' dir='ltr'>ἔσχε</span> <span class='ocrx_word' id='word_1_658' title='bbox 2920 4001 2980 4052; x_wconf 80' lang='lat'>1:6</span> <span class='ocrx_word' id='word_1_659' title='bbox 3020 3999 3117 4066; x_wconf 80' lang='grc' dir='ltr'>τῆς</span> <span class='ocrx_word' id='word_1_660' title='bbox 3146 3999 3305 4069; x_wconf 85' lang='grc' dir='ltr'>δόξης</span> <span class='ocrx_word' id='word_1_661' title='bbox 3347 4000 3623 4071; x_wconf 85' lang='grc' dir='ltr'>ὡράῖσμα,</span> 
     </span>
    </p>
   </div>
   <div class='ocr_carea' id='block_1_84' title="bbox 2035 4091 3622 4162">
    <p class='ocr_par' dir='ltr' id='par_1_84' title="bbox 2035 4091 3622 4162">
     <span class='ocr_line' id='line_1_84' title="bbox 2035 4091 3622 4162; baseline 0.002 -15"><span class='ocrx_word' id='word_1_662' title='bbox 2035 4093 2151 4148; x_wconf 75' lang='grc' dir='ltr'>ἀλλ’</span> <span class='ocrx_word' id='word_1_663' title='bbox 2181 4097 2242 4146; x_wconf 90' lang='grc' dir='ltr'>ἐκ</span> <span class='ocrx_word' id='word_1_664' title='bbox 2279 4092 2382 4162; x_wconf 71' lang='grc' dir='ltr'>τῆς</span> <span class='ocrx_word' id='word_1_665' title='bbox 2421 4091 2670 4162; x_wconf 77' lang='grc' dir='ltr'>ἐμφύτου</span> <span class='ocrx_word' id='word_1_666' title='bbox 2706 4095 2806 4162; x_wconf 83' lang='grc' dir='ltr'>τῆς</span> <span class='ocrx_word' id='word_1_667' title='bbox 2839 4092 2993 4156; x_wconf 87' lang='grc' dir='ltr'>θείας</span> <span class='ocrx_word' id='word_1_668' title='bbox 3030 4092 3186 4162; x_wconf 80' lang='grc' dir='ltr'>δόξης</span> <span class='ocrx_word' id='word_1_669' title='bbox 3216 4093 3622 4162; x_wconf 81' lang='grc' dir='ltr'>λαμπρότητος.</span> 
     </span>
    </p>
   </div>
   <div class='ocr_carea' id='block_1_85' title="bbox 2037 4185 3630 4257">
    <p class='ocr_par' dir='ltr' id='par_1_85' title="bbox 2037 4185 3630 4257">
     <span class='ocr_line' id='line_1_85' title="bbox 2037 4185 3630 4257; baseline 0.001 -18"><span class='ocrx_word' id='word_1_670' title='bbox 2037 4188 2148 4240; x_wconf 69' lang='grc' dir='ltr'>Καὶ</span> <span class='ocrx_word' id='word_1_671' title='bbox 2183 4187 2211 4239; x_wconf 83' lang='lat'>6</span> <span class='ocrx_word' id='word_1_672' title='bbox 2248 4186 2392 4248; x_wconf 88' lang='grc' dir='ltr'>θεῖος</span> <span class='ocrx_word' id='word_1_673' title='bbox 2424 4185 2481 4238; x_wconf 87' lang='grc' dir='ltr'>δέ</span> <span class='ocrx_word' id='word_1_674' title='bbox 2508 4186 2903 4255; x_wconf 75' lang='grc' dir='ltr'>Χρυσόστομος</span> <span class='ocrx_word' id='word_1_675' title='bbox 2949 4187 3006 4238; x_wconf 87' lang='grc' dir='ltr'>ὲν</span> <span class='ocrx_word' id='word_1_676' title='bbox 3031 4188 3096 4255; x_wconf 80' lang='grc' dir='ltr'>τῇ</span> <span class='ocrx_word' id='word_1_677' title='bbox 3136 4188 3273 4255; x_wconf 81' lang='grc' dir='ltr'>πρὸς</span> <span class='ocrx_word' id='word_1_678' title='bbox 3306 4186 3630 4257; x_wconf 85' lang='grc' dir='ltr'>Κορινθίους</span> 
     </span>
    </p>
   </div>
   <div class='ocr_carea' id='block_1_86' title="bbox 2035 4277 3630 4349">
    <p class='ocr_par' dir='ltr' id='par_1_86' title="bbox 2035 4277 3630 4349">
     <span class='ocr_line' id='line_1_86' title="bbox 2035 4277 3630 4349; baseline 0 -18"><span class='ocrx_word' id='word_1_679' title='bbox 2035 4280 2269 4349; x_wconf 76' lang='grc' dir='ltr'>δευτέρα</span> <span class='ocrx_word' id='word_1_680' title='bbox 2301 4277 2559 4346; x_wconf 79' lang='grc' dir='ltr'>ἐπιστολῇ</span> <span class='ocrx_word' id='word_1_681' title='bbox 2593 4277 2735 4329; x_wconf 80' lang='grc' dir='ltr'>οὓτω</span> <span class='ocrx_word' id='word_1_682' title='bbox 2758 4277 2907 4344; x_wconf 87' lang='grc' dir='ltr'>λέγει</span> <span class='ocrx_word' id='word_1_683' title='bbox 2934 4292 2948 4306; x_wconf 87' lang='grc'><strong>·</strong></span> <span class='ocrx_word' id='word_1_684' title='bbox 2997 4277 3192 4346; x_wconf 84' lang='grc' dir='ltr'>Ἡμεῖς</span> <span class='ocrx_word' id='word_1_685' title='bbox 3217 4277 3274 4330; x_wconf 80' lang='grc' dir='ltr'>δὲ</span> <span class='ocrx_word' id='word_1_686' title='bbox 3307 4279 3470 4332; x_wconf 77' lang='grc' dir='ltr'>πάλιν</span> <span class='ocrx_word' id='word_1_687' title='bbox 3495 4282 3630 4332; x_wconf 84' lang='grc' dir='ltr'>ἀνα-</span> 
     </span>
    </p>
   </div>
   <div class='ocr_carea' id='block_1_87' title="bbox 2037 4367 3632 4441">
    <p class='ocr_par' dir='ltr' id='par_1_87' title="bbox 2037 4367 3632 4441">
     <span class='ocr_line' id='line_1_87' title="bbox 2037 4367 3632 4441; baseline 0.001 -17"><span class='ocrx_word' id='word_1_688' title='bbox 2037 4370 2443 4440; x_wconf 84' lang='grc' dir='ltr'>κεκαλυμμένῳ</span> <span class='ocrx_word' id='word_1_689' title='bbox 2483 4369 2761 4441; x_wconf 78' lang='grc' dir='ltr'>προσώπῳ</span> <span class='ocrx_word' id='word_1_690' title='bbox 2777 4372 2877 4439; x_wconf 85' lang='grc' dir='ltr'>τὴν</span> <span class='ocrx_word' id='word_1_691' title='bbox 2904 4367 3062 4434; x_wconf 81' lang='grc' dir='ltr'>δόξαν</span> <span class='ocrx_word' id='word_1_692' title='bbox 3089 4371 3298 4440; x_wconf 85' lang='grc' dir='ltr'>Κυρίου</span> <span class='ocrx_word' id='word_1_693' title='bbox 3330 4388 3632 4440; x_wconf 73' lang='grc' dir='ltr'>κατοπτρι-</span> 
     </span>
    </p>
   </div>
   <div class='ocr_carea' id='block_1_88' title="bbox 2038 4463 3631 4534">
    <p class='ocr_par' dir='ltr' id='par_1_88' title="bbox 2038 4463 3631 4534">
     <span class='ocr_line' id='line_1_88' title="bbox 2038 4463 3631 4534; baseline 0.003 -21"><span class='ocrx_word' id='word_1_694' title='bbox 2038 4465 2280 4532; x_wconf 79' lang='grc' dir='ltr'>ζόμενοι,</span> <span class='ocrx_word' id='word_1_695' title='bbox 2337 4465 2436 4533; x_wconf 76' lang='grc' dir='ltr'>τὴν</span> <span class='ocrx_word' id='word_1_696' title='bbox 2491 4463 2662 4533; x_wconf 82' lang='grc' dir='ltr'>αὐτὴν</span> <span class='ocrx_word' id='word_1_697' title='bbox 2721 4463 2910 4516; x_wconf 82' lang='grc' dir='ltr'>εἰκόνα</span> <span class='ocrx_word' id='word_1_698' title='bbox 2962 4464 3470 4534; x_wconf 67' lang='grc' dir='ltr'>μεταμορφούμεθα</span> <span class='ocrx_word' id='word_1_699' title='bbox 3521 4467 3631 4518; x_wconf 81' lang='grc' dir='ltr'>ἀπὸ</span> 
     </span>
    </p>
   </div>
   <div class='ocr_carea' id='block_1_89' title="bbox 340 4553 3629 4629">
    <p class='ocr_par' dir='ltr' id='par_1_89' title="bbox 340 4553 3629 4629">
     <span class='ocr_line' id='line_1_89' title="bbox 340 4553 3629 4629; baseline 0.001 -19"><span class='ocrx_word' id='word_1_700' title='bbox 340 4555 437 4608; x_wconf 84' lang='grc' dir='ltr'>τοῦ</span> <span class='ocrx_word' id='word_1_701' title='bbox 472 4556 910 4626; x_wconf 79' lang='grc' dir='ltr'>συγγράμματα,</span> <span class='ocrx_word' id='word_1_702' title='bbox 965 4555 1062 4607; x_wconf 76' lang='grc' dir='ltr'>καὶ</span> <span class='ocrx_word' id='word_1_703' title='bbox 1101 4555 1200 4623; x_wconf 79' lang='grc' dir='ltr'>τὴν</span> <span class='ocrx_word' id='word_1_704' title='bbox 1248 4555 1518 4619; x_wconf 80' lang='grc' dir='ltr'>κακίστην</span> <span class='ocrx_word' id='word_1_705' title='bbox 1553 4553 1648 4607; x_wconf 74' lang='grc' dir='ltr'>καὶ</span> <span class='ocrx_word' id='word_1_706' title='bbox 1693 4553 1932 4621; x_wconf 67' lang='grc' dir='ltr'>δυσσεδῆ</span> <span class='ocrx_word' id='word_1_707' title='bbox 1958 4563 2005 4622; x_wconf 87' lang='grc' dir='ltr'>ι)</span> <span class='ocrx_word' id='word_1_708' title='bbox 2034 4559 2194 4629; x_wconf 80' lang='grc' dir='ltr'>δόξης</span> <span class='ocrx_word' id='word_1_709' title='bbox 2234 4561 2313 4618; x_wconf 84' lang='grc' dir='ltr'>εἰς</span> <span class='ocrx_word' id='word_1_710' title='bbox 2347 4557 2503 4622; x_wconf 81' lang='grc' dir='ltr'>δόξαν</span> <span class='ocrx_word' id='word_1_711' title='bbox 2537 4557 2790 4627; x_wconf 82' lang='grc' dir='ltr'>καθάπερ</span> <span class='ocrx_word' id='word_1_712' title='bbox 2847 4557 2957 4610; x_wconf 82' lang='grc' dir='ltr'>ἀπὸ</span> <span class='ocrx_word' id='word_1_713' title='bbox 3015 4557 3221 4622; x_wconf 84' lang='grc' dir='ltr'>Κυρίου</span> <span class='ocrx_word' id='word_1_714' title='bbox 3288 4559 3629 4628; x_wconf 71' lang='grc' dir='ltr'>Πνεῦματοζ.</span> 
     </span>
    </p>
   </div>
   <div class='ocr_carea' id='block_1_90' title="bbox 338 4645 1933 4721">
    <p class='ocr_par' dir='ltr' id='par_1_90' title="bbox 338 4645 1933 4721">
     <span class='ocr_line' id='line_1_90' title="bbox 338 4645 1933 4721; baseline -0.002 -21"><span class='ocrx_word' id='word_1_715' title='bbox 338 4647 521 4716; x_wconf 72' lang='grc' dir='ltr'>δόξαν,</span> <span class='ocrx_word' id='word_1_716' title='bbox 558 4650 652 4702; x_wconf 75' lang='grc' dir='ltr'>καὶ</span> <span class='ocrx_word' id='word_1_717' title='bbox 673 4647 956 4721; x_wconf 73' lang='grc' dir='ltr'>ἀνατρέψῃ</span> <span class='ocrx_word' id='word_1_718' title='bbox 980 4646 1151 4700; x_wconf 89' lang='grc' dir='ltr'>ταῦτα</span> <span class='ocrx_word' id='word_1_719' title='bbox 1175 4645 1347 4716; x_wconf 78' lang='grc' dir='ltr'>ἑτέρῳ</span> <span class='ocrx_word' id='word_1_720' title='bbox 1376 4645 1799 4714; x_wconf 69' lang='grc' dir='ltr'>ιωγγράμματι,</span> <span class='ocrx_word' id='word_1_721' title='bbox 1837 4645 1933 4698; x_wconf 73' lang='grc' dir='ltr'>καὶ</span> 
     </span>
    </p>
   </div>
   <div class='ocr_carea' id='block_1_91' title="bbox 339 4739 1933 4813">
    <p class='ocr_par' dir='ltr' id='par_1_91' title="bbox 339 4739 1933 4813">
     <span class='ocr_line' id='line_1_91' title="bbox 339 4739 1933 4813; baseline -0.003 -17"><span class='ocrx_word' id='word_1_722' title='bbox 339 4743 568 4813; x_wconf 88' lang='grc' dir='ltr'>γένηται</span> <span class='ocrx_word' id='word_1_723' title='bbox 595 4744 738 4796; x_wconf 69' lang='grc' dir='ltr'>κατὰ</span> <span class='ocrx_word' id='word_1_724' title='bbox 770 4743 950 4794; x_wconf 80' lang='grc' dir='ltr'>πάντα</span> <span class='ocrx_word' id='word_1_725' title='bbox 983 4741 1227 4809; x_wconf 82' lang='grc' dir='ltr'>ὑπήκοος</span> <span class='ocrx_word' id='word_1_726' title='bbox 1261 4742 1330 4810; x_wconf 80' lang='grc' dir='ltr'>τῇ</span> <span class='ocrx_word' id='word_1_727' title='bbox 1373 4739 1674 4808; x_wconf 67' lang='grc' dir='ltr'>Ἐκκλησία</span> <span class='ocrx_word' id='word_1_728' title='bbox 1709 4740 1785 4800; x_wconf 86' lang='grc' dir='ltr'>ὼς</span> <span class='ocrx_word' id='word_1_729' title='bbox 1826 4757 1933 4808; x_wconf 87' lang='grc' dir='ltr'>μα-</span> 
     </span>
    </p>
   </div>
   <div class='ocr_carea' id='block_1_92' title="bbox 340 4831 1936 4905">
    <p class='ocr_par' dir='ltr' id='par_1_92' title="bbox 340 4831 1936 4905">
     <span class='ocr_line' id='line_1_92' title="bbox 340 4831 1936 4905; baseline -0.003 -17"><span class='ocrx_word' id='word_1_730' title='bbox 340 4835 534 4905; x_wconf 77' lang='grc' dir='ltr'>θητὴς,</span> <span class='ocrx_word' id='word_1_731' title='bbox 568 4837 690 4889; x_wconf 87' lang='grc' dir='ltr'>τότε</span> <span class='ocrx_word' id='word_1_732' title='bbox 738 4835 835 4888; x_wconf 76' lang='grc' dir='ltr'>καὶ</span> <span class='ocrx_word' id='word_1_733' title='bbox 867 4835 922 4887; x_wconf 83' lang='grc' dir='ltr'>εἰ</span> <span class='ocrx_word' id='word_1_734' title='bbox 950 4852 1003 4887; x_wconf 93' lang='grc' dir='ltr'>τι</span> <span class='ocrx_word' id='word_1_735' title='bbox 1051 4835 1340 4900; x_wconf 78' lang='grc' dir='ltr'>ἀπορεῖται</span> <span class='ocrx_word' id='word_1_736' title='bbox 1385 4835 1512 4902; x_wconf 89' lang='grc' dir='ltr'>παρ’</span> <span class='ocrx_word' id='word_1_737' title='bbox 1550 4833 1740 4895; x_wconf 75' lang='grc' dir='ltr'>αὐτοῦ,</span> <span class='ocrx_word' id='word_1_738' title='bbox 1791 4831 1936 4884; x_wconf 63' lang='grc' dir='ltr'>έτοίς</span> 
     </span>
    </p>
   </div>
   <div class='ocr_carea' id='block_1_93' title="bbox 347 4923 1934 5000">
    <p class='ocr_par' dir='ltr' id='par_1_93' title="bbox 347 4923 1934 5000">
     <span class='ocr_line' id='line_1_93' title="bbox 347 4923 1934 5000; baseline -0.003 -19"><span class='ocrx_word' id='word_1_739' title='bbox 347 4947 466 4999; x_wconf 85' lang='grc' dir='ltr'>μως</span> <span class='ocrx_word' id='word_1_740' title='bbox 500 4929 696 5000; x_wconf 80' lang='grc' dir='ltr'>ἔχομεν</span> <span class='ocrx_word' id='word_1_741' title='bbox 735 4929 895 4998; x_wconf 78' lang='grc' dir='ltr'>ἡμεῖς</span> <span class='ocrx_word' id='word_1_742' title='bbox 939 4927 1048 4979; x_wconf 85' lang='grc' dir='ltr'>ἀπὸ</span> <span class='ocrx_word' id='word_1_743' title='bbox 1080 4927 1189 4978; x_wconf 89' lang='grc' dir='ltr'>τῶν</span> <span class='ocrx_word' id='word_1_744' title='bbox 1230 4925 1388 4977; x_wconf 73' lang='grc' dir='ltr'>θείων</span> <span class='ocrx_word' id='word_1_745' title='bbox 1419 4923 1655 4996; x_wconf 81' lang='grc' dir='ltr'>Γραφῶν</span> <span class='ocrx_word' id='word_1_746' title='bbox 1687 4923 1780 4977; x_wconf 75' lang='grc' dir='ltr'>καὶ</span> <span class='ocrx_word' id='word_1_747' title='bbox 1824 4925 1934 4976; x_wconf 85' lang='grc' dir='ltr'>τῶν</span> 
     </span>
    </p>
   </div>
   <div class='ocr_carea' id='block_1_94' title="bbox 341 5014 1932 5090">
    <p class='ocr_par' dir='ltr' id='par_1_94' title="bbox 341 5014 1932 5090">
     <span class='ocr_line' id='line_1_94' title="bbox 341 5014 1932 5090; baseline -0.004 -18"><span class='ocrx_word' id='word_1_748' title='bbox 341 5020 624 5090; x_wconf 81' lang='grc' dir='ltr'>θεοφόρων</span> <span class='ocrx_word' id='word_1_749' title='bbox 668 5020 932 5090; x_wconf 79' lang='grc' dir='ltr'>Πατέρων</span> <span class='ocrx_word' id='word_1_750' title='bbox 985 5017 1079 5071; x_wconf 76' lang='grc' dir='ltr'>καὶ</span> <span class='ocrx_word' id='word_1_751' title='bbox 1127 5015 1466 5069; x_wconf 79' lang='grc' dir='ltr'>διδασκάλων</span> <span class='ocrx_word' id='word_1_752' title='bbox 1521 5016 1680 5085; x_wconf 84' lang='grc' dir='ltr'>ἡμῶν</span> <span class='ocrx_word' id='word_1_753' title='bbox 1733 5014 1932 5085; x_wconf 72' lang='grc' dir='ltr'>ῥαδίως</span> 
     </span>
    </p>
   </div>
   <div class='ocr_carea' id='block_1_95' title="bbox 338 5107 1934 5183">
    <p class='ocr_par' dir='ltr' id='par_1_95' title="bbox 338 5107 1934 5183">
     <span class='ocr_line' id='line_1_95' title="bbox 338 5107 1934 5183; baseline -0.004 -20"><span class='ocrx_word' id='word_1_754' title='bbox 338 5113 630 5183; x_wconf 75' lang='grc' dir='ltr'>ἐπιφέρειν</span> <span class='ocrx_word' id='word_1_755' title='bbox 659 5112 756 5182; x_wconf 84' lang='grc' dir='ltr'>τὴν</span> <span class='ocrx_word' id='word_1_756' title='bbox 798 5111 1050 5165; x_wconf 87' lang='grc' dir='ltr'>λύσιν.Ὀ</span> <span class='ocrx_word' id='word_1_757' title='bbox 1074 5110 1150 5172; x_wconf 83' lang='grc' dir='ltr'>δὲ,</span> <span class='ocrx_word' id='word_1_758' title='bbox 1185 5108 1421 5174; x_wconf 85' lang='grc' dir='ltr'>ἀκούων,</span> <span class='ocrx_word' id='word_1_759' title='bbox 1451 5108 1573 5161; x_wconf 79' lang='grc' dir='ltr'>οὐδὲ</span> <span class='ocrx_word' id='word_1_760' title='bbox 1602 5107 1934 5176; x_wconf 85' lang='grc' dir='ltr'>παρεδέχετο</span> 
     </span>
    </p>
   </div>
   <div class='ocr_carea' id='block_1_96' title="bbox 336 5198 1932 5274">
    <p class='ocr_par' dir='ltr' id='par_1_96' title="bbox 336 5198 1932 5274">
     <span class='ocr_line' id='line_1_96' title="bbox 336 5198 1932 5274; baseline -0.004 -17"><span class='ocrx_word' id='word_1_761' title='bbox 336 5204 533 5270; x_wconf 80' lang='grc' dir='ltr'>ταῦτα,</span> <span class='ocrx_word' id='word_1_762' title='bbox 569 5204 685 5258; x_wconf 84' lang='grc' dir='ltr'>ἀλλ’</span> <span class='ocrx_word' id='word_1_763' title='bbox 750 5205 990 5274; x_wconf 77' lang='grc' dir='ltr'>ἰσχυρῶς</span> <span class='ocrx_word' id='word_1_764' title='bbox 1048 5203 1330 5257; x_wconf 86' lang='grc' dir='ltr'>ἀντέκειτο</span> <span class='ocrx_word' id='word_1_765' title='bbox 1369 5201 1529 5254; x_wconf 88' lang='grc' dir='ltr'>λύσιν</span> <span class='ocrx_word' id='word_1_766' title='bbox 1581 5199 1785 5263; x_wconf 77' lang='grc' dir='ltr'>ζητῶν,</span> <span class='ocrx_word' id='word_1_767' title='bbox 1837 5198 1932 5252; x_wconf 76' lang='grc' dir='ltr'>καὶ</span> 
     </span>
    </p>
   </div>
   <div class='ocr_carea' id='block_1_97' title="bbox 337 5289 1932 5364">
    <p class='ocr_par' dir='ltr' id='par_1_97' title="bbox 337 5289 1932 5364">
     <span class='ocr_line' id='line_1_97' title="bbox 337 5289 1932 5364; baseline -0.004 -14"><span class='ocrx_word' id='word_1_768' title='bbox 337 5297 816 5364; x_wconf 84' lang='grc' dir='ltr'>ἀναγινώσκεσθαι</span> <span class='ocrx_word' id='word_1_769' title='bbox 862 5297 1111 5351; x_wconf 86' lang='grc' dir='ltr'>ἀπαιτῶν</span> <span class='ocrx_word' id='word_1_770' title='bbox 1148 5300 1344 5350; x_wconf 78' lang='grc' dir='ltr'>ταῦτα.</span> <span class='ocrx_word' id='word_1_771' title='bbox 1387 5294 1477 5356; x_wconf 84' lang='grc' dir='ltr'>Ὠς</span> <span class='ocrx_word' id='word_1_772' title='bbox 1514 5289 1608 5346; x_wconf 77' lang='grc' dir='ltr'>οὖν</span> <span class='ocrx_word' id='word_1_773' title='bbox 1664 5293 1932 5360; x_wconf 86' lang='grc' dir='ltr'>ἀνεγινώ-</span> 
     </span>
    </p>
   </div>
   <div class='ocr_carea' id='block_1_98' title="bbox 338 5387 1932 5459">
    <p class='ocr_par' dir='ltr' id='par_1_98' title="bbox 338 5387 1932 5459">
     <span class='ocr_line' id='line_1_98' title="bbox 338 5387 1932 5459; baseline -0.004 -16"><span class='ocrx_word' id='word_1_774' title='bbox 338 5408 557 5456; x_wconf 89' lang='grc' dir='ltr'>σκοντο,</span> <span class='ocrx_word' id='word_1_775' title='bbox 605 5390 700 5442; x_wconf 79' lang='grc' dir='ltr'>καὶ</span> <span class='ocrx_word' id='word_1_776' title='bbox 749 5390 1000 5459; x_wconf 83' lang='grc' dir='ltr'>φανερῶς</span> <span class='ocrx_word' id='word_1_777' title='bbox 1055 5390 1337 5456; x_wconf 78' lang='grc' dir='ltr'>ἐφαίνοντο</span> <span class='ocrx_word' id='word_1_778' title='bbox 1385 5388 1705 5446; x_wconf 76' lang='grc' dir='ltr'>δυσσεϐείας</span> <span class='ocrx_word' id='word_1_779' title='bbox 1748 5387 1932 5456; x_wconf 81' lang='grc' dir='ltr'>πάσης</span> 
     </span>
    </p>
   </div>
   <div class='ocr_carea' id='block_1_99' title="bbox 342 5479 1928 5553">
    <p class='ocr_par' dir='ltr' id='par_1_99' title="bbox 342 5479 1928 5553">
     <span class='ocr_line' id='line_1_99' title="bbox 342 5479 1928 5553; baseline 0 -21"><span class='ocrx_word' id='word_1_780' title='bbox 342 5484 558 5553; x_wconf 80' lang='grc' dir='ltr'>μεστὰ,</span> <span class='ocrx_word' id='word_1_781' title='bbox 609 5481 704 5534; x_wconf 75' lang='grc' dir='ltr'>καὶ</span> <span class='ocrx_word' id='word_1_782' title='bbox 750 5480 1264 5550; x_wconf 81' lang='grc' dir='ltr'>ἁναθεματιζόμενα</span> <span class='ocrx_word' id='word_1_783' title='bbox 1322 5481 1565 5550; x_wconf 87' lang='grc' dir='ltr'>συνεχῶς</span> <span class='ocrx_word' id='word_1_784' title='bbox 1621 5479 1774 5548; x_wconf 84' lang='grc' dir='ltr'>παρὰ</span> <span class='ocrx_word' id='word_1_785' title='bbox 1829 5480 1928 5548; x_wconf 72' lang='grc' dir='ltr'>τῆς</span> 
     </span>
    </p>
   </div>
   <div class='ocr_carea' id='block_1_100' title="bbox 337 5569 1928 5642">
    <p class='ocr_par' dir='ltr' id='par_1_100' title="bbox 337 5569 1928 5642">
     <span class='ocr_line' id='line_1_100' title="bbox 337 5569 1928 5642; baseline -0.002 -15"><span class='ocrx_word' id='word_1_786' title='bbox 337 5575 493 5637; x_wconf 83' lang='grc' dir='ltr'>θείας</span> <span class='ocrx_word' id='word_1_787' title='bbox 525 5574 769 5638; x_wconf 81' lang='grc' dir='ltr'>συνόδου,</span> <span class='ocrx_word' id='word_1_788' title='bbox 822 5575 984 5638; x_wconf 70' lang='grc' dir='ltr'>αὐτὸς</span> <span class='ocrx_word' id='word_1_789' title='bbox 1031 5573 1359 5628; x_wconf 74' lang='grc' dir='ltr'>καὶτούτων</span> <span class='ocrx_word' id='word_1_790' title='bbox 1395 5574 1514 5626; x_wconf 88' lang='grc' dir='ltr'>λίαν</span> <span class='ocrx_word' id='word_1_791' title='bbox 1557 5569 1626 5642; x_wconf 84' lang='grc' dir='ltr'>ἦν</span> <span class='ocrx_word' id='word_1_792' title='bbox 1674 5573 1928 5642; x_wconf 76' lang='grc' dir='ltr'>ὑπερμα-</span> 
     </span>
    </p>
   </div>
   <div class='ocr_carea' id='block_1_101' title="bbox 335 5664 1930 5738">
    <p class='ocr_par' dir='ltr' id='par_1_101' title="bbox 335 5664 1930 5738">
     <span class='ocr_line' id='line_1_101' title="bbox 335 5664 1930 5738; baseline 0.013 -22"><span class='ocrx_word' id='word_1_793' title='bbox 335 5665 452 5736; x_wconf 78' lang='grc' dir='ltr'>χῶν</span> <span class='ocrx_word' id='word_1_794' title='bbox 486 5667 579 5720; x_wconf 77' lang='grc' dir='ltr'>καὶ</span> <span class='ocrx_word' id='word_1_795' title='bbox 604 5672 669 5738; x_wconf 75' lang='grc' dir='ltr'>τῇ</span> <span class='ocrx_word' id='word_1_796' title='bbox 701 5667 906 5721; x_wconf 74' lang='grc' dir='ltr'>τούτων</span> <span class='ocrx_word' id='word_1_797' title='bbox 936 5669 1232 5722; x_wconf 82' lang='grc' dir='ltr'>καταλύσει</span> <span class='ocrx_word' id='word_1_798' title='bbox 1268 5667 1624 5736; x_wconf 76' lang='grc' dir='ltr'>δακνόμενος·</span> <span class='ocrx_word' id='word_1_799' title='bbox 1662 5665 1795 5735; x_wconf 69' lang='grc' dir='ltr'>Περὶ</span> <span class='ocrx_word' id='word_1_800' title='bbox 1831 5664 1930 5734; x_wconf 62' lang='grc' dir='ltr'>μὲν</span> 
     </span>
    </p>
   </div>
   <div class='ocr_carea' id='block_1_102' title="bbox 333 5756 1929 5832">
    <p class='ocr_par' dir='ltr' id='par_1_102' title="bbox 333 5756 1929 5832">
     <span class='ocr_line' id='line_1_102' title="bbox 333 5756 1929 5832; baseline -0.002 -20"><span class='ocrx_word' id='word_1_801' title='bbox 333 5756 434 5812; x_wconf 71' lang='grc' dir='ltr'>οὖν</span> <span class='ocrx_word' id='word_1_802' title='bbox 461 5762 553 5813; x_wconf 80' lang='grc' dir='ltr'>τοῦ</span> <span class='ocrx_word' id='word_1_803' title='bbox 589 5761 865 5815; x_wconf 76' lang='grc' dir='ltr'>θειοτάτου</span> <span class='ocrx_word' id='word_1_804' title='bbox 916 5765 1015 5832; x_wconf 70' lang='grc' dir='ltr'>τῆς</span> <span class='ocrx_word' id='word_1_805' title='bbox 1066 5762 1550 5832; x_wconf 74' lang='grc' dir='ltr'>μεταμορφώσεως</span> <span class='ocrx_word' id='word_1_806' title='bbox 1595 5760 1774 5828; x_wconf 78' lang='grc' dir='ltr'>φωτὸς</span> <span class='ocrx_word' id='word_1_807' title='bbox 1811 5759 1929 5810; x_wconf 87' lang='grc' dir='ltr'>θεο·</span> 
     </span>
    </p>
   </div>
   <div class='ocr_carea' id='block_1_103' title="bbox 335 5851 1924 5925">
    <p class='ocr_par' dir='ltr' id='par_1_103' title="bbox 335 5851 1924 5925">
     <span class='ocr_line' id='line_1_103' title="bbox 335 5851 1924 5925; baseline -0.001 -21"><span class='ocrx_word' id='word_1_808' title='bbox 335 5853 555 5924; x_wconf 86' lang='grc' dir='ltr'>μαχῶν,</span> <span class='ocrx_word' id='word_1_809' title='bbox 601 5855 697 5909; x_wconf 70' lang='grc' dir='ltr'>καὶ</span> <span class='ocrx_word' id='word_1_810' title='bbox 746 5855 962 5908; x_wconf 84' lang='grc' dir='ltr'>κτιστὸν</span> <span class='ocrx_word' id='word_1_811' title='bbox 1008 5855 1140 5909; x_wconf 71' lang='grc' dir='ltr'>αὐτὸ</span> <span class='ocrx_word' id='word_1_812' title='bbox 1170 5854 1342 5919; x_wconf 73' lang='grc' dir='ltr'>δεῖξαι</span> <span class='ocrx_word' id='word_1_813' title='bbox 1399 5853 1750 5925; x_wconf 78' lang='grc' dir='ltr'>βουλόμενος,</span> <span class='ocrx_word' id='word_1_814' title='bbox 1787 5851 1924 5924; x_wconf 80' lang='grc' dir='ltr'>πρὸς</span> 
     </span>
    </p>
   </div>
   <div class='ocr_carea' id='block_1_104' title="bbox 2040 4651 3625 4726">
    <p class='ocr_par' dir='ltr' id='par_1_104' title="bbox 2040 4651 3625 4726">
     <span class='ocr_line' id='line_1_104' title="bbox 2040 4651 3625 4726; baseline 0.003 -21"><span class='ocrx_word' id='word_1_815' title='bbox 2040 4655 2148 4706; x_wconf 78' lang='grc' dir='ltr'>Καὶ</span> <span class='ocrx_word' id='word_1_816' title='bbox 2172 4652 2290 4720; x_wconf 85' lang='grc' dir='ltr'>μετ’</span> <span class='ocrx_word' id='word_1_817' title='bbox 2321 4653 2502 4721; x_wconf 82' lang='grc' dir='ltr'>ὀλίγον</span> <span class='ocrx_word' id='word_1_818' title='bbox 2529 4666 2541 4680; x_wconf 92' lang='grc'><strong>·</strong></span> <span class='ocrx_word' id='word_1_819' title='bbox 2571 4651 2636 4702; x_wconf 89' lang='grc' dir='ltr'>Τί</span> <span class='ocrx_word' id='word_1_820' title='bbox 2661 4651 2718 4704; x_wconf 90' lang='grc' dir='ltr'>δέ</span> <span class='ocrx_word' id='word_1_821' title='bbox 2739 4654 2875 4720; x_wconf 87' lang='grc' dir='ltr'>ἐστι,</span> <span class='ocrx_word' id='word_1_822' title='bbox 2901 4652 3014 4723; x_wconf 84' lang='grc' dir='ltr'>Τὴν</span> <span class='ocrx_word' id='word_1_823' title='bbox 3035 4653 3192 4718; x_wconf 82' lang='grc' dir='ltr'>δόξαν</span> <span class='ocrx_word' id='word_1_824' title='bbox 3216 4655 3422 4726; x_wconf 84' lang='grc' dir='ltr'>Κυρίου</span> <span class='ocrx_word' id='word_1_825' title='bbox 3456 4673 3625 4710; x_wconf 77' lang='grc' dir='ltr'>κατο-</span> 
     </span>
    </p>
   </div>
   <div class='ocr_carea' id='block_1_105' title="bbox 2035 4743 3618 4819">
    <p class='ocr_par' dir='ltr' id='par_1_105' title="bbox 2035 4743 3618 4819">
     <span class='ocr_line' id='line_1_105' title="bbox 2035 4743 3618 4819; baseline 0.004 -22"><span class='ocrx_word' id='word_1_826' title='bbox 2035 4745 2392 4814; x_wconf 80' lang='grc' dir='ltr'>πτριζόμενοι</span> <span class='ocrx_word' id='word_1_827' title='bbox 2447 4743 2547 4815; x_wconf 81' lang='grc' dir='ltr'>τὴν</span> <span class='ocrx_word' id='word_1_828' title='bbox 2615 4743 2786 4814; x_wconf 82' lang='grc' dir='ltr'>αὐτὴν</span> <span class='ocrx_word' id='word_1_829' title='bbox 2850 4746 3037 4799; x_wconf 84' lang='grc' dir='ltr'>εἰκόνα</span> <span class='ocrx_word' id='word_1_830' title='bbox 3092 4748 3618 4819; x_wconf 82' lang='grc' dir='ltr'>μεταμορφούμεθα,</span> 
     </span>
    </p>
   </div>
   <div class='ocr_carea' id='block_1_106' title="bbox 2037 4836 3623 4910">
    <p class='ocr_par' dir='ltr' id='par_1_106' title="bbox 2037 4836 3623 4910">
     <span class='ocr_line' id='line_1_106' title="bbox 2037 4836 3623 4910; baseline 0.003 -19"><span class='ocrx_word' id='word_1_831' title='bbox 2037 4838 2374 4909; x_wconf 85' lang='grc' dir='ltr'>σαφέστερον</span> <span class='ocrx_word' id='word_1_832' title='bbox 2409 4836 2509 4907; x_wconf 79' lang='grc' dir='ltr'>μὲν</span> <span class='ocrx_word' id='word_1_833' title='bbox 2538 4836 2698 4890; x_wconf 81' lang='grc' dir='ltr'>τοῦτο</span> <span class='ocrx_word' id='word_1_834' title='bbox 2720 4837 3014 4900; x_wconf 82' lang='grc' dir='ltr'>ἐδείκνυτο,</span> <span class='ocrx_word' id='word_1_835' title='bbox 3041 4837 3206 4907; x_wconf 80' lang='grc' dir='ltr'>ἡνίκα</span> <span class='ocrx_word' id='word_1_836' title='bbox 3231 4841 3342 4892; x_wconf 87' lang='grc' dir='ltr'>τῶν</span> <span class='ocrx_word' id='word_1_837' title='bbox 3378 4843 3623 4910; x_wconf 84' lang='grc' dir='ltr'>σημείων</span> 
     </span>
    </p>
   </div>
   <div class='ocr_carea' id='block_1_107' title="bbox 2034 4928 3625 5000">
    <p class='ocr_par' dir='ltr' id='par_1_107' title="bbox 2034 4928 3625 5000">
     <span class='ocr_line' id='line_1_107' title="bbox 2034 4928 3625 5000; baseline 0.003 -18"><span class='ocrx_word' id='word_1_838' title='bbox 2034 4929 2102 4982; x_wconf 82' lang='grc' dir='ltr'>τὰ</span> <span class='ocrx_word' id='word_1_839' title='bbox 2123 4931 2438 5000; x_wconf 87' lang='grc' dir='ltr'>χαρίσματα</span> <span class='ocrx_word' id='word_1_840' title='bbox 2471 4928 2717 4999; x_wconf 77' lang='grc' dir='ltr'>ἐνήργει,</span> <span class='ocrx_word' id='word_1_841' title='bbox 2751 4929 2891 4999; x_wconf 80' lang='grc' dir='ltr'>πλὴν</span> <span class='ocrx_word' id='word_1_842' title='bbox 2920 4929 3042 4982; x_wconf 77' lang='grc' dir='ltr'>οὐδὲ</span> <span class='ocrx_word' id='word_1_843' title='bbox 3075 4930 3170 4983; x_wconf 89' lang='grc' dir='ltr'>νῦν</span> <span class='ocrx_word' id='word_1_844' title='bbox 3202 4931 3466 4985; x_wconf 81' lang='grc' dir='ltr'>δύσκολον</span> <span class='ocrx_word' id='word_1_845' title='bbox 3490 4935 3625 4986; x_wconf 70' lang='grc' dir='ltr'>αὐτὸ</span> 
     </span>
    </p>
   </div>
   <div class='ocr_carea' id='block_1_108' title="bbox 2035 5021 3626 5098">
    <p class='ocr_par' dir='ltr' id='par_1_108' title="bbox 2035 5021 3626 5098">
     <span class='ocr_line' id='line_1_108' title="bbox 2035 5021 3626 5098; baseline 0.003 -23"><span class='ocrx_word' id='word_1_846' title='bbox 2035 5022 2298 5086; x_wconf 83' lang='grc' dir='ltr'>κατιδεῖν,</span> <span class='ocrx_word' id='word_1_847' title='bbox 2354 5022 2580 5084; x_wconf 74' lang='grc' dir='ltr'>πιστοὺς</span> <span class='ocrx_word' id='word_1_848' title='bbox 2633 5021 2950 5092; x_wconf 83' lang='grc' dir='ltr'>ὀφθαλμοὺς</span> <span class='ocrx_word' id='word_1_849' title='bbox 2982 5022 3182 5094; x_wconf 75' lang='grc' dir='ltr'>ἔχοντι.</span> <span class='ocrx_word' id='word_1_850' title='bbox 3226 5023 3397 5095; x_wconf 88' lang='grc' dir='ltr'>Ὀμοῦ</span> <span class='ocrx_word' id='word_1_851' title='bbox 3429 5043 3486 5078; x_wconf 83' lang='grc' dir='ltr'>τε</span> <span class='ocrx_word' id='word_1_852' title='bbox 3514 5030 3626 5098; x_wconf 83' lang='grc' dir='ltr'>γὰρ</span> 
     </span>
    </p>
   </div>
   <div class='ocr_carea' id='block_1_109' title="bbox 2037 5114 3626 5189">
    <p class='ocr_par' dir='ltr' id='par_1_109' title="bbox 2037 5114 3626 5189">
     <span class='ocr_line' id='line_1_109' title="bbox 2037 5114 3626 5189; baseline 0.004 -24"><span class='ocrx_word' id='word_1_853' title='bbox 2037 5114 2436 5184; x_wconf 77' lang='grc' dir='ltr'>βαπτιζόμεθα,</span> <span class='ocrx_word' id='word_1_854' title='bbox 2474 5117 2564 5168; x_wconf 73' lang='grc' dir='ltr'>καί</span> <span class='ocrx_word' id='word_1_855' title='bbox 2600 5115 2739 5184; x_wconf 83' lang='grc' dir='ltr'>ὑπὲρ</span> <span class='ocrx_word' id='word_1_856' title='bbox 2764 5116 2855 5169; x_wconf 84' lang='grc' dir='ltr'>τὸν</span> <span class='ocrx_word' id='word_1_857' title='bbox 2878 5115 3030 5186; x_wconf 78' lang='grc' dir='ltr'>ἥλιον</span> <span class='ocrx_word' id='word_1_858' title='bbox 3060 5120 3090 5184; x_wconf 77' lang='grc' dir='ltr'>ἡ</span> <span class='ocrx_word' id='word_1_859' title='bbox 3133 5117 3280 5188; x_wconf 61' lang='grc' dir='ltr'>ψυχὴ</span> <span class='ocrx_word' id='word_1_860' title='bbox 3309 5117 3516 5186; x_wconf 86' lang='grc' dir='ltr'>λάμπει</span> <span class='ocrx_word' id='word_1_861' title='bbox 3546 5121 3626 5189; x_wconf 83' lang='grc' dir='ltr'>τῷ</span> 
     </span>
    </p>
   </div>
   <div class='ocr_carea' id='block_1_110' title="bbox 2038 5205 3627 5280">
    <p class='ocr_par' dir='ltr' id='par_1_110' title="bbox 2038 5205 3627 5280">
     <span class='ocr_line' id='line_1_110' title="bbox 2038 5205 3627 5280; baseline 0.003 -21"><span class='ocrx_word' id='word_1_862' title='bbox 2038 5207 2317 5276; x_wconf 87' lang='grc' dir='ltr'>Πνεύματι</span> <span class='ocrx_word' id='word_1_863' title='bbox 2371 5207 2768 5277; x_wconf 79' lang='grc' dir='ltr'>καθαιρομένη.</span> <span class='ocrx_word' id='word_1_864' title='bbox 2827 5209 2935 5261; x_wconf 76' lang='grc' dir='ltr'>Καὶ</span> <span class='ocrx_word' id='word_1_865' title='bbox 2984 5209 3045 5262; x_wconf 85' lang='grc' dir='ltr'>οὐ</span> <span class='ocrx_word' id='word_1_866' title='bbox 3081 5209 3244 5279; x_wconf 86' lang='grc' dir='ltr'>μόνον</span> <span class='ocrx_word' id='word_1_867' title='bbox 3297 5205 3517 5280; x_wconf 77' lang='grc' dir='ltr'>δρῶμεν</span> <span class='ocrx_word' id='word_1_868' title='bbox 3546 5215 3627 5275; x_wconf 82' lang='grc' dir='ltr'>εἰς</span> 
     </span>
    </p>
   </div>
   <div class='ocr_carea' id='block_1_111' title="bbox 2033 5301 3625 5374">
    <p class='ocr_par' dir='ltr' id='par_1_111' title="bbox 2033 5301 3625 5374">
     <span class='ocr_line' id='line_1_111' title="bbox 2033 5301 3625 5374; baseline 0.004 -22"><span class='ocrx_word' id='word_1_869' title='bbox 2033 5302 2130 5372; x_wconf 81' lang='grc' dir='ltr'>τὴν</span> <span class='ocrx_word' id='word_1_870' title='bbox 2156 5301 2318 5366; x_wconf 81' lang='grc' dir='ltr'>δόξαν</span> <span class='ocrx_word' id='word_1_871' title='bbox 2341 5301 2437 5354; x_wconf 84' lang='grc' dir='ltr'>τοῦ</span> <span class='ocrx_word' id='word_1_872' title='bbox 2469 5301 2627 5362; x_wconf 86' lang='grc' dir='ltr'>Θεοῦ,</span> <span class='ocrx_word' id='word_1_873' title='bbox 2661 5302 2795 5354; x_wconf 73' lang='grc' dir='ltr'>ἀλλὰ</span> <span class='ocrx_word' id='word_1_874' title='bbox 2823 5304 2916 5356; x_wconf 79' lang='grc' dir='ltr'>καὶ</span> <span class='ocrx_word' id='word_1_875' title='bbox 2948 5304 3160 5356; x_wconf 86' lang='grc' dir='ltr'>ἐκεῖθεν</span> <span class='ocrx_word' id='word_1_876' title='bbox 3206 5303 3478 5374; x_wconf 85' lang='grc' dir='ltr'>δεχόμεθα</span> <span class='ocrx_word' id='word_1_877' title='bbox 3503 5306 3625 5358; x_wconf 80' lang='grc' dir='ltr'>τινὰ</span> 
     </span>
    </p>
   </div>
   <div class='ocr_carea' id='block_1_112' title="bbox 2033 5394 3624 5468">
    <p class='ocr_par' dir='ltr' id='par_1_112' title="bbox 2033 5394 3624 5468">
     <span class='ocr_line' id='line_1_112' title="bbox 2033 5394 3624 5468; baseline 0.003 -22"><span class='ocrx_word' id='word_1_878' title='bbox 2033 5394 2252 5465; x_wconf 83' lang='grc' dir='ltr'>αἴγλην.</span> <span class='ocrx_word' id='word_1_879' title='bbox 2315 5395 2529 5464; x_wconf 77' lang='grc' dir='ltr'>Ὠσπερ</span> <span class='ocrx_word' id='word_1_880' title='bbox 2557 5395 2665 5464; x_wconf 80' lang='grc' dir='ltr'>γὰρ</span> <span class='ocrx_word' id='word_1_881' title='bbox 2721 5397 2770 5448; x_wconf 90' lang='grc' dir='ltr'>εἰ</span> <span class='ocrx_word' id='word_1_882' title='bbox 2804 5395 3045 5466; x_wconf 68' lang='grc' dir='ltr'>ἄργυρος</span> <span class='ocrx_word' id='word_1_883' title='bbox 3090 5395 3331 5466; x_wconf 84' lang='grc' dir='ltr'>καθαρὸς</span> <span class='ocrx_word' id='word_1_884' title='bbox 3359 5395 3494 5468; x_wconf 79' lang='grc' dir='ltr'>πρὸς</span> <span class='ocrx_word' id='word_1_885' title='bbox 3525 5399 3624 5460; x_wconf 75' lang='grc' dir='ltr'>τὰς</span> 
     </span>
    </p>
   </div>
   <div class='ocr_carea' id='block_1_113' title="bbox 2032 5486 3624 5558">
    <p class='ocr_par' dir='ltr' id='par_1_113' title="bbox 2032 5486 3624 5558">
     <span class='ocr_line' id='line_1_113' title="bbox 2032 5486 3624 5558; baseline 0.001 -19"><span class='ocrx_word' id='word_1_886' title='bbox 2032 5487 2263 5549; x_wconf 85' lang='grc' dir='ltr'>ἀκτῖνας</span> <span class='ocrx_word' id='word_1_887' title='bbox 2287 5486 2537 5555; x_wconf 86' lang='grc' dir='ltr'>κείμενο;</span> <span class='ocrx_word' id='word_1_888' title='bbox 2568 5490 2662 5540; x_wconf 72' lang='grc' dir='ltr'>καὶ</span> <span class='ocrx_word' id='word_1_889' title='bbox 2689 5487 2850 5552; x_wconf 79' lang='grc' dir='ltr'>αὐτὸς</span> <span class='ocrx_word' id='word_1_890' title='bbox 2881 5489 3106 5551; x_wconf 84' lang='grc' dir='ltr'>ἀκτῖνας</span> <span class='ocrx_word' id='word_1_891' title='bbox 3137 5489 3500 5558; x_wconf 78' lang='grc' dir='ltr'>ἐκπέμψειεν,</span> <span class='ocrx_word' id='word_1_892' title='bbox 3525 5491 3624 5541; x_wconf 73' lang='grc' dir='ltr'>οὐκ</span> 
     </span>
    </p>
   </div>
   <div class='ocr_carea' id='block_1_114' title="bbox 2032 5578 3624 5652">
    <p class='ocr_par' dir='ltr' id='par_1_114' title="bbox 2032 5578 3624 5652">
     <span class='ocr_line' id='line_1_114' title="bbox 2032 5578 3624 5652; baseline 0.002 -21"><span class='ocrx_word' id='word_1_893' title='bbox 2032 5579 2144 5632; x_wconf 82' lang='grc' dir='ltr'>ἀπὸ</span> <span class='ocrx_word' id='word_1_894' title='bbox 2183 5580 2281 5646; x_wconf 80' lang='grc' dir='ltr'>τῆς</span> <span class='ocrx_word' id='word_1_895' title='bbox 2319 5579 2526 5644; x_wconf 81' lang='grc' dir='ltr'>οἰκείας</span> <span class='ocrx_word' id='word_1_896' title='bbox 2593 5578 2811 5649; x_wconf 86' lang='grc' dir='ltr'>φύσεως</span> <span class='ocrx_word' id='word_1_897' title='bbox 2844 5580 3027 5650; x_wconf 87' lang='grc' dir='ltr'>μόνον,</span> <span class='ocrx_word' id='word_1_898' title='bbox 3075 5581 3214 5633; x_wconf 73' lang='grc' dir='ltr'>ἀλλὰ</span> <span class='ocrx_word' id='word_1_899' title='bbox 3246 5582 3340 5636; x_wconf 76' lang='grc' dir='ltr'>καὶ</span> <span class='ocrx_word' id='word_1_900' title='bbox 3377 5583 3485 5635; x_wconf 83' lang='grc' dir='ltr'>ἀπὸ</span> <span class='ocrx_word' id='word_1_901' title='bbox 3525 5583 3624 5652; x_wconf 84' lang='grc' dir='ltr'>τῆς</span> 
     </span>
    </p>
   </div>
   <div class='ocr_carea' id='block_1_115' title="bbox 2031 5671 3626 5746">
    <p class='ocr_par' dir='ltr' id='par_1_115' title="bbox 2031 5671 3626 5746">
     <span class='ocr_line' id='line_1_115' title="bbox 2031 5671 3626 5746; baseline 0.004 -23"><span class='ocrx_word' id='word_1_902' title='bbox 2031 5671 2377 5740; x_wconf 79' lang='grc' dir='ltr'>λαμπηδόνος</span> <span class='ocrx_word' id='word_1_903' title='bbox 2404 5672 2503 5738; x_wconf 82' lang='grc' dir='ltr'>τῆς</span> <span class='ocrx_word' id='word_1_904' title='bbox 2535 5673 2790 5742; x_wconf 66' lang='grc' dir='ltr'>ἡλιακῆς,</span> <span class='ocrx_word' id='word_1_905' title='bbox 2819 5671 2965 5727; x_wconf 81' lang='grc' dir='ltr'>οὕτω</span> <span class='ocrx_word' id='word_1_906' title='bbox 2992 5675 3085 5726; x_wconf 79' lang='grc' dir='ltr'>καί</span> <span class='ocrx_word' id='word_1_907' title='bbox 3123 5675 3154 5746; x_wconf 86' lang='grc' dir='ltr'><strong>ή</strong></span> <span class='ocrx_word' id='word_1_908' title='bbox 3186 5673 3334 5746; x_wconf 77' lang='grc' dir='ltr'>ψυχὴ</span> <span class='ocrx_word' id='word_1_909' title='bbox 3363 5676 3626 5745; x_wconf 74' lang='grc' dir='ltr'>καθαιρο-</span> 
     </span>
    </p>
   </div>
   <div class='ocr_carea' id='block_1_116' title="bbox 2035 5763 3625 5840">
    <p class='ocr_par' dir='ltr' id='par_1_116' title="bbox 2035 5763 3625 5840">
     <span class='ocr_line' id='line_1_116' title="bbox 2035 5763 3625 5840; baseline 0.005 -24"><span class='ocrx_word' id='word_1_910' title='bbox 2035 5763 2198 5836; x_wconf 85' lang='grc' dir='ltr'>μένη,</span> <span class='ocrx_word' id='word_1_911' title='bbox 2235 5766 2332 5817; x_wconf 73' lang='grc' dir='ltr'>καὶ</span> <span class='ocrx_word' id='word_1_912' title='bbox 2371 5764 2618 5836; x_wconf 76' lang='grc' dir='ltr'>ἀργύρου</span> <span class='ocrx_word' id='word_1_913' title='bbox 2677 5767 3036 5838; x_wconf 84' lang='grc' dir='ltr'>λαμπροτέρα</span> <span class='ocrx_word' id='word_1_914' title='bbox 3066 5769 3353 5840; x_wconf 87' lang='grc' dir='ltr'>γινομένη,</span> <span class='ocrx_word' id='word_1_915' title='bbox 3405 5769 3625 5840; x_wconf 86' lang='grc' dir='ltr'>δέχεται</span> 
     </span>
    </p>
   </div>
   <div class='ocr_carea' id='block_1_117' title="bbox 2032 5854 3628 5934">
    <p class='ocr_par' dir='ltr' id='par_1_117' title="bbox 2032 5854 3628 5934">
     <span class='ocr_line' id='line_1_117' title="bbox 2032 5854 3628 5934; baseline 0.004 -25"><span class='ocrx_word' id='word_1_916' title='bbox 2032 5856 2225 5910; x_wconf 84' lang='grc' dir='ltr'>ἀκτῖνα</span> <span class='ocrx_word' id='word_1_917' title='bbox 2257 5854 2366 5910; x_wconf 73' lang='grc' dir='ltr'>ἀπὸ</span> <span class='ocrx_word' id='word_1_918' title='bbox 2403 5857 2506 5927; x_wconf 82' lang='grc' dir='ltr'>τῆς</span> <span class='ocrx_word' id='word_1_919' title='bbox 2564 5857 2724 5927; x_wconf 79' lang='grc' dir='ltr'>δόξης</span> <span class='ocrx_word' id='word_1_920' title='bbox 2773 5859 2868 5912; x_wconf 84' lang='grc' dir='ltr'>τοῦ</span> <span class='ocrx_word' id='word_1_921' title='bbox 2915 5859 3258 5932; x_wconf 85' lang='grc' dir='ltr'>Πνεύματος,</span> <span class='ocrx_word' id='word_1_922' title='bbox 3300 5862 3396 5917; x_wconf 71' lang='grc' dir='ltr'>καὶ</span> <span class='ocrx_word' id='word_1_923' title='bbox 3419 5863 3628 5934; x_wconf 80' lang='grc' dir='ltr'>ταύτην</span> 
     </span>
    </p>
   </div>
  </div>
