4090 6428
375 307 492 394 ‘m

1349 324 1648 390 CONTRA
1693 315 2181 386 PROCHOBUM
2217 316 2651 386 CYDONIUM.

3551 325 3657 390 ’ῖὲί

390 443 470 498 ἔτι
492 442 550 496 δὲ
581 441 681 513 τὴν
711 441 1052 512 ἐπιστροφὴν
1088 439 1257 496 αὑτοῦ
1315 442 1410 494 καὶ
1437 441 1730 509 διόρθωσιν
1783 437 1966 503 βουλο-
1998 441 2042 496 Α
2073 437 2414 503 φιλεστάτων
2474 436 2793 489 ἐπισκόπων
2833 433 2945 505 ἔχει
2986 431 3152 488 αὑτὸν
3207 432 3272 507 δὴ
3299 435 3390 490 τὸν
3429 439 3665 508 ρηθέντα

395 536 554 606 μένη,
609 535 734 589 ἐπεὶ
767 534 1068 605 ἐρωτηθεὶς
1102 527 1259 597 οὗτος
1301 534 1432 602 παρ’
1470 535 1662 597 αὐτῆς,
1719 533 1771 585 τί
1820 531 1974 598 λέγει

392 630 530 697 πρὸς
558 627 628 680 τά
660 627 814 696 παρὰ
844 627 944 696 τῆς
993 627 1148 696 ἱερᾶς
1185 626 1535 696 άποφανέντα
1567 625 1813 684 συνόδου,
1853 623 1976 694 ἐξῃ-

390 724 598 791 τήσατο
637 721 768 790 μιᾶς
793 719 1088 789 ὑπέρθεσιν
1115 715 1356 790 ἡμέρας,
1384 719 1528 773 ὥστε
1560 720 1697 789 μετά
1729 716 1975 787 σκέψεως

393 813 691 882 ἀπολογίαν
741 815 807 884 τῇ
871 813 1144 884 ἐπαύριον
1200 811 1430 877 δοῦναι,
1482 812 1761 881 πρόφασιν
1817 809 1977 864 τοῦτο

395 905 586 970 εἰπὼν,
619 907 707 959 ῐνα
741 906 841 976 τὴν
879 905 1098 958 σύνοδον
1145 904 1384 978 ἐκφύγῃ,
1425 904 1548 958 τότε
1581 903 1680 973 μὲν
1711 904 1849 966 τέως
1879 904 1978 974 τὴν

408 999 608 1068 ἑαυτῆς
670 999 772 1053 οὑκ
823 999 1140 1066 ἀπεφήνατο
1174 997 1424 1067 γνώμην,
1478 996 1594 1049 ἀλλ’
1649 993 1979 1057 ἀπελθόντος

396 1089 629 1153 ἐκείνου,
666 1088 1003 1156 πλατύτερον
1054 1087 1302 1157 ὡμίλησε
1343 1091 1411 1160 τῇ
1442 1087 1650 1159 συνόδῳ
1691 1087 1836 1158 ’περὶ
1877 1087 1978 1157 τῆς

395 1181 562 1251 ὀρθῆς
618 1181 780 1250 ἡμῶν
829 1180 1090 1243 πίστεως,
1153 1181 1388 1236 καὶτῶν
1449 1181 1724 1235 κακίστων
1765 1179 1977 1234 ἐκείνου

398 1275 877 1344 συγγραμμάτων·
911 1275 998 1327 ὅτε
1055 1276 1148 1327 καὶ
1182 1274 1308 1343 περὶ
1363 1267 1440 1327 ὧν
1495 1273 1643 1340 λέγει
1683 1273 1889 1327 ὅτιιοὺκ
1921 1275 1978 1340 ἐξ

396 1367 791 1436 ἀποκαλύψεως
845 1367 1043 1438 ἔχομεν
1089 1367 1190 1435 τὴν
1228 1369 1434 1428 πίστιν,
1491 1348 1716 1436 εἴρηκεν
1769 1370 1801 1436 ἡ
1859 1367 1980 1421 θεία

397 1458 635 1518 σύνοδος,
695 1459 780 1510 ὅτι
819 1458 1012 1527 Ἡμεῖς
1069 1459 1166 1525 μέν
1219 1460 1318 1513 οὐκ
1379 1459 1851 1526 ἀπεκαλύφθημεν
1881 1459 1980 1528 τὴν

398 1550 603 1612 πίστιν,
642 1550 777 1602 ἀλλὰ
804 1548 1068 1617 μαθόντες
1093 1551 1290 1618 ἔχομεν
1307 1550 1476 1618 αὐτὴν
1497 1553 1650 1618 παρὰ
1679 1552 1786 1604 τῶν
1815 1551 1979 1605 θείων

399 1643 656 1712 Πατέρων
690 1643 781 1694 καὶ
830 1641 1163 1700 διδασκάλων
1208 1639 1389 1710 ήμῶν,
1445 1641 1678 1709 ἐχόντων
1726 1641 1894 1712 αὐτὴν
1921 1644 1981 1709 ἐξ

2078 529 2376 598 Πρόχορον,
2429 529 2505 592 ὡς
2544 529 2893 598 διακείμενον
2931 528 3086 582 οὑδέν
3139 528 3363 582 ἔλαττον
3395 531 3487 582 τοῦ
3520 531 3665 599 Bap-

2076 619 2225 689 λαάμ
2255 621 2346 672 καὶ
2390 620 2731 680 Ἀκινδύνου,
2776 619 2912 672 ἀλλὰ
2942 621 3036 673 καὶ
3068 621 3136 672 τά
3166 621 3306 674 αὑτά
3361 621 3668 692 φρονοῦντα

2079 712 2267 764 καὶτὰ
2308 710 2446 763 αὑτά
2478 712 2956 779 συγγραφόμενον,
3002 712 3205 780 μᾶλλον
3232 712 3290 764 δὲ
3339 713 3435 766 καὶ
3485 712 3670 784 πολλῷ

2077 803 2248 874 χείρω
2302 804 2432 874 καὶ,
2454 804 2780 874 ἀτοπώτερα
2815 805 2911 857 καὶ
2967 800 3376 874 δυσσεὸέστερα
3415 805 3666 868 ἐκείνων,

2077 894 2250 965 άργόν
2281 910 2340 947 τε
2369 895 2466 946 καὶ
2507 893 2902 965 καθῃρημένον
2955 898 3036 958 είς
3089 897 3152 948 τδ
3205 897 3455 966 διηνεκὲς
3484 898 3668 966 πάσης

2081 985 2453 1056 ίεροπραξίας,
2480 984 2575 1041 καὶ
2607 986 2686 1054 τῷ
2717 986 3022 1056 ἀναθέματι
3068 987 3477 1043 καθυποδάλλει
3524 989 3670 1042 κατὰ

2081 1078 2182 1147 τὴν
2205 1079 2300 1132 τοῦ
2328 1079 2476 1149 ἱεροῦ
2517 1078 2800 1133 σννοδικοῦ
2852 1079 3024 1150 τόμον
3073 1080 3344 1145 διάταξιν,
3378 1081 3522 1136 οὑτω
3549 1081 3670 1134 δια-

2082 1171 2420 1241 γορεύουσαν
2444 1171 2582 1223 κατά
2607 1170 2762 1239 ῥῆμα
2778 1188 2792 1203 ·
2837 1170 2997 1225 Ἀλλά
3019 1172 3114 1224 καὶ
3137 1170 3191 1223 εί
3221 1189 3306 1234 τις
3349 1171 3436 1226 ἒτε
3446 1190 3539 1244 ρος
3560 1173 3670 1226 τῶν

2079 1263 2337 1316 ἁπάντων
2373 1263 2444 1316 τά
2503 1263 2645 1317 αὑτά
2679 1280 2809 1316 ποτε
2856 1262 3204 1334 φωραθείηῆ
3249 1264 3538 1333 φρονῶν,ῆ
3584 1266 3672 1318 λέ·

2081 1371 2218 1422 γων,
2255 1354 2287 1425 ἢ
2322 1354 2778 1424 συγγραφόμενος
2815 1357 2954 1407 κατά
2981 1355 3076 1408 τοῦ
3126 1356 3419 1425 ίερωτάτου
3457 1355 3669 1409 Θεσσαο

2083 1446 2325 1514 λονίκης,
2381 1447 2586 1514 μᾶλλον
2647 1447 2702 1500 δέ
2763 1448 2905 1500 κατὰ
2937 1448 3045 1499 τῶν
3084 1447 3247 1511 ἱερῶν
3281 1447 3549 1513 θεολόγων
3577 1449 3670 1500 καὶ

2081 1537 2182 1605 τῆς
2204 1536 2534 1609 Ἐκκλησίας
2555 1540 2748 1608 αὐτῆς,
2781 1539 2848 1592 τά
2877 1539 3017 1593 αὑτά
3041 1541 3135 1593 καὶ
3168 1542 3286 1591 κατ’
3305 1538 3468 1592 αὐτοῦ
3498 1538 3671 1609 ψηφιο
3759 1609 3763 1612 ξ

2084 1631 2311 1701 ζὸμεθα,
2383 1632 2477 1684 καὶ
2542 1635 2608 1702 τῇ
2643 1635 2776 1702 αὐτῇ
2813 1632 3081 1702 καταδίκῃ
3131 1633 3225 1684 καὶ
3252 1633 3327 1701 τῷ
3364 1632 3669 1700 ἀναθέματι
3723 1619 3731 1634 ’

399 1734 812 1804 ἀποκαλύψεως,
850 1736 942 1788 καὶ
973 1734 1063 1786 διὰ
1090 1737 1298 1801 ταύτης
1349 1732 1647 1801 ἐλπίζομεν
1675 1737 1977 1805 τῆςσωτηο
2009 1781 2058 1840 Β
2084 1723 2596 1795 καθυποϐάλλομεν,
2623 1726 2734 1778 εἴτε
2782 1725 2894 1778 τῶν
2923 1725 3240 1794 ἱερωμένων
3279 1726 3363 1796 εἴη
3418 1743 3524 1790 τις,
3560 1729 3670 1782 εἴτε

442 1831 455 1840 .
679 1830 699 1840 ι.
778 1831 815 1840 ν·-
889 1828 899 1840 ι
1007 1827 1020 1840 ι
1214 1827 1239 1838 ι-
1307 1826 1355 1840 ιι
1596 1828 1612 1840 ι
1699 1828 1724 1840 ιο
1865 1829 1909 1840 ιι
2084 1816 2191 1840 _.~...
2216 1815 2425 1840 \..'!--.....
2485 1817 2636 1840 II'__L
2665 1816 2778 1840 ---.~..
2840 1816 2940 1840 -.ὶ.-.
2980 1817 3236 1840 _-.--_'__--...
3269 1818 3505 1840 b_.L__-P,-.
3549 1822 3666 1840 l_-\

401 1831 521 1898 ρίας
547 1830 748 1897 τυχεῖν.
778 1828 908 1896 Περὶ
953 1827 1140 1896 μέντοι
1171 1827 1281 1878 τῶν
1307 1826 1766 1896 Ἀριστοτελικῶν
1796 1829 1984 1884 συλλο-

400 1917 636 1986 γισμῶν,
667 1917 753 1984 ἐφ’
797 1913 878 1977 οἷς
911 1919 1120 1980 ἐκεῖνος
1181 1914 1324 1982 μέγα
1362 1917 1576 1985 φρονεῖ,
1609 1917 1700 1970 καὶ
1729 1917 1824 1981 οὑς
1864 1919 1982 1988 φῶς

400 2006 679 2076 ὀνομάζει,
701 2006 824 2058 οὑδὲ
851 2005 1012 2073 λόγου
1036 2005 1181 2068 τινὸς
1204 2004 1325 2057 οὐδέ
1347 2004 1759 2075 παρεισδύσεως
1781 2008 1982 2073 αὐτοὺς

402 2099 683 2170 ἀξιοῦμεν.
752 2099 906 2152 Ἐπεὶ
958 2099 1051 2152 καὶ
1101 2101 1202 2168 τῆς
1242 2098 1406 2166 ἁγίας
1451 2101 1546 2153 καὶ
1588 2100 1984 2173 οἰκουμενικῆς

403 2191 717 2260 γαθημένης
747 2189 988 2253 συνόδου,
1027 2189 1126 2258 τῆς
1171 2188 1337 2260 ἕκτης
1370 2195 1536 2260 φημὶ,
1584 2191 1746 2258 μόνον
1781 2193 1980 2260 φανέν-

401 2297 520 2347 τας,
557 2281 962 2344 εὐθὺς.τούτους
996 2281 1283 2351 ἀπήλασαν
1341 2284 1392 2334 οί
1427 2283 1521 2335 τὸν
1551 2283 1808 2352 σύλλογον
1841 2286 1985 2337 εκεῖ-

405 2390 494 2426 ιον
519 2371 946 2442 συγκροτοῦντες
973 2372 1110 2424 θεῖοι
1134 2372 1398 2441 Πατέρες,
1425 2373 1580 2427 οὐδὲν
1601 2375 1782 2428 κοινὸν
1805 2376 1986 2428 εἰπόν-

404 2478 496 2526 τες
533 2461 749 2525 τούτοις
800 2463 892 2516 καὶ
920 2465 1033 2525 τοῖς
1067 2463 1446 2530 εὑαγγελικοῖς
1480 2463 1574 2516 καὶ
1607 2465 1987 2530 άποστολικοῖς

405 2555 607 2622 λόγοις.
634 2553 746 2622 Τῆς
773 2554 830 2607 δὲ
862 2553 1014 2617 θείας
1044 2554 1138 2606 καὶ
1162 2555 1315 2624 ἱερᾶς
1345 2554 1689 2626 διαλυθείσης
1717 2557 1840 2610 τότε
1866 2572 1990 2611 συν-

405 2645 548 2709 όδου,
579 2643 704 2697 ἐπεὶ
735 2643 873 2697 κατά
924 2645 1024 2713 τὴν
1057 2643 1321 2696 ἐπιοῦσαν
1348 2644 1375 2695 6
1415 2643 1690 2712 Πρόχορος
1731 2645 1831 2697 οὑκ
1858 2639 1988 2712 ἦλθε

407 2737 546 2791 κατὰ
571 2737 670 2808 τὴν
721 2736 1039 2806 ὑπόσχεσιν,
1075 2736 1215 2805 μετὰ
1243 2735 1436 2806 τρίτην
1472 2736 1694 2804 ἡμέραν
1725 2734 1990 2805 μηνυθεὶς

411 2829 559 2898 παρὰ
588 2829 690 2896 τῆς
724 2827 880 2898 ήμῶν
911 2826 1292 2897 μετριότητος,
1344 2825 1572 2878 διά-τῶν
1623 2825 1990 2895 ἐντιμοτάτων

409 2922 685 2991 ἀρχόντων
712 2917 820 2970 τῶν
843 2916 1110 2986 νοταρίων
1145 2915 1244 2983 τῆς
1295 2914 1416 2969 καθ’
1462 2915 1614 2985 ἡμᾶς
1678 2914 1992 2983 ἁγιωτάτης

408 3013 502 3068 τοῦ
543 3013 676 3066 Θεοῦ
705 3011 965 3083 Μεγάλης
991 3010 1309 3078 ἐκκλησίας,
1332 3007 1426 3061 τοῦ
1458 3023 1520 3061 τε
1571 3007 1677 3079 κὺρ
1712 3003 1990 3074 Γεωργίου

2082 1816 2191 1868 τῶν
2216 1815 2447 1872 λαῖκῶν.
2485 1817 2638 1869 Κατὰ
2664 1816 2796 1884 γοῦν
2839 1816 2940 1888 τὴν
2979 1817 3236 1885 τοιαύτην
3265 1818 3507 1884 διάταξιν
3547 1822 3673 1872 ἐπεὶ

2083 1905 2506 1975 εὖρομεν,αὑτδν
2532 1907 2674 1960 οὕτω
2701 1908 3068 1976 διακείμενον,
3087 1908 3476 1978 καθῃρημένον
3508 1912 3672 1965 αὑτ).ν

2087 1996 2308 2066 ἔχομεν,
2357 1999 2453 2050 καὶ
2485 1997 2562 2067 τῷ
2593 1998 2897 2068 ἁναθέματι
2932 2001 3421 2068 καθυποσάλλομεν
3463 2003 3555 2053 καὶ
3576 2003 3672 2052 αὖα

2083 2094 2198 2156 τὸν,
2223 2095 2320 2146 καὶ
2341 2094 2552 2156 πάντας
2575 2094 2704 2156 τοὺς
2731 2094 3046 2164 ὁμόφρονας
3075 2097 3172 2148 καὶ
3189 2095 3479 2165 ὁμοδόξους
3496 2096 3666 2164 αὐτῷ,

2085 2186 2178 2238 καὶ
2206 2187 2331 2248 τοὺς
2362 2185 2854 2256 ἀκολουθήσοντας,
2884 2187 2914 2254 ἢ
2949 2190 3042 2239 καὶ
3067 2187 3501 2251 ἀκολουθοῦντας
3521 2189 3672 2256 αύτῷ

2087 2278 2173 2347 ἐφ’
2201 2273 2283 2338 οἷς
2311 2278 2643 2348 βλασφημεῖ,
2675 2280 2772 2332 καὶ
2797 2280 2928 2342 τοὺς
2957 2280 3386 2344 ἐπεκδικοῦντας
3413 2281 3576 2334 αὑτόν
3609 2297 3671 2335 τε

2089 2371 2176 2420 καὶ
2206 2370 2275 2421 τά
2301 2369 2465 2422 αὑτοῦ
2491 2370 2904 2437 συγγράμματα
2940 2370 3344 2439 άκοινωνήτους
3376 2370 3596 2440 ἔχομεν.

2161 2461 2222 2512 EE
2249 2461 2436 2529 μέντοι
2471 2460 2878 2531 μεταμεληθείη
2907 2463 3167 2532 γνησίως,
3193 2463 3266 2524 ὡς
3285 2457 3521 2533 είρηται,
3543 2465 3674 2516 ἀνα·-

2087 2551 2293 2622 τρέψας
2325 2553 2494 2624 ἑτέρῳ
2523 2553 2920 2622 συγγράμματι
2951 2554 3020 2606 τά
3048 2552 3246 2606 ἑαυτοῦ
3277 2557 3516 2608 κάκιστα
3543 2571 3677 2622 συγ·

2089 2643 2417 2712 γράμματα,
2450 2645 2542 2696 καὶ
2569 2643 2979 2712 ἀναθεματίσας
2999 2644 3160 2707 αὐτὰ,
3195 2645 3270 2707 ὡς
3305 2646 3456 2714 ἱερέα
3480 2644 3580 2714 μὲν
3611 2645 3674 2696 οὑ

2089 2735 2534 2805 παραδεχόμεθα,
2592 2735 2667 2797 ὡς
2698 2736 2944 2805 ἀρχηγὸν
2975 2737 3071 2788 καὶ
3121 2737 3428 2806 ἐφευρετὴν
3469 2734 3676 2792 καινῶν

2091 2827 2184 2879 καὶ
2235 2826 2631 2880 ἀλλοκωτάτων
2662 2827 2956 2895 αἱρέσεων,
3012 2829 3089 2893 ὡς
3136 2829 3466 2896 Χριστιανὸν
3496 2831 3552 2883 δέ
3581 2834 3676 2894 τῆς

2092 2918 2364 2987 ἡμετέρας
2423 2917 2735 2987 ἀξιώσομεν
2787 2919 3101 2986 κοινωνίας,
3143 2920 3284 2973 κατὰ
3335 2921 3436 2990 τὴν
3472 2923 3570 2974 καὶ
3618 2924 3676 2974 ἐν

2093 3009 2268 3077 τούτῳ
2300 3010 2394 3061 τοῦ
2418 3011 2568 3080 ἱεροῦ
2598 3011 2771 3080 τόμου
2823 3011 3089 3077 διάταξιν.
3129 3013 3302 3064 Αὑτὸν
3347 3013 3530 3080 μέντοι
3586 3015 3678 3065 τὶν

410 3106 504 3160 τοῦ
526 3106 941 3171 Ματζουκάτου,
971 3103 1063 3158 καὶ
1087 3103 1194 3173 κὺρ
1230 3101 1544 3173 Δημητρίου
1563 3098 1658 3152 τοῦ
1685 3093 1985 3164 Μεγιστοῦ,
2015 3139 2058 3194 C
2099 3100 2242 3170 ἱερὸν
2271 3101 2549 3154 συνοδικὸν
2578 3103 2770 3171 τόμον,
2826 3103 2885 3156 ὃν
2923 3103 3230 3173 ἀνατρέψαι
3278 3103 3440 3174 δῆθεν
3469 3106 3683 3174 ἐπιχειι

409 3199 471 3252 οὑ
514 3197 678 3268 μόνον
715 3196 1024 3265 ἀπαντῆσαι
1046 3196 1145 3248 οὐκ
1169 3192 1468 3263 ἠϐουλήθη,
1501 3190 1638 3246 ἀλλὰ
1669 3190 1763 3242 καὶ
1787 3187 1987 3257 ὁμοίως

409 3286 479 3358 ἦν
516 3287 830 3355 ἀντιλέγων.
867 3286 1059 3356 ῶσπερ
1088 3287 1144 3337 ἐν
1178 3286 1246 3354 τῇ
1309 3282 1536 3351 συνόδῳ,
1573 3280 1817 3347 στέργων
1850 3277 1994 3345 άπερ

415 3378 798 3450 ουνεγράψατο
846 3379 938 3429 καὶ
1003 3374 1223 3446 φρονῶν
1281 3373 1350 3426 τά
1382 3373 1540 3436 αὐτὰ,
1567 3371 1746 3438 λέγων
1768 3369 1847 3421 ὅτι
1877 3368 1994 3427 Πάν

414 3473 550 3539 ὅπερ
577 3465 642 3524 ἂν
667 3469 965 3538 βούλωνται
991 3467 1018 3519 ό
1043 3466 1389 3536 πατριάρχης
1417 3464 1510 3516 καὶ
1529 3465 1562 3532 ή
1594 3460 1810 3522 σύνοδος
1836 3459 1994 3529 ποιῆο

409 3579 503 3616 ’σαι
562 3561 685 3614 κατ’
733 3558 891 3630 ἐμοῦ,
934 3559 1341 3626 ποιησάτωσαν.
1391 3555 1547 3608 Μετὰ
1588 3552 1836 3606 δὲταῦτα
1865 3567 1994 3603 συν-

416 3654 674 3724 αχθείσης
715 3650 876 3703 πάλιν
908 3649 1005 3718 τῆς
1033 3649 1187 3718 ίερᾶς
1220 3647 1440 3700 συνόδου
1471 3646 1540 3698 δι’
1567 3644 1761 3714 ἑτέραν
1796 3642 1996 3712 ἐκκλη-

422 3742 701 3813 σιαστικὴν
734 3742 1002 3806 δουλείαν,
1061 3741 1159 3792 καὶ
1207 3737 1537 3808 ζητηθείσης
1576 3736 1671 3790 καὶ
1729 3736 1828 3804 τῆς
1858 3751 1996 3804 προ·

426 3836 685 3905 κειμένης
714 3832 1046 3894 ὑποθέσεως,
1094 3829 1521 3899 ἀνεγνώσθησαν
1563 3827 1656 3881 καὶ
1684 3827 1827 3896 άπερ
1856 3827 1995 3878 κατὰ

423 3928 526 3979 τῶν
553 3928 650 3995 τῆς
685 3924 1010 3994 Ἐκκλησίας
1032 3921 1350 3992 προστατῶν
1375 3922 1562 3982 κακῶς
1594 3918 1993 3990 συνεγράψατο,

422 4019 476 4071 ἐν
503 4015 581 4082 οἷς
614 4019 892 4087 καπήλους
935 4016 1132 4077 αὐτοὺς
1162 4013 1256 4066 καὶ
1283 4027 1578 4084 μαγείρους
1606 4012 1754 4079 λέγει
1788 4015 1814 4066 ό
1844 4016 2000 4066 ἀναιι

420 4111 514 4180 δὴς
542 4111 634 4162 καὶ
662 4112 730 4161 τὰ
758 4110 879 4160 θεῖα
902 4111 1063 4177 λόγια
1094 4104 1424 4176 καπηλεύων
1448 4120 1463 4137 ο
1505 4105 1596 4157 ὅτε
1628 4108 1719 4159 καὶ
1744 4105 1843 4174 τὴν
1867 4105 2000 4158 καθ-

421 4203 632 4272 αίρεσιν
673 4201 967 4271 ἐξήνεγκεν
997 4202 1028 4271 ἡ
1066 4199 1187 4251 θεία
1204 4197 1419 4259 σύνοδος
1443 4196 1566 4251 κατ’
1601 4196 1764 4250 αὑτοῦ
1811 4197 1998 4261 πάλιν,

420 4295 497 4356 ὡς
525 4295 615 4345 καὶ
664 4295 724 4345 τὸ
756 4295 1042 4362 πρότερον,
1077 4288 1170 4342 καὶ
1217 4289 1609 4360 ἀνεθεμάτισεν
1655 4290 1838 4352 αὑτὸν,
1905 4291 1994 4342 καὶ

423 4385 708 4456 παρρησίᾳ
737 4383 823 4436 ἐπ’
855 4383 1108 4454 ἄμϐωνος
1139 4382 1534 4453 άναθεματίσαι
1565 4381 1821 4451 ἠθέλησε.
1847 4381 1997 4442 Τέως

2101 3196 2275 3264 ρήσας
2307 3192 2484 3257 οὗτος,
2512 3196 2652 3248 κατὰ
2691 3197 2791 3266 τῆς
2821 3197 3018 3251 ἑαυτοῦ
3057 3199 3259 3268 μᾶλλον
3308 3201 3559 3272 ἐχώρησε
3589 3219 3683 3253 κει·

2099 3285 2302 3355 φαλῆς,
2364 3285 2572 3355 στήλην
2642 3286 2955 3358 όρθοδοξίας
3019 3290 3251 3360 ἔχομεν,
3324 3294 3419 3346 καὶ
3481 3295 3682 3346 κανόνα
3752 3343 3767 3357 ,

2099 3377 2395 3429 ἄπταιστον
2417 3378 2525 3426 τῶν
2548 3375 2719 3443 ὑγιῶν
2744 3378 2842 3447 τῆς
2871 3380 3022 3448 ίερᾶς
3045 3383 3200 3450 ήμῶν
3222 3383 3459 3444 πίστεως
3475 3383 3686 3452 δογμά.

2096 3481 2228 3532 των,
2260 3465 2490 3518 καὶτῶν
2523 3465 2684 3538 ἱερῶν
2715 3465 3074 3536 Εὑαγγελίων
3106 3473 3202 3523 καὶ
3222 3471 3318 3524 τοῦ
3346 3472 3496 3526 θείου
3540 3490 3683 3542 συμ-

2099 3558 2255 3610 ϐόλου
2313 3557 2618 3620 ἀνάπτυξιν
2665 3558 2761 3610 καὶ
2825 3557 3116 3628 ἐξήγησιν,
3167 3562 3262 3615 καὶ
3323 3563 3685 3620 συναπελθετν

2099 3647 2373 3718 εὐχόμεθα
2424 3650 2539 3710 τοῖς
2609 3647 2956 3716 ἐγκειμένοις
3014 3649 3166 3720 αὑτῷ
3215 3651 3473 3722 δόγμασι.
3543 3655 3686 3718 Τοὺς

2103 3741 2288 3810 μέντοι
2341 3738 2736 3801 κατοικοῦντας
2780 3740 2838 3793 ἐν
2884 3739 2962 3808 τῷ
2985 3741 3133 3812 ἁγίῳ
3163 3743 3281 3810 δρει
3331 3745 3410 3815 τῷ
3445 3745 3590 3815 Ἄθῳ
3621 3747 3684 3799 οὑ

2105 3834 2264 3904 μόνον
2291 3829 2600 3901 ἀνωτέρους
2631 3831 2830 3902 ἔχομεν
2852 3835 3174 3887 παντάπασι
3206 3833 3316 3889 τῶν
3337 3838 3459 3890 κατ’
3477 3837 3682 3902 αὐτῶν,

2107 3925 2307 3995 μᾶλλον
2334 3924 2392 3976 δέ
2424 3923 2532 3978 τῶν
2577 3925 2718 3977 κατὰ
2770 3925 2872 3992 τῆς
2917 3923 3013 3976 τοῦ
3053 3925 3294 3996 Χριστοῦ
3355 3926 3686 3998 Ἐκκλησίας

2100 4016 2449 4085 ἐρεσχελιῶν,
2478 4015 2618 4070 ἀλλὰ
2649 4016 2745 4069 καὶ
2801 4017 3252 4083 ἀσφαλεστάτους
3282 4021 3383 4090 τῆς
3453 4020 3687 4092 Ἐκκληα

2106 4109 2226 4170 σίας
2279 4106 2501 4176 καὶτῆς
2541 4106 2823 4169 εὐσεϐείας
2854 4109 3196 4178 προμάχους,
3228 4114 3319 4163 καὶ
3369 4127 3691 4182 προαγωνι-

2047 4262 2049 4265 ι
2105 4200 2256 4266 στὰς,
2285 4203 2381 4253 καὶ
2420 4199 2652 4270 βοηθοὺς
2714 4200 2916 4271 ταύτης
2949 4203 3391 4272 ἀποφαινόμεθα,
3455 4206 3689 4258 καὶτῶν

2105 4292 2398 4361 αίρετικῶν
2431 4291 2687 4354 διώκτας,
2718 4299 2814 4344 καὶ
2859 4293 2928 4344 τά
2984 4295 3116 4362 παρ’
3147 4296 3328 4346 αὐτῶν
3377 4297 3513 4364 πρὸς
3542 4297 3692 4364 ἡμᾶς

2104 4384 2389 4454 γραφέντα
2441 4383 2539 4438 καὶ
2568 4385 2697 4453 ὑγιῆ
2731 4387 2826 4437 καὶ
2878 4384 3015 4456 ὀρθά
3077 4385 3222 4438 κατὰ
3263 4386 3440 4440 πάντα
3469 4389 3688 4456 ἔχομεν.

423 4475 478 4527 δὲ
505 4480 641 4527 κατὰ
696 4475 795 4544 μὲν
845 4475 906 4526 τὸ
940 4473 1112 4543 παρὸν
1153 4473 1334 4541 ἀφῆκε
1365 4473 1546 4536 τοῦτο,
1573 4473 1893 4541 ἀπεφήνατο
1922 4472 1998 4536 δὲ,
2036 4487 2080 4540 ι)
2112 4475 2254 4544 Πρὸς
2274 4475 2484 4537 τούτοις
2513 4474 2605 4528 οῦν
2636 4475 2808 4528 ἅπασι
2842 4476 3274 4544 παρακελεύεται
3325 4481 3621 4544 συνοδικῶς
3650 4484 3686 4550 ή

425 4569 499 4629 ὼς
519 4569 670 4635 εἰμὴ
703 4565 1109 4635 μεταμεληθείη
1154 4562 1402 4634 ὕστερον,
1437 4567 1560 4618 τότε
1605 4569 1697 4617 καὶ
1727 4566 1888 4619 τοῦτο
1915 4583 2005 4633 γε-

429 4659 672 4728 νήσεται.
697 4658 806 4710 Καὶ
832 4659 862 4726 ή
891 4657 1184 4726 μετριότης
1228 4657 1385 4726 ήμῶν
1427 4657 1720 4726 σύμφωνον
1746 4659 2006 4726 ἐξήνεγκε

427 4753 526 4820 τὴν
549 4751 728 4819 ψῆφον
761 4753 853 4802 καὶ
886 4748 984 4818 τὴν
1017 4750 1289 4816 ἀπόφασιν
1321 4747 1441 4801 κατ’
1476 4749 1665 4810 αὑτοῦ,
1695 4750 1771 4811 ὠς
1805 4753 2007 4818 ἀμετα-

428 4845 620 4911 νοήτου
649 4841 743 4894 καὶ
780 4839 1134 4910 ἁδιορθώτου.
1195 4841 1302 4891 Καὶ
1334 4838 1694 4906 ἀνεθεμάτισε
1738 4840 1833 4891 καὶ
1867 4836 2006 4906 αύεη

428 4933 616 4984 τοῦτον
642 4932 924 4993 πολλάκις.
961 4931 1129 4983 Πάλιν
1166 4929 1222 4981 δέ
1263 4930 1638 4999 προνοουμένη
1670 4930 1768 4999 τῆς
1796 4934 2007 4982 ἐκεινου

433 5022 823 5094 μεταμελείας,
879 5023 1156 5092 ἐμήνυσεν
1207 5022 1403 5090 ἐκείνῳ
1434 5023 1522 5074 διά
1551 5020 1646 5072 τοῦ
1674 5025 2010 5089 τιμιωτάτου

434 5115 672 5182 μεγάλου
696 5113 1104 5180 σκευοφύλακος
1135 5110 1232 5179 τῆς
1259 5109 1378 5163 καθ’
1407 5108 1553 5178 ήμᾶς
1582 5109 1894 5178 ἁγιωτάτης
1916 5109 2012 5160 τοῦ

431 5206 566 5260 Θεοῦ
620 5205 884 5276 Μεγάλης
935 5203 1230 5274 ἐκκλησίας
1282 5203 1377 5256 καὶ
1422 5201 1866 5272 δικαιοφύλακος,
1897 5201 2014 5254 δια-

432 5301 591 5352 κόνου
619 5300 725 5368 κὺρ
749 5297 1030 5368 Γεωργίου
1059 5295 1154 5349 τοῦ
1182 5295 1443 5366 Περδίκη,
1469 5293 1563 5348 τοῦ
1590 5295 2013 5363 θεοφιλεστάτου

433 5390 734 5444 ἐπισκόπου
771 5390 1000 5460 Βορείας
1056 5388 1368 5458 Ποταμίοις,
1402 5389 1498 5442 καὶ
1555 5387 1650 5439 τοῦ
1681 5385 2012 5458 τιμιωτάτου

435 5482 789 5552 ίερομονάχου
821 5482 928 5552 κὺρ
950 5479 1282 5552 Γρηγορίου.
1322 5480 1382 5533 '0
1407 5477 1575 5532 δὲκαὶ
1597 5477 1758 5531 πάλιν
1786 5479 1853 5531 τά
1875 5478 2017 5531 αὑτά

433 5572 809 5642 ἀντεμήνυσεν
843 5571 990 5641 ἅπερ
1021 5572 1114 5624 καὶ
1170 5571 1462 5642 πρότερον.
1520 5570 1620 5623 Διὰ
1645 5567 1821 5624 ταῦτα
1853 5565 1948 5623 οὖν
1981 5570 2017 5641 ἡ

437 5665 728 5734 μετριότης
755 5663 915 5733 ήμῶν
941 5664 1058 5731 ἅμα
1083 5665 1152 5733 τῇ
1181 5663 1314 5733 περὶ
1331 5661 1506 5734 αὑτὴν
1534 5663 1655 5733 ίερᾷ
1681 5661 1779 5716 καὶ
1805 5663 2017 5733 μεγάλῃ

439 5755 645 5826 συνόδῳ
675 5756 784 5810 τῶν
812 5757 1124 5826 ίερωτάτων
1157 5757 1598 5828 μητροπολιτῶν,
1631 5757 1739 5810 καὶ·
1764 5757 1874 5811 τῶν
1898 5756 2016 5813 θεο-

792 5855 1064 5918 ΡΑτιιοι..
1111 5856 1224 5917 GR-
1283 5852 1411 5917 CLI

2110 4566 2404 4637 μετριότης
2428 4567 2584 4636 ἡμῶν
2615 4567 2822 4636 μηδένα
2855 4569 3181 4638 φωραθῆναί
3213 4587 3345 4623 ποτε
3376 4572 3687 4626 ἐπεκδικεῖν

2109 4660 2268 4712 αὑτὸν
2305 4659 2365 4712 τὸ
2405 4658 2648 4725 σύνολον,
2709 4660 2852 4730 μήτε
2909 4662 3218 4730 γράμματα
3259 4663 3501 4732 πέμπειν
3538 4666 3688 4734 αὐτῷ

2110 4749 2238 4803 ἔνθα
2266 4749 2331 4802 ἂν
2359 4749 2510 4818 τύχοι
2535 4751 2760 4817 διάγων,
2790 4750 2933 4821 μήτε
2961 4750 3214 4821 δέχεσθαι
3246 4755 3379 4823 παρ’
3404 4755 3592 4808 αὐτοῦ’
3615 4757 3692 4819 ὼς

2112 4843 2164 4894 εί
2193 4859 2278 4905 τις
2316 4842 2566 4912 εὑρεθείη
2601 4843 2709 4895 τῶν
2745 4844 2969 4897 πάντων
3013 4846 3072 4897 έν
3119 4847 3495 4916 ὁποιῳδήποτε
3521 4866 3696 4902 κατα-

2110 4933 2254 5003 λόγῳ
2307 4935 2404 4985 καὶ
2457 4933 2606 4999 τάξει
2656 4937 2750 4985 καὶ
2784 4934 3028 5004 σχήματι
3066 4937 3374 5006 τυγχάνων,
3413 4939 3524 4992 εἴτε
3583 4941 3697 4992 τῶν

2117 5025 2430 5095 ἱερωμένων
2460 5025 2558 5077 καὶ
2592 5025 2868 5095 μοναχῶν,
2921 5027 3035 5078 εἴτε
3063 5029 3171 5080 τῶν
3201 5030 3426 5094 λαῖκῶν,
3454 5032 3524 5083 τὰ
3554 5031 3697 5083 αὐτὰ

2115 5115 2210 5166 καὶ
2239 5115 2452 5184 φρονῶν
2507 5116 2603 5168 καὶ
2657 5116 2832 5183 λέγων
2867 5117 2962 5169 καὶ
3023 5120 3479 5188 συγγραφόμενος
3521 5122 3698 5190 τούτῳ

2116 5207 2258 5260 κατὰ
2287 5207 2395 5258 τῶν
2431 5206 2826 5276 Ἀγιωρειτῶν,
2854 5209 3059 5277 μᾶλλον
3097 5209 3153 5262 δὲ
3175 5211 3316 5263 κατὰ
3343 5211 3442 5281 τῆς
3471 5209 3702 5282 Ἐκκλη-

2119 5299 2241 5361 σίας
2269 5297 2462 5366 αὐτῆς,
2495 5299 2593 5354 καὶ
2619 5300 2689 5352 τά
2718 5301 2856 5354 αὐτὰ
2885 5301 3229 5372 βλασφημῶν
3247 5305 3343 5357 καὶ
3366 5303 3628 5368 δοξάζων,
3665 5305 3700 5374 ἦ

2116 5393 2213 5444 καὶ
2264 5391 2570 5445 ἐπεκδικῶν
2619 5393 2784 5446 αὑτὸν
2839 5394 2999 5459 ὅλως,
3056 5398 3152 5447 καὶ
3190 5397 3593 5465 παθαινόμενος
3632 5403 3701 5465 τῇ

2119 5481 2284 5537 αὑτοῦ
2345 5483 2618 5556 καταδίκῃ
2648 5488 2708 5538 οὑ
2743 5486 2830 5538 διὰ
2889 5485 2950 5538 τὸ
3007 5485 3306 5554 φίλοικτον,
3358 5485 3498 5539 ἀλλά
3527 5486 3612 5538 διά
3643 5489 3706 5536 τὸ

2124 5575 2542 5645 συναπαχθῆναι
2571 5579 2690 5639 ταῖς
2723 5576 2916 5630 τούτου
2951 5577 3244 5642 κακίσταις
3273 5579 3373 5632 καὶ
3416 5577 3707 5630 δυσσεϐέσι

2119 5667 2320 5734 δόξαις,
2357 5668 2426 5722 τά
2458 5669 2601 5722 αὑτά
2625 5669 2720 5722 καὶ
2748 5670 2870 5724 κατ’
2904 5669 3070 5723 αὑτοῦ
3093 5669 3473 5742 ψηφιζόμεθα,
3515 5672 3611 5720 καὶ
3638 5671 3708 5739 τῇ

2124 5759 2284 5813 αὑτοῦ
2310 5760 2578 5834 καταδίκῃ
2606 5763 2701 5815 καὶ
2750 5762 2826 5832 τῷ
2859 5760 3161 5831 ἁναθέματι
3203 5761 3710 5828 καθυποὸάλλομεν.

3097 5858 3176 5918 23
