4090 6470
418 424 524 487 723

1229 429 1529 492 CONTRA
1579 432 2116 492 BARLAAMI'I‘AS
2153 433 2244 492 ET
2290 433 2878 496 ACINDYNIANOS.

3568 428 3674 489 ’τΞῆ

414 545 618 612 λέξεων
655 544 842 598 ἕνεκεν
864 544 1100 600 ἐνταῦθα
1160 548 1611 621 συνεληλύθαμεν
1644 569 1658 584 ’
1699 553 1844 606 οὐδὲ
1882 549 1994 623 γὰρ
2023 553 2074 611 Α
2169 551 2471 622 Γενομένης
2506 551 2561 604 δέ
2587 554 2678 606 καὶ
2703 551 2992 622 τετάρτης,
3029 547 3261 620 ἦρξαντο
3299 546 3463 600 πάλιν
3486 545 3535 598 οἱ
3561 548 3680 598 δια⁶
3751 561 3753 563 ί

414 638 546 706 περὶ
579 639 700 692 τῶν
732 639 1065 709 ὀνομάτων,
1093 643 1239 696 κατά
1276 643 1369 697 τὸν
1417 646 1705 713 Θεολόγον,
1734 649 1994 718 ζυγομα-

415 731 712 800 χήσομεν,
746 731 994 785 κίνδυνον
1025 731 1215 788 οὐδένα
1247 735 1446 798 εἰδότες
1473 737 1602 808 περὶ
1646 739 1746 802 τὰς
1799 739 1995 809 λέξεις,

413 822 519 886 ἕως
543 823 612 877 ἂν
630 826 660 876 ό
689 823 816 886 νοῦς
855 825 1123 894 ὑγιαίνειν
1151 827 1307 897 δοκῇ.

498 915 619 968 Ἐπὶ
648 915 906 981 τούτοιςό
938 918 1362 988 Θεσσαλονίκης.
1394 921 1610 986 Λέξεων
1661 925 1788 994 ἐμοὶ
1839 926 1997 995 λόγος

413 1005 613 1070 ὀλίγος,
636 1007 767 1077 ἔφη’
823 1011 906 1064 Οὐ
955 1012 1064 1079 γὰρ
1109 1013 1183 1066 ἐν
1209 1013 1482 1082 ,ῥήμασιν
1552 1015 1720 1084 ἡμῖν,
1757 1016 1896 1073 ἀλλ’
1928 1019 1999 1072 ἐν

414 1095 764 1163 πράγμασιν
791 1098 828 1165 ἡ
853 1098 1110 1167 ἁλήθειὰ
1131 1117 1193 1154 τε
1225 1102 1324 1155 καὶ
1354 1103 1392 1170 ἡ
1413 1103 1713 1170 εὐσέϐεια,
1733 1106 1877 1162 κατά
1904 1109 1996 1161 τὸν

415 1187 678 1254 Θεολόγον
709 1189 1034 1260 Γρηγόριον.
1070 1192 1206 1260 Περὶ
1230 1192 1286 1246 δὲ
1317 1193 1620 1262 δογμάτων
1657 1195 1752 1247 καὶ
1816 1211 1997 1265 πραγ-

421 1280 610 1346 μάτων
639 1279 729 1332 τὸν
767 1281 955 1348 ἀγῶνα
990 1281 1271 1351 ποιοῦμαι.
1303 1284 1420 1336 Κάν
1445 1303 1532 1346 τις
1555 1285 1650 1338 ἐπὶ
1678 1287 1788 1339 τῶν
1818 1305 1997 1358 πραγ-

417 1371 606 1438 μάτων
635 1373 916 1443 ὁμοφωνῇ,
969 1376 1110 1442 πρὸς
1138 1375 1239 1438 τὰς
1287 1376 1462 1440 λέξεις
1515 1378 1576 1430 οὐ
1637 1378 1995 1448 διαφέρομαι.

416 1460 558 1528 Πρὸς
579 1460 637 1514 δέ
662 1463 764 1532 τὴν
783 1465 936 1533 παρὰ
969 1463 1080 1516 τῶν
1110 1465 1386 1533 λεγόντων
1438 1471 1778 1538 κατηγορίαν
1818 1473 1998 1527 ἐκεῖνο

413 1554 584 1620 λέγω·
610 1554 714 1608 Δύο
740 1556 841 1625 μέν
867 1557 982 1624 ἐγὼ
999 1558 1270 1628 Θεότητας
1292 1560 1323 1630 ἢ
1356 1562 1561 1625 πολλάς
1583 1563 1675 1615 καὶ
1704 1563 1997 1635 διαφόρους

413 1647 505 1698 ἐπὶ
527 1647 624 1716 τῆς
653 1647 815 1714 ἁγίας
841 1649 1093 1718 Τριάδος,
1115 1650 1194 1712 ῶς
1221 1651 1392 1721 ἄλλην
1439 1654 1539 1722 μὲν
1579 1651 1720 1707 εἶναι
1742 1657 1838 1710 τοῦ
1882 1658 1998 1710 Πα-

412 1738 559 1806 τρδς.
587 1739 754 1805 ἀλλην
796 1739 853 1792 δὲ
901 1739 992 1793 τοῦ
1039 1741 1194 1800 Υίοῦ.
1221 1744 1390 1813 ἀλλην
1418 1746 1476 1798 δέ
1519 1746 1614 1799 τοῦ
1655 1747 1994 1818 Πνεύματος,

412 1828 537 1883 οὐτε
572 1831 868 1902 ἐφρόνησα,
901 1831 1025 1886 οὐτε
1061 1834 1265 1902 φρονῶ,
1308 1833 1432 1888 οὔτε
1476 1837 1583 1907 μὴν
1627 1837 1882 1907 φρονήσω
1926 1841 1991 1908 τῇ

411 1922 596 1990 χάριτι
630 1924 723 1975 τοῦ
759 1925 998 1993 Χριστοῦ
1021 1943 1033 1957 ’
1075 1927 1212 1980 ἀλλὰ
1233 1927 1473 1987 καὶτοὺς
1499 1927 1640 1981 οὕτω
1659 1927 1992 1998 φρονοῦντας

413 2013 810 2070 καθυποϐάλλω
844 2017 923 2088 τῷ
953 2018 1278 2087 ἀναθέματι.
1298 2019 1439 2071 Ἀλλ’
1465 2019 1584 2072 οὐδὲ
1615 2019 1745 2072 ἄλλο
1770 2021 1822 2073 τί
1848 2037 1990 2089 φημι

411 2103 656 2176 Θεότητα
689 2109 848 2169 ἐκτὸς
881 2109 985 2177 τῆς
1031 2112 1469 2179 τρισυποστάτου
1512 2111 1779 2179 Θεότητος
1807 2126 1822 2142 ·
1869 2110 1994 2164 οὔτε

410 2196 602 2249 οὐσίαν
636 2195 789 2249 θείαν
833 2198 865 2258 ἢ
939 2198 1263 2268 ἀγγελικὴν,
1312 2198 1436 2251 οὐτε
1492 2200 1810 2263 ὑπόστασιν,
1850 2201 1993 2252 κατά

411 2287 505 2340 τὸν
543 2287 713 2355 μέγαν
745 2287 1048 2350 Διονύσιον,
1081 2289 1195 2342 ἀλλ’
1213 2289 1494 2358 ἐνεργείας
1519 2288 1672 2352 θείας
1699 2291 1794 2343 καὶ
1821 2291 1993 2361 προό-

411 2378 536 2441 δους
571 2381 723 2444 τινὰς
759 2380 923 2450 φύσει
971 2379 1283 2450 προσούσας
1317 2382 1410 2436 καὶ
1450 2382 1509 2448 ἐξ
1535 2383 1708 2436 ἀϊδίου
1760 2382 1839 2453 τῷ
1874 2383 1992 2455 Θεῷ

413 2469 490 2540 τῷ
511 2472 609 2540 τῆς
641 2473 910 2545 Θεότητος
943 2475 1171 2545 ὀνόματι
1209 2474 1656 2545 προσηγόρευσα,
1677 2479 1792 2538 τοῖς
1815 2477 1991 2544 ἁγίοις

412 2565 660 2633 οἰόμενος
695 2567 964 2637 σύμφωνα
997 2568 1195 2636 λέγειν.
1251 2568 1395 2623 Ἀλλ’
1445 2572 1566 2624 οὐδέ
1625 2571 1793 2625 ταῦτα
1835 2566 1992 2622 εἷπον

412 2656 502 2720 ἂν,
523 2658 574 2710 εί
595 2658 670 2728 μὴ
695 2660 832 2730 πρὸς
861 2662 1108 2732 ἀνάγκην
1128 2657 1292 2732 ἦλθον
1317 2664 1465 2733 παρά
1480 2663 1573 2716 τοῦ
1598 2662 1990 2732 ἀντιλέγοντος,

414 2752 508 2804 καὶ
544 2750 686 2804 κατά
711 2753 1192 2821 άντιπαράστασιν
1235 2755 1329 2808 καὶ
1360 2755 1499 2824 πρὸς
1549 2758 1760 2808 ἐκεῖνον
1791 2758 1992 2821 ἀγωνι-

414 2843 659 2912 ζόμενος,
681 2846 852 2915 μόνην
876 2845 1133 2900 ἀκτιστον
1156 2847 1384 2916 λέγοντα
1405 2848 1652 2917 Θεότητα
1672 2847 1772 2919 τὴν
1799 2848 1991 2901 οὐσίαν

413 2935 509 2988 τοῦ
529 2936 684 3002 Θεοῦ,
716 2939 898 2992 πᾶσαν
932 2938 988 2992 δέ
1005 2940 1241 3010 δύναμιν
1267 2941 1362 2994 καὶ
1379 2941 1662 3010 ἐνέργειαν
1693 2941 1864 3005 θείαν,
1891 2942 1993 3010 τῆς

413 3027 602 3090 οὐσίας
625 3029 1019 3100 διαφέρουσαν,
1044 3033 1125 3095 είς
1151 3032 1357 3097 κτίσμα
1383 3033 1992 3096 κατασπῶντα.Ἀλλως

413 3134 471 3168 τε
506 3119 600 3172 καὶ
634 3119 782 3173 τοῦτ’
831 3116 1011 3186 εἷπον,
1049 3122 1111 3174 οὐ
1164 3121 1369 3181 πολλάς
1430 3121 1684 3188 συνάγων
1737 3120 1990 3174 ἐντεῦθεν

2103 646 2394 715 φερόμενοι
2417 645 2590 708 λέξεις
2611 645 2762 711 τινὰς
2781 643 3056 698 αἰτιᾶσθαι
3079 645 3218 712 ἐμφε
3229 640 3463 712 ρομένας
3485 639 3544 690 ἐν
3568 640 3682 700 τοῖς

2099 736 2193 792 τοῦ
2244 736 2645 804 Θεσσαλονίκης
2700 737 3138 806 συγγράμμασι,
3176 733 3283 785 τῶν
3334 731 3680 803 πραγμάτων

2099 829 2382 899 ἀφέμενοι.
2420 828 2528 883 Τοῦ
2555 829 2613 882 δέ
2659 828 2939 882 θειοτάτου
2982 826 3247 894 βασιλέως
3286 827 3381 878 καὶ
3427 824 3525 893 τῆς
3558 841 3683 874 συνο

2098 919 2220 972 ὁδου
2260 920 2359 987 τῆς
2389 920 2496 972 τῶν
2526 921 2870 988 πραγμάτων
2904 917 3204 985 ἐξετάσεως
3232 915 3555 984 γινομένων,
3586 913 3684 966 καὶ

2099 1011 2251 1082 παρὰ
2279 1011 2388 1064 τῶν
2419 1013 2518 1079 τῆς
2561 1009 2888 1074 Ἐκκλησίας
2937 1009 3206 1073 θεολόγων
3236 1008 3336 1069 τὰς
3373 1005 3681 1068 ἀποδείξεις

2099 1103 2208 1156 τῶν
2232 1102 2694 1173 προϐεϐλημένων
2715 1103 3043 1172 ζητούντων,
3073 1099 3454 1170 προεκομίσθη
3478 1101 3506 1151 ὁ
3539 1099 3682 1152 κατά

2096 1192 2190 1245 τοῦ
2215 1193 2480 1262 Βαρλαάμ
2503 1192 2744 1254 ἐκτεθεὶς
2767 1191 3043 1254 συνοδικὸς
3073 1191 3272 1259 Τόμος.
3305 1193 3399 1254 Ὃς
3439 1191 3683 1258 ἀναγνω-

2100 1285 2250 1347 σθεὶς
2279 1284 2526 1338 κελεύσει
2545 1283 2665 1353 θείᾳ
2689 1282 2784 1335 τοῦ
2803 1283 3172 1354 γαληνοτάτου
3201 1281 3464 1350 βασιλέως
3499 1281 3680 1349 ἡμῶν,

2097 1377 2392 1438 κοινωνοὺς
2423 1374 2510 1429 διὰ
2557 1375 2776 1429 πάντων
2809 1376 2906 1444 τῆς
2939 1375 3032 1428 τοῦ
3063 1373 3332 1444 Βαρλαάμ
3360 1372 3680 1438 κακοδοξίας

2097 1470 2222 1530 τοὺς
2250 1467 2681 1540 διαφερομένους
2711 1460 3014 1531 ἀπέδειξεν.
3042 1466 3115 1518 Οὐ
3149 1467 3255 1534 γὰρ
3289 1465 3580 1534 ἠνέσχοντο
3606 1461 3681 1532 μὴ

2098 1559 2186 1614 διὰ
2214 1560 2402 1622 τέλους
2450 1557 2756 1627 ἀντιλέγειν
2793 1561 2904 1622 τοῖς
2939 1559 3058 1612 ἐκεῖ
3107 1556 3517 1626 γεγραμμένοις
3551 1552 3681 1618 περί

2097 1669 2158 1706 τε
2193 1652 2387 1717 ἄλλων,
2410 1653 2504 1706 καὶ
2529 1651 2766 1722 μάλιστα
2797 1651 2927 1718 περὶ
2956 1649 3048 1702 τοῦ
3067 1648 3347 1702 θειοτάτου
3376 1645 3552 1715 φωτὸς
3581 1645 3682 1711 τῆς

2099 1744 2191 1798 τοῦ
2225 1745 2431 1815 Κυρίου
2468 1743 2988 1814 Μεταμορφώσεως.
3011 1742 3084 1795 Οὐ
3120 1739 3226 1810 μὴν
3257 1738 3369 1792 ἀλλ’
3393 1735 3684 1809 ἐρωτωμέ-

2102 1853 2208 1889 νων
2239 1835 2332 1888 τοῦ
2364 1852 2423 1888 τε
2461 1833 2864 1898 Θεσσαλονίκης
2896 1833 2989 1887 καὶ
3025 1831 3133 1884 τῶν
3172 1828 3580 1898 διαφερομένων
3614 1827 3680 1896 τῇ

2027 1910 2068 1964 Β
2109 1926 2430 1999 Ἐκκλησία,
2480 1927 2630 1987 ὅπως
2680 1925 2864 1994 έχουσι
2895 1923 3052 1991 δόξης
3102 1922 3232 1994 περὶ
3263 1918 3369 1990 ,τοῦ
3403 1917 3682 1970 θειοτάτου

2097 2019 2296 2088 φωτὸς,
2325 2020 2352 2071 ό
2389 2019 2486 2088 μὲν
2512 2017 2580 2070 δι’
2612 2010 2687 2070 ὧν
2720 2010 2842 2069 εἷπε
2871 2016 2963 2070 καὶ
2993 2009 3069 2069 ὧν
3099 2015 3309 2080 ἀνέγνω
3338 2010 3416 2073 είς
3446 2009 3683 2078 ἐπήκοον

2097 2113 2314 2166 πάντων
2347 2113 2409 2165 ἐκ
2440 2111 2549 2164 τῶν
2582 2107 2772 2163 ἑαυτοῦ
2824 2106 3276 2176 συγγραμμάτων
3295 2145 3310 2168 ,
3341 2103 3429 2156 διὰ
3461 2101 3681 2154 πάντων

2096 2204 2418 2271 ἀνεφαίνετο
2449 2203 2712 2272 ἀσφαλῶς
2749 2202 2848 2270 τῆς
2874 2200 2983 2253 τῶν
3015 2197 3286 2267 θεολόγων
3317 2195 3558 2256 διανοίας
3587 2191 3681 2256 ἐξ·

2096 2296 2436 2368 ηρτημένος’
2471 2297 2522 2348 οἱ
2549 2295 2606 2348 δὲ
2628 2333 2644 2359 ,
2679 2294 2748 2348 δι’
2781 2288 2858 2346 ὧν
2889 2308 2948 2344 τε
2977 2287 3131 2344 εἷπον
3177 2289 3271 2342 καὶ
3308 2280 3384 2342 ὧν
3433 2285 3685 2339 ἑάλωσαν

2099 2388 2589 2458 συγγραφόμενοι,
2657 2384 3066 2454 ἐξηλέγχθησαν
3125 2377 3536 2450 διχοτομοῦντες
3602 2376 3683 2438 είς

2096 2480 2290 2533 κτίστά
2324 2479 2421 2531 καὶ
2450 2479 2680 2533 ἀκτιτσα
2711 2478 2814 2546 τὴν
2870 2478 2995 2544 μίαν
3025 2474 3266 2542 Θεότητα
3314 2471 3409 2524 τοῦ
3441 2468 3681 2536 [ἰατρὸς.

2096 2575 2188 2626 καὶ
2219 2571 2310 2626 τοῦ
2337 2570 2468 2624 Υίοῦ
2498 2571 2592 2623 καὶ
2615 2567 2711 2622 τοῦ
2759 2568 2916 2636 ἁγίου
2970 2564 3306 2635 ιΙνεύματος,
3336 2562 3414 2632 τῷ
3446 2561 3548 2632 τὴν
3585 2559 3686 2630 μὲν

2094 2664 2282 2718 οὐσίαν
2314 2662 2406 2716 τοῦ
2439 2660 2574 2715 Θεοῦ
2607 2661 2862 2724 ἀκτιστον
2888 2657 3070 2725 λέγειν
3097 2656 3348 2725 θεότητα,
3383 2651 3687 2721 ἐστερημέ-

2097 2774 2194 2828 νην
2235 2756 2417 2827 πάσης
2446 2755 2732 2824 δυνάμεως
2761 2753 2856 2808 καὶ
2883 2750 3165 2821 ἐνεργείας
3198 2748 3349 2810 θείας
3374 2763 3387 2776 ⁸
3419 2747 3599 2800 πᾶσαν
3632 2743 3686 2796 δέ

2095 2849 2326 2917 δύναμιν
2358 2849 2454 2901 καὶ
2501 2847 2788 2915 ἐνέργειαν
2822 2843 2983 2910 Θεοῦ,
3021 2842 3116 2896 καὶ
3172 2839 3359 2902 ἀπλῶς
3397 2837 3457 2894 τὸ
3492 2835 3684 2888 τούτου

2099 2941 2514 3010 παντοδύναμον
2565 2937 2886 3000 ἀθετοῦντές
2931 2954 2990 2989 τε
3057 2936 3150 2989 καὶ
3197 2932 3546 3003 ἀρνούμενοι,
3597 2930 3688 2982 καὶ

2097 3039 2176 3098 είς
2209 3036 2485 3104 κτίσμαῒα
2513 3030 2906 3094 κατασπῶντες
2931 3029 3022 3082 τὸν
3055 3029 3208 3091 Θεὸν,
3243 3025 3458 3079 καὶδύο
3496 3023 3688 3090 λέγον-

2094 3145 2186 3189 τες
2211 3126 2372 3180 αὐτὸν
2400 3123 2697 3194 Θεότητας,
2734 3121 2992 3178 ἀκτιστόν
3020 3136 3079 3172 τε
3107 3120 3201 3172 καὶ
3235 3116 3482 3184 κτιστὴν,
3513 3115 3686 3182 ὑπερ-

411 3208 706 3308 Θεότητας,
741 3212 818 3276 ῶς
841 3213 996 3267 αὐτοὶ
1038 3213 1503 3282 καταψεύδονται·
1567 3212 1673 3267 καὶ,
1718 3212 1876 3282 δῆλον
1926 3215 1991 3266 ἐκ
2018 3243 2066 3308 c
2098 3220 2360 3289 κειμένην
2381 3234 2441 3270 τε
2467 3218 2560 3270 καὶ
2591 3215 2889 3285 ὑφειμένην
2922 3213 3121 3275 ὅντως·
3155 3210 3276 3263 ἐπεὶ
3314 3209 3406 3263 καὶ
3430 3207 3492 3260 τὸ
3525 3206 3580 3259 ἐν
3606 3203 3686 3275 τῷ

412 3299 520 3352 τῶν
541 3301 689 3369 ἐμῶν
709 3304 1180 3372 συγγραμμάτιον,
1196 3304 1306 3359 τῶν
1328 3322 1395 3360 τε
1418 3305 1596 3360 ἀλλων
1625 3306 1719 3358 καὶ
1742 3305 1843 3373 τῆς
1864 3305 1997 3375 δμο-

389 3388 620 3455 .λογίας.
644 3387 734 3441 Ἐν
766 3389 895 3442 πᾶσι
915 3390 1024 3457 γάρ
1051 3389 1365 3444 οὕτωτοῦτο
1398 3393 1706 3462 προάγεται
1727 3389 1995 3462 παρ’ἐμοῦ

409 3478 486 3542 ὡς
522 3481 628 3534 ὑπὸ
663 3483 773 3535 τῶν
807 3483 1200 3551 ἀντιλεγόντων
1236 3486 1335 3552 μὲν
1363 3483 1678 3554 λεγόμενον,
1709 3483 1802 3538 ὐπ’
1860 3482 1996 3551 ἐμοῦ

412 3574 468 3627 δέ
501 3574 575 3646 μὴ
603 3577 974 3648 στεργόμενον
1009 3594 1023 3608 ·
1057 3577 1188 3647 μίαν
1242 3577 1353 3647 γὰρ
1396 3573 1514 3630 οἶδα
1569 3578 1837 3645 Θεότητα,
1896 3576 1996 3647 τὴν

415 3666 584 3734 αὐτὴν
615 3668 1070 3738 τρισυπόστατον,
1097 3669 1192 3722 καὶ
1227 3666 1639 3736 παντοδύναμον
1665 3667 1753 3720 καὶ
1774 3667 1993 3734 ἐνεργῆ.

418 3759 562 3830 Πλὴν
591 3759 714 3812 οὐτε
736 3760 856 3813 τότε
890 3761 1021 3832 περὶ
1054 3761 1162 3813 τῶν
1185 3759 1390 3825 λέξεων
1409 3762 1436 3813 ὁ
1474 3758 1680 3822 σκοπὸς
1701 3759 1848 3828 ἐμοὶ,
1877 3756 1993 3814 ἀλλ’

424 3854 611 3916 ἅπαςό
637 3853 791 3920 ἀγὼν
820 3856 951 3924 περὶ.
976 3854 1086 3906 τῶν
1117 3857 1463 3923 πραγμάτων
1485 3867 1500 3885 ο
1547 3849 1674 3904 οὐτε
1708 3849 1803 3902 νῦν
1870 3850 1998 3917 περὶ

419 3945 694 4011 ὀνομάτων
763 3935 889 3998 και
928 3944 1210 3998 συλλαϐῶν
1270 3945 1624 4013 διαφέρομαι,
1665 3987 1667 3989 .
1701 3942 1836 3998 ἀλλά
1891 3946 2000 4002 τῶν

418 4035 761 4106 πραγμάτων
789 4033 1030 4095 εὐσεϐῶς
1064 4033 1577 4104 ἀνακηρυχθέντων,
1610 4035 1850 4104 Χριστοῦ
1901 4039 1998 4106 χά-

420 4144 528 4194 ριτι
553 4125 768 4195 ἕτοιμός
798 4127 916 4189 είμι
946 4126 1054 4179 πᾶν
1087 4126 1220 4195 ὅπερ
1259 4119 1381 4195 ἂνὴ
1411 4124 1532 4178 θεία
1558 4127 1778 4191 σύνοδος
1869 4134 2000 4199 περὶ

415 4221 526 4272 τῶν
557 4219 759 4285 λέξεων
812 4221 1043 4290 διαγνῷ,
1071 4219 1297 4289 στέρξαι
1334 4221 1429 4273 καὶ
1453 4221 1841 4285 ἀποδέξασθαι.
1884 4225 2000 4294 Ἐφ’

415 4309 497 4376 οἷς
533 4316 560 4367 ὅ
588 4333 646 4367 τε
676 4317 1067 4376 εὐσεϐέστατος
1093 4311 1188 4366 καὶ
1215 4310 1582 4378 γαληνότατος
1617 4313 1874 4384 βασιλεὺς
1905 4317 2002 4368 καὶ

415 4408 448 4475 ή
483 4407 603 4461 θεία
627 4407 843 4469 σύνοδος
890 4406 982 4459 τὸν
1012 4399 1414 4470 Θεσσαλονίκης
1465 4402 1860 4471 ἀποδεξάμενοι
1911 4404 2001 4458 διὰ

416 4500 634 4551 πάντων
661 4499 761 4569 τῆς
785 4495 1043 4558 εὐσεϐοῦς
1069 4495 1332 4563 διανοίας,
1443 4496 1570 4565 περὶ
1611 4495 1678 4548 τά
1734 4495 1855 4548 θεῖα
1891 4513 1986 4548 κε-

2099 3311 2368 3382 Θαϐωρίῳ
2384 3309 2607 3380 λάμψαν
2636 3307 2735 3376 τῆς
2765 3304 3032 3374 Θεότητος
3063 3303 3178 3371 φῶς
3205 3300 3336 3354 ποτέ
3370 3298 3469 3368 μὲν
3497 3295 3689 3351 οὐσίαν

2099 3406 2286 3474 ἔλεγον
2309 3398 2450 3458 εἶναι
2485 3400 2642 3465 Θεοῦ,
2676 3398 2809 3454 ποτέ
2834 3399 2890 3451 δέ
2921 3397 3115 3466 φάσμα
3147 3395 3239 3448 καὶ
3273 3394 3690 3462 παραπέτασμα

2099 3501 2193 3552 καὶ
2238 3497 2469 3567 ίνδαλμα
2527 3497 2623 3548 καὶ
2665 3493 2904 3560 κτίσμα’
2936 3490 3013 3553 ὡς
3055 3485 3198 3542 εἶναι
3230 3486 3350 3538 κατ’
3383 3483 3579 3544 αὐτοὺς
3628 3481 3691 3532 τὸ

2100 3591 2232 3646 αὐτὸ
2277 3590 2489 3657 κτίσμα
2526 3589 2619 3640 καὶ
2652 3584 2840 3639 οὐσίαν
2876 3581 3034 3636 Θεοῦ.
3088 3575 3576 3647 Προεκομίσθησαν
3631 3573 3689 3625 δὲ

2101 3684 2254 3754 παρὰ
2291 3680 2386 3736 τοῦ
2431 3669 2844 3745 Θεσσαλονίκης
2889 3673 2984 3731 καὶ
3019 3669 3325 3743 γράμματα
3359 3667 3589 3754 ἐκείνων
3611 3664 3692 3716 0!-

2101 3752 2400 3846 κειόχειρα,
2433 3774 2492 3825 ἐν
2525 3766 2604 3833 οἷς
2643 3767 2986 3839 κατηγόρουν
3015 3761 3208 3825 αὐτοῦ,
3239 3760 3498 3814 άκτιστον
3547 3752 3689 3808 εἷναι

2095 3870 2348 3937 λέγοντος
2385 3865 2445 3920 τὸ
2479 3864 2756 3918 θειότατον
2793 3857 3104 3926 ἐκεῖνοξφῶς
3138 3856 3230 3909 καὶ
3257 3851 3546 3920 man
3573 3849 3690 3899 ἀλλ’

2099 3963 2200 4015 οὐκ
2234 3959 2422 4013 οὐσίαν
2455 3956 2611 4011 Θεοῦ.
2680 3953 2840 4007 Ἀλλά
2871 3953 2963 4006 καὶ
2989 3949 3056 4003 δι’
3101 3942 3178 4002 ὧν
3219 3945 3565 4014 κατηγόρουν
3593 3940 3687 3992 τοῦ

2103 4049 2507 4116 Θεσσαλονίκης
2528 4091 2543 4112 ,
2577 4047 2649 4108 ὡς
2687 4045 2888 4106 πολλάς
2919 4043 3174 4111 λέγοντος
3201 4040 3496 4107 Θεότητας,
3534 4035 3689 4086 ἐπει-

2101 4145 2276 4214 δήπερ
2310 4143 2492 4203 πάσας
2542 4140 2640 4202 τὰς
2676 4139 2829 4199 θείας
2859 4137 2953 4190 καὶ
2999 4133 3183 4196 κοινὰς
3217 4130 3328 4184 τῶν
3362 4127 3530 4198 τριῶν
3561 4126 3692 4178 ὑπο-

2104 4213 2350 4289 στάσεων
2382 4231 2646 4299 δυνάμεις
2687 4245 2744 4279 τε
2777 4227 2871 4280 καὶ
2917 4224 3197 4293 ἐνεργείας
3226 4219 3514 4281 ἀκτίστους
3547 4213 3690 4269 εἶναι

2103 4325 2456 4384 διατείνεται,
2490 4322 2721 4391 φανεροὶ
2755 4316 3068 4386 γεγόνασιν,
3096 4312 3172 4374 ὡς
3207 4312 3268 4365 οὐ
3303 4308 3438 4377 πρὸς
3477 4307 3576 4369 τὰς
3601 4304 3691 4356 λέ-

2104 4419 2214 4485 ξεις
2243 4417 2426 4477 αὐτοῖς
2459 4417 2486 4467 ὁ
2519 4414 2786 4476 πόλεςλοςςο
2821 4409 2936 4464 ἀλλ’
2966 4407 3092 4461 οὐτε
3125 4402 3391 4473 διαφορὰν
3423 4400 3572 4461 θείας
3604 4397 3691 4451 οὐ-

2105 4509 2228 4572 σίας
2259 4509 2354 4560 κοιλ¹
2402 4505 2556 4566 θείας
2598 4500 2905 4572 ἐνεργείας,
2936 4497 3058 4554 οὔτε
3103 4496 3209 4566 μὴν
3244 4496 3503 4549 ἀκτιστον
3548 4485 3691 4541 εἶναι

417 4592 695 4660 χρημένος
713 4591 960 4656 διετέλει,
991 4592 1088 4644 καὶ
1118 4591 1356 4662 μάλιστα
1417 4592 1518 4660 τῆς
1563 4587 1996 4658 εὐγνωμοσύνης
2029 4602 2197 4672 υτὴν
2242 4602 2394 4654 θείαν
2439 4599 2538 4652 καὶ
2586 4593 3001 4661 παντοδύναμον
3049 4590 3332 4658 ἐνέργειαν
3386 4584 3688 4654 νομίξουσι.

416 4686 578 4738 αὐτὸν
604 4686 1018 4752 ἐπαινέσαντες,
1051 4684 1324 4756 Θεότητας
1361 4685 1460 4753 μὲν
1481 4685 1575 4739 δύο
1630 4685 1662 4748 ἢ
1691 4684 1918 4750 πολλὰς,
1967 4685 1999 4756 ἢ

2114 4693 2229 4757 Ἐφ’
2257 4685 2339 4752 οἷς
2363 4687 2736 4760 προτεθέντων
2763 4685 2873 4740 τῶν
2894 4683 3161 4750 θεολόγων
3195 4681 3294 4748 τῆς
3336 4674 3692 4744 Ἐκκλησίας,

333 5216 354 5222 ’
421 5148 608 5218 γειῶν,
635 5151 730 5204 καὶ
762 5151 907 5220 μάλα
970 5151 1064 5203 καὶ
1111 5151 1351 5204 νοεῖσθαι
1397 5150 1492 5203 καὶ
1554 5149 1809 5218 λέγεσθαι
1838 5168 2003 5220 προε-

416 4777 553 4841 ὅλως
592 4777 826 4848 ἀριθμὸν
852 4779 1162 4848 Θεοτήτων,
1202 4779 1342 4849 μήτε
1366 4777 1625 4844 λέγεσθαι
1692 4778 1830 4848 μήτε
1895 4778 2002 4847 μὴν
2099 4780 2417 4850 ἀνεγνώσθη
2457 4779 2568 4834 ἀπὸ
2620 4778 2720 4846 μὲν
2771 4774 2869 4830 τοῦ
2919 4774 3159 4843 μεγάλου
3204 4769 3486 4824 Βασιλείου
3522 4767 3692 4819 πολλὰ

418 4869 657 4922 νοεῖσθαι
687 4868 949 4936 ἀσφαλῶς
972 4870 1302 4936 διωρίσαντο
1324 4886 1336 4900 ο
1397 4869 1534 4937 μηδὲ
1581 4869 1688 4940 γὰρ
1745 4869 2003 4941 εἰρῆσθαι
2099 4888 2158 4925 τε
2193 4871 2329 4925 ἄλλα
2363 4871 2458 4922 καὶ
2495 4869 2560 4938 δὴ
2599 4868 2694 4924 καὶ
2729 4865 2902 4920 ταῦτα
2925 4879 2938 4893 ⁸
2963 4865 3029 4917 El
3060 4863 3173 4931 γὰρ
3211 4860 3396 4915 οὐδὲν
3428 4858 3504 4926 (ἲ)
3538 4856 3692 4918 ὅλως

416 4964 576 5019 τοῦτο
598 4967 752 5037 παρὰ
775 4966 886 5019 τῶν
917 4966 1185 5032 θεολόγων
1209 4966 1388 5036 ῥητῶς
1423 4981 1437 4995 ·
1479 4966 1749 5034 διαφορὰν
1815 4967 1998 5035 μέντοι
2099 4961 2197 5014 ἐπὶ
2230 4960 2379 5016 Θεοῦ
2429 4962 2556 5013 κατ’
2587 4958 2866 5014 ἐπίνοιαν
2913 4959 2944 5009 ό
2999 4954 3293 5021 Εὺνόμιος
3337 4947 3555 5018 θεωρεῖ,
3593 4948 3693 4998 ἵνα

420 5057 607 5122 οὐσίας
641 5059 789 5120 θείας
814 5059 908 5112 καὶ
927 5057 1080 5122 θείας
1110 5059 1423 5127 ἐνεργείας,
1450 5055 1482 5126 ἢ
1521 5057 1616 5110 καὶ
1645 5058 1809 5110 θείων
1843 5060 2000 5124 ἐνερ-
2098 5055 2182 5125 μὴ
2223 5053 2371 5121 δόξῃ
2399 5053 2801 5121 ἀνθρωπίναις
2832 5049 2937 5102 τὸν
2963 5048 3115 5100 Θεὸν
3141 5045 3470 5114 σεμνύνειν·
3500 5056 3691 5105 προσ-

2102 5147 2393 5215 ηγοριάις,
2445 5143 2642 5196 πάντα
2691 5142 2906 5209 ὁμοίως
2935 5139 3157 5193 οὐσίαν
3213 5134 3576 5203 ὁμολογήσει
3621 5139 3692 5182 ῖιι

420 5242 690 5311 τρέψαντο
722 5258 736 5272 '
772 5244 1071 5313 διαρρήδην
1089 5241 1181 5296 τοῦ
1245 5243 1490 5295 τοιούτου
1521 5241 1791 5310 δόγματος
1852 5242 2006 5309 παρά
2104 5239 2499 5306 ἐπιλεγόμενα
2537 5234 2614 5299 τῷ
2650 5233 2792 5296 Θεῷ.
2834 5231 2966 5297 Πῶς
2988 5225 3104 5284 οὖν
3135 5231 3207 5283 οὐ
3239 5226 3694 5294 καταγέλαστον

2107 5331 2170 5383 τὸ
2201 5329 2632 5399 δημιουργικὸν
2657 5327 2879 5382 οὐσίαν
2923 5322 3080 5378 εἶναι
3133 5323 3366 5391 λέγειν’
3438 5317 3497 5368 τὸ
3554 5333 3695 5381 πέτο-

3101 5416 3163 5467 τὸ
3239 5413 3693 5479 προγνωστικιιτν

421 5334 519 5402 τῆς
564 5333 889 5404 Ἐκκλησίας
914 5336 1358 5404 κεκηρυγμένον,
1388 5333 1460 5395 ὼς
1487 5335 1580 5385 καὶ
1605 5333 1756 5385 κάτω
1791 5334 2006 5402 δειχθή-

426 5443 599 5479 σεται.
648 5430 711 5479 Ὀ
781 5430 837 5481 δὲ
903 5429 1307 5496 Θεσσαλονίκης
1373 5426 1671 5496 προθύμως
1738 5428 1832 5476 καὶ
1882 5426 2002 5478 λίαν
2107 5423 2392 5490 νοητικὸν
2478 5424 2670 5475 πάλιν
2752 5419 3010 5481 οὐσίαν,

2112 5516 2426 5579 ὡσαύτως,
2462 5515 2560 5567 καὶ
2595 5509 2971 5576 ἁπαξαπλῶς
3006 5507 3215 5561 πᾶσαν
3249 5504 3553 5571 ἐνέργειαν
3592 5504 3694 5551 οιν-

2111 5610 2258 5662 σίαν
2286 5610 2552 5662 τίθεσθαι
2587 5624 2604 5671 ;

423 5516 674 5583 ἀσμένως
698 5517 854 5571 106:0
886 5517 1227 5582 κατεδέξατο’
1261 5517 1354 5569 καὶ
1439 5516 1534 5586 μὲν
1562 5514 1720 5584 τρίτη
1748 5517 2000 5568 συνέλευ-

427 5622 507 5668 σις
551 5621 608 5658 εν
643 5609 846 5670 τούτοις
875 5609 1246 5677 ἐτελεύτησεν.

1701 5752 1802 5834 Fr.
1843 5745 2209 5808 Combetisii
2241 5753 2427 5805 nutm.

495 5899 574 5970 (7)
612 5897 801 5967 lueple
861 5902 1143 5965 assumpta
1208 5896 1324 5951 hanc
1396 5909 1494 5964 pro
1557 5892 1777 5950 Palama
1805 5935 1817 5959 ,
1875 5909 2000 5949 cum
2039 5912 2218 5951 sermo
2249 5894 2320 5949 sit
2345 5895 2412 5950 de
2453 5893 2806 5948 distinctione
2840 5889 3089 5946 rationm.
