4090 6448
509 415 616 484 ’131

1703 421 1973 486 TOMUS
2014 420 2442 486 SYNODICUS
2482 423 2596 485 ΙΠ.

3676 389 3789 479 τε.

597 539 757 593 Οὖτω
780 537 837 590 δὲ
857 535 948 590 διά
982 535 1205 590 πάντων
1234 533 1444 591 τούτων
1468 537 1910 609 ἐξεληλεγμένοι.
1931 559 2104 614 προσ·
2135 547 2179 602 Δ
2210 563 2301 607 τος
2324 590 2337 610 ,
2366 546 2462 598 καὶ
2500 543 2788 613 μετανοίας
2820 537 3074 595 ἐντεῦθεν
3102 536 3274 610 θύραν
3306 539 3415 601 τοῖς
3459 536 3791 608 διαφερομὲ-

510 633 827 702 εκλήθησαν
877 628 1033 698 παρὰ
1090 628 1193 696 τῆς
1255 628 1588 699 Ἐκκλησίας
1638 631 1720 694 είς
1772 632 2103 702 μετάνοιαν,

509 724 688 779 πολλά
721 723 986 792 πρότερον
1019 721 1112 774 τοῦ
1148 720 1523 791 γαληνοτάτου
1560 721 1824 792 βασιλέως
1848 723 2007 794 ἡμῶν
2028 723 2105 796 μὴ

510 815 871 883 ἀποπηδῆσαι
900 812 1001 864 τοῦ
1038 811 1210 865 καλοῦ
1234 814 1346 881 τῆς
1382 811 1672 881 μετανοίας
1702 814 2000 884 φαρμάκου
2019 812 2108 866 λό-

502 925 635 977 γοις
666 907 806 962 πολὺ
842 905 905 959 τὸ
937 904 1230 972 ἐπαγωγὸν
1256 905 1354 958 καὶ
1384 906 1578 977 χάριεν
1619 903 1804 975 έχουσι
1856 921 2107 974 παρακεο

514 1002 787 1067 κληκότος
835 998 1062 1062 αὐτούς.
1091 999 1156 1051 Οῑ
1205 997 1264 1051 δέ
1311 998 1377 1052 οὐ
1426 996 1805 1065 κατεδέξαντο,
1842 997 2106 1067 ἄντικρυς

510 1095 785 1161 λέγοντες,
848 1092 962 1157 Τὰς
1005 1090 1186 1156 ὁδούς
1240 1106 1358 1145 σου
1391 1088 1612 1146 ειδέναι
1647 1090 1722 1143 οὐ
1763 1090 2105 1159 βούλομαι.

505 1187 818 1254 ,Ἐνέμενον
864 1182 977 1254 γάρ
1025 1178 1107 1246 οἷς
1136 1182 1327 1245 κακῶς
1379 1182 1628 1250 ἔγνωσαν
1660 1180 1721 1245 ἐξ
1764 1182 1961 1253 ἀρχῆς.
2008 1182 2108 1238 Διά

509 1279 671 1331 τοῦτο
717 1275 966 1329 κελεύσει
1001 1274 1122 1345 θείᾳ
1152 1273 1248 1327 τοῦ
1288 1273 1588 1344 κρατίστου
1639 1271 1907 1343 βασιλέως
1947 1274 2109 1344 ημῶν

512 1369 611 1423 καὶ
658 1367 754 1422 τοῦ
809 1366 1121 1433 ἀγιωτάτου
1177 1366 1275 1419 καὶ
1321 1362 1706 1432 οίκουμενικοῦ
1765 1365 2108 1437 πατριάρχου

509 1460 831 1530 ἀνεγνώσθη
864 1460 1044 1529 Τόμος
1082 1459 1177 1513 ἐπὶ
1223 1457 1548 1526 καθαιρέσει
1586 1459 1687 1528 μὲν
1741 1458 1951 1530 προϐάς
2003 1460 2110 1531 πρὸ

510 1555 711 1624 καιροῦ
760 1569 906 1615 τινος
942 1552 1042 1605 τοῦ
1078 1548 1330 1619 Ἐφέσου,
1359 1550 1454 1603 τοῦ
1507 1551 1707 1605 Γάννου
1750 1552 1844 1605 καὶ
1881 1550 2107 1622 ἐτέρων,

514 1646 595 1708 ὡς
624 1645 696 1700 τά
710 1644 989 1715 Βαρλαάμ
1018 1644 1115 1698 καὶ
1155 1642 1468 1698 Ἀκινδύνου
1498 1643 1871 1714 νενοσηκότων
1894 1660 1909 1675 ο
1942 1645 2111 1714 μήπω

514 1737 575 1792 δὲ
612 1738 696 1802 είς
733 1737 897 1807 ἔργον
930 1737 1162 1808 προϐάς,
1205 1736 1296 1790 διὰ
1325 1736 1388 1790 τὸ
1424 1735 1525 1805 τὴν
1559 1735 1897 1806 ἐπιστροφὴν
1930 1736 2112 1790 αὐτῶν

514 1830 614 1885 καὶ
659 1829 952 1900 μετάνοιαν
1003 1828 1320 1898 ἀναμένειν,
1368 1828 1466 1881 καὶ
1512 1828 1649 1881 πᾶσι
1702 1827 1928 1896 τρόποις
2015 1830 2111 1883 καὶ

516 1926 790 1995 μηχαναῖς
818 1920 1210 1976 ἀνακαλεῖσθαι
1243 1920 1449 1992 ταύτην
1478 1919 1577 1991 ὅλη
1609 1917 1888 1990 προθυμίᾳ
1919 1935 1979 1972 τε
2010 1922 2113 1974 καὶ

513 2015 746 2087 σπουδῇ.
781 2015 892 2069 Καὶ
937 2013 1420 2080 ἀναγνωσθέντος,
1452 2011 1659 2083 ἤρξατο
1707 2013 1739 2065 δ
1781 2010 2110 2081 τιμιώτατος

518 2106 694 2178 μέγας
740 2104 1093 2178 χαρτοφύλαξ
1150 2106 1246 2158 καὶ
1309 2104 1518 2167 ὕπατος
1597 2102 1707 2157 τῶν
1764 2102 2107 2171 φιλοσόφων,

513 2200 658 2255 κατά
690 2200 751 2253 τὸ
781 2199 1240 2270 ἐκκλησιαστικὸν
1274 2195 1416 2264 ἔθος,
1453 2198 1668 2269 ἐρωτᾷν
1705 2197 1940 2251 ἕκαστον
1970 2196 2111 2265 ὅπερ

510 2290 627 2362 ἔχει
654 2289 882 2361 γνώμης
906 2291 1040 2361 περὶ
1056 2288 1166 2344 τῶν
1195 2286 1338 2343 κατά
1371 2287 1539 2359 μέρος
1563 2287 1911 2359 λαληθέντων
1936 2301 1996 2339 τε
2015 2286 2110 2339 καὶ

510 2382 914 2449 ἐξετασθέντων
951 2382 1305 2452 δογματικῶν
1337 2379 1676 2450 κεφαλαίων.
1731 2381 1849 2434 Καὶ
1908 2379 2110 2442 πάντες

432 2506 448 2518 -ι
512 2474 594 2528 ἐνὶ
617 2474 847 2544 στόματι
877 2473 958 2538 ῶς
989 2474 1049 2540 ἐξ
1083 2472 1202 2538 ἐνὸς
1232 2473 1549 2544 κινούμενοι
1580 2472 1925 2543 Πνεύματος,
1965 2472 2107 2543 μετὶι

510 2565 608 2618 τοῦ
637 2565 919 2635 ἡνωμένου
949 2567 1046 2619 καὶ
1092 2566 1379 2638 θεοπρεπῆ
1407 2569 1683 2637 διάκρισιν
1720 2565 1814 2619 καὶ
1841 2565 2109 2634 διαφορὰν

510 2659 612 2728 τῆς
639 2659 788 2721 θείας
811 2659 1004 2723 οὐσίας
1032 2659 1128 2713 καὶ⁹
1148 2659 1432 2730 ἐνεργείας
1449 2660 1700 2730 φανερῶς
1724 2658 2103 2728 ὡμολόγησαν,

510 2751 624 2812 τοῖς
656 2749 931 2816 θεολόγοις
961 2749 1243 2820 ἑπόμενοι,
1267 2750 1527 2806 ἀκτιστόν
1550 2767 1608 2804 τε
1639 2750 1741 2821 τὴν
1766 2750 1921 2805 θείαν
1959 2750 2108 2819 ἐνέρ-

511 2857 692 2910 γειαν,
721 2844 786 2897 οὐ
844 2844 978 2914 δῆτα
1028 2844 1125 2898 καὶ
1156 2843 1257 2914 τὴν
1290 2843 1484 2897 οὐσίαν
1529 2842 1817 2914 ἔστερξαν.
1847 2843 1958 2898 Καὶ
1986 2842 2107 2898 θεό·

510 2932 771 3005 τητα’καὶ
793 2934 1000 3003 ταύτην
1032 2932 1098 3005 δὴ
1118 2932 1218 3003 τὴν
1249 2931 1401 2986 θείαν
1417 2932 1704 3003 ἐνέργειαν
1733 2932 2104 3004 ὀνομάζεσθαι

512 3026 667 3093 παρά
715 3025 828 3080 τῶν
873 3026 1058 3081 αὐτῶν
1106 3025 1377 3095 θεολόγων
1429 3025 1792 3092 ἀκούσαντες,
1851 3026 2105 3097 ἀσμένως

513 3118 785 3183 ἐδέξαντο.

2208 655 2322 701 νοις
2367 637 2547 705 σοφῶς
2603 635 3014 702 ύπανοίγοντοςο
3051 633 3162 688 τῶν
3210 632 3267 686 δέ
3301 631 3392 686 καὶ
3433 630 3513 686 ἔτι
3552 630 3794 692 ἀνιάτως

2210 730 2467 801 ἐχόντων,
2500 728 2647 794 ἔδοξε
2694 728 2907 781 δίκαιον
2960 726 3180 781 σύνοδον
3210 725 3407 796 ἑτέραν
3445 722 3609 778 πάλιν
3658 738 3796 788 συγ-

2207 820 2549 892 κροτηθῆναι
2569 862 2585 886 ,
2617 818 2760 873 ὥστε
2793 819 2860 872 δι’
2890 818 3189 884 ἐξετάσεως
3222 816 3605 886 φανερωτέραν
3634 813 3797 879 γενέ-

2215 912 2340 967 σθαι
2390 910 2681 982 περιιτῶν
2734 909 3197 978 προϐεϐλημένων
3225 905 3324 977 τὴν
3353 905 3453 976 τῆς
3509 903 3796 964 εὐσεϐείας

2210 1004 2469 1075 ἀλήθειαν
2499 1005 2565 1056 ἐκ
2589 1002 2697 1054 τῶν
2716 1005 2826 1064 τοῖς
2855 1001 3031 1069 ἁγίοις
3058 996 3558 1067 τεθεολογημένων.
3590 995 3699 1049 Καὶ
3723 992 3796 1061 δὴ

2211 1098 2532 1167 γενομένης,
2563 1093 2673 1148 τῶν
2703 1092 3161 1164 ἐτεροδοξούντων
3193 1088 3506 1158 ἀπαντῆσαι
3540 1088 3614 1157 μὴ
3669 1084 3826 1154 βου-⁵

2210 1189 2510 1259 ληθέντων,
2548 1186 2665 1242 ἀλλ’
2692 1186 3041 1242 ἀπειπόντων
3071 1182 3233 1238 τοῦτο
3266 1178 3546 1245 καθάπαξ,
3580 1177 3609 1229 ό
3638 1177 3800 1230 εὐσε-

2211 1281 2475 1344 ϐέστατος
2497 1279 2750 1334 ἐκέλευσε
2779 1276 3054 1348 βασιλεὺς,
3084 1273 3294 1329 πολλῶν
3318 1269 3666 1341 δογματικῶν
3695 1283 3800 1320 κε-

2214 1373 2461 1444 φαλαίων
2505 1369 2968 1441 προϐεϐλημένων
3007 1370 3088 1431 είς
3137 1367 3387 1437 ζήτησιν,
3419 1361 3639 1432 πρῶτον
3689 1360 3791 1428 μέκ

2211 1470 2262 1521 εί
2309 1465 2456 1521 ἐστιν
2507 1464 2602 1520 ἐπὶ
2631 1464 2766 1518 Θεοῦ
2813 1462 3123 1532 θεοπρεπὴς
3155 1458 3425 1529 διάκρισις
3463 1453 3651 1516 οὐσίας
3694 1450 3794 1504 καὶ

2213 1558 2533 1628 ἐνεργείας’
2574 1556 2770 1610 ἔπειτα
2806 1553 3136 1623 διακρίσεως
3175 1547 3567 1617 ἀναφανείσης.
3621 1544 3792 1598 πότε-

2218 1669 2309 1723 ρον
2339 1652 2373 1723 ἠ
2402 1652 2654 1721 ἐνέργεια
2684 1649 2823 1720 αὕτη
2852 1648 3045 1716 κτιστή
3084 1647 3252 1708 ἐστιν,
3285 1643 3319 1714 ἦ
3350 1641 3606 1700 ἀκτιστος
3628 1654 3644 1670 ο
3676 1634 3797 1701 τρία

2213 1760 2308 1795 τον
2342 1742 2399 1795 δὲ
2428 1742 2545 1809 εῐγε
2582 1740 2838 1802 ἀκτιστος
2873 1734 3224 1806 ἀποδειχθείη
3258 1733 3292 1804 ἡ
3325 1729 3632 1800 θεοπρεπὴς
3652 1726 3797 1795 αῦτη

2217 1835 2493 1906 ἐνέργεια,
2547 1833 2667 1893 πῶς
2716 1832 2782 1887 ἄν
2815 1848 2895 1893 τις
2948 1827 3175 1897 ἐκφύγοι
3209 1826 3273 1879 τὸ
3311 1824 3384 1896 μὴ
3438 1821 3590 1892 παρά
3637 1818 3800 1873 τοῦτο

2215 1923 2471 1977 σύνθετον
2510 1923 2601 1976 τὸν
2647 1920 2780 1974 Θεὸν
2809 1917 2950 1973 εῖναι
2976 1918 3242 1990 νομίζειν,
3271 1918 3409 1985 ὅπερ
3452 1914 3503 1966 οί
3550 1909 3801 1981 ἐτεροδο-

2214 2011 2433 2079 ξοῦντες
2458 2012 2760 2082 προφέρειν
2787 2010 3029 2080 τολμῶσι
3068 2011 3134 2079 τῇ
3165 2007 3259 2061 τοῦ
3289 2004 3426 2060 Θεοῦ
3467 2002 3797 2071 Ἐκκλησία.

2210 2104 2488 2176 Τέταρτον
2521 2104 2601 2168 δέ,
2633 2103 2747 2172 εῐγε
2776 2103 2811 2174 η
2844 2101 2998 2171 φωνὴ
3033 2101 3133 2171 τῆς
3157 2099 3427 2167 Θεότητος
3452 2094 3553 2147 ούκ
3581 2092 3671 2144 ἐπὶ
3694 2090 3803 2157 τῆς

2210 2199 2401 2262 οὐσίας
2431 2199 2614 2268 μόνον,
2662 2197 2800 2251 ἀλλά
2835 2198 2931 2250 καὶ
2976 2195 3073 2263 τῆς
3130 2192 3284 2255 θείας
3312 2187 3594 2260 ἐνεργείας
3645 2184 3804 2251 παρά

2209 2291 2318 2345 τῶν
2351 2290 2621 2358 θεολόγων
2657 2288 2918 2358 ὕμνηται.
2952 2286 3062 2340 Καὶ
3091 2287 3156 2339 ἐκ
3197 2282 3387 2336 τούτου
3421 2280 3530 2349 γὰρ
3565 2276 3663 2349 τὴν
3695 2277 3803 2341 τῆς

2209 2381 2417 2445 διθετας
2453 2381 2735 2451 ἀμορφίαν
2770 2380 2869 2450 τῆς
2925 2375 3255 2448 Ἑκκλησίας
3307 2372 3403 2426 τοῦ
3451 2367 3589 2423 Θεοῦ
3629 2384 3807 2421 κατα-

2209 2478 2431 2546 χέουσιν
2472 2477 2520 2530 οἱ
2569 2475 2775 2543 ταύτης
2830 2475 3102 2545 πολέμιοι.
3132 2468 3497 2548 Πέμπτον-δέ,
3560 2467 3716 2534 εἴπερ
3744 2465 3799 2519 οί

2209 2568 2453 2636 θεολόγοι
2505 2568 2650 2622 κατά
2698 2584 2746 2622 τι
2809 2567 2908 2636 τὴν
2952 2564 3143 2619 οὐσίαν
3175 2562 3275 2633 τῆς
3315 2558 3593 2628 ἐνεργείας
3628 2557 3803 2626 ύπερ-

2208 2659 2424 2715 κεϊσθαί
2470 2676 2657 2729 φασιν,
2716 2658 2839 2712 ἐπεὶ
2871 2658 2964 2711 καὶ
2992 2656 3153 2710 τοῦτο
3194 2656 3325 2723 τοῖς,
3358 2648 3796 2718 ἐναντιουμένοις

2208 2754 2313 2809 ύπδ
2339 2756 2549 2827 μέμψιν
2575 2755 2741 2810 τελεῖ.
2767 2754 2879 2809 Καὶ
2902 2752 3092 2806 λοιπὸν
3119 2751 3198 2805 ἐτι
3231 2745 3367 2802 Θεοῦ
3401 2742 3789 2816 μετεχομένου,

2209 2836 2451 2920 πότεροκῖ
2469 2848 2613 2902 κατά
2649 2849 2750 2916 τὴν
2779 2845 2967 2900 οὐσίαν
3005 2843 3229 2915 μετοχὴ,
3259 2842 3292 2912 ἦ
3330 2841 3472 2894 κατά
3503 2836 3602 2909 τὴν
3636 2835 3793 2901 ἐνέρ-

2206 2960 2386 3011 γειαν.
2458 2938 2745 2995 Τοσούτων
2811 2936 3195 3009 προκειμένων
3258 2935 3391 3005 ἡμῖν
3459 2927 3794 3001 ζητημάτων

2206 3036 2429 3106 ἀρτίως,
2462 3035 2522 3088 οὐ
2552 3033 2660 3105 χρὴ
2694 3034 2825 3104 περὶ
2853 3032 3072 3087 πάντων
3096 3028 3232 3098 όμοῢ
3265 3025 3523 3096 ποιῆσθαι
3550 3021 3677 3083 τούς
3702 3018 3796 3072 λόο

2206 3145 2336 3195 γους
2358 3144 2374 3161 ο
2409 3127 2618 3196 γένοιτο
2645 3127 2753 3197 γάρ
2784 3125 2849 3180 ἀν
2880 3124 3105 3193 οὕτωςή
3139 3120 3231 3176 τοῦ
3264 3117 3599 3190 ζητουμένου
3624 3114 3797 3169 κατά-

597 3208 723 3264 Ἐπὶ
748 3208 967 3273 τούτοις
1000 3206 1437 3280 ἐρωτηθεὶςκαὶ
1480 3212 1511 3265 ό
1544 3208 1852 3279 ἀγιώτατος
1882 3209 1979 3265 καὶ
2023 3212 2103 3264 οί-
2131 3223 2177 3282 c
2206 3217 2371 3288 ληψις
2423 3216 2679 3287 οὐδαμῶς
2732 3215 2991 3286 ἀκριϐὴς,
3037 3212 3158 3266 οὐδὲ
3197 3210 3337 3264 κατὰ
3373 3208 3471 3277 τὴν
3518 3205 3795 3276 ἡμετέραν

512 3299 842 3370 κουμενικδς
872 3302 1225 3373 πατριάρχης
1270 3303 1365 3356 καὶ
1398 3301 1562 3364 αὐτὸς
1591 3300 1693 3373 τὴν
1735 3301 1944 3355 οἰκείαν
1968 3300 2114 3369 γνώ-

518 3410 628 3462 μην
657 3391 990 3459 ἐξενεγκεῖν,
1026 3391 1187 3461 λόγον
1228 3409 1290 3446 τε
1339 3390 1629 3459 διεξελθὼν
1681 3389 1949 3463 πρότερον
1981 3389 2114 3459 περὶ

508 3484 779 3553 διαφορᾶς
808 3482 960 3548 θείας
991 3484 1184 3548 οὐσίας
1212 3485 1307 3538 καὶ
1336 3484 1491 3548 θείας
1517 3482 1827 3554 ἐνεργείας,
1860 3483 1958 3536 καὶ
1985 3484 2115 3544 τοὺς

512 3576 673 3647 παρὰ
697 3576 807 3630 τῶν
847 3575 1023 3646 άγίων
1048 3576 1383 3646 λεγομένους
1417 3576 1520 3647 τῆς
1551 3575 1820 3645 διαφορᾶς
1850 3573 2113 3644 τρόπους,

508 3671 698 3724 πάντα
729 3669 912 3733 καλῶς
955 3669 1053 3724 καὶ
1093 3669 1240 3724 κατά
1297 3670 1465 3740 μέρος
1499 3668 1906 3740 διευκρινήσας,
1940 3667 2021 3719 ἔτι
2052 3683 2114 3720 τε

515 3760 709 3817 καὶτὸ
752 3761 1038 3832 ἡνωμένον
1071 3761 1167 3814 καὶ
1223 3760 1531 3831 ἀχώριστον
1576 3758 1783 3830 ταύτης
1817 3757 1953 3827 πρὸς
2014 3757 2116 3828 τὴν

508 3852 669 3906 ιθείαν
713 3853 904 3906 οὐσίαν
935 3851 1250 3918 ἀποδείξας,
1282 3853 1341 3904 ἐν
1377 3845 1460 3913 οἷς
1510 3848 1607 3904 καὶ
1649 3849 1910 3904 ἀκτιστον
1960 3848 2119 3915 ἐνέρ-

516 3962 698 4014 γειαν,
746 3944 850 3998 καὶ
880 3944 1126 4013 Θεότητα
1154 3944 1304 4013 παρά
1344 3943 1455 3996 τῶν
1487 3943 1659 4012 ἁγίων
1692 3941 1951 4011 εἰρῆσθαι
1984 3942 2120 3993 ἀπε-

508 4038 751 4107 φήνατο,
774 4036 876 4107 τῆς
909 4036 1045 4106 πρὸς
1075 4036 1203 4100 τοὺς
1220 4035 1648 4105 διαφερομένους
1676 4034 1874 4087 ἔπειτα
1915 4049 2119 4102 παραι-

510 4128 720 4191 νέσεως
770 4128 894 4190 ὅλος
930 4127 1168 4196 ἐγένετο,
1224 4125 1587 4196 παρακαλῶν,
1625 4124 1917 4189 νουθετῶν,
1966 4123 2121 4185 ἐλέγ-

513 4236 636 4297 χων
663 4234 678 4249 ο
709 4219 844 4271 πᾶσι
866 4217 1091 4288 τρόποις
1133 4218 1268 4287 πρὸς
1301 4216 1596 4286 μετάνοιαν
1630 4215 1829 4279 αὐτοὺς
1859 4213 2121 4268 ἐκκαλούι

526 4327 713 4379 μενος,
745 4308 964 4403 καὶκτὴν
994 4309 1131 4378 πρὸς
1158 4310 1286 4371 τοὺς
1317 4308 1509 4376 ἀγίους
1542 4307 1639 4361 καὶ
1669 4307 1767 4378 τὴν
1806 4308 1959 4379 ίεράν
1994 4308 2120 4362 σύν-

510 4404 644 4457 οδον
676 4399 1034 4472 συμφωνίαν,
1071 4400 1189 4472 μετ’
1236 4401 1318 4455 ἐτι
1357 4399 1624 4472 πλείστης
1673 4401 1986 4471 προθυμίας
2027 4401 2119 4454 καὶ

2215 3305 2515 3376 πρόθεσιν,
2575 3305 2711 3359 ἀλλὰ
2778 3304 2907 3374 περὶ
2966 3302 3201 3355 έκάστου
3255 3300 3361 3370 ίδίᾳ
3415 3294 3791 3362 διαλάϐωμεν,

2194 3391 2243 3452 ’δ
2298 3398 2364 3470 δὴ
2419 3400 2532 3462 τοῖς
2584 3395 2849 3451 ἀπλανέσι
2907 3394 3184 3466 χρώμενοι
3240 3394 3353 3454 τοῖς
3406 3390 3625 3450 σεπτοϊς
3674 3384 3794 3439 θεο-

2215 3488 2420 3557 λύγοις.

2288 3580 2400 3634 Καὶ
2427 3579 2643 3656 πρῶτον
2678 3583 2724 3633 εί
2757 3579 2906 3634 δοκεῖ
2940 3578 3069 3648 περὶ⁸
3110 3574 3203 3630 τοῦ
3242 3574 3460 3642 πρώτου
3500 3571 3749 3637 λέγωμεν
3772 3581 3790 3599 ι

2216 3666 2347 3744 Ἀρ⁹
2372 3670 2486 3725 ἔστι
2517 3671 2829 3742 θεοπρεπὴς
2860 3671 3136 3740 διάκρισις
3185 3667 3279 3721 ἐπὶ
3319 3663 3453 3718 Θεοῦ
3487 3663 3670 3722 οὐσίας
3707 3657 3796 3710 καὶ

2218 3762 2543 3833 ἐνεργείας,
2601 3763 2741 3833 ὅπερ
2806 3764 2919 3825 τοῖς
2984 3760 3408 3829 διαφερομένοις
3472 3753 3793 3820 ἀπείρηται.

2222 3856 2395 3912 πολλά
2441 3873 2500 3909 τε
2549 3855 2685 3911 ἄλλα
2740 3854 2920 3909 ἄτοπα
2979 3854 3075 3908 καὶ
3130 3849 3425 3905 πολυθεῖαν
3482 3849 3547 3900 ἐκ
3604 3844 3792 3899 τούτου

2221 3949 2477 4017 συνάγειν
2531 3947 2823 4017 οίομένοις,
2880 3946 2914 4016 ἢ
2984 3944 3185 3999 ταυτὸν
3239 3942 3416 4012 πάντη
3493 3937 3589 3993 καὶ
3645 3934 3789 3989 ἀδιά-

2220 4058 2389 4110 φορον
2411 4057 2425 4103 ;

2291 4130 2482 4185 Ταῦτα
2526 4129 2621 4183 τοῦ
2671 4130 2966 4200 κρατίστου
3010 4126 3275 4196 βασιλέως
3332 4123 3711 4184 κελεύσαντος,
3761 4121 3794 4189 ἡ

2221 4223 2342 4277 θεία
2377 4223 2590 4284 σύνοδος
2621 4225 2731 4285 τοῖς
2766 4223 3087 4290 λεγομένοις
3127 4217 3495 4286 προσσχοῦσι.
3566 4215 3682 4267 Οὐκ
3710 4212 3799 4266 άλ-

2220 4314 2345 4385 λην,
2387 4310 2566 4379 εἶπον,
2612 4313 2772 4383 ἴσμεν
2812 4312 2951 4380 ὁδὸν,
2987 4313 3232 4366 θειότατε
3292 4308 3540 4382 βασιλεῦ,
3595 4307 3797 4378 ῥᾳδίως

2223 4404 2361 4475 πρὸς
2392 4404 2661 4477 ἀλήθειαν
2701 4403 2978 4474 φέρουσαν
3006 4403 3039 4473 ἢ
3079 4400 3287 4469 ταύτην
3330 4401 3396 4469 ἢν
3429 4397 3634 4471 ἀρτίως
3666 4397 3802 4466 ημῖν

520 4497 765 4568 σπουδῆς
798 4495 1066 4567 θεοφιλῶς
1109 4493 1581 4567 προτρεπόμενος.
1629 4495 1719 4558 Ὦς
1740 4493 1800 4548 δὲ
1834 4494 1932 4548 καὶ
1977 4493 2122 4548 οὕτω
2224 4498 2548 4566 ὑπέδειξας⁹
2590 4495 2825 4552 καὶτῶν
2860 4494 3129 4565 θεολόγων
3169 4493 3244 4557 ὠς
3275 4491 3461 4562 ἔχουσι
3501 4489 3633 4560 περὶ
3675 4487 3804 4541 τού-

516 4589 747 4651 τούτους
806 4587 954 4659 ἐώρα
997 4585 1233 4649 ἀνιάτως
1264 4587 1527 4656 ἔχοντας,
1582 4584 1694 4639 τῶν
1728 4602 1791 4638 τε
1825 4585 2115 4655 προτέρων
2148 4568 2193 4624 D
2219 4608 2330 4646 των
2355 4590 2583 4661 γνώμης
2638 4591 2720 4655 εἰς
2774 4589 3014 4659 ἐπήκοον
3054 4586 3273 4640 πάντων
3312 4580 3798 4651 ἀναγνωσθέντων,

516 4681 886 4752 βλασφημιῶν
920 4680 1218 4751 ἐχομένους
1246 4678 1533 4745 καθάπαξ,
1560 4678 1654 4731 καὶ
1683 4677 1785 4749 τὴν
1821 4677 2118 4746 μετάνοιαν

519 4776 878 4827 παντάπασιν
928 4768 1382 4839 ἀποσειομένους,
1424 4768 1586 4838 ζῆλον
1624 4766 1916 4823 ἀναλαϐὼν
1966 4766 2118 4834 ἄξιον

524 4866 624 4934 μὲι
645 4863 843 4917 ἑαυτοῦ
874 4862 969 4917 καὶ
996 4861 1096 4931 τῆς
1138 4863 1205 4914 ὲκ
1237 4859 1429 4923 παιδὸς
1471 4860 1705 4929 ἀρετῆς,
1741 4860 1895 4927 ἀξιον
1922 4860 1980 4914 δὲ
2020 4859 2116 4914 τοῦ

521 4956 740 5028 θρόνου,
776 4955 869 5008 τδν
900 4953 998 5024 μὲν
1039 4950 1267 5022 Ἐφέσου
1298 4951 1394 5006 καὶ
1425 4952 1518 5007 τὸν
1553 4952 1757 5007 Γάννου
1788 4952 1899 5005 τῶν
1931 4953 2118 5024 ἀρχιε-

526 5048 769 5118 ρατικῶν
801 5045 1089 5117 συμϐόλων
1110 5046 1207 5099 καὶ
1235 5044 1420 5114 πάσης
1447 5043 1748 5117 ἱερωσύνης
1777 5049 2116 5116 ἀπογυμνοῖ,

519 5142 683 5197 τοῦτο
728 5139 824 5193 καὶ
853 5137 956 5206 τῆς
1007 5136 1161 5205 ἱερᾶς
1194 5136 1702 5209 συμψηφισαμένης
1745 5138 2006 5191 σύνοδον
2065 5136 2115 5190 οί

515 5232 581 5288 δὲ
612 5231 708 5283 σὺν
736 5228 919 5291 αὐτοῖς
937 5228 1143 5298 ἕτεροι,
1174 5227 1229 5281 οζ
1258 5243 1320 5281 τε
1352 5227 1453 5298 τῆς
1476 5226 1746 5299 αἱρέσεως
1775 5229 2118 5300 προϊστάμε-

519 5340 626 5387 νοι,
661 5321 757 5374 καὶ
801 5320 850 5373 οί
876 5319 1091 5383 τούτοις
1138 5319 1324 5383 κακῶς
1357 5319 1641 5391 ἑπόμενοι,
1678 5320 1779 5392 τὴν
1811 5321 2116 5385 καταδίκην

524 5414 648 5483 μεθ’
678 5410 888 5466 ἑαυτῶν
914 5411 1153 5483 ἔχοντες,
1182 5412 1630 5481 ἀποπέμπονται,
1660 5414 1826 5468 τινῶν
1862 5412 2113 5482 συγγνώ-

525 5519 639 5573 μην
673 5503 1039 5569 αίτησάντων,
1071 5504 1165 5557 καὶ
1194 5503 1286 5557 διὰ
1323 5505 1617 5574 μετανοίας
1647 5505 1855 5575 ταύτης
1885 5521 2117 5577 τετυχη-

526 5595 726 5652 κότων.
749 5594 859 5650 Καὶ
882 5597 1041 5668 ήομέν
1069 5596 1384 5662 συνωιευσις
1409 5595 1549 5671 αῦτη
1572 5598 1630 5651 ὲν
1654 5597 1869 5661 τούτοις
1902 5595 2116 5651 ἐτελεύ-

522 5702 687 5757 τησε.

602 5779 842 5855 Ἡμέραι
867 5784 913 5838 δ’
947 5786 1006 5851 ἐξ
1044 5787 1257 5841 ἐκείνου
1287 5786 1687 5859 παρερρύησαν
1731 5785 1934 5852 ὀλίγαι,
1972 5785 2116 5839 οὕτω

526 5873 619 5928 ἰυῦ
652 5882 1017 5958 γαληνοτὲιτου
1039 5884 1130 5940 καὶ
1164 5882 1317 5955 ἁγίου
1347 5882 1612 5958 βασιλέως
1632 5879 1791 5952 ἡμῶν
1822 5877 2115 5934 κελεύσαν-

2220 4681 2520 4753 ἀπεδείχθη
2560 4683 2644 4736 ὅτι
2673 4682 2725 4736 οί
2778 4680 2855 4752 μὴ
2921 4677 3064 4750 μετά
3100 4678 3198 4731 τοῦ
3252 4675 3537 4748 ὴνωμένου
3589 4671 3685 4727 καὶ
3736 4672 3801 4725 τὸ

2217 4773 2650 4845 διακεκριμένον
2705 4770 2804 4841 τῆς
2873 4769 3029 4833 θείας
3095 4768 3287 4832 οὐσίας
3358 4765 3455 4820 καὶ
3516 4761 3802 4831 ἐνεργείας

2217 4865 2617 4935 πρεσϐεύοντες
2662 4863 2820 4917 άθεοί
2852 4862 2912 4916 τέ
2942 4862 3063 4937 εισι
3075 4863 3172 4915 καὶ
3196 4860 3416 4924 πολλοῖς
3440 4857 3653 4951 Enipei:
3672 4856 3804 4909 ἀτό-

2220 4976 2346 5021 ποις
2375 4958 2607 5021 ὲαυτούς
2636 4954 3054 5026 περιϐάλλουσι.
3117 4953 3277 5007 Κατὰ
3326 4949 3437 5021 γάρ
3489 4947 3583 5002 τὸν
3624 4947 3804 5019 μέγαν

2217 5051 2526 5115 Διονύσιον,
2597 5049 2670 5104 Τὸ
2722 5047 3030 5118 μηδεμίαν
3092 5045 3355 5115 δύναμιν
3390 5043 3429 5111 ἢ
3493 5041 3805 5109 ἐνέργειαν

2216 5142 2367 5210 ἕχον
2400 5140 2540 5209 οὔτε
2568 5138 2764 5203 ἐστιν,
2800 5137 2942 5192 οὔτε
2961 5136 3022 5190 τί
3042 5136 3249 5189 ἐστιν’
3286 5133 3431 5187 οὔτε
3475 5131 3611 5184 ἐστι
3648 5145 3805 5181 παν-

2216 5234 2405 5302 τελῶς
2430 5232 2619 5288 αὑτοῦ
2641 5230 2811 5299 θέσις
2853 5230 2893 5300 ἢ
2923 5229 3267 5299 ἀφαίρεσις.
3331 5224 3408 5279 Τὸ
3459 5224 3519 5278 δὲ
3564 5222 3709 5292 ἔχον,
3738 5213 3803 5273 οὗ

2217 5329 2331 5399 ἔχει
2369 5327 2512 5381 κατά
2559 5342 2613 5379 τι
2660 5325 2910 5394 διαφέρει
2961 5322 3204 5385 πάντως.
3281 5319 3344 5373 El
3400 5314 3496 5371 οὖν
3551 5314 3651 5367 οὐκ
3681 5312 3800 5365 ἔστι

2216 5420 2455 5489 διαφορά
2489 5419 2588 5484 τῆς
2618 5415 2775 5479 θείας
2807 5414 3000 5478 οὐσίας
3032 5413 3129 5466 καὶ
3161 5409 3468 5482 ἐνεργείας,
3496 5405 3596 5460 οὐκ
3648 5404 3800 5458 ἐστιν

2217 5514 2366 5584 ἔχειν
2397 5512 2497 5583 τὴν
2525 5510 2715 5564 οὐσίαν
2745 5508 2839 5562 τοῦ
2865 5506 3001 5561 Θεοῦ
3034 5506 3343 5576 ἐνέργειαν.
3383 5501 3457 5555 Τὸ
3479 5501 3535 5553 δὲ
3556 5499 3632 5569 μὴ
3669 5498 3794 5563 ἔχον

2218 5605 2504 5673 ἐνέργειαν
2536 5600 2905 5671 ἀνενέργητόν
2934 5599 3075 5664 ἐστι,
3108 5595 3168 5649 τὸ
3209 5595 3267 5647 δὲ
3308 5592 3668 5662 ἀνενέργητον
3695 5590 3793 5642 καὶ

2216 5696 2595 5767 ἀνύπαρκτον.

2287 5786 2398 5839 Ἱόῦ
2424 5784 2481 5839 δὲ
2510 5783 2773 5854 θεοφόρου
2809 5780 3178 5853 Δαμασκηνοῦ
3213 5778 3547 5850 γράφοντος,
3575 5776 3803 5857 Ἔργον

2213 5878 2331 5950 μὲν
2356 5879 2520 5944 θείας
2538 5880 2780 5948 φύσεως
2818 5876 2853 5945 ἡ
2885 5871 3241 5944 προαιώνιος
3273 5870 3560 5943 γέννησις
3579 5881 3595 5897 ο
3623 5864 3803 5935 ἔργον
