4090 6446
619 343 730 411 Ἠθ

1827 347 2090 410 TOMUS
2118 343 2552 407 SYNODICUS
2593 345 2712 406 IlI.
3776 347 3881 408 740

620 459 754 524 Πῶς
772 455 868 514 οῦν
893 457 1120 527 εὔλογον
1155 456 1444 529 ἀρνεῖσθαι
1479 456 1578 525 τὴν
1610 457 1791 525 τάξιν,
1845 459 1932 527 ἐφ’
1961 455 2035 512 ὧν
2083 459 2203 510 ἐστι
2235 469 2278 526 Α
2309 459 2403 511 καὶ
2449 455 2815 526 ὀνομάζεσθαι
2849 454 2943 509 καὶ
2971 456 3210 510 νοεῖσθαι
3245 457 3342 509 καί
3368 473 3504 523 πως,
3543 457 3591 508 εί
3617 459 3712 511 καὶ
3737 458 3881 527 ἀμυ-

636 552 860 623 πρῶτον
887 552 984 605 καὶ
1018 550 1298 620 δεύτερον,
1335 549 1396 603 οὐ
1422 550 1565 603 κατὰ
1603 549 1702 620 τὴν
1721 551 1999 620 ἡμετέραν
2027 550 2197 616 θέσιν,

621 643 741 700 ἀλλ’
791 643 856 696 ἐκ
881 643 984 712 τῆς
1011 641 1152 695 κατά
1181 641 1346 710 φύσιν
1388 641 1578 706 αὐτοῖς
1612 641 2038 714 ἐνυπαρχούσης
2066 642 2204 697 ἀκοε

619 735 842 799 λουθίας
867 751 882 804 ;

698 828 946 897 Πάρεστι
981 827 1167 880 τοίνυν
1193 826 1398 880 ἀπασιν
1430 825 1678 897 ἀκριϐῶς
1698 825 1960 879 συνειδεῖν
1989 827 2055 879 ἐκ
2083 826 2208 880 τού-

620 937 730 974 των
785 923 899 982 τοῖς
972 921 1069 974 καὶ
1144 916 1397 972 ὁπωσοῦν
1455 917 1777 986 λογίζεσθαι
1835 919 2202 989 δυναμένοις,

619 1013 770 1074 ὅπως
797 1011 889 1064 τὸν
924 1008 1040 1063 ἴσον
1071 1011 1276 1079 τρόπον
1312 1009 1576 1079 ἀληθείας
1610 1009 1747 1080 όμοῦ
1780 1011 1877 1063 καὶ
1911 1010 2205 1074 εὐσεϐείας

619 1101 860 1172 ἐμέλησε
911 1102 990 1173 τῷ
1027 1103 1193 1171 ἁγίῳ.
1226 1102 1318 1173 Τῷ
1348 1102 1447 1170 μὲν
1491 1102 1603 1174 γὰρ
1655 1104 1769 1157 οὐκ
1809 1103 1881 1156 ἐκ
1918 1101 2031 1170 τῆς
2064 1103 2205 1168 παρ’

621 1195 794 1263 ἡμῶν
825 1195 1070 1262 θεωρίας
1100 1195 1511 1249 συνίστασθαι
1543 1195 1749 1264 φάναι,
1782 1197 1922 1251 ἀλλ’
1948 1195 2104 1265 αὐτῇ
2131 1195 2207 1266 τῇ

621 1287 774 1341 κατὰ
802 1288 994 1354 φύσιν
1023 1287 1357 1354 ἀκολουθίᾳ
1411 1289 1796 1358 συμϐαίνειν,
1851 1289 1908 1354 ἐξ
1957 1290 2204 1358 ἀφύκτου

625 1380 720 1433 καὶ
758 1379 961 1448 πολλῆς
993 1379 1090 1431 καὶ
1118 1380 1358 1449 φυσικῆς
1389 1381 1634 1452 ἀνάγκης
1665 1381 1760 1435 καὶ
1787 1383 2048 1454 λαμπρᾶς
2076 1383 2209 1454 ἀλη-

621 1471 774 1534 θείας
809 1471 1012 1536 ἔδειξεν
1038 1471 1204 1525 οὖσαν
1237 1473 1337 1544 τὴν
1369 1473 1426 1527 ἐν
1446 1476 1512 1545 τῇ
1554 1473 1709 1538 τάξει
1742 1475 1914 1546 ταύτῃ
1942 1476 2207 1546 διαφορὰν

615 1561 724 1614 τῶν
759 1562 1020 1615 αίτιατῶν
1081 1579 1141 1615 τε
1177 1563 1275 1615 καὶ
1303 1564 1411 1616 τῶν
1462 1564 1683 1618 αίτίων·
1719 1566 1816 1619 καὶ
1847 1565 2024 1630 άλλως
2062 1565 2206 1638 ἔχειν

623 1652 898 1720 μηδέποτε
936 1652 1312 1725 ἐγχωροῦσαν,
1357 1655 1474 1708 ἀλλ’
1507 1658 1595 1710 ἀεὶ
1636 1655 1854 1720 τούτοις
1889 1658 2207 1725 ἀναγκαίως

619 1743 791 1812 αὐτὴν
821 1745 1290 1816 ὲνθεωρουμένην·
1325 1746 1403 1816 τῷ
1437 1747 1495 1801 δὲ
1549 1748 1624 1820 μὴ
1676 1747 2030 1818 διαστήματι,
2062 1749 2202 1805 ἀλλὰ

2305 549 2471 620 δρῶς,
2503 551 2568 602 ἐκ
2600 549 2711 602 τῶν
2756 549 2929 619 αὐτῆς
2975 549 3462 619 ἀποτελεσμάτων·
3509 549 3610 620 τήν
3668 565 3733 618 γε
3776 569 3812 620 μ

2307 641 2500 695 οὐσίαν
2565 641 2873 711 ἀμέθεκτον
2931 643 3027 696 καὶ
3081 641 3388 712 ἀμέριστον
3450 641 3546 695 καὶ
3602 641 3853 711 ἀνώνυμο

2306 731 2446 788 εῖναι
2474 775 2489 797 ,
2523 735 2599 797 ὡς
2643 735 3005 806 ύπερώνυμον
3063 733 3310 804 δηλονότι
3378 733 3474 787 καὶ
3522 734 3884 804 ἀπερινόητον

2311 826 2620 889 παντελῶς.

2385 920 2542 973 Μετὰ
2576 919 2735 973 τοῦτο
2779 919 3130 989 ἐζητήσαμεν
3161 919 3554 989 ἀποδειχθῆναι
3597 921 3749 988 παρά
3777 920 3891 974 τῶν

2308 1011 2514 1080 ἁγίων,
2564 1011 2614 1064 εί
2666 1010 2814 1064 ἔστιν
2865 1009 3120 1073 ἀκτιστος
3171 1010 3351 1081 (16)ή
3416 1011 3722 1081 ἀχώριστος
3759 1012 3887 1081 μὲν,

2306 1102 2642 1172 διαφέρουσα
2701 1102 2759 1155 δὲ
2821 1103 2916 1172 τῆς
2956 1103 3104 1166 θείας
3159 1103 3398 1172 φύσεως,
3447 1103 3586 1176 αῦτη
3616 1106 3891 1174 ἐνέργεια,

2307 1197 2445 1266 ὅπερ
2476 1197 2523 1248 οί
2558 1195 2936 1262 ἀντιλέγοντες
2963 1198 3028 1265 τῇ
3057 1196 3358 1268 Ἐκκλησία
3387 1196 3589 1266 ἥκιστα
3620 1196 3889 1266 ἐδέχοντο.

2312 1287 2420 1341 Καὶ
2467 1286 2763 1356 ἀπεδείχθη
2801 1288 2893 1340 καὶ
2931 1287 3089 1340 τοῦτο
3119 1287 3224 1340 ὑπὸ
3272 1288 3380 1340 τῶν
3429 1288 3602 1356 ἀγίων
3644 1289 3894 1356 ἐναργῶς

2311 1378 2757 1449 κηρυττόμενον·
2790 1371 2865 1433 ὧν
2921 1379 3218 1448 κεφάλαιον
3252 1378 3446 1450 ήάγία
3491 1382 3585 1433 καὶ
3614 1381 3889 1448 οἰκουμέ-

2312 1470 2440 1541 νικὴ
2469 1470 2609 1540 ἕκτη
2665 1470 2899 1536 σύνοδος,
2934 1469 3120 1534 καθὼς
3157 1472 3419 1540 ἀνωτέρω
3463 1469 3552 1523 διὰ
3593 1469 3700 1524 τῶν
3741 1473 3892 1522 κατά

2313 1562 2482 1634 μέρος
2547 1564 2928 1634 προτεθέντων
2968 1563 3140 1634 αὐτῆς
3182 1561 3364 1634 ῥητῶν
3409 1562 3644 1632 μάλιστα
3682 1562 3891 1626 ἱκανῶς

2309 1655 2713 1711 ἀποδέδεικται.

2381 1749 2792 1821 Συναπεδείχθη
2825 1749 2884 1802 δέ
2934 1751 3030 1804 καὶ
3081 1749 3260 1814 τοῦτο,
3297 1752 3380 1804 δτι
3420 1751 3470 1804 οἱ
3496 1751 3572 1821 μὴ
3606 1752 3893 1822 δεχόμενοι

617 1836 697 1905 τῷ
724 1837 973 1908 λογισμῷ
998 1812 1263 1909 χωρίζειν
1296 1812 1468 1892 ταῦτα
1515 1812 1988 1908 ἐπενεγκεῖν,“καῖ
2021 1812 2120 1914 τὴν
2145 1844 2202 1896 ἐν
2235 1812 2279 1872 Β
2312 1839 2574 1895 ἀκτιστον
2603 1812 2720 1911 τὴν.
2737 1812 3043 1912 ἀχώριστον
3081 1843 3180 1912 μὲν
3209 1812 3305 1896 καὶ
3339 1812 3575 1912 φυσικὴν
3731 1812 3892 1908 θείας

616 1929 696 2000 τῷ
727 1931 980 2000 προτέρῳ
1003 1932 1096 1983 καὶ
1125 1931 1368 2002 δευτέρῳ
1395 1931 1659 2003 διαφοράν
1689 1935 1837 2004 μόνῳ
1856 1928 1933 2002 τῷ
1956 1934 2032 2004 νῷ
2067 1934 2204 1988 θεω-

623 2025 760 2089 ρεῖν,
811 2024 1066 2092 φαίνεται
1093 2024 1272 2093 δήπου
1313 2029 1374 2078 τὸ
1414 2028 1510 2096 τῆς
1543 2024 1791 2091 ἐνὼσεως
1823 2028 2018 2098 χρῆμα
2049 2028 2205 2082 εὐσε-

624 2113 740 2176 ϐῶς
783 2115 1322 2183 κατησφαλισμένος,
1372 2114 1468 2167 καὶ
1511 2114 1788 2186 μηδεμίαν
1820 2117 1903 2178 είς
1935 2115 2110 2187 αὐτὴν
2141 2119 2205 2170 ἐκ

617 2206 720 2277 τῆς
754 2206 1088 2276 διακρίσεως
1117 2208 1322 2277 ταύτης
1356 2207 1563 2278 βλάϐην
1591 2209 1852 2277 εἰσάγων,
1892 2208 2007 2264 ἀλλ’
2029 2210 2206 2280 αὐτήν

616 2312 680 2350 τε
731 2298 833 2359 τὴν
885 2297 1082 2353 ἓνωσιν
1129 2299 1441 2369 ἀσύγχυτον
1473 2295 1613 2353 εἶναι
1665 2301 1955 2370 θεολογῶν,
1989 2302 2081 2354 καὶ
2107 2301 2208 2372 τὴν

620 2389 894 2460 διαφορὰν
921 2391 1230 2462 ἀδιαίρετον
1261 2393 1438 2464 πάντη
1483 2393 1776 2450 διδάσκων.

690 2482 864 2536 Πάλιν
895 2484 1077 2537 τοίνυν
1135 2485 1404 2554 Εὐνομίου
1465 2487 1566 2556 τὴν
1620 2487 1882 2558 τοιαύτην
1940 2487 2205 2556 διαφοράν

617 2573 832 2628 ἀνελεῖν
893 2577 1252 2646 πειρωμένου
1303 2578 1333 2630 ό
1386 2578 1562 2648 μέγας
1619 2573 1802 2644 οὗτος,
1836 2579 1988 2645 Πῶς,
2017 2583 2204 2649 φησὶν,

618 2662 911 2734 οὐδεμίαν
949 2666 1249 2736 διαφορὰν
1305 2671 1718 2735 καταλείπεις,
1790 2671 1933 2726 οὐδὲ
1983 2672 2097 2742 τὴν
2137 2673 2207 2726 ἐν

619 2756 749 2824 τοῖς
799 2756 1230 2830 αἰτίοις-’πρὸς
1292 2763 1366 2817 τὰ
1427 2763 1500 2828 ἐξ
1576 2763 1778 2818 αὐτῶν
1831 2765 2206 2836 ἐνυπάρχου-

619 2865 746 2906 σαν
783 2851 938 2923 (15);
996 2852 1155 2906 Οῦτω
1199 2853 1262 2906 τὸ
1323 2854 1601 2926 μηδεμίαν
1647 2857 1912 2931 διαφορὰν
1972 2861 2206 2914 ἐπὶτῶν

621 2948 812 3004 αίτίων
841 2949 938 3004 καὶ
965 2948 1230 3008 αίτιατῶν
1259 2946 1402 3002 εἶναι
1451 2949 1697 3017 δοξάζειν
1725 2950 1826 3019 τῆς
1860 2952 2070 3021 Ἀρείου
2113 2954 2208 3004 κα)⁵

624 3042 897 3112 Εὑνομίου
961 3042 1162 3112 μανίας
1221 3042 1492 3114 πρόδηλός
1548 3043 1668 3095 ἐστι
1723 3043 1905 3106 τόκος.
1965 3044 2204 3098 Ἐκεῖνοι

2309 1933 2504 1998 οὐσίας
2575 1933 2897 2002 ἐνέργειαν,
2936 1934 3304 2004 διαφέρουσαν
3348 1935 3406 1988 δὲ
3455 1935 3644 1999 αὐτῆς,
3691 1935 3891 2006 ῶσπερ

2307 2024 2547 2094 εἴρηται,
2582 2024 2790 2096 κτίσμα
2819 2041 2877 2077 τε
2905 2021 3242 2080 ποιοῦσίκαὶ
3261 2025 3430 2096 αὐτὴν
3457 2025 3555 2097 τὴν
3587 2027 3771 2078 οὐσίαν
3792 2027 3892 2079 τοῦ

2307 2113 2463 2170 Θεοῦ.
2503 2116 2658 2170 Κατά
2710 2115 2816 2186 γάρ
2873 2115 2967 2169 τὸν
3033 2117 3188 2184 ἀγιον
3245 2115 3526 2185 Μάξιμον,
3591 2117 3730 2170 Ἀπὸ
3773 2117 3897 2186 τῆς

2312 2198 2624 2277 ἐνεργείας
2649 2208 2687 2274 ἡ
2713 2207 2979 2262 ἑκάστου
3009 2209 3198 2277 φύσις
3228 2207 3716 2278 χαρακτηρίζεται
3743 2224 3758 2238 ⁸
3789 2211 3896 2277 τῆς

2311 2299 2411 2370 μὲν
2446 2299 2705 2354 ἀκτίστου
2768 2299 3048 2368 ἐνεργείας
3087 2301 3338 2355 ἀκτιστον
3386 2300 3671 2370 δεικνύσης
3703 2299 3896 2369 φύσιν,

2311 2391 2536 2459 κτιστὴν
2580 2387 2638 2441 δὲ
2685 2390 2787 2460 τῆς
2829 2390 3090 2459 κτιστῆς·
3145 2389 3226 2443 ἔτι
3268 2406 3328 2442 τε
3380 2390 3523 2442 κατά
3573 2391 3665 2444 τὸν
3700 2394 3895 2460 Δαμα-

2311 2481 2506 2551 σκηνὸν
2535 2481 2676 2534 θεῖον
2706 2481 2962 2552 Ἰωάννην
2999 2484 3303 2551 φάσκοντα,
3345 2482 3419 2536 Ἠ
3445 2482 3660 2550 κτιστὴ
3724 2484 3898 2552 ἐνέρ-

2309 2589 2439 2642 rem
2475 2573 2733 2641 κτιστὴν
2764 2573 3033 2642 δηλώσει
3066 2573 3166 2626 καί
3204 2577 3413 2642 φύσιν·
3439 2575 3477 2642 ή
3511 2574 3584 2626 δὲ
3604 2573 3898 2641 ἅκτιστος

2307 2665 2597 2718 ἄκτιστον
2626 2664 3039 2734 χαρακτηρίζει
3077 2667 3322 2720 οὐσίαν.
3378 2664 3445 2720 Οἱ
3481 2666 3575 2719 οὖν
3638 2667 3898 2734 λέγοντες

2310 2760 2537 2830 κτιστὴν
2568 2759 2665 2829 τὴν
2715 2759 2867 2812 θείαν
2896 2760 3201 2829 ἐνέργειαν,
3238 2759 3330 2829 ἀφ’
3361 2753 3429 2832 ἧς
3480 2762 3513 2830 ἡ
3567 2758 3686 2812 θεία
3724 2761 3897 2828 φύσις

2309 2849 2815 2922 χαρακτηρίζεται..
2838 2852 3064 2924 κτιστὴν
3093 2852 3150 2920 ἐξ
3181 2852 3425 2922 ἀνάγκης
3460 2854 3762 2923 παριστῶσι
3791 2856 3898 2911 καὶ
3965 2855 3972 2871 ’

2308 2942 2406 3012 τὴν
2437 2943 2590 2996 θείαν
2613 2941 2796 3011 φύσιν.

2385 3037 2462 3091 Οὐ
2495 3036 2603 3107 μὴν
2632 3036 2770 3089 ἀλλά
2818 3038 2913 3090 καὶ
2958 3036 3338 3106 Μονοθελῆταί
3366 3039 3494 3105 εἰσι,
3526 3039 3636 3093 τῶν
3667 3039 3896 3095 πώποτε

622 3136 735 3203 γὰρ
774 3137 834 3188 τὸ
867 3134 1158 3204 όμοούσιον
1200 3135 1450 3204 ἀναιρεῖν
1503 3135 1641 3188 πᾶσι
1685 3135 1910 3206 τρόποις
1939 3137 2208 3190 ἐσπουδα-
2237 3154 2280 3213 ο
2313 3130 2541 3182 ἐκείνων
2586 3131 2804 3197 χείρους
2863 3128 2959 3180 καὶ
3003 3129 3382 3201 ἀτοπώτεροι·
3433 3134 3525 3184 καὶ
3582 3132 3894 3201 προαιώνια

628 3229 806 3291 κότες,
839 3226 1144 3296 ἀκηκοότες
1222 3227 1284 3278 ἐν
1334 3227 1690 3294 Εὐαγγελίοις
1725 3227 1817 3281 τοῦ
1861 3228 2069 3297 Κυρίου
2120 3230 2212 3282 τὸν

625 3318 848 3389 Πατέρα
885 3318 1112 3389 μείζονα
1159 3319 1354 3372 ἑαυτοῦ
1412 3321 1723 3391 είρηκότος,
1761 3321 2017 3374 ἐντεῦθεν
2047 3320 2213 3385 εὐθὺς

623 3413 724 3484 τὴν
761 3411 860 3480 μὲν
893 3413 1036 3464 κατά
1089 3411 1252 3480 φύσιν
1283 3413 1552 3485 διαφορὰν
1599 3413 1883 3475 δυσσεϐῶς
1939 3414 2213 3483 παρεισά-

627 3525 747 3576 γειν
787 3506 1051 3575 ἐτόλμων·
1077 3508 1176 3572 τὴν
1210 3505 1270 3558 δέ
1325 3505 1469 3559 κατά
1507 3506 1568 3558 τὸ
1603 3507 1776 3560 αἴτιον
1814 3507 1910 3559 καὶ
1943 3507 2208 3570 αίτιατὸν,

623 3599 702 3665 ὡς
744 3598 1017 3668 μηδεμίαν
1068 3597 1322 3669 μηδαμοῦ
1355 3598 1598 3669 φυσικὴν
1627 3597 2039 3669 ἀλλοτρίωσινῆ
2069 3598 2210 3651 διαίο

627 3711 779 3764 ρεσιν
806 3692 1116 3762 δυναμένην
1169 3691 1416 3760 εἰσάγειν
1479 3691 1708 3756 ειδότες,
1747 3691 1886 3745 ἀλλά
1919 3693 2016 3745 καὶ
2064 3691 2211 3746 οὕτω

624 3786 725 3853 τὴν
767 3783 868 3851 τῆς
901 3783 1118 3851 φύσεως
1149 3781 1348 3834 ἕνωσιν
1372 3779 1659 3835 ἀδιάλυτον
1689 3778 1776 3833 όιε)⁸
1801 3779 2207 3851 συντηροῦσαν,

627 3871 977 3943 ἀπηρνοῦντο
1004 3870 1282 3935 καθάπαξ·
1315 3871 1452 3939 πρὸς
1483 3869 1576 3934 οὒς
1605 3873 1654 3924 οἱ
1705 3874 1858 3942 τρεῖς
1913 3867 2084 3938 οὗτοι,
2117 3874 2208 3926 τὸν

629 3965 772 4033 ὑπὲρ
809 3964 909 4033 τῆς
948 3963 1181 4033 Τριάδος
1210 3962 1527 4033 ἀνελόμενοι
1573 3963 1840 4032 γενναίως
1873 3964 2084 4032 ἀγῶνα,
2132 3965 2209 4032 ὡς

625 4057 855 4111 ἐκείνων
880 4055 979 4124 τὴν
1011 4055 1342 4109 δυσσέϐειαν
1381 4055 1593 4124 ταύτην
1620 4049 1808 4120 οὖσαν,
1839 4057 1934 4108 καὶ
1963 4055 2026 4108 τὸ
2060 4056 2210 4125 μέγα

623 4151 720 4202 καὶ
761 4148 1036 4216 ὑπερφυὲς
1087 4150 1187 4219 τῆς
1225 4146 1460 4216 Τριάδος
1523 4148 1822 4218 μυστήριον
1855 4148 2209 4217 ἀναιροῦσαν,

620 4237 722 4306 τῆς
775 4230 1056 4307 ἡμετέρας
1121 4238 1256 4289 αὐτὸ
1308 4236 1639 4304 Ἐκκλησίας
1684 4235 2092 4290 ἀπελαύνουσιν
2133 4238 2210 4298 ὡς

622 4331 854 4382 δυνατὸν
881 4329 1244 4399 ποῤῥωτάτω.

694 4420 1001 4491 Τοιγαροῦν
1037 4420 1264 4482 εἰκότως
1317 4421 1367 4471 οἱ
1403 4419 1504 4488 μὲν
1555 4419 1657 4491 τὴν
1702 4420 1970 4490 διαφορὰν
2001 4421 2207 4490 ταύτην

2315 3219 2636 3285 δοξάζουσιν
2671 3217 2817 3274 εἶναι
2862 3221 3162 3291 κτίσματα.
3207 3225 3362 3278 Ἐπεὶ
3416 3225 3524 3296 γὰρ
3554 3225 3648 3278 δύο
3697 3226 3895 3295 φύσεις

2314 3314 2692 3386 ὁμολογοῦμεν
2732 3314 2828 3368 ἐπὶ
2889 3313 2987 3367 τοῦ
3037 3313 3248 3385 Κυρίου
3301 3315 3462 3387 ἡμῶν
3526 3319 3704 3385 Ἰησοῦ
3751 3321 3896 3390 Χρι-

2317 3407 2467 3471 στοῦ,
2499 3409 2601 3475 τὴν
2634 3408 2732 3478 μὲν
2757 3410 3037 3476 ἀκτιστον,
3071 3413 3171 3479 τὴν
3199 3410 3258 3462 δὲ
3297 3411 3530 3482 κτιστήν
3556 3411 3693 3480 (17)·
3728 3416 3780 3466 οἱ
3816 3415 3892 3485 μὴ

2313 3501 2566 3568 λέγοντες
2603 3499 2752 3568 ἔχειν
2791 3499 2888 3570 τὴν
2950 3499 3108 3554 θείαν
3169 3501 3333 3571 φύσιν
3383 3504 3479 3556 καὶ
3535 3502 3749 3572 θέλημα
3798 3507 3893 3558 καὶ

2314 3594 2606 3664 ἐνέργειαν
2637 3593 2898 3646 ἄκτιστον
2939 3594 2997 3646 ἐν
3035 3593 3251 3665 θέλημα
3298 3597 3395 3649 καὶ
3442 3595 3570 3666 μίαν
3604 3597 3892 3666 ἐνέργειαν

2311 3688 2628 3754 δοξάζουσιν
2678 3688 2773 3741 ἐπὶ
2810 3688 3050 3758 Χριστοῦ
3079 3729 3093 3753 ,
3129 3689 3271 3760 ὅπερ
3302 3690 3335 3760 ἡ
3367 3689 3503 3758 ἕκτη
3538 3689 3759 3754 σύνοδος
3787 3693 3892 3744 ἀπ-

2313 3780 2552 3852 εκήρυξε
2585 3781 2679 3835 καὶ
2720 3777 3111 3850 ἀνεθεμάτισε.
3161 3782 3476 3837 Κάντεῦθεν
3519 3783 3893 3852 Μονοθελῆται

2313 3875 2406 3929 καὶ
2435 3876 2592 3930 αὐτοὶ
2618 3874 3054 3928 ἀναδείκνυνται·
3087 3875 3307 3944 χείρους
3335 3875 3395 3930 δὲ
3431 3876 3655 3930 ἐκείνων
3686 3876 3890 3946 πολλῷ,

2312 3964 2438 4018 ὅσον
2487 3966 2733 4017 κάκεῖνοι
2767 3963 2871 4034 μὲν
2912 3964 2974 4017 ἓν
3025 3964 3243 4034 θέλημα
3299 3966 3396 4019 καὶ
3437 3965 3568 4036 μίαν
3612 3967 3892 4035 ἐνέργειαν

2312 4060 2499 4124 ελεγον
2555 4057 2652 4110 ἐπὶ
2681 4057 2946 4128 Χριστοῦ,
3004 4057 3144 4110 ἀλλά
3199 4059 3481 4126 ἀκτιστον,
3525 4059 3625 4128 τὴν
3663 4060 3892 4128 κτιστὴν

2316 4151 2593 4220 δήπουθεν
2626 4150 3009 4221 ἀναιροῦντες·
3035 4143 3185 4204 οῦτοι
3211 4151 3267 4204 δὲ
3294 4151 3353 4204 ἓν
3392 4151 3606 4222 θέλημα
3632 4149 3722 4206 καὶ
3753 4151 3887 4222 μίαν

2317 4244 2625 4314 ἐνέργειαν,
2662 4243 2801 4296 ἀλλὰ
2824 4245 3079 4313 κτιστὴν,
3116 4244 3219 4314 τὴν
3249 4244 3507 4300 ἀκτιστον
3535 4247 3781 4316 φανερῶς
3816 4249 3894 4318 μὴ

2311 4338 2620 4407 δεχόμενοι.

2397 4429 2558 4480 Ἀλλὰ
2611 4429 2705 4480 καὶ
2742 4429 2834 4482 τοῦ
2895 4428 3132 4497 μεγάλου
3175 4428 3459 4483 Βασιλείου
3500 4432 3557 4482 ἐν
3605 4433 3712 4492 τοῖς
3756 4435 3892 4502 πρὸς

623 4515 947 4578 ἀθετοῦντες
983 4513 1078 4566 νῦν
1114 4515 1216 4582 τῆς
1253 4515 1480 4566 ἐκείνων
1518 4514 1842 4576 κακοδοξίας
1889 4500 2208 4569 ἁλίσκονται
2244 4493 2286 4546 D
2327 4519 2678 4588 Ἀμφιλόχιον
2751 4493 3056 4586 γράφοντος
3084 4560 3098 4583 ,
3157 4521 3232 4573 Τὰ
3293 4519 3412 4588 μὲν
3467 4521 3730 4590 ὀνόματα
3782 4493 3893 4575 τοῦ

631 4607 1034 4678 μετεσχηκότες
1060 4622 1075 4638 ·
1107 4606 1156 4656 οἱ
1190 4605 1248 4656 δὲ
1283 4606 1540 4676 στέργειν
1589 4622 1651 4657 τε
1710 4607 1806 4658 κα)¹
1861 4607 2212 4671 ἀσπάζεσθαι

623 4699 922 4770 προθύμως
951 4697 1341 4768 ὁμολογοῦντες
1399 4697 1496 4766 τῆς
1539 4696 1647 4748 τῶν
1699 4697 1870 4764 ἁγίων
1899 4699 2104 4752 τούτων
2133 4701 2218 4752 εύ-

623 4794 842 4855 σεϐείας
887 4809 948 4843 τε
997 4793 1092 4843 καὶ
1137 4789 1440 4852 θεολογίας,
1479 4788 1683 4856 μᾶλλον
1725 4790 1781 4842 δὲ
1817 4793 1918 4860 τῆς
1943 4793 2038 4844 τοῦ
2081 4791 2216 4860 Χρι-

624 4885 751 4938 στοῦ
808 4885 1046 4954 μερίδος,
1103 4869 1445 4932 διατελοῦσιν
1505 4877 1695 4940 ὄντες·
1757 4881 2054 4949 ήνωμένως
2097 4867 2220 4936 κατ’

622 4978 821 5036 αὐτοὺς
880 4976 953 5025 τὰ
1005 4977 1126 5024 Οεία
1163 4970 1579 5038 διακρίνοντες,
1631 4974 1725 5024 καὶ
1775 4971 2212 5042 διακεκριμένως

619 5071 793 5123 ταῦτα.
847 5067 1118 5127 ἐνοῦντες.
1159 5064 1254 5114 ’Ἐν
1305 5062 1404 5132 μὲν
1442 5063 1507 5133 δὴ
1558 5066 1654 5117 καί
1705 5067 1947 5136 πρῶτον,
1987 5071 2084 5121 καὶ
2115 5087 2214 5122 κυ-

623 5168 750 5233 ρίως
782 5161 847 5213 ἀν
877 5175 960 5219 τις
991 5157 1127 5226 φαίη
1162 5157 1262 5224 τῆς
1297 5172 1355 5206 τε
1391 5155 1538 5218 θείας
1563 5160 1754 5223 οὐσίας
1788 5168 1880 5213 καὶ
1918 5164 2208 5232 ἐνεργείας

621 5252 950 5322 διακρίσεως
994 5247 1157 5310 εἶδος.

691 5346 1043 5415 Διενηνόχασι
1087 5346 1145 5397 δὲ
1201 5348 1450 5416 ἀλλήλω)
1505 5349 1602 5399 καὶ
1645 5345 1722 5415 τῷ
1771 5347 1870 5416 τὴν
1912 5347 2012 5414 μὲν
2046 5345 2198 5397 θείαν

619 5438 908 5506 ἐνέργειαν
948 5438 1273 5509 μετέχεσθαι
1322 5442 1416 5493 καὶ
1471 5439 1795 5510 μερίζεσθαι
1852 5438 2195 5508 ἁμερίστως,

2313 4612 2666 4679 Πνεύματος
2698 4608 2946 4663 τοιαῦτα
2975 4609 3256 4679 ὑπερφυῆ
3286 4610 3384 4663 καὶ
3402 4613 3659 4680 μεγάλα,
3685 4613 3896 4679 οὐμεν-

2311 4719 2425 4756 ουν
2473 4703 2699 4771 ἔχοντά
2749 4718 2883 4754 τινα
2932 4703 3021 4766 εὶς
3058 4703 3250 4764 δόξαν
3283 4704 3644 4770 ὑπερϐολήν·
3711 4707 3769 4755 αἱ
3825 4704 3895 4756 δὲ

2313 4795 2605 4864 ἐνέργειαι
2643 4795 2852 4860 τίνες;
2891 4795 3172 4862 Ἀρῤητοι
3217 4795 3335 4864 μὲν
3365 4795 3463 4850 διὰ
3510 4798 3578 4850 τὸ
3620 4797 3893 4866 μέγεθος,

2315 4891 2775 4961 ἀνεξαρίθμητοι
2807 4891 2875 4943 δὲ
2919 4890 3018 4945 διὰ
3049 4891 3114 4945 τὸ
3154 4893 3424 4960 πλῆθος·
3457 4891 3579 4958 πῶς
3616 4893 3725 4962 γὰρ
3752 4900 3894 4958 νοη-

2310 4999 2504 5052 σομεν
2530 4985 2603 5038 τὰ
2647 4983 2766 5037 τῶν
2799 4983 3033 5037 αἰώνων
3081 4985 3395 5048 ἐπέκεινα;
3438 4984 3596 5046 Τίνες
3623 4980 3764 5054 ἦσαν
3794 4986 3895 5038 αὑ.

2309 5075 2406 5128 τοῦ
2446 5075 2584 5143 πρὸς
2627 5075 2725 5143 τῆς
2768 5075 2971 5143 νοητῆς
3019 5076 3252 5138 κτίσεως
3285 5078 3340 5128 αί
3372 5077 3684 5146 ἐνέργειαι;
3715 5076 3779 5130 Oi.
3807 5076 3895 5126 λέ-

2309 5183 2499 5234 γοντες
2537 5168 2762 5225 κτιστὲις
2793 5163 2890 5227 τὰς
2933 5163 3084 5225 θείας
3133 5165 3418 5233 ἐνεργείας
3460 5164 3709 5234 φανερῶς
3734 5161 3894 5223 δοξά-

2309 5256 2496 5319 ζουσιν
2525 5252 2663 5306 εἶναι
2700 5254 2974 5322 κτίσματα
3005 5254 3113 5306 τῶν
3153 5254 3368 5306 αἰώνων
3396 5256 3673 5308 ἐπέκεινα.
3721 5253 3896 5304 Ἐδείο

2307 5351 2411 5419 χθη
2438 5348 2493 5399 δὲ
2525 5347 2620 5399 καὶ
2651 5346 2826 5407 τοῦτο,
2867 5349 2949 5398 ὅτι
2988 5346 3238 5399 ἄκτιστοι
3280 5347 3337 5398 αἱ
3370 5348 3546 5400 κοιναὶ
3591 5347 3686 5400 καὶ
3733 5361 3896 5415 φυσι-

2309 5440 2524 5508 καὶτῆς
2559 5438 2999 5508 τρισυποστάτου
3037 5436 3253 5507 φύσεως
3297 5438 3438 5490 θεῖαι
3491 5439 3784 5509 ἐνέργειαι·
3826 5455 3883 5490 οι

1909 5557 2011 5617 Fr.
2047 5557 2414 5618 Combcﬁsii
2461 5567 2647 5618 notae.

696 5659 807 5739 (l5)
847 5661 925 5712 ιιιι
974 5677 1103 5717 sane
1151 5664 1206 5718 in
1238 5665 1506 5746 Trinilalc
1559 5665 1876 5736 divinisque
1920 5665 2194 5734 personis,

622 5744 730 5783 non
769 5745 824 5782 ιιι
857 5743 1173 5799 operatione
1207 5751 1302 5790 seu
1336 5743 1558 5789 virtute.

695 5801 808 5870 (ιο)
850 5801 1089 5859 lncrcala
1145 5809 1198 5861 in
1230 5823 1309 5876 se,
1336 5822 1444 5862 non
1479 5811 1534 5861 in
1558 5807 1784 5874 cﬂ'cclu,
1830 5805 1884 5860 id
1909 5816 1994 5860 est
2024 5805 2205 5862 virtus

2310 5663 2550 5744 agendi,
2613 5677 2721 5716 non
2796 5660 3097 5732 ἐνέργημα.
3186 5661 3330 5732 quod
3396 5660 3573 5729 ipsum
3639 5660 3892 5730 ἐνέργεια

2314 5736 2732 5876 ὼῖιἬἩιιςω,
2765 5817 2874 5857 una
2909 5802 3000 5856 illa
3037 5801 3391 5858 distinctione
3430 5801 3716 5858 clidcndae.
