4090 6434
379 375 484 438 765

1174 378 1484 440 CONTRA
1531 379 2068 438 BARLAAMITAS
2103 380 2196 439 ET
2241 382 2829 449 ACINDYNIANOS.

3526 383 3634 448 766

378 490 533 563 πηγὴ
561 492 662 558 τῆς
692 495 752 548 ἒν
798 495 914 568 Υἱῷ
947 496 1040 551 καὶ
1067 497 1208 567 ἁγίῳ
1242 495 1527 566 Πνεύματι
1575 497 1961 575 θεωρουμένης
1991 498 2032 555 Α
2065 500 2290 571 Πνεῦμα
2318 504 2751 570 αύθυπόστατον,
2801 508 2864 558 ἐκ
2918 503 3135 574 Πατρὸς
3191 501 3636 572 ἐκπορευόμενον

379 585 692 656 Θεότητος,ο
728 589 887 658 μόνος
911 591 1059 645 αίτία
1093 590 1557 662 προκαταρκτικὴ
1591 589 1699 642 τῶν
1733 591 1957 657 γεγονό-

377 696 488 732 των
522 695 538 712 ⁶
573 681 635 733 ού
672 681 830 750 μόνος
861 685 1224 754 Δημιουργὸς,
1273 683 1410 736 ἀλλὰ
1447 684 1608 751 μόνος
1657 683 1772 744 ἐνὸς
1830 681 1958 736 Υἱοῦ

383 771 596 842 Πατὴρ,
628 773 724 826 καὶ
753 775 1072 844 Πνεύματος
1099 777 1256 842 ἁγίου
1289 777 1407 839 ἐνὸς
1447 775 1755 845 Προὸολεύς
1795 791 1808 805 ·
1871 775 1958 828 ἀεὶ

382 862 478 929 ὢν,
514 865 608 918 καὶ
635 867 721 919 ἀεὶ
763 867 839 920 ὣν
871 869 1083 938 Πατὴρ,
1115 869 1208 922 καὶ
1236 870 1325 922 ἀεὶ
1364 868 1438 921 ὢν
1465 869 1625 937 μόνος
1657 870 1848 937 Πατήρ
1900 886 1959 920 τε

382 955 474 1005 καὶ
495 955 803 1022 Προϐολεύς
835 971 850 987 ⁸
891 959 1095 1025 μείζων
1124 961 1251 1012 Υἰοῦ
1288 961 1384 1013 καί⁵
1412 961 1750 1030 Πνεύματος,
1803 959 1960 1013 τοῦτο

385 1045 544 1113 μόνον
569 1046 643 1108 ὡς
673 1047 844 1112 αἴτιος
877 1065 890 1079 ·
942 1051 1112 1104 τᾶλλα
1162 1051 1219 1104 δέ
1260 1052 1440 1105 πάντα
1482 1055 1509 1105 ό
1568 1053 1731 1114 αὐτὸς
1778 1052 1962 1114 αὐτοῖς

382 1137 476 1189 καὶ
509 1138 773 1207 ὁμότιμος
802 1159 813 1172 ·
843 1140 902 1194 οῦ
935 1143 1063 1205 Υίὸς
1090 1142 1192 1205 εἷς,
1223 1145 1461 1214 ἄναρχος
1499 1144 1598 1213 μὲν
1659 1144 1734 1206 ὡς
1791 1144 1960 1213 ἄχρο-

382 1245 472 1290 νος
513 1245 526 1258 ·
564 1230 664 1282 οὐκ
693 1230 926 1301 ἄναρχος
957 1234 1036 1296 δὲ,
1071 1236 1151 1298 ὡς.
1169 1237 1344 1306 ἀρχὴν
1379 1237 1472 1290 καί
1502 1238 1659 1307 ῥίζαν
1705 1239 1799 1291 καὶ
1857 1258 1963 1308 πη-

384 1319 486 1388 γὴν
516 1319 656 1388 ἔχων
684 1323 776 1374 τὸν
802 1327 1019 1396 Πατέρα
1049 1345 1060 1357 ·
1087 1329 1146 1393 ἐξ
1187 1328 1246 1382 οῦ
1276 1331 1440 1398 μόνου
1470 1330 1576 1400 πρὸ
1609 1331 1825 1383 πάντων
1851 1333 1960 1384 τῶν

383 1412 596 1464 αἰώνων
629 1415 958 1484 ἁσωμάτως,
994 1419 1337 1489 ἀρρεύστως,
1387 1421 1634 1484 ἀπαθῶς,
1686 1423 1963 1492 γεννητῶς

385 1506 675 1573 προῆλθεν,
711 1509 906 1562 ἀλλὀὐ
937 1513 1187 1583 διῃρέθη,
1232 1514 1365 1577 Θεὸς
1399 1515 1476 1567 ὢν
1524 1517 1587 1567 ἐκ
1621 1515 1756 1569 Θεοῦ
1792 1531 1806 1546 ⁸
1863 1516 1964 1568 οὐκ

384 1599 544 1661 ἄλλος
580 1602 678 1669 μὲν
708 1601 829 1655 καθ’
862 1604 888 1656 ὃ
933 1605 1086 1668 Θεὸς,
1124 1606 1281 1671 ἄλλος
1313 1607 1369 1660 δὲ
1412 1607 1535 1660 καθ’
1595 1608 1622 1661 ὃ
1668 1607 1816 1671 Υἱὸς,
1877 1608 1964 1662 ἀεὶ

385 1690 480 1755 ὣν,
514 1693 606 1744 καὶ
659 1695 744 1748 ἀεὶ
766 1693 840 1747 ὢν
873 1697 1000 1758 Υἰὸς
1027 1700 1120 1749 καὶ
1155 1699 1314 1767 μόνος
1344 1699 1468 1761 Υἱός
1510 1716 1524 1730 ο
1555 1703 1649 1752 καὶ
1686 1701 1774 1752 ἀεὶ
1829 1700 1964 1769 πρὸς

384 1782 477 1836 τὸν
516 1782 649 1836 Θεὸν
686 1785 1011 1855 ἀσυγχύτως
1033 1787 1131 1850 ὢν,
1169 1788 1268 1842 οὐκ
1326 1790 1478 1843 αἰτία
1540 1791 1636 1843 καὶ
1667 1790 1808 1860 ἀρχὴ
1863 1791 1963 1858 τῆξ

385 1878 444 1925 ἐν
477 1874 666 1944 Τριάδι
695 1878 994 1946 νοουμένης
1018 1878 1292 1941 θεότητος,
1333 1879 1409 1943 ὡς
1441 1881 1498 1947 ἐξ
1529 1882 1710 1944 αἰτίας
1747 1882 1960 1951 καὶάρ-

386 1966 490 2036 χῆς
513 1969 775 2038 ὑπάρχων
796 1969 890 2023 τοῦ
929 1971 1164 2040 Πατρὸς,
1196 1971 1314 2025 ἀλλ’
1339 1973 1488 2026 αἰτία
1517 1975 1612 2026 καί
1669 1974 1810 2043 ἀρχὴ
1855 1974 1964 2026 τῶν

386 2060 689 2127 γεγονότων
724 2063 962 2125 πάντων,
991 2065 1064 2126 ὡς
1099 2065 1167 2118 δι’
1194 2065 1359 2118 αὐτοῦ
1384 2067 1602 2119 πάντων
1629 2066 1930 2133 γεγονότων
1947 2081 1960 2096 ο

385 2151 444 2214 ὃς
471 2154 527 2204 ἐν
554 2158 735 2227 μορφῇ
764 2155 900 2210 Θεοῦ
927 2159 1209 2229 ὑπάρχων,
1251 2160 1349 2229 ούχ
1391 2161 1688 2228 ἁρπαγμὸν
1717 2161 1966 2230 ἡγήσατο

387 2244 448 2296 τὸ
485 2241 629 2299 εἶναι
667 2247 758 2300 ἴσα
783 2249 902 2318 Θεῷ
925 2267 940 2283 ο
995 2251 1112 2303 ἁλλ’
1142 2253 1234 2304 ἐπὶ
1265 2251 1551 2321 συντελείᾳ
1606 2252 1717 2303 τῶν
1753 2251 1966 2305 αἰώνων

387 2341 580 2394 ἑαυτὸν
623 2342 882 2406 ἐκένωσε,
934 2343 1148 2412 μορφὴν
1170 2345 1269 2412 τὴν
1298 2344 1422 2397 καθ’
1452 2344 1599 2412 ἡμᾶς
1635 2344 1837 2408 λαϐὼν,
1868 2344 1965 2395 καὶ

386 2433 452 2486 ἐκ
483 2432 581 2500 τῆς
610 2433 978 2500 ἀειπαρθένου
1004 2435 1222 2502 Μαρίας
1255 2433 1477 2505 εύδοκίᾳ
1504 2435 1600 2487 τοῦ
1625 2434 1839 2504 Πατρὸς
1870 2435 1966 2487 καὶ

389 2525 648 2596 συνεργίᾳ
692 2525 784 2579 τοῦ
834 2527 988 2594 ἁγίον
1047 2527 1368 2590 Πνεύματος
1423 2525 1647 2596 κυηθείς
1693 2542 1752 2578 τε
1815 2527 1965 2595 νόμῳ

388 2617 608 2685 φύσεως
655 2621 752 2674 καὶ
794 2621 1096 2689 γεννηθεὶς.
1141 2623 1275 2685 Θεὸς
1313 2624 1450 2691 ὁμοῦ
1507 2624 1600 2676 καὶ
1657 2623 1965 2692 ἄνθρωπος,

387 2713 482 2766 καὶ
517 2712 593 2776 ὡς
625 2712 842 2784 ἀληθῶς
903 2715 1335 2784 ἐνανθρωπήσας
1368 2716 1560 2783 γέγονε
1597 2715 1786 2784 ὅμοιος
1831 2718 1969 2784 ἡμῖν

389 2807 529 2860 κατὰ
558 2807 740 2860 πάντα
774 2806 914 2877 πλὴν
943 2800 1238 2878 ἁμαρτίας,
1282 2807 1472 2876 μείνας
1505 2809 1644 2879 ὅπερ
1690 2803 1778 2875 ἦν,
1835 2808 1968 2868 Θεὸς

387 2899 664 2969 ἀληθινὸς,
700 2898 909 2961 ἐνώσας
930 2900 1251 2969 ἀσυγχύτως
1274 2901 1368 2954 καί
1399 2901 1686 2970 ἀτρέπτως
1726 2901 1823 2962 τὰς
1875 2902 1970 2952 δύο

388 2992 580 3062 φύσεις
606 2993 703 3046 καὶ
733 2992 980 3062 θελήσεις
1008 2995 1103 3045 καὶ
1146 2995 1453 3063 ἐνεργείας,
1503 2996 1595 3047 καὶ
1631 2995 1823 3062 μείνας
1886 2989 1968 3057 εἷς

390 3086 518 3148 Υἰὸς
540 3087 599 3139 ἐν
627 3088 726 3156 μιᾷ
750 3086 1048 3139 ὑποστάσει
1081 3087 1174 3138 καὶ
1209 3086 1349 3156 μετὰ
1379 3089 1477 3156 τὴν
1524 3085 1962 3156 ἐνανθρώπησιν,

2063 597 2158 647 καὶ
2185 595 2253 648 δι’
2305 597 2440 649 Υίοῦ·
2467 599 2848 666 πεμπόμενον,
2893 598 3141 650 τουτέστι
3198 593 3633 665 φανερούμενον,

2062 687 2234 739 αἰτιον
2265 688 2357 740 καὶ
2388 686 2521 741 αὐτὸ
2540 687 2649 740 τῶν
2677 689 2982 756 γεγονότων
3013 689 3252 753 πάντων,
3305 687 3379 750 ὼς
3438 687 3496 740 ἐν
3534 686 3634 740 αύ-

2062 777 2140 846 τῷ
2160 777 2575 848 τετελεσιουργη
2586 778 2763 847 μένων
2793 794 2810 811 ο
2846 779 2906 831 τὸ
2937 762 3206 833 αὐτὸκαὶ
3229 778 3494 846 ὁμότιμον
3522 777 3639 829 Πα-

2062 867 2152 936 τρί
2182 885 2240 919 τε
2265 869 2360 921 καὶ
2382 869 2518 937 Υἰῷ,
2543 870 2716 939 χωρὶς
2748 871 2843 939 τῆς
2875 870 3206 936 ἁγεννησίας
3239 869 3335 920 καὶ
3371 869 3470 936 τῆς
3515 883 3640 934 γεν-

2064 959 2296 1027 νήσεως.
2332 961 2619 1032 Ἐπέμφθη
2652 963 2709 1015 δέ
2734 963 2889 1032 παρά
2911 961 3005 1016 τοῦ
3026 961 3157 1014 Υίοῦ
3199 960 3337 1027 πρὸς
3384 960 3510 1021 τοὺς
3555 959 3639 1010 οἶ*
3671 989 3680 1034 τ

2064 1048 2246 1110 κείους
2281 1051 2551 1122 μαθητὰς,
2603 1054 2850 1106 τουτέστι
2891 1054 3294 1121 πεφανέρωται.
3330 1050 3458 1111 Πῶς
3525 1047 3638 1115 γὰρ

2066 1139 2132 1193 ἂν
2167 1140 2340 1201 ἄλλως
2372 1144 2502 1212 παρ’
2530 1144 2698 1197 αὐτοῦ
2735 1144 3015 1214 πεμφθείη
3048 1145 3108 1196 τὸ
3144 1144 3219 1212 μὴ
3267 1143 3639 1211 χωριζόμενον

2065 1232 2230 1295 αὑτοῦ
2263 1251 2276 1296 ;
2312 1234 2435 1295 Πῶς
2455 1235 2500 1286 δ’
2520 1235 2586 1287 ἂν
2607 1235 2780 1300 ἄλλως
2811 1237 2952 1289 ἔλθοι
2980 1253 3068 1302 μοι
3099 1235 3162 1287 τὸ
3212 1234 3462 1302 ὑπάρχον
3511 1247 3647 1282 παν-

2064 1322 2254 1392 ταχοῦ;
2285 1325 2376 1377 Διὸ
2403 1325 2475 1395 μὴ
2502 1327 2663 1394 μόνον
2700 1328 2849 1393 παρά
2884 1328 2976 1379 τοῦ
3011 1325 3166 1390 Υἰοῦ,
3205 1324 3339 1378 ἀλλά
3365 1323 3462 1374 καὶ
3493 1323 3643 1389 παρά

2064 1417 2158 1470 τοῦ
2191 1417 2426 1488 Πατρὸς,
2450 1419 2542 1470 καὶ
2580 1419 2668 1472 διὰ
2705 1418 2799 1472 τοῦ
2828 1419 2959 1472 Υίοῦ
2989 1419 3271 1486 πέμπεται
3299 1430 3312 1444 ’
3371 1413 3466 1466 καὶ
3513 1410 3645 1479 παρ’

2066 1509 2259 1562 ἑαυτοῦ
2290 1509 2513 1578 ἔρχεται
2557 1512 2990 1580 φανερούμενον.
3029 1507 3229 1562 Κοινὸν
3273 1504 3381 1573 γὰρ
3409 1503 3574 1570 ἔργον
3611 1502 3645 1569 ἡ

2065 1602 2358 1667 ἀποστολὴ.
2412 1601 2654 1672 δηλονότι
2713 1603 2745 1670 ὴ
2797 1593 3110 1671 φανέρωσις
3155 1598 3248 1652 τοῦ
3301 1595 3646 1664 Πνεύματος,

2064 1691 2402 1760 Φανεροῦται
2461 1693 2516 1745 δέ
2555 1692 2616 1746 ού
2655 1695 2801 1746 κατὰ
2848 1695 2947 1760 τὴν
3000 1692 3213 1754 οὐσίαν,
3264 1684 3479 1751 Οὖδείς
3533 1684 3645 1752 γάρ

2065 1798 2210 1837 ποτε
2243 1783 2388 1837 Θεοῦ
2420 1766 2611 1852 φύσιν
2658 1785 2696 1852 ἢ
2736 1781 2898 1836 εἶδεν
2943 1782 2981 1850 ἢ
3032 1780 3460 1848 ἐξηγόρευσεν,
3510 1774 3644 1828 ἀλλὰ

2070 1875 2208 1943 μετὰ
2241 1876 2338 1944 τὴν
2367 1877 2528 1945 χάριν
2573 1875 2666 1928 καὶ
2697 1877 2797 1938 τὴν
2820 1874 3047 1943 δύναμιν
3080 1873 3174 1926 καὶ
3208 1871 3307 1942 τὴν
3335 1870 3641 1939 ἐνέργειαν,

2064 1968 2187 2036 ἥτις
2221 1968 2374 2036 κοινή
2431 1969 2549 2019 ἐστι
2606 1966 2818 2036 Πατρὸς
2848 1967 2944 2018 καὶ
2982 1963 3112 2017 Υίοῦ
3164 1962 3259 2016 καὶ
3302 1959 3640 2030 Πνεύματος.

2070 2061 2231 2113 ’Ἱδιον
2264 2062 2362 2128 μὲν
2389 2061 2497 2129 γάρ
2533 2059 2767 2112 ἑκάστου
2806 2058 3017 2111 τούτων
3047 2059 3080 2126 ὴ
3113 2055 3347 2109 ἑκάστου
3403 2053 3643 2105 ὑπόστα·

2069 2167 2172 2212 σις,
2204 2151 2299 2202 καὶ
2325 2151 2426 2202 ὅσα
2456 2149 2623 2202 τείνει
2674 2149 2811 2220 πρὸς
2863 2148 3076 2216 αὐτήνο
3145 2143 3301 2198 κοινὰ
3349 2143 3407 2196 δέ
3469 2143 3568 2212 οὐχ
3607 2143 3643 2208 ἠ

2066 2241 2393 2306 ὐπεῃούσιος
2437 2241 2599 2294 οὐσία
2638 2241 2824 2309 μόνον,
2879 2242 2911 2309 ή
2975 2237 3324 2292 παντάπασιν
3360 2234 3650 2303 ἀνώνυμος

2067 2335 2161 2389 καὶ
2210 2335 2551 2402 ἁνέκφαντος
2617 2337 2710 2386 καὶ
2754 2334 3083 2403 ἀμέθεκτος,
3137 2332 3212 2394 ὠς
3256 2333 3400 2399 ὑπὲρ
3459 2330 3647 2381 πᾶσαν

2066 2427 2386 2494 ἐπωνυμίαν
2411 2426 2545 2478 οὖσα
2599 2427 2695 2478 καὶ
2739 2427 3004 2492 ἔκφανσιν
3037 2424 3134 2477 καὶ
3187 2421 3442 2491 μετοχὴν,
3511 2418 3650 2473 ἀλλὰ

2066 2518 2162 2570 καὶ
2201 2521 2234 2586 ή
2285 2517 2445 2587 χάρις
2487 2518 2582 2570 καλ⁸
2635 2519 2666 2587 ἡ
2709 2517 2939 2586 δύναμις
2975 2516 3071 2570 καί⁷
3115 2517 3146 2585 ή
3202 2517 3457 2584 ἐνέργεια
3485 2512 3581 2564 καὶ
3609 2511 3644 2578 ή

2067 2606 2411 2676 λαμπρότης,
2441 2606 2536 2660 καὶ
2581 2609 2614 2675 ἡ
2681 2606 2928 2674 βασιλεία
2970 2606 3064 2657 καὶ
3101 2608 3133 2672 ἡ
3189 2603 3494 2672 ἁφθαρσία,
3549 2600 3650 2654 κοιλ⁸

2071 2701 2226 2754 πάνθ’
2254 2699 2442 2762 ἁπλῶς
2468 2698 2590 2753 καθ’
2627 2698 2663 2753 ἁ
2703 2701 2970 2762 κοινωνεῖ,
2996 2699 3092 2750 καὶ
3119 2698 3262 2752 κατὰ
3288 2698 3452 2767 χάριν
3487 2693 3645 2747 ἑνοῦ-

2067 2813 2154 2848 ται
2176 2797 2286 2858 τοίς
2315 2797 2494 2862 ἁγίοις
2523 2793 2778 2861 ἀγγέλοις
2806 2809 2865 2844 τε
2917 2793 3008 2846 καὶ
3042 2791 3349 2862 ἀνθρώποις
3388 2790 3417 2841 ό
3465 2787 3600 2850 Θεός
3629 2801 3646 2818 ο

2073 2889 2212 2955 μήτε
2240 2886 2329 2938 διὰ
2355 2885 2414 2937 τὸ
2453 2884 2712 2954 μεριστὸν
2745 2885 2834 2938 καὶ
2851 2884 3106 2952 διάφορον
3131 2883 3239 2932 τῶν
3273 2880 3647 2944 ὑποστάσεων,

2074 2979 2212 3047 μήτε
2243 2976 2330 3029 διὰ
2355 2976 2416 3028 τὸ
2450 2977 2708 3046 μεριστὸν
2732 2978 2823 3029 καὶ
2853 2974 3099 3028 ποικίλον
3133 2974 3242 3024 τῶν
3277 2970 3562 3040 δυνάμεών
3585 2986 3647 3022 τε

2070 3069 2165 3123 καὶ
2229 3069 2548 3140 ἐνεργειῶν,
2601 3070 2704 3138 τῆς
2773 3068 3077 3132 ἁπλότητος
3129 3065 3416 3119 ἐκπίπτων
3472 3063 3650 3124 οὕτως

386 3177 630 3246 ἐνεργῶν
660 3178 729 3229 τὰ
761 3177 880 3230 θεῖα
905 3177 1083 3230 πάντα
1110 3178 1185 3239 ὡς
1215 3176 1368 3239 Θεὸς,
1396 3177 1490 3230 καὶ
1528 3178 1597 3230 τὰ
1649 3177 1966 3247 ἀνθρώπινα
1994 3185 2038 3241 c
2069 3167 2204 3233 ἡμῖν
2245 3160 2325 3227 εἷς
2357 3166 2476 3219 ἔστι
2529 3164 2935 3232 παντοδύναμος
2987 3163 3118 3225 Θεὸς
3166 3163 3223 3213 ἒν
3267 3161 3367 3231 μιᾷ
3411 3159 3652 3228 θεότητιο

389 3271 567 3326 πάντα
606 3271 682 3334 ὡς
730 3270 1040 3340 ἄνθρωπος,
1105 3272 1199 3324 καὶ⁵
1238 3274 1350 3332 τοῖς
1399 3271 1762 3340 ἀνθρωπίνοις
1820 3272 1968 3324 ἀδια-

386 3368 604 3436 ϐλήτοις
675 3367 1044 3431 ὑποκείμενος
1101 3367 1356 3420 πάθεσιν.
1425 3365 1672 3437 ’Ᾱπαθὴς
1735 3365 1835 3433 μὲν
1873 3367 1967 3419 καὶ

385 3461 650 3520 ἀθάνατος
681 3460 757 3513 ὢν
785 3461 880 3512 καὶ
907 3459 1182 3527 διαμένων
1201 3460 1274 3521 ὡς
1307 3459 1462 3523 Θεὸς,
1500 3457 1640 3512 ἑκὼν
1681 3459 1736 3511 δὲ
1801 3460 1964 3528 σαρκὶ

386 3554 579 3606 παθὼν
607 3553 684 3615 ὡς
713 3552 1002 3619 ἄνθρωπος
1043 3567 1057 3580 °
1105 3551 1200 3603 καὶ
1257 3552 1598 3621 σταυρωθείς
1647 3552 1745 3605 καὶ
1788 3550 1967 3605 θανὼν

383 3646 479 3699 καὶ
515 3646 730 3714 ταφεὶς,
785 3644 880 3698 καὶ
908 3646 974 3712 τῇ
1007 3642 1167 3712 τρίτῃ
1211 3644 1397 3715 ἡμέρᾳ
1445 3643 1682 3706 ἀναστάς
1718 3660 1731 3675 ⁸
1769 3644 1827 3707 ὃς
1875 3645 1966 3696 καὶ

382 3740 497 3799 τοῖς
529 3737 804 3804 μαθηταῖς
839 3733 981 3804 μετὰ
1015 3733 1111 3804 τὴν
1145 3734 1444 3786 ἀνάστασιν
1493 3734 1809 3800 ἐπιφανεὶς,
1871 3734 1984 3786 καὶ·

383 3829 486 3896 τὴν
514 3828 572 3892 ἐξ
601 3828 768 3894 ’ύψους
815 3827 1046 3895 δύναμιν
1085 3825 1576 3893 ἐπαγγειλάμενος,
1623 3826 1718 3878 καὶ
1750 3844 1965 3895 παραγ-

383 3917 572 3985 γείλας
610 3917 943 3986 μαθητεύειν
973 3917 1150 3970 πάντα
1195 3917 1266 3967 τά
1320 3915 1472 3985 ἔθνη,
1528 3917 1623 3968 καὶ
1680 3917 1966 3987 βαπτίζειν

383 4010 465 4071 εἰς
529 4009 590 4061 τὸ
644 4009 816 4076 ὄνομα
872 4006 965 4059 τοῦ
1025 4007 1238 4075 Πατρὸς
1290 4007 1382 4058 καὶ
1427 4005 1521 4057 τοῦ
1558 4007 1688 4058 Υἰοῦ
1739 4008 1964 4061 καὶτοῦ

383 4104 541 4171 ἁγίου
574 4101 918 4170 Πνεύματος,
949 4100 1046 4152 καὶ
1065 4100 1257 4167 τηρεῖν
1283 4098 1559 4152 διδάσκειν
1610 4098 1710 4152 ὅσα
1764 4100 1964 4153 ἐνετεί-

380 4196 533 4258 λατο,
569 4192 734 4256 αὐτὸς
759 4192 1036 4261 ἀνελήφθη
1066 4192 1146 4253 εἰς
1169 4190 1260 4243 τὸν
1294 4191 1546 4259 οὐρανὸν,
1574 4191 1670 4244 καὶ
1711 4193 1966 4246 ἐκάθισεν

378 4290 443 4343 ἐκ
477 4287 668 4352 δεξιῶν
701 4285 795 4337 τοῦ
833 4284 1070 4354 Πατρὸς,
1103 4284 1370 4353 ὁμότιμον
1425 4285 1519 4337 καὶ
1550 4285 1683 4356 ὀμόθ
1697 4302 1848 4354 ρονον
1893 4285 1968 4349 ὡς

378 4382 606 4450 ὁμόθεον
638 4379 872 4448 ποιήσας
901 4377 962 4428 τὸ
997 4375 1266 4445 ἡμέτερον
1298 4377 1550 4446 φύραμα,
1591 4376 1711 4444 μεθ’
1753 4377 1812 4429 οὗ
1864 4379 1969 4431 πά..

381 4471 466 4524 λιν
501 4457 826 4542 φυράματος
857 4468 1011 4538 ἥξειν
1032 4464 1215 4534 μέλλει
1245 4468 1383 4533 μετὰ
1412 4467 1572 4537 δόξης
1599 4469 1782 4536 κρῖναι
1831 4467 1966 4531 ζῶν-

2075 3257 2209 3310 Οῦτε
2242 3259 2353 3324 γάρ
2385 3257 2442 3322 ἐξ
2477 3257 2830 3310 ὑποστάσεων
2879 3256 3103 3308 τελείων
3152 3253 3351 3322 γένοιτ’
3395 3251 3461 3305 ἄν
3517 3267 3651 3302 ποτε

2075 3350 2344 3414 σύνθεσις,
2381 3347 2505 3402 οὔτε
2537 3349 2595 3402 τὸ
2628 3349 2951 3416 δυνάμενον,
2985 3347 3068 3400 ὅτι
3124 3346 3353 3413 δύναμιν
3400 3344 3433 3414 ἢ
3494 3342 3655 3396 δυνά-

2075 3461 2196 3513 μεις
2224 3441 2356 3512 ἔχει,
2402 3441 2471 3494 δι’
2503 3441 2630 3494 αὐτὸ
2684 3441 2747 3492 τὸ
2799 3439 3061 3493 δύνασθαι
3134 3438 3392 3492 σύνθετον
3432 3435 3652 3507 ἀληθῶς

2073 3553 2207 3589 ποτε
2224 3535 2442 3604 λεχθείη
2473 3535 2561 3588 ἄν.
2959 3532 2964 3535 ’

2149 3624 2290 3694 Πρὸς
2331 3625 2544 3687 τούτοις
2577 3620 2993 3692 προσκυνοῦμεν
3045 3619 3310 3687 σχετικῶς
3339 3619 3439 3687 τὴν
3490 3615 3654 3685 ἁγίαν

2070 3717 2256 3770 εἰκόνα
2289 3716 2382 3769 τοῦ
2413 3715 2848 3784 περιγραφέντος
2897 3713 2973 3775 ὡς
3010 3712 3080 3766 δι’
3124 3713 3273 3782 ἡμᾶς
3323 3710 3655 3780 ἐνανθρωπί-

2072 3826 2262 3869 σαντος
2285 3807 2420 3860 Υἰοῦ
2447 3807 2542 3859 τοῦ
2579 3807 2740 3870 Θεοῦ,
2770 3806 2906 3875 πρὸς
2946 3805 3008 3857 τὸ
3033 3805 3393 3874 πρωτότυπον
3446 3802 3654 3870 ἀναφέ-

2073 3918 2258 3973 ροντες
2291 3901 2558 3970 σχετικῶς
2597 3900 2698 3967 τὴν
2745 3896 3124 3968 προσκύνησιν
3155 3913 3169 3928 ·
3218 3897 3310 3949 καὶ
3357 3895 3418 3948 τὸ
3469 3895 3653 3964 τίμιον

2071 3997 2164 4050 τοῦ
2200 3995 2438 4065 σταυροῦ
2479 3995 2657 4060 ξύλον,
2687 3996 2780 4048 καὶ
2815 3994 2885 4047 τὰ
2914 3993 3160 4062 σύμϐολα
3197 3993 3378 4047 πάντα
3408 3990 3515 4044 τῶν
3557 3991 3654 4042 αύ-

2069 4090 2162 4142 τοῦ
2188 4089 2554 4158 παθημάτων,
2586 4087 2660 4150 ὡς
2687 4087 2816 4140 ὄντα
2841 4087 3074 4156 τρόπαια
3101 4085 3219 4138 θεῖα
3246 4087 3385 4138 κατὰ
3407 4085 3501 4138 τοῦ
3535 4101 3654 4136 κοι-

2070 4178 2162 4232 νοῦ
2192 4177 2454 4248 πολεμίου
2483 4177 2576 4232 τοῦ
2613 4177 2808 4247 γένους
2858 4176 3016 4247 ἡμῶν
3051 4193 3064 4207 ·
3123 4175 3264 4245 πρὸς
3321 4175 3378 4228 δέ
3422 4175 3514 4228 καὶ
3559 4175 3654 4226 τὸν

2069 4274 2239 4327 τύπον
2263 4273 2356 4326 τοῦ
2389 4272 2572 4342 τιμίου
2602 4270 2835 4342 σταυροῦ
2871 4273 3164 4340 σωτήριον,
3191 4269 3284 4322 καὶ
3319 4270 3447 4331 τοὺς
3473 4266 3654 4330 θείους
3739 4289 3746 4294 ·

2070 4369 2230 4429 ναοὺς
2262 4366 2354 4420 καὶ
2380 4366 2600 4438 τόπους,
2628 4367 2720 4418 καὶ
2751 4363 2820 4415 τὰ
2853 4363 2972 4431 ἰερὰ
3006 4361 3180 4431 σκεύη
3241 4359 3333 4415 καὶ
3384 4358 3656 4426 θεοπαρά-

2073 4461 2202 4516 am
2231 4460 2390 4526 λόγια
2421 4458 2509 4511 διὰ
2543 4456 2633 4509 τὸν
2684 4455 2866 4518 αὐτοῖς
2915 4446 3229 4507 ἐνοικοῦντα
3260 4451 3416 4505 Θεόν.
3463 4449 3656 4502 Ὡσαύ-

376 4581 477 4627 τας
513 4563 609 4616 καὶ
645 4561 900 4630 νεκροὺς,
943 4560 1035 4612 καὶ
1069 4559 1364 4612 ἀποδοῦναι
1418 4558 1635 4628 ἑκάστῳ
1694 4558 1833 4610 κατὰ
1891 4560 1960 4612 τά
1996 4545 2038 4599 υ
2066 4574 2175 4616 τως
2213 4551 2632 4622 προσκυνοῦμεν
2658 4550 2750 4602 καὶ
2789 4547 2884 4610 τάς
2913 4547 3024 4599 τῶν
3049 4546 3221 4614 ἁγίων
3266 4544 3486 4598 πάντων
3507 4542 3655 4596 εἰκό-

378 4656 516 4725 ἔργα
562 4651 750 4706 αὑτοῦ.
806 4652 942 4720 Τότε
997 4651 1056 4703 δὲ
1117 4651 1255 4716 πρὸς
1308 4649 1398 4702 τὸν
1456 4651 1676 4720 Πατέρα
1729 4651 1968 4704 ἀνελθὼν

384 4744 630 4814 ἐπεμψεν
677 4742 768 4796 ἐπὶ
793 4741 920 4804 τοὺς
966 4740 1156 4807 ἁγίους
1188 4739 1354 4793 αὐτοῦ
1400 4740 1652 4811 μαθητὰς
1697 4743 1791 4794 καὶ
1834 4743 1969 4795 ἀπο-

388 4837 606 4900 στόλους
630 4836 689 4889 τὸ
714 4835 938 4902 Πνεῦμα
968 4832 1027 4886 τὸ
1050 4832 1226 4900 ἆγιον,
1250 4831 1283 4884 ὃ
1317 4833 1466 4902 παρὰ
1499 4830 1592 4884 τοῦ
1626 4831 1838 4901 Πατρὸς
1871 4835 1967 4885 ἐκ·

385 4928 684 5000 πορεύεται
720 4943 735 4958 ·
764 4928 1102 4996 συνάναρχον
1139 4925 1238 4994 μὲν
1268 4923 1328 4976 ὂν
1375 4923 1452 4994 τῷ
1501 4925 1680 4994 Πατρί
1748 4923 1842 4977 καὶ
1889 4923 1966 4992 τῷ

379 5017 517 5088 Υίῷ,
546 5018 620 5081 ὡς
648 5017 899 5086 ἄχρονον,
928 5015 1028 5068 οὐκ
1058 5013 1292 5084 ἄναρχον
1326 5013 1404 5078 δέ,
1431 5013 1504 5074 ώς
1535 5013 1627 5066 καὶ
1650 5014 1781 5065 αὐτὸ
1809 5012 1966 5084 ῥίζαν

377 5110 476 5164 καὶ
507 5109 694 5179 πηγὴν
728 5107 824 5160 καὶ
883 5106 1066 5159 αἰτίαν
1110 5107 1230 5175 ἕχον
1285 5107 1376 5158 τὸν
1433 5106 1674 5172 Πατέρα,
1730 5105 1828 5175 ούχ
1889 5105 1964 5168 ὡς

377 5201 663 5270 γεννητὸν,
697 5199 812 5253 ἀλλ’
839 5201 915 5262 ὡς
941 5200 1277 5266 ὲκπορευτόν
1303 5215 1316 5229 ·
1368 5199 1431 5251 ἐκ
1475 5199 1688 5267 Πατρὸς
1730 5197 1840 5268 γὰρ
1872 5198 1964 5251 καὶ

377 5295 513 5349 αὐτὸ
543 5295 649 5363 πρὸ
676 5295 892 5346 πάντων
925 5293 1034 5346 τῶν
1067 5292 1279 5345 αἰώνων
1305 5291 1622 5363 ἀρῤεύστως
1670 5291 1764 5364 καὶ
1824 5292 1966 5344 ἀπα-

379 5387 511 5455 θῶς,
541 5387 600 5438 οὐ
626 5385 925 5453 γεννητῶς,
959 5383 1074 5437 ἀλλ’
1101 5382 1450 5454 ἐκπορευτῶς
1476 5381 1767 5453 προῆλθεν,
1790 5381 1964 5434 ἀδιαί-

383 5496 538 5552 ρετον
583 5477 641 5530 ὃν
667 5477 760 5530 τοῦ
793 5477 1006 5549 Πατρὸς
1037 5479 1129 5530 καὶ
1161 5475 1256 5530 τοῦ
1291 5476 1444 5540 Υἰοῦ,
1482 5475 1556 5538 ὡς
1590 5477 1655 5528 ἐκ
1707 5474 1802 5529 τοῦ
1851 5476 1963 5528 Πα-

376 5571 508 5640 τρὸς
539 5572 874 5643 προερχόμε·.
887 5587 946 5623 ον
971 5570 1064 5623 καὶ
1089 5570 1147 5622 ἐν
1173 5567 1287 5640 Υἱῷ
1317 5569 1754 5637 ἀναπαυόμενον,
1788 5567 1963 5633 ἀσύγ-

379 5681 550 5734 χυτον
578 5664 674 5718 καὶ
707 5665 807 5732 τὴν
827 5663 1018 5715 ἕνωσιν
1049 5661 1192 5733 ἕχον,
1227 5662 1320 5714 καὶ
1351 5660 1648 5731 ἀμέριστον
1678 5659 1777 5730 τὴν
1824 5660 1964 5711 διαί-

382 5771 534 5828 ρεσιν
573 5772 589 5788 ³
622 5755 754 5818 Θεὸς
805 5755 864 5810 ὃν
900 5755 992 5807 καὶ
1025 5755 1154 5808 αὐτὸ
1205 5755 1271 5807 ἐκ
1305 5752 1400 5810 τοῦ
1455 5751 1612 5817 Θεοῦ,
1645 5751 1747 5804 οὐκ
1800 5753 1958 5816 ἄλλος

386 5847 486 5917 μὲν
549 5847 672 5908 καθ’
717 5846 745 5900 ὸ
809 5846 963 5912 Θεὸς,
1003 5847 1161 5912 ἄλλος
1208 5847 1262 5900 δὲ
1317 5845 1437 5898 καθ’
1473 5845 1500 5899 ὃ
1556 5845 1953 5919 Παράκλητος.

2071 4663 2164 4708 νας
2198 4645 2284 4697 διὰ
2316 4643 2414 4714 τὴν
2437 4641 2575 4712 πρὸς
2609 4640 2810 4701 αὐτοὺς
2851 4638 3078 4706 ἀγάπην
3125 4639 3215 4691 καὶ
3251 4637 3342 4690 τὸν
3385 4635 3539 4700 Θεὸν,
3594 4635 3654 4688 δν

2070 4737 2217 4790 οῦτοι
2262 4734 2478 4806 ἀληθῶς
2505 4731 2804 4802 ἠγάπησάν
2827 4747 2887 4782 τε
2919 4732 3011 4784 καὶ
3029 4727 3420 4806 ἐθεράπευσαν
3455 4745 3469 4758 ·
3501 4729 3557 4779 ἐν
3585 4729 3651 4796 τῇ

2071 4833 2447 4902 προσκυνήσει
2514 4824 2652 4893 πρὸς
2674 4825 2773 4887 τὰς
2804 4823 3030 4875 εἰκόνων
3072 4822 3288 4892 μορφὰς
3353 4805 3653 4889 ἀναφέρον-

2067 4939 2158 4984 τες
2187 4923 2286 4988 τὴν
2318 4920 2579 4971 διάνοιαν.
2608 4914 3038 4985 Προσκυνοῦμεν
3062 4913 3156 4966 καὶ
3190 4915 3360 4976 αὐτὰς
3410 4913 3509 4974 τὰς
3539 4912 3651 4962 τῶν

2071 5015 2242 5082 ἁγίων
2283 5013 2496 5084 σοροὺς,
2534 5013 2608 5074 ὡς
2637 5011 2737 5080 τῆς
2774 5011 3107 5078 ἁγιαστικῆς
3148 5009 3369 5077 χάριτος
3415 5006 3525 5056 τῶν
3560 5005 3654 5056 αὑ-

2065 5108 2176 5160 τῶν
2220 5109 2318 5161 οὐκ
2352 5105 2682 5175 ἀποπτάσης
2729 5103 3042 5173 ἰερωτάτων
3076 5101 3274 5153 ὀστῶν
3312 5099 3500 5166 ὥσπερ
3529 5096 3653 5148 ούδέ

2067 5197 2158 5254 τοῦ
2193 5199 2517 5253 δεσποτικοῦ
2542 5199 2794 5268 σώματος
2830 5196 2890 5248 ἐν
2933 5194 3010 5264 τῷ
3035 5191 3322 5264 τριημέρῳ
3371 5189 3429 5260 η’
3457 5189 3652 5260 θεότης

2063 5294 2292 5364 διῃρέθη
2319 5291 2550 5360 θανάτῳ,

2137 5384 2318 5438 Κακὸν
2369 5383 2487 5438 κατ’
2521 5383 2708 5436 οὐσίαν
2743 5382 2903 5452 ἴσμεν
2925 5379 3081 5434 οὐδέν
3115 5394 3129 5409 ⁶

2064 5479 2239 5530 κακοῦ
2274 5475 2453 5544 ἀρχὴν
2486 5474 2679 5545 ἑτέραν
2710 5473 2743 5543 ἢ
2779 5472 2875 5541 τὴν
2901 5470 3176 5544 ἐκτροπὴν
3226 5469 3341 5521 τῶν
3389 5466 3648 5535 λογικῶν,

2065 5569 2428 5640 κεχρημένων
2451 5569 2516 5636 τῇ
2545 5567 2695 5639 παρά
2721 5565 2815 5618 τοῦ
2842 5564 2978 5617 Θεοῦ
3013 5563 3272 5632 δεδομένῃ
3309 5558 3651 5624 αὐτεξουσιό-

2063 5679 2188 5726 τητι
2222 5661 2426 5724 κακῶς.
2460 5661 2774 5730 Στέργομεν
2830 5658 3006 5721 πάσας
3059 5657 3158 5716 τὰς
3217 5652 3647 5724 ἐκκλησιατικάς

2065 5755 2412 5826 παραδόσεις,
2465 5755 2777 5822 ἐγγράφους
2826 5768 2883 5803 τε
2917 5750 3010 5803 καὶ
3060 5747 3363 5818 ἀγράφους,
3391 5746 3482 5800 καὶ
3538 5745 3648 5816 πρὸ

2065 5847 2281 5900 πάντων
2313 5845 2410 5917 τὴν
2438 5841 2862 5915 μυστικωτάτην
2891 5857 2948 5894 τε
2989 5839 3083 5893 καὶ
3117 5837 3379 5908 πανίερον
3417 5834 3643 5912 τελετὴν

3194 5377 3308 5430 οὐδ’
3364 5371 3504 5428 εἶναι
3554 5372 3648 5426 τοῦ
