4090 6442
3648 363 3750 426 ἨΞ

493 375 595 440 771
1525 369 1965 432 PIHLOTHEI
2005 371 2112 433 (ΣΡ.
2178 367 2694 429 PATRIARCILE

489 471 723 549 δικαίως
749 482 1161 554 καθυπεϐ).ήοη,
1199 484 1292 536 καὶ
1331 484 1497 550 τόμος
1527 484 1806 546 συνοδικδς
1833 483 1926 536 ἐπὶ
1947 482 2074 535 τού-
2105 492 2149 540 Α
2180 481 2478 543 νώσαντες.
2508 483 2569 534 Εἰ
2601 483 2710 550 γὰρ
2750 480 2846 534 καὶ
2875 479 3025 548 τόπῳ
3053 480 3144 532 καὶ
3189 479 3401 545 σώματι
3434 475 3752 547 διῃρημένοι

489 597 604 640 τοις
641 578 872 647 προέϐη,
919 577 1455 646 συμπεριληπτικῶς
1487 575 1818 645 ἀποτέμνων
1847 575 1945 645 τῆς
1977 575 2070 627 τοῦ
2173 568 2336 642 ἦσαν,
2362 574 2480 626 ἀλλ’
2505 573 2580 634 ώς
2611 573 2731 634 ἑνὸς
2757 571 3075 640 Πνεύματος
3115 571 3174 622 έν
3217 570 3403 629 αὐτοῖς
3444 568 3752 632 λαλοῦντος,

489 670 730 735 Χριστοῦ
783 669 1080 733 καθολικῆς
1135 668 1230 720 καὶ
1285 667 1654 737 ἀποστολικῆς
1715 667 2096 734 Ἐκκλησίας,,

493 763 590 813 καὶ
619 761 820 822 παντὸς
847 760 944 812 τοῦ
971 760 1077 812 τῶν
1113 759 1416 828 όρθοδόξων
1465 758 1861 827 πληρώματος,
1908 761 1958 811 εί
1989 760 2074 821 τίς

491 871 540 903 τι
581 855 688 904 τῶν
727 851 831 904 ὑπο
867 850 962 902 τοῦ
1005 850 1275 918 Βαρλαάμ
1324 849 1466 901 κατὰ
1516 850 1624 900 τῶν
1667 848 1937 918 μοναχῶν,
1977 846 2072 899 τοῦ

490 959 546 992 τε
588 940 831 1011 δηλονότι
866 939 1035 1009 κυροῦ
1067 939 1373 1009 Γρηγορίου
1416 939 1510 992 τοῦ
1543 934 1796 1008 Παλαμᾶ,
1843 939 1936 990 καὶ
1963 936 2072 989 τῶν

493 1035 590 1086 σὺν
636 1033 809 1102 αὐτῷ,
860 1031 1238 1100 λαληθέντων,
1295 1032 1328 1102 ἢ
1391 1031 1820 1101 συγγραφέντων
1875 1030 2069 1098 φανείη

490 1128 654 1182 πάλιν
686 1125 794 1178 τῶν
826 1126 1007 1177 αὐτῶν
1053 1123 1402 1193 κατηγορῶν,
1441 1124 1635 1177 οὐδένα
1671 1123 1781 1176 τῶν
1812 1123 2070 1176 ἁπάντων

490 1218 706 1283 ἀγνοεῖν
736 1212 912 1284 οἶμαι,
944 1214 1082 1267 ἀλλά
1135 1216 1274 1284 μετὰ
1315 1215 1510 1283 μικρὸν
1549 1215 1652 1267 ὑπὸ
1686 1216 1932 1283 πονηρᾶς
1975 1215 2071 1266 καλ⁸

491 1306 760 1374 φιλάρχου
808 1303 1034 1372 γνώμης
1085 1303 1230 1355 κατά
1259 1305 1358 1371 τῆς
1395 1303 1676 1373 βασιλείας
1719 1321 1819 1372 μου
1853 1305 2071 1356 πλασα-

494 1398 674 1464 μένων
706 1397 870 1449 τινῶν
900 1395 934 1448 ἃ
970 1397 1064 1447 καὶ
1102 1396 1262 1463 ὑμεῖς
1299 1395 1434 1459 ἴστε,
1472 1396 1769 1448 κάντεῦθεν
1825 1397 2070 1466 χαλεπῆς

492 1491 812 1558 συγχύσεως
843 1487 1258 1555 καταλαϐούσης
1285 1487 1385 1556 τὴν
1411 1487 1519 1539 τῶν
1552 1487 1841 1556 Ῥωμαίων
1874 1489 2068 1558 ἀρχὴν,

490 1579 519 1629 ό
580 1579 884 1641 Ἀκίνδυνος
933 1577 1008 1638 ώς
1065 1578 1282 1647 ἐρμαίῳ
1343 1581 1409 1648 τῇ
1461 1577 1686 1649 τοιαύτῃ
1738 1579 1833 1631 τοῦ
1877 1578 2070 1647 καιροῦ

493 1669 769 1739 μοχθηρίᾳ
812 1669 1179 1738 χρησάμενος,
1232 1667 1326 1720 καὶ
1377 1668 1609 1730 πολλοὺς
1655 1670 1944 1738 ἀπατήσας
1979 1670 2069 1722 καὶ

490 1763 1074 1834 προσεταιρισάμενος,
1130 1761 1254 1830 μεθ’
1283 1756 1359 1815 ὧν
1392 1763 1484 1814 καὶ
1519 1762 1610 1814 τὸν
1655 1763 2072 1832 χρηματίσαντα

491 1858 854 1924 πατριάρχην,
917 1854 1108 1907 στάσιν
1161 1854 1352 1923 ἤγειρε
1392 1856 1530 1906 κατὰ
1584 1854 1685 1922 τῆς
1722 1853 2065 1921 ,Ἐκκλησίας
2103 1840 2142 1893 Β

489 1947 690 2015 δεινὴν,
734 1948 832 2015 τῆς
872 1946 1011 1999 κατά
1049 1947 1147 2014 τὴν
1178 1945 1458 1997 πολιτείαν
1491 1945 1659 2015 μηδὲν
1704 1946 2064 2009 ἀποδέουσαν,

491 2039 793 2091 ἑπεκδικῶν
827 2039 928 2107 μὲν
959 2038 1056 2097 τάς
1082 2037 1175 2090 τοῦ
1201 2037 1464 2106 Βαρλαάμ
1488 2037 1698 2100 ὲκείνας
1728 2038 2066 2102 κακοδοξίας,

486 2132 547 2185 τὸ
584 2133 755 2201 δνομα
781 2131 840 2184 δὲ
890 2131 1050 2199 μόνον
1097 2131 1310 2183 ἐκείνου
1354 2132 1446 2184 καὶ
1481 2131 1643 2192 αὐτὸς
1677 2131 1814 2198 πρὸς
1850 2131 2068 2200 ἀπάτην

487 2226 903 2295 ἀποκηρύττων,
935 2227 982 2277 εἰ
1016 2226 1108 2276 καὶ
1129 2223 1239 2275 τῶν
1268 2223 1508 2287 συνετῶς
1545 2223 1856 2277 ἀκουόντων
1877 2224 2069 2277 οὐδένα

484 2321 752 2373 διέλαθεν.
795 2319 950 2372 Ἐπεὶ
981 2318 1036 2370 δὲ
1066 2318 1368 2388 βεϐαιωτὴς
1400 2320 1491 2372 καὶ
1519 2321 1843 2389 προστάτης
1885 2321 2067 2374 Ἀκιν-

483 2414 644 2466 δύνου
673 2412 764 2466 καὶ
799 2414 908 2464 τῶν
936 2411 1056 2462 κατ’
1088 2411 1248 2463 αὐτὸν
1276 2413 1305 2462 ό
1333 2414 1678 2479 χρηματίσας
1714 2413 2063 2483 πατριάρχης

485 2505 800 2574 γενόμενος,
856 2505 1016 2558 αὐτόν
1086 2521 1144 2556 τε
1186 2505 1278 2556 τὸν
1356 2503 1662 2556 ’Δκίνδυνον
1729 2505 2066 2572 χειροτονίας

487 2599 710 2666 ἠξίωσε,
743 2598 839 2649 καί
865 2613 1017 2659 τινας
1048 2596 1154 2648 τῶν
1186 2594 1634 2664 ὁμοφρονούντων
1680 2595 1828 2663 αὐτῷ
1859 2598 1938 2656 εἰς
1969 2595 2067 2656 τάς

488 2688 951 2756 ἐκκλησιαστικὰς
1009 2687 1248 2758 προῆγεν
1301 2687 1499 2756 ἀρχὰς,
1537 2685 1654 2755 ἅμα
1678 2685 1768 2740 καὶ
1803 2688 1938 2756 πρδς
1967 2687 2066 2755 τὴν

486 2781 834 2850 ὑψηλοτάτην
859 2780 1143 2832 δέσποιναν
1170 2778 1278 2831 τῶν
1314 2776 1621 2848 Ῥωμαίων,
1666 2778 1758 2831 καὶ
1789 2779 2066 2846 ἐρασμιω-

483 2874 655 2942 τάτην
693 2872 932 2940 ἀδελφὴν
981 2874 1080 2940 τῆς
1129 2870 1406 2940 βασιλείας
1438 2885 1564 2938 μου,
1603 2870 1697 2922 ἐπὶ
1733 2871 1846 2928 τοῖς
1892 2868 2067 2921 τοιού-

469 2983 600 3028 sou;
661 2966 897 3034 δόγμασι
949 2963 1491 3035 παρρησιαζόμενος,
1527 2960 1619 3013 καὶ
1658 2959 1802 3014 κατά
1831 2960 1940 3012 τῶν
1984 2959 2065 3012 δι-

481 3057 830 3111 καιωθέντων
885 3055 976 3108 ὑπ’
1031 3054 1284 3122 εὐσεϐείᾳ
1337 3052 1584 3122 μοναχῶν
1636 3050 1789 3114 αὖθις
1844 3051 2061 3121 χωρῶν,

2173 667 2233 718 τ’)
2263 667 2395 718 αὐτὸ
2439 666 2641 727 πάντες
2673 666 3146 733 συναπεφήναντο,
3191 663 3219 716 ὃ
3272 663 3366 716 καὶ
3414 665 3445 730 ἡ
3505 662 3752 731 βασιλεία

2178 776 2282 826 μου
2315 760 2554 827 Χριστοῦ
2604 760 2790 828 χάριτι
2849 758 3065 828 στέργει
3098 757 3195 810 καὶ
3235 757 3504 823 στηρίξει,
3539 757 3630 808 καὶ
3659 757 3756 808 νῦν

2175 849 2589 918 καὶπρότερον.
2622 849 2776 901 Μετὰ
2822 849 3006 916 μέντοι
3042 848 3142 918 τὴν
3187 847 3284 913 τῆς
3327 845 3605 917 βασιλείας
3651 865 3752 914 μου

2173 939 2492 1009 ἐπιδημίαν,
2543 939 2722 992 καίτοι
2751 939 2819 992 δι’
2852 939 3130 1008 ἐγγράφου
3187 938 3357 1006 τόμου
3409 939 3755 1007 πεμφθείσης

2174 1033 2326 1101 αὐτῷ
2366 1032 2520 1100 παρὰ
2547 1031 2654 1083 τῶν
2690 1031 2994 1101 ἀρχιερέων
3041 1032 3137 1098 τῆς
3172 1031 3494 1101 καταδίκης,
3534 1033 3753 1102 ἐπειδή-

2175 1139 2282 1192 περ
2310 1121 2516 1192 έμαθον
2561 1122 3041 1191 προφασιζόμενον
3085 1121 3247 1174 αὐτὸν
3278 1123 3371 1174 καὶ
3404 1123 3754 1189 ἐνιστάμενον

2174 1215 2277 1278 ἐτι,
2305 1215 2380 1275 ώς
2407 1213 2618 1267 ἀπόντα
2668 1213 3162 1273 καταδικασθέντα,
3205 1216 3298 1266 καὶ
3346 1213 3566 1282 ἕτοιμον
3615 1209 3754 1265 εἶναι

2177 1276 2435 1372 παρεῖναι
2487 1304 2586 1357 καὶ
2643 1303 3035 1371 ἀπολογεῖσθαι
3092 1276 3754 1373 λ.έγοντα,⁸προκαοίσας

2179 1397 2320 1465 μετὰ
2353 1396 2450 1448 τοῦ
2479 1395 2819 1465 ὑψηλοτάτου
2863 1396 3127 1465 βασιλέως
3157 1399 3268 1448 τῶν
3309 1397 3616 1465 Ῥωμαίων,
3658 1400 3752 1448 καὶ

2176 1490 2595 1558 ἐρασμιωτάτου
2619 1489 2737 1542 υἱοῦ
2766 1490 2864 1558 τῆς
2893 1489 3168 1559 βασιλείας
3207 1507 3331 1558 μου,
3365 1490 3460 1542 καλ⁵
3488 1489 3624 1558 μετὰ
3648 1490 3753 1542 τῶν

2179 1581 2492 1650 ίερωτάτων
2530 1581 2962 1652 ἀρχιερέωνκαὶ
2995 1583 3094 1650 τῆς
3135 1583 3460 1651 συγκλήτου,
3498 1582 3753 1651 διεμηνυ-

2182 1675 2399 1744 σάμεθα
2436 1675 2653 1741 τοῦτον,
2690 1679 2771 1740 είς
2819 1677 2922 1744 τὴν
2977 1677 3195 1730 σύνοδον
3234 1677 3565 1745 ἀπαντῆσαι.
3606 1677 3664 1728 '0
3691 1676 3745 1728 δὲ

2175 1767 2349 1834 ἐφάνη
2383 1767 2558 1836 μάτην
2589 1769 2688 1839 τὴν
2716 1769 2984 1822 ἀπουσίαν
3019 1771 3517 1840 προφασιζόμενος
3553 1773 3610 1824 ob
3641 1773 3747 1838 γὰρ

2172 1857 2482 1928 ἐθάρρησεν
2517 1859 2838 1928 ἀπαντῆσαι
2887 1861 2983 1913 καὶ
3028 1861 3166 1925 ὅλως
3209 1864 3289 1926 εἰς
3331 1863 3522 1930 λόγους
3555 1845 3776 1925 ὲλθείνξ

2173 1951 2354 2002 καίτοι
2379 1952 2474 2018 καὶ
2513 1952 2636 2020 τρὶς
2670 1954 2765 2006 καὶ
2789 1956 3050 2022 τετράκις
3087 1956 3168 2017 εἰς
3207 1954 3304 2023 τὴν
3341 1955 3558 2008 σύνοδον
3585 1971 3749 2021 προσ-

2173 2039 2427 2110 κληθείς·
2459 2041 2546 2094 διὰ
2597 2043 2760 2096 τοῦτο
2803 2046 2926 2107 ταῖς
2981 2045 3171 2107 αὐταῖς
3219 2041 3307 2108 αἷς
3350 2045 3445 2098 καὶ
3484 2047 3747 2115 πρότερον

2171 2135 2495 2197 καταδίκαις
2531 2135 3032 2202 καθυποϐάλλεται,
3067 2136 3494 2204 συνευδοκούσης
3531 2139 3744 2200 δικαίως

2172 2227 2268 2278 καὶ
2330 2227 2432 2296 τῆς
2497 2226 2779 2296 βασιλείας
2839 2246 2963 2298 μου,
3000 2229 3027 2282 ὃ
3062 2229 3156 2282 καὶ
3194 2229 3284 2282 διά
3334 2230 3429 2282 τοῦ
3483 2230 3745 2299 παρόντος

2165 2319 2427 2374 δεικνῦσα
2465 2321 2564 2374 καὶ
2609 2320 2910 2390 βεϐαιοῦσα
2959 2323 3409 2392 προστάγματος,
3454 2321 3745 2391 διορίζεται

2171 2415 2329 2475 πᾶσι,
2381 2413 2636 2485 στέργειν
2693 2415 2790 2485 μὲν
2841 2415 2941 2478 τὰς
2995 2415 3253 2478 τοιαύτας
3305 2417 3600 2483 ὲνθέσμους
3653 2415 3746 2467 καὶ

2171 2505 2459 2568 συνοδικάς
2487 2505 2809 2572 διαγνώσεις
2839 2507 2933 2559 καὶ
2965 2509 3292 2576 ἀποφάσεις,
3316 2507 3740 2577 ἀποτρέπεσθαι,

2166 2597 2223 2650 δὲ
2256 2600 2384 2660 τοὺς
2419 2598 2488 2651 τὰ
2533 2597 2627 2650 τοῦ
2673 2599 2984 2652 ’Δκινδύνου
3022 2600 3376 2668 φρονοῦντας,
3409 2601 3505 2653 καὶ
3539 2602 3744 2662 πάντας

2165 2691 2295 2752 τοὺς
2345 2691 2490 2744 κατὰ
2542 2691 2635 2744 τοῦ
2691 2691 2991 2760 εἰρημένου
3040 2693 3337 2747 όσιωτάτου
3389 2694 3738 2762 ἰερομονάχου

2165 2783 2273 2852 κύρ
2305 2785 2608 2854 Γρηγορίου
2636 2785 2730 2836 τοῦ
2760 2786 3016 2854 Παλαμᾶ,
3052 2788 3147 2839 καὶ
3178 2785 3290 2837 τῶν
3329 2788 3426 2839 σὺν
3463 2787 3611 2854 αὐτῲ
3645 2804 3739 2854 μου

2165 2876 2346 2945 ναχῶν
2377 2872 2536 2940 αὖθις
2585 2877 2928 2948 χωροῦντας,
2959 2877 3034 2939 ὡς
3075 2878 3404 2940 ἀπατεῶνας
3436 2878 3614 2944 ὄντας,
3646 2880 3738 2931 καὶ

2164 2966 2265 3034 τὴν
2334 2967 2666 3037 Ἐκκλησίαν
2712 2967 2868 3027 αὖθις
2922 2968 3320 3036 ταράσσοντας.
3374 2965 3576 3020 Τούτου
3633 2967 3740 3035 γάρ

2165 3055 2324 3126 χάριν
2350 3057 2447 3110 καὶ
2473 3061 2571 3126 τῆς
2600 3058 2746 3111 κατὰ
2767 3058 3052 3111 εὐσέϐειαν
3077 3060 3306 3128 εἰρήνης
3334 3062 3427 3111 καὶ
3447 3057 3742 3126 ἀσφαλείας

482 3150 862 3206 καταλαϐοῦσα
915 3147 1165 3200 ἐντεῦθεν
1218 3145 1379 3215 αὐτη,
1442 3146 1539 3206 τὰς
1595 3145 1734 3214 ὑπὲρ
1785 3145 2064 3208 εὐσεϐείας
2095 3171 2134 3226 c
2167 3149 2228 3202 τὸ
2259 3149 2435 3220 παρὸν
2481 3149 2726 3219 ἀπελύθη
2766 3152 2866 3219 τῆς
2923 3149 3200 3219 βασιλείας
3258 3167 3358 3219 μου
3391 3151 3737 3220 πρόσταγμα.

484 3243 778 3305 συνοδικῶς
813 3243 1022 3304 ἐκείνας
1067 3239 1413 3308 διαγνώσεις,
1461 3242 1551 3292 καὶ
1597 3239 1902 3306 ἀποφάσεις
1929 3239 2065 3292 ἀκυ-

485 3333 909 3405 ρουμένας,“καὶ
940 3333 1031 3383 τὸν
1067 3330 1152 3383 ἐπ’
1195 3331 1388 3392 αὑταῖς
1441 3330 1717 3383 συνοδικὸν
1767 3331 1932 3399 τόμον
1972 3348 2064 3382 τε-

481 3426 641 3486 λείως
699 3425 790 3479 ὑπ’
845 3423 1009 3476 αὑτοῦ
1081 3417 1448 3490 ἁθετούμένον
1493 3422 1584 3475 καὶ
1635 3423 2062 3492 καταλυόμενον,

482 3519 742 3578 πολλάκις
778 3518 1047 3586 πρότερον
1085 3513 1224 3583 μετὰ
1254 3515 1362 3565 τῶν
1415 3514 1729 3582 ἱερωτάτων
1759 3514 2063 3584 ἀρχιερέων

479 3611 550 3664 τὰ
591 3611 718 3675 περὶ
764 3609 974 3661 τούτων
1025 3606 1341 3669 ὲξετάσασα,
1376 3599 1508 3657 ἐἶτα
1545 3607 1640 3657 καὶ
1685 3603 1900 3658 σύνοδον
1930 3623 2060 3674 συγο

479 3705 688 3772 κροτεῖ.
708 3701 841 3767 ,καθ’
871 3699 939 3769 ἢν
970 3699 1273 3762 ἐξετάσεως
1301 3697 1393 3750 καὶ
1427 3697 1770 3762 διαγνώσεως
1801 3697 2060 3765 ἀκριϐοῦς

479 3794 808 3863 γενομένης,
831 3791 1149 3858 καθαιρέσει
1179 3791 1334 3857 κοινῇ
1375 3789 1578 3850 πάντες
1607 3787 1797 3840 τοῦτον
1825 3787 2062 3841 καθυπο-

483 3884 764 3947 ϐἀλλουσι,
795 3882 900 3936 κᾶν
936 3882 987 3933 εἰ
1026 3881 1102 3948 μὴ
1137 3879 1540 3949 μεταμεληθείη
1567 3879 1658 3931 καὶ
1688 3879 1780 3931 τὸν
1817 3878 2061 3931 Ἀκίνδυ-

479 3994 592 4042 νον,
643 3977 734 4028 καὶ
792 3973 918 4034 τοὺς
979 3971 1102 4025 κατ’
1158 3971 1318 4023 αὑτὸν
1371 3971 1755 4038 ἀποϐάλλοιτο,
1799 3970 1896 4024 καὶ
1957 3970 2060 4040 τῆς

484 4069 679 4137 μοίρας
721 4066 837 4118 τῶν
871 4063 1170 4131 όρθοδόξων
1204 4061 1552 4132 έκτέμνουσι.
1606 4062 1810 4114 Τούτου
1859 4061 1916 4113 δὲ
1961 4061 2058 4114 τοῦ

480 4159 780 4228 θεαρέστου
817 4155 1165 4218 τελεσθέντος
1204 4156 1393 4225 ἔργου,
1447 4155 1733 4208 ἐπαινετὸν
1768 4155 1876 4225 γὰρ
1920 4154 2059 4208 κατά

476 4232 570 4300 τέιν
605 4246 832 4298 εἰπόντα
861 4246 954 4298 καὶ
979 4247 1012 4314 ἡ
1044 4246 1143 4314 τῆς
1177 4247 1371 4308 κακίας
1405 4246 1650 4308 κόλασις,
1683 4244 1801 4297 λύει
1834 4244 1933 4314 τὴν
1959 4245 2059 4313 ὲμ-

478 4339 702 4407 φύλλιον
735 4339 928 4390 στάσιν
963 4339 990 4390 ό
1030 4338 1254 4408 Κύριος,
1294 4338 1384 4390 καὶ
1418 4337 1675 4406 βραϐεύει
1703 4337 1801 4406 τὴν
1833 4337 2058 4406 εἰρήνην

477 4434 545 4500 τῇ
583 4431 828 4500 βασιλείᾳ
892 4430 1198 4497 Ῥωμαίων.
1250 4430 1356 4483 Καὶ
1418 4429 1590 4490 οὕτως
1648 4427 1964 4479 εἰσελθοῦσα
2021 4429 2054 4498 ὴ

2168 3236 2296 3308 Εἶχε
2327 3242 2423 3293 καὶ
2451 3241 2518 3294 δι’
2549 3241 2799 3313 ὲρυθρῶν
2824 3241 3177 3311 γραμμάτων
3209 3241 3307 3310 τῆς
3341 3240 3626 3312 βασιλικῆς
3651 3241 3742 3294 καὶ⁵

2167 3328 2318 3393 θείας
2349 3330 2528 3400 χειρὸς
2556 3331 2616 3383 τὸ
2651 3332 2782 3403 μηνὶ
2811 3332 3062 3402 Μαρτίῳ,
3116 3331 3449 3394 ἰνδικτιῶνος
3484 3338 3565 3384 ιε’.

2241 3419 2317 3472 Τὸ
2365 3422 2542 3491 παρὸν
2607 3421 2720 3475 ἴσον
2771 3423 2847 3492 τῷ
2901 3423 3291 3491 έμφανισθέντι
3341 3439 3430 3490 μοι
3479 3420 3606 3490 θείῳ
3652 3421 3741 3474 καὶ

2165 3515 2534 3582 προσκυνητῷ
2589 3515 2982 3584 προστάγματι
3041 3509 3366 3580 άντιϐαλὼν,
3418 3515 3512 3566 καὶ
3567 3513 3738 3566 πάντα

2164 3605 2342 3675 εὑρὼν
2381 3605 2656 3670 ὲξισάζον,
2693 3607 3012 3675 ὑπέγραψα.

2247 3699 2306 3750 '0
2354 3702 2608 3762 ταπεινὸς
2665 3699 3075 3770 μητροπολίτης
3121 3697 3498 3767 Φιλαδελφίας,
3547 3697 3737 3752 Mami-

2165 3808 2304 3860 ριο·.

2249 3881 2529 3935 Ἱδέτωσαν
2562 3881 2611 3934 οἰ
2653 3880 2929 3934 παπισταὶ
2961 3883 3115 3934 ποῖον
3156 3882 3503 3951 πατριάρχην
3538 3880 3740 3950 αἱρετι-

2161 3974 2300 4040 κὸν,
2337 3974 2632 4042 φαυλόϐιον
2655 4017 2669 4040 ,
2715 3974 3056 4042 σιμωνιακδν
3080 4015 3093 4038 ,
3169 3973 3577 4043 παλίμϐουλον,
3637 3971 3738 4026 ὑπὸ

2161 4065 2431 4121 τοσούτων
2460 4067 2694 4120 συνόδων
2737 4065 3324 4136 ἀνατεθεματισμένον,
3368 4066 3461 4118 καὶ
3501 4065 3605 4117 ὑπὸ
3639 4064 3735 4132 βα-

2164 4157 2355 4207 σιλέων
2399 4157 2868 4224 άποϐεϐλημένον,
2916 4157 3196 4210 ἐπαινοῦσι
3218 4199 3232 4220 ,
3260 4159 3352 4210 καὶ
3393 4158 3635 4226 λέγουσιν
3658 4158 3734 4210 ὅτι

2161 4249 2399 4318 ἐκάθηρε
2429 4248 2520 4299 τὸν
2548 4247 2813 4316 Παλαμᾶν
2835 4248 2972 4317 ὁμοῦ
3004 4248 3072 4317 μὲ
3104 4249 3194 4301 τὸν
3233 4249 3451 4317 Ῥώμης
3483 4247 3730 4317 Κλήμην,

2163 4340 2239 4392 ἰδὲ
2271 4339 2435 4391 σελίδι
2460 4337 2562 4407 λβ’.

2243 4434 2396 4483 Ἐπεὶ
2428 4430 2566 4484 κατὰ
2609 4430 2902 4510 διαφόρους
2953 4430 3184 4501 καιροὺς
3229 4430 3536 4499 συνέϐησαν
3580 4430 3734 4484 σκάν-

480 4523 725 4593 βασιλεία
760 4540 862 4593 μου
900 4522 1033 4575 Θεοῦ
1063 4523 1413 4583 εὐδοκοῦντος
1448 4522 1528 4579 εἰς
1563 4521 1661 4589 τὴν
1695 4521 2057 4588 μεγαλόπολιν
2090 4509 2134 4562 θ
2163 4524 2298 4578 δαλα
2326 4525 2406 4583 εὶς
2439 4523 2537 4592 τὴν
2577 4509 2907 4593 Ἐκκλησίαν
2945 4522 3209 4594 Χριστοῦ,
3261 4523 3558 4574 κάντεῦθεν
3605 4526 3735 4590 ἐπη-

476 4613 705 4683 ταύτην,
743 4614 907 4665 αὐτὸν
942 4614 1040 4681 μὲν
1067 4605 1193 4680 εὗρε
1225 4609 1630 4680 καθῃρημένον,
1678 4607 1985 4661 Ἀκίνδυνον
2005 4606 2058 4660 δὲ

478 4708 570 4760 καὶ
601 4707 725 4770 τούς
757 4707 853 4757 σὺν
884 4704 1031 4772 αὐτῷ
1060 4702 1627 4770 ἁποκεκηρυγμένους
1660 4701 1826 4752 πάλιν
1855 4699 2059 4751 συνοδι-

477 4799 611 4862 κῶς,
643 4798 670 4851 ὃ
705 4797 780 4871 μὴ
822 4799 983 4867 μόνον
1027 4795 1256 4848 ἐνταῦθα
1294 4796 1435 4846 κατὰ
1470 4794 1570 4864 τὴν
1602 4792 1820 4844 σύνοδον
1854 4791 2057 4861 ταύτην

479 4891 530 4942 οἰ
574 4889 925 4952 συνελθόντες
955 4889 1221 4957 ἔπραξαν,
1261 4886 1400 4938 ἀλλὰ
1446 4886 1537 4938 καὶ
1569 4887 1615 4937 οἱ
1654 4888 1710 4936 ὲν
1749 4885 1861 4945 τοῖς
1910 4883 2057 4943 ἰδίοις

475 4981 710 5044 κελλίοις
760 4981 1116 5050 σχολάζοντες
1161 4980 1446 5044 ίερώτατοι
1504 4977 1918 5046 μητροπολίται,
1965 4976 2059 5044 ὲγ-

477 5075 706 5144 γράφως
763 5072 1231 5142 συνεψηφίσαντο,
1273 5069 1660 5137 προστιθέντες
1718 5063 1862 5121 οῦτοι
1921 5068 2060 5136 μετὰ

476 5167 575 5234 τῆς
633 5169 687 5218 ὲν
747 5167 862 5226 τοῖς
912 5163 1145 5230 δόγμασι
1199 5162 1542 5230 παραφορᾶς,
1596 5160 1689 5213 καὶ
1740 5159 1839 5222 τὰς
1889 5159 2057 5223 ἄλλας

476 5259 750 5326 ἀθέσμους
802 5255 939 5310 κατὰ
991 5256 1088 5324 τῆς
1132 5253 1453 5323 Ἐκκλησίας
1499 5255 1590 5307 καὶ
1639 5253 1738 5321 τῆς
1782 5253 2057 5325 βασιλείας

476 5348 850 5420 γεγενημένας
883 5342 1113 5414 πράξεις
1159 5342 1353 5395 αὐτοῦ·
1402 5342 1430 5394 ὃ
1479 5343 1569 5395 καὶ
1601 5345 1649 5395 οί
1681 5327 1834 5404 ὲκτὸς
1871 5343 2058 5394 συνόν-

474 5418 943 5514 τεςῖιῇβασιλείςι
979 5453 1104 5510 μου,
1129 5435 1156 5488 ὅ
1187 5452 1247 5488 τε
1294 5435 1685 5506 Ἱεροσολύμων
1750 5433 2056 5502 ἀγιώτατος

481 5537 828 5609 πατριάρχης
863 5537 955 5588 καὶ
985 5538 1033 5589 οἱ
1057 5524 1486 5592 λσεπο“ι·πάντε;
1523 5529 1805 5600 ἱερώτατοι
1848 5547 2054 5600 μητρο-

480 5629 712 5691 πολῖται,
741 5625 959 5679 σύνοδον
990 5628 1083 5682 καὶ
1115 5627 1268 5681 αὐτοὶ
1318 5625 1794 5697 συγκροτήσαντες
1838 5621 2057 5689 ἀπεφή-

475 5737 661 5783 ναντο,
710 5717 847 5787 πρὸς
895 5723 1008 5783 τοῖς
1052 5721 1263 5785 ἄλλοις,
1310 5720 1402 5773 καὶ
1455 5719 1555 5788 τῆς
1603 5719 1698 5771 τοῦ
1741 5712 2052 5773 Ἀκινδύνου

476 5813 755 5876 κοινωνίας
793 5811 973 5882 χάριν,
1016 5816 1196 5887 πάσης
1239 5814 1543 5884 ἱερωσύνης
1576 5812 1763 5866 τοῦτον
1796 5813 2053 5880 ἀπογυμ-

2167 4616 2502 4686 κολούθησαν
2554 4618 2772 4677 στάσεις
2809 4616 2905 4667 καὶ
2940 4615 3256 4684 διαιρέσεις,
3298 4614 3495 4684 συνέϐη
3535 4615 3592 4667 δὲ
3643 4615 3732 4665 καὶ

2168 4709 2272 4778 πρὸ
2307 4708 2499 4775 καιροῦ
2537 4727 2680 4770 τινος
2733 4707 2905 4759 ταῦτα
2959 4708 3215 4775 γενέσθαι
3252 4709 3330 4769 εἰς
3364 4707 3461 4775 τὴν
3511 4705 3731 4772 Ἐκκληο

2167 4799 2288 4852 σίαν
2319 4799 2554 4868 Χριστοῦ
2601 4799 2658 4864 ἐξ
2693 4797 2962 4866 ὑποϐολῆς
2999 4796 3298 4864 ἀνθρώπων
3362 4794 3522 4847 τινῶν
3570 4809 3730 4845 κακο-

2162 4894 2381 4963 τρόπων
2405 4893 2498 4945 καὶ
2541 4891 2874 4956 κακοδόξων,
2903 4874 3000 4943 τοῦ
3042 4908 3100 4943 τε
3126 4887 3393 4958 Βαρλαὰμ
3424 4889 3515 4940 καὶ
3560 4887 3733 4938 Ἀκιν-

2163 4984 2344 5049 δύνου,
2376 4986 2574 5047 οἵτινες
2636 4983 2908 5054 ἐτάραξαν
2950 4983 3044 5036 καὶ
3105 4981 3364 5050 συνέχεάν
3392 4978 3577 5046 αὐτὴν,
3610 4979 3728 5044 δόγ-

2166 5094 2310 5148 ματα
2363 5078 2431 5130 τὰ
2471 5076 2571 5144 μὲν
2621 5075 2776 5129 αὐτοὶ
2811 5076 3081 5142 λέγοντες,
3116 5075 3184 5127 τὰ
3230 5074 3287 5127 δὲ
3333 5072 3506 5127 ἄλλων
3563 5091 3729 5142 κατη-

2163 5170 2475 5241 γοροῦντες,
2513 5161 2728 5224 καὶδιὰ
2759 5169 2818 5220 τδ
2845 5168 3178 5232 ἀνεξέταστα
3213 5169 3344 5238 ἡμῖν
3389 5169 3457 5220 τά
3511 5167 3730 5220 πλεῖστα

2162 5261 2596 5330 καταλειφθῆναι
2628 5261 2707 5312 ἔτι
2731 5259 2881 5313 οὑσιν
2922 5263 2979 5313 ἐν
3025 5260 3257 5327 Ἐφέσῳ,
3292 5258 3590 5327 ἐκρίναμεν
3621 5257 3729 5310 δέον

2169 5353 2502 5422 συσταλῆναι
2529 5353 2606 5414 εἰς
2635 5352 2863 5412 ἑαυτοὺς
2885 5351 2980 5406 καὶ
3011 5349 3113 5419 τῆς
3139 5351 3421 5412 κοινωνίας
3449 5349 3546 5417 τῆς
3584 5347 3729 5417 ἱεράς

2164 5442 2494 5509 ἀποστῆναι.
2524 5441 2638 5494 Νῦν
2671 5441 2727 5493 δὲ
2758 5439 2894 5493 Θεοῦ
2922 5439 3202 5502 ἐλεοῦντος
3236 5439 3325 5492 διὰ
3372 5438 3474 5508 τῆς
3508 5441 3731 5490 ἐπιστα-

2164 5537 2283 5598 σίας
2324 5525 2424 5588 καὶ
2457 5535 2797 5604 ὲμμερίμνου
2838 5531 3155 5601 ἐπιμελείας
3197 5530 3291 5583 τοῦ
3335 5529 3604 5601 κραταιοῦ
3639 5528 3728 5584 καὶ

2164 5628 2320 5696 άγίου
2353 5627 2508 5697 ἡμῶν
2536 5625 2792 5678 αὐθέντου
2843 5627 2937 5678 καὶ
2981 5624 3246 5694 βασ.λέως
3277 5623 3369 5676 τοῦ
3417 5624 3729 5676 Καπιτακου-

2162 5716 2326 5787 ζηνοῦ
2369 5717 2585 5784 ἐγένετο
2615 5715 2858 5779 ἐξέτασις
2902 5715 3135 5785 ἀκριϐὴς
3183 5713 3271 5766 διά
3323 5731 3380 5766 τε
3432 5713 3589 5765 θείων
3639 5710 3730 5764 καὶ

2162 5808 2360 5875 λογίων
2392 5805 2778 5876 πνευματικῶν
2823 5805 2934 5859 τῶν
2963 5807 3135 5874 άγίων
3177 5805 3432 5875 Ματέρων
3465 5804 3557 5858 καὶ
3593 5803 3730 5856 διδα-
