  <div class='ocr_page' id='page_1' title='image "/cluster/home/n/w/nwhite01/storage/ocr_20150623/151:no.2/coo.31924054870567/404.png"; bbox 0 0 4090 6460; ppageno 0'>
   <div class='ocr_carea' id='block_1_1' title="bbox 443 406 546 466">
    <p class='ocr_par' dir='ltr' id='par_1_1' title="bbox 443 406 546 466">
     <span class='ocr_line' id='line_1_1' title="bbox 443 406 546 466; baseline 0 0"><span class='ocrx_word' id='word_1_1' title='bbox 443 406 546 466; x_wconf 78' lang='lat'>789</span> 
     </span>
    </p>
   </div>
   <div class='ocr_carea' id='block_1_2' title="bbox 1215 390 2943 473">
    <p class='ocr_par' dir='ltr' id='par_1_2' title="bbox 1215 390 2943 473">
     <span class='ocr_line' id='line_1_2' title="bbox 1215 390 2943 473; baseline 0.001 -5"><span class='ocrx_word' id='word_1_2' title='bbox 1215 409 1524 469; x_wconf 77' lang='lat' dir='ltr'>CONTRA</span> <span class='ocrx_word' id='word_1_3' title='bbox 1579 403 2001 468; x_wconf 51' lang='lat' dir='ltr'>GREGOBA&#39;M</span> <span class='ocrx_word' id='word_1_4' title='bbox 2040 410 2796 473; x_wconf 69' lang='lat' dir='ltr'>ANTIRRHETICORUM</span> <span class='ocrx_word' id='word_1_5' title='bbox 2824 390 2943 470; x_wconf 65' lang='lat' dir='ltr'>II.‘</span> 
     </span>
    </p>
   </div>
   <div class='ocr_carea' id='block_1_3' title="bbox 3575 403 3678 466">
    <p class='ocr_par' dir='ltr' id='par_1_3' title="bbox 3575 403 3678 466">
     <span class='ocr_line' id='line_1_3' title="bbox 3575 403 3678 466; baseline 0.01 -2"><span class='ocrx_word' id='word_1_6' title='bbox 3575 403 3678 466; x_wconf 71' lang='lat'>7‘30</span> 
     </span>
    </p>
   </div>
   <div class='ocr_carea' id='block_1_4' title="bbox 439 517 3681 594">
    <p class='ocr_par' dir='ltr' id='par_1_4' title="bbox 439 517 3681 594">
     <span class='ocr_line' id='line_1_4' title="bbox 439 517 3681 594; baseline -0.001 -22"><span class='ocrx_word' id='word_1_7' title='bbox 439 521 627 574; x_wconf 81' lang='grc' dir='ltr'>τεῦθεν</span> <span class='ocrx_word' id='word_1_8' title='bbox 654 520 867 589; x_wconf 78' lang='grc' dir='ltr'>τρανῶς</span> <span class='ocrx_word' id='word_1_9' title='bbox 904 521 1049 588; x_wconf 84' lang='grc' dir='ltr'>μάλα</span> <span class='ocrx_word' id='word_1_10' title='bbox 1077 522 1183 582; x_wconf 84' lang='grc' dir='ltr'>τοῖς</span> <span class='ocrx_word' id='word_1_11' title='bbox 1215 523 1439 574; x_wconf 75' lang='grc' dir='ltr'>συνιεῖσι</span> <span class='ocrx_word' id='word_1_12' title='bbox 1468 519 1775 588; x_wconf 77' lang='grc' dir='ltr'>λογίζεσθαι</span> <span class='ocrx_word' id='word_1_13' title='bbox 1808 521 2004 591; x_wconf 83' lang='grc' dir='ltr'>δήπου,</span> <span class='ocrx_word' id='word_1_14' title='bbox 2038 526 2080 582; x_wconf 80' lang='grc' dir='ltr'>Α</span> <span class='ocrx_word' id='word_1_15' title='bbox 2111 541 2203 576; x_wconf 90' lang='grc' dir='ltr'>του</span> <span class='ocrx_word' id='word_1_16' title='bbox 2233 525 2433 594; x_wconf 85' lang='grc' dir='ltr'>κράτος</span> <span class='ocrx_word' id='word_1_17' title='bbox 2467 525 2559 588; x_wconf 79' lang='grc' dir='ltr'>καὶ</span> <span class='ocrx_word' id='word_1_18' title='bbox 2585 526 2676 578; x_wconf 78' lang='grc' dir='ltr'>τὸν</span> <span class='ocrx_word' id='word_1_19' title='bbox 2709 523 3055 593; x_wconf 72' lang='grc' dir='ltr'>πλατυσμὸν,</span> <span class='ocrx_word' id='word_1_20' title='bbox 3093 524 3192 574; x_wconf 60' lang='grc' dir='ltr'><strong><em>καῖ</em></strong></span> <span class='ocrx_word' id='word_1_21' title='bbox 3219 520 3307 574; x_wconf 69' lang='grc' dir='ltr'>τὸν</span> <span class='ocrx_word' id='word_1_22' title='bbox 3338 517 3564 572; x_wconf 86' lang='grc' dir='ltr'>πλοῦτον</span> <span class='ocrx_word' id='word_1_23' title='bbox 3591 521 3681 570; x_wconf 72' lang='grc' dir='ltr'>ἀν-</span> 
     </span>
    </p>
   </div>
   <div class='ocr_carea' id='block_1_5' title="bbox 439 612 2004 683">
    <p class='ocr_par' dir='ltr' id='par_1_5' title="bbox 439 612 2004 683">
     <span class='ocr_line' id='line_1_5' title="bbox 439 612 2004 683; baseline 0.001 -20"><span class='ocrx_word' id='word_1_24' title='bbox 439 614 534 668; x_wconf 60' lang='grc' dir='ltr'>καὶ⁵</span> <span class='ocrx_word' id='word_1_25' title='bbox 574 616 642 666; x_wconf 79' lang='grc' dir='ltr'>τὰ</span> <span class='ocrx_word' id='word_1_26' title='bbox 671 613 797 682; x_wconf 78' lang='grc' dir='ltr'>ἐξῆς</span> <span class='ocrx_word' id='word_1_27' title='bbox 837 613 964 683; x_wconf 71' lang='grc' dir='ltr'>περὶ</span> <span class='ocrx_word' id='word_1_28' title='bbox 999 612 1284 682; x_wconf 79' lang='grc' dir='ltr'>δογμάτων</span> <span class='ocrx_word' id='word_1_29' title='bbox 1318 614 1410 665; x_wconf 71' lang='grc' dir='ltr'>καὶ</span> <span class='ocrx_word' id='word_1_30' title='bbox 1439 613 1599 666; x_wconf 87' lang='grc' dir='ltr'>θείων</span> <span class='ocrx_word' id='word_1_31' title='bbox 1650 613 1882 682; x_wconf 86' lang='grc' dir='ltr'>Γραφῶν</span> <span class='ocrx_word' id='word_1_32' title='bbox 1911 613 2004 665; x_wconf 89' lang='grc' dir='ltr'>τοῦ</span> 
     </span>
    </p>
   </div>
   <div class='ocr_carea' id='block_1_6' title="bbox 441 703 2013 775">
    <p class='ocr_par' dir='ltr' id='par_1_6' title="bbox 441 703 2013 775">
     <span class='ocr_line' id='line_1_6' title="bbox 441 703 2013 775; baseline 0.002 -21"><span class='ocrx_word' id='word_1_33' title='bbox 441 705 730 772; x_wconf 73' lang='grc' dir='ltr'>φιλοσόφου</span> <span class='ocrx_word' id='word_1_34' title='bbox 765 705 1070 775; x_wconf 77' lang='grc' dir='ltr'>γράμματα</span> <span class='ocrx_word' id='word_1_35' title='bbox 1107 704 1202 757; x_wconf 72' lang='grc' dir='ltr'>καὶ</span> <span class='ocrx_word' id='word_1_36' title='bbox 1247 703 1677 774; x_wconf 67' lang='grc' dir='ltr'>συγγράμματα,</span> <span class='ocrx_word' id='word_1_37' title='bbox 1710 705 1809 773; x_wconf 78' lang='grc' dir='ltr'>τῆς</span> <span class='ocrx_word' id='word_1_38' title='bbox 1839 703 2013 773; x_wconf 81' lang='grc' dir='ltr'>αὐτῆς</span> 
     </span>
    </p>
   </div>
   <div class='ocr_carea' id='block_1_7' title="bbox 437 797 1572 868">
    <p class='ocr_par' dir='ltr' id='par_1_7' title="bbox 437 797 1572 868">
     <span class='ocr_line' id='line_1_7' title="bbox 437 797 1572 868; baseline 0.001 -20"><span class='ocrx_word' id='word_1_39' title='bbox 437 797 564 849; x_wconf 75' lang='grc' dir='ltr'>ὅντα</span> <span class='ocrx_word' id='word_1_40' title='bbox 585 797 719 865; x_wconf 67' lang='grc' dir='ltr'>φασὶ</span> <span class='ocrx_word' id='word_1_41' title='bbox 751 797 1073 867; x_wconf 74' lang='grc' dir='ltr'>κεραμείας.</span> <span class='ocrx_word' id='word_1_42' title='bbox 1569 866 1572 868; x_wconf 11' lang='grc' dir='ltr'>γ</span> 
     </span>
    </p>
   </div>
   <div class='ocr_carea' id='block_1_8' title="bbox 522 887 2012 958">
    <p class='ocr_par' dir='ltr' id='par_1_8' title="bbox 522 887 2012 958">
     <span class='ocr_line' id='line_1_8' title="bbox 522 887 2012 958; baseline -0.002 -16"><span class='ocrx_word' id='word_1_43' title='bbox 522 889 822 958; x_wconf 67' lang='grc' dir='ltr'>Ἑνῆννκαὶ</span> <span class='ocrx_word' id='word_1_44' title='bbox 877 889 1007 957; x_wconf 77' lang='grc' dir='ltr'>περὶ</span> <span class='ocrx_word' id='word_1_45' title='bbox 1035 889 1144 942; x_wconf 92' lang='grc' dir='ltr'>τῶν</span> <span class='ocrx_word' id='word_1_46' title='bbox 1189 889 1426 956; x_wconf 84' lang='grc' dir='ltr'>εὐγενῶν</span> <span class='ocrx_word' id='word_1_47' title='bbox 1475 889 1700 941; x_wconf 76' lang='grc' dir='ltr'>ἐκείνων</span> <span class='ocrx_word' id='word_1_48' title='bbox 1740 887 2012 955; x_wconf 82' lang='grc' dir='ltr'>γυναικῶν</span> 
     </span>
    </p>
   </div>
   <div class='ocr_carea' id='block_1_9' title="bbox 439 975 2012 1050">
    <p class='ocr_par' dir='ltr' id='par_1_9' title="bbox 439 975 2012 1050">
     <span class='ocr_line' id='line_1_9' title="bbox 439 975 2012 1050; baseline -0.001 -20"><span class='ocrx_word' id='word_1_49' title='bbox 439 979 778 1050; x_wconf 77' lang='grc' dir='ltr'>πλατύτερόν</span> <span class='ocrx_word' id='word_1_50' title='bbox 808 997 860 1033; x_wconf 90' lang='grc' dir='ltr'>τι</span> <span class='ocrx_word' id='word_1_51' title='bbox 898 978 976 1050; x_wconf 85' lang='grc' dir='ltr'>τῷ</span> <span class='ocrx_word' id='word_1_52' title='bbox 1009 979 1152 1048; x_wconf 85' lang='grc' dir='ltr'>λόγῳ</span> <span class='ocrx_word' id='word_1_53' title='bbox 1195 979 1468 1032; x_wconf 84' lang='grc' dir='ltr'>διαλαϐεῖν</span> <span class='ocrx_word' id='word_1_54' title='bbox 1490 1020 1503 1044; x_wconf 93' lang='grc'>,</span> <span class='ocrx_word' id='word_1_55' title='bbox 1539 977 1605 1039; x_wconf 75' lang='grc' dir='ltr'>ἃς</span> <span class='ocrx_word' id='word_1_56' title='bbox 1657 977 1820 1039; x_wconf 81' lang='grc' dir='ltr'>αὐτὸς</span> <span class='ocrx_word' id='word_1_57' title='bbox 1877 975 2012 1046; x_wconf 78' lang='grc' dir='ltr'>ἔφης</span> 
     </span>
    </p>
   </div>
   <div class='ocr_carea' id='block_1_10' title="bbox 439 1067 2013 1139">
    <p class='ocr_par' dir='ltr' id='par_1_10' title="bbox 439 1067 2013 1139">
     <span class='ocr_line' id='line_1_10' title="bbox 439 1067 2013 1139; baseline -0.002 -17"><span class='ocrx_word' id='word_1_58' title='bbox 439 1071 682 1138; x_wconf 76' lang='grc' dir='ltr'>φυγάδας</span> <span class='ocrx_word' id='word_1_59' title='bbox 717 1070 892 1139; x_wconf 83' lang='grc' dir='ltr'>ὑμῶν,</span> <span class='ocrx_word' id='word_1_60' title='bbox 925 1071 1016 1122; x_wconf 72' lang='grc' dir='ltr'>καὶ</span> <span class='ocrx_word' id='word_1_61' title='bbox 1053 1070 1314 1132; x_wconf 76' lang='grc' dir='ltr'>ἀποίκους</span> <span class='ocrx_word' id='word_1_62' title='bbox 1343 1070 1428 1122; x_wconf 75' lang='grc' dir='ltr'>διὰ</span> <span class='ocrx_word' id='word_1_63' title='bbox 1476 1070 1573 1138; x_wconf 80' lang='grc' dir='ltr'>τὴν</span> <span class='ocrx_word' id='word_1_64' title='bbox 1606 1067 1890 1121; x_wconf 77' lang='grc' dir='ltr'>εὐσέϐειαν</span> <span class='ocrx_word' id='word_1_65' title='bbox 1924 1084 2013 1135; x_wconf 81' lang='grc' dir='ltr'>γε·</span> 
     </span>
    </p>
   </div>
   <div class='ocr_carea' id='block_1_11' title="bbox 438 1160 2015 1234">
    <p class='ocr_par' dir='ltr' id='par_1_11' title="bbox 438 1160 2015 1234">
     <span class='ocr_line' id='line_1_11' title="bbox 438 1160 2015 1234; baseline 0 -23"><span class='ocrx_word' id='word_1_66' title='bbox 438 1161 703 1231; x_wconf 84' lang='grc' dir='ltr'>γενῆσθαι</span> <span class='ocrx_word' id='word_1_67' title='bbox 725 1201 739 1224; x_wconf 97' lang='grc'>,</span> <span class='ocrx_word' id='word_1_68' title='bbox 772 1161 836 1224; x_wconf 84' lang='grc' dir='ltr'>ἀς</span> <span class='ocrx_word' id='word_1_69' title='bbox 864 1163 958 1213; x_wconf 77' lang='grc' dir='ltr'>καὶ</span> <span class='ocrx_word' id='word_1_70' title='bbox 986 1163 1106 1224; x_wconf 83' lang='grc' dir='ltr'>ταῖς</span> <span class='ocrx_word' id='word_1_71' title='bbox 1137 1161 1376 1234; x_wconf 83' lang='grc' dir='ltr'>Χριστοῦ</span> <span class='ocrx_word' id='word_1_72' title='bbox 1416 1161 1746 1231; x_wconf 85' lang='grc' dir='ltr'>μυροφόροις</span> <span class='ocrx_word' id='word_1_73' title='bbox 1777 1160 2015 1214; x_wconf 88' lang='grc' dir='ltr'>ἀκαταλ-</span> 
     </span>
    </p>
   </div>
   <div class='ocr_carea' id='block_1_12' title="bbox 437 1251 2012 1324">
    <p class='ocr_par' dir='ltr' id='par_1_12' title="bbox 437 1251 2012 1324">
     <span class='ocr_line' id='line_1_12' title="bbox 437 1251 2012 1324; baseline -0.001 -20"><span class='ocrx_word' id='word_1_74' title='bbox 437 1252 618 1320; x_wconf 85' lang='grc' dir='ltr'>λήλως</span> <span class='ocrx_word' id='word_1_75' title='bbox 665 1255 759 1305; x_wconf 77' lang='grc' dir='ltr'>καὶ</span> <span class='ocrx_word' id='word_1_76' title='bbox 797 1253 1154 1324; x_wconf 76' lang='grc' dir='ltr'>ἀναρμόστως</span> <span class='ocrx_word' id='word_1_77' title='bbox 1197 1253 1373 1323; x_wconf 86' lang='grc' dir='ltr'>πάντη</span> <span class='ocrx_word' id='word_1_78' title='bbox 1410 1252 1738 1322; x_wconf 79' lang='grc' dir='ltr'>παρέϐαλες,</span> <span class='ocrx_word' id='word_1_79' title='bbox 1777 1251 1906 1320; x_wconf 76' lang='grc' dir='ltr'>περί</span> <span class='ocrx_word' id='word_1_80' title='bbox 1953 1268 2012 1304; x_wconf 89' lang='grc' dir='ltr'>τε</span> 
     </span>
    </p>
   </div>
   <div class='ocr_carea' id='block_1_13' title="bbox 439 1341 2014 1414">
    <p class='ocr_par' dir='ltr' id='par_1_13' title="bbox 439 1341 2014 1414">
     <span class='ocr_line' id='line_1_13' title="bbox 439 1341 2014 1414; baseline -0.001 -20"><span class='ocrx_word' id='word_1_81' title='bbox 439 1342 547 1394; x_wconf 84' lang='grc' dir='ltr'>τῶν</span> <span class='ocrx_word' id='word_1_82' title='bbox 574 1343 678 1407; x_wconf 75' lang='grc' dir='ltr'>ἔξω</span> <span class='ocrx_word' id='word_1_83' title='bbox 708 1344 937 1409; x_wconf 86' lang='grc' dir='ltr'>πόλεων,</span> <span class='ocrx_word' id='word_1_84' title='bbox 971 1346 1063 1397; x_wconf 75' lang='grc' dir='ltr'>καὶ</span> <span class='ocrx_word' id='word_1_85' title='bbox 1091 1345 1191 1412; x_wconf 83' lang='grc' dir='ltr'>τῆς</span> <span class='ocrx_word' id='word_1_86' title='bbox 1224 1343 1425 1414; x_wconf 89' lang='grc' dir='ltr'>μάχης,</span> <span class='ocrx_word' id='word_1_87' title='bbox 1458 1350 1552 1396; x_wconf 79' lang='grc' dir='ltr'>καὶ</span> <span class='ocrx_word' id='word_1_88' title='bbox 1581 1345 1682 1413; x_wconf 84' lang='grc' dir='ltr'>τῆς</span> <span class='ocrx_word' id='word_1_89' title='bbox 1711 1345 1818 1396; x_wconf 83' lang='grc' dir='ltr'>τῶν</span> <span class='ocrx_word' id='word_1_90' title='bbox 1845 1341 2014 1395; x_wconf 79' lang='grc' dir='ltr'>ἐθνῶν</span> 
     </span>
    </p>
   </div>
   <div class='ocr_carea' id='block_1_14' title="bbox 441 1433 2016 1505">
    <p class='ocr_par' dir='ltr' id='par_1_14' title="bbox 441 1433 2016 1505">
     <span class='ocr_line' id='line_1_14' title="bbox 441 1433 2016 1505; baseline -0.002 -18"><span class='ocrx_word' id='word_1_91' title='bbox 441 1435 757 1504; x_wconf 83' lang='grc' dir='ltr'>ἁπανταχοῦ</span> <span class='ocrx_word' id='word_1_92' title='bbox 809 1438 909 1505; x_wconf 81' lang='grc' dir='ltr'>γῆς</span> <span class='ocrx_word' id='word_1_93' title='bbox 957 1435 1081 1488; x_wconf 82' lang='grc' dir='ltr'>κατ’</span> <span class='ocrx_word' id='word_1_94' title='bbox 1119 1435 1364 1504; x_wconf 84' lang='grc' dir='ltr'>ἀλλήλων</span> <span class='ocrx_word' id='word_1_95' title='bbox 1415 1435 1858 1500; x_wconf 90' lang='grc' dir='ltr'>ἐπαναστάσεως,</span> <span class='ocrx_word' id='word_1_96' title='bbox 1918 1433 2016 1485; x_wconf 75' lang='grc' dir='ltr'>καὶ</span> 
     </span>
    </p>
   </div>
   <div class='ocr_carea' id='block_1_15' title="bbox 442 1525 2014 1598">
    <p class='ocr_par' dir='ltr' id='par_1_15' title="bbox 442 1525 2014 1598">
     <span class='ocr_line' id='line_1_15' title="bbox 442 1525 2014 1598; baseline -0.001 -18"><span class='ocrx_word' id='word_1_97' title='bbox 442 1531 541 1596; x_wconf 83' lang='grc' dir='ltr'>τῆς</span> <span class='ocrx_word' id='word_1_98' title='bbox 565 1529 788 1592; x_wconf 79' lang='grc' dir='ltr'>ἀταξίας</span> <span class='ocrx_word' id='word_1_99' title='bbox 811 1567 829 1594; x_wconf 89' lang='grc'>,</span> <span class='ocrx_word' id='word_1_100' title='bbox 866 1530 1008 1582; x_wconf 86' lang='grc' dir='ltr'>κατά</span> <span class='ocrx_word' id='word_1_101' title='bbox 1050 1529 1144 1582; x_wconf 92' lang='grc' dir='ltr'>σοῦ</span> <span class='ocrx_word' id='word_1_102' title='bbox 1186 1529 1388 1598; x_wconf 81' lang='grc' dir='ltr'>μᾶλλον</span> <span class='ocrx_word' id='word_1_103' title='bbox 1416 1529 1620 1592; x_wconf 77' lang='grc' dir='ltr'>όντων,</span> <span class='ocrx_word' id='word_1_104' title='bbox 1654 1528 1748 1582; x_wconf 75' lang='grc' dir='ltr'>καὶ</span> <span class='ocrx_word' id='word_1_105' title='bbox 1778 1529 1874 1580; x_wconf 88' lang='grc' dir='ltr'>τοῦ</span> <span class='ocrx_word' id='word_1_106' title='bbox 1919 1525 2014 1579; x_wconf 91' lang='grc' dir='ltr'>σοῦ</span> 
     </span>
    </p>
   </div>
   <div class='ocr_carea' id='block_1_16' title="bbox 444 1615 2019 1687">
    <p class='ocr_par' dir='ltr' id='par_1_16' title="bbox 444 1615 2019 1687">
     <span class='ocr_line' id='line_1_16' title="bbox 444 1615 2019 1687; baseline 0 -19"><span class='ocrx_word' id='word_1_107' title='bbox 444 1617 670 1687; x_wconf 78' lang='grc' dir='ltr'>κλήρου,</span> <span class='ocrx_word' id='word_1_108' title='bbox 706 1616 825 1670; x_wconf 75' lang='grc' dir='ltr'>ἀλλ’</span> <span class='ocrx_word' id='word_1_109' title='bbox 869 1617 930 1671; x_wconf 77' lang='grc' dir='ltr'>οὐ</span> <span class='ocrx_word' id='word_1_110' title='bbox 965 1617 1104 1670; x_wconf 81' lang='grc' dir='ltr'>κατὰ</span> <span class='ocrx_word' id='word_1_111' title='bbox 1131 1621 1228 1687; x_wconf 80' lang='grc' dir='ltr'>τῆς</span> <span class='ocrx_word' id='word_1_112' title='bbox 1261 1615 1499 1686; x_wconf 78' lang='grc' dir='ltr'>Χριστοῦ</span> <span class='ocrx_word' id='word_1_113' title='bbox 1543 1615 1890 1684; x_wconf 82' lang='grc' dir='ltr'>Ἐκκλησίας,</span> <span class='ocrx_word' id='word_1_114' title='bbox 1924 1615 2019 1668; x_wconf 78' lang='grc' dir='ltr'>καὶ</span> 
     </span>
    </p>
   </div>
   <div class='ocr_carea' id='block_1_17' title="bbox 442 1707 2016 1778">
    <p class='ocr_par' dir='ltr' id='par_1_17' title="bbox 442 1707 2016 1778">
     <span class='ocr_line' id='line_1_17' title="bbox 442 1707 2016 1778; baseline -0.002 -18"><span class='ocrx_word' id='word_1_115' title='bbox 442 1709 542 1770; x_wconf 63' lang='grc' dir='ltr'>τῗς</span> <span class='ocrx_word' id='word_1_116' title='bbox 590 1709 758 1778; x_wconf 78' lang='grc' dir='ltr'>ὀρθῆς</span> <span class='ocrx_word' id='word_1_117' title='bbox 786 1709 964 1776; x_wconf 80' lang='grc' dir='ltr'>δόξης,</span> <span class='ocrx_word' id='word_1_118' title='bbox 1010 1710 1134 1762; x_wconf 80' lang='grc' dir='ltr'>καθ’</span> <span class='ocrx_word' id='word_1_119' title='bbox 1169 1728 1244 1762; x_wconf 84' lang='grc' dir='ltr'>ων</span> <span class='ocrx_word' id='word_1_120' title='bbox 1295 1708 1457 1771; x_wconf 80' lang='grc' dir='ltr'>αὐτὸς</span> <span class='ocrx_word' id='word_1_121' title='bbox 1498 1708 1674 1762; x_wconf 86' lang='grc' dir='ltr'>ταῦτα</span> <span class='ocrx_word' id='word_1_122' title='bbox 1723 1707 2016 1776; x_wconf 87' lang='grc' dir='ltr'>προφέρεις</span> 
     </span>
    </p>
   </div>
   <div class='ocr_carea' id='block_1_18' title="bbox 447 1788 2019 1871">
    <p class='ocr_par' dir='ltr' id='par_1_18' title="bbox 447 1788 2019 1871">
     <span class='ocr_line' id='line_1_18' title="bbox 447 1788 2019 1871; baseline 0.004 -23"><span class='ocrx_word' id='word_1_123' title='bbox 447 1799 564 1866; x_wconf 81' lang='grc' dir='ltr'>μετ’</span> <span class='ocrx_word' id='word_1_124' title='bbox 605 1800 1003 1869; x_wconf 83' lang='grc' dir='ltr'>Ἀχαιμενιδῶν</span> <span class='ocrx_word' id='word_1_125' title='bbox 1033 1800 1234 1871; x_wconf 82' lang='grc' dir='ltr'>δηλαδὴ</span> <span class='ocrx_word' id='word_1_126' title='bbox 1282 1801 1379 1855; x_wconf 63' lang='grc' dir='ltr'>καὶ⁵</span> <span class='ocrx_word' id='word_1_127' title='bbox 1417 1801 1526 1854; x_wconf 88' lang='grc' dir='ltr'>τῶν</span> <span class='ocrx_word' id='word_1_128' title='bbox 1587 1801 1650 1852; x_wconf 88' lang='grc' dir='ltr'>ἐκ</span> <span class='ocrx_word' id='word_1_129' title='bbox 1681 1801 1780 1867; x_wconf 75' lang='grc' dir='ltr'>τῆς</span> <span class='ocrx_word' id='word_1_130' title='bbox 1819 1788 2019 1866; x_wconf 77' lang='grc' dir='ltr'>Ἀγαρ.’</span> 
     </span>
    </p>
   </div>
   <div class='ocr_carea' id='block_1_19' title="bbox 2111 613 3680 686">
    <p class='ocr_par' dir='ltr' id='par_1_19' title="bbox 2111 613 3680 686">
     <span class='ocr_line' id='line_1_19' title="bbox 2111 613 3680 686; baseline -0.005 -18"><span class='ocrx_word' id='word_1_131' title='bbox 2111 617 2345 679; x_wconf 80' lang='grc' dir='ltr'>τιθέντες</span> <span class='ocrx_word' id='word_1_132' title='bbox 2388 619 2506 681; x_wconf 81' lang='grc' dir='ltr'>ταϊς</span> <span class='ocrx_word' id='word_1_133' title='bbox 2556 617 2938 686; x_wconf 82' lang='grc' dir='ltr'>δυσπραγίαις,</span> <span class='ocrx_word' id='word_1_134' title='bbox 2986 616 3078 667; x_wconf 73' lang='grc' dir='ltr'>καὶ</span> <span class='ocrx_word' id='word_1_135' title='bbox 3135 616 3202 682; x_wconf 82' lang='grc' dir='ltr'>τῇ</span> <span class='ocrx_word' id='word_1_136' title='bbox 3235 613 3560 665; x_wconf 77' lang='grc' dir='ltr'>ταπεινώσει</span> <span class='ocrx_word' id='word_1_137' title='bbox 3613 613 3680 680; x_wconf 77' lang='grc' dir='ltr'>τῇ</span> 
     </span>
    </p>
   </div>
   <div class='ocr_carea' id='block_1_20' title="bbox 2111 703 3682 778">
    <p class='ocr_par' dir='ltr' id='par_1_20' title="bbox 2111 703 3682 778">
     <span class='ocr_line' id='line_1_20' title="bbox 2111 703 3682 778; baseline -0.004 -19"><span class='ocrx_word' id='word_1_138' title='bbox 2111 707 2378 778; x_wconf 80' lang='grc' dir='ltr'>ἡμετέρᾳ,</span> <span class='ocrx_word' id='word_1_139' title='bbox 2420 707 2516 761; x_wconf 76' lang='grc' dir='ltr'>καὶ</span> <span class='ocrx_word' id='word_1_140' title='bbox 2555 709 2644 762; x_wconf 81' lang='grc' dir='ltr'>τὸν</span> <span class='ocrx_word' id='word_1_141' title='bbox 2679 709 2810 761; x_wconf 75' lang='grc' dir='ltr'>Θεὸν</span> <span class='ocrx_word' id='word_1_142' title='bbox 2841 707 3077 775; x_wconf 73' lang='grc' dir='ltr'>οἰόμενοι</span> <span class='ocrx_word' id='word_1_143' title='bbox 3105 704 3292 766; x_wconf 86' lang='grc' dir='ltr'>κακῶς</span> <span class='ocrx_word' id='word_1_144' title='bbox 3322 705 3418 758; x_wconf 75' lang='grc' dir='ltr'>σὺν</span> <span class='ocrx_word' id='word_1_145' title='bbox 3450 703 3682 763; x_wconf 88' lang='grc' dir='ltr'>ἐκείνοις</span> 
     </span>
    </p>
   </div>
   <div class='ocr_carea' id='block_1_21' title="bbox 2117 791 3682 868">
    <p class='ocr_par' dir='ltr' id='par_1_21' title="bbox 2117 791 3682 868">
     <span class='ocr_line' id='line_1_21' title="bbox 2117 791 3682 868; baseline -0.003 -19"><span class='ocrx_word' id='word_1_146' title='bbox 2117 801 2235 866; x_wconf 85' lang='grc' dir='ltr'>μεθ’</span> <span class='ocrx_word' id='word_1_147' title='bbox 2265 798 2472 852; x_wconf 78' lang='grc' dir='ltr'>ἑαυτῶν</span> <span class='ocrx_word' id='word_1_148' title='bbox 2515 799 2678 868; x_wconf 76' lang='grc' dir='ltr'>ἐχειν,</span> <span class='ocrx_word' id='word_1_149' title='bbox 2709 798 3025 866; x_wconf 81' lang='grc' dir='ltr'>ἀγνοοῦντες</span> <span class='ocrx_word' id='word_1_150' title='bbox 3055 795 3128 857; x_wconf 86' lang='grc' dir='ltr'>ὡς</span> <span class='ocrx_word' id='word_1_151' title='bbox 3171 795 3235 848; x_wconf 87' lang='lat'>&#39;0</span> <span class='ocrx_word' id='word_1_152' title='bbox 3264 795 3492 862; x_wconf 81' lang='grc' dir='ltr'>κόσμος</span> <span class='ocrx_word' id='word_1_153' title='bbox 3523 791 3682 855; x_wconf 78' lang='grc' dir='ltr'>ἄπας</span> 
     </span>
    </p>
   </div>
   <div class='ocr_carea' id='block_1_22' title="bbox 2112 878 3686 958">
    <p class='ocr_par' dir='ltr' id='par_1_22' title="bbox 2112 878 3686 958">
     <span class='ocr_line' id='line_1_22' title="bbox 2112 878 3686 958; baseline -0.006 -14"><span class='ocrx_word' id='word_1_154' title='bbox 2112 892 2184 944; x_wconf 77' lang='grc' dir='ltr'>ἐν</span> <span class='ocrx_word' id='word_1_155' title='bbox 2213 889 2293 954; x_wconf 80' lang='grc' dir='ltr'>τῷ</span> <span class='ocrx_word' id='word_1_156' title='bbox 2324 889 2567 958; x_wconf 84' lang='grc' dir='ltr'>πονηρῷ</span> <span class='ocrx_word' id='word_1_157' title='bbox 2593 888 2799 951; x_wconf 80' lang='grc' dir='ltr'>κεῖται,</span> <span class='ocrx_word' id='word_1_158' title='bbox 2828 887 2922 942; x_wconf 75' lang='grc' dir='ltr'>καὶ</span> <span class='ocrx_word' id='word_1_159' title='bbox 2955 888 3034 940; x_wconf 84' lang='grc' dir='ltr'>ὅτι</span> <span class='ocrx_word' id='word_1_160' title='bbox 3065 887 3364 954; x_wconf 67' lang='grc' dir='ltr'>ιίρεῖονσον</span> <span class='ocrx_word' id='word_1_161' title='bbox 3387 878 3474 948; x_wconf 78' lang='grc' dir='ltr'>εἷς</span> <span class='ocrx_word' id='word_1_162' title='bbox 3496 880 3686 936; x_wconf 82' lang='grc' dir='ltr'>ποιῶν</span> 
     </span>
    </p>
   </div>
   <div class='ocr_carea' id='block_1_23' title="bbox 2114 976 3684 1050">
    <p class='ocr_par' dir='ltr' id='par_1_23' title="bbox 2114 976 3684 1050">
     <span class='ocr_line' id='line_1_23' title="bbox 2114 976 3684 1050; baseline -0.005 -16"><span class='ocrx_word' id='word_1_163' title='bbox 2114 987 2179 1034; x_wconf 78' lang='grc' dir='ltr'>τό</span> <span class='ocrx_word' id='word_1_164' title='bbox 2213 981 2444 1050; x_wconf 79' lang='grc' dir='ltr'>θέλημα</span> <span class='ocrx_word' id='word_1_165' title='bbox 2466 981 2573 1035; x_wconf 87' lang='grc' dir='ltr'>τοῦ</span> <span class='ocrx_word' id='word_1_166' title='bbox 2606 981 2754 1034; x_wconf 84' lang='grc' dir='ltr'>Θεοῦ</span> <span class='ocrx_word' id='word_1_167' title='bbox 2791 979 2828 1046; x_wconf 76' lang='grc' dir='ltr'><em>ἢ</em></span> <span class='ocrx_word' id='word_1_168' title='bbox 2861 980 3060 1048; x_wconf 74' lang='grc' dir='ltr'>μύριοι</span> <span class='ocrx_word' id='word_1_169' title='bbox 3092 979 3447 1046; x_wconf 78' lang='grc' dir='ltr'>παράνομοι,</span> <span class='ocrx_word' id='word_1_170' title='bbox 3479 976 3575 1028; x_wconf 71' lang='grc' dir='ltr'>καὶ</span> <span class='ocrx_word' id='word_1_171' title='bbox 3603 976 3684 1027; x_wconf 75' lang='grc' dir='ltr'>ἔτι</span> 
     </span>
    </p>
   </div>
   <div class='ocr_carea' id='block_1_24' title="bbox 2134 1065 3683 1138">
    <p class='ocr_par' dir='ltr' id='par_1_24' title="bbox 2134 1065 3683 1138">
     <span class='ocr_line' id='line_1_24' title="bbox 2134 1065 3683 1138; baseline -0.005 -14"><span class='ocrx_word' id='word_1_172' title='bbox 2134 1071 2239 1124; x_wconf 80' lang='grc' dir='ltr'>Ἐν</span> <span class='ocrx_word' id='word_1_173' title='bbox 2260 1069 2340 1135; x_wconf 85' lang='grc' dir='ltr'>τῷ</span> <span class='ocrx_word' id='word_1_174' title='bbox 2365 1072 2570 1138; x_wconf 77' lang='grc' dir='ltr'>κόσμῳ</span> <span class='ocrx_word' id='word_1_175' title='bbox 2592 1072 2802 1138; x_wconf 74' lang='grc' dir='ltr'>θλίψιν</span> <span class='ocrx_word' id='word_1_176' title='bbox 2822 1069 2989 1134; x_wconf 75' lang='grc' dir='ltr'>ἕξετε</span> <span class='ocrx_word' id='word_1_177' title='bbox 3004 1113 3018 1134; x_wconf 91' lang='grc'>,</span> <span class='ocrx_word' id='word_1_178' title='bbox 3047 1070 3162 1133; x_wconf 73' lang='grc' dir='ltr'>καὶ,</span> <span class='ocrx_word' id='word_1_179' title='bbox 3181 1071 3248 1122; x_wconf 77' lang='lat' dir='ltr'>El</span> <span class='ocrx_word' id='word_1_180' title='bbox 3277 1067 3381 1135; x_wconf 80' lang='grc' dir='ltr'>ἐμὲ</span> <span class='ocrx_word' id='word_1_181' title='bbox 3408 1065 3683 1128; x_wconf 78' lang='grc' dir='ltr'>ἐδίωξαν,</span> 
     </span>
    </p>
   </div>
   <div class='ocr_carea' id='block_1_25' title="bbox 2114 1158 3685 1230">
    <p class='ocr_par' dir='ltr' id='par_1_25' title="bbox 2114 1158 3685 1230">
     <span class='ocr_line' id='line_1_25' title="bbox 2114 1158 3685 1230; baseline -0.004 -16"><span class='ocrx_word' id='word_1_182' title='bbox 2114 1161 2214 1214; x_wconf 77' lang='grc' dir='ltr'>καὶ</span> <span class='ocrx_word' id='word_1_183' title='bbox 2257 1161 2415 1230; x_wconf 79' lang='grc' dir='ltr'>ὑμᾶς</span> <span class='ocrx_word' id='word_1_184' title='bbox 2461 1161 2766 1226; x_wconf 77' lang='grc' dir='ltr'>διώξουσι,</span> <span class='ocrx_word' id='word_1_185' title='bbox 2820 1162 2914 1215; x_wconf 83' lang='grc' dir='ltr'>καὶ</span> <span class='ocrx_word' id='word_1_186' title='bbox 2973 1161 3039 1213; x_wconf 76' lang='grc' dir='ltr'>τὰ</span> <span class='ocrx_word' id='word_1_187' title='bbox 3089 1161 3300 1221; x_wconf 84' lang='grc' dir='ltr'>τούτοις</span> <span class='ocrx_word' id='word_1_188' title='bbox 3357 1158 3685 1227; x_wconf 81' lang='grc' dir='ltr'>προσόμοια,</span> 
     </span>
    </p>
   </div>
   <div class='ocr_carea' id='block_1_26' title="bbox 2117 1246 3688 1324">
    <p class='ocr_par' dir='ltr' id='par_1_26' title="bbox 2117 1246 3688 1324">
     <span class='ocr_line' id='line_1_26' title="bbox 2117 1246 3688 1324; baseline -0.006 -17"><span class='ocrx_word' id='word_1_189' title='bbox 2117 1253 2252 1323; x_wconf 66' lang='grc' dir='ltr'>πρὸς</span> <span class='ocrx_word' id='word_1_190' title='bbox 2277 1254 2376 1319; x_wconf 83' lang='grc' dir='ltr'>τῆς</span> <span class='ocrx_word' id='word_1_191' title='bbox 2405 1253 2797 1323; x_wconf 87' lang='grc' dir='ltr'>αύτοαληθείας</span> <span class='ocrx_word' id='word_1_192' title='bbox 2835 1253 3077 1324; x_wconf 84' lang='grc' dir='ltr'>Χριστοῦ</span> <span class='ocrx_word' id='word_1_193' title='bbox 3118 1254 3231 1313; x_wconf 88' lang='grc' dir='ltr'>τοῖς</span> <span class='ocrx_word' id='word_1_194' title='bbox 3262 1250 3482 1311; x_wconf 79' lang='grc' dir='ltr'>οἰκείοις</span> <span class='ocrx_word' id='word_1_195' title='bbox 3501 1246 3688 1317; x_wconf 71' lang='grc' dir='ltr'>μαθηι</span> 
     </span>
    </p>
   </div>
   <div class='ocr_carea' id='block_1_27' title="bbox 2114 1341 3684 1415">
    <p class='ocr_par' dir='ltr' id='par_1_27' title="bbox 2114 1341 3684 1415">
     <span class='ocr_line' id='line_1_27' title="bbox 2114 1341 3684 1415; baseline -0.002 -19"><span class='ocrx_word' id='word_1_196' title='bbox 2114 1346 2253 1409; x_wconf 83' lang='grc' dir='ltr'>ταῖς,</span> <span class='ocrx_word' id='word_1_197' title='bbox 2271 1347 2367 1400; x_wconf 77' lang='grc' dir='ltr'>καὶ</span> <span class='ocrx_word' id='word_1_198' title='bbox 2398 1344 2463 1397; x_wconf 87' lang='grc' dir='ltr'>δι’</span> <span class='ocrx_word' id='word_1_199' title='bbox 2500 1346 2720 1398; x_wconf 77' lang='grc' dir='ltr'>ἐκείνων</span> <span class='ocrx_word' id='word_1_200' title='bbox 2758 1346 2889 1415; x_wconf 78' lang='grc' dir='ltr'>ἡμῖν</span> <span class='ocrx_word' id='word_1_201' title='bbox 2936 1343 3221 1412; x_wconf 73' lang='grc' dir='ltr'>εἰρημένα.</span> <span class='ocrx_word' id='word_1_202' title='bbox 3264 1341 3420 1408; x_wconf 78' lang='grc' dir='ltr'>Ἐνῆν</span> <span class='ocrx_word' id='word_1_203' title='bbox 3457 1355 3684 1407; x_wconf 80' lang='grc' dir='ltr'>τοιγαρ-</span> 
     </span>
    </p>
   </div>
   <div class='ocr_carea' id='block_1_28' title="bbox 2115 1429 3685 1502">
    <p class='ocr_par' dir='ltr' id='par_1_28' title="bbox 2115 1429 3685 1502">
     <span class='ocr_line' id='line_1_28' title="bbox 2115 1429 3685 1502; baseline -0.004 -16"><span class='ocrx_word' id='word_1_204' title='bbox 2115 1433 2212 1487; x_wconf 90' lang='grc' dir='ltr'>οῦν</span> <span class='ocrx_word' id='word_1_205' title='bbox 2253 1435 2350 1488; x_wconf 69' lang='grc' dir='ltr'>καλ⁸</span> <span class='ocrx_word' id='word_1_206' title='bbox 2382 1434 2440 1488; x_wconf 86' lang='grc' dir='ltr'>σέ</span> <span class='ocrx_word' id='word_1_207' title='bbox 2478 1436 2574 1487; x_wconf 76' lang='grc' dir='ltr'>σὺν</span> <span class='ocrx_word' id='word_1_208' title='bbox 2606 1435 2830 1498; x_wconf 88' lang='grc' dir='ltr'>ἐκείνοις</span> <span class='ocrx_word' id='word_1_209' title='bbox 2854 1434 3128 1502; x_wconf 76' lang='grc' dir='ltr'>ἐξελέγξαι</span> <span class='ocrx_word' id='word_1_210' title='bbox 3160 1431 3516 1500; x_wconf 83' lang='grc' dir='ltr'>πλατύτερον,</span> <span class='ocrx_word' id='word_1_211' title='bbox 3549 1429 3685 1498; x_wconf 81' lang='grc' dir='ltr'>ὅπερ</span> 
     </span>
    </p>
   </div>
   <div class='ocr_carea' id='block_1_29' title="bbox 2117 1522 3688 1596">
    <p class='ocr_par' dir='ltr' id='par_1_29' title="bbox 2117 1522 3688 1596">
     <span class='ocr_line' id='line_1_29' title="bbox 2117 1522 3688 1596; baseline -0.002 -19"><span class='ocrx_word' id='word_1_212' title='bbox 2117 1524 2274 1596; x_wconf 70' lang='grc' dir='ltr'>ἔφην,</span> <span class='ocrx_word' id='word_1_213' title='bbox 2329 1525 2517 1595; x_wconf 87' lang='grc' dir='ltr'>ἐπειδὴ</span> <span class='ocrx_word' id='word_1_214' title='bbox 2560 1526 2652 1579; x_wconf 75' lang='grc' dir='ltr'>καὶ</span> <span class='ocrx_word' id='word_1_215' title='bbox 2682 1527 2856 1580; x_wconf 86' lang='grc' dir='ltr'>ταυτά</span> <span class='ocrx_word' id='word_1_216' title='bbox 2905 1525 3000 1580; x_wconf 78' lang='grc' dir='ltr'>καὶ</span> <span class='ocrx_word' id='word_1_217' title='bbox 3041 1525 3262 1596; x_wconf 79' lang='grc' dir='ltr'>φρονῶν</span> <span class='ocrx_word' id='word_1_218' title='bbox 3315 1525 3407 1577; x_wconf 69' lang='grc' dir='ltr'>καὶ</span> <span class='ocrx_word' id='word_1_219' title='bbox 3458 1522 3688 1591; x_wconf 84' lang='grc' dir='ltr'>γράφων</span> 
     </span>
    </p>
   </div>
   <div class='ocr_carea' id='block_1_30' title="bbox 2096 1613 3692 1688">
    <p class='ocr_par' dir='ltr' id='par_1_30' title="bbox 2096 1613 3692 1688">
     <span class='ocr_line' id='line_1_30' title="bbox 2096 1613 3692 1688; baseline -0.002 -21"><span class='ocrx_word' id='word_1_220' title='bbox 2096 1615 2345 1679; x_wconf 74' lang='grc' dir='ltr'>’ἐκείνοις</span> <span class='ocrx_word' id='word_1_221' title='bbox 2377 1615 2499 1670; x_wconf 87' lang='grc' dir='ltr'>καθ’</span> <span class='ocrx_word' id='word_1_222' title='bbox 2525 1619 2558 1685; x_wconf 85' lang='grc' dir='ltr'><strong>ή</strong></span> <span class='ocrx_word' id='word_1_223' title='bbox 2570 1617 2684 1686; x_wconf 89' lang='grc' dir='ltr'>μῶν</span> <span class='ocrx_word' id='word_1_224' title='bbox 2723 1618 2898 1680; x_wconf 79' lang='grc' dir='ltr'>ἑάλως</span> <span class='ocrx_word' id='word_1_225' title='bbox 2927 1618 2984 1670; x_wconf 88' lang='grc' dir='ltr'>ἐν</span> <span class='ocrx_word' id='word_1_226' title='bbox 3017 1616 3192 1688; x_wconf 84' lang='grc' dir='ltr'>τούτῳ</span> <span class='ocrx_word' id='word_1_227' title='bbox 3220 1615 3298 1686; x_wconf 82' lang='grc' dir='ltr'>τῷ</span> <span class='ocrx_word' id='word_1_228' title='bbox 3328 1615 3518 1685; x_wconf 80' lang='grc' dir='ltr'>μέρει·</span> <span class='ocrx_word' id='word_1_229' title='bbox 3551 1613 3692 1668; x_wconf 84' lang='grc' dir='ltr'>ἀλλά</span> 
     </span>
    </p>
   </div>
   <div class='ocr_carea' id='block_1_31' title="bbox 2117 1704 3694 1780">
    <p class='ocr_par' dir='ltr' id='par_1_31' title="bbox 2117 1704 3694 1780">
     <span class='ocr_line' id='line_1_31' title="bbox 2117 1704 3694 1780; baseline 0 -22"><span class='ocrx_word' id='word_1_230' title='bbox 2117 1705 2209 1758; x_wconf 78' lang='grc' dir='ltr'>τὸν</span> <span class='ocrx_word' id='word_1_231' title='bbox 2240 1706 2399 1776; x_wconf 86' lang='grc' dir='ltr'>κόρον</span> <span class='ocrx_word' id='word_1_232' title='bbox 2437 1711 2532 1762; x_wconf 75' lang='grc' dir='ltr'>καὶ</span> <span class='ocrx_word' id='word_1_233' title='bbox 2559 1709 2631 1762; x_wconf 88' lang='grc' dir='ltr'>τά</span> <span class='ocrx_word' id='word_1_234' title='bbox 2668 1710 2897 1780; x_wconf 84' lang='grc' dir='ltr'>περιττά</span> <span class='ocrx_word' id='word_1_235' title='bbox 2938 1707 3154 1778; x_wconf 84' lang='grc' dir='ltr'>φεύγων</span> <span class='ocrx_word' id='word_1_236' title='bbox 3184 1711 3212 1762; x_wconf 88' lang='grc' dir='ltr'>ὁ</span> <span class='ocrx_word' id='word_1_237' title='bbox 3251 1707 3407 1775; x_wconf 81' lang='grc' dir='ltr'>λόγος</span> <span class='ocrx_word' id='word_1_238' title='bbox 3452 1704 3694 1762; x_wconf 81' lang='grc' dir='ltr'>ἐνταῦθα</span> 
     </span>
    </p>
   </div>
   <div class='ocr_carea' id='block_1_32' title="bbox 2121 1794 3695 1870">
    <p class='ocr_par' dir='ltr' id='par_1_32' title="bbox 2121 1794 3695 1870">
     <span class='ocr_line' id='line_1_32' title="bbox 2121 1794 3695 1870; baseline 0.001 -22"><span class='ocrx_word' id='word_1_239' title='bbox 2121 1797 2247 1864; x_wconf 84' lang='grc' dir='ltr'>τόγε</span> <span class='ocrx_word' id='word_1_240' title='bbox 2279 1798 2374 1851; x_wconf 89' lang='grc' dir='ltr'>νῦν</span> <span class='ocrx_word' id='word_1_241' title='bbox 2406 1794 2549 1853; x_wconf 77' lang='grc' dir='ltr'>εἶναι</span> <span class='ocrx_word' id='word_1_242' title='bbox 2603 1800 2740 1862; x_wconf 84' lang='grc' dir='ltr'>τέως</span> <span class='ocrx_word' id='word_1_243' title='bbox 2789 1800 2878 1853; x_wconf 87' lang='grc' dir='ltr'>τδν</span> <span class='ocrx_word' id='word_1_244' title='bbox 2907 1799 3107 1870; x_wconf 83' lang='grc' dir='ltr'>δρόμον</span> <span class='ocrx_word' id='word_1_245' title='bbox 3141 1800 3348 1870; x_wconf 84' lang='grc' dir='ltr'>στήσει,</span> <span class='ocrx_word' id='word_1_246' title='bbox 3376 1799 3487 1860; x_wconf 74' lang='grc' dir='ltr'>τοῖς</span> <span class='ocrx_word' id='word_1_247' title='bbox 3521 1799 3695 1863; x_wconf 84' lang='grc' dir='ltr'>ἀναγ-</span> 
     </span>
    </p>
   </div>
   <div class='ocr_carea' id='block_1_33' title="bbox 445 1878 3694 1964">
    <p class='ocr_par' dir='ltr' id='par_1_33' title="bbox 445 1878 3694 1964">
     <span class='ocr_line' id='line_1_33' title="bbox 445 1878 3694 1964; baseline 0 -24"><span class='ocrx_word' id='word_1_248' title='bbox 445 1890 629 1943; x_wconf 84' lang='grc' dir='ltr'>Ἱἀῦτα</span> <span class='ocrx_word' id='word_1_249' title='bbox 682 1893 790 1962; x_wconf 86' lang='grc' dir='ltr'>γὰρ</span> <span class='ocrx_word' id='word_1_250' title='bbox 834 1893 899 1961; x_wconf 85' lang='grc' dir='ltr'>δὴ</span> <span class='ocrx_word' id='word_1_251' title='bbox 953 1895 1195 1946; x_wconf 78' lang='grc' dir='ltr'>κάκεῖνοι</span> <span class='ocrx_word' id='word_1_252' title='bbox 1247 1897 1312 1964; x_wconf 81' lang='grc' dir='ltr'>τῇ</span> <span class='ocrx_word' id='word_1_253' title='bbox 1364 1892 1602 1964; x_wconf 87' lang='grc' dir='ltr'>Χριστοῦ</span> <span class='ocrx_word' id='word_1_254' title='bbox 1652 1889 2022 1960; x_wconf 83' lang='grc' dir='ltr'>προφέρουσιν</span> <span class='ocrx_word' id='word_1_255' title='bbox 2056 1878 2098 1935; x_wconf 85' lang='grc' dir='ltr'>Β</span> <span class='ocrx_word' id='word_1_256' title='bbox 2123 1888 2302 1953; x_wconf 89' lang='grc' dir='ltr'>καίοις</span> <span class='ocrx_word' id='word_1_257' title='bbox 2332 1888 2488 1954; x_wconf 84' lang='grc' dir='ltr'>αὖθις</span> <span class='ocrx_word' id='word_1_258' title='bbox 2519 1891 2684 1944; x_wconf 81' lang='grc' dir='ltr'>αὐτὸν</span> <span class='ocrx_word' id='word_1_259' title='bbox 2710 1891 2886 1954; x_wconf 81' lang='grc' dir='ltr'>διδοὺς</span> <span class='ocrx_word' id='word_1_260' title='bbox 2918 1889 3257 1959; x_wconf 86' lang='grc' dir='ltr'>ἀναγκαίως,</span> <span class='ocrx_word' id='word_1_261' title='bbox 3275 1893 3372 1945; x_wconf 74' lang='grc' dir='ltr'>καὶ</span> <span class='ocrx_word' id='word_1_262' title='bbox 3406 1887 3533 1959; x_wconf 73' lang='grc' dir='ltr'>περὶ</span> <span class='ocrx_word' id='word_1_263' title='bbox 3556 1881 3631 1944; x_wconf 80' lang='grc' dir='ltr'>ὧν</span> <span class='ocrx_word' id='word_1_264' title='bbox 3665 1889 3694 1939; x_wconf 81' lang='grc' dir='ltr'>ὁ</span> 
     </span>
    </p>
   </div>
   <div class='ocr_carea' id='block_1_34' title="bbox 443 1978 2019 2054">
    <p class='ocr_par' dir='ltr' id='par_1_34' title="bbox 443 1978 2019 2054">
     <span class='ocr_line' id='line_1_34' title="bbox 443 1978 2019 2054; baseline -0.002 -21"><span class='ocrx_word' id='word_1_265' title='bbox 443 1982 791 2046; x_wconf 70' lang='grc' dir='ltr'>ὀνειδίζοντες</span> <span class='ocrx_word' id='word_1_266' title='bbox 833 1983 1152 2054; x_wconf 75' lang='grc' dir='ltr'>Ἐκκλησία,</span> <span class='ocrx_word' id='word_1_267' title='bbox 1186 1985 1246 2037; x_wconf 83' lang='grc' dir='ltr'>τὸ</span> <span class='ocrx_word' id='word_1_268' title='bbox 1283 1983 1377 2037; x_wconf 89' lang='grc' dir='ltr'>τοῦ</span> <span class='ocrx_word' id='word_1_269' title='bbox 1411 1983 1613 2038; x_wconf 76' lang='grc' dir='ltr'>οἰκείου</span> <span class='ocrx_word' id='word_1_270' title='bbox 1641 1978 2019 2050; x_wconf 79' lang='grc' dir='ltr'>ψευδοπροφή-</span> 
     </span>
    </p>
   </div>
   <div class='ocr_carea' id='block_1_35' title="bbox 2126 1976 3279 2050">
    <p class='ocr_par' dir='ltr' id='par_1_35' title="bbox 2126 1976 3279 2050">
     <span class='ocr_line' id='line_1_35' title="bbox 2126 1976 3279 2050; baseline 0.003 -21"><span class='ocrx_word' id='word_1_271' title='bbox 2126 1976 2327 2040; x_wconf 79' lang='grc' dir='ltr'>σκοπδς</span> <span class='ocrx_word' id='word_1_272' title='bbox 2356 1979 2489 2048; x_wconf 74' lang='grc' dir='ltr'>ἡμῖν</span> <span class='ocrx_word' id='word_1_273' title='bbox 2520 1980 2946 2050; x_wconf 82' lang='grc' dir='ltr'>προηγουμένως</span> <span class='ocrx_word' id='word_1_274' title='bbox 2975 1979 3069 2032; x_wconf 89' lang='grc' dir='ltr'>τοῦ</span> <span class='ocrx_word' id='word_1_275' title='bbox 3097 1979 3279 2047; x_wconf 83' lang='grc' dir='ltr'>λόγου.</span> 
     </span>
    </p>
   </div>
   <div class='ocr_carea' id='block_1_36' title="bbox 1734 2237 2418 2324">
    <p class='ocr_par' dir='ltr' id='par_1_36' title="bbox 1734 2237 2418 2324">
     <span class='ocr_line' id='line_1_36' title="bbox 1734 2237 2418 2324; baseline 0.003 -2"><span class='ocrx_word' id='word_1_276' title='bbox 1734 2237 1964 2323; x_wconf 88' lang='grc' dir='ltr'>ΤΟΥ</span> <span class='ocrx_word' id='word_1_277' title='bbox 2039 2238 2418 2324; x_wconf 88' lang='grc' dir='ltr'>ΑΥΤΟΥ</span> 
     </span>
    </p>
   </div>
   <div class='ocr_carea' id='block_1_37' title="bbox 901 2419 3254 2493">
    <p class='ocr_par' dir='ltr' id='par_1_37' title="bbox 901 2419 3254 2493">
     <span class='ocr_line' id='line_1_37' title="bbox 901 2419 3254 2493; baseline -0.001 -18"><span class='ocrx_word' id='word_1_278' title='bbox 901 2419 1083 2475; x_wconf 81' lang='grc' dir='ltr'><strong>ΠΡΟΣ</strong></span> <span class='ocrx_word' id='word_1_279' title='bbox 1117 2421 1254 2475; x_wconf 88' lang='grc' dir='ltr'><strong>ΤΟΝ</strong></span> <span class='ocrx_word' id='word_1_280' title='bbox 1281 2421 1472 2477; x_wconf 80' lang='grc' dir='ltr'>ΚΑΤΑ</span> <span class='ocrx_word' id='word_1_281' title='bbox 1510 2423 1646 2479; x_wconf 83' lang='grc' dir='ltr'><strong>ΤΗΣ</strong></span> <span class='ocrx_word' id='word_1_282' title='bbox 1674 2426 2074 2493; x_wconf 75' lang='grc' dir='ltr'>ΕΥΣΕΒΕΙΑΣ,</span> <span class='ocrx_word' id='word_1_283' title='bbox 2107 2428 2226 2480; x_wconf 72' lang='grc' dir='ltr'>ΚΑΙ</span> <span class='ocrx_word' id='word_1_284' title='bbox 2268 2427 2406 2480; x_wconf 86' lang='grc' dir='ltr'>ΤΟΥ</span> <span class='ocrx_word' id='word_1_285' title='bbox 2440 2425 2643 2481; x_wconf 73' lang='grc' dir='ltr'>ιΕΡοΥ</span> <span class='ocrx_word' id='word_1_286' title='bbox 2676 2421 2954 2476; x_wconf 82' lang='grc' dir='ltr'><strong>ΤΑΥΤΗΣ</strong></span> <span class='ocrx_word' id='word_1_287' title='bbox 2984 2421 3254 2484; x_wconf 69' lang='grc' dir='ltr'><strong>ΤΟΜΟΥ,</strong></span> 
     </span>
    </p>
   </div>
   <div class='ocr_carea' id='block_1_38' title="bbox 1254 2558 2941 2624">
    <p class='ocr_par' dir='ltr' id='par_1_38' title="bbox 1254 2558 2941 2624">
     <span class='ocr_line' id='line_1_38' title="bbox 1254 2558 2941 2624; baseline -0.001 -9"><span class='ocrx_word' id='word_1_288' title='bbox 1254 2563 1614 2619; x_wconf 86' lang='grc' dir='ltr'>ΔΕΥΤΕΡΟΝ</span> <span class='ocrx_word' id='word_1_289' title='bbox 1647 2567 1892 2620; x_wconf 76' lang='grc' dir='ltr'>ΔΙΑᾹΟΓ</span> <span class='ocrx_word' id='word_1_290' title='bbox 1897 2567 1987 2620; x_wconf 88' lang='grc' dir='ltr'><strong>ΟΝ</strong></span> <span class='ocrx_word' id='word_1_291' title='bbox 2019 2566 2157 2619; x_wconf 84' lang='grc' dir='ltr'><strong>ΤΟΥ</strong></span> <span class='ocrx_word' id='word_1_292' title='bbox 2188 2564 2572 2619; x_wconf 79' lang='grc' dir='ltr'>ΦΙΛΟΣΟΦΟΥ</span> <span class='ocrx_word' id='word_1_293' title='bbox 2605 2558 2941 2624; x_wconf 82' lang='grc' dir='ltr'>ΓΡΗΓΟΡΑ,</span> 
     </span>
    </p>
   </div>
   <div class='ocr_carea' id='block_1_39' title="bbox 1482 2704 2660 2764">
    <p class='ocr_par' dir='ltr' id='par_1_39' title="bbox 1482 2704 2660 2764">
     <span class='ocr_line' id='line_1_39' title="bbox 1482 2704 2660 2764; baseline -0.001 -5"><span class='ocrx_word' id='word_1_294' title='bbox 1482 2707 1702 2760; x_wconf 86' lang='grc' dir='ltr'><strong>ΛΟΓΟΣ</strong></span> <span class='ocrx_word' id='word_1_295' title='bbox 1733 2710 1771 2759; x_wconf 77' lang='grc' dir='ltr'><strong>Α</strong></span> <span class='ocrx_word' id='word_1_296' title='bbox 1783 2706 2252 2764; x_wconf 79' lang='grc' dir='ltr'>ΝΤΙΡΡΗΤΙΚΟΣ</span> <span class='ocrx_word' id='word_1_297' title='bbox 2300 2704 2660 2762; x_wconf 76' lang='grc' dir='ltr'>ΔΕΥΤΕΡΟΣ</span> 
     </span>
    </p>
   </div>
   <div class='ocr_carea' id='block_1_40' title="bbox 1366 2854 2753 2934">
    <p class='ocr_par' dir='ltr' id='par_1_40' title="bbox 1366 2854 2753 2934">
     <span class='ocr_line' id='line_1_40' title="bbox 1366 2854 2753 2934; baseline 0.001 -29"><span class='ocrx_word' id='word_1_298' title='bbox 1366 2854 1502 2924; x_wconf 75' lang='grc' dir='ltr'>Περὶ</span> <span class='ocrx_word' id='word_1_299' title='bbox 1543 2856 1809 2925; x_wconf 72' lang='grc' dir='ltr'>διαφορᾶς</span> <span class='ocrx_word' id='word_1_300' title='bbox 1851 2857 2046 2934; x_wconf 80' lang='grc' dir='ltr'>οὐσίας</span> <span class='ocrx_word' id='word_1_301' title='bbox 2089 2856 2242 2919; x_wconf 84' lang='grc' dir='ltr'>θείας</span> <span class='ocrx_word' id='word_1_302' title='bbox 2302 2855 2399 2911; x_wconf 75' lang='grc' dir='ltr'>καὶ</span> <span class='ocrx_word' id='word_1_303' title='bbox 2451 2855 2753 2926; x_wconf 75' lang='grc' dir='ltr'>ἐνεργείας.</span> 
     </span>
    </p>
   </div>
   <div class='ocr_carea' id='block_1_41' title="bbox 524 3005 2018 3082">
    <p class='ocr_par' dir='ltr' id='par_1_41' title="bbox 524 3005 2018 3082">
     <span class='ocr_line' id='line_1_41' title="bbox 524 3005 2018 3082; baseline 0.003 -22"><span class='ocrx_word' id='word_1_304' title='bbox 524 3010 639 3063; x_wconf 80' lang='grc' dir='ltr'>Οὐκ</span> <span class='ocrx_word' id='word_1_305' title='bbox 702 3007 938 3080; x_wconf 82' lang='grc' dir='ltr'>ἐργῶδες</span> <span class='ocrx_word' id='word_1_306' title='bbox 1019 3007 1204 3078; x_wconf 74' lang='grc' dir='ltr'>μέντοι</span> <span class='ocrx_word' id='word_1_307' title='bbox 1260 3010 1409 3062; x_wconf 71' lang='grc' dir='ltr'>’πάνυ</span> <span class='ocrx_word' id='word_1_308' title='bbox 1477 3011 1568 3062; x_wconf 71' lang='grc' dir='ltr'>καὶ</span> <span class='ocrx_word' id='word_1_309' title='bbox 1640 3011 1914 3082; x_wconf 78' lang='grc' dir='ltr'>χαλεπὸν,</span> <span class='ocrx_word' id='word_1_310' title='bbox 1973 3005 2018 3065; x_wconf 78' lang='grc' dir='ltr'>ὦ</span> 
     </span>
    </p>
   </div>
   <div class='ocr_carea' id='block_1_42' title="bbox 459 3100 2026 3170">
    <p class='ocr_par' dir='ltr' id='par_1_42' title="bbox 459 3100 2026 3170">
     <span class='ocr_line' id='line_1_42' title="bbox 459 3100 2026 3170; baseline 0.003 -19"><span class='ocrx_word' id='word_1_311' title='bbox 459 3101 737 3166; x_wconf 77' lang='grc' dir='ltr'>σοφώτατε</span> <span class='ocrx_word' id='word_1_312' title='bbox 801 3101 894 3154; x_wconf 69' lang='grc' dir='ltr'>καὶ</span> <span class='ocrx_word' id='word_1_313' title='bbox 961 3100 1271 3170; x_wconf 88' lang='grc' dir='ltr'>φιλόχριστε</span> <span class='ocrx_word' id='word_1_314' title='bbox 1339 3100 1596 3169; x_wconf 82' lang='grc' dir='ltr'>βασιλεῦ,</span> <span class='ocrx_word' id='word_1_315' title='bbox 1649 3104 1711 3155; x_wconf 85' lang='grc' dir='ltr'>τὸ</span> <span class='ocrx_word' id='word_1_316' title='bbox 1761 3105 1873 3166; x_wconf 85' lang='grc' dir='ltr'>τοῖς</span> <span class='ocrx_word' id='word_1_317' title='bbox 1936 3103 2026 3155; x_wconf 81' lang='grc' dir='ltr'>λόο</span> 
     </span>
    </p>
   </div>
   <div class='ocr_carea' id='block_1_43' title="bbox 451 3191 2023 3265">
    <p class='ocr_par' dir='ltr' id='par_1_43' title="bbox 451 3191 2023 3265">
     <span class='ocr_line' id='line_1_43' title="bbox 451 3191 2023 3265; baseline 0.002 -20"><span class='ocrx_word' id='word_1_318' title='bbox 451 3211 568 3258; x_wconf 77' lang='grc' dir='ltr'>γοις</span> <span class='ocrx_word' id='word_1_319' title='bbox 622 3191 723 3261; x_wconf 81' lang='grc' dir='ltr'>τῆς</span> <span class='ocrx_word' id='word_1_320' title='bbox 772 3192 1085 3255; x_wconf 82' lang='grc' dir='ltr'>δυσσεϐείας</span> <span class='ocrx_word' id='word_1_321' title='bbox 1148 3193 1536 3260; x_wconf 78' lang='grc' dir='ltr'>ἀντεπεξάγειν</span> <span class='ocrx_word' id='word_1_322' title='bbox 1577 3193 1755 3262; x_wconf 90' lang='grc' dir='ltr'>λόγον,</span> <span class='ocrx_word' id='word_1_323' title='bbox 1795 3196 1888 3247; x_wconf 71' lang='grc' dir='ltr'>καὶ</span> <span class='ocrx_word' id='word_1_324' title='bbox 1925 3196 2023 3265; x_wconf 83' lang='grc' dir='ltr'>τὴν</span> 
     </span>
    </p>
   </div>
   <div class='ocr_carea' id='block_1_44' title="bbox 453 3283 2028 3356">
    <p class='ocr_par' dir='ltr' id='par_1_44' title="bbox 453 3283 2028 3356">
     <span class='ocr_line' id='line_1_44' title="bbox 453 3283 2028 3356; baseline 0.002 -20"><span class='ocrx_word' id='word_1_325' title='bbox 453 3285 713 3355; x_wconf 83' lang='grc' dir='ltr'>ἀλήθειαν</span> <span class='ocrx_word' id='word_1_326' title='bbox 766 3283 1180 3354; x_wconf 80' lang='grc' dir='ltr'>ἐπιστρατεύειν</span> <span class='ocrx_word' id='word_1_327' title='bbox 1232 3283 1310 3353; x_wconf 83' lang='grc' dir='ltr'>τῷ</span> <span class='ocrx_word' id='word_1_328' title='bbox 1358 3283 1584 3354; x_wconf 78' lang='grc' dir='ltr'>ψεύδει,</span> <span class='ocrx_word' id='word_1_329' title='bbox 1631 3287 1725 3338; x_wconf 73' lang='grc' dir='ltr'>καὶ</span> <span class='ocrx_word' id='word_1_330' title='bbox 1777 3285 1876 3356; x_wconf 84' lang='grc' dir='ltr'>τὴν</span> <span class='ocrx_word' id='word_1_331' title='bbox 1918 3285 2028 3339; x_wconf 90' lang='grc' dir='ltr'>τῶν</span> 
     </span>
    </p>
   </div>
   <div class='ocr_carea' id='block_1_45' title="bbox 455 3378 2029 3450">
    <p class='ocr_par' dir='ltr' id='par_1_45' title="bbox 455 3378 2029 3450">
     <span class='ocr_line' id='line_1_45' title="bbox 455 3378 2029 3450; baseline -0.001 -18"><span class='ocrx_word' id='word_1_332' title='bbox 455 3380 734 3450; x_wconf 82' lang='grc' dir='ltr'>θεοφόρων</span> <span class='ocrx_word' id='word_1_333' title='bbox 784 3378 1060 3447; x_wconf 87' lang='grc' dir='ltr'>θεολογίαν</span> <span class='ocrx_word' id='word_1_334' title='bbox 1104 3379 1244 3432; x_wconf 88' lang='grc' dir='ltr'>κατά</span> <span class='ocrx_word' id='word_1_335' title='bbox 1299 3379 1402 3445; x_wconf 80' lang='grc' dir='ltr'>τῆς</span> <span class='ocrx_word' id='word_1_336' title='bbox 1468 3378 1843 3445; x_wconf 74' lang='grc' dir='ltr'>πολυκεφάλου</span> <span class='ocrx_word' id='word_1_337' title='bbox 1897 3397 2029 3432; x_wconf 88' lang='grc' dir='ltr'>ταυ-</span> 
     </span>
    </p>
   </div>
   <div class='ocr_carea' id='block_1_46' title="bbox 456 3469 2072 3540">
    <p class='ocr_par' dir='ltr' id='par_1_46' title="bbox 456 3469 2072 3540">
     <span class='ocr_line' id='line_1_46' title="bbox 456 3469 2072 3540; baseline 0 -18"><span class='ocrx_word' id='word_1_338' title='bbox 456 3473 581 3536; x_wconf 60' lang='grc' dir='ltr'>τησὶ</span> <span class='ocrx_word' id='word_1_339' title='bbox 617 3470 968 3540; x_wconf 82' lang='grc' dir='ltr'>βλασφημίας</span> <span class='ocrx_word' id='word_1_340' title='bbox 1018 3469 1280 3533; x_wconf 78' lang='grc' dir='ltr'>ὁπλίζειν.</span> <span class='ocrx_word' id='word_1_341' title='bbox 1334 3469 1408 3524; x_wconf 86' lang='grc' dir='ltr'><strong>Τό</strong></span> <span class='ocrx_word' id='word_1_342' title='bbox 1451 3487 1510 3523; x_wconf 88' lang='grc' dir='ltr'>τε</span> <span class='ocrx_word' id='word_1_343' title='bbox 1553 3470 1661 3538; x_wconf 81' lang='grc' dir='ltr'>γὰρ</span> <span class='ocrx_word' id='word_1_344' title='bbox 1689 3469 1886 3534; x_wconf 77' lang='grc' dir='ltr'>ψεῦδος</span> <span class='ocrx_word' id='word_1_345' title='bbox 1937 3470 2032 3522; x_wconf 83' lang='grc' dir='ltr'>αύ-</span> <span class='ocrx_word' id='word_1_346' title='bbox 2067 3498 2072 3503; x_wconf 71' lang='grc' dir='ltr'>ι</span> 
     </span>
    </p>
   </div>
   <div class='ocr_carea' id='block_1_47' title="bbox 453 3560 2029 3633">
    <p class='ocr_par' dir='ltr' id='par_1_47' title="bbox 453 3560 2029 3633">
     <span class='ocr_line' id='line_1_47' title="bbox 453 3560 2029 3633; baseline 0.001 -18"><span class='ocrx_word' id='word_1_347' title='bbox 453 3565 611 3616; x_wconf 68' lang='grc' dir='ltr'>τόθεν</span> <span class='ocrx_word' id='word_1_348' title='bbox 670 3560 1008 3633; x_wconf 81' lang='grc' dir='ltr'>εύφῶρατον,</span> <span class='ocrx_word' id='word_1_349' title='bbox 1067 3563 1161 3615; x_wconf 75' lang='grc' dir='ltr'>καὶ</span> <span class='ocrx_word' id='word_1_350' title='bbox 1210 3562 1278 3616; x_wconf 82' lang='grc' dir='ltr'>δι’</span> <span class='ocrx_word' id='word_1_351' title='bbox 1316 3563 1448 3616; x_wconf 83' lang='grc' dir='ltr'>αὐτό</span> <span class='ocrx_word' id='word_1_352' title='bbox 1488 3579 1552 3631; x_wconf 84' lang='grc' dir='ltr'>γε</span> <span class='ocrx_word' id='word_1_353' title='bbox 1593 3561 1751 3615; x_wconf 89' lang='grc' dir='ltr'>τοῦτο</span> <span class='ocrx_word' id='word_1_354' title='bbox 1803 3565 1899 3616; x_wconf 67' lang='grc' dir='ltr'>καὶ</span> <span class='ocrx_word' id='word_1_355' title='bbox 1939 3563 2029 3616; x_wconf 84' lang='grc' dir='ltr'>εύ-</span> 
     </span>
    </p>
   </div>
   <div class='ocr_carea' id='block_1_48' title="bbox 459 3653 2028 3723">
    <p class='ocr_par' dir='ltr' id='par_1_48' title="bbox 459 3653 2028 3723">
     <span class='ocr_line' id='line_1_48' title="bbox 459 3653 2028 3723; baseline 0.002 -20"><span class='ocrx_word' id='word_1_356' title='bbox 459 3655 823 3722; x_wconf 86' lang='grc' dir='ltr'>περίτρεπτον</span> <span class='ocrx_word' id='word_1_357' title='bbox 884 3654 991 3708; x_wconf 81' lang='grc' dir='ltr'>κᾶν</span> <span class='ocrx_word' id='word_1_358' title='bbox 1045 3653 1274 3716; x_wconf 87' lang='grc' dir='ltr'>πολλούς</span> <span class='ocrx_word' id='word_1_359' title='bbox 1321 3671 1474 3715; x_wconf 90' lang='grc' dir='ltr'>τινας</span> <span class='ocrx_word' id='word_1_360' title='bbox 1537 3653 1898 3723; x_wconf 82' lang='grc' dir='ltr'>περιϐάληται</span> <span class='ocrx_word' id='word_1_361' title='bbox 1927 3655 2028 3708; x_wconf 85' lang='grc' dir='ltr'>κύ-</span> 
     </span>
    </p>
   </div>
   <div class='ocr_carea' id='block_1_49' title="bbox 456 3743 2032 3817">
    <p class='ocr_par' dir='ltr' id='par_1_49' title="bbox 456 3743 2032 3817">
     <span class='ocr_line' id='line_1_49' title="bbox 456 3743 2032 3817; baseline 0.002 -23"><span class='ocrx_word' id='word_1_362' title='bbox 456 3746 640 3807; x_wconf 80' lang='grc' dir='ltr'>κλους,</span> <span class='ocrx_word' id='word_1_363' title='bbox 678 3744 775 3797; x_wconf 70' lang='grc' dir='ltr'>καὶ</span> <span class='ocrx_word' id='word_1_364' title='bbox 828 3745 998 3814; x_wconf 82' lang='grc' dir='ltr'>συχνά</span> <span class='ocrx_word' id='word_1_365' title='bbox 1019 3743 1091 3798; x_wconf 77' lang='grc' dir='ltr'>τὰ</span> <span class='ocrx_word' id='word_1_366' title='bbox 1132 3743 1234 3813; x_wconf 80' lang='grc' dir='ltr'>τῆς</span> <span class='ocrx_word' id='word_1_367' title='bbox 1273 3743 1530 3813; x_wconf 87' lang='grc' dir='ltr'>ἀληθείας</span> <span class='ocrx_word' id='word_1_368' title='bbox 1560 3745 1874 3814; x_wconf 82' lang='grc' dir='ltr'>προσωπεῖα</span> <span class='ocrx_word' id='word_1_369' title='bbox 1900 3761 2032 3817; x_wconf 89' lang='grc' dir='ltr'>προ-</span> 
     </span>
    </p>
   </div>
   <div class='ocr_carea' id='block_1_50' title="bbox 458 3826 2028 3904">
    <p class='ocr_par' dir='ltr' id='par_1_50' title="bbox 458 3826 2028 3904">
     <span class='ocr_line' id='line_1_50' title="bbox 458 3826 2028 3904; baseline 0.001 -22"><span class='ocrx_word' id='word_1_370' title='bbox 458 3831 708 3901; x_wconf 77' lang='grc' dir='ltr'>ϐαληται,</span> <span class='ocrx_word' id='word_1_371' title='bbox 739 3832 834 3886; x_wconf 76' lang='grc' dir='ltr'>καὶ</span> <span class='ocrx_word' id='word_1_372' title='bbox 864 3835 893 3885; x_wconf 86' lang='grc' dir='ltr'>ὁ</span> <span class='ocrx_word' id='word_1_373' title='bbox 919 3832 1014 3886; x_wconf 86' lang='grc' dir='ltr'>τοῦ</span> <span class='ocrx_word' id='word_1_374' title='bbox 1039 3831 1176 3885; x_wconf 84' lang='grc' dir='ltr'>Θεοῦ</span> <span class='ocrx_word' id='word_1_375' title='bbox 1205 3832 1382 3899; x_wconf 88' lang='grc' dir='ltr'>λόγος,</span> <span class='ocrx_word' id='word_1_376' title='bbox 1410 3826 1443 3904; x_wconf 81' lang='grc' dir='ltr'>ᾖ</span> <span class='ocrx_word' id='word_1_377' title='bbox 1477 3850 1610 3901; x_wconf 83' lang='grc' dir='ltr'>φησι</span> <span class='ocrx_word' id='word_1_378' title='bbox 1638 3831 1708 3886; x_wconf 86' lang='grc' dir='ltr'>τὰ</span> <span class='ocrx_word' id='word_1_379' title='bbox 1745 3833 1916 3886; x_wconf 85' lang='grc' dir='ltr'>σεπτά</span> <span class='ocrx_word' id='word_1_380' title='bbox 1943 3832 2028 3884; x_wconf 87' lang='grc' dir='ltr'>λό-</span> 
     </span>
    </p>
   </div>
   <div class='ocr_carea' id='block_1_51' title="bbox 459 3923 2031 3995">
    <p class='ocr_par' dir='ltr' id='par_1_51' title="bbox 459 3923 2031 3995">
     <span class='ocr_line' id='line_1_51' title="bbox 459 3923 2031 3995; baseline 0.002 -20"><span class='ocrx_word' id='word_1_381' title='bbox 459 3942 575 3992; x_wconf 88' lang='grc' dir='ltr'>για,</span> <span class='ocrx_word' id='word_1_382' title='bbox 601 3924 708 3988; x_wconf 80' lang='grc' dir='ltr'>ζῶν</span> <span class='ocrx_word' id='word_1_383' title='bbox 729 3942 786 3978; x_wconf 90' lang='grc' dir='ltr'>τε</span> <span class='ocrx_word' id='word_1_384' title='bbox 829 3923 925 3978; x_wconf 73' lang='grc' dir='ltr'>καλ</span> <span class='ocrx_word' id='word_1_385' title='bbox 944 3925 1196 3995; x_wconf 82' lang='grc' dir='ltr'>ἐνεργὴς,</span> <span class='ocrx_word' id='word_1_386' title='bbox 1227 3926 1321 3978; x_wconf 77' lang='grc' dir='ltr'>καὶ</span> <span class='ocrx_word' id='word_1_387' title='bbox 1350 3925 1660 3994; x_wconf 86' lang='grc' dir='ltr'>τομώτερος</span> <span class='ocrx_word' id='word_1_388' title='bbox 1687 3925 1826 3995; x_wconf 69' lang='grc' dir='ltr'>ὑπὲρ</span> <span class='ocrx_word' id='word_1_389' title='bbox 1852 3926 2031 3978; x_wconf 83' lang='grc' dir='ltr'>πᾶσαν</span> 
     </span>
    </p>
   </div>
   <div class='ocr_carea' id='block_1_52' title="bbox 461 4009 2030 4084">
    <p class='ocr_par' dir='ltr' id='par_1_52' title="bbox 461 4009 2030 4084">
     <span class='ocr_line' id='line_1_52' title="bbox 461 4009 2030 4084; baseline 0.004 -23"><span class='ocrx_word' id='word_1_390' title='bbox 461 4009 739 4079; x_wconf 81' lang='grc' dir='ltr'>μάχαιραν</span> <span class='ocrx_word' id='word_1_391' title='bbox 769 4011 1045 4080; x_wconf 91' lang='grc' dir='ltr'>δίστομον,</span> <span class='ocrx_word' id='word_1_392' title='bbox 1075 4012 1449 4082; x_wconf 82' lang='grc' dir='ltr'>διικνούμενος</span> <span class='ocrx_word' id='word_1_393' title='bbox 1475 4015 1602 4082; x_wconf 79' lang='grc' dir='ltr'>ἄχρι</span> <span class='ocrx_word' id='word_1_394' title='bbox 1629 4013 1896 4082; x_wconf 86' lang='grc' dir='ltr'>μερισμοῦ</span> <span class='ocrx_word' id='word_1_395' title='bbox 1925 4014 2030 4084; x_wconf 82' lang='grc' dir='ltr'>ψυ-</span> 
     </span>
    </p>
   </div>
   <div class='ocr_carea' id='block_1_53' title="bbox 459 4101 2032 4174">
    <p class='ocr_par' dir='ltr' id='par_1_53' title="bbox 459 4101 2032 4174">
     <span class='ocr_line' id='line_1_53' title="bbox 459 4101 2032 4174; baseline -0.008 -5"><span class='ocrx_word' id='word_1_396' title='bbox 459 4101 556 4168; x_wconf 78' lang='grc' dir='ltr'>χῆς</span> <span class='ocrx_word' id='word_1_397' title='bbox 583 4119 641 4154; x_wconf 85' lang='grc' dir='ltr'>τε</span> <span class='ocrx_word' id='word_1_398' title='bbox 669 4105 1001 4172; x_wconf 81' lang='grc' dir='ltr'>πνεύματος,</span> <span class='ocrx_word' id='word_1_399' title='bbox 1031 4103 1225 4173; x_wconf 81' lang='grc' dir='ltr'>ἁρμῶν</span> <span class='ocrx_word' id='word_1_400' title='bbox 1257 4122 1317 4156; x_wconf 90' lang='grc' dir='ltr'>τε</span> <span class='ocrx_word' id='word_1_401' title='bbox 1352 4105 1445 4158; x_wconf 70' lang='grc' dir='ltr'>καὶ</span> <span class='ocrx_word' id='word_1_402' title='bbox 1477 4104 1711 4174; x_wconf 89' lang='grc' dir='ltr'>μυέλῶν,</span> <span class='ocrx_word' id='word_1_403' title='bbox 1731 4106 1825 4159; x_wconf 73' lang='grc' dir='ltr'>καὶ</span> <span class='ocrx_word' id='word_1_404' title='bbox 1854 4124 2032 4174; x_wconf 80' lang='grc' dir='ltr'>κριτι-</span> 
     </span>
    </p>
   </div>
   <div class='ocr_carea' id='block_1_54' title="bbox 459 4191 2029 4269">
    <p class='ocr_par' dir='ltr' id='par_1_54' title="bbox 459 4191 2029 4269">
     <span class='ocr_line' id='line_1_54' title="bbox 459 4191 2029 4269; baseline 0.006 -26"><span class='ocrx_word' id='word_1_405' title='bbox 459 4195 556 4252; x_wconf 84' lang='grc' dir='ltr'>κὸς</span> <span class='ocrx_word' id='word_1_406' title='bbox 601 4193 951 4263; x_wconf 74' lang='grc' dir='ltr'>ἐνθυμήσεων</span> <span class='ocrx_word' id='word_1_407' title='bbox 988 4197 1083 4250; x_wconf 65' lang='grc' dir='ltr'>καὶ</span> <span class='ocrx_word' id='word_1_408' title='bbox 1129 4197 1348 4250; x_wconf 83' lang='grc' dir='ltr'>ἐννοιῶν</span> <span class='ocrx_word' id='word_1_409' title='bbox 1375 4197 1637 4265; x_wconf 87' lang='grc' dir='ltr'>καρδίας,</span> <span class='ocrx_word' id='word_1_410' title='bbox 1666 4198 1807 4269; x_wconf 81' lang='grc' dir='ltr'>ὑπὲρ</span> <span class='ocrx_word' id='word_1_411' title='bbox 1842 4191 1903 4252; x_wconf 79' lang='grc' dir='ltr'>οὗ</span> <span class='ocrx_word' id='word_1_412' title='bbox 1933 4199 2029 4252; x_wconf 74' lang='grc' dir='ltr'>καὶ</span> 
     </span>
    </p>
   </div>
   <div class='ocr_carea' id='block_1_55' title="bbox 459 4284 2033 4362">
    <p class='ocr_par' dir='ltr' id='par_1_55' title="bbox 459 4284 2033 4362">
     <span class='ocr_line' id='line_1_55' title="bbox 459 4284 2033 4362; baseline 0.007 -27"><span class='ocrx_word' id='word_1_413' title='bbox 459 4285 598 4354; x_wconf 70' lang='grc' dir='ltr'>πρὸς</span> <span class='ocrx_word' id='word_1_414' title='bbox 635 4284 699 4340; x_wconf 80' lang='grc' dir='ltr'>δν</span> <span class='ocrx_word' id='word_1_415' title='bbox 737 4288 850 4349; x_wconf 78' lang='grc' dir='ltr'>τοῖς</span> <span class='ocrx_word' id='word_1_416' title='bbox 899 4287 1170 4354; x_wconf 88' lang='grc' dir='ltr'>θεολόγοις</span> <span class='ocrx_word' id='word_1_417' title='bbox 1213 4289 1241 4340; x_wconf 88' lang='grc' dir='ltr'>ὁ</span> <span class='ocrx_word' id='word_1_418' title='bbox 1275 4289 1455 4358; x_wconf 87' lang='grc' dir='ltr'>λόγος.</span> <span class='ocrx_word' id='word_1_419' title='bbox 1489 4289 1564 4341; x_wconf 83' lang='grc' dir='ltr'><strong>Οὐ</strong></span> <span class='ocrx_word' id='word_1_420' title='bbox 1611 4290 1770 4342; x_wconf 89' lang='grc' dir='ltr'>τοῦτο</span> <span class='ocrx_word' id='word_1_421' title='bbox 1811 4307 2033 4362; x_wconf 89' lang='grc' dir='ltr'>τοιγαρ-</span> 
     </span>
    </p>
   </div>
   <div class='ocr_carea' id='block_1_56' title="bbox 459 4376 2030 4450">
    <p class='ocr_par' dir='ltr' id='par_1_56' title="bbox 459 4376 2030 4450">
     <span class='ocr_line' id='line_1_56' title="bbox 459 4376 2030 4450; baseline 0.005 -22"><span class='ocrx_word' id='word_1_422' title='bbox 459 4376 574 4439; x_wconf 82' lang='grc' dir='ltr'>οῦν,</span> <span class='ocrx_word' id='word_1_423' title='bbox 597 4376 670 4437; x_wconf 85' lang='grc' dir='ltr'>ὡς</span> <span class='ocrx_word' id='word_1_424' title='bbox 700 4378 858 4446; x_wconf 71' lang='grc' dir='ltr'>ἔφην,</span> <span class='ocrx_word' id='word_1_425' title='bbox 884 4377 1141 4446; x_wconf 85' lang='grc' dir='ltr'>ἐργῶδες,</span> <span class='ocrx_word' id='word_1_426' title='bbox 1168 4380 1286 4433; x_wconf 80' lang='grc' dir='ltr'>οὐδὲ</span> <span class='ocrx_word' id='word_1_427' title='bbox 1335 4380 1571 4450; x_wconf 78' lang='grc' dir='ltr'>χαλεπὸν</span> <span class='ocrx_word' id='word_1_428' title='bbox 1609 4381 1888 4446; x_wconf 78' lang='grc' dir='ltr'>ἐξανύσαι,</span> <span class='ocrx_word' id='word_1_429' title='bbox 1917 4385 2030 4436; x_wconf 81' lang='grc' dir='ltr'>ἀλλ’</span> 
     </span>
    </p>
   </div>
   <div class='ocr_carea' id='block_1_57' title="bbox 461 4469 2029 4542">
    <p class='ocr_par' dir='ltr' id='par_1_57' title="bbox 461 4469 2029 4542">
     <span class='ocr_line' id='line_1_57' title="bbox 461 4469 2029 4542; baseline 0.006 -22"><span class='ocrx_word' id='word_1_430' title='bbox 461 4469 638 4522; x_wconf 81' lang='grc' dir='ltr'>ἐκεῖνο</span> <span class='ocrx_word' id='word_1_431' title='bbox 662 4469 758 4523; x_wconf 79' lang='grc' dir='ltr'>καὶ</span> <span class='ocrx_word' id='word_1_432' title='bbox 797 4470 1054 4540; x_wconf 81' lang='grc' dir='ltr'>δυσχερές</span> <span class='ocrx_word' id='word_1_433' title='bbox 1077 4490 1128 4524; x_wconf 91' lang='grc' dir='ltr'>τι</span> <span class='ocrx_word' id='word_1_434' title='bbox 1157 4472 1250 4525; x_wconf 76' lang='grc' dir='ltr'>καὶ</span> <span class='ocrx_word' id='word_1_435' title='bbox 1277 4475 1578 4537; x_wconf 86' lang='grc' dir='ltr'>πρόσαντες</span> <span class='ocrx_word' id='word_1_436' title='bbox 1600 4474 1656 4535; x_wconf 80' lang='grc' dir='ltr'>ἐς</span> <span class='ocrx_word' id='word_1_437' title='bbox 1683 4474 1750 4527; x_wconf 85' lang='grc' dir='ltr'>τά</span> <span class='ocrx_word' id='word_1_438' title='bbox 1771 4474 2029 4542; x_wconf 87' lang='grc' dir='ltr'>μάλιστα,</span> 
     </span>
    </p>
   </div>
   <div class='ocr_carea' id='block_1_58' title="bbox 2198 3007 3697 3081">
    <p class='ocr_par' dir='ltr' id='par_1_58' title="bbox 2198 3007 3697 3081">
     <span class='ocr_line' id='line_1_58' title="bbox 2198 3007 3697 3081; baseline -0.001 -15"><span class='ocrx_word' id='word_1_439' title='bbox 2198 3010 2264 3066; x_wconf 88' lang='grc' dir='ltr'><strong>Τί</strong></span> <span class='ocrx_word' id='word_1_440' title='bbox 2293 3011 2338 3066; x_wconf 78' lang='grc' dir='ltr'>δ’</span> <span class='ocrx_word' id='word_1_441' title='bbox 2370 3010 2436 3066; x_wconf 77' lang='grc' dir='ltr'>ἂν</span> <span class='ocrx_word' id='word_1_442' title='bbox 2465 3011 2596 3066; x_wconf 73' lang='grc' dir='ltr'>ἀλλο</span> <span class='ocrx_word' id='word_1_443' title='bbox 2628 3009 2737 3065; x_wconf 90' lang='grc' dir='ltr'>τῶν</span> <span class='ocrx_word' id='word_1_444' title='bbox 2763 3008 3078 3077; x_wconf 82' lang='grc' dir='ltr'>ἀναγκαίων</span> <span class='ocrx_word' id='word_1_445' title='bbox 3113 3007 3224 3077; x_wconf 74' lang='grc' dir='ltr'>εἴη,</span> <span class='ocrx_word' id='word_1_446' title='bbox 3259 3011 3352 3064; x_wconf 75' lang='grc' dir='ltr'>καὶ</span> <span class='ocrx_word' id='word_1_447' title='bbox 3398 3008 3697 3081; x_wconf 77' lang='grc' dir='ltr'>προῦργου,</span> 
     </span>
    </p>
   </div>
   <div class='ocr_carea' id='block_1_59' title="bbox 2126 3097 3702 3172">
    <p class='ocr_par' dir='ltr' id='par_1_59' title="bbox 2126 3097 3702 3172">
     <span class='ocr_line' id='line_1_59' title="bbox 2126 3097 3702 3172; baseline 0 -15"><span class='ocrx_word' id='word_1_448' title='bbox 2126 3101 2159 3172; x_wconf 80' lang='grc' dir='ltr'>ἢ</span> <span class='ocrx_word' id='word_1_449' title='bbox 2193 3103 2256 3157; x_wconf 80' lang='grc' dir='ltr'>τὸ</span> <span class='ocrx_word' id='word_1_450' title='bbox 2291 3104 2405 3166; x_wconf 84' lang='grc' dir='ltr'>τοῖς</span> <span class='ocrx_word' id='word_1_451' title='bbox 2455 3101 2777 3172; x_wconf 84' lang='grc' dir='ltr'>κεφαλαίοις</span> <span class='ocrx_word' id='word_1_452' title='bbox 2818 3099 2960 3154; x_wconf 90' lang='grc' dir='ltr'>κατά</span> <span class='ocrx_word' id='word_1_453' title='bbox 2993 3099 3160 3170; x_wconf 80' lang='grc' dir='ltr'>μέρος</span> <span class='ocrx_word' id='word_1_454' title='bbox 3193 3097 3501 3165; x_wconf 80' lang='grc' dir='ltr'>ἐπεξελθεῖν</span> <span class='ocrx_word' id='word_1_455' title='bbox 3544 3097 3702 3168; x_wconf 78' lang='grc' dir='ltr'>αὖθις</span> 
     </span>
    </p>
   </div>
   <div class='ocr_carea' id='block_1_60' title="bbox 2128 3192 3701 3266">
    <p class='ocr_par' dir='ltr' id='par_1_60' title="bbox 2128 3192 3701 3266">
     <span class='ocr_line' id='line_1_60' title="bbox 2128 3192 3701 3266; baseline -0.002 -15"><span class='ocrx_word' id='word_1_456' title='bbox 2128 3196 2338 3251; x_wconf 87' lang='grc' dir='ltr'>ἐκείνου</span> <span class='ocrx_word' id='word_1_457' title='bbox 2367 3197 2464 3251; x_wconf 88' lang='grc' dir='ltr'>τοῦ</span> <span class='ocrx_word' id='word_1_458' title='bbox 2495 3197 2591 3266; x_wconf 78' lang='grc' dir='ltr'>τῆς</span> <span class='ocrx_word' id='word_1_459' title='bbox 2623 3194 2904 3258; x_wconf 84' lang='grc' dir='ltr'>εὐσεϐείας</span> <span class='ocrx_word' id='word_1_460' title='bbox 2933 3192 3079 3262; x_wconf 88' lang='grc' dir='ltr'>ίεροῦ</span> <span class='ocrx_word' id='word_1_461' title='bbox 3111 3193 3306 3263; x_wconf 88' lang='grc' dir='ltr'>τόμου,</span> <span class='ocrx_word' id='word_1_462' title='bbox 3336 3197 3432 3247; x_wconf 76' lang='grc' dir='ltr'>καί</span> <span class='ocrx_word' id='word_1_463' title='bbox 3467 3196 3701 3260; x_wconf 84' lang='grc' dir='ltr'>συνάψαι</span> 
     </span>
    </p>
   </div>
   <div class='ocr_carea' id='block_1_61' title="bbox 2136 3285 3705 3358">
    <p class='ocr_par' dir='ltr' id='par_1_61' title="bbox 2136 3285 3705 3358">
     <span class='ocr_line' id='line_1_61' title="bbox 2136 3285 3705 3358; baseline 0.001 -20"><span class='ocrx_word' id='word_1_464' title='bbox 2136 3287 2234 3357; x_wconf 84' lang='grc' dir='ltr'>μέν</span> <span class='ocrx_word' id='word_1_465' title='bbox 2258 3285 2488 3350; x_wconf 84' lang='grc' dir='ltr'>ἐκείνοις</span> <span class='ocrx_word' id='word_1_466' title='bbox 2510 3287 2576 3340; x_wconf 84' lang='grc' dir='ltr'>τά</span> <span class='ocrx_word' id='word_1_467' title='bbox 2607 3286 2755 3358; x_wconf 90' lang='grc' dir='ltr'>παρά</span> <span class='ocrx_word' id='word_1_468' title='bbox 2786 3285 2885 3355; x_wconf 80' lang='grc' dir='ltr'>τῆς</span> <span class='ocrx_word' id='word_1_469' title='bbox 2911 3285 3063 3355; x_wconf 78' lang='grc' dir='ltr'>ίερᾶς</span> <span class='ocrx_word' id='word_1_470' title='bbox 3095 3285 3216 3338; x_wconf 83' lang='grc' dir='ltr'>τότε</span> <span class='ocrx_word' id='word_1_471' title='bbox 3246 3285 3489 3351; x_wconf 83' lang='grc' dir='ltr'>συνόδου,</span> <span class='ocrx_word' id='word_1_472' title='bbox 3523 3287 3705 3350; x_wconf 71' lang='grc' dir='ltr'>καλῶς</span> 
     </span>
    </p>
   </div>
   <div class='ocr_carea' id='block_1_62' title="bbox 2130 3375 3701 3448">
    <p class='ocr_par' dir='ltr' id='par_1_62' title="bbox 2130 3375 3701 3448">
     <span class='ocr_line' id='line_1_62' title="bbox 2130 3375 3701 3448; baseline 0 -18"><span class='ocrx_word' id='word_1_473' title='bbox 2130 3377 2194 3432; x_wconf 76' lang='grc' dir='ltr'>ἐκ</span> <span class='ocrx_word' id='word_1_474' title='bbox 2231 3395 2292 3432; x_wconf 89' lang='grc' dir='ltr'>τε</span> <span class='ocrx_word' id='word_1_475' title='bbox 2329 3379 2427 3447; x_wconf 84' lang='grc' dir='ltr'>τῆς</span> <span class='ocrx_word' id='word_1_476' title='bbox 2456 3379 2610 3441; x_wconf 87' lang='grc' dir='ltr'>θείας</span> <span class='ocrx_word' id='word_1_477' title='bbox 2657 3378 2896 3448; x_wconf 83' lang='grc' dir='ltr'>Γραφῆς,</span> <span class='ocrx_word' id='word_1_478' title='bbox 2947 3379 3042 3432; x_wconf 77' lang='grc' dir='ltr'>καὶ</span> <span class='ocrx_word' id='word_1_479' title='bbox 3076 3377 3187 3430; x_wconf 89' lang='grc' dir='ltr'>τῶν</span> <span class='ocrx_word' id='word_1_480' title='bbox 3222 3375 3548 3445; x_wconf 84' lang='grc' dir='ltr'>θεολογικῶν</span> <span class='ocrx_word' id='word_1_481' title='bbox 3608 3384 3701 3432; x_wconf 67' lang='grc' dir='ltr'>καὶ</span> 
     </span>
    </p>
   </div>
   <div class='ocr_carea' id='block_1_63' title="bbox 2127 3468 3701 3540">
    <p class='ocr_par' dir='ltr' id='par_1_63' title="bbox 2127 3468 3701 3540">
     <span class='ocr_line' id='line_1_63' title="bbox 2127 3468 3701 3540; baseline 0.003 -19"><span class='ocrx_word' id='word_1_482' title='bbox 2127 3470 2414 3540; x_wconf 84' lang='grc' dir='ltr'>πατρικῶν</span> <span class='ocrx_word' id='word_1_483' title='bbox 2463 3469 2786 3524; x_wconf 78' lang='grc' dir='ltr'>συντεθέντα</span> <span class='ocrx_word' id='word_1_484' title='bbox 2850 3469 3047 3536; x_wconf 86' lang='grc' dir='ltr'>λόγων,</span> <span class='ocrx_word' id='word_1_485' title='bbox 3101 3469 3336 3524; x_wconf 85' lang='grc' dir='ltr'>κάκιστα</span> <span class='ocrx_word' id='word_1_486' title='bbox 3367 3468 3412 3523; x_wconf 84' lang='grc' dir='ltr'>δ’</span> <span class='ocrx_word' id='word_1_487' title='bbox 3452 3469 3556 3523; x_wconf 84' lang='grc' dir='ltr'>ύπδ</span> <span class='ocrx_word' id='word_1_488' title='bbox 3605 3470 3701 3525; x_wconf 85' lang='grc' dir='ltr'>τοῦ</span> 
     </span>
    </p>
   </div>
   <div class='ocr_carea' id='block_1_64' title="bbox 2127 3547 3704 3630">
    <p class='ocr_par' dir='ltr' id='par_1_64' title="bbox 2127 3547 3704 3630">
     <span class='ocr_line' id='line_1_64' title="bbox 2127 3547 3704 3630; baseline 0.001 -17"><span class='ocrx_word' id='word_1_489' title='bbox 2127 3547 2332 3623; x_wconf 86' lang='grc' dir='ltr'>κακῶς</span> <span class='ocrx_word' id='word_1_490' title='bbox 2371 3561 2744 3630; x_wconf 79' lang='grc' dir='ltr'>ἀντικειμένου</span> <span class='ocrx_word' id='word_1_491' title='bbox 2784 3559 2997 3614; x_wconf 80' lang='grc' dir='ltr'>τουτουτ</span> <span class='ocrx_word' id='word_1_492' title='bbox 3046 3548 3540 3630; x_wconf 83' lang='grc' dir='ltr'>διασπαραχθέντα,</span> <span class='ocrx_word' id='word_1_493' title='bbox 3605 3565 3704 3615; x_wconf 75' lang='grc' dir='ltr'>καὶ</span> 
     </span>
    </p>
   </div>
   <div class='ocr_carea' id='block_1_65' title="bbox 2127 3650 3700 3722">
    <p class='ocr_par' dir='ltr' id='par_1_65' title="bbox 2127 3650 3700 3722">
     <span class='ocr_line' id='line_1_65' title="bbox 2127 3650 3700 3722; baseline 0.003 -19"><span class='ocrx_word' id='word_1_494' title='bbox 2127 3651 2226 3720; x_wconf 82' lang='grc' dir='ltr'>τῆς</span> <span class='ocrx_word' id='word_1_495' title='bbox 2273 3650 2538 3722; x_wconf 78' lang='grc' dir='ltr'>ἁρμονίας</span> <span class='ocrx_word' id='word_1_496' title='bbox 2570 3667 2628 3704; x_wconf 87' lang='grc' dir='ltr'>τε</span> <span class='ocrx_word' id='word_1_497' title='bbox 2673 3651 2901 3720; x_wconf 75' lang='grc' dir='ltr'>καὶτῆς</span> <span class='ocrx_word' id='word_1_498' title='bbox 2959 3651 3255 3719; x_wconf 78' lang='grc' dir='ltr'>συναφείας</span> <span class='ocrx_word' id='word_1_499' title='bbox 3297 3650 3700 3722; x_wconf 80' lang='grc' dir='ltr'>διαζευχθέντα,</span> 
     </span>
    </p>
   </div>
   <div class='ocr_carea' id='block_1_66' title="bbox 2129 3729 3791 3812">
    <p class='ocr_par' dir='ltr' id='par_1_66' title="bbox 2129 3729 3791 3812">
     <span class='ocr_line' id='line_1_66' title="bbox 2129 3729 3791 3812; baseline 0.003 -20"><span class='ocrx_word' id='word_1_500' title='bbox 2129 3741 2448 3809; x_wconf 78' lang='grc' dir='ltr'>προσθεῖναι</span> <span class='ocrx_word' id='word_1_501' title='bbox 2469 3742 2523 3794; x_wconf 80' lang='grc' dir='ltr'>δὲ</span> <span class='ocrx_word' id='word_1_502' title='bbox 2551 3742 2647 3794; x_wconf 76' lang='grc' dir='ltr'>καὶ</span> <span class='ocrx_word' id='word_1_503' title='bbox 2673 3742 2738 3812; x_wconf 79' lang='grc' dir='ltr'>τῇ</span> <span class='ocrx_word' id='word_1_504' title='bbox 2771 3741 3028 3810; x_wconf 79' lang='grc' dir='ltr'>ἐξηγήσει</span> <span class='ocrx_word' id='word_1_505' title='bbox 3064 3742 3215 3812; x_wconf 87' lang='grc' dir='ltr'>παρά</span> <span class='ocrx_word' id='word_1_506' title='bbox 3248 3741 3344 3810; x_wconf 83' lang='grc' dir='ltr'>τῆς</span> <span class='ocrx_word' id='word_1_507' title='bbox 3369 3741 3521 3806; x_wconf 87' lang='grc' dir='ltr'>θείας</span> <span class='ocrx_word' id='word_1_508' title='bbox 3555 3743 3702 3811; x_wconf 84' lang='grc' dir='ltr'>Γρα-</span> <span class='ocrx_word' id='word_1_509' title='bbox 3783 3729 3791 3738; x_wconf 64' lang='grc'><em>’</em></span> 
     </span>
    </p>
   </div>
   <div class='ocr_carea' id='block_1_67' title="bbox 2130 3830 3703 3902">
    <p class='ocr_par' dir='ltr' id='par_1_67' title="bbox 2130 3830 3703 3902">
     <span class='ocr_line' id='line_1_67' title="bbox 2130 3830 3703 3902; baseline -0.001 -16"><span class='ocrx_word' id='word_1_510' title='bbox 2130 3835 2237 3902; x_wconf 84' lang='grc' dir='ltr'>φῆς</span> <span class='ocrx_word' id='word_1_511' title='bbox 2267 3830 2420 3895; x_wconf 81' lang='grc' dir='ltr'>αῦθίς</span> <span class='ocrx_word' id='word_1_512' title='bbox 2445 3850 2589 3902; x_wconf 87' lang='grc' dir='ltr'>φημι</span> <span class='ocrx_word' id='word_1_513' title='bbox 2622 3833 2715 3885; x_wconf 77' lang='grc' dir='ltr'>καὶ</span> <span class='ocrx_word' id='word_1_514' title='bbox 2740 3834 2848 3885; x_wconf 86' lang='grc' dir='ltr'>τῶν</span> <span class='ocrx_word' id='word_1_515' title='bbox 2869 3832 3036 3901; x_wconf 80' lang='grc' dir='ltr'>αὐτῆς</span> <span class='ocrx_word' id='word_1_516' title='bbox 3066 3831 3350 3902; x_wconf 80' lang='grc' dir='ltr'>ἐξηγητῶν</span> <span class='ocrx_word' id='word_1_517' title='bbox 3368 3849 3428 3885; x_wconf 88' lang='grc' dir='ltr'>τε</span> <span class='ocrx_word' id='word_1_518' title='bbox 3456 3833 3554 3888; x_wconf 74' lang='grc' dir='ltr'>καὶ</span> <span class='ocrx_word' id='word_1_519' title='bbox 3583 3833 3703 3886; x_wconf 80' lang='grc' dir='ltr'>θεο-</span> 
     </span>
    </p>
   </div>
   <div class='ocr_carea' id='block_1_68' title="bbox 2129 3917 3704 3992">
    <p class='ocr_par' dir='ltr' id='par_1_68' title="bbox 2129 3917 3704 3992">
     <span class='ocr_line' id='line_1_68' title="bbox 2129 3917 3704 3992; baseline 0.001 -18"><span class='ocrx_word' id='word_1_520' title='bbox 2129 3921 2322 3989; x_wconf 89' lang='grc' dir='ltr'>λόγων,</span> <span class='ocrx_word' id='word_1_521' title='bbox 2347 3925 2442 3976; x_wconf 77' lang='grc' dir='ltr'>καὶ</span> <span class='ocrx_word' id='word_1_522' title='bbox 2467 3922 2801 3992; x_wconf 83' lang='grc' dir='ltr'>πλατύτερον</span> <span class='ocrx_word' id='word_1_523' title='bbox 2830 3921 3300 3992; x_wconf 81' lang='grc' dir='ltr'>ἐπεξεργάσασθαι</span> <span class='ocrx_word' id='word_1_524' title='bbox 3329 3921 3563 3975; x_wconf 84' lang='grc' dir='ltr'>καθόσον</span> <span class='ocrx_word' id='word_1_525' title='bbox 3588 3917 3704 3976; x_wconf 73' lang='grc' dir='ltr'>οἷόν</span> 
     </span>
    </p>
   </div>
   <div class='ocr_carea' id='block_1_69' title="bbox 2130 4012 3704 4085">
    <p class='ocr_par' dir='ltr' id='par_1_69' title="bbox 2130 4012 3704 4085">
     <span class='ocr_line' id='line_1_69' title="bbox 2130 4012 3704 4085; baseline -0.001 -17"><span class='ocrx_word' id='word_1_526' title='bbox 2130 4029 2224 4077; x_wconf 75' lang='grc' dir='ltr'>τες</span> <span class='ocrx_word' id='word_1_527' title='bbox 2257 4014 2441 4085; x_wconf 80' lang='grc' dir='ltr'>ἐπειδὴ</span> <span class='ocrx_word' id='word_1_528' title='bbox 2476 4015 2568 4068; x_wconf 74' lang='grc' dir='ltr'>καὶ</span> <span class='ocrx_word' id='word_1_529' title='bbox 2599 4013 2756 4066; x_wconf 88' lang='grc' dir='ltr'>τοῦτο</span> <span class='ocrx_word' id='word_1_530' title='bbox 2778 4012 2900 4067; x_wconf 83' lang='grc' dir='ltr'>καθ’</span> <span class='ocrx_word' id='word_1_531' title='bbox 2921 4012 3082 4083; x_wconf 80' lang='grc' dir='ltr'>ἡμῶν</span> <span class='ocrx_word' id='word_1_532' title='bbox 3129 4015 3156 4066; x_wconf 90' lang='grc' dir='ltr'>ὁ</span> <span class='ocrx_word' id='word_1_533' title='bbox 3189 4012 3479 4080; x_wconf 71' lang='grc' dir='ltr'>φιλόσοφος</span> <span class='ocrx_word' id='word_1_534' title='bbox 3523 4014 3704 4067; x_wconf 77' lang='grc' dir='ltr'>οὑτοσὶ</span> 
     </span>
    </p>
   </div>
   <div class='ocr_carea' id='block_1_70' title="bbox 2131 4103 3702 4174">
    <p class='ocr_par' dir='ltr' id='par_1_70' title="bbox 2131 4103 3702 4174">
     <span class='ocr_line' id='line_1_70' title="bbox 2131 4103 3702 4174; baseline -0.008 -13"><span class='ocrx_word' id='word_1_535' title='bbox 2131 4105 2225 4161; x_wconf 73' lang='grc' dir='ltr'>καὶ</span> <span class='ocrx_word' id='word_1_536' title='bbox 2267 4105 2606 4167; x_wconf 80' lang='grc' dir='ltr'>διαλεκτικὸς</span> <span class='ocrx_word' id='word_1_537' title='bbox 2648 4108 2706 4157; x_wconf 82' lang='grc' dir='ltr'>ὲν</span> <span class='ocrx_word' id='word_1_538' title='bbox 2739 4103 2976 4167; x_wconf 87' lang='grc' dir='ltr'>ἐκείναις</span> <span class='ocrx_word' id='word_1_539' title='bbox 3008 4105 3126 4166; x_wconf 86' lang='grc' dir='ltr'>ταῖς</span> <span class='ocrx_word' id='word_1_540' title='bbox 3160 4103 3448 4173; x_wconf 82' lang='grc' dir='ltr'>λοιδορίαις</span> <span class='ocrx_word' id='word_1_541' title='bbox 3492 4107 3702 4174; x_wconf 84' lang='grc' dir='ltr'>προφέ-</span> 
     </span>
    </p>
   </div>
   <div class='ocr_carea' id='block_1_71' title="bbox 2135 4196 3707 4270">
    <p class='ocr_par' dir='ltr' id='par_1_71' title="bbox 2135 4196 3707 4270">
     <span class='ocr_line' id='line_1_71' title="bbox 2135 4196 3707 4270; baseline -0.002 -19"><span class='ocrx_word' id='word_1_542' title='bbox 2135 4214 2240 4270; x_wconf 89' lang='grc' dir='ltr'>ρει,</span> <span class='ocrx_word' id='word_1_543' title='bbox 2271 4199 2330 4252; x_wconf 84' lang='grc' dir='ltr'>τὺ</span> <span class='ocrx_word' id='word_1_544' title='bbox 2362 4198 2497 4268; x_wconf 84' lang='grc' dir='ltr'>μηδέ</span> <span class='ocrx_word' id='word_1_545' title='bbox 2523 4196 2996 4267; x_wconf 81' lang='grc' dir='ltr'>ἐπεξεργάσασθαί</span> <span class='ocrx_word' id='word_1_546' title='bbox 3030 4214 3197 4267; x_wconf 88' lang='grc' dir='ltr'>φημι,</span> <span class='ocrx_word' id='word_1_547' title='bbox 3230 4197 3366 4268; x_wconf 80' lang='grc' dir='ltr'>μηδὲ</span> <span class='ocrx_word' id='word_1_548' title='bbox 3399 4197 3707 4264; x_wconf 84' lang='grc' dir='ltr'>συλλογίζε-</span> 
     </span>
    </p>
   </div>
   <div class='ocr_carea' id='block_1_72' title="bbox 2137 4287 3700 4359">
    <p class='ocr_par' dir='ltr' id='par_1_72' title="bbox 2137 4287 3700 4359">
     <span class='ocr_line' id='line_1_72' title="bbox 2137 4287 3700 4359; baseline 0.003 -21"><span class='ocrx_word' id='word_1_549' title='bbox 2137 4287 2281 4353; x_wconf 84' lang='grc' dir='ltr'>σθαι,</span> <span class='ocrx_word' id='word_1_550' title='bbox 2346 4287 2480 4357; x_wconf 82' lang='grc' dir='ltr'>μηδὲ</span> <span class='ocrx_word' id='word_1_551' title='bbox 2533 4287 2964 4352; x_wconf 77' lang='grc' dir='ltr'>κατασκευάζειν</span> <span class='ocrx_word' id='word_1_552' title='bbox 3007 4287 3206 4340; x_wconf 76' lang='grc' dir='ltr'>εἰδέναι</span> <span class='ocrx_word' id='word_1_553' title='bbox 3249 4288 3317 4342; x_wconf 84' lang='grc' dir='ltr'>τά</span> <span class='ocrx_word' id='word_1_554' title='bbox 3347 4291 3700 4359; x_wconf 80' lang='grc' dir='ltr'>προτεθέντα,</span> 
     </span>
    </p>
   </div>
   <div class='ocr_carea' id='block_1_73' title="bbox 2133 4378 3704 4450">
    <p class='ocr_par' dir='ltr' id='par_1_73' title="bbox 2133 4378 3704 4450">
     <span class='ocr_line' id='line_1_73' title="bbox 2133 4378 3704 4450; baseline 0.001 -18"><span class='ocrx_word' id='word_1_555' title='bbox 2133 4378 2248 4432; x_wconf 84' lang='grc' dir='ltr'>ἀλλ’</span> <span class='ocrx_word' id='word_1_556' title='bbox 2305 4379 2468 4448; x_wconf 71' lang='grc' dir='ltr'>ἕτερα</span> <span class='ocrx_word' id='word_1_557' title='bbox 2522 4378 2640 4448; x_wconf 83' lang='grc' dir='ltr'>μὲν,</span> <span class='ocrx_word' id='word_1_558' title='bbox 2691 4379 2766 4442; x_wconf 86' lang='grc' dir='ltr'>ώς</span> <span class='ocrx_word' id='word_1_559' title='bbox 2809 4378 3015 4441; x_wconf 86' lang='grc' dir='ltr'>ἐκεῖνός</span> <span class='ocrx_word' id='word_1_560' title='bbox 3063 4393 3218 4448; x_wconf 82' lang='grc' dir='ltr'>φησι,</span> <span class='ocrx_word' id='word_1_561' title='bbox 3256 4379 3355 4443; x_wconf 84' lang='grc' dir='ltr'>τάς</span> <span class='ocrx_word' id='word_1_562' title='bbox 3409 4381 3704 4450; x_wconf 81' lang='grc' dir='ltr'>προτάσεις</span> 
     </span>
    </p>
   </div>
   <div class='ocr_carea' id='block_1_74' title="bbox 2139 4469 3702 4541">
    <p class='ocr_par' dir='ltr' id='par_1_74' title="bbox 2139 4469 3702 4541">
     <span class='ocr_line' id='line_1_74' title="bbox 2139 4469 3702 4541; baseline 0.003 -20"><span class='ocrx_word' id='word_1_563' title='bbox 2139 4471 2292 4541; x_wconf 78' lang='grc' dir='ltr'>ἡμῶν</span> <span class='ocrx_word' id='word_1_564' title='bbox 2319 4471 2578 4538; x_wconf 82' lang='grc' dir='ltr'>είσάγειν,</span> <span class='ocrx_word' id='word_1_565' title='bbox 2605 4469 2782 4533; x_wconf 82' lang='grc' dir='ltr'>άλλως</span> <span class='ocrx_word' id='word_1_566' title='bbox 2805 4469 2862 4523; x_wconf 84' lang='grc' dir='ltr'>δὲ</span> <span class='ocrx_word' id='word_1_567' title='bbox 2890 4469 3280 4539; x_wconf 81' lang='grc' dir='ltr'>συμπεραίνειν</span> <span class='ocrx_word' id='word_1_568' title='bbox 3310 4470 3400 4523; x_wconf 78' lang='grc' dir='ltr'>ὑπ’</span> <span class='ocrx_word' id='word_1_569' title='bbox 3426 4470 3662 4540; x_wconf 71' lang='grc' dir='ltr'>ἀμαθίας</span> <span class='ocrx_word' id='word_1_570' title='bbox 3688 4488 3702 4503; x_wconf 86' lang='lat'><strong>&#39;</strong></span> 
     </span>
    </p>
   </div>
   <div class='ocr_carea' id='block_1_75' title="bbox 461 4546 3699 4635">
    <p class='ocr_par' dir='ltr' id='par_1_75' title="bbox 461 4546 3699 4635">
     <span class='ocr_line' id='line_1_75' title="bbox 461 4546 3699 4635; baseline 0 -22"><span class='ocrx_word' id='word_1_571' title='bbox 461 4563 520 4613; x_wconf 75' lang='grc' dir='ltr'>τὸ</span> <span class='ocrx_word' id='word_1_572' title='bbox 551 4560 820 4630; x_wconf 87' lang='grc' dir='ltr'>τοσαύτην</span> <span class='ocrx_word' id='word_1_573' title='bbox 859 4562 1084 4626; x_wconf 81' lang='grc' dir='ltr'>ἀταξίαν</span> <span class='ocrx_word' id='word_1_574' title='bbox 1125 4564 1217 4615; x_wconf 78' lang='grc' dir='ltr'>καὶ</span> <span class='ocrx_word' id='word_1_575' title='bbox 1245 4563 1506 4632; x_wconf 86' lang='grc' dir='ltr'>σύγχυσιν</span> <span class='ocrx_word' id='word_1_576' title='bbox 1550 4563 1744 4631; x_wconf 87' lang='grc' dir='ltr'>λόγων,</span> <span class='ocrx_word' id='word_1_577' title='bbox 1777 4569 1873 4618; x_wconf 78' lang='grc' dir='ltr'>καὶ</span> <span class='ocrx_word' id='word_1_578' title='bbox 1898 4566 2030 4635; x_wconf 77' lang='grc' dir='ltr'>ψεύ-</span> <span class='ocrx_word' id='word_1_579' title='bbox 2051 4546 2107 4628; x_wconf 76' lang='grc' dir='ltr'>’ῃ</span> <span class='ocrx_word' id='word_1_580' title='bbox 2139 4563 2273 4632; x_wconf 80' lang='grc' dir='ltr'>μηδὲ</span> <span class='ocrx_word' id='word_1_581' title='bbox 2300 4561 2431 4614; x_wconf 78' lang='grc' dir='ltr'>αὐτὸ</span> <span class='ocrx_word' id='word_1_582' title='bbox 2461 4561 2616 4614; x_wconf 86' lang='grc' dir='ltr'>τοῦτο</span> <span class='ocrx_word' id='word_1_583' title='bbox 2645 4560 2941 4628; x_wconf 84' lang='grc' dir='ltr'>δυνάμενος</span> <span class='ocrx_word' id='word_1_584' title='bbox 2983 4559 3235 4622; x_wconf 82' lang='grc' dir='ltr'>συνιδεῖν,</span> <span class='ocrx_word' id='word_1_585' title='bbox 3264 4558 3296 4629; x_wconf 76' lang='grc' dir='ltr'>ἢ</span> <span class='ocrx_word' id='word_1_586' title='bbox 3329 4561 3423 4612; x_wconf 76' lang='grc' dir='ltr'>καὶ</span> <span class='ocrx_word' id='word_1_587' title='bbox 3455 4577 3699 4627; x_wconf 79' lang='grc' dir='ltr'>κακουρο</span> 
     </span>
    </p>
   </div>
   <div class='ocr_carea' id='block_1_76' title="bbox 404 4649 2034 4724">
    <p class='ocr_par' dir='ltr' id='par_1_76' title="bbox 404 4649 2034 4724">
     <span class='ocr_line' id='line_1_76' title="bbox 404 4649 2034 4724; baseline 0.002 -21"><span class='ocrx_word' id='word_1_588' title='bbox 404 4650 414 4657; x_wconf 88' lang='grc'><em>’</em></span> <span class='ocrx_word' id='word_1_589' title='bbox 460 4649 607 4716; x_wconf 79' lang='grc' dir='ltr'>δους,</span> <span class='ocrx_word' id='word_1_590' title='bbox 636 4650 731 4703; x_wconf 78' lang='grc' dir='ltr'>καὶ</span> <span class='ocrx_word' id='word_1_591' title='bbox 753 4651 1112 4719; x_wconf 85' lang='grc' dir='ltr'>συκοφαντίας</span> <span class='ocrx_word' id='word_1_592' title='bbox 1145 4651 1309 4720; x_wconf 70' lang='grc' dir='ltr'>ἐσμδν</span> <span class='ocrx_word' id='word_1_593' title='bbox 1341 4653 1513 4716; x_wconf 78' lang='grc' dir='ltr'>οὕτως</span> <span class='ocrx_word' id='word_1_594' title='bbox 1537 4653 1751 4724; x_wconf 86' lang='grc' dir='ltr'>ἀναιδῆ,</span> <span class='ocrx_word' id='word_1_595' title='bbox 1779 4654 1874 4708; x_wconf 76' lang='grc' dir='ltr'>καὶ</span> <span class='ocrx_word' id='word_1_596' title='bbox 1908 4670 2034 4706; x_wconf 76' lang='grc' dir='ltr'>συν-ι</span> 
     </span>
    </p>
   </div>
   <div class='ocr_carea' id='block_1_77' title="bbox 461 4740 2034 4813">
    <p class='ocr_par' dir='ltr' id='par_1_77' title="bbox 461 4740 2034 4813">
     <span class='ocr_line' id='line_1_77' title="bbox 461 4740 2034 4813; baseline 0.003 -20"><span class='ocrx_word' id='word_1_597' title='bbox 461 4741 558 4810; x_wconf 82' lang='grc' dir='ltr'>εχῆ</span> <span class='ocrx_word' id='word_1_598' title='bbox 583 4780 599 4805; x_wconf 91' lang='grc'>,</span> <span class='ocrx_word' id='word_1_599' title='bbox 648 4741 740 4795; x_wconf 75' lang='grc' dir='ltr'>καὶ</span> <span class='ocrx_word' id='word_1_600' title='bbox 786 4741 1123 4810; x_wconf 83' lang='grc' dir='ltr'>ἐπάλληλον,</span> <span class='ocrx_word' id='word_1_601' title='bbox 1185 4740 1253 4794; x_wconf 77' lang='grc' dir='ltr'>τὸ.</span> <span class='ocrx_word' id='word_1_602' title='bbox 1299 4743 1406 4813; x_wconf 86' lang='grc' dir='ltr'>γὰρ</span> <span class='ocrx_word' id='word_1_603' title='bbox 1458 4743 1565 4794; x_wconf 85' lang='grc' dir='ltr'>τῶν</span> <span class='ocrx_word' id='word_1_604' title='bbox 1607 4743 1886 4812; x_wconf 86' lang='grc' dir='ltr'>λοιδοριῶν</span> <span class='ocrx_word' id='word_1_605' title='bbox 1939 4746 2034 4800; x_wconf 74' lang='grc' dir='ltr'>καὶ</span> 
     </span>
    </p>
   </div>
   <div class='ocr_carea' id='block_1_78' title="bbox 462 4829 2034 4906">
    <p class='ocr_par' dir='ltr' id='par_1_78' title="bbox 462 4829 2034 4906">
     <span class='ocr_line' id='line_1_78' title="bbox 462 4829 2034 4906; baseline 0.005 -26"><span class='ocrx_word' id='word_1_606' title='bbox 462 4829 568 4880; x_wconf 77' lang='grc' dir='ltr'>τῶν</span> <span class='ocrx_word' id='word_1_607' title='bbox 605 4829 816 4898; x_wconf 74' lang='grc' dir='ltr'>ὕϐρεων</span> <span class='ocrx_word' id='word_1_608' title='bbox 840 4829 1066 4900; x_wconf 86' lang='grc' dir='ltr'>αίσχρόν</span> <span class='ocrx_word' id='word_1_609' title='bbox 1094 4846 1153 4882; x_wconf 90' lang='grc' dir='ltr'>τε</span> <span class='ocrx_word' id='word_1_610' title='bbox 1175 4831 1268 4883; x_wconf 74' lang='grc' dir='ltr'>καὶ</span> <span class='ocrx_word' id='word_1_611' title='bbox 1306 4831 1562 4900; x_wconf 84' lang='grc' dir='ltr'>ἀκρατὲς,</span> <span class='ocrx_word' id='word_1_612' title='bbox 1586 4833 1680 4884; x_wconf 73' lang='grc' dir='ltr'>καὶ</span> <span class='ocrx_word' id='word_1_613' title='bbox 1707 4833 1895 4906; x_wconf 83' lang='grc' dir='ltr'>ὥσπερ</span> <span class='ocrx_word' id='word_1_614' title='bbox 1929 4835 2034 4889; x_wconf 81' lang='grc' dir='ltr'>ὑπὸ</span> 
     </span>
    </p>
   </div>
   <div class='ocr_carea' id='block_1_79' title="bbox 460 4921 2035 4997">
    <p class='ocr_par' dir='ltr' id='par_1_79' title="bbox 460 4921 2035 4997">
     <span class='ocr_line' id='line_1_79' title="bbox 460 4921 2035 4997; baseline 0.004 -25"><span class='ocrx_word' id='word_1_615' title='bbox 460 4921 783 4990; x_wconf 79' lang='grc' dir='ltr'>δαιμονικῆς</span> <span class='ocrx_word' id='word_1_616' title='bbox 809 4939 954 4984; x_wconf 88' lang='grc' dir='ltr'>τινος</span> <span class='ocrx_word' id='word_1_617' title='bbox 977 4923 1260 4992; x_wconf 85' lang='grc' dir='ltr'>ἐνεργείας</span> <span class='ocrx_word' id='word_1_618' title='bbox 1281 4922 1802 4993; x_wconf 83' lang='grc' dir='ltr'>ἐκϐεϐακχευμένον,</span> <span class='ocrx_word' id='word_1_619' title='bbox 1823 4926 1916 4981; x_wconf 66' lang='grc' dir='ltr'>καὶ</span> <span class='ocrx_word' id='word_1_620' title='bbox 1935 4944 2035 4997; x_wconf 81' lang='grc' dir='ltr'>με·</span> 
     </span>
    </p>
   </div>
   <div class='ocr_carea' id='block_1_80' title="bbox 467 5011 2035 5087">
    <p class='ocr_par' dir='ltr' id='par_1_80' title="bbox 467 5011 2035 5087">
     <span class='ocr_line' id='line_1_80' title="bbox 467 5011 2035 5087; baseline 0.004 -25"><span class='ocrx_word' id='word_1_621' title='bbox 467 5011 631 5079; x_wconf 82' lang='grc' dir='ltr'>μηνὸς</span> <span class='ocrx_word' id='word_1_622' title='bbox 669 5013 838 5083; x_wconf 88' lang='grc' dir='ltr'>παρίη</span> <span class='ocrx_word' id='word_1_623' title='bbox 850 5031 907 5081; x_wconf 88' lang='grc' dir='ltr'>μι</span> <span class='ocrx_word' id='word_1_624' title='bbox 939 5014 1117 5082; x_wconf 83' lang='grc' dir='ltr'>λέγειν</span> <span class='ocrx_word' id='word_1_625' title='bbox 1141 5015 1257 5081; x_wconf 86' lang='grc' dir='ltr'>νῦν,</span> <span class='ocrx_word' id='word_1_626' title='bbox 1283 5014 1342 5067; x_wconf 77' lang='grc' dir='ltr'>τὺ</span> <span class='ocrx_word' id='word_1_627' title='bbox 1363 5013 1492 5081; x_wconf 90' lang='grc' dir='ltr'>γοῦν</span> <span class='ocrx_word' id='word_1_628' title='bbox 1518 5015 1704 5070; x_wconf 84' lang='grc' dir='ltr'>ἐκεῖνα</span> <span class='ocrx_word' id='word_1_629' title='bbox 1727 5018 1860 5087; x_wconf 81' lang='grc' dir='ltr'>πρὸς</span> <span class='ocrx_word' id='word_1_630' title='bbox 1883 5019 2035 5085; x_wconf 77' lang='grc' dir='ltr'>τάξιν</span> 
     </span>
    </p>
   </div>
   <div class='ocr_carea' id='block_1_81' title="bbox 463 5103 2033 5177">
    <p class='ocr_par' dir='ltr' id='par_1_81' title="bbox 463 5103 2033 5177">
     <span class='ocr_line' id='line_1_81' title="bbox 463 5103 2033 5177; baseline 0.008 -25"><span class='ocrx_word' id='word_1_631' title='bbox 463 5103 585 5155; x_wconf 76' lang='grc' dir='ltr'>τινὰ</span> <span class='ocrx_word' id='word_1_632' title='bbox 621 5105 713 5156; x_wconf 72' lang='grc' dir='ltr'>καὶ</span> <span class='ocrx_word' id='word_1_633' title='bbox 766 5103 1089 5158; x_wconf 86' lang='grc' dir='ltr'>ἀκολουθίαν</span> <span class='ocrx_word' id='word_1_634' title='bbox 1114 5105 1193 5176; x_wconf 82' lang='grc' dir='ltr'>τῷ</span> <span class='ocrx_word' id='word_1_635' title='bbox 1228 5105 1371 5175; x_wconf 85' lang='grc' dir='ltr'>λόγῳ</span> <span class='ocrx_word' id='word_1_636' title='bbox 1402 5110 1773 5177; x_wconf 85' lang='grc' dir='ltr'>μετενεγκεῖν,</span> <span class='ocrx_word' id='word_1_637' title='bbox 1803 5112 1896 5164; x_wconf 79' lang='grc' dir='ltr'>καὶ</span> <span class='ocrx_word' id='word_1_638' title='bbox 1923 5110 2033 5164; x_wconf 84' lang='grc' dir='ltr'>τίσι</span> 
     </span>
    </p>
   </div>
   <div class='ocr_carea' id='block_1_82' title="bbox 467 5194 2034 5273">
    <p class='ocr_par' dir='ltr' id='par_1_82' title="bbox 467 5194 2034 5273">
     <span class='ocr_line' id='line_1_82' title="bbox 467 5194 2034 5273; baseline 0.004 -25"><span class='ocrx_word' id='word_1_639' title='bbox 467 5197 858 5262; x_wconf 28' lang='grc' dir='ltr'>μὲννάντειπείν</span> <span class='ocrx_word' id='word_1_640' title='bbox 878 5198 1079 5267; x_wconf 85' lang='grc' dir='ltr'>εὑρεῖν,</span> <span class='ocrx_word' id='word_1_641' title='bbox 1107 5196 1182 5260; x_wconf 85' lang='grc' dir='ltr'>ὡς</span> <span class='ocrx_word' id='word_1_642' title='bbox 1203 5198 1380 5266; x_wconf 86' lang='grc' dir='ltr'>λέγειν</span> <span class='ocrx_word' id='word_1_643' title='bbox 1408 5214 1484 5265; x_wconf 89' lang='grc' dir='ltr'>τι,</span> <span class='ocrx_word' id='word_1_644' title='bbox 1501 5199 1596 5252; x_wconf 72' lang='grc' dir='ltr'>καὶ</span> <span class='ocrx_word' id='word_1_645' title='bbox 1620 5194 1920 5268; x_wconf 81' lang='grc' dir='ltr'>ἀντιλέγειν</span> <span class='ocrx_word' id='word_1_646' title='bbox 1960 5200 2034 5273; x_wconf 82' lang='grc' dir='ltr'>τῷ</span> 
     </span>
    </p>
   </div>
   <div class='ocr_carea' id='block_1_83' title="bbox 463 5288 2038 5358">
    <p class='ocr_par' dir='ltr' id='par_1_83' title="bbox 463 5288 2038 5358">
     <span class='ocr_line' id='line_1_83' title="bbox 463 5288 2038 5358; baseline 0.004 -19"><span class='ocrx_word' id='word_1_647' title='bbox 463 5289 565 5355; x_wconf 81' lang='grc' dir='ltr'>τῆς</span> <span class='ocrx_word' id='word_1_648' title='bbox 596 5289 852 5357; x_wconf 85' lang='grc' dir='ltr'>ἀληθείας</span> <span class='ocrx_word' id='word_1_649' title='bbox 889 5288 1240 5358; x_wconf 80' lang='grc' dir='ltr'>ὁπωσδήποτε</span> <span class='ocrx_word' id='word_1_650' title='bbox 1271 5289 1414 5357; x_wconf 82' lang='grc' dir='ltr'>λόγῳ</span> <span class='ocrx_word' id='word_1_651' title='bbox 1438 5289 1684 5356; x_wconf 84' lang='grc' dir='ltr'>δοκοῦσι,</span> <span class='ocrx_word' id='word_1_652' title='bbox 1717 5291 1836 5344; x_wconf 88' lang='grc' dir='ltr'>τίνα</span> <span class='ocrx_word' id='word_1_653' title='bbox 1867 5292 1912 5345; x_wconf 89' lang='grc' dir='ltr'>δ’</span> <span class='ocrx_word' id='word_1_654' title='bbox 1943 5294 2038 5346; x_wconf 83' lang='grc' dir='ltr'>ἐκ-</span> 
     </span>
    </p>
   </div>
   <div class='ocr_carea' id='block_1_84' title="bbox 467 5380 2036 5453">
    <p class='ocr_par' dir='ltr' id='par_1_84' title="bbox 467 5380 2036 5453">
     <span class='ocr_line' id='line_1_84' title="bbox 467 5380 2036 5453; baseline 0.003 -20"><span class='ocrx_word' id='word_1_655' title='bbox 467 5381 677 5450; x_wconf 78' lang='grc' dir='ltr'>πέμψαι</span> <span class='ocrx_word' id='word_1_656' title='bbox 692 5381 780 5433; x_wconf 86' lang='grc' dir='ltr'>τοῦ</span> <span class='ocrx_word' id='word_1_657' title='bbox 796 5380 1013 5449; x_wconf 76' lang='grc' dir='ltr'>λογικοῦ</span> <span class='ocrx_word' id='word_1_658' title='bbox 1028 5380 1244 5435; x_wconf 84' lang='grc' dir='ltr'>τουτουῖ</span> <span class='ocrx_word' id='word_1_659' title='bbox 1255 5381 1472 5436; x_wconf 83' lang='grc' dir='ltr'>σταδίου</span> <span class='ocrx_word' id='word_1_660' title='bbox 1492 5401 1544 5435; x_wconf 82' lang='grc' dir='ltr'>τε</span> <span class='ocrx_word' id='word_1_661' title='bbox 1567 5385 1661 5435; x_wconf 71' lang='grc' dir='ltr'>καὶ</span> <span class='ocrx_word' id='word_1_662' title='bbox 1683 5384 1778 5453; x_wconf 80' lang='grc' dir='ltr'>τῆς</span> <span class='ocrx_word' id='word_1_663' title='bbox 1800 5384 2036 5453; x_wconf 84' lang='grc' dir='ltr'>ἀγωνίας</span> 
     </span>
    </p>
   </div>
   <div class='ocr_carea' id='block_1_85' title="bbox 470 5472 2036 5544">
    <p class='ocr_par' dir='ltr' id='par_1_85' title="bbox 470 5472 2036 5544">
     <span class='ocr_line' id='line_1_85' title="bbox 470 5472 2036 5544; baseline 0.002 -20"><span class='ocrx_word' id='word_1_664' title='bbox 470 5473 955 5544; x_wconf 60' lang='grc' dir='ltr'>μύρῳχρίσαιιτας,</span> <span class='ocrx_word' id='word_1_665' title='bbox 971 5472 1375 5542; x_wconf 66' lang='grc' dir='ltr'>καλξστέψαντας</span> <span class='ocrx_word' id='word_1_666' title='bbox 1394 5473 1522 5544; x_wconf 81' lang='grc' dir='ltr'>ἐρίῳ</span> <span class='ocrx_word' id='word_1_667' title='bbox 1541 5475 1680 5528; x_wconf 80' lang='grc' dir='ltr'>κατά</span> <span class='ocrx_word' id='word_1_668' title='bbox 1695 5474 1783 5526; x_wconf 84' lang='grc' dir='ltr'>τὸν</span> <span class='ocrx_word' id='word_1_669' title='bbox 1797 5475 2036 5541; x_wconf 73' lang='grc' dir='ltr'>εἰπόντα,</span> 
     </span>
    </p>
   </div>
   <div class='ocr_carea' id='block_1_86' title="bbox 467 5562 2038 5633">
    <p class='ocr_par' dir='ltr' id='par_1_86' title="bbox 467 5562 2038 5633">
     <span class='ocr_line' id='line_1_86' title="bbox 467 5562 2038 5633; baseline 0.003 -21"><span class='ocrx_word' id='word_1_670' title='bbox 467 5564 585 5624; x_wconf 86' lang='grc' dir='ltr'>πῶς</span> <span class='ocrx_word' id='word_1_671' title='bbox 636 5563 694 5613; x_wconf 91' lang='grc' dir='ltr'>ού</span> <span class='ocrx_word' id='word_1_672' title='bbox 734 5562 966 5632; x_wconf 73' lang='grc' dir='ltr'>χαλεπόν</span> <span class='ocrx_word' id='word_1_673' title='bbox 995 5580 1044 5614; x_wconf 92' lang='grc' dir='ltr'>τι</span> <span class='ocrx_word' id='word_1_674' title='bbox 1077 5563 1173 5614; x_wconf 77' lang='grc' dir='ltr'>καὶ</span> <span class='ocrx_word' id='word_1_675' title='bbox 1223 5563 1415 5632; x_wconf 84' lang='grc' dir='ltr'>βίαιον,</span> <span class='ocrx_word' id='word_1_676' title='bbox 1445 5565 1542 5615; x_wconf 72' lang='grc' dir='ltr'>καὶ</span> <span class='ocrx_word' id='word_1_677' title='bbox 1586 5562 1831 5633; x_wconf 70' lang='grc' dir='ltr'>πορθμὸς</span> <span class='ocrx_word' id='word_1_678' title='bbox 1876 5565 2038 5616; x_wconf 83' lang='grc' dir='ltr'>Σικε-</span> 
     </span>
    </p>
   </div>
   <div class='ocr_carea' id='block_1_87' title="bbox 468 5652 2048 5724">
    <p class='ocr_par' dir='ltr' id='par_1_87' title="bbox 468 5652 2048 5724">
     <span class='ocr_line' id='line_1_87' title="bbox 468 5652 2048 5724; baseline 0.001 -18"><span class='ocrx_word' id='word_1_679' title='bbox 468 5652 589 5716; x_wconf 87' lang='grc' dir='ltr'>λίας</span> <span class='ocrx_word' id='word_1_680' title='bbox 612 5654 874 5722; x_wconf 75' lang='grc' dir='ltr'>ἄντικρυς</span> <span class='ocrx_word' id='word_1_681' title='bbox 897 5669 912 5720; x_wconf 89' lang='grc'><strong>;</strong></span> <span class='ocrx_word' id='word_1_682' title='bbox 946 5652 1036 5706; x_wconf 83' lang='grc' dir='ltr'>Διὸ</span> <span class='ocrx_word' id='word_1_683' title='bbox 1067 5654 1161 5707; x_wconf 78' lang='grc' dir='ltr'>καὶ</span> <span class='ocrx_word' id='word_1_684' title='bbox 1184 5654 1292 5708; x_wconf 88' lang='grc' dir='ltr'>τῶν</span> <span class='ocrx_word' id='word_1_685' title='bbox 1324 5654 1554 5724; x_wconf 85' lang='grc' dir='ltr'>μακρῶν</span> <span class='ocrx_word' id='word_1_686' title='bbox 1577 5655 1797 5708; x_wconf 81' lang='grc' dir='ltr'>ἐκείνων</span> <span class='ocrx_word' id='word_1_687' title='bbox 1820 5655 2048 5724; x_wconf 85' lang='grc' dir='ltr'>δρόμων</span> 
     </span>
    </p>
   </div>
   <div class='ocr_carea' id='block_1_88' title="bbox 472 5743 2038 5817">
    <p class='ocr_par' dir='ltr' id='par_1_88' title="bbox 472 5743 2038 5817">
     <span class='ocr_line' id='line_1_88' title="bbox 472 5743 2038 5817; baseline 0.011 -18"><span class='ocrx_word' id='word_1_688' title='bbox 472 5747 566 5799; x_wconf 71' lang='grc' dir='ltr'>καὶ</span> <span class='ocrx_word' id='word_1_689' title='bbox 599 5743 964 5814; x_wconf 81' lang='grc' dir='ltr'>περιδρόμων,</span> <span class='ocrx_word' id='word_1_690' title='bbox 989 5744 1084 5798; x_wconf 78' lang='grc' dir='ltr'>καὶ</span> <span class='ocrx_word' id='word_1_691' title='bbox 1108 5745 1204 5815; x_wconf 78' lang='grc' dir='ltr'>τῆς</span> <span class='ocrx_word' id='word_1_692' title='bbox 1235 5746 1435 5816; x_wconf 78' lang='grc' dir='ltr'>συχνῆς</span> <span class='ocrx_word' id='word_1_693' title='bbox 1461 5745 1721 5815; x_wconf 79' lang='grc' dir='ltr'>ἀφέμενοι</span> <span class='ocrx_word' id='word_1_694' title='bbox 1746 5749 2038 5817; x_wconf 69' lang='grc' dir='ltr'>φλυαρίας»</span> 
     </span>
    </p>
   </div>
   <div class='ocr_carea' id='block_1_89' title="bbox 472 5833 2032 5909">
    <p class='ocr_par' dir='ltr' id='par_1_89' title="bbox 472 5833 2032 5909">
     <span class='ocr_line' id='line_1_89' title="bbox 472 5833 2032 5909; baseline 0.003 -21"><span class='ocrx_word' id='word_1_695' title='bbox 472 5836 564 5888; x_wconf 78' lang='grc' dir='ltr'>ἐπὶ</span> <span class='ocrx_word' id='word_1_696' title='bbox 594 5835 918 5902; x_wconf 79' lang='grc' dir='ltr'>τάναγκαῖα,</span> <span class='ocrx_word' id='word_1_697' title='bbox 941 5838 1169 5890; x_wconf 73' lang='grc' dir='ltr'>καθόσον</span> <span class='ocrx_word' id='word_1_698' title='bbox 1193 5833 1401 5909; x_wconf 77' lang='grc' dir='ltr'>οἷόντε,</span> <span class='ocrx_word' id='word_1_699' title='bbox 1434 5838 1524 5891; x_wconf 72' lang='grc' dir='ltr'>τὺν</span> <span class='ocrx_word' id='word_1_700' title='bbox 1545 5837 1702 5906; x_wconf 91' lang='grc' dir='ltr'>λόγον</span> <span class='ocrx_word' id='word_1_701' title='bbox 1723 5837 2032 5909; x_wconf 65' lang='grc' dir='ltr'>τρέφωμεν.</span> 
     </span>
    </p>
   </div>
   <div class='ocr_carea' id='block_1_90' title="bbox 2137 4648 3701 4720">
    <p class='ocr_par' dir='ltr' id='par_1_90' title="bbox 2137 4648 3701 4720">
     <span class='ocr_line' id='line_1_90' title="bbox 2137 4648 3701 4720; baseline -0.002 -16"><span class='ocrx_word' id='word_1_702' title='bbox 2137 4651 2250 4720; x_wconf 85' lang='grc' dir='ltr'>γῶν</span> <span class='ocrx_word' id='word_1_703' title='bbox 2303 4651 2499 4715; x_wconf 76' lang='grc' dir='ltr'>ἑκοντὶ,</span> <span class='ocrx_word' id='word_1_704' title='bbox 2533 4651 2631 4704; x_wconf 71' lang='grc' dir='ltr'>καὶ</span> <span class='ocrx_word' id='word_1_705' title='bbox 2674 4649 3037 4720; x_wconf 85' lang='grc' dir='ltr'>διαστρέφων,</span> <span class='ocrx_word' id='word_1_706' title='bbox 3073 4649 3150 4712; x_wconf 89' lang='grc' dir='ltr'>ώς</span> <span class='ocrx_word' id='word_1_707' title='bbox 3203 4648 3264 4701; x_wconf 78' lang='grc' dir='ltr'>οὗ</span> <span class='ocrx_word' id='word_1_708' title='bbox 3315 4649 3701 4719; x_wconf 78' lang='grc' dir='ltr'>λογογραφεῖν,</span> 
     </span>
    </p>
   </div>
   <div class='ocr_carea' id='block_1_91' title="bbox 2135 4738 3700 4810">
    <p class='ocr_par' dir='ltr' id='par_1_91' title="bbox 2135 4738 3700 4810">
     <span class='ocr_line' id='line_1_91' title="bbox 2135 4738 3700 4810; baseline -0.001 -16"><span class='ocrx_word' id='word_1_709' title='bbox 2135 4742 2273 4794; x_wconf 86' lang='grc' dir='ltr'>ἀλλά</span> <span class='ocrx_word' id='word_1_710' title='bbox 2314 4744 2684 4810; x_wconf 75' lang='grc' dir='ltr'>τομογραφείν</span> <span class='ocrx_word' id='word_1_711' title='bbox 2737 4740 2935 4808; x_wconf 82' lang='grc' dir='ltr'>μᾶλλον</span> <span class='ocrx_word' id='word_1_712' title='bbox 2971 4741 3093 4792; x_wconf 82' lang='grc' dir='ltr'>τότε</span> <span class='ocrx_word' id='word_1_713' title='bbox 3134 4738 3427 4808; x_wconf 73' lang='grc' dir='ltr'>προῦκειτο</span> <span class='ocrx_word' id='word_1_714' title='bbox 3474 4743 3537 4810; x_wconf 80' lang='grc' dir='ltr'>τῇ</span> <span class='ocrx_word' id='word_1_715' title='bbox 3588 4741 3700 4793; x_wconf 85' lang='grc' dir='ltr'>τῶν</span> 
     </span>
    </p>
   </div>
   <div class='ocr_carea' id='block_1_92' title="bbox 2136 4825 3698 4902">
    <p class='ocr_par' dir='ltr' id='par_1_92' title="bbox 2136 4825 3698 4902">
     <span class='ocr_line' id='line_1_92' title="bbox 2136 4825 3698 4902; baseline -0.001 -17"><span class='ocrx_word' id='word_1_716' title='bbox 2136 4833 2396 4902; x_wconf 81' lang='grc' dir='ltr'>Πατέρων</span> <span class='ocrx_word' id='word_1_717' title='bbox 2425 4833 2643 4902; x_wconf 82' lang='grc' dir='ltr'>συνόδῳ,</span> <span class='ocrx_word' id='word_1_718' title='bbox 2673 4833 2806 4900; x_wconf 78' lang='grc' dir='ltr'>ὅπερ</span> <span class='ocrx_word' id='word_1_719' title='bbox 2831 4832 2996 4893; x_wconf 74' lang='grc' dir='ltr'>ἐστὶν,</span> <span class='ocrx_word' id='word_1_720' title='bbox 3028 4825 3205 4898; x_wconf 73' lang='grc' dir='ltr'>οἴμαι,</span> <span class='ocrx_word' id='word_1_721' title='bbox 3235 4831 3297 4883; x_wconf 80' lang='grc' dir='ltr'>τὸ</span> <span class='ocrx_word' id='word_1_722' title='bbox 3318 4834 3698 4901; x_wconf 78' lang='grc' dir='ltr'>συντετμημέ-</span> 
     </span>
    </p>
   </div>
   <div class='ocr_carea' id='block_1_93' title="bbox 2136 4918 3702 4992">
    <p class='ocr_par' dir='ltr' id='par_1_93' title="bbox 2136 4918 3702 4992">
     <span class='ocr_line' id='line_1_93' title="bbox 2136 4918 3702 4992; baseline -0.001 -18"><span class='ocrx_word' id='word_1_723' title='bbox 2136 4939 2240 4986; x_wconf 91' lang='grc' dir='ltr'>νως</span> <span class='ocrx_word' id='word_1_724' title='bbox 2273 4921 2557 4986; x_wconf 75' lang='grc' dir='ltr'>ἐκδιδόναι,</span> <span class='ocrx_word' id='word_1_725' title='bbox 2587 4925 2678 4976; x_wconf 69' lang='grc' dir='ltr'>καὶ</span> <span class='ocrx_word' id='word_1_726' title='bbox 2703 4918 2814 4975; x_wconf 79' lang='grc' dir='ltr'>οἷον</span> <span class='ocrx_word' id='word_1_727' title='bbox 2841 4920 3114 4990; x_wconf 80' lang='grc' dir='ltr'>ὁρίζεσθαι</span> <span class='ocrx_word' id='word_1_728' title='bbox 3137 4922 3205 4974; x_wconf 65' lang='grc' dir='ltr'>τὰ</span> <span class='ocrx_word' id='word_1_729' title='bbox 3229 4922 3317 4974; x_wconf 75' lang='grc' dir='ltr'>διὰ</span> <span class='ocrx_word' id='word_1_730' title='bbox 3349 4922 3576 4992; x_wconf 85' lang='grc' dir='ltr'>μακρῶν</span> <span class='ocrx_word' id='word_1_731' title='bbox 3608 4921 3702 4973; x_wconf 70' lang='grc' dir='ltr'>λα-</span> 
     </span>
    </p>
   </div>
   <div class='ocr_carea' id='block_1_94' title="bbox 2136 5013 3108 5085">
    <p class='ocr_par' dir='ltr' id='par_1_94' title="bbox 2136 5013 3108 5085">
     <span class='ocr_line' id='line_1_94' title="bbox 2136 5013 3108 5085; baseline 0.001 -18"><span class='ocrx_word' id='word_1_732' title='bbox 2136 5014 2368 5085; x_wconf 84' lang='grc' dir='ltr'>ληθέντα</span> <span class='ocrx_word' id='word_1_733' title='bbox 2397 5017 2490 5068; x_wconf 76' lang='grc' dir='ltr'>καὶ</span> <span class='ocrx_word' id='word_1_734' title='bbox 2529 5015 2800 5085; x_wconf 77' lang='grc' dir='ltr'>γραφέντα</span> <span class='ocrx_word' id='word_1_735' title='bbox 2827 5013 3108 5076; x_wconf 86' lang='grc' dir='ltr'>πολλάκις.</span> 
     </span>
    </p>
   </div>
   <div class='ocr_carea' id='block_1_95' title="bbox 2208 5091 3697 5174">
    <p class='ocr_par' dir='ltr' id='par_1_95' title="bbox 2208 5091 3697 5174">
     <span class='ocr_line' id='line_1_95' title="bbox 2208 5091 3697 5174; baseline -0.003 -17"><span class='ocrx_word' id='word_1_736' title='bbox 2208 5105 2314 5158; x_wconf 77' lang='grc' dir='ltr'>Καὶ</span> <span class='ocrx_word' id='word_1_737' title='bbox 2339 5106 2385 5156; x_wconf 87' lang='grc' dir='ltr'>εί</span> <span class='ocrx_word' id='word_1_738' title='bbox 2428 5103 2630 5174; x_wconf 80' lang='grc' dir='ltr'>βούλει,</span> <span class='ocrx_word' id='word_1_739' title='bbox 2663 5091 2941 5172; x_wconf 73' lang='grc' dir='ltr'>φιλόσοφε,</span> <span class='ocrx_word' id='word_1_740' title='bbox 2970 5103 3108 5172; x_wconf 82' lang='grc' dir='ltr'>πρὸς</span> <span class='ocrx_word' id='word_1_741' title='bbox 3139 5104 3343 5156; x_wconf 74' lang='grc' dir='ltr'>ἐκεῖνον</span> <span class='ocrx_word' id='word_1_742' title='bbox 3371 5102 3436 5156; x_wconf 83' lang='grc' dir='ltr'>ἂν</span> <span class='ocrx_word' id='word_1_743' title='bbox 3466 5103 3697 5170; x_wconf 71' lang='grc' dir='ltr'>εἴποιμι,</span> 
     </span>
    </p>
   </div>
   <div class='ocr_carea' id='block_1_96' title="bbox 2137 5196 3704 5267">
    <p class='ocr_par' dir='ltr' id='par_1_96' title="bbox 2137 5196 3704 5267">
     <span class='ocr_line' id='line_1_96' title="bbox 2137 5196 3704 5267; baseline -0.003 -16"><span class='ocrx_word' id='word_1_744' title='bbox 2137 5199 2232 5252; x_wconf 73' lang='grc' dir='ltr'>καὶ</span> <span class='ocrx_word' id='word_1_745' title='bbox 2249 5199 2444 5262; x_wconf 86' lang='grc' dir='ltr'>αύτούς</span> <span class='ocrx_word' id='word_1_746' title='bbox 2477 5216 2558 5252; x_wconf 89' lang='grc' dir='ltr'>σοι</span> <span class='ocrx_word' id='word_1_747' title='bbox 2591 5197 2950 5267; x_wconf 79' lang='grc' dir='ltr'>παρελθόντες</span> <span class='ocrx_word' id='word_1_748' title='bbox 2977 5198 3098 5261; x_wconf 74' lang='grc' dir='ltr'>τοὺς</span> <span class='ocrx_word' id='word_1_749' title='bbox 3124 5197 3350 5259; x_wconf 85' lang='grc' dir='ltr'>πολλοὺς</span> <span class='ocrx_word' id='word_1_750' title='bbox 3383 5197 3476 5248; x_wconf 74' lang='grc' dir='ltr'>καὶ</span> <span class='ocrx_word' id='word_1_751' title='bbox 3507 5196 3704 5258; x_wconf 68' lang='grc' dir='ltr'>καλοὺς</span> 
     </span>
    </p>
   </div>
   <div class='ocr_carea' id='block_1_97' title="bbox 2138 5287 3704 5360">
    <p class='ocr_par' dir='ltr' id='par_1_97' title="bbox 2138 5287 3704 5360">
     <span class='ocr_line' id='line_1_97' title="bbox 2138 5287 3704 5360; baseline -0.004 -16"><span class='ocrx_word' id='word_1_752' title='bbox 2138 5291 2490 5360; x_wconf 80' lang='grc' dir='ltr'>ύποδείξομεν</span> <span class='ocrx_word' id='word_1_753' title='bbox 2539 5290 2751 5357; x_wconf 86' lang='grc' dir='ltr'>λόγους,</span> <span class='ocrx_word' id='word_1_754' title='bbox 2804 5291 2899 5343; x_wconf 75' lang='grc' dir='ltr'>καὶ</span> <span class='ocrx_word' id='word_1_755' title='bbox 2939 5293 3007 5343; x_wconf 81' lang='grc' dir='ltr'>τά</span> <span class='ocrx_word' id='word_1_756' title='bbox 3058 5288 3239 5354; x_wconf 86' lang='grc' dir='ltr'>βιϐλία</span> <span class='ocrx_word' id='word_1_757' title='bbox 3271 5289 3341 5340; x_wconf 71' lang='grc' dir='ltr'>τὰ</span> <span class='ocrx_word' id='word_1_758' title='bbox 3389 5287 3521 5356; x_wconf 61' lang='grc' dir='ltr'>πρὸς</span> <span class='ocrx_word' id='word_1_759' title='bbox 3577 5288 3704 5344; x_wconf 63' lang='grc' dir='ltr'>τοῦς</span> 
     </span>
    </p>
   </div>
   <div class='ocr_carea' id='block_1_98' title="bbox 2141 5376 3702 5452">
    <p class='ocr_par' dir='ltr' id='par_1_98' title="bbox 2141 5376 3702 5452">
     <span class='ocr_line' id='line_1_98' title="bbox 2141 5376 3702 5452; baseline -0.006 -16"><span class='ocrx_word' id='word_1_760' title='bbox 2141 5387 2268 5447; x_wconf 82' lang='grc' dir='ltr'>σοὺς</span> <span class='ocrx_word' id='word_1_761' title='bbox 2300 5385 2550 5452; x_wconf 77' lang='grc' dir='ltr'>ἑταίρους</span> <span class='ocrx_word' id='word_1_762' title='bbox 2579 5399 2630 5435; x_wconf 90' lang='grc' dir='ltr'>τε</span> <span class='ocrx_word' id='word_1_763' title='bbox 2656 5383 2751 5434; x_wconf 75' lang='grc' dir='ltr'>καὶ</span> <span class='ocrx_word' id='word_1_764' title='bbox 2778 5381 3095 5450; x_wconf 67' lang='grc' dir='ltr'>καθηγητὰς</span> <span class='ocrx_word' id='word_1_765' title='bbox 3117 5379 3217 5432; x_wconf 83' lang='grc' dir='ltr'>οὐκ</span> <span class='ocrx_word' id='word_1_766' title='bbox 3246 5376 3702 5446; x_wconf 81' lang='grc' dir='ltr'>ἀγεννῶς-συντε-</span> 
     </span>
    </p>
   </div>
   <div class='ocr_carea' id='block_1_99' title="bbox 2140 5467 3703 5541">
    <p class='ocr_par' dir='ltr' id='par_1_99' title="bbox 2140 5467 3703 5541">
     <span class='ocr_line' id='line_1_99' title="bbox 2140 5467 3703 5541; baseline -0.006 -15"><span class='ocrx_word' id='word_1_767' title='bbox 2140 5473 2300 5527; x_wconf 67' lang='grc' dir='ltr'>θέντα</span> <span class='ocrx_word' id='word_1_768' title='bbox 2331 5473 2517 5536; x_wconf 84' lang='grc' dir='ltr'>πάλαι,</span> <span class='ocrx_word' id='word_1_769' title='bbox 2552 5473 2647 5526; x_wconf 69' lang='grc' dir='ltr'>καὶ</span> <span class='ocrx_word' id='word_1_770' title='bbox 2677 5473 2821 5541; x_wconf 68' lang='grc' dir='ltr'>ὄψει,</span> <span class='ocrx_word' id='word_1_771' title='bbox 2857 5478 2949 5524; x_wconf 76' lang='grc' dir='ltr'>καὶ</span> <span class='ocrx_word' id='word_1_772' title='bbox 3000 5471 3254 5530; x_wconf 81' lang='grc' dir='ltr'>ἀκούσεις</span> <span class='ocrx_word' id='word_1_773' title='bbox 3296 5467 3703 5535; x_wconf 80' lang='grc' dir='ltr'>ἐπεξεργασιῶν</span> 
     </span>
    </p>
   </div>
   <div class='ocr_carea' id='block_1_100' title="bbox 2142 5555 3703 5633">
    <p class='ocr_par' dir='ltr' id='par_1_100' title="bbox 2142 5555 3703 5633">
     <span class='ocr_line' id='line_1_100' title="bbox 2142 5555 3703 5633; baseline -0.008 -17"><span class='ocrx_word' id='word_1_774' title='bbox 2142 5562 2363 5633; x_wconf 80' lang='grc' dir='ltr'>πλῆθος,</span> <span class='ocrx_word' id='word_1_775' title='bbox 2398 5564 2490 5615; x_wconf 76' lang='grc' dir='ltr'>καὶ</span> <span class='ocrx_word' id='word_1_776' title='bbox 2517 5561 2893 5631; x_wconf 84' lang='grc' dir='ltr'>συλλογισμῶν</span> <span class='ocrx_word' id='word_1_777' title='bbox 2911 5561 3179 5626; x_wconf 82' lang='grc' dir='ltr'>ἀνάγκην,</span> <span class='ocrx_word' id='word_1_778' title='bbox 3213 5557 3306 5610; x_wconf 70' lang='grc' dir='ltr'>καὶ</span> <span class='ocrx_word' id='word_1_779' title='bbox 3337 5555 3703 5624; x_wconf 74' lang='grc' dir='ltr'>κατασκευὴν,</span> 
     </span>
    </p>
   </div>
   <div class='ocr_carea' id='block_1_101' title="bbox 2141 5648 3706 5725">
    <p class='ocr_par' dir='ltr' id='par_1_101' title="bbox 2141 5648 3706 5725">
     <span class='ocr_line' id='line_1_101' title="bbox 2141 5648 3706 5725; baseline -0.006 -18"><span class='ocrx_word' id='word_1_780' title='bbox 2141 5657 2233 5708; x_wconf 72' lang='grc' dir='ltr'>καὶ</span> <span class='ocrx_word' id='word_1_781' title='bbox 2271 5657 2493 5725; x_wconf 76' lang='grc' dir='ltr'>κράτος,</span> <span class='ocrx_word' id='word_1_782' title='bbox 2530 5655 2624 5708; x_wconf 66' lang='grc' dir='ltr'>κοιλ⁸</span> <span class='ocrx_word' id='word_1_783' title='bbox 2659 5656 2812 5724; x_wconf 74' lang='grc' dir='ltr'>ἰσχὺν</span> <span class='ocrx_word' id='word_1_784' title='bbox 2845 5653 3040 5720; x_wconf 90' lang='grc' dir='ltr'>λόγων,</span> <span class='ocrx_word' id='word_1_785' title='bbox 3094 5649 3232 5720; x_wconf 88' lang='grc' dir='ltr'>μετά</span> <span class='ocrx_word' id='word_1_786' title='bbox 3260 5648 3352 5701; x_wconf 85' lang='grc' dir='ltr'>τοῦ</span> <span class='ocrx_word' id='word_1_787' title='bbox 3393 5648 3706 5714; x_wconf 78' lang='grc' dir='ltr'>Πνεύματος</span> 
     </span>
    </p>
   </div>
   <div class='ocr_carea' id='block_1_102' title="bbox 2139 5741 3712 5816">
    <p class='ocr_par' dir='ltr' id='par_1_102' title="bbox 2139 5741 3712 5816">
     <span class='ocr_line' id='line_1_102' title="bbox 2139 5741 3712 5816; baseline -0.006 -16"><span class='ocrx_word' id='word_1_788' title='bbox 2139 5749 2206 5800; x_wconf 70' lang='grc' dir='ltr'>τὰ</span> <span class='ocrx_word' id='word_1_789' title='bbox 2253 5748 2346 5801; x_wconf 87' lang='grc' dir='ltr'>τοῦ</span> <span class='ocrx_word' id='word_1_790' title='bbox 2403 5747 2716 5816; x_wconf 87' lang='grc' dir='ltr'>Πνεύματος</span> <span class='ocrx_word' id='word_1_791' title='bbox 2770 5743 2949 5807; x_wconf 81' lang='grc' dir='ltr'>καλῶς</span> <span class='ocrx_word' id='word_1_792' title='bbox 2997 5742 3343 5812; x_wconf 71' lang='grc' dir='ltr'>βεϐαιοῦντα,</span> <span class='ocrx_word' id='word_1_793' title='bbox 3391 5741 3484 5792; x_wconf 80' lang='grc' dir='ltr'>καὶ</span> <span class='ocrx_word' id='word_1_794' title='bbox 3527 5741 3712 5792; x_wconf 80' lang='grc' dir='ltr'>πᾶσαν</span> 
     </span>
    </p>
   </div>
   <div class='ocr_carea' id='block_1_103' title="bbox 2142 5831 3704 5910">
    <p class='ocr_par' dir='ltr' id='par_1_103' title="bbox 2142 5831 3704 5910">
     <span class='ocr_line' id='line_1_103' title="bbox 2142 5831 3704 5910; baseline -0.008 -18"><span class='ocrx_word' id='word_1_795' title='bbox 2142 5839 2426 5910; x_wconf 73' lang='grc' dir='ltr'>αἰσχίστην</span> <span class='ocrx_word' id='word_1_796' title='bbox 2458 5839 2668 5908; x_wconf 74' lang='grc' dir='ltr'>αἵρεσιν</span> <span class='ocrx_word' id='word_1_797' title='bbox 2718 5836 2808 5891; x_wconf 76' lang='grc' dir='ltr'>καὶ</span> <span class='ocrx_word' id='word_1_798' title='bbox 2837 5833 3177 5900; x_wconf 73' lang='grc' dir='ltr'>κακοδοξίαν,</span> <span class='ocrx_word' id='word_1_799' title='bbox 3199 5835 3272 5897; x_wconf 89' lang='grc' dir='ltr'>ώς</span> <span class='ocrx_word' id='word_1_800' title='bbox 3302 5831 3554 5901; x_wconf 70' lang='grc' dir='ltr'>καλάμην</span> <span class='ocrx_word' id='word_1_801' title='bbox 3602 5847 3704 5880; x_wconf 66' lang='lat' dir='ltr'>nu.-</span> 
     </span>
    </p>
   </div>
  </div>
