4090 6426
347 370 457 434 80)

1110 367 1412 430 CONTRA
1449 364 1886 426 GREGORAM
1927 358 2692 423 ANTIRRHETICORUM
2739 357 2854 419 III.

3509 350 3616 415 810

348 483 578 553 μέγεθος
641 481 785 552 ἔχειν
813 483 875 537 τὸ
928 482 1120 548 ξύλονν
1159 481 1192 551 ἤ
1255 480 1331 542 ὡς
1358 479 1517 533 οὐσία
1548 480 1678 550 περὶ
1707 478 1922 539 οὐσίαν,
1955 476 2000 534 Α
2035 475 2308 546 σώματος,
2363 475 2391 528 ὃ
2421 475 2484 542 δὴ
2521 476 2614 528 καὶ
2641 478 2668 528 6
2699 475 2799 543 τῆς
2855 471 3184 541 Ἐκκλησίας
3232 468 3524 540 φιλόσοφος
3589 481 3616 523 0

345 577 483 645 ὅπερ
515 577 634 631 ἐστὶ
664 574 1030 642 γενικώτατον
1051 573 1229 643 γένος.
1252 571 1424 626 Τοῦτο
1467 573 1521 625 δὲ
1557 574 1590 642 ἦ
1639 572 1768 642 περὶ
1801 571 1921 626 ὅλον

342 670 406 720 τὸ
437 669 617 737 σῶμα,
648 667 721 730 ὡς
753 667 938 737 χιτὼν,
979 667 1012 737 ἢ
1044 666 1173 738 περί
1203 684 1254 719 τι
1305 666 1490 736 μέρος,
1528 665 1605 730 ώς
1639 665 1922 729 δακτύλιος

345 761 404 810 ὲν
435 758 707 824 δακτύλῳ,
747 757 781 828 ἢ
828 757 904 819 ώς
964 755 1128 826 μέρος
1170 757 1227 808 ὲν
1279 755 1425 825 ὅλῳο
1475 756 1777 826 λεγόμεθα
1810 758 1919 826 γὰρ

344 847 491 916 ἔχειν
558 848 716 918 χεῖρα
737 865 752 878 ·
816 847 848 916 ἢ
882 846 984 917 ιὼς
1043 848 1100 902 ἐν
1132 849 1369 916 ἀγγείῳ
1401 847 1477 911 ὡς
1525 849 1756 917 λέγομεν
1780 845 1924 904 οἶνον

343 943 489 1011 ἔχειν
521 942 580 993 τι
610 940 912 1012 κεράμιον·
946 940 980 1012 ἦ
1021 940 1096 1003 ὡς
1126 942 1344 1010 κτῆμα·
1391 939 1675 1011 λεγόμεθά
1704 941 1813 1014 γὰρ
1845 943 1924 994 οί-

347 1030 470 1085 κίαν
494 1030 663 1100 ἔχειν,
700 1030 732 1100 ἢ
761 1029 931 1100 ἀγρόν
954 1047 967 1062 ο
1007 1029 1100 1083 καὶ
1121 1029 1188 1084 τὰ
1229 1030 1377 1102 ἑξῆς.
1424 1034 1512 1084 Ἑν
1542 1032 1600 1084 δὲ
1618 1030 1696 1099 τῷ
1729 1048 1926 1101 πεντη-

347 1121 526 1186 κοστῷ
582 1121 797 1192 ἑϐδόμῳ
850 1121 958 1174 τῶν
1000 1121 1200 1187 αὐτῶν,
1260 1125 1555 1193 Διαφοραὶ,
1615 1124 1774 1192 φησὶ,
1827 1122 1922 1176 τοῦ

344 1214 762 1284 ἔχεινγίνονται
800 1214 941 1268 κατά
993 1215 1092 1274 τὴν
1141 1214 1408 1285 διαφορὰν
1461 1216 1570 1268 τῶν
1621 1217 1813 1272 ὅντων.
1851 1217 1922 1272 Ἢ

343 1309 451 1376 γὰρ
501 1305 746 1376 ἔμψυχόν
799 1309 971 1370 ἐστιν,
1026 1306 1058 1376 ἢ
1115 1305 1345 1376 ἄψυχον.
1389 1308 1500 1361 Καὶ
1528 1307 1772 1380 ἔμψυχον
1825 1311 1926 1381 μὲν

343 1399 486 1467 ἔχειν
513 1398 807 1466 λεγόμεθα,
842 1397 920 1460 ὡς
969 1399 1165 1460 παῖδα,
1197 1399 1385 1465 ἵππον,
1431 1401 1528 1453 καὶ
1557 1401 1625 1474 τὰ
1659 1402 1888 1456 τοιαῦτα
1908 1420 1922 1435 ⁸

342 1492 551 1560 ἄψυχον
585 1491 662 1557 δὲ,
688 1489 763 1553 ὡς
791 1491 1096 1556 δακτύλιον,
1124 1492 1403 1563 ὑπόδημα,
1435 1493 1529 1546 καὶ
1565 1494 1635 1547 τὰ
1672 1494 1924 1551 τοιαῦτα.

340 1583 575 1650 Λέγεται
607 1582 661 1634 δὲ
697 1581 758 1635 τὸ
787 1583 932 1652 ἔχειν
954 1583 1049 1635 καὶ
1077 1583 1219 1636 κατά
1250 1584 1461 1637 πολλῶν
1488 1585 1691 1654 ἑτέρων
1724 1602 1926 1658 σημαι-

342 1679 583 1744 νομένων
622 1680 952 1750 ὁμωνύμως.
980 1681 1121 1750 Ὄση
1173 1684 1272 1752 μὲν
1307 1676 1400 1734 οῦν
1434 1683 1465 1753 ἠ
1517 1686 1662 1739 κατά
1697 1704 1759 1739 τε
1783 1688 1927 1757 φρά-

345 1787 431 1822 σιν
461 1770 556 1822 καὶ
598 1771 696 1840 τὴν
728 1773 971 1827 διάνοιαν
1013 1774 1164 1844 παρά
1189 1773 1283 1826 τοῦ
1333 1775 1591 1846 Γρηγορᾶ
1625 1780 1928 1852 μεταποίη-

346 1879 430 1924 σις
460 1864 556 1915 καὶ
583 1863 872 1933 ἀφαίρεσις
921 1864 1017 1918 τοῦ
1047 1867 1236 1937 ῥητοῦ,
1268 1868 1389 1921 οὐδὲ
1418 1869 1598 1937 λέγειν
1625 1869 1772 1941 ἡμᾶς
1816 1874 1926 1927 οὐδ’

343 1955 817 2023 ὲπεξεργάζεσθαι
885 1959 1066 2029 χρεία,
1114 1959 1349 2030 φανεροῦ
1387 1962 1759 2031 προκειμένου
1814 1966 1929 2029 τοῖς

341 2036 796 2113 ἀναγινώσκουσι
815 2051 1014 2105 πᾶσινο
1069 2052 1247 2104 ἐκεῖνό
1277 2069 1341 2120 γε
1369 2053 1476 2122 μὴν
1499 2055 1810 2122 ἀναγκαίως
1835 2057 1930 2110 τὸν

341 2136 633 2205 φιλόσοφον
684 2141 1086 2208 ὲρωτήσωμεν·
1122 2141 1294 2193 Πόθεν
1356 2142 1499 2212 ἔχεις
1558 2143 1741 2199 λαϐὼν
1789 2145 1929 2216 πρὸς

340 2231 451 2282 τῶν
505 2229 612 2283 σῶν
644 2231 1011 2303 κατηγοριῶν,
1047 2226 1092 2285 ὦ
1126 2233 1407 2303 φιλόσοφε,
1438 2240 1666 2290 τουτωνὶ
1722 2238 1804 2291 ὅτι
1851 2239 1927 2304 ὡς

338 2319 496 2372 οὐσία
521 2321 648 2388 περὶ
669 2320 857 2374 οὐσίαν
886 2322 1179 2391 λέγεταιτὸ
1201 2329 1358 2395 χεῖρα
1385 2325 1529 2408 ἔχειν
1552 2329 1675 2382 τινά
1702 2330 1796 2394 ;'O
1825 2332 1925 2400 μὲν

339 2411 451 2481 γὰρ
499 2412 597 2478 τῆς
637 2411 970 2484 Ἐκκλησίας
1029 2416 1321 2486 φιλόσοφος
1388 2419 1642 2490 Ἰωάννης
1697 2424 1725 2474 6
1780 2422 1925 2488 θεῖος

255 2538 280 2564 ο
340 2494 518 2570 οὗτος,
551 2506 715 2575 φημὶ,
754 2506 850 2560 ἕνα
872 2509 983 2560 τῶν
1025 2511 1155 2580 περὶ
1183 2510 1277 2564 τοῦ
1327 2511 1473 2582 ἔχειν
1503 2513 1648 2567 ὀκτὼ
1682 2517 1921 2587 τρόπων,

338 2593 522 2647 καὶτὸ
549 2596 625 2660 ὡς
659 2599 822 2668 μέρος
850 2601 908 2652 ὲν
949 2600 1055 2673 ὅλῳ
1091 2603 1282 2670 εἰπὼν,
1330 2605 1684 2678 παράδειγμα
1730 2610 1922 2664 τούτου

336 2686 438 2755 τὴν
466 2691 620 2758 χεῖρα
653 2691 888 2746 τέθεικε.
924 2693 1213 2771 Λεγόμεθα
1243 2698 1371 2766 γὰρ,
1413 2701 1600 2770 φησὶν,
1637 2700 1783 2771 ἔχειν
1811 2705 1926 2773 χεῖ·

338 2793 430 2846 ρα.
461 2775 594 2832 Εἷπε
619 2780 664 2832 δ’
695 2783 761 2835 ἂν
785 2767 1046 2847 ὡσαύτως
1070 2789 1163 2844 καὶ
1194 2789 1351 2852 πόδα,
1377 2767 1794 2865 καὶ-ὀφθαλμὸν,
1811 2767 1924 2852 -καὶ

334 2871 406 2923 τὰ
447 2871 608 2926 λοιπά
644 2874 738 2927 τοῦ
772 2874 1024 2945 σώματος
1058 2880 1218 2949 μέλη,
1265 2882 1409 2952 μέρη
1463 2886 1608 2939 κατά
1641 2887 1741 2959 τὴν
1765 2895 1922 2962 χεῖρα

337 2965 621 3031 πεφυκότα
668 2968 900 3022 κάκεῖνα
948 2968 1043 3022 τοῦ
1102 2971 1252 3026 ὅλου.
1284 2976 1356 3027 Σὺ
1406 2977 1463 3030 δὲ
1501 2978 1578 3042 ῶς
1617 2980 1807 3045 οὐσίας
1831 2985 1922 3036 οὐ·

340 3057 461 3110 σίαν
487 3061 577 3111 τὸν
602 3060 893 3131 ἄνθρωπον
923 3062 1099 3132 λέγεις
1130 3066 1277 3136 ἔχειν
1305 3068 1404 3138 τὴν
1428 3073 1610 3140 χεῖρα,
1643 3090 1920 3143 συγκατα-

2032 571 2097 622 ἐκ
2148 567 2443 638 Δαμασκοῦ
2484 568 2628 630 θεῖος
2669 566 2926 635 Ἰωάννης
2967 563 3156 634 φησίν.
3187 564 3262 617 Οὐ
3320 563 3432 633 μὴν
3478 564 3616 618 ἀλλά

2031 663 2129 714 καὶ
2165 661 2545 730 Ἀριστοτέλης
2578 661 2761 727 αὐτὸς,
2784 662 2812 712 6
2843 659 2934 722 σὸς
2967 655 3168 728 δηλαδὴ
3196 657 3538 720 διδάσκαλος,
3571 649 3618 723 ᾧ

2030 753 2167 816 τέως
2198 754 2300 806 ἔδει
2331 771 2387 805 σε
2420 753 2724 814 πείθεσθαι,
2754 751 2876 805 κατ’
2908 753 3038 805 αὐτό
3062 767 3118 803 τε
3145 749 3301 803 τοῦτό
3324 768 3488 819 φημι,
3519 751 3616 804 καὶ

2033 847 2117 900 ὅτι
2148 847 2242 900 καὶ
2274 847 2366 898 τὸν
2401 847 2529 915 περὶ
2571 845 2663 898 τοῦ
2693 844 2837 914 ἔχειν
2862 837 3039 908 ἐαυτῷ
3065 844 3409 914 συμπληρῶν
3458 844 3616 913 λόγον

2030 938 2259 1002 ἐκεῖνος,
2293 938 2390 990 οὐκ
2414 942 2470 989 ἐν
2507 939 2620 1001 τοῖς
2665 937 2808 989 ὀκτὼ
2839 938 3144 1007 περιώρισε
3176 938 3367 989 τοῦτον
3403 941 3612 1003 μόνοις,

2033 1026 2151 1080 ἀλλ’
2176 1028 2304 1092 ἴσως
2330 1031 2417 1093 ἂν,
2439 1031 2594 1100 φησὶ,
2623 1032 2715 1082 καὶ
2745 1030 2894 1083 ἄλλοι
2924 1031 3074 1094 τινὲς
3097 1031 3288 1101 τρόποι
3311 1033 3616 1102 φανείησαν
3699 1092 3707 1097 _

2035 1123 2130 1174 τοῦ
2152 1122 2317 1192 ἔχειν.
2349 1125 2412 1176 ‘0
2440 1122 2503 1194 δὴ
2540 1125 2631 1176 καὶ
2662 1128 2687 1176 6
2727 1123 3041 1193 σοφώτατος
3073 1127 3220 1196 ἡμᾶς
3243 1127 3507 1192 ὡσαύτως
3537 1129 3617 1183 δι-
3677 1210 3683 1216 _

2031 1211 2220 1266 δάσκει
2249 1215 2630 1284 Δαμασκηνός.

2118 1305 2281 1358 Ἀλλὰ
2306 1305 2369 1357 σὺ
2393 1306 2486 1376 τὴν
2520 1307 2630 1359 τῶν
2663 1307 2769 1360 σῶν
2800 1307 2975 1377 λόγων
3004 1309 3231 1376 ἀταξίαν
3268 1329 3326 1364 τε
3383 1314 3478 1366 καὶ
3514 1317 3614 1384 τὴν

2033 1397 2281 1466 ἄγνοιαν,
2313 1399 2407 1452 καὶ
2438 1397 2536 1470 τὴν
2561 1400 2824 1470 σύγχυσιν
2855 1401 3064 1472 ταύτην
3089 1403 3279 1466 ὅντως,
3388 1407 3488 1461 οὐκ
3519 1405 3617 1461 οἷδ’

2032 1490 2182 1554 ὅπως
2241 1489 2308 1544 ἂν
2336 1491 2500 1555 ἀξίως
2547 1494 2836 1561 προσείπω
2866 1497 2927 1549 τὸ
2957 1497 3081 1549 κατ’
3109 1499 3330 1566 αὐτοὺς,
3391 1501 3485 1554 καὶ
3518 1504 3615 1554 ἐπὶ

2031 1583 2131 1653 τὴν
2162 1583 2374 1656 ὑψηλὴν
2399 1586 2683 1654 θεολογίαν
2706 1587 2801 1641 τοῦ
2834 1591 3156 1660 Πνεύματος
3189 1593 3297 1645 ἀπὸ
3331 1595 3438 1648 τῶν
3468 1597 3618 1649 κάτω

2034 1676 2264 1728 τουτωνὶ
2298 1677 2394 1730 καὶ
2443 1679 2788 1747 περιπεζίων
2825 1682 3195 1751 μετενεγκὼν,
3227 1686 3620 1760 ἀσχημοσύνης

2033 1768 2126 1819 καὶ
2151 1768 2388 1836 γέλωτος
2417 1809 2430 1833 ,
2469 1771 2675 1840 μᾶλλον
2705 1773 2760 1827 δὲ
2795 1775 2891 1827 καὶ
2917 1775 3172 1846 δακρύων
3208 1776 3391 1842 ἀξίους
3413 1782 3528 1842 τοῖς
3556 1797 3622 1848 γε

2035 1858 2158 1911 νοῦν
2197 1861 2383 1931 έχουσι
2421 1863 2646 1926 τούτους
2694 1866 3005 1932 ἀπέδειξας.
3055 1870 3227 1923 Ὅταν
3279 1872 3388 1942 γὰρ
3430 1875 3494 1928 τὸ
3524 1875 3621 1946 δηο

2035 1957 2357 2025 μιουργικὸν
2394 1955 2490 2009 τοῦ
2522 1957 2681 2023 Θεοῦ,
2712 1962 2806 2013 καὶ
2834 1961 2893 2013 τὸ
2926 1969 3360 2032 προγνωστικὸν,
3393 1970 3488 2021 καὶ
3518 1972 3619 2041 τὴν

2031 2046 2292 2116 πρόνοιαν
2346 2051 2440 2102 καὶ¹
2473 2050 2663 2114 ἁπλῶς
2714 2053 2898 2108 πᾶσαν
2951 2055 3184 2125 δύναμίν
3208 2075 3266 2110 τε
3325 2061 3418 2112 καὶ
3465 2064 3618 2128 ἐνέρο

2029 2153 2205 2203 γειαν,
2235 2139 2425 2193 οὐσίαν
2475 2137 2616 2195 εἶναι
2665 2142 2831 2216 λέγῃς
2865 2146 3026 2210 Θεοῦ,
3088 2149 3142 2202 τί
3172 2151 3300 2204 ἄλλο
3329 2171 3391 2219 γε
3426 2157 3534 2228 φῂς
3579 2158 3614 2228 ἢ

2027 2228 2137 2281 τῶν
2169 2230 2263 2282 δύο
2293 2233 2501 2285 τούτων
2525 2232 2588 2285 τὸ
2611 2233 2819 2304 ἕτερον,
2854 2237 2997 2306 λέγω
3020 2240 3105 2311 δὴ,
3135 2243 3167 2313 ἢ
3210 2244 3268 2295 τὸ
3294 2245 3494 2310 πολλὰς
3521 2251 3613 2301 οὐ-

2031 2322 2152 2383 σίας
2177 2321 2322 2393 ἔχειν
2355 2325 2446 2377 τὸν
2480 2325 2632 2394 Θεὸν,
2660 2329 2692 2400 ἢ
2728 2331 2827 2401 τὴν
2859 2333 3053 2384 οὐσίαν
3074 2335 3236 2387 αὐτοῦ
3263 2338 3323 2390 οὐ
3359 2342 3519 2408 μόνον
3552 2344 3616 2396 ἐκ

2031 2414 2242 2467 πολλῶν
2289 2417 2489 2470 οὐσιῶν
2545 2423 2888 2488 συγκεῖσθαι,
2943 2424 3078 2479 ἀλλά
3127 2431 3218 2480 καὶ
3252 2430 3310 2497 ἐξ
3346 2431 3618 2502 ἀνομοίων

2030 2505 2216 2575 μερῶν
2243 2523 2256 2572 ;
2295 2507 2322 2559 ὖ
2349 2507 2412 2580 δὴ
2445 2511 2534 2562 καὶ
2569 2511 2821 2585 Εὐνομίῳ
2853 2515 2901 2567 οί
2929 2517 3050 2568 καθ’
3075 2520 3224 2587 ἡμᾶς
3253 2539 3396 2592 φημι
3428 2524 3617 2579 θεολό.

2027 2611 2115 2662 γοι
2147 2598 2462 2654 διδάσκαλοι
2507 2606 2804 2672 προφανῶς
2856 2609 3172 2665 ἐνεκάλουν.
3225 2613 3366 2666 Ἀλλ’
3401 2617 3502 2672 οὐκ
3526 2621 3618 2672 οὐ-

2029 2689 2148 2753 σίας
2199 2691 2334 2745 Θεοῦ
2385 2693 2557 2748 ταῦτα
2591 2698 2713 2750 κατ’
2740 2699 3008 2772 Εὐνόμιον
3056 2703 3237 2774 λέγεις
3265 2709 3446 2777 αὐτὸς,
3478 2713 3616 2770 ἀλλὰ

2023 2781 2303 2852 κτίσματα
2323 2802 2336 2816 ·
2369 2787 2530 2841 τοῦτο
2560 2789 2670 2859 γὰρ
2691 2791 2788 2845 καὶ
2815 2793 2924 2846 τῶν
2955 2795 3318 2870 βλασφημιῶν
3351 2805 3412 2858 τὸ
3443 2811 3616 2878 κεφα-

2028 2872 2202 2939 λαιον,
2228 2878 2371 2948 φημὶ
2399 2879 2462 2949 δὴ
2494 2881 2554 2933 τὸ
2578 2883 2660 2946 είς
2693 2885 2900 2956 κτίσμα
2936 2890 3188 2945 σπεύδειν
3223 2872 3615 2974 συγκατασπᾷν

2022 2970 2118 3022 τὸν
2149 2971 2282 3025 Θεὸν
2311 2973 2398 3029 διά
2423 2975 2531 3029 τῶν
2573 2978 2740 3032 αὐτοῦ
2791 2983 3064 3049 φυσικῶν.
3125 2987 3220 3039 Δεῖ
3252 2989 3361 3060 γὰρ
3410 2970 3614 3050 κατάλ-

2022 3062 2164 3132 ληλα
2192 3067 2311 3128 ταῖς
2363 3067 2590 3137 φύσεσιν
2614 3067 2756 3124 εἶναι
2797 3075 2863 3126 τὰ
2896 3077 3126 3142 φυσικὰ,
3187 3079 3346 3149 λόγος
3404 3086 3611 3160 ἀνακη-

337 3149 501 3214 μίξας
535 3151 730 3221 αὐτὴν,
775 3153 851 3215 ὡς
894 3154 1057 3219 αὐτὸς
1107 3156 1174 3210 ἂν
1235 3159 1458 3230 εἰδείης,
1520 3163 1777 3233 ἱματίοις,
1830 3169 1924 3223 καὶ
1952 3161 1994 3218 C
2031 3156 2210 3225 ρύττει
2241 3158 2550 3229 θεολογικός
2574 3165 2740 3217 τε.καὶ
2773 3169 3000 3234 φυσικός
3023 3185 3036 3199 ·
3063 3170 3202 3225 ἀλλὰ
3234 3175 3401 3244 μήπω
3426 3149 3606 3243 τοῦτο,

334 3241 521 3305 ὅπλοις
552 3244 647 3297 καὶ
679 3245 835 3317 ἀγρῷ
865 3249 1089 3312 καὶτοῖς
1115 3252 1398 3317 τοιούτοις.
1425 3255 1534 3308 Καὶ
1559 3257 1608 3310 εί
1640 3259 1740 3331 τὴν
1761 3264 1920 3332 χεῖρα

336 3335 462 3404 φῂς,
496 3335 573 3396 ῶς
619 3338 776 3392 οὐσία
812 3339 1000 3392 οὐσίαν
1054 3341 1238 3409 ἁπλῶς
1304 3345 1448 3417 ἔχειν
1488 3349 1550 3402 τὸ
1606 3353 1790 3423 σῶμα,
1824 3357 1920 3410 καὶ

333 3429 434 3495 τῆς
477 3427 573 3481 τοῦ
608 3429 933 3485 διδασκάλου
979 3436 1106 3504 περὶ
1135 3436 1195 3488 τὸ
1217 3434 1361 3506 ἔχειν
1407 3440 1732 3512 διαιρέσεως
1777 3445 1919 3502 οὕτω

334 3519 535 3589 ῥᾳδίως
595 3523 1080 3592 κατεξανίστασαι,
1135 3528 1316 3583 καίτοι
1347 3548 1411 3599 γε
1459 3536 1555 3589 καὶ
1607 3537 1744 3606 πρὸς
1777 3556 1920 3609 μαρ-

329 3613 521 3680 τυρίαν
554 3613 647 3666 τοῦ
673 3615 766 3668 σοῦ
796 3615 981 3683 λόγου,
1011 3620 1263 3691 καθάπερ
1289 3623 1502 3695 ᾠήθης,
1528 3627 1737 3680 ἐκεῖνον
1756 3647 1919 3700 προε-

331 3701 564 3768 νεγκὼν,
612 3703 720 3756 ίδοὺ
774 3705 913 3776 πρὸς
951 3710 1015 3777 τῇ
1068 3708 1215 3781 ψυχῇ
1279 3715 1374 3766 καὶ
1428 3714 1506 3784 τῷ
1553 3716 1768 3786 σώματι
1823 3723 1916 3776 καὶ

329 3791 524 3860 τρίτην
576 3795 762 3849 οὐσίαν
793 3795 938 3866 ἔχεις
969 3799 1133 3864 αὐτὸς
1167 3801 1265 3871 τὴν
1297 3805 1454 3873 χεῖρα
1486 3847 1502 3871 ,
1548 3808 1749 3876 μᾶλλον
1778 3810 1822 3864 δ’
1851 3812 1912 3866 οὐ

331 3884 524 3954 τρίτην
556 3887 750 3957 μόνην,
790 3889 924 3942 ἀλλὰ
959 3892 1052 3944 καὶ
1109 3893 1433 3966 πολλοστὴν,
1464 3899 1559 3951 καὶ
1595 3899 1782 3965 ἁπλῶς
1811 3903 1914 3957 ὅσα

332 3993 415 4028 σοι
467 3979 656 4032 καὶτὰ
711 3980 847 4050 μέλη
916 3983 1010 4035 τοῦ
1051 3983 1329 4055 σώματος.
1368 3988 1477 4041 Καὶ
1516 3990 1647 4054 ίσως
1693 3994 1792 4048 καὶ
1825 3995 1914 4050 διὰ

327 4066 489 4120 τοῦτο
534 4073 627 4122 καὶ
660 4072 919 4142 ἀκρατῶς
953 4075 1096 4130 οὕτω
1134 4079 1450 4152 κατεπαίρῃ
1471 4081 1578 4135 τῶν
1611 4084 1788 4140 ἄλλων
1815 4089 1914 4141 ἀν-

329 4158 589 4227 θρώπων,
651 4163 716 4213 ἐκ
772 4163 986 4216 πολλῶν
1043 4183 1203 4220 τινων
1265 4168 1470 4222 οὐσιῶν
1531 4171 1693 4234 αὐτὸς
1751 4173 1914 4244 μόνος

328 4252 713 4320 συγκείμενος,
763 4255 1196 4328 ὑπεράνθρωπός
1251 4276 1336 4323 τις
1391 4261 1480 4315 διὰ,
1554 4263 1724 4318 ταῦτα
1819 4266 1914 4320 καὶ

325 4343 640 4422 τερατώδης
676 4362 739 4412 γε
771 4346 868 4399 ῶν.
902 4349 962 4401 El
992 4351 1101 4420 γὰρ
1140 4355 1236 4407 καὶ
1268 4351 1445 4418 ἄλλως
1474 4357 1501 4408 6
1533 4356 1622 4419 σὸς
1662 4357 1912 4428 Ἀριστο-

327 4429 489 4499 τέλης
521 4439 616 4484 καὶ
663 4437 818 4505 χεῖρα
854 4436 948 4488 καὶ
979 4439 1222 4510 κεφαλὴν
1257 4441 1445 4507 οὐσίας
1496 4445 1776 4512 ἐκάλεσεν,
1806 4449 1907 4504 ἅτε

325 4522 390 4591 δὴ
425 4523 499 4593 μὴ
535 4525 592 4577 ἐν
623 4525 969 4598 ὑποκειμένῳ
997 4529 1150 4595 ὄντα,
1178 4508 1368 4604 ῶσπερ
1396 4537 1464 4588 τὰ
1494 4508 1906 4610 συμϐεϐηκότα,
1947 4508 1991 4562 D

326 4613 444 4665 ἀλλ’
475 4615 712 4670 ἐνταῦθα
745 4617 806 4671 τὸ
869 4619 1109 4674 τοιοῦτον
1136 4623 1235 4676 οὐκ
1278 4621 1392 4695 ἔχει
1425 4626 1632 4699 χώραν.
1671 4630 1757 4694 Ὠς
1795 4633 1905 4704 γὰρ

327 4707 496 4775 μέρος
526 4707 620 4759 τοῦ
646 4709 766 4761 ὅλου
801 4711 829 4763 6
863 4711 1155 4783 ἄνθρωπος
1194 4714 1312 4786 ἔχει
1351 4719 1451 4788 τὴν
1479 4723 1664 4791 χεῖρα,
1698 4723 1912 4793 φιλόσο-

326 4814 417 4864 φε,
449 4801 542 4852 καὶ
574 4801 670 4870 οὐχ
704 4801 781 4865 ὡς
808 4803 1000 4856 οὐσίαν
1023 4820 1038 4836 ο
1073 4807 1197 4859 ἐπεὶ
1228 4810 1321 4861 καὶ
1347 4811 1416 4862 τά
1447 4812 1729 4883 ύπὰλληλα
1752 4821 1908 4889 γένη,

324 4892 418 4941 καὶ
443 4890 578 4959 εἴδη,
612 4894 706 4946 καὶ
746 4891 914 4964 ἄμφω
942 4895 1104 4968 ταῦτ’.
1125 4900 1264 4952 εἰσὶν
1296 4901 1439 4972 ἅπερ
1464 4903 1777 4974 καλοῦνται,
1815 4910 1911 4963 καὶ

325 4981 485 5049 γένη,
506 4983 601 5035 καὶ
631 4984 955 5073 εἴδηζἊλλὰ
980 4987 1090 5042 τῶν
1113 4991 1310 5063 γενῶν,
1387 4998 1580 5062 γενῶν,
1603 5000 1742 5054 εἰσὶν
1767 5001 1906 5073 εἴδη,

322 5073 419 5123 καὶ
436 5072 546 5126 τῶν
568 5067 796 5148 εἰδῶν,ᾖ
817 5077 1107 5146 είδῶν,είσὶ
1125 5083 1280 5152 γένη,
1299 5085 1421 5155 οὐχὶ
1436 5088 1543 5141 τῶν
1562 5090 1735 5164 γενῶν
1752 5067 1907 5164 γένη,

320 5166 418 5216 καὶ
445 5165 554 5220 τῶν
589 5169 744 5222 είδῶν
775 5169 916 5240 εἴδη,
947 5171 980 5242 ἢ
1040 5173 1149 5226 τῶν
1183 5163 1642 5249 συμϐεϐηκότων,
1773 5163 1909 5255 συμ-

319 5256 658 5325 ϐεϐηκότων,
689 5262 920 5316 καὶτῶν
955 5263 1092 5335 πρός
1121 5283 1194 5331 τι,
1251 5263 1286 5342 ᾖ
1336 5273 1471 5340 πρός
1518 5291 1594 5339 τι,
1631 5274 1763 5346 γένη
1814 5279 1909 5330 καὶ¹

320 5346 440 5416 εἴδη
475 5350 603 5404 είσί.
633 5349 817 5404 Ταῦτα
849 5353 959 5422 γὰρ
991 5357 1053 5407 οὐ
1083 5356 1278 5423 ψεῦδος
1315 5361 1478 5431 μόνον
1509 5365 1536 5416 ὁ
1575 5366 1665 5429 σὸς
1690 5368 1902 5436 φιλόσοο

317 5459 419 5512 φος
453 5443 518 5495 ἂν
550 5446 718 5510 εἴποι,
755 5447 890 5502 ἀλλὰ
932 5453 1026 5504 καὶ
1056 5453 1230 5519 γέλως
1264 5455 1435 5520 ὅντως
1472 5460 1702 5525 πλατύς.
1746 5465 1907 5537 Καλή

319 5539 446 5603 χεὶρ
474 5536 768 5605 τοιγαροῦν
790 5539 889 5610 οὐχ
914 5539 989 5603 ὡς
1012 5542 1170 5595 οὐσία
1224 5545 1322 5599 σὺν
1369 5547 1529 5622 οὐσία
1557 5550 1637 5622 τῷ
1669 5555 1906 5623 σώματι,

314 5626 428 5681 οὐδ’
453 5627 527 5689 ὡς
562 5633 690 5699 περὶ
716 5631 905 5684 οὐσίαν
935 5633 1031 5705 τὴν
1053 5638 1230 5708 χεῖρα,
1260 5639 1417 5694 οὐσία
1437 5643 1497 5696 τὸ
1521 5645 1698 5715 σῶμα,
1719 5645 1909 5717 ὥσπερ

316 5719 350 5770 ὁ
378 5716 566 5788 χιτὼν,
601 5723 694 5773 καὶ
721 5719 788 5774 τὰ
819 5722 958 5776 ὅπλα
982 5730 1113 5797 περὶ
1139 5729 1199 5780 τὸ
1230 5730 1412 5801 σῶμα¹
1435 5734 1553 5787 ἀλλ’
1575 5735 1689 5806 ἔχει
1723 5716 1908 5809 δηλον-

316 5811 402 5863 ότι
434 5812 532 5880 τὴν
587 5816 746 5883 χεῖρα
795 5814 822 5867 ὁ
851 5815 1164 5888 ἄνθρωπος,
1200 5821 1335 5893 ὅπερ
1380 5825 1558 5898 ἔφην,
1607 5833 1681 5892 ὼς
1741 5823 1904 5901 μέρος

669 5908 938 5970 unum.
989 5915 1104 5972 Gn.
1153 5913 1302 5975 CLI.

2023 3249 2140 3302 ἀλλ’
2164 3252 2252 3302 ἐπ’
2283 3253 2473 3306 ἐκεῖνα.
2495 3256 2658 3308 πάλιν
2685 3258 2876 3327 ἴωμεν.
2909 3261 3049 3331 Φησὶ
3073 3263 3183 3335 γὰρ
3215 3265 3242 3317 6
3261 3268 3608 3340 διαλεκτικὸς

2021 3341 2204 3397 οὐτοσὶ¹
2258 3345 2349 3396 καὶ
2396 3347 2690 3416 φιλόσοφος
2748 3353 2815 3404 ὲκ
2868 3353 2978 3406 τῶν
3019 3357 3493 3428 Ἀριστοτελικῶν,
3528 3369 3605 3431 ώς

2021 3429 2179 3500 ἔφην,
2209 3433 2533 3505 ὁρμώμενος
2552 3441 2905 3508 κατηγοριῶν
2929 3482 2944 3506 ,
2985 3448 3080 3499 καὶ
3108 3449 3307 3515 ταύτας
3346 3429 3608 3529 ὲπιστραέι

2018 3523 2193 3576 τεύων
2223 3526 2288 3595 τῇ
2317 3525 2570 3599 θεολογίᾳ
2600 3529 2696 3583 τοῦ
2734 3532 3071 3603 ιΙνεύματος,
3124 3540 3183 3592 οῦ
3209 3543 3273 3610 δὴ
3322 3548 3484 3616 χάριν
3511 3523 3610 3604 καὶ

2019 3618 2112 3670 τὸν
2145 3619 2207 3670 ὲκ
2259 3621 2555 3689 Δαμασκοῦ
2611 3623 2867 3692 θεολόγον
2897 3646 2959 3682 τε
3013 3633 3104 3685 καὶ
3157 3637 3452 3708 φιλόσοφον
3519 3651 3610 3700 καὶ

2018 3708 2144 3770 τοὺς
2170 3711 2382 3763 ἐκείνου
2413 3714 2600 3778 κακῶς
2631 3715 2928 3772 ὑποδύεται
2974 3721 3192 3790 λόγους,
3235 3727 3316 3781 ὅτι
3345 3731 3408 3783 τὸ
3433 3788 3438 3794 ,
3464 3732 3610 3804 ἔχειν
3635 3744 3643 3752 '

2017 3798 2308 3871 ὁμώνυμος
2338 3802 2474 3856 οῦσα
2506 3805 2680 3877 φωνὴ,
2714 3809 2811 3862 καὶ
2836 3809 3157 3882 πολύσημος
3196 3819 3309 3881 τοῖς
3343 3798 3605 3891 κτίσμασι

2021 3891 2205 3960 μόνοις
2232 3898 2526 3966 προσήκέι,
2583 3891 2702 3952 ἀλλ’
2730 3903 2854 3971 οὐχὶ
2905 3906 2992 3957 καὶ
3031 3909 3098 3977 τῇ
3130 3909 3480 3988 ἁπλουστάτη
3502 3918 3598 3970 τοῦ

2017 3984 2154 4040 Θεοῦ
2186 3989 2365 4056 φύσει.
2409 3991 2580 4045 Τοῦτο
2610 3995 2705 4046 καὶ
2743 3995 2850 4067 γὰρ
2875 3999 2982 4052 τῶν
3003 4004 3282 4075 τεττάρων
3308 4008 3471 4063 αὐτοῦ
3502 4029 3598 4066 κε-

2018 4079 2260 4146 φαλαίων
2302 4085 2365 4135 τὸ
2410 4085 2663 4156 πρῶτον,
2707 4087 2777 4142 δι’
2829 4085 2892 4144 06
2929 4096 3056 4158 τοὺς
3098 4098 3477 4169 ἐκτεθεικότας
3511 4107 3604 4161 τὸν

2015 4171 2184 4241 τόμον
2224 4174 2468 4243 ἀμαθίας
2497 4195 2556 4231 τε
2589 4181 2684 4233 καὶ
2717 4183 2970 4248 ἀσεϐείας
3010 4189 3327 4259 ἐγράψατοο
3365 4197 3606 4267 ἀμαθίαν

2021 4264 2121 4335 μὲν
2156 4267 2362 4335 ἐκεῖνο,
2413 4270 2515 4338 τὴν
2545 4271 2601 4324 δὲ
2635 4273 2736 4344 τῆς
2788 4274 2940 4340 θείας
2989 4280 3274 4348 ἐνεργείας
3317 4264 3475 4358 ’πρὸς
3509 4292 3607 4364 τὴν

2017 4357 2376 4425 πηγάζουσαν
2427 4360 2581 4416 θείαν
2626 4365 2816 4420 οὐσίαν
2849 4366 3121 4440 διαφορὰν
3165 4357 3426 4431 ἀσέϐειαν
3455 4357 3609 4454 είρηο

2017 4449 2148 4512 κώς.
2196 4451 2357 4506 Ἀλλά
2392 4458 2522 4518 περὶ
2555 4455 2656 4526 μὲν
2698 4459 2982 4529 ἐνεργείας
3023 4462 3174 4526 θείας
3223 4466 3316 4520 καὶ
3352 4469 3454 4539 τῆς
3482 4449 3606 4529 κάὲ

2019 4542 2192 4614 αὐτὴν
2232 4544 2496 4616 διαφορᾶς
2551 4550 2671 4617 μετ’
2705 4550 2893 4620 ὀλίγον
2950 4553 3188 4625 ἐροῦμεν
3237 4559 3604 4638 πλατύτερον.

2013 4634 2127 4688 Νῦν
2150 4635 2205 4688 δὲ
2229 4639 2357 4707 περὶ
2382 4641 2480 4709 τῆς
2498 4641 2591 4694 τοῦ
2616 4641 2972 4718 ἕχεινφωνῆς
3015 4650 3360 4722 βραχέ’ἀττα
3383 4634 3603 4720 λεκτέον

1987 4724 2084 4779 ’ἂν
2115 4728 2198 4798 εἴη
2229 4729 2366 4797 πρὸς
2399 4729 2490 4784 τὺν
2523 4731 2839 4801 φιλόσοφον.

2083 4817 2207 4883 Πῶς
2237 4819 2362 4891 φῂς,
2395 4815 2440 4875 ὧ
2474 4821 2738 4894 βέλτιστε,
2777 4829 3040 4899 μηδαμῶς
3069 4835 3166 4906 τὴν
3203 4845 3474 4913 μακαρίαν
3505 4849 3601 4902 καὶ

2013 4908 2398 4983 ἀπλουστάτην
2427 4915 2522 4970 τοῦ
2550 4917 2687 4972 Θεοῦ
2710 4921 2876 4991 φύσιν
2899 4929 3198 5000 κεκτῆσθαι
3224 4935 3285 4986 τὸ
3323 4908 3504 5008 ἔγεινς
3539 4941 3604 4996 Εί.

2013 5000 2116 5070 μὲν
2131 5003 2237 5071 γάρ
2256 5024 2308 5059 τι
2329 5006 2436 5060 τῶν
2460 5007 2631 5064 ὄντων
2647 5010 2704 5066 ἓν
2730 5015 2958 5087 ὁπηοῦν,
2990 5020 3022 5091 ἢ
3057 5023 3149 5074 καὶ
3177 5025 3291 5092 δύο,
3316 5000 3502 5098 ἔλεγες
3526 5035 3603 5102 μὴ

2009 5091 2155 5162 ἔχειν
2187 5097 2375 5168 αὐτὴν,
2400 5101 2510 5154 οὐδ’
2543 5103 2717 5169 οὕτως
2741 5108 2808 5160 ἂν
2843 5105 2913 5182 ἧς
2950 5114 3198 5183 ἀνεκτὸς,
3243 5122 3337 5176 τὸν
3370 5124 3593 5180 πάντων

2010 5187 2180 5241 αἴτιον
2209 5190 2487 5259 δυσσεϐῶς
2540 5200 2792 5269 ἀφαιρῶν
2824 5206 2935 5259 τῶν
2967 5207 3130 5262 αὐτοῦ
3156 5227 3169 5241 ⁸
3202 5211 3297 5266 νῦν
3319 5213 3376 5268 δὲ
3415 5217 3513 5288 οὐχ
3543 5217 3604 5274 ἓν

2009 5281 2102 5333 καὶ
2140 5281 2235 5336 δύο
2290 5289 2384 5336 καὶ
2419 5287 2565 5358 τρία,
2599 5290 2715 5344 ἀλλ’
2752 5294 2920 5365 αὐτὴν
2949 5296 3046 5368 τὴν
3075 5301 3167 5353 τοῦ
3203 5303 3347 5373 ἔχειν
3373 5305 3602 5378 δύναμιν

2010 5373 2259 5445 ἀφαιρῶν
2288 5378 2538 5446 καθάπαξ
2585 5383 2769 5448 αὐτοῦ,
2814 5388 2890 5458 μὴ
2917 5388 3070 5456 ὄντα,
3091 5392 3191 5460 φεῦ
3219 5394 3231 5447 ι
3262 5400 3600 5455 καταεκευά-

2009 5463 2123 5527 ζεις
2178 5470 2412 5521 κάκιστα
2459 5472 2550 5524 τὸν
2603 5476 2882 5548 Δεσπότην
2932 5479 3042 5534 τῶν
3091 5482 3280 5539 ὄντων.
3337 5489 3476 5543 Ἀλλ’
3505 5493 3598 5552 ,οὐ

2011 5556 2189 5628 πάντη
2221 5576 2278 5612 τε
2308 5563 2399 5615 καὶ
2447 5565 2670 5632 πάντως
2701 5571 2846 5640 φημὶ
2876 5572 2966 5626 τὸν
2997 5573 3133 5628 Θεὸν
3175 5578 3251 5648 μὴ
3297 5583 3598 5653 κεκλῆσθαι

2009 5648 2068 5698 τὸ
2097 5648 2261 5719 ἔχεν.

2095 5745 2238 5798 Ἀλλ’
2269 5747 2329 5801 οὐ
2356 5750 2581 5821 κυρίως,
2613 5757 2778 5824 φησὶν
2807 5758 2836 5810 6
2861 5761 3168 5833 φιλόσοφος.
3199 5767 3367 5821 Καὶεί
3398 5770 3475 5840 μὴ
3505 5788 3601 5826 κυ-

2015 5835 2143 5904 ρίως
2176 5839 2202 5890 ὁ
2235 5839 2368 5902 Θελς
2403 5840 2514 5911 ἔχει
2545 5843 2606 5895 τὸ
2650 5845 2819 5916 ἔχειν,
2863 5849 3051 5908 λοιπὸν
3092 5855 3153 5909 οὐ
3189 5858 3420 5913 πάετοτε
3466 5863 3600 5922 αὐτὸ

3045 5950 3123 6010 26
