  <div class='ocr_page' id='page_1' title='image "/cluster/home/n/w/nwhite01/storage/ocr_20150623/151:no.2/coo.31924054870567/426.png"; bbox 0 0 4090 6432; ppageno 0'>
   <div class='ocr_carea' id='block_1_1' title="bbox 409 425 511 486">
    <p class='ocr_par' dir='ltr' id='par_1_1' title="bbox 409 425 511 486">
     <span class='ocr_line' id='line_1_1' title="bbox 409 425 511 486; baseline -0.01 0"><span class='ocrx_word' id='word_1_1' title='bbox 409 425 511 486; x_wconf 63' lang='grc' dir='ltr'>8ῗ⁵3</span> 
     </span>
    </p>
   </div>
   <div class='ocr_carea' id='block_1_2' title="bbox 411 509 1835 596">
    <p class='ocr_par' dir='ltr' id='par_1_2' title="bbox 411 509 1835 596">
     <span class='ocr_line' id='line_1_2' title="bbox 411 509 1835 596; baseline -0.021 -7"><span class='ocrx_word' id='word_1_2' title='bbox 411 537 507 590; x_wconf 73' lang='grc' dir='ltr'>καὶ</span> <span class='ocrx_word' id='word_1_3' title='bbox 545 531 716 586; x_wconf 80' lang='grc' dir='ltr'>ταῦτα</span> <span class='ocrx_word' id='word_1_4' title='bbox 758 528 855 582; x_wconf 86' lang='grc' dir='ltr'>σύν</span> <span class='ocrx_word' id='word_1_5' title='bbox 880 544 945 596; x_wconf 85' lang='grc' dir='ltr'>γε</span> <span class='ocrx_word' id='word_1_6' title='bbox 967 526 1078 589; x_wconf 85' lang='grc' dir='ltr'>τοῖς</span> <span class='ocrx_word' id='word_1_7' title='bbox 1114 523 1313 584; x_wconf 76' lang='grc' dir='ltr'>ἄλλοις,</span> <span class='ocrx_word' id='word_1_8' title='bbox 1344 517 1490 588; x_wconf 78' lang='grc' dir='ltr'>φημὶ</span> <span class='ocrx_word' id='word_1_9' title='bbox 1514 513 1578 583; x_wconf 83' lang='grc' dir='ltr'>δὴ</span> <span class='ocrx_word' id='word_1_10' title='bbox 1606 513 1673 564; x_wconf 66' lang='grc' dir='ltr'>τά</span> <span class='ocrx_word' id='word_1_11' title='bbox 1737 509 1835 577; x_wconf 74' lang='grc' dir='ltr'>τῆς</span> 
     </span>
    </p>
   </div>
   <div class='ocr_carea' id='block_1_3' title="bbox 297 591 2348 695">
    <p class='ocr_par' dir='ltr' id='par_1_3' title="bbox 297 591 2348 695">
     <span class='ocr_line' id='line_1_3' title="bbox 297 591 2348 695; baseline -0.021 -13"><span class='ocrx_word' id='word_1_12' title='bbox 297 685 302 691; x_wconf 71' lang='grc'>,</span> <span class='ocrx_word' id='word_1_13' title='bbox 413 621 829 695; x_wconf 73' lang='grc' dir='ltr'>παροιμίας,καὶ</span> <span class='ocrx_word' id='word_1_14' title='bbox 851 591 952 686; x_wconf 74' lang='grc' dir='ltr'>τ’ῖις</span> <span class='ocrx_word' id='word_1_15' title='bbox 975 615 1136 679; x_wconf 86' lang='grc' dir='ltr'>κυνὸς</span> <span class='ocrx_word' id='word_1_16' title='bbox 1163 615 1260 681; x_wconf 80' lang='grc' dir='ltr'>τῆς</span> <span class='ocrx_word' id='word_1_17' title='bbox 1290 599 1888 676; x_wconf 73' lang='grc' dir='ltr'>σκυτοτραγούσης,καὶ</span> <span class='ocrx_word' id='word_1_18' title='bbox 1905 594 1982 665; x_wconf 83' lang='grc' dir='ltr'>τῷ</span> <span class='ocrx_word' id='word_1_19' title='bbox 2086 591 2217 645; x_wconf 77' lang='grc' dir='ltr'>Οὐδὲ</span> <span class='ocrx_word' id='word_1_20' title='bbox 2243 591 2348 656; x_wconf 79' lang='grc' dir='ltr'>γάρ</span> 
     </span>
    </p>
   </div>
   <div class='ocr_carea' id='block_1_4' title="bbox 414 673 2727 786">
    <p class='ocr_par' dir='ltr' id='par_1_4' title="bbox 414 673 2727 786">
     <span class='ocr_line' id='line_1_4' title="bbox 414 673 2727 786; baseline -0.015 -18"><span class='ocrx_word' id='word_1_21' title='bbox 414 673 1001 786; x_wconf 40' lang='grc' dir='ltr'>χορῷϊκσίίκαταλόγῳ</span> <span class='ocrx_word' id='word_1_22' title='bbox 1021 673 1131 758; x_wconf 73' lang='grc' dir='ltr'>τῶν</span> <span class='ocrx_word' id='word_1_23' title='bbox 1150 673 1412 770; x_wconf 72' lang='grc' dir='ltr'>ἀνωτέρω</span> <span class='ocrx_word' id='word_1_24' title='bbox 1441 673 1527 766; x_wconf 82' lang='grc' dir='ltr'>μοι</span> <span class='ocrx_word' id='word_1_25' title='bbox 1551 673 1853 767; x_wconf 75' lang='grc' dir='ltr'>λεχθέντων</span> <span class='ocrx_word' id='word_1_26' title='bbox 1875 694 1984 744; x_wconf 98' lang='grc' dir='ltr'>σῶν</span> <span class='ocrx_word' id='word_1_27' title='bbox 2086 683 2181 734; x_wconf 78' lang='grc' dir='ltr'>νέα</span> <span class='ocrx_word' id='word_1_28' title='bbox 2210 677 2439 748; x_wconf 70' lang='grc' dir='ltr'>ἀριθμὸς</span> <span class='ocrx_word' id='word_1_29' title='bbox 2473 675 2608 745; x_wconf 81' lang='grc' dir='ltr'>πρὸς</span> <span class='ocrx_word' id='word_1_30' title='bbox 2636 673 2727 723; x_wconf 77' lang='grc' dir='ltr'>τδν</span> 
     </span>
    </p>
   </div>
   <div class='ocr_carea' id='block_1_5' title="bbox 1189 371 2878 468">
    <p class='ocr_par' dir='ltr' id='par_1_5' title="bbox 1189 371 2878 468">
     <span class='ocr_line' id='line_1_5' title="bbox 1189 371 2878 468; baseline -0.024 1"><span class='ocrx_word' id='word_1_31' title='bbox 1189 404 1485 468; x_wconf 66' lang='lat' dir='ltr'>CONTRA</span> <span class='ocrx_word' id='word_1_32' title='bbox 1519 391 1957 461; x_wconf 77' lang='lat' dir='ltr'>GREGORAM</span> <span class='ocrx_word' id='word_1_33' title='bbox 2005 390 2044 445; x_wconf 80' lang='grc' dir='ltr'><strong>Α</strong></span> <span class='ocrx_word' id='word_1_34' title='bbox 2058 381 2347 446; x_wconf 79' lang='lat' dir='ltr'>NTIRRII</span> <span class='ocrx_word' id='word_1_35' title='bbox 2361 372 2746 438; x_wconf 53' lang='lat' dir='ltr'>ETIC&#39;TERUM</span> <span class='ocrx_word' id='word_1_36' title='bbox 2783 371 2878 431; x_wconf 86' lang='lat' dir='ltr'>IV.</span> 
     </span>
    </p>
   </div>
   <div class='ocr_carea' id='block_1_6' title="bbox 1878 467 3659 574">
    <p class='ocr_par' dir='ltr' id='par_1_6' title="bbox 1878 467 3659 574">
     <span class='ocr_line' id='line_1_6' title="bbox 1878 467 3659 574; baseline -0.022 -17"><span class='ocrx_word' id='word_1_37' title='bbox 1878 506 1979 572; x_wconf 80' lang='grc' dir='ltr'>σῆς</span> <span class='ocrx_word' id='word_1_38' title='bbox 2007 515 2055 574; x_wconf 67' lang='grc' dir='ltr'>Α</span> <span class='ocrx_word' id='word_1_39' title='bbox 2081 498 2343 565; x_wconf 72' lang='grc' dir='ltr'>ἀλλήλους</span> <span class='ocrx_word' id='word_1_40' title='bbox 2410 485 2813 547; x_wconf 75' lang='grc' dir='ltr'>κατασκευάζει</span> <span class='ocrx_word' id='word_1_41' title='bbox 2879 483 2992 541; x_wconf 84' lang='grc' dir='ltr'>τοῖς</span> <span class='ocrx_word' id='word_1_42' title='bbox 3065 472 3396 542; x_wconf 79' lang='grc' dir='ltr'>οοελογικοῖς</span> <span class='ocrx_word' id='word_1_43' title='bbox 3457 467 3659 533; x_wconf 73' lang='grc' dir='ltr'>λόγοις.</span> 
     </span>
    </p>
   </div>
   <div class='ocr_carea' id='block_1_7' title="bbox 3553 348 3660 412">
    <p class='ocr_par' dir='ltr' id='par_1_7' title="bbox 3553 348 3660 412">
     <span class='ocr_line' id='line_1_7' title="bbox 3553 348 3660 412; baseline 0.019 -3"><span class='ocrx_word' id='word_1_44' title='bbox 3553 348 3660 412; x_wconf 68' lang='lat' dir='ltr'>83L</span> 
     </span>
    </p>
   </div>
   <div class='ocr_carea' id='block_1_8' title="bbox 2372 559 3664 653">
    <p class='ocr_par' dir='ltr' id='par_1_8' title="bbox 2372 559 3664 653">
     <span class='ocr_line' id='line_1_8' title="bbox 2372 559 3664 653; baseline -0.026 -15"><span class='ocrx_word' id='word_1_45' title='bbox 2372 582 2604 653; x_wconf 77' lang='grc' dir='ltr'>ἐργῶδες</span> <span class='ocrx_word' id='word_1_46' title='bbox 2631 580 2769 631; x_wconf 84' lang='grc' dir='ltr'>πάνυ</span> <span class='ocrx_word' id='word_1_47' title='bbox 2795 573 3011 643; x_wconf 85' lang='grc' dir='ltr'>μαθεῖν,</span> <span class='ocrx_word' id='word_1_48' title='bbox 3034 572 3115 624; x_wconf 82' lang='grc' dir='ltr'>ὅτι</span> <span class='ocrx_word' id='word_1_49' title='bbox 3138 569 3200 622; x_wconf 82' lang='grc' dir='ltr'>ὃν</span> <span class='ocrx_word' id='word_1_50' title='bbox 3222 566 3378 631; x_wconf 78' lang='grc' dir='ltr'>λόγον</span> <span class='ocrx_word' id='word_1_51' title='bbox 3401 560 3510 629; x_wconf 75' lang='grc' dir='ltr'>ἔχει</span> <span class='ocrx_word' id='word_1_52' title='bbox 3535 561 3561 607; x_wconf 79' lang='grc' dir='ltr'>ὁ</span> <span class='ocrx_word' id='word_1_53' title='bbox 3585 559 3664 606; x_wconf 78' lang='grc' dir='ltr'>ὲν·</span> 
     </span>
    </p>
   </div>
   <div class='ocr_carea' id='block_1_9' title="bbox 2755 645 3667 738">
    <p class='ocr_par' dir='ltr' id='par_1_9' title="bbox 2755 645 3667 738">
     <span class='ocr_line' id='line_1_9' title="bbox 2755 645 3667 738; baseline -0.024 -16"><span class='ocrx_word' id='word_1_54' title='bbox 2755 669 2914 738; x_wconf 84' lang='grc' dir='ltr'>τρία,</span> <span class='ocrx_word' id='word_1_55' title='bbox 2949 666 3038 716; x_wconf 89' lang='grc' dir='ltr'>τὸν</span> <span class='ocrx_word' id='word_1_56' title='bbox 3065 661 3228 714; x_wconf 83' lang='grc' dir='ltr'>αὐτὸν</span> <span class='ocrx_word' id='word_1_57' title='bbox 3277 658 3390 726; x_wconf 68' lang='grc' dir='ltr'>ἔχει</span> <span class='ocrx_word' id='word_1_58' title='bbox 3418 651 3512 704; x_wconf 70' lang='grc' dir='ltr'>καὶ</span> <span class='ocrx_word' id='word_1_59' title='bbox 3545 651 3572 702; x_wconf 87' lang='grc' dir='ltr'>ὁ</span> <span class='ocrx_word' id='word_1_60' title='bbox 3606 645 3667 708; x_wconf 77' lang='grc' dir='ltr'>ἓξ</span> 
     </span>
    </p>
   </div>
   <div class='ocr_carea' id='block_1_10' title="bbox 339 739 3668 871">
    <p class='ocr_par' dir='ltr' id='par_1_10' title="bbox 339 739 3668 871">
     <span class='ocr_line' id='line_1_10' title="bbox 449 739 2530 785; baseline -0.016 -18"><span class='ocrx_word' id='word_1_61' title='bbox 449 739 476 768; x_wconf 86' lang='grc'>0</span> <span class='ocrx_word' id='word_1_62' title='bbox 515 739 582 785; x_wconf 76' lang='grc' dir='ltr'>ῳ,</span> <span class='ocrx_word' id='word_1_63' title='bbox 607 739 698 764; x_wconf 76' lang='grc' dir='ltr'>και</span> <span class='ocrx_word' id='word_1_64' title='bbox 720 739 915 764; x_wconf 61' lang='lat' dir='ltr'>ium-um:</span> <span class='ocrx_word' id='word_1_65' title='bbox 1032 739 1327 758; x_wconf 63' lang='grc' dir='ltr'>υυυνυυωυυ</span> <span class='ocrx_word' id='word_1_66' title='bbox 1368 739 1412 752; x_wconf 72' lang='grc' dir='ltr'>νυ</span> <span class='ocrx_word' id='word_1_67' title='bbox 1482 739 1527 750; x_wconf 69' lang='grc'>..-</span> <span class='ocrx_word' id='word_1_68' title='bbox 1553 739 1606 748; x_wconf 74' lang='lat'>..-</span> <span class='ocrx_word' id='word_1_69' title='bbox 1655 739 1846 748; x_wconf 57' lang='grc' dir='ltr'>--.πρυ</span> <span class='ocrx_word' id='word_1_70' title='bbox 1878 739 1977 744; x_wconf 50' lang='grc' dir='ltr'>-..γ</span> <span class='ocrx_word' id='word_1_71' title='bbox 2251 739 2264 748; x_wconf 86' lang='lat'>_</span> <span class='ocrx_word' id='word_1_72' title='bbox 2342 739 2354 746; x_wconf 82' lang='lat'>_</span> <span class='ocrx_word' id='word_1_73' title='bbox 2519 739 2530 745; x_wconf 84' lang='lat'>_</span> 
     </span>
     <span class='ocr_line' id='line_1_11' title="bbox 339 739 3668 871; baseline -0.016 -29"><span class='ocrx_word' id='word_1_74' title='bbox 339 837 346 842; x_wconf 97' lang='lat'>.</span> <span class='ocrx_word' id='word_1_75' title='bbox 414 739 710 862; x_wconf 51' lang='grc' dir='ltr'>ξιζνυσίων</span> <span class='ocrx_word' id='word_1_76' title='bbox 743 802 889 871; x_wconf 84' lang='grc' dir='ltr'>μάλα</span> <span class='ocrx_word' id='word_1_77' title='bbox 919 739 1296 869; x_wconf 43' lang='grc' dir='ltr'>⁸ιζέοσήκοντα,</span> <span class='ocrx_word' id='word_1_78' title='bbox 1331 739 1396 844; x_wconf 54' lang='grc' dir='ltr'>’ἕν’</span> <span class='ocrx_word' id='word_1_79' title='bbox 1422 739 1786 857; x_wconf 40' lang='grc' dir='ltr'>ἀμπλῶςΛὲχοις</span> <span class='ocrx_word' id='word_1_80' title='bbox 1813 786 1990 838; x_wconf 80' lang='grc' dir='ltr'>πάντα,</span> <span class='ocrx_word' id='word_1_81' title='bbox 2091 771 2225 841; x_wconf 82' lang='grc' dir='ltr'>πρὸς</span> <span class='ocrx_word' id='word_1_82' title='bbox 2260 770 2349 822; x_wconf 72' lang='grc' dir='ltr'>τὸν</span> <span class='ocrx_word' id='word_1_83' title='bbox 2382 767 2508 830; x_wconf 88' lang='grc' dir='ltr'>δύο,</span> <span class='ocrx_word' id='word_1_84' title='bbox 2543 764 2638 816; x_wconf 72' lang='grc' dir='ltr'>καί⁸</span> <span class='ocrx_word' id='word_1_85' title='bbox 2671 758 2900 822; x_wconf 76' lang='grc' dir='ltr'>ἐναλλὰξ</span> <span class='ocrx_word' id='word_1_86' title='bbox 2932 757 2989 809; x_wconf 85' lang='grc' dir='ltr'>ὃν</span> <span class='ocrx_word' id='word_1_87' title='bbox 3023 755 3137 824; x_wconf 77' lang='grc' dir='ltr'>ἔχει</span> <span class='ocrx_word' id='word_1_88' title='bbox 3180 753 3208 803; x_wconf 87' lang='grc' dir='ltr'>ὁ</span> <span class='ocrx_word' id='word_1_89' title='bbox 3241 749 3366 818; x_wconf 89' lang='grc' dir='ltr'>τρία</span> <span class='ocrx_word' id='word_1_90' title='bbox 3406 743 3540 814; x_wconf 86' lang='grc' dir='ltr'>πρὸς</span> <span class='ocrx_word' id='word_1_91' title='bbox 3573 739 3668 791; x_wconf 80' lang='grc' dir='ltr'>τὸν</span> 
     </span>
     <span class='ocr_line' id='line_1_12' title="bbox 2095 839 3430 871; baseline -0.01 13"><span class='ocrx_word' id='word_1_92' title='bbox 2095 864 2147 871; x_wconf 81' lang='lat'>--</span> <span class='ocrx_word' id='word_1_93' title='bbox 2284 863 2296 871; x_wconf 82' lang='lat'><strong><em>-</em></strong></span> <span class='ocrx_word' id='word_1_94' title='bbox 2405 861 2416 871; x_wconf 87' lang='lat'><strong>-</strong></span> <span class='ocrx_word' id='word_1_95' title='bbox 2464 865 2476 871; x_wconf 87' lang='lat'>-</span> <span class='ocrx_word' id='word_1_96' title='bbox 2557 857 2578 871; x_wconf 77' lang='grc' dir='ltr'>-ο</span> <span class='ocrx_word' id='word_1_97' title='bbox 2761 853 2774 871; x_wconf 68' lang='grc' dir='ltr'>ι</span> <span class='ocrx_word' id='word_1_98' title='bbox 2824 855 2835 871; x_wconf 85' lang='grc'>.</span> <span class='ocrx_word' id='word_1_99' title='bbox 2877 849 3027 871; x_wconf 45' lang='grc' dir='ltr'>ιηηι..</span> <span class='ocrx_word' id='word_1_100' title='bbox 3067 845 3194 871; x_wconf 71' lang='grc' dir='ltr'>..-λ.</span> <span class='ocrx_word' id='word_1_101' title='bbox 3224 845 3315 871; x_wconf 77' lang='grc'>-›..</span> <span class='ocrx_word' id='word_1_102' title='bbox 3370 839 3430 871; x_wconf 63' lang='grc' dir='ltr'>θέε</span> 
     </span>
    </p>
   </div>
   <div class='ocr_carea' id='block_1_11' title="bbox 418 876 1990 968">
    <p class='ocr_par' dir='ltr' id='par_1_11' title="bbox 418 876 1990 968">
     <span class='ocr_line' id='line_1_13' title="bbox 418 876 1990 968; baseline -0.015 -18"><span class='ocrx_word' id='word_1_103' title='bbox 418 899 568 968; x_wconf 77' lang='grc' dir='ltr'>παρὰ</span> <span class='ocrx_word' id='word_1_104' title='bbox 595 895 704 946; x_wconf 89' lang='grc' dir='ltr'>τῶν</span> <span class='ocrx_word' id='word_1_105' title='bbox 736 893 845 945; x_wconf 89' lang='grc' dir='ltr'>σῶν</span> <span class='ocrx_word' id='word_1_106' title='bbox 873 891 1094 960; x_wconf 79' lang='grc' dir='ltr'>ψήφων,</span> <span class='ocrx_word' id='word_1_107' title='bbox 1123 888 1221 940; x_wconf 73' lang='grc' dir='ltr'>καὶ</span> <span class='ocrx_word' id='word_1_108' title='bbox 1246 884 1345 954; x_wconf 77' lang='grc' dir='ltr'>τῆς</span> <span class='ocrx_word' id='word_1_109' title='bbox 1374 881 1497 936; x_wconf 82' lang='grc' dir='ltr'>καθ’</span> <span class='ocrx_word' id='word_1_110' title='bbox 1519 881 1746 950; x_wconf 81' lang='grc' dir='ltr'>ἑτέρων,</span> <span class='ocrx_word' id='word_1_111' title='bbox 1774 878 1846 939; x_wconf 83' lang='grc' dir='ltr'>ῶς</span> <span class='ocrx_word' id='word_1_112' title='bbox 1873 876 1990 928; x_wconf 77' lang='grc' dir='ltr'>ἐδό-</span> 
     </span>
    </p>
   </div>
   <div class='ocr_carea' id='block_1_12' title="bbox 419 967 1992 1058">
    <p class='ocr_par' dir='ltr' id='par_1_12' title="bbox 419 967 1992 1058">
     <span class='ocr_line' id='line_1_14' title="bbox 419 967 1992 1058; baseline -0.017 -13"><span class='ocrx_word' id='word_1_113' title='bbox 419 967 556 1052; x_wconf 83' lang='grc' dir='ltr'>κεις,</span> <span class='ocrx_word' id='word_1_114' title='bbox 593 985 929 1058; x_wconf 76' lang='grc' dir='ltr'>ἐρεσχελίας.</span> <span class='ocrx_word' id='word_1_115' title='bbox 966 982 1113 1050; x_wconf 84' lang='grc' dir='ltr'>Ὅρα</span> <span class='ocrx_word' id='word_1_116' title='bbox 1138 979 1196 1032; x_wconf 63' lang='grc' dir='ltr'>δὲ</span> <span class='ocrx_word' id='word_1_117' title='bbox 1223 977 1339 1040; x_wconf 84' lang='grc' dir='ltr'>πῶς</span> <span class='ocrx_word' id='word_1_118' title='bbox 1375 975 1469 1029; x_wconf 77' lang='grc' dir='ltr'>καὶ</span> <span class='ocrx_word' id='word_1_119' title='bbox 1500 972 1627 1034; x_wconf 78' lang='grc' dir='ltr'>τοὺς</span> <span class='ocrx_word' id='word_1_120' title='bbox 1688 967 1992 1038; x_wconf 81' lang='grc' dir='ltr'>λογισμούς</span> 
     </span>
    </p>
   </div>
   <div class='ocr_carea' id='block_1_13' title="bbox 423 1060 1994 1142">
    <p class='ocr_par' dir='ltr' id='par_1_13' title="bbox 423 1060 1994 1142">
     <span class='ocr_line' id='line_1_15' title="bbox 423 1060 1994 1142; baseline -0.017 -5"><span class='ocrx_word' id='word_1_121' title='bbox 423 1086 516 1137; x_wconf 81' lang='grc' dir='ltr'>καὶ</span> <span class='ocrx_word' id='word_1_122' title='bbox 547 1082 788 1135; x_wconf 86' lang='grc' dir='ltr'>διάνοιαν</span> <span class='ocrx_word' id='word_1_123' title='bbox 822 1080 851 1130; x_wconf 87' lang='grc' dir='ltr'>ό</span> <span class='ocrx_word' id='word_1_124' title='bbox 873 1075 1106 1133; x_wconf 78' lang='grc' dir='ltr'>δείλαιος</span> <span class='ocrx_word' id='word_1_125' title='bbox 1136 1068 1431 1142; x_wconf 77' lang='grc' dir='ltr'>ὲκτραπείς</span> <span class='ocrx_word' id='word_1_126' title='bbox 1463 1064 1568 1120; x_wconf 84' lang='grc' dir='ltr'>ὑπό</span> <span class='ocrx_word' id='word_1_127' title='bbox 1595 1081 1655 1118; x_wconf 88' lang='grc' dir='ltr'>τε</span> <span class='ocrx_word' id='word_1_128' title='bbox 1689 1063 1788 1132; x_wconf 80' lang='grc' dir='ltr'>τῆς</span> <span class='ocrx_word' id='word_1_129' title='bbox 1814 1060 1994 1114; x_wconf 91' lang='grc' dir='ltr'>συνοί-</span> 
     </span>
    </p>
   </div>
   <div class='ocr_carea' id='block_1_14' title="bbox 425 1152 1998 1242">
    <p class='ocr_par' dir='ltr' id='par_1_14' title="bbox 425 1152 1998 1242">
     <span class='ocr_line' id='line_1_16' title="bbox 425 1152 1998 1242; baseline -0.017 -14"><span class='ocrx_word' id='word_1_130' title='bbox 425 1191 522 1228; x_wconf 85' lang='grc' dir='ltr'>κου</span> <span class='ocrx_word' id='word_1_131' title='bbox 549 1171 742 1242; x_wconf 89' lang='grc' dir='ltr'>μανίας</span> <span class='ocrx_word' id='word_1_132' title='bbox 767 1185 826 1222; x_wconf 87' lang='grc' dir='ltr'>τε</span> <span class='ocrx_word' id='word_1_133' title='bbox 851 1169 942 1222; x_wconf 69' lang='grc' dir='ltr'>καὶ</span> <span class='ocrx_word' id='word_1_134' title='bbox 968 1163 1063 1218; x_wconf 89' lang='grc' dir='ltr'>τοῦ</span> <span class='ocrx_word' id='word_1_135' title='bbox 1092 1163 1312 1232; x_wconf 80' lang='grc' dir='ltr'>φθόνου,</span> <span class='ocrx_word' id='word_1_136' title='bbox 1341 1166 1441 1213; x_wconf 83' lang='grc' dir='ltr'>καί</span> <span class='ocrx_word' id='word_1_137' title='bbox 1469 1157 1532 1227; x_wconf 84' lang='grc' dir='ltr'>δὴ</span> <span class='ocrx_word' id='word_1_138' title='bbox 1553 1154 1768 1223; x_wconf 78' lang='grc' dir='ltr'>καὶτῆς</span> <span class='ocrx_word' id='word_1_139' title='bbox 1790 1152 1884 1205; x_wconf 89' lang='grc' dir='ltr'>τοῦ</span> <span class='ocrx_word' id='word_1_140' title='bbox 1910 1153 1998 1203; x_wconf 88' lang='grc' dir='ltr'>λέ-</span> 
     </span>
    </p>
   </div>
   <div class='ocr_carea' id='block_1_15' title="bbox 431 1241 1998 1333">
    <p class='ocr_par' dir='ltr' id='par_1_15' title="bbox 431 1241 1998 1333">
     <span class='ocr_line' id='line_1_17' title="bbox 431 1241 1998 1333; baseline -0.018 -16"><span class='ocrx_word' id='word_1_141' title='bbox 431 1282 544 1333; x_wconf 80' lang='grc' dir='ltr'>γειν</span> <span class='ocrx_word' id='word_1_142' title='bbox 575 1264 721 1331; x_wconf 79' lang='grc' dir='ltr'>ἔχειν</span> <span class='ocrx_word' id='word_1_143' title='bbox 757 1276 809 1311; x_wconf 89' lang='grc' dir='ltr'>τι</span> <span class='ocrx_word' id='word_1_144' title='bbox 841 1257 948 1310; x_wconf 87' lang='grc' dir='ltr'>τῶν</span> <span class='ocrx_word' id='word_1_145' title='bbox 979 1253 1211 1325; x_wconf 83' lang='grc' dir='ltr'>καιρίων</span> <span class='ocrx_word' id='word_1_146' title='bbox 1241 1245 1580 1317; x_wconf 78' lang='grc' dir='ltr'>περιφανοῦς</span> <span class='ocrx_word' id='word_1_147' title='bbox 1608 1241 1864 1312; x_wconf 81' lang='grc' dir='ltr'>ἀπορίας,</span> <span class='ocrx_word' id='word_1_148' title='bbox 1895 1255 1998 1292; x_wconf 84' lang='grc' dir='ltr'>κα-</span> 
     </span>
    </p>
   </div>
   <div class='ocr_carea' id='block_1_16' title="bbox 427 1336 1865 1426">
    <p class='ocr_par' dir='ltr' id='par_1_16' title="bbox 427 1336 1865 1426">
     <span class='ocr_line' id='line_1_18' title="bbox 427 1336 1865 1426; baseline -0.016 -16"><span class='ocrx_word' id='word_1_149' title='bbox 427 1357 606 1426; x_wconf 84' lang='grc' dir='ltr'>θάπερ</span> <span class='ocrx_word' id='word_1_150' title='bbox 639 1353 690 1404; x_wconf 89' lang='grc' dir='ltr'>οἰ</span> <span class='ocrx_word' id='word_1_151' title='bbox 743 1346 1222 1418; x_wconf 81' lang='grc' dir='ltr'>παραφρονοῦντες</span> <span class='ocrx_word' id='word_1_152' title='bbox 1276 1343 1371 1396; x_wconf 65' lang='grc' dir='ltr'>κειιὶ⁴</span> <span class='ocrx_word' id='word_1_153' title='bbox 1438 1336 1865 1408; x_wconf 78' lang='grc' dir='ltr'>παραπαίοντες,</span> 
     </span>
    </p>
   </div>
   <div class='ocr_carea' id='block_1_17' title="bbox 434 1427 2000 1514">
    <p class='ocr_par' dir='ltr' id='par_1_17' title="bbox 434 1427 2000 1514">
     <span class='ocr_line' id='line_1_19' title="bbox 434 1427 2000 1514; baseline -0.014 -15"><span class='ocrx_word' id='word_1_154' title='bbox 434 1447 532 1514; x_wconf 82' lang='grc' dir='ltr'>μὲν</span> <span class='ocrx_word' id='word_1_155' title='bbox 565 1444 707 1498; x_wconf 82' lang='grc' dir='ltr'>κατὰ</span> <span class='ocrx_word' id='word_1_156' title='bbox 733 1441 826 1495; x_wconf 88' lang='grc' dir='ltr'>τοῦ</span> <span class='ocrx_word' id='word_1_157' title='bbox 853 1443 1020 1508; x_wconf 67' lang='grc' dir='ltr'>τόμου</span> <span class='ocrx_word' id='word_1_158' title='bbox 1039 1478 1054 1504; x_wconf 93' lang='grc'>,</span> <span class='ocrx_word' id='word_1_159' title='bbox 1089 1435 1184 1490; x_wconf 88' lang='grc' dir='ltr'>νῦν</span> <span class='ocrx_word' id='word_1_160' title='bbox 1213 1436 1272 1488; x_wconf 80' lang='grc' dir='ltr'>δὲ</span> <span class='ocrx_word' id='word_1_161' title='bbox 1305 1434 1444 1487; x_wconf 74' lang='grc' dir='ltr'>κατὰ</span> <span class='ocrx_word' id='word_1_162' title='bbox 1475 1432 1586 1484; x_wconf 88' lang='grc' dir='ltr'>τῶν</span> <span class='ocrx_word' id='word_1_163' title='bbox 1621 1428 1820 1483; x_wconf 83' lang='grc' dir='ltr'>κοινῶν</span> <span class='ocrx_word' id='word_1_164' title='bbox 1854 1427 2000 1479; x_wconf 85' lang='grc' dir='ltr'>διδα-</span> 
     </span>
    </p>
   </div>
   <div class='ocr_carea' id='block_1_18' title="bbox 433 1519 2002 1605">
    <p class='ocr_par' dir='ltr' id='par_1_18' title="bbox 433 1519 2002 1605">
     <span class='ocr_line' id='line_1_20' title="bbox 433 1519 2002 1605; baseline -0.015 -13"><span class='ocrx_word' id='word_1_165' title='bbox 433 1540 648 1592; x_wconf 81' lang='grc' dir='ltr'>σκάλων</span> <span class='ocrx_word' id='word_1_166' title='bbox 675 1535 774 1605; x_wconf 84' lang='grc' dir='ltr'>τῆς</span> <span class='ocrx_word' id='word_1_167' title='bbox 803 1531 1150 1602; x_wconf 87' lang='grc' dir='ltr'>Ἐκκλησίας,</span> <span class='ocrx_word' id='word_1_168' title='bbox 1173 1527 1269 1582; x_wconf 86' lang='grc' dir='ltr'>νῦν</span> <span class='ocrx_word' id='word_1_169' title='bbox 1291 1527 1349 1580; x_wconf 81' lang='grc' dir='ltr'>δὲ</span> <span class='ocrx_word' id='word_1_170' title='bbox 1376 1525 1514 1579; x_wconf 86' lang='grc' dir='ltr'>κατά</span> <span class='ocrx_word' id='word_1_171' title='bbox 1540 1523 1634 1577; x_wconf 88' lang='grc' dir='ltr'>τοῦ</span> <span class='ocrx_word' id='word_1_172' title='bbox 1665 1519 2002 1592; x_wconf 72' lang='grc' dir='ltr'>προστυχςν-</span> 
     </span>
    </p>
   </div>
   <div class='ocr_carea' id='block_1_19' title="bbox 359 1611 2006 1692">
    <p class='ocr_par' dir='ltr' id='par_1_19' title="bbox 359 1611 2006 1692">
     <span class='ocr_line' id='line_1_21' title="bbox 359 1611 2006 1692; baseline -0.013 -10"><span class='ocrx_word' id='word_1_173' title='bbox 359 1675 364 1682; x_wconf 94' lang='grc'>.</span> <span class='ocrx_word' id='word_1_174' title='bbox 431 1648 521 1692; x_wconf 86' lang='grc' dir='ltr'>τος</span> <span class='ocrx_word' id='word_1_175' title='bbox 551 1629 744 1689; x_wconf 86' lang='grc' dir='ltr'>παντὸς</span> <span class='ocrx_word' id='word_1_176' title='bbox 771 1626 953 1692; x_wconf 87' lang='grc' dir='ltr'>λόγου,</span> <span class='ocrx_word' id='word_1_177' title='bbox 988 1623 1098 1676; x_wconf 79' lang='grc' dir='ltr'>εἴτε</span> <span class='ocrx_word' id='word_1_178' title='bbox 1123 1622 1234 1674; x_wconf 88' lang='grc' dir='ltr'>τῶν</span> <span class='ocrx_word' id='word_1_179' title='bbox 1269 1619 1420 1680; x_wconf 77' lang='grc' dir='ltr'>ἐντός</span> <span class='ocrx_word' id='word_1_180' title='bbox 1475 1633 1532 1669; x_wconf 88' lang='grc' dir='ltr'>τε</span> <span class='ocrx_word' id='word_1_181' title='bbox 1559 1615 1656 1668; x_wconf 71' lang='grc' dir='ltr'>καὶ</span> <span class='ocrx_word' id='word_1_182' title='bbox 1690 1611 2006 1683; x_wconf 83' lang='grc' dir='ltr'>ἡμετέρων,</span> 
     </span>
    </p>
   </div>
   <div class='ocr_carea' id='block_1_20' title="bbox 437 1703 2009 1784">
    <p class='ocr_par' dir='ltr' id='par_1_20' title="bbox 437 1703 2009 1784">
     <span class='ocr_line' id='line_1_22' title="bbox 437 1703 2009 1784; baseline -0.013 -9"><span class='ocrx_word' id='word_1_183' title='bbox 437 1724 545 1775; x_wconf 83' lang='grc' dir='ltr'>είτε</span> <span class='ocrx_word' id='word_1_184' title='bbox 589 1722 684 1774; x_wconf 72' lang='grc' dir='ltr'>καὶ</span> <span class='ocrx_word' id='word_1_185' title='bbox 722 1719 830 1772; x_wconf 86' lang='grc' dir='ltr'>τῶν</span> <span class='ocrx_word' id='word_1_186' title='bbox 873 1714 1109 1784; x_wconf 79' lang='grc' dir='ltr'>θύραθεν</span> <span class='ocrx_word' id='word_1_187' title='bbox 1149 1714 1258 1781; x_wconf 78' lang='grc' dir='ltr'>εἴη,</span> <span class='ocrx_word' id='word_1_188' title='bbox 1293 1712 1385 1764; x_wconf 70' lang='grc' dir='ltr'>καὶ</span> <span class='ocrx_word' id='word_1_189' title='bbox 1427 1708 1532 1777; x_wconf 84' lang='grc' dir='ltr'>πρό</span> <span class='ocrx_word' id='word_1_190' title='bbox 1574 1723 1640 1774; x_wconf 92' lang='grc' dir='ltr'>γε</span> <span class='ocrx_word' id='word_1_191' title='bbox 1682 1704 1794 1758; x_wconf 86' lang='grc' dir='ltr'>τῶν</span> <span class='ocrx_word' id='word_1_192' title='bbox 1835 1703 2009 1757; x_wconf 78' lang='grc' dir='ltr'>ἄλλων</span> 
     </span>
    </p>
   </div>
   <div class='ocr_carea' id='block_1_21' title="bbox 440 1793 2009 1878">
    <p class='ocr_par' dir='ltr' id='par_1_21' title="bbox 440 1793 2009 1878">
     <span class='ocr_line' id='line_1_23' title="bbox 440 1793 2009 1878; baseline -0.015 -10"><span class='ocrx_word' id='word_1_193' title='bbox 440 1804 967 1874; x_wconf 79' lang='grc' dir='ltr'>κατάὑτὸςὲαυτοῦ</span> <span class='ocrx_word' id='word_1_194' title='bbox 997 1809 1190 1878; x_wconf 86' lang='grc' dir='ltr'>χωρεῖ,</span> <span class='ocrx_word' id='word_1_195' title='bbox 1217 1805 1291 1873; x_wconf 85' lang='grc' dir='ltr'>μὴ</span> <span class='ocrx_word' id='word_1_196' title='bbox 1324 1801 1526 1862; x_wconf 74' lang='grc' dir='ltr'>συνιεὶς</span> <span class='ocrx_word' id='word_1_197' title='bbox 1552 1797 1662 1851; x_wconf 88' lang='grc' dir='ltr'>τῶν</span> <span class='ocrx_word' id='word_1_198' title='bbox 1687 1797 1817 1865; x_wconf 79' lang='grc' dir='ltr'>παρ’</span> <span class='ocrx_word' id='word_1_199' title='bbox 1848 1793 2009 1846; x_wconf 82' lang='grc' dir='ltr'>αὐτοῦ</span> 
     </span>
    </p>
   </div>
   <div class='ocr_carea' id='block_1_22' title="bbox 438 1888 2010 1976">
    <p class='ocr_par' dir='ltr' id='par_1_22' title="bbox 438 1888 2010 1976">
     <span class='ocr_line' id='line_1_24' title="bbox 438 1888 2010 1976; baseline -0.012 -16"><span class='ocrx_word' id='word_1_200' title='bbox 438 1908 744 1976; x_wconf 81' lang='grc' dir='ltr'>λεγομένων</span> <span class='ocrx_word' id='word_1_201' title='bbox 775 1905 931 1968; x_wconf 67' lang='grc' dir='ltr'>ὅλως,</span> <span class='ocrx_word' id='word_1_202' title='bbox 950 1903 1044 1955; x_wconf 68' lang='grc' dir='ltr'>καὶ</span> <span class='ocrx_word' id='word_1_203' title='bbox 1061 1902 1141 1954; x_wconf 82' lang='grc' dir='ltr'>ὅτι</span> <span class='ocrx_word' id='word_1_204' title='bbox 1160 1897 1280 1952; x_wconf 82' lang='grc' dir='ltr'>καθ’</span> <span class='ocrx_word' id='word_1_205' title='bbox 1301 1893 1496 1949; x_wconf 79' lang='grc' dir='ltr'>ἑαυτοῦ</span> <span class='ocrx_word' id='word_1_206' title='bbox 1528 1891 1703 1946; x_wconf 89' lang='grc' dir='ltr'>ταῦτα</span> <span class='ocrx_word' id='word_1_207' title='bbox 1726 1888 2010 1960; x_wconf 77' lang='grc' dir='ltr'>προφέρει.</span> 
     </span>
    </p>
   </div>
   <div class='ocr_carea' id='block_1_23' title="bbox 512 1979 2018 2069">
    <p class='ocr_par' dir='ltr' id='par_1_23' title="bbox 512 1979 2018 2069">
     <span class='ocr_line' id='line_1_25' title="bbox 512 1979 2018 2069; baseline -0.015 -17"><span class='ocrx_word' id='word_1_208' title='bbox 512 2000 733 2069; x_wconf 81' lang='grc' dir='ltr'>Πρῶτον</span> <span class='ocrx_word' id='word_1_209' title='bbox 775 1997 872 2066; x_wconf 77' lang='grc' dir='ltr'>μὲν</span> <span class='ocrx_word' id='word_1_210' title='bbox 891 1995 1000 2065; x_wconf 85' lang='grc' dir='ltr'>γάρ</span> <span class='ocrx_word' id='word_1_211' title='bbox 1023 1994 1116 2047; x_wconf 90' lang='grc' dir='ltr'>τὸν</span> <span class='ocrx_word' id='word_1_212' title='bbox 1143 1991 1286 2046; x_wconf 87' lang='grc' dir='ltr'>θεῖόν</span> <span class='ocrx_word' id='word_1_213' title='bbox 1319 2004 1454 2058; x_wconf 88' lang='grc' dir='ltr'>φησι</span> <span class='ocrx_word' id='word_1_214' title='bbox 1482 1983 1775 2055; x_wconf 84' lang='grc' dir='ltr'>Κύριλλον,</span> <span class='ocrx_word' id='word_1_215' title='bbox 1816 1981 1892 2050; x_wconf 85' lang='grc' dir='ltr'>μὴ</span> <span class='ocrx_word' id='word_1_216' title='bbox 1923 1979 2018 2033; x_wconf 78' lang='grc' dir='ltr'>καὶ</span> 
     </span>
    </p>
   </div>
   <div class='ocr_carea' id='block_1_24' title="bbox 443 2072 2013 2164">
    <p class='ocr_par' dir='ltr' id='par_1_24' title="bbox 443 2072 2013 2164">
     <span class='ocr_line' id='line_1_26' title="bbox 443 2072 2013 2164; baseline -0.016 -17"><span class='ocrx_word' id='word_1_217' title='bbox 443 2094 571 2164; x_wconf 80' lang='grc' dir='ltr'>περὶ</span> <span class='ocrx_word' id='word_1_218' title='bbox 595 2090 729 2144; x_wconf 84' lang='grc' dir='ltr'>Θεοῦ</span> <span class='ocrx_word' id='word_1_219' title='bbox 765 2089 857 2143; x_wconf 81' lang='grc' dir='ltr'>τὸν</span> <span class='ocrx_word' id='word_1_220' title='bbox 884 2083 1245 2154; x_wconf 87' lang='grc' dir='ltr'>συλλογισμὸν</span> <span class='ocrx_word' id='word_1_221' title='bbox 1313 2082 1521 2133; x_wconf 77' lang='grc' dir='ltr'>ἐκεῖνον</span> <span class='ocrx_word' id='word_1_222' title='bbox 1575 2077 1771 2138; x_wconf 76' lang='grc' dir='ltr'>εἰπεῖν,</span> <span class='ocrx_word' id='word_1_223' title='bbox 1833 2073 1906 2143; x_wconf 86' lang='grc' dir='ltr'>μὴ</span> <span class='ocrx_word' id='word_1_224' title='bbox 1940 2072 2013 2124; x_wconf 86' lang='grc' dir='ltr'>εί-</span> 
     </span>
    </p>
   </div>
   <div class='ocr_carea' id='block_1_25' title="bbox 443 2165 2014 2251">
    <p class='ocr_par' dir='ltr' id='par_1_25' title="bbox 443 2165 2014 2251">
     <span class='ocr_line' id='line_1_27' title="bbox 443 2165 2014 2251; baseline -0.016 -14"><span class='ocrx_word' id='word_1_225' title='bbox 443 2186 549 2246; x_wconf 84' lang='grc' dir='ltr'>δὼς</span> <span class='ocrx_word' id='word_1_226' title='bbox 578 2186 720 2251; x_wconf 77' lang='grc' dir='ltr'>άπερ</span> <span class='ocrx_word' id='word_1_227' title='bbox 751 2180 899 2247; x_wconf 82' lang='grc' dir='ltr'>λέγει</span> <span class='ocrx_word' id='word_1_228' title='bbox 919 2175 1257 2247; x_wconf 84' lang='grc' dir='ltr'>περιφανῶς.</span> <span class='ocrx_word' id='word_1_229' title='bbox 1297 2173 1356 2225; x_wconf 89' lang='grc' dir='ltr'>Ὃ</span> <span class='ocrx_word' id='word_1_230' title='bbox 1377 2170 1487 2240; x_wconf 74' lang='grc' dir='ltr'>γὰρ</span> <span class='ocrx_word' id='word_1_231' title='bbox 1505 2167 1684 2229; x_wconf 82' lang='grc' dir='ltr'>κοινὸς</span> <span class='ocrx_word' id='word_1_232' title='bbox 1713 2165 1897 2218; x_wconf 73' lang='grc' dir='ltr'>οὐτοσὶ</span> <span class='ocrx_word' id='word_1_233' title='bbox 1914 2165 2014 2231; x_wconf 81' lang='grc' dir='ltr'>τῆς</span> 
     </span>
    </p>
   </div>
   <div class='ocr_carea' id='block_1_26' title="bbox 448 2259 2021 2348">
    <p class='ocr_par' dir='ltr' id='par_1_26' title="bbox 448 2259 2021 2348">
     <span class='ocr_line' id='line_1_28' title="bbox 448 2259 2021 2348; baseline -0.017 -17"><span class='ocrx_word' id='word_1_234' title='bbox 448 2277 688 2348; x_wconf 84' lang='grc' dir='ltr'>Χριστοῦ</span> <span class='ocrx_word' id='word_1_235' title='bbox 731 2270 1056 2341; x_wconf 87' lang='grc' dir='ltr'>Ἐκκλησίας</span> <span class='ocrx_word' id='word_1_236' title='bbox 1092 2266 1439 2328; x_wconf 86' lang='grc' dir='ltr'>διδάσκαλος,</span> <span class='ocrx_word' id='word_1_237' title='bbox 1481 2259 1702 2326; x_wconf 79' lang='grc' dir='ltr'>καθάδὴ</span> <span class='ocrx_word' id='word_1_238' title='bbox 1733 2259 1829 2310; x_wconf 76' lang='grc' dir='ltr'>καὶ</span> <span class='ocrx_word' id='word_1_239' title='bbox 1883 2271 2021 2324; x_wconf 77' lang='grc' dir='ltr'>προ-ο</span> 
     </span>
    </p>
   </div>
   <div class='ocr_carea' id='block_1_27' title="bbox 449 2351 2022 2437">
    <p class='ocr_par' dir='ltr' id='par_1_27' title="bbox 449 2351 2022 2437">
     <span class='ocr_line' id='line_1_29' title="bbox 449 2351 2022 2437; baseline -0.015 -14"><span class='ocrx_word' id='word_1_240' title='bbox 449 2370 630 2423; x_wconf 87' lang='grc' dir='ltr'>λαϐὼν</span> <span class='ocrx_word' id='word_1_241' title='bbox 660 2368 818 2437; x_wconf 78' lang='grc' dir='ltr'>ἔφην,</span> <span class='ocrx_word' id='word_1_242' title='bbox 851 2366 989 2435; x_wconf 79' lang='grc' dir='ltr'>πρὸς</span> <span class='ocrx_word' id='word_1_243' title='bbox 1021 2359 1334 2437; x_wconf 78' lang='grc' dir='ltr'>Ἀρειανοῦς</span> <span class='ocrx_word' id='word_1_244' title='bbox 1370 2357 1462 2410; x_wconf 88' lang='grc' dir='ltr'>τὸν</span> <span class='ocrx_word' id='word_1_245' title='bbox 1489 2355 1646 2422; x_wconf 82' lang='grc' dir='ltr'>λόγον</span> <span class='ocrx_word' id='word_1_246' title='bbox 1680 2351 2022 2419; x_wconf 88' lang='grc' dir='ltr'>ποιούμενος,</span> 
     </span>
    </p>
   </div>
   <div class='ocr_carea' id='block_1_28' title="bbox 451 2436 2028 2531">
    <p class='ocr_par' dir='ltr' id='par_1_28' title="bbox 451 2436 2028 2531">
     <span class='ocr_line' id='line_1_30' title="bbox 451 2436 2028 2531; baseline -0.016 -15"><span class='ocrx_word' id='word_1_247' title='bbox 451 2462 660 2531; x_wconf 77' lang='grc' dir='ltr'>κτίσμα</span> <span class='ocrx_word' id='word_1_248' title='bbox 684 2436 776 2513; x_wconf 83' lang='grc' dir='ltr'>τὸν</span> <span class='ocrx_word' id='word_1_249' title='bbox 798 2457 929 2511; x_wconf 87' lang='grc' dir='ltr'>Υἰὸν</span> <span class='ocrx_word' id='word_1_250' title='bbox 955 2453 1050 2509; x_wconf 89' lang='grc' dir='ltr'>τοῦ</span> <span class='ocrx_word' id='word_1_251' title='bbox 1083 2436 1219 2507; x_wconf 81' lang='grc' dir='ltr'>Θεοῦ</span> <span class='ocrx_word' id='word_1_252' title='bbox 1244 2451 1425 2518; x_wconf 86' lang='grc' dir='ltr'>λέγειν</span> <span class='ocrx_word' id='word_1_253' title='bbox 1450 2445 1789 2516; x_wconf 85' lang='grc' dir='ltr'>τολμῶντας,</span> <span class='ocrx_word' id='word_1_254' title='bbox 1817 2445 1876 2495; x_wconf 81' lang='grc' dir='ltr'>ὲν</span> <span class='ocrx_word' id='word_1_255' title='bbox 1912 2441 2028 2493; x_wconf 86' lang='grc' dir='ltr'>δια-</span> 
     </span>
    </p>
   </div>
   <div class='ocr_carea' id='block_1_29' title="bbox 457 2533 2027 2624">
    <p class='ocr_par' dir='ltr' id='par_1_29' title="bbox 457 2533 2027 2624">
     <span class='ocr_line' id='line_1_31' title="bbox 457 2533 2027 2624; baseline -0.015 -15"><span class='ocrx_word' id='word_1_256' title='bbox 457 2557 642 2624; x_wconf 81' lang='grc' dir='ltr'>φόροις</span> <span class='ocrx_word' id='word_1_257' title='bbox 672 2553 785 2605; x_wconf 81' lang='grc' dir='ltr'>τισί</span> <span class='ocrx_word' id='word_1_258' title='bbox 810 2549 1124 2618; x_wconf 69' lang='grc' dir='ltr'>κεφαλαίοις</span> <span class='ocrx_word' id='word_1_259' title='bbox 1149 2545 1417 2615; x_wconf 81' lang='grc' dir='ltr'>διαφόρως</span> <span class='ocrx_word' id='word_1_260' title='bbox 1446 2539 1717 2610; x_wconf 74' lang='grc' dir='ltr'>ἐπιχειρεῖ</span> <span class='ocrx_word' id='word_1_261' title='bbox 1746 2537 1844 2590; x_wconf 68' lang='grc' dir='ltr'>καὶ</span> <span class='ocrx_word' id='word_1_262' title='bbox 1899 2533 2027 2587; x_wconf 86' lang='grc' dir='ltr'>συλ-</span> 
     </span>
    </p>
   </div>
   <div class='ocr_carea' id='block_1_30' title="bbox 455 2625 2027 2716">
    <p class='ocr_par' dir='ltr' id='par_1_30' title="bbox 455 2625 2027 2716">
     <span class='ocr_line' id='line_1_32' title="bbox 455 2625 2027 2716; baseline -0.014 -16"><span class='ocrx_word' id='word_1_263' title='bbox 455 2647 730 2716; x_wconf 75' lang='grc' dir='ltr'>λογίζεται</span> <span class='ocrx_word' id='word_1_264' title='bbox 775 2643 904 2710; x_wconf 77' lang='grc' dir='ltr'>περὶ</span> <span class='ocrx_word' id='word_1_265' title='bbox 937 2641 1045 2693; x_wconf 85' lang='grc' dir='ltr'>τῶν</span> <span class='ocrx_word' id='word_1_266' title='bbox 1079 2637 1279 2692; x_wconf 80' lang='grc' dir='ltr'>αὐτῶν.</span> <span class='ocrx_word' id='word_1_267' title='bbox 1317 2634 1408 2688; x_wconf 85' lang='grc' dir='ltr'>Διὸ</span> <span class='ocrx_word' id='word_1_268' title='bbox 1447 2633 1542 2686; x_wconf 79' lang='grc' dir='ltr'>καὶ</span> <span class='ocrx_word' id='word_1_269' title='bbox 1574 2630 1672 2700; x_wconf 85' lang='grc' dir='ltr'>τὴν</span> <span class='ocrx_word' id='word_1_270' title='bbox 1708 2625 2027 2697; x_wconf 76' lang='grc' dir='ltr'>ἐπιγραφὴν</span> 
     </span>
    </p>
   </div>
   <div class='ocr_carea' id='block_1_31' title="bbox 459 2721 2031 2800">
    <p class='ocr_par' dir='ltr' id='par_1_31' title="bbox 459 2721 2031 2800">
     <span class='ocr_line' id='line_1_33' title="bbox 459 2721 2031 2800; baseline -0.017 -6"><span class='ocrx_word' id='word_1_271' title='bbox 459 2739 557 2794; x_wconf 85' lang='grc' dir='ltr'>ῶδί</span> <span class='ocrx_word' id='word_1_272' title='bbox 593 2755 707 2799; x_wconf 86' lang='grc' dir='ltr'>πως</span> <span class='ocrx_word' id='word_1_273' title='bbox 744 2736 928 2795; x_wconf 76' lang='grc' dir='ltr'>αὐτοῖς</span> <span class='ocrx_word' id='word_1_274' title='bbox 968 2729 1298 2800; x_wconf 79' lang='grc' dir='ltr'>ἐπιτίθησιν,</span> <span class='ocrx_word' id='word_1_275' title='bbox 1317 2728 1398 2780; x_wconf 83' lang='grc' dir='ltr'>ὅτι</span> <span class='ocrx_word' id='word_1_276' title='bbox 1438 2725 1514 2796; x_wconf 79' lang='grc' dir='ltr'>μὴ</span> <span class='ocrx_word' id='word_1_277' title='bbox 1557 2722 1756 2777; x_wconf 87' lang='grc' dir='ltr'>ταυτὸν</span> <span class='ocrx_word' id='word_1_278' title='bbox 1821 2721 2031 2786; x_wconf 83' lang='grc' dir='ltr'>κτίσμα</span> 
     </span>
    </p>
   </div>
   <div class='ocr_carea' id='block_1_32' title="bbox 462 2810 2031 2900">
    <p class='ocr_par' dir='ltr' id='par_1_32' title="bbox 462 2810 2031 2900">
     <span class='ocr_line' id='line_1_34' title="bbox 462 2810 2031 2900; baseline -0.014 -14"><span class='ocrx_word' id='word_1_279' title='bbox 462 2831 559 2886; x_wconf 70' lang='grc' dir='ltr'>καὶ</span> <span class='ocrx_word' id='word_1_280' title='bbox 585 2831 850 2900; x_wconf 82' lang='grc' dir='ltr'>γέννημα,</span> <span class='ocrx_word' id='word_1_281' title='bbox 873 2825 1008 2896; x_wconf 84' lang='grc' dir='ltr'>μηδὲ</span> <span class='ocrx_word' id='word_1_282' title='bbox 1035 2822 1112 2892; x_wconf 81' lang='grc' dir='ltr'>τῷ</span> <span class='ocrx_word' id='word_1_283' title='bbox 1143 2820 1348 2885; x_wconf 88' lang='grc' dir='ltr'>κτίζειν</span> <span class='ocrx_word' id='word_1_284' title='bbox 1389 2818 1451 2870; x_wconf 89' lang='grc' dir='ltr'>τὸ</span> <span class='ocrx_word' id='word_1_285' title='bbox 1497 2816 1694 2886; x_wconf 81' lang='grc' dir='ltr'>γεννᾷν</span> <span class='ocrx_word' id='word_1_286' title='bbox 1733 2813 1824 2866; x_wconf 81' lang='grc' dir='ltr'>ὲπί</span> <span class='ocrx_word' id='word_1_287' title='bbox 1875 2810 2031 2864; x_wconf 86' lang='grc' dir='ltr'>Θεοῦ.</span> 
     </span>
    </p>
   </div>
   <div class='ocr_carea' id='block_1_33' title="bbox 467 2903 2037 2990">
    <p class='ocr_par' dir='ltr' id='par_1_33' title="bbox 467 2903 2037 2990">
     <span class='ocr_line' id='line_1_35' title="bbox 467 2903 2037 2990; baseline -0.013 -15"><span class='ocrx_word' id='word_1_288' title='bbox 467 2921 694 2990; x_wconf 86' lang='grc' dir='ltr'>Πρῶτον</span> <span class='ocrx_word' id='word_1_289' title='bbox 718 2919 816 2989; x_wconf 81' lang='grc' dir='ltr'>μὲν</span> <span class='ocrx_word' id='word_1_290' title='bbox 866 2913 960 2970; x_wconf 84' lang='grc' dir='ltr'>οὖν</span> <span class='ocrx_word' id='word_1_291' title='bbox 1015 2914 1147 2968; x_wconf 81' lang='grc' dir='ltr'>αὐτὸ</span> <span class='ocrx_word' id='word_1_292' title='bbox 1171 2913 1328 2966; x_wconf 87' lang='grc' dir='ltr'>τοῦτο</span> <span class='ocrx_word' id='word_1_293' title='bbox 1380 2908 1706 2977; x_wconf 83' lang='grc' dir='ltr'>συκοφαντεῖ</span> <span class='ocrx_word' id='word_1_294' title='bbox 1745 2905 1835 2958; x_wconf 87' lang='grc' dir='ltr'>τὸν</span> <span class='ocrx_word' id='word_1_295' title='bbox 1891 2903 2037 2974; x_wconf 83' lang='grc' dir='ltr'>ἱερὸν</span> 
     </span>
    </p>
   </div>
   <div class='ocr_carea' id='block_1_34' title="bbox 465 2994 2036 3082">
    <p class='ocr_par' dir='ltr' id='par_1_34' title="bbox 465 2994 2036 3082">
     <span class='ocr_line' id='line_1_36' title="bbox 465 2994 2036 3082; baseline -0.015 -16"><span class='ocrx_word' id='word_1_296' title='bbox 465 3012 759 3082; x_wconf 79' lang='grc' dir='ltr'>Κύριλλον,</span> <span class='ocrx_word' id='word_1_297' title='bbox 794 3009 868 3079; x_wconf 85' lang='grc' dir='ltr'>μὴ</span> <span class='ocrx_word' id='word_1_298' title='bbox 888 3007 982 3061; x_wconf 74' lang='grc' dir='ltr'>καὶ</span> <span class='ocrx_word' id='word_1_299' title='bbox 1007 3006 1138 3077; x_wconf 76' lang='grc' dir='ltr'>περὶ</span> <span class='ocrx_word' id='word_1_300' title='bbox 1171 3003 1308 3056; x_wconf 80' lang='grc' dir='ltr'>Θεοῦ</span> <span class='ocrx_word' id='word_1_301' title='bbox 1379 2997 1810 3070; x_wconf 83' lang='grc' dir='ltr'>προηγουμένως</span> <span class='ocrx_word' id='word_1_302' title='bbox 1861 2994 2036 3062; x_wconf 85' lang='grc' dir='ltr'>λέγων</span> 
     </span>
    </p>
   </div>
   <div class='ocr_carea' id='block_1_35' title="bbox 467 3084 2037 3165">
    <p class='ocr_par' dir='ltr' id='par_1_35' title="bbox 467 3084 2037 3165">
     <span class='ocr_line' id='line_1_37' title="bbox 467 3084 2037 3165; baseline -0.015 -8"><span class='ocrx_word' id='word_1_303' title='bbox 467 3106 632 3158; x_wconf 79' lang='grc' dir='ltr'>αὑτὸν</span> <span class='ocrx_word' id='word_1_304' title='bbox 666 3105 859 3165; x_wconf 84' lang='grc' dir='ltr'>εἰπεῖν,</span> <span class='ocrx_word' id='word_1_305' title='bbox 894 3099 1085 3150; x_wconf 79' lang='grc' dir='ltr'>ἔπειτα</span> <span class='ocrx_word' id='word_1_306' title='bbox 1107 3096 1175 3148; x_wconf 79' lang='grc' dir='ltr'>τὰ</span> <span class='ocrx_word' id='word_1_307' title='bbox 1200 3095 1326 3163; x_wconf 78' lang='grc' dir='ltr'>ἑξῆς</span> <span class='ocrx_word' id='word_1_308' title='bbox 1351 3091 1500 3161; x_wconf 80' lang='grc' dir='ltr'>αὐτῷ</span> <span class='ocrx_word' id='word_1_309' title='bbox 1528 3089 1580 3143; x_wconf 90' lang='grc' dir='ltr'>τί</span> <span class='ocrx_word' id='word_1_310' title='bbox 1625 3089 1720 3141; x_wconf 71' lang='grc' dir='ltr'>καὶ</span> <span class='ocrx_word' id='word_1_311' title='bbox 1765 3084 2037 3156; x_wconf 87' lang='grc' dir='ltr'>βούλεται,</span> 
     </span>
    </p>
   </div>
   <div class='ocr_carea' id='block_1_36' title="bbox 467 3177 2108 3268">
    <p class='ocr_par' dir='ltr' id='par_1_36' title="bbox 467 3177 2108 3268">
     <span class='ocr_line' id='line_1_38' title="bbox 467 3177 2108 3268; baseline -0.017 -17"><span class='ocrx_word' id='word_1_312' title='bbox 467 3198 702 3268; x_wconf 76' lang='grc' dir='ltr'>χαλεπὸν</span> <span class='ocrx_word' id='word_1_313' title='bbox 723 3195 788 3248; x_wconf 82' lang='grc' dir='ltr'>ἂν</span> <span class='ocrx_word' id='word_1_314' title='bbox 818 3193 904 3262; x_wconf 81' lang='grc' dir='ltr'>εἴη</span> <span class='ocrx_word' id='word_1_315' title='bbox 937 3191 1030 3244; x_wconf 68' lang='grc' dir='ltr'>καὶ</span> <span class='ocrx_word' id='word_1_316' title='bbox 1052 3188 1287 3240; x_wconf 86' lang='grc' dir='ltr'>συνιδεῖν</span> <span class='ocrx_word' id='word_1_317' title='bbox 1313 3202 1326 3216; x_wconf 90' lang='grc'><strong>·</strong></span> <span class='ocrx_word' id='word_1_318' title='bbox 1359 3183 1558 3253; x_wconf 83' lang='grc' dir='ltr'>μᾶλλον</span> <span class='ocrx_word' id='word_1_319' title='bbox 1590 3180 1647 3234; x_wconf 82' lang='grc' dir='ltr'>δὲ</span> <span class='ocrx_word' id='word_1_320' title='bbox 1672 3179 1732 3232; x_wconf 90' lang='grc' dir='ltr'>τὸ</span> <span class='ocrx_word' id='word_1_321' title='bbox 1773 3177 1870 3246; x_wconf 85' lang='grc' dir='ltr'>μὲν</span> <span class='ocrx_word' id='word_1_322' title='bbox 1893 3191 2040 3227; x_wconf 88' lang='grc' dir='ltr'>συνι-</span> <span class='ocrx_word' id='word_1_323' title='bbox 2067 3188 2108 3246; x_wconf 79' lang='lat' dir='ltr'><strong><em>C</em></strong></span> 
     </span>
    </p>
   </div>
   <div class='ocr_carea' id='block_1_37' title="bbox 411 3269 2038 3360">
    <p class='ocr_par' dir='ltr' id='par_1_37' title="bbox 411 3269 2038 3360">
     <span class='ocr_line' id='line_1_39' title="bbox 411 3269 2038 3360; baseline -0.015 -16"><span class='ocrx_word' id='word_1_324' title='bbox 411 3357 414 3360; x_wconf 95' lang='lat'><em>_</em></span> <span class='ocrx_word' id='word_1_325' title='bbox 465 3289 580 3343; x_wconf 84' lang='grc' dir='ltr'>δεῖν</span> <span class='ocrx_word' id='word_1_326' title='bbox 610 3288 700 3340; x_wconf 82' lang='grc' dir='ltr'>καὶ</span> <span class='ocrx_word' id='word_1_327' title='bbox 734 3287 931 3357; x_wconf 72' lang='grc' dir='ltr'>ῥᾷστον</span> <span class='ocrx_word' id='word_1_328' title='bbox 952 3323 966 3343; x_wconf 87' lang='grc'>,</span> <span class='ocrx_word' id='word_1_329' title='bbox 999 3281 1091 3334; x_wconf 71' lang='grc' dir='ltr'>καὶ</span> <span class='ocrx_word' id='word_1_330' title='bbox 1122 3278 1214 3333; x_wconf 88' lang='grc' dir='ltr'>τοῦ</span> <span class='ocrx_word' id='word_1_331' title='bbox 1250 3275 1573 3348; x_wconf 80' lang='grc' dir='ltr'>βουλομένου</span> <span class='ocrx_word' id='word_1_332' title='bbox 1608 3273 1828 3331; x_wconf 79' lang='grc' dir='ltr'>πάντως</span> <span class='ocrx_word' id='word_1_333' title='bbox 1850 3311 1865 3336; x_wconf 95' lang='grc'>,</span> <span class='ocrx_word' id='word_1_334' title='bbox 1897 3270 1948 3321; x_wconf 84' lang='grc' dir='ltr'>τί</span> <span class='ocrx_word' id='word_1_335' title='bbox 1981 3269 2038 3320; x_wconf 78' lang='grc' dir='ltr'>δὲ</span> 
     </span>
    </p>
   </div>
   <div class='ocr_carea' id='block_1_38' title="bbox 401 3360 2044 3452">
    <p class='ocr_par' dir='ltr' id='par_1_38' title="bbox 401 3360 2044 3452">
     <span class='ocr_line' id='line_1_40' title="bbox 401 3360 2044 3452; baseline -0.015 -16"><span class='ocrx_word' id='word_1_336' title='bbox 401 3361 414 3374; x_wconf 38' lang='grc' dir='ltr'><em>Ι</em></span> <span class='ocrx_word' id='word_1_337' title='bbox 470 3382 610 3452; x_wconf 77' lang='grc' dir='ltr'>πρὸς</span> <span class='ocrx_word' id='word_1_338' title='bbox 655 3381 746 3432; x_wconf 87' lang='grc' dir='ltr'>τὸν</span> <span class='ocrx_word' id='word_1_339' title='bbox 789 3376 881 3430; x_wconf 87' lang='grc' dir='ltr'>τοῦ</span> <span class='ocrx_word' id='word_1_340' title='bbox 926 3375 1086 3443; x_wconf 85' lang='grc' dir='ltr'>λόγου</span> <span class='ocrx_word' id='word_1_341' title='bbox 1136 3370 1336 3424; x_wconf 86' lang='grc' dir='ltr'>σκοπὸν</span> <span class='ocrx_word' id='word_1_342' title='bbox 1381 3367 1553 3421; x_wconf 89' lang='grc' dir='ltr'>ταῦτα</span> <span class='ocrx_word' id='word_1_343' title='bbox 1597 3365 1720 3417; x_wconf 79' lang='grc' dir='ltr'>οὐδὲ</span> <span class='ocrx_word' id='word_1_344' title='bbox 1769 3361 1836 3416; x_wconf 82' lang='grc' dir='ltr'>ἂν</span> <span class='ocrx_word' id='word_1_345' title='bbox 1881 3360 2044 3416; x_wconf 83' lang='grc' dir='ltr'>αὐτὸν</span> 
     </span>
    </p>
   </div>
   <div class='ocr_carea' id='block_1_39' title="bbox 471 3455 2046 3543">
    <p class='ocr_par' dir='ltr' id='par_1_39' title="bbox 471 3455 2046 3543">
     <span class='ocr_line' id='line_1_41' title="bbox 471 3455 2046 3543; baseline -0.015 -17"><span class='ocrx_word' id='word_1_346' title='bbox 471 3469 628 3543; x_wconf 73' lang='grc' dir='ltr'>οἶμαι</span> <span class='ocrx_word' id='word_1_347' title='bbox 652 3472 743 3523; x_wconf 86' lang='grc' dir='ltr'>τὸν</span> <span class='ocrx_word' id='word_1_348' title='bbox 771 3471 1069 3538; x_wconf 83' lang='grc' dir='ltr'>γεννήτορά</span> <span class='ocrx_word' id='word_1_349' title='bbox 1113 3464 1318 3517; x_wconf 89' lang='grc' dir='ltr'>τούτων</span> <span class='ocrx_word' id='word_1_350' title='bbox 1361 3460 1508 3529; x_wconf 83' lang='grc' dir='ltr'>ἔχειν</span> <span class='ocrx_word' id='word_1_351' title='bbox 1565 3459 1762 3510; x_wconf 78' lang='grc' dir='ltr'>εἰπεῖν.</span> <span class='ocrx_word' id='word_1_352' title='bbox 1833 3455 2046 3524; x_wconf 83' lang='grc' dir='ltr'>Ὥσπερ</span> 
     </span>
    </p>
   </div>
   <div class='ocr_carea' id='block_1_40' title="bbox 472 3547 2078 3636">
    <p class='ocr_par' dir='ltr' id='par_1_40' title="bbox 472 3547 2078 3636">
     <span class='ocr_line' id='line_1_42' title="bbox 472 3547 2078 3636; baseline -0.014 -16"><span class='ocrx_word' id='word_1_353' title='bbox 472 3567 583 3636; x_wconf 87' lang='grc' dir='ltr'>γάρ</span> <span class='ocrx_word' id='word_1_354' title='bbox 607 3581 754 3625; x_wconf 88' lang='grc' dir='ltr'>τινος</span> <span class='ocrx_word' id='word_1_355' title='bbox 784 3561 907 3615; x_wconf 86' lang='grc' dir='ltr'>καθ’</span> <span class='ocrx_word' id='word_1_356' title='bbox 947 3557 1205 3612; x_wconf 77' lang='grc' dir='ltr'>ὑπόθεσιν</span> <span class='ocrx_word' id='word_1_357' title='bbox 1237 3554 1544 3625; x_wconf 87' lang='grc' dir='ltr'>εἰρηκότος,</span> <span class='ocrx_word' id='word_1_358' title='bbox 1573 3549 1649 3613; x_wconf 86' lang='grc' dir='ltr'>ὼς</span> <span class='ocrx_word' id='word_1_359' title='bbox 1679 3550 1728 3601; x_wconf 78' lang='grc' dir='ltr'>οἱ</span> <span class='ocrx_word' id='word_1_360' title='bbox 1783 3547 2048 3608; x_wconf 80' lang='grc' dir='ltr'>πολλάκις</span> <span class='ocrx_word' id='word_1_361' title='bbox 2075 3551 2078 3556; x_wconf 86' lang='grc'><em>’</em></span> 
     </span>
    </p>
   </div>
   <div class='ocr_carea' id='block_1_41' title="bbox 478 3640 2048 3731">
    <p class='ocr_par' dir='ltr' id='par_1_41' title="bbox 478 3640 2048 3731">
     <span class='ocr_line' id='line_1_43' title="bbox 478 3640 2048 3731; baseline -0.015 -19"><span class='ocrx_word' id='word_1_362' title='bbox 478 3658 736 3731; x_wconf 74' lang='grc' dir='ltr'>ῥηθέντες</span> <span class='ocrx_word' id='word_1_363' title='bbox 773 3653 919 3708; x_wconf 78' lang='grc' dir='ltr'>οὗτοι</span> <span class='ocrx_word' id='word_1_364' title='bbox 955 3652 1217 3718; x_wconf 83' lang='grc' dir='ltr'>θεολόγοι,</span> <span class='ocrx_word' id='word_1_365' title='bbox 1249 3645 1517 3716; x_wconf 81' lang='grc' dir='ltr'>Κύριλλός</span> <span class='ocrx_word' id='word_1_366' title='bbox 1550 3660 1612 3695; x_wconf 78' lang='grc' dir='ltr'>τε</span> <span class='ocrx_word' id='word_1_367' title='bbox 1643 3642 1738 3694; x_wconf 78' lang='grc' dir='ltr'>καὶ</span> <span class='ocrx_word' id='word_1_368' title='bbox 1769 3640 2048 3708; x_wconf 87' lang='grc' dir='ltr'>Ἰωάννης,</span> 
     </span>
    </p>
   </div>
   <div class='ocr_carea' id='block_1_42' title="bbox 478 3731 2080 3817">
    <p class='ocr_par' dir='ltr' id='par_1_42' title="bbox 478 3731 2080 3817">
     <span class='ocr_line' id='line_1_44' title="bbox 478 3731 2080 3817; baseline -0.014 -15"><span class='ocrx_word' id='word_1_369' title='bbox 478 3751 542 3802; x_wconf 86' lang='grc' dir='ltr'>οὑ</span> <span class='ocrx_word' id='word_1_370' title='bbox 585 3744 974 3817; x_wconf 77' lang='grc' dir='ltr'>συμφωνοῦσιν</span> <span class='ocrx_word' id='word_1_371' title='bbox 1037 3741 1287 3810; x_wconf 77' lang='grc' dir='ltr'>ἀλλήλοις</span> <span class='ocrx_word' id='word_1_372' title='bbox 1331 3738 1388 3790; x_wconf 82' lang='grc' dir='ltr'>έν</span> <span class='ocrx_word' id='word_1_373' title='bbox 1441 3751 1503 3803; x_wconf 90' lang='grc' dir='ltr'>γε</span> <span class='ocrx_word' id='word_1_374' title='bbox 1544 3736 1660 3798; x_wconf 85' lang='grc' dir='ltr'>τοῖς</span> <span class='ocrx_word' id='word_1_375' title='bbox 1713 3731 2080 3801; x_wconf 61' lang='grc' dir='ltr'>εἰρημένοις,</span> 
     </span>
    </p>
   </div>
   <div class='ocr_carea' id='block_1_43' title="bbox 477 3823 2052 3910">
    <p class='ocr_par' dir='ltr' id='par_1_43' title="bbox 477 3823 2052 3910">
     <span class='ocr_line' id='line_1_45' title="bbox 477 3823 2052 3910; baseline -0.017 -14"><span class='ocrx_word' id='word_1_376' title='bbox 477 3843 619 3896; x_wconf 77' lang='grc' dir='ltr'>ἀλλὰ</span> <span class='ocrx_word' id='word_1_377' title='bbox 681 3845 812 3910; x_wconf 76' lang='grc' dir='ltr'>περὶ</span> <span class='ocrx_word' id='word_1_378' title='bbox 862 3837 963 3907; x_wconf 88' lang='grc' dir='ltr'>μὲν</span> <span class='ocrx_word' id='word_1_379' title='bbox 1013 3835 1074 3888; x_wconf 89' lang='grc' dir='ltr'>τὸ</span> <span class='ocrx_word' id='word_1_380' title='bbox 1110 3831 1400 3902; x_wconf 88' lang='grc' dir='ltr'>πρόϐλημα</span> <span class='ocrx_word' id='word_1_381' title='bbox 1467 3828 1558 3880; x_wconf 74' lang='grc' dir='ltr'>καὶ</span> <span class='ocrx_word' id='word_1_382' title='bbox 1612 3825 1710 3886; x_wconf 84' lang='grc' dir='ltr'>τὰς</span> <span class='ocrx_word' id='word_1_383' title='bbox 1755 3823 2052 3892; x_wconf 83' lang='grc' dir='ltr'>προτάσεις</span> 
     </span>
    </p>
   </div>
   <div class='ocr_carea' id='block_1_44' title="bbox 373 3912 2051 4003">
    <p class='ocr_par' dir='ltr' id='par_1_44' title="bbox 373 3912 2051 4003">
     <span class='ocr_line' id='line_1_46' title="bbox 373 3912 2051 4003; baseline -0.015 -15"><span class='ocrx_word' id='word_1_384' title='bbox 373 3979 378 3986; x_wconf 91' lang='grc'>.</span> <span class='ocrx_word' id='word_1_385' title='bbox 481 3934 774 4003; x_wconf 84' lang='grc' dir='ltr'>ὑγιαίνειν,</span> <span class='ocrx_word' id='word_1_386' title='bbox 802 3931 898 3982; x_wconf 76' lang='grc' dir='ltr'>καὶ</span> <span class='ocrx_word' id='word_1_387' title='bbox 925 3926 1174 3996; x_wconf 83' lang='grc' dir='ltr'>συνᾴδειν</span> <span class='ocrx_word' id='word_1_388' title='bbox 1199 3922 1448 3990; x_wconf 74' lang='grc' dir='ltr'>ἀλληλοις</span> <span class='ocrx_word' id='word_1_389' title='bbox 1479 3917 1720 3978; x_wconf 86' lang='grc' dir='ltr'>δοκοῦσι,</span> <span class='ocrx_word' id='word_1_390' title='bbox 1753 3915 1884 3981; x_wconf 80' lang='grc' dir='ltr'>περὶ</span> <span class='ocrx_word' id='word_1_391' title='bbox 1911 3913 1966 3964; x_wconf 83' lang='grc' dir='ltr'>δὲ</span> <span class='ocrx_word' id='word_1_392' title='bbox 1992 3912 2051 3963; x_wconf 85' lang='grc' dir='ltr'>τὸ</span> 
     </span>
    </p>
   </div>
   <div class='ocr_carea' id='block_1_45' title="bbox 484 4005 2052 4097">
    <p class='ocr_par' dir='ltr' id='par_1_45' title="bbox 484 4005 2052 4097">
     <span class='ocr_line' id='line_1_47' title="bbox 484 4005 2052 4097; baseline -0.017 -16"><span class='ocrx_word' id='word_1_393' title='bbox 484 4027 861 4097; x_wconf 73' lang='grc' dir='ltr'>συμπέρασμα</span> <span class='ocrx_word' id='word_1_394' title='bbox 879 4022 975 4075; x_wconf 67' lang='grc' dir='ltr'>καὶ</span> <span class='ocrx_word' id='word_1_395' title='bbox 1001 4020 1092 4072; x_wconf 75' lang='grc' dir='ltr'>τὸν</span> <span class='ocrx_word' id='word_1_396' title='bbox 1111 4016 1314 4069; x_wconf 80' lang='grc' dir='ltr'>σκοπὸν</span> <span class='ocrx_word' id='word_1_397' title='bbox 1339 4015 1435 4066; x_wconf 68' lang='grc' dir='ltr'>καὶ</span> <span class='ocrx_word' id='word_1_398' title='bbox 1490 4010 1697 4078; x_wconf 85' lang='grc' dir='ltr'>σφόδρα</span> <span class='ocrx_word' id='word_1_399' title='bbox 1740 4023 1804 4074; x_wconf 89' lang='grc' dir='ltr'>γε</span> <span class='ocrx_word' id='word_1_400' title='bbox 1843 4005 2052 4072; x_wconf 65' lang='grc' dir='ltr'>διαφωη</span> 
     </span>
    </p>
   </div>
   <div class='ocr_carea' id='block_1_46' title="bbox 484 4095 2088 4186">
    <p class='ocr_par' dir='ltr' id='par_1_46' title="bbox 484 4095 2088 4186">
     <span class='ocr_line' id='line_1_48' title="bbox 484 4095 2088 4186; baseline -0.016 -14"><span class='ocrx_word' id='word_1_401' title='bbox 484 4095 686 4172; x_wconf 14' lang='grc' dir='ltr'>νοῦσινή</span> <span class='ocrx_word' id='word_1_402' title='bbox 707 4116 982 4186; x_wconf 84' lang='grc' dir='ltr'>ἀλλήλοις,</span> <span class='ocrx_word' id='word_1_403' title='bbox 1007 4111 1101 4164; x_wconf 75' lang='grc' dir='ltr'>καὶ</span> <span class='ocrx_word' id='word_1_404' title='bbox 1122 4108 1406 4177; x_wconf 81' lang='grc' dir='ltr'>προδήλως</span> <span class='ocrx_word' id='word_1_405' title='bbox 1468 4102 1805 4155; x_wconf 86' lang='grc' dir='ltr'>ἁντίκεινται</span> <span class='ocrx_word' id='word_1_406' title='bbox 1835 4114 1849 4129; x_wconf 90' lang='grc'><strong>·</strong></span> <span class='ocrx_word' id='word_1_407' title='bbox 1883 4095 2056 4158; x_wconf 78' lang='grc' dir='ltr'>οὕτως</span> <span class='ocrx_word' id='word_1_408' title='bbox 2085 4109 2088 4112; x_wconf 87' lang='grc'>·</span> 
     </span>
    </p>
   </div>
   <div class='ocr_carea' id='block_1_47' title="bbox 485 4187 2059 4286">
    <p class='ocr_par' dir='ltr' id='par_1_47' title="bbox 485 4187 2059 4286">
     <span class='ocr_line' id='line_1_49' title="bbox 485 4187 2059 4286; baseline -0.017 -22"><span class='ocrx_word' id='word_1_409' title='bbox 485 4213 515 4264; x_wconf 87' lang='grc' dir='ltr'>ὁ</span> <span class='ocrx_word' id='word_1_410' title='bbox 547 4209 852 4286; x_wconf 35' lang='grc' dir='ltr'>,φιλόσοφος</span> <span class='ocrx_word' id='word_1_411' title='bbox 895 4203 1242 4273; x_wconf 78' lang='grc' dir='ltr'>ἀγωνίζεται,</span> <span class='ocrx_word' id='word_1_412' title='bbox 1291 4201 1384 4250; x_wconf 79' lang='grc' dir='ltr'>καὶ</span> <span class='ocrx_word' id='word_1_413' title='bbox 1440 4193 1582 4265; x_wconf 83' lang='grc' dir='ltr'>μάλα</span> <span class='ocrx_word' id='word_1_414' title='bbox 1625 4187 2059 4261; x_wconf 87' lang='grc' dir='ltr'>συμφωνοῦντας</span> 
     </span>
    </p>
   </div>
   <div class='ocr_carea' id='block_1_48' title="bbox 488 4280 2061 4371">
    <p class='ocr_par' dir='ltr' id='par_1_48' title="bbox 488 4280 2061 4371">
     <span class='ocr_line' id='line_1_50' title="bbox 488 4280 2061 4371; baseline -0.018 -14"><span class='ocrx_word' id='word_1_415' title='bbox 488 4302 741 4371; x_wconf 80' lang='grc' dir='ltr'>αλλήλοις</span> <span class='ocrx_word' id='word_1_416' title='bbox 781 4299 868 4352; x_wconf 80' lang='grc' dir='ltr'>διὰ</span> <span class='ocrx_word' id='word_1_417' title='bbox 891 4297 1110 4351; x_wconf 89' lang='grc' dir='ltr'>πάντων</span> <span class='ocrx_word' id='word_1_418' title='bbox 1137 4291 1331 4352; x_wconf 75' lang='grc' dir='ltr'>αὐτοὺς</span> <span class='ocrx_word' id='word_1_419' title='bbox 1377 4288 1570 4352; x_wconf 77' lang='grc' dir='ltr'>δεῖξαι,</span> <span class='ocrx_word' id='word_1_420' title='bbox 1632 4285 1729 4336; x_wconf 82' lang='grc' dir='ltr'>καὶ</span> <span class='ocrx_word' id='word_1_421' title='bbox 1782 4280 1948 4351; x_wconf 79' lang='grc' dir='ltr'>μηδέν</span> <span class='ocrx_word' id='word_1_422' title='bbox 2009 4293 2061 4330; x_wconf 90' lang='grc' dir='ltr'>τι</span> 
     </span>
    </p>
   </div>
   <div class='ocr_carea' id='block_1_49' title="bbox 379 4369 2063 4466">
    <p class='ocr_par' dir='ltr' id='par_1_49' title="bbox 379 4369 2063 4466">
     <span class='ocr_line' id='line_1_51' title="bbox 379 4369 2063 4466; baseline -0.022 -12"><span class='ocrx_word' id='word_1_423' title='bbox 379 4443 384 4448; x_wconf 90' lang='grc'>.</span> <span class='ocrx_word' id='word_1_424' title='bbox 489 4369 816 4466; x_wconf 72' lang='grc' dir='ltr'>τοπαράπαν</span> <span class='ocrx_word' id='word_1_425' title='bbox 853 4385 1254 4456; x_wconf 87' lang='grc' dir='ltr'>διαφωνοῦντας</span> <span class='ocrx_word' id='word_1_426' title='bbox 1294 4380 1428 4450; x_wconf 75' lang='grc' dir='ltr'>μηδὲ</span> <span class='ocrx_word' id='word_1_427' title='bbox 1462 4376 1663 4430; x_wconf 86' lang='grc' dir='ltr'>ὁτιοῦν.</span> <span class='ocrx_word' id='word_1_428' title='bbox 1695 4374 1760 4426; x_wconf 87' lang='lat'>&quot;0</span> <span class='ocrx_word' id='word_1_429' title='bbox 1800 4371 1898 4440; x_wconf 77' lang='grc' dir='ltr'>μὲν</span> <span class='ocrx_word' id='word_1_430' title='bbox 1931 4369 2063 4436; x_wconf 74' lang='grc' dir='ltr'>γάρ,</span> 
     </span>
    </p>
   </div>
   <div class='ocr_carea' id='block_1_50' title="bbox 491 4461 2064 4563">
    <p class='ocr_par' dir='ltr' id='par_1_50' title="bbox 491 4461 2064 4563">
     <span class='ocr_line' id='line_1_52' title="bbox 491 4461 2064 4563; baseline -0.022 -18"><span class='ocrx_word' id='word_1_431' title='bbox 491 4461 678 4563; x_wconf 75' lang='grc' dir='ltr'>φησὶν,</span> <span class='ocrx_word' id='word_1_432' title='bbox 738 4486 993 4552; x_wconf 80' lang='grc' dir='ltr'>Ἰωάννης</span> <span class='ocrx_word' id='word_1_433' title='bbox 1035 4479 1290 4546; x_wconf 78' lang='grc' dir='ltr'>γέννησιν</span> <span class='ocrx_word' id='word_1_434' title='bbox 1337 4473 1508 4540; x_wconf 83' lang='grc' dir='ltr'>λέγει,</span> <span class='ocrx_word' id='word_1_435' title='bbox 1565 4467 1723 4520; x_wconf 85' lang='grc' dir='ltr'>τοῦτο</span> <span class='ocrx_word' id='word_1_436' title='bbox 1792 4461 2064 4532; x_wconf 77' lang='grc' dir='ltr'>Κύριλλος</span> 
     </span>
    </p>
   </div>
   <div class='ocr_carea' id='block_1_51' title="bbox 493 4555 2067 4655">
    <p class='ocr_par' dir='ltr' id='par_1_51' title="bbox 493 4555 2067 4655">
     <span class='ocr_line' id='line_1_53' title="bbox 493 4555 2067 4655; baseline -0.022 -17"><span class='ocrx_word' id='word_1_437' title='bbox 493 4555 721 4655; x_wconf 69' lang='grc' dir='ltr'>γεννᾷν·</span> <span class='ocrx_word' id='word_1_438' title='bbox 767 4579 858 4632; x_wconf 72' lang='grc' dir='ltr'>καὶ</span> <span class='ocrx_word' id='word_1_439' title='bbox 897 4574 1087 4640; x_wconf 83' lang='grc' dir='ltr'>ὥσπερ</span> <span class='ocrx_word' id='word_1_440' title='bbox 1129 4571 1334 4629; x_wconf 71' lang='grc' dir='ltr'>ἐκεῖνος</span> <span class='ocrx_word' id='word_1_441' title='bbox 1374 4564 1644 4632; x_wconf 82' lang='grc' dir='ltr'>θελήσεως</span> <span class='ocrx_word' id='word_1_442' title='bbox 1686 4555 1824 4611; x_wconf 83' lang='grc' dir='ltr'>εἰναι</span> <span class='ocrx_word' id='word_1_443' title='bbox 1866 4560 2067 4624; x_wconf 82' lang='grc' dir='ltr'>φάσκει</span> 
     </span>
    </p>
   </div>
   <div class='ocr_carea' id='block_1_52' title="bbox 494 4649 2065 4747">
    <p class='ocr_par' dir='ltr' id='par_1_52' title="bbox 494 4649 2065 4747">
     <span class='ocr_line' id='line_1_54' title="bbox 494 4649 2065 4747; baseline -0.022 -14"><span class='ocrx_word' id='word_1_444' title='bbox 494 4649 595 4747; x_wconf 70' lang='grc' dir='ltr'>τὴν</span> <span class='ocrx_word' id='word_1_445' title='bbox 628 4649 827 4737; x_wconf 79' lang='grc' dir='ltr'>κτίσιν,</span> <span class='ocrx_word' id='word_1_446' title='bbox 851 4668 995 4722; x_wconf 75' lang='grc' dir='ltr'>οὕτω</span> <span class='ocrx_word' id='word_1_447' title='bbox 1026 4661 1292 4734; x_wconf 83' lang='grc' dir='ltr'>Κύριλλος</span> <span class='ocrx_word' id='word_1_448' title='bbox 1337 4656 1617 4726; x_wconf 77' lang='grc' dir='ltr'>ἐνεργείας</span> <span class='ocrx_word' id='word_1_449' title='bbox 1672 4653 1772 4716; x_wconf 83' lang='grc' dir='ltr'>τὴν</span> <span class='ocrx_word' id='word_1_450' title='bbox 1825 4649 2065 4718; x_wconf 84' lang='grc' dir='ltr'>ποίησιν.</span> 
     </span>
    </p>
   </div>
   <div class='ocr_carea' id='block_1_53' title="bbox 501 4736 2075 4828">
    <p class='ocr_par' dir='ltr' id='par_1_53' title="bbox 501 4736 2075 4828">
     <span class='ocr_line' id='line_1_55' title="bbox 501 4736 2075 4828; baseline -0.025 -5"><span class='ocrx_word' id='word_1_451' title='bbox 501 4736 640 4822; x_wconf 60' lang='grc' dir='ltr'>’Ἰίπε</span> <span class='ocrx_word' id='word_1_452' title='bbox 650 4781 737 4818; x_wconf 89' lang='grc' dir='ltr'>ιτα</span> <span class='ocrx_word' id='word_1_453' title='bbox 755 4736 849 4816; x_wconf 78' lang='grc' dir='ltr'>καὶ</span> <span class='ocrx_word' id='word_1_454' title='bbox 885 4757 984 4828; x_wconf 84' lang='grc' dir='ltr'>τὴν</span> <span class='ocrx_word' id='word_1_455' title='bbox 1001 4751 1231 4814; x_wconf 74' lang='grc' dir='ltr'>ἐναλλὰξ</span> <span class='ocrx_word' id='word_1_456' title='bbox 1256 4746 1546 4813; x_wconf 80' lang='grc' dir='ltr'>ἀναλογίαν</span> <span class='ocrx_word' id='word_1_457' title='bbox 1567 4745 1594 4793; x_wconf 85' lang='grc' dir='ltr'>ό</span> <span class='ocrx_word' id='word_1_458' title='bbox 1616 4741 1903 4809; x_wconf 83' lang='grc' dir='ltr'>φιλόσοφος</span> <span class='ocrx_word' id='word_1_459' title='bbox 1951 4736 1976 4786; x_wconf 80' lang='grc' dir='ltr'><strong>ὲ</strong></span> <span class='ocrx_word' id='word_1_460' title='bbox 1993 4751 2075 4784; x_wconf 67' lang='grc' dir='ltr'>πι-</span> 
     </span>
    </p>
   </div>
   <div class='ocr_carea' id='block_1_54' title="bbox 501 4832 2078 4931">
    <p class='ocr_par' dir='ltr' id='par_1_54' title="bbox 501 4832 2078 4931">
     <span class='ocr_line' id='line_1_56' title="bbox 501 4832 2078 4931; baseline -0.023 -17"><span class='ocrx_word' id='word_1_461' title='bbox 501 4864 660 4931; x_wconf 82' lang='grc' dir='ltr'>φέρει</span> <span class='ocrx_word' id='word_1_462' title='bbox 688 4859 755 4925; x_wconf 86' lang='grc' dir='ltr'>τῇ</span> <span class='ocrx_word' id='word_1_463' title='bbox 785 4852 896 4906; x_wconf 87' lang='grc' dir='ltr'>τῶν</span> <span class='ocrx_word' id='word_1_464' title='bbox 931 4847 1102 4916; x_wconf 86' lang='grc' dir='ltr'>ἁγίων</span> <span class='ocrx_word' id='word_1_465' title='bbox 1133 4839 1461 4912; x_wconf 76' lang='grc' dir='ltr'>ἀμφοτέρων</span> <span class='ocrx_word' id='word_1_466' title='bbox 1490 4833 1740 4901; x_wconf 67' lang='grc' dir='ltr'>θεολογίᾳ</span> <span class='ocrx_word' id='word_1_467' title='bbox 1761 4869 1776 4893; x_wconf 98' lang='grc'>,</span> <span class='ocrx_word' id='word_1_468' title='bbox 1810 4832 1905 4881; x_wconf 65' lang='grc' dir='ltr'>καλ⁵</span> <span class='ocrx_word' id='word_1_469' title='bbox 1939 4841 2078 4878; x_wconf 79' lang='grc' dir='ltr'>παν-</span> 
     </span>
    </p>
   </div>
   <div class='ocr_carea' id='block_1_55' title="bbox 502 4918 2080 5022">
    <p class='ocr_par' dir='ltr' id='par_1_55' title="bbox 502 4918 2080 5022">
     <span class='ocr_line' id='line_1_57' title="bbox 502 4918 2080 5022; baseline -0.025 -16"><span class='ocrx_word' id='word_1_470' title='bbox 502 4918 931 5022; x_wconf 41' lang='grc' dir='ltr'>ταᾷόθενῃύγιῶς</span> <span class='ocrx_word' id='word_1_471' title='bbox 973 4939 1118 5009; x_wconf 72' lang='grc' dir='ltr'>ἔχειν</span> <span class='ocrx_word' id='word_1_472' title='bbox 1149 4934 1284 5004; x_wconf 81' lang='grc' dir='ltr'>φησί</span> <span class='ocrx_word' id='word_1_473' title='bbox 1317 4932 1385 4984; x_wconf 73' lang='grc' dir='ltr'>τά</span> <span class='ocrx_word' id='word_1_474' title='bbox 1418 4927 1517 4996; x_wconf 75' lang='grc' dir='ltr'>τῆς</span> <span class='ocrx_word' id='word_1_475' title='bbox 1569 4923 1855 4994; x_wconf 37' lang='grc' dir='ltr'>τεχνικῆς.</span> <span class='ocrx_word' id='word_1_476' title='bbox 1882 4918 2080 4972; x_wconf 81' lang='grc' dir='ltr'>ἀναλο-</span> 
     </span>
    </p>
   </div>
   <div class='ocr_carea' id='block_1_56' title="bbox 505 5023 1442 5116">
    <p class='ocr_par' dir='ltr' id='par_1_56' title="bbox 505 5023 1442 5116">
     <span class='ocr_line' id='line_1_58' title="bbox 505 5023 1442 5116; baseline -0.023 -16"><span class='ocrx_word' id='word_1_477' title='bbox 505 5047 633 5116; x_wconf 87' lang='grc' dir='ltr'>γίας</span> <span class='ocrx_word' id='word_1_478' title='bbox 663 5043 794 5111; x_wconf 74' lang='grc' dir='ltr'>περὶ</span> <span class='ocrx_word' id='word_1_479' title='bbox 821 5037 948 5096; x_wconf 80' lang='grc' dir='ltr'>τοὺς</span> <span class='ocrx_word' id='word_1_480' title='bbox 991 5033 1180 5099; x_wconf 68' lang='grc' dir='ltr'>λόγους</span> <span class='ocrx_word' id='word_1_481' title='bbox 1235 5023 1442 5081; x_wconf 77' lang='grc' dir='ltr'>αὐτῶν.</span> 
     </span>
    </p>
   </div>
   <div class='ocr_carea' id='block_1_57' title="bbox 595 5105 2085 5203">
    <p class='ocr_par' dir='ltr' id='par_1_57' title="bbox 595 5105 2085 5203">
     <span class='ocr_line' id='line_1_59' title="bbox 595 5105 2085 5203; baseline -0.023 -14"><span class='ocrx_word' id='word_1_482' title='bbox 595 5105 818 5203; x_wconf 45' lang='grc' dir='ltr'>Ἐγὼ’δ’</span> <span class='ocrx_word' id='word_1_483' title='bbox 846 5129 896 5182; x_wconf 82' lang='grc' dir='ltr'>εἰ</span> <span class='ocrx_word' id='word_1_484' title='bbox 928 5125 1024 5180; x_wconf 72' lang='grc' dir='ltr'>καὶ</span> <span class='ocrx_word' id='word_1_485' title='bbox 1067 5121 1303 5194; x_wconf 80' lang='grc' dir='ltr'>μὴκατὰ</span> <span class='ocrx_word' id='word_1_486' title='bbox 1362 5116 1522 5184; x_wconf 87' lang='grc' dir='ltr'>λόγον</span> <span class='ocrx_word' id='word_1_487' title='bbox 1581 5111 1717 5182; x_wconf 80' lang='grc' dir='ltr'>μηδὲ</span> <span class='ocrx_word' id='word_1_488' title='bbox 1770 5105 2085 5176; x_wconf 79' lang='grc' dir='ltr'>ἀναγκαίως</span> 
     </span>
    </p>
   </div>
   <div class='ocr_carea' id='block_1_58' title="bbox 511 5197 2090 5299">
    <p class='ocr_par' dir='ltr' id='par_1_58' title="bbox 511 5197 2090 5299">
     <span class='ocr_line' id='line_1_60' title="bbox 511 5197 2090 5299; baseline -0.022 -14"><span class='ocrx_word' id='word_1_489' title='bbox 511 5235 571 5286; x_wconf 79' lang='grc' dir='ltr'>ἓν</span> <span class='ocrx_word' id='word_1_490' title='bbox 596 5197 792 5299; x_wconf 21' lang='grc' dir='ltr'>γεῇτοῖς</span> <span class='ocrx_word' id='word_1_491' title='bbox 824 5221 1088 5282; x_wconf 80' lang='grc' dir='ltr'>τοιούτοις</span> <span class='ocrx_word' id='word_1_492' title='bbox 1117 5215 1194 5286; x_wconf 80' lang='grc' dir='ltr'>τῷ</span> <span class='ocrx_word' id='word_1_493' title='bbox 1239 5209 1514 5283; x_wconf 84' lang='grc' dir='ltr'>φιλοσόφῳ</span> <span class='ocrx_word' id='word_1_494' title='bbox 1572 5209 1643 5259; x_wconf 87' lang='grc' dir='ltr'>τὰ</span> <span class='ocrx_word' id='word_1_495' title='bbox 1707 5204 1810 5272; x_wconf 79' lang='grc' dir='ltr'>τῆς</span> <span class='ocrx_word' id='word_1_496' title='bbox 1863 5197 2090 5264; x_wconf 71' lang='grc' dir='ltr'>ἐναλλὰξ</span> 
     </span>
    </p>
   </div>
   <div class='ocr_carea' id='block_1_59' title="bbox 518 5296 2091 5390">
    <p class='ocr_par' dir='ltr' id='par_1_59' title="bbox 518 5296 2091 5390">
     <span class='ocr_line' id='line_1_61' title="bbox 518 5296 2091 5390; baseline -0.022 -10"><span class='ocrx_word' id='word_1_497' title='bbox 518 5296 807 5390; x_wconf 73' lang='grc' dir='ltr'>ἀναλογίας</span> <span class='ocrx_word' id='word_1_498' title='bbox 846 5315 1218 5386; x_wconf 83' lang='grc' dir='ltr'>παρείληπται</span> <span class='ocrx_word' id='word_1_499' title='bbox 1253 5307 1368 5377; x_wconf 66' lang='grc' dir='ltr'>(ἐπὶ</span> <span class='ocrx_word' id='word_1_500' title='bbox 1399 5305 1509 5374; x_wconf 84' lang='grc' dir='ltr'>γάρ</span> <span class='ocrx_word' id='word_1_501' title='bbox 1572 5299 1824 5371; x_wconf 62' lang='grc' dir='ltr'>ἀριθμῶν</span> <span class='ocrx_word' id='word_1_502' title='bbox 1875 5313 1936 5348; x_wconf 90' lang='grc' dir='ltr'>τε</span> <span class='ocrx_word' id='word_1_503' title='bbox 1995 5296 2091 5346; x_wconf 74' lang='grc' dir='ltr'>καὶ</span> 
     </span>
    </p>
   </div>
   <div class='ocr_carea' id='block_1_60' title="bbox 523 5386 2095 5490">
    <p class='ocr_par' dir='ltr' id='par_1_60' title="bbox 523 5386 2095 5490">
     <span class='ocr_line' id='line_1_62' title="bbox 523 5386 2095 5490; baseline -0.022 -18"><span class='ocrx_word' id='word_1_504' title='bbox 523 5417 772 5490; x_wconf 82' lang='grc' dir='ltr'>μεγεθῶν</span> <span class='ocrx_word' id='word_1_505' title='bbox 801 5411 977 5482; x_wconf 88' lang='grc' dir='ltr'>μόνων</span> <span class='ocrx_word' id='word_1_506' title='bbox 1006 5403 1380 5474; x_wconf 81' lang='grc' dir='ltr'>άληθεύουσαν</span> <span class='ocrx_word' id='word_1_507' title='bbox 1415 5397 1576 5465; x_wconf 80' lang='grc' dir='ltr'>ἴσμεν</span> <span class='ocrx_word' id='word_1_508' title='bbox 1595 5391 1824 5460; x_wconf 83' lang='grc' dir='ltr'>ταύτην,</span> <span class='ocrx_word' id='word_1_509' title='bbox 1852 5388 1955 5440; x_wconf 89' lang='grc' dir='ltr'>ούκ</span> <span class='ocrx_word' id='word_1_510' title='bbox 2000 5386 2095 5439; x_wconf 75' lang='grc' dir='ltr'>ἐπὶ</span> 
     </span>
    </p>
   </div>
   <div class='ocr_carea' id='block_1_61' title="bbox 520 5479 2096 5563">
    <p class='ocr_par' dir='ltr' id='par_1_61' title="bbox 520 5479 2096 5563">
     <span class='ocr_line' id='line_1_63' title="bbox 520 5479 2096 5563; baseline -0.02 0"><span class='ocrx_word' id='word_1_511' title='bbox 520 5479 739 5563; x_wconf 67' lang='grc' dir='ltr'>πάντων</span> <span class='ocrx_word' id='word_1_512' title='bbox 773 5479 978 5563; x_wconf 78' lang='grc' dir='ltr'>άπλῶς,</span> <span class='ocrx_word' id='word_1_513' title='bbox 1016 5493 1130 5550; x_wconf 79' lang='grc' dir='ltr'>ἀλλ’</span> <span class='ocrx_word' id='word_1_514' title='bbox 1181 5491 1304 5545; x_wconf 72' lang='grc' dir='ltr'>ἐπεὶ</span> <span class='ocrx_word' id='word_1_515' title='bbox 1358 5486 1502 5553; x_wconf 68' lang='grc' dir='ltr'>κατὰ</span> <span class='ocrx_word' id='word_1_516' title='bbox 1559 5481 1910 5551; x_wconf 80' lang='grc' dir='ltr'>συμϐεϐηκὸς</span> <span class='ocrx_word' id='word_1_517' title='bbox 1974 5479 2096 5531; x_wconf 64' lang='grc' dir='ltr'>οὐδὲ</span> 
     </span>
    </p>
   </div>
   <div class='ocr_carea' id='block_1_62' title="bbox 522 5571 2094 5660">
    <p class='ocr_par' dir='ltr' id='par_1_62' title="bbox 522 5571 2094 5660">
     <span class='ocr_line' id='line_1_64' title="bbox 522 5571 2094 5660; baseline -0.025 -2"><span class='ocrx_word' id='word_1_518' title='bbox 522 5599 758 5658; x_wconf 68' lang='grc' dir='ltr'>ἐνταῦθα</span> <span class='ocrx_word' id='word_1_519' title='bbox 812 5595 906 5651; x_wconf 86' lang='grc' dir='ltr'>νῦν</span> <span class='ocrx_word' id='word_1_520' title='bbox 961 5590 1221 5660; x_wconf 72' lang='grc' dir='ltr'>ψεύδεται</span> <span class='ocrx_word' id='word_1_521' title='bbox 1275 5581 1480 5652; x_wconf 86' lang='grc' dir='ltr'>ταύτην</span> <span class='ocrx_word' id='word_1_522' title='bbox 1533 5572 1869 5647; x_wconf 80' lang='grc' dir='ltr'>δεχόμενος),</span> <span class='ocrx_word' id='word_1_523' title='bbox 1924 5571 2094 5640; x_wconf 77' lang='grc' dir='ltr'>ἡδέως</span> 
     </span>
    </p>
   </div>
   <div class='ocr_carea' id='block_1_63' title="bbox 523 5651 2114 5766">
    <p class='ocr_par' dir='ltr' id='par_1_63' title="bbox 523 5651 2114 5766">
     <span class='ocr_line' id='line_1_65' title="bbox 523 5651 2114 5766; baseline -0.024 -15"><span class='ocrx_word' id='word_1_524' title='bbox 523 5651 854 5766; x_wconf 43' lang='grc' dir='ltr'>ἂν-ίροίμην</span> <span class='ocrx_word' id='word_1_525' title='bbox 883 5651 1062 5752; x_wconf 73' lang='grc' dir='ltr'>αὑτὸν,</span> <span class='ocrx_word' id='word_1_526' title='bbox 1087 5684 1139 5736; x_wconf 87' lang='grc' dir='ltr'>τί</span> <span class='ocrx_word' id='word_1_527' title='bbox 1179 5651 1531 5751; x_wconf 62' lang='grc' dir='ltr'>βδύλεταιτά</span> <span class='ocrx_word' id='word_1_528' title='bbox 1548 5673 1646 5742; x_wconf 81' lang='grc' dir='ltr'>τῆς</span> <span class='ocrx_word' id='word_1_529' title='bbox 1676 5667 1913 5736; x_wconf 76' lang='grc' dir='ltr'>σπουδῆς</span> <span class='ocrx_word' id='word_1_530' title='bbox 1947 5661 2114 5733; x_wconf 80' lang='grc' dir='ltr'>αὑτῷ-</span> 
     </span>
    </p>
   </div>
   <div class='ocr_carea' id='block_1_64' title="bbox 522 5758 2102 5857">
    <p class='ocr_par' dir='ltr' id='par_1_64' title="bbox 522 5758 2102 5857">
     <span class='ocr_line' id='line_1_66' title="bbox 522 5758 2102 5857; baseline -0.023 -13"><span class='ocrx_word' id='word_1_531' title='bbox 522 5789 748 5857; x_wconf 84' lang='grc' dir='ltr'>ταύτης,</span> <span class='ocrx_word' id='word_1_532' title='bbox 784 5782 878 5836; x_wconf 71' lang='grc' dir='ltr'>καὶ</span> <span class='ocrx_word' id='word_1_533' title='bbox 906 5780 1042 5850; x_wconf 83' lang='grc' dir='ltr'>πρὸς</span> <span class='ocrx_word' id='word_1_534' title='bbox 1074 5777 1196 5830; x_wconf 89' lang='grc' dir='ltr'>τίνα</span> <span class='ocrx_word' id='word_1_535' title='bbox 1224 5773 1316 5826; x_wconf 88' lang='grc' dir='ltr'>τὸν</span> <span class='ocrx_word' id='word_1_536' title='bbox 1369 5768 1572 5821; x_wconf 73' lang='grc' dir='ltr'>σκοπὸν</span> <span class='ocrx_word' id='word_1_537' title='bbox 1627 5761 1776 5829; x_wconf 81' lang='grc' dir='ltr'>αὐτῷ</span> <span class='ocrx_word' id='word_1_538' title='bbox 1829 5758 2040 5828; x_wconf 80' lang='grc' dir='ltr'>βλέπων</span> <span class='ocrx_word' id='word_1_539' title='bbox 2073 5758 2102 5808; x_wconf 88' lang='grc' dir='ltr'>ό</span> 
     </span>
    </p>
   </div>
   <div class='ocr_carea' id='block_1_65' title="bbox 417 5849 2101 5950">
    <p class='ocr_par' dir='ltr' id='par_1_65' title="bbox 417 5849 2101 5950">
     <span class='ocr_line' id='line_1_67' title="bbox 417 5849 2101 5950; baseline -0.024 -12"><span class='ocrx_word' id='word_1_540' title='bbox 417 5927 420 5932; x_wconf 96' lang='grc'>.</span> <span class='ocrx_word' id='word_1_541' title='bbox 525 5883 679 5950; x_wconf 81' lang='grc' dir='ltr'>λόγος</span> <span class='ocrx_word' id='word_1_542' title='bbox 711 5883 810 5947; x_wconf 76' lang='grc' dir='ltr'>την</span> <span class='ocrx_word' id='word_1_543' title='bbox 840 5869 1133 5940; x_wconf 84' lang='grc' dir='ltr'>ἀναλογίαν</span> <span class='ocrx_word' id='word_1_544' title='bbox 1189 5867 1282 5920; x_wconf 71' lang='grc' dir='ltr'>καὶ</span> <span class='ocrx_word' id='word_1_545' title='bbox 1309 5863 1409 5934; x_wconf 75' lang='grc' dir='ltr'>τὴν</span> <span class='ocrx_word' id='word_1_546' title='bbox 1456 5858 1777 5930; x_wconf 81' lang='grc' dir='ltr'>συμφωνίαν</span> <span class='ocrx_word' id='word_1_547' title='bbox 1815 5851 1913 5922; x_wconf 76' lang='grc' dir='ltr'>τὴν</span> <span class='ocrx_word' id='word_1_548' title='bbox 1965 5849 2101 5920; x_wconf 78' lang='grc' dir='ltr'>πρὸς</span> 
     </span>
    </p>
   </div>
   <div class='ocr_carea' id='block_1_66' title="bbox 2115 1765 2900 1832">
    <p class='ocr_par' dir='ltr' id='par_1_66' title="bbox 2115 1765 2900 1832">
     <span class='ocr_line' id='line_1_68' title="bbox 2115 1765 2900 1832; baseline -0.008 -12"><span class='ocrx_word' id='word_1_549' title='bbox 2115 1768 2209 1821; x_wconf 86' lang='grc' dir='ltr'><strong>καί</strong></span> <span class='ocrx_word' id='word_1_550' title='bbox 2239 1765 2539 1831; x_wconf 81' lang='grc' dir='ltr'>ἀντιλέγεις</span> <span class='ocrx_word' id='word_1_551' title='bbox 2569 1765 2728 1832; x_wconf 74' lang='grc' dir='ltr'>εἴπερ</span> <span class='ocrx_word' id='word_1_552' title='bbox 2778 1779 2860 1823; x_wconf 86' lang='grc' dir='ltr'>τις</span> <span class='ocrx_word' id='word_1_553' title='bbox 2885 1801 2900 1825; x_wconf 95' lang='grc'>,</span> 
     </span>
    </p>
   </div>
   <div class='ocr_carea' id='block_1_67' title="bbox 2044 1842 3691 1928">
    <p class='ocr_par' dir='ltr' id='par_1_67' title="bbox 2044 1842 3691 1928">
     <span class='ocr_line' id='line_1_69' title="bbox 2044 1842 3691 1928; baseline -0.004 -22"><span class='ocrx_word' id='word_1_554' title='bbox 2044 1853 2086 1906; x_wconf 86' lang='grc' dir='ltr'><strong><em>Β</em></strong></span> <span class='ocrx_word' id='word_1_555' title='bbox 2116 1856 2258 1928; x_wconf 77' lang='grc' dir='ltr'>ϐάλῃ</span> <span class='ocrx_word' id='word_1_556' title='bbox 2298 1855 2529 1915; x_wconf 85' lang='grc' dir='ltr'>κύκλους</span> <span class='ocrx_word' id='word_1_557' title='bbox 2550 1891 2565 1918; x_wconf 91' lang='grc'>,</span> <span class='ocrx_word' id='word_1_558' title='bbox 2611 1853 2708 1905; x_wconf 79' lang='grc' dir='ltr'>καὶ</span> <span class='ocrx_word' id='word_1_559' title='bbox 2747 1851 2925 1904; x_wconf 85' lang='grc' dir='ltr'>πάντα</span> <span class='ocrx_word' id='word_1_560' title='bbox 2959 1848 3140 1902; x_wconf 85' lang='grc' dir='ltr'>κάλων</span> <span class='ocrx_word' id='word_1_561' title='bbox 3177 1846 3345 1904; x_wconf 83' lang='grc' dir='ltr'>κινεῖς</span> <span class='ocrx_word' id='word_1_562' title='bbox 3369 1882 3383 1906; x_wconf 78' lang='grc'><strong><em>,</em></strong></span> <span class='ocrx_word' id='word_1_563' title='bbox 3413 1842 3441 1893; x_wconf 81' lang='grc' dir='ltr'>ὅ</span> <span class='ocrx_word' id='word_1_564' title='bbox 3489 1855 3655 1908; x_wconf 83' lang='grc' dir='ltr'>φασιν</span> <span class='ocrx_word' id='word_1_565' title='bbox 3676 1875 3691 1899; x_wconf 71' lang='grc' dir='ltr'>τ</span> 
     </span>
    </p>
   </div>
   <div class='ocr_carea' id='block_1_68' title="bbox 2035 839 3453 927">
    <p class='ocr_par' dir='ltr' id='par_1_68' title="bbox 2035 839 3453 927">
     <span class='ocr_line' id='line_1_70' title="bbox 2035 839 3453 927; baseline -0.022 -8"><span class='ocrx_word' id='word_1_566' title='bbox 2035 891 2040 895; x_wconf 92' lang='grc'>·</span> <span class='ocrx_word' id='word_1_567' title='bbox 2090 839 2206 926; x_wconf 83' lang='grc' dir='ltr'>δύο,</span> <span class='ocrx_word' id='word_1_568' title='bbox 2247 863 2339 914; x_wconf 86' lang='grc' dir='ltr'>τὸν</span> <span class='ocrx_word' id='word_1_569' title='bbox 2359 861 2521 912; x_wconf 82' lang='grc' dir='ltr'>αὑτὸν</span> <span class='ocrx_word' id='word_1_570' title='bbox 2556 857 2667 927; x_wconf 72' lang='grc' dir='ltr'>ἔχει</span> <span class='ocrx_word' id='word_1_571' title='bbox 2689 853 2784 907; x_wconf 77' lang='grc' dir='ltr'>καὶ</span> <span class='ocrx_word' id='word_1_572' title='bbox 2817 855 2842 905; x_wconf 84' lang='grc' dir='ltr'>ό</span> <span class='ocrx_word' id='word_1_573' title='bbox 2875 849 3031 902; x_wconf 74' lang='grc' dir='ltr'>ἐννέα</span> <span class='ocrx_word' id='word_1_574' title='bbox 3065 845 3197 915; x_wconf 70' lang='grc' dir='ltr'>πρὸς</span> <span class='ocrx_word' id='word_1_575' title='bbox 3224 845 3315 894; x_wconf 67' lang='grc' dir='ltr'>τὸν</span> <span class='ocrx_word' id='word_1_576' title='bbox 3370 839 3453 902; x_wconf 75' lang='grc' dir='ltr'>ἓξ.</span> 
     </span>
    </p>
   </div>
   <div class='ocr_carea' id='block_1_69' title="bbox 2176 922 3673 1005">
    <p class='ocr_par' dir='ltr' id='par_1_69' title="bbox 2176 922 3673 1005">
     <span class='ocr_line' id='line_1_71' title="bbox 2176 922 3673 1005; baseline -0.023 0"><span class='ocrx_word' id='word_1_577' title='bbox 2176 949 2339 1005; x_wconf 81' lang='grc' dir='ltr'>Ἀλλὰ</span> <span class='ocrx_word' id='word_1_578' title='bbox 2361 949 2429 1001; x_wconf 86' lang='grc' dir='ltr'>τὰ</span> <span class='ocrx_word' id='word_1_579' title='bbox 2449 945 2677 1001; x_wconf 85' lang='grc' dir='ltr'>τοιαῦτα</span> <span class='ocrx_word' id='word_1_580' title='bbox 2721 939 3088 993; x_wconf 82' lang='grc' dir='ltr'>συνιστάντων</span> <span class='ocrx_word' id='word_1_581' title='bbox 3134 930 3250 984; x_wconf 75' lang='grc' dir='ltr'>ἐστὶ</span> <span class='ocrx_word' id='word_1_582' title='bbox 3272 931 3397 987; x_wconf 71' lang='grc' dir='ltr'>τοὺς</span> <span class='ocrx_word' id='word_1_583' title='bbox 3424 925 3531 976; x_wconf 88' lang='grc' dir='ltr'>τῶν</span> <span class='ocrx_word' id='word_1_584' title='bbox 3553 922 3673 974; x_wconf 88' lang='grc' dir='ltr'>θεο-</span> 
     </span>
    </p>
   </div>
   <div class='ocr_carea' id='block_1_70' title="bbox 2095 1014 3672 1113">
    <p class='ocr_par' dir='ltr' id='par_1_70' title="bbox 2095 1014 3672 1113">
     <span class='ocr_line' id='line_1_72' title="bbox 2095 1014 3672 1113; baseline -0.023 -15"><span class='ocrx_word' id='word_1_585' title='bbox 2095 1046 2270 1113; x_wconf 84' lang='grc' dir='ltr'>λόγων</span> <span class='ocrx_word' id='word_1_586' title='bbox 2296 1039 2474 1110; x_wconf 76' lang='grc' dir='ltr'>ἱεροὺς</span> <span class='ocrx_word' id='word_1_587' title='bbox 2495 1037 2686 1104; x_wconf 87' lang='grc' dir='ltr'>λόγους</span> <span class='ocrx_word' id='word_1_588' title='bbox 2736 1031 3002 1092; x_wconf 74' lang='grc' dir='ltr'>ἐκείνους,</span> <span class='ocrx_word' id='word_1_589' title='bbox 3042 1023 3209 1076; x_wconf 83' lang='grc' dir='ltr'>ταυτὸ</span> <span class='ocrx_word' id='word_1_590' title='bbox 3235 1021 3281 1072; x_wconf 87' lang='grc' dir='ltr'>δ’</span> <span class='ocrx_word' id='word_1_591' title='bbox 3341 1021 3515 1070; x_wconf 83' lang='grc' dir='ltr'>εἰπεῖν</span> <span class='ocrx_word' id='word_1_592' title='bbox 3577 1014 3672 1066; x_wconf 72' lang='grc' dir='ltr'>καὶ</span> 
     </span>
    </p>
   </div>
   <div class='ocr_carea' id='block_1_71' title="bbox 2096 1109 3675 1199">
    <p class='ocr_par' dir='ltr' id='par_1_71' title="bbox 2096 1109 3675 1199">
     <span class='ocr_line' id='line_1_73' title="bbox 2096 1109 3675 1199; baseline -0.022 -9"><span class='ocrx_word' id='word_1_593' title='bbox 2096 1109 2190 1190; x_wconf 81' lang='grc' dir='ltr'>τὸν</span> <span class='ocrx_word' id='word_1_594' title='bbox 2228 1133 2426 1187; x_wconf 84' lang='grc' dir='ltr'>σεπτὸν</span> <span class='ocrx_word' id='word_1_595' title='bbox 2448 1132 2546 1199; x_wconf 79' lang='grc' dir='ltr'>τῆς</span> <span class='ocrx_word' id='word_1_596' title='bbox 2582 1125 2805 1180; x_wconf 89' lang='grc' dir='ltr'>συνόδου</span> <span class='ocrx_word' id='word_1_597' title='bbox 2838 1121 3027 1189; x_wconf 85' lang='grc' dir='ltr'>τόμον,</span> <span class='ocrx_word' id='word_1_598' title='bbox 3057 1109 3212 1184; x_wconf 78' lang='grc' dir='ltr'>ᾧπερ</span> <span class='ocrx_word' id='word_1_599' title='bbox 3250 1115 3452 1164; x_wconf 74' lang='grc' dir='ltr'>ἐκεῖνοι</span> <span class='ocrx_word' id='word_1_600' title='bbox 3505 1122 3675 1176; x_wconf 87' lang='grc' dir='ltr'>προσ-</span> 
     </span>
    </p>
   </div>
   <div class='ocr_carea' id='block_1_72' title="bbox 2107 1195 3675 1294">
    <p class='ocr_par' dir='ltr' id='par_1_72' title="bbox 2107 1195 3675 1294">
     <span class='ocr_line' id='line_1_74' title="bbox 2107 1195 3675 1294; baseline -0.02 -18"><span class='ocrx_word' id='word_1_601' title='bbox 2107 1220 2505 1294; x_wconf 87' lang='grc' dir='ltr'>μαρτυροῦσιν,</span> <span class='ocrx_word' id='word_1_602' title='bbox 2537 1215 2598 1269; x_wconf 86' lang='grc' dir='ltr'>οὐ</span> <span class='ocrx_word' id='word_1_603' title='bbox 2629 1209 3062 1279; x_wconf 85' lang='grc' dir='ltr'>καθαιρούντων.</span> <span class='ocrx_word' id='word_1_604' title='bbox 3092 1207 3152 1256; x_wconf 83' lang='grc' dir='ltr'>Εἰ</span> <span class='ocrx_word' id='word_1_605' title='bbox 3178 1203 3273 1272; x_wconf 79' lang='grc' dir='ltr'>μὲν</span> <span class='ocrx_word' id='word_1_606' title='bbox 3307 1199 3398 1253; x_wconf 82' lang='grc' dir='ltr'>οὖν</span> <span class='ocrx_word' id='word_1_607' title='bbox 3451 1200 3544 1252; x_wconf 83' lang='grc' dir='ltr'>καὶ</span> <span class='ocrx_word' id='word_1_608' title='bbox 3576 1195 3675 1247; x_wconf 87' lang='grc' dir='ltr'>αύ-</span> 
     </span>
    </p>
   </div>
   <div class='ocr_carea' id='block_1_73' title="bbox 1906 1285 3678 1386">
    <p class='ocr_par' dir='ltr' id='par_1_73' title="bbox 1906 1285 3678 1386">
     <span class='ocr_line' id='line_1_75' title="bbox 1906 1285 3678 1386; baseline -0.019 -16"><span class='ocrx_word' id='word_1_609' title='bbox 1906 1334 2002 1386; x_wconf 72' lang='grc' dir='ltr'>νῦν</span> <span class='ocrx_word' id='word_1_610' title='bbox 2102 1313 2191 1376; x_wconf 87' lang='grc' dir='ltr'>τὸς</span> <span class='ocrx_word' id='word_1_611' title='bbox 2217 1312 2447 1371; x_wconf 75' lang='grc' dir='ltr'>ἐκείνοις</span> <span class='ocrx_word' id='word_1_612' title='bbox 2487 1298 2842 1360; x_wconf 77' lang='grc' dir='ltr'>συνίστασθαι</span> <span class='ocrx_word' id='word_1_613' title='bbox 2869 1299 2980 1352; x_wconf 84' lang='grc' dir='ltr'>δεῖν</span> <span class='ocrx_word' id='word_1_614' title='bbox 3014 1297 3189 1367; x_wconf 85' lang='grc' dir='ltr'>μόλις,</span> <span class='ocrx_word' id='word_1_615' title='bbox 3215 1293 3308 1345; x_wconf 68' lang='grc' dir='ltr'>καὶ</span> <span class='ocrx_word' id='word_1_616' title='bbox 3336 1292 3403 1360; x_wconf 80' lang='grc' dir='ltr'>τῇ</span> <span class='ocrx_word' id='word_1_617' title='bbox 3439 1287 3554 1340; x_wconf 76' lang='grc' dir='ltr'>κατ’</span> <span class='ocrx_word' id='word_1_618' title='bbox 3585 1285 3678 1337; x_wconf 82' lang='grc' dir='ltr'>εὑ-</span> 
     </span>
    </p>
   </div>
   <div class='ocr_carea' id='block_1_74' title="bbox 2105 1375 3679 1465">
    <p class='ocr_par' dir='ltr' id='par_1_74' title="bbox 2105 1375 3679 1465">
     <span class='ocr_line' id='line_1_76' title="bbox 2105 1375 3679 1465; baseline -0.017 -12"><span class='ocrx_word' id='word_1_619' title='bbox 2105 1375 2324 1454; x_wconf 75' lang='grc' dir='ltr'>σέϐειαν</span> <span class='ocrx_word' id='word_1_620' title='bbox 2353 1397 2584 1465; x_wconf 78' lang='grc' dir='ltr'>ἀληθείᾳ</span> <span class='ocrx_word' id='word_1_621' title='bbox 2611 1391 2953 1460; x_wconf 87' lang='grc' dir='ltr'>συνηγορεῖν,</span> <span class='ocrx_word' id='word_1_622' title='bbox 2989 1387 3166 1448; x_wconf 83' lang='grc' dir='ltr'>καλῶς</span> <span class='ocrx_word' id='word_1_623' title='bbox 3200 1383 3381 1454; x_wconf 80' lang='grc' dir='ltr'>εὗρες,</span> <span class='ocrx_word' id='word_1_624' title='bbox 3437 1382 3560 1432; x_wconf 81' lang='grc' dir='ltr'>ὃθεν</span> <span class='ocrx_word' id='word_1_625' title='bbox 3612 1375 3679 1428; x_wconf 83' lang='grc' dir='ltr'>ἄν</span> 
     </span>
    </p>
   </div>
   <div class='ocr_carea' id='block_1_75' title="bbox 2110 1469 3684 1551">
    <p class='ocr_par' dir='ltr' id='par_1_75' title="bbox 2110 1469 3684 1551">
     <span class='ocr_line' id='line_1_77' title="bbox 2110 1469 3684 1551; baseline -0.013 -7"><span class='ocrx_word' id='word_1_626' title='bbox 2110 1508 2204 1544; x_wconf 89' lang='grc' dir='ltr'>σου</span> <span class='ocrx_word' id='word_1_627' title='bbox 2234 1491 2322 1544; x_wconf 85' lang='grc' dir='ltr'>τὸν</span> <span class='ocrx_word' id='word_1_628' title='bbox 2354 1489 2552 1541; x_wconf 78' lang='grc' dir='ltr'>σκοπὸν</span> <span class='ocrx_word' id='word_1_629' title='bbox 2583 1486 2888 1551; x_wconf 82' lang='grc' dir='ltr'>ὑποδείξαις</span> <span class='ocrx_word' id='word_1_630' title='bbox 2907 1522 2924 1546; x_wconf 91' lang='grc'>,</span> <span class='ocrx_word' id='word_1_631' title='bbox 2956 1481 3050 1535; x_wconf 76' lang='grc' dir='ltr'>καὶ</span> <span class='ocrx_word' id='word_1_632' title='bbox 3077 1479 3138 1531; x_wconf 84' lang='grc' dir='ltr'>τὸ</span> <span class='ocrx_word' id='word_1_633' title='bbox 3167 1478 3264 1544; x_wconf 84' lang='grc' dir='ltr'>τῆς</span> <span class='ocrx_word' id='word_1_634' title='bbox 3295 1472 3520 1542; x_wconf 77' lang='grc' dir='ltr'>γνώμης</span> <span class='ocrx_word' id='word_1_635' title='bbox 3558 1469 3684 1538; x_wconf 79' lang='grc' dir='ltr'>βου·-</span> 
     </span>
    </p>
   </div>
   <div class='ocr_carea' id='block_1_76' title="bbox 2109 1565 3682 1654">
    <p class='ocr_par' dir='ltr' id='par_1_76' title="bbox 2109 1565 3682 1654">
     <span class='ocr_line' id='line_1_78' title="bbox 2109 1565 3682 1654; baseline -0.015 -17"><span class='ocrx_word' id='word_1_636' title='bbox 2109 1585 2368 1654; x_wconf 89' lang='grc' dir='ltr'>λόμενον·</span> <span class='ocrx_word' id='word_1_637' title='bbox 2398 1585 2446 1634; x_wconf 90' lang='grc' dir='ltr'>εἰ</span> <span class='ocrx_word' id='word_1_638' title='bbox 2473 1581 2529 1632; x_wconf 74' lang='grc' dir='ltr'>δὲ</span> <span class='ocrx_word' id='word_1_639' title='bbox 2557 1580 2780 1640; x_wconf 73' lang='grc' dir='ltr'>ἐκείνοις</span> <span class='ocrx_word' id='word_1_640' title='bbox 2813 1578 2912 1647; x_wconf 83' lang='grc' dir='ltr'>μὲν</span> <span class='ocrx_word' id='word_1_641' title='bbox 2940 1575 3253 1643; x_wconf 88' lang='grc' dir='ltr'>συμφωνεῖς</span> <span class='ocrx_word' id='word_1_642' title='bbox 3276 1568 3428 1620; x_wconf 80' lang='grc' dir='ltr'>οὐδὲν</span> <span class='ocrx_word' id='word_1_643' title='bbox 3456 1565 3682 1634; x_wconf 80' lang='grc' dir='ltr'>μᾶλλον,</span> 
     </span>
    </p>
   </div>
   <div class='ocr_carea' id='block_1_77' title="bbox 2113 1654 3682 1744">
    <p class='ocr_par' dir='ltr' id='par_1_77' title="bbox 2113 1654 3682 1744">
     <span class='ocr_line' id='line_1_79' title="bbox 2113 1654 3682 1744; baseline -0.013 -16"><span class='ocrx_word' id='word_1_644' title='bbox 2113 1675 2301 1744; x_wconf 85' lang='grc' dir='ltr'>ὥσπερ</span> <span class='ocrx_word' id='word_1_645' title='bbox 2342 1673 2450 1726; x_wconf 81' lang='grc' dir='ltr'>οὐδ’</span> <span class='ocrx_word' id='word_1_646' title='bbox 2481 1675 2514 1743; x_wconf 79' lang='grc' dir='ltr'><strong>ή</strong></span> <span class='ocrx_word' id='word_1_647' title='bbox 2556 1673 2842 1739; x_wconf 85' lang='grc' dir='ltr'>ἀντίφασις</span> <span class='ocrx_word' id='word_1_648' title='bbox 2885 1669 3078 1738; x_wconf 79' lang='grc' dir='ltr'>ἑαυτῇ,</span> <span class='ocrx_word' id='word_1_649' title='bbox 3118 1664 3403 1731; x_wconf 86' lang='grc' dir='ltr'>διαφωνεῖς</span> <span class='ocrx_word' id='word_1_650' title='bbox 3450 1659 3548 1728; x_wconf 82' lang='grc' dir='ltr'>μὲν</span> <span class='ocrx_word' id='word_1_651' title='bbox 3589 1654 3682 1710; x_wconf 80' lang='grc' dir='ltr'>οὖν</span> 
     </span>
    </p>
   </div>
   <div class='ocr_carea' id='block_1_78' title="bbox 2949 1753 3690 1816">
    <p class='ocr_par' dir='ltr' id='par_1_78' title="bbox 2949 1753 3690 1816">
     <span class='ocr_line' id='line_1_80' title="bbox 2949 1753 3690 1816; baseline -0.018 -5"><span class='ocrx_word' id='word_1_652' title='bbox 2949 1760 3047 1812; x_wconf 75' lang='grc' dir='ltr'>καί⁵</span> <span class='ocrx_word' id='word_1_653' title='bbox 3097 1753 3478 1812; x_wconf 78' lang='grc' dir='ltr'>παντοδαποὺς</span> <span class='ocrx_word' id='word_1_654' title='bbox 3528 1765 3690 1816; x_wconf 87' lang='grc' dir='ltr'>περι-</span> 
     </span>
    </p>
   </div>
   <div class='ocr_carea' id='block_1_79' title="bbox 2119 1931 3694 2015">
    <p class='ocr_par' dir='ltr' id='par_1_79' title="bbox 2119 1931 3694 2015">
     <span class='ocr_line' id='line_1_81' title="bbox 2119 1931 3694 2015; baseline -0.013 -14"><span class='ocrx_word' id='word_1_655' title='bbox 2119 1947 2402 2012; x_wconf 82' lang='grc' dir='ltr'>ἀποδεῖξαι</span> <span class='ocrx_word' id='word_1_656' title='bbox 2437 1943 2758 2015; x_wconf 89' lang='grc' dir='ltr'>φιλονεικῶν</span> <span class='ocrx_word' id='word_1_657' title='bbox 2803 1945 2912 1996; x_wconf 78' lang='grc' dir='ltr'>πᾶν</span> <span class='ocrx_word' id='word_1_658' title='bbox 2974 1937 3304 2000; x_wconf 69' lang='grc' dir='ltr'>τούναντίον,</span> <span class='ocrx_word' id='word_1_659' title='bbox 3341 1935 3391 1986; x_wconf 87' lang='grc' dir='ltr'>εἰ</span> <span class='ocrx_word' id='word_1_660' title='bbox 3460 1932 3550 1984; x_wconf 76' lang='grc' dir='ltr'>καὶ</span> <span class='ocrx_word' id='word_1_661' title='bbox 3613 1931 3694 1991; x_wconf 89' lang='grc' dir='ltr'>εἰς</span> 
     </span>
    </p>
   </div>
   <div class='ocr_carea' id='block_1_80' title="bbox 2071 2024 3695 2110">
    <p class='ocr_par' dir='ltr' id='par_1_80' title="bbox 2071 2024 3695 2110">
     <span class='ocr_line' id='line_1_82' title="bbox 2071 2024 3695 2110; baseline -0.014 -14"><span class='ocrx_word' id='word_1_662' title='bbox 2071 2051 2076 2057; x_wconf 81' lang='grc'><strong>“</strong></span> <span class='ocrx_word' id='word_1_663' title='bbox 2125 2042 2304 2110; x_wconf 83' lang='grc' dir='ltr'>μάτην</span> <span class='ocrx_word' id='word_1_664' title='bbox 2332 2041 2538 2103; x_wconf 82' lang='grc' dir='ltr'>πονεῖς,</span> <span class='ocrx_word' id='word_1_665' title='bbox 2572 2036 2740 2090; x_wconf 86' lang='grc' dir='ltr'>κύϐον</span> <span class='ocrx_word' id='word_1_666' title='bbox 2773 2036 3032 2102; x_wconf 80' lang='grc' dir='ltr'>ἄντικρυς</span> <span class='ocrx_word' id='word_1_667' title='bbox 3062 2028 3386 2098; x_wconf 86' lang='grc' dir='ltr'>φιλονεικῶν</span> <span class='ocrx_word' id='word_1_668' title='bbox 3414 2024 3695 2086; x_wconf 80' lang='grc' dir='ltr'>ἀποδεῖξαι</span> 
     </span>
    </p>
   </div>
   <div class='ocr_carea' id='block_1_81' title="bbox 2061 2116 3696 2202">
    <p class='ocr_par' dir='ltr' id='par_1_81' title="bbox 2061 2116 3696 2202">
     <span class='ocr_line' id='line_1_83' title="bbox 2061 2116 3696 2202; baseline -0.013 -17"><span class='ocrx_word' id='word_1_669' title='bbox 2061 2173 2064 2177; x_wconf 88' lang='grc'>.</span> <span class='ocrx_word' id='word_1_670' title='bbox 2123 2132 2226 2202; x_wconf 79' lang='grc' dir='ltr'>τὴν</span> <span class='ocrx_word' id='word_1_671' title='bbox 2266 2134 2530 2202; x_wconf 84' lang='grc' dir='ltr'>σφαῖραν,</span> <span class='ocrx_word' id='word_1_672' title='bbox 2556 2130 2589 2198; x_wconf 81' lang='grc' dir='ltr'>ἦ</span> <span class='ocrx_word' id='word_1_673' title='bbox 2616 2130 2707 2181; x_wconf 84' lang='grc' dir='ltr'>τὸν</span> <span class='ocrx_word' id='word_1_674' title='bbox 2737 2127 2911 2180; x_wconf 86' lang='grc' dir='ltr'>κῶνον</span> <span class='ocrx_word' id='word_1_675' title='bbox 2932 2126 3198 2196; x_wconf 85' lang='grc' dir='ltr'>τρίγωνον</span> <span class='ocrx_word' id='word_1_676' title='bbox 3232 2119 3528 2180; x_wconf 71' lang='grc' dir='ltr'>ἰσοσκελὲς,</span> <span class='ocrx_word' id='word_1_677' title='bbox 3572 2116 3696 2167; x_wconf 84' lang='grc' dir='ltr'>ὅτου</span> 
     </span>
    </p>
   </div>
   <div class='ocr_carea' id='block_1_82' title="bbox 2125 2209 3701 2292">
    <p class='ocr_par' dir='ltr' id='par_1_82' title="bbox 2125 2209 3701 2292">
     <span class='ocr_line' id='line_1_84' title="bbox 2125 2209 3701 2292; baseline -0.011 -17"><span class='ocrx_word' id='word_1_678' title='bbox 2125 2225 2288 2292; x_wconf 82' lang='grc' dir='ltr'>χάριν</span> <span class='ocrx_word' id='word_1_679' title='bbox 2325 2223 2509 2274; x_wconf 75' lang='grc' dir='ltr'>ἐκεῖνα</span> <span class='ocrx_word' id='word_1_680' title='bbox 2550 2218 2870 2289; x_wconf 87' lang='grc' dir='ltr'>προφέρεις,</span> <span class='ocrx_word' id='word_1_681' title='bbox 2907 2219 3000 2268; x_wconf 67' lang='grc' dir='ltr'>καὶ</span> <span class='ocrx_word' id='word_1_682' title='bbox 3022 2214 3336 2280; x_wconf 89' lang='grc' dir='ltr'>ἀντιλογίας</span> <span class='ocrx_word' id='word_1_683' title='bbox 3361 2212 3474 2271; x_wconf 87' lang='grc' dir='ltr'>τοῖς</span> <span class='ocrx_word' id='word_1_684' title='bbox 3535 2209 3701 2275; x_wconf 85' lang='grc' dir='ltr'>ίεροῖς</span> 
     </span>
    </p>
   </div>
   <div class='ocr_carea' id='block_1_83' title="bbox 2125 2301 3698 2384">
    <p class='ocr_par' dir='ltr' id='par_1_83' title="bbox 2125 2301 3698 2384">
     <span class='ocr_line' id='line_1_85' title="bbox 2125 2301 3698 2384; baseline -0.011 -17"><span class='ocrx_word' id='word_1_685' title='bbox 2125 2316 2535 2384; x_wconf 76' lang='grc' dir='ltr'>προσαρμόζεις</span> <span class='ocrx_word' id='word_1_686' title='bbox 2576 2313 2776 2380; x_wconf 87' lang='grc' dir='ltr'>λόγοις,</span> <span class='ocrx_word' id='word_1_687' title='bbox 2822 2309 2948 2362; x_wconf 78' lang='grc' dir='ltr'>οὐδὲ</span> <span class='ocrx_word' id='word_1_688' title='bbox 2989 2309 3087 2377; x_wconf 83' lang='grc' dir='ltr'>τὴν</span> <span class='ocrx_word' id='word_1_689' title='bbox 3135 2306 3235 2375; x_wconf 89' lang='grc' dir='ltr'>σὴν</span> <span class='ocrx_word' id='word_1_690' title='bbox 3272 2301 3428 2372; x_wconf 85' lang='grc' dir='ltr'>οἶμαι</span> <span class='ocrx_word' id='word_1_691' title='bbox 3470 2301 3698 2360; x_wconf 84' lang='grc' dir='ltr'>Πυθίαν.</span> 
     </span>
    </p>
   </div>
   <div class='ocr_carea' id='block_1_84' title="bbox 2127 2387 3704 2474">
    <p class='ocr_par' dir='ltr' id='par_1_84' title="bbox 2127 2387 3704 2474">
     <span class='ocr_line' id='line_1_86' title="bbox 2127 2387 3704 2474; baseline -0.011 -13"><span class='ocrx_word' id='word_1_692' title='bbox 2127 2409 2251 2462; x_wconf 79' lang='grc' dir='ltr'>οὐδὲ</span> <span class='ocrx_word' id='word_1_693' title='bbox 2270 2410 2397 2469; x_wconf 81' lang='grc' dir='ltr'>τοὺς</span> <span class='ocrx_word' id='word_1_694' title='bbox 2421 2407 2792 2474; x_wconf 81' lang='grc' dir='ltr'>ἀστρολάϐους</span> <span class='ocrx_word' id='word_1_695' title='bbox 2849 2405 3028 2472; x_wconf 79' lang='grc' dir='ltr'>εὑρεῖν</span> <span class='ocrx_word' id='word_1_696' title='bbox 3083 2400 3149 2453; x_wconf 80' lang='grc' dir='ltr'>ἄν</span> <span class='ocrx_word' id='word_1_697' title='bbox 3213 2415 3345 2451; x_wconf 88' lang='grc' dir='ltr'>ποτε</span> <span class='ocrx_word' id='word_1_698' title='bbox 3397 2397 3566 2466; x_wconf 89' lang='grc' dir='ltr'>σχεῖν,</span> <span class='ocrx_word' id='word_1_699' title='bbox 3623 2387 3704 2454; x_wconf 78' lang='grc' dir='ltr'>οἷς</span> 
     </span>
    </p>
   </div>
   <div class='ocr_carea' id='block_1_85' title="bbox 2130 2485 3704 2571">
    <p class='ocr_par' dir='ltr' id='par_1_85' title="bbox 2130 2485 3704 2571">
     <span class='ocr_line' id='line_1_87' title="bbox 2130 2485 3704 2571; baseline -0.012 -17"><span class='ocrx_word' id='word_1_700' title='bbox 2130 2501 2303 2571; x_wconf 87' lang='grc' dir='ltr'>δήπου</span> <span class='ocrx_word' id='word_1_701' title='bbox 2328 2503 2424 2553; x_wconf 81' lang='grc' dir='ltr'>καί</span> <span class='ocrx_word' id='word_1_702' title='bbox 2453 2499 2625 2552; x_wconf 81' lang='grc' dir='ltr'>πολλὰ</span> <span class='ocrx_word' id='word_1_703' title='bbox 2662 2498 2770 2550; x_wconf 85' lang='grc' dir='ltr'>τῶν</span> <span class='ocrx_word' id='word_1_704' title='bbox 2815 2496 3118 2566; x_wconf 83' lang='grc' dir='ltr'>μελλόντων</span> <span class='ocrx_word' id='word_1_705' title='bbox 3165 2489 3327 2552; x_wconf 65' lang='grc' dir='ltr'>αὐτὸς</span> <span class='ocrx_word' id='word_1_706' title='bbox 3392 2489 3527 2557; x_wconf 75' lang='grc' dir='ltr'>πρὸς</span> <span class='ocrx_word' id='word_1_707' title='bbox 3577 2485 3704 2546; x_wconf 82' lang='grc' dir='ltr'>τοὺς</span> 
     </span>
    </p>
   </div>
   <div class='ocr_carea' id='block_1_86' title="bbox 2134 2582 3706 2662">
    <p class='ocr_par' dir='ltr' id='par_1_86' title="bbox 2134 2582 3706 2662">
     <span class='ocr_line' id='line_1_88' title="bbox 2134 2582 3706 2662; baseline -0.013 -14"><span class='ocrx_word' id='word_1_708' title='bbox 2134 2595 2264 2657; x_wconf 76' lang='grc' dir='ltr'>σοὺς</span> <span class='ocrx_word' id='word_1_709' title='bbox 2316 2592 2710 2662; x_wconf 76' lang='grc' dir='ltr'>προφοιϐάςειν</span> <span class='ocrx_word' id='word_1_710' title='bbox 2779 2586 3154 2657; x_wconf 80' lang='grc' dir='ltr'>ὲσχηματίζου</span> <span class='ocrx_word' id='word_1_711' title='bbox 3213 2582 3493 2640; x_wconf 83' lang='grc' dir='ltr'>πολλάκις.</span> <span class='ocrx_word' id='word_1_712' title='bbox 3566 2582 3706 2650; x_wconf 73' lang='grc' dir='ltr'>Ιιρὸς</span> 
     </span>
    </p>
   </div>
   <div class='ocr_carea' id='block_1_87' title="bbox 2135 2671 3706 2757">
    <p class='ocr_par' dir='ltr' id='par_1_87' title="bbox 2135 2671 3706 2757">
     <span class='ocr_line' id='line_1_89' title="bbox 2135 2671 3706 2757; baseline -0.011 -16"><span class='ocrx_word' id='word_1_713' title='bbox 2135 2688 2290 2757; x_wconf 77' lang='grc' dir='ltr'>ἡμῶν</span> <span class='ocrx_word' id='word_1_714' title='bbox 2339 2687 2435 2740; x_wconf 67' lang='grc' dir='ltr'>καλ⁸</span> <span class='ocrx_word' id='word_1_715' title='bbox 2487 2686 2597 2754; x_wconf 89' lang='grc' dir='ltr'>γάρ</span> <span class='ocrx_word' id='word_1_716' title='bbox 2664 2685 2834 2746; x_wconf 74' lang='grc' dir='ltr'>ἐστιν,</span> <span class='ocrx_word' id='word_1_717' title='bbox 2872 2679 2987 2734; x_wconf 84' lang='grc' dir='ltr'>ἀλλ’</span> <span class='ocrx_word' id='word_1_718' title='bbox 3039 2681 3138 2748; x_wconf 83' lang='grc' dir='ltr'>οὐχ</span> <span class='ocrx_word' id='word_1_719' title='bbox 3195 2677 3336 2746; x_wconf 78' lang='grc' dir='ltr'>ὑπὲρ</span> <span class='ocrx_word' id='word_1_720' title='bbox 3393 2673 3487 2727; x_wconf 89' lang='grc' dir='ltr'>σοῦ</span> <span class='ocrx_word' id='word_1_721' title='bbox 3549 2671 3706 2727; x_wconf 71' lang='grc' dir='ltr'>πάντ’</span> 
     </span>
    </p>
   </div>
   <div class='ocr_carea' id='block_1_88' title="bbox 2136 2769 3709 2849">
    <p class='ocr_par' dir='ltr' id='par_1_88' title="bbox 2136 2769 3709 2849">
     <span class='ocr_line' id='line_1_90' title="bbox 2136 2769 3709 2849; baseline -0.011 -15"><span class='ocrx_word' id='word_1_722' title='bbox 2136 2783 2341 2844; x_wconf 75' lang='grc' dir='ltr'>ἐκεῖνα,</span> <span class='ocrx_word' id='word_1_723' title='bbox 2368 2778 2618 2849; x_wconf 86' lang='grc' dir='ltr'>καθάπερ</span> <span class='ocrx_word' id='word_1_724' title='bbox 2639 2777 2845 2848; x_wconf 79' lang='grc' dir='ltr'>ᾠήθης,</span> <span class='ocrx_word' id='word_1_725' title='bbox 2871 2773 3093 2843; x_wconf 82' lang='grc' dir='ltr'>λέγωδὴ</span> <span class='ocrx_word' id='word_1_726' title='bbox 3133 2771 3212 2837; x_wconf 88' lang='grc' dir='ltr'>τὸ,</span> <span class='ocrx_word' id='word_1_727' title='bbox 3275 2770 3333 2823; x_wconf 78' lang='grc' dir='ltr'>ὃν</span> <span class='ocrx_word' id='word_1_728' title='bbox 3385 2769 3541 2836; x_wconf 85' lang='grc' dir='ltr'>λόγον</span> <span class='ocrx_word' id='word_1_729' title='bbox 3597 2769 3709 2834; x_wconf 72' lang='grc' dir='ltr'>ἔχει</span> 
     </span>
    </p>
   </div>
   <div class='ocr_carea' id='block_1_89' title="bbox 2139 2857 3712 2945">
    <p class='ocr_par' dir='ltr' id='par_1_89' title="bbox 2139 2857 3712 2945">
     <span class='ocr_line' id='line_1_91' title="bbox 2139 2857 3712 2945; baseline -0.012 -19"><span class='ocrx_word' id='word_1_730' title='bbox 2139 2875 2357 2945; x_wconf 87' lang='grc' dir='ltr'>θέλησις</span> <span class='ocrx_word' id='word_1_731' title='bbox 2377 2873 2511 2941; x_wconf 85' lang='grc' dir='ltr'>πρὸς</span> <span class='ocrx_word' id='word_1_732' title='bbox 2545 2875 2743 2930; x_wconf 80' lang='grc' dir='ltr'>κτίσιν,</span> <span class='ocrx_word' id='word_1_733' title='bbox 2783 2870 2874 2922; x_wconf 88' lang='grc' dir='ltr'>τὸν</span> <span class='ocrx_word' id='word_1_734' title='bbox 2899 2867 3062 2920; x_wconf 79' lang='grc' dir='ltr'>αὐτὸν</span> <span class='ocrx_word' id='word_1_735' title='bbox 3087 2868 3341 2935; x_wconf 76' lang='grc' dir='ltr'>ἐνέργεια</span> <span class='ocrx_word' id='word_1_736' title='bbox 3390 2862 3523 2930; x_wconf 87' lang='grc' dir='ltr'>πρὸς</span> <span class='ocrx_word' id='word_1_737' title='bbox 3588 2857 3712 2909; x_wconf 85' lang='grc' dir='ltr'>ποί-</span> 
     </span>
    </p>
   </div>
   <div class='ocr_carea' id='block_1_90' title="bbox 2083 2950 3714 3034">
    <p class='ocr_par' dir='ltr' id='par_1_90' title="bbox 2083 2950 3714 3034">
     <span class='ocr_line' id='line_1_92' title="bbox 2083 2950 3714 3034; baseline -0.011 -16"><span class='ocrx_word' id='word_1_738' title='bbox 2083 2995 2088 2998; x_wconf 94' lang='lat'><strong><em>-</em></strong></span> <span class='ocrx_word' id='word_1_739' title='bbox 2137 2983 2263 3034; x_wconf 90' lang='grc' dir='ltr'>ησιν</span> <span class='ocrx_word' id='word_1_740' title='bbox 2292 2965 2428 3034; x_wconf 76' lang='grc' dir='ltr'>ἔχει,</span> <span class='ocrx_word' id='word_1_741' title='bbox 2453 2963 2546 3016; x_wconf 74' lang='grc' dir='ltr'>καὶ</span> <span class='ocrx_word' id='word_1_742' title='bbox 2570 2961 2821 3026; x_wconf 79' lang='grc' dir='ltr'>ἐναλλὰξ,</span> <span class='ocrx_word' id='word_1_743' title='bbox 2847 2959 2944 3011; x_wconf 78' lang='grc' dir='ltr'>καὶ</span> <span class='ocrx_word' id='word_1_744' title='bbox 2984 2961 3066 3010; x_wconf 79' lang='grc' dir='ltr'>ὃτι</span> <span class='ocrx_word' id='word_1_745' title='bbox 3095 2960 3190 3027; x_wconf 82' lang='grc' dir='ltr'>τῆς</span> <span class='ocrx_word' id='word_1_746' title='bbox 3235 2956 3332 3024; x_wconf 78' lang='grc' dir='ltr'>μὲν</span> <span class='ocrx_word' id='word_1_747' title='bbox 3366 2953 3518 3013; x_wconf 88' lang='grc' dir='ltr'>θείας</span> <span class='ocrx_word' id='word_1_748' title='bbox 3549 2950 3714 3018; x_wconf 79' lang='grc' dir='ltr'>θελή-</span> 
     </span>
    </p>
   </div>
   <div class='ocr_carea' id='block_1_91' title="bbox 2143 3043 3704 3127">
    <p class='ocr_par' dir='ltr' id='par_1_91' title="bbox 2143 3043 3704 3127">
     <span class='ocr_line' id='line_1_93' title="bbox 2143 3043 3704 3127; baseline -0.012 -15"><span class='ocrx_word' id='word_1_749' title='bbox 2143 3078 2280 3123; x_wconf 89' lang='grc' dir='ltr'>σεως</span> <span class='ocrx_word' id='word_1_750' title='bbox 2311 3063 2406 3112; x_wconf 77' lang='grc' dir='ltr'>καί</span> <span class='ocrx_word' id='word_1_751' title='bbox 2434 3059 2529 3127; x_wconf 85' lang='grc' dir='ltr'>τῆς</span> <span class='ocrx_word' id='word_1_752' title='bbox 2559 3056 2839 3125; x_wconf 75' lang='grc' dir='ltr'>ἐνεργείας</span> <span class='ocrx_word' id='word_1_753' title='bbox 2871 3055 2903 3121; x_wconf 82' lang='grc' dir='ltr'>ἠ</span> <span class='ocrx_word' id='word_1_754' title='bbox 2963 3053 3162 3112; x_wconf 81' lang='grc' dir='ltr'>κτίσις,</span> <span class='ocrx_word' id='word_1_755' title='bbox 3208 3050 3307 3117; x_wconf 79' lang='grc' dir='ltr'>τῆς</span> <span class='ocrx_word' id='word_1_756' title='bbox 3331 3049 3387 3100; x_wconf 80' lang='grc' dir='ltr'>δὲ</span> <span class='ocrx_word' id='word_1_757' title='bbox 3433 3043 3704 3116; x_wconf 82' lang='grc' dir='ltr'>φύσεωςὴ</span> 
     </span>
    </p>
   </div>
   <div class='ocr_carea' id='block_1_92' title="bbox 2145 3138 3720 3222">
    <p class='ocr_par' dir='ltr' id='par_1_92' title="bbox 2145 3138 3720 3222">
     <span class='ocr_line' id='line_1_94' title="bbox 2145 3138 3720 3222; baseline -0.011 -16"><span class='ocrx_word' id='word_1_758' title='bbox 2145 3153 2380 3222; x_wconf 74' lang='grc' dir='ltr'>ἄναρχος</span> <span class='ocrx_word' id='word_1_759' title='bbox 2414 3153 2664 3218; x_wconf 82' lang='grc' dir='ltr'>γέννησις</span> <span class='ocrx_word' id='word_1_760' title='bbox 2704 3150 2864 3218; x_wconf 78' lang='grc' dir='ltr'>ἔργον</span> <span class='ocrx_word' id='word_1_761' title='bbox 2887 3165 2899 3178; x_wconf 88' lang='grc'><strong>·</strong></span> <span class='ocrx_word' id='word_1_762' title='bbox 2934 3146 3093 3198; x_wconf 82' lang='grc' dir='ltr'>τοῦτο</span> <span class='ocrx_word' id='word_1_763' title='bbox 3129 3145 3239 3213; x_wconf 75' lang='grc' dir='ltr'>γὰρ</span> <span class='ocrx_word' id='word_1_764' title='bbox 3271 3143 3363 3194; x_wconf 81' lang='grc' dir='ltr'>καὶ</span> <span class='ocrx_word' id='word_1_765' title='bbox 3399 3141 3461 3192; x_wconf 86' lang='grc' dir='ltr'>τὸ</span> <span class='ocrx_word' id='word_1_766' title='bbox 3496 3139 3591 3191; x_wconf 85' lang='grc' dir='ltr'>τοῦ</span> <span class='ocrx_word' id='word_1_767' title='bbox 3630 3138 3720 3188; x_wconf 84' lang='grc' dir='ltr'>λό-</span> 
     </span>
    </p>
   </div>
   <div class='ocr_carea' id='block_1_93' title="bbox 2145 3232 3716 3316">
    <p class='ocr_par' dir='ltr' id='par_1_93' title="bbox 2145 3232 3716 3316">
     <span class='ocr_line' id='line_1_95' title="bbox 2145 3232 3716 3316; baseline -0.013 -14"><span class='ocrx_word' id='word_1_768' title='bbox 2145 3265 2244 3316; x_wconf 89' lang='grc' dir='ltr'>γου</span> <span class='ocrx_word' id='word_1_769' title='bbox 2281 3246 2581 3316; x_wconf 85' lang='grc' dir='ltr'>κεφάλαιον</span> <span class='ocrx_word' id='word_1_770' title='bbox 2607 3245 2721 3303; x_wconf 78' lang='grc' dir='ltr'>τοῖς</span> <span class='ocrx_word' id='word_1_771' title='bbox 2758 3243 2926 3310; x_wconf 87' lang='grc' dir='ltr'>ίεροίς</span> <span class='ocrx_word' id='word_1_772' title='bbox 2961 3238 3254 3305; x_wconf 88' lang='grc' dir='ltr'>θεολόγοις.</span> <span class='ocrx_word' id='word_1_773' title='bbox 3319 3236 3497 3299; x_wconf 83' lang='grc' dir='ltr'>Ὀπερ</span> <span class='ocrx_word' id='word_1_774' title='bbox 3550 3232 3716 3293; x_wconf 78' lang='grc' dir='ltr'>αὐτὸς</span> 
     </span>
    </p>
   </div>
   <div class='ocr_carea' id='block_1_94' title="bbox 2145 3326 3724 3409">
    <p class='ocr_par' dir='ltr' id='par_1_94' title="bbox 2145 3326 3724 3409">
     <span class='ocr_line' id='line_1_96' title="bbox 2145 3326 3724 3409; baseline -0.011 -16"><span class='ocrx_word' id='word_1_775' title='bbox 2145 3340 2240 3394; x_wconf 86' lang='grc' dir='ltr'>νῦν</span> <span class='ocrx_word' id='word_1_776' title='bbox 2271 3341 2368 3409; x_wconf 84' lang='grc' dir='ltr'>μὲν</span> <span class='ocrx_word' id='word_1_777' title='bbox 2396 3339 2472 3400; x_wconf 84' lang='grc' dir='ltr'>ὼς</span> <span class='ocrx_word' id='word_1_778' title='bbox 2503 3336 2639 3407; x_wconf 79' lang='grc' dir='ltr'>μηδὲ</span> <span class='ocrx_word' id='word_1_779' title='bbox 2677 3335 2842 3405; x_wconf 75' lang='grc' dir='ltr'>ῥηθὲν</span> <span class='ocrx_word' id='word_1_780' title='bbox 2869 3335 3092 3404; x_wconf 67' lang='grc' dir='ltr'>μεγέθει</span> <span class='ocrx_word' id='word_1_781' title='bbox 3112 3330 3350 3391; x_wconf 90' lang='grc' dir='ltr'>διανοίας</span> <span class='ocrx_word' id='word_1_782' title='bbox 3377 3329 3472 3380; x_wconf 86' lang='grc' dir='ltr'>καὶ</span> <span class='ocrx_word' id='word_1_783' title='bbox 3507 3326 3724 3395; x_wconf 89' lang='grc' dir='ltr'>φύσεως</span> 
     </span>
    </p>
   </div>
   <div class='ocr_carea' id='block_1_95' title="bbox 2149 3416 3727 3500">
    <p class='ocr_par' dir='ltr' id='par_1_95' title="bbox 2149 3416 3727 3500">
     <span class='ocr_line' id='line_1_97' title="bbox 2149 3416 3727 3500; baseline -0.011 -17"><span class='ocrx_word' id='word_1_784' title='bbox 2149 3431 2534 3500; x_wconf 76' lang='grc' dir='ltr'>παρατρέχων,</span> <span class='ocrx_word' id='word_1_785' title='bbox 2554 3427 2682 3496; x_wconf 82' lang='grc' dir='ltr'>περὶ</span> <span class='ocrx_word' id='word_1_786' title='bbox 2704 3427 2800 3486; x_wconf 84' lang='grc' dir='ltr'>τὰς</span> <span class='ocrx_word' id='word_1_787' title='bbox 2829 3423 3123 3490; x_wconf 83' lang='grc' dir='ltr'>ἀναλογίας</span> <span class='ocrx_word' id='word_1_788' title='bbox 3161 3418 3410 3490; x_wconf 80' lang='grc' dir='ltr'>άσχολεῖς</span> <span class='ocrx_word' id='word_1_789' title='bbox 3456 3416 3546 3470; x_wconf 82' lang='grc' dir='ltr'>τὸν</span> <span class='ocrx_word' id='word_1_790' title='bbox 3566 3432 3727 3468; x_wconf 61' lang='lat' dir='ltr'>auau-</span> 
     </span>
    </p>
   </div>
   <div class='ocr_carea' id='block_1_96' title="bbox 2149 3506 3726 3589">
    <p class='ocr_par' dir='ltr' id='par_1_96' title="bbox 2149 3506 3726 3589">
     <span class='ocr_line' id='line_1_98' title="bbox 2149 3506 3726 3589; baseline -0.011 -16"><span class='ocrx_word' id='word_1_791' title='bbox 2149 3521 2242 3573; x_wconf 85' lang='grc' dir='ltr'>τοῦ</span> <span class='ocrx_word' id='word_1_792' title='bbox 2276 3521 2434 3589; x_wconf 86' lang='grc' dir='ltr'>λόγον</span> <span class='ocrx_word' id='word_1_793' title='bbox 2459 3534 2470 3548; x_wconf 87' lang='grc'>·</span> <span class='ocrx_word' id='word_1_794' title='bbox 2505 3519 2644 3570; x_wconf 74' lang='grc' dir='ltr'>κατὰ</span> <span class='ocrx_word' id='word_1_795' title='bbox 2680 3515 2876 3584; x_wconf 78' lang='grc' dir='ltr'>μικρὸν</span> <span class='ocrx_word' id='word_1_796' title='bbox 2925 3513 2983 3565; x_wconf 80' lang='grc' dir='ltr'>δὲ</span> <span class='ocrx_word' id='word_1_797' title='bbox 3023 3513 3118 3564; x_wconf 74' lang='grc' dir='ltr'>καὶ</span> <span class='ocrx_word' id='word_1_798' title='bbox 3160 3513 3339 3578; x_wconf 82' lang='grc' dir='ltr'>λόγοις</span> <span class='ocrx_word' id='word_1_799' title='bbox 3375 3510 3558 3560; x_wconf 79' lang='grc' dir='ltr'>ἐκεῖνα</span> <span class='ocrx_word' id='word_1_800' title='bbox 3585 3506 3726 3570; x_wconf 81' lang='grc' dir='ltr'>διεξ-</span> 
     </span>
    </p>
   </div>
   <div class='ocr_carea' id='block_1_97' title="bbox 2152 3601 3729 3678">
    <p class='ocr_par' dir='ltr' id='par_1_97' title="bbox 2152 3601 3729 3678">
     <span class='ocr_line' id='line_1_99' title="bbox 2152 3601 3729 3678; baseline -0.011 -12"><span class='ocrx_word' id='word_1_801' title='bbox 2152 3615 2270 3676; x_wconf 86' lang='grc' dir='ltr'>ιὼν,</span> <span class='ocrx_word' id='word_1_802' title='bbox 2305 3614 2398 3664; x_wconf 76' lang='grc' dir='ltr'>καὶ</span> <span class='ocrx_word' id='word_1_803' title='bbox 2431 3614 2530 3678; x_wconf 84' lang='grc' dir='ltr'>τὴν</span> <span class='ocrx_word' id='word_1_804' title='bbox 2564 3608 2826 3675; x_wconf 73' lang='grc' dir='ltr'>διαφοράν</span> <span class='ocrx_word' id='word_1_805' title='bbox 2869 3607 2969 3674; x_wconf 79' lang='grc' dir='ltr'>τῆς</span> <span class='ocrx_word' id='word_1_806' title='bbox 3016 3603 3202 3665; x_wconf 79' lang='grc' dir='ltr'>οὐσίας</span> <span class='ocrx_word' id='word_1_807' title='bbox 3247 3601 3384 3670; x_wconf 86' lang='grc' dir='ltr'>πρὸς</span> <span class='ocrx_word' id='word_1_808' title='bbox 3430 3601 3530 3670; x_wconf 80' lang='grc' dir='ltr'>τὴν</span> <span class='ocrx_word' id='word_1_809' title='bbox 3575 3601 3729 3666; x_wconf 70' lang='grc' dir='ltr'>ἐνέρ-</span> 
     </span>
    </p>
   </div>
   <div class='ocr_carea' id='block_1_98' title="bbox 2151 3691 3728 3774">
    <p class='ocr_par' dir='ltr' id='par_1_98' title="bbox 2151 3691 3728 3774">
     <span class='ocr_line' id='line_1_100' title="bbox 2151 3691 3728 3774; baseline -0.011 -16"><span class='ocrx_word' id='word_1_810' title='bbox 2151 3721 2309 3774; x_wconf 81' lang='grc' dir='ltr'>γειαν</span> <span class='ocrx_word' id='word_1_811' title='bbox 2334 3705 2446 3764; x_wconf 85' lang='grc' dir='ltr'>τοῖς</span> <span class='ocrx_word' id='word_1_812' title='bbox 2468 3703 2646 3768; x_wconf 88' lang='grc' dir='ltr'>λόγοις</span> <span class='ocrx_word' id='word_1_813' title='bbox 2674 3700 2900 3752; x_wconf 78' lang='grc' dir='ltr'>ἐκείνων</span> <span class='ocrx_word' id='word_1_814' title='bbox 2919 3697 3328 3766; x_wconf 82' lang='grc' dir='ltr'>ἀνακηρύττων,</span> <span class='ocrx_word' id='word_1_815' title='bbox 3352 3693 3470 3745; x_wconf 78' lang='grc' dir='ltr'>οὐδὲ</span> <span class='ocrx_word' id='word_1_816' title='bbox 3493 3691 3728 3761; x_wconf 80' lang='grc' dir='ltr'>αἰσθάνῃ</span> 
     </span>
    </p>
   </div>
   <div class='ocr_carea' id='block_1_99' title="bbox 2155 3789 3731 3867">
    <p class='ocr_par' dir='ltr' id='par_1_99' title="bbox 2155 3789 3731 3867">
     <span class='ocr_line' id='line_1_101' title="bbox 2155 3789 3731 3867; baseline -0.011 -13"><span class='ocrx_word' id='word_1_817' title='bbox 2155 3802 2263 3855; x_wconf 82' lang='grc' dir='ltr'>τῶν</span> <span class='ocrx_word' id='word_1_818' title='bbox 2297 3799 2628 3867; x_wconf 85' lang='grc' dir='ltr'>λεγομένων,</span> <span class='ocrx_word' id='word_1_819' title='bbox 2659 3793 2850 3862; x_wconf 82' lang='grc' dir='ltr'>ὥσπερ</span> <span class='ocrx_word' id='word_1_820' title='bbox 2888 3793 2940 3844; x_wconf 84' lang='grc' dir='ltr'>οἱ</span> <span class='ocrx_word' id='word_1_821' title='bbox 2962 3790 3154 3852; x_wconf 87' lang='grc' dir='ltr'>νυκτὸς</span> <span class='ocrx_word' id='word_1_822' title='bbox 3177 3791 3273 3842; x_wconf 79' lang='grc' dir='ltr'>καὶ</span> <span class='ocrx_word' id='word_1_823' title='bbox 3327 3791 3549 3849; x_wconf 85' lang='grc' dir='ltr'>σκότους</span> <span class='ocrx_word' id='word_1_824' title='bbox 3608 3789 3731 3837; x_wconf 77' lang='grc' dir='ltr'>ἑπι-</span> 
     </span>
    </p>
   </div>
   <div class='ocr_carea' id='block_1_100' title="bbox 2158 3878 3732 3964">
    <p class='ocr_par' dir='ltr' id='par_1_100' title="bbox 2158 3878 3732 3964">
     <span class='ocr_line' id='line_1_102' title="bbox 2158 3878 3732 3964; baseline -0.014 -16"><span class='ocrx_word' id='word_1_825' title='bbox 2158 3892 2510 3964; x_wconf 77' lang='grc' dir='ltr'>κρατοῦντος,</span> <span class='ocrx_word' id='word_1_826' title='bbox 2549 3887 2656 3940; x_wconf 84' lang='grc' dir='ltr'>τῶν</span> <span class='ocrx_word' id='word_1_827' title='bbox 2695 3882 2880 3952; x_wconf 80' lang='grc' dir='ltr'>σοφῶν</span> <span class='ocrx_word' id='word_1_828' title='bbox 2938 3882 3041 3950; x_wconf 77' lang='grc' dir='ltr'>ἔφη</span> <span class='ocrx_word' id='word_1_829' title='bbox 3099 3897 3206 3944; x_wconf 87' lang='grc' dir='ltr'>τις,</span> <span class='ocrx_word' id='word_1_830' title='bbox 3259 3880 3462 3949; x_wconf 86' lang='grc' dir='ltr'>ὁμοίως</span> <span class='ocrx_word' id='word_1_831' title='bbox 3513 3878 3602 3929; x_wconf 86' lang='grc' dir='ltr'>τόν</span> <span class='ocrx_word' id='word_1_832' title='bbox 3672 3892 3732 3927; x_wconf 87' lang='grc' dir='ltr'>τε</span> 
     </span>
    </p>
   </div>
   <div class='ocr_carea' id='block_1_101' title="bbox 2156 3973 3731 4058">
    <p class='ocr_par' dir='ltr' id='par_1_101' title="bbox 2156 3973 3731 4058">
     <span class='ocr_line' id='line_1_103' title="bbox 2156 3973 3731 4058; baseline -0.015 -18"><span class='ocrx_word' id='word_1_833' title='bbox 2156 3983 2356 4058; x_wconf 87' lang='grc' dir='ltr'>χρυσὸν</span> <span class='ocrx_word' id='word_1_834' title='bbox 2379 3981 2474 4036; x_wconf 83' lang='grc' dir='ltr'>καὶ</span> <span class='ocrx_word' id='word_1_835' title='bbox 2495 3979 2588 4031; x_wconf 81' lang='grc' dir='ltr'>τὸν</span> <span class='ocrx_word' id='word_1_836' title='bbox 2616 3977 2834 4047; x_wconf 89' lang='grc' dir='ltr'>σίδηρον</span> <span class='ocrx_word' id='word_1_837' title='bbox 2858 3975 2944 4028; x_wconf 65' lang='grc' dir='ltr'>ἐπ’</span> <span class='ocrx_word' id='word_1_838' title='bbox 2981 3974 3213 4040; x_wconf 71' lang='grc' dir='ltr'>ἐδάφους</span> <span class='ocrx_word' id='word_1_839' title='bbox 3243 3973 3475 4039; x_wconf 83' lang='grc' dir='ltr'>κείμενα</span> <span class='ocrx_word' id='word_1_840' title='bbox 3506 3985 3690 4036; x_wconf 67' lang='grc' dir='ltr'>παρερ</span> <span class='ocrx_word' id='word_1_841' title='bbox 3721 3997 3731 4004; x_wconf 97' lang='grc'><strong>-</strong></span> 
     </span>
    </p>
   </div>
   <div class='ocr_carea' id='block_1_102' title="bbox 2160 4059 3739 4151">
    <p class='ocr_par' dir='ltr' id='par_1_102' title="bbox 2160 4059 3739 4151">
     <span class='ocr_line' id='line_1_104' title="bbox 2160 4059 3739 4151; baseline -0.012 -21"><span class='ocrx_word' id='word_1_842' title='bbox 2160 4080 2396 4151; x_wconf 84' lang='grc' dir='ltr'>χόμενοι.</span> <span class='ocrx_word' id='word_1_843' title='bbox 2419 4074 2485 4127; x_wconf 90' lang='grc' dir='ltr'>Τί</span> <span class='ocrx_word' id='word_1_844' title='bbox 2507 4075 2600 4126; x_wconf 72' lang='grc' dir='ltr'>καὶ</span> <span class='ocrx_word' id='word_1_845' title='bbox 2617 4073 2686 4139; x_wconf 84' lang='grc' dir='ltr'>γὰ</span> <span class='ocrx_word' id='word_1_846' title='bbox 2694 4089 2726 4141; x_wconf 91' lang='grc' dir='ltr'>ρ</span> <span class='ocrx_word' id='word_1_847' title='bbox 2745 4071 2880 4132; x_wconf 83' lang='grc' dir='ltr'>ὅλως</span> <span class='ocrx_word' id='word_1_848' title='bbox 2904 4071 3062 4130; x_wconf 85' lang='grc' dir='ltr'>νοεῖς,</span> <span class='ocrx_word' id='word_1_849' title='bbox 3083 4064 3288 4138; x_wconf 81' lang='grc' dir='ltr'>φράσον</span> <span class='ocrx_word' id='word_1_850' title='bbox 3308 4065 3439 4134; x_wconf 77' lang='grc' dir='ltr'>ἡμῖν</span> <span class='ocrx_word' id='word_1_851' title='bbox 3460 4059 3739 4130; x_wconf 81' lang='grc' dir='ltr'>καθαρῶς,</span> 
     </span>
    </p>
   </div>
   <div class='ocr_carea' id='block_1_103' title="bbox 2161 4154 3731 4241">
    <p class='ocr_par' dir='ltr' id='par_1_103' title="bbox 2161 4154 3731 4241">
     <span class='ocr_line' id='line_1_105' title="bbox 2161 4154 3731 4241; baseline -0.014 -15"><span class='ocrx_word' id='word_1_852' title='bbox 2161 4168 2207 4227; x_wconf 83' lang='grc' dir='ltr'><strong>ὧ</strong></span> <span class='ocrx_word' id='word_1_853' title='bbox 2251 4170 2538 4241; x_wconf 82' lang='grc' dir='ltr'>φιλόσοφε,</span> <span class='ocrx_word' id='word_1_854' title='bbox 2585 4167 2710 4220; x_wconf 81' lang='grc' dir='ltr'>ὅταν</span> <span class='ocrx_word' id='word_1_855' title='bbox 2732 4165 2824 4216; x_wconf 79' lang='grc' dir='ltr'>τὸν</span> <span class='ocrx_word' id='word_1_856' title='bbox 2869 4162 3012 4229; x_wconf 79' lang='grc' dir='ltr'>ἱερὸν</span> <span class='ocrx_word' id='word_1_857' title='bbox 3050 4160 3304 4226; x_wconf 82' lang='grc' dir='ltr'>Ἰωάννην</span> <span class='ocrx_word' id='word_1_858' title='bbox 3329 4154 3731 4224; x_wconf 82' lang='grc' dir='ltr'>ὰναγινώσκῃς,</span> 
     </span>
    </p>
   </div>
   <div class='ocr_carea' id='block_1_104' title="bbox 2162 4245 3738 4334">
    <p class='ocr_par' dir='ltr' id='par_1_104' title="bbox 2162 4245 3738 4334">
     <span class='ocr_line' id='line_1_106' title="bbox 2162 4245 3738 4334; baseline -0.015 -14"><span class='ocrx_word' id='word_1_859' title='bbox 2162 4267 2255 4320; x_wconf 72' lang='grc' dir='ltr'>καὶ</span> <span class='ocrx_word' id='word_1_860' title='bbox 2286 4264 2505 4334; x_wconf 78' lang='grc' dir='ltr'>γράφῃς</span> <span class='ocrx_word' id='word_1_861' title='bbox 2543 4262 2601 4312; x_wconf 78' lang='grc' dir='ltr'>έν</span> <span class='ocrx_word' id='word_1_862' title='bbox 2626 4261 2738 4320; x_wconf 84' lang='grc' dir='ltr'>τοῖς</span> <span class='ocrx_word' id='word_1_863' title='bbox 2764 4259 2874 4313; x_wconf 83' lang='grc' dir='ltr'>σοῖς</span> <span class='ocrx_word' id='word_1_864' title='bbox 2920 4255 3098 4322; x_wconf 85' lang='grc' dir='ltr'>λόγοις</span> <span class='ocrx_word' id='word_1_865' title='bbox 3158 4251 3302 4304; x_wconf 78' lang='grc' dir='ltr'>οὕτω</span> <span class='ocrx_word' id='word_1_866' title='bbox 3361 4245 3738 4314; x_wconf 75' lang='grc' dir='ltr'>θεολογοῦντασ</span> 
     </span>
    </p>
   </div>
   <div class='ocr_carea' id='block_1_105' title="bbox 2175 4338 3746 4428">
    <p class='ocr_par' dir='ltr' id='par_1_105' title="bbox 2175 4338 3746 4428">
     <span class='ocr_line' id='line_1_107' title="bbox 2175 4338 3746 4428; baseline -0.016 -15"><span class='ocrx_word' id='word_1_867' title='bbox 2175 4359 2244 4414; x_wconf 80' lang='grc' dir='ltr'>ἸΙ</span> <span class='ocrx_word' id='word_1_868' title='bbox 2292 4361 2390 4428; x_wconf 83' lang='grc' dir='ltr'>μὲν</span> <span class='ocrx_word' id='word_1_869' title='bbox 2435 4357 2684 4423; x_wconf 88' lang='grc' dir='ltr'>γέννησις</span> <span class='ocrx_word' id='word_1_870' title='bbox 2728 4351 2958 4418; x_wconf 79' lang='grc' dir='ltr'>ἄναρχος</span> <span class='ocrx_word' id='word_1_871' title='bbox 3020 4347 3112 4398; x_wconf 74' lang='grc' dir='ltr'>καὶ</span> <span class='ocrx_word' id='word_1_872' title='bbox 3159 4344 3349 4405; x_wconf 73' lang='grc' dir='ltr'>ἀίδιος,</span> <span class='ocrx_word' id='word_1_873' title='bbox 3393 4340 3610 4409; x_wconf 85' lang='grc' dir='ltr'>φύσεως</span> <span class='ocrx_word' id='word_1_874' title='bbox 3655 4338 3746 4406; x_wconf 83' lang='grc' dir='ltr'>έρ-</span> 
     </span>
    </p>
   </div>
   <div class='ocr_carea' id='block_1_106' title="bbox 2170 4432 3750 4523">
    <p class='ocr_par' dir='ltr' id='par_1_106' title="bbox 2170 4432 3750 4523">
     <span class='ocr_line' id='line_1_108' title="bbox 2170 4432 3750 4523; baseline -0.016 -15"><span class='ocrx_word' id='word_1_875' title='bbox 2170 4472 2266 4523; x_wconf 93' lang='grc' dir='ltr'>γον</span> <span class='ocrx_word' id='word_1_876' title='bbox 2296 4451 2462 4514; x_wconf 78' lang='grc' dir='ltr'>οὖσα,</span> <span class='ocrx_word' id='word_1_877' title='bbox 2491 4449 2585 4500; x_wconf 71' lang='grc' dir='ltr'>καὶ</span> <span class='ocrx_word' id='word_1_878' title='bbox 2615 4444 2806 4512; x_wconf 67' lang='grc' dir='ltr'>ἐκίτῆς</span> <span class='ocrx_word' id='word_1_879' title='bbox 2839 4443 3026 4502; x_wconf 81' lang='grc' dir='ltr'>οὐσίας</span> <span class='ocrx_word' id='word_1_880' title='bbox 3063 4437 3228 4493; x_wconf 85' lang='grc' dir='ltr'>αὐτοῦ</span> <span class='ocrx_word' id='word_1_881' title='bbox 3263 4438 3582 4506; x_wconf 73' lang='grc' dir='ltr'>προάγουσα</span> <span class='ocrx_word' id='word_1_882' title='bbox 3608 4473 3624 4498; x_wconf 97' lang='grc'>,</span> <span class='ocrx_word' id='word_1_883' title='bbox 3661 4432 3750 4485; x_wconf 83' lang='grc' dir='ltr'>ἵνα</span> 
     </span>
    </p>
   </div>
   <div class='ocr_carea' id='block_1_107' title="bbox 2101 4524 3748 4615">
    <p class='ocr_par' dir='ltr' id='par_1_107' title="bbox 2101 4524 3748 4615">
     <span class='ocr_line' id='line_1_109' title="bbox 2101 4524 3748 4615; baseline -0.015 -15"><span class='ocrx_word' id='word_1_884' title='bbox 2101 4533 2144 4587; x_wconf 80' lang='lat' dir='ltr'><strong>D</strong></span> <span class='ocrx_word' id='word_1_885' title='bbox 2174 4539 2651 4615; x_wconf 80' lang='grc' dir='ltr'>τροπὴνόγεννῶν</span> <span class='ocrx_word' id='word_1_886' title='bbox 2705 4537 2781 4605; x_wconf 79' lang='grc' dir='ltr'>μὴ</span> <span class='ocrx_word' id='word_1_887' title='bbox 2838 4531 3129 4602; x_wconf 75' lang='grc' dir='ltr'>ὑπομείνῃ,</span> <span class='ocrx_word' id='word_1_888' title='bbox 3188 4530 3285 4583; x_wconf 75' lang='grc' dir='ltr'>καὶ</span> <span class='ocrx_word' id='word_1_889' title='bbox 3343 4528 3431 4579; x_wconf 82' lang='grc' dir='ltr'>ἵνα</span> <span class='ocrx_word' id='word_1_890' title='bbox 3479 4529 3558 4596; x_wconf 77' lang='grc' dir='ltr'>μὴ</span> <span class='ocrx_word' id='word_1_891' title='bbox 3615 4524 3748 4587; x_wconf 81' lang='grc' dir='ltr'>Θεὸς</span> 
     </span>
    </p>
   </div>
   <div class='ocr_carea' id='block_1_108' title="bbox 2177 4619 3754 4712">
    <p class='ocr_par' dir='ltr' id='par_1_108' title="bbox 2177 4619 3754 4712">
     <span class='ocr_line' id='line_1_110' title="bbox 2177 4619 3754 4712; baseline -0.024 -18"><span class='ocrx_word' id='word_1_892' title='bbox 2177 4639 2392 4712; x_wconf 71' lang='grc' dir='ltr'>πρῶτος</span> <span class='ocrx_word' id='word_1_893' title='bbox 2427 4637 2518 4689; x_wconf 73' lang='grc' dir='ltr'>καὶ</span> <span class='ocrx_word' id='word_1_894' title='bbox 2550 4633 2682 4694; x_wconf 83' lang='grc' dir='ltr'>Θεὸς</span> <span class='ocrx_word' id='word_1_895' title='bbox 2721 4629 2950 4699; x_wconf 77' lang='grc' dir='ltr'>ὕστερος</span> <span class='ocrx_word' id='word_1_896' title='bbox 2987 4628 3096 4696; x_wconf 83' lang='grc' dir='ltr'>εἴη,</span> <span class='ocrx_word' id='word_1_897' title='bbox 3129 4626 3224 4678; x_wconf 77' lang='grc' dir='ltr'>καὶ</span> <span class='ocrx_word' id='word_1_898' title='bbox 3253 4621 3570 4692; x_wconf 57' lang='grc' dir='ltr'>πιήσθήκην</span> <span class='ocrx_word' id='word_1_899' title='bbox 3598 4619 3754 4685; x_wconf 76' lang='grc' dir='ltr'>δέξη-</span> 
     </span>
    </p>
   </div>
   <div class='ocr_carea' id='block_1_109' title="bbox 2176 4710 3755 4797">
    <p class='ocr_par' dir='ltr' id='par_1_109' title="bbox 2176 4710 3755 4797">
     <span class='ocr_line' id='line_1_111' title="bbox 2176 4710 3755 4797; baseline -0.015 -14"><span class='ocrx_word' id='word_1_900' title='bbox 2176 4747 2265 4782; x_wconf 90' lang='grc' dir='ltr'>ται</span> <span class='ocrx_word' id='word_1_901' title='bbox 2294 4743 2308 4757; x_wconf 73' lang='grc'><strong><em>⁸</em></strong></span> <span class='ocrx_word' id='word_1_902' title='bbox 2338 4729 2372 4797; x_wconf 88' lang='grc' dir='ltr'><strong>ή</strong></span> <span class='ocrx_word' id='word_1_903' title='bbox 2403 4727 2458 4778; x_wconf 78' lang='grc' dir='ltr'>δὲ</span> <span class='ocrx_word' id='word_1_904' title='bbox 2487 4725 2663 4785; x_wconf 79' lang='grc' dir='ltr'>κτίσις</span> <span class='ocrx_word' id='word_1_905' title='bbox 2689 4720 2824 4774; x_wconf 77' lang='grc' dir='ltr'>Θεοῦ</span> <span class='ocrx_word' id='word_1_906' title='bbox 2858 4719 3128 4787; x_wconf 86' lang='grc' dir='ltr'>θελήσεως</span> <span class='ocrx_word' id='word_1_907' title='bbox 3159 4714 3324 4788; x_wconf 72' lang='grc' dir='ltr'>ἔργον</span> <span class='ocrx_word' id='word_1_908' title='bbox 3351 4712 3506 4775; x_wconf 74' lang='grc' dir='ltr'>οὖσα,</span> <span class='ocrx_word' id='word_1_909' title='bbox 3537 4710 3597 4764; x_wconf 85' lang='grc' dir='ltr'>οὑ</span> <span class='ocrx_word' id='word_1_910' title='bbox 3633 4725 3755 4761; x_wconf 86' lang='grc' dir='ltr'>συν-</span> 
     </span>
    </p>
   </div>
   <div class='ocr_carea' id='block_1_110' title="bbox 2181 4801 3759 4887">
    <p class='ocr_par' dir='ltr' id='par_1_110' title="bbox 2181 4801 3759 4887">
     <span class='ocr_line' id='line_1_112' title="bbox 2181 4801 3759 4887; baseline -0.016 -8"><span class='ocrx_word' id='word_1_911' title='bbox 2181 4824 2351 4887; x_wconf 83' lang='grc' dir='ltr'>αῒδιός</span> <span class='ocrx_word' id='word_1_912' title='bbox 2391 4823 2506 4873; x_wconf 81' lang='grc' dir='ltr'>ἐστι</span> <span class='ocrx_word' id='word_1_913' title='bbox 2539 4816 2619 4885; x_wconf 82' lang='grc' dir='ltr'>τῷ</span> <span class='ocrx_word' id='word_1_914' title='bbox 2656 4813 2776 4883; x_wconf 81' lang='grc' dir='ltr'>Θεῷ</span> <span class='ocrx_word' id='word_1_915' title='bbox 2801 4829 2816 4845; x_wconf 77' lang='grc' dir='ltr'><strong>ο</strong></span> <span class='ocrx_word' id='word_1_916' title='bbox 2859 4813 2980 4864; x_wconf 67' lang='grc' dir='ltr'>ἐπεὶ</span> <span class='ocrx_word' id='word_1_917' title='bbox 3011 4812 3072 4863; x_wconf 81' lang='grc' dir='ltr'>ού</span> <span class='ocrx_word' id='word_1_918' title='bbox 3108 4809 3321 4876; x_wconf 86' lang='grc' dir='ltr'>πέφυκε</span> <span class='ocrx_word' id='word_1_919' title='bbox 3353 4806 3412 4858; x_wconf 82' lang='grc' dir='ltr'>τὸ</span> <span class='ocrx_word' id='word_1_920' title='bbox 3445 4808 3510 4857; x_wconf 82' lang='grc' dir='ltr'>ἐκ</span> <span class='ocrx_word' id='word_1_921' title='bbox 3543 4802 3638 4856; x_wconf 91' lang='grc' dir='ltr'>τοῦ</span> <span class='ocrx_word' id='word_1_922' title='bbox 3679 4801 3759 4872; x_wconf 81' lang='grc' dir='ltr'>μὴ</span> 
     </span>
    </p>
   </div>
   <div class='ocr_carea' id='block_1_111' title="bbox 2183 4893 3762 4978">
    <p class='ocr_par' dir='ltr' id='par_1_111' title="bbox 2183 4893 3762 4978">
     <span class='ocr_line' id='line_1_113' title="bbox 2183 4893 3762 4978; baseline -0.017 -6"><span class='ocrx_word' id='word_1_923' title='bbox 2183 4919 2334 4978; x_wconf 68' lang='grc' dir='ltr'>ὄντος</span> <span class='ocrx_word' id='word_1_924' title='bbox 2373 4916 2452 4975; x_wconf 88' lang='grc' dir='ltr'>είς</span> <span class='ocrx_word' id='word_1_925' title='bbox 2485 4914 2545 4964; x_wconf 75' lang='grc' dir='ltr'>τὸ</span> <span class='ocrx_word' id='word_1_926' title='bbox 2567 4905 2706 4961; x_wconf 82' lang='grc' dir='ltr'>εἶναι</span> <span class='ocrx_word' id='word_1_927' title='bbox 2737 4905 3122 4975; x_wconf 83' lang='grc' dir='ltr'>παραγόμενον</span> <span class='ocrx_word' id='word_1_928' title='bbox 3175 4901 3444 4954; x_wconf 82' lang='grc' dir='ltr'>συναῖδιον</span> <span class='ocrx_word' id='word_1_929' title='bbox 3494 4893 3632 4949; x_wconf 85' lang='grc' dir='ltr'>εῐναι</span> <span class='ocrx_word' id='word_1_930' title='bbox 3682 4895 3762 4966; x_wconf 72' lang='grc' dir='ltr'>τῷ</span> 
     </span>
    </p>
   </div>
   <div class='ocr_carea' id='block_1_112' title="bbox 2187 4989 3762 5077">
    <p class='ocr_par' dir='ltr' id='par_1_112' title="bbox 2187 4989 3762 5077">
     <span class='ocr_line' id='line_1_114' title="bbox 2187 4989 3762 5077; baseline -0.015 -15"><span class='ocrx_word' id='word_1_931' title='bbox 2187 5009 2410 5077; x_wconf 82' lang='grc' dir='ltr'>άνάρχῳ</span> <span class='ocrx_word' id='word_1_932' title='bbox 2437 5005 2530 5056; x_wconf 79' lang='grc' dir='ltr'>καὶ</span> <span class='ocrx_word' id='word_1_933' title='bbox 2566 5002 2651 5051; x_wconf 74' lang='grc' dir='ltr'>ἀεὶ</span> <span class='ocrx_word' id='word_1_934' title='bbox 2675 4998 2790 5051; x_wconf 77' lang='grc' dir='ltr'>όντι</span> <span class='ocrx_word' id='word_1_935' title='bbox 2827 5013 2843 5063; x_wconf 88' lang='grc'><strong>;</strong></span> <span class='ocrx_word' id='word_1_936' title='bbox 2882 4997 3147 5064; x_wconf 86' lang='grc' dir='ltr'>Συνάγεις</span> <span class='ocrx_word' id='word_1_937' title='bbox 3175 4998 3240 5046; x_wconf 76' lang='grc' dir='ltr'>ὲκ</span> <span class='ocrx_word' id='word_1_938' title='bbox 3301 4993 3410 5046; x_wconf 87' lang='grc' dir='ltr'>τῶν</span> <span class='ocrx_word' id='word_1_939' title='bbox 3453 4989 3762 5058; x_wconf 86' lang='grc' dir='ltr'>εἰρημένων</span> 
     </span>
    </p>
   </div>
   <div class='ocr_carea' id='block_1_113' title="bbox 2189 5081 3767 5164">
    <p class='ocr_par' dir='ltr' id='par_1_113' title="bbox 2189 5081 3767 5164">
     <span class='ocr_line' id='line_1_115' title="bbox 2189 5081 3767 5164; baseline -0.015 -10"><span class='ocrx_word' id='word_1_940' title='bbox 2189 5100 2392 5154; x_wconf 88' lang='grc' dir='ltr'>τούτων</span> <span class='ocrx_word' id='word_1_941' title='bbox 2420 5093 2676 5164; x_wconf 82' lang='grc' dir='ltr'>διαφοράν</span> <span class='ocrx_word' id='word_1_942' title='bbox 2701 5107 2822 5143; x_wconf 88' lang='grc' dir='ltr'>τινα</span> <span class='ocrx_word' id='word_1_943' title='bbox 2848 5092 2945 5160; x_wconf 82' lang='grc' dir='ltr'>τῆς</span> <span class='ocrx_word' id='word_1_944' title='bbox 2981 5090 3129 5152; x_wconf 77' lang='grc' dir='ltr'>θείας</span> <span class='ocrx_word' id='word_1_945' title='bbox 3159 5087 3351 5148; x_wconf 81' lang='grc' dir='ltr'>οὐσίας</span> <span class='ocrx_word' id='word_1_946' title='bbox 3370 5083 3504 5154; x_wconf 84' lang='grc' dir='ltr'>πρὸς</span> <span class='ocrx_word' id='word_1_947' title='bbox 3519 5083 3620 5152; x_wconf 82' lang='grc' dir='ltr'>τὴν</span> <span class='ocrx_word' id='word_1_948' title='bbox 3636 5081 3767 5132; x_wconf 81' lang='grc' dir='ltr'>ταύ-</span> 
     </span>
    </p>
   </div>
   <div class='ocr_carea' id='block_1_114' title="bbox 2191 5170 3767 5262">
    <p class='ocr_par' dir='ltr' id='par_1_114' title="bbox 2191 5170 3767 5262">
     <span class='ocr_line' id='line_1_116' title="bbox 2191 5170 3767 5262; baseline -0.016 -15"><span class='ocrx_word' id='word_1_949' title='bbox 2191 5211 2289 5262; x_wconf 88' lang='grc' dir='ltr'>της</span> <span class='ocrx_word' id='word_1_950' title='bbox 2319 5190 2619 5262; x_wconf 73' lang='grc' dir='ltr'>ἐνέργειαν,</span> <span class='ocrx_word' id='word_1_951' title='bbox 2655 5186 2688 5255; x_wconf 81' lang='grc' dir='ltr'><strong>ἢ</strong></span> <span class='ocrx_word' id='word_1_952' title='bbox 2719 5184 2818 5250; x_wconf 75' lang='grc' dir='ltr'>οὓς</span> <span class='ocrx_word' id='word_1_953' title='bbox 2858 5183 3050 5236; x_wconf 84' lang='grc' dir='ltr'>Καίτοι</span> <span class='ocrx_word' id='word_1_954' title='bbox 3083 5199 3145 5248; x_wconf 89' lang='grc' dir='ltr'>γε</span> <span class='ocrx_word' id='word_1_955' title='bbox 3177 5178 3300 5232; x_wconf 63' lang='grc' dir='ltr'>οὐδὲ</span> <span class='ocrx_word' id='word_1_956' title='bbox 3335 5176 3588 5240; x_wconf 85' lang='grc' dir='ltr'>συνάγειν</span> <span class='ocrx_word' id='word_1_957' title='bbox 3617 5170 3767 5223; x_wconf 73' lang='grc' dir='ltr'>ἐστιν</span> 
     </span>
    </p>
   </div>
   <div class='ocr_carea' id='block_1_115' title="bbox 2195 5262 3770 5352">
    <p class='ocr_par' dir='ltr' id='par_1_115' title="bbox 2195 5262 3770 5352">
     <span class='ocr_line' id='line_1_117' title="bbox 2195 5262 3770 5352; baseline -0.018 -8"><span class='ocrx_word' id='word_1_958' title='bbox 2195 5293 2259 5344; x_wconf 74' lang='grc' dir='ltr'>ἐκ</span> <span class='ocrx_word' id='word_1_959' title='bbox 2305 5289 2415 5342; x_wconf 86' lang='grc' dir='ltr'>τῶν</span> <span class='ocrx_word' id='word_1_960' title='bbox 2461 5282 2786 5352; x_wconf 84' lang='grc' dir='ltr'>θεολογικῶν</span> <span class='ocrx_word' id='word_1_961' title='bbox 2835 5276 3063 5332; x_wconf 74' lang='grc' dir='ltr'>τουτωνὶ</span> <span class='ocrx_word' id='word_1_962' title='bbox 3111 5273 3285 5341; x_wconf 86' lang='grc' dir='ltr'>λόγων</span> <span class='ocrx_word' id='word_1_963' title='bbox 3332 5267 3537 5335; x_wconf 81' lang='grc' dir='ltr'>ταύτην</span> <span class='ocrx_word' id='word_1_964' title='bbox 3565 5279 3580 5295; x_wconf 86' lang='grc'>⁶</span> <span class='ocrx_word' id='word_1_965' title='bbox 3632 5262 3770 5316; x_wconf 64' lang='lat' dir='ltr'>me:</span> 
     </span>
    </p>
   </div>
   <div class='ocr_carea' id='block_1_116' title="bbox 2197 5355 3774 5451">
    <p class='ocr_par' dir='ltr' id='par_1_116' title="bbox 2197 5355 3774 5451">
     <span class='ocr_line' id='line_1_118' title="bbox 2197 5355 3774 5451; baseline -0.02 -12"><span class='ocrx_word' id='word_1_966' title='bbox 2197 5385 2290 5439; x_wconf 76' lang='grc' dir='ltr'>καὶ</span> <span class='ocrx_word' id='word_1_967' title='bbox 2319 5380 2522 5451; x_wconf 79' lang='grc' dir='ltr'>τυφλῷ,</span> <span class='ocrx_word' id='word_1_968' title='bbox 2561 5379 2717 5448; x_wconf 72' lang='grc' dir='ltr'>φασὶ,</span> <span class='ocrx_word' id='word_1_969' title='bbox 2745 5373 2926 5442; x_wconf 83' lang='grc' dir='ltr'>δῆλον,</span> <span class='ocrx_word' id='word_1_970' title='bbox 2967 5371 3041 5434; x_wconf 80' lang='grc' dir='ltr'>ὡς</span> <span class='ocrx_word' id='word_1_971' title='bbox 3063 5366 3291 5421; x_wconf 84' lang='grc' dir='ltr'>αὐτόθεν</span> <span class='ocrx_word' id='word_1_972' title='bbox 3322 5361 3624 5432; x_wconf 82' lang='grc' dir='ltr'>λαμϐάνειν</span> <span class='ocrx_word' id='word_1_973' title='bbox 3639 5355 3774 5411; x_wconf 87' lang='grc' dir='ltr'>ταύ-</span> 
     </span>
    </p>
   </div>
   <div class='ocr_carea' id='block_1_117' title="bbox 2198 5451 3772 5548">
    <p class='ocr_par' dir='ltr' id='par_1_117' title="bbox 2198 5451 3772 5548">
     <span class='ocr_line' id='line_1_119' title="bbox 2198 5451 3772 5548; baseline -0.02 -16"><span class='ocrx_word' id='word_1_974' title='bbox 2198 5496 2296 5548; x_wconf 86' lang='grc' dir='ltr'>την</span> <span class='ocrx_word' id='word_1_975' title='bbox 2331 5475 2468 5529; x_wconf 76' lang='grc' dir='ltr'>ἔστι.</span> <span class='ocrx_word' id='word_1_976' title='bbox 2498 5471 2782 5536; x_wconf 82' lang='grc' dir='ltr'>Τοσαύτην</span> <span class='ocrx_word' id='word_1_977' title='bbox 2817 5468 2908 5520; x_wconf 72' lang='grc' dir='ltr'>καὶ</span> <span class='ocrx_word' id='word_1_978' title='bbox 2941 5461 3094 5532; x_wconf 86' lang='grc' dir='ltr'>γάρὸ</span> <span class='ocrx_word' id='word_1_979' title='bbox 3115 5459 3364 5526; x_wconf 87' lang='grc' dir='ltr'>θεολόγος</span> <span class='ocrx_word' id='word_1_980' title='bbox 3396 5453 3637 5508; x_wconf 86' lang='grc' dir='ltr'>διδάσκει</span> <span class='ocrx_word' id='word_1_981' title='bbox 3669 5451 3772 5518; x_wconf 80' lang='grc' dir='ltr'>τὴν</span> 
     </span>
    </p>
   </div>
   <div class='ocr_carea' id='block_1_118' title="bbox 2200 5544 3774 5632">
    <p class='ocr_par' dir='ltr' id='par_1_118' title="bbox 2200 5544 3774 5632">
     <span class='ocr_line' id='line_1_120' title="bbox 2200 5544 3774 5632; baseline -0.018 -9"><span class='ocrx_word' id='word_1_982' title='bbox 2200 5544 2402 5624; x_wconf 80' lang='grc' dir='ltr'>τούτων</span> <span class='ocrx_word' id='word_1_983' title='bbox 2424 5563 2711 5632; x_wconf 77' lang='grc' dir='ltr'>διαφοράν,</span> <span class='ocrx_word' id='word_1_984' title='bbox 2734 5562 2816 5613; x_wconf 86' lang='grc' dir='ltr'>ὅτι</span> <span class='ocrx_word' id='word_1_985' title='bbox 2840 5559 2933 5610; x_wconf 72' lang='grc' dir='ltr'>καὶ</span> <span class='ocrx_word' id='word_1_986' title='bbox 2951 5557 3186 5623; x_wconf 72' lang='grc' dir='ltr'>διάφορα</span> <span class='ocrx_word' id='word_1_987' title='bbox 3210 5549 3314 5602; x_wconf 88' lang='grc' dir='ltr'>τῶν</span> <span class='ocrx_word' id='word_1_988' title='bbox 3337 5546 3614 5616; x_wconf 76' lang='grc' dir='ltr'>ἑκατέρων</span> <span class='ocrx_word' id='word_1_989' title='bbox 3637 5544 3774 5597; x_wconf 77' lang='grc' dir='ltr'>ὑπο-</span> 
     </span>
    </p>
   </div>
   <div class='ocr_carea' id='block_1_119' title="bbox 2202 5629 3777 5725">
    <p class='ocr_par' dir='ltr' id='par_1_119' title="bbox 2202 5629 3777 5725">
     <span class='ocr_line' id='line_1_121' title="bbox 2202 5629 3777 5725; baseline -0.019 -10"><span class='ocrx_word' id='word_1_990' title='bbox 2202 5662 2475 5714; x_wconf 82' lang='grc' dir='ltr'>δείκνυσιν</span> <span class='ocrx_word' id='word_1_991' title='bbox 2514 5629 2816 5725; x_wconf 74' lang='grc' dir='ltr'>έργα.Τῆς</span> <span class='ocrx_word' id='word_1_992' title='bbox 2850 5651 2946 5718; x_wconf 79' lang='grc' dir='ltr'>μὲν</span> <span class='ocrx_word' id='word_1_993' title='bbox 2982 5651 3091 5716; x_wconf 82' lang='grc' dir='ltr'>γὰρ</span> <span class='ocrx_word' id='word_1_994' title='bbox 3127 5643 3341 5713; x_wconf 85' lang='grc' dir='ltr'>φύσεως</span> <span class='ocrx_word' id='word_1_995' title='bbox 3393 5639 3556 5708; x_wconf 75' lang='grc' dir='ltr'>ἔργον</span> <span class='ocrx_word' id='word_1_996' title='bbox 3632 5629 3777 5687; x_wconf 76' lang='grc' dir='ltr'>εἷναί</span> 
     </span>
    </p>
   </div>
   <div class='ocr_carea' id='block_1_120' title="bbox 2207 5727 3780 5821">
    <p class='ocr_par' dir='ltr' id='par_1_120' title="bbox 2207 5727 3780 5821">
     <span class='ocr_line' id='line_1_122' title="bbox 2207 5727 3780 5821; baseline -0.018 -15"><span class='ocrx_word' id='word_1_997' title='bbox 2207 5770 2340 5821; x_wconf 86' lang='grc' dir='ltr'>φησι</span> <span class='ocrx_word' id='word_1_998' title='bbox 2371 5752 2468 5821; x_wconf 74' lang='grc' dir='ltr'>τὴν</span> <span class='ocrx_word' id='word_1_999' title='bbox 2508 5750 2743 5816; x_wconf 79' lang='grc' dir='ltr'>ἄναρχον</span> <span class='ocrx_word' id='word_1_1000' title='bbox 2767 5744 2862 5796; x_wconf 74' lang='grc' dir='ltr'>καὶ</span> <span class='ocrx_word' id='word_1_1001' title='bbox 2883 5741 3054 5794; x_wconf 80' lang='grc' dir='ltr'>άῖδιον</span> <span class='ocrx_word' id='word_1_1002' title='bbox 3085 5739 3361 5805; x_wconf 80' lang='grc' dir='ltr'>γέννησιν,</span> <span class='ocrx_word' id='word_1_1003' title='bbox 3395 5731 3501 5801; x_wconf 80' lang='grc' dir='ltr'>τῆς·</span> <span class='ocrx_word' id='word_1_1004' title='bbox 3522 5729 3579 5782; x_wconf 78' lang='grc' dir='ltr'>δὲ</span> <span class='ocrx_word' id='word_1_1005' title='bbox 3627 5727 3780 5789; x_wconf 87' lang='grc' dir='ltr'>θείας</span> 
     </span>
    </p>
   </div>
   <div class='ocr_carea' id='block_1_121' title="bbox 2208 5818 3780 5916">
    <p class='ocr_par' dir='ltr' id='par_1_121' title="bbox 2208 5818 3780 5916">
     <span class='ocr_line' id='line_1_123' title="bbox 2208 5818 3780 5916; baseline -0.018 -17"><span class='ocrx_word' id='word_1_1006' title='bbox 2208 5849 2478 5916; x_wconf 70' lang='grc' dir='ltr'>θελήσεως</span> <span class='ocrx_word' id='word_1_1007' title='bbox 2509 5845 2606 5908; x_wconf 80' lang='grc' dir='ltr'>τὴν</span> <span class='ocrx_word' id='word_1_1008' title='bbox 2633 5855 2810 5890; x_wconf 78' lang='grc' dir='ltr'>κτισιν</span> <span class='ocrx_word' id='word_1_1009' title='bbox 2841 5835 2902 5888; x_wconf 83' lang='grc' dir='ltr'>ού</span> <span class='ocrx_word' id='word_1_1010' title='bbox 2951 5833 3220 5885; x_wconf 80' lang='grc' dir='ltr'>σνναῖὀιον</span> <span class='ocrx_word' id='word_1_1011' title='bbox 3279 5823 3450 5880; x_wconf 82' lang='grc' dir='ltr'>οὖσαν</span> <span class='ocrx_word' id='word_1_1012' title='bbox 3507 5821 3588 5893; x_wconf 78' lang='grc' dir='ltr'>τῷ</span> <span class='ocrx_word' id='word_1_1013' title='bbox 3635 5818 3780 5890; x_wconf 77' lang='grc' dir='ltr'>Θεῷ.</span> 
     </span>
    </p>
   </div>
  </div>
