4090 6496
407 385 517 446 8⁸ὶὸ

1487 384 1916 445 ΡιιιιυΤιιΕι
1954 385 2062 446 CP.
2107 384 2620 444 ΡΑΊἪΙΑΗΟΗᾸΞ

3565 391 3672 457 διδ

404 501 478 576 ’ῼ
517 502 582 572 δὴ
625 501 721 555 καὶ
757 501 787 552 6
829 498 1088 568 θεοφόρος
1130 497 1370 568 συνᾴδων
1409 497 1702 566 Κύριλλος,
1747 497 1892 550 καθά
1929 495 1996 567 δὴ
2024 495 2291 560 Ατεῦθεν
2337 496 2584 564 λέγεται,
2632 495 2748 550 ἀλλ’
2776 496 2872 551 οῦν
2917 516 3026 553 των
3072 501 3212 572 πρός
3259 518 3315 555 τι
3366 502 3678 575 λεγομένων

405 595 502 648 καὶ
532 593 698 646 αὐτὸν
725 591 830 662 πρὸ
859 590 1092 662 βραχέος
1120 589 1362 655 ἀνέγνως
1381 629 1394 651 ,
1425 588 1499 640 Τὸ
1530 589 1630 655 μὲν
1655 591 1862 654 ποιεῖν,
1896 603 1998 658 φη-

408 686 519 747 σὶν,
549 688 834 752 ἐνεργείας
855 685 991 747 ἐστὶ,
1030 683 1248 752 φύσεως
1269 684 1326 736 δὲ
1356 682 1417 734 τὸ
1450 684 1667 752 γεννᾷν,
1725 681 1887 750 φύσις
1937 681 1997 734 δὲ

406 775 504 827 καὶ
539 777 796 843 ἐνέργεια
827 773 888 825 οὐ
920 773 1139 828 ταυτόν.
1175 773 1287 826 Καὶ
1324 771 1390 824 σὺ
1423 773 1481 826 δέ
1515 771 1677 832 αὐτὸς
1711 773 1810 843 τὴν
1841 772 1999 826 ἐναλ-

405 866 503 932 λάξ
530 865 817 934 ἀναλογίαν
844 867 1081 932 εἰσάγων
1105 868 1163 918 ἐν
1184 868 1296 928 τοῖς
1322 867 1433 929 σοῖς
1458 864 1656 932 λόγοις,
1674 865 1774 933 τῆς
1801 882 1862 918 τε
1879 864 1998 918 κτί-

407 978 545 1022 σεως
578 962 676 1014 καὶ
703 961 800 1028 τῆς
838 961 1112 1026 ποιήσεως
1148 957 1327 1023 ἐξίσου
1364 957 1463 1026 τὴν
1500 957 1736 1026 φυσικὴν
1773 956 1994 1026 θέλησιν

405 1053 502 1105 καὶ
536 1054 631 1122 τὴν
663 1052 950 1118 ἐνέργειαν
979 1049 1196 1112 διεῖλες,
1220 1049 1315 1103 καὶ
1342 1048 1505 1117 φύσιν
1554 1049 1787 1110 οὐδόλω;
1847 1048 1996 1100 ἐτόλ-

410 1161 589 1214 μησας
619 1144 790 1205 αὐτὰς
810 1144 1131 1211 προσειπεῖν
1160 1141 1254 1195 τοῦ
1295 1140 1454 1203 Θεοῦ,
1509 1140 1636 1203 τούς
1688 1158 1747 1194 τε
1806 1140 1993 1194 θεολό-

406 1253 539 1305 γους
569 1237 738 1305 ἄμφω
767 1234 914 1288 κατὰ
960 1235 1254 1303 πρόσωπον
1303 1233 1629 1303 ἱσταμένους
1671 1233 1836 1302 ἔχων,
1899 1232 1992 1285 καὶ

404 1329 951 1397 διαμαρτυρομένους
991 1326 1066 1389 ὡς
1090 1327 1151 1380 οὐ
1172 1327 1370 1379 ταντόν
1406 1327 1526 1377 ἐστι
1552 1323 1631 1394 τῷ
1680 1324 1880 1394 γεννᾷν
1931 1323 1994 1377 τὸ

410 1417 624 1473 ποιεῖν’
669 1416 705 1489 ἦ
749 1421 860 1490 γὰρ
905 1419 972 1473 ἃν
1017 1421 1044 1472 6
1091 1419 1298 1488 γεννῶν
1341 1418 1428 1488 εἴη
1477 1418 1648 1471 ποιῶν
1688 1418 1750 1469 16
1791 1415 1995 1486 γεννώ-

339 1515 348 1541 ‘
411 1529 599 1583 μενον,
639 1513 734 1564 καὶ
769 1513 797 1563 6
830 1511 1000 1563 ποιῶν
1027 1512 1235 1579 γεννῶν
1265 1511 1324 1563 τὸ
1366 1513 1690 1582 ποιούμενον
1710 1526 1723 1540 ·
1746 1512 1840 1563 καὶ
1875 1511 1993 1578 ἅμα

408 1601 664 1665 δεδοικὼς
695 1603 884 1666 οὐσίας
916 1602 1115 1664 πολλὰς
1149 1603 1326 1655 είπεῖν
1358 1603 1450 1656 τοῦ
1485 1603 1639 1665 Θεοῦ,
1677 1603 1751 1673 μὴ
1783 1604 1876 1656 καὶ
1910 1602 1992 1656 λί-

410 1695 536 1758 θυυς
582 1696 822 1766 έλκύσῃς
878 1697 1018 1748 κατὰ
1071 1695 1171 1764 τῆς
1240 1695 1472 1749 σεαυτοῦ
1526 1696 1793 1765 κεφαλῆς,
1821 1695 1995 1760 οὕτως

2099 589 2237 653 ἐστὶ,
2272 589 2366 642 καὶ
2397 590 2498 642 οὐκ
2529 589 2750 658 ἄφετος,
2783 588 2976 660 ὥσπερ
3002 593 3098 645 καὶ
3151 594 3186 664 ἡ
3221 595 3428 666 Κύριος
3467 655 3470 657 λ
3497 600 3676 667 φωνὴ,

2096 677 2272 748 ὄνομα
2321 675 2467 732 εἶναι
2513 677 2651 733 Θεοῦ
2700 679 2794 733 καὶ
2841 681 2986 752 αὐτὴ
3038 681 3333 755 λεγομένη.
3374 684 3517 754 Ἐγὼ
3545 690 3679 757 γὰρ,

2099 771 2258 840 φησι,
2295 771 2502 841 Κύριος
2533 773 2560 824 6
2589 769 2724 834 Θεός
2756 773 3050 838 σου,τοῦτό
3080 790 3183 845 μου
3213 774 3408 847 ὄνομα.
3435 778 3546 834 Καὶ
3571 780 3686 834 K6-

2101 878 2217 934 ριος
2248 862 2424 934 ϐνομα
2453 862 2628 933 αὐτῷ.
3621 905 3623 907 .

2166 954 2232 1006 Τί
2255 949 2370 1020 οὖν,
2413 954 2605 1024 ἐπειδὴ
2632 954 2874 1024 ὀνόματα
2906 955 3028 1010 θεῖα
3046 955 3107 1010 16
3135 955 3270 1021 Θεὸς
3307 959 3405 1012 καὶ¹
3464 959 3525 1013 τὸ
3564 962 3679 1015 Κύι-

2101 1059 2215 1113 ριος
2238 1082 2255 1108 ,
2284 1045 2379 1098 καὶ
2415 1045 2644 1112 σχετικά
2663 1083 2679 1110 ,
2713 1046 2810 1098 καὶ
2836 1046 2946 1098 τῶν
2976 1050 3112 1115 πρός
3139 1065 3192 1102 τι
3227 1049 3369 1103 κατὰ
3397 1053 3523 1115 τοὺς
3559 1053 3681 1108 θεο-

2097 1135 2287 1203 λόγους
2314 1135 2558 1200 τούτους,
2586 1139 2666 1202 είς
2713 1139 2775 1191 τὸ
2827 1128 3177 1210 ἀνύπαρκτον
3206 1143 3680 1215 παραπέμψομεν,

2095 1221 2142 1281 ὧ
2182 1228 2476 1298 φιλόσοφε,
2513 1231 2606 1282 καὶ
2664 1229 2878 1298 ταύτας
2914 1231 3026 1300 Τῆς
3066 1233 3352 1297 ἀσεϐείαςί
3385 1236 3540 1290 Ἔστι
3587 1239 3684 1308 μὲν

2095 1320 2188 1373 οῦν
2215 1325 2247 1391 ἡ
2274 1323 2509 1394 ἄναρχος
2534 1323 2628 1395 καὶ.
2687 1324 2859 1388 ἀΐδιος
2910 1323 3009 1380 τοῦ
3036 1325 3173 1379 Θεοῦ
3231 1327 3510 1397 γέννησις,
3573 1333 3670 1384 καὶ

2097 1415 2282 1483 σχέσις
2315 1413 2624 1484 θεοπρεπὴς
2656 1415 2750 1468 τοῦ
2786 1415 3000 1487 Πατρὸς
3035 1418 3170 1488 πρὸς
3211 1421 3304 1472 τὸν
3347 1420 3497 1478 Υίόν.
3535 1423 3678 1478 Ἀλλ’

2096 1505 2234 1576 αὐτή
2267 1507 2414 1558 ἐστιν
2442 1508 2472 1573 ἡ
2499 1507 2598 1576 τῆς
2625 1506 2718 1560 τοῦ
2747 1510 3073 1577 μονογενοῦς
3105 1510 3236 1562 Υἱοῦ
3263 1512 3357 1565 τοῦ
3385 1512 3523 1567 Θεοῦ
3552 1515 3681 1568 ὐπο-

2097 1593 2340 1654 στάσεως
2371 1591 2609 1664 ὓπαρξις
2628 1632 2644 1659 ,
2675 1593 2708 1664 ἢ
2739 1597 2767 1648 6
2795 1597 2996 1664 τρόπος
3029 1597 3198 1668 αὐτῆς
3229 1598 3327 1668 τῆς
3354 1599 3641 1670 ὑπάρξεως
3667 1643 3682 1669 ,

2093 1684 2372 1752 ἄγνωστος
2402 1684 2476 1737 ὢν
2508 1686 2657 1757 πάσῃ
2686 1691 2891 1758 γενητῇ
2923 1689 3126 1760 δηλαδὴ
3163 1688 3327 1757 φύσει
3349 1732 3365 1757 ,
3400 1692 3496 1746 καὶ
3523 1696 3684 1764 ἀνερ-

407 1786 910 1856 ἀνακεκαλυμμένῃ
962 1785 1172 1855 κεφαλῇ
1221 1786 1314 1838 καὶ
1359 1785 1692 1838 Μακεδόνων
1733 1783 1847 1854 ἅμα
1896 1785 1992 1838 καὶ
2028 1855 2054 1857 _
2098 1778 2383 1845 μήνευτος.
2409 1777 2607 1831 καθ’δν
2635 1779 2884 1850 ἀλλήλων
2909 1783 2976 1836 τὰ
3005 1783 3274 1853 θὲαρχικὰ
3304 1787 3397 1838 καὶ
3426 1787 3686 1857 όμοούσιιι

411 1881 632 1947 Ἀρειον
657 1881 722 1948 τῇ
748 1876 1012 1948 διαὶρέσει
1037 1878 1135 1931 καὶ
1159 1881 1442 1948 κατατομῇ
1473 1880 1571 1946 τῆς
1598 1876 1748 1940 θείας
1775 1877 1991 1946 φύσεως
2025 1855 2067 1910 Β
2097 1868 2384 1939 πρόσωπα,
2415 1869 2508 1923 τοῦ
2549 1873 2762 1941 Πατρός
2797 1890 2944 1942 φημι
2977 1875 3073 1928 καὶ
3105 1876 3200 1929 τοῦ
3230 1878 3390 1946 Υἱοῦ,
3414 1855 3684 1950 διακρίνε-

409 1985 484 2022 πι
497 1969 792 2038 ρελαύνων.

479 2063 545 2114 Τί
580 2061 637 2113 δὲ
671 2061 765 2114 καὶ
787 2058 1039 2128 περὶτῆς
1069 2059 1223 2124 θείας
1252 2060 1354 2133 καὶ,
1395 2061 1638 2131 ἀνάρχου
1682 2062 1994 2130 γεννήσεως

407 2153 513 2224 φῂς
542 2153 636 2206 τοῦ
674 2152 803 2206 Υἱοῦ
834 2153 930 2208 τοῦ
964 2152 1103 2207 Θεοῦ
1130 2191 1146 2216 ,
1181 2154 1211 2206 6
1249 2152 1418 2224 μόνην
1450 2154 1642 2206 οὐσίαν
1679 2151 1800 2222 μετ’
1830 2153 1995 2204 Εὐνο-

408 2246 532 2314 μίου
568 2246 658 2298 τὸν
690 2247 825 2299 Θεὸν
855 2242 995 2299 εἶναι
1023 2248 1224 2313 λέγων,
1246 2245 1355 2298 τῶν
1413 2245 1471 2298 δὲ
1523 2245 1772 2313 φυσικῶν
1801 2243 1992 2309 αὑτοῦ,

407 2337 507 2390 καὶ
547 2335 613 2404 δὴ
663 2334 777 2389 τῶν
842 2335 1224 2389 ὑποστατικιῑιν
1260 2332 1397 2403 ὁμοῦ
1466 2331 1996 2399 κατεξανιστάμενος

411 2427 652 2488 πάντων,
679 2425 775 2480 καὶ
798 2425 932 2480 ποτὲ
960 2426 1061 2495 μὲν
1087 2424 1224 2494 μηδὲ
1250 2420 1390 2477 εἷναί
1415 2440 1467 2476 τι
1491 2423 1665 2490 λέγων
1691 2422 1827 2482 ὅλως
1855 2420 1996 2488 πλὴν

405 2519 690 2589 ὀνομάτων
717 2517 891 2587 ψιλῶν
917 2534 979 2570 τε
1006 2519 1101 2570 καὶ
1127 2517 1498 2587 ἀνυπάρκτων
1523 2555 1538 2578 ,
1575 2513 1712 2568 ἀλλὰ
1741 2513 1999 2583 τρέποιτο

407 2612 549 2665 κατά
590 2612 834 2680 κεφαλῆς
865 2611 976 2664 τῶν
1012 2608 1275 2681 ἁρχηγῶν
1307 2609 1405 2677 τῆς
1445 2606 1802 2678 βλασφημίας
1841 2606 1868 2658 6
1906 2604 1998 2656 λό-

407 2722 524 2775 γος,
557 2704 689 2756 ποτὲ
711 2703 770 2756 δὲ
798 2705 910 2765 τοῖς
947 2703 1249 2772 κτίσμασιν
1288 2700 1430 2754 αὐτά
1474 2697 1831 2769 συναριθμῶν
1871 2713 1890 2764 ;
1926 2696 2000 2749 Ἢ

407 2801 516 2870 γὰρ
547 2799 756 2867 κτίσμα
787 2796 966 2864 λέγεις
989 2795 1206 2865 ἐκείνην
1234 2795 1479 2856 πάντως,
1514 2792 1547 2863 ἢ
1605 2791 1795 2844 οὐσίαν
1836 2789 1998 2856 Θεοῦ,

407 2891 442 2959 ἢ
467 2891 800 2952 ὑπόστασιν,
829 2887 862 2957 ἢ
886 2888 1094 2957 σχέσιν,
1113 2887 1184 2956 ἢν
1217 2885 1387 2948 αὐτὸς
1415 2885 1596 2951 λέγεις
1626 2897 1641 2914 ο
1668 2882 1723 2934 τί
1768 2883 1865 2934 καὶ
1891 2882 2001 2952 γὰρ

405 2981 476 3036 ἂν
502 2982 680 3044 εἴποις
719 2981 884 3042 ἄλλος
930 2979 1092 3032 Ἀλλά
1128 2977 1334 3045 κτίσμα
1369 2975 1468 3046 μὲν
1489 2975 1589 3027 οὐκ
1615 2975 1762 3044 ἐρεῖς
1784 2988 1799 3004 ⁸
1833 2973 2002 3044 ἄναρ-

408 3093 504 3148 χον
533 3079 641 3146 γὰρ
675 3075 767 3128 καὶ
794 3073 969 3126 ἀῑδιον
999 3070 1111 3125 τῶν
1142 3069 1410 3136 θεολόγων
1443 3065 1664 3129 ἀκούεις
1700 3067 1871 3134 αὐτὴν
1911 3066 2003 3118 λε-

2093 1977 2207 2025 ται,
2239 1960 2431 2031 ὥσπερ
2463 1962 2558 2015 καὶ
2584 1964 2680 2015 τοῦ
2711 1965 3090 2038 Πνεύματοςή
3129 1970 3476 2039 ἐκπόρευσις,
3520 1973 3676 2039 ἄλλος

2095 2053 2298 2120 τρόπος
2330 2054 2622 2124 ὑπάρξεως
2660 2049 2838 2120 οὗτος,
2865 2058 3134 2122 ὡσαύτως
3181 2062 3564 2131 ἀκατάληπτός
3620 2083 3683 2119 τε

2098 2144 2194 2196 καὶ
2227 2145 2500 2216 ἄρῤητος,
2533 2147 2656 2201 καθ’
2681 2147 2740 2202 ὃν
2771 2149 2880 2204 τῶν
2912 2152 3216 2219 όμοουσίων
3264 2156 3473 2226 Πατρός
3502 2174 3564 2211 τε
3601 2162 3694 2212 καὶ

2098 2237 2228 2290 Υἱοῦ
2264 2238 2626 2308 διακρίνεται,
2657 2243 2754 2296 καὶ
2785 2241 2931 2296 οὕτω
2980 2242 3152 2315 Τριάς
3214 2249 3348 2318 ἡμῖν
3395 2251 3423 2304 6
3450 2244 3530 2316 εἷς
3580 2253 3689 2306 τῶν

2099 2329 2354 2387 ἁπάντων
2381 2332 2514 2395 Θεὸς
2539 2333 2633 2386 καὶ
2657 2333 3012 2403 γινώσκεται,
3037 2339 3134 2392 καὶ
3159 2341 3504 2408 πιστεύεται,
3528 2345 3601 2398 Σύ
3628 2345 3688 2398 δὲ

2097 2422 2209 2476 τῶν
2246 2422 2406 2476 θείων
2426 2424 2664 2494 Γραφῶν
2705 2427 3118 2496 κατολιγωρῶν,
3149 2430 3362 2502 βραχὺν
3417 2434 3474 2487 δὲ
3522 2434 3556 2504 ἢ
3601 2437 3694 2489 καὶ

2102 2515 2300 2568 οὐδένα
2327 2517 2428 2586 τῆς
2481 2517 2594 2571 τῶν
2646 2518 2844 2572 κοινῶν
2888 2520 3232 2576 διδασκάλων
3288 2527 3388 2578 καὶ
3437 2526 3696 2598 Πατέρων

2104 2605 2389 2674 θεολογίας
2447 2603 2606 2680 λόγον
2657 2611 2986 2682 ποιούμενος
3059 2614 3170 2668 ἀπὸ
3205 2616 3414 2680 κοιλίας
3475 2617 3692 2672 ἄπαντα

2103 2694 2342 2764 φθέγγῃ,
2374 2696 2468 2747 καὶ
2489 2695 2778 2774 ,θεολογεῖν
2810 2699 2938 2765 οἴει,
2969 2700 3039 2754 τὰ
3067 2702 3166 2772 τῆς
3201 2703 3300 2775 σῆς
3335 2706 3578 2772 διανοίας
3609 2710 3693 2763 al-

2106 2788 2248 2857 σχρά
2284 2788 2380 2842 καὶ
2413 2785 2630 2861 εἰδεχθῆ
2653 2791 2933 2860 προτιθεὶς
2954 2793 3352 2868 ἀμϐλωθρίδια,
3370 2801 3466 2853 καὶ
3485 2801 3578 2854 νῦν
3599 2805 3697 2874 μὲν

2103 2881 2202 2952 τὴν
2237 2880 2469 2947 ἐναλλὰξ
2496 2884 2791 2953 ἀναλογίαν
2811 2925 2827 2950 ,
2860 2886 2955 2940 νῦν
2986 2887 3044 2941 δὲ
3069 2889 3170 2961 τὴν
3203 2892 3389 2962 σχέσιν
3411 2933 3428 2958 ,
3462 2895 3559 2948 καὶ
3589 2897 3694 2964 πρὸ

2102 2973 2312 3028 τούτων
2343 2977 2426 3030 ὅτι
2455 2978 2516 3030 τὸ
2545 2976 2692 3048 ἔχειν
2721 2981 2750 3032 6
2780 2979 2931 3048 ίΘεὸς
2959 2981 3060 3036 οὐκ
3087 2982 3227 3053 εχει,
3245 2985 3553 3057 παιδαρίοις
3579 2989 3696 3040 ἐπι·

2104 3059 2481 3139 δεικνύμενος,
2512 3070 2640 3140 χθὲς
2693 3071 2792 3125 καὶ
2824 3073 3094 3144 πρότριτα
3119 3075 3220 3145 τῆς
3251 3077 3450 3148 σχολῆς
3477 3081 3584 3134 τῶν
3608 3082 3696 3148 ἐγ-

408 3167 640 3236 γόντων,
672 3167 766 3218 καὶ
791 3165 855 3217 ὲκ
893 3163 992 3232 τῆς
1047 3161 1240 3225 οὐσίας
1270 3159 1365 3212 τοῦ
1418 3158 1556 3212 Θεοῦ
1625 3158 1998 3229 προάγουσαν,
2027 3190 2073 3254 G
2107 3162 2346 3217 κυκλίων
2387 3163 2483 3216 καὶ⁵
2506 3163 2694 3232 μύθων
2730 3166 2826 3219 καὶ
2853 3167 3095 3237 ποιητῶν
3124 3169 3418 3238 ἀποστᾶσι,
3440 3174 3532 3227 καὶ
3576 3190 3699 3241 γεν-

407 3261 502 3317 τδν
535 3258 821 3331 ὁμοούσιον
857 3258 986 3311 Υίὸν
1015 3255 1296 3325 δηλονότι,
1334 3254 1423 3306 ἵνα
1485 3253 1564 3324 μὴ
1615 3253 1749 3316 Θεὸς
1784 3252 2002 3322 πρῶτος
2045 3252 2058 3254 ⁷
2107 3259 2257 3311 ναῖον
2291 3257 2392 3326 μὲν
2429 3260 2546 3311 ἐκεῖ
2604 3260 2700 3312 καὶ
2729 3258 2880 3324 ἀξιον
2914 3261 3076 3331 λόγου
3149 3265 3576 3335 κατωρθωκόσιν
3616 3268 3697 3321 οὐ·

410 3356 507 3410 καὶ
529 3355 660 3416 Θεὸς
688 3352 916 3422 ὕστερος
936 3351 1043 3422 εῐη.
1081 3347 1224 3402 Ἀλλ’
1256 3347 1376 3401 οὐδὲ
1405 3347 1596 3401 οὐσίαν
1649 3346 1821 3415 αὐτὴν
1885 3345 1993 3413 φή·
2107 3349 2219 3415 δέν,
2249 3350 2392 3420 πλὴν
2419 3352 2542 3404 ὅσον
2573 3355 2919 3424 ἀπηχήματά
2946 3358 3183 3413 τινακαὶ
3229 3359 3415 3426 φωνάς
3444 3359 3556 3414 τῶν
3569 3377 3699 3431 προ-

414 3467 528 3511 σεις
556 3465 569 3479 ·
609 3447 764 3516 κοινὴ
799 3447 894 3500 καὶ
926 3445 1037 3512 γάρ
1071 3444 1213 3512 αὕτη
1244 3444 1362 3503 ταῖς
1390 3440 1573 3511 τρισὶν
1606 3440 2018 3498 ύποστάσεσινον

409 3545 444 3611 ἡ
468 3542 527 3595 δὲ
549 3543 800 3609 γέννησις
827 3539 988 3608 μόνου
1007 3536 1103 3591 τοῦ
1127 3535 1280 3589 Υἱοῦ.
1301 3529 1476 3597 Οὗτος
1502 3537 1596 3588 καὶ
1635 3534 1744 3603 γὰρ
1781 3535 1809 3585 6
1832 3533 2008 3586 Μονο-

409 3636 578 3705 γενὴς
604 3635 782 3705 μόνος,
805 3633 978 3696 ἄλλως
995 3649 1055 3685 τε
1070 3632 1164 3685 καὶ
1184 3629 1398 3699 φύσεως
1420 3628 1604 3698 ἔργον,
1624 3628 1739 3680 ἀλλ’
1755 3626 1815 3680 οὐ
1841 3625 2003 3695 φύσιν

413 3729 588 3799 αὐτὴν
619 3727 732 3780 τῶν
769 3726 1035 3793 θεολόγων
1059 3727 1347 3777 εἰπόντων.
1400 3720 1538 3774 Ἀλλ’
1589 3721 1714 3775 οὐδὲ
1765 3721 2008 3774 ὑπόστα-

410 3837 496 3875 σιν
529 3821 628 3891 τὴν
668 3818 824 3872 θείαν
857 3820 1114 3888 γέννησιν
1142 3814 1209 3869 ἂν
1238 3815 1414 3878 εἴποις
1472 3814 1607 3867 ποτέ
1639 3830 1655 3847 ο
1689 3815 1840 3884 τρεῖς
1891 3813 2004 3881 γὰρ

407 3917 466 3970 αί
499 3914 792 3986 θεαρχικαὶ
821 3911 1151 3974 ὑποστάσεις
1175 3949 1191 3975 ,
1223 3909 1410 3979 Πατὴρ
1439 3907 1643 3979 δηλαδὴ
1661 3945 1676 3972 ,
1709 3908 1806 3960 καὶ
1834 3905 1963 3969 Υἱὸς
1989 3943 2007 3971 ν

413 4007 513 4061 καὶ
539 4006 784 4075 Πνεῦμα,
815 4006 912 4059 καὶ
935 4001 1090 4056 οὐδὲν
1133 4001 1244 4053 τῶν
1275 3999 1446 4069 τριῶν
1482 3999 1760 4067 γέννησις,
1813 3997 1928 4051 ἀλλ’
1983 3997 2011 4049 6

408 4097 519 4166 ’μὲν
556 4096 794 4165 γεννῶν,
829 4096 858 4148 6
894 4093 952 4146 δὲ
991 4090 1372 4161 γεννώμενος,
1408 4088 1470 4141 τὸ
1501 4087 1544 4140 δ’
1571 4086 2010 4155 ἐκπορευόμενον

412 4189 482 4242 ἐκ
521 4185 757 4255 Πατρός.
791 4184 1060 4240 Λείπεται
1099 4179 1418 4251 τοιγαροῦν,
1461 4179 1650 4250 σχέσιν
1671 4195 1733 4231 σε
1787 4178 1999 4248 ταύτην

409 4281 616 4351 λέγειν,
643 4280 738 4335 καὶ⁵
770 4277 987 4348 κίνησιν
1018 4275 1304 4345 θεοπρεπῆ
1330 4275 1444 4336 τοῖς
1485 4273 1678 4343 ἄκροις
1741 4269 2010 4340 μεσιτεύ-

410 4390 604 4441 ουσαν,
627 4374 724 4428 καὶ
743 4369 962 4442 φύσεως
989 4369 1177 4438 ἐργον,
1212 4369 1240 4422 ὅ
1263 4385 1430 4436 φασιν
1457 4367 1509 4419 οί
1541 4365 1812 4433 θεολόγοι,
1872 4379 2012 4430 προ-

414 4468 658 4536 άγουσαν
688 4469 754 4520 ἐκ
775 4465 871 4519 τοῦ
906 4465 1203 4535 ὁμοουσμίου
1229 4461 1292 4515 τὺ
1324 4459 1630 4531 ὁμοούσιον.

2108 3441 2332 3494 τελείων
2357 3442 2567 3495 ἐκεῖθεν
2590 3444 2776 3498 λαϐεῖν
2806 3446 2960 3516 παρά
3011 3449 3130 3512 σοῦ,
3161 3450 3258 3504 καὶ
3281 3450 3345 3502 16
3402 3452 3696 3522 παιδευτὴν

2110 3533 2298 3603 αὐχεῖν
2319 3533 2412 3586 τὸν
2445 3534 2758 3604 φιλόσοφον,
2801 3538 2916 3600 τὰς
2940 3537 2999 3591 δὲ
3059 3540 3305 3608 πονηράς
3359 3541 3455 3592 νῦν
3517 3541 3695 3606 δόξας,

2112 3626 2225 3680 ὑπὸ
2267 3626 2352 3680 σοὶ
2399 3628 2786 3698 μυσταγωγεῖ),
2819 3631 2915 3684 καὶ
2949 3631 3050 3700 τὴν
3085 3632 3227 3685 κατά
3271 3631 3408 3686 Θεοῦ
3453 3633 3698 3704 βλασφη·

2114 3721 2278 3788 μίαν,
2315 3721 2410 3774 καὶ
2440 3721 2540 3790 τὴν
2570 3721 2672 3790 τῆς
2705 3721 2871 3776 αὐτοῦ
2914 3721 3244 3791 Ἐκκλησίας
3278 3725 3572 3794 ἀθέτησιν,
3607 3729 3700 3780 καὶ

2113 3814 2271 3869 πάνθ’
2287 3814 2422 3884 ὁμοῦ
2437 3814 2507 3867 τὰ
2526 3814 2669 3868 κακά
2691 3815 2834 3869 κατά
2852 3817 2950 3884 τῆς
2973 3818 3240 3886 σφετέρας
3261 3817 3442 3871 αὐτῶν
3460 3819 3698 3887 κεφαλῆς

2112 3906 2453 3978 ὀργιάζουσι,
2482 3906 2685 3976 μᾶλλον
2719 3906 2778 3959 δὲ
2827 3910 2923 3962 κα)⁴
2967 3907 3397 3978 θριαμϐεύουσιν
3453 3910 3696 3982 ἀναίδην,

2114 4003 2211 4055 καὶ
2242 4001 2592 4072 πομπεύουσι
2625 4001 2774 4053 κατά
2815 4004 2990 4071 μέσης
3019 4005 3116 4072 τῆς
3153 4002 3384 4067 πόλεως.

2189 4088 2324 4145 Εἶτα
2368 4094 2479 4155 τοῖς
2505 4091 2651 4144 οὕτω
2700 4092 2889 4154 κακῶς
2930 4108 2992 4146 τε
3050 4095 3147 4148 καὶ
3199 4094 3563 4166 ἀναρμόστως
3605 4095 3697 4148 καὶ

2115 4183 2309 4253 πόρρω
2367 4183 2478 4237 τῶν
2538 4185 2704 4252 ἱερῶν
2767 4187 3086 4258 εἰρημένοις
3142 4185 3339 4254 λόγων,
3383 4186 3573 4257 ὥσπερ
3601 4187 3700 4239 οὐκ

2118 4276 2414 4347 ἀρκεσθεὶς
2453 4280 2482 4330 6
2511 4278 2827 4348 φιλόσοφος,
2857 4283 2950 4336 καὶ
2993 4281 3207 4351 μέμψιν
3234 4281 3448 4352 ἑτέραν,
3493 4282 3566 4345 ὡς
3593 4282 3701 4334 οἴε-

2113 4383 2228 4431 ται,
2276 4367 2376 4434 τῷ,
2409 4370 2509 4438 τῆς
2545 4369 2870 4440 Ἐκκλησίας
2923 4373 3120 4440 ἐπάγει
3174 4371 3349 4443 τόμῳ,
3385 4373 3470 4426 ὅτι
3513 4373 3696 4442 φησὶν,

2117 4461 2192 4512 Οὐ
2223 4463 2322 4530 τῆς
2357 4461 2577 4530 φύσεως
2602 4459 2724 4518 είπε
2757 4465 2820 4518 τὸ
2845 4466 3208 4535 γεννώμενον,
3245 4467 3364 4522 ἀλλ’
3389 4469 3456 4520 ἐκ
3480 4468 3578 4537 τῆς
3602 4466 3704 4536 φύ-

484 4556 823 4621 Τίοῦν,διότι
837 4558 1021 4625 σχέσις
1037 4557 1138 4607 οὐκ
1155 4552 1392 4622 ἄναρχος
1419 4549 1743 4618 mmmam
1772 4546 2017 4619 ἀνύπαρ·
2053 4581 2097 4636 D
2125 4570 2289 4620 σεως,
2316 4554 2448 4626 παρ’
2485 4557 2683 4610 ἑαυτοῦ
2726 4558 3135 4626 προστεθεικὼς
3166 4561 3360 4630 ἐκείνῳ
3392 4559 3489 4631 τὴν
3517 4561 3610 4622 ἐκ,
3636 4558 3704 4612 δι’

412 4665 564 4716 κτος,
582 4649 651 4702 δι’
667 4647 802 4701 αὐτὸ
838 4645 998 4700 τοῦτο
1037 4646 1131 4700 καὶ
1151 4645 1306 4698 οὐδὲν
1323 4643 1452 4698 ἀλλο
1473 4642 1615 4712 πλὴν
1636 4641 1792 4712 ἤχου,
1815 4639 1912 4694 καὶ
1929 4639 2021 4708 ψι-

413 4744 527 4800 λῶν
546 4743 807 4816 ῥημάτων
833 4740 1017 4810 φωνῆς
1034 4757 1050 4806 ;
1070 4737 1228 4792 Οὕτω
1251 4737 1347 4791 καῖ⁹
1373 4737 1481 4808 γὰρ
1510 4735 1714 4806 προῖὼν
1739 4733 1902 4797 αὐτὸς
1931 4752 2020 4803 φι-

413 4837 664 4906 λοσοφεῖς
689 4835 822 4906 περὶ
845 4829 911 4906 ἦς
933 4832 1248 4902 φιλοσοφεῖς
1276 4829 1538 4899 σχέσεωςέ
1561 4829 1756 4882 Καίτοι
1783 4844 1847 4896 γε
1875 4827 1972 4880 καὶ
1990 4829 2019 4880 6

415 4930 631 5004 Πατὴρ,
651 4931 748 4983 καὶ
775 4931 804 4982 6
834 4926 984 4991 Υἱὸς,
1012 4922 1257 4997 σχέσεώς
1307 4927 1445 4976 εἰσιν
1473 4923 1736 4992 ὀνόματα,
1769 4921 1914 4974 καθὰ
1953 4920 2016 4992 δὴ

410 5023 672 5096 καὶπρὸς
715 5019 1036 5094 Ἀρειανούς
1067 5033 1235 5088 φησιν
1265 5018 1294 5070 6
1317 5017 1415 5086 τῆς
1464 5014 1749 5085 θεολογίας
1789 5014 2014 5066 ἐπώνυ-

412 5135 538 5190 μος.
569 5115 713 5170 Οὕτε
748 5117 940 5176 οὐσίας
978 5113 1115 5180 γὰρ,
1147 5112 1337 5181 φησὶν,
1365 5109 1540 5179 ὄνομα
1569 5110 1597 5162 6
1629 5101 1903 5178 umth
1926 5124 2016 5160 σο-

414 5209 680 5279 φώτατοι,
711 5205 837 5260 οὔτε
892 5204 1204 5273 ἐνεργείας,
1238 5205 1479 5271 σχέσεως
1511 5200 1591 5262 δέ,
1627 5201 1719 5251 καὶ
1749 5198 1846 5251 τσῦ
1897 5197 2015 5260 πῶς

414 5296 536 5372 ἔχειν
573 5302 709 5372 πρὸς
748 5299 842 5352 τὸν
877 5297 1008 5353 Υίὸν
1045 5298 1074 5349 6
1111 5293 1327 5365 Πατὴρ,
1366 5293 1459 5345 καὶ
1501 5292 1529 5344 6
1573 5290 1699 5355 Υἱὸς
1742 5291 1881 5363 πρὸς
1921 5293 2014 5343 τὸν

414 5395 654 5465 Πατέρα.
682 5392 794 5446 Καὶ
812 5391 873 5443 τὸ
896 5389 1030 5452 Θεὸς
1058 5388 1114 5440 δὲ
1137 5427 1152 5453 ,
1178 5387 1276 5440 καὶ
1299 5386 1362 5438 τὸ
1390 5385 1595 5455 Κύριος
1613 5425 1630 5452 ,
1657 5384 1768 5439 τῶν
1794 5384 1932 5452 πρός
1961 5400 2012 5436 τι

415 5487 729 5555 λεγομένων
754 5484 902 5538 ἐστὶν
933 5481 1222 5544 ὡσαύτως,
1254 5480 1330 5542 ὡς
1361 5481 1388 5532 6
1416 5479 1577 5543 αὐτὸς
1603 5480 1699 5532 καὶ
1724 5478 1884 5532 τοῦτό
1906 5494 2014 5550 φη-

415 5597 522 5636 σιν.
563 5581 628 5632 'H
661 5578 770 5650 γάρ
799 5576 893 5631 τοῦ
924 5575 1096 5642 Θεοῦ,
1129 5575 1262 5644 φησὶ
1291 5596 1307 5640 ς
1340 5572 1536 5643 κλῆσις
1559 5613 1574 5635 ,
1607 5571 1710 5626 κᾶν
1753 5573 1864 5626 ἀπὸ
1915 5571 2012 5626 τοῦ

417 5674 601 5738 θέειν,
655 5673 689 5739 ἢ
749 5671 962 5737 αἴθειν,
1011 5666 1426 5739 ητυμολόγηται
1483 5667 1598 5728 τοῖς
1653 5667 1783 5736 περὶ
1836 5666 2011 5720 ταῦτα

418 5765 652 5838 κομψοῖς
698 5765 789 5820 διὰ
830 5764 892 5818 16
938 5762 1255 5832 ἀεικίνητον
1315 5762 1413 5812 καὶ
1482 5759 1854 5829 δαπανητικὸν
1902 5760 2011 5814 τῶν

414 5859 708 5934 μοχθηρῶν
737 5860 927 5930 ἕξεων,
959 5857 1054 5912 καὶ
1077 5857 1187 5926 γὰρ
1215 5852 1335 5922 πῦρ
1361 5867 1377 5876 '
1401 5853 1863 5907 καταναλίσκον
1916 5854 2008 5907 έν-

2122 4646 2210 4718 ἢν,
2250 4648 2436 4717 φησὶν,
2467 4649 2500 4719 ἡ
2526 4650 2822 4721 οἰκουμένη
2855 4651 3208 4721 συγκέχυται,
3233 4651 3420 4722 ἐπειδὴ
3459 4650 3703 4721 βούλεται

2122 4740 2563 4806 κατασκευάζειν
2584 4741 2614 4794 6
2641 4743 2821 4810 τόμος
2850 4743 3016 4813 δῆθεν
3046 4745 3148 4812 τὴν
3199 4745 3483 4815 ἐνέργειαν
3523 4744 3599 4806 ὡς
3647 4743 3705 4808 ἐξ

2121 4830 2302 4895 αίτίας
2336 4828 2476 4886 εἶναι
2515 4834 2616 4903 τῆς
2643 4833 2883 4902 φύσεως,
2913 4835 3005 4888 καὶ
3039 4834 3170 4888 Υίὸν
3205 4837 3376 4905 αὐτὴν
3407 4831 3551 4891 εἶναι
3583 4852 3707 4888 συν-

2121 4923 2270 4991 άγει,
2295 4925 2389 4977 καὶ
2425 4923 2488 4976 16
2520 4925 2620 4994 τῆς
2675 4925 2959 4989 εὐσεϐείας
2990 4926 3134 4993 ὅλον,
3184 4927 3374 4997 φησὶν,
3408 4927 3704 4998 ἀνατρέπει

2124 5019 2455 5088 μυστήριον.
2495 5018 2652 5089 Ἀμα
2697 5018 2776 5085 δὲ,
2811 5021 2969 5093 φησὶ,
3005 5020 3239 5085 καὶτοῖς
3283 5023 3537 5085 Λατίνοις
3568 5024 3705 5076 κατά

2119 5125 2185 5177 γε
2216 5109 2318 5178 τὴν
2345 5109 2671 5183 προσθήκην
2699 5113 2906 5183 ταύτην
2945 5113 3186 5185 συνᾴδει,
3217 5113 3560 5185 προστιθεῖσι
3590 5116 3704 5177 ταῖς

2123 5203 2301 5273 ἱεραῖς
2352 5205 2569 5273 ρήσεσι,
2604 5206 2725 5267 ταῖς
2764 5205 2991 5277 Πνεῦμα
3036 5208 3280 5278 Χριστοῦ
3331 5209 3614 5277 λεγούσαις
3642 5208 3703 5262 16

2121 5294 2350 5364 Πνεῦμα
2373 5298 2434 5348 τὸ
2459 5295 2618 5364 ἅγιον
2650 5297 2784 5366 παρ’
2816 5299 3023 5352 ἑαυτῶν
3051 5300 3144 5353 καὶ
3185 5301 3284 5372 τὴν
3318 5303 3410 5366 ἐκ,
3442 5303 3533 5356 καὶ
3564 5301 3702 5356 οὕτω

2121 5386 2541 5459 βλασφημοῦσιν
2579 5391 2715 5446 αὐτὸ
2741 5391 2834 5444 καὶ
2865 5395 2931 5446 ἐκ
2973 5393 3070 5446 τοῦ
3103 5392 3234 5446 Υἱοῦ
3280 5393 3700 5464 ἐκπορεύεσθκιο

2118 5480 2210 5533 καὶ
2241 5481 2606 5552 βλασφημιῶν
2670 5483 2763 5537 καὶ
2809 5486 3192 5555 συκοφαντιῶν
3250 5488 3463 5551 τούτοις
3499 5489 3704 5559 σωροὺς

2117 5573 2375 5644 ἐπιφέρει
2403 5575 2496 5627 καὶ
2547 5575 2648 5638 τὰς
2688 5576 2748 5641 ἐξ
2786 5576 3019 5646 ἁμαξῶν
3071 5579 3308 5643 ἀναιδεῖς
3346 5579 3551 5651 ὕϐρειςο
3585 5579 3702 5632 οὐδὲ

2115 5663 2227 5736 γὰρ
2249 5665 2360 5736 ἔχω
2391 5667 2532 5721 κατά
2582 5669 2734 5734 λέξιν
2781 5670 2969 5723 ἐκεῖνα
3015 5671 3318 5743 προφέρειν
3373 5675 3468 5728 τοῦ
3514 5671 3702 5745 καιροῦ

2117 5757 2209 5810 καὶ
2239 5756 2334 5810 τοῦ
2368 5760 2582 5830 μήκους
2616 5763 2961 5836 φειδόμενος.

2200 5851 2364 5935 Άλλά
2392 5853 2466 5908 τὰ
2493 5855 2594 5926 μὲν
2622 5856 2721 5928 τῆς
2750 5859 2888 5930 πρὸς
2909 5859 3037 5925 τοὺς
3063 5859 3327 5926 Λατίνους
3388 5859 3702 5930 συμφωνίας
