4090 6426
336 409 433 474 ειι

1105 402 1409 466 CONTRA
1443 390 1874 460 GREGORAM
1911 384 2697 451 ANTIRRHETICORUM.
2736 386 2836 446 IV.

3495 384 3604 448 84'2

337 525 552 595 βάλλειν
601 518 852 574 ὁπωσοῦν
907 518 1164 572 δύναταιο
1226 517 1320 570 ἐπὶ
1390 515 1447 567 δὲ
1499 511 1632 573 τοὺς
1672 507 1912 570 οἰκείους
1945 509 1988 566 Α
2018 503 2234 573 Πατρὸς
2260 502 2351 556 τὸν
2388 502 2536 564 Υἱὸν,
2563 500 2700 553 άλλά
2734 499 2875 553 κατὰ
2907 499 3001 571 τὴν
3029 498 3235 569 σχέσιν,
3271 498 3392 552 καθ’
3420 499 3483 569 ἣν
3517 499 3604 551 αἴ-

336 611 492 675 αὖθις
518 613 687 683 χωρεῖ
727 610 940 678 λόγους,
989 607 1085 662 καὶ
1130 607 1222 660 τὸν
1267 603 1538 676 ὁμιλητὴν
1580 600 1920 671 Ἀγαθάγγε-

333 706 444 760 λον.

406 797 472 850 Τί
501 795 595 850 οὖν
631 811 798 866 φησιν
831 795 1039 854 ἐκεῖνος
1070 791 1232 862 ἐξῆς;
1269 791 1378 845 Kal
1409 790 1548 858 αὐτη
1585 791 1684 857 μὲν
1733 789 1767 859 ή
1820 785 1920 839 τοῦ

339 888 534 964 μιαροῦ
561 889 852 961 ἑρμηνεία,
887 887 1036 957 παρὰ
1064 886 1173 938 πᾶν
1203 884 1263 937 τὸ
1290 885 1437 948 είκδς
1460 884 1560 953 τὴν
1591 882 1802 937 ἔννοιαν
1828 880 1920 934 τοῦ

340 982 501 1056 ῥητοῦ
553 981 689 1051 πρὸς
723 980 823 1047 τὴν
855 978 1208 1046 ἀνύπαρκτον
1242 977 1626 1045 μεταφέρουσα
1677 977 1774 1029 καὶ
1831 975 1922 1026 ἁν-

340 1077 642 1129 υπόστατον
689 1073 856 1125 αὑτοῦ
915 1073 1226 1140 ἐνέργειαν.
1257 1070 1491 1122 Ἔπειτα
1547 1067 1778 1138 προῖὼν,
1825 1069 1922 1121 καὶ

339 1167 604 1238 συνείρων
633 1165 704 1218 τὰ
753 1166 941 1234 ὅμοια,
991 1165 1085 1229 καὶ
1117 1164 1212 1216 τὸν
1247 1164 1422 1232 μέγαν
1472 1161 1716 1232 παράγει
1753 1159 1922 1213 Βασί-

335 1259 496 1324 λειον,
537 1255 790 1325 Εὐνομίῳ
822 1255 1030 1321 τάξεως
1076 1248 1217 1316 εἶδος
1263 1248 1406 1304 εἶναι
1451 1251 1699 1318 λέγοντα,
1725 1247 1920 1300 οὐκέκ

334 1355 431 1422 τῆς
465 1353 597 1422 παρ’
625 1350 784 1420 ήμῶν
821 1349 1025 1410 θέσεως
1055 1348 1477 1415 συνιστάμενον,
1523 1343 1640 1397 ἀλλ’
1671 1343 1808 1412 αὐτῇ
1849 1343 1914 1411 τῇ

336 1444 477 1499 κατά
508 1443 674 1511 φύσιν
709 1441 1008 1512 ἀκολουθίᾳ.
1039 1439 1365 1507 συμϐαῖνον,
1399 1439 1474 1501 ὡς
1504 1436 1583 1508 τῷ
1608 1436 1744 1505 πυρὶ
1780 1435 1918 1503 πρὸς

310 1537 394 1590 ,τὸ
424 1535 542 1605 φῶς
577 1536 694 1588 ἐστι
726 1536 785 1588 τὸ
819 1533 879 1598 ἐξ
922 1531 1120 1586 αὑτοῦ·
1151 1533 1211 1585 ἐν
1258 1532 1469 1594 τούτοις
1509 1531 1618 1600 γὰρ
1651 1532 1918 1600 πρότερον

333 1631 394 1684 τὸ
424 1629 596 1682 αίτιον
659 1627 915 1696 λέγομεν,
969 1625 1223 1694 δεύτερον
1273 1626 1330 1678 δέ
1379 1625 1442 1677 τὸ
1489 1625 1590 1678 ἀπ’
1622 1622 1818 1689 αὐτοῦ,
1854 1623 1914 1674 οὐ

334 1719 665 1787 διαστήματι
693 1716 1024 1788 χωρίζοντες
1054 1715 1303 1786 ἀλλήλων
1332 1713 1528 1780 ταῦτα,
1558 1714 1695 1767 ἀλλά
1719 1712 1798 1784 τῷ
1829 1714 1916 1765 λο-

335 1813 537 1884 γισμῷ,
578 1810 674 1864 τοῦ
706 1809 950 1864 αἰτιατοῦ
982 1806 1438 1878 προεπινοούντες
1463 1806 1525 1860 τὸ
1554 1808 1750 1862 αῐτιον.
1778 1804 1913 1860 Οὐδέ

2022 613 2138 649 τιον
2170 595 2270 665 μὲν
2302 598 2330 647 ό
2366 595 2572 662 γεννῶν
2603 595 2812 664 Πατὴρ,
2851 595 3096 649 αίτιάτδν
3119 594 3164 647 δ’
3193 595 3220 646 6
3260 593 3606 664 γεννώμενος

2022 688 2149 752 Υἱὸς
2179 687 2398 755 λέγεται
2439 688 2726 758 (δέδεικται
2762 689 2870 758 γὰρ
2911 689 3042 758 ἡμῖν
3078 687 3336 757 ἀνωτέρω
3367 687 3604 758 σχέσεως

2023 777 2165 834 εἶναι
2194 779 2388 844 ταῦτα,
2418 783 2514 833 καὶ
2547 781 2646 833 οὐκ
2685 781 2871 843 οὐσίας
2917 780 3204 850 ὀνόματα),
3249 778 3414 844 αὐτὸς
3459 779 3492 850 ἢ
3531 784 3604 847 μὴ

2025 869 2250 933 συνιεὶς,
2297 870 2329 940 ἢ
2383 869 2526 922 ἐκὼν
2579 869 3069 938 ἀποκρυψάμενος,
3126 870 3452 942 παρέδραμε
3507 871 3606 939 μὲν

2019 961 2494 1032 άνεπεξέργαστα,
2529 966 2604 1024 ὡς
2637 961 2788 1016 οὐδὲν
2833 961 2892 1013 ὃν
2926 965 3156 1031 πρᾶγμα
3208 965 3436 1033 μετρίαν
3475 963 3607 1032 γοῦν

2019 1055 2129 1106 τῶν
2168 1054 2427 1109 τοιούτων
2463 1057 2722 1127 φροντίδα
2772 1057 3066 1110 ποιεῖσθαι.
3110 1057 3296 1122 Μόνας
3330 1057 3374 1110 δ’
3399 1059 3608 1112 ἀποσυ·

2019 1149 2209 1219 λήσας,
2248 1149 2570 1220 ἀπειληφὼς
2601 1150 2697 1212 τὰς
2763 1153 2855 1203 καὶ
2901 1150 3101 1216 λέξεις,
3133 1151 3194 1204 τό
3235 1169 3294 1205 τε
3329 1152 3459 1207 ἄλλο
3511 1153 3607 1206 καὶ

2020 1240 2150 1294 ἄλλο
2186 1236 2348 1304 εἶναι,
2379 1244 2473 1298 καὶ
2504 1241 2618 1309 δύο,
2649 1243 2748 1296 καὶ
2788 1244 2988 1307 αῐτιον,
3021 1244 3113 1297 καὶ
3145 1247 3409 1309 αίτιατδν,
3445 1247 3610 1308 εὐθὺς

2020 1333 2370 1404 ἀπεπήδησε,
2417 1335 2591 1407 μικρὰ
2643 1336 2740 1405 μὲν
2775 1337 3065 1407 φροντίσας
3111 1338 3220 1391 τῶν
3256 1339 3608 1410 δηλουμένων

2019 1426 2251 1490 ἐκείνοις
2289 1429 2398 1488 τοῖς
2426 1429 2666 1498 ῥήμασιν
2700 1430 2942 1496 ἐννοιῶν,
2975 1431 3130 1501 οὐδέν
3162 1432 3217 1484 δὲ
3248 1431 3610 1503 λογισάμενος

2017 1519 2116 1588 τὴν
2173 1519 2424 1575 ἐντεῦθεν
2470 1521 2752 1575 ἀσέόειαν.
2786 1523 2896 1576 Καὶ
2953 1523 3095 1592 μετὰ
3136 1526 3366 1597 μικρόν·
3420 1526 3608 1599 Ὁρᾷς,

2018 1613 2174 1682 φησὶ,
2205 1613 2321 1677 πῶς
2356 1613 2627 1668 δεικνύειν
2651 1615 2853 1670 ἐθέλων
2882 1617 3047 1682 αὐτὸς
3071 1619 3221 1689 αὐτῷ
3255 1621 3613 1691 συμμαχούν-

2016 1721 2113 1767 τας
2173 1705 2378 1769 πάντας
2433 1707 2644 1775 ἁγίους,
2697 1709 2942 1764 δείκνυσι
3003 1711 3205 1781 μᾶλλον
3255 1712 3454 1766 οὐδένα
3499 1713 3608 1767 τῶν

2020 1797 2190 1866 ἁγίων
2221 1798 2368 1868 αὐτῷ
2408 1800 2838 1870 συμμαχοῦντα;
2865 1803 3054 1866 Οὐδεὶς
3085 1805 3195 1873 γάρ
3231 1804 3329 1876 τὴν
3360 1806 3610 1876 ἀνύπαρ-

333 1904 567 1959 ἐνταῦθα
596 1904 699 1974 τῆς
747 1904 1018 1972 συνήθους
1049 1902 1260 1972 κλοπῆς
1290 1919 1350 1954 τε
1393 1901 1488 1956 καὶ
1521 1899 1847 1970 ἱεροσυλίας,
1878 1899 1912 1969 ἢ
1947 1894 1988 1945 Β
2021 1905 2147 1943 κτον
2176 1889 2384 1961 ταύτην
2421 1893 2515 1944 καὶ
2561 1892 2691 1946 ἄλλο
2716 1910 2770 1946 τι
2800 1894 2901 1962 τῆς
2930 1895 3121 1959 οὐσίας
3156 1893 3323 1952 οὖσαν
3353 1898 3481 1952 καθ’
3510 1898 3608 1952 αὑ-

335 1997 670 2067 βωμολοχίας
723 1995 844 2048 κατ’
878 1995 1044 2048 αὑτὸν
1101 1995 1314 2048 ἐκεῖνον
1359 1995 1538 2046 εἰπεῖν
1580 1993 1608 2045 ὁ
1677 1993 1914 2063 χρηστὸς

333 2090 618 2158 Γρηγορᾶς
669 2087 988 2142 ἐπελάθετο.
1039 2086 1336 2140 Κάνταῦθα
1373 2086 1462 2139 καὶ
1509 2087 1618 2153 γὰρ
1668 2087 1730 2139 τὸ
1763 2086 1916 2149 τέλος

332 2183 426 2236 καὶ
454 2183 617 2234 οἱονεί
659 2198 710 2234 τι
748 2183 1124 2250 συμπέρασμα
1155 2179 1256 2247 τῆς
1286 2177 1380 2232 τοῦ
1430 2179 1672 2247 μεγάλου
1704 2179 1916 2249 ρήσεως

331 2271 566 2338 τουτουί,
593 2272 688 2341 τῆς
714 2271 996 2338 θεολογίας
1019 2269 1347 2338 ὑφελόμενος
1372 2270 1468 2322 τοῦ
1499 2269 1700 2323 σεπτοῦ
1723 2270 1911 2338 τόμου,

330 2363 408 2432 τῷ
437 2363 624 2432 οἰκείῳ
655 2366 836 2416 σκότει
867 2366 960 2416 καὶ
994 2361 1073 2432 τῷ
1105 2361 1295 2430 ψεύδει
1333 2361 1695 2431 κατέκρυψεν.
1749 2362 1918 2416 Ἐπά-

329 2473 419 2527 γει
447 2460 539 2511 καὶ
564 2459 673 2529 γὰρ
708 2459 873 2512 οἱονεὶ
903 2458 992 2512 τὸν
1043 2457 1239 2512 ἑαυτοῦ
1281 2454 1442 2525 λόγον
1472 2456 1794 2527 ἀπαρτίζων
1823 2457 1916 2509 καὶ

333 2553 723 2621 συμπεραίνων
781 2554 808 2604 6
877 2553 1052 2620 μέγας
1111 2549 1434 2614 Βασίλειοςο
1501 2550 1624 2612 Πῶς
1685 2549 1778 2603 οὐν
1827 2548 1917 2602 εὐ-

329 2643 486 2714 λογον
531 2644 814 2712 ἀρνεῖσθαι
873 2646 974 2714 τὴν
1027 2645 1206 2710 τάξιν,
1244 2643 1331 2710 ἐφ’
1381 2638 1458 2697 ὧν
1517 2645 1636 2695 ἐστι
1695 2642 1916 2712 πρῶτον

332 2739 432 2792 καὶ
481 2738 758 2808 δεύτερον
799 2739 860 2791 οὐ
904 2739 1049 2792 κατά
1114 2739 1210 2804 τὴν
1264 2736 1762 2810 ἡμετέρακιθέσιν,
1798 2736 1916 2791 ἀλλ’

331 2832 398 2882 ἐκ
436 2831 533 2900 τῆς
575 2831 716 2885 κατά
753 2832 918 2899 φύσιν
980 2827 1398 2900 ἐνυπαρχούσης
1438 2831 1628 2892 αὐτοῖς
1688 2829 1916 2882 ἀκολου.

331 2923 492 2984 θίας;
547 2923 654 2976 Καὶ
717 2924 838 2995 μετ’
900 2924 1082 2991 ὀλίγον
1127 2922 1282 2985 αὖθις
1319 2925 1348 2976 ὁ
1377 2922 1576 2992 τόμος·
1614 2922 1785 2976 Πάλιν
1808 2922 1918 2974 τοί-

334 3031 429 3066 νυν
457 3013 738 3088 ,Εὑνομίου
791 3017 893 3085 τὴν
934 3015 1196 3084 τοιαύτην
1243 3015 1513 3084 διαφορὰν
1567 3016 1916 3069 παντάπασιν

331 3106 542 3159 ἀνελεῖν
590 3109 956 3176 πειρωμένου,
987 3108 1016 3159 ὁ
1065 3109 1240 3178 μέγας
1281 3108 1588 3171 Βασίλειος,
1634 3109 1781 3172 Πῶς,
1815 3126 1918 3178 φη-

332 3199 440 3262 σὶν,
491 3197 752 3266 οὐδεμίαν
795 3198 1060 3267 διαφορὰν
1099 3196 1491 3261 καταλείπεις;
1541 3195 1663 3249 οὐδὲ
1707 3196 1805 3265 τὴν
1843 3197 1912 3250 ἐκ

332 3293 444 3356 τοῖς
478 3290 673 3353 αἰτίοις
694 3290 833 3360 πρὸς
855 3292 922 3344 τὰ
951 3289 1012 3354 ἐξ
1042 3291 1223 3343 αὐτῶν
1253 3290 1664 3359 ἐνυπάρχουσαν
1688 3305 1704 3354 ;
1727 3288 1914 3354 Οὕτως

333 3384 392 3436 ἐν
433 3383 637 3436 ἅπασιν
670 3383 700 3434 6
735 3381 1021 3452 Γρηγορᾶς
1057 3380 1344 3435 ἁλίσκεται
1385 3379 1723 3449 ψευδόμενος
1744 3417 1761 3445 ,
1820 3382 1916 3434 καὶ

334 3474 714 3544 συκοφαντῶν,
756 3477 852 3551 καξι
890 3478 988 3536 τὰς
1021 3473 1174 3544 ἱερὰς
1211 3474 1401 3544 ῥήσεις
1431 3473 1522 3526 διὰ
1567 3475 1786 3528 πάντων
1815 3492 1916 3529 κα-

329 3566 618 3635 τατέμνων
657 3583 714 3618 τε
750 3568 843 3619 καὶ
877 3566 1224 3635 σπαράττων,
1259 3566 1482 3618 κάκεῖνο
1512 3568 1576 3636 τῇ
1609 3567 1918 3638 κακουργίᾳ

333 3658 668 3728 προστιθεὶς,
701 3657 797 3712 καὶ
825 3660 888 3728 τῇ
935 3661 1099 3728 καινῇ
1135 3656 1410 3727 μοχθηρίᾳ
1454 3659 1549 3709 καὶ
1579 3657 1778 3726 ἀταξίᾳ
1805 3657 1916 3711 τῶν

331 3749 532 3817 λόγων,
548 3749 610 3802 τὸ
634 3752 748 3812 τοῖς
766 3749 1080 3811 ἀνευθύνοις
1099 3747 1167 3801 τὰ
1193 3750 1372 3800 οἰκεῖα
1400 3745 1723 3814 περιάπτειν
1751 3749 1915 3817 αίσχη

333 3843 564 3913 τολμᾷν.

418 3935 558 3989 Ἀλλ’
584 3934 906 4001 ἀκούσωμεν
945 3934 1048 4005 ήδη
1076 3936 1168 3988 καὶ
1198 3934 1308 3988 τῶν
1340 3936 1789 4006 ἐπιχειρημάτων
1822 3934 1918 3987 αὐ-

330 4025 454 4089 τοῦ,
484 4026 578 4078 καὶ
609 4025 705 4094 τῆς
733 4024 869 4089 πρὸς
892 4025 1017 4087 τοὺς
1044 4025 1223 4093 ἱεροὺς
1257 4024 1543 4092 θεολόγους
1575 4025 1914 4091 ἀντιλογίας,

330 4114 369 4167 ἃ.
405 4113 539 4184 πρὸς
569 4114 659 4168 τὸν
699 4113 935 4185 ῥηθέντα
967 4114 1182 4188 μύστην
1216 4115 1382 4168 αὐτοῦ
1405 4115 1499 4169 καὶ
1531 4116 1686 4184 φίλον
1713 4114 1918 4180 ,διέξει-

335 4223 445 4260 σιν.

421 4299 606 4370 Ὁρᾷς,
640 4298 827 4368 φησὶν,
879 4299 1028 4362 ὅπως
1078 4305 1280 4353 σκοπὸν
1317 4300 1459 4370 ἔχων
1494 4303 1522 4355 6
1572 4299 1795 4371 ἀναιδὴς
1849 4298 1918 4353 τὰ

332 4391 434 4460 τῆς
456 4391 620 4444 αὑτοῦ
647 4393 986 4458 κακουργίας
1011 4393 1333 4460 γεννήματα
1356 4393 1594 4463 δημοσίᾳ
1631 4392 1917 4446 κάνταῦθα

336 4480 614 4550 βεϐαιοῦν,
657 4481 918 4550 ἀνωτέρω
980 4481 1080 4549 μέν
1134 4484 1216 4544 είς
1254 4481 1349 4534 δύο
1403 4483 1496 4534 καὶ
1543 4483 1780 4554 διάφορα
1819 4485 1918 4552 τὴν

2019 1978 2120 2049 τήν
2146 1980 2433 2051 ἐνέργειαν
2487 1982 2746 2038 ἄκτιστον
2773 1987 3020 2040 αίτιατὸν
3047 1990 3111 2040 ἐκ
3135 1990 3236 2058 τῆς
3253 1989 3441 2056 οὐσίας
3464 1987 3610 2044 εἶναι

2018 2071 2197 2141 λέγων
2247 2074 2547 2144 δείκνυται,
2599 2079 2856 2149 καἼάπερ
2891 2081 2981 2134 τὸν
3019 2083 3144 2135 Υίὸν
3196 2085 3292 2136 καὶ
3335 2085 3509 2154 Λόγον
3542 2088 3609 2140 ἐκ

2021 2166 2234 2236 Πατρός
2255 2182 2269 2196 °
2306 2168 2400 2222 καὶ
2429 2169 2568 2237 βοῶν
2603 2172 2691 2224 ἀεὶ
2725 2173 2818 2225 καὶ
2852 2173 3259 2243 διατεινόμενος
3285 2181 3398 2241 τοῖς
3426 2179 3606 2245 ἁγίοις

2019 2261 2290 2314 ἀκόλουθα
2341 2262 2711 2332 δογματίζειν,
2747 2266 2990 2321 δείκνυσι
3035 2269 3239 2338 μᾶλλον
3286 2271 3452 2335 αὐτὸς
3482 2275 3608 2328 ἐαυ-

2017 2353 2109 2406 τὸν
2137 2355 2204 2408 τά
2229 2356 2450 2411 πάντων
2470 2359 2842 2415 ἐναντιώτατα
2873 2363 3100 2432 λέγοντα
3119 2406 3132 2420 .
3153 2367 3259 2419 Καὶ
3289 2369 3430 2437 μετά
3447 2386 3568 2422 τινα
3591 2388 3604 2401 ·

2031 2446 2186 2516 Ἐμοὶ
2215 2447 2268 2500 δὲ
2299 2449 2588 2520 πυθέσθαι,
2624 2455 2813 2522 φησὶν,
2845 2455 2991 2520 ἔδοξε
3025 2459 3261 2523 τουτουῒ,
3285 2459 3401 2523 πῶς
3425 2462 3490 2515 ἐκ
3507 2461 3607 2532 τῆς

2020 2537 2170 2600 θείας
2212 2539 2400 2602 οὐσίας
2440 2541 2535 2593 καὶ
2587 2541 2802 2610 φύσεως
2834 2541 2975 2598 εἶναι
3014 2549 3126 2600 νοεῖ
3171 2548 3268 2619 τὴν
3294 2549 3604 2621 ἐνέργειαν,

2019 2629 2110 2682 καὶ
2136 2630 2280 2683 κατὰ
2307 2631 2425 2683 τίνα
2455 2632 2545 2685 τὸν
2570 2635 2774 2701 τρόπον
2805 2637 2990 2690 αἰτίαν
3029 2639 3128 2709 μὲν
3172 2640 3268 2711 τὴν
3301 2642 3452 2695 θείαν
3486 2645 3610 2712 δογ-

2021 2725 2238 2794 ματίζει
2276 2725 2461 2795 φύσιν,
2495 2728 2747 2798 αίτιατὴν
2796 2729 2851 2782 δὲ
2888 2730 2986 2802 τὴν
3027 2731 3338 2802 ἐνέργειαν.
3387 2737 3462 2789 Τὸ
3498 2738 3606 2808 γὰρ

2019 2819 2194 2872 αἴτιον
2246 2819 2340 2872 καὶ
2383 2819 2653 2885 αἰτιατὸν,
2699 2822 2794 2874 καὶ
2833 2823 3134 2895 ἀγέννητον
3181 2825 3274 2879 καὶ
3309 2828 3593 2899 γεννητὸν,

2021 2911 2164 2978 ειπερ
2192 2909 2224 2977 ή
2256 2909 2357 2980 τῆς
2384 2914 2694 2982 γεννήσεως
2727 2913 2908 2984 σχέσις
2937 2917 3022 2969 διὰ
3050 2917 3148 2986 τῆς
3185 2919 3515 2990 ἀποφάσεως
3533 2941 3606 2977 ,τε

2019 3003 2112 3056 καὶ
2144 3006 2509 3072 καταφάσεως
2555 3006 2678 3076 δρᾷ,
2720 3007 2815 3060 καὶ
2862 3012 2997 3080 πρός
3049 3029 3111 3078 γε
3145 3015 3203 3066 τὸ
3247 3017 3605 3087 ἐκπορευτὺν,

2024 3096 2296 3165 ίδιώματά
2318 3098 2458 3150 εἰσιν
2485 3097 2829 3154 ὑποστατικά
2855 3119 2866 3130 ·
2892 3104 2986 3155 καὶ
3012 3106 3039 3156 ὁ
3063 3105 3162 3175 τῆς
3193 3108 3398 3163 τούτων
3426 3111 3607 3182 ὑπάρο

2021 3189 2156 3254 ξεως
2183 3191 2386 3258 τρόπος
2416 3199 2657 3249 τουτοισὶ
2705 3201 3179 3268 χαρακτηρίζεται
3215 3205 3324 3266 τοῖς
3351 3206 3604 3274 ὀνόμασι.

2021 3282 2131 3335 Καὶ
2164 3285 2307 3352 μετά
2349 3299 2512 3338 τινα·
2561 3288 2716 3340 Ἐπεὶ
2761 3289 2818 3342 δὲ
2857 3292 2951 3344 καὶ
2984 3293 3390 3364 ὑπερκειμένας
3424 3297 3610 3367 βουλό-

2021 3392 2182 3445 μενος
2237 3377 2317 3431 ἔτι
2377 3381 2470 3432 καὶ
2536 3381 2841 3451 ὑφειμένας
2903 3384 3170 3456 θεότητας
3251 3388 3606 3459 δογματίζειν

2018 3470 2330 3537 ἀκτίστους,
2362 3471 2538 3524 αἴτιον
2572 3475 2785 3542 εἰσάγει
2826 3493 2884 3529 τε
2930 3478 3020 3529 καὶ
3067 3481 3333 3545 αίτιατὸν,
3364 3485 3458 3536 καὶ
3489 3484 3608 3555 ἅμα

2020 3561 2236 3632 πρῶτον
2266 3564 2331 3634 τῇ
2365 3563 2518 3628 τάξει
2562 3566 2656 3618 καὶ
2691 3565 2944 3637 δεύτερον
2967 3608 2981 3631 ,
3027 3572 3117 3623 καὶ
3155 3573 3334 3640 ἁγίοις
3368 3576 3608 3647 μάρτυσι

2017 3657 2324 3726 χρώμενος,
2357 3658 2574 3741 πρῶτον
2598 3660 2654 3712 ἐν
2691 3661 3053 3733 ὑποδείγματι
3080 3665 3332 3731 λέγουσιν
3370 3666 3512 3722 εἶναι
3538 3675 3603 3741 τῇ

2019 3741 2169 3804 τάξει
2208 3741 2270 3794 τὺ
2307 3740 2439 3811 πῦρ,
2486 3743 2740 3814 δεύτερον
2769 3748 2814 3800 δ’
2851 3747 2918 3802 αὖ
2951 3751 3010 3802 τὸ
3031 3745 3098 3818 ’ἐξ
3132 3753 3301 3808 αὑτοῦ
3331 3757 3469 3826 φῶς,
3509 3740 3610 3812 ac;

2019 3830 2111 3894 τὸς
2147 3831 2246 3900 τὴν
2286 3831 2386 3902 μὲν
2423 3833 2572 3887 θείαν
2605 3835 2770 3904 φύσιν
2802 3839 3066 3909 ἀνάλογον
3101 3842 3212 3906 θεὶς
3251 3846 3328 3916 τῷ
3356 3851 3511 3919 πυρὶ,
3547 3852 3608 3904 τὸ

2024 3928 2294 3992 πρωτεῖον
2331 3929 2470 3996 αὑτῇ
2509 3933 2602 3982 καὶ
2634 3932 2733 4000 τῆς
2780 3934 2988 3999 τάξεως
3038 3939 3311 4004 ἐδεδώκει,
3345 3941 3608 4015 δευτέραν

2019 4016 2077 4069 δὲ
2111 4019 2208 4089 τὴν
2233 4021 2523 4090 ἐνέργειαν
2572 4026 2840 4096 ἐτετάχει,
2892 4031 2984 4082 καὶ
3035 4033 3302 4102 ἀνάλογον
3349 4036 3428 4107 τῷ
3465 4041 3608 4106 φωτὶ

2020 4111 2114 4162 τοῦ
2147 4111 2355 4181 πυρός’
2408 4113 2584 4180 δεῖξαι
2635 4117 2785 4170 ἐστιν
2841 4121 3082 4175 ἐνταῦθα
3127 4126 3352 4195 πρῶτον
3395 4132 3492 4199 μὲν
3530 4131 3607 4194 ὡς

2021 4203 2140 4256 οὐδὲ
2189 4204 2429 4258 ἐνταῦθα
2482 4207 2610 4272 τούς
2653 4211 2846 4278 ἁγίους
2909 4222 3266 4284 συκοφαντεῖν
3312 4223 3338 4274 6
3381 4223 3602 4295 ἀναιδὴς

2020 4295 2332 4365 ἀτόλμητον
2361 4299 2511 4352 είασε
2532 4316 2548 4332 ·
2578 4301 2832 4372 δεύτερον
2859 4305 2912 4358 δὲ
2941 4307 3020 4359 ὅτι
3045 4325 3139 4361 και
3166 4329 3265 4381 την
3290 4315 3604 4383 ἐνέργειαν,

2021 4385 2091 4454 ἦν
2123 4387 2476 4458 ἀνύπαρκτόν
2501 4409 2560 4444 τε
2591 4395 2686 4446 καὶ
2724 4397 3100 4452 ἀνυπόστατον
3141 4402 3458 4473 δογματίζει
3489 4409 3610 4462 θεό-

2022 4496 2180 4550 τητα,
2213 4481 2343 4533 Υίδν
2375 4484 2510 4538 Θεοῦ
2544 4486 2785 4541 δείκνυσι
2823 4490 2917 4543 νῦν
2940 4509 2952 4522 ·
2984 4493 3058 4557 ῶς
3089 4495 3239 4548 δυοῖν
3271 4499 3332 4563 ἐξ
3359 4501 3610 4574 ἀνάγκης

334 4572 635 4661 ἀμέριστον
685 4573 782 4641 τῆς
820 4571 1072 4642 θεότητος
1108 4573 1275 4642 ¹φύσιν
1317 4575 1482 4627 διεῖλε
1517 4577 1681 4647 μέρη,
1725 4583 1819 4630 νῦν
1858 4577 1913 4629 δὲ
1953 4595 1994 4648 ο
2023 4573 2270 4639 γίνεσθαι
2299 4575 2551 4646 θάτερον,
2597 4581 2628 4649 ἢ
2662 4583 2936 4654 τέσσαρας
2980 4587 3164 4641 σέϐειν
3201 4592 3346 4661 ἡμᾶς
3372 4571 3610 4652 ὑποστά-

337 4651 664 4734 βουλόμενός
685 4664 766 4717 ἔτι
795 4666 890 4719 καὶ
915 4665 1328 4735 ὑπερκειμένας
1363 4669 1611 4736 καλέσαι,
1650 4671 1741 4723 καὶ
1765 4671 1920 4737 ὑφει-

340 4757 514 4826 μένας
545 4758 837 4818 ἀκτίστους
891 4757 1173 4827 θεότητας,
1224 4760 1320 4813 καὶ
1353 4761 1569 4831 πρῶτον
1617 4764 1710 4814 καὶ
1742 4762 1922 4815 δεύτε-

338 4866 432 4919 ρον
457 4851 521 4918 τῇ
553 4849 737 4917 φύσει,
773 4849 833 4900 τὸ
868 4848 1044 4902 αἴτιον
1077 4851 1172 4902 καὶ
1203 4852 1468 4915 αίτιατὺν,
1494 4853 1803 4921 προτίθησι,
1828 4857 1924 4908 καὶ

336 4939 400 4992 τὸ
460 4941 590 4994 ἄλλο
637 4941 730 4994 καὶ
770 4939 920 5008 ἄλλο,
963 4943 1056 5001 καὶ
1085 4940 1145 4992 τὸ
1178 4942 1384 5010 γεννῶν
1425 4943 1520 4996 καὶ
1552 4945 1610 4996 τὸ
1646 4945 1923 5015 γεννώμε-

337 5048 459 5097 νον;
494 5031 666 5084 Τοῦτο
715 5033 824 5102 γὰρ
859 5036 1024 5096 ποιεῖ,
1061 5034 1147 5086 ἵνα
1184 5035 1400 5103 πρῶτον
1445 5035 1546 5105 μὲν
1581 5037 1676 5089 καὶ
1726 5039 1918 5101 αίτιον,

339 5119 435 5169 καὶ
468 5119 685 5186 Πατέρα
716 5120 994 5186 γεννῶντα
1028 5119 1174 5190 δείξῃ
1205 5121 1304 5190 τὴν
1335 5121 1545 5185 οὐσίαν,
1582 5122 1836 5192 δεύτερον
1863 5124 1920 5178 δὲ

337 5211 437 5261 καὶ
470 5211 736 5275 αἰτιατὸν,
771 5212 866 5264 καὶ
913 5212 1257 5282 γεννώμενον
1303 5212 1430 5266 Υίὸν
1467 5214 1568 5282 τήν
1615 5197 1918 5285 ἐξέργειαν.

342 5301 455 5354 Καὶ
493 5302 609 5368 μετ’
661 5301 877 5370 ὀλίγον·
927 5303 1194 5370 ’Λκήκοας
1243 5304 1352 5375 γὰρ
1406 5306 1504 5374 τὴν
1549 5306 1780 5360 ἔκτοπον
1826 5309 1923 5376 ἐρ-

343 5394 577 5462 μηνείαν
603 5395 792 5448 αὑτοῦ.
823 5396 943 5449 Τῶν
977 5397 1086 5465 γὰρ
1117 5397 1312 5463 ἁγίων,
1337 5397 1430 5462 οὒς
1468 5399 1628 5462 αὐτὸς
1670 5400 1750 5462 είς
1781 5417 1922 5470 μαρ-

336 5487 530 5556 τυρίαν
592 5487 790 5556 ἤγαγε,
859 5489 989 5558 περὶ
1043 5490 1256 5558 Ματρὸς
1310 5491 1401 5543 καὶ
1463 5489 1592 5544 Υἱοῦ
1651 5491 1920 5558 λεγόντων

328 5580 660 5656 ῥμοουσίων,
703 5581 988 5649 ἐνέργειαν
1015 5582 1175 5645 αὐτὸς
1211 5583 1465 5636 ἀνούσιον
1498 5586 1562 5636 ἐκ
1599 5584 1696 5653 τῆς
1731 5584 1920 5647 οὐσίας

336 5675 655 5744 ἡρμήνευσε
685 5715 699 5739 ,
741 5675 1009 5728 κάκείνων
1047 5677 1106 5729 τὸ
1144 5679 1290 5743 ἄλλο,
1337 5679 1430 5730 καὶ
1462 5679 1588 5732 ἄλλο
1646 5680 1722 5750 μὴ
1781 5677 1921 5731 κατὰ

333 5767 440 5836 τὴν
466 5767 655 5819 οὐσίαν
685 5768 976 5834 λεγόντων.
1009 5768 1165 5823 τοῦτο
1202 5773 1313 5841 γάρ
1361 5773 1480 5825 οὐδέ
1511 5776 1622 5834 τοῖς
1667 5773 1920 5838 δαίμοσιν

340 5857 408 5912 ἂν
441 5856 633 5927 ῥηθείη
669 5859 787 5909 κατ’
825 5858 1014 5912 οὐσίαν
1045 5861 1196 5923 ἄλλο,
1233 5863 1325 5916 καὶ
1357 5865 1614 5934 διάφορον
1647 5861 1789 5917 εἶναι
1823 5863 1915 5914 τοῦ

621 5954 895 6014 ΡΑτιιοι..
932 5957 1047 6016 Gn.
1103 5957 1250 6018 CH.

2029 4681 2165 4728 σεις,
2203 4667 2234 4736 ἢ
2263 4667 2488 4722 διπλοῦν
2519 4672 2608 4725 τὸν
2642 4672 2789 4741 Υίὲν,
2825 4677 2887 4728 ἐκ
2925 4695 2981 4730 τε
3011 4681 3198 4744 οὐσῖας
3239 4687 3607 4743 ἐνυποστάτου

2027 4760 2389 4829 συγκείμενον
2418 4765 2512 4817 καὶ
2559 4768 2841 4836 ἐνεργείας
2868 4772 3266 4830 ἁνυποστάτου.

2098 4851 2285 4903 Πᾶσαν
2325 4854 2399 4917 ὡς
2429 4857 2486 4908 ἐν
2511 4860 2792 4931 κεφαλαίῳ
2831 4863 3018 4931 σχεδὸν
3050 4867 3288 4921 ἐνταῦθα
3335 4873 3435 4938 τὴν
3470 4873 3609 4927 ίδίαν

2024 4941 2237 5010 αἵρεσιν
2285 4943 2552 5014 ἐξήμεσεν
2601 4949 2628 5000 6
2664 4951 2974 5019 φιλόσοφος.
3033 4955 3172 5009 Οὔτε
3203 4958 3314 5028 γὰρ
3353 4961 3608 5016 ἀκτιστον

2022 5034 2116 5086 καὶ
2153 5034 2432 5107 θεοπρεπῆ
2463 5039 2606 5094 κατὰ
2635 5041 2799 5110 φύσιν
2830 5044 2975 5109 ἔχειν
3003 5049 3138 5116 φησὶ
3174 5051 3265 5103 τὸν
3299 5054 3432 5107 Θεὸν
3459 5057 3612 5127 ἐνέρ-

2022 5142 2199 5194 γειαν,
2229 5129 2354 5181 οὔτε
2383 5135 2612 5201 κτιστήν
2644 5151 2764 5188 τινα
2803 5138 2932 5205 γοῦν
2977 5142 3072 5194 καὶ
3102 5145 3441 5200 ,ἐπείσακτον
3464 5152 3609 5204 κατὰ

2021 5219 2148 5282 τοὺς
2187 5221 2436 5292 πρώτους
2461 5225 2702 5290 ἐκείνους
2741 5233 2886 5300 φημὶ
2944 5237 3246 5304 νομοθέτας
3295 5241 3390 5292 καὶ
3436 5245 3610 5314 καθη-

2025 5313 2198 5380 γητὰς
2223 5313 2391 5366 αὐτοῦ
2424 5318 2562 5380 τέως
2590 5319 2858 5392 Βαρλαάμ
2891 5325 2985 5376 καὶ
3025 5327 3334 5381 ’Δκινδύνσυ
3362 5345 3376 5360 ⁶
3419 5331 3493 5393 ὡς
3530 5313 3604 5403 μὴ

2025 5404 2186 5472 μόνον
2211 5404 2322 5458 τῶν
2354 5406 2525 5462 πάλαι
2557 5411 2954 5484 Μονοηελητῶν
2979 5433 3038 5468 τε
3083 5421 3178 5471 καὶ
3208 5421 3608 5491 Μονοφυσιτῶν

2021 5495 2246 5549 ἐκείνων
2281 5500 2466 5568 χεῖρον
2497 5501 2680 5571 πολλῷ
2715 5522 2820 5559 τινι
2869 5508 3173 5563 διακεῖσθαι
3217 5511 3293 5582 τῷ
3331 5514 3482 5582 μέσῳ
3511 5517 3611 5574 καὶ

2019 5586 2369 5657 ἀτοπώτερον
2390 5606 2404 5618 ·
2437 5591 2637 5643 ἐκεῖνοι
2697 5596 2792 5646 καὶ
2829 5597 2935 5665 γὰρ
2981 5599 3040 5651 τὸ
3073 5602 3174 5668 τῆς
3227 5602 3486 5674 θεότητος
3519 5607 3607 5661 θέ-

2019 5676 2167 5747 λημα
2195 5680 2288 5732 καὶ
2320 5679 2418 5750 τὴν
2457 5684 2741 5752 ἐνέργειαν
2786 5687 2902 5755 ἅμα
2935 5691 3028 5743 τὸν
3070 5694 3301 5763 Χριστὸν
3332 5699 3478 5767 ἔχειν
3506 5705 3617 5756 οὐκ·

2021 5773 2388 5841 ἀπηρνοῦντο,
2417 5775 2465 5825 εί
2495 5776 2588 5826 καὶ
2619 5778 2684 5828 τὰ
2712 5781 2806 5847 τῆς
2837 5781 3184 5852 ἀνθρωπείας
3208 5788 3425 5856 φύσεως
3460 5793 3605 5862 ἔχειν

2021 5864 2184 5916 αὐτὸν
2238 5866 2586 5935 ἀπηρνοῦντο
2637 5870 2817 5934 κακῶς
2841 5891 2852 5904 ·
2887 5874 2915 5926 6
2947 5874 3001 5927 δὲ
3047 5878 3146 5947 τὴν
3183 5885 3418 5955 φυσικὴν
3453 5887 3606 5958 ἐνέρ-

3143 5976 3222 6035 27
