4090 6446
477 379 581 441 SH

1532 385 1962 446 PHILOTHEI
1997 387 2105 447 CP.
2131 389 2638 451 PATRIARCHA!

3627 390 3732 456 8H

466 501 622 568 γειάν
652 518 709 553 τε
741 500 831 555 καὶ
858 500 1078 571 θέλησιν
1118 502 1208 557 τὸν
1253 501 1353 555 ινα
1398 499 1839 573 τρισυπόστατόν
1870 518 1928 554 τε
1960 521 1992 556 κ
2029 503 2052 553 ὶ
2081 507 2129 566 Α
2156 505 2252 573 τὴν
2269 504 2400 557 καθ’
2434 506 2594 575 ἡμῶν
2631 505 2792 577 ὑδριν
2825 505 2921 562 καὶ
2953 505 3054 578 τὴν
3089 505 3458 576 συκοφαντίαν
3490 521 3735 578 πανηγυ-

467 594 887 665 παντοδύναμον
935 595 1068 649 Θεὸν
1102 595 1458 666 ἀφαιρεῖσθαι
1492 595 1754 663 πειρᾶται
1803 595 1930 648 ὅσον
1985 597 2047 649 τ)

466 690 558 744 ἐπ’
589 688 756 759 αὐτῷ,
793 688 930 743 ἀλλά
961 689 1056 744 καὶ
1098 688 1172 759 μή
1203 690 1335 742 ὄντα
1359 687 1451 741 τὸν
1476 686 1604 740 ὄντα
1631 687 1786 752 Θεζν,
1817 690 1912 742 καὶ
1941 689 2049 742 τῶν

466 784 638 840 ὅντων
667 783 928 838 ἁπάντων
958 783 1194 853 ποιητήν
1225 797 1285 836 τε
1316 782 1410 834 καὶ
1451 779 1678 852 Κύριον,
1713 781 1782 834 δι’
1813 773 1888 835 ὧν
1923 781 2064 849 δογο·

471 873 689 944 ματίζει
735 875 946 940 κακῶς,
992 873 1216 928 σπεύδει
1265 871 1703 937 κατασκευάζειν
1758 872 1902 925 κατά
1950 873 2051 944 τὴν

469 968 624 1039 ίεράν
651 968 762 1021 τῶν
795 968 1058 1038 Πατέρων
1089 967 1394 1036 θεολογίαν.

535 1083 673 1154 Φησὶ
699 1083 809 1153 γάρ
833 1084 860 1136 6
889 1083 1031 1145 θεῖος
1061 1081 1155 1134 καὶ
1183 1081 1498 1150 σοφώτατος
1520 1079 1794 1151 Μάξιμος⁸
1813 1080 1921 1135 Τοῦ
1951 1097 2053 1150 φυ-

468 1175 620 1230 σικοῦ
662 1177 968 1248 θελήματος
997 1175 1092 1228 καὶ
1118 1173 1220 1242 τῆς
1257 1171 1552 1237 οὑσιώδους
1583 1173 1870 1242 ἐνεργείας
1894 1173 2053 1226 ἀναι·

467 1269 733 1340 ρούμενος
773 1269 897 1320 οὔτε
929 1266 1064 1329 Θεὸς
1099 1264 1274 1329 ἐσται,
1305 1261 1428 1317 οὐτε
1468 1263 1759 1332 ἄνθρωπος
1781 1281 1794 1294 ·
1830 1264 2050 1332 ἀμήχα-

467 1381 556 1415 νον
583 1362 687 1432 γὰρ
723 1361 912 1414 οὐσίαν
944 1359 1177 1429 ἄμοιρον
1202 1353 1342 1410 εἶναι
1379 1357 1614 1425 φυσικῆς
1639 1356 1948 1427 ἐνεργείας,
1981 1349 2050 1425 ἦς

469 1457 638 1524 μόνης
669 1457 958 1524 ἐστέρηται
989 1453 1049 1506 τὸ
1096 1451 1170 1522 μὴ
1219 1451 1299 1504 δν.
1351 1451 1461 1504 Καὶ
1490 1449 1654 1502 πάλιν
1687 1452 1713 1502 6
1751 1449 1950 1510 αὑτός·
1985 1446 2050 1500 EI

464 1547 742 1609 οὑσιωδῶς
776 1547 1040 1618 πρόσεστι
1074 1542 1151 1613 τῷ
1179 1541 1299 1612 Θεῷ
1337 1543 1370 1613 ἡ
1419 1541 1625 1612 φυσικὴ
1673 1541 1950 1612 ἐνέργεια,
1983 1538 2054 1592 τὰ

465 1637 519 1689 δὲ
575 1636 850 1700 οὐσιωδῶς
903 1636 1198 1705 προσόντα,
1257 1632 1352 1686 καὶ
1403 1634 1786 1703 ἀναφαίρετα,
1836 1631 2052 1702 ἀνάγκη

465 1731 662 1792 αὐτοὺς
697 1730 733 1800 ἢ
773 1731 874 1800 τῆς
908 1727 1080 1796 αὐτῆς
1110 1723 1187 1794 τῷ
1217 1725 1393 1794 Πατρὶ
1440 1725 1534 1778 καὶ
1585 1724 1725 1790 μετά
1774 1723 2054 1792 σάρκωσιν

464 1823 748 1891 ἐνεργείας
791 1821 956 1874 αὐτὸν
994 1819 1054 1873 οὐ
1095 1817 1375 1886 λέγοντας,
1413 1816 1548 1887 μηδὲ
1579 1816 1682 1886 τῆς
1705 1812 2052 1886 αὐτῆςαὺτῷ

2158 597 2244 668 ρίζ
2249 616 2295 650 ει
2325 597 2567 668 χορεύων
2591 600 2860 670 συνήθως.

2226 693 2300 747 Τὸ
2336 694 2529 760 αίτιον,
2563 693 2720 763 φησι,
2755 695 2850 746 καὶ
2881 692 3125 746 αίτιατὸν
3144 689 3238 745 τὸν
3270 693 3490 763 Πατέρα
3524 694 3735 748 καὶτὸν

2155 786 2284 839 Υίὸν
2314 787 2582 858 δηλοῦντα
2623 787 2805 857 μόνον,
2830 787 2924 840 καὶ
2950 785 3297 840 ὑποστατικά
3326 784 3597 854 ἰδιώματα
3637 803 3736 838 πε-

2154 876 2387 942 φυκότα,
2423 876 2518 929 καὶ
2543 877 2686 930 κατὰ
2710 878 2902 929 τοῦτον
2940 875 3032 928 τὸν
3059 875 3242 942 λόγον,
3286 875 3383 930 καὶ
3415 875 3507 928 τοῦ
3539 875 3734 946 πυρὸς,

2154 967 2363 1020 καὶτοῦ
2398 967 2456 1035 ἐξ
2502 967 2667 1022 αὑτοῦ
2697 966 2872 1036 φωτὸς
2903 968 2985 1030 είς
3033 967 3392 1038 παράδειγμα
3435 969 3588 1038 παρὰ
3625 968 3738 1022 τῶν

2155 1057 2423 1126 θεολόγων
2453 1059 2715 1130 Ματέρων
2747 1057 3106 1128 εἰλημμένου,
3132 1049 3215 1128 ’τῇ
3254 1058 3416 1130 οὐσίᾳ
3449 1061 3546 1113 καὶ
3577 1062 3644 1129 τῇ
3676 1060 3736 1128 ἐξ

2154 1151 2331 1222 αὐτῆς
2382 1151 2632 1222 ἐνεργείᾳ
2676 1150 2861 1204 δίδωσι
2896 1151 3080 1220 φέρων
3120 1151 3148 1203 6
3195 1149 3385 1218 τόμος.
3421 1151 3736 1205 Κάντεῦθεν

2152 1243 2556 1308 κατασκευάζει
2593 1244 2813 1314 Πατέρα
2847 1244 2948 1313 μὲν
2977 1243 3068 1296 τὸν
3107 1243 3545 1314 τρισυπόστατον
3577 1243 3738 1310 Θεὸν,

2157 1337 2286 1391 Υίὸν
2325 1338 2382 1392 δέ
2424 1337 2524 1408 τὴν
2578 1337 2744 1391 αὑτοῦ
2797 1338 3036 1407 φυσικὴν
3079 1339 3385 1407 ἐνέργειαν.
3444 1337 3613 1392 Ὅθεν
3669 1340 3736 1411 δὴ

2157 1431 2252 1484 καὶ
2281 1433 2337 1484 αί
2388 1432 2654 1501 τέσσαρες
2681 1432 2803 1485 ἀντὶ
2834 1430 2945 1485 τῶν
2974 1432 3146 1502 τριῶν
3192 1433 3543 1498 ὑποστάσεις,
3586 1434 3680 1488 καὶ
3709 1437 3740 1488 6

2157 1523 2414 1587 σύνθετος
2449 1525 2544 1578 καὶ
2573 1525 2888 1596 τερατώδης
2932 1524 3029 1578 τοῦ
3077 1526 3376 1594 φιλοσόφου
3434 1527 3592 1590 Θεὸς,
3642 1529 3741 1581 καὶ

2157 1618 2312 1682 Υίὸς,
2347 1618 2424 1682 ὡς
2453 1617 2616 1681 αὐτός
2647 1634 2806 1688 φησι,
2839 1618 2936 1672 καὶ
2968 1620 2996 1672 6
3038 1617 3147 1672 τῶν
3184 1617 3548 1689 βλασφημιῶν
3580 1620 3738 1673 κολο-

2159 1727 2278 1779 φων
2289 1749 2304 1764 .

2230 1803 2368 1857 Εἰπέ
2405 1801 2720 1874 τοιγαροῦν,
2753 1796 2799 1858 ὧ
2845 1803 3054 1873 ἑταῖρε,
3110 1803 3208 1857 καὶ
3265 1804 3316 1857 εί
3371 1801 3585 1873 Πατρὸς
3635 1802 3734 1856 καὶ

414 1915 416 1920 ’
464 1879 644 1986 λέγέίν
664 1879 852 1978 οὐξίας
882 1909 1043 1968 εἶναιο
1073 1879 1202 1966 ἔνθά
1224 1879 1575 1981 γάρὴ’κᾷτά
1607 1879 1768 1979 τέκεσιν
1797 1879 2049 1978 εὐέργειᾷ
2084 1879 2124 1934 Β
2158 1897 2287 1950 Υίοῦ
2322 1897 2382 1952 τὸ
2417 1898 2591 1952 αίτιον
2625 1897 2719 1950 καὶ
2751 1897 2813 1950 τὸ
2847 1895 3096 1952 αίτιατὸν
3129 1895 3303 1958 οὕτως
3327 1894 3476 1949 ἐστὶν
3500 1893 3738 1986 ὑποστα-

463 2011 562 2063 οὑκ
589 2008 757 2074 ἐστιν,
789 2007 910 2060 οὐδὲ
937 2007 970 2078 ή
1002 2004 1164 2074 φύσις
1201 2003 1358 2058 ἔσται
1399 2005 1516 2057 ποτ’
1551 2004 1618 2058 ἄν
1645 2018 1662 2035 ο
1693 2001 1725 2073 ἦ
1751 2001 1852 2072 τῆς
1881 2004 2053 2072 αὐτῆς

463 2103 614 2174 αὐτῷ
641 2101 1095 2171 λέγοντας·αὑτὸν
1123 2101 1350 2164 οὐσίας,
1389 2099 1483 2152 καὶ
1517 2097 1618 2169 τῆς
1654 2096 1829 2167 αὐτῆς
1866 2096 2050 2165 λέγειν

463 2197 746 2266 ἐνεργείας
767 2211 782 2228 ·
809 2194 940 2249 ἔνθα
965 2196 1076 2266 γάρ
1100 2196 1132 2264 ἡ
1175 2193 1359 2263 φύσις,
1393 2194 1508 2246 ἐκεῖ
1546 2193 1640 2245 κει)⁴
1671 2192 1703 2261 ἠ
1739 2189 1900 2262 κοινὴ
1930 2191 2050 2244 κατ’

461 2288 633 2360 αὐτὴν
665 2286 1090 2374 ἀπαραλείπτως
1122 2284 1279 2339 ἐσται
1307 2285 1586 2356 ἐνέργεια.

543 2402 690 2457 ’11δέ
721 2404 786 2457 ἐκ
827 2399 1122 2472 Δαμασκοῦ
1155 2401 1393 2472 μελιχρὰ
1437 2399 1516 2470 τῷ
1561 2397 1676 2453 όντι
1707 2397 1803 2453 καὶ
1836 2395 2050 2468 φιλόσοο

463 2515 563 2568 φος
597 2497 838 2567 γλῶττα,
884 2495 1144 2566 Ἰωάννης
1194 2495 1224 2547 6
1273 2491 1416 2554 θεῖός
1459 2509 1624 2561 φημι,
1665 2488 1805 2561 μετά
1847 2506 1912 2558 γε
1955 2485 2051 2541 τοῦ

461 2591 631 2646 αὑτοῦ
665 2591 810 2644 θείου
845 2588 1102 2658 Μαξίμου
1139 2586 1235 2640 καὶ
1275 2581 1458 2649 αὖθις,
1491 2585 1604 2650 Δεῖ,
1637 2582 1794 2653 φησὶ,
1831 2581 2052 2640 πάντως

468 2681 788 2753 κατάλληλα
810 2683 931 2745 ταῖς
961 2679 1190 2749 φύσεσιν
1223 2673 1364 2731 εἶναι
1391 2677 1461 2730 τά
1493 2677 1706 2744 φυσικά
1731 2690 1746 2707 ο
1787 2672 2050 2727 ἀδύνατον

466 2780 578 2851 γὰρ
611 2774 900 2838 ἐλλειποῦς
951 2773 1166 2843 φύσεως
1207 2768 1446 2839 ὕπαρξιν
1496 2763 1662 2822 εῖναι.
1707 2766 1772 2820 Ἦ
1813 2765 1870 2820 δὲ
1907 2763 2050 2819 κατά

465 2872 630 2942 φύσιν
661 2868 916 2939 ἐνέργεια
962 2866 1024 2918 οὑ
1055 2864 1166 2918 τῶν
1204 2861 1363 2925 ἐκτὸς
1407 2860 1668 2930 ὑπάρχει.
1707 2859 1819 2913 Καὶ
1861 2856 2048 2924 δῆλον,

469 2965 552 3016 ὅτι
591 2960 715 3014 οὔτε
751 2955 893 3013 εἶναι
922 2955 1046 3010 οὕτε
1075 2952 1443 3023 γινώσκεσθαι
1496 2951 1595 3022 τὴν
1627 2949 1792 3020 φύσιν
1823 2947 2053 3003 δυνατὸν

456 3055 752 3124 ’ἐνεργείας
790 3051 931 3122 δίχα.
973 3050 1050 3102 Δι’
1077 3041 1152 3102 ὧν
1185 3045 1295 3116 γάρ
1325 3045 1543 3116 ἐνεργεῖ
1581 3043 1817 3096 ἕκαστον
1849 3038 1948 3110 τὴν
1969 3039 2049 3092 0!-

461 3149 623 3203 κείαν
650 3147 812 3216 φύσιν
843 3141 1154 3206 πιστοῦται,
1179 3140 1318 3210 ὅπερ
1349 3138 1464 3191 ἐστὶ
1507 3135 1584 3206 μὴ
1611 3134 1974 3205 τρεπόμενον.

471 3465 652 3518 μενος,
679 3447 773 3500 καὶ
798 3444 856 3499 ὃν
888 3441 1172 3514 προσεχῶς
1189 3437 1284 3492 νῦν
1312 3437 1524 3506 ἀνέγνω
1545 3437 1744 3489 σεπτὸν
1763 3435 1864 3505 τῆς
1895 3435 2054 3487 συνό·

466 3541 558 3594 δου
581 3540 750 3609 τόμον
783 3538 999 3606 ἀγνοεῖν
1031 3533 1416 3604 προσποιεῖται
1459 3529 1742 3595 καθάπαξ,
1771 3530 1907 3598 μήτε
1945 3528 2054 3580 τῶν

469 3632 601 3704 περὶ
632 3631 900 3700 διαφορᾶς
953 3627 1105 3689 θείας
1157 3625 1348 3687 οὐσίας
1401 3623 1496 3676 καὶ
1546 3621 1831 3694 ἐνεργείας
1878 3621 2054 3690 λόγων

468 3725 633 3781 αὑτοῦ
661 3725 952 3797 μάρτυρας
981 3716 1341 3774 οὑστινασοῦν
1365 3717 1476 3770 τῶν
1497 3715 1670 3784 άγίων
1695 3715 2054 3785 προενεγκεῖν

467 3820 633 3875 αὑτὸν
681 3818 882 3886 λέγων,
944 3814 1065 3869 ἀλλ’
1115 3810 1560 3882 ἐπαγγέλλεσθαι
1613 3811 1712 3880 μὶν
1764 3811 1860 3864 καὶ
1907 3809 2056 3879 μάλα

467 3911 758 3974 πλείστους
784 3909 1082 3981 παράγειν,
1114 3908 1387 3976 παράγειν
1410 3904 1488 3966 δὲ,
1521 3904 1594 3967 ὡς
1627 3903 1834 3967 ἐκεῖνός
1863 3919 2052 3974 φησιν,

463 4005 622 4059 οὐδὲν
674 4003 900 4074 μᾶλλον,
942 4001 1043 4053 καὶ
1075 4000 1264 4066 ἀσαφῆ
1335 3997 1433 4051 καὶ
1474 3995 1730 4050 σκοτεινά
1776 4014 1924 4062 τινα,
1959 3998 2055 4050 καὶ

465 4097 567 4166 τῆς
594 4094 818 4164 δεούσης
848 4093 978 4147 ἀνευ
1009 4090 1357 4160 ἐξεργασίας,
1401 4089 1494 4142 καὶ
1530 4091 1904 4158 κατασκευῆς,
1945 4105 2053 4141 πα·

473 4189 767 4260 ρατρέχειν
811 4187 997 4238 ἐκεῖνα
1031 4183 1233 4249 πάντα,
1267 4180 1301 4235 ἆ
1341 4197 1426 4244 τις
1455 4180 1554 4233 οὐκ
1592 4181 1657 4234 ἂν
1684 4178 1852 4233 αὑτοῦ
1885 4197 2057 4232 κατα-

440 4283 697 4350 ’γελάσαι
728 4278 980 4341 δικαίως,
1011 4275 1111 4347 τὴν
1147 4273 1431 4342 θεολογίαν
1462 4273 1682 4342 ἐκείνην
1716 4272 1818 4344 τήν
1852 4273 2055 4342 πολλὴν

469 4376 567 4428 καὶ
603 4372 850 4444 μεγάλην
873 4367 1091 4434 διεξιὼν
1118 4367 1227 4422 τῶν
1281 4366 1568 4438 Πατέρων,
1610 4362 1677 4438 ἧς
1708 4366 1770 4419 τὸ
1801 4367 2057 4420 πλεῖστον

468 4471 634 4539 ἡμεῖς
665 4465 1038 4526 ἀπολαϐόντες
1067 4462 1162 4515 τοῦ
1209 4460 1357 4514 θείου
1385 4461 1578 4530 τόμου,
1608 4458 2054 4529 διεξοδικώτερον

470 4564 527 4613 ἐν
563 4557 643 4628 τῷ
675 4557 919 4625 δευτέρῳ
951 4543 1415 4622 κατεστρώσαμεν
1436 4551 1603 4620 λόγῳ,
1637 4551 1729 4604 καὶ
1761 4551 1854 4620 τὴν
1883 4565 2056 4620 προσ-

469 4654 714 4721 ήκουσαν
745 4644 1077 4716 ἐξεργασίαν
1115 4643 1210 4696 καὶ
1259 4643 1360 4712 τὴν
1392 4643 1743 4710 κατασκευὴν
1777 4639 1886 4692 τῶν
1935 4639 2053 4692 θεο-

470 4740 706 4810 λογικῶν
750 4739 954 4807 λόγων,
1005 4736 1054 4787 εί
1105 4733 1199 4788 καὶ
1231 4735 1309 4805 μὴ
1343 4733 1527 4786 πᾶσαν
1576 4731 1696 4801 μεθ’
1731 4729 1933 4802 ἑαυτῆς
1969 4747 2060 4784 κε-

470 4832 778 4906 ατημένην.

543 4952 610 5007 El
637 4950 694 5004 δέ
733 4965 798 5016 γε
827 4949 941 5010 τοῖς
971 4944 1285 5016 εἰρημένοις
1321 4943 1555 5003 ἐκείνοις
1587 4942 1615 4994 6
1658 4941 1842 5004 καινὸς
1869 4941 2060 4994 οὐτοσὶ

469 5043 846 5116 δογματιστὴς
888 5040 984 5093 καὶ
1014 5037 1326 5108 παράλογος
1369 5035 1621 5103 θεολόγος
1650 5035 1749 5086 οὐκ
1779 5034 2054 5103 ἀρκεῖται,

473 5141 592 5193 ἀλλ’
649 5139 816 5208 ἡμεῖς
870 5135 968 5188 καὶ
1013 5133 1083 5186 τὰ
1134 5131 1309 5185 πλείω
1344 5128 1734 5201 προσθήσομεν
1775 5132 1890 5192 τοῖς
1933 5129 2058 5181 τότε

477 5231 717 5302 ῥηθεῖσι,
741 5230 838 5282 καὶ
875 5225 1123 5297 δείξομεν
1152 5226 1214 5278 εκ
1239 5241 1299 5279 τε
1335 5225 1443 5278 τῶν
1483 5222 1642 5277 θείων
1683 5222 1940 5294 Γραφῶν,
1963 5227 2063 5276 καὶ

473 5325 540 5398 δὴ
560 5325 657 5379 καὶ
677 5323 788 5377 τῶν
811 5320 1082 5388 θεολόγων
1114 5319 1378 5388 Πατέρων
1398 5318 1490 5370 τὸν
1511 5317 1750 5386 παντελῆ
1782 5316 1884 5387 τῆς
1911 5315 2062 5378 θείας

476 5417 804 5488 διακρίσεως
847 5413 939 5466 καὶ
985 5411 1236 5476 ἑνώσεως
1286 5413 1482 5480 λόγον,
1542 5413 1704 5481 μόνον
1745 5411 1795 5463 εί
1838 5410 1913 5480 μὴ
1966 5410 2063 5462 καὶ

447 5489 634 5574 ἀὖθις
689 5509 864 5562 ἐθέλοι
905 5506 1057 5578 βύειν
1109 5506 1375 5568 ὡσαύτως
1424 5504 1495 5558 τὰ
1543 5499 1680 5569 ὦτα,
1731 5507 1827 5557 καὶ
1883 5505 2062 5574 μάτην

481 5605 622 5660 κατά
674 5606 774 5675 τῆς
809 5602 1071 5673 ἀληθείας
1101 5601 1325 5670 ἀφιέναι
1360 5599 1428 5652 τὰ
1475 5598 1603 5669 βέλη
1665 5598 1762 5651 τοῦ
1827 5596 2062 5665 ψεύδους

479 5697 574 5752 καὶ
602 5698 700 5764 τῆς
746 5697 1134 5767 συκοφαντίας.
1199 5695 1362 5748 Ἀλλά
1413 5694 1474 5747 τὸ
1532 5695 1631 5763 μὲν
1667 5692 1792 5762 μετ’
1841 5691 2059 5759 ὀλίγον·

479 5791 615 5844 τὸδὲ
651 5791 746 5845 νῦν
781 5786 918 5846 εἶναι
955 5791 1094 5853 τέως
1132 5789 1332 5857 ἴδωμεν
1357 5787 1479 5839 τίνα
1515 5787 1581 5838 τά
1612 5787 1758 5838 κατά
1797 5783 1906 5837 τῶν
1944 5783 2065 5836 050-

466 5883 654 5954 ’λόγων
704 5885 1052 5956 ἐγκλήματα,
1114 5881 1211 5934 καὶ
1263 5878 1355 5932 τοῦ
1399 5877 1599 5930 σεπτοῦ
1651 5878 1844 5946 τόμου,
1887 5877 1945 5930 ἐν
1979 5869 2060 5937 οἷς

2154 1990 2328 2054 τικὸν,
2386 1991 2463 2053 ώς
2517 1989 2680 2054 αὑτὸς
2712 1989 2842 2060 φῂς,
2877 1989 3098 2058 ίδίωμα,
3133 1989 3210 2052 ὡς
3262 1986 3451 2057 μηδενί
3489 2003 3594 2039 τινι
3621 1984 3735 2038 τῶν

2156 2084 2375 2137 πάντων
2407 2085 2510 2151 τῆς
2563 2082 2806 2152 σχέσεως
2863 2080 3090 2136 καὶτοῦ
3137 2080 3535 2150 προσρήματος
3582 2077 3738 2132 τοῦδε

2157 2175 2480 2245 προσήκειν,
2510 2174 2565 2227 τί
2591 2175 2724 2245 περὶ
2752 2175 2848 2229 τοῦ
2883 2175 3044 2243 άγίου
3079 2173 3356 2234 διδάσκεις
3393 2172 3737 2240 Πνεύματος,

2153 2268 2206 2320 τί
2259 2267 2315 2320 δὲ
2366 2270 2495 2338 περὶ
2544 2270 2643 2339 τῆς
2680 2265 2920 2336 ἀοράτου
2957 2266 3053 2320 καὶ
3084 2263 3292 2336 ὁρατῆς
3337 2264 3558 2332 ἀπάσης
3589 2260 3733 2333 ὁμοῦ

2156 2362 2413 2425 κτίσεως,
2465 2360 2559 2415 τοῦ
2603 2361 2702 2431 μὲν
2756 2359 3110 2431 ἐκπορευτῶς
3162 2359 3242 2422 ὡς
3298 2358 3592 2428 όμοουσίου
3643 2357 3742 2410 καὶ

2157 2454 2439 2523 συμφυοῦς
2478 2455 2541 2507 ἐκ
2567 2453 2664 2507 τοῦ
2688 2453 2906 2524 Πατρὸς
2937 2453 3114 2517 ὄντος,
3145 2451 3244 2521 τῆς
3279 2451 3337 2505 δὲ
3380 2450 3612 2514 κτίσεως
3639 2449 3743 2518 δη·

2158 2549 2497 2620 μιουργικῶς
2539 2551 2604 2602 ἐκ
2646 2547 2743 2602 τοῦ
2783 2547 3222 2618 τρισυποστάτου
3253 2562 3313 2598 τε
3351 2545 3448 2598 καὶ
3477 2543 3744 2597 παντοδυ-

2155 2643 2330 2712 νάμου
2369 2640 2528 2707 Θεοῦ;
2567 2641 2637 2693 Ἦ
2677 2640 2781 2712 γάρ
2812 2640 2920 2694 υίοὶ
2953 2640 3048 2692 καὶ
3074 2638 3246 2693 ταῦτα
3290 2636 3452 2702 Θεοῦ,
3473 2637 3613 2690 κατά
3639 2634 3743 2705 τὴν

2159 2734 2436 2804 μετέωρον
2473 2731 2572 2803 σὴν
2617 2732 2921 2801 θεολογίαν,
2965 2731 3064 2785 καὶ
3115 2729 3407 2794 ἀπώλεσας
3455 2729 3522 2792 ἀς
3577 2743 3746 2790 κατε-

2157 2827 2434 2888 σκεύασας
2479 2824 2693 2894 φθάσας
2737 2824 3013 2894 τέσσαρας
3064 2823 3418 2886 ὑποστάσεις,
3455 2824 3489 2894 ἢ
3545 2823 3638 2877 καὶ
3678 2823 3746 2876 τὸ

2156 2918 2383 2988 Πνεῦμα
2414 2916 2672 2972 σύνθετον
2722 2917 2783 2981 ἐξ
2829 2915 2962 2970 Υίοῦ
2999 2933 3085 2971 σοι
3131 2918 3227 2970 καί
3274 2914 3616 2985 Πνεύματος,
3643 2917 3742 2968 καὶ

2155 3010 2263 3063 τῶν
2302 3009 2500 3076 ἀλλων,
2530 3002 2606 3066 ὧν
2639 3011 2758 3064 ἐκεῖ
2788 3009 2973 3074 κακῶς
3000 3009 3298 3082 τερατεύῃ,
3326 3010 3358 3080 ἢ
3389 3009 3512 3064 οὐδὲ
3562 3009 3742 3072 αίτιος

2155 3106 2186 3158 6
2215 3103 2348 3166 Θεὸς
2380 3103 2610 3167 τούτων,
2655 3103 2775 3157 οὐδὲ
2806 3103 2882 3166 ὡς
2917 3102 2976 3168 ἐξ
3024 3105 3200 3158 αἰτίου
3235 3101 3331 3156 τοῦ
3374 3102 3510 3158 Θεοῦ
3541 3103 3740 3165 ταῦτα,

2158 3196 2347 3268 ἐπειδὴ
2364 3197 2592 3268 ’Πατρός
2621 3213 2682 3250 τε
2709 3197 2802 3250 καὶ
2842 3195 2977 3249 Υίοῦ
3012 3196 3174 3266 μόνου
3204 3197 3268 3248 τὸ
3294 3195 3539 3249 αἰτιατὸν
3565 3197 3660 3250 καὶ
3679 3195 3746 3249 τὸ

2161 3291 2357 3355 αίτιον,
2402 3290 2478 3354 ὡς
2509 3290 2673 3354 αὐτὸς
2693 3289 3069 3359 δογματίζεις.
3115 3290 3329 3351 Ἄλλως
3349 3306 3418 3342 τε
3448 3290 3545 3344 καὶ
3575 3289 3746 3344 Βασί-

2162 3381 2308 3446 λειος
2353 3383 2450 3436 καὶ
2507 3381 2832 3446 Ἀθανάσιος
2877 3382 2982 3436 ὑπὸ
3016 3381 3229 3452 μέμψιν
3259 3381 3323 3435 ἂν
3356 3379 3468 3434 εἷεν
3502 3381 3742 3443 δικαίαν,

2160 3473 2304 3526 κατὰ
2337 3474 2430 3525 τὸν
2479 3471 2571 3525 σὸν
2619 3471 2802 3541 λόγον,
2847 3473 2896 3526 οί
2947 3473 3155 3543 πρῶτοι
3188 3455 3249 3525 τὸ
3289 3469 3402 3541 πῦρ
3441 3473 3538 3525 καὶ
3581 3474 3642 3526 τὸ
3680 3473 3748 3538 ἐξ

2159 3564 2326 3618 αὑτοῦ
2358 3564 2495 3632 φῶς,
2521 3565 2614 3618 καὶ
2643 3565 2745 3618 ὅσα
2779 3582 2839 3634 γε
2869 3567 3235 3637 παραπλήσια
3268 3565 3503 3631 τούτοις,
3533 3565 3600 3621 τά
3638 3564 3748 3634 μὲν

2159 3657 2333 3720 αἴτια,
2367 3657 2434 3710 τά
2481 3656 2537 3708 δὲ
2569 3659 2794 3711 αἰτιατὰ
2840 3657 3264 3728 προσειπόντες,
3300 3658 3399 3726 οὐχ
3444 3659 3473 3710 6
3517 3659 3680 3727 τόμος
3715 3661 3748 3712 6

2155 3750 2236 3819 τῷ
2267 3751 2398 3822 παρ’
2423 3749 2650 3804 ἐκείνων
2690 3751 3018 3820 προτεθέντι
3052 3753 3406 3823 χρησάμενος
3434 3753 3746 3825 παραδείγ-

2161 3861 2311 3914 ματι.

2239 3937 2380 3990 Ἀλλ’
2421 3937 2545 3992 οὔτε
2589 3938 2912 4001 ’Δθανάσιος
2967 3939 3064 3992 καὶ
3114 3940 3396 4004 Βασίλειος
3435 3943 3494 3994 ἐν
3538 3943 3743 4006 αίτίαις

2156 4028 2220 4082 ἀν
2249 4045 2380 4082 ποτε
2411 4032 2678 4098 γένοιντο,
2712 4032 2807 4083 καὶ
2849 4029 3003 4086 ταῦτ’
3039 4033 3133 4086 ἐπὶ
3176 4031 3296 4096 τοῖς
3319 4035 3606 4099 τοιούτοις,
3635 4035 3746 4100 ἕως

2156 4120 2222 4174 ἂν
2251 4115 2353 4174 ὦσι
2383 4122 2586 4194 δηλαδὴ
2616 4125 2711 4178 καὶ
2736 4123 3078 4180 διδασκάλων
3104 4123 3266 4193 ἄκροι
3317 4125 3412 4179 καὶ
3448 4124 3738 4192 θεολόγων,

2156 4212 2250 4264 καὶ
2283 4213 2514 4282 μεγάλοι
2541 4214 2627 4267 διὰ
2660 4214 2830 4268 ταῦτα
2861 4215 3016 4284 παρά
3045 4215 3199 4288 πάσῃ
3229 4217 3293 4286 τῇ
3328 4214 3569 4285 Χριστοῦ
3615 4217 3738 4268 Ἐκ.

2158 4303 2382 4373 κλησία,
2435 4306 2530 4358 καὶ
2569 4307 2630 4358 τὸ
2696 4307 2924 4377 Πνεῦμα
2953 4307 3014 4360 τὸ
3052 4307 3209 4374 ἆγιον
3254 4307 3429 4370 οὐδεὶς
3472 4308 3538 4361 ἂν
3596 4309 3738 4362 είποι

2158 4397 2290 4449 ποτὲ
2320 4396 2427 4450 τῶν
2473 4399 2552 4462 είς
2603 4400 2847 4462 εὐσεϐεῖς
2892 4399 3072 4454 τελεῖν
3105 4400 3402 4471 ἑλομένων,
3445 4401 3522 4471 μὴ
3567 4401 3639 4463 ὡς
3679 4404 3738 4469 ἐξ

2159 4490 2340 4551 αἰτίας
2392 4493 2492 4560 τῆς
2523 4495 2800 4564 πατρικῆς
2841 4494 3192 4558 ὑποστάσεως
3222 4495 3466 4549 αίτιατὸν
3490 4494 3582 4548 καὶ
3606 4496 3740 4565 69.0-

2092 4593 2134 4647 ι)
2163 4584 2346 4639 ούσιον
2383 4581 2550 4651 εἶναι,
2579 4585 2703 4640 οὐτε
2750 4587 2858 4658 μὴν
2887 4587 2980 4642 τὸν
3020 4588 3458 4658 τρισυπόστατον
3491 4588 3626 4642 Θεὸν
3664 4590 3740 4660 μὴ

2166 4677 2343 4731 αἴτιον
2372 4677 2450 4742 ὡς
2495 4679 2829 4750 δημιουργὸν
2877 4679 3158 4732 εἶναιτῶν
3207 4679 3357 4734 ίδίων
3400 4682 3739 4749 κτισμάτων.

2247 4771 2411 4825 Ἀλλά
2475 4773 2540 4826 σὺ
2581 4773 2783 4842 μᾶλλον
2817 4773 2884 4826 ἂν
2931 4774 3048 4844 εἴης
3093 4774 3252 4828 πάντ’
3299 4777 3481 4828 ἐκεῖνα
3513 4776 3580 4844 τῇ
3612 4773 3748 4841 άληο

2163 4864 2286 4935 θείᾳ.
2335 4865 2658 4929 ὑπεύθυνος,
2709 4867 2804 4920 καὶ
2854 4868 2887 4936 ὴ
2926 4866 2994 4937 σὴ
3046 4867 3179 4936 κενὴ
3212 4866 3505 4936 φιλοσοφία
3549 4883 3607 4919 τε
3647 4867 3745 4920 καὶ

2163 4959 2414 5027 θεολογία
2461 4962 2528 5026 τῇ
2561 4963 2817 5028 γεννήσει
2861 4961 3002 5032 μόνῃ
3039 4959 3100 5012 τὸ
3134 4960 3379 5014 αίτιατὸν
3434 4960 3610 5021 διδοὺς
3651 4959 3744 5012 καὶ

2165 5051 2226 5102 τὸ
2273 5050 2476 5114 αἴτιον,
2526 5051 2764 5112 καὶτοῖς
2809 5052 3060 5120 μερικοῖς
3112 5050 3353 5118 ἀναιρῶν
3391 5049 3459 5102 τά
3492 5047 3739 5107 καθόλου,

2164 5141 2257 5193 καὶ
2289 5141 2389 5209 τὴν
2419 5142 2530 5194 τῶν
2569 5141 2916 5211 πραγμάτων
2946 5140 3084 5210 ὁμοῦ
3117 5141 3211 5192 καὶ
3239 5139 3351 5191 τῶν
3385 5139 3558 5208 λόγων
3591 5137 3744 5200 τάξιν

2167 5235 2435 5304 συγχέων.
2468 5235 2606 5288 Οὐδὲ
2664 5236 2778 5303 γὰρ
2823 5234 3011 5296 ἁπλῶς
3061 5237 3088 5286 6
3121 5232 3327 5302 γεννῶν
3371 5232 3566 5294 αῐτιον,
3593 5225 3636 5283 ὦ
3660 5247 3744 5296 φι-

2164 5327 2386 5397 λόσοφε,
2435 5327 2559 5380 οὑδέ
2609 5327 2636 5379 ὁ
2687 5327 3026 5395 γεννώμενος
3081 5325 3269 5388 ἁπλῶς
3317 5323 3583 5386 αίτιατὸς,
3631 5319 3744 5374 ἀλλ’

2164 5420 2356 5490 ὥσπερ
2379 5423 2585 5482 ἐκεῖνος
2613 5421 2784 5482 αίτιος
2807 5419 2928 5485 ὡδὶ,
2953 5418 3094 5472 οὑτω
3130 5418 3222 5471 καὶ
3252 5417 3409 5481 οὗτος
3439 5416 3536 5470 ὡδὶ
3565 5418 3744 5470 αίτια-

2163 5512 2254 5576 τός
2277 5530 2290 5542 ο
2329 5511 2455 5564 ἐπεὶ
2505 5511 2599 5564 κα)⁵
2625 5512 2685 5564 τὸ
2716 5510 2942 5580 Πνεῦμα
2977 5510 3222 5564 αἰτιατὸν
3252 5509 3376 5573 ὡδὶ,
3412 5507 3507 5562 καὶ
3537 5525 3602 5560 τα
3635 5505 3747 5559 κτί-

2166 5621 2373 5674 σματα,
2413 5605 2561 5658 καθά
2607 5603 2673 5676 δὴ
2711 5605 2806 5656 καὶν
2851 5605 3158 5673 φθάσαντες
3198 5603 3434 5674 ἔφημεν.
3469 5600 3577 5656 Καὶ
3614 5599 3742 5654 καθὸ

2169 5697 2268 5765 μὲν
2311 5696 2486 5749 αίτιον
2536 5695 2629 5748 καὶ
2683 5697 2924 5761 αίτιατὰ,
2975 5697 3096 5750 οὑδὲ
3159 5697 3254 5762 μία
3303 5695 3512 5758 τούτοις
3554 5695 3585 5764 ή
3633 5693 3740 5745 δια-

2169 5787 2344 5858 φορά·
2374 5788 2514 5841 καθὸ
2549 5788 2606 5841 δὲ
2648 5787 2709 5840 τὸ
2753 5789 2851 5858 μὲν
2894 5788 2990 5841 ὡδὶ
3029 5790 3229 5854 αἴτιον,
3272 5789 3342 5841 τὰ
3370 5789 3427 5841 δὲ
3452 5787 3549 5841 ὡδὶ
3574 5787 3745 5839 αίτια-

2166 5881 2257 5945 τὰ,
2293 5881 2433 5934 κατὰ
2462 5879 2620 5934 τοῦτο
2655 5881 2748 5936 καὶ
2779 5883 2814 5950 ἡ
2855 5883 3090 5952 διαφορά
3111 5898 3126 5915 ⁶
3159 5882 3242 5936 ὅτι
3266 5884 3292 5936 6
3334 5881 3431 5948 μὲν
3477 5873 3744 5950 γεννητῶς
