4090 6432
371 413 479 478 845

368 538 432 588 ἐκ
456 534 550 587 τοῦ
574 529 711 585 Θεοῦ
733 532 826 585 καὶ
853 530 1086 602 Πατρδς,
1114 531 1176 584 rb
1203 531 1260 586 δέ
1290 530 1637 601 ἐκπορευτῶς
1662 531 1720 596 ἐξ
1750 530 1938 598 αὐτοῦ,
1973 545 2018 596 Α

366 627 434 680 τὰ
461 626 518 678 δέ
549 624 823 694 κτίσματα
850 623 1283 695 δημιουργικῶς,
1322 624 1419 678 ἁτε
1446 623 1510 694 δὴ
1548 625 1643 677 καὶ
1673 623 1948 696 θελήσεως

366 718 464 771 καὶ
498 716 782 785 δυνάμεως
824 716 962 787 ἔργα
990 717 1164 779 θείας,
1207 715 1323 770 ἀλλ’
1369 717 1492 787 οὐχί
1524 715 1758 786 φύσεως,
1802 715 1948 773 καθὰ

365 813 434 885 δὴ
465 814 562 864 καὶ
595 812 907 878 φθάσαντες
939 812 990 863 οί
1027 809 1271 878 θεολόγοι
1301 809 1574 877 ἐδίδαξαν.

439 904 512 956 Συ
538 900 594 955 δὲ
624 902 717 955 τὸν
755 901 1034 964 γεννῶντα
1068 902 1162 954 καὶ
1189 901 1280 954 τὸν
1303 900 1647 970 γεννώμενον
1697 903 1834 973 μόνα
1859 904 1950 958 λέ-

369 1010 483 1060 γων
535 988 677 1046 εἶναι
737 992 890 1046 αῐτια
948 992 1044 1045 καὶ
1100 993 1343 1058 αίτιατὰ,
1401 993 1598 1046 ταυτόν
1650 1010 1705 1047 τι
1764 993 1951 1062 λέγειν

295 1120 314 1138 ι
369 1086 564 1148 δοκεῖς,
587 1083 778 1151 ὥσπερ
808 1083 874 1137 ἂν
905 1083 958 1137 ετ
982 1101 1126 1146 τινος
1163 1083 1262 1154 τὴν
1290 1084 1481 1138 οὐσίαν
1511 1085 1950 1155 κατηγοροῦντος

367 1179 459 1232 τοῦ
495 1180 670 1244 λίθου,
710 1179 874 1241 αὐτὸς
905 1178 980 1248 μὴ
1011 1178 1104 1230 τὸν
1126 1177 1292 1242 λίθον,
1319 1177 1454 1231 ἀλλὰ
1487 1179 1547 1230 rb
1581 1176 1723 1241 ζῶον
1751 1177 1950 1245 ἔλεγες

368 1268 467 1340 τὴν
499 1269 687 1322 οὐσίαν
716 1267 938 1337 είναι,ῆ
972 1267 1032 1320 rb
1061 1267 1201 1330 ζῶον
1249 1268 1462 1322 ἐκείνου
1509 1267 1951 1339 κατηγοροῦντος

367 1361 464 1415 τοῦ
495 1361 814 1428 ἐλέφαντος,
851 1360 927 1432 μὴ
968 1359 1060 1414 τὸν
1103 1360 1396 1429 ἐλέφαντα,
1429 1360 1520 1412 τὸν
1564 1360 1622 1414 δέ
1659 1359 1952 1432 ἄνθρωπον

369 1455 536 1517 αὐτὸς
577 1453 765 1522 ἔλεγες
804 1447 948 1508 εῖναι
981 1453 1041 1506 τὸ
1086 1451 1248 1514 ζῶον.
1289 1453 1448 1522 Παρὰ
1485 1453 1594 1525 γὰρ
1623 1455 1685 1507 rb
1730 1454 1954 1523 λογικόν

369 1563 430 1599 τε
467 1546 562 1598 καὶ
631 1547 694 1599 rb
745 1544 943 1613 ἄλογον
988 1545 1020 1612 ή
1072 1543 1308 1614 διαφορὰ
1347 1543 1580 1608 τούτοις,
1616 1545 1697 1599 ὅτι
1745 1546 1807 1599 rb
1855 1541 1961 1618 μέσ

370 1638 567 1691 τοιονδὶ
635 1635 778 1697 ζῶον
807 1676 824 1702 ,
869 1635 898 1688 ὑ
945 1634 1003 1688 δὲ
1061 1635 1350 1706 ἄνθρωπος
1407 1636 1636 1705 τοιονδὶ,
1675 1638 1736 1692 οὑ
1802 1637 1953 1708 παρὰ

369 1726 431 1780 rb
497 1725 638 1790 ζῶον
707 1724 919 1790 ἁπλῶς,
983 1725 1174 1796 ὥσπερ
1237 1728 1296 1779 ἐν
1355 1726 1586 1790 ἐκείνοις
1666 1730 1820 1798 παρὰ
1893 1730 1955 1782 rb

371 1815 619 1887 ἔμψυχόν
673 1832 736 1869 τε
801 1817 894 1870 καί
954 1816 1162 1888 ἄψυχον
1188 1857 1204 1884 ,
1239 1817 1354 1872 ἁλλ’
1413 1819 1474 1872 οὐ
1515 1819 1666 1890 παρὰ
1714 1821 1814 1891 τὴν
1863 1824 1955 1874 οὐ-

1118 414 1420 476 CONTRA
1447 412 1876 474 GREGORAM
1919 415 2697 478 ANTIRRHETICORUM.
2742 416 2845 476 IV.

3515 415 3620 478 816

2120 535 2352 604 Ἵδωμεν
2391 531 2483 587 οῦν
2511 533 2604 587 καί
2628 533 2726 604 τὴν
2771 533 2862 586 τοῦ
2893 532 3065 602 πυρός
3100 550 3158 586 τε
3191 534 3406 588 καὶτοῦ
3448 539 3629 606 φίυτδς

2051 629 2257 690 είκόνα,
2299 629 2405 680 τίνι
2438 625 2639 697 μᾶλλον
2666 626 2760 680 καὶ
2812 625 2954 679 κατὰ
2983 625 3240 690 πλείονάς
3280 643 3385 696 περ
3416 631 3626 700 προσήο
3693 633 3696 637 ’

2051 737 2138 775 κει
2167 721 2292 783 τοὺς
2323 719 2540 788 λόγους,
2567 722 2635 790 τῇ
2665 721 2728 772 ἐκ
2773 718 2991 786 Πατρδς
3035 721 3310 789 ὑπερφυεῖ
3349 722 3446 773 καὶ
3473 721 3628 792 ἀϊδίῳ

2049 812 2142 866 τοῦ
2180 811 2313 864 Υίοῦ
2343 813 2619 882 γεννήσει,
2673 807 2705 881 ή
2761 813 2830 881 τῇ
2865 811 2932 864 ἐκ
2979 811 3076 881 τῆς
3107 811 3259 872 θείας
3289 794 3508 878 φύσεως
3531 814 3630 884 ἄῤ-

2051 905 2200 974 ῥήτῳ
2229 904 2325 956 καὶ
2347 903 2503 973 ἀϊδίῳ
2562 899 2776 972 προόδῳ
2807 903 2908 972 τῆς
2940 902 3246 972 ἐνεργείας.
3285 894 3362 973 ’ῌ
3389 905 3488 969 μὲν
3517 905 3628 975 γὰρ

2051 997 2116 1047 ἐκ
2147 995 2245 1063 τῆς
2276 991 2370 1046 τοῦ
2398 993 2570 1064 πυρὸς
2605 992 2798 1055 οὐσίας
2829 993 2948 1045 ἐστὶ
2974 994 3034 1044 rb
3066 995 3200 1061 φῶς,
3239 993 3335 1046 καὶ
3437 997 3629 1065 πρόει-

2054 1103 2138 1138 σιν
2190 1085 2250 1150 ἐξ
2302 1085 2491 1150 αὑτοῦ,
2546 1086 2638 1139 καὶ
2672 1085 2864 1156 προῖδν
2895 1087 3202 1158 ἀδιαίρετον
3247 1088 3422 1158 μένει,
3455 1089 3552 1142 καὶ

2051 1181 2116 1247 τῇ
2162 1177 2259 1246 μὲν
2287 1175 2438 1242 τάξει
2473 1176 2728 1248 δεύτερον
2759 1178 2976 1248 ἐπινοίᾳ
3003 1177 3316 1248 θεωρεῖται,
3341 1180 3419 1248 τῷ
3451 1181 3631 1250 χρόνῳ

2051 1271 2108 1323 δὲ
2141 1271 2417 1342 οὐδαμῶς,
2439 1271 2534 1324 καὶ
2621 1271 2902 1342 ἡνωμένον
2929 1272 3045 1340 ἅμα
3087 1272 3179 1325 καὶ
3213 1273 3631 1342 διακεκριμένον

2053 1363 2192 1429 ἐστὶ,
2225 1364 2286 1416 rb
2317 1365 2418 1434 μὲν
2441 1363 2518 1433 τῷ
2545 1363 2603 1416 ἓν
2632 1363 2726 1416 καλ⁵
2755 1361 3064 1432 ἀχώριστον
3093 1359 3254 1428 εἶναι,
3291 1362 3351 1415 rb
3379 1364 3434 1416 δέ
3466 1363 3544 1432 τῷ
3574 1365 3634 1428 ἐξ

2052 1455 2223 1509 αὐτοῦ
2247 1453 2388 1509 εῖναι
2419 1455 2496 1518 ὡς
2541 1455 2600 1520 ἐξ
2635 1456 2834 1518 αίτίου,
2887 1459 3031 1510 κατὰ
3069 1454 3244 1510 ταῦτα
3275 1457 3457 1510 τοίνυν
3486 1457 3634 1526 ἀμυ-

2053 1547 2189 1615 δρὰν
2212 1549 2400 1602 είκόνα
2423 1547 2546 1602 τινὰ
2571 1549 2633 1617 φέ
2645 1565 2727 1618 ρει
2755 1549 2817 1601 rb
2845 1547 2978 1620 πῦρ,
3009 1549 3102 1601 καὶ
3133 1547 3194 1602 rb
3219 1547 3277 1612 ἐξ
3307 1547 3474 1601 αὐτοῦ
3496 1548 3632 1617 φῶς,

2051 1641 2127 1705 ὡς
2152 1642 2211 1706 ἐξ
2242 1641 2430 1695 ὑλικοῦ
2469 1643 2564 1696 καὶ
2600 1641 2920 1713 σωματικοῦ
2973 1642 3420 1713 παραδείγματος
3466 1643 3636 1711 φάναι⁹

2054 1732 2150 1801 τῆς
2187 1734 2251 1786 ἐκ
2286 1733 2498 1804 Πατρδς
2543 1733 2788 1806 ἀρρήτου
2835 1735 2928 1788 καὶ
2980 1733 3151 1787 ἀϊδίου
3199 1735 3507 1803 γεννήσεως
3539 1733 3632 1786 τοῦ

2055 1825 2212 1882 Υίοῦ.
2244 1826 2396 1882 Καθὸ
2428 1827 2482 1881 δέ
2509 1827 2672 1881 πάλιν
2700 1828 2762 1881 οὐ
2787 1827 3016 1898 δύναμίς
3037 1831 3185 1881 ἐστιν
3220 1830 3247 1882 ὁ
3288 1827 3416 1890 Υἱὸς
3443 1827 3544 1880 οὐκ
3576 1828 3634 1879 ἐν

373 1913 497 1968 σίαν
545 1915 577 1984 ή
626 1914 904 1983 διαφορὰ,
940 1914 1065 1968 ἐπεὶ
1123 1916 1220 1970 καὶ
1259 1916 1429 1984 λίθος,
1492 1917 1588 1972 καὶ
1674 1916 1812 1982 ζῶον
1864 1917 1955 1970 οὐι-
1985 1917 2032 1982 B
2064 1920 2364 1975 ὑποστάσει
2419 1917 2556 1974 οὖσα
2611 1921 2719 1991 ίδίᾳ
2763 1921 2858 1974 καὶ
2915 1925 2973 1973 ἐν
3022 1921 3194 1990 ἑτέρῳ
3250 1919 3630 1990 θεωρουμένῃ.

370 2005 486 2060 σία.
526 2005 590 2059 El
626 2004 686 2058 δὲ
728 2004 931 2073 λέγοις,
974 2005 1127 2076 παρὰ
1187 2007 1286 2078 μὲν
1319 2008 1428 2061 τῶν
1477 2007 1744 2078 θεολόγων
1781 2009 1949 2064 Πατέ-

373 2114 485 2170 ρων
546 2097 904 2168 καταλλήλως
963 2098 1219 2168 εἰλῆφθαι
1268 2100 1370 2172 τὴν
1439 2101 1624 2155 εἰκόνα
1683 2100 1778 2156 τοῦ
1849 2119 1954 2156 πυ-

374 2191 488 2264 ρὸς,
522 2193 618 2246 καὶ
652 2191 746 2246 τοῦ
785 2193 844 2259 ἐξ
875 2191 1044 2248 αὐτοῦ
1085 2194 1286 2263 φωτὸς,
1333 2195 1431 2267 τὴν
1463 2195 1558 2250 τοῦ
1607 2196 1951 2265 Μονογενοῦς

371 2287 438 2339 ἐκ
483 2284 698 2354 Πατρὺς
735 2286 1133 2354 σκοπουμένοις
1175 2287 1452 2358 γέννησιν,
1502 2289 1598 2342 καὶ
1659 2290 1845 2352 καλῶς
1890 2288 1952 2344 rb

372 2379 616 2432 αἰτιατόν
647 2393 708 2431 τε
752 2378 848 2430 καὶ
882 2378 944 2430 τὸ
985 2379 1162 2432 αῖτιον
1189 2379 1255 2433 ἐκ
1283 2378 1491 2435 τούτων
1528 2381 1605 2445 ὡς
1629 2381 1689 2446 ἐξ
1725 2383 1951 2436 εἰκόνων

371 2470 605 2534 ἐκείνοις
630 2468 1056 2542 προσηρμόσθαι
1099 2473 1212 2535 τοῖς
1243 2473 1508 2544 ἁῤῥήτοις
1551 2491 1611 2528 τε
1645 2476 1740 2530 καὶ
1779 2477 1951 2547 ὑπερ-

367 2564 557 2632 φυέσι,
595 2566 690 2618 τὸν
728 2564 786 2618 δέ
819 2565 987 2635 τόμον
1023 2567 1363 2636 ἁμαρτάνειν
1409 2568 1506 2621 καὶ
1545 2568 1674 2633 τοὺς
1711 2568 1952 2624 ἐκτεθει-

372 2655 560 2720 κότας,
591 2653 690 2720 τὰς
723 2655 834 2710 τῶν
866 2657 1181 2728 θεαρχικῶν
1231 2657 1590 2712 ὑποστάσεων
1623 2660 1842 2723 εἰκόνας
1887 2677 1949 2714 τε

375 2746 570 2800 καὶτὰ
608 2748 1034 2819 παραδείγματα
1088 2751 1152 2819 τῇ
1207 2749 1462 2822 ἐνεργείᾳ
1511 2751 1948 2822 προσάπτοντας,

371 2838 470 2894 καὶ
501 2841 602 2910 τὴν
653 2841 754 2911 μὲν
781 2841 1035 2896 ἐντεῦθεν
1079 2841 1230 2907 Υίὺν,
1277 2844 1378 2914 τὴν
1409 2844 1468 2898 δέ
1514 2847 1951 2917 τρισυπόστατον

372 2933 634 3003 θεάτητα,
665 2933 873 3003 μᾶλλον
899 2935 955 2989 δὲ
987 2935 1088 3006 τὴν
1111 2933 1321 3007 ταύτης
1358 2937 1550 2991 οὐσίαν
1582 2940 1802 3010 Πατέρα
1819 2941 1953 2995 ταὺ-

370 3042 472 3097 της
503 3028 1039 3095 κατασκευάζοντας,
1070 3031 1121 3083 εί
1148 3029 1212 3102 δὴ
1243 3029 1419 3085 ταῦτα
1460 3033 1638 3102 λέγων
1665 3035 1693 3087 ὁ
1729 3034 1946 3103 φιλόσο-

371 3134 493 3186 φος,
543 3119 782 3184 ἀναξίως
829 3122 981 3190 ἡμᾶς
1033 3138 1170 3192 φησι
1220 3121 1300 3193 τῷ
1369 3124 1783 3196 παραδείγματι
1838 3127 1948 3180 τῶν

370 3211 567 3279 ἁγίων,
593 3214 690 3266 καὶ
727 3212 804 3284 μὴ
831 3214 977 3268 κατὰ
1013 3215 1106 3268 τὸν
1139 3217 1343 3269 σκοπὸν
1368 3216 1594 3271 ἐκείνων
1616 3218 1946 3289 κεχρῆσθαι,

371 3308 626 3360 σκοπεῖτε
652 3303 717 3377 δὴ
761 3307 862 3360 καὶ
898 3307 990 3360 rbv
1024 3307 1294 3379 ἡμέτερον
1349 3307 1510 3378 λόγον
1559 3312 1698 3382 πρὸς
1747 3310 1947 3377 ταῦτα,
1978 3290 2021 3350 c

368 3397 536 3451 ταυτδ
556 3397 602 3451 δ’
633 3399 813 3452 εἰπεῖν
845 3399 939 3453 καὶ
966 3399 1062 3452 τοῦ
1099 3400 1270 3471 τόμου
1306 3405 1402 3457 καὶ
1442 3403 1551 3456 τῶν
1587 3404 1760 3474 ἁγίων
1782 3420 1802 3438 ο
1829 3405 1951 3459 οὐδέ

369 3489 481 3560 γὰρ
508 3489 614 3555 ἔξω
652 3507 706 3545 τι
730 3491 842 3545 τῶν
865 3492 1096 3557 ἐκείνοις
1130 3493 1457 3561 δοκούντων,
1499 3495 1639 3551 ἁλλὰ
1688 3497 1760 3552 τὰ
1803 3499 1950 3552 ἐκεί-

368 3599 475 3638 νων
509 3587 601 3637 καὶ
641 3579 800 3648 αὖθις
825 3584 1082 3655 ἐροῦμεν.

442 3679 669 3750 Πρῶτον
696 3680 796 3749 μὲν
822 3678 918 3733 οὖν
943 3678 1324 3734 ἀποδέδεικται
1354 3681 1436 3735 ὅτι
1487 3681 1548 3735 rb
1587 3682 1837 3736 αἰτιατὺν
1855 3685 1952 3737 καὶ

373 3771 434 3824 rb
457 3765 712 3844 αίτιον,ᾖ
752 3771 995 3825 αἰτιατόν
1035 3787 1096 3824 τε
1141 3772 1234 3824 καί
1275 3772 1473 3839 αἴτιον,
1513 3774 1576 3827 οὐ
1608 3775 1704 3828 τοῦ
1741 3775 1953 3845 Πατρδς

377 3865 532 3935 μόνον
565 3864 661 3919 καὶ
704 3864 799 3918 τοῦ
834 3864 988 3928 Υίοῦ,
1027 3864 1164 3918 ἁλλὰ
1213 3864 1312 3919 καὶ
1343 3867 1437 3922 τοῦ
1488 3867 1701 3938 Πατρδς
1727 3868 1824 3922 καὶ
1856 3869 1951 3922 τοῦ

373 3956 709 4027 Πνεύματος,
740 3959 836 4013 καί⁸
877 3957 1016 4012 Θεοῦ
1060 3958 1154 4010 καί
1183 3961 1502 4029 κτισμάτων
1544 3962 1694 4016 ἐστίν
1715 3979 1731 3995 ο
1767 3965 1860 4017 καὶ
1889 3964 1952 4016 οὐ

366 4049 578 4103 τούτων
619 4050 818 4120 μόνων,
866 4051 1004 4104 ἀλλὰ
1051 4053 1146 4105 καὶ
1185 4051 1458 4104 πλείστων
1511 4052 1716 4123 ἐτέρων
1755 4053 1814 4106 ἐν
1838 4055 1954 4116 τοῖς

367 4143 631 4214 κτίσμασι
666 4145 776 4197 τῶν
803 4144 863 4210 ἐξ
895 4145 1144 4210 ἀλλήλων
1172 4147 1366 4210 ὄντων,
1404 4141 1478 4206 ὧν
1509 4149 1660 4202 ἐστιν
1683 4148 1742 4200 ἓν
1779 4149 1870 4201 καὶ
1891 4147 1954 4201 rb

369 4235 536 4306 ῥηθὲν
568 4237 745 4289 ἐκεῖνο
769 4239 882 4300 τοῖς
905 4238 1084 4307 ἁγίοις
1133 4239 1514 4310 παράδειγμα,
1547 4243 1608 4294 τὸ
1655 4240 1768 4310 πῦρ
1805 4258 1950 4310 φημι

366 4327 465 4379 καὶ
502 4327 565 4379 rb
617 4328 677 4392 ἐξ
724 4326 893 4382 αὐτοῦ
942 4329 1079 4398 φῶς.
1117 4330 1229 4383 Καὶ
1261 4329 1468 4384 κείσθω
1494 4330 1678 4386 τοῦτο.
1715 4332 1952 4385 Ἔπειτα

363 4419 593 4472 κάκεῖνο
620 4419 701 4472 δεῖ
729 4421 954 4473 σκοπεῖν
975 4421 1314 4489 ἀναγκαίως.
1349 4423 1470 4474 Τῶν
1500 4422 1784 4493 αἰσθητῶν
1827 4422 1954 4476 τού-

367 4526 479 4562 των
527 4509 622 4562 καὶ
683 4509 887 4563 ὑλικῶν
939 4513 1164 4565 εἰκόνων
1199 4530 1258 4566 τε
1332 4515 1427 4567 καί
1483 4514 1953 4586 παραδειγμάτων

368 4600 612 4700 ἀσθενῶν
640 4601 810 4656 ὄντων
839 4602 935 4658 καί⁵
970 4602 1188 4673 σαθρῶν
1230 4597 1392 4669 πάνυ,
1433 4607 1572 4677 πρὸς
1601 4607 1662 4660 τὸ
1694 4607 1765 4660 τὰ
1811 4607 1952 4679 ὑπὲρ
1987 4637 2033 4700 D

369 4693 626 4764 αἴσθησίν
657 4712 718 4750 τε
751 4696 850 4751 καὶ
895 4698 1023 4752 νοῦν
1069 4697 1392 4763 είκονίζεινο
1423 4699 1590 4753 Οὐδὲν
1643 4699 1753 4770 γάρ
1806 4702 1948 4766 ἐστι,

369 4789 535 4857 φησὶν
562 4791 588 4842 ό
621 4789 721 4858 τῆς
747 4787 1032 4858 θεολογίας
1055 4789 1366 4860 ἐπώνυμος,
1389 4792 1416 4846 ὅ
1446 4809 1538 4862 μοι
1585 4793 1686 4861 τὴν
1717 4794 1954 4848 διάνοιαν

369 4882 604 4950 ἵστησιν,
632 4884 724 4935 ἐπὶ
749 4882 857 4936 τῶν
889 4881 1304 4954 ὑποδειγμάτων
1347 4883 1644 4956 θεωροῦντι
1671 4883 1732 4938 rb
1755 4903 1954 4954 φαντα-

370 4974 619 5043 ζόμενον,
665 4975 804 5044 πλὴν
855 4975 1022 5039 εἴτις
1068 4976 1128 5030 ἐν
1160 4993 1211 5029 τι
1251 4975 1433 5031 λαϐὼν
1467 4979 1566 5046 τῆς
1615 4979 1828 5042 είκόνος
1861 4979 1951 5031 ὑπ’

369 5066 795 5137 εὐγνωμοσύνης
828 5068 894 5121 τὰ
921 5067 1092 5120 πολλὰ
1119 5068 1294 5139 ῥίψειε
1320 5084 1333 5097 θ
1357 5068 1454 5122 καί
1485 5069 1673 5123 πὰλιψ
1703 5071 1824 5124 Κᾶν
1842 5069 1952 5140 γὰρ

373 5162 549 5230 μικρά
580 5177 662 5224 τις
688 5160 947 5230 ὁμοίωσις
993 5160 1216 5231 εὑρεθῇ,
1254 5160 1446 5230 φεύγει
1487 5163 1548 5213 rb
1593 5161 1780 5215 πλεῖον
1815 5165 1952 5232 ἀφέν

371 5267 440 5320 με
478 5252 628 5304 κάτω
665 5252 805 5321 μετὰ
855 5254 954 5307 τοῦ
1009 5254 1442 5322 ὑποδείγματος·
1505 5255 1626 5307 ἐπεὶ
1673 5251 1768 5308 οὖν
1810 5255 1954 5310 οὕτω

365 5339 573 5411 ἀσθενῆ
609 5341 744 5413 πρὸς
768 5341 837 5395 τὰ
865 5342 989 5396 θεῖα·
1011 5345 1078 5398 τὰ
1108 5344 1263 5398 κάτω
1289 5344 1464 5398 ταῦτα
1496 5347 1591 5400 καὶ
1629 5345 1953 5416 ἀνθρώπινα

367 5435 770 5506 ὑποδείγματα,
795 5436 1071 5504 ἀναγκαῖά
1095 5453 1160 5505 γε
1195 5439 1302 5507 μὴν
1333 5437 1511 5502 ἄλλως
1553 5437 1622 5492 δι’
1641 5440 1794 5510 ἡμᾶς
1825 5440 1952 5504 τοὺς

366 5525 504 5594 πρὸς
527 5524 622 5588 οὓς
650 5527 678 5578 ὁ
711 5525 888 5591 λόγος,
919 5527 991 5589 ὼς
1029 5527 1126 5579 καὶ
1154 5527 1231 5596 τῷ
1258 5529 1538 5598 φιλοσόφῳ
1579 5529 1754 5600 τούτῳ
1778 5530 1950 5596 δοκεῖ,

366 5620 546 5670 ἐκεῖνο
583 5617 692 5670 τῶν
735 5617 1150 5689 ὑποδειγμάτων
1194 5620 1400 5690 μᾶλλον
1445 5621 1512 5676 ἂν
1561 5624 1646 5693 εἴη
1690 5623 1953 5692 ξυγγενὲς

366 5708 504 5776 πρὸς
534 5708 594 5760 rb
623 5707 1046 5776 είκονιζόμενον,
1075 5708 1171 5760 καί
1211 5707 1574 5778 κατάλληλον,
1604 5710 1745 5779 ὅπερ
1783 5726 1951 5780 προσ-

302 5794 310 5800 ’
364 5800 599 5869 αρμόζει
637 5801 860 5871 μᾶλλον,
909 5803 1003 5854 καὶ
1042 5799 1342 5856 οἰκειοῦται
1371 5802 1459 5856 διὰ
1495 5803 1781 5868 πλειόνων,
1812 5801 1949 5856 καθ·
1998 5812 2006 5820 ·

364 5899 490 5948 οσον
522 5890 633 5946 οἷόν
663 5910 745 5950 τε.

2053 2012 2170 2068 ἀλλ’
2195 2012 2494 2076 ὑπόστασις
2520 2012 2703 2066 τελεία
2749 2013 2814 2066 ἐκ
2849 2012 2948 2082 τῆς
2974 2011 3251 2082 πατρικῆς
3281 2011 3633 2072 ὑποστάσεως

2053 2103 2328 2174 γεννητῶς
2395 2106 2699 2174 προϊοῦσα,
2743 2103 2893 2168 ζῶσα
2941 2102 3064 2157 καθ’
3109 2102 3312 2173 ἐαυτὴν
3356 2101 3453 2154 καί⁸
3501 2099 3632 2168 ὑφε-

2055 2196 2258 2259 στῶσα,
2285 2197 2383 2252 καὶ
2412 2196 2734 2268 θεοπρεπῶς
2777 2195 3104 2265 ἐνεργοῦσα,
3145 2194 3281 2258 Θεὸς
3323 2193 3530 2257 τέλειος
3567 2194 3631 2245 ἐκ

2053 2289 2191 2344 Θεοῦ
2221 2289 2454 2355 τελείου,
2481 2291 2597 2358 φῶς
2619 2292 2684 2343 ἐκ
2707 2289 2908 2359 φωτὸς,
2927 2291 3019 2342 καὶ
3043 2287 3177 2360 ζωὴ,
3202 2288 3296 2341 καὶ
3327 2287 3512 2354 σοφία,
3535 2287 3631 2339 καὶ

2052 2381 2284 2452 δύναμις
2318 2383 2707 2448 ἐνυπόστατος,
2742 2384 2806 2436 ἐκ
2833 2382 3002 2452 ζωῆς,
3039 2384 3134 2436 καὶ
3173 2381 3386 2449 σοφίας,
3414 2381 3511 2433 καὶ
3543 2381 3635 2434 δυ-

2053 2475 2272 2544 νάμεως
2315 2475 2684 2529 ἐνυποστάτου
2727 2475 2902 2542 Λόγος
2951 2475 3338 2538 ἐνυπόστατος,
3368 2474 3467 2528 καὶ
3504 2473 3634 2538 Υἰδς

2056 2569 2236 2623 πάντα
2271 2567 2410 2640 ἔχων
2446 2569 2549 2623 ὅσα
2602 2569 2631 2622 ὑ
2683 2568 2876 2640 Πατὴρ
2908 2567 3050 2639 πλὴν
3083 2569 3187 2637 τῆς
3229 2569 3434 2635 αίτίας,
3488 2567 3633 2622 κατὰ

2053 2660 2226 2715 ταῦτα
2249 2659 2304 2714 δὲ
2332 2661 2431 2715 οὐκ
2461 2660 2527 2715 ἂν
2546 2660 2730 2715 είκόνα
2762 2661 2918 2732 σχοίη
2949 2661 3082 2715 ποτέ
3115 2661 3176 2714 rb
3202 2661 3318 2731 φῶς
3342 2661 3404 2714 rb
3449 2662 3514 2715 ἐκ
3539 2660 3631 2714 τοῦ

2054 2755 2251 2826 πυρός.

2136 2845 2203 2900 Ἦ
2259 2848 2445 2918 μέντοι
2499 2848 2704 2919 φυσικὴ
2750 2847 2846 2902 τοῦ
2880 2847 3019 2901 Θεοῦ
3063 2848 3334 2919 ἐνέργεια,
3368 2849 3464 2901 καί⁹
3513 2847 3636 2904 κατ’

2052 2935 2238 2991 ἐκεῖνα
2284 2939 2352 2992 τὰ
2401 2937 2643 3008 πρότερα
2697 2938 3050 3011 καταλλήλως
3100 2939 3305 3010 ἔχουσα
3354 2941 3494 3011 πρὸς
3534 2941 3636 3014 τὴν

2056 3032 2315 3102 ῥηθεῖσαν
2348 3034 2532 3087 είκόνα
2559 3032 2653 3088 τοῦ
2695 3035 2896 3104 φωτὸς,
2931 3035 3026 3089 καί
3060 3037 3170 3107 γὰρ
3199 3040 3294 3090 καί
3321 3038 3384 3089 ἐκ
3411 3038 3511 3107 τῆς
3536 3037 3632 3091 τοῦ

2052 3121 2190 3177 Θεοῦ
2243 3125 2430 3189 οὐσίας
2470 3127 2588 3179 ἐστὶ
2637 3126 2908 3193 φυσικῶς,
2958 3129 3053 3183 καὶ
3105 3130 3372 3200 προϊοῦσα
3421 3131 3634 3184 ἐκεῖθεν

2054 3217 2359 3288 ἀδιαίρετος
2409 3219 2563 3288 μένει
2601 3221 2699 3273 καὶ
2737 3224 2804 3293 τῇ
2842 3221 2996 3288 τάξει
3035 3222 3268 3287 δευτέρα
3312 3223 3415 3293 τῆς
3449 3241 3633 3294 πηγαι

2055 3305 2258 3380 ζούσης
2287 3311 2404 3364 ἐστὶ
2444 3311 2681 3380 φύσεως,
2717 3313 2796 3382 τῷ
2840 3315 3020 3384 χρόνῳ
3051 3315 3106 3367 δέ
3139 3313 3222 3380 οὐ,
3267 3317 3362 3368 καὶ
3401 3315 3462 3368 rb
3494 3317 3636 3386 ήνω-

2057 3399 2220 3470 μένον
2249 3400 2385 3468 ὁμοῦ
2420 3402 2514 3453 καὶ
2562 3401 2624 3454 rb
2675 3400 3098 3473 διακεκριμένον
3128 3403 3264 3475 ἔχει,
3301 3407 3397 3459 καὶ
3439 3405 3633 3468 τᾶλλα,

2054 3492 2285 3545 κάκεῖνα
2319 3491 2389 3544 τὰ
2430 3491 2634 3561 ὕστερα
2665 3493 2788 3560 μεθ’
2815 3495 3017 3564 ἑαυτῆς
3049 3494 3202 3550 οὐδὲν
3237 3491 3404 3566 ἦττον
3431 3496 3636 3567 ἔχουσα

2055 3577 2338 3647 φαίνεται·
2376 3583 2522 3651 φημί
2559 3580 2625 3651 δὴ
2655 3581 2715 3634 rb
2749 3582 2824 3652 μὴ
2856 3583 3178 3648 ὑπόστασις,
3215 3587 3247 3658 ἦ
3287 3587 3465 3652 οὐσία,
3495 3589 3638 3641 ἀλλὰ

2054 3671 2284 3741 δύναμις
2311 3666 2450 3726 εῖναι
2479 3674 2702 3744 μᾶλλον,
2723 3676 2782 3727 ἐν
2806 3679 2873 3745 τῇ
2906 3675 3065 3748 οὐσίᾳ
3087 3677 3164 3740 ὠς
3197 3679 3255 3730 ἐν
3283 3679 3635 3751 ὑποκειμένῳ

2055 3762 2444 3835 θεωρουμένηο
2495 3767 2726 3836 οὐδεμία
2776 3767 2887 3838 γὰρ
2936 3769 3191 3837 ἐνέργεια
3238 3771 3631 3837 ἐνυπόστατος,

2056 3859 2220 3924 φησὶν
2245 3857 2273 3909 ό
2307 3858 2485 3925 μέγας
2524 3855 2832 3925 Βασίλειος,
2858 3861 3144 3913 τουτέστιν
3184 3861 3593 3925 αὐθυπόστατος
3613 3878 3632 3896 ³

2056 3948 2150 4000 καὶ
2179 3947 2315 4016 πρός
2345 3964 2407 4016 γε
2433 3947 2537 4012 ἔτι,
2565 3949 2646 4001 ὅτι
2681 3949 2773 4001 καὶ
2805 3949 3042 4021 μεθεκτή
3080 3952 3199 4004 ἐστι
3242 3953 3385 4005 κατὰ
3415 3955 3516 4024 τήν
3540 3954 3635 4006 τοῦ

2056 4039 2234 4110 φωτὸς
2262 4039 2447 4108 φύσιν,
2481 4040 2788 4109 ἁμεθέκτου
2820 4042 2942 4096 κατ’
2976 4043 3167 4097 οὐσίαν
3204 4044 3298 4098 τοῦ
3338 4047 3513 4115 πυρὸς
3549 4047 3639 4099 δν-

2055 4153 2170 4201 τος,
2201 4136 2336 4206 ὅπερ
2367 4135 2623 4204 οὐδαμῶς
2646 4137 2794 4190 ἐστιν
2823 4138 3003 4190 εἰπεῖν
3030 4136 3124 4191 ἐπὶ
3151 4138 3245 4190 τοῦ
3283 4138 3415 4192 Υίοῦ
3442 4153 3456 4169 ⁶
3495 4142 3636 4210 ἀμέ-

2057 4228 2250 4291 θεκτος
2282 4227 2387 4297 γὰρ
2421 4225 2546 4280 καθ’
2584 4227 2781 4281 ἐαυτὸν
2830 4228 3064 4295 ἐκεῖνος,
3114 4226 3304 4300 ῶσπερ
3350 4228 3415 4300 δὴ
3463 4230 3561 4282 καὶ
3603 4231 3638 4281 ό

2057 4321 2270 4392 Πατὴρ,
2309 4320 2489 4374 καὶτὸ
2521 4319 2749 4390 Πνεῦμα
2781 4319 2843 4374 rb
2873 4319 3056 4388 ἅγιον.

2139 4415 2293 4467 Ἐπεὶ
2323 4414 2504 4467 τοίνυν
2537 4413 2812 4466 δέδεικται
2849 4412 2990 4465 κατὰ
3025 4411 3278 4475 πλείονας
3307 4413 3526 4480 λόγους,
3564 4415 3642 4466 εί-

2058 4508 2192 4561 κόνα
2233 4506 2538 4576 πεφυκέναι
2583 4505 2644 4558 rb
2684 4504 2818 4576 πῦρ,
2853 4505 2949 4558 καὶ
2984 4505 3044 4557 rb
3078 4503 3137 4570 ἐξ
3169 4504 3332 4558 αὐτοῦ
3365 4505 3502 4574 φῶς,
3538 4505 3641 4575 τῆς

2059 4600 2211 4661 θείας
2243 4594 2458 4663 οὐσίας,
2503 4598 2599 4652 καὶ
2626 4599 2726 4667 τῆς
2768 4597 3009 4667 φυσικῆς
3044 4597 3214 4666 αὐτῆς
3261 4598 3570 4669 ἐνεργείας,
3603 4598 3636 4668 ἢ

2055 4694 2150 4748 τοῦ
2194 4695 2408 4762 Πατρός
2452 4682 2510 4745 τε
2563 4693 2658 4744 καὶ
2699 4691 2792 4745 τοῦ
2845 4691 2999 4758 Υίοῦ,
3051 4690 3255 4760 μᾶλλον
3301 4691 3368 4745 ἂν
3412 4691 3508 4761 εῐην
3544 4693 3642 4746 καὶ

2056 4788 2501 4858 προσφυέστερον
2536 4785 2764 4838 ἐκείνων
2798 4785 3155 4855 παράδειγμα
3186 4784 3218 4856 ἢ
3256 4783 3484 4840 τούτων.
3530 4785 3640 4838 Καὶ

2056 4880 2280 4942 εἰκότως
2298 4879 2402 4952 καὶ
2435 4880 2576 4931 κατὰ
2598 4877 2689 4930 rbv
2715 4877 3062 4948 προσήκοντα
3086 4875 3244 4944 λόγον
3272 4878 3305 4946 ἠ
3332 4877 3442 4930 τῶν
3470 4877 3643 4931 Πατέ-

2058 4991 2168 5043 ρων
2203 4973 2420 5034 σύνοδος
2447 4970 2754 5042 ἐχρήσαντο
2792 4969 2991 5041 τούτῳ,
3031 4970 3122 5022 καὶ
3157 4969 3230 5038 τῷ
3270 4968 3452 5040 σεπτῷ
3475 4966 3641 5021 δεδώ-

2056 5083 2186 5119 κασι
2217 5065 2368 5134 τόμῳ
2403 5063 2461 5117 rb
2502 5062 2786 5132 ἡνωμένον
2829 5078 2888 5115 τε
2933 5061 3028 5115 καὶ
3065 5060 3508 5130 διακεκριμένον,
3545 5057 3640 5112 καὶ

2054 5158 2115 5213 rb
2141 5159 2463 5230 άδιαιρέτως
2485 5158 2550 5210 ἐκ
2572 5157 2670 5226 τῆς
2699 5155 2847 5220 θείας
2875 5155 3061 5218 οὐσίας
3089 5153 3339 5224 προϊέναι
3362 5153 3461 5220 τὴν
3486 5151 3640 5203 θείαν

2056 5252 2339 5324 ἐνέργειαν
2374 5249 2764 5318 παριστάντες,
2801 5249 2895 5302 καὶ
2925 5245 3120 5318 ψεῦδος
3154 5245 3417 5313 ἄντικρυς
3451 5241 3518 5295 τὰ
3546 5241 3641 5293 τοῦ

2056 5347 2334 5417 Γρηγορᾶ.
2364 5345 2460 5398 καὶ
2500 5343 2709 5406 κακῶς,
2743 5342 2836 5395 καὶ
2867 5339 3147 5402 δυσσεϐῶς
3176 5337 3319 5391 κατὰ
3360 5336 3460 5405 τῆς
3517 5334 3643 5387 Ἐκ.-

2056 5439 2293 5507 κλησίας
2333 5438 2426 5490 καὶ
2457 5434 2616 5488 τοῦτο
2647 5435 2706 5488 rb
2751 5433 2908 5504 βέλος
2937 5432 3140 5500 ἀφῆκε.
3187 5430 3280 5480 Δεῖ
3307 5427 3366 5481 δέ
3402 5426 3496 5480 καὶ
3528 5427 3642 5486 τοῖς

2057 5530 2391 5596 θεολογικοῖς
2428 5529 2526 5581 καὶ
2575 5527 2869 5596 πατρικοῖς
2924 5524 3108 5592 λόγοις
3165 5518 3544 5573 πιστώσασθαι
3574 5517 3642 5569 τα

2056 5624 2313 5694 ῥηθέντα,
2341 5622 2429 5675 ἵνα
2479 5620 2554 5690 μή
2583 5637 2694 5673 τισι
2727 5618 2973 5688 δόξωμεν
3004 5613 3192 5676 ἁπλῶς
3241 5615 3309 5666 τὰ
3350 5609 3481 5681 παρ’
3517 5609 3644 5662 ἐαυ-

2055 5715 2163 5782 τῶν
2217 5715 2422 5782 λέγειν.
2465 5711 2659 5765 Ἥλιον
2709 5707 3077 5778 ἐνεθυμήθην,
3133 5705 3229 5758 καὶ
3279 5705 3494 5770 ἀκτῖνα,
3550 5701 3642 5754 καὶ

2057 5805 2197 5873 φῶς,
2222 5805 2390 5872 φησιν
2418 5805 2445 5855 ὁ
2484 5804 2582 5871 τῆς
2613 5799 2894 5868 θεολογίας
2935 5796 3127 5858 στῦλος
3151 5794 3474 5866 Γρηγόριος,
3510 5792 3642 5865 περί

2059 5913 2116 5952 τε
2156 5895 2250 5951 τοῦ
2303 5893 2616 5966 ὁμοουσίου,
2652 5893 2745 5949 καὶ
2805 5891 2870 5964 δὴ
2921 5890 3014 5946 καὶ
3059 5887 3155 5942 τοῦ
3197 5886 3508 5960 ἡνωμένον,
3544 5888 3638 5939 κα)⁸
