4090 6442
463 408 581 473 817

1533 403 1958 468 PHILOTHEI
1998 405 2108 469 CP.
2154 405 2672 468 ΡΑΤΒΙΑΒΟΗᾹζ

3628 399 3729 464 858

472 515 893 588 διακεκριμένον
918 515 1016 588 τῆς
1036 514 1300 589 ᾁνωτάτω
1326 514 1558 586 Τριάδος
1579 514 1863 582 θεολογῶν.
1885 513 2048 568 Ἀλλά
2077 520 2129 580 Α
2154 517 2308 572 Υίοῦ.
2353 519 2412 572 ’0
2445 519 2544 588 μὲν
2572 517 2681 588 γὰρ
2716 515 3036 588 μονογενὴς,
3065 515 3232 590 φησὶν
3250 556 3266 583 ,
3293 515 3421 580 Υἰὸς
3463 514 3558 570 τοῦ
3597 516 3729 570 Θεοῦ

475 609 778 672 κάνταῦθα,
811 609 964 677 φησί,
1017 608 1135 670 δέος
1169 606 1390 677 πρῶτον
1434 607 1534 676 μὲν
1567 607 1644 676 μὴ
1679 605 1932 669 σύνθεσίς
1971 622 2056 668 τις

474 702 761 770 ἐπι-νοῆται
805 703 904 771 τῆς
951 699 1247 754 ἀσυνθέτου
1279 699 1517 768 φύσεως,
1557 697 1746 767 ὥσπερ
1772 697 1928 767 ἡλίου
1957 695 2055 748 zeal

475 795 584 848 τῶν
615 797 672 849 ἐν
709 794 845 865 ἡλίῳ
864 809 880 826 ο
911 792 1162 860 δεύτερον
1185 792 1239 846 δὲ
1273 792 1350 862 μὴ
1374 791 1462 844 τὸν
1483 792 1702 860 Πατέρα
1734 791 1834 860 μὲν
1860 788 2057 842 οὐσιώ-

477 905 685 959 σωμεν,
733 887 823 940 τὸν
861 885 991 939 Υἰὺν
1038 885 1096 939 δὲ
1141 884 1235 937 zeal
1268 883 1329 936 16
1360 883 1583 952 Πνεῦμα
1621 882 1697 953 μὴ
1730 882 2054 952 ὑποστήσω-

480 999 600 1050 μεν,
647 979 785 1033 ἀλλὰ
823 979 1084 1047 δυνάμεις
1132 977 1286 1038 τινὰς
1330 977 1672 1045 ποιήσωμεν,
1717 974 2059 1044 ἐνυπαρχού-

478 1090 600 1136 σας.
631 1072 730 1141 οὐχ
777 1070 1123 1140 ὑφεστώσας.
1158 1069 1296 1123 Οὐδέ
1331 1067 1442 1138 γὰρ
1489 1067 1651 1129 ἀκτὶς
1692 1067 1850 1128 ἄλλος
1879 1067 2055 1137 ἥλιος,

479 1165 592 1218 ἀλλ’
618 1162 843 1236 ἡλιακαί
870 1177 1014 1223 τινες
1057 1159 1348 1231 ἀπόρροιαι
1410 1158 1503 1211 καὶ
1537 1157 1824 1227 ποιότητες
1852 1153 2060 1210 οὐσιῶ-

479 1257 613 1318 δεις.

559 1347 726 1418 Ὀρᾷς
753 1348 892 1416 ὅπερ
919 1345 1128 1414 ελεγον,
1156 1345 1240 1398 ὅτι
1275 1343 1337 1397 16
1382 1340 1476 1396 τοῦ
1513 1340 1684 1411 πυρός
1723 1357 1785 1393 τε
1831 1340 1925 1394 zeal
1961 1338 2056 1394 τοῦ

479 1441 658 1508 φωτὸς
689 1439 1060 1510 παράδειγμα,
1089 1437 1220 1490 αὐτὸ
1245 1436 1300 1489 δὲ
1331 1436 1509 1488 εἰπεῖν
1537 1433 1631 1488 τοῦ
1654 1433 1810 1504 ηλίου
1841 1433 1935 1487 zeal
1956 1432 2058 1503 τῆς

479 1531 718 1594 ἀκτῖνος,
752 1527 952 1600 μᾶλλον
980 1529 1047 1597 τῇ
1073 1526 1192 1598 θεία
1215 1526 1375 1596 οὐσίᾳ
1393 1524 1486 1577 zeal
1508 1525 1576 1594 τῇ
1602 1523 1858 1593 ἐνεργείᾳ
1884 1538 2058 1592 προσ-

392 1638 403 1646 ·
481 1621 752 1690 ἡκουσινῆ
779 1624 856 1690 τῷ
884 1619 1058 1689 Πατρί
1085 1619 1181 1672 zeal
1206 1618 1283 1688 τῷ
1304 1616 1420 1686 Υἰῷ
1447 1618 1537 1684 ;'0
1562 1616 1660 1686 μὲν
1685 1615 1794 1685 γὰρ
1817 1615 2058 1669 ὑπόστα-

482 1732 564 1777 σις
590 1713 769 1768 τελεία
791 1711 849 1776 ἐξ
876 1712 1229 1774 ὑποστάσεως
1261 1709 1496 1773 τελείας,
1524 1710 1620 1762 zeal
1642 1707 1782 1773 δέος,
1826 1709 1993 1777 φησὶν
2029 1708 2058 1762 6

481 1803 752 1871 θεολόγος,
791 1805 870 1874 μὴ
892 1803 985 1856 16v
1015 1802 1239 1870 Πατέρα
1266 1799 1366 1872 μὲν
1397 1799 1777 1870 οὐσιώσωμεν,
1803 1799 1896 1852 16v
1929 1797 2060 1852 Υίδν

2157 612 2225 664 ἐκ
2263 611 2357 664 τοῦ
2397 611 2616 680 Πατρὸς
2647 608 2936 680 γεννηθεὶς
2972 610 3314 680 ἁχωρίστως,
3349 609 3444 662 zeal
3486 611 3545 662 ἐν
3587 610 3734 680 αὐτῷ

2161 700 2342 770 μένων
2371 702 2480 766 ἀεὶ,
2515 701 2632 771 εχει
2673 701 2812 754 ἰδίαν
2842 701 3145 754 ὑπόστασιν
3175 701 3326 770 παρὰ
3363 699 3462 770 τὴν
3496 698 3593 752 τοῦ
3626 702 3736 754 Πα-

2156 792 2317 863 τρός*
2358 794 2393 864 ἡ
2443 792 2500 846 δὲ
2544 793 2642 847 τοῦ
2673 793 2832 862 ἡλίου
2867 793 3025 852 ἀκτὶς
3073 792 3169 846 καὶ
3200 792 3261 845 16
3301 792 3418 862 φῶς
3449 793 3509 846 16
3537 794 3600 847 ἐκ
3639 792 3735 847 τοῦ

2158 885 2658 957 πυρὸς,ἀπόῤῥοιαί
2694 886 2840 950 τινές
2873 888 3011 939 εἰσιν
3039 884 3288 949 ἐκείνων,
3324 887 3419 937 zeal
3449 886 3736 955 ποιότητες

2157 978 2440 1040 οὐσιώδεις
2503 979 2595 1032 zeal
2636 979 2888 1046 φυσικαὶ,
2937 977 3042 1031 οὐκ
3090 976 3229 1030 ἰδίαν
3257 977 3557 1030 ὑπόστασιν
3585 977 3740 1046 ἐχου-

2161 1089 2274 1136 σαι,
2305 1070 2424 1124 ἀλλ’
2457 1072 2514 1124 ἐν
2545 1070 2786 1134 ἐκείναις
2814 1073 2938 1133 ταῖς
2968 1070 3164 1138 φύσεσι
3187 1068 3587 1139 θεωρούμεναι,
3614 1068 3644 1122 δ
3669 1069 3736 1139 δὴ
3799 1113 3814 1130 ,

2160 1163 2259 1216 zeal
2308 1163 2649 1233 κατάλληλόν
2697 1165 2816 1217 ἐστι
2866 1164 3106 1232 μάλιστα
3132 1165 3199 1232 τῇ
3236 1165 3446 1231 φυσικῇ
3477 1162 3571 1214 τοῦ
3599 1161 3738 1216 Θεοῦ

2159 1255 2443 1327 ἐνεργείᾳ,
2477 1257 2623 1311 καθὰ
2659 1256 2725 1327 δὴ
2764 1256 2855 1310 zeal
2882 1256 3062 1322 δείξας
3082 1258 3110 1308 6
3140 1257 3298 1324 λόγος
3329 1255 3490 1325 ἔφθη.
3521 1256 3596 1308 Οὐ
3629 1258 3740 1327 γὰρ

2152 1347 2303 1401 έδίαν
2347 1348 2648 1404 ὑπόστασιν
2679 1348 2810 1418 ἔχει,
2844 1350 2962 1404 ἀλλ’
2991 1351 3050 1402 ἐν
3075 1351 3140 1420 τῇ
3179 1349 3301 1421 θείᾳ
3346 1353 3441 1405 καὶ
3473 1333 3742 1420 τρισυπο-

2162 1438 2346 1510 στάτῳ
2395 1438 2686 1510 θεωρεῖται
2747 1441 2933 1511 φύσει,
2995 1437 3084 1497 οἷα
3133 1443 3198 1514 δὴ
3257 1442 3488 1512 φυσικὸν
3543 1444 3742 1515 ἰδίωμα

2160 1531 2367 1602 ταύτης
2395 1533 2488 1587 zeal
2522 1533 2792 1602 οὐσιώδης
2824 1533 3075 1605 δύναμις.
3127 1516 3450 1606 Ὀπερ’γάρ
3499 1537 3648 1591 ἐστιν
3679 1541 3741 1591 ἐν

2160 1623 2402 1688 ἐκείναις
2446 1627 2568 1686 ταῖς
2598 1626 2813 1689 οὐσίαις
2840 1627 2872 1697 η
2904 1627 3111 1698 φυσική
3161 1629 3256 1682 zeal
3283 1629 3550 1701 οὐσιώδης
3580 1631 3740 1684 ποιό·

2160 1731 2282 1782 της,
2319 1717 2417 1770 καὶ
2457 1716 2516 1768 16
2550 1717 2921 1787 συμϐεϐηκὸς,
2962 1719 3109 1772 τοῦτ’
3149 1720 3298 1774 ἐστὶν
3327 1722 3420 1775 ἐπὶ
3456 1721 3556 1792 τῆς
3589 1722 3740 1787 θείας

2162 1806 2260 1860 καὶ
2289 1808 2606 1872 ἀσυνθέτου,
2655 1811 2748 1863 zeal
2779 1811 2958 1879 ἁπλῆς
2997 1811 3188 1875 οὐσίας
3226 1813 3371 1866 κατὰ
3407 1815 3534 1877 τοὺς
3561 1814 3741 1869 θεολό·

477 1899 534 1951 δὲ
581 1900 674 1952 zeal
727 1897 788 1950 16
840 1894 1064 1967 Πνεῦμα
1115 1896 1174 1949 οὐ
1211 1895 1333 1966 καθ’
1379 1893 1679 1948 ὑπόστασιν
1737 1892 1875 1946 ἰδίαν
1915 1888 2056 1946 εἶναι
2089 1889 2132 1946 Β
2163 1914 2296 1967 γους
2341 1900 2596 1970 Πατέρας
2621 1901 2690 1954 τὰ
2723 1901 2932 1969 φυσικὰ
2970 1903 3259 1974 ἰδιώματα·
3302 1905 3337 1959 ἃ
3361 1905 3424 1977 δὴ
3451 1907 3544 1959 καί
3583 1908 3739 1960 ποιό-

475 1991 764 2060 φήσωμεν,
802 1989 939 2044 ἀλλὰ
971 1990 1235 2058 δυνάμεις
1271 1987 1426 2050 τινὰς
1462 1987 1782 2058 ποιήσωμεν
1820 1985 2060 2054 ἐνυπαρ-

476 2082 705 2152 χούσας,
735 2083 836 2153 οὐχ
877 2063 1236 2151 ὑφεστώσας·
1273 2079 1332 2132 αἰ
1369 2078 1426 2131 δὲ
1470 2078 1617 2132 θεῖαι
1663 2078 1936 2148 ἐνέργειαι
1967 2077 2061 2130 δυ-

477 2177 674 2245 νάμεις
699 2174 983 2239 οὐσιώδεις
1024 2173 1186 2239 εἰσιν,
1220 2173 1280 2226 οὐ
1317 2171 1444 2225 καθ’
1475 2171 1676 2234 ἑαυτὰς
1721 2170 2057 2238 ὑφεστῶσαι,

478 2267 594 2320 ἀλλ’
637 2265 1046 2337 ἐνυπάρχουσαι
1074 2266 1141 2334 τῇ
1172 2262 1355 2334 οὐσία,
1401 2260 1430 2315 6
1475 2261 1541 2332 δὴ
1599 2260 1802 2332 μᾶλλον
1837 2259 1932 2313 zeal
1983 2259 2061 2312 οἰ-

479 2361 756 2430 κειότερον
786 2358 848 2411 16
887 2356 980 2411 τοῦ
1009 2356 1161 2426 ἡλίου
1195 2356 1292 2409 zeal
1320 2357 1420 2426 τῆς
1452 2356 1670 2418 ἀκτῖνος
1705 2353 2058 2422 παράδειγμα

474 2453 771 2526 βούλεσθαί
808 2468 976 2523 φησιν
1003 2453 1032 2504 6
1063 2449 1311 2517 θεολόγος
1346 2446 1692 2509 διδάσκαλος.

553 2548 621 2600 ‘0
657 2547 718 2601 δέ
769 2543 1028 2616 συμφυὴς
1075 2542 1254 2612 τούτῳ
1308 2541 1404 2596 zeal
1461 2541 1764 2609 σύμπνους,
1795 2539 1824 2591 6
1883 2537 2060 2609 μέγας

478 2641 624 2710 φημί
654 2637 952 2700 Βασίλειος,
968 2634 1064 2688 zeal
1084 2635 1251 2702 ἄμφω
1271 2633 1340 2686 τὰ
1363 2630 1789 2702 παραδείγματα
1819 2645 2060 2692 συναγα-

478 2731 595 2799 γὼν
631 2733 708 2792 εἰς
752 2728 831 2792 ἓν,
875 2728 934 2781 τό
971 2743 1032 2779 τε
1071 2724 1165 2778 τοῦ
1201 2724 1354 2795 ἡλίου
1415 2723 1511 2776 zeal
1563 2722 1625 2775 16
1679 2722 1779 2791 τῆς
1838 2719 2054 2782 άκτῖνός

475 2840 650 2894 φημι,
683 2824 776 2874 zeal
806 2818 872 2890 δὴ
923 2819 1018 2873 zeal
1052 2817 1114 2870 16
1144 2816 1239 2869 τοῦ
1293 2814 1465 2886 πυρὸς
1518 2815 1616 2867 zeal
1658 2812 1752 2866 τοῦ
1799 2810 1858 2878 ἐξ
1891 2811 2055 2865 αὐτοῦ

478 2913 662 2985 »φωτὸς
724 2914 800 2984 τῷ
841 2911 1124 2981 Πνεῦματι
1179 2907 1258 2979 τῷ
1315 2908 1476 2978 ἁγίῳ.
1508 2907 1606 2962 zeal
1653 2909 1719 2978 τῇ
1782 2905 1841 2970 ἐξ
1891 2903 2057 2958 αὐτοῦ

481 3005 748 3077 προῖούσῃ
776 3001 1022 3069 φυσικῶς
1049 3000 1298 3071 ἐνεργείᾳ
1321 3001 1415 3054 zeal
1439 2999 1624 3070 χάριτι
1649 2997 1888 3063 δίδωσιν,
1911 2996 2060 3054 οὕτω

479 3099 690 3163 λέγων·
741 3096 888 3147 Ἐκεῖ
939 3092 998 3146 16
1052 3091 1279 3160 Πνεῦμα
1317 3091 1378 3144 16
1427 3089 1603 3159 ἅγιον,
1652 3091 1786 3144 ὅπου
1833 3091 1862 3142 6
1905 3090 2059 3158 Υἰὺς,

481 3192 579 3242 zeal
607 3191 739 3243 ὅπου
770 3189 797 3240 6
831 3187 1040 3258 Πατὴρ,
1087 3186 1265 3239 πάντα
1317 3185 1442 3256 ἕχον
1471 3186 1564 3239 zeal
1593 3185 1726 3239 αὐτὸ
1761 3203 2059 3240 συνουσιω-

487 3286 664 3352 μένως
716 3281 856 3335 κατὰ
900 3281 999 3349 τὴν
1046 3278 1232 3348 φύσιν.
1283 3278 1389 3331 Kal
1433 3277 1572 3348 μετὰ
1627 3269 1857 3348 μικρόν⁶
1918 3278 2058 3332 Ἀλλ’

484 3375 673 3443 ὥσπερ
709 3371 1014 3442 ἀχώριστον
1044 3368 1122 3440 τῷ
1154 3369 1288 3438 πυρί
1321 3369 1380 3421 16
1417 3367 1754 3437 θερμαίνειν,
1792 3368 1888 3422 zeal
1919 3369 2060 3436 φωτί

480 3467 544 3518 16
597 3445 856 3534 λάμπειν,
919 3461 1063 3514 οὕτω
1115 3460 1193 3531 τῷ
1247 3457 1528 3528 Πνεύματι
1586 3459 1647 3511 16
1687 3458 1957 3527 ἁγιάζειν,
1997 3457 2060 3512 16

478 3559 794 3622 ζωοποιεῖν,
832 3558 864 3626 ἡ
904 3553 1269 3623 ἁγαθότης,ή
1319 3552 1587 3622 εὐθύτης·
1644 3552 1736 3604 zeal
1793 3549 1980 3622 ὥσπερ
2030 3552 2059 3604 6

479 3650 632 3718 ἥλιος
689 3647 1018 3717 ἐπιλάμπων
1072 3647 1184 3706 τοῖς
1223 3645 1462 3714 σώμασι,
1501 3644 1594 3696 zeal
1648 3643 1909 3705 ποικίλως
1965 3640 2058 3695 ὐπ’

479 3741 662 3793 αὐτῶν
695 3736 1245 3810 μετεχὸμενος,οὐδὲν
1275 3733 1590 3788 ἐλαττοῦται
1615 3736 1765 3806 παρὰ
1794 3734 1901 3788 τῶν
1929 3751 2060 3804 μετα

464 3833 737 3903 .εχόντων,
773 3831 917 3884 οὑτω
945 3829 1002 3882 16
1039 3827 1262 3899 Πνεῦμα
1309 3829 1444 3881 πᾶσι
1492 3828 1592 3898 τὴν
1647 3824 1846 3880 ἐαυτοῦ
1895 3826 2058 3897 χάριν

469 3931 722 3999 ,παρέχον
763 3929 1034 3998 άμείωτον
1069 3925 1243 3996 μένει,
1275 3925 1373 3978 zeal
1401 3923 1729 3994 ἀδιαίρετον.

537 4022 663 4072 ηΚαὶ
695 4022 730 4073 ,ό
780 4017 1040 4087 θεοφόρος
1089 4016 1145 4069 δέ
1201 4014 1560 4085 Δαμασκηνὸς
1605 4013 1706 4082 τὴν
1752 4012 1846 4066 τοῦ
1884 4013 2058 4082 πυρὸς

467 4108 580 4178 ,καὶ
611 4105 705 4159 τοῦ
749 4105 924 4173 φωτὸς
971 4103 1176 4173 ταύτην
1227 4102 1414 4181 εἰκόμμ
1463 4101 1602 4155 κατὰ
1648 4103 1775 4163 τοὺς
1806 4102 2055 4173 προρρη-

485 4200 678 4262 θέντας
715 4196 918 4269 δηλαδὴ
943 4196 1223 4264 θεολόγους
1253 4197 1346 4248 ἐπὶ
1373 4194 1582 4264 [ἰατρὸς
1621 4195 1712 4246 zeal
1752 4193 1882 4248 Υίοῦ
1912 4194 2056 4261 λαμ-

481 4291 682 4353 ϐάνων,
715 4289 883 4359 ἀτελῆ
910 4289 1050 4342 κατὰ
1074 4287 1200 4351 τοὺς
1223 4287 1334 4357 ἥδη
1371 4286 1662 4356 λεχθέντας
1693 4287 1826 4355 ἡμῖν
1861 4285 2058 4354 λόγους

478 4380 688 4449 ταύτην
717 4380 878 4443 εὐθὺς
915 4379 1180 4434 δείκνυσι.
1231 4379 1370 4449 Φησὶ
1403 4379 1529 4448 γάρ·
1580 4378 1794 4448 Ὥσπερ
1841 4379 1902 4431 16
1939 4378 2057 4447 φῶς

481 4477 547 4526 ἐκ
579 4472 671 4525 τοῦ
700 4473 872 4542 πυρὸς
906 4471 1249 4540 γεννώμενον
1302 4471 1386 4522 ἀεὶ
1433 4478 1489 4522 ἐν
1527 4470 1676 4537 αὐτῴ
1716 4471 1853 4535 ἐστι,
1889 4471 2058 4540 μηδα-

2162 1990 2331 2062 τητάς
2365 2009 2513 2056 τινες
2567 1995 2804 2063 φυσικὰς
2837 1995 2948 2049 τῶν
2999 1995 3267 2066 θεολόγων
3323 1999 3552 2055 ἐκείνων
3585 2000 3741 2071 εἰρή-

2162 2102 2319 2149 κασι,
2353 2088 2657 2156 σαφηνείας
2695 2088 2880 2155 ἕνεκα,
2914 2089 3011 2144 καὶ
3048 2089 3143 2142 τοῦ
3175 2089 3348 2157 δεῖξαι
3373 2091 3465 2144 τὸν
3499 2093 3739 2162 Χριστὸν

2161 2177 2520 2249 καταλλήλως
2543 2181 2661 2244 ταῖς
2689 2179 2895 2243 διτταῖς
2923 2181 3092 2237 αὐτοῦ
3119 2182 3341 2252 φύσεσι,
3377 2183 3474 2238 zeal
3495 2185 3565 2241 τὰ
3584 2187 3742 2241 διττὰ

2162 2270 2376 2341 φυσικὰ
2416 2270 2724 2342 θελήματα,
2769 2273 2866 2327 zeal
2906 2272 3007 2338 τὰς
3041 2276 3280 2343 φυσικὰς
3314 2276 3614 2346 ἐνεργείας,
3660 2281 3742 2344 ὡς

2161 2364 2270 2418 τδια
2297 2363 2406 2418 τῶν
2446 2364 2612 2418 αὐτοῦ
2655 2364 2873 2433 φύσεων
2906 2366 3161 2435 φυσικῶς
3199 2368 3568 2438 κεκτημένον.

2233 2455 2301 2508 '0
2329 2471 2393 2523 τε
2437 2455 2546 2526 μὴν
2576 2455 2867 2525 Γρηγοράς
2899 2457 3037 2529 μήτε
3082 2455 3160 2526 τῷ
3195 2458 3462 2530 ὴνωμένῳ
3499 2459 3596 2528 τῆς
3623 2459 3743 2513 θεό-

2160 2563 2344 2616 τητος,
2370 2550 2508 2618 μήτε
2538 2547 2615 2617 τῷ
2643 2547 3051 2619 διακεκριμένῳ
3075 2548 3283 2620 ταύτης
3332 2548 3652 2621 θεοπρεπῶς
3675 2568 3740 2606 τε

2162 2639 2258 2692 zeal
2303 2639 2634 2707 θεολογικῶς
2677 2640 2990 2696 ἐπιϐάλλων
3025 2641 3334 2714 μηδοτιοῦν,
3384 2645 3588 2714 μᾶλλον
3636 2647 3740 2715 μὲν
3847 2711 3854 2716 ,

2160 2731 2253 2786 οῦν
2284 2733 2380 2786 zeal
2411 2731 2509 2803 τὴν
2541 2735 2726 2804 φωνὴν
2755 2735 2852 2788 zeal
2883 2737 3011 2797 τοὺς
3032 2737 3227 2805 λόγους
3253 2739 3397 2793 κατὰ
3421 2739 3528 2792 τῶν
3552 2742 3738 2794 ἐκεῖνα

2163 2823 2561 2894 θεολογούντων
2591 2827 2932 2885 διδασκάλων
2953 2830 3195 2896 ὁπλίζων
3227 2832 3436 2899 κακῶς,
3461 2833 3511 2886 εἰ
3532 2835 3624 2888 zeal
3641 2837 3741 2890 τδν

2161 2914 2350 2988 τόμον,
2383 2920 2476 2971 zeal
2499 2919 2630 2982 τοὺς
2653 2919 2859 2974 ἐκεῖνον
2894 2921 3054 2990 ἰερῶς
3074 2922 3460 2987 ὲκτεθεικότας
3488 2926 3742 2999 Πατέρας

2163 3007 2566 3080 σχηματίξεται
2589 3009 2771 3078 δῆθεν,
2803 3010 2901 3066 zeal
2921 3013 2987 3083 ἣν
3017 3012 3190 3082 μόνην
3209 3015 3384 3070 ἐδόκει
3411 3017 3742 3088 πρεσϐεύειν

2162 3102 2439 3168 διάκρισιν
2493 3102 2586 3155 ἐπὶ
2629 3101 2742 3158 τῶν
2791 3104 3103 3174 θεαρχικῶν
3137 3107 3239 3177 τῆς
3281 3108 3534 3180 θεότητος
3569 3127 3741 3181 προσ.

2162 3190 2351 3254 ώπων,
2377 3190 2472 3243 καί
2503 3189 2713 3262 ταύτην
2743 3193 3018 3259 ἀπώλεσε,
3038 3195 3140 3264 φεῦ
3162 3197 3174 3249 ι
3213 3197 3349 3252 Οὐδὲ
3375 3201 3484 3270 γὰρ
3506 3201 3746 3260 ὑποστά-

2171 3302 2284 3350 σεις
2320 3286 2456 3357 φησί
2489 3289 2659 3359 τρεῖς,
2693 3287 2815 3342 οὐδέ
2847 3291 3078 3354 ταύταις
3108 3291 3486 3363 διακρίνεσθαι
3524 3294 3617 3350 16v
3643 3297 3745 3352 ἕνα

2166 3377 2314 3447 λέγει
2343 3379 2498 3444 Θεὸν,
2526 3381 2670 3435 κατά
2693 3398 2757 3450 γε
2788 3381 2878 3436 τὸν
2908 3383 3010 3452 τῆς
3038 3384 3296 3447 εὐσεϐοῦς
3317 3387 3476 3457 ἡμῶν
3503 3389 3745 3455 πίστεως

2165 3469 2291 3540 ὅρον
2322 3471 2416 3523 καὶ
2449 3470 2630 3541 λόγον,
2680 3474 2773 3526 καὶ
2804 3473 2900 3538 τὰς
2935 3475 3148 3529 ἐκεῖθεν
3189 3477 3486 3549 ὑπερφυεῖς
3519 3480 3744 3546 ἐντολάς

2164 3579 2225 3616 τε
2261 3562 2355 3616 zeal
2389 3563 2746 3634 παραδόσεις.

2249 3655 2391 3709 Ἀλλ’
2421 3655 2609 3728 ἐπειδὴ
2639 3656 2701 3709 16
2733 3656 2946 3728 Πατρὸς
2977 3657 3150 3728 ὄνομα
3190 3662 3285 3715 καὶ
3315 3661 3450 3716 Υἰοῦ
3500 3662 3746 3734 σχέσεως

2165 3745 2402 3817 ἤκουσεν
2425 3745 2667 3815 ὀνόματα
2687 3751 2824 3815 πρὸς
2841 3747 2971 3812 τοὺς
2995 3751 3304 3820 αἰρετικοὺς
3336 3751 3444 3805 τῶν
3471 3752 3741 3822 θεολόγων

2165 3839 2460 3903 εἰπόντων,
2498 3837 2658 3900 αὐτὸς
2685 3838 2747 3892 16
2788 3839 2896 3893 τῶν
2927 3840 3300 3909 ὑποστάσεων,
3336 3844 3431 3897 zeal
3457 3843 3520 3914 δὴ
3552 3846 3645 3898 καὶ
3674 3846 3739 3899 16

2163 3929 2275 3984 τῶν
2309 3929 2618 4000 προσώπων
2658 3925 2877 3999 ἀφελὼν
2907 3931 3098 4004 ὄνομα,
3133 3935 3318 4004 σχέσει
3351 3935 3490 4009 μόνῃ
3521 3937 3738 4008 διακρί-

2165 4021 2354 4073 νεσθαι
2377 4020 2527 4090 λέγει
2557 4021 2648 4077 16v
2677 4022 2918 4093 Πατέρα,
2943 4025 3038 4076 zeal
3071 4024 3164 4078 τὸν
3191 4023 3338 4094 Υἰὸν,
3372 4028 3470 4081 καί
3496 4030 3556 4081 16
3581 4027 3737 4096 ἆγιον

2165 4113 2412 4184 Πνεῦμα,
2453 4117 2648 4187 καινήν
2679 4132 2802 4168 τινα
2829 4118 2923 4170 zeal
2951 4117 3094 4186 ἀήθη
3127 4119 3311 4187 φωνὴν
3334 4120 3738 4188 ,ἐπεισαγαγὼν

2164 4208 2228 4276 τῇ
2254 4205 2505 4278 θεολογίᾳ
2528 4207 2627 4277 τῆς
2664 4211 2940 4278 μακαρίας
2972 4210 3203 4279 Τριάδος
3227 4212 3346 4264 ἀντὶ
3373 4213 3467 4282 τῆς
3501 4213 3727 4281 Πατρός.

2164 4298 2259 4352 zeal
2283 4297 2437 4365 Υίοῦ,
2463 4299 2556 4352 zeal
2578 4300 2736 4368 άγῗου
2769 4302 3104 4370 Πνεύματος,
3132 4301 3197 4372 ἥν
3228 4318 3361 4373 φησι
3392 4304 3594 4372 σχέσιν.
3625 4305 3735 4357 Καὶ

2165 4391 2216 4442 εἰ
2241 4390 2346 4461 μὲν
2375 4391 2591 4460 ἐκείνην
2621 4393 2925 4464 προτιθεὶς,
2955 4395 3099 4464 φημί
3129 4394 3194 4465 δὴ
3223 4396 3324 4466 τὴν
3357 4395 3467 4449 τῶν
3501 4397 3737 4458 ὑποστάτ-

2167 4499 2307 4537 σεων
2367 4485 2523 4556 ἱεράν
2573 4485 2889 4554 θεολογίαν,
2967 4490 3085 4549 ταῖς
3147 4487 3325 4557 τρισὶν
3378 4488 3736 4543 ὑποστάσεσιν

484 4563 602 4634 μῶς
645 4563 810 4616 αίνιῖοὖ
849 4563 1253 4654 χωριζόμενονί
1274 4561 1418 4654 οὖτξυ
1467 4563 1566 4654 ξαὶ
1598 4565 1625 4615 ὁ
1664 4563 1788 4654 Υίὺς
1845 4565 1910 4616 ἐκ
1959 4562 2055 4617 τοῦ
2092 4591 2136 4646 ι)
2167 4575 2320 4641 ἔλεγε
2351 4578 2495 4631 κατὰ
2528 4578 2618 4631 τὸν
2657 4579 2764 4631 τῶν
2793 4579 3062 4646 θεολόγων
3085 4584 3179 4632 zeal
3210 4581 3316 4634 τῶν
3351 4581 3608 4650 Πατέρων
3641 4600 3735 4654 χο-

481 4654 695 4726 Πατρος
726 4655 1006 4723 γεννᾶται,
1035 4652 1296 4722 μηδαμῶς
1330 4650 1492 4704 αὐτοῦ
1519 4651 1910 4726 χωριζόμενος,
1940 4654 2058 4707 ἀλλ’

475 4748 567 4801 ἀεὶ
598 4749 654 4799 ἐν
682 4745 830 4816 αὐτῷ
859 4747 1056 4816 μένων.
1101 4745 1261 4797 Ἀλλά
1287 4746 1349 4796 16
1379 4744 1476 4814 μὲν
1508 4745 1645 4814 φῶς,
1670 4748 1734 4799 ἐκ
1767 4746 1858 4800 τοῦ
1891 4749 2060 4818 πυρὸς

480 4839 1181 4908 γεννώμενονάχωρίστως
1210 4837 1302 4890 καί
1347 4839 1404 4890 έν
1445 4837 1592 4907 αὐτῷ
1626 4841 1711 4892 ἀεὶ
1739 4841 1924 4910 μένον,
1958 4842 2058 4894 οὐκ

480 4933 592 5002 ἔχει
649 4931 785 4983 ἰδίαν
845 4931 1143 4984 ὑπόστασιν
1201 4929 1354 4999 παρά
1387 4931 1447 4982 16
1495 4930 1637 5002 πῦρο
1683 4933 1908 5003 ποιότης
1949 4933 2057 5004 γάρ

472 5029 596 5080 ἐστι
627 5024 832 5094 φυσικὴ
870 5023 964 5076 τοῦ
1009 5026 1210 5092 πυρός·
1241 5026 1268 5076 6
1295 5023 1350 5076 δὲ
1385 5025 1509 5088 Υἱὸς
1545 5023 1639 5078 τοῦ
1674 5025 1812 5079 Θεοῦ
1842 5029 1869 5080 6
1910 5045 2061 5096 μονο-

473 5119 665 5189 ,γενὴς,
703 5118 766 5169 ἐκ
823 5114 918 5168 τοῦ
981 5117 1192 5186 Πατρὸς
1241 5117 1522 5187 γεννηθεὶς
1578 5119 1899 5187 ὰχωρίστως
1962 5121 2059 5174 zeal

469 5210 971 5274 ἀδιασ.τάτω;,.καί
1011 5209 1067 5260 ἐν
1087 5207 1241 5278 αὐτῴ
1268 5209 1453 5278 μένων
1478 5211 1587 5278 ἀεὶ,
1617 5211 1729 5282 ἔχει
1759 5213 1894 5266 ἰδίαν
1920 5215 2054 5268 ὑπό-

471 5319 670 5358 στασιν
711 5290 994 5368 παρὲιτὴν
1015 5299 1116 5352 τοῦ
1153 5301 1387 5371 Πατρός.

553 5394 694 5461 Ὂιρα
734 5392 847 5454 πῶς
876 5393 972 5444 zeal
1002 5395 1069 5444 τὰ
1106 5391 1181 5461 τῷ
1213 5393 1447 5465 θεολόγῳ
1468 5393 1642 5465 τούτῳ
1676 5396 1914 5466 ρηθέντα
1945 5400 2056 5461 τοῖς

479 5481 844 5553 προρρηθεῖσι
879 5484 1051 5534 ταυτὰ
1087 5480 1370 5551 βούλεται,
1429 5485 1510 5538 δτι
1550 5490 1614 5556 τῇ
1649 5488 1714 5538 ἐκ
1764 5488 1861 5556 τῆς
1905 5489 2054 5550 θείας

478 5573 666 5634 οὐσίας
706 5573 907 5642 δηλαδὴ
961 5577 1168 5645 φυσικῇ
1221 5577 1430 5646 προόδῳ
1494 5579 1587 5630 zeal
1637 5581 1893 5650 ἐνεργείᾳ
1959 5581 2054 5633 καὶ

477 5663 664 5732 χάριτι
698 5663 895 5731 μᾶλλον
929 5667 985 5718 αἰ
1020 5666 1112 5719 τοῦ
1158 5671 1327 5739 πυρὸς
1366 5671 1461 5723 zeal
1493 5671 1586 5725 τοῦ
1639 5672 1810 5739 ἡλίου,
1863 5675 1955 5726 zeal
1990 5675 2053 5744 δὴ

477 5758 574 5807 zeal
608 5755 714 5806 τῶν
741 5757 798 5823 ἐξ
829 5759 1004 5814 αὐτῶν
1046 5763 1252 5828 εἰκόνες
1289 5768 1628 5836 προσήκουσὶ
1660 5787 1773 5828 πως
1815 5768 1845 5838 ἢ
1891 5772 1953 5839 τῇ
1990 5772 2052 5823 ἑκ

477 5843 571 5898 τοῦ
616 5843 826 5917 Πατρὶς
875 5853 1096 5924 άνάρχῳ
1147 5873 1202 5908 τε
1250 5856 1344 5909 zeal
1395 5859 1617 5929 ἁρρἠτῳ
1664 5861 1919 5930 γεννήσει
1959 5860 2050 5914 τοῦ

2165 4667 2256 4736 ρον
2311 4669 2688 4738 διακρίνεσθαι
2735 4669 2833 4740 τὴν
2871 4670 3001 4740 μίαν
3050 4671 3304 4740 θεότητα,
3344 4671 3494 4724 οὐδὲν
3548 4672 3613 4726 ἂν
3663 4669 3732 4742 ἦν

2166 4760 2295 4824 ίσως
2325 4761 2530 4824 καινὸν,
2564 4763 2612 4815 εἰ
2645 4763 2740 4816 zeal
2775 4762 2874 4832 τὴν
2908 4763 3091 4833 σχέσιν
3124 4763 3232 4816 τῶν
3256 4763 3562 4837 προσώπων
3595 4766 3732 4819 κατὰ

2159 4852 2286 4913 τοὺς
2346 4853 2595 4922 Πατέρας
2647 4853 2866 4924 ἐπῆγεο
2923 4854 3020 4908 νῦν
3079 4855 3137 4908 δὲ
3191 4855 3252 4907 16
3301 4855 3732 4926 τρισυπόστατον

2158 4941 2395 5010 ἀφελὼν,
2425 4939 2570 5017 ᾗπερ
2606 4944 2764 5014 ἔφην,
2801 4947 2898 4999 zeal
2926 4945 2986 5000 16
3027 4947 3476 5019 ύποστατικὴν,ἢ
3514 4965 3731 5019 προσιο-

2160 5036 2328 5099 πικὴν
2354 5036 2616 5108 διαφορὰν
2647 5038 2884 5102 εὐσεϐῶς
2939 5039 3032 5092 zeal
3065 5040 3228 5107 ἀξίως
3250 5043 3426 5096 εἰπεῖν
3455 5039 3550 5094 τοῦ
3572 5041 3728 5107 Θεοῦ,

2159 5128 2354 5194 καινήν
2405 5144 2525 5180 τινα
2565 5127 2844 5197 θεολογίαν
2899 5131 3113 5200 εἰσάγει
3161 5133 3262 5204 τὴν
3301 5133 3512 5204 σχέσιν,
3548 5131 3724 5202 σχέσει

2162 5211 2300 5282 μόνῃ
2326 5213 2700 5282 διακρίνεσθαι
2734 5215 2908 5284 λέγων
2932 5218 3030 5290 τὴν
3062 5219 3313 5292 θεότητα.

2233 5307 2525 5360 Κάνταῦθα
2573 5309 2674 5377 μὲν
2725 5311 2889 5381 μέχρι
2928 5313 3158 5368 τούτου·
3202 5316 3400 5386 μικρὸν
3441 5317 3496 5369 δὲ
3526 5314 3728 5386 προῖὼν

2158 5398 2252 5448 zeal
2303 5400 2486 5468 φωνὴν
2525 5399 2686 5470 ψιλὴν
2742 5403 2911 5472 μόνην
2952 5404 3051 5475 τὴν
3099 5407 3284 5473 σχέσιν
3318 5407 3523 5476 ταύτην
3575 5409 3723 5479 ἐρεῖ,

2161 5490 2486 5560 πράγματος
2511 5491 2676 5546 οὐσαν
2718 5496 2952 5566 ἐρήμην,
2986 5499 3080 5550 zeal
3115 5501 3188 5569 μὴ
3217 5501 3339 5554 καθ’
3368 5500 3724 5568 ὑποκειμένου

2156 5582 2302 5644 τινὸς
2337 5585 2604 5653 μηδαμῶς
2632 5585 2956 5657 λεγομένην,
2986 5589 3082 5660 τὴν
3111 5591 3354 5660 Λιϐυκὴν
3384 5591 3596 5662 ἐριννὺν
3633 5585 3726 5644 αὖ·

2159 5673 2240 5737 θις
2270 5677 2504 5744 ἐκείνην,
2528 5677 2624 5746 τὴν
2644 5677 2736 5729 τοῦ
2757 5679 3042 5733 Σαϐελλίου
3063 5683 3204 5751 φημὶ
3224 5683 3511 5751 σύγχυσιν,
3536 5684 3720 5734 ἐπεισ-

2160 5769 2307 5836 άγων
2356 5772 2423 5840 τῇ
2491 5769 2590 5839 τῆς
2640 5771 2880 5839 μεγάλης
2921 5773 3149 5843 Τριάδος
3181 5775 3721 5846 θεολογίᾳ,όνόματα

2158 5862 2291 5931 ψιλὰ
2323 5855 2726 5934 δογματίσασαν
2754 5867 2840 5919 16v
2870 5868 3110 5938 Πατέρα,
3144 5870 3239 5924 καὶ
3265 5870 3355 5925 τὸν
3389 5870 3536 5935 Υἰον,
3558 5868 3648 5922 zeal
3669 5867 3722 5919 τὸ
