4090 6442
394 392 502 463 849

396 606 563 677 μόνου
587 606 877 674 λεγόμενα.
901 605 1073 658 Τοῦτο
1089 606 1183 658 καὶ
1203 605 1311 674 γάρ
1326 603 1476 656 ἐστιν
1496 603 1756 674 ἄντικρυς
1775 604 1834 656 τὸ
1851 604 1972 675 σχέ-

393 715 480 753 σει
505 698 605 769 μὲν
627 698 1007 768 διακρίνεσθαι
1032 697 1168 768 μόνῃ
1202 697 1302 766 τὴν
1333 695 1496 765 ἀγίαν
1524 696 1755 766 Τριάδα,
1788 697 1884 767 τὴν
1913 697 1971 750 δὲ

393 791 581 862 σχέσιν
605 790 826 862 ἐκείνην
849 790 989 844 κατά
1008 789 1100 842 τὸν
1122 789 1412 859 Γρηγορᾶν
1438 790 1676 860 πρᾶγμα
1704 789 1973 860 μηδαμῶς

392 881 557 953 εἶναι,
591 885 795 955 μᾶλλον
810 884 867 938 δέ
891 883 1028 955 μηδέ
1049 879 1188 937 εἶναι
1211 881 1488 949 καθάπαξ,
1515 883 1653 954 πλὴν
1669 885 1834 955 μόνης
1857 902 1972 952 φω-

391 979 488 1049 νῆς
510 978 694 1050 ψιλῆς,
720 978 748 1032 δ
777 979 840 1048 δὴ
871 977 968 1033 καὶ
994 975 1201 1046 προῖὼν
1229 975 1391 1039 αὐτὸς
1409 976 1498 1030 διὰ
1525 976 1637 1030 τῶν
1665 976 1862 1031 ἐαυτοῦ
1882 978 1970 1030 λό-

392 1087 502 1138 γων
523 1070 710 1136 δείξει,
730 1069 984 1140 καθάπερ
1000 1070 1160 1140 έφην.
1173 1068 1354 1138 Ἦμᾶς
1371 1066 1971 1140 δέιάναγκαῖονιήδηιτὸν

391 1163 520 1232 περὶ
543 1161 695 1226 θείας
731 1161 978 1225 ἐνώσεώς
1007 1178 1066 1214 τε
1096 1163 1190 1214 καὶ
1208 1160 1534 1232 διακρίσεως
1573 1162 1714 1215 κατὰ
1739 1163 1809 1214 τά
1835 1163 1970 1215 ὑπε-

390 1255 638 1326 σχημένα
668 1254 1002 1328 πλατύτερον
1027 1255 1184 1324 λόγον
1205 1253 1481 1317 ἐκθέσθαι,
1508 1254 1604 1306 καὶ
1639 1251 1854 1320 διδάξαι
1877 1253 1970 1307 τὸν

389 1347 684 1416 φιλόσοφον
716 1347 907 1401 τοῦτον
951 1345 1320 1416 εύαγγελικήν
1362 1362 1423 1398 τε
1462 1348 1558 1398 καὶ
1599 1347 1970 1416 ἀποστολικὴν

387 1439 596 1494 ἀνωθεν
622 1441 781 1507 δόξαν
809 1458 891 1506 τε,
919 1440 1014 1494 καὶ
1046 1439 1369 1510 νομοθεσίαν
1400 1437 1564 1492 οὖσαν
1593 1439 1656 1491 τὸ
1689 1439 1970 1510 ἡνωμένον

386 1531 544 1600 ὁμοῦ,
575 1533 670 1587 καὶ
697 1533 1113 1609 διακεφιμένον
1145 1530 1244 1602 τῆς
1277 1533 1428 1603 ίερᾶς
1461 1531 1761 1597 θεολογίας.
1797 1533 1873 1584 Οὺ
1910 1531 1970 1586 τὸ

388 1623 528 1677 κατά
571 1623 672 1694 τὴν
717 1623 869 1678 θείαν
899 1625 1086 1690 οὐσίιαν
1128 1624 1273 1694 φημὶ
1305 1622 1487 1693 μόνον,
1530 1625 1624 1678 καὶ
1668 1624 1768 1687 τάς
1819 1626 1970 1694 τρεῖς

388 1713 688 1785 θεαρχικάς
719 1716 1072 1779 ὑποστάσεις,
1106 1715 1140 1788 ἢ
1181 1716 1248 1770 τὰ
1283 1717 1578 1786 πρόσωπα,
1603 1716 1738 1770 ἀλλά
1770 1718 1867 1770 καὶ
1909 1716 1968 1769 τὸ

386 1807 530 1860 κατά
579 1808 680 1876 τὴν
728 1807 881 1861 θείαν
923 1805 1134 1874 οὐσίαν,
1181 1807 1276 1862 καὶ
1327 1807 1428 1875 τὴν
1477 1807 1684 1877 ταύτης
1731 1806 1966 1876 οὐσιώδη

385 1898 669 1970 ἐνέργειάν
708 1917 767 1952 τε
798 1901 894 1953 καὶ
917 1899 1169 1968 δύναμιν,
1207 1899 1238 1970 ἢ
1287 1900 1387 1962 τὰς
1418 1899 1698 1976 ἐνεργείας
1748 1899 1974 1960 καὶτὰς

386 1990 669 2060 δυνάμεις,
714 1992 906 2063 ἐπειδὴ
934 1992 1028 2046 καὶ
1056 1993 1254 2056 ἑνικῶς
1301 1992 1438 2062 ὁμοῦ
1471 1993 1566 2046 καὶ
1592 1991 1974 2061 πληθυντικῶς

388 2083 540 2152 παρά
566 2083 678 2136 τῶν
714 2083 982 2152 θεολόγων
1010 2085 1045 2155 ἡ
1074 2085 1170 2138 τοῦ
1200 2084 1336 2138 Θεοῦ
1375 2084 1583 2154 φυσικὴ
1613 2084 1846 2155 δύναμις
1877 2085 1974 2138 καὶ

387 2173 640 2244 ἐνέργεια
666 2175 990 2246 προάγεται.
1025 2175 1170 2230 καθά
1198 2176 1263 2247 δὴ
1296 2177 1389 2230 καὶ
1419 2175 1515 2229 τοῦ
1550 2176 1712 2243 λόγου
1746 2175 1970 2246 προῖόν-

389 2281 482 2330 τος
529 2267 678 2336 ἡμᾶς
731 2267 1050 2322 διδάσκουσι
1097 2268 1384 2322 κάλλιστα.
1438 2267 1662 2322 Μᾶλλον
1713 2267 1760 2322 δ’
1797 2270 1827 2322 ό
1873 2268 1974 2338 μὲν

389 2358 681 2428 φιλόσοφος
726 2361 828 2414 οῦκ
868 2360 946 2414 ἐτ’
987 2360 1054 2416 ἂν
1078 2359 1203 2414 οὔτε
1235 2360 1584 2414 διδάσκεσθαι
1616 2361 1714 2414 καὶ
1759 2360 1973 2431 μανθάο

1148 394 1442 456 CONTRA
1484 389 1917 456 GREGORAM
1957 393 2741 461 ANTIRRHETICORUM.
2801 401 2877 461 V.

283 521 296 524 ’
394 513 622 585 Πνεῦμα
649 513 708 566 τὸ
735 511 910 582 ἀγιον,
939 511 1064 566 καθ’
1085 511 1204 576 ἐνὸς
1235 508 1446 565 καὶτοῦ
1477 510 1641 564 αὑτοῦ
1669 511 1963 582 προσώπου
1989 515 2044 576 Α
2067 513 2225 584 χεῖρα
2275 514 2368 568 καὶ
2415 513 2662 583 γλῶτταν
2713 514 2910 586 ἐπῆρε,
2957 512 3098 569 κατά
3150 512 3332 582 πάσης
3374 513 3658 582 θεολογίας

3553 399 3676 459 83-0”

2078 607 2172 661 καὶ
2195 606 2415 662 πάντων
2444 609 2606 678 ίερῶν
2635 608 2975 662 διδασκάλων
3010 608 3148 678 μετά
3168 605 3375 675 πολλῆς
3398 609 3496 675 τῆς
3522 609 3659 660 ἀποο

2073 701 2226 764 νοίας
2255 700 2532 772 χωρήσας,
2568 702 2664 756 καὶ
2697 701 2899 774 στήλην
2933 700 3121 771 σχεδὸν
3151 703 3333 770 πάσης
3367 698 3656 768 αἱρέσεως,

2073 790 2150 856 ὡς
2184 793 2260 862 μὴ
2295 791 2493 864 ὤφελε,
2527 795 2596 848 τά
2645 793 2830 864 οἰκεῖα,
2849 795 3008 849 ταυτὶ
3041 793 3456 864 συγγράμματα
3490 807 3661 844 κατα-

2075 883 2365 947 λελοιπώς.

2143 978 2260 1033 Νῦν
2288 978 2344 1033 δέ
2376 978 2531 1049 παρά
2562 979 2689 1043 τοὺς
2719 977 2938 1042 πλείους
2976 977 3289 1046 γενόμενος,
3323 975 3416 1027 καὶ
3443 974 3541 1043 τὴν
3573 990 3661 1026 τε·

2072 1067 2556 1139 λευταίαν,οίμοιί
2607 1070 2839 1139 σιγήσας
2883 1069 3063 1140 σιγὴν,
3095 1067 3187 1120 καὶ
3240 1064 3366 1136 μήτ’
3416 1064 3660 1129 ἀκούειν,

2076 1159 2216 1230 μήτε
2267 1159 2469 1229 λέγειν,
2537 1162 2675 1232 μήτε
2726 1159 3174 1230 μεταμανθάνειν
3226 1175 3309 1221 τε,
3376 1157 3467 1210 καὶ
3529 1173 3664 1226 μαν-

2073 1249 2258 1304 θάνειν
2284 1250 2422 1322 έχων
2469 1250 2778 1322 μηδοτιοῦν,
2831 1251 3068 1319 ἀνόνητα
3109 1250 3246 1320 μετὰ
3291 1248 3400 1301 τῶν
3448 1246 3663 1299 οἰκείων

2074 1341 2309 1413 ἑταίρων
2356 1360 2416 1396 τε
2458 1344 2553 1398 καὶ
2616 1344 2999 1414 μυσταγωγῶν
3045 1340 3508 1414 μετακλαύσεται,
3565 1337 3666 1407 οὐχ

2074 1433 2218 1506 ὑπὲρ
2286 1435 2483 1488 ἐαυτοῦ
2535 1437 2679 1506 φημὶ
2723 1436 2905 1506 μόνον,
2954 1435 3050 1488 καὶ
3098 1436 3198 1504 τῆς
3243 1433 3451 1494 οίκείας
3508 1432 3665 1484 ἀπω-

2072 1525 2242 1593 λείας,
2278 1527 2414 1581 ἀλλά
2445 1528 2539 1582 καὶ
2592 1528 2769 1598 πολλῷ
2820 1528 2985 1581 πλέον
3020 1527 3160 1598 ὑπὲρ
3199 1521 3272 1581 ὧν
3305 1526 3538 1590 ἐδίδαξε,
3567 1524 3666 1577 καὶ

2071 1617 2357 1688 διέστρεψε
2391 1617 2629 1671 κάκιστα
2671 1617 2769 1670 καὶ
2797 1617 2998 1685 λόγοις,
3031 1617 3124 1670 καὶ
3157 1605 3506 1686 γράμμασιν,
3541 1613 3568 1666 ὃ
3599 1613 3664 1684 δὴ

2073 1709 2168 1761 καὶ
2188 1709 2295 1762 τῶν
2321 1709 2497 1764 ἄλλων
2539 1710 2757 1780 πάντων
2793 1709 3120 1782 βαρύτατον.
3153 1710 3296 1763 Οὐαὶ
3318 1709 3446 1777 γάρ,
3470 1707 3664 1784 φησὶν,

2075 1806 2107 1858 d
2138 1803 2394 1864 ποτίζων
2443 1802 2553 1858 τὸν
2578 1803 2847 1870 πλησίον
2871 1801 3228 1871 ἀνατροπὴν
3249 1798 3506 1866 θολερόν
3525 1815 3540 1831 ο
3573 1799 3666 1852 καὶ

2081 1893 2318 1964 μάλιστα
2368 1894 2478 1949 τῶν
2538 1893 2958 1964 μετηλλαχότων
2997 1892 3117 1947 κατ’
3161 1894 3370 1946 ἐκεῖνον
3411 1891 3502 1944 τὸν
3552 1889 3666 1960 βίον

2070 1985 2167 2040 καὶ
2196 1987 2294 2040 σὺν
2324 1989 2389 2058 τῇ
2423 1987 2676 2057 παρούσῃ
2709 1986 2846 2056 ζωῇ,
2869 1986 2961 2040 καὶ
2989 1985 3086 2056 τὴν
3118 1983 3329 2048 ἐλπίδα,
3366 1981 3502 2050 φεῦί
3537 1984 3665 2035 ἀπο-

2070 2077 2387 2131 λωλεκότων
2421 2079 2519 2148 τῆς
2556 2077 2925 2147 μεταμελείας
2960 2095 3018 2130 τε
3045 2078 3264 2146 καὶτῆς
3298 2074 3658 2145 διορθώσεως.

2073 2169 2217 2238 Πρὸς
2255 2169 2356 2239 μὲν
2395 2167 2490 2222 οῦν
2533 2169 2776 2232 ἐκείνους
2807 2169 2983 2234 οὐδὲν,
3022 2171 3154 2237 ὅπερ
3193 2167 3351 2236 ἔφην,
3390 2169 3417 2219 ό
3464 2165 3660 2232 λόγος·

2073 2264 2376 2330 ἀναγκαῖος
2406 2263 2449 2314 δ’
2481 2262 2558 2325 ώς
2594 2257 2749 2331 οἴμαι
2781 2261 2918 2332 πρὸς
2949 2263 3076 2324 τοὺς
3111 2261 3399 2331 περιόντας
3430 2255 3662 2319 τούτους

2077 2354 2186 2408 τῶν
2221 2353 2489 2423 ἀδελφῶν.
2529 2354 2696 2408 Καλῶ
2741 2355 2851 2423 γὰρ
2912 2353 3176 2423 ἀδελφοὺς
3205 2353 3286 2404 ἔτι
3325 2354 3426 2422 τὴν
3472 2349 3662 2417 κοινὴν

390 2465 541 2517 νειν,
593 2448 720 2503 οὔτε
785 2452 1225 2523 μεταμανθάνειν
1284 2453 1399 2524 έχοι
1443 2453 1512 2506 τὰ
1574 2451 1764 2516 κακῶς
1825 2452 1977 2524 αὑτῷ
2078 2445 2348 2518 κεφαλὴν,
2383 2449 2476 2500 καὶ
2533 2447 2759 2517 Πατέρα
2800 2445 2888 2500 διά
2937 2445 3373 2516 φιλανθρωπίαν,
3431 2444 3526 2497 καὶ
3561 2441 3659 2512 τὴν

390 2541 486 2593 καὶ
518 2540 854 2608 γνωσθέντα,
874 2546 972 2596 καὶ
1006 2543 1232 2608 δόξαντα
1255 2559 1271 2576 '
1313 2544 1484 2598 πάλαι
1517 2542 1628 2614 γὰρ
1660 2542 1766 2596 ἔδει
1801 2541 1974 2597 ταῦτα

392 2632 578 2702 ζητεῖν
621 2633 777 2705 παρὰ
801 2635 913 2689 τῶν
952 2636 1188 2703 είδότων,
1229 2639 1325 2691 καὶ
1371 2636 1667 2707 μανθάνειν
1699 2635 1974 2704 ἀφιλονεί-

392 2740 506 2787 κως
542 2723 579 2778 ἃ
611 2725 687 2796 μὴ
722 2727 1072 2799 μεμάθηκεν.
1118 2728 1280 2783 ama.
1309 2728 1431 2780 τότε
1457 2727 1558 2798 μὲν
1584 2727 1646 2780 τὸ
1679 2727 1973 2799 μανθάνειν

393 2817 551 2887 ἀφεὶς
578 2819 842 2888 εὐσεϐῶς,
893 2823 1035 2878 κατὰ
1063 2821 1172 2878 τῶν
1204 2821 1542 2876 διδασκάλων
1567 2818 1847 2884 δυσσεϐῶς
1876 2819 1973 2874 καὶ

805 3169 1098 3256 ΠΡΟΣ
1154 3171 1383 3257 TON
1462 3162 1841 3257 ΑΥΤΟΝ
1925 3164 2586 3254 ΦΙΛΟΣΟΦΟΝ
2659 3157 3238 3252 ΓΡΗΓΟΡΑΝ

2076 2539 2296 2608 κλῆσιν,
2315 2539 2408 2593 καὶ
2430 2539 2529 2610 τὴν
2553 2538 2795 2610 άρῤητον
2817 2539 3036 2608 ἐκείνην
3060 2537 3456 2608 μυσταγωγίαν
3484 2535 3632 2588 αἰδού
3650 2562 3662 2577 ο

2083 2649 2266 2704 μενος,
2298 2631 2394 2684 καὶ
2425 2630 2544 2702 ἅμα
2583 2630 2662 2700 τῷ
2694 2631 2802 2684 τῶν
2829 2629 3090 2684 τοιούτων
3125 2630 3348 2685 ἀκούειν
3381 2627 3521 2689 τέως
3564 2623 3663 2678 αῦ-

2079 2725 2206 2787 τοὺς
2250 2723 2476 2787 ἐθέλειν,
2526 2722 2750 2787 ἐλπίδας
2785 2721 2930 2794 δρῶν
2978 2725 3113 2794 ἡμῖν
3154 2720 3370 2792 ἀγαθάς
3420 2718 3662 2782 διδόντας

2076 2835 2144 2872 πε
2154 2817 2208 2892 ρὶ
2235 2816 2331 2872 τοῦ
2365 2817 2676 2890 μέλλοντος.

1451 3338 1673 3396 ΛΟΓΟΣ
1704 3335 2216 3395 ΑΝἸῚΡΡΗΤΙΚΟΣ
2267 3337 2600 3393 ΠΕΜΠΤΟΣ

1037 3481 1175 3551 Περὶ
1204 3481 1494 3552 ήνωμένης
1523 3480 1619 3536 καὶ
1647 3479 2076 3550 διακεκριμένης
2114 3478 2414 3548 θεολογίας,
2462 3480 2560 3533 καὶ
2589 3478 2719 3550 περὶ
2749 3479 3016 3548 διαφορᾶς

712 3597 898 3662 ίδικῶς
923 3597 1081 3662 αὖθις
1108 3598 1258 3663 θείας
1297 3599 1489 3662 οὐσίας
1528 3599 1625 3652 καὶ
1659 3595 1961 3667 ἐνεργείας,
1994 3596 2090 3652 καὶ
2110 3596 2173 3666 δὴ
2197 3595 2291 3649 καὶ
2319 3595 2568 3666 περὶτοῦ
2593 3596 2776 3649 αὐτῶν
2796 3595 3100 3666 ἡνωμένον,
3123 3595 3217 3649 καὶ
3247 3595 3331 3650 ὅτι

1309 3710 1344 3779 ἡ
1381 3708 1480 3779 μὶν
1507 3709 1702 3772 ἐνωσις
1722 3706 1904 3762 αὐτῶν
1934 3707 2227 3778 πράγματι
2253 3705 2546 3776 θεωρεῖται
2571 3706 2718 3760 κατὰ

899 3827 1024 3890 τοὺς
1042 3823 1342 3891 θεολόγους,
1371 3824 1406 3894 ἡ
1429 3823 1664 3894 διαφορά
1690 3820 1922 3894 ἐπινοίᾳο
1957 3823 2016 3876 αί
2040 3821 2098 3876 δέ
2121 3819 2326 3875 τούτων
2346 3819 2650 3885 ἀποδείξεις
2667 3819 2729 3873 ἐκ
2747 3838 2805 3875 τε
2833 3822 3112 3873 Διονυσίου

609 3937 705 3993 καὶ
740 3937 1004 4010 Ἰερουέου
1039 3938 1148 3992 τῶν
1183 3937 1447 4008 διαδόχων
1467 3936 1578 3991 τῶν
1609 3935 1925 3991 ἀποστόλων
1953 3936 2018 3989 ἐκ
2059 3935 2171 3990 τῶν
2228 3934 2386 3990 θείων
2431 3935 2692 4007 Γραφῶν,
2733 3935 2842 3991 ἀπὸ
2867 3936 2987 3990 ’τῶν
3036 3935 3442 4006 οίκουμενικῶν

1174 4055 1428 4120 συνόδων,
1479 4051 1576 4106 καί
1629 4067 1794 4106 τινων
1815 4049 1924 4104 ἀπὸ
1963 4051 2167 4123 μέρους
2212 4048 2478 4118 θεολόγων
2507 4049 2871 4104 διδασκάλων.

456 4208 575 4264 Νῦν
619 4208 665 4260 δ’
693 4209 785 4263 ἐπὶ
827 4211 925 4280 τὴν
955 4211 1109 4266 θείαν
1143 4212 1239 4265 καὶ
1285 4211 1546 4280 ὑπερφυᾶ
1571 4208 1675 4278 τῆς
1711 4208 1968 4279 θεότητος
1995 4211 2037 4269 C
2079 4207 2424 4277 βουλομένοις
2456 4207 2680 4262 ἐκείνων
2713 4209 2954 4274 ἀκούειν,
2989 4213 3084 4262 καὶ
3112 4209 3225 4270 τοῖς
3256 4185 3349 4260 τοῦ
3381 4206 3648 4278 Βαρ).αάμ

383 4301 584 4356 ἕνωσίν
620 4317 682 4356 τε
716 4302 812 4356 καὶ
844 4303 1118 4374 διάκρισιν
1155 4306 1325 4367 ἰόντες
1370 4304 1450 4373 τῷ
1482 4303 1649 4372 λόγῳ,
1681 4300 1728 4352 εί
1767 4299 1868 4371 μέν
1912 4316 1962 4352 τι

385 4392 498 4445 τῶν
525 4392 742 4446 οίκείων
769 4393 1050 4462 λογισμῶν
1072 4391 1417 4464 ἐσκοποῦμεν
1477 4395 1570 4446 κα.)⁸
1601 4391 1774 4459 λόγων
1793 4430 1808 4454 ,
1840 4389 1965 4443 τολ-

390 4485 558 4554 μηροί
604 4502 751 4548 τινες
784 4485 853 4538 ἂν
881 4475 1023 4555 ἦμεν
1055 4485 1148 4538 καὶ
1192 4486 1416 4554 θρασεῖς
1444 4484 1635 4548 ὅντως,
1671 4485 1785 4547 τοῖς
1822 4482 1965 4554 ὑπὲρ

386 4576 539 4645 ἡμᾶς
560 4575 741 4646 πολλῷ
767 4592 875 4630 τινι
903 4575 982 4647 τῷ
1011 4575 1161 4647 μέσῳ
1184 4577 1283 4630 καὶ
1312 4576 1436 4631 καθ’
1468 4575 1776 4647 ὑπερϐολὴν
1800 4577 1967 4630 ἀσκό-

387 4683 508 4728 πως
543 4668 950 4738 ἐπιχειροῦντες
969 4685 984 4700 ·
1029 4668 1154 4722 ἐπεὶ
1179 4669 1236 4721 δὲ
1265 4669 1332 4723 τά
1358 4671 1458 4740 τῆς
1493 4669 1644 4731 θείας
1687 4669 1966 4737 θεολογίας

384 4759 541 4844 παρά
555 4761 664 4814 τῶν
685 4761 954 4830 θεολόγων
973 4760 1193 4831 ἐκείνης
1214 4759 1468 4824 λαϐόντες
1487 4761 1720 4816 καθόσον
1741 4762 1965 4832 ἐφικτὸν

385 4853 508 4915 ταῖς
563 4853 959 4923 προκειμέναις
1009 4853 1474 4923 προσαρμόζομεν
1524 4855 1816 4908 ὑποθέσεσι
1867 4855 1964 4908 καὶ

385 4942 501 5002 τοῖς
519 4940 718 5009 λόγοις,
749 4942 931 4995 ἐκεῖνα
954 4941 1048 4996 καὶ
1073 4945 1168 4995 νῦν
1189 4941 1446 5012 ἐροῦμεν,
1473 4943 1684 5012 ὅσαπερ
1714 4942 1782 4996 ἂν
1803 4943 1968 4997 ἀκοῦ-

389 5049 484 5086 σαι
504 5032 892 5104 δυνηθείημεν,
912 5035 1052 5103 πρὸς
1075 5036 1174 5104 τῆς
1199 5035 1424 5088 ἐκείνων
1467 5035 1826 5105 ὁδηγούμενοι
1856 5051 1968 5105 χει-

391 5123 672 5192 ραγωγίας
717 5141 777 5177 τε
822 5129 918 5178 καὶ
959 5124 1242 5194 θεολογίας
1305 5129 1386 5188 είς
1437 5126 1541 5196 τὴν
1591 5126 1807 5198 ἀπλανῆ
1858 5130 1966 5182 τῶν

387 5213 550 5268 θείων
578 5215 754 5284 λόγων
798 5217 1075 5287 ἀλήθειαν.
1110 5219 1222 5288 Οὐχ
1243 5219 1326 5272 ὅτι
1357 5217 1432 5290 μὴ
1470 5221 1538 5272 τὰ
1571 5223 1965 5290 προγραφέντα

389 5305 486 5360 καὶ
508 5307 794 5377 ὁρισθέντα
820 5309 900 5380 τῷ
928 5311 1058 5382 ίερῷ
1075 5312 1183 5364 τῶν
1215 5312 1475 5383 Πατέρων
1499 5313 1694 5385 ἐκείνῳ
1718 5314 1965 5386 συλλόγῳ

388 5397 528 5468 πρὸς
562 5397 653 5451 τὸν
702 5400 904 5454 σκοπδν
939 5402 1140 5466 ἱκανῶς
1177 5402 1327 5474 ἐσχε,
1363 5403 1484 5468 πῶς
1533 5404 1681 5476 γάρ;
1716 5406 1832 5459 ἀλλ’
1882 5409 1965 5462 ὅτι

387 5488 484 5542 καὶ
515 5489 653 5559 μετὰ
681 5492 807 5556 τοὺς
845 5493 1024 5557 θείους
1050 5495 1240 5563 λόγους
1271 5496 1517 5560 ἐκείνους
1547 5500 1643 5552 καὶ
1681 5499 1781 5566 τὴν
1816 5500 1960 5570 λαμ-

2067 4315 2128 4352 τε
2179 4299 2274 4352 καὶ
2306 4297 2624 4353 Ἀκινδύνου
2675 4318 2793 4363 πως
2840 4301 3099 4370 ἥδεσθαι,
3155 4299 3293 4363 τέως
3348 4317 3400 4352 τι
3459 4299 3642 4368 λέγειν

2067 4389 2270 4455 ἔδοξαν.

2141 4484 2240 4537 Διά
2278 4482 2436 4538 τοῦτο
2476 4485 2733 4556 καὶπρὸς
2774 4485 2945 4556 αὐτὴν
2974 4484 3192 4554 ἐκείνην
3219 4483 3316 4555 τὴν
3345 4485 3452 4538 τῶν
3484 4487 3646 4540 θείων

2069 4575 2303 4645 Γραφῶν
2323 4577 2490 4630 οίονεὶ
2513 4577 2760 4648 κορυφὴν
2776 4579 2869 4631 καὶ
2890 4577 3222 4647 ἀκρώρειαν,
3248 4577 3647 4646 εὐαγγελιστάς

2069 4686 2214 4738 φημι
2249 4669 2341 4723 καὶ
2397 4670 2752 4735 ἀποστόλους,
2782 4673 2876 4724 καὶ
2912 4671 2975 4738 δὴ
3002 4671 3096 4723 καὶ
3125 4672 3252 4733 τοὺς
3284 4669 3490 4724 τούτων
3523 4675 3647 4739 6p:-

2069 4759 2237 4829 λητάς
2283 4779 2340 4815 τε
2372 4763 2467 4817 καὶ
2504 4762 2806 4833 διαδόχους,
2853 4761 2949 4816 νῦν
2991 4763 3110 4816 δέον
3155 4762 3516 4832 ἀναδραμεῖν,
3553 4767 3648 4818 καὶ

2067 4854 2220 4920 παρὰ
2245 4855 2344 4926 τῆς
2375 4855 2742 4924 ἀποστολικῆς
2773 4853 3050 4920 θεολογίας
3078 4870 3137 4905 τε
3165 4853 3258 4905 καὶ
3293 4855 3644 4914 διδασκαλίας

2065 4945 2317 5011 ἀκοῦσαι,
2356 4945 2508 5009 είτίς
2534 4949 2680 4999 ἐστιν
2710 4945 2900 5008 ἐνωσίς
2923 4963 2981 4997 τε
3009 4947 3102 4998 καὶ
3127 4947 3398 5017 διάκρισις
3426 4948 3518 5000 ἐπὶ
3548 4949 3647 5016 τῆς

2069 5034 2343 5106 θεότητος,
2383 5037 2477 5090 καὶ
2510 5037 2591 5101 τίς
2623 5035 2783 5105 αῦτη,
2818 5037 2912 5089 καὶ
2941 5036 2994 5088 τί
3029 5036 3130 5106 μέν
3161 5039 3290 5108 περὶ
3319 5037 3490 5108 αὐτῆς
3518 5041 3645 5100 τοὺς

2065 5129 2165 5197 τῆς
2207 5129 2534 5200 Ἐκκλησίας
2577 5128 2833 5193 ἀπλανῶς
2880 5145 2940 5181 τε
2978 5131 3071 5182 καὶ
3112 5129 3437 5198 θεοπρεπῶς
3464 5130 3643 5199 λέγειν

2064 5216 2146 5270 δεῖ
2174 5220 2268 5272 καὶ
2301 5222 2540 5290 φρονεῖν,
2561 5220 2614 5273 τί
2661 5219 2717 5273 δέ
2744 5221 2957 5291 σιωπᾷν
2982 5214 3143 5284 αὖθις
3169 5220 3310 5274 κατὰ
3341 5219 3520 5285 θείους
3545 5221 3643 5292 δη-

2065 5310 2199 5380 λαδὴ
2230 5295 2450 5382 νόμους.

2140 5404 2298 5467 Τίνες
2314 5405 2359 5457 δ’
2381 5405 2444 5457 ἂν
2462 5405 2573 5457 εῐεν
2589 5403 2730 5456 ἄλλοι
2757 5403 2965 5474 πρῶτοι
2982 5403 3091 5456 τῶν
3142 5402 3304 5456 θείων
3353 5403 3642 5472 εῦαγγελιυ

2070 5498 2211 5551 στῶν
2229 5513 2288 5550 τε
2309 5497 2402 5550 καὶ
2418 5497 2732 5550 ἀποστόλων
2750 5497 3019 5566 ἀκροαταὶ
3040 5497 3132 5549 καὶ
3151 5495 3353 5566 μύσται
3371 5498 3464 5550 καὶ
3487 5499 3644 5566 σοφοὶ

388 5579 534 5646 πράν
561 5582 671 5638 τῶν
697 5581 1046 5654 ζητουμένων
1086 5587 1365 5656 ἀπόδειξιν
1407 5589 1590 5660 λέγειν
1619 5608 1669 5646 τι
1701 5591 1798 5645 καὶ
1825 5569 1962 5662 γρνά-
1997 5569 2038 5622 D
2072 5590 2170 5659 μὲν
2209 5589 2278 5642 τά
2332 5587 2474 5650 θεῖα,
2512 5589 2668 5655 σοφοὶ
2699 5589 2755 5642 δὲ
2805 5589 2874 5642 τά
2910 5587 3248 5658 ἀνθρώπινα,
3282 5589 3559 5656 θεολογίας
3585 5587 3642 5642 δὲ

387 5687 514 5739 φειν
551 5674 602 5727 οί
651 5676 780 5746 περὶ
804 5676 895 5731 τὸν
927 5679 1212 5750 Γρηγορᾶν
1259 5680 1447 5746 ἔδοξάν
1481 5700 1614 5736 τισι.
1662 5684 1804 5754 Πρὸς
1859 5683 1960 5752 μὲν

387 5765 631 5830 ἐκείνους
661 5770 754 5821 καὶ
778 5767 878 5839 τὴν
907 5771 1012 5824 τῶν
1037 5772 1381 5849 πραγμάτων
1407 5770 1667 5844 ἀλήθειαν
1695 5775 1754 5828 τὸ
1782 5776 1963 5845 παρά-

389 5873 500 5913 παν
529 5858 648 5913 οὐδὲ
679 5859 786 5932 γρῦ
816 5877 982 5932 φασιν
1016 5864 1063 5917 οί
1096 5862 1322 5918 ἐκείνων
1355 5864 1508 5934 σοφοί
1531 5881 1545 5897 ν
1575 5864 1714 5936 πλὴν
1737 5865 1820 5920 ὅτι
1861 5867 1976 5930 τοῖς

2068 5683 2164 5736 καὶ
2187 5681 2417 5752 θεωρίας
2439 5682 2532 5736 ἐπὶ
2554 5680 2808 5734 τοσοῦτον
2829 5681 3250 5750 ἀναδραμόντες,
3273 5681 3348 5744 ὡς
3375 5681 3448 5750 μὴ
3479 5680 3640 5750 μόνον

2071 5774 2262 5844 μαθεῖν
2281 5773 2402 5827 κατ’
2433 5775 2628 5837 αὐτοὺς
2657 5777 2901 5838 ἐκείνους
2925 5777 3118 5840 είπεῖν,
3154 5775 3288 5828 ἀλλά
3323 5777 3416 5826 καὶ
3445 5773 3642 5827 παθεῖν

2067 5867 2368 5939 ὑπερφυῶς
2414 5867 2482 5924 τὰ
2502 5867 2642 5934 θεῖα,
2666 5865 2761 5922 καὶ
2779 5866 2867 5921 διὰ
2886 5866 3044 5922 τοῦτο
3068 5870 3160 5923 καὶ
3187 5868 3506 5922 ἀποστόλων
3533 5867 3640 5922 αὖ·-
