4090 6462
435 374 542 439 853

1195 373 1496 437 CONTRA
1534 376 1959 438 GREGORAM
1997 377 2776 443 ANTIRRHETICORUM-
2805 377 2870 436 V.

3585 375 3689 437 854

433 493 499 546 ἐκ
523 491 634 545 τῶν
671 491 1014 562 μετεχόντων
1057 490 1310 561 ὑμνεῖται
1335 495 1406 546 τὰ
1437 491 1756 562 ἀμεθέκτως
1783 493 2006 562 μετεχό-
2036 505 2078 558 Α
2109 494 2262 563 ὅλης,
2302 494 2397 548 καὶ
2441 490 2762 554 παντελοῦς,
2801 487 2900 544 καὶ
2948 487 3266 557 ὁλοκλήρου,
3302 486 3397 542 καὶ
3449 488 3689 559 πλήρους

435 601 594 653 μενα.

501 673 633 727 Εἶτα
663 675 793 744 περὶ
829 675 1061 745 μετοχῆς
1097 676 1270 730 εἰπὼν
1301 675 1474 739 θείας,
1517 677 1614 729 καὶ
1645 675 1712 747 δὴ
1747 677 1842 730 καὶ
1885 675 2013 744 περὶ

428 766 528 835 τῆς
546 763 688 820 κατά
713 767 893 836 σάρκα
916 767 1012 820 τοῦ
1035 768 1272 838 Χριστοῦ
1291 767 1443 831 θείας
1466 769 1804 839 οίκονομίας,
1824 769 2013 841 βραχέ’

428 856 567 910 ἄττα
606 858 1001 930 φιλοσοφήσας,
1039 861 1311 930 ἐπιφέρει·
1354 860 1517 915 Ἀλλά
1545 863 1752 916 τούτων
1776 862 1876 932 μὲν
1905 862 2013 916 τῶν

431 946 685 1002 ἐνώσεών
732 968 790 1003 τε
825 954 920 1003 καὶ
964 951 1318 1020 διακρίσεων,
1379 954 1512 1016 ὅσας
1563 956 1620 1008 ἐν
1657 957 1768 1018 τοῖς
1811 955 2013 1022 λογίοις

431 1037 761 1111 θεοπρεπεῖς
787 1043 969 1105 αίτίας
1011 1043 1354 1114 εὐρήκαμεν,
1401 1041 1460 1096 ἐν
1506 1040 1631 1106 ταῖς
1672 1043 2014 1112 θεολογικαῖς

428 1135 852 1188 ὐποτυπώσεσιν
914 1137 1024 1207 ἰδίᾳ
1079 1140 1210 1208 περὶ
1264 1139 1498 1193 ἑκάστου
1535 1139 1906 1203 διαλαϐόντες,
1937 1139 2014 1203 ὡς

429 1227 652 1294 ἐφικτὸν
694 1227 1000 1298 ἐξεθέμεθα
1050 1229 1120 1283 τά
1182 1229 1282 1299 μὲν
1328 1231 1676 1296 ἀνελίξαντες
1715 1231 1795 1300 τῷ
1825 1232 2016 1303 ἀληθεῖ

428 1317 596 1388 λόγῳ,
637 1319 734 1371 καὶ
785 1318 1216 1387 ἀναπτύξαντες,
1258 1323 1353 1374 xal
1386 1323 1477 1376 τὸν
1522 1323 1668 1394 ἱερὸν
1697 1325 1792 1376 καὶ
1821 1325 2014 1379 ἀνεπι-

429 1408 664 1460 θόλωτον
713 1408 840 1462 νοῦν
866 1408 960 1462 ἐπὶ
989 1411 1058 1461 τέ(
1107 1410 1322 1480 φανερὰ
1373 1410 1484 1464 τῶν
1512 1411 1711 1480 λογίων
1762 1413 2012 1483 θεάματα

429 1501 898 1568 προσαγαγόντες,
958 1503 1074 1565 τοῖς
1125 1502 1184 1556 δέ
1239 1504 1318 1566 ὡς
1377 1507 1665 1572 μυστικοῖς
1719 1506 1863 1560 κατά
1911 1509 2012 1579 τήν

431 1588 582 1643 θείαν
613 1590 918 1661 παράδοσιν
943 1593 1085 1664 ὑπὲρ
1111 1593 1306 1662 νοεράν
1327 1594 1610 1665 ἐνέργειαν
1635 1596 2008 1663 ἐπιϐαλόντες.

433 1681 618 1733 Πάντα
655 1681 766 1752 γὰρ
793 1681 860 1737 τά
890 1683 1034 1750 θεῖα,
1065 1687 1160 1739 καὶ⁹
1202 1686 1301 1740 ὅσα
1336 1689 1473 1758 ήμῖν
1523 1689 1866 1759 ὲκπέφανται
1891 1691 2012 1755 ταῖς

435 1774 693 1841 μετοχαῑς
729 1773 922 1842 μόναις
965 1771 1322 1842 γινώσκεται.
1357 1778 1508 1832 Αὐτὸ.
1543 1779 1602 1832 δὲ
1671 1780 1837 1835 όποῖά
1877 1780 2010 1835 ποτέ

2114 584 2370 654 θεότητος
2393 583 2498 636 ὐπὸ
2520 582 2630 636 τῶν
2659 581 2860 647 λογίων
2895 577 3206 649 ὑμνεῖσθαι.
3243 579 3433 644 Πάλιν,
3469 584 3565 632 καὶ
3601 579 3690 632 ἵνα

2116 677 2422 748 συλλήϐδην
2453 677 2587 747 φαίη
2623 694 2730 740 τις,
2770 675 2936 738 αὐτὸς
2963 676 2991 727 ό
3027 673 3319 742 θεαρχικος
3354 672 3524 740 Λόγος
3558 672 3684 742 ἔφη,

2126 768 2274 836 Ἐγὼ
2296 767 2395 823 καὶ
2419 770 2451 823 ό
2477 769 2680 835 Πατὴρ
2708 766 2778 820 ἓν
2805 768 3010 834 ἐσμεν,
3037 765 3154 829 καὶ,
3181 765 3298 821 Πάν
3310 783 3381 818 τα
3415 765 3533 818 ὅσα
3563 765 3688 834 ἔχει

2115 864 2148 914 ό
2163 859 2364 929 Πατὴρ
2382 859 2494 930 ἐμά
2510 859 2794 924 ἐστι,καὶ,
2826 859 3028 914 Πάντα
3057 859 3126 914 τὰ
3151 859 3262 929 ἐμὰ
3287 858 3371 914 σά
3403 859 3558 926 ἐστι,
3587 859 3687 913 καὶ

2113 952 2186 1007 τὰ
2233 952 2315 1006 σὰ
2347 951 2480 1019 ἐμά.
2530 937 2642 1005 Kal
2673 947 2852 1014 αὖθις
2897 953 3000 1006 ὅσα
3031 953 3147 1004 ἐστὶ
3193 952 3290 1005 τοῦ
3323 952 3556 1021 Πατρός.
3591 953 3688 1006 καὶ

2115 1041 2277 1097 αὐτοῦ
2302 1041 2381 1112 τῷ
2409 1042 2684 1113 θεαρχικῷ
2715 1041 2998 1112 Πνεύματι
3044 1043 3379 1107 κοινωνικῶς
3421 1045 3513 1097 καὶ
3544 1045 3686 1114 ἡνω-

2119 1133 2297 1203 μένως
2325 1135 2639 1205 ἀνατίθησι.
2689 1135 2802 1188 Kal
2855 1135 2976 1205 μετ’
3026 1135 3230 1204 ὀλίγον’
3289 1136 3515 1190 Ὀποίαν
3548 1139 3688 1192 ἀνα·

2117 1227 2320 1294 πτύξαι
2369 1228 2679 1302 θεωνυμίαν
2723 1228 2912 1297 όλικὴν
2960 1229 3378 1299 ἐγχειρήσομεν,
3436 1231 3531 1284 ἐπὶ
3588 1231 3688 1297 τῆς

2112 1321 2240 1390 ὅλης
2275 1321 2447 1393 αὐτὴν
2483 1321 2741 1390 θεότητος
2774 1321 3100 1392 ἐκληπτέον.
3141 1321 3300 1377 Οῦτω
3341 1323 3442 1393 μὲν
3471 1318 3564 1376 οῦν
3590 1323 3688 1393 τὴν

2113 1413 2222 1466 τῶν
2254 1412 2499 1481 φυσικῶν
2529 1412 2625 1466 τοῦ
2655 1413 2791 1467 Θεοῦ
2819 1412 3016 1467 ἕνωσιν
3041 1417 3068 1467 ὁ
3099 1413 3351 1481 θεολόγος
3385 1414 3687 1477 ὑπέδειξεν,

2111 1503 2187 1564 ὡς
2218 1503 2277 1556 ἐν
2301 1501 2497 1573 βραχεῖ
2530 1502 2625 1556 καὶ
2672 1504 2822 1572 ἡμᾶς
2849 1503 3042 1568 δεῖξαι,
3083 1505 3358 1574 ἀμέριστα
3405 1505 3500 1558 καὶ
3535 1504 3692 1558 κοινά

2110 1594 2285 1650 ταῦτα
2335 1596 2514 1666 φήσας
2565 1596 2665 1664 τῆς
2709 1595 3010 1666 θεαρχικῆς
3041 1597 3296 1667 Τριάδος.
3347 1597 3424 1652 Οὐ
3479 1598 3588 1670 γὰρ
3629 1598 3691 1652 τὸ

2116 1689 2214 1757 μὲν
2243 1686 2400 1742 τοῦδε
2429 1689 2526 1742 τοῦ
2572 1688 2720 1742 θείου
2747 1688 3068 1760 προσώπου,
3107 1689 3268 1760 φησὶ,
3315 1689 3375 1742 τὸ
3405 1689 3460 1742 δέ
3514 1689 3687 1756 τοῦδε,

2113 1778 2250 1833 ἀλλά
2272 1781 2492 1844 κοινῶς,
2515 1780 2610 1835 καὶ
2649 1782 2968 1851 ήνωμένως,
3005 1781 3096 1835 καὶ
3125 1780 3342 1847 όλικῶς,
3387 1782 3481 1834 καὶ
3513 1781 3690 1836 ἀδιαι-

431 1864 547 1917 ἐστι
599 1868 744 1920 κατά
799 1867 902 1935 τήν
963 1862 1174 1923 οἰκείαν
1212 1869 1389 1940 ἀρχὴν
1440 1871 1538 1925 καὶ
1597 1870 1805 1941 ἵδρυσιν
1865 1873 2008 1944 ὑπὲρ
2037 1865 2084 1926 Β
2113 1870 2285 1940 ρέτως
2321 1872 2540 1926 πάντων
2575 1871 2712 1941 ὁμοῦ
2755 1872 2959 1938 πάντα,
2990 1873 3064 1934 ὡς
3109 1872 3227 1936 ἐνὸς
3272 1870 3484 1926 καὶτοῦ
3525 1870 3690 1926 αὐτοῦ

431 1954 556 2008 νοῦν
604 1957 723 2010 ἐστι
772 1959 869 2010 καὶ
925 1960 1110 2013 πᾶσαν
1167 1960 1364 2015 οὐσίαν
1411 1964 1506 2015 καὶ
1540 1963 1764 2031 γνῶσιν·
1797 1958 1930 2032 οἷον,
1960 1967 2010 2019 εί

428 2048 528 2119 τὴν
565 2050 894 2120 ὐπερούσιον
923 2055 1266 2126 κρυφιότητα
1293 2055 1448 2123 Θεὸν,
1487 2055 1711 2127 ἢζωὴν,
1743 2059 1778 2130 ἢ
1808 2061 1945 2128 φῶς,
1975 2059 2010 2128 ἢ

427 2140 588 2207 λόγον
623 2141 1020 2212 όνομάσαιμεν,
1058 2145 1215 2199 οὐδὲν
1262 2146 1450 2216 ἕτερον
1503 2147 1733 2218 νοοῦμεν
1764 2149 1797 2219 ἢ
1826 2150 1926 2214 τάς
1953 2150 2013 2216 ἐξ

431 2232 603 2300 αὐτῆς
626 2234 709 2298 είς
738 2235 886 2305 ήμᾶς
919 2236 1306 2306 προαγομένας
1337 2237 1620 2308 δυνάμεις,
1653 2241 2010 2308 ἐκθεωτικάς,

427 2323 461 2392 ἢ
505 2322 924 2397 οὐσιοποιούς,ἢ
958 2326 1337 2401 ζωογόνους,ἢ
1376 2331 1740 2402 σοφοδώρους,
1782 2335 1920 2406 αὐτῇ
1955 2335 2014 2388 δέ

432 2415 571 2468 κατά
598 2418 698 2488 τήν
724 2418 914 2471 πασῶν
929 2419 1038 2474 τῶν
1059 2422 1260 2493 νοερῶν
1295 2423 1587 2494 ἐνεργειῶν
1602 2425 1865 2481 ἀπόλυσιν
1897 2429 2014 2482 ἐπι-

425 2505 722 2576 ϐάλλομεν,
740 2510 995 2581 οὐδεμίαν
1017 2512 1251 2582 όρῶντες
1279 2514 1536 2585 θέωσιν,ἦ
1565 2517 1775 2586 ζωὴν,ἢ
1798 2519 2009 2586 οὐσίαν,

425 2597 550 2666 ἥτις
589 2599 834 2669 ἀκριϐῶς
876 2604 1124 2674 ἐμφερής
1180 2605 1300 2660 ἐστι
1345 2609 1411 2677 τῇ
1453 2606 1671 2662 πάντων
1701 2609 2012 2682 ἐξῃρημένη

429 2691 570 2744 κατά
605 2693 787 2744 πᾶσαν
808 2693 1087 2766 ὑπεροχὴν
1125 2697 1297 2770 αἰτίᾳ.
1315 2697 1447 2753 Εἶτα
1500 2703 1706 2771 μεταξύ
1753 2703 1914 2756 πάλιν
1942 2704 2010 2757 δι’

423 2781 625 2848 ὀλίγων
667 2782 830 2837 τινῶν
852 2784 956 2854 τήν
989 2786 1131 2858 ὑπὲρ
1160 2788 1320 2859 ήμῶν
1336 2789 1426 2843 διὰ
1445 2791 1646 2861 σαρκὸς
1659 2793 1753 2846 τοῦ
1772 2794 2008 2864 Χριστοῦ

421 2875 578 2928 θείαν
605 2875 921 2947 οίκονομίαν
942 2877 1295 2950 θεολογήσας,
1322 2882 1519 2952 ἐπάγει
1548 2887 1798 2939 κάκεῖνα·
1829 2886 2012 2941 Ταῦτα

425 2969 480 3020 δὲ
513 2969 648 3038 ἡμῖν
677 2985 738 3024 τε
771 2973 829 3024 ἐν
854 2970 1036 3034 ἄλλοις
1073 2972 1272 3036 ίκανῶς
1302 2973 1543 3046 εἴρηται,
1577 2979 1672 3032 καὶ
1701 2978 1780 3049 τῷ
1810 2979 2012 3053 κλεινῷ

427 3062 772 3132 καθηγεμόνι
799 3063 942 3117 κατὰ
971 3064 1072 3128 τάς
1095 3063 1414 3134 θεολογικάς
1443 3067 1611 3123 αὐτοῦ
1639 3069 2010 3140 στοιχειώσεις

424 3153 670 3224 ὕμνηται
704 3154 826 3210 λίαν
854 3156 1176 3227 ὑπερφυῶς.
1214 3158 1396 3231 Ἀπερ
1429 3161 1659 3228 ἐκεῖνος,
1712 3163 1824 3217 είτε
1869 3165 2008 3236 πρὸς

423 3248 536 3301 τῶν
592 3247 759 3318 ιερῶν
799 3249 1074 3318 θεολόγων
1127 3253 1493 3324 παρείληφεν,
1541 3255 1652 3310 είτε
1681 3257 1778 3312 καὶ
1817 3258 1882 3312 ἐκ
1910 3259 2009 3328 τῆς

425 3341 866 3412 ἐπιστημονικῆς
892 3342 1002 3398 τῶν
1024 3343 1218 3412 λογίων
1263 3345 1496 3416 ἐρεύνης
1535 3347 1906 3418 συνεώρακεν,
1945 3351 2010 3404 ἐκ

423 3429 524 3499 τῆς
563 3430 771 3501 πολλῆς
795 3435 926 3504 περὶ¹
973 3434 1116 3488 αὐτά
1151 3437 1463 3516 γυμνασίας
1507 3439 1604 3516 καὶ
1637 3440 1858 3511 τριϐῆς,
1894 3441 2010 3496 εἴτε

423 3521 521 3572 καὶ
555 3519 620 3574 ἐκ
645 3539 792 3587 τινος
831 3523 1050 3595 ἐμυήθη
1087 3511 1369 3598 θειοτέρας
1402 3511 1716 3595 ἐπιπνοίας,
1749 3531 1810 3584 οὐ
1847 3532 2011 3603 μόνον

427 3613 642 3682 μαθὼν,
678 3613 818 3670 ἀλλά
867 3615 966 3670 καὶ⁸
1009 3617 1204 3671 παθὼν
1257 3619 1326 3673 τὰ
1371 3619 1511 3688 θεῖα,
1562 3623 1673 3675 κάκ
1705 3623 1808 3692 τῆς
1871 3623 2010 3697 πρὸς

426 3707 566 3762 αὐτά
619 3709 993 3780 συμπαθείας,
1043 3711 1094 3764 εί
1123 3710 1268 3766 οὕτω
1320 3712 1428 3784 χρή
1484 3714 1674 3783 φάναι,
1721 3715 1860 3786 πρὸς
1910 3718 2011 3788 τήν

432 3799 717 3856 ἀδίδακτον
748 3800 932 3856 αὐτῶν
975 3805 1071 3858 καὶ
1101 3803 1370 3876 μυστικὴν
1395 3805 1779 3872 ἀποτελεσθεὶς
1817 3808 2011 3864 ἕνωσιν

431 3897 524 3951 καὶ
555 3899 763 3952 πίστιν.

500 3987 572 4039 Τδ
604 3988 702 4056 μὲν
732 3981 827 4041 οῦν
852 3988 1134 4058 ἡνωμένον
1157 3989 1254 4043 καὶ
1282 3989 1706 4062 διακεκριμένον
1749 3993 1851 4065 τῆς
1894 3995 2014 4050 θεό-

424 4096 612 4148 τητος,
645 4081 788 4134 κατά
817 4081 1022 4151 ταύτης
1057 4082 1203 4152 φημὶ
1247 4083 1346 4147 τὰς
1383 4085 1623 4154 φυσικάς
1652 4086 1828 4157 αὐτῆς
1851 4087 2012 4144 δυνά-

425 4187 574 4239 μ·ις,
609 4173 702 4225 καὶ
749 4172 1090 4241 μεταδόσεις,
1137 4181 1232 4228 καὶ
1287 4175 1576 4247 προόδους,
1623 4178 1720 4232 καὶ
1751 4181 2008 4251 μετοχὰς,

425 4264 526 4316 καὶ
562 4265 847 4334 προνοίας,
875 4266 969 4320 καὶ
998 4267 1367 4340 ἀγαθότητας,
1404 4270 1502 4325 καὶ
1536 4271 1770 4342 δωρεάς,
1798 4273 2014 4339 τούτοις

427 4358 522 4408 καὶ
556 4355 661 4426 γὰρ
689 4359 717 4410 ό
761 4356 1016 4425 θεολόγος
1059 4361 1453 4430 περιεκτικῶς,
1487 4363 1742 4436 καθάπερ
1772 4365 2014 4436 ήκούσα-

429 4467 554 4518 μεν,
587 4450 751 4520 ὐμνεῖ
808 4453 975 4506 πᾶσιν
1004 4451 1142 4522 ὁμοῦ
1177 4455 1291 4516 τοῖς
1337 4455 1509 4527 ἱεροῖς
1543 4455 1773 4527 ὀνόμασι
1812 4457 1880 4511 τά
1912 4457 2011 4528 τῆς

2113 1962 2248 2020 Θεοῦ
2273 2004 2287 2018 .
2325 1965 2437 2019 Kal
2461 1965 2512 2018 εί
2558 1965 2634 2037 μὴ
2663 1966 2798 2034 περὶ
2847 1967 2947 2033 τῆς
2997 1965 3128 2032 ὅλης
3156 1964 3410 2034 θεότητος
3450 1963 3584 2035 φαίη
3605 1980 3691 2026 τις

2110 2053 2287 2110 ταῦτα
2336 2057 2614 2128 εἰρῆσθαι,
2662 2058 2830 2127 φησὶν
2873 2058 2902 2110 ό
2947 2056 3135 2122 αὐτὸς,
3181 2056 3530 2126 βλασφημεῖν
3597 2055 3690 2108 καὶ

2111 2147 2435 2218 ἀποσχίζειν
2502 2149 2762 2220 ἀθέσμως
2825 2147 3003 2219 τολμᾷ
3076 2149 3180 2218 τὴν
3253 2131 3692 2218 ὑπερηνωμένην

2111 2237 2294 2296 ἐνάδα.

2182 2331 2296 2384 Kal
2346 2329 2490 2398 αὐτη
2529 2330 2683 2394 ἐστὶ,
2725 2329 2982 2400 καθάπερ
3031 2329 3272 2400 εἴρηται,
3320 2329 3353 2400 ἡ
3399 2328 3543 2382 κατὰ
3590 2328 3691 2391 τάς

2114 2421 2397 2493 ἐνεργείας
2425 2423 2682 2493 ἡνωμένη
2735 2421 2986 2490 θεολογία
3031 2421 3130 2490 τῆς
3184 2421 3459 2489 θεότητος.
3495 2421 3605 2472 Kal
3630 2419 3692 2472 τὺ

2113 2513 2532 2584 διακεκριμένον
2553 2512 2598 2565 δ’
2623 2513 2889 2578 ὡσαύτως
2910 2511 3224 2584 ἠκούσαμεν
3252 2512 3476 2580 ταύτης,
3512 2513 3693 2566 εὐδια-

2114 2603 2317 2674 κρίτως
2351 2604 2444 2657 τοῦ
2479 2604 2731 2673 θεολόγου
2769 2605 2863 2658 καὶ
2911 2603 3099 2674 σαφῶς
3135 2605 3229 2658 καὶ
3260 2605 3542 2668 εὐτάκτως
3572 2607 3694 2671 ὁρο-

2114 2697 2446 2766 θετήσαντος
2472 2696 2614 2751 κατὰ
2634 2697 2734 2770 τήν
2755 2696 2962 2768 ύπόσχε
2973 2714 3080 2751 σιν.
3108 2697 3238 2750 Θεία
3256 2697 3500 2765 καὶγὰρ,
3531 2696 3688 2766 φησὶ,

2111 2789 2385 2860 διάκρισίς
2414 2790 2564 2844 ἐστιν
2587 2791 2620 2862 ή
2651 2789 3048 2861 ἀγαθοπρεπὴς
3077 2789 3306 2859 πρόοδος
3321 2789 3420 2859 τῆς
3442 2789 3693 2852 ἐνώσεως

2111 2882 2211 2954 τῆς
2241 2882 2414 2948 θείας,
2433 2882 2876 2954 ὐπερηνωμένως
2918 2881 3122 2952 ἑαυτὴν
3151 2882 3448 2951 ἀγαθότητι
3480 2880 3693 2950 πληθυ-

2112 2972 2313 3044 νούσης
2365 2990 2426 3026 τε
2490 2974 2586 3028 καὶ
2653 2973 3227 3043 πολυπλασιαζούσης.
3285 2975 3394 3028 Kal
3479 2973 3688 3026 πάλινο

2113 3065 2299 3120 Πάντα
2328 3063 2441 3135 γὰρ
2479 3065 2548 3140 τὰ
2587 3065 2709 3119 θεῖα
2752 3067 2844 3120 καὶ
2873 3067 2976 3121 ὅσα
3015 3067 3152 3136 ήμῖν
3199 3065 3539 3133 ἐκπέφανται
3568 3066 3690 3128 ταῖς

2115 3158 2372 3228 μετοχαῖς
2421 3157 2617 3226 μόναις
2661 3157 3014 3227 γινώσκεται.
3060 3157 3213 3212 Αὐτά
3259 3156 3316 3210 δέ
3363 3157 3524 3211 ὁποῖά
3555 3156 3689 3210 ποτέ

2110 3250 2227 3304 ἐστι
2261 3249 2403 3304 κατά
2435 3249 2536 3321 τὴν
2564 3240 2774 3304 οίκείαν
2800 3250 2980 3321 ἀρχὴν
3008 3251 3104 3306 καὶ
3125 3250 3356 3322 ἵδρυσιν,
3391 3249 3532 3320 ὐπέρ
3561 3247 3687 3302 νοῦν

2111 3343 2228 3396 ἐστι
2277 3342 2373 3398 καὶ
2424 3345 2608 3397 πᾶσαν
2653 3343 2842 3396 οὐσίαν
2905 3345 3000 3398 καὶ
3048 3343 3275 3412 γνῶσιν.
3337 3342 3448 3395 Kal
3505 3339 3691 3413 μικρῷ

2111 3434 2340 3504 προϊώνο
2375 3433 2532 3488 Μετὰ
2557 3435 2659 3505 τὴν
2698 3435 2906 3506 σεπτὴν
2933 3435 3138 3506 δηλαδὴ
3184 3434 3280 3488 τοῦ
3317 3435 3465 3489 θείου
3521 3433 3689 3504 Ἱερο-

2112 3526 2236 3580 θέου
2271 3525 2553 3595 θεολογίαν
2582 3527 2877 3598 διάκρισιν,
2900 3529 3088 3598 φησὶν,
3122 3527 3273 3582 θείαν
3309 3520 3452 3581 εἶναί
3481 3542 3686 3594 φαμεν,

2111 3619 2434 3690 ώςιείρηται,
2454 3619 2553 3683 τὰς
2576 3620 2986 3691 ἀγαθοπρεπεῖς
3004 3621 3102 3691 τῆς
3124 3619 3380 3690 θεαρχίας
3403 3619 3686 3690 προόδους.

2111 3711 2440 3782 Δωρουμένη
2476 3711 2586 3781 γάρ
2606 3712 2740 3765 πᾶσι
2780 3714 2893 3774 τοῖς
2917 3711 3055 3777 οὐσι,
3095 3711 3192 3764 καὶ
3214 3710 3563 3780 ὐπερχέουσα
3589 3709 3689 3770 τὰς

2111 3803 2221 3856 τῶν
2238 3803 2376 3856 ὅλων
2408 3802 2632 3871 ἀγαθῶν
2669 3803 2986 3872 μετουσίας,
3023 3802 3314 3872 ὴνωμένως
3343 3801 3442 3871 μὲν
3473 3800 3687 3868 διακρί-

2112 3910 2280 3961 νεται,
2313 3892 2650 3964 πληθύνεται
2681 3892 2738 3946 δὲ
2765 3893 2980 3959 ἑνικῶς,
3026 3895 3124 3946 καὶ
3146 3891 3688 3954 πολλαπλασιάξεται

2111 3989 2516 4058 ἀνεκφοιτήτως
2531 4025 2547 4042 .

2186 4077 2298 4134 Kal
2323 4079 2418 4133 τοῦ
2445 4080 2703 4151 πέμπτου
2731 4079 2788 4133 δὲ
2825 4078 3125 4149 κεφαλαίου
3155 4079 3252 4132 τοῦ
3292 4078 3560 4150 παρόντος
3589 4078 3689 4149 ἀρ-

2111 4173 2343 4244 χόμενος
2395 4172 2626 4243 βιϐλίου,
2657 4172 2915 4243 καὶπερὶ
2962 4173 3057 4226 τοῦ
3107 4172 3262 4235 ὄντος
3310 4171 3524 4242 μέλλων
3568 4171 3690 4224 θεο-

2111 4263 2315 4332 λογεῖν,
2348 4261 2438 4334 Τῷ
2463 4263 2609 4334 λόγῳ
2659 4264 2884 4329 σκοπὸς,
2915 4264 3104 4332 φησὶν,
3137 4263 3196 4316 οὐ
3230 4262 3329 4333 τὴν
3360 4262 3688 4332 ὐπερούσιον

2110 4337 2316 4423 οὐσίαν,
2342 4350 2376 4428 ᾖ
2409 4355 2734 4424 ὐπερούσιος
2765 4355 3065 4424 ἐκφαίνειν·
3102 4356 3344 4426 ἄρρητον
3374 4354 3482 4424 γὰρ
3507 4353 3687 4425 τοῦτο,

2115 4451 2212 4504 καὶ
2243 4449 2703 4518 ἀγνωστόνλέστι,
2737 4449 2830 4502 καὶ
2870 4447 3152 4511 παντελῶς
3187 4447 3550 4516 ἀνέκφαντον,
3592 4452 3689 4500 καὶ

428 4543 584 4606 θείας
613 4544 834 4614 φύσεως
896 4545 1187 4615 ἰδιώματα,
1235 4546 1329 4600 καὶ
1377 4549 1477 4612 τὰς
1523 4550 1828 4620 ἐνεργείας,
1864 4549 1900 4606 ἃ
1944 4551 2009 4623 δὴ
2040 4561 2084 4617 D
2114 4544 2284 4612 αὐτὴν
2333 4542 2631 4612 ὑπεραῖρον
2677 4541 2775 4611 τὴν
2807 4541 3024 4595 ἕνωσιν·
3063 4539 3199 4595 ἀλλὰ
3228 4539 3328 4610 τὴν
3379 4539 3690 4592 οὐσιοποιὸν

430 4635 526 4688 καὶ
562 4635 704 4690 κατά
738 4635 904 4704 μέρος
946 4636 1072 4706 ἑξῆς
1119 4635 1354 4707 ὑμνήσει
1412 4639 1504 4691 καὶ
1535 4637 1875 4711 θεολογήσει,
1913 4644 2009 4695 καὶ

427 4727 646 4792 οἰκείως
675 4744 734 4783 τε
791 4727 885 4780 καὶ
911 4726 1231 4799 θεοπρεπῶς
1275 4728 1375 4799 τὴν
1422 4729 1689 4800 ἀνάλογον
1716 4733 1826 4800 ,καὶ
1866 4749 2008 4803 συμ-

431 4822 546 4890 φυᾶ
577 4819 954 4891 προσαρμόσει
987 4818 1302 4889 θεωνυμίαν
1327 4821 1567 4893 ἑκάστῳ,
1598 4823 1757 4877 τοῦτο
1781 4826 1876 4879 καὶ
1899 4826 2008 4896 γὰρ

427 4915 458 4966 ὁ
492 4912 694 4975 σκοπὸς
728 4911 879 4981 αὐτῷ
908 4910 1003 4964 τοῦ
1036 4911 1305 4992 παρόντος
1349 4911 1577 4982 βιϐλίου»,
1625 4915 1857 4969 αὐτόθεν
1889 4915 2008 4970 ἐστι

425 5003 638 5065 λαϐεῖν,
691 5001 756 5055 ἐκ
783 5001 891 5054 τῶν
925 5001 1026 5070 ἥδη
1069 5001 1348 5072 ῥηθέντων
1396 5002 1567 5072 αὐτῷ.
1624 5004 1706 5058 Τά
1750 5007 2008 5075 ἡνωμένα

428 5096 525 5148 καὶ
558 5095 691 5166 γάρ,
714 5097 867 5162 φησι,
888 5093 988 5162 τῆς
1030 5093 1159 5163 ὅλης
1187 5093 1442 5163 θεότητός
1477 5095 1605 5164 είσι,
1637 5096 1697 5150 τὸ
1732 5095 2010 5166 ὑπεράγα-

429 5185 543 5253 θον,
574 5187 635 5240 τὸ
689 5186 978 5255 ὐπέρθεον,
1013 5185 1074 5238 τὸ
1121 5185 1482 5254 ὐπερούσιον,
1528 5187 1589 5238 τὸ
1618 5188 1920 5258 ὐπέρζωον,
1946 5191 2008 5244 τὸ

426 5282 763 5352 ὑπέρσοφον.
801 5281 914 5336 Kal
961 5283 1080 5350 μετ’
1114 5281 1316 5349 ὀλίγον·
1365 5283 1476 5335 Kal
1496 5283 1596 5336 ὅσα
1627 5283 1690 5336 ἐκ
1729 5285 1836 5339 τῶν
1865 5288 2006 5355 ἀγα-

429 5373 725 5443 Οοπρεπῶν
759 5374 931 5445 αὐτῆς
989 5374 1212 5444 δωρεῶν
1262 5375 1294 5444 ἠ
1340 5375 1562 5429 πάντων
1604 5375 1827 5443 ἀγαθῶν
1853 5379 2007 5432 αἰτία

429 5465 888 5535 κατονομάζεται.
945 5465 1032 5518 Ἐν
1082 5466 1139 5519 δέ
1169 5483 1233 5534 γε
1261 5468 1327 5536 τῇ
1363 5467 1504 5538 ἀρχῇ
1546 5467 1643 5521 τοῦ
1692 5471 1825 5538 περὶ
1867 5472 2008 5540 ἠνω-

432 5561 603 5631 μένης
657 5561 754 5612 καὶ
797 5558 1226 5629 διακεκριμένης
1275 5557 1556 5626 θεολογίας
1601 5560 1819 5613 τουτουῖ
1863 5579 2007 5631 φημι

426 5655 523 5708 τοῦ
561 5655 721 5722 λόγου
749 5650 890 5705 οὕτω
914 5652 1031 5715 πώς
1054 5665 1211 5723 φησιο
1245 5652 1418 5706 Τοῦτο
1447 5653 1546 5723 μὲν
1583 5647 1677 5706 οῦν
1703 5653 1794 5705 καὶ
1823 5654 1882 5706 ἐν
1912 5655 1994 5709 ἀλ-

425 5749 542 5811 λοις
586 5745 880 5812 ἐξετασθέν
903 5747 1036 5814 ήμῖν
1063 5745 1467 5808 ἀποδέδεικται,
1493 5745 1553 5798 τὸ
1581 5745 1764 5808 πάσας
1798 5746 1884 5799 ἀεὶ
1907 5747 2007 5809 τὰς

429 5839 759 5911 θεοπρεπεῖς
808 5836 1117 5910 θεωνυμίας
1157 5839 1216 5893 οὐ
1268 5838 1532 5911 μερικῶς,
1588 5836 1703 5895 ἀλλ’
1749 5838 1842 5894 ἐπὶ
1903 5838 2008 5909 τῆς

2111 4637 2192 4700 είς
2222 4635 2292 4690 τά
2317 4635 2449 4689 ὅντα
2477 4637 2658 4689 πάντα
2697 4635 2793 4704 τῆς
2826 4633 3126 4705 θεαρχικῆς
3163 4633 3483 4704 οὐειαρχίας
3523 4634 3691 4702 πρῦο-

2109 4729 2197 4784 δον
2224 4730 2500 4802 ὑμνῆσαι,
2535 4729 2626 4782 καὶ
2642 4728 2829 4794 τᾶλλα,
2857 4730 2958 4782 ὅσα
2983 4726 3140 4795 παρὰ
3167 4727 3261 4781 τοῦ
3286 4727 3539 4797 θεολόγου
3567 4727 3690 4780 τού-

2107 4839 2204 4876 του
2231 4821 2488 4886 λαϐόντες
2507 4822 2669 4892 ήμεῖς
2694 4824 2752 4874 ἐν
2780 4819 2859 4891 τῷ
2882 4820 3049 4889 τρίτῳ
3079 4818 3386 4888 φθάσαντες
3423 4819 3523 4889 ήδη
3554 4835 3690 4872 κατ-

2109 4913 2468 4986 εστρώσαμεν
2521 4915 2687 4985 λόγῳ,
2709 4913 2872 4984 ήνίκα
2927 4913 2993 4984 δὴ
3024 4911 3120 4966 καὶ
3152 4912 3222 4965 τά
3253 4911 3384 4982 περὶ
3416 4910 3566 4974 θείας
3598 4911 3691 4962 δυ-

2109 5008 2329 5076 νάμεως
2381 5005 2754 5075 ἐσκοποῦμεν.
2808 5003 2923 5058 Νῦν
2973 5004 3030 5058 δέ
3076 5006 3323 5068 σκοπεῖν,
3374 4997 3555 5072 οἶμαι,
3607 5002 3690 5055 δεῖ

2109 5099 2218 5170 πρὸ
2240 5098 2351 5152 τῶν
2374 5097 2574 5165 ἄλλων,
2614 5097 2757 5160 τίνες
2781 5097 2830 5150 οί
2855 5095 3208 5157 διδάσκοντες
3237 5085 3406 5155 οῦτοι,
3439 5092 3533 5145 καὶ
3571 5091 3688 5144 θεο-

2109 5190 2396 5260 λογοῦντες
2428 5191 2610 5256 ταυτὶ,
2640 5189 2736 5244 καὶ
2781 5190 2947 5244 πόθεν
2977 5187 3161 5258 έχουσι
3195 5188 3264 5240 τά
3311 5182 3540 5238 τοιαῦτα
3578 5199 3686 5252 μα-

2109 5284 2316 5350 θόντες,
2352 5285 2451 5339 καὶ
2485 5285 2536 5338 εί
2558 5283 2640 5337 δεῖ
2668 5283 2957 5337 πείθεσθαι
2999 5281 3212 5344 τούτοις
3264 5275 3682 5348 ἀναμφιϐόλως,

2109 5375 2144 5452 ἢ
2179 5377 2279 5446 μή·
2305 5375 2528 5447 Πρῶτον
2562 5375 2661 5446 μὲν
2683 5370 2777 5430 οῦν
2824 5373 3062 5443 τοσαύτη
3098 5371 3180 5436 τίς
3211 5372 3360 5424 ἐστιν
3391 5370 3422 5439 ή
3451 5367 3561 5422 τῶν
3586 5367 3684 5421 ἀνθ

2106 5468 2248 5538 δρῶν
2269 5469 2460 5539 ἀρετὴ,
2513 5471 2610 5522 καὶ
2657 5469 2840 5538 σοφία,
2871 5469 2966 5520 καὶ
3034 5463 3322 5534 θεολογική
3373 5460 3682 5532 ἐπιστήμη,

2109 5561 2204 5614 καὶ
2229 5559 2458 5629 θεωρία,
2506 5561 2601 5612 καὶ
2637 5559 2698 5632 τὸ
2729 5557 3110 5614 διδασκαλικὸν
3154 5555 3295 5628 μετὰ
3337 5554 3463 5618 τοὺς
3498 5553 3687 5624 ἐγκρί-

2108 5667 2238 5713 τους
2275 5650 2384 5703 τῶν
2413 5649 2732 5704 ἀποστόλων
2766 5651 2908 5704 κατά
2937 5649 3155 5703 πάντων
3189 5647 3376 5718 σχεδὸν
3405 5645 3628 5716 κράτος,
3656 5642 3686 5697 ὃ

2107 5744 2172 5816 δὴ
2208 5743 2304 5798 καὶ
2327 5744 2632 5816 ἀρχόμενος
2664 5741 2818 5798 είπον
2847 5743 2944 5796 τοῦ
2975 5743 3158 5810 λόγου,
3198 5741 3270 5805 ὠς
3308 5742 3356 5793 εί
3388 5741 3484 5792 καὶ
3517 5737 3592 5808 μή
3625 5737 3687 5790 τὸ

2110 5834 2458 5909 μαθητεῦσαι
2514 5836 2625 5898 τοῖς
2681 5833 3002 5905 κορυφαίοις
3061 5831 3168 5888 τῶν
3225 5830 3544 5888 ἀποστόλων
3591 5828 3689 5883 καὶ
