4090 6444
500 347 605 407 855

1541 351 1642 411 ΡΗ
1659 349 1968 410 ιΙΝΓΗΕΙ
1998 349 2079 409 CF

2178 344 2650 408 'ATRIARCHE
3617 350 3710 413 856

445 486 461 534 η
501 461 803 530 προύχουσι
865 460 1077 523 τούτοις
1121 465 1332 531 προσῆν
1378 461 1474 516 καὶ
1502 465 1604 533 τὴν
1636 465 1745 518 τῶν
1771 465 2081 533 ἐκκλησιῶν
2107 469 2159 530 Α
2187 464 2573 532 φωτιζόμενοι,
2616 461 2710 514 καὶ
2751 459 2888 531 πρὸς
2939 458 3036 525 τὰς
3091 459 3239 530 ἱερὰς
3299 460 3604 531 ύμνολογίας
3632 483 3713 518 τυ-

455 542 460 594 Ϊ
503 553 662 623 ἱερὰν
712 554 1050 624 προστασίαν
1097 572 1155 607 τε
1203 555 1300 607 καὶ
1344 555 1704 624 δημαγωγίαν
1751 557 1846 609 ὑπ’
1898 555 2077 609 αὐτῶν

503 642 887 712 πιστευθῆναι,
924 643 1018 697 καὶ
1053 643 1411 698 ἀποστολικὺν
1455 643 1555 713 μὲν
1595 643 1830 713 δραμεῖν
1875 642 2076 712 δρόμον

501 734 598 787 καὶ
644 734 1012 804 ἀμφοτέρους,
1059 735 1151 788 τὸν
1196 735 1384 804 ἕτερον
1437 734 1493 786 δέ
1539 733 1748 788 τούτων
1798 733 2072 802 ὗπερὸολῇ

503 825 814 896 προθυμίας
847 827 1138 897 ὑπερόριον
1173 827 1435 895 γεγονότα
1457 827 1552 879 καὶ
1587 826 1722 894 πρὸς
1762 826 1994 888 Ἰταλούς
2015 842 2076 878 τε

503 920 598 973 καὶ
629 919 863 980 Γάλλους
894 920 1208 982 ἐλαύνοντα,
1249 917 1584 992 μαρτύρικὺν
1617 919 1711 972 ἐπὶ
1738 923 1870 973 πᾶσι
1899 919 1966 972 δι’
1992 919 2077 972 αῖ-

505 1028 674 1080 ματος
703 1011 1072 1080 ἀναδήσασθαι
1099 1012 1384 1078 στέφανον,
1405 1012 1494 1066 διά
1509 1029 1572 1078 γε
1593 1012 1662 1064 τὰ
1693 1010 2078 1081 προρρηθέντα

505 1104 666 1171 μόνα,
722 1106 837 1163 τοῖς
890 1102 1086 1172 ἀκροις
1137 1104 1246 1156 τῶν
1283 1102 1551 1170 θεολόγων
1599 1103 1688 1158 καὶ
1737 1102 2077 1155 διδασκάλων

503 1193 966 1264 συναριθμεῖσθαι
991 1195 1101 1249 δεῖν
1128 1191 1268 1249 εἶναι
1297 1197 1395 1265 τῆς
1434 1194 1671 1264 Χριστοῦ
1719 1193 2071 1263 Ἐκκλησίας.

499 1287 616 1341 Νῦν
645 1286 700 1340 δέ
743 1288 1040 1356 πρόσεστιν
1069 1289 1296 1353 ἐκείνοις
1326 1289 1418 1341 καὶ
1447 1288 1641 1350 ταῦτα,
1683 1287 1825 1342 οὕτω
1853 1305 1935 1340 τοι
1978 1303 2076 1356 με-

499 1381 667 1446 γάλα,
701 1381 796 1436 καὶ
832 1381 1143 1451 θαυμαστὰ,
1174 1383 1267 1435 καὶ
1296 1381 1549 1435 πλείστου
1581 1383 1730 1452 παρά
1760 1384 1924 1436 πᾶσιν
1952 1382 2077 1446 ἀξια

501 1473 686 1542 λόγου,
724 1475 927 1542 μᾶλλον
949 1474 1006 1528 δὲ
1041 1477 1134 1529 καὶ
1165 1475 1326 1544 λόγου
1357 1476 1449 1528 καὶ
1495 1476 1774 1544 θαύματος
1815 1478 2072 1546 κρείττω,

499 1567 578 1636 τῷ
618 1561 806 1636 ’καινῷ
853 1585 995 1636 φημι
1036 1568 1381 1646 συνδυασμῷ,
1442 1569 1537 1622 καὶ
1591 1573 1655 1639 τῇ
1711 1569 1847 1640 πρὸς
1894 1572 2076 1623 ἐκεῖνα

501 1657 775 1729 συνδρομῇ
827 1659 920 1712 καὶ
971 1659 1188 1724 ἑνώσει,
1239 1660 1314 1724 ὡς
1359 1663 1470 1714 κάκ
1524 1661 1702 1730 μόνων
1729 1661 1838 1714 τῶν
1877 1661 2076 1728 ὀνομά-

499 1767 609 1803 των
637 1754 731 1805 καὶ
755 1752 856 1821 τῆς
889 1755 1269 1822 προσηγορίας
1315 1753 1584 1823 αίδέσιμοι
1630 1756 1726 1806 καὶ
1773 1755 2075 1822 ὑπερφυεῖς

498 1859 646 1907 τινες
679 1839 819 1898 εἶναι
849 1848 962 1908 τοῖς
1006 1847 1161 1909 πᾶσι,
1197 1847 1289 1900 καὶ
1328 1847 1426 1913 τὴν
1457 1847 1662 1898 τούτων
1704 1845 1856 1914 ίεράν
1890 1845 2072 1899 θεολο-

499 1935 630 2003 γίαν
662 1954 720 1990 τε
754 1939 846 1990 καὶ
874 1939 941 1992 τά
965 1938 1212 2008 δόγματα
1259 1936 1395 1990 Θεοῦ
1439 1938 1626 2004 φωνάς
1671 1935 1950 2006 ἄντικρυς,
1983 1937 2080 1990 καὶ

501 2026 661 2094 λόγια
705 2027 929 2098 δεύτερα
977 2032 1071 2083 καὶ
1121 2029 1458 2098 νενομίσθαι,
1511 2029 1604 2081 καὶ
1654 2028 1967 2098 ὠνομάσθαι
2011 2031 2078 2100 τῇ

502 2119 670 2173 αὐτοῦ
717 2121 1042 2193 Ἐκκλησία.
1077 2121 1186 2175 Kal
1229 2119 1461 2175 τοιοῦτοι
1494 2121 1592 2192 μέν
1631 2122 1680 2175 οί
1709 2121 1968 2190 θεολόγοι,
2003 2122 2080 2185 ὡς

501 2211 568 2276 ἐξ
593 2209 803 2281 ὀνύχων
829 2215 962 2280 φασὶ
995 2212 1162 2277 δεῖξαι
1190 2213 1280 2267 τὸν
1324 2213 1536 2278 λέοντα,
1576 2215 1670 2266 καὶ
1714 2215 1907 2268 ούδένα
1968 2213 2079 2267 τῶν

500 2301 742 2355 εὐσεϐῶν
764 2305 1013 2373 ἀντερεῖν
1034 2298 1188 2374 οἶμαι
1216 2307 1330 2368 τοῖς
1365 2304 1506 2374 ὑπὲρ
1535 2305 1716 2358 αὐτῶν
1741 2307 2075 2376 εἰρημένοις

499 2394 640 2464 πρὸς
685 2395 742 2448 δέ
795 2382 970 2466 τούτῳ
1001 2397 1220 2450 κάκεῖνο
1270 2398 1358 2449 δεῖ
1387 2400 1642 2468 συνορᾷν,
1691 2400 1840 2460 ὅπως
1869 2413 1930 2450 τε
1983 2400 2078 2451 καὶ

497 2487 622 2540 ὅθεν
652 2489 867 2558 ἔχουσιν
917 2491 1114 2543 ἐκεῖνοι
1139 2492 1208 2543 τά
1263 2491 1383 2545 θεῖα
1413 2492 1507 2544 καὶ
1551 2491 1731 2560 ὑψηλά
1771 2489 1945 2544 ταῦτα
1976 2503 2079 2559 μα-

501 2579 706 2642 θόντες.
743 2581 940 2635 Καίτοι
1017 2597 1082 2647 γε
1131 2582 1228 2636 καὶ
1292 2585 1546 2652 περιττόν
1577 2599 1692 2644 πως
1738 2577 1808 2653 ἦν
1837 2582 1929 2635 καὶ
1978 2583 2080 2645 τῆς

499 2673 694 2742 χρείας
713 2671 817 2739 ἔξω
855 2673 915 2726 τὸ
936 2672 1115 2727 ταῦτα
1146 2673 1332 2743 ζητεῖν
1357 2673 1487 2743 περὶ
1519 2671 1628 2726 τῶν
1662 2672 1945 2738 τοιούτων,
1973 2672 2078 2736 ἕως

500 2764 570 2818 ἀν
597 2764 864 2835 ὁμιλητὰς
906 2767 1106 2829 αὐτοὺς
1155 2767 1388 2837 εἰδῶμεν
1432 2768 1647 2822 Παύλου
1695 2770 1791 2822 καὶ
1828 2767 2076 2822 Ἰωάννου

499 2855 608 2909 τῶν
639 2856 828 2926 ἄκρων
860 2857 1102 2927 Χριστοῦ
1148 2859 1488 2923 ἀποστόλων,
1519 2860 1615 2914 καὶ
1667 2859 1951 2928 θεολόγων,
2003 2855 2079 2912 ὧν

499 2946 602 3002 οὐκ
648 2947 708 3012 ἐξ
734 2948 1038 3018 ἀνθρώπων
1082 2950 1202 3003 οὐδὲ
1252 2950 1321 3003 δι’
1365 2950 1673 3022 ἀνθρώπων
1720 2952 1753 3020 ὴ
1785 2950 1978 3020 κλῆσις
2016 2966 2076 3003 τε

499 3041 597 3095 καὶ
624 3042 686 3095 τὸ
717 3042 1074 3110 Εύαγγέλιον,
1119 3043 1238 3101 ἀλλ’
1273 3043 1333 3109 ἐξ
1377 3045 1551 3113 αὐτῆς
1591 3043 1838 3106 ἐνώσεώς
1873 3060 1933 3096 τε
1981 3044 2078 3096 καὶ

499 3133 721 3200 ὁμιλίας
750 3133 1013 3215 ξριστοῦ.
1055 3135 1205 3188 Ἐπεὶ
1235 3136 1292 3189 δέ
1324 3137 1444 3189 ούδέ
1465 3135 1626 3189 τοῦτο
1663 3135 1872 3201 διδάξαι
1897 3135 2075 3206 παρῆ-

499 3241 602 3278 καν
626 3225 678 3278 οί
705 3225 976 3295 θεολόγοι,
1009 3228 1304 3294 σκοπῶμεν
1338 3227 1433 3281 καὶ
1470 3227 1648 3282 τοῦτο.

567 3315 822 3385 Τρισσῶς
865 3333 998 3387 φησι
1046 3317 1186 3370 κατά
1225 3318 1460 3388 τρόπους
1497 3319 1591 3371 καὶ
1629 3320 1822 3388 λόγους
1857 3320 2011 3388 τρεῖς
2052 3321 2080 3372 6

502 3409 649 3479 ίερὸς
689 3410 965 3473 Διονύσιος
1010 3410 1173 3464 αὐτόν
1214 3426 1272 3463 τε
1301 3412 1394 3464 καὶ
1439 3414 1530 3464 τὸν
1565 3411 1776 3464 κλεινὸν
1818 3411 2080 3480 Ἱερόθεον

499 3503 598 3574 τὴν
615 3503 764 3558 θείαν
777 3505 1008 3576 ταυτηνὶ
1030 3503 1304 3575 μυηθῆναι
1325 3504 1622 3574 θεολογίαν,
1646 3505 1895 3575 καθάπερ
1917 3501 2082 3573 ἠκού-

501 3614 676 3668 σαμεν
691 3599 793 3670 ἢδη
814 3615 828 3631 ο
849 3600 930 3651 ἐνὶ
958 3599 1056 3668 μὲν
1077 3599 1155 3670 τῷ
1185 3601 1292 3653 τῶν
1306 3600 1490 3670 ἄκρων
1511 3600 1828 3653 ἀποστόλων
1853 3600 2078 3653 ἐκείνων

499 3689 769 3759 ὁμιλητὰς
790 3691 988 3754 αὐτοὺς
1011 3709 1116 3762 χρη
1127 3709 1370 3760 ματισαι,
1391 3692 1485 3744 καὶ
1514 3691 1662 3744 τοῦτ’
1688 3691 1836 3743 ἔστιν
1857 3689 2078 3744 ἀκούειν

395 3795 402 3806 ‘
499 3784 560 3836 ἐν
603 3784 723 3845 ταῖς
769 3781 1072 3851 θεολογίαις
1129 3785 1331 3848 αὐτοῦ,
1371 3784 1549 3836 πυκνὰ
1581 3782 1710 3845 τοὺς
1746 3783 2078 3844 ἀποστόλους

497 3873 594 3927 καὶ
621 3873 976 3937 διδασκάλους
1005 3873 1411 3944 προῖσταμένου
1435 3916 1449 3942 ,
1473 3874 1683 3936 καὶτὰς
1711 3873 1862 3943 ίεράς
1896 3887 2078 3944 παρα-

497 3967 675 4029 δόσεις
706 3967 950 4031 ἐκείνων,
971 3968 1065 4019 καὶ
1095 3969 1192 4019 νῦν
1218 3967 1316 4036 μὲν
1333 3967 1559 4036 ὀνόματι
1580 3966 1748 4034 κοινῷ
1773 3965 2076 4033 θεολόγους,

498 4059 593 4112 καὶ
621 4057 974 4120 ἀποστόλους,
1001 4059 1096 4112 καὶ
1125 4058 1474 4130 ίερομύστας,
1494 4059 1588 4111 καὶ
1614 4057 1958 4130 καθηγητὰς,
1983 4059 2078 4112 καὶ

501 4149 972 4219 ῖεροδιδασκάλους
1003 4149 1426 4214 ἀποκαλοῦντος,
1452 4150 1548 4202 νῦν
1573 4149 1629 4202 δὲ
1662 4149 1756 4202 καὶ
1791 4150 2074 4218 ὀνομαστὶ,

496 4241 592 4295 καὶ¹
625 4240 860 4310 μάλιστα
892 4239 1104 4294 Παύλου
1130 4240 1226 4292 τοῦ
1261 4241 1562 4309 κορυφαίου
1585 4238 1692 4292 τῶν
1717 4238 2076 4306 διδασκάλων,

500 4333 642 4404 μετά
663 4333 922 4403 πλείστης
949 4335 1082 4403 ὅσης
1106 4332 1205 4402 τῆς
1232 4331 1512 4397 ἀξιώσεως
1532 4331 1887 4403 μεμνημένου
1916 4345 1930 4359 ⁸
1958 4331 2080 4383 δευ-

497 4427 642 4495 τέρῳ
680 4425 738 4478 δέ
766 4425 841 4491 τῷ
879 4427 942 4478 ἐκ
977 4425 1085 4478 τῶν
1115 4425 1276 4478 θείων
1302 4426 1389 4478 ἀεὶ
1413 4425 1670 4494 Γραφῶν,
1696 4425 1787 4476 καὶ
1818 4423 1924 4476 τῶν
1945 4424 2078 4476 ταύ-

498 4535 619 4580 ταις
641 4517 939 4572 δοκούντων
960 4515 1368 4588 όρμᾶσθαι,καὶ
1395 4517 1562 4586 μηδὲν
1594 4517 1916 4584 ἐπιχειρεῖν,
1938 4514 2073 4584 μηδὲ
2107 4549 2152 4604 D

498 4609 810 4679 λογίζεσθαι
844 4608 1133 4678 μηδοτιοῦν
1161 4609 1311 4677 παρά
1341 4609 1441 4674 τὴν
1465 4608 1574 4660 τῶν
1617 4607 1814 4674 λογίων
1851 4607 2075 4660 ἀκολου-

500 4702 622 4755 θίαν
652 4717 712 4753 τε
741 4701 835 4753 καὶ
865 4700 1170 4767 θεολογίαν.
1199 4699 1382 4752 Ἔστω
1408 4699 1502 4750 καὶ
1529 4698 1638 4767 γὰρ
1667 4699 1799 4766 ἡμῖν
1828 4697 1924 4752 καὶ
1959 4696 2076 4760 νῦν,

500 4795 688 4864 φησὶν,
727 4793 756 4846 6
790 4793 898 4845 τῶν
927 4791 1127 4860 λογίων
1157 4789 1360 4858 θεσμὸς
1387 4789 1857 4860 προδιωρισμένος
1890 4790 1949 4842 τδ
1981 4789 2078 4856 τὴν

498 4887 760 4958 ἀλήθειαν
783 4887 815 4956 η
825 4887 932 4954 μᾶς
960 4881 1372 4953 καταδήσασθαι
1393 4882 1503 4936 τῶν
1535 4883 1663 4950 περὶ
1685 4881 1821 4935 Θεοῦ
1853 4881 2080 4950 λεγομέ-
2148 4925 2150 4928 .

501 4997 629 5044 νων,
661 4980 762 5032 ούκ
798 4978 853 5030 ἐν
886 4977 1094 5040 πειθοῖς
1127 4976 1321 5044 σοφίας
1358 4974 1710 5042 ἀνθρωπίνης
1743 4975 1941 5042 λόγοις,
1963 4973 2078 5026 ἀλλ’

503 5077 560 5126 ἐν
582 5071 857 5135 ἀποδείξει
883 5070 985 5139 τῆς
1019 5071 1522 5138 πνευματοκινήτου
1551 5068 1658 5120 τῶν
1690 5069 1954 5135 θεολόγων
1989 5068 2079 5120 δυο-

502 5167 740 5234 νάμεως.
773 5164 880 5215 Καὶ
905 5161 1082 5225 αὖθις·
1107 5160 1353 5215 Καθόλου
1377 5159 1667 5231 τοιγαροῦν
1690 5160 1750 5212 ού
1783 5159 2080 5228 τολμητέον

501 5259 708 5322 εἰπεῖν,
739 5253 864 5307 οὔτε
915 5253 1022 5324 μὴν
1053 5255 1377 5325 ἐννοῆσαίτι
1427 5252 1554 5321 περὶ
1601 5253 1696 5318 τῆς
1747 5252 2077 5318 ύπερουσίου

502 5351 597 5402 καὶ
638 5347 877 5418 κρυφίας
931 5345 1185 5416 θεότητος
1235 5346 1388 5415 παρὰ
1434 5346 1500 5398 τὰ
1548 5344 1784 5406 θειωδῶς
1825 5345 1958 5412 ἡμῖν
2015 5344 2078 5394 ὲκ

502 5441 614 5494 τῶν
671 5439 830 5492 θείων
863 5437 1060 5506 λογίων
1118 5439 1530 5508 ἐκπεφασμένα.
1589 5439 1697 5490 Καὶ
1746 5436 1939 5488 πάλιν
2000 5434 2080 5488 Τὰ

503 5531 560 5584 δὲ
591 5530 810 5601 ἄρρητα
869 5530 1110 5598 σώφρονι
1156 5535 1283 5602 σιγῇ
1342 5531 1644 5599 τιμῶντες,
1703 5532 1796 5581 ἐπὶ
1836 5530 1932 5589 τὰς
1989 5527 2078 5580 ἐλ⁹

509 5621 992 5693 λαμπούσαςημίν
1038 5624 1094 5675 ἐν
1133 5626 1243 5686 τοῖς
1276 5625 1439 5694 ἱεροῖς
1488 5624 1688 5690 λογίοις
1739 5620 1907 5686 αὐγὰς
1954 5621 2078 5672 ἀνα-

504 5712 814 5779 τεινόμεθα,
859 5714 953 5768 καὶ
1011 5713 1146 5782 πρὸς
1170 5715 1348 5767 αὐτῶν
1391 5711 1899 5781 φωταγωγούμεθα,
1945 5711 2079 5778 πρὸς

506 5803 631 5865 τοὺς
676 5804 999 5880 θεαρχικοὺς
1051 5807 1251 5880 ῦμνους
1307 5809 1399 5862 ὑπ’
1441 5808 1629 5880 ,αὐτῶν
1688 5806 2076 5875 ύπερκοσμίσ.ι›ς

2178 554 2463 623 πούμενοι,
2516 552 2651 621 πρὸς
2700 553 2760 605 τὸ
2795 552 2888 605 καὶ
2943 552 3075 622 ὁρᾷν
3125 551 3194 605 τά
3237 553 3553 622 συμμέτρως
3599 556 3715 625 ἡμῖν

2177 644 2247 699 δι’
2309 645 2490 699 αὐτῶν
2552 644 2873 714 δωρούμενα
2933 643 3201 714 θεαρχικὰ
3259 631 3446 712 φῶτα,
3494 646 3583 698 καῖ⁷
3631 645 3718 716 τὴν

2144 727 2499 807 ’ἀγαθοδότιν
2554 737 2728 808 ἀρχὴν
2781 737 2998 805 ἀπάσης
3044 735 3193 806 ἱερᾶς
3245 736 3453 804 ύμνεῖν,
3491 738 3561 800 ὡς
3592 737 3718 805 αὑτὴ

2178 831 2306 898 περὶ
2343 829 2542 899 ἑαυτῆς
2577 830 2635 881 ἐν
2661 830 2775 892 τοῖς
2807 829 2970 896 ἱεροῖς
2993 825 3195 894 λογίοις
3229 827 3591 895 παραδέδωκε.
3621 827 3721 878 Καὶ

2177 921 2342 975 πάλιν
2368 938 2381 952 ·
2420 922 2478 973 Εἰ
2515 920 2613 988 μέν
2643 923 2753 988 γάρ
2783 918 2900 972 ἐστί
2937 934 3021 981 τις
3057 917 3196 980 ὅλως
3233 918 3261 970 6
3288 920 3398 978 τοῖς
3428 916 3616 982 λογίοις
3638 917 3722 970 ἀν-

2177 1013 2594 1082 τανιστάμενος,
2639 1011 2830 1082 πόρῤω
2881 1027 2986 1064 που
3030 1009 3250 1072 πάντως
3305 1007 3454 1060 ἔσται
3501 1009 3591 1061 καὶ
3634 1007 3724 1071 τῆς

2178 1106 2304 1162 καθ’
2333 1107 2476 1177 ἡμᾶς
2517 1107 2856 1176 φιλοσοφίας,
2888 1105 2982 1158 ml
3020 1105 3068 1156 εί
3107 1103 3182 1172 μὴ
3207 1104 3304 1174 τῆς
3331 1103 3391 1155 ἐκ
3416 1101 3518 1154 τῶν
3546 1100 3723 1168 λογίων

2177 1201 2328 1268 αὐτῷ
2352 1200 2639 1266 θεοσοφίας
2672 1199 2848 1268 μέλει,
2880 1198 2998 1260 πῶς
3043 1198 3109 1251 ἀν
3138 1199 3269 1267 ημῖν
3305 1195 3509 1267 μελήσῃ
3532 1195 3622 1263 τῆς
3642 1195 3726 1246 ἐπὶ

2176 1296 2276 1366 τὴν
2326 1291 2645 1362 θεολογικὴν
2686 1292 3003 1361 ἐπιστήμην
3041 1288 3206 1342 αὑτοῦ
3251 1287 3640 1357 χειραγωγίας;
3671 1285 3726 1338 Εἰ

2177 1385 2234 1438 δὲ
2251 1385 2328 1446 είς
2357 1383 2453 1454 τὴν
2476 1382 2586 1435 τῶν
2613 1382 2810 1449 λογίων
2840 1379 3098 1451 ἀλήθειαν
3118 1379 3441 1443 ἀποσκοπεῖ,
3465 1375 3730 1443 τούτῳκαὶ

2176 1476 2340 1546 ἡμεῖς
2355 1474 2538 1529 κανόνι
2558 1475 2653 1527 καὶ
2675 1474 2813 1543 φωτὶ
2837 1471 3135 1542 χρώμενοι,
3158 1470 3294 1540 πρὸς
3311 1470 3409 1539 τὴν
3430 1469 3728 1536 ἀπολογίαν,
3753 1454 3756 1462 ’

2177 1565 2254 1630 ὡς
2282 1560 2395 1618 οἶόν
2432 1564 2491 1618 τέ
2523 1567 2712 1634 ἐσμεν,
2740 1562 2975 1624 ἀκλινῶς
3009 1559 3361 1631 βαδιούμεθα.

2249 1659 2359 1712 Καὶ
2402 1656 2615 1727 μακρὸν
2658 1656 2726 1709 ἂν
2761 1656 2871 1722 εἴη,
2907 1655 3001 1708 καὶ
3034 1654 3132 1723 τῆς
3185 1653 3334 1722 ὥρας
3362 1651 3496 1717 ἔξω,
3525 1650 3592 1704 τὰ
3644 1647 3730 1702 τοῦ

2178 1749 2433 1815 θεολόγου
2462 1749 2659 1800 τούτου
2705 1747 2885 1800 πάντα
2927 1744 3022 1798 νῦν
3052 1744 3181 1812 ἑξῆς
3228 1743 3572 1811 καταλέγειν,
3599 1739 3732 1802 ὅπως

2108 1840 2146 1894 Β
2175 1855 2236 1892 τε
2289 1840 2384 1892 καὶ
2421 1839 2558 1892 ὅπου
2609 1836 2720 1892 τῶν
2753 1836 2913 1891 θείων
2957 1835 3192 1908 Γραφῶν
3225 1835 3283 1887 ἐν
3313 1836 3432 1895 ταῖς
3460 1831 3617 1885 αὑτοῦ
3648 1847 3736 1899 μευ

2185 1931 2464 2001 μνημένος
2513 1931 2601 2000 εῐη
2641 1929 2946 1997 θεολογίαις
2997 1928 3092 1997 τῆς
3138 1928 3290 1997 ἱερᾶς
3349 1924 3510 1978 αύτοῦ
3568 1922 3735 1990 πάσης

2181 2022 2318 2090 όμοῦ
2353 2019 2740 2088 πραγματείας
2767 2016 2858 2070 ὑπ’
2887 2016 3009 2085 ὄψιν
3043 2016 3215 2070 ἅπασι
3243 2014 3625 2084 προκειμένης,
3653 2011 3737 2063 καὶ

2179 2112 2280 2182 τὴν
2314 2113 2424 2164 τῶν
2450 2111 2826 2178 Εὑαγγελίων,
2861 2110 2956 2162 καὶ
2983 2107 3300 2162 ἀποστόλων
3334 2107 3428 2160 καὶ
3465 2102 3738 2174 προφητῶν

2184 2202 2528 2272 συμφωνίαν,
2559 2203 2654 2256 καὶ
2694 2200 2845 2272 ῥητῷ
2881 2217 3050 2269 φημι,
3084 2200 3177 2253 καὶ
3201 2199 3437 2269 διανοίᾳ,
3468 2197 3558 2250 καὶ
3589 2196 3738 2248 πᾶσιν

2179 2288 2263 2357 οἷς
2297 2293 2501 2360 ἔξεστι,
2549 2292 2821 2364 λαμπρῶς
2871 2290 3384 2361 ἀνακηρυττούσης.
3438 2287 3628 2342 Λοιπὸν
3669 2284 3739 2337 ἔτι

2181 2385 2274 2440 καὶ
2295 2387 2476 2456 τρίτον
2500 2385 2683 2447 αὐτοῖς
2705 2387 2822 2438 ἐστι
2848 2383 2981 2452 πρὸς
2995 2383 3090 2452 τὴν
3113 2382 3212 2452 τῆς
3238 2377 3554 2450 ὑπερφυοῦς
3579 2375 3740 2428 θεολο-

2180 2480 2306 2546 γίας
2356 2477 2771 2546 μυσταγωγίαν,
2810 2469 2853 2544 ᾧ
2885 2475 2948 2545 δὴ
2991 2476 3083 2529 καλ⁵
3125 2474 3234 2527 τῶν
3274 2473 3545 2526 πλείστων
3589 2469 3743 2536 ὑπερ-

2180 2569 2397 2639 ἔχοντες
2447 2569 2804 2630 διδασκάλων,
2847 2570 2961 2631 τοῖς
3011 2568 3233 2628 οἰκείοις
3273 2566 3650 2635 μυσταγωγοῖς
3688 2575 3740 2614 τε

2180 2665 2275 2714 καὶ
2307 2661 2628 2731 κορυφαίοις
2655 2661 2994 2730 ἁμιλλῶνται
3006 2660 3138 2714 ’τῶν
3163 2658 3504 2720 ἀποστόλων,
3532 2658 3565 2725 ἡ
3595 2652 3744 2720 καινὴ

2179 2750 2290 2806 τῶν
2337 2751 2655 2820 μυστηρίων
2687 2749 2897 2803 ἀνωθεν
2935 2749 3279 2818 ἀποκάλυψις
3335 2749 3402 2801 δι’
3443 2744 3745 2815 ἐλλάμψεως

2181 2845 2334 2912 ίερᾶς
2360 2861 2504 2913 φημι
2527 2842 2625 2896 καὶ
2653 2843 2906 2911 γνώσεως
2930 2842 3231 2910 ἀγνώστου,
3254 2841 3359 2896 καὶ
3389 2843 3627 2896 ἐνὼσεως
3646 2853 3748 2889 νοε-

2183 2936 2282 3004 ρᾶς
2310 2934 2624 3005 ὑπερφυοῦς
2653 2950 2710 2987 τε
2743 2935 2838 2988 καὶ
2859 2934 3201 3006 ἀπορρήτου,
3235 2935 3365 2987 καθ’
3391 2934 3458 3004 ἢν
3487 2926 3747 2986 ἀποκαλύ-

2181 3044 2377 3080 πτεται
2410 3027 2480 3080 τὰ
2529 3029 2806 3098 μυστήρια
2853 3030 2966 3092 τοῖς
3007 3027 3328 3081 θεοειδέσιν.
3370 3029 3474 3080 Ἦν
3521 3027 3548 3078 6
3601 3020 3748 3091 σοφὸς

2181 3119 2456 3183 Διονύσιος
2501 3121 2558 3173 ἐν
2593 3120 2693 3189 μὲν
2743 3122 2853 3184 τοῖς
2893 3119 3131 3188 φθάσασι
3174 3119 3476 3182 διδάσκων,
3511 3117 3750 3182 καθάπερ

2183 3211 2536 3282 ἠκούσαμεν,
2569 3211 2699 3281 περὶ
2740 3211 2839 3277 μὲν
2869 3211 3034 3273 αὐτὸς
3080 3207 3298 3275 ἐαυτοῦ,
3353 3211 3516 3265 Ἀλλά
3562 3207 3752 3262 τούτων

2183 3308 2306 3376 μὲν,
2345 3307 2501 3376 φησὶ,
2531 3306 2641 3358 τῶν
2673 3305 2920 3359 ἐνώσεών
2950 3323 3009 3358 τε
3043 3307 3137 3358 καὶ
3177 3305 3540 3377 διακρίσεων,
3570 3305 3665 3356 ὅσα
3701 3302 3752 3352 ἐν

2181 3400 2295 3460 τοῖς
2343 3397 2546 3465 λογίοις
2577 3395 2906 3467 θεοπρεπεῖς
2935 3397 3115 3460 αἰτίας
3156 3387 3509 3466 εὑρήκαμεν,
3550 3397 3605 3447 ἐν
3647 3393 3753 3453 ταῖς

2182 3490 2518 3556 θεολογικαῖς
2554 3487 2969 3542 ύποτυπὼσεσιν
3001 3489 3108 3557 ίδίᾳ
3137 3489 3267 3557 περὶ
3299 3489 3542 3542 ἑκάστου
3583 3485 3755 3538 διαλα-

2182 3581 2389 3645 ϐόντες,
2435 3579 2507 3642 ὡς
2544 3579 2762 3648 ἐφικτὸν
2793 3578 3114 3647 ὲξεθέμεθα,
3151 3579 3220 3631 τά
3277 3579 3394 3646 μὲν
3425 3578 3756 3644 ἀνελίξαντες

2181 3665 2256 3734 τῷ
2281 3666 2472 3736 ἀληθεῖ
2491 3665 2655 3736 λόγῳ,
2687 3666 2780 3719 καὶ
2804 3666 3231 3734 ἀναπτύξαντες,
3265 3669 3367 3720 καὶ
3396 3667 3489 3722 τὸν
3514 3667 3654 3736 ἱερὸν
3675 3665 3760 3718 καὶ

2181 3755 2582 3810 ἀνεπιθόλωτον
2614 3754 2737 3808 νοῦν
2763 3756 2855 3808 ἐπὶ
2884 3757 2951 3808 τά
2985 3754 3130 3824 φανὰ
3159 3755 3267 3810 τῶν
3286 3754 3496 3823 λογίων
3524 3754 3758 3822 θεάματα

2181 3849 2652 3918 προσαγαγόντες,
2682 3849 2794 3909 τοῖς
2817 3845 2872 3900 δὲ
2903 3845 2977 3908 ὡς
3011 3847 3291 3916 μυστικοῖς
3319 3849 3464 3900 κατά
3500 3846 3597 3914 τὴν
3620 3843 3758 3898 θείαν

2179 3940 2483 4009 παράδοσιν
2520 3941 2662 4010 ὑπὲρ
2699 3939 2894 4008 νοεράν
2927 3938 3210 4008 ἐνέργειαν
3227 3939 3626 3999 ἐπιϐαλόντες.
3670 3934 3749 3986 Ἐν

2179 4032 2235 4086 δὲ
2266 4031 2341 4101 τῷ
2373 4031 2586 4102 ἑϐδόμῳ
2611 4030 2892 4100 κεφαλαίῳ
2915 4029 3008 4082 τοῦ
3046 4029 3209 4084 αὑτοῦ
3245 4029 3463 4100 βιϐλίου
3501 4030 3631 4099 περὶ
3652 4025 3749 4080 τῶν

2180 4125 2362 4180 αὐτῶν
2393 4126 2572 4179 τοιάδε
2620 4125 2756 4193 φησί
2787 4140 2801 4154 °
2833 4123 2943 4176 Kal
2976 4125 3039 4176 ἐκ
3066 4123 3174 4175 τῶν
3221 4123 3399 4178 ὄντων
3441 4123 3693 4176 ἁπάντων
3725 4117 3750 4168 6

2180 4219 2315 4281 Θεὸς
2347 4218 2622 4287 ὑμνεῖται,
2640 4217 2781 4272 κατά
2807 4217 2908 4288 τὴν
2936 4214 3153 4268 πάντων
3178 4217 3484 4284 ἀναλογίαν
3519 4209 3595 4269 ὧν
3622 4215 3749 4264 ἐστιν

2181 4311 2376 4375 αίτιος,
2420 4310 2515 4363 καὶ
2551 4309 2698 4362 ἔστιν
2734 4309 2891 4372 αὖθις
2923 4312 2957 4380 ἡ
3003 4309 3258 4378 θειοτάτη
3320 4307 3464 4361 Θεοῦ
3499 4305 3694 4376 γνῶσις
3725 4301 3754 4366 ἡ

2179 4403 2249 4456 δι’
2281 4402 2556 4469 ἀγνωσίας
2586 4401 2972 4471 γινωσκομένη
3003 4401 3145 4454 κατὰ
3175 4401 3274 4470 τὴν
3300 4399 3449 4470 ὑπὲρ
3483 4398 3610 4451 νοῦν
3638 4395 3760 4448 ἔνω-

2183 4509 2290 4559 σιν,
2317 4492 2446 4545 ὅταν
2479 4493 2508 4544 6
2539 4491 2663 4556 νοῦς
2681 4493 2788 4544 τῶν
2820 4491 2990 4544 ὄντων
3021 4491 3239 4544 πάντων
3272 4489 3549 4553 ἀποστάς,
3577 4488 3758 4540 ἔπειτα

2180 4585 2278 4639 καὶ
2309 4587 2501 4638 ἑαυτὸν
2551 4584 2734 4653 ἀφεὶς,
2765 4583 2938 4652 ἑνωθῇ
2968 4585 3088 4644 ταῖς
3138 4581 3488 4651 ύπερφαέσιν
3531 4582 3760 4639 ἀκτῖσιν,

2178 4678 2393 4732 ἐκεῖθεν
2425 4678 2522 4732 καὶ
2562 4679 2680 4730 ἐκεῖ
2705 4678 2781 4746 τῷ
2814 4675 3220 4744 ἀνεξερευνήτῳ
3253 4672 3413 4742 βάθει
3445 4674 3545 4743 τῆς
3579 4669 3763 4738 σοφίας

2179 4771 2698 4840 καταλαμπόμενος.
2756 4769 2889 4837 Περὶ
2925 4768 2981 4820 δέ
3032 4784 3095 4836 γε
3138 4767 3232 4820 τοῦ
3279 4768 3434 4820 θείου
3501 4763 3762 4836 Ἰεροθέου

2178 4865 2352 4919 ταῦτὰ
2381 4882 2549 4934 φησιν
2575 4879 2588 4893 ⁸
2621 4865 2744 4916 Είτε
2767 4864 2904 4933 πρὸς
2931 4860 3040 4914 τῶν
3075 4860 3237 4930 ἱερῶν
3267 4859 3552 4928 θεολόγων
3582 4855 3766 4926 παρεί-

2178 4959 2374 5027 ληφεν,
2427 4956 2537 5008 εἴτε
2571 4957 2664 5008 καὶ
2695 4957 2758 5008 ἐκ
2792 4955 2892 5022 τῆς
2921 4954 3367 5022 ἐπιστημονικῆς
3408 4951 3525 5003 τῶν
3573 4949 3767 5018 λογίων

2179 5053 2409 5123 ἐρεύνης
2426 5051 2797 5117 συνεώρακεν,
2817 5049 2879 5101 ἐκ
2894 5047 2992 5116 τῆς
3011 5045 3214 5114 πολλῆς
3235 5044 3368 5112 περὶ
3399 5046 3548 5096 αύτά
3569 5058 3768 5111 γυμνα-

2181 5147 2302 5207 σίας
2338 5145 2435 5198 καὶ
2465 5142 2677 5214 τριϐῆς,
2710 5140 2820 5194 εἴτε
2850 5141 2944 5194 καὶ
2975 5139 3038 5192 ἐκ
3060 5155 3204 5200 τινος
3229 5135 3459 5207 ἐμυήθη
3487 5135 3768 5203 θειοτέρας

2179 5238 2489 5300 ἐπιπνοίας,
2513 5235 2574 5288 ού
2596 5234 2757 5304 μόνον
2789 5233 2996 5300 μαθὼν,
3029 5231 3164 5285 ἀλλά
3184 5231 3274 5282 καὶ
3301 5230 3508 5284 παθὼν
3525 5231 3605 5284 γτά
3627 5228 3764 5288 θεῖα,

2180 5333 2288 5384 κάκ
2315 5330 2414 5398 τῆς
2448 5328 2586 5399 πρὸς
2611 5326 2753 5381 αύτά
2783 5324 3154 5394 συμπαθείας,
3181 5324 3229 5376 εί
3259 5322 3412 5376 οὕτω
3441 5323 3554 5393 χρὴ
3587 5321 3772 5390 φάναι,

2181 5421 2317 5491 πρὸς
2349 5420 2450 5487 τὴν
2496 5417 2780 5472 ἀδίδακτον
2815 5416 3018 5479 αὐτῶν,
3061 5418 3155 5470 καὶ
3187 5413 3469 5485 μυστικὴν
3508 5410 3771 5468 ἀποτελεο

2183 5517 2329 5577 σθεὶς
2369 5513 2564 5566 ἕνωσιν
2590 5513 2687 5565 καὶ
2719 5509 3146 5563 πίστιν.Τούτων
3175 5509 3351 5569 οὕτως
3389 5510 3652 5579 ἐχόντων.
3683 5503 3772 5558 καὶ

2179 5609 2440 5675 τοιαύτης
2493 5605 2594 5676 μὲν
2639 5605 2738 5671 τῆς
2773 5605 2925 5672 ἱερᾶς
2975 5601 3143 5672 οὔσης
3178 5602 3493 5668 θεολογίας,
3542 5601 3638 5653 καὶ
3667 5595 3772 5649 τῶν

2184 5701 2524 5771 μυστηρίων,
2559 5698 2685 5766 περὶ
2711 5690 2787 5749 ὧν
2820 5695 3174 5763 σκοπούμεθα
3217 5693 3342 5754 νῦν,
3400 5691 3671 5746 τοιούτων
3717 5685 3771 5739 δὲ

2183 5795 2287 5849 τῶν
2308 5794 2572 5861 θεολόγων
2597 5792 2823 5846 τουτωνὶ
2845 5789 3225 5860 κλὶκηρύκων,
3246 5783 3597 5855 τηλικαύτης
3613 5784 3666 5836 δὲ
3686 5781 3771 5834 καὶ
