4090 6442
430 347 537 409 857

1229 353 1531 458 CQNTRA
1561 358 1993 422 GREGORAM
2029 361 2804 424 ANTIRRHETICORUM.
2827 362 2895 424 V.

3573 364 3682 427 858

421 465 526 531 τῆς
558 464 967 534 μυσταγωγίαῆ
995 467 1114 537 μεθ’
1134 461 1200 540 ἧς
1224 473 1314 524 ἐπὶ
1340 474 1468 538 τούς
1496 474 1687 542 λόγους
1719 472 1881 546 ἦλθον
1911 478 2006 529 αὐ-
2032 480 2082 537 Λ
2109 477 2204 530 καὶ
2234 477 2332 531 τὰς
2379 476 2775 540 θεοπνεύστους
2818 477 2931 530 τῶν
2971 476 3170 546 λογίων
3222 478 3549 549 μαρτυρίας,
3586 483 3682 534 καὶ

422 556 506 610 τοὶ
521 555 762 621 τούτους,
791 557 1098 629 ἀξιώσομεν
1134 560 1227 614 νῦν
1255 563 1413 634 ἡμεῖς
1441 567 1566 629 τοὺς
1587 568 1717 638 περὶ
1747 569 1840 621 τὸν
1865 569 2011 636 φιλό-

425 662 589 712 σοφον
613 647 922 717 Γρηγορᾶν,
957 651 1011 703 τί
1039 653 1168 723 περὶ
1201 654 1408 708 τούτων
1436 658 1681 720 ἀξιοῦσιν
1705 661 1902 716 εἰπεῖν.
1944 659 2007 716 EE

425 740 526 809 μὲν
557 742 667 812 γάρ
696 743 970 798 πείθονται
1004 748 1217 812 τούτοις
1243 769 1302 803 τε
1348 756 1461 814 τοῖς
1493 753 1594 822 ἤδη
1626 755 1842 824 ῥηθεῖσι
1863 794 1878 819 ,
1911 758 2005 811 καὶ

423 833 589 886 πᾶσιν
617 833 744 903 ἑξῆς
760 837 858 889 ὅσα
883 840 1008 908 περί
1037 841 1147 893 τῶν
1178 842 1359 896 αὐτῶν
1389 846 1435 897 οἱ
1468 847 1720 914 Πατέρες⁴
1743 839 1888 900 οὗτοι
1911 849 2008 917 τῆς

433 924 764 1003 Ἐκκλησίας
813 931 952 983 κατά
985 933 1150 1004 μέρος
1199 933 1513 1002 θεολογοῦσι
1559 937 1645 990 διά
1676 939 1876 1001 παντὸς
1909 939 2004 992 τοῦ

421 1021 648 1090 βιϐλίου,
687 1023 883 1095 ἔχομεν
933 1029 994 1080 τὸ
1036 1029 1374 1098 ζητούμενον
1417 1032 1552 1102 ἤδη,
1591 1035 1685 1086 καὶ
1743 1035 1868 1088 οὐδὲ
1899 1051 2008 1088 πυ-

420 1111 610 1176 κτίων,
659 1115 780 1168 οὐδὲ
825 1117 998 1183 λόγων
1031 1121 1238 1188 ἐτέρων
1271 1123 1457 1190 σχεδὸν
1503 1123 1684 1193 χρεία.
1719 1125 1864 1177 Αὐτὸ
1894 1125 2005 1196 γὰρ

416 1203 598 1266 τοῦτο,
634 1207 726 1257 καλ⁵
746 1206 846 1258 οὐκ
876 1207 1006 1260 ἄλλο
1043 1211 1240 1271 σκοπός
1271 1214 1390 1264 ἐστι
1420 1216 1534 1275 τοῖς
1564 1197 1840 1281 θεολόγοις
1871 1216 2003 1268 τού-

416 1307 531 1354 τοις
577 1293 636 1345 tv
685 1295 765 1366 τῷ
797 1299 1026 1368 παρόντι
1057 1304 1201 1371 φημὶ
1249 1302 1355 1356 τῶν
1379 1303 1538 1357 Θείων
1572 1306 1860 1375 ὀνομάτων
1918 1308 2002 1378 βι-

418 1383 570 1454 ϐλίῳ,
591 1387 651 1439 τὸ
683 1391 811 1459 περὶ
839 1391 948 1443 τῶν
980 1393 1226 1460 φυσικῶν
1256 1395 1350 1449 τοῦ
1373 1396 1511 1450 Θεοῦ
1534 1397 1880 1470 θεολογῆσαι,
1909 1389 2002 1457 καὶ

415 1475 476 1528 τὸ
509 1476 786 1547 ἡνωμένον
812 1481 948 1551 ὁμοῦ
979 1485 1072 1536 καὶ
1100 1483 1518 1556 διακεκριμένον
1542 1490 1721 1544 αὐτῶν
1736 1492 1875 1561 πρὸς
1900 1492 2001 1562 τὴν

416 1565 569 1622 θείαν
601 1571 762 1638 φύσιν
814 1577 1015 1638 εἰπεῖν,
1051 1578 1144 1630 καὶ
1174 1578 1466 1646 ὀνομάσαι,
1516 1582 1610 1633 καὶ
1662 1583 1996 1654 ἀνυμνῆσαι,

413 1661 724 1729 καίδιδάξαι
753 1665 1007 1734 καθάπερ
1029 1669 1389 1740 ἐδιδάχθησαν
1422 1672 1596 1726 ταῦτα
1624 1673 1722 1742 τὴν
1754 1676 1994 1746 Χριστοῦ

427 1751 755 1822 Ἐκκλησίαν
776 1798 790 1818 ,
825 1760 954 1828 περί
987 1754 1061 1813 ὧν
1092 1761 1265 1831 δήπου
1312 1764 1407 1817 καὶ
1443 1766 1600 1834 ἡμεῖς
1631 1767 1728 1820 νῦν
1763 1769 2000 1822 σκοποῦ-

419 1862 548 1912 μεν·
585 1849 632 1900 εἰ
662 1849 706 1902 δ’
739 1851 1086 1919 ἀπιστοῦσιν,
1122 1855 1184 1907 οὐ
1233 1857 1370 1925 πρὸς
1415 1859 1638 1923 αὐτοὺς,
1688 1861 1824 1915 ἀλλά
1856 1864 1993 1932 πρὸς

416 1939 595 1992 πᾶσαν
627 1942 762 2009 ὁμοῦ
815 1943 916 2013 τὴν
944 1945 1309 2018 εὐαγγελικὴν
1330 1989 1346 2014 ,
1401 1951 1495 2003 καὶ
1526 1952 1897 2024 ἀποστολικήν
1933 1972 1994 2009 τε

413 2032 511 2083 καὶ
558 2036 902 2105 προφητικὴν
967 2037 1266 2106 θεολογίαν,
1298 2045 1303 2052 ’
1336 2043 1430 2094 καὶ
1481 2043 1573 2097 τὸν
1635 2044 1692 2098 tv
1735 2046 1872 2116 αὐτῇ
1933 2064 1994 2100 τε

414 2123 508 2174 καὶ
567 2127 774 2186 τούτοις
827 2127 1138 2198 λαλήσαντα
1207 2131 1379 2198 Θεὸν,
1439 2135 1508 2189 τά
1567 2136 1670 2204 τῆς
1730 2139 1993 2202 ἀπιστίας

413 2213 667 2285 καθαρῶς
687 2219 970 2273 διαϐαίνει.
1009 2223 1118 2276 Καὶ
1155 2224 1239 2287 τίς
1256 2224 1336 2277 ἔτι
1365 2227 1502 2296 πρός
1535 2243 1599 2295 γε
1645 2229 1775 2292 τοὺς
1813 2231 1991 2286 τοιού-

412 2321 538 2370 τους
591 2308 748 2376 λόγος
787 2313 952 2380 ἡμῖν,
985 2317 1078 2367 καὶ
1132 2316 1306 2369 ταῦτα
1367 2319 1499 2386 περὶ
1563 2320 1864 2386 τοιούτων;
1924 2323 1992 2377 ’Δ

413 2399 544 2468 γὰρ,
587 2404 772 2470 φησὶν,
816 2407 844 2457 6
893 2405 1057 2474 νόμος
1081 2406 1252 2471 λαλεῖ,
1287 2411 1398 2473 τοῖς
1431 2413 1490 2463 tv
1518 2411 1598 2479 τῷ
1621 2413 1773 2483 νόμῳ
1815 2414 1990 2480 λαλεῖ,

413 2495 526 2555 τοῖς
554 2494 685 2560 γοῦν
713 2495 1005 2552 ἀπιστοῦσι
1050 2503 1174 2570 περὶ
1203 2503 1303 2572 τῆς
1334 2503 1460 2572 δλης
1489 2503 1761 2577 θεότητος,
1792 2508 1875 2560 δτι
1900 2508 1994 2562 καὶ

417 2584 584 2653 μονάς
614 2585 751 2648 ἐστι,
779 2587 873 2639 καὶ
899 2588 1080 2656 τριάς,
1103 2591 1198 2643 καὶ
1223 2592 1306 2645 δτι
1333 2594 1452 2648 κατ’
1487 2596 1665 2650 ἐκεῖνο
1694 2597 1792 2666 μὲν
1824 2599 1994 2671 ὑπερ-

413 2675 563 2742 φυῶς
598 2694 656 2728 τε
693 2679 786 2730 καὶ
819 2679 1072 2750 ἀρρήτως
1115 2683 1356 2751 ἥνωται,
1397 2687 1541 2740 κατά
1569 2687 1730 2742 τοῦτο
1762 2689 1820 2742 δὲ
1849 2690 1992 2744 διαι-

381 2809 384 2816 .
415 2770 589 2836 ρεῖται
619 2768 963 2838 ἀδιαιρέτως,
990 2774 1083 2826 καὶ
1105 2775 1251 2829 ἐστιν
1278 2777 1420 2848 ὑπὲρ
1455 2779 1633 2834 πάντα
1667 2780 1827 2850 λόγον
1852 2783 1992 2853 ὁμοῦ

411 2859 470 2912 tv
504 2860 642 2931 αὐτῇ
680 2861 713 2931 ἦ
744 2879 803 2915 τε
833 2863 1102 2933 διάκρισις
1137 2869 1229 2921 καὶ
1281 2872 1312 2939 ἠ
1347 2872 1561 2938 ἓνωσις,
1591 2876 1688 2928 καὶ
1717 2876 1799 2929 δτι
1855 2878 1992 2948 μόνη

413 2951 564 3021 πηγὴ
597 2950 697 3019 τῆς
729 2953 1058 3024 ὑπερουσίου
1089 2959 1343 3031 θεότητος
1371 2963 1399 3014 6
1437 2963 1650 3035 Πατὴρ,
1675 2965 1775 3020 καὶ
1803 2967 1871 3021 τά
1893 2969 1994 3036 τῆς

413 3043 738 3116 ὑπερουσίου
773 3050 1050 3118 θεογονίας
1075 3053 1175 3106 οὐκ
1208 3056 1559 3128 ἀντιστρέφει
1592 3060 1733 3128 πρὸς
1759 3060 1989 3132 ἄλληλα,

2113 569 2176 638 δὴ
2210 568 2304 622 καὶ
2352 569 2448 630 τὰς
2494 570 2645 639 ἰεράς
2695 569 3071 638 ἀποκαλύψεις
3105 572 3261 640 φασὶ,
3299 573 3428 641 περὶ
3470 573 3527 624 δὲ
3571 571 3682 624 τῶν
3724 584 3731 589 ·

2109 659 2380 730 δευτέρων
2409 660 2616 714 τούτων
2646 661 2800 714 οὐδέν
2830 680 2882 715 τι
2912 663 3022 714 τῶν
3049 664 3358 734 εἰρημένων
3382 663 3680 724 οὐδοτιοῦν,

2108 751 2248 803 tam)
2285 751 2458 805 ταῦτα
2489 753 2628 806 κατὰ
2668 753 2761 806 τὸν
2797 755 3064 824 ὑμέτερον
3103 755 3280 824 λόγον,
3309 757 3403 809 καὶ
3433 757 3684 809 πιστευέ-

2108 844 2325 898 σθωσαν
2359 845 2456 913 μὲν
2488 845 2546 897 ὲν
2594 845 2848 911 ἐκείνοις,
2899 847 3351 900 άπιστείσθωσαν
3383 847 3428 899 δ’
3463 849 3520 899 tv
3560 846 3683 898 τού·-

2106 955 2219 1000 τοις
2250 938 2373 992 καθ’
2405 939 2547 1008 ὑμᾶς
2577 941 2626 990 οί
2657 939 2826 992 κοινοί
2853 941 2954 1009 τῆς
2989 940 3314 1010 Ἐκκλησίας
3334 939 3678 993 διδάσκαλον

2106 1032 2362 1098 φείδομαι
2399 1033 2508 1101 γάρ
2544 1049 2598 1084 τι
2634 1031 2799 1086 πλέον
2825 1032 3030 1085 εἰπεῖν·
3062 1034 3113 1086 εἰ
3143 1033 3199 1085 δὲ
3231 1031 3423 1104 ὥσπερ
3453 1033 3511 1083 tv
3536 1030 3679 1083 ὲκείο

2104 1139 2240 1185 νοις,
2268 1121 2410 1175 οὑτω
2437 1123 2540 1175 κάν
2569 1122 2802 1187 τούτοις,
2834 1123 2931 1176 καὶ
2961 1123 3279 1177 ἀποστόλων
3310 1125 3450 1176 εἰσὶν
3475 1124 3680 1192 ἀκροα-

2103 1213 2218 1277 ταὶ,
2269 1215 2364 1266 καὶ
2413 1213 2677 1284 διάδοχοι,
2732 1215 2825 1268 καὶ
2875 1213 3138 1282 θεολόγοι,
3183 1215 3278 1266 καὶ
3340 1213 3680 1265 διδασκάλων

2103 1303 2284 1374 ἄκροι,
2314 1306 2423 1358 κάκ
2465 1306 2574 1359 τῶν
2605 1306 2797 1374 λογίων
2831 1307 3014 1359 πᾶσαν
3064 1305 3201 1375 ὁμοῦ
3239 1305 3530 1372 θεολογίαν
3577 1322 3681 1373 μαι

2106 1398 2289 1459 θόντες
2334 1397 2544 1466 έχουσι,
2573 1400 2671 1452 καὶ
2711 1401 2840 1466 περὶ
2871 1399 3092 1451 πάντων
3123 1396 3386 1458 ὡσαύτως
3415 1395 3514 1465 τὴν
3545 1395 3683 1448 ἀνω-

2104 1488 2197 1542 θεν
2236 1489 2583 1558 ἀποκάλυψιν
2629 1491 2726 1543 καὶ
2759 1490 2859 1560 τὴν
2892 1490 3134 1560 ἀῤῥητον
3167 1487 3561 1560 μυσταγωγίαν
3596 1485 3682 1538 δε-

2104 1582 2350 1650 ξάμενοι,
2399 1583 2496 1636 καὶ
2552 1583 2842 1652 μαθόντες,
2887 1589 2979 1639 καὶ
3034 1585 3300 1647 παθόντες
3332 1583 3536 1642 ἐκεῖνα,
3585 1579 3682 1632 καὶ

2100 1674 2355 1746 διαστολή
2399 1693 2482 1738 τις
2551 1678 2608 1729 tv
2664 1676 2896 1740 ἐκείνοις
2943 1677 3040 1732 καὶ
3099 1677 3369 1745 διαίρεσις
3415 1671 3680 1741 οὐδαμοῦ,

2100 1768 2185 1832 τίς
2214 1769 2246 1838 ἡ
2281 1768 2444 1838 καινὴ
2472 1769 2557 1821 καὶ
2592 1754 2907 1838 παράλογος
2935 1768 3073 1838 αὕτη
3101 1768 3297 1838 τόλμα,
3333 1765 3408 1827 ὡς
3431 1763 3529 1817 νῦν
3579 1761 3680 1829 μὲν

2097 1858 2295 1920 αὐτοὺς
2327 1863 2442 1921 τοῖς
2474 1859 2818 1924 διδασκάλοις
2850 1877 2908 1912 τε
2931 1861 3026 1913 καὶ
3054 1862 3166 1923 τοῖς
3190 1858 3465 1926 θεολόγοις
3491 1853 3682 1923 ἐγκρί-

2098 1967 2232 2016 νειν,
2259 1950 2354 2003 νῦν
2375 1951 2432 2004 δὲ
2460 1951 2585 2013 τούς
2611 1953 2811 2015 αὐτοὺς
2832 1952 3159 2020 διαγράφειν
3184 1951 3322 2020 μετά
3355 1949 3558 2018 πολλῆς
3577 1946 3680 2013 τῆς

2095 2041 2366 2108 ἐξουσίας,
2403 2043 2496 2094 καὶ
2541 2041 2664 2094 τοτὲ
2712 2041 2816 2111 μιν
2864 2040 3124 2112 Ἱερόθεόν
3171 2056 3231 2093 τε
3277 2038 3370 2091 καὶ
3401 2034 3678 2090 Διονύσιον

2099 2134 2239 2198 μετὰ
2271 2131 2381 2185 τῶν
2419 2132 2733 2186 ἀποστόλων
2765 2148 2826 2184 τε
2854 2134 2949 2184 καὶ
2989 2129 3255 2197 θεολόγων
3297 2129 3543 2187 ἑστάναι,
3584 2127 3682 2177 καὶ

2094 2225 2449 2288 διδασκάλους
2477 2220 2618 2280 εἶναι
2679 2226 2772 2278 καὶ
2807 2227 3054 2295 κήρυκας
3084 2221 3194 2276 τῶν
3213 2218 3680 2288 ὑπερφυεστάτων

2098 2317 2222 2387 περὶ
2274 2317 2412 2371 Θεοῦ
2461 2318 2660 2386 λόγων,
2719 2317 2786 2371 ἂν
2837 2317 2932 2370 καὶ
2973 2316 3041 2369 τά
3086 2315 3218 2385 ὑμῖν
3257 2311 3552 2379 θεολογῶσι
3594 2310 3683 2361 δο-

2095 2409 2323 2473 κοῦντα,
2360 2411 2480 2464 τοτὲ
2509 2412 2566 2464 δὲ
2594 2409 2897 2480 ὑπερορίαν
2923 2408 3104 2462 αὐτῶν
3141 2424 3202 2460 τε
3236 2406 3330 2458 καὶ
3367 2406 3466 2473 τῆς
3497 2401 3683 2454 αὐτῶν

2096 2501 2578 2572 καταψηφίζεσθαι
2622 2501 2927 2569 θεολογίας,
2968 2502 3019 2552 εί
3070 2498 3147 2568 μὴ
3199 2499 3326 2560 ταῖς
3379 2495 3681 2564 ὑμετέραις

2098 2593 2602 2662 συμπεριφέροιντο
2631 2591 2838 2656 δόξαις;
2863 2593 2934 2644 Ἦ
2955 2590 3063 2659 γάρ
3097 2591 3203 2644 κάν
3230 2587 3448 2650 τούτοις
3484 2603 3542 2638 τε
3582 2583 3680 2636 κά-

2095 2682 2300 2744 κείνοις
2345 2681 2572 2752 ἀληθεῖς
2624 2683 2675 2734 οί
2727 2681 3065 2742 διδάσκαλοι,
3117 2681 3211 2732 καὶ
3241 2678 3324 2731 δεῖ
3364 2676 3455 2731 τὸν
3504 2675 3677 2746 ἀληθῆ

2096 2772 2191 2826 τοῦ
2225 2773 2568 2841 Εὐαγγελίου
2604 2772 2818 2841 μύστην
2839 2772 3104 2835 ὡσαύτως
3135 2774 3194 2825 tv
3223 2770 3553 2840 ἀμφοτέροις
3577 2766 3678 2819 αὑο

2094 2868 2208 2930 τοῖς
2251 2867 2562 2932 πείθεσθαι,
2594 2866 2628 2936 ἢ
2671 2865 2890 2936 ψευδεῖς
2941 2865 3039 2918 καὶ
3078 2864 3203 2918 κατ’
3251 2864 3444 2932 ἀμφω,
3478 2863 3573 2914 καὶ
3599 2859 3682 2912 δεῖ

2096 2961 2195 3014 καὶ
2234 2957 2358 3014 κατ’
2399 2957 2570 3027 ἀμφω
2603 2957 2816 3020 τούτοις
2865 2956 3115 3010 ἀπειθεῖν
3139 2970 3154 2986 ·
3185 2956 3247 3009 οὐ
3281 2957 3390 3025 γὰρ
3425 2953 3488 3024 δὴ
3519 2950 3679 3004 τοῦτο

2096 3050 2320 3105 κάκεῖνό
2339 3050 2393 3118 γ’
2424 3050 2494 3102 ἂν
2528 3051 2731 3118 είη,,τὸ
2779 3050 3010 3119 θάτερον
3051 3048 3152 3118 μέν
3176 3064 3320 3116 φημι
3359 3045 3676 3115 ψεύδεσθαι,

412 3135 506 3190 καὶ
525 3138 627 3191 ὅσα
652 3140 861 3204 τούτοις
883 3143 1190 3208 ἀκολούθως
1207 3148 1255 3199 οί
1285 3146 1528 3217 θεολόγοι
1554 3151 1714 3219 φασὶ,
1753 3155 1865 3215 τοῖς
1891 3151 1984 3208 οὖν
2013 3151 2056 3212 C
2090 3143 2318 3214 θάτερον
2356 3142 2412 3196 δὲ
2445 3143 2754 3212 ἀληθεύειν,
2785 3142 2908 3196 ἐπεὶ
2959 3139 3105 3195 οὕτω
3157 3158 3262 3196 που
3294 3141 3390 3193 καὶ
3450 3137 3549 3208 τὴν
3580 3137 3678 3190 ἀν’

412 3229 700 3284 ἀπιστοῦσι
741 3236 804 3303 τῇ
841 3235 965 3304 περὶ
1003 3236 1100 3304 τῆς
1137 3237 1467 3306 ὐπερουσίου
1519 3242 1712 3306 οὐσίας
1748 3244 1846 3297 καὶ
1880 3245 1992 3299 τῶν
2089 3233 2315 3303 τίφασιν
2357 3235 2672 3304 συμφωνεῖν
2699 3233 2767 3288 ἂν
2807 3233 2893 3304 εἴη
2927 3233 3066 3303 πρὸς
3112 3233 3340 3300 ἑαυτήν.
3372 3231 3586 3292 Ἄλλως
3616 3245 3678 3282 τε

410 3323 617 3396 ταύτης
650 3326 956 3397 θεαρχικῶν
985 3329 1338 3385 ὐποστάσεων
1366 3334 1702 3407 ἀποστολικῇ
1745 3339 1990 3406 παραδό-

413 3433 496 3470 σει
526 3435 587 3471 τε
621 3419 712 3472 καὶ
749 3418 996 3490 θεολογίᾳ
1017 3462 1030 3485 ,
1069 3422 1184 3486 πῶς
1214 3423 1280 3477 ἄν
1315 3442 1398 3488 τις
1429 3430 1556 3496 περὶ
1591 3428 1700 3481 τῶν
1740 3430 1991 3497 φυσικῶν

409 3508 502 3562 τοῦ
546 3510 682 3563 Θεοῦ
714 3511 1069 3581 διαλέγηται,
1105 3515 1199 3568 καὶ
1222 3515 1283 3568 τὸ
1315 3516 1452 3584 πρὸς
1484 3518 1582 3588 τὴν
1609 3520 1866 3590 ὑπερφυᾶ
1891 3522 1992 3589 φύ-

413 3617 498 3654 σιν
528 3601 806 3670 ἡνωμένον
833 3621 892 3656 τε
921 3605 1012 3658 καὶ
1044 3609 1464 3676 διακεκριμένον
1493 3612 1674 3664 αὐτῶν
1710 3615 1847 3682 μετά
1876 3615 1991 3668 τῶν

413 3692 782 3747 ἀποστολικῶν
806 3693 1009 3749 τούτων
1032 3698 1244 3768 ἀνδρῶν
1271 3699 1495 3773 θεολογῇ
1517 3721 1530 3767 ;
1554 3703 1726 3756 Τοῦτο
1762 3704 1857 3758 καὶ
1883 3708 1988 3775 γάρ

417 3783 482 3836 ἂν
517 3785 601 3856 εἴη
631 3785 690 3867 τᾳὸ
725 3786 848 3840 καθ’
895 3787 1087 3851 ὓδατος
1117 3790 1370 3859 γράφειν,
1401 3791 1444 3861 ἢ,
1483 3793 1753 3848 διανεύειν
1783 3797 1987 3867 τυφλῷ.

416 3873 478 3930 Εἰ
513 3877 566 3931 δὲ
594 3859 780 3953 ὲιίείνῃ
810 3881 910 3949 μέν
942 3897 1110 3950 φασιν
1135 3883 1266 3946 ίσως
1297 3886 1364 3954 τῇ
1402 3859 1654 3958 θεολογίᾳ
1689 3859 1987 3956 πιστεύειν,

410 3969 580 4042 ταύτῃ
609 3971 666 4024 δὲ
706 3971 980 4042 οὐδαμῶς,
1011 3975 1228 4044 πρῶτον
1253 3977 1356 4046 μὲν
1388 3979 1509 4033 οὐδὲ
1547 3983 1826 4034 πιστεύειν
1855 3982 1990 4046 ὅλως

409 4061 591 4124 αὐτοῖς
638 4063 849 4127 ἔξεστιν
893 4059 1128 4121 ἀδύνατα
1170 4067 1414 4136 λέγουσι,
1466 4075 1559 4125 καὶ
1612 4054 1992 4141 σοφιζομένοις

409 4158 701 4224 προφανῶς
715 4158 840 4221 τοὺς
865 4159 1144 4228 ἀκροατάς
1169 4176 1182 4190 ·
1211 4162 1373 4230 φύσιν
1395 4165 1504 4234 γὰρ
1526 4163 1657 4216 ἄνευ
1688 4164 1796 4217 τῶν
1818 4165 1990 4234 αὐτῆς

407 4249 655 4318 φυσικῶν
679 4248 800 4301 οὐδὲ
848 4250 904 4300 tv
933 4249 1216 4319 λογισμοῖς
1239 4253 1370 4320 γοῦν
1421 4255 1651 4308 δυνατὸν
1681 4255 2004 4310 ἀναπλάσαι-

409 4343 506 4394 καὶ
545 4341 988 4411 ὑποστήσασθαιτ
1014 4344 1085 4398 τὰ
1114 4345 1172 4399 δὲ
1205 4347 1409 4415 φυσικά
1437 4349 1752 4417 κατάλληλα
1786 4349 1868 4403 δεῖ
1891 4367 1990 4402 πε-

408 4437 643 4504 φυκέναι
667 4439 734 4508 τῇ
761 4437 1088 4510 πηγαζούσῃ
1117 4439 1300 4505 φύσει,
1325 4432 1552 4496 ἶν”αὑτὸ
1578 4441 1739 4496 τοῦτο
1769 4442 1864 4495 καὶ
1888 4459 1990 4510 φυ-

2093 3327 2188 3380 καὶ
2217 3326 2278 3380 τὸ
2304 3327 2382 3396 τῷ
2423 3327 2735 3397 διδασκάλῳ
2783 3328 2882 3380 νῦν
2917 3327 3018 3395 μὲν
3057 3325 3292 3379 ἕπεσθαι
3330 3325 3428 3379 νῦν
3458 3323 3504 3378 δ’
3527 3324 3678 3377 ἀντι-

2093 3419 2276 3488 λέγειν
2327 3421 2559 3484 ἐθέλειν,
2591 3423 2687 3473 καί
2716 3420 2871 3474 ταῦτ’
2917 3421 2976 3472 tv
3005 3423 3120 3484 τοῖς
3165 3420 3466 3489 ἀξιώμασι,
3501 3419 3678 3486 μαθη-

2091 3510 2184 3565 τοῦ
2215 3529 2278 3580 γε
2327 3511 2430 3564 οὐκ
2465 3512 2532 3564 ἂν
2579 3512 2688 3577 είη.
2723 3509 2897 3566 Τοῦτο
2938 3512 3048 3582 γάρ
3080 3514 3232 3565 ἐστιν
3279 3513 3339 3563 οὐ
3390 3525 3678 3579 μυσταγωτ

2092 3602 2366 3671 γουμένου
2414 3601 2506 3654 καὶ
2536 3600 2904 3669 τυπουμένου,
2942 3600 3032 3654 τὸν
3056 3600 3114 3652 δὲ
3163 3597 3526 3669 μυσταγωγὸν
3585 3599 3679 3650 καὶ

2092 3693 2183 3746 τὸν
2244 3691 2448 3746 κανόνα
2509 3692 2712 3760 μᾶλλον
2779 3694 2917 3762 πρὸς
2981 3694 3176 3746 ἑαυτὸν
3238 3692 3513 3755 ἕλκοντος,
3580 3682 3676 3743 καλ⁸

2091 3785 2188 3849 τάς
2237 3784 2421 3856 πηγὰς
2471 3783 2586 3838 ἀνω
2623 3785 2886 3855 ποταμῶν
2921 3789 3124 3855 χωρεῖν
3169 3781 3484 3847 κελεύοντος
3528 3781 3676 3835 ἀντι-

2092 3895 2250 3949 κρυς.

2163 3971 2227 4023 Εἰ
2256 3971 2314 4023 δὲ
2345 3969 2409 4040 δὴ
2442 3970 2653 4038 λέγοιεν
2681 3970 2732 4023 οί
2771 3970 2902 4038 περὶ
2931 3969 3023 4023 τὸν
3051 3969 3347 4039 φιλόσοφον
3379 3964 3562 4034 αὖθις,
3595 3969 3673 4031 ὡς

2092 4061 2275 4132 ἐκείνη
2313 4061 2412 4132 μὲν
2439 4063 2472 4132 ἡ
2497 4063 2629 4133 περὶ
2659 4062 2985 4130 μοναρχίας,
3015 4060 3111 4114 καὶ
3137 4061 3201 4132 δὴ
3240 4061 3331 4113 καὶ
3368 4059 3476 4112 τῶν
3506 4058 3674 4128 τριῶν

2094 4153 2402 4224 θεαρχικῶν
2433 4155 2789 4208 ὐποστάσεων
2818 4153 3090 4221 θεολογία,
3141 4154 3292 4224 παρά
3321 4155 3387 4223 τῇ
3418 4151 3539 4222 θείᾳ
3569 4169 3674 4220 κη-

2096 4244 2348 4314 ρύττεται
2377 4245 2526 4316 πάσῃ
2559 4245 2774 4315 Γραφῇ,
2805 4247 2898 4300 καὶ
2927 4246 3105 4308 οὐδεὶς
3142 4246 3394 4298 ὁστισοῦν
3422 4246 3540 4296 ἐστι
3563 4243 3674 4297 τῶν

2094 4337 2326 4403 πιστῶν,
2349 4338 2408 4402 ὃς
2424 4338 2750 4406 ἀντιλέγειν,
2774 4339 2806 4407 ἢ
2830 4339 2962 4408 γοῦν
2983 4339 3352 4409 ἀμφισϐητεῖν
3381 4339 3518 4402 ὅλως
3541 4338 3672 4408 περὶ

2092 4431 2201 4484 τῶν
2238 4432 2566 4500 ἀξιωμάτων
2585 4431 2779 4498 ἐθέλει,
2803 4435 2874 4487 τὰ
2894 4432 2951 4486 δὲ
2983 4448 3048 4484 πε
3057 4433 3111 4503 ρὶ
3132 4431 3377 4501 προόδων
3394 4431 3553 4484 ταυτὶ
3575 4432 3670 4484 καὶ

411 4528 540 4580 σικά
568 4527 886 4599 τυγχάνοιεν
917 4531 1068 4599 ὅντα,
1094 4533 1189 4585 κα)⁸
1221 4534 1571 4598 καταλλήλως
1592 4535 1658 4588 δι’
1691 4534 1870 4588 αὐτῶν
1904 4537 1988 4588 tv—
2013 4543 2068 4602 D
2095 4523 2384 4595 ἐνεργειῶν
2417 4541 2477 4577 τε
2512 4525 2605 4577 καὶ
2640 4524 2981 4594 μεταδόσεων
3029 4525 3124 4579 καὶ
3153 4526 3421 4595 διαφορᾶς
3451 4524 3670 4594 φύσεως

411 4624 594 4690 εργεῖν
618 4623 716 4692 τὴν
743 4621 924 4689 φύσιψ
950 4625 1143 4677 ἔπειτα
1168 4625 1226 4678 δὲ
1249 4626 1363 4689 πῶς
1395 4629 1452 4679 tv
1470 4628 1702 4690 ἐκείνοις
1733 4629 1833 4696 μέν
1855 4645 1989 4697 φασι

410 4713 524 4774 τοῖς
555 4713 812 4782 πρώτοις,
845 4713 1097 4784 Ἰεροθέῳ
1125 4733 1182 4769 τε
1219 4718 1314 4769 καὶ
1352 4717 1635 4788 Διονυσίῳ,
1674 4717 1988 4786 θεολογοῦσι

410 4803 720 4868 πείθεσθαι,
764 4806 858 4859 καὶ
905 4805 1080 4864 ταῦτα
1129 4808 1258 4878 περῖ⁸
1291 4807 1547 4862 τοιούτων
1598 4808 1865 4874 εἰποῦσιν,
1913 4803 1990 4862 ὡν

410 4895 533 4948 οὐδὲ
567 4896 740 4967 ἀρχὰς
775 4898 922 4952 ἐστιν
969 4900 1149 4970 εὑρεῖν
1182 4901 1303 4954 οὐδὲ
1356 4901 1804 4972 παραδείγματα,
1855 4901 1989 4956 ἀλλά

411 4987 654 5066 πίστεως
689 4991 772 5044 δεῖ
800 4992 990 5062 μόνης,
1030 4993 1126 5046 καὶ
1168 4993 1436 5061 ὑπακοῆς,
1469 4995 1516 5046 εί
1571 4995 1644 5064 μὴ
1679 4995 1864 5063 μέλλοι
1905 5014 1988 5060 τις

411 5077 520 5143 ἔξω
547 5081 641 5133 τοῦ
691 5083 851 5150 λόγου
915 5085 1010 5137 καὶ
1041 5085 1140 5152 τῆς
1175 5084 1326 5148 θείας
1360 5086 1577 5156 τρέχειν
1611 5085 1987 5151 διδασκαλίας,

411 5169 472 5221 tv
507 5170 564 5224 δὲ
592 5175 706 5236 τοῖς
757 5173 1032 5244 δευτέροις
1086 5177 1319 5239 τούτοις,
1367 5178 1499 5247 περί
1538 5172 1613 5232 ὧν
1658 5176 1754 5231 νῦν
1799 5180 1931 5247 ἡμῖν
1962 5181 1990 5232 6

413 5261 598 5331 λόγος,
631 5266 769 5334 μετά
801 5267 1009 5338 πολλῆς
1046 5285 1190 5331 τινος
1220 5268 1320 5340 τῆς
1372 5270 1677 5334 ὲνστάσεως
1699 5270 1986 5336 ζάπειθεῖν,

413 5355 546 5410 ὃπου
579 5359 672 5411 καὶ
701 5359 879 5431 ἀρχὰς
913 5361 994 5415 ἔνι
1019 5362 1125 5415 τῶν
1161 5361 1339 5430 λόγων
1369 5365 1574 5431 εὑρεῖν,
1614 5364 1710 5418 καὶ
1751 5364 1990 5434 φυσικὴν

414 5447 740 5504 ἀκολουθίαν
766 5453 911 5515 τινά,
946 5454 1042 5505 καὶ
1072 5454 1538 5524 παραδειγμάτων
1570 5455 1836 5527 ἀμηγέπη
1869 5456 1992 5526 βοή-

417 5538 589 5606 θειαν;
625 5541 685 5593 Εἰ
719 5542 818 5610 μὲν
848 5543 955 5613 γὰρ
1004 5546 1064 5597 tv
1113 5545 1342 5610 ἐκείνοις
1379 5548 1563 5616 μόνοις
1600 5550 1712 5610 τοῖς
1753 5547 1990 5617 πρώτοις

416 5634 694 5696 Διονύσιός
749 5651 809 5686 τε
854 5637 948 5688 καὶ
988 5635 1247 5706 Ἰερόθεος
1282 5638 1600 5693 ἀποστόλων
1643 5641 1751 5692 εἰσὶ
1795 5655 1988 5713 φοιτη-

414 5726 508 5778 ταί
539 5727 633 5779 καὶ
677 5727 932 5798 διάδοχοι,
969 5731 1064 5782 καὶ
1106 5730 1208 5800 τῆς
1243 5730 1569 5802 Ἐκκλησίας
1607 5731 1985 5801 μυσταγωγοὶ,

417 5815 456 5886 ἢ
485 5819 608 5892 περὶ
649 5819 872 5876 ἐκείνων
923 5828 1100 5892 μόνων
1151 5824 1434 5896 εἰληφέναι
1496 5827 1591 5889 τὰς
1632 5824 1982 5896 παραδόσεις,

2093 4615 2261 4679 θείας,
2288 4615 2383 4667 καὶ
2417 4614 2664 4684 φυσικῶν
2689 4615 3019 4686 ἰδιωμάτων,
3045 4617 3139 4670 καὶ
3168 4617 3272 4672 ὅσα
3298 4617 3506 4671 τούτων
3540 4618 3670 4686 ἑξῆς

2093 4707 2251 4775 ὑμεῖς
2275 4706 2473 4769 αὐτοὺς
2501 4705 2686 4775 λέγειν
2711 4707 3074 4777 φατὲ,,ταῦτα
3098 4709 3396 4763 τοίνυνούκ
3417 4708 3534 4762 ἔστι
3575 4709 3673 4763 λα-

2093 4801 2205 4853 ϐεῖν
2227 4799 2486 4864 ὡσαύτως
2517 4802 2583 4853 ὲκ
2629 4800 2738 4854 τῶν
2769 4801 2929 4854 θείων
2965 4801 3218 4872 Γραφῶν.
3249 4803 3358 4856 Καὶ
3393 4801 3482 4855 διά
3512 4801 3670 4856 τοῦτο

2092 4893 2184 4944 καὶ
2200 4893 2362 4962 ἡμεῖς
2385 4893 2744 4962 ἀντιλέγομεν
2766 4895 2998 4956 τούτοις,
3018 4895 3121 4959 ἔξω
3136 4893 3231 4947 τοῦ
3253 4895 3378 4948 καθ’
3401 4895 3550 4964 ἡμᾶς
3583 4893 3669 4946 λό-

2090 5001 2188 5052 γου
2223 4984 2466 5050 δοκοῦσι,
2515 4984 2715 5055 ψεῦδος
2741 4987 2836 5040 καὶ
2881 4986 3063 5041 τοῦτο.
3115 4989 3250 5058 Περὶ
3285 4987 3384 5059 μὲν
3429 4989 3538 5057 γὰρ
3567 4987 3668 5057 τῆς

2091 5077 2328 5141 παλαιᾶς
2358 5079 2542 5149 πάσης
2566 5080 2810 5150 Γραφῆς,
2839 5081 3084 5143 Μωσέως
3110 5083 3276 5150 φημὶ,
3309 5082 3402 5135 καὶ
3436 5080 3544 5133 τῶν
3569 5097 3668 5132 κα-

2093 5169 2254 5241 θεξῆς
2271 5172 2589 5241 προφητῶν,
2603 5173 2726 5225 οὑδὲ
2744 5173 2892 5226 ἐστιν
2909 5175 3086 5227 εἰπεῖν
3102 5157 3226 5227 ὄσᾶν
3241 5175 3298 5226 τὸ
3320 5176 3415 5244 τῆς
3434 5171 3666 5242 Τριάδος

2091 5263 2418 5332 ἀπέκρυψαν
2443 5266 2765 5336 μυστήριον,
2787 5266 2991 5337 σφόδρα
3013 5267 3310 5328 δεδοικότες
3333 5267 3392 5319 τὸ
3421 5283 3486 5317 πε
3497 5267 3548 5334 ρὶ
3564 5265 3668 5336 τὴν

2092 5354 2385 5410 πολυθεῖαν
2412 5357 2843 5429 εὐπερίτρεπτον
2885 5360 2977 5413 καὶ
3018 5359 3200 5429 λίχνον
3231 5358 3340 5411 τῶν
3376 5356 3666 5424 Ἰουδαίων,

2093 5448 2188 5500 καὶ
2222 5447 2311 5500 διὰ
2354 5449 2639 5513 τοῦτο,καὶ
2693 5449 2775 5512 τὸ,
2807 5453 3020 5519 Κύριος
3051 5454 3084 5504 ό
3116 5452 3260 5516 Θεός
3293 5467 3412 5505 σου
3449 5451 3672 5517 Κύριος

2092 5535 2178 5605 εἷς
2200 5543 2352 5606 ἐστι,
2382 5541 2495 5607 καὶ,
2518 5544 2734 5611 Κύριος
2764 5547 2796 5598 ό
2821 5545 2966 5610 Θεὸς
2984 5544 3194 5614 μόνος,
3223 5545 3338 5607 καὶ,
3358 5543 3504 5612 Ἐγὼ
3526 5541 3671 5607 Θεὸς

2095 5629 2346 5701 πρῶτος,
2375 5635 2472 5688 καί
2503 5635 2616 5704 ἐγὼ
2641 5640 2794 5705 μετὰ
2815 5638 3022 5701 ταῦτα,
3057 5637 3156 5690 καί
3185 5635 3354 5703 πλὴν
3385 5634 3531 5704 ἐμοῦ
3557 5636 3671 5689 οὐκ

2094 5726 2290 5790 ἔστιν,
2315 5730 2378 5780 ἐκ
2405 5727 2702 5800 προσώπου
2729 5731 2928 5800 δηλαδὴ
2959 5729 3054 5783 τοῦ
3079 5729 3216 5782 Θεοῦ
3239 5730 3506 5798 λεγόμενα
3532 5728 3670 5780 πολὺ

2096 5822 2226 5890 παρ’
2257 5821 2508 5888 ἐκείνοις,
2550 5825 2644 5877 καὶ
2673 5823 2740 5876 τὰ
2780 5821 3140 5894 παραπλήσια
3181 5821 3419 5886 τούτοις.-
3447 5820 3526 5876 Οὐ
3555 5820 3663 5892 μὴν
