4090 6502
485 368 591 430 859

1544 370 1976 434 PHILOTHEI
2015 374 2125 438 (ΣΙ).
2163 369 2675 437 ΡΑἹἮΙΑΒΕΗΕ

3626 369 3718 434 860

438 487 442 490 “
487 483 612 537 οὑδὲ
641 480 774 536 αὑτὸ
803 481 986 544 τοῦτο,
1009 481 1071 536 τὸ
1101 483 1200 553 τῆς
1235 484 1365 553 μιᾶς
1398 502 1539 555 φημι
1571 486 1826 557 θεότητος
1854 489 1949 540 καὶ
1967 490 2068 559 τῆς
2101 498 2141 552 Α
2173 479 2446 554 ἀκροατάς
2473 509 2533 544 τε
2582 492 2678 544 καὶ
2716 488 2994 560 διαδόχους
3040 486 3240 550 αὑτοὺς
3287 486 3461 554 εἰδὼς,
3485 486 3719 541 διδασκά.

495 576 795 646 μοναρχίας
822 577 940 629 έστι
973 577 1157 648 ρητῶς
1199 579 1410 632 ἐκεῖθεν
1450 579 1656 646 λαϐεῖν,
1688 581 1944 646 καθάπερ
1977 582 2071 634 νῦν

492 672 626 738 παρ’
652 672 782 737 ἡμῖν
807 670 1157 725 πολιτεύεται
1190 673 1286 724 καὶ
1320 673 1673 743 κηρύττεται.
1705 674 1814 728 Ποῦ
1848 674 1958 744 γὰρ
1984 675 2074 728 οὑ-

497 763 620 824 σίας
648 763 765 814 ἐκεῖ
785 760 960 824 θείας,
1008 762 1039 831 ἢ
1091 763 1309 831 φύσεως
1340 763 1500 832 λόγος
1530 766 1622 820 καὶ
1664 767 1836 837 ὄνομα
1863 785 1878 833 ;
1914 766 2074 820 οὑσία

497 853 606 923 γὰρ
635 853 730 906 καὶ
783 852 1117 919 ὑποστάσεις
1147 853 1284 907 Θεοῦ
1341 856 1595 926 ἀλλήλοις
1643 859 2071 927 συγκέκρανται,

495 946 570 1006 ὡς
605 945 822 1015 ἐκείνην
871 947 1098 1011 ταύτας,
1134 949 1229 1000 καὶ
1273 949 1481 1013 ταύτας
1536 951 1753 1022 ἐκείνην
1797 947 2076 1024 εἰσφέρειν

499 1039 640 1091 κατά
675 1041 861 1091 πᾶσαν
887 1039 1170 1108 ἀνάγκην,
1207 1043 1300 1093 καὶ
1332 1043 1537 1096 τούτων
1569 1044 1950 1114 σιωπωμένων
1981 1041 2078 1099 αῦ-

503 1127 588 1188 θις
620 1126 680 1191 ἐξ
712 1127 1076 1196 ἀντιστρόφου
1108 1128 1421 1182 σιωπᾶσθαι
1450 1129 1735 1201 κάκείνην,
1758 1131 1950 1204 ὥσπερ
1980 1135 2077 1188 καὶ

501 1220 712 1287 ταύτης
749 1218 824 1288 μὴ
854 1217 1179 1288 λεγομένης,
1219 1220 1353 1290 μηδὲ
1382 1221 1601 1285 ὲκείνας
1624 1223 1683 1287 ἐξ
1713 1224 1959 1296 ἀνάγκης
1983 1226 2078 1279 λα-

502 1309 735 1365 λεῖσθαι.
771 1312 881 1364 Καὶ
907 1311 970 1364 οὑ
999 1310 1156 1364 τοῦτό
1192 1328 1336 1382 φημι
1380 1313 1497 1379 νῦν,
1530 1315 1616 1368 ὅτι
1657 1316 1861 1384 μονάδα
1891 1335 1950 1371 τε
1982 1320 2077 1373 καὶ

502 1403 694 1473 τριάδα
731 1405 826 1458 τὸν
856 1404 990 1458 Θεὸν
1015 1406 1044 1458 ὸ
1063 1406 1225 1474 νόμος
1255 1407 1355 1458 οὑκ
1384 1407 1527 1475 ἔγνω
1553 1409 1648 1461 καὶ
1685 1411 1732 1462 οί
1757 1413 2037 1480 προφῆται
2061 1427 2076 1440 ·

505 1496 623 1554 πῶς
658 1497 767 1564 γάρ
821 1497 872 1550 οί
931 1497 1005 1567 μὴ
1039 1497 1213 1551 ταῦτα
1251 1499 1434 1566 μόνον,
1493 1499 1630 1554 άλλά
1676 1502 1772 1554 καὶ
1813 1502 1876 1554 τὸ
1935 1503 2080 1556 κατά

505 1589 746 1658 Χριστὸν
777 1590 924 1660 ίερόν
960 1593 1263 1662 μυστήριον
1288 1593 1537 1656 ἀπαντες
1557 1592 1700 1646 οὑτω
1729 1595 1826 1648 καὶ
1862 1596 2080 1664 γνόντες

505 1681 745 1747 τρανῶς,
778 1685 872 1736 καὶ
921 1683 1287 1754 κηρύξαντες,
1347 1685 1551 1755 μᾶλλον
1595 1686 1652 1739 δὲ
1695 1688 1789 1740 καὶ
1823 1687 1892 1742 δι’
1941 1688 2082 1742 αὐτά

504 1774 704 1836 ταῦτα,
735 1776 878 1843 φημὶ
909 1775 973 1845 δὴ
999 1777 1068 1829 τά
1097 1776 1199 1842 τῆς
1224 1776 1471 1847 χάριτος,
1498 1778 1593 1830 καὶ
1622 1777 1986 1848 παρελθόντες
2004 1781 2083 1842 είς

2171 584 2297 644 λους
2329 601 2388 636 τε
2421 584 2520 652 τῆς
2560 583 2891 651 Ἐκκλησίας
2942 580 3192 650 πρώτους
3231 578 3396 642 εὐθὺς
3438 577 3570 648 μετά
3608 581 3720 645 τοὺς

2173 671 2426 744 πρώτους
2476 673 2721 735 ἐκείνους
2769 673 2866 726 καὶ
2923 672 3134 741 μύστας
3176 669 3425 740 ἀκριϐεῖς
3473 669 3722 738 ἐξηγητὰς

2172 763 2284 818 τῶν
2308 763 2528 830 λογίων,
2559 765 2656 819 καὶ
2697 765 2761 835 δὴ
2807 764 2904 819 καὶ
2945 762 3325 831 ἀποκαλύψεσι
3355 761 3524 826 θείαις
3558 763 3725 817 ἐκεῖνα

2179 856 2447 925 μαθόντας
2488 874 2548 910 τε
2579 856 2676 910 καὶ
2719 857 3015 920 παθόντας,
3046 854 3124 918 ὠς
3163 854 3258 908 καὶ
3291 853 3446 921 λόγια
3493 854 3724 926 δεύτερα.

2175 949 2426 1018 καθάπερ
2458 949 2633 1019 εφθην
2667 949 2858 1012 εἰπὼν,
2889 947 2990 1019 τὴν
3021 947 3229 1001 τούτων
3261 947 3416 1019 ἱερὰν
3451 947 3730 1017 προσειρῆ-

2179 1040 2305 1094 σθαι
2339 1039 2644 1110 θεολογίαν,
2679 1039 2799 1104 πῶς
2828 1042 2887 1094 ιν
2915 1040 2994 1110 τῷ
3039 1040 3200 1111 μέρει
3229 1039 3406 1110 τούτῳ
3436 1039 3532 1106 τῆς
3567 1039 3731 1092 θεολο-

2177 1133 2303 1200 γίας
2333 1135 2446 1196 τοῖς
2474 1133 2659 1198 αὑτοῖς
2697 1134 2757 1188 οὑ
2785 1134 3008 1206 θαρρεῖς
3024 1132 3310 1200 ὡσαύτως,
3342 1134 3520 1188 καίτοι
3558 1149 3618 1200 γε
3643 1133 3732 1202 τὴν

2177 1221 2288 1275 τῶν
2318 1223 2506 1297 ἄκρων
2549 1224 2869 1279 ἀποστόλων
2904 1225 3230 1295 παράδοσιν,
3269 1224 3368 1277 καὶ
3401 1224 3500 1293 τὴν
3529 1223 3631 1278 τῶν
3657 1224 3737 1276 λοο

2180 1315 2316 1382 γίων
2348 1317 2504 1387 ίεράν
2533 1318 2846 1388 μαρτυρίαν
2877 1319 3119 1388 συνεχῶς
3144 1318 3287 1389 ὑπὲρ
3317 1316 3521 1370 τούτων
3539 1314 3734 1369 ἀκούων

2184 1405 2457 1478 βοώντων,
2487 1409 2582 1462 καὶ
2608 1408 2674 1481 δὴ
2707 1413 2804 1465 καὶ
2827 1409 2926 1473 τὰς
2953 1410 3106 1474 θείας
3139 1408 3508 1478 ἀποκαλύψεις
3536 1424 3549 1470 ;
3580 1407 3738 1461 Τοῦτο

2181 1501 2279 1552 καὶ
2305 1499 2413 1568 γάρ
2433 1504 2495 1556 οὑ
2525 1500 2630 1571 τῆς
2668 1501 2795 1556 καθ’
2825 1503 2974 1572 ἡμᾶς
3006 1504 3169 1572 μόνον
3215 1501 3478 1570 θεοσόφου
3507 1499 3740 1554 διδασκα-

2183 1589 2304 1653 λίας
2333 1606 2393 1642 τε
2423 1589 2518 1644 καὶ
2561 1590 2869 1661 θεολογίας,
2912 1595 3009 1646 καὶ
3041 1593 3143 1663 τῆς
3173 1593 3537 1662 ἀποπολικῆς
3579 1609 3740 1663 παρα-

2181 1682 2403 1749 δόσεως,
2457 1682 2594 1757 ἀλλά
2623 1685 2718 1737 καὶ
2755 1685 3034 1756 λογισμῶν
3058 1686 3176 1738 ἐστι
3209 1685 3421 1756 πόρρω,
3453 1685 3542 1738 καὶ
3565 1685 3639 1746 είς
3665 1683 3740 1736 αῖ-

2185 1776 2630 1844 νιγμαλπίπτειν
2671 1777 2838 1832 δοκεῖ.
2871 1778 2936 1831 Oi
2987 1777 3044 1831 δὲ
3087 1776 3348 1831 τοσοῦτον
3398 1779 3463 1847 τῇ
3517 1775 3743 1845 θεολογίᾳ

507 1865 834 1936 ἀνθρώπους
881 1868 1005 1921 τότε
1041 1868 1136 1923 καὶ
1180 1868 1362 1934 τύποι,
1393 1868 1490 1924 καὶ
1519 1870 1730 1933 είκόνες
1757 1872 1852 1924 καὶ
1901 1888 2086 1942 παρα·
2117 1887 2160 1947 Β
2189 1866 2457 1939 θαρροῦσι
2507 1869 2568 1939 τῇ
2601 1869 2812 1923 ἑαυτῶν
2851 1870 2946 1924 καὶ
2983 1872 3049 1940 τῇ
3083 1869 3190 1923 τῶν
3239 1869 3443 1938 λογίων
3494 1869 3608 1939 ἱερᾷ
3639 1869 3744 1920 ἑπι-

509 1957 782 2023 δείγματα
827 1961 1068 2028 μυστικά
1122 1961 1411 2029 γεγονότες
1461 1960 1554 2014 τοῦ
1611 1961 1936 2030 μέλλοντος;
1975 1963 2090 2018 ἀλλ’

511 2051 690 2102 ἐκεῖνό
713 2068 858 2120 φημι
897 2053 1059 2117 τέως,
1095 2053 1174 2116 ὡς
1207 2054 1630 2124 αίνιγματωδῶς
1659 2071 1718 2109 τε
1768 2057 1861 2110 καὶ
1893 2074 2093 2125 συγ-κε-

510 2140 884 2210 καλυμμένως
909 2144 1121 2216 ἐρρήθη
1170 2146 1284 2208 τοῖς
1319 2145 1568 2216 ἀρχαίοις
1610 2147 1819 2211 ἐκεῖνα,
1849 2148 1928 2212 ὡς
1957 2150 2094 2220 μηδὲ

512 2235 641 2296 τοὺς
693 2235 996 2301 ἀκούοντας
1033 2238 1127 2291 καὶ
1175 2237 1422 2307 ὁρῶντας
1469 2238 1618 2310 ἔχειν
1651 2241 1850 2296 εἰδέναι
1885 2243 2095 2306 πάντας

511 2327 703 2390 ἁπλῶς
725 2328 838 2382 τῶν
872 2331 1194 2399 μυστηρίων
1221 2331 1322 2402 τὴν
1350 2331 1604 2403 δύναμιν.
1630 2332 1741 2387 Καὶ
1783 2333 1838 2386 τί
1869 2334 1975 2404 χρὴ
2011 2335 2097 2386 λέ-

512 2435 657 2483 γειν,
689 2421 824 2474 ὅπου
850 2437 915 2488 γε
947 2425 1043 2476 καὶ
1081 2423 1248 2494 μέχρι
1273 2427 1372 2494 τῆς
1401 2425 1644 2496 σήμερον
1679 2424 1892 2487 Παῦλός
1932 2441 2098 2494 φησιν

513 2512 542 2563 ό
577 2511 750 2580 μέγας
779 2515 909 2579 περὶ
943 2516 1054 2567 τῶν
1081 2515 1293 2586 χρόνων
1326 2516 1425 2569 καὶ
1472 2516 1581 2570 τῶν
1611 2516 1821 2587 καιρῶν
1850 2518 2096 2581 ἐκείνων,

521 2621 542 2654 ι
590 2603 785 2658 Ἥνίκα
812 2606 880 2659 ἀν
919 2607 1374 2678 ἀναγινώσκηται
1423 2609 1654 2678 Μωσῆς,
1703 2609 1972 2680 κάλυμμα
2006 2610 2100 2664 ἐπὶ

513 2697 618 2765 τὴν
657 2697 840 2752 αὑτῶν
885 2701 1068 2753 κεῖται
1098 2701 1352 2769 καρδίαν·
1396 2702 1560 2772 ἡνίκα
1588 2701 1644 2755 δὲ
1681 2701 1749 2756 ἂν
1795 2703 2102 2777 ἐπιστρέψῃ

517 2789 658 2856 πρὸς
713 2788 944 2860 Κύριον,
987 2795 1364 2862 περιαιρεῖται
1415 2793 1480 2847 τὸ
1529 2794 1836 2865 κάλυμμα;
1891 2813 1912 2848 ι
1959 2795 2100 2849 Ἀλλ’

517 2880 641 2934 οὑδὲ
670 2883 735 2935 ἐκ
769 2882 879 2936 τῶν
902 2883 1257 2952 Εὑαγγελίων
1279 2903 1338 2940 τε
1355 2887 1452 2940 καὶ
1481 2884 1590 2940 τῶν
1609 2887 1927 2942 ἀποστόλων
1956 2887 2101 2944 οὕτω

525 2973 706 3042 ῥητῶς
735 2974 853 3029 ἔστι
891 2974 1079 3030 λαϐεῖν
1107 2976 1209 3048 τὴν
1240 2977 1344 3048 τῆς
1369 2978 1598 3048 μονάδος
1627 2995 1689 3033 τε
1723 2981 1820 3034 καὶ
1858 2982 2098 3053 τριάδος,

520 3067 710 3130 οὐσίας
733 3084 794 3121 τε
829 3069 924 3121 καὶ
956 3069 1336 3137 ὑποστάσεων,
1383 3069 1478 3124 καὶ
1505 3071 1617 3124 τῶν
1666 3071 1956 3140 ἑπομένων
1981 3074 2106 3128 τού-

521 3172 636 3219 τοις
669 3157 853 3210 πᾶσαν
876 3157 1188 3225 θεολογίαν,
1213 3158 1289 3223 ὡς
1315 3160 1374 3212 ἐν
1397 3162 1463 3230 τῇ
1507 3159 1811 3234 Ἐκκλησία
1839 3179 1907 3232 κη
1916 3163 2105 3232 ρύττεο

2195 1960 2400 2029 στήμῃ,
2453 1960 2549 2013 καὶ
2585 1959 2692 2029 πρὸ
2737 1960 2946 2016 τούτων
2991 1961 3071 2032 τῷ
3116 1960 3302 2023 καλῶς
3353 1960 3628 2030 ὁδηγοῦντι
3663 1958 3748 2011 καί

2196 2051 2486 2116 φωτίζοντι
2511 2050 2816 2121 Πνεύματι,
2847 2043 2925 2116 ὦς
2953 2055 3048 2106 καὶ
3081 2053 3185 2124 τὴν
3216 2054 3526 2124 μαρτυρίαν
3553 2055 3638 2106 καὶ
3665 2053 3750 2112 τὰς

2195 2140 2408 2203 πίστεις
2437 2140 2648 2195 ἐκεῖθεν
2702 2142 2935 2211 ἐπάγειν
2980 2145 3096 2207 τοῖς
3137 2144 3270 2215 παρ’
3303 2145 3488 2198 αὑτῶν
3540 2141 3750 2213 είρημέ-

2197 2245 2333 2292 νοις,
2361 2231 2458 2283 καὶ
2486 2230 2676 2302 πόρρω
2721 2233 2906 2285 πᾶσαν
2957 2234 3288 2304 ἀμφιϐολίαν
3345 2233 3753 2312 καὶνλογισμοὺς

2195 2321 2577 2391 ἀνθρωπίνους
2612 2323 2881 2380 ἐλαύνειν.
2910 2325 3068 2378 Οὕτω
3101 2329 3196 2380 καὶ
3229 2328 3366 2398 γὰρ,
3404 2328 3582 2398 φησὶν,
3613 2327 3752 2398 ἡμεῖς

2197 2414 2268 2467 τά
2301 2413 2420 2468 θεῖα
2453 2416 2550 2468 καὶ
2578 2415 2736 2469 ἑνοῦν
2765 2415 2843 2488 τῷ
2872 2418 3039 2491 λόγῳ,
3082 2420 3177 2473 καὶ
3220 2420 3524 2492 διακρίνειν
3555 2417 3758 2473 σπεὺδο-
3793 2492 3799 2499 '

2203 2524 2328 2577 μεν,
2361 2508 2438 2572 ὡς
2468 2507 2610 2563 αὑτά
2631 2508 2700 2564 τά
2733 2511 2852 2564 θεῖα
2880 2516 2977 2567 καὶ
3016 2514 3245 2583 ἥνωται,
3274 2515 3380 2567 καὶ
3427 2513 3758 2580 διακέκριται.

2201 2602 2276 2655 Οὑ
2310 2603 2636 2674 στοχασμὸς,
2695 2608 2886 2676 φησὶν,
2923 2606 3176 2671 ἐνταῦθα,
3230 2607 3327 2660 καὶ
3387 2607 3649 2676 λογισμῶν
3687 2621 3762 2667 τις

2202 2694 2528 2764 ἀμφιϐολία,
2584 2697 2680 2752 καὶ
2730 2698 2958 2752 ὑπόνοια
2983 2738 2998 2765 ,
3045 2700 3142 2752 καὶ
3192 2697 3382 2767 λόγω-ν
3435 2697 3763 2770 ἀνθρωπίνων

2203 2787 2433 2855 κτύπος,
2461 2793 2557 2846 καὶ
2589 2791 2816 2862 θόρυϐος
2839 2807 2854 2823 ο
2883 2792 3018 2846 ἀλλὰ
3033 2791 3168 2855 Θεός
3199 2793 3361 2847 ἐστιν
3387 2793 3632 2861 ἀντικρυς
3660 2787 3760 2841 όδι⁹

2203 2882 2366 2952 ήμῶν
2397 2883 2497 2952 τὴν
2529 2882 2814 2952 θεολογίαν
2841 2884 3133 2939 διδάσκων.
3166 2883 3344 2940 Τοῦτο
3387 2886 3479 2940 καὶ
3510 2884 3612 2954 γὰρ
3642 2883 3758 2950 ἡμῖν

2207 2972 2358 3027 ἐστιν
2402 2973 2434 3044 ἡ
2473 2973 2570 3027 τοῦ
2617 2974 2779 3045 λόγου
2829 2976 3059 3047 σπουδὴ,
3096 2975 3156 3028 τὸ
3180 2975 3330 3031 οὕτω
3371 2977 3465 3029 καὶ
3499 2973 3642 3028 ἑνοῦν
3677 2971 3759 3024 καὶ

2205 3063 2508 3135 διακρίνειν
2548 3067 2618 3120 τὰ
2645 3065 2786 3134 θεῖα,
2837 3067 2913 3129 ὡς
2939 3067 3079 3121 αὑτά
3109 3084 3173 3136 γε
3203 3069 3393 3122 ἐκεῖνα
3436 3068 3528 3121 καὶ
3556 3066 3758 3136 ἥνωται,

2208 3157 2302 3209 καὶ
2354 3157 2720 3228 διακέκριται,
2755 3159 2852 3212 καὶ
2905 3159 3007 3214 οὐκ
3039 3159 3255 3222 άλλως·
3287 3160 3367 3224 ὼς
3416 3157 3553 3214 εἶναι
3603 3159 3761 3212 πᾶσαν

524 3265 620 3301 ται
647 3248 764 3304 νῦν.
791 3249 904 3303 Ποῦ
934 3249 1045 3320 γὰρ
1073 3250 1206 3322 παρ’
1229 3251 1462 3316 ἐκείνοις
1492 3252 1673 3322 ῥητῶς
1712 3231 1993 3322 κείμενον,
2026 3254 2110 3308 δτι
2137 3231 2181 3292 c
2212 3248 2460 3316 ἀνάγκην
2494 3250 2622 3312 τοὺς
2659 3251 2735 3321 μὴ
2767 3251 2913 3304 κατὰ
2940 3251 3040 3323 τὴν
3068 3252 3274 3305 τούτων
3309 3253 3582 3322 θεολογίαν
3607 3248 3764 3304 ὲνοῦνο

522 3343 810 3412 ὁμοούσιος
850 3349 879 3400 ό
924 3347 1055 3410 Υίὸς
1084 3347 1164 3418 τῷ
1194 3349 1391 3419 Πατρὶ,
1457 3349 1488 3419 ἦ
1539 3349 1625 3403 ὅτι
1674 3350 1738 3403 τὸ
1793 3349 2020 3419 Πνεῦμα
2049 3351 2109 3404 τὸ

525 3438 686 3504 ἀγιον
715 3439 1004 3510 ὁμοούσιον
1038 3442 1217 3513 Πατρὶ
1265 3443 1360 3495 καὶ
1387 3441 1544 3512 Υίῷ;
1598 3439 1709 3494 Ποῦ
1751 3441 1811 3496 δὲ
1863 3443 1946 3496 ὅτι
1977 3441 2112 3506 Θεὸς

529 3527 612 3596 εἷς
632 3533 703 3586 τά
736 3532 880 3603 τρία,
910 3537 1142 3605 ποιητὴς
1175 3534 1417 3602 ἀοράτου
1455 3549 1516 3587 τε
1549 3536 1642 3588 καὶ
1666 3537 1952 3606 ὁρωμένης
1971 3535 2112 3589 ἀπά-

532 3642 634 3694 σης
653 3624 904 3688 κτίσεως,
939 3625 1033 3679 καὶ
1061 3626 1142 3678 ὅτι
1168 3625 1301 3688 Θεὸς
1331 3626 1432 3695 μὲν
1460 3619 1541 3688 εἷς
1567 3625 1636 3678 τά
1655 3627 1785 3697 τρία
1825 3627 1926 3678 σὸν
1948 3625 2114 3696 ἀλλή-

527 3717 644 3780 λοις
673 3718 965 3788 νοούμενα,
1017 3717 1152 3782 Θεὸς
1199 3718 1258 3772 δὲ
1307 3719 1578 3783 ὡσαύτως
1618 3719 1826 3783 τέλειος
1879 3719 2114 3773 ἕκαστον

529 3810 657 3864 καθ’
689 3810 852 3864 ἑαυτὸ
889 3809 1293 3881 θεωρούμενον,
1320 3812 1349 3864 ό
1373 3811 1538 3874 αὑτὸς
1576 3810 1747 3882 μονὰς
1805 3811 2113 3883 ἀδιαίρετος

530 3905 627 3956 καὶ
667 3908 829 3973 τριὸς
857 3903 1188 3972 ἀσύγχυτος,
1228 3904 1290 3958 τὸ
1325 3905 1424 3974 μὲν
1446 3904 1534 3958 διά
1567 3905 1664 3973 τὴν
1695 3904 1914 3968 οὑσίαν,
1949 3904 1982 3975 ἢ
2014 3905 2114 3972 τὴν

530 3997 786 4065 θεότητα,
813 3997 874 4050 τὸ
897 3997 954 4049 δὲ
990 3995 1080 4049 διὰ
1125 3996 1224 4059 τὰς
1263 3997 1596 4059 ὑποστάσεις
1650 3997 1684 4067 ἢ
1733 3995 2028 4067 πρόσωπα,
2053 3995 2115 4049 τὸ

529 4089 991 4159 παραδοξότατον,
1027 4088 1180 4153 Θεὸς,
1214 4089 1308 4142 καὶ
1345 4089 1500 4152 Θεὸς,
1528 4087 1622 4143 καὶ
1671 4074 1827 4152 Θεὸς,
1874 4087 1992 4142 ἀλλ’
2030 4083 2114 4152 εἷς

528 4183 685 4247 Θεὸς,
716 4185 812 4236 καὶ
840 4182 902 4234 οὑ
933 4184 1107 4253 τρεῖς,
1144 4182 1335 4252 ἐπειδὴ
1373 4179 1473 4248 μία
1509 4181 1569 4234 ἔν
1609 4181 1791 4250 τρισὶν
1821 4181 1856 4252 ἡ
1887 4180 2112 4252 θεότης;

2209 3341 2310 3404 τάς
2332 3358 2392 3394 τε
2420 3342 2516 3394 καὶ
2535 3343 2915 3415 διακρίνοντας
2942 3345 3011 3399 τὰ
3036 3345 3178 3412 θεῖα,
3211 3344 3287 3418 μὴ
3319 3347 3418 3417 οὑχ
3454 3349 3527 3410 ὡς
3555 3343 3684 3399 αὑτά
3707 3341 3764 3394 τὰ

2213 3433 2334 3488 θεῖα
2365 3435 2588 3506 ⁴ῖγνωται,
2623 3437 2718 3490 καὶ
2759 3436 3130 3508 διακέκριται,
3179 3440 3276 3492 καὶ
3325 3439 3500 3502 ἑνοῦν,
3543 3440 3632 3491 καὶ
3671 3435 3765 3491 6m-

2212 3527 2442 3596 κρίνειν.
2462 3527 2626 3582 Ἀλλὰ
2665 3528 2782 3593 πῶς
2809 3545 2826 3594 ;
2859 3527 3005 3598 Ἐγὼ
3040 3530 3144 3600 μὲν
3177 3531 3323 3585 ὀκνῶ
3353 3533 3414 3587 τὸ
3454 3533 3763 3603 βλάσφημον,

2211 3619 2262 3674 οῖ
2291 3619 2350 3672 δὲ
2373 3618 2500 3673 νοῦν
2525 3619 2742 3690 ἔχοντες
2769 3615 2868 3675 οἷδ’
2893 3621 2978 3674 ὅτι
3024 3625 3253 3707 συνίασε
3277 3627 3522 3690 πάντως.
3549 3625 3652 3679 Καὶ
3678 3619 3766 3690 γὰρ

2213 3713 2428 3784 ἀνάγκη
2486 3715 2582 3767 καὶ
2631 3713 2766 3767 Θεὸν
2795 3713 3116 3782 ἐπεισάγειν
3167 3714 3453 3788 ἀλλότριον
3507 3717 3604 3788 τὴν
3631 3715 3765 3769 ἀλλο-

2213 3788 2373 3873 τρίαν
2407 3802 2601 3881 ἕνωσίν
2623 3818 2682 3856 τε
2706 3803 2801 3856 καὶ
2831 3801 3127 3875 διάκρισιν,
3157 3806 3252 3859 καὶ
3285 3807 3381 3860 διὰ
3418 3807 3572 3862 τοῦτο
3598 3807 3768 3878 δήπου-

2215 3892 2308 3948 θεν
2341 3897 2435 3949 καὶ
2483 3895 2784 3967 Γρηγόριος
2823 3897 2852 3950 ὸ
2883 3897 3110 3969 Νύσσης
3141 3899 3464 3971 θαυμαστὸς
3512 3901 3764 3972 πρόεδρος,

2217 3988 2476 4053 Τοιοῦτος
2512 3991 2668 4060 ἡμῖν,
2699 3989 2909 4060 ἔλεγεν,
2939 3991 2968 4044 ό
3009 3991 3106 4044 τοῦ
3139 3992 3414 4063 Εὑνομίου
3441 3993 3569 4058 Θεὸς
3608 3989 3768 4046 ἀναδέ-

2217 4079 2452 4136 δεικται.

2293 4171 2443 4225 Ἔδει
2493 4172 2594 4242 μὲν
2635 4172 2730 4228 οὑν
2766 4172 3001 4229 ἐνταῦθα
3045 4175 3238 4246 στῆναι
3279 4177 3378 4230 τὸν
3422 4177 3550 4250 περὶ
3585 4173 3754 4228 τούτων

535 4277 696 4346 Παρά
723 4277 888 4330 τίνων
916 4274 1266 4344 Εὑαγγελίων
1299 4274 1332 4344 ἢ
1364 4273 1685 4328 ἀποστόλων
1719 4273 1901 4344 ῥητῶς
1930 4272 1993 4325 τὸ
2019 4273 2120 4342 τῆς
2216 4261 2380 4328 λόγον
2413 4263 2574 4332 ἡμῖν.
2605 4263 2797 4335 ὥσπερ
2827 4266 2910 4328 εἰς
2939 4265 3128 4335 ἔφεσιν
3151 4279 3274 4319 τινα
3305 4268 3436 4330 τοὺς
3461 4267 3631 4326 θείους
3655 4277 3767 4332 χρη-

520 4371 888 4432 ·ὑποστάσεως
917 4369 1163 4439 ἤκουσας
1200 4367 1376 4438 ὄνομα
1402 4383 1417 4433 ;
1448 4366 1545 4420 καὶ
1581 4366 1668 4419 ὅτι
1695 4365 1794 4436 μία
1839 4365 1938 4434 μὲν
1962 4365 2121 4419 οὑσία
2222 4355 2396 4424 σμοὺς
2426 4355 2834 4427 ἀναδραμόντα,
2868 4358 2963 4410 καὶ
2996 4358 3095 4421 τὰς
3124 4358 3343 4412 ἐκεῖθεν
3379 4359 3519 4429 μετὰ
3548 4355 3771 4420 πλείστης

531 4465 603 4516 τὰ
629 4463 780 4532 τρία,
805 4462 1144 4524 ὑποστάσεις
1169 4460 1227 4513 δὲ
1267 4441 1450 4529 τρεῖς;
1489 4457 1600 4512 Ποῦ
1631 4457 1767 4526 παρ’
1799 4457 2034 4520 ἐκείνοις
2060 4457 2122 4510 τὸ
2220 4447 2354 4518 ὅσης
2384 4447 2483 4517 τῆς
2512 4449 2789 4515 ἀξιώσεως
2831 4450 3207 4521 κομισάμενον
3260 4450 3512 4520 ψήφους’
3541 4451 3572 4520 ἢ
3600 4449 3647 4501 τί
3683 4445 3774 4512 γὰρ

534 4557 794 4626 ἄναρχον,
832 4554 929 4608 καὶ
954 4555 1017 4607 τδ
1049 4555 1412 4625 συνάναρχον,
1449 4553 1545 4606 καὶ
1595 4552 1659 4604 τδ
1690 4550 1989 4615 συναῖδιον,
2023 4550 2118 4603 καὶ
2152 4581 2194 4637 ο
2223 4539 2292 4637 ἦν
2336 4541 2574 4637 ξιςλκαὶ-
2604 4541 3190 4637 προσπεριεργάζοιτο.
3248 4547 3346 4597 καὶ
3395 4539 3775 4637 προσεξεῖάῖοι,

533 4651 598 4701 τὸ
627 4649 937 4719 ὁμοούσιον,
985 4648 1083 4700 καὶ
1131 4646 1231 4717 τὴν
1261 4647 1320 4698 ἐν
1358 4644 1620 4715 ἀλλήλαις
1649 4643 1761 4697 τῶν
1808 4641 2120 4712 θεαρχικῶν
2152 4631 2186 4637 ⁷
2224 4631 2364 4686 Θεοῦ
2394 4633 2455 4688 τὸ
2509 4635 2676 4706 κῦρος
2709 4635 2962 4704 ,διδόντος
2997 4637 3111 4698 τοῖς
3138 4635 3319 4705 λόγοις
3349 4655 3364 4704 ;
3427 4637 3544 4691 ἀλλ’
3575 4637 3602 4687 ὁ
3644 4633 3778 4698 λόγος

534 4741 892 4794 ὑποστάσεων
939 4739 1341 4810 περιχώρησιν,
1382 4738 1476 4792 καὶ
1515 4734 1706 4808 μονὴν,
1757 4734 1854 4790 καὶ
1912 4734 2120 4805 ἵδρυσιν

535 4829 696 4904 εὗρες
724 4833 995 4902 λεγόμενα
1021 4848 1037 4896 ;

615 4927 752 4981 Είδὲ
786 4926 923 4996 πρὸς
947 4925 1049 4995 τὴν
1101 4923 1196 4979 τοῦ
1237 4921 1481 4995 Χριστοῦ
1543 4922 1762 4993 βλέψεις
1808 4923 2123 4993 οἰκονομίαν

528 5023 631 5074 καὶ
657 5021 724 5074 τὰ
767 5018 884 5071 ἐκεῖ
921 5020 1222 5088 μυστήρια,
1270 5018 1487 5071 δέδοικα
1521 5018 1596 5086 μὴ
1641 5017 1735 5070 καὶ⁵
1781 5016 2119 5088 ἀπιστήσῃς,

530 5114 708 5165 πᾶσιν
743 5109 996 5193 ἐντυχὼν.
1032 5111 1252 5180 ἀθρόοις
1291 5112 1404 5172 τοῖς
1447 5111 1563 5163 ἐκεῖ
1615 5108 1970 5179 λαλουμένοις
2007 5110 2127 5162 ὀνό-

543 5223 703 5275 μασι,
735 5206 829 5257 καὶ
861 5205 982 5267 ταῖς
1008 5203 1241 5270 λέξεσιν,
1267 5203 1414 5273 άπερ
1440 5205 1472 5274 ἠ
1495 5203 1607 5256 τῶν
1641 5203 1985 5274 πραγμάτων
2029 5201 2126 5257 καὶ

531 5301 652 5351 τῶν
682 5286 894 5368 καιρῶν
930 5296 1120 5366 ἐξεῦρε
1155 5297 1318 5368 χρεία
1363 5297 1505 5367 μετά
1533 5298 1629 5350 τοῦ
1656 5296 2000 5368 Πνεύματος,
2032 5297 2127 5350 καὶ

479 5375 483 5378 λ
534 5392 749 5452 τύπους
787 5389 975 5452 οἱονεὶ,
1006 5391 1103 5443 καὶ
1153 5389 1391 5459 κανόνας
1432 5390 1722 5453 εὐσεϐείας
1763 5391 1879 5444 τοῖς
1914 5390 2126 5452 πιστοῖς

537 5482 897 5551 ἐνεχείρισεν.
927 5481 987 5534 Εἰ
1015 5482 1073 5535 δὲ
1103 5482 1202 5545 τάς
1227 5483 1326 5554 τῆς
1359 5484 1601 5547 πίστεως
1649 5484 1847 5555 ἀρχὰς,
1881 5483 1976 5538 καὶ
1999 5484 2128 5547 τοὺς

536 5573 644 5640 τῆς
672 5571 952 5639 θεολογίας
979 5577 1235 5628 τουτουσὶ
1261 5575 1544 5646 θεμελίους
1575 5577 1710 5644 ὁμοῦ
1745 5577 1975 5639 πάντας,
2003 5577 2128 5631 καί·

541 5679 630 5714 τοι
687 5679 751 5731 γε
808 5664 962 5735 παρὰ
1008 5667 1118 5720 τῶν
1143 5667 1341 5737 λογίων
1371 5669 1553 5740 ῥητῶς
1599 5669 1699 5722 οὑκ
1745 5667 1886 5739 ἔχων
1929 5669 2131 5724 οὑτωσὶ

541 5753 803 5824 κείμενα,
853 5757 1002 5828 ὅμως
1042 5761 1106 5831 τῇ
1148 5761 1259 5815 τῶν
1313 5764 1574 5833 Πατέρων
1622 5761 1875 5831 θεολογίᾳ
1923 5759 2130 5813 τούτων

541 5846 773 5916 θαρρεῖς
824 5852 953 5923 περὶ
991 5853 1085 5907 τοῦ
1138 5855 1361 5922 παντὸς,
1416 5855 1526 5909 τῶν
1571 5854 1756 5924 ἄκρων
1816 5852 2130 5908 ἀποστόλων

2229 4727 2481 4799 βούλεται
2515 4731 2581 4801 τῇ
2628 4728 2728 4800 τῆς
2761 4728 3019 4799 ἀληθείας
3056 4731 3368 4802 περιουσίᾳ,
3412 4731 3505 4784 καί
3550 4745 3663 4781 τινα
3688 4722 3780 4775 τῶν

2226 4822 2322 4876 τοῦ
2370 4822 2689 4895 Πνεύματος
2746 4823 2948 4892 λογίων
2996 4822 3179 4876 αὑτῶν
3225 4824 3409 4896 ῥητῶς
3466 4815 3782 4891 παραγαγεῖν

2230 4914 2373 4986 ὑπὲρ
2404 4916 2515 4970 τῶν
2545 4915 2931 4990 προκειμένων
2961 4915 3225 4980 ἐνταῦθα,
3264 4918 3358 4969 καὶ
3408 4912 3698 4986 βεϐαιῶσαι
3725 4904 3783 4957 τὰ

2229 5007 2409 5060 οἰκεῖα
2438 5007 2762 5061 κάντεῦθεν.
2793 5007 2855 5060 El
2889 5007 2989 5076 μὲν
3016 5003 3110 5060 οὖν
3143 5006 3370 5059 κάκεῖνο
3397 5004 3612 5075 παρῆν,
3628 4999 3686 5052 τὸ
3705 4992 3782 5047 τοῦ

2231 5097 2380 5151 θείου
2412 5101 2556 5168 φημὶ
2598 5101 2876 5154 Διονυσίου
2926 5097 3133 5169 βιϐλίον
3174 5097 3272 5150 σύν
3316 5113 3380 5166 γε
3414 5098 3529 5158 τοῖς
3557 5083 3785 5150 ἄλλοιςιδ

2231 5192 2298 5260 δὴ
2330 5193 2425 5246 καὶ
2462 5191 2783 5262 θεολογικάς
2814 5193 3204 5254 ὑποτυπώσεις
3231 5191 3394 5252 αὑτὸς
3420 5183 3577 5252 οὗτος
3603 5180 3783 5243 καλῶν›

2236 5287 2478 5356 συνεχῶς
2524 5288 2582 5340 ὲν
2636 5288 2812 5356 τούτῳ
2855 5285 3092 5355 μάλιστα
3143 5285 3418 5355 μέμνηται
3463 5280 3542 5349 τῷ
3595 5273 3783 5348 βιϐλίῳ,

2237 5382 2403 5435 πάλαι
2439 5381 2504 5434 ἂν
2529 5377 2674 5453 ἦμεν
2697 5379 3118 5450 ἀπηλλαγμένοι
3138 5377 3483 5448 πραγμάτων
3502 5391 3515 5405 ⁸
3535 5377 3591 5427 ὲν
3613 5367 3786 5432 ἐκείνῳ

2235 5479 2334 5530 καὶ
2368 5477 2476 5548 γάρ
2502 5493 2672 5548 φησιν
2707 5476 2737 5529 ό
2769 5474 3023 5543 θεολόγος
3051 5473 3148 5536 τάς
3181 5475 3245 5526 ἐκ
3273 5471 3381 5524 τῶν
3427 5469 3618 5534 λογίων
3654 5455 3787 5529 ίερᾶς

2241 5568 2750 5643 μαρτυρίοιςαὺτῷ
2801 5567 3214 5638 προτεθεῖσθαι,
3256 5565 3378 5618 ὅσαι
3437 5557 3633 5629 δηλαδὴ
3676 5547 3786 5643 περὶ

2239 5641 2393 5728 θείας
2416 5641 2667 5726 ένώσεώς
2701 5680 2760 5716 τε
2787 5662 2882 5715 καὶ
2910 5660 3238 5729 διακρίσεως
3263 5655 3604 5723 διειλήφασιν
3624 5664 3636 5677 ·
3661 5641 3787 5699 ἑκεί-

2239 5776 2330 5810 νου
2371 5757 2428 5812 δὲ
2460 5756 2534 5827 μὴ
2577 5756 2866 5826 παρόντος,
2915 5752 3050 5823 μηδὲ
3083 5747 3433 5818 ἐγνωσμένου
3486 5738 3786 5809 τοπαράπαν

2241 5853 2395 5923 ἡμῖν,
2426 5851 2520 5914 τὰς
2551 5852 2679 5921 περὶ
2709 5847 2972 5918 διαφορᾶς
2999 5845 3187 5907 οὐσίας
3217 5842 3365 5904 θειπς
3389 5839 3483 5893 καὶ
3511 5827 3784 5903 ἐνερτίί⁶ς’
