4054 6440
329 392 437 454 835

1144 389 1442 450 CONTRA
1483 388 1916 450 GREGORAM
1955 386 2733 450 ANTIRRHETICORUM.
2771 389 2838 452 V.

3481 389 3586 452 εδς

329 517 512 556 σκετε
561 497 768 562 αὐτὸν,
807 499 904 553 καὶ
950 499 1247 566 ἑωράκατε
1293 499 1504 564 αὐτὸν,
1557 501 1705 568 λέγει
1757 500 1906 570 αὐτῷ
1933 522 1985 581 Α
2008 518 2119 563 νον,
2155 500 2298 554 κατὰ
2333 501 2424 552 τὸν
2451 499 2545 553 τοῦ
2584 500 2978 569 εὐαγγελιστοῦ
3021 497 3201 570 λόγον.
3227 501 3352 565 Πῶς
3403 500 3463 554 δὲ
3493 505 3590 557 καί

327 596 595 654 Φίλιππος
620 610 634 624 ο
695 593 890 659 Κύριε,
927 591 1131 656 δεῖξον
1178 593 1324 662 ἡμῖν
1370 593 1478 647 τὸν
1520 595 1772 662 Πατέρα,
1806 585 1902 648 καὶ

327 687 504 756 ἀρκεῖ
529 686 692 755 ἡμῖν.
728 685 945 755 Ταύτην
989 681 1084 739 οῦν
1119 685 1221 756 τὴν
1262 686 1358 740 τοῦ
1393 688 1668 742 Φιλίππου
1713 688 1908 740 πεῦσιν

329 783 358 835 6
393 781 533 841 θεῖος
574 777 736 841 αὖθις
790 778 1179 848 Χρυσόστομος
1236 779 1296 832 ἐν
1343 781 1462 842 ταῖς
1521 781 1910 848 εὐαγγελικαῖς

333 873 710 941 σκοπούμενος
781 870 1145 940 ἐξηγήσεσιν,
1209 871 1537 942 ἀκούσωμεν
1593 869 1681 927 οἷα
1735 874 1906 942 λέγει.

335 965 590 1034 Ἴδωμεν,
625 963 779 1032 φησί,
807 963 860 1015 τί
888 966 912 1017 6
943 965 1210 1028 Φίλιππος
1259 965 1414 1036 ζητεῖ
1449 967 1596 1018 ἰδεῖν.
1632 961 1778 1035 *Λρα
1811 965 1912 1036 τὴν

337 1056 531 1123 σοφίαν
581 1055 675 1108 τοῦ
731 1056 979 1125 Πατρός;
1038 1052 1146 1126 ἆρα
1202 1057 1298 1127 τὴν
1351 1057 1696 1127 ἀγαθότητα;
1753 1058 1911 1128 Οὐχὶ,

334 1148 450 1200 ἀλλ’
474 1148 606 1200 αὐτὸ
638 1147 690 1200 τί
721 1149 852 1200 ποτέ
885 1149 1032 1201 ἐστιν
1059 1151 1085 1202 6
1115 1148 1268 1215 Θεὸς,
1304 1150 1474 1218 αὐτὴν
1498 1149 1598 1220 τὴν
1625 1149 1837 1204 οὐσίαν.

406 1240 476 1291 '0
516 1257 581 1308 γε
605 1239 739 1309 ’μὴν
785 1240 1177 1310 εὐαγγελιστὴς
1224 1242 1439 1306 Λουκᾶς
1492 1241 1633 1312 μετὰ
1671 1243 1771 1310 τὴν
1805 1243 1914 1296 τῶν

335 1333 687 1402 προύχόντων
719 1333 1030 1387 ἀποστόλων
1067 1334 1302 1404 ἐκλογὴν
1351 1337 1487 1406 πρὸς
1519 1335 1784 1405 Χριστοῦ,
1822 1336 1916 1390 καὶ

336 1427 532 1495 κλῆσιν
583 1430 701 1479 κατ’
761 1426 952 1498 ὄνομα,
1014 1429 1107 1480 καὶ
1155 1428 1281 1480 τάδε
1345 1431 1480 1500 φησί
1536 1431 1666 1500 περὶ
1724 1430 1914 1497 αὐτοῦ,

336 1519 545 1589 προϊών
565 1535 580 1549 ·
608 1519 714 1573 Καὶ
740 1517 858 1583 πᾶς
886 1522 918 1574 δ
948 1519 1134 1586 ὄχλος
1154 1520 1342 1587 ἐζήτει
1373 1522 1668 1576 ἅπτεσθαι
1702 1522 1914 1588 αὐτοῦ,

337 1610 426 1664 ὄτι
460 1612 717 1679 δύναμις
749 1611 885 1677 παρ’
909 1611 1098 1666 αὐτοῦ
1130 1612 1444 1682 ἐξήρχετο,
1478 1614 1576 1669 καί
1605 1615 1734 1669 ἰᾶτο
1761 1617 1918 1669 πάν-

338 1719 467 1769 τας.
498 1703 676 1773 Ὅπερ
711 1705 738 1755 ὀ
783 1704 956 1769 μέγας
1003 1702 1380 1773 διερμηνεύων
1432 1703 1718 1774 Κύριλλος,
1758 1705 1918 1758 Εἰκό-

337 1813 448 1857 τως
475 1797 523 1848 οἰ
558 1794 658 1864 μὲν
692 1795 991 1864 προφῆται,
1017 1793 1338 1864 φησ¹ιν,ὀύκ
1365 1791 1509 1867 εἶχον
1536 1795 1793 1866 δυνάμεις
1823 1795 1918 1850 ἀπ’

2010 595 2215 664 κτίσμα
2245 611 2326 658 τις
2359 595 2474 664 ἐρεῖ
2509 594 2608 665 τὴν
2649 595 2704 646 ἐν
2743 595 2966 665 Χριστῷ
3016 597 3287 664 μένουσαν
3318 599 3591 668 ἀμείωτον

2011 686 2242 756 δύναμιν
2272 687 2414 739 κατά
2446 687 2536 738 τὸν
2579 685 2806 740 εἰπόντα
2853 688 3064 740 τουτονὶ
3103 688 3383 758 θεολόγον,
3420 693 3468 743 εἰ
3515 691 3591 761 μὴ

2015 779 2155 848 μετὰ
2201 778 2310 830 τῶν
2362 778 2707 848 μαινομένων
2763 779 2860 831 καὶ
2927 783 3358 850 παραπαιόντων
3427 783 3592 846 αὐτὸς

2013 867 2371 939 ἀριθμεῖσθαι
2404 868 2586 933 θέλοις

2098 958 2242 1016 Ἀλλ’
2279 961 2369 1013 ἐπί
2394 962 2487 1014 τὸν
2514 962 2581 1031 μέ
2595 979 2690 1029 γαν
2719 961 2812 1016 καὶ
2837 957 2993 1025 αὖθις
3029 963 3201 1033 ἴωμεν
3235 964 3471 1029 Παῦλον,
3499 969 3595 1022 καὶ

2017 1057 2386 1125 σκοπὴσωμεν
2427 1054 2490 1108 τὰ
2521 1054 2658 1123 πρὸς
2697 1055 3009 1124 Ῥωμαίους
3040 1056 3188 1126 αὐτῴ
3225 1060 3592 1128 γεγραμμένα.

2016 1146 2275 1217 περὶτῆς
2323 1145 2474 1208 θείας
2528 1144 2734 1215 ταύτης
2787 1145 3096 1215 δυνάμεως.
3148 1148 3595 1202 Ἀποκιιίὐπτε-

2015 1254 2133 1298 ται,
2167 1237 2351 1306 φησιν,
2403 1237 2550 1306 ὀργὴ
2592 1237 2741 1292 Θεοῦ
2775 1239 2876 1293 ἀπ’
2913 1239 3175 1305 οὐρανοῦ
3224 1241 3319 1292 ἐπὶ
3389 1243 3598 1296 πᾶσαν

2017 1330 2300 1384 ἀσέϐειαν
2338 1331 2434 1383 καί
2494 1331 2734 1386 ἀδικίαν
2773 1331 3121 1398 ἀνθρώπων,
3156 1331 3275 1385 τῶν
3308 1332 3421 1400 τὴν
3456 1333 3601 1400 ἀλή-

2018 1423 2185 1475 θειαν
2221 1421 2290 1474 ἐν
2319 1421 2518 1488 ἀδικίᾳ
2552 1423 2950 1489 κατεχόντων.
3009 1424 3163 1477 Διότι
3210 1424 3276 1476 τὸ
3326 1427 3603 1492 γνωστὸν

2018 1513 2124 1567 τοῦ
2163 1513 2314 1568 Θεοῦ
2343 1514 2609 1583 φανερόν
2637 1516 2812 1568 ἐστιν
2846 1515 2914 1568 ἐν
2942 1517 3170 1582 αὐτοῖς.
3211 1516 3274 1569 ’0
3316 1519 3462 1584 Θειδς
3488 1520 3602 1591 γὰρ

2017 1605 2226 1670 αὐτοῖς
2278 1605 2642 1674 ἐφανέρωσε.
2701 1609 2777 1662 Τὰ
2815 1608 2924 1676 γὰρ
2978 1609 3202 1676 ἀόρατα
3254 1611 3440 1664 αὐτοῦ
3483 1614 3600 1667 ἀπὸ

2020 1698 2276 1763 κτίσεως
2319 1700 2554 1767 κόσμου
2588 1698 2713 1764 τοῖς
2745 1700 3040 1768 ποιήμασι
3078 1704 3377 1769 νοούμενα
3423 1709 3600 1760 καθοο

2015 1786 2215 1856 ρᾶται,
2249 1787 2287 1856 ἦ
2316 1805 2378 1842 τε
2418 1789 2610 1855 ἀΐδιος
2664 1791 2852 1844 αὐτοῦ
2887 1791 3144 1859 δύναμις
3190 1795 3288 1848 καὶ
3343 1796 3600 1860 θειότης.

339 1886 520 1940 αὐτῶν
551 1885 915 1955 ἐξερχομένας
948 1901 962 1915 ⁸
992 1885 1176 1956 χάριτι
1206 1884 1315 1956 γὰρ
1359 1884 1495 1939 Θεοῦ
1547 1887 1924 1958 ἐθαυματούρι
1956 1869 1998 1923 Β
2028 1881 2209 1950 Ἀπερ
2241 1881 2287 1932 οἰ
2328 1881 2572 1949 θεολόγοι
2610 1882 2874 1952 Πατέρες,
2908 1879 3175 1954 Κύριλλός
3204 1902 3262 1938 τε
3302 1887 3397 1937 καὶ
3442 1887 3604 1939 Ἀθαο

339 1993 511 2047 γουνο
543 1979 571 2030 6
615 1978 674 2030 δέ
728 1976 936 2047 Ἰησοῦς
979 1976 1131 2048 πηγὴ
1177 1976 1251 2030 ὢν
1315 1977 1518 2041 παντὸς
1565 1978 1770 2046 ἀγαθοῦ
1831 1980 1926 2033 καὶ

341 2071 523 2140 πάσης
571 2069 877 2136 δυνάμεως,
909 2069 1025 2140 ἔχει
1077 2071 1336 2140 δυνάμεις
1367 2070 1464 2123 ἀπ’
1499 2071 1664 2126 αὐτοῦ
1704 2072 1926 2144 ἐξερχοο

344 2161 540 2234 μένας.
570 2158 700 2216 Τί,
721 2161 779 2214 δὲ
811 2162 977 2215 αὐτοῦ
1018 2162 1194 2241 ¹πάλιν
1245 2163 1640 2230 εὐαγγελιστοῦ
1688 2166 1749 2217 τὸ
1797 2167 1927 2236 περί

339 2255 442 2326 τὴν
475 2255 775 2326 αἱμόρῤουν
822 2253 1109 2319 διεξιόντος
1160 2254 1254 2307 τοῦ
1301 2253 1541 2324 Χριστοῦ
1576 2255 1784 2326 θαῦμα,
1829 2261 1927 2312 καὶ

340 2347 535 2399 τοῦτον
579 2346 898 2414 εἰσάγοντος
939 2344 1082 2399 οὕτω
1136 2349 1270 2416 πρὸς
1299 2345 1426 2409 τοὺς
1479 2345 1642 2410 ίδίους
1700 2347 1928 2416 λέγοντα

346 2438 601 2510 μαθητάς
627 2451 642 2465 ⁸
683 2438 922 2506 ’Ἥψατό
955 2438 1076 2507 μού
1122 2455 1236 2503 τις,
1283 2438 1398 2508 ἐγὼ
1429 2438 1538 2509 γὰρ
1573 2438 1766 2508 ἔγνων
1819 2439 1920 2494 δύο

343 2547 528 2600 ναμιν
553 2530 932 2595 ἐξελθοῦσαν
961 2529 1063 2584 ἀπ’
1088 2530 1257 2598 ἐμοῦ,
1289 2532 1317 2582 6
1342 2530 1483 2592 θεῖος
1514 2527 1672 2594 αὖθις
1701 2530 1928 2603 ἐξηγού-

349 2640 512 2693 μενος
544 2623 707 2676 ταυτὶ
756 2622 1052 2694 Κύριλλος,
1112 2621 1449 2691 Ἐξέρχεται,
1495 2622 1650 2692 φησι,
1697 2622 1928 2690 δύναμις

343 2718 456 2771 ἀπὸ
492 2716 756 2786 Χριστοῦ,
798 2715 858 2767 οὐ
889 2716 1131 2779 τοπικῶς
1167 2715 1590 2786 μεταϐαίνουσα,
1623 2714 1759 2768 ἀλλὰ
1788 2714 1927 2784 πρὸς

345 2813 476 2873 τοὺς
527 2809 722 2873 ἄλλους
759 2808 1104 2878 διαδιδομένη
1157 2809 1249 2888 καὶ
1301 2810 1358 2860 ἐν
1409 2807 1487 2876 τῷ
1551 2807 1774 2877 Χριστῷ
1833 2807 1930 2876 μέ-

2027 1974 2213 2037 νάσιος
2240 1973 2702 2036 ἀναπτύσσοντες,
2734 1975 3059 2044 ἀκούσωμεν
3097 1971 3186 2029 οίά
3215 1994 3398 2044 φασιν.
3433 1974 3604 2033 Εἶπεν

2028 2068 2161 2132 ἄνω,
2204 2069 2286 2121 ὅτι
2320 2067 2420 2138 τὴν
2463 2067 2558 2120 τοῦ
2590 2068 2726 2120 Θεοῦ
2770 2069 2974 2135 γνῶσιν
3006 2069 3276 2139 ἠδίκησαν
3313 2073 3362 2124 οἱ
3408 2072 3606 2142 ’Ἐλλη-

2028 2177 2140 2224 νες,
2171 2160 2358 2222 κακῶς
2401 2161 2542 2230 αὐτῇ
2584 2161 2945 2230 χρησάμενοι.
2991 2161 3164 2216 Πόθεν
3195 2158 3289 2216 οὖν
3314 2163 3474 2234 δῆλον
3519 2166 3603 2218 ὅτι

2029 2255 2231 2321 γνῶσιν
2263 2253 2444 2324 ἔσχον,
2487 2253 2581 2307 νῦν
2614 2270 2782 2322 φησιν
2807 2269 2821 2284 ⁸
2863 2254 2946 2308 ὃτι
2980 2254 3041 2308 τὸ
3074 2257 3316 2325 γνωστὸν
3347 2259 3440 2311 τοῦ
3467 2259 3604 2312 Θεοῦ

2030 2346 2263 2416 φανερόν
2291 2349 2438 2400 ἐστιν
2469 2347 2526 2398 ἐν
2561 2346 2763 2408 αὐτοῖς.
2798 2342 2930 2400 Εἶτα
2952 2349 3046 2400 καὶ
3074 2349 3232 2403 τοῦτο
3263 2352 3609 2407 κατασκευά-

2029 2439 2135 2505 ζει,
2177 2438 2369 2508 λέγων,
2409 2441 2487 2493 ὅτι
2535 2439 2646 2492 ἀπὸ
2681 2439 2781 2508 τῆς
2822 2439 3082 2506 εὐταξίας
3129 2443 3238 2494 τῶν
3287 2446 3608 2514 κτισμάτων

2031 2532 2361 2602 ἐκηρύττετο
2387 2535 2415 2586 6
2443 2531 2780 2602 δημιουργός
2805 2549 2818 2563 ⁸
2852 2533 2927 2596 ὡς
2969 2535 2995 2586 6
3027 2534 3192 2588 Δαόὶδ
3219 2535 3388 2603 λέγει,
3419 2539 3484 2590 Οί
3509 2539 3611 2592 οὺ-

2025 2626 2200 2692 ρανοί
2240 2623 2588 2693 διηγοῦνται
2626 2622 2817 2688 δόξαν
2853 2625 3021 2680 Θεοῦ.
3051 2626 3125 2678 Τὸ
3155 2625 3210 2678 δὲ
3240 2628 3480 2694 γνωστὸν
3513 2630 3608 2683 τοῦ

2032 2715 2169 2768 Θεοῦ
2211 2713 2265 2767 τί
2313 2716 2485 2780 ἐστιν,
2521 2714 2694 2776 οὕτως
2735 2715 2801 2768 ἂν
2837 2715 3050 2782 μάθοις.
3089 2716 3195 2770 Τοῦ
3243 2716 3378 2771 Θεοῦ
3407 2719 3468 2771 τὸ
3510 2719 3612 2788 μὲν

2034 2808 2184 2861 ἐστιν
2206 2808 2510 2876 ἄγνωστον,
2541 2809 2769 2876 ἤγουνὴ
2794 2808 2951 2861 οὐσία
2971 2809 3160 2876 αὐτοῦ,
3182 2808 3240 2862 τὸ
3264 2811 3319 2864 δὲ
3347 2812 3611 2879 γνωστὸν,

347 2920 538 2969 νουσα,
581 2901 773 2968 ὥσπερ
809 2902 903 2954 καὶ
935 2901 998 2953 τὰ
1043 2900 1346 2971 μαθήματα
1380 2902 1472 2954 καὶ
1507 2903 1660 2971 παρὰ
1709 2903 1822 2963 τοῖς
1847 2900 1930 2954 δι·-
2031 2899 2147 2957 οἷον
2181 2908 2360 2958 πάντα
2397 2901 2466 2956 τὰ
2493 2903 2624 2970 περὶ
2651 2905 2748 2967 τὴν
2783 2903 2992 2966 οὐσίαν,
3028 2904 3308 2957 τουτέστιν
3348 2907 3378 2974 ἡ
3409 2905 3614 2972 ἁγαθό-

347 2998 640 3061 δασκάλοις
671 2999 780 3050 εἰσὶ
804 2997 897 3051 καὶ
931 2998 1042 3058 τοῖς
1076 2996 1414 3065 μανθάνουσι
1457 2996 1836 3065 παραδίδοται.
2033 3013 2154 3066 της,
2181 2997 2214 3066 ἠ
2246 2995 2430 3062 σοφία,
2461 2997 2494 3064 ἡ
2519 2995 2773 3062 δύναμις,
2814 2996 2846 3064 ἡ
2879 2994 3116 3064 θειότης,
3148 2995 3184 3050 ἃ
3213 2998 3306 3051 καὶ
3347 2997 3554 3067 ἀόρατα
3585 3001 3614 3052 6

421 3093 590 3162 Δῆλον
632 3091 732 3160 μὲν
777 3086 891 3155 οῦν,
943 3091 1024 3144 ὅτι
1059 3091 1291 3160 δύναμιν
1331 3090 1564 3143 ἐνταῦθα
1612 3091 1672 3144 οὐ
1707 3091 1807 3161 τὴν
1839 3091 1930 3144 οὐ·
2036 3087 2250 3150 Παῦλος
2299 3087 2466 3154 λέγει,
2521 3087 2792 3156 νοούμενα
2846 3090 2958 3150 τοῖς
2997 3090 3290 3159 ποιήμασι.
3337 3090 3463 3153 Τοῖς
3521 3087 3616 3145 οῦν

287 3181 298 3186 ”
347 3184 473 3238 σίαν
521 3183 646 3236 οὐτε
695 3186 722 3236 ὁ
751 3182 986 3252 Χριστός
1045 3199 1229 3252 φησιν,
1285 3181 1408 3235 οὔτε
1461 3181 1732 3252 Κύριλλος
1778 3186 1804 3237 6
1860 3183 1928 3237 τὰ
1953 3201 2010 3263 α
2038 3178 2299 3246 Ἕλλησιν
2330 3177 2498 3244 ἔδειξε
2530 3178 2591 3232 τὸ
2623 3180 2866 3248 γνωστὸν
2892 3179 3058 3233 αὐτοῦ
3083 3181 3211 3244 πᾶν,
3243 3181 3362 3252 ἦτοι
3388 3183 3456 3236 τὰ
3488 3185 3616 3253 περὶ

347 3277 518 3332 αὐτοῦ
576 3276 960 3346 ἐξηγούμενος.
1012 3277 1225 3345 Ἔγνων
1271 3275 1403 3347 γὰρ,
1469 3279 1626 3346 φησὶ,
1696 3275 1929 3348 δύναμιν
2031 3271 2130 3342 τὴν
2185 3271 2375 3326 οὐσίαν
2442 3271 2644 3338 πάντα,
2715 3271 2751 3325 ἃ
2815 3272 3118 3342 ὀφθαλμοῖς
3183 3275 3282 3342 μὲν
3336 3276 3618 3344 αἰσθητοῖς

346 3368 700 3435 ἐξελθοῦσαν,
745 3371 839 3422 καὶ
870 3369 1101 3439 δύναμις
1141 3369 1270 3438 παρ’
1303 3369 1468 3422 αὐτοῦ
1511 3371 1800 3442 ἐξήρχετο,
1835 3373 1930 3423 καὶ
2031 3365 2241 3435 ἀόρατά
2272 3366 2400 3431 εἰσι,
2431 3364 2505 3434 νῷ
2536 3363 2591 3417 δέ
2623 3364 2951 3434 καταληπτὰ
2973 3365 3064 3418 διὰ
3093 3364 3195 3436 τῆς
3233 3369 3291 3420 ἐν
3322 3369 3434 3431 τοῖς
3462 3369 3623 3439 ποιή-

347 3462 434 3515 ὃτι
462 3463 489 3514 6
526 3459 756 3530 Ἰησοῦς,
786 3461 974 3530 φησὶν,
1010 3460 1121 3531 ἔχει
1149 3460 1407 3529 δυνάμεις
1436 3461 1800 3532 ἐξερχομένας
1835 3461 1930 3515 ἀπ’

347 3553 541 3608 αὐτοῦ.
569 3555 676 3607 Καὶ
699 3550 853 3616 αὖθις
877 3569 892 3584 ο
931 3554 1244 3624 Ἐξέρχεται
1277 3554 1504 3623 δύναμις
1539 3554 1646 3608 ἀπὸ
1669 3553 1930 3625 Χριστοῦ.

349 3646 428 3700 Τὸ
459 3645 516 3699 δέ
551 3627 934 3718 ἐξερχόμενον,
964 3646 1039 3709 ὡς
1065 3647 1160 3700 καὶ
1186 3645 1329 3699 αὐτά
1359 3662 1493 3714 φησι
1522 3648 1592 3700 τὰ
1625 3646 1744 3698 θεία
1769 3646 1931 3717 ῥητὰ,

354 3737 419 3790 ἐκ
452 3754 592 3800 τινος
620 3736 924 3808 ἐξέρχεται.
961 3737 1034 3790 T6
1064 3737 1121 3790 δὲ
1158 3736 1359 3803 λέγειν,
1399 3737 1462 3789 ἐκ
1485 3754 1634 3796 τινος
1667 3738 1936 3808 πρόερχε-

361 3827 486 3882 σθαι
507 3830 606 3900 τὴν
638 3829 790 3884 θείαν
815 3829 1027 3894 οὐσίαν,
1059 3829 1494 3899 παραφροσύνης
1525 3829 1714 3896 ἐγγύς.
1741 3829 1802 3882 Εἰ
1828 3834 1936 3900 γὰρ

351 3923 455 3993 τὴν
491 3923 680 3976 οὐσίαν
730 3922 952 3992 δοίημεν
999 3921 1063 3974 ἐκ
1110 3937 1256 3982 τινος
1306 3918 1699 3990 προέρχεσθαι,
1757 3921 1937 3974 ἐκεῖνο

351 4005 594 4077 πάντως
619 4016 714 4068 καὶ
745 4017 918 4068 αἴτιον
954 4013 1162 4082 ταύτης
1201 4010 1438 4082 ἐροῦμεν
1459 4029 1471 4042 ·
1520 4013 1658 4082 ὅπερ
1707 4012 1766 4064 οὐ
1798 4011 1936 4065 Θεοῦ

352 4109 521 4182 μόνον
572 4110 881 4180 ἀλλότριον,
951 4107 1089 4160 ἀλλὰ
1150 4106 1246 4159 καὶ
1302 4105 1588 4176 προδήλως
1653 4105 1936 4160 ἀδύνατον.

351 4203 525 4256 Ὅθεν
561 4203 656 4256 καὶ
710 4203 986 4264 Διονύσιος
1035 4203 1063 4254 6
1100 4202 1274 4269 μέγας
1321 4199 1431 4252 τῶν
1490 4199 1709 4250 πάντων
1760 4197 1940 4250 αἰτίαν

344 4295 562 4363 ταύτην
598 4293 802 4362 μᾶλλον
845 4291 1106 4358 θεολογεῖ,
1140 4289 1313 4358 λέγων
1347 4289 1520 4352 οὕτως
1546 4304 1561 4320 ο
1593 4288 1779 4340 Πάντα
1811 4305 1942 4356 μετ-

349 4390 470 4458 έχει
509 4388 644 4440 Θεοῦ
706 4384 986 4454 προνοίας,
1015 4386 1080 4435 ἐκ
1119 4381 1220 4451 τῆς
1253 4380 1579 4448 ὐπερουσίου
1617 4378 1712 4433 καὶ
1743 4396 1943 4433 παναι-

345 4484 472 4537 τίου
513 4482 769 4550 θεότητος
827 4475 1258 4544 ἐκὸλυζομένης.
1291 4475 1503 4536 Ἀλλως
1552 4490 1633 4538 τε,
1665 4473 1715 4526 εί
1741 4490 1793 4525 τι
1838 4473 1940 4542 τῆς

2037 3473 2204 3526 μασιν
2237 3455 2515 3520 εὐταξίας.

2104 3552 2239 3620 Περὶ
2273 3549 2482 3602 τούτων
2527 3549 2622 3602 καὶ
2653 3549 2938 3611 Βασίλειος
2967 3551 2996 3602 6
3050 3548 3226 3618 μέγας
3276 3549 3410 3617 πρὸς
3454 3551 3620 3604 Εὐνό-

2037 3658 2160 3704 μιον
2193 3640 2424 3710 γράφων
2459 3639 2601 3694 οὕτω
2633 3641 2804 3712 φησίν
2830 3657 2845 3671 ⁸
2885 3641 3044 3702 Εἰκὸς
3068 3639 3240 3711 αὐτὴν
3269 3641 3365 3707 μὲν
3394 3641 3492 3711 τὴν
3524 3642 3618 3704 οὐ-

2037 3733 2159 3784 σίαν
2190 3731 2521 3802 ἀπερίοπτον
2561 3727 2702 3783 εῐναι
2735 3731 2923 3793 παντὶ,
2951 3731 3147 3800 πλὴνῆ
3185 3731 3262 3800 τῷ
3293 3731 3613 3799 Μονογενεῖ,

2035 3823 2230 3894 καὶτῷ
2270 3823 2413 3892 ἁγίῳ
2467 3823 2746 3892 Πνεύματι
2771 3838 2784 3853 ⁸
2817 3825 2881 3875 ἐκ
2920 3822 2976 3876 δέ
3020 3822 3130 3875 τῶν
3175 3823 3472 3892 ἐνεργειῶν
3523 3822 3619 3876 τοῦ

2036 3915 2174 3968 Θεοῦ
2213 3916 2584 3984 ἀναγομένους
2625 3917 2796 3985 ἡμᾶς,
2841 3917 2936 3970 καὶ
2986 3915 3076 3968 διὰ
3127 3916 3234 3968 τῶν
3291 3916 3620 3986 ποιημάτων

2037 4010 2128 4063 τὸν
2155 4008 2387 4080 ποιητὴν
2419 4008 2759 4072 ἐννοοῦντας,
2789 4008 2890 4078 τῆς
2935 4009 3272 4079 ἀγαθότητος
3305 4009 3470 4062 αὐτοῦ
3520 4011 3616 4062 καὶ

2037 4101 2136 4171 τῆς
2177 4102 2370 4170 σοφίας
2398 4100 2703 4171 λαμϐάνειν
2720 4102 2820 4170 τὴν
2850 4101 3126 4170 αἴσθησιν.
3161 4100 3333 4153 Τοῦτο
3367 4099 3474 4171 γάρ
3503 4103 3620 4154 ἐστι

2038 4193 2101 4246 τὸ
2127 4193 2370 4261 γνωστὸν
2423 4192 2517 4248 τοῦ
2557 4193 2716 4253 Θεοῦ.
2767 4193 2795 4246 ὃ
2848 4195 3014 4249 πᾶσιν
3060 4193 3370 4264 ἀνθρώποις
3409 4195 3438 4246 6
3487 4192 3623 4255 Θεὸς

2043 4287 2415 4356 ἐφανέρωσεν.
2459 4287 2516 4340 Ὀ
2565 4286 2623 4340 δέ
2655 4287 2883 4354 ἀδελφὸς
2929 4287 3122 4339 τούτου
3156 4287 3250 4338 καὶ
3304 4285 3486 4354 φύσιν,
3528 4286 3625 4340 καὶ

2042 4381 2264 4449 τρόπον,
2295 4381 2389 4432 καὶ
2419 4379 2630 4446 λόγους,
2672 4381 2768 4430 καὶ
2798 4378 3051 4446 θεωρίαν,
3085 4379 3386 4446 Γρηγόριος
3415 4381 3438 4430 6
3481 4379 3630 4431 Νύσ-

2047 4486 2147 4541 σης
2174 4471 2338 4541 φημὶ,
2370 4471 2498 4534 τοὺς
2542 4470 2940 4538 εὐαγγελικοὺς
2993 4470 3314 4540 ἑρμηνεύων
3380 4488 3624 4542 μακαρι-

349 4575 508 4635 οείας
541 4572 730 4634 οὐσίας
777 4571 892 4639 ἐρεῖ
936 4586 1017 4632 τις
1050 4566 1226 4619 αἴτιον
1270 4560 1434 4631 εἶναι,
1487 4564 1634 4618 τοῦτ’
1679 4565 1809 4618 αὐτὸ
1842 4565 1937 4618 καὶ
1971 4552 2013 4603 D
2046 4564 2240 4633 σμοὺς,
2269 4566 2365 4616 καὶ
2398 4563 2519 4617 κατ’
2567 4565 2744 4616 ἐκεῖνο
2806 4563 2867 4616 τὸ
2903 4563 3044 4616 θεῖον
3100 4563 3264 4634 ῥητὸν
3309 4565 3623 4633 γενόμενος,

347 4667 469 4722 τῶν
500 4665 666 4736 τριῶν
708 4661 1014 4734 θεαρχικῶν
1064 4658 1420 4713 ὐποστάσεων
1457 4659 1631 4712 αίτιον
1666 4658 1726 4724 ἐξ
1767 4659 1940 4726 ἀνάγ-

351 4779 466 4833 κης
512 4758 653 4815 εἶναι
717 4758 1142 4818 κατασκευάσει,
1184 4750 1339 4820 κοινὴ
1390 4751 1486 4804 καὶ
1535 4749 1705 4820 γὰρὴ
1761 4750 1941 4816 οὐσία,

352 4859 459 4910 καὶ
495 4855 593 4924 μία
645 4851 882 4921 Πατρδς,
913 4850 1007 4902 καὶ
1058 4845 1211 4910 Υίοῦ,
1255 4846 1350 4898 καὶ
1398 4843 1560 4911 ἁγίου
1602 4841 1940 4910 Πνεύματος.

352 4949 547 5004 Αἴτιον
580 4947 639 5000 δέ
677 4962 731 4998 τι
774 4943 883 4996 τῶν
921 4941 1090 5010 τριῶν
1141 4935 1537 5008 προσκυνητῶν
1584 4931 1944 4987 ὐποστάσεων

354 5041 686 5109 λέγειν,οὐκ
717 5035 834 5092 οἶδα
868 5037 1028 5090 ποίαν
1057 5032 1118 5086 οὐ
1146 5031 1480 5102 παρελαύνει
1515 5025 1763 5097 πονηρὰν
1793 5025 1948 5094 αἴρε-

357 5153 476 5190 σιν.
506 5135 580 5186 Οὐ
617 5133 776 5201 μόνον
811 5132 907 5183 καὶ
960 5129 1070 5197 γὰρ
1117 5124 1356 5196 τετράδα
1397 5121 1495 5193 τὴν
1545 5120 1707 5187 ἁγίαν
1737 5117 1946 5188 Τριάδα

357 5231 535 5296 ποιεῖ,
568 5228 703 5282 ἀλλὰ
737 5226 833 5278 καὶ
872 5218 1231 5275 παντοδαπῶν
1276 5216 1482 5286 ἑτέρων
1523 5213 1744 5266 ἀτόπων
1778 5209 1947 5278 ἐσμὸν

359 5319 678 5386 ιπτωᾱγει.
711 5317 776 5368 Τί
803 5315 858 5368 δὲ
889 5315 972 5366 ὅτι
1006 5312 1098 5365 καὶ
1126 5308 1369 5362 δίδοσθαι
1416 5306 1516 5376 τὴν
1550 5304 1702 5358 θείαν
1729 5302 1948 5371 ἐκείνην

317 5473 322 5477 _
357 5414 598 5484 δύναμιν
627 5414 654 5465 6
681 5409 968 5471 θεσπέσιος
997 5406 1098 5478 ἔφη
1133 5401 1441 5473 Κύριλλος;
1487 5399 1549 5450 'H
1583 5398 1691 5467 γὰρ
1715 5395 1836 5448 θεία
1859 5393 1950 5446 οὐ·

366 5511 468 5564 σία
501 5510 559 5561 οὐ
597 5507 822 5565 δίδοται,
870 5504 1038 5574 φησιν
1082 5501 1116 5571 ἡ
1168 5496 1292 5552 καθ’
1333 5497 1486 5564 ἡμᾶς
1519 5492 1642 5562 ἱερὰ
1675 5489 1947 5557 θεολογία.

379 5599 713 5672 Ἀμέθεκτος
773 5597 882 5666 γὰρ
933 5594 1285 5663 τοπαράπαν,
1320 5587 1414 5642 καὶ
1465 5586 1708 5655 ἄληπτος
1763 5582 1950 5652 ἐξίσης

365 5696 560 5764 ἀπάση
590 5695 822 5762 γεννητῇ
865 5689 1049 5758 φύσει.
1093 5687 1236 5740 Ἀλλ’
1279 5683 1402 5738 οὐδέ
1451 5681 1640 5750 κτιστή
1676 5677 1793 5731 ποτ’
1821 5675 1886 5729 ἂν
1917 5678 1951 5744 ἡ

368 5787 601 5856 τοιαύτη
639 5783 830 5855 ῥηθείη
866 5783 1117 5852 δύναμις,
1146 5780 1252 5842 ἕως
1280 5777 1345 5830 ἂν
1375 5777 1426 5828 οί
1455 5773 1710 5841 λέγοντες
1741 5784 1954 5837 σωφρο-

375 5880 565 5936 νῶσιν.
594 5876 730 5933 Οὐδέ
756 5878 865 5946 γὰρ
896 5875 1101 5945 κτίσμα
1132 5889 1194 5943 γε
1222 5871 1288 5926 ἂν
1334 5869 1421 5937 εῖη
1457 5865 1517 5920 τὸ
1552 5863 1761 5926 πάντας
1789 5861 1956 5931 ἰώμε-

2048 4661 2192 4729 φημὶ
2241 4658 2303 4726 δὴ
2354 4660 2436 4725 τὸ,
2497 4658 2790 4727 Μακάριοι
2849 4661 2904 4712 οἰ
2958 4659 3206 4728 καθαροὶ
3257 4659 3333 4727 τῇ
3387 4662 3625 4730 καρδίᾳ,

2045 4747 2135 4819 ὅτι
2173 4749 2343 4804 αὐτοί
2395 4749 2501 4804 τὸν
2555 4751 2704 4803 Θεὸν
2743 4749 3014 4816 ὄψονται.
3063 4749 3126 4801 Ἦ
3163 4749 3281 4802 θεία
3309 4749 3493 4816 φύσις,
3524 4767 3632 4821 φη-

2049 4843 2155 4906 σὶν,
2193 4841 2322 4913 αὐτὸ
2351 4841 2378 4893 ὂ
2410 4841 2462 4893 τί
2499 4841 2629 4893 ποτέ
2659 4843 2775 4892 ἐστι
2809 4839 2931 4892 κατ’
2986 4839 3198 4902 οὐσίαν,
3252 4839 3434 4904 πάσης
3464 4841 3634 4909 ὑπέρ-

2048 4949 2231 4986 κειται
2265 4931 2687 5000 καταληπτικῆς
2717 4930 2983 4994 ἐπινοίας.
3016 4929 3268 4991 Τοιοῦτος
3299 4930 3354 4982 δὲ
3381 4929 3456 4980 ὢν
3483 4931 3628 4982 κατὰ

2048 5028 2148 5096 τὴν
2179 5025 2343 5111 φύσιν
2369 5027 2397 5078 6
2422 5024 2564 5093 ὑπὲρ
2599 5023 2784 5076 πάσαν
2816 5021 3002 5088 φύσιν,
3030 5020 3176 5091 ἄλλῳ
3205 5019 3348 5088 λόγῳ
3379 5020 3472 5074 καὶ
3499 5020 3634 5087 ὁρᾶ-

2047 5135 2158 5182 ται,
2192 5117 2286 5170 καὶ
2338 5115 2851 5184 καταλαμϐάνεται,
2889 5115 2916 5165 ό
2961 5113 3195 5183 ἀόρατος
3229 5112 3323 5165 καὶ
3367 5111 3634 5179 ἀπερίλη-

2051 5229 2206 5274 πτος.
2245 5209 2436 5262 Πολλοὶ
2464 5208 2520 5261 δέ
2550 5209 2596 5260 οἱ
2629 5207 2726 5274 τῆς
2776 5205 3036 5271 τοιαύτης
3079 5206 3464 5266 κατανοήσεως
3502 5204 3632 5274 196-

2051 5320 2165 5355 ποι.
2201 5303 2357 5354 Ἐστι
2397 5300 2504 5370 γὰρ
2543 5301 2638 5352 καὶ
2665 5298 2752 5352 διὰ
2787 5300 2885 5367 τῆς
2922 5296 3333 5366 ἐμφαινομένης
3359 5296 3436 5366 τῷ
3463 5296 3632 5349 παντὶ

2054 5398 2265 5464 σοφίας,
2299 5394 2389 5445 τὸν
2419 5396 2476 5445 ἐν
2530 5392 2692 5462 σοφίᾳ
2719 5391 2786 5444 τὰ
2832 5390 3006 5442 πάντα
3047 5388 3388 5458 πεποιηκότα
3437 5403 3634 5456 στοχα-

2052 5489 2250 5551 στικῶς
2301 5487 2448 5542 ἰδεῖν.
2493 5487 2602 5538 Καὶ
2644 5485 2752 5553 γὰρ
2791 5482 2924 5553 πρὸς
2955 5483 3044 5535 τὸν
3087 5482 3144 5532 ἐν
3186 5484 3254 5550 τῇ
3294 5481 3468 5532 κτίσει
3506 5481 3633 5548 βλέ-

2054 5596 2248 5643 ποντες
2289 5579 2512 5646 κόσμον,
2569 5577 2780 5629 ἔννοιαν
2827 5575 2886 5626 οὐ
2931 5575 3031 5644 τῆς
3084 5571 3294 5636 οὐσίας,
3348 5569 3483 5623 ἀλλὰ
3534 5573 3636 5642 τῆς

2057 5673 2252 5740 σοφίας
2301 5671 2396 5722 τοῦ
2437 5671 2505 5723 τὰ
2545 5671 2722 5722 πάντα
2770 5665 3138 5736 πεποιηκότος
3179 5661 3631 5730 ἀνατυπούμεθα.

2057 5767 2179 5820 Κᾶν
2215 5764 2314 5833 τῆς
2345 5764 2624 5834 ἡμετέρας
2649 5759 2796 5827 ζωῆς
2827 5759 2924 5828 τὴν
2953 5757 3134 5810 αἰτίαν
3156 5755 3526 5825 λογισώμεθα.
3553 5757 3638 5810 ὅτι

2055 5857 2155 5913 οὐκ
2193 5856 2252 5923 ἐξ
2291 5857 2559 5926 ἀνάγκης,
2588 5853 2702 5908 ἀλλ’
2733 5853 2791 5918 ἐξ
2821 5849 3031 5922 ἀγαθῆς
3063 5848 3439 5922 προαιρέσεως
3470 5842 3637 5919 ἦλθεν
