4054 6442
523 397 627 460 867

1557 403 1991 466 PHILOTHEI
2027 403 2135 466 (ΖΡ.
2182 402 2693 466 ΡΑΤΒΙᾹΒΟΗΕ

3673 411 3776 476 868

523 515 604 576 είς
630 511 691 564 τδ
735 512 921 568 κτίσαι
954 515 1048 569 τὸν
1083 515 1395 587 ἄνθρωπον,
1432 515 1600 571 πάλιν
1645 516 1744 572 καὶ
1781 515 1871 568 διὰ
1921 513 2110 568 τούτου
2145 519 2186 575 Α
2217 514 2314 576 τὰς
2345 514 2737 584 οἰκουμενικάς
2774 477 2902 585 ἐξῆς
2935 513 3128 586 βλέψαι
3185 512 3262 584 τῷ
3313 513 3455 585 λόγῳ
3522 522 3772 590 συνόδους,

520 608 617 662 τοῦ
652 607 858 680 τρόπου
887 609 1195 679 ἑωρακέναι
1226 609 1459 680 λέγομεν
1482 609 1572 662 τὸν
1607 608 1762 672 Θεὸν,
1787 611 1886 679 τῆς
1908 607 2111 674 ἀγαθό-

520 717 704 770 τητος,
732 701 798 754 οὐ
829 701 929 772 τῆς
973 701 1162 765 οὐσίας
1203 702 1260 755 ἐν
1306 701 1562 773 περινοίᾳ
1606 699 1906 771 γινόμενοι.
1951 697 2108 753 Οὐτω

521 795 616 847 καὶ
648 794 738 847 ἐπὶ
777 796 884 847 τῶν
913 794 1089 848 ἄλλων
1126 795 1346 847 πάντων
1370 809 1386 824 ⁸
1415 795 1442 848 6
1470 795 1580 866 γὰρ
1613 796 1674 865 τῇ
1719 793 1881 864 φύσει
1933 792 2106 864 ἀόραο

512 901 610 948 τος
643 885 837 954 ὁρατὸς
891 888 1014 949 ταῖς
1058 885 1365 956 ἐνεργείαις
1433 888 1666 954 γίνεται,
1721 885 1779 938 ἐν
1836 903 1946 940 τισι
1996 885 2109 946 τοῖς

509 979 651 1049 “1:591
690 978 853 1031 αὐτὸν
915 978 1168 1047 ίδιώμασι
1219 977 1638 1049 καθορώμενος.
1682 978 1824 1032 Ἀλλ’
1866 977 1926 1029 οὐ
1973 977 2108 1048 πρὸς

520 1071 677 1125 τοῦτο
717 1072 907 1143 βλέπει
957 1073 1120 1142 μόνον
1159 1071 1254 1126 τοῦ
1295 1070 1655 1142 μακαρισμοῦ
1709 1073 1739 1139 ἡ
1782 1070 2013 1134 διάνοια,
2049 1071 2110 1124 τὸ

520 1165 584 1218 ἐκ
621 1181 767 1228 τινος
804 1167 1087 1237 ἐνεργείας
1129 1166 1222 1218 τὸν
1262 1163 1594 1235 ἐνεργοῦντα
1628 1163 1889 1218 δύνασθαι
1919 1163 2108 1217 τοῦτον

518 1256 970 1326 ἀναλογίσασθαι.
1027 1259 1246 1311 Γένοιτο
1273 1257 1385 1326 γὰρ
1425 1257 1490 1310 ἂν
1544 1257 1677 1320 ἴσως
1718 1256 1812 1308 καὶ
1862 1256 1976 1317 τοῖς
2010 1254 2106 1307 τοῦ

523 1349 718 1412 αἰῶνος
747 1349 941 1402 τούτου
981 1352 1165 1418 σοφοῖς
1209 1350 1296 1404 διὰ
1326 1351 1427 1418 τῆς
1475 1347 1566 1402 τοῦ
1600 1349 1808 1419 κόσμου
1863 1347 2106 1418 εὐαρμό-

523 1443 744 1513 στίαςή
795 1443 893 1512 τῆς
929 1442 1304 1514 ὐπερκοσμίου
1347 1443 1541 1512 σοφίας
1575 1461 1636 1496 τε
1684 1444 1779 1496 καὶ¹
1825 1442 2110 1511 δυνάμεως

521 1535 870 1602 κατανόησις.
905 1536 1159 1604 Μάξιμος
1200 1528 1255 1588 δὲ
1282 1537 1308 1588 ὁ
1337 1536 1510 1604 μέγας
1537 1535 1659 1589 κατ’
1699 1535 1889 1604 ἄμφω,
1922 1535 2023 1604 τήν
2050 1550 2108 1586 τε

522 1627 673 1680 θείαν
707 1628 850 1697 φημὶ
879 1629 972 1680 καὶ
996 1629 1094 1696 τὴν
1147 1626 1500 1697 ἀνθρωπίνην
1542 1627 1757 1696 σοφίαν,
1800 1627 1891 1678 καὶ
1921 1627 1985 1694 δὴ
2018 1625 2110 1679 καὶ

519 1717 857 1787 ὁμολογητὴς
885 1717 993 1770 τῶν
1024 1718 1283 1771 τοιούτων
1334 1719 1528 1789 μέχρις
1574 1719 1830 1787 αἵματος,
1859 1718 1919 1771 τὸ
1945 1716 2109 1789 ῥηθὲν

517 1811 876 1865 ἁποστολικὸν
895 1811 1060 1882 ῥητὸν
1080 1811 1468 1883 ἐξηγούμενος,
1487 1812 1668 1867 τοιάδε
1692 1815 1858 1883 φησίν
1879 1828 1893 1844 °
1917 1813 1980 1866 Οί
1999 1812 2110 1866 τῶν

514 1904 685 1958 ὄντων
706 1905 855 1973 λόγοι
879 1905 1438 1976 προκαταρτισθέντες
1460 1906 1567 1976 πρὸ
1584 1905 1693 1959 τῶν
1717 1905 1930 1960 αἰώνων
1948 1908 2004 1959 ἐν
2028 1906 2106 1976 τῷ

516 1998 654 2066 Θεῷ,
690 1999 872 2062 καθὼς
896 1995 1037 2051 οἶδεν
1059 1998 1242 2061 αὐτὸς,
1261 1999 1484 2070 ἀόρατοι
1507 1997 1682 2063 ὅντες,
1701 1997 1796 2062 οὒς
1813 1999 1908 2052 καὶ
1926 1999 2107 2067 ἀγαθὰ

514 2093 803 2162 θελήματα
847 2090 1032 2144 καλεῖν
1065 2093 1178 2155 τοῖς
1249 2090 1417 2154 θείοις
1462 2092 1613 2144 ἐστὶν
1655 2089 1774 2154 ἔθος
1825 2093 2103 2163 ἀνδράσιν,

516 2184 626 2238 ἀπὸ
673 2183 782 2236 τῶν
815 2184 1143 2254 ποιημάτων
1185 2185 1470 2249 νοούμενοι
1514 2185 1875 2254 καθορῶνται.
1922 2187 2108 2242 Πάντα

512 2278 624 2348 γὰρ
657 2277 724 2331 τὰ
755 2278 1038 2346 ποιήματα
1075 2275 1169 2330 τοῦ
1225 2275 1384 2343 Θεοῦ,
1435 2278 1578 2330 κατά
1614 2277 1779 2346 φύσιν
1831 2279 1972 2349 μετά
2007 2279 2107 2348 τῆς

510 2372 745 2441 δεούσης
796 2371 1115 2440 ἐπιστήμης
1172 2370 1498 2438 γνωστικῶς
1531 2369 1620 2439 ὐφ’
1661 2369 1819 2441 ἡμῶν
1866 2370 2107 2442 θεωρού-

516 2480 678 2534 μενα,
712 2464 840 2526 τοὺς
885 2463 1008 2516 καθ’
1049 2461 1141 2526 οὓς
1197 2463 1532 2533 γεγένηνται
1582 2463 1800 2534 λόγους,
1853 2463 2107 2534 κρυφίως

512 2558 650 2627 ἡμῖν
678 2554 1110 2622 ἀπαγγέλλουσι,
1146 2553 1243 2607 καὶ
1283 2555 1378 2608 τὸν
1429 2553 1516 2624 ἐφ’
1566 2555 1783 2627 ἐκάστῳ
1837 2557 2106 2626 ποιήματι

509 2649 662 2702 θεῖον
717 2649 920 2701 σκοπὸν
966 2648 1179 2708 ἐαυτοῐς
1239 2646 1662 2715 συνεκφαίνουσι
1691 2665 1703 2677 ·
1753 2648 1890 2701 καθὸ
1929 2649 2026 2703 καὶ
2056 2649 2107 2702 οι

508 2739 738 2810 οὐρανοὶ
786 2738 1106 2809 διηγοῦνται
1162 2737 1322 2802 δόξαν
1370 2737 1529 2804 Θεοῦ,
1560 2739 1658 2792 καὶ
1710 2739 1772 2792 τδ
1815 2739 2106 2810 στερέωμα

514 2834 616 2904 τὴν
644 2835 754 2887 τῶν
802 2832 1006 2904 χειρῶν
1041 2831 1370 2900 ἀναγγέλλει
1409 2830 1650 2902 ποίησιν.
1707 2831 1902 2895 Ἀῒδιος
1928 2833 1984 2886 δὲ
2021 2833 2108 2886 δύ-

508 2927 682 2996 ναμίς
730 2929 890 2989 ἐστι,
946 2927 1105 2996 φησὶ,
1140 2927 1234 2978 καὶ
1272 2925 1513 2994 θειότης,
1571 2925 1604 2996 ὴ
1661 2924 1952 2996 συνεκτικὴ
1996 2925 2106 2979 τῶν

515 3019 690 3072 ὀντων
723 3019 973 3088 πρόνοια,
1026 3018 1186 3086 καὶὴ
1251 3015 1374 3070 κατ’
1422 3016 1596 3087 αὐτὴν
1650 3015 1958 3088 ἐκθεωτικὴ
1988 3015 2098 3070 τῶν

509 3112 934 3178 προνοουμένων
964 3109 1242 3180 ἐνέργεια.

587 3203 649 3256 Εἰ
672 3201 728 3255 δέ
763 3203 858 3255 καὶ
887 3202 1191 3272 πράγματα
1219 3202 1288 3254 τά
1311 3200 1444 3271 περὶ
1470 3201 1563 3254 τὸν
1597 3201 1734 3255 Θεὸν
1759 3202 1936 3258 ταῦτα
1970 3204 2102 3275 περὶ
2133 3237 2176 3297 C

503 3289 590 3348 υῶν
626 3297 654 3347 6
688 3294 923 3364 Χριστός
951 3295 1105 3364 ἔλεγε
1137 3298 1274 3364 πρὸς
1293 3295 1384 3347 τὸν
1407 3295 1605 3347 ἑαυτοῦ
1631 3295 1872 3367 Πατέρα,
1898 3295 2104 3350 Πάντα

515 3389 589 3443 τὰ
633 3387 744 3456 ἐμὰ
788 3385 870 3441 σά
919 3387 1052 3441 ἐστι
1079 3427 1094 3452 ,
1144 3387 1242 3440 καὶ
1288 3387 1360 3440 τὰ
1407 3387 1490 3442 σὰ
1540 3385 1691 3457 ἐμὰ,
1745 3388 1862 3451 καὶ,
1899 3390 2105 3443 Πάντα

513 3485 634 3538 ὅσα
677 3485 801 3554 ἕχει
847 3486 880 3537 ό
928 3483 1134 3552 Πατὴρ
1183 3483 1296 3553 ἐμά
1339 3484 1534 3549 ἐστιν,
1580 3486 1628 3536 εί
1659 3483 1752 3538 οὖν
1802 3486 1896 3538 καὶ
1926 3486 2106 3554 πράγ-

517 3595 707 3646 ματα,
758 3577 852 3630 καὶ
907 3577 1142 3630 ἀκτιστα
1171 3617 1186 3643 ,
1237 3578 1334 3630 καὶ
1383 3577 1483 3630 οὐκ
1530 3575 1688 3630 οὐσία
1738 3576 1873 3631 Θεοῦ
1926 3578 2106 3633 ταῦτά

513 3673 645 3734 είσι,
677 3668 820 3722 κατά
850 3670 976 3730 τοὺς
1033 3666 1307 3738 ἐξηγητάς
1335 3667 1445 3722 τῶν
1471 3668 1816 3737 Εὐαγγελίων
1864 3669 1958 3724 καὶ
1990 3669 2108 3723 θεο-

511 3761 708 3828 λόγους
727 3761 975 3823 τούτους,
1014 3758 1050 3813 ἃ
1097 3760 1161 3831 δὴ
1205 3759 1303 3814 καὶ
1357 3760 1598 3829 γνωστὸν
1660 3762 1756 3814 τοῦ
1799 3761 1958 3826 Θεοῦ,
2011 3762 2106 3815 καὶ

511 3851 795 3920 πλήρωμα
831 3853 930 3920 τῆς
961 3850 1219 3920 θεότητος
1241 3853 1336 3905 καὶ
1378 3853 1550 3908 ἀΐδιον
1613 3853 1784 3907 αὐτοῦ
1842 3853 2102 3924 δύναμιν,

514 3944 889 4013 κα“;θειότητα
929 3946 956 3997 6
984 3944 1311 4008 Ἀπόστολος
1352 3945 1584 4016 γράφων
1635 3945 1867 4013 ἐδίδαξε,
1923 3947 2108 4000 λείπε-

513 4054 604 4089 ται
639 4038 736 4108 τῆς
770 4035 919 4099 θείας
938 4038 1155 4105 φύσεως
1203 4038 1472 4108 ἰδιώματα
1538 4037 1712 4091 ταῦτα
1751 4038 1958 4106 λέγειν,
2011 4041 2106 4092 καὶ

514 4129 799 4200 ἐνεργείας
827 4129 1108 4192 οὐσιώδεις
1142 4130 1315 4200 αὐτῆς
1356 4129 1497 4199 μετά
1530 4129 1638 4181 τῶν
1672 4128 1943 4196 θεολόγων
1975 4127 2104 4181 τού-

516 4240 643 4288 των,
679 4221 963 4274 Βασιλείου
997 4221 1141 4291 φημὶ
1161 4219 1255 4274 τοῦ
1309 4221 1574 4292 μεγάλου,
1618 4222 1713 4273 καὶ
1766 4220 2098 4290 Γρηγορίου,

517 4318 616 4370 καὶ
665 4315 946 4384 Μαξίμου,
997 4314 1092 4368 καὶ
1134 4296 1200 4385 δή
1248 4316 1343 4368 καὶ
1387 4313 1481 4367 τοῦ
1531 4312 1696 4384 χοροῦ
1747 4313 1852 4367 τῶν
1903 4314 2109 4368 λοιπῶν

513 4408 810 4474 θεολόγων,
838 4400 918 4470 οἷς
950 4408 1014 4476 δὴ
1045 4409 1139 4461 καὶ
1167 4409 1193 4459 6
1224 4408 1287 4458 ἐκ
1309 4405 1609 4475 Δαμασκοῦ
1634 4405 1885 4472 θεολόγος
1929 4406 2109 4460 Ἰωάν-

507 4517 618 4569 νης
667 4499 926 4568 συνᾴδων,
972 4500 1210 4568 άλλαγτε
1258 4498 1485 4551 πλεῖστα
1540 4499 1668 4568 περὶ
1721 4498 1932 4551 τούτων
1977 4499 2109 4553 θαυ-

2213 606 2309 657 καὶ
2343 605 2541 675 μαθεῖν
2584 607 2632 660 εί
2661 607 2754 660 καί
2791 625 2934 671 τινες
2964 609 3023 672 ἐξ
3053 607 3240 662 αὐτῶν
3309 610 3437 680 περὶ
3499 609 3645 677 θείας
3696 617 3776 670 οὐ.

2213 696 2334 760 σίας
2368 697 2484 768 ἅμα
2509 699 2605 752 καὶ
2631 699 2916 770 ἐνεργείας
2945 695 3122 764 εἶπον,
3154 701 3244 753 καί
3263 700 3320 753 εἰ
3345 719 3408 768 γε
3464 704 3554 756 καὶ
3606 707 3778 778 διαφο-

2213 792 2314 860 ράν
2335 805 2457 845 τινα
2499 790 2784 862 θεοπρεπῆ
2845 795 2939 846 καί⁵
2993 792 3269 863 διάκρισιν
3315 794 3409 846 ἐπὶ
3458 795 3654 851 τούτων
3697 804 3780 856 καὶ

2210 875 2371 936 αὗται
2398 882 2713 945 σκοποῦσιν,
2746 887 2775 954 ῆ
2814 884 3004 948 ἀπλῶς
3033 885 3092 938 ’έν
3117 903 3168 939 τι
3201 887 3296 939 καὶ
3326 886 3613 960 ἀδιάφορον
3637 889 3777 947 ίσασι

2209 974 2409 1039 ταῦτα,
2435 978 2530 1029 καὶ
2565 977 2622 1028 τί,
2651 977 2781 1029 αὐτὸ
2804 977 2899 1030 νῦν
2935 977 3032 1045 μὲν
3081 978 3274 1031 οὐσίαν
3325 978 3578 1047 λέγεσθαί
3630 1001 3778 1052 φασι,

2211 1067 2308 1122 νῦν
2349 1069 2394 1121 δ’
2418 1071 2742 1141 ἐνέργειαν,
2775 1069 2872 1123 νῦν
2903 1069 2956 1124 δέ
2989 1072 3087 1139 τὴν
3127 1071 3223 1140 μέν
3264 1072 3450 1125 οὐσίαν
3495 1075 3739 1131 ἀκτιστον
3761 1118 3774 1143 ,

2211 1161 2310 1232 τὴν
2335 1161 2391 1214 δέ
2417 1162 2709 1234 ἐνέργειαν
2749 1161 2956 1232 κτίσμα
2995 1162 3093 1232 τὴν
3113 1163 3287 1218 θείαν.
3320 1165 3531 1235 Πάτρια
3563 1169 3653 1221 καὶ
3680 1170 3778 1240 γάρ

2213 1269 2330 1316 πως
2358 1254 2471 1316 τοῖς
2503 1255 2634 1327 περὶ
2660 1253 2750 1309 τὸν
2778 1255 3070 1322 φιλόσοφον
3094 1255 3390 1326 Γρηγορᾶν
3417 1259 3692 1328 νομίζεται
3719 1264 3781 1318 τά

2211 1343 2433 1397 τοιαῦτα
2451 1387 2465 1409 ,
2491 1345 2588 1398 καὶ
2618 1347 2858 1408 πίστεως
2889 1345 3150 1415 ἄντικρυς
3175 1347 3301 1418 ὅρος
3320 1391 3334 1415 ,
3362 1349 3460 1401 καὶ
3492 1351 3777 1420 σύμϐολον,

2211 1434 2272 1499 ἐξ
2301 1436 2610 1491 Ἀκινδύνου
2657 1455 2716 1491 τε
2761 1440 2859 1493 καὶ
2902 1439 3172 1510 Βαρλαάμ
3217 1441 3299 1504 είς
3347 1443 3545 1506 αὐτοὺς
3589 1445 3782 1499 ἄνωθεν

2211 1530 2489 1582 κατιόντα·
2531 1529 2758 1595 τούτους
2776 1533 2872 1585 καὶ
2895 1532 3004 1602 γὰρ
3026 1534 3120 1585 καὶ
3142 1533 3384 1603 πατέρας
3420 1536 3514 1588 καὶ
3547 1536 3782 1592 διδασκά-

2212 1620 2339 1684 λους
2375 1621 2540 1676 θείων
2595 1625 2914 1692 δογμάτων,
2983 1626 3078 1677 καὶ
3141 1623 3382 1696 Χριστοῦ
3446 1626 3776 1698 Ἐκκλησίαν,

2213 1711 2312 1763 οὐκ
2340 1711 2532 1776 ἄλλους
2553 1711 2799 1782 ἀκριϐῶς
2857 1711 3061 1794 locatam,
3095 1713 3142 1765 εί
3177 1714 3274 1766 καὶ
3319 1713 3670 1784 κρύπτουσιν,
3697 1718 3777 1770 ὐπ’

2215 1805 2481 1876 αἰσχύνης
2523 1805 2622 1869 τὰς
2659 1806 3035 1875 προσηγορίας
3066 1807 3312 1870 ἐκείνων,
3349 1806 3469 1860 ἔστι
3503 1807 3559 1860 δέ
3585 1810 3666 1862 ὅτε
3695 1811 3778 1863 καὶ

2216 1899 2294 1968 τῷ
2325 1897 2628 1969 ἁναθέματι
2659 1900 2944 1971 παρρησίᾳ
2977 1899 3362 1955 καθυπέϐαλον
3392 1902 3484 1954 ὑπ’
3530 1902 3776 1973 ἀνάγκης,

2215 1991 2274 2044 ἐν
2302 2009 2362 2060 γε
2384 1995 2498 2055 τοῖς
2527 1996 2725 2056 κοινοῖς
2751 1994 2911 2063 ἡμῶν
2949 2011 3003 2046 τε
3027 1995 3297 2048 κάκείνων
3354 1994 3631 2065 συλλόγοις
3686 1997 3780 2064 μά·

2213 2086 2391 2139 λιστα.
2432 2086 2584 2139 Ἐπεὶ
2621 2086 2752 2154 γοῦν
2783 2087 2880 2150 τάς
2921 2087 3073 2155 ίεράς
3107 2090 3321 2152 ἐκείνας
3351 2089 3463 2144 τῶν
3495 2090 3778 2143 θεσπεσίων

2217 2179 2474 2248 Πατέρων
2510 2177 2762 2241 συνόδους
2793 2178 2934 2248 μετά
2963 2181 3031 2232 τὰ
3059 2179 3306 2248 τέσσαρα
3334 2181 3574 2252 Χριστοῦ
3617 2181 3780 2248 Εὐαγ-

2214 2272 2373 2340 γέλια
2403 2269 2555 2336 τάξει
2585 2271 2693 2324 τινὶ
2732 2273 2826 2325 καὶ
2860 2271 3132 2342 ἀξιώματι
3181 2273 3338 2345 ἔσχεν
3399 2274 3559 2339 εὐθὺς
3607 2276 3638 2344 ἠ
3692 2273 3777 2327 τοῦ

2214 2365 2456 2435 Χριστοῦ
2501 2366 2822 2436 Ἐκκλησία,
2852 2368 2948 2420 καὶ
2980 2365 3353 2436 παράτούτων
3381 2367 3559 2420 αὐτῶν
3584 2366 3668 2418 τὸν
3695 2366 3780 2433 τῆς

2216 2459 2462 2521 πίδτεως
2491 2457 2692 2526 εὐσεϐῆ
2717 2457 2974 2521 λαϐόντες
3010 2457 3204 2528 ἔχομεν
3227 2460 3378 2528 ὅρον,
3408 2457 3591 2512 καὶτὰ
3618 2457 3780 2512 αὐτῶν

2219 2550 2343 2621 ἱερά
2366 2551 2635 2618 δόγματα,
2671 2551 2853 2612 πίστις
2884 2551 3018 2620 ἡμῖν
3072 2551 3345 2622 ἀπλανὴς,
3411 2552 3500 2605 καὶ
3521 2550 3779 2612 εὐσέϐεια,

2213 2643 2306 2695 καὶ
2340 2642 2623 2713 ὀρθοδοξία
2643 2643 2950 2713 νομίζεται,
2967 2642 3070 2697 ὅσα
3098 2642 3158 2696 τέ
3180 2661 3326 2712 φημι
3354 2644 3607 2715 περὶτῆς
3633 2641 3782 2712 θεαρ-

2215 2735 2379 2806 χικῆς
2415 2737 2508 2788 καὶ
2545 2737 2836 2806 ὁμοουσίου
2869 2736 3119 2804 Τριάδος,
3151 2739 3246 2791 καὶ
3279 2736 3383 2790 ὅσα
3419 2736 3548 2808 περὶ
3581 2737 3674 2806 τῆς
3704 2733 3784 2788 διὰ

2215 2831 2420 2899 σαρκὸς
2450 2831 2786 2899 οἰκονομίας,
2822 2830 2917 2883 καὶ
2941 2831 3038 2899 τῆς
3065 2829 3322 2900 θεότητος
3355 2830 3454 2884 τοῦ
3483 2825 3784 2902 μονογεν.ῦς

2216 2922 2348 2974 Υίοῦ
2379 2923 2471 2976 τοῦ
2499 2922 2636 2976 Θεοῦ
2667 2923 2762 2978 τοῦ
2809 2926 2909 2995 τῆς
2942 2925 3264 2995 ζωαρχικῆς
3308 2925 3522 2996 ταύτης
3574 2923 3782 2994 Τριαδος

2214 3018 2354 3080 ἐνός.
2388 3020 2448 3070 Ut
2477 3019 2630 3072 αὐτοὶ
2671 3019 2778 3089 γὰρ
2835 3020 2933 3073 καὶ
2954 3019 3279 3090 καθαιρέται
3317 3023 3507 3092 πάσης
3540 3022 3784 3092 αἱρέσεως

2213 3110 2310 3161 καὶ
2341 3109 2684 3175 κακοδοξίας,
2705 3110 2799 3162 καὶ
2831 3111 2929 3173 τῆς
2960 3111 3080 3164 κατ’
3104 3111 3396 3166 εὐσέϐειαν
3418 3099 3674 3185 ἀληθείας
3696 3112 3805 3169 πά·.

2213 3217 2313 3270 σης
2342 3202 2482 3270 μετά
2525 3201 2622 3271 τὴν
2669 3201 2777 3253 τῶν
2809 3199 3411 3268 λογίων¹διδασκαλίσιν
3459 3203 3694 3272 Πατέρες
3733 3217 3783 3253 τε

2209 3291 2301 3344 καὶ
2331 3290 2660 3356 διδάσκαλοι,
2697 3292 2792 3344 καὶ
2821 3292 2907 3344 διὰ
2942 3289 3102 3345 τοῦτο
3139 3292 3233 3346 καὶ
3262 3293 3366 3364 τὴν
3403 3296 3540 3366 πρὸς
3568 3295 3784 3354 ἐκείνους

2212 3382 2364 3454 ίεράν
2396 3383 2714 3450 συμφωνίαν
2744 3385 2886 3451 μετά
2921 3384 3020 3453 τὴν
3042 3383 3140 3455 τῆς
3167 3385 3431 3456 θεότητος
3464 3389 3643 3441 πᾶσαν
3667 3388 3782 3455 ὁμο·

2207 3475 2395 3544 λογίαν
2423 3478 2602 3540 εὐθὺς,
2631 3477 2724 3529 καὶ
2756 3476 2937 3546 ίερέας
2957 3478 3096 3546 ἀμα,
3125 3479 3217 3532 καὶ
3249 3478 3538 3547 βασιλέας,
3567 3481 3783 3539 καὶτοὺς

2209 3567 2269 3632 ἐξ
2318 3569 2537 3622 οἱασοῦν
2597 3571 2865 3640 αἱρέσεως
2915 3573 3240 3641 προσιόντας
3287 3575 3359 3644 τῇ
3412 3574 3508 3628 τοῦ
3560 3571 3779 3645 Χριστοῦ

2220 3661 2547 3734 Ἐκκλησία,
2582 3662 2678 3716 καὶ
2703 3664 2916 3726 πάντας
2941 3664 3285 3735 ἀπαιτοῦμεν
3307 3667 3476 3735 ὁμοῦ,
3520 3669 3653 3739 φέρε
3706 3664 3782 3719 καί

2208 3756 2472 3809 τάκείνων
2493 3757 2558 3810 ἐκ
2592 3757 2792 3826 μέρους
2827 3757 3202 3821 ἀναλαϐόντες
3233 3775 3334 3812 κατ
3348 3761 3574 3831 ίδωμεν.
3617 3759 3678 3812 Ἠ
3699 3757 3783 3827 μὲν

2206 3845 2300 3902 οὖν
2330 3850 2462 3917 ἀγία
2494 3850 2590 3902 καὶ
2616 3841 2969 3920 οίκόυμενικὴ
3008 3849 3239 3920 πέμπτη
3276 3851 3509 3917 σύνοδος
3560 3855 3625 3906 τὰ
3657 3853 3782 3921 Ὠρι-

2208 3943 2400 4011 γένους
2428 3959 2487 3996 τε
2519 3945 2612 3996 καὶ
2645 3943 2904 4014 Διδύμου,
2940 3943 3035 3996 καὶ
3075 3943 3376 4014 Εὐαγρίου,
3406 3949 3502 4001 καὶ
3537 3947 3635 4016 τῆς
3667 3942 3778 4012 περὶ

2208 4036 2454 4098 ἐκείνους
2478 4035 2814 4105 συμμορίας,
2852 4035 2996 4104 μετὰ
3048 4034 3321 4088 πλείστων
3375 4038 3645 4092 ἐνιαυτῶν
3696 4049 3782 4086 πε-

2210 4129 2419 4198 ριόδους
2440 4128 2680 4180 κάκιστα
2723 4129 3143 4198 συγγράμματά
3169 4147 3228 4182 τε
3257 4131 3352 4183 καὶ
3385 4132 3639 4201 δόγματα
3667 4141 3775 4180 σκο-

2209 4221 2482 4290 πουμένη,
2538 4219 2687 4290 ἐώρα
2736 4221 2832 4274 καὶ
2881 4221 2990 4292 γὰρ
3045 4221 3141 4274 τοῦ
3188 4223 3288 4292 τῆς
3328 4224 3660 4293 Ἐκκλησίας
3697 4237 3782 4273 κα·

2210 4313 2322 4376 κῶς
2387 4331 2539 4377 τινας
2609 4315 2701 4368 ὐπ’
2742 4314 2922 4369 αὐτῶν
2999 4314 3211 4368 τούτων
3282 4317 3774 4387 ἐπηρεαζομένους,

2213 4405 2434 4474 Ἔλεγε,
2462 4408 2647 4476 φησὶν,
2678 4408 2706 4459 6
2733 4406 3014 4477 Ὦριγένης
3046 4406 3102 4459 ἐν
3129 4424 3193 4475 γε
3220 4409 3331 4470 τοῖς
3365 4411 3535 4462 αὐτοῦ
3565 4406 3786 4477 δηλονότι

2212 4501 2640 4571 συγγράμμασι,
2675 4499 2926 4552 συναῖδια
2957 4495 3097 4552 εἶναι
3127 4502 3195 4552 τά
3216 4500 3293 4570 τῷ
3316 4501 3464 4572 Θεῷ,
3504 4503 3596 4554 καὶ
3617 4497 3672 4563 ἐξ
3713 4499 3785 4550 ἀϊ-

514 4590 733 4656 -μασίως
761 4590 1022 4654 θεολογεῖ,
1057 4589 1114 4654 ἐξ
1147 4582 1220 4641 ὧν
1250 4587 1314 4656 δὴ
1348 4591 1444 4641 καὶ
1476 4591 1636 4658 ἡμεῖς
1667 4589 1906 4659 ἐροῦμεν
1961 4594 2106 4645 κατὰ
2137 4601 2182 4658 ι)
2211 4592 2323 4645 δίου
2342 4591 2495 4654 ὄντος
2511 4591 2605 4646 τοῦ
2640 4591 2778 4644 Θεοῦ
2825 4590 2886 4656 ἐξ
2911 4592 3083 4645 ἀϊδίου
3107 4589 3246 4644 εἶναι
3275 4593 3343 4646 τά
3401 4595 3700 4662 κτίσματα.
3736 4587 3788 4640 Εἰ

520 4681 735 4751 καιρὸν,
769 4683 863 4734 καὶ
893 4683 976 4734 ὅτι
1004 4680 1307 4750 αὐχήματα
1339 4681 1439 4749 τῆς
1474 4680 1728 4750 θεότητός
1761 4683 1869 4735 είσι
1903 4683 2104 4750 ταῦτα,

514 4767 596 4828 ὧν
622 4773 762 4835 αὕτη
797 4773 1071 4844 μετέδωκε
1102 4771 1180 4840 τῷ
1202 4770 1419 4839 σώματι
1449 4770 1526 4840 τῷ
1558 4773 1897 4844 Δεσποτικῷ.

588 4872 702 4923 Καὶ
731 4870 798 4922 τὰ
834 4870 933 4939 μὲν
963 4868 1071 4921 τῶν
1100 4866 1298 4933 λογίων
1331 4867 1450 4928 ἃλις
1481 4868 1616 4936 ἡμῖν
1647 4868 1913 4938 ἐχόντων,
1945 4868 2105 4938 τοτήο

517 4981 691 5035 μερον
720 4959 861 5023 εἶναί
897 4978 1040 5030 φημι
1062 4961 1223 5025 τέως,
1251 4959 1409 5027 ὀλίγα
1440 4959 1538 5028 μὲν
1573 4961 1637 5013 ἐκ
1662 4960 1896 5024 πολλῶν,
1930 4963 2095 5015 ἱκανά

517 5054 596 5118 δὲ,
619 5054 694 5115 ὡς
730 5051 840 5119 ἐγώ
875 5068 1018 5120 φημι
1055 5053 1147 5102 καὶ
1187 5049 1363 5102 ταῦτα
1421 5050 1804 5103 πιστώσασθαι
1846 5053 1945 5122 τὴν
1995 5053 2104 5105 τῶν

491 5140 494 5143 ’
517 5147 764 5216 ἀρχαίων
794 5146 1020 5197 ἐκείνων
1047 5143 1388 5197 διδασκάλων
1418 5145 1513 5198 καὶ
1540 5145 1804 5216 διαδόχων
1830 5147 1936 5199 τῶν
1963 5147 2103 5199 ἁπο-

518 5240 724 5292 στόλων
760 5236 1061 5303 θεολογίαν,
1115 5235 1378 5308 Ἱεροθέου
1409 5255 1467 5291 τε
1527 5240 1620 5293 καὶ
1649 5240 2104 5310 Διονυσίου,ὂπερ

517 5329 547 5380 6
576 5330 732 5395 λόγος
757 5328 1026 5396 ὑπέσχετο
1055 5327 1246 5392 δεῖξαι,
1278 5333 1371 5383 καὶ
1404 5332 1542 5402 πρός
1578 5347 1642 5399 γε
1669 5331 1748 5384 ἔτι
1772 5332 1867 5384 καὶ
1927 5348 2104 5401 συνῳ-

511 5421 642 5485 Δδοὺς
671 5423 762 5475 καὶ
792 5421 1118 5491 συμφώνους
1146 5425 1257 5486 τοῖς
1291 5423 1528 5495 καθεξῆς
1558 5425 1811 5496 Πατράσι
1837 5425 1931 5478 καὶ
1983 5424 2104 5477 θεοι-

516 5514 702 5582 ..λόγοις
737 5515 835 5584 τῆς
861 5515 1190 5585 Ἐκκλησίας
1212 5516 1286 5579 ὡς
1324 5515 1490 5587 μηδὲν
1543 5518 1696 5590 παρά
1757 5517 1922 5586 μέλος
1951 5517 2106 5585 ἠχεῖν

517 5609 659 5674 μηδέ
708 5607 811 5674 ἔξω
849 5607 943 5662 τοῦ
981 5610 1186 5663 σκοποῦ
1237 5610 1454 5679 βάλλειν
1507 5611 1730 5674 τούτους
1789 5611 2104 5672 κάκείνους,

518 5700 618 5754 ᾶτε
652 5703 714 5772 δὴ
747 5709 841 5757 καὶ
871 5705 960 5773 ὐφ’
987 5705 1067 5758 ἐνὶ
1112 5707 1356 5776 τεχνίτῃ.
1423 5709 1519 5759 καὶ
1578 5703 1954 5775 μυσταγωγῷ,
2010 5705 2106 5755 καὶ

519 5797 787 5870 παιδευτῇ
818 5797 925 5851 τῶν
950 5800 1209 5852 τοιούτων
1241 5800 1545 5866 ἀγομένους
1576 5797 1714 5866 ὁμοῦ
1757 5798 1990 5858 πάντας.
2026 5795 2105 5864 τῷ

517 5889 612 5941 τοῦ
645 5891 778 5946 Θεοῦ
817 5893 1279 5966 φημιῐινεύματι.
1313 5893 1516 5946 Λοιπνιν
1552 5891 1606 5945 δέ
1636 5891 1700 5944 ἂν
1733 5891 1816 5960 είη
1840 5889 1938 5943 καὶ
1975 5889 2112 5958 πρὸς

2208 4684 2263 4737 δέ
2294 4685 2369 4754 μὴ
2394 4684 2454 4749 ἐξ
2495 4685 2665 4738 ἀϊδίου
2699 4684 2766 4736 τά
2789 4684 3084 4754 κτίσματα,
3114 4685 3329 4753 ἐτράπη
3367 4687 3595 4747 πάντως
3617 4685 3644 4734 6
3667 4680 3787 4738 Θεὸς

2205 4778 2313 4830 ἀπὸ
2338 4775 2432 4828 τοῦ
2472 4775 2547 4845 μὴ
2570 4774 2776 4839 κτίζειν
2803 4773 2970 4830 ἐλθὼν
3004 4777 3084 4837 εἰς
3111 4773 3170 4827 τὸ
3200 4774 3437 4837 κτίζειν.
3497 4775 3693 4844 Ἡμεῖς
3737 4769 3786 4821 δὲ

2207 4869 2347 4939 πρὸς
2373 4867 2545 4921 ταῦτα
2568 4908 2582 4932 ,
2617 4869 2750 4936 φησι
2772 4907 2787 4931 ,
2819 4867 3050 4937 λέγομεν
3077 4884 3091 4898 ο
3128 4867 3246 4922 Οὐκ
3275 4869 3498 4939 ἐτράπη
3533 4867 3677 4922 κατά
3701 4861 3790 4931 τὴν

2209 4961 2392 5030 φύσιν,
2423 4959 2563 5012 ἀλλά
2585 4958 2727 5012 κατά
2748 4959 2846 5029 τὴν
2875 4959 3182 5027 ἐνέργειαν,
3208 4958 3416 5027 μᾶλλον
3439 4958 3499 5012 δέ
3523 4957 3645 5011 οὐδέ
3665 4952 3792 5010 κατά

2206 5054 2306 5124 τὴν
2330 5053 2634 5122 ἐνέργειαν.
2669 5047 2798 5120 Εἶχε
2863 5050 2964 5120 μέν
3012 5054 3120 5120 γὰρ
3146 5052 3233 5103 ἀεὶ
3263 5052 3362 5120 τὴν
3417 5050 3655 5121 δύναμιν
3707 5041 3788 5098 τοῦ

2216 5147 2448 5210 κτίζειν·
2487 5143 2769 5214 ἐνηργήθη
2796 5145 2851 5196 δὲ
2891 5145 2924 5214 ὴ
2959 5143 3185 5214 τοιαύτη
3210 5143 3468 5211 δύναμεις,
3506 5147 3600 5200 ὅτε
3653 5139 3791 5194 ἐϐουο

2207 5237 2346 5307 λήθη
2378 5240 2404 5289 6
2431 5235 2588 5297 Θεός.

2282 5331 2559 5393 Ἤκουσας
2575 5329 2840 5400 διαφορὰν
2853 5330 3038 5389 οὐσίας
3053 5329 3206 5392 θείας
3245 5329 3336 5382 καὶ
3353 5329 3644 5400 ἐνεργείας
3659 5321 3795 5395 παρὰ

2207 5425 2314 5478 τῶν
2328 5425 2607 5495 θεοφόρων
2623 5423 2828 5476 τούτων
2847 5423 3229 5492 μυσταγωγῶν
3247 5441 3261 5489 ;
3279 5421 3344 5476 Οί
3360 5423 3468 5492 μὲν
3485 5426 3596 5494 γὰρ
3611 5421 3795 5488 αίρετι·

2208 5518 2317 5583 κοί,
2340 5517 2425 5570 διὰ
2451 5515 2549 5579 τῆς
2573 5517 2650 5579 είς
2673 5515 2875 5568 ἀτοπον
2900 5516 3230 5585 ἀπαγωγῆς,
3249 5515 3456 5568 ἄτοπον
3479 5515 3591 5586 γὰρ
3607 5512 3697 5567 καὶ
3719 5509 3796 5563 αὐο

2205 5614 2316 5671 τοῖς
2329 5626 2412 5672 τε,
2425 5606 2499 5668 ὡς
2517 5606 2718 5672 ἐδόκει,
2732 5607 2792 5660 τὸ
2804 5609 3013 5677 τροπὴν
3030 5607 3321 5675 ὑπομένειν
3333 5606 3610 5660 δύνασθαι
3628 5604 3793 5671 λέγειν

2206 5703 2297 5758 τὸν
2320 5700 2481 5772 μόνον
2505 5699 2693 5767 ἁπαθῆ
2714 5715 2772 5750 τε
2795 5700 2891 5751 καὶ
2912 5699 3204 5769 ἄτρεπτον,
3228 5700 3286 5752 τὸ
3308 5699 3513 5753 τούτου
3541 5695 3796 5752 ἁτοπὼτε·

2212 5814 2304 5867 ρον
2330 5794 2593 5848 ἔσπευδον
2617 5791 3077 5858 κατασκευάζειν,
3103 5796 3182 5846 ὅτι
3206 5793 3272 5864 δὴ
3299 5793 3556 5846 συναῖδια
3597 5791 3664 5842 τὰ
3690 5784 3790 5838 κτί-

2226 5906 2407 5960 σματα
2440 5887 2516 5958 τῷ
2543 5887 2685 5958 Θεῷ.
2714 5889 2775 5941 Οί
2805 5887 2861 5940 δέ
2897 5887 2995 5958 τῆς
3029 5888 3180 5958 ἱερᾶς
3208 5886 3435 5940 συνόδου
3477 5883 3705 5954 ΙΙατέρε,
3730 5875 3790 5947 τῇ

3659 5899 3705 5943 ε,
3730 5875 3978 6394 τῇΔ
