4054 6440
310 387 415 449 869

1128 385 1429 445 CONTRA
1472 380 1900 443 GREGORAM
1948 379 2728 443 ANTiRBHETICORUM.
2760 382 2829 442 V.

3464 384 3573 447 870

311 501 456 570 καλῇ
484 500 574 551 καὶ
600 497 898 566 θεοπρεπεῖ
952 496 1189 567 διαφορᾷ
1219 496 1319 564 τῆς
1349 494 1498 558 θείας
1526 494 1714 555 οὐσίας
1758 491 1891 561 πρὸς
1923 499 1966 555 Α
1999 493 2206 544 ἐκείνου
2238 492 2651 563 συγγράμματα
2706 492 2802 546 καὶ
2859 493 2906 545 οί
2939 491 3172 562 διάδοχοι
3227 498 3573 565 μαρτυροῦσι

309 594 407 662 τὴν
444 592 593 645 θείαν
622 590 903 659 ἐνέργειαν
934 588 993 641 τό
1014 605 1073 641 τε
1108 588 1501 657 ἀμφίκρημνον
1519 584 1678 638 τοῦτο
1703 582 1891 636 λύουσι

308 685 552 757 ζήτημα,
586 685 681 737 καὶ
709 681 817 733 τῶν
856 681 1065 752 βόθρων
1114 678 1394 748 ἑκατέρων
1439 679 1539 748 τὴν
1599 675 1696 730 τοῦ
1752 677 1892 745 Χρι-

311 778 439 832 στοῦ
482 775 807 843 Ἐκκλησίαν
828 772 1229 827 ἀπαλλάττουσι
1268 769 1548 833 κάλλιστα,
1576 769 1676 838 τῆς
1733 769 1890 838 ἐνερ-

310 868 465 933 γείας
486 906 501 930 ,
542 866 657 919 ἀλλ’
683 865 742 917 οὐ
776 864 875 933 τῆς
912 862 1129 929 φύσεως
1163 859 1260 913 τοῦ
1294 856 1432 912 Θεοῦ
1466 859 1711 922 εἰπόντες
1751 857 1891 927 ἔργα

313 961 379 1011 τὰ
412 959 710 1026 κτίσματα.
740 955 829 1009 Διὸ
848 955 916 1008 τὰ
937 956 1035 1024 μὲν
1069 954 1166 1022 τῆς
1193 952 1407 1023 φύσεως
1437 953 1544 1005 ἴδια
1604 950 1700 1005 τοῦ
1754 950 1890 1005 Θεοῦ

315 1052 473 1119 ἔργα,
498 1050 637 1118 ὅπερ
662 1050 781 1103 ἐστὶ
804 1047 1007 1118 δηλαδὴ
1033 1048 1064 1116 ὴ
1091 1046 1200 1100 τῶν
1224 1046 1528 1114 ὁμοουσίων
1555 1043 1685 1098 Υίοῦ
1707 1061 1766 1096 τε
1798 1045 1893 1097 καὶ

320 1141 636 1211 Πνεύματος
668 1141 923 1211 γέννησις
949 1140 1085 1209 ὁμοῦ
1115 1140 1209 1193 καὶ
1242 1140 1591 1208 ἐκπόρευσις,
1644 1137 1893 1190 συναῖδια

320 1237 395 1307 μὴ
427 1232 569 1289 εἶναι
603 1237 663 1287 οὐ
704 1235 938 1303 πέφυκε,
972 1233 1064 1286 καὶ
1094 1232 1182 1287 διὰ
1209 1232 1369 1286 τοῦτο
1403 1233 1498 1285 καὶ
1528 1231 1764 1302 ἄναρχος
1796 1232 1896 1283 καὶ

317 1329 584 1390 συναῖδιος
617 1326 697 1395 τῷ
738 1327 911 1396 Πατρὶ
943 1326 972 1377 ὀ
1003 1325 1132 1388 Υἱὸς
1166 1325 1263 1378 καὶ
1296 1324 1356 1377 τὸ
1394 1322 1651 1393 Πνεῦμα,
1686 1323 1775 1376 ἵνα
1817 1322 1894 1393 μὴ

315 1421 525 1492 τροπὴν
553 1421 582 1473 6
614 1420 883 1490 ἄτρεπτος
917 1418 1214 1488 ὑπομείνῃ,
1247 1417 1346 1470 οὑκ
1376 1416 1434 1483 ἐξ
1463 1415 1635 1471 ἀϊδίου
1665 1417 1894 1484 γεννῶν,

315 1516 412 1567 καὶ
437 1512 754 1579 ἐκπορεύων
775 1512 843 1564 τά
867 1509 1151 1579 ὁμοούσια,
1178 1508 1273 1563 καὶ
1298 1509 1386 1563 ῖνα
1414 1508 1490 1579 μὴ
1518 1508 1649 1568 Θεὸς
1679 1508 1896 1576 πρῶτος

318 1606 416 1660 καὶ
475 1605 704 1673 ὕστερος
726 1602 982 1671 νομισθῇ,
1037 1600 1182 1654 κατὰ
1240 1600 1365 1663 τοὺς
1427 1600 1529 1671 ’ήδη
1575 1598 1896 1662 διδάξαντας

316 1700 490 1753 ταῦτα
510 1695 798 1765 θεολόγους
816 1695 1069 1763 Πατέρας
1085 1709 1100 1725 ⁸
1120 1694 1188 1748 τά
1208 1694 1265 1746 δέ
1286 1693 1582 1762 κτίσματα,
1624 1692 1897 1762 θελήσεως

317 1796 412 1847 καὶ
446 1792 720 1863 ἐνεργείας
754 1790 891 1859 ἔργα
922 1805 985 1856 γε
1015 1788 1164 1853 δντα,
1189 1787 1283 1842 καὶ
1340 1786 1448 1851 ἔξω
1478 1784 1738 1849 καθάπαξ
1795 1785 1897 1853 τῆς

315 1891 413 1940 τοῦ
436 1887 571 1939 Θεοῦ
604 1885 845 1955 φύσεως,
872 1882 931 1935 οὐ
961 1881 1185 1935 δύναται
1212 1879 1421 1950 τροπὴν
1448 1880 1768 1947 ἐπενεγκεῖν
1794 1877 1891 1930 καλ⁸

316 1980 545 2050 ὕστερον
578 1978 841 2046 γινόμενα
868 1991 883 2006 °
930 1973 1038 2029 ἀπὸ
1061 1975 1167 2043 γὰρ
1198 1972 1290 2025 τοῦ
1322 1972 1398 2042 μὴ
1419 1970 1593 2033 ’ὄντος
1625 1971 1702 2032 εἰς
1724 1969 1786 2022 τὸ
1816 1966 1895 2023 εἴ·

316 2088 406 2125 ναι
430 2069 688 2141 παρήχθη
718 2070 939 2141 θελήσει
966 2068 1061 2123 καὶ
1092 2056 1345 2135 ἐνεργὲίᾳ
1384 2060 1543 2115 Θεοῦ.
1605 2058 1739 2115 Εἶτα
1798 2062 1894 2114 καὶ

319 2167 381 2219 τὸ
407 2167 665 2220 ἄκτιστον
689 2166 787 2218 καὶ
804 2163 977 2217 ἀΐδιον
1007 2162 1107 2232 τῆς
1136 2160 1287 2223 θείας
1346 2158 1651 2231 ἐνεργείας,
1698 2157 1796 2209 καὶ
1836 2154 1896 2207 τὸ

321 2261 467 2313 κατά
499 2259 705 2326 ταύτην
737 2258 1009 2327 ἄτρεπτον
1043 2251 1141 2306 τοῦ
1182 2250 1319 2305 Θεοῦ
1361 2248 1813 2320 συνεκφαίνοντες
1847 2249 1897 2301 οἱ

320 2353 456 2405 θεῖοι
493 2350 833 2415 διδάσκαλοι,
875 2345 1010 2400 Οὐδὲ
1043 2343 1186 2399 κατὰ
1214 2344 1317 2413 την
1350 2341 1655 2409 ἐνέργειαν,
1704 2340 1895 2409 φασὶν,

320 2446 537 2516 ἐτράπη
579 2446 605 2496 ὁ
640 2442 803 2506 Θεὸς,
842 2439 917 2502 ὡς
953 2438 1013 2503 ἐξ
1051 2437 1225 2490 άῖδίου
1266 2434 1366 2505 μὲν
1396 2432 1600 2503 ταύτην
1640 2432 1716 2501 μὴ
1754 2431 1900 2500 ἐχειν

323 2535 595 2607 φυσικῶς,
650 2533 878 2603 ὕστερον
926 2531 984 2584 δέ
1033 2529 1207 2600 αὐτὴν
1267 2525 1748 2597 προσκτήσασθαι,
1806 2526 1900 2578 καὶ

318 2628 533 2701 τροπήν
558 2642 681 2679 τινα
718 2624 861 2678 κατά
912 2621 1073 2676 τοῦτο
1123 2619 1406 2695 δέξασθαι.
1444 2614 1576 2689 Εἶχε
1635 2617 1735 2688 μὲν
1768 2618 1897 2689 γάρ,

319 2721 517 2790 φησὶν,
552 2720 642 2771 ἀεὶ
673 2717 770 2788 τὴν
801 2716 1032 2785 δύναμιν
1064 2711 1159 2767 τοῦ
1187 2712 1418 2776 κτίζειν,
1450 2710 1547 2765 ἅτε
1577 2708 1641 2780 δὴ
1674 2710 1769 2763 καὶ
1806 2726 1905 2778 φυ-

321 2814 484 2884 σικὴν
510 2811 679 2867 αὐτοῦ
716 2809 1043 2879 πεφυκυῖαν·
1071 2806 1353 2877 ἐνηργήθη
1391 2820 1454 2873 γε
1488 2801 1595 2876 μὴν
1626 2801 1903 2873 ἡτοιαύτη

321 2907 585 2976 δύναμις,
617 2905 705 2957 ὅτε
738 2904 767 2956 6
799 2901 932 2966 Θεὸς
963 2898 1257 2969 ἐϐουλήθη.

400 2998 485 3051 Τά
532 2997 587 3049 δέ
620 2996 719 3065 τῆς
773 2992 1163 3063 οἰκουμενικῆς
1214 2990 1384 3060 ἐκτης
1421 2990 1645 3045 συνόδου
1696 2989 1906 3059 μέλλων

327 3090 578 3152 σκοπεῖν,
607 3086 713 3157 πρὸ
741 3085 848 3139 τῶν
880 3079 1057 3139 ἄλλων
1106 3081 1281 3136 ἐκεῖνο
1302 3079 1468 3148 λέγω,
1495 3078 1569 3141 ὡς
1599 3079 1646 3131 εί
1686 3077 1761 3147 μὴ
1811 3077 1906 3131 καὶ⁸

1997 584 2270 653 παρόντα,
2312 584 2521 637 ἐκείνου
2558 584 2846 654 τοιγαροῦν
2899 584 2965 639 δι’
2993 584 3189 638 ἑαυτοῦ
3245 586 3371 650 τοὺς
3414 588 3577 652 ἰδίους

1994 678 2272 748 ἀκροατὰς
2302 679 2371 731 τὰ
2401 679 2625 732 τοιαῦτα
2655 679 3003 742 διδάσκοντος
3056 680 3200 744 τότε,
3252 683 3343 734 καὶ
3370 681 3437 734 τὰ
3466 683 3578 735 τῶν

1998 770 2166 835 ἁγίων
2199 770 2338 839 ῥητὰ
2376 770 2471 823 καὶ
2521 770 2649 833 τοῦς
2688 771 2818 837 περὶ
2862 770 3014 835 θείας
3075 773 3356 844 ἐνεργείας
3398 774 3579 843 ἱεροὺς

1996 865 2208 933 λόγους,
2262 868 2354 918 καὶ
2384 863 2482 935 τὴν
2513 865 2737 918 ἐκείνων
2781 865 3159 938 παρεξήγησιν
3206 867 3302 921 καὶ
3333 869 3430 938 τὴν
3464 868 3580 923 δια-

1998 958 2259 1026 στροφὴν,
2284 957 2445 1027 ἔργον
2474 956 2671 1009 ἐαυτοῦ
2720 958 3047 1026 ποιουμένου
3097 960 3190 1012 καὶ
3229 960 3576 1032 σπούδασμα,

1998 1048 2257 1117 καὶπερὶ
2307 1049 2409 1117 τῆς
2466 1047 2712 1119 μεγάλης
2768 1052 3001 1120 ταυτησὶ
3047 1052 3142 1103 καὶ
3197 1052 3580 1121 οίκουμενικῆς

1996 1143 2160 1212 ἕκτης
2215 1143 2435 1196 συνόδου
2481 1142 2590 1195 τῶν
2638 1142 2912 1211 φοιτητῶν
2964 1143 3159 1213 ήροντό
3201 1162 3346 1208 τινες
3399 1149 3452 1201 τί
3497 1145 3580 1199 δεῖ

1998 1240 2217 1308 φρονεῖν
2241 1240 2481 1301 ἐκείνους
2532 1237 2625 1291 καὶ
2648 1237 2848 1304 λέγειν,
2879 1234 2941 1289 06
2952 1256 3036 1291 πω
3064 1237 3359 1310 διαρρήδην
3383 1242 3580 1293 τάναν-

1996 1330 2236 1384 τιώτατα
2294 1331 2402 1385 τῶν
2460 1331 2612 1401 αὑτῷ
2644 1330 2947 1385 δοκούντων
3002 1334 3099 1385 καὶ
3132 1335 3437 1404 φρονούσης
3484 1337 3579 1388 καλ¹

1998 1421 2396 1493 κηρυττούσης.
2428 1423 2487 1476 Ὀ
2512 1422 2567 1476 δὲ
2602 1424 2837 1494 χρηστὸς
2876 1422 3206 1487 Ἀκίνδυνος.
3238 1424 3429 1494 ὥσπερ
3455 1426 3582 1478 ἐπι-

1997 1515 2329 1585 λελησμένος
2364 1515 2601 1570 ἐνταῦθα
2629 1518 2727 1586 τῆς
2762 1518 2820 1569 ἐν
2870 1518 3053 1587 χεροῖν
3090 1520 3431 1589 ἐπιστήμης,
3485 1521 3583 1574 καὶ

1997 1607 2092 1662 τοῦ
2123 1607 2469 1679 διαστρέφειν
2525 1626 2585 1661 τε
2619 1610 2711 1661 καὶ
2746 1612 3108 1677 συκοφαντεῖν
3148 1611 3217 1665 τὰ
3246 1610 3426 1681 πάσης
3458 1611 3580 1665 δια-

2000 1702 2243 1771 στροφῆς
2272 1719 2330 1754 τε
2353 1704 2450 1755 καὶ
2495 1703 2862 1771 συκοφαντίας
2887 1703 3152 1774 ἀνώτερα,
3180 1706 3339 1759 τοῦτο
3365 1708 3458 1760 καὶ
3481 1705 3584 1773 μό-

2000 1810 2088 1846 νον
2144 1793 2379 1848 ἐνταῦθά
2424 1812 2541 1857 πως
2573 1795 2755 1859 καλῶς
2790 1797 2886 1849 καὶ
2934 1795 3103 1862 ἀξίως
3147 1798 3214 1851 τά
3243 1799 3343 1866 τῆς
3369 1800 3576 1861 οἰκείας

1998 1884 2319 1950 κακοδοξίας
2345 1903 2407 1939 τε
2434 1890 2529 1940 καὶ
2558 1890 2658 1957 τῆς
2684 1889 2945 1952 ἀπιστίας
2979 1889 3426 1960 ἀνερυθριάστως
3442 1891 3584 1944 ἁπο-

1998 1976 2286 2042 καλύπτει,
2346 1979 2643 2051 ἀγροίκους
2677 1980 2829 2043 τινὰς
2872 1983 2968 2033 καὶ⁹
3001 1982 3316 2051 βαρϐάρους
3346 1984 3442 2038 καὶ
3493 1983 3580 2036 λό-

1998 2086 2095 2138 γον
2124 2071 2221 2124 καὶ
2245 2065 2399 2141 ἦθος,
2434 2073 2527 2124 καὶ⁵
2552 2071 2784 2139 ἀμαθεῖς
2818 2072 3164 2135 ἀποκαλέσας
3203 2073 3340 2141 ὁμοῦ
3371 2075 3578 2138 πάντας

1997 2164 2125 2226 τοὺς
2159 2164 2259 2233 τῆς
2301 2165 2464 2233 ἁγίας
2502 2166 2716 2233 ἐκείνης
2749 2164 2973 2218 συνόδου
3017 2168 3294 2236 Πατέρας,
3342 2169 3437 2220 καὶ
3475 2186 3583 2239 μη-

1999 2257 2087 2310 δὲν
2118 2256 2273 2323 ὑγιὲς
2298 2259 2430 2328 περὶ
2463 2258 2573 2312 τῶν
2600 2258 2984 2328 προκειμένων
3008 2260 3239 2323 ἐκείνοις
3289 2261 3410 2313 τότε
3442 2279 3580 2331 φρο-

2000 2349 2299 2420 νήσαντας,
2371 2350 2589 2405 σύνοδον
2646 2352 3035 2422 οὶκουμενικὴν
3097 2352 3235 2421 ὁμοῦ
3295 2355 3478 2407 πᾶσαν
3505 2354 3583 2419 ὡς

2001 2441 2061 2493 ἐν
2087 2457 2140 2494 τι
2168 2441 2278 2496 τῶν
2312 2440 2549 2495 εὐτελῶν
2571 2443 2665 2495 καὶ
2687 2442 3048 2513 παροράσεως
3080 2444 3247 2510 ἀξίων
3269 2445 3582 2501 ἀποϐαλλό-

2007 2532 2167 2600 μενὸς
2194 2549 2254 2584 τε
2292 2532 2389 2585 καὶ
2426 2532 2768 2603 διαγράφων,
2822 2538 2903 2598 εἰς
2932 2537 3129 2591 ἐκατὸν
3162 2539 3257 2590 καὶ
3314 2538 3584 2608 ἐξήκοντα

2004 2622 2259 2691 Πατέρας
2285 2623 2393 2675 καὶ
2433 2623 2791 2687 διδασκάλους
2845 2626 3285 2696 ἀριθμουμένην,
3316 2628 3588 2700 πατριάρ-

2005 2733 2106 2786 χας
2129 2715 2268 2785 ὁμοῦ
2328 2716 2795 2787 προκαθημένους
2843 2718 3043 2789 ἑαυτῆς
3095 2718 3329 2789 ἔχουσαν
3355 2721 3585 2787 πάντας,

2006 2808 2101 2861 καὶ
2129 2807 2352 2879 βασιλέα
2371 2808 2694 2877 θαυμαστόν
2722 2827 2783 2863 τε
2806 2812 2898 2863 καὶ
2933 2812 3111 2881 μέγαν
3138 2813 3236 2867 σύν
3264 2832 3328 2882 γε
3359 2818 3424 2885 τῇ
3452 2816 3589 2885 περὶ

2007 2901 2173 2955 αὐτὸν
2207 2901 2359 2973 πάσῃ
2381 2900 2695 2972 συγκλήτῳ,
2751 2903 2847 2957 καὶ
2896 2904 2994 2957 σὺν
3023 2905 3237 2968 τούτοις
3265 2923 3325 2960 τε
3357 2908 3451 2961 καὶ
3479 2910 3589 2976 πρὸ

2005 2990 2211 3046 τούτων
2236 2992 2328 3046 τὸν
2368 2992 2479 3047 τῶν
2527 2995 2836 3065 ἐκκλησιῶν
2884 2996 3117 3050 ἀπασῶν
3168 2998 3306 3067 ὁμοῦ
3337 3000 3399 3051 τὸ
3447 3017 3591 3071 πρε-

2010 3083 2188 3138 σϐεῖον
2218 3084 2412 3154 ἔχοντα
2461 3087 2607 3150 τότε,
2647 3088 2792 3156 φημὶ
2844 3088 2907 3156 δὴ
2950 3090 3041 3142 τὸν
3072 3089 3172 3159 τῆς
3206 3090 3591 3161 πρεσϐυτέρας

320 3183 399 3236 τὰ
432 3178 807 3251 προειρημένα
870 3174 1028 3229 πάντ’
1057 3173 1242 3227 ἐκεῖνα
1292 3169 1421 3241 περὶ
1444 3168 1707 3239 διαφορᾶς
1755 3166 1904 3229 θείας
1932 3181 1979 3243 c
2023 3177 2241 3249 Ῥώμης
2273 3178 2417 3250 ιερδν
2452 3180 2673 3234 πάπαν.
2710 3181 2910 3250 μᾶλλον
2933 3182 2978 3235 δ»
3006 3183 3105 3254 οὐχ
3126 3183 3223 3237 ἕνα
3255 3185 3438 3255 μόνον,
3453 3186 3589 3240 ἀλλὰ

314 3277 520 3340 οὐσίας
557 3273 653 3330 καὶ
710 3270 861 3333 θείας
913 3263 1194 3337 ἐνεργείας
1235 3264 1367 3334 ἡμῖν
1405 3257 1567 3332 ἦσαν,
1604 3262 1695 3316 καὶ
1718 3260 1781 3330 δὴ
1810 3259 1906 3313 καὶ

314 3376 392 3428 τὰ
421 3372 550 3438 ἐξῆς
581 3369 705 3438 περὶ
725 3365 933 3420 τούτων
966 3360 1145 3415 αὐτῶν
1167 3359 1281 3420 τοῖς
1323 3357 1490 3427 ἱεροῖς
1518 3353 1782 3416 ὡσαύτως
1807 3355 1906 3422 ρη-

315 3466 607 3538 θησόμενα
641 3459 887 3531 Πατράσι
918 3456 1015 3509 καὶ
1042 3452 1337 3521 θεολόγοις,
1363 3450 1523 3521 ἢρκει
1552 3446 1623 3501 τὰ
1646 3447 1777 3518 παρ’
1804 3445 1904 3500 αὑ-

314 3562 426 3631 τῆς
456 3556 658 3625 ταύτης
693 3553 830 3624 μόνα
874 3551 941 3620 τῇ
988 3545 1083 3600 τοῦ
1132 3543 1374 3615 Χριστοῦ
1416 3541 1715 3611 Ἐκκλησία
1768 3539 1905 3608 πρός

316 3672 388 3723 γε
414 3652 505 3706 τὸν
531 3646 721 3714 ἐντελῆ
744 3646 840 3714 τῆς
869 3640 1180 3702 ὑποθέσεως
1214 3636 1393 3704 λόγον,
1426 3634 1816 3704 οῖκουμενικῆς
1847 3649 1904 3685 τε

322 3746 517 3814 οὑσης,
556 3742 650 3796 καὶ
677 3738 819 3793 οὑτω
849 3733 1141 3803 λαμπρῶς,
1174 3731 1272 3784 καὶ
1320 3727 1475 3797 παρά
1512 3724 1786 3780 τοσούτων
1829 3723 1908 3776 δι-

322 3838 633 3901 δασκάλων,
664 3834 765 3885 οὑκ
794 3830 882 3883 ἐπ’
906 3826 1110 3893 ἀλλοις,
1126 3820 1241 3876 ἀλλ’
1266 3820 1357 3874 ἐπὶ
1379 3822 1492 3883 τοῖς
1523 3817 1906 3889 προκειμένοις

316 3933 538 3993 τούτοις
574 3920 1068 3994 συγκροτηθείσης,
1104 3918 1196 3971 καὶ
1223 3912 1400 3970 ταῦτα
1452 3914 1591 3983 μόνα
1623 3909 1904 3981 προῦργου

317 4020 694 4091 κεκτημένης.
734 4013 907 4083 ’Υπὲρ
953 4005 1014 4065 06
1074 4008 1169 4063 καὶ
1201 4003 1504 4075 θαυμάζειν
1552 4001 1610 4056 οὐ
1666 4000 1904 4071 μικρῶς,

314 4115 468 4170 ἀλλὰ
499 4110 621 4166 καθ’
669 4104 978 4177 ὑπερϐολὴν
1028 4101 1094 4155 ἂν
1122 4101 1210 4171 εἴη
1242 4097 1531 4168 Γρηγορᾶν
1563 4113 1622 4149 τε
1652 4093 1749 4147 καὶ
1780 4095 1909 4157 τοὺς

315 4206 544 4265 ἐκείνου
580 4203 828 4270 Πατέρας
863 4196 959 4250 καὶ
1012 4189 1407 4264 μυσταγωγοὺς
1428 4189 1526 4259 τῆς
1548 4183 1909 4253 καινοφανοῦς

312 4299 537 4366 ταύτης
559 4290 877 4365 θρησκείας,
912 4286 1017 4342 ποῦ
1047 4285 1115 4341 τὰ
1136 4283 1231 4339 τοῦ
1261 4281 1488 4349 ἀγώνων
1518 4278 1743 4335 καὶτῶν
1774 4295 1910 4331 κατ-

314 4385 669 4460 ορθωμάτων
723 4375 1072 4449 παρέρῤιψαν
1109 4375 1207 4443 τῆς
1256 4371 1500 4442 μεγάλης
1550 4368 1754 4438 ταύτης
1788 4385 1911 4421 συν-

313 4481 478 4539 όδου,
512 4474 702 4542 ὥσπερ
734 4468 870 4539 μηδέ
902 4464 1275 4536 γεγενημένης
1308 4462 1445 4525 ὅλως
1471 4460 1608 4531 μηδέ
1635 4460 1910 4529 συστάσης

2013 3271 2107 3324 κα)⁵
2127 3269 2379 3342 δεύτερον
2412 3272 2534 3341 μετ’
2563 3274 2774 3326 ἐκεῖνον
2802 3274 2897 3327 καὶ
2917 3276 3124 3343 τρίτον,
3149 3276 3245 3330 καὶ
3278 3276 3343 3347 δὴ
3375 3277 3469 3330 καὶ
3490 3278 3591 3348 τὴν

2013 3364 2105 3417 ὑπ’
2139 3364 2337 3425 αὐτοὺς
2365 3366 2474 3417 τῶν
2509 3365 2817 3434 ἐκκλησιῶν
2871 3368 3026 3436 ίεράν
3061 3367 3285 3421 σύνοδον
3321 3369 3456 3437 ὁμοῦ
3490 3373 3594 3423 πᾶ-

2015 3476 2134 3526 σαν,
2164 3459 2340 3528 λόγοις
2368 3459 2462 3512 καὶ
2489 3459 2776 3529 πρέσϐεσι,
2796 3459 2889 3511 καὶ
2913 3464 3320 3530 τοποτηρηταῖς
3344 3462 3589 3527 οἰκείοις,

2015 3552 2109 3607 καὶ
2146 3551 2277 3621 πρός
2308 3568 2369 3618 γε
2399 3550 2481 3604 ἔτι
2500 3551 2798 3620 γράμμασι
2826 3550 3129 3613 συνοδικοῖς
3156 3552 3250 3603 καὶ
3278 3551 3592 3616 ἐπιστολαῖς

2018 3646 2253 3713 μακραῖς
2282 3660 2392 3696 τισι
2421 3643 2514 3697 καὶ
2541 3641 2903 3712 πολυστίχοις,
2923 3642 3023 3694 οὐκ
3040 3642 3097 3708 ἐξ
3125 3642 3269 3695 ίδίων
3288 3644 3588 3713 λογισμῶν,

2013 3734 2132 3791 ἀλλ’
2157 3736 2223 3789 ἐκ
2255 3735 2355 3805 τῆς
2408 3736 2558 3804 ἱερᾶς
2612 3734 2809 3801 λογίων
2857 3733 3159 3801 θεολογίας,
3210 3736 3306 3788 καὶ
3355 3737 3453 3805 τῆς
3482 3738 3592 3791 τῶν

2015 3827 2122 3898 πρὸ
2154 3827 2334 3882 αὐτῶν
2364 3825 2499 3896 ὁμοῦ
2535 3825 2897 3880 θεοπνεὺστου
2939 3824 3291 3891 διδασκαλίας
3312 3828 3401 3882 τὸν
3431 3829 3593 3898 ὀρθόν

2014 3937 2072 3974 τε
2102 3920 2197 3973 καὶ
2222 3918 2439 3988 ἀπλανῆ
2467 3918 2573 3983 τῆς
2603 3919 2840 3982 πίστεως
2885 3917 3242 3989 βεϐαιοῦντας
3270 3920 3448 3989 λόγον.
3482 3922 3592 3975 Καὶ

2013 4013 2065 4066 τί
2095 4012 2199 4083 χρὴ
2229 4012 2407 4081 λέγειν
2452 4011 2677 4073 τούτους
2726 4012 3049 4076 κάκείνους;
3099 4013 3233 4066 ὅπου
3287 4030 3349 4080 γε
3387 4015 3461 4084 μὴ
3492 4014 3593 4083 τὴν

2013 4102 2401 4173 οίκουμενικὴν
2452 4104 2659 4173 ταύτην
2704 4103 2946 4169 σύνοδον,
2972 4104 3066 4156 καὶ
3100 4110 3226 4166 τούς
3268 4104 3389 4157 κατ’
3418 4103 3593 4174 αὐτὴν

2018 4197 2200 4266 μόνον,
2224 4195 2359 4249 ἀλλά
2398 4196 2492 4249 καὶ
2524 4196 2704 4259 πάσας
2736 4195 2871 4266 ὁμοῦ
2920 4196 3021 4259 τάς
3057 4213 3116 4248 τε
3152 4198 3256 4265 πρὸ
3280 4196 3451 4265 αὐτῆς
3500 4199 3597 4251 καὶ

2015 4288 2113 4350 τὰς
2147 4288 2265 4358 μετ’
2289 4286 2480 4358 αὐτὴν,
2508 4286 2774 4351 ὡσαύτως
2823 4287 3161 4341 ἀπεϐάλλετο
3216 4288 3457 4342 κάκιστα
3497 4289 3601 4340 σὺν

2018 4380 2222 4452 ἐκείνῃ.
2255 4373 2330 4434 ὧν
2359 4380 2455 4443 τάς
2489 4380 2590 4449 μὲν
2620 4381 2821 4433 ὡσανεί
2848 4397 2969 4433 τινα
2991 4378 3241 4448 θεμέλιον
3267 4379 3425 4448 ἔσχεν
3455 4378 3601 4449 αὕτη

2016 4473 2112 4527 καὶ
2147 4474 2323 4542 βάσιν,
2342 4474 2456 4533 τοῖς
2481 4473 2707 4524 ἐκείνων
2735 4471 2883 4539 ὅροις
2908 4487 2967 4522 τε
2998 4471 3091 4523 καὶ
3115 4472 3236 4532 ταῖς
3267 4470 3441 4538 ίεραϊς
3467 4471 3605 4539 περὶ

313 4574 434 4645 τὴν
464 4570 662 4640 ἀρχὴν,
690 4565 824 4636 μηδὲ
865 4565 924 4616 ὲν
959 4560 1193 4631 ὀνείροις
1228 4558 1586 4629 μνησθέντες.
1621 4555 1823 4625 μᾶλλον
1854 4555 1912 4607 δὲ
1945 4572 1990 4628 D
2018 4565 2271 4635 θεότητος
2301 4564 2483 4629 δόξαις
2519 4564 2611 4617 τὸν
2661 4565 2866 4617 οἰκεῖον
2914 4564 3404 4631 ἐποικοδομήσασα
3436 4564 3607 4631 λόγον·

312 4665 430 4721 καὶ
460 4661 814 4732 μνησθέντες,
847 4656 897 4707 εί
946 4653 1042 4708 καὶ
1106 4650 1181 4721 μὴ
1238 4653 1588 4720 γράμμασιν,
1617 4647 1755 4700 ἀλλὰ
1804 4648 1918 4709 τοῖς

313 4756 445 4814 ἀπὸ
473 4754 741 4823 στόματος
770 4749 974 4817 λόγοις,
1010 4745 1086 4806 ὡς
1115 4743 1228 4811 ἐγώ
1255 4758 1400 4803 τινος
1430 4741 1638 4811 ἤκουσα
1678 4737 1789 4792 τῶν
1817 4754 1916 4791 πε-

314 4846 717 4917 πλησιακότων
745 4843 997 4904 ἐκείνοις,
1028 4837 1265 4891 κάκιστα
1292 4833 1475 4903 μέντοι
1514 4833 1608 4884 καὶ
1633 4828 1916 4884 ἀτοπώτα-

313 4958 428 5003 τα,
454 4936 676 4993 καὶτῶν
698 4934 788 4987 ὑπ’
816 4932 1033 5000 ἐκείνης
1086 4926 1266 4988 καλῶς
1294 4941 1354 4979 τε
1404 4926 1500 4978 καὶ
1529 4923 1754 4984 δικαίως
1785 4924 1920 4975 ἀπο·-

314 5030 719 5102 κηρυχθέντων
752 5022 1144 5091 Μονοθελητῶν
1194 5019 1349 5073 οὐδὲν
1380 5018 1622 5086 ἄμεινον.
1656 5016 1778 5069 Τῶν
1808 5014 1917 5085 γάρ

314 5125 610 5199 ὁμιλητῶν
651 5118 964 5174 Ἀκινδύνου
999 5114 1168 5178 τινὲς,
1198 5112 1268 5165 τὰ
1298 5110 1440 5165 κατά
1465 5110 1563 5179 τῆς
1596 5107 1748 5171 θείας
1772 5109 1922 5178 ἐνερ-

315 5198 492 5290 τείας
524 5213 615 5267 ὑπ’
646 5211 859 5265 ἐκείνου
907 5203 1268 5278 μυσταγωγοῦ
1280 5218 1430 5270 μενοι
1461 5198 1733 5270 συνήθως,
1790 5199 1921 5250 ποτὲ

323 5288 442 5384 μὲν
467 5307 672 5374 κτίσμα
693 5300 829 5356 Θεοῦ
857 5303 957 5370 τὴν
980 5295 1215 5367 φυσικὴν
1251 5292 1416 5347 αὑτοῦ
1447 5290 1653 5359 ταύτην
1682 5290 1777 5344 καὶ
1804 5288 1922 5342 θεο-

324 5381 527 5473 πρεπῆ
556 5394 788 5463 δύναμίν
823 5410 883 5445 τε
916 5394 1011 5445 καὶ
1064 5390 1279 5457 κίνησιν
1306 5383 1730 5447 ἀποκαλοῦντος,
1788 5381 1920 5433 ποτὲ

320 5499 391 5552 δὲ
426 5494 523 5563 τὴν
549 5493 738 5545 οὐσίαν
791 5486 959 5556 αὐτὴν
994 5479 1136 5537 εἶναι
1166 5480 1260 5535 τοῦ
1290 5479 1448 5541 Θεοῦ,
1498 5479 1592 5531 καὶ
1615 5475 1737 5530 κατ’
1771 5474 1923 5528 οὐδὲν

324 5588 642 5656 διαφέρειν,
690 5583 879 5636 ἄλλοτε
914 5580 958 5632 δ’
998 5577 1155 5640 αὖθις
1207 5575 1300 5627 τὸν
1336 5571 1612 5643 μονογενῆ
1648 5569 1777 5621 Υίὸν
1828 5566 1922 5620 τοῦ

328 5681 502 5745 Θεοῦ,
538 5683 635 5733 καὶ
663 5680 724 5730 τὸ
753 5674 920 5729 αὐτοῦ
954 5672 1204 5741 Πνεῦμα,
1243 5667 1416 5722 ταῦτα
1464 5667 1557 5718 καὶ
1586 5666 1697 5735 γὰρ
1721 5663 1787 5715 τὰ
1817 5662 1919 5731 τῆς

334 5771 622 5839 θεολογίας
647 5769 682 5839 ἢ
719 5766 1072 5838 βλασφημίας
1127 5760 1457 5829 οἰκειότερον
1513 5757 1716 5827 μᾶλλον
1746 5757 1925 5813 εἰπεῖν

352 5863 665 5922 Ἀκινδύνου
696 5859 889 5931 πρῶτα
917 5858 1178 5926 στοιχεῖα,
1218 5849 1296 5917 οἷς
1322 5852 1384 5921 δὴ
1414 5851 1505 5903 καὶ
1540 5851 1707 5902 είσέτι
1744 5847 1828 5913 ,τά
1862 5864 1920 5900 τε

2021 4657 2330 4727 καθαπερεί
2379 4673 2504 4708 τινα
2551 4654 2744 4708 στῦλον
2776 4656 2873 4708 καὶ
2911 4653 3120 4725 πύργον
3160 4656 3411 4708 ἄσειστον
3443 4655 3605 4707 εὐσε-

2020 4748 2191 4812 ϐείας,
2222 4748 2278 4801 αί
2308 4746 2364 4799 δὲ
2401 4747 2518 4816 μετ’
2544 4745 2717 4816 αὐτὴν
2747 4745 3011 4808 ὡσαύτως
3038 4745 3207 4817 αὐτὴν
3229 4745 3387 4816 ἔσχον
3417 4745 3602 4808 αὖθις,

2022 4837 2113 4890 καὶ
2146 4834 2625 4905 συναριθμήσασσι
2653 4837 2775 4896 ταῖς
2806 4834 2911 4903 πρὸ
2940 4833 3133 4901 αὐτῆς,
3176 4832 3315 4902 μετά
3341 4832 3602 4900 πλείστης

2020 4928 2153 4997 ὅσης
2182 4926 2281 4996 τῆς
2310 4924 2591 4991 ἀξιώσεως
2628 4924 2726 4977 σὺν
2753 4923 2993 4986 ἐκείναις
3034 4920 3461 4992 ἀνακηρύξασαι
3505 4920 3605 4973 καὶ⁸

2021 5019 2245 5087 ταύτην,
2281 5018 2376 5070 καὶ
2408 5016 2614 5085 οὑσπερ
2644 5014 2984 5084 ἀνηγόρευσε
3032 5011 3607 5082 συναναγορεύσασαε,

2023 5110 2115 5163 καὶ
2141 5107 2233 5170 οὒς
2259 5105 2605 5175 ἀπεκήρυξεν
2648 5107 2705 5169 ἐξ
2736 5103 3094 5173 ἀντιστρόφου
3122 5104 3220 5156 καὶ¹
3248 5102 3410 5155 αὐταὶ
3441 5117 3606 5152 συνα-

2024 5199 2427 5271 ποκηρύξασαι,
2452 5198 2548 5251 καὶ
2577 5197 2705 5265 ὅρον
2735 5196 3044 5258 εὐσεϐείας,
3089 5194 3183 5248 καὶ
3212 5194 3415 5246 κανόνα
3445 5191 3609 5260 δόξης

2022 5293 2211 5365 ὀρθῆς,
2243 5290 2337 5344 καὶ
2364 5289 2613 5357 στάθμην
2646 5286 3007 5356 λογισάμεναι
3030 5285 3101 5337 τά
3133 5284 3377 5353 ἐκείνης,
3405 5282 3479 5345 ὡς
3509 5284 3612 5337 καὶ

2024 5388 2142 5448 ταῖς
2178 5384 2438 5454 ἐσχάταις
2468 5382 2628 5452 ἀραῖς
2663 5380 2759 5432 καὶ
2793 5376 3175 5448 ἀποκηρύξεσι
3201 5374 3612 5428 καθυποϐαλεῖν

2024 5480 2150 5540 τοὺς
2175 5477 2363 5529 ἐκεῖνα
2391 5476 2467 5545 μὴ
2487 5472 2831 5543 δεχομένους,
2884 5470 2912 5523 ὃ
2950 5472 3016 5541 δὴ
3041 5469 3134 5524 καὶ
3162 5467 3372 5538 προῖὼν
3394 5468 3421 5519 6
3446 5465 3612 5535 λόγος

2026 5567 2189 5632 δείξει
2218 5568 2579 5636 σαφέστερον.

2110 5659 2252 5712 Ἀλλ’
2281 5660 2331 5711 οἱ
2362 5659 2460 5727 μὲν
2505 5656 2807 5728 ἐρρίφθων,
2840 5655 2985 5710 ὸὺτω
3025 5655 3154 5726 περὶ
3184 5652 3253 5706 τὰ
3285 5651 3388 5721 τῆς
3423 5648 3614 5718 κοινῆς

2029 5753 2186 5824 ήμῶν
2252 5747 2489 5815 πίστεως
2529 5749 2820 5819 ἀξιώματα
2854 5749 2945 5803 καὶ
2998 5747 3067 5801 τὰ
3110 5746 3320 5818 μεγάλα
3371 5744 3614 5812 στοιχεῖα

2030 5849 2126 5917 τῆς
2161 5844 2441 5908 εὐσεϐείας
2473 5845 2712 5900 κάκιστά
2740 5859 2799 5895 τε
2835 5843 2927 5896 καὶ
2954 5841 3278 5897 ἀτοπώτατα
3306 5837 3614 5901 διανοηθέν-
