4054 6442
481 399 587 463 871

470 527 563 572 τες
585 524 646 560 τε
675 505 769 558 καὶ
796 502 1063 564 εἰπόντες,
1092 496 1165 561 ὡς
1194 491 1491 550 κάντεῦθεν
1523 494 1685 556 μόνον
1718 494 2040 564 Χριστανοῖς
2073 496 2121 555 Α
2146 496 2491 563 εκφήναντες

473 602 677 655 ἅπασιν
701 594 839 652 εἶναι
866 596 1016 665 δῆλοι
1065 590 1162 646 τοῦ
1205 589 1315 642 τῶν
1372 587 1584 642 πιστῶν
1613 587 1917 655 καταλόγου
1947 587 2065 640 δια-

472 691 785 763 γράψαντες
818 688 958 756 σφᾶς
988 684 1209 746 αὐτοὺς.
1255 681 1351 735 καὶ
1382 680 1575 751 πόρῤω
1625 694 1732 731 που
1777 680 2064 748 γεγονότες

475 786 691 848 ἑκόντες
719 782 819 850 τῆς
862 780 958 834 τοῦ
1004 777 1244 848 Χριστοῦ
1301 774 1531 843 μοίραςο
1581 774 1745 841 ἡμεῖς
1792 772 1848 825 δὲ
1877 773 1927 824 οῖ
1960 773 2060 842 τῆς

474 876 636 931 αὑτοῦ
672 875 877 942 σεπτῆς
922 872 1274 943 Ἐκκλησίας,
1300 873 1351 925 οἱ
1379 870 1519 941 μετά
1550 871 1660 925 τῶν
1691 870 1855 941 ἱερῶν
1882 869 2062 939 Εὐαγ-

473 970 674 1038 γελίων
697 969 963 1030 κάκείνας
993 965 1305 1035 αἰδούμενοι
1330 964 1426 1028 τὰς
1448 964 1652 1025 σεπτάς
1667 965 1777 1016 τῶν
1796 962 2061 1033 Πατέρων

472 1060 747 1124 συνόδους,
801 1059 896 1111 καὶ
927 1059 1076 1125 ὅρον,
1109 1056 1201 1110 καὶ
1235 1055 1462 1120 κανόνα,
1498 1061 1594 1108 καὶ
1643 1054 1903 1125 στάθμην
1957 1053 2059 1123 τῆς

471 1150 731 1212 εὐσεϐοῦς
757 1148 916 1219 ἡμῶν
949 1148 1117 1210 αὐτὰς
1166 1144 1464 1216 ἡγούμενοι
1500 1146 1761 1209 πίστεως,
1798 1145 1931 1214 φέρε
1960 1143 2060 1198 καὶ

470 1248 539 1298 τὰ
563 1247 630 1314 τῇ
657 1244 789 1313 ἀγίᾳ
819 1240 994 1313 ταύτῃ
1028 1240 1230 1311 συνόδῳ
1267 1238 1399 1309 περὶ
1427 1237 1525 1307 τῆς
1558 1239 1617 1290 ἐν
1651 1237 1874 1308 Χριστῷ
1904 1236 2060 1302 θείας

470 1335 752 1406 ἐνεργείας
775 1333 1206 1403 δογματισθέντα
1232 1330 1415 1393 καλῶς
1444 1330 1553 1383 ἀπὸ
1583 1331 1785 1400 μέρους
1821 1330 2061 1383 κατίδω-

474 1443 596 1495 μεν.
627 1425 750 1479 Τῶν
777 1425 886 1493 γάρ
910 1441 993 1477 τοι
1022 1424 1090 1475 τά
1120 1421 1374 1491 Σεργίου,
1407 1421 1504 1474 καὶ
1534 1421 1781 1492 Πύρρου,
1819 1420 1915 1473 καὶ
1941 1420 2050 1473 Κύ-

476 1535 591 1587 ρου,
614 1516 707 1569 καὶ
734 1515 1013 1584 Θεοδώρου
1043 1512 1345 1584 τηνικαῦτα
1373 1511 1741 1581 φρονούντων,
1761 1515 1874 1576 τοῖς
1901 1513 2063 1580 ὀρθο-

470 1610 641 1673 δόξοις
688 1606 1223 1671 ἀντικαθισταμένων
1283 1605 1377 1658 καὶ
1430 1604 1613 1672 λόγοις
1646 1644 1662 1669 ,
1725 1605 1821 1658 καὶ
1870 1605 2056 1675 γράμ-

473 1716 629 1771 μασι,
663 1700 758 1753 καὶ
798 1698 890 1752 τὸν
937 1697 1288 1767 θεάνθρωπον
1339 1696 1513 1764 Λόγον
1542 1696 1634 1748 τὸν
1666 1695 1868 1765 Κύριον
1895 1694 2056 1766 ὴμῶν

1483 381 1905 445 PHILOT'tIEI
1928 382 2041 444 ΟΡ.
2087 381 2529 443 ΡΑΤΒΙᾹΒΓῙῘΙ
2555 380 2617 440 ΛΞ

3637 386 3741 452 .972

2579 491 2905 562 ἐνεργείας,
2960 488 3199 563 ούσιώδη
3257 492 3354 547 καὶ
3417 493 3529 567 γάρ
3574 497 3744 569 αὐτὴν

2166 588 2486 654 προσεῖπον,
2552 585 2650 639 καὶ
2687 586 2951 655 φυσικὴν,
3001 587 3094 640 καὶ
3144 588 3209 640 ἐκ
3247 587 3349 657 τῆς
3383 588 3534 651 θείας
3558 590 3745 653 οὐσίας

2163 676 2335 747 αὐτὴν
2360 678 2637 749 προϊέναι,
2686 679 2787 733 καλ⁵
2816 678 3129 751 ἀδιαίρετον
3160 680 3332 747 αὐτῆς
3381 676 3545 744 εἶναι,
3600 683 3745 753 ἅπερ

2163 772 2256 824 ἐπὶ
2309 771 2631 839 κτισμάτων
2661 772 2761 824 οὐκ
2799 772 2865 829 ἄν
2901 789 3031 825 ποτε
3084 772 3302 844 ῥηθείη,
3356 774 3480 828 οὐδὲ
3509 774 3616 842 γὰρ
3650 777 3747 830 πέρ

2164 876 2357 924 φυκεν,
2398 861 2460 912 οὐ
2492 860 2696 930 μᾶλλον
2725 860 2757 931 ἢ
2788 862 2849 913 τδ
2882 863 2944 914 ἐκ
2973 862 3154 931 χιόνος
3195 863 3516 933 ἐξέρχεσθαι
3547 864 3743 934 φλόγα,

2160 951 2353 1005 ἔπειτα
2408 954 2502 1005 καὶ
2557 952 2734 1023 ῥητῶς
2787 954 2884 1007 καὶ
2940 953 3157 1018 λέξεσιν
3188 955 3385 1017 αὑταῖς
3434 956 3747 1027 ἐπήνεγκαν

2159 1043 2340 1110 τοῦτο,
2390 1044 2448 1099 'O
2480 1045 2736 1114 Χριστος,
2767 1046 3037 1108 είπόντες,
3091 1039 3172 1107 εἷς
3223 1044 3323 1109 ὢν,
3368 1046 3482 1115 ἔχει
3509 1047 3746 1117 φυσικὰς

2160 1137 2464 1208 ἐνεργείας,
2512 1136 2612 1207 τὴν
2642 1136 2798 1190 θείαν
2829 1135 3035 1205 δηλαδὴ
3087 1138 3180 1190 καὶ
3218 1138 3320 1207 τὴν
3367 1136 3742 1209 ἀνθρωπίνην,

2160 1228 2262 1301 τὴν
2291 1231 2547 1284 ἄκτιστον
2592 1230 2690 1282 καὶ
2737 1228 2836 1298 τὴν
2859 1233 3110 1299 κτιστήν.
3145 1230 3239 1283 Διὸ
3266 1231 3414 1301 καὶὴ
3453 1231 3590 1301 μετά
3639 1232 3743 1303 τὴν

2158 1323 2426 1392 δευτέραν
2451 1324 2839 1393 είκονομαχίαν
2881 1322 2953 1376 τά
2995 1322 3394 1395 τῆςιαίρέσεως
3435 1325 3741 1380 καθελοῦσα

2163 1417 2364 1487 μερικὴ
2398 1416 2516 1469 θεία
2542 1415 2781 1480 σύνοδος,
2816 1416 2911 1469 καὶ
2937 1415 3119 1484 λόγοις
3154 1418 3249 1470 καὶ
3277 1418 3570 1487 πράγμασι
3606 1435 3747 1487 κρα-

2158 1504 2373 1562 τύνασα
2404 1508 2505 1577 τὴν
2542 1505 2856 1575 δρθοδοξίαν
2876 1546 2891 1573 ,
2935 1504 3112 1570 οὕτως
3163 1505 3254 1559 ἐπ’
3285 1506 3583 1576 ἐκκλησίας
3611 1510 3742 1578 ἐτη-

2161 1602 2294 1663 σίως
2348 1598 2830 1671 ἀνακηρύττεσθαι
2862 1599 2998 1668 πρός
3047 1615 3114 1667 γε
3142 1602 3260 1663 τοῖς
3294 1600 3477 1664 ἄλλοις
3524 1601 3739 1668 καὶτὰς

2157 1693 2257 1762 τῆς
2286 1689 2680 1759 οἱκουμενικῆς
2715 1688 2943 1742 συνόδου
2975 1688 3180 1760 ταύτης
3201 1690 3450 1744 ἐτύπωσε
3482 1692 3733 1763 πράξεις·

483 1792 688 1861 Ἰησοῦν
716 1790 953 1861 Χριστὸν
979 1790 1107 1860 μίαν
1140 1788 1287 1859 ἔχειν
1313 1786 1582 1855 λεγόντων
1616 1787 1929 1857 ἐνέργειαν,
1956 1786 2056 1857 τὴν
2088 1845 2127 1861 __
2160 1783 2287 1846 Τοῖς
2315 1780 2777 1851 ἀποϐαλλομένοις
2806 1782 2906 1846 τὰς
2935 1780 3048 1835 τῶν
3071 1782 3243 1850 ἁγίων
3274 1782 3533 1854 Πατέρων
3554 1785 3734 1855 φωνὰς

467 1845 638 1952 αύτὴν
681 1845 820 1953 όμόῦ
862 1883 959 1951 τῆς
979 1845 1203 1951 σαρκός
1233 1897 1294 1933 τε
1324 1845 1420 1934 καὶ
1466 1881 1566 1949 τῆς
1601 1845 1880 1947 θεότητος,
2087 1845 2128 1904 Β
2155 1878 2254 1940 τάς
2286 1876 2380 1929 ἐπὶ
2407 1845 2668 1929 συστάσει
2697 1874 2808 1927 τῶν
2834 1874 3012 1943 ὀρθῶν
3033 1845 3325 1945 δογμάτων
3348 1845 3447 1948 τῆς
3473 1845 3577 1930 τοῦ.
3595 1845 3730 1949 Θεοῦ

466 1995 527 2031 τε
542 1977 771 2052 πλεῖστα
802 1977 893 2030 καὶ
925 1976 1160 2046 μέγιστα
1180 1973 1462 2042 Πνεύματι
1490 1972 1621 2042 θείῳ
1651 1973 1787 2042 πρὸς
1809 1973 2057 2036 ἐκείνους

467 2071 500 2138 ἡ
529 2068 648 2122 θεία
680 2068 793 2121 τῶν
827 2068 1089 2139 Πατάρων
1120 2062 1351 2132 διεξξασι
1376 2063 1617 2131 σύνοδος,
1648 2065 1742 2118 καὶ
1776 2064 1913 2136 πρὸς
1939 2067 2054 2129 τοῖς

466 2161 649 2225 ἄλλοις
689 2162 941 2215 κάκεῖνα.

539 2253 650 2323 Τὴν
671 2253 937 2323 ἑκατέρας
952 2251 1170 2320 φύσεως
1199 2250 1497 2321 ἑκατέραν,
1519 2249 1880 2321 φησὶν,ῐσμεν
1903 2248 2055 2319 ἐνέρ-

469 2364 647 2414 γειαν,
669 2345 769 2415 τὴν
797 2343 1059 2415 οὐσιώδη,
1105 2344 1198 2399 καὶ
1246 2344 1506 2414 φυσικὴν,
1546 2347 1643 2396 καὶ
1687 2342 2049 2412 κατάλληλον,

466 2440 793 2505 ἀδιαιρέτως
845 2437 1147 2506 προϊοῦσαν
1195 2436 1256 2501 ἐξ
1287 2436 1561 2505 ἑκατέρας
1590 2435 1783 2498 ούσίας
1829 2435 1925 2488 καὶ
1951 2431 2057 2504 φύ-

466 2548 628 2596 σεως,
656 2530 802 2584 κατά
820 2529 920 2597 τὴν
950 2530 1340 2597 ἐμπεφυκυῖαν
1364 2530 1502 2600 αὐτῇ
1533 2528 1773 2599 φυσικὴν
1820 2528 1914 2581 καὶ
1962 2527 2054 2580 ού-

467 2623 639 2688 οιώδη
704 2623 976 2691 ποιότητα
1003 2658 1020 2686 ,
1092 2620 1190 2675 καὶ
1249 2622 1348 2690 τὴν
1415 2622 1713 2693 ἀμέριστον
1768 2619 1906 2690 ὁμοῦ
1956 2621 2050 2673 καὶ

465 2714 770 2785 ἀσύγχυτον
789 2715 1024 2784 θατέρας
1049 2712 1241 2776 οὐσίας
1267 2713 1717 2783 συνεπαγομένην
1739 2713 2045 2782 ἐνέργειαν.

465 2807 637 2861 Τοῦτο
681 2808 790 2877 γὰρ
821 2806 917 2859 καὶ
969 2806 1078 2859 τῶν
1118 2805 1413 2874 ἐνεργειῶν
1463 2804 1559 2858 ἐπὶ
1608 2802 1851 2875 Χριστοῦ
1902 2804 2052 2857 ποιεῖ

464 2899 826 2970 τὸδιάφορον,
877 2896 1070 2969 ῶσπερ
1124 2897 1221 2951 καὶ
1272 2896 1333 2951 τὸ
1384 2892 1525 2950 εῖναι
1575 2896 1673 2960 τάς
1722 2896 1912 2966 φύσεις
1938 2895 2049 2949 τῶν

465 2996 701 3062 φύσεων.
740 2995 851 3050 Καὶ
905 2993 1110 3047 πάλιν·
1147 2993 1286 3046 Κατ’
1320 2991 1452 3046 ἀλλο
1498 2993 1611 3063 γὰρ
1659 2990 1903 3063 δηλονότι
1955 2991 2049 3044 καὶ

434 3087 597 3141 ,ἄλλο
631 3087 938 3156 ἐνήργησεν
968 3087 997 3139 6
1029 3083 1291 3155 Χριστὸς,
1349 3083 1438 3137 ῖνα
1472 3084 1614 3137 κατά
1657 3083 1755 3151 τὴν
1789 3083 2043 3154 θεότητα,

462 3180 499 3235 ἃ
530 3180 674 3232 ποιεῖ
693 3181 721 3232 6
756 3179 969 3248 Πατὴρ,
992 3177 1165 3230 ταῦτα
1195 3177 1290 3230 καὶ
1318 3177 1347 3230 6
1369 3176 1496 3240 Υίδς
1528 3177 1727 3246 ὁμοίως
1762 3177 1909 3247 ποιῇ,
1942 3175 2039 3228 καὶ
2066 3182 2115 3246 α
2143 3174 2372 3247 πράξεις
2429 3173 2924 3246 ἀνακηρυττόντων

463 3272 606 3328 κατά
633 3271 734 3340 τὴν
783 3269 1202 3341 άνθρωπότητα,
1237 3268 1274 3323 ἃ
1304 3270 1412 3323 εἰσι
1457 3268 1551 3322 τοῦ
1586 3265 1878 3338 ἀνθρώπου
1914 3267 2042 3334 ἴδια,

463 3367 493 3419 6
514 3365 673 3427 αὐτὸς
699 3356 853 3424 οὗτος
882 3362 1108 3432 ἐνήργει
1143 3361 1217 3425 ὡς
1250 3360 1536 3430 ἄνθρωπος
1557 3376 1573 3394 ο
1615 3360 1806 3430 ἐπειδὴ
1840 3359 2047 3432 ἀληθής

463 3460 582 3510 ἐστι
609 3455 705 3509 καὶ⁷
724 3453 877 3521 Θεὸς,
916 3454 1006 3506 καὶ
1041 3453 1349 3525 ἄνθρωπος.
1387 3452 1554 3506 Ὅθεν
1585 3452 1685 3506 καὶ
1719 3451 1934 3521 ἀληθῶς
1961 3469 2051 3504 πι-

466 3548 740 3610 στ.ύεται,
793 3548 877 3600 ὅτι
911 3548 939 3598 ὁ
987 3545 1149 3607 αὐτὸς
1203 3539 1359 3608 οὗτος
1390 3540 1471 3608 εἷς
1503 3541 1604 3610 ὢν,
1656 3542 1777 3613 εχει
1810 3543 2047 3614 φυσικὰς

461 3635 867 3709 ἐνεργείας,τὴν
894 3635 1045 3689 θείαν
1074 3634 1278 3704 δηλαδὴ
1300 3636 1397 3688 καὶ
1423 3634 1522 3706 τὴν
1544 3634 1914 3707 ἀνθρωπίνην,
1948 3635 2049 3705 τὴν

465 3731 725 3785 ᾶκτιστον
787 3730 884 3783 καὶ
939 3727 1036 3797 τὴν
1096 3726 1345 3797 κτιστὴν,
1399 3728 1475 3791 ὼς
1524 3727 1774 3800 ἀληθινὸς
1834 3730 1927 3783 καὶ
1956 3727 2049 3781 τέ-

460 3823 605 3883 λειος
633 3820 787 3884 Θεὸς,
846 3816 1100 3884 ἀληθινὸς
1155 3818 1250 3869 καὶ
1302 3815 1507 3880 τέλειος
1538 3816 1852 3887 ἄνθρωπος,
1885 3810 1967 3879 εἷς
2020 3817 2053 3870 6

466 3914 630 3977 αὐτὸς
661 3912 886 3983 μεσίτης
921 3908 1057 3964 Θεοῦ
1089 3910 1186 3964 καὶ
1230 3910 1556 3980 ἀνθρώπων,
1589 3909 1796 3981 Κύριος
1838 3908 2050 3979 Ἰησοῦς

464 4005 722 4078 Χριστός.

549 4097 679 4151 Ἰδοὺ
708 4099 802 4151 καὶ
834 4095 893 4150 τὸ
918 4096 997 4162 ἓν,
1027 4095 1122 4148 καὶ
1149 4093 1210 4147 τδ
1239 4093 1500 4165 διάφορον
1531 4092 1632 4163 τῆς
1656 4093 1813 4157 θείας
1832 4091 2051 4161 φύσεως

467 4192 603 4263 πρὸς
628 4192 731 4261 τὴν
779 4188 930 4244 θείαν
979 4190 1283 4260 ἐνέργειαν,
1320 4188 1417 4242 καὶ
1473 4188 1534 4239 τὸ
1564 4186 1818 4255 φυσικὸν,
1865 4186 1963 4239 καὶ
1993 4184 2054 4237 τὸ

467 4285 798 4352 ἁσύγλυτον,
853 4282 948 4335 καὶ
990 4284 1050 4333 τὸ
1106 4281 1419 4349 ἀδιαίρετον
1470 4280 1588 4348 ἆμα
1618 4277 1805 4347 ἡάγία
1834 4274 2054 4337 σύνοδος

467 4375 605 4447 ὁμοῦ
623 4375 712 4429 διὰ
746 4374 853 4427 τῶν
879 4373 1077 4442 ὀλίγων
1106 4372 1313 4427 τούτων
1345 4372 1613 4443 ῥημάτων
1657 4368 1896 4434 ἐδίδαξεν
1918 4368 2055 4438 ip:-

470 4485 592 4533 στα,
621 4470 716 4521 καὶ
744 4468 826 4520 ὅτι
855 4466 917 4519 τὸ
948 4466 1084 4536 πρὸς
1108 4464 1348 4537 ἀλλήλας
1368 4480 1430 4518 τε
1453 4465 1547 4515 καὶ
1575 4463 1712 4531 πρὸς
1735 4462 1832 4523 τὰς
1861 4461 2055 4530 φύσεις

2166 1968 2500 2037 Ἐκκλησίας
2572 1965 2898 2023 Ἀθανασίου
2926 2008 2943 2034 ,
3007 1968 3302 2036 Κυρίλλου,
3380 1968 3731 2041 Ἀμϐροσίου,

2167 2059 2522 2130 Ἀμφιλοχίου
2573 2058 2669 2113 τοῦ
2700 2059 2968 2131 θεηγόρου
2987 2101 3002 2125 ,
3040 2062 3271 2125 Δέοντος
3299 2061 3394 2116 τοῦ
3425 2063 3731 2131 ἀγιωτάτου

2153 2149 2595 2221 ἁρχιεπισκόπου
2620 2148 2719 2219 τῆς
2753 2147 3138 2220 πρεσϐυτέρας
3178 2149 3418 2221 Ῥώμης,
3450 2150 3533 2204 ἔτι
3555 2166 3617 2203 τε
3640 2150 3735 2204 καὶ

2153 2243 2222 2297 τὰ
2245 2242 2357 2296 τῶν
2388 2239 2790 2310 οίκουμενικῶν
2820 2240 3058 2295 συνόδων
3079 2243 3389 2313 Πρακτικά,
3410 2242 3510 2312 τῆς
3540 2243 3734 2314 τετάρ-

2151 2351 2252 2407 της
2280 2335 2344 2387 τε
2397 2349 2566 2404 φημι,
2612 2331 2834 2401 καὶτῆς
2868 2331 3057 2404 ἕκτης,
3094 2333 3171 2406 μὴ
3203 2335 3729 2405 κατασπαζομένοις,

2152 2426 2426 2497 ἀνάθεμα.

2225 2521 2444 2575 Τούτων
2471 2521 2515 2574 δ’
2546 2521 2720 2586 οὕτως
2742 2522 2998 2593 ἐχόντων,
3021 2522 3116 2591 καὶ
3136 2518 3280 2575 οὕτω
3305 2521 3403 2591 μὲν
3421 2520 3529 2574 τῶν
3552 2520 3734 2593 οξκου-

2154 2616 2393 2686 μενικῶν
2449 2614 2682 2670 συνόδων
2744 2615 3151 2687 συνδεδεμένων
3187 2616 3362 2668 οἱονεὶ·
3396 2615 3493 2669 καὶ
3523 2631 3733 2686 συμπε-

2151 2708 2400 2778 φυκυιῶν
2417 2709 2713 2779 ἀρρήκτως
2738 2708 3017 2779 ἀλλήλαις,
3040 2710 3137 2764 καὶ
3154 2707 3223 2761 τὰ
3252 2707 3393 2761 αὐτὰ
3423 2724 3731 2777 συμπνεού-

2151 2802 2260 2856 σῶν
2294 2803 2518 2866 ἐαυταῖς
2564 2818 2623 2854 τε
2658 2802 2754 2855 καὶ
2790 2800 2869 2873 τῷ
2901 2800 3143 2858 κινοῦντι
3185 2801 3579 2871 παντοδυνάμῳ
3635 2800 3731 2854 τοῦ

2148 2893 2287 2950 Θεοῦ
2339 2894 2646 2964 Πνεύματι,
2702 2894 2797 2947 καὶ
2831 2893 2894 2965 δὴ
2939 2895 3035 2947 καὶ
3065 2894 3176 2948 τῶν
3208 2894 3329 2964 μετ’
3351 2894 3566 2958 ἐκείνας
3596 2896 3732 2963 ὀμο-

2151 2990 2305 3059 φυῶν
2333 3004 2393 3042 τε
2420 2988 2516 3041 καὶ
2568 2985 2834 3057 σύμπνων
2878 2987 3109 3041 τουτωνὶ
3160 2986 3421 3057 Πατέρων
3450 2987 3542 3040 καί⁵
3588 2986 3730 3040 διδαο

2150 3079 2391 3143 σκάλων,
2418 3076 2567 3131 οὕτω
2621 3074 3005 3140 θεοπνεύστως
3049 3094 3111 3130 τε
3142 3077 3240 3131 καὶ
3269 3077 3515 3150 φρικτῶς
3544 3079 3638 3141 τάς
3668 3095 3727 3132 τε

3005 3173 3239 3244 ἐτησίως
3291 3172 3377 3227 ἐπ’
3438 3171 3731 3242 ἐκκλησίας

2148 3265 2395 3330 ἐκείνων,
2431 3264 2531 3320 καὶ
2555 3266 2683 3330 τοὺς
2718 3266 2937 3330 ἐκείνας
2960 3267 3036 3338 μὴ
3065 3264 3577 3335 κατασπαζομένους
3595 3264 3701 3318 ἀπο

2149 3357 2496 3428 ϐαλλομένων
2519 3374 2579 3410 τε
2607 3358 2705 3413 καὶ
2731 3357 2810 3429 τῷ
2838 3358 3149 3428 ἀναθέματι
3183 3358 3726 3421 καθυποϐαλλόντων,

2148 3449 2230 3503 ἐτι
2257 3450 2566 3521 Γρηγορᾶς,
2603 3450 2729 3504 είπέ
2764 3468 2876 3521 μοι,
2910 3450 3007 3505 καὶ
3035 3451 3251 3519 Νίφων,
3280 3451 3379 3506 καὶ
3410 3450 3612 3516 Δεξιδς,
3638 3453 3732 3505 καὶ

2147 3543 2202 3597 εῐ
2231 3561 2313 3609 τις
2345 3546 2533 3614 ἐτερος
2567 3545 2690 3599 κατ’
2726 3545 2995 3609 ἐκείνους,
3035 3545 3127 3599 τὸν
3160 3544 3436 3599 συνοδικὸν
3461 3547 3734 3601 αἰτιάσον-

2146 3652 2237 3690 ται
2271 3637 2462 3705 τόμον,
2517 3636 2552 3707 ἢ
2586 3637 2679 3690 τὸν
2708 3637 2861 3691 δεῖνά
2889 3654 2948 3692 τε
2980 3639 3077 3691 καὶ
3103 3638 3198 3691 τὸν
3236 3640 3411 3705 δεῖνα,
3461 3641 3587 3703 τοὺς
3631 3640 3733 3709 τῆς

2151 3729 2372 3783 συνόδου
2397 3746 2455 3782 τε
2488 3728 2585 3785 καὶ
2614 3730 2712 3800 τῆς
2754 3732 2910 3800 ἱερᾶς
2955 3729 3281 3802 Ἐκκλησίας
3305 3734 3726 3802 προεστηκότας,

2148 3822 2338 3891 ἐπειδὴ
2372 3822 2512 3891 μετὰ
2538 3821 2637 3885 τὰς
2670 3821 2874 3886 πολλὰς
2913 3824 3188 3887 συνόδους,
3238 3826 3334 3878 καὶ
3364 3824 3464 3887 τὰς
3516 3825 3731 3895 μακρὰς

2150 3916 2247 3966 καὶ
2277 3917 2523 3984 συνεχεῖς
2553 3914 2847 3981 διαλέξεις,
2877 3917 2974 3971 καὶ
3004 3917 3129 3980 τοὺς
3156 3917 3387 3984 πολλοὺς
3414 3919 3508 3973 καὶ
3537 3919 3732 3981 καλοὺς

2148 4004 2364 4075 λόγους,
2417 4006 2515 4060 καὶ
2543 4007 2637 4060 τὸν
2679 4007 2893 4078 χρόνον,
2950 4008 3049 4063 καὶ
3093 4009 3193 4080 τὴν
3240 4011 3331 4064 διά
3355 4011 3528 4080 λόγων
3555 4028 3614 4065 τε
3637 4012 3731 4065 καὶ

2151 4098 2501 4168 πραγμάτων
2552 4099 2869 4170 διάπειραν,
2913 4098 3182 4171 Βαρλαάμ
3210 4118 3270 4155 τε
3303 4105 3402 4157 καὶ
3447 4102 3726 4173 ’Δκινδύνῳ

2150 4188 2265 4250 τοῖς
2293 4187 2532 4258 πρώτοις
2564 4194 2953 4259 μυσταγωγοῖς
2984 4191 3170 4246 αὐτῶν
3200 4195 3297 4247 καὶ
3334 4195 3719 4265 αίρεσιάρχσις,

2153 4280 2250 4331 καὶ
2280 4281 2756 4352 συναπεκήρυξαν,
2786 4284 2883 4336 καὶ
2912 4283 2989 4352 τῷ
3018 4285 3325 4353 ἀναθέματι
3355 4286 3726 4340 καθυπέϐαλον

2154 4371 2285 4430 τοὺς
2332 4370 2699 4437 ἀπειθοῦντας
2760 4374 2849 4426 διά
2901 4373 3093 4437 τέλους
3137 4378 3233 4429 καὶ
3268 4376 3634 4444 πολεμοῦντας
3661 4380 3727 4450 τῇ

2157 4460 2279 4514 κατ’
2311 4460 2597 4514 εὐσέϐειαν
2632 4462 2860 4534 ἀληθείᾳ
2892 4466 3007 4528 τοῖς
3057 4464 3227 4528 θείοις
3256 4468 3485 4530 ἐκείνοις
3509 4467 3734 4521 ἀκολου-

466 4561 723 4629 διάφορον
754 4558 864 4613 τῶν
898 4557 1194 4628 ἐνεργειῶν
1244 4556 1342 4610 τοῦ
1390 4554 1653 4624 Χριστοῦ,
1692 4554 1828 4625 ὅπερ
1851 4555 1914 4607 ἐκ
1942 4554 2053 4607 τῶν
2078 4546 2124 4610 C
2157 4552 2379 4617 θοῦντες
2407 4554 2691 4625 11ατράσι;
2721 4557 2833 4610 Καὶ
2884 4557 3000 4621 πῶς
3030 4558 3091 4610 ού
3124 4560 3400 4613 κάνταῦθα
3431 4562 3523 4615 καὶ
3573 4578 3737 4615 συκο-

469 4650 927 4719 ἀποτελεσμάτων
963 4648 1244 4702 δείκνυται
1271 4646 1497 4716 δηλαδὴ,
1522 4644 1681 4698 τοῦτο
1713 4648 1806 4698 καὶ
1836 4644 1930 4697 δύο
1954 4646 2054 4698 τὰς

471 4742 750 4813 ἐνεργείας
774 4740 919 4811 ἔχειν
950 4741 1044 4793 τὸν
1081 4738 1179 4792 ἕνα
1213 4737 1450 4808 Χριστὸν
1479 4737 1779 4800 δείκνυσιν,
1805 4729 1894 4788 οἵα
1920 4734 2055 4788 Θεὸν

469 4834 674 4888 τέλειον
698 4831 793 4886 καὶ
820 4830 1028 4884 τέλειον
1055 4829 1365 4899 ἄνθρωπον,
1417 4826 1630 4897 ὥσπερ,
1664 4826 1822 4897 φησὶ,
1867 4829 1962 4880 καὶ⁵
2020 4827 2057 4898 η

471 4928 706 4995 διαφορά
735 4924 845 4977 τῶν
876 4923 1092 4991 φύσεων
1120 4922 1362 4975 δείκνυσι
1417 4921 1479 4972 τὸ
1509 4919 1604 4973 δύο
1632 4920 1733 4984 τὰς
1777 4918 1870 4972 τοῦ
1914 4919 2053 4989 Χρι-

474 5019 601 5072 στοῦ
625 5019 820 5086 φύσεις
853 5011 1015 5069 εἶναι.
1072 5014 1349 5082 Διαφοράν
1375 5011 1431 5066 δὲ
1460 5011 1663 5080 γνῶναι
1697 5010 1805 5064 τῶν
1837 5013 2055 5081 φύσεων

471 5109 645 5168 ἄλλως
675 5107 777 5157 οὑκ
825 5103 975 5157 ἐστιν
1000 5104 1097 5157 ἐπὶ
1145 5102 1386 5175 Χριστοῦ
1423 5105 1470 5154 εἰ
1504 5102 1580 5173 μὴ
1609 5105 1675 5157 ἐκ
1704 5101 1812 5155 τῶν
1841 5103 2052 5156 ἐκείνου

472 5195 752 5265 φυσικῶν,
782 5195 925 5247 κατά
978 5194 1104 5257 τοὺς
1145 5193 1343 5256 αὐτοὺς
1396 5193 1705 5261 θεολόγουςι
1741 5192 1930 5262 ὥσπερ
1961 5191 2056 5245 καὶ

472 5290 581 5355 γὰρ
606 5286 678 5336 τά
730 5283 1071 5335 ύποστατικά
1129 5284 1617 5352 χαρακτηριστικά
1672 5283 2051 5345 ὑποστάσεως,

472 5378 620 5430 οὕτω
669 5374 765 5429 καὶ
790 5376 859 5428 τὰ
896 5377 1103 5443 φυσικά
1155 5375 1643 5446 χαρακτηριστικὰ
1682 5374 1924 5444 φύσεως,
1951 5375 2051 5441 τῇς

473 5484 532 5519 τε
570 5466 718 5527 θείας
753 5468 850 5519 καὶ
883 5466 983 5536 τῆς
1016 5466 1365 5537 ἀνθρωπείας
1414 5467 1701 5530 ὡσαύτως.
1736 5464 1952 5518 Φυσικά
1994 5464 2053 5516 δέ

474 5574 655 5624 φαμεν
696 5559 762 5610 τὰ
784 5558 1085 5629 θελήματα,
1114 5564 1207 5614 καὶ
1232 5561 1327 5623 τάς
1366 5562 1671 5630 ἐνεργείας,
1702 5562 1751 5613 οἱ
1774 5559 1934 5612 αὐτοὶ
1956 5558 2059 5611 καὶ

473 5646 630 5698 τοῦτό
660 5664 814 5713 φασι.
847 5651 1031 5705 Ταῦτά
1079 5670 1138 5707 τε
1195 5653 1491 5724 τοιγαροῦν
1520 5654 1608 5707 διά
1650 5652 1759 5705 τῶν
1796 5652 2052 5720 προῤῥη-

475 5737 674 5790 θέντων
701 5742 955 5811 ἀῖφαλὼς
991 5746 1417 5818 θεολογήσαντες
1461 5749 1511 5800 οἱ
1544 5748 1645 5816 τῆς
1678 5745 1901 5797 συνόδου
1937 5747 2049 5797 Πα-

473 5828 650 5897 τέρεςν
706 5838 798 5892 καὶ
845 5839 908 5910 δὴ
946 5841 1037 5895 καὶ
1067 5845 1126 5895 τὸ
1155 5842 1410 5898 ἀκτιστον
1450 5839 1587 5909 ὁμοῦ
1615 5840 1712 5907 τῆς
1744 5839 1894 5900 θείας
1925 5854 2052 5890 συν-

2157 4646 2510 4713 φαντοῦντες,
2543 4648 2637 4701 καὶ
2666 4648 2984 4713 ἀδικοῦντες
3013 4651 3165 4720 ἡμᾶς
3205 4650 3443 4715 ἔσονται,
3476 4653 3734 4724 καθάτδή·

2157 4754 2259 4790 που
2289 4739 2392 4790 κάν
2423 4738 2499 4808 τῷ
2557 4738 2657 4807 τῆς
2691 4737 2929 4801 πίστεως
2965 4739 3143 4810 λόγῳς
3198 4741 3332 4794 Οὐδὲ
3373 4742 3484 4811 γὰρ
3525 4744 3651 4812 ὅρον
3677 4742 3733 4808 ἐξ

2155 4829 2366 4881 ἑαυτῶν
2397 4828 2772 4893 ὲκτεθεικότες
2801 4829 3041 4894 πίστεως
3072 4830 3123 4883 οἱ
3157 4831 3258 4901 τῆς
3284 4831 3405 4885 καθ’
3432 4833 3580 4902 ἡμᾶς
3610 4850 3736 4886 συν-

2156 4919 2277 4974 όδου
2307 4921 2567 4990 Πατέρες,
2602 4920 2794 4974 ἔπειτα
2841 4920 2968 4984 τοὺς
3018 4921 3092 4991 μὴ
3133 4923 3488 4992 πειθομένους
3543 4924 3730 4994 ἐκείνῳ

2154 5017 2223 5083 τῇ
2282 5014 2548 5084 καταδίκῃ
2604 5013 2701 5067 καὶ
2744 5015 2865 5078 ταῖς
2929 5014 3261 5086 φρικώδεσιν
3306 5018 3543 5079 ἐκείναις
3575 5021 3732 5087 ἀραῖς

2154 5104 2450 5167 ὑπέϐαλον,
2488 5102 2686 5158 πολλοῦ
2711 5120 2776 5172 γε
2821 5106 2916 5159 καὶ
2943 5105 3059 5159 δεῖ·
3102 5106 3238 5161 ἀλλά
3258 5107 3349 5161 τὸν
3371 5107 3473 5177 τῆς
3503 5109 3732 5172 πίστεως

2154 5195 2282 5267 ὅρον
2311 5194 2755 5265 προτεθεικότες,
2788 5196 2883 5250 καὶ
2935 5197 3064 5260 τοὺς
3115 5202 3330 5262 κοινοὺς
3361 5199 3460 5267 τῆς
3502 5200 3731 5269 Ἐκκλη-

2157 5285 2278 5347 σίας
2342 5285 2599 5349 κανόνας,
2654 5289 2798 5356 φημὶ
2827 5286 2894 5358 δὴ
2929 5287 3028 5351 τὰς
3062 5288 3214 5359 ἱερὰς
3245 5289 3461 5352 ἐκείνας
3488 5291 3596 5345 τῶν
3624 5292 3734 5343 lla-

2152 5378 2329 5447 τέρων
2364 5377 2639 5443 συνόδους,
2664 5381 2790 5441 τοὺς
2817 5379 3177 5444 ἀπειθοῦντας
3197 5381 3439 5445 ἐκείναις
3460 5383 3538 5444 είς
3560 5382 3732 5445 τέλος,

2152 5469 2257 5539 οὐχ
2299 5471 2483 5540 ἡμεῖς,
2520 5469 2633 5523 ἀλλ’
2663 5471 2867 5524 ἐκεῖναι
2907 5473 3130 5540 μᾶλλον,
3164 5473 3416 5544 καθάπερ
3456 5474 3618 5526 παλαι
3640 5474 3734 5526 καὶ

2153 5559 2251 5613 νῦν
2285 5560 2735 5631 ἀποκηρύξασαι,
2776 5560 2854 5629 τῷ
2887 5561 3193 5631 ἀναθέματι
3222 5562 3626 5615 καθυπέ6αλον.
3662 5562 3733 5612 Ἀ

2152 5651 2217 5722 δὴ
2254 5652 2349 5705 καὶ
2382 5655 2415 5723 ἡ
2458 5654 2579 5706 καθ’
2610 5654 2757 5722 ἡμᾶς
2787 5653 2893 5706 τῶν
2927 5654 3187 5723 Πατέρων
3219 5656 3545 5726 συνεξέφηνε
3581 5654 3731 5708 σύνο-

2152 5744 2261 5809 δος,
2295 5745 2488 5813 ἱερέων
2520 5760 2581 5795 τε
2613 5744 2707 5796 καὶ⁵
2730 5744 2977 5811 ἀγγέλων
3006 5745 3143 5797 Θεοῦ
3170 5749 3526 5817 πεποιηκότες
3551 5746 3729 5815 ἔργον,

2154 5837 2248 5888 καὶ
2269 5836 2366 5905 τὴν
2394 5837 2602 5891 οἰκείαν
2634 5838 2997 5907 τετηρηκότες
3026 5836 3181 5902 τάξιν
3228 5856 3283 5891 τε
3323 5839 3412 5892 καὶ
3437 5840 3495 5892 τὸ
3525 5842 3727 5909 σχῆμα,
