4054 6464
431 400 537 461 ίῗῦ

1482 394 1905 455 ιίιΙωΤΠΕι,
1948 396 2055 457 CP.
2104 399 2328 459 I’ATRI
2345 399 2616 459 ARClIz‘E

3568 408 3677 470 876

427 536 542 591 χειν
567 562 580 584 ,
615 522 706 572 καὶ
739 520 973 589 ὑπάρχει
1011 517 1107 587 μὲν
1139 514 1230 568 τοῦ
1264 513 1398 567 Θεοῦ
1434 517 1462 582 ὴ
1497 514 1675 576 οὐσία,
1710 514 2005 585 ἐνυπάρχει
2038 529 2079 581 Α
2110 516 2510 587 φιλάνθρωπον.
2562 519 2744 572 Ταῦτα
2797 520 3167 590 ὁμολογοῦμεν
3216 522 3438 578 εἰδέναι.
3496 524 3556 577 Et
3618 525 3678 577 δὲ

425 612 478 663 δὲ
516 612 546 677 ἠ
588 608 752 676 βουλὴ
777 649 789 671 ,
828 609 967 674 άλλη
998 606 1107 675 ἄρα
1142 606 1174 671 ἡ
1210 604 1365 655 οὐσία
1400 602 1491 654 τοῦ
1527 601 1661 654 Θεοῦ
1684 642 1697 665 ,
1736 605 1828 653 καὶ
1865 602 1999 670 ἄλλη

427 702 457 768 ἡ
492 700 678 767 βουλή.
718 700 821 750 Καὶ
854 696 1007 759 αὖθις
1033 714 1046 729 ο
1082 696 1155 747 Τὸ
1191 693 1473 764 βούλεσθαι
1506 693 1538 762 ἢ
1573 694 1729 744 οὐσία
1762 692 1932 757 ἐστὶν,
1968 693 1998 757 ἢ

426 794 688 861 πρόσεστι
730 794 794 859 τῇ
839 790 1016 860 οὐσίᾳ.
1061 787 1200 839 Ἀλλ’
1228 787 1276 838 εἰ
1324 785 1421 854 μὲν
1462 785 1618 836 οὐσία
1666 786 1849 849 ἐστὶν,
1893 786 1996 837 οὐκ

423 886 569 935 ἔστιν
591 886 616 934 6
643 880 998 950 βουλόμενος·
1016 879 1065 931 εί
1092 876 1149 929 δὲ
1176 876 1437 947 πρόσεστι
1461 877 1526 948 τῇ
1553 874 1731 946 οὐσίᾳ,
1751 875 1808 941 ἐξ
1835 875 2002 942 ἀνάγ-

427 993 526 1042 κης
573 973 702 1027 ἄλλο
730 975 823 1025 καὶ
853 972 982 1025 ἄλλο
1007 970 1176 1023 ἐστίν.
1225 968 1336 1021 Οὐκ
1366 966 1483 1019 ἐστι
1514 967 1631 1037 γὰρ’
1651 968 1708 1019 τὸ
1736 965 1795 1019 ὃν
1823 968 1914 1019 καὶ
1940 967 2000 1019 τὸ

424 1067 628 1137 προσὸν
656 1066 874 1119 ταυτόν.
905 1064 1014 1117 Καὶ
1041 1062 1206 1115 πάλιν
1231 1075 1244 1091 ⁶
1278 1061 1341 1113 Εἰ
1370 1059 1541 1112 πολλὰ
1572 1060 1668 1128 μὲν
1693 1059 1944 1129 βούλεται
1973 1061 2001 1112 6

420 1161 574 1222 Θεὸς,
607 1158 779 1212 πολλὰ
808 1159 865 1211 δὲ
896 1158 993 1209 οὐκ
1027 1156 1163 1219 ἐστι,
1195 1155 1295 1206 οὐκ
1328 1154 1436 1222 ἄρα
1469 1151 1668 1205 ταυτὸν
1694 1152 1847 1223 παρὰ
1877 1150 1998 1221 Θεῷ

421 1256 481 1307 τὸ
514 1250 655 1307 εἶναι
691 1252 785 1304 καὶ
817 1252 876 1303 τὸ
915 1249 1222 1320 βούλεσθαι.
1259 1247 1369 1300 Καὶ
1398 1244 1627 1297 τοιαῦτα
1668 1244 1768 1313 μὲν
1797 1247 1823 1296 6
1857 1243 2000 1297 διδά-

425 1346 645 1406 σκαλος.
673 1346 795 1396 Ὅτι
826 1342 882 1394 δὲ
926 1343 986 1393 τὸ
1015 1338 1300 1409 βούλεσθαι
1353 1339 1444 1390 καὶ
1476 1338 1508 1407 ἡ
1541 1336 1702 1407 βουλὴ
1752 1337 2000 1406 ἐνέργεια

422 1438 518 1488 καὶ
535 1436 743 1503 κίνησίς
759 1436 874 1485 ἐστι
891 1432 1120 1501 φυσικὴ,
1137 1432 1244 1483 κὰκ
1262 1428 1471 1482 πολλῶν
1491 1429 1587 1496 μὲν
1602 1428 1806 1496 ἐτέρων
1817 1427 1998 1496 δῆλονο

421 1526 734 1579 δείκνυσιδέ
758 1524 888 1578 αὐτὸ
916 1523 1074 1576 τοῦτο
1104 1523 1197 1575 καὶ
1224 1523 1249 1574 6
1269 1518 1885 1587 θεσπέσιοςίωάννης,ό
1904 1516 2002 1569 Σύ-

421 1639 511 1689 ρος
532 1638 602 1689 φη
614 1620 697 1688 μὶ,
720 1620 776 1670 ἐν
797 1618 939 1688 ἕκτῳ
958 1617 1051 1670 καὶ
1070 1615 1374 1685 τριακοστῷ
1394 1611 1673 1682 κεφαλαίῳ
1690 1611 1797 1665 τῶν
1814 1610 2001 1664 Θεολο-

420 1710 611 1778 γικῶν,
632 1710 659 1763 ὃ
680 1711 744 1779 δὴ
767 1712 861 1762 καὶ
876 1711 902 1761 6
918 1708 1026 1761 τῶν
1045 1708 1300 1777 Πατέρων
1323 1707 1533 1773 φθάσας
1555 1704 1792 1774 ἐδήλωσε
1812 1701 1997 1772 τόμοςσ

492 1802 759 1872 Κύριλ).ος
781 1801 837 1855 δὲ
860 1802 887 1853 6
911 1801 1073 1866 σοφὸς
1102 1799 1222 1852 κατ’
1244 1799 1487 1852 ἐπίνοιαν
1510 1798 1600 1849 ἐπὶ
1623 1796 1759 1861 Θεοῦ
1783 1812 1916 1865 φησι
1938 1792 2001 1846 τὸ

2102 607 2230 661 ἄλλο
2253 626 2300 661 τι
2328 608 2544 676 λέγουσι
2579 611 2677 679 τὴν
2707 613 2914 677 οὐσίαν,
2981 614 3056 682 μὴ
3115 613 3676 687 παραλογιζέσθωσαν

2103 698 2248 768 ἡμᾶς
2287 701 2375 754 διὰ
2406 705 2506 771 τῆς
2557 704 2883 772 ἁπλότητος.
2938 706 3101 758 Αὐτοὶ
3140 707 3261 776 γὰρ
3319 706 3678 777 ὡμολόγησαν

2108 791 2239 844 ἄλλο
2268 795 2362 845 καὶ
2386 795 2514 847 ἄλλο
2550 791 2810 864 εἶναιτὴν
2844 814 2903 849 τε
2936 797 3145 863 οὐσίαν,
3177 798 3272 852 καὶ
3303 798 3410 853 τῶν
3434 798 3677 869 ἀπηριθο

2112 888 2370 955 μημένων
2435 886 2684 951 ἕκαστον,
2719 888 2836 940 ἀλλ’
2876 891 2931 941 αἱ
2967 889 3064 956 μὲν
3098 892 3374 957 ἐνέργειαι
3406 890 3674 952 ποικίλαι,

2105 978 2138 1046 ἡ
2186 978 2242 1031 δὲ
2268 979 2426 1031 οὐσία
2490 981 2660 1050 ἁπλῆ.
2699 981 2898 1051 Ἡμεῖς
2953 982 3012 1036 δέ
3068 985 3130 1036 ἐκ
3198 982 3297 1053 μὲν
3352 983 3461 1034 τῶν
3520 984 3674 1050 ἐνερ-

2101 1068 2266 1135 γειῶν
2296 1070 2589 1137 γινώσκειν
2617 1070 2850 1142 λέγομεν
2874 1075 2964 1126 τὸν
2988 1072 3120 1125 Θεὸν
3149 1074 3329 1142 ἡμῶν,
3362 1074 3427 1143 τῇ
3476 1071 3531 1124 δὲ
3583 1072 3675 1123 οὐ-

2103 1159 2195 1229 σίᾳ
2223 1161 2386 1214 αὐτοῦ
2420 1165 2804 1233 προσεγγίζειν
2826 1166 2925 1235 οὐχ
2955 1165 3388 1234 ὑπισχνούμεθα.
3444 1164 3510 1217 Αἱ
3569 1165 3670 1233 μὲν

2102 1252 2375 1319 ἐνέργειαι
2413 1255 2580 1309 αὐτοῦ
2619 1257 2754 1325 πρὸς
2804 1259 2954 1327 ἡμᾶς
3020 1256 3466 1323 καταϐαίνουσιν,
3522 1258 3557 1325 ἠ
3614 1257 3671 1308 δὲ

2101 1341 2256 1394 οὐσία
2281 1342 2446 1395 αὐτοῦ
2477 1344 2630 1412 μένει
2662 1346 2977 1414 ἀπρόσιτος.
3008 1346 3120 1401 Καὶ
3151 1346 3305 1410 αὐθις
3328 1362 3348 1375 ι·
3382 1345 3551 1415 Εἴπερ
3592 1347 3673 1407 εἰς

2100 1433 2199 1502 τὴν
2239 1418 2433 1487 οὐσίαν
2465 1433 2684 1490 ἅπαντα
2714 1440 2973 1507 φέροντες
3002 1441 3071 1491 τά
3107 1437 3226 1491 θεῖα
3283 1437 3526 1509 ὀνόματα
3567 1454 3671 1492 κα-

2102 1525 2433 1595 ταθήσομεν,
2463 1528 2583 1598 οὐχὶ
2609 1528 2770 1598 μόνον
2800 1528 3080 1595 σύνθετον,
3113 1527 3254 1583 ἀλλὰ
3312 1532 3405 1584 καὶ
3433 1529 3491 1595 ἐξ
3540 1530 3666 1582 ἀνο-

2104 1633 2298 1686 μοιομε
2306 1618 2417 1687 ρῶν
2444 1620 2803 1690 συγκείμενον
2828 1622 2921 1673 τὸν
2946 1621 3078 1675 Θεὺν
3100 1621 3477 1692 ἀποδείξομεν,
3498 1621 3586 1675 δεὰ
3608 1621 3666 1673 τὸ

2099 1707 2228 1760 ἄλλο
2246 1710 2338 1760 καὶ
2356 1708 2485 1762 ἄλλο
2500 1709 2590 1779 ὑφ’
2603 1710 2835 1766 ἑκάστου
2853 1712 2961 1764 τῶν
2980 1713 3261 1781 ὀνομάτων
3283 1712 3660 1784 σημαίνεσθαι.

2100 1799 2212 1852 Καὶ
2243 1799 2406 1853 πάλιν
2432 1816 2447 1831 υ
2491 1800 2654 1855 Ἀλλο
2685 1802 2785 1872 μέν
2815 1803 2848 1873 ἡ
2876 1803 3058 1868 οὐσία,
3093 1799 3160 1875 ἧς
3189 1802 3339 1858 οὐπω
3373 1804 3528 1873 λόγος
3558 1822 3664 1873 μη-

421 1895 787 1964 συμϐεϐηκός.
816 1894 890 1947 Οὐ
914 1894 1023 1962 γάρ
1046 1893 1202 1944 οὐσία
1228 1891 1285 1943 τδ
1310 1891 1628 1959 ἀγέννητον,
1654 1888 1686 1959 ἢ
1710 1890 1770 1941 τὸ
1792 1887 1994 1957 ἄφθαρ-
2022 1913 2066 1969 Β
2096 1891 2257 1961 νυτής
2288 1891 2573 1963 ἐξευρέθη,
2606 1894 2768 1964 ἑτέρα
2796 1895 2853 1949 δὲ
2882 1893 2993 1948 τῶν
3024 1896 3156 1964 περὶ
3183 1896 3354 1967 αὐτὴν
3382 1898 3661 1966 ὀνομάτων

416 1988 595 2058 τον,’ἦ
626 1990 686 2041 τὸ
716 1987 1062 2057 άθανάτον,ἢ
1096 1986 1155 2036 τὸ
1201 1986 1452 2054 ἀόρατον.
1486 1983 1546 2035 Et
1599 1981 1706 2052 γάρ
1751 1979 1985 2033 ἕκαστον

415 2082 617 2134 τούτων
641 2080 828 2133 οὐσίαν
865 2078 1142 2147 σημαίνει,
1178 2076 1240 2128 ἐκ
1267 2074 1539 2127 τοσούτων
1599 2075 1798 2127 οὐσιῶν
1850 2073 1982 2140 σύγ-

418 2172 797 2234 κειταιόΘεὸς
827 2172 1034 2237 ὅσαπερ
1070 2168 1137 2222 ἂν
1194 2167 1345 2236 αὐτῷ
1404 2166 1650 2232 φυσικῶς
1710 2165 1984 2236 προσόντα

413 2266 695 2334 φαίνηται.
727 2263 987 2317 Εἰτοίνυν
1006 2263 1104 2331 οὐχ
1130 2261 1230 2313 ὅσα
1255 2262 1537 2328 προσεῖναι
1568 2258 1790 2326 λέγεται
1836 2255 1982 2309 κατὰ

411 2359 573 2428 φύσιν
596 2357 672 2426 τῷ
701 2355 844 2426 Θεῷ,
874 2354 1050 2408 ταῦτα
1068 2354 1244 2407 πάντα
1268 2352 1423 2403 ἐσται
1451 2349 1600 2418 αὐτῷ
1646 2349 1744 2402 καὶ
1802 2349 1981 2411 οὐσία,

411 2451 656 2502 λείπεται
683 2448 864 2515 λέγειν
885 2446 1024 2514 αὐτῇ
1054 2447 1119 2515 τῇ
1144 2444 1304 2515 οὐσία
1328 2443 1760 2514 συμϐεϐηκέναι,
1816 2441 1981 2512 μέχρι

416 2544 582 2613 μόνης
619 2540 801 2611 φωνῆς
822 2537 966 2593 οὕτω
996 2525 1265 2607 νοούμενα
1284 2553 1298 2569 '
1323 2538 1423 2590 οὐκ
1455 2534 1567 2607 ἐχει
1589 2536 1698 2606 γὰρ
1716 2538 1748 2605 ἡ
1769 2535 1976 2607 ἀνθρώ-

416 2651 520 2687 που
556 2632 719 2701 φύσις
765 2630 949 2705 μεῖζόν
980 2646 1033 2681 τι
1074 2629 1184 2682 τῶν
1215 2627 1339 2681 καθ’
1408 2626 1606 2697 ἑαυτὴν
1660 2627 1842 2695 λέγειν
1887 2628 1983 2680 ἐπὶ

413 2726 571 2777 θεοῦ.
603 2726 641 2774 Δ
666 2724 693 2774 6
724 2722 788 2790 δὴ
815 2723 924 2782 τοῖς
975 2719 1123 2782 ἰδίοις
1180 2718 1367 2789 ήθεσιν
1424 2718 1508 2769 ἐπ’
1543 2717 1705 2770 αὐτοῦ
1784 2717 1979 2788 κεχρή-

420 2818 582 2887 μεθα,
607 2819 672 2867 τὰ
706 2813 824 2866 καθ’
859 2814 1087 2875 ἐαυτούς
1139 2811 1406 2880 μειζόνων
1439 2808 1818 2878 ὑποδείγματα
1856 2826 1977 2863 ποι-

408 2910 653 2978 ούμενοι,
682 2906 871 2976 ὥσπερ
902 2906 951 2958 οί
985 2906 1043 2955 ἐν
1105 2902 1289 2974 μικρῷ
1337 2901 1525 2956 πίνακι
1568 2902 1819 2973 οὐράνιον
1878 2921 1980 2957 κα-

408 3001 780 3067 ταγράφοντες
803 2997 1024 3049 κύκλον.

485 3092 545 3143 Εἰ
577 3091 630 3142 δὲ
670 3090 843 3143 ταῦτα
866 3090 1053 3142 τοῦτον
1076 3090 1190 3159 ἔχει
1247 3092 1339 3145 τὸν
1376 3092 1599 3158 τρόπον,
1656 3088 1750 3141 καὶ
1800 3084 1977 3148 οὐδεὶς

405 3185 625 3253 ἀντερεῖ
647 3200 776 3235 ποτε
799 3183 979 3250 λόγος,
1008 3182 1297 3251 πρόδηλον,
1329 3182 1403 3244 ὡς
1434 3184 1466 3251 ἡ
1501 3180 1599 3251 μὲν
1662 3177 1975 3246 Ἐκκλησία,

2094 1982 2127 2050 ὴ
2169 1983 2413 2049 σημασία
2434 2022 2448 2046 ,
2486 1983 2543 2050 ἐξ
2578 1985 2862 2055 ἐνεργείας
2892 1986 3036 2049 τινὸς
3068 1986 3100 2056 ἢ
3136 1987 3293 2052 ἀξίας
3325 1988 3661 2057 ὀνομαζομέ-

2096 2072 2300 2125 νων.Ὀ
2328 2073 2386 2126 δὲ
2411 2075 2507 2145 τῆς
2537 2075 2814 2144 θεολογίας
2844 2078 3154 2147 ἐπώνυμος,
3184 2080 3482 2151 Γρηγόριος
3510 2083 3537 2132 ό
3568 2082 3662 2151 μὲ-

2094 2178 2196 2229 γας
2222 2180 2295 2232 φη
2307 2167 2388 2234 μὶ,
2411 2165 2474 2218 Ἢ
2500 2167 2593 2219 καὶ
2614 2167 2676 2221 τὸ
2698 2168 2985 2236 ἀθάνατον,
3012 2173 3145 2241 φησὶ
3167 2172 3303 2242 πρὸς
3326 2173 3383 2225 Ἀ
3394 2174 3606 2244 ρειανοὺ
3623 2193 3660 2236 τ,

2096 2255 2188 2305 καὶ
2218 2256 2278 2307 τὸ
2304 2256 2533 2322 ἄκακον,
2564 2261 2659 2311 καὶ
2684 2263 2745 2312 τὸ
2773 2262 3136 2315 ἀναλλοίωτον
3161 2264 3319 2316 οὐσία
3347 2265 3481 2317 Θεοῦ
3500 2280 3513 2294 ο
3546 2264 3660 2317 ἀλλ’

2090 2347 2140 2398 εί
2170 2346 2349 2411 τοῦτο,
2386 2347 2580 2401 πολλαὶ
2610 2348 2791 2404 οὐσίαι
2820 2352 2978 2417 Θεοῦ,
3015 2353 3109 2404 καὶ
3138 2353 3199 2406 οὐ
3260 2354 3360 2422 μία
3395 2371 3408 2384 ·
3438 2353 3472 2423 ἢ
3531 2354 3657 2405 σύν-

2098 2436 2250 2492 θετον
2281 2442 2343 2492 ἐκ
2377 2440 2582 2495 τούτων
2608 2441 2667 2494 τὸ
2690 2442 2862 2498 Θείον.
2892 2446 2967 2496 Οὐ
2996 2445 3102 2516 γάρ
3136 2445 3443 2511 άσυνθὲτως
3471 2446 3657 2511 ταῦτα,
3677 2440 3689 2449 ’

2093 2530 2254 2600 εῐπερ
2291 2532 2495 2586 οὐσίαι.
2529 2533 2641 2586 Καὶ
2673 2533 2837 2589 πάλιν
2874 2552 2890 2569 ·
2922 2536 2995 2588 Οὐ
3033 2537 3142 2608 γὰρ
3175 2537 3239 2608 δὴ
3295 2538 3452 2593 τοῦτο
3499 2539 3657 2608 φύσις

2094 2622 2246 2691 αὐτῷ
2282 2624 2315 2693 ἡ
2341 2623 2605 2695 ἁπλότης,
2640 2627 2800 2694 εἷπερ
2833 2628 2967 2698 μηδὲ
3000 2631 3112 2693 τοῖς
3134 2631 3415 2694 συνθέτοις
3439 2631 3499 2685 τὸ
3524 2628 3658 2685 εἶναι

2095 2714 2258 2783 μόνον
2285 2715 2582 2779 συνθέτοις.
2609 2718 2719 2769 Καὶ
2737 2714 2896 2783 αὖθις
2916 2736 2934 2751 ·
2970 2720 3132 2774 ’Λλλο
3159 2722 3363 2790 γεννῶν
3392 2722 3488 2777 καὶ
3540 2723 3659 2791 γέν-

2092 2821 2270 2875 νησις,
2306 2807 2476 2859 θέλων
2498 2809 2591 2861 καὶ
2625 2809 2860 2879 θέλησις,
2889 2811 3063 2878 λέγων
3097 2816 3191 2867 καί
3250 2815 3427 2882 λόγος,
3487 2817 3536 2867 εἰ
3582 2814 3659 2886 μὴ

2098 2896 2373 2965 μεθύομεν
2400 2915 2413 2929 ο
2453 2899 2521 2952 τὰ
2551 2901 2651 2970 μὲν
2673 2901 2700 2953 ὁ
2729 2902 3071 2971 κινούμενος,
3104 2904 3172 2959 τὰ
3193 2905 3247 2959 δέ
3276 2900 3388 2960 οἷον
3418 2907 3452 2977 ἠ
3502 2907 3655 2971 κίνη-

2093 3005 2197 3052 σις.
2226 2990 2290 3042 Τί
2322 2991 2378 3045 δὲ
2410 2992 2498 3045 καὶ
2529 2994 2557 3046 6
2585 2994 2807 3063 Νύσσης
2844 2994 2987 3059 θεῖος
3022 2996 3324 3067 Γρηγόριος
3370 3000 3541 3073 πρὸς*
3565 2999 3655 3051 τόν
3686 2998 3691 3001 ’

2089 3080 2251 3160 αὐτόν
2286 3099 2419 3151 φησι
2472 3085 2701 3154 γράφων
2762 3087 3023 3157 Εὐνόμιον
3058 3105 3073 3153 ;
3130 3089 3413 3160 Καθάπερ,
3449 3089 3651 3155 τοίνυν,

2090 3158 2245 3241 φησὶ,
2280 3174 2492 3244 κριτὴν,
2528 3176 2560 3246 ἢ
2608 3178 2965 3248 μακρόθυμον
3000 3180 3153 3250 παρὰ
3184 3180 3278 3234 τοῦ
3314 3158 3478 3235 Δάσιδ
3513 3177 3654 3236 εἶναι

402 3278 466 3329 τὸ
491 3276 751 3344 διάφορον
786 3274 879 3326 καὶ
904 3273 1075 3325 εἰδυῖα
1130 3272 1229 3343 τῆς
1287 3272 1383 3325 τοῦ
1437 3272 1573 3325 Θεοῦ
1635 3270 1822 3330 οὐσίας
1885 3267 1979 3320 καὶ
2006 3254 2050 3316 C
2084 3264 2173 3315 τὸν
2205 3263 2338 3316 Θεὸν
2367 3266 2708 3336 διδαχθέντες
2729 3309 2744 3334 ,
2776 3269 2836 3321 οὐ
2870 3270 2969 3339 τὴν
2998 3270 3152 3325 θείαν
3181 3272 3406 3336 οὐσίαν,
3441 3273 3575 3339 ἀλλὰ
3600 3274 3654 3326 τί

405 3367 711 3439 ἐνεργείας,
742 3368 837 3419 καὶ
859 3365 1203 3435 κηρύττουσα
1237 3365 1415 3428 καλῶς
1466 3381 1523 3417 τε
1557 3363 1654 3418 καὶ
1709 3361 1975 3426 εὐσεϐῶς,

409 3464 548 3529 μετὰ
570 3461 679 3513 τῶν
710 3458 970 3530 μαθητῶν
992 3457 1192 3527 ’ἐστηκε
1216 3458 1324 3510 τῶν
1350 3456 1448 3510 τοῦ
1475 3454 1738 3527 Χριστοῦ,
1758 3455 1855 3508 καὶ
1884 3455 1978 3507 αὐ-

403 3554 497 3607 τοῦ
529 3553 584 3605 δέ
622 3570 768 3622 φημι
801 3552 992 3604 τούτου
1018 3550 1111 3604 τοῦ
1150 3551 1312 3620 μόνου
1333 3548 1650 3617 καθηγητοῦ
1680 3548 1884 3617 ταύτης
1916 3564 1975 3599 τε

404 3648 671 3699 κάκείνων
696 3661 710 3675 ·
750 3646 798 3697 οί
832 3645 876 3697 δ’
904 3646 1087 3697 ἐκεῖνα
1116 3643 1300 3707 κακῶς
1331 3642 1533 3704 εἰδότες
1584 3642 1680 3693 καὶ
1726 3639 1976 3708 λέγοντες

405 3737 818 3806 βλασφημοῦσιν
852 3739 1113 3806 ἄντικρυς
1147 3739 1228 3798 είς
1251 3734 1490 3806 Χριστὸν
1514 3772 1530 3797 ,
1587 3733 1862 3803 Ἰουλιανῷ
1917 3749 1976 3786 τε

403 3831 778 3901 καὶἚλλησιν
829 3830 1058 3890 ἐαυτούς
1114 3827 1477 3893 συντάξαντες
1524 3826 1782 3881 κάκιστα.
1814 3826 1977 3878 Βασί-

404 3928 546 3987 λειος
576 3927 674 3994 μὲν
702 3924 794 3978 οὖν
824 3927 851 3974 ό
882 3923 1058 3994 μέγας
1088 3924 1227 3992 πρὸς
1282 3922 1546 3992 Εὐνόμιον
1615 3922 1706 3974 τὸν
1762 3922 1973 3990 Ἀρείου

402 4017 647 4085 διάδοχον
668 4016 920 4084 γράφων,
963 4015 1280 4083 Δυνάμεως,
1318 4014 1474 4081 φησὶ,
1504 4013 1599 4063 καὶ
1641 4009 1833 4079 σοφίας
1879 4010 1976 4062 καὶ

402 4109 619 4178 τέχνης,
644 4109 765 4177 οὐχὶ
797 4108 853 4161 δὲ
880 4107 980 4176 τῆς
1003 4108 1193 4169 οὐσίας
1246 4107 1440 4174 αὐτῆς,
1498 4106 1805 4159 ἐνδεικτικά
1855 4105 1972 4157 ἐστι

403 4206 471 4254 τα
508 4201 815 4269 ποιήματα,
851 4199 948 4251 καὶ
994 4198 1113 4251 οὐδέ
1146 4197 1317 4274 αὐτὴν
1348 4198 1531 4249 πᾶσαν
1573 4194 1666 4250 τοῦ
1717 4197 1975 4265 δημιουρ-

403 4292 503 4359 γοῦ
532 4289 631 4357 τὴν
664 4290 895 4356 δύναμιν
926 4289 1234 4356 ἀναγκαίως
1269 4288 1625 4357 παρίστησιν.
1662 4287 1978 4357 Ἐνδεχόμε-

400 4385 491 4434 νόν
521 4397 654 4432 ποτε
685 4380 776 4433 τὶν
806 4381 1056 4447 τεχνίτην
1106 4379 1179 4448 μὴ
1210 4380 1392 4430 πᾶσαν
1444 4377 1640 4430 ἑαυτοῦ
1674 4377 1772 4448 τὴν
1821 4377 1975 4446 ίσχύν

404 4468 765 4524 ἐναποθέσθαι
793 4471 907 4529 ταῖς
937 4468 1261 4537 ἐνεργείαις,
1288 4466 1402 4517 ἀλλ’
1426 4466 1745 4534 ὑφειμένοις
1778 4463 1976 4517 πολλά-

404 4578 492 4623 κις
523 4561 616 4611 ἐπὶ
666 4561 773 4613 τῶν
802 4559 979 4629 ἔργων
1012 4559 1108 4626 τῆς
1152 4559 1350 4627 τέχνης
1381 4560 1490 4619 τοῖς
1538 4557 1713 4618 τόνοις
1764 4561 1975 4625 χρήσα-

405 4654 553 4707 σθαι.
588 4653 649 4704 Εἰ
681 4652 849 4704 δὲκαὶ
878 4651 1007 4719 ὅλην
1042 4652 1139 4720 τὴν
1171 4650 1403 4719 δύναμιν
1437 4651 1528 4700 ἐπὶ
1576 4651 1636 4700 τὸ
1659 4649 1818 4718 ἔργον
1846 4649 1975 4700 ἅνα-

406 4748 667 4816 κινὴσειε,
694 4748 788 4797 καὶ
816 4744 988 4807 οὕτως
1019 4743 1084 4796 ἂν
1112 4743 1349 4812 ὑπάρχοι
1380 4744 1478 4812 τὴν
1505 4743 1661 4810 ἰσχὺν
1700 4742 1868 4795 αὐτοῦ
1885 4742 1972 4796 διὰ

399 4835 509 4886 τῶν
540 4834 717 4902 ἔργων
770 4830 1215 4902 ἁναμετρεῖσθαι,
1246 4831 1369 4900 οὐχὶ
1400 4833 1454 4883 δὲ
1485 4830 1580 4901 τὴν
1611 4833 1816 4897 οὐσίαν,
1851 4833 1972 4902 ἥτις

400 4927 531 4979 ποτέ
584 4927 703 4977 ἐστι
750 4923 1297 4987 καταλαμϐάνεσθαι.
1342 4922 1484 4992 Πρὸς
1537 4922 1578 4974 δ’
1621 4922 1970 4993 Ἀμφιλόχιον

399 5022 490 5071 τὸν
523 5018 671 5087 ἱερὸν
703 5015 1037 5067 ἐπιστέλλων
1085 5009 1264 5078 αὖθις,
1303 5013 1606 5078 Τοσούτων,
1653 5016 1809 5082 φησὶ,
1861 5015 1969 5066 τῶν

400 5109 879 5180 ἀπηριθμημένων
913 5107 1101 5171 ὄντων,
1139 5108 1270 5175 περὶ
1299 5107 1389 5158 τὸν
1420 5106 1550 5158 Θεὸν
1581 5107 1840 5176 δηλονότι,
1877 5109 1970 5160 πό-

400 5220 560 5272 τερον
593 5201 764 5256 ταῦτα
827 5200 954 5269 μιᾶς
994 5199 1182 5261 οὐσίας
1239 5200 1497 5266 ὀνόματα,
1532 5202 1623 5253 καὶ
1655 5200 1969 5270 ίσοδυναμεῖ

399 5296 650 5364 ἀλλήλοις
676 5291 736 5343 :6
762 5291 995 5361 φοϐερὸν
1018 5290 1206 5356 αὐτοῦ,
1233 5292 1325 5344 καὶ
1353 5293 1413 5344 τὸ
1442 5293 1845 5363 φλάνθρωπον,
1874 5297 1967 5350 καὶ

396 5388 456 5437 τὸ
475 5387 706 5445 δίκαιον,
727 5384 818 5435 καὶ
836 5382 896 5432 το
915 5382 1326 5451 δημιουργικὸν,
1348 5387 1405 5436 τὸ
1427 5383 1855 5455 προγνωστΐκον,
1876 5390 1967 5439 καὶ

397 5481 457 5529 τὸ
476 5481 538 5529 ἀν
558 5476 918 5545 .αποδοτικὸν,
937 5482 993 5533 τὸ
1016 5480 1323 5547 μεγαλεῖον,
1347 5482 1515 5534 καὶτὸ
1534 5487 1913 5555 προνοητικὸν,
1934 5485 1964 5553 ἢ

397 5569 535 5636 ὅπερ
572 5568 635 5619 ἂν
670 5573 876 5622 τούτων
912 5573 1177 5643 εἴπωμεν,
1216 5575 1274 5627 ού
1301 5576 1397 5645 τὴν
1433 5578 1621 5629 οὐσίαν
1654 5576 1964 5647 δηλο·ἷιμεν;

404 5657 576 5720 Εἴπερ
615 5659 721 5726 γάρ
748 5660 905 5713 τοῦτο
933 5663 1171 5733 λέγουσι,
1204 5667 1278 5737 μὴ
1318 5669 1703 5740 ἐρωτάτωσαν,
1763 5670 1811 5719 εἰ
1866 5667 1966 5736 τὴν

396 5744 588 5794 οςσίκν
653 5750 875 5820 οἴδαμεν
936 5756 1029 5808 τοῦ
1088 5758 1244 5820 Θεοῦ,
1295 5760 1432 5813 ἀλλά
1506 5760 1968 5813 πυνθανέσθωσαν

402 5835 581 5901 ἡμων»
620 5838 666 5887 εἴ
694 5846 918 5914 εξοῦερὶν
948 5852 1167 5918 6151;15:-
1236 5853 1324 5904 τὶν
1370 5853 1524 5916 Θεὸν,
1562 5853 1593 5919 ἢ
1651 5853 1881 5911 δίκαιον,
1934 5852 1964 5919 ἢ

2083 3355 2189 3425 χρὴ
2223 3358 2353 3425 περὶ
2383 3357 2444 3409 τὸ
2475 3358 2839 3429 ὑποκείμενον
2872 3363 3016 3415 νοεῖν
3047 3362 3429 3433 ἐδιδάχθημεν,
3485 3365 3546 3417 τὸ
3594 3364 3652 3418 δὲ

2090 3449 2213 3500 κατ’
2243 3448 2433 3503 οὐσίαν
2462 3449 2490 3503 ὃ
2510 3452 2670 3529 τιπέρ
2697 3453 2863 3518 ἐστιν,
2896 3454 3049 3506 οὐδὲν
3080 3450 3243 3525 ἦττον
3275 3457 3333 3507 ἐν
3357 3455 3536 3527 ἀδήλῳ
3560 3456 3654 3525 μὲ-

2082 3559 2198 3607 νει,
2230 3542 2374 3596 οὓτω
2404 3544 2498 3595 καὶ
2530 3544 2628 3613 τῆς
2659 3545 2822 3612 ἁγίας
2855 3546 3081 3616 Γραφῆς
3101 3585 3116 3611 ,
3144 3548 3212 3600 τά
3241 3549 3340 3612 μὲν
3365 3547 3524 3602 λοιπά
3547 3549 3653 3602 τῶν

2080 3633 2240 3686 θείων
2303 3634 2584 3702 ὀνομάτων
2646 3634 2789 3689 κατὰ
2857 3636 2951 3688 τοῦ
3005 3636 3160 3698 δντος
3219 3639 3686 3709 κατηγορούσῃ,-

2079 3728 2211 3781 αὐτὸ
2240 3725 2296 3778 δὲ
2322 3725 2383 3778 τὸ
2411 3724 2470 3779 ὃν
2499 3728 2949 3796 ἀκατονόμαστον
2994 3729 3074 3799 τῷ
3104 3729 3334 3784 Μωῦσεί
3392 3731 3652 3801 παραδει-

2082 3818 2307 3888 κνύσης.
2351 3818 2410 3871 '0
2436 3820 2617 3873 τοίνυν
2652 3819 2746 3873 τοῦ
2779 3820 2929 3884 ὄντος
2973 3823 3331 3876 ὲκκαλύπτων
3373 3822 3471 3892 τὴν
3494 3822 3650 3892 φύσιν

2081 3911 2157 3980 μὴ
2190 3914 2256 3965 τά
2281 3912 2412 3980 περὶ
2443 3911 2504 3964 τὸ
2519 3910 2579 3966 6v
2610 3909 2874 3979 διεξιέτω,
2898 3912 3018 3968 ἀλλ’
3080 3914 3250 3985 αὐτὴν
3306 3917 3438 3987 ἡμῖν
3495 3932 3649 3985 φανε-

2079 4001 2257 4068 ρούτω
2292 4003 2360 4055 δι’
2391 3995 2466 4057 ὧν
2497 4002 2646 4072 λέγει
2679 4004 2778 4075 τὴν
2814 4004 3000 4072 φύσιν.
3038 4007 3155 4061 Πᾶν
3187 4008 3297 4076 γάρ
3331 4010 3359 4061 ὃ
3391 4025 3552 4080 τιπερ
3582 4010 3646 4063 ἂν

2078 4096 2249 4158 εἴποις
2278 4095 2472 4165 ὄνομα,
2508 4098 2639 4165 περὶ
2663 4095 2724 4149 τὸ
2780 4095 2839 4149 δν
2886 4098 3057 4163 ἐστιν,
3105 4101 3208 4154 οὐκ
3257 4102 3433 4154 ἐκεῖνό
3484 4103 3643 4164 ἐστιν,

2079 4187 2308 4254 ἀγαθὸς,
2343 4190 2664 4258 ἁγέννητος,
2693 4189 2974 4261 ἄφθαρτος
2998 4206 3013 4221 °
3040 4192 3177 4246 ἀλλὰ
3197 4194 3258 4246 τὸ
3312 4193 3459 4249 ἐστιν
3518 4195 3639 4247 ἐκά-

2081 4293 2212 4329 στου
2261 4278 2471 4331 τούτων
2513 4282 2612 4333 οὐκ
2653 4281 3033 4336 ἀπολείπεται.
3083 4284 3288 4338 Τούτου
3330 4286 3512 4341 τοίνυν
3555 4285 3643 4339 τοῦ

2078 4365 2225 4425 ὄντος
2276 4367 2503 4434 ἀγαθοῦ,
2553 4372 2648 4423 καὶ
2691 4370 2844 4434 ὄντος
2886 4374 3205 4442 άγεννήτου,
3244 4374 3377 4429 καθό
3410 4377 3527 4429 ἐστι
3556 4377 3643 4429 τὸν

2079 4455 2236 4523 λόγον
2264 4475 2347 4520 τις
2381 4459 2687 4514 ἀποδώσειν
2733 4465 3232 4534 ἐπαγγειλάμενος,
3302 4468 3531 4538 μάταιος
3580 4469 3644 4522 ἂν

2080 4549 2189 4620 εἴη,
2224 4551 2290 4603 τὰ
2322 4551 2421 4620 μὲν
2455 4552 2907 4624 ἑπιθεωρούμενα
2935 4556 3129 4625 λέγων,
3192 4559 3365 4628 αὐτὴν
3394 4561 3450 4612 δὲ
3516 4576 3641 4612 σιω-

2082 4642 2203 4694 πῶν
2228 4644 2324 4713 τὴν
2351 4644 2538 4697 οὐσίαν
2572 4644 2639 4715 ἢν
2661 4645 2989 4715 ἑρμηνεύειν
3005 4646 3082 4718 τῷ
3098 4647 3239 4718 λόγῳ
3263 4649 3641 4718 κατεπαγγέλ-

2080 4734 2253 4790 λεται.
2281 4737 2353 4790 T6
2381 4738 2490 4806 γάρ
2517 4739 2829 4809 ἀγεννήτως
2860 4735 3001 4792 εἷναι
3031 4739 3089 4792 ἓν
3114 4741 3222 4794 τῶν
3249 4743 3644 4812 ἐπιθεωρουμέ-

2080 4846 2185 4881 νων
2218 4831 2334 4882 ἐστὶ
2361 4832 2435 4901 τῷ
2465 4830 2599 4885 ὄντι.
2636 4830 2829 4894 Ἀλλος
2878 4831 2934 4884 δὲ
2963 4832 3083 4898 ,τοῦ
3144 4829 3305 4898 εἶναι,
3355 4836 3449 4887 καὶ
3488 4814 3643 4897 άλλος

2077 4922 2174 4975 τοῦ
2210 4923 2328 4987 πῶς
2361 4921 2545 4978 εἷναιό
2574 4925 2750 4992 λόγος,
2777 4924 2806 4977 ὃ
2840 4925 3004 4995 μέχρι
3036 4926 3130 4978 τοῦ
3170 4926 3265 4981 νῦν
3308 4928 3545 4998 ἄρῤητόν
3582 4945 3639 4979 τε

2079 5019 2172 5069 καὶ
2202 5021 2608 5087 άνερμήνευτον
2642 5020 2706 5071 ἐκ
2731 5018 2836 5072 τῶν
2860 5022 3167 5090 εἰρημένων
3202 5022 3339 5075 ἐστί.
3371 5024 3481 5077 Καὶ
3538 5024 3643 5078 πά·-

2076 5108 2158 5162 λιν
2218 5110 2352 5180 πρὸς
2410 5111 2759 5165 τὸνάὐτόν·
2839 5112 2905 5165 Ἦ
2955 5115 3218 5186 κυριότης
3282 5117 3401 5185 οὐχὶ
3456 5118 3640 5180 οὐσίας

2075 5202 2267 5272 ὄνομα,
2308 5202 2422 5256 ἀλλ’
2458 5202 2705 5269 ἐξουσίας
2735 5206 2874 5273 ἐστὶ,
2911 5208 3003 5260 καὶ
3027 5209 3059 5279 ἡ
3087 5210 3178 5261 τοῦ
3204 5209 3436 5277 Χριστοῦ
3470 5225 3636 5278 προσ-

2074 5295 2270 5365 ηγορία
2319 5297 2417 5365 τὴν
2464 5297 2742 5366 βασιλείαν
2791 5299 3145 5354 ἐνδείκνυται.
3186 5301 3374 5366 Ἄλλος
3427 5301 3485 5356 δὲ
3542 5301 3638 5372 τῆς

2078 5387 2372 5454 βασιλείας,
2409 5389 2500 5441 καὶ
2527 5389 2713 5459 ἕτερος
2738 5393 2764 5444 ὁ
2800 5392 2900 5461 τῆς
2944 5394 3159 5460 (ῥύσεως
3212 5392 3390 5462 λόγος.

2147 5479 2412 5545 Κύριλλος
2438 5481 2494 5532 δὲ
2518 5484 2543 5532 ὀ
2583 5484 2776 5550 μέγας,
2806 5484 2914 5536 τῶν
2946 5485 3071 5554 περί⁵
3110 5485 3208 5556 τὴν
3269 5487 3421 5538 θείαν
3477 5504 3635 5556 φυσιν

2075 5570 2355 5639 ὀνομάτων
2387 5588 2445 5623 τε
2479 5575 2569 5623 καὶ
2602 5575 2907 5641 ἰδιωμάτων
2941 5577 3034 5627 καὶ
3087 5577 3377 5645 ἐνεργειῶν
3431 5580 3635 5631 τούτων

2078 5663 2338 5731 μνησθεὶς
2396 5666 2453 5714 ἐν
2504 5666 2615 5724 τοῖς
2664 5665 2988 5737 Θησαυροῖς,
3040 5667 3180 5720 οὕτω
3237 5670 3441 5738 φησίν·
3474 5668 3634 5723 Οὐδὲν

2076 5756 2369 5826 ἐπίκτητον
2403 5757 2508 5810 τῶν
2540 5757 2700 5811 θείων
2741 5759 3068 5828 ἰδιωμάτων.
3143 5759 3238 5814 Ἐκ
3294 5762 3478 5832 μέντοι
3530 5761 3633 5813 τῶν

2077 5851 2557 5919 ἀποτελεσμάτων,
2590 5850 2789 5921 δηλαδὴ
2835 5854 2941 5906 τίὲν
2968 5856 3312 5925 κτισμάτων,
3355 5854 3492 5909 κατὰ
3538 5854 3633 5916 τὰς
