4054 6460
470 388 577 451 8'9

1525 379 1620 439 ΡΠ
1638 382 1650 438 ι
1668 372 1952 440 LOTIIEI
1986 376 2094 436 (ΣΡ.
2119 374 2621 437 ΡᾹΤΗΙΑΒΟΠΕ

3602 380 3699 445 880

467 501 753 572 διαφοράς.
792 497 1119 566 Διαφέρουσι
1150 493 1312 547 πάλιν
1354 493 1628 562 ἀλλήλων,
1654 492 1793 562 ὁτιή
1828 491 1928 560 μὲν
1957 490 2047 542 οὑ·
2076 500 2115 547 Α
2144 489 2280 544 όδων
2334 492 2433 552 τὰς
2482 489 2867 558 οἰκουμενικάς
2891 506 2905 519 ·
2943 488 3053 558 ἐγὼ
3102 489 3157 542 δὲ
3203 489 3304 543 οὑκ
3355 490 3569 562 ὀκνήσω
3613 497 3702 547 κὰ-

469 595 561 650 σία
595 594 920 663 ὑπέρκειται
962 590 1038 649 ὡς
1072 585 1256 648 οὑσία,
1291 585 1380 638 καὶ
1434 584 1553 638 καθ’
1598 582 1797 650 ἑαυτὴν
1827 577 1979 645 οὖσα,
2008 582 2042 649 ή

466 688 522 741 δὲ
554 684 803 755 ἐνέργειά
837 685 956 736 ἐστι
989 676 1310 747 κατωτέρω,
1337 677 1414 738 ὡς
1439 676 1515 746 μὴ
1547 674 1669 729 καθ’
1694 676 1893 742 ἑαυτὴν
1916 672 2047 755 ὑφεέ-

470 754 678 839 στῶσα,
720 771 836 826 ἀλλ’
881 768 1083 822 ὡσανεὶ
1137 766 1361 831 ποιότης
1413 762 1446 833 ἢ
1508 758 1853 829 συμϐεϐηκὸς
1907 754 2047 809 κατὰ

464 869 592 927 τοὺς
631 863 917 931 θεολόγους
951 859 1226 927 Πατέρας,
1259 855 1461 926 μᾶλλον
1498 854 1546 907 δ’
1576 854 1753 904 εἰπεῖν
1785 849 2046 902 03:11-61:-

469 973 577 1026 ρον,
600 956 675 1018 ὡς
701 954 900 1021 ἰδίωμα
929 947 1177 1018 φυσικὸν,
1202 948 1259 998 ἐν
1286 948 1351 1015 τῇ
1375 944 1538 1012 φύσει
1565 941 1625 993 16
1655 936 1795 993 εἶναι
1819 938 2042 1008 ἔχουσα.

469 1049 592 1101 Ἔτι
621 1046 875 1116 διαφέρει
900 1045 933 1112 ή
969 1042 1088 1095 θεία
1123 1036 1281 1091 οὐσία
1328 1036 1426 1106 τῆς
1456 1035 1605 1095 θείας
1639 1032 1919 1101 ἐνεργείας
1964 1028 2043 1097 τῷ

464 1137 561 1207 τὴν
588 1137 688 1205 μὲν
719 1130 857 1188 εἶναι
883 1134 1033 1203 μίαν,
1065 1133 1163 1195 τὰς
1197 1132 1241 1185 δ’
1270 1126 1550 1198 ἐνεργείας
1588 1121 1812 1184 πολλάς.
1838 1121 1904 1172 Al
1933 1118 2043 1189 γὰρ

463 1230 734 1298 ἐνέργειαι
758 1225 853 1279 τοῦ
877 1225 1213 1293 Πνεύματος,
1242 1220 1384 1274 κατὰ
1417 1218 1507 1272 τὸν
1538 1217 1713 1286 μέγαν
1742 1211 2042 1275 Βασίλειον,

392 1346 399 1349 -
463 1320 698 1390 ἄρρητοι
733 1316 834 1385 μὲν
867 1316 956 1369 διὰ
998 1315 1059 1367 τὸ
1105 1313 1358 1384 μέγεθος,
1389 1306 1817 1378 ἀνεξαρίθμητοι
1852 1303 1910 1356 δέ
1953 1302 2045 1356 διὰ

468 1415 530 1466 16
563 1410 792 1479 πλῆθος.
826 1409 901 1462 T6
937 1408 980 1460 δ’
1027 1406 1159 1459 αὐτὸ
1194 1405 1287 1459 καὶ
1318 1407 1345 1457 6
1386 1402 1526 1465 θεῖός
1583 1416 1718 1469 φησι
1773 1396 2040 1465 Μάξιμος,

465 1504 559 1558 καὶ
587 1500 863 1563 Διονύσιος
890 1500 998 1568 πρδ
1035 1498 1244 1552 τούτων
1278 1497 1306 1548 6
1342 1495 1536 1563 μέγας.
1586 1492 1706 1544 Ἔτι
1731 1488 1984 1556 διαφέρει
2009 1487 2043 1555 ή

468 1596 584 1648 θεία
634 1595 793 1647 οὑσία
830 1591 932 1661 τῆς
967 1590 1140 1659 αὐτῆς
1180 1587 1487 1658 ἐνεργείας,
1540 1585 1622 1638 ὅτι
1663 1585 1696 1654 ή
1754 1582 1854 1652 μέν
1884 1580 2041 1650 ἐνέρ-

467 1687 594 1755 γειά
636 1689 757 1739 ἐστι
789 1686 849 1738 16
892 1681 1325 1754 χαρακτηρίζον,
1358 1680 1454 1733 καὶ
1488 1675 1733 1731 δεικνύον
1778 1673 1880 1743 τὴν
1909 1668 2045 1723 ταύ-

465 1794 561 1844 της
593 1777 806 1836 οὐσίαν,
831 1776 865 1843 ἡ
897 1773 1051 1827 ούσία.
1097 1772 1141 1830 δ’
1190 1771 1327 1839 αὑτὴ
1356 1769 1415 1821 16
1450 1766 1553 1819 ὑπὸ
1603 1767 1696 1834 τῆς
1741 1762 2045 1833 ἐνεργείας,

2150 586 2303 635 κείνα
2351 580 2674 648 προσθεῖναι
2705 581 2794 633 διὰ
2844 579 2951 632 τῶν
3002 580 3130 651 ἑξῆς
3180 581 3376 650 λόγων,
3424 585 3517 636 καὶ
3543 584 3707 649 δεῖξαι
3787 585 3813 606 ³

2149 671 2494 740 πλατύτερον
2520 673 2583 725 τό
2620 689 2681 723 τε
2727 672 2872 724 θεῖον
2922 670 3024 738 τῆς
3078 670 3227 735 θείας
3276 674 3572 740 ἐνεργείας,
3618 676 3703 745 καὶ

2146 764 2426 829 ἄκτιστον,
2456 764 2551 815 καὶ
2593 763 2654 814 16
2683 763 2943 832 διάφορον
2982 763 3077 815 καὶ
3105 762 3408 833 θεοπρεπὲς
3433 764 3531 833 τῆς
3567 764 3705 828 θείας

2150 856 2448 927 μεθέξεως,
2472 857 2565 909 καὶ
2593 857 2689 924 τὴν
2718 855 2827 909 τῶν
2867 855 3249 924 ἐκθεουμένων
3282 857 3532 927 ἀρρήτως
3560 857 3702 925 ἱερὰν

2147 950 2243 1003 καὶ
2277 950 2597 1020 ἀπόρρητον
2651 947 2873 1009 θέωσιν,
2918 946 3108 1017 ἐπειδὴ
3152 949 3248 1000 καὶ
3296 950 3324 1000 6
3367 949 3467 1016 τῆς
3500 949 3705 1002 συνόδου

2147 1040 2345 1103 σεπτός
2377 1041 2541 1109 τόμος
2569 1040 2708 1110 πρὸς
2757 1038 2897 1092 αὐτὰ
2940 1038 3149 1108 βλέπει.
3186 1038 3410 1102 Τούτοις
3439 1041 3564 1103 τοὺς
3592 1042 3704 1093 ἑαυ-

2144 1133 2239 1187 τοῦ
2276 1132 2470 1201 λόγους
2515 1130 2706 1202 ὥσπερ
2750 1133 2831 1194 είς
2877 1132 3113 1203 οὑρανδν
3150 1131 3391 1197 τοξεύων
3426 1134 3707 1199 ἀντεπεξά-

2146 1240 2263 1288 γειν
2292 1223 2592 1295 ἐτόλμησεν
2624 1225 2652 1276 6
2681 1222 3000 1291 φιλόσοφος,
3041 1222 3135 1275 καὶ¹
3175 1222 3391 1286 τούτοις
3420 1223 3597 1286 αὐτοῖς
3622 1224 3708 1277 καὶ

2146 1315 2309 1383 ήμεῖς
2354 1313 2754 1384 συνηγορήσειν
2785 1313 3019 1367 καθόσον
3052 1307 3165 1366 οἷόν
3190 1329 3250 1367 τε
3277 1313 3365 1368 διὰ
3393 1314 3503 1367 τῶν
3531 1332 3708 1385 πατριο

2103 1458 2108 1462 .
2146 1407 2258 1460 κῶν
2291 1402 2447 1470 αὖθις
2477 1405 2654 1474 λόγων
2688 1407 2896 1460 ἄνωθεν
2935 1407 3312 1477 ὑπεσχόμεθα.
3339 1406 3455 1461 Νῦν
3477 1408 3531 1461 δὲ
3553 1409 3706 1476 ἀναγ-

2146 1499 2301 1557 καῖον
2332 1498 2428 1549 καὶ
2463 1497 2589 1561 τοὺς
2624 1498 2727 1567 τῆς
2760 1498 3009 1562 ἐνὼσεως
3057 1500 3297 1570 τρόπους
3333 1501 3432 1570 τῆς
3471 1518 3528 1554 τε
3569 1503 3707 1564 θείας

2146 1589 2337 1651 οὐσίας
2377 1589 2475 1641 καί
2504 1589 2604 1657 τῆς
2639 1589 2811 1659 αὐτῆς
2845 1590 3129 1659 ἐνεργείας
3169 1590 3238 1643 δι’
3259 1591 3457 1660 ὀλίγων
3488 1592 3705 1646 ἐνταῦθα

2146 1681 2488 1751 προσθεῖναι,
2541 1682 2636 1735 καὶ
2675 1680 2848 1746 δεῖξαι
2897 1685 2957 1734 τό
2998 1698 3059 1735 τε
3107 1682 3370 1753 διάφορον
3419 1685 3512 1738 καὶ
3567 1684 3623 1737 16
3656 1685 3707 1737 ἓν

2144 1772 2343 1841 ἐπίσης
2384 1774 2616 1844 προσὸν,
2669 1775 2760 1828 καὶ
2821 1774 3112 1843 μηδοτιοῦν
3162 1773 3412 1845 ἀλλήλοις
3441 1777 3498 1829 ἐν
3532 1776 3707 1847 μηδενὶ

465 1838 866 1931 οὖσιιῖἔδουέ
920 1866 1016 1918 καὶ
1060 1863 1298 1932 φυσικῆς
1348 1856 1699 1927 δεικνύμενόν
1730 1871 1789 1907 τε
1822 1853 1915 1906 καὶ
1944 1868 2042 1920 κα·
2070 1838 2117 1898 Β
2145 1838 2543 1935 λυμαινόμενα,
2574 1838 2714 1930 ὅπερ
2747 1866 2775 1919 6
2959 1865 3221 1921 ἀντιθέων
3249 1838 3342 1920 ἀεὶ
3382 1838 3602 1922 σπεύδεί
3623 1870 3705 1922 λό-

466 1957 958 2029 ρακτηριζόμενον.
1005 1953 1138 2007 ’Δπδ
1186 1953 1285 2021 τῆς
1340 1949 1618 2017 ἐνεργείας
1658 1945 1911 2014 καὶγὰρ,
1942 1958 2043 2013 φη-

466 2051 600 2103 σὶνὸ
635 2050 797 2117 σοφδς
832 2046 1107 2115 Μάξιμος,
1149 2047 1181 2116 ή
1230 2030 1461 2097 ἑκάστου
1496 2041 1659 2108 φύσις
1699 2034 2041 2109 χαρακτηρί-

464 2144 634 2208 ζεται,
671 2144 770 2211 τῆς
800 2141 900 2211 μέν
934 2140 1193 2193 άκτίστου
1226 2135 1510 2205 ἐνεργείας
1543 2134 1797 2188 άκτιστον
1828 2129 2043 2184 δεικνύ-

465 2250 564 2303 σης
596 2231 780 2302 φύσιν,
818 2230 1043 2299 κτιστὴν
1067 2229 1119 2282 δὲ
1156 2228 1255 2297 τῆς
1284 2226 1535 2294 κτιστῆς.
1576 2225 1699 2277 Ἔτι
1736 2224 2040 2294 διαφέρειῆ

464 2324 584 2377 θεία
618 2325 775 2376 οὐσία
803 2321 903 2390 τῆς
951 2320 1101 2382 θείας
1145 2318 1428 2386 ἐνεργείας
1469 2316 1613 2369 κατὰ
1647 2315 1709 2368 τὸ
1745 2315 2037 2386 ὑπάρχειν,

465 2416 560 2468 καὶ
600 2416 951 2483 ἐνυπάρχειν,
1003 2415 1097 2466 καὶ
1150 2407 1291 2464 εἶναι
1313 2451 1330 2478 ,
1358 2411 1452 2463 καὶ
1489 2410 1799 2479 προσεῖναι.
1829 2407 1910 2460 Τὰ
1943 2407 2042 2476 μέν

464 2505 574 2574 γάρ
604 2507 752 2560 ἐστιν
787 2506 821 2573 ή
848 2503 969 2564 θεία
1004 2502 1162 2555 οὐσία
1184 2501 1304 2554 καθ’
1336 2500 1539 2570 ἑαυτὴν
1566 2498 1857 2568 ὑφεστῶσα
1878 2511 1891 2526 ·
1919 2498 2042 2549 ἐνυ-

467 2599 673 2671 πάρχει
721 2597 778 2651 δέ
826 2604 918 2649 και
958 2595 1251 2666 πρόσεστιν
1302 2594 1336 2664 ή
1386 2593 1658 2662 ἐνέργεια.
1697 2589 1770 2642 T6
1819 2588 1875 2643 δέ
1913 2587 2043 2641 ἄλλο

466 2690 564 2745 καὶ
597 2689 747 2757 ἄλλο,
794 2689 938 2743 καθὰ
968 2688 1033 2758 δὴ
1060 2688 1154 2741 καὶ
1187 2688 1214 2739 6
1250 2685 1425 2756 μέγας
1458 2684 1747 2744 Ἰουστῖνος
1776 2681 1877 2751 ήδη
1908 2681 2045 2749 φθά-

469 2799 565 2845 σας
601 2780 858 2846 ἐδίδαξεν,
893 2779 1023 2835 ἄλλο
1078 2778 1256 2847 λέγων
1280 2773 1418 2830 εἶναι
1451 2778 1513 2828 τὸ
1562 2775 1830 2847 ὑπάρχειν
1859 2774 1950 2827 καὶ
1983 2772 2044 2826 τὸ

466 2873 544 2940 ὃν,
588 2873 682 2925 καὶ
736 2870 866 2925 ἄλλο
898 2871 959 2924 16
1000 2870 1338 2941 ἐνυπάρχειν
1394 2868 1489 2920 καὶ
1537 2866 1599 2919 τὸ
1656 2865 1883 2935 προσόν.
1921 2865 2042 2918 Ἐτι

466 2966 818 3035 διαφέρουσιν
849 2963 1103 3034 ἀλλήλων
1137 2961 1256 3015 θεία
1294 2959 1453 3015 οὑσία
1485 2958 1583 3013 καὶ
1610 2957 1730 3011 θεία
1762 2956 2040 3028 ἐνέργεια,

468 3057 566 3110 καὶ
599 3058 680 3109 ὅτι
712 3055 946 3125 διάφορα
974 3055 1044 3108 τά
1068 3052 1249 3107 αὑτῶν
1276 3051 1438 3123 ἔργα,
1470 3051 1566 3104 καὶ
1597 3049 1659 3102 ού
1692 3049 1760 3102 τὰ
1794 3049 1957 3104 αὑτά.
1977 3048 2043 3100 Ὃ

2146 1973 2263 2025 γος,
2283 1958 2362 2025 τῷ
2392 1958 2800 2028 διακεκριμένῳ
2826 1958 2923 2025 τῆς
2946 1957 3232 2024 θεολογίας
3252 1958 3444 2028 ὥσπερ
3470 1960 3706 2027 ἐπιστρα-

2143 2050 2319 2102 τεύων
2349 2049 2411 2101 16
2448 2050 2755 2120 ἡνωμένον,
2784 2050 2881 2102 καὶ
2911 2049 2978 2102 δι’
3005 2050 3251 2121 ἀλλήλων
3302 2051 3545 2121 συγχέων
3592 2050 3707 2104 ἑκά-

2143 2155 2296 2211 τερα.
2330 2138 2487 2193 Οὕτω
2527 2141 2626 2210 μὲν
2659 2137 2753 2194 οὖν
2803 2141 2947 2193 κατὰ
2988 2143 3117 2202 τοὺς
3166 2143 3488 2211 εἰρημένους
3531 2142 3704 2209 λόγους

2143 2232 2496 2304 διαφέρουσιν
2522 2232 2771 2303 ἀλλήλων
2806 2234 2836 2302 ἡ
2880 2230 2975 2284 τοῦ
3005 2231 3144 2285 Θεοῦ
3181 2232 3359 2297 οὐσία,
3404 2234 3497 2291 καὶ
3530 2234 3561 2302 ή
3590 2230 3706 2284 ταύ-

2144 2341 2243 2395 της
2295 2324 2572 2394 ἐνέργεια,
2617 2323 2742 2378 καθ’
2775 2322 2868 2382 οὒς
2916 2323 2980 2395 δὴ
3023 2324 3117 2377 καὶ
3148 2326 3304 2393 παρὰ
3338 2324 3596 2393 θεολόγων
3624 2323 3705 2377 καὶ

2144 2416 2273 2469 ἄλλο
2322 2418 2417 2469 καὶ
2461 2414 2592 2471 άλλο
2635 2415 2887 2485 εἴρηνται
2916 2430 2928 2445 ⁶
2973 2415 3056 2468 ὅτι
3105 2414 3163 2467 δέ
3208 2415 3304 2468 καὶ
3350 2415 3470 2468 καθ’
3502 2415 3704 2484 ἐτέρους

2144 2507 2383 2577 ἦνωνται
2417 2507 2633 2576 λόγους,
2677 2508 2769 2561 καὶ
2810 2507 2901 2561 διὰ
2927 2514 3175 2573 τούτους,
3206 2508 3305 2560 καὶ
3333 2507 3392 2562 ἐν
3424 2523 3535 2568 πως
3574 2506 3703 2559 ἐστιν

2144 2593 2205 2653 οὗ
2234 2598 2512 2667 λέγονται,
2541 2599 2731 2668 γνοίης
2761 2599 2827 2653 ἂν
2853 2592 2976 2652 ὧδε.

2220 2690 2316 2749 Ἐν
2370 2692 2507 2745 εἰσιν
2541 2691 2802 2762 ἀλλήλαις
2849 2691 2996 2744 κατὰ
3039 2688 3102 2742 16
3144 2687 3430 2755 ᾶκτιστον,
3472 2689 3605 2742 κατά
3649 2685 3704 2739 16

2145 2780 2586 2851 ἀπερίγραπτον,
2627 2780 2771 2833 καθὰ
2814 2780 2991 2848 δήπου
3050 2780 3146 2833 καὶ
3186 2780 3588 2843 ’Δναστάσιοςό
3619 2777 3707 2848 p.6-

2146 2891 2249 2942 γας
2273 2873 2376 2944 ήδη
2403 2873 2618 2943 φθάσας
2643 2871 2907 2938 ἐδίδαξεν,
2934 2874 3105 2926 Ἔνθα
3125 2871 3245 2941 ἃνή
3273 2873 3525 2944 ἐνέργεια
3556 2873 3702 2941 φανῇ,

2146 2965 2343 3033 λέγων,
2375 2966 2764 3035 συνθεωρεῖται
2800 2963 2973 3035 ταύτῃ
3004 2966 3102 3016 καὶ
3133 2963 3167 3033 ή
3193 2963 3380 3030 οὑσία,
3404 2963 3463 3029 ἐξ
3486 2960 3553 3037 ἧς
3590 2979 3706 3033 προ-

2148 3058 2371 3128 έρχεται
2393 3072 2409 3090 ο
2445 3057 2711 3127 ἑκάτερον
2738 3056 2847 3125 γὰρ
2871 3055 3317 3126 ἀπερίγραπτον,
3345 3055 3439 3110 καὶ
3460 3057 3545 3110 διὰ
3564 3055 3707 3108 τοῦτο

468 3148 535 3218 δὴ
584 3149 680 3200 καὶ
728 3150 756 3201 6
799 3146 1065 3217 θεοφόρος
1104 3144 1471 3214 Δαμασκηνὸς
1501 3141 1607 3196 διάι
1633 3140 1731 3194 τοῦ
1767 3140 2044 3194 συνοδικοῦ
2072 3181 2116 3239 c
2149 3148 2433 3211 παντελῶς
2467 3147 2714 3214 ἀλλήλοιν
2740 3147 2881 3200 εἰσιν
2911 3146 3218 3218 ἀχώριστά.
3244 3148 3362 3201 Kal
3390 3147 3542 3210 αὖθις
3568 3147 3595 3199 6
3620 3147 3704 3200 αὑο

472 3242 641 3310 τόμου
672 3239 780 3310 πρὸ
815 3240 1042 3310 βραχέος
1070 3235 1333 3302 ἐδίδαξεν.
1365 3236 1570 3306 Ἔργον
1611 3234 1711 3305 μὲν
1740 3233 2045 3304 γάμφησὶ,

474 3332 624 3395 θεξας
654 3331 867 3401 φύσεως
898 3333 930 3399 ἠ
966 3328 1293 3401 προαιὼνιος
1322 3327 1419 3381 καὶ
1460 3327 1629 3391 ἀΐδιος
1656 3327 1934 3397 γέννησις,
1961 3326 2049 3394 ἐρ-

468 3444 566 3495 γον
604 3426 661 3479 δὲ
707 3424 857 3487 θείας
888 3422 1158 3492 θελήσεως
1194 3422 1227 3491 ἠ
1265 3419 1464 3483 κτίσις.

543 3518 666 3573 Ἔτι
717 3517 1070 3587 διαφέρουσιν
1124 3513 1371 3583 ἀλλήλων
1423 3513 1583 3568 οὐσία
1623 3511 1745 3566 θεία
1795 3516 1887 3566 καὶ
1926 3511 2048 3563 θεία

468 3613 723 3684 ἐνέργεια
753 3611 846 3663 καὶ
864 3608 1009 3662 κατὰ
1036 3609 1094 3662 16
1119 3608 1250 3663 ἄλλο
1275 3608 1370 3662 καὶ
1398 3606 1529 3661 ἄλλο
1553 3600 1697 3660 εἶναι
1722 3608 1783 3657 16
1804 3605 2048 3658 δεικνύον

468 3707 564 3758 καὶ
595 3703 865 3773 γνωρίζον
913 3699 1123 3771 ταύτην
1167 3700 1456 3770 κάκείνην.
1505 3697 1758 3751 Δείκνυσι
1798 3697 1898 3767 μὲν
1940 3697 2049 3766 γὰρ

467 3798 842 3850 λανθάνουσαν
872 3794 973 3865 τὴν
1004 3793 1196 3848 οὐσίαν
1225 3792 1369 3846 κατὰ
1403 3791 1530 3854 τοὺς
1561 3790 1849 3859 θεολόγους
1874 3789 2050 3842 Πατέ-

473 3904 572 3959 ρας
611 3888 645 3958 ή
689 3888 1017 3956 ἁδιαιρέτως
1066 3881 1303 3937 συνοῦσα
1340 3882 1548 3950 ταύτης
1588 3880 1876 3950 ἐνέργεια·
1914 3878 2050 3931 ταύ-

468 3998 571 4045 την
604 3979 662 4032 δέ
691 3978 789 4049 τὴν
831 3977 983 4030 θείαν
1011 3975 1302 4046 ἐνέργειαν
1352 3973 1420 4026 δι’
1465 3970 1679 4025 ἑαυτῶν
1710 3969 1950 4023 δεικνύει
1982 3970 2050 4022 τὰ

470 4071 770 4140 κτίσματα.
824 4070 905 4122 Τὰ
935 4069 1043 4139 γὰρ
1074 4068 1283 4135 ἀόρατα
1325 4064 1491 4118 αὑτοῦ
1530 4065 1640 4117 ἀπὸ
1679 4063 1910 4125 κτίσεως
1962 4062 2052 4115 κό-

474 4179 614 4233 σμου
644 4163 755 4224 τοῖς
782 4161 1056 4230 ποιήμασι
1086 4158 1355 4226 νοούμενα
1376 4156 1705 4224 καθορᾶται,
1723 4154 1758 4224 ἦ
1782 4170 1843 4206 τε
1875 4154 2049 4217 ἀΐδιος

469 4252 638 4307 αὑτοῦ
685 4252 915 4322 δύναμις
983 4251 1079 4304 καὶ
1142 4250 1382 4317 θειότης,
1425 4247 1588 4319 φησιν
1628 4248 1656 4298 6
1702 4244 2048 4308 Ἀπόστολος.

470 4347 563 4398 Διὸ
595 4345 691 4396 καὶ
718 4345 744 4396 6
784 4343 959 4411 μέγας
988 4343 1091 4410 ἐφη
1124 4341 1430 4402 Βασίλειος,
1460 4338 1781 4406 Δυνάμεως.
1826 4337 1921 4391 καὶ
1966 4352 2053 4389 σο-

470 4435 623 4503 φία;,
655 4434 748 4485 καὶ
788 4431 1010 4502 τέχνης,
1038 4431 1157 4501 οὑχὶ
1185 4430 1239 4482 δὲ
1289 4433 1388 4500 τῆς
1435 4426 1626 4489 οὐσίας
1659 4425 1829 4496 αὐτῆς
1878 4425 2050 4478 ἐνδει-

2149 3237 2280 3297 τός⁸
2326 3234 2465 3288 Ἀλλ’
2513 3237 2546 3303 ή
2608 3234 2708 3303 μὲν
2760 3235 3036 3305 διάκρισις
3066 3236 3313 3307 ἐπινοίᾳ,
3364 3238 3397 3308 ή
3446 3237 3502 3290 δέ
3531 3237 3706 3299 ἐνωσις

2150 3325 2540 3394 πραγματικὴ,
2572 3325 2879 3395 άχώριστος
2903 3341 2917 3356 '
2968 3326 3098 3397 περὶ
3138 3326 3201 3380 16
3240 3331 3356 3382 πᾶν
3384 3328 3512 3399 γὰρ,
3534 3328 3706 3398 φησὶν,

2148 3418 2183 3487 ή
2225 3418 2496 3487 ἐνέργεια.
2529 3416 2748 3487 Ταύτης
2775 3417 2832 3470 δέ
2860 3416 3168 3489 άχὼριστος
3192 3419 3226 3488 ή
3259 3420 3424 3473 οὐσία
3455 3418 3708 3487 καθέστη-

2149 3527 2267 3565 κεν.
2301 3510 2400 3562 Ἔν
2440 3511 2579 3563 εἰσιν
2635 3509 2893 3580 ἀλλήλαις
2926 3512 2960 3580 ή
3004 3510 3122 3563 θεία
3172 3510 3341 3565 οὐσία
3379 3513 3473 3566 καὶ
3507 3514 3539 3581 ἡ
3568 3512 3707 3579 ἐνέρ-

2148 3618 2275 3670 γεια
2309 3601 2402 3656 καὶ
2446 3601 2589 3655 κατά
2621 3602 2683 3655 16
2726 3602 2957 3674 ἄπειρον
2981 3619 2994 3633 ·
3029 3602 3258 3673 ἄπειρος
3312 3607 3421 3677 γάρ
3468 3603 3707 3663 ὡσαύτως

2150 3698 2247 3749 καὶ
2275 3695 2415 3765 αὕτη
2461 3695 2714 3763 κάκείνη.
2764 3694 2857 3747 Διὸ
2895 3695 2990 3747 καὶ
3023 3697 3058 3766 ή
3092 3697 3453 3766 οἰκούμενικὴ
3503 3696 3707 3765 πέμπτη

2151 3786 2371 3850 σύνοδος
2436 3786 2582 3841 οὕτω
2641 3786 2761 3850 πώς
2814 3802 2970 3855 φησι,
3027 3789 3158 3859 περὶ
3221 3788 3377 3852 θείας
3428 3790 3706 3857 δυνάμεως,

2150 3879 2328 3931 είτουν
2395 3878 2701 3949 ἐνεργείας,
2769 3878 3070 3950 ποιουμένη
3133 3880 3227 3934 16v
3285 3882 3478 3950 λόγον·
3523 3881 3587 3935 Et
3636 3895 3708 3940 τις
3752 3876 3761 3884 ’

2148 3969 2318 4037 λέγοι,
2376 3970 2410 4041 ἢ
2504 3969 2618 4040 ἐχοι
2682 3968 2781 4041 τὴν
2868 3969 3100 4041 δύναμιν
3181 3972 3278 4026 τοῦ
3370 3974 3502 4027 Θεοῦ
3559 3986 3710 4026 πεπεε

2152 4063 2451 4132 ρασμένην,
2510 4062 2779 4128 ἀνάθεμα.
2832 4062 2952 4116 Ἔτι
2985 4063 3223 4134 ἧνωνται
3272 4066 3531 4137 ἀλλήλαις
3569 4061 3706 4117 οὐσία

2148 4169 2207 4206 τε
2241 4153 2338 4206 καὶ
2368 4152 2621 4224 ἐνέργεια
2660 4153 2921 4208 καὶκατὰ
2949 4153 3009 4207 16
3042 4155 3226 4218 κοινὰς
3260 4152 3399 4210 εἶναι
3439 4157 3531 4210 καὶ
3559 4156 3707 4224 ἄμφω

2148 4244 2260 4298 τῶν
2287 4244 2459 4315 τριῶν
2483 4245 2859 4301 ὑποστάσεων.
2885 4246 2985 4301 Ἔν
3016 4249 3154 4300 εἰσιν
3180 4247 3444 4318 ἀλλήλαις
3471 4245 3705 4302 καὶκατὰ

2148 4335 2210 4386 16
2269 4333 2447 4404 πάντη
2491 4334 2802 4406 ἀχώριστόν
2832 4354 2891 4390 τε
2928 4338 3022 4392 καὶ
3056 4337 3452 4393 ἀδιάσπαστον.
3508 4338 3705 4408 Πρόεισι

2154 4425 2255 4496 μὲν
2284 4425 2394 4495 γὰρ
2428 4426 2463 4497 ή
2492 4427 2747 4497 ἐνέργεια
2778 4429 2843 4480 ἐκ
2868 4428 2967 4497 τῆς
2996 4428 3208 4493 οὐσίας,
3235 4430 3353 4483 ἀλλ’
3384 4429 3704 4499 ἀδιαιρέτωςι

470 4524 637 4578 κτικά
658 4527 775 4576 ἐστι
799 4522 869 4575 τὰ
894 4524 1197 4593 ποιήματα.
1228 4521 1341 4573 Kal
1364 4518 1616 4587 Μάξιμος
1645 4520 1673 4570 6
1697 4516 1839 4579 θεῖος
1866 4515 2043 4579 αὖθις,
2085 4541 2123 4592 υ
2153 4517 2296 4571 καθὰ
2341 4517 2408 4589 δὴ
2459 4520 2555 4571 καὶ
2612 4521 2644 4588 ή
2701 4521 3061 4591 οίκουμενικὴ
3102 4522 3235 4589 άγία
3275 4522 3494 4585 σύνοδος
3538 4520 3705 4587 εἴρηκε

484 4615 618 4669 Ἀπὸ
648 4614 746 4684 τῆς
778 4615 1063 4685 ἐνεργείας
1105 4615 1140 4684 ή
1165 4612 1400 4665 ἑκάστου
1436 4612 1595 4681 φύσις
1641 4611 2047 4682 χαρακτηρίζε-

471 4725 583 4773 ται,
620 4707 717 4777 τῆς
749 4706 848 4777 μὲν
878 4705 1135 4759 ἀκτίστου
1162 4705 1450 4776 ἐνεργείας
1480 4706 1740 4758 ἄκτιστον
1760 4705 2052 4776 δεικνύσης

473 4799 653 4868 φύσιν,
690 4798 915 4868 κτιστὴν
945 4796 1002 4849 δέ
1054 4798 1153 4866 τῆς
1205 4795 1449 4865 κτιστῆς.

543 4889 736 4944 Ταῦτά
767 4904 831 4956 γε
860 4888 967 4957 μὴν
997 4888 1095 4941 καὶ
1122 4893 1189 4940 τὰ
1221 4886 1586 4957 παραπλήσια
1617 4885 1829 4951 τούτοις
1863 4887 1925 4940 οὑ
1954 4887 2050 4958 τὴν

472 4982 740 5054 διαφορὰν
767 4981 930 5050 μόνον
960 4980 1058 5050 τῆς
1090 4978 1243 5041 θείας
1277 4979 1560 5048 ἐνεργείας
1600 4978 1736 5048 πρὸς
1764 4978 1864 5051 τὴν
1896 4980 2048 5034 θείαν

472 5077 684 5141 οὐσίαν,
711 5073 849 5128 ἀλλὰ
882 5073 979 5126 καὶ
1012 5074 1072 5127 16
1119 5072 1286 5138 θεῖον,
1330 5072 1427 5125 καὶ
1481 5071 1732 5143 ἄπειρον,
1764 5074 1860 5126 καὶ
1886 5073 2053 5144 ἀόρα-

473 5186 586 5233 τον,
644 5169 740 5220 καὶ
792 5165 1047 5236 φυσικὴν,
1079 5165 1173 5217 καὶ
1203 5164 1481 5228 ἄκτιστον,
1508 5167 1603 5216 καὶ
1632 5165 2050 5236 δημιουργικὸν,

475 5261 573 5314 καὶ
621 5261 689 5313 τὰ
736 5257 1019 5329 θεοπρεπῆ
1064 5257 1245 5310 πάντα
1278 5260 1342 5329 τῇ
1385 5255 1480 5309 τοῦ
1523 5257 1659 5310 Θεοῦ
1693 5260 1944 5332 ἐνεργείᾳ
1983 5260 2051 5313 δι’

474 5352 674 5419 ὀλίγων
705 5349 1141 5421 προσμαρτυρεῖ.

557 5441 725 5496 Ἀλλὰ
772 5441 990 5510 μακράς
1021 5456 1176 5502 τινας
1239 5412 1335 5492 κὲἲ
1381 5439 1599 5505 πλείους
1643 5442 1895 5505 ἀπαιτεῖς
1944 5444 2053 5495 τῶν

475 5532 785 5605 εἰρημένων
823 5532 922 5596 τὰς
973 5532 1313 5599 άποδείξεις;
1353 5532 1605 5586 Μάλιστα
1661 5533 1759 5603 μὲν
1819 5535 1912 5585 καὶ
1965 5533 2055 5587 διὰ

476 5622 691 5675 πολλῶν
720 5621 892 5678 ταῦτα
926 5624 1104 5679 πάντα
1144 5625 1296 5696 παρά
1329 5624 1436 5678 τῶν
1478 5624 1746 5694 θεολόγων
1777 5625 1878 5697 ἤδη
1914 5626 2053 5694 φθά’

476 5723 671 5767 σαντες
705 5711 1083 5785 ἐδιδάχθημεν,
1112 5715 1208 5769 καὶ
1242 5714 1460 5785 μάλιστ’
1482 5717 1541 5769 ἐν
1583 5708 1664 5778 οἷς
1699 5716 1766 5767 τὰ
1798 5715 1924 5787 ἱερὰ
1956 5717 2053 5769 σὺν

474 5799 711 5861 ἐκιίνως
746 5803 1182 5880 διετκοπούμεθα
1213 5808 1390 5875 λόγια,
1438 5809 1532 5861 καὶ
1562 5807 1627 5878 δὴ
1655 5811 1751 5861 καὶ
1779 5808 1888 5861 τῶν
1928 5824 2052 5861 συν-

2156 4611 2436 4680 φθάσασα,
2465 4614 2560 4667 καὶ
2613 4612 2679 4683 δὴ
2729 4613 2822 4667 καὶ
2858 4614 2965 4682 πρὸ
2990 4614 3161 4682 αὐτῆς
3193 4617 3223 4668 6
3254 4615 3362 4686 πρὸ
3386 4613 3554 4681 αὐτῆς
3581 4610 3708 4667 θεῖος

2166 4703 2541 4772 ’Δναστάσιος,
2573 4703 2633 4757 ὃν
2665 4706 2759 4758 καὶ
2794 4705 2969 4776 μέγαν
3019 4704 3157 4776 αὕτη
3207 4707 3560 4777 προσείρηκε,
3590 4697 3707 4766 Περὶ

2151 4797 2212 4849 16
2251 4796 2360 4848 πᾶν
2389 4797 2526 4861 ἐστι,
2560 4798 2763 4865 φήσας,
2792 4800 2823 4866 ή
2867 4798 3145 4869 ἐνέργεια,
3182 4796 3474 4869 ταύτηςδέ
3519 4792 3706 4863 ἀχώρι-

2156 4902 2279 4949 στος
2319 4888 2351 4956 ή
2386 4885 2509 4938 θεία
2545 4887 2705 4939 οὐσία
2756 4887 3085 4958 καθέστηκε.
3131 4889 3243 4942 Kal
3277 4889 3440 4944 πάλιν
3468 4889 3496 4940 6
3522 4883 3668 4941 αὐτός
3693 4892 3706 4910 ⁸

2153 4980 2324 5049 Φαίην
2355 4978 2411 5031 δέ
2435 4978 2501 5032 ἂν
2535 4978 2711 5049 ἔγωγε
2743 4982 2841 5051 τῆς
2871 4978 2967 5032 τοῦ
2999 4980 3134 5034 Θεοῦ
3182 4980 3401 5048 φύσεως
3428 4976 3710 5049 ἀχώριστον

2154 5066 2295 5123 εἶναι
2329 5070 2429 5142 τὴν
2481 5071 2765 5143 ἐνέργειαν
2810 5070 3001 5125 αὑτοῦ.
3045 5072 3203 5126 Κατὰ
3231 5072 3455 5134 τούτους
3480 5072 3598 5132 τοὺς
3637 5062 3711 5116 λό’

2154 5180 2285 5231 γους
2317 5164 2410 5216 καὶ
2434 5165 2693 5233 τρόπους,
2719 5163 2846 5225 τούς
2879 5180 2938 5217 τε
2971 5164 3272 5236 προτέρους
3311 5164 3405 5218 καὶ
3428 5161 3551 5222 τοὺς
3573 5154 3708 5210 ὑστέ-

2158 5271 2286 5326 ρους
2321 5256 2486 5325 φημὶ,
2522 5257 2615 5309 καὶ
2654 5255 2769 5322 δύο,
2799 5258 2919 5327 ήτοι
2950 5256 3089 5312 ἄλλο
3110 5259 3204 5311 καὶ
3233 5256 3361 5311 ἀλλο
3389 5254 3524 5309 είσὶν
3549 5253 3581 5322 ή
3602 5244 3708 5301 θεία

2154 5348 2310 5401 οὑσία
2345 5349 2439 5400 καὶ
2482 5350 2514 5420 ἡ
2553 5349 2828 5421 ἐνέργεια,
2862 5351 2924 5405 οὑ
2958 5352 3247 5420 πράγματι
3272 5350 3414 5403 κατὰ
3442 5334 3707 5409 τοὺςίθεο·

2154 5440 2347 5509 λόγους
2386 5430 2661 5509 Πατέρας,
2704 5441 2819 5495 ἀλλ’
2861 5445 3077 5513 ἐπινοίᾳ
3125 5444 3222 5512 τῆς
3258 5441 3516 5511 διαφορᾶς
3546 5431 3707 5488 αὐτῶν

2154 5534 2455 5604 νοουμένης
2503 5532 2621 5604 ἆμα
2671 5535 2768 5587 καὶ
2817 5533 3140 5605 λεγομένης,
3176 5535 3270 5588 καὶ
3300 5533 3359 5587 ἐν
3403 5533 3533 5583 εἰσιν
3564 5519 3703 5580 αὖθις

2155 5623 2210 5677 αἱ
2248 5624 2432 5690 αὑταὶ,
2461 5625 2560 5677 οὑκ
2591 5624 2828 5694 ἐπινοίᾳ,
2863 5625 3000 5679 ἀλλὰ
3030 5626 3321 5697 πράγματι
3366 5622 3460 5690 τῆς
3484 5616 3703 5672 ἐνώσεως
3764 5638 3767 5641 λ

2155 5717 2337 5771 οὑτῶν
2385 5718 2766 5789 θεωρουμένης
2798 5720 2890 5772 καὶ
2920 5718 3243 5790 λεγομένης,
3276 5715 3397 5770 καθ’
3445 5714 3501 5767 ὃν
3552 5708 3700 5777 δήπου

2157 5812 2315 5878 λόγον
2349 5813 2440 5865 καὶ
2468 5814 2494 5865 6
2529 5811 2701 5882 μέγας
2731 5812 2834 5882 ἔφη
2869 5811 3166 5877 Βασίλειος,
3194 5813 3281 5865 ὅτι
3308 5807 3399 5861 ἐπὶ
3432 5803 3528 5872 τῆς
3549 5794 3705 5865 ἁπλῆς

3031 5940 3075 5977 d
