  <div class='ocr_page' id='page_1' title='image "/cluster/home/n/w/nwhite01/storage/ocr_20150623/151:no.2/coo.31924054870567/461.png"; bbox 0 0 4054 6432; ppageno 0'>
   <div class='ocr_carea' id='block_1_1' title="bbox 494 361 606 424">
    <p class='ocr_par' dir='ltr' id='par_1_1' title="bbox 494 361 606 424">
     <span class='ocr_line' id='line_1_1' title="bbox 494 361 606 424; baseline 0.009 -1"><span class='ocrx_word' id='word_1_1' title='bbox 494 361 606 424; x_wconf 79' lang='lat'><strong>903</strong></span> 
     </span>
    </p>
   </div>
   <div class='ocr_carea' id='block_1_2' title="bbox 1533 350 2662 419">
    <p class='ocr_par' dir='ltr' id='par_1_2' title="bbox 1533 350 2662 419">
     <span class='ocr_line' id='line_1_2' title="bbox 1533 350 2662 419; baseline -0.006 -1"><span class='ocrx_word' id='word_1_2' title='bbox 1533 359 1630 418; x_wconf 77' lang='grc' dir='ltr'><strong>ΡΠ</strong></span> <span class='ocrx_word' id='word_1_3' title='bbox 1647 358 1664 417; x_wconf 84' lang='grc'><strong>1</strong></span> <span class='ocrx_word' id='word_1_4' title='bbox 1679 356 1875 418; x_wconf 78' lang='lat' dir='ltr'><strong>LOTII</strong></span> <span class='ocrx_word' id='word_1_5' title='bbox 1889 358 1956 419; x_wconf 78' lang='lat' dir='ltr'><strong>El</strong></span> <span class='ocrx_word' id='word_1_6' title='bbox 1997 356 2105 417; x_wconf 72' lang='grc' dir='ltr'><strong>(ΣΡ.</strong></span> <span class='ocrx_word' id='word_1_7' title='bbox 2154 350 2662 416; x_wconf 74' lang='lat' dir='ltr'><strong>PATRI.\RC11.E</strong></span> 
     </span>
    </p>
   </div>
   <div class='ocr_carea' id='block_1_3' title="bbox 3654 346 3762 410">
    <p class='ocr_par' dir='ltr' id='par_1_3' title="bbox 3654 346 3762 410">
     <span class='ocr_line' id='line_1_3' title="bbox 3654 346 3762 410; baseline -0.019 0"><span class='ocrx_word' id='word_1_8' title='bbox 3654 346 3725 410; x_wconf 75' lang='lat'><strong>90</strong></span> <span class='ocrx_word' id='word_1_9' title='bbox 3738 351 3762 408; x_wconf 70' lang='grc' dir='ltr'>ί</span> 
     </span>
    </p>
   </div>
   <div class='ocr_carea' id='block_1_4' title="bbox 494 461 3767 547">
    <p class='ocr_par' dir='ltr' id='par_1_4' title="bbox 494 461 3767 547">
     <span class='ocr_line' id='line_1_4' title="bbox 494 461 3767 547; baseline -0.004 -18"><span class='ocrx_word' id='word_1_10' title='bbox 494 478 755 547; x_wconf 75' lang='grc' dir='ltr'><strong>γελιστὴν</strong></span> <span class='ocrx_word' id='word_1_11' title='bbox 802 475 1055 544; x_wconf 81' lang='grc' dir='ltr'><strong>Ἰωάννην</strong></span> <span class='ocrx_word' id='word_1_12' title='bbox 1083 474 1228 543; x_wconf 73' lang='grc' dir='ltr'><strong>φημὶ</strong></span> <span class='ocrx_word' id='word_1_13' title='bbox 1259 471 1351 524; x_wconf 71' lang='grc' dir='ltr'><strong>τὸν</strong></span> <span class='ocrx_word' id='word_1_14' title='bbox 1383 474 1479 541; x_wconf 84' lang='grc' dir='ltr'><strong>τῆς</strong></span> <span class='ocrx_word' id='word_1_15' title='bbox 1510 471 1744 542; x_wconf 81' lang='grc' dir='ltr'><strong>βροντῆς</strong></span> <span class='ocrx_word' id='word_1_16' title='bbox 1791 472 1906 523; x_wconf 82' lang='grc' dir='ltr'><strong>υἱὸν</strong></span> <span class='ocrx_word' id='word_1_17' title='bbox 1935 471 2078 524; x_wconf 69' lang='grc' dir='ltr'><strong>οὕτω</strong></span> <span class='ocrx_word' id='word_1_18' title='bbox 2104 480 2148 532; x_wconf 83' lang='grc' dir='ltr'><strong>Α</strong></span> <span class='ocrx_word' id='word_1_19' title='bbox 2182 468 2508 536; x_wconf 70' lang='grc' dir='ltr'><strong>ἐπιτηδείως</strong></span> <span class='ocrx_word' id='word_1_20' title='bbox 2535 468 2719 537; x_wconf 77' lang='grc' dir='ltr'><strong>ἔχουσι</strong></span> <span class='ocrx_word' id='word_1_21' title='bbox 2745 466 2950 537; x_wconf 83' lang='grc' dir='ltr'><strong>δηλαδὴ</strong></span> <span class='ocrx_word' id='word_1_22' title='bbox 2977 466 3065 519; x_wconf 79' lang='grc' dir='ltr'><strong>διὰ</strong></span> <span class='ocrx_word' id='word_1_23' title='bbox 3095 461 3445 534; x_wconf 72' lang='grc' dir='ltr'><strong>καθαρότητα</strong></span> <span class='ocrx_word' id='word_1_24' title='bbox 3489 466 3629 535; x_wconf 80' lang='grc' dir='ltr'><strong>πρὸς</strong></span> <span class='ocrx_word' id='word_1_25' title='bbox 3664 469 3767 533; x_wconf 58' lang='grc' dir='ltr'><strong>τίεν</strong></span> 
     </span>
    </p>
   </div>
   <div class='ocr_carea' id='block_1_5' title="bbox 494 563 2083 637">
    <p class='ocr_par' dir='ltr' id='par_1_5' title="bbox 494 563 2083 637">
     <span class='ocr_line' id='line_1_5' title="bbox 494 563 2083 637; baseline -0.004 -15"><span class='ocrx_word' id='word_1_26' title='bbox 494 571 596 632; x_wconf 81' lang='grc' dir='ltr'><strong>τὰς</strong></span> <span class='ocrx_word' id='word_1_27' title='bbox 624 568 921 637; x_wconf 78' lang='grc' dir='ltr'><strong>ἐκκλησίας</strong></span> <span class='ocrx_word' id='word_1_28' title='bbox 948 568 1005 619; x_wconf 88' lang='grc' dir='ltr'><strong>ἐν</strong></span> <span class='ocrx_word' id='word_1_29' title='bbox 1031 569 1097 637; x_wconf 83' lang='grc' dir='ltr'><strong>τῇ</strong></span> <span class='ocrx_word' id='word_1_30' title='bbox 1130 567 1303 636; x_wconf 78' lang='grc' dir='ltr'><strong>σεπτῇ</strong></span> <span class='ocrx_word' id='word_1_31' title='bbox 1325 563 1756 635; x_wconf 80' lang='grc' dir='ltr'><strong>προσαγορεύειν</strong></span> <span class='ocrx_word' id='word_1_32' title='bbox 1772 563 2083 616; x_wconf 77' lang='grc' dir='ltr'><strong>Ἀποκαλύο</strong></span> 
     </span>
    </p>
   </div>
   <div class='ocr_carea' id='block_1_6' title="bbox 496 656 2082 731">
    <p class='ocr_par' dir='ltr' id='par_1_6' title="bbox 496 656 2082 731">
     <span class='ocr_line' id='line_1_6' title="bbox 496 656 2082 731; baseline -0.003 -20"><span class='ocrx_word' id='word_1_33' title='bbox 496 660 611 731; x_wconf 81' lang='grc' dir='ltr'><strong>ψει.</strong></span> <span class='ocrx_word' id='word_1_34' title='bbox 649 658 905 728; x_wconf 80' lang='grc' dir='ltr'><strong>Ἰωάννης</strong></span> <span class='ocrx_word' id='word_1_35' title='bbox 937 659 1074 727; x_wconf 77' lang='grc' dir='ltr'><strong>φησὶ</strong></span> <span class='ocrx_word' id='word_1_36' title='bbox 1103 661 1225 720; x_wconf 85' lang='grc' dir='ltr'><strong>ταῖς</strong></span> <span class='ocrx_word' id='word_1_37' title='bbox 1255 656 1399 711; x_wconf 78' lang='grc' dir='ltr'><strong>ἑπτὰ</strong></span> <span class='ocrx_word' id='word_1_38' title='bbox 1429 658 1754 726; x_wconf 78' lang='grc' dir='ltr'><strong>ἐκκλησίαις</strong></span> <span class='ocrx_word' id='word_1_39' title='bbox 1777 658 1899 719; x_wconf 85' lang='grc' dir='ltr'><strong>ταῖς</strong></span> <span class='ocrx_word' id='word_1_40' title='bbox 1932 658 1991 709; x_wconf 82' lang='grc' dir='ltr'><strong>ἐν</strong></span> <span class='ocrx_word' id='word_1_41' title='bbox 2015 657 2082 726; x_wconf 82' lang='grc' dir='ltr'><strong>τῇ</strong></span> 
     </span>
    </p>
   </div>
   <div class='ocr_carea' id='block_1_7' title="bbox 509 745 2084 820">
    <p class='ocr_par' dir='ltr' id='par_1_7' title="bbox 509 745 2084 820">
     <span class='ocr_line' id='line_1_7' title="bbox 509 745 2084 820; baseline -0.001 -19"><span class='ocrx_word' id='word_1_42' title='bbox 509 750 704 820; x_wconf 76' lang='grc' dir='ltr'>Ἀσίᾳ·</span> <span class='ocrx_word' id='word_1_43' title='bbox 758 748 941 817; x_wconf 76' lang='grc' dir='ltr'><strong>Χάρις</strong></span> <span class='ocrx_word' id='word_1_44' title='bbox 994 748 1142 818; x_wconf 79' lang='grc' dir='ltr'><strong>ὑμῖν</strong></span> <span class='ocrx_word' id='word_1_45' title='bbox 1172 750 1271 803; x_wconf 77' lang='grc' dir='ltr'><strong>καί</strong></span> <span class='ocrx_word' id='word_1_46' title='bbox 1302 748 1513 815; x_wconf 77' lang='grc' dir='ltr'><strong>εἰρήνη</strong></span> <span class='ocrx_word' id='word_1_47' title='bbox 1559 748 1678 801; x_wconf 77' lang='grc' dir='ltr'><strong>ἀπὸ</strong></span> <span class='ocrx_word' id='word_1_48' title='bbox 1712 750 1744 801; x_wconf 87' lang='grc' dir='ltr'><strong>ό</strong></span> <span class='ocrx_word' id='word_1_49' title='bbox 1790 745 1894 809; x_wconf 87' lang='grc' dir='ltr'><strong>ὢν,</strong></span> <span class='ocrx_word' id='word_1_50' title='bbox 1926 747 2027 800; x_wconf 80' lang='grc' dir='ltr'><strong>καί</strong></span> <span class='ocrx_word' id='word_1_51' title='bbox 2052 748 2084 800; x_wconf 83' lang='grc' dir='ltr'><em>ὁ</em></span> 
     </span>
    </p>
   </div>
   <div class='ocr_carea' id='block_1_8' title="bbox 496 830 2083 911">
    <p class='ocr_par' dir='ltr' id='par_1_8' title="bbox 496 830 2083 911">
     <span class='ocr_line' id='line_1_8' title="bbox 496 830 2083 911; baseline -0.013 0"><span class='ocrx_word' id='word_1_52' title='bbox 496 837 595 911; x_wconf 72' lang='grc' dir='ltr'><strong>ἦν»</strong></span> <span class='ocrx_word' id='word_1_53' title='bbox 631 841 733 894; x_wconf 65' lang='grc' dir='ltr'><strong>καὶ</strong></span> <span class='ocrx_word' id='word_1_54' title='bbox 762 845 794 895; x_wconf 81' lang='grc' dir='ltr'><strong>ό</strong></span> <span class='ocrx_word' id='word_1_55' title='bbox 827 841 1171 910; x_wconf 75' lang='grc' dir='ltr'><strong>ἐρχόμενος,</strong></span> <span class='ocrx_word' id='word_1_56' title='bbox 1206 840 1304 893; x_wconf 75' lang='grc' dir='ltr'><strong>καί</strong></span> <span class='ocrx_word' id='word_1_57' title='bbox 1330 840 1449 894; x_wconf 86' lang='grc' dir='ltr'><strong>άπὸ</strong></span> <span class='ocrx_word' id='word_1_58' title='bbox 1475 830 1775 894; x_wconf 77' lang='grc' dir='ltr'><strong>τῶν’ἐπτὰ</strong></span> <span class='ocrx_word' id='word_1_59' title='bbox 1815 840 2083 905; x_wconf 76' lang='grc' dir='ltr'><strong>πνευμά·</strong></span> 
     </span>
    </p>
   </div>
   <div class='ocr_carea' id='block_1_9' title="bbox 496 930 2083 999">
    <p class='ocr_par' dir='ltr' id='par_1_9' title="bbox 496 930 2083 999">
     <span class='ocr_line' id='line_1_9' title="bbox 496 930 2083 999; baseline -0.001 -14"><span class='ocrx_word' id='word_1_60' title='bbox 496 950 615 987; x_wconf 84' lang='grc' dir='ltr'><strong>των</strong></span> <span class='ocrx_word' id='word_1_61' title='bbox 649 933 687 988; x_wconf 85' lang='grc' dir='ltr'>ἄ</span> <span class='ocrx_word' id='word_1_62' title='bbox 715 935 890 987; x_wconf 88' lang='grc' dir='ltr'><strong>ἐστιν</strong></span> <span class='ocrx_word' id='word_1_63' title='bbox 921 934 1180 986; x_wconf 76' lang='grc' dir='ltr'><strong>ἐνώπιον</strong></span> <span class='ocrx_word' id='word_1_64' title='bbox 1210 932 1317 986; x_wconf 88' lang='grc' dir='ltr'><strong>τοῦ</strong></span> <span class='ocrx_word' id='word_1_65' title='bbox 1346 934 1567 999; x_wconf 82' lang='grc' dir='ltr'><strong>θρόνου</strong></span> <span class='ocrx_word' id='word_1_66' title='bbox 1599 930 1811 992; x_wconf 82' lang='grc' dir='ltr'><strong>αὐτοῦ,</strong></span> <span class='ocrx_word' id='word_1_67' title='bbox 1834 931 1932 985; x_wconf 79' lang='grc' dir='ltr'><strong>καὶ</strong></span> <span class='ocrx_word' id='word_1_68' title='bbox 1962 930 2083 985; x_wconf 79' lang='grc' dir='ltr'><strong>ἀπὸ</strong></span> 
     </span>
    </p>
   </div>
   <div class='ocr_carea' id='block_1_10' title="bbox 509 1021 2081 1093">
    <p class='ocr_par' dir='ltr' id='par_1_10' title="bbox 509 1021 2081 1093">
     <span class='ocr_line' id='line_1_10' title="bbox 509 1021 2081 1093; baseline -0.004 -14"><span class='ocrx_word' id='word_1_69' title='bbox 509 1025 718 1092; x_wconf 83' lang='grc' dir='ltr'><strong>Ἰησοῦ</strong></span> <span class='ocrx_word' id='word_1_70' title='bbox 769 1024 1033 1093; x_wconf 84' lang='grc' dir='ltr'><strong>Χριστοῦ</strong></span> <span class='ocrx_word' id='word_1_71' title='bbox 1066 1026 1203 1086; x_wconf 81' lang='grc' dir='ltr'><strong>’τὰς</strong></span> <span class='ocrx_word' id='word_1_72' title='bbox 1261 1024 1547 1092; x_wconf 79' lang='grc' dir='ltr'><strong>ἐνεργείας</strong></span> <span class='ocrx_word' id='word_1_73' title='bbox 1596 1021 1691 1075; x_wconf 88' lang='grc' dir='ltr'><strong>τοῦ</strong></span> <span class='ocrx_word' id='word_1_74' title='bbox 1739 1021 2081 1087; x_wconf 81' lang='grc' dir='ltr'><strong>Πνεύματος,</strong></span> 
     </span>
    </p>
   </div>
   <div class='ocr_carea' id='block_1_11' title="bbox 497 1112 2083 1185">
    <p class='ocr_par' dir='ltr' id='par_1_11' title="bbox 497 1112 2083 1185">
     <span class='ocr_line' id='line_1_11' title="bbox 497 1112 2083 1185; baseline -0.003 -15"><span class='ocrx_word' id='word_1_75' title='bbox 497 1118 622 1170; x_wconf 78' lang='grc' dir='ltr'><strong>ἀντὶ</strong></span> <span class='ocrx_word' id='word_1_76' title='bbox 650 1116 751 1185; x_wconf 84' lang='grc' dir='ltr'><strong>τῆς</strong></span> <span class='ocrx_word' id='word_1_77' title='bbox 804 1116 1162 1178; x_wconf 79' lang='grc' dir='ltr'><strong>ὑποστάσεως</strong></span> <span class='ocrx_word' id='word_1_78' title='bbox 1217 1113 1479 1184; x_wconf 77' lang='grc' dir='ltr'><strong>οῦτως,ἢ</strong></span> <span class='ocrx_word' id='word_1_79' title='bbox 1523 1114 1662 1184; x_wconf 86' lang='grc' dir='ltr'><strong>μετά</strong></span> <span class='ocrx_word' id='word_1_80' title='bbox 1692 1114 1789 1179; x_wconf 76' lang='grc' dir='ltr'><strong>τῆς</strong></span> <span class='ocrx_word' id='word_1_81' title='bbox 1837 1112 2083 1166; x_wconf 83' lang='grc' dir='ltr'><strong>ύποστά-</strong></span> 
     </span>
    </p>
   </div>
   <div class='ocr_carea' id='block_1_12' title="bbox 499 1203 2083 1276">
    <p class='ocr_par' dir='ltr' id='par_1_12' title="bbox 499 1203 2083 1276">
     <span class='ocr_line' id='line_1_12' title="bbox 499 1203 2083 1276; baseline -0.002 -17"><span class='ocrx_word' id='word_1_82' title='bbox 499 1223 643 1270; x_wconf 83' lang='grc' dir='ltr'><strong>σεως</strong></span> <span class='ocrx_word' id='word_1_83' title='bbox 685 1206 909 1276; x_wconf 78' lang='grc' dir='ltr'><strong>μᾶλλον,</strong></span> <span class='ocrx_word' id='word_1_84' title='bbox 944 1206 1042 1259; x_wconf 71' lang='grc' dir='ltr'><strong>καὶ</strong></span> <span class='ocrx_word' id='word_1_85' title='bbox 1095 1204 1195 1274; x_wconf 80' lang='grc' dir='ltr'><strong>τῆς</strong></span> <span class='ocrx_word' id='word_1_86' title='bbox 1245 1205 1434 1269; x_wconf 79' lang='grc' dir='ltr'><strong>οὐσίας</strong></span> <span class='ocrx_word' id='word_1_87' title='bbox 1478 1205 1807 1276; x_wconf 77' lang='grc' dir='ltr'><strong>άπορῤήτως</strong></span> <span class='ocrx_word' id='word_1_88' title='bbox 1842 1203 1916 1266; x_wconf 83' lang='grc' dir='ltr'><strong>ὡς</strong></span> <span class='ocrx_word' id='word_1_89' title='bbox 1949 1203 2083 1257; x_wconf 75' lang='grc' dir='ltr'><strong>αὐτὸ</strong></span> 
     </span>
    </p>
   </div>
   <div class='ocr_carea' id='block_1_13' title="bbox 497 1295 1497 1368">
    <p class='ocr_par' dir='ltr' id='par_1_13' title="bbox 497 1295 1497 1368">
     <span class='ocr_line' id='line_1_13' title="bbox 497 1295 1497 1368; baseline -0.001 -17"><span class='ocrx_word' id='word_1_90' title='bbox 497 1298 560 1352; x_wconf 78' lang='grc' dir='ltr'><strong>τὸ</strong></span> <span class='ocrx_word' id='word_1_91' title='bbox 590 1297 817 1368; x_wconf 89' lang='grc' dir='ltr'><strong>Πνεῦμα</strong></span> <span class='ocrx_word' id='word_1_92' title='bbox 850 1295 1112 1364; x_wconf 83' lang='grc' dir='ltr'><strong>γινώσκει</strong></span> <span class='ocrx_word' id='word_1_93' title='bbox 1140 1296 1497 1366; x_wconf 80' lang='grc' dir='ltr'><strong>θεολογήσας.</strong></span> 
     </span>
    </p>
   </div>
   <div class='ocr_carea' id='block_1_14' title="bbox 575 1384 2085 1459">
    <p class='ocr_par' dir='ltr' id='par_1_14' title="bbox 575 1384 2085 1459">
     <span class='ocr_line' id='line_1_14' title="bbox 575 1384 2085 1459; baseline -0.003 -17"><span class='ocrx_word' id='word_1_94' title='bbox 575 1390 725 1458; x_wconf 77' lang='grc' dir='ltr'><strong>Πλὴν</strong></span> <span class='ocrx_word' id='word_1_95' title='bbox 754 1391 880 1442; x_wconf 83' lang='grc' dir='ltr'><strong>ὅσον</strong></span> <span class='ocrx_word' id='word_1_96' title='bbox 911 1391 973 1441; x_wconf 90' lang='grc' dir='ltr'><strong>ἐκ</strong></span> <span class='ocrx_word' id='word_1_97' title='bbox 1006 1390 1206 1459; x_wconf 80' lang='grc' dir='ltr'><strong>μέρους</strong></span> <span class='ocrx_word' id='word_1_98' title='bbox 1232 1389 1330 1441; x_wconf 73' lang='grc' dir='ltr'><strong>καὶ</strong></span> <span class='ocrx_word' id='word_1_99' title='bbox 1360 1389 1509 1458; x_wconf 80' lang='grc' dir='ltr'><strong>ἡμᾶς</strong></span> <span class='ocrx_word' id='word_1_100' title='bbox 1537 1386 1682 1457; x_wconf 78' lang='grc' dir='ltr'><strong>ἔχειν</strong></span> <span class='ocrx_word' id='word_1_101' title='bbox 1702 1385 1901 1440; x_wconf 80' lang='grc' dir='ltr'><strong>εἰδέναι</strong></span> <span class='ocrx_word' id='word_1_102' title='bbox 1931 1384 2085 1453; x_wconf 82' lang='grc' dir='ltr'><strong>παρὰ</strong></span> 
     </span>
    </p>
   </div>
   <div class='ocr_carea' id='block_1_15' title="bbox 498 1478 2082 1552">
    <p class='ocr_par' dir='ltr' id='par_1_15' title="bbox 498 1478 2082 1552">
     <span class='ocr_line' id='line_1_15' title="bbox 498 1478 2082 1552; baseline -0.002 -19"><span class='ocrx_word' id='word_1_103' title='bbox 498 1482 610 1534; x_wconf 88' lang='grc' dir='ltr'><strong>τῶν</strong></span> <span class='ocrx_word' id='word_1_104' title='bbox 646 1483 856 1535; x_wconf 87' lang='grc' dir='ltr'><strong>ἐκείνου</strong></span> <span class='ocrx_word' id='word_1_105' title='bbox 916 1482 1159 1552; x_wconf 87' lang='grc' dir='ltr'><strong>μετόχων</strong></span> <span class='ocrx_word' id='word_1_106' title='bbox 1205 1481 1302 1534; x_wconf 73' lang='grc' dir='ltr'><strong>καὶ</strong></span> <span class='ocrx_word' id='word_1_107' title='bbox 1355 1478 1627 1546; x_wconf 86' lang='grc' dir='ltr'><strong>θεολόγων</strong></span> <span class='ocrx_word' id='word_1_108' title='bbox 1675 1478 1967 1547; x_wconf 80' lang='grc' dir='ltr'><strong>μαθόντας,</strong></span> <span class='ocrx_word' id='word_1_109' title='bbox 1999 1478 2082 1530; x_wconf 79' lang='grc' dir='ltr'><strong>ὅτι</strong></span> 
     </span>
    </p>
   </div>
   <div class='ocr_carea' id='block_1_16' title="bbox 498 1566 2083 1641">
    <p class='ocr_par' dir='ltr' id='par_1_16' title="bbox 498 1566 2083 1641">
     <span class='ocr_line' id='line_1_16' title="bbox 498 1566 2083 1641; baseline -0.004 -16"><span class='ocrx_word' id='word_1_110' title='bbox 498 1573 596 1641; x_wconf 80' lang='grc' dir='ltr'><strong>τῆς</strong></span> <span class='ocrx_word' id='word_1_111' title='bbox 630 1573 821 1635; x_wconf 78' lang='grc' dir='ltr'><strong>οὐσίας</strong></span> <span class='ocrx_word' id='word_1_112' title='bbox 851 1588 911 1624; x_wconf 88' lang='grc' dir='ltr'><strong>τε</strong></span> <span class='ocrx_word' id='word_1_113' title='bbox 937 1572 1033 1624; x_wconf 77' lang='grc' dir='ltr'><strong>καὶ</strong></span> <span class='ocrx_word' id='word_1_114' title='bbox 1063 1572 1159 1638; x_wconf 80' lang='grc' dir='ltr'><strong>τῆς</strong></span> <span class='ocrx_word' id='word_1_115' title='bbox 1190 1568 1572 1632; x_wconf 83' lang='grc' dir='ltr'><strong>ὑποστάσεως,</strong></span> <span class='ocrx_word' id='word_1_116' title='bbox 1604 1566 1803 1637; x_wconf 84' lang='grc' dir='ltr'><strong>μᾶλλον</strong></span> <span class='ocrx_word' id='word_1_117' title='bbox 1824 1567 1881 1620; x_wconf 86' lang='grc' dir='ltr'><strong>δέ</strong></span> <span class='ocrx_word' id='word_1_118' title='bbox 1908 1566 2083 1619; x_wconf 73' lang='grc' dir='ltr'><strong>εἰπεῖν</strong></span> 
     </span>
    </p>
   </div>
   <div class='ocr_carea' id='block_1_17' title="bbox 500 1659 2081 1734">
    <p class='ocr_par' dir='ltr' id='par_1_17' title="bbox 500 1659 2081 1734">
     <span class='ocr_line' id='line_1_17' title="bbox 500 1659 2081 1734; baseline -0.005 -16"><span class='ocrx_word' id='word_1_119' title='bbox 500 1664 748 1734; x_wconf 79' lang='grc' dir='ltr'><strong>ἁκριόὡς</strong></span> <span class='ocrx_word' id='word_1_120' title='bbox 775 1664 871 1717; x_wconf 77' lang='grc' dir='ltr'><strong>καὶ</strong></span> <span class='ocrx_word' id='word_1_121' title='bbox 903 1666 1011 1716; x_wconf 85' lang='grc' dir='ltr'><strong>τῶν</strong></span> <span class='ocrx_word' id='word_1_122' title='bbox 1050 1664 1404 1716; x_wconf 84' lang='grc' dir='ltr'><strong>ὑποστάσεων</strong></span> <span class='ocrx_word' id='word_1_123' title='bbox 1433 1661 1509 1725; x_wconf 88' lang='grc' dir='ltr'><strong>ώς</strong></span> <span class='ocrx_word' id='word_1_124' title='bbox 1544 1660 1811 1727; x_wconf 85' lang='grc' dir='ltr'><strong>ἰδιώματα</strong></span> <span class='ocrx_word' id='word_1_125' title='bbox 1850 1659 2081 1727; x_wconf 76' lang='grc' dir='ltr'><strong>φυσικὰ,</strong></span> 
     </span>
    </p>
   </div>
   <div class='ocr_carea' id='block_1_18' title="bbox 502 1751 2079 1824">
    <p class='ocr_par' dir='ltr' id='par_1_18' title="bbox 502 1751 2079 1824">
     <span class='ocr_line' id='line_1_18' title="bbox 502 1751 2079 1824; baseline -0.004 -15"><span class='ocrx_word' id='word_1_126' title='bbox 502 1756 834 1824; x_wconf 83' lang='grc' dir='ltr'><strong>τοπαράπαν</strong></span> <span class='ocrx_word' id='word_1_127' title='bbox 864 1757 1167 1824; x_wconf 73' lang='grc' dir='ltr'><strong>ἡνωμέναι,</strong></span> <span class='ocrx_word' id='word_1_128' title='bbox 1194 1755 1291 1806; x_wconf 74' lang='grc' dir='ltr'><strong>καὶ</strong></span> <span class='ocrx_word' id='word_1_129' title='bbox 1329 1756 1620 1823; x_wconf 81' lang='grc' dir='ltr'><strong>συμφυεῖς,</strong></span> <span class='ocrx_word' id='word_1_130' title='bbox 1654 1752 1749 1804; x_wconf 71' lang='grc' dir='ltr'><strong>καὶ</strong></span> <span class='ocrx_word' id='word_1_131' title='bbox 1780 1751 2079 1820; x_wconf 80' lang='grc' dir='ltr'><strong>ἀχώριστοι</strong></span> 
     </span>
    </p>
   </div>
   <div class='ocr_carea' id='block_1_19' title="bbox 2187 555 3768 631">
    <p class='ocr_par' dir='ltr' id='par_1_19' title="bbox 2187 555 3768 631">
     <span class='ocr_line' id='line_1_19' title="bbox 2187 555 3768 631; baseline 0 -19"><span class='ocrx_word' id='word_1_132' title='bbox 2187 561 2399 614; x_wconf 85' lang='grc' dir='ltr'><strong>ἐκείνου</strong></span> <span class='ocrx_word' id='word_1_133' title='bbox 2428 560 2701 631; x_wconf 80' lang='grc' dir='ltr'><strong>ὑποδοχήν</strong></span> <span class='ocrx_word' id='word_1_134' title='bbox 2728 577 2786 615; x_wconf 85' lang='grc' dir='ltr'><strong>τε</strong></span> <span class='ocrx_word' id='word_1_135' title='bbox 2821 558 2920 614; x_wconf 75' lang='grc' dir='ltr'><strong>καὶ</strong></span> <span class='ocrx_word' id='word_1_136' title='bbox 2963 555 3206 628; x_wconf 81' lang='grc' dir='ltr'><strong>μέθεξιν.</strong></span> <span class='ocrx_word' id='word_1_137' title='bbox 3233 557 3378 611; x_wconf 80' lang='grc' dir='ltr'><strong>Ἀλλ’</strong></span> <span class='ocrx_word' id='word_1_138' title='bbox 3403 558 3513 612; x_wconf 66' lang='grc' dir='ltr'><strong>οὐδ’</strong></span> <span class='ocrx_word' id='word_1_139' title='bbox 3538 559 3768 619; x_wconf 78' lang='grc' dir='ltr'><strong>ἐκείνοις</strong></span> 
     </span>
    </p>
   </div>
   <div class='ocr_carea' id='block_1_20' title="bbox 2186 648 3765 721">
    <p class='ocr_par' dir='ltr' id='par_1_20' title="bbox 2186 648 3765 721">
     <span class='ocr_line' id='line_1_20' title="bbox 2186 648 3765 721; baseline -0.002 -18"><span class='ocrx_word' id='word_1_140' title='bbox 2186 650 2372 719; x_wconf 80' lang='grc' dir='ltr'><strong>ἐξίσης</strong></span> <span class='ocrx_word' id='word_1_141' title='bbox 2397 666 2411 682; x_wconf 86' lang='grc'><strong>·</strong></span> <span class='ocrx_word' id='word_1_142' title='bbox 2439 652 2540 721; x_wconf 80' lang='grc' dir='ltr'><strong>οὐχ</strong></span> <span class='ocrx_word' id='word_1_143' title='bbox 2563 651 2645 707; x_wconf 84' lang='grc' dir='ltr'><strong>ἐνὶ</strong></span> <span class='ocrx_word' id='word_1_144' title='bbox 2663 650 2773 721; x_wconf 85' lang='grc' dir='ltr'><strong>γὰρ</strong></span> <span class='ocrx_word' id='word_1_145' title='bbox 2798 651 3007 721; x_wconf 84' lang='grc' dir='ltr'><strong>μέτρῳ,</strong></span> <span class='ocrx_word' id='word_1_146' title='bbox 3029 650 3216 719; x_wconf 73' lang='grc' dir='ltr'><strong>φησὶν,</strong></span> <span class='ocrx_word' id='word_1_147' title='bbox 3236 648 3353 702; x_wconf 84' lang='grc' dir='ltr'><strong>ἐστι</strong></span> <span class='ocrx_word' id='word_1_148' title='bbox 3379 651 3765 719; x_wconf 71' lang='grc' dir='ltr'><strong>μετεχόμενον,</strong></span> 
     </span>
    </p>
   </div>
   <div class='ocr_carea' id='block_1_21' title="bbox 2186 738 3767 810">
    <p class='ocr_par' dir='ltr' id='par_1_21' title="bbox 2186 738 3767 810">
     <span class='ocr_line' id='line_1_21' title="bbox 2186 738 3767 810; baseline 0.001 -20"><span class='ocrx_word' id='word_1_149' title='bbox 2186 738 2321 791; x_wconf 82' lang='grc' dir='ltr'><strong>ἀλλά</strong></span> <span class='ocrx_word' id='word_1_150' title='bbox 2358 740 2479 794; x_wconf 82' lang='grc' dir='ltr'><strong>κατ’</strong></span> <span class='ocrx_word' id='word_1_151' title='bbox 2503 740 2805 809; x_wconf 84' lang='grc' dir='ltr'><strong>ἀναλογίαν</strong></span> <span class='ocrx_word' id='word_1_152' title='bbox 2834 738 2935 808; x_wconf 79' lang='grc' dir='ltr'><strong>τῆς</strong></span> <span class='ocrx_word' id='word_1_153' title='bbox 2967 739 3200 802; x_wconf 76' lang='grc' dir='ltr'><strong>πίστεως</strong></span> <span class='ocrx_word' id='word_1_154' title='bbox 3223 738 3466 809; x_wconf 80' lang='grc' dir='ltr'><strong>διαιροῦν</strong></span> <span class='ocrx_word' id='word_1_155' title='bbox 3489 740 3587 808; x_wconf 79' lang='grc' dir='ltr'><strong>τὴν</strong></span> <span class='ocrx_word' id='word_1_156' title='bbox 3611 740 3767 810; x_wconf 83' lang='grc' dir='ltr'><strong>ἐνέρ-</strong></span> 
     </span>
    </p>
   </div>
   <div class='ocr_carea' id='block_1_22' title="bbox 2187 846 2366 899">
    <p class='ocr_par' dir='ltr' id='par_1_22' title="bbox 2187 846 2366 899">
     <span class='ocr_line' id='line_1_22' title="bbox 2187 846 2366 899; baseline 0.011 -15"><span class='ocrx_word' id='word_1_157' title='bbox 2187 846 2250 899; x_wconf 88' lang='grc' dir='ltr'><strong>γε</strong></span> <span class='ocrx_word' id='word_1_158' title='bbox 2259 849 2366 886; x_wconf 80' lang='grc' dir='ltr'><strong>ιαν.</strong></span> 
     </span>
    </p>
   </div>
   <div class='ocr_carea' id='block_1_23' title="bbox 2263 924 3765 996">
    <p class='ocr_par' dir='ltr' id='par_1_23' title="bbox 2263 924 3765 996">
     <span class='ocr_line' id='line_1_23' title="bbox 2263 924 3765 996; baseline 0.001 -20"><span class='ocrx_word' id='word_1_159' title='bbox 2263 925 2328 976; x_wconf 80' lang='grc' dir='ltr'><strong>Ἀ</strong></span> <span class='ocrx_word' id='word_1_160' title='bbox 2340 941 2419 994; x_wconf 91' lang='grc' dir='ltr'><strong>μα</strong></span> <span class='ocrx_word' id='word_1_161' title='bbox 2444 924 2501 978; x_wconf 78' lang='grc' dir='ltr'><strong>δέ</strong></span> <span class='ocrx_word' id='word_1_162' title='bbox 2537 924 2633 977; x_wconf 80' lang='grc' dir='ltr'><strong>καὶ</strong></span> <span class='ocrx_word' id='word_1_163' title='bbox 2677 924 2770 977; x_wconf 83' lang='grc' dir='ltr'><strong>τὸν</strong></span> <span class='ocrx_word' id='word_1_164' title='bbox 2798 925 2899 992; x_wconf 82' lang='grc' dir='ltr'><strong>τῆς</strong></span> <span class='ocrx_word' id='word_1_165' title='bbox 2944 925 3185 994; x_wconf 78' lang='grc' dir='ltr'><strong>μετοχῆς</strong></span> <span class='ocrx_word' id='word_1_166' title='bbox 3215 924 3525 996; x_wconf 73' lang='grc' dir='ltr'><strong>ἀπόρρητον</strong></span> <span class='ocrx_word' id='word_1_167' title='bbox 3563 926 3765 994; x_wconf 84' lang='grc' dir='ltr'><strong>τρόπον</strong></span> 
     </span>
    </p>
   </div>
   <div class='ocr_carea' id='block_1_24' title="bbox 2187 1009 3763 1079">
    <p class='ocr_par' dir='ltr' id='par_1_24' title="bbox 2187 1009 3763 1079">
     <span class='ocr_line' id='line_1_24' title="bbox 2187 1009 3763 1079; baseline 0 -11"><span class='ocrx_word' id='word_1_168' title='bbox 2187 1014 2423 1069; x_wconf 82' lang='grc' dir='ltr'><strong>καθόσον</strong></span> <span class='ocrx_word' id='word_1_169' title='bbox 2455 1009 2568 1069; x_wconf 76' lang='grc' dir='ltr'><strong>οἷόν</strong></span> <span class='ocrx_word' id='word_1_170' title='bbox 2599 1032 2661 1069; x_wconf 85' lang='grc' dir='ltr'><strong>τε</strong></span> <span class='ocrx_word' id='word_1_171' title='bbox 2697 1016 2913 1079; x_wconf 80' lang='grc' dir='ltr'><strong>τούτοις</strong></span> <span class='ocrx_word' id='word_1_172' title='bbox 2943 1014 3434 1069; x_wconf 85' lang='grc' dir='ltr'><strong>συναποδείκνυσιν</strong></span> <span class='ocrx_word' id='word_1_173' title='bbox 3461 1018 3490 1069; x_wconf 98' lang='lat'><strong>6</strong></span> <span class='ocrx_word' id='word_1_174' title='bbox 3510 1016 3763 1069; x_wconf 72' lang='grc' dir='ltr'><strong>διδάσκα-</strong></span> 
     </span>
    </p>
   </div>
   <div class='ocr_carea' id='block_1_25' title="bbox 2185 1111 3762 1181">
    <p class='ocr_par' dir='ltr' id='par_1_25' title="bbox 2185 1111 3762 1181">
     <span class='ocr_line' id='line_1_25' title="bbox 2185 1111 3762 1181; baseline -0.001 -17"><span class='ocrx_word' id='word_1_175' title='bbox 2185 1111 2298 1177; x_wconf 89' lang='grc' dir='ltr'><strong>λος,</strong></span> <span class='ocrx_word' id='word_1_176' title='bbox 2327 1112 2469 1164; x_wconf 80' lang='grc' dir='ltr'><strong>κατ⁹-</strong></span> <span class='ocrx_word' id='word_1_177' title='bbox 2488 1113 2777 1181; x_wconf 84' lang='grc' dir='ltr'><strong>ἐνέργειαν</strong></span> <span class='ocrx_word' id='word_1_178' title='bbox 2806 1112 2957 1165; x_wconf 84' lang='grc' dir='ltr'><strong>θείαν</strong></span> <span class='ocrx_word' id='word_1_179' title='bbox 2999 1111 3095 1166; x_wconf 89' lang='grc' dir='ltr'><strong>τοῦ</strong></span> <span class='ocrx_word' id='word_1_180' title='bbox 3138 1111 3476 1180; x_wconf 68' lang='grc' dir='ltr'><strong>Πνεῦματος,</strong></span> <span class='ocrx_word' id='word_1_181' title='bbox 3511 1112 3762 1181; x_wconf 76' lang='grc' dir='ltr'><strong>μετέχειν</strong></span> 
     </span>
    </p>
   </div>
   <div class='ocr_carea' id='block_1_26' title="bbox 2185 1203 3760 1275">
    <p class='ocr_par' dir='ltr' id='par_1_26' title="bbox 2185 1203 3760 1275">
     <span class='ocr_line' id='line_1_26' title="bbox 2185 1203 3760 1275; baseline 0.002 -20"><span class='ocrx_word' id='word_1_182' title='bbox 2185 1203 2314 1266; x_wconf 67' lang='grc' dir='ltr'><strong>τοὺς</strong></span> <span class='ocrx_word' id='word_1_183' title='bbox 2349 1204 2540 1267; x_wconf 80' lang='grc' dir='ltr'><strong>ἀξίους</strong></span> <span class='ocrx_word' id='word_1_184' title='bbox 2573 1205 2767 1259; x_wconf 77' lang='grc' dir='ltr'><strong>εἰπών.</strong></span> <span class='ocrx_word' id='word_1_185' title='bbox 2799 1203 2863 1258; x_wconf 86' lang='grc' dir='ltr'>Εἰ</span> <span class='ocrx_word' id='word_1_186' title='bbox 2897 1204 3009 1273; x_wconf 83' lang='grc' dir='ltr'><strong>γὰρ</strong></span> <span class='ocrx_word' id='word_1_187' title='bbox 3040 1205 3136 1258; x_wconf 78' lang='grc' dir='ltr'><strong>ἐπὶ</strong></span> <span class='ocrx_word' id='word_1_188' title='bbox 3161 1203 3257 1257; x_wconf 90' lang='grc' dir='ltr'><strong>τοῦ</strong></span> <span class='ocrx_word' id='word_1_189' title='bbox 3282 1204 3544 1275; x_wconf 73' lang='grc' dir='ltr'><strong>αἰσθητοῦ</strong></span> <span class='ocrx_word' id='word_1_190' title='bbox 3566 1203 3760 1258; x_wconf 88' lang='grc' dir='ltr'><strong>τούτου</strong></span> 
     </span>
    </p>
   </div>
   <div class='ocr_carea' id='block_1_27' title="bbox 2184 1295 3761 1367">
    <p class='ocr_par' dir='ltr' id='par_1_27' title="bbox 2184 1295 3761 1367">
     <span class='ocr_line' id='line_1_27' title="bbox 2184 1295 3761 1367; baseline 0.002 -20"><span class='ocrx_word' id='word_1_191' title='bbox 2184 1295 2364 1366; x_wconf 83' lang='grc' dir='ltr'><strong>ήλίου,</strong></span> <span class='ocrx_word' id='word_1_192' title='bbox 2393 1295 2477 1349; x_wconf 80' lang='grc' dir='ltr'><strong>ἐτι</strong></span> <span class='ocrx_word' id='word_1_193' title='bbox 2512 1296 2619 1367; x_wconf 82' lang='grc' dir='ltr'><strong>γὰρ</strong></span> <span class='ocrx_word' id='word_1_194' title='bbox 2669 1295 2867 1366; x_wconf 75' lang='grc' dir='ltr'><strong>ἔχομαι</strong></span> <span class='ocrx_word' id='word_1_195' title='bbox 2892 1297 2994 1366; x_wconf 80' lang='grc' dir='ltr'><strong>τῆς</strong></span> <span class='ocrx_word' id='word_1_196' title='bbox 3021 1296 3230 1357; x_wconf 89' lang='grc' dir='ltr'><strong>είκόνος</strong></span> <span class='ocrx_word' id='word_1_197' title='bbox 3269 1297 3506 1365; x_wconf 82' lang='grc' dir='ltr'><strong>ἐκείνης,</strong></span> <span class='ocrx_word' id='word_1_198' title='bbox 3534 1297 3585 1349; x_wconf 87' lang='grc' dir='ltr'><strong>εί</strong></span> <span class='ocrx_word' id='word_1_199' title='bbox 3627 1296 3761 1365; x_wconf 87' lang='grc' dir='ltr'><strong>γοῦν</strong></span> 
     </span>
    </p>
   </div>
   <div class='ocr_carea' id='block_1_28' title="bbox 2185 1385 3759 1456">
    <p class='ocr_par' dir='ltr' id='par_1_28' title="bbox 2185 1385 3759 1456">
     <span class='ocr_line' id='line_1_28' title="bbox 2185 1385 3759 1456; baseline 0.003 -18"><span class='ocrx_word' id='word_1_200' title='bbox 2185 1385 2275 1440; x_wconf 83' lang='grc' dir='ltr'><strong>ἐπ’</strong></span> <span class='ocrx_word' id='word_1_201' title='bbox 2318 1387 2532 1441; x_wconf 84' lang='grc' dir='ltr'><strong>ἐκείνου</strong></span> <span class='ocrx_word' id='word_1_202' title='bbox 2564 1386 2615 1440; x_wconf 90' lang='grc' dir='ltr'><strong>οί</strong></span> <span class='ocrx_word' id='word_1_203' title='bbox 2645 1387 2744 1455; x_wconf 81' lang='grc' dir='ltr'><strong>τῆς</strong></span> <span class='ocrx_word' id='word_1_204' title='bbox 2778 1388 3000 1450; x_wconf 85' lang='grc' dir='ltr'><strong>ἀκτῖνος</strong></span> <span class='ocrx_word' id='word_1_205' title='bbox 3029 1386 3357 1455; x_wconf 78' lang='grc' dir='ltr'><strong>μετέχοντες</strong></span> <span class='ocrx_word' id='word_1_206' title='bbox 3388 1388 3449 1439; x_wconf 87' lang='grc' dir='ltr'><strong>οὐ</strong></span> <span class='ocrx_word' id='word_1_207' title='bbox 3494 1388 3593 1456; x_wconf 79' lang='grc' dir='ltr'><strong>τῆς</strong></span> <span class='ocrx_word' id='word_1_208' title='bbox 3622 1389 3759 1442; x_wconf 82' lang='grc' dir='ltr'><strong>ὐπο-</strong></span> 
     </span>
    </p>
   </div>
   <div class='ocr_carea' id='block_1_29' title="bbox 2187 1477 3760 1551">
    <p class='ocr_par' dir='ltr' id='par_1_29' title="bbox 2187 1477 3760 1551">
     <span class='ocr_line' id='line_1_29' title="bbox 2187 1477 3760 1551; baseline 0.004 -23"><span class='ocrx_word' id='word_1_209' title='bbox 2187 1477 2435 1541; x_wconf 88' lang='grc' dir='ltr'><strong>στάσεως</strong></span> <span class='ocrx_word' id='word_1_210' title='bbox 2465 1478 2591 1532; x_wconf 85' lang='grc' dir='ltr'><strong>οὖδέ</strong></span> <span class='ocrx_word' id='word_1_211' title='bbox 2618 1477 2721 1548; x_wconf 82' lang='grc' dir='ltr'><strong>τῆς</strong></span> <span class='ocrx_word' id='word_1_212' title='bbox 2751 1478 2971 1548; x_wconf 85' lang='grc' dir='ltr'><strong>φύσεως</strong></span> <span class='ocrx_word' id='word_1_213' title='bbox 2997 1479 3171 1548; x_wconf 83' lang='grc' dir='ltr'><strong>αὐτῆς</strong></span> <span class='ocrx_word' id='word_1_214' title='bbox 3197 1478 3290 1532; x_wconf 88' lang='grc' dir='ltr'><strong>τοῦ</strong></span> <span class='ocrx_word' id='word_1_215' title='bbox 3321 1478 3473 1549; x_wconf 71' lang='grc' dir='ltr'><strong>ἡλίου</strong></span> <span class='ocrx_word' id='word_1_216' title='bbox 3501 1480 3760 1551; x_wconf 75' lang='grc' dir='ltr'><strong>μετέχουο</strong></span> 
     </span>
    </p>
   </div>
   <div class='ocr_carea' id='block_1_30' title="bbox 2188 1569 3760 1641">
    <p class='ocr_par' dir='ltr' id='par_1_30' title="bbox 2188 1569 3760 1641">
     <span class='ocr_line' id='line_1_30' title="bbox 2188 1569 3760 1641; baseline 0.004 -21"><span class='ocrx_word' id='word_1_217' title='bbox 2188 1585 2298 1635; x_wconf 90' lang='grc' dir='ltr'><strong>σιν,</strong></span> <span class='ocrx_word' id='word_1_218' title='bbox 2328 1569 2464 1622; x_wconf 85' lang='grc' dir='ltr'><strong>ἀλλά</strong></span> <span class='ocrx_word' id='word_1_219' title='bbox 2492 1573 2591 1639; x_wconf 78' lang='grc' dir='ltr'><strong>τῆς</strong></span> <span class='ocrx_word' id='word_1_220' title='bbox 2621 1570 2860 1641; x_wconf 80' lang='grc' dir='ltr'><strong>φυσικῆς</strong></span> <span class='ocrx_word' id='word_1_221' title='bbox 2893 1571 3197 1640; x_wconf 67' lang='grc' dir='ltr'><strong>ἀπορροίας</strong></span> <span class='ocrx_word' id='word_1_222' title='bbox 3230 1570 3441 1624; x_wconf 77' lang='grc' dir='ltr'><strong>ἐκείνου</strong></span> <span class='ocrx_word' id='word_1_223' title='bbox 3486 1573 3580 1625; x_wconf 84' lang='grc' dir='ltr'><strong>καὶ</strong></span> <span class='ocrx_word' id='word_1_224' title='bbox 3607 1573 3760 1626; x_wconf 80' lang='grc' dir='ltr'><strong>ποιό-</strong></span> 
     </span>
    </p>
   </div>
   <div class='ocr_carea' id='block_1_31' title="bbox 2184 1663 3763 1734">
    <p class='ocr_par' dir='ltr' id='par_1_31' title="bbox 2184 1663 3763 1734">
     <span class='ocr_line' id='line_1_31' title="bbox 2184 1663 3763 1734; baseline 0.002 -20"><span class='ocrx_word' id='word_1_225' title='bbox 2184 1678 2371 1731; x_wconf 86' lang='grc' dir='ltr'><strong>τητος,</strong></span> <span class='ocrx_word' id='word_1_226' title='bbox 2402 1663 2496 1716; x_wconf 75' lang='grc' dir='ltr'><strong>καὶ</strong></span> <span class='ocrx_word' id='word_1_227' title='bbox 2541 1663 2853 1733; x_wconf 75' lang='grc' dir='ltr'><strong>ἀδιαιρέτου</strong></span> <span class='ocrx_word' id='word_1_228' title='bbox 2900 1663 3206 1734; x_wconf 85' lang='grc' dir='ltr'><strong>δυνάμεως,</strong></span> <span class='ocrx_word' id='word_1_229' title='bbox 3248 1664 3344 1716; x_wconf 63' lang='grc' dir='ltr'><strong>καί⁸</strong></span> <span class='ocrx_word' id='word_1_230' title='bbox 3381 1663 3551 1717; x_wconf 79' lang='grc' dir='ltr'><strong>ταυτὺ</strong></span> <span class='ocrx_word' id='word_1_231' title='bbox 3591 1682 3763 1733; x_wconf 78' lang='grc' dir='ltr'><strong>πεφυο</strong></span> 
     </span>
    </p>
   </div>
   <div class='ocr_carea' id='block_1_32' title="bbox 2183 1752 3759 1826">
    <p class='ocr_par' dir='ltr' id='par_1_32' title="bbox 2183 1752 3759 1826">
     <span class='ocr_line' id='line_1_32' title="bbox 2183 1752 3759 1826; baseline 0.004 -23"><span class='ocrx_word' id='word_1_232' title='bbox 2183 1752 2346 1816; x_wconf 88' lang='grc' dir='ltr'><strong>κυίας</strong></span> <span class='ocrx_word' id='word_1_233' title='bbox 2394 1753 2472 1822; x_wconf 83' lang='grc' dir='ltr'><strong>τῷ</strong></span> <span class='ocrx_word' id='word_1_234' title='bbox 2504 1753 2643 1824; x_wconf 78' lang='grc' dir='ltr'><strong>ἡλίῳ</strong></span> <span class='ocrx_word' id='word_1_235' title='bbox 2671 1755 2766 1806; x_wconf 84' lang='grc' dir='ltr'><strong>καὶ</strong></span> <span class='ocrx_word' id='word_1_236' title='bbox 2799 1754 3010 1823; x_wconf 79' lang='grc' dir='ltr'><strong>ἓτερον,</strong></span> <span class='ocrx_word' id='word_1_237' title='bbox 3062 1755 3201 1808; x_wconf 86' lang='grc' dir='ltr'><strong>κατὰ</strong></span> <span class='ocrx_word' id='word_1_238' title='bbox 3229 1756 3353 1818; x_wconf 79' lang='grc' dir='ltr'><strong>τοὺς</strong></span> <span class='ocrx_word' id='word_1_239' title='bbox 3387 1756 3759 1826; x_wconf 84' lang='grc' dir='ltr'><strong>προσήκοντάς</strong></span> 
     </span>
    </p>
   </div>
   <div class='ocr_carea' id='block_1_33' title="bbox 502 1837 3758 1915">
    <p class='ocr_par' dir='ltr' id='par_1_33' title="bbox 502 1837 3758 1915">
     <span class='ocr_line' id='line_1_33' title="bbox 502 1837 3758 1915; baseline 0.001 -17"><span class='ocrx_word' id='word_1_240' title='bbox 502 1847 814 1915; x_wconf 64' lang='grc' dir='ltr'><strong>πεφᾷκασιν</strong></span> <span class='ocrx_word' id='word_1_241' title='bbox 845 1845 901 1897; x_wconf 87' lang='grc' dir='ltr'><strong>αί</strong></span> <span class='ocrx_word' id='word_1_242' title='bbox 944 1844 1218 1913; x_wconf 70' lang='grc' dir='ltr'><strong>ἐνέργειαι</strong></span> <span class='ocrx_word' id='word_1_243' title='bbox 1251 1837 1433 1909; x_wconf 77' lang='grc' dir='ltr'><strong>αὗται,</strong></span> <span class='ocrx_word' id='word_1_244' title='bbox 1484 1842 1559 1905; x_wconf 87' lang='grc' dir='ltr'><strong>ὡς</strong></span> <span class='ocrx_word' id='word_1_245' title='bbox 1589 1844 1623 1911; x_wconf 75' lang='grc' dir='ltr'><strong>ἡ</strong></span> <span class='ocrx_word' id='word_1_246' title='bbox 1672 1841 1884 1894; x_wconf 86' lang='grc' dir='ltr'><strong>διάνοια</strong></span> <span class='ocrx_word' id='word_1_247' title='bbox 1929 1842 2021 1892; x_wconf 81' lang='grc' dir='ltr'><strong>καὶ</strong></span> <span class='ocrx_word' id='word_1_248' title='bbox 2050 1840 2085 1908; x_wconf 79' lang='grc' dir='ltr'><strong>ἡ</strong></span> <span class='ocrx_word' id='word_1_249' title='bbox 2120 1841 2163 1897; x_wconf 85' lang='grc' dir='ltr'><strong><em>Β</em></strong></span> <span class='ocrx_word' id='word_1_250' title='bbox 2192 1862 2337 1913; x_wconf 88' lang='grc' dir='ltr'><strong>φημι</strong></span> <span class='ocrx_word' id='word_1_251' title='bbox 2366 1843 2580 1912; x_wconf 83' lang='grc' dir='ltr'><strong>λόγους,</strong></span> <span class='ocrx_word' id='word_1_252' title='bbox 2620 1845 2774 1915; x_wconf 81' lang='grc' dir='ltr'><strong>πόσῳ</strong></span> <span class='ocrx_word' id='word_1_253' title='bbox 2804 1846 3009 1915; x_wconf 80' lang='grc' dir='ltr'><strong>μᾶλλον</strong></span> <span class='ocrx_word' id='word_1_254' title='bbox 3036 1847 3130 1899; x_wconf 74' lang='grc' dir='ltr'><strong>ἐπὶ</strong></span> <span class='ocrx_word' id='word_1_255' title='bbox 3156 1846 3250 1899; x_wconf 87' lang='grc' dir='ltr'><strong>τοῦ</strong></span> <span class='ocrx_word' id='word_1_256' title='bbox 3276 1846 3411 1899; x_wconf 91' lang='grc' dir='ltr'><strong>Θεοῦ</strong></span> <span class='ocrx_word' id='word_1_257' title='bbox 3438 1847 3583 1901; x_wconf 80' lang='grc' dir='ltr'><strong>τοῦτ’</strong></span> <span class='ocrx_word' id='word_1_258' title='bbox 3606 1847 3758 1901; x_wconf 83' lang='grc' dir='ltr'><strong>ἐσται</strong></span> 
     </span>
    </p>
   </div>
   <div class='ocr_carea' id='block_1_34' title="bbox 498 1933 2082 2009">
    <p class='ocr_par' dir='ltr' id='par_1_34' title="bbox 498 1933 2082 2009">
     <span class='ocr_line' id='line_1_34' title="bbox 498 1933 2082 2009; baseline -0.004 -18"><span class='ocrx_word' id='word_1_259' title='bbox 498 1939 778 2009; x_wconf 74' lang='grc' dir='ltr'><strong>ἐπιστήμη</strong></span> <span class='ocrx_word' id='word_1_260' title='bbox 816 1936 910 1989; x_wconf 85' lang='grc' dir='ltr'><strong>τοῦ</strong></span> <span class='ocrx_word' id='word_1_261' title='bbox 943 1937 1057 2002; x_wconf 90' lang='grc' dir='ltr'><strong>νοῦ,</strong></span> <span class='ocrx_word' id='word_1_262' title='bbox 1094 1937 1185 1988; x_wconf 66' lang='grc' dir='ltr'><strong>καὶ</strong></span> <span class='ocrx_word' id='word_1_263' title='bbox 1219 1938 1246 2005; x_wconf 64' lang='grc' dir='ltr'>ἢ</span> <span class='ocrx_word' id='word_1_264' title='bbox 1281 1934 1516 2006; x_wconf 80' lang='grc' dir='ltr'><strong>δύναμις</strong></span> <span class='ocrx_word' id='word_1_265' title='bbox 1563 1933 1660 1987; x_wconf 91' lang='grc' dir='ltr'><strong>τοῦ</strong></span> <span class='ocrx_word' id='word_1_266' title='bbox 1691 1933 1946 1996; x_wconf 82' lang='grc' dir='ltr'><strong>δυνατοῦ,</strong></span> <span class='ocrx_word' id='word_1_267' title='bbox 1986 1933 2082 1986; x_wconf 73' lang='grc' dir='ltr'><strong>καὶ</strong></span> 
     </span>
    </p>
   </div>
   <div class='ocr_carea' id='block_1_35' title="bbox 495 2023 2082 2096">
    <p class='ocr_par' dir='ltr' id='par_1_35' title="bbox 495 2023 2082 2096">
     <span class='ocr_line' id='line_1_35' title="bbox 495 2023 2082 2096; baseline -0.001 -17"><span class='ocrx_word' id='word_1_268' title='bbox 495 2029 593 2080; x_wconf 88' lang='grc' dir='ltr'><strong>τοῦ</strong></span> <span class='ocrx_word' id='word_1_269' title='bbox 624 2029 941 2095; x_wconf 81' lang='grc' dir='ltr'><strong>κινουμένου</strong></span> <span class='ocrx_word' id='word_1_270' title='bbox 991 2029 1024 2096; x_wconf 78' lang='grc' dir='ltr'><strong>ἡ</strong></span> <span class='ocrx_word' id='word_1_271' title='bbox 1070 2026 1311 2095; x_wconf 86' lang='grc' dir='ltr'><strong>κίνησις,</strong></span> <span class='ocrx_word' id='word_1_272' title='bbox 1354 2024 1514 2094; x_wconf 80' lang='grc' dir='ltr'><strong>φασὶν</strong></span> <span class='ocrx_word' id='word_1_273' title='bbox 1567 2026 1615 2077; x_wconf 93' lang='grc' dir='ltr'><strong>οί</strong></span> <span class='ocrx_word' id='word_1_274' title='bbox 1646 2025 1825 2086; x_wconf 77' lang='grc' dir='ltr'><strong>αὐτοὶ,</strong></span> <span class='ocrx_word' id='word_1_275' title='bbox 1878 2026 1972 2076; x_wconf 68' lang='grc' dir='ltr'><strong>καὶ</strong></span> <span class='ocrx_word' id='word_1_276' title='bbox 1998 2023 2082 2077; x_wconf 84' lang='grc' dir='ltr'><strong>ὅτι</strong></span> 
     </span>
    </p>
   </div>
   <div class='ocr_carea' id='block_1_36' title="bbox 496 2113 2078 2189">
    <p class='ocr_par' dir='ltr' id='par_1_36' title="bbox 496 2113 2078 2189">
     <span class='ocr_line' id='line_1_36' title="bbox 496 2113 2078 2189; baseline -0.004 -17"><span class='ocrx_word' id='word_1_277' title='bbox 496 2120 617 2173; x_wconf 76' lang='grc' dir='ltr'><strong>ὅλον</strong></span> <span class='ocrx_word' id='word_1_278' title='bbox 650 2121 707 2171; x_wconf 91' lang='grc' dir='ltr'><strong>ἐν</strong></span> <span class='ocrx_word' id='word_1_279' title='bbox 746 2119 965 2189; x_wconf 79' lang='grc' dir='ltr'><strong>ἑκάστῳ</strong></span> <span class='ocrx_word' id='word_1_280' title='bbox 994 2119 1055 2171; x_wconf 75' lang='grc' dir='ltr'><strong>τὸ</strong></span> <span class='ocrx_word' id='word_1_281' title='bbox 1085 2117 1241 2185; x_wconf 71' lang='grc' dir='ltr'><strong>ἅγιόν</strong></span> <span class='ocrx_word' id='word_1_282' title='bbox 1268 2118 1387 2169; x_wconf 90' lang='grc' dir='ltr'><strong>ἐστι</strong></span> <span class='ocrx_word' id='word_1_283' title='bbox 1433 2114 1659 2185; x_wconf 80' lang='grc' dir='ltr'><strong>Πνεῦμα</strong></span> <span class='ocrx_word' id='word_1_284' title='bbox 1695 2114 1769 2178; x_wconf 85' lang='grc' dir='ltr'><strong>ὡς</strong></span> <span class='ocrx_word' id='word_1_285' title='bbox 1798 2113 2078 2185; x_wconf 87' lang='grc' dir='ltr'><strong>ἐνεργοῦν,</strong></span> 
     </span>
    </p>
   </div>
   <div class='ocr_carea' id='block_1_37' title="bbox 494 2206 2081 2278">
    <p class='ocr_par' dir='ltr' id='par_1_37' title="bbox 494 2206 2081 2278">
     <span class='ocr_line' id='line_1_37' title="bbox 494 2206 2081 2278; baseline -0.004 -13"><span class='ocrx_word' id='word_1_286' title='bbox 494 2212 634 2265; x_wconf 84' lang='grc' dir='ltr'><strong>κατά</strong></span> <span class='ocrx_word' id='word_1_287' title='bbox 680 2210 908 2273; x_wconf 87' lang='grc' dir='ltr'><strong>τούτους</strong></span> <span class='ocrx_word' id='word_1_288' title='bbox 952 2210 1151 2272; x_wconf 81' lang='grc' dir='ltr'><strong>αὐτοὺς</strong></span> <span class='ocrx_word' id='word_1_289' title='bbox 1192 2208 1374 2272; x_wconf 77' lang='grc' dir='ltr'><strong>αὖθις.</strong></span> <span class='ocrx_word' id='word_1_290' title='bbox 1400 2208 1581 2277; x_wconf 80' lang='grc' dir='ltr'><strong>Ἀπερ</strong></span> <span class='ocrx_word' id='word_1_291' title='bbox 1612 2208 1663 2261; x_wconf 85' lang='grc' dir='ltr'><strong>οἱ</strong></span> <span class='ocrx_word' id='word_1_292' title='bbox 1698 2207 1774 2278; x_wconf 79' lang='grc' dir='ltr'><strong>μὴ</strong></span> <span class='ocrx_word' id='word_1_293' title='bbox 1814 2206 2081 2278; x_wconf 79' lang='grc' dir='ltr'><strong>βουλόμε-</strong></span> 
     </span>
    </p>
   </div>
   <div class='ocr_carea' id='block_1_38' title="bbox 492 2299 2081 2372">
    <p class='ocr_par' dir='ltr' id='par_1_38' title="bbox 492 2299 2081 2372">
     <span class='ocr_line' id='line_1_38' title="bbox 492 2299 2081 2372; baseline -0.003 -17"><span class='ocrx_word' id='word_1_294' title='bbox 492 2320 575 2356; x_wconf 90' lang='grc' dir='ltr'><strong>νοι</strong></span> <span class='ocrx_word' id='word_1_295' title='bbox 616 2304 807 2372; x_wconf 81' lang='grc' dir='ltr'><strong>μαθεῖν</strong></span> <span class='ocrx_word' id='word_1_296' title='bbox 834 2301 1209 2371; x_wconf 77' lang='grc' dir='ltr'><strong>τυφλώττουσί</strong></span> <span class='ocrx_word' id='word_1_297' title='bbox 1239 2319 1300 2353; x_wconf 89' lang='grc' dir='ltr'><strong>τε</strong></span> <span class='ocrx_word' id='word_1_298' title='bbox 1331 2303 1457 2371; x_wconf 72' lang='grc' dir='ltr'><strong>περὶ</strong></span> <span class='ocrx_word' id='word_1_299' title='bbox 1484 2301 1545 2355; x_wconf 88' lang='grc' dir='ltr'><strong>τὺ</strong></span> <span class='ocrx_word' id='word_1_300' title='bbox 1572 2300 1685 2369; x_wconf 85' lang='grc' dir='ltr'><strong>φῶς</strong></span> <span class='ocrx_word' id='word_1_301' title='bbox 1713 2300 1917 2359; x_wconf 69' lang='grc' dir='ltr'><strong>ἑκοντὶ,</strong></span> <span class='ocrx_word' id='word_1_302' title='bbox 1944 2299 2081 2366; x_wconf 84' lang='grc' dir='ltr'><strong>ἄτης</strong></span> 
     </span>
    </p>
   </div>
   <div class='ocr_carea' id='block_1_39' title="bbox 493 2389 2078 2464">
    <p class='ocr_par' dir='ltr' id='par_1_39' title="bbox 493 2389 2078 2464">
     <span class='ocr_line' id='line_1_39' title="bbox 493 2389 2078 2464; baseline -0.004 -17"><span class='ocrx_word' id='word_1_303' title='bbox 493 2397 553 2459; x_wconf 83' lang='grc' dir='ltr'><strong>ἐν</strong></span> <span class='ocrx_word' id='word_1_304' title='bbox 580 2393 816 2464; x_wconf 88' lang='grc' dir='ltr'><strong>χειμῶνι</strong></span> <span class='ocrx_word' id='word_1_305' title='bbox 852 2395 997 2447; x_wconf 85' lang='grc' dir='ltr'><strong>κατὰ</strong></span> <span class='ocrx_word' id='word_1_306' title='bbox 1026 2392 1217 2445; x_wconf 80' lang='grc' dir='ltr'><strong>σκότον</strong></span> <span class='ocrx_word' id='word_1_307' title='bbox 1246 2392 1579 2462; x_wconf 78' lang='grc' dir='ltr'><strong>ἠλάσκοντες</strong></span> <span class='ocrx_word' id='word_1_308' title='bbox 1598 2407 1612 2421; x_wconf 74' lang='grc' dir='ltr'><strong>ο</strong></span> <span class='ocrx_word' id='word_1_309' title='bbox 1646 2390 1678 2462; x_wconf 76' lang='grc' dir='ltr'>ἢ</span> <span class='ocrx_word' id='word_1_310' title='bbox 1705 2390 1766 2443; x_wconf 79' lang='grc' dir='ltr'><strong>τὸ</strong></span> <span class='ocrx_word' id='word_1_311' title='bbox 1798 2390 1895 2459; x_wconf 77' lang='grc' dir='ltr'><strong>τῆς</strong></span> <span class='ocrx_word' id='word_1_312' title='bbox 1926 2389 2078 2451; x_wconf 88' lang='grc' dir='ltr'><strong>θείας</strong></span> 
     </span>
    </p>
   </div>
   <div class='ocr_carea' id='block_1_40' title="bbox 496 2476 2079 2556">
    <p class='ocr_par' dir='ltr' id='par_1_40' title="bbox 496 2476 2079 2556">
     <span class='ocr_line' id='line_1_40' title="bbox 496 2476 2079 2556; baseline -0.006 -16"><span class='ocrx_word' id='word_1_313' title='bbox 496 2488 697 2556; x_wconf 82' lang='grc' dir='ltr'><strong>μᾶλλον</strong></span> <span class='ocrx_word' id='word_1_314' title='bbox 728 2490 905 2539; x_wconf 82' lang='grc' dir='ltr'><strong>είτεῖν</strong></span> <span class='ocrx_word' id='word_1_315' title='bbox 937 2489 1032 2538; x_wconf 73' lang='grc' dir='ltr'><strong>καὶ</strong></span> <span class='ocrx_word' id='word_1_316' title='bbox 1068 2482 1223 2548; x_wconf 80' lang='grc' dir='ltr'><strong>αὖθις</strong></span> <span class='ocrx_word' id='word_1_317' title='bbox 1275 2485 1523 2555; x_wconf 79' lang='grc' dir='ltr'><strong>Γραφῆς,</strong></span> <span class='ocrx_word' id='word_1_318' title='bbox 1568 2481 1795 2551; x_wconf 66' lang='grc' dir='ltr'><strong>Τυφλοί</strong></span> <span class='ocrx_word' id='word_1_319' title='bbox 1838 2476 2079 2550; x_wconf 75' lang='grc' dir='ltr'><strong>μυωπά-</strong></span> 
     </span>
    </p>
   </div>
   <div class='ocr_carea' id='block_1_41' title="bbox 492 2572 2078 2647">
    <p class='ocr_par' dir='ltr' id='par_1_41' title="bbox 492 2572 2078 2647">
     <span class='ocr_line' id='line_1_41' title="bbox 492 2572 2078 2647; baseline -0.003 -15"><span class='ocrx_word' id='word_1_320' title='bbox 492 2575 695 2645; x_wconf 71' lang='grc' dir='ltr'><strong>ζοντες</strong></span> <span class='ocrx_word' id='word_1_321' title='bbox 751 2579 945 2646; x_wconf 82' lang='grc' dir='ltr'><strong>ὄντες,</strong></span> <span class='ocrx_word' id='word_1_322' title='bbox 1003 2579 1102 2632; x_wconf 78' lang='grc' dir='ltr'><strong>καὶ</strong></span> <span class='ocrx_word' id='word_1_323' title='bbox 1156 2579 1238 2645; x_wconf 82' lang='grc' dir='ltr'><strong>ὡς</strong></span> <span class='ocrx_word' id='word_1_324' title='bbox 1276 2578 1365 2647; x_wconf 76' lang='grc' dir='ltr'><strong>μὴ</strong></span> <span class='ocrx_word' id='word_1_325' title='bbox 1423 2576 1822 2646; x_wconf 77' lang='grc' dir='ltr'><strong>ὑπαρχόντων</strong></span> <span class='ocrx_word' id='word_1_326' title='bbox 1870 2572 2078 2639; x_wconf 81' lang='grc' dir='ltr'><strong>αὐτοῖς</strong></span> 
     </span>
    </p>
   </div>
   <div class='ocr_carea' id='block_1_42' title="bbox 497 2668 1763 2741">
    <p class='ocr_par' dir='ltr' id='par_1_42' title="bbox 497 2668 1763 2741">
     <span class='ocr_line' id='line_1_42' title="bbox 497 2668 1763 2741; baseline -0.002 -19"><span class='ocrx_word' id='word_1_327' title='bbox 497 2671 847 2741; x_wconf 62' lang='grc' dir='ltr'><strong>ὀφθαλμῶν,</strong></span> <span class='ocrx_word' id='word_1_328' title='bbox 883 2671 1292 2741; x_wconf 67' lang='grc' dir='ltr'><strong>ψηλαφῶντες</strong></span> <span class='ocrx_word' id='word_1_329' title='bbox 1319 2670 1547 2739; x_wconf 80' lang='grc' dir='ltr'><strong>τοῖχον,</strong></span> <span class='ocrx_word' id='word_1_330' title='bbox 1578 2668 1763 2739; x_wconf 91' lang='grc' dir='ltr'><strong>φησίν.</strong></span> 
     </span>
    </p>
   </div>
   <div class='ocr_carea' id='block_1_43' title="bbox 569 2760 2076 2833">
    <p class='ocr_par' dir='ltr' id='par_1_43' title="bbox 569 2760 2076 2833">
     <span class='ocr_line' id='line_1_43' title="bbox 569 2760 2076 2833; baseline 0 -18"><span class='ocrx_word' id='word_1_331' title='bbox 569 2765 769 2833; x_wconf 80' lang='grc' dir='ltr'><strong>Ἤρκει</strong></span> <span class='ocrx_word' id='word_1_332' title='bbox 805 2764 902 2833; x_wconf 83' lang='grc' dir='ltr'><strong>μὲν</strong></span> <span class='ocrx_word' id='word_1_333' title='bbox 942 2760 1035 2818; x_wconf 83' lang='grc' dir='ltr'><strong>οῦν</strong></span> <span class='ocrx_word' id='word_1_334' title='bbox 1098 2765 1193 2816; x_wconf 70' lang='grc' dir='ltr'><strong>καὶ</strong></span> <span class='ocrx_word' id='word_1_335' title='bbox 1232 2762 1406 2816; x_wconf 90' lang='grc' dir='ltr'><strong>ταῦτα</strong></span> <span class='ocrx_word' id='word_1_336' title='bbox 1456 2762 1596 2833; x_wconf 86' lang='grc' dir='ltr'><strong>πρός</strong></span> <span class='ocrx_word' id='word_1_337' title='bbox 1625 2778 1689 2831; x_wconf 87' lang='grc' dir='ltr'><strong>γε</strong></span> <span class='ocrx_word' id='word_1_338' title='bbox 1716 2762 1809 2814; x_wconf 76' lang='grc' dir='ltr'><strong>τὸν</strong></span> <span class='ocrx_word' id='word_1_339' title='bbox 1866 2761 2076 2816; x_wconf 82' lang='grc' dir='ltr'><strong>ἄνωθεν</strong></span> 
     </span>
    </p>
   </div>
   <div class='ocr_carea' id='block_1_44' title="bbox 494 2852 2075 2924">
    <p class='ocr_par' dir='ltr' id='par_1_44' title="bbox 494 2852 2075 2924">
     <span class='ocr_line' id='line_1_44' title="bbox 494 2852 2075 2924; baseline -0.001 -19"><span class='ocrx_word' id='word_1_340' title='bbox 494 2853 696 2906; x_wconf 81' lang='grc' dir='ltr'><strong>σκοπὸν</strong></span> <span class='ocrx_word' id='word_1_341' title='bbox 743 2853 838 2905; x_wconf 77' lang='grc' dir='ltr'><strong>καὶ</strong></span> <span class='ocrx_word' id='word_1_342' title='bbox 897 2853 957 2906; x_wconf 80' lang='grc' dir='ltr'><strong>τὸ</strong></span> <span class='ocrx_word' id='word_1_343' title='bbox 992 2853 1369 2924; x_wconf 81' lang='grc' dir='ltr'><strong>ζητούμενον·</strong></span> <span class='ocrx_word' id='word_1_344' title='bbox 1417 2853 1532 2906; x_wconf 78' lang='grc' dir='ltr'><strong>ἀλλ’</strong></span> <span class='ocrx_word' id='word_1_345' title='bbox 1569 2853 1735 2923; x_wconf 77' lang='grc' dir='ltr'><strong>ἡμεῖς</strong></span> <span class='ocrx_word' id='word_1_346' title='bbox 1783 2852 2075 2923; x_wconf 69' lang='grc' dir='ltr'><strong>περιουσία</strong></span> 
     </span>
    </p>
   </div>
   <div class='ocr_carea' id='block_1_45' title="bbox 489 2943 2076 3014">
    <p class='ocr_par' dir='ltr' id='par_1_45' title="bbox 489 2943 2076 3014">
     <span class='ocr_line' id='line_1_45' title="bbox 489 2943 2076 3014; baseline 0 -19"><span class='ocrx_word' id='word_1_347' title='bbox 489 2943 585 2997; x_wconf 87' lang='grc' dir='ltr'><strong>τοῦ</strong></span> <span class='ocrx_word' id='word_1_348' title='bbox 615 2944 713 3012; x_wconf 82' lang='grc' dir='ltr'><strong>τῆς</strong></span> <span class='ocrx_word' id='word_1_349' title='bbox 753 2943 1015 3014; x_wconf 83' lang='grc' dir='ltr'><strong>ἀληθείας</strong></span> <span class='ocrx_word' id='word_1_350' title='bbox 1058 2943 1243 3010; x_wconf 78' lang='grc' dir='ltr'><strong>λόγου,</strong></span> <span class='ocrx_word' id='word_1_351' title='bbox 1278 2944 1370 2996; x_wconf 82' lang='grc' dir='ltr'><strong>καὶ</strong></span> <span class='ocrx_word' id='word_1_352' title='bbox 1401 2944 1501 3008; x_wconf 80' lang='grc' dir='ltr'><strong>τὰς</strong></span> <span class='ocrx_word' id='word_1_353' title='bbox 1528 2944 1723 3006; x_wconf 83' lang='grc' dir='ltr'><strong>λοιπάς</strong></span> <span class='ocrx_word' id='word_1_354' title='bbox 1752 2944 1861 2997; x_wconf 86' lang='grc' dir='ltr'><strong>τῶν</strong></span> <span class='ocrx_word' id='word_1_355' title='bbox 1895 2943 2076 2995; x_wconf 80' lang='grc' dir='ltr'><strong>θεολό-</strong></span> 
     </span>
    </p>
   </div>
   <div class='ocr_carea' id='block_1_46' title="bbox 490 3031 2075 3106">
    <p class='ocr_par' dir='ltr' id='par_1_46' title="bbox 490 3031 2075 3106">
     <span class='ocr_line' id='line_1_46' title="bbox 490 3031 2075 3106; baseline 0.002 -19"><span class='ocrx_word' id='word_1_356' title='bbox 490 3051 605 3102; x_wconf 90' lang='grc' dir='ltr'><strong>γων</strong></span> <span class='ocrx_word' id='word_1_357' title='bbox 631 3031 790 3097; x_wconf 78' lang='grc' dir='ltr'><strong>αὖθις</strong></span> <span class='ocrx_word' id='word_1_358' title='bbox 842 3038 1026 3104; x_wconf 82' lang='grc' dir='ltr'><strong>φωνὰς</strong></span> <span class='ocrx_word' id='word_1_359' title='bbox 1075 3036 1153 3105; x_wconf 85' lang='grc' dir='ltr'><strong>τῷ</strong></span> <span class='ocrx_word' id='word_1_360' title='bbox 1194 3037 1339 3106; x_wconf 75' lang='grc' dir='ltr'><strong>λόγῳ</strong></span> <span class='ocrx_word' id='word_1_361' title='bbox 1376 3039 1809 3105; x_wconf 83' lang='grc' dir='ltr'><strong>συνεισενεγκεῖν</strong></span> <span class='ocrx_word' id='word_1_362' title='bbox 1843 3037 2075 3091; x_wconf 85' lang='grc' dir='ltr'><strong>σπεύσο-</strong></span> 
     </span>
    </p>
   </div>
   <div class='ocr_carea' id='block_1_47' title="bbox 493 3122 2073 3196">
    <p class='ocr_par' dir='ltr' id='par_1_47' title="bbox 493 3122 2073 3196">
     <span class='ocr_line' id='line_1_47' title="bbox 493 3122 2073 3196; baseline 0.001 -20"><span class='ocrx_word' id='word_1_363' title='bbox 493 3141 615 3194; x_wconf 89' lang='grc' dir='ltr'><strong>μεν,</strong></span> <span class='ocrx_word' id='word_1_364' title='bbox 651 3126 745 3177; x_wconf 66' lang='grc' dir='ltr'><strong>καὶ</strong></span> <span class='ocrx_word' id='word_1_365' title='bbox 784 3126 957 3191; x_wconf 79' lang='grc' dir='ltr'><strong>δεῖξαι</strong></span> <span class='ocrx_word' id='word_1_366' title='bbox 987 3129 1083 3178; x_wconf 68' lang='grc' dir='ltr'><strong>καὶ</strong></span> <span class='ocrx_word' id='word_1_367' title='bbox 1130 3122 1288 3190; x_wconf 83' lang='grc' dir='ltr'><strong>αὖθις</strong></span> <span class='ocrx_word' id='word_1_368' title='bbox 1321 3128 1431 3189; x_wconf 89' lang='grc' dir='ltr'><strong>τοῖς</strong></span> <span class='ocrx_word' id='word_1_369' title='bbox 1463 3127 1808 3196; x_wconf 79' lang='grc' dir='ltr'><strong>ἀντιλέγουσι</strong></span> <span class='ocrx_word' id='word_1_370' title='bbox 1863 3125 2073 3190; x_wconf 77' lang='grc' dir='ltr'><strong>τούτοις</strong></span> 
     </span>
    </p>
   </div>
   <div class='ocr_carea' id='block_1_48' title="bbox 492 3216 2073 3289">
    <p class='ocr_par' dir='ltr' id='par_1_48' title="bbox 492 3216 2073 3289">
     <span class='ocr_line' id='line_1_48' title="bbox 492 3216 2073 3289; baseline 0.003 -21"><span class='ocrx_word' id='word_1_371' title='bbox 492 3217 677 3286; x_wconf 76' lang='grc' dir='ltr'><strong>ῥητῶς</strong></span> <span class='ocrx_word' id='word_1_372' title='bbox 706 3216 768 3269; x_wconf 85' lang='grc' dir='ltr'><strong>τδ</strong></span> <span class='ocrx_word' id='word_1_373' title='bbox 804 3217 905 3286; x_wconf 79' lang='grc' dir='ltr'><strong>τῆς</strong></span> <span class='ocrx_word' id='word_1_374' title='bbox 949 3217 1104 3280; x_wconf 85' lang='grc' dir='ltr'><strong>θείας</strong></span> <span class='ocrx_word' id='word_1_375' title='bbox 1145 3218 1337 3282; x_wconf 81' lang='grc' dir='ltr'><strong>οὐσίας</strong></span> <span class='ocrx_word' id='word_1_376' title='bbox 1375 3219 1678 3287; x_wconf 89' lang='grc' dir='ltr'><strong>ἀμέοεκτον</strong></span> <span class='ocrx_word' id='word_1_377' title='bbox 1703 3238 1717 3252; x_wconf 89' lang='grc'><strong>·</strong></span> <span class='ocrx_word' id='word_1_378' title='bbox 1754 3218 1945 3289; x_wconf 81' lang='grc' dir='ltr'><strong>ἐπειδὴ</strong></span> <span class='ocrx_word' id='word_1_379' title='bbox 1977 3220 2073 3272; x_wconf 81' lang='grc' dir='ltr'><strong>καὶ</strong></span> 
     </span>
    </p>
   </div>
   <div class='ocr_carea' id='block_1_49' title="bbox 486 3310 2075 3380">
    <p class='ocr_par' dir='ltr' id='par_1_49' title="bbox 486 3310 2075 3380">
     <span class='ocr_line' id='line_1_49' title="bbox 486 3310 2075 3380; baseline 0.002 -20"><span class='ocrx_word' id='word_1_380' title='bbox 486 3310 762 3379; x_wconf 72' lang='grc' dir='ltr'><strong>κρύπτειν</strong></span> <span class='ocrx_word' id='word_1_381' title='bbox 789 3310 988 3363; x_wconf 84' lang='grc' dir='ltr'><strong>ἐκεῖνοι</strong></span> <span class='ocrx_word' id='word_1_382' title='bbox 1021 3311 1262 3380; x_wconf 83' lang='grc' dir='ltr'><strong>μάλιστα</strong></span> <span class='ocrx_word' id='word_1_383' title='bbox 1296 3310 1500 3373; x_wconf 86' lang='grc' dir='ltr'><strong>ταύτας</strong></span> <span class='ocrx_word' id='word_1_384' title='bbox 1526 3310 1951 3375; x_wconf 74' lang='grc' dir='ltr'><strong>σπουδάζοντες,</strong></span> <span class='ocrx_word' id='word_1_385' title='bbox 1981 3327 2075 3363; x_wconf 75' lang='grc' dir='ltr'><strong>πε-</strong></span> 
     </span>
    </p>
   </div>
   <div class='ocr_carea' id='block_1_50' title="bbox 487 3400 2073 3473">
    <p class='ocr_par' dir='ltr' id='par_1_50' title="bbox 487 3400 2073 3473">
     <span class='ocr_line' id='line_1_50' title="bbox 487 3400 2073 3473; baseline 0.002 -21"><span class='ocrx_word' id='word_1_386' title='bbox 487 3400 609 3453; x_wconf 87' lang='grc' dir='ltr'><strong>νίαν</strong></span> <span class='ocrx_word' id='word_1_387' title='bbox 646 3402 777 3470; x_wconf 72' lang='grc' dir='ltr'><strong>ἡμῖν</strong></span> <span class='ocrx_word' id='word_1_388' title='bbox 839 3402 999 3470; x_wconf 80' lang='grc' dir='ltr'><strong>λόγου</strong></span> <span class='ocrx_word' id='word_1_389' title='bbox 1050 3405 1148 3457; x_wconf 79' lang='grc' dir='ltr'><strong>καὶ</strong></span> <span class='ocrx_word' id='word_1_390' title='bbox 1190 3402 1543 3467; x_wconf 82' lang='grc' dir='ltr'><strong>ἀποδείξεως,</strong></span> <span class='ocrx_word' id='word_1_391' title='bbox 1601 3403 1695 3455; x_wconf 74' lang='grc' dir='ltr'><strong>καὶ</strong></span> <span class='ocrx_word' id='word_1_392' title='bbox 1747 3403 2073 3473; x_wconf 88' lang='grc' dir='ltr'><strong>συμμαχίας</strong></span> 
     </span>
    </p>
   </div>
   <div class='ocr_carea' id='block_1_51' title="bbox 494 3491 2073 3562">
    <p class='ocr_par' dir='ltr' id='par_1_51' title="bbox 494 3491 2073 3562">
     <span class='ocr_line' id='line_1_51' title="bbox 494 3491 2073 3562; baseline -0.001 -17"><span class='ocrx_word' id='word_1_393' title='bbox 494 3492 657 3562; x_wconf 73' lang='grc' dir='ltr'><strong>ἱερῶν</strong></span> <span class='ocrx_word' id='word_1_394' title='bbox 690 3491 980 3560; x_wconf 87' lang='grc' dir='ltr'><strong>θεολόγων,</strong></span> <span class='ocrx_word' id='word_1_395' title='bbox 1014 3495 1071 3546; x_wconf 86' lang='grc' dir='ltr'><strong>ἐν</strong></span> <span class='ocrx_word' id='word_1_396' title='bbox 1098 3496 1213 3556; x_wconf 87' lang='grc' dir='ltr'><strong>τοῖς</strong></span> <span class='ocrx_word' id='word_1_397' title='bbox 1242 3494 1527 3562; x_wconf 78' lang='grc' dir='ltr'><strong>σφετέροις</strong></span> <span class='ocrx_word' id='word_1_398' title='bbox 1556 3493 1738 3546; x_wconf 77' lang='grc' dir='ltr'><strong>αὐτῶν</strong></span> <span class='ocrx_word' id='word_1_399' title='bbox 1762 3494 1944 3562; x_wconf 87' lang='grc' dir='ltr'><strong>λόγοις</strong></span> <span class='ocrx_word' id='word_1_400' title='bbox 1975 3509 2073 3545; x_wconf 88' lang='grc' dir='ltr'><strong>συ-</strong></span> 
     </span>
    </p>
   </div>
   <div class='ocr_carea' id='block_1_52' title="bbox 488 3583 2073 3655">
    <p class='ocr_par' dir='ltr' id='par_1_52' title="bbox 488 3583 2073 3655">
     <span class='ocr_line' id='line_1_52' title="bbox 488 3583 2073 3655; baseline 0.002 -19"><span class='ocrx_word' id='word_1_401' title='bbox 488 3583 663 3654; x_wconf 74' lang='grc' dir='ltr'><strong>νεχῶς</strong></span> <span class='ocrx_word' id='word_1_402' title='bbox 712 3583 1053 3649; x_wconf 77' lang='grc' dir='ltr'><strong>ὀνειδίζουσι.</strong></span> <span class='ocrx_word' id='word_1_403' title='bbox 1082 3640 1089 3645; x_wconf 70' lang='grc'><strong>,</strong></span> <span class='ocrx_word' id='word_1_404' title='bbox 1117 3587 1334 3640; x_wconf 80' lang='grc' dir='ltr'><strong>Μᾶλλον</strong></span> <span class='ocrx_word' id='word_1_405' title='bbox 1376 3587 1434 3639; x_wconf 83' lang='grc' dir='ltr'><strong>δὲ</strong></span> <span class='ocrx_word' id='word_1_406' title='bbox 1465 3586 1534 3641; x_wconf 82' lang='grc' dir='ltr'><strong>τὰ</strong></span> <span class='ocrx_word' id='word_1_407' title='bbox 1575 3587 1671 3655; x_wconf 81' lang='grc' dir='ltr'><strong>τῆς</strong></span> <span class='ocrx_word' id='word_1_408' title='bbox 1726 3586 1946 3640; x_wconf 86' lang='grc' dir='ltr'><strong>συνόδου</strong></span> <span class='ocrx_word' id='word_1_409' title='bbox 1977 3589 2073 3640; x_wconf 71' lang='grc' dir='ltr'><strong>καὶ</strong></span> 
     </span>
    </p>
   </div>
   <div class='ocr_carea' id='block_1_53' title="bbox 490 3674 2073 3750">
    <p class='ocr_par' dir='ltr' id='par_1_53' title="bbox 490 3674 2073 3750">
     <span class='ocr_line' id='line_1_53' title="bbox 490 3674 2073 3750; baseline 0.003 -23"><span class='ocrx_word' id='word_1_410' title='bbox 490 3675 590 3728; x_wconf 86' lang='grc' dir='ltr'><strong>τοῦ</strong></span> <span class='ocrx_word' id='word_1_411' title='bbox 644 3674 849 3747; x_wconf 88' lang='grc' dir='ltr'><strong>ταύτης</strong></span> <span class='ocrx_word' id='word_1_412' title='bbox 902 3677 1051 3746; x_wconf 86' lang='grc' dir='ltr'><strong>ίεροῦ</strong></span> <span class='ocrx_word' id='word_1_413' title='bbox 1082 3677 1249 3748; x_wconf 89' lang='grc' dir='ltr'><strong>τόμου</strong></span> <span class='ocrx_word' id='word_1_414' title='bbox 1301 3678 1583 3731; x_wconf 84' lang='grc' dir='ltr'><strong>κάνταῦθα</strong></span> <span class='ocrx_word' id='word_1_415' title='bbox 1640 3678 1888 3745; x_wconf 88' lang='grc' dir='ltr'><strong>λεγέσθω</strong></span> <span class='ocrx_word' id='word_1_416' title='bbox 1936 3680 2073 3750; x_wconf 80' lang='grc' dir='ltr'><strong>πρό-</strong></span> 
     </span>
    </p>
   </div>
   <div class='ocr_carea' id='block_1_54' title="bbox 489 3765 2077 3840">
    <p class='ocr_par' dir='ltr' id='par_1_54' title="bbox 489 3765 2077 3840">
     <span class='ocr_line' id='line_1_54' title="bbox 489 3765 2077 3840; baseline 0.004 -25"><span class='ocrx_word' id='word_1_417' title='bbox 489 3778 650 3833; x_wconf 85' lang='grc' dir='ltr'><strong>τερα,</strong></span> <span class='ocrx_word' id='word_1_418' title='bbox 688 3766 777 3817; x_wconf 80' lang='grc' dir='ltr'><strong>ἵνα</strong></span> <span class='ocrx_word' id='word_1_419' title='bbox 809 3765 1107 3820; x_wconf 84' lang='grc' dir='ltr'><strong>κάντεῦθεν</strong></span> <span class='ocrx_word' id='word_1_420' title='bbox 1159 3769 1255 3820; x_wconf 75' lang='grc' dir='ltr'><strong>καὶ</strong></span> <span class='ocrx_word' id='word_1_421' title='bbox 1292 3766 1622 3837; x_wconf 76' lang='grc' dir='ltr'><strong>ψευδόμενος</strong></span> <span class='ocrx_word' id='word_1_422' title='bbox 1658 3771 1752 3823; x_wconf 79' lang='grc' dir='ltr'><strong>καὶ</strong></span> <span class='ocrx_word' id='word_1_423' title='bbox 1803 3787 2077 3840; x_wconf 86' lang='grc' dir='ltr'><strong>συκοφαν-</strong></span> 
     </span>
    </p>
   </div>
   <div class='ocr_carea' id='block_1_55' title="bbox 487 3853 2076 3929">
    <p class='ocr_par' dir='ltr' id='par_1_55' title="bbox 487 3853 2076 3929">
     <span class='ocr_line' id='line_1_55' title="bbox 487 3853 2076 3929; baseline 0.006 -24"><span class='ocrx_word' id='word_1_424' title='bbox 487 3853 600 3906; x_wconf 85' lang='grc' dir='ltr'><strong>τῶν</strong></span> <span class='ocrx_word' id='word_1_425' title='bbox 629 3855 658 3906; x_wconf 89' lang='grc' dir='ltr'><strong>ό</strong></span> <span class='ocrx_word' id='word_1_426' title='bbox 682 3854 888 3908; x_wconf 86' lang='grc' dir='ltr'><strong>τούτων</strong></span> <span class='ocrx_word' id='word_1_427' title='bbox 928 3856 1277 3928; x_wconf 69' lang='grc' dir='ltr'><strong>ἐξελεγχθείη</strong></span> <span class='ocrx_word' id='word_1_428' title='bbox 1324 3860 1650 3929; x_wconf 83' lang='grc' dir='ltr'><strong>κατήγορος.</strong></span> <span class='ocrx_word' id='word_1_429' title='bbox 1691 3860 1756 3912; x_wconf 81' lang='grc' dir='ltr'><strong>Τί</strong></span> <span class='ocrx_word' id='word_1_430' title='bbox 1806 3857 1898 3915; x_wconf 82' lang='grc' dir='ltr'><strong>οὖν</strong></span> <span class='ocrx_word' id='word_1_431' title='bbox 1930 3864 1957 3915; x_wconf 78' lang='lat'><strong>6</strong></span> <span class='ocrx_word' id='word_1_432' title='bbox 1987 3862 2076 3914; x_wconf 85' lang='grc' dir='ltr'><strong>τό·</strong></span> 
     </span>
    </p>
   </div>
   <div class='ocr_carea' id='block_1_56' title="bbox 487 3945 2073 4020">
    <p class='ocr_par' dir='ltr' id='par_1_56' title="bbox 487 3945 2073 4020">
     <span class='ocr_line' id='line_1_56' title="bbox 487 3945 2073 4020; baseline 0.005 -22"><span class='ocrx_word' id='word_1_433' title='bbox 487 3961 561 4014; x_wconf 87' lang='grc' dir='ltr'><strong>μο</strong></span> <span class='ocrx_word' id='word_1_434' title='bbox 610 3962 625 4010; x_wconf 87' lang='lat'><strong>;</strong></span> <span class='ocrx_word' id='word_1_435' title='bbox 669 3945 729 3999; x_wconf 89' lang='grc'><strong>’0</strong></span> <span class='ocrx_word' id='word_1_436' title='bbox 756 3945 888 4013; x_wconf 89' lang='grc' dir='ltr'><strong>γοῦν</strong></span> <span class='ocrx_word' id='word_1_437' title='bbox 916 3946 1114 4017; x_wconf 85' lang='grc' dir='ltr'><strong>μέγας,</strong></span> <span class='ocrx_word' id='word_1_438' title='bbox 1146 3952 1300 4020; x_wconf 72' lang='grc' dir='ltr'><strong>φησι,</strong></span> <span class='ocrx_word' id='word_1_439' title='bbox 1328 3948 1607 4013; x_wconf 81' lang='grc' dir='ltr'><strong>Βασίλειος</strong></span> <span class='ocrx_word' id='word_1_440' title='bbox 1641 3951 1731 4003; x_wconf 70' lang='grc' dir='ltr'><strong>τὸν</strong></span> <span class='ocrx_word' id='word_1_441' title='bbox 1754 3951 1852 4005; x_wconf 82' lang='grc' dir='ltr'><strong>ἐνα</strong></span> <span class='ocrx_word' id='word_1_442' title='bbox 1887 3951 2073 4006; x_wconf 87' lang='grc' dir='ltr'><strong>θεολο-</strong></span> 
     </span>
    </p>
   </div>
   <div class='ocr_carea' id='block_1_57' title="bbox 485 4036 2070 4110">
    <p class='ocr_par' dir='ltr' id='par_1_57' title="bbox 485 4036 2070 4110">
     <span class='ocr_line' id='line_1_57' title="bbox 485 4036 2070 4110; baseline 0.005 -21"><span class='ocrx_word' id='word_1_443' title='bbox 485 4036 605 4105; x_wconf 88' lang='grc' dir='ltr'><strong>γῶν</strong></span> <span class='ocrx_word' id='word_1_444' title='bbox 633 4036 736 4105; x_wconf 85' lang='grc' dir='ltr'><strong>τῆς</strong></span> <span class='ocrx_word' id='word_1_445' title='bbox 768 4038 1002 4107; x_wconf 86' lang='grc' dir='ltr'><strong>Τριάδος</strong></span> <span class='ocrx_word' id='word_1_446' title='bbox 1041 4038 1195 4102; x_wconf 78' lang='grc' dir='ltr'><strong>Θεὸν,</strong></span> <span class='ocrx_word' id='word_1_447' title='bbox 1223 4041 1283 4092; x_wconf 82' lang='grc' dir='ltr'><strong>τὸ</strong></span> <span class='ocrx_word' id='word_1_448' title='bbox 1320 4039 1548 4110; x_wconf 89' lang='grc' dir='ltr'><strong>Πνεῦμα</strong></span> <span class='ocrx_word' id='word_1_449' title='bbox 1580 4042 1641 4093; x_wconf 83' lang='grc' dir='ltr'><strong>τδ</strong></span> <span class='ocrx_word' id='word_1_450' title='bbox 1683 4042 1866 4110; x_wconf 80' lang='grc' dir='ltr'><strong>ἅγιον,</strong></span> <span class='ocrx_word' id='word_1_451' title='bbox 1890 4043 2070 4097; x_wconf 80' lang='grc' dir='ltr'><strong>τοιάδε</strong></span> 
     </span>
    </p>
   </div>
   <div class='ocr_carea' id='block_1_58' title="bbox 487 4126 2073 4204">
    <p class='ocr_par' dir='ltr' id='par_1_58' title="bbox 487 4126 2073 4204">
     <span class='ocr_line' id='line_1_58' title="bbox 487 4126 2073 4204; baseline 0.005 -25"><span class='ocrx_word' id='word_1_452' title='bbox 487 4128 623 4197; x_wconf 86' lang='grc' dir='ltr'><strong>φησί</strong></span> <span class='ocrx_word' id='word_1_453' title='bbox 648 4143 662 4157; x_wconf 84' lang='grc'><strong>·</strong></span> <span class='ocrx_word' id='word_1_454' title='bbox 694 4126 878 4180; x_wconf 81' lang='grc' dir='ltr'><strong>Πάντα</strong></span> <span class='ocrx_word' id='word_1_455' title='bbox 905 4130 1007 4197; x_wconf 86' lang='grc' dir='ltr'><strong>μέν</strong></span> <span class='ocrx_word' id='word_1_456' title='bbox 1037 4129 1154 4181; x_wconf 90' lang='grc' dir='ltr'><strong>ἐστι</strong></span> <span class='ocrx_word' id='word_1_457' title='bbox 1171 4126 1417 4199; x_wconf 78' lang='grc' dir='ltr'><strong>πληροῦν</strong></span> <span class='ocrx_word' id='word_1_458' title='bbox 1439 4133 1505 4201; x_wconf 81' lang='grc' dir='ltr'><strong>τῇ</strong></span> <span class='ocrx_word' id='word_1_459' title='bbox 1529 4131 1830 4202; x_wconf 81' lang='grc' dir='ltr'><strong>δυνάμειτδ</strong></span> <span class='ocrx_word' id='word_1_460' title='bbox 1848 4131 2073 4204; x_wconf 86' lang='grc' dir='ltr'><strong>Πνεῦμα</strong></span> 
     </span>
    </p>
   </div>
   <div class='ocr_carea' id='block_1_59' title="bbox 484 4218 2074 4296">
    <p class='ocr_par' dir='ltr' id='par_1_59' title="bbox 484 4218 2074 4296">
     <span class='ocr_line' id='line_1_59' title="bbox 484 4218 2074 4296; baseline 0.005 -25"><span class='ocrx_word' id='word_1_461' title='bbox 484 4218 548 4271; x_wconf 77' lang='grc' dir='ltr'><strong>τὸ</strong></span> <span class='ocrx_word' id='word_1_462' title='bbox 587 4219 765 4285; x_wconf 78' lang='grc' dir='ltr'><strong>ἅγιον,</strong></span> <span class='ocrx_word' id='word_1_463' title='bbox 800 4219 981 4288; x_wconf 88' lang='grc' dir='ltr'><strong>μόνοις</strong></span> <span class='ocrx_word' id='word_1_464' title='bbox 1020 4220 1079 4272; x_wconf 89' lang='grc' dir='ltr'><strong>δέ</strong></span> <span class='ocrx_word' id='word_1_465' title='bbox 1124 4222 1243 4273; x_wconf 77' lang='grc' dir='ltr'><strong>ἐστι</strong></span> <span class='ocrx_word' id='word_1_466' title='bbox 1280 4221 1547 4292; x_wconf 84' lang='grc' dir='ltr'><strong>μεθεκτὸν</strong></span> <span class='ocrx_word' id='word_1_467' title='bbox 1598 4228 1713 4286; x_wconf 85' lang='grc' dir='ltr'><strong>τοῖς</strong></span> <span class='ocrx_word' id='word_1_468' title='bbox 1746 4224 1939 4291; x_wconf 73' lang='grc' dir='ltr'><strong>ἀξίοις,</strong></span> <span class='ocrx_word' id='word_1_469' title='bbox 1974 4226 2074 4296; x_wconf 83' lang='grc' dir='ltr'><strong>οὐχ</strong></span> 
     </span>
    </p>
   </div>
   <div class='ocr_carea' id='block_1_60' title="bbox 484 4307 2073 4386">
    <p class='ocr_par' dir='ltr' id='par_1_60' title="bbox 484 4307 2073 4386">
     <span class='ocr_line' id='line_1_60' title="bbox 484 4307 2073 4386; baseline 0.008 -28"><span class='ocrx_word' id='word_1_470' title='bbox 484 4307 571 4360; x_wconf 83' lang='grc' dir='ltr'><strong>ἐνὶ</strong></span> <span class='ocrx_word' id='word_1_471' title='bbox 609 4309 795 4378; x_wconf 84' lang='grc' dir='ltr'><strong>μέτρῳ</strong></span> <span class='ocrx_word' id='word_1_472' title='bbox 833 4308 1218 4379; x_wconf 88' lang='grc' dir='ltr'><strong>μετεχὸμενον,</strong></span> <span class='ocrx_word' id='word_1_473' title='bbox 1274 4311 1411 4365; x_wconf 89' lang='grc' dir='ltr'><strong>άλλά</strong></span> <span class='ocrx_word' id='word_1_474' title='bbox 1450 4313 1592 4366; x_wconf 88' lang='grc' dir='ltr'><strong>κατὰ</strong></span> <span class='ocrx_word' id='word_1_475' title='bbox 1626 4317 1729 4385; x_wconf 69' lang='grc' dir='ltr'><strong>τὴν</strong></span> <span class='ocrx_word' id='word_1_476' title='bbox 1774 4316 2073 4386; x_wconf 78' lang='grc' dir='ltr'><strong>ἀναλογίαν</strong></span> 
     </span>
    </p>
   </div>
   <div class='ocr_carea' id='block_1_61' title="bbox 483 4399 2071 4483">
    <p class='ocr_par' dir='ltr' id='par_1_61' title="bbox 483 4399 2071 4483">
     <span class='ocr_line' id='line_1_61' title="bbox 483 4399 2071 4483; baseline 0.009 -34"><span class='ocrx_word' id='word_1_477' title='bbox 483 4399 587 4469; x_wconf 82' lang='grc' dir='ltr'><strong>τῆς</strong></span> <span class='ocrx_word' id='word_1_478' title='bbox 630 4400 871 4463; x_wconf 88' lang='grc' dir='ltr'><strong>πίστεως</strong></span> <span class='ocrx_word' id='word_1_479' title='bbox 902 4400 1150 4470; x_wconf 86' lang='grc' dir='ltr'><strong>διαιροῦν</strong></span> <span class='ocrx_word' id='word_1_480' title='bbox 1183 4404 1284 4483; x_wconf 78' lang='grc' dir='ltr'><strong>τὴν</strong></span> <span class='ocrx_word' id='word_1_481' title='bbox 1329 4406 1631 4474; x_wconf 75' lang='grc' dir='ltr'><strong>ἐνέργειαν.</strong></span> <span class='ocrx_word' id='word_1_482' title='bbox 1675 4408 1953 4476; x_wconf 78' lang='grc' dir='ltr'><strong>Ἀκούειςς</strong></span> <span class='ocrx_word' id='word_1_483' title='bbox 1986 4412 2071 4463; x_wconf 79' lang='grc' dir='ltr'><strong>⁴ἱνα</strong></span> 
     </span>
    </p>
   </div>
   <div class='ocr_carea' id='block_1_62' title="bbox 2184 1930 3758 2005">
    <p class='ocr_par' dir='ltr' id='par_1_62' title="bbox 2184 1930 3758 2005">
     <span class='ocr_line' id='line_1_62' title="bbox 2184 1930 3758 2005; baseline 0.003 -20"><span class='ocrx_word' id='word_1_484' title='bbox 2184 1930 2276 1985; x_wconf 89' lang='grc' dir='ltr'><strong>τοῦ</strong></span> <span class='ocrx_word' id='word_1_485' title='bbox 2306 1933 2627 2002; x_wconf 79' lang='grc' dir='ltr'><strong>ἀσωμάτου,</strong></span> <span class='ocrx_word' id='word_1_486' title='bbox 2661 1935 2756 1988; x_wconf 76' lang='grc' dir='ltr'><strong>καὶ</strong></span> <span class='ocrx_word' id='word_1_487' title='bbox 2788 1934 2956 1988; x_wconf 80' lang='grc' dir='ltr'><strong>ἀΰλου</strong></span> <span class='ocrx_word' id='word_1_488' title='bbox 2984 1936 3075 1988; x_wconf 71' lang='grc' dir='ltr'><strong>καὶ</strong></span> <span class='ocrx_word' id='word_1_489' title='bbox 3107 1936 3539 2005; x_wconf 82' lang='grc' dir='ltr'><strong>παντοδυνάμου,</strong></span> <span class='ocrx_word' id='word_1_490' title='bbox 3569 1937 3628 2000; x_wconf 76' lang='grc' dir='ltr'><strong>ἐς</strong></span> <span class='ocrx_word' id='word_1_491' title='bbox 3660 1938 3758 1990; x_wconf 83' lang='grc' dir='ltr'><strong>κά-</strong></span> 
     </span>
    </p>
   </div>
   <div class='ocr_carea' id='block_1_63' title="bbox 2183 2024 3759 2097">
    <p class='ocr_par' dir='ltr' id='par_1_63' title="bbox 2183 2024 3759 2097">
     <span class='ocr_line' id='line_1_63' title="bbox 2183 2024 3759 2097; baseline 0.005 -20"><span class='ocrx_word' id='word_1_492' title='bbox 2183 2024 2385 2087; x_wconf 79' lang='grc' dir='ltr'><strong>κείνοις</strong></span> <span class='ocrx_word' id='word_1_493' title='bbox 2421 2026 2716 2097; x_wconf 72' lang='grc' dir='ltr'><strong>περιουσία</strong></span> <span class='ocrx_word' id='word_1_494' title='bbox 2764 2027 3050 2097; x_wconf 88' lang='grc' dir='ltr'><strong>δυνάμεως</strong></span> <span class='ocrx_word' id='word_1_495' title='bbox 3082 2029 3141 2081; x_wconf 78' lang='grc' dir='ltr'><strong>τὸ</strong></span> <span class='ocrx_word' id='word_1_496' title='bbox 3181 2028 3356 2083; x_wconf 85' lang='grc' dir='ltr'><strong>ταῦτα</strong></span> <span class='ocrx_word' id='word_1_497' title='bbox 3382 2031 3639 2084; x_wconf 82' lang='grc' dir='ltr'><strong>δύνασθαι</strong></span> <span class='ocrx_word' id='word_1_498' title='bbox 3678 2031 3759 2084; x_wconf 84' lang='grc' dir='ltr'><strong>δί-</strong></span> 
     </span>
    </p>
   </div>
   <div class='ocr_carea' id='block_1_64' title="bbox 2180 2114 3758 2191">
    <p class='ocr_par' dir='ltr' id='par_1_64' title="bbox 2180 2114 3758 2191">
     <span class='ocr_line' id='line_1_64' title="bbox 2180 2114 3758 2191; baseline 0.005 -24"><span class='ocrx_word' id='word_1_499' title='bbox 2180 2114 2355 2179; x_wconf 84' lang='grc' dir='ltr'><strong>δωσι;</strong></span> <span class='ocrx_word' id='word_1_500' title='bbox 2418 2115 2635 2185; x_wconf 88' lang='grc' dir='ltr'><strong>Διαιρεῖ</strong></span> <span class='ocrx_word' id='word_1_501' title='bbox 2674 2116 2808 2185; x_wconf 90' lang='grc' dir='ltr'><strong>γοῦν</strong></span> <span class='ocrx_word' id='word_1_502' title='bbox 2840 2119 2904 2170; x_wconf 78' lang='grc' dir='ltr'><strong>τὸ</strong></span> <span class='ocrx_word' id='word_1_503' title='bbox 2944 2119 3089 2172; x_wconf 87' lang='grc' dir='ltr'><strong>θεῖον</strong></span> <span class='ocrx_word' id='word_1_504' title='bbox 3136 2118 3363 2187; x_wconf 84' lang='grc' dir='ltr'><strong>Πνεῦμα</strong></span> <span class='ocrx_word' id='word_1_505' title='bbox 3418 2120 3515 2191; x_wconf 79' lang='grc' dir='ltr'><strong>τὴν</strong></span> <span class='ocrx_word' id='word_1_506' title='bbox 3560 2118 3758 2174; x_wconf 82' lang='grc' dir='ltr'><strong>ἐαυτοῦ</strong></span> 
     </span>
    </p>
   </div>
   <div class='ocr_carea' id='block_1_65' title="bbox 2182 2200 3757 2283">
    <p class='ocr_par' dir='ltr' id='par_1_65' title="bbox 2182 2200 3757 2283">
     <span class='ocr_line' id='line_1_65' title="bbox 2182 2200 3757 2283; baseline 0.006 -27"><span class='ocrx_word' id='word_1_507' title='bbox 2182 2200 2470 2274; x_wconf 57' lang='grc' dir='ltr'><strong>ἐνέργειαν</strong></span> <span class='ocrx_word' id='word_1_508' title='bbox 2487 2207 2599 2270; x_wconf 75' lang='grc' dir='ltr'><strong>τοῖς</strong></span> <span class='ocrx_word' id='word_1_509' title='bbox 2625 2208 2967 2275; x_wconf 87' lang='grc' dir='ltr'><strong>μετέχουσιν,</strong></span> <span class='ocrx_word' id='word_1_510' title='bbox 2988 2210 3016 2261; x_wconf 93' lang='lat'><strong>6</strong></span> <span class='ocrx_word' id='word_1_511' title='bbox 3045 2208 3295 2276; x_wconf 89' lang='grc' dir='ltr'><strong>θεολόγος</strong></span> <span class='ocrx_word' id='word_1_512' title='bbox 3324 2212 3457 2279; x_wconf 64' lang='grc' dir='ltr'><strong>φησὶ</strong></span> <span class='ocrx_word' id='word_1_513' title='bbox 3493 2211 3632 2265; x_wconf 89' lang='grc' dir='ltr'><strong>κατά</strong></span> <span class='ocrx_word' id='word_1_514' title='bbox 3659 2212 3757 2283; x_wconf 76' lang='grc' dir='ltr'><strong>τὴν</strong></span> 
     </span>
    </p>
   </div>
   <div class='ocr_carea' id='block_1_66' title="bbox 2181 2293 3755 2366">
    <p class='ocr_par' dir='ltr' id='par_1_66' title="bbox 2181 2293 3755 2366">
     <span class='ocr_line' id='line_1_66' title="bbox 2181 2293 3755 2366; baseline 0.003 -20"><span class='ocrx_word' id='word_1_515' title='bbox 2181 2293 2475 2361; x_wconf 88' lang='grc' dir='ltr'><strong>ἀναλογίαν</strong></span> <span class='ocrx_word' id='word_1_516' title='bbox 2503 2293 2603 2365; x_wconf 86' lang='grc' dir='ltr'><strong>τῆς</strong></span> <span class='ocrx_word' id='word_1_517' title='bbox 2636 2295 2876 2356; x_wconf 82' lang='grc' dir='ltr'><strong>πίστεως</strong></span> <span class='ocrx_word' id='word_1_518' title='bbox 2914 2296 3064 2366; x_wconf 72' lang='grc' dir='ltr'><strong>παρὰ</strong></span> <span class='ocrx_word' id='word_1_519' title='bbox 3097 2295 3193 2348; x_wconf 87' lang='grc' dir='ltr'><strong>τοῦ</strong></span> <span class='ocrx_word' id='word_1_520' title='bbox 3246 2297 3564 2351; x_wconf 80' lang='grc' dir='ltr'><strong>Ἀποστόλου</strong></span> <span class='ocrx_word' id='word_1_521' title='bbox 3597 2298 3755 2351; x_wconf 81' lang='grc' dir='ltr'><strong>τοῦτο</strong></span> 
     </span>
    </p>
   </div>
   <div class='ocr_carea' id='block_1_67' title="bbox 2181 2378 3755 2460">
    <p class='ocr_par' dir='ltr' id='par_1_67' title="bbox 2181 2378 3755 2460">
     <span class='ocr_line' id='line_1_67' title="bbox 2181 2378 3755 2460; baseline 0.004 -24"><span class='ocrx_word' id='word_1_522' title='bbox 2181 2384 2389 2439; x_wconf 78' lang='grc' dir='ltr'><strong>λαϐών.</strong></span> <span class='ocrx_word' id='word_1_523' title='bbox 2422 2387 2557 2456; x_wconf 70' lang='grc' dir='ltr'><strong>Περὶ</strong></span> <span class='ocrx_word' id='word_1_524' title='bbox 2587 2378 2648 2439; x_wconf 77' lang='grc' dir='ltr'><strong>οὗ</strong></span> <span class='ocrx_word' id='word_1_525' title='bbox 2678 2386 2776 2439; x_wconf 80' lang='grc' dir='ltr'><strong>καὶ</strong></span> <span class='ocrx_word' id='word_1_526' title='bbox 2802 2390 2831 2439; x_wconf 95' lang='grc' dir='ltr'><strong>ό</strong></span> <span class='ocrx_word' id='word_1_527' title='bbox 2859 2387 3004 2449; x_wconf 84' lang='grc' dir='ltr'><strong>θεῖος</strong></span> <span class='ocrx_word' id='word_1_528' title='bbox 3037 2389 3137 2459; x_wconf 74' lang='grc' dir='ltr'><strong>ἤδη</strong></span> <span class='ocrx_word' id='word_1_529' title='bbox 3168 2390 3555 2460; x_wconf 87' lang='grc' dir='ltr'><strong>Χρυσόστομος</strong></span> <span class='ocrx_word' id='word_1_530' title='bbox 3585 2389 3755 2443; x_wconf 83' lang='grc' dir='ltr'><strong>είπὼν</strong></span> 
     </span>
    </p>
   </div>
   <div class='ocr_carea' id='block_1_68' title="bbox 2180 2478 3751 2552">
    <p class='ocr_par' dir='ltr' id='par_1_68' title="bbox 2180 2478 3751 2552">
     <span class='ocr_line' id='line_1_68' title="bbox 2180 2478 3751 2552; baseline 0.003 -20"><span class='ocrx_word' id='word_1_531' title='bbox 2180 2478 2341 2549; x_wconf 75' lang='grc' dir='ltr'><strong>ἔφθη,</strong></span> <span class='ocrx_word' id='word_1_532' title='bbox 2372 2480 2441 2533; x_wconf 85' lang='grc' dir='ltr'><strong>τὰ</strong></span> <span class='ocrx_word' id='word_1_533' title='bbox 2484 2479 2579 2532; x_wconf 90' lang='grc' dir='ltr'><strong>τοῦ</strong></span> <span class='ocrx_word' id='word_1_534' title='bbox 2613 2479 3016 2548; x_wconf 83' lang='grc' dir='ltr'><strong>Εὑαγγελιστοῦ</strong></span> <span class='ocrx_word' id='word_1_535' title='bbox 3069 2481 3443 2552; x_wconf 81' lang='grc' dir='ltr'><strong>σκοπούμενος</strong></span> <span class='ocrx_word' id='word_1_536' title='bbox 3485 2484 3751 2537; x_wconf 83' lang='grc' dir='ltr'><strong>Ἰωάννου.</strong></span> 
     </span>
    </p>
   </div>
   <div class='ocr_carea' id='block_1_69' title="bbox 2182 2572 3750 2647">
    <p class='ocr_par' dir='ltr' id='par_1_69' title="bbox 2182 2572 3750 2647">
     <span class='ocr_line' id='line_1_69' title="bbox 2182 2572 3750 2647; baseline 0.001 -21"><span class='ocrx_word' id='word_1_537' title='bbox 2182 2572 2405 2642; x_wconf 78' lang='grc' dir='ltr'><strong>Πνεῦμα</strong></span> <span class='ocrx_word' id='word_1_538' title='bbox 2454 2572 2591 2644; x_wconf 89' lang='grc' dir='ltr'><strong>γάρ,</strong></span> <span class='ocrx_word' id='word_1_539' title='bbox 2620 2573 2809 2643; x_wconf 66' lang='grc' dir='ltr'><strong>φησιν,</strong></span> <span class='ocrx_word' id='word_1_540' title='bbox 2845 2574 3089 2627; x_wconf 77' lang='grc' dir='ltr'><strong>ἐνταῦθα</strong></span> <span class='ocrx_word' id='word_1_541' title='bbox 3138 2576 3237 2647; x_wconf 81' lang='grc' dir='ltr'><strong>τὴν</strong></span> <span class='ocrx_word' id='word_1_542' title='bbox 3278 2575 3556 2645; x_wconf 78' lang='grc' dir='ltr'><strong>ἐνέργειαν</strong></span> <span class='ocrx_word' id='word_1_543' title='bbox 3585 2574 3750 2646; x_wconf 58' lang='grc' dir='ltr'><strong>λέγει,</strong></span> 
     </span>
    </p>
   </div>
   <div class='ocr_carea' id='block_1_70' title="bbox 2178 2665 3752 2740">
    <p class='ocr_par' dir='ltr' id='par_1_70' title="bbox 2178 2665 3752 2740">
     <span class='ocr_line' id='line_1_70' title="bbox 2178 2665 3752 2740; baseline 0.002 -21"><span class='ocrx_word' id='word_1_544' title='bbox 2178 2666 2329 2737; x_wconf 74' lang='grc' dir='ltr'><strong>Αὕτη</strong></span> <span class='ocrx_word' id='word_1_545' title='bbox 2362 2665 2473 2737; x_wconf 81' lang='grc' dir='ltr'><strong>γάρ</strong></span> <span class='ocrx_word' id='word_1_546' title='bbox 2526 2669 2675 2721; x_wconf 89' lang='grc' dir='ltr'><strong>ἐστιν</strong></span> <span class='ocrx_word' id='word_1_547' title='bbox 2724 2671 2755 2740; x_wconf 76' lang='grc' dir='ltr'><strong>η</strong></span> <span class='ocrx_word' id='word_1_548' title='bbox 2803 2668 3161 2738; x_wconf 79' lang='grc' dir='ltr'><strong>μεριζομὲνη.</strong></span> <span class='ocrx_word' id='word_1_549' title='bbox 3203 2669 3265 2722; x_wconf 72' lang='lat' dir='ltr'><strong>El</strong></span> <span class='ocrx_word' id='word_1_550' title='bbox 3311 2668 3368 2722; x_wconf 84' lang='grc' dir='ltr'><strong>δέ</strong></span> <span class='ocrx_word' id='word_1_551' title='bbox 3420 2670 3453 2739; x_wconf 71' lang='grc' dir='ltr'><strong>ἡ</strong></span> <span class='ocrx_word' id='word_1_552' title='bbox 3507 2667 3752 2739; x_wconf 74' lang='grc' dir='ltr'><strong>ἐνέργεια</strong></span> 
     </span>
    </p>
   </div>
   <div class='ocr_carea' id='block_1_71' title="bbox 2177 2754 3755 2830">
    <p class='ocr_par' dir='ltr' id='par_1_71' title="bbox 2177 2754 3755 2830">
     <span class='ocr_line' id='line_1_71' title="bbox 2177 2754 3755 2830; baseline 0.006 -24"><span class='ocrx_word' id='word_1_553' title='bbox 2177 2754 2347 2808; x_wconf 79' lang='grc' dir='ltr'><strong>αὐτοῦ</strong></span> <span class='ocrx_word' id='word_1_554' title='bbox 2379 2755 2716 2827; x_wconf 83' lang='grc' dir='ltr'><strong>ἀμέτρητος,</strong></span> <span class='ocrx_word' id='word_1_555' title='bbox 2760 2757 2939 2827; x_wconf 80' lang='grc' dir='ltr'><strong>πολλῷ</strong></span> <span class='ocrx_word' id='word_1_556' title='bbox 2974 2759 3178 2828; x_wconf 81' lang='grc' dir='ltr'><strong>μᾶλλον</strong></span> <span class='ocrx_word' id='word_1_557' title='bbox 3207 2761 3240 2830; x_wconf 76' lang='grc' dir='ltr'><strong>ἡ</strong></span> <span class='ocrx_word' id='word_1_558' title='bbox 3268 2760 3446 2815; x_wconf 79' lang='grc' dir='ltr'><strong>οὐσία.</strong></span> <span class='ocrx_word' id='word_1_559' title='bbox 3491 2762 3548 2814; x_wconf 88' lang='grc'><strong>’0</strong></span> <span class='ocrx_word' id='word_1_560' title='bbox 3574 2761 3630 2814; x_wconf 80' lang='grc' dir='ltr'><strong>δὲ</strong></span> <span class='ocrx_word' id='word_1_561' title='bbox 3659 2762 3755 2830; x_wconf 82' lang='grc' dir='ltr'><strong>μέ-</strong></span> 
     </span>
    </p>
   </div>
   <div class='ocr_carea' id='block_1_72' title="bbox 2177 2844 3751 2919">
    <p class='ocr_par' dir='ltr' id='par_1_72' title="bbox 2177 2844 3751 2919">
     <span class='ocr_line' id='line_1_72' title="bbox 2177 2844 3751 2919; baseline 0.004 -20"><span class='ocrx_word' id='word_1_562' title='bbox 2177 2861 2281 2913; x_wconf 84' lang='grc' dir='ltr'><strong>γας</strong></span> <span class='ocrx_word' id='word_1_563' title='bbox 2307 2845 2633 2910; x_wconf 83' lang='grc' dir='ltr'><strong>Ἀθανάσιος</strong></span> <span class='ocrx_word' id='word_1_564' title='bbox 2651 2844 2807 2912; x_wconf 71' lang='grc' dir='ltr'><strong>αὖθις</strong></span> <span class='ocrx_word' id='word_1_565' title='bbox 2829 2890 2844 2914; x_wconf 92' lang='grc'><strong>,</strong></span> <span class='ocrx_word' id='word_1_566' title='bbox 2870 2849 2986 2917; x_wconf 83' lang='grc' dir='ltr'><strong>Ἕν,</strong></span> <span class='ocrx_word' id='word_1_567' title='bbox 3011 2850 3168 2919; x_wconf 68' lang='grc' dir='ltr'><strong>φησὶ,</strong></span> <span class='ocrx_word' id='word_1_568' title='bbox 3200 2851 3294 2904; x_wconf 73' lang='grc' dir='ltr'><strong>καὶ</strong></span> <span class='ocrx_word' id='word_1_569' title='bbox 3331 2853 3391 2905; x_wconf 81' lang='grc' dir='ltr'><strong>τὸ</strong></span> <span class='ocrx_word' id='word_1_570' title='bbox 3425 2851 3554 2905; x_wconf 82' lang='grc' dir='ltr'><strong>αὐτὸ</strong></span> <span class='ocrx_word' id='word_1_571' title='bbox 3584 2849 3751 2905; x_wconf 83' lang='grc' dir='ltr'><strong>Πνεῦ-</strong></span> 
     </span>
    </p>
   </div>
   <div class='ocr_carea' id='block_1_73' title="bbox 2181 2932 3748 3012">
    <p class='ocr_par' dir='ltr' id='par_1_73' title="bbox 2181 2932 3748 3012">
     <span class='ocr_line' id='line_1_73' title="bbox 2181 2932 3748 3012; baseline 0.006 -24"><span class='ocrx_word' id='word_1_572' title='bbox 2181 2937 2258 3004; x_wconf 83' lang='grc' dir='ltr'><strong>μά</strong></span> <span class='ocrx_word' id='word_1_573' title='bbox 2278 2938 2449 3002; x_wconf 86' lang='grc' dir='ltr'><strong>ἐστιν,</strong></span> <span class='ocrx_word' id='word_1_574' title='bbox 2472 2932 2640 3008; x_wconf 77' lang='grc' dir='ltr'><strong>οὗπερ</strong></span> <span class='ocrx_word' id='word_1_575' title='bbox 2663 2940 2759 2992; x_wconf 75' lang='grc' dir='ltr'><strong>καὶ</strong></span> <span class='ocrx_word' id='word_1_576' title='bbox 2789 2941 2846 2992; x_wconf 90' lang='grc' dir='ltr'><strong>αί</strong></span> <span class='ocrx_word' id='word_1_577' title='bbox 2891 2941 3063 2995; x_wconf 81' lang='grc' dir='ltr'><strong>πᾶσαι</strong></span> <span class='ocrx_word' id='word_1_578' title='bbox 3099 2941 3399 3012; x_wconf 83' lang='grc' dir='ltr'><strong>διαιρέσεις</strong></span> <span class='ocrx_word' id='word_1_579' title='bbox 3426 2945 3584 2998; x_wconf 82' lang='grc' dir='ltr'><strong>εἰσίν.</strong></span> <span class='ocrx_word' id='word_1_580' title='bbox 3607 2944 3748 2999; x_wconf 83' lang='grc' dir='ltr'><strong>Δύτδ</strong></span> 
     </span>
    </p>
   </div>
   <div class='ocr_carea' id='block_1_74' title="bbox 2180 3026 3124 3098">
    <p class='ocr_par' dir='ltr' id='par_1_74' title="bbox 2180 3026 3124 3098">
     <span class='ocr_line' id='line_1_74' title="bbox 2180 3026 3124 3098; baseline 0.004 -18"><span class='ocrx_word' id='word_1_581' title='bbox 2180 3026 2240 3080; x_wconf 84' lang='grc' dir='ltr'><strong>δὲ</strong></span> <span class='ocrx_word' id='word_1_582' title='bbox 2280 3028 2591 3098; x_wconf 81' lang='grc' dir='ltr'><strong>ἀδιαίρετόν</strong></span> <span class='ocrx_word' id='word_1_583' title='bbox 2612 3030 2727 3082; x_wconf 86' lang='grc' dir='ltr'><strong>ἐστι</strong></span> <span class='ocrx_word' id='word_1_584' title='bbox 2766 3029 2908 3083; x_wconf 87' lang='grc' dir='ltr'><strong>κατά</strong></span> <span class='ocrx_word' id='word_1_585' title='bbox 2943 3028 3124 3098; x_wconf 84' lang='grc' dir='ltr'><strong>φύσιν.</strong></span> 
     </span>
    </p>
   </div>
   <div class='ocr_carea' id='block_1_75' title="bbox 2262 3117 3747 3197">
    <p class='ocr_par' dir='ltr' id='par_1_75' title="bbox 2262 3117 3747 3197">
     <span class='ocr_line' id='line_1_75' title="bbox 2262 3117 3747 3197; baseline 0.009 -27"><span class='ocrx_word' id='word_1_586' title='bbox 2262 3117 2404 3171; x_wconf 84' lang='grc' dir='ltr'><strong>Ἀλλ’</strong></span> <span class='ocrx_word' id='word_1_587' title='bbox 2435 3122 2526 3173; x_wconf 81' lang='grc' dir='ltr'><strong>ἐπὶ</strong></span> <span class='ocrx_word' id='word_1_588' title='bbox 2556 3119 2648 3174; x_wconf 73' lang='grc' dir='ltr'><strong>τὸν</strong></span> <span class='ocrx_word' id='word_1_589' title='bbox 2699 3121 2871 3191; x_wconf 89' lang='grc' dir='ltr'><strong>τόμον</strong></span> <span class='ocrx_word' id='word_1_590' title='bbox 2906 3118 3062 3187; x_wconf 78' lang='grc' dir='ltr'><strong>αὖθις</strong></span> <span class='ocrx_word' id='word_1_591' title='bbox 3111 3125 3208 3176; x_wconf 86' lang='grc' dir='ltr'><strong>καὶ</strong></span> <span class='ocrx_word' id='word_1_592' title='bbox 3250 3126 3342 3179; x_wconf 74' lang='grc' dir='ltr'><strong>τὸν</strong></span> <span class='ocrx_word' id='word_1_593' title='bbox 3373 3127 3545 3197; x_wconf 83' lang='grc' dir='ltr'><strong>μέγαν</strong></span> <span class='ocrx_word' id='word_1_594' title='bbox 3585 3128 3747 3182; x_wconf 87' lang='grc' dir='ltr'><strong>Βασί-</strong></span> 
     </span>
    </p>
   </div>
   <div class='ocr_carea' id='block_1_76' title="bbox 2178 3207 3745 3290">
    <p class='ocr_par' dir='ltr' id='par_1_76' title="bbox 2178 3207 3745 3290">
     <span class='ocr_line' id='line_1_76' title="bbox 2178 3207 3745 3290; baseline 0.006 -28"><span class='ocrx_word' id='word_1_595' title='bbox 2178 3207 2323 3263; x_wconf 83' lang='grc' dir='ltr'><strong>λειον</strong></span> <span class='ocrx_word' id='word_1_596' title='bbox 2349 3208 2618 3280; x_wconf 75' lang='grc' dir='ltr'><strong>ἔλθωμεν.</strong></span> <span class='ocrx_word' id='word_1_597' title='bbox 2652 3212 2866 3285; x_wconf 83' lang='grc' dir='ltr'><strong>Ὥσπερ</strong></span> <span class='ocrx_word' id='word_1_598' title='bbox 2894 3214 2951 3265; x_wconf 90' lang='grc' dir='ltr'><strong>αἱ</strong></span> <span class='ocrx_word' id='word_1_599' title='bbox 2979 3214 3089 3267; x_wconf 87' lang='grc' dir='ltr'><strong>τῶν</strong></span> <span class='ocrx_word' id='word_1_600' title='bbox 3119 3216 3425 3286; x_wconf 82' lang='grc' dir='ltr'><strong>προσώπων</strong></span> <span class='ocrx_word' id='word_1_601' title='bbox 3457 3220 3745 3290; x_wconf 73' lang='grc' dir='ltr'><strong>ἐμφάσεις,</strong></span> 
     </span>
    </p>
   </div>
   <div class='ocr_carea' id='block_1_77' title="bbox 2176 3301 3748 3376">
    <p class='ocr_par' dir='ltr' id='par_1_77' title="bbox 2176 3301 3748 3376">
     <span class='ocr_line' id='line_1_77' title="bbox 2176 3301 3748 3376; baseline 0.008 -23"><span class='ocrx_word' id='word_1_602' title='bbox 2176 3301 2365 3370; x_wconf 74' lang='grc' dir='ltr'><strong>φησὶν,</strong></span> <span class='ocrx_word' id='word_1_603' title='bbox 2396 3301 2500 3355; x_wconf 85' lang='grc' dir='ltr'><strong>οὐκ</strong></span> <span class='ocrx_word' id='word_1_604' title='bbox 2546 3304 2604 3356; x_wconf 86' lang='grc' dir='ltr'><strong>ἐν</strong></span> <span class='ocrx_word' id='word_1_605' title='bbox 2638 3304 2843 3368; x_wconf 86' lang='grc' dir='ltr'><strong>πάσαις</strong></span> <span class='ocrx_word' id='word_1_606' title='bbox 2891 3308 3015 3369; x_wconf 86' lang='grc' dir='ltr'><strong>ταῖς</strong></span> <span class='ocrx_word' id='word_1_607' title='bbox 3059 3307 3215 3373; x_wconf 76' lang='grc' dir='ltr'><strong>ὕλαις</strong></span> <span class='ocrx_word' id='word_1_608' title='bbox 3248 3310 3509 3376; x_wconf 88' lang='grc' dir='ltr'><strong>γίνονται.</strong></span> <span class='ocrx_word' id='word_1_609' title='bbox 3543 3310 3657 3364; x_wconf 83' lang='grc' dir='ltr'><strong>ἀλλ’</strong></span> <span class='ocrx_word' id='word_1_610' title='bbox 3688 3314 3748 3367; x_wconf 84' lang='grc' dir='ltr'><strong>ἐν</strong></span> 
     </span>
    </p>
   </div>
   <div class='ocr_carea' id='block_1_78' title="bbox 2175 3394 3743 3473">
    <p class='ocr_par' dir='ltr' id='par_1_78' title="bbox 2175 3394 3743 3473">
     <span class='ocr_line' id='line_1_78' title="bbox 2175 3394 3743 3473; baseline 0.006 -27"><span class='ocrx_word' id='word_1_611' title='bbox 2175 3396 2296 3456; x_wconf 88' lang='grc' dir='ltr'><strong>ταῖς</strong></span> <span class='ocrx_word' id='word_1_612' title='bbox 2356 3394 2612 3466; x_wconf 87' lang='grc' dir='ltr'><strong>λειότητά</strong></span> <span class='ocrx_word' id='word_1_613' title='bbox 2672 3415 2793 3450; x_wconf 87' lang='grc' dir='ltr'><strong>τινα</strong></span> <span class='ocrx_word' id='word_1_614' title='bbox 2842 3400 2936 3451; x_wconf 79' lang='grc' dir='ltr'><strong>καὶ</strong></span> <span class='ocrx_word' id='word_1_615' title='bbox 2981 3399 3303 3469; x_wconf 80' lang='grc' dir='ltr'><strong>διαφάνειαν</strong></span> <span class='ocrx_word' id='word_1_616' title='bbox 3360 3404 3743 3473; x_wconf 80' lang='grc' dir='ltr'><strong>κεκτημέναις,</strong></span> 
     </span>
    </p>
   </div>
   <div class='ocr_carea' id='block_1_79' title="bbox 2174 3484 3745 3567">
    <p class='ocr_par' dir='ltr' id='par_1_79' title="bbox 2174 3484 3745 3567">
     <span class='ocr_line' id='line_1_79' title="bbox 2174 3484 3745 3567; baseline 0.008 -28"><span class='ocrx_word' id='word_1_617' title='bbox 2174 3484 2350 3549; x_wconf 81' lang='grc' dir='ltr'><strong>οὕτως</strong></span> <span class='ocrx_word' id='word_1_618' title='bbox 2386 3487 2488 3540; x_wconf 82' lang='grc' dir='ltr'><strong>οὐκ</strong></span> <span class='ocrx_word' id='word_1_619' title='bbox 2517 3490 2577 3541; x_wconf 84' lang='grc' dir='ltr'><strong>ἐν</strong></span> <span class='ocrx_word' id='word_1_620' title='bbox 2625 3491 2830 3552; x_wconf 86' lang='grc' dir='ltr'><strong>πάσαις</strong></span> <span class='ocrx_word' id='word_1_621' title='bbox 2857 3494 2981 3554; x_wconf 88' lang='grc' dir='ltr'><strong>ταῖς</strong></span> <span class='ocrx_word' id='word_1_622' title='bbox 3012 3493 3211 3563; x_wconf 81' lang='grc' dir='ltr'><strong>ψυχαῖς</strong></span> <span class='ocrx_word' id='word_1_623' title='bbox 3233 3498 3266 3564; x_wconf 81' lang='grc' dir='ltr'><strong>ἡ</strong></span> <span class='ocrx_word' id='word_1_624' title='bbox 3304 3495 3397 3549; x_wconf 89' lang='grc' dir='ltr'><strong>τοῦ</strong></span> <span class='ocrx_word' id='word_1_625' title='bbox 3430 3496 3745 3567; x_wconf 83' lang='grc' dir='ltr'><strong>Πνεύματος</strong></span> 
     </span>
    </p>
   </div>
   <div class='ocr_carea' id='block_1_80' title="bbox 2173 3580 3747 3658">
    <p class='ocr_par' dir='ltr' id='par_1_80' title="bbox 2173 3580 3747 3658">
     <span class='ocr_line' id='line_1_80' title="bbox 2173 3580 3747 3658; baseline 0.008 -27"><span class='ocrx_word' id='word_1_626' title='bbox 2173 3580 2447 3649; x_wconf 85' lang='grc' dir='ltr'><strong>ἐνέργεια,</strong></span> <span class='ocrx_word' id='word_1_627' title='bbox 2477 3580 2595 3632; x_wconf 86' lang='grc' dir='ltr'><strong>ἀλλ’</strong></span> <span class='ocrx_word' id='word_1_628' title='bbox 2624 3583 2683 3633; x_wconf 90' lang='grc' dir='ltr'><strong>ἐν</strong></span> <span class='ocrx_word' id='word_1_629' title='bbox 2710 3583 2827 3646; x_wconf 87' lang='grc' dir='ltr'><strong>ταῖς</strong></span> <span class='ocrx_word' id='word_1_630' title='bbox 2857 3582 3024 3653; x_wconf 86' lang='grc' dir='ltr'><strong>μηδὲν</strong></span> <span class='ocrx_word' id='word_1_631' title='bbox 3059 3587 3271 3639; x_wconf 80' lang='grc' dir='ltr'><strong>σκολιὸν</strong></span> <span class='ocrx_word' id='word_1_632' title='bbox 3322 3588 3576 3658; x_wconf 83' lang='grc' dir='ltr'><strong>ἐχούσαις</strong></span> <span class='ocrx_word' id='word_1_633' title='bbox 3627 3592 3747 3644; x_wconf 67' lang='grc' dir='ltr'><strong>οὐδὲ</strong></span> 
     </span>
    </p>
   </div>
   <div class='ocr_carea' id='block_1_81' title="bbox 2175 3670 3743 3754">
    <p class='ocr_par' dir='ltr' id='par_1_81' title="bbox 2175 3670 3743 3754">
     <span class='ocr_line' id='line_1_81' title="bbox 2175 3670 3743 3754; baseline 0.008 -31"><span class='ocrx_word' id='word_1_634' title='bbox 2175 3670 2644 3742; x_wconf 73' lang='grc' dir='ltr'><strong>στραγγαλιὰδες.</strong></span> <span class='ocrx_word' id='word_1_635' title='bbox 2682 3674 2741 3725; x_wconf 88' lang='lat'><strong>&#39;0</strong></span> <span class='ocrx_word' id='word_1_636' title='bbox 2763 3674 2819 3727; x_wconf 85' lang='grc' dir='ltr'><strong>δὲ</strong></span> <span class='ocrx_word' id='word_1_637' title='bbox 2846 3674 3000 3743; x_wconf 84' lang='grc' dir='ltr'><strong>ἆγιος</strong></span> <span class='ocrx_word' id='word_1_638' title='bbox 3024 3677 3305 3749; x_wconf 79' lang='grc' dir='ltr'><strong>Μάξιμος,</strong></span> <span class='ocrx_word' id='word_1_639' title='bbox 3331 3682 3535 3750; x_wconf 86' lang='grc' dir='ltr'><strong>Πάντα,</strong></span> <span class='ocrx_word' id='word_1_640' title='bbox 3556 3685 3743 3754; x_wconf 74' lang='grc' dir='ltr'><strong>φησὶν,</strong></span> 
     </span>
    </p>
   </div>
   <div class='ocr_carea' id='block_1_82' title="bbox 2172 3763 3747 3843">
    <p class='ocr_par' dir='ltr' id='par_1_82' title="bbox 2172 3763 3747 3843">
     <span class='ocr_line' id='line_1_82' title="bbox 2172 3763 3747 3843; baseline 0.008 -27"><span class='ocrx_word' id='word_1_641' title='bbox 2172 3763 2273 3817; x_wconf 85' lang='grc' dir='ltr'><strong>ὅσα</strong></span> <span class='ocrx_word' id='word_1_642' title='bbox 2304 3766 2331 3817; x_wconf 91' lang='lat'><strong>6</strong></span> <span class='ocrx_word' id='word_1_643' title='bbox 2361 3765 2517 3832; x_wconf 85' lang='grc' dir='ltr'><strong>Θεὸς,</strong></span> <span class='ocrx_word' id='word_1_644' title='bbox 2560 3766 2654 3818; x_wconf 79' lang='grc' dir='ltr'><strong>καὶ</strong></span> <span class='ocrx_word' id='word_1_645' title='bbox 2674 3767 2703 3818; x_wconf 96' lang='lat'><strong>6</strong></span> <span class='ocrx_word' id='word_1_646' title='bbox 2731 3767 2821 3818; x_wconf 73' lang='grc' dir='ltr'><strong>διὰ</strong></span> <span class='ocrx_word' id='word_1_647' title='bbox 2840 3768 3063 3840; x_wconf 86' lang='grc' dir='ltr'><strong>χάριτος</strong></span> <span class='ocrx_word' id='word_1_648' title='bbox 3097 3772 3434 3841; x_wconf 83' lang='grc' dir='ltr'><strong>τεθεωμένος</strong></span> <span class='ocrx_word' id='word_1_649' title='bbox 3464 3773 3615 3827; x_wconf 79' lang='grc' dir='ltr'><strong>ἔσται</strong></span> <span class='ocrx_word' id='word_1_650' title='bbox 3639 3792 3747 3843; x_wconf 88' lang='grc' dir='ltr'><strong>χω-</strong></span> 
     </span>
    </p>
   </div>
   <div class='ocr_carea' id='block_1_83' title="bbox 2174 3856 3744 3934">
    <p class='ocr_par' dir='ltr' id='par_1_83' title="bbox 2174 3856 3744 3934">
     <span class='ocr_line' id='line_1_83' title="bbox 2174 3856 3744 3934; baseline 0.006 -25"><span class='ocrx_word' id='word_1_651' title='bbox 2174 3856 2261 3926; x_wconf 74' lang='grc' dir='ltr'><strong>ρἰς</strong></span> <span class='ocrx_word' id='word_1_652' title='bbox 2296 3857 2395 3925; x_wconf 88' lang='grc' dir='ltr'><strong>τῆς</strong></span> <span class='ocrx_word' id='word_1_653' title='bbox 2439 3859 2563 3910; x_wconf 81' lang='grc' dir='ltr'><strong>κατ’</strong></span> <span class='ocrx_word' id='word_1_654' title='bbox 2594 3858 2787 3916; x_wconf 78' lang='grc' dir='ltr'><strong>οὐσίαν</strong></span> <span class='ocrx_word' id='word_1_655' title='bbox 2836 3862 3187 3933; x_wconf 87' lang='grc' dir='ltr'><strong>ταυτότητος.</strong></span> <span class='ocrx_word' id='word_1_656' title='bbox 3218 3865 3358 3927; x_wconf 80' lang='grc' dir='ltr'><strong>Τοὺς</strong></span> <span class='ocrx_word' id='word_1_657' title='bbox 3406 3865 3462 3919; x_wconf 88' lang='grc' dir='ltr'><strong>δέ</strong></span> <span class='ocrx_word' id='word_1_658' title='bbox 3493 3883 3555 3934; x_wconf 88' lang='grc' dir='ltr'><strong>γε</strong></span> <span class='ocrx_word' id='word_1_659' title='bbox 3588 3866 3744 3919; x_wconf 77' lang='grc' dir='ltr'><strong>Ψαλ-</strong></span> 
     </span>
    </p>
   </div>
   <div class='ocr_carea' id='block_1_84' title="bbox 2176 3948 3741 4028">
    <p class='ocr_par' dir='ltr' id='par_1_84' title="bbox 2176 3948 3741 4028">
     <span class='ocr_line' id='line_1_84' title="bbox 2176 3948 3741 4028; baseline 0.007 -29"><span class='ocrx_word' id='word_1_660' title='bbox 2176 3948 2312 4016; x_wconf 83' lang='grc' dir='ltr'><strong>μοὺς</strong></span> <span class='ocrx_word' id='word_1_661' title='bbox 2352 3948 2722 4019; x_wconf 78' lang='grc' dir='ltr'><strong>ἐξηγούμενος</strong></span> <span class='ocrx_word' id='word_1_662' title='bbox 2762 3952 3045 4016; x_wconf 87' lang='grc' dir='ltr'><strong>Βασίλειος</strong></span> <span class='ocrx_word' id='word_1_663' title='bbox 3075 3956 3102 4006; x_wconf 88' lang='lat'><strong>6</strong></span> <span class='ocrx_word' id='word_1_664' title='bbox 3157 3959 3331 4024; x_wconf 82' lang='grc' dir='ltr'><strong>μέγας</strong></span> <span class='ocrx_word' id='word_1_665' title='bbox 3371 3953 3527 4020; x_wconf 81' lang='grc' dir='ltr'><strong>αὖθίς</strong></span> <span class='ocrx_word' id='word_1_666' title='bbox 3564 3974 3697 4028; x_wconf 85' lang='grc' dir='ltr'><strong>φησι</strong></span> <span class='ocrx_word' id='word_1_667' title='bbox 3725 3974 3741 3989; x_wconf 77' lang='grc' dir='ltr'><strong>ο</strong></span> 
     </span>
    </p>
   </div>
   <div class='ocr_carea' id='block_1_85' title="bbox 2173 4039 3744 4118">
    <p class='ocr_par' dir='ltr' id='par_1_85' title="bbox 2173 4039 3744 4118">
     <span class='ocr_line' id='line_1_85' title="bbox 2173 4039 3744 4118; baseline 0.008 -27"><span class='ocrx_word' id='word_1_668' title='bbox 2173 4039 2279 4092; x_wconf 78' lang='grc' dir='ltr'><strong>Τὸν</strong></span> <span class='ocrx_word' id='word_1_669' title='bbox 2311 4041 2411 4110; x_wconf 84' lang='grc' dir='ltr'><strong>μὲν</strong></span> <span class='ocrx_word' id='word_1_670' title='bbox 2438 4041 2728 4111; x_wconf 66' lang='grc' dir='ltr'><strong>ἄνθρωπον</strong></span> <span class='ocrx_word' id='word_1_671' title='bbox 2755 4044 2782 4095; x_wconf 86' lang='grc' dir='ltr'><strong>ὁ</strong></span> <span class='ocrx_word' id='word_1_672' title='bbox 2816 4044 2947 4107; x_wconf 81' lang='grc' dir='ltr'><strong>Θεὸς</strong></span> <span class='ocrx_word' id='word_1_673' title='bbox 2966 4045 3221 4114; x_wconf 88' lang='grc' dir='ltr'><strong>ἐποίησεν</strong></span> <span class='ocrx_word' id='word_1_674' title='bbox 3246 4048 3475 4118; x_wconf 30' lang='grc' dir='ltr'><strong>ἀπὺιτῆς</strong></span> <span class='ocrx_word' id='word_1_675' title='bbox 3502 4050 3622 4117; x_wconf 75' lang='grc' dir='ltr'><strong>γῆς,</strong></span> <span class='ocrx_word' id='word_1_676' title='bbox 3650 4052 3744 4103; x_wconf 75' lang='grc' dir='ltr'><strong>καὶ</strong></span> 
     </span>
    </p>
   </div>
   <div class='ocr_carea' id='block_1_86' title="bbox 2172 4131 3743 4210">
    <p class='ocr_par' dir='ltr' id='par_1_86' title="bbox 2172 4131 3743 4210">
     <span class='ocr_line' id='line_1_86' title="bbox 2172 4131 3743 4210; baseline 0.007 -28"><span class='ocrx_word' id='word_1_677' title='bbox 2172 4131 2302 4194; x_wconf 79' lang='grc' dir='ltr'><strong>τοὺς</strong></span> <span class='ocrx_word' id='word_1_678' title='bbox 2349 4131 2702 4202; x_wconf 78' lang='grc' dir='ltr'><strong>λειτουργοὺς</strong></span> <span class='ocrx_word' id='word_1_679' title='bbox 2733 4134 2900 4187; x_wconf 80' lang='grc' dir='ltr'><strong>αὑτοῦ</strong></span> <span class='ocrx_word' id='word_1_680' title='bbox 2951 4136 3121 4206; x_wconf 77' lang='grc' dir='ltr'><strong>πυρὸς</strong></span> <span class='ocrx_word' id='word_1_681' title='bbox 3165 4137 3359 4207; x_wconf 77' lang='grc' dir='ltr'><strong>φλόγα.</strong></span> <span class='ocrx_word' id='word_1_682' title='bbox 3412 4139 3547 4191; x_wconf 80' lang='grc' dir='ltr'><strong>Ἀλλ’</strong></span> <span class='ocrx_word' id='word_1_683' title='bbox 3596 4141 3743 4210; x_wconf 84' lang='grc' dir='ltr'><strong>ὅμως</strong></span> 
     </span>
    </p>
   </div>
   <div class='ocr_carea' id='block_1_87' title="bbox 2171 4221 3741 4302">
    <p class='ocr_par' dir='ltr' id='par_1_87' title="bbox 2171 4221 3741 4302">
     <span class='ocr_line' id='line_1_87' title="bbox 2171 4221 3741 4302; baseline 0.008 -31"><span class='ocrx_word' id='word_1_684' title='bbox 2171 4221 2207 4291; x_wconf 77' lang='grc' dir='ltr'><strong>ἥ</strong></span> <span class='ocrx_word' id='word_1_685' title='bbox 2239 4238 2302 4290; x_wconf 90' lang='grc' dir='ltr'><strong>γε</strong></span> <span class='ocrx_word' id='word_1_686' title='bbox 2329 4222 2423 4274; x_wconf 72' lang='grc' dir='ltr'><strong>τιεῦ</strong></span> <span class='ocrx_word' id='word_1_687' title='bbox 2456 4226 2593 4277; x_wconf 85' lang='grc' dir='ltr'><strong>νοεῖν</strong></span> <span class='ocrx_word' id='word_1_688' title='bbox 2620 4229 2715 4277; x_wconf 79' lang='grc' dir='ltr'><strong>καὶ</strong></span> <span class='ocrx_word' id='word_1_689' title='bbox 2746 4228 2989 4280; x_wconf 84' lang='grc' dir='ltr'><strong>συνιέναι</strong></span> <span class='ocrx_word' id='word_1_690' title='bbox 3019 4228 3111 4281; x_wconf 76' lang='grc' dir='ltr'><strong>τὸν</strong></span> <span class='ocrx_word' id='word_1_691' title='bbox 3140 4230 3353 4281; x_wconf 77' lang='grc' dir='ltr'><strong>ἑαυτῶν</strong></span> <span class='ocrx_word' id='word_1_692' title='bbox 3395 4232 3620 4302; x_wconf 84' lang='grc' dir='ltr'><strong>κτίστην</strong></span> <span class='ocrx_word' id='word_1_693' title='bbox 3649 4235 3741 4284; x_wconf 73' lang='grc' dir='ltr'><strong>καὶ</strong></span> 
     </span>
    </p>
   </div>
   <div class='ocr_carea' id='block_1_88' title="bbox 2171 4312 3744 4392">
    <p class='ocr_par' dir='ltr' id='par_1_88' title="bbox 2171 4312 3744 4392">
     <span class='ocr_line' id='line_1_88' title="bbox 2171 4312 3744 4392; baseline 0.008 -30"><span class='ocrx_word' id='word_1_694' title='bbox 2171 4312 2510 4383; x_wconf 69' lang='grc' dir='ltr'><strong>δημιουργὸν</strong></span> <span class='ocrx_word' id='word_1_695' title='bbox 2528 4315 2754 4380; x_wconf 81' lang='grc' dir='ltr'><strong>δύναμις</strong></span> <span class='ocrx_word' id='word_1_696' title='bbox 2779 4318 2874 4370; x_wconf 74' lang='grc' dir='ltr'><strong>καὶ</strong></span> <span class='ocrx_word' id='word_1_697' title='bbox 2903 4320 2959 4369; x_wconf 80' lang='grc' dir='ltr'><strong>ἐν</strong></span> <span class='ocrx_word' id='word_1_698' title='bbox 2983 4318 3291 4389; x_wconf 83' lang='grc' dir='ltr'><strong>ἀνθρώποις</strong></span> <span class='ocrx_word' id='word_1_699' title='bbox 3320 4321 3575 4392; x_wconf 81' lang='grc' dir='ltr'><strong>ὑπάρχει.</strong></span> <span class='ocrx_word' id='word_1_700' title='bbox 3601 4324 3744 4375; x_wconf 81' lang='grc' dir='ltr'><strong>Ἑνε-</strong></span> 
     </span>
    </p>
   </div>
   <div class='ocr_carea' id='block_1_89' title="bbox 2172 4403 3739 4485">
    <p class='ocr_par' dir='ltr' id='par_1_89' title="bbox 2172 4403 3739 4485">
     <span class='ocr_line' id='line_1_89' title="bbox 2172 4403 3739 4485; baseline 0.008 -31"><span class='ocrx_word' id='word_1_701' title='bbox 2172 4403 2386 4473; x_wconf 83' lang='grc' dir='ltr'><strong>φύσησε</strong></span> <span class='ocrx_word' id='word_1_702' title='bbox 2419 4407 2529 4476; x_wconf 79' lang='grc' dir='ltr'><strong>γάρ</strong></span> <span class='ocrx_word' id='word_1_703' title='bbox 2559 4408 2638 4471; x_wconf 87' lang='grc' dir='ltr'><strong>είς</strong></span> <span class='ocrx_word' id='word_1_704' title='bbox 2667 4412 2728 4460; x_wconf 79' lang='grc' dir='ltr'><strong>τὸ</strong></span> <span class='ocrx_word' id='word_1_705' title='bbox 2767 4412 3081 4480; x_wconf 81' lang='grc' dir='ltr'><strong>πρόσωπον,</strong></span> <span class='ocrx_word' id='word_1_706' title='bbox 3111 4413 3381 4477; x_wconf 84' lang='grc' dir='ltr'><strong>τουτέστι,</strong></span> <span class='ocrx_word' id='word_1_707' title='bbox 3411 4416 3604 4485; x_wconf 89' lang='grc' dir='ltr'><strong>μοῖράν</strong></span> <span class='ocrx_word' id='word_1_708' title='bbox 3621 4433 3739 4467; x_wconf 84' lang='grc' dir='ltr'><strong>τινα</strong></span> 
     </span>
    </p>
   </div>
   <div class='ocr_carea' id='block_1_90' title="bbox 487 4483 3741 4576">
    <p class='ocr_par' dir='ltr' id='par_1_90' title="bbox 487 4483 3741 4576">
     <span class='ocr_line' id='line_1_90' title="bbox 487 4483 3741 4576; baseline 0.01 -38"><span class='ocrx_word' id='word_1_709' title='bbox 487 4488 567 4556; x_wconf 78' lang='grc' dir='ltr'><strong>μὴ</strong></span> <span class='ocrx_word' id='word_1_710' title='bbox 608 4490 804 4541; x_wconf 88' lang='grc' dir='ltr'><strong>ταυτόν</strong></span> <span class='ocrx_word' id='word_1_711' title='bbox 845 4505 899 4541; x_wconf 91' lang='grc' dir='ltr'><strong>τι</strong></span> <span class='ocrx_word' id='word_1_712' title='bbox 929 4493 1162 4563; x_wconf 61' lang='grc' dir='ltr'><strong>νομίσῃς</strong></span> <span class='ocrx_word' id='word_1_713' title='bbox 1189 4495 1251 4545; x_wconf 78' lang='grc' dir='ltr'><strong>τὸ</strong></span> <span class='ocrx_word' id='word_1_714' title='bbox 1281 4483 1558 4564; x_wconf 75' lang='grc' dir='ltr'><strong>πανταχοῦ</strong></span> <span class='ocrx_word' id='word_1_715' title='bbox 1591 4495 1683 4549; x_wconf 79' lang='grc' dir='ltr'><strong>τὸν</strong></span> <span class='ocrx_word' id='word_1_716' title='bbox 1709 4498 1842 4551; x_wconf 70' lang='grc' dir='ltr'><strong>Θεὸν</strong></span> <span class='ocrx_word' id='word_1_717' title='bbox 1874 4505 2065 4570; x_wconf 87' lang='grc' dir='ltr'><strong>παρεῖ-</strong></span> <span class='ocrx_word' id='word_1_718' title='bbox 2096 4514 2148 4573; x_wconf 80' lang='grc' dir='ltr'><strong>Ι)</strong></span> <span class='ocrx_word' id='word_1_719' title='bbox 2173 4498 2273 4563; x_wconf 74' lang='grc' dir='ltr'><strong>τῆς</strong></span> <span class='ocrx_word' id='word_1_720' title='bbox 2307 4496 2442 4561; x_wconf 81' lang='grc' dir='ltr'><strong>ἰδίας</strong></span> <span class='ocrx_word' id='word_1_721' title='bbox 2479 4500 2701 4569; x_wconf 85' lang='grc' dir='ltr'><strong>χάριτος</strong></span> <span class='ocrx_word' id='word_1_722' title='bbox 2754 4490 3048 4556; x_wconf 53' lang='grc' dir='ltr'><strong>ἐναπέθετο</strong></span> <span class='ocrx_word' id='word_1_723' title='bbox 3079 4504 3156 4575; x_wconf 74' lang='grc' dir='ltr'><strong>τῷ</strong></span> <span class='ocrx_word' id='word_1_724' title='bbox 3201 4483 3518 4576; x_wconf 37' lang='grc' dir='ltr'><strong>ἀνθρὺπῳί</strong></span> <span class='ocrx_word' id='word_1_725' title='bbox 3543 4507 3628 4559; x_wconf 82' lang='grc' dir='ltr'><strong>ἶνα</strong></span> <span class='ocrx_word' id='word_1_726' title='bbox 3662 4508 3741 4575; x_wconf 75' lang='grc' dir='ltr'><strong>τῷ</strong></span> 
     </span>
    </p>
   </div>
   <div class='ocr_carea' id='block_1_91' title="bbox 487 4581 2070 4660">
    <p class='ocr_par' dir='ltr' id='par_1_91' title="bbox 487 4581 2070 4660">
     <span class='ocr_line' id='line_1_91' title="bbox 487 4581 2070 4660; baseline 0.011 -31"><span class='ocrx_word' id='word_1_727' title='bbox 487 4593 600 4642; x_wconf 85' lang='grc' dir='ltr'><strong>ναι,</strong></span> <span class='ocrx_word' id='word_1_728' title='bbox 631 4583 726 4634; x_wconf 75' lang='grc' dir='ltr'><strong>καὶ</strong></span> <span class='ocrx_word' id='word_1_729' title='bbox 755 4581 814 4631; x_wconf 72' lang='grc' dir='ltr'><strong>τὲ</strong></span> <span class='ocrx_word' id='word_1_730' title='bbox 845 4581 1197 4651; x_wconf 80' lang='grc' dir='ltr'><strong>μετέχεσθαι,</strong></span> <span class='ocrx_word' id='word_1_731' title='bbox 1222 4584 1424 4655; x_wconf 82' lang='grc' dir='ltr'><strong>διαιρεῖ</strong></span> <span class='ocrx_word' id='word_1_732' title='bbox 1454 4588 1662 4655; x_wconf 71' lang='grc' dir='ltr'><strong>μεταξὺ</strong></span> <span class='ocrx_word' id='word_1_733' title='bbox 1689 4590 1797 4642; x_wconf 88' lang='grc' dir='ltr'><strong>τῶν</strong></span> <span class='ocrx_word' id='word_1_734' title='bbox 1831 4592 2070 4660; x_wconf 83' lang='grc' dir='ltr'><strong>ἀμφοτέ-</strong></span> 
     </span>
    </p>
   </div>
   <div class='ocr_carea' id='block_1_92' title="bbox 487 4673 2071 4755">
    <p class='ocr_par' dir='ltr' id='par_1_92' title="bbox 487 4673 2071 4755">
     <span class='ocr_line' id='line_1_92' title="bbox 487 4673 2071 4755; baseline 0.01 -33"><span class='ocrx_word' id='word_1_735' title='bbox 487 4688 601 4741; x_wconf 83' lang='grc' dir='ltr'><strong>ρων</strong></span> <span class='ocrx_word' id='word_1_736' title='bbox 640 4673 932 4741; x_wconf 82' lang='grc' dir='ltr'><strong>σοφώτατά</strong></span> <span class='ocrx_word' id='word_1_737' title='bbox 980 4692 1041 4729; x_wconf 89' lang='grc' dir='ltr'><strong>τε</strong></span> <span class='ocrx_word' id='word_1_738' title='bbox 1101 4677 1196 4728; x_wconf 79' lang='grc' dir='ltr'><strong>καὶ</strong></span> <span class='ocrx_word' id='word_1_739' title='bbox 1253 4677 1601 4746; x_wconf 60' lang='grc' dir='ltr'><strong>ὑψηλότατα,</strong></span> <span class='ocrx_word' id='word_1_740' title='bbox 1637 4681 1729 4733; x_wconf 87' lang='grc' dir='ltr'><strong>καί</strong></span> <span class='ocrx_word' id='word_1_741' title='bbox 1773 4699 1944 4755; x_wconf 77' lang='grc' dir='ltr'><strong>φησιο</strong></span> <span class='ocrx_word' id='word_1_742' title='bbox 1996 4684 2071 4737; x_wconf 85' lang='grc' dir='ltr'>Τὸ</span> 
     </span>
    </p>
   </div>
   <div class='ocr_carea' id='block_1_93' title="bbox 490 4764 2067 4845">
    <p class='ocr_par' dir='ltr' id='par_1_93' title="bbox 490 4764 2067 4845">
     <span class='ocr_line' id='line_1_93' title="bbox 490 4764 2067 4845; baseline 0.01 -28"><span class='ocrx_word' id='word_1_743' title='bbox 490 4764 717 4834; x_wconf 88' lang='grc' dir='ltr'><strong>Πνεῦμα</strong></span> <span class='ocrx_word' id='word_1_744' title='bbox 740 4766 871 4830; x_wconf 78' lang='grc' dir='ltr'><strong>Θεὸς</strong></span> <span class='ocrx_word' id='word_1_745' title='bbox 894 4766 992 4834; x_wconf 81' lang='grc' dir='ltr'><strong>ὢν,</strong></span> <span class='ocrx_word' id='word_1_746' title='bbox 1020 4770 1113 4821; x_wconf 73' lang='grc' dir='ltr'><strong>καὶ</strong></span> <span class='ocrx_word' id='word_1_747' title='bbox 1143 4771 1200 4823; x_wconf 93' lang='grc' dir='ltr'><strong>ἐν</strong></span> <span class='ocrx_word' id='word_1_748' title='bbox 1232 4770 1310 4839; x_wconf 83' lang='grc' dir='ltr'><strong>τῷ</strong></span> <span class='ocrx_word' id='word_1_749' title='bbox 1340 4774 1524 4835; x_wconf 72' lang='grc' dir='ltr'><strong>παντὶ,</strong></span> <span class='ocrx_word' id='word_1_750' title='bbox 1554 4774 1648 4825; x_wconf 78' lang='grc' dir='ltr'><strong>καὶ</strong></span> <span class='ocrx_word' id='word_1_751' title='bbox 1690 4774 1832 4845; x_wconf 78' lang='grc' dir='ltr'><strong>ὑπὲρ</strong></span> <span class='ocrx_word' id='word_1_752' title='bbox 1863 4777 1924 4829; x_wconf 84' lang='grc' dir='ltr'><strong>τὸ</strong></span> <span class='ocrx_word' id='word_1_753' title='bbox 1958 4781 2067 4832; x_wconf 80' lang='grc' dir='ltr'><strong>πᾶν</strong></span> 
     </span>
    </p>
   </div>
   <div class='ocr_carea' id='block_1_94' title="bbox 484 4855 2069 4936">
    <p class='ocr_par' dir='ltr' id='par_1_94' title="bbox 484 4855 2069 4936">
     <span class='ocr_line' id='line_1_94' title="bbox 484 4855 2069 4936; baseline 0.008 -26"><span class='ocrx_word' id='word_1_754' title='bbox 484 4855 586 4923; x_wconf 81' lang='grc' dir='ltr'><strong>ῶν,</strong></span> <span class='ocrx_word' id='word_1_755' title='bbox 622 4858 802 4911; x_wconf 87' lang='grc' dir='ltr'><strong>πάντα</strong></span> <span class='ocrx_word' id='word_1_756' title='bbox 836 4860 938 4927; x_wconf 86' lang='grc' dir='ltr'><strong>μέν</strong></span> <span class='ocrx_word' id='word_1_757' title='bbox 972 4860 1094 4912; x_wconf 83' lang='grc' dir='ltr'><strong>ἐστι</strong></span> <span class='ocrx_word' id='word_1_758' title='bbox 1125 4860 1371 4930; x_wconf 76' lang='grc' dir='ltr'><strong>πληροῦν</strong></span> <span class='ocrx_word' id='word_1_759' title='bbox 1404 4864 1469 4931; x_wconf 78' lang='grc' dir='ltr'><strong>τῇ</strong></span> <span class='ocrx_word' id='word_1_760' title='bbox 1507 4864 1608 4933; x_wconf 74' lang='grc' dir='ltr'><strong>τῆς</strong></span> <span class='ocrx_word' id='word_1_761' title='bbox 1631 4865 1886 4936; x_wconf 80' lang='grc' dir='ltr'><strong>θεότητος</strong></span> <span class='ocrx_word' id='word_1_762' title='bbox 1911 4868 2069 4925; x_wconf 88' lang='grc' dir='ltr'><strong>δυνά-</strong></span> 
     </span>
    </p>
   </div>
   <div class='ocr_carea' id='block_1_95' title="bbox 489 4951 2063 5020">
    <p class='ocr_par' dir='ltr' id='par_1_95' title="bbox 489 4951 2063 5020">
     <span class='ocr_line' id='line_1_95' title="bbox 489 4951 2063 5020; baseline 0.01 -19"><span class='ocrx_word' id='word_1_763' title='bbox 489 4966 605 5020; x_wconf 88' lang='grc' dir='ltr'><strong>μει,</strong></span> <span class='ocrx_word' id='word_1_764' title='bbox 645 4951 740 5003; x_wconf 81' lang='grc' dir='ltr'><strong>καὶ</strong></span> <span class='ocrx_word' id='word_1_765' title='bbox 765 4951 918 5004; x_wconf 69' lang='grc' dir='ltr'><strong>οὐδὲν</strong></span> <span class='ocrx_word' id='word_1_766' title='bbox 950 4952 1042 5004; x_wconf 79' lang='grc' dir='ltr'><strong>τοῦ</strong></span> <span class='ocrx_word' id='word_1_767' title='bbox 1078 4954 1277 5016; x_wconf 82' lang='grc' dir='ltr'><strong>παντὸς</strong></span> <span class='ocrx_word' id='word_1_768' title='bbox 1309 4953 1510 5007; x_wconf 77' lang='grc' dir='ltr'><strong>ἄϐατον</strong></span> <span class='ocrx_word' id='word_1_769' title='bbox 1547 4957 1642 5009; x_wconf 70' lang='grc' dir='ltr'><strong>καὶ</strong></span> <span class='ocrx_word' id='word_1_770' title='bbox 1689 4959 1845 5014; x_wconf 81' lang='grc' dir='ltr'><strong>κενὸν</strong></span> <span class='ocrx_word' id='word_1_771' title='bbox 1871 4962 2063 5017; x_wconf 80' lang='grc' dir='ltr'><strong>αὑτοῦ.</strong></span> 
     </span>
    </p>
   </div>
   <div class='ocr_carea' id='block_1_96' title="bbox 486 5041 2064 5120">
    <p class='ocr_par' dir='ltr' id='par_1_96' title="bbox 486 5041 2064 5120">
     <span class='ocr_line' id='line_1_96' title="bbox 486 5041 2064 5120; baseline 0.008 -25"><span class='ocrx_word' id='word_1_772' title='bbox 486 5042 794 5112; x_wconf 80' lang='grc' dir='ltr'><strong>Μετέχεται</strong></span> <span class='ocrx_word' id='word_1_773' title='bbox 825 5041 884 5095; x_wconf 83' lang='grc' dir='ltr'><strong>δέ</strong></span> <span class='ocrx_word' id='word_1_774' title='bbox 913 5044 1013 5113; x_wconf 80' lang='grc' dir='ltr'><strong>οὐχ</strong></span> <span class='ocrx_word' id='word_1_775' title='bbox 1051 5044 1157 5096; x_wconf 76' lang='grc' dir='ltr'><strong>ὑπὸ</strong></span> <span class='ocrx_word' id='word_1_776' title='bbox 1187 5046 1430 5109; x_wconf 86' lang='grc' dir='ltr'><strong>πάντων,</strong></span> <span class='ocrx_word' id='word_1_777' title='bbox 1461 5047 1585 5101; x_wconf 83' lang='grc' dir='ltr'><strong>οὐδὲ</strong></span> <span class='ocrx_word' id='word_1_778' title='bbox 1617 5051 1725 5120; x_wconf 72' lang='grc' dir='ltr'><strong>γὰρ</strong></span> <span class='ocrx_word' id='word_1_779' title='bbox 1760 5051 1822 5104; x_wconf 84' lang='grc' dir='ltr'><strong>τό</strong></span> <span class='ocrx_word' id='word_1_780' title='bbox 1850 5053 1943 5106; x_wconf 90' lang='grc' dir='ltr'><strong>τοῦ</strong></span> <span class='ocrx_word' id='word_1_781' title='bbox 1977 5057 2064 5107; x_wconf 87' lang='grc' dir='ltr'><strong>αί-</strong></span> 
     </span>
    </p>
   </div>
   <div class='ocr_carea' id='block_1_97' title="bbox 488 5134 2063 5215">
    <p class='ocr_par' dir='ltr' id='par_1_97' title="bbox 488 5134 2063 5215">
     <span class='ocr_line' id='line_1_97' title="bbox 488 5134 2063 5215; baseline 0.009 -30"><span class='ocrx_word' id='word_1_782' title='bbox 488 5134 693 5205; x_wconf 76' lang='grc' dir='ltr'><strong>σθητοῦ</strong></span> <span class='ocrx_word' id='word_1_783' title='bbox 722 5134 878 5187; x_wconf 87' lang='grc' dir='ltr'><strong>τοῦδε</strong></span> <span class='ocrx_word' id='word_1_784' title='bbox 910 5136 1064 5203; x_wconf 72' lang='grc' dir='ltr'><strong>ἡλίου</strong></span> <span class='ocrx_word' id='word_1_785' title='bbox 1097 5136 1232 5202; x_wconf 88' lang='grc' dir='ltr'><strong>φῶς,</strong></span> <span class='ocrx_word' id='word_1_786' title='bbox 1260 5138 1435 5190; x_wconf 90' lang='grc' dir='ltr'><strong>καίτοι</strong></span> <span class='ocrx_word' id='word_1_787' title='bbox 1460 5155 1521 5207; x_wconf 90' lang='grc' dir='ltr'><strong>γε</strong></span> <span class='ocrx_word' id='word_1_788' title='bbox 1556 5144 1706 5213; x_wconf 82' lang='grc' dir='ltr'><strong>πάσῃ</strong></span> <span class='ocrx_word' id='word_1_789' title='bbox 1734 5146 1798 5214; x_wconf 81' lang='grc' dir='ltr'><strong>τῇ</strong></span> <span class='ocrx_word' id='word_1_790' title='bbox 1829 5145 2063 5215; x_wconf 76' lang='grc' dir='ltr'><strong>αἰσθητῇ</strong></span> 
     </span>
    </p>
   </div>
   <div class='ocr_carea' id='block_1_98' title="bbox 485 5225 2066 5299">
    <p class='ocr_par' dir='ltr' id='par_1_98' title="bbox 485 5225 2066 5299">
     <span class='ocr_line' id='line_1_98' title="bbox 485 5225 2066 5299; baseline 0.009 -22"><span class='ocrx_word' id='word_1_791' title='bbox 485 5226 662 5279; x_wconf 83' lang='grc' dir='ltr'><strong>κτίσει</strong></span> <span class='ocrx_word' id='word_1_792' title='bbox 688 5225 885 5289; x_wconf 84' lang='grc' dir='ltr'><strong>κοινῶς</strong></span> <span class='ocrx_word' id='word_1_793' title='bbox 917 5225 1228 5296; x_wconf 74' lang='grc' dir='ltr'><strong>ἐπιλάμπον</strong></span> <span class='ocrx_word' id='word_1_794' title='bbox 1254 5229 1537 5299; x_wconf 82' lang='grc' dir='ltr'><strong>ὡσαύτως,</strong></span> <span class='ocrx_word' id='word_1_795' title='bbox 1570 5238 1664 5285; x_wconf 73' lang='grc' dir='ltr'><strong>καὶ</strong></span> <span class='ocrx_word' id='word_1_796' title='bbox 1697 5238 1864 5289; x_wconf 84' lang='grc' dir='ltr'><strong>πᾶσιν</strong></span> <span class='ocrx_word' id='word_1_797' title='bbox 1884 5238 2066 5292; x_wconf 82' lang='grc' dir='ltr'><strong>ὡσαύ-</strong></span> 
     </span>
    </p>
   </div>
   <div class='ocr_carea' id='block_1_99' title="bbox 483 5312 2064 5398">
    <p class='ocr_par' dir='ltr' id='par_1_99' title="bbox 483 5312 2064 5398">
     <span class='ocr_line' id='line_1_99' title="bbox 483 5312 2064 5398; baseline 0.012 -34"><span class='ocrx_word' id='word_1_798' title='bbox 483 5328 594 5374; x_wconf 87' lang='grc' dir='ltr'><strong>τως</strong></span> <span class='ocrx_word' id='word_1_799' title='bbox 631 5312 843 5381; x_wconf 79' lang='grc' dir='ltr'><strong>πέφυκε</strong></span> <span class='ocrx_word' id='word_1_800' title='bbox 873 5312 1160 5381; x_wconf 80' lang='grc' dir='ltr'><strong>μεθεκτὸν,</strong></span> <span class='ocrx_word' id='word_1_801' title='bbox 1194 5318 1329 5371; x_wconf 74' lang='grc' dir='ltr'><strong>ἀλλά</strong></span> <span class='ocrx_word' id='word_1_802' title='bbox 1365 5323 1477 5383; x_wconf 86' lang='grc' dir='ltr'><strong>τοῖς</strong></span> <span class='ocrx_word' id='word_1_803' title='bbox 1509 5316 1830 5395; x_wconf 78' lang='grc' dir='ltr'><strong>ἐπιτηδείως</strong></span> <span class='ocrx_word' id='word_1_804' title='bbox 1876 5328 2064 5398; x_wconf 73' lang='grc' dir='ltr'><strong>ἔχουσι</strong></span> 
     </span>
    </p>
   </div>
   <div class='ocr_carea' id='block_1_100' title="bbox 488 5404 2063 5492">
    <p class='ocr_par' dir='ltr' id='par_1_100' title="bbox 488 5404 2063 5492">
     <span class='ocr_line' id='line_1_100' title="bbox 488 5404 2063 5492; baseline 0.014 -41"><span class='ocrx_word' id='word_1_805' title='bbox 488 5406 673 5470; x_wconf 77' lang='grc' dir='ltr'><strong>μόνοις</strong></span> <span class='ocrx_word' id='word_1_806' title='bbox 712 5406 847 5472; x_wconf 73' lang='lat'><strong>1:96;</strong></span> <span class='ocrx_word' id='word_1_807' title='bbox 883 5404 981 5472; x_wconf 70' lang='grc' dir='ltr'><strong>τὴν</strong></span> <span class='ocrx_word' id='word_1_808' title='bbox 1029 5407 1123 5459; x_wconf 85' lang='grc' dir='ltr'><strong>τοῦ</strong></span> <span class='ocrx_word' id='word_1_809' title='bbox 1160 5411 1338 5476; x_wconf 75' lang='grc' dir='ltr'><strong>φωτὸς</strong></span> <span class='ocrx_word' id='word_1_810' title='bbox 1377 5414 1647 5487; x_wconf 80' lang='grc' dir='ltr'><strong>ὑποδοχὴν</strong></span> <span class='ocrx_word' id='word_1_811' title='bbox 1676 5420 1781 5471; x_wconf 77' lang='grc' dir='ltr'><strong>καὶ·</strong></span> <span class='ocrx_word' id='word_1_812' title='bbox 1821 5422 2063 5492; x_wconf 83' lang='grc' dir='ltr'><strong>μετάλη-</strong></span> 
     </span>
    </p>
   </div>
   <div class='ocr_carea' id='block_1_101' title="bbox 482 5495 2063 5583">
    <p class='ocr_par' dir='ltr' id='par_1_101' title="bbox 482 5495 2063 5583">
     <span class='ocr_line' id='line_1_101' title="bbox 482 5495 2063 5583; baseline 0.013 -39"><span class='ocrx_word' id='word_1_813' title='bbox 482 5495 578 5562; x_wconf 72' lang='grc' dir='ltr'><strong>ψιν</strong></span> <span class='ocrx_word' id='word_1_814' title='bbox 600 5509 616 5525; x_wconf 77' lang='grc' dir='ltr'><strong>ο</strong></span> <span class='ocrx_word' id='word_1_815' title='bbox 654 5496 927 5559; x_wconf 70' lang='grc' dir='ltr'><strong>κάκείνοις</strong></span> <span class='ocrx_word' id='word_1_816' title='bbox 964 5500 1066 5552; x_wconf 76' lang='grc' dir='ltr'><strong>οὐκ</strong></span> <span class='ocrx_word' id='word_1_817' title='bbox 1096 5503 1305 5572; x_wconf 72' lang='grc' dir='ltr'><strong>ἐξίσηςν</strong></span> <span class='ocrx_word' id='word_1_818' title='bbox 1333 5506 1470 5559; x_wconf 71' lang='grc' dir='ltr'><strong>ά).λὰ</strong></span> <span class='ocrx_word' id='word_1_819' title='bbox 1497 5511 1618 5561; x_wconf 76' lang='grc' dir='ltr'><strong>κατ’</strong></span> <span class='ocrx_word' id='word_1_820' title='bbox 1647 5510 1938 5579; x_wconf 77' lang='grc' dir='ltr'><strong>ἀναλογίαν</strong></span> <span class='ocrx_word' id='word_1_821' title='bbox 1962 5515 2063 5583; x_wconf 84' lang='grc' dir='ltr'><strong>τῆς</strong></span> 
     </span>
    </p>
   </div>
   <div class='ocr_carea' id='block_1_102' title="bbox 484 5585 2061 5674">
    <p class='ocr_par' dir='ltr' id='par_1_102' title="bbox 484 5585 2061 5674">
     <span class='ocr_line' id='line_1_102' title="bbox 484 5585 2061 5674; baseline 0.015 -39"><span class='ocrx_word' id='word_1_822' title='bbox 484 5585 719 5674; x_wconf 77' lang='grc' dir='ltr'><strong>ἑκάστου</strong></span> <span class='ocrx_word' id='word_1_823' title='bbox 753 5590 1061 5661; x_wconf 77' lang='grc' dir='ltr'><strong>δυνάμεως.</strong></span> <span class='ocrx_word' id='word_1_824' title='bbox 1097 5595 1268 5649; x_wconf 79' lang='grc' dir='ltr'><strong>Τοῦτο</strong></span> <span class='ocrx_word' id='word_1_825' title='bbox 1295 5600 1475 5651; x_wconf 67' lang='grc' dir='ltr'><strong>τοίνιν</strong></span> <span class='ocrx_word' id='word_1_826' title='bbox 1506 5600 1581 5664; x_wconf 87' lang='grc' dir='ltr'><strong>ώς</strong></span> <span class='ocrx_word' id='word_1_827' title='bbox 1604 5602 1662 5668; x_wconf 77' lang='grc' dir='ltr'><strong>ἐξ</strong></span> <span class='ocrx_word' id='word_1_828' title='bbox 1693 5604 1945 5674; x_wconf 76' lang='grc' dir='ltr'><strong>ἁμυδρᾶς</strong></span> <span class='ocrx_word' id='word_1_829' title='bbox 1976 5608 2061 5658; x_wconf 83' lang='grc' dir='ltr'><strong>αί-</strong></span> 
     </span>
    </p>
   </div>
   <div class='ocr_carea' id='block_1_103' title="bbox 486 5672 2057 5761">
    <p class='ocr_par' dir='ltr' id='par_1_103' title="bbox 486 5672 2057 5761">
     <span class='ocr_line' id='line_1_103' title="bbox 486 5672 2057 5761; baseline 0.014 -33"><span class='ocrx_word' id='word_1_830' title='bbox 486 5672 697 5741; x_wconf 77' lang='grc' dir='ltr'><strong>συητῆς</strong></span> <span class='ocrx_word' id='word_1_831' title='bbox 728 5679 936 5745; x_wconf 79' lang='grc' dir='ltr'><strong>εἰκόνος</strong></span> <span class='ocrx_word' id='word_1_832' title='bbox 962 5686 1056 5737; x_wconf 73' lang='grc' dir='ltr'><strong>καὶ</strong></span> <span class='ocrx_word' id='word_1_833' title='bbox 1087 5689 1179 5739; x_wconf 77' lang='grc' dir='ltr'><strong>ἐπὶ</strong></span> <span class='ocrx_word' id='word_1_834' title='bbox 1210 5689 1300 5740; x_wconf 87' lang='grc' dir='ltr'><strong>τοῦ</strong></span> <span class='ocrx_word' id='word_1_835' title='bbox 1327 5691 1654 5761; x_wconf 83' lang='grc' dir='ltr'><strong>ὑπερουσίου</strong></span> <span class='ocrx_word' id='word_1_836' title='bbox 1682 5695 1875 5745; x_wconf 85' lang='grc' dir='ltr'><strong>σκόπει</strong></span> <span class='ocrx_word' id='word_1_837' title='bbox 1900 5696 2057 5751; x_wconf 89' lang='grc' dir='ltr'><strong>Θεοῦ.</strong></span> 
     </span>
    </p>
   </div>
   <div class='ocr_carea' id='block_1_104' title="bbox 483 5761 2059 5850">
    <p class='ocr_par' dir='ltr' id='par_1_104' title="bbox 483 5761 2059 5850">
     <span class='ocr_line' id='line_1_104' title="bbox 483 5761 2059 5850; baseline 0.008 -23"><span class='ocrx_word' id='word_1_838' title='bbox 483 5761 683 5828; x_wconf 72' lang='grc' dir='ltr'><strong>Μόνοιὶ</strong></span> <span class='ocrx_word' id='word_1_839' title='bbox 717 5770 823 5841; x_wconf 76' lang='grc' dir='ltr'><strong>γάρ</strong></span> <span class='ocrx_word' id='word_1_840' title='bbox 873 5775 1012 5842; x_wconf 81' lang='grc' dir='ltr'><strong>ἐστι,</strong></span> <span class='ocrx_word' id='word_1_841' title='bbox 1040 5782 1197 5848; x_wconf 69' lang='grc' dir='ltr'><strong>φησὶ,</strong></span> <span class='ocrx_word' id='word_1_842' title='bbox 1247 5782 1511 5850; x_wconf 76' lang='grc' dir='ltr'><strong>μεθεκτὸν</strong></span> <span class='ocrx_word' id='word_1_843' title='bbox 1543 5786 1656 5846; x_wconf 86' lang='grc' dir='ltr'><strong>τοῖς</strong></span> <span class='ocrx_word' id='word_1_844' title='bbox 1703 5783 1894 5849; x_wconf 81' lang='grc' dir='ltr'><strong>ἀξίοις,</strong></span> <span class='ocrx_word' id='word_1_845' title='bbox 1945 5789 2059 5849; x_wconf 84' lang='grc' dir='ltr'><strong>τοῖς</strong></span> 
     </span>
    </p>
   </div>
   <div class='ocr_carea' id='block_1_105' title="bbox 2174 4587 3742 4661">
    <p class='ocr_par' dir='ltr' id='par_1_105' title="bbox 2174 4587 3742 4661">
     <span class='ocr_line' id='line_1_105' title="bbox 2174 4587 3742 4661; baseline 0.009 -25"><span class='ocrx_word' id='word_1_846' title='bbox 2174 4587 2347 4657; x_wconf 82' lang='grc' dir='ltr'><strong>ὁμοίῳ</strong></span> <span class='ocrx_word' id='word_1_847' title='bbox 2372 4590 2615 4661; x_wconf 78' lang='grc' dir='ltr'><strong>γινώσκῃ</strong></span> <span class='ocrx_word' id='word_1_848' title='bbox 2669 4592 2728 4644; x_wconf 87' lang='grc' dir='ltr'><strong>τὸ</strong></span> <span class='ocrx_word' id='word_1_849' title='bbox 2756 4593 2963 4660; x_wconf 80' lang='grc' dir='ltr'><strong>ὅμοιον.</strong></span> <span class='ocrx_word' id='word_1_850' title='bbox 2994 4595 3105 4648; x_wconf 70' lang='grc' dir='ltr'><strong>Καὶ</strong></span> <span class='ocrx_word' id='word_1_851' title='bbox 3133 4595 3294 4648; x_wconf 84' lang='grc' dir='ltr'><strong>πάλιν</strong></span> <span class='ocrx_word' id='word_1_852' title='bbox 3318 4600 3344 4649; x_wconf 88' lang='lat'><strong>6</strong></span> <span class='ocrx_word' id='word_1_853' title='bbox 3367 4598 3528 4660; x_wconf 68' lang='grc' dir='ltr'><strong>αὐτὸς</strong></span> <span class='ocrx_word' id='word_1_854' title='bbox 3553 4600 3611 4650; x_wconf 82' lang='grc' dir='ltr'><strong>ἐν</strong></span> <span class='ocrx_word' id='word_1_855' title='bbox 3633 4602 3742 4661; x_wconf 86' lang='grc' dir='ltr'><strong>τοῖς</strong></span> 
     </span>
    </p>
   </div>
   <div class='ocr_carea' id='block_1_106' title="bbox 2173 4674 3742 4758">
    <p class='ocr_par' dir='ltr' id='par_1_106' title="bbox 2173 4674 3742 4758">
     <span class='ocr_line' id='line_1_106' title="bbox 2173 4674 3742 4758; baseline 0.007 -27"><span class='ocrx_word' id='word_1_856' title='bbox 2173 4680 2314 4750; x_wconf 72' lang='grc' dir='ltr'><strong>πρὸς</strong></span> <span class='ocrx_word' id='word_1_857' title='bbox 2351 4680 2703 4753; x_wconf 80' lang='grc' dir='ltr'><strong>’Δμφιλόχιον</strong></span> <span class='ocrx_word' id='word_1_858' title='bbox 2730 4685 2861 4755; x_wconf 57' lang='grc' dir='ltr'><strong>περὶ⁸</strong></span> <span class='ocrx_word' id='word_1_859' title='bbox 2896 4674 2993 4739; x_wconf 87' lang='grc' dir='ltr'><strong>τοῦ</strong></span> <span class='ocrx_word' id='word_1_860' title='bbox 3019 4687 3176 4755; x_wconf 85' lang='grc' dir='ltr'><strong>ἁγίου</strong></span> <span class='ocrx_word' id='word_1_861' title='bbox 3203 4689 3541 4758; x_wconf 81' lang='grc' dir='ltr'><strong>Πνεύματος,</strong></span> <span class='ocrx_word' id='word_1_862' title='bbox 3586 4690 3742 4742; x_wconf 81' lang='grc' dir='ltr'><strong>’Δνα-</strong></span> 
     </span>
    </p>
   </div>
   <div class='ocr_carea' id='block_1_107' title="bbox 2172 4770 3738 4848">
    <p class='ocr_par' dir='ltr' id='par_1_107' title="bbox 2172 4770 3738 4848">
     <span class='ocr_line' id='line_1_107' title="bbox 2172 4770 3738 4848; baseline 0.006 -25"><span class='ocrx_word' id='word_1_863' title='bbox 2172 4770 2454 4836; x_wconf 73' lang='grc' dir='ltr'><strong>καινίζων,</strong></span> <span class='ocrx_word' id='word_1_864' title='bbox 2517 4775 2673 4840; x_wconf 81' lang='grc' dir='ltr'><strong>φησὶ,</strong></span> <span class='ocrx_word' id='word_1_865' title='bbox 2706 4774 2799 4826; x_wconf 64' lang='grc' dir='ltr'><strong>τὸν</strong></span> <span class='ocrx_word' id='word_1_866' title='bbox 2843 4775 3148 4845; x_wconf 75' lang='grc' dir='ltr'><strong>’ἄνθρωπον</strong></span> <span class='ocrx_word' id='word_1_867' title='bbox 3186 4779 3214 4830; x_wconf 90' lang='lat'><strong>6</strong></span> <span class='ocrx_word' id='word_1_868' title='bbox 3250 4778 3478 4847; x_wconf 74' lang='grc' dir='ltr'><strong>Κύριος,</strong></span> <span class='ocrx_word' id='word_1_869' title='bbox 3536 4780 3631 4832; x_wconf 80' lang='grc' dir='ltr'><strong>καὶ</strong></span> <span class='ocrx_word' id='word_1_870' title='bbox 3674 4787 3738 4848; x_wconf 63' lang='grc' dir='ltr'><strong>ἢν</strong></span> 
     </span>
    </p>
   </div>
   <div class='ocr_carea' id='block_1_108' title="bbox 2170 4861 3741 4940">
    <p class='ocr_par' dir='ltr' id='par_1_108' title="bbox 2170 4861 3741 4940">
     <span class='ocr_line' id='line_1_108' title="bbox 2170 4861 3741 4940; baseline 0.007 -27"><span class='ocrx_word' id='word_1_871' title='bbox 2170 4861 2421 4915; x_wconf 85' lang='grc' dir='ltr'><strong>ἀπώλεσε</strong></span> <span class='ocrx_word' id='word_1_872' title='bbox 2450 4866 2614 4935; x_wconf 87' lang='grc' dir='ltr'><strong>χάριν</strong></span> <span class='ocrx_word' id='word_1_873' title='bbox 2647 4870 2709 4919; x_wconf 82' lang='grc' dir='ltr'><strong>ἐκ</strong></span> <span class='ocrx_word' id='word_1_874' title='bbox 2750 4868 2842 4921; x_wconf 85' lang='grc' dir='ltr'><strong>τοῦ</strong></span> <span class='ocrx_word' id='word_1_875' title='bbox 2871 4871 3093 4939; x_wconf 81' lang='grc' dir='ltr'><strong>ἐμφυσὴ</strong></span> <span class='ocrx_word' id='word_1_876' title='bbox 3104 4888 3273 4940; x_wconf 85' lang='grc' dir='ltr'><strong>ματος</strong></span> <span class='ocrx_word' id='word_1_877' title='bbox 3300 4873 3395 4924; x_wconf 86' lang='grc' dir='ltr'><strong>τοῦ</strong></span> <span class='ocrx_word' id='word_1_878' title='bbox 3429 4872 3586 4940; x_wconf 85' lang='grc' dir='ltr'><strong>Θεοῦ,</strong></span> <span class='ocrx_word' id='word_1_879' title='bbox 3617 4873 3741 4924; x_wconf 82' lang='grc' dir='ltr'><strong>ταύ-</strong></span> 
     </span>
    </p>
   </div>
   <div class='ocr_carea' id='block_1_109' title="bbox 2168 4957 3738 5036">
    <p class='ocr_par' dir='ltr' id='par_1_109' title="bbox 2168 4957 3738 5036">
     <span class='ocr_line' id='line_1_109' title="bbox 2168 4957 3738 5036; baseline 0.007 -30"><span class='ocrx_word' id='word_1_880' title='bbox 2168 4972 2270 5024; x_wconf 91' lang='grc' dir='ltr'><strong>την</strong></span> <span class='ocrx_word' id='word_1_881' title='bbox 2297 4957 2461 5009; x_wconf 87' lang='grc' dir='ltr'><strong>πάλιν</strong></span> <span class='ocrx_word' id='word_1_882' title='bbox 2507 4959 2811 5027; x_wconf 79' lang='grc' dir='ltr'><strong>ἀποδιδοὺς,</strong></span> <span class='ocrx_word' id='word_1_883' title='bbox 2864 4963 3191 5033; x_wconf 84' lang='grc' dir='ltr'><strong>ἐμφυσήσας</strong></span> <span class='ocrx_word' id='word_1_884' title='bbox 3239 4969 3319 5028; x_wconf 81' lang='grc' dir='ltr'><strong>είς</strong></span> <span class='ocrx_word' id='word_1_885' title='bbox 3356 4965 3415 5017; x_wconf 83' lang='grc' dir='ltr'><strong>τὸ</strong></span> <span class='ocrx_word' id='word_1_886' title='bbox 3452 4968 3738 5036; x_wconf 73' lang='grc' dir='ltr'><strong>πρόσωπον</strong></span> 
     </span>
    </p>
   </div>
   <div class='ocr_carea' id='block_1_110' title="bbox 2170 5047 3615 5126">
    <p class='ocr_par' dir='ltr' id='par_1_110' title="bbox 2170 5047 3615 5126">
     <span class='ocr_line' id='line_1_110' title="bbox 2170 5047 3615 5126; baseline 0.009 -28"><span class='ocrx_word' id='word_1_887' title='bbox 2170 5047 2279 5100; x_wconf 88' lang='grc' dir='ltr'><strong>τῶν</strong></span> <span class='ocrx_word' id='word_1_888' title='bbox 2308 5049 2588 5120; x_wconf 85' lang='grc' dir='ltr'><strong>μαθητῶν,</strong></span> <span class='ocrx_word' id='word_1_889' title='bbox 2618 5053 2672 5105; x_wconf 90' lang='grc' dir='ltr'><strong>τί</strong></span> <span class='ocrx_word' id='word_1_890' title='bbox 2702 5069 2868 5123; x_wconf 76' lang='grc' dir='ltr'><strong>φησις</strong></span> <span class='ocrx_word' id='word_1_891' title='bbox 2905 5055 3128 5108; x_wconf 79' lang='grc' dir='ltr'><strong>Λάϐετε</strong></span> <span class='ocrx_word' id='word_1_892' title='bbox 3155 5056 3396 5126; x_wconf 78' lang='grc' dir='ltr'><strong>Πνεῦμα</strong></span> <span class='ocrx_word' id='word_1_893' title='bbox 3423 5058 3615 5125; x_wconf 77' lang='grc' dir='ltr'><strong>ἅγιον.</strong></span> 
     </span>
    </p>
   </div>
   <div class='ocr_carea' id='block_1_111' title="bbox 2239 5141 3736 5219">
    <p class='ocr_par' dir='ltr' id='par_1_111' title="bbox 2239 5141 3736 5219">
     <span class='ocr_line' id='line_1_111' title="bbox 2239 5141 3736 5219; baseline 0.006 -27"><span class='ocrx_word' id='word_1_894' title='bbox 2239 5141 2351 5193; x_wconf 76' lang='grc' dir='ltr'><strong>Καὶ</strong></span> <span class='ocrx_word' id='word_1_895' title='bbox 2392 5141 2571 5196; x_wconf 76' lang='grc' dir='ltr'><strong>ταῦτα</strong></span> <span class='ocrx_word' id='word_1_896' title='bbox 2617 5143 2717 5213; x_wconf 77' lang='grc' dir='ltr'><strong>μὲν</strong></span> <span class='ocrx_word' id='word_1_897' title='bbox 2765 5148 2793 5199; x_wconf 89' lang='lat'><strong>6</strong></span> <span class='ocrx_word' id='word_1_898' title='bbox 2849 5148 3128 5212; x_wconf 85' lang='grc' dir='ltr'><strong>συνοδικὺς</strong></span> <span class='ocrx_word' id='word_1_899' title='bbox 3177 5150 3361 5219; x_wconf 87' lang='grc' dir='ltr'><strong>τόμος.</strong></span> <span class='ocrx_word' id='word_1_900' title='bbox 3407 5148 3468 5202; x_wconf 82' lang='grc'><strong>’0</strong></span> <span class='ocrx_word' id='word_1_901' title='bbox 3500 5150 3556 5203; x_wconf 76' lang='grc' dir='ltr'><strong>δέ</strong></span> <span class='ocrx_word' id='word_1_902' title='bbox 3597 5150 3736 5213; x_wconf 88' lang='grc' dir='ltr'><strong>θεῖος</strong></span> 
     </span>
    </p>
   </div>
   <div class='ocr_carea' id='block_1_112' title="bbox 2166 5233 3736 5312">
    <p class='ocr_par' dir='ltr' id='par_1_112' title="bbox 2166 5233 3736 5312">
     <span class='ocr_line' id='line_1_112' title="bbox 2166 5233 3736 5312; baseline 0.004 -28"><span class='ocrx_word' id='word_1_903' title='bbox 2166 5233 2555 5304; x_wconf 85' lang='grc' dir='ltr'><strong>Χρυσόστομος</strong></span> <span class='ocrx_word' id='word_1_904' title='bbox 2604 5240 2734 5307; x_wconf 79' lang='grc' dir='ltr'><strong>περὶ</strong></span> <span class='ocrx_word' id='word_1_905' title='bbox 2790 5238 2955 5291; x_wconf 81' lang='grc' dir='ltr'><strong>αὑτοῦ</strong></span> <span class='ocrx_word' id='word_1_906' title='bbox 3017 5242 3207 5293; x_wconf 86' lang='grc' dir='ltr'><strong>τούτου</strong></span> <span class='ocrx_word' id='word_1_907' title='bbox 3273 5242 3590 5312; x_wconf 77' lang='grc' dir='ltr'><strong>ποιούμενος</strong></span> <span class='ocrx_word' id='word_1_908' title='bbox 3643 5244 3736 5293; x_wconf 69' lang='grc' dir='ltr'><strong>τὸν</strong></span> 
     </span>
    </p>
   </div>
   <div class='ocr_carea' id='block_1_113' title="bbox 2168 5324 3733 5409">
    <p class='ocr_par' dir='ltr' id='par_1_113' title="bbox 2168 5324 3733 5409">
     <span class='ocr_line' id='line_1_113' title="bbox 2168 5324 3733 5409; baseline 0.006 -33"><span class='ocrx_word' id='word_1_909' title='bbox 2168 5324 2347 5392; x_wconf 84' lang='grc' dir='ltr'><strong>λόγον,</strong></span> <span class='ocrx_word' id='word_1_910' title='bbox 2406 5329 2466 5379; x_wconf 71' lang='lat'><strong>03</strong></span> <span class='ocrx_word' id='word_1_911' title='bbox 2533 5328 2633 5409; x_wconf 70' lang='grc' dir='ltr'><strong>την</strong></span> <span class='ocrx_word' id='word_1_912' title='bbox 2679 5330 2887 5396; x_wconf 75' lang='grc' dir='ltr'><strong>οὐσίαν,</strong></span> <span class='ocrx_word' id='word_1_913' title='bbox 2950 5332 3069 5384; x_wconf 75' lang='grc' dir='ltr'><strong>οὐδὲ</strong></span> <span class='ocrx_word' id='word_1_914' title='bbox 3123 5335 3222 5403; x_wconf 85' lang='grc' dir='ltr'><strong>τὴν</strong></span> <span class='ocrx_word' id='word_1_915' title='bbox 3276 5333 3567 5386; x_wconf 82' lang='grc' dir='ltr'><strong>ὑπόστασιν</strong></span> <span class='ocrx_word' id='word_1_916' title='bbox 3639 5332 3733 5385; x_wconf 90' lang='grc' dir='ltr'><strong>τοῦ</strong></span> 
     </span>
    </p>
   </div>
   <div class='ocr_carea' id='block_1_114' title="bbox 2167 5419 3736 5496">
    <p class='ocr_par' dir='ltr' id='par_1_114' title="bbox 2167 5419 3736 5496">
     <span class='ocr_line' id='line_1_114' title="bbox 2167 5419 3736 5496; baseline 0.006 -26"><span class='ocrx_word' id='word_1_917' title='bbox 2167 5419 2484 5488; x_wconf 85' lang='grc' dir='ltr'><strong>Πνεύματος</strong></span> <span class='ocrx_word' id='word_1_918' title='bbox 2531 5420 2619 5473; x_wconf 73' lang='grc' dir='ltr'><strong>διά</strong></span> <span class='ocrx_word' id='word_1_919' title='bbox 2673 5423 2767 5476; x_wconf 87' lang='grc' dir='ltr'><strong>τοῦ</strong></span> <span class='ocrx_word' id='word_1_920' title='bbox 2819 5426 3214 5495; x_wconf 78' lang='grc' dir='ltr'><strong>ἐμφυσήματος</strong></span> <span class='ocrx_word' id='word_1_921' title='bbox 3269 5427 3406 5496; x_wconf 87' lang='grc' dir='ltr'><strong>μετά</strong></span> <span class='ocrx_word' id='word_1_922' title='bbox 3455 5428 3551 5496; x_wconf 78' lang='grc' dir='ltr'><strong>τὴν</strong></span> <span class='ocrx_word' id='word_1_923' title='bbox 3608 5428 3736 5480; x_wconf 80' lang='grc' dir='ltr'><strong>ἀνά·-</strong></span> 
     </span>
    </p>
   </div>
   <div class='ocr_carea' id='block_1_115' title="bbox 2167 5514 3733 5584">
    <p class='ocr_par' dir='ltr' id='par_1_115' title="bbox 2167 5514 3733 5584">
     <span class='ocr_line' id='line_1_115' title="bbox 2167 5514 3733 5584; baseline 0.004 -22"><span class='ocrx_word' id='word_1_924' title='bbox 2167 5527 2360 5564; x_wconf 87' lang='grc' dir='ltr'><strong>στασιν</strong></span> <span class='ocrx_word' id='word_1_925' title='bbox 2411 5514 2546 5583; x_wconf 79' lang='grc' dir='ltr'><strong>πρὸς</strong></span> <span class='ocrx_word' id='word_1_926' title='bbox 2612 5516 2851 5584; x_wconf 83' lang='grc' dir='ltr'><strong>Χριστοῦ</strong></span> <span class='ocrx_word' id='word_1_927' title='bbox 2935 5517 3181 5571; x_wconf 75' lang='grc' dir='ltr'><strong>δεδόσθαι</strong></span> <span class='ocrx_word' id='word_1_928' title='bbox 3244 5522 3355 5581; x_wconf 69' lang='grc' dir='ltr'><strong>τοῖς</strong></span> <span class='ocrx_word' id='word_1_929' title='bbox 3418 5520 3733 5583; x_wconf 68' lang='grc' dir='ltr'><strong>ἀποστόλοις</strong></span> 
     </span>
    </p>
   </div>
   <div class='ocr_carea' id='block_1_116' title="bbox 2174 5608 3730 5681">
    <p class='ocr_par' dir='ltr' id='par_1_116' title="bbox 2174 5608 3730 5681">
     <span class='ocr_line' id='line_1_116' title="bbox 2174 5608 3730 5681; baseline 0.005 -26"><span class='ocrx_word' id='word_1_930' title='bbox 2174 5608 2363 5673; x_wconf 75' lang='grc' dir='ltr'><strong>φησὶν,</strong></span> <span class='ocrx_word' id='word_1_931' title='bbox 2443 5608 2493 5658; x_wconf 86' lang='grc' dir='ltr'><strong>εί</strong></span> <span class='ocrx_word' id='word_1_932' title='bbox 2553 5609 2666 5671; x_wconf 76' lang='grc' dir='ltr'><strong>καὶ,</strong></span> <span class='ocrx_word' id='word_1_933' title='bbox 2722 5609 2945 5664; x_wconf 75' lang='grc' dir='ltr'><strong>Λάϐετε</strong></span> <span class='ocrx_word' id='word_1_934' title='bbox 3005 5612 3245 5681; x_wconf 73' lang='grc' dir='ltr'><strong>Πνεῦμα</strong></span> <span class='ocrx_word' id='word_1_935' title='bbox 3315 5612 3502 5681; x_wconf 78' lang='grc' dir='ltr'><strong>ἅγιον,</strong></span> <span class='ocrx_word' id='word_1_936' title='bbox 3560 5610 3730 5675; x_wconf 72' lang='grc' dir='ltr'><strong>εἶπεν,</strong></span> 
     </span>
    </p>
   </div>
   <div class='ocr_carea' id='block_1_117' title="bbox 2165 5696 3732 5775">
    <p class='ocr_par' dir='ltr' id='par_1_117' title="bbox 2165 5696 3732 5775">
     <span class='ocr_line' id='line_1_117' title="bbox 2165 5696 3732 5775; baseline 0.004 -28"><span class='ocrx_word' id='word_1_937' title='bbox 2165 5696 2280 5748; x_wconf 84' lang='grc' dir='ltr'><strong>ἀλλ’</strong></span> <span class='ocrx_word' id='word_1_938' title='bbox 2328 5698 2577 5761; x_wconf 79' lang='grc' dir='ltr'><strong>εξουσίαν</strong></span> <span class='ocrx_word' id='word_1_939' title='bbox 2634 5705 2755 5755; x_wconf 74' lang='grc' dir='ltr'><strong>τινὰ</strong></span> <span class='ocrx_word' id='word_1_940' title='bbox 2791 5704 2883 5755; x_wconf 74' lang='grc' dir='ltr'><strong>καὶ</strong></span> <span class='ocrx_word' id='word_1_941' title='bbox 2917 5705 3079 5773; x_wconf 89' lang='grc' dir='ltr'><strong>χάριν</strong></span> <span class='ocrx_word' id='word_1_942' title='bbox 3134 5709 3507 5775; x_wconf 66' lang='grc' dir='ltr'><strong>πνευματικὴν</strong></span> <span class='ocrx_word' id='word_1_943' title='bbox 3550 5709 3732 5772; x_wconf 72' lang='grc' dir='ltr'><strong>κοινὴν</strong></span> 
     </span>
    </p>
   </div>
   <div class='ocr_carea' id='block_1_118' title="bbox 2167 5789 3734 5864">
    <p class='ocr_par' dir='ltr' id='par_1_118' title="bbox 2167 5789 3734 5864">
     <span class='ocr_line' id='line_1_118' title="bbox 2167 5789 3734 5864; baseline 0.004 -25"><span class='ocrx_word' id='word_1_944' title='bbox 2167 5789 2264 5857; x_wconf 61' lang='grc' dir='ltr'><strong>τη</strong></span> <span class='ocrx_word' id='word_1_945' title='bbox 2306 5789 2535 5857; x_wconf 70' lang='grc' dir='ltr'><strong>’τριάδος</strong></span> <span class='ocrx_word' id='word_1_946' title='bbox 2563 5792 2749 5849; x_wconf 72' lang='grc' dir='ltr'><strong>οὖσαν.</strong></span> <span class='ocrx_word' id='word_1_947' title='bbox 2780 5793 2884 5846; x_wconf 80' lang='grc' dir='ltr'><strong>Τὸν</strong></span> <span class='ocrx_word' id='word_1_948' title='bbox 2907 5798 3014 5864; x_wconf 74' lang='grc' dir='ltr'><strong>γάρ</strong></span> <span class='ocrx_word' id='word_1_949' title='bbox 3072 5794 3477 5864; x_wconf 68' lang='grc' dir='ltr'><strong>Εὐάγγελιστὴν</strong></span> <span class='ocrx_word' id='word_1_950' title='bbox 3511 5794 3734 5861; x_wconf 64' lang='grc' dir='ltr'><strong>ἐξηγού-</strong></span> 
     </span>
    </p>
   </div>
  </div>
