4054 6442
319 370 433 431 9:)5

1126 365 1426 426 CONTRA
1458 365 1885 426 GREGORAM
1919 350 2687 424 'ANTlBBHEl‘lCORUM
2725 359 2820 419 vr.

3469 356 3574 417 996

324 496 486 546 μενος
524 478 806 548 Θεολόγον,
843 477 902 542 ὃς
949 480 1006 532 ἐν
1036 479 1114 548 τῷ
1155 480 1474 547 Εὑαγγελίῳ
1518 482 1648 550 περὶ
1699 479 1892 532 τούτου
1927 481 1970 536 Α
2001 477 2230 541 θείσας;
2272 477 2430 538 Ποία,
2459 475 2557 528 οὐκ
2587 475 2738 543 ἄρδει
2793 475 2884 526 καὶ
2919 470 3254 540 καταχρυσοῖ
3286 468 3390 522 τῶν
3423 471 3576 522 εῖισε-

322 573 480 640 φησὶ,
510 572 653 632 τινὲς
692 573 814 640 μὲν,
864 572 997 640 φησὶ
1042 571 1313 639 λέγουσιν,
1361 574 1444 626 ὅτι
1477 573 1539 626 οὐ
1574 577 1632 624 16
1667 573 1894 641 Πνεῦμα

319 661 543 725 ἔδωκεν,
570 660 687 714 ἀλλ’
735 661 1080 731 ἐπιτηδείους
1126 663 1322 724 αὐτοὺς
1351 663 1484 729 πρὸς
1535 661 1803 732 ὑποδοχὴν
1835 663 1901 714 δι’

320 753 538 822 ἐμφυσή
550 770 716 820 ματος
751 753 1178 807 κατεσκεύασεν.

392 845 507 895 Οὐκ
538 841 603 894 ἂν
649 841 706 894 δέ
751 860 834 904 τις
870 844 1128 912 ἁμάρτοι,
1163 845 1254 897 καὶ
1283 843 1404 897 τότε
1449 844 1647 906 αὐτοὺς
1683 845 1902 912 εἰληφέ-

318 951 406 987 ναι
457 935 634 1001 λέγων
680 935 931 1001 ἐξουσίαν
977 936 1098 988 τινὰ
1150 937 1530 1005 πνευματικὴν
1572 937 1666 990 καὶ
1716 937 1896 1006 χάριν,

319 1027 458 1078 ὥστε
527 1026 748 1094 ἀφιέναι
813 1028 1214 1097 ἁμαρτήματα,
1270 1029 1352 1081 διὸ
1422 1031 1737 1098 ἐπήγαγεν,
1791 1025 1902 1080 Ὧν

318 1115 529 1186 ἀφῆτε,
554 1115 870 1185 ἀφέωνται,
901 1118 1116 1180 δεικνὺς
1149 1120 1298 1170 ποῖον
1329 1113 1470 1180 εἶδος
1501 1120 1777 1186 ἐνεργείας
1819 1119 1898 1171 δί-

317 1209 471 1261 δωσι.
501 1211 606 1262 Καὶ
632 1208 740 1278 γὰρ
770 1209 978 1276 ᾶφατος
1021 1212 1053 1278 ὴ
1101 1210 1194 1262 τοῦ
1233 1209 1551 1278 Πνεύματος
1591 1211 1774 1279 χάρις,
1804 1212 1899 1262 καὶ

319 1301 607 1369 πολυειδὴς
643 1303 674 1369 ή
705 1301 880 1370 δωρεά
906 1342 918 1355 .
952 1301 1128 1353 Τοῦτο
1155 1302 1211 1354 δὲ
1232 1303 1461 1369 γίνεται,
1487 1301 1576 1354 ῑνα
1607 1303 1784 1372 μάθῃς
1815 1303 1897 1354 ὅτι

319 1395 532 1463 Πατρδς
598 1392 692 1444 καὶ
727 1394 858 1445 Υἱοῦ
893 1395 986 1446 καὶ
1027 1393 1184 1460 ἁγίου
1225 1393 1541 1459 Πνεύματος
1586 1393 1685 1461 μία
1725 1395 1758 1463 ἡ
1794 1393 1895 1446 δωο

319 1486 421 1554 ρεά
462 1485 557 1538 καὶ
605 1485 846 1549 ἐξουσία·
898 1484 932 1539 ἀ
975 1487 1082 1555 γὰρ
1110 1485 1256 1536 δοκεῖ
1305 1481 1447 1537 εἶναι
1483 1486 1754 1549 ἰδιάζοντα
1802 1484 1898 1537 τοῦ

319 1578 552 1647 Πατρὺς,
579 1578 753 1631 ταῦτα
785 1579 882 1630 καὶ
917 1578 1012 1629 τοῦ
1044 1577 1174 1630 Υἱοῦ
1207 1574 1466 1630 εἶναικαὶ
1501 1577 1596 1630 τοῦ
1647 1577 1898 1647 Πνεῦμα-

318 1685 407 1732 τος
427 1670 520 1722 τοῦ
561 1670 717 1737 ἁγίου
753 1670 1030 1736 φαίνεται·
1081 1670 1297 1733 καὶτὰς
1335 1668 1632 1740 διαιρέσεις
1661 1670 1769 1722 τῶν
1801 1687 1898 1740 χα-

321 1765 606 1833 ρισμάτων
651 1761 883 1830 Πατρδς,
916 1763 1011 1814 καὶ
1051 1761 1206 1826 Υἱοῦ,
1240 1764 1333 1814 καὶ
1385 1761 1542 1829 ἁγίου
1580 1760 1896 1830 Πνεύματος

314 1851 531 1922 δρῶμεν
550 1849 736 1912 οῦσας.

385 1942 583 2009 Συνίης
615 1940 721 1994 κᾶν
762 1941 858 1994 νῦν
907 1944 970 1994 ἐκ
1013 1941 1114 2009 τῆς
1167 1939 1448 2008 θεολογίας
1490 1939 1598 1994 τῶν
1635 1942 1890 2009 οἰκουμεο

313 2033 482 2086 νικῶν
506 2035 744 2086 τουτωνὶ
775 2031 1116 2086 διδασκάλων
1140 2033 1236 2086 καὶ
1262 2031 1541 2102 ἀληθινῶς
1561 2032 1892 2101 φιλοσόφων,

313 2123 597 2192 φιλόσοφε,
639 2123 842 2194 μᾶλλον
870 2122 925 2176 δὲ
972 2122 1032 2187 ἐξ
1073 2122 1242 2176 αὑτοῦ
1275 2121 1371 2175 τοῦ
1404 2123 1624 2194 πρώτου
1675 2124 1767 2176 καὶ
1798 2124 1899 2192 μό-

311 2233 408 2269 νου
430 2214 754 2286 καθηγητοῦ
779 2215 873 2268 καὶ
895 2214 1229 2268 διδασκάλου
1263 2215 1481 2269 πάντων
1513 2215 1774 2286 Χριστοῦ,
1805 2216 1898 2269 καὶ

311 2305 422 2358 τῶν
461 2305 628 2358 αὑτοῦ
679 2303 842 2357 θείων
903 2303 1272 2372 Εύαγγελίων,
1317 2303 1398 2356 ὅτι
1425 2302 1486 2354 τὸ
1530 2305 1641 2364 τοῖς
1688 2303 1898 2362 πιστοῖς

310 2397 723 2468 χορηγούμενον
777 2397 874 2449 καὶ
925 2393 1174 2448 ἐνοικοῦν
1239 2397 1384 2447 θεῖον
1445 2395 1672 2464 Πνεῦμα
1721 2395 1819 2463 οὐχ
1863 2394 1896 2463 ή

310 2489 407 2544 τοῦ
439 2488 762 2557 Πνεύματος
827 2487 1156 2552 ὑπόστασις,
1198 2485 1297 2557 οὐχ
1340 2487 1374 2556 ἡ
1413 2486 1571 2540 οὐσία
1619 2485 1762 2555 αὐτὴ
1799 2489 1899 2554 τῆς

311 2576 644 2648 ὑπερουσίου
695 2577 928 2644 Τριάδος
972 2577 1117 2642 ἐστὶ,
1171 2575 1248 2639 ὡς
1297 2575 1459 2638 αὐτὸς
1502 2575 1689 2638 κακῶς
1719 2570 1894 2643 εἶπας,

312 2667 452 2720 ἀλλὰ
485 2665 654 2736 μοῖρὰ
685 2683 766 2727 τις
796 2667 893 2735 τῆς
923 2664 1076 2728 θείας
1101 2665 1349 2736 χάριτος,
1381 2667 1474 2717 καὶ
1503 2666 1764 2736 ἐνέργεια
1805 2665 1898 2717 καὶ

309 2756 490 2827 δωρεά
537 2755 691 2826 κοινὴ
727 2757 823 2825 τῆς
879 2758 1010 2824 μιᾶς
1052 2757 1492 2825 τρισυποστάτου
1536 2756 1793 2826 θεότητος
1835 2757 1894 2808 ἐν
1942 2780 1944 2782 ·

314 2850 458 2920 ἁγίῳ
513 2849 793 2918 Πνεύματι
850 2849 1128 2919 διδομένη,
1173 2851 1269 2903 καὶ
1296 2848 1387 2902 διὰ
1429 2848 1574 2902 τοῦτ’
1620 2850 1760 2903 αὐτὸ
1805 2849 1899 2901 καὶ

312 2939 539 3010 Πνεῦμα
565 2942 724 3008 ἅγιον
752 2941 1054 3010 λεγομένης
1090 2941 1160 2993 Ἢ
1184 2942 1278 2994 καὶ¹
1297 2941 1376 2994 ἔτι
1409 2941 1509 3011 τὴν
1540 2943 1640 3012 τῆς
1665 2942 1896 3012 ὑπερθυ-

314 3031 433 3084 σίου
465 3030 671 3096 οὐσίας,
705 3030 802 3084 καὶ
839 3031 941 3100 τῆς
999 3032 1441 3101 τρισυποστάτου
1478 3031 1729 3101 θεότητος
1760 3031 1900 3083 ἐνοί-

312 3123 474 3192 κησίν
503 3141 564 3176 τε
598 3124 691 3176 καὶ
722 3122 946 3193 μέθεξιν
977 3124 1162 3186 κακῶς
1197 3123 1338 3194 μετά
1368 3123 1734 3178 Μασαλιανῶν
1760 3124 1899 3177 ὀνειέ-

312 3217 641 3288 ροπολήσεις
669 3234 730 3269 τε
762 3220 859 3270 καὶ
900 3217 1320 3288 μυθολογήσεις,
1354 3221 1715 3288 περιφράσεις
1737 3219 1893 3280 τινὰς

307 3310 407 3362 καὶ
449 3309 842 3379 παραφράσεις
873 3309 967 3361 καὶ
997 3310 1403 3380 παρεξηγήσεις
1437 3311 1578 3364 κατὰ
1608 3311 1706 3380 τῆς
1737 3327 1898 3364 σεαυ-

313 3401 412 3454 τοῦ
451 3401 694 3469 κεφαλῆς
726 3401 1109 3468 ἀναπλάττων,
1143 3402 1304 3471 μόνον
1335 3402 1423 3455 ἵνα
1459 3402 1705 3474 μὴκατὰ
1743 3402 1896 3455 θείαν

305 3492 598 3562 ἐνέργειάν
630 3511 690 3546 τε
714 3495 806 3547 καὶ
845 3496 1003 3564 χάριν
1030 3497 1126 3548 σὺν
1150 3496 1263 3556 τοῖς
1289 3496 1755 3565 κεχαριτωμένοις
1778 3511 1900 3548 του-

303 3589 451 3640 τοισὶ
477 3586 756 3654 θεολόγοις
787 3587 878 3640 τὸν
898 3587 1031 3640 Θεὸν
1060 3583 1200 3641 εἶναι
1235 3588 1498 3658 μεθεκτδν
1529 3589 1890 3661 ὁμολογήσῃς,

305 3678 444 3731 ἀλλὰ
473 3681 594 3732 κατ’
615 3679 823 3744 οὐσίαν,
856 3679 932 3742 ὡς
952 3679 1116 3741 αὐτὸς
1143 3680 1268 3748 φῂς,
1303 3679 1407 3732 ὑπὸ
1432 3678 1540 3731 τῶν
1563 3678 1658 3732 τοῦ
1684 3679 1898 3732 Σατανᾶ

317 3771 578 3840 μαθητῶν
614 3772 863 3826 ἐκείνων.
899 3771 1170 3841 Βαρλαάμ
1217 3787 1277 3822 τε
1310 3773 1404 3824 καὶ
1460 3770 1763 3824 ’Λικινδύνου
1791 3771 1894 3825 κά-

317 3879 478 3915 κιστα
527 3863 759 3934 μυηθεὶς
817 3865 913 3917 καὶ⁸
964 3864 1204 3927 διδάξας.
1260 3862 1432 3916 Τοῦτο
1483 3865 1582 3932 μὲν
1634 3859 1728 3916 οὖν
1793 3863 1894 3915 ούκ

309 3953 576 4020 είκάξειν,
613 3955 749 4008 ἀλλά
780 3957 874 4009 καὶ
907 3957 1039 4026 ὁρᾷν
1076 3955 1325 4025 ἐναργῶς
1360 3954 1508 4007 ἐστιν
1532 3957 1590 4009 ἐν
1617 3958 1726 4018 τοῖς
1776 3958 1892 4018 σοῖς

305 4049 661 4117 γράμμασιν,
695 4050 778 4102 ὅτι
810 4049 870 4101 16
909 4050 1162 4118 δεύτερον
1205 4051 1350 4104 εἵλου
1398 4052 1496 4105 σὺν
1559 4051 1792 4120 μεγίστῃ
1822 4052 1887 4122 τῇ

305 4140 612 4209 προθυμία,
647 4141 786 4210 ὑπὲρ
819 4133 878 4192 οὗ
901 4157 984 4194 σοι
1016 4143 1111 4194 καὶ
1140 4144 1166 4194 6
1198 4142 1410 4212 μακρὸς
1443 4141 1624 4194 οὑτοσὶ
1652 4141 1891 4210 πόλεμος

305 4231 446 4300 πρὸς
474 4233 623 4300 ἡμᾶς
673 4234 768 4284 καὶ
796 4233 897 4302 τὴν
923 4233 1018 4285 τοῦ
1057 4233 1296 4302 Χριστοῦ
1335 4231 1668 4300 Ἐκκλησίαν
1690 4274 1702 4286 .
1747 4229 1889 4285 Ἀλλ’

307 4322 491 4388 ἡμεῖς,
518 4323 568 4374 εί
595 4325 690 4374 καὶ
727 4321 802 4392 μὴ
842 4321 961 4387 σοῦ,
1011 4323 1150 4375 ἀλλά
1175 4323 1286 4376 τῶν
1322 4340 1386 4392 γε
1427 4323 1534 4376 ὑπὸ
1589 4321 1650 4374 σὲ
1679 4321 1888 4374 τούτων

307 4411 490 4479 χάριν,
525 4413 621 4464 καὶ
651 4413 748 4481 τῆς
782 4412 924 4482 ὑπὲρ
953 4413 1134 4466 αὐτῶν
1165 4413 1379 4482 ἀγαθῆς
1426 4394 1660 4477 ἐλπίδος,
1698 4413 1794 4465 καὶ
1819 4413 1888 4466 τὰ

302 4503 566 4558 λείποντα
603 4506 715 4568 τοῖς
751 4504 1066 4575 εἰρημένοις
1104 4505 1511 4576 προσθήσομεν.

261 4582 264 4583 ν
375 4597 514 4666 Φησὶ
544 4597 836 4667 τοιγαροῦν
863 4600 890 4650 6
928 4595 1206 4661 συνοδικδς
1253 4597 1419 4668 τόμος
1449 4597 1547 4652 καὶ
1580 4597 1762 4664 πάλιν,
1797 4598 1891 4652 καὶ

298 4690 333 4739 ὁ
366 4687 512 4750 θεῖος
561 4688 928 4757 Δαμασκηνὸς
979 4689 1038 4741 ὲν
1077 4689 1158 4757 τῷ
1202 4691 1333 4758 περὶ
1393 4689 1762 4759 προγνώσεως
1797 4689 1893 4742 καὶ

300 4778 650 4859 σξροορισμοῦ
680 4780 787 4830 τῶν
817 4777 1147 4846 θεολογικῶν
1188 4779 1354 4832 αὐτοῦ
1386 4779 1727 4848 κεφαλαίων,
1761 4777 1894 4831 Τοῦ-

297 4886 401 4923 τον
428 4871 604 4938 ,φησὶ,
636 4871 728 4922 τὸν
767 4871 1058 4940 ἄνθρωπον
1089 4873 1118 4925 6
1152 4871 1488 4942 δημιουργὸς
1515 4873 1722 4943 ἁρῤενα
1757 4889 1893 4925 κατ-

300 4961 578 5014 εσκεύασε
635 4962 898 5030 μεταδοὺς
927 4963 1078 5033 αὐτῷ
1103 4964 1203 5032 τῆς
1236 4964 1433 5018 ἐαυτοῦ
1467 4964 1619 5026 θείας
1646 4963 1892 5033 χάριτος,

307 5055 411 5108 καὶ
435 5054 492 5105 ἐν
516 5053 773 5122 κοινωνία
805 5052 1000 5105 ἑαυτοῦ
1039 5054 1127 5106 διὰ
1161 5053 1366 5123 ταύτης
1397 5053 1560 5107 αὐτὸν
1590 5053 1896 5124 ποιησάμε-

306 5161 426 5206 νος.
461 5146 567 5198 Καὶ
600 5145 763 5202 πάλιν
798 5147 826 5197 6
858 5147 1032 5214 μέγας
1067 5145 1350 5207 Βασίλειος
1389 5147 1448 5198 ἐν
1476 5148 1591 5208 τοῖς
1629 5146 1768 5216 πρὸς
1801 5147 1894 5200 τὸν

308 5237 465 5305 ἱερὸν
510 5236 885 5306 Ἀμφιλόχιον,
915 5237 1031 5302 Τίς,
1057 5236 1242 5305 φησὶν,
1291 5235 1466 5300 οὕτως
1523 5238 1756 5305 ἀνήκοος
1785 5239 1894 5290 τῶν

316 5330 748 5400 ἡτοιμασμένων
791 5330 1012 5396 ἀγαθῶν
1059 5330 1211 5397 παρὰ
1248 5329 1385 5381 Θεοῦ
1438 5332 1546 5392 τοῖς
1583 5329 1772 5394 ἀξίοις,
1818 5329 1894 5393 ὡς

302 5424 534 5489 ἀγνοεῖν
563 5422 647 5473 ὅτι
676 5421 788 5474 τῶν
823 5410 998 5490 ἁγίων
1027 5424 1054 5474 6
1087 5423 1347 5489 στέφανος
1381 5423 1416 5494 ἡ
1445 5421 1538 5474 τοῦ
1573 5423 1894 5492 Πνεύματός

302 5518 430 5565 ἐστι
450 5513 634 5584 χάρις,
688 5512 1056 5582 δαψιλεστέρα
1102 5513 1223 5566 τότε
1261 5515 1358 5568 καὶ
1389 5515 1696 5584 τελεωτέρα
1720 5532 1894 5586 παρε-

302 5605 552 5676 χομένης
595 5604 680 5656 Τά
700 5605 758 5657 δὲ
800 5603 894 5657 τοῦ
945 5605 1292 5676 Χρυσορρόου
1355 5606 1604 5675 ῥεύματα
1648 5609 1798 5668 τίνας
1829 5611 1891 5660 οὐ

304 5697 655 5757 κατακλύζει
686 5696 794 5748 τῶν
834 5695 1128 5749 ἀντιθέτων
1168 5697 1476 5768 οἰκοδομάς,
1535 5700 1628 5752 ἐπί
1656 5699 1890 5768 ψάμμου

304 5788 529 5860 σαθρῶς
563 5805 623 5840 τε
672 5788 768 5841 καὶ
801 5788 1145 5858 ἀστηρίκτως
1194 5791 1324 5861 παρ’
1378 5790 1561 5847 αὐτῶν
1602 5791 1890 5864 οἰκοδομη-

591 5881 860 5942 ΡΑτιιυι..
911 5884 1022 5943 Gn.
1069 5882 1183 5943 CLI

2008 570 2120 631 ϐὡς
2141 569 2278 621 αὐτὰ
2301 568 2610 638 δεχομένων
2639 567 2816 636 ψυχάς
2841 582 2854 631 ;
2901 559 3003 624 τΩν
3035 566 3128 617 καὶ
3170 565 3195 614 6
3223 563 3321 630 τῆς
3356 562 3576 614 συνύδου

2002 663 2165 730 τόμος
2195 661 2422 712 πλεῖστα
2453 659 2636 711 λαϐὼν
2670 658 2783 725 ἕχει
2837 657 2964 725 παρ’
2998 655 3196 721 ἐαυτῷ.
3242 653 3379 707 Ἀλλ’
3412 656 3576 721 ἡμεῖς

2001 752 2155 817 ὀλίγα
2181 751 2435 809 λαϐόντες
2489 749 2700 800 ἐκεῖθεν
2749 748 2836 800 διὰ
2887 751 2946 799 16
2980 749 3171 816 μῆκος,
3208 746 3362 797 οὐδὲν
3411 741 3577 816 ἧττον

2003 844 2110 896 κάκ
2160 842 2365 894 τούτων
2417 844 2772 910 κοσμήσομεν
2822 841 2915 891 καὶ
2955 841 3458 908 καταχρυσώσομεν
3486 838 3576 888 τὸν

2002 937 2131 1004 περὶ
2169 934 2264 986 τοῦ
2304 934 2619 1000 Πνεύματος
2655 934 2865 984 τουτονὶ
2903 933 3078 1000 λόγον.

2073 1028 2182 1096 Τὴν
2211 1026 2340 1092 γοῦν
2372 1028 2428 1076 ἐν
2455 1026 2531 1094 τῷ
2559 1025 2700 1078 κατὰ
2748 1025 3000 1092 Ἰωάννην
3034 1025 3347 1094 Εύαγγελίῳ
3381 1024 3546 1078 θεσπε
3565 1057 3578 1067 -

2002 1119 2121 1171 σίαν
2166 1118 2384 1184 ἐκείνην
2437 1117 2650 1182 διεξιὼν
2697 1117 2791 1170 τοῦ
2845 1119 3097 1187 Σωτῆρος
3129 1118 3333 1185 φωνὴν,
3388 1118 3452 1170 '0
3484 1134 3579 1173 πι·

1999 1211 2230 1264 στεύων
2255 1209 2488 1278 εἱςὲμὲ,
2526 1210 2815 1277 λέγουσαν,
2857 1211 3042 1271 καθὼς
3085 1206 3238 1261 εἶπεν
3271 1213 3299 1278 ἡ
3358 1211 3576 1280 Γραφή,

1999 1303 2252 1370 ποταμοὶ
2274 1305 2618 1370 ῥεύσουσιν
2656 1303 2725 1355 ἐκ
2758 1301 2864 1369 τῆς
2885 1305 3117 1366 κοιλίας
3139 1301 3326 1354 αὑτοῦ
3358 1301 3579 1366 ὓδατος

2000 1393 2245 1458 ζῶντος.
2303 1393 2484 1445 Τοῦτο
2537 1393 2606 1445 δὲ
2662 1390 2810 1458 εἷπε,
2865 1397 3030 1462 φησὶν
3071 1398 3098 1445 6
3151 1393 3574 1462 Εὐαγγελιστὴς,

1999 1487 2129 1554 περὶ
2167 1486 2276 1538 τοῦ
2322 1488 2690 1555 Πνεύματος,
2739 1483 2810 1541 οὗ
2853 1487 3118 1554 ἔμελλον
3164 1486 3493 1554 λαμϐάνειν
3523 1488 3580 1537 οί

1998 1576 2482 1642 πιστώοντεςίεὶς
2499 1563 2703 1632 αὐτόν·
2721 1578 2884 1630 οὔπω
2904 1578 3012 1646 γὰρ
3029 1575 3106 1646 ἦν
3127 1578 3366 1646 Πνεῦμα
3387 1577 3575 1646 ἅγιον,

2000 1667 2090 1720 ὅτι
2134 1668 2374 1734 Ἰησοῦς
2405 1669 2640 1722 οὐδέπω
2665 1668 2993 1736 ἐδοξάσθη.
3044 1671 3178 1739 Περὶ
3210 1670 3342 1735 γοῦν
3371 1669 3579 1721 τούτων

2002 1757 2110 1810 τῶν
2159 1758 2321 1810 θείων
2381 1759 2644 1830 ῥημάτων
2674 1759 2702 1810 ὁ
2757 1763 2932 1829 μέγας
2976 1760 3160 1812 οὑτοσὶ
3218 1762 3405 1829 Πατήρ
3453 1777 3576 1812 τινα

1997 1847 2298 1917 προειπὼν,
2334 1849 2460 1917 ἐξῆς
2500 1850 2756 1919 ἐπιφέρει
2796 1853 2888 1902 καὶ
2948 1851 3154 1903 ταῦτα·
3198 1851 3398 1903 Οὐκέτι
3443 1866 3580 1920 προ-

1998 1941 2176 2010 φήτης
2208 1942 2361 2010 παρά
2411 1944 2521 2004 τοῖς
2587 1943 2864 2004 Ἰουδαίοις
2921 1938 3009 2013 ἦν,
3072 1943 3193 1995 0662-:
3253 1942 3578 1995 ἐπώπτευεν

2001 2031 2184 2084 αὐτῶν
2217 2033 2287 2086 τά
2321 2032 2455 2101 ἆγια
2487 2035 2519 2102 ἡ
2565 2035 2746 2105 χάρις.
2794 2035 2949 2087 Ἐπεὶ
2993 2034 3087 2088 οῦν
3115 2036 3443 2089 ἁνέσταλται
3477 2036 3580 2104 μὲν

1999 2123 2060 2172 τὸ
2111 2122 2337 2192 Πνεῦμα
2375 2124 2435 2177 16
2491 2125 2668 2191 ἅγιον,
2715 2125 2910 2195 ἔμελλε
2959 2126 3015 2179 δὲ
3063 2127 3253 2181 λοιπὸν
3296 2126 3578 2198 ἐκχεῖσθαι

1998 2212 2258 2282 δαψιλῶς,
2306 2217 2510 2286 ταύτης
2549 2217 2607 2269 δὲ
2649 2219 2748 2284 τῆς
2787 2217 3055 2287 διανομῆς
3102 2218 3246 2288 ἀρχὴ
3299 2221 3438 2288 μετὰ
3486 2219 3578 2272 τὸν

2003 2307 2234 2374 σταυρὸν
2264 2305 2483 2373 ἐγένετο
2515 2308 2576 2359 ού
2610 2308 2772 2376 μόνον
2814 2308 3114 2375 δαψιλείας,
3151 2309 3290 2362 ἀλλά
3325 2311 3422 2362 καὶ
3461 2327 3581 2378 μει-

2001 2397 2170 2460 ζόνων
2223 2388 2599 2469 χαρισμάτων,
2654 2402 2748 2454 καὶ
2790 2400 2896 2471 γὰρ
2954 2401 3375 2474 θαυμαστοτέρα
3425 2401 3496 2476 ἦν
3541 2406 3577 2475 ή

2001 2490 2203 2560 δωρεὰ,
2230 2492 2304 2555 ὡς
2337 2491 2468 2545 ὅταν
2505 2492 2662 2563 λέγῃ,
2707 2496 2830 2548 Οὐκ
2866 2494 3067 2549 οἴδατε
3101 2497 3279 2551 ποίου
3309 2500 3581 2568 Πνεῦμα-

2000 2582 2102 2646 τός
2129 2581 2289 2644 ἐστε,
2317 2583 2414 2635 καὶ
2447 2583 2626 2650 πάλιν,
2658 2585 2740 2638 Οὐ
2768 2587 2878 2654 γὰρ
2908 2585 3154 2640 ἐλάϐετε
3175 2587 3414 2657 πνεῦμα
3438 2588 3581 2642 δου-

1999 2675 2172 2740 λείας
2194 2673 2381 2728 πάλιν
2407 2678 2494 2741 εὶς
2524 2678 2736 2744 φόϐον,
2759 2679 2897 2733 ἀλλ’
2925 2681 3170 2735 ἐλάϐετε
3199 2683 3441 2752 Πνεῦμα
3461 2687 3582 2738 vlo-

2002 2759 2252 2826 θεσὶασ·
2304 2769 2398 2823 καὶ
2448 2771 2560 2839 γὰρ
2615 2771 2712 2824 καὶ
2755 2775 2804 2825 οἱ
2848 2774 3066 2828 παλαιοὶ
3119 2777 3213 2830 καὶ
3268 2776 3424 2831 αὐτοὶ
3479 2777 3581 2848 μὲν

1977 2859 2227 2930 ,Πνεῦμα
2255 2857 2424 2932 εἶχον,
2457 2862 2638 2926 ἄλλοις
2674 2863 2730 2915 δὲ
2761 2863 2821 2916 οὐ
2857 2868 3144 2936 παρεῖχον,
3174 2868 3223 2920 οἱ
3257 2867 3313 2920 δὲ
3345 2869 3580 2921 ἀπόστο-

1999 2951 2080 3004 λοι
2108 2953 2378 3024 μυριάδας
2413 2954 2708 3024 νέπλησαν.
2761 2956 2920 3011 Ἐπεὶ
2949 2958 3042 3011 οῦν
3094 2959 3298 3029 ταύτην
3347 2943 3577 3030 ἔμελλον

1999 3039 2306 3111 λαμϐάνειν
2335 3043 2433 3114 τὴν
2457 3045 2640 3114 χάριν,
2669 3045 2822 3098 οῦπω
2854 3046 2910 3098 δὲ
2935 3042 3006 3116 ἦν
3032 3047 3268 3113 δοθεῖσα,
3304 3050 3394 3102 διὰ
3417 3050 3580 3104 τοῦτὸ

2000 3149 2188 3202 φησιν,
2230 3135 2404 3188 Οὔπω
2450 3133 2529 3205 ἦν
2575 3137 2819 3206 Πνεῦμα
2866 3139 3057 3208 ἅγιον.
3105 3142 3262 3194 Ἐπεὶ
3315 3138 3408 3195 οῦν
3451 3147 3583 3211 περὶ

2000 3226 2205 3296 ταύτης
2239 3227 2418 3296 λέγων
2453 3231 2550 3297 τῆς
2587 3234 2815 3301 χάριτος
2842 3235 2868 3286 6
2906 3233 3343 3307 Εὑαγγελιστὴς,
3389 3236 3581 3305 ἔλεγεν

1996 3319 2174 3372 Οὔπω
2204 3321 2312 3389 γὰρ
2357 3318 2437 3392 ἦν
2482 3323 2727 3392 Πνεῦμα
2759 3324 2950 3394 ἅγιον,
2985 3328 3234 3381 τουτέστι
3277 3331 3455 3395 δοθὲν,
3491 3330 3582 3384 ὅτι

2015 3413 2253 3479 Ἰησοῦς
2276 3415 2511 3469 οὐδέπω
2533 3417 2856 3486 ἐδοξάσθη,
2881 3418 3044 3484 δόξαν
3071 3421 3253 3474 καλῶν
3281 3422 3375 3475 τὸν
3408 3440 3580 3476 σταυο

2003 3505 2119 3575 ρδν,
2156 3506 2344 3575 ἐπειδὴ
2368 3508 2475 3578 γάρ
2503 3511 2690 3580 ἐχθροὶ
2716 3507 2858 3582 ἦμεν
2888 3513 2984 3565 καὶ
3041 3514 3449 3584 ἡμαρτηκότες,
3486 3517 3580 3569 καὶ

2001 3593 2393 3669 ὑστερούμενοι
2426 3600 2528 3669 τῆς
2556 3600 2764 3670 δωρεᾶς
2795 3601 2889 3656 τοῦ
2911 3603 3070 3670 Θεοῦ,
3115 3607 3210 3658 καὶ
3241 3607 3578 3675 θεοστυγεῖς,

2002 3690 2118 3760 ἠδὲ
2156 3692 2317 3762 χάρις
2346 3693 2692 3764 καταλλαγῆς
2743 3693 2810 3765 ἦν
2862 3695 3160 3761 ἀπόδειξις,
3201 3698 3373 3768 δῶρον
3412 3701 3469 3753 δὲ
3516 3701 3577 3753 ού

1998 3784 2106 3846 τοῖς
2136 3783 2371 3853 ἐχθροῖς,
2411 3785 2531 3838 ούδέ
2582 3789 2698 3849 τοῖς
2754 3787 3128 3858 μισουμένοις,
3155 3791 3292 3844 ἀλλά
3343 3795 3456 3856 τοῖς
3491 3794 3580 3862 φί-

1997 3874 2108 3936 λοις
2135 3875 2335 3929 δίδοται
2367 3879 2462 3930 καὶ
2489 3879 2603 3941 τοῖς
2637 3878 3069 3950 εύηρεστηκόσιν
3098 3877 3114 3914 4
3159 3882 3267 3935 ἔδει
3311 3885 3579 3956 πρότερον

1999 3969 2434 4038 προσενεχθῆναι
2461 3970 2561 4040 τὴν
2607 3972 2747 4040 ὑπὲρ
2785 3974 2944 4042 ἡμῶν
2969 3973 3182 4041 θυσίαν,
3228 3977 3319 4030 καὶ
3359 3979 3458 4050 τὴν
3489 3979 3580 4050 ἔχ-

1997 4056 2137 4124 θραν
2176 4060 2232 4110 ἐν
2261 4061 2328 4128 τῇ
2364 4063 2531 4129 σακρὶ
2555 4063 2953 4132 καταλυθῆναι,
3007 4066 3102 4118 καὶ
3155 4067 3411 4134 γενέσθαι
3481 4069 3578 4123 τοῦ

1995 4147 2132 4200 Θεοῦ
2165 4149 2373 4217 φίλους,
2393 4155 2489 4203 καὶ
2525 4152 2646 4205 τότε
2692 4153 2879 4207 λαϐεῖν
2929 4155 3028 4226 τὴν
3077 4156 3306 4226 δωρεάν.
3363 4160 3424 4212 Εἰ
3467 4163 3578 4231 γὰρ

1994 4241 2086 4294 ἐπὶ
2111 4242 2208 4313 τῆς
2233 4244 2568 4312 ἐπαγγελίας
2600 4245 2761 4299 τοῦτο
2782 4246 2972 4316 γέγονε
2994 4249 3093 4317 τῆς
3126 4251 3263 4319 πρὸς
3301 4252 3576 4323 ’Λϐραὰμ,

1994 4332 2175 4403 πολλῷ
2214 4334 2416 4404 μᾶλλον
2456 4337 2549 4388 ἐπὶ
2583 4337 2680 4404 τῆς
2707 4337 2952 4406 χάριτος.
3005 4341 3112 4391 Καὶ
3145 4340 3308 4394 πάλιν
3335 4344 3363 4395 ὁ
3411 4344 3578 4407 αὐτὸς

1993 4424 2052 4476 ἐν
2072 4426 2193 4486 ταῖς
2210 4427 2402 4488 αὑταῖς
2421 4426 2806 4494 εὐαγ-γελικαῖς
2831 4427 3149 4499 ἐξηγήσεσι,
3170 4431 3274 4486 Καὶ
3293 4432 3378 4500 ἐφ’
3399 4434 3576 4505 ἡμῶν,

1919 4537 1966 4594 D
1995 4518 2183 4584 φησὶν,
2215 4517 2314 4588 οὐχ
2351 4517 2536 4580 ἁπλῶς
2565 4519 2625 4570 τὸ
2654 4518 2800 4588 ὕδωρ
2831 4520 3148 4590 ἐργάζεται,
3176 4523 3295 4576 ἀλλ’
3320 4524 3448 4578 ὅταν
3479 4519 3578 4595 τὴν

1997 4608 2091 4661 τοῦ
2122 4609 2446 4681 Πνεύματος
2473 4613 2634 4684 χάριν
2661 4611 2901 4683 δέξηται,
2931 4613 3146 4668 ἅπαντα
3163 4615 3281 4670 λύει
3302 4617 3369 4671 τά
3403 4618 3581 4690 ἀμαρ-

1997 4700 2243 4770 τήματα·
2282 4702 2380 4755 καὶ
2413 4705 2552 4767 μετὰ
2593 4703 2822 4773 βραχέα·
2869 4705 3034 4758 Ἀλλὰ
3068 4707 3172 4760 κᾶν
3217 4709 3244 4776 ἢ
3279 4711 3578 4780 οἰκουμένη

1998 4792 2186 4846 ἅπασα
2219 4792 2369 4864 ἔλθῃ,
2409 4796 2441 4860 ἡ
2473 4796 2633 4865 χάρις
2667 4796 3049 4861 ἀναλίσκεται,
3085 4799 3204 4876 ούδέ
3250 4801 3284 4870 ἡ
3323 4800 3577 4870 ἐνέργεια

1995 4883 2324 4948 δαπανᾶται,
2353 4883 2471 4936 ἀλλ’
2500 4885 2664 4954 ὁμοία
2707 4886 2860 4956 μένει
2893 4891 2986 4940 καὶ
3041 4890 3290 4962 τοιαύτη,
3337 4891 3427 4944 οἷα
3484 4893 3579 4944 καὶ

1998 4973 2104 5041 πρὸ
2129 4973 2243 5029 τοῦ.
2279 4976 2390 5028 Καὶ
2413 4977 2668 5044 καθάπερ
2697 4979 2753 5029 αί
2783 4979 3010 5048 ἡλιακαὶ
3029 4985 3250 5044 ἀκτῖνες
3285 4982 3410 5034 καθ’
3441 4983 3574 5036 ἐκά-

1998 5085 2133 5136 στην
2153 5069 2449 5135 φωτίζουσι
2513 5069 2610 5140 τὴν
2663 5073 2878 5142 ἡμέραν
2934 5075 3030 5128 καὶ
3078 5078 3141 5129 οὐ
3198 5077 3572 5140 δαπανῶνται,

1995 5156 2121 5208 οὐδὲ
2150 5157 2257 5210 ἀπὸ
2290 5157 2389 5225 τῆς
2417 5158 2622 5229 πολλῆς
2644 5164 2908 5231 χορηγίας
2937 5164 3158 5217 ἔλαττον
3200 5168 3388 5228 αὐταῖς
3430 5168 3578 5234 γίνε-

1996 5264 2086 5299 ται
2119 5248 2181 5301 τὸ
2214 5249 2348 5316 φῶς,
2381 5249 2524 5303 οὕτω
2558 5252 2651 5303 καὶ
2678 5253 2859 5324 πολλῷ
2893 5256 3092 5324 μᾶλλον
3124 5259 3157 5327 ἡ
3193 5256 3286 5310 τοῦ
3321 5257 3575 5328 Πνεῦμα-

1953 5379 1958 5383 .
1997 5354 2089 5400 τος
2111 5339 2364 5410 ἐνέργεια
2393 5340 2546 5394 οὐδὲν
2585 5333 2905 5400 ἐλαττοῦται
2937 5350 3091 5418 παρὰ
3137 5349 3244 5401 τῶν
3273 5351 3577 5404 ἀπολαυόν-

1995 5447 2108 5483 των
2135 5431 2327 5500 αὐτῆς.

2074 5524 2202 5593 Ἔχε
2219 5523 2273 5576 δέ
2295 5526 2388 5579 καὶ
2409 5525 2763 5580 σκόπει.Ίδοὺ
2782 5529 2887 5600 γὰρ
2906 5533 2933 5581 ὁ
2949 5533 3185 5600 χρυσοῦς
3211 5535 3396 5586 οὐτοσὶ
3421 5534 3576 5588 θεολό

1995 5634 2090 5684 γος
2108 5617 2304 5688 πλεῖνῆ
2320 5620 2694 5673 ὀκτωκαίδεκα
2708 5622 2802 5674 τοῦ
2821 5622 2959 5675 Πνεύ
2967 5641 3135 5691 ματος
3153 5625 3246 5678 τοῦ
3269 5627 3425 5694 ἁγίου
3440 5646 3580 5698 μνη-

1997 5708 2146 5769 σθεὶς
2171 5708 2228 5762 ἒν
2249 5725 2310 5775 γε
2337 5712 2455 5773 ταῖς
2473 5711 2861 5779 εὐαγγελικαῖς
2891 5714 3117 5777 ταύταις
3143 5716 3458 5788 ἐξηγήσεσι,
3481 5722 3580 5777 νῦν

2000 5802 2097 5872 μὲν
2126 5803 2479 5877 Πνεῦμα,ξνῦν
2499 5805 2558 5858 δέ
2575 5805 2668 5860 τοῦ
2695 5807 2836 5868 Πνεύ
2847 5825 3017 5879 ματος
3043 5809 3228 5880 χάριν,
3248 5814 3372 5866 ποτὲ
3395 5814 3450 5868 δὲ
3474 5814 3580 5868 δω-

3148 5905 3223 5966 ‘29
