4054 6432
421 379 528 444 909

1163 383 1467 444 ΕΟΝΤΒΛ
1510 383 1936 444 GREGORAM
1995 380 2755 448 ANTIRRIIETI’CORUM
2803 387 2903 445 Vl.

3549 387 3656 445 UH)

424 497 612 564 γαγὼν
646 497 789 566 ἡμᾶς
819 495 883 550 ἐκ
911 495 1005 551 τοῦ
1040 497 1115 568 μὴ
1150 499 1300 560 όντος
1331 499 1408 559 είς
1440 497 1500 550 τὸ
1535 492 1698 559 εἶναι,
1726 497 1820 550 καὶ
1850 513 1988 564 γνω-
2016 503 2056 559 Α
2088 492 2231 552 οὗτοι
2275 502 2370 553 καὶ
2413 499 2584 553 κοινοὶ
2621 499 2720 566 τῆς
2763 496 3086 566 Ἐκκλησῖας
3135 494 3467 559 διδάσκαλοι.
3515 493 3659 548 οὕτω

425 588 640 648 στικοὺς
674 588 906 658 ποιήσας
934 589 1077 658 ἡμᾶς
1098 629 1112 652 ,
1143 587 1330 658 ὥσπερ
1364 589 1424 642 οὐ
1467 593 1564 658 τῆς
1589 589 1777 650 οὐσίας
1821 588 1986 640 αὐτοῦ

427 677 752 750 μετέδωκεν,
778 679 949 742 οὕτως
981 680 1101 733 οὐδὲ
1131 679 1228 748 τῆς
1262 680 1516 747 γνώσεως
1543 679 1643 749 τῆς
1667 678 1853 740 οὐσίας
1888 678 1988 730 αὐ.

423 788 538 825 του.

493 863 604 916 Καὶ
641 861 805 933 βλέπε
826 863 918 916 τὸν
947 863 1106 932 σοφὸν
1133 864 1344 916 τουτονὶ
1373 861 1624 929 θεολόγον
1657 856 1902 931 ἀκριϐῶς
1934 862 1991 912 ἐν

421 955 534 1016 τοῖς
563 955 891 1024 εἰρημένοις,
927 955 1074 1016 ὃπως
1105 954 1234 1024 περί
1255 965 1316 1006 τε
1345 950 1438 1005 τοῦ
1467 950 1748 1018 ἀγνώστου
1781 951 1874 1002 καὶ
1893 951 1992 1021 ἀρ-

422 1048 590 1118 ρήτου
623 1048 724 1115 τῆς
773 1046 923 1110 θείας
950 1047 1140 1110 οὐσίας
1174 1048 1264 1100 τὸν
1305 1046 1463 1113 λόγον
1515 1043 1860 1113 ποιούμενος,
1895 1042 1990 1096 τοῦ

426 1138 526 1208 μὲν
561 1139 655 1192 καὶ
687 1137 882 1206 λόγους
905 1139 1001 1192 καὶ
1036 1139 1336 1203 ἀποδείξεις
1363 1137 1599 1205 παράγει
1639 1137 1783 1190 κατὰ
1812 1135 1873 1186 τὸ
1895 1137 1992 1202 ἐγ-

422 1230 656 1300 χωροῦν,
688 1230 769 1283 ’ότι
804 1231 848 1282 δ’
878 1231 1182 1301 ἀμέθεκτος
1223 1231 1548 1299 τοπαράπαν
1593 1231 1626 1299 ἡ
1665 1228 1992 1298 ὐπερούσιος

421 1322 580 1374 οὐσία
609 1321 789 1391 ἐκείνη
812 1321 888 1383 ὡς
916 1323 1027 1383 τοῖς
1063 1323 1228 1375 πᾶσιν
1251 1320 1674 1390 ὡμολογημένον
1695 1319 1992 1388 λαμϐάνων

421 1412 516 1468 καὶ
538 1412 810 1482 κείμενον,
842 1412 903 1464 οὐ
927 1411 1087 1481 μόνον
1107 1412 1166 1464 οὐ
1181 1411 1408 1466 -δίδωσιν
1432 1411 1575 1481 ὑπὲρ
1599 1409 1788 1464 τούτου
1807 1409 1989 1479 λόγον,

423 1504 562 1556 άλλά
597 1505 817 1556 κάκεῖνο
846 1503 908 1555 τὸ
951 1503 1265 1574 προρρηθὲν
1301 1505 1504 1572 μᾶλλον
1540 1503 1629 1557 διὰ
1676 1503 1868 1555 τούτου
1902 1501 1994 1572 βε-

419 1594 567 1648 ϐαιοῖ
592 1595 684 1648 καὶ
727 1593 1080 1663 συνίστησιν,
1119 1592 1306 1664 ῶσπερ
1350 1594 1411 1647 οὐ
1447 1594 1546 1663 τῆς
1595 1593 1783 1655 οὐσίας
1827 1591 1989 1645 αὐτοῦ

423 1685 718 1753 μετέδωκε,
738 1685 934 1752 λέγων,
963 1683 1137 1748 οὕτως
1158 1685 1279 1738 οὐδὲ
1305 1687 1402 1754 τῆς
1416 1683 1670 1752 γνώσεως
1683 1683 1784 1753 τῆς
1805 1683 1992 1746 οὐσίας

418 1775 613 1832 αὐτοῦ.
643 1777 752 1828 Καὶ
801 1776 964 1830 πάλιν
997 1780 1024 1830 ό
1063 1777 1222 1840 αὐτὸς
1259 1776 1508 1844 θεολόγον
1542 1776 1734 1847 ἕτερον
1765 1775 1990 1843 ἐξηγού-

420 1881 602 1934 μενος,
656 1865 831 1918 τοιάδε
863 1865 1032 1934 φησί·
1069 1865 1178 1920 Καὶ
1229 1864 1402 1934 πέρας
1447 1864 1541 1916 τοῦ
1580 1864 1880 1934 μυστηρίου
1920 1867 1986 1935 τῇ

420 1957 556 2028 πρὸς
581 1956 714 2011 Θεὸν
741 1956 921 2010 νεύσει
948 1955 1264 2027 θεούμενον,
1304 1955 1594 2026 θεούμενον
1618 1957 1673 2009 δέ
1691 1958 1754 2024 τῇ
1783 1960 1984 2027 μετοχῇ

419 2047 518 2117 τῆς
547 2048 698 2112 θείας
724 2048 1061 2117 ἐλλάμψεως,
1098 2050 1198 2101 οὐκ
1229 2050 1308 2111 είς
1336 2047 1434 2117 τὴν
1466 2047 1616 2102 θείαν
1653 2049 1988 2119 μεθιστάμε-

421 2155 512 2192 νον
542 2140 751 2193 οὐσίαν.
787 2140 848 2192 El
872 2139 980 2208 γάρ
1010 2142 1037 2194 ὑ
1066 2139 1220 2210 ἥλιος
1245 2141 1398 2209 ἡμῖν,
1435 2141 1593 2211 φησὶ,
1628 2143 1735 2194 τῶν
1767 2143 1987 2198 οίκείων
2032 2181 2034 2184 -

414 2229 710 2300 ἐνεργειῶν
723 2229 1035 2297 μεταδιδοὺς
1055 2231 1204 2299 μένει
1233 2230 1344 2284 τῶν
1375 2232 1663 2299 ἡμετέρων
1697 2233 1985 2304 ἀμέτοχος,

413 2315 566 2386 πόσῳ
604 2315 805 2383 μᾶλλον
842 2317 871 2370 ὁ
913 2315 1007 2370 τοῦ
1049 2315 1198 2387 ἡλίου
1251 2319 1483 2388 ποιητής
1524 2336 1584 2373 τε
1614 2321 1707 2374 καὶ⁸
1741 2323 1983 2392 Κύριοςς

413 2408 523 2461 Καὶ
575 2408 737 2462 πάλιν
767 2424 781 2439 ·
827 2408 1034 2463 Τοῦτον
1074 2408 1277 2476 τοίνυν,
1303 2410 1459 2479 φησὶ,
1490 2411 1581 2464 τὸν
1636 2411 1925 2482 ἄνθρωπον
1957 2415 1988 2467 ὀ

416 2500 757 2569 Δημιουργὸς
776 2501 980 2570 άῤῥενα
1008 2491 1400 2565 κατεσκεύασε,
1426 2501 1691 2571 μεταδοὺς
1711 2503 1859 2573 αὐτῷ
1887 2505 1987 2573 τῆς

411 2588 559 2652 Θείας
597 2591 819 2661 χάριτος
875 2589 1090 2656 ἐαυτοῦ,
1132 2589 1223 2643 καὶ
1277 2593 1335 2644 ἐν
1362 2595 1619 2664 κοινωνίᾳ
1660 2593 1856 2646 ἐαυτοῦ
1895 2594 1984 2647 διὰ

411 2679 618 2750 ταύτης
645 2680 809 2734 αὐτὸν
833 2683 1209 2750 ποιησάμενος
1230 2697 1243 2711 °
1274 2681 1398 2734 ὅθεν
1433 2683 1528 2735 καὶ
1555 2670 1655 2752 τὴν
1684 2683 1793 2736 τῶν
1827 2684 1984 2748 ζώων

408 2763 710 2839 ὀνομασίαν
744 2771 1102 2840 προφητικῶς
1122 2811 1138 2837 ,
1169 2770 1244 2835 ὠς
1278 2771 1482 2824 δούλων
1518 2772 1667 2844 αὐτῷ
1696 2775 1983 2842 δοθέντων,

407 2855 739 2925 δεσποτικῶς
782 2862 1102 2930 ἐποιήσατο.

489 2950 810 3016 Ἀθανάσιος
838 2952 936 3006 δέό
969 2951 1147 3022 μέγας
1175 2955 1246 3006 τὰ
1276 2953 1419 3008 κατά
1451 2953 1544 3007 τὸν
1577 2955 1982 3026 εὐαγγελισμὸν

407 3039 506 3109 τῆς
539 3043 901 3112 ἀειπαρθένου
942 3044 1038 3097 καὶ
1063 3043 1410 3114 Θεομήτορος
1439 3049 1836 3117 σκοπούμενος,
1890 3049 1982 3113 Ὠς

407 3133 544 3203 πρὸς
574 3135 701 3198 τούς
739 3135 1095 3199 ἀποστόλους,
1129 3139 1281 3207 φησι,
1326 3138 1386 3191 τὸ
1427 3136 1651 3208 Πνεῦμα
1686 3140 1780 3194 καὶ
1811 3143 1846 3215 ή
1893 3141 2050 3215 δύ-ρ

403 3241 567 3294 ναμις
597 3220 692 3278 τοῦ
729 3221 986 3294 Ὑψίστου
1021 3228 1381 3297 ἐπήγγελται,
1408 3230 1553 3284 οὕτω
1583 3232 1679 3284 καὶ
1713 3233 1846 3302 πρὸς
1876 3234 1978 3303 τὴν

403 3314 702 3386 Παρθένον.
736 3317 848 3372 Καὶ
877 3320 925 3372 εί
955 3321 1012 3371 ἐν
1043 3321 1156 3382 τοῖς
1185 3321 1507 3384 ἀποστόλοις
1537 3321 1598 3375 οὐ
1631 3326 1978 3395 παρηκολού-

403 3406 538 3475 θησε
588 3407 884 3476 σάρκωσις,
928 3409 1087 3480 δῆλον
1139 3412 1222 3464 ὅτι
1263 3411 1382 3466 ούδέ
1432 3415 1491 3466 ἐν
1525 3415 1593 3484 τῇ
1645 3411 1905 3487 Παρθένῳ
1938 3419 1973 3488 ἡ

399 3498 627 3570 δύναμις
651 3501 964 3572 ἐσαρκὼθη,
993 3501 1116 3555 οὔτε
1163 3504 1223 3556 τὸ
1262 3501 1486 3572 Πνεῦμα
1529 3506 1973 3579 ἐνηνθρώπησεν.

410 3591 554 3646 ’Δλλ’
583 3593 772 3664 ὥσπερ
803 3595 862 3648 ἐν
890 3597 1004 3658 τοῖς
1043 3588 1365 3660 ἀποστόλοις
1413 3599 1447 3667 ἠ
1478 3597 1710 3666 δύναμις
1739 3599 1877 3669 πρὸς
1913 3600 1974 3653 τὸ

399 3683 659 3740 δύνασθαι
708 3686 852 3740 κατὰ
883 3688 1066 3757 πάσης
1104 3688 1490 3760 ἀντικειμένης
1521 3691 1803 3760 δυνάμεως
1849 3693 1975 3760 ἐγέ-

401 3791 542 3841 νετο,
577 3777 674 3830 καὶ
721 3778 755 3848 ἠ
815 3778 1098 3842 ἐπέλευσις
1131 3779 1226 3832 τοῦ
1259 3781 1578 3851 Πνεύματος
1608 3782 1731 3836 καθ’
1776 3781 1870 3835 ὅλα
1906 3784 1975 3836 τά

403 3867 672 3932 οὐσιωδῶς
721 3871 996 3940 προσόντα
1033 3869 1206 3939 αὐτῷ,
1255 3871 1558 3941 ἐνεργοῦσα
1595 3873 1654 3925 ἐν
1699 3875 1831 3927 πᾶσι
1873 3891 1973 3944 ση-

405 3960 580 4029 μείοις
612 3962 708 4016 καί
739 3961 964 4033 τέρασι,
985 3964 1081 4015 καὶ
1107 3962 1373 4037 ¹δυνάμεσι
1407 3963 1540 4034 πρὸς
1569 3953 1858 4035 βεϐαίωσιν
1879 3967 1974 4020 καὶ

399 4052 666 4107 πίστωσιν
692 4053 790 4124 τῆς
821 4051 1059 4126 Χριστοῦ
1091 4055 1450 4122 ἐπαγγελίας,
1480 4054 1622 4110 οὕτω
1652 4060 1744 4110 καὶ
1780 4058 1870 4110 ἐπὶ
1904 4060 1971 4128 τῇ

403 4139 713 4216 ιῘαρθένῳή
744 4146 1026 4208 ἐπέλευσις
1055 4147 1146 4198 τοῦ
1176 4146 1494 4215 Πνεύματος
1521 4148 1736 4216 ἐγένετο
1757 4151 1816 4202 ἐν
1837 4151 1972 4205 πᾶσι

395 4240 512 4299 τοῖς
544 4237 818 4298 οὐσιωδῶς
851 4229 1149 4307 προσοῦσιν
1177 4228 1328 4308 αὐτῷ
1359 4238 1503 4292 κατὰ
1534 4241 1636 4308 τὴν
1667 4239 1930 4311 θεαρχίαν
1955 4281 1970 4308 ,

397 4327 566 4397 χάριν
588 4326 870 4396 ἐμποιοῦν,
904 4325 1040 4396 πρὸς
1068 4326 1128 4379 τὸ
1153 4327 1208 4378 ἐν
1233 4327 1366 4380 πᾶσι
1400 4330 1617 4398 χαίρειν
1644 4330 1840 4400 αὐτή-ν.
1862 4333 1972 4385 Καὶ

404 4418 542 4487 μετὰ
590 4418 828 4486 μικρόνο
875 4417 1013 4470 Ἀλλ’
1047 4418 1130 4470 ὅτι
1171 4419 1454 4488 δυνάμεως
1495 4419 1590 4472 τοῦ
1651 4423 1972 4491 Πνεύματος

2088 590 2155 643 τὰ
2184 591 2293 646 τῶν
2335 591 2494 659 ἱερῶν
2524 591 2871 658 Εὐαγγελίων
2906 593 3000 644 καὶ
3032 587 3344 642 ἀποστόλων
3371 586 3662 656 ἐκδεξάμε-
3707 639 3712 642 .

2089 697 2193 747 νοι,
2227 677 2321 735 καὶ
2353 681 2493 736 οὕτω
2527 683 2621 735 καὶ
2655 684 2781 745 τοὺς
2821 680 3065 752 μαθητάς
3101 682 3251 750 ἡμᾶς
3282 681 3378 732 καὶ
3415 682 3655 748 φρονεῖν.

2091 778 2183 828 καὶ
2229 775 2500 829 διδάσκειν
2530 777 2656 836 τοὺς
2685 775 2950 842 ἀδελφοὺς
2981 775 3165 826 ἐκεῖνα
3190 771 3526 836 διδάξαντες,
3565 771 3661 822 καὶ

2091 867 2192 918 οὐκ
2223 866 2330 920 ἔδει
2362 869 2487 930 τοὺς
2518 867 2822 935 ἀντιλέγειν
2854 869 2917 936 τῇ
2962 865 3264 936 Ἐκκλησία
3311 864 3658 934 προειρημέ-

2091 973 2216 1019 νους
2244 958 2356 1018 τοῖς
2395 955 2542 1008 οὕτω
2585 957 2841 1024 φανεροῖς
2874 955 3241 1020 ἀντιπίπτειν,
3274 954 3370 1007 καὶ
3409 952 3661 1020 διαστρέ·

2094 1065 2215 1116 φειν
2245 1049 2544 1118 ἐπιχειρεῖν
2572 1048 2638 1102 τὰ
2663 1047 2995 1117 διαστροφῆς
3023 1047 3116 1101 καὶ
3141 1046 3452 1113 ἀντιλογίας
3482 1044 3659 1114 πάσης

2093 1141 2362 1213 ἀνώτερα.

2178 1273 2319 1326 ⁹Λλλ’
2349 1272 2437 1325 ἵνα
2458 1276 2550 1326 καὶ
2583 1275 2710 1334 τοὺς
2739 1273 2964 1326 ἐκείνων
2993 1274 3246 1345 ἑταίρους
3269 1292 3328 1327 τε
3363 1275 3457 1328 καὶ
3486 1275 3660 1328 διαδό-

2092 1383 2222 1436 χους
2259 1367 2650 1436 εἰσαγάγωμεν
2695 1368 2789 1421 νῦν
2835 1366 2914 1436 τῷ
2954 1367 3120 1436 λόγῳ,
3151 1369 3248 1419 καὶ
3279 1368 3544 1438 δείξωμεν
3575 1368 3661 1422 διά

2092 1475 2154 1511 τε
2182 1459 2294 1512 τῶν
2340 1461 2519 1530 λόγων
2555 1463 2651 1514 καὶ
2690 1461 2790 1530 τῆς
2833 1461 3186 1518 διδασκαλίας
3219 1461 3480 1526 ἐκείνων,
3516 1459 3662 1522 ὅπως

2093 1550 2188 1604 καὶ
2216 1551 2371 1605 αὐτοὶ
2399 1552 2466 1605 τὶ
2493 1551 2601 1606 τῶν
2629 1550 2879 1622 ἀρχαίων
2907 1551 3169 1621 Πατέρων
3194 1567 3252 1603 τε
3286 1554 3383 1605 καὶ
3409 1551 3660 1604 διδασκά-

2091 1641 2200 1694 λων
2244 1641 2513 1708 ἐδέξαντο,
2552 1644 2644 1696 καὶ
2678 1643 2760 1696 ὅτι
2801 1642 2898 1695 καὶ
2954 1642 3256 1712 συνᾴδομεν
3302 1642 3488 1703 αὐτοῖς
3540 1641 3662 1694 κατ’

2093 1733 2294 1798 ἐκεῖνα,
2318 1732 2414 1786 καὶ
2432 1732 2672 1800 οὐδαμοῦ
2697 1733 2796 1800 τῆς
2817 1731 3002 1784 αὐτῶν
3022 1731 3369 1800 ἀφιστάμεθα
3399 1729 3661 1791 διανοίας,

2023 1831 2063 1886 Β
2092 1825 2280 1895 ῶσπερ
2315 1825 2436 1878 οὐδὲ
2477 1825 2574 1894 τῆς
2613 1825 2840 1878 ἐκείνων
2888 1823 3045 1877 αὐτοὶ
3087 1823 3436 1894 τοπαράπαν,
3478 1825 3535 1876 ἐν
3591 1823 3662 1892 τῷ

2091 1917 2241 1988 αὐτῷ
2274 1916 2476 1988 δηλαδὴ
2522 1917 2886 1988 φθεγγόμενοι
2939 1916 3217 1984 Πνεύματι
3251 1918 3320 1969 τὰ
3353 1916 3446 1970 τοῦ
3496 1916 3662 1969 Πνεύ-

2094 2025 2263 2077 ματος
2312 2009 2513 2071 πάντες
2561 2007 2719 2078 ὁμοῦ,
2767 2001 3046 2081 Γερμανὸς
3087 2009 3116 2060 ό
3144 1999 3243 2078 τῆς
3276 2009 3663 2076 οἰκουμενικῆς

2102 2098 2432 2170 Ἐκκλησίας
2479 2099 2624 2169 ίερὸς
2660 2099 2849 2167 Πατὴρ
2903 2099 2998 2152 καὶ
3037 2098 3363 2163 διδάσκαλος
3401 2099 3507 2168 πρὸ
3552 2100 3661 2151 τῶν

2088 2189 2266 2244 ἄλλων
2311 2189 2547 2260 παρίτω,
2595 2190 2688 2244 καὶ
2726 2185 2851 2261 τὴν“
2876 2190 3200 2258 συμφωνίαν
3231 2191 3322 2244 διὰ
3361 2192 3470 2244 τῶν
3500 2190 3662 2264 ίερῶν

2088 2277 2253 2331 αὐτοῦ
2305 2277 2481 2347 λόγων
2515 2279 2910 2335 ὑποδεικνύτω.
2943 2269 3115 2342 Οὗτος
3140 2282 3235 2332 καὶ
3270 2280 3378 2351 γὰρ
3404 2282 3430 2335 ὁ
3465 2283 3662 2352 μέγας,

2089 2370 2226 2440 πρὸς
2251 2370 2516 2433 Λατίνους
2544 2370 2684 2441 ὑπὲρ
2715 2371 2814 2440 τῆς
2846 2373 2938 2424 τοῦ
2973 2371 3114 2426 θείου
3149 2373 3467 2444 Πνεύματος
3496 2377 3660 2429 ἐκπο-

2091 2464 2330 2534 ρεύσεως
2356 2463 2447 2519 τὸν
2473 2463 2670 2518 ἐαυτοῦ
2689 2463 3012 2534 ποιούμενος
3038 2455 3218 2533 λόγον,
3237 2467 3332 2518 καὶ
3359 2467 3468 2521 τῶν
3498 2469 3663 2535 εὐαγ‹

2087 2555 2325 2622 γελικῶν
2338 2573 2398 2609 τε
2422 2553 2520 2610 καὶ
2541 2556 2826 2626 πατρικῶν
2847 2558 3250 2628 προϊστάμενος
3281 2560 3446 2628 ὅρων,
3473 2560 3663 2632 ἐπειδὴ

2085 2647 2156 2702 τά
2189 2649 2320 2719 περὶ
2353 2647 2590 2719 μετοχῆς
2625 2650 2722 2703 καὶ
2769 2649 3055 2712 κοινωνίας
3084 2649 3223 2703 Θεοῦ
3255 2651 3662 2723 διασκοπούμε-

2085 2755 2176 2804 νος
2214 2737 2305 2811 ἦν,
2350 2742 2446 2794 καὶ
2477 2742 2606 2807 τοὺς
2629 2742 2758 2814 περὶ
2801 2741 3006 2796 τούτων
3035 2738 3144 2796 τῶν
3185 2744 3455 2814 θεολόγων
3483 2747 3662 2818 ίεροίις
3725 2798 3738 2810 ,

2083 2831 2300 2899 λόγους,
2326 2831 2520 2895 άλλους
2546 2849 2607 2886 τε
2637 2832 2892 2900 πολλοὺς,
2920 2831 3016 2886 καὶ
3043 2835 3172 2896 τοὺς
3195 2833 3533 2903 κορυφαίους
3553 2836 3661 2904 9&-

2083 2920 2244 2975 λιστα
2293 2923 2390 2976 καὶ
2441 2921 2785 2993 προῦχοντας
2836 2924 3018 2980 αὐτῶν
3063 2925 3376 2995 ἐπεισάγει,
3424 2926 3518 2980 διὰ
3559 2929 3660 2998 τῆς

2083 3012 2311 3066 ἐκείνων
2341 3012 2619 3082 θεολογίας
2639 3013 2739 3085 τὴν
2769 3016 3071 3086 καινοφανῆ
3099 3016 3208 3069 τῶν
3231 3017 3479 3072 Λατίνων
3505 3017 3660 3082 δόξαν

2083 3104 2342 3174 ἐλέγχων,
2367 3104 2553 3169 κακῶς
2585 3105 2870 3176 οἰομένων,
2895 3107 2995 3176 τῆς
3021 3107 3209 3171 οὐσίας
3237 3106 3430 3178 αὐτῆς,
3465 3111 3560 3164 καὶ
3595 3111 3661 3166 06

2083 3194 2183 3264 τῆς
2211 3192 2503 3258 οὐσιὼδους
2535 3196 2819 3268 ἐνεργείας
2852 3199 2950 3252 καὶ
2991 3197 3094 3267 τῆς
3122 3199 3347 3268 χάριτος
3379 3199 3474 3253 τοῦ
3499 3202 3660 3268 Θεοῦ,

2086 3287 2212 3350 τοὺς
2230 3285 2417 3353 ἁγίους
2436 3287 2708 3359 μετέχειν.
2736 3290 2818 3344 Τὰ
2840 3289 2971 3358 γοῦν
2987 3291 3374 3362 προρρηθέντα
3392 3295 3520 3363 περὶ
3540 3295 3660 3349 1:06—

2087 3393 2195 3430 των
2231 3378 2533 3450 Ἀθανασίῳ
2561 3378 2638 3446 τῷ
2672 3381 2891 3452 μεγάλῳ
2921 3383 2980 3435 ἐν
3007 3385 3073 3453 τῇ
3108 3385 3236 3455 περὶ¹
3261 3386 3355 3439 τοῦ
3387 3388 3532 3442 θείου
3562 3390 3659 3444 Εὐ.

2085 3469 2422 3542 αγγελισμοῦ
2454 3473 2642 3542 ὁμιλίᾳ
2675 3473 2954 3543 Γερμανὸς
2985 3478 3013 3528 ό
3053 3477 3195 3542 θεῖος
3249 3479 3465 3534 οὐτοσὶν
3531 3484 3660 3536 ἀνε-

2086 3563 2271 3630 γνούς,
2290 3563 2433 3617 οὕτω
2461 3581 2577 3628 πως
2599 3567 2852 3634 ἐπιφέρει
2879 3567 2976 3637 τὴν
2994 3567 3189 3622 ἑαυτοῦ
3208 3571 3454 3642 γνώμην.
3474 3573 3658 3645 Ὁρᾷς,

2085 3656 2273 3726 φησὶν,
2319 3654 2395 3718 ὡς
2440 3655 2570 3710 ὅταν
2611 3649 2843 3725 λέγωσιν
2889 3648 3208 3730 οίΠατὲρες
3240 3664 3300 3715 τὸ
3347 3665 3570 3734 Πνεῦμα
3599 3670 3660 3723 τὸ

2084 3749 2240 3818 ἅγιον
2279 3750 2568 3819 ἐπιφοιτᾷν
2602 3752 2698 3805 καὶ
2737 3753 3032 3823 ἐνσκηνοῦν
3064 3757 3180 3818 τοῖς
3211 3759 3409 3828 ἁγίοις,
3451 3763 3510 3815 οὐ
3555 3765 3660 3837 τὴν

2085 3837 2386 3892 ὑπόστασιν
2413 3839 2606 3909 αὐτὴν,
2635 3841 2775 3894 ἀλλὰ
2796 3844 2892 3913 τὴν
2927 3845 3090 3915 χάριν
3125 3849 3258 3915 φασί
3283 3866 3298 3916 ;-
3328 3853 3437 3905 Καὶ
3467 3854 3658 3922 πάλιν,

2095 3927 2155 3981 ⁸0
2176 3928 2230 3981 δὲ
2258 3929 2400 3993 θεῖός
2428 3946 2563 4002 φησι
2596 3931 2885 4003 Κύριλλος,
2915 3935 2975 3987 τὸ
3001 3941 3340 4007 προφητικὸν
3367 3940 3658 4012 ἐξηγούμε-

2083 4033 2168 4080 νος
2207 4015 2402 4086 ἐκετνο,
2441 4023 2504 4074 τὸ
2531 4063 2547 4088 ,
2589 4023 2814 4094 Ἐκχεῶ
2864 4027 2982 4081 ἀπὸ
3016 4029 3126 4083 τοῦ
3168 4031 3514 4100 ιινεύματός
3544 4053 3657 4101 μοι

2081 4109 2422 4167 ἐπιστᾶσαν
2472 4113 2692 4182 σάρκα,
2744 4117 2808 4170 El
2851 4119 2954 4187 μέν
3005 4121 3124 4173 ἐστι
3170 4121 3323 4186 Θεὸς,
3356 4126 3543 4194 φησὶν,
3595 4127 3658 4180 ἐκ

2082 4203 2219 4258 Θεοῦ
2272 4207 2415 4258 κατά
2477 4207 2638 4277 φύσιν
2677 4210 2706 4261 ό
2735 4210 2883 4277 Υἱὸς,
2913 4217 3236 4283 γεγέννηται
3277 4213 3386 4284 γὰρ
3436 4217 3499 4268 ἐκ
3524 4215 3659 4271 Θεοῦ

2083 4296 2181 4349 καὶ⁵
2209 4297 2439 4368 Πατρὸς,
2473 4298 2604 4352 ἴδιον
2627 4291 2800 4354 ἀὐτοῦ
2831 4319 2890 4355 τε
2906 4304 2999 4357 καὶ¹
3018 4303 3076 4368 ἐξ
3105 4305 3270 4358 αὐτοῦ
3300 4307 3394 4357 καὶ
3424 4307 3481 4358 ἐν
3508 4309 3659 4377 αὐτῷ

2078 4388 2141 4442 τὸ
2172 4389 2398 4459 Πνεῦμά
2432 4393 2564 4455 ἐστι,
2597 4393 2850 4464 καθάπερ
2889 4397 3080 4464 ἀμέλει
3105 4399 3195 4450 καὶ
3229 4401 3394 4454 αὐτοῦ
3428 4401 3522 4454 τοῦ
3552 4404 3658 4455 Πα-

395 4483 643 4580 ἐπλὴσθη
697 4483 738 4579 *ἡ
788 4509 1086 4578 Παρθένος,
1139 4510 1276 4579 πρὸς
1310 4483 1592 4581 *ἁγιασμὸν
1637 4483 1822 4581 μέντοι
1869 4483 1968 4586 τῆξ
2004 4483 2050 4541 D
2078 4483 2362 4586 τρίςςζκαὶ
2390 4485 2533 4586 ὲν.τῇ
2558 4487 2693 4586 7t.pr
2726 4486 3029 4586 9805639“.
3064 4491 3514 4586 θαπτίζογτοῖτνδν
3553 4495 3650 4564 Ἰη’

396 4603 603 4671 σαρκὸς
634 4602 828 4670 αὐτῆς,
855 4603 952 4654 καὶ
987 4601 1120 4671 πρὸς
1152 4601 1214 4653 τὸ
1255 4601 1515 4655 δύνασθαι
1549 4605 1739 4673 φέρειν
1768 4606 1829 4658 τὸ
1865 4623 1970 4660 σω-

392 4684 590 4763 τήριον
618 4693 809 4762 κύημα
828 4707 843 4722 ·
867 4692 961 4745 καὶ
986 4693 1160 4756 οὕτως
1189 4692 1498 4758 ἀκολούθως
1521 4697 1580 4748 ἐν
1620 4697 1755 4768 αὐτῇ
1791 4699 1852 4750 οὐ
1879 4699 1971 4752 δυ-

392 4785 562 4853 νάμει
585 4786 682 4839 καὶ
697 4785 968 4856 ἐνεργείᾳ,
1001 4785 1142 4839 ἀλλά
1169 4785 1294 4838 καθ’
1322 4785 1444 4839 ὅλον
1472 4787 1532 4839 τὸ
1561 4786 1838 4858 πλήρωμα
1868 4790 1970 4860 τῆς

395 4879 674 4948 θεότητος,
702 4878 842 4949 αὐτὴ
862 4880 896 4949 ἡ
926 4878 1180 4948 ἀρχίθεος
1213 4879 1308 4931 καὶ
1336 4879 1670 4949 ὐπεράρχιος
1717 4881 1812 4932 τοῦ
1836 4883 1969 4935 Υίοῦ

391 4967 493 5022 τοῦ
537 4969 670 5022 Θεοῦ
709 4969 1004 5032 ὑπόστασις
1054 4969 1344 5041 ἐσαρκώθη
1407 4971 1502 5022 καὶ
1553 4969 1967 5046 ὲνηνθρώπησε.

393 5061 804 5130 Προαπεδείχθη
829 5061 957 5129 γὰρ,
990 5059 1070 5113 ὅτι
1099 5059 1343 5132 ῶσπερὴ
1375 5061 1592 5125 ἐξουσία
1625 5063 1718 5115 καὶ
1748 5065 1778 5129 ἡ
1810 5063 1971 5132 βασι-

391 5149 535 5212 λεία,
570 5151 666 5201 καὶ
710 5149 778 5202 τὰ
810 5149 944 5201 ἄλλα
981 5149 1174 5213 πάντα,
1207 5147 1243 5201 ἃ
1293 5150 1432 5202 κατὰ
1464 5149 1748 5216 θεολογίαν
1780 5153 1976 5220 προτέ-

392 5241 597 5306 θειται,
633 5241 733 5309 οὐχ
781 5241 1078 5292 ὑπόστασιν
1115 5239 1345 5293 ἕκαστον
1402 5239 1638 5306 λέγεται,
1675 5241 1810 5295 ἀλλὰ
1846 5243 1976 5313 περὶ

391 5334 494 5401 τὴν
547 5332 847 5385 ὑπόστασιν
901 5329 1022 5384 κατ’
1071 5330 1259 5384 οὐσίαν
1310 5331 1418 5400 ίδία
1456 5331 1972 5402 διερμηνευόμενα,

391 5423 538 5478 οὓτω
572 5427 664 5477 καὶ
713 5424 745 5493 ἡ
787 5421 1018 5490 δύναμις
1049 5421 1143 5474 καί
1186 5423 1220 5492 ἡ
1249 5421 1504 5491 ἐνέργεια
1534 5426 1662 5493 περὶ
1699 5425 1798 5493 τὴν
1840 5425 1975 5476 61:6-

393 5539 587 5575 στασιν
611 5519 882 5582 οὐσιωδῶς
909 5521 1244 5588 ἀναφέρεται
1281 5518 1475 5580 κοινῶς
1497 5519 1599 5587 μὲν
1625 5522 1708 5589 ἐφ’
1737 5521 1976 5590 ἑκάστην

391 5611 504 5666 τῶν
541 5610 712 5682 τριῶν
749 5605 1054 5680 θεαρχικῶν
1087 5608 1456 5672 ὐποστάσεων,
1498 5609 1640 5671 ἰδίως
1672 5609 1730 5662 δέ
1766 5612 1858 5662 καὶ
1887 5605 1977 5665 ἐπ’

391 5703 566 5772 αὐτὴν
595 5702 690 5758 τοῦ
721 5700 852 5754 Υἱοῦ
883 5702 975 5754 τοῦ
1003 5700 1138 5754 Θεοῦ
1170 5700 1270 5771 τὴν
1303 5701 1432 5770 μίαν
1464 5702 1854 5769 σαρκωθεῖσαν
1885 5707 1980 5757 καὶ

393 5794 914 5862 ἐνανθοωπήσασαν.
941 5793 1049 5846 Καὶ
1071 5789 1242 5846 ταῦτα
1270 5792 1368 5861 μὲν
1393 5792 1440 5844 οἱ
1467 5791 1707 5860 θεολόγοι
1739 5795 1978 5866 Πατὲρες

2078 4573 2208 4626 σοῦν
2236 4575 2292 4626 ἐν
2333 4575 2468 4645 πνρλ¹
2513 4579 2608 4629 καὶ
2652 4576 2794 4648 ἁγίῳ
2828 4579 3134 4648 Πνεύματι,
3171 4583 3233 4634 οὐ
3270 4583 3330 4634 τὸ
3379 4585 3661 4655 ἀλλότριον

2074 4665 2187 4727 τοῖς
2217 4663 2631 4736 βαπτιζομένοις
2663 4669 2867 4724 ἐνιέναι
2899 4670 3120 4741 Πνεῦμα
3147 4673 3533 4745 δουλοπρεπῶς
3566 4679 3658 4730 καὶ

2075 4753 2441 4828 ὑπηρετικῶς,
2494 4758 2611 4812 ἀλλ’
2649 4758 2722 4821 ὡς
2749 4760 2882 4814 Θεὸν
2936 4763 3303 4832 κατὰφύσιν,
3357 4767 3659 4836 μετ’ἐξου-

2078 4845 2200 4909 σίας
2232 4848 2330 4917 τῆς
2363 4849 2628 4903 ἀνωτάτω
2669 4850 2729 4902 τὸ
2791 4851 2850 4918 ἐξ
2898 4854 3062 4906 αὐτοῦ
3126 4856 3221 4909 καὶ
3285 4857 3414 4911 ίδιον
3471 4859 3657 4912 αὐτοῦ.

2077 4936 2188 4988 Καὶ
2241 4939 2356 5007 μετ’
2387 4939 2543 5007 ὀλίγα
2563 4956 2578 4972 ο
2636 4937 2913 4996 ’ἀπολύων
2943 4933 3051 5014 γάρ
3080 4945 3356 5016 ἁμαρτίας
3394 4949 3484 4999 τὸν
3519 4949 3657 5020 αὐτῇ

2078 5030 2500 5100 προσκείμενον,
2533 5032 2612 5103 τῷ
2651 5033 2768 5104 ἰδίῳ
2797 5035 2982 5088 λοιπὸν
3018 5039 3306 5107 καταχρίει
3343 5039 3620 5107 Πνεύματι
3641 5059 3657 5072 ·

2076 5119 2211 5189 ὅπερ
2243 5120 2416 5190 ἐνίησι
2437 5123 2534 5192 μὲν
2565 5123 2724 5187 αὐτὸς
2751 5124 2778 5176 ὁ
2798 5127 2858 5177 ἐκ
2888 5127 3022 5179 Θεοῦ
3050 5127 3263 5198 Πατρὸς
3283 5128 3453 5196 Λόγος
3483 5131 3576 5184 καὶ
3599 5135 3658 5198 ἐξ

2081 5208 2218 5272 ίδίας
2253 5203 2383 5280 ἡμίν
2410 5213 2754 5284 ἁναπηγάζει
2785 5213 3020 5286 φύσεως.

2151 5343 2308 5396 Οὕτω
2338 5345 2436 5397 καὶ
2467 5348 2536 5398 τά
2575 5347 2669 5401 τοῦ
2704 5351 2943 5418 μεγάλου
2989 5352 3286 5425 Κορίλλου,
3321 5356 3466 5410 κατά
3512 5357 3659 5426 λέξιν

2079 5435 2107 5488 ὁ
2140 5435 2283 5499 θεῖος
2311 5436 2606 5507 ἐκθέμενος
2657 5441 2955 5512 Γερμανὸς,
3009 5445 3111 5514 ὅρα
3164 5447 3278 5509 πῶς
3325 5449 3657 5518 ἐκλαμϐάνει

2080 5527 2174 5578 καὶ
2205 5527 2552 5598 διερμηνεύει
2580 5533 2780 5600 σοφῶς.
2819 5533 2960 5587 Ἀλλ’
2989 5535 3221 5590 ἐνταῦθα
3253 5538 3352 5608 τὴν
3381 5539 3543 5608 χάριν
3563 5543 3658 5595 καὶ

2082 5618 2182 5685 τὴν
2213 5619 2517 5688 ἐνέργειαν,
2549 5627 2701 5692 φησι,
2731 5624 3015 5695 προδήλως
3047 5628 3146 5696 τῆς
3181 5629 3462 5700 μακαρίας
3493 5632 3657 5702 Τριάι

2083 5709 2170 5774 δος
2209 5714 2393 5779 φησὶν,
2426 5714 2491 5766 ἐκ
2525 5731 2584 5767 τε
2634 5715 2726 5768 τοῦ
2762 5718 2974 5786 Πατρὸς
3008 5719 3101 5774 καὶ
3138 5721 3233 5774 τοῦ
3267 5721 3398 5774 Υίοῦ
3437 5726 3532 5778 καὶ
3564 5723 3658 5780 τοῦ

2083 5801 2244 5869 άγίου
2280 5808 2657 5879 προχεομένην
2687 5809 3026 5877 Πνεύματος,
3057 5814 3242 5873 καθὼς
3275 5814 3436 5882 αὐτὸς
3475 5819 3502 5870 ό
3536 5836 3666 5876 προ-
