4054 6442
426 421 528 484 ιιι-ι

1211 434 1510 499 CONTRA
1541 437 1968 500 GBEGORAM
1999 442 2746 510 ANTII-{RUETIUWRUM
2795 449 2894 511 VI.

3560 447 3668 510 914

423 559 510 603 τες
542 532 633 594 καὶ
666 541 826 610 ἡμεῖς
869 544 926 596 τ’)
971 546 1219 616 Πνεῦμα,
1274 552 1613 621 νομιζόμεθα
1656 555 1712 605 ἐν
1759 556 1836 625 τῷ
1867 555 1986 627 Θεῷ
2018 570 2058 622 Α
2087 559 2253 622 τινὲς,
2285 560 2373 613 διὰ
2408 562 2466 612 1:“;
2511 561 2789 616 καλεῖσθαι
2823 563 2982 616 τοῦτο
3017 565 3151 616 Θεοῦ
3185 562 3488 631 ἐνέργειαν,
3524 569 3666 615 κατά

426 631 696 696 γενέσθαι,
731 636 824 686 καὶ
857 634 1000 688 οὕτω
1038 636 1168 700 Θεός
1204 641 1355 693 ἐστιν
1398 643 1456 694 ἐν
1487 645 1639 712 ἡμῖν.

502 723 662 775 Ἀλλὰ
688 727 783 778 καὶ
813 726 845 776 ὁ
877 727 1280 802 Χρυσόστομος,
1311 736 1498 802 φησὶν,
1519 735 1882 806 ἐξηγούμενος
1912 741 1994 802 τὸ,

422 817 492 869 Εἴ
518 834 608 882 τις
621 819 862 887 Πνεῦμα
879 823 1132 888 Χριστοῦ
1159 827 1270 878 οὐκ
1287 826 1430 895 ἔχει,
1455 831 1565 882 οὐκ
1589 831 1762 884 ἔστιν
1783 832 1994 896 αὐτοῦ,

419 909 919 981 τίφησιζηνεῦμα
957 917 1197 985 Χριστοῦ
1255 920 1282 972 ὁ
1327 921 1651 986 Ἀπόστολος
1703 926 1771 976 τὰ
1823 926 1981 995 χαρί-

421 1018 605 1067 σματα
621 1005 717 1070 τῆς
743 1006 950 1076 Καινῆς
977 1009 1252 1080 Διαοήκης
1277 1014 1430 1079 φησί.
1452 1015 1560 1066 Καὶ
1589 1015 1749 1068 πάλιν
1781 1019 1807 1068 ό
1838 1017 1997 1084 σοφὸς

423 1094 729 1162 Γερμανδς,
771 1099 884 1151 Οὐκ
926 1100 1096 1170 αὐτὴν
1143 1103 1241 1172 τὴν
1273 1104 1464 1157 ούσίαν
1490 1109 1583 1158 καὶ
1636 1107 1873 1180 ὕπαρξιν
1900 1111 1995 1162 τοῦ

424 1187 786 1254 Παρακλὴτου
823 1191 1044 1258 προχέει
1077 1195 1189 1255 τοῖς
1227 1193 1401 1258 ἀξίοις
1432 1199 1459 1249 ό
1509 1198 1736 1267 Κύριος,
1777 1202 1835 1253 ού
1889 1204 1996 1272 γὰρ

421 1275 661 1348 ληπτήὴ
701 1280 913 1348 θεότης,
971 1284 1096 1336 ούδέ
1134 1287 1474 1353 μεταϐαίνει,
1530 1290 1696 1342 πόθεν
1737 1293 1845 1360 γάρ
1899 1295 1996 1345 καὶ

422 1369 522 1422 ποῦ
554 1371 586 1438 ή
632 1371 700 1423 τὰ
750 1375 928 1426 πάντα
969 1375 1289 1445 πληροῦτας
1326 1379 1462 1434 ἀλλά
1502 1382 1599 1452 τὴν
1639 1384 1790 1436 θείαν
1823 1386 1998 1452 Eppi-

343 1500 350 1505 .
422 1478 573 1512 νειαν
622 1463 713 1515 καὶ
801 1465 962 1535 χάριν
1050 1471 1143 1520 καὶ
1200 1469 1431 1540 δύναμιν
1499 1476 1822 1527 ἀποστέλλει
1906 1478 2000 1530 καὶ

352 1615 354 1618 _
420 1549 656 1604 δίδωσιν.
714 1551 1037 1626 Ἆποστολὴν
1077 1556 1136 1609 δὲ
1183 1560 1338 1612 οὐδὲν
1369 1561 1497 1614 ἄλλο
1535 1563 1759 1616 δύναται
1801 1568 1940 1618 νοεῖν
1974 1569 2000 1618 ό

422 1640 653 1713 εὖσεξὶὴς
681 1643 788 1696 ἀπὸ
823 1646 917 1698 τοῦ
957 1647 1169 1717 Πατρδς
1199 1656 1294 1706 καὶ
1327 1652 1422 1706 τοῦ
1459 1655 1584 1708 Υἱοῦ
1611 1658 1642 1726 ἢ
1677 1657 1736 1709 τὸ
1769 1659 2002 1727 ὁμόδου-

355 1767 359 1772 .
420 1730 511 1781 λον
539 1733 721 1785 καὶτὸ
773 1735 1122 1804 όμόγνωμον,
1180 1743 1274 1794 καὶ
1320 1746 1380 1795 τὸ
1433 1745 1740 1813 σύμπνουν,
1777 1749 1871 1800 καὶ
1906 1747 2001 1817 τὴν

2099 652 2448 721 συμϐεϐηκὸς
2497 652 2661 706 αὑτοῦ
2709 657 2807 722 τὴν
2859 656 3142 724 ἐνέργειαν
3193 656 3432 708 νοεῖσθαι
3478 655 3665 717 κακῶς

2098 744 2388 800 ὑπέλαϐον.
2433 746 2757 816 ’Δπεδείχθη
2784 742 2897 811 οὖν,
2926 750 3114 816 φησιν,
3147 750 3228 801 ὅτι
3259 748 3480 815 Πνεῦμα
3509 748 3667 814 ἅγιον

2097 837 2158 888 ού
2205 837 2368 905 μόνον
2410 838 2502 890 τὸν
2549 838 2930 908 Παράκλητον,
2963 839 3098 892 άλλὰ
3134 841 3225 892 καὶ
3253 839 3353 909 τὴν
3397 841 3525 906 μίαν
3571 841 3668 891 καὶ

2099 928 2277 996 ἁπλῆν
2311 927 2464 981 θείαν
2513 928 2678 997 χάριν
2732 931 2827 982 καὶ
2865 929 3122 997 δύναμιν,
3171 928 3438 998 ἐλλαμψίν
3470 946 3530 981 τε
3577 931 3671 980 καὶ

2098 1019 2396 1086 ἐνέργειαν,
2415 1019 2512 1088 τὴν
2537 1019 2834 1089 ἀγαθότητι
2876 1019 3303 1090 ποικιλλομένην·
3331 1022 3387 1071 ἐν
3425 1022 3536 1080 τοῖς
3573 1035 3671 1087 με·

2103 1113 2327 1180 ριστοῖς,
2355 1112 2448 1163 καὶ
2479 1112 2790 1180 ἀμερίστως
2843 1113 3284 1181 πληθυνομένην,
3333 1111 3673 1176 συνάγουσάν

2099 1219 2158 1254 τε
2192 1204 2260 1254 τὰ
2293 1203 2531 1272 μεριστὰ
2565 1204 2700 1273 πρὸς
2739 1204 2838 1271 τὴν
2883 1205 3084 1272 ἑαυτῆς
3127 1204 3426 1270 ἁπλότητα,
3461 1203 3582 1272 ἥτις
3613 1205 3673 1255 ἐκ

2102 1293 2319 1361 Πατρὴς
2348 1293 2416 1344 δι’
2450 1293 2580 1345 Υἱοῦ
2617 1295 2673 1344 ἐν
2718 1295 2861 1364 ἁγίῳ
2907 1294 3189 1363 Πνεύματι
3218 1294 3296 1360 τῷ
3333 1293 3675 1361 Παρακλήτῳ

2102 1381 2468 1451 προχεομένη.⁸
2499 1384 2612 1443 τοῖς
2633 1378 2753 1434 οὖσι
2771 1383 2830 1434 τὺ
2861 1381 3024 1442 εἶναι,
3054 1384 3148 1434 καὶ
3175 1385 3234 1434 τὸ
3257 1381 3316 1434 εὗ
3349 1379 3512 1444 εἶναι,
3534 1385 3676 1432 κατά

2099 1469 2197 1538 τὴν
2227 1470 2461 1523 ἑκάστου
2493 1471 2748 1542 δεκτικὴν
2787 1471 3020 1540 δύναμιν
3051 1475 3282 1541 ἐνεργεῖ,
3321 1473 3419 1523 καὶ
3471 1472 3676 1538 ταύτην

2102 1559 2134 1628 ἢ
2177 1561 2479 1632 φυσικὴνῆ
2518 1566 2936 1633 προαιρετικὴν.
2974 1565 3035 1616 Ol
3089 1565 3147 1616 δὲ
3188 1565 3261 1633 μὴ
3292 1563 3680 1617 οὔτωπιστεύ-

2101 1667 2273 1714 οντες,
2311 1651 2446 1720 μηδέ
2480 1647 2622 1704 εἶναι
2652 1653 2854 1721 ταύτην
2887 1654 2980 1704 καὶ
3012 1655 3076 1704 ἐκ
3101 1652 3192 1703 τοῦ
3230 1652 3389 1718 ἁγίου
3423 1651 3677 1720 Πνεύμα-

2102 1758 2192 1803 τος
2228 1741 2304 1804 ὡς
2348 1743 2440 1795 καὶ
2491 1745 2553 1795 ἐκ
2591 1743 2685 1796 τοῦ
2739 1744 2952 1813 Πατρὸς
3008 1745 3102 1796 καὶ
3140 1746 3204 1795 ἐκ
3252 1743 3346 1796 τοῦ
3404 1744 3561 1807 Υἱοῦ,
3601 1743 3675 1804 ὡς

423 1821 773 1874 συνευδοκίαν
793 1825 906 1878 τῶν
924 1829 1090 1895 τριῶν
1111 1833 1188 1893 είς
1208 1833 1306 1902 τὴν
1325 1833 1634 1906 φανέρωσιν
1665 1838 1756 1889 καὶ
1775 1838 2002 1910 ἔκδηλον
2039 1906 2063 1910 Δ
2106 1835 2298 1904 κοινὴν
2342 1837 2628 1906 ἐνέργειαν
2655 1837 2756 1905 τῆς
2807 1837 2969 1901 ἁγίας
3021 1837 3275 1903 Τριάδος,
3303 1835 3439 1888 ἀλλὰ
3469 1835 3675 1902 ταύτην

422 1911 713 1979 ἐνέργειαν
745 1916 836 1969 τοῦ
871 1919 1259 1991 Παρακλήτου.
1339 1943 1346 1948 ·

492 2006 614 2058 Ὅτι
658 2006 737 2072 δὲ,
771 2011 930 2079 φησι,
964 2013 1191 2083 Πνεῦμα
1227 2015 1388 2084 ἀγιον
1431 2019 1532 2083 τὰς
1568 2022 1799 2092 χάριτας
1834 2025 1999 2096 φησὶν

418 2100 446 2149 ό
486 2099 667 2167 λόγος,
715 2104 811 2155 καὶ
852 2105 949 2167 τὰς
998 2109 1303 2176 ἐνεργείας,
1351 2114 1447 2166 καὶ
1494 2117 1594 2179 τὰς
1643 2118 1853 2187 δωρεὰς
1900 2120 2000 2184 τάς

421 2197 828 2272 πνευματικὰς,
858 2199 925 2252 δι’
950 2193 1025 2252 ῶν
1067 2203 1116 2254 οί
1150 2207 1474 2275 μετέχοντες
1507 2216 1872 2280 πνευματικοὶ
1914 2215 2000 2281 γί-

420 2286 602 2337 νονταί
654 2304 712 2339 τε
761 2291 857 2340 καὶ
897 2291 1174 2358 λέγονται,
1225 2295 1387 2360 δῆλον
1429 2300 1702 2355 ἐντεῦθεν.
1726 2303 1838 2356 Μία
1889 2307 1997 2375 γάρ

420 2379 566 2428 ἐστιν
599 2381 631 2449 ἡ
665 2382 724 2431 ἐκ
754 2380 849 2432 τοῦ
893 2383 1106 2453 Πατρὶς
1138 2387 1296 2456 χάρις
1331 2389 1419 2442 διὰ
1442 2391 1534 2442 τοῦ
1582 2393 1711 2445 Υἱοῦ
1744 2397 1798 2447 ἐν
1829 2397 2000 2448 Πηλεύ-

424 2487 553 2534 ματι
593 2471 736 2541 ἁγίῳ
761 2472 1140 2544 πληρουμένη,
1173 2497 1265 2529 και
1303 2484 1398 2548 μία
1429 2482 1639 2550 θεότης.
1675 2486 1782 2536 Καὶ
1809 2487 1994 2539 πάλιν·

429 2562 493 2612 ’Π
526 2563 630 2630 γὰρ
654 2563 908 2633 διῗομένη
935 2568 1095 2634 χάρις
1137 2571 1230 2620 καὶ
1259 2570 1437 2640 δωρεὰ
1474 2577 1529 2624 ἐν
1557 2575 1744 2642 Τριάδι
1793 2577 1996 2629 δίδοται

420 2652 568 2718 παρά
627 2651 722 2703 τοῦ
781 2655 993 2722 Πατρός
1049 2658 1117 2710 δι’
1176 2659 1305 2712 Υἰοῦ
1364 2664 1420 2714 ἐν
1473 2662 1754 2733 Πνεύματι
1805 2668 1946 2737 ἁγίῳ
1981 2709 1996 2721 .

422 2741 640 2811 ’Ὠσπερ
668 2743 723 2795 δὲ
762 2745 824 2796 ἐκ
850 2745 940 2798 τοῦ
972 2747 1186 2818 Πατρός
1222 2752 1332 2803 ἐστι
1378 2752 1448 2804 δι’
1495 2753 1630 2806 Υίοῦ
1659 2757 1692 2824 ἡ
1739 2757 1997 2826 διδομένη

418 2830 605 2899 χάρις,
635 2833 814 2896 οὕτως
847 2835 948 2887 οὑκ
998 2837 1064 2889 ἂν
1113 2839 1323 2904 γένοιτο
1359 2844 1618 2896 κοινωνία
1655 2847 1755 2914 τῆς
1798 2846 1998 2908 δόσεως

369 3003 374 3006 Ι
416 2924 478 2974 ὲν
500 2925 635 2993 ἡμῖν
657 2927 703 2977 εί
727 2927 800 2996 μὴ
843 2929 900 2981 ἐν
926 2929 1005 2999 τῷ
1041 2931 1322 3000 Πνεύματι
1353 2933 1432 3004 τῷ
1459 2935 1618 3006 ἁγίῳ.
1653 2938 1858 2990 Τούτου
1890 2939 1997 3006 γὰρ

420 3017 760 3085 μετέχοντες,
793 3017 992 3090 ἔχομεν
1040 3021 1136 3074 τοῦ
1185 3024 1397 3091 Πατρδς
1438 3025 1538 3095 τὴν
1591 3027 1817 3098 ἀγάπην
1844 3069 1857 3086 .
1902 3029 2022 3081 καὶ,

415 3111 512 3163 τοῦ
549 3111 680 3164 Υίοῠ
719 3115 818 3185 τὴν
848 3115 1034 3185 χάριν,
1071 3117 1164 3169 καὶ
1196 3118 1364 3171 αὑτοῦ
1401 3119 1495 3172 τοῦ
1545 3120 1863 3191 Πνεύματος
1897 3123 1998 3190 τὴν

327 3237 338 3248 .
417 3203 722 3259 κο.νωνίαν.
756 3206 866 3257 Μία
895 3207 1002 3274 ἄρα
1032 3208 1094 3258 ἐκ
1133 3209 1395 3280 τούτωνὴ
1447 3211 1544 3280 τῆς
1580 3212 1808 3281 Τριάδος
1841 3214 1991 3284 ἐνέρ-
2023 3243 2062 3297 C

414 3311 542 3362 γεια
564 3296 860 3349 δείκνυται.
894 3299 1000 3351 Καὶ
1041 3300 1222 3354 πάλιν
1267 3304 1329 3354 ’Ἄ
1358 3303 1467 3372 γὰρ
1502 3303 1563 3354 τὸ
1595 3304 1816 3374 Πνεῦμα
1859 3306 1991 3358 ἐκά-

416 3403 526 3456 στῳ
546 3386 763 3457 διαιρεῖ,
778 3389 968 3441 ταῦτα
1001 3393 1151 3460 παρά
1171 3392 1266 3444 τοῦ
1319 3394 1534 3464 Πατρδς
1565 3395 1654 3448 διὰ
1684 3396 1776 3448 τοῦ
1811 3397 1990 3465 Λόγου

411 3481 754 3546 χορηγείται.
785 3481 874 3532 Διὸ
900 3481 996 3532 καὶ
1026 3484 1094 3534 τὰ
1122 3484 1273 3558 παρὰ
1314 3483 1412 3537 τοῦ
1454 3485 1586 3538 Υίοῦ
1619 3488 1677 3540 ἐν
1709 3487 1990 3558 Πνεύματι

413 3572 666 3639 διδόμενα
693 3572 786 3624 τοῦ
819 3574 1027 3644 Πατρός
1079 3575 1196 3627 ἐστι
1221 3557 1586 3646 ’χαρίσματι

499 3665 556 3716 ’0
587 3664 642 3716 δὲ
668 3663 908 3731 Νύσσης,
926 3667 1077 3733 φησι,
1098 3666 1237 3728 θεῖος
1258 3669 1576 3740 Γρηγόριος,
1609 3670 1724 3723 Πᾶν
1761 3671 1898 3738 ὅπερ
1925 3672 1993 3725 ἂν

418 3760 497 3819 ei;
530 3759 699 3826 ἡμᾶς,
749 3759 936 3828 φησιν,
968 3759 1030 3810 ἐκ
1062 3758 1211 3822 Θείας
1236 3759 1520 3830 δυνάμεως
1547 3763 1750 3830 ἀγαθὸν
1778 3763 1982 3838 φθάσῃ,

417 3852 511 3920 τῆς
549 3849 724 3904 πάντα
765 3853 821 3902 ἐν
879 3853 1044 3904 πᾶσιν
1084 3853 1417 3922 ἐνεργούσης
1460 3854 1680 3924 χάριτος
1709 3855 1992 3926 ἐνέργειαν

415 3941 557 3996 εἷναί
589 3961 791 4012 φαμεν.
829 3947 937 3997 Καὶ
969 3945 1130 3998 πάλιν
1167 3947 1194 3996 ό
1237 3946 1380 4008 θεῖός
1415 3964 1550 4016 φησι
1593 3947 1891 4018 Γερμανὸς,
1919 3949 1992 4002 Τὸ

415 4038 786 4105 προχεόμενον
835 4039 896 4090 ἐκ
945 4037 1036 4089 τοῦ
1088 4038 1327 4108 Χριστοῦ
1378 4039 1600 4106 Πνεῦμα
1648 4043 1677 4111 ἡ
1729 4041 1846 4093 θεία
1896 4045 1993 4096 καὶ

415 4126 764 4196 πνευματικὴ
806 4127 960 4197 χάρις
1007 4128 1126 4180 ἐστὶ
1165 4129 1563 4198 καὶ-ἐνέργεια.
1605 4133 1714 4183 Καὶ
1768 4136 1988 4201 προχεί-

410 4236 503 4273 ται
555 4219 648 4270 ἀπ’
682 4218 1172 4288 αὐτοῦ,·καθάπερ
1221 4220 1412 4290 ἀμέλει
1469 4221 1563 4272 καὶ
1615 4222 1679 4274 ἐκ
1717 4221 1812 4274 τοῦ
1855 4222 1990 4274 Θεοῦ

412 4315 510 4369 καὶ
551 4314 784 4381 Πατρός*
835 4313 934 4382 οὐχ
983 4314 1016 4382 ἡ
1065 4312 1391 4382 ὖπερούσιος
1437 4312 1674 4383 ὖπαρξις
1721 4315 1990 4383 δηλονότι,

413 4408 533 4461 ἀλλ’
564 4409 595 4477 ἡ
627 4408 805 4477 χάρις.
861 4405 1031 4474 Κοινὴ
1077 4406 1187 4474 γὰρ
1229 4406 1324 4474 τῆς
1362 4405 1689 4476 ύπερουσίου
1739 4407 1989 4476 Τριάδος,

413 4501 512 4552 καὶ
557 4499 769 4568 ἀμερὴς
825 4496 920 4549 καί⁷
973 4495 1144 4564 ἁπλῆ.
1203 4496 1310 4548 Καὶ
1371 4495 1432 4548 τὸ
1489 4496 1588 4566 μὲν
1645 4500 1988 4568 προχεῖσθαι,

410 4591 566 4659 φηςι,
633 4591 724 4641 καὶ
751 4587 1134 4657 ξὰποστέλλειν
1197 4590 1288 4640 καὶ
1343 4587 1688 4658 ἐκλάμπειν,
1747 4591 1841 4643 καὶ
1897 4610 1987 4644 πε·
2023 4589 2068 4645 D

412 4681 668 4749 φηνέναι,
700 4681 798 4748 τὴν
824 4679 934 4733 τῶν
968 4679 1323 4749 χαρισμάτων
1356 4679 1450 4732 τοῦ
1500 4679 1645 4733 θείου
1675 4681 1993 4752 Πνεύματος

409 4773 571 4842 δηλοῖ
601 4772 890 4844 χορηγίαν,
922 4773 1016 4824 καὶ
1045 4772 1144 4843 τὴν
1173 4770 1283 4826 τῶν
1326 4773 1614 4842 ἐνεργειῶν
1646 4775 1868 4842 ἔκδηλον
1899 4775 1994 4828 ἐκ·

416 4883 634 4934 φανσιν,
682 4867 811 4919 ὅταν
848 4867 910 4918 ἐκ
938 4866 1031 4918 τοῦ
1062 4866 1219 4931 Υἱοῦ,
1265 4865 1412 4934 ἢδιὰ
1448 4865 1542 4920 τοῦ
1594 4867 1724 4919 Υἱοῦ
1766 4868 1995 4938 λέγηται

412 4958 614 5024 ταῦτα,
662 4959 756 5010 καὶ
789 4958 900 5010 τισὶ
934 4957 1207 5026 λέγονται,
1248 4958 1309 5010 τὸ
1351 4959 1407 5010 δὲ
1461 4957 1856 5028 ἐκπορεύεσθαι
1895 4960 1996 5031 τὴν

412 5052 645 5120 ἄπειρον
679 5051 774 5102 καὶ
801 5050 1185 5119 ἀκατάληπτον
1217 5051 1279 5102 ἐκ
1320 5050 1413 5102 τοῦ
1447 5051 1659 5118 Πατρὸς
1687 5050 1782 5103 τοῦ
1809 5053 1996 5121 Πειρα-

415 5143 622 5212 κλήτου
653 5141 907 5210 ὓπαρξιν.
930 5143 1040 5194 Καὶ
1063 5142 1242 5206 πάλιν,
1274 5143 1333 5194 Ὀ
1356 5141 1476 5212 μὲν,
1507 5143 1661 5211 φησι,
1689 5142 1798 5196 τῶν
1825 5143 1995 5211 ἁγίων

415 5237 705 5305 ἐνέργειαν
731 5234 986 5304 ὀνομάζει
1015 5235 1074 5287 τὸ
1106 5234 1327 5304 Πνεῦμα
1357 5235 1415 5287 τὸ
1447 5235 1623 5302 ἅγιον,
1656 5237 1730 5298 ὠς
1756 5237 1816 5288 ἐν
1845 5237 1996 5306 αὐτῷ

415 5325 878 5397 περιοριζομένης
915 5328 1094 5396 πάσης
1119 5329 1216 5394 τῆς
1237 5329 1299 5378 ἐκ
1327 5326 1552 5396 ’Πατρδς
1584 5327 1664 5380 δι’
1698 5329 1826 5382 Υίοῦ
1859 5347 1994 5400 προ-

416 5421 688 5491 χεομένης
721 5417 1037 5486 ἐνεργείας,
1071 5417 1182 5469 εἴτε
1233 5417 1547 5486 ἀγαθότητα
1570 5457 1585 5482 ,
1636 5421 1744 5472 εἴτε
1777 5421 1992 5489 σοφίαν,

415 5511 529 5564 εἴτε
560 5527 612 5560 τι
643 5509 832 5577 ἕτερον
867 5510 1042 5571 εἴποις
1071 5510 1178 5561 τῶν
1203 5510 1298 5578 τῆς
1331 5509 1482 5574 Θείας
1511 5511 1723 5578 φύσεως
1777 5513 1995 5566 πλεονε·

414 5603 742 5671 κτημάτων,
771 5599 844 5663 ῶς
875 5619 1040 5670 φησιν
1067 5604 1091 5654 ὁ
1118 5601 1378 5670 Θεολὸγος
1413 5606 1469 5655 ἐν
1503 5604 1578 5673 τῷ
1605 5607 1681 5666 εἰς
1705 5605 1793 5658 τὸν
1830 5607 1997 5659 κατά-

415 5698 603 5748 πλουν.
1131 5689 1144 5701 ’

505 5785 564 5837 Ὀ
603 5785 657 5837 δὲ
689 5785 912 5856 Νύσσης
945 5787 1000 5838 ἐν
1039 5785 1115 5856 τῷ
1164 5787 1300 5854 πρὸς
1353 5788 1658 5855 ’Λ6λά6ιον,
1692 5792 1859 5846 Ούοέν
1885 5794 1994 5845 τῶν

415 5881 591 5951 τριῶν
622 5882 892 5948 ἐνέργεια,
929 5882 1114 5950 φησὶν,
1150 5882 1282 5936 ἀλλὰ
1309 5883 1513 5953 μᾶλλον
1550 5885 1820 5956 ἐνεργοῦν.
1849 5888 1994 5942 Διότι

2031 1906 2071 1958 Β
2103 1921 2243 1978 εἶναι
2272 1925 2522 1994 λέγοντες
2553 1931 2652 1997 τὴν
2684 1926 2778 1981 τοῦ
2816 1926 3180 1997 Παρακλήτου
3217 1929 3541 1986 ὑπόστασιν,
3568 1929 3677 1979 κάκ

2100 2015 2195 2069 τοῦ
2239 2016 2368 2070 Υίοῦ
2405 2018 2548 2088 ἐχειν
2581 2019 2638 2071 τὸ
2690 2013 2854 2081 εἶναι,
2902 2019 3185 2080 ἀθετοῦσιν
3229 2020 3416 2082 αὐτὸν,
3463 2021 3557 2069 καὶ
3591 2019 3674 2073 είς

2099 2108 2288 2172 δυάδα,
2323 2110 2467 2164 κατὰ
2492 2109 2583 2163 τὸν
2614 2111 2974 2173 Μακεδόνων,
3001 2111 3117 2163 ἀλλ’
3146 2108 3341 2164 οὔκουν
3361 2109 3442 2174 είς
3467 2107 3671 2178 Ὶ“ριάδ.ι

2097 2199 2472 2254 πιστεύουσιν.
2533 2195 2540 2210 “

2179 2335 2340 2388 Ἀλλά
2376 2335 2443 2386 τὰ
2493 2333 2594 2401 μὲν
2639 2331 2735 2384 τοῦ
2785 2330 2886 2398 τῆς
2929 2330 3259 2400 Ἐκκλησίας
3282 2333 3669 2401 οἱκουμενικοῦ

2091 2428 2307 2482 τουτουῒ
2335 2426 2680 2486 διδασκάλου,
2713 2424 2807 2475 τοῦ
2849 2422 2995 2476 θείου
3033 2428 3176 2493 φημὶ
3214 2425 3522 2494 Γερμανοῦ,
3549 2425 3670 2486 ἅλις

2094 2522 2328 2588 ἐχόντων
2351 2519 2412 2569 τό
2441 2534 2504 2584 γε
2528 2515 2625 2568 νῦν
2646 2511 2810 2568 εἶναι.
2833 2515 2938 2568 Τόν
2965 2533 3024 2567 τε
3055 2519 3166 2584 γὰρ
3195 2517 3324 2585 περὶ
3351 2517 3500 2580 θείας
3520 2518 3673 2587 ἐνερ-

2093 2613 2248 2679 γείας
2273 2610 2366 2664 καὶ
2405 2611 2626 2677 χάριτος
2659 2609 2753 2659 καὶ
2788 2607 3112 2676 ἐλλάμψεως
3146 2608 3305 2675 λόγον
3338 2611 3401 2660 ἐκ
3437 2609 3546 2659 τῶν
3578 2609 3673 2678 ἀρ-

2094 2705 2266 2774 χαίων
2295 2703 2556 2768 Πατέρων
2591 2701 2686 2752 καὶ
2726 2700 2998 2766 θεολόγων
3035 2699 3240 2758 λαϐὼν.
3273 2700 3516 2765 ἐδίδαξεν
3554 2701 3673 2769 ἄρι-

2097 2808 2198 2845 στα
2244 2792 2482 2860 φυσικὴν
2524 2791 2758 2860 δύναμιν
2795 2791 3087 2853 ἀποδείξας
3141 2791 3310 2861 αὐτὴν
3361 2793 3672 2859 πεφυκέναι

2092 2884 2197 2953 τῆς
2243 2884 2404 2951 ἁγίας
2438 2883 2688 2952 Ἰ’ριάδος,
2724 2883 3097 2951 διαφέρουσαν
3147 2885 3244 2952 μὲν
3285 2883 3382 2952 τῆς
3431 2885 3672 2952 φύσεως,

2096 2978 2365 3029 συναῖδιον
2392 2975 2446 3028 δὲ
2474 2977 2568 3027 καὶ
2593 2975 3058 3043 συμπεφυκυῖαν,
3086 2975 3178 3026 καὶ
3208 2979 3672 3045 συνουσιωμένην,

2095 3069 2192 3123 καὶ
2219 3068 2526 3136 ἀχώριστον
2559 3067 2749 3136 αὐτῆς,
2783 3065 2850 3118 δι’
2879 3058 2954 3118 ὧν
2979 3068 3042 3118 τό
3076 3083 3135 3118 τε
3167 3068 3448 3136 ἡνωμένον
3475 3069 3571 3118 καῖ
3613 3069 3671 3118 τὸ

2081 3161 2518 3230 ’διακεκριμένον
2547 3159 2685 3229 πρὸς
2717 3158 2816 3226 τὴν
2855 3159 3067 3212 οἰκείαν
3103 3159 3271 3226 αὐτῆς
3296 3160 3459 3227 φύσιν
3491 3160 3670 3212 θεολο-

2093 3256 2268 3320 γείται
2313 3252 2518 3315 καλῶς,
2551 3252 2647 3304 καὶ
2685 3251 2814 3320 περὶ
2844 3253 2944 3320 τῆς
2978 3253 3212 3320 μετοχῆς
3244 3252 3414 3320 αὐτῆς
3446 3251 3670 3321 θεοπρευ

2095 3345 2211 3408 πῶς
2235 3363 2296 3398 τε
2348 3346 2442 3397 καὶ
2477 3343 2807 3412 θεολογικῶς
2838 3344 3011 3405 ὅντως
3042 3343 3434 3412 ἐφιλοσόφησε,
3473 3345 3546 3412 μὴ
3576 3346 3672 3395 τοῦ

2096 3436 2414 3506 Πνεύματυς
2447 3436 2554 3506 τὴν
2609 3436 2936 3498 ὑπόστασιν,
2991 3436 3066 3505 μὴ
3121 3435 3222 3502 τὴν
3276 3434 3430 3488 θείαν
3487 3436 3675 3488 οὐσίαν

2092 3528 2231 3590 ὅλως
2277 3528 2450 3581 είπὼν
2503 3527 2602 3596 τὴν
2653 3526 3030 3596 μετεχομόνην
3081 3526 3188 3578 ὑπό
3231 3543 3292 3577 τε
3337 3526 3446 3578 τῶν
3477 3527 3670 3591 ἁγίων,

2095 3623 2192 3677 καὶ
2228 3624 2294 3691 δὴ
2332 3625 2428 3676 καὶ
2471 3622 2580 3674 τῶν
2614 3622 2795 3675 ἄλλων
2837 3623 3156 3688 κτισμάτων
3199 3619 3476 3686 ἀναλόγως
3507 3615 3670 3680 εἶναι,

2099 3715 2235 3784 μηδέ
2261 3715 2371 3784 γάρ
2402 3713 2708 3781 πεφυκέναι
2753 3713 2881 3782 μήτ’
2909 3712 3133 3781 ἐκείνην
3178 3712 3318 3774 ὅλως
3365 3711 3580 3781 ληπτήν
3609 3727 3670 3764 τε

2097 3807 2190 3860 καὶ
2222 3807 2506 3876 μεριστὴν,
2547 3807 2687 3875 μήτε
2724 3806 2795 3857 τὰ
2819 3805 3121 3874 κτίσματα,
3173 3805 3402 3857 δεκτικὰ
3426 3808 3670 3872 τοπαρά-

2097 3917 2207 3952 παν
2237 3900 2336 3969 τῆς
2373 3899 2524 3960 θείας
2558 3899 2748 3960 οὐσίας
2804 3899 2898 3951 καὶ
2952 3898 3330 3963 ὑποστάσεως,
3384 3899 3520 3951 ἀλλὰ
3575 3899 3672 3969 τὴν

2097 3993 2250 4046 θείαν
2300 3992 2608 4064 ἐνέργειαν,
2661 3991 2756 4044 καὶ
2808 3992 2971 4061 χάριν
3026 3992 3123 4044 καὶ
3161 3991 3454 4068 ἐλλαὶμψιν,
3492 3992 3672 4060 ἁπλῆν

2102 4088 2202 4155 μὲν
2244 4081 2412 4138 οὖσαν
2441 4084 2564 4137 καθ’
2589 4083 2790 4152 ἑαυτὴν
2815 4087 2909 4136 καὶ
2949 4083 3272 4153 ἀμέριστον,
3300 4083 3674 4153 μεριζομένην

2097 4180 2156 4230 δὲ
2191 4180 2287 4232 καὶ
2331 4177 2760 4246 ποικιλλομένην
2801 4179 2857 4228 ἐν
2905 4179 3018 4238 τοῖς
3063 4178 3344 4244 μεριστοῖς
3394 4174 3670 4239 ἀναλόγως

2097 4269 2398 4337 ἁγαθότητι
2427 4269 2570 4339 θείᾳ,
2596 4271 2737 4321 κατὰ
2765 4268 2862 4336 τὴν
2897 4269 3158 4337 φυσικὴν,
3183 4267 3340 4337 φησὶ,
3364 4269 3460 4320 καὶ
3479 4284 3674 4337 προαι-
3711 4299 3714 4302 ·

2103 4363 2326 4432 ρετικὴν
2361 4361 2586 4413 ἐκείνων
2639 4360 3082 4430 ἐπιτηδειότητα,
3133 4360 3228 4411 καὶ
3273 4359 3530 4429 δεκτικὴν
3583 4355 3676 4413 δύ-

2098 4468 2288 4520 ναμιν,
2311 4452 2387 4514 ὡς
2417 4453 2667 4506 ἐντεῦθεν
2696 4457 2792 4506 καὶ
2830 4457 2958 4520 μίαν
2988 4454 3084 4506 καὶ
3127 4454 3331 4516 πολλὰς
3371 4455 3470 4523 τὴν
3506 4453 3676 4522 αὐτὴν

2099 4544 2194 4597 καὶ
2225 4545 2468 4612 νοεῖσθαι
2503 4545 2595 4598 καὶ
2641 4546 2919 4614 λέγεσθαι,
2955 4547 3050 4597 καὶ
3087 4547 3159 4616 μὴ
3197 4547 3358 4616 μόνον
3407 4547 3674 4618 οὐπροσ-

2099 4636 2352 4690 ιστασθαι
2385 4637 2901 4708 τδῖδιακεκριμένον
2933 4638 3094 4690 τοῦτο
3139 4638 3238 4708 τῆς
3289 4638 3572 4703 θεολογίας
3601 4639 3678 4707 τῷ

2096 4731 2304 4801 ταύτης
2355 4731 2566 4800 ἐνιαίῳ,
2618 4731 2752 4783 ἀλλὰ
2787 4732 2881 4784 καὶ
2916 4731 3302 4801 ἁνενέργητον,
3339 4734 3432 4783 καὶ
3476 4731 3680 4785 ἀδύναε⁵

2099 4843 2222 4895 μον,
2271 4827 2366 4879 καὶ
2415 4827 2667 4896 ἀλαμπῆ,
2697 4827 2792 4877 καὶ
2843 4825 3184 4895 ἁχαρίτωτον
3240 4822 3678 4887 κατασκευάζειν

2095 4919 2196 4988 τὴν
2231 4919 2383 4972 θείαν
2408 4919 2599 4972 οὐσίαν
2647 4921 2774 4980 τοὺς
2801 4920 2984 4970 ἐκεῖνα
3019 4917 3368 4981 δοξάζοντας,
3404 4917 3526 4977 ταῖς
3562 4918 3674 4985 γὰρ

2095 5011 2190 5064 τοῦ
2212 5012 2536 5064 διδασκάλου
2559 5011 2652 5064 καὶ
2671 5009 2833 5072 αὖθις
2849 5012 3126 5081 χρήσομαι
3157 5009 3356 5072 λέξεσι,
3383 5009 3477 5059 καὶ
3505 5023 3678 5074 πρισ-

2097 5106 2180 5156 έτι
2232 5105 2373 5174 μετὰ
2405 5104 2739 5158 Μακεδονίου
2771 5106 2850 5166 εἰς
2880 5103 3050 5156 δυάδα
3110 5102 3392 5153 πιστεύειν
3425 5099 3676 5163 τούτους,

2097 5195 2294 5250 οὔκουν
2326 5198 2406 5258 είς
2430 5198 2530 5266 τὴν
2554 5197 2717 5263 ἁγίαν
2755 5196 2991 5266 Τριάδα,
3027 5195 3095 5247 τά
3127 5196 3221 5246 καὶ
3263 5191 3395 5261 παρ’
3428 5191 3586 5259 ἡμῶν
3621 5193 3676 5241 ἐν

2097 5291 2210 5350 τοῖς
2243 5289 2484 5357 φθάσασι
2518 5287 2809 5358 δειχθέντα
2840 5288 2927 5340 διά
2960 5287 3192 5351 πολλῶν,
3222 5286 3337 5346 τοῖς
3389 5282 3680 5348 εὐαγγελι-

2099 5385 2218 5444 κοίς
2251 5399 2311 5434 τε
2337 5384 2436 5435 καὶ
2470 5381 2858 5445 ἁποστολικοῖς
2891 5383 2986 5432 καὶ
3021 5381 3084 5450 δὴ
3135 5381 3231 5432 καὶ
3263 5381 3376 5440 τοῖς
3433 5376 3676 5444 θεολογιο

2099 5478 2213 5535 κοῖς
2255 5476 2352 5529 καὶ
2377 5477 2666 5546 πατρικοῖς
2692 5477 2979 5546 ἑπομένων
3001 5476 3182 5541 λόγοις
3207 5473 3264 5524 ἐν
3293 5473 3490 5526 ἅπασι.

2170 5609 2242 5661 Σὺ
2271 5607 2328 5660 δὲ
2352 5606 2406 5659 τί
2430 5608 2523 5660 καὶ
2547 5609 2686 5678 πρὸς
2715 5607 2890 5663 ταῦτα
2916 5609 3120 5675 λέγεις,
3145 5601 3190 5660 ὧ
3225 5608 3354 5674 σοφὲ
3391 5608 3679 5676 Γρηγορᾶς

2099 5701 2240 5772 Δέχῃ
2291 5699 2392 5753 κᾶν
2427 5708 2642 5756 τουτονὶ
2685 5703 2778 5756 τὸν
2815 5701 2963 5772 ἱερὸν
3001 5702 3098 5770 τῆς
3151 5700 3383 5753 καθόλου
3435 5701 3544 5754 τῶν
3591 5716 3683 5753 πι-

2102 5793 2242 5847 στῶν
2289 5792 2616 5863 Ἐκκλησὶας
2647 5792 3302 5864 διδάσκαλον,ἐξηγητὴν
3355 5795 3460 5846 τῶν
3518 5794 3681 5864 ἱερῶν

2100 5875 2296 5955 λόγων,
2335 5887 2424 5938 καὶ
2453 5885 2563 5938 τῶν
2603 5886 2849 5957 ἀρχαίων
2885 5875 3153 5954 θεολόγων
3186 5887 3434 5953 ἐκείνων,
3459 5904 3676 5957 προφη-
