4054 6436
437 352 545 417 919
1454 416 1471 430 ν.
1514 364 1943 431 PHILOTHEI
1982 374 2097 438 ΟΡ.
2119 374 2637 442 PATBIARCIUI

434 479 501 574 ’ῖδ
529 481 595 574 ἑκ
636 478 729 535 τοῦ
774 478 904 532 Υἱοῦ
943 480 1186 551 Πνεῦμα,
1234 481 1370 539 ἀλλὰ
1402 484 1464 538 τδ
1499 485 1687 551 ἀϊδίως
1733 490 1792 555 ἐξ
1845 490 2012 548 αὑτοῦ
2048 492 2093 554 Α
2120 498 2213 550 zeal
2256 501 2363 553 εἶσὶ
2402 502 2497 556 zeal
2546 503 2819 571 λέγονται,
2871 501 3022 557 τοῦθ’
3059 501 3199 572 ὅπερ
3239 500 3353 556 είσὶ
3391 501 3484 558 zeal
3516 500 3713 574 Mde

440 571 707 643 ὑπάρχον.
744 573 807 626 El
842 573 899 627 δὲ
926 574 1110 641 τοῦτο,
1146 575 1265 639 πῶς
1296 579 1396 631 οὐκ
1423 577 1579 633 ἔσται
1611 583 1643 651 ἡ
1687 583 1865 647 ἀΐδιος
1893 585 2024 638 ὑπόι
2124 609 2218 647 ται
3012 608 3017 611 ’

440 681 632 728 στασις
681 664 777 718 τοῦ
827 666 1098 734 παναγίου
1164 668 1484 739 Πνεύματος
1516 674 1577 726 τὸ
1630 675 1694 729 ὲκ
1735 676 1829 730 τοῦ
1886 678 2021 732 Υίοῦ

437 760 688 830 Πνεῦμα,
724 761 893 831 ἀλλ’ἢ
916 762 1075 832 χάρις
1106 765 1270 818 αὐτοῦ
1298 766 1392 820 zeal
1420 769 1452 837 ἡ
1487 768 1777 838 ένέργεια;
1819 772 1883 823 'H
1912 773 2022 844 γὰρ

392 908 415 923 ,ν
437 854 601 926 χάρις
636 855 789 927 καὶὴ
830 856 1104 928 ἐνέργεια,
1151 859 1274 912 ἐπεὶ
1311 861 1444 929 ἡμῖν
1483 861 1577 914 zeal
1625 863 1785 932 ήμῶν
1833 863 2023 919 ἕνεκεν

438 948 700 1019 ὑπάρχει,
725 948 947 1012 πάντως
973 950 1068 1004 zeal
1094 950 1200 1003 ὑπὸ
1232 952 1428 1022 χρόνον
1461 954 1638 1009 ἔσται.

510 1044 623 1096 Οὐκ
654 1044 826 1108 ἐστιν,
851 1037 895 1096 ὦ
917 1043 1099 1108 οὗτος,
1118 1044 1239 1119 ούδὲ
1264 1047 1297 1116 ἡ
1325 1046 1448 1099 θεία
1487 1048 1650 1119 χάρις
1678 1048 1818 1119 αῦτη
1846 1068 1904 1104 τε
1926 1052 2022 1104 zeal

437 1139 472 1208 ἡ
503 1136 796 1207 έλλαμψις,
831 1135 927 1189 zeal
953 1137 991 1206 ἡ
1012 1136 1264 1206 ἐνέργεια
1291 1140 1607 1208 πρόσφατος
1635 1143 1731 1194 zeal
1759 1142 1863 1195 ὑπὸ
1889 1144 2023 1215 χρό-

438 1244 552 1293 νον,
583 1227 631 1281 εί
665 1226 763 1280 zeal
796 1229 911 1288 τοῖς
953 1229 1195 1290 κτιστοίς
1227 1229 1361 1281 πᾶσι
1395 1230 1491 1282 zeal
1518 1232 1651 1300 ἡμῖν
1681 1236 2023 1303 προσφάτως

439 1320 536 1375 zeal
566 1319 673 1374 ὑπὸ
701 1321 895 1391 χρόνον
924 1321 1334 1390 ἐπιχορηγεῖται
1359 1338 1374 1352 ·
1395 1322 1667 1387 συναῖδιος
1689 1323 1746 1378 δὲ
1764 1327 1830 1395 τῇ
1849 1325 2024 1395 ὑπερ-

439 1414 611 1481 ουσίῳ
652 1412 873 1481 Τριάδι,
904 1413 996 1465 καὶ
1043 1413 1103 1477 ἐξ
1138 1414 1309 1481 αὐτῆς
1357 1414 1446 1467 ἀεὶ
1502 1417 1862 1487 πηγαζομένη
1928 1418 2023 1470 zeal

440 1507 823 1576 ἐκλάμπουσα,
851 1507 946 1577 ὅλη
977 1508 1043 1561 ὲκ
1073 1506 1169 1559 τοῦ
1215 1506 1450 1577 Πατρδς.
1481 1508 1576 1579 ὅλη
1624 1509 1688 1561 ὲκ
1724 1508 1819 1563 τοῦ
1866 1508 2022 1573 Υίοῦ,

440 1602 538 1670 ὅλη
578 1602 667 1671 ,ἐκ
696 1600 800 1667 τοῦ,
847 1598 1211 1670 Παρακλήτου
1243 1599 1380 1653 Θεοῦ
1414 1598 1511 1653 τοῦ
1542 1604 1809 1670 παναγίου
1852 1602 2025 1656 Πνεύ-

2208 686 2371 758 Ὁρᾷς
2413 691 2478 741 ὶκ
2508 688 2735 754 τούτων,
2759 687 2841 741 δτι
2891 686 2950 752 ἐξ
2980 686 3151 740 ἀϊδίου
3192 685 3289 740 zeal
3324 686 3577 757 άνάρχως
3607 686 3707 740 zeal

2125 777 2375 847 άχρόνως
2422 778 2700 848 ἐκλάμπει
2730 781 2764 848 η
2801 778 2923 831 θεία
2975 777 3116 847 αῦτη
3172 778 3338 847 αῐγλη
3390 778 3486 832 zeal
3545 781 3709 849 χάρις

2125 869 2323 940 ἐπίσης
2371 872 2437 924 ἑκ
2470 871 2687 938 Πατρδς
2724 872 2821 925 zeal
2854 870 2989 925 Υἱοῦ
3020 872 3115 923 zeal
3154 870 3311 938 ἁγίου
3364 869 3708 940 Πνεύματος,

2126 964 2223 1017 zeal
2281 963 2538 1035 ἐνέργεια
2580 964 2683 1035 τῆς
2718 965 3047 1034 ύπερφὼτου
3106 962 3204 1016 zeal
3256 963 3706 1033 τρισυποστάτου

2127 1055 2346 1125 φύσεώς
2375 1059 2545 1123 ἐστιν,
2579 1059 2628 1109 εί
2673 1055 2769 1111 zeal
2798 1057 2904 1109 ὑπὸ
2937 1055 3132 1125 χρόνον
3182 1055 3278 1109 zeal
3309 1046 3636 1124 προσφάτως
3666 1056 3704 1125 ἡ

2128 1149 2267 1221 αὐτὴ
2320 1150 2744 1221 ὲπιχορηγεῖται
2793 1150 2909 1211 τοῖς
2959 1150 3201 1210 κτιστοῖς
3248 1147 3407 1212 πᾶσι,
3454 1146 3546 1198 zeal
3591 1146 3710 1208 τοῖς

2127 1242 2234 1296 ύπδ
2260 1242 2457 1312 χρόνον
2500 1238 2672 1307 οὖσιν,
2705 1241 2764 1308 ἐξ
2824 1238 2959 1293 Υίοῦ
2984 1257 3002 1307 ;
3033 1240 3295 1310 Ἐφημεν
3323 1234 3440 1301 οῦν,
3466 1239 3515 1291 εί
3540 1240 3709 1292 ἐκπο-

2129 1334 2348 1407 ρεύεται
2377 1335 2514 1405 ἡμῖν
2561 1333 2658 1387 zeal
2686 1330 2844 1402 ἡμῶν
2874 1330 3086 1394 ἑνεκεν,
3120 1325 3263 1383 εῖναι
3294 1328 3391 1382 zeal
3441 1328 3547 1381 ὑπὸ
3575 1328 3708 1397 χρόα

2128 1445 2219 1483 νον
2249 1444 2265 1461 ·
2299 1426 2437 1481 διότι
2464 1425 2529 1479 τδ
2569 1422 2970 1494 ἐκπορεύεσθαι
3002 1424 3418 1491 παραστατικὸν
3448 1420 3569 1472 ἐστι
3605 1420 3711 1488 τῆς

2125 1517 2223 1582 τοῦ
2278 1518 2549 1587 παναγίου
2590 1516 2913 1586 Πνεύματος
2956 1512 3266 1585 ὑπάρξεως,
3295 1512 3487 1581 ὥσπερ
3516 1510 3609 1564 zeal
3645 1510 3709 1563 τὸ

2127 1609 2422 1678 γεννᾶσθαι
2461 1608 2557 1663 τοῦ
2613 1607 2772 1673 Υίοῦ,
2821 1606 2918 1660 zeal
2974 1607 3037 1659 τὸ
3074 1606 3263 1676 λέγειν
3303 1601 3707 1673 ἐκπορεύεσθαι

443 1709 637 1763 ματος,
658 1693 751 1747 zeal
779 1694 878 1763 τῆς
903 1695 1342 1765 τρισυποστάτου
1367 1697 1587 1763 φύσεως
1614 1694 1709 1749 τοῦ
1741 1696 1864 1761 ἑνὸς
1885 1696 2022 1750 Θεοῦ
2128 1703 2265 1772 ἡμῖν
2299 1702 2498 1755 ταυτόν
2522 1702 2641 1754 ἐστι
2671 1700 2749 1770 τῷ
2776 1698 2959 1767 λέγειν
3002 1700 3136 1767 ἡμῖν
3170 1694 3591 1766 ἐκπορεύεσθαι,
3613 1692 3707 1746 zeal

440 1788 592 1840 ἐστιν
625 1787 873 1856 άχρόνως
913 1787 1008 1841 zeal
1050 1787 1391 1858 άειλαμπὴς,
1424 1788 1520 1842 zeal
1555 1789 1886 1858 ύπέρφωτος
1910 1791 2027 1843 ένι·
2058 1813 2102 1869 Β
2129 1794 2262 1862 ἡμῖν
2282 1790 2381 1862 τὴν
2412 1791 2654 1860 ὓπαρξιν
2681 1789 2829 1860 ἔχειν
2865 1790 2959 1842 zeal
2984 1788 3053 1842 δι’
3080 1789 3248 1859 ἡμᾶς.
3273 1787 3338 1840 Et
3367 1785 3426 1838 δὲ
3459 1784 3530 1838 δι’
3557 1782 3707 1852 ἡμᾶς
3772 1782 3781 1789 ’

443 1877 542 1932 αία
592 1879 777 1946 αἴγλη,
816 1880 911 1931 zeal
961 1878 1131 1943 ἀΐδιος
1176 1879 1452 1949 ἐνέργεια,
1485 1879 1562 1943 ὡς
1604 1882 1697 1934 zeal
1724 1883 1753 1935 6
1798 1880 1942 1946 θεῖος
1972 1883 2030 1934 ὲν
2135 1885 2250 1956 ἔχει
2289 1885 2389 1955 τὴν
2419 1883 2679 1955 ὕπαρξιν,
2714 1883 2812 1936 zeal
2841 1881 2953 1935 ὑπὸ
2986 1880 3178 1951 χρόνον
3206 1879 3425 1940 πάντως
3448 1874 3585 1938 ἐστὶ,
3608 1872 3705 1927 zeal

349 1963 359 1971 ’
444 1969 638 2040 ὕμνοις
717 1970 832 2042 ᾅδει
910 1965 1271 2041 Δαμασκηνός
1311 1985 1327 2001 ⁸
1382 1973 1711 2044 Τρισσοφαῆ
1794 1972 2027 2043 θεότητα
2135 1978 2446 2051 κρείττονες
2478 1977 2644 2047 ἡμεῖς
2679 1975 2915 2030 ἐκείνου.
2946 1973 3021 2027 Οὐ
3058 1972 3165 2044 μὴν
3195 1971 3252 2025 δὲ
3287 1971 3383 2024 zeal
3408 1968 3471 2022 τὸ
3502 1966 3707 2036 ἐκλάμ-

442 2064 654 2118 ένιαίαν
708 2064 1101 2135 ἐκλάμπουσαν
1165 2064 1405 2136 αίγλην,
1473 2066 1537 2118 ὲκ
1588 2067 1719 2136 μιᾶς
1767 2082 2030 2137 τρισυπο-
2134 2071 2396 2135 πειν,κα“ι
2433 2066 2949 2140 προέρχεσοαι,καὶ
3003 2063 3349 2135 προχεῖσθαι,
3393 2062 3488 2116 zeal
3537 2076 3707 2131 χορη·

3598 380 3787 449 990'

445 2157 646 2212 στάτου
698 2157 940 2226 φύσεως,
966 2158 1014 2210 εί
1061 2157 1293 2221 καὶτοῖς
1340 2158 1445 2211 ὑπὸ
1473 2159 1663 2229 χρόνον
1696 2157 1845 2212 οὖσιν
1904 2161 2028 2212 ἐπι-

445 2252 814 2322 χορηγεῖται,
896 2251 992 2304 zeal
1060 2250 1332 2320 λαμϐάνει
1389 2251 1568 2304 πάντα
1626 2250 1683 2316 ἐξ
1738 2251 1908 2322 αὐτῆς
1968 2249 2030 2303 16

444 2341 586 2399 εἶναι
608 2387 623 2410 ,
678 2345 773 2399 zeal
821 2343 883 2398 16
918 2339 978 2399 εὗ
1019 2340 1160 2398 εἶναι
1193 2344 1335 2398 κατὰ
1387 2346 1482 2398 τον
1512 2344 1600 2418 ὲνς
1614 2345 1832 2415 ἑκάστῳ
1867 2360 2032 2414 προο-

447 2439 685 2509 ρισμδν,
718 2438 843 2491 °zeal
887 2437 987 2505 τὴν
1035 2437 1292 2501 δεκτικὴν
1344 2437 1581 2491 ἑκάστου
1631 2437 1865 2507 δύναμιν
1929 2453 2032 2504 φυ-

447 2531 611 2600 σικήν
642 2530 702 2582 τέ
730 2547 872 2599 φημι
902 2529 997 2583 zeal
1022 2529 1447 2600 προαιρετικὴν.
1474 2529 1696 2598 Ταύτην
1723 2528 1904 2581 τοίνυν
1931 2528 2031 2594 τὴν

447 2622 601 2675 θείαν
633 2622 729 2674 zeal
764 2622 973 2676 ἑνιαίαν
1003 2621 1269 2690 ἔλλαρψίν
1301 2638 1358 2674 τε
1383 2621 1480 2673 zeal
1506 2620 1689 2691 χάριν,
1712 2618 1809 2673 zeal
1834 2619 2030 2690 αἴγλην

445 2713 549 2783 τῆς
596 2712 925 2783 ὑπερφώτου
978 2713 1236 2782 Τριάδος,
1282 2713 1382 2783 τὴν
1432 2712 1622 2776 ἁπλῶς
1656 2712 1750 2766 zeal
1783 2712 2028 2782 άμερῶς,

446 2806 545 2858 zeal
572 2805 809 2870 ταυτῶς,
842 2805 936 2858 zeal
963 2804 1184 2870 ὑλικῶς,
1223 2806 1319 2858 zeal
1349 2804 1570 2867 ἑνιαίως
1592 2804 1679 2858 ἀεὶ
1713 2806 2032 2872 ἐκλάμπου-

449 2897 550 2950 σάν
565 2913 620 2949 τε
640 2896 735 2950 zeal
759 2896 1175 2967 προερχομένην
1205 2897 1266 2949 ἐκ
1290 2895 1387 2965 τῆς
1411 2895 1681 2965 ὁπερθέου
1714 2898 1844 2966 μιᾶς
1871 2912 2031 2966 τρεσ-

448 2988 755 3043 υποστάτου
815 2986 1031 3056 φύσεώς
1089 3004 1256 3055 φασιν
1283 2989 1332 3040 οί
1365 2987 1615 3057 θεοφόροι
1643 2988 1907 3058 Πατέρες,
1933 3002 2035 3057 κατ

2132 2163 2348 2234 γεϊσθαι
2376 2161 2569 2215 καὶτὰ
2612 2160 2859 2224 τοιαῦτα,
2900 2156 3296 2228 παραστατικά
3323 2156 3464 2207 είσιν
3513 2153 3709 2221 ἀρκτι-

2132 2257 2236 2327 κῆς
2266 2254 2575 2325 ὑπάρξεως,
2601 2253 2739 2308 άλλὰ
2770 2253 2872 2322 τῆς
2914 2253 3008 2306 ὅτε
3059 2250 3311 2320 βούλεται
3366 2246 3708 2316 μεταδόσεως

2130 2349 2232 2416 τῆς
2259 2344 2410 2409 θείας
2437 2346 2660 2416 χάριτος
2692 2345 2790 2397 zeal
2835 2342 3138 2413 ἐνεργείας.
3168 2339 3263 2392 Διδ
3290 2337 3415 2390 οὐδὲ
3446 2335 3551 2389 ὑπὸ
3578 2333 3707 2404 χρό-

2130 2454 2220 2492 νον
2254 2436 2436 2506 φαμὲν
2469 2436 2614 2505 ἔχειν
2642 2435 2703 2488 16
2733 2430 2873 2488 εἶναι
2905 2431 2999 2485 zeal
3029 2430 3099 2485 δι’
3132 2430 3281 2502 ἡμᾶς
3309 2429 3413 2499 τὴν
3430 2427 3577 2480 θείαν
3605 2424 3706 2493 χά-

2134 2547 2222 2601 ριν
2273 2528 2502 2601 ταύτην,
2557 2529 2650 2582 καὶ
2700 2526 2970 2597 ἕλλαμψιν
3008 2524 3102 2579 zeal
3141 2523 3425 2594 ἐνέργειαν
3451 2534 3469 2551 ο
3514 2519 3601 2571 ἀεὶ
3647 2514 3706 2569 δὲ

2131 2622 2412 2686 ἀπολύτως
2448 2621 2759 2691 ἐκλάμπειν
2798 2619 2897 2673 zeal
2951 2616 3276 2689 προχεῖσθαι
3313 2613 3376 2679 ἐξ
3411 2613 3563 2679 Υίοῦ,
3594 2610 3706 2664 ῶσ-

2133 2734 2240 2790 περ
2288 2717 2427 2788 δῆτα
2479 2716 2573 2769 zeal
2626 2718 2693 2769 ἐκ
2742 2707 2977 2786 Πατρδς,
3012 2711 3090 2774 ὡς
3123 2710 3359 2780 ἔφημεν,
3397 2707 3487 2760 zeal
3534 2700 3703 2759 αὸτοῦ

2131 2813 2267 2882 δῆτα
2288 2810 2384 2864 τοῦ
2414 2811 2494 2864 Πα
2504 2808 2775 2878 ρακλήτου
2794 2806 2931 2860 Θεοῦ
2953 2805 3046 2858 τοῦ
3070 2802 3341 2871 παναγίου
3368 2799 3704 2866 Πνεύματος.

2144 2905 2486 2975 Ἐκλάμπειν
2518 2902 2576 2955 δὲ
2603 2901 2699 2954 zeal
2728 2897 3088 2972 χορηγεῖσθαι
3118 2900 3185 2965 τῇ
3229 2893 3405 2948 κτίσει
3435 2889 3581 2960 πάσῃ
3609 2889 3708 2942 zeal

2129 2998 2265 3067 ἡμῖν
2301 2994 2408 3048 ὑπὸ
2448 2993 2640 3064 χρόνον
2671 2993 2770 3045 zeal
2815 2990 3173 3060 προσφάτως,
3202 2988 3290 3041 διὰ
3311 2987 3374 3039 16
3398 2984 3496 3053 τὴν
3525 2988 3707 3036 κτίσιν

450 3078 908 3133 ταποικίλλεσθαι
932 3079 1014 3142 είς
1033 3076 1135 3142 τὰς
1164 3078 1522 3148 ὲκδιδομένας
1554 3080 1618 3132 εκ
1650 3076 1788 3131 Θεοῦ
1824 3078 2030 3145 ἀγαθο-
2110 3090 2318 3143 manv
2347 3086 2442 3140 καὶ
2474 3085 2627 3156 ἡμᾶς
2675 3084 2785 3138 ὑπὸ
2824 3082 3017 3153 χρόνον
3053 3079 3297 3149 ὑπάρξαι
3329 3078 3426 3132 καὶ
3460 3073 3709 3145 προσφά-

448 3173 639 3238 ποιοὺς
677 3172 929 3245 μεθέξεις
979 3189 1041 3225 τε
1089 3171 1182 3225 καὶ
1224 3171 1455 3241 δωρεὰς.
1500 3170 1569 3234 ἃς
1601 3171 1697 3226 καὶ
1742 3168 2029 3234 ἀπολύτως
2054 3159 2099 3219 C
2130 3198 2261 3244 τως.
2294 3180 2358 3233 Εἰ
2391 3177 2449 3232 δὲ
2477 3179 2511 3249 ἡ
2541 3176 2666 3231 θεία
2693 3174 2833 3243 αῦτη
2869 3174 3032 3245 χάρις
3056 3172 3152 3227 zeal
3181 3174 3213 3242 ἡ
3252 3168 3510 3238 ἕλλαμψις
3541 3165 3707 3219 οὐδα-

446 3267 542 3320 zeal
570 3265 893 3336 άρχηγικῶς
923 3265 1019 3318 zeal
1048 3264 1280 3334 πρώτως
1308 3263 1379 3318 ἂν
1408 3262 1547 3317 Θεοῦ
1580 3262 1892 3333 ὑποστῆναι
1918 3279 2032 3332 φη-

449 3377 536 3413 σιν
570 3361 598 3413 6
639 3358 710 3411 τά
769 3357 888 3412 θεῖα
941 3357 1114 3421 πολὺς
1155 3355 1453 3420 Διονύσιος.
1487 3354 1605 3438 τὴν,
1640 3355 2033 3409 αύτοουσὶωσιν

445 3453 647 3520 ὶέγων,
675 3449 776 3522 τὴν
801 3449 1107 3521 αὑτοζωὴν,
1136 3448 1237 3519 τὴν
1269 3448 1663 3517 αὐτοδύναμιν,
1691 3447 1791 3519 τὴν
1821 3446 2037 3500 αύτοει·

452 3540 518 3611 ρή
529 3557 647 3611 νην,
672 3539 773 3606 τὴν
796 3538 1272 3610 αύτοαγαθότητα,
1298 3538 1398 3609 τὴν
1426 3538 1680 3606 θεότητα,
1708 3536 2034 3591 καὶτούτων

448 3630 767 3704 ὑποστάτην
799 3634 893 3685 16v
945 3631 1085 3684 Θεὸν
1122 3631 1373 3702 ἁχρόνως
1424 3629 1519 3683 zeal
1570 3630 1827 3700 άνάρχως
1858 3628 2031 3697 λέγει.

448 3721 637 3792 Τούτῳ
666 3721 851 3776 τοίνυν
880 3720 1193 3783 ἀκολούθως
1224 3720 1319 3775 zeal
1351 3722 1379 3774 6
1427 3719 1571 3784 θεῖος
1603 3720 1861 3790 Μάξιμος
1889 3718 2036 3773 οὕτω

449 3814 607 3885 φησί·
640 3817 918 3886 Ζητητέον
946 3819 1063 3878 τοῖς
1094 3814 1436 3881 σπουδαίοις,
1469 3816 1593 3869 τίνα
1620 3814 1857 3884 καθήκει
1892 3815 2036 3868 νοεῖν

448 3901 591 3959 εἶναι
618 3907 688 3959 τὰ
719 3904 878 3977 ἔργα,
911 3899 988 3960 ῶν
1027 3906 1235 3976 ἤρξατο
1268 3907 1371 3977 τῆς
1403 3903 1678 3974 γενέσεως
1703 3907 1731 3959 6
1756 3904 1910 3969 Θεὸς,
1937 3904 2035 3957 zeal

448 4001 575 4053 τίνα
599 3999 762 4053 πάλιν
783 3996 856 4052 ὧν
875 4001 973 4053 οὐκ
992 3999 1217 4072 ἤρξατο.
1238 4000 1301 4053 Εἰ
1328 4001 1439 4070 γὰρ
1475 4000 1694 4054 πάντων
1719 3998 2035 4051 κατέπαυσε

445 4096 557 4147 τῶν
584 4095 784 4164 ἔργων,
807 4088 884 4147 ὧν
915 4078 1120 4163 ἤρξατο
1150 4094 1398 4163 ποιῆσαι,
1425 4092 1586 4162 δῆλον
1612 4092 1689 4156 ὡς
1719 4091 1948 4147 ἐκείνων
1972 4092 2035 4146 ού

449 4188 822 4247 κατέπαυσεν,
848 4183 938 4245 ,ῶν
967 4190 1068 4242 οὐκ
1113 4188 1319 4258 ἤρξατο
1366 4187 1618 4256 ποιῆσαι.
1644 4187 1734 4257 Μή
1771 4204 1901 4258 ποτε
1944 4182 2037 4240 οὖν

450 4283 590 4354 ἔργα
641 4283 742 4350 μὲν
784 4278 919 4339 Θεοῦ
955 4253 1229 4354 χρονικῶς
1279 4253 1541 4352 ἠργμένα
1585 4279 1680 4333 τοῦ
1723 4253 1885 4334 -εἷνατ
1919 4282 2036 4334 ἐστι

450 4377 633 4428 ’πάντα
664 4376 731 4428 τὰ
765 4375 894 4428 ὅντα
929 4373 1250 4445 μετέχοντα,
1281 4369 1394 4437 οἷον
1426 4375 1481 4427 αί
1511 4373 1764 4444 διάφοροι
1803 4373 1913 4426 τῶν
1953 4374 2041 4426 δν-

449 4487 562 4524 των
591 4469 813 4536 ούσίαι;
848 4470 910 4523 16
938 4469 1049 4539 γὰρ
1086 4472 1163 4540 μὴ
1191 4467 1251 4521 δν
1292 4469 1510 4537 ἔχουσν
1553 4468 1734 4520 αὐτῶν
1764 4464 1858 4520 τοῦ
1893 4462 2036 4520 εἶναι

450 4560 825 4633 πρεσϐύτερον
844 4575 858 4590 ⁸
889 4554 960 4631 ῆν
998 4559 1107 4630 γάρ
1126 4575 1279 4623 ποτε,
1302 4560 1391 4612 ὅτε
1420 4558 1521 4612 οὐκ
1548 4554 1642 4629 ἦν,
1665 4557 1803 4627 ἔργα
1819 4556 1875 4609 δὲ
1897 4555 2035 4610 Θεοῦ

450 4655 615 4725 τυχὸν
654 4656 755 4708 οὐκ
800 4654 1058 4726 ἠργμένα
1084 4651 1353 4723 χρονικῶς
1382 4651 1453 4705 τὰ
1484 4652 1616 4705 δντα
1653 4652 1895 4722 μεθεκτά
1918 4668 1933 4682 °
1960 4644 2037 4704 ὧν

451 4749 594 4801 κατὰ
613 4748 776 4818 χάριν
804 4747 1094 4816 μετέχουσι
1115 4745 1184 4798 τά
1206 4744 1337 4798 ὄντα
1362 4746 1683 4815 μετέχοντα,
1700 4738 1811 4797 οἷον
1836 4746 1869 4816 ή
1899 4744 2038 4810 ἀγα-

453 4840 634 4908 θότης,
683 4832 790 4890 καί
825 4837 932 4890 πᾶν
980 4835 1038 4888 εἴ
1077 4852 1131 4887 τι
1203 4833 1547 4903 άγαθότητος
1636 4834 2036 4903 ἐμπεριέχεται

454 4932 621 5000 λόγῳ,
639 4930 738 4983 zeal
758 4928 949 4992 ἁπλῶς
971 4928 1123 4981 πᾶσα
1157 4925 1281 4998 ζωὴν
1299 4927 1394 4981 zeal
1414 4926 1712 4995 ἀθανασία,
1746 4929 1841 4981 zeal
1868 4927 2042 4981 ἁπλό-

455 5040 576 5092 της,
599 5021 696 5076 zeal
727 5019 984 5090 ἀτρεψία,
1033 5018 1125 5071 zeal
1169 5017 1421 5083 ἀπειρία,
1452 5017 1548 5071 zeal
1580 5017 1681 5073 ὅσα
1730 5017 1858 5090 περὶ
1903 5017 2038 5071 Θεον

456 5115 734 5176 ούσιωδῶς
770 5110 1081 5181 θεωρεῖται,
1115 5108 1276 5164 ἅτινα
1306 5111 1402 5163 zeal
1431 5110 1569 5181 ἔργα
1596 5110 1736 5164 Θεοῦ
1772 5113 1908 5176 είσι,
1941 5110 2038 5163 καὶ

455 5209 555 5260 οὑκ
588 5206 843 5278 ἡργμένα
882 5202 1173 5275 χρονικῶς.
1223 5203 1297 5257 Ού
1342 5204 1451 5275 γάρ
1500 5220 1633 5256 ποτε
1666 5203 2038 5274 πρεσϐύτερον

334 5360 343 5365 η
455 5300 670 5387 ἀρετῆς,
694 5299 756 5351 τὸ
785 5300 886 5351 οὐκ
918 5295 1010 5369 ἦν,
1049 5296 1174 5354 οὐδέ
1200 5314 1346 5360 τινος
1374 5297 1539 5352 ἄλλου
1570 5298 1679 5351 τῶν
1706 5298 2035 5370 εἰρημένων.

456 5392 572 5443 (hinc
612 5387 679 5463 ἦν
719 5391 829 5459 γάρ
863 5406 995 5442 ποτε
1037 5389 1127 5441 ὅτε
1159 5391 1259 5443 οὐκ
1290 5386 1359 5462 ἦν
1391 5390 1588 5456 ταῦτα,
1625 5390 1727 5444 κᾶν
1771 5390 1842 5443 τά
1880 5393 2040 5459 μετέ-

456 5499 623 5551 χοντα
657 5483 840 5536 αὐτῶν
871 5482 991 5535 κατ’
1027 5483 1168 5536 αὐτὰ
1201 5479 1402 5554 ἦρκται
1432 5483 1527 5537 τοῦ
1574 5480 1716 5557 εἶναι
1767 5481 2038 5553 χρονικῶς

455 5577 675 5647 ἅναρχά
734 5593 793 5655 τε
845 5570 975 5629 ὄντα
1029 5578 1322 5649 χρονικῶς,
1355 5580 1431 5647 μὴ
1480 5569 1679 5648 ἔχοντα
1724 5578 1816 5631 τὸν
1847 5576 2041 5647 χρόνον

456 5668 669 5721 ἑαυτῶν
704 5670 1101 5739 πρεσϐύτερον.
1123 5669 1213 5725 οἷα
1246 5674 1340 5725 16v
1376 5674 1512 5728 Θεὸν
1542 5672 1735 5743 ἔχοντα
1775 5671 1871 5724 τοῦ
1897 5668 2039 5725 εἶναι

461 5761 771 5823 μονώτατον
814 5763 1001 5828 άῖδίως
1056 5767 1382 5835 γεννήτορά.
1437 5764 1519 5818 Τὰ
1556 5764 1739 5833 μέντοι
1786 5764 2039 5833 ἠργμένα

462 5857 728 5924 χρονικῶς
765 5862 828 5932 τῇ
874 5863 1073 5932 μετοχῇ
1113 5866 1221 5914 τῶν
1277 5862 1378 5914 οὲκ
1412 5860 1709 5930 ἡργμὲνων
1760 5858 2031 5929 χρονικῶς

2137 3273 2256 3343 μῶς
2283 3274 2421 3341 ἡμῖν
2444 3271 2504 3326 16
2533 3266 2674 3325 εἶναι
2716 3267 2851 3337 ἔχει,
2878 3269 3069 3334 ὥσπερ
3093 3266 3228 3334 δῆτα
3262 3262 3358 3317 zeal
3387 3258 3708 3314 ἀποδείκνυ-

2132 3381 2245 3427 ται,
2284 3362 2401 3425 πῶς
2456 3362 2596 3424 ὅλως
2639 3361 2746 3432 χρὴ
2794 3359 2976 3427 λέγειν
3022 3354 3421 3427 ἐκπορεύεσθαι
3470 3352 3603 3423 ἡμῖν
3643 3349 3710 3402 16

2135 3457 2362 3526 Πνεῦμα
2387 3456 2449 3509 16
2483 3457 2659 3524 ἆγιον,
2686 3454 2777 3507 διὰ
2808 3452 2874 3507 16
2896 3452 3080 3521 λέγειν
3108 3452 3236 3513 τοὺς
3271 3448 3518 3517 ῐῐατέρας
3539 3460 3708 3516 χορηο

2134 3549 2372 3619 γεῖσθαι,
2409 3548 2506 3603 zeal
2532 3547 2838 3618 ἐκλάμπειν
2867 3546 2962 3599 zeal
3002 3542 3321 3616 προχεῖσθαι
3359 3542 3526 3611 ήμίνς

2205 3643 2443 3697 Τοιαῦτα
2472 3642 2565 3695 zeal
2596 3641 2901 3712 Γρηγόριος
2929 3641 2958 3692 6
2981 3638 3147 3716 σοφδς
3176 3635 3307 3705 περὶ
3332 3631 3596 3701 διαφορᾶς
3619 3628 3712 3682 ού-

2137 3735 2259 3798 σίας
2287 3733 2440 3797 θείας
2468 3732 2564 3786 zeal
2589 3728 2893 3802 ἐνεργείας,
2926 3727 3056 3797 σοφὲ
3096 3724 3373 3796 Γρηγορᾶ,
3395 3717 3616 3792 χάριτός
3645 3732 3710 3769 τε

2137 3826 2373 3895 φυσικῆς
2405 3824 2501 3879 zeal
2533 3820 2882 3892 έλλάμψεως,
2916 3820 3011 3874 zeal
3045 3817 3280 3888 μετοχῆς
3308 3814 3406 3867 τοῦ
3458 3809 3713 3880 Πνεῦμα-

2135 3934 2229 3982 τος
2272 3917 2449 3987 ίερᾶς,
2479 3915 2578 3969 zeal
2617 3912 2850 3984 προόδου
2886 3911 2981 3965 zeal
3017 3908 3326 3976 ἀποστολῆς
3360 3904 3456 3959 zeal
3486 3900 3715 3972 μεταδό-

2139 4027 2300 4075 σεως,
2333 4010 2426 4063 zeal
2450 4008 2551 4062 ὅσα
2579 4022 2643 4074 γε
2673 4006 2803 4072 περὶ
2840 4003 3049 4058 τούτων
3078 4001 3226 4072 αὐτῷ
3271 3998 3416 4053 κατά
3459 3996 3622 4066 μέρος
3651 3995 3713 4046 ἐν

2137 4100 2251 4161 τοῖς
2279 4095 2555 4167 φθάσασιν
2592 4095 2833 4165 εἴρηται.
2865 4092 3024 4147 Οὕτω
3052 4094 3167 4155 τοῖς
3194 4108 3254 4144 τε
3284 4088 3556 4156 θεολόγοις
3596 4086 3712 4139 Πα-

2138 4190 2326 4260 τράσι,
2373 4188 2468 4242 zeal
2512 4191 2579 4260 τῇ
2613 4186 2737 4241 καθ’
2768 4186 2922 4257 ἡμᾶς
2979 4186 3102 4255 ἱερᾷ
3131 4183 3360 4252 συνόδῳ,
3399 4180 3496 4234 zeal
3525 4178 3588 4249 δὴ
3618 4178 3713 4231 zeal

2138 4286 2249 4346 τοῖς
2275 4283 2571 4345 συνοδικοῖς
2599 4280 2788 4349 τόμοις
2818 4279 3078 4350 προσφυᾶ
3109 4275 3362 4331 καὶκατὰ
3385 4274 3560 4329 πάντα
3586 4287 3712 4325 συν-

2143 4376 2362 4448 ᾴδοντα,
2383 4375 2459 4438 ὡς
2502 4375 2597 4430 zeal
2625 4372 2924 4428 δεδοικέναι
2958 4390 3049 4441 με,
3077 4370 3154 4442 μὴ
3179 4371 3240 4424 τὸ
3269 4368 3390 4423 καθ’
3413 4369 3560 4439 ἡμᾶς
3581 4364 3712 4436 ίερῷ

2142 4467 2726 4540 Θεολόγῳ,Γρηγορίῳ
2756 4467 2833 4537 τῷ
2863 4467 3007 4522 πάνυ
3048 4466 3212 4535 φημὶ,
3246 4466 3341 4518 zeal
3378 4462 3548 4517 ταῦτα
3583 4463 3716 4532 ψευ-

2142 4562 2247 4627 δῶς
2283 4564 2649 4635 ὲπιφημίσῃς,
2684 4563 2718 4633 ἢ
2753 4562 2848 4616 zeal
2881 4562 2992 4615 τῶν
3024 4562 3124 4630 τῆς
3159 4559 3377 4617 συνόδου
3406 4559 3534 4613 τινί.
3576 4554 3714 4611 Ἀλλ’

2139 4659 2240 4709 οὐκ
2269 4656 2335 4710 ἂν
2362 4656 2532 4726 ἔχοις,
2558 4655 2773 4709 πολλῶν
2806 4671 2965 4708 τινων
2988 4654 3161 4706 ὄντων
3204 4654 3301 4706 zeal
3330 4650 3591 4718 γλωσσῶν
3620 4650 3714 4703 zeal

2144 4748 2366 4820 βιϐλίων
2403 4748 2511 4801 τῶν
2562 4745 3143 4818 προσμαρτυρούντων
3176 4746 3362 4806 αὐτοῖς
3391 4762 3451 4797 τε
3480 4746 3576 4797 zeal
3602 4743 3715 4804 τοῖς

2142 4841 2543 4913 προρρηθεῖσιν
2590 4839 2818 4902 ἐκείνοις
2844 4838 2904 4891 16
2934 4837 3159 4908 γνήσιον
3188 4838 3249 4890 τὸ
3283 4838 3420 4907 πρὸς
3448 4839 3575 4897 τοὺς
3622 4850 3713 4901 γεο

2140 4935 2500 5005 γεννηκότας.
2540 4933 2652 4986 Καὶ
2682 4931 2735 4983 τί
2764 4931 2872 5002 χρὴ
2898 4930 2967 4984 τά
2987 4930 3214 4984 τοιαῦτα
3245 4930 3374 5001 περὶ
3404 4928 3512 4981 τῶν
3541 4926 3711 4983 ἄλλων

2141 5029 2345 5096 λέγειν,
2371 5027 2508 5080 ὅπου
2539 5041 2600 5092 γε
2636 5023 2730 5077 zeal
2774 5024 3062 5093 Γρηγορᾶς
3094 5022 3253 5087 αὐτὸς
3290 5022 3371 5074 ἔτι
3402 5037 3460 5074 τε
3487 5018 3596 5071 τῶν
3628 5017 3715 5088 βε-

2142 5119 2252 5172 λῶν
2275 5119 2379 5185 ἔξω
2421 5116 2516 5171 τοῦ
2559 5115 2736 5170 δεινοῦ
2769 5115 2992 5184 φθόνου,
3021 5113 3118 5167 zeal
3149 5114 3248 5183 τῆς
3274 5111 3396 5165 καθ’
3422 5112 3580 5183 ἡμῶν
3610 5127 3712 5181 μα·-

2143 5212 2263 5274 νίας
2315 5210 2512 5273 ἑστὼς,
2560 5208 2655 5262 zeal
2701 5208 2941 5279 συνᾴδων
2974 5203 3045 5279 ἦν
3079 5206 3261 5270 καλῶς
3309 5208 3375 5277 τῇ
3423 5204 3712 5275 Ἐκκλησία

2143 5301 2381 5371 Χριστοῦ
2421 5302 2490 5354 τά
2520 5300 2768 5362 τοιαῦτα,
2812 5299 2907 5353 καὶ
2934 5300 3075 5353 κατά
3110 5299 3221 5352 τῶν
3251 5297 3543 5368 αίρετικῶν
3570 5296 3708 5365 ὑπὲρ

2141 5396 2253 5448 τῶν
2307 5393 2485 5447 αὐτῶν
2518 5409 2580 5446 τε
2611 5393 2703 5446 zeal
2734 5391 2877 5446 κατὰ
2922 5392 3033 5444 τῶν
3092 5390 3276 5445 αὐτῶν
3332 5388 3452 5461 μετ’
3499 5391 3709 5458 ἐκείνης

2148 5485 2458 5556 ἱστάμενος,
2489 5485 2585 5539 zeal
2616 5485 2743 5548 τοὺς
2777 5485 3101 5554 προμάχους
3145 5486 3250 5553 τῆς
3281 5482 3404 5537 κατ’
3433 5482 3708 5535 εὑσέδειαν

2145 5580 2406 5651 ἀληθείας
2426 5579 2632 5647 ταύτης
2662 5578 3033 5641 παντοδαποῖς
3060 5594 3200 5631 τισιν
3229 5577 3441 5631 ἀναδῶν
3470 5577 3578 5637 τοῖς
3603 5574 3712 5627 τῶν

2142 5675 2318 5742 λόγων
2343 5689 2402 5724 τε
2430 5673 2526 5725 zeal
2555 5672 2663 5724 τῶν
2697 5669 2994 5740 ἐγκωμίων
3024 5671 3346 5737 στεφάνοιςς
3390 5667 3710 5739 Ἀνδρονίκῳ

2145 5764 2442 5831 τοιγαροῦν
2491 5764 2570 5834 τῷ
2618 5765 2922 5835 θαυμαστῷ
2972 5764 3208 5832 βασιλεῖ,
3251 5765 3376 5832 άρτι
3426 5762 3542 5814 τότε
3580 5758 3714 5829 μετὰ

2140 5858 2265 5919 τοὺς
2297 5856 2436 5929 ὑπὲρ
2472 5857 2755 5921 εὐσεϐείας
2787 5858 3030 5926 ἀγῶνας,
3062 5857 3156 5911 καὶ
3182 5856 3281 5929 τὴν
3328 5856 3419 5909 τοῦ
3446 5848 3708 5925 Βαρλαὰμ
