4054 6452
193 380 302 444 929

928 380 1229 446 ΓΟΝΤΒΛ
1257 377 1681 441 GREGORAM
1732 377 2484 440 ANTIRRHETICOBUM
2519 381 2644 440 VII.

3351 381 3458 446 930

194 489 336 544 κατά
355 506 416 543 τε
459 487 638 558 φύσιν,
680 491 774 544 καὶ
815 491 1099 561 ἐνέργειαν
1130 493 1220 547 τὸν
1252 495 1415 548 αὐτὸν
1455 493 1595 549 εἶναι
1621 495 1776 558 διιξᾶι·
1805 497 1852 554 Α
1894 489 2244 550 Ἀναστὰσίος
2273 491 2302 542 ὁ
2343 489 2485 560 ἱερὸς
2519 489 2616 543 σὺν
2643 479 2792 562 αυτῳ
2818 493 3120 560 φθάσαντες
3149 488 3302 546 εἷπον
3333 495 3462 566 ἤδη.

196 579 328 643 ζων,
361 580 499 650 ὅπερ
547 580 695 634 ἐστὶν
739 580 910 645 ὅντως
941 583 1004 635 τὸ
1034 585 1393 639 ἀποστολικόν
1428 603 1489 638 τε
1526 586 1620 639 καὶ
1675 603 1777 639 πα·-

194 666 387 736 τρικὺν
440 668 718 738 φρόνημα,
777 670 913 725 ἀλλά
970 674 1064 725 καὶ
1123 673 1222 744 τὴν
1283 674 1437 728 θείαν
1489 677 1777 747 ἐνέργειαν

196 759 494 830 ἐπιχειρῶν
539 761 787 831 ἀναιρεῖν
838 763 1156 828 κάντεῦθεν,
1187 765 1264 828 ὠς
1313 766 1542 838 διπλόης
1580 786 1637 820 τε
1681 767 1776 821 καὶ¹

196 852 504 915 συνθέσεως
553 853 998 924 ἐνθεωρουμένης
1027 857 1104 926 τῷ
1137 858 1256 928 Θεῷ
1305 861 1484 928 δῆθεν,
1529 862 1577 913 εί
1605 861 1779 928 λέγοι-

200 961 302 1012 μεν
349 945 492 998 κατὰ
541 947 668 1009 τούς
703 947 1060 1011 διδασκάλους
1103 951 1202 1020 τῆς
1262 951 1503 1021 Χριστοῦ
1550 953 1780 1022 Ἐκκλη-

202 1036 344 1101 σίας,
377 1037 473 1088 καὶ
501 1039 788 1107 ἐνέργειαν
812 1041 957 1111 ἔχειν
1001 1043 1092 1094 τὸν
1114 1043 1246 1097 Θεὸν
1279 1046 1538 1117 φυσικὴν,
1567 1047 1666 1116 τῆς
1691 1047 1777 1099 οὐ-

203 1127 325 1190 σίας
377 1129 544 1183 αὐτοῦ
607 1130 976 1201 διαφέρουσαν
1015 1135 1431 1207 ὁπωσδήποτε,
1491 1137 1520 1190 ὃ
1571 1138 1635 1209 δὴ
1683 1140 1778 1193 καὶ

200 1219 409 1290 προῖὼν
447 1225 476 1274 6
502 1220 657 1290 λόγος
706 1224 856 1293 αὐτῷ
885 1227 1046 1290 δείξει
1095 1228 1454 1297 πλατύτερον.
1499 1230 1684 1291 Οὕτως
1716 1231 1777 1284 οὐ

199 1310 378 1378 μόνον·
399 1311 478 1373 είς
507 1312 709 1366 ἄτοπον
737 1316 916 1384 πάντη
965 1319 1057 1370 καὶ
1084 1318 1402 1388 ἀδιανόητον
1433 1321 1663 1390 τελευτᾷ
1711 1321 1780 1374 τὰ

195 1401 300 1470 τῆς
347 1405 544 1472 καινῆς
599 1406 883 1473 θεολογίας
931 1410 1008 1478 τῷ
1064 1413 1207 1479 κενῷ
1253 1415 1428 1484 τούτῳ
1476 1413 1776 1483 φιλοσόφῳ,

191 1494 335 1550 ἀλλὰ
371 1497 462 1550 καὶ
492 1499 630 1566 πρὸς
669 1501 928 1556 ἀσέϐειάν
957 1520 1018 1554 τε
1063 1505 1157 1557 καὶ
1195 1505 1446 1576 ἀθεῖανή
1496 1506 1780 1575 προθυμία

194 1587 382 1657 φέρει,
417 1586 512 1642 καὶ
538 1589 657 1644 οὐδέ
693 1594 1046 1663 παράδειγμα
1062 1595 1165 1665 τῆς
1194 1596 1426 1659 ἀτοπίας
1459 1614 1520 1649 τε
1553 1597 1647 1650 καὶ
1681 1597 1781 1667 τῆς

195 1685 491 1752 συμφορᾶς
524 1684 676 1738 ἐστιν
704 1687 888 1758 εὑρεῖν
923 1690 1201 1769 καθαρῶς.
1229 1692 1338 1745 Καὶ
1389 1691 1556 1762 βλέπε
1590 1694 1685 1748 καὶ
1712 1693 1782 1746 τά

192 1773 325 1840 ἑξῆς
354 1773 587 1830 ἐκείνου.

271 1866 654 1935 Προδέδεικται
683 1870 760 1936 δέ,
799 1875 956 1942 φησὶ,
1010 1874 1229 1939 πάντως
1260 1877 1412 1946 ἡμῖν,
1439 1877 1517 1939 ὡς
1553 1878 1644 1930 ἐπὶ
1675 1877 1776 1946 τῆς
1806 1871 1852 1930 Β
1880 1872 1990 1922 τὸν
2026 1870 2259 1937 Πατέρα
2281 1871 2562 1939 γινώσκει
2612 1889 2703 1938 τις
2745 1875 2800 1926 εἶ
2826 1874 2913 1940 μὴ
2962 1877 2996 1927 δ
3043 1876 3192 1939 Υἱός·
3235 1877 3327 1928 Διδ
3381 1877 3474 1929 καὶ
3585 1859 3596 1870 ’

190 1956 377 2022 ἁπλῆς
408 1962 504 2014 καὶ
557 1963 856 2033 ἀσωμάτου
906 1966 1123 2035 φύσεως
1159 1968 1252 2022 τὸν
1300 1969 1463 2024 αὐτὸν
1509 1972 1574 2041 τῇ
1620 1970 1780 2040 οὐσία

191 2048 357 2117 λόγον
395 2053 574 2107 εῖτουν
603 2054 728 2126 ὅρον
757 2057 1067 2128 ἐπιδέχεται
1099 2061 1131 2129 ή
1181 2062 1455 2132 ἐνέργεια.
1479 2063 1588 2116 Καὶ
1619 2065 1782 2116 αὖτε-

190 2143 422 2214 νέργεια
457 2148 595 2217 πρὸς
644 2150 753 2204 τῶν
805 2152 977 2219 ἁγίων
1013 2153 1282 2219 καλεῖται,
1310 2156 1439 2210 ὅταν
1487 2156 1626 2226 πρὸς
1681 2157 1779 2224 τὴν

190 2232 531 2302 ἐνεργοῦσαν
579 2236 806 2310 θεότητα
855 2241 956 2308 τὴν
1013 2245 1292 2315 ἀναφορὰν
1347 2245 1444 2317 ἔχῃ
1500 2245 1778 2316 τοῦνομα·

196 2324 380 2389 ἄλλως
406 2327 463 2382 δέ
501 2329 601 2384 οὐκ
640 2331 708 2386 ἂν
753 2333 925 2403 δήπου
951 2351 966 2367 ·
996 2335 1143 2390 δυοῖν
1185 2338 1294 2406 γὰρ
1348 2338 1570 2409 θάτερον
1606 2339 1784 2393 ἕποντ’

199 2415 274 2470 ἂν
298 2419 444 2488 ἑξῆς,
477 2421 509 2491 ἢ
542 2423 751 2493 κτίσμα
777 2423 938 2492 εἶναι,
968 2427 999 2499 ἢ
1035 2427 1110 2500 μὴ
1136 2429 1215 2482 δν.
1254 2431 1526 2502 Πρότερον
1553 2431 1652 2501 μὲν
1686 2428 1781 2486 οὖν

191 2509 301 2581 τὴν
328 2511 655 2584 ὐπερούσιον
688 2517 880 2572 οὐσίαν
913 2521 1008 2573 τοῦ
1050 2521 1196 2576 θείου
1240 2524 1576 2594 Πνεύματος,
1613 2525 1783 2595 αὐτὴν

190 2602 300 2674 τὴν
329 2607 516 2676 κοινὴν
543 2609 731 2665 οὐσίαν
759 2612 860 2682 τῆς
896 2614 1060 2683 ἁγίας
1089 2618 1319 2688 Τριάδος
1365 2622 1598 2674 ἐνοικεῖν
1627 2621 1784 2690 ἔλεγε
1810 2619 1830 2638 ⁸

185 2699 314 2758 τοῖς
363 2698 556 2765 ἀξίοις,
606 2705 702 2756 καὶ
747 2705 1018 2774 ἀγιάζειν,
1063 2708 1157 2763 καὶ
1214 2711 1496 2781 θεουργεῖν
1540 2713 1740 2778 αὐτούς
1766 2729 1784 2748 ο

185 2791 336 2844 ὅπου
388 2794 452 2863 δὴ
520 2796 658 2866 πρὸς
719 2800 833 2862 τοῖς
893 2800 1077 2865 ἄλλοις
1133 2803 1228 2857 καὶ
1288 2804 1360 2858 τὰ
1417 2806 1785 2863 Μασαλιανῶν

183 2883 440 2956 ἠλέγχθη
478 2889 669 2954 νοσῶν,
698 2891 851 2960 παρά
893 2893 992 2965 τῆς
1025 2896 1146 2950 κατ’
1182 2896 1409 2952 ἐκείνων
1445 2898 1607 2967 ἀγίας
1649 2915 1784 2953 συν-

185 2973 321 3026 όδου
377 2977 558 3046 φημί·
596 2978 693 3031 νῦν
733 2980 790 3035 δέ
831 2983 925 3036 καὶ
963 2987 1075 3050 τοῖς
1110 2987 1310 3042 ειδέναι
1338 2989 1441 3060 τὴν
1473 2989 1661 3044 οὐσίαν
1687 2991 1783 3045 τοῦ

90 3081 94 3084 ·
187 3066 340 3121 Θεοῦ
375 3071 544 3124 πάλαι
579 3075 766 3138 κακῶς
808 3076 1057 3132 εἰποῦσιν
1088 3079 1365 3151 ἀνομοίοις
1400 3083 1596 3152 ὁρᾶται
1656 3101 1784 3139 συν-

186 3161 470 3230 απαχθεὶς
503 3165 761 3232 κάκιστα,
790 3168 920 3233 τούς
966 3171 1097 3242 περὶ
1128 3173 1512 3245 ἀκαταλήπτου
1560 3175 1791 3240 πολλοὺς

191 3254 298 3308 καὶ
327 3255 527 3320 καλοὺς
579 3259 822 3324 ἐκείνους
849 3261 1040 3330 λόγους
1090 3265 1200 3318 τῶν
1251 3266 1467 3320 σεπτῶν
1518 3267 1786 3336 θεολόγων

195 3347 338 3414 παρ’
369 3347 522 3400 οὐδὲν
573 3349 822 3421 θέμενος,
865 3355 925 3409 ἐν
954 3349 1037 3418 οἷς
1087 3357 1150 3410 οὐ
1191 3359 1312 3422 ταῖς
1360 3358 1473 3412 ἀνω
1519 3360 1785 3431 δυνάμεσι

196 3444 393 3509 μόνον,
430 3443 523 3496 καὶ
551 3446 741 3511 αὐταῖς
776 3465 921 3520 φημι
949 3452 1070 3516 ταῖς
1103 3453 1320 3508 πάντων
1363 3455 1788 3526 ὐπερκειμέναις

195 3533 395 3597 τάξεσι
444 3538 760 3608 Χερουϐείμ
811 3559 869 3596 τε
921 3545 1016 3598 καὶ
1075 3546 1349 3617 Σεραφεὶμ
1407 3545 1504 3603 καὶ
1553 3549 1786 3618 θρόνοις,

195 3629 484 3698 ἄγνωστον
515 3648 574 3684 τε
615 3634 710 3687 καὶ
740 3636 978 3707 ἄρρητον
1024 3639 1241 3710 ἐκείνην
1292 3642 1472 3708 φασὶν,
1527 3641 1663 3696 ἀλλὰ
1697 3642 1790 3695 καὶ

195 3721 274 3774 τὰ
307 3722 547 3792 κρίματα
594 3729 690 3782 καὶ
713 3728 812 3791 τὰς
845 3728 999 3792 ὁδοὺς
1044 3731 1208 3784 αὐτοῦ
1248 3731 1646 3803 ἀνεξερεύνητα
1690 3731 1789 3786 σύν

201 3829 270 3882 γε
301 3814 379 3882 τῷ
419 3817 725 3890 Ἀποστόλῳ
761 3819 982 3890 λέγουσι
1010 3824 1105 3875 καὶ
1132 3823 1536 3894 ἀνεξιχνίαστα.

227 3957 235 3962 .
291 3907 351 3962 Ὅ
379 3908 432 3962 δὲ
465 3911 770 3981 Γρηγορᾶς,
823 3912 926 3980 φεῦ
961 3914 1060 3984 τῆς
1091 3913 1300 3986 πλάνης
1329 3915 1342 3969 ί
1389 3916 1491 3985 φεῦ
1541 3916 1646 3987 τῆς
1672 3935 1794 3973 και-

197 4003 305 4072 νῆς
345 4005 668 4073 συμφορᾶςῐ
722 4005 784 4058 οὐ
819 4006 981 4075 μόνον
1040 4007 1393 4078 καταληπτὴν
1434 4009 1605 4080 αὐτὴν
1653 4007 1794 4065 εἶναι

194 4095 306 4165 τὴν
345 4095 537 4151 οὐσίαν
565 4097 660 4150 τοῦ
691 4097 826 4151 Θεοῦ
874 4099 1096 4168 φάσκει,
1139 4100 1277 4154 ἀλλὰ
1310 4103 1402 4154 καὶ
1435 4103 1796 4174 πεπερασμέ-

197 4205 333 4258 νην,
368 4191 462 4242 καὶ
496 4190 609 4260 ὅρῳ
654 4195 1186 4264 περιγεγραμμένην
1236 4193 1442 4265 ταύτην
1494 4197 1649 4266 φησί.
1682 4197 1794 4268 Τὴν

201 4285 319 4352 γὰρ
351 4281 444 4336 τοῦ
474 4287 638 4356 σοφοῦ
670 4286 952 4340 Βασιλείου
980 4285 1137 4356 ῥῆσιν
1169 4288 1356 4350 κακῶς
1386 4286 1753 4359 ἐξηγούμενος
1775 4326 1793 4355 ,

203 4375 278 4446 ἢν
309 4376 514 4438 ἐκεῖνος
564 4375 702 4445 πρὸς
748 4376 1014 4446 Εὐνόμιον
1043 4376 1292 4446 γράφων,
1346 4372 1502 4430 εἶπεν
1547 4379 1640 4432 ἐπὶ
1697 4381 1795 4451 τῆς

195 4465 392 4536 ἁπλῆς
437 4467 532 4521 καὶ
578 4467 876 4540 ἀσωμάτου
916 4465 1164 4537 φύσεως,
1209 4469 1300 4523 τὸν
1344 4470 1508 4526 αὐτὸν
1534 4473 1599 4543 τῇ
1639 4473 1798 4543 οὐσίᾳ

1881 577 1987 631 Τοῦ
2015 577 2073 630 δὲ
2129 578 2286 644 λόγου
2321 581 2602 650 προϊόντος
2644 583 2779 652 ήμῖν
2810 580 2990 648 αὖθις,
3019 585 3114 638 καὶ
3161 584 3230 638 δι’
3259 587 3463 656 ἐτέρων

1883 670 2151 738 θεολόγων
2183 669 2448 733 ὡσαύτως
2483 670 2634 725 τοῦτ’
2664 673 2795 726 αὐτὸ
2832 673 3100 745 δείξομεν.
3143 676 3203 729 '0
3228 676 3286 730 δὲ
3320 678 3465 748 Γρη-

1837 824 1848 833 ·
1881 767 2051 834 γορᾶς
2081 765 2254 835 αὐτήν
2308 782 2440 836 φησι
2475 765 2574 836 τὴν
2603 767 2792 821 οὐσίαν
2840 768 3121 838 ὁρίζεσθαι
3162 770 3257 823 τοῦ
3300 772 3464 837 Θεοῦ,

1881 856 1979 909 οὐκ
2030 852 2149 908 οἶδα
2198 859 2350 925 παρὰ
2391 857 2534 921 τίνος
2571 860 2812 930 πονηροῦ
2867 861 3120 931 δαίμονος
3171 863 3463 934 διδαχθεὶς,

1881 947 2059 1000 καίτοι
2092 949 2215 1018 γεή
2266 951 2361 1003 τοῦ
2403 951 2723 1020 Πνεύματος
2775 953 2895 1022 ἱερά
2948 953 3197 1022 θεολογία
3239 957 3336 1026 τὴν
3368 957 3466 1026 τῆς

1881 1037 2114 1108 Τριάδος
2143 1042 2406 1111 ὑπερφυᾶ
2423 1041 2652 1110 κγνῶσιν
2687 1043 2826 1112 αὐτῇ
2860 1044 2994 1115 μόνῃ
3043 1045 3224 1098 δίδωσι
3249 1048 3315 1116 τῇ
3367 1063 3470 1116 μα-

1881 1134 2052 1204 καρίᾳ
2085 1135 2297 1205 Τριάδι,
2350 1137 2444 1188 καὶ
2483 1139 2642 1204 μόνα,
2693 1137 2850 1207 φησὶ,
2902 1137 3260 1204 γινώσκουσιν
3294 1140 3468 1192 ἐαυτά

1882 1243 1943 1279 τε
1972 1227 2066 1280 καὶ
2095 1214 2302 1296 ἀλληλα
2337 1226 2404 1281 τὰ
2433 1227 2702 1299 θεαρχικά
2750 1229 3042 1299 πρόσωπα.
3078 1230 3159 1283 Τὰ
3188 1230 3280 1283 τοῦ
3331 1229 3467 1283 Θεοῦ

1882 1319 2014 1389 γὰρ,
2049 1319 2202 1387 φησὶ,
2254 1319 2429 1380 οὐδεὶς
2459 1317 2618 1384 οἶδεν,
2645 1321 2694 1372 εί
2723 1321 2796 1390 μὴ
2829 1322 2888 1374 τὸ
2925 1322 3146 1391 Πνεῦμα
3172 1321 3266 1374 τοῦ
3309 1321 3467 1375 Θεοῦ.

1883 1411 1994 1463 Καὶ
2026 1411 2082 1461 τὴ
2116 1411 2341 1480 Πνεῦμα
2374 1410 2574 1476 πάντα,
2608 1415 2794 1483 φησὶν,
2842 1415 3060 1485 ἐρευνᾷ,
3098 1415 3190 1467 καὶ
3231 1415 3297 1467 τὰ
3330 1414 3470 1484 βάθη

1885 1501 1977 1554 τοῦ
2011 1501 2168 1554 Θεοῦ.
2467 1513 2469 1515 ’

1959 1593 2070 1647 Καὶ
2098 1597 2125 1646 6
2162 1595 2394 1663 Χριστὸς
2429 1595 2605 1659 αὖθις,
2637 1598 2842 1663 Καθὼς
2871 1598 3153 1667 γινώσκει
3186 1619 3262 1669 με
3291 1604 3324 1654 ὁ
3356 1605 3475 1656 Πα-

1883 1685 2017 1756 τὴρ,
2061 1686 2222 1754 κάγὼ
2285 1686 2560 1755 γινώσκω
2614 1689 2722 1741 τὸν
2784 1689 3052 1758 Πατέρα·
3110 1693 3224 1757 καὶ,
3260 1691 3474 1756 Οὐδείς

1885 1777 2169 1846 γινώσκει
2219 1778 2310 1844 τίς
2341 1779 2516 1831 ἐστιν
2543 1781 2576 1833 ὁ
2605 1779 2755 1845 Υἱὸς,
2784 1782 2837 1832 εί
2867 1780 2953 1848 μὴ
3001 1783 3034 1834 ό
3072 1780 3298 1849 Πατὴρ,
3329 1784 3476 1836 οὐδὲ

1893 1962 2028 2031 πρὸς
2062 1963 2150 2014 τὸν
2173 1963 2440 2016 Φίλιππον
2467 1964 2711 2031 είπόντα,
2747 1967 2942 2033 Κύριε,
2970 1965 3174 2030 δεῖξον
3199 1967 3476 2036 ἡμῖν-’τὸν

1889 2055 2147 2123 Πατέρα,
2181 2056 2278 2110 καί
2308 2056 2481 2122 ἀρκεῖ
2504 2057 2670 2126 ἡμῖν,
2713 2057 2774 2110 '0
2801 2058 3072 2126 ἑωρακὼς
3107 2060 3232 2129 ἐμὲ,
3258 2062 3473 2128 -φησὶν,

1893 2147 2117 2214 ἑώρακε
2169 2148 2279 2201 τὲν
2317 2151 2568 2216 Πατέρα.
2599 2151 2707 2203 Καὶ
2761 2152 2880 2213 πῶς
2923 2151 2987 2203 σύ
3027 2150 3235 2218 λέγεις,
3265 2152 3476 2215 Δεῖξον

1887 2241 2036 2311 ἡμῖν
2049 2243 2159 2296 τὸν
2173 2243 2406 2310 Πατέρα
2425 2261 2447 2308 ;
2469 2245 2649 2313 Ὅπερ
2665 2245 2692 2295 6
2715 2244 2853 2308 θεῖος
2876 2244 3236 2298 ἀναπτύσσων
3265 2246 3306 2298 Χ
3316 2245 3478 2316 ρυσό-

1895 2351 2097 2402 στομος
2128 2334 2202 2397 ὡς
2237 2337 2332 2390 καὶ
2367 2336 2502 2405 ἡμῖν
2542 2335 2644 2405 ἢδη
2683 2334 2902 2404 φθάσας
2931 2337 2959 2389 6
2987 2334 3143 2403 λόγος
3172 2335 3472 2399 ὑπέδειξεν,

1894 2426 2149 2496 Ἴδωμεν,
2184 2427 2338 2496 φησὶ,
2375 2428 2426 2480 τί
2456 2429 2483 2480 ὁ
2515 2428 2782 2491 Φίλιππος
2801 2429 2955 2496 ζητεῖ
2986 2427 3198 2497 μαθεῖν.
3231 2429 3372 2481 Αὐτὸ
3422 2427 3476 2480 τί

1901 2517 2032 2570 ποτέ
2058 2519 2209 2570 ἐστιν
2242 2519 2269 2570 6
2302 2517 2460 2579 Θεὸς,
2493 2517 2664 2585 αὐτὴν
2711 2517 2812 2586 τὴν
2840 2516 3030 2569 οὐσίαν
3060 2515 3154 2567 τοῦ
3192 2515 3349 2569 Θεοῦ.
3386 2515 3480 2568 Διὸ

1894 2609 1989 2662 καὶ
2018 2597 2119 2660 οὐκ
2165 2605 2326 2670 ἄλλος
2355 2607 2438 2682 τίς
2472 2609 2623 2660 ἐστιν
2656 2607 2779 2676 ὅρος
2809 2603 2969 2671 Θεοῦ,
3003 2603 3282 2674 φιλόσοφε,
3322 2606 3368 2656 εί
3403 2604 3480 2675 μὴ

1893 2703 1924 2755 6
1951 2701 2046 2754 τοῦ
2082 2701 2296 2771 Πατρὸς
2350 2687 2474 2770 ὅρος
2519 2699 2613 2751 καὶ
2669 2700 2841 2767 Λόγος
2893 2699 3035 2751 κατά
3084 2699 3181 2768 τὴν
3227 2697 3480 2767 θεολόγον

1897 2794 2103 2864 φωνὴν,
2146 2794 2180 2862 ή
2225 2792 2588 2854 ἐνυπόστατος
2624 2791 2716 2845 καὶ
2760 2791 2908 2854 ζῶσα
2960 2793 3122 2860 σοφία
3169 2793 3264 2846 καὶ
3314 2791 3480 2845 δύνα-

1900 2902 2013 2955 μις,
2045 2886 2078 2954 ἠ
2109 2881 2528 2953 ἀπαράλλακτος
2573 2881 2761 2944 είκὼν,
2817 2884 2842 2935 6
2875 2885 3173 2951 μονογενὴς
3224 2882 3349 2945 Tib;
3384 2881 3480 2934 τοῦ

1897 2974 2057 3030 Θεοῦ.
2086 2975 2146 3027 El
2175 2973 2232 3026 δέ
2287 2973 2486 3042 λέγοις,
2519 2974 2584 3027 Τί
2627 2970 2721 3027 οὖν
2767 2975 2916 3026 ἐστιν
2963 2973 3101 3044 ὅπερ
3137 2975 3166 3024 6
3223 2973 3481 3042 θεοφόρος

1898 3065 2034 3136 φησὶ
2067 3065 2368 3128 Βασίλειος,
2421 3067 2504 3118 ὅτι
2547 3065 2638 3118 τὸν
2686 3065 2848 3118 αὐτὸν
2888 3067 3196 3136 ἐπιδέχεται
3223 3068 3288 3137 τῇ
3321 3066 3481 3135 οὐσία

1893 3160 2115 3230 λόγονή
2155 3159 2450 3230 ἐνέργεια;
2508 3159 2568 3210 οὐ
2603 3157 2738 3226 πρὸς
2791 3158 3039 3228 ἀνάγκης
3085 3159 3218 3229 ἡμῖν
3267 3160 3382 3210 ἐστι
3418 3158 3483 3210 τὸ

1848 3259 1858 3280 '
1890 3253 1991 3316 τὰς
2023 3254 2120 3316 σὰς
2145 3252 2382 3319 ἀπορίας
2415 3250 2564 3304 λύειν
2599 3253 2694 3304 καὶ
2736 3252 2834 3314 τὰς
2870 3253 3174 3313 ἐνστάσεις.
3205 3250 3338 3303 Οὐδέ
3371 3251 3482 3322 γάρ

1889 3344 1963 3410 ὡς
1992 3344 2372 3418 μαθησόμενος
2391 3337 2524 3415 ἧκες
2549 3344 2698 3413 παρὰ
2727 3342 2825 3414 τὴν
2849 3343 3088 3414 Χριστοῦ
3129 3342 3478 3413 Ἐκκλησίαν,
3569 3407 3571 3412 τ

1888 3434 1926 3511 ἦ
1959 3439 2068 3507 γὰρ
2110 3437 2176 3492 ἂν
2225 3437 2320 3490 καὶ
2349 3436 2656 3507 ἐμάνθανες
2700 3436 2873 3498 οὕτως
2919 3437 3092 3504 ἧκων.
3129 3436 3244 3489 Νῦν
3277 3436 3349 3488 δὲ·
3382 3437 3482 3505 τὴν

1891 3529 2048 3594 τάξιν
2091 3529 2279 3593 κακῶς
2318 3529 2702 3600 ἀντιστρέψας,
2745 3529 2841 3582 καὶ
2874 3529 2996 3582 ἀντὶ
3039 3528 3283 3598 μαθητοῦ
3337 3530 3482 3582 διδά-

1893 3623 2088 3676 σκαλον
2139 3624 2232 3676 καὶ
2295 3621 2547 3688 θεολόγον
2598 3622 2794 3674 σαυτὸν
2853 3622 3239 3692 χειροτονήσας
3292 3623 3480 3687 αὐτὸς,

1895 3716 2097 3785 μᾶλλον
2129 3714 2185 3767 δέ
2228 3714 2339 3766 τῶν
2371 3713 2570 3767 κοινῶν
2602 3713 2942 3766 διδασκάλων
2990 3713 3090 3783 τῆς
3137 3713 3480 3782 Ἐκκλησῐας

1894 3811 1989 3863 καὶ
2011 3806 2280 3876 θεολόγων
2303 3806 2507 3860 ἄτοπον
2549 3805 2811 3876 ὑϐριστὴν
2839 3805 2932 3858 καὶ
2960 3807 3328 3878 συκοφάντην,
3358 3807 3482 3860 οὐδὲ

1892 3902 2083 3956 τούτου
2113 3918 2179 3970 γε
2205 3900 2496 3970 τυγχάνειν
2524 3899 2731 3962 δίκαιος
2759 3898 2824 3952 ἂν
2861 3899 3000 3969 εἴης.
3045 3899 3206 3969 Ἡμῖν
3239 3901 3284 3954 δ’
3317 3902 3487 3970 ἀρκέ-
3563 3952 3566 3956 ,

1898 4013 1984 4049 σει
2012 3994 2161 4050 τοῦτ’
2202 3993 2334 4048 αὐτὸ
2379 3993 2538 4065 μόνον
2579 3995 2888 4064 τοτήμερον
2920 3989 3084 4061 εἶναι,
3110 3994 3171 4046 τὸ
3204 3993 3281 4065 μὴ
3319 3994 3481 4064 μόνον

1898 4085 2343 4154 συκοφαντοῦντα
2387 4087 2484 4138 καλ⁵
2525 4085 2881 4154 ψευδόμενον,
2922 4084 3058 4138 ἀλλά
3093 4086 3186 4136 καὶ
3232 4084 3482 4156 βλασφη-

1901 4179 2110 4250 μοῦντά
2159 4195 2218 4231 σε
2277 4177 2375 4231 καὶ
2427 4176 2857 4248 παρανομοῦντα
2911 4177 3005 4230 καὶ
3060 4179 3189 4248 περὶ
3223 4179 3363 4232 αὐτά
3415 4177 3485 4232 τὰ

1899 4271 2154 4328 θειότατά
2204 4289 2264 4325 τε
2311 4273 2405 4325 καί⁵
2440 4271 2753 4341 ὑψηλότατα
2796 4271 3046 4342 φανερῶς
3091 4273 3484 4344 ἐξεληλέγχθαι

1899 4363 2200 4420 κάνταῦθα.
2260 4362 2364 4417 Σοῦ
2421 4364 2522 4433 μὲν
2572 4359 2668 4416 οὖν
2723 4364 2910 4417 εἵνεκα
2953 4364 3048 4417 καὶ
3093 4363 3189 4416 τοῦ
3247 4369 3388 4420 κατά
3423 4367 3485 4419 σὲ

1901 4460 2230 4530 πράγματος
2291 4457 2568 4527 οὐδαμῶς,
2617 4457 2727 4510 τῶν
2764 4458 2820 4511 δέ
2850 4475 2913 4526 γε
2953 4458 3159 4512 λοιπῶν
3188 4460 3351 4530 χάριν
3393 4459 3486 4514 τὸν

192 4565 368 4632 λόγον
427 4562 797 4632 ἐπιδέχεταιή
844 4563 1116 4632 ἐνέργεια,
1167 4564 1288 4616 ἀντὶ
1341 4564 1434 4616 τοῦ
1495 4564 1655 4634 λόγου
1704 4566 1794 4620 τδν
1830 4573 1872 4628 ι)
1901 4552 2209 4620 θεολογικὸν
2240 4549 2640 4619 ἀναπτύξωμεν
2670 4550 2846 4619 λόγον.
2876 4553 2983 4605 Καὶ
3013 4551 3104 4605 τὸν
3161 4553 3363 4605 σκοπὸν
3395 4556 3487 4608 καὶ

187 4660 334 4730 ὅρον
368 4657 679 4728 ἐνεθυμήθη
709 4657 967 4710 κάκιστα.
1013 4656 1118 4708 Τὸν
1141 4657 1302 4710 αὐτὸν
1331 4659 1423 4712 καὶ
1473 4657 1600 4728 γάρ,
1637 4661 1792 4729 φησὶ,

188 4755 269 4823 τῇ
302 4749 472 4822 οὐσίᾳ
518 4747 674 4818 λόγον
706 4751 880 4802 εἲτουν
925 4749 1053 4819 ὅρον
1099 4749 1405 4819 ἐπιδέχεται
1450 4751 1483 4821 ή
1520 4750 1790 4821 ἐνέργεια.

187 4845 326 4903 Καὶ
364 4844 536 4897 ταῦτα
563 4843 904 4912 τετόλμηκεν
935 4845 962 4895 6
988 4843 1085 4913 τὴν
1117 4843 1266 4896 θείαν
1297 4843 1577 4911 ἐνέργειαν
1605 4845 1799 4914 ἀρνού-

186 4953 376 5010 μενος
413 4936 724 5006 Γρηγορᾶς,
757 4933 841 4987 ἵνα
878 4934 953 5003 μὴ
1002 4933 1256 4986 σύνθεσιν
1293 4934 1384 4986 ἐπὶ
1413 4934 1546 4987 Θεοῦ
1575 4936 1667 4987 καὶ
1699 4952 1799 4988 πο-

181 5025 458 5091 λυθεῖαν,
489 5025 566 5088 ὡς
595 5025 760 5086 αὐτὸς
795 5025 978 5086 κακῶς
1003 5024 1196 5090 οἴεται,
1231 5025 1641 5096 κατασκευάσῃ,
1669 5025 1800 5096 ὡρι-

183 5120 420 5192 σμένην
456 5117 550 5170 καὶ
603 5116 1030 5188 πεπερασμένην
1081 5115 1174 5168 καὶ
1218 5115 1360 5186 λόγῳ
1413 5117 1797 5188 περιγραπτὴν

173 5215 311 5284 τὴν
338 5213 528 5266 οὐσίαν
575 5209 745 5264 εἰπὼν
791 5209 887 5262 τοῦ
928 5209 1085 5274 Θεοῦ,
1137 5211 1273 5278 ὅπερ
1308 5209 1520 5263 οὐδέπω
1567 5210 1660 5262 καὶ
1704 5209 1798 5263 νῦν

178 5307 393 5368 οὐδεὶς
426 5303 533 5357 τῶν
561 5303 857 5373 αίρετικῶν
889 5303 1220 5373 ἐνεθυμήθη,
1249 5303 1369 5356 οὐδὲ
1398 5302 1507 5371 γὰρ
1533 5303 1798 5374 ήκουσται

183 5402 461 5459 πώποτε.
497 5399 878 5468 Περιγραπτὸν
915 5398 1015 5468 μὲν
1064 5399 1170 5468 γὰρ
1209 5399 1257 5449 οἱ
1304 5396 1432 5468 περὶ
1462 5396 1550 5450 τὸν
1593 5397 1801 5465 Ὡριγέ-

180 5512 314 5566 νην
346 5494 524 5546 εἰπεῖν
555 5491 864 5561 ἐτόλμησαν
903 5491 995 5544 τὸν
1043 5489 1195 5554 Θεὸν,
1225 5489 1362 5544 ἀλλὰ
1403 5489 1546 5543 κατὰ
1577 5491 1675 5561 τὴν
1704 5490 1796 5543 δύο

178 5601 384 5655 ναμιν
411 5600 423 5612 ο
456 5583 556 5655 τὴν
598 5582 785 5635 οὐσίαν
815 5583 872 5636 δὲ
903 5580 1177 5650 οὐδαμῶς.
1225 5580 1334 5633 Καὶ
1358 5581 1392 5651 ή
1443 5580 1542 5649 μὲν
1568 5581 1800 5632 ἀποστο-

181 5677 344 5746 λική
372 5692 428 5728 τε
454 5677 544 5729 καὶ
566 5674 809 5746 πατρικὴ
842 5673 1089 5742 θεολογία
1110 5671 1200 5724 καὶ
1228 5675 1407 5726 πᾶσαν
1433 5672 1530 5742 τὴν
1560 5671 1799 5741 φυσικὴν

175 5771 448 5837 δύναμιν
480 5769 575 5822 καὶ
607 5768 706 5836 τὴν
741 5767 1024 5836 ἐνέργειαν
1059 5765 1151 5820 τοῦ
1192 5764 1327 5818 Θεοῦ
1378 5765 1629 5835 ἀόριστον
1659 5759 1798 5815 εἶναί

177 5877 405 5936 φησιν,
456 5862 483 5914 ὃ
520 5861 584 5932 δὴ
617 5861 709 5916 καὶ
737 5865 763 5914 6
806 5861 946 5925 θεῖος
990 5861 1399 5932 Χρυσόστομος,
1450 5859 1544 5912 καὶ
1585 5857 1650 5926 δὴ
1704 5857 1799 5910 καὶ

1897 4647 2060 4716 ἡμεῖς
2106 4644 2338 4698 καθόσον
2369 4637 2482 4697 οἷόν
2529 4659 2586 4696 τε
2626 4643 2766 4713 μετά
2827 4646 3064 4714 μικρὸν,
3105 4643 3199 4696 νῦν
3235 4645 3280 4698 δ’
3309 4646 3488 4710 ἐκεῖνο

1898 4736 2170 4806 πρότερον
2205 4734 2575 4806 ἐξετάσωμεν.

1981 4828 2108 4883 Ἐπὶ
2133 4827 2233 4897 τῆς
2268 4827 2451 4898 ἁπλῆς
2479 4827 2576 4882 καὶ
2610 4827 2912 4896 ἀσωμάτου
2941 4829 3157 4899 φύσεως
3194 4831 3286 4884 τὸν
3325 4832 3489 4886 αὐτὸν

1896 4923 1963 4992 τῇ
1993 4921 2154 4992 οὐσίᾳ
2201 4920 2360 4989 λόγον
2389 4921 2741 4991 ἐπιδέχεσθαι
2781 4922 2879 4993 τὴν
2924 4923 3206 4993 ἐνέργειαν
3252 4928 3490 4981 ἐνταῦθά

1900 5029 2062 5083 φησιν
2087 5015 2114 5067 6
2153 5013 2326 5083 μέγας
2362 5015 2661 5078 Βασίλειος.
2698 5013 2772 5067 Οὐ
2803 5015 2867 5086 δὴ
2901 5017 2992 5069 καὶ
3029 5019 3104 5087 μὴ
3136 5018 3317 5082 καλῶς
3352 5021 3489 5090 μηδέ

1899 5107 2045 5163 κατά
2068 5107 2161 5161 τὸν
2187 5106 2281 5161 τοῦ
2311 5108 2639 5163 διδασκάλου
2669 5090 2872 5163 σκοπὸν
2901 5111 3189 5184 Γρηγοράς
3215 5113 3482 5180 ἀκούσας,

1899 5199 2096 5254 ταύτόν
2147 5215 2200 5252 τι
2236 5200 2334 5254 καὶ
2382 5199 2698 5272 ἀδιάφορον,
2751 5203 2847 5255 καὶ
2895 5201 2953 5256 ἒν
2980 5204 3122 5259 κατὰ
3175 5205 3355 5260 πάντα
3388 5207 3486 5279 τὴν

1901 5293 2054 5347 θείαν
2093 5293 2286 5346 οὐσίαν
2320 5295 2415 5347 καὶ
2443 5294 2544 5363 τὴν
2579 5295 2865 5364 ἐνέργειαν
2883 5297 3127 5367 ἐνόμισιν
3155 5294 3317 5353 εἶναι·
3351 5301 3488 5370 μᾶλ-
3571 5294 3579 5304 ’

1900 5385 1991 5438 λον
2020 5385 2076 5436 δὲ
2106 5385 2278 5456 αὐτὴν
2309 5384 2406 5456 τὴν
2443 5386 2633 5440 οὐσίαν
2663 5389 2755 5441 τοῦ
2790 5388 2926 5441 Θεοῦ
2956 5389 3235 5443 καὶτοῦτο
3260 5392 3489 5445 κάκεῖνο

1901 5479 2180 5547 λέγεσθαι.
2217 5479 2440 5550 Πρῶτον
2472 5480 2574 5551 μὲν
2608 5477 2701 5535 οὖν
2729 5483 2789 5534 οὐ
2825 5481 3027 5552 ψευδὴς
3061 5482 3221 5552 μόνον
3257 5484 3286 5536 6
3307 5483 3490 5552 λόγος,

1902 5579 1998 5626 καὶ
2029 5573 2230 5637 παντὸς
2264 5573 2580 5642 θεολογικοῦ
2612 5575 2817 5627 σκοποῦ
2847 5591 2904 5627 τε
2932 5573 3028 5628 καὶ
3055 5574 3218 5643 λόγου
3247 5577 3492 5646 μακρὰν,

1903 5667 2038 5720 ἀλλά
2067 5667 2163 5720 καὶ
2192 5665 2392 5730 ἄτοπός
2428 5683 2511 5729 τις
2543 5669 2639 5728 καὶ
2669 5668 2910 5737 ἀμαθὴς,
2950 5667 3044 5721 καὶ
3081 5667 3327 5737 γλώττης
3369 5669 3494 5722 Ἐλ-

1903 5761 2131 5831 ληνικῆς
2169 5762 2378 5833 πόρρω.
2415 5761 2498 5812 Τὰ
2541 5762 2647 5828 γὰρ
2682 5761 2772 5813 τὸν
2805 5761 2968 5814 αὐτὸν
3013 5762 3377 5833 ἐπιδεχόμενα
3408 5761 3498 5815 λό-

1903 5871 1997 5923 γον
2036 5854 2135 5907 οὐκ
2175 5853 2241 5906 ἀν
2293 5853 2378 5924 εἴη
2430 5852 2562 5906 ποτέ
2614 5851 2673 5907 ἓν
2722 5854 2907 5908 καὶτὸ
2964 5856 3117 5926 αὐτὸ,
3153 5856 3499 5911 6116110526.-
