4054 6434
264 388 359 450 933
977 384 1280 446 CONTRA
1321 381 1743 444 GREGORAM
1778 375 2531 442 ANTIRRHETICORUM
2564 377 2697 443 VII.
3389 374 3494 440 936

261 502 512 563 ὡσαύτως
541 498 694 568 παρὰ
721 496 813 550 τοῦ
845 496 1120 568 θεολόγου,
1156 497 1250 552 καὶ
1277 496 1440 566 σοφοῦ
1472 496 1564 550 καὶ
1600 493 1813 566 φιλοσό-
1842 495 1886 552 Α
1912 490 2169 545 τοσοῦτον
2197 489 2586 560 ὁμολογοῦντες
2624 488 2804 558 μόνον,
2833 485 2915 540 ’ὅτι
2951 487 3050 540 οὐκ
3095 485 3210 540 ἔστι
3266 486 3326 541 τὸ
3352 488 3490 559 669:-

260 611 374 664 φου,
406 593 503 645 καὶ
533 589 796 661 θεοφόρου
837 590 1120 660 ῥηθέντες.
1683 601 1696 609 '
1926 598 2050 634 στον
2089 583 2230 634 κατὰ
2266 581 2365 651 τήν
2407 581 2568 648 φύσιν
2633 579 2848 649 ἐπινοίᾳ
2878 582 2984 632 τινὶ
3028 580 3292 650 ῥημάτων
3317 580 3493 651 διαληο

330 684 460 737 'E7:1
483 684 583 753 τῆς
609 683 810 753 ἁπλῆς,
845 683 1000 754 φησὶ,
1028 683 1123 736 καὶ
1147 682 1444 752 ἀσωμάτου
1490 681 1704 750 φύσεως
1729 680 1820 732 τὸν
1926 675 2142 744 φθῆναι.
2179 675 2251 727 Τὸ
2301 673 2410 743 γὰρ
2449 675 2524 744 μὴ
2577 673 2722 744 ἔχειν
2769 674 2896 744 ὅρον
2925 674 3026 744 τὴν
3064 673 3218 728 θείαν
3250 675 3476 742 μεγαλω

255 775 416 830 αὐτὸν
450 776 518 845 τῇ
557 773 715 844 οὐσίᾳ
764 773 923 838 λόγον
959 774 1270 844 ἐπιδέχεται
1305 774 1338 842 ή
1392 774 1666 842 ἐνέργεια.
1709 770 1819 824 Ka1
1927 764 2093 833 σύνην
2123 765 2158 834 ή
2199 767 2509 836 προφητεία
2547 764 2844 835 διαρρήδην
2871 764 3246 834 κηρύσσουσα,
3278 766 3359 819 ὅτι
3398 763 3498 832 τῆς

258 864 442 930 πάλιν,
497 863 748 934 Ἕτερος,
789 865 942 932 φησὶ,
971 861 1070 933 τῆς
1107 861 1296 924 οὐσίας
1325 865 1352 916 6
1381 861 1556 930 λόγος,
1586 861 1680 914 καὶ
1705 861 1822 914 ἓτε-
1929 855 2408 927 μεγαλοπρεπείας
2431 855 2531 925 τῆς
2560 854 2718 925 δόξης
2739 857 2836 925 τῆς
2869 856 3180 926 ἁγιωσύνης
3211 855 3377 909 αὐτοῦ
3401 857 3500 911 οὐκ

257 974 342 1028 ρος
374 955 486 1008 τῶν
507 954 639 1024 περὶ
668 950 840 1025 αὐτὴν
863 953 1171 1023 ὀνομάτων,
1203 954 1260 1021 ἐξ
1287 953 1572 1024 ἐνεργείας
1607 953 1751 1015 τινὸς
1785 953 1820 1022 ἢ
1926 948 2042 1001 ἐστι
2083 949 2277 1017 πέρας,
2301 949 2483 1019 φησίν.
2514 948 2576 1000 Εί
2602 946 2659 1000 δὲ
2695 948 2761 1000 τὰ
2798 950 2928 1019 περὶ
2959 949 3117 1003 αὐτὸν
3145 949 3500 1019 ἀπεράτωτα.
3526 981 3530 984 -

257 1047 428 1112 ἀξίας.
481 1044 805 1115 Συλλογίζου
848 1045 913 1116 δή
948 1044 1046 1097 καὶ
1093 1045 1240 1113 λέγε,
1289 1046 1407 1108 πῶς
1439 1043 1510 1098 τὰ
1554 1043 1692 1097 αὐτὰ
1730 1049 1826 1096 καί
1927 1038 2062 1090 πολύ
2093 1039 2296 1109 μᾶλλον
2317 1040 2438 1093 κατ’
2466 1039 2652 1094 οὐσίαν
2672 1041 2829 1105 αὐτὸς
2861 1041 2888 1094 6
2914 1045 2968 1093 τί
2999 1042 3127 1095 ποτέ
3155 1045 3299 1096 ἐστιν
3326 1044 3526 1095 οὐδενδι

253 1137 342 1190 τὸν
369 1135 534 1188 αὐτὸν
574 1135 886 1206 ἐπιδέχεται
916 1135 1094 1205 λόγον,
1135 1139 1229 1189 καὶ
1261 1136 1324 1188 οὑ
1352 1136 1444 1188 τὸν
1473 1133 1638 1188 αὐτόν
1667 1149 1682 1199 ;
1927 1129 2040 1202 ὅρῳ
2071 1130 2192 1184 κατ’
2242 1132 2394 1184 οὐδὲν
2427 1131 2595 1200 μέρος
2644 1133 3094 1203 διαλαμϐάνεται.
3147 1134 3206 1186 Ὅ
3237 1134 3295 1186 δέ
3339 1134 3502 1200 σοφὸς
3528 1128 3532 1132 ’

320 1225 499 1279 unus
517 1227 616 1294 μὲν
637 1226 924 1295 φιλόσοφος
940 1227 1029 1280 τὸν
1047 1225 1348 1296 ἐγκέφαλον
1361 1225 1480 1292 νῦν,
1496 1227 1651 1295 είπερ
1673 1223 1826 1290 ποτὲ,
1927 1222 2030 1291 τῆς
2059 1222 2180 1276 κατ’
2215 1223 2497 1276 εὐσέϐειαν
2526 1223 2784 1294 ἀληθείας
2830 1226 3174 1296 ὁμολογητὴς
3206 1226 3463 1295 Μάξιμος
3483 1266 3498 1289 ,

253 1319 350 1371 καὶ
381 1319 523 1388 πέρα
551 1316 647 1372 τοῦ
678 1318 942 1389 συνήθους
996 1319 1092 1374 καὶ
1124 1319 1244 1371 καθ’
1269 1317 1575 1389 ὑπερϐολὴν
1628 1318 1831 1370 διαοει-
1929 1313 2095 1380 Μίαν,
2132 1316 2290 1384 φησὶ,
2323 1315 2422 1384 τήν
2453 1315 2604 1368 θείαν
2645 1319 2927 1387 ἐνέργειαν
2963 1316 3056 1369 τοῦ
3096 1318 3335 1386 Χριστοῦ
3363 1319 3502 1370 κατᾶ

253 1413 522 1479 σθεὶς,καὶ
547 1413 851 1482 ίλιγγιάσας
873 1415 1008 1482 πρὸς
1028 1415 1127 1484 τὴν
1144 1413 1376 1484 ἀπορίαν
1395 1413 1487 1467 τοῦ
1505 1413 1688 1482 λόγου,
1707 1410 1828 1467 οὔτε
1929 1407 2057 1470 τοὺς
2074 1407 2250 1470 θείους
2272 1409 2522 1478 Πατέρας
2537 1409 2903 1480 ἐπιστάμεθα,
2934 1409 2992 1475 ἐξ
3035 1405 3101 1482 ἦς
3123 1410 3315 1464 πολλαὶ
3340 1410 3505 1473 θεῖαι.

251 1507 438 1575 λέγειν
471 1503 594 1558 οὐτε
643 1505 749 1576 μὴν
775 1509 994 1560 ἀκούειν
1039 1507 1362 1574 τοπαράπαν
1403 1507 1526 1576 ἔσχε
1558 1508 1627 1562 τά
1662 1510 1825 1561 ὄνταο
1932 1500 2030 1552 καὶ
2063 1503 2193 1570 μίαν
2227 1500 2326 1569 τήν
2353 1500 2728 1572 ἀνθρωπίνην,
2761 1503 2818 1568 ἐξ
2849 1498 2914 1572 ἦς
2943 1504 2996 1556 αἱ
3028 1503 3220 1556 πολλαὶ
3259 1503 3352 1556 καὶ
3384 1504 3506 1556 καθ’

251 1598 417 1664 ἡμεῖς
445 1597 500 1650 δὲ
548 1595 735 1649 τοῦτον
764 1597 1014 1665 ἀφέντες,
1059 1599 1179 1650 οὐδέ
1205 1599 1314 1668 γὰρ
1346 1598 1644 1675 ἀκοὺσετοαί
1672 1615 1826 1664 ποτε,
1932 1592 2079 1661 ἡμᾶς
2102 1591 2608 1662 ἀνθρώπιναιοΜίαν
2638 1596 2746 1663 γὰρ
2774 1593 2870 1664 τὴν
2897 1593 3049 1647 θείαν
3078 1595 3241 1648 αὑτοῦ
3260 1593 3335 1658 ὡς
3367 1593 3506 1647 Θεοῦ

251 1689 352 1741 καὶ
384 1687 481 1740 νῦν
515 1687 770 1756 μάλιστα,
801 1689 937 1758 πρὸς
971 1689 1098 1753 τοὺς
1123 1690 1344 1744 ἀκούειν
1375 1690 1709 1760 δυναμένους
1739 1690 1830 1743 τὸν
1935 1685 2058 1738 κατ’
2095 1684 2283 1738 οὐσίαν
2303 1685 2589 1754 ἐνέργειαν
2614 1685 2838 1753 οῐδαμεν
2859 1726 2874 1752 ,
2906 1687 2971 1755 ἢν
3005 1687 3098 1738 καὶ
3119 1688 3147 1738 6
3177 1686 3362 1755 Πατήρ
3392 1685 3506 1754 ἕχει

250 1777 415 1845 λόγον
445 1780 586 1832 κατὰ
614 1780 714 1848 τὴν
748 1780 1041 1850 ὑπόσχεσιν
1071 1781 1370 1851 τρέψομεν,
1411 1781 1504 1835 καὶ
1534 1782 1624 1834 τὸν
1654 1780 1832 1834 θεολο-
1863 1831 1905 1851 “
1933 1777 2074 1830 κατὰ
2096 1776 2278 1845 φύσιν,
2299 1779 2392 1830 καί⁵
2410 1777 2471 1828 τὸ
2492 1777 2647 1843 ἅγιον
2666 1775 2906 1846 Πνεῦμα,
2931 1772 3269 1848 ἐξῆς,εἷπον,
3299 1777 3354 1828 αί
3379 1779 3508 1829 πολ-

253 1869 413 1936 γικὸν
443 1869 852 1934 ἀναπτύξαντες
885 1869 1030 1939 νοῦν,
1065 1873 1165 1943 τὴν
1197 1873 1517 1943 συμφωνίαν
1542 1872 1652 1926 τῶν
1677 1875 1830 1944 είρησ
1864 1868 1906 1888 ⁵⁸
1933 1869 2045 1936 λαὶ,
2072 1872 2166 1924 καὶ
2197 1868 2580 1939 ἀναρίθμητοι,
2607 1868 2703 1921 καὶ
2733 1869 2873 1923 θεῖαι
2898 1869 3104 1939 κυρίως
3141 1868 3508 1938 προέρχονται

253 1961 460 2031 μένων,
483 1961 717 2016 καθόσον
738 1957 850 2016 οἷόν
877 1981 960 2028 τε,
985 1964 1080 2018 καὶ
1108 1963 1265 2025 αὖθις
1290 1964 1388 2019 σὺν
1407 1964 1527 2036 Θεῷ
1556 1965 1830 2035 δείξομεν,
1934 1962 2230 2032 ἐνέργειαι.
2265 1961 2322 2014 αί
2343 1960 2484 2014 κατά
2506 1962 2787 2031 πρόνοιαν,
2815 1961 2869 2013 αί
2891 1960 3031 2014 κατά
3049 1961 3251 2030 κρίσιν,
3285 1961 3342 2013 αί
3367 1961 3511 2014 κατὰ

254 2053 369 2106 Καὶ
395 2053 460 2124 δὴ
491 2053 712 2124 πρῶτον
735 2052 864 2124 περὶ
897 2053 994 2108 τοῦ
1039 2054 1256 2126 πρώτου
1286 2054 1558 2126 λέγωμεν.
1588 2057 1650 2111 Ol
1692 2057 1830 2126 ὅροι,
1936 2057 2184 2127 συνοχὴν,
2212 2056 2267 2109 αι
2293 2057 2436 2109 κατά
2461 2056 2675 2124 γένεσιν
2702 2057 2810 2111 τῶν
2839 2055 3010 2108 ὄντων
3040 2059 3136 2110 καὶ
3166 2056 3275 2127 πρό
3291 2059 3416 2124 δον,
3452 2056 3510 2110 αἱ

253 2143 404 2198 καθά
432 2147 528 2198 καὶ
577 2147 692 2206 τοῖς
755 2146 859 2209 ἔξω
918 2146 1066 2200 δοκεῖ
1112 2145 1404 2218 δήπουθεν,
1457 2148 1568 2201 τῶν
1611 2147 1834 2200 ὑποκει-
1935 2147 2076 2202 θεῖαι
2121 2150 2293 2202 πᾶσαι
2346 2150 2439 2203 καὶ
2480 2149 2743 2220 ἀόριστοι.
2775 2149 2997 2209 Τούτοις
3042 2150 3135 2202 καὶ
3171 2151 3198 2202 6
3250 2149 3510 2220 θεοφόρος

257 2238 440 2308 μένων
469 2236 654 2300 αὐτοῖς
681 2238 787 2289 εἰσι
803 2236 1093 2308 δηλωτικοὶ
1113 2237 1459 2308 πραγμάτων
1482 2235 1576 2292 καὶ
1596 2237 1830 2308 φύσεως,
1937 2242 2180 2313 συνᾴδων
2195 2242 2553 2312 Δαμασκηνὸς
2578 2239 2756 2295 τοιάδε
2787 2239 2920 2310 φησὶ
2947 2240 3220 2310 μελῳδῶν,
3249 2241 3344 2293 καὶ
3376 2241 3512 2312 πρὸς

254 2327 333 2391 ὡς
363 2329 456 2381 καὶ
481 2327 614 2382 αὐτὸ
645 2327 797 2398 δηλοί
819 2326 1079 2400 τοῦνομα.
1117 2329 1357 2402 Χωρίζει
1389 2329 1480 2384 καὶ
1517 2331 1624 2400 γάρ
1656 2331 1684 2383 6
1705 2331 1834 2400 ὅρος
1937 2333 2100 2386 αὐτὸν
2125 2333 2214 2385 τὸν
2246 2334 2524 2404 Δεσπότην
2567 2335 2693 2396 τοὺς
2727 2333 2888 2396 ίδίους
2920 2332 3112 2400 λόγους
3152 2332 3474 2402 ποιούμενος
3495 2349 3512 2365 ο

259 2424 323 2476 τδ
359 2425 593 2494 πρᾶγμα
628 2424 730 2494 τῆς
771 2426 879 2478 τῶν
912 2424 1088 2478 ἄλλων
1121 2423 1452 2492 κοινότητος,
1482 2423 1578 2478 καὶ
1606 2423 1694 2478 διά
1720 2424 1832 2478 τῶν
1937 2425 2067 2488 Θεὸς
2092 2423 2166 2477 ὣν
2193 2423 2468 2494 ἀληθινὸς,
2495 2424 2747 2496 Λαζάρου
2776 2425 2946 2494 ἔγνως
2990 2424 3090 2496 τήν
3119 2425 3401 2494 κοίμησιν.
3421 2427 3515 2479 καὶ

256 2514 537 2570 οὑσιωδῶν
562 2515 839 2587 διαφορῶν
869 2517 951 2578 εἰς
978 2514 1145 2569 ἐαυτὸ
1170 2515 1336 2568 οίονεὶ
1364 2513 1590 2583 συνάγει
1617 2515 1714 2566 καὶ
1738 2529 1835 2567 πε·
1939 2518 2144 2590 ταύτην
2187 2520 2297 2580 τοῖς
2331 2517 2605 2588 μαθηταῖς
2636 2519 2748 2581 τοῖς
2787 2520 2900 2582 σοῖς
2936 2518 3378 2588 προηγόρευσας,
3421 2537 3514 2570 πι-

259 2608 559 2680 ριγράφει⁸
606 2607 681 2671 ὥς
716 2609 848 2662 ὅταν
889 2607 1158 2677 λέγωμεν,
1213 2606 1387 2664 Οὐσία
1432 2606 1552 2660 ἐστὶ
1600 2606 1835 2676 πρᾶγμα
1940 2607 2254 2678 στούμενος,
2289 2608 2557 2675 Δέσποτα,
2588 2608 2688 2680 τῆς
2721 2607 2978 2680 θεότητός
3009 2626 3103 2664 σου
3135 2609 3236 2681 τήν
3267 2603 3518 2683 ἀόριστον

257 2698 667 2769 αὑθύπαρκτον,
686 2700 760 2770 μή
775 2699 1028 2770 δεόμενον
1049 2699 1234 2770 ἐτέρου
1254 2697 1390 2768 πρὸς
1414 2696 1696 2764 σύστασιν,
1719 2699 1835 2767 καὶ,
1939 2700 2244 2771 ἐνέργειαν.

261 2791 586 2863 ’ἀνθρωπός
627 2794 742 2845 ἐστι
784 2792 922 2856 ζῶον
949 2791 1187 2860 λογικὸν,
1214 2791 1431 2863 θνητὸν,
1470 2792 1562 2848 νοῦ
1598 2792 1692 2846 καὶ
1721 2793 1837 2845 ἐπι·
2008 2794 2120 2849 Καὶ
2152 2793 2362 2866 μακρὸν
2403 2792 2470 2849 ἃν
2502 2792 2590 2865 εἴη
2620 2793 2682 2848 τὸ
2713 2795 2812 2860 τὰς
2845 2795 3038 2865 φωνὰς
3059 2797 3170 2853 τῶν
3206 2797 3367 2867 ἱερῶν
3395 2797 3521 2852 θεο-

263 2885 483 2956 στήμης
511 2884 781 2950 δεκτικὸν,
809 2881 905 2938 καὶ
933 2884 1002 2938 τὰ
1024 2884 1381 2955 παραπλήσια
1409 2885 1641 2950 τούτοις,
1659 2885 1752 2938 ἐπι
1777 2901 1838 2938 τε
1939 2886 2114 2957 λόγων
2149 2886 2329 2950 πάσας
2359 2885 2455 2941 νῦν
2480 2887 2609 2956 ἑξῆς
2641 2888 2988 2958 καταλέγειν,
3020 2891 3077 2944 ἐν
3108 2885 3198 2954 αἶς
3232 2891 3294 2944 οὐ
3325 2889 3387 2944 τὸ
3415 2892 3520 2959 τῆς

261 2977 463 3030 οὐσιῶν
490 2977 586 3031 καὶ
606 2975 1034 3046 συμϐεϐηκότων
1059 2975 1418 3048 φημί.Ταῦτα
1447 2977 1557 3048 γὰρ
1581 2977 1692 3030 τῶν
1719 2993 1838 3032 κτι-
1941 2976 2401 3048 ὑπερουσιότητος
2430 2979 2594 3046 μόνον
2627 2978 2726 3048 τῆς
2765 2977 2918 3042 θείας
2949 2979 3227 3048 ἀόριστον,
3259 2979 3393 3034 ἀλλά
3421 2981 3522 3034 καὶ

264 3067 492 3134 σμάτων
518 3083 576 3120 τε
606 3068 699 3120 καὶ
726 3067 826 3136 τῆς
854 3066 988 3136 ὕλης
1021 3066 1148 3121 ίδια.
1182 3066 1314 3120 Θεὸν
1335 3067 1414 3131 δέ,
1441 3068 1522 3120 ὅτι
1554 3066 1654 3138 μέν
1691 3067 1839 3120 ἐστιν
1940 3068 2050 3122 τῶν
2080 3067 2327 3136 φυσικῶς
2354 3067 2524 3122 ὅντων
2557 3067 2688 3137 περὶ
2717 3069 2892 3138 αὐτὴν
2921 3068 3186 3134 ὡσαύτως
3219 3071 3522 3142 ἀνυμνοῦσί

263 3158 646 3231 ἐδιδάχθημεν,
673 3159 829 3212 τοῦτο
861 3159 967 3226 γὰρ
998 3161 1091 3211 καὶ
1119 3161 1152 3229 ή
1185 3159 1362 3224 κτίσις
1393 3157 1532 3227 όμοῦ
1571 3161 1720 3213 πᾶσα
1745 3159 1839 3214 καὶ
1867 3160 1917 3225 c
1942 3179 2002 3215 τε
2035 3160 2130 3213 καὶ
2166 3159 2529 3227 θεολογοῦσιν.
2573 3160 2715 3214 Ἀλλ’
2740 3163 2768 3214 6
2809 3162 3098 3232 Γρηγορᾶς
3125 3164 3239 3234 ὅρῳ
3297 3165 3396 3218 καὶ
3423 3181 3524 3218 κι-

265 3250 478 3319 σιγῶσα
505 3251 632 3322 βοᾷ·
655 3250 710 3303 τί
738 3249 798 3304 δέ
829 3250 1002 3317 έστιν,
1026 3249 1150 3304 οὐτε
1167 3269 1252 3311 τις
1284 3253 1458 3305 είπεϊν
1486 3250 1595 3305 τῶν
1628 3251 1844 3306 πάντων
1945 3251 2180 3323 ταλήψει
2215 3252 2306 3306 καί
2336 3255 2652 3324 περιγραφῇ
2685 3253 2751 3308 οὐ
2781 3253 2880 3326 τήν
2913 3255 3063 3308 θείαν
3094 3255 3380 3326 ἐνέργειαν
3420 3255 3525 3324 μό.

264 3343 624 3415 τετόλμηκεν,
657 3341 780 3395 οὐτε
823 3342 934 3413 μὴν
964 3331 1308 3415 ἐπιχειρήσει
1340 3345 1490 3409 ποτὲ,
1531 3343 1605 3414 μή
1631 3343 1721 3398 τὸν
1751 3345 1845 3413 ἐγ·
1945 3361 2055 3409 νον,
2091 3343 2228 3398 ἀλλά
2258 3345 2351 3398 καὶ
2383 3343 2482 3416 τήν
2509 3345 2660 3400 θείαν
2699 3346 2891 3400 οὐσίαν
2932 3348 3058 3400 ὅσον
3087 3347 3147 3401 τὸ
3177 3348 3303 3402 καθ’
3331 3348 3524 3402 ἑαυτὸν

265 3435 514 3505 κέφαλον
536 3435 633 3488 καὶ
653 3434 752 3498 τὰς
772 3435 972 3505 φρένας
995 3432 1316 3504 διαφθαρείς
1339 3446 1358 3462 ⁸
1380 3434 1496 3498 πῶς
1524 3436 1633 3506 γὰρ
1653 3439 1682 3490 6
1711 3435 1846 3507 μηδὲ
1949 3436 2264 3503 ὑποϐάλλει,
2301 3437 2481 3491 πᾶσαν
2513 3436 2650 3508 ὁμοῦ
2681 3438 3005 3508 διαγράφων
3035 3439 3224 3502 κακῶς
3260 3438 3362 3510 τὴν
3393 3441 3525 3508 περὶ

265 3529 368 3600 τῆς
391 3527 586 3581 ἐαυτοῦ
614 3526 792 3597 ψυχῆς
823 3526 916 3580 καὶ
944 3525 1041 3578 τοῦ
1065 3525 1158 3579 νοῦ
1189 3525 1282 3580 τὸν
1304 3527 1430 3596 ’όρον
1453 3525 1702 3596 ἀκριϐῶς
1728 3527 1849 3578 ἐπι·
1947 3529 2054 3582 τῶν
2081 3527 2342 3581 τοιούτων
2372 3527 2523 3597 ἱερὰν
2550 3527 2855 3596 θεολογίαν,
2885 3529 2982 3582 καὶ
3015 3528 3152 3599 μηδὲ
3187 3529 3340 3594 εἰδὼς
3367 3530 3404 3586 ἃ
3437 3531 3527 3584 λέ-

269 3622 584 3690 στάμενος;
623 3619 779 3672 Ἐπεὶ
818 3620 1002 3673 τοίνυν
1031 3619 1422 3688 ἀκατάληπτον
1459 3619 1592 3672 αὐτὸ
1621 3618 1680 3671 τὸ
1709 3616 1848 3672 καθ’
1947 3636 2056 3687 γει.
2108 3618 2230 3672 Τῶν
2277 3618 2387 3689 γὰρ
2430 3620 2776 3689 μαινομένων
2809 3620 2924 3673 ἐστὶ
2968 3623 3062 3674 καὶ
3096 3621 3527 3690 παραπαιόντων

267 3711 404 3766 αὐτὸ
425 3711 603 3776 Θείον,
631 3713 726 3764 καὶ
752 3709 1002 3781 ἀόριστόν
1042 3711 1160 3764 ἐστι
1205 3711 1344 3762 κατὰ
1377 3709 1559 3762 πᾶσαν
1598 3708 1848 3778 ἀνάγκην
1948 3711 2210 3783 ἄντικρυς
2241 3711 2302 3765 τό
2330 3729 2394 3782 γε
2424 3713 2554 3783 περὶ
2587 3712 2723 3768 Θεοῦ
2751 3712 2974 3768 τοιαῦτα
3008 3717 3252 3773 σκοπεῖν.

273 3802 414 3860 κατά
445 3805 543 3866 τὰς
562 3803 713 3866 θείας
743 3801 984 3872 Γραφὰς,
1020 3802 1116 3854 καὶ
1142 3800 1206 3872 δὴ
1243 3801 1338 3856 καὶ
1367 3801 1492 3863 τοὺς
1514 3799 1693 3854 αὐτῶν
1723 3800 1849 3869 ἐξη-
2033 3803 2188 3860 Ἐπεὶ
2215 3804 2272 3858 δέ
2295 3803 2358 3858 τὸ
2375 3805 2653 3876 ἀλλότριον
2671 3805 2760 3860 διά
2791 3821 2853 3876 γε
2884 3806 2992 3860 τῶν
3020 3807 3311 3878 Γραφικῶν
3339 3825 3398 3862 τε
3428 3810 3527 3864 καὶ
3595 3819 3610 3830 ’

273 3896 448 3964 γητάς
484 3911 544 3947 τε
576 3896 671 3950 καὶ
705 3893 1006 3963 θεολόγους.
1026 3894 1123 3948 Ἐκ
1150 3891 1206 3948 δὲ
1230 3893 1338 3947 τῶν
1354 3893 1483 3961 περὶ
1514 3891 1667 3958 αὐτὸ,
1703 3891 1849 3964 φημι
1949 3895 2276 3964 θεολογικῶν
2311 3894 2509 3966 φωνῶν
2539 3894 3046 3965 ἀπεσκευασάμεθα
3069 3934 3084 3960 ,
3117 3895 3252 3965 φέρε
3283 3897 3348 3949 τὸ
3389 3897 3527 3966 ήμέ-

269 3988 339 4059 δὴ
375 3989 481 4040 τῶν
511 3987 760 4057 φυσικῶν
787 3987 1096 4056 ἰδιωμάτων
1122 4003 1178 4040 τε
1207 3987 1302 4040 καὶ
1327 3985 1638 4056 ἐνεργειῶν,
1675 3984 1724 4038 εί
1754 3983 1848 4038 καὶ
1947 4004 2106 4057 τερον
2136 3985 2521 4056 ὑποδείξωμεν.
2559 3985 2781 4056 Ἐπειδὴ
2817 3987 2911 4039 καὶ
2971 3987 3082 4056 γὰρ
3133 3988 3165 4057 ή
3199 3985 3318 4041 θεία
3378 3989 3532 4059 ἐνέρ-

270 4078 481 4150 ληπτὸν
502 4079 610 4132 ἀπὸ
633 4077 856 4149 μέρους,
893 4077 1030 4131 ἀλλὰ
1055 4079 1150 4132 καὶ
1181 4076 1304 4130 κατ’
1327 4077 1467 4130 αὐτά
1483 4093 1625 4147 φημι
1651 4075 1845 4142 ταῦτα,
1949 4095 2076 4148 γεια
2109 4077 2224 4141 πῶς
2254 4078 2355 4148 μέν
2389 4079 2506 4131 ἐστι
2528 4080 2595 4148 τῇ
2618 4075 2736 4148 θείᾳ
2753 4078 2913 4149 οὐσίᾳ
2941 4077 3161 4146 ταυτὸν,
3191 4079 3306 4144 πῶς
3334 4080 3390 4134 δὲ
3409 4080 3532 4134 διάη

271 4173 371 4223 καὶ
411 4169 796 4236 ἀκατάληπτον
841 4169 938 4221 καὶ
959 4169 1234 4239 άοριστον.
1266 4165 1344 4223 Td
1372 4183 1437 4221 τε
1464 4168 1574 4238 γὰρ
1597 4168 1851 4236 κρίματα
1951 4187 2118 4240 φορον
2147 4169 2290 4224 κατὰ
2311 4168 2438 4231 τούς
2467 4169 2938 4240 προαποδοθέντας
2957 4171 3176 4238 λόγους,
3207 4171 3284 4241 τῷ
3310 4189 3370 4225 τε
3403 4188 3530 4226 συν-

275 4262 468 4317 αῠτοῦ
522 4260 799 4327 ἄϐυσσος
828 4259 1032 4328 πολλὴ
1096 4260 1238 4313 κατά
1267 4260 1362 4313 τὸν
1392 4259 1714 4329 Προφήτην,
1755 4259 1852 4314 καὶ
1951 4263 2114 4333 οδικῷ
2151 4279 2294 4333 φημι
2322 4261 2474 4333 τόμῳ
2526 4261 2622 4314 καὶ
2661 4262 2817 4331 ήμῖν,
2879 4261 2974 4315 καὶ
3033 4262 3110 4332 τῷ
3164 4263 3428 4333 ήνωμένῳ
3467 4264 3531 4316 τ’)

279 4355 425 4409 καθά
484 4371 618 4425 φησι
679 4353 892 4418 Παῦλος
942 4351 1276 4406 ἐπιστέλλων
1323 4352 1476 4416 αὖθις
1533 4353 1848 4424 Ῥωμαίοις,
1953 4353 2369 4426 διακεκριμένον
2391 4352 2452 4406 οὐ
2484 4352 2841 4422 προσίσταται
2877 4354 2978 4424 τῆς
3028 4353 3329 4422 θεολογίας,
3394 4356 3528 4425 μᾶλ-

279 4447 748 4515 Ἀνεξερεύνητα
776 4449 848 4499 τὰ
871 4446 1124 4516 κρίματα
1154 4445 1362 4512 αὑτοῦ,
1387 4445 1488 4499 καὶ
1507 4445 1851 4516 ἀνεξιχνία-
1882 4491 1927 4547 D
1953 4445 2044 4498 λον
2081 4445 2180 4516 μὲν
2206 4444 2298 4498 οῦν
2331 4443 2452 4499 οὐδὲ
2475 4443 2748 4513 θεολογεῖν
2781 4443 2928 4498 ἐστιν
2956 4446 3273 4510 ἀπταίστως
3318 4447 3411 4501 τὸν
3452 4449 3528 4520 μὴ

275 4553 416 4594 στοι
457 4541 517 4593 αι
549 4537 677 4592 ὁδοί
703 4535 912 4591 αὑτοῦ.
948 4531 1043 4599 Οἷς
1075 4535 1141 4606 δὴ
1179 4537 1274 4590 καὶ
1306 4538 1334 4589 6
1365 4537 1538 4606 μέγας
1568 4537 1850 4602 Βασίλειος
1882 4531 1924 4547 ⁸
1958 4535 2143 4599 καλῶς
2178 4536 2276 4590 καὶ
2303 4535 2625 4608 θεοπρεπῶς
2662 4537 2755 4590 καὶ
2789 4535 2950 4590 τοῦτο
2984 4539 3208 4592 κάκεῖνο
3241 4543 3384 4594 κατὰ
3403 4544 3531 4604 τοὺ..

273 4629 439 4694 αὖθις
470 4631 760 4701 ἑπόμενος,
787 4629 849 4682 Εἰ
872 4630 940 4682 τά
969 4628 1213 4697 κρίματα
1253 4629 1440 4696 αὐτοῦ,
1475 4630 1662 4700 φησὶν,
1689 4629 1857 4683 ἀϐυσ-
1959 4626 2193 4691 οἰκείους
2225 4627 2408 4681 αὐτῶν
2435 4628 2628 4697 λόγους
2658 4630 2787 4700 περὶ
2801 4625 2938 4685 Θεοῦ
3011 4629 3327 4696 δοξάζοντα,
3387 4635 3532 4687 καθὰ

276 4743 377 4788 σος
408 4724 601 4794 πολλὴ,
630 4722 812 4786 καθώς
845 4738 1009 4792 φησιν
1031 4723 1058 4773 6
1085 4721 1399 4791 Προφήτης,
1429 4723 1521 4775 καί
1549 4724 1605 4775 αἱ
1631 4724 1740 4777 66o“:
1762 4725 1858 4777 αὐο
1959 4719 2134 4790 δήκαὶ
2162 4718 2296 4773 αὐτὸ
2325 4718 2483 4774 τοῦτο
2517 4720 2606 4774 διὰ
2635 4719 2846 4774 πολλῶν
2877 4721 2980 4790 ήδη
3034 4722 3330 4788 δέδεικται,
3386 4724 3518 4776 είκό-

272 4815 378 4870 τοῦ
399 4813 1027 4886 ἀνεξιχνίαστοι,οὐκοῦν
1049 4814 1266 4876 πάντως
1296 4813 1392 4866 καὶ
1414 4813 1856 4886 ἀνεξερεύνητοι,
1959 4830 2067 4876 τως
2095 4814 2122 4866 6
2151 4814 2249 4884 τῆς
2282 4813 2566 4876 εὐσεϐείας
2592 4811 2935 4876 διδάσκαλος,
2955 4813 3232 4877 Βασίλειος
3262 4815 3290 4867 6
3324 4817 3496 4884 μέγας
3517 4857 3531 4880 ,

275 4910 429 4964 κατὰ
451 4909 542 4961 τὸν
587 4907 930 4973 Ἀπόστολον,
959 4905 1109 4974 πόσῳ
1136 4905 1334 4974 μᾶλλον
1357 4906 1538 4971 αὐτὸς,
1571 4899 1632 4960 οῦ
1654 4908 1712 4960 αί
1738 4911 1861 4978 κρίο
1963 4907 2130 4975 φημὶ,
2155 4905 2248 4958 νῦν
2275 4906 2374 4974 μὲν
2411 4905 2502 4958 τὸν
2527 4905 2691 4957 αὐτὸν
2720 4904 2878 4972 λόγον
2906 4905 3257 4976 ἐπιδέχεσθαι
3290 4909 3357 4976 τῇ
3414 4907 3533 4976 θείᾳ

278 5017 402 5064 σεις
430 5003 523 5054 καὶ
550 5001 607 5053 αί
656 4999 769 5054 ὁδοὶ
806 4996 1086 5063 τοιαῦται;
1140 4999 1248 5053 Καὶ
1274 4999 1336 5051 οὐ
1371 4997 1555 5068 θαῦμα
1593 5000 1642 5052 εί
1695 4999 1858 5062 αὐτὸς
1961 4999 2121 5068 οὐσίᾳ
2145 4997 2245 5065 τὴν
2273 4999 2510 5067 φυσικήν
2537 4998 2821 5065 ἐνέργειαν
2850 4997 3057 5068 ταύτης
3111 4998 3269 5068 φησι,
3324 4999 3381 5050 τὸ
3415 4997 3538 5051 θεοο

276 5097 310 5148 ὸ
346 5093 474 5155 Θεὸς
504 5091 764 5156 τοιοῦτος,
795 5092 929 5144 ὅπου
974 5105 1037 5158 γε
1071 5090 1139 5142 τά
1165 5089 1330 5142 αὑτοῦ
1363 5089 1610 5143 τοιαῦτα.
1962 5089 2190 5160 πρεπῶς
2225 5090 2506 5159 ἡνωμένον
2544 5092 2752 5144 τούτων
2789 5091 3080 5159 θεολογῶν,
3104 5091 3196 5143 καί
3231 5092 3442 5154 δεικνὺς
3467 5093 3543 5144 τά

360 5187 470 5239 Καὶ
495 5184 659 5238 πάλιν
685 5188 710 5237 6
732 5183 893 5248 αὐτός
919 5200 932 5214 ·
956 5183 1037 5236 Τὰ
1063 5182 1160 5252 μὲν
1189 5180 1280 5235 οὖν
1308 5183 1546 5251 ὀνόματα
1576 5182 1671 5235 τοῦ
1699 5183 1857 5249 ἀγίου
1961 5197 2021 5235 τε
2047 5181 2181 5235 ἀλλα
2215 5181 2310 5236 καὶ
2347 5182 2403 5235 τὸ
2433 5182 2692 5237 άκτιστον
2719 5183 2817 5236 καὶ
2854 5183 3130 5236 συναϊδιον
3177 5183 3272 5234 καὶ
3328 5183 3507 5252 ἀχὼρι

279 5275 606 5347 Πνεύματος
631 5275 856 5329 τοιαῦτα
901 5276 1177 5345 ὑπερφυῆ,
1212 5273 1475 5344 οὐμενουν
1512 5274 1705 5344 έχοντά
1739 5293 1860 5329 τινα
1965 5291 2090 5328 στον
2116 5276 2213 5345 τῆς
2244 5275 2391 5338 θείας
2422 5277 2705 5346 ἐνεργείας
2745 5275 2882 5348 πρὸς
2907 5275 3006 5346 τήν
3037 5276 3188 5329 θείαν
3211 5275 3370 5344 φύσιν
3397 5275 3516 5346 λαμ

279 5373 373 5434 είς
403 5369 561 5434 δόξαν
589 5367 897 5438 ὑπερϐολήν
923 5383 937 5398 ⁸
968 5367 1026 5420 αἱ
1057 5366 1112 5420 δέ
1144 5365 1415 5436 ἐνέργειαι
1447 5367 1588 5428 τίνες
1609 5382 1623 5431 ;
1647 5367 1858 5438 Ἀρρη-
1966 5364 2116 5434 πρῶς
2138 5405 2152 5427 ,
2183 5363 2280 5419 νῦν
2310 5364 2354 5416 6‘
2377 5362 2532 5428 αὖθις
2564 5366 2625 5418 οὐ
2653 5367 2746 5420 τὸν
2788 5367 2955 5421 αὐτόν
2984 5385 3118 5438 φησι
3166 5367 3322 5436 λόγον
3362 5370 3534 5422 ἐπιδέο

276 5479 373 5517 τοι
413 5461 511 5531 μὲν
560 5461 644 5514 διὰ
679 5462 739 5513 τὸ
787 5458 1036 5528 μέγεθος,
1096 5456 1523 5529 ἀνεξαρίθμητοι
1566 5457 1624 5511 δὲ
1675 5459 1760 5512 διὰ
1800 5461 1860 5512 τὸ
1963 5458 2155 5528 χεσθαι
2178 5462 2382 5529 ταύτην
2415 5459 2617 5532 ἐκείνῃ,
2641 5461 2701 5514 τὸ
2723 5461 3140 5532 διακεκριμένον
3162 5462 3376 5531 ἐκείνης
3402 5463 3544 5534 πρὸς

280 5553 520 5622 πλῆθος.
559 5554 618 5607 Ὀ
645 5552 704 5606 δὲ
734 5552 994 5623 θεηγόρος
1025 5551 1245 5619 Νύσσης
1271 5551 1403 5618 πρὸς
1433 5551 1696 5618 Εὐνόμιον
1727 5551 1864 5620 γρά-
1967 5551 2169 5621 ταύτην
2226 5552 2404 5620 σοφῶς
2425 5570 2485 5606 τε
2517 5557 2610 5607 καὶ
2648 5555 2978 5621 θεολογικῶς
3013 5556 3319 5624 ἐμφαίνων,
3380 5556 3542 5624 λόγον

280 5660 446 5713 φωνο
479 5645 541 5697 E!
566 5643 624 5697 δέ
649 5659 731 5705 τις
763 5642 1046 5712 ἀπαιτοίη,
1079 5642 1265 5712 φησὶν,
1296 5642 1441 5712 ἡμᾶς
1476 5643 1572 5712 τῆς
1606 5642 1755 5707 θείας
1780 5645 1865 5698 οὑ.
1966 5641 2199 5697 ἐνταῦθά
2228 5661 2287 5696 τε
2323 5647 2488 5698 κάκεῖ
2518 5646 2714 5714 λέγων,
2748 5648 2808 5700 οὐ
2843 5648 2933 5699 τὸν
2966 5649 3115 5719 ὅρον,
3147 5647 3222 5711 ὥς
3256 5667 3389 5719 φησι
3419 5652 3536 5704 :02:-

281 5737 415 5799 σίας
460 5736 759 5806 ἑρμηνείαν
789 5735 912 5788 τινὰ
953 5735 1046 5786 καὶ
1083 5733 1409 5804 ὑπογραφὴν
1439 5734 1531 5787 καὶ
1578 5731 1858 5805 ἐξήγησιν,
1975 5733 2158 5804 μήσας
2196 5735 2223 5786 ὀ
2264 5735 2573 5806 Γρηγορᾶς,
2615 5739 2796 5806 ἄπαγε
2827 5739 3364 5811 τῆς“βλασφημίαςί
3427 5744 3530 5795 ἀλλ

281 5826 526 5894 ἀμαθεῖς
550 5823 693 5882 εἶναι
723 5825 820 5895 τῆς
857 5823 1110 5894 τοιαύτης
1141 5824 1334 5892 σοφίας
1366 5826 1466 5879 οὐκ
1493 5825 1857 5896 ἀρνησόμεθα
1967 5823 2154 5888 ἁπλῶς
2187 5827 2252 5880 τὰ
2287 5828 2406 5882 κατ’
2439 5831 2791 5901 ἀμφοτέρων,
2823 5833 2923 5902 τῆς
2944 5851 3001 5887 τε
3064 5834 3282 5903 φύσεως
3340 5836 3542 5906 δηλαδὴ

2225 6097 2258 6127 ιζ
