  <div class='ocr_page' id='page_1' title='image "/cluster/home/n/w/nwhite01/storage/ocr_20150623/151:no.2/coo.31924054870567/477.png"; bbox 0 0 4054 6436; ppageno 0'>
   <div class='ocr_carea' id='block_1_1' title="bbox 610 332 725 401">
    <p class='ocr_par' dir='ltr' id='par_1_1' title="bbox 610 332 725 401">
     <span class='ocr_line' id='line_1_1' title="bbox 610 332 725 401; baseline 0.043 -5"><span class='ocrx_word' id='word_1_1' title='bbox 610 332 725 401; x_wconf 76' lang='lat'>935</span> 
     </span>
    </p>
   </div>
   <div class='ocr_carea' id='block_1_2' title="bbox 1646 320 2191 390">
    <p class='ocr_par' dir='ltr' id='par_1_2' title="bbox 1646 327 2191 390">
     <span class='ocr_line' id='line_1_2' title="bbox 1646 327 2191 390; baseline -0.004 -2"><span class='ocrx_word' id='word_1_2' title='bbox 1646 327 2077 390; x_wconf 77' lang='lat' dir='ltr'>PIIILOTHEI</span> <span class='ocrx_word' id='word_1_3' title='bbox 2115 327 2191 387; x_wconf 68' lang='lat' dir='ltr'>CF</span> 
     </span>
    </p>
   </div>
   <div class='ocr_carea' id='block_1_3' title="bbox 2290 320 3818 390">
    <p class='ocr_par' dir='ltr' id='par_1_3' title="bbox 2290 320 3818 388">
     <span class='ocr_line' id='line_1_3' title="bbox 2290 320 3818 388; baseline -0.001 -3"><span class='ocrx_word' id='word_1_4' title='bbox 2290 327 2551 388; x_wconf 76' lang='lat' dir='ltr'>PATRIA</span> <span class='ocrx_word' id='word_1_5' title='bbox 2566 326 2718 386; x_wconf 67' lang='lat' dir='ltr'>[{CH</span> <span class='ocrx_word' id='word_1_6' title='bbox 2732 326 2807 385; x_wconf 60' lang='grc' dir='ltr'>ιίΕη</span> <span class='ocrx_word' id='word_1_7' title='bbox 3738 320 3818 384; x_wconf 72' lang='grc' dir='ltr'>υόὁ</span> 
     </span>
    </p>
   </div>
   <div class='ocr_carea' id='block_1_4' title="bbox 610 436 3816 537">
    <p class='ocr_par' dir='ltr' id='par_1_4' title="bbox 610 436 3816 537">
     <span class='ocr_line' id='line_1_4' title="bbox 610 436 3816 537; baseline -0.004 -33"><span class='ocrx_word' id='word_1_8' title='bbox 610 449 711 504; x_wconf 77' lang='lat'><strong>1:01</strong></span> <span class='ocrx_word' id='word_1_9' title='bbox 739 449 839 518; x_wconf 83' lang='grc' dir='ltr'>τῆς</span> <span class='ocrx_word' id='word_1_10' title='bbox 871 447 1176 518; x_wconf 73' lang='grc' dir='ltr'>ἐνεργείας,</span> <span class='ocrx_word' id='word_1_11' title='bbox 1199 446 1497 517; x_wconf 87' lang='grc' dir='ltr'>λεγόμενα.</span> <span class='ocrx_word' id='word_1_12' title='bbox 1533 444 1643 500; x_wconf 83' lang='lat' dir='ltr'><strong>K01</strong></span> <span class='ocrx_word' id='word_1_13' title='bbox 1672 445 1782 513; x_wconf 85' lang='grc' dir='ltr'>γὰρ</span> <span class='ocrx_word' id='word_1_14' title='bbox 1843 443 2018 508; x_wconf 79' lang='grc' dir='ltr'>οὕτως</span> <span class='ocrx_word' id='word_1_15' title='bbox 2058 444 2194 516; x_wconf 78' lang='grc' dir='ltr'>εχει,</span> <span class='ocrx_word' id='word_1_16' title='bbox 2223 478 2276 537; x_wconf 67' lang='grc' dir='ltr'><strong>Δ</strong></span> <span class='ocrx_word' id='word_1_17' title='bbox 2300 442 2420 496; x_wconf 68' lang='grc' dir='ltr'>ἐστὶ</span> <span class='ocrx_word' id='word_1_18' title='bbox 2446 443 2505 498; x_wconf 80' lang='grc' dir='ltr'>τὸ</span> <span class='ocrx_word' id='word_1_19' title='bbox 2529 442 2588 498; x_wconf 79' lang='grc' dir='ltr'>ὃν</span> <span class='ocrx_word' id='word_1_20' title='bbox 2615 442 2794 496; x_wconf 82' lang='grc' dir='ltr'>ἐκεῖνο</span> <span class='ocrx_word' id='word_1_21' title='bbox 2821 438 3148 517; x_wconf 41' lang='grc' dir='ltr'>καὶ-ἀγαθὴν</span> <span class='ocrx_word' id='word_1_22' title='bbox 3176 436 3540 537; x_wconf 35' lang='grc' dir='ltr'>οὐδαιμῶςέδιὺ</span> <span class='ocrx_word' id='word_1_23' title='bbox 3564 437 3752 537; x_wconf 35' lang='grc' dir='ltr'>καὶιούκ</span> <span class='ocrx_word' id='word_1_24' title='bbox 3771 439 3816 491; x_wconf 73' lang='grc' dir='ltr'>δν</span> 
     </span>
    </p>
   </div>
   <div class='ocr_carea' id='block_1_5' title="bbox 613 625 2197 701">
    <p class='ocr_par' dir='ltr' id='par_1_5' title="bbox 613 625 2197 701">
     <span class='ocr_line' id='line_1_5' title="bbox 613 625 2197 701; baseline -0.004 -17"><span class='ocrx_word' id='word_1_25' title='bbox 613 630 750 684; x_wconf 96' lang='grc' dir='ltr'>Θεοῦ</span> <span class='ocrx_word' id='word_1_26' title='bbox 768 671 783 697; x_wconf 91' lang='grc'>,</span> <span class='ocrx_word' id='word_1_27' title='bbox 810 630 1147 698; x_wconf 82' lang='grc' dir='ltr'>τὸ-λέγεσθαί</span> <span class='ocrx_word' id='word_1_28' title='bbox 1176 646 1322 701; x_wconf 86' lang='grc' dir='ltr'>φημι</span> <span class='ocrx_word' id='word_1_29' title='bbox 1355 646 1424 681; x_wconf 93' lang='grc' dir='ltr'>πε</span> <span class='ocrx_word' id='word_1_30' title='bbox 1435 628 1488 698; x_wconf 87' lang='lat'>91</span> <span class='ocrx_word' id='word_1_31' title='bbox 1518 626 1683 682; x_wconf 86' lang='lat'><strong>06106</strong></span> <span class='ocrx_word' id='word_1_32' title='bbox 1707 626 1911 692; x_wconf 76' lang='grc' dir='ltr'>πολλὰ,</span> <span class='ocrx_word' id='word_1_33' title='bbox 1942 628 2039 680; x_wconf 88' lang='lat'><strong>1:01</strong></span> <span class='ocrx_word' id='word_1_34' title='bbox 2067 625 2197 679; x_wconf 81' lang='lat'><strong>1:01-</strong></span> 
     </span>
    </p>
   </div>
   <div class='ocr_carea' id='block_1_6' title="bbox 614 716 2195 791">
    <p class='ocr_par' dir='ltr' id='par_1_6' title="bbox 614 716 2195 791">
     <span class='ocr_line' id='line_1_6' title="bbox 614 716 2195 791; baseline -0.004 -16"><span class='ocrx_word' id='word_1_35' title='bbox 614 723 743 785; x_wconf 87' lang='grc' dir='ltr'>λούς</span> <span class='ocrx_word' id='word_1_36' title='bbox 783 739 938 786; x_wconf 83' lang='grc' dir='ltr'>τινας</span> <span class='ocrx_word' id='word_1_37' title='bbox 965 724 1062 776; x_wconf 88' lang='lat'><strong>1:01</strong></span> <span class='ocrx_word' id='word_1_38' title='bbox 1096 723 1392 791; x_wconf 72' lang='grc' dir='ltr'>διαφόρους</span> <span class='ocrx_word' id='word_1_39' title='bbox 1422 716 1566 773; x_wconf 79' lang='grc' dir='ltr'>εἶναι</span> <span class='ocrx_word' id='word_1_40' title='bbox 1597 721 1722 782; x_wconf 86' lang='grc' dir='ltr'>τοὺς</span> <span class='ocrx_word' id='word_1_41' title='bbox 1747 720 1877 788; x_wconf 70' lang='grc' dir='ltr'>περὶ</span> <span class='ocrx_word' id='word_1_42' title='bbox 1905 717 2072 772; x_wconf 90' lang='grc' dir='ltr'>αὐτοῦ</span> <span class='ocrx_word' id='word_1_43' title='bbox 2103 717 2195 770; x_wconf 91' lang='grc' dir='ltr'>λό-</span> 
     </span>
    </p>
   </div>
   <div class='ocr_carea' id='block_1_7' title="bbox 613 810 2196 885">
    <p class='ocr_par' dir='ltr' id='par_1_7' title="bbox 613 810 2196 885">
     <span class='ocr_line' id='line_1_7' title="bbox 613 810 2196 885; baseline -0.003 -18"><span class='ocrx_word' id='word_1_44' title='bbox 613 829 775 882; x_wconf 88' lang='grc' dir='ltr'>γους·</span> <span class='ocrx_word' id='word_1_45' title='bbox 809 815 935 885; x_wconf 77' lang='grc' dir='ltr'>ὅρον</span> <span class='ocrx_word' id='word_1_46' title='bbox 975 814 1031 867; x_wconf 80' lang='grc' dir='ltr'>δὲ</span> <span class='ocrx_word' id='word_1_47' title='bbox 1054 814 1335 883; x_wconf 85' lang='grc' dir='ltr'>οὐδαμῶς,</span> <span class='ocrx_word' id='word_1_48' title='bbox 1369 813 1452 864; x_wconf 76' lang='grc' dir='ltr'>ὅτι</span> <span class='ocrx_word' id='word_1_49' title='bbox 1479 828 1539 864; x_wconf 91' lang='grc' dir='ltr'>τε</span> <span class='ocrx_word' id='word_1_50' title='bbox 1563 811 1818 881; x_wconf 81' lang='grc' dir='ltr'>ἀόριστος</span> <span class='ocrx_word' id='word_1_51' title='bbox 1851 811 1880 862; x_wconf 91' lang='grc' dir='ltr'>ό</span> <span class='ocrx_word' id='word_1_52' title='bbox 1904 810 2037 872; x_wconf 79' lang='grc' dir='ltr'>Θεὸς</span> <span class='ocrx_word' id='word_1_53' title='bbox 2098 826 2196 863; x_wconf 86' lang='lat'><strong>1:0-</strong></span> 
     </span>
    </p>
   </div>
   <div class='ocr_carea' id='block_1_8' title="bbox 612 901 2195 974">
    <p class='ocr_par' dir='ltr' id='par_1_8' title="bbox 612 901 2195 974">
     <span class='ocr_line' id='line_1_8' title="bbox 612 901 2195 974; baseline -0.003 -17"><span class='ocrx_word' id='word_1_54' title='bbox 612 907 681 960; x_wconf 82' lang='grc' dir='ltr'>τά</span> <span class='ocrx_word' id='word_1_55' title='bbox 707 921 769 974; x_wconf 87' lang='grc' dir='ltr'>γε</span> <span class='ocrx_word' id='word_1_56' title='bbox 794 907 924 969; x_wconf 74' lang='grc' dir='ltr'>τοὺς</span> <span class='ocrx_word' id='word_1_57' title='bbox 950 905 1428 974; x_wconf 81' lang='grc' dir='ltr'>προαποδοθέντας</span> <span class='ocrx_word' id='word_1_58' title='bbox 1454 903 1672 970; x_wconf 79' lang='grc' dir='ltr'>λόγους,</span> <span class='ocrx_word' id='word_1_59' title='bbox 1701 903 1795 956; x_wconf 74' lang='grc' dir='ltr'>καὶ</span> <span class='ocrx_word' id='word_1_60' title='bbox 1817 902 1900 955; x_wconf 84' lang='grc' dir='ltr'>ὅτι</span> <span class='ocrx_word' id='word_1_61' title='bbox 1928 901 2195 955; x_wconf 84' lang='grc' dir='ltr'>ἀδύνατον</span> 
     </span>
    </p>
   </div>
   <div class='ocr_carea' id='block_1_9' title="bbox 613 989 2190 1064">
    <p class='ocr_par' dir='ltr' id='par_1_9' title="bbox 613 989 2190 1064">
     <span class='ocr_line' id='line_1_9' title="bbox 613 989 2190 1064; baseline -0.003 -18"><span class='ocrx_word' id='word_1_62' title='bbox 613 993 772 1064; x_wconf 84' lang='grc' dir='ltr'>ὅρους</span> <span class='ocrx_word' id='word_1_63' title='bbox 809 993 1043 1056; x_wconf 83' lang='grc' dir='ltr'>πολλοὺς</span> <span class='ocrx_word' id='word_1_64' title='bbox 1076 989 1217 1048; x_wconf 72' lang='grc' dir='ltr'>εἶναι</span> <span class='ocrx_word' id='word_1_65' title='bbox 1260 994 1382 1047; x_wconf 82' lang='grc' dir='ltr'>καθ’</span> <span class='ocrx_word' id='word_1_66' title='bbox 1415 992 1534 1056; x_wconf 87' lang='grc' dir='ltr'>ἐνός</span> <span class='ocrx_word' id='word_1_67' title='bbox 1588 1008 1649 1044; x_wconf 88' lang='grc' dir='ltr'>τε</span> <span class='ocrx_word' id='word_1_68' title='bbox 1690 990 1787 1044; x_wconf 88' lang='lat'><strong>1:01</strong></span> <span class='ocrx_word' id='word_1_69' title='bbox 1842 991 1938 1044; x_wconf 89' lang='lat'>106</span> <span class='ocrx_word' id='word_1_70' title='bbox 1994 991 2190 1056; x_wconf 86' lang='grc' dir='ltr'>αὐτοῦ,</span> 
     </span>
    </p>
   </div>
   <div class='ocr_carea' id='block_1_10' title="bbox 613 1085 2198 1155">
    <p class='ocr_par' dir='ltr' id='par_1_10' title="bbox 613 1085 2198 1155">
     <span class='ocr_line' id='line_1_10' title="bbox 613 1085 2198 1155; baseline -0.001 -17"><span class='ocrx_word' id='word_1_71' title='bbox 613 1085 732 1138; x_wconf 81' lang='grc' dir='ltr'>ἀλλ’</span> <span class='ocrx_word' id='word_1_72' title='bbox 763 1086 882 1151; x_wconf 75' lang='grc' dir='ltr'>ενα,</span> <span class='ocrx_word' id='word_1_73' title='bbox 917 1088 1012 1139; x_wconf 75' lang='grc' dir='ltr'>καὶ</span> <span class='ocrx_word' id='word_1_74' title='bbox 1034 1087 1224 1138; x_wconf 88' lang='grc' dir='ltr'>τοῦτον</span> <span class='ocrx_word' id='word_1_75' title='bbox 1255 1085 1564 1154; x_wconf 80' lang='grc' dir='ltr'>ὡρισμένον</span> <span class='ocrx_word' id='word_1_76' title='bbox 1593 1100 1653 1138; x_wconf 84' lang='grc' dir='ltr'>τε</span> <span class='ocrx_word' id='word_1_77' title='bbox 1683 1087 1779 1136; x_wconf 74' lang='grc' dir='ltr'>καὶ</span> <span class='ocrx_word' id='word_1_78' title='bbox 1810 1099 2198 1155; x_wconf 83' lang='grc' dir='ltr'>περιγεγραμ-</span> 
     </span>
    </p>
   </div>
   <div class='ocr_carea' id='block_1_11' title="bbox 616 1175 2196 1248">
    <p class='ocr_par' dir='ltr' id='par_1_11' title="bbox 616 1175 2196 1248">
     <span class='ocr_line' id='line_1_11' title="bbox 616 1175 2196 1248; baseline -0.001 -18"><span class='ocrx_word' id='word_1_79' title='bbox 616 1180 802 1247; x_wconf 85' lang='grc' dir='ltr'>μένον,</span> <span class='ocrx_word' id='word_1_80' title='bbox 827 1179 900 1242; x_wconf 86' lang='grc' dir='ltr'>ὡς</span> <span class='ocrx_word' id='word_1_81' title='bbox 938 1180 1076 1248; x_wconf 89' lang='grc' dir='ltr'>μήτε</span> <span class='ocrx_word' id='word_1_82' title='bbox 1108 1179 1427 1241; x_wconf 74' lang='grc' dir='ltr'>πλεονάζειν</span> <span class='ocrx_word' id='word_1_83' title='bbox 1480 1177 1608 1247; x_wconf 83' lang='grc' dir='ltr'>μήτ’</span> <span class='ocrx_word' id='word_1_84' title='bbox 1637 1176 1910 1229; x_wconf 75' lang='grc' dir='ltr'>ἐλλείπειν</span> <span class='ocrx_word' id='word_1_85' title='bbox 1960 1175 2038 1245; x_wconf 84' lang='grc' dir='ltr'>τῷ</span> <span class='ocrx_word' id='word_1_86' title='bbox 2096 1175 2196 1245; x_wconf 81' lang='grc' dir='ltr'>μέ-</span> 
     </span>
    </p>
   </div>
   <div class='ocr_carea' id='block_1_12' title="bbox 614 1267 2197 1339">
    <p class='ocr_par' dir='ltr' id='par_1_12' title="bbox 614 1267 2197 1339">
     <span class='ocr_line' id='line_1_12' title="bbox 614 1267 2197 1339; baseline 0 -18"><span class='ocrx_word' id='word_1_87' title='bbox 614 1287 726 1339; x_wconf 88' lang='grc' dir='ltr'>τρῳ</span> <span class='ocrx_word' id='word_1_88' title='bbox 758 1269 870 1322; x_wconf 89' lang='grc' dir='ltr'>τῶν</span> <span class='ocrx_word' id='word_1_89' title='bbox 907 1269 1210 1323; x_wconf 74' lang='grc' dir='ltr'>συλλαϐῶν.</span> <span class='ocrx_word' id='word_1_90' title='bbox 1248 1268 1412 1321; x_wconf 90' lang='grc' dir='ltr'>Ὅθεν</span> <span class='ocrx_word' id='word_1_91' title='bbox 1442 1269 1538 1322; x_wconf 80' lang='grc' dir='ltr'>καὶ</span> <span class='ocrx_word' id='word_1_92' title='bbox 1570 1267 1680 1320; x_wconf 89' lang='grc' dir='ltr'>τῶν</span> <span class='ocrx_word' id='word_1_93' title='bbox 1707 1268 1837 1337; x_wconf 76' lang='grc' dir='ltr'>περὶ</span> <span class='ocrx_word' id='word_1_94' title='bbox 1864 1267 2003 1320; x_wconf 89' lang='grc' dir='ltr'>Θεοῦ</span> <span class='ocrx_word' id='word_1_95' title='bbox 2037 1268 2197 1334; x_wconf 81' lang='grc' dir='ltr'>λεγο-</span> 
     </span>
    </p>
   </div>
   <div class='ocr_carea' id='block_1_13' title="bbox 618 1357 2192 1428">
    <p class='ocr_par' dir='ltr' id='par_1_13' title="bbox 618 1357 2192 1428">
     <span class='ocr_line' id='line_1_13' title="bbox 618 1357 2192 1428; baseline 0.001 -18"><span class='ocrx_word' id='word_1_96' title='bbox 618 1360 820 1427; x_wconf 85' lang='grc' dir='ltr'>μένων,</span> <span class='ocrx_word' id='word_1_97' title='bbox 865 1360 1007 1413; x_wconf 80' lang='grc' dir='ltr'>κατὰ</span> <span class='ocrx_word' id='word_1_98' title='bbox 1058 1360 1159 1421; x_wconf 83' lang='grc' dir='ltr'>τὰς</span> <span class='ocrx_word' id='word_1_99' title='bbox 1184 1360 1291 1411; x_wconf 87' lang='grc' dir='ltr'>τῶν</span> <span class='ocrx_word' id='word_1_100' title='bbox 1328 1357 1598 1425; x_wconf 88' lang='grc' dir='ltr'>θεολόγων</span> <span class='ocrx_word' id='word_1_101' title='bbox 1659 1360 1922 1427; x_wconf 85' lang='grc' dir='ltr'>Πατέρων</span> <span class='ocrx_word' id='word_1_102' title='bbox 1984 1359 2192 1428; x_wconf 79' lang='grc' dir='ltr'>φωνὰς,</span> 
     </span>
    </p>
   </div>
   <div class='ocr_carea' id='block_1_14' title="bbox 614 1448 2195 1520">
    <p class='ocr_par' dir='ltr' id='par_1_14' title="bbox 614 1448 2195 1520">
     <span class='ocr_line' id='line_1_14' title="bbox 614 1448 2195 1520; baseline 0 -19"><span class='ocrx_word' id='word_1_103' title='bbox 614 1451 684 1502; x_wconf 79' lang='grc' dir='ltr'>τὰ</span> <span class='ocrx_word' id='word_1_104' title='bbox 716 1449 817 1520; x_wconf 86' lang='grc' dir='ltr'>μὲν</span> <span class='ocrx_word' id='word_1_105' title='bbox 848 1450 901 1502; x_wconf 87' lang='grc' dir='ltr'>τί</span> <span class='ocrx_word' id='word_1_106' title='bbox 932 1452 1032 1503; x_wconf 88' lang='grc' dir='ltr'>οὐκ</span> <span class='ocrx_word' id='word_1_107' title='bbox 1064 1451 1217 1502; x_wconf 78' lang='grc' dir='ltr'>ἐστιν</span> <span class='ocrx_word' id='word_1_108' title='bbox 1241 1454 1267 1503; x_wconf 80' lang='grc' dir='ltr'>ό</span> <span class='ocrx_word' id='word_1_109' title='bbox 1289 1451 1422 1513; x_wconf 78' lang='grc' dir='ltr'>Θεὸς</span> <span class='ocrx_word' id='word_1_110' title='bbox 1486 1451 1654 1520; x_wconf 69' lang='grc' dir='ltr'>δηλοῖ,</span> <span class='ocrx_word' id='word_1_111' title='bbox 1709 1449 1783 1513; x_wconf 86' lang='grc' dir='ltr'>ὡς</span> <span class='ocrx_word' id='word_1_112' title='bbox 1811 1450 1872 1502; x_wconf 85' lang='lat'>10</span> <span class='ocrx_word' id='word_1_113' title='bbox 1937 1448 2195 1518; x_wconf 80' lang='grc' dir='ltr'>ἄναρχον,</span> 
     </span>
    </p>
   </div>
   <div class='ocr_carea' id='block_1_15' title="bbox 617 1539 2199 1612">
    <p class='ocr_par' dir='ltr' id='par_1_15' title="bbox 617 1539 2199 1612">
     <span class='ocr_line' id='line_1_15' title="bbox 617 1539 2199 1612; baseline -0.002 -17"><span class='ocrx_word' id='word_1_114' title='bbox 617 1543 716 1595; x_wconf 79' lang='lat'><strong>1:01</strong></span> <span class='ocrx_word' id='word_1_115' title='bbox 741 1541 1126 1612; x_wconf 83' lang='grc' dir='ltr'>ἀτελεύτητον,</span> <span class='ocrx_word' id='word_1_116' title='bbox 1181 1541 1278 1594; x_wconf 73' lang='grc' dir='ltr'>καὶ</span> <span class='ocrx_word' id='word_1_117' title='bbox 1328 1541 1625 1607; x_wconf 79' lang='grc' dir='ltr'>ἀθάνατον,</span> <span class='ocrx_word' id='word_1_118' title='bbox 1656 1542 1753 1593; x_wconf 80' lang='grc' dir='ltr'>καὶ</span> <span class='ocrx_word' id='word_1_119' title='bbox 1804 1540 2059 1610; x_wconf 78' lang='grc' dir='ltr'>ἄπειρον,</span> <span class='ocrx_word' id='word_1_120' title='bbox 2102 1539 2199 1593; x_wconf 86' lang='lat'><strong>1:01</strong></span> 
     </span>
    </p>
   </div>
   <div class='ocr_carea' id='block_1_16' title="bbox 617 1628 2196 1702">
    <p class='ocr_par' dir='ltr' id='par_1_16' title="bbox 617 1628 2196 1702">
     <span class='ocr_line' id='line_1_16' title="bbox 617 1628 2196 1702; baseline -0.002 -17"><span class='ocrx_word' id='word_1_121' title='bbox 617 1633 1057 1702; x_wconf 84' lang='grc' dir='ltr'>ἁπερίγραπτον,</span> <span class='ocrx_word' id='word_1_122' title='bbox 1098 1632 1191 1685; x_wconf 76' lang='lat'><strong>1:01</strong></span> <span class='ocrx_word' id='word_1_123' title='bbox 1223 1633 1290 1686; x_wconf 78' lang='grc' dir='ltr'>τὰ</span> <span class='ocrx_word' id='word_1_124' title='bbox 1330 1633 1693 1702; x_wconf 86' lang='grc' dir='ltr'>παραπλήσια</span> <span class='ocrx_word' id='word_1_125' title='bbox 1744 1630 1957 1694; x_wconf 83' lang='grc' dir='ltr'>τούτοις</span> <span class='ocrx_word' id='word_1_126' title='bbox 1984 1646 1996 1658; x_wconf 80' lang='grc'><strong><em>⁸</em></strong></span> <span class='ocrx_word' id='word_1_127' title='bbox 2022 1628 2084 1683; x_wconf 79' lang='grc' dir='ltr'>τὸ</span> <span class='ocrx_word' id='word_1_128' title='bbox 2136 1628 2196 1682; x_wconf 82' lang='grc' dir='ltr'>δὲ</span> 
     </span>
    </p>
   </div>
   <div class='ocr_carea' id='block_1_17' title="bbox 614 1720 2197 1794">
    <p class='ocr_par' dir='ltr' id='par_1_17' title="bbox 614 1720 2197 1794">
     <span class='ocr_line' id='line_1_17' title="bbox 614 1720 2197 1794; baseline -0.002 -18"><span class='ocrx_word' id='word_1_129' title='bbox 614 1724 674 1776; x_wconf 84' lang='lat'>10</span> <span class='ocrx_word' id='word_1_130' title='bbox 697 1723 749 1776; x_wconf 85' lang='grc' dir='ltr'>τί</span> <span class='ocrx_word' id='word_1_131' title='bbox 782 1725 879 1776; x_wconf 87' lang='grc' dir='ltr'>οὐκ</span> <span class='ocrx_word' id='word_1_132' title='bbox 915 1724 1063 1778; x_wconf 81' lang='grc' dir='ltr'>ἐστιν</span> <span class='ocrx_word' id='word_1_133' title='bbox 1088 1724 1212 1793; x_wconf 82' lang='grc' dir='ltr'>ὅρον</span> <span class='ocrx_word' id='word_1_134' title='bbox 1246 1723 1492 1793; x_wconf 80' lang='grc' dir='ltr'>νομίζειν</span> <span class='ocrx_word' id='word_1_135' title='bbox 1520 1724 1620 1794; x_wconf 78' lang='grc' dir='ltr'>τὴν</span> <span class='ocrx_word' id='word_1_136' title='bbox 1651 1721 1746 1775; x_wconf 89' lang='grc' dir='ltr'>τοῦ</span> <span class='ocrx_word' id='word_1_137' title='bbox 1767 1721 1842 1793; x_wconf 79' lang='grc' dir='ltr'>μὴ</span> <span class='ocrx_word' id='word_1_138' title='bbox 1869 1721 2019 1785; x_wconf 82' lang='grc' dir='ltr'>ὄντος</span> <span class='ocrx_word' id='word_1_139' title='bbox 2041 1720 2197 1774; x_wconf 82' lang='grc' dir='ltr'>ἀναί-</span> 
     </span>
    </p>
   </div>
   <div class='ocr_carea' id='block_1_18' title="bbox 488 521 3815 611">
    <p class='ocr_par' dir='ltr' id='par_1_18' title="bbox 488 521 3815 611">
     <span class='ocr_line' id='line_1_18' title="bbox 488 521 3815 611; baseline -0.003 -18"><span class='ocrx_word' id='word_1_140' title='bbox 488 590 505 606; x_wconf 71' lang='grc'>,</span> <span class='ocrx_word' id='word_1_141' title='bbox 616 541 713 594; x_wconf 85' lang='lat'><strong>1:01</strong></span> <span class='ocrx_word' id='word_1_142' title='bbox 751 538 911 592; x_wconf 85' lang='lat'><strong>10610</strong></span> <span class='ocrx_word' id='word_1_143' title='bbox 931 540 992 591; x_wconf 86' lang='lat'>10</span> <span class='ocrx_word' id='word_1_144' title='bbox 1035 541 1191 609; x_wconf 82' lang='grc' dir='ltr'>κοινῇ</span> <span class='ocrx_word' id='word_1_145' title='bbox 1252 541 1320 611; x_wconf 78' lang='grc' dir='ltr'>τῇ</span> <span class='ocrx_word' id='word_1_146' title='bbox 1382 536 1637 607; x_wconf 77' lang='grc' dir='ltr'>θεολογίᾳ</span> <span class='ocrx_word' id='word_1_147' title='bbox 1695 536 1892 590; x_wconf 81' lang='grc' dir='ltr'>δοκοῦν</span> <span class='ocrx_word' id='word_1_148' title='bbox 1923 536 2052 606; x_wconf 74' lang='grc' dir='ltr'>περὶ</span> <span class='ocrx_word' id='word_1_149' title='bbox 2100 535 2195 589; x_wconf 92' lang='grc' dir='ltr'>τοῦ</span> <span class='ocrx_word' id='word_1_150' title='bbox 2223 521 2276 537; x_wconf 57' lang='grc'>’⁸</span> <span class='ocrx_word' id='word_1_151' title='bbox 2300 536 2470 601; x_wconf 84' lang='grc' dir='ltr'>ἐστιν,</span> <span class='ocrx_word' id='word_1_152' title='bbox 2491 533 2614 587; x_wconf 88' lang='grc' dir='ltr'>οὐδέ</span> <span class='ocrx_word' id='word_1_153' title='bbox 2640 532 2865 601; x_wconf 74' lang='grc' dir='ltr'>ἀγαθὸν,</span> <span class='ocrx_word' id='word_1_154' title='bbox 2887 529 2960 594; x_wconf 82' lang='grc' dir='ltr'>ὡς</span> <span class='ocrx_word' id='word_1_155' title='bbox 2986 531 3126 600; x_wconf 77' lang='grc' dir='ltr'>ὑπὲρ</span> <span class='ocrx_word' id='word_1_156' title='bbox 3149 527 3323 582; x_wconf 86' lang='grc' dir='ltr'>ταῦτά</span> <span class='ocrx_word' id='word_1_157' title='bbox 3348 545 3409 597; x_wconf 87' lang='grc' dir='ltr'>γε</span> <span class='ocrx_word' id='word_1_158' title='bbox 3431 527 3507 582; x_wconf 82' lang='grc' dir='ltr'>δν.</span> <span class='ocrx_word' id='word_1_159' title='bbox 3546 528 3612 580; x_wconf 82' lang='lat' dir='ltr'><strong>T0</strong></span> <span class='ocrx_word' id='word_1_160' title='bbox 3632 527 3682 582; x_wconf 80' lang='grc' dir='ltr'>δὲ</span> <span class='ocrx_word' id='word_1_161' title='bbox 3704 521 3815 582; x_wconf 77' lang='grc' dir='ltr'>εἶναι</span> 
     </span>
    </p>
   </div>
   <div class='ocr_carea' id='block_1_19' title="bbox 2298 618 3813 695">
    <p class='ocr_par' dir='ltr' id='par_1_19' title="bbox 2298 618 3813 695">
     <span class='ocr_line' id='line_1_19' title="bbox 2298 618 3813 695; baseline -0.005 -17"><span class='ocrx_word' id='word_1_162' title='bbox 2298 626 2419 680; x_wconf 89' lang='grc' dir='ltr'>τόδε</span> <span class='ocrx_word' id='word_1_163' title='bbox 2444 643 2519 690; x_wconf 90' lang='grc' dir='ltr'>τι,</span> <span class='ocrx_word' id='word_1_164' title='bbox 2554 626 2652 681; x_wconf 88' lang='lat'><strong>1:01</strong></span> <span class='ocrx_word' id='word_1_165' title='bbox 2679 625 2753 695; x_wconf 74' lang='grc' dir='ltr'>μὴ</span> <span class='ocrx_word' id='word_1_166' title='bbox 2785 618 2952 688; x_wconf 71' lang='grc' dir='ltr'>εἶναι,</span> <span class='ocrx_word' id='word_1_167' title='bbox 2979 620 3097 684; x_wconf 87' lang='grc' dir='ltr'>πῶς</span> <span class='ocrx_word' id='word_1_168' title='bbox 3123 620 3188 675; x_wconf 81' lang='grc' dir='ltr'>ἄν</span> <span class='ocrx_word' id='word_1_169' title='bbox 3224 636 3351 674; x_wconf 88' lang='grc' dir='ltr'>ποτε</span> <span class='ocrx_word' id='word_1_170' title='bbox 3384 619 3538 688; x_wconf 81' lang='grc' dir='ltr'>φύσις</span> <span class='ocrx_word' id='word_1_171' title='bbox 3592 619 3688 687; x_wconf 74' lang='grc' dir='ltr'>εἴη,</span> <span class='ocrx_word' id='word_1_172' title='bbox 3738 623 3813 673; x_wconf 73' lang='grc' dir='ltr'>καὶ</span> 
     </span>
    </p>
   </div>
   <div class='ocr_carea' id='block_1_20' title="bbox 2298 710 3817 790">
    <p class='ocr_par' dir='ltr' id='par_1_20' title="bbox 2298 710 3817 790">
     <span class='ocr_line' id='line_1_20' title="bbox 2298 710 3817 790; baseline -0.005 -17"><span class='ocrx_word' id='word_1_173' title='bbox 2298 719 2435 773; x_wconf 88' lang='grc' dir='ltr'>Θεοῦ</span> <span class='ocrx_word' id='word_1_174' title='bbox 2470 719 2704 790; x_wconf 81' lang='grc' dir='ltr'>μάλιστα</span> <span class='ocrx_word' id='word_1_175' title='bbox 2740 736 2754 784; x_wconf 89' lang='grc'><strong>;</strong></span> <span class='ocrx_word' id='word_1_176' title='bbox 2791 716 2947 772; x_wconf 85' lang='grc' dir='ltr'>Οῦτω</span> <span class='ocrx_word' id='word_1_177' title='bbox 2973 714 3072 785; x_wconf 80' lang='grc' dir='ltr'>μὲν</span> <span class='ocrx_word' id='word_1_178' title='bbox 3100 712 3195 768; x_wconf 85' lang='lat' dir='ltr'><strong>06v</strong></span> <span class='ocrx_word' id='word_1_179' title='bbox 3228 715 3255 767; x_wconf 84' lang='grc' dir='ltr'>ὁ</span> <span class='ocrx_word' id='word_1_180' title='bbox 3286 713 3412 782; x_wconf 71' lang='grc' dir='ltr'>περὶ</span> <span class='ocrx_word' id='word_1_181' title='bbox 3439 710 3530 765; x_wconf 86' lang='grc' dir='ltr'>τοῦ</span> <span class='ocrx_word' id='word_1_182' title='bbox 3574 712 3716 780; x_wconf 82' lang='grc' dir='ltr'>λόγου</span> <span class='ocrx_word' id='word_1_183' title='bbox 3742 713 3817 765; x_wconf 86' lang='grc' dir='ltr'>τοῦ</span> 
     </span>
    </p>
   </div>
   <div class='ocr_carea' id='block_1_21' title="bbox 2297 800 3821 875">
    <p class='ocr_par' dir='ltr' id='par_1_21' title="bbox 2297 800 3821 875">
     <span class='ocr_line' id='line_1_21' title="bbox 2297 800 3821 875; baseline -0.005 -14"><span class='ocrx_word' id='word_1_184' title='bbox 2297 807 2625 863; x_wconf 72' lang='grc' dir='ltr'>διδασκάλου</span> <span class='ocrx_word' id='word_1_185' title='bbox 2649 807 2810 875; x_wconf 84' lang='grc' dir='ltr'>λόγος</span> <span class='ocrx_word' id='word_1_186' title='bbox 2848 803 3076 869; x_wconf 81' lang='grc' dir='ltr'>ἱκανῶς,</span> <span class='ocrx_word' id='word_1_187' title='bbox 3106 800 3287 873; x_wconf 77' lang='grc' dir='ltr'>οϊμαι,</span> <span class='ocrx_word' id='word_1_188' title='bbox 3313 801 3406 854; x_wconf 85' lang='lat'><strong>1:01</strong></span> <span class='ocrx_word' id='word_1_189' title='bbox 3437 803 3559 871; x_wconf 76' lang='grc' dir='ltr'>ἡμῖν</span> <span class='ocrx_word' id='word_1_190' title='bbox 3579 801 3821 870; x_wconf 72' lang='grc' dir='ltr'>δέδεικται,</span> 
     </span>
    </p>
   </div>
   <div class='ocr_carea' id='block_1_22' title="bbox 2298 893 3822 970">
    <p class='ocr_par' dir='ltr' id='par_1_22' title="bbox 2298 893 3822 970">
     <span class='ocr_line' id='line_1_22' title="bbox 2298 893 3822 970; baseline -0.007 -15"><span class='ocrx_word' id='word_1_191' title='bbox 2298 902 2375 965; x_wconf 79' lang='grc' dir='ltr'>ὡς</span> <span class='ocrx_word' id='word_1_192' title='bbox 2403 902 2523 970; x_wconf 77' lang='grc' dir='ltr'>οὐχὶ</span> <span class='ocrx_word' id='word_1_193' title='bbox 2552 899 2640 953; x_wconf 85' lang='grc' dir='ltr'>τὸν</span> <span class='ocrx_word' id='word_1_194' title='bbox 2678 902 2802 970; x_wconf 65' lang='grc' dir='ltr'>ὅρον</span> <span class='ocrx_word' id='word_1_195' title='bbox 2828 896 3185 966; x_wconf 82' lang='grc' dir='ltr'>ἐνθυμεῖσθαι</span> <span class='ocrx_word' id='word_1_196' title='bbox 3223 895 3322 959; x_wconf 82' lang='grc' dir='ltr'>δεῖ,</span> <span class='ocrx_word' id='word_1_197' title='bbox 3351 895 3439 948; x_wconf 60' lang='grc' dir='ltr'>τὴν</span> <span class='ocrx_word' id='word_1_198' title='bbox 3472 894 3617 959; x_wconf 86' lang='grc' dir='ltr'>λόγον</span> <span class='ocrx_word' id='word_1_199' title='bbox 3637 893 3822 946; x_wconf 79' lang='grc' dir='ltr'>ἀκούον-</span> 
     </span>
    </p>
   </div>
   <div class='ocr_carea' id='block_1_23' title="bbox 2297 985 3820 1060">
    <p class='ocr_par' dir='ltr' id='par_1_23' title="bbox 2297 985 3820 1060">
     <span class='ocr_line' id='line_1_23' title="bbox 2297 985 3820 1060; baseline -0.008 -12"><span class='ocrx_word' id='word_1_200' title='bbox 2297 1010 2420 1057; x_wconf 84' lang='grc' dir='ltr'>τας,</span> <span class='ocrx_word' id='word_1_201' title='bbox 2453 991 2569 1048; x_wconf 82' lang='grc' dir='ltr'>ἀλλ’</span> <span class='ocrx_word' id='word_1_202' title='bbox 2595 991 2782 1054; x_wconf 84' lang='grc' dir='ltr'>ἁπλῶς</span> <span class='ocrx_word' id='word_1_203' title='bbox 2814 992 2882 1044; x_wconf 73' lang='grc' dir='ltr'>τὰ</span> <span class='ocrx_word' id='word_1_204' title='bbox 2904 1007 2967 1042; x_wconf 88' lang='grc' dir='ltr'>πε</span> <span class='ocrx_word' id='word_1_205' title='bbox 2979 988 3031 1060; x_wconf 84' lang='lat'>91</span> <span class='ocrx_word' id='word_1_206' title='bbox 3054 986 3153 1056; x_wconf 75' lang='grc' dir='ltr'>τῆς</span> <span class='ocrx_word' id='word_1_207' title='bbox 3184 987 3390 1049; x_wconf 80' lang='grc' dir='ltr'>οὐσίας,</span> <span class='ocrx_word' id='word_1_208' title='bbox 3423 985 3454 1054; x_wconf 80' lang='grc' dir='ltr'>ἢ</span> <span class='ocrx_word' id='word_1_209' title='bbox 3480 988 3569 1055; x_wconf 83' lang='grc' dir='ltr'>τῆς</span> <span class='ocrx_word' id='word_1_210' title='bbox 3588 985 3820 1055; x_wconf 76' lang='grc' dir='ltr'>ἐνεργείας</span> 
     </span>
    </p>
   </div>
   <div class='ocr_carea' id='block_1_24' title="bbox 2299 1074 3824 1154">
    <p class='ocr_par' dir='ltr' id='par_1_24' title="bbox 2299 1074 3824 1154">
     <span class='ocr_line' id='line_1_24' title="bbox 2299 1074 3824 1154; baseline -0.01 -14"><span class='ocrx_word' id='word_1_211' title='bbox 2299 1086 2471 1154; x_wconf 77' lang='grc' dir='ltr'>αὐτῆς</span> <span class='ocrx_word' id='word_1_212' title='bbox 2495 1085 2793 1154; x_wconf 75' lang='grc' dir='ltr'>λεγόμενα.</span> <span class='ocrx_word' id='word_1_213' title='bbox 2814 1084 2906 1135; x_wconf 84' lang='grc' dir='ltr'>Δεῖ</span> <span class='ocrx_word' id='word_1_214' title='bbox 2932 1082 2985 1135; x_wconf 81' lang='grc' dir='ltr'>δέ</span> <span class='ocrx_word' id='word_1_215' title='bbox 3014 1080 3108 1134; x_wconf 83' lang='lat'><strong>1:01</strong></span> <span class='ocrx_word' id='word_1_216' title='bbox 3139 1078 3276 1148; x_wconf 85' lang='lat'><strong>1:90;</strong></span> <span class='ocrx_word' id='word_1_217' title='bbox 3291 1078 3352 1130; x_wconf 86' lang='lat'>10</span> <span class='ocrx_word' id='word_1_218' title='bbox 3375 1076 3618 1147; x_wconf 84' lang='grc' dir='ltr'>δεύτερον</span> <span class='ocrx_word' id='word_1_219' title='bbox 3640 1076 3733 1128; x_wconf 83' lang='grc' dir='ltr'>τῶν</span> <span class='ocrx_word' id='word_1_220' title='bbox 3752 1074 3824 1144; x_wconf 79' lang='grc' dir='ltr'>ζη-</span> 
     </span>
    </p>
   </div>
   <div class='ocr_carea' id='block_1_25' title="bbox 2296 1168 3823 1248">
    <p class='ocr_par' dir='ltr' id='par_1_25' title="bbox 2296 1168 3823 1248">
     <span class='ocr_line' id='line_1_25' title="bbox 2296 1168 3823 1248; baseline -0.007 -19"><span class='ocrx_word' id='word_1_221' title='bbox 2296 1178 2562 1248; x_wconf 83' lang='grc' dir='ltr'>τημάτων</span> <span class='ocrx_word' id='word_1_222' title='bbox 2586 1175 2763 1229; x_wconf 72' lang='grc' dir='ltr'>ἐλθεῖν</span> <span class='ocrx_word' id='word_1_223' title='bbox 2787 1175 2910 1245; x_wconf 74' lang='grc' dir='ltr'>ήδη,</span> <span class='ocrx_word' id='word_1_224' title='bbox 2939 1172 3037 1226; x_wconf 89' lang='lat'><strong>1:01</strong></span> <span class='ocrx_word' id='word_1_225' title='bbox 3059 1171 3256 1236; x_wconf 80' lang='grc' dir='ltr'>δεῖξαι,</span> <span class='ocrx_word' id='word_1_226' title='bbox 3293 1170 3408 1233; x_wconf 86' lang='grc' dir='ltr'>πῶς</span> <span class='ocrx_word' id='word_1_227' title='bbox 3451 1171 3543 1222; x_wconf 88' lang='lat'><strong>1:01</strong></span> <span class='ocrx_word' id='word_1_228' title='bbox 3578 1168 3660 1219; x_wconf 84' lang='lat' dir='ltr'><strong>10v</strong></span> <span class='ocrx_word' id='word_1_229' title='bbox 3695 1168 3823 1220; x_wconf 75' lang='grc' dir='ltr'>αὐτὸν</span> 
     </span>
    </p>
   </div>
   <div class='ocr_carea' id='block_1_26' title="bbox 2298 1258 3825 1337">
    <p class='ocr_par' dir='ltr' id='par_1_26' title="bbox 2298 1258 3825 1337">
     <span class='ocr_line' id='line_1_26' title="bbox 2298 1258 3825 1337; baseline -0.007 -17"><span class='ocrx_word' id='word_1_230' title='bbox 2298 1267 2456 1336; x_wconf 90' lang='grc' dir='ltr'>λόγον</span> <span class='ocrx_word' id='word_1_231' title='bbox 2484 1266 2793 1337; x_wconf 76' lang='grc' dir='ltr'>ἐπιδέχεται</span> <span class='ocrx_word' id='word_1_232' title='bbox 2818 1268 2885 1337; x_wconf 84' lang='grc' dir='ltr'>τῇ</span> <span class='ocrx_word' id='word_1_233' title='bbox 2927 1264 3086 1334; x_wconf 74' lang='grc' dir='ltr'>οὐσίᾳ</span> <span class='ocrx_word' id='word_1_234' title='bbox 3123 1265 3155 1332; x_wconf 81' lang='grc' dir='ltr'>ἡ</span> <span class='ocrx_word' id='word_1_235' title='bbox 3183 1261 3435 1332; x_wconf 79' lang='grc' dir='ltr'>ἐνέργεια</span> <span class='ocrx_word' id='word_1_236' title='bbox 3458 1261 3548 1312; x_wconf 70' lang='grc' dir='ltr'>ἐπὶ</span> <span class='ocrx_word' id='word_1_237' title='bbox 3573 1258 3729 1329; x_wconf 76' lang='grc' dir='ltr'>ἁπλῆς</span> <span class='ocrx_word' id='word_1_238' title='bbox 3752 1259 3825 1311; x_wconf 78' lang='grc' dir='ltr'>καὶ</span> 
     </span>
    </p>
   </div>
   <div class='ocr_carea' id='block_1_27' title="bbox 2302 1349 3823 1428">
    <p class='ocr_par' dir='ltr' id='par_1_27' title="bbox 2302 1349 3823 1428">
     <span class='ocr_line' id='line_1_27' title="bbox 2302 1349 3823 1428; baseline -0.008 -16"><span class='ocrx_word' id='word_1_239' title='bbox 2302 1359 2600 1428; x_wconf 85' lang='grc' dir='ltr'>ἀσωμάτου</span> <span class='ocrx_word' id='word_1_240' title='bbox 2637 1360 2875 1427; x_wconf 76' lang='grc' dir='ltr'>φύσεως,</span> <span class='ocrx_word' id='word_1_241' title='bbox 2903 1356 2997 1410; x_wconf 86' lang='lat'><strong>1:01</strong></span> <span class='ocrx_word' id='word_1_242' title='bbox 3027 1354 3182 1418; x_wconf 84' lang='lat'><strong>060:;</strong></span> <span class='ocrx_word' id='word_1_243' title='bbox 3211 1353 3270 1406; x_wconf 85' lang='grc' dir='ltr'>οὐ</span> <span class='ocrx_word' id='word_1_244' title='bbox 3313 1353 3404 1405; x_wconf 85' lang='lat' dir='ltr'><strong>10v</strong></span> <span class='ocrx_word' id='word_1_245' title='bbox 3453 1352 3625 1415; x_wconf 83' lang='lat' dir='ltr'><strong>0610v,</strong></span> <span class='ocrx_word' id='word_1_246' title='bbox 3681 1349 3823 1401; x_wconf 88' lang='grc' dir='ltr'>καίτοι</span> 
     </span>
    </p>
   </div>
   <div class='ocr_carea' id='block_1_28' title="bbox 2299 1442 3821 1519">
    <p class='ocr_par' dir='ltr' id='par_1_28' title="bbox 2299 1442 3821 1519">
     <span class='ocr_line' id='line_1_28' title="bbox 2299 1442 3821 1519; baseline -0.005 -19"><span class='ocrx_word' id='word_1_247' title='bbox 2299 1466 2363 1517; x_wconf 91' lang='grc' dir='ltr'>γε</span> <span class='ocrx_word' id='word_1_248' title='bbox 2396 1452 2490 1503; x_wconf 76' lang='grc' dir='ltr'>καὶ</span> <span class='ocrx_word' id='word_1_249' title='bbox 2519 1449 2681 1502; x_wconf 92' lang='grc' dir='ltr'>τοῦτο</span> <span class='ocrx_word' id='word_1_250' title='bbox 2701 1448 3211 1519; x_wconf 83' lang='grc' dir='ltr'>προαποδέδεικται.</span> <span class='ocrx_word' id='word_1_251' title='bbox 3249 1443 3408 1496; x_wconf 79' lang='grc' dir='ltr'>Ἀλλὰ</span> <span class='ocrx_word' id='word_1_252' title='bbox 3468 1445 3556 1497; x_wconf 72' lang='grc' dir='ltr'>καὶ</span> <span class='ocrx_word' id='word_1_253' title='bbox 3584 1442 3721 1504; x_wconf 75' lang='grc' dir='ltr'>αὖθις</span> <span class='ocrx_word' id='word_1_254' title='bbox 3747 1457 3821 1493; x_wconf 83' lang='grc' dir='ltr'>σα·</span> 
     </span>
    </p>
   </div>
   <div class='ocr_carea' id='block_1_29' title="bbox 2301 1540 3010 1611">
    <p class='ocr_par' dir='ltr' id='par_1_29' title="bbox 2301 1540 3010 1611">
     <span class='ocr_line' id='line_1_29' title="bbox 2301 1540 3010 1611; baseline 0.006 -21"><span class='ocrx_word' id='word_1_255' title='bbox 2301 1540 2529 1609; x_wconf 79' lang='grc' dir='ltr'>φηνείας</span> <span class='ocrx_word' id='word_1_256' title='bbox 2560 1541 2721 1611; x_wconf 78' lang='grc' dir='ltr'>χάριν</span> <span class='ocrx_word' id='word_1_257' title='bbox 2746 1541 3010 1611; x_wconf 80' lang='grc' dir='ltr'>εἰρήσθω.</span> 
     </span>
    </p>
   </div>
   <div class='ocr_carea' id='block_1_30' title="bbox 2372 1626 3819 1705">
    <p class='ocr_par' dir='ltr' id='par_1_30' title="bbox 2372 1626 3819 1705">
     <span class='ocr_line' id='line_1_30' title="bbox 2372 1626 3819 1705; baseline 0.003 -22"><span class='ocrx_word' id='word_1_258' title='bbox 2372 1628 2495 1690; x_wconf 81' lang='grc' dir='ltr'>Ἵνα</span> <span class='ocrx_word' id='word_1_259' title='bbox 2517 1632 2572 1685; x_wconf 81' lang='grc' dir='ltr'>δὲ</span> <span class='ocrx_word' id='word_1_260' title='bbox 2608 1632 2703 1683; x_wconf 77' lang='grc' dir='ltr'>καὶ</span> <span class='ocrx_word' id='word_1_261' title='bbox 2740 1635 3074 1704; x_wconf 78' lang='grc' dir='ltr'>σαφέστερος</span> <span class='ocrx_word' id='word_1_262' title='bbox 3106 1637 3239 1705; x_wconf 75' lang='grc' dir='ltr'>ἡμῖν</span> <span class='ocrx_word' id='word_1_263' title='bbox 3269 1637 3296 1688; x_wconf 88' lang='grc' dir='ltr'>ό</span> <span class='ocrx_word' id='word_1_264' title='bbox 3322 1633 3450 1704; x_wconf 79' lang='grc' dir='ltr'>περὶ</span> <span class='ocrx_word' id='word_1_265' title='bbox 3469 1630 3646 1685; x_wconf 88' lang='grc' dir='ltr'>τούτου</span> <span class='ocrx_word' id='word_1_266' title='bbox 3695 1626 3819 1694; x_wconf 71' lang='grc' dir='ltr'>λόγος</span> 
     </span>
    </p>
   </div>
   <div class='ocr_carea' id='block_1_31' title="bbox 2299 1714 3821 1799">
    <p class='ocr_par' dir='ltr' id='par_1_31' title="bbox 2299 1714 3821 1799">
     <span class='ocr_line' id='line_1_31' title="bbox 2299 1714 3821 1799; baseline -0.009 -17"><span class='ocrx_word' id='word_1_267' title='bbox 2299 1730 2532 1784; x_wconf 78' lang='grc' dir='ltr'>καθόσον</span> <span class='ocrx_word' id='word_1_268' title='bbox 2578 1722 2690 1782; x_wconf 75' lang='grc' dir='ltr'>οἷόν</span> <span class='ocrx_word' id='word_1_269' title='bbox 2734 1745 2817 1794; x_wconf 89' lang='grc' dir='ltr'>τε,</span> <span class='ocrx_word' id='word_1_270' title='bbox 2870 1728 2966 1781; x_wconf 72' lang='grc' dir='ltr'>καὶ</span> <span class='ocrx_word' id='word_1_271' title='bbox 3014 1714 3284 1799; x_wconf 81' lang='grc' dir='ltr'>εὐληπτος</span> <span class='ocrx_word' id='word_1_272' title='bbox 3335 1730 3571 1798; x_wconf 80' lang='grc' dir='ltr'>γένηται,</span> <span class='ocrx_word' id='word_1_273' title='bbox 3618 1722 3714 1776; x_wconf 84' lang='grc' dir='ltr'>τῶν</span> <span class='ocrx_word' id='word_1_274' title='bbox 3749 1716 3821 1771; x_wconf 84' lang='grc' dir='ltr'>τοῦ</span> 
     </span>
    </p>
   </div>
   <div class='ocr_carea' id='block_1_32' title="bbox 617 1811 3820 1899">
    <p class='ocr_par' dir='ltr' id='par_1_32' title="bbox 617 1811 3820 1899">
     <span class='ocr_line' id='line_1_32' title="bbox 617 1811 3820 1899; baseline 0 -32"><span class='ocrx_word' id='word_1_275' title='bbox 617 1832 789 1884; x_wconf 88' lang='grc' dir='ltr'>ρεσιν,</span> <span class='ocrx_word' id='word_1_276' title='bbox 824 1815 946 1886; x_wconf 73' lang='grc' dir='ltr'>οὐχὶ</span> <span class='ocrx_word' id='word_1_277' title='bbox 974 1817 1074 1885; x_wconf 84' lang='grc' dir='ltr'>τὴν</span> <span class='ocrx_word' id='word_1_278' title='bbox 1095 1815 1189 1869; x_wconf 83' lang='grc' dir='ltr'>τοῦ</span> <span class='ocrx_word' id='word_1_279' title='bbox 1217 1816 1371 1877; x_wconf 77' lang='grc' dir='ltr'>ὄντος</span> <span class='ocrx_word' id='word_1_280' title='bbox 1404 1816 1570 1878; x_wconf 76' lang='grc' dir='ltr'>θέσιν,</span> <span class='ocrx_word' id='word_1_281' title='bbox 1603 1815 1686 1885; x_wconf 85' lang='grc' dir='ltr'>μὴ</span> <span class='ocrx_word' id='word_1_282' title='bbox 1721 1815 1818 1867; x_wconf 68' lang='grc' dir='ltr'>καὶ</span> <span class='ocrx_word' id='word_1_283' title='bbox 1852 1814 2054 1883; x_wconf 82' lang='grc' dir='ltr'>μανίας</span> <span class='ocrx_word' id='word_1_284' title='bbox 2107 1811 2192 1881; x_wconf 74' lang='grc' dir='ltr'>εἴη</span> <span class='ocrx_word' id='word_1_285' title='bbox 2228 1831 2269 1898; x_wconf 66' lang='grc' dir='ltr'><strong>Β</strong></span> <span class='ocrx_word' id='word_1_286' title='bbox 2303 1822 2547 1895; x_wconf 76' lang='grc' dir='ltr'>μεγάλου</span> <span class='ocrx_word' id='word_1_287' title='bbox 2569 1822 2799 1899; x_wconf 79' lang='grc' dir='ltr'>,Πατρδς</span> <span class='ocrx_word' id='word_1_288' title='bbox 2835 1821 3116 1875; x_wconf 87' lang='grc' dir='ltr'>Βασιλείου</span> <span class='ocrx_word' id='word_1_289' title='bbox 3146 1823 3242 1876; x_wconf 85' lang='lat'><strong>1:01</strong></span> <span class='ocrx_word' id='word_1_290' title='bbox 3296 1818 3451 1887; x_wconf 75' lang='grc' dir='ltr'>αὖθις</span> <span class='ocrx_word' id='word_1_291' title='bbox 3503 1820 3624 1891; x_wconf 75' lang='grc' dir='ltr'>περὶ</span> <span class='ocrx_word' id='word_1_292' title='bbox 3671 1815 3820 1871; x_wconf 84' lang='grc' dir='ltr'>τούτου</span> 
     </span>
    </p>
   </div>
   <div class='ocr_carea' id='block_1_33' title="bbox 612 1903 2192 1977">
    <p class='ocr_par' dir='ltr' id='par_1_33' title="bbox 612 1903 2192 1977">
     <span class='ocr_line' id='line_1_33' title="bbox 612 1903 2192 1977; baseline -0.001 -20"><span class='ocrx_word' id='word_1_293' title='bbox 612 1904 876 1977; x_wconf 80' lang='grc' dir='ltr'>λαμπρᾶς</span> <span class='ocrx_word' id='word_1_294' title='bbox 902 1923 917 1972; x_wconf 88' lang='grc'>;</span> <span class='ocrx_word' id='word_1_295' title='bbox 942 1906 1024 1959; x_wconf 88' lang='grc' dir='ltr'>Τὰ</span> <span class='ocrx_word' id='word_1_296' title='bbox 1050 1906 1108 1959; x_wconf 82' lang='grc' dir='ltr'>δέ</span> <span class='ocrx_word' id='word_1_297' title='bbox 1128 1905 1224 1975; x_wconf 79' lang='grc' dir='ltr'>τῆς</span> <span class='ocrx_word' id='word_1_298' title='bbox 1247 1903 1406 1970; x_wconf 78' lang='grc' dir='ltr'>ἀξίας</span> <span class='ocrx_word' id='word_1_299' title='bbox 1433 1922 1492 1958; x_wconf 91' lang='grc' dir='ltr'>τε</span> <span class='ocrx_word' id='word_1_300' title='bbox 1524 1907 1619 1958; x_wconf 86' lang='lat'><strong>1:01</strong></span> <span class='ocrx_word' id='word_1_301' title='bbox 1644 1904 1743 1974; x_wconf 77' lang='grc' dir='ltr'>τῆς</span> <span class='ocrx_word' id='word_1_302' title='bbox 1781 1903 2066 1973; x_wconf 74' lang='grc' dir='ltr'>ἐνεργείας</span> <span class='ocrx_word' id='word_1_303' title='bbox 2096 1903 2192 1975; x_wconf 78' lang='lat'><strong>1:01</strong></span> 
     </span>
    </p>
   </div>
   <div class='ocr_carea' id='block_1_34' title="bbox 611 1994 2197 2067">
    <p class='ocr_par' dir='ltr' id='par_1_34' title="bbox 611 1994 2197 2067">
     <span class='ocr_line' id='line_1_34' title="bbox 611 1994 2197 2067; baseline 0 -19"><span class='ocrx_word' id='word_1_304' title='bbox 611 1997 723 2049; x_wconf 87' lang='grc' dir='ltr'>τῶν</span> <span class='ocrx_word' id='word_1_305' title='bbox 753 1999 995 2067; x_wconf 83' lang='grc' dir='ltr'>σχέσεων</span> <span class='ocrx_word' id='word_1_306' title='bbox 1027 1997 1287 2067; x_wconf 78' lang='grc' dir='ltr'>ὀνόματα,</span> <span class='ocrx_word' id='word_1_307' title='bbox 1317 1996 1391 2060; x_wconf 81' lang='grc' dir='ltr'>ὡς</span> <span class='ocrx_word' id='word_1_308' title='bbox 1425 1997 1487 2049; x_wconf 86' lang='lat'>10</span> <span class='ocrx_word' id='word_1_309' title='bbox 1526 1995 1739 2066; x_wconf 77' lang='grc' dir='ltr'>Πατὴρ,</span> <span class='ocrx_word' id='word_1_310' title='bbox 1788 1997 1884 2049; x_wconf 86' lang='lat'><strong>1:01</strong></span> <span class='ocrx_word' id='word_1_311' title='bbox 1923 1996 2075 2060; x_wconf 75' lang='grc' dir='ltr'>Υίὸς,</span> <span class='ocrx_word' id='word_1_312' title='bbox 2101 1994 2197 2048; x_wconf 84' lang='lat'><strong>1:01</strong></span> 
     </span>
    </p>
   </div>
   <div class='ocr_carea' id='block_1_35' title="bbox 616 2087 2195 2160">
    <p class='ocr_par' dir='ltr' id='par_1_35' title="bbox 616 2087 2195 2160">
     <span class='ocr_line' id='line_1_35' title="bbox 616 2087 2195 2160; baseline -0.001 -18"><span class='ocrx_word' id='word_1_313' title='bbox 616 2089 840 2155; x_wconf 87' lang='grc' dir='ltr'>Κύριος,</span> <span class='ocrx_word' id='word_1_314' title='bbox 870 2088 963 2143; x_wconf 85' lang='lat'><strong>1:01</strong></span> <span class='ocrx_word' id='word_1_315' title='bbox 993 2089 1153 2157; x_wconf 82' lang='grc' dir='ltr'>Θεὸς,</span> <span class='ocrx_word' id='word_1_316' title='bbox 1188 2090 1283 2143; x_wconf 74' lang='grc' dir='ltr'>καὶ</span> <span class='ocrx_word' id='word_1_317' title='bbox 1307 2088 1589 2160; x_wconf 78' lang='grc' dir='ltr'>βασιλεὺς,</span> <span class='ocrx_word' id='word_1_318' title='bbox 1613 2090 1708 2142; x_wconf 86' lang='lat'><strong>1:01</strong></span> <span class='ocrx_word' id='word_1_319' title='bbox 1772 2087 2195 2159; x_wconf 83' lang='grc' dir='ltr'>παντοκράτωρ,</span> 
     </span>
    </p>
   </div>
   <div class='ocr_carea' id='block_1_36' title="bbox 613 2177 2195 2252">
    <p class='ocr_par' dir='ltr' id='par_1_36' title="bbox 613 2177 2195 2252">
     <span class='ocr_line' id='line_1_36' title="bbox 613 2177 2195 2252; baseline -0.001 -20"><span class='ocrx_word' id='word_1_320' title='bbox 613 2181 711 2236; x_wconf 83' lang='lat'><strong>1:01</strong></span> <span class='ocrx_word' id='word_1_321' title='bbox 737 2180 1095 2252; x_wconf 77' lang='grc' dir='ltr'>δημιουργὸς,</span> <span class='ocrx_word' id='word_1_322' title='bbox 1129 2182 1245 2245; x_wconf 90' lang='grc' dir='ltr'>πῶς</span> <span class='ocrx_word' id='word_1_323' title='bbox 1277 2181 1342 2237; x_wconf 82' lang='grc' dir='ltr'>ἂν</span> <span class='ocrx_word' id='word_1_324' title='bbox 1378 2177 1489 2235; x_wconf 79' lang='grc' dir='ltr'>εἶεν</span> <span class='ocrx_word' id='word_1_325' title='bbox 1519 2180 1645 2251; x_wconf 80' lang='grc' dir='ltr'>ὄρος</span> <span class='ocrx_word' id='word_1_326' title='bbox 1670 2197 1683 2246; x_wconf 91' lang='grc'>;</span> <span class='ocrx_word' id='word_1_327' title='bbox 1708 2178 1943 2234; x_wconf 86' lang='grc' dir='ltr'>τοσαῦτά</span> <span class='ocrx_word' id='word_1_328' title='bbox 1980 2196 2039 2232; x_wconf 82' lang='grc' dir='ltr'>τε</span> <span class='ocrx_word' id='word_1_329' title='bbox 2067 2177 2195 2233; x_wconf 81' lang='grc' dir='ltr'>ὅντα</span> 
     </span>
    </p>
   </div>
   <div class='ocr_carea' id='block_1_37' title="bbox 606 2271 2196 2344">
    <p class='ocr_par' dir='ltr' id='par_1_37' title="bbox 606 2271 2196 2344">
     <span class='ocr_line' id='line_1_37' title="bbox 606 2271 2196 2344; baseline 0.001 -22"><span class='ocrx_word' id='word_1_330' title='bbox 606 2271 688 2343; x_wconf 75' lang='grc' dir='ltr'>τῷ</span> <span class='ocrx_word' id='word_1_331' title='bbox 729 2272 941 2341; x_wconf 74' lang='grc' dir='ltr'>πλήθει,</span> <span class='ocrx_word' id='word_1_332' title='bbox 973 2278 1068 2326; x_wconf 83' lang='grc' dir='ltr'>καὶ</span> <span class='ocrx_word' id='word_1_333' title='bbox 1091 2272 1154 2344; x_wconf 87' lang='grc' dir='ltr'>δὴ</span> <span class='ocrx_word' id='word_1_334' title='bbox 1183 2274 1276 2328; x_wconf 85' lang='lat'><strong>1:01</strong></span> <span class='ocrx_word' id='word_1_335' title='bbox 1307 2273 1414 2329; x_wconf 89' lang='grc' dir='ltr'>τῶν</span> <span class='ocrx_word' id='word_1_336' title='bbox 1442 2273 1573 2344; x_wconf 66' lang='grc' dir='ltr'>περὶ</span> <span class='ocrx_word' id='word_1_337' title='bbox 1604 2272 1768 2325; x_wconf 89' lang='grc' dir='ltr'>αὐτόν</span> <span class='ocrx_word' id='word_1_338' title='bbox 1796 2290 1849 2325; x_wconf 89' lang='grc' dir='ltr'>τι</span> <span class='ocrx_word' id='word_1_339' title='bbox 1882 2271 2196 2341; x_wconf 84' lang='grc' dir='ltr'>ἀποσημαί-</span> 
     </span>
    </p>
   </div>
   <div class='ocr_carea' id='block_1_38' title="bbox 608 2362 2196 2431">
    <p class='ocr_par' dir='ltr' id='par_1_38' title="bbox 608 2362 2196 2431">
     <span class='ocr_line' id='line_1_38' title="bbox 608 2362 2196 2431; baseline 0.001 -16"><span class='ocrx_word' id='word_1_340' title='bbox 608 2381 765 2417; x_wconf 77' lang='grc' dir='ltr'>νοντα</span> <span class='ocrx_word' id='word_1_341' title='bbox 788 2362 1040 2431; x_wconf 72' lang='grc' dir='ltr'>ἕκαστον,</span> <span class='ocrx_word' id='word_1_342' title='bbox 1079 2365 1195 2421; x_wconf 79' lang='grc' dir='ltr'>ἀλλ’</span> <span class='ocrx_word' id='word_1_343' title='bbox 1219 2365 1320 2419; x_wconf 87' lang='grc' dir='ltr'>οὐκ</span> <span class='ocrx_word' id='word_1_344' title='bbox 1351 2364 1515 2420; x_wconf 77' lang='grc' dir='ltr'>αὐτὸν</span> <span class='ocrx_word' id='word_1_345' title='bbox 1534 2364 1626 2419; x_wconf 78' lang='grc' dir='ltr'>τὸν</span> <span class='ocrx_word' id='word_1_346' title='bbox 1646 2364 1804 2430; x_wconf 73' lang='grc' dir='ltr'>Θεὸν,</span> <span class='ocrx_word' id='word_1_347' title='bbox 1820 2366 1963 2427; x_wconf 57' lang='grc' dir='ltr'>,ὅπου</span> <span class='ocrx_word' id='word_1_348' title='bbox 1990 2381 2052 2431; x_wconf 89' lang='grc' dir='ltr'>γε</span> <span class='ocrx_word' id='word_1_349' title='bbox 2074 2363 2196 2416; x_wconf 83' lang='grc' dir='ltr'>οὐδέ</span> 
     </span>
    </p>
   </div>
   <div class='ocr_carea' id='block_1_39' title="bbox 604 2453 2190 2527">
    <p class='ocr_par' dir='ltr' id='par_1_39' title="bbox 604 2453 2190 2527">
     <span class='ocr_line' id='line_1_39' title="bbox 604 2453 2190 2527; baseline -0.001 -19"><span class='ocrx_word' id='word_1_350' title='bbox 604 2454 791 2508; x_wconf 86' lang='grc' dir='ltr'>αὐτῶν</span> <span class='ocrx_word' id='word_1_351' title='bbox 813 2455 1040 2509; x_wconf 82' lang='grc' dir='ltr'>ἐκείνων</span> <span class='ocrx_word' id='word_1_352' title='bbox 1073 2455 1184 2509; x_wconf 87' lang='grc' dir='ltr'>τῶν</span> <span class='ocrx_word' id='word_1_353' title='bbox 1222 2456 1354 2527; x_wconf 79' lang='grc' dir='ltr'>περὶ</span> <span class='ocrx_word' id='word_1_354' title='bbox 1389 2455 1524 2509; x_wconf 88' lang='grc' dir='ltr'>Θεόν</span> <span class='ocrx_word' id='word_1_355' title='bbox 1569 2458 1708 2509; x_wconf 81' lang='grc' dir='ltr'>εἰσιν</span> <span class='ocrx_word' id='word_1_356' title='bbox 1769 2453 2014 2523; x_wconf 75' lang='grc' dir='ltr'>ἀκριϐῶς</span> <span class='ocrx_word' id='word_1_357' title='bbox 2055 2456 2190 2526; x_wconf 81' lang='grc' dir='ltr'>ὅροι,</span> 
     </span>
    </p>
   </div>
   <div class='ocr_carea' id='block_1_40' title="bbox 604 2540 2195 2617">
    <p class='ocr_par' dir='ltr' id='par_1_40' title="bbox 604 2540 2195 2617">
     <span class='ocr_line' id='line_1_40' title="bbox 604 2540 2195 2617; baseline -0.001 -18"><span class='ocrx_word' id='word_1_358' title='bbox 604 2545 733 2599; x_wconf 88' lang='grc' dir='ltr'>καθ’</span> <span class='ocrx_word' id='word_1_359' title='bbox 760 2540 836 2599; x_wconf 81' lang='grc' dir='ltr'>ὧν</span> <span class='ocrx_word' id='word_1_360' title='bbox 868 2546 932 2617; x_wconf 79' lang='grc' dir='ltr'>δὴ</span> <span class='ocrx_word' id='word_1_361' title='bbox 970 2549 1069 2601; x_wconf 82' lang='grc' dir='ltr'>καὶ</span> <span class='ocrx_word' id='word_1_362' title='bbox 1097 2547 1354 2614; x_wconf 89' lang='grc' dir='ltr'>λέγονται</span> <span class='ocrx_word' id='word_1_363' title='bbox 1378 2564 1392 2612; x_wconf 87' lang='grc'><strong>;</strong></span> <span class='ocrx_word' id='word_1_364' title='bbox 1421 2546 1515 2601; x_wconf 85' lang='grc' dir='ltr'>Διδ</span> <span class='ocrx_word' id='word_1_365' title='bbox 1545 2549 1638 2600; x_wconf 76' lang='grc' dir='ltr'>καὶ</span> <span class='ocrx_word' id='word_1_366' title='bbox 1660 2548 1710 2601; x_wconf 87' lang='grc' dir='ltr'>οί</span> <span class='ocrx_word' id='word_1_367' title='bbox 1731 2544 1975 2615; x_wconf 77' lang='grc' dir='ltr'>θεολόγοι</span> <span class='ocrx_word' id='word_1_368' title='bbox 2017 2544 2195 2599; x_wconf 80' lang='grc' dir='ltr'>Πατέ-</span> 
     </span>
    </p>
   </div>
   <div class='ocr_carea' id='block_1_41' title="bbox 607 2635 2196 2710">
    <p class='ocr_par' dir='ltr' id='par_1_41' title="bbox 607 2635 2196 2710">
     <span class='ocr_line' id='line_1_41' title="bbox 607 2635 2196 2710; baseline 0.001 -22"><span class='ocrx_word' id='word_1_369' title='bbox 607 2651 703 2706; x_wconf 82' lang='grc' dir='ltr'>ρες</span> <span class='ocrx_word' id='word_1_370' title='bbox 736 2635 997 2705; x_wconf 76' lang='grc' dir='ltr'>περὶτῶν</span> <span class='ocrx_word' id='word_1_371' title='bbox 1020 2636 1282 2690; x_wconf 83' lang='grc' dir='ltr'>τοιούτων</span> <span class='ocrx_word' id='word_1_372' title='bbox 1310 2637 1601 2706; x_wconf 74' lang='grc' dir='ltr'>μέλλοντες</span> <span class='ocrx_word' id='word_1_373' title='bbox 1648 2637 1833 2705; x_wconf 86' lang='grc' dir='ltr'>λέγειν</span> <span class='ocrx_word' id='word_1_374' title='bbox 1903 2639 1997 2691; x_wconf 69' lang='grc' dir='ltr'>καὶ</span> <span class='ocrx_word' id='word_1_375' title='bbox 2056 2637 2196 2710; x_wconf 73' lang='grc' dir='ltr'>γρά-</span> 
     </span>
    </p>
   </div>
   <div class='ocr_carea' id='block_1_42' title="bbox 607 2724 2193 2800">
    <p class='ocr_par' dir='ltr' id='par_1_42' title="bbox 607 2724 2193 2800">
     <span class='ocr_line' id='line_1_42' title="bbox 607 2724 2193 2800; baseline 0.003 -24"><span class='ocrx_word' id='word_1_376' title='bbox 607 2741 754 2795; x_wconf 86' lang='grc' dir='ltr'>φειν,</span> <span class='ocrx_word' id='word_1_377' title='bbox 796 2725 925 2795; x_wconf 84' lang='grc' dir='ltr'>ὅρου</span> <span class='ocrx_word' id='word_1_378' title='bbox 951 2724 1051 2795; x_wconf 81' lang='grc' dir='ltr'>μὲν</span> <span class='ocrx_word' id='word_1_379' title='bbox 1079 2726 1358 2782; x_wconf 87' lang='grc' dir='ltr'>οὐδοτιοῦν</span> <span class='ocrx_word' id='word_1_380' title='bbox 1395 2728 1748 2800; x_wconf 75' lang='grc' dir='ltr'>ἐμνήσθησαν</span> <span class='ocrx_word' id='word_1_381' title='bbox 1774 2729 2020 2795; x_wconf 79' lang='grc' dir='ltr'>πώποτε,</span> <span class='ocrx_word' id='word_1_382' title='bbox 2055 2730 2193 2798; x_wconf 75' lang='grc' dir='ltr'>μᾶλ-</span> 
     </span>
    </p>
   </div>
   <div class='ocr_carea' id='block_1_43' title="bbox 605 2815 2193 2891">
    <p class='ocr_par' dir='ltr' id='par_1_43' title="bbox 605 2815 2193 2891">
     <span class='ocr_line' id='line_1_43' title="bbox 605 2815 2193 2891; baseline 0.004 -24"><span class='ocrx_word' id='word_1_383' title='bbox 605 2815 700 2868; x_wconf 89' lang='grc' dir='ltr'>λον</span> <span class='ocrx_word' id='word_1_384' title='bbox 728 2816 899 2869; x_wconf 77' lang='grc' dir='ltr'>δὲκαὶ</span> <span class='ocrx_word' id='word_1_385' title='bbox 928 2816 1262 2888; x_wconf 69' lang='grc' dir='ltr'>μνησθέντες</span> <span class='ocrx_word' id='word_1_386' title='bbox 1303 2819 1542 2890; x_wconf 76' lang='grc' dir='ltr'>ἰσχυρῶς</span> <span class='ocrx_word' id='word_1_387' title='bbox 1585 2820 1976 2891; x_wconf 78' lang='grc' dir='ltr'>ἀπηγόρευσαν</span> <span class='ocrx_word' id='word_1_388' title='bbox 2046 2822 2193 2874; x_wconf 80' lang='grc' dir='ltr'>ἐκεῖ-</span> 
     </span>
    </p>
   </div>
   <div class='ocr_carea' id='block_1_44' title="bbox 605 2905 2193 2981">
    <p class='ocr_par' dir='ltr' id='par_1_44' title="bbox 605 2905 2193 2981">
     <span class='ocr_line' id='line_1_44' title="bbox 605 2905 2193 2981; baseline 0.007 -24"><span class='ocrx_word' id='word_1_389' title='bbox 605 2921 718 2971; x_wconf 80' lang='grc' dir='ltr'>νον,</span> <span class='ocrx_word' id='word_1_390' title='bbox 759 2905 821 2959; x_wconf 85' lang='grc' dir='ltr'>οὐ</span> <span class='ocrx_word' id='word_1_391' title='bbox 851 2905 953 2976; x_wconf 78' lang='grc' dir='ltr'>τῆς</span> <span class='ocrx_word' id='word_1_392' title='bbox 982 2907 1134 2974; x_wconf 89' lang='grc' dir='ltr'>θείας</span> <span class='ocrx_word' id='word_1_393' title='bbox 1163 2908 1366 2981; x_wconf 83' lang='grc' dir='ltr'>δηλαδὴ</span> <span class='ocrx_word' id='word_1_394' title='bbox 1395 2909 1557 2979; x_wconf 79' lang='grc' dir='ltr'>μόνον</span> <span class='ocrx_word' id='word_1_395' title='bbox 1610 2912 1850 2980; x_wconf 83' lang='grc' dir='ltr'>φύσεως,</span> <span class='ocrx_word' id='word_1_396' title='bbox 1917 2911 2056 2967; x_wconf 78' lang='grc' dir='ltr'>ἀλλὰ</span> <span class='ocrx_word' id='word_1_397' title='bbox 2097 2914 2193 2971; x_wconf 81' lang='lat'><strong>1:01</strong></span> 
     </span>
    </p>
   </div>
   <div class='ocr_carea' id='block_1_45' title="bbox 604 2996 2193 3071">
    <p class='ocr_par' dir='ltr' id='par_1_45' title="bbox 604 2996 2193 3071">
     <span class='ocr_line' id='line_1_45' title="bbox 604 2996 2193 3071; baseline 0.005 -23"><span class='ocrx_word' id='word_1_398' title='bbox 604 2997 704 3065; x_wconf 80' lang='grc' dir='ltr'>τῆς</span> <span class='ocrx_word' id='word_1_399' title='bbox 743 2996 1026 3066; x_wconf 77' lang='grc' dir='ltr'>ἐνεργείας</span> <span class='ocrx_word' id='word_1_400' title='bbox 1060 3000 1251 3071; x_wconf 77' lang='grc' dir='ltr'>αὐτῆς,</span> <span class='ocrx_word' id='word_1_401' title='bbox 1285 3001 1433 3054; x_wconf 76' lang='grc' dir='ltr'>καθὰ</span> <span class='ocrx_word' id='word_1_402' title='bbox 1456 3001 1521 3070; x_wconf 84' lang='grc' dir='ltr'>δὴ</span> <span class='ocrx_word' id='word_1_403' title='bbox 1555 3002 1649 3055; x_wconf 74' lang='lat'><strong>1:21</strong></span> <span class='ocrx_word' id='word_1_404' title='bbox 1679 3001 1977 3058; x_wconf 83' lang='grc' dir='ltr'>δέδεικται.</span> <span class='ocrx_word' id='word_1_405' title='bbox 2040 3003 2193 3057; x_wconf 79' lang='grc' dir='ltr'>Ἐπι-</span> 
     </span>
    </p>
   </div>
   <div class='ocr_carea' id='block_1_46' title="bbox 602 3087 2188 3162">
    <p class='ocr_par' dir='ltr' id='par_1_46' title="bbox 602 3087 2188 3162">
     <span class='ocr_line' id='line_1_46' title="bbox 602 3087 2188 3162; baseline 0.006 -23"><span class='ocrx_word' id='word_1_406' title='bbox 602 3087 863 3156; x_wconf 87' lang='grc' dir='ltr'>λέγεσθαι</span> <span class='ocrx_word' id='word_1_407' title='bbox 894 3090 952 3144; x_wconf 88' lang='grc' dir='ltr'>δέ</span> <span class='ocrx_word' id='word_1_408' title='bbox 978 3091 1055 3160; x_wconf 84' lang='grc' dir='ltr'>τῷ</span> <span class='ocrx_word' id='word_1_409' title='bbox 1090 3090 1209 3162; x_wconf 86' lang='grc' dir='ltr'>Θεῷ</span> <span class='ocrx_word' id='word_1_410' title='bbox 1232 3092 1386 3146; x_wconf 81' lang='grc' dir='ltr'>ταῦτ’</span> <span class='ocrx_word' id='word_1_411' title='bbox 1415 3090 1593 3158; x_wconf 77' lang='grc' dir='ltr'>εἷπον,</span> <span class='ocrx_word' id='word_1_412' title='bbox 1639 3094 1841 3147; x_wconf 84' lang='grc' dir='ltr'>οὐτωσί</span> <span class='ocrx_word' id='word_1_413' title='bbox 1895 3112 2015 3159; x_wconf 88' lang='grc' dir='ltr'>πως</span> <span class='ocrx_word' id='word_1_414' title='bbox 2060 3096 2188 3159; x_wconf 85' lang='grc' dir='ltr'>τούς</span> 
     </span>
    </p>
   </div>
   <div class='ocr_carea' id='block_1_47' title="bbox 604 3174 2261 3259">
    <p class='ocr_par' dir='ltr' id='par_1_47' title="bbox 604 3174 2261 3259">
     <span class='ocr_line' id='line_1_47' title="bbox 604 3174 2261 3259; baseline 0.007 -27"><span class='ocrx_word' id='word_1_415' title='bbox 604 3180 956 3259; x_wconf 54' lang='grc' dir='ltr'>θεολογικῶς</span> <span class='ocrx_word' id='word_1_416' title='bbox 986 3183 1397 3254; x_wconf 68' lang='grc' dir='ltr'>ἐπιγράψαντες</span> <span class='ocrx_word' id='word_1_417' title='bbox 1438 3184 1634 3255; x_wconf 84' lang='grc' dir='ltr'>λόγους</span> <span class='ocrx_word' id='word_1_418' title='bbox 1664 3201 1681 3218; x_wconf 70' lang='grc' dir='ltr'><strong>ο</strong></span> <span class='ocrx_word' id='word_1_419' title='bbox 1733 3187 1873 3258; x_wconf 73' lang='grc' dir='ltr'>Περὶ</span> <span class='ocrx_word' id='word_1_420' title='bbox 1927 3189 2038 3242; x_wconf 89' lang='grc' dir='ltr'>τῶν</span> <span class='ocrx_word' id='word_1_421' title='bbox 2095 3189 2190 3243; x_wconf 77' lang='grc' dir='ltr'>ἐπὶ</span> <span class='ocrx_word' id='word_1_422' title='bbox 2218 3174 2261 3233; x_wconf 68' lang='grc' dir='ltr'><strong>(ἶ</strong></span> 
     </span>
    </p>
   </div>
   <div class='ocr_carea' id='block_1_48' title="bbox 603 3274 2191 3350">
    <p class='ocr_par' dir='ltr' id='par_1_48' title="bbox 603 3274 2191 3350">
     <span class='ocr_line' id='line_1_48' title="bbox 603 3274 2191 3350; baseline 0.007 -25"><span class='ocrx_word' id='word_1_423' title='bbox 603 3274 741 3326; x_wconf 82' lang='grc' dir='ltr'>Θεοῦ</span> <span class='ocrx_word' id='word_1_424' title='bbox 772 3275 1108 3345; x_wconf 84' lang='grc' dir='ltr'>λεγομένων,</span> <span class='ocrx_word' id='word_1_425' title='bbox 1145 3277 1240 3331; x_wconf 77' lang='grc' dir='ltr'>καὶ</span> <span class='ocrx_word' id='word_1_426' title='bbox 1277 3279 1408 3350; x_wconf 78' lang='grc' dir='ltr'>περὶ</span> <span class='ocrx_word' id='word_1_427' title='bbox 1431 3278 1540 3332; x_wconf 87' lang='grc' dir='ltr'>τῶν</span> <span class='ocrx_word' id='word_1_428' title='bbox 1582 3279 1674 3331; x_wconf 73' lang='grc' dir='ltr'>ἐπὶ</span> <span class='ocrx_word' id='word_1_429' title='bbox 1734 3279 1978 3350; x_wconf 83' lang='grc' dir='ltr'>Χριστοῦ</span> <span class='ocrx_word' id='word_1_430' title='bbox 2034 3281 2191 3350; x_wconf 86' lang='grc' dir='ltr'>λεγο-</span> 
     </span>
    </p>
   </div>
   <div class='ocr_carea' id='block_1_49' title="bbox 605 3363 2191 3443">
    <p class='ocr_par' dir='ltr' id='par_1_49' title="bbox 605 3363 2191 3443">
     <span class='ocr_line' id='line_1_49' title="bbox 605 3363 2191 3443; baseline 0.006 -27"><span class='ocrx_word' id='word_1_431' title='bbox 605 3363 804 3433; x_wconf 77' lang='grc' dir='ltr'>μένων,</span> <span class='ocrx_word' id='word_1_432' title='bbox 837 3366 930 3418; x_wconf 82' lang='lat'><strong>1:01</strong></span> <span class='ocrx_word' id='word_1_433' title='bbox 958 3364 1114 3429; x_wconf 75' lang='grc' dir='ltr'>αὖθις</span> <span class='ocrx_word' id='word_1_434' title='bbox 1145 3366 1213 3420; x_wconf 78' lang='grc' dir='ltr'>τὰ</span> <span class='ocrx_word' id='word_1_435' title='bbox 1240 3368 1607 3437; x_wconf 84' lang='grc' dir='ltr'>ἐπιλεγόμενα</span> <span class='ocrx_word' id='word_1_436' title='bbox 1637 3374 1706 3442; x_wconf 76' lang='grc' dir='ltr'>τῇ</span> <span class='ocrx_word' id='word_1_437' title='bbox 1736 3371 1857 3443; x_wconf 82' lang='grc' dir='ltr'>θείᾳ</span> <span class='ocrx_word' id='word_1_438' title='bbox 1890 3372 2073 3440; x_wconf 87' lang='grc' dir='ltr'>φύσει,</span> <span class='ocrx_word' id='word_1_439' title='bbox 2094 3372 2191 3426; x_wconf 90' lang='lat'><strong>1:01</strong></span> 
     </span>
    </p>
   </div>
   <div class='ocr_carea' id='block_1_50' title="bbox 600 3455 2191 3531">
    <p class='ocr_par' dir='ltr' id='par_1_50' title="bbox 600 3455 2191 3531">
     <span class='ocr_line' id='line_1_50' title="bbox 600 3455 2191 3531; baseline 0.006 -24"><span class='ocrx_word' id='word_1_440' title='bbox 600 3455 833 3509; x_wconf 78' lang='grc' dir='ltr'>ἕκαστον</span> <span class='ocrx_word' id='word_1_441' title='bbox 862 3456 973 3510; x_wconf 86' lang='grc' dir='ltr'>τῶν</span> <span class='ocrx_word' id='word_1_442' title='bbox 1005 3459 1095 3511; x_wconf 77' lang='grc' dir='ltr'>ἐπὶ</span> <span class='ocrx_word' id='word_1_443' title='bbox 1130 3457 1265 3512; x_wconf 86' lang='grc' dir='ltr'>Θεοῦ</span> <span class='ocrx_word' id='word_1_444' title='bbox 1296 3459 1630 3531; x_wconf 85' lang='grc' dir='ltr'>λεγομένων,</span> <span class='ocrx_word' id='word_1_445' title='bbox 1662 3463 1760 3515; x_wconf 85' lang='lat'><strong>1:01</strong></span> <span class='ocrx_word' id='word_1_446' title='bbox 1793 3462 1873 3515; x_wconf 84' lang='grc' dir='ltr'>ὅτι</span> <span class='ocrx_word' id='word_1_447' title='bbox 1914 3462 2191 3531; x_wconf 87' lang='grc' dir='ltr'>θεολογεῖν</span> 
     </span>
    </p>
   </div>
   <div class='ocr_carea' id='block_1_51' title="bbox 603 3547 2191 3626">
    <p class='ocr_par' dir='ltr' id='par_1_51' title="bbox 603 3547 2191 3626">
     <span class='ocr_line' id='line_1_51' title="bbox 603 3547 2191 3626; baseline 0.005 -26"><span class='ocrx_word' id='word_1_448' title='bbox 603 3547 817 3617; x_wconf 80' lang='grc' dir='ltr'>μέλλων</span> <span class='ocrx_word' id='word_1_449' title='bbox 852 3548 927 3619; x_wconf 81' lang='grc' dir='ltr'>μὴ</span> <span class='ocrx_word' id='word_1_450' title='bbox 956 3547 1084 3613; x_wconf 75' lang='grc' dir='ltr'>τοὺς</span> <span class='ocrx_word' id='word_1_451' title='bbox 1138 3550 1261 3604; x_wconf 86' lang='grc' dir='ltr'>κατ’</span> <span class='ocrx_word' id='word_1_452' title='bbox 1292 3551 1456 3605; x_wconf 78' lang='grc' dir='ltr'>αὐτὸν</span> <span class='ocrx_word' id='word_1_453' title='bbox 1506 3551 1752 3626; x_wconf 77' lang='grc' dir='ltr'>ζητήσῃς</span> <span class='ocrx_word' id='word_1_454' title='bbox 1806 3552 2022 3622; x_wconf 77' lang='grc' dir='ltr'>λόγους,</span> <span class='ocrx_word' id='word_1_455' title='bbox 2053 3554 2191 3608; x_wconf 79' lang='grc' dir='ltr'>ἀλλὰ</span> 
     </span>
    </p>
   </div>
   <div class='ocr_carea' id='block_1_52' title="bbox 599 3641 2181 3717">
    <p class='ocr_par' dir='ltr' id='par_1_52' title="bbox 599 3641 2181 3717">
     <span class='ocr_line' id='line_1_52' title="bbox 599 3641 2181 3717; baseline 0.004 -25"><span class='ocrx_word' id='word_1_456' title='bbox 599 3641 730 3697; x_wconf 83' lang='grc' dir='ltr'>τοὺς</span> <span class='ocrx_word' id='word_1_457' title='bbox 760 3641 890 3711; x_wconf 76' lang='grc' dir='ltr'>περὶ</span> <span class='ocrx_word' id='word_1_458' title='bbox 911 3641 1078 3694; x_wconf 86' lang='grc' dir='ltr'>αὐτόν</span> <span class='ocrx_word' id='word_1_459' title='bbox 1095 3656 1109 3671; x_wconf 77' lang='grc'><strong><em>⁸</em></strong></span> <span class='ocrx_word' id='word_1_460' title='bbox 1134 3641 1291 3706; x_wconf 74' lang='grc' dir='ltr'>οὗτος</span> <span class='ocrx_word' id='word_1_461' title='bbox 1318 3642 1414 3698; x_wconf 81' lang='lat'><strong>1:01</strong></span> <span class='ocrx_word' id='word_1_462' title='bbox 1441 3643 1551 3713; x_wconf 85' lang='grc' dir='ltr'>γὰρ</span> <span class='ocrx_word' id='word_1_463' title='bbox 1577 3646 1635 3698; x_wconf 89' lang='grc' dir='ltr'>ἐν</span> <span class='ocrx_word' id='word_1_464' title='bbox 1661 3644 1997 3716; x_wconf 82' lang='grc' dir='ltr'>ἀνθρώποις,</span> <span class='ocrx_word' id='word_1_465' title='bbox 2025 3647 2181 3717; x_wconf 80' lang='grc' dir='ltr'>φησὶ,</span> 
     </span>
    </p>
   </div>
   <div class='ocr_carea' id='block_1_53' title="bbox 602 3731 2181 3806">
    <p class='ocr_par' dir='ltr' id='par_1_53' title="bbox 602 3731 2181 3806">
     <span class='ocr_line' id='line_1_53' title="bbox 602 3731 2181 3806; baseline 0.006 -22"><span class='ocrx_word' id='word_1_466' title='bbox 602 3734 776 3800; x_wconf 82' lang='grc' dir='ltr'>μέγας</span> <span class='ocrx_word' id='word_1_467' title='bbox 816 3731 1091 3801; x_wconf 84' lang='grc' dir='ltr'>θεολόγος,</span> <span class='ocrx_word' id='word_1_468' title='bbox 1125 3734 1154 3787; x_wconf 91' lang='grc' dir='ltr'>ό</span> <span class='ocrx_word' id='word_1_469' title='bbox 1180 3735 1390 3789; x_wconf 90' lang='grc' dir='ltr'>τούτων</span> <span class='ocrx_word' id='word_1_470' title='bbox 1424 3737 1552 3800; x_wconf 81' lang='grc' dir='ltr'>τοὺς</span> <span class='ocrx_word' id='word_1_471' title='bbox 1592 3736 1787 3806; x_wconf 88' lang='grc' dir='ltr'>λόγους</span> <span class='ocrx_word' id='word_1_472' title='bbox 1838 3739 1945 3792; x_wconf 75' lang='grc' dir='ltr'>κᾶν</span> <span class='ocrx_word' id='word_1_473' title='bbox 1999 3740 2181 3804; x_wconf 87' lang='grc' dir='ltr'>ποσῶς</span> 
     </span>
    </p>
   </div>
   <div class='ocr_carea' id='block_1_54' title="bbox 599 3823 2185 3896">
    <p class='ocr_par' dir='ltr' id='par_1_54' title="bbox 599 3823 2185 3896">
     <span class='ocr_line' id='line_1_54' title="bbox 599 3823 2185 3896; baseline 0.003 -18"><span class='ocrx_word' id='word_1_474' title='bbox 599 3823 934 3896; x_wconf 81' lang='grc' dir='ltr'>ἐξευρίσκων</span> <span class='ocrx_word' id='word_1_475' title='bbox 962 3840 976 3854; x_wconf 69' lang='grc'><strong><em>⁸</em></strong></span> <span class='ocrx_word' id='word_1_476' title='bbox 1005 3829 1101 3878; x_wconf 82' lang='lat'><strong>1:01</strong></span> <span class='ocrx_word' id='word_1_477' title='bbox 1146 3827 1250 3880; x_wconf 86' lang='grc' dir='ltr'>ὃσα</span> <span class='ocrx_word' id='word_1_478' title='bbox 1299 3827 1553 3893; x_wconf 84' lang='grc' dir='ltr'>τοιαῦτα,</span> <span class='ocrx_word' id='word_1_479' title='bbox 1589 3831 1769 3884; x_wconf 83' lang='grc' dir='ltr'>ἐκεῖνο</span> <span class='ocrx_word' id='word_1_480' title='bbox 1834 3831 2185 3896; x_wconf 66' lang='grc' dir='ltr'>διδάσκοντες</span> 
     </span>
    </p>
   </div>
   <div class='ocr_carea' id='block_1_55' title="bbox 598 3916 2186 3995">
    <p class='ocr_par' dir='ltr' id='par_1_55' title="bbox 598 3916 2186 3995">
     <span class='ocr_line' id='line_1_55' title="bbox 598 3916 2186 3995; baseline 0.008 -28"><span class='ocrx_word' id='word_1_481' title='bbox 598 3919 747 3987; x_wconf 69' lang='grc' dir='ltr'>ημᾶς</span> <span class='ocrx_word' id='word_1_482' title='bbox 766 3916 855 3972; x_wconf 75' lang='grc' dir='ltr'>διὰ</span> <span class='ocrx_word' id='word_1_483' title='bbox 879 3917 1110 3983; x_wconf 79' lang='grc' dir='ltr'>τούτων,</span> <span class='ocrx_word' id='word_1_484' title='bbox 1143 3918 1219 3983; x_wconf 85' lang='grc' dir='ltr'>ὡς</span> <span class='ocrx_word' id='word_1_485' title='bbox 1244 3919 1346 3990; x_wconf 69' lang='grc' dir='ltr'>ἤδη</span> <span class='ocrx_word' id='word_1_486' title='bbox 1378 3920 1640 3986; x_wconf 85' lang='grc' dir='ltr'>πολλάκις</span> <span class='ocrx_word' id='word_1_487' title='bbox 1672 3920 1850 3987; x_wconf 82' lang='grc' dir='ltr'>εἷπον,</span> <span class='ocrx_word' id='word_1_488' title='bbox 1874 3925 1934 3978; x_wconf 84' lang='lat'>10</span> <span class='ocrx_word' id='word_1_489' title='bbox 1958 3926 2033 3995; x_wconf 85' lang='grc' dir='ltr'>μὴ</span> <span class='ocrx_word' id='word_1_490' title='bbox 2060 3926 2186 3995; x_wconf 84' lang='grc' dir='ltr'>ὅρον</span> 
     </span>
    </p>
   </div>
   <div class='ocr_carea' id='block_1_56' title="bbox 597 4009 2185 4081">
    <p class='ocr_par' dir='ltr' id='par_1_56' title="bbox 597 4009 2185 4081">
     <span class='ocr_line' id='line_1_56' title="bbox 597 4009 2185 4081; baseline 0.006 -23"><span class='ocrx_word' id='word_1_491' title='bbox 597 4009 843 4076; x_wconf 75' lang='grc' dir='ltr'>νομίζειν</span> <span class='ocrx_word' id='word_1_492' title='bbox 865 4010 957 4061; x_wconf 62' lang='grc' dir='ltr'>τὶν</span> <span class='ocrx_word' id='word_1_493' title='bbox 990 4010 1118 4079; x_wconf 70' lang='grc' dir='ltr'>περὶ</span> <span class='ocrx_word' id='word_1_494' title='bbox 1150 4010 1294 4064; x_wconf 87' lang='grc' dir='ltr'>Θεοῦ</span> <span class='ocrx_word' id='word_1_495' title='bbox 1334 4012 1513 4081; x_wconf 88' lang='grc' dir='ltr'>λόγον,</span> <span class='ocrx_word' id='word_1_496' title='bbox 1544 4014 1659 4066; x_wconf 77' lang='grc' dir='ltr'>ἀλλ’</span> <span class='ocrx_word' id='word_1_497' title='bbox 1688 4015 1877 4077; x_wconf 81' lang='grc' dir='ltr'>ἁπλῶς</span> <span class='ocrx_word' id='word_1_498' title='bbox 1908 4016 1968 4068; x_wconf 85' lang='grc' dir='ltr'>ἐν</span> <span class='ocrx_word' id='word_1_499' title='bbox 1999 4032 2053 4068; x_wconf 90' lang='grc' dir='ltr'>τι</span> <span class='ocrx_word' id='word_1_500' title='bbox 2076 4015 2185 4069; x_wconf 89' lang='grc' dir='ltr'>τῶν</span> 
     </span>
    </p>
   </div>
   <div class='ocr_carea' id='block_1_57' title="bbox 597 4100 2185 4177">
    <p class='ocr_par' dir='ltr' id='par_1_57' title="bbox 597 4100 2185 4177">
     <span class='ocr_line' id='line_1_57' title="bbox 597 4100 2185 4177; baseline 0.004 -23"><span class='ocrx_word' id='word_1_501' title='bbox 597 4103 692 4155; x_wconf 78' lang='grc' dir='ltr'>ἐπὶ</span> <span class='ocrx_word' id='word_1_502' title='bbox 720 4100 857 4156; x_wconf 90' lang='grc' dir='ltr'>Θεοῦ</span> <span class='ocrx_word' id='word_1_503' title='bbox 883 4103 1220 4170; x_wconf 86' lang='grc' dir='ltr'>λεγομένων,</span> <span class='ocrx_word' id='word_1_504' title='bbox 1251 4102 1284 4174; x_wconf 82' lang='grc' dir='ltr'>ἢ</span> <span class='ocrx_word' id='word_1_505' title='bbox 1315 4107 1408 4157; x_wconf 89' lang='lat'><strong>1:01</strong></span> <span class='ocrx_word' id='word_1_506' title='bbox 1430 4104 1525 4157; x_wconf 86' lang='grc' dir='ltr'>δύο</span> <span class='ocrx_word' id='word_1_507' title='bbox 1559 4104 1656 4159; x_wconf 89' lang='lat'><strong>1:01</strong></span> <span class='ocrx_word' id='word_1_508' title='bbox 1687 4105 1914 4160; x_wconf 88' lang='grc' dir='ltr'>πλεῖστα</span> <span class='ocrx_word' id='word_1_509' title='bbox 1944 4109 2088 4161; x_wconf 83' lang='grc' dir='ltr'>κατά</span> <span class='ocrx_word' id='word_1_510' title='bbox 2120 4124 2185 4177; x_wconf 88' lang='grc' dir='ltr'>γε</span> 
     </span>
    </p>
   </div>
   <div class='ocr_carea' id='block_1_58' title="bbox 596 4194 2186 4267">
    <p class='ocr_par' dir='ltr' id='par_1_58' title="bbox 596 4194 2186 4267">
     <span class='ocr_line' id='line_1_58' title="bbox 596 4194 2186 4267; baseline 0.003 -20"><span class='ocrx_word' id='word_1_511' title='bbox 596 4195 724 4257; x_wconf 83' lang='grc' dir='ltr'>τοὺς</span> <span class='ocrx_word' id='word_1_512' title='bbox 759 4194 1238 4265; x_wconf 77' lang='grc' dir='ltr'>προαποδοθέντας</span> <span class='ocrx_word' id='word_1_513' title='bbox 1273 4195 1417 4265; x_wconf 77' lang='grc' dir='ltr'>φημὶ</span> <span class='ocrx_word' id='word_1_514' title='bbox 1451 4194 1665 4265; x_wconf 91' lang='grc' dir='ltr'>λόγους.</span> <span class='ocrx_word' id='word_1_515' title='bbox 1726 4197 1919 4251; x_wconf 80' lang='grc' dir='ltr'>Καίτοι</span> <span class='ocrx_word' id='word_1_516' title='bbox 1967 4214 2033 4267; x_wconf 74' lang='grc' dir='ltr'>γε</span> <span class='ocrx_word' id='word_1_517' title='bbox 2092 4201 2186 4253; x_wconf 85' lang='lat'><strong>1:01</strong></span> 
     </span>
    </p>
   </div>
   <div class='ocr_carea' id='block_1_59' title="bbox 596 4286 2184 4365">
    <p class='ocr_par' dir='ltr' id='par_1_59' title="bbox 596 4286 2184 4365">
     <span class='ocr_line' id='line_1_59' title="bbox 596 4286 2184 4365; baseline 0.004 -26"><span class='ocrx_word' id='word_1_518' title='bbox 596 4286 857 4360; x_wconf 83' lang='grc' dir='ltr'>οὐρανοῦ,</span> <span class='ocrx_word' id='word_1_519' title='bbox 884 4288 980 4342; x_wconf 74' lang='grc' dir='ltr'>καὶ</span> <span class='ocrx_word' id='word_1_520' title='bbox 994 4290 1120 4359; x_wconf 79' lang='grc' dir='ltr'>γῆς,</span> <span class='ocrx_word' id='word_1_521' title='bbox 1141 4288 1237 4341; x_wconf 78' lang='grc' dir='ltr'>καὶ</span> <span class='ocrx_word' id='word_1_522' title='bbox 1267 4289 1335 4360; x_wconf 71' lang='grc' dir='ltr'>δη</span> <span class='ocrx_word' id='word_1_523' title='bbox 1389 4288 1487 4343; x_wconf 77' lang='grc' dir='ltr'>καὶ</span> <span class='ocrx_word' id='word_1_524' title='bbox 1522 4290 1768 4358; x_wconf 79' lang='grc' dir='ltr'>ἀγγέλων</span> <span class='ocrx_word' id='word_1_525' title='bbox 1827 4293 1923 4345; x_wconf 84' lang='lat'><strong>1:01</strong></span> <span class='ocrx_word' id='word_1_526' title='bbox 1975 4291 2184 4365; x_wconf 82' lang='grc' dir='ltr'>ἀνθρώ·</span> 
     </span>
    </p>
   </div>
   <div class='ocr_carea' id='block_1_60' title="bbox 598 4379 2185 4455">
    <p class='ocr_par' dir='ltr' id='par_1_60' title="bbox 598 4379 2185 4455">
     <span class='ocr_line' id='line_1_60' title="bbox 598 4379 2185 4455; baseline 0.003 -23"><span class='ocrx_word' id='word_1_527' title='bbox 598 4398 716 4433; x_wconf 83' lang='grc' dir='ltr'>πων</span> <span class='ocrx_word' id='word_1_528' title='bbox 750 4379 1022 4448; x_wconf 83' lang='grc' dir='ltr'>λέγοντες,</span> <span class='ocrx_word' id='word_1_529' title='bbox 1050 4383 1134 4434; x_wconf 85' lang='grc' dir='ltr'>ὅτι</span> <span class='ocrx_word' id='word_1_530' title='bbox 1174 4382 1454 4452; x_wconf 83' lang='grc' dir='ltr'>κτίσματα</span> <span class='ocrx_word' id='word_1_531' title='bbox 1490 4381 1731 4449; x_wconf 83' lang='grc' dir='ltr'>Θεοῦ,ού</span> <span class='ocrx_word' id='word_1_532' title='bbox 1786 4382 1877 4436; x_wconf 76' lang='grc' dir='ltr'>τὸν</span> <span class='ocrx_word' id='word_1_533' title='bbox 1900 4384 2026 4450; x_wconf 82' lang='grc' dir='ltr'>ὅρον</span> <span class='ocrx_word' id='word_1_534' title='bbox 2083 4385 2185 4455; x_wconf 85' lang='grc' dir='ltr'>τῆς</span> 
     </span>
    </p>
   </div>
   <div class='ocr_carea' id='block_1_61' title="bbox 593 4472 2259 4579">
    <p class='ocr_par' dir='ltr' id='par_1_61' title="bbox 593 4472 2259 4579">
     <span class='ocr_line' id='line_1_61' title="bbox 593 4472 2259 4579; baseline 0.002 -55"><span class='ocrx_word' id='word_1_535' title='bbox 593 4472 784 4535; x_wconf 81' lang='grc' dir='ltr'>οὐσίας</span> <span class='ocrx_word' id='word_1_536' title='bbox 815 4473 1047 4526; x_wconf 82' lang='grc' dir='ltr'>ἑκάστου</span> <span class='ocrx_word' id='word_1_537' title='bbox 1075 4473 1311 4542; x_wconf 77' lang='grc' dir='ltr'>λέγομεν</span> <span class='ocrx_word' id='word_1_538' title='bbox 1342 4486 1358 4504; x_wconf 79' lang='grc' dir='ltr'><strong><em>ο</em></strong></span> <span class='ocrx_word' id='word_1_539' title='bbox 1395 4477 1491 4529; x_wconf 80' lang='grc' dir='ltr'>καὶ</span> <span class='ocrx_word' id='word_1_540' title='bbox 1555 4475 1684 4542; x_wconf 74' lang='grc' dir='ltr'>περὶ</span> <span class='ocrx_word' id='word_1_541' title='bbox 1747 4475 1848 4545; x_wconf 79' lang='grc' dir='ltr'>τῆς</span> <span class='ocrx_word' id='word_1_542' title='bbox 1908 4474 2177 4548; x_wconf 81' lang='grc' dir='ltr'>αἰσθητῆς</span> <span class='ocrx_word' id='word_1_543' title='bbox 2208 4518 2259 4579; x_wconf 80' lang='lat' dir='ltr'><strong>D</strong></span> 
     </span>
    </p>
   </div>
   <div class='ocr_carea' id='block_1_62' title="bbox 591 4563 2179 4634">
    <p class='ocr_par' dir='ltr' id='par_1_62' title="bbox 591 4563 2179 4634">
     <span class='ocr_line' id='line_1_62' title="bbox 591 4563 2179 4634; baseline 0.003 -19"><span class='ocrx_word' id='word_1_544' title='bbox 591 4563 730 4632; x_wconf 82' lang='grc' dir='ltr'>ὁμοῦ</span> <span class='ocrx_word' id='word_1_545' title='bbox 770 4565 947 4631; x_wconf 77' lang='grc' dir='ltr'>πάσης</span> <span class='ocrx_word' id='word_1_546' title='bbox 983 4564 1217 4634; x_wconf 75' lang='grc' dir='ltr'>ταυτησὶ</span> <span class='ocrx_word' id='word_1_547' title='bbox 1245 4565 1482 4628; x_wconf 87' lang='grc' dir='ltr'>κτίσεως</span> <span class='ocrx_word' id='word_1_548' title='bbox 1510 4564 1764 4634; x_wconf 87' lang='grc' dir='ltr'>λέγοντες</span> <span class='ocrx_word' id='word_1_549' title='bbox 1783 4605 1799 4631; x_wconf 90' lang='grc'>,</span> <span class='ocrx_word' id='word_1_550' title='bbox 1828 4567 1913 4618; x_wconf 84' lang='grc' dir='ltr'>ὅτι</span> <span class='ocrx_word' id='word_1_551' title='bbox 1943 4565 2013 4619; x_wconf 82' lang='grc' dir='ltr'>δι’</span> <span class='ocrx_word' id='word_1_552' title='bbox 2036 4567 2179 4633; x_wconf 86' lang='grc' dir='ltr'>ἀγα-</span> 
     </span>
    </p>
   </div>
   <div class='ocr_carea' id='block_1_63' title="bbox 597 4652 2181 4728">
    <p class='ocr_par' dir='ltr' id='par_1_63' title="bbox 597 4652 2181 4728">
     <span class='ocr_line' id='line_1_63' title="bbox 597 4652 2181 4728; baseline 0.002 -21"><span class='ocrx_word' id='word_1_553' title='bbox 597 4653 800 4723; x_wconf 77' lang='grc' dir='ltr'>θότητα</span> <span class='ocrx_word' id='word_1_554' title='bbox 833 4654 984 4707; x_wconf 85' lang='grc' dir='ltr'>θείαν</span> <span class='ocrx_word' id='word_1_555' title='bbox 1020 4656 1084 4706; x_wconf 84' lang='grc' dir='ltr'>ἐκ</span> <span class='ocrx_word' id='word_1_556' title='bbox 1116 4653 1209 4707; x_wconf 90' lang='grc' dir='ltr'>τοῦ</span> <span class='ocrx_word' id='word_1_557' title='bbox 1272 4654 1348 4724; x_wconf 81' lang='grc' dir='ltr'>μὴ</span> <span class='ocrx_word' id='word_1_558' title='bbox 1397 4654 1556 4719; x_wconf 76' lang='grc' dir='ltr'>ὄντος</span> <span class='ocrx_word' id='word_1_559' title='bbox 1584 4657 1682 4727; x_wconf 78' lang='grc' dir='ltr'>εἰς</span> <span class='ocrx_word' id='word_1_560' title='bbox 1737 4655 1798 4709; x_wconf 85' lang='grc' dir='ltr'>τὸ</span> <span class='ocrx_word' id='word_1_561' title='bbox 1845 4652 1989 4710; x_wconf 76' lang='grc' dir='ltr'>εἶναι</span> <span class='ocrx_word' id='word_1_562' title='bbox 2035 4656 2181 4728; x_wconf 80' lang='grc' dir='ltr'>λόγῳ</span> 
     </span>
    </p>
   </div>
   <div class='ocr_carea' id='block_1_64' title="bbox 591 4744 2176 4816">
    <p class='ocr_par' dir='ltr' id='par_1_64' title="bbox 591 4744 2176 4816">
     <span class='ocr_line' id='line_1_64' title="bbox 591 4744 2176 4816; baseline 0.001 -18"><span class='ocrx_word' id='word_1_563' title='bbox 591 4744 730 4798; x_wconf 83' lang='grc' dir='ltr'>Θεοῦ</span> <span class='ocrx_word' id='word_1_564' title='bbox 774 4745 1144 4814; x_wconf 82' lang='grc' dir='ltr'>παρελθοῦσα,</span> <span class='ocrx_word' id='word_1_565' title='bbox 1176 4744 1266 4797; x_wconf 81' lang='grc' dir='ltr'>διὰ</span> <span class='ocrx_word' id='word_1_566' title='bbox 1324 4745 1418 4800; x_wconf 83' lang='grc' dir='ltr'>τὸν</span> <span class='ocrx_word' id='word_1_567' title='bbox 1463 4745 1754 4816; x_wconf 80' lang='grc' dir='ltr'>ἄνθρωπον</span> <span class='ocrx_word' id='word_1_568' title='bbox 1813 4748 2067 4816; x_wconf 85' lang='grc' dir='ltr'>γέγονεν,</span> <span class='ocrx_word' id='word_1_569' title='bbox 2115 4749 2176 4800; x_wconf 83' lang='grc' dir='ltr'>οὐ</span> 
     </span>
    </p>
   </div>
   <div class='ocr_carea' id='block_1_65' title="bbox 592 4835 2178 4913">
    <p class='ocr_par' dir='ltr' id='par_1_65' title="bbox 592 4835 2178 4913">
     <span class='ocr_line' id='line_1_65' title="bbox 592 4835 2178 4913; baseline 0.005 -25"><span class='ocrx_word' id='word_1_570' title='bbox 592 4838 689 4907; x_wconf 78' lang='grc' dir='ltr'>τὴν</span> <span class='ocrx_word' id='word_1_571' title='bbox 726 4838 918 4890; x_wconf 86' lang='grc' dir='ltr'>οὐσίαν</span> <span class='ocrx_word' id='word_1_572' title='bbox 940 4838 1112 4906; x_wconf 81' lang='grc' dir='ltr'>αὐτῆς</span> <span class='ocrx_word' id='word_1_573' title='bbox 1137 4835 1460 4907; x_wconf 77' lang='grc' dir='ltr'>όριζόμεθα,</span> <span class='ocrx_word' id='word_1_574' title='bbox 1498 4839 1635 4891; x_wconf 79' lang='grc' dir='ltr'>ἀλλὰ</span> <span class='ocrx_word' id='word_1_575' title='bbox 1679 4838 1836 4907; x_wconf 91' lang='grc' dir='ltr'>λόγον</span> <span class='ocrx_word' id='word_1_576' title='bbox 1870 4842 1993 4895; x_wconf 79' lang='grc' dir='ltr'>τινὰ</span> <span class='ocrx_word' id='word_1_577' title='bbox 2045 4843 2178 4913; x_wconf 73' lang='grc' dir='ltr'>περὶ</span> 
     </span>
    </p>
   </div>
   <div class='ocr_carea' id='block_1_66' title="bbox 591 4928 1764 5001">
    <p class='ocr_par' dir='ltr' id='par_1_66' title="bbox 591 4928 1764 5001">
     <span class='ocr_line' id='line_1_66' title="bbox 591 4928 1764 5001; baseline 0.002 -18"><span class='ocrx_word' id='word_1_578' title='bbox 591 4932 762 5000; x_wconf 85' lang='grc' dir='ltr'>αὐτῆς</span> <span class='ocrx_word' id='word_1_579' title='bbox 795 4931 888 4983; x_wconf 85' lang='lat'><strong>1:01</strong></span> <span class='ocrx_word' id='word_1_580' title='bbox 916 4930 1016 4999; x_wconf 87' lang='grc' dir='ltr'>τῆς</span> <span class='ocrx_word' id='word_1_581' title='bbox 1050 4930 1232 4992; x_wconf 79' lang='grc' dir='ltr'>αἰτίας</span> <span class='ocrx_word' id='word_1_582' title='bbox 1264 4929 1439 4999; x_wconf 80' lang='grc' dir='ltr'>αὐτῆς</span> <span class='ocrx_word' id='word_1_583' title='bbox 1500 4928 1764 5001; x_wconf 77' lang='grc' dir='ltr'>λέγομεν.</span> 
     </span>
    </p>
   </div>
   <div class='ocr_carea' id='block_1_67' title="bbox 662 5019 2179 5096">
    <p class='ocr_par' dir='ltr' id='par_1_67' title="bbox 662 5019 2179 5096">
     <span class='ocr_line' id='line_1_67' title="bbox 662 5019 2179 5096; baseline 0.005 -21"><span class='ocrx_word' id='word_1_584' title='bbox 662 5024 724 5075; x_wconf 78' lang='grc' dir='ltr'>Εἰ</span> <span class='ocrx_word' id='word_1_585' title='bbox 749 5021 880 5090; x_wconf 88' lang='grc' dir='ltr'>γοῦν</span> <span class='ocrx_word' id='word_1_586' title='bbox 900 5023 993 5073; x_wconf 78' lang='grc' dir='ltr'>καὶ</span> <span class='ocrx_word' id='word_1_587' title='bbox 1015 5019 1239 5073; x_wconf 77' lang='grc' dir='ltr'>ἐπὶτῶν</span> <span class='ocrx_word' id='word_1_588' title='bbox 1255 5020 1571 5091; x_wconf 84' lang='grc' dir='ltr'>κτισμάτων</span> <span class='ocrx_word' id='word_1_589' title='bbox 1590 5024 1700 5076; x_wconf 89' lang='grc' dir='ltr'>τῶν</span> <span class='ocrx_word' id='word_1_590' title='bbox 1716 5022 2039 5096; x_wconf 83' lang='grc' dir='ltr'>ὡρισμένων</span> <span class='ocrx_word' id='word_1_591' title='bbox 2058 5047 2179 5082; x_wconf 85' lang='grc' dir='ltr'>του-</span> 
     </span>
    </p>
   </div>
   <div class='ocr_carea' id='block_1_68' title="bbox 589 5112 2179 5192">
    <p class='ocr_par' dir='ltr' id='par_1_68' title="bbox 589 5112 2179 5192">
     <span class='ocr_line' id='line_1_68' title="bbox 589 5112 2179 5192; baseline 0.006 -27"><span class='ocrx_word' id='word_1_592' title='bbox 589 5117 718 5166; x_wconf 77' lang='grc' dir='ltr'>τωνὶ</span> <span class='ocrx_word' id='word_1_593' title='bbox 737 5115 830 5167; x_wconf 83' lang='grc' dir='ltr'>καί</span> <span class='ocrx_word' id='word_1_594' title='bbox 858 5112 1296 5182; x_wconf 82' lang='grc' dir='ltr'>πεπερασμένων</span> <span class='ocrx_word' id='word_1_595' title='bbox 1315 5112 1509 5182; x_wconf 85' lang='grc' dir='ltr'>λόγους</span> <span class='ocrx_word' id='word_1_596' title='bbox 1526 5114 1766 5168; x_wconf 84' lang='grc' dir='ltr'>τοιούσδε</span> <span class='ocrx_word' id='word_1_597' title='bbox 1790 5117 2062 5186; x_wconf 85' lang='grc' dir='ltr'>λέγοντες,</span> <span class='ocrx_word' id='word_1_598' title='bbox 2079 5122 2179 5192; x_wconf 88' lang='grc' dir='ltr'>οὐχ</span> 
     </span>
    </p>
   </div>
   <div class='ocr_carea' id='block_1_69' title="bbox 588 5202 2177 5280">
    <p class='ocr_par' dir='ltr' id='par_1_69' title="bbox 588 5202 2177 5280">
     <span class='ocr_line' id='line_1_69' title="bbox 588 5202 2177 5280; baseline 0.007 -25"><span class='ocrx_word' id='word_1_599' title='bbox 588 5204 748 5274; x_wconf 80' lang='grc' dir='ltr'>ὅρους</span> <span class='ocrx_word' id='word_1_600' title='bbox 772 5203 970 5267; x_wconf 87' lang='grc' dir='ltr'>αὐτούς</span> <span class='ocrx_word' id='word_1_601' title='bbox 996 5220 1198 5272; x_wconf 84' lang='grc' dir='ltr'>φαμεν,</span> <span class='ocrx_word' id='word_1_602' title='bbox 1223 5202 1339 5256; x_wconf 83' lang='grc' dir='ltr'>ἀλλ’</span> <span class='ocrx_word' id='word_1_603' title='bbox 1362 5204 1552 5269; x_wconf 82' lang='grc' dir='ltr'>ἅπλῶς</span> <span class='ocrx_word' id='word_1_604' title='bbox 1573 5223 1695 5261; x_wconf 86' lang='grc' dir='ltr'>τινα</span> <span class='ocrx_word' id='word_1_605' title='bbox 1718 5208 1788 5262; x_wconf 81' lang='grc' dir='ltr'>τὰ</span> <span class='ocrx_word' id='word_1_606' title='bbox 1813 5210 2177 5280; x_wconf 75' lang='grc' dir='ltr'>περὶτούτων</span> 
     </span>
    </p>
   </div>
   <div class='ocr_carea' id='block_1_70' title="bbox 589 5295 2171 5375">
    <p class='ocr_par' dir='ltr' id='par_1_70' title="bbox 589 5295 2171 5375">
     <span class='ocr_line' id='line_1_70' title="bbox 589 5295 2171 5375; baseline 0.008 -28"><span class='ocrx_word' id='word_1_607' title='bbox 589 5295 883 5367; x_wconf 80' lang='grc' dir='ltr'>λεγόμενα,</span> <span class='ocrx_word' id='word_1_608' title='bbox 914 5297 1067 5367; x_wconf 84' lang='grc' dir='ltr'>πόσῳ</span> <span class='ocrx_word' id='word_1_609' title='bbox 1100 5295 1305 5367; x_wconf 82' lang='grc' dir='ltr'>μᾶλλον</span> <span class='ocrx_word' id='word_1_610' title='bbox 1332 5298 1426 5350; x_wconf 79' lang='grc' dir='ltr'>ἐπὶ</span> <span class='ocrx_word' id='word_1_611' title='bbox 1450 5300 1551 5367; x_wconf 84' lang='grc' dir='ltr'>τῆς</span> <span class='ocrx_word' id='word_1_612' title='bbox 1580 5297 1734 5364; x_wconf 86' lang='grc' dir='ltr'>θείας</span> <span class='ocrx_word' id='word_1_613' title='bbox 1763 5303 1857 5354; x_wconf 76' lang='grc' dir='ltr'>καὶ</span> <span class='ocrx_word' id='word_1_614' title='bbox 1887 5304 2171 5375; x_wconf 81' lang='grc' dir='ltr'>ἀκηράτου</span> 
     </span>
    </p>
   </div>
   <div class='ocr_carea' id='block_1_71' title="bbox 588 5387 2175 5465">
    <p class='ocr_par' dir='ltr' id='par_1_71' title="bbox 588 5387 2175 5465">
     <span class='ocr_line' id='line_1_71' title="bbox 588 5387 2175 5465; baseline 0.008 -26"><span class='ocrx_word' id='word_1_615' title='bbox 588 5391 683 5442; x_wconf 74' lang='grc' dir='ltr'>καὶ</span> <span class='ocrx_word' id='word_1_616' title='bbox 704 5388 961 5460; x_wconf 81' lang='grc' dir='ltr'>ἀορίστου</span> <span class='ocrx_word' id='word_1_617' title='bbox 984 5387 1199 5457; x_wconf 85' lang='grc' dir='ltr'>φύσεως</span> <span class='ocrx_word' id='word_1_618' title='bbox 1216 5428 1232 5455; x_wconf 88' lang='grc'>,</span> <span class='ocrx_word' id='word_1_619' title='bbox 1255 5391 1346 5442; x_wconf 83' lang='grc' dir='ltr'>καὶ</span> <span class='ocrx_word' id='word_1_620' title='bbox 1366 5389 1430 5458; x_wconf 75' lang='grc' dir='ltr'>δὴ</span> <span class='ocrx_word' id='word_1_621' title='bbox 1455 5390 1552 5444; x_wconf 91' lang='lat'><strong>1:01</strong></span> <span class='ocrx_word' id='word_1_622' title='bbox 1568 5391 1678 5445; x_wconf 90' lang='grc' dir='ltr'>τῶν</span> <span class='ocrx_word' id='word_1_623' title='bbox 1697 5395 1761 5445; x_wconf 89' lang='grc' dir='ltr'>αὐ</span> <span class='ocrx_word' id='word_1_624' title='bbox 1771 5395 1866 5465; x_wconf 84' lang='grc' dir='ltr'>τῆς</span> <span class='ocrx_word' id='word_1_625' title='bbox 1894 5396 2175 5464; x_wconf 81' lang='grc' dir='ltr'>φυσικῶν;</span> 
     </span>
    </p>
   </div>
   <div class='ocr_carea' id='block_1_72' title="bbox 588 5482 2179 5557">
    <p class='ocr_par' dir='ltr' id='par_1_72' title="bbox 588 5482 2179 5557">
     <span class='ocr_line' id='line_1_72' title="bbox 588 5482 2179 5557; baseline 0.008 -22"><span class='ocrx_word' id='word_1_626' title='bbox 588 5484 662 5538; x_wconf 72' lang='grc' dir='ltr'>Τὸ</span> <span class='ocrx_word' id='word_1_627' title='bbox 683 5485 739 5538; x_wconf 69' lang='grc' dir='ltr'>δὲ</span> <span class='ocrx_word' id='word_1_628' title='bbox 760 5482 845 5537; x_wconf 81' lang='grc' dir='ltr'>ὢν</span> <span class='ocrx_word' id='word_1_629' title='bbox 864 5484 958 5537; x_wconf 75' lang='lat'><strong>1101</strong></span> <span class='ocrx_word' id='word_1_630' title='bbox 990 5485 1051 5537; x_wconf 87' lang='lat'>10</span> <span class='ocrx_word' id='word_1_631' title='bbox 1072 5486 1293 5556; x_wconf 79' lang='grc' dir='ltr'>ἀγαθὸς</span> <span class='ocrx_word' id='word_1_632' title='bbox 1313 5488 1406 5540; x_wconf 69' lang='grc' dir='ltr'>ἐπὶ</span> <span class='ocrx_word' id='word_1_633' title='bbox 1430 5487 1521 5542; x_wconf 91' lang='grc' dir='ltr'>τοῦ</span> <span class='ocrx_word' id='word_1_634' title='bbox 1546 5488 1682 5541; x_wconf 88' lang='grc' dir='ltr'>Θεοῦ</span> <span class='ocrx_word' id='word_1_635' title='bbox 1708 5489 2001 5557; x_wconf 86' lang='grc' dir='ltr'>λεγόμενα,</span> <span class='ocrx_word' id='word_1_636' title='bbox 2023 5492 2057 5546; x_wconf 74' lang='grc' dir='ltr'><strong>ἃ</strong></span> <span class='ocrx_word' id='word_1_637' title='bbox 2084 5495 2179 5548; x_wconf 86' lang='lat'><strong>1:01</strong></span> 
     </span>
    </p>
   </div>
   <div class='ocr_carea' id='block_1_73' title="bbox 585 5575 2178 5656">
    <p class='ocr_par' dir='ltr' id='par_1_73' title="bbox 585 5575 2178 5656">
     <span class='ocr_line' id='line_1_73' title="bbox 585 5575 2178 5656; baseline 0.007 -28"><span class='ocrx_word' id='word_1_638' title='bbox 585 5575 735 5630; x_wconf 83' lang='grc' dir='ltr'>δοκεί</span> <span class='ocrx_word' id='word_1_639' title='bbox 755 5579 879 5639; x_wconf 77' lang='grc' dir='ltr'>πως</span> <span class='ocrx_word' id='word_1_640' title='bbox 904 5577 1045 5630; x_wconf 84' lang='grc' dir='ltr'>κατὰ</span> <span class='ocrx_word' id='word_1_641' title='bbox 1070 5579 1196 5642; x_wconf 84' lang='grc' dir='ltr'>τοὺς</span> <span class='ocrx_word' id='word_1_642' title='bbox 1227 5579 1406 5650; x_wconf 75' lang='grc' dir='ltr'>ίερούς</span> <span class='ocrx_word' id='word_1_643' title='bbox 1436 5579 1721 5649; x_wconf 89' lang='grc' dir='ltr'>θεολόγους</span> <span class='ocrx_word' id='word_1_644' title='bbox 1750 5582 2054 5654; x_wconf 75' lang='grc' dir='ltr'>οἰκειότερα</span> <span class='ocrx_word' id='word_1_645' title='bbox 2080 5585 2178 5656; x_wconf 84' lang='grc' dir='ltr'>τῆς</span> 
     </span>
    </p>
   </div>
   <div class='ocr_carea' id='block_1_74' title="bbox 583 5656 2179 5749">
    <p class='ocr_par' dir='ltr' id='par_1_74' title="bbox 583 5656 2179 5749">
     <span class='ocr_line' id='line_1_74' title="bbox 583 5656 2179 5749; baseline 0.009 -32"><span class='ocrx_word' id='word_1_646' title='bbox 583 5665 1045 5742; x_wconf 84' lang='grc' dir='ltr'>ὐπερουσιότητος</span> <span class='ocrx_word' id='word_1_647' title='bbox 1064 5671 1283 5743; x_wconf 84' lang='grc' dir='ltr'>ἐκείνης</span> <span class='ocrx_word' id='word_1_648' title='bbox 1299 5672 1614 5744; x_wconf 83' lang='grc' dir='ltr'>τυγχάνειν,</span> <span class='ocrx_word' id='word_1_649' title='bbox 1636 5674 1944 5741; x_wconf 75' lang='grc' dir='ltr'>καὶταῦτα,</span> <span class='ocrx_word' id='word_1_650' title='bbox 1969 5656 2051 5729; x_wconf 84' lang='grc' dir='ltr'>ὅτι</span> <span class='ocrx_word' id='word_1_651' title='bbox 2076 5678 2179 5749; x_wconf 85' lang='grc' dir='ltr'>μὲν</span> 
     </span>
    </p>
   </div>
   <div class='ocr_carea' id='block_1_75' title="bbox 582 5756 2176 5835">
    <p class='ocr_par' dir='ltr' id='par_1_75' title="bbox 582 5756 2176 5835">
     <span class='ocr_line' id='line_1_75' title="bbox 582 5756 2176 5835; baseline 0.011 -27"><span class='ocrx_word' id='word_1_652' title='bbox 582 5756 732 5826; x_wconf 74' lang='grc' dir='ltr'>ἔστι,</span> <span class='ocrx_word' id='word_1_653' title='bbox 762 5767 854 5819; x_wconf 83' lang='lat'><strong>1:01</strong></span> <span class='ocrx_word' id='word_1_654' title='bbox 885 5764 965 5817; x_wconf 84' lang='grc' dir='ltr'>ὅτι</span> <span class='ocrx_word' id='word_1_655' title='bbox 994 5764 1199 5832; x_wconf 81' lang='grc' dir='ltr'>ἀγαθόν</span> <span class='ocrx_word' id='word_1_656' title='bbox 1227 5767 1344 5820; x_wconf 76' lang='grc' dir='ltr'>ἐστι</span> <span class='ocrx_word' id='word_1_657' title='bbox 1379 5765 1640 5835; x_wconf 75' lang='grc' dir='ltr'>σημαίνει</span> <span class='ocrx_word' id='word_1_658' title='bbox 1671 5781 1685 5797; x_wconf 74' lang='grc' dir='ltr'>ι</span> <span class='ocrx_word' id='word_1_659' title='bbox 1717 5765 1769 5820; x_wconf 90' lang='grc' dir='ltr'>τί</span> <span class='ocrx_word' id='word_1_660' title='bbox 1797 5765 1854 5821; x_wconf 81' lang='grc' dir='ltr'>δὲ</span> <span class='ocrx_word' id='word_1_661' title='bbox 1881 5767 1980 5835; x_wconf 78' lang='grc' dir='ltr'>τὴν</span> <span class='ocrx_word' id='word_1_662' title='bbox 2013 5768 2176 5835; x_wconf 75' lang='grc' dir='ltr'>φύσιν</span> 
     </span>
    </p>
   </div>
   <div class='ocr_carea' id='block_1_76' title="bbox 2299 1911 2857 1983">
    <p class='ocr_par' dir='ltr' id='par_1_76' title="bbox 2299 1911 2857 1983">
     <span class='ocr_line' id='line_1_76' title="bbox 2299 1911 2857 1983; baseline 0.002 -18"><span class='ocrx_word' id='word_1_663' title='bbox 2299 1913 2474 1983; x_wconf 89' lang='grc' dir='ltr'>λόγων</span> <span class='ocrx_word' id='word_1_664' title='bbox 2505 1911 2857 1980; x_wconf 78' lang='grc' dir='ltr'>ἀκούσωμεν.</span> 
     </span>
    </p>
   </div>
   <div class='ocr_carea' id='block_1_77' title="bbox 2367 2002 3821 2076">
    <p class='ocr_par' dir='ltr' id='par_1_77' title="bbox 2367 2002 3821 2076">
     <span class='ocr_line' id='line_1_77' title="bbox 2367 2002 3821 2076; baseline -0.001 -19"><span class='ocrx_word' id='word_1_665' title='bbox 2367 2005 2508 2076; x_wconf 73' lang='grc' dir='ltr'>Φησὶ</span> <span class='ocrx_word' id='word_1_666' title='bbox 2546 2004 2728 2059; x_wconf 91' lang='grc' dir='ltr'>τοίνυν</span> <span class='ocrx_word' id='word_1_667' title='bbox 2761 2006 2905 2075; x_wconf 84' lang='lat'><strong>1:90;</strong></span> <span class='ocrx_word' id='word_1_668' title='bbox 2934 2006 3063 2070; x_wconf 86' lang='grc' dir='ltr'>τούς</span> <span class='ocrx_word' id='word_1_669' title='bbox 3093 2006 3173 2076; x_wconf 80' lang='grc' dir='ltr'>τῷ</span> <span class='ocrx_word' id='word_1_670' title='bbox 3209 2004 3494 2076; x_wconf 85' lang='grc' dir='ltr'>Πνεύματι</span> <span class='ocrx_word' id='word_1_671' title='bbox 3519 2004 3591 2075; x_wconf 82' lang='grc' dir='ltr'>τῷ</span> <span class='ocrx_word' id='word_1_672' title='bbox 3605 2002 3726 2075; x_wconf 79' lang='grc' dir='ltr'>ἁγίῳ</span> <span class='ocrx_word' id='word_1_673' title='bbox 3748 2020 3821 2056; x_wconf 80' lang='grc' dir='ltr'>πο-</span> 
     </span>
    </p>
   </div>
   <div class='ocr_carea' id='block_1_78' title="bbox 2296 2091 3821 2172">
    <p class='ocr_par' dir='ltr' id='par_1_78' title="bbox 2296 2091 3821 2172">
     <span class='ocr_line' id='line_1_78' title="bbox 2296 2091 3821 2172; baseline 0 -24"><span class='ocrx_word' id='word_1_674' title='bbox 2296 2094 2623 2169; x_wconf 87' lang='grc' dir='ltr'>λεμοῦντας,</span> <span class='ocrx_word' id='word_1_675' title='bbox 2660 2098 2756 2151; x_wconf 75' lang='grc' dir='ltr'>καὶ</span> <span class='ocrx_word' id='word_1_676' title='bbox 2789 2097 2865 2169; x_wconf 80' lang='grc' dir='ltr'>μὴ</span> <span class='ocrx_word' id='word_1_677' title='bbox 2898 2098 3236 2171; x_wconf 83' lang='grc' dir='ltr'>δημιουργὸν</span> <span class='ocrx_word' id='word_1_678' title='bbox 3262 2099 3400 2156; x_wconf 79' lang='grc' dir='ltr'>αὐτὸ</span> <span class='ocrx_word' id='word_1_679' title='bbox 3450 2099 3729 2172; x_wconf 75' lang='grc' dir='ltr'>φάσκοντας</span> <span class='ocrx_word' id='word_1_680' title='bbox 3763 2091 3821 2148; x_wconf 83' lang='grc' dir='ltr'>εί-</span> 
     </span>
    </p>
   </div>
   <div class='ocr_carea' id='block_1_79' title="bbox 2297 2188 3821 2263">
    <p class='ocr_par' dir='ltr' id='par_1_79' title="bbox 2297 2188 3821 2263">
     <span class='ocr_line' id='line_1_79' title="bbox 2297 2188 3821 2263; baseline 0.001 -23"><span class='ocrx_word' id='word_1_681' title='bbox 2297 2204 2410 2253; x_wconf 91' lang='grc' dir='ltr'>ναι,</span> <span class='ocrx_word' id='word_1_682' title='bbox 2427 2188 2852 2260; x_wconf 75' lang='grc' dir='ltr'>ἀποτεινόμενος</span> <span class='ocrx_word' id='word_1_683' title='bbox 2875 2203 2892 2218; x_wconf 81' lang='grc'><strong>⁸</strong></span> <span class='ocrx_word' id='word_1_684' title='bbox 2919 2191 2982 2244; x_wconf 84' lang='grc' dir='ltr'>Εί</span> <span class='ocrx_word' id='word_1_685' title='bbox 3006 2193 3189 2246; x_wconf 88' lang='grc' dir='ltr'>τοίνυν</span> <span class='ocrx_word' id='word_1_686' title='bbox 3218 2194 3285 2245; x_wconf 86' lang='lat'>10</span> <span class='ocrx_word' id='word_1_687' title='bbox 3306 2193 3660 2263; x_wconf 85' lang='grc' dir='ltr'>ὐπερκόσμιον</span> <span class='ocrx_word' id='word_1_688' title='bbox 3698 2188 3821 2257; x_wconf 79' lang='grc' dir='ltr'>σῶμα</span> 
     </span>
    </p>
   </div>
   <div class='ocr_carea' id='block_1_80' title="bbox 2297 2272 3818 2355">
    <p class='ocr_par' dir='ltr' id='par_1_80' title="bbox 2297 2272 3818 2355">
     <span class='ocr_line' id='line_1_80' title="bbox 2297 2272 3818 2355; baseline -0.001 -19"><span class='ocrx_word' id='word_1_689' title='bbox 2297 2272 2538 2352; x_wconf 78' lang='grc' dir='ltr'>Χριστοῦ</span> <span class='ocrx_word' id='word_1_690' title='bbox 2577 2282 2642 2337; x_wconf 84' lang='grc' dir='ltr'>ἐκ</span> <span class='ocrx_word' id='word_1_691' title='bbox 2673 2281 2993 2353; x_wconf 80' lang='grc' dir='ltr'>Πνεύματός</span> <span class='ocrx_word' id='word_1_692' title='bbox 3032 2285 3181 2339; x_wconf 79' lang='grc' dir='ltr'>ἐστιν</span> <span class='ocrx_word' id='word_1_693' title='bbox 3220 2286 3382 2355; x_wconf 81' lang='grc' dir='ltr'>ἁγίου</span> <span class='ocrx_word' id='word_1_694' title='bbox 3405 2328 3422 2354; x_wconf 96' lang='grc'>,</span> <span class='ocrx_word' id='word_1_695' title='bbox 3451 2287 3509 2342; x_wconf 88' lang='grc' dir='ltr'>οὐ</span> <span class='ocrx_word' id='word_1_696' title='bbox 3539 2285 3736 2340; x_wconf 73' lang='grc' dir='ltr'>δυνατὸν</span> <span class='ocrx_word' id='word_1_697' title='bbox 3776 2280 3818 2334; x_wconf 80' lang='grc' dir='ltr'>δι</span> 
     </span>
    </p>
   </div>
   <div class='ocr_carea' id='block_1_81' title="bbox 2296 2373 3818 2450">
    <p class='ocr_par' dir='ltr' id='par_1_81' title="bbox 2296 2373 3818 2450">
     <span class='ocr_line' id='line_1_81' title="bbox 2296 2373 3818 2450; baseline 0.005 -24"><span class='ocrx_word' id='word_1_698' title='bbox 2296 2373 2544 2445; x_wconf 84' lang='grc' dir='ltr'>γέννημα</span> <span class='ocrx_word' id='word_1_699' title='bbox 2568 2374 2737 2429; x_wconf 90' lang='grc' dir='ltr'>αὐτοῦ</span> <span class='ocrx_word' id='word_1_700' title='bbox 2766 2375 3051 2448; x_wconf 80' lang='grc' dir='ltr'>ὑπάρχειν,</span> <span class='ocrx_word' id='word_1_701' title='bbox 3075 2378 3158 2432; x_wconf 85' lang='grc' dir='ltr'>ὃτι</span> <span class='ocrx_word' id='word_1_702' title='bbox 3183 2378 3243 2431; x_wconf 86' lang='lat'>10</span> <span class='ocrx_word' id='word_1_703' title='bbox 3271 2378 3655 2450; x_wconf 79' lang='grc' dir='ltr'>γεγεννημένον</span> <span class='ocrx_word' id='word_1_704' title='bbox 3676 2377 3730 2428; x_wconf 80' lang='grc' dir='ltr'>ἐκ</span> <span class='ocrx_word' id='word_1_705' title='bbox 3746 2373 3818 2441; x_wconf 83' lang='grc' dir='ltr'>τῆς</span> 
     </span>
    </p>
   </div>
   <div class='ocr_carea' id='block_1_82' title="bbox 2298 2462 3819 2542">
    <p class='ocr_par' dir='ltr' id='par_1_82' title="bbox 2298 2462 3819 2542">
     <span class='ocr_line' id='line_1_82' title="bbox 2298 2462 3819 2542; baseline -0.011 -10"><span class='ocrx_word' id='word_1_706' title='bbox 2298 2464 2499 2534; x_wconf 77' lang='grc' dir='ltr'>σαρκὸς</span> <span class='ocrx_word' id='word_1_707' title='bbox 2524 2467 2660 2535; x_wconf 78' lang='grc' dir='ltr'>σάρξ</span> <span class='ocrx_word' id='word_1_708' title='bbox 2701 2468 2840 2534; x_wconf 83' lang='grc' dir='ltr'>ἐστι,</span> <span class='ocrx_word' id='word_1_709' title='bbox 2873 2472 2967 2522; x_wconf 81' lang='lat'><strong>1:01</strong></span> <span class='ocrx_word' id='word_1_710' title='bbox 2994 2468 3055 2522; x_wconf 87' lang='lat'>10</span> <span class='ocrx_word' id='word_1_711' title='bbox 3087 2471 3484 2542; x_wconf 81' lang='grc' dir='ltr'>γεγεννημένον</span> <span class='ocrx_word' id='word_1_712' title='bbox 3515 2462 3819 2523; x_wconf 62' lang='lat' dir='ltr'><strong>1x1060116-</strong></span> 
     </span>
    </p>
   </div>
   <div class='ocr_carea' id='block_1_83' title="bbox 2299 2554 3817 2628">
    <p class='ocr_par' dir='ltr' id='par_1_83' title="bbox 2299 2554 3817 2628">
     <span class='ocr_line' id='line_1_83' title="bbox 2299 2554 3817 2628; baseline 0.006 -19"><span class='ocrx_word' id='word_1_713' title='bbox 2299 2573 2470 2626; x_wconf 87' lang='grc' dir='ltr'>ματος</span> <span class='ocrx_word' id='word_1_714' title='bbox 2503 2554 2722 2628; x_wconf 85' lang='grc' dir='ltr'>πνεῦμά</span> <span class='ocrx_word' id='word_1_715' title='bbox 2753 2559 2929 2625; x_wconf 84' lang='grc' dir='ltr'>ἐστιν,</span> <span class='ocrx_word' id='word_1_716' title='bbox 2976 2561 3087 2614; x_wconf 82' lang='grc' dir='ltr'>οὐδ’</span> <span class='ocrx_word' id='word_1_717' title='bbox 3117 2561 3186 2616; x_wconf 78' lang='grc' dir='ltr'>αὖ</span> <span class='ocrx_word' id='word_1_718' title='bbox 3243 2563 3413 2618; x_wconf 82' lang='grc' dir='ltr'>πάλιν</span> <span class='ocrx_word' id='word_1_719' title='bbox 3470 2558 3529 2626; x_wconf 68' lang='grc' dir='ltr'>ἐξ</span> <span class='ocrx_word' id='word_1_720' title='bbox 3582 2557 3726 2614; x_wconf 88' lang='grc' dir='ltr'>αὐτοῦ</span> <span class='ocrx_word' id='word_1_721' title='bbox 3762 2554 3817 2618; x_wconf 76' lang='grc' dir='ltr'>ὡς</span> 
     </span>
    </p>
   </div>
   <div class='ocr_carea' id='block_1_84' title="bbox 2296 2646 3819 2725">
    <p class='ocr_par' dir='ltr' id='par_1_84' title="bbox 2296 2646 3819 2725">
     <span class='ocr_line' id='line_1_84' title="bbox 2296 2646 3819 2725; baseline -0.001 -23"><span class='ocrx_word' id='word_1_722' title='bbox 2296 2647 2550 2717; x_wconf 83' lang='grc' dir='ltr'>ἐνέργεια</span> <span class='ocrx_word' id='word_1_723' title='bbox 2576 2646 2764 2717; x_wconf 87' lang='grc' dir='ltr'>αὐτοῦ,</span> <span class='ocrx_word' id='word_1_724' title='bbox 2799 2651 2883 2705; x_wconf 79' lang='grc' dir='ltr'>ὅτι</span> <span class='ocrx_word' id='word_1_725' title='bbox 2915 2650 3010 2706; x_wconf 80' lang='grc' dir='ltr'>ἐπὶ</span> <span class='ocrx_word' id='word_1_726' title='bbox 3042 2654 3222 2725; x_wconf 83' lang='grc' dir='ltr'>ἁπλῆς</span> <span class='ocrx_word' id='word_1_727' title='bbox 3278 2656 3375 2709; x_wconf 83' lang='lat'><strong>1:01</strong></span> <span class='ocrx_word' id='word_1_728' title='bbox 3434 2654 3707 2722; x_wconf 76' lang='grc' dir='ltr'>ἀσωμάτου</span> <span class='ocrx_word' id='word_1_729' title='bbox 3744 2647 3819 2718; x_wconf 79' lang='grc' dir='ltr'>φύ-</span> 
     </span>
    </p>
   </div>
   <div class='ocr_carea' id='block_1_85' title="bbox 2297 2741 3816 2817">
    <p class='ocr_par' dir='ltr' id='par_1_85' title="bbox 2297 2741 3816 2817">
     <span class='ocr_line' id='line_1_85' title="bbox 2297 2741 3816 2817; baseline -0.002 -23"><span class='ocrx_word' id='word_1_730' title='bbox 2297 2757 2435 2804; x_wconf 90' lang='grc' dir='ltr'>σεως</span> <span class='ocrx_word' id='word_1_731' title='bbox 2464 2741 2555 2795; x_wconf 78' lang='grc' dir='ltr'>τὸν</span> <span class='ocrx_word' id='word_1_732' title='bbox 2575 2741 2738 2796; x_wconf 74' lang='grc' dir='ltr'>αὐτὸν</span> <span class='ocrx_word' id='word_1_733' title='bbox 2770 2743 3168 2817; x_wconf 79' lang='grc' dir='ltr'>ἐπιδέχεταιτῇ</span> <span class='ocrx_word' id='word_1_734' title='bbox 3193 2744 3363 2817; x_wconf 68' lang='grc' dir='ltr'>οὐσίᾳ</span> <span class='ocrx_word' id='word_1_735' title='bbox 3427 2746 3578 2814; x_wconf 85' lang='grc' dir='ltr'>λόγον</span> <span class='ocrx_word' id='word_1_736' title='bbox 3627 2745 3655 2815; x_wconf 72' lang='grc' dir='ltr'>ἡ</span> <span class='ocrx_word' id='word_1_737' title='bbox 3698 2742 3816 2810; x_wconf 80' lang='grc' dir='ltr'>ἐνέρ-</span> 
     </span>
    </p>
   </div>
   <div class='ocr_carea' id='block_1_86' title="bbox 2293 2834 3811 2907">
    <p class='ocr_par' dir='ltr' id='par_1_86' title="bbox 2293 2834 3811 2907">
     <span class='ocr_line' id='line_1_86' title="bbox 2293 2834 3811 2907; baseline -0.002 -19"><span class='ocrx_word' id='word_1_738' title='bbox 2293 2850 2441 2903; x_wconf 87' lang='grc' dir='ltr'>γεια,</span> <span class='ocrx_word' id='word_1_739' title='bbox 2474 2834 2832 2891; x_wconf 75' lang='grc' dir='ltr'>ὑπολείπεται</span> <span class='ocrx_word' id='word_1_740' title='bbox 2894 2838 3005 2907; x_wconf 76' lang='grc' dir='ltr'>ἄρα</span> <span class='ocrx_word' id='word_1_741' title='bbox 3034 2837 3095 2902; x_wconf 80' lang='grc' dir='ltr'>ἐξ</span> <span class='ocrx_word' id='word_1_742' title='bbox 3146 2838 3319 2892; x_wconf 87' lang='grc' dir='ltr'>αὐτοῦ</span> <span class='ocrx_word' id='word_1_743' title='bbox 3377 2834 3603 2900; x_wconf 74' lang='grc' dir='ltr'>εἷναιὼς</span> <span class='ocrx_word' id='word_1_744' title='bbox 3646 2834 3811 2902; x_wconf 78' lang='grc' dir='ltr'>κτίσμα</span> 
     </span>
    </p>
   </div>
   <div class='ocr_carea' id='block_1_87' title="bbox 2294 2925 3816 3002">
    <p class='ocr_par' dir='ltr' id='par_1_87' title="bbox 2294 2925 3816 3002">
     <span class='ocr_line' id='line_1_87' title="bbox 2294 2925 3816 3002; baseline -0.001 -22"><span class='ocrx_word' id='word_1_745' title='bbox 2294 2926 2482 2982; x_wconf 90' lang='grc' dir='ltr'>αὐτοῦ.</span> <span class='ocrx_word' id='word_1_746' title='bbox 2517 2928 2744 2996; x_wconf 85' lang='grc' dir='ltr'>Πρῶτον</span> <span class='ocrx_word' id='word_1_747' title='bbox 2775 2928 2877 3000; x_wconf 79' lang='grc' dir='ltr'>μὲν</span> <span class='ocrx_word' id='word_1_748' title='bbox 2901 2926 3017 2994; x_wconf 88' lang='grc' dir='ltr'>οὗν,</span> <span class='ocrx_word' id='word_1_749' title='bbox 3042 2925 3087 2984; x_wconf 80' lang='grc' dir='ltr'><strong>ὦ</strong></span> <span class='ocrx_word' id='word_1_750' title='bbox 3111 2931 3397 3002; x_wconf 82' lang='grc' dir='ltr'>φιλόσοφε,</span> <span class='ocrx_word' id='word_1_751' title='bbox 3429 2932 3526 2985; x_wconf 87' lang='grc' dir='ltr'>οὐκ</span> <span class='ocrx_word' id='word_1_752' title='bbox 3554 2930 3701 3001; x_wconf 75' lang='grc' dir='ltr'>ἐχρῆν</span> <span class='ocrx_word' id='word_1_753' title='bbox 3723 2928 3816 2992; x_wconf 67' lang='grc' dir='ltr'>ἀφι-</span> 
     </span>
    </p>
   </div>
   <div class='ocr_carea' id='block_1_88' title="bbox 2293 3018 3815 3094">
    <p class='ocr_par' dir='ltr' id='par_1_88' title="bbox 2293 3018 3815 3094">
     <span class='ocr_line' id='line_1_88' title="bbox 2293 3018 3815 3094; baseline -0.001 -21"><span class='ocrx_word' id='word_1_754' title='bbox 2293 3018 2545 3088; x_wconf 87' lang='grc' dir='ltr'>λοσόφως</span> <span class='ocrx_word' id='word_1_755' title='bbox 2582 3020 2728 3073; x_wconf 76' lang='grc' dir='ltr'>οὕτω</span> <span class='ocrx_word' id='word_1_756' title='bbox 2756 3020 2853 3075; x_wconf 81' lang='grc' dir='ltr'>καὶ</span> <span class='ocrx_word' id='word_1_757' title='bbox 2881 3021 3112 3093; x_wconf 83' lang='grc' dir='ltr'>ἀμαθῶς</span> <span class='ocrx_word' id='word_1_758' title='bbox 3145 3023 3409 3094; x_wconf 87' lang='grc' dir='ltr'>πολεμεῖν</span> <span class='ocrx_word' id='word_1_759' title='bbox 3434 3040 3490 3077; x_wconf 90' lang='grc' dir='ltr'>σε</span> <span class='ocrx_word' id='word_1_760' title='bbox 3535 3023 3640 3084; x_wconf 81' lang='grc' dir='ltr'>τοῖς</span> <span class='ocrx_word' id='word_1_761' title='bbox 3685 3030 3815 3087; x_wconf 64' lang='lat' dir='ltr'><strong>00v:-</strong></span> 
     </span>
    </p>
   </div>
   <div class='ocr_carea' id='block_1_89' title="bbox 2294 3108 3816 3187">
    <p class='ocr_par' dir='ltr' id='par_1_89' title="bbox 2294 3108 3816 3187">
     <span class='ocr_line' id='line_1_89' title="bbox 2294 3108 3816 3187; baseline -0.002 -22"><span class='ocrx_word' id='word_1_762' title='bbox 2294 3114 2430 3181; x_wconf 81' lang='grc' dir='ltr'>ροῖς,</span> <span class='ocrx_word' id='word_1_763' title='bbox 2466 3113 2560 3166; x_wconf 85' lang='lat'><strong>1:01</strong></span> <span class='ocrx_word' id='word_1_764' title='bbox 2584 3112 2645 3166; x_wconf 81' lang='grc' dir='ltr'>τὸ</span> <span class='ocrx_word' id='word_1_765' title='bbox 2674 3113 2748 3185; x_wconf 76' lang='grc' dir='ltr'>μὴ</span> <span class='ocrx_word' id='word_1_766' title='bbox 2781 3112 2839 3166; x_wconf 81' lang='grc' dir='ltr'>ὃν</span> <span class='ocrx_word' id='word_1_767' title='bbox 2872 3115 3134 3185; x_wconf 80' lang='grc' dir='ltr'>ἄντικρυς</span> <span class='ocrx_word' id='word_1_768' title='bbox 3166 3115 3228 3168; x_wconf 81' lang='grc' dir='ltr'>ὃν</span> <span class='ocrx_word' id='word_1_769' title='bbox 3254 3115 3460 3186; x_wconf 86' lang='grc' dir='ltr'>λέγειν,</span> <span class='ocrx_word' id='word_1_770' title='bbox 3492 3116 3524 3187; x_wconf 82' lang='grc' dir='ltr'>ἢ</span> <span class='ocrx_word' id='word_1_771' title='bbox 3551 3117 3607 3170; x_wconf 87' lang='lat'>10</span> <span class='ocrx_word' id='word_1_772' title='bbox 3656 3112 3719 3166; x_wconf 59' lang='grc' dir='ltr'>ὃν</span> <span class='ocrx_word' id='word_1_773' title='bbox 3746 3108 3816 3162; x_wconf 78' lang='grc' dir='ltr'>καὶ</span> 
     </span>
    </p>
   </div>
   <div class='ocr_carea' id='block_1_90' title="bbox 2293 3199 3814 3281">
    <p class='ocr_par' dir='ltr' id='par_1_90' title="bbox 2293 3199 3814 3281">
     <span class='ocr_line' id='line_1_90' title="bbox 2293 3199 3814 3281; baseline -0.002 -26"><span class='ocrx_word' id='word_1_774' title='bbox 2293 3203 2625 3273; x_wconf 84' lang='grc' dir='ltr'>φαινόμενον</span> <span class='ocrx_word' id='word_1_775' title='bbox 2654 3201 2812 3268; x_wconf 90' lang='grc' dir='ltr'>αὐθις</span> <span class='ocrx_word' id='word_1_776' title='bbox 2846 3205 2905 3271; x_wconf 80' lang='grc' dir='ltr'>ἐξ</span> <span class='ocrx_word' id='word_1_777' title='bbox 2930 3206 3301 3278; x_wconf 85' lang='grc' dir='ltr'>ἀντιστρόφου</span> <span class='ocrx_word' id='word_1_778' title='bbox 3332 3210 3407 3281; x_wconf 77' lang='grc' dir='ltr'>μὴ</span> <span class='ocrx_word' id='word_1_779' title='bbox 3435 3208 3513 3276; x_wconf 86' lang='grc' dir='ltr'>δν,</span> <span class='ocrx_word' id='word_1_780' title='bbox 3544 3205 3669 3278; x_wconf 72' lang='grc' dir='ltr'>πρὸς</span> <span class='ocrx_word' id='word_1_781' title='bbox 3694 3204 3718 3256; x_wconf 85' lang='grc' dir='ltr'>δ</span> <span class='ocrx_word' id='word_1_782' title='bbox 3744 3199 3814 3254; x_wconf 74' lang='lat'>101</span> 
     </span>
    </p>
   </div>
   <div class='ocr_carea' id='block_1_91' title="bbox 2293 3292 3815 3371">
    <p class='ocr_par' dir='ltr' id='par_1_91' title="bbox 2293 3292 3815 3371">
     <span class='ocr_line' id='line_1_91' title="bbox 2293 3292 3815 3371; baseline 0.002 -26"><span class='ocrx_word' id='word_1_783' title='bbox 2293 3292 2509 3347; x_wconf 88' lang='grc' dir='ltr'>παιδίον</span> <span class='ocrx_word' id='word_1_784' title='bbox 2547 3293 2884 3366; x_wconf 75' lang='grc' dir='ltr'>ἠρυθρίασεν</span> <span class='ocrx_word' id='word_1_785' title='bbox 2916 3295 3004 3349; x_wconf 79' lang='grc' dir='ltr'>ἄν.</span> <span class='ocrx_word' id='word_1_786' title='bbox 3035 3296 3327 3354; x_wconf 82' lang='grc' dir='ltr'>Βασιλείου</span> <span class='ocrx_word' id='word_1_787' title='bbox 3349 3301 3443 3354; x_wconf 78' lang='grc' dir='ltr'>καὶ</span> <span class='ocrx_word' id='word_1_788' title='bbox 3473 3302 3576 3371; x_wconf 66' lang='grc' dir='ltr'>γὰρ</span> <span class='ocrx_word' id='word_1_789' title='bbox 3601 3296 3685 3351; x_wconf 89' lang='grc' dir='ltr'>τοῦ</span> <span class='ocrx_word' id='word_1_790' title='bbox 3729 3308 3815 3348; x_wconf 74' lang='grc' dir='ltr'>κοι-</span> 
     </span>
    </p>
   </div>
   <div class='ocr_carea' id='block_1_92' title="bbox 2292 3384 3814 3462">
    <p class='ocr_par' dir='ltr' id='par_1_92' title="bbox 2292 3384 3814 3462">
     <span class='ocr_line' id='line_1_92' title="bbox 2292 3384 3814 3462; baseline 0 -23"><span class='ocrx_word' id='word_1_791' title='bbox 2292 3384 2384 3439; x_wconf 87' lang='grc' dir='ltr'>νοῦ</span> <span class='ocrx_word' id='word_1_792' title='bbox 2415 3384 2741 3439; x_wconf 81' lang='grc' dir='ltr'>διδασκάλου</span> <span class='ocrx_word' id='word_1_793' title='bbox 2768 3387 2869 3456; x_wconf 86' lang='grc' dir='ltr'>τῆς</span> <span class='ocrx_word' id='word_1_794' title='bbox 2940 3385 3285 3460; x_wconf 75' lang='grc' dir='ltr'>Ἐκκλησίας</span> <span class='ocrx_word' id='word_1_795' title='bbox 3343 3393 3440 3462; x_wconf 83' lang='grc' dir='ltr'>τήν</span> <span class='ocrx_word' id='word_1_796' title='bbox 3456 3409 3514 3444; x_wconf 87' lang='grc' dir='ltr'>τε</span> <span class='ocrx_word' id='word_1_797' title='bbox 3572 3389 3814 3444; x_wconf 79' lang='grc' dir='ltr'>ὑπόστασιν</span> 
     </span>
    </p>
   </div>
   <div class='ocr_carea' id='block_1_93' title="bbox 2291 3477 3815 3549">
    <p class='ocr_par' dir='ltr' id='par_1_93' title="bbox 2291 3477 3815 3549">
     <span class='ocr_line' id='line_1_93' title="bbox 2291 3477 3815 3549; baseline 0 -20"><span class='ocrx_word' id='word_1_798' title='bbox 2291 3477 2386 3530; x_wconf 89' lang='grc' dir='ltr'>τοῦ</span> <span class='ocrx_word' id='word_1_799' title='bbox 2415 3478 2577 3544; x_wconf 88' lang='grc' dir='ltr'>ἁγίου</span> <span class='ocrx_word' id='word_1_800' title='bbox 2628 3478 2952 3549; x_wconf 84' lang='grc' dir='ltr'>Πνεύματος</span> <span class='ocrx_word' id='word_1_801' title='bbox 2974 3483 3066 3534; x_wconf 83' lang='lat'><strong>1:01</strong></span> <span class='ocrx_word' id='word_1_802' title='bbox 3104 3483 3164 3535; x_wconf 86' lang='lat'>10</span> <span class='ocrx_word' id='word_1_803' title='bbox 3198 3485 3562 3538; x_wconf 73' lang='grc' dir='ltr'>ἐνυπόστατον</span> <span class='ocrx_word' id='word_1_804' title='bbox 3619 3478 3815 3546; x_wconf 77' lang='grc' dir='ltr'>εἰσάγον·</span> 
     </span>
    </p>
   </div>
   <div class='ocr_carea' id='block_1_94' title="bbox 2289 3568 3808 3645">
    <p class='ocr_par' dir='ltr' id='par_1_94' title="bbox 2289 3568 3808 3645">
     <span class='ocr_line' id='line_1_94' title="bbox 2289 3568 3808 3645; baseline 0 -25"><span class='ocrx_word' id='word_1_805' title='bbox 2289 3584 2381 3631; x_wconf 85' lang='grc' dir='ltr'>τος</span> <span class='ocrx_word' id='word_1_806' title='bbox 2400 3569 2494 3621; x_wconf 88' lang='grc' dir='ltr'>τοῦ</span> <span class='ocrx_word' id='word_1_807' title='bbox 2519 3569 2756 3641; x_wconf 86' lang='grc' dir='ltr'>Χριστοῦ</span> <span class='ocrx_word' id='word_1_808' title='bbox 2785 3570 2943 3640; x_wconf 86' lang='grc' dir='ltr'>σῶμα</span> <span class='ocrx_word' id='word_1_809' title='bbox 2969 3570 3045 3640; x_wconf 79' lang='grc' dir='ltr'>τῷ</span> <span class='ocrx_word' id='word_1_810' title='bbox 3068 3571 3234 3645; x_wconf 79' lang='grc' dir='ltr'>λόγῳ,</span> <span class='ocrx_word' id='word_1_811' title='bbox 3260 3578 3355 3628; x_wconf 74' lang='lat'><strong>1:01</strong></span> <span class='ocrx_word' id='word_1_812' title='bbox 3376 3575 3475 3645; x_wconf 79' lang='grc' dir='ltr'>τὴν</span> <span class='ocrx_word' id='word_1_813' title='bbox 3497 3568 3808 3642; x_wconf 72' lang='grc' dir='ltr'>εὐαγγελικὴν</span> 
     </span>
    </p>
   </div>
   <div class='ocr_carea' id='block_1_95' title="bbox 2290 3661 3813 3739">
    <p class='ocr_par' dir='ltr' id='par_1_95' title="bbox 2290 3661 3813 3739">
     <span class='ocr_line' id='line_1_95' title="bbox 2290 3661 3813 3739; baseline 0.001 -25"><span class='ocrx_word' id='word_1_814' title='bbox 2290 3661 2509 3732; x_wconf 75' lang='grc' dir='ltr'>ἐκείνην</span> <span class='ocrx_word' id='word_1_815' title='bbox 2540 3664 2982 3727; x_wconf 65' lang='grc' dir='ltr'>ἅναπτύσσσντος</span> <span class='ocrx_word' id='word_1_816' title='bbox 3015 3666 3225 3736; x_wconf 83' lang='grc' dir='ltr'>φωνὴν,</span> <span class='ocrx_word' id='word_1_817' title='bbox 3259 3668 3359 3739; x_wconf 76' lang='grc' dir='ltr'>τὴν</span> <span class='ocrx_word' id='word_1_818' title='bbox 3390 3669 3512 3722; x_wconf 75' lang='grc' dir='ltr'>Ὀτι</span> <span class='ocrx_word' id='word_1_819' title='bbox 3558 3667 3615 3721; x_wconf 86' lang='lat'>10</span> <span class='ocrx_word' id='word_1_820' title='bbox 3663 3678 3813 3733; x_wconf 81' lang='grc' dir='ltr'>γεννη-</span> 
     </span>
    </p>
   </div>
   <div class='ocr_carea' id='block_1_96' title="bbox 2291 3754 3809 3831">
    <p class='ocr_par' dir='ltr' id='par_1_96' title="bbox 2291 3754 3809 3831">
     <span class='ocr_line' id='line_1_96' title="bbox 2291 3754 3809 3831; baseline 0.005 -22"><span class='ocrx_word' id='word_1_821' title='bbox 2291 3754 2382 3809; x_wconf 88' lang='grc' dir='ltr'>θέν</span> <span class='ocrx_word' id='word_1_822' title='bbox 2410 3755 2470 3808; x_wconf 83' lang='grc' dir='ltr'>ἐν</span> <span class='ocrx_word' id='word_1_823' title='bbox 2507 3758 2574 3828; x_wconf 81' lang='grc' dir='ltr'>τῇ</span> <span class='ocrx_word' id='word_1_824' title='bbox 2604 3757 2736 3827; x_wconf 74' lang='grc' dir='ltr'>ἁγίᾳ</span> <span class='ocrx_word' id='word_1_825' title='bbox 2761 3757 3022 3827; x_wconf 78' lang='grc' dir='ltr'>Παρθένῳ</span> <span class='ocrx_word' id='word_1_826' title='bbox 3047 3760 3113 3814; x_wconf 79' lang='grc' dir='ltr'>ἐκ</span> <span class='ocrx_word' id='word_1_827' title='bbox 3130 3761 3451 3831; x_wconf 85' lang='grc' dir='ltr'>Πνεύματό;</span> <span class='ocrx_word' id='word_1_828' title='bbox 3479 3765 3644 3827; x_wconf 65' lang='grc' dir='ltr'>ἐστινξ</span> <span class='ocrx_word' id='word_1_829' title='bbox 3666 3758 3809 3826; x_wconf 76' lang='grc' dir='ltr'>ἁγίου.</span> 
     </span>
    </p>
   </div>
   <div class='ocr_carea' id='block_1_97' title="bbox 2290 3842 3812 3924">
    <p class='ocr_par' dir='ltr' id='par_1_97' title="bbox 2290 3842 3812 3924">
     <span class='ocr_line' id='line_1_97' title="bbox 2290 3842 3812 3924; baseline 0.008 -27"><span class='ocrx_word' id='word_1_830' title='bbox 2290 3845 2385 3899; x_wconf 87' lang='lat'><strong>1:01</strong></span> <span class='ocrx_word' id='word_1_831' title='bbox 2415 3845 2688 3914; x_wconf 76' lang='grc' dir='ltr'>λέγοντος,</span> <span class='ocrx_word' id='word_1_832' title='bbox 2718 3847 2800 3901; x_wconf 83' lang='grc' dir='ltr'>ὅτι</span> <span class='ocrx_word' id='word_1_833' title='bbox 2833 3846 2959 3902; x_wconf 78' lang='grc' dir='ltr'>οὔτε</span> <span class='ocrx_word' id='word_1_834' title='bbox 2993 3850 3066 3915; x_wconf 85' lang='grc' dir='ltr'>ὡς</span> <span class='ocrx_word' id='word_1_835' title='bbox 3104 3851 3357 3924; x_wconf 84' lang='grc' dir='ltr'>γέννημα</span> <span class='ocrx_word' id='word_1_836' title='bbox 3383 3853 3540 3908; x_wconf 86' lang='grc' dir='ltr'>αὐτοῦ</span> <span class='ocrx_word' id='word_1_837' title='bbox 3600 3853 3727 3906; x_wconf 82' lang='grc' dir='ltr'>ἐστιν</span> <span class='ocrx_word' id='word_1_838' title='bbox 3768 3842 3812 3909; x_wconf 63' lang='grc' dir='ltr'>ἐξ</span> 
     </span>
    </p>
   </div>
   <div class='ocr_carea' id='block_1_98' title="bbox 2290 3939 3811 4013">
    <p class='ocr_par' dir='ltr' id='par_1_98' title="bbox 2290 3939 3811 4013">
     <span class='ocr_line' id='line_1_98' title="bbox 2290 3939 3811 4013; baseline 0.005 -22"><span class='ocrx_word' id='word_1_839' title='bbox 2290 3939 2480 4002; x_wconf 90' lang='grc' dir='ltr'>αὐτοῦ,</span> <span class='ocrx_word' id='word_1_840' title='bbox 2536 3939 2596 3992; x_wconf 87' lang='grc' dir='ltr'>τὸ</span> <span class='ocrx_word' id='word_1_841' title='bbox 2684 3940 2793 4010; x_wconf 87' lang='grc' dir='ltr'>γὰρ</span> <span class='ocrx_word' id='word_1_842' title='bbox 2848 3945 3253 4013; x_wconf 86' lang='grc' dir='ltr'>γεγεννημένον</span> <span class='ocrx_word' id='word_1_843' title='bbox 3297 3948 3361 3999; x_wconf 82' lang='grc' dir='ltr'>ἐκ</span> <span class='ocrx_word' id='word_1_844' title='bbox 3421 3949 3514 4000; x_wconf 90' lang='grc' dir='ltr'>τοῦ</span> <span class='ocrx_word' id='word_1_845' title='bbox 3547 3944 3811 4013; x_wconf 77' lang='grc' dir='ltr'>Πνεύματος</span> 
     </span>
    </p>
   </div>
   <div class='ocr_carea' id='block_1_99' title="bbox 2289 4029 3815 4106">
    <p class='ocr_par' dir='ltr' id='par_1_99' title="bbox 2289 4029 3815 4106">
     <span class='ocr_line' id='line_1_99' title="bbox 2289 4029 3815 4106; baseline 0.005 -23"><span class='ocrx_word' id='word_1_846' title='bbox 2289 4029 2508 4099; x_wconf 85' lang='grc' dir='ltr'>πνεῦμά</span> <span class='ocrx_word' id='word_1_847' title='bbox 2537 4033 2711 4096; x_wconf 82' lang='grc' dir='ltr'>ἐστιν,</span> <span class='ocrx_word' id='word_1_848' title='bbox 2746 4032 2863 4086; x_wconf 83' lang='grc' dir='ltr'>ἀλλ’</span> <span class='ocrx_word' id='word_1_849' title='bbox 2889 4034 3012 4087; x_wconf 85' lang='grc' dir='ltr'>οὐδὲ</span> <span class='ocrx_word' id='word_1_850' title='bbox 3038 4035 3114 4097; x_wconf 78' lang='grc' dir='ltr'>ὡς</span> <span class='ocrx_word' id='word_1_851' title='bbox 3180 4036 3435 4106; x_wconf 74' lang='grc' dir='ltr'>ἐνέργεια</span> <span class='ocrx_word' id='word_1_852' title='bbox 3483 4037 3572 4090; x_wconf 84' lang='grc' dir='ltr'>τοῦ</span> <span class='ocrx_word' id='word_1_853' title='bbox 3616 4031 3815 4100; x_wconf 77' lang='grc' dir='ltr'>Πνεύμα·</span> 
     </span>
    </p>
   </div>
   <div class='ocr_carea' id='block_1_100' title="bbox 2287 4121 3813 4199">
    <p class='ocr_par' dir='ltr' id='par_1_100' title="bbox 2287 4121 3813 4199">
     <span class='ocr_line' id='line_1_100' title="bbox 2287 4121 3813 4199; baseline -0.003 -25"><span class='ocrx_word' id='word_1_854' title='bbox 2287 4121 2379 4184; x_wconf 79' lang='grc' dir='ltr'>τός</span> <span class='ocrx_word' id='word_1_855' title='bbox 2405 4122 2556 4175; x_wconf 76' lang='grc' dir='ltr'>ἐστιν</span> <span class='ocrx_word' id='word_1_856' title='bbox 2584 4122 2645 4189; x_wconf 82' lang='grc' dir='ltr'>ἐξ</span> <span class='ocrx_word' id='word_1_857' title='bbox 2682 4123 2875 4192; x_wconf 86' lang='grc' dir='ltr'>αὐτοῦ,</span> <span class='ocrx_word' id='word_1_858' title='bbox 2899 4126 2996 4190; x_wconf 55' lang='grc' dir='ltr'>,ἐπὶ</span> <span class='ocrx_word' id='word_1_859' title='bbox 3025 4128 3132 4198; x_wconf 81' lang='grc' dir='ltr'>γὰρ</span> <span class='ocrx_word' id='word_1_860' title='bbox 3187 4128 3373 4199; x_wconf 78' lang='grc' dir='ltr'>ἁπλῆς</span> <span class='ocrx_word' id='word_1_861' title='bbox 3428 4132 3523 4185; x_wconf 84' lang='lat'><strong>1:01</strong></span> <span class='ocrx_word' id='word_1_862' title='bbox 3573 4124 3813 4194; x_wconf 79' lang='grc' dir='ltr'>ἀσωμάτου</span> 
     </span>
    </p>
   </div>
   <div class='ocr_carea' id='block_1_101' title="bbox 2287 4208 3815 4291">
    <p class='ocr_par' dir='ltr' id='par_1_101' title="bbox 2287 4208 3815 4291">
     <span class='ocr_line' id='line_1_101' title="bbox 2287 4208 3815 4291; baseline 0.012 -31"><span class='ocrx_word' id='word_1_863' title='bbox 2287 4208 2503 4278; x_wconf 84' lang='grc' dir='ltr'>φύσεως</span> <span class='ocrx_word' id='word_1_864' title='bbox 2533 4213 2623 4266; x_wconf 82' lang='grc' dir='ltr'>τὸν</span> <span class='ocrx_word' id='word_1_865' title='bbox 2656 4213 2820 4267; x_wconf 87' lang='grc' dir='ltr'>αὐτὸν</span> <span class='ocrx_word' id='word_1_866' title='bbox 2849 4216 3161 4287; x_wconf 79' lang='grc' dir='ltr'>ἐπιδέχεται</span> <span class='ocrx_word' id='word_1_867' title='bbox 3198 4221 3266 4290; x_wconf 77' lang='grc' dir='ltr'>τῇ</span> <span class='ocrx_word' id='word_1_868' title='bbox 3287 4218 3450 4291; x_wconf 71' lang='grc' dir='ltr'>οὐσίᾳ</span> <span class='ocrx_word' id='word_1_869' title='bbox 3473 4219 3623 4287; x_wconf 86' lang='grc' dir='ltr'>λόγον</span> <span class='ocrx_word' id='word_1_870' title='bbox 3647 4218 3677 4285; x_wconf 76' lang='grc' dir='ltr'>ἡ</span> <span class='ocrx_word' id='word_1_871' title='bbox 3702 4212 3815 4279; x_wconf 75' lang='grc' dir='ltr'>ἐνέΡ⁹</span> 
     </span>
    </p>
   </div>
   <div class='ocr_carea' id='block_1_102' title="bbox 2288 4299 3813 4374">
    <p class='ocr_par' dir='ltr' id='par_1_102' title="bbox 2288 4299 3813 4374">
     <span class='ocr_line' id='line_1_102' title="bbox 2288 4299 3813 4374; baseline 0.003 -24"><span class='ocrx_word' id='word_1_872' title='bbox 2288 4315 2413 4366; x_wconf 86' lang='grc' dir='ltr'>γεια</span> <span class='ocrx_word' id='word_1_873' title='bbox 2432 4341 2446 4367; x_wconf 94' lang='grc'>,</span> <span class='ocrx_word' id='word_1_874' title='bbox 2483 4299 2547 4352; x_wconf 80' lang='grc' dir='ltr'>σὺ</span> <span class='ocrx_word' id='word_1_875' title='bbox 2578 4301 2760 4370; x_wconf 82' lang='grc' dir='ltr'>λέγεις</span> <span class='ocrx_word' id='word_1_876' title='bbox 2811 4304 3186 4374; x_wconf 73' lang='grc' dir='ltr'>ἀναισχυντῶν</span> <span class='ocrx_word' id='word_1_877' title='bbox 3207 4346 3222 4373; x_wconf 84' lang='grc'>,</span> <span class='ocrx_word' id='word_1_878' title='bbox 3254 4308 3337 4362; x_wconf 87' lang='grc' dir='ltr'>ὅτι</span> <span class='ocrx_word' id='word_1_879' title='bbox 3367 4310 3562 4362; x_wconf 88' lang='grc' dir='ltr'>ταυτόν</span> <span class='ocrx_word' id='word_1_880' title='bbox 3589 4325 3638 4360; x_wconf 84' lang='grc' dir='ltr'>τι</span> <span class='ocrx_word' id='word_1_881' title='bbox 3676 4304 3750 4356; x_wconf 85' lang='grc' dir='ltr'>καὶ</span> <span class='ocrx_word' id='word_1_882' title='bbox 3771 4300 3813 4351; x_wconf 77' lang='grc' dir='ltr'>ἒν</span> 
     </span>
    </p>
   </div>
   <div class='ocr_carea' id='block_1_103' title="bbox 2286 4390 3814 4471">
    <p class='ocr_par' dir='ltr' id='par_1_103' title="bbox 2286 4390 3814 4471">
     <span class='ocr_line' id='line_1_103' title="bbox 2286 4390 3814 4471; baseline 0 -30"><span class='ocrx_word' id='word_1_883' title='bbox 2286 4390 2403 4442; x_wconf 85' lang='grc' dir='ltr'>ἐστι</span> <span class='ocrx_word' id='word_1_884' title='bbox 2431 4390 2574 4444; x_wconf 71' lang='grc' dir='ltr'>κατὰ</span> <span class='ocrx_word' id='word_1_885' title='bbox 2606 4392 2786 4447; x_wconf 81' lang='grc' dir='ltr'>πάντα</span> <span class='ocrx_word' id='word_1_886' title='bbox 2850 4397 2917 4465; x_wconf 81' lang='grc' dir='ltr'>τῇ</span> <span class='ocrx_word' id='word_1_887' title='bbox 2969 4396 3130 4468; x_wconf 77' lang='grc' dir='ltr'>οὐσίᾳ</span> <span class='ocrx_word' id='word_1_888' title='bbox 3158 4398 3190 4466; x_wconf 79' lang='grc' dir='ltr'>ἡ</span> <span class='ocrx_word' id='word_1_889' title='bbox 3246 4402 3528 4471; x_wconf 83' lang='grc' dir='ltr'>ἐνέργεια.</span> <span class='ocrx_word' id='word_1_890' title='bbox 3557 4397 3656 4453; x_wconf 82' lang='lat' dir='ltr'><strong>K01</strong></span> <span class='ocrx_word' id='word_1_891' title='bbox 3694 4392 3814 4447; x_wconf 74' lang='grc' dir='ltr'>τοῦτο</span> 
     </span>
    </p>
   </div>
   <div class='ocr_carea' id='block_1_104' title="bbox 2288 4450 3834 4575">
    <p class='ocr_par' dir='ltr' id='par_1_104' title="bbox 2288 4450 3834 4575">
     <span class='ocr_line' id='line_1_104' title="bbox 2288 4450 3834 4575; baseline 0.017 -41"><span class='ocrx_word' id='word_1_892' title='bbox 2288 4483 2383 4536; x_wconf 79' lang='lat'><strong>1:01</strong></span> <span class='ocrx_word' id='word_1_893' title='bbox 2422 4485 2449 4537; x_wconf 86' lang='grc' dir='ltr'>ό</span> <span class='ocrx_word' id='word_1_894' title='bbox 2482 4484 2655 4555; x_wconf 84' lang='grc' dir='ltr'>μέγας</span> <span class='ocrx_word' id='word_1_895' title='bbox 2688 4450 2924 4541; x_wconf 68' lang='grc' dir='ltr'>ἐνταῦθά</span> <span class='ocrx_word' id='word_1_896' title='bbox 2951 4507 3085 4559; x_wconf 83' lang='grc' dir='ltr'>φησι</span> <span class='ocrx_word' id='word_1_897' title='bbox 3105 4450 3405 4558; x_wconf 32' lang='grc' dir='ltr'>⁸Βόισίλενιῦς</span> <span class='ocrx_word' id='word_1_898' title='bbox 3666 4506 3717 4557; x_wconf 79' lang='grc' dir='ltr'>γε</span> <span class='ocrx_word' id='word_1_899' title='bbox 3738 4450 3834 4575; x_wconf 55' lang='lat'>3&quot;;</span> 
     </span>
    </p>
   </div>
   <div class='ocr_carea' id='block_1_105' title="bbox 2287 4574 3839 4656">
    <p class='ocr_par' dir='ltr' id='par_1_105' title="bbox 2287 4574 3839 4656">
     <span class='ocr_line' id='line_1_105' title="bbox 2287 4574 3839 4656; baseline -0.001 -28"><span class='ocrx_word' id='word_1_900' title='bbox 2287 4575 2485 4641; x_wconf 87' lang='grc' dir='ltr'>σίλειος</span> <span class='ocrx_word' id='word_1_901' title='bbox 2527 4582 2553 4631; x_wconf 81' lang='grc' dir='ltr'>ὁ</span> <span class='ocrx_word' id='word_1_902' title='bbox 2583 4580 2761 4649; x_wconf 81' lang='grc' dir='ltr'>μέγας</span> <span class='ocrx_word' id='word_1_903' title='bbox 2793 4582 2892 4648; x_wconf 85' lang='grc' dir='ltr'>οὐχ</span> <span class='ocrx_word' id='word_1_904' title='bbox 2920 4582 3134 4649; x_wconf 85' lang='grc' dir='ltr'>ἁπλῶς,</span> <span class='ocrx_word' id='word_1_905' title='bbox 3186 4586 3327 4640; x_wconf 82' lang='grc' dir='ltr'>ἀλλὰ</span> <span class='ocrx_word' id='word_1_906' title='bbox 3387 4588 3528 4644; x_wconf 75' lang='grc' dir='ltr'>κατὰ</span> <span class='ocrx_word' id='word_1_907' title='bbox 3594 4574 3839 4656; x_wconf 65' lang='grc' dir='ltr'>διαίρεσιῖ</span> 
     </span>
    </p>
   </div>
   <div class='ocr_carea' id='block_1_106' title="bbox 2282 4670 3811 4750">
    <p class='ocr_par' dir='ltr' id='par_1_106' title="bbox 2282 4670 3811 4750">
     <span class='ocr_line' id='line_1_106' title="bbox 2282 4670 3811 4750; baseline 0.003 -26"><span class='ocrx_word' id='word_1_908' title='bbox 2282 4670 2490 4724; x_wconf 85' lang='grc' dir='ltr'>ἄνωθεν</span> <span class='ocrx_word' id='word_1_909' title='bbox 2509 4670 2601 4723; x_wconf 81' lang='grc' dir='ltr'>τὸν</span> <span class='ocrx_word' id='word_1_910' title='bbox 2622 4671 2788 4740; x_wconf 81' lang='grc' dir='ltr'>λόγον</span> <span class='ocrx_word' id='word_1_911' title='bbox 2811 4674 3151 4743; x_wconf 65' lang='grc' dir='ltr'>προήνεγκεξ</span> <span class='ocrx_word' id='word_1_912' title='bbox 3166 4677 3239 4729; x_wconf 84' lang='grc' dir='ltr'>Τὸ</span> <span class='ocrx_word' id='word_1_913' title='bbox 3264 4679 3374 4750; x_wconf 79' lang='grc' dir='ltr'>γὰρ</span> <span class='ocrx_word' id='word_1_914' title='bbox 3400 4679 3463 4732; x_wconf 78' lang='grc' dir='ltr'>ἐκ</span> <span class='ocrx_word' id='word_1_915' title='bbox 3486 4695 3642 4743; x_wconf 89' lang='grc' dir='ltr'>τινος,</span> <span class='ocrx_word' id='word_1_916' title='bbox 3664 4672 3811 4744; x_wconf 70' lang='grc' dir='ltr'>φησὶν,</span> 
     </span>
    </p>
   </div>
   <div class='ocr_carea' id='block_1_107' title="bbox 2281 4755 3811 4841">
    <p class='ocr_par' dir='ltr' id='par_1_107' title="bbox 2281 4755 3811 4841">
     <span class='ocr_line' id='line_1_107' title="bbox 2281 4755 3811 4841; baseline 0.005 -29"><span class='ocrx_word' id='word_1_917' title='bbox 2281 4759 2313 4831; x_wconf 81' lang='grc' dir='ltr'>ἢ</span> <span class='ocrx_word' id='word_1_918' title='bbox 2345 4759 2780 4831; x_wconf 78' lang='grc' dir='ltr'>δημιουργικῶς,</span> <span class='ocrx_word' id='word_1_919' title='bbox 2810 4763 2842 4833; x_wconf 78' lang='grc' dir='ltr'><strong>ἢ</strong></span> <span class='ocrx_word' id='word_1_920' title='bbox 2881 4768 3238 4837; x_wconf 86' lang='grc' dir='ltr'>γεννητικῶς,</span> <span class='ocrx_word' id='word_1_921' title='bbox 3275 4770 3307 4841; x_wconf 79' lang='grc' dir='ltr'>ἢ</span> <span class='ocrx_word' id='word_1_922' title='bbox 3346 4769 3588 4838; x_wconf 84' lang='grc' dir='ltr'>φυσικῶς</span> <span class='ocrx_word' id='word_1_923' title='bbox 3622 4770 3747 4821; x_wconf 80' lang='grc' dir='ltr'>ἐστιν</span> <span class='ocrx_word' id='word_1_924' title='bbox 3767 4755 3811 4819; x_wconf 68' lang='grc' dir='ltr'>ἒξ</span> 
     </span>
    </p>
   </div>
   <div class='ocr_carea' id='block_1_108' title="bbox 2281 4848 3812 4929">
    <p class='ocr_par' dir='ltr' id='par_1_108' title="bbox 2281 4848 3812 4929">
     <span class='ocr_line' id='line_1_108' title="bbox 2281 4848 3812 4929; baseline 0.003 -25"><span class='ocrx_word' id='word_1_925' title='bbox 2281 4851 2469 4917; x_wconf 87' lang='grc' dir='ltr'>αὐτοῦ,</span> <span class='ocrx_word' id='word_1_926' title='bbox 2516 4853 2595 4914; x_wconf 82' lang='grc' dir='ltr'>ὡς</span> <span class='ocrx_word' id='word_1_927' title='bbox 2626 4855 2658 4922; x_wconf 81' lang='grc' dir='ltr'><strong>ὴ</strong></span> <span class='ocrx_word' id='word_1_928' title='bbox 2695 4855 2948 4924; x_wconf 86' lang='grc' dir='ltr'>ἐνέργεια</span> <span class='ocrx_word' id='word_1_929' title='bbox 2981 4859 3045 4910; x_wconf 90' lang='grc' dir='ltr'>ἐκ</span> <span class='ocrx_word' id='word_1_930' title='bbox 3078 4858 3174 4913; x_wconf 85' lang='grc' dir='ltr'>τοῦ</span> <span class='ocrx_word' id='word_1_931' title='bbox 3224 4860 3595 4929; x_wconf 64' lang='grc' dir='ltr'>ἐνεργοῦντες.</span> <span class='ocrx_word' id='word_1_932' title='bbox 3649 4856 3713 4910; x_wconf 83' lang='grc' dir='ltr'>Τὸ</span> <span class='ocrx_word' id='word_1_933' title='bbox 3746 4848 3812 4902; x_wconf 80' lang='grc' dir='ltr'>οὖν</span> 
     </span>
    </p>
   </div>
   <div class='ocr_carea' id='block_1_109' title="bbox 2280 4936 3812 5018">
    <p class='ocr_par' dir='ltr' id='par_1_109' title="bbox 2280 4936 3812 5018">
     <span class='ocr_line' id='line_1_109' title="bbox 2280 4936 3812 5018; baseline 0.007 -25"><span class='ocrx_word' id='word_1_934' title='bbox 2280 4939 2343 4993; x_wconf 81' lang='grc' dir='ltr'>ἐκ</span> <span class='ocrx_word' id='word_1_935' title='bbox 2363 4958 2530 5008; x_wconf 86' lang='grc' dir='ltr'>τινος,</span> <span class='ocrx_word' id='word_1_936' title='bbox 2565 4936 2609 4996; x_wconf 75' lang='grc' dir='ltr'>ὦ</span> <span class='ocrx_word' id='word_1_937' title='bbox 2641 4943 2925 5015; x_wconf 82' lang='grc' dir='ltr'>φιλόσοφε,</span> <span class='ocrx_word' id='word_1_938' title='bbox 2955 4947 3144 5018; x_wconf 74' lang='grc' dir='ltr'>ἕτερόν</span> <span class='ocrx_word' id='word_1_939' title='bbox 3203 4952 3320 5004; x_wconf 82' lang='grc' dir='ltr'>ἐστι</span> <span class='ocrx_word' id='word_1_940' title='bbox 3373 4950 3468 5005; x_wconf 81' lang='grc' dir='ltr'>τοῦ</span> <span class='ocrx_word' id='word_1_941' title='bbox 3511 4950 3570 5015; x_wconf 77' lang='grc' dir='ltr'>ἐξ</span> <span class='ocrx_word' id='word_1_942' title='bbox 3619 4942 3674 5003; x_wconf 78' lang='grc' dir='ltr'>οὗ</span> <span class='ocrx_word' id='word_1_943' title='bbox 3726 4944 3812 4994; x_wconf 72' lang='grc' dir='ltr'>ἔστι</span> 
     </span>
    </p>
   </div>
   <div class='ocr_carea' id='block_1_110' title="bbox 2282 5033 3810 5111">
    <p class='ocr_par' dir='ltr' id='par_1_110' title="bbox 2282 5033 3810 5111">
     <span class='ocr_line' id='line_1_110' title="bbox 2282 5033 3810 5111; baseline 0.005 -24"><span class='ocrx_word' id='word_1_944' title='bbox 2282 5036 2403 5088; x_wconf 82' lang='grc' dir='ltr'>κατ’</span> <span class='ocrx_word' id='word_1_945' title='bbox 2428 5036 2561 5089; x_wconf 83' lang='grc' dir='ltr'>αὐτὸ</span> <span class='ocrx_word' id='word_1_946' title='bbox 2595 5036 2830 5109; x_wconf 77' lang='grc' dir='ltr'>τοῦτο,ἦ</span> <span class='ocrx_word' id='word_1_947' title='bbox 2863 5041 3028 5093; x_wconf 78' lang='grc' dir='ltr'>ταυτὸ</span> <span class='ocrx_word' id='word_1_948' title='bbox 3055 5044 3198 5097; x_wconf 70' lang='grc' dir='ltr'>κατὰ</span> <span class='ocrx_word' id='word_1_949' title='bbox 3226 5044 3424 5111; x_wconf 76' lang='grc' dir='ltr'>πάντα,</span> <span class='ocrx_word' id='word_1_950' title='bbox 3467 5045 3560 5099; x_wconf 77' lang='grc' dir='ltr'>καὶ</span> <span class='ocrx_word' id='word_1_951' title='bbox 3605 5033 3810 5108; x_wconf 73' lang='grc' dir='ltr'>οὐδαμῶς</span> 
     </span>
    </p>
   </div>
   <div class='ocr_carea' id='block_1_111' title="bbox 2279 5126 3806 5206">
    <p class='ocr_par' dir='ltr' id='par_1_111' title="bbox 2279 5126 3806 5206">
     <span class='ocr_line' id='line_1_111' title="bbox 2279 5126 3806 5206; baseline 0.01 -27"><span class='ocrx_word' id='word_1_952' title='bbox 2279 5126 2489 5199; x_wconf 78' lang='grc' dir='ltr'>ἓτερον.</span> <span class='ocrx_word' id='word_1_953' title='bbox 2515 5131 2626 5182; x_wconf 77' lang='grc' dir='ltr'>Καὶ</span> <span class='ocrx_word' id='word_1_954' title='bbox 2651 5130 2701 5182; x_wconf 84' lang='grc' dir='ltr'>εί</span> <span class='ocrx_word' id='word_1_955' title='bbox 2740 5131 2916 5185; x_wconf 84' lang='grc' dir='ltr'>ταῦτα</span> <span class='ocrx_word' id='word_1_956' title='bbox 2941 5132 3119 5199; x_wconf 74' lang='grc' dir='ltr'>οὔτως</span> <span class='ocrx_word' id='word_1_957' title='bbox 3149 5135 3264 5206; x_wconf 73' lang='grc' dir='ltr'>ἔχει</span> <span class='ocrx_word' id='word_1_958' title='bbox 3329 5137 3474 5191; x_wconf 73' lang='grc' dir='ltr'>κατὰ</span> <span class='ocrx_word' id='word_1_959' title='bbox 3543 5137 3616 5203; x_wconf 80' lang='grc' dir='ltr'>σὲ,</span> <span class='ocrx_word' id='word_1_960' title='bbox 3666 5131 3806 5202; x_wconf 76' lang='grc' dir='ltr'>μάτην</span> 
     </span>
    </p>
   </div>
   <div class='ocr_carea' id='block_1_112' title="bbox 2280 5222 3809 5302">
    <p class='ocr_par' dir='ltr' id='par_1_112' title="bbox 2280 5222 3809 5302">
     <span class='ocr_line' id='line_1_112' title="bbox 2280 5222 3809 5302; baseline 0.005 -30"><span class='ocrx_word' id='word_1_961' title='bbox 2280 5222 2568 5276; x_wconf 77' lang='grc' dir='ltr'>ἐλαύνεται</span> <span class='ocrx_word' id='word_1_962' title='bbox 2608 5223 2894 5290; x_wconf 73' lang='grc' dir='ltr'>Σαϐέλλιος</span> <span class='ocrx_word' id='word_1_963' title='bbox 2929 5228 2995 5281; x_wconf 71' lang='grc' dir='ltr'>τὰ</span> <span class='ocrx_word' id='word_1_964' title='bbox 3027 5228 3093 5282; x_wconf 86' lang='grc' dir='ltr'>ἐκ</span> <span class='ocrx_word' id='word_1_965' title='bbox 3123 5228 3216 5281; x_wconf 87' lang='grc' dir='ltr'>τοῦ</span> <span class='ocrx_word' id='word_1_966' title='bbox 3252 5231 3462 5302; x_wconf 76' lang='grc' dir='ltr'>[ἰατρὸς</span> <span class='ocrx_word' id='word_1_967' title='bbox 3507 5225 3809 5302; x_wconf 69' lang='grc' dir='ltr'>συνανᾰρχως</span> 
     </span>
    </p>
   </div>
   <div class='ocr_carea' id='block_1_113' title="bbox 2280 5298 3808 5389">
    <p class='ocr_par' dir='ltr' id='par_1_113' title="bbox 2280 5298 3808 5389">
     <span class='ocr_line' id='line_1_113' title="bbox 2280 5298 3808 5389; baseline -0.005 -25"><span class='ocrx_word' id='word_1_968' title='bbox 2280 5311 2433 5379; x_wconf 76' lang='grc' dir='ltr'>ὄντα,</span> <span class='ocrx_word' id='word_1_969' title='bbox 2464 5313 2554 5366; x_wconf 78' lang='grc' dir='ltr'>τὸν</span> <span class='ocrx_word' id='word_1_970' title='bbox 2583 5312 2714 5366; x_wconf 85' lang='grc' dir='ltr'>Υἰόν</span> <span class='ocrx_word' id='word_1_971' title='bbox 2744 5332 2888 5385; x_wconf 83' lang='grc' dir='ltr'>φημι</span> <span class='ocrx_word' id='word_1_972' title='bbox 2920 5318 3014 5370; x_wconf 84' lang='lat'><strong>1:01</strong></span> <span class='ocrx_word' id='word_1_973' title='bbox 3043 5318 3104 5371; x_wconf 84' lang='grc' dir='ltr'>τὸ</span> <span class='ocrx_word' id='word_1_974' title='bbox 3137 5298 3386 5388; x_wconf 71' lang='grc' dir='ltr'>Πνεῦμα,</span> <span class='ocrx_word' id='word_1_975' title='bbox 3416 5320 3514 5389; x_wconf 81' lang='grc' dir='ltr'>οὐχ</span> <span class='ocrx_word' id='word_1_976' title='bbox 3542 5315 3688 5383; x_wconf 75' lang='grc' dir='ltr'>ἕτερα</span> <span class='ocrx_word' id='word_1_977' title='bbox 3715 5298 3808 5360; x_wconf 66' lang='grc' dir='ltr'>καθ’</span> 
     </span>
    </p>
   </div>
   <div class='ocr_carea' id='block_1_114' title="bbox 2281 5394 3810 5476">
    <p class='ocr_par' dir='ltr' id='par_1_114' title="bbox 2281 5394 3810 5476">
     <span class='ocr_line' id='line_1_114' title="bbox 2281 5394 3810 5476; baseline 0.003 -23"><span class='ocrx_word' id='word_1_978' title='bbox 2281 5401 2579 5456; x_wconf 84' lang='grc' dir='ltr'>ὑπόστασιν</span> <span class='ocrx_word' id='word_1_979' title='bbox 2616 5403 2886 5476; x_wconf 81' lang='grc' dir='ltr'>ἀλλήλων,</span> <span class='ocrx_word' id='word_1_980' title='bbox 2921 5407 3058 5462; x_wconf 82' lang='grc' dir='ltr'>ἀλλὰ</span> <span class='ocrx_word' id='word_1_981' title='bbox 3106 5409 3304 5462; x_wconf 80' lang='grc' dir='ltr'>ταυτόν</span> <span class='ocrx_word' id='word_1_982' title='bbox 3359 5427 3412 5463; x_wconf 87' lang='grc' dir='ltr'>τι</span> <span class='ocrx_word' id='word_1_983' title='bbox 3469 5410 3559 5463; x_wconf 76' lang='grc' dir='ltr'>καὶ</span> <span class='ocrx_word' id='word_1_984' title='bbox 3606 5406 3661 5458; x_wconf 77' lang='grc' dir='ltr'>ἓν</span> <span class='ocrx_word' id='word_1_985' title='bbox 3701 5394 3810 5451; x_wconf 60' lang='grc' dir='ltr'>κειτὲ</span> 
     </span>
    </p>
   </div>
   <div class='ocr_carea' id='block_1_115' title="bbox 2281 5485 3807 5570">
    <p class='ocr_par' dir='ltr' id='par_1_115' title="bbox 2281 5485 3807 5570">
     <span class='ocr_line' id='line_1_115' title="bbox 2281 5485 3807 5570; baseline 0.006 -24"><span class='ocrx_word' id='word_1_986' title='bbox 2281 5498 2460 5547; x_wconf 83' lang='grc' dir='ltr'>πάντα</span> <span class='ocrx_word' id='word_1_987' title='bbox 2488 5495 2665 5564; x_wconf 81' lang='grc' dir='ltr'>λέγων</span> <span class='ocrx_word' id='word_1_988' title='bbox 2699 5491 2866 5552; x_wconf 78' lang='grc' dir='ltr'>εἶναι.</span> <span class='ocrx_word' id='word_1_989' title='bbox 2896 5498 3007 5553; x_wconf 76' lang='grc' dir='ltr'>Καὶ</span> <span class='ocrx_word' id='word_1_990' title='bbox 3043 5502 3104 5553; x_wconf 87' lang='grc' dir='ltr'>οὐ</span> <span class='ocrx_word' id='word_1_991' title='bbox 3157 5501 3323 5570; x_wconf 90' lang='grc' dir='ltr'>μόνον</span> <span class='ocrx_word' id='word_1_992' title='bbox 3381 5501 3443 5554; x_wconf 85' lang='grc' dir='ltr'>τὸ</span> <span class='ocrx_word' id='word_1_993' title='bbox 3486 5493 3731 5569; x_wconf 74' lang='grc' dir='ltr'>γεννητῶς</span> <span class='ocrx_word' id='word_1_994' title='bbox 3759 5485 3807 5539; x_wconf 64' lang='grc' dir='ltr'><strong><em>εκ</em></strong></span> 
     </span>
    </p>
   </div>
   <div class='ocr_carea' id='block_1_116' title="bbox 2279 5580 3806 5665">
    <p class='ocr_par' dir='ltr' id='par_1_116' title="bbox 2279 5580 3806 5665">
     <span class='ocr_line' id='line_1_116' title="bbox 2279 5580 3806 5665; baseline -0.027 8"><span class='ocrx_word' id='word_1_995' title='bbox 2279 5605 2445 5652; x_wconf 58' lang='lat' dir='ltr'>mm&quot;</span> <span class='ocrx_word' id='word_1_996' title='bbox 2476 5590 2501 5642; x_wconf 77' lang='grc' dir='ltr'><strong>δ</strong></span> <span class='ocrx_word' id='word_1_997' title='bbox 2527 5606 2692 5660; x_wconf 71' lang='grc' dir='ltr'>φησιν</span> <span class='ocrx_word' id='word_1_998' title='bbox 2719 5591 2746 5642; x_wconf 74' lang='grc' dir='ltr'><em>δ</em></span> <span class='ocrx_word' id='word_1_999' title='bbox 2765 5590 2937 5661; x_wconf 74' lang='grc' dir='ltr'>μέγας</span> <span class='ocrx_word' id='word_1_1000' title='bbox 2967 5592 3267 5657; x_wconf 77' lang='grc' dir='ltr'>Βασίλειος,</span> <span class='ocrx_word' id='word_1_1001' title='bbox 3291 5595 3467 5665; x_wconf 73' lang='grc' dir='ltr'>πάντη</span> <span class='ocrx_word' id='word_1_1002' title='bbox 3498 5593 3553 5647; x_wconf 84' lang='grc' dir='ltr'>ἒν</span> <span class='ocrx_word' id='word_1_1003' title='bbox 3583 5593 3667 5644; x_wconf 76' lang='grc' dir='ltr'>καὶ</span> <span class='ocrx_word' id='word_1_1004' title='bbox 3688 5580 3806 5637; x_wconf 81' lang='grc' dir='ltr'>ἀδιά-</span> 
     </span>
    </p>
   </div>
   <div class='ocr_carea' id='block_1_117' title="bbox 2281 5673 3807 5755">
    <p class='ocr_par' dir='ltr' id='par_1_117' title="bbox 2281 5673 3807 5755">
     <span class='ocr_line' id='line_1_117' title="bbox 2281 5673 3807 5755; baseline 0.004 -23"><span class='ocrx_word' id='word_1_1005' title='bbox 2281 5680 2448 5750; x_wconf 81' lang='grc' dir='ltr'>φορόν</span> <span class='ocrx_word' id='word_1_1006' title='bbox 2486 5682 2604 5734; x_wconf 83' lang='grc' dir='ltr'>ἐστι</span> <span class='ocrx_word' id='word_1_1007' title='bbox 2643 5682 2716 5752; x_wconf 80' lang='grc' dir='ltr'>τῷ</span> <span class='ocrx_word' id='word_1_1008' title='bbox 2763 5684 2821 5750; x_wconf 79' lang='grc' dir='ltr'>ἐξ</span> <span class='ocrx_word' id='word_1_1009' title='bbox 2861 5676 2923 5737; x_wconf 79' lang='grc' dir='ltr'>οῦ</span> <span class='ocrx_word' id='word_1_1010' title='bbox 2963 5686 3312 5755; x_wconf 83' lang='grc' dir='ltr'>γεγέννηται,</span> <span class='ocrx_word' id='word_1_1011' title='bbox 3353 5686 3487 5739; x_wconf 78' lang='grc' dir='ltr'>ἀλλὰ</span> <span class='ocrx_word' id='word_1_1012' title='bbox 3527 5684 3614 5739; x_wconf 87' lang='lat'><strong>1:01</strong></span> <span class='ocrx_word' id='word_1_1013' title='bbox 3649 5678 3701 5730; x_wconf 70' lang='grc' dir='ltr'>τὸ</span> <span class='ocrx_word' id='word_1_1014' title='bbox 3735 5673 3807 5738; x_wconf 76' lang='grc' dir='ltr'>δη·</span> 
     </span>
    </p>
   </div>
   <div class='ocr_carea' id='block_1_118' title="bbox 2284 5758 3802 5841">
    <p class='ocr_par' dir='ltr' id='par_1_118' title="bbox 2284 5758 3802 5841">
     <span class='ocr_line' id='line_1_118' title="bbox 2284 5758 3802 5841; baseline 0.011 -15"><span class='ocrx_word' id='word_1_1015' title='bbox 2284 5774 2622 5837; x_wconf 75' lang='grc' dir='ltr'>μιουργικῶς</span> <span class='ocrx_word' id='word_1_1016' title='bbox 2648 5775 2801 5837; x_wconf 73' lang='grc' dir='ltr'>αὖθις</span> <span class='ocrx_word' id='word_1_1017' title='bbox 2830 5777 2893 5831; x_wconf 80' lang='grc' dir='ltr'>ἐκ</span> <span class='ocrx_word' id='word_1_1018' title='bbox 2916 5794 3061 5841; x_wconf 80' lang='grc' dir='ltr'>τινος</span> <span class='ocrx_word' id='word_1_1019' title='bbox 3085 5777 3166 5839; x_wconf 76' lang='grc' dir='ltr'>ὃν,</span> <span class='ocrx_word' id='word_1_1020' title='bbox 3192 5777 3252 5833; x_wconf 78' lang='grc' dir='ltr'>ἓν</span> <span class='ocrx_word' id='word_1_1021' title='bbox 3277 5779 3536 5839; x_wconf 70' lang='grc' dir='ltr'>ὡσαύτως</span> <span class='ocrx_word' id='word_1_1022' title='bbox 3565 5775 3649 5830; x_wconf 54' lang='grc' dir='ltr'><strong>καὶ·</strong></span> <span class='ocrx_word' id='word_1_1023' title='bbox 3673 5758 3802 5821; x_wconf 70' lang='grc' dir='ltr'>ταντδ</span> 
     </span>
    </p>
   </div>
  </div>
