4054 6450
414 408 520 472 945

409 613 666 668 κάκεῖθεν
693 617 895 669 ὡσανεὶ
922 617 1272 691 τούνδόσιμον
1301 625 1562 696 εἰληφὼς,
1603 627 1746 681 οὑτω
1776 631 1868 682 καὶ
1891 631 1984 683 ἐπὶ

405 705 476 758 τὰ
501 705 692 774 πρόσω
719 709 816 777 τῆς
839 710 1116 780 θεολογίας
1139 716 1281 784 μετά
1303 733 1364 784 γε
1395 720 1493 786 τῆς
1510 719 1768 789 ἀληθείας
1794 723 1988 792 χωρεῖ.

407 797 629 853 Μᾶλλον
665 799 710 852 δ’
762 803 886 854 ἐπεὶ
937 805 1034 858 καὶ
1076 807 1362 878 Γρηγορᾶς
1405 811 1621 882 ἐκείνης
1671 814 1822 882 δοκεῖ
1871 833 1988 880 πως

411 891 726 960 μεμνῆσθαι
761 895 852 949 διά
876 897 976 967 τὴν
1005 899 1252 968 ἀνάγκην
1285 902 1412 966 ίσως
1443 903 1543 974 τὴν
1575 906 1640 959 ἐκ
1669 906 1766 960 τοῦ
1792 907 1989 977 τόμου.

412 982 479 1036 τὰ
527 985 739 1040 ἐκείνου
787 989 852 1058 δὴ
906 992 1002 1044 καὶ
1049 993 1419 1064 σκοπήσωμεν
1455 997 1716 1070 πρότερα,
1753 1002 1851 1054 καὶ
1889 1002 1993 1069 μά-

413 1073 570 1129 λιστα
598 1078 697 1149 τὴν
733 1083 864 1151 περί
889 1083 1172 1152 ἐνεργείας
1214 1086 1379 1140 αὑτοῦ
1422 1089 1690 1160 διαίρεσιν
1722 1090 1799 1156 ὡς
1841 1094 1994 1161 δμω-

415 1165 588 1236 νύμου
640 1170 824 1242 φωνῆς
848 1188 865 1205 ⁸
899 1175 1103 1244 μᾶλλον
1139 1176 1196 1230 δὲ
1244 1176 1281 1232 ά
1339 1180 1504 1234 κατά-
1529 1181 1631 1248 τῆς
1658 1181 1806 1246 θείας
1841 1183 1994 1253 ἐνερ-

414 1259 571 1326 γείας
626 1259 830 1317 ὡσανεὶ
860 1263 1126 1336 τύραννός
1153 1284 1238 1330 τις
1282 1272 1405 1337 μετ’
1443 1269 1692 1336 ἐξουσίας
1752 1273 1997 1344 ὁρίζεται

417 1352 512 1405 καὶ
534 1354 840 1421 νομοθετεῖ,
892 1357 966 1410 τὰ
993 1360 1104 1421 τοῖς
1129 1359 1296 1428 ἱεροῖς
1327 1359 1602 1429 θεολόγοις
1633 1363 1762 1434 περὶ
1789 1364 1997 1420 τούτων

410 1440 745 1510 θεοπρεπῶς
790 1447 1058 1517 εἰρημένα
1102 1451 1242 1520 παρ’.
1278 1452 1430 1506 οὐδὲν
1479 1451 1730 1524 θέμενος,
1760 1455 1868 1526 πρὸ
1899 1435 2000 1524 τῆς

421 1533 642 1586 συνόδου
673 1534 874 1607 δηλαδὴ
891 1539 1284 1612 θεωρήσωμεν.
1315 1543 1426 1614 Τὴν
1445 1544 1554 1617 γὰρ
1576 1545 1688 1600 τῶν
1709 1548 2002 1617 είσαγομέ-

418 1640 527 1678 νων
549 1625 677 1693 παρ’
700 1628 910 1683 ἐκείνου
937 1632 1029 1684 καὶ
1055 1634 1176 1686 κατ’
1203 1635 1414 1688 ἐκείνου
1439 1635 1613 1704 λόγων
1631 1656 1691 1692 τε
1707 1639 1799 1692 καλ⁸
1820 1639 2002 1710 ῥητῶν

413 1716 524 1769 τῶν
552 1718 595 1770 ίε
605 1718 712 1788 ρῶν
730 1720 1004 1789 θεολόγων,
1014 1722 1352 1796 πλατυτέραν
1372 1725 1615 1792 ἐξέτασίν
1633 1745 1694 1783 τε
1715 1729 1810 1782 καὶ
1830 1729 2005 1798 λύσιν,

1227 418 1529 484 CONTRA
1571 425 2000 487 GREGORAM
2033 426 2779 494 ANTIRRHETICORUM
2819 431 2953 498 VII.

411 523 600 631 115mm
617 522 836 631 συνόδου
874 526 1162 631 τόμος-,ἐξ
1209 532 1424 631 ἐκείνης
1471 536 1709 606 ὁρμᾶται
1761 539 1978 607 μᾶλλον,
2009 538 2059 599 Α
2089 563 2188 631 φθέ

3525 401 3528 404 ’
3565 429 3676 494 οισ

2191 581 2377 634 γματα
2414 565 2508 618 καὶ
2555 567 2823 634 νοήματα,
2859 566 3002 619 καθὰ
3048 565 3113 636 δὴ
3147 567 3240 619 καὶ
3283 566 3395 620 τῶν
3427 568 3679 636 προρῤηο

2095 655 2299 711 θέντων
2341 657 2489 727 αὑτῷ
2522 659 2592 710 τά
2630 658 2878 722 πλεῖστα,
2909 658 2945 712 ἃ
2976 659 3039 729 δὴ
3071 658 3167 712 καὶ
3223 659 3298 720 ὼς
3329 659 3486 712 κενδν
3517 658 3677 728 ὄχλον

2097 749 2357 818 ῥημάτων
2381 750 2476 800 καὶ
2515 748 2667 800 οῦδὲν
2694 748 2823 801 ὂντα
2854 749 2992 817 πρὸς
3021 750 3085 801 τὸ
3117 748 3483 818 προκείμενον
3514 749 3542 800 6
3582 749 3672 800 λό-

2094 853 2190 904 γος
2235 837 2368 906 ἡμῖν
2397 837 2672 906 παρῆκεν,
2701 835 2800 889 εἶτ’
2835 837 3032 904 ἐπάγει
3075 838 3301 891 κάκεῖνα
3336 853 3351 869 ο
3385 837 3672 890 Τοσούτων

2094 927 2208 981 τῶν
2234 927 2337 995 τῆς
2382 928 2662 996 ἐνεργείας
2713 926 2884 981 ὄντων
2931 929 3352 997 σημαινομένων
3399 929 3529 994 περὶ
3577 925 3674 979 τοῦ

2099 1022 2306 1092 Κυρίου
2343 1021 2501 1090 ήμῶν
2545 1019 2721 1090 Ἰησοῦ
2753 1019 2993 1090 Χριστοῦ
3041 1019 3348 1088 φιλοσοφῶν
3379 1019 3407 1072 6
3434 1019 3578 1080 θεῖος
3611 1018 3676 1070 ἐκ

2098 1110 2396 1181 Δαμασκοῦ
2437 1110 2714 1176 Ἰωάννης,
2761 1109 2822 1162 Ἡ
2842 1109 2950 1161 τῶν
2977 1108 3294 1178 θαυμάτων,
3322 1107 3476 1176 φησὶ,
3505 1107 3671 1160 δύνα-

2099 1221 2194 1274 μις
2251 1204 2352 1272 τῆς
2402 1203 2656 1273 θεότητος
2691 1200 2858 1254 αὑτοῦ
2893 1202 3140 1271 ὑπῆρχεν
3174 1201 3446 1270 ἐνέργεια.
3501 1200 3565 1251 'H
3617 1197 3677 1251 δὲ

2098 1297 2436 1365 χειρουργία.
2486 1293 2666 1348 καὶτὸ
2699 1291 2947 1358 θελῆσαι,
3002 1291 3094 1343 καὶ
3131 1289 3191 1342 τὺ
3227 1290 3423 1352 εἰπεῖν,
3475 1288 3666 1349 Θέλω,

2100 1385 2530 1453 καθαρίσθητι,
2585 1385 2684 1454 τῆς
2737 1383 3162 1453 άνθρωπότητος
3210 1380 3376 1435 αὑτοῦ
3432 1380 3678 1449 ὑπῆρχεν

2103 1479 2376 1548 ἐνέργεια.
2395 1475 2772 1546 Ἀποτέλεσμα
2801 1475 2858 1528 δέ
2887 1475 2986 1541 τῆς
3013 1472 3364 1541 ἀνθρωπίνης
3396 1471 3682 1540 ἐνεργείας

2105 1570 2139 1638 ή
2163 1569 2272 1621 τῶν
2301 1568 2482 1637 ἄρτων
2509 1566 2723 1628 κλάσις,
2749 1565 2846 1618 καὶ
2871 1564 2930 1617 τδ
2957 1564 3189 1618 άκοῦσαι
3210 1564 3302 1616 τὸν
3328 1562 3548 1632 λεπρόν·
3582 1561 3682 1630 τῆς

2106 1657 2167 1710 δέ
2205 1657 2362 1720 θείας
2393 1657 2677 1727 ἐνεργείας
2731 1656 2759 1708 6
2793 1655 2902 1708 τῶν
2943 1654 3124 1724 άρτων
3158 1652 3480 1722 πληθυσμὸς
3512 1653 3608 1706 καὶ
3644 1653 3681 1721 ἡ

2105 1751 2203 1802 τοῦ
2238 1748 2442 1819 λεπρώ
2483 1749 2772 1818 κάθαρσις.

419 1806 526 1920 ἰδέᾳ
544 1809 828 1920 μετάξρὺς
854 1812 1277 1920 άντιρῤητικοὺς
1297 1820 1549 1920 τουτουσὶ⁵
1566 1820 1757 1889 λόγους
1776 1823 2008 1892 ποιήσαι·
2037 1863 2080 1920 Β
2181 1840 2296 1894 καὶ
2339 1806 2514 1893 ταῦτα
2545 1806 2643 1909 μὲν
2673 1841 2700 1892 ὁ
2730 1806 3038 1908 ⁷Γρηγοριῖις
3064 1850 3079 1865 ⁸
3115 1836 3263 1905 ἡμᾶς
3303 1831 3351 1886 δ’
3380 1832 3684 1900 ἀναγκαῖον

418 1897 545 1951 σθαι
590 1901 847 1965 πολλάκις
874 1903 1213 1976 ὑπέστημεν,
1256 1909 1445 1981 ἐπειδὴ
1489 1913 1585 1965 καὶ
1613 1915 1857 1971 πυκτίων
1896 1917 1997 1970 οὐκ

415 1989 613 2058 ὀλίγων
635 1994 770 2064 ήμῖν
799 1996 893 2050 καὶ
937 1998 1290 2068 ἀντιγράφων
1335 2002 1418 2056 δεῖ
1459 2006 1596 2074 πρὸς
1627 2005 1726 2076 τὴν
1770 2007 1998 2062 ἐκείνων

422 2084 592 2138 ίοῦσιν
629 2086 876 2157 ἔρευναν,
894 2089 983 2143 διά
1002 2107 1064 2160 γε
1093 2092 1195 2163 τὴν
1217 2093 1420 2164 συνήθη
1443 2096 1674 2168 κλοπὴν,
1701 2099 1867 2168 φημὶ,
1904 2101 2000 2154 καλ⁵

417 2177 518 2242 τὰς
547 2183 942 2252 παρεκτροπάς
971 2186 1066 2236 καὶ
1091 2183 1420 2256 διαστροφάς
1447 2185 1541 2240 τοῦ
1579 2188 1890 2258 φιλοσόφου.

493 2272 631 2336 Φησὶ
677 2274 967 2344 τοιγαροῦν
1010 2275 1170 2338 αὐτὸς
1200 2278 1292 2331 καὶ
1333 2273 1513 2346 αὖθις,
1543 2279 1674 2349 περὶ
1719 2282 2002 2352 ἐνεργείας

427 2366 806 2432 μυσταγωγῶν
841 2367 933 2422 τὸν
977 2367 1173 2423 ἐαυτοῦ
1216 2371 1492 2442 ἀκροατὴν
1552 2371 1959 2442 ’Δγαθάγγελον
1984 2391 2001 2406 ο

424 2455 656 2520 Λέγεται
679 2458 780 2527 μέν
799 2459 907 2529 γάρ
929 2461 1178 2531 ἐνέργεια
1204 2464 1232 2516 6
1260 2464 1386 2527 Υίδς
1399 2465 1493 2518 καὶ
1515 2466 1688 2534 Λόγος
1708 2465 1802 2520 τοῦ
1830 2465 1967 2521 Θεοῦ
1985 2481 2001 2498 ·

426 2548 647 2616 λέγεται
680 2549 726 2602 δ’
757 2551 852 2604 οῦν
899 2553 1154 2621 ἐνέργεια
1203 2557 1298 2610 καὶ
1333 2557 1397 2609 τδ
1449 2557 1677 2628 Πνεῦμα
1717 2559 1781 2613 ἐδ
1826 2559 2004 2628 ἅγιον.

429 2643 546 2696 Οὐκ
588 2643 888 2713 ἀμφίϐολον
919 2646 1050 2718 γάρ,
1088 2648 1254 2718 φησιν
1276 2649 1304 2702 6
1330 2649 1499 2712 πολὺς
1543 2649 1880 2716 ’Δθανάσιος,
1921 2651 2006 2706 ὅτι

432 2734 598 2799 αὑτός
627 2737 774 2790 ἐστιν
803 2737 837 2807 ή
875 2737 968 2790 τοῦ
1004 2738 1216 2809 Πατρὸς
1246 2738 1398 2802 ζῶσα
1427 2739 1614 2811 βουλὴ,
1634 2741 1732 2795 καὶ
1764 2741 2010 2807 ἐνούσιος

433 2824 706 2894 ἐνέργεια,
736 2828 832 2881 καὶ
858 2828 1032 2896 Λόγος
1065 2828 1342 2899 ἀληθινός.

505 2916 617 2970 Καὶ
641 2919 826 2986 πάλιν,
843 2918 994 2984 Ἐνὸς
1021 2921 1174 2985 δντος
1195 2921 1294 2976 τοῦ
1327 2920 1483 2988 Υίοῦ,
1504 2923 1661 2995 φησὶ,
1693 2923 1790 2978 τοῦ
1805 2924 2011 2989 ζῶντος

433 3008 634 3075 Λόγου,
671 3008 802 3076 μίαν
831 3003 972 3064 είναι
998 3011 1081 3065 δεῖ
1099 3010 1313 3065 τελείαν
1348 3012 1444 3066 καὶ
1487 3013 1680 3082 πλήρη
1717 3012 1819 3081 τὴν
1845 3011 2010 3080 άγια·

436 3103 626 3174 στικήν
657 3105 756 3159 καὶ
790 3107 1130 3176 φωτιστικήν
1147 3105 1314 3177 ζωὴν,
1335 3101 1503 3162 οὖσαν
1525 3107 1812 3176 ἐνέργειαν
1841 3104 2010 3160 αὑτοῦ

2098 1934 2305 1988 ἐκεῖνον
2334 1930 2577 2002 ἐρέσθαι,
2614 1930 2869 1993 καὶτίνος
2898 1929 3079 1999 χάριν,
3109 1921 3156 1981 ὧ
3184 1926 3461 1995 φιλόσοφε,
3492 1923 3584 1979 τοῦ
3618 1923 3685 1976 ἐκ

2097 2023 2395 2094 Δαμασκοῦ
2455 2021 2674 2076 τουτουῖ
2725 2020 3092 2082 διδασκάλου,
3147 2019 3245 2071 καὶ
3303 2017 3368 2088 δὴ
3420 2015 3514 2068 καὶ
3573 2015 3683 2068 τῶν

2102 2115 2200 2168 σὺν
2259 2113 2410 2184 αὐτῷ
2481 2114 2578 2167 καὶ
2665 2114 2773 2184 πρὸ
2833 2111 3002 2165 αὑτοῦ
3057 2110 3362 2178 θεολόγων,
3430 2107 3526 2171 οὒς
3586 2106 3686 2160 καὶ

2101 2204 2262 2267 αὑτὸς
2311 2204 2451 2274 μετὰ
2496 2204 2688 2258 τοῦτον
2754 2202 2918 2256 αὐτὸν
2983 2201 3281 2272 προφέρεις
3335 2198 3506 2267 ἑξῆς,
3551 2197 3686 2267 περὶ

2100 2295 2198 2350 τοῦ
2264 2297 2472 2365 Κυρίου
2502 2296 2660 2366 ἡμῶν
2722 2293 2899 2364 Ἰησοῦ
2940 2291 3212 2363 Χριστοῦ,
3261 2291 3354 2344 καὶ¹
3407 2291 3508 2359 τῆς
3563 2286 3684 2341 κατ’

2103 2389 2267 2442 αὑτὸν
2316 2387 2630 2458 ἐνεργείας,
2665 2386 2742 2449 ὡς
2795 2386 2888 2438 καὶ
2916 2384 3078 2448 αὑτὸς
3115 2383 3270 2453 ἔφης,
3329 2381 3686 2450 φιλοσοφούν-

2103 2498 2235 2543 των,
2267 2479 2341 2552 μὴ
2372 2481 2466 2532 καὶ
2499 2480 2660 2542 αὐτὸς
2694 2480 2815 2531 κατ’
2844 2479 3091 2541 ἐκείνους
3116 2478 3246 2544 περὶ
3274 2473 3448 2543 αὐτῆς
3479 2472 3686 2540 ταύτης

2105 2569 2329 2640 διαλέγῃ
2361 2568 2456 2624 καὶ
2489 2568 2742 2638 γράφεις,
2777 2565 2908 2636 περὶ
2943 2565 3053 2634 γὰρ
3082 2563 3252 2628 αὐτῆς
3283 2563 3350 2631 τῇ
3388 2575 3447 2612 τε
3481 2557 3688 2626 συνόδῳ

2107 2662 2202 2716 καὶ
2229 2660 2308 2729 τῷ
2343 2658 2528 2730 σεπτῷ
2551 2657 2830 2728 τόμῳκαὶ
2857 2658 2990 2724 ἡμῖν
3017 2654 3160 2718 ἄπας
3192 2656 3220 2706 6
3244 2653 3424 2720 λόγος,
3465 2651 3526 2704 οὑ
3558 2649 3688 2719 περὶ

2108 2752 2298 2823 ἄλλης,
2329 2751 2467 2805 ἀλλὰ
2506 2750 2614 2803 τῶν
2654 2750 3033 2820 προκειμένων
3083 2746 3333 2814 ἐπίτηδες
3365 2746 3554 2812 ὥσπερ
3582 2743 3686 2810 ἀφ·

2111 2843 2326 2914 έμενος,
2353 2841 2584 2906 πολλοὺς
2613 2839 2912 2911 περιϐάλλῃ
2947 2839 3204 2904 κύκλους,
3239 2837 3334 2890 καὶ
3358 2834 3689 2904 ὁμωνύμους

2112 2932 2457 3004 περιεργάζῃ
2479 2932 2685 3001 φωνὰς,
2719 2930 2812 2984 καὶ
2840 2930 2938 3000 τὴν
2967 2929 3225 2999 περιττὴν
3250 2926 3467 2996 ἐκείνην
3500 2923 3688 2977 ἀδολε-

2115 3026 2274 3096 σχίαν
2295 3066 2309 3091 ,
2347 3026 2443 3079 καὶ
2470 3026 2569 3089 τὰς
2599 3023 2763 3086 κενάς
2795 3024 2889 3077 καὶ
2917 3023 3228 3094 ἀχρήστους
3259 3019 3552 3089 διαιρέσεις
3595 3017 3690 3069 καὶ

2114 3117 2411 3188 ἐξηγήσεις
2445 3117 2764 3184 ἐπεισάγεις
2792 3114 2870 3186 τῷ
2903 3115 3084 3184 λόγῳ;
3117 3113 3180 3167 EI
3213 3113 3268 3166 δέ
3293 3112 3392 3164 καὶ
3423 3111 3554 3179 περὶ
3579 3109 3687 3162 πάει

433 3195 532 3247 καὶ
553 3195 784 3266 δωρεάν,
813 3197 937 3268 ἥτις
973 3198 1039 3252 ἐκ
1069 3198 1287 3268 Πατρδς
1334 3198 1552 3266 λέγεται
1589 3196 2006 3268 ἐκπορεύεσθαι.
2037 3205 2080 3263 c
2114 3227 2216 3282 σης
2265 3209 2569 3281 ἐνεργείας,
2603 3208 2678 3271 ὡς
2719 3209 2850 3280 φῂς,
2883 3206 3030 3268 θείας
3074 3222 3135 3258 τε
3187 3202 3285 3257 καὶ⁵
3341 3199 3691 3271 ἀνθρωπίνης
3779 3247 3782 3250 ,

435 3287 707 3359 Κύριλλος
759 3287 806 3342 δ’
855 3290 1059 3361 ὁμοίως
1107 3291 1201 3344 καὶ
1248 3290 1411 3354 αὑτὸς
1443 3331 1458 3355 ,
1493 3291 1558 3345 Εί
1596 3292 1636 3348 6~
1682 3290 1816 3354 Υίός
1854 3291 2008 3358 ἐστι,

434 3387 626 3452 φησιν,
675 3385 710 3453 ή
748 3382 900 3448 ζῶσα
938 3385 1031 3438 καὶ
1064 3383 1329 3456 οὑσιώδης
1361 3384 1612 3453 ἐνέργεια
1642 3385 1737 3438 καὶ
1777 3382 2015 3454 δύναμις

434 3475 533 3530 καὶ
575 3475 740 3545 σοφία
789 3475 886 3529 τοῦ
932 3475 1165 3544 Πατρδς,
1223 3476 1477 3546 ἐνέργεια
1517 3475 1613 3529 καὶ
1650 3476 1744 3528 τοῦ
1773 3474 1906 3528 Υίοῦ
1955 3475 2015 3528 τὸ

434 3567 664 3638 Πνεῦμα
681 3567 744 3621 τὸ
769 3568 948 3636 άγιον.
967 3568 1246 3639 Ἐνέργεια
1269 3567 1596 3636 λέγεταικαὶ
1617 3567 1650 3636 ή
1671 3567 1887 3634 ἑκάστῳ
1907 3564 2016 3618 τῶν

431 3659 608 3715 ὅντων
643 3661 842 3715 ἐνοῦσα
871 3660 1080 3730 φυσικὴ
1100 3660 1351 3729 δύναμις,
1387 3659 1463 3722 ὡς
1493 3660 1554 3714 τὸ
1581 3658 1899 3728 θερμαίνειν
1937 3656 2016 3727 τῷ

436 3751 591 3822 πυρὶ,
609 3753 707 3806 καὶ
736 3751 932 3822 ψύχειν
962 3753 1028 3823 τῇ
1063 3753 1224 3822 χιόνι.
1253 3750 1488 3818 Λέγεται
1521 3750 1696 3803 καὶτὸ
1727 3750 1827 3820 τῆς
1858 3751 2017 3819 ἐνερ-

433 3845 684 3914 ητικῆςξ
725 3843 1012 3912 δυνάμεως
1051 3843 1401 3912 ἀποτέλεσμα
1451 3842 1721 3910 ἐνέργεια,
1789 3843 1878 3894 καὶ
1925 3840 2016 3911 ἐρ-

434 3952 557 4006 γον,
597 3939 694 3989 καὶ
724 3937 1026 4007 ἐνέργημα,
1057 3935 1132 3997 ὡς
1178 3935 1315 4005 ἔργα
1351 3936 1442 3988 καὶ
1465 3934 1737 4003 ἐνέργειαι
1767 3933 1902 3986 Θεοῦ
1942 3933 2015 4002 γῆ

2113 3296 2412 3367 ἐϐουλήθης
2447 3297 2645 3361 εἰπεῖν,
2675 3297 2770 3349 καὶ
2809 3294 3014 3358 διδάξαι
3039 3292 3132 3347 τὸν
3159 3291 3250 3345 σὺν
3277 3293 3513 3360 ἑταῖρον,
3550 3287 3692 3342 διατί

2115 3384 2191 3456 μὴ
2210 3385 2305 3438 τὸν
2336 3384 2721 3457 προρρηθέντα
2749 3383 3097 3448 διδάσκαλον,
3125 3382 3219 3434 τὸν
3247 3381 3390 3434 θεῖον
3431 3378 3689 3446 Ἰωάννην

2113 3479 2279 3548 φημὶ,
2311 3477 2510 3547 μᾶλλον
2541 3476 2785 3539 καὶτοὺς
2811 3475 3021 3528 ἐκείνου
3049 3475 3177 3544 περὶ
3203 3473 3481 3542 ἐνεργείας
3503 3468 3696 3535 λόγους

2113 3569 2212 3623 καὶ
2235 3570 2332 3632 τὰς
2363 3568 2660 3639 διαιρέσεις
2684 3567 2779 3620 καὶ
2810 3567 2908 3636 τὴν
2939 3565 3326 3632 θεολογίανείς
3358 3562 3452 3614 τὸν
3473 3560 3696 3628 λογικὸν

2113 3659 2303 3728 άγῶνα
2321 3658 2513 3712 τοῦτον
2543 3660 2838 3727 είσήγαγες
2864 3674 2884 3723 ;
2924 3657 3160 3717 Ἐδόκεις
3191 3655 3388 3726 γὰρ-ἃν
3419 3655 3562 3707 οὕτω
3585 3654 3694 3708 πά-

2118 3770 2219 3822 σης
2241 3752 2395 3815 ἐκτὸς
2427 3753 2664 3821 ὑποψίας
2694 3746 2854 3816 εἶναι,
2885 3751 2979 3803 καὶ
3007 3751 3076 3802 τὰ
3097 3749 3283 3802 εἰκότα
3315 3753 3411 3801 καὶ
3441 3747 3584 3799 κατὰ
3611 3745 3697 3798 λό-
3759 3755 3762 3758 ’

2116 3860 2212 3913 γον
2243 3845 2439 3896 ποιεῖν.
2473 3842 2588 3896 Νῦν
2619 3841 2676 3896 δέ
2705 3844 2816 3895 πᾶν
2848 3858 2932 3895 σοι
2962 3840 3272 3894 τούναντίον
3297 3839 3362 3892 ἐκ
3391 3855 3454 3906 γε
3484 3839 3590 3890 τῶν
3611 3838 3700 3891 λό-

2117 3954 2231 4006 γων
2270 3935 2498 3990 ἐκείνων
2527 3934 2711 4005 ἐξέϐη.
2752 3936 2861 3988 Καὶ
2890 3935 2939 3987 εί
2992 3933 3091 4003 μὲν
3117 3932 3192 4004 μὴ
3223 3932 3370 3986 τοῦτ’
3399 3933 3531 3985 αὐτὸ
3565 3933 3699 4000 πρό-

436 4029 537 4082 καὶ
587 4027 840 4098 οὖρανδς.
889 4026 986 4081 καὶ
1021 4025 1090 4079 τὰ
1144 4028 1202 4079 ὲν
1249 4024 1482 4090 τούτοις.
1518 4025 1658 4094 Φησὶ
1709 4025 1816 4094 γὰρ
1849 4024 1944 4077 καὶ
1988 4025 2016 4078 ό
2120 4029 2271 4093 θεσις
2294 4026 2362 4091 ἦν
2383 4025 2575 4099 ἐκείνῳ
2604 4027 2683 4098 τῷ
2710 4027 2964 4094 θεολόγῳ,
2996 4026 3058 4078 τὸ
3089 4025 3224 4095 περὶ
3238 4023 3388 4088 θείας
3418 4025 3700 4095 ἐνεργείας

439 4120 585 4181 Θεῖος
623 4121 687 4174 ἐκ
737 4117 1067 4189 Δασμασκοῦ
1112 4118 1386 4188 Ἰωάννης,
1423 4117 1498 4179 ὡς
1550 4118 1586 4186 ή
1639 4115 1890 4182 ἐνέργεια
1923 4115 2020 4173 καὶ
2121 4118 2488 4192 φιλοσοφῆσαι
2543 4137 2719 4190 φημι,
2758 4119 2854 4174 καὶ
2889 4118 3187 4183 διαστεῖλαι
3217 4117 3562 4189 ὁμωνυμίας,
3604 4117 3720 4176 καὶ.

437 4209 1000 4281 ἐνέργημα-λέγεται,
1030 4209 1125 4263 καὶ
1153 4209 1464 4262 τούναντίον
1496 4209 1748 4276 ἐνέργεια
1780 4205 1840 4260 τὸ
1866 4206 2018 4277 ἐνέρ-

437 4319 616 4374 γημα,
649 4301 727 4364 ὡς
760 4304 856 4356 καὶ
883 4303 944 4354 τὸ
977 4300 1187 4368 κτίσμα
1215 4300 1390 4359 κτίσις
1415 4314 1427 4327 ·
1468 4298 1591 4352 καθ’
1622 4296 1653 4350 δ
1679 4299 2018 4368 σημαινόμε-

437 4413 532 4450 νον
567 4396 663 4449 καὶ
701 4395 794 4448 τὸν
822 4391 972 4447 οἷκον
1010 4392 1295 4461 ἐνέργειαν
1345 4407 1526 4460 φαμεν
1566 4389 1660 4443 τοῦ
1702 4390 2018 4458 οἰκοδόμου,

439 4492 540 4545 καὶ
589 4489 685 4542 τοῦ
726 4485 1012 4556 ναυπηγοῦ
1059 4485 1158 4555 τὴν
1193 4484 1414 4538 ὁλκάδα.
1466 4482 1757 4552 ’Ἐνέργεια
1799 4481 2020 4548 λέγεται
2057 4540 2097 4560 ἢ
2124 4492 2238 4559 γῶν
2273 4492 2468 4556 ειπεῖν,
2511 4489 2656 4560 εἶχεν
2687 4491 2752 4545 ἄν
2795 4509 2916 4545 τινα
2949 4491 3047 4545 καὶ
3099 4492 3489 4560 παραιτήσεως
3541 4489 3701 4556 λόγον

443 4582 541 4636 καὶ
582 4581 644 4634 τδ
677 4579 882 4649 μεταξὺ
895 4540 1161 4647 ’κρονικέν
1191 4574 1470 4644 διάστημα
1498 4572 1597 4641 τῆς
1626 4573 1895 4641 κινήσεως
1927 4574 2020 4626 τοῦ
2057 4540 2098 4594 D
2125 4540 2258 4643 ίσως
2285 4540 2468 4634 ἐκεῖνοί
2497 4540 2667 4635 τὰΛσά
2693 4597 2708 4612 ο
2737 4581 2832 4635 νῦν
2863 4580 2924 4634 δέ
2950 4581 3083 4650 πρὸς
3114 4540 3299 4634 ἐκέῖνα
3325 4540 3537 4650 ἑλέπων
3560 4582 3588 4632 6

442 4692 504 4727 τε
544 4672 828 4740 οίκοδόμου
870 4671 1008 4741 πρὸς
1041 4668 1100 4721 τὸ
1127 4667 1606 4734 οἰκοδομούμενον,
1643 4667 1738 4717 καὶ
1773 4664 1866 4718 τοῦ
1897 4682 2027 4718 ναυ-
2130 4673 2396 4736 δάσκαλος
2417 4676 2563 4744 πάσῃ
2587 4677 2653 4745 τῇ
2684 4673 3099 4744 προθυμίᾳ,καὶ
3123 4673 3276 4725 τοῦτο
3301 4672 3579 4742 προῦργου
3597 4673 3705 4724 τῶν

442 4765 627 4835 πηγοῦ
673 4763 809 4832 πρὸς
860 4763 920 4814 τὸ
953 4761 1136 4814 πλοῖον
1157 4775 1172 4789 ·
1201 4758 1229 4811 ὃ
1264 4759 1358 4810 καὶ
1408 4755 1757 4827 συμϐεϐηκὸς
1807 4755 1866 4809 ὃν
1899 4757 2025 4810 καθ’
2133 4765 2310 4817 ἄλλων
2345 4767 2668 4835 ποιούμενος
2693 4769 2750 4819 ἐν
2777 4766 3028 4830 ἐκείνοις,
3057 4765 3116 4818 τὸ
3150 4766 3224 4835 μὴ
3258 4766 3421 4836 μόνον
3452 4767 3520 4818 δι’
3544 4767 3706 4827 αὐτὸς

443 4857 604 4922 αὑτὸ,
634 4857 732 4911 καὶ
763 4857 988 4926 σχετική
1043 4869 1130 4916 τις
1163 4853 1399 4923 μεσότης
1433 4853 1541 4906 τῶν
1572 4853 1757 4922 ἄκρων
1795 4852 2024 4920 ἀμφοῖν,
2134 4855 2324 4919 αὑτοῦ,
2374 4856 2511 4910 ἀλλὰ
2540 4860 2633 4910 καὶ
2662 4857 2752 4910 διὰ
2783 4857 2891 4908 τῶν
2936 4857 3044 4926 πρὸ
3076 4855 3242 4909 αὑτοῦ
3294 4856 3617 4924 θεολογικῶν
3647 4875 3707 4906 τε

2121 4217 2275 4270 θείαν
2328 4218 2421 4270 καὶ
2475 4215 2848 4283 ἀνθρωπείαν,
2891 4216 2987 4268 καὶ
3032 4216 3256 4285 κτιστὴν
3309 4214 3402 4267 καὶ
3444 4214 3700 4267 ἄκτιστον

2124 4310 2404 4379 ἐνέργειαν
2435 4310 2529 4362 ἀπ’
2555 4308 2799 4379 ἀλλήλων
2832 4308 3043 4372 διελεῖν,
3083 4307 3181 4361 καὶ
3209 4306 3263 4360 τί
3295 4307 3394 4377 μὲν
3425 4307 3700 4376 ἐνέργεια,

2122 4401 2175 4452 τί
2206 4401 2250 4452 δ’
2281 4400 2649 4469 ἀποτέλεσμα,
2685 4401 2781 4453 καὶ
2826 4399 2877 4452 τί
2911 4398 3288 4469 ἐνεργητικὸν,
3327 4397 3422 4450 καὶ
3456 4397 3508 4448 τί
3547 4397 3700 4466 ἐνερ-
3798 4415 3806 4421 ·

445 4951 544 5001 τοῦ
576 4966 634 5002 τε
661 4946 1017 5018 ἐνεργοῦντος
1043 4945 1138 5014 καὶ
1165 4944 1261 4997 τοῦ
1298 4945 1722 5014 ἐνεργουμένου,
1754 4959 2028 5012 συγκατα-

446 5042 609 5112 λήγει
636 5043 704 5110 τῇ
741 5038 850 5092 τῶν
871 5039 1059 5106 άκρων
1089 5036 1262 5106 λήξει,
1283 5037 1393 5090 ’καὶ
1445 5036 1631 5088 οὐκέτι
1661 5036 1810 5089 ἐστὶν
1835 5035 2022 5088 οὐδέν·

445 5137 584 5205 περὶ
629 5129 697 5204 ἧς
743 5135 838 5185 καὶ
868 5133 897 5184 6
926 5130 1174 5198 θεολόγος
1227 5129 1332 5199 ἔφη
1391 5129 1534 5192 θεῖος
1578 5129 1905 5198 Γρηγόριος,
1951 5127 2028 5184 ὡς

449 5223 915 5295 ἐνεργηθήσεται.
951 5225 1046 5276 καὶ
1074 5223 1175 5277 οὐκ
1210 5222 1514 5289 ἐνεργήσει,
1543 5222 1635 5272 καὶ
1669 5218 1806 5289 ὁμοῦ
1836 5217 1914 5287 τῷ
1947 5219 2029 5271 ἐν-

453 5317 756 5388 εργηθῆναι
777 5317 1068 5381 παύσεται,
1090 5313 1342 5381 καθάπερ
1365 5314 1458 5366 καὶ
1485 5314 1517 5382 ἡ
1546 5312 1747 5380 μεταξὺ
1771 5308 1866 5363 τοῦ
1890 5311 2030 5378 ὁρω-

459 5410 624 5478 μένου
669 5409 764 5461 καὶ
809 5406 902 5460 τοῦ
955 5409 1193 5476 ὁρῶντος
1248 5407 1463 5474 ὅρασις,
1507 5404 1604 5457 καὶ
1648 5405 1681 5472 ὴ
1731 5403 1896 5471 μέσον
1935 5399 2028 5453 τοῦ

461 5500 755 5566 γευομένου
794 5499 886 5550 καὶ
911 5497 1004 5550 τοῦ
1037 5497 1266 5566 γευστοῦ
1291 5497 1499 5564 γεῦσις.

534 5585 668 5642 Είτα
717 5588 923 5658 μεταξὺ
955 5590 1048 5643 καὶ
1076 5588 1218 5656 ἕτερ’
1240 5587 1376 5640 ἄττα
1411 5587 1789 5656 σημαινόμενα
1817 5586 1915 5654 τῆς
1949 5586 2034 5639 ἐν·

461 5681 682 5749 εργείας
718 5680 983 5750 προσθεὶς
1012 5681 1039 5732 6
1077 5680 1389 5749 φιλόσοφος,
1415 5680 1488 5742 ὡς
1519 5680 1689 5731 οἴεται
1723 5679 1882 5747 μέχρι
1926 5680 2034 5732 τῶν

461 5771 614 5834 δέκα,
653 5772 722 5823 τά
762 5771 862 5840 μὲν
909 5773 972 5824 ἐκ
1004 5772 1102 5840 τῆς
1129 5772 1239 5825 τῶν
1270 5773 1440 5838 ἁγίων
1469 5771 1616 5841 αῦτῴ
1649 5771 1924 5838 θεολογίας
1958 5773 2036 5824 εί-

460 5865 739 5934 λημμένα,
769 5865 836 5917 τὰ
860 5863 916 5917 δὲ
949 5865 1042 5917 καὶ
1071 5864 1514 5934 παραφθέγματα
1577 5865 1776 5934 μᾶλλον
1809 5863 1972 5918 αὑτοῦ
1998 5864 2028 5932 ἢ

2134 4947 2230 5000 καὶ
2281 4947 2567 5016 πατρικῶν
2613 4947 2808 5014 λόγων,
2845 4949 2935 5009 καὶ
2961 4947 3061 5016 τὴν
3104 4947 3429 5014 Ἐκκλησίαν
3468 4940 3706 5015 Χριστοῦ

2134 5035 2308 5090 ταῦτα
2337 5036 2566 5101 διδάξαι,
2590 5037 2680 5090 καὶ
2703 5038 2813 5098 τοῖς
2836 5038 3174 5104 ἀντιλέγουσι
3196 5037 3404 5097 τούτοις
3419 5037 3710 5088 ἀντικατα-

2137 5129 2328 5199 στῆναι
2387 5130 2481 5182 καὶ
2526 5129 2816 5195 διελέγξαι,
2859 5127 2980 5180 ούδέ
3032 5127 3419 5196 παραιτεῖσθαί
3468 5143 3526 5178 σε
3578 5126 3708 5192 γοῦν

2138 5214 2434 5289 συγχωρεῖ.
2471 5220 2612 5290 Ὅρα
2643 5221 2738 5272 καὶ
2778 5218 2886 5288 γάρ
2912 5234 2926 5246 ·
2964 5219 3093 5288 περὶ
3139 5219 3239 5286 μὲν
3268 5217 3376 5269 τῶν
3421 5217 3710 5286 ἐνεργειῶν

2138 5311 2244 5364 τῶν
2295 5312 2352 5364 ἐν
2378 5311 2456 5380 τῷ
2496 5311 2688 5381 Κυρίῳ
2718 5312 2880 5381 ἡμῶν
2922 5311 3097 5378 Ἰησοῦ
3127 5310 3350 5380 Χριστῷ
3394 5311 3481 5362 τὸν
3512 5310 3708 5362 ἐαυτοῦ

2141 5404 2300 5472 λόγον
2346 5406 2372 5455 ὁ
2405 5404 2726 5466 διδάσκαλος
2768 5404 3083 5472 ἐπιγράφει,
3120 5395 3165 5470 ᾧ
3193 5403 3257 5473 δὴ
3292 5403 3386 5456 καὶ
3416 5401 3578 5464 αὐτὸς
3609 5403 3713 5455 οὑκ

2142 5497 2210 5548 ἂν
2239 5495 2592 5566 διαγράψαις,
2636 5497 2745 5550 οὐδ’
2791 5497 3062 5557 ἀντείπςις
3093 5496 3244 5562 ποτὲ,
3289 5495 3458 5548 πολλά
3489 5493 3547 5547 δὲ
3582 5496 3713 5562 περὶ

2144 5586 2297 5649 θείας
2340 5587 2434 5640 καὶ
2463 5588 2808 5659 ἀνθρωπείας
2843 5588 3013 5641 είπὼν
3041 5589 3322 5658 ἐνεργείας
3355 5587 3422 5638 δι’
3461 5587 3584 5639 ὅλου
3615 5585 3714 5639 τοῦ

2141 5679 2325 5749 λόγου,
2353 5675 2514 5734 αὗται
2554 5683 2646 5736 καὶ
2677 5681 2782 5752 γὰρ
2812 5683 2866 5736 αἱ
2885 5681 2978 5735 τοῦ
3003 5684 3118 5745 ἐνὸς
3149 5682 3386 5753 Χριστοῦ
3414 5683 3589 5734 διτταὶ
3617 5681 3714 5750 δη-

2143 5772 2319 5826 λονότι
2368 5773 2656 5842 ἐνέργειαι,
2693 5772 2882 5840 ὥσπερ
2911 5773 2975 5830 δὴ
3004 5776 3096 5826 καὶ
3127 5775 3183 5826 αί
3219 5774 3432 5844 φύσεις,
3472 5771 3711 5840 οὐδαμοῦ

2143 5864 2234 5917 τὸν
2281 5864 2403 5916 my
2433 5865 2526 5917 τοῦ
2580 5864 2738 5933 Θεοῦ,
2794 5865 2827 5936 ἢ
2860 5865 2923 5918 τι
2951 5848 3236 5936 ὁμοούσιον
3292 5864 3456 5919 αὐτοῦ
3493 5864 3723 5934 Πνεῦμα
