4054 6506
378 417 488 475 919

1132 419 1443 482 CONTRA
1482 421 1912 484 GREGORAM
1956 424 2729 487 ANTIRRHETICORUM.
2764 423 2927 485 VIII.

3530 418 3638 484 930

366 528 493 590 πῶς
523 529 625 583 οὐκ
672 530 852 603 ὀρθῶς
886 532 1008 586 οὺδέ
1046 532 1187 602 μετᾶ
1229 533 1325 587 τοῦ
1370 514 1755 607 προσήκοντος.
1781 535 1942 606 λόγου
1974 541 2018 597 Α
2048 535 2345 608 ὑπάρχειν,
2385 535 2459 599 ὡς
2503 536 2661 602 Θεοῦ,
2702 536 2820 599 πῶς
2851 536 2906 588 δέ
2938 532 3289 603 ἀνθρωπίνης
3320 531 3653 605 ἐνεργείας,

363 625 482 675 τῶν
505 622 832 692 θεολογικῶν
863 627 1097 681 ἅπτεται
1126 627 1301 694 λόγων
1322 628 1623 691 κάνταῦθα,
1663 628 1798 683 ἀλλά
1830 647 1952 683 σκο-

364 718 502 780 λιῶς
564 734 626 770 τε
663 717 762 770 καὶ
814 718 1310 789 διεστραμμένως,
1361 718 1458 774 καὶ
1502 720 1578 783 ὡς
1631 720 1697 773 ἂν
1757 721 1817 774 οὐ
1853 720 1952 792 τὴν

360 811 651 879 ἀλήθειαν,
669 809 793 864 οὐδὲ
823 810 916 867 τὸν
946 811 1253 880 θεολογικδν
1275 813 1523 884 ἐκζητῶν
1555 814 1779 879 σκοπὸν,
1815 816 1952 871 ἀλλά

360 903 459 955 τὸν
484 904 685 956 κανόνα
712 907 850 973 πρὸς
881 903 1077 957 ἐαυτὸν
1110 904 1288 959 ἐλκων
1318 904 1546 975 μᾶλλον,
1575 908 1674 960 καὶ
1706 909 1828 971 ταῖς
1853 908 1950 963 αὐο

360 994 463 1046 τοῦ
505 994 692 1060 δόξαις
722 997 824 1051 καὶ
870 998 984 1060 τοῖς
1015 996 1196 1066 λόγοις
1222 997 1456 1055 ἐπεσθαι
1485 1000 1578 1054 τὸν
1624 1000 1949 1056 διδάσκαλον

363 1088 700 1154 ἀναγκάζων
726 1104 743 1154 ;

448 1181 511 1232 '0
544 1181 645 1248 μέν
679 1183 789 1251 γὰρ
816 1184 981 1250 εὐθὺς
1026 1185 1122 1239 τοῦ
1153 1187 1284 1255 περὶ
1317 1188 1599 1257 ἐνεργείας
1644 1189 1951 1259 ἀρχόμενος

360 1268 552 1337 λόγου.
590 1272 716 1335 Δύο,
744 1276 901 1345 φησὶ,
932 1276 1031 1330 καὶ
1067 1276 1167 1340 τὰς
1196 1278 1479 1346 ἐνεργείας
1511 1279 1693 1346 φαμὲν
1732 1279 1829 1332 ἐπὶ
1854 1280 1949 1334 τοῦ

360 1362 572 1431 Κυρίου
595 1362 755 1434 ἡμῶν
798 1366 975 1436 Ἰησοῦ
1011 1367 1271 1434 Χριστοῦ.
1299 1366 1425 1438 Εἶχε
1454 1371 1553 1439 μὲν
1579 1371 1688 1440 γάρ
1722 1371 1798 1435 ὡς
1816 1371 1950 1436 Θεὸς

360 1456 458 1504 καὶ
486 1454 565 1523 τῷ
596 1457 772 1527 Πατρὶ
801 1459 1086 1527 ὀμοούσιος
1113 1462 1215 1530 τὴν
1239 1462 1392 1517 θείαν
1413 1463 1718 1533 ἐνέργειαν,
1753 1468 1848 1519 καὶ
1872 1467 1948 1531 ὡς

357 1544 653 1612 ἅνθρωπος
676 1548 972 1618 γινόμενος
997 1554 1092 1604 καῖ
1114 1554 1251 1622 ἡμῖν
1272 1555 1581 1623 ὁμοούσιος,
1599 1556 1702 1627 τῆς
1733 1558 1947 1622 ἀνθρω-

360 1636 527 1702 πίνης
578 1637 795 1705 φύσεως
840 1643 941 1709 τὴν
987 1644 1292 1713 ἐνέργειαν.
1349 1646 1552 1700 Ἰστέον
1593 1648 1650 1701 δὲ
1696 1650 1772 1715 ὡς
1819 1650 1949 1706 ἄλλο

358 1728 509 1780 ἐστὶν
552 1729 829 1801 ἐνέργεια,
864 1732 959 1785 καὶ
992 1733 1120 1789 ἀλλο
1149 1738 1527 1805 ἐνεργητικὸν,
1564 1742 1660 1795 καὶ
1688 1741 1822 1796 ἄλλο
1858 1743 1947 1797 ἐν-

359 1818 609 1890 έργημα,
642 1823 736 1875 καὶ
761 1822 889 1876 ἄλλο
919 1827 1180 1893 ἐνεργῶν.
1228 1828 1518 1898 Ἑνέργεια
1545 1832 1645 1899 μὲν
1673 1828 1769 1887 οὖν
1796 1834 1947 1889 ἐστιν

2054 627 2128 690 ὡς
2161 627 2472 699 ἀνθρώπου.
2502 627 2575 678 Τὸ
2607 627 2707 697 μὲν
2730 622 2823 680 οὖν
2851 628 2948 695 τὴν
2971 624 3207 693 φυσικὴν
3234 623 3513 694 ἐνέργειαν
3536 622 3631 675 τοῦ

2054 721 2190 776 Θεοῦ
2227 724 2319 778 καὶ
2365 721 2465 792 τὴν
2498 721 2731 793 δύναμιν
2760 722 3177 790 ἀποτελέσματα
3210 717 3311 788 τῆς
3340 715 3509 771 αὑτοῦ
3552 718 3639 767 ἐν-

2053 813 2275 885 εργείας
2309 814 2402 868 καὶ
2435 815 2720 884 ποιήματα
2746 813 2838 868 τὸν
2882 814 3177 885 φιλόσοφον
3203 812 3388 879 λέγειν
3419 810 3514 861 καὶ
3558 808 3639 861 δι-

2053 906 2277 959 δάσκειν
2325 907 2625 970 κάνταῦθα,
2659 906 2717 959 οὐ
2748 906 2885 961 πάνυ
2915 924 2998 958 τοι
3025 905 3235 965 καινὸν.
3269 902 3379 956 οὐδ’
3402 900 3508 966 ἔξω
3540 899 3634 953 τοῦ

2053 999 2174 1052 κατ’
2222 998 2383 1053 αὐτὸν
2430 999 2647 1072 ἥγημαι
2701 1001 3047 1070 πράγματος.
3104 996 3345 1050 ΙἈνωθεν
3390 995 3485 1049 καὶ
3527 995 3637 1064 γὰρ

2050 1090 2224 1144 ταῦτα
2272 1093 2401 1162 περὶ
2452 1091 2559 1145 τῶν
2609 1092 2867 1146 τοιούτων
2917 1085 3096 1146 ὦπται
3145 1090 3239 1143 καὶ
3273 1087 3488 1159 φρονῶν
3543 1086 3638 1139 καὶ

2050 1180 2302 1250 γράφων,
2353 1182 2446 1236 καὶ
2476 1183 2669 1236 οὐσίαν
2704 1182 2859 1245 εἰδὼς
2893 1180 3012 1252 μετ’
3060 1181 3327 1251 Εὐνομίου
3368 1179 3460 1232 τὸν
3499 1178 3636 1231 Θεὸν

2054 1272 2244 1344 μόνην,
2269 1273 2488 1328 πάντων
2515 1274 2857 1344 ἐψιλωμένην
2878 1273 2985 1327 τῶν
3011 1274 3259 1341 φυσικῶν
3289 1271 3457 1339 αὐτῆς
3486 1272 3631 1324 ίδιω-

2053 1365 2262 1433 μάτων,
2303 1364 2379 1427 ὡς
2425 1364 2561 1436 ὁμοῦ
2598 1365 2728 1438 παρ’
2775 1363 2922 1435 αῦτῷ
2955 1364 3180 1419 πάντων
3212 1364 3324 1427 τοῖς
3368 1363 3634 1433 κτίσμασι

2052 1458 2591 1529 συναριθμουμένων.
2635 1458 2711 1513 Οὐ
2747 1458 2895 1522 ξένον
2920 1455 3233 1527 τοιγαροῦν,
3276 1455 3396 1508 οὐδὲ
3417 1454 3629 1519 καινὸν,

2048 1547 2186 1618 ὅπερ
2230 1548 2390 1621 ἔφην,
2430 1552 2478 1603 εί
2513 1550 2612 1620 τὴν
2655 1549 2818 1610 αὐτὸς
2850 1548 3016 1605 αὑτοῦ
3054 1549 3291 1619 πάτριον
3343 1546 3502 1613 δόξαν
3539 1546 3634 1599 καὶ

2048 1639 2149 1711 τὴν
2198 1641 2385 1695 πίστιν
2415 1643 2684 1714 Βαρλαάμ
2715 1659 2774 1696 τε
2828 1646 2919 1696 καὶ
2970 1639 3283 1697 Ἀκινδύνου
3338 1639 3477 1708 μετὰ
3525 1637 3635 1692 τῶν

2048 1732 2280 1799 ἐκείνοις
2308 1752 2372 1802 γε
2404 1728 2780 1806 φοιτησάντων
2811 1734 3062 1806 βούλεται
3097 1734 3377 1804 συνιστᾷν.
3424 1729 3635 1786 Ἐκείνό

2048 1839 2112 1892 γε
2145 1824 2251 1896 μὴν
2283 1825 2344 1879 οὐ
2376 1827 2591 1896 μικρῶς
2627 1826 2807 1882 ἔπεισί
2837 1845 2929 1897 μοι
2966 1825 3270 1896 θαυμάζειν
3297 1821 3464 1878 αὑτοῦ
3486 1862 3500 1885 ,
3533 1821 3631 1875 καὶ

356 1912 389 1979 ὴ
421 1910 688 1985 δραστικὴ
719 1914 815 1971 καὶ
835 1917 1103 1987 οὐσιώδης
1134 1922 1233 1990 τῆς
1262 1922 1479 1991 φύσεως
1510 1924 1726 1995 κίνησις
1748 1941 1762 1957 ·
1792 1927 1946 1996 ἐνερ-
1977 1907 2023 1967 Β
2050 1912 2287 1985 μάλιάτα
2329 1916 2442 1984 νῦν,
2494 1919 2609 1982 πῶς
2662 1918 3039 1987 ἀναισχύντως
3081 1915 3226 1971 οὕτω
3275 1915 3368 1969 καὶ
3417 1912 3630 1982 ἰταμῶς

356 2003 587 2072 γητικδν
610 2006 717 2076 δέή
740 2008 923 2078 φύσις,
958 2011 1014 2077 ἐξ
1039 2006 1108 2083 ἧς
1142 2015 1172 2084 ἡ
1205 2014 1458 2083 ἐνέργεια
1490 2018 1942 2091 πρόεισιν³³ἐνέρο

357 2109 517 2162 γημα
557 2095 612 2149 δέ
647 2098 706 2153 τὸ
733 2094 833 2167 τῆς
878 2102 1160 2173 ἐνεργείας
1187 2107 1567 2176 ἀποτέλεσμα·
1616 2110 1856 2182 ἐνεργῶν
1884 2112 1943 2166 δὲ

354 2186 383 2238 ό
420 2190 763 2259 κεχρημένος
794 2195 860 2263 τῇ
889 2195 1169 2267 ἐνεργείᾳ,
1204 2200 1324 2269 ἦτοι
1353 2204 1386 2268 ὴ
1417 2202 1734 2267 ὑπόστασις.
1769 2206 1941 2274 Λέγε-

353 2294 447 2330 ται
480 2280 537 2332 δέ
587 2283 679 2335 καὶ
719 2284 752 2354 ἠ
800 2285 1053 2357 ἐνέργεια
1086 2290 1391 2363 ἐνέργημα,
1435 2297 1528 2349 καὶ
1558 2297 1619 2349 τὸ
1655 2297 1944 2369 ἐνέργημα

355 2370 633 2439 ἐνέργεια.

438 2463 502 2520 '0
534 2466 611 2531 δὲ,
647 2468 744 2524 τοῦ
774 2472 1030 2544 θεμελίου
1072 2476 1268 2531 τούτου
1314 2480 1409 2533 καὶ
1436 2481 1540 2551 τῆς
1572 2486 1738 2539 οἱονεὶ
1784 2487 1942 2557 ῥίζης

355 2556 449 2607 καὶ
484 2559 663 2629 ἀρχῆς
690 2562 799 2616 τῶν
830 2565 1029 2637 ἐφεξῆς
1058 2570 1312 2641 ἐπίτηδες
1337 2575 1581 2638 ἀποστὰς
1604 2576 1799 2645 λόγων,
1829 2556 1940 2634 ὡσ-

353 2650 475 2700 ανεὶ
507 2651 857 2722 διαιρούντων
869 2658 1121 2729 ἀκριϐῶς
1136 2661 1367 2726 ἓκαστα,
1384 2667 1478 2719 καὶ
1509 2669 1938 2738 σαφηνιζόντων,

353 2739 446 2832 καὶ
480 2741 781 2797 ὑπόστασιν
822 2764 967 2818 φημι
1003 2751 1097 2803 καὶ
1139 2754 1352 2819 οὐσίαν,
1395 2757 1489 2809 καὶ
1522 2758 1621 2829 τὴν
1650 2761 1715 2813 ἐκ
1735 2762 1940 2832 ταύτης

352 2830 630 2896 ούσιωδῶς
661 2837 962 2906 προϊοῦσαν
996 2843 1303 2913 ἐνέργειαν,
1331 2848 1426 2899 καὶ
1456 2848 1585 2903 ἀλλο
1614 2851 1767 2922 παρὰ
1805 2830 1939 2907 ταύ-

352 2940 453 2992 την
493 2926 660 2981 οὖσαν
696 2928 772 2994 ὡς
805 2932 1058 3003 δύναμιν,
1102 2938 1196 2989 καὶ
1228 2939 1446 3009 κίνησιν
1494 2942 1671 3012 αὐτῆς
1702 2945 1939 3017 οὑσιώδη

352 3017 447 3068 καὶ
464 3016 781 3091 δραστικὴν.
814 3027 1126 3096 καὶχρῆσιν
1154 3031 1588 3087 ὑποδεικνύντων
1615 3036 1818 3103 ταύτης
1837 3038 1940 3106 τῆς

351 3111 632 3181 ἐνεργείας
656 3116 752 3168 καὶ
780 3118 1148 3190 ἀποτέλεσμα,
1176 3123 1380 3195 ταύτην
1407 3127 1701 3196 τοιγαροῦν
1730 3130 1832 3200 τὴν
1856 3132 1937 3184 εί⁹

349 3202 592 3274 λικρινῆ,
640 3209 736 3260 καὶ
788 3213 1160 3280 σαφεστάτην,
1208 3215 1303 3268 καὶ
1342 3217 1767 3290 ἀπηρτισμένην
1804 3221 2007 3317 nemo

349 3295 635 3363 ἐνεργείας
678 3298 978 3368 θεολογίαν,
1031 3305 1126 3356 καὶ
1162 3306 1299 3374 μηδέ
1336 3308 1509 3371 παιδὶ
1555 3308 1786 3378 θόρυϐον
1834 3312 1934 3381 ἐμ-

352 3389 528 3440 ποιεῖν
559 3389 890 3461 δυναμένην,
922 3395 999 3456 ὡς
1032 3397 1169 3466 μηδὲ
1192 3400 1453 3467 ῥηθεῖσαν
1475 3401 1576 3471 τὴν
1600 3403 1777 3473 ἀρχὴν
1798 3405 1934 3474 μηδὲ

350 3477 519 3531 οὖσαν
546 3482 575 3532 ό
593 3482 888 3550 φιλόσοφος
916 3488 1223 3556 παρελθὼν,
1254 3492 1455 3560 μέρους
1492 3493 1641 3557 τινὸς
1665 3496 1774 3547 τῶν
1806 3480 1934 3563 ἐξῆς

351 3569 622 3626 ἅπτεσθαί
662 3590 773 3637 πως
809 3576 961 3632 δοκεῖ
992 3580 1341 3650 βραχυτάτου
1368 3600 1382 3616 ο
1420 3586 1516 3638 κα)⁵
1547 3586 1726 3655 τούτῳ
1762 3589 1932 3659 μέρος

349 3678 400 3714 τι
435 3664 678 3734 συνάψας
701 3668 963 3734 ὡσαύτως
982 3673 1096 3725 τῶν
1118 3677 1248 3744 περὶ
1264 3679 1564 3746 ἐνεργειῶν
1587 3680 1687 3733 καὶ
1711 3680 1932 3748 φύσεων

348 3755 443 3809 τοῦ
478 3758 714 3827 Χριστοῦ
748 3761 828 3831 τῷ
871 3762 1002 3833 θείῳ
1041 3765 1343 3834 λεχθέντων
1386 3769 1662 3839 Κυρίλλῳ,
1696 3771 1841 3825 καθά
1866 3771 1931 3843 δὴ

349 3848 443 3899 καὶ
483 3848 590 3918 πρὸ
624 3849 852 3922 βραχέος
886 3855 1023 3925 ἡμῖν
1051 3855 1294 3924 εἴρηται,
1329 3859 1423 3912 καὶ
1456 3862 1781 3931 παράλληλα
1814 3864 1930 3927 θεὶς

347 3939 512 3992 δίσνεὶ
555 3942 650 3994 καὶ
674 3945 1026 4014 συγκρούσας
1062 3948 1337 4018 ἀλλήλοις.
1368 3953 1629 4021 πειρᾶται
1658 3953 1727 4007 δι’
1759 3956 1927 4023 ἀλλή-

349 4032 454 4085 λων
515 4040 742 4105 συγχεῖν
801 4039 975 4094 ταῦτα
1039 4042 1134 4095 καὶ
1191 4045 1619 4115 συνταράττειν,
1682 4048 1775 4101 καὶ
1828 4048 1927 4119 τὴν

350 4126 671 4191 συμφωνίαν
717 4127 827 4181 τῶν
882 4128 1155 4202 θεολόγων
1198 4135 1406 4206 ἀμφοῖν
1457 4138 1550 4190 καὶ
1592 4136 1687 4191 τὸν
1718 4141 1926 4193 σκοπὸν

347 4216 619 4287 ἀναιρεῖν.

425 4310 568 4362 Ἀλλ’
602 4309 802 4381 ἴδωμεν
852 4315 953 4387 ἤδη
983 4318 1079 4371 καὶ
1114 4319 1215 4390 τὴν
1249 4322 1536 4393 ἐξήγησιν,
1570 4325 1665 4377 καὶ
1702 4325 1770 4378 τὰ
1803 4327 1923 4379 ἐπι-

346 4402 678 4468 χειρήματα,
721 4405 817 4457 καὶ
870 4406 969 4467 τὰς
1015 4408 1412 4481 ἐπεξεργασίας
1456 4414 1643 4472 αὐτοῦ.
1708 4417 1925 4471 Ἐντεῦ-

346 4487 438 4541 θέν
464 4506 528 4553 γε
562 4490 689 4562 μὴν,
709 4491 1104 4563 Ἀγαθάγγελε,
1134 4500 1288 4567 φησὶ,
1307 4499 1467 4570 δῆλόν
1494 4519 1575 4555 σοι
1596 4502 1829 4572 γίνεται,
1846 4503 1924 4568 ὡς

342 4578 379 4631 ἃ
408 4580 676 4651 Κύριλλος
700 4583 839 4653 ἔργα
876 4587 1033 4653 φησὶ,
1062 4587 1217 4641 ταῦτ’
1245 4590 1531 4662 ἐνεργείας
1570 4597 1599 4646 ό
1619 4596 1921 4667 Δαμασκη-
1951 4610 2007 4677 DL

341 4672 429 4730 νὸς
494 4674 769 4747 Ἰωάννης,
800 4677 895 4733 καὶ
943 4678 1088 4751 άπερ
1129 4678 1384 4753 Ἰωάννης
1417 4686 1698 4755 ἐνεργείας
1723 4688 1926 4741 ἀποτε-

342 4762 608 4834 λέσματα,
635 4766 813 4823 ταῦτα
838 4770 1111 4841 Κύριολλος
1142 4774 1283 4845 ἔργα
1306 4775 1615 4847 δυνάμεως.
1661 4780 1924 4852 Ἐπεξερ-

343 4855 638 4926 γαζόμενοι
666 4859 744 4927 δὲ,
780 4862 874 4916 καὶ
904 4864 1070 4918 οίονεὶ
1097 4868 1688 4941 συγκεφαλαιούμενοι,
1734 4873 1920 4929 Ἰωάν-

343 4965 439 5018 νης
474 4950 575 5018 μὲν
608 4952 708 5016 τὰς
735 4953 848 5008 τῶν
874 4955 1173 5026 θαυμάτων
1203 4961 1341 5031 φησὶ
1371 4962 1632 5034 δυνάμεις
1665 4963 1924 5034 θεότητος

344 5040 613 5110 ὑπάρχειν
641 5044 946 5114 ἐνεργείας,
982 5048 1075 5100 καὶ
1106 5048 1459 5121 ἐνεργήματα
1525 5053 1619 5107 καὶ
1655 5055 1921 5111 ἀποτελέο

343 5136 763 5200 σματα.ταυτὺν
797 5137 843 5190 δ’
887 5139 1064 5194 εἰπεῖν
1120 5143 1403 5213 ποιήματα
1443 5144 1603 5211 Θεοῦ,
1658 5147 1805 5200 καθά
1855 5148 1921 5215 δὴ

342 5223 548 5295 ἀλλαχῆ
584 5228 830 5300 πολλαχῆ
861 5231 1200 5301 πλατύτερον
1233 5238 1533 5304 γραφικαῖς
1562 5239 1695 5308 ἡμῖν
1721 5238 1921 5293 ἀποδέ-

342 5315 548 5369 δεικται
580 5322 945 5392 μαρτυρίαιςο
978 5324 1243 5393 Κύριλλος
1265 5326 1310 5378 δ’
1332 5324 1368 5379 ἃ.
1400 5327 1729 5400 προείρηκεν
1761 5329 1917 5399 ἔργα,

340 5404 514 5458 ταῦτα
569 5410 776 5478 προῖὼν
817 5413 1100 5481 ἐνεργείας
1150 5416 1491 5487 ἀπεφήνατο,
1527 5417 1604 5481 ὡς
1641 5412 1784 5472 εἶναι
1823 5420 1919 5473 καὶ

344 5496 469 5567 παρ’
501 5500 649 5570 αύτῴ
671 5502 870 5555 ταυτὸν
896 5505 1147 5558 ἐνταυθοῖ
1173 5508 1364 5576 σαφῶς
1396 5510 1495 5563 καὶ
1523 5510 1916 5580 ἀναμφιϐόλως

342 5588 476 5658 ἔργα
505 5591 602 5644 καὶ
627 5593 928 5664 ἐνεργείας,
951 5598 1043 5650 καὶ
1074 5595 1216 5654 εἶναι
1245 5604 1639 5674 συμπεραίνειν
1669 5607 1816 5674 ἡμᾶς
1846 5604 1918 5659 δι’

341 5682 541 5751 ἀμφοῖν
570 5684 666 5737 καὶ
692 5686 751 5750 ἐξ
774 5689 979 5757 ἀμφοῖν
1003 5691 1118 5742 τοῖν
1145 5691 1321 5758 ἀγίοιν
1348 5695 1489 5747 αὐτὰ
1517 5695 1584 5748 τὰ
1615 5697 1917 5765 ποιούμενα

344 5773 595 5842 θαύματα
626 5779 775 5845 παρὰ
804 5781 1043 5850 Χριστοῦ
1056 5783 1150 5837 τοῦ
1168 5784 1304 5836 Θεοῦ
1334 5788 1423 5838 καὶ
1460 5786 1711 5857 Σωτῆρος
1727 5789 1913 5857 ἡμῶν,

346 5867 456 5932 πῶς
491 5868 593 5938 μὲν
622 5869 903 5942 δυνάμεως
935 5876 1027 5930 καὶ
1057 5876 1329 5948 θελήσεως
1360 5880 1618 5934 ἀκτίστου
1647 5882 1741 5935 καὶ
1766 5880 1917 5945 θείας

2044 2007 2167 2069 ταῖς
2204 2009 2410 2069 κοιναῖς
2463 2009 2593 2079 περὶ
2633 2009 2770 2063 Θεοῦ
2810 2009 3136 2075 τῶνάγίων
3194 2008 3377 2074 δόξαις
3422 2023 3482 2059 τε
3532 2003 3630 2058 καὶ

2044 2098 2156 2161 τοῖς
2191 2096 2370 2166 λόγοις
2404 2100 2670 2171 ἐπιπηδᾷ,
2701 2100 2892 2172 ῶσπερ
2929 2102 2986 2154 ἐν
3012 2099 3370 2171 ύπερόορέοις
3394 2098 3561 2162 τισὶν,
3596 2095 3630 2165 ἢ

2046 2193 2140 2244 καὶ
2168 2193 2280 2255 τοῖς
2309 2192 2413 2257 ἔξω
2438 2193 2649 2263 στηλῶν
2679 2192 3041 2266 Ἡρακλείων,
3060 2194 3154 2246 καὶ
3188 2192 3375 2263 πόρρω
3400 2208 3503 2244 που
3531 2190 3630 2258 τῆς

2044 2282 2166 2334 καθ’
2196 2284 2345 2353 ἡμᾶς
2370 2285 2697 2356 οἰκουμένης
2728 2281 2869 2351 οὖσι,
2904 2288 2998 2340 καὶ
3032 2286 3129 2356 τῆς
3166 2284 3355 2354 κοινῆς
3398 2283 3630 2352 Ἐκκλη-

2045 2374 2189 2439 σίας,
2224 2377 2320 2428 καὶ
2347 2376 2455 2430 τῶν
2477 2378 2639 2449 ἱερῶν
2667 2378 2871 2448 ταύτης
2900 2380 3143 2433 πυκτὶων
3177 2379 3270 2431 καὶ
3300 2378 3473 2446 λόγων
3500 2377 3629 2441 τοὺς

2043 2464 2238 2519 ἐαυτοῦ
2276 2467 2464 2535 λόγους
2489 2469 2810 2537 ποιούμενος
2838 2486 2853 2534 ;
2887 2470 3019 2522 Εἰπὲ
3051 2470 3158 2537 γὰρ
3188 2470 3337 2538 ἡμῖν,
3371 2464 3417 2522 ὧ
3442 2468 3510 2522 τά
3535 2488 3630 2524 πε-

2047 2557 2201 2626 ριττὰ
2228 2558 2324 2610 καὶ
2352 2558 2561 2629 ἔκφυλα
2592 2562 2721 2630 σοφὲ
2755 2562 2842 2625 σὺ,
2874 2561 2991 2621 πῶς
3018 2561 3109 2614 τοῦ
3145 2561 3405 2631 θεοφόρου
3437 2564 3625 2632 Δαμα-

2045 2649 2244 2720 σκηνοῦ
2272 2652 2370 2714 τάς
2395 2651 2489 2704 δύο
2521 2653 2756 2719 φυσικὰς
2778 2652 2872 2705 τοῦ
2899 2651 3138 2723 Χριστοῦ
3170 2653 3451 2723 ἐνεργείας
3500 2656 3621 2717 ταῖς

2041 2740 2246 2806 διτταῖς
2289 2743 2637 2815 καταλληλως
2674 2742 2841 2797 αὑτοῦ
2874 2743 3099 2813 φύσεσιν
3128 2746 3517 2817 εἰσαγαγόντος
3542 2745 3622 2816 τῷ

2041 2831 2209 2903 λόγῳ,
2247 2833 2344 2904 τὴν
2371 2832 2523 2887 θείαν
2568 2835 2627 2888 τέ
2659 2852 2805 2905 φημι
2834 2836 2931 2891 καὶ
2979 2837 3081 2909 τὴν
3113 2836 3494 2907 ἀνθρωπείαν,
3532 2839 3628 2891 καὶ

2040 2924 2110 2976 τὰ
2131 2926 2307 2977 οίκεῖα
2338 2928 2431 2980 καὶ
2451 2926 2764 2997 κατάλληλα
2791 2929 2921 2999 τέλη
2954 2931 3048 2983 καὶ
3076 2930 3498 3000 ἀποτελέσματα
3527 2932 3615 2985 δε-

2045 3015 2286 3085 δειχότος
2316 3017 2662 3088 ἐκάστης,Ἦ
2695 3020 2804 3072 τῶν
2835 3019 3128 3089 θαυμάτων
3155 3024 3249 3075 καὶ
3283 3025 3413 3093 γὰρ,
3447 3023 3582 3094 φησὶ
3604 3064 3623 3091 ,

2040 3108 2268 3180 δύναμις
2293 3111 2394 3180 τῆς
2424 3111 2676 3180 θεότητος
2704 3113 2871 3167 αὐτοῦ
2904 3114 3148 3184 ὑπῆρχεν
3184 3115 3459 3185 ἐνέργεια,
3490 3117 3626 3168 ἀπι-

2041 3200 2278 3266 τέλεσμα
2326 3202 2383 3255 δὲ
2425 3202 2629 3273 ταύτης
2657 3207 2685 3257 ό
2720 3204 2827 3258 τῶν
2854 3206 3043 3271 ἄρτων
3068 3206 3410 3278 πληθυσμδς,
3461 3210 3556 3261 καὶ
3587 3210 3620 3279 ἡ

2037 3291 2130 3346 τοῦ
2159 3292 2360 3363 λεπροῦ
2394 3295 2687 3364 κάθαρσις,
2721 3299 2753 3368 ὴ
2784 3299 2838 3352 δὲ
2870 3300 3214 3370 χειρουργία,
3251 3303 3343 3353 καὶ
3373 3302 3433 3353 τὸ
3465 3302 3625 3371 θελῆ-

2038 3402 2152 3451 σαι,
2184 3386 2361 3438 καὶτὸ
2392 3388 2592 3453 είπεῖν,
2632 3390 2812 3453 Θέλω,
2848 3378 3266 3460 καθαρίσθητι,
3286 3393 3383 3458 τῆς
3414 3388 3624 3461 ἀνθρώ-

2036 3477 2269 3546 πότητος
2321 3478 2489 3531 αὑτοῦ
2524 3480 2772 3551 ὑπῆρχεν
2824 3481 3076 3552 ἐνέργεια
3098 3524 3113 3549 ,
3141 3477 3207 3554 ἧς
3240 3484 3621 3553 ἀποτέλεσμα,

2032 3568 2218 3637 φησὶν,
2262 3570 2294 3638 ὴ
2328 3568 2435 3622 τῶν
2467 3569 2650 3639 ἀρτων
2683 3570 2894 3638 κλάσις,
2930 3576 3021 3626 καὶ
3053 3571 3117 3626 τὸ
3148 3573 3379 3628 ἀκοῦσαι
3410 3575 3502 3629 τὶν
3537 3574 3623 3626 λε-

2033 3659 2197 3730 πρόν·
2232 3660 2348 3724 πῶς
2380 3655 2494 3725 οὖν,
2554 3662 2693 3730 ὅπερ
2722 3658 2900 3729 εἷπον,
2926 3662 3020 3718 τοῦ
3055 3665 3308 3733 θεολόγου
3344 3668 3488 3720 κατὰ
3520 3686 3617 3721 συ·
3696 3712 3701 3721 .

2030 3749 2225 3817 ζυγίαν
2253 3751 2439 3804 ἐκεῖνα
2468 3752 2821 3822 προάγοντος,
2872 3756 2969 3806 καὶ
3001 3758 3108 3826 ἰδίᾳ
3143 3758 3243 3826 μὲν
3270 3757 3370 3827 τὴν
3388 3758 3487 3828 τῆς
3518 3759 3620 3828 φύ-

2023 3855 2169 3904 σεως
2209 3840 2443 3912 οὐσιώδη
2474 3841 2716 3907 τιθέντος
2761 3842 3016 3915 δύναμιν,
3048 3846 3116 3916 ἢν
3163 3849 3222 3899 ἐν
3259 3848 3378 3910 ταῖς
3419 3848 3619 3920 ἀρχαῖς

2027 3930 2123 3984 τοῦ
2153 3933 2311 4002 λόγου
2343 3932 2442 3987 καὶ
2473 3933 2604 3989 ἄλλο
2637 3935 2789 4006 παρά
2818 3938 2917 4009 τὴν
2956 3938 3120 4007 φύσιν
3149 3935 3304 3993 εἶπεν
3331 3940 3493 4004 αὐτὸς
3520 3943 3617 3996 καὶ

2020 4023 2324 4095 δραστικὴν
2364 4024 2460 4079 καὶ
2489 4026 2723 4096 οὐσιώδη
2758 4027 2973 4094 κίνησιν
3019 4029 3244 4101 ταύτης,
3295 4031 3403 4103 ίδίᾳ
3443 4032 3499 4086 δὲ
3554 4036 3615 4088 τὸ

2026 4114 2232 4185 ταύτης
2276 4118 2647 4188 ἀποτέλεσμα,
2682 4119 2742 4172 τὸ
2789 4120 2941 4183 τέλος
2977 4121 3175 4193 δηλαδὴ
3212 4123 3310 4195 τῆς
3354 4125 3446 4185 ἐπὶ
3477 4126 3616 4197 τῷδε

2027 4210 2279 4279 χρήσεως
2306 4211 2406 4278 τῆς
2435 4211 2608 4281 αὐτῆς
2652 4215 2889 4282 φυσικῆς
2918 4214 3203 4286 δυνάμεώς
3233 4235 3294 4268 τε
3328 4219 3424 4271 καὶ
3456 4217 3612 4291 ἐνερ-

2026 4303 2204 4371 γείας,
2234 4303 2325 4355 τὸν
2357 4304 2699 4376 πληθυσμὸν.
2731 4307 2805 4368 ὡς
2836 4309 3043 4372 ἐκεῖνός
3068 4328 3224 4380 φησι,
3266 4312 3375 4365 τῶν
3404 4313 3609 4383 ἄρτων,

2026 4395 2121 4449 καὶ
2152 4394 2249 4465 τὴν
2275 4395 2371 4449 τοῦ
2400 4397 2601 4467 λεπροῦ
2648 4400 2941 4471 κάθαρσιν,
2977 4401 3138 4465 αὐτὸς
3187 4403 3493 4473 καθαπερεί
3524 4420 3609 4467 τις

2027 4487 2253 4560 βιαστης
2300 4489 2408 4545 τῶν
2457 4491 2786 4561 θεολογικῶν
2826 4493 2998 4560 λόγων
3044 4495 3138 4547 καὶ
3181 4497 3467 4567 τύραννος,
3513 4499 3611 4572 τὴν

2026 4579 2295 4650 διαίρεσιν
2349 4583 2563 4637 ἐκείνου
2619 4586 3010 4656 συνταράττεις
3062 4586 3158 4641 καὶ
3219 4592 3441 4659 συγχεῖς
3496 4595 3607 4655 τοῖς

2032 4675 2147 4738 σοῖς
2180 4675 2380 4743 λόγοις,
2420 4677 2749 4747 ἀσχημονῶν
2780 4678 2982 4732 οὑτωσὶ
3012 4678 3136 4750 δίχα
3168 4683 3371 4746 παντὸς
3396 4700 3610 4753 προσω-

2026 4767 2185 4820 πείου
2229 4768 2323 4823 καὶ
2362 4769 2850 4839 προκαλύμματος,
2889 4770 2975 4825 ἵνα
3008 4772 3170 4839 μόνον
3199 4774 3299 4845 τὴν
3342 4777 3439 4829 τοῦ
3471 4778 3609 4830 Θεοῦ

2026 4858 2263 4930 φυσικὴν
2301 4862 2587 4929 ἐνέργειαν
2607 4866 3028 4935 κατασκευάσῃς
3059 4868 3283 4938 κτιστήν
3310 4885 3323 4932 ;
3364 4869 3607 4925 Ἑκείνου

2025 4952 2264 5024 καὶγὰρ
2292 4954 2438 5006 οὓτω
2483 4955 2754 5025 λαμπρῶς
2795 4955 3086 5022 διελόντος,
3123 4960 3314 5013 καὶτὰ
3356 4964 3608 5033 προρῥηη
3708 4986 3711 4993 ν

2025 5044 2189 5099 θέντα
2246 5045 2671 5118 θεολογήσαντος
2719 5048 3000 5117 ἀσφαλῶς,
3057 5052 3121 5105 σὺ
3168 5051 3478 5123 καθαπερεί
3519 5070 3607 5119 τις

2024 5138 2209 5205 κωφὸς
2274 5140 2533 5209 ἰσχυρῶς,
2594 5140 2826 5197 καὶτῶν
2881 5141 2975 5196 ὑπ’
3022 5144 3232 5197 ἐκείνου
3288 5145 3604 5215 λεγομένων

2022 5231 2369 5301 ἀναίσθητος,
2398 5231 2430 5297 ἢ
2458 5232 2551 5286 καὶ
2577 5234 2728 5302 παρὰ
2756 5233 3017 5299 τοιούτοις
3046 5235 3157 5288 τισὶ
3204 5237 3271 5289 τὰ
3306 5235 3375 5289 σὰ
3401 5239 3495 5289 καὶ
3519 5238 3605 5290 λέ-

2022 5338 2138 5389 γειν
2162 5322 2255 5375 καὶ
2284 5324 2516 5395 γράφειν
2535 5324 2731 5391 δοκῶν,
2758 5327 2941 5380 ἐκεῖνα
2961 5326 3034 5380 τὰ
3054 5327 3437 5395 καταγέλαστα
3468 5328 3597 5402 φῂς.

2020 5410 2093 5474 ὡς
2137 5412 2389 5483 Ἰωάννης
2416 5416 2513 5478 τὰς
2546 5414 2655 5468 τῶν
2683 5415 2977 5487 θαυμάτων
3008 5418 3146 5489 φησὶ
3177 5417 3439 5488 δυνάμεις
3483 5419 3602 5473 θιόι

2020 5521 2180 5574 τητος
2214 5505 2481 5579 ὑπάρχειν
2514 5507 2794 5577 ἐνεργείας
2823 5510 2917 5562 καὶ
2952 5512 3302 5583 ἐνεργήματα
3334 5512 3429 5567 καί¹
3462 5514 3599 5567 ἀπο-

2018 5599 2363 5669 τελέσματα,
2400 5600 2568 5654 ταυτὸ
2597 5601 2642 5655 δ’
2682 5603 2858 5655 είπείν
2893 5604 3172 5674 ποιήματα
3204 5604 3338 5658 Θεοῦ
3362 5621 3376 5634 ·
3406 5604 3599 5677 ὥσπερ

2019 5692 2385 5764 ἀναισθητῶν,
2434 5692 2528 5747 καὶ
2564 5695 2699 5764 μηδὲ
2736 5692 2891 5757 εἰδὼς
2925 5694 2962 5749 ἃ
2990 5695 3191 5764 λέγεις.
3230 5699 3295 5752 Τί
3331 5698 3441 5771 γὰρ
3484 5719 3602 5753 κοι-

2019 5786 2111 5839 νὸν
2157 5787 2383 5858 ἐμφύτφ
2411 5788 2505 5841 καὶ
2548 5787 2799 5842 ούσιὼδει
2830 5791 3044 5859 κινήσει
3080 5792 3177 5846 καὶ
3208 5794 3436 5865 δυνάμει
3459 5796 3597 5847 Θεοῦ

2020 5879 2112 5933 καὶ
2144 5881 2445 5949 κτίσμασι;
2473 5881 2664 5936 Καίτοι
2697 5896 2757 5950 γε
2789 5882 2881 5936 καὶ
2911 5883 2977 5937 δι’
3006 5886 3144 5939 αὑτά
3184 5888 3369 5951 ἀῦτα,
3404 5888 3471 5942 κά
3500 5905 3599 5942 κα-
