4054 6464
382 416 490 483 953

1084 418 1386 480 CONTRA
1424 417 1859 479 GREGORAM
1917 419 2672 483 ANTIRRHETJCORUM
2723 425 2886 486 ΗΠ.

3497 425 3604 487 9Ξί

381 535 524 588 κατὰ
553 531 654 603 τὴν
689 532 864 602 αὐτῆς
893 533 1263 601 αἰνιττόμενος
1294 537 1511 604 χρῆσιν,
1546 535 1856 604 ἀρχομένην
1887 551 1948 587 τε
1979 537 2024 590 Δ
2053 535 2232 604 δῆλον,
2269 536 2353 588 ὅτι
2381 537 2506 588 οὕτε
2537 533 2699 602 εἶναι,
2753 538 2876 591 οὔτε
2914 537 3276 605 γινώσκεσθαι
3318 539 3417 607 τὴν
3467 539 3574 605 φύσ
3598 555 3630 591 ν

380 629 478 682 καὶ
508 626 828 696 παυομένην
861 627 988 680 κατ’
1019 627 1210 696 αὐτὴν,
1236 627 1310 691 ὡς
1344 629 1444 698 ἤδη
1475 628 1738 688 πολλάκις
1778 628 1944 698 ἔφην’

381 720 692 787 ἐνεργεῖται
724 719 833 786 γὰρ
867 719 900 788 ἡ
949 720 1166 788 χρῆσις,
1188 719 1289 773 οὐκ
1327 723 1562 790 ἐνεργεῖ.
1606 721 1757 773 Ἐπεί
1779 721 1861 775 τοί
1886 736 1950 786 γε

381 809 504 861 κατ’
543 808 716 878 αὐτὴν
746 809 884 878 αὑτὴ
921 809 1271 880 θεωρουμένη
1304 812 1434 880 περὶ
1463 811 1561 881 τὴν
1589 811 1740 864 θείαν
1789 809 1952 879 φύσιν

378 902 414 968 ἡ
439 899 696 968 συμφυὴς
737 900 945 969 ταύτης
1005 901 1256 972 ἐνέργεια
1301 905 1398 955 καὶ
1427 903 1640 972 κίνησίς
1669 904 1785 955 ἐστι
1826 903 1955 972 δραι

379 991 541 1060 στικὴ
571 993 667 1046 καὶ
697 993 1110 1060 παντοδύναμός
1149 1011 1210 1047 τε
1264 995 1361 1046 καί
1410 994 1752 1064 παντουργδς
1808 993 1952 1048 κατὰ

380 1086 505 1146 τοὺς
535 1082 822 1146 θεολόγους
849 1072 1126 1152 Πατέρας.
1158 1086 1318 1138 Ἐστι
1349 1085 1449 1154 μὲν
1479 1081 1575 1138 οῦν
1602 1087 1726 1137 κατ’
1756 1083 1953 1146 αὐτοὺς

378 1175 604 1236 τούτους
631 1174 690 1227 τὸ
728 1176 1083 1245 ἐνεργητικὸν
1109 1179 1141 1245 ἡ
1174 1175 1292 1228 θεία
1324 1175 1505 1244 φύσις,
1543 1177 1603 1240 ἐξ
1634 1169 1706 1247 ἦς
1745 1176 1778 1243 ἡ
1807 1176 1954 1227 οὐσι-

381 1267 524 1336 ώδης
554 1265 796 1336 πηγάζει
830 1269 1107 1338 ἐνέργεια,
1164 1269 1293 1340 περὶ
1340 1268 1438 1338 τὴν
1486 1268 1652 1334 φύσιν
1681 1268 1852 1336 αὐτὴν
1878 1268 1953 1330 ὼς

384 1359 614 1424 φυσικὸν
647 1359 996 1429 θεωρουμένη
1036 1360 1253 1428 ἰδίωμα,
1281 1360 1376 1413 καὶ
1428 1359 1737 1429 ἀδιαίρετος
1781 1359 1956 1425 αύτῆς

382 1446 540 1518 οὖσα,
572 1451 667 1503 καὶ
704 1451 764 1504 τὸ
791 1452 1054 1520 παράπαν
1088 1452 1411 1522 ἀχώριστος.
1451 1453 1512 1504 Εἰ
1563 1452 1674 1519 γὰρ
1717 1451 1811 1502 καὶ
1839 1450 1957 1503 δια-

385 1543 562 1611 φορὰν
601 1545 770 1611 αὐτῆς
815 1561 948 1612 φασι
1003 1544 1142 1614 πρὸς
1188 1544 1289 1614 τὴν
1344 1545 1535 1596 οὐσίαν
1584 1545 1636 1596 οἰ
1689 1543 1952 1610 θεολόγοι,

386 1635 530 1689 κατά
563 1652 626 1702 γε
659 1637 783 1696 τοὺς
816 1635 1291 1705 προαποδοθέντας
1335 1637 1430 1688 καὶ
1459 1638 1592 1704 ἡμῖν
1618 1634 1831 1702 λόγους,
1861 1634 1955 1685 καὶ

382 1727 514 1783 ἄλλο
545 1728 709 1797 φασὶν
743 1728 956 1789 οὐσίαν,
1007 1729 1100 1780 καὶ
1139 1729 1266 1780 ἄλλο
1323 1729 1626 1797 ἐνέργειαν,
1681 1727 1799 1778 ἀλλ’
1837 1728 1957 1779 ἐπι-

2056 628 2278 681 δυνατὺν
2308 630 2435 682 ἄνευ
2463 631 2560 699 τῆς
2587 633 2730 684 κατὰ
2760 633 2922 700 φύσιν
2953 633 3261 700 ἐνεργείας.
3309 630 3386 683 Δι’
3421 625 3494 683 ὢν
3521 632 3628 698 γὰρ

2053 723 2270 791 ἐνεργεῖ
2299 722 2549 784 ἕκαστον,
2573 724 2672 792 τὴν
2701 723 2910 776 οἰκείαν
2947 724 3111 790 φύσιν
3145 723 3458 786 πιστοῦται,
3489 723 3629 790 ὅπερ

2054 814 2174 865 ἐστὶ
2227 814 2300 881 μὴ
2354 813 2718 883 τρεπόμενον.
2764 815 3139 867 Ἀκουέτωσαν
3173 815 3238 884 δὴ
3295 815 3388 866 καὶ
3423 813 3632 866 τούτων

2055 901 2107 953 οἰ
2139 903 2268 971 περὶ
2316 902 2630 971 Γρηγορᾶν,
2692 904 2786 954 καὶ
2848 903 3288 971 μανθανέτωσαν,
3345 905 3426 956 ὅτι
3467 904 3632 954 -πᾶσα

2057 994 2309 1063 ἐνέργεια
2351 995 2566 1061 φύσεώς
2611 1011 2760 1056 τινος
2799 994 3061 1064 οὑσιώδης
3099 994 3340 1063 ὀρίξέται
3390 995 3627 1058 κίνησις,

2057 1090 2152 1142 καὶ
2197 1088 2278 1140 δτι
2307 1089 2480 1148 οὐδεὶς
2539 1083 2682 1140 οἶδεν
2721 1088 3004 1156 ἐνέργειαν
3059 1089 3132 1157 μὴ
3184 1088 3420 1157 φυσικῆς
3475 1089 3636 1140 δυνά-

2063 1197 2207 1249 μεως
2245 1180 2600 1249 ὑπάρχουσαν
2649 1179 2887 1247 κίνησιν,
2919 1181 3012 1231 καὶ
3053 1181 3134 1232 ὅτι
3191 1182 3355 1244 μέσον
3407 1180 3633 1246 κτιστῆς

2059 1273 2155 1325 καὶ
2184 1273 2445 1325 ἁκτίστου
2481 1274 2582 1324 οὐκ
2627 1272 2775 1324 ἐστιν
2821 1273 3094 1341 ἐνέργεια,
3134 1271 3254 1323 οὑδέ
3295 1272 3462 1340 φύσις
3486 1287 3500 1302 ·
3537 1271 3635 1323 καὶ⁹
3715 1303 3717 1305 ι

2058 1365 2141 1416 ὅτι
2171 1365 2203 1433 ἡ
2237 1362 2380 1416 κατὰ
2413 1363 2576 1429 φύσιν
2607 1364 2862 1432 ἐνέργεια
2911 1364 2974 1414 ού
3023 1363 3135 1416 τῶν
3169 1364 3328 1426 ἐκτὸς
3373 1364 3634 1433 ὑπάρχει.

2065 1447 2177 1510 Καὶ
2204 1453 2412 1507 τούτων
2443 1454 2694 1514 συνέντες
2718 1454 2819 1516 τὰς
2860 1453 2995 1506 πολὺ
3029 1457 3091 1505 τδ
3115 1453 3271 1509 νόθον
3303 1455 3636 1523 ἐπισυρομέ-

2059 1547 2224 1616 μένας
2272 1547 2366 1598 καὶ
2419 1546 2846 1613 πεπλανημένας
2882 1546 3096 1606 ἐκείνας
3144 1545 3274 1615 περί
3331 1546 3626 1614 ἐνεργείας

2059 1637 2216 1703 δόξας
2247 1638 2341 1691 καὶ⁸
2375 1637 2692 1708 διαιρέσεις,
2726 1638 2818 1689 καὶ⁴
2849 1637 2946 1698 τὰς
2995 1637 3054 1688 οὗ
3103 1636 3276 1699 καλὰς
3317 1636 3639 1705 ὁμωνυμίας

2061 1728 2517 1797 ἀπομαθέτωσαν.
2579 1727 2768 1778 [ldo-0w
2823 1727 2932 1794 γὰρ
2986 1727 3269 1794 ἐνέργειαν
3328 1728 3355 1777 ό
3389 1727 3639 1794 θεολόγος

382 1819 504 1891 νοίᾳ
531 1821 665 1888 φασὶ
689 1822 789 1889 τὴν
809 1821 1072 1888 διαφορὰν
1093 1820 1316 1889 ταύτην,
1336 1820 1399 1872 οὐ
1431 1820 1748 1889 πράγματιο
1780 1820 1961 1887 πράγ-
1995 1868 2030 1919 Β
2062 1821 2254 1881 εἰπὼν,
2298 1820 2394 1872 καὶ
2437 1820 2519 1871 ὅτι
2576 1818 2750 1880 οὐδεὶς
2793 1814 2935 1870 οἰδεν
2982 1819 3153 1887 ἄλλην
3186 1818 3470 1888 ἐνέργειαν
3509 1819 3639 1883 παρ’

387 1931 517 1982 ματι
545 1912 603 1964 δέ
623 1913 821 1982 μᾶλλον
851 1911 949 1984 τὴν
978 1913 1191 1966 ἕνωσιν.
1221 1913 1330 1965 Καὶ
1364 1912 1392 1965 0
1419 1911 1676 1979 ἀριθμὸς,
1704 1911 1825 1962 κατ’
1859 1911 1960 1962 αὐ-

385 2005 512 2065 τοὺς
545 2003 792 2068 τούτους,
826 2004 928 2069 τὴν
959 2004 1062 2072 μὲν
1109 2002 1230 2055 κατ’
1277 2001 1528 2054 ἐπίνοιαν
1567 2001 1832 2069 διαφοράν
1867 2000 1962 2051 καὶ

383 2093 659 2161 διάκρισιν
687 2095 784 2164 τῆς
809 2095 996 2155 ούσίας
1029 2110 1088 2147 τε
1132 2095 1227 2146 καὶ
1253 2095 1350 2162 τῆς
1389 2094 1696 2160 ἐνεργείας,
1735 2091 1830 2144 καὶ
1861 2091 1962 2155 τὴν

383 2187 498 2237 τῶν
531 2186 813 2254 ίδιοτήτων
845 2186 1114 2255 φυλακὴν,
1153 2186 1254 2237 κάν
1301 2185 1367 2253 τῇ
1409 2183 1603 2236 ἐνὼσει
1655 2182 1916 2251 γνωρίζει
1943 2197 1958 2212 ο

384 2275 655 2344 διαίρεσιν
679 2275 818 2328 δὲτὸ
847 2277 1112 2346 παράπαν
1135 2275 1384 2343 ἡντινοῦν
1411 2275 1513 2328 οὐκ
1538 2275 1770 2342 εἰσάγει.
1798 2273 1961 2324 Ἐστι

388 2368 490 2438 μὲν
518 2362 635 2432 οὖν,
658 2369 792 2435 ὅπερ
822 2362 995 2430 εἶπον,
1035 2357 1183 2421 κατᾶ
1207 2368 1332 2429 τοὺς
1371 2367 1679 2434 θεολόγους,
1712 2365 1772 2418 τὸ
1803 2367 1961 2433 ἐνερ-

386 2465 618 2530 γητικὸν
648 2463 680 2530 ὴ
706 2461 825 2514 θεία
855 2461 1039 2529 φύσις,
1069 2460 1126 2526 ἐξ
1173 2455 1244 2532 ἦς
1273 2462 1305 2529 ἡ
1335 2459 1601 2527 ούσιώδης
1635 2459 1729 2512 καὶ
1759 2459 1962 2511 κατάλ-

387 2555 550 2621 ληλος
584 2554 836 2624 ἐνέργεια
867 2554 1189 2624 θεοπρεπῶς
1221 2554 1473 2622 πρόεισι·
1506 2554 1567 2606 τὸ
1590 2553 1646 2605 δέ
1680 2555 1776 2621 τῆς
1801 2570 1962 2620 φυσι-

388 2647 495 2715 κῆς
529 2647 813 2717 ἐνεργείας
853 2647 1204 2716 ἀποτέλεσμα
1243 2647 1474 2718 κτίσμα,
1517 2646 1624 2698 εἴτε
1673 2644 1814 2698 κατὰ
1866 2646 1963 2712 δη·-

391 2739 685 2808 μιουργίαν
737 2739 912 2805 φημὶ,
969 2739 1080 2790 εἴτε
1140 2740 1280 2791 κατὰ
1331 2738 1776 2807 θαυματουργίαν
1843 2738 1966 2790 τινὰ

387 2831 622 2895 λέγοιτο.
657 2831 717 2881 Ἦ
745 2830 803 2883 δέ
836 2831 930 2898 τῆς
964 2829 1118 2892 θείας
1147 2830 1362 2898 φύσεως
1391 2830 1664 2898 ἐνέργεια,
1697 2830 1963 2899 δραστικὴ

387 2925 486 2977 καὶ
535 2922 800 2991 οὐσιώδης
848 2917 984 2975 οὖσα
1030 2921 1246 2991 κίνησις
1294 2922 1510 2990 ἐκείνης
1563 2923 1653 2973 καὶ
1704 2921 1959 2990 δύναμις,

391 3013 491 3068 καὶ
524 3014 632 3084 πρὸ
693 3014 791 3081 τῆς
844 3014 1096 3082 χρήσεως
1157 3011 1400 3082 δηλονότι
1456 3011 1557 3080 τῆς
1592 3012 1687 3064 ἐπὶ
1716 3011 1852 3079 τῷδε
1889 3011 1967 3077 τῷ

391 3108 706 3176 πράγματι,
738 3106 770 3174 ἢ
799 3105 1014 3174 ἐκείνῳ,
1055 3107 1157 3159 κάν
1194 3107 1261 3174 τῇ
1306 3105 1524 3174 χρήσει,
1554 3106 1648 3157 καὶ
1685 3104 1826 3172 μετὰ
1869 3104 1967 3172 τὴν

2063 1912 2302 1979 ἐκείνην,
2333 1912 2429 1964 καὶ
2464 1913 2546 1965 δτι
2581 1911 2746 1979 μέσον
2799 1912 3026 1980 κτιστῆς
3085 1912 3180 1964 καὶ
3229 1911 3488 1964 άκτίστου
3539 1909 3642 1960 οὐκ

2063 2004 2200 2063 ἐστι,
2236 2007 2332 2058 καὶ
2360 2004 2442 2055 ὅτι
2477 2004 2510 2072 ἡ
2536 2001 2677 2055 κατὰ
2713 2000 2874 2068 φύσιν
2907 1997 3041 2054 οὖσα
3075 2001 3137 2053 οὐ
3190 2000 3299 2053 τῶν
3325 2001 3478 2061 ἐκτός
3501 2003 3638 2060 ἐστι,

2065 2097 2159 2168 καῇ
2197 2095 2500 2165 διαιρέσεσι
2524 2097 2620 2148 καὶ
2655 2097 2921 2164 ὁρισμοῖς,
2953 2094 3048 2147 καὶ
3073 2095 3303 2154 πυκναῖς
3333 2090 3641 2158 ἀποφάσεσι

2065 2206 2121 2242 τε
2155 2191 2248 2242 καὶ
2291 2189 2635 2258 καταφάσεσι
2689 2189 2783 2239 τὸν
2842 2185 3036 2240 ἑαυτοῦ
3097 2184 3437 2253 πανταχόθεν
3471 2201 3644 2235 κατα-

2068 2281 2474 2351 σφαλισὰμενος
2534 2277 2713 2346 λόγον,
2781 2280 2960 2330 ἐκεῖνο
3017 2280 3132 2339 τοῖς
3194 2277 3332 2329 πᾶσι
3395 2275 3640 2342 δέδειχεν
3735 2319 3738 2321 .

2066 2371 2332 2440 ἐναργῶς,
2361 2372 2444 2424 ὅτι
2474 2368 2602 2422 οὕτε
2628 2369 2791 2438 φύσις
2819 2369 3007 2430 ἁπλῶς
3045 2370 3076 2438 ἡ
3126 2365 3222 2420 τοῦ
3269 2367 3404 2418 Θεοῦ
3438 2364 3644 2434 φυσικὴ

2067 2467 2313 2530 πέφυκεν
2348 2463 2621 2533 ἐνέργεια,
2658 2460 2782 2514 οὔτε
2828 2461 3057 2530 κτίσμα,
3094 2459 3232 2512 ἀλλὰ
3263 2458 3488 2526 δύναμις
3520 2457 3644 2509 θεο-

2067 2556 2304 2625 πρεπὴς,
2337 2557 2434 2607 καί
2472 2555 2686 2620 κίνησις
2719 2554 2943 2621 φ’ϋσικὴ,
2972 2552 3248 2615 ἄκτιστος,
3277 2551 3470 2615 ἀΐδιος,
3497 2551 3648 2619 άόρι-
3684 2585 3693 2590 -

2070 2667 2215 2710 στος,
2243 2647 2622 2710 ἀναλλοίωτος,
2674 2648 2773 2714 τῆς
2828 2644 3186 2714 πηγαζούσης
3223 2644 3393 2711 αὐτὴν
3428 2643 3646 2711 φύσεως

2070 2741 2397 2808 ἀδιαίρετος,
2436 2738 2651 2808 ἐπινοίᾳ
2691 2739 2824 2808 μόνῃ
2857 2736 2953 2807 τὴν
2982 2735 3117 2804 πρὸς
3151 2735 3247 2802 τὴν
3283 2735 3445 2803 φύσιν
3475 2734 3647 2800 αὐτῆς

2071 2834 2391 2901 κεκτημένη
2425 2830 2710 2898 διαφοράν,
2752 2829 2891 2880 κατὰ
2915 2829 2982 2880 τὰ
3015 2826 3276 2888 πολλάκις
3305 2825 3406 2894 ήδη
3441 2827 3551 2886 τοῖς
3587 2839 3648 2874 τε

2071 2926 2342 2992 θεολόγοις
2372 2925 2641 2991 Πατράσι,
2673 2923 2766 2975 καὶ
2792 2925 2930 2991 ἡμῖν
2949 2923 3061 2983 τοῖς
3091 2921 3315 2971 ἐκείνων
3347 2919 3648 2986 ἀκροαταῖς
3731 2974 3733 2976 ,

2069 3016 2357 3086 εἰρημένα.
2393 3015 2484 3066 Διὸ
2521 3014 2644 3066 οὐδὲ
2705 3012 2877 3065 πολλὰ
2928 3013 2994 3064 τὰ
3031 3011 3284 3073 ἄκτιστα,
3316 3011 3409 3061 καὶ
3445 3008 3647 3069 πολλὰς

2068 3107 2168 3167 τὰς
2203 3107 2377 3175 ἀρχὰς
2422 3110 2517 3157 καὶ
2558 3104 2658 3167 τὰς
2687 3103 3092 3172 δημιουργικὰς
3140 3101 3236 3154 καὶ
3277 3104 3646 3171 προνοητικᾰς

391 3199 594 3269 χρῆπιν
641 3199 673 3266 ἡ
707 3196 842 3266 αὐτὴ
895 3196 1145 3262 πέφυκεν
1191 3195 1472 3258 ὡσαύτως.
1507 3195 1764 3257 ἄκτιστος
1803 3193 1960 3259 οὖσαν
1988 3228 2033 3289 C
2073 3198 2234 3267 ίπμεν
2283 3197 2564 3266 δυνάμεις,
2615 3197 2739 3248 κατ’
2775 3195 3015 3258 ἐκείνους
3057 3193 3200 3262 φημὶ
3247 3194 3367 3254 τοὺς
3411 3192 3650 3260 ψεύστας

390 3291 490 3345 καὶ
523 3290 880 3343 άναλλοίωτο·
910 3291 1006 3342 καὶ
1035 3289 1312 3357 ἀόριστος,
1350 3288 1442 3340 καὶ
1475 3288 1575 3356 τὴν
1616 3286 1818 3355 ἐαυτῆς
1847 3286 1962 3349 ἕξιν
1988 3269 2032 3291 υ
2065 3291 2159 3341 καὶ
2182 3289 2524 3355 συκοφάντας
2552 3289 2648 3354 τῆς
2677 3286 2910 3358 Χριστοῦ
2947 3285 3295 3354 Ἐκκλησίας,
3327 3285 3374 3334 εἰ
3395 3285 3486 3334 καὶ
3516 3300 3650 3333 παν-

389 3383 577 3443 οἱονεὶ,
607 3382 700 3433 καὶ
732 3382 994 3449 ποιότητα
1030 3381 1171 3434 κατὰ
1201 3379 1328 3440 τοὺς
1366 3379 1651 3446 θεολόγους
1684 3379 1960 3448 Πατέρας,

389 3471 670 3526 οὖδοτιοῢν
725 3473 985 3526 οὐδέποτε
1046 3471 1402 3542 μετατιθεῖσα
1452 3471 1572 3524 οὐδὲ
1631 3471 1958 3538 ἀμείϐουσα.

390 3568 483 3618 Διδ
513 3567 609 3619 καὶ
629 3567 657 3618 ό
692 3566 950 3635 θεοφόρος
973 3566 1079 3633 πρὸ
1110 3564 1342 3634 βραχέος
1373 3565 1501 3633 περί
1533 3564 1738 3632 ταύτης
1777 3564 1960 3630 ἔλεγεν

402 3660 684 3725 Ἰωάννης,
712 3657 787 3720 ὡς
817 3658 850 3725 ὴ
870 3656 978 3708 τῶν
1010 3656 1308 3725 θαυμάτων
1333 3656 1560 3724 δύναμις
1586 3657 1682 3723 τῆς
1709 3656 1962 3722 θεότητος

389 3749 561 3805 αὐτοῦ
591 3749 836 3818 ὑπῆρχεν
867 3747 1122 3816 ἐνέργεια
1142 3762 1158 3778 ο
1190 3745 1286 3799 καί⁵
1304 3745 1393 3798 διὰ
1411 3745 1570 3800 τοῦτο
1596 3745 1691 3796 καὶ
1711 3745 1809 3813 τὴν
1836 3744 1965 3812 περί

317 3849 333 3862 ⁸
392 3840 465 3893 τὰ
513 3839 632 3892 θεῖα
679 3836 934 3907 θαύματα
967 3835 1163 3905 χρῆσιν
1201 3834 1371 3902 αὐτῆς
1411 3833 1516 3885 οὐκ
1549 3831 1967 3901 ἀποτελέσματα

393 3932 493 3985 καὶ
524 3929 801 3999 κτίσματά
833 3945 1001 3997 φασιν
1034 3928 1082 3978 οἰ
1105 3925 1367 3992 θεολόγοι,
1397 3923 1514 3977 ἀλλ’
1543 3923 1716 3990 αὐτὴν
1747 3923 1968 3990 ἐκείνην

392 4025 494 4096 τὴν
523 4023 756 4092 ούσιώδη
816 4021 907 4073 καὶ
953 4020 1196 4089 ἔμφυτον
1227 4017 1322 4070 τοῦ
1351 4015 1490 4071 Θεοῦ
1541 4015 1793 4084 δύναμιν,
1846 4013 1972 4068 κατ’

394 4116 570 4186 αὐτὴν
611 4113 711 4184 τὴν
759 4115 980 4181 χρῆσιν,
1037 4111 1113 4172 ὼς
1166 4109 1326 4178 ἔφην,
1361 4108 1476 4164 fxo).
1512 4107 1574 4160 τὸ
1629 4104 1971 4175 ἐνεργεῖσθαι

392 4202 551 4274 παρὰ
586 4202 684 4272 τῆς
737 4204 796 4255 ἐν
847 4195 1201 4273 ᾖθεωρεῖται
1239 4198 1454 4267 φύσεως
1507 4197 1864 4266 φαινομένην,
1902 4189 1972 4266 ἦς

393 4296 600 4368 δηλαδὴ
632 4296 702 4350 τὰ
733 4294 1175 4359 ἀποτελέσματα.
1209 4291 1274 4346 Εἰ
1303 4295 1371 4345 ἐκ
1399 4291 1510 4343 τῶν
1536 4289 1973 4360 θαυμάτων,καὶ

393 4386 504 4456 γάρ
563 4401 732 4455 φησιν
764 4386 792 4438 0
820 4384 983 4446 αὐτὸς
1009 4382 1258 4449 θεολόγος
1291 4379 1635 4445 διδάσκαλος,
1666 4380 1763 4449 τῆς
1801 4379 1972 4448 αὐτῆς

393 4479 585 4542 οὐσίας
616 4479 747 4531 ὄντα
800 4477 879 4544 τῷ
940 4477 1117 4544 Πατρὶ
1181 4474 1273 4527 τὸν
1327 4473 1563 4543 Χριστὸν
1623 4473 1970 4540 ἐγνώκαμεν,

2067 3399 2160 3435 του
2169 3383 2296 3450 ργδν
2317 3381 2409 3432 καὶ
2425 3377 2832 3446 παντοδύναμον
2849 3379 2895 3430 οί
2918 3377 3152 3446 θεολόγοι
3179 3377 3272 3447 τὴν
3287 3375 3376 3428 τοῦ
3397 3375 3652 3442 6506;0-

2073 3473 2234 3540 σικήν
2257 3485 2421 3538 φασιν
2445 3470 2722 3538 ἐνέργειαν
2739 3470 2832 3521 καὶ
2853 3472 2952 3535 την
2973 3467 3256 3537 πρόνοιαν
3281 3466 3394 3519 ἀλλ’
3418 3463 3496 3528 εἷς
3519 3469 3652 3536 ἡμῖν

2072 3564 2100 3614 ὁ
2119 3563 2205 3614 διὰ
2228 3561 2430 3613 τούτων
2464 3560 2559 3612 καὶ
2588 3563 2645 3613 ἐν
2671 3561 2881 3622 τούτοις
2916 3558 3354 3628 πρεσϐευόμενος
3395 3558 3529 3621 Θεὸς
3557 3563 3652 3610 καὶ

2073 3652 2408 3722 δημιουργὸς
2449 3652 2542 3703 καὶ
2583 3650 2815 3719 ποιητὴς
2861 3650 3082 3703 πάντων
3108 3652 3198 3701 καὶ
3221 3649 3518 3714 Δεσπότης,
3547 3643 3648 3713 εἷς,
3745 3709 3750 3722 ί

2071 3746 2530 3816 τρισυτιὸστατος,
2563 3715 2808 3813 ἐνεργὸς,
2860 3742 3169 3811 θελητικδς,
3218 3741 3649 3810 παντοδύναμος.
3744 3715 3750 3736 Ι

2070 3840 2180 3894 Καὶ.
2220 3837 2531 3907 ὥσπερέπὶ
2576 3836 2686 3888 τῶν
2735 3836 3106 3903 λαλουμένων,
3156 3835 3251 3890 καὶ
3297 3835 3392 3888 τὸν
3426 3835 3653 3901 λέγοντα

2069 3931 2322 3998 λέγοντες
2351 3929 2556 3991 λαλεῖν,
2608 3928 2702 3980 καὶ
2727 3929 2828 3997 τὴν
2868 3927 3121 3995 γλῶτταν
3169 3927 3400 3988 ἐκείνου,
3447 3926 3544 3980 καὶ
3588 3926 3652 3994 δὴ

2072 4023 2286 4077 καὶτὸν
2320 4023 2478 4090 λόγον
2512 4019 2798 4086 ὡσαύτως,
2833 4020 2893 4072 οὐ
2925 4018 3156 4081 πολλοὺς
3195 4018 3282 4071 διὰ
3321 4016 3497 4072 ταῦτά
3545 4034 3651 4084 φα-

2076 4134 2178 4186 μεν
2205 4117 2334 4178 τοὺς
2369 4115 2437 4168 τὰ
2468 4114 2777 4183 λαλούμενα
2808 4113 3091 4179 λέγοντας,
3141 4111 3258 4164 ἀλλ’
3292 4111 3394 4162 ἕνα
3431 4111 3523 4162 τὸν
3557 4109 3652 4161 λέ-

2075 4228 2263 4278 γοντα⁹
2302 4212 2488 4278 ἐπειδὴ
2515 4227 2576 4277 γε
2612 4211 2706 4262 καὶ
2732 4209 2764 4278 ἡ
2797 4207 3013 4275 γλῶττα
3041 4208 3134 4258 καὶ
3163 4206 3194 4257 0
3218 4204 3376 4272 λόγος
3406 4203 3653 4274 φυσικῶς

2079 4301 2243 4354 αὑτοῦ
2274 4302 2490 4361 τούτου,
2526 4301 2620 4354 καὶ
2660 4294 2742 4362 εἷς
2791 4299 2940 4350 ἐστιν
2971 4300 2999 4349 0
3033 4297 3101 4349 δι’
3145 4295 3326 4349 αὐτῶν
3369 4295 3437 4347 τὰ
3464 4295 3656 4346 λαλού-

2081 4408 2218 4462 μενα
2249 4393 2452 4460 λέγων,
2503 4390 2605 4444 κᾶν
2653 4391 2703 4443 εἰ
2758 4391 2854 4442 καὶ
2911 4390 3098 4442 ἐκεῖνα
3151 4387 3394 4457 φαίημεν
3449 4388 3653 4455 λέγειν,

2083 4483 2339 4552 καθάπερ
2375 4482 2616 4551 εἴρηται,
2649 4481 2748 4550 τὴν
2799 4479 2920 4550 μὲν,
2960 4478 3037 4541 ὡς
3071 4479 3304 4548 ὄργανον
3346 4478 3484 4546 πρὶς
3530 4479 3656 4541 τοὺς

395 4570 653 4638 ἐνέργεια
713 4568 769 4621 δὲ
815 4568 952 4621 Θεοῦ
986 4568 1246 4633 τυγχάνει
1295 4565 1365 4620 τὰ
1413 4565 1690 4635 θαύματα,
1737 4565 1845 4636 ἄρα
1879 4565 1974 4619 καὶ
2009 4578 2048 4631 ι)
2077 4575 2268 4643 λόγους
2298 4574 2377 4642 τῷ
2401 4574 2638 4638 λέγοντι,
2670 4572 2760 4623 τὸν
2791 4573 2848 4624 δέ
2880 4571 3038 4638 λόγον
3069 4565 3159 4632 αὖ,
3195 4569 3269 4633 ὡς
3301 4569 3531 4639 δύναμιν
3561 4570 3656 4622 τοῦ

400 4664 544 4735 μετὰ
563 4663 842 4732 σάρκωσιν
871 4661 972 4730 τῆς
1008 4659 1180 4728 αὐτῆς
1228 4658 1376 4711 ἐστιν
1415 4658 1703 4732 ἐνεργείας
1750 4658 1826 4728 τῷ
1865 4660 1977 4714 Πα-

398 4759 516 4828 τρί.
548 4758 656 4810 Καὶ
687 4756 849 4828 πάλιν
885 4754 912 4806 0
949 4753 1114 4816 αὑτός
1135 4768 1150 4783 ο
1201 4752 1264 4804 Et
1298 4752 1451 4805 πᾶσα
1481 4751 1738 4822 ἐνέργεια
1765 4749 1978 4819 φύσεώς

398 4866 546 4911 τινος
585 4823 851 4917 οὐσιῶδης
879 4845 1122 4917 ὁρίζεται
1156 4843 1393 4912 κίνησις,
1427 4844 1504 4905 ὡς
1549 4844 1602 4894 οἰ
1637 4845 1768 4908 περὶ
1801 4845 1978 4896 ταῦτα

399 4940 567 4994 δεινοὶ
601 4938 931 5007 διειλήφασι,
965 4933 1069 4988 ποῦ
1120 4933 1279 5003 φύσιν
1329 4951 1412 4996 τις
1453 4930 1594 4986 οἶδεν
1631 4934 1910 5002 ἀκίνητον,
1942 4932 1976 5002 ἢ

400 5032 684 5093 παντελῶς
738 5029 1125 5098 ἀνενέργητον,
1179 5027 1212 5096 ἢ
1270 5027 1576 5096 ἐνέργειαν,
1628 5027 1704 5098 μὴ
1737 5028 1978 5097 φυσικῆς

401 5125 687 5194 δυνάμεως
725 5122 1079 5192 ὑπάρχουσαν
1135 5120 1388 5189 κίνησιν;
1445 5120 1591 5174 Μίαν
1637 5120 1694 5173 δέ
1741 5120 1978 5189 φυσικὴν

400 5218 508 5289 τὴν
560 5217 843 5283 ἐνέργειαν
900 5211 1038 5264 Θεοῦ
1084 5211 1179 5263 καὶ
1223 5211 1528 5280 ποιήματος
1554 5212 1656 5264 οὐκ
1688 5212 1753 5266 ἄν
1786 5228 1870 5274 τις
1919 5208 1976 5265 εὖ

407 5308 626 5379 φρονῶν
665 5307 779 5376 δοίη
839 5305 982 5358 κατὰ
1031 5305 1123 5358 τὸν
1180 5305 1456 5372 μακάριον
1519 5303 1810 5370 Κύριλλον.
1869 5304 1980 5358 Καὶ

409 5401 572 5458 πάλιν
593 5417 608 5432 ο
643 5401 704 5451 Εἰ
733 5399 829 5467 μία
868 5397 962 5450 τοῦ
993 5397 1268 5450 Δεσπότου
1295 5395 1530 5467 Χριστοῦ
1563 5397 1596 5465 ἡ
1636 5397 1913 5464 ἐνέργεια,
1945 5398 1978 5469 ἢ

409 5492 608 5562 κτιστὴ
639 5491 812 5556 ἔσται,
837 5491 868 5558 ἢ
888 5490 1162 5551 ἄκτιστος·
1190 5490 1356 5559 μέσον
1371 5490 1480 5558 γὰρ
1498 5489 1701 5542 τούτων
1715 5491 1814 5541 οὐκ
1833 5489 1980 5542 ἐστιν

409 5588 664 5654 ἐνέργεια
708 5585 897 5654 ὥσπερ
925 5583 1044 5636 ούδέ
1073 5583 1255 5649 φύσις.
1284 5583 1343 5634 Εἰ
1386 5581 1478 5634 οῦν
1505 5583 1718 5649 κτιστὴ,
1756 5585 1982 5652 κτιστὴν

415 5680 584 5748 μόνην
621 5677 853 5744 δηλώσει
883 5675 1044 5743 φύσιν
1065 5691 1077 5704 ’
1111 5677 1159 5728 εί
1192 5675 1249 5727 δέ
1278 5676 1556 5736 άκτιστος,
1588 5676 1842 5728 ἀκτιστον
1879 5677 1977 5745 μό·-

409 5788 508 5836 νην
539 5770 935 5839 χαρακτηρίσει
967 5768 1177 5822 οὐσίαν.
1233 5770 1341 5821 Καὶ
1393 5770 1509 5836 μετ’
1553 5768 1767 5836 ὀλίγον’
1828 5768 1890 5824 Ἦ
1925 5770 1981 5823 δέ

418 5862 565 5918 κατὰ
613 5861 776 5930 φύσιν
825 5860 1072 5931 ἐνέργεια
1122 5861 1186 5914 οὐ
1236 5861 1346 5914 τῶν
1378 5859 1536 5924 ἐκτὸς
1579 5860 1837 5928 ὑπάρχει.
1873 5861 1983 5916 Καὶ

2077 4669 2330 4734 λέγοντος
2381 4665 2640 4734 φυσικὴν,
2672 4661 3071 4732 ἐξαγγελτικὴν
3101 4661 3210 4713 τῶν
3237 4661 3550 4731 νοημάτων,
3582 4661 3658 4722 ὡς

2077 4761 2133 4814 δέ
2160 4761 2255 4813 καὶ
2287 4759 2568 4828 ὀφθαλμὸν
2595 4757 2689 4810 καὶ
2725 4757 2989 4818 διάνοιαν,
3023 4754 3117 4808 τδν
3150 4755 3248 4822 μὲν
3287 4756 3441 4824 όρᾷν,
3473 4754 3572 4824 τὴν
3601 4753 3658 4803 δὲ

2078 4855 2221 4912 νοεῖν
2276 4851 2326 4903 εί
2375 4850 2654 4919 λέγοιμεν,
2704 4846 2829 4900 οὔτε
2888 4848 2982 4898 τὸν
3018 4845 3143 4898 νοῦν
3191 4845 3576 4914 ἀφαιρούμεθα
3599 4844 3659 4895 τὸ

2077 4947 2240 5005 νοεῖν,
2293 4941 2419 4997 οὔτε
2475 4942 2534 4996 τὸ
2569 4943 2705 5011 όρᾷν
2752 4940 2843 4992 τὸν
2881 4939 3118 5008 δρῶντα,
3153 4938 3268 4990 ἀλλ’
3311 4937 3419 4988 οὐδ’
3467 4934 3534 4986 αὖ
3565 4937 3654 4987 διὰ

2076 5035 2252 5089 ταῦτα
2285 5034 2379 5088 δύο
2420 5035 2545 5096 τοὺς
2571 5031 2815 5102 ὁρῶντὰς
2845 5048 2904 5084 τε
2943 5033 3038 5084 καὶ
3083 5031 3212 5090 τοὺς
3259 5027 3516 5088 νοοῦντάς
3552 5043 3658 5091 φα-

2083 5144 2205 5198 μεν,
2237 5127 2352 5179 ἀλλ’
2380 5122 2461 5189 εἷς
2489 5127 2638 5178 ἐστιν
2671 5125 2698 5176 ὅ
2727 5141 2787 5176 τε
2814 5123 2954 5191 δρῶν
2977 5122 3067 5175 διὰ
3096 5121 3205 5174 τῶν
3227 5117 3539 5186 ὀφθαλμῶν,
3565 5119 3660 5170 καὶ

2079 5224 2107 5275 0
2134 5221 2220 5275 διὰ
2253 5220 2351 5287 τῆς
2380 5217 2589 5280 οἰκείας
2620 5217 2861 5280 διανοίας
2895 5215 3032 5268 νοῶν
3055 5213 3199 5274 νοῦς,
3244 5210 3380 5264 κάπὶ
3417 5209 3526 5287 τῶν
3560 5207 3658 5260 ἆλ-

2081 5313 2188 5365 λων
2232 5309 2607 5380 αἰσθητηρίων
2638 5323 2697 5359 τε
2731 5305 2964 5360 καὶτῶν
3015 5303 3323 5369 αἰσθήσεων
3371 5295 3656 5360 ὡσαύτως,

2051 5459 2056 5464 ,
2081 5401 2224 5454 οῦτω
2252 5402 2345 5453 καὶ
2378 5399 2468 5451 τὸν
2488 5400 2620 5450 Θεὸν
2642 5399 2894 5464 λέγοντες
2923 5395 3168 5463 ἐνεργεῖν
3193 5408 3252 5442 τε
3274 5393 3366 5440 καὶ
3397 5389 3459 5456 δη
3469 5403 3659 5455 μιουρ-

2081 5497 2198 5557 γεῖν
2231 5495 2322 5545 καὶ
2362 5491 2632 5544 κινεῖσθαι
2691 5488 3034 5558 θεοπρεπῶς,
3093 5485 3184 5536 καὶ
3239 5481 3491 5552 προνοεῖν
3550 5478 3658 5529 τῶν

2087 5588 2256 5649 ἰδίων,
2292 5585 2543 5654 λέγοντες
2573 5583 2617 5635 δ’
2652 5581 2916 5642 ὡσαύτως
2960 5578 3053 5644 καὶ
3092 5575 3190 5643 τὴν
3223 5573 3460 5642 φυσικὴν
3487 5568 3656 5622 αὐτοῦ

2084 5676 2316 5747 δύναμιν
2374 5677 2471 5728 καὶ
2522 5675 2620 5742 τὴν
2684 5672 2964 5740 ἐνέργειαν
3018 5670 3162 5719 κατὰ
3195 5665 3321 5726 τοὺς
3370 5662 3658 5731 θεολόγους

2086 5767 2273 5819 ἐκεῖνα
2314 5765 2509 5828 ποιεῖν,
2557 5764 2619 5818 οὐ
2649 5761 2744 5814 δύο
2771 5761 2859 5813 διὰ
2891 5757 3050 5812 τοῦτό
3084 5773 3266 5825 φαμεν
3315 5754 3442 5815 τοὺς
3497 5753 3654 5821 ἐνερ-

2085 5859 2339 5926 γοῦντας,
2389 5857 2481 5909 καί
2513 5853 2816 5920 κιίζοντας,
2852 5852 2945 5905 καὶ
2986 5849 3369 5920 προνοοῦντας,
3410 5845 3527 5903 ἀλλ’
3558 5848 3656 5902 ἕνα
