4054 6468
309 423 412 487 957

1074 428 1379 491 CONTRA
1419 431 1850 495 GREGORAM
1893 435 2648 499 ANTIRBHETICORUM
2688 439 2857 500 VIIT.

3487 441 3601 503 958

306 556 476 609 φησιν
500 541 729 630 ἐκεῖνος,
764 542 841 606 ὡς
864 543 1029 609 αὐτὸς
1059 548 1187 619 φῂς,
1215 550 1317 620 τὴν
1346 552 1584 622 φυσικὴν
1611 554 1895 625 ἐνέργειαν
1924 556 1971 612 Α
1997 554 2201 625 δηλαδὴ
2233 555 2345 608 τῶν
2372 556 2711 625 κτισμάτων,
2746 534 2890 609 κατά
2918 557 3017 619 τὰς
3044 556 3327 625 ἐνεργείας
3359 556 3593 625 ταύτας,
3620 625 3625 631 _
3676 529 3692 541 θ

309 632 407 685 καὶ
433 632 533 702 τὴν
564 619 801 702 δύναμιν
832 637 928 692 τοῦ
954 639 1092 694 Θεοῦ
1113 658 1127 672 ο
1161 619 1299 697 ἀλλά
1335 619 1550 718 ταύτηςῂ
1589 619 1731 701 εῖναι
1752 619 1900 718 *μάλ-

306 724 403 776 λον
430 723 493 776 :6
529 727 729 781 τοιονδὶ
759 729 1111 800 ἀποτέλεσμα
1143 736 1240 790 καὶ
1263 736 1489 809 κτίσμα.
1520 740 1685 800 Τίνας
1712 740 1769 794 δέ
1803 739 1900 794 καὶ

306 817 415 889 φῂς
445 814 584 871 εἶναι
626 820 723 882 τὰς
757 824 1039 893 ἐνεργείας
1070 828 1314 895 ἐκείνας,
1357 824 1434 885 ὧν
1476 832 1899 903 ἀποτελέσματα

305 909 514 977 λέγεις,
557 912 653 965 καὶ
686 915 976 985 ποιήματα
1010 920 1110 983 τὰς
1136 921 1247 974 τῶν
1280 923 1579 991 θαυμάτων
1613 924 1897 995 δυνάμεις,

312 1003 525 1064 καὶτὰς
553 1005 653 1072 τῆς
679 1006 937 1076 θεότητος
973 1012 1254 1080 ἐνεργείας
1278 1030 1293 1080 ;
1334 1014 1398 1069 El
1436 1016 1536 1084 μὲν
1563 1015 1675 1086 γάρ
1704 1016 1901 1080 ἑνικῶς

311 1094 411 1165 τῆς
443 1099 731 1167 ἐνεργείας
763 1098 952 1170 ἔλεγες
977 1106 1331 1175 ἐνεργήματα
1361 1109 1455 1162 καὶ
1479 1110 1901 1180 ἀποτελέσματα

308 1188 521 1253 ταύτας
553 1194 651 1253 τὰς
688 1193 957 1259 δυνάμεις
1010 1198 1105 1250 καὶ
1157 1198 1254 1261 τάς
1292 1201 1597 1269 ἐνεργείας,
1630 1202 1774 1271 άπερ
1806 1201 1902 1254 καὶ

313 1282 594 1352 κτίσματα
624 1287 749 1358 φῂς,
781 1290 993 1354 ἐδόκεις
1046 1291 1114 1346 ἃν
1150 1294 1250 1362 τὴν
1285 1296 1475 1349 οὐσίαν
1496 1287 1597 1349 τεοῦ
1638 1296 1772 1349 Θεοῦ
1813 1295 1897 1348 λέ-

312 1391 457 1443 γειν,
483 1378 549 1449 ἢν
572 1379 733 1442 αὐτὸς
759 1380 1017 1436 άκτιστον
1039 1384 1287 1451 δοξάζεις
1312 1388 1619 1458 ἐνέργειαν,
1646 1392 1739 1441 καὶ
1762 1388 1904 1454 τέως

310 1466 449 1534 γοῦν
484 1468 543 1521 ἐν
569 1469 749 1541 τούτῳ
799 1472 875 1542 τῷ
906 1475 1064 1545 μέρει
1099 1479 1435 1545 συνεφώνεις
1466 1478 1652 1549 σαυτῷ
1674 1497 1689 1511 ο
1723 1477 1820 1533 νῦν
1846 1480 1905 1533 δέ

310 1554 704 1627 πληθυντικῶς
767 1565 1028 1633 προάγων
1104 1568 1364 1634 ἐκείνας,
1438 1571 1736 1640 ἐνεργειῶν
1794 1571 1903 1641 γάρ

310 1650 480 1720 εφης,
508 1653 630 1706 οὐδὲ
657 1655 836 1710 ἐκεῖνο
864 1657 1097 1712 δύνασαι
1130 1659 1314 1727 λέγειν
1336 1662 1594 1726 ἐνταῦθα,
1628 1662 1750 1717 οὐδέ
1779 1677 1907 1715 συν-

311 1740 464 1813 ᾴδειν
499 1745 709 1813 σαυτῷ·
753 1746 877 1801 οὐδὲ
907 1750 1017 1819 γάρ
1050 1751 1245 1805 πολλαὶ
1277 1753 1335 1806 αί
1384 1752 1565 1808 οὐσίαι
1604 1754 1699 1808 τοῦ
1742 1754 1903 1818 Θεοῦ,

321 1835 448 1890 οὐδὲ
488 1839 874 1908 πληθυντικῶς
904 1841 1131 1898 δύνασαι
1178 1846 1446 1915 προάγειν
1489 1847 1708 1917 ⁴ἐκείνην
1747 1846 1898 1912 ποτὲ,

312 1920 435 1982 ἀλλ’
469 1931 701 1996 ἑνικῶς,
738 1934 788 1985 εί
819 1935 895 2004 μή
932 1937 1015 1989 τοί
1043 1954 1106 2005 γε
1148 1939 1425 2006 κτίσματα
1464 1940 1632 2008 φαίης
1663 1941 1761 2001 τὰς
1805 1940 1901 2001 σάς

312 2021 607 2091 ἐνεργείας
658 2024 896 2090 ὲκείνας,
946 2019 1021 2080 ὧν
1053 2029 1477 2099 ἀποτελέσματα
1528 2033 1669 2085 κατὰ
1723 2032 1783 2084 σὲ
1818 2031 1908 2083 καὶ

316 2117 606 2185 ποιήματα
636 2118 667 2187 ή
718 2119 951 2189 δύναμις
999 2121 1095 2174 καὶ
1140 2123 1455 2192 ήένέργεια
1494 2122 1588 2177 τοῦ
1621 2124 1756 2177 Θεοῦ
1781 2141 1795 2153 '
1832 2123 1909 2187 ὡς

315 2207 420 2262 νῦν
442 2210 543 2278 μὲν
572 2211 673 2280 τὴν
696 2210 848 2265 θείαν
876 2212 1163 2282 ἐνέργειαν
1190 2215 1360 2282 αὐτήν
1386 2232 1444 2268 σε
1471 2216 1745 2283 θεολογεῖν
1767 2213 1908 2268 εἶναι

316 2303 415 2355 τὸν
441 2302 636 2357 οὐσίαν
666 2302 761 2358 τοῦ
795 2304 955 2368 Θεοῦ,
988 2306 1083 2359 νῦν
1114 2307 1161 2360 δ’
1197 2308 1369 2379 αὐτὴν
1416 2310 1622 2378 ταύτην
1648 2305 1910 2361 ἀποτέλε-

321 2413 437 2464 σμα
468 2396 561 2450 καὶ
592 2397 805 2468 ποίημα
854 2396 1217 2471 βλασφημεῖν,
1245 2403 1346 2455 οὐκ
1390 2396 1487 2454 οἷδ’
1517 2394 1761 2454 ὧντινων
1802 2402 1911 2473 φῂς

318 2488 622 2557 ἐνεργειῶν
655 2489 916 2545 κτιστῶν.

401 2581 665 2645 Βλέπεις,
724 2576 768 2636 ὦ
813 2583 1113 2655 Γρηγορᾶ,
1172 2583 1290 2647 πῶς
1344 2587 1444 2654 τῆς
1501 2583 1769 2654 ἀληθινῆς
1801 2583 1913 2635 τῶν

322 2674 504 2739 ἁγίων
536 2674 817 2740 θεολογίας
852 2675 994 2728 ἑκὼν
1040 2677 1440 2746 άποπλανήσας
1484 2676 1706 2735 σαυτὸν,
1748 2675 1855 2727 οὐδ’
1886 2674 1914 2727 ὃ

316 2779 379 2814 τι
404 2760 607 2828 λέγεις,
633 2762 741 2815 οὐδ’
764 2764 791 2816 ὅ
809 2781 861 2817 τι
893 2763 1128 2833 γράφεις
1153 2765 1410 2836 αίσθάνῃ,
1438 2765 1575 2818 ἀλλά
1607 2766 1701 2818 καὶ
1731 2764 1915 2836 σαυτῷ

320 2853 589 2925 πολεμεῖς
622 2858 679 2908 ἐν
703 2858 813 2919 τοῖς
846 2855 1031 2924 λόγοις
1065 2857 1279 2921 τούτοις
1308 2858 1613 2929 προδήλως,
1651 2858 1784 2929 μηδὲ
1816 2858 1917 2921 τὰς

322 2947 430 3011 σᾶς
481 2948 614 3016 γοῦν
673 2949 965 3011 ὑποθέσεις
1021 2949 1221 3003 καὶτὰ
1273 2950 1567 3021 ἀξιώματα
1622 2954 1916 3022 συντηρεῖν

320 3038 648 3106 δυνάμενος,
707 3039 845 3092 ἀλλά
891 3043 1124 3093 κάκεῖνα
1157 3041 1309 3112 πάσῃ
1343 3045 1488 3113 χειρὶ
1518 3043 1917 3114 καταστρέφων

324 3132 426 3185 καὶ
472 3131 792 3201 διαγράφων
847 3132 911 3185 ἐκ
966 3133 1062 3186 τοῦ
1106 3134 1377 3202 σύνεγγυς
1433 3133 1595 3200 οὕτω,
1628 3136 1785 3191 τοῦτο
1820 3127 1918 3189 καὶ

328 3222 496 3289 μόνον
524 3222 654 3284 ίσως
689 3220 754 3274 ἄν
785 3238 869 3283 τις
908 3216 1029 3273 εἷπε
1069 3222 1337 3289 δικαίως;
1372 3224 1530 3276 Οῦτω
1573 3224 1668 3277 καὶ
1707 3224 1799 3276 τὸν
1826 3242 1951 3289 σο-ἰ

323 3315 431 3381 φλν
482 3313 756 3383 Κύριλλον
804 3314 832 3365 6
885 3314 1044 3376 αὐτὸς
1094 3314 1333 3382 είσάγων
1380 3315 1668 3381 ὡσαύτως,
1707 3317 1780 3369 Τὸ
1818 3316 1918 3386 μὲν

325 3404 588 3478 βαδίζειν.
627 3404 882 3471 λέγοντα,
916 3407 1254 3473 σωματικοῖς
1298 3408 1447 3469 ποσὶ,
1483 3407 1575 3458 καὶ
1607 3405 1698 3459 διὰ
1742 3407 1919 3475 γλώσ-

328 3513 436 3566 σης
467 3496 672 3562 λαλεῖν,
704 3497 1059 3567 ἀνθρωπίνης
1101 3497 1320 3561 φύσεως
1354 3499 1515 3570 ἔργον
1541 3497 1827 3570 ἐτύγχανε,
1859 3499 1920 3554 :6

329 3589 394 3643 δὲ
425 3590 517 3643 τοῦ
549 3589 925 3658 παραλυτικοῦ
961 3589 1029 3643 τὰ
1059 3589 1195 3659 μέλη
1246 3590 1389 3660 λόγῳ
1427 3591 1791 3661 θεραπεῦσαι,
1824 3576 1919 3644 καὶ

322 3680 427 3735 τοῦ
475 3680 664 3749 κωφοῦ
732 3680 871 3752 πρὸς
922 3681 985 3735 :6
1038 3681 1377 3751 φθέγγεσθαι
1425 3683 1765 3753 διαρθρῶσαι
1821 3685 1921 3752 τὴν

327 3774 612 3844 γλῶσσαν,
668 3773 807 3845 ἔργα
854 3773 1047 3839 θεῖκῆς
1094 3774 1308 3845 ὑπῆρχε
1339 3774 1660 3844 δυνάμεως,
1703 3774 1823 3827 οὐδέ
1855 3774 1920 3838 ἃς

324 3864 708 3936 ἀναγινώσκει
738 3864 916 3931 λέξεις
965 3866 1155 3919 ἀκούει
1218 3865 1501 3921 κάνταῦθα
1526 3865 1620 3917 τοῦ
1666 3865 1922 3919 διδασκά-

324 3960 447 4024 λου,
482 3956 603 4012 οὐδέ
624 3956 726 4025 τῆς
753 3957 862 4009 τῶν
888 3955 1204 4026 λεγομένων
1237 3956 1485 4017 διανοίας
1529 3955 1728 4008 οὑτωσὶ
1757 3972 1923 4023 φανε-

326 4050 446 4124 ρῶς
478 4049 855 4122 προκειμένης
901 4048 1038 4112 ὅλως
1072 4047 1312 4117 συνίησι.
1362 4044 1442 4100 Τὰ
1486 4047 1597 4117 γὰρ
1635 4045 1919 4117 θεοπρεπῆ

324 4142 425 4198 τοῦ
460 4137 699 4214 Χριστοῦ
748 4140 1009 4209 θαύματα
1054 4138 1245 4209 θεῖκῆς
1286 4139 1423 4211 ἔργα
1455 4138 1744 4210 δυνάμεως
1779 4133 1922 4191 εἶναι

328 4234 717 4305 θεολογοῦντος
766 4232 959 4288 τούτου
986 4274 1001 4301 ,
1055 4232 1315 4303 καθάπερ
1362 4231 1659 4300 ἀκούομεν,
1712 4232 1923 4294 ἐκεῖνος

332 4330 435 4397 τὴν
465 4326 702 4397 οὐσιώδη
739 4327 834 4379 καὶ
864 4324 1102 4397 φυσικὴν
1138 4324 1239 4394 τῆς
1270 4322 1529 4393 θεότητος
1557 4320 1652 4375 τοῦ
1682 4319 1923 4387 Χριστλῦ

333 4419 567 4491 δύναμιν
616 4420 710 4471 καὶ
740 4417 1052 4487 ἐνέργειαν,
1088 4416 1157 4487 ἢν
1203 4418 1260 4469 ἐν
1290 4417 1405 4479 τοῖς
1444 4412 1541 4469 τοῦ
1572 4411 1709 4467 Θεοῦ
1743 4412 1926 4486 ῥητοῖς

346 4512 604 4567 Ἰωάννου
655 4509 764 4580 πρὸ
808 4506 1044 4578 βραχέος
1092 4506 1378 4577 ἐνέργημα
1421 4505 1518 4559 καὶ
1567 4504 1729 4558 θείων
1772 4505 1926 4574 ἐνερο

1999 648 2117 702 ἀλλ’
2156 648 2215 701 οὐ
2253 649 2375 701 κατ’
2397 649 2586 701 οὐσίαν
2615 650 2643 702 6
2672 648 2803 712 Θεὸς
2833 651 3051 720 ὁρᾶται.
3093 649 3378 711 Ἤκουσας
3405 648 3597 713 διαφο-

2004 740 2104 810 ρὰν
2155 740 2476 809 κτισμάτων
2537 741 2629 794 καὶ
2679 739 2830 804 θείας
2887 740 3078 803 οὐσίας
3125 740 3223 793 καὶ
3269 739 3593 808 ἐνεργείας.

2004 835 2208 904 μᾶλλον
2258 834 2316 887 δέ
2372 833 2709 904 ἐνεργειῶν,
2767 835 2977 888 καὶὸτι
3017 831 3397 909 κατάνταύτας
3429 830 3597 884 αὐτοῦ

2000 926 2101 991 τὰς
2143 927 2432 998 ἐνεργείας
2475 929 2502 980 6
2535 926 2668 989 Θεὸς
2715 927 2822 979 άπδ
2871 927 2979 978 τῶν
3015 926 3335 996 κτισμάτων
3370 926 3594 995 ὁρᾶται,

2002 1019 2122 1072 ἀλλ’
2156 1018 2217 1070 οὐ
2252 1019 2397 1072 κατά
2429 1020 2527 1084 τὴν
2556 1019 2747 1072 οὐσίαν
2776 1017 2941 1070 αὐτοῦ
2967 1034 2981 1082 ;

2078 1112 2279 1164 Ἀκουε
2311 1109 2377 1176 δὴ
2428 1111 2520 1161 καὶ
2573 1109 2669 1162 τοῦ
2725 1109 2967 1177 μεγάλου
3015 1109 3305 1163 Βασιλείου
3357 1110 3427 1162 τὰ
3456 1108 3600 1163 αὐτά

2004 1201 2136 1270 περὶ
2172 1202 2280 1254 τῶν
2332 1201 2513 1252 αὐτῶν
2560 1198 2823 1261 ὡσαύτως
2857 1199 3230 1261 διδάσκοντος.
3272 1200 3594 1270 Δυνάμεως.
3653 1251 3657 1255 .

2005 1293 2163 1360 φησὶ,
2196 1293 2289 1346 καὶ
2320 1292 2517 1361 σοφίας
2558 1293 2652 1345 καὶ
2702 1292 2923 1361 τέχνης,
2978 1290 3102 1361 οὐχὶ
3148 1291 3205 1344 δὲ
3256 1292 3356 1359 τῆς
3406 1290 3595 1352 οὐσίας

2003 1381 2175 1453 αὐτῆς
2204 1382 2514 1437 ἐνδεικτικά
2543 1385 2660 1435 ἐστι
2686 1382 2756 1435 τά
2792 1384 3077 1453 ποιήματα
3096 1398 3111 1414 ⁶
3151 1382 3243 1435 καὶ
3274 1383 3397 1435 οὐδέ
3427 1381 3599 1450 αὐτὴν

2004 1476 2189 1529 πᾶσαν
2218 1472 2313 1527 τοῦ
2332 1473 2671 1545 δημιουργοῦ
2701 1475 2800 1544 τὴν
2826 1474 3058 1544 δύναμιν
3084 1475 3401 1543 ἀναγκαίως
3434 1472 3601 1542 παρί-

2007 1586 2221 1638 στησιν,
2256 1568 2611 1637 ἐνδεχομένου
2646 1568 2780 1620 ποτὲ
2824 1583 2918 1620 τον
2966 1569 3218 1638 τεχνίτην
3281 1568 3358 1639 μὴ
3414 1568 3600 1620 πᾶσαν

2007 1659 2206 1715 ἐαυτοῦ
2245 1660 2346 1732 τὴν
2380 1662 2536 1731 ίσχὺν
2574 1661 2942 1714 ἐναποθέσθαι
2964 1664 3086 1722 ταῖς
3117 1661 3445 1731 ἐνεργείαις,
3482 1658 3601 1714 ἀλλ’

2007 1754 2326 1822 ὑφειμένοις
2359 1755 2624 1819 πολλάκις
2649 1755 2875 1809 ἐπὶτῶν
2902 1756 3081 1825 ἔργων
3120 1756 3222 1824 τῆς
3255 1755 3457 1824 τέχνης
3484 1756 3601 1815 τοῖς

2006 1846 2179 1909 τόνοις
2217 1846 2543 1916 χρήσασθαι.
2593 1847 2652 1899 Εἰ
2689 1847 2747 1900 δὲ
2784 1847 2881 1900 καὶ
2923 1848 3054 1915 ὅλην
3102 1846 3200 1916 τὴν
3233 1844 3468 1916 δύναμιν
3504 1845 3600 1899 ἐπὶ

2009 1940 2071 1992 :6
2102 1938 2263 2008 ἔργον
2301 1938 2673 2009 ἀνακινήσειε,
2728 1938 2821 1991 καὶ
2849 1937 3029 1996 οὕτως
3077 1937 3145 1991 ἂν
3205 1937 3447 2007 ὑπάρχοι
3500 1936 3601 2004 τὴν

2014 2031 2169 2100 ίσχὺν
2203 2030 2371 2083 αὐτοῦ
2409 2028 2495 2082 διά
2528 2031 2637 2082 τῶν
2670 2029 2848 2099 ἔργων
2894 2030 3348 2099 ἀναμετρεῖσθαι,
3377 2027 3498 2096 οὐχὶ
3541 2026 3599 2078 δὲ

2009 2124 2109 2194 τὴν
2136 2122 2347 2182 οὐσίαν,
2381 2122 2503 2191 ἥτις
2545 2122 2678 2174 ποτέ
2714 2124 2851 2187 ἐστι,
2900 2119 3446 2191 καταλαμϐάνεσθαι.
3491 2117 3601 2170 Καὶ

2010 2217 2173 2269 πάλιν
2204 2215 2230 2267 6
2263 2213 2426 2274 αὐτὸς
2458 2216 2516 2264 ἐν
2545 2214 2658 2274 τοῖς
2704 2213 2923 2276 αὐτοῖς·
2960 2211 3121 2274 Είκὸς
3157 2210 3329 2279 αὐτὴν
3371 2207 3469 2278 μὲν
3497 2208 3599 2277 τὴν

2011 2308 2199 2361 οὐσίαν
2230 2305 2564 2376 ἀπερίοπτον
2619 2300 2763 2357 εῖναι
2796 2304 2961 2357 παντὶ
3006 2303 3149 2372 πλὴν
3179 2302 3212 2371 ἢ
3245 2301 3323 2370 τῷ
3362 2301 3602 2365 Μονογε-

2010 2404 2092 2456 νεῖ
2122 2401 2217 2452 καὶ
2250 2400 2327 2470 τῷ
2368 2399 2515 2469 ἁγίῳ
2567 2398 2886 2466 Πνεύματμ
2949 2398 3013 2449 ἐκ
3061 2395 3117 2448 δέ
3155 2395 3264 2447 τῶν
3309 2395 3602 2463 ἐνεργειιὶνν

2010 2492 2109 2546 τοῦ
2136 2492 2269 2548 Θεοῦ
2319 2492 2697 2561 ἀναγομένους
2730 2491 2904 2559 ἡμᾶς,
2959 2489 3054 2541 καὶ
3088 2488 3179 2541 διὰ
3217 2487 3324 2539 τῶν
3359 2485 3607 2555 ποιημά-

2012 2602 2119 2638 των
2144 2585 2235 2638 τδν
2266 2582 2500 2653 ποιητὴν
2531 2581 2879 2643 ἐννοοῦντας,
2914 2579 3013 2646 τῆς
3057 2577 3398 2646 ἀγαθόεητος
3435 2574 3600 2627 αὐτοῦ

2015 2678 2112 2730 καὶ
2140 2677 2239 2743 τῆς
2265 2677 2456 2742 σοφίας
2484 2673 2787 2739 λαμϐάνειν
2825 2672 2926 2741 τὴν
2958 2671 3236 2739 αἴσθησιν.
3283 2667 3457 2721 Τοῦτο
3495 2666 3606 2731 γάρ

2014 2770 2131 2823 ἐστι
2161 2768 2221 2821 :6
2247 2767 2491 2834 γνωατὸν
2515 2765 2609 2819 τοῦ
2641 2764 2802 2829 Θεοῦ,
2828 2764 2857 2817 6
2892 2765 3059 2817 πᾶσιν
3086 2761 3400 2831 ἀνθρώποις
3422 2760 3449 2811 6
3470 2758 3605 2819 Θεὸς

2016 2863 2392 2931 ἐφανέρωσεν.

2104 2953 2164 3004 '0
2199 2953 2255 3004 δὲ
2298 2950 2589 3022 Γρηγοράς
2630 2948 2817 3002 οὐτοσὶ
2848 2945 3058 2998 τούτων
3087 2943 3180 2996 καὶ
3211 2941 3318 2994 τῶν
3351 2938 3604 2991 τοιούτων

2017 3045 2241 3114 ἀργίαν,
2261 3043 2332 3105 ὡς
2360 3042 2525 3104 ἔοικε,
2562 3039 2863 3105 καταγνοὺς
2898 3035 3033 3105 ὁμοῦ
3077 3032 3315 3093 πάντων,
3335 3030 3406 3092 ὡς
3448 3028 3511 3081 ἂι
3548 3028 3604 3078 εί

2023 3135 2161 3206 μηδέ
2214 3136 2311 3201 τὴν
2368 3133 2545 3202 ἀρχὴν
2597 3129 2747 3198 παρὰ
2778 3128 2887 3180 τῶν
2931 3126 3193 3179 τοιούτων
3242 3123 3449 3191 εἴρητο,
3479 3120 3603 3179 τοὺς

2022 3225 2307 3293 θεολόγους
2345 3230 2443 3274 καὶ
2472 3223 2643 3289 άμφω
2670 3217 3019 3286 συγκρούσας
3051 3214 3295 3274 ἐκείνους
3328 3209 3607 3277 ἀλλήλοις,

2035 3319 2293 3386 Ἰωάννην
2349 3314 2496 3385 φημὶ
2543 3313 2638 3364 καὶ
2685 3308 2987 3382 Κύριλλον,
3039 3308 3134 3359 καὶ
3188 3303 3612 3372 συκοφαντῇσας

2018 3410 2160 3479 ’ὁμοῦ
2233 3407 2333 3477 τὴν
2395 3403 2681 3472 θεολογίαν
2750 3398 2976 3463 αὐτῶν,
3054 3397 3145 3451 καὶ
3205 3395 3304 3464 τὴν
3379 3389 3611 3453 ἐναλλάξ

2022 3500 2312 3567 ἀναλογίαν
2407 3499 2471 3549 ἐκ
2519 3494 2629 3546 τῶν
2674 3493 2851 3559 λόγων
2904 3488 3110 3552 αὐτῶν,
3146 3487 3221 3549 ὡς
3276 3486 3432 3554 ᾤετο,
3482 3499 3617 3534 συν-

2020 3591 2245 3659 αγαγὼν
2275 3630 2289 3654 ,
2345 3580 2491 3640 οὕτω
2552 3586 2649 3639 καὶ
2695 3584 2803 3654 γὰρ
2848 3580 3130 3650 ἐπέγραψε
3159 3617 3174 3641 ,
3227 3577 3434 3641 κτίσμα
3471 3572 3615 3624 θεοῦ

2022 3678 2430 3743 κατασκευάζει
2483 3677 2583 3745 τὴν
2635 3674 2871 3743 οὐσιὼδη
2926 3672 3021 3725 καὶ
3071 3668 3310 3738 φυσικὴν
3342 3661 3437 3715 τοῦ
3477 3662 3606 3713 Θεοῦ

2022 3774 2251 3842 δύναμιν
2308 3771 2402 3823 καὶ
2460 3769 2776 3838 ἐνέργειαν,
2831 3765 2937 3816 ’καὶ
2994 3761 3106 3816 άπὸ
3158 3757 3253 3810 τοῦ
3308 3756 3618 3820 κτίσματος

2016 3868 2214 3920 ’τιύτου
2249 3862 2386 3932 πρὸς
2437 3860 2537 3931 τὴν
2586 3858 2777 3913 οὐσίαν
2830 3855 2926 3909 τοῦ
2986 3850 3129 3907 Θεοῦ
3178 3848 3300 3902 κατ’
3343 3844 3610 3914 Εὐνόμιόν

2024 3968 2159 4030 φησι
2187 3951 2669 4009 διαϐαίνειν.Ἂλλ⁹
2703 3952 2886 4021 ἡμεῖς,
2926 3945 3028 4017 τὴν
3066 3943 3247 4015 ’ψευδῆ
3282 3941 3381 3995 καὶ
3410 3939 3623 3993 ἄτοπον

2024 4048 2319 4116 ἀναλογίαν
2379 4043 2547 4099 αὐτοῦ
2601 4040 2680 4113 τῷ
2734 4042 2833 4109 τῆς
2890 4036 3149 4109 ἀληθείας
3211 4031 3612 4102 ἀνατρέποντες

2025 4141 2169 4209 ὑγιεῖ
2198 4140 2362 4208 λόγῳ,
2415 4135 2599 4207 φαμέν
2636 4133 2780 4188 κατά
2826 4132 2950 4193 τοὺς
2993 4129 3175 4190 θείους
3216 4125 3488 4193 Πατέρας,
3537 4120 3624 4183 ὡς·

2026 4237 2091 4305 ἢν
2117 4237 2141 4286 6
2174 4214 2449 4302 μακάρίος
2502 4229 2760 4298 Ἰωάννης
2803 4224 3037 4293 δύναμιν
3069 4220 3175 4292 ἐφη
3210 4219 3319 4271 τῶν
3350 4215 3445 4269 τοῦ
3477 4216 3616 4286 Χρι-

2027 4324 2155 4379 στοῦ
2190 4323 2511 4393 θαυμάτων,
2544 4320 2639 4375 καὶ
2662 4319 2772 4388 ,τῆς
2806 4316 3066 4386 θεότητος
3099 4310 3268 4366 αὐτοῦ
3300 4310 3607 4380 ἐνέργειαν,

2024 4417 2230 4486 ταύτην
2252 4415 2348 4467 καὶ
2374 4416 2402 4467 6
2435 4411 2597 4481 σοφὸς
2640 4402 2795 4462 εἶπεν
2826 4406 3091 4468 ὡσαύτως
3122 4403 3392 4474 Κύριλλος
3416 4400 3615 4470 θεῖκὴν

2027 4510 2259 4578 δύναμιν
2283 4551 2298 4574 ,
2348 4504 2521 4567 αὐτὴν
2566 4502 2768 4575 δηλαδὴ
2824 4503 2924 4571 τὴν
2963 4499 3200 4567 οὐσιὼδη
3237 4498 3332 4550 καὶ
3372 4493 3612 4564 φυσικὴν

333 4606 506 4675 γειιῖιν
548 4604 736 4673 ἔλεγεν
780 4602 1136 4670 ἀποτέλεσμα
1181 4601 1275 4654 καὶ
1306 4599 1536 4670 κτίσμα,
1572 4597 1669 4652 νῦν
1695 4600 1796 4668 τὴν
1829 4594 1921 4649 ού·
1956 4612 2003 4670 ι)
2030 4601 2262 4672 δύναμιν
2299 4599 2393 4652 καὶ
2443 4601 2664 4667 κίνησιν
2715 4597 2810 4649 καὶ
2852 4593 3143 4665 ἐνέργειαν
3179 4593 3278 4681 τῆς
3333 4587 3614 4659 θεότητος,

336 4701 465 4752 σίαν
505 4697 678 4768 αὐτὴν
734 4689 883 4749 εἶναι
942 4692 1272 4765 μεταϐαλών
1322 4709 1459 4763 φησι
1512 4689 1606 4743 τοῦ
1652 4689 1810 4752 Θεοῦ,
1859 4685 1928 4761 ἧς

334 4788 478 4861 ἔργα
517 4791 614 4843 καὶ
643 4788 1072 4858 άποτελέσματά
1099 4804 1235 4856 φησι
1266 4786 1335 4839 τά
1367 4783 1651 4853 θαύματα,
1683 4782 1719 4839 ά
1741 4783 1804 4854 δὴ
1834 4783 1929 4837 καὶ

332 4874 616 4953 ἐνεργείας
637 4880 775 4936 Θεοῦ
817 4898 987 4951 φησιν
1013 4868 1175 4943 αὐθις
1200 4877 1385 4946 λέγειν
1428 4878 1522 4932 τὸν
1550 4876 1694 4930 θεῖον
1726 4876 1930 4947 Κύριλ-

332 4968 453 5027 λον.
496 4972 640 5043 Ἐγὼ
682 4973 763 5037 δέ,
791 4973 841 5026 εί
872 4971 974 5044 μὲν
998 4970 1107 5024 ἀπὸ
1136 4970 1249 5024 τῶν
1275 4968 1676 5040 ἐνεργημάτων
1726 4986 1786 5021 τε
1832 4968 1928 5023 καὶ

334 5068 658 5137 κτισμάτων
685 5066 778 5119 ἐπὶ
811 5064 910 5135 τὴν
950 5063 1190 5136 θεωρίαν
1233 5064 1333 5135 τῆς
1359 5062 1546 5126 οὐσίας
1581 5061 1753 5133 αὐτῆς
1797 5062 1928 5115 άνα-

333 5145 550 5214 ’σαίνειν
582 5155 651 5230 ἦν
675 5158 770 5212 τοῦ
795 5156 933 5212 Θεοῦ
962 5159 1085 5213 κατ’
1112 5159 1380 5229 Εὐνόμιόν
1411 5175 1470 5211 τε
1500 5158 1595 5211 καὶ
1618 5157 1925 5227 Γρηγορᾶν,

335 5250 611 5322 ἐδεξάμην
638 5251 704 5305 ἂν
730 5251 822 5305 τὸν
859 5247 1028 5305 αὐτοῦ
1070 5249 1252 5319 λόγον,
1296 5248 1455 5318 ὀλίγα
1492 5248 1787 5318 φροντίσας
1820 5247 1929 5301 τῶν

335 5345 539 5410 λέξεων
559 5360 575 5375 ⁸
604 5343 700 5398 νῦν
730 5344 787 5397 δὲ
823 5346 923 5415 οὐχ
966 5342 1140 5405 οὕτως
1186 5342 1333 5412 ἔχειν
1364 5343 1432 5395 τὰ
1465 5340 1645 5394 τοιάδε
1683 5340 1847 5409 φασὶν
1877 5338 1928 5392 οἱ

336 5436 547 5489 τούτων
572 5435 818 5505 θεολόγοι
835 5452 894 5489 τε
921 5434 1016 5489 καὶ
1043 5432 1381 5500 διδάσκαλοι,
1406 5431 1526 5486 ἀλλ’
1546 5433 1608 5484 ἐκ
1635 5430 1744 5484 τῶν
1763 5447 1925 5499 ποιη-

340 5528 532 5599 μάτων
561 5528 664 5582 οὐκ
695 5529 786 5581 ἐπὶ
814 5531 913 5595 τὴν
945 5526 1158 5593 οὐσίαν,
1186 5525 1304 5579 ἀλλ’
1342 5524 1434 5579 ἐπὶ
1473 5525 1574 5595 τὴν
1609 5524 1803 5592 σοφίαν
1835 5522 1929 5575 καὶ

338 5621 441 5691 τὴν
486 5619 890 5690 δημιουργικὴν
939 5619 1171 5689 δύναμιν
1241 5618 1335 5672 καὶ
1384 5616 1667 5687 ἐνέργειαν
1721 5615 1926 5686 μᾶλλον

338 5712 709 5781 ἁιαφέρεσθαι
736 5710 830 5765 τοῦ
855 5710 991 5765 Θεοῦ
1010 5728 1026 5745 ο
1067 5710 1204 5780 φησὶ
1230 5709 1327 5763 καὶ
1351 5709 1458 5779 γὰρ
1490 5708 1547 5760 ἐν
1575 5710 1685 5770 τοῖς
1716 5707 1930 5777 Θησαυ-

341 5808 457 5875 ροῖς
485 5808 512 5858 6
546 5805 710 5865 αὐτὸς
743 5804 887 5867 θεῖος
938 5801 1208 5873 Κύριλλος
1229 5817 1245 5835 ο
1277 5801 1447 5854 Οὐδὲν
1493 5800 1788 5867 ἐπίκτητον
1820 5799 1927 5852 τῶν

330 5884 500 5952 ’θείων
537 5899 867 5957 ίδιωαάτων,
923 5899 987 5949 ἐκ
1047 5895 1229 5951 μέντοι
1281 5891 1391 5947 τῶν
1441 5891 1922 5954 ἀποτελεσμάτων,

2029 4697 2162 4765 περὶ
2193 4688 2257 4766 ἦς
2282 4694 2311 4746 6
2348 4693 2447 4763 μὲν
2482 4691 2647 4759 σοφὸς
2691 4689 2971 4755 Ἰωάννης,
3023 4685 3121 4737 Ἕκ
3154 4680 3265 4734 τῶν
3297 4680 3616 4749 θαυμάτων,

2029 4788 2189 4859 φησὶ,
2220 4788 2317 4856 τῆς
2358 4784 2530 4853 αὐτῆς
2563 4781 2754 4844 οὐσίας
2803 4780 2931 4833 δντα
2980 4777 3057 4848 τῷ
3116 4776 3290 4845 Πατρὶ
3339 4774 3430 4826 τὸν
3477 4772 3619 4842 Χρι-

2030 4882 2153 4934 στὸν
2186 4880 2465 4948 ἔγνωμενο
2515 4874 2766 4944 ἐνέργεια
2806 4872 2884 4938 δὲ,
2912 4872 3067 4941 φησὶ.
3096 4866 3233 4922 Θεοῦ
3264 4865 3526 4936 τυγχάνει
3552 4864 3620 4916 τά

2030 4973 2285 5041 θαύματα
2325 4985 2342 5001 .
2381 4970 2410 5021 δ
2439 4962 2496 5022 δέ
2541 4967 2829 5027 θεσπέσιος
2856 4961 3147 5033 Κύριλλος,
3183 4959 3266 5014 Τά
3302 4954 3623 5026 ἐτερἰγενῆ›

2030 5069 2189 5137 φησὶ,
2218 5064 2315 5119 καὶ
2348 5061 2621 5131 ἐτεροφυᾶ
2649 5058 2749 5129 τὴν
2798 5057 2971 5127 αὐτὴν
3010 5056 3297 5123 ἐνέργειαν
3323 5049 3474 5120 ἔχειν
3514 5047 3619 5100 οὐκ

2028 5161 2094 5214 ἄν
2143 5175 2228 5221 τις
2274 5155 2394 5221 δοίη
2427 5151 2722 5223 σωφρονῶν
2758 5165 2773 5178 ⁹
2822 5149 2922 5203 ἀλλ
2957 5147 3147 5215 ὥσπερ
3194 5138 3628 5213 ἀπεσχοινισμέέ

2030 5269 2120 5305 νον
2151 5248 2334 5317 έχουσι
2357 5245 2460 5316 τῆς
2495 5244 2687 5308 οὐσίας
2719 5241 2808 5294 τὸν
2837 5240 2996 5307 λόγον
3027 5238 3149 5309 ἦτοι
3179 5235 3281 5303 τῆς
3306 5230 3619 5300 ποιότητος,

2029 5344 2173 5397 οὕτω
2222 5340 2318 5393 καὶ
2382 5338 2647 5407 διάφορον
2716 5333 3058 5388 ἀποδώσουσι
3135 5328 3234 5400 τὴν
3291 5324 3614 5395 ἐνέργειανο

2030 5433 2211 5485 ἐκεῖνο
2237 5431 2523 5502 μονονουχὶ
2550 5428 2742 5494 λέγων,
2768 5426 2908 5495 ὅπερ
2932 5424 2959 5476 6
2984 5421 3148 5489 σοφὸς
3192 5417 3448 5485 Ἰωάννης
3474 5414 3621 5482 μετὰ

2028 5525 2285 5596 Μαξίμου
2317 5522 2412 5576 τοῦ
2444 5521 2590 5574 θείου
2622 5519 2749 5589 περὶ
2785 5516 2895 5570 τῶν
2916 5515 3098 5569 αὐτῶν
3123 5511 3339 5581 φθάσας
3369 5509 3626 5579 εἴρηκεν,

2043 5618 2177 5671 ’Δπδ
2205 5616 2307 5686 τῆς
2328 5615 2636 5685 ἐνεργείας,
2663 5611 2866 5680 λέγων,
2904 5610 2938 5680 ἡ
2977 5607 3212 5661 ἐκάστου
3246 5602 3406 5672 φύσις
3437 5616 3623 5671 χαρα-

2030 5708 2374 5781 κτηρίζεται,
2421 5707 2521 5777 τῆς
2572 5703 2674 5774 μὲν
2725 5705 2987 5756 ἀκτίστου
3019 5697 3303 5770 ἐνεργείας
3354 5695 3623 5749 άκτιστον

2028 5801 2318 5869 δεικνύσης
2354 5798 2542 5869 φύσιν,
2587 5795 2817 5865 κτιστὴν
2853 5795 2909 5848 δέ
2955 5793 3054 5863 τῆς
3102 5788 3353 5857 κτιστῆς,
3386 5784 3484 5837 καὶ
3533 5784 3629 5836 ὅτε.

2029 5895 2111 5948 δεῖ
2140 5894 2452 5950 κατάλληλα
2489 5894 2607 5955 ταῖς
2645 5889 2879 5952 φύσεσιν
2926 5883 3071 5940 εἶναι
3106 5887 3170 5938 τά
3224 5878 3452 5953 φισικά.
3510 5879 3629 5929 Ἦν,
