4054 6502
403 403 512 464 9ΐῦ

1081 403 1382 466 CONTRA
1416 403 1845 467 GREGORAM
1897 402 2648 464 ANI‘UiRllETICURUM
2683 402 2846 464 VIII.

3557 405 3666 467 966

399 519 673 588 ἑκατέρας
700 519 829 586 γὰρ,
862 520 1017 589 φησὶ,
1049 520 1266 588 φύσεως
1315 523 1586 592 ἑκατέραν
1636 521 1798 592 ῐσμεν
1825 521 1978 588 ἐνέρ-
2017 532 2045 578 ἡ
2087 516 2611 586 παῤῥησιαζόμενος
2662 517 2870 586 λέγεις,
2908 517 2991 571 δτι
3043 515 3135 570 ἔπί
3171 515 3271 583 τῆς
3304 515 3487 587 ἁπλῆς
3515 520 3664 573 ἐκεί·-

397 627 580 680 γεεανο
606 611 776 680 ήγουν
805 610 912 663 τῶν
940 611 1034 664 τοῦ
1071 611 1312 681 Χριστοῦ
1338 614 1555 681 φύσεων
1577 614 1670 665 δύο
1697 614 1794 674 τὰς
1826 613 1981 679 ἐνερ-

398 703 550 772 γείας
582 702 948 772 γινώσκομεν,
987 706 1086 772 τῆς
1113 721 1170 757 τε
1218 704 1472 775 θεότητος
1501 707 1596 757 καὶ
1629 706 1728 772 τῆς
1764 703 1980 777 ἀνθρω-

397 795 654 864 πότητος.
693 791 827 848 Εἶτα
853 795 1056 865 μεταξύ
1085 797 1217 866 περὶ
1247 797 1543 862 οὐσιώδους
1564 796 1736 852 εἰπὼν
1762 798 1855 851 καὶ
1878 815 1980 866 φυο

398 887 575 952 σικοῦ,
610 890 709 941 καὶ
742 888 834 940 τδν
860 888 988 941 Υίὸν
1011 888 1360 958 αἰνιξάμενος
1414 891 1508 944 τοῦ
1571 890 1730 956 Θεοῦ,
1758 891 1858 962 τὴν
1885 907 1985 959 φυ-

399 980 560 1046 σικὴν
615 973 756 1032 εἷναι
807 979 1014 1047 ταύτην
1043 983 1352 1051 ἐνέργειαν,
1383 981 1462 1048 ὡς
1513 982 1776 1047 οὐσιῶδές
1802 999 1855 1037 τι
1890 983 1983 1036 καὶ

399 1069 654 1136 φυσικὸν,
699 1069 877 1122 εῖτουν
914 1073 1244 1124 συστατικὸν
1275 1074 1376 1140 τῆς
1426 1075 1617 1138 οὐσίας
1649 1092 1708 1129 τε
1742 1076 1839 1128 καὶ
1885 1074 1981 1143 τῆς

398 1162 636 1228 φύσεως,
665 1162 741 1224 ὡς
772 1163 932 1226 αὐτός
965 1181 1152 1233 φησιν,
1181 1166 1298 1218 ἀλλ’
1323 1168 1420 1236 οὐχ
1463 1168 1538 1230 ὡς
1579 1169 1768 1220 οὐσίαν
1798 1166 1980 1232 ζῶσαν

399 1259 497 1312 καὶ
517 1257 729 1309 τελείαν
773 1259 1096 1326 ὑπόστασιν,
1131 1264 1225 1314 καὶ
1251 1262 1344 1315 τὸν
1377 1263 1544 1332 μέσον
1569 1265 1696 1334 ὅρον
1727 1261 1982 1317 ἐντεῦθεν

399 1345 589 1410 κακῶς
629 1349 889 1420 εἰληφὼς,
918 1352 1028 1404 τῶν
1058 1353 1369 1422 ὁμωνύμων
1398 1372 1517 1416 πως
1543 1355 1694 1417 ὄντα,
1725 1356 1820 1409 καὶ
1852 1355 1980 1409 συλ-

397 1437 760 1510 λογισάμενος
820 1439 1017 1507 οὐτως,
1058 1442 1133 1506 ὡς
1189 1443 1350 1514 ᾤετο,
1404 1445 1601 1516 ψευδὲς
1633 1447 1880 1515 ἐπήγαγε
1918 1446 1979 1499 τδ

400 1533 800 1603 συμπέρασμα,
838 1535 1164 1602 συναγαγὼν
1195 1536 1419 1590 οὐτωσί’
1464 1537 1836 1609 Καταλλήλως
1869 1538 1980 1609 ἀρα

399 1626 498 1677 καὶ
523 1625 876 1695 ἁρμοζόντως
921 1625 1268 1698 γινώσκομεν
1298 1628 1398 1700 τὴν
1445 1629 1546 1701 μὲν
1577 1631 1758 1701 ἁπλῆν
1786 1631 1977 1685 οὐσίαν

400 1718 495 1768 καὶ
528 1716 690 1786 φύσιν
723 1717 984 1771 ἀκτιστον
1014 1715 1151 1772 εἴναι
1188 1723 1284 1773 καὶ
1313 1721 1493 1792 ἁπλῆν
1525 1723 1619 1774 καὶ
1665 1723 1795 1794 μίαν
1827 1722 1979 1794 ἐνέρ-

400 1823 581 1877 γειαν.
635 1809 744 1862 Καὶ
800 1809 920 1880 μετ’
976 1811 1159 1880 ὀλίγον
1193 1827 1208 1842 °
1243 1813 1355 1866 Καὶ
1390 1814 1492 1867 οὐκ
1521 1815 1656 1885 ἀλλη
1707 1817 1807 1886 μὲν
1857 1819 1976 1871 κατ’

393 1901 604 1964 οὐσίαν,
644 1902 782 1970 άλλη
815 1903 871 1956 δὲ
907 1904 1029 1956 κατ’
1068 1906 1375 1978 ἐνέργειαν.
1416 1909 1524 1961 Καὶ
1579 1908 1718 1978 μετά
1749 1907 1926 1980 βραχύ
1957 1926 1974 1942 ·

400 1990 525 2056 Πῶς
560 1994 666 2062 γὰρ
697 1993 758 2046 τὸ
786 1995 964 2064 πάντη
998 1993 1057 2048 ἐν
1095 1995 1361 2066 διαφορὰν
1388 1996 1498 2061 ἕξει
1525 1997 1661 2068 πρὸς
1691 1999 1854 2052 ἑαυτὸ
1884 2001 1978 2054 καὶ

396 2085 773 2154 ἐναντιότητα,
804 2090 866 2157 τῇ
894 2086 948 2140 δέ
983 2087 1224 2158 συνθέτῳ
1255 2088 1347 2144 καὶ
1386 2089 1704 2164 ἀνθρωπίνῃ
1736 2092 1895 2160 φύσει
1916 2091 1978 2148 τὸ

395 2175 627 2245 κτιστὴν
655 2177 752 2229 καὶ
782 2177 992 2249 όρατὴν
1021 2179 1166 2249 ἔχειν
1198 2178 1512 2250 ἐνέργειαν;

472 2357 584 2412 Καὶ
613 2356 666 2410 τί
723 2357 934 2412 τούτων
980 2359 1114 2429 ἡμῖν
1153 2359 1285 2425 ἔδει,
1317 2361 1600 2432 φιλόσοφε,
1647 2363 1756 2418 τῶν
1789 2363 1978 2421 συλλο-

396 2449 616 2520 γισμῶν
654 2467 713 2504 τε
739 2452 835 2505 καὶ
863 2453 1321 2523 παραλογισμῶν,
1357 2455 1480 2522 ἐξὸν
1510 2455 1736 2511 αὐτόθεν
1760 2459 1854 2511 τδν
1876 2459 1977 2531 τῆς

400 2541 642 2606 πίστεως
683 2542 842 2611 λόγον
873 2543 1063 2596 λαϐεῖν
1106 2545 1480 2614 εὐαγγελικῶς
1505 2564 1563 2600 τε
1619 2549 1715 2602 καὶ
1764 2551 1973 2616 ἁπλῶς,

399 2633 518 2687 ἀλλ’
542 2635 644 2687 οὐκ
678 2635 734 2688 Ἀ
747 2635 1132 2705 ριστοτελικῶς
1161 2655 1222 2691 τε
1257 2639 1351 2691 καὶ
1377 2641 1729 2709 σοφιστικῶς,
1769 2643 1974 2710 μᾶλλον

395 2725 444 2778 δ’
494 2726 714 2797 ἀσόφως
753 2727 1084 2798 οἰκειότερον
1122 2730 1744 2802 είπεῖν,ἐκτεθειμένον;
1774 2736 1835 2787 Εἰ
1865 2735 1976 2806 γὰρ

397 2821 499 2873 κα)⁸
546 2820 930 2889 Ἀριστοτέλης
981 2821 1144 2883 αὐτὸς
1190 2823 1399 2885 ἐκεῖνος
1427 2824 1454 2876 ό
1513 2825 1602 2886 σὸς
1655 2826 1977 2890 διδάσκαλος

396 2910 608 2980 παρῆν,
660 2912 756 2963 καὶ
787 2910 896 2965 τῶν
941 2911 1050 2965 σῶν
1098 2911 1275 2981 λόγων
1309 2908 1380 2964 τε
1415 2915 1509 2968 καλ⁵
1541 2916 1975 2985 παραλογισμῶν

393 3002 606 3056 τούτων
653 3004 856 3072 ἤκουε,
915 3004 1141 3073 πληγῶν
1187 3005 1254 3058 ἂν
1299 3001 1422 3058 εἷπε
1475 3006 1684 3059 δεῖσθαι
1739 3009 1834 3060 καὶ
1890 3010 1971 3071 σὲ,

393 3093 586 3165 ἐπειδὴ
618 3096 712 3148 καὶ
737 3096 850 3158 τοῖς
882 3094 960 3166 μὴ
981 3096 1126 3166 λόγῳ
1157 3097 1251 3149 καὶ
1282 3097 1558 3161 ἀποδείξει
1601 3101 1746 3152 κατά
1771 3102 1830 3151 σέ
1854 3117 1975 3152 πει-

393 3184 644 3253 θομένοις
693 3185 866 3246 οὕτως
899 3181 959 3238 εὖ
993 3185 1163 3239 ποιῶν
1210 3186 1421 3247 ἐκεῖνος
1464 3185 1740 3239 ἐδίκασεν.
1777 3186 1840 3237 Οί
1873 3187 1973 3256 μὲν
1999 3210 2042 3268 c

393 3276 508 3342 γὰρ
542 3275 635 3343 τῆς
670 3275 1060 3344 οίκουμενικῆς
1110 3273 1316 3344 ταύτης
1363 3276 1585 3327 συνόδου
1618 3276 1883 3344 Πατέρες,
1910 3275 1972 3330 οὐ

391 3366 527 3432 περὶ
573 3365 842 3434 διαφορᾶς
895 3366 1004 3417 τῶν
1054 3365 1296 3435 Χριστοῦ
1334 3365 1554 3434 φύσεων
1600 3365 1693 3419 καὶ
1727 3366 1974 3429 ἐνώσεως

394 3457 770 3525 ὐποστατικῆς
825 3457 1101 3519 συνιόντες
1129 3456 1275 3519 τότε,
1317 3457 1438 3508 οὐδὲ
1484 3458 1595 3527 γὰρ
1625 3459 1718 3510 τὸν
1767 3457 1976 3511 ἀντιλέ-

392 3566 563 3617 γοντα
593 3550 802 3612 τούτοις
853 3549 1107 3618 οὐδαμῶς
1164 3543 1334 3618 εἶχον,
1387 3553 1609 3604 πάντων
1659 3551 1857 3620 ἐπίσης
1907 3550 1976 3603 τά

389 3643 696 3713 Νεστορίου
729 3660 788 3695 τε
852 3644 951 3696 καὶ
1002 3644 1299 3714 Διοσκόρου
1358 3644 1456 3698 καὶ
1513 3644 1790 3716 Εὐτυχοῦς
1835 3645 1976 3715 μετά

310 3721 321 3728 ’
394 3737 600 3805 πολλῆς
647 3737 745 3806 τῆς
793 3737 1166 3808 ’σφοδρότητος
1221 3740 1764 3808 ἀποστρεφομένων,
1839 3738 1974 3795 ἀλλά

394 3830 527 3897 περὶ
559 3829 884 3898 θελημάτων
918 3829 1120 3898 μᾶλλον
1170 3831 1267 3882 καὶ
1299 3829 1596 3899 ἐνεργειῶν
1635 3831 1744 3882 τῶν
1782 3831 1840 3884 ἐν
1893 3831 1974 3901 τῷ

393 3921 622 3992 Χριστῷ
649 3923 742 3974 τοῦ
787 3921 1000 3989 ἀγῶνος
1033 3921 1221 3984 αὐτοῖς
1268 3921 1441 3984 ὄντος,
1489 3922 1698 3982 τούτοις
1731 3922 1826 3974 καὶ
1867 3925 1976 3992 γὰρ

392 4010 538 4084 ἦσαν
569 4016 618 4066 οξ
648 4012 900 4082 σφοδρῶς
926 4011 1320 4083 πολεμοῦντες,
1360 4014 1549 4076 ἁπλῶς
1572 4012 1715 4066 οὔτω
1738 4013 1833 4067 καὶ
1852 4015 1976 4084 δίχα

396 4103 827 4172 συλλογιστικῶν
868 4105 1076 4172 ἐφόδων
1124 4120 1184 4158 τε
1217 4107 1310 4157 καὶ
1363 4107 1722 4160 κατασκευῶν
1756 4106 1850 4160 δύο
1876 4109 1976 4170 τὰς

395 4199 635 4268 φυσικάς
668 4214 727 4249 τε
755 4196 852 4249 καὶ
879 4195 1159 4260 οὐσιῶδεις
1197 4199 1479 4268 ἐνεργείας
1518 4194 1675 4250 εἷπον
1709 4197 1804 4252 τοῦ
1840 4199 1976 4270 Χρι-

396 4287 551 4350 στοῦ,
628 4287 982 4356 καταλλήλως
1041 4288 1316 4356 ἑκατέραν
1370 4287 1431 4352 ἐξ
1487 4289 1758 4360 ἑκατέρας
1809 4290 1974 4345 αὐτοῦ

395 4379 698 4452 προϊοῦσαν
747 4379 934 4441 οὐσίας
992 4381 1084 4431 καὶ
1137 4379 1354 4448 φύσεως
1409 4382 1553 4434 κατά
1589 4381 1687 4450 τὴν
1723 4384 1974 4454 ἐμπεφυ-

397 4475 561 4528 κυῖαν
593 4473 730 4541 αὐτῇ
766 4470 1004 4541 φυσικὴν
1035 4471 1132 4525 καὶ
1164 4471 1396 4543 οὐσιώδη
1435 4474 1697 4545 ποιότητα
1730 4489 1744 4502 ο
1776 4479 1870 4529 καὶ
1893 4477 1974 4530 ὅτι

395 4565 665 4622 ἀδύνατον
705 4565 802 4618 καὶ
830 4564 980 4636 παρὰ
1028 4563 1129 4632 τὴν
1155 4563 1309 4632 τάξιν
1345 4563 1562 4634 φύσεώς
1585 4567 1703 4620 ἐστι
1740 4568 1800 4622 τὸ
1838 4565 1976 4624 εἶναι
2009 4545 2057 4602 D

396 4658 585 4728 φύσιν,
628 4657 722 4710 καὶ
754 4656 1045 4726 ἐνέργειαν
1100 4655 1177 4725 μὴ
1209 4655 1358 4724 ἔχειν
1405 4655 1648 4726 φύσεως,
1681 4660 1820 4730 ὅπερ
1852 4661 1977 4715 οὐτε

395 4749 509 4804 ἀπὸ
535 4749 647 4803 τῶν
686 4749 1004 4821 αίρετικῶν,
1061 4748 1254 4819 φησὶν,
1289 4748 1626 4822 ἐδοκιμάσθη
1660 4753 1792 4804 ποτέ
1826 4752 1979 4821 λέγε-

399 4845 549 4906 σθαι,
583 4842 727 4914 πλὴν
748 4841 857 4894 τῶν
887 4839 1280 4912 Μονοθελητῶν
1311 4842 1669 4908 ἐκείνων,καὶ
1697 4844 1818 4915 μετ’
1836 4845 1980 4900 ἐκεί-

397 4952 525 4996 νους
557 4951 615 4987 τε
649 4937 744 4988 καὶ
791 4933 916 4997 σὺν¹
955 4933 1183 4997 ἐκείνοις
1245 4933 1558 4987 Ἀκινδύνου
1630 4952 1690 4988 τε
1740 4939 1834 4989 καὶ
1884 4936 1978 4990 τοῦ

397 5028 658 5100 Γρηγορᾶ
683 5027 903 5081 τούτου.
935 5027 1073 5080 Κατ’
1097 5027 1227 5082 ἀλλο
1255 5026 1386 5098 γὰρ,
1419 5027 1574 5099 φησὶ,
1612 5029 1709 5082 καὶ
1737 5027 1868 5084 ἄλλο
1888 5028 1980 5102 δη-

397 5121 577 5174 λονότι
605 5121 910 5191 ἐνήργησεν
957 5120 985 5170 ὁ
1031 5118 1269 5188 Χριστός
1297 5133 1312 5148 °
1363 5118 1556 5188 ἐπειδὴ
1607 5118 1815 5192 ἀληθής
1860 5123 1978 5174 ἐστι

396 5215 497 5268 καὶ
517 5215 647 5276 Θεὸς
688 5214 784 5267 καὶ
811 5213 1122 5283 ἄνθρωπος.
1157 5211 1324 5264 Ὅθεν
1355 5209 1450 5265 καὶ
1475 5209 1690 5282 ἀληθῶς
1727 5212 1981 5267 πιστεύε-

391 5325 490 5361 ται
529 5307 668 5360 δτιό
695 5304 857 5368 αὐτὸς
909 5297 1086 5367 οὗτος,
1140 5297 1222 5368 εἷς
1267 5301 1364 5370 ὣν,
1413 5302 1526 5374 ἔχει
1561 5304 1796 5371 φυσικὰς
1829 5306 1983 5377 ἐνερο

394 5400 580 5469 γείας,
613 5397 713 5468 τὴν
741 5395 892 5449 θείαν
919 5394 1166 5465 δηλονότι
1195 5394 1291 5448 καὶ
1322 5394 1429 5464 τὴν,
1471 5392 1852 5464 ἀνθρωπίνην,
1879 5391 1980 5464 τὴν

393 5492 654 5546 ἀκτιστον
680 5487 774 5542 καὶ
803 5486 903 5559 τὴν
937 5485 1188 5556 κτιστὴν,
1230 5483 1307 5549 ῶς
1341 5485 1597 5556 ἀληθινὸς
1643 5487 1738 5539 καὶ
1771 5485 1980 5550 τέλειος

397 5587 551 5648 Θεὸς,
585 5580 838 5651 ἀληθινὶς
873 5580 968 5632 καὶ
992 5577 1200 5642 τέλειος
1258 5578 1574 5651 ἄνθρωπος.
1627 5577 1700 5630 Σὺ
1743 5577 1800 5630 δὲ
1839 5577 1976 5629 πᾶσι

396 5677 609 5738 τούτοις
645 5670 899 5742 φανερῶς
940 5670 1245 5738 ἀντιλέγων
1273 5669 1436 5740 ὁμοῦ,
1468 5670 1560 5723 καὶ
1598 5668 1736 5738 μετὰ
1777 5667 1980 5737 πολλῆς

398 5771 500 5837 τῆς
555 5763 946 5835 ἀναισχυντίας
984 5763 1366 5834 ἀντικείμενος
1400 5803 1414 5827 ,
1459 5761 1600 5832 πρὸς
1635 5761 1746 5823 τοῖς
1799 5760 1979 5822 ἄλλοις

398 5860 624 5922 ἀτόποις
675 5856 899 5910 κάκεῖνο
948 5856 1045 5910 σὺν
1093 5856 1206 5918 τοῖς
1267 5854 1672 5918 Μονοθελήταις
1741 5850 1974 5920 ἐκείνοις

2091 624 2190 676 νης
2225 611 2319 660 καὶ
2353 607 2503 670 θείας
2541 609 2760 677 φύσεως
2790 611 2849 661 οὐ
2895 608 3124 661 δύναται
3169 606 3365 679 διπλόη
3395 627 3480 671 τις
3529 625 3670 678 γνω-

2087 699 2283 769 σθῆναι
2324 701 2418 753 καὶ
2444 702 2699 771 διαφορά.
2734 700 2860 762 Πῶς
2903 699 3038 770 γὰρ,
3092 699 3222 770 φῂς,
3279 700 3342 752 τὸ
3391 702 3569 770 πάντη
3600 692 3672 754 ’ἐν

2085 793 2350 864 διαφορὰν
2381 793 2493 857 ἐξει
2533 793 2670 864 πρὸς
2701 793 2864 846 ἑαυτὸ
2888 794 2981 846 καὶ
3013 793 3391 865 ἐναντιότητα,
3423 793 3524 862 τὴν
3545 794 3677 848 κατ’

2085 887 2333 941 ἐπίνοιαν
2358 887 2510 958 παρὰ
2539 886 2648 940 τῶν
2677 886 2948 954 θεολόγων
2979 887 3238 956 ῥηθεῖσαν
3271 887 3544 956 διάκρισιν
3572 888 3669 939 καὶ

2083 978 2352 1052 διαφοράν
2379 981 2479 1052 τῆς
2512 981 2666 1045 θείας
2699 980 2966 1047 ἐνώσεως,
3001 982 3120 1048 ἦτοι
3152 981 3249 1052 τῆς
3292 981 3444 1045 θείας
3477 981 3670 1043 οὐσίας

2086 1071 2222 1140 πρὸς
2252 1072 2353 1140 τὴν
2383 1071 2540 1126 θείαν
2589 1072 2774 1142 φύσιν,
2827 1073 3022 1126 στάσιν
3053 1073 3178 1125 τινὰ
3217 1073 3310 1126 καὶ
3347 1075 3530 1143 μάχην
3571 1075 3670 1126 καὶ

2083 1162 2440 1232 ἐναντιότητα
2462 1163 2561 1218 τοῦ
2602 1165 2724 1229 ἐνὸς
2771 1164 3016 1230 δοξάζων
3067 1166 3254 1228 κακῶς
3291 1166 3430 1236 πρὸς
3467 1167 3665 1233 ἐαυτό;
3761 1163 3764 1166 ’

2083 1252 2222 1324 ὅπερ
2261 1255 2381 1309 τότε
2412 1256 2514 1326 μὲν
2539 1257 2588 1309 οί
2627 1256 3024 1326 Μονοθελῆται,
3071 1257 3330 1326 περὶτῶν
3365 1257 3458 1311 δύο
3504 1259 3665 1326 θελη-

2086 1350 2277 1418 μάτων
2310 1365 2372 1401 τε
2404 1350 2498 1403 καὶ
2534 1349 2830 1418 ἐνεργειῶν
2863 1348 2957 1402 τοῦ
2987 1349 3250 1418 Χριστοῦ,
3290 1349 3366 1412 ὡς
3409 1351 3666 1421 ἀλλήλοις

2082 1439 2632 1508 ἀντικαθισταμένων
2679 1440 2842 1506 δῆθεν
2893 1442 2990 1492 καὶ
3035 1441 3528 1508 ἀντιπαλαιόντων,
3565 1462 3667 1498 xa-

2081 1530 2193 1594 κῶς
2227 1530 2554 1600 φρονοῦντες
2599 1529 3000 1601 ἐξηλεγχθεσάν
3023 1549 3083 1584 τε
3121 1534 3216 1588 καὶ
3247 1534 3664 1604 ἀπεδλήθησαν·

2079 1621 2108 1674 ό
2135 1621 2192 1674 δέ
2229 1621 2523 1693 Γρηγορᾶς
2563 1623 2681 1690 νῦν,
2739 1625 2923 1694 πολλῷ
2977 1627 3162 1694 χεῖρον
3195 1625 3288 1678 καὶ
3318 1627 3667 1694 ἀτοπώτερον

2081 1709 2174 1761 ἐπὶ
2209 1710 2309 1780 τῆς
2350 1710 2504 1776 θείας
2553 1713 2773 1781 φύσεως
2823 1715 2917 1768 καὶ
2950 1715 3051 1784 τῆς
3099 1716 3249 1779 θείας
3301 1717 3475 1784 αὐτῆς
3511 1721 3666 1788 ἐνερ-

2087 1802 2246 1868 γείας
2279 1803 2548 1873 ὑπενόησε
2605 1805 2698 1858 καὶ
2730 1805 2992 1870 ἐδίδαξεν.
3058 1801 3192 1861 Εῐτα
3222 1809 3316 1860 καὶ
3354 1810 3471 1878 μετ’
3503 1810 3666 1863 Εὐνο-

2084 1893 2210 1962 μίου
2239 1893 2334 1948 τοῦ
2381 1895 2552 1950 πὰλαι
2602 1897 2913 1967 νομοθετῶν
2960 1900 3161 1953 ὡσανεὶ
3207 1901 3302 1954 καὶ
3347 1901 3532 1964 αὐτὸς,
3568 1904 3666 1958 καὶ

2080 1985 2307 2042 διαιτῶν
2372 1991 2441 2060 τῇ
2497 1989 2737 2059 θεότητι,
2796 1991 3053 2061 καθάπερ
3108 1993 3315 2054 ἐκεῖνος
3371 1996 3501 2062 περὶ
3567 1995 3662 2046 τοῦ

2081 2078 2432 2148 Μονογενοῦς
2465 2081 2677 2151 ἔλεγεν,
2723 2082 2807 2136 ὅτι
2844 2083 2919 2152 μὴ
2958 2083 3088 2135 ὄντα
3120 2083 3301 2152 φαμὲν
3334 2086 3663 2156 γεγενῆσθαι

2080 2171 2175 2224 τὸν
2206 2172 2357 2238 Υίδν,
2387 2175 2453 2244 τῇ
2509 2173 2564 2227 δέ
2598 2173 2692 2226 τοῦ
2725 2175 3053 2244 ποιήσαντος
3098 2174 3296 2246 γνώμῃ
3323 2176 3423 2243 τὴν
3475 2177 3666 2245 διαφο-

2081 2261 2184 2334 ράν
2209 2265 2322 2327 τοῖς
2355 2265 2526 2318 πᾶσιν
2556 2263 2894 2334 ὁριζόμενοι,
2930 2265 3206 2336 τοσαύτην
3235 2266 3384 2336 αὐτῷ
3417 2266 3662 2335 νέμομεν

2077 2354 2180 2425 τὴν
2232 2355 2534 2426 ὑπεροχὴν,
2587 2357 2721 2426 ὅσην
2778 2356 2925 2426 ἐχειν
2987 2358 3286 2425 ἀναγκαῖον
3345 2359 3456 2411 τῶν
3515 2360 3664 2414 ἰδίων

2080 2448 2405 2517 ποιημάτων
2462 2449 2556 2500 τὸν
2621 2449 2878 2518 ποιητὴν,
2930 2447 3073 2500 οὕτω
3111 2449 3206 2500 καὶ
3246 2449 3534 2520 Γρηγορᾶς
3573 2452 3662 2504 ἐν·

2077 2539 2256 2593 ταῦθά
2293 2557 2450 2610 φησι,
2479 2540 2851 2610 Καταλλήλ-ως
2895 2540 2989 2593 οὖν
3023 2542 3405 2611 ἐφαρμόζομεν
3441 2546 3505 2612 τῇ
3561 2544 3661 2614 μὲν

2078 2633 2226 2704 ἁπλῇ
2261 2633 2448 2703 ἐκείνῃ
2487 2634 2583 2684 καὶ
2642 2634 2765 2702 θεία
2801 2631 2963 2700 φύσει
3019 2634 3077 2684 τὸ
3114 2634 3373 2687 ἅκτιστον
3404 2631 3545 2688 εἶναί
3598 2653 3662 2688 τε

2078 2727 2174 2781 καὶ
2225 2725 2466 2778 νοεῖσθαι
2527 2726 2620 2779 καὶ
2665 2725 2922 2793 λέγεσθαι
2962 2726 3272 2796 ἐνέργειαν,
3333 2729 3399 2796 τῇ
3444 2727 3503 2780 δέ
3539 2745 3665 2781 συν-

2078 2819 2221 2890 θέτῳ
2255 2823 2351 2876 καὶ
2381 2820 2701 2890 ἀνθρωπίνῃ
2755 2820 2920 2888 φύσει
2953 2819 3015 2872 τὸ
3079 2820 3308 2889 κτιστὴν
3342 2823 3438 2874 καὶ
3462 2823 3664 2891 όρατὴν
3707 2851 3710 2856 -

2075 2911 2222 2980 ἔχειν
2274 2903 2586 2982 ἐνέργειαν,
2615 2911 2690 2974 ὡς
2726 2912 2869 2964 εἶναι
2923 2912 3050 2973 τοὺς
3094 2914 3193 2981 μὲν
3227 2913 3396 2966 πάλαι
3427 2915 3666 2967 Μονοθε-

2075 2997 2269 3070 λήτας,
2302 3003 2401 3071 τὴν
2444 3001 2801 3072 ἀνθρωπείαν
2829 3002 2941 3070 ζτοῦ
2993 3003 3234 3076 Χριστοῦ
3273 3007 3436 3073 φύσιν
3468 3007 3666 3076 ἀρνου-

2079 3091 2295 3159 μένους,
2329 3095 2568 3165 φυσικὴν
2597 3095 2780 3162 λέγειν
2822 3095 2967 3166 ἐχειν
3001 3096 3304 3167 ἐνέργειαν,
3346 3097 3666 3151 Ἀκίνδυνον

2076 3183 2132 3237 δέ
2155 3185 2251 3238 καὶ
2289 3187 2579 3258 Γρηγορᾶν
2613 3189 2828 3241 τουτονὶ
2855 3188 2955 3257 τὴν
2998 3187 3150 3242 θείαν
3182 3190 3448 3260 μηδαμῶς
3482 3190 3665 3261 Λέγειν

2084 3278 2248 3346 φύσιν
2283 3279 2519 3348 φυσικὴν
2545 3280 2690 3348 ἔχειν
2722 3281 3022 3350 ἐν’ργειαν,
3063 3279 3178 3332 ἀλλ’
3209 3280 3380 3350 αὐτὴν
3442 3283 3662 3350 ἐκείνην

2081 3368 2282 3438 μᾶλλον
2316 3373 2602 3438 ἐνέργειαν
2632 3369 2942 3437 πεφυκέναι
2994 3368 3097 3438 τὴν
3132 3367 3318 3438 φύσιν,
3363 3369 3391 3421 δ
3416 3369 3480 3438 δὴ
3511 3369 3604 3421 καὶ
3635 3373 3664 3422 ὁ

2077 3458 2174 3527 τῆς
2204 3459 2325 3510 καθ’
2358 3459 2507 3528 ἡμᾶς
2539 3458 2761 3510 συνόδου
2792 3458 2962 3528 τόμος
2997 3459 3100 3528 ἠδη
3137 3457 3269 3529 περὶ
3298 3458 3480 3511 αὐτῶν
3511 3459 3665 3528 εἴρη-

2078 3566 2193 3614 κεν,
2217 3550 2277 3602 οὐ
2313 3549 2632 3620 θεολογικήν
2667 3569 2786 3605 τινα
2827 3550 3141 3621 μαρτυρίαν
3173 3550 3661 3621 προϐαλλομένων,

2077 3640 2138 3692 οὐ
2181 3640 2280 3710 τὴν
2311 3639 2704 3710 οἶκουμενικὴν
2735 3640 2963 3708 ταυτηνὶ
2999 3639 3422 3710 προϊσταμένων
3459 3639 3552 3692 τοῦ
3577 3639 3665 3691 λό-

2077 3748 2176 3801 γου
2215 3728 2459 3792 σύνοδον,
2488 3730 2615 3790 τούς
2645 3729 2898 3799 τεχνίτας
2928 3728 3197 3798 φημὶνκαὶ
3227 3730 3536 3798 ἀγωνιστὰς
3565 3732 3662 3786 καὶ
3761 3741 3769 3750 ·

2076 3819 2367 3891 λαμπροὺς
2402 3817 2497 3872 τοῦ
2531 3819 2805 3887 δόγματος
2837 3817 3114 3888 κήρυκας,
3140 3817 3283 3870 ἀλλὰ
3332 3817 3402 3871 τά
3436 3819 3534 3887 τῆς
3566 3837 3664 3872 πε-

2078 3911 2438 3982 πλανημένης
2507 3910 2690 3964 αὐτῶν
2746 3909 2904 3979 δόξης
2968 3911 3064 3962 καὶ
3113 3909 3413 3977 φαντασίας
3469 3910 3661 3980 ὥσπερ

2077 4005 2372 4076 ἀξιώματά
2420 4021 2542 4057 τινα
2579 4003 2707 4073 τῆς,
2732 4002 2979 4073 μεγάλης
3032 4003 3192 4072 ἡμῶν
3245 4003 3661 4074 προσαλλόντων

2078 4102 2341 4162 πίστεως.
2382 4097 2754 4168 Καταλλήλως
2809 4095 2906 4150 καὶ
2953 4095 3085 4164 γὰρ,
3119 4097 3308 4166 φησὶν,
3345 4097 3660 4166 ἐφαρμόζο-

2081 4211 2182 4266 μεν
2203 4194 2268 4264 τῇ
2306 4189 2450 4262 ἁπλῇ
2483 4189 2668 4260 ἐκείνῃ
2700 4187 2796 4241 καὶ
2831 4186 2954 4258 θείᾳ
3001 4186 3165 4254 φύσει
3193 4187 3255 4240 τὸ
3299 4187 3556 4241 ἀκτιστον
3578 4182 3660 4239 εἷ-

2078 4285 2166 4340 ναί
2199 4302 2258 4336 τε
2293 4283 2388 4337 καί
2419 4281 2662 4336 νοεῖσθαι
2689 4279 2786 4335 καὶ
2813 4277 3074 4348 λέγεσθαι
3125 4279 3438 4350 ἐνέργειαν,
3467 4279 3660 4349 ὥσπερ

2079 4374 2444 4442 αὐτοκράτωρ
2467 4388 2553 4435 τις
2582 4372 2680 4425 καὶ
2709 4369 2976 4439 τύραννος
3005 4368 3517 4440 αὐτοχειροτόνητος
3546 4370 3658 4421 τῶν

2080 4485 2141 4522 το
2147 4485 2337 4521 ιουτων
2344 4504 2356 4516 .

2153 4646 2256 4702 Καὶ
2282 4647 2383 4717 ὅρα
2409 4646 2504 4698 καὶ⁸
2531 4646 2635 4712 τὴν
2665 4642 2760 4712 τῆς
2805 4640 3166 4711 ἀναισθησίας
3197 4639 3325 4710 ἑξῆς
3355 4641 3451 4695 καὶ
3475 4625 3663 4706 ἀνοίας

2081 4738 2466 4809 κατασκευὴν,
2498 4731 2661 4810 καὶῇ
2711 4733 3115 4802 συγκεφαλαιοῖ
3175 4733 3268 4786 τὸν
3313 4736 3416 4804 τῆς
3469 4734 3665 4788 δυσσε-

2081 4833 2236 4896 ϐείας
2281 4831 2439 4898 λόγον
2489 4810 2704 4891 κακῶς.
2735 4827 2904 4880 Ὅθεν
2956 4824 3054 4878 καὶ
3113 4823 3461 4895 ἀδιαιρέτως,
3505 4826 3662 4895 φησὶ,

2081 4921 2381 4993 προϊοῦσαν
2437 4920 2598 4990 ἴσμεν
2643 4919 2700 4983 ἐξ
2751 4915 3024 4996 ἑκατέρας
3053 4913 3243 4976 οὐσίας
3294 4915 3390 4966 καὶ
3443 4913 3665 4982 φύσεως

2080 5012 2362 5080 ἀναλόγως
2393 5011 2590 5080 αὐτὴν,
2624 5010 2704 5071 είς
2733 5008 2804 5059 τὰ
2851 5006 3159 5076 φαινόμενα
3186 5003 3444 5073 θαύματα
3472 5021 3663 5056 ποιου-

2083 5107 2256 5177 μένην
2283 5106 2383 5178 τὴν
2419 5104 2648 5174 πρόοδον
2674 5101 2769 5154 καὶ
2799 5098 3131 5169 φανέρωσιν.
3161 5097 3271 5179 καὶ
3302 5097 3350 5148 εί
3378 5096 3474 5166 μία
3507 5098 3598 5149 καὶ
3629 5098 3662 5165 ὴ

2082 5201 2222 5272 αὐτή
2256 5202 2405 5252 ἐστιν
2447 5198 2480 5267 ἡ
2513 5195 2634 5248 θεία
2665 5194 2823 5256 οὐσία
2865 5191 2963 5244 καὶ
2990 5191 3022 5260 ἡ
3054 5189 3177 5243 θεία
3204 5187 3477 5258 ἐνέργεια,
3511 5189 3665 5256 φιλό-

2085 5310 2240 5364 σοφε,
2270 5295 2364 5345 καὶ
2386 5289 2445 5344 ἐν
2467 5291 2648 5356 πάντη
2680 5286 2777 5339 καὶ
2804 5284 3117 5353 ἀδιάφορον,
3145 5283 3237 5334 καὶ
3258 5279 3510 5349 οὐδαμῶς
3535 5281 3659 5333 οὐδὲ

2083 5385 2209 5438 κατ’
2242 5382 2438 5436 οὐδένα
2478 5378 2599 5432 τινά
2638 5378 2796 5446 λόγον
2827 5374 2976 5429 ἐστὶν
3021 5370 3154 5427 ἀλλο
3196 5369 3356 5424 οὐσία
3397 5370 3490 5421 καὶ
3533 5371 3661 5423 mo

2081 5477 2358 5548 ἐνέργεια,
2389 5473 2463 5535 ὡς
2496 5469 2660 5533 αὐτὸς
2690 5469 2791 5540 ἤδη
2819 5468 2906 5520 διὰ
2940 5463 3153 5516 πολλῶν
3177 5462 3315 5515 πᾶσι
3343 5463 3456 5519 τοῖς
3483 5461 3660 5528 ἁγίοις

2082 5572 2176 5624 καὶ
2210 5568 2280 5640 δὴ
2311 5567 2405 5620 καὶ
2440 5567 2509 5635 τῇ
2547 5563 2756 5633 συνόδῳ
2804 5560 2982 5629 ταύτῃ
3011 5558 3079 5628 τῇ
3106 5555 3230 5626 ίερᾷ
3277 5553 3465 5614 κακῶς
3512 5557 3660 5606 αντι-

2081 5662 2492 5728 καθιστάμενος
2528 5652 2970 5715 κατεσκεύασας,
3006 5653 3070 5702 ἐκ
3100 5648 3265 5710 ποίας
3296 5645 3484 5710 οὐσίας
3506 5640 3664 5708 αὖθις

2082 5754 2178 5809 καὶ
2214 5753 2432 5824 φύσεως
2463 5751 2496 5819 ἠ
2532 5747 2696 5800 οὐσία
2725 5744 2816 5798 τοῦ
2857 5741 2997 5795 Θεοῦ
3025 5740 3273 5811 πρόεισις
3308 5738 3401 5807 Μὴ
3442 5736 3536 5789 καὶ
3565 5737 3663 5789 οὐ-

2085 5847 2209 5910 σίας
2255 5843 2416 5906 αὐτὸς
2471 5839 2673 5901 πολλάς
2719 5851 2872 5900 τινας
2919 5836 3013 5888 καὶ
3064 5833 3323 5902 διαφόρου
3372 5832 3514 5899 ἐχεις
3563 5828 3662 5881 τοῦ
