4054 6464
371 407 478 470 973

1077 409 1381 469 CONTRA
1421 407 1848 468 GREGORAM
1889 405 2646 487 ANTIRRI’IETICORUM
2677 404 2835 464 VIN.

3497 399 3606 464 97$

372 521 622 575 σύνθεσιν
645 520 751 573 τῶν
771 521 847 590 μὴ
876 520 996 573 καθ’
1027 520 1192 574 ἐαυτά
1223 519 1544 589 ὑφεστώτων
1568 519 1818 589 φυσικῶν
1843 519 1936 572 τοῦ
1972 523 2010 575 A
2042 521 2165 569 κίαν
2196 519 2289 571 καὶ
2316 517 2513 586 ἀρετὴν
2543 517 2770 569 ἀπασῶν
2799 515 3102 584 ποιοτήτων
3131 514 3498 586 ὑποκειμένης
3522 521 3614 572 οὐ-

370 612 751 680 Χριστοῦ,ἀλλ’
774 613 848 675 ὡς
877 616 934 666 ἐν
963 614 1310 683 ὑποκειμένῳ
1327 616 1447 676 ταῖς
1481 612 1708 681 φύσεσιν
1727 612 1936 665 ἐκείνου

369 704 760 774 θεωρουμένων
793 703 893 755 οὐκ
926 703 1004 756 ἔνι
1062 707 1191 756 ποτὲ
1217 702 1343 756 οὗτε
1371 703 1510 774 προς
1551 701 1759 771 ἄλληλα
1789 702 1942 770 γενέ-

374 794 519 860 σθαι,
577 793 701 847 οὔτε
737 795 875 864 πρδς
902 795 965 847 τὸ
997 796 1180 859 αὐτοῖς
1209 796 1592 866 ὑποκείμενον,
1625 797 1724 858 τὰς
1749 794 1942 864 φύσεις

371 883 595 952 δηλαδή.
635 885 702 940 Δί
729 886 834 954 γὰρ
862 885 1161 951 συνθέσεις,
1195 887 1348 954 φησὶ,
1397 885 1507 938 τῶν
1536 888 1594 938 ἐν
1645 887 1942 940 ὑποστάσει

371 978 544 1031 ὄντων
577 977 704 1048 ίδίᾳ,
725 978 969 1048 δηλονότι
1001 977 1110 1030 τῶν
1137 977 1352 1047 φύσεών
1371 981 1530 1042 εἰσιν,
1555 975 1698 1031 οὕτω
1717 979 1809 1030 καὶ
1836 977 1943 1046 γὰρ

372 1069 429 1121 αί
478 1067 570 1121 τοῦ
621 1069 858 1136 Χριστοῦ
914 1069 1010 1123 δύο
1049 1070 1239 1138 φύσεις
1288 1069 1548 1139 ἀλλήλαιν
1591 1066 1942 1120 συνελθοῦσαι

375 1161 504 1228 μίαν
537 1158 702 1212 αὐτοῦ
753 1177 849 1228 την
905 1162 1160 1214 σύνθετον
1214 1161 1515 1213 ὑπόστασιν
1581 1156 1941 1220 ἀπετέλεσαν,

371 1251 486 1306 ἀλλ’
514 1251 574 1303 οὐ
600 1252 708 1304 τῶν
733 1255 790 1304 ἐν
814 1251 958 1322 ἄλλῳ
982 1252 1403 1322 θεωρουμένων,
1435 1254 1529 1305 καὶ
1576 1252 1650 1320 μὴ
1695 1247 1945 1318 ὑφεστώ-

370 1360 477 1398 των
505 1342 626 1397 καθ’
651 1345 841 1409 ἑαυτὰ,
867 1345 1108 1414 δηλονότι
1131 1344 1243 1397 τῶν
1273 1341 1542 1411 φυσικῶν.

446 1485 508 1536 Εί
537 1481 594 1535 δὲ
631 1481 741 1534 τῶν
777 1480 1102 1548 θελημάτων
1142 1477 1394 1532 σύνθεσιν
1445 1478 1654 1544 λέγετε,
1707 1476 1873 1546 φησιν
1917 1477 1945 1527 6

373 1577 533 1644 σοφδς
564 1573 812 1643 Μάξιμος
842 1567 1021 1634 αὖθις,
1059 1571 1154 1624 καὶ
1181 1571 1289 1622 τῶν
1329 1570 1505 1624 ἄλλων
1541 1568 1787 1636 φυσικῶν
1819 1565 1945 1616 σύν-

373 1671 523 1722 θεσιν
576 1667 754 1732 λέγειν
813 1662 1264 1734 ἐκδιασθήσεσθε,
1342 1663 1501 1730 εἰπερ
1547 1660 1947 1727 εύσυνάρτητον

372 1763 462 1816 τὸν
485 1759 577 1812 τοῦ
606 1759 806 1810 οἰκείου
822 1757 1091 1824 δόγματος
1117 1755 1289 1822 δεῖξαι
1313 1753 1472 1824 λόγον
1496 1751 1946 1824 βούλεσθε,τοντ-

374 1853 488 1905 ἐστι
523 1849 616 1902 τοῦ
643 1846 863 1902 κτιστοῦ
895 1848 988 1900 καὶ
1023 1845 1117 1899 τοῦ
1148 1846 1432 1907 ἀκτίστου,
1467 1843 1560 1896 τοῦ
1590 1842 1818 1910 ἀπείρου
1853 1839 1947 1892 καὶ
1977 1865 2020 1923 Β

372 1944 465 1997 τοῦ
498 1941 1052 2012 πεπερασμένου,τοῦ
1083 1941 1335 2010 ἀορίστου
1365 1939 1460 1990 καὶ
1489 1937 1581 1988 τοῦ
1610 1935 1942 2004 ὡρισμένου,

373 2036 464 2087 τοῦ
499 2034 692 2104 θνητοῦ
721 2036 816 2086 καὶ
852 2033 946 2085 τοῦ
981 2032 1276 2095 ἀθανάτου,
1318 2030 1412 2083 τοῦ
1444 2026 1685 2098 φθαρτοῦ
1735 2025 1824 2077 καὶ
1853 2022 1947 2074 τοῦ

375 2126 676 2194 ἀφθάρτου,
702 2125 797 2176 καὶ
823 2125 900 2187 εἰς
931 2123 1167 2184 ἀτόπους
1186 2119 1600 2192 ἐξενεχθήσεσθε
1623 2113 1944 2183 ὑπολήψεις.

377 2220 443 2270 Ὃ
500 2218 564 2287 δὴ
618 2218 712 2269 καὶ
747 2216 1092 2284 ὁφιλόσοφος
1145 2215 1328 2267 ούτοσὶ
1370 2209 1665 2279 προφανῶς
1720 2210 1785 2260 ἐκ
1839 2205 1946 2258 τῶν

372 2311 629 2362 τοιούτων
645 2308 930 2371 πεπονθὼς
956 2302 1158 2361 ὦπται.
1186 2307 1258 2359 Οὐ
1292 2305 1452 2374 μόνον
1486 2304 1578 2355 καὶ
1611 2303 1717 2371 γὰρ
1747 2300 1815 2354 τά
1838 2300 1948 2352 Μο-

373 2399 676 2468 νοθελητῶν
707 2398 957 2462 ἐκείνων,
991 2398 1128 2450 ἀλλὰ
1181 2398 1276 2449 καὶ
1322 2397 1390 2447 τὰ
1425 2396 1595 2463 χείρω
1629 2391 1809 2460 πολλῷ
1854 2390 1949 2442 καὶ

374 2493 696 2562 ἀτοπώτερα
750 2489 1064 2560 πρεσϐεύων
1115 2487 1298 2547 κακῶς
1332 2487 1632 2547 δείκνυται,
1692 2483 1802 2551 ὅσῳ
1850 2479 1949 2546 τὴν

378 2583 474 2653 μὲν
505 2583 1016 2652 ἐνέργειανέκεῖνοι
1068 2581 1162 2634 καὶ
1191 2580 1292 2646 τὴν
1328 2578 1550 2646 θέλησιν
1587 2574 1682 2628 τοῦ
1707 2570 1948 2642 Χριστοῦ

373 2678 473 2747 τὴν
503 2676 849 2745 ἀνθρωπίνην
876 2672 1160 2744 ἠρνοῦντο,
1202 2666 1357 2732 οὗτος
1387 2669 1433 2721 δ’
1456 2669 1516 2722 ού
1543 2669 1639 2738 τὴν
1674 2664 1950 2736 ἀνθρωπί-

372 2786 496 2836 νην.
529 2766 665 2819 άλλά
691 2765 789 2836 τὴν
817 2765 986 2829 θείαν,
1020 2763 1086 2833 ἢν
1123 2763 1261 2830 μετά
1312 2761 1523 2829 Πατρός
1557 2760 1669 2828 ἔχει
1705 2757 1949 2826 δηλονότι

372 2861 468 2911 καὶ
505 2857 842 2926 [Ινεύματος.

448 2995 556 3047 Καὶ
581 2995 608 3046 ὁ
645 2993 744 3062 μέν
779 2991 993 3062 Πύρρος
1023 2991 1230 3053 οὐτοσὶ,
1266 2988 1511 3049 πεισθεὶς
1540 2986 1644 3040 ὑπὸ
1670 2984 1761 3042 τοῦ
1799 2983 1947 3036 θείου

371 3087 650 3156 Μαξίμου.
687 3088 783 3140 κα)⁵
834 3086 1004 3153 ἄμφω
1050 3084 1150 3148 τὰς
1182 3082 1429 3152 θελήσεις
1481 3079 1800 3150 ὡμολόγησε
1855 3076 1950 3129 τοῦ

2048 611 2166 672 σίας
2202 609 2391 680 χωρίς.

2126 700 2428 754 Ἠκούσατε
2479 699 2574 753 τοῦ
2638 701 2932 770 φιλοσόφου
2990 701 3086 754 καὶ
3143 701 3488 757 διαλεκτικοῦ
3515 703 3615 768 τάς

2045 795 2335 862 ἐξηγήσεις
2361 794 2457 847 καὶ
2489 791 2774 856 διαλέξεις,
2807 797 2901 846 καὶ
2940 793 3090 857 ὅπως
3133 795 3229 848 καὶ
3283 796 3456 860 αύτάς
3513 798 3618 860 τάς

2046 885 2334 947 ὑποθέσεις
2379 885 2678 954 ἀνατρέπει
2705 886 2815 936 τῶν
2856 886 3257 941 διδασκαλικῶν
3287 887 3481 956 λόγων,
3519 893 3615 944 καὶ

2045 980 2136 1031 τὸν
2168 979 2368 1031 σκοπὸν
2400 977 2510 1030 τῶν
2563 976 2930 1046 πραγμάτων,
2985 977 3076 1030 καὶ
3127 981 3299 1031 ταῦτα
3363 979 3618 1050 φανερῶς

2045 1073 2188 1125 οὕτω
2217 1072 2554 1142 προκείμενα
2580 1070 2676 1124 καὶ
2721 1069 2946 1137 βοῶντα,
2975 1071 3047 1131 ὡς
3085 1070 3221 1139 μηδὲ
3251 1070 3378 1132 τοὺς
3411 1072 3617 1141 σφόδρα.

2047 1162 2240 1224 παῖδας
2290 1160 2382 1214 καὶ
2412 1159 2643 1228 ἀμαθεῖς
2672 1158 2894 1211 ἐκείνων
2935 1159 3244 1226 ἀκηκοότας
3291 1159 3357 1211 ἂν
3408 1159 3616 1212 ἐνδοιά-

2047 1255 2162 1317 ζειν
2198 1253 2290 1304 καὶ
2315 1251 2566 1304 ὁπωσοῦν
2612 1250 2792 1320 ἔχεως
2838 1249 2980 1316 Ἐγὼ
3020 1249 3078 1302 δὲ
3109 1252 3204 1302 καὶ
3237 1249 3510 1319 Ἕλληνας
3537 1247 3616 1304 οἷ-

2051 1360 2149 1411 μαι
2190 1345 2314 1405 τοὺς
2344 1340 2509 1394 αὐτοῦ
2548 1341 2968 1410 μυσταγωγοὺς,
2993 1340 3125 1407 εἴγε
3167 1342 3233 1409 τῇ
3263 1342 3474 1412 ἀγωνίᾳ
3494 1343 3624 1395 106-

2049 1453 2155 1489 των
2187 1436 2294 1488 τῶν
2323 1434 2498 1501 λόγων
2527 1435 2618 1485 καὶ
2650 1436 2715 1502 τῇ
2743 1435 3002 1503 ἀκροάσει
3038 1437 3131 1486 καὶ
3162 1433 3317 1486 αὐτοὶ
3349 1433 3620 1502 παρόντες

2050 1527 2367 1595 ἐτύγχανον,
2399 1525 2711 1594 βαρυτάτας
2739 1523 2804 1577 ἂν
2825 1525 3129 1591 ἐξενεγκεῖν
3157 1524 3253 1586 τὰς
3295 1525 3417 1577 κατ’
3453 1524 3620 1576 αὐτοῦ

2048 1620 2285 1688 ψήφους,
2319 1620 2393 1681 ὡς
2431 1619 2594 1688 μηδὲν
2629 1611 2792 1688 ἦττον
2827 1619 2921 1670 καὶ
2951 1618 3031 1680 είς
3076 1620 3246 1687 αὐτὴν
3301 1619 3621 1686 ὑϐρίζοντος

2052 1712 2144 1763 καὶ
2175 1711 2618 1779 παρανομοῦντος
2647 1709 2744 1779 τὴν
2795 1710 2960 1777 φύσιν
2989 1709 3095 1761 τῶν
3135 1709 3332 1777 λόγων.
3373 1709 3619 1778 Ἀριστο-

2052 1805 2209 1872 τέλης
2248 1803 2304 1855 δὲ
2343 1804 2437 1855 καὶ
2483 1802 2706 1871 πληγῶν
2732 1799 2887 1855 εἶπεν
2941 1801 3005 1854 ἂν
3038 1802 3186 1867 ἀξιον
3237 1798 3374 1854 εἶναι
3405 1800 3614 1864 τοῦτον,

2051 1896 2192 1951 καθά
2223 1896 2284 1964 δὴ
2333 1898 2425 1948 καὶ
2456 1895 2729 1965 προῦφην.
2772 1895 3016 1964 ἀνάγκην
3067 1894 3224 1964 λόγου
3285 1893 3411 1962 μήτ’
3455 1893 3618 1946 αὐτὸν

2049 1989 2430 2056 ἐπιστάμενον,
2467 1988 2600 2055 μήτε
2634 1989 2745 2047 τοῖς
2790 1986 2953 2038 εἰδόσι
2989 2003 3048 2037 τε
3079 1988 3173 2038 καὶ
3203 1985 3454 2051 λέγουσιν
3486 1983 3618 2035 ἒπε-

2052 2082 2172 2132 σθαι
2207 2081 2532 2150 τοπαράπαν
2562 2079 2758 2131 εἰδότα.
2795 2076 2934 2130 Ἀλλ’
2959 2080 3142 2130 ἐκεῖνα
3177 2078 3276 2146 μὲν
3304 2074 3618 2142 ἀρκούντως

2049 2172 2321 2240 εἰρήσθω·
2362 2173 2487 2224 ἐπεὶ
2524 2169 2649 2240 μηδ’
2703 2169 3125 2238 ἐπεξεργασίας,
3178 2168 3313 2236 μηδέ
3350 2166 3624 2236 μακροτέ-

2051 2279 2159 2330 ρων
2197 2262 2424 2323 ἐκείνοις
2477 2263 2582 2314 τῶν
2640 2262 2770 2331 παρ’
2822 2261 2980 2330 ἡμῶν
3022 2279 3083 2329 γε
3119 2261 3200 2314 δεῖ
3253 2259 3448 2328 λόγων,
3475 2256 3622 2312 οὕτω

2050 2356 2260 2421 γυμνῆς
2287 2353 2654 2424 προκειμένης
2684 2356 2820 2406 πᾶσι
2869 2354 2970 2422 τῆς
3012 2353 3292 2422 ἀληθείας,
3358 2353 3453 2405 καὶ
3487 2352 3620 2418 παρ’

2051 2447 2251 2514 ἐαντῆς
2277 2440 2679 2517 ’ἀναντίρρητον
2727 2444 2958 2514 ἐχούσης
3007 2446 3066 2496 τὸ
3110 2445 3352 2512 ίσχυρὸν,
3388 2443 3462 2503 ὡς
3495 2442 3619 2512 μηδ’

2050 2536 2114 2589 ἂν
2136 2537 2232 2587 ἕνα
2256 2535 2458 2604 μηδένα
2487 2537 2594 2588 τῶν
2624 2537 2841 2590 πάντων
2867 2536 3008 2606 πλήν
3038 2552 3101 2604 γε
3125 2535 3189 2605 δὴ
3218 2535 3474 2602 Γρηγορᾶ
3499 2551 3623 2586 του-

2051 2623 2168 2676 τουῒ
2204 2625 2364 2692 μόνου
2400 2625 2725 2694 τοπαράπαν
2749 2624 2953 2694 ἐρίζειν
2981 2625 3146 2694 ἔχειν,
3202 2623 3391 2691 ὥσπερ
3417 2623 3480 2693 δὴ
3525 2626 3618 2675 καὶ

2051 2721 2118 2770 τὰ
2146 2718 2337 2770 τούτου
2367 2718 2617 2786 φανερῶς
2661 2718 3080 2788 ἐξεληλεγμένα,
3141 2722 3237 2772 καὶ
3290 2719 3458 2789 μηδὲν
3492 2717 3622 2772 ἀλλο

2056 2808 2342 2880 μηδοτιοῦν
2362 2853 2374 2876 ,
2405 2810 2545 2879 πλὴν
2577 2811 2762 2879 ἀπάτη
2798 2811 2890 2862 καὶ
2914 2811 3105 2878 ψεῦδος
3137 2812 3269 2866 ὄντα
3296 2811 3621 2882 περιφανές.

2065 2901 2186 2954 Ἐπὶ
2210 2902 2266 2954 δὲ
2307 2902 2399 2954 τὸν
2431 2904 2604 2970 μέγαν
2645 2903 2924 2956 Βασίλειον
2958 2905 3205 2967 καὶτοὺς
3237 2905 3448 2960 ἐκείνου
3483 2908 3618 2979 πρὸς

2054 2990 2316 3061 Εὐνόμιον
2351 2993 2541 3059 λόγους
2570 2993 2712 3046 ίτέον
2733 2993 2798 3045 ἂν
2828 2995 2928 3064 ἤδη
2958 2995 3051 3048 καὶ
3075 2997 3205 3064 ἡμῖν
3232 2997 3340 3066 εἴη,
3371 3001 3463 3052 καὶ
3494 3002 3624 3063 τοὺς

2054 3082 2140 3134 ἐπ’
2173 3085 2354 3147 αὐτοῖς
2386 3084 2679 3137 ἀκουστέον
2703 3085 2896 3151 λόγους
2951 3087 3046 3140 τοῦ
3076 3088 3390 3157 φιλοσόφου,
3427 3093 3522 3146 καὶ
3543 3086 3624 3156 οἷς

367 3177 633 3249 Χριστοῦ,
660 3179 752 3230 καὶ
777 3176 1010 3246 φυσικὰς
1052 3175 1222 3236 αὐτὰς
1285 3175 1510 3228 ἀνεῖπεν
1530 3187 1543 3203 ·
1589 3172 1616 3224 ὁ
1641 3171 1698 3223 δὲ
1734 3171 1946 3239 Γρηγο-
1978 3218 2022 3277 c
2053 3175 2234 3229 οὑτοσὶ
2255 3177 2350 3228 καὶ
2383 3174 2545 3228 πάλιν
2567 3178 2934 3247 χρησάμενος,
2959 3179 3336 3246 ἀντεπεξιέναι
3361 3185 3463 3237 κάν
3495 3184 3624 3237 τούσ-

370 3273 472 3341 ρᾶς
492 3271 552 3324 οὐ
586 3269 822 3338 θέλησιν,
851 3268 968 3321 οὐδὲ
1000 3265 1222 3335 βουλὴν,
1267 3265 1378 3318 οὐδ’
1407 3263 1690 3334 ἐνέργειαν
1712 3262 1948 3332 φυσικὴν
1981 3262 2022 3277 “⁴
2052 3283 2168 3329 τοις
2197 3267 2348 3319 δοκεῖ
2394 3269 2461 3337 τῇ
2497 3268 2619 3320 καθ’
2643 3269 2792 3337 ἡμᾶς
2850 3271 3053 3341 συνόδῳ
3096 3289 3155 3325 τε
3207 3275 3300 3326 καὶ
3341 3275 3418 3343 τῷ
3448 3275 3622 3346 τόμῳ.

373 3362 516 3431 μετά
557 3360 770 3430 Πατρός
816 3376 875 3411 τε
907 3359 1003 3410 καὶ
1055 3357 1372 3426 [Ινεύματος
1425 3354 1593 3425 ἔχειν,
1630 3353 1746 3407 ἀλλ’
1779 3352 1948 3406 αὐτὸν

366 3450 516 3507 εἶναι
543 3454 716 3507 ταῦτα
748 3452 840 3505 τὸν
865 3451 1102 3520 Χριστόν
1129 3466 1263 3519 φησι
1293 3449 1476 3518 μόνον,
1523 3447 1619 3500 καὶ
1652 3447 1819 3517 μηδὲν
1845 3465 1951 3516 μη-

362 3546 553 3615 δαμῶς
587 3544 692 3598 τῶν
722 3542 968 3612 φυσικῶν
1017 3543 1328 3607 ἰδιωμάτων
1361 3543 1652 3610 προσεῖναι
1710 3541 1774 3608 τῇ
1829 3539 1950 3608 θεία

366 3641 554 3708 φύσει,
582 3638 669 3691 ἵνα
707 3638 780 3706 μὴ
818 3637 1094 3698 σύνθετος,
1128 3637 1318 3706 φησιν,
1353 3637 1415 3688 ἐκ
1449 3634 1722 3687 τοσούτων
1756 3634 1784 3684 6
1814 3634 1946 3691 Θεὸς

367 3730 518 3799 αὑτῷ
545 3729 855 3798 νομισθείη.
884 3727 974 3780 Διὸ
1011 3729 1104 3780 καὶ
1135 3727 1227 3780 τὸν
1259 3727 1398 3780 θεῖον
1431 3726 1486 3778 έν
1519 3743 1583 3794 γε
1630 3727 1743 3787 τοῖς
1770 3726 1948 3794 προρ-

371 3821 586 3890 ῥηθεῖσι
635 3819 873 3875 κάκιστα
928 3821 1260 3888 συκοφαντεῖ
1318 3817 1593 3887 Μάξιμον,
1646 3817 1674 3869 ὃ
1737 3817 1800 3885 δὴ
1848 3818 1950 3869 κάν

369 3913 482 3974 τοῖς
537 3911 778 3977 φθάσασι
835 3911 972 3978 πρός
1053 3927 1112 3962 τε
1195 3910 1466 3980 Κύριλλον
1534 3911 1630 3962 καὶ
1695 3910 1950 3976 Ἰωάννην

369 4005 464 4055 τὸν
518 4003 713 4070 Σύρον,
777 4003 872 4054 καὶ
922 4002 986 4071 δὴ
1019 4003 1114 4054 καὶ
1142 3999 1233 4054 τὸν
1258 4001 1422 4068 σοφὸν
1458 3999 1758 4066 πεποίηκεν
1793 3999 1949 4051 Ἀναο

373 4094 616 4146 στάσιον.
639 4093 747 4144 Τοῦ
781 4093 888 4160 γὰρ
916 4092 1066 4158 ἱεροῦ
1097 4090 1356 4160 Μαξίμου
1396 4091 1534 4159 πρὸς
1561 4087 1772 4159 Πύρρον
1798 4090 1947 4156 είρη-

370 4187 551 4248 κότος,
573 4184 823 4251 καθάπερ
854 4186 1105 4244 εἰπόντες
1135 4182 1403 4252 ἐφθημεν,
1436 4182 1518 4234 ὅτι
1553 4181 1613 4233 El
1653 4180 1761 4233 τῶν
1795 4179 1953 4246 θελη-

372 4278 561 4346 μάτων
593 4275 685 4328 τοῦ
738 4272 978 4344 Χριστοῦ
1014 4274 1260 4340 δηλονότι
1299 4271 1552 4326 σύνθεσιν
1587 4270 1796 4337 λέγετε*
1823 4271 1950 4335 περὶ

367 4365 478 4432 γάρ
507 4363 732 4416 ἐκείνων
765 4364 793 4415 6
839 4361 1086 4428 διάλογος
1116 4357 1184 4431 ἦν
1217 4362 1422 4425 αὐτοῖς,
1451 4363 1545 4413 καὶ
1588 4363 1687 4413 οὐκ
1727 4361 1904 4414 ἀλλων
1933 4374 1945 4385 ·

369 4458 463 4507 καὶ
493 4456 600 4507 τῶν
623 4453 798 4508 άλλων
828 4453 1073 4520 φυσικῶν
1104 4453 1353 4506 σύνθεσιν
1377 4453 1557 4522 λέγειν
1580 4451 1946 4522 ἐκϐιασθήσε-

2065 3357 2224 3411 Ἀλλά
2254 3358 2350 3411 καὶ
2399 3357 2557 3411 τοῦτο
2609 3361 3032 3431 συναπεδείχθη,
3075 3365 3239 3432 φησὶν
3278 3367 3305 3417 6
3347 3367 3625 3430 συνοδικὸς

2050 3448 2251 3517 δηλαδὴ
2281 3449 2465 3518 τόμος,
2499 3450 2581 3502 ὅτι
2616 3452 2663 3502 οἱ
2691 3453 2833 3504 κατά
2860 3453 2986 3515 τοὺς
3011 3453 3392 3522 ἀντιλέγοντας
3429 3457 3506 3528 μὴ
3537 3460 3623 3510 δε-

2051 3543 2269 3610 χόμενοι
2296 3543 2395 3610 τὴν
2417 3542 2684 3611 διαφοράν
2713 3544 2811 3612 τῆς
2839 3543 2987 3606 θείας
3007 3546 3198 3609 οὐσίας
3232 3549 3326 3600 καὶ
3351 3550 3448 3618 τῆς
3477 3553 3628 3620 ἐνερ-

2053 3632 2229 3698 γείας,
2253 3635 2345 3684 καὶ
2373 3633 2556 3695 ἁπλῶς
2585 3634 2804 3685 πάντων
2835 3635 2942 3686 τῶν
2967 3639 3094 3703 περὶ
3120 3637 3219 3706 τὴν
3260 3639 3407 3694 θείαν
3437 3642 3627 3696 οὐσίαν

2054 3725 2301 3790 φυσικῶς
2359 3725 2791 3792 θεωρουμένων.
2843 3719 3056 3780 ’ἐκεῖνοι
3105 3729 3361 3784 σύνθετον
3408 3734 3627 3788 ποιοῦσι

2056 3814 2256 3882 μᾶλλον
2287 3814 2377 3865 τὸν
2425 3813 2578 3880 Θεὸν,
2613 3813 2708 3866 τοῦ
2754 3816 2992 3884 μεγάλου
3040 3817 3322 3872 Βασιλιίου
3376 3824 3626 3892 φανερῶς

2053 3907 2322 3973 λέγοντος,
2373 3907 2548 3976 Εἴπερ
2586 3911 2668 3970 εἰς
2697 3907 2796 3975 τὴν
2833 3909 3024 3962 οὐσίαν
3051 3910 3312 3980 φέροντες
3346 3915 3525 3968 πάντα
3558 3919 3628 3969 τά

2055 3997 2173 4049 θεῖα
2197 3998 2438 4065 ὀνόματα
2466 3999 2874 4067 καταθήσομεν,
2903 4000 2964 4052 ού
3004 4003 3164 4069 μόνον
3186 4003 3460 4069 σύνθετον,
3492 4007 3628 4060 ἀλλά

2054 4092 2146 4143 καί⁵
2177 4088 2236 4154 ἐξ
2287 4091 2695 4160 ἀνομοιομερῶν
2731 4092 3088 4160 συγκείμενον
3125 4094 3209 4148 τὸν
3233 4096 3366 4149 Θεὸν
3415 4101 3612 4152 ἀποδεί-

2053 4185 2238 4250 ξομεν,
2269 4182 2357 4235 διὰ
2386 4182 2445 4234 τὸ
2483 4181 2611 4254 ἀλλο
2627 4184 2723 4234 καὶ
2736 4182 2870 4236 ἄλλο
2909 4185 2999 4252 ὑφ’
3026 4186 3258 4242 ἑκάστου
3292 4187 3400 4242 τῶν
3433 4190 3628 4260 ὀνομάο

2053 4291 2164 4329 των
2195 4272 2555 4344 σημαίνεσθαι
2580 4290 2594 4304 ·
2629 4276 2724 4329 καὶ
2769 4276 2861 4328 τοῦ
2891 4278 3134 4346 μεγάλου
3170 4280 3473 4350 Γρηγορίου
3536 4285 3628 4334 τοῦ

2053 4368 2316 4436 Θεολὸγου
2375 4369 2709 4436 γράφοντος,
2751 4369 2820 4421 Ἢ
2855 4370 2951 4422 καὶ
2999 4371 3059 4422 τὸ
3109 4371 3396 4435 ἀθάνατον,
3433 4375 3524 4426 καὶ
3567 4381 3628 4427 τό

2055 4457 2283 4521 ἄκακον,
2317 4457 2410 4508 καὶ
2455 4454 2518 4508 τὸ
2564 4455 2947 4521 ἀναλλοίωτον,
2993 4457 3150 4510 οὐσία
3194 4457 3366 4511 Θεοῦ⁶
3424 4459 3539 4512 ἀλλ’
3575 4462 3626 4512 εί

374 4544 494 4607 σθε,
521 4539 618 4597 εἶτ’
651 4541 848 4612 ἐφεξῆς
878 4542 1323 4612 ἀπαριθμοῦντος
1355 4543 1424 4596 τά
1465 4542 1574 4597 τῶν
1604 4543 1698 4596 δύο
1730 4541 1949 4608 φύσεων
1984 4567 2028 4621 D
2053 4543 2231 4608 τοῦτο,
2260 4543 2453 4596 πολλαὶ
2478 4544 2658 4596 οὐσίαι
2689 4543 2852 4607 Θεοῦ,
2898 4547 2991 4598 καὶ¹
3026 4547 3088 4598 οὐ
3135 4546 3232 4611 μία
3258 4562 3273 4577 °
3309 4547 3342 4617 ἢ
3370 4549 3627 4602 σύνθετον

376 4633 540 4687 αὐτοῦ
575 4633 738 4686 διπλᾶ
790 4632 1076 4702 ἰδιώματα,
1132 4632 1382 4700 καθάπερ
1422 4629 1620 4694 ἐν’τοῖς
1673 4631 1944 4701 φθάσας-ιν

375 4725 617 4796 εἴρηται,
665 4724 912 4777 τουτέστι
968 4723 1027 4776 τὸ
1074 4723 1293 4777 κτιστδν
1342 4724 1437 4777 καὶ
1483 4724 1542 4776 τὸ
1571 4724 1846 4788 άκτιστον,
1885 4725 1947 4776 τὸ

371 4819 599 4886 ἄπειρον
627 4818 721 4869 καὶ
755 4815 815 4867 τὸ
850 4816 1290 4884 πεπερασμένον,
1343 4816 1404 4868 τὸ
1430 4815 1688 4885 ἀόριστον
1732 4817 1825 4868 καὶ
1883 4817 1944 4868 τὺ

363 4910 696 4979 ὡρισμένον,
733 4908 826 4961 καὶ
876 4907 942 4977 δὴ
982 4907 1077 4960 καὶ
1123 4907 1193 4960 τὰ
1251 4907 1615 4976 παραπλήσια
1645 4908 1881 4974 τούτοις,
1915 4912 1942 4961 ὁ

365 5003 696 5072 φιλόσοφος,
756 4999 1063 5068 καθαπερεί
1116 5016 1197 5062 τις
1249 4998 1558 5066 ἐξεστηκὼς
1603 4999 1801 5052 ἑαυτοῦ
1850 5003 1944 5053 καὶ

365 5090 722 5160 παραπαίων,
747 5091 842 5142 καὶ
872 5089 1008 5159 μηδὲ
1047 5087 1201 5150 εἰδὼς
1230 5086 1266 5140 ἃ.
1294 5089 1444 5154 λέγει
1478 5090 1572 5140 καὶ
1599 5092 1725 5158 περὶ
1759 5093 1937 5153 τίνων,

361 5182 436 5232 τά
463 5182 840 5246 καταγέλαστα
869 5182 1050 5232 ἐκεῖνα
1067 5180 1191 5248 δίχα
1217 5179 1362 5244 τινὸς
1391 5182 1738 5249 ἐρυ’)ήματος
1771 5182 1942 5250 φθέγ-

364 5287 550 5337 γεται.
578 5271 714 5340 Φησὶ
762 5271 869 5340 γάρ
892 5285 905 5300 ⁸
946 5271 1008 5322 Εἰ
1037 5271 1144 5339 γὰρ
1199 5273 1308 5324 τῶν
1351 5272 1670 5341 θελημάτων
1700 5273 1946 5325 σύνθεσιν

364 5362 601 5424 εἴποιτε,
645 5363 798 5431 φησὶ,
841 5364 950 5414 τῶν
982 5363 1367 5417 ἀνυποστάτων
1413 5365 1585 5417 ὄντων
1614 5363 1734 5416 καθ’
1780 5367 1938 5430 αὐτὰ,

364 5453 468 5506 καὶ
486 5453 592 5504 τῶν
615 5451 811 5516 ἀλλων,
848 5454 948 5505 ὃσα
985 5453 1125 5507 κατά
1157 5454 1320 5522 φύσιν
1345 5457 1456 5518 τοῖς
1483 5455 1792 5526 ἀνθρώποις
1817 5456 1944 5508 ἐπε-

362 5560 483 5609 ται,
537 5541 789 5595 σύνθεσιν
823 5544 1002 5612 λέγειν
1063 5545 1524 5616 ἐκϐιασθήσεσθε·
1561 5545 1671 5601 οἱον
1717 5552 1940 5620 ἐπιστή-

367 5653 504 5707 μης,
541 5637 877 5706 φρονήσεως,
913 5637 1284 5707 δικαιοσύνης,
1335 5640 1564 5694 καὶτῶν
1620 5643 1940 5709 ἀντικειμέ-

363 5744 477 5780 νων
500 5727 688 5789 αὐταῖς
717 5728 1015 5796 ποιοτήτων
1038 5743 1054 5758 ⁸
1087 5729 1165 5783 ἔτι
1193 5749 1252 5782 τε
1286 5731 1458 5800 θυμοῦ
1494 5733 1587 5784 καὶ
1615 5733 1936 5801 ἐπιθυμίας,

360 5822 544 5891 χαρᾶς
582 5822 671 5873 καὶ
705 5821 904 5890 λύπης,
938 5823 1032 5874 καὶ
1072 5825 1180 5878 τῶν
1211 5826 1410 5892 ὁμοίως
1453 5827 1690 5892 ἐχουσῶν
1721 5828 1801 5889 είς
1837 5845 1935 5880 κα-

2059 4639 2123 4688 ἐκ
2143 4636 2346 4688 τούτων
2383 4636 2443 4686 τὸ
2473 4635 2627 4688 Θεῖον
2649 4651 2661 4666 ·
2689 4637 2749 4688 οὐ
2781 4636 2890 4705 γὰρ
2918 4637 3227 4701 ἀσυνθέτως
3248 4638 3440 4704 ταῦτα,
3469 4643 3625 4712 εἰπερ

2059 4724 2259 4778 οὐσίαι.

2133 4819 2273 4889 Πρὸς
2297 4819 2355 4871 δέ
2379 4817 2480 4887 τὴν
2503 4818 2710 4870 τούτων
2745 4816 3026 4886 ἐξήγησιν,
3053 4819 3086 4888 ἦ
3122 4821 3221 4891 τὴν
3253 4823 3458 4894 συνήθη
3490 4826 3626 4892 μᾶ).-

2061 4913 2150 4964 λον
2183 4912 2514 4980 ἀνατροπὴν,
2548 4912 2623 4972 ὡς
2652 4911 2822 4964 οίεται
2872 4912 3180 4980 Γρηγορᾶς,
3222 4914 3337 4977 ίὼν,
3377 4917 3628 4969 ἀκούσωο

2065 5019 2162 5070 μεν
2191 4995 2278 5054 οἵα
2307 5001 2372 5069 δὴ
2390 5000 2477 5051 καί
2497 5014 2650 5068 φησι·
2675 4999 2780 5050 Καὶ
2811 4999 2909 5067 μὲν
2934 4999 2998 5067 δὴ
3022 4999 3225 5052 τούτων
3252 4999 3393 5053 οὕτω
3423 5018 3628 5070 προεκ-

2061 5094 2346 5154 τεθέντων,
2408 5089 2453 5142 ὦ
2497 5091 2628 5143 καλὲ
2669 5090 3063 5158 Ἀγοιθάγγελε,
3096 5091 3172 5160 μὴ
3214 5092 3274 5142 οὐ
3303 5091 3522 5159 θεμιτὸν
3559 5094 3628 5144 ἂι

2060 5184 2193 5252 ἡμῖν
2237 5177 2294 5255 ᾗ,
2321 5181 2655 5249 σιγήσαντάς
2681 5195 2740 5230 τε
2776 5181 2868 5231 καὶ
2907 5178 3158 5249 ῥᾳστώνῃ
3195 5181 3620 5248 χαρισαμένους,

2065 5277 2138 5344 μὴ
2169 5274 2504 5344 ἐξαιρεῖσθαι
2556 5274 2646 5326 τὸν
2709 5273 2898 5324 ἐνόντα
2947 5272 3244 5342 πειρᾶσθαι
3288 5272 3488 5340 τρόπον
3525 5272 3626 5342 τῆς

2058 5368 2152 5420 τοῦ
2190 5366 2388 5436 μιαροῦ
2423 5365 2792 5430 συκοφαντίας
2823 5365 2950 5426 τοὺς
2997 5363 3096 5431 τῆς
3157 5363 3486 5431 Ἐκκλησίας
3516 5381 3626 5430 φω-

2060 5457 2285 5524 στῆρας,
2319 5455 2441 5524 μηδ’
2463 5455 2768 5523 ἐξελέγχειν
2799 5456 2898 5521 τὴν
2945 5453 3184 5522 ἀμαθίαν
3215 5453 3377 5506 αὐτοῦ
3401 5453 3627 5524 διαρρή-

2057 5547 2173 5617 δην.
2196 5548 2303 5600 Kal
2342 5546 2479 5616 μετά
2498 5563 2620 5598 τινα
2639 5561 2652 5572 ·
2685 5546 2964 5608 Βασίλειος
2993 5546 3099 5615 γὰρ
3141 5547 3167 5598 6
3211 5546 3388 5614 μέγας
3417 5539 3624 5601 οὐ’καθ’

2057 5642 2123 5710 ἢν
2158 5642 2185 5692 6
2213 5640 2410 5708 μιαρὸς
2439 5639 2620 5690 οὑτοσὶ
2646 5639 2882 5691 διάνοιαν
2923 5637 3208 5700 ἐξελάῦετο
3251 5636 3447 5699 ταῦτα,
3483 5638 3624 5690 ἀλλὰ

2053 5735 2152 5800 τὴν
2185 5732 2451 5802 Εὑνομίου
2485 5731 2579 5783 τοῦ
2631 5730 2925 5794 δυσσεϐοῦς
2955 5731 3281 5802 ἀνατρέπων
3310 5730 3626 5786 κακόνοιαν.

2054 5825 2172 5886 Φῶς
2207 5825 2317 5894 γὰρ
2346 5824 2642 5892 ἀγέννητον
2698 5824 2912 5876 ἁκούων
2961 5823 3223 5893 Εὑνόμιος
3269 5823 3359 5876 τὸν
3409 5825 3628 5894 Πατέρα
