4054 6434
519 364 624 429 933

1589 363 2013 427 PIIlLOTIIEl
2063 363 2103 421 C

2223 363 2502 420 PATRIA
2520 362 2738 422 RCI-IrE
3677 363 3761 422 9θί

516 480 647 551 περί
701 478 930 535 ἐκείνων
972 482 1067 536 καὶ
1118 474 1275 542 αὖθις
1331 479 1567 546 διδάξαι,
1617 480 1713 532 καὶ
1754 477 1930 544 δεῖξαι
1994 480 2115 533 τίνα
2150 481 2191 532 Λ
2228 471 2394 538 ὁμοῖα
2437 472 2649 533 τούτοις
2682 472 2964 540 λάϐοιμεν.
3007 472 3066 522 οὺ
3131 471 3290 540 μόνον
3334 469 3599 532 σύνθετον.
3648 474 3761 524 ὁ).ὶὰ

518 572 649 626 ποτέ
677 575 818 628 εἰσιν
868 575 1056 629 ἐκεῖνα
1088 575 1155 629 τὰ
1186 573 1361 628 πολλὰ
1394 576 1489 629 καὶ
1528 575 1720 645 μυρία,
1759 573 1794 628 ἃ
1842 577 1974 643 περὶ
2012 576 2109 643 μό-

519 681 612 717 νου
652 665 746 718 τοῦ
777 666 915 720 Θεοῦ
953 667 1209 736 λέγουσιν
1254 669 1307 721 αἰ
1341 669 1482 721 θείαι
1534 667 1776 737 Γραφαὶ,
1846 667 1987 721 καθά
2041 666 2105 735 δὴ

517 760 611 811 καὶ
638 760 913 829 προῦφης.
975 762 1129 832 Τάχα
1163 762 1271 831 γὰρ
1298 763 1394 816 καὶ
1423 760 1569 815 τοῦτ’
1590 761 1741 816 ἔστιν
1772 762 1955 816 ἐκεῖνο
2006 760 2105 827 τῆς

521 850 621 919 σῆς
658 852 811 921 ἱερᾶς
843 853 1146 922 θεολογίας,
1182 836 1320 924 ὅπερ
1348 855 1458 909 τῶν
1505 853 1604 924 τῆς
1649 854 1967 925 συμμορίας
2020 870 2105 918 τις

516 945 731 1016 ἐκείνης
765 947 1006 1010 ἀκούσας
1035 948 1230 1012 πάλαι,
1266 950 1532 1019 μυριάδας
1576 950 1719 1002 θεῶν
1773 951 2104 1019 προσκυνεῖν

514 1038 877 1108 ἐσυκοφάντει
907 1042 1007 1110 τὴν
1059 1040 1181 1095 καθ’
1228 1044 1373 1112 ἡμᾶς
1420 1041 1843 1112 Ἐκκλησίαν,ῶ
1896 1044 2105 1115 μιαρᾶς

514 1131 791 1201 γλώττηςί
837 1133 1129 1191 καὶτοῦτο
1161 1136 1298 1205 πρὸς
1347 1135 1650 1203 ἀλλόφυλον
1695 1138 1788 1190 καὶ
1842 1136 2105 1203 πολέμιον

515 1225 685 1292 αὐτῆς
720 1226 970 1292 γράφων,
1010 1227 1104 1280 καὶ
1132 1225 1451 1281 διδάσκαλον
1499 1228 1593 1281 τὸν
1645 1218 2103 1300 ψευδοπροφήτην

514 1317 580 1368 αὐ
589 1317 810 1385 χοῦντα.

598 1410 740 1462 Ἀλλ’
801 1411 932 1478 ἐγὼ,
978 1415 1147 1485 φησὶν
1188 1418 1216 1469 ό
1274 1416 1561 1480 θεσπέσιος
1607 1418 1896 1488 Κύριλλος,
1957 1418 2102 1471 κατά

515 1505 679 1572 φύσιν
727 1508 997 1577 ὑπάρχειν
1045 1504 1199 1563 εῐπον
1251 1510 1320 1563 τὰ
1377 1513 1602 1566 τοιαῦτα
1642 1512 1722 1579 τῷ
1759 1513 1898 1584 Θεῷ,
1953 1514 2101 1584 μόνῳ

514 1598 690 1670 τούτῳ
722 1605 1034 1671 προσεῖναι.
1071 1602 1151 1656 Τὰ
1183 1604 1242 1657 δὲ
1266 1606 1409 1657 κατὰ
1442 1604 1608 1671 φύσιν
1642 1605 1942 1675 προσόντα.
2007 1608 2101 1658 καὶ

519 1690 791 1761 ἰδιώματα
822 1695 924 1763 τῆς
948 1693 1102 1756 θείας
1134 1697 1353 1764 φύσεως
1385 1697 1696 1764 πεφυκότα,
1749 1695 1874 1750 οὔτε
1934 1701 2100 1767 φύσις

514 1785 672 1845 είσῖν,
702 1784 828 1840 οὐτε
856 1790 955 1854 τῆς
994 1789 1210 1855 φύσεως
1242 1789 1408 1859 μέρη.
1432 1788 1595 1851 ’ολος
1618 1790 1727 1859 γάρ
1751 1791 1867 1843 ἐστι
1893 1792 2100 1845 τούτων

514 1879 768 1945 ἕκαστον,
805 1882 1008 1951 φαμὲν,
1047 1882 1074 1934 6
1117 1882 1270 1946 Θεὸς,
1297 1883 1422 1936 οὔτε
1458 1883 1711 1946 σύνθεσις
1767 1886 1831 1937 ἐκ
1892 1882 2101 1941 τούτων

514 1974 579 2025 ἄν
609 1990 739 2025 ποτε
769 1974 982 2040 γένοιτο
1013 1978 1123 2027 τῶν
1159 1978 1567 2047 παρεπομένων
1618 1979 1685 2047 τῇ
1735 1979 1859 2049 θείᾳ
1914 1979 2100 2048 φύσει,

512 2070 607 2120 καὶ
641 2070 1024 2123 κατ’ἐπίνοιαν
1044 2070 1537 2141 ἐπιθεωρουμένων
1568 2075 1729 2143 αὐτῇ.
1775 2074 1894 2126 Ἵνα
1918 2074 1974 2127 δὲ
2009 2075 2103 2127 καί

512 2181 563 2215 τι
594 2164 937 2233 σαφέστερον
981 2164 1192 2232 γνοίης,
1231 2164 1399 2217 ἄκουε
1430 2166 1494 2232 δὴ
1525 2165 1637 2217 τῶν
1665 2170 1760 2219 καὶ
1796 2166 1934 2233 πρὸς
1973 2170 2102 2229 τοὺς

512 2256 569 2313 ἐξ
606 2256 874 2324 Εὐνομίου
902 2256 1072 2309 πάλαι
1102 2255 1382 2325 ῥηθέντων
1417 2274 1530 2325 μοι.
1564 2256 1700 2309 Κατ’
1732 2259 1998 2320 ἐπίνοιαν,
2028 2252 2105 2309 εἶ-

515 2369 635 2414 πον,
662 2352 755 2404 ἐπὶ
778 2350 875 2404 τοῦ
904 2351 1040 2403 Θεοῦ
1077 2350 1137 2403 τὸ
1162 2351 1483 2421 ἀγέννητον.
1547 2351 1622 2404 Οὐ
1662 2349 1773 2419 γάρ
1829 2350 1987 2403 οὐσία
2045 2350 2104 2401 τὸ

512 2442 834 2511 ἀγέννητον,
892 2442 924 2511 ἦ
979 2441 1039 2493 τὸ
1081 2441 1378 2510 ἄφθαρτον,
1426 2440 1459 2510 ἢ
1518 2439 1579 2492 τὸ
1618 2440 1912 2503 ἀθάνατον,
1952 2440 1985 2507 ἢ
2044 2439 2105 2491 τὸ

512 2535 769 2604 ἀόρατον.
809 2534 869 2585 Εἰ
903 2534 1011 2601 γὰρ
1049 2532 1285 2594 ἕκαστον
1327 2531 1536 2586 τούτων
1588 2532 1781 2585 οὐσίαν
1823 2532 2103 2600 σημαίνει,

514 2629 580 2681 ἐκ
629 2628 901 2680 τοσούτων
931 2627 1131 2679 οὐσιῶν
1168 2625 1458 2693 σύγκειται
1499 2628 1527 2678 6
1574 2624 1731 2689 Θεὸς,
1791 2626 2005 2693 ὅσαπερ
2040 2625 2105 2677 ἂν

516 2722 667 2791 αὐτῷ
707 2721 954 2788 φυσικῶς
988 2721 1263 2790 προσόντα
1297 2720 1581 2789 φαίνηται.
1635 2719 1699 2771 Εἰ
1763 2718 1945 2770 τοίνυν
2008 2717 2105 2786 οὐχ

515 2817 616 2869 ὅσα
663 2816 946 2884 προσεῖναι
973 2812 1189 2881 λέγεται
1232 2812 1373 2866 κατά
1410 2813 1576 2880 φύσιν
1615 2811 1693 2879 τῷ
1738 2809 1881 2880 Θεῷ,
1932 2809 2105 2863 ταῦτα

518 2912 697 2961 πάντα
728 2910 882 2961 ἔσται
919 2906 1085 2960 αὐτοῦ
1118 2908 1214 2959 καὶ
1245 2907 1425 2971 οὐσία,
1459 2904 1709 2959 λείπεται
1752 2904 1932 2972 λέγειν
1965 2905 2103 2975 αὐτῇ

515 3006 580 3070 τῇ
607 3002 769 3070 οὐσίᾳ
794 2999 1232 3070 συμϐεϐηκέναι,
1273 2999 1441 3069 μέχρι
1498 2998 1671 3069 μόνης
1725 2999 1912 3068 φωνῆς
1962 2998 2105 3053 οὕτω

516 3096 807 3162 νοούμενα.
839 3095 953 3146 Οὐκ
987 3092 1101 3164 ἔχει
1131 3092 1240 3161 γὰρ
1273 3093 1306 3163 ἡ
1344 3092 1636 3161 ἀνθρώπου
1699 3093 1863 3160 φύσις
1919 3092 2105 3162 μεῖζόν

510 3205 566 3241 τι
597 3188 707 3240 τῶν
752 3186 874 3240 καθ’
902 3185 1100 3255 ἑαυτὴν
1136 3185 1315 3254 λέγειν
1342 3186 1435 3238 ἐπὶ
1473 3186 1629 3240 Θεοῦ.
1685 3186 1777 3240 Διὸ
1808 3187 1923 3248 τοῖς
1950 3185 2103 3247 ἰδίοις
2133 3175 2175 3235 C

516 3281 706 3351 ἤθεσιν
736 3279 824 3331 ἐπ’
855 3277 1022 3331 αὐτοῦ
1051 3277 1390 3349 κεχρήμεθα,
1426 3279 1494 3333 τὰ
1549 3276 1672 3332 καθ’
1708 3277 1939 3340 ἐαυτούς
1986 3292 2105 3347 μειο

517 3374 688 3437 ζόνων
710 3372 1086 3440 ὑποδείγματα
1125 3370 1462 3440 ποιούμενοι,
1489 3371 1679 3441 ὥσπερ
1712 3371 1763 3425 οί
1814 3371 1873 3424 ἐν
1921 3369 2106 3441 μικρῷ

518 3467 710 3519 πίνακι
728 3464 983 3535 οὐράνιον
1005 3465 1455 3534 καταγράφοντες
1469 3464 1703 3519 κύκλον.
1754 3464 1940 3531 Μηδὲν
1995 3464 2105 3532 γὰρ

518 3557 641 3612 κατ’
663 3559 907 3611 ἐπίνοιαν
939 3558 1287 3626 συμϐεϐηκὸς
1330 3557 1582 3618 νοοῦντες
1627 3557 1719 3609 ἐπὶ
1767 3555 1925 3617 Θεοῦ,
1965 3557 2105 3625 μήτε

522 3653 629 3721 μὴν
663 3650 805 3703 οὕτω
843 3648 955 3701 τισὶ
1008 3652 1151 3701 νοεῖν
1197 3649 1617 3720 ἐπιτρέποντες,
1683 3647 1853 3718 πολλῇ
1909 3648 2105 3717 δυσχει-

520 3746 644 3816 ρείᾳ
685 3740 1073 3814 περιπεσεῖσθε
1107 3742 1349 3804 πάντιιις,
1394 3742 1489 3794 καὶ
1528 3742 1737 3811 μυρίων
1779 3741 1926 3811 ὑμᾶς
1979 3757 2105 3808 νοη-

522 3840 712 3907 μάτων
737 3816 995 3905 ἀθέσμων
1027 3836 1379 3906 περιεστήξει
1416 3834 1667 3905 θόρυϐος.
1722 3832 1962 3888 Τοιαῦτα
2007 3834 2106 3902 μὲν

515 3935 588 3985 τὰ
616 3932 725 3985 τῶν
755 3931 918 4001 ἱερῶν
953 3932 1293 3985 διδασκάλων
1327 3928 1420 3983 καὶ
1470 3927 1760 3996 θεολόγων,
1823 3928 1915 3980 καὶ
1963 3925 2106 3979 οὕτω

520 4025 619 4096 τήν
645 4023 896 4095 σύνθεσιν
922 4025 1014 4077 ἐπὶ
1046 4023 1182 4077 Θεοῦ
1209 4023 1304 4076 καὶ
1331 4004 1659 4086 νοοῦσι,ηκαὶ
1684 4017 2102 4073 ἀποϐάλλονται.

521 4118 759 4186 Λέγουσι
795 4116 886 4169 καὶ
936 4116 1068 4186 γὰρ,
1110 4114 1301 4188 ὥσπερ
1354 4113 1595 4174 ἀκούεις,
1654 4110 1859 4181 τριχῶς
1910 4110 2105 4165 ὑπονο-

517 4210 700 4265 εῖσθαι
736 4211 837 4279 τὴν
875 4207 1130 4261 σύνθεσιν
1164 4207 1254 4258 ἐπὶ
1298 4202 1436 4258 Θεοῦ
1470 4219 1484 4235 ⁸
1532 4202 1565 4273 ἢ
1605 4203 1734 4256 ὅταν
1786 4201 1861 4263 ὡς
1925 4200 2105 4252 οὐσίαι

517 4302 770 4373 διάφοροι
803 4301 1075 4368 λέγωνται
1100 4300 1168 4352 τὰ
1197 4297 1445 4368 φυσικῶς
1475 4291 1845 4363 ἐπινοούμενα
1866 4291 1945 4360 τῷ
1971 4292 2107 4361 ⁶Θεῷ

520 4397 834 4467 προσεῖναι,
871 4391 903 4463 ἢ
931 4394 1060 4445 ὅταν
1099 4390 1173 4453 ὡς
1205 4389 1346 4460 μέρη
1378 4388 1478 4456 τῆς
1503 4384 1714 4450 οὐσίας,
1768 4384 1801 4454 ἢ
1855 4384 1983 4436 ὅταν
2007 4384 2106 4453 οὐχ

519 4488 595 4550 ὡς
617 4485 853 4555 οὐσιὼδη
881 4484 975 4537 καὶ
1011 4480 1242 4551 φυσικὰ,
1285 4479 1404 4533 ἀλλ’
1460 4478 1537 4539 ὡς
1582 4475 1877 4545 ἐπίκτητα.
1945 4476 2108 4528 Ἀλλά

463 4597 471 4607 ’
518 4580 582 4630 τὸ
634 4576 733 4646 μὲν
782 4576 1000 4645 πρῶτον
1036 4573 1098 4626 οὐ
1139 4571 1300 4639 μόνον
1320 4565 1773 4635 ἀδύνατονκάλλὰ
1803 4566 1898 4618 καὶ
1948 4580 2107 4632 τερα-

521 4668 689 4730 τῶδές
712 4685 770 4720 τε
803 4666 897 4719 καὶ
927 4662 1240 4727 ἀλλόκοτον,
1293 4660 1386 4713 καὶ
1421 4659 1510 4712 διὰ
1563 4656 1724 4709 τοῦτο
1781 4655 1875 4708 καὶ
1918 4656 2107 4727 πόρρω

521 4761 681 4825 Θεοῦ,
714 4759 805 4812 καὶ
822 4757 931 4813 τῶν
955 4756 1083 4827 περὶ
1108 4752 1247 4807 Θεοῦ
1268 4752 1463 4820 λόγων,
1495 4749 1605 4802 οὐδ’
1645 4748 1770 4800 ὅσον
1799 4748 1863 4802 ἄν
1889 4765 1974 4809 τις
2023 4750 2109 4801 ἐν·

523 4853 766 4924 θυμηθῇ.
802 4852 866 4915 Εί
900 4850 1006 4919 γάρ
1028 4848 1283 4909 ἕκαστον,
1321 4843 1477 4912 φησὶ,
1511 4842 1619 4894 τῶν
1668 4840 1983 4909 προσόντων
2028 4838 2105 4907 τῷ

522 4945 646 5016 Θεῷ
707 4941 959 5013 φυσικῶν
1018 4943 1077 4992 ἐν
1135 4937 1326 4997 οὐσίας
1374 4933 1522 5009 τάξει
1561 4935 1826 4998 κείσεται,
1866 4935 1930 4986 ἐκ
1981 4933 2106 4985 πολ-

522 5037 629 5091 λῶν
708 5038 845 5105 ἡμῖν
910 5031 1112 5087 οὐσιῶν
1184 5028 1474 5097 σύγκειται
1542 5029 1570 5079 6
1653 5026 1894 5089 ἁπλοῦς·
1965 5026 2104 5095 ὅπερ

522 5130 672 5182 ἐστὶν
726 5127 929 5180 ἐννοεῖν
980 5119 1334 5177 ἀτοπώτατον
1358 5134 1373 5149 ’
1398 5119 1457 5172 τὸ
1511 5119 1764 5189 δεύτερον
1816 5118 1969 5171 οὐδὲν
2010 5112 2107 5185 ἦτ-

522 5239 615 5275 τον
672 5218 766 5273 τοῦ
835 5216 1054 5288 πρώτου
1097 5211 1379 5278 δυσσεϐὲς,
1430 5212 1633 5281 μᾶλλον
1661 5211 1834 5265 δὲκαὶ
1876 5212 2103 5287 ἀσεϐἑςο

521 5318 583 5369 ού
645 5313 895 5368 σύνθεσιν
939 5310 1033 5377 καὶ
1106 5306 1215 5375 γὰρ
1278 5304 1563 5375 ἐπεισάγει
1622 5304 1785 5374 μόνον
1835 5309 1900 5376 τῇ
1957 5308 2102 5378 ἁπλῇ

522 5403 616 5457 τοῦ
678 5399 814 5453 Θεοῦ
873 5397 1057 5467 φύσει,
1107 5395 1245 5449 ἀλλά
1310 5395 1404 5449 καὶ
1462 5396 1732 5466 μερισμὸν
1783 5398 1862 5467 τῷ
1913 5400 2107 5468 ἀμερί-

525 5510 678 5561 στῳ,
734 5489 826 5541 καὶ
890 5486 1045 5539 λύσιν
1102 5485 1178 5557 τῷ
1232 5487 1493 5557 ἁκηράτῳ
1538 5504 1595 5539 τε
1658 5489 1752 5540 καὶ
1818 5490 2105 5560 ἀφθάρτῳ,

526 5584 620 5639 καὶ
684 5580 830 5649 μόνῳ
893 5577 1080 5648 δοτῆρι
1138 5579 1237 5649 τῆς
1283 5580 1635 5652 ἀφθαρσίας·
1694 5579 1945 5644 σύνθεσις
2012 5586 2106 5637 καὶ

526 5677 635 5743 γὰρ
680 5673 825 5743 ἀρχὴ
871 5671 1131 5737 στάσεως,
1162 5674 1194 5743 ὴ
1229 5673 1283 5728 δὲ
1330 5668 1557 5735 λύσεως.
1612 5675 1674 5727 Εἰ
1722 5677 1832 5745 γὰρ
1878 5677 1950 5739 ὡς
2009 5679 2106 5746 μέ-

529 5783 642 5831 ρος,
700 5766 852 5835 φησί,
908 5765 1008 5834 τῆς
1050 5766 1237 5830 οὐσίας
1283 5769 1343 5820 τὺ
1405 5769 1721 5840 ἀγέννητον,
1785 5772 1875 5823 καὶ
1937 5774 2103 5842 6691-

529 5875 638 5919 τον,
677 5860 767 5912 καὶ
803 5860 1215 5930 ἄφθαρτον,καὶ
1253 5860 1637 5929 ἀναλλοίωτον,
1671 5867 1764 5917 καὶ
1821 5868 1885 5919 τὰ
1937 5884 2076 5936 προσ

2217 564 2310 615 καὶ
2364 563 2423 627 ἐξ
2456 563 2872 633 ἀνομοιομερῶν
2905 563 3263 633 συγκείμενον
3301 563 3390 615 τὸν
3417 562 3546 616 Θεὸν
3576 565 3763 618 ἀττώεί-

2216 655 2404 725 ξομεν.
2437 656 2510 707 Τὸ
2534 655 2589 707 δὲ
2615 656 2798 726 τρίτον
2828 656 2920 707 καὶ
2971 656 3271 725 Ἀρειανοῖς
3318 654 3451 723 ἐμοῦ
3505 655 3595 708 καὶ
3627 656 3765 711 Εὐνο-

2216 752 2427 819 μιανοίς
2459 749 2554 800 καὶ
2584 750 2698 812 τοῖς
2728 748 2796 800 τὰ
2816 747 3151 801 Μακεδονίου
3169 746 3427 816 φρονοῦσι
3455 746 3596 815 μάλα
3623 765 3766 816 προσ-

2211 842 2354 910 ήκει,
2402 834 2483 902 οἷς
2535 839 2706 907 δήπου
2753 840 2846 892 καὶ
2892 838 3158 908 Βαρλαάμ
3220 838 3316 890 σὺν
3366 838 3647 906 ’Δκινδύνεμ
3711 856 3762 891 τε

2216 934 2314 985 καὶ
2346 932 2610 1001 Γρηγορᾷ
2655 933 2793 998 μετά
2832 931 3038 999 πολλῆς
3060 930 3287 993 ἑαυτοὺς
3343 932 3439 999 τῆς
3485 931 3764 1002 προθυμίας

2214 1025 2479 1095 συνῆψαν,
2511 1025 2740 1077 αὐτόθεν
2786 1024 2909 1094 ἔχον
2950 1023 3224 1095 ἐπίσημον
3283 1025 3417 1078 πᾶσι
3469 1024 3528 1077 τὸ
3576 1025 3763 1086 ἀσεϐὲς,

2210 1116 2306 1169 ἅτε
2345 1116 2409 1185 δὴ
2447 1117 2541 1169 καὶ
2571 1117 2650 1179 εἰς
2679 1115 2955 1185 κτίσματα
2987 1116 3288 1170 κατασπῶν
3308 1115 3399 1169 τὸν
3429 1116 3558 1169 Θεὸν
3574 1116 3653 1168 διὰ
3677 1117 3766 1167 τῶν

2180 1207 2372 1263 ,αὐτοῦ
2402 1208 2672 1278 φυσικῶν.
2703 1203 2806 1261 Ὧν
2833 1206 2940 1277 γὰρ
2976 1209 3008 1276 ἠ
3056 1207 3309 1278 ἐνέργεια
3373 1208 3587 1276 κτιστὴ,
3626 1208 3765 1275 φασὶν

2209 1301 2259 1353 οἱ
2289 1299 2534 1366 θεολόγοι
2567 1299 2813 1368 Πατέρες
2836 1299 2997 1367 ὁμοῦ,
3021 1297 3232 1352 τούτων
3262 1297 3359 1353 καὶ
3386 1300 3418 1368 ἡ
3464 1299 3623 1367 φύσις
3672 1315 3766 1350 κτι-

2210 1388 2337 1457 στὴ,
2377 1380 2452 1441 ὧν
2476 1386 2531 1440 δέ
2557 1386 2815 1449 άκτιστος
2842 1388 2877 1457 η
2905 1387 3179 1458 ἐνέργεια,
3201 1388 3408 1441 τούτων
3439 1389 3530 1441 καὶ
3558 1389 3589 1454 ἡ
3630 1387 3766 1453 φύσις

2205 1477 2485 1541 ἄκτιστος.
2503 1478 2594 1530 At}:
2615 1478 2709 1531 καὶ
2746 1478 3068 1542 Ἀθανάσιος
3094 1481 3121 1531 6
3145 1480 3319 1548 μέγας
3352 1479 3446 1532 σύν
3464 1478 3615 1548 γετῷ
3644 1478 3766 1544 σοφῷ

2204 1567 2491 1638 Βασιλείῳ,
2518 1570 2606 1637 Μὴ
2629 1570 2841 1636 γένοιτό
2867 1587 2958 1639 μοι
2985 1569 3277 1637 ἐπίκτητόν
3304 1586 3357 1621 τι
3397 1571 3487 1623 ἐπὶ
3508 1568 3598 1621 τοῦ
3622 1567 3766 1619 Πνεύ-

2208 1642 2376 1729 ματὸς
2402 1662 2601 1728 εἰπεῖν,
2622 1662 2926 1730 φθάσαντες
2952 1662 3159 1732 ἔλεγον·
3176 1661 3300 1715 οὐτε
3316 1662 3424 1731 γᾶρ
3441 1661 3500 1713 τὸ
3520 1660 3684 1728 άγιον,
3698 1658 3769 1711 οὐ·

2204 1774 2260 1809 τε
2282 1757 2342 1809 τὸ
2370 1755 2668 1826 ἄφθαρτον,
2698 1754 2823 1808 οὐτε
2847 1756 2906 1808 τὸ
2924 1754 3147 1823 ἀγαθὸν,
3171 1753 3293 1807 οὐτε
3316 1753 3443 1807 ἄλλο
3469 1771 3521 1805 τι
3537 1753 3640 1804 τῶν
3662 1751 3767 1819 περὶ

2132 1831 2173 1885 Β
2207 1850 2340 1902 Θεὸν
2370 1848 2769 1919 θεωρουμένων
2799 1847 2943 1916 λέγω
2988 1849 3281 1915 ἐπίκτητον
3332 1845 3407 1915 τῷ
3458 1845 3596 1915 ἁγίῳ
3623 1843 3767 1898 Πνεῦ-

2210 1957 2365 2011 ματι,
2398 1939 2536 1993 ἀλλὰ
2558 1938 2719 2005 φύσει
2752 1939 2929 2005 ἅγιον,
2976 1940 3134 2004 φύσει
3166 1937 3393 2006 ἀγαθὸν,
3420 1935 3769 2005 φύσειάθάνα-

2207 2053 2319 2089 τον.
2360 2035 2469 2087 Καὶ
2499 2034 2664 2090 πάλιν
2692 2050 2706 2063 ⁸
2770 2036 2849 2088 Τὰ
2872 2034 2995 2087 καθ’
3020 2034 3296 2104 ὑπεροχὴν
3323 2033 3421 2085 καὶ
3461 2030 3767 2097 αἰτιολογίαν

2209 2126 2408 2185 πάντα,
2434 2127 2625 2197 φησὶν,
2645 2126 2745 2195 οὐχ
2776 2126 3007 2179 ’ἑκαστον
3039 2125 3195 2178 οὐσία
3218 2124 3460 2191 λέγεται,
3504 2123 3634 2176 ἀλλὰ
3664 2119 3769 2185 περί

2206 2217 2304 2285 τὴν
2336 2217 2545 2281 οὐσίαν,
2585 2217 2622 2271 ἃ
2653 2220 2745 2270 καὶ
2776 2217 3052 2285 ἄθροισμα
3098 2217 3190 2270 καὶ
3237 2217 3518 2286 πλήρωμα
3546 2215 3768 2283 θεότητος

2210 2308 2433 2375 λέγεται
2465 2309 2608 2361 κατὰ
2640 2310 2740 2378 τὴν
2769 2309 3017 2377 Γραφὴν,
3059 2310 3187 2363 καθ’
3219 2310 3461 2378 ἑκάστην
3496 2310 3603 2361 τῶν
3621 2307 3767 2374 ἁγίων

2207 2401 2375 2469 τριῶν
2406 2402 2783 2463 ξὺποστάσεων
2838 2404 3031 2471 ἐπίσης
3087 2401 3440 2473 θεωρούμενα
3489 2402 3581 2455 καὶ
3622 2399 3769 2454 θεολο-

2211 2494 2480 2563 γούμενα.
2524 2494 2583 2548 Ὀ
2614 2495 2673 2549 δὲ
2722 2496 2946 2563 Νύσσης
2977 2495 3121 2558 θεῖος
3160 2496 3488 2566 Γρηγόριος,
3518 2496 3547 2547 6
3582 2494 3643 2563 δὴ
3693 2492 3768 2544 καὶ

2209 2586 2315 2656 πρὸ
2378 2586 2611 2655 βραχέος
2663 2587 2904 2656 ἤκουσας
2952 2586 3119 2640 αὐτοῦ
3179 2587 3455 2653 λέγοντος,
3521 2585 3765 2651 Σύνθεσις,

2209 2679 2367 2749 φησί,
2395 2680 2527 2750 περί
2558 2679 2652 2731 τὸν
2674 2678 2810 2732 Θεὸν
2836 2679 3064 2746 οὐδεμία
3084 2696 3100 2711 ·
3131 2678 3249 2732 ἀλλ’
3301 2681 3440 2749 ὅπερ
3480 2678 3546 2733 ἂν
3587 2674 3641 2749 ᾖ,
3670 2676 3768 2735 δλος

2208 2775 2345 2825 ἐστί.
2382 2773 2538 2826 Κατὰ
2566 2770 2623 2826 δὲ
2651 2772 2743 2826 τὸν
2770 2772 2869 2839 τῆς
2894 2770 3163 2841 αἱρέσεως
3198 2771 3376 2839 λόγον,
3420 2772 3477 2825 εἰ
3532 2770 3765 2840 πρότερον

2208 2863 2506 2932 άγέννητος
2566 2861 2663 2929 ῶν,
2709 2861 2849 2929 μετά
2877 2860 3053 2919 ταῦτα
3100 2862 3315 2929 γίνεται
3372 2861 3586 2930 Πατὴρ,
3634 2859 3768 2927 μηδε-

2213 2958 2342 3026 μιᾶς
2380 2956 2615 3023 σωρείας
2636 2953 3093 3023 ἐπιτηδευμάτων
3123 2955 3254 3022 περὶ
3281 2954 3446 3008 αὐτὸν
3481 2954 3764 3023 νοουμένης,

2209 3047 2366 3101 οὐδὲν
2397 3046 2588 3116 ἄλλοῆ
2643 3045 2764 3106 ὅλος
2819 3046 3019 3101 ἑαυτοῦ
3060 3046 3440 3116 πρεσϐύτερος
3511 3047 3602 3100 καὶ
3630 3060 3766 3114 μετα-

2209 3137 2531 3207 γενέστερος
2562 3137 2795 3204 γίνεται.
2825 3136 3099 3207 Κύριλλός
3127 3153 3189 3204 γε
3220 3136 3326 3207 μὴν
3364 3139 3393 3190 6
3419 3137 3604 3206 σοφὸς,
3630 3132 3757 3188 Οὐδὲι

2207 3228 2505 3299 ἐπίκτητον
2540 3228 2646 3280 τῶν
2673 3226 2839 3284 θείων
2881 3226 3210 3297 ἰδιωμάτων,
3242 3228 3427 3296 φησίν.
3468 3228 3564 3282 Ἐκ
3614 3224 3763 3295 μέντο

2208 3321 2319 3375 τῶν
2348 3321 2839 3389 ἀποτελεσμάτων,
2873 3319 3076 3389 δηλαδὴ
3110 3318 3220 3373 τῶν
3263 3320 3601 3387 κτισμάτων,
3639 3314 3758 3369 κατά

2206 3417 2306 3479 τὰς
2339 3415 2617 3485 ἐνεργείας
2650 3414 2882 3480 ταύτας,
2928 3413 3043 3466 ἀλλ’
3075 3413 3138 3465 οὐ
3172 3414 3295 3466 κατ’
3347 3414 3539 3468 οὐσίαν
3579 3414 3605 3464 6
3654 3407 3763 3468 Θεὸς

2206 3511 2426 3580 ὁρᾶται,
2463 3508 2601 3577 ὁμοῦ
2659 3525 2719 3561 τε
2756 3506 3072 3577 συνάναρχα
3113 3504 3193 3575 τῷ
3246 3505 3366 3573 Θεῷ
3414 3505 3559 3560 κατά
3599 3502 3763 3574 χρόνον

2209 3599 2529 3663 ὑποδεικνὺς
2550 3599 2620 3652 τὰ
2651 3596 2818 3652 αὐτοῦ
2851 3591 3143 3665 ἰδιώματα,
3176 3596 3266 3653 διὰ
3320 3596 3381 3650 τὸ
3432 3596 3509 3668 μὴ
3532 3597 3763 3659 ἐπίκτητα

2208 3688 2372 3755 εἶναι,
2406 3691 2502 3746 καὶ
2532 3691 2643 3743 τῶν
2672 3690 3166 3760 ἀποτελεσμάτων,
3193 3689 3315 3760 ἦτοι
3345 3688 3460 3742 τῶν
3481 3686 3762 3755 κτισμάτων

2211 3783 2393 3852 ῥητῶς
2424 3782 2567 3839 αὐτά
2588 3783 2823 3847 διιστὰς,
2857 3783 2953 3835 καὶ
2984 3781 3251 3850 ἰδιώματα
3275 3782 3370 3835 καὶ
3405 3779 3673 3852 ἐνεργείας
3709 3772 3762 3825 τὰ

2208 3876 2349 3930 αὐτά
2385 3875 2485 3943 τῆς
2507 3876 2658 3937 θείας
2689 3874 2908 3942 φύσεως
2934 3872 3076 3948 εἶναι
3118 3875 3357 3937 δεικνὺς,
3391 3875 3491 3927 καὶ
3532 3875 3611 3927 ὃτι
3675 3864 3762 3921 ἀπδ

2206 3967 2317 4021 τῶν
2349 3968 2670 4035 κτισμάτων
2714 3966 2775 4019 οὐ
2801 3967 2923 4023 κατ’
2948 3967 3150 4023 οὐσίαν
3181 3968 3210 4021 6
3240 3966 3372 4029 Θεὸς
3404 3966 3616 4035 ὁρᾶται,
3662 3952 3760 4011 κατ’

2209 4060 2476 4129 Εὐνόμιόν
2515 4077 2572 4112 τε
2599 4061 2696 4112 καὶ
2735 4060 3047 4130 Γρηγορᾶν,
3078 4059 3215 4112 ἀλλὰ
3248 4057 3388 4111 κατὰ
3424 4056 3623 4117 ταύτας
3647 4049 3759 4120 μᾶλ-

2208 4146 2299 4199 λον
2333 4146 2434 4208 τὰς
2458 4146 2765 4214 ἐνεργείας.
2801 4146 3057 4203 Τοσαῦτα
3083 4147 3145 4199 τὸ
3172 4146 3347 4217 βραχὺ
3387 4146 3486 4199 τοῦ
3542 4142 3759 4208 θεολόγον

2208 4238 2408 4308 χωρίον
2439 4241 2638 4303 ἐκεῖνο,
2678 4240 2773 4291 καὶ
2806 4238 3014 4291 τοιαῦτ’
3054 4239 3112 4293 ἐν
3142 4237 3310 4308 ὀλίγῳ
3334 4236 3597 4295 συλλαϐὸν
3624 4233 3721 4302 ἔχει
3746 4245 3756 4259 ·

2212 4332 2357 4387 οὕτω
2383 4333 2700 4404 περιφανῶς
2735 4333 2835 4403 τὴν
2858 4334 3269 4403 ὐπονυουμένην
3303 4333 3398 4386 ἐπὶ
3426 4332 3559 4386 Θεοῦ
3594 4329 3755 4385 σύνθε·

2212 4439 2296 4475 σιν
2336 4425 2432 4477 καὶ
2482 4422 2624 4476 κατὰ
2654 4423 2781 4485 τοὺς
2816 4423 3146 4492 εἰρημένους
3177 4424 3326 4493 τρεῖς
3356 4422 3549 4491 λόγους
3590 4421 3637 4474 οἰ
3663 4418 3758 4470 θεῠο

2139 4511 2363 4579 υλόγοι
2393 4513 2638 4582 Πατέρις
2663 4513 2854 4583 πόρῤω
2899 4531 3001 4566 που
3053 4514 3164 4566 τῶν
3207 4513 3497 4583 προθύρων
3550 4504 3761 4565 ἀπελαύ-

2211 4616 2362 4655 νουσι
2421 4600 2523 4671 τῆς
2576 4602 2907 4672 Ἐκκλησίας
2952 4602 3211 4673 Χριστοῦ.
3280 4603 3337 4656 '0
3390 4604 3448 4656 δὲ
3510 4600 3759 4672 Γρηγορᾶς

2210 4691 2399 4747 οὐτοσὶ
2437 4691 2690 4762 καθάπερ
2720 4710 2799 4757 τις
2824 4694 3123 4761 αὐτόνομος
3157 4694 3418 4763 τύραννος
3476 4695 3534 4746 οὐ
3590 4694 3759 4758 νόμους

2209 4779 2613 4851 ἀνθρωπίνους,
2643 4783 2737 4837 καὶ
2785 4782 2962 4852 θεσμὰ
3013 4784 3354 4853 βιαζόμενος,
3402 4784 3535 4837 ἀλλά
3589 4783 3757 4845 νόμους

2210 4869 2474 4941 ἄντικρυς
2501 4872 2701 4936 θείους,
2743 4877 2986 4934 καὶτοὺς
3040 4877 3247 4929 τούτων
3306 4880 3484 4946 ἱεροὺς
3530 4873 3755 4928 διδασκά-

2210 4963 2338 5025 λους
2364 4965 2457 5016 καὶ
2488 4965 2762 5035 κήρυκας,
2789 4969 2883 5018 καὶ
2919 4968 3087 5020 πᾶσιν
3111 4970 3443 5032 ἀπεναντίας
3471 4969 3750 5035 ἱστάμενος.

2210 5056 2307 5108 καὶ
2343 5055 2636 5119 τοσούτους
2662 5058 2759 5111 καὶ
2791 5059 3146 5128 τηλικούτους
3192 5060 3302 5114 τῶν
3336 5061 3595 5128 θεολόγων
3643 5053 3754 5122 ὁμοῦ

2211 5144 2723 5215 παραλογιζόμενος
2750 5147 2961 5213 >-όῖους,
2986 5152 3078 5203 καὶ
3109 5154 3221 5213 τοῖς
3278 5151 3591 5220 νομοθέταις
3626 5149 3752 5200 ἀντι·

2209 5234 2518 5305 νομοθετῶν
2567 5233 2848 5306 ἄντικρυς,
2898 5240 3074 5308 αὐτὴν
3121 5236 3263 5294 εἶναί
3319 5259 3453 5312 φησι
3496 5240 3590 5310 τὴν
3626 5238 3753 5290 θείαν

2209 5330 2372 5397 φύσιν
2402 5327 2469 5379 τά
2509 5328 2753 5393 φυσικῶς
2784 5329 2956 5400 ταύτῃ
2989 5334 3261 5401 προσόντα
3315 5335 3405 5386 καὶ
3437 5334 3568 5403 μηδὲ
3600 5332 3751 5398 ἡντιν-

2209 5415 2303 5470 οῦν
2334 5417 2533 5469 ἐνεῖναι
2560 5417 2849 5486 διαφορὰν,
2885 5421 2917 5490 ἢ
2947 5419 3089 5474 οῦτω
3116 5438 3178 5494 γε
3219 5423 3470 5476 σύνθετον
3521 5419 3650 5474 εἶναι
3674 5418 3750 5467 τὸν

2210 5506 2344 5559 Θεὸν
2384 5508 2525 5559 κατὰ
2556 5509 2735 5560 πᾶσαν
2766 5511 3011 5580 ἀνάγκην
3042 5527 3054 5542 ο
3087 5514 3219 5582 μηδὲ
3248 5514 3356 5589 γάρ
3389 5514 3637 5584 ἐγχωρεῐγ
3663 5523 3751 5573 φτΓ

2215 5614 2296 5649 σιν
2322 5597 2521 5658 ἄλλως.

2282 5689 2471 5741 Καίτοι
2528 5707 2609 5755 γε,
2639 5690 2916 5760 φιλόσοφε,
2956 5694 3089 5762 πρὸς
3116 5695 3277 5748 αὐτ“ν
3324 5698 3389 5752 ἂν
3418 5695 3638 5763 εἴποιμι,
3673 5688 3747 5742 καὶ

2212 5785 2472 5846 φυσικοὶς
2510 5784 2721 5848 λόγους,
2752 5790 2846 5836 καί
2880 5789 2979 5855 τὴν
3014 5790 3123 5838 τῶν
3165 5791 3455 5861 αἰσθητῶν,
3490 5792 3574 5844 καὶ
3628 5789 3744 5851 ὁ,-ί’)’

2213 5875 2390 5943 μένων
2428 5878 2650 5929 τουτωνὶ
2688 5878 2857 5947 τάξιν,
2885 5881 2999 5933 ἀλλ’
3031 5883 3149 5953 οὐλὶ
3181 5885 3330 5949 θείας
3357 5887 3560 5956 Γρλφὲις
3587 5882 3740 5952 μόνον,
