4054 6432
330 333 435 394 9.37
1080 336 1376 396 CONTRA
1425 337 1524 397 GR
1539 336 1787 394 EGORA
1804 335 1852 393 Μ

1916 332 2668 394 ANTIRRIIETICQRUM
2727 333 2825 392 ῐΧ.

3490 328 3594 391 998

329 445 526 506 εἰπὼν,
559 445 648 496 καὶ
675 446 882 515 ὅσαπερ
916 442 981 518 ἦν
1010 449 1158 516 αὐτῷ
1193 451 1532 518 βῆυλομένιῑρ,
1565 452 1624 502 16
1648 452 1901 504 πλεῖστον
1930 453 1978 510 Α
2011 467 2162 502 σκειν
2195 453 2252 500 ἐν
2279 452 2346 520 τῇ
2375 451 2536 514 φύσει
2566 447 2943 517 παραλλαγὴν,
2978 446 3076 498 οὐκ
3118 445 3427 499 ἀπεικότως
3463 447 3596 511 μιᾶς

333 539 528 606 αὐτῆς,
571 539 649 598 ὡς
687 539 821 608 μηδέ
857 540 1022 609 ῥηθὲν
1051 543 1146 608 τὴν
1175 544 1372 612 ἀρχὴν,
1403 544 1574 612 λήθης
1607 544 1786 612 ἀφῆκε
1820 543 1914 611 φέ-

328 630 526 700 ρεσθαι
578 631 865 700 ῥεύμασιν.
929 632 1074 684 Ἀλλ’
1119 635 1146 684 6
1202 635 1479 698 συνοδικὸς
1529 637 1660 705 ἡμῖν
1705 634 1912 690 ἄνωθεν

327 721 503 776 ταῦτα
557 724 767 791 λεγέτω
821 725 1006 794 τόμος,
1064 727 1158 778 καὶ
1211 728 1383 794 ὑγιῶς
1438 745 1499 782 τε
1543 729 1640 781 καὶ
1691 729 1913 798 ἀπαρα-

327 815 569 878 λείπτως
602 816 670 868 τὰ
707 815 902 869 ἑαυτοῦ
935 819 1028 870 καὶ
1063 813 1224 882 αὖθις
1250 819 1515 882 διεξιέτω.
1570 820 1778 875 Αὐτίκα
1805 819 1913 888 γάρ

330 925 499 977 φησιν
528 909 556 960 6
586 909 760 978 μέγας
791 908 1074 972 Βασίλειος
1108 911 1166 962 ἐν
1188 913 1302 973 τοῖς
1333 912 1458 964 κατ’
1484 911 1774 982 Εὐνομίου,
1806 913 1915 965 Καὶ

331 999 487 1060 αὐτὸ,
519 1000 674 1066 φησι,
705 998 764 1050 16
792 1002 892 1068 τῆς
915 999 1170 1066 θέοτητος
1199 1001 1394 1070 ὄνομα,
1420 1001 1530 1054 εἴτε
1557 1003 1655 1072 τὴν
1687 1005 1915 1055 ἐποπτι-

333 1092 461 1156 κὴν,
503 1091 615 1142 εἶτε
652 1093 754 1159 τὴν
792 1091 1164 1162 προνοητικὴν
1219 1093 1470 1158 ἐξουσίαν
1527 1095 1804 1162 σημαίνει,
1839 1095 1918 1148 οἰ-

333 1181 498 1245 κείως
535 1178 649 1251 εἶχε
695 1184 835 1251 πρὸς
871 1183 935 1236 16
983 1183 1347 1251 ἀνθρώπινον.
1391 1185 1558 1238 Τοῦδε
1611 1185 1746 1254 μηδέ
1779 1203 1917 1256 μνη-

337 1271 488 1334 σθεὶς
513 1273 649 1334 ὅλως
671 1273 698 1322 6
724 1272 1139 1342 Γρηγορὶς,τοῦ
1157 1274 1282 1339 ἐξῆς
1303 1275 1378 1336 ὡς
1403 1275 1460 1341 ἐξ
1482 1275 1656 1346 ἀρχῆς
1683 1276 1748 1345 δή
1772 1294 1916 1339 τινος

335 1363 586 1432 ἄρχεται.
628 1363 739 1415 Καὶ
765 1364 927 1416 πάλιν
958 1365 984 1416 6
1036 1365 1199 1427 αὐτὸς
1240 1367 1298 1417 ἐν
1327 1369 1398 1436 τῇ
1428 1367 1565 1437 πρὸς
1615 1368 1916 1422 Εὐστάθιον

336 1456 428 1508 τὸν
471 1456 654 1524 ἰατρὸν
688 1456 970 1526 ἐπιστολῇ.
1019 1458 1256 1524 Οὐκοῦν,
1311 1461 1498 1528 φησὶν,
1540 1461 1572 1528 ἡ
1613 1461 1714 1528 τῆς
1765 1462 1918 1528 ἐνερ-

338 1550 496 1614 γείας
552 1550 817 1617 ταυτότης
866 1551 959 1603 ἐπὶ
1009 1552 1225 1620 Πατρός
1273 1554 1368 1603 καὶ
1422 1553 1556 1606 Υίοῦ
1605 1556 1702 1608 καὶ
1755 1553 1914 1624 ἁγίου

339 1641 654 1708 Πνεύματος
686 1642 928 1694 δείκνυσι
960 1644 1146 1711 σαφῶς
1185 1644 1244 1695 τὸ
1277 1645 1382 1714 τῆς
1415 1645 1631 1714 φύσεως
1668 1648 1916 1716 ἀπαράλ-

337 1731 702 1789 λακτον,ῶστε
744 1731 846 1784 κᾶν
881 1733 1042 1800 φύσιν
1092 1735 1337 1807 σημαίνῃ
1384 1735 1446 1787 16
1504 1738 1604 1804 τῆς
1659 1736 1916 1806 θεότητος

340 1825 532 1891 ὄνομα,
559 1824 760 1891 κυρίως
792 1825 888 1877 καὶ¹
918 1825 995 1894 τῷ
1029 1826 1168 1892 ἁγίω
1207 1827 1484 1895 Πνεύματι
1514 1828 1613 1898 τὴν
1643 1847 1918 1898 προσηγο-

343 1919 466 1986 ρίαν
495 1916 980 1987 προσαρμόζεσθαι
1007 1918 1216 1988 ταύτην
1253 1921 1285 1987 ἡ
1317 1920 1421 1986 τῆς
1451 1920 1638 1983 οὐσίας
1664 1923 1917 1990 κοινότης

339 2005 670 2058 συντίθεται.
701 2005 844 2057 Ἀλλ’
866 2005 968 2058 οὐκ
1000 2002 1118 2058 οἴδα
1145 2007 1297 2069 ὅπως
1328 2009 1420 2060 ἐπὶ
1445 2011 1548 2078 τὴν
1580 2011 1679 2078 τῆς
1702 2011 1916 2078 φύσεως

335 2097 560 2162 ἔνδειξιν
587 2098 686 2163 τὴν
721 2098 1101 2166 προσηγορίαν
1137 2097 1237 2166 τῆς
1273 2099 1534 2168 θεότητος
1578 2102 1837 2173 φέρουσιν
1866 2105 1916 2156 οἱ

335 2191 516 2242 πάντα
574 2190 1105 2254 κατασκευάζοντες.
1165 2193 1271 2244 Καὶ
1319 2194 1459 2262 μετά
1505 2211 1661 2248 τινα·
1705 2195 1916 2249 Οὐκοῦν

336 2283 586 2348 ἐξουσίας
611 2282 756 2344 τινός
785 2284 898 2340 εἴτε
931 2283 1264 2352 ἐποπτικῆςς
1298 2285 1410 2337 εἴτε
1435 2288 1802 2357 ἐνεργητικῆς
1829 2288 1917 2340 ἕν’

331 2372 501 2435 δειξιν
534 2375 566 2443 ἡ
591 2375 936 2443 προσηγορία
963 2375 1142 2444 φέρει.
1189 2376 1252 2427 Ἦ
1278 2376 1334 2428 δέ
1364 2377 1485 2429 θεία
1509 2379 1670 2445 φύσις
1692 2380 1749 2432 ἐν
1781 2381 1918 2432 πᾶσι

331 2467 446 2526 τοῖς
479 2466 894 2534 ἐπινοουμένοις
915 2465 1144 2536 ὀνόμασι
1179 2466 1315 2518 καθὸ
1350 2466 1466 2520 ἐστι
1498 2467 1649 2536 μένει
1673 2471 1920 2539 ἀσήμαν-

330 2577 456 2625 τος,
492 2558 567 2621 ὡς
605 2561 632 2611 ὁ
666 2559 937 2628 ἡμέτερος
967 2560 1144 2627 λόγος.
1175 2561 1484 2632 Εὐεργέτην
1513 2564 1621 2631 γὰρ
1655 2561 1751 2614 καὶ
1793 2580 1916 2630 κρι-

327 2649 454 2718 τὴν,
485 2649 689 2717 ἀγαθόν
718 2667 776 2702 τε
823 2649 918 2702 καὶ
959 2649 1185 2713 δίκαιον,
1230 2651 1326 2704 καὶ
1359 2652 1460 2704 ὅσα
1509 2652 1646 2704 ἄλλα
1690 2651 1918 2706 τοιαῦτα

333 2742 628 2813 μαθόντες,
669 2744 965 2814 ἐνεργειῶν
995 2744 1263 2812 διαφορὰς
1307 2745 1690 2814 ἐδιδάχθημεν.
1723 2746 1831 2797 Τοῦ
1860 2745 1918 2798 δὲ

327 2838 689 2905 ἐνεργοῦντος
734 2836 833 2906 τὴν
868 2837 1032 2902 φύσιν
1079 2838 1236 2890 οὐδὲν
1285 2836 1490 2905 μᾶλλον
1540 2837 1629 2891 διὰ
1673 2837 1775 2907 τῆς
1807 2837 1918 2891 τῶν

327 2932 630 2997 ἐνεργειῶν
662 2931 1048 3000 κατανοήσεως
1077 2931 1468 2999 δεδιδάγμεθα.

407 3025 588 3093 Μέχρι
613 3022 807 3077 τούτου
840 3022 1096 3091 φαίνεταί
1130 3040 1250 3085 πως
1297 3023 1661 3094 εὐγνωμονῶν
1703 3024 1917 3093 Γρηγο-

2018 543 2280 614 θεότητος
2332 543 2431 610 τὴν
2479 543 2687 612 Τριάδα
2743 540 3067 610 ὁριζόμεθα.
3127 539 3290 592 Ἀλλὰ
3334 542 3445 600 τῖς
3496 537 3598 600 ςιὲν

2019 635 2128 686 οὐδ’
2157 632 2562 703 ἐπεξεργασίας
2602 632 2724 686 οὐδέ
2773 632 3076 700 σαφηνείας
3125 631 3362 683 ἐνταῦθα
3407 630 3598 699 σχεδὶν

2020 727 2122 788 δεῖ,
2155 726 2300 780 οὕτω
2324 743 2384 779 τε
2415 726 2793 796 καθαρότητος
2832 727 2929 778 καὶ
2960 725 3274 792 εὐκρινείας
3326 724 3598 793 λαμπρῶς

2019 813 2228 884 ἔχουσι,
2248 815 2348 868 καὶ
2367 813 2630 876 πολλάκις
2657 813 2716 865 ἓν
2740 829 2804 879 γε
2825 816 2937 874 τοῖς
2957 813 3229 880 φθάσασιν
3256 813 3358 881 ἤδη
3383 813 3599 881 ῥηθεῖσι

2019 906 2116 960 καὶ
2147 906 2355 968 ἱκανῶς
2384 905 2876 974 ἐπεξεργασθεῖσιν
2907 907 3059 974 ἡμῖν,
3092 906 3148 956 ἐν
3187 899 3266 966 οἷς
3292 905 3466 974 δήπου
3505 907 3604 957 καὶ

2018 997 2113 1050 16v
2152 996 2285 1066 περὶ
2331 995 2486 1058 θείας
2539 995 2825 1065 ἐνεργείας
2855 1013 2916 1048 τε
2953 997 3048 1048 καὶ
3095 997 3401 1062 ἁπλότητος
3444 999 3604 1048 ἐσκος

2021 1086 2277 1157 πούμεθα
2296 1087 2476 1155 λόγον,
2503 1089 2642 1157 πλὴν
2667 1089 2866 1155 ὀλίγων
2895 1089 2959 1156 γέ
2985 1105 3172 1150 τινων,
3193 1088 3227 1141 ἃ
3257 1087 3320 1158 δὴ
3342 1089 3432 1141 καὶ
3463 1105 3599 1156 μετα

2025 1179 2224 1247 μικρὸν
2267 1179 2537 1242 ὡσαύτως
2568 1181 2808 1249 ἐροῦμεν
2833 1196 2848 1212 ’
2889 1180 2968 1231 δεῖ
2999 1179 3054 1232 δέ
3097 1180 3192 1231 καὶ
3233 1182 3356 1241 τοὺς
3390 1181 3600 1232 ἀπελπ-

2021 1270 2216 1334 θέντας
2245 1272 2340 1324 τοῦ
2363 1271 2588 1340 λογικοῦ
2621 1274 2720 1325 καὶ
2749 1273 3084 1340 δογματικοῦ
3117 1273 3307 1324 τούτου
3335 1273 3600 1340 δικαστη-

2023 1363 2144 1432 ρίου
2177 1365 2315 1434 πρδς
2361 1364 2456 1417 τοῦ
2494 1367 2753 1434 Γρηγορᾶ
2784 1366 3120 1434 συνηγόρους
3158 1365 3252 1416 τοῦ
3291 1365 3452 1431 λόγου
3502 1368 3602 1432 τῆς

2021 1458 2308 1521 εὐσεϐείας
2335 1462 2428 1512 καὶ
2471 1460 2780 1530 μάρτυρας,
2827 1460 2920 1512 ἅτε
2957 1459 3021 1528 δὴ
3068 1465 3160 1511 καὶ
3192 1459 3474 1526 θεολόγους
3508 1464 3604 1514 καὶ

2021 1545 2380 1608 διδασκάλους
2412 1547 2584 1615 αὐτῆς
2610 1549 2781 1600 πάλαι
2823 1551 3133 1618 πεφηνότας
3185 1552 3276 1603 καὶ
3327 1551 3602 1620 κήρυκας,

2013 1637 2121 1707 ,καὶ
2145 1636 2303 1700 αὐθις
2333 1640 2470 1708 πρὸς
2499 1640 2600 1710 τὴν
2639 1641 2867 1710 λογικὴν
2893 1643 3133 1710 ἀγωνίαν
3166 1645 3259 1695 καὶ
3291 1644 3349 1695 τὸ
3386 1644 3605 1698 στάδιον

2022 1729 2329 1795 κατελθεῖν,
2359 1732 2454 1783 καὶ
2505 1732 2572 1784 τὰ
2617 1733 2768 1800 σφῶν
2821 1732 3002 1785 αὐτῶν
3058 1734 3458 1804 ἀναπληρῶσαι
3502 1738 3602 1788 σὺν

1955 1808 1992 1860 Β
2019 1820 2166 1889 δίκῃ.
2197 1821 2482 1890 Είσαγέτω
2510 1821 2820 1893 τοιγαροῦν,
2857 1825 2951 1876 καὶ
2981 1824 3187 1891 λεγέτω
3217 1828 3309 1879 καὶ
3335 1827 3604 1882 τάκείνων

2017 1913 2284 1977 ὡσαύτως
2321 1917 2416 1967 καὶ
2453 1917 2614 1970 πάλιν
2643 1918 2672 1969 6
2712 1918 2899 1986 τόμος.
2935 1919 3042 1970 Καὶ
3071 1922 3099 1972 6
3132 1920 3289 1985 ἅγιος
3331 1923 3602 1975 ’Δναστά-

2020 2025 2153 2071 σιος,
2175 2010 2331 2075 φησὶ,
2355 2009 2530 2062 τοιάδε
2567 2011 2697 2079 περὶ
2726 2011 2933 2063 τούτων
2955 2010 3140 2080 φησίν·
3171 2011 3235 2064 ΊΙ
3263 2013 3408 2078 Θεός
3436 2029 3607 2081 προσ-

2015 2102 2215 2170 ηγορία
2272 2102 2542 2170 πρόδηλον
2586 2104 2670 2156 ὅτι
2705 2106 3034 2174 ἐνεργητικὴ
3083 2105 3363 2174 τυγχάνει.
3394 2107 3468 2158 Οὐ
3493 2107 3605 2176 γὰρ

2018 2191 2190 2259 αὐτὴν
2240 2193 2342 2260 τὴν
2375 2193 2470 2244 τοῦ
2515 2193 2652 2246 Θεοῦ
2704 2194 2896 2247 οὐσίαν
2940 2198 3293 2264 παρίστησιν,
3339 2197 3604 2251 ἀδύνατον

2018 2284 2127 2355 γὰρ
2164 2285 2372 2356 ταύτην
2425 2287 2655 2354 γνῶναι,
2699 2287 2836 2340 ἀλλὰ
2887 2287 2988 2358 τὴν
3035 2290 3383 2358 θεωρητικὴν
3431 2291 3601 2344 αὐτοῦ

2019 2380 2309 2448 ἐνέργειαν
2334 2381 2474 2450 ἡμῖν
2515 2381 2819 2450 παρίστησι
2855 2383 2951 2434 καὶ
2994 2383 3147 2450 δηλοῖ
3188 2383 3250 2434 τὸ
3290 2385 3460 2449 Θεός.
3495 2385 3608 2436 Καὶ

2021 2471 2184 2525 πάλιν
2215 2474 2242 2525 6
2281 2473 2466 2534 αὐτός·
2501 2474 2573 2524 T6
2630 2475 2779 2540 Θεός
2807 2472 2979 2542 ὄνομα
3029 2475 3089 2526 οὐ
3140 2474 3239 2544 τὴν
3269 2475 3459 2529 οὐσίαν
3505 2479 3608 2547 τῆς

2021 2563 2278 2631 θεότητος
2305 2566 2582 2634 σημαίνει,
2619 2566 3010 2636 ἀκατάληπτος
3041 2569 3151 2637 γὰρ
3178 2567 3315 2635 αὐτη
3341 2570 3437 2621 καὶ
3459 2570 3610 2623 ἁνώσ

2021 2657 2192 2725 νυμός
2227 2659 2398 2720 ἐστιν,
2439 2657 2556 2710 ἀλλ’
2606 2658 2672 2710 ἐκ
2700 2659 2800 2726 τῆς
2847 2660 3194 2730 θεωρητικῆς
3234 2661 3400 2713 αὐτοῦ
3455 2665 3610 2732 ἐνερ-

2022 2748 2176 2816 γείας
2204 2748 2338 2812 Θεὸς
2372 2752 2613 2819 εἴρηται,
2645 2750 2718 2814 ὥς
2757 2768 2923 2819 φησιν
2969 2751 2997 2802 6
3046 2751 3202 2819 ἆγιος
3235 2753 3535 2814 Διονύσιος,
3573 2756 3604 2820 ἢ

2022 2841 2088 2894 ἐκ
2129 2842 2224 2894 τοῦ
2251 2842 2416 2904 θέειν,
2461 2843 2632 2911 ἤγουν
2676 2843 3005 2912 διατρέχειν,
3039 2844 3070 2915 ἦ
3111 2847 3176 2897 ἐκ
3210 2845 3304 2897 τοῦ
3352 2847 3546 2906 αἴθειν,
3580 2847 3610 2898 ὃ

2023 2933 2138 2986 ἐστι
2173 2934 2472 3001 φλογίζειν.
2515 2935 2573 2987 'O
2600 2935 2658 2987 δέ
2693 2936 2854 2998 αὐτὸς
2887 2937 3059 3003 μέγας
3085 2937 3382 2999 Διονύσιος,
3413 2939 3472 2990 Εἰ
3507 2939 3610 3007 τὴν

2021 3024 2374 3094 ὐπερούσιον,
2408 3027 2562 3093 φησὶ,
2602 3025 2948 3095 κρυφιότητα
2992 3026 3146 3086 Θεὸν,
3183 3028 3420 3096 ἢζωὴν,
3455 3028 3486 3096 ἦ
3517 3029 3608 3079 οὐ-

327 3116 458 3202 ρᾶς,
489 3115 614 3166 ὅσον
645 3113 783 3182 πρὸς
834 3113 934 3182 τὴν
989 3112 1318 3181 ἐξαγγελίαν
1355 3115 1453 3168 καὶ
1504 3117 1606 3185 τὴν
1660 3115 1917 3185 διήγησιν
1945 3146 1988 3204 C
2027 3118 2170 3180 σίαν,
2209 3117 2241 3188 ἢ
2286 3117 2427 3184 φῶς,
2470 3119 2500 3187 ἦ
2552 3117 2710 3184 λόγον
2761 3117 3158 3186 όνομάσαιμεν,
3214 3119 3366 3171 οὐδὲν
3418 3112 3607 3189 ἕτερον

324 3209 470 3268 τέως
508 3206 672 3274 φημῦ
712 3207 784 3258 τὰ
820 3207 877 3258 δέ
912 3204 1120 3260 τούτων
1151 3205 1280 3276 ἑξῆς
1307 3206 1516 3275 φροῦδα
1559 3207 1690 3276 παρ’
1718 3207 1914 3278 ἐκείνῳ

325 3301 432 3354 καλ¹
489 3299 845 3368 χαμαιῤῥιφῆ
899 3315 1045 3362 τινα,
1102 3299 1196 3352 καὶ
1256 3299 1594 3370 ἐκτρώματα
1639 3299 1762 3354 οὐδὲ
1813 3301 1915 3372 τὴν

326 3394 574 3463 φυσικὴν
607 3392 879 3462 ἁρμονίαν
911 3392 1093 3446 αὐτῶν
1137 3392 1444 3445 αἱδεσθέντι
1483 3392 1620 3463 πρός
1659 3393 1728 3446 τὰ
1775 3411 1918 3464 συμ-

325 3488 451 3557 φυᾶ
479 3503 537 3538 τε
571 3487 669 3538 καὶ
715 3484 1088 3538 ἁδιάσπαστα.
1137 3485 1278 3553 Φησὶ
1323 3484 1618 3554 τοιγαροῦν
1668 3486 1696 3537 6
1743 3486 1919 3552 μέγας

324 3580 430 3633 καὶ
452 3575 632 3640 αὖθις,
661 3578 1095 3639 κατασκευάζων
1124 3575 1250 3637 τούς
1297 3576 1713 3646 προῤῥηθέντας
1753 3577 1918 3638 αὐτός

324 3675 353 3724 ὲ
369 3668 530 3721 χυτοῦ
547 3669 763 3735 λόγουςο
793 3669 964 3719 Ὅταν
987 3666 1097 3736 γὰρ
1123 3667 1361 3736 ἀποδιδῷ
1385 3684 1470 3730 τις
1499 3668 1656 3735 λόγον
1681 3667 1914 3721 ἑκάστου

323 3761 439 3812 τῶν
472 3759 777 3828 ὀνομάτων,
807 3759 902 3809 καὶ
934 3757 1106 3825 αὐτῆς
1148 3758 1246 3824 τῆς
1279 3757 1520 3822 φύσεως,
1576 3759 1710 3826 περὶ
1748 3760 1814 3828 ἢν
1848 3760 1918 3813 τὰ

324 3853 594 3921 ὀνόματα,
622 3853 681 3903 οὐ
713 3851 806 3902 τὸν
851 3849 1016 3900 αὐτὸν
1044 3848 1376 3916 ἀμφοτέρων
1420 3849 1696 3902 ἀποδώσει
1734 3850 1912 3918 λόγον.

326 3943 444 3996 τΩν
477 3947 533 3996 δὲ
565 3947 590 3996 6
620 3944 776 4011 λόγος
807 3943 1016 4012 ἕτερος,
1039 3940 1246 3994 τούτων
1269 3941 1362 3992 καὶ
1383 3942 1416 4009 ἡ
1445 3943 1605 4007 φύσις
1634 3941 1911 4010 διάφορος.

324 4036 544 4092 Οὐκοῦν
573 4036 706 4090 ἄλλο
747 4035 846 4102 μὲν
880 4035 913 4101 ἡ
944 4034 1124 4091 οὐσία,
1154 4027 1224 4102 ἦς
1262 4031 1416 4085 οὔπω
1455 4032 1614 4100 λόγος
1669 4034 1916 4102 μηνυτὴς

323 4130 616 4199 ἐξευρέθη,
658 4128 824 4196 ἐτέρα
856 4129 912 4179 δέ
940 4127 1048 4179 τῶν
1074 4127 1206 4197 περὶ
1236 4125 1406 4196 αὐτὴν
1435 4128 1720 4196 ὀνομάτων
1745 4129 1778 4196 ἡ
1816 4144 1918 4197 ση-

328 4221 530 4292 μασίας.
572 4220 635 4280 ἐξ
660 4217 946 4289 ἐνεργείας
998 4218 1144 4282 τινὸς
1195 4219 1228 4288 ἢ
1277 4219 1436 4283 ἀξίας
1466 4217 1914 4289 ὀνομαζομένων.

325 4314 443 4368 Καὶ
479 4313 644 4367 πάλιν
669 4315 698 4365 6
727 4312 889 4376 αὐτός
921 4329 1056 4381 φησι
1080 4311 1258 4380 μέγας
1284 4311 1572 4375 Βασίλειος
1602 4315 1660 4364 ἐν
1683 4314 1750 4382 τῇ
1775 4312 1914 4382 αὐτῇ

326 4406 614 4477 ἐπιστολῇο
649 4405 774 4458 Εἴτε
802 4405 1089 4477 ἐνεργείας
1127 4403 1301 4474 ὄνομα
1331 4405 1365 4474 ἡ
1400 4403 1593 4474 θεότης
1615 4445 1630 4468 ,
1659 4403 1737 4465 ὡς
1781 4406 1915 4473 μίαν

324 4499 619 4565 ἐνέργειαν
653 4497 865 4564 Πατρός
907 4499 1003 4550 καὶ
1043 4494 1178 4548 Υίοῦ
1228 4495 1324 4547 καὶ
1376 4495 1536 4563 ἁγίου
1570 4493 1912 4562 Πνεύματος,

323 4590 475 4643 οὕτω
509 4589 640 4657 μίαν
682 4587 866 4657 φαμέν
902 4583 1045 4639 εῖναι
1085 4586 1179 4638 καὶ
1208 4586 1310 4652 τὴν
1343 4584 1596 4655 θέοτητα.
1645 4583 1789 4637 Ἀλλ’
1831 4587 1915 4636 ἐν-

321 4681 503 4736 ταῦθα
535 4681 734 4749 μικρὸν
766 4679 877 4732 τῶν
924 4679 1100 4746 λόγων
1145 4677 1240 4731 τοῦ
1281 4677 1523 4745 μεγάλου
1555 4676 1913 4746 διακόψαντες

324 4777 428 4845 τὴν
457 4774 765 4842 συνέχειαν,
793 4773 894 4842 τῆς
925 4771 1192 4832 πολλάκις
1237 4770 1338 4839 ήδη
1377 4768 1642 4840 ρηθείσης
1687 4769 1913 4838 γνώμης

320 4873 438 4929 τοῖς
457 4866 752 4932 θεολόγοις,
778 4867 872 4916 καὶ
898 4866 1004 4932 πρὸ
1031 4862 1140 4914 τῶν
1157 4861 1337 4914 ἄλλων
1359 4859 1509 4928 αὐτῷ
1538 4877 1684 4929 φημι
1711 4861 1912 4929 τούτῳ,

318 4960 419 5013 τὸν
454 4959 746 5026 φιλόσοφον
777 4955 1216 5023 ἀναμνήσωμέν,
1269 4952 1603 5022 Κατὰλληλα
1653 4952 1735 5004 δεῖ
1789 4955 1914 5016 ταῖς

321 5050 553 5118 φύσεσιν
583 5046 748 5112 εἶναι,
783 5047 1074 5113 λεγούσης,
1111 5047 1178 5098 τὰ
1213 5045 1440 5114 φυσικὰ,
1482 5047 1579 5096 καὶ
1617 5045 1754 5114 μήτε
1807 5045 1913 5114 ψ)-

320 5160 442 5215 χειν
473 5143 532 5194 16
567 5143 702 5209 πῦρ,
753 5142 891 5208 μήτε
937 5138 1260 5208 θερμαίνειν
1296 5137 1389 5190 τὸν
1439 5137 1798 5208 κρύσταλλον,
1837 5137 1914 5199 ὡς

317 5233 464 5288 εἶναι
505 5233 602 5300 τῆς
639 5232 736 5300 μὲν
764 5231 1028 5282 ἁκτίστου
1076 5227 1290 5294 φύσεως
1335 5226 1596 5279 ἄκτιστον
1628 5227 1726 5296 τὴν
1763 5227 1916 5293 ἐνέρ-

316 5342 502 5394 γειαν,
551 5323 776 5391 κτιστὴν
823 5324 880 5375 δέ
920 5321 1021 5387 τῆς
1067 5318 1321 5388 κτιστῆς,
1360 5319 1526 5384 μέσον
1577 5317 1634 5370 δέ
1689 5317 1916 5386 κτιστῆς

318 5419 420 5470 καὶ
445 5416 705 5470 ἀκτίστου
734 5415 832 5466 οὐκ
857 5412 1006 5465 ἐστιν
1041 5411 1178 5480 ἄλλη
1216 5412 1495 5481 ἐνέργεια,
1519 5411 1567 5462 οί
1599 5411 1755 5463 αὐτοὶ
1797 5410 1917 5462 θεο-

322 5508 479 5576 λόγοι
505 5506 602 5559 καὶ
635 5504 792 5557 τοῦτό
828 5521 1014 5572 φασιν.
1069 5503 1191 5555 Ἐπὶ
1225 5503 1281 5554 δέ
1312 5502 1404 5554 τὸν
1434 5502 1602 5570 τόμον
1639 5500 1796 5564 αὖθις
1823 5513 1914 5562 καὶ

328 5599 423 5651 τὸν
457 5598 632 5668 μέγαν
680 5593 966 5648 Βασίλειον
1011 5591 1425 5662 ἐπανέλθωμεν.
1478 5593 1602 5644 Είτε
1638 5593 1730 5644 καὶ
1775 5594 1915 5645 κατὰ

342 5690 442 5752 τὰς
473 5689 583 5741 τῶν
627 5688 859 5752 πολλῶν,
901 5689 1056 5755 φησὶ,
1103 5685 1263 5750 δόξας
1317 5683 1532 5753 φύσεως
1583 5683 1914 5735 ἐνδεικτικόν

323 5786 454 5837 ἐστι
483 5781 543 5836 16
572 5781 672 5852 τῆς
725 5779 979 5850 θεότητος
1007 5778 1200 5847 ὄνομα,
1247 5777 1336 5830 διὰ
1363 5776 1423 5829 τὸ
1457 5775 1732 5848 μηδεμίαν
1763 5776 1912 5846 εὐρε-

2021 3209 2252 3279 νοοῦμεν
2296 3208 2328 3278 ἧ
2363 3210 2462 3265 τὰς
2495 3211 2574 3271 εἰς
2609 3210 2758 3278 ἡμᾶς
2791 3210 2850 3275 ἐξ
2882 3209 3052 3278 αὐτῆς
3100 3211 3491 3279 προαγομένας
3519 3213 3610 3264 δυ-

2021 3301 2238 3370 νάμεις,
2277 3301 2635 3363 ἐκθεωτικὰς.
2687 3301 2719 3370 ἦ
2785 3303 3152 3363 οὐσιοποτοὺς,
3198 3304 3230 3373 ἢ
3285 3303 3608 3372 ζωογόνους,

2022 3388 2056 3457 ἢ
2088 3389 2455 3457 σοφοδὼρους.
2482 3390 2627 3459 Λύτῇ
2660 3390 2717 3442 δέ
2747 3391 2890 3444 κατὰ
2917 3391 3016 3458 τὴν
3043 3393 3232 3445 πασῶν
3263 3393 3375 3445 τῶν
3409 3395 3610 3462 νοερῶν

2021 3482 2313 3552 ἐνεργειῶν
2343 3481 2608 3533 ἀπόλυσιν
2677 3483 3072 3552 ἐπιϐάλλομεν,
3123 3484 3384 3548 οὐδεμίαν
3441 3487 3611 3554 ὁρῶν·

2017 3587 2113 3632 τες
2143 3570 2366 3629 θέωσιν,
2418 3568 2451 3638 ἢ
2485 3568 2632 3640 ζωὴν
2681 3571 2712 3639 ἢ
2765 3572 2979 3634 οὐσίαν,
3013 3573 3137 3641 ἥτις
3184 3573 3434 3640 ἀκριϐῶς
3463 3577 3610 3628 ἐστιν

2019 3662 2271 3733 ἐμφερὴς
2301 3664 2368 3732 τῇ
2403 3662 2628 3715 πάντων
2654 3662 2971 3733 ἐξῃρημένη
3009 3665 3154 3716 κατὰ
3197 3665 3384 3718 πᾶσαν
3409 3668 3612 3738 ὑπερο-

2025 3753 2130 3823 χὴν
2167 3754 2346 3822 αίτίᾳ.
2386 3754 2495 3805 Καὶ
2522 3753 2686 3807 πάλιν
2717 3757 2744 3806 6
2782 3755 2944 3816 αὐτός
2976 3771 3132 3823 φησι·
3161 3755 3364 3824 Θεότης
3391 3758 3540 3810 ἐστὶν
3571 3763 3606 3830 ἡ

2023 3847 2202 3899 πάντα
2233 3846 2485 3916 θεωμένη
2533 3848 2786 3918 πρόνοια.
2830 3848 2956 3899 ’Ότι
3005 3847 3128 3917 δὲή
3169 3849 3422 3919 ἐνέργειά
3467 3856 3608 3917 ἐστι,

2019 3941 2110 3993 καὶ
2142 3940 2200 4005 ἐξ
2227 3939 2405 3992 ἄλλων
2450 3941 2548 4008 μὲν
2589 3939 2751 3992 τοῦτο
2804 3939 3106 4008 γνώριμον,
3161 3941 3401 4007 μάλιστα
3435 3945 3610 3997 δὲκαὶ

2019 4032 2081 4097 ἐξ
2103 4028 2178 4085 ὧν
2229 4035 2258 4086 6
2291 4031 2466 4100 μέγας
2510 4031 2834 4094 Ἀθανάσιος
2874 4034 3079 4102 γράφει
3113 4033 3308 4100 λέγων,
3359 4037 3432 4088 Οὐ
3464 4039 3610 4090 κατὰ

2021 4128 2188 4193 ἄλλην
2226 4125 2318 4178 καὶ
2352 4126 2521 4196 ἄλλην
2557 4128 2817 4194 πρόνοιαν
2856 4129 2884 4180 6
2919 4128 3108 4196 Πατὴρ
3156 4128 3248 4180 καὶ
3277 4129 3306 4180 6
3356 4129 3483 4190 Υἱὸς
3515 4131 3608 4200 ἐρ-

2019 4219 2274 4288 γάζεται,
2305 4219 2443 4271 ἀλλὰ
2481 4218 2627 4271 κατὰ
2686 4219 2817 4287 μίαν
2851 4221 2946 4271 καὶ
2991 4223 3090 4290 τὴν
3140 4223 3313 4291 αὐτὴν
3365 4221 3603 4290 οὐσιὼδη

2020 4311 2119 4380 τῆς
2149 4311 2406 4379 θεότητος
2434 4312 2738 4378 ἐνέργειαν.
2778 4311 2938 4362 Ἀλλὰ
2960 4311 3053 4362 καὶ
3083 4314 3111 4364 ό
3138 4313 3308 4378 μέγας
3330 4312 3606 4375 Διονύσιος

2019 4399 2185 4452 πάλιν
2219 4402 2278 4452 ἐν
2314 4403 2380 4470 τῇ
2445 4401 2582 4470 πρὸς
2613 4401 2774 4452 Γάϊον
2804 4400 3034 4471 δευτέρα
3076 4402 3334 4472 ἐπιστολῇ
3371 4403 3602 4472 θέοτητά

2021 4508 2188 4558 φησιν
2233 4487 2374 4544 εἶναι
2423 4491 2484 4543 16
2518 4491 2707 4561 χρῆμα
2743 4489 2837 4542 τοῦ
2883 4491 3134 4543 Θεοποιοῦ
3165 4491 3368 4560 δώρου,
3417 4495 3514 4545 καί
3544 4497 3607 4546 16

2018 4583 2301 4652 ἀμίμητον
2352 4585 2577 4651 μίμημα
2625 4581 2720 4634 τοῦ
2759 4582 3033 4651 ὑπερθέου
3077 4583 3170 4635 καὶ
3223 4583 3603 4656 ὐπεραγάθου,

2017 4676 2156 4729 καθὸ
2196 4674 2472 4744 θεούμεθα
2500 4677 2597 4727 καὶ
2622 4675 3035 4743 ὰγαθυνόμεθα.
3212 4677 3216 4680 ’
3601 4679 3608 4686 ’

2089 4768 2392 4829 Τοσούτους
2447 4769 2542 4820 καὶ
2586 4768 2951 4836 τηλικούτους
2997 4769 3103 4822 τῶν
3155 4771 3286 4840 περὶ
3345 4771 3606 4840 θεότητος

2017 4859 2190 4925 λόγων
2225 4857 2497 4926 ἐξηγητάς
2541 4873 2600 4908 τε
2648 4858 2743 4910 καὶ
2793 4857 3080 4927 μάρτυρας
3119 4863 3147 4911 ό
3179 4861 3304 4923 τοὺς
3344 4862 3606 4932 ἀντιρρη-

2017 4951 2202 5010 τικούς
2255 4951 2438 5002 οὐτοσὶ
2485 4949 2609 5001 κατ’
2640 4950 2822 5001 αὐτῶν
2847 4966 2906 5000 τε
2943 4953 3036 5002 καὶ
3075 4952 3235 5020 ἡμῶν
3272 4953 3594 5022 προσποιού-

2021 5059 2183 5110 μενος
2273 5041 2577 5105 ξυντιθέναι
2640 5041 2982 5112 τυραννικῶς
3038 5043 3135 5094 καὶ¹
3203 5043 3343 5109 μετὰ
3397 5042 3604 5113 πολλῆς

2017 5130 2318 5193 διαπτύςας
2366 5133 2464 5198 τῆς
2513 5131 2890 5200 κακουργίας,
2947 5129 3066 5185 εἶτα
3124 5133 3218 5185 κα)⁵
3251 5133 3476 5202 θορυϐεῖ
3508 5137 3602 5186 καὶ

2017 5225 2384 5291 ἀναισχυντεῖ,
2426 5224 2520 5274 καὶ
2559 5224 2699 5290 μετὰ
2744 5224 3010 5294 πλείστης
3039 5226 3172 5294 ὅσης
3214 5225 3460 5295 ἐπιπηδᾷ
3503 5227 3602 5294 τῆς

2018 5315 2318 5378 ἀναιδείας,
2364 5316 2500 5384 μήτε
2531 5315 2840 5384 Γραφικαῖς
2869 5316 3201 5380 ἀποδείξεσι,
3233 5320 3372 5387 μήτε
3417 5317 3606 5370 θεολο-

2017 5410 2202 5475 γικαῖς
2235 5423 2345 5459 τισι
2384 5407 2721 5475 μαρτυρίαις
2750 5409 3107 5476 συκοφαντῶν
3147 5411 3294 5480 ἡμᾶς
3332 5410 3600 5480 μηδαμῶς

2020 5499 2345 5552 πιστοῦσθαι
2377 5499 2505 5559 τοὺς
2536 5499 2753 5566 λόγους.
2787 5500 2904 5554 ἀλλ’
2937 5501 3152 5554 οἴκοθεν
3192 5504 3280 5555 καὶ
3315 5503 3446 5572 παρ’
3473 5505 3600 5555 ἐαυ-

2018 5589 2126 5642 τῶν
2190 5589 2355 5640 οἱονεί
2401 5606 2522 5642 τινα
2579 5590 2926 5659 θεσπίσματα
2991 5591 3214 5653 τούτους
3274 5593 3599 5660 προφέρειν,

2032 5681 2194 5751 Ὁρᾷς
2231 5681 2324 5732 καὶ
2360 5681 2520 5744 αὐτὸς
2574 5684 2683 5752 γὰρ
2709 5723 2724 5744 ,
2778 5685 2913 5752 φησὶ
2939 5726 2950 5741 .
3002 5684 3138 5745 πρὸς
3187 5684 3280 5735 τὸν
3320 5685 3606 5753 ἀκροατὴν

2021 5772 2216 5825 ἑαυτοῦ
2275 5773 2370 5824 καὶ
2428 5774 2790 5842 μυσταγωγὸν
2831 5776 2972 5844 ὁμοῦ
3026 5775 3468 5844 Ἀγαθάγγελον,
3523 5778 3600 5833 ὠ..
