4054 6474
219 391 346 457 1009

988 396 1290 462 CONTRA
1334 398 1761 462 GREGORAM
1810 403 2582 468 ANTIRBHE'I‘ICORUM
2620 405 2728 466 IX.

3343 401 3475 466 1010

214 512 280 567 τὰ
319 512 600 585 Χερουϐὶμ
647 513 741 568 καὶ
776 514 846 569 τὰ
881 515 1160 588 Σεραφὶμ,
1199 506 1302 571 ὐπὸ
1348 517 1447 590 τῆς
1488 519 1628 588 ἄγαν
1657 521 1794 575 ἁπο-
1824 529 1869 586 Α
1897 521 2042 576 οῦτω
2092 522 2384 592 τοιγαροῦν
2433 523 2842 600 κατ’-ἐκείνους
2871 523 3034 595 ἡμεῖς
3091 523 3189 578 ἕνα
3245 521 3476 592 σέϐομεν

215 608 356 673 vola;
404 625 466 661 τε
507 607 602 662 καὶ
652 610 839 673 ἀνοίας
884 613 1036 664 κάτω
1085 612 1429 676 καταλιπὼν,
1468 615 1564 669 καὶ
1624 615 1788 684 μόνος

219 700 397 764 κακῶς
423 701 598 773 αὐτὴν
633 703 885 772 οίόμενος
913 703 1116 758 εἰδέναι
1145 704 1248 774 τὴν
1274 704 1668 777 ἀκατάληπτον
1695 708 1790 761 καὶ

215 793 611 862 ἀνερμήνευτον
653 791 747 846 καὶ
805 793 1172 864 άπερινόητον
1222 793 1415 848 οὐσίαν
1473 794 1569 848 τοῦ
1620 793 1786 849 Θεοῦ.

219 887 321 940 Καὶ
353 885 414 939 τὸ
447 885 658 940 τούτων
705 885 786 941 ἔτι
845 888 1188 959 καινότερον,
1230 889 1314 942 ὅτι
1360 889 1602 953 διανοίας
1647 888 1791 943 οὕτω

218 981 308 1036 καὶ
343 981 612 1043 ἀπονοίας
666 979 808 1051 ιχων
856 981 1044 1046 αὐτὸς,
1082 977 1185 1036 εἷθ’
1218 984 1356 1054 ἡμῖν
1404 983 1648 1052 ἐγκαλεῖ,
1697 983 1794 1037 καὶ

223 1077 324 1139 τοῖς
369 1075 662 1146 ἡμετέροις
713 1077 807 1130 τὸν
837 1077 904 1147 τῇ
955 1075 1120 1146 φύσει
1161 1077 1396 1148 ἀόρατον
1425 1077 1563 1131 Θεὸν
1597 1076 1794 1148 όρατδν

221 1171 329 1231 ταῖς
369 1169 678 1238 ἐνεργείαις
703 1169 955 1238 γίνεσθαι
980 1169 1079 1225 σύν
1108 1187 1174 1240 γε
1197 1169 1277 1242 τῷ
1297 1169 1448 1242 σοφῷ
1502 1170 1794 1243 Γρηγορίῳ

223 1261 441 1321 καὶτοῖς
469 1262 682 1325 λοιποῖς
714 1261 938 1328 λέγουσι
966 1263 1266 1333 θεολόγοις,
1291 1263 1351 1318 έν
1385 1281 1496 1318 τισι
1523 1264 1636 1327 τοῖς
1664 1263 1795 1333 περὶ

220 1353 372 1405 αὐτὸν
412 1351 527 1404 ἰδιὼ
535 1371 610 1422 μα
621 1371 674 1406 σι
705 1354 1115 1426 καθορώμενον.

299 1447 502 1501 Ἐκεῖνο
542 1449 598 1502 δὲ
635 1449 800 1502 πόθεν
843 1449 989 1520 ἔχεις
1035 1449 1242 1516 λαϐὼν,
1287 1443 1335 1505 ὦ
1363 1449 1644 1520 φιλόσοφε,
1710 1450 1794 1503 δτι

219 1539 314 1610 τὴν
348 1540 441 1592 τοῦ
465 1539 603 1594 Θεοῦ
639 1543 880 1613 φυσικήν
908 1559 969 1595 τε
998 1543 1094 1596 καὶ
1126 1541 1356 1615 ἄπειρον
1387 1543 1698 1613 ἐνέργειαν,
1724 1543 1795 1615 ἡν

220 1630 282 1698 δὴ
311 1632 403 1684 καὶ
450 1631 833 1702 πληθυντικῶς
863 1637 914 1696 οἱ
960 1635 1207 1705 θεολόγοι
1244 1639 1446 1700 πάντες
1495 1637 1795 1708 ἐκφέρουσι

219 1723 312 1774 καὶ
341 1722 492 1783 θείας
535 1725 822 1796 ἐνεργείας
862 1728 1034 1790 αὐτάς
1083 1746 1242 1799 φασι,
1272 1729 1366 1782 καὶ
1407 1730 1794 1800 παρεπόμενα,

1892 615 2028 668 Θεόν
2052 630 2067 644 ·
2093 615 2231 669 ἀλλὰ
2263 615 2496 685 σέϐομεν
2521 617 2618 670 ἕνα
2642 616 2776 670 θεὸν
2799 619 3256 689 τρισυπόστατον,
3281 615 3478 688 ἐνεργῆ

1894 726 1952 763 τε
1994 709 2086 762 καῖ
2133 707 2547 778 παντοδύναμον
2575 725 2588 741 ⁸
2628 711 2726 765 ἕνα
2784 711 2883 780 μέν
2937 710 3080 764 κατά
3129 709 3229 780 τὴν
3261 707 3478 773 οὐσίαν,

1893 801 2336 871 τρισυπόστατον
2387 800 2444 854 δέ
2488 801 2564 866 ὡς
2599 805 2657 855 ἐν
2697 804 2846 873 τρισὶ
2895 801 3307 874 γνωριζόμενον
3345 801 3479 854 ὐπο-

1895 894 2188 947 στάσεσινο
2223 894 2424 964 ἐνεργῆ
2467 894 2525 947 δὲ
2594 894 2688 948 καὶ
2745 894 3159 966 παντοδύναμον
3204 895 3280 958 ὡς
3330 895 3481 963 ἐνερ-

1895 987 2050 1054 γείας
2077 984 2272 1056 έχοντα
2309 993 2406 1040 καὶ
2450 985 2749 1056 δυνάμεις·
2791 987 3050 1042 ἀκτιστον
3099 987 3156 1040 δέ
3198 986 3291 1040 καὶ
3334 977 3482 1038 κατά

1897 1074 1997 1144 τὴν
2043 1073 2254 1141 οὐσίαν,
2308 1074 2583 1128 καὶκατὰ
2636 1077 2739 1130 τὰς
2792 1075 3144 1140 ὑποστάσεις,
3184 1073 3282 1128 καλ⁸
3336 1074 3481 1128 κατά

1894 1165 1997 1228 τὰς
2046 1166 2328 1236 δυνάμεις,
2361 1167 2459 1220 καὶ
2499 1167 2644 1220 κατά
2687 1167 2787 1230 τὰς
2835 1167 3142 1238 ἐνεργείας.
3182 1166 3320 1220 Οὐδέ
3370 1166 3481 1235 γάρ

1898 1261 2010 1314 τῶν
2042 1259 2102 1314 έν
2133 1259 2210 1330 τῷ
2251 1261 2370 1331 Θεῷ
2397 1278 2450 1314 τι
2499 1261 2740 1329 κτιστὺν,
2771 1262 2847 1327 ὡς
2875 1261 2998 1317 οὐδὲ
3030 1262 3142 1316 τῶν
3169 1263 3226 1316 έν
3269 1260 3349 1330 τῷ
3388 1261 3485 1313 ἀν-

1899 1351 2104 1422 θρώπῳ
2127 1369 2182 1406 τι
2217 1352 2499 1414 άκτιστον,
2538 1353 2705 1423 φησὶν
2758 1353 2786 1407 6
2826 1353 2969 1417 θεῖος
3015 1356 3111 1408 καὶ⁸
3161 1353 3328 1421 σοφὸς
3362 1352 3485 1406 Μά-

1900 1444 2077 1515 ξιμος.
2119 1445 2230 1497 Καὶ
2282 1440 2448 1499 ¹ὤλιν
2486 1445 2514 1497 6
2563 1445 2728 1507 αὐτὸς
2763 1446 2895 1513 περὶ
2944 1444 3057 1499 τῶν
3088 1443 3310 1499 αὐτῶν
3352 1445 3487 1508 Ταῖς

1899 1539 2428 1608 πνευματοκινὴτοις
2454 1537 2564 1592 τῶν
2593 1538 2764 1606 ἁγίων
2794 1539 3055 1608 Πατέρων
3085 1537 3345 1608 ἑπόμενοι
3379 1537 3490 1606 ψὴ-

1897 1629 2154 1700 φοις,καλ.
2175 1631 2294 1693 ταῖς
2320 1630 2405 1696 ἐφ’
2432 1629 2589 1699 ἡμῶν
2615 1630 2926 1692 συνοδικαῖς
2954 1629 3326 1699 ἀποφάσεσιν,
3352 1629 3489 1683 άπο-

1897 1723 2214 1792 ϐαλλόμεθα
2259 1725 2356 1778 καὶ
2391 1725 2694 1795 ἀναθέματι
2716 1725 3206 1796 καθυποϐάλλομεν
3231 1725 3488 1796 καθάπερ

221 1814 310 1865 καὶ
339 1813 609 1882 ἰδιώματα
637 1817 738 1886 τῆς
772 1817 926 1880 θείας
951 1818 1191 1887 φύσεως,
1223 1820 1387 1873 πόθεν
1415 1816 1509 1874 οὖν
1540 1820 1795 1889 ἀκηκοὼς
1901 1817 2185 1886 πρότερον,
2207 1815 2352 1872 οὕτω
2367 1818 2460 1871 xal
2475 1818 2590 1882 νῦν,
2611 1820 2659 1872 εί
2680 1819 2755 1891 μὴ
2777 1819 3232 1890 μεταμεληθεῖεν,
3251 1819 3377 1882 τοὺς
3396 1818 3492 1873 δύο

223 1906 381 1974 ἔχεις,
415 1907 496 1959 ὅτι
526 1907 792 1976 θεότητας
823 1911 984 1980 ἡμεῖς
1022 1911 1230 1973 ταύτας
1263 1913 1448 1982 φαμεν
1478 1915 1792 1979 ἀκτίστους,
1831 1899 1873 1954 Β
1897 1907 1994 1961 τοῦ
2025 1909 2163 1960 Θεοῦ
2191 1907 2452 1978 λέγοντας
2479 1908 2766 1980 θεότητας,
2797 1910 3026 1981 κτιστὴν
3069 1909 3165 1971 καὶ
3192 1909 3450 1963 άκτιστον
3470 1949 3488 1976 ,

221 1998 312 2050 καὶ
343 1998 450 2070 ἰδίᾳ
481 2001 573 2052 καὶ
599 2001 769 2071 χωρὶς
791 2003 889 2070 τῆς
909 2002 1062 2067 θείας
1093 2003 1312 2072 φύσεως
1341 2005 1535 2070 0531;,
1564 2005 1640 2069 ὡς
1666 2005 1800 2078 φῂς,
1903 2001 2004 2053 και
2030 1998 2129 2070 τὴν
2165 1999 2266 2069 μὲν
2296 2001 2450 2054 θείαν
2491 2001 2656 2070 φύσιν
2715 2001 2878 2072 μόνον
2923 2001 3185 2056 άκτιστον
3233 1999 3490 2071 θεότητα,

219 2093 315 2153 τάς
347 2093 540 2160 αὐτάς,
592 2096 690 2148 xal
738 2089 1152 2163 ἀνυποστάτους
1211 2095 1301 2165 αὐ,
1351 2101 1446 2152 καὶ
1491 2099 1800 2166 ἀνουσίους,
1903 2094 2002 2165 τὴν
2029 2093 2086 2146 δὲ
2119 2093 2488 2164 λαμπρότητα
2533 2095 2631 2163 τῆς
2663 2093 2817 2157 θείας
2849 2094 3088 2164 φύσεως,
3139 2093 3262 2148 καθ’
3298 2094 3367 2164 ἡν
3396 2093 3491 2148 καὶ

219 2184 316 2237 καὶ
349 2185 733 2256 ἀνυπάρκτους
780 2189 928 2242 κατά
967 2192 1166 2255 ταυτός
1203 2191 1303 2244 Σοῦ
1336 2191 1444 2261 γὰρ
1480 2190 1576 2242 καὶ
1636 2190 1803 2260 μόνου
1907 2185 1936 2236 6
1969 2184 2173 2254 Κύριος
2206 2187 2265 2238 ἐν
2295 2185 2500 2256 Θαϐὼρ
2525 2186 2909 2258 περιήστραψε
2935 2188 3064 2251 τοὺς
3099 2186 3367 2258 μαθητάς,
3397 2186 3494 2241 καὶ

223 2276 315 2328 καὶ
361 2277 460 2346 τῆς
495 2281 595 2362 σῆς
629 2279 927 2334 ἀλλοκότου
983 2281 1226 2342 διανοίας
1270 2284 1340 2335 τὰ
1390 2280 1671 2353 τερατώδη
1709 2281 1805 2334 καὶ

227 2372 384 2425 καινά
415 2372 512 2425 καὶ
539 2373 794 2445 ἀλλήλοις
823 2376 1138 2446 ἀσύμφωνα
1185 2379 1342 2431 ταυτὶ
1378 2378 1803 2450 ἁναπλάσματα,

229 2460 265 2512 ἃ
291 2459 353 2529 δὴ
387 2461 483 2512 καὶ
508 2461 853 2532 διαθρυλλεῖς
883 2465 1165 2535 πανταχοῦ
1195 2468 1289 2520 καὶ
1322 2468 1521 2536 λέγων,
1551 2467 1810 2539 καὶγρά-

228 2569 364 2619 φων,
399 2553 499 2606 καὶ
529 2554 800 2609 διδάσκων
835 2556 966 2620 τούς
1005 2557 1227 2621 παῖδας,
1265 2559 1360 2612 καὶ
1407 2557 1712 2622 παίζωνιέν
1745 2557 1806 2611 οὐ

224 2647 500 2708 παικτοτς,
553 2648 649 2700 καὶ
687 2649 1072 2716 γελωτοποιῶν
1103 2650 1180 2714 ὡς
1230 2650 1373 2716 ἔθος,
1404 2652 1499 2704 καὶ
1528 2667 1808 2720 συκοφαν.

221 2735 332 2788 τῶν
357 2738 458 2806 τὴν
491 2739 729 2809 Χριστοῦ
773 2741 1127 2814 Ἐκκλησίαν,
1161 2742 1260 2812 τὴν
1296 2743 1517 2808 ἄτοπον,
1565 2743 1811 2812 πονηράν

1907 2279 2088 2331 πᾶσαν
2121 2276 2351 2348 δύναμιν
2383 2280 2478 2332 καὶ
2520 2278 2804 2350 ἐνέργειαν
2843 2279 3014 2345 θείαν,
3069 2281 3166 2334 καὶ
3211 2279 3392 2335 πάντα
3424 2279 3492 2333 τὰ

1909 2369 2040 2441 περὶ
2086 2370 2186 2439 τὴν
2221 2369 2375 2424 θείαν
2421 2370 2588 2440 φύσιν
2637 2371 2994 2443 θεωρούμενα
3053 2371 3149 2426 καὶ
3206 2369 3494 2439 θεολογοῦ-

1913 2477 2076 2529 μενα,
2133 2461 2371 2534 θεότητα
2430 2464 2686 2536 κτιστὴν.
2743 2465 2942 2536 Ἦμεῖς
2993 2465 3048 2518 δέ
3100 2463 3230 2536 μίαν
3263 2464 3496 2533 θεότητα

1908 2553 2331 2624 προσκυνοῦμεν
2379 2555 2476 2609 καὶ
2521 2555 2928 2629 πρεσϐεύομεν,
2982 2557 3080 2612 τοῦ
3134 2555 3348 2628 Πατρὸς
3397 2555 3498 2609 καὶ

1907 2645 2006 2699 τοῦ
2037 2645 2169 2699 Υίὸῦ
2206 2647 2302 2700 καὶ
2347 2647 2442 2701 τοῦ
2477 2648 2640 2717 ἀγίου
2687 2649 3011 2721 Πνεύματος
3035 2666 3052 2682 ο
3094 2650 3197 2704 οὐκ
3237 2651 3296 2702 ἐν
3339 2649 3501 2719 οὐσίᾳ

1909 2735 1967 2787 δέ
1997 2736 2159 2806 μόνη,
2190 2735 2328 2790 ἀλλά
2358 2738 2456 2791 καὶ
2500 2739 2758 2810 δυνάμει,
2793 2740 2890 2793 καὶ
2938 2741 3198 2812 ἐνεργείᾳ
3233 2740 3500 2811 άκτίστῳ,

229 2831 326 2882 καὶ
356 2831 686 2904 δαιμονιώδη
719 2836 949 2905 ταυτηνὶ
979 2837 1370 2904 συκοφαντέαν,
1422 2836 1516 2889 καὶ
1554 2835 1682 2898 τοὺς
1712 2834 1811 2904 μὲν
1911 2833 2004 2885 καὶ
2039 2834 2177 2886 πᾶσι
2223 2835 2339 2898 τοῖς
2390 2836 2522 2904 περὶ
2569 2837 2670 2906 τὴν
2711 2837 2903 2892 οὐσίαν
2956 2838 3359 2909 θεωρουμένοις
3406 2836 3502 2890 καὶ

227 2924 575 2993 κακούργους
615 2929 710 2981 καὶ
745 2928 1020 2998 πονηροὺς
1071 2929 1369 2994 ἐπανιστάς
1399 2931 1465 2997 τῇ
1501 2930 1623 2982 κατ’
1656 2929 1813 2981 εὐσέ-
1913 2924 2386 2995 θεολογουμένοις.
2421 2928 2530 2981 Kal
2571 2928 2768 2992 αὖθιςο
2800 2932 2876 2984 Οὐ
2907 2930 3002 2984 δύο
3048 2931 3314 3003 θεότητας
3341 2932 3502 3001 λέγοο

219 3017 383 3070 εειαν
415 3018 666 3090 ἀληθείᾳ,
711 3019 813 3084 τὰς
863 3020 923 3074 δι
964 3022 1074 3075 τῶν
1129 3020 1521 3092 ἁπλουστέρων
1571 3021 1808 3092 καρδίας
1915 3033 2014 3086 μεν
2072 3018 2256 3088 ἡμεῖς,
2309 3018 2421 3072 οὐδ’
2455 3019 2872 3092 ὑπερκειμένην
2913 3039 2973 3076 τε
3024 3024 3123 3077 καὶ
3173 3023 3500 3094 ὐφειμένην,

224 3110 510 3180 πλῆττων,
555 3114 652 3165 καὶ
691 3111 961 3183 θορυϐῶν,
1012 3116 1107 3167 xal
1156 3114 1328 3168 πολύν
1363 3131 1488 3169 τινα
1527 3115 1621 3168 τὸν
1651 3114 1813 3168 σάλον
1913 3108 2050 3164 ἀλλὰ
2092 3110 2225 3178 μίαν
2251 3125 2266 3140 ⁸
2298 3109 2400 3164 οὐκ
2452 3111 2512 3164 ἒν
2543 3112 2704 3186 οὐσίᾳ
2733 3113 2790 3168 δέ
2843 3115 3026 3185 μόνον,
3066 3113 3184 3169 ἀλλ’
3215 3115 3274 3168 ἐν
3311 3117 3379 3185 τῇ
3415 3113 3503 3167 διὰ

224 3205 327 3258 καὶ
359 3204 458 3274 τὴν
496 3205 693 3276 ἀηδίαν
729 3207 951 3276 ἐπάγων
985 3211 1194 3276 αὐτοῖς,
1238 3211 1598 3280 κατατέμνων
1630 3227 1690 3263 τε
1719 3212 1815 3266 καὶ
1849 3269 1887 3280 _
1916 3199 2137 3254 πάντων
2166 3201 2471 3274 τελειότητι
2509 3204 2923 3278 θεωρουμένην,
2969 3207 3045 3270 ὼς
3084 3206 3180 3262 καὶ
3207 3208 3235 3260 δ
3283 3206 3503 3280 Νύσσης

226 3269 569 3368 σπαράττων
606 3299 675 3352 τά
708 3299 804 3354 τοῦ
850 3269 1090 3372 Χριστοῦ
1131 3269 1295 3374 μέλη,
1344 3269 1461 3356 καὶ.
1489 3303 1674 3374 ἔνοχος
1717 3303 1812 3356 τοῦ
1841 3269 1887 3332 C
1921 3291 2067 3357 θεῖος
2098 3269 2413 3366 Γρηγόριός-
2446 3314 2603 3366 φησι.
2625 3269 2816 3353 ,Τίὶίων
2855 3269 3106 3366 ’τούτωνς
3143 3269 3508 3365 Λύτεξουσιόλ

230 3390 490 3461 σώματος
545 3392 714 3445 αὐτοῦ
743 3396 1066 3462 γιγνόμενος
1105 3397 1197 3447 καὶ
1239 3393 1332 3448 τοῦ
1385 3397 1622 3466 αἵματος
1674 3397 1818 3449 κατὰ

222 3487 361 3546 τοὺς
406 3486 577 3538 πάλαι
617 3485 1055 3556 Χριστοκτόνους
1111 3489 1375 3552 ἐκείνους,
1420 3485 1498 3541 ὧν
1530 3487 1820 3557 διαϐόητος

227 3578 338 3646 μὲν
365 3579 398 3647 ἡ
434 3578 634 3648 τόλμα,
669 3581 761 3632 καὶ
810 3580 1003 3650 μέχρις
1054 3581 1236 3634 αὐτῶν
1285 3581 1535 3650 οὐρανῶν
1576 3581 1822 3634 ἐλάσασα

219 3669 312 3738 τῷ
368 3671 614 3740 μεγέθει,
667 3672 1057 3744 διαϐοητοτέρα
1085 3673 1144 3728 δέ
1194 3675 1227 3744 ἡ
1268 3675 1554 3740 ἀπώλεια,
1605 3675 1676 3726 τά
1711 3676 1822 3744 γὰρ

229 3760 507 3832 μέλλοντα
539 3762 753 3815 σιωπῶ.
805 3762 1002 3832 Ἡμεῖς
1037 3764 1137 3832 μέν
1173 3763 1284 3834 γὰρ
1315 3765 1411 3816 καὶ
1437 3762 1698 3830 λέγοντες
1725 3763 1822 3814 καὶ

228 3855 545 3923 γράφοντες
573 3855 668 3908 καὶ
696 3855 1077 3926 διαλεγόμενοι
1115 3857 1211 3910 καὶ
1251 3858 1405 3926 κοινῇ
1433 3856 1531 3909 καὶ
1558 3855 1687 3925 ἰδίᾳ,
1727 3854 1823 3906 καὶ

235 3948 479 4000 πάντοτε
507 3948 600 4003 καὶ
632 3949 818 4010 παντὶ,
853 3949 988 4019 μίαν
1023 3948 1184 4020 ἴσμεν
1211 3949 1446 4020 θεότητα
1485 3949 1698 4024 Πρερδς
1729 3949 1825 4002 καὶ

231 4041 380 4095 Υίοῦ
430 4044 523 4096 καὶ
555 4040 714 4111 ἁγίου
766 4044 1110 4113 Πνεύματος,
1164 4044 1262 4096 καὶ
1303 4043 1441 4097 Θεὸν
1479 4042 1576 4095 ἕνα
1616 4056 1827 4108 καταγ-

225 4136 533 4206 γέλλομεν,
567 4137 1026 4206 τρισυπόστατον,
1055 4137 1300 4208 ἐνεργὸν,
1343 4135 1648 4204 θελητικδν,
1687 4151 1826 4186 παν-

222 4229 567 4301 τοδύναμον,
603 4230 701 4282 καὶ
732 4229 865 4292 τοὺς
906 4228 982 4300 μὴ
1028 4229 1172 4283 οὕτω
1219 4227 1582 4298 φρονοῦντας,
1617 4228 1693 4292 ὡς
1728 4228 1827 4297 τῆς

225 4320 431 4388 ὑγιοῦς
458 4321 616 4391 ἡμῶν
644 4321 884 4384 πίστεως
916 4320 1258 4391 ἀλλοτρίους,
1278 4322 1356 4388 τῷ
1391 4322 1696 4390 άναθέματι
1726 4339 1822 4374 κα-

233 4415 684 4485 θυποϐάλλομεν,
726 4414 870 4468 κατά
914 4415 1016 4484 τὴν
1050 4415 1158 4466 τῶν
1189 4413 1462 4482 θεολόγων
1516 4413 1674 4484 ἡμῶν
1723 4413 1830 4465 lla-

227 4512 424 4581 τέρων
448 4509 808 4563 διδασκαλίαν
837 4525 897 4562 τε
945 4510 1042 4562 καὶ
1071 4508 1397 4580 παράδοσιν.
1433 4507 1508 4559 Οὐ
1535 4506 1646 4575 γὰρ
1672 4505 1746 4567 ὡς
1779 4506 1830 4557 οἱ

1920 3403 2107 3454 τητος,
2146 3388 2361 3457 σοφίας,
2389 3389 2751 3460 ἀγαθότητος,
2773 3392 3196 3464 δημιουργικῆς,
3230 3392 3506 3452 θεοποιοῦ.

1923 3481 2219 3551 θελητικῆς
2270 3482 2578 3552 δυνάμεως.
2619 3487 2726 3539 Καὶ
2781 3485 3009 3540 τοιαῦτα
3050 3475 3149 3556 μὲν
3194 3488 3357 3558 ἡμεῖς
3402 3487 3508 3556 ίδίᾳ

1923 3588 1983 3624 τε
2015 3573 2109 3624 καὶ
2142 3576 2296 3642 κοινῇ
2326 3575 2443 3636 τοῖς
2475 3590 2534 3626 τε
2575 3575 2872 3644 ἡμετέροις
2896 3575 3237 3646 ὁμιλοῦντες,
3270 3575 3366 3628 καὶ
3397 3577 3508 3636 τοῖς

1926 3665 2194 3727 ἐναντίοις
2221 3664 2627 3735 διαλεγόμενοι,
2665 3665 2762 3720 καὶ
2797 3666 3033 3737 λέγομεν
3066 3668 3164 3720 καὶ
3194 3667 3508 3739 γράφομεν,

1925 3755 2116 3828 ῶσπερ
2146 3757 2315 3828 ἔφην’
2347 3757 2471 3810 τίνα
2500 3758 2558 3812 δὲ
2591 3758 2688 3810 καὶ
2720 3757 3015 3821 συνοδικῶς
3055 3759 3151 3812 καὶ
3188 3757 3376 3826 λόγοις
3413 3759 3513 3812 καὶ

1926 3849 2255 3918 γράμμασιν
2303 3849 2557 3920 εῐπομεν,
2597 3849 2746 3904 ἴσασι
2806 3851 2906 3920 μὲν
2936 3849 3030 3903 καὶ
3072 3850 3106 3920 ἡ
3157 3849 3371 3920 μεγάλη
3417 3849 3513 3902 καὶ

1927 3941 2226 4010 θαυμαστὴ
2280 3942 2435 4004 πόλις
2484 3942 2649 4013 αῦτη,
2688 3941 2888 4007 μᾶλλον
2935 3942 2995 3996 δέ
3040 3941 3123 3994 τὸν
3153 3941 3254 4012 τῆς
3300 3940 3513 4003 πόλεως

1929 4034 2186 4087 πλεῖστον
2214 4035 2307 4088 καὶ
2347 4035 2659 4100 κάλλιστον,
2689 4039 2826 4102 ὅσοι,
2859 4037 3025 4105 φημὶ,
3062 4035 3185 4088 τότε
3231 4034 3344 4097 τοῖς
3399 4034 3518 4086 ἐκεῖ

1929 4128 2247 4198 λεγομένοις
2278 4129 2555 4199 παρῆσαν.
2585 4129 2721 4182 Οὐδὲ
2756 4129 2866 4199 γάρ
2905 4129 2962 4181 ἐν
2996 4126 3188 4197 γωνίᾳ,
3225 4126 3384 4195 φησὶ,
3419 4126 3516 4178 πέο

1933 4239 2184 4293 πρακται
2209 4221 2406 4277 ταῦτα.
2455 4223 2565 4275 Καὶ
2597 4221 2626 4274 6
2671 4221 2953 4284 συνοδικὸς
2982 4221 3043 4274 δέ
3095 4221 3260 4290 τόμος
3296 4217 3515 4290 παρὼν,

1930 4317 2000 4369 τὰ
2033 4314 2135 4385 μὲν
2164 4315 2270 4386 ἥδη
2304 4315 2608 4385 δεδήλωκε,
2641 4317 2710 4367 τά
2741 4314 2797 4368 δέ
2830 4317 2928 4368 καὶ
2979 4312 3225 4375 είσαῦθις
3257 4311 3516 4383 δηλώσει.

1933 4407 1999 4459 Τί
2029 4406 2127 4460 οῦν
2157 4409 2184 4461 6
2210 4407 2380 4476 τόμος
2425 4407 2560 4478 φησί
2585 4424 2602 4473 ;
2635 4407 2860 4462 Πολλῶν
2901 4407 3114 4478 μεταξύ
3145 4406 3322 4474 λόγων
3361 4423 3522 4475 κινη-

1935 4497 2163 4562 θέντων,
2191 4497 2433 4568 ἡρξαντο
2457 4500 2506 4552 οί
2530 4499 2925 4570 διαφερόμενοι
2960 4499 3059 4567 τῆς
3087 4497 3233 4551 κατὰ
3259 4497 3355 4551 τοῦ
3387 4499 3526 4550 Θεσ-

238 4604 504 4673 Ἰἰϐραῖοι
544 4601 780 4671 σέϐομεν
825 4601 922 4654 ἕνα
962 4597 1096 4653 θεὸν
1127 4603 1187 4652 ἐν
1237 4602 1335 4669 μιᾷ
1367 4599 1691 4658 ὑποστάσει,
1723 4597 1838 4654 τῶν
1868 4621 1912 4675 ι)
1939 4589 2234 4660 σαλονίκης
2269 4589 2636 4659 κατηγορίας.
2677 4590 2743 4643 Ἦ
2785 4589 2842 4643 δέ
2874 4585 2945 4661 ἦν
2976 4589 3179 4653 τοιάδε,
3212 4588 3289 4655 ὡς
3315 4589 3425 4659 ἄρα
3467 4590 3525 4642 ἐν

228 4697 373 4752 καθ’
406 4697 554 4767 ἡμᾶς
580 4695 666 4759 τίς
701 4713 840 4766 φησι
869 4694 1074 4763 σοφῶν,
1103 4695 1202 4763 οὐχ
1233 4693 1308 4756 ὡς
1335 4695 1362 4744 ὁ
1397 4691 1703 4756 Σαϐέλλιος,
1733 4690 1832 4760 οὐχ

229 4792 324 4851 ὡς
360 4791 388 4842 6
423 4789 662 4859 Ἄρειος,
688 4790 780 4841 καὶ
814 4787 1106 4856 Εὐνόμιος,
1133 4785 1192 4848 ὃς
1222 4790 1314 4838 καὶ
1344 4781 1836 4854 ταῦτα’προλαϐὼν

129 4914 141 4936 ι
227 4882 685 4945 κατεσκεύασεν,
747 4882 893 4953 ειπερ
947 4878 1044 4932 νῦν
1100 4879 1151 4931 οἱ
1208 4877 1340 4950 περὶ
1393 4877 1684 4947 Γρηγορᾶν
1741 4873 1838 4927 καλ⁸

245 4977 577 5032 Ἀκίνδυνον
604 4973 921 5030 διδάσκουσί
955 4991 1014 5033 τε
1045 4973 1142 5026 καὶ
1173 4972 1504 5043 γράφουσιν,
1536 4969 1621 5022 ὃτι
1649 4969 1679 5022 6
1702 4965 1839 5029 Θεὸς

235 5068 420 5138 μόνον
459 5067 620 5119 οὐσία
649 5064 788 5127 ἐστὶ,
816 5062 913 5115 καὶ
941 5061 1032 5115 διὰ
1063 5061 1125 5114 τδ
1143 5060 1350 5122 ἁπλοῦς
1379 5054 1545 5121 εἶναι,
1573 5057 1606 5128 ἡ
1636 5055 1836 5118 τελέως

231 5161 406 5216 ἐστὶν
434 5159 678 5228 ἄληπτος
719 5157 986 5229 ἢτελέως
1030 5155 1259 5225 ληπτὸς,
1296 5153 1379 5207 διὸ
1409 5153 1508 5206 καὶ
1545 5153 1651 5204 πᾶν
1694 5149 1840 5201 θεῖον

229 5258 428 5326 ὄνομα
461 5256 560 5324 τῆς
599 5253 752 5316 θείας
797 5253 989 5314 οὐσίας
1030 5250 1150 5302 ἐστὶ⁹
1195 5246 1556 5318 σημαντικὸν,
1603 5244 1697 5297 καὶ
1729 5242 1840 5297 ἀπὸ

235 5351 369 5404 τῶν
400 5349 715 5418 κτισμάτων
750 5347 840 5400 ἐπ’
866 5344 1039 5413 αὐτὴν
1070 5343 1163 5395 τοῦ
1189 5341 1327 5394 Θεοῦ
1350 5342 1450 5405 τὴν
1471 5339 1661 5392 οὐσίαν
1691 5337 1840 5406 ἡμᾶς

239 5444 589 5513 ἀνάγεσθαι,
624 5441 699 5513 μὴ
737 5442 1013 5501 συνιέντες
1045 5437 1140 5491 τοῦ
1167 5436 1436 5505 θεηγόρου
1467 5433 1714 5504 Νύσσης,
1752 5431 1868 5521 λέ-.

237 5556 470 5612 γοντος,
489 5539 548 5588 Ὀ
578 5537 810 5604 ἀόρατος
839 5537 905 5606 τῇ
942 5533 1104 5603 φύσει
1133 5531 1327 5600 ὁρατὸς
1369 5531 1490 5590 ταῖς
1537 5524 1842 5592 ἐνεργείαις

239 5635 472 5704 γίνεται
521 5631 576 5685 έν
609 5646 722 5684 τισι
755 5631 867 5691 τοῖς
908 5627 1040 5696 περὶ
1082 5624 1243 5678 αὐτὸν
1286 5622 1541 5691 ίδιώμασι
1589 5616 1842 5688 καθορώ-

246 5743 466 5799 μενος·
511 5725 608 5778 καὶ
659 5720 755 5775 τοῦ
819 5719 1058 5791 μεγάλου
1103 5715 1412 5778 Βασιλείου,
1460 5712 1684 5782 Σοφίας,
1749 5709 1844 5762 καὶ

238 5824 484 5890 τέχνης,
542 5819 643 5872 καὶ
676 5817 978 5883 δυνάμεως.
1034 5813 1358 5881 φάσκοντος,
1413 5806 1530 5859 ἀλλ’
1565 5805 1686 5874 οὐχὶ
1742 5802 1843 5872 τῆς

239 5912 452 5975 οὐσίας
521 5909 694 5980 αὐτῆς
754 5907 1060 5962 ἐνδεςκτικά
1112 5907 1227 5958 ἐστι
1278 5904 1345 5956 τὰ
1391 5895 1693 5972 ποιήματα.
1729 5895 1845 5968 Οὐχ

1939 4697 2052 4734 τισι
2097 4680 2209 4734 τῶν
2262 4681 2460 4734 ἐαυτοῦ
2503 4681 2968 4753 συγγραμμάτων
2998 4681 3207 4754 γράφει
3263 4682 3526 4744 πολλάκις

1937 4773 2033 4828 δύο
2086 4774 2183 4828 καὶ
2226 4774 2430 4837 πολλὰς
2474 4774 2763 4844 θεότητας,
2797 4775 2892 4838 καὶ
2935 4773 3146 4839 ταύτας
3187 4774 3527 4846 ὑπερκειμέ-

1940 4885 2038 4931 νας
2071 4884 2132 4920 τε
2198 4868 2295 4922 καὶ
2339 4867 2666 4938 ὐφειμένας.
2696 4869 2810 4922 Καὶ
2836 4867 3030 4923 τοῦτον
3063 4869 3158 4923 τὸν
3205 4869 3368 4936 λόγον
3398 4867 3528 4920 πολ-

1940 4961 2101 5024 λάκις
2145 4961 2414 5014 εἰπόντων
2459 4963 2554 5016 καὶ
2591 4962 3144 5034 περικροτησάντων,
3183 4961 3282 5016 καὶ
3323 4960 3529 5024 ταύτας

1939 5053 2006 5125 δὴ
2037 5053 2138 5118 τὰς
2173 5055 2364 5122 φωνάς
2409 5056 2890 5125 καταιτιωμένων,
2921 5057 2950 5108 ό
2986 5055 3382 5118 εὐσεϐέστατος
3430 5053 3529 5122 βα-

1943 5147 2130 5212 σιλεὺς
2181 5148 2276 5202 ἐπὶ
2308 5148 2548 5215 τούτοις,
2605 5148 2856 5202 Γενέσθω
2910 5150 3050 5219 ἡμῖν
3084 5147 3343 5216 φανερὸν,
3403 5146 3529 5199 ἐκέ-

1943 5240 2127 5308 λευσε,
2152 5243 2384 5311 πότερον
2413 5243 2521 5295 τῶν
2558 5241 2904 5313 λαληθέντων
2939 5242 2999 5294 έν
3045 5241 3251 5303 αίτίαις
3284 5229 3532 5292 ποιεῖσθε

1941 5336 2044 5396 τὰς
2073 5333 2250 5400 λέξεις
2303 5335 2494 5398 αὐτάς,
2524 5334 2558 5404 ἡ
2590 5336 2662 5388 τά
2699 5335 2790 5387 διά
2824 5335 2934 5386 τῶν
2968 5332 3172 5398 λέξεων
3219 5331 3533 5403 δηλούμενα

1946 5428 2280 5497 πράγματα,
2311 5426 2344 5498 ἢ
2392 5428 2490 5481 καὶ
2521 5428 2838 5498 ἀμφότερα.
2873 5425 2938 5480 Εἰ
2986 5427 3088 5496 μὲν
3127 5425 3194 5496 δὴ
3225 5427 3255 5478 6
3294 5425 3533 5493 πόλεμος

1950 5522 2091 5591 πρὸς
2123 5520 2192 5573 τά
2222 5521 2551 5591 πράγματα,
2578 5522 2633 5574 τί
2662 5523 2728 5592 τῇ
2765 5521 2898 5592 σκιᾷ
2938 5516 3037 5574 τοῦ
3070 5519 3402 5590 πράγματος
3432 5533 3535 5570 πο-

1945 5613 2158 5683 λεμεῖς,
2195 5616 2260 5683 τῇ
2295 5612 2442 5680 λέξει
2491 5613 2998 5683 παρακαθήμενοςς
3049 5611 3373 5676 ἐξεταστέον
3425 5609 3534 5682 γὰρ
3571 5673 3580 5680 ,

1945 5707 2010 5779 δὴ
2047 5708 2190 5760 αύτά
2233 5707 2422 5778 γυμνὰ
2449 5707 2520 5760 τὰ
2550 5709 2888 5778 πράγματα,
2930 5707 3026 5759 καὶ·
3073 5705 3231 5778 παρὰ
3264 5704 3375 5757 τῶν
3413 5703 3535 5756 θεο-
3606 5706 3608 5708 ⁷

1947 5800 2125 5868 λόγων
2153 5801 2255 5870 τὴν
2285 5802 2344 5853 ἐν
2377 5801 2594 5862 τούτοις
2625 5801 2892 5870 ἀλήθειαν
2912 5798 3202 5869 ζητητέον.
3237 5795 3300 5850 Ei
3334 5796 3404 5848 δὲ·
3419 5796 3534 5856 τοῖς

1951 5893 2249 5966 πράγμασι
2294 5894 2578 5966 σύμφωνοι
2611 5893 3010 5958 διατελοῦντες,
3041 5893 3114 5963 τῇ
3146 5889 3288 5955 λέξει
3323 5886 3540 5961 μέμφε.
