4054 6454
395 405 539 471 1025

1139 408 1446 471 CONTRA
1488 408 1916 470 GREGOBAM
1968 364 2718 474 ANTIRRHETICUBUH
2753 414 2825 476 Χ.

3516 425 3646 492 1026

390 520 582 592 Σχέσις
621 520 758 584 ἐστῖ,
791 520 949 592 φησὶ,
977 521 1068 574 καὶ
1103 522 1136 592 η
1172 521 1266 576 τοῦ
1295 521 1433 576 Θεοῦ
1466 520 1696 592 πρόνοια
1717 521 1863 590 πρὸς
1891 521 1960 572 τὰ
1990 521 2041 580 Α
2069 522 2378 590 ὀμοούσιον.
2431 525 2542 578 Καὶ
2587 526 2616 578 ὁ
2666 525 2893 596 Νύσσης
2927 525 2982 579 δέ
3025 526 3166 593 θεῖος
3207 530 3528 604 Γρηγόρεος,
3572 541 3647 592 Οὐ

389 612 790 684 προνιούμενα,
816 615 910 668 καὶ
943 615 977 685 ἡ
1010 616 1321 682 πρόγνωσις
1351 615 1519 670 06106
1560 615 1696 684 πρὸς
1725 615 1795 668 τά
1833 629 1968 681 προ-

385 705 796 775 γινωσκόμενα,
831 707 926 759 καὶ
951 707 1002 759 οἱ
1041 706 1103 772 ἐξ
1135 706 1308 760 ἀϊδίου
1353 709 1409 760 ἐν
1447 707 1525 776 τῷ
1569 707 1689 776 Θεῷ
1738 724 1965 776 προοριο

387 801 516 870 σμο).
553 801 691 871 πρὸς
731 802 801 854 τά
851 802 1272 872 προοριζόμενα.
1319 802 1461 856 Ἀλλ’
1501 802 1718 872 ἑκάστῳ
1757 802 1966 855 τούτων

385 894 486 946 οὐκ
515 893 774 962 ἐμπόδιόν
799 895 914 946 ἐστι
944 897 1003 946 τὸ
1031 895 1216 963 σχέσιν
1248 888 1390 946 εἶναι
1437 895 1572 965 πρὸς
1614 895 1674 946 τδ
1705 894 1966 947 ἄκτιστον

384 977 545 1037 εἶναι.
594 984 747 1038 Ὅστ’
785 984 958 1057 οὺδ⁹ή
993 986 1239 1048 θεοποιὸς
1287 985 1468 1054 δωρεά
1498 983 1638 1053 αῦτη
1685 985 1717 1054 ή
1765 982 1964 1042 θέωσίς

384 1079 502 1128 ἐστι
554 1076 772 1146 κτιστὴ,
820 1077 957 1130 διότι
989 1077 1174 1145 σχέσις
1229 1077 1347 1131 ἐστὶ
1386 1077 1517 1148 πρὸς
1551 1078 1622 1132 τὰ
1664 1074 1958 1144 θεούμενα.

394 1168 538 1221 Ἀλλ’
589 1168 826 1222 ἐνταῦθα
849 1171 874 1223 ὁ
903 1170 1198 1238 φιλόσοφος
1248 1170 1349 1240 τὴν
1402 1169 1608 1240 συνήθη
1636 1167 1844 1238 κλοπὴν
1871 1168 1965 1219 καὶ

385 1260 724 1331 βωμολοχίαν
747 1261 846 1331 οὐχ
873 1261 948 1324 ώς
988 1261 1108 1325 έθος
1148 1261 1297 1331 αὐτῷ
1329 1263 1422 1316 καὶ
1449 1261 1608 1324 αὖθις
1641 1259 1959 1330 ἐργάζεται·

381 1355 516 1407 ἀλλά
546 1355 830 1423 προκόψας
846 1356 989 1409 κατὰ
1022 1355 1220 1425 μικρὸν
1244 1357 1342 1409 ἐπὶ
1362 1357 1422 1410 τι
1445 1358 1648 1425 χεῖρον,
1680 1355 1756 1418 ώς
1790 1355 1961 1421 ἔοικε,

381 1447 480 1502 καὶ
517 1449 654 1502 πολὺ
716 1449 984 1514 κρείττων
1031 1449 1194 1513 αὐτος
1255 1447 1456 1502 ἐαυτοῦ
1506 1447 1777 1517 γεγονὼς,
1835 1450 1960 1504 κατ’

378 1537 514 1592 αὐτὸ
551 1539 616 1609 δὴ
643 1537 801 1592 τοῦτό
837 1557 1005 1609 φημι,
1041 1540 1136 1592 ἐπὶ
1171 1540 1233 1594 τὸ
1273 1541 1460 1610 μεῖζον
1491 1539 1676 1610 πολλῷ
1708 1544 1801 1594 καὶ
1835 1543 1962 1594 ἀτο-

381 1631 628 1701 πώτερον
687 1632 871 1685 ἐκεῖνα
931 1632 1186 1702 προάγει,
1246 1632 1305 1685 ἓν
1358 1631 1470 1686 τῶν
1518 1633 1960 1702 προτεθειμένων

377 1724 708 1793 ὑφελόμενος
737 1723 1052 1792 κεφαλαίων
1083 1724 1446 1795 ἐξολοκλήρου
1474 1724 1688 1793 σχεδον,
1732 1724 1824 1777 καὶ
1855 1724 1962 1778 πά·-

378 1834 478 1879 σας
512 1815 648 1885 ὁμοῦ
682 1818 784 1878 τὰς
826 1817 917 1869 ἐπ’
968 1815 1120 1886 αὐτῷ
1163 1817 1470 1888 μαρτυρίας
1497 1815 1958 1887 ἀποκρυψάμενος

375 1905 486 1959 τῶν
510 1905 708 1972 ἁγίων.
739 1905 944 1969 πολλάς
965 1923 1115 1969 τινας
1141 1908 1237 1961 καὶ
1273 1907 1518 1977 μεγάλας
1550 1906 1613 1960 06
1626 1924 1719 1969 σας
1739 1923 1752 1937 ·
1809 1907 1950 1977 πλὴν

374 2000 461 2052 ὃτι
501 1997 576 2068 μὴ
613 1997 707 2050 καὶ
751 1997 1014 2062 καθάπαξ
1040 1997 1359 2066 ἀποκρύψαι
1385 1998 1481 2050 καὶ
1513 1998 1719 2070 ἀφανίᾳ
1750 2015 1955 2052 παντεο

374 2089 461 2142 λεί
483 2089 585 2157 τὴν
617 2087 875 2142 ὑπόθεσιν
902 2090 1001 2142 οὐκ
1031 2084 1130 2142 οἷδ’
1163 2090 1311 2152 ὅπως
1338 2089 1680 2159 παραδοῦναι
1735 2090 1953 2158 διέγνω,

375 2180 529 2243 θείας
557 2175 712 2250 οἶμαί
745 2198 862 2244 πως
905 2179 1192 2252 δυνάμεως
1224 2181 1320 2234 καὶ⁸
1371 2180 1574 2234 ἄκοντα
1605 2180 1795 2236 τοῦτον
1829 2198 1956 2235 συν-

373 2272 626 2344 ωθούσης
658 2273 791 2342 πρὸς
817 2274 1014 2339 ταῦτα,
1051 2273 1236 2344 μήπου
1268 2274 1363 2326 καλ
1391 2273 1530 2344 λάθῃ
1559 2273 1779 2336 τελείως
1815 2276 1956 2330 κατά

373 2367 480 2436 τῆς
511 2367 772 2438 ἀληθείας
803 2369 966 2422 ταυτὶ
995 2367 1320 2438 κακουργῶν
1353 2369 1447 2421 καὶ
1493 2369 1954 2438 πονηρευόμενος.

375 2461 469 2513 Διὸ
499 2462 595 2513 καὶ
620 2462 764 2530 ἡμᾶς
796 2459 1008 2514 ἀνωθεν
1053 2458 1349 2514 ἀναλαϐεῖν
1383 2461 1703 2528 ..ἀναγκαῖον
1745 2461 1954 2521 ἐκεῖνα.

375 2557 471 2610 καὶ
492 2555 642 2616 ὅπως
672 2553 810 2623 ἔχει,
835 2554 950 2607 σῶα
987 2554 1084 2606 καὶ
1103 2552 1483 2621 ἀπαράτρωτα
1511 2555 1837 2620 προσθεῖναι
1875 2553 1956 2622 τῷ

339 2641 346 2648 ’
373 2649 541 2719 λόγῳ,
580 2648 673 2701 τὴν
705 2649 859 2718 ίερὶν.
880 2649 1045 2702 αὐτόν
1089 2665 1232 2717 φημι
1258 2648 1426 2716 τόμον
1457 2650 1666 2702 ἐκεῖνον
1696 2665 1954 2717 παραγα-

375 2747 572 2810 γόντας
599 2741 698 2795 καὶ
726 2741 912 2793 πάλιν.
959 2741 1082 2792 Ἐπὶ
1105 2740 1318 2803 τούτοις
1351 2741 1539 2810 φησὶν,
1590 2740 1812 2810 Ἐπειδὴ
1853 2740 1954 2809 τὴν

376 2835 638 2903 τοιαύτην
667 2834 879 2904 δωρεάν
900 2833 996 2886 τοῦ
1024 2833 1295 2900 παναγίου
1324 2835 1463 2885 Πνεύ
1474 2849 1645 2901 ματος
1678 2835 1774 2885 καὶ
1800 2833 1956 2903 ἐνέρ-

377 2943 554 2995 γειαν,
582 2925 782 2994 δηλαδὴ
803 2925 901 2993 τὴν
925 2925 1146 2990 θέωσιν,
1171 2924 1295 2978 καθ’
1323 2925 1390 2995 ἥν
1417 2927 1466 2977 οί
1499 2925 1647 2992 ἆγιοι
1678 2925 1952 2990 θεοῦνται,

377 3019 610 3086 θεότητα
637 3019 790 3087 παρά
810 3016 920 3068 τῶν
953 3017 1129 3084 ἁγίων
1163 3001 1754 3088 προσαγορευομένηνξ
1788 3019 1839 3071 οί
1875 3017 1954 3088 τῷ

373 3111 778 3180 Θεσσαλονίκης
807 3110 1181 3176 ἀντιλέγοντες
1231 3110 1483 3178 λέγουσιν
1527 3105 1669 3163 εἶναι
1720 3112 1954 3181 θεότητα

375 3205 626 3272 κτιστὴν,
690 3204 1196 3268 κατασκευάζοντες
1257 3205 1470 3256 ἐκεῖθεν
1524 3205 1704 3269 τοῦτο,
1755 3206 1820 3258 ἐκ
1859 3205 1952 3258 τοῦ

372 3298 689 3366 ὑποστάτην
724 3297 894 3364 αὐτῆς
936 3297 1193 3364 εἰρῆσθαι
1240 3298 1393 3366 παρά
1425 3295 1518 3348 τοῦ
1563 3296 1806 3364 μεγάλου
1838 3298 1976 3350 Διοσ-

373 3391 563 3444 νυσίου
613 3390 703 3442 τὸν
747 3388 902 3455 Θεὸν,
955 3389 1050 3441 καὶ
1089 3390 1322 3459 μίμημα
1357 3390 1586 3443 καλέσαι
1619 3391 1827 3461 ταύτην
1860 3391 1956 3444 καὶ

371 3487 483 3537 τῶν
543 3485 882 3555 μετεχόντων
938 3484 1142 3552 σχέσιν,
1175 3483 1457 3547 δυσσεϐῶς
1495 3484 1594 3551 μὲν
1643 3485 1843 3549 αὐτοὺς
1866 3485 1957 3538 λέ-

371 3595 492 3646 γειν
524 3579 845 3646 ἀπεφήνατο
891 3577 924 3644 ή
981 3576 1104 3645 ίερά
1137 3575 1389 3638 σύνοδος·
1427 3577 1579 3643 ὅμως
1627 3576 1956 3648 ζητηθέντος

372 3671 470 3723 καὶ
498 3669 690 3721 τούτου
719 3670 871 3737 παρά
905 3668 1006 3737 τῆς
1051 3667 1202 3730 θείας
1240 3668 1482 3732 συνόδου,
1512 3671 1674 3736 εῖπερ
1712 3667 1834 3722 εἶπέ
1864 3686 1952 3733 τις

368 3761 481 3813 τῶν
520 3758 689 3828 ἁγίων
719 3758 978 3825 ἀκτιστον
1011 3753 1150 3811 εἶναι
1179 3759 1278 3827 τὴν
1325 3757 1547 3822 θέωσιν,
1583 3759 1680 3811 καὶ
1723 3759 1881 3830 είπερ
1915 3761 1978 3834 ἡ.

374 3851 558 3922 σχέσις
591 3853 686 3905 καὶ
715 3853 780 3904 τὸ
812 3851 1036 3920 μίμημα
1082 3851 1178 3903 καὶ
1222 3851 1286 3902 τὸ
1324 3850 1559 3918 ὑπέστη,
1593 3837 1687 3903 καὶ
1721 3852 1814 3902 ἐπὶ
1842 3852 1952 3905 τῶν

375 3946 646 4000 ἀκτίστων
669 3945 906 4015 λέγεται,
929 3943 1410 4014 προεκομίσθησαν
1431 3943 1616 4013 ῥήσεις
1631 3942 1740 3996 τῶν
1757 3944 1951 4010 ἁγίων,

371 4041 476 4091 οἰκ
503 4038 588 4090 ἀεὶ
619 4036 710 4088 ἐπὶ
745 4037 850 4088 τῶν
880 4034 1117 4088 κτιστῶν
1156 4033 1420 4105 δηλοῦσαι
1457 4034 1716 4102 λέγεσθαι
1755 4035 1948 4090 ταῦτα.

456 4131 514 4183 ’0
563 4131 668 4198 γάρ
704 4130 872 4198 μέγας
906 4127 1184 4190 Βασίλειος
1239 4128 1300 4180 ἐν
1343 4128 1456 4189 τοῖς
1517 4127 1953 4196 ’Λντιρῤητικοῖς

371 4243 561 4294 φησιν,
610 4225 668 4276 Ὀ
697 4220 939 4282 τετοκὼς
980 4219 1185 4291 βώλους
1223 4219 1416 4289 δρόσου
1454 4220 1554 4290 οὐχ
1597 4220 1800 4289 ὁμοίως
1852 4220 1951 4284 τάς

367 4335 428 4370 τε
498 4317 698 4386 βώλους
761 4314 856 4366 καὶ
913 4313 1004 4365 τὸν
1059 4312 1186 4364 Υίδν
1247 4312 1615 4381 ὑπεστήσατο.
1695 4313 1812 4368 Κάν
1871 4312 1950 4381 τῷ

286 4425 295 4433 '
369 4407 574 4477 πρώτῳ
604 4405 660 4458 δέ
696 4405 799 4470 τῆς
851 4401 1216 4470 Ἐξαημὲρου,
1245 4400 1364 4454 Ἵνα
1394 4401 1603 4472 δειχθῇ,
1640 4405 1829 4472 φησὶν,
1863 4403 1948 4456 ὅτι

365 4502 397 4552 ὁ
435 4502 641 4566 κόσμος
666 4494 916 4564 τεχνικόν
969 4494 1085 4545 ἐστι
1128 4492 1590 4561 κατασκεύασμα,
1645 4494 1949 4563 προκείμεα

2070 617 2222 685 τρεῖς
2261 616 2416 678 θεοὺς
2448 616 2764 687 ὀνομάζειν,
2819 619 2979 689 φησὶ,
3030 621 3332 694 δυνάμεθα,
3372 627 3499 691 τοὺς
3548 632 3646 702 τὴν

2071 706 2330 778 θεατικὴν
2361 708 2454 760 καὶ
2491 709 2798 782 ἐποπτικὴν
2828 715 3116 782 ἐνέργειαν
3145 721 3514 789 συνημμένως
3553 726 3643 779 καὶ

2069 800 2398 872 ἀδιακρίτως
2451 801 2698 872 ἀλλήλων
2750 806 2836 874 ἐφ’
2884 807 3040 876 ήμῶν
3098 826 3159 862 τε
3213 813 3307 865 καὶ
3339 817 3520 886 πάσης
3551 819 3646 890 τῆς

2069 894 2301 955 κτίσεως
2338 894 2719 962 ἐνεργοῦντας.

2139 986 2276 1055 Περὶ
2325 986 2381 1039 δέ
2419 987 2513 1040 τοῦ
2557 990 2884 1057 μιμήματος
2933 988 3088 1047 εἶπεν
3139 997 3166 1049 δ
3217 998 3642 1070 Θεσσαλονίκης,

2065 1075 2140 1138 ὡς
2195 1077 2222 1128 6
2275 1078 2452 1148 μέγας
2507 1081 2783 1146 Διονύσιος
2830 1083 2908 1153 τῷ
2949 1087 3231 1156 μιμήματι
3269 1091 3327 1143 τὸ
3365 1092 3646 1162 ἀμίμητον

2069 1170 2446 1239 προσέθηκεν
2503 1170 2648 1225 ὥστε
2703 1175 2763 1227 τὸ
2812 1175 3064 1229 θεοποιδν
3113 1180 3285 1252 δῶριν
3323 1185 3384 1236 06
3442 1188 3646 1255 μᾶλλον

2071 1261 2300 1329 μίμημα
2327 1263 2360 1333 ἢ
2392 1263 2696 1334 ἀμιμησία.
2731 1267 2870 1335 Φησὶ
2920 1269 2978 1321 δὲ
3027 1273 3125 1324 καὶ
3160 1276 3188 1326 ὁ
3219 1275 3466 1344 θεολόγος
3503 1281 3646 1351 Γρη-

2066 1353 2278 1422 γόριος,
2315 1354 2548 1423 μίμημα
2604 1351 2745 1409 εἶναι
2791 1358 2888 1410 τοῦ
2931 1361 3146 1430 Πατρδς
3199 1363 3292 1416 τὸν
3329 1366 3476 1432 Υίὺν,
3509 1372 3645 1440 γρά-

2067 1461 2182 1510 φων
2240 1446 2300 1496 ἐν
2353 1446 2431 1512 τῷ
2486 1446 2730 1519 δευτέρῳ
2768 1449 2880 1502 τῶν
2915 1452 3047 1523 περὶ
3102 1452 3255 1515 Υίοῦ,
3319 1457 3494 1512 Είκὼν
3546 1463 3639 1515 τοῦ

2067 1535 2281 1605 Πατρὸς
2309 1538 2335 1589 ὁ
2364 1537 2444 1589 Υί’
2464 1555 2513 1600 ς,
2540 1537 2614 1600 ὡς
2649 1539 2940 1606 ὁμοούσιος
2959 1558 2973 1572 ·
3002 1546 3098 1596 καὶ
3123 1546 3204 1598 ὅτι
3229 1547 3386 1601 τοῦτο
3409 1551 3640 1620 ἐκεῖθεν,

2063 1625 2182 1680 ἀλλ’
2209 1628 2308 1681 οὐκ
2339 1629 2402 1682 ἐκ
2432 1627 2623 1682 τούτου
2657 1633 2870 1702 Πατήρ.
2903 1633 3054 1704 Αῦτη
3085 1638 3195 1706 γὰρ
3228 1640 3438 1703 εἰκόνος
3472 1641 3642 1710 φύσις

2067 1723 2293 1791 μίμημα
2322 1716 2466 1776 εἶναι
2496 1723 2592 1776 τοῦ
2623 1725 2936 1796 ἀρχετύπου
2977 1730 3072 1782 καὶ
3105 1726 3167 1782 06
3204 1731 3422 1797 λέγετκι
3445 1754 3458 1768 ·
3494 1735 3637 1789 ὥστε

2063 1813 2124 1864 τὸ
2161 1815 2389 1884 μίμημα
2420 1815 2522 1870 οὐκ
2566 1818 2846 1887 ἐμποδίζει
2901 1819 3039 1891 πρὸς
3094 1823 3155 1876 τὸ
3189 1824 3446 1879 ἀκτιστον
3497 1822 3639 1883 εἶναι

2062 1903 2161 1975 τὴν
2193 1905 2414 1960 θέωσιν.

2131 1997 2350 2068 Ταύτην
2384 1999 2569 2052 πᾶσαν
2602 2000 2738 2068 όμοῦ
2778 2001 2878 2071 τὴν
2913 2003 3068 2072 ίεράν
3113 2006 3223 2058 τῶν
3255 2007 3429 2074 ἁγίων
3463 2009 3644 2063 θεολο-

2057 2084 2201 2153 γίαν.
2240 2089 2336 2142 καὶ
2383 2090 2448 2158 δὴ
2493 2091 2588 2143 καὶ
2625 2091 2726 2161 τὴν
2780 2094 3072 2164 συνοδικὴν
3105 2097 3533 2170 ἐπεξεργασίαν,
3565 2103 3642 2166 ώς

2062 2180 2196 2248 μηδέ
2229 2182 2468 2251 ρηθέντα
2503 2184 2642 2253 μηδὲ
2682 2184 2784 2256 τὴν
2819 2187 2996 2258 ἀρχὴν
3033 2189 3167 2242 ὄντα
3201 2193 3582 2263 παραδραμὼν
3611 2196 3639 2247 ὁ

2063 2272 2376 2342 φιλόσοφος,
2412 2275 2472 2327 τὺ
2505 2275 2634 2345 ἑξῆς
2661 2277 2760 2328 τοῦ
2789 2278 2951 2346 λόγου
2983 2281 3266 2350 τεμάχιον,
3296 2281 3488 2354 ὥσπερ
3529 2287 3638 2342 τῶν

2059 2366 2314 2418 κυνιδίων
2340 2365 2408 2418 τά
2439 2370 2554 2430 τοῖς
2599 2370 2922 2432 συσσιτίοις,
2955 2373 3051 2424 καὶ
3079 2376 3200 2438 ταῖς
3232 2377 3532 2444 τραπέζαις
3564 2380 3642 2442 ώς

2058 2456 2292 2510 ἐπιπολὺ
2333 2458 2775 2530 παρεδρεύοντα,
2825 2465 2890 2534 τῇ
2931 2463 3108 2536 κλοπῇ
3176 2469 3494 2538 παραμίξας
3541 2473 3642 2542 τὴν

2057 2549 2469 2620 ἀναισχυντίαν,
2524 2553 2616 2606 καὶ
2647 2555 2984 2626 ἀφαρπάσας
3038 2560 3250 2628 ἰταμῶς
3291 2564 3412 2614 κατ’
3454 2565 3642 2618 ἐκεῖνα

2056 2643 2154 2708 τῆς
2185 2643 2469 2712 τραπέζης
2500 2644 2595 2697 τοῦ
2643 2645 2825 2712 λόγου,
2886 2649 3022 2717 πρὸς
3071 2651 3386 2722 ἀνατροπὴν
3437 2654 3642 2725 ἐαυτῷ.

2056 2732 2384 2802 οἰκειότερον
2415 2734 2460 2786 δ’
2509 2737 2708 2803 εἰπεῖν,
2765 2739 3068 2808 σπάραγμα
3123 2746 3216 2795 καὶ
3265 2749 3642 2818 καταπάτημα

2062 2826 2284 2894 μᾶλλον.
2327 2826 2354 2878 ὃ
2385 2826 2451 2897 δὴ
2499 2832 2594 2880 καὶ
2644 2830 2865 2896 φθάσας
2898 2835 2926 2885 ό
2957 2833 3115 2901 λόγος
3164 2834 3290 2906 ἔφη,
3328 2841 3640 2909 προτίθησι,

2057 2917 2232 2984 λέγων
2263 2919 2394 2972 ὡδί⁶
2427 2920 2710 2990 Σχέσιςδέ
2746 2922 2862 2975 ἐστι
2899 2924 2994 2976 καὶ
3025 2926 3059 2996 ή
3101 2926 3198 2979 τοῦ
3240 2927 3376 2981 Θεοῦ
3418 2933 3642 2998 πρόνοια

2060 3011 2198 3079 πρὸς
2229 3011 2294 3064 τὰ
2332 3011 2740 3082 προνοούμενοι,
2773 3019 2866 3066 καὶ
2893 3016 2924 3084 ὴ
2961 3017 3268 3084 πρόγνωσις
3297 3021 3464 3074 αὑτοῦ
3506 3025 3642 3092 πρὸς

2057 3103 2126 3156 τά
2182 3105 2708 3173 τρογινωσκόμενα,
2768 3107 2866 3159 καὶ
2899 3108 2926 3158 ό
2955 3107 3014 3171 ἐξ
3069 3109 3243 3162 ἀϊδίου
3281 3113 3340 3165 ἐν
3395 3113 3473 3182 τῷ
3522 3117 3642 3186 Θεῷ

2060 3198 2400 3267 πρεορισμδς
2452 3199 2590 3268 πρὸς
2633 3199 2703 3254 τὰ
2757 3201 3188 3271 προοριζόμενα.
3236 3205 3375 3258 Ἀλλ’
3418 3208 3637 3278 ἑκάστῳ

2057 3289 2266 3344 τούτων
2296 3290 2399 3343 οὐκ
2429 3291 2688 3360 ἐμπνέδιόν
2744 3294 2862 3345 ἐστι
2895 3294 2960 3345 τὸ
3011 3295 3198 3362 σχέσιν
3228 3292 3369 3350 εἶναι
3411 3300 3545 3369 πρὸς
3577 3301 3639 3354 τὸ

2056 3379 2314 3434 ἄκτιστον
2345 3377 2519 3435 εἶναι·
2571 3381 2710 3436 ὥστε
2765 3384 2888 3436 οὐδὲ
2941 3386 2973 3454 ή
3031 3385 3282 3450 θεοποιδς
3329 3389 3508 3460 δωρεά
3546 3391 3640 3445 τοῦ

2057 3474 2404 3542 Πνεύματος,
2443 3475 2582 3544 αὑτὴ
2608 3477 2640 3546 ή
2671 3474 2865 3538 θέωσίς
2891 3478 3010 3531 ἐστι
3043 3468 3262 3550 κτιστὴ.
3293 3480 3428 3536 διότι
3454 3483 3640 3554 σχέσις

2055 3564 2175 3615 ἐστὶ
2206 3565 2341 3633 πρὸς
2357 3567 2440 3617 ’τέι
2465 3565 2763 3634 θεούμενα.

2128 3655 2300 3709 Τοῦτο
2352 3657 2639 3725 Γρηγορᾶς
2697 3659 2912 3727 ίταμῶς
2959 3661 3320 3730 ἀφαρπάσας,
3381 3663 3639 3736 καθάπερ

2053 3747 2309 3817 ἔφην,ἑκ
2358 3749 2455 3816 τῆς
2517 3749 2796 3820 τραπέζης
2847 3753 2941 3804 τοῦ
2994 3751 3179 3820 λόγου,
3235 3753 3429 3822 φεύγει
3495 3758 3640 3810 κατά

2051 3841 2179 3903 τοὺς
2217 3839 2385 3903 κύνας
2443 3841 2686 3904 ἐκείνους
2749 3843 3116 3913 ὑποπτήσσων
3164 3847 3292 3911 τοὺς
3352 3849 3472 3911 ταῖς
3507 3867 3638 3919 τρα-

2054 3933 2245 3997 πέζαις
2305 3932 2380 3995 ὡς
2441 3933 2562 3996 ἔθος
2629 3934 3005 4004 ἐφεστηκότας
3082 3936 3179 3990 καὶ
3258 3939 3637 4010 ὑπηρετουμέ-

2052 4042 2212 4089 νους,
2268 4025 2368 4096 τὴν
2437 4027 2794 4098 κατασκευὴν
2851 4028 2960 4082 τῶν
3030 4028 3362 4099 θεολογικῶν
3413 4050 3476 4086 τε
3542 4036 3637 4088 καὶ

2055 4121 2343 4188 πατρικῶν
2382 4117 2704 4174 καταλιπὼν
2733 4120 2931 4189 λόγων,
2973 4121 3163 4191 ὥσπερ
3195 4123 3260 4194 δὴ
3292 4125 3384 4178 καὶ
3413 4125 3474 4177 τὸ
3498 4127 3636 4196 πρόο

2049 4227 2232 4281 τερον.
2276 4212 2424 4266 Ἀλλ’
2451 4213 2600 4282 ἡμᾶς
2626 4215 2934 4282 ἐπαγαγεῖν
2973 4214 3192 4284 ἀνάγκη
3233 4215 3490 4278 κάκεῖνα,
3537 4218 3636 4270 καὶ

2050 4302 2144 4355 τὸν
2174 4303 2443 4373 ἡμέτερον
2466 4304 2624 4373 λόγον
2655 4305 3069 4359 κατασκευάσαι
3104 4307 3199 4359 καὶ
3221 4304 3378 4370 αὖθις
3406 4308 3498 4361 διὰ
3524 4309 3635 4362 τῶν

2054 4397 2342 4465 πατρικῶν
2373 4395 2574 4464 λόγων.
2634 4397 2916 4468 Ἐπιφέρει
2959 4398 3253 4470 τοιγαροῦν
3286 4401 3314 4454 ό
3353 4401 3634 4466 συνοδικὸς

2052 4488 2218 4558 τόμος
2267 4489 2338 4541 τά
2395 4487 2781 4561 προρρηθέντα
2832 4489 3304 4554 κατασκευάζων·
3337 4493 3462 4546 Ὅτι
3523 4494 3634 4566 γὰρ

366 4607 458 4644 νον
501 4591 670 4642 πᾶσιν
708 4590 790 4650 είς
841 4585 1100 4654 θεωρίαν,
1161 4583 1303 4636 ὥστε
1355 4584 1426 4637 δι’
1477 4586 1644 4639 αὑτοῦ
1701 4586 1797 4657 τήν
1847 4586 1944 4642 τοῦ
1978 4580 2310 4644 υᾶκτιστός
2368 4580 2518 4632 ἔστιν
2563 4581 2611 4650 ’ἡ
2675 4580 2906 4644 θέωσιςν
2956 4582 3144 4650 σαφῶς
3199 4583 3291 4635 καὶ
3347 4585 3634 4656 συντόμως

365 4686 693 4752 ποιήσαντος
724 4679 888 4732 αὑτὸν
917 4678 1110 4746 σοφίαν
1137 4674 1622 4745 ἐπιγινώσκεσθαι,
1665 4679 1766 4732 οὐκ
1809 4679 1946 4751 ἄλλῃ

365 4776 476 4828 τινὶ
503 4775 655 4842 φωνῇ
685 4772 962 4842 ἐχρήσατο
1007 4771 1036 4821 ὁ
1082 4768 1245 4837 σοφὸς
1281 4767 1526 4837 Μωῦσῆς
1577 4770 1710 4838 περὶ
1738 4771 1904 4824 06106
1928 4814 1944 4837 ,

367 4858 496 4919 ἀλλ(
523 4860 697 4926 εἶπεν,
745 4863 846 4916 Ἐν
885 4857 1043 4927 ἀρχῇ
1091 4859 1403 4925 ἐποίησεν,
1456 4859 1579 4929 οὐχὶ
1638 4861 1948 4930 ἐνήργησεν

367 4958 492 5011 οὐδὲ
527 4957 854 5026 ύπέστησεν,
893 4951 1008 5006 ἀλλ’
1047 4952 1322 5018 ἐποίησε.
1369 4953 1576 5006 Καθότι
1619 4953 1809 5007 πολλοὶ
1840 4956 1948 5008 τῶν

370 5047 792 5118 φαντασθέντων
822 5043 1195 5128 συνυπάρχειν
1248 5043 1308 5107 ἐξ
1359 5044 1534 5097 ἀϊδίου
1584 5044 1662 5115 τῷ
1704 5047 1824 5116 Θεῷ
1857 5047 1948 5101 τὸν

370 5144 611 5210 κόσμον,
645 5139 766 5208 οὒχί
797 5137 1126 5206 γεγενῆσθαι
1153 5135 1285 5206 παρ’
1337 5137 1500 5190 αὐτοῦ
1539 5139 1946 5210 συκεχώρησαν.

442 5230 844 5300 Συναπεδείχθη
879 5229 936 5282 δὲ
969 5227 1078 5282 ἀπὸ
1107 5229 1322 5294 τούτου,
1351 5229 1436 5281 ὅτι
1483 5231 1578 5282 καὶ
1607 5231 1670 5284 τὸ
1701 5235 1948 5302 ἐνεργεῖν

369 5329 466 5380 καὶ
491 5325 554 5378 τὸ
575 5322 922 5394 ἐνεργεῖσθαι
961 5322 1024 5373 o6
1075 5323 1237 5391 μόνον
1270 5323 1360 5374 ἐπὶ
1391 5324 1650 5389 κτιστῶν,
1689 5325 1828 5378 ἀλλά
1852 5326 1946 5379 καὶ

367 5421 466 5472 ἐπὶ
508 5418 692 5470 ἀϊδίων
744 5413 841 5469 καὶ
858 5413 1162 5466 -ἀκτίστων
1201 5413 1429 5468 δύναται
1475 5415 1766 5484 λέγεσθαι·
1826 5418 1947 5470 ἐπεὶ

367 5513 465 5565 καὶ
495 5509 592 5581 τὴν
624 5509 782 5578 χάριν
815 5507 1220 5575 ἐνεργουμένην
1267 5505 1563 5569 ἀκούοντες
1595 5508 1644 5560 οί
1689 5508 1946 5578 διαφερόέ

371 5621 544 5673 μενοι,
587 5603 811 5670 κτιστὴν
842 5597 1004 5658 εὐθὺς
1034 5589 1182 5651 εἶναι’
1209 5598 1550 5668 νομίζουσιν.
1597 5599 1655 5652 Ὀ
1688 5601 1797 5671 γάρ
1842 5601 1944 5668 μέ-

365 5713 472 5764 γας
505 5696 562 5747 ἐν
589 5691 841 5761 θεολογία
872 5689 1198 5761 Γρηγόριος,
1227 5691 1433 5755 Ἔστω,
1464 5691 1621 5759 φησὶ,
1661 5692 1758 5744 καὶ
1782 5695 1942 5764 ἐνερ-

365 5788 524 5852 γείας
547 5785 716 5854 δνομα
751 5781 833 5846 τὸ,
871 5779 1097 5848 Πατὴρ,
1131 5780 1181 5832 εί
1215 5779 1372 5834 τοῦτο
1400 5780 1579 5832 δοκεῖ·
1615 5781 1739 5834 οὐδὲ
1770 5782 1944 5846 οὕτως

367 5878 515 5949 ἡμᾶς
544 5872 1084 5947 αἱρήσετεηΑὑτὺ-δὲ
1110 5873 1270 5928 τοῦτο
1315 5872 1638 5946 ἐνηργηκὼς
1666 5876 1732 5929 ἀν
1755 5879 1841 5947 εἴη
1883 5877 1944 5930 τὸ

2053 4676 2402 4741 παραστήσει
2436 4673 2535 4727 καὶ
2568 4675 2596 4726 ό
2636 4674 2778 4736 θεῖος
2809 4674 3085 4744 Μάξιμος,
3118 4676 3372 4746 γράφων
3414 4676 3476 4730 'H
3510 4678 3633 4732 θεία

2046 4765 2208 4836 χάρις
2261 4765 2337 4829 εί¹
2365 4764 2460 4819 καὶ
2507 4763 2816 4818 ἀπόλαυσιν
2863 4765 3049 4818 δίδωσι
3109 4769 3222 4829 τοῖς
3280 4769 3422 4822 κατά
3461 4768 3626 4838 χάριν

2051 4860 2396 4929 μετέχουσιν,
2423 4858 2540 4912 ἀλλ’
2586 4859 2649 4911 ού
2683 4858 3014 4929 κατάληψιν.
3060 4861 3230 4915 Μίνει
3273 4862 3384 4932 γὰρ
3415 4864 3520 4915 κάν
3554 4865 3622 4934 τῇ

2054 4951 2272 5021 μεθέξει
2304 4953 2413 5004 τῶν
2446 4951 2837 5005 ἀπολαυόντων
2879 4953 3050 5021 αὐτῆς
3097 4953 3505 5023 ἀκατάληπτος,
3542 4955 3628 5008 ὅτι

2049 5044 2190 5098 κατὰ
2219 5042 2382 5112 φύσιν
2423 5043 2498 5105 ώς
2529 5044 2825 5113 ἀγέννητος
2871 5043 2985 5113 ἔχει
3033 5043 3132 5115 τὴν
3180 5046 3462 5113 ἀπειρίαν.
3519 5047 3629 5101 Καὶ

2050 5137 2250 5190 πάλινο
2281 5135 2454 5190 Τοῦτό
2497 5137 2612 5187 ἐστι
2661 5136 2721 5189 τδ
2765 5134 2861 5188 τοῦ
2919 5135 3058 5189 Θεοῦ
3105 5136 3462 5205 Εύαγγέλιον,
3496 5154 3630 5206 πρε-

2051 5227 2210 5280 σϐεία
2238 5228 2376 5281 Θεοῦ
2408 5227 2546 5298 πρὸς
2577 5225 2900 5298 ἀνθρώπους
2931 5229 3000 5282 δι’
3046 5228 3176 5282 Υίοῦ
3221 5229 3626 5299 σαρκωθέντος,

2049 5321 2143 5373 καὶ
2174 5319 2366 5389 μισθὸν
2393 5320 2742 5390 δωρουμένου
2778 5323 2893 5382 τοῖς
2939 5319 3290 5390 πειθομένοις
3337 5320 3489 5390 αὐτῷ
3527 5321 3629 5391 τὴν

2049 5412 2346 5483 ἀγέννητον
2381 5411 2596 5466 θέωσιν.
2626 5411 2815 5476 Οὕτως
2861 5414 2890 5464 ὁ
2929 5413 3087 5474 κενὸς
3118 5412 3303 5465 οὐτοσὶ
3332 5412 3628 5482 φιλόσοφος

2050 5505 2144 5559 καὶ
2189 5505 2338 5572 λέγει
2391 5506 2486 5557 καὶ
2523 5505 2858 5573 διαλέγεται,
2917 5509 3011 5560 καὶ
3062 5507 3506 5578 ἀντιρῤητικοὺς,
3552 5507 3629 5571 ὡς

2050 5597 2212 5659 αὐτὸς
2240 5597 2618 5667 τερατεύεται,
2652 5583 2933 5668 ξυντίθησι
2977 5599 3171 5668 λόγους
3199 5616 3214 5630 ο
3266 5600 3326 5653 δν
3362 5601 3455 5653 ούδ
3519 5601 3630 5670 έχω

2050 5691 2166 5755 πῶς
2191 5691 2464 5762 ὀνομάσω,
2507 5692 2619 5744 εἴτε
2652 5691 3060 5761 θαυματοποιόν
3100 5710 3225 5746 τινα
3260 5694 3356 5747 καὶ
3396 5709 3629 5762 τερατο-

2053 5784 2207 5837 ποιόν
2231 5801 2289 5836 τε
2318 5786 2410 5836 καὶ
2445 5783 2726 5853 σοφιστὴν,
2778 5785 3190 5855 καθάπερτοὺς
3240 5789 3331 5838 ἐπὶ
3361 5786 3471 5838 τῶν
3504 5788 3630 5842 θεά-

2049 5894 2194 5949 τρων
2225 5878 2358 5948 φασὶ
2384 5878 2576 5944 πάλαι,
2607 5878 2702 5940 τὰς
2749 5879 2857 5932 τῶν
2889 5878 3182 5951 θεωμένων
3215 5880 3364 5948 διξεις
3391 5880 3466 5944 ὡς
3499 5883 3626 5934 ἐπι·
