4054 6434
389 415 527 478 1033

1149 407 1456 469 CONTRA
1483 405 1913 466 GREGORAM
1962 404 2734 469 AN'HRRHETICORUM
2793 407 2871 470 Χ.

3485 413 3624 480 1034

381 526 609 581 πλεῖστα
638 523 774 593 πρὸς
807 518 1304 590 Πνευματομάχους
1345 519 1766 589 ἀποτεινόμενος
1801 512 1946 580 εἷπε,
1983 521 2029 578 Α
2059 516 2445 585 αγορεύεσθαι.
2495 518 2602 570 Καὶ
2633 516 2795 572 πάλιν
2818 533 2834 549 ⁸
2869 503 3060 590 Μάνης
3089 521 3190 591 τῆς
3237 520 3388 588 θείας
3414 529 3642 595 χάριτος

381 617 528 672 καθὰ
557 615 622 688 δὴ
663 614 770 668 καὶ
796 616 928 684 ἡμῖν
974 617 1032 666 ὲν
1071 616 1184 677 τοῖς
1219 613 1356 684 πρὸς
1410 614 1696 683 Γρηγορᾶν
1744 613 1958 665 τουτονὶ

382 710 675 780 προτέροις
730 697 1068 776 πλατύτερον
1130 705 1369 775 εἴρηται,
1430 705 1528 757 καὶ
1578 704 1641 772 δὴ
1691 703 1952 757 κάκεῖναο

382 801 498 854 Οὐκ
531 803 591 854 ὲν
613 802 680 870 τῇ
715 798 1032 869 ἀνθρωπίνῃ
1073 797 1234 865 φύσει
1262 813 1321 849 τε
1345 795 1440 848 καὶ
1463 793 1692 862 δυνάμει
1719 793 1898 863 μένων
1928 793 1956 846 6

381 893 674 961 Στέφανος,
697 892 758 944 τὸ
789 890 934 943 θεῖον
965 889 1152 959 βλέπει
1170 905 1186 921 ο
1214 888 1351 942 ἀλλά
1381 887 1519 958 πρὸς
1548 887 1646 957 τὴν
1672 886 1766 940 τοῦ
1794 886 1954 953 ἀγίου

380 983 702 1052 Πνεύματος
760 982 923 1052 χάριν
964 980 1326 1050 ἀνακραθεὶς,
1379 979 1448 1032 δι’
1494 978 1708 1032 ἐκείνου
1763 977 1953 1047 ὑψώθη

380 1075 518 1145 πρὸς
558 1075 661 1144 τὴν
709 1074 804 1127 τοῦ
851 1071 988 1126 Θεοῦ
1041 1072 1408 1143 κατανόησιν.¹
1449 1071 1730 1124 Δέδεικται
1769 1071 1954 1123 τοίνυν

379 1169 589 1240 σαφῶς,
624 1170 810 1237 φησὶν,
847 1167 929 1220 ὄτι
971 1165 1109 1219 ὅπου
1141 1164 1199 1218 τὸ
1233 1163 1466 1233 Πνεῦμά⁵
1500 1165 1673 1230 ἐστιν,
1717 1165 1833 1216 ἐκεῖ
1859 1163 1956 1216 καὶ

375 1260 405 1312 ὀ
445 1259 649 1327 Κύριος
677 1256 1003 1328 καθορᾶται,
1036 1253 1132 1307 καὶ
1161 1253 1196 1324 ἠ
1231 1249 1480 1322 Πατρικὴ
1515 1249 1642 1315 δόξα
1670 1251 1955 1316 καταλαμ-

375 1356 622 1409 δάνεται.

450 1535 591 1589 Είδὲ
635 1535 732 1588 καὶ
771 1535 979 1587 τούτων
1010 1532 1038 1584 6
1089 1527 1382 1600 φιλόσοφος
1431 1526 1831 1598 θεολογούντων
1888 1545 1952 1583 τι

373 1629 470 1682 καὶ
505 1625 869 1680 διδασκόντων
913 1624 981 1676 τά
1030 1622 1308 1686 θειότατα,
1342 1621 1438 1674 καὶ
1489 1620 1752 1689 ὑπερφυᾶ
1776 1620 1951 1674 ταῦτα

371 1719 649 1772 διακούειν
687 1735 747 1770 τε
779 1717 875 1770 καὶ
921 1715 1215 1783 μανθάνειν
1261 1713 1533 1779 έδούλετο,
1566 1712 1682 1764 061‘
1714 1712 1782 1766 ἂν
1821 1714 1951 1784 περὶ

371 1809 468 1864 τοῦ
500 1809 679 1878 φωτὸς
707 1807 808 1877 τῆς
845 1807 999 1869 Θείας
1032 1804 1516 1874 μεταμορφώσεως
1546 1804 1732 1856 ἐκεῖνα
1771 1803 1945 1873 δήπου

369 1903 444 1956 τὰ
477 1901 861 1970 καταγέλαστα
895 1899 1035 1969 μετά
1063 1897 1172 1951 τῶν
1204 1897 1494 1950 ἀπύλωτον
1537 1894 1948 1965 περιφερόντιυν

368 1995 627 2062 γλῶσσαν
675 1994 862 2054 κακῶς
891 1990 1043 2058 ἔλεγέ
1073 2007 1134 2041 τε
1180 1988 1274 2042 καὶ
1311 1989 1576 2056 ἔγραφεν,
1620 1987 1706 2040 δτι
1748 1988 1798 2039 εί
1847 1986 1947 2054 μὲν

368 2089 469 2140 οὐκ
504 2083 645 2138 εἶδον
670 2086 718 2138 οί
748 2085 883 2153 περὶ
912 2082 1001 2135 τὸν
1034 2082 1242 2150 Πέτρον
1277 2082 1335 2131 ἐν
1362 2079 1439 2148 τῷ
1473 2078 1588 2148 δρει
1622 2078 1682 2131 τὸ
1717 2078 1814 2145 τῆς
1848 2094 1947 2147 με-

367 2177 785 2248 ταμορφὼσεως
815 2176 908 2229 τοῦ
953 2172 1192 2240 Χριστοῦ
1244 2173 1380 2240 φῶς,
1425 2172 1572 2225 θεῖον
1625 2171 1795 2233 6010);
1852 2172 1948 2223 καὶ

366 2271 626 2326 ἀκτιστόν
689 2271 837 2322 ἐστιν
875 2283 888 2298 ·
923 2269 972 2319 εί
1031 2256 1100 2318 δὲ’
1151 2263 1316 2327 εἶδον,
1374 2262 1559 2316 οὐκέτι
1610 2261 1786 2324 θεῖον,
1834 2262 1944 2315 οὐδ’

367 2364 640 2417 ἄκτιστον.
717 2359 940 2427 κτίσμα
1002 2359 1096 2411 καὶ
1143 2359 1252 2424 γὰρ
1300 2354 1360 2407 τὸ
1419 2356 1534 2416 τοῖς
1579 2353 1946 2423 ἀνθρωπίνοις

368 2452 662 2519 ὀφθαλμοῖς
683 2450 966 2504 ὁπώσποτε
986 2447 1390 2516 καθορώμενον,
1418 2443 1542 2498 0615
1568 2447 1669 2515 τὴν
1697 2445 1945 2498 θεοποιὸν

364 2543 460 2594 τοῦ
514 2541 832 2610 Πνεύματος
879 2537 1111 2608 δωρεὰν,
1159 2537 1330 2604 αὐτήν
1377 2552 1522 2606 φημι
1569 2535 1671 2607 τὴν
1721 2535 1942 2600 θέωσιν,

366 2634 650 2702 ἀμήχανον
677 2630 743 2685 ἂν
788 2630 940 2695 ἔλεγε
992 2629 1085 2682 καὶ
1134 2627 1322 2698 σχέσιν
1374 2627 1468 2680 καὶ
1517 2625 1750 2697 ἄσχετον
1801 2622 1944 2682 εἶναι

364 2727 507 2779 κατά
542 2723 732 2785 ταυτὸ,
763 2723 844 2775 διὸ
875 2721 970 2774 καὶ
1001 2721 1228 2786 κτιστὴν
1271 2722 1328 2787 ἐξ
1371 2719 1642 2789 ἀνάγκης.
1675 2719 1750 2784 ὡς
1781 2721 1944 2780 αὑτός

363 2833 555 2884 φησιν,
577 2810 742 2876 εἶναι,
767 2812 947 2865 καίτοι
965 2828 1029 2880 γε
1048 2810 1155 2864 τῶν
1185 2811 1348 2864 θείων
1367 2811 1708 2866 διδασκάλων
1729 2815 1942 2868 ἀκούων

360 2908 426 2960 τὸ
462 2907 559 2974 μὲν
595 2905 931 2971 δοξαζόντων
983 2919 1043 2955 τε
1097 2902 1194 2957 καὶ
1242 2902 1514 2970 λεγόντων
1558 2905 1761 2976 ῥητῶς,
1790 2908 1850 2960 τὸ
1895 2907 1943 2961 δ’

363 2999 432 3052 αὖ
460 2997 914 3066 ἀπαγορευόντων
939 2994 1227 3056 ὡσαύτως.
1252 2994 1328 3046 Τὸ
1364 2995 1462 3062 μὲν
1490 2995 1585 3050 οὖν
1614 2995 1866 3066 ἄσχετον,
1895 2993 1940 3054 ὦ

362 3089 642 3157 φιλόσοφε,
675 3087 770 3140 καὶ
800 3085 1076 3156 ἀμίμητον
1129 3085 1228 3153 τῆς
1273 3083 1523 3149 θεώσεως
1551 3086 1621 3139 δι’
1665 3087 1842 3142 ἀλλων
1878 3107 1939 3143 τε

2062 606 2195 660 ῑδιον
2246 607 2406 661 τοῦτο
2446 609 2692 677 πέφυκεν
2738 605 2907 677 εἶναι,
2955 612 3018 665 τὸ
3055 612 3340 684 ἀναλόγως
3373 619 3484 681 τοῖς
3521 619 3643 674 οὖσι

2061 698 2388 768 χαρίζεσθαι
2445 700 2664 766 θέωσιν,
2721 701 3153 777 λαμπρυνούσης
3203 707 3303 778 τὴν
3355 709 3519 778 φύσιν
3563 713 3645 782 τῷ
3712 714 3722 723 ”

2060 790 2203 861 ὑπὲρ
2230 790 2393 858 φύσιν
2423 795 2581 860 φωτὶ,
2610 796 2707 872 καλ.
2724 795 2833 848 τῶν
2855 795 3076 852 οἰκείων
3104 799 3248 869 ὅρων
3271 802 3444 872 αὐτὴν
3471 805 3642 875 ὑπερ-

2059 874 2176 929 άνω
2229 879 2372 933 κατά
2427 879 2528 949 τὴν
2580 881 2890 954 ὑπερσολὴν
2924 885 3022 953 τῆς
3075 887 3234 960 δόξης
3284 874 3667 964 ποιουμένης.-

2060 963 2226 1019 Ὠστε
2257 967 2400 1021 κατά
2433 969 2564 1032 τοὺς
2608 971 2863 1037 θεοειδεῖς
2892 974 3249 1043 διδασκάλους
3276 963 3524 1051 τούτους,
3557 963 3639 1054 φοι

2056 1056 2275 1128 λύσοφε,
2307 1061 2366 1113 ὲν
2393 1061 2496 1130 μὲν
2530 1065 2596 1134 τῇ
2635 1063 2960 1137 ἀνθρωπεία
2995 1069 3156 1138 φύσει
3182 1074 3408 1146 οὐδεμία
3432 1095 3515 1142 τις
3541 1083 3643 1151 τῆς

2058 1148 2311 1218 θεώσεως
2366 1153 2551 1225 σχέσις
2589 1155 2687 1211 καὶ
2724 1158 2965 1230 μίμησις
2994 1162 3088 1216 καὶ
3124 1164 3238 1229 ἕξις
3265 1183 3277 1197 ·
3312 1148 3638 1241 Πνεύματος

2055 1239 2115 1294 δὸ
2147 1242 2300 1296 θείου
2340 1244 2572 1316 δυνάμει
2607 1251 2701 1301 καὶ
2722 1250 2934 1320 χάριτι,
2959 1249 3152 1324 ὥσπερ
3180 1259 3275 1310 καὶ
3307 1239 3518 1330 διανοίᾳ
3546 1264 3642 1317 καὶ

2057 1332 2360 1404 ὀφθαλμοῖς
2395 1337 2700 1393 ὑποπίπτει
2731 1341 2876 1396 κατὰ
2905 1343 3036 1409 τοὺς
3091 1346 3386 1418 θεοφόρους
3415 1351 3639 1418 τούτους

2057 1425 2152 1477 καὶ
2195 1425 2506 1497 θεολόγους,
2540 1432 2726 1485 καίτοι
2773 1451 2839 1502 γε
2884 1435 2981 1489 καὶ
3012 1436 3154 1510 ὑπὲρ
3191 1439 3356 1509 φύσιν
3389 1444 3482 1496 καὶ
3514 1445 3640 1499 νοῦν

2054 1517 2200 1571 κατά
2236 1519 2401 1587 φύσιν
2439 1521 2597 1589 οὖσα,
2627 1525 2772 1582 οὓτω
2795 1529 2862 1600 δὴ
2895 1532 2991 1583 καὶ
3019 1531 3077 1584 ὲν
3110 1534 3292 1603 σχέσει
3323 1537 3420 1590 καὶ
3467 1540 3640 1611 μιμή-

2057 1625 2143 1662 σει
2185 1615 2281 1665 κα¹ι
2325 1611 2439 1681 ἔξει
2478 1617 2510 1687 ή
2543 1618 2683 1689 ὑπὲρ
2714 1620 2891 1674 ταῦτα
2921 1624 3064 1676 κατὰ
3099 1625 3264 1692 φύσιν
3293 1624 3429 1681 οὖσα
3473 1632 3533 1682 ὲν
3567 1635 3632 1703 τῇ

2053 1701 2285 1772 δυνάμει
2319 1705 2416 1759 τοῦ
2449 1707 2615 1762 αὑτοῦ
2666 1709 2882 1778 γίνεται
2920 1713 3262 1784 Πνεύματος.
3298 1720 3408 1773 Καὶ
3434 1723 3485 1773 τί
3518 1741 3639 1776 και-

2053 1793 2141 1844 νὸν
2173 1793 2248 1848 ἂν-
2284 1797 2368 1867 ειη
2422 1799 2516 1851 καὶ
2565 1801 2720 1871 παρὰ
2749 1803 2840 1856 τὸν
2873 1803 3018 1858 θεῖον
3057 1811 3264 1862 σκοπόν
3293 1827 3350 1864 τε
3383 1816 3477 1867 καὶ
3505 1817 3638 1880 τοὺς

2051 1884 2266 1954 λόγους,
2291 1889 2340 1942 εί
2375 1890 2436 1942 τὸ
2463 1890 2609 1945 θεῖον
2635 1892 2838 1965 δηλαδὴ
2877 1897 3103 1967 Πνεῦμα
3134 1902 3199 1954 τὰ
3243 1903 3442 1958 ἑαυτοῦ
3474 1907 3636 1972 αὖθις

2052 1981 2146 2032 καὶ
2170 1982 2288 2050 όρᾷτ
2310 1982 2404 2035 καὶ
2439 1986 2573 2051 νοεῖ,
2605 1987 2700 2039 καὶ
2745 1987 3017 2057 λαμϐάνει
3056 1993 3152 2044 καὶ
3181 1994 3294 2064 ἔχει
3323 1999 3526 2068 λόγοις,
3549 1997 3634 2068 οἷς

2049 2063 2194 2124 οἶδεν
2228 2072 2406 2125 έκεῖνο
2434 2075 2557 2138 ταῖς
2597 2075 2709 2128 τῶν
2736 2077 2986 2131 θεοειδῶν
3019 2063 3282 2149 διανοίαις
3317 2063 3440 2140 κατ’
3481 2063 3632 2164 506p:

2049 2176 2210 2228 γειαν
2255 2164 2588 2236 ἀπορῤήτως
2639 2168 3096 2239 ἀνακιρνάμενον,
3147 2177 3242 2230 καὶ
3304 2179 3374 2232 τὰ
3430 2183 3629 2237 ἑαυτοῦ

2049 2251 2242 2307 ποιοῦν
2288 2255 2538 2323 ἐκείνων,
2571 2258 2669 2311 καὶ
2728 2261 2816 2313 διὰ
2863 2263 3071 2316 τούτων
3119 2268 3302 2323 αὐτῶν
3333 2289 3478 2342 φημι
3520 2276 3630 2331 τῶν

2048 2343 2500 2417 θεουργουμένων
2535 2351 2738 2420 βλέπον
2769 2353 2836 2406 τά
2883 2356 3099 2421 ἑαυτοῦ,
3128 2360 3189 2412 o6
3222 2361 3434 2435 διανοίᾳ
3464 2371 3626 2442 μόνῃ,

2045 2435 2180 2489 ἀλλὰ
2214 2440 2308 2492 καὶ
2337 2439 2662 2512 ὀφθαλμοῖς,
2694 2443 2738 2498 ὣ
2763 2448 2858 2500 τοῦ
2887 2447 3204 2519 θαύματοςί
3241 2455 3347 2520 ἔξω
3375 2435 3627 2528 γεγονόσι

2045 2528 2149 2596 τῆς
2192 2529 2410 2596 φύσεως
2462 2535 2529 2603 τῇ
2576 2535 2825 2608 θεουργῷ
2869 2539 3101 2611 δυνάμει
3135 2544 3228 2599 καὶ
3265 2547 3471 2619 χάριτι,
3509 2553 3537 2606 ὃ
3562 2555 3627 2624 δὴ

2046 2619 2150 2671 κάν
2174 2623 2239 2691 τῇ
2268 2621 2539 2696 μελλούσῃ
2563 2625 2805 2697 Χριστοῦ
2829 2632 3122 2705 ἐπιφανείᾳ
3152 2636 3538 2708 λαμπρότερόν
3566 2619 3626 2698 τε

2044 2708 2139 2761 καλ⁵
2167 2709 2570 2785 θεοειδέστερον
2603 2715 2758 2772 ἔσται
2789 2723 2902 2784 τοῖς
2936 2722 3272 2797 θεουμένοις,
3298 2725 3374 2786 ὧν
3403 2737 3432 2786 6
3464 2736 3629 2805 μόνος

2045 2803 2188 2856 κατά
2217 2803 2381 2871 φύσιν
2416 2806 2572 2875 Θεὸς,
2601 2809 2660 2862 ὲν
2694 2812 2849 2883 μέσῳ
2885 2815 3024 2870 θεῶν
3061 2818 3232 2874 ὄντων
3277 2827 3421 2879 κατὰ
3462 2803 3626 2900 χάριν

2047 2893 2298 2955 ῖσταται;
2348 2897 2676 2968 Λάμψουσι
2705 2905 2960 2977 καὶγὰρ,
3006 2912 3192 2980 φησὶν,
3221 2915 3302 2982 ὡς
3343 2921 3378 2972 ό
3423 2893 3620 2990 ἣλιος,

2043 2985 2207 3041 αὐτὸς
2238 2989 2266 3040 ό
2294 2990 2394 3059 τῆς
2425 2991 2778 3066 δικαιοσύνης
2825 3002 3016 3069 νοητὸς
3047 3003 3218 3073 ἥλιος,
3245 2985 3456 3082 δηλαδὴν
3486 2985 3626 3086 Χριί-

2044 3075 2189 3141 στὸς,
2217 3078 2246 3130 6
2277 3079 2452 3137 10610
2499 3083 2785 3155 προλέγων
2807 3105 2821 3120 ο
2854 3091 2974 3143 οὐδὲ
3022 3094 3134 3166 γὰρ
3185 3075 3413 3167 ἡλιακοῦ
3435 3075 3626 3171 ’φωτὸς

361 3181 578 3233 πολλῶν
639 3179 733 3233 καὶ
785 3177 968 3232 καλῶν
1011 3177 1062 3230 οί
1113 3177 1354 3246 θεολόγοι
1399 3179 1710 3247 φθάσαντες
1761 3181 1936 3249 λόγων
1962 3185 2008 3246 c
2042 3167 2163 3221 ἐκεῖ
2187 3171 2346 3266 χρεία
2376 3173 2473 3227 καὶ
2500 3175 2680 3246 λόγος.
2709 3179 2777 3233 Ὃ
2811 3180 2876 3251 δὴ
2903 3185 3041 3237 κάπὶ
3083 3187 3179 3240 τοῦ
3211 3190 3310 3259 τῆς
3345 3167 3495 3260 Θείσίς
3530 3167 3627 3266 μεξ.

361 3273 592 3338 ἔδειξαν,
619 3272 714 3324 καὶ
750 3269 814 3341 δὴ
849 3269 960 3324 ⁴καὶ
1006 3271 1206 3340 μικρὸν
1254 3271 1513 3340 ἀνωτέρω
1539 3270 1636 3326 νῦν
1675 3273 1702 3326 ὅ
1733 3291 1792 3326 τε
1838 3275 1939 3345 τῆς

360 3364 644 3431 θεολογίας
673 3362 983 3431 ἐπώνυμος,
1021 3361 1327 3431 Γρηγόριος
1357 3362 1385 3414 ὀ
1419 3362 1583 3428 θεῖος,
1617 3365 1784 3432 φημὶ,
1810 3367 1939 3438 περὶ

361 3455 615 3519 θεώσεως
643 3455 798 3518 θείας
828 3454 922 3507 τὸν
953 3454 1112 3523 λόγον
1161 3453 1512 3524 ποιούμενος,
1549 3457 1646 3511 καὶ
1685 3457 1940 3529 Μάξιμος

359 3552 390 3603 6
421 3549 586 3617 σοφὸς
619 3549 718 3601 σὺν
762 3545 910 3616 αὐτῷ
965 3545 1144 3615 σοφῶς
1183 3562 1244 3598 τε
1290 3547 1385 3600 καὶ
1415 3546 1579 3612 ἀξίως
1620 3549 1836 3603 ἐκείνου
1871 3553 1940 3605 τὰ

360 3644 576 3696 ἐκείνου
607 3639 983 3710 σκοπούμενος
1004 3654 1020 3672 ο
1047 3639 1196 3699 ὅπως
1229 3637 1275 3691 δ’
1303 3641 1336 3708 ἠ
1366 3639 1506 3708 αὐτὴ
1543 3639 1640 3694 καὶ
1670 3642 1729 3693 ὲν
1753 3641 1937 3711 σχέσει

361 3737 548 3798 πάλιν,
591 3735 684 3787 καὶ
718 3733 904 3803 σχέσις
934 3731 1030 3783 καὶ
1065 3731 1297 3800 μίμησις
1329 3729 1570 3801 εἴρηται,
1595 3730 1726 3783 ⁸τῶν
1757 3733 1938 3785 αὐτῶν

359 3826 519 3885 αὖθις
544 3826 814 3893 λεγόντων
834 3820 1096 3884 ὡσαύτως
1116 3821 1283 3874 ἄκουε
1311 3837 1324 3851 ·
1351 3821 1552 3890 μᾶλλον
1577 3822 1632 3875 δὲ
1654 3824 1748 3875 καὶ
1769 3823 1938 3894 ἥκου-

361 3937 462 3980 σας
485 3918 749 3972 εἰπόντων
777 3915 878 3985 ἤδη
905 3915 1138 3985 τρανῶς,
1176 3912 1295 3966 ἀλλ’
1322 3914 1385 3966 ού
1423 3913 1686 3982 συνῆκας,
1720 3914 1802 3968 διὸ
1842 3916 1938 3968 καὶ

358 4011 526 4062 πάλιν
562 4008 670 4061 τῶν
714 4006 896 4061 αὐτῶν
945 4006 1136 4059 ἄκουε.
1199 4004 1262 4057 Ὀ
1313 4003 1401 4057 διὰ
1450 4004 1695 4070 πάντων,
1745 4007 1934 4075 φησιν,

357 4103 605 4170 ὑπήκοος
634 4099 753 4168 Θεῷ
784 4100 1078 4167 γενόμενος
1107 4095 1398 4166 ἄνθρωπος
1429 4095 1554 4148 0615
1586 4097 1727 4150 κατὰ
1750 4097 1933 4165 φύσιν,

356 4193 486 4248 οὔτε
529 4191 669 4244 κατά
729 4191 914 4260 σχέσιν
961 4188 1074 4257 ἔχει
1108 4189 1164 4240 τὸ
1213 4183 1354 4241 εἶναι
1382 4185 1416 4258 ἢ
1449 4187 1736 4240 καλεῖσθαι
1777 4187 1932 4250 Θεός.

370 4283 538 4336 Ἀλλὰ
570 4281 709 4343 πῶς,
742 4275 786 4332 ὧ
809 4278 1156 4332 διδασκάλων
1182 4277 1375 4346 ἄριστε
1405 4279 1500 4331 καὶ
1525 4277 1893 4332 θεοειδέστατε
1918 4297 1932 4347 ;

362 4375 530 4444 πείρᾳ
565 4373 660 4427 καὶ
697 4371 829 4441 γὰρ,
857 4371 972 4424 ἀλλ’
994 4371 1096 4423 οὐκ
1131 4369 1269 4439 ἀκοῇ
1303 4369 1442 4439 μόνῃ
1476 4369 1626 4423 τοῦτ’
1648 4371 1797 4440 ἔχεις
1833 4388 1934 4441 μα-

359 4465 500 4517 θών
530 4463 650 4516 εἰπὲ
690 4461 986 4532 τοιγαροῦν
1006 4476 1024 4512 .·
1059 4458 1258 4529 μᾶλλον
1287 4459 1345 4512 δὲ
1383 4459 1480 4512 καὶ
1509 4461 1814 4532 ἀμφότεροι
1843 4462 1934 4514 λέ-

356 4574 487 4627 γετε
513 4557 607 4610 καὶ
627 4555 910 4610 διδάσκετε
927 4568 939 4581 ·
963 4552 1116 4606 κοινά
1144 4556 1237 4606 καὶ
1255 4555 1364 4622 γάρ
1391 4553 1719 4623 ἀμφοτέρων
1739 4554 1932 4607 ταυτίο
1967 4533 2012 4589 θ

357 4648 518 4701 Κατά
565 4646 736 4709 θέσιν,
767 4644 922 4714 φησὶ,
968 4642 1065 4696 καὶ
1098 4643 1260 4710 χάριν
1289 4643 1317 4694 6
1346 4641 1590 4704 τοιοῦτος
1619 4642 1839 4709 λέγεταί
1869 4658 1930 4694 τε

355 4738 457 4790 καὶ
483 4735 806 4804 ὀνομάζεται
834 4733 990 4794 Θεός.
1027 4732 1146 4785 Τῶν
1175 4734 1284 4800 γὰρ
1311 4731 1598 4800 ὀνομάτων
1627 4733 1840 4801 ἔφημεν
1864 4735 1932 4788 τὰ

359 4830 463 4900 μὲν
492 4830 678 4889 οὐσίας
706 4823 847 4887 εἶναι
872 4826 1118 4890 λέγεται,
1145 4825 1212 4876 τὰ
1241 4824 1297 4876 δὲ
1332 4825 1592 4893 σχέσεως,
1617 4824 1690 4878 τὰ
1734 4825 1792 4878 δὲ
1834 4827 1934 4895 χά-

362 4935 504 4988 ριτο,
539 4918 570 4988 ἢ
605 4917 906 4976 ἀπωλείας.
937 4914 1175 4982 Χάριτος
1207 4913 1302 4966 οὖν
1332 4914 1560 4981 εἴπομεν
1583 4911 1747 4980 εἶναι,
1773 4917 1928 4984 φασὶ,

355 5008 619 5077 τοῦνομα,
644 5009 770 5060 ὅταν
805 5007 938 5068 Θεὸς
960 5008 990 5059 6
1015 5005 1306 5075 ἄνθρωπος
1350 5008 1462 5069 τοῖς
1499 5005 1704 5074 λογίοις
1733 5008 1933 5077 ὀνομά-

355 5102 546 5170 ζηται,
569 5103 597 5154 6
628 5102 716 5153 διὰ
738 5101 956 5153 πάντων
989 5100 1230 5170 ὑπήκοος
1255 5100 1375 5169 Θεῷ
1403 5100 1699 5166 γενόμενος
1720 5100 1931 5172 ἀνθρω-

355 5208 479 5256 πος,
511 5193 651 5246 κατὰ
682 5193 763 5254 τὸ,
783 5189 931 5262 Ἐγὼ
953 5186 1093 5244 εἶπα
1112 5207 1124 5218 ·
1147 5190 1283 5244 Θεοί
1308 5191 1468 5256 ἐστε,
1495 5191 1619 5244 0615
1651 5193 1794 5244 κατὰ
1824 5192 1930 5260 φύ-

355 5300 464 5347 σιν,
513 5281 637 5335 0615
676 5285 818 5335 κατὰ
849 5283 1036 5352 σχέσιν
1069 5281 1210 5352 ἔχων
1254 5283 1316 5333 τὸ
1367 5278 1508 5335 εῐναι
1562 5282 1595 5352 ἢ
1644 5283 1928 5337 καλεῖσθαι

351 5379 510 5440 Θεὸς,
541 5377 676 5430 ἀλλά
721 5365 862 5430 κατὰ
900 5376 1050 5428 θέσιν
1080 5377 1173 5428 καὶ
1212 5374 1373 5444 χάριν
1418 5374 1708 5444 γενόμενός
1739 5391 1799 5425 τε
1832 5378 1926 5426 καὶ

349 5470 781 5538 ὀνομαζόμενος.
806 5468 914 5520 Καὶ
951 5468 1068 5536 μετ’
1099 5466 1278 5533 ὀλίγον
1310 5467 1360 5518 οἱ
1394 5467 1548 5519 αὐτοὶ
1580 5467 1742 5520 πάλιν
1763 5483 1776 5497 ’
1813 5470 1926 5521 Οὐκ

349 5565 468 5615 ἐστι
494 5562 811 5632 παράδοξον,
839 5563 998 5632 φασὶ,
1023 5562 1082 5614 τὸ
1097 5563 1400 5631 γινόμενον,
1426 5564 1474 5614 εἰ
1504 5562 1643 5613 κατά
1672 5564 1928 5633 δεκτικὴν

348 5653 584 5722 δύναμιν
615 5653 826 5722 φύσεως
862 5657 895 5722 ἡ
921 5654 1117 5714 θέωσις
1141 5648 1230 5721 ἦν.
1266 5652 1485 5716 Φύσεως
1516 5653 1624 5722 γάρ
1669 5652 1732 5706 ἂν
1777 5655 1926 5706 εἰκό-

349 5760 463 5806 τως
501 5743 682 5814 έργον,
714 5743 828 5797 ἀλλ’
875 5744 935 5797 ού
971 5743 1108 5796 Θεοῦ
1159 5744 1330 5812 δῶρον
1357 5743 1465 5811 εἴη,
1501 5744 1598 5796 καὶ
1630 5744 1923 5814 δυνήσεται

350 5837 446 5889 καὶ
473 5836 635 5904 φύσει
667 5835 796 5896 Θεὸς
826 5836 854 5887 6
884 5834 1122 5898 τοιοῦεος
1155 5835 1391 5902 ἔσεσθαι,
1417 5839 1508 5889 καὶ
1533 5837 1737 5907 κυρίως
1758 5854 1926 5907 προσ-

679 5926 950 5985 ΡΑτιιοῐ..
993 5926 1108 5985 Gn.
1156 5924 1271 5984 CLI

2042 3264 2462 3334 ταμορφώσεως
2505 3269 2669 3341 ὅρους
2717 3275 3016 3347 ἐνήργησε,
3051 3281 3113 3336 τὸ
3148 3284 3343 3353 μέλλον
3369 3264 3623 3345 ἐντεῦθεν

2043 3353 2223 3410 ἐκεῖνο
2270 3360 2664 3430 παραδεικνὺς,
2703 3369 2799 3419 καὶ
2849 3371 2979 3433 τοὺς
3027 3373 3382 3444 ἀρραϐῶνας,
3430 3385 3521 3434 καὶ
3554 3385 3623 3438 τὰ

2044 3449 2328 3520 προοίμια,
2357 3455 2470 3517 τοῖς
2501 3454 2675 3521 ἀξίοις
2710 3458 3081 3530 δωρούμενος.
3109 3466 3200 3518 Διὸ
3239 3469 3333 3520 καὶ
3365 3473 3624 3543 Μάξιμος

2043 3541 2072 3592 ό
2102 3541 2401 3614 θεόληπτος
2432 3548 2489 3599 ὲν
2518 3551 2632 3611 τοῖς
2678 3551 2864 3616 αὐτοῖς
2915 3557 3046 3624 περὶ
3085 3557 3196 3611 τῶν
3231 3563 3414 3618 αὐτῶν
3462 3563 3622 3633 αὖθις

2045 3635 2143 3688 σύν
2167 3654 2232 3706 γε
2261 3637 2340 3708 τῷ
2377 3640 2527 3710 σοφῷ
2553 3641 2790 3711 θεολόγῳ
2820 3644 3151 3718 φιλοσοφῶν,
3181 3652 3260 3724 Τῇ
3301 3657 3441 3709 κατά
3462 3658 3618 3725 Θεὸν,

2042 3730 2198 3798 φησὶ,
2237 3733 2512 3803 προκοπῇ,
2545 3735 2644 3802 τῆς
2671 3735 3025 3809 ἀνθρωπίνης
3057 3742 3272 3810 φύσεως
3308 3746 3434 3818 ίσης
3485 3753 3622 3822 πρὸς

2039 3820 2166 3882 τοὺς
2215 3821 2481 3888 ἀγγέλους
2530 3825 2839 3891 ἀνελλιπῶς
2875 3832 3178 3902 γενομένης
3211 3838 3354 3890 κατά
3381 3839 3481 3910 τὴν
3507 3842 3618 3896 τῶν

2041 3913 2100 3964 ἐν
2133 3916 2245 3977 τοῖς
2270 3912 2389 3967 οὖσι
2421 3913 2597 3984 λόγων
2627 3922 3053 3995 προγνωστικὴν
3082 3926 3422 4001 ἐπιστήμην,
3457 3935 3489 4004 η
3520 3937 3621 4006 τῆς

2040 4004 2275 4076 ἀληθοῦς
2300 4008 2495 4076 σοφίας
2513 4010 2888 4083 ἀπειρόδωρος
2911 4014 3068 4084 χύσις
3092 4018 3459 4095 ἐπιγενομένη
3476 4004 3621 4081 κατά

2038 4091 2098 4144 τὸ
2141 4093 2384 4162 θεμιτὸν,
2413 4098 2737 4173 ἀκραιφνῶς
2784 4102 2976 4157 λοιπὸν
3008 4105 3109 4172 τὴν
3152 4110 3284 4180 περὶ
3322 4091 3484 4180 Θεοῦ,
3521 4119 3620 4171 καὶ

2037 4185 2418 4254 ἀμεσιτεύτως
2471 4192 2770 4264 παρέχεται
2835 4199 2951 4260 τοῖς
3014 4199 3189 4264 ἀξίοις
3246 4203 3618 4272 ἀδιάγνωστον

2040 4279 2135 4332 καὶ
2164 4279 2574 4352 ἀνερμήνευτον
2608 4285 2843 4342 ἔννοιαν.
2873 4290 2985 4342 Καὶ
3017 4291 3171 4356 τέλος
3201 4296 3292 4347 ἐπὶ
3326 4301 3460 4352 πᾶσι
3487 4302 3614 4355 τού-

2036 4383 2155 4432 τοις
2193 4371 2294 4441 τὴν
2329 4373 2556 4445 κτιστὴν
2586 4375 2752 4444 φύσιν
2785 4381 2850 4450 τῇ
2883 4381 3127 4454 ἀκτίστῳ
3152 4384 3240 4438 διὰ
3271 4390 3368 4459 τῆς
3391 4391 3614 4465 ἀγάπης

2041 4459 2273 4529 ὲνώσας,
2316 4463 2363 4517 ὣ
2403 4465 2499 4518 τοῦ
2533 4467 2815 4540 θαύματος
2851 4471 2953 4540 τῆς
3007 4476 3138 4544 περὶ
3174 4478 3322 4547 ἡμᾶς
3348 4459 3449 4535 τοῦ
3477 4459 3616 4539 Θεοῦ

2043 4551 2500 4626 φιλανθρωπίαςί
2537 4559 2597 4615 ἓν
2636 4562 2729 4616 καὶ
2766 4565 2932 4618 ταυτὸ
2967 4566 3210 4622 δείκνυσι
3249 4572 3319 4625 δι’
3366 4575 3558 4630 ἑαυτοῦ
3588 4582 3616 4632 6

2036 4642 2349 4714 ἄνθρωπος,
2380 4650 2526 4704 κατά
2550 4652 2650 4723 τὴν
2674 4653 2789 4718 ἕξιν
2820 4655 2918 4725 τῆς
2944 4659 3164 4728 χάριτος
3185 4661 3303 4725 ὅλος
3334 4665 3440 4736 ὅλῳ
3464 4687 3616 4739 περι-

2036 4734 2295 4804 χωρήσας
2321 4737 2516 4802 ὀλικῶς
2533 4741 2612 4810 τῷ
2634 4741 2775 4813 Θεῷ,
2805 4747 2899 4798 καὶ
2925 4747 3219 4818 γενόμενος
3244 4756 3350 4808 πᾶν
3380 4734 3420 4808 ὄὴ
3442 4776 3489 4810 τι
3513 4734 3616 4830 πέρ

2037 4822 2186 4877 ιστιν
2217 4828 2246 4878 6
2275 4827 2409 4892 Θεὸς
2443 4829 2584 4900 πλὴν
2616 4834 2717 4902 τῆς
2750 4837 2873 4888 κατ’
2911 4839 3103 4893 οὐσίαν
3137 4845 3487 4915 ταυτότητος,
3523 4854 3614 4902 καὶ

2033 4914 2156 4968 ὅλον
2190 4917 2352 4971 αὐτὸν
2391 4920 2699 4976 ἀντιλαϐὼν
2728 4926 2926 4980 ἑαυτοῦ
2957 4930 3048 4982 τὸν
3093 4932 3227 4985 Θεὸν
3259 4914 3365 4988 καλ
3390 4941 3488 5006 τῆς
3523 4945 3612 4994 ἐπ’

2035 5005 2201 5059 αὑτὸν
2231 5009 2323 5060 τὸν
2367 5010 2502 5064 Θεὸν
2545 5014 2868 5078 ἀναϐάσεως
2899 5015 3012 5074 οἷον
3040 5021 3278 5077 ἔπαθλον
3323 5005 3484 5081 αὐτὸν
3513 5050 3613 5101 μο-

2035 5099 2272 5154 νῶτατον
2322 5105 2669 5176 κτησάμενος
2715 5111 2806 5161 τὸν
2853 5112 3006 5179 Θεὸν,
3033 5115 3108 5177 ὡς
3141 5119 3315 5185 πέρας
3339 5121 3468 5174 δντα
3502 5125 3613 5176 τῶν

2033 5191 2122 5244 ἐπ’
2145 5195 2309 5247 αὐτὸν
2344 5203 2686 5268 κινουμένων
2714 5202 2972 5272 ἀόριστόν
2999 5225 3057 5260 τε
3092 5211 3185 5262 καὶ
3217 5212 3462 5282 ἄπειρον.
3503 5218 3613 5270 Καὶ

2034 5282 2197 5336 πάλιν
2227 5286 2283 5337 ἐν
2317 5291 2430 5350 τοῖς
2464 5290 2648 5353 αὐτοῖς
2676 5295 2703 5344 ὁ
2728 5295 2890 5357 αὐτός
2915 5313 2930 5327 ο
2970 5296 3037 5350 Ἦ
3064 5301 3212 5371 ψυχὴ
3234 5304 3444 5370 γίνεται
3477 5308 3611 5372 θεὸς

2032 5376 2098 5444 τῇ
2155 5377 2372 5442 μεθέξει
2418 5381 2516 5449 τῆς
2564 5381 2753 5454 θεῖκῆς
2792 5385 3037 5455 χάριτος,
3069 5393 3262 5444 πασῶν
3311 5397 3421 5447 τῶν
3471 5403 3613 5451 κατὰ

2033 5468 2158 5519 νοῦν
2211 5471 2304 5521 καὶ
2351 5471 2608 5542 αἴσθησιν
2659 5478 2957 5547 ἐνεργειῶν
2991 5483 3129 5552 αὐτή
3161 5501 3218 5536 τε
3253 5491 3609 5560 παυσαμένη,

2033 5558 2126 5609 καὶ
2156 5559 2251 5620 τὰς
2275 5561 2368 5612 τοῦ
2412 5562 2662 5632 σώματος
2691 5574 3162 5626 συναποπαύοασα
3193 5575 3432 5645 ψυχικὰς
3460 5583 3612 5650 ἐνερυ

2031 5651 2206 5715 γείας,
2257 5651 2654 5717 συνθεωθέντο;
2703 5659 2840 5729 αὐτῇ
2883 5664 3026 5716 κατὰ
3081 5664 3180 5733 τὴν
3234 5668 3614 5735 ἀναλογοῦσαν

2031 5741 2178 5811 αὐτῷ
2214 5744 2432 5812 μέθεξιν
2489 5749 2590 5811 τῆς
2624 5749 2918 5820 -θεώσεως,
2971 5755 3111 5808 ὥστε
3165 5760 3327 5826 μόνον
3357 5761 3448 5814 τὸν
3477 5763 3609 5815 Θεὸν

2028 5831 2115 5884 διά
2152 5848 2211 5885 τε
2259 5833 2358 5903 τῆς
2405 5834 2582 5906 ψυχῆς
2621 5838 2714 5891 καὶ
2747 5841 2840 5894 τοῦ
2880 5841 3133 5915 σώματος
3186 5849 3496 5919 φαίνεσθαι,
3530 5869 3610 5904 νι-

3114 5941 3193 5999 33
