4046 6450
428 397 566 462 1065

1166 401 1465 462 CONTRA
1501 402 1933 463 GREGORAM
1964 399 2774 462 ANTHIRRHETICORUM
2817 397 2920 458 ΧΙ.

3523 391 3662 456 10.66

416 515 645 583 Γραεὲὦν
676 516 899 582 ἄγνοιαν
927 519 1016 568 KH-
1050 517 1146 585 τὴν
1180 517 1422 586 ἀμαθίαν
1452 520 1634 572 πυκνά
1691 521 1981 589 προφέρων
2015 533 2054 582 Α
2090 519 2269 571 καλῶν
2301 519 2476 585 λόγων
2515 517 2614 582 τὴν
2641 516 2861 568 ἐκείνων
2911 512 3230 566 δυσσέϐειαν
3281 510 3656 580 ἐξελέγχοντα,

416 608 564 675 ἡμῖν.

488 695 688 765 Πρώην
724 695 820 764 μὲν
848 695 939 748 οῦν
969 697 1123 750 οὔπω
1151 703 1262 762 τοῖς
1308 701 1636 769 γράμμασιν
1695 702 1986 768 ἐντετυχη-

415 789 567 850 κότες
612 789 787 842 αὐτοῦ’
823 791 1104 856 περιόντςς
1151 791 1232 844 ἔτι
1265 793 1341 860 τῷ
1389 792 1508 860 βίῳ,
1559 793 1769 844 πολλῶν
1821 810 1985 843 τινων

415 880 520 933 τῶν
565 880 928 950 ὡμιληκότων
990 885 1184 953 ἐκείνῳ
1248 885 1518 952 λεγόντων
1577 887 1874 954 ἠκούομεν,
1908 883 1984 944 ὡς

413 973 522 1041 ἄρα
551 973 794 1026 διδάσκει
820 976 1108 1045 Γρηγορᾶς
1150 979 1280 1046 περὶ
1318 977 1411 1028 τοῦ
1472 978 1572 1046 τῆς
1624 975 1985 1046 μεταμορφώ-

413 1081 551 1127 σεως
579 1065 725 1118 θείου
787 1069 986 1132 φωτὸς.
1027 1069 1110 1121 ὅτι
1143 1071 1190 1122 εἰ
1228 1069 1326 1137 μὲν
1343 1070 1442 1138 οὐχ
1469 1069 1690 1140 ἑωράθη
1715 1072 1826 1129 τοῖς
1854 1071 1985 1120 ἀπο-

412 1158 622 1217 στόλοις
653 1160 851 1221 ἐκεῖνο,
886 1161 1030 1212 θεῖον
1063 1161 1158 1211 καὶ
1187 1159 1440 1211 ἄκτιστόν
1477 1161 1643 1224 ἐστιν,
1682 1162 1730 1211 εί
1778 1160 1822 1210 δ’
1855 1160 1984 1226 ὁρα-

411 1251 502 1301 τὸν
538 1252 766 1313 ἐκείνοις
793 1250 1148 1321 ὁπωσδήποτε
1195 1253 1435 1318 γέγονεν,
1471 1251 1530 1314 ἐξ
1577 1252 1821 1318 ἀνάγκης
1889 1251 1982 1303 καὶ

411 1340 520 1399 τοῖς
552 1337 848 1408 κτίσμασιν
871 1341 1046 1392 ἐκεῖνο
1076 1341 1578 1410 συναριθμήσομεν,
1639 1341 1982 1410 ἑκατέρωθεν

414 1429 710 1495 ἀντιλέγων
733 1430 814 1499 τῷ
845 1431 1164 1502 Εὐαγγελίῳ
1186 1431 1446 1496 Χριστοῦ,
1474 1435 1567 1484 καὶ
1583 1433 1845 1502 ὁραθῆναι
1870 1434 1981 1494 τοῖς

410 1521 732 1583 ἀποστόλοις
763 1521 881 1592 θείᾳ
914 1521 1162 1589 δηλονότι
1214 1522 1443 1592 δυνάμει
1496 1525 1828 1589 διδάσκοντι,
1886 1527 1980 1578 καὶ

413 1611 690 1678 βασιλείαν
721 1613 1086 1666 ἀποκαλοῦντι
1116 1614 1274 1678 Θεοῦ,
1307 1617 1372 1686 ῆν
1403 1615 1462 1667 οὐ
1485 1616 1642 1685 θέμις
1666 1618 1848 1684 λέγειν
1875 1617 1980 1670 ὐπδ

411 1704 617 1770 χρόνων
646 1721 705 1756 τε
737 1706 832 1757 καὶ
869 1703 1082 1756 αἰώνων
1118 1703 1438 1772 φθάνεσθαι,
1497 1707 1638 1760 κατὰ
1668 1708 1766 1769 τὰς
1828 1709 1978 1778 ίεράς

409 1793 517 1844 τῶν
563 1795 826 1863 θεολόγων
849 1796 1055 1862 φωνάς.
1097 1794 1271 1866 ’Υπὲρ
1301 1790 1376 1848 ὧν
1405 1800 1498 1850 καὶ¹
1530 1798 1686 1866 λόγος
1728 1801 1861 1867 ἡμῖν
1920 1801 1978 1871 ἐχ

409 1886 529 1939 δυσὶ
568 1887 795 1953 βιϐλίοις
826 1890 968 1942 κατά
1012 1887 1244 1957 δύναμιν
1307 1889 1526 1960 ἐξεδόθη
1581 1891 1976 1959 τοτηνικαῦτα.

408 1979 522 2030 Νῦν
551 1979 607 2031 δὲ
632 1981 726 2032 καὶ
749 1982 859 2041 τοῖς
884 1982 1280 2049 συγγράμμασι
1309 1982 1520 2045 τούτοις
1550 1983 1977 2052 ἐντετυχηκότες

407 2069 646 2133 ἐκείνου,
680 2070 815 2140 μηδέ
844 2071 942 2141 τὴν
962 2071 1136 2140 ἀρχὴν
1163 2073 1496 2141 γεγενῆσθαι
1542 2075 1640 2144 τὴν
1683 2074 1778 2128 τοῦ
1835 2077 1974 2144 Χρι-

411 2163 536 2213 στοῦ
568 2163 1000 2232 μεταμόρφωσιν
1033 2165 1122 2217 διὰ
1153 2165 1534 2234 συλλογισμῶν
1585 2184 1645 2219 τε
1704 2169 1799 2220 καὶ
1837 2168 1980 2220 διαι-

413 2255 639 2324 ρέσεων,
664 2255 741 2324 ὡς
767 2254 842 2324 μή
872 2255 1104 2323 ὤφελεν,
1127 2258 1346 2327 ὁρῶμεν
1381 2259 1546 2311 αὐτὸν
1575 2259 1755 2321 ἀθέως
1804 2277 1978 2312 κατα-

411 2345 772 2409 σκευάζοντα.
827 2346 989 2400 Ἀλλά
1020 2349 1156 2416 πρὸς
1179 2351 1388 2402 ἐκεῖνον
1439 2350 1830 2418 ἐπανέλθωμεν
1884 2350 1981 2404 αὐ-

408 2439 517 2504 θις,
589 2438 813 2492 καὶτὸν
875 2439 1005 2509 περὶ
1067 2439 1283 2509 μορφῆς
1333 2441 1428 2492 καὶ
1493 2442 1978 2511 μεταμορφώσεως

408 2531 626 2584 ἐκείνου
661 2530 1040 2600 συλλογισμόν.
1078 2531 1428 2599 Προῦπέθετο
1463 2533 1647 2585 τοίνυν
1696 2537 1724 2586 ό
1764 2534 1980 2601 φιλόσο-

410 2638 533 2688 φος,
571 2621 824 2691 καθάπερ
870 2621 1188 2691 ἠκούσαμεν
1221 2623 1324 2692 ἥδη
1384 2622 1483 2693 τὴν
1538 2625 1755 2695 μορφὴν
1811 2626 1977 2679 αὐτοῦ

410 2713 506 2764 καὶ
538 2713 600 2766 τὸ
623 2713 828 2782 ταύτης
854 2714 1200 2778 ἐξετάζοντες
1239 2719 1418 2784 γένος,
1450 2701 1526 2778 ὧς
1559 2718 1651 2770 ἐπὶ
1687 2718 1787 2786 μὲν
1840 2718 1977 2771 Θεοῦ

408 2804 680 2877 λεγομένη
711 2807 904 2860 ταυτὸν
937 2807 1158 2862 δύναται
1182 2813 1246 2879 τῇ
1280 2810 1441 2880 οὐσίᾳ
1461 2825 1472 2838 ·
1503 2813 1593 2864 ἐπὶ
1627 2813 1683 2864 δὲ
1739 2812 1848 2866 τῶν
1897 2815 1978 2865 αἰ-

413 2899 629 2966 σθητῶν
661 2901 843 2968 μορφή
875 2903 990 2953 ἐστι
1022 2902 1082 2953 τὸ
1111 2905 1239 2971 περὶ
1288 2904 1388 2972 τὴν
1445 2905 1771 2972 ἐπιφάνειαν
1826 2907 1978 2957 ποιὸν

360 2987 371 2994 ’
407 2991 670 3060 τύπωμα.
712 2992 844 3043 Δέον
875 2989 969 3044 οὐν
1004 2993 1107 3055 τὰς
1134 2993 1342 3055 οίκείας
1374 2995 1536 3047 αὐτὸν
1567 2995 1800 3048 λαϐόντα
1843 3015 1976 3066 προ-

404 3082 618 3148 τάσεις,
642 3082 786 3135 καθά
801 3083 973 3151 δήπου
1006 3085 1100 3136 καὶ
1137 3085 1477 3153 προῦπέθετο
1509 3127 1527 3152 ,
1559 3090 1652 3142 καὶ
1687 3089 1777 3140 τὸν
1811 3090 1975 3158 μέσον

2091 611 2184 660 καὶ
2221 609 2504 660 δεικνύντα
2531 609 2630 673 τὴν
2674 605 3018 675 ἀνθρωπείαν
3067 605 3162 657 τοῦ
3210 601 3450 672 Χριστοῦ
3497 605 3660 669 φύσιν

2089 699 2266 750 πάντα
2292 700 2388 768 μὲν
2422 699 2488 750 τὰ
2525 697 2730 763 φυσικά
2760 699 2856 765 τῆς
2907 697 3158 764 θεότητος
3211 694 3661 780 πεπλουτηκυῖαν
3749 721 3761 730 -

2087 790 2385 857 αὐχήματα
2413 787 2501 839 διὰ.
2524 787 2622 854 τὴν
2651 786 2773 839 καθ’
2794 787 3093 838 ὑπόστασιν
3116 786 3213 852 τῆς
3235 785 3484 853 θεότητος
3516 783 3661 852 ἀχώ-

2092 899 2273 949 ριστον
2301 881 2516 941 ἕνωσιν,
2553 879 2653 932 οὐκ
2700 879 2975 931 ἐκστᾶσαν
3017 879 3072 931 δὲ
3136 879 3354 948 ἑαυτῆς,
3411 876 3522 928 οὐδ’
3576 877 3660 936 εἰς

2087 974 2317 1042 θεότητα
2351 969 2839 1040 μεταποιηθεῐσαν,
2878 969 3001 1022 οὐτε
3040 970 3140 1038 τὴν
3169 969 3318 1022 θείαν
3355 970 3498 1037 φημὶ
3558 966 3662 1036 φύ-

2088 1083 2192 1131 σιν,
2222 1063 2347 1116 οὐτε
2401 1062 2526 1117 τινὰ
2583 1062 2785 1130 ταύτης
2811 1063 3006 1130 ἑτέραν
3064 1061 3158 1112 καὶ
3210 1059 3660 1130 κεχωρισμένην,

2085 1158 2167 1219 τίς
2197 1158 2310 1226 γὰρ
2336 1157 2403 1212 ἂν
2425 1157 2520 1208 καὶ
2547 1157 2632 1225 εἴη
2661 1158 2844 1225 ἐκείνη
2871 1173 2884 1218 ;
2918 1154 3052 1206 ἀλλά
3092 1153 3184 1206 καλ¹
3239 1153 3377 1222 μετὰ
3410 1153 3508 1222 τὴν
3558 1153 3661 1221 τῆς

2087 1246 2342 1315 θεότητος
2367 1247 2550 1316 χρίσιν
2580 1248 2675 1314 καὶ
2703 1247 2761 1298 τὸ
2810 1246 3038 1316 όμόθεον
3070 1245 3356 1315 ἀνθρώπου
3391 1246 3660 1312 μένουσαν

2085 1338 2268 1405 φύσιν.
2307 1339 2398 1390 Διὸ
2434 1340 2529 1391 καὶ
2581 1339 2719 1408 πρὸς
2769 1339 2862 1390 τὸν
2909 1337 3012 1403 τῆς
3071 1337 3390 1398 δυσσεϐείας
3444 1335 3662 1403 ἐκείνης

2084 1429 2460 1499 προεστηκότα
2487 1431 2578 1482 τὸν
2605 1431 2746 1499 ὑπὲρ
2784 1431 2972 1482 τοῦτον
2999 1431 3026 1480 ὁ
3058 1432 3303 1492 γενναῖος
3333 1427 3660 1494 ποιούμενος

2083 1522 2264 1588 λόγον,
2328 1524 2472 1577 καθά
2530 1523 2626 1576 καὶ
2675 1524 2964 1592 Γρηγορᾶς
3012 1522 3178 1583 αὐτὸς
3213 1523 3407 1582 ἐντοῖς
3437 1521 3660 1582 οἰκείοις

2081 1613 2302 1680 διέξεισι
2323 1617 2640 1686 γράμμασι,
2668 1619 2766 1669 καὶ
2791 1614 3308 1684 κατακομψεύεται,
3353 1615 3518 1680 φησὶν
3558 1613 3660 1666 Εὐ-

2085 1707 2285 1771 σέϐιος,
2311 1707 2404 1759 ἐπὶ
2430 1707 2544 1775 φῶς
2575 1707 2815 1777 ἄρρητον
2843 1708 2938 1760 καὶ
2965 1706 3385 1774 ἁνεκδιήγητον,
3414 1774 3417 1778 _
3442 1704 3536 1756 καὶ
3579 1703 3658 1774 τῷ

2082 1797 2201 1866 Θεῷ
2231 1797 2389 1868 Λόγῳ
2443 1798 2672 1867 πρέπον,
2715 1796 2813 1867 τήν
2864 1796 2957 1849 τοῦ
2988 1795 3175 1848 δούλου
3222 1791 3659 1864 μεταϐεϐλῆσθαι.

2087 1873 2304 1959 μορφὴν
2328 1893 2386 1942 ἐν
2422 1889 2500 1958 τῷ
2517 1888 2669 1959 Spes.

2130 1982 2396 2047 Ἀκούεις,
2418 1984 2690 2052 Γρηγορᾶ,
2707 1981 2808 2053 τήν
2820 1981 2911 2034 τοῦ
2926 1981 3115 2034 Εἰκονο
3123 1982 3296 2050 μάχου
3314 1978 3653 2042 δυσσέϐειαν,

2082 2075 2282 2143 μᾶλλον
2297 2074 2353 2126 δὲ
2366 2074 2460 2137 τάς
2475 2075 2824 2139 δυσσεϐείαςς
2849 2075 2958 2129 Καὶ
2977 2071 3412 2142 μεταϐεϐλῆσθαι
3429 2071 3536 2140 γάρ
3553 2085 3659 2138 φη-

2081 2181 2163 2217 σιν
2181 2167 2237 2216 ἐν
2250 2164 2327 2234 τῷ
2351 2164 2464 2234 ὖρει
2491 2164 2587 2236 τὴν
2612 2163 2957 2232 ἀνθρωπείαν
2981 2165 3074 2215 τοῦ
3099 2161 3332 2234 Χριστοῦ
3357 2160 3540 2227 φύσιν.
3561 2159 3656 2211 καὶ

2079 2257 2171 2308 ἐπὶ
2192 2256 2306 2326 φῶς
2325 2258 2728 2310 ίδιοῦπόστατόν
2749 2274 2800 2309 τι
2820 2253 3255 2325 μεταϐεϐλῆσθαι
3276 2251 3477 2321 ταύτην
3498 2252 3653 2318 φησὶ,

2079 2349 2220 2402 καθά
2248 2349 2310 2415 δὴ
2340 2350 2434 2400 καὶ
2461 2349 2713 2417 προϊὼνὸ
2741 2349 2840 2417 τῆς
2865 2345 3156 2416 όμολογίας
3190 2345 3474 2406 ἐπώνυμος
3489 2341 3654 2405 δείξει

2081 2439 2442 2509 πλατύτερον·
2497 2439 2533 2493 δι
2582 2440 2742 2491 ποίαν
2793 2441 2891 2508 οὐχ
2933 2431 3311 2506 ὑπερϐέϐηκεν
3349 2436 3650 2496 ἁσέϐειανς

2090 2531 2625 2599 Ἐπάγειτοιγαροῦν
2657 2547 2670 2560 °
2703 2531 2856 2583 Κοιὶὸ
2887 2531 2981 2599 μὲν
3001 2531 3261 2582 Εὐσεϐίου
3287 2530 3444 2595 λόγος
3479 2527 3655 2578 τοιοῦ-

2080 2641 2189 2686 τος,
2209 2624 2301 2675 καὶ
2319 2622 2491 2684 οὕτως
2509 2622 2670 2692 ἔχων,
2693 2624 2786 2674 καί
2801 2623 2861 2673 τὸ
2879 2624 2986 2674 πᾶν
3003 2621 3149 2691 αὐτῷ
3171 2620 3399 2674 ἐνταῦθα
3417 2615 3514 2690 τῆς
3529 2620 3654 2670 ἀσε-

2082 2713 2230 2776 ϐείας
2263 2714 2556 2782 ἐξήρτηται
2577 2729 2591 2744 ο
2623 2714 2745 2765 ὅποι
2779 2713 2823 2764 δ’
2855 2713 3000 2778 αὐτῷ
3027 2714 3181 2782 φέρει
3212 2713 3281 2764 τὰ
3326 2714 3424 2781 τῆς
3459 2707 3654 2774 καινῆς

2081 2804 2282 2872 ταύτης
2314 2801 2670 2864 διδασκαλίας
2709 2801 2805 2854 καλ¹
2834 2800 2928 2853 τοῦ
2960 2802 3252 2872 δόγματος,
3312 2798 3387 2860 ὡς
3439 2797 3518 2849 ἔνι
3551 2795 3656 2864 μά-

2080 2897 2239 2948 λιστα
2273 2895 2666 2963 συντομώτατα
2697 2895 3026 2963 σκεψώμεθα
3055 2913 3071 2929 ο
3100 2898 3191 2948 καὶ
3215 2897 3397 2956 ὁποῖος
3439 2893 3526 2962 δὴ,
3555 2897 3653 2951 καὶ

2081 2988 2234 3047 ὅστις
2263 2987 2291 3038 ό
2320 2987 2418 3054 τῆς
2453 2984 2757 3054 μεταϐολῆς
2807 2987 3030 3053 τρόπος,
3065 2986 3465 3054 ἐπισκέψασθαι
3527 3006 3653 3040 πει-

2084 3079 2401 3148 ρασώμεθα.

405 3175 534 3244 ὅρον
571 3175 762 3238 αὐταῖς
785 3175 1056 3229 δεδωκότα
1085 3177 1268 3230 κοινὸν
1297 3178 1440 3232 κατά
1473 3181 1599 3243 τοὺς
1636 3180 1974 3249 συλλογιστιο
2003 3197 2046 3254 c
2149 3176 2265 3229 Πᾶν
2293 3177 2352 3228 τὸ
2385 3177 2857 3246 μεταϐαλλόμενον
2895 3178 2927 3246 ἢ
2961 3178 3083 3230 κατ’
3125 3179 3316 3233 οὐσίαν
3373 3179 3648 3248 μεταϐάλ-

407 3271 540 3330 κοὺς
575 3268 741 3320 αὐτοῦ
774 3270 993 3338 νόμους,
1027 3268 1198 3332 οὓτως
1222 3272 1523 3338 ἐπαγαγεῖν
1555 3272 1753 3344 ἀληθὲς
1777 3276 1872 3327 καὶ
1916 3273 1979 3326 τὸ

405 3358 619 3410 ἐκεῖθεν
651 3360 1050 3428 συμπέρασμα,
1083 3361 1166 3411 ὃτι
1194 3361 1221 3411 ό
1256 3363 1686 3430 μεταμόρφωσιν
1716 3364 1810 3417 τοῦ
1843 3364 1978 3436 Χρι-

406 3449 538 3504 στοῦ
575 3450 749 3519 λέγων
778 3451 836 3516 ἐξ
875 3451 1122 3522 ἀνάγκης
1153 3451 1252 3521 τῆς
1299 3453 1643 3523 ἀνθρωπείας
1692 3455 1978 3510 ἀλλοίωσιν

404 3545 559 3614 λέγει
589 3547 827 3615 μορφῆς,
856 3545 1058 3615 ταύτης
1083 3547 1306 3616 καὶγὰρ
1348 3549 1408 3598 τὸ
1443 3549 1676 3614 τρεπτὸν
1708 3553 1849 3604 κατά
1873 3552 1978 3620 φύ-

407 3655 519 3704 σιν,
571 3637 689 3689 ἀλλ*
754 3637 854 3689 οὐκ
915 3638 1151 3707 ἐκείνης,
1180 3641 1207 3689 ὁ
1237 3636 1281 3688 δ’
1323 3637 1448 3690 ἐπεὶ
1490 3639 1552 3690 τὸ
1605 3641 1977 3710 συμπέρασμα

404 3728 564 3783 τοῦτο
595 3729 731 3798 πρὸς
755 3728 934 3798 ἡμῶν,
969 3727 1084 3780 ἀλλ’
1111 3728 1173 3780 οὐ
1193 3727 1316 3780 καθ’
1348 3729 1505 3796 ἡμῶν
1537 3730 1785 3783 ἐκϐαῖνον
1845 3747 1976 3784 κατ-

407 3825 536 3886 εῖδε,
578 3821 672 3874 τοῦ
709 3825 945 3890 γέλωτος
982 3821 1074 3873 καὶ
1111 3821 1208 3888 τῆς
1240 3821 1450 3873 ἐκεῖθεν
1504 3823 1765 3893 αἰσχύνης
1817 3827 1977 3894 ὀλίγα

405 3915 724 3984 φροντίσας,
781 3913 868 3968 ἵνα
928 3913 1323 3982 συκοφαντήσῃ
1391 3914 1552 3982 μόνον
1625 3917 1722 3968 καὶ
1776 3916 1976 3989 ὑϐρίσῃ

408 4007 676 4076 συνήθως,
727 4005 829 4073 ὅρα
874 4005 992 4066 πῶς
1051 4003 1387 4072 αίσχρότατα
1449 4006 1541 4058 καὶ
1593 4009 1976 4072 καταγέλαστα

408 4079 809 4163 συλλογίςεται.
845 4095 1069 4165 Μορφὴ,
1117 4096 1303 4163 φησὶν,
1349 4095 1442 4147 ἐπὶ
1475 4097 1572 4164 μὲν
1601 4098 1697 4165 τῆς
1721 4098 1976 4168 θεότητος

402 4191 500 4244 τοῦ
528 4189 765 4259 Χριστοῦ
796 4188 894 4256 τὴν
919 4188 1108 4242 οὐσίαν
1139 4187 1414 4256 σημαίνει,
1448 4189 1540 4240 ἐπὶ
1571 4187 1626 4240 δὲ
1647 4189 1748 4258 τῆς
1767 4191 1976 4258 ἀνθρω-

402 4284 641 4353 πότητος
654 4284 713 4335 τὸ
729 4283 857 4349 περὶ
879 4281 975 4348 τὴν
993 4281 1114 4348 ww
1135 4280 1288 4330 ποιὸν
1315 4281 1572 4349 τύπωμα.
1591 4281 1649 4334 Ὀ
1671 4283 1778 4350 ἄρα
1803 4272 1976 4350 λέγων

403 4377 828 4446 μεταμόρφωσιν
848 4376 938 4426 ἐπὶ
966 4375 1060 4426 τοῦ
1085 4374 1327 4444 Χριστοῦ
1357 4375 1454 4443 τῆς
1481 4374 1663 4437 οὐσίας
1694 4375 1857 4428 αὐτοῦ
1888 4376 1976 4427 λέ-

401 4485 489 4538 γει
510 4468 720 4540 τροπὴν
751 4467 850 4518 καὶ
869 4465 1180 4527 ἀλλοίωσιν.
1193 4466 1302 4517 εἴτε
1321 4467 1419 4536 τῆς
1447 4466 1618 4527 θείας,
1633 4468 1744 4519 είτε
1761 4468 1858 4536 τῆς
1874 4469 1970 4520 ἀν-

2082 3268 2254 3333 λεται,
2288 3270 2317 3322 ὃ
2347 3270 2410 3340 δὴ
2451 3273 2580 3340 περὶ
2599 3273 2815 3338 γένεσιν
2866 3255 2961 3324 καί
3012 3272 3222 3343 φθορὰν
3247 3273 3558 3342 θεωρεῖται,
3614 3275 3646 3345 ἢ

2081 3361 2222 3413 κατά
2251 3378 2302 3412 τι
2328 3362 2436 3412 τῶν
2466 3365 2521 3413 ἐν
2541 3363 2690 3432 αὐτῷ
2715 3377 2731 3393 ⁶
2759 3365 2853 3416 καὶ
2881 3363 3042 3417 τοῦτο
3067 3365 3230 3434 διχῶς
3259 3383 3270 3395 ο
3301 3368 3332 3435 ἢ
3369 3370 3476 3436 γὰρ
3508 3371 3650 3422 κατά

2081 3453 2245 3513 ποσὸν
2282 3454 2707 3523 μεταϐάλλεται,
2752 3456 2876 3509 καθ’
2907 3457 2934 3508 ὃ
2980 3459 3012 3525 ή
3051 3457 3279 3528 αῦξησις
3300 3461 3394 3511 καὶ
3423 3463 3453 3528 ἡ
3482 3463 3650 3528 μείω-

2079 3562 2212 3607 ωσις
2235 3546 2528 3610 δείκνυται,
2565 3547 2598 3614 ἢ
2642 3548 2782 3600 κατά
2814 3549 2873 3601 τὺ
2920 3550 3097 3612 ποιὸν,
3143 3552 3200 3613 ἐξ
3235 3543 3293 3602 οῦ
3325 3552 3650 3620 ἐμφαίνεται

2081 3640 2115 3707 ἡ
2145 3639 2446 3697 ἀλλοίωσις.
2487 3640 2550 3692 Εἰ
2589 3638 2688 3708 μὲν
2724 3636 2817 3692 οῦν
2848 3642 2989 3694 κατά
3019 3643 3077 3693 τὸ
3103 3645 3254 3696 ποιὸν
3306 3646 3658 3719 μεταϐέϐλη-.

2077 3747 2188 3795 ται,
2223 3731 2503 3800 κεκίνηται
2526 3735 2625 3800 μὲν
2656 3733 2794 3802 πρὸς
2816 3735 3127 3800 ἀλλοίωσιν,
3178 3737 3210 3806 ἡ
3254 3737 3310 3788 δέ
3364 3741 3479 3788 ἐστι
3553 3757 3650 3807 με-

2079 3823 2530 3892 τασχηματισμὸς
2580 3827 2927 3895 χαρακτῆρός
2963 3844 3132 3891 τινος,
3173 3829 3205 3900 ἢ
3252 3833 3394 3884 κατά
3429 3849 3480 3882 τι
3540 3833 3649 3886 τῶν

2078 3915 2172 3968 τοῦ
2222 3915 2584 3986 ὑποκειμένου
2631 3917 2961 3988 πράγματος
3006 3919 3298 3990 ἐξαλλαγὴ,
3341 3925 3647 3992 χωριστῶς,

2077 4008 2110 4076 ἢ
2145 4006 2466 4076 ἀχωρίστως
2514 4008 2910 4075 συμϐαίνουσα,
2959 4011 3103 4081 ἆπερ
3151 4013 3361 4066 ἀλλοῖον
3411 4016 3509 4083 μὲν
3557 4021 3650 4070 καὶ

2077 4097 2338 4169 διάφορον
2363 4101 2458 4150 τοῦ
2491 4100 2759 4168 προτέρου
2787 4100 3080 4164 δείκνυσιν,
3108 4103 3168 4156 οὐ
3205 4105 3312 4174 μὴν
3345 4105 3400 4159 δὲ
3440 4107 3568 4160 ἄλλο
3593 4128 3646 4161 τι

2078 4189 2138 4242 τὸ
2184 4189 2570 4260 ἀλλοιούμενον
2620 4192 3037 4262 ἀπεργάζεται·
3088 4195 3147 4246 οὐ
3206 4196 3314 4265 γὰρ
3374 4199 3648 4264 οὐσιωδῶς

2082 4280 2399 4350 μετέϐαλεν,
2436 4281 2550 4334 ἀλλ’
2583 4283 2646 4334 ἐκ
2677 4283 2881 4335 τοιοῦδε
2911 4285 3003 4338 τὸν
3048 4285 3210 4339 αὐτὸν
3250 4288 3454 4341 τοιόνδε
3506 4296 3648 4346 κατά

2077 4375 2138 4427 τὸ
2168 4375 2318 4426 ποιὸν
2349 4373 2604 4441 γενέσθαι
2642 4375 2910 4443 πεποίηκε
2945 4392 2958 4406 ο
2991 4378 3146 4429 τοῦτο
3171 4379 3219 4430 δ’
3257 4382 3355 4432 οὐκ
3387 4382 3532 4434 ἔστιν
3589 4387 3646 4450 ἐξ

2077 4465 2214 4517 ὅλων
2249 4464 2372 4518 ὅλον
2403 4464 2869 4535 μεταϐεϐλῆσθαι,
2896 4467 2956 4518 τὸ
2989 4468 3095 4535 γὰρ
3128 4469 3490 4540 ὑποκείμενον
3512 4477 3647 4528 πάν-

402 4562 701 4632 θρωπιιίας.
731 4556 805 4614 Οὗ
843 4559 897 4612 τί
942 4557 1032 4621 ἂν,
1083 4559 1270 4626 φησὶν,
1296 4557 1670 4628 ξάσεϐέστερον
1711 4563 1920 4625 γένοιτο
1953 4578 1966 4625 ;
2005 4557 2048 4611 D
2075 4571 2184 4615 τως
2233 4554 2493 4623 ὑπομένει
2539 4555 2843 4623 σωζόμενον
2867 4570 2884 4588 ⁸
2914 4559 2961 4607 εἰ
2990 4557 3045 4610 δέ
3071 4560 3208 4612 κατὰ
3241 4562 3300 4613 τὸ
3326 4564 3514 4628 ποσὸν,
3550 4566 3646 4618 αὐο

400 4655 585 4718 Οὕτως
609 4654 710 4705 οὐκ
731 4649 1132 4718 εὐαγγελιστῶν
1155 4665 1217 4700 τε
1241 4650 1336 4700 καὶ
1357 4649 1668 4702 ἀποστόλων
1693 4650 1852 4718 μόνον
1881 4652 1973 4704 καὶ

401 4743 570 4799 αὐτοῦ
610 4741 1010 4811 καταψεύδεται
1058 4739 1352 4810 Γρηγορςᾶ
1395 4739 1491 4791 τοῦ
1554 4739 1812 4809 Χριστοῦ,
1877 4743 1972 4793 καὶ

401 4839 583 4890 πᾶσαν
613 4833 750 4905 ὁμοῦ
813 4831 1171 4898 συκοφαντῶν
1209 4831 1420 4900 ὑϐρίζει
1473 4831 1572 4901 τὴν
1645 4831 1970 4902 Ἐκκλησίαν

400 4929 589 4991 αὐτοῦ,
621 4927 758 4980 ἀλλά
792 4924 1011 4992 καὶτῆς
1056 4923 1206 4976 κάτω
1234 4922 1439 4991 ταύτης
1490 4927 1584 4974 καὶ⁸
1629 4923 1823 4990 δούλης
1882 4942 1971 4975 σο·-

403 5023 554 5090 φίας,
586 5021 670 5087 ἐφ’
712 5015 915 5091 ᾖμέγα
949 5019 1158 5084 φρονεῖ,
1205 5015 1457 5082 φανερῶς
1518 5014 1662 5068 οὕτω
1709 5016 1801 5067 καὶ¹
1852 5015 1973 5083 δίχα

403 5115 603 5175 παντὸς
633 5111 982 5180 ἐρυθήματος
1009 5105 1427 5174 καταψεύδεται,
1464 5107 1564 5159 οὐκ
1620 5108 1851 5176 ἀμαθῶς
1907 5109 1972 5160 ἂν

402 5209 615 5275 εἴποιμι
675 5203 896 5273 μᾶλλον,
960 5200 994 5271 ἢ
1046 5199 1246 5269 φθόνου
1294 5200 1390 5252 καὶ
1414 5202 1615 5266 μανίας
1672 5200 1969 5270 ὑπερϐολῇ,

404 5300 496 5365 ὑφ’
537 5292 612 5349 ὢν
654 5295 762 5361 ἄρα
796 5292 892 5344 καὶ
952 5290 1048 5344 τοῦ
1105 5289 1459 5357 λογιζομένου
1509 5290 1602 5340 καὶ
1664 5289 1973 5357 πεφυκότος

403 5390 587 5449 κακῶς
617 5385 931 5454 ὲκτραπεὶς,
962 5381 1028 5434 δι’
1084 5379 1393 5449 ὑπερϐολήν
1427 5380 1711 5442 ἀπονοίας,
1757 5380 1826 5433 τὰ
1876 5397 1976 5434 κα-

401 5481 713 5548 ταγέλαστα
745 5477 903 5530 ταυτὶ
952 5475 1050 5544 τῆς
1083 5473 1268 5533 ἀνοίας
1327 5474 1732 5539 ἀποφθέγγεται
1788 5474 1972 5542 ῥήμα-

403 5591 494 5627 τα.
535 5569 672 5625 Δι’ἀ
705 5570 877 5638 δήπου
917 5567 1012 5618 καὶ
1065 5566 1188 5626 τοὺς
1229 5565 1640 5633 Είκονομάχους
1687 5567 1842 5632 ἡμῖν,
1878 5569 1972 5619 καὶ

401 5668 502 5738 τὴν
533 5664 756 5718 ἐκείνων
794 5660 1178 5729 Χριστομάχον
1212 5659 1426 5725 αἵρεσιν
1459 5656 1716 5720 ἐπισείει,
1759 5658 1852 5709 καὶ
1881 5658 1981 5708 τὸν

405 5755 718 5827 θαυμαστὸν
750 5753 1110 5821 όμολογητὴν,
1144 5751 1236 5804 καὶ
1270 5752 1525 5821 μάρτυρα
1557 5751 1660 5818 τῆς
1709 5749 1972 5818 ἀληθείας

405 5849 685 5914 ἐπεισάγει
728 5846 806 5913 τῷ
847 5844 990 5911 λόγῳ
1032 5842 1328 5909 Θεόδωρον,
1375 5842 1462 5894 διὰ
1501 5839 1713 5893 πολλῶν
1760 5856 1817 5892 τε
1877 5843 1972 5893 καὶ

726 5943 994 6001 ΡΑτιιοι..
1043 5940 1159 5998 Gn.
1194 5935 1318 5994 CLI

2078 4644 2234 4711 ξησίν
2264 4661 2385 4696 τινα
2413 4645 2444 4713 ἢ
2476 4647 2703 4713 μείωσιν
2722 4646 2955 4708 ἐδέξατο.
3011 4648 3148 4700 Ἀλλ’
3176 4651 3300 4703 οὐδὲ
3325 4653 3499 4708 ταῦτα
3521 4657 3648 4710 ἄλλο

2076 4751 2127 4786 τί
2159 4735 2311 4803 παρὰ
2337 4737 2394 4786 τδ
2427 4736 2482 4801 ἐξ
2518 4737 2689 4804 ἀρχῆς
2725 4736 2976 4806 ὑπάρξαν
3015 4744 3177 4804 ποιεῖ,
3212 4742 3324 4794 ἀλλ’
3357 4747 3420 4797 ἐκ
3461 4749 3648 4800 τοσοῦ-

2075 4825 2130 4876 δε
2157 4826 2247 4876 τὸν
2274 4826 2437 4877 αὐτὸν
2469 4827 2684 4878 τοσόνδε
2736 4830 2876 4880 κατά
2916 4831 2976 4880 τὸ
3011 4833 3238 4898 πηλίκον
3264 4838 3514 4901 γενέσθαι
3550 4857 3645 4892 πε-

2079 4919 2324 4984 ποίηκεν.
2377 4919 2585 4971 Οὐκοῦν
2636 4919 2756 4971 οὐδὲ
2807 4913 2948 4972 κατὰ
3006 4921 3194 4974 τοῦτον
3245 4925 3337 4977 τὸν
3362 4930 3560 4994 τρόπον
3589 4932 3648 4994 ἐξ

2076 5011 2211 5063 ὅλων
2236 5011 2331 5079 ὅλη
2371 5010 2771 5080 μεταϐέϐληται
2812 5013 2844 5082 ἡ
2884 5015 3090 5083 μορφή.
3133 5017 3394 5070 Λείπεται
3435 5022 3526 5072 (ιῦν
3559 5025 3648 5079 λέ.

2077 5119 2214 5168 γειν,
2245 5102 2366 5155 καθ’
2392 5104 2563 5172 αὐτὴν
2595 5105 3031 5173 μεταϐεϐλῆσθαι
3056 5107 3183 5175 περὶ
3210 5110 3307 5176 τὴν
3333 5113 3519 5166 οὐσίαν
3549 5120 3644 5185 δη-

2076 5192 2228 5261 λαδὴ,
2246 5194 2320 5256 ὡς
2338 5194 2582 5263 ἀνάγκην
2605 5191 2743 5246 εἷναι
2767 5197 2944 5248 πᾶσαν
2959 5197 3019 5247 ἐκ
3042 5198 3306 5265 γενέσεως
3323 5203 3399 5265 είς
3419 5206 3645 5276 φθορὰν,

2076 5287 2182 5336 κάκ
2209 5284 2300 5336 τοῦ
2332 5285 2486 5348 δντος
2513 5289 2591 5347 είς
2614 5287 2674 5338 τὸ
2706 5289 2970 5357 μηδαμῶς
2995 5286 3132 5342 εἶναι
3169 5297 3568 5363 κεχωρηκέναι.

2160 5376 2378 5447 Ἐξίσης
2412 5380 2440 5429 ό
2467 5378 2564 5446 τῆς
2596 5379 2879 5441 εὐσεϐείας
2903 5380 3242 5451 ὁμολογητὴς
3268 5387 3359 5436 τόν
3394 5404 3450 5439 τε
3513 5407 3648 5459 προ-

2076 5469 2345 5538 εστηκότα
2370 5469 2469 5536 τῆς
2517 5468 2624 5521 τῶν
2661 5469 3043 5538 Εἱκονομὰχων
3079 5473 3342 5538 αἱρέσεως
3391 5475 3648 5533 Εὐσέϐιον

2077 5561 2376 5631 ἐξελέγχει,
2403 5564 2494 5613 καὶ
2517 5561 2804 5635 Γρηγορᾷν
2829 5562 3058 5626 τουτονὶ,
3086 5563 3174 5614 τὸν
3201 5563 3317 5632 μὲν,
3345 5565 3430 5618 διὰ
3453 5569 3547 5636 τῆς
3569 5573 3649 5633 εἰς

2078 5657 2278 5709 ἄτοπον
2302 5655 2626 5722 ἀπαγωγῆς,
2662 5654 2722 5705 οὐ
2753 5657 3208 5722 μεταμόρφωτιν,
3243 5656 3362 5708 οὐδὲ
3412 5663 3538 5727 περὶ
3586 5663 3647 5713 τὸ

2077 5747 2230 5798 ποιὸν
2258 5745 2546 5797 ἀλλοίωσιν
2573 5744 2730 5797 θείαν
2752 5746 2934 5808 δείξαις
2966 5747 3126 5798 αὐτὸν
3165 5749 3388 5799 εἰπόντι
3423 5753 3518 5818 τὴν
3549 5752 3648 5819 τῆς

2081 5838 2427 5908 ἀνθρωπείας
2456 5836 2550 5890 τοῦ
2582 5837 2820 5906 Χριστοῦ
2849 5838 3064 5906 φύσεως
3097 5838 3315 5900 θέωσιν,
3366 5842 3500 5896 ἀλλὰ
3543 5843 3645 5912 τῆς

3217 5930 3296 5990 3;ἰ
