4046 6432
369 427 506 494 Ῑθίὶθ

1102 431 1404 493 CONTRA
1456 429 1883 490 GREGORAM
1927 421 2680 487 ANTIRBHE’I‘ICORUM
2721 421 2825 482 XI.

3474 421 3613 484 1070

364 539 656 604 δυσσεϐοῦς
705 541 966 595 Εὐσεόίου
1001 526 1100 595 καὶ
1143 541 1254 595 τῶν
1320 540 1709 612 Είκονομάχων
1767 555 1937 607 μετα-
1962 539 2014 596 Α
2038 534 2336 605 ἀπροσίτου
2368 533 2569 602 φωτὸς,
2596 535 2691 587 καὶ
2713 535 2944 604 θεότητα
2968 533 3061 588 καὶ
3085 534 3305 600 θέωσιν,
3331 538 3426 589 κού⁹
3455 555 3614 606 φυσι-

367 633 668 702 6ε6λῆσθαι
724 637 814 685 καὶ
861 633 1142 705 τραπῆναι
1205 622 1394 694 κακῶς
1459 631 1686 699 λέγοντα
1720 647 1733 660 ·
1785 629 1936 682 τοῦθ’

365 724 503 794 ὅπερ
531 728 595 794 τῇ
622 723 715 778 τοῦ
745 723 984 793 Χριστοῦ
1046 723 1346 795 Ἐκκλησία
1374 725 1474 776 καὶ
1501 725 1568 792 τῇ
1594 721 1704 774 τῶν
1765 721 1937 774 Πατέ-

369 837 478 887 ρων
522 821 644 888 ἱερᾷ
687 819 912 887 συνόδῳ,
954 815 1260 886 καθαπερεί
1283 833 1367 880 τις
1407 813 1717 886 ἐξεστηκὼς
1740 813 1936 867 ἑαυτοῦ

367 915 461 974 καὶ
495 888 734 980 μεθύων,
770 909 912 978 μετὰ
932 909 1136 978 πολλῆς
1165 909 1264 978 τῆς
1294 906 1679 977 ἀναισχυντίας
1727 922 1786 958 τε
1843 907 1938 958 καὶ

368 1000 730 1066 συκοφαντίας
761 1001 941 1069 φέρων
971 997 1358 1069 προσέρριψεν.
1927 1071 1932 1076 ι

439 1091 501 1142 El
538 1091 592 1143 δὲ
622 1089 717 1143 καὶ
764 1089 979 1159 μορφῆς
1014 1089 1301 1142 ἀλλοίωσιν
1335 1087 1428 1140 ἐπὶ
1462 1086 1524 1140 τὸ
1558 1085 1940 1157 λαμπρότερον

366 1181 465 1252 τὴν
502 1181 594 1234 τοῦ
642 1181 882 1251 Χριστοῦ
915 1182 1342 1250 μεταμόρφωσιν
1379 1179 1583 1249 μεταξύ
1632 1180 1741 1232 τῶν
1773 1179 1939 1232 αὐτοῦ

369 1275 544 1341 λόγων
580 1273 715 1342 φησὶ
749 1274 788 1326 Γ
794 1277 1063 1344 ρηγορᾶς,
1100 1272 1300 1328 οὑτωσί
1334 1279 1451 1336 πως
1481 1273 1574 1325 τὸν
1611 1272 1808 1324 ἑαυτοῦ
1844 1271 1944 1342 μύσ-

373 1385 503 1437 στην
531 1367 800 1420 διδάσκων
836 1368 930 1419 καὶ
961 1365 1154 1433 λέγων’
1181 1365 1305 1418 Ὀτι
1338 1364 1438 1432 μὲν
1466 1358 1560 1416 οὖν
1590 1367 1702 1426 τοῖς
1730 1363 1947 1417 Εἰκονο-

375 1459 567 1528 μάχοις
593 1460 626 1528 ή
657 1459 751 1511 τοῦ
785 1459 1038 1528 Σωτῆρος
1071 1457 1506 1526 μεταμόρφωσις
1531 1456 1626 1508 ὲπὶ
1653 1453 1749 1508 τοῦ
1782 1455 1945 1525 ὅρους

373 1548 433 1599 οὐ
469 1549 684 1616 μορφῆς
709 1547 998 1609 ἀλλοίωσις
1033 1547 1126 1600 ἐπὶ
1153 1545 1214 1599 τὸ
1245 1545 1630 1617 λαμπρότερον
1658 1545 1941 1616 ἐνομίσθη,

370 1637 507 1691 ἀλλά
535 1638 631 1690 καὶ
662 1636 820 1690 τοῦτο
851 1637 1071 1708 πρῶτον
1097 1637 1196 1706 μὲν
1226 1637 1430 1707 ἣκιστα
1455 1636 1773 1707 συνᾴδοντός
1799 1638 1946 1709 ἐστιν

373 1725 550 1796 ἑαυτῷ
569 1741 583 1754 ’
615 1726 737 1778 οὐδὲ
766 1728 875 1796 γάρ
905 1721 1052 1795 εἶχον
1075 1726 1210 1789 ὅλως
1245 1742 1298 1778 τι
1329 1725 1571 1778 τοιοῦτον
1605 1727 1652 1779 οί
1690 1727 1818 1796 περὶ
1849 1728 1948 1796 τῆς

2046 625 2150 696 κὴν
2181 625 2318 678 Θεοῦ
2348 624 2526 689 δόξαν,
2573 626 2670 678 καὶ
2696 629 2764 678 τὶ
2787 626 3001 688 τούτοις
3033 626 3275 695 ἑπόμενα
3310 627 3613 693 καλοῦντας

2046 717 2202 771 αὐτό.
2245 718 2472 784 Ἐπάγει
2518 717 2616 768 καὶ
2653 717 2763 787 γάρ
2793 734 2806 750 ·
2851 718 2925 772 Τὸ
2964 719 3064 785 μὲν
3103 718 3396 788 σωτήριον,
3439 723 3574 789 φησὶ
3601 761 3618 785 ,

2047 806 2211 875 σῶμα
2240 811 2351 870 τοῖς
2374 805 2767 876 Είκονομάχοις
2805 808 3062 879 ἐνομίσθη
3105 809 3242 879 πρὸς
3275 810 3334 861 τὸ
3365 810 3622 864 ἄκτιστον

2051 899 2492 969 μεταϐεὸλῆσθαι
2540 898 2634 950 καὶ
2680 897 2996 968 ἄφθαρτον·
3048 901 3110 951 τὸ
3155 900 3211 952 δὲ
3263 901 3427 969 φανὲν
3467 918 3626 964 τηνι-

2049 991 2228 1044 καῦτα
2256 979 2371 1058 φῶς
2402 989 2593 1060 θεότης
2623 989 2878 1051 ἀκτιστος
2909 992 3005 1043 καὶ
3036 992 3286 1056 ἀνούσιος
3302 989 3470 1044 εἶναι’
3499 993 3624 1045 τότε

2054 1083 2153 1152 μὲν
2182 1083 2276 1136 ἐπὶ
2299 1081 2394 1137 τοῦ
2414 1081 2598 1152 ὄρους,
2629 1078 2740 1134 οἷον
2763 1082 2933 1152 ἀρχῆς
2959 1083 3260 1153 γενομένης
3282 1085 3348 1152 τῇ
3373 1084 3629 1135 ἀκτιστό-

2049 1186 2173 1244 τήτι
2199 1174 2296 1227 τοῦ
2328 1173 2618 1245 ἀνθρώπου
2651 1173 2746 1227 καὶ
2772 1174 3076 1246 ἀφθαρσίᾳ,
3105 1177 3181 1237 ὼς
3213 1176 3271 1226 ὲν
3303 1176 3627 1246 ἀρῥαὸὦνος

2049 1266 2256 1335 τρόπῳ,
2285 1266 2425 1335 μετά
2455 1266 2511 1319 δὲ
2529 1266 2760 1321 θάνατον
2780 1265 2873 1318 καὶ
2899 1267 3036 1334 πρὸς
3066 1267 3331 1334 οὐρανοὺς
3357 1266 3626 1321 ἀνάϐασιν

2051 1359 2250 1422 τελέως
2276 1359 2380 1430 ήδη
2411 1358 2664 1426 γενέσθαι
2697 1361 2791 1412 καὶ
2822 1358 2980 1426 φύσει
3014 1358 3291 1411 ἀκτιστον.

2127 1451 2236 1503 Καὶ
2270 1451 2372 1520 ὅρα
2405 1450 2467 1503 τὸ
2499 1452 2558 1502 έν
2587 1452 2700 1513 τοῖς
2733 1450 2961 1521 βραχέσι
2998 1451 3211 1515 τούτοις
3245 1454 3455 1522 ῥήμασι
3496 1469 3628 1505 σκο-

2053 1542 2170 1595 λιὸν
2203 1542 2292 1593 καὶ
2322 1541 2568 1594 ποικίλον
2601 1542 2704 1610 τῆς
2736 1544 3075 1613 κακουργίας
3100 1545 3194 1597 καὶ
3228 1545 3322 1596 τοῦ
3364 1544 3631 1614 ψεύδους,

2055 1633 2152 1684 καὶ
2184 1632 2282 1701 τῆς
2333 1632 2633 1702 θεομαχίας
2665 1634 2857 1690 αὐτοῦ.
2905 1635 3190 1703 Ἐγένοντο
3231 1636 3325 1690 καὶ
3353 1637 3461 1704 γάρ
3500 1637 3632 1706 περὶ

2053 1720 2228 1773 ταῦτα
2252 1721 2406 1788 σοφοί
2426 1736 2442 1752 ο
2472 1722 2532 1774 τὸ
2557 1721 2616 1774 δὲ
2639 1722 2806 1774 καλὸν
2837 1723 3067 1792 ποιῆσαί
3089 1739 3149 1774 τε
3205 1725 3301 1777 καὶ
3331 1725 3504 1776 είπεῖν
3532 1725 3634 1776 οὐκ

375 1816 850 1889 μεταμορφώσεως
889 1820 1029 1888 ὅροι,
1065 1821 1160 1872 καὶ
1194 1820 1248 1871 αί
1298 1819 1596 1887 διαιρέσεις
1632 1819 1821 1883 αὐτοῦ,
1857 1819 1952 1871 καὶ
1987 1832 2028 1889 Β
2058 1813 2324 1884 ἐγγωσαν.
2362 1814 2437 1866 Τὸ
2494 1814 2598 1882 μὲν
2651 1814 2745 1868 οὖν
2781 1815 3222 1885 μεταϐεϐλῆσθαι
3260 1819 3353 1871 καὶ
3389 1834 3634 1887 μεταπε-

372 1913 422 1964 οἱ
454 1910 837 1980 συλλογισμοί·
869 1909 1062 1964 ἔπειτα
1091 1912 1183 1964 καὶ
1212 1911 1310 1980 τὴν
1349 1911 1440 1964 ἐπὶ
1469 1912 1532 1962 τὸ
1557 1911 1941 1979 λαμπρότερον

373 2003 579 2072 ταύτην
617 2003 902 2056 ἀλλοίωσιν
940 2003 1041 2071 τῆς
1079 2003 1298 2075 μορφῆς
1333 2002 1428 2056 τοῦ
1465 2003 1730 2070 Χριστοῦ,
1770 2003 1838 2072 ἢν
1875 2002 1951 2064 ὼς

379 2096 454 2165 μὴ
485 2095 830 2164 φρονούντων
866 2095 976 2146 τῶν
1005 2095 1395 2164 Είκονομάχων
1423 2093 1589 2162 δῆθεν
1629 2095 1949 2163 κατηγορεῖ,

375 2188 474 2238 οὐκ
514 2185 801 2238 ἀλλοίωσιν
848 2186 947 2254 τῆς
989 2184 1172 2248 δεξιᾶς
1223 2185 1318 2238 τοῦ
1361 2184 1648 2254 Ὑψίστου,
1685 2185 1805 2237 οὐδὲ
1844 2185 1953 2236 τῶν

377 2278 518 2331 κατά
545 2277 707 2345 φύσιν
743 2277 834 2328 ἐπὶ
870 2279 938 2328 τά
975 2277 1114 2347 ὑπὲρ
1150 2277 1311 2344 φύσιν
1341 2276 1598 2330 ἔκστασιν
1629 2277 1722 2329 κα)⁸
1749 2276 1947 2330 ἀνάδα-

377 2385 487 2434 σιν,
518 2367 638 2421 οὐδὲ
675 2368 774 2437 τῆς
824 2367 1042 2435 φύσεως
1077 2368 1299 2428 θέωσιν,
1331 2367 1432 2436 τὴν
1462 2365 1827 2438 λαμπρότητα
1858 2368 1955 2432 τῆς

381 2462 597 2531 μορφῆς
630 2459 724 2513 τοῦ
747 2459 984 2529 Χριστοῦ
1011 2458 1250 2522 δοξάζων
1272 2459 1446 2527 λέγει.
1478 2459 1613 2511 Οὐδὲ
1644 2460 1752 2527 γάρ
1783 2456 1955 2526 ἔμαθε

377 2553 447 2605 τά
471 2549 580 2604 τῶν
606 2550 870 2618 θεολόγων
903 2553 1124 2618 φρονεῖν
1153 2549 1395 2617 ἀληθῶς,
1423 2550 1516 2601 καὶ
1541 2549 1720 2616 λέγειν
1750 2551 1954 2609 ἐκεῖνα,

380 2643 464 2696 ὅτι
497 2642 850 2697 πεπτώκασιν
875 2644 925 2694 οί
959 2643 1251 2696 ἀπόστολοι
1282 2644 1349 2712 τῇ
1369 2641 1499 2713 δόξῃ
1528 2640 1623 2693 τοῦ
1651 2641 1829 2710 φωτὸς
1863 2641 1956 2690 τοῦ

382 2733 514 2788 Υίοῦ
541 2735 787 2788 ἀτενίσαι
822 2735 910 2805 μῆ¹
927 2732 1274 2803 δυνηθέντες,
1291 2733 1378 2786 διά
1399 2733 1462 2785 τὸ
1485 2727 1627 2784 εῖναι
1658 2731 1825 2798 αὐτὴν
1846 2732 1960 2798 φῶς

361 2827 699 2897 .ἀπρόσιτον.
731 2827 925 2896 Ἀνέϐη
955 2826 1088 2896 γὰρ,
1118 2826 1308 2894 φησὶν,
1337 2827 1418 2887 εἰς
1449 2825 1508 2877 τὸ
1530 2824 1656 2892 ὄρος
1680 2826 1708 2877 ὁ
1754 2822 1961 2889 Ἰησοῦς

385 2919 481 2970 καὶ
517 2917 914 2988 μετεμορφώθη
947 2916 1261 2985 ἔμπροσθεν
1294 2916 1492 2968 αὐτῶν.
1543 2915 1584 2967 Τ
1592 2915 1607 2966 ί
1643 2917 1760 2968 ἐστι
1784 2931 1963 2983 μετε-

379 3009 704 3080 μορφώθη;
751 3009 1075 3079 Παρήνοιξε,
1110 3008 1282 3076 λέγει,
1320 3009 1500 3074 ὀλίγον
1537 3008 1636 3075 τῆς
1688 3005 1961 3074 θεότητος,

385 3105 483 3154 καὶ
515 3100 717 3165 ἔδειξεν
744 3103 927 3163 αὐτοῖς
958 3101 1048 3154 τὸν
1079 3099 1393 3154 ἐνοικοῦντα
1419 3099 1575 3161 Θεὸν,
1624 3097 1723 3149 καὶ
1755 3096 1964 3166 ἔλαμψε

389 3283 576 3354 φορῶν
610 3283 732 3353 μὲν,
760 3288 944 3351 φησὶν,
980 3285 1007 3336 ό
1036 3282 1271 3352 Χριστὸς
1288 3282 1414 3343 τοὺς
1443 3279 1796 3342 ἀποστόλους,
1828 3279 1964 3330 ἔδειν

391 3374 482 3438 ξεν
516 3373 701 3435 αὐτοῖς
729 3374 829 3442 τῆς
863 3373 1098 3426 ἀθεάτου
1136 3371 1417 3442 βασιλείας
1442 3371 1541 3442 τὴν
1569 3371 1755 3440 θεῖκὴν
1786 3371 1962 3434 δόξαν,

391 3467 494 3535 οὐχ
521 3465 620 3532 ὅση
640 3483 725 3526 τις
763 3461 852 3536 ἦν,
879 3465 995 3516 ἀλλ’
1029 3465 1155 3518 ὅσον
1185 3463 1438 3517 ἐδύναντο
1467 3464 1655 3534 φέρειν
1691 3465 1739 3516 οἱ
1773 3480 1964 3532 σωμα-

387 3560 580 3621 τικούς
609 3558 925 3628 ὀφθαλμοὺς
955 3557 1371 3627 περιφέροντες,
1413 3556 1732 3625 φειδόμενος
1777 3555 1833 3606 δὲ
1869 3554 1967 3607 καὶ

390 3647 515 3716 οὐχὶ
546 3646 776 3714 φθονῶν,
810 3647 910 3698 οὐκ
955 3644 1157 3709 ἔδειξεν
1203 3644 1388 3706 αὐτοῖς
1421 3643 1520 3714 τὴν
1559 3644 1743 3695 πᾶσαν
1772 3641 1929 3708 δόξαν
1949 3682 1964 3706 ,

394 3741 484 3794 ῖνα
531 3742 606 3812 μὴ
657 3741 753 3793 σὺν
786 3743 852 3809 τῇ
884 3740 1071 3808 ὁράσει
1106 3739 1202 3791 καὶ
1239 3738 1300 3790 τὸ
1346 3735 1447 3806 ζῇν
1487 3735 1825 3788 ἀπολέσωσι.
1857 3733 1969 3785 Καὶ

392 3836 475 3886 ὅτι
497 3833 730 3903 Χριστὸς
759 3833 975 3899 ἀνάγει,
1003 3831 1160 3901 φησὶ,
1185 3831 1311 3891 τοὺς
1343 3827 1593 3898 μαθητὰς
1626 3829 1704 3890 είς
1733 3826 1795 3879 τὸ
1819 3825 1967 3896 ὅρος,

393 3926 497 3994 τὴν
523 3924 1091 3994 ὑπεραστράπτουσαν
1115 3919 1460 3990 παραδείξων
1486 3919 1584 3984 τῆς
1613 3917 1820 3979 οἰκείας
1851 3916 1970 3968 θεό-

394 4009 556 4088 τητος
585 4017 741 4080 δόξαν
769 4033 828 4068 τε
862 4017 958 4068 καὶ
985 4013 1370 4084 λαμπρότητα,
1409 4012 1490 4074 είς
1514 4011 1582 4081 ἢν
1611 4009 1798 4080 μικρῷ
1827 4009 1965 4078 πρό-

394 4125 556 4179 τερον
588 4106 1021 4176 μυστικώτερον,
1055 4105 1152 4158 καὶ
1182 4103 1278 4157 νῦν
1314 4103 1722 4173 ἐμφανέστερον
1749 4099 1840 4153 διὰ
1862 4099 1966 4167 τῆς

399 4198 877 4270 μεταμορφώσεως
912 4196 1084 4250 αὐτοῦ
1119 4192 1572 4266 μετεστοιχείωσε
1602 4192 1703 4260 τὴν
1733 4190 1976 4244 ἀκούσα·

398 4307 501 4342 σαν
536 4289 717 4355 φύσιν,
769 4286 856 4354 Γῆ
898 4283 972 4361 εἷ,
997 4286 1098 4339 καί
1134 4287 1222 4352 εις
1270 4282 1386 4354 γῆν
1427 4283 1761 4352 ἁπελεύσῃ.
1803 4281 1974 4333 Τοῦτο

350 4383 581 4456 ,τοίνυν
603 4379 939 4450 ἑορτάζομεν
966 4379 1228 4447 σήμερον,
1252 4381 1351 4446 τὴν
1380 4374 1479 4444 τῆς
1502 4374 1718 4443 φύσεως
1752 4373 1970 4434 θέωσιν,

350 4457 499 4544 ’ῗτὴν
531 4472 606 4535 είς
639 4471 702 4522 τὸ
730 4471 981 4539 κρεῖττον
1010 4467 1321 4527 ἀλλοίωσιν,
1345 4464 1446 4534 τὴν
1479 4463 1572 4515 ἐπὶ
1601 4462 1670 4516 τὰ
1707 4462 1847 4531 ὑπὲρ
1871 4459 1974 4528 φύ-

2055 1904 2314 1972 ποιῆσθαι
2333 1905 2420 1957 διά
2434 1905 2533 1974 τῆς
2557 1907 3038 1975 μεταμορφώσεως
3064 1907 3155 1960 τοῦ
3184 1906 3419 1978 Χριστοῦ
3453 1910 3630 1977 σῶμα,

2053 1993 2191 2062 πρὸς
2224 1995 2282 2046 τδ
2322 1994 2600 2065 ἀφθαρτόν
2638 2014 2697 2049 τε
2732 1998 2827 2050 καὶ
2852 1999 3107 2052 ἀκτιστον
3143 1999 3295 2068 παρά
3331 1999 3594 2052 Εὐσεϐίου
3616 2037 3633 2062 ,

2055 2091 2152 2139 καὶ
2200 2085 2311 2138 τῶν
2370 2087 2758 2158 Είκονομάχων
2811 2089 3013 2152 λαϐὼν,
3068 2091 3148 2144 ὅτι
3206 2092 3262 2144 δὲ
3305 2092 3496 2161 θεότης
3538 2096 3635 2146 καὶ

2054 2180 2315 2233 ἄκτιστον
2357 2181 2418 2232 τὸ
2446 2180 2592 2232 θεῖον
2629 2181 2730 2252 τῆς
2766 2181 3247 2254 μεταμορφώσεως
3274 2184 3486 2237 ἐκείνου
3519 2185 3637 2254 φῶς

2056 2269 2132 2333 ὡς
2187 2271 2384 2340 ἰδίωμα
2416 2272 2646 2340 φυσικὸν
2692 2273 2790 2326 τοῦ
2821 2273 2982 2339 Θεοῦ,
3017 2276 3113 2327 καὶ
3155 2275 3459 2338 ὑπόστασις
3507 2264 3666 2329 me"

2058 2361 2219 2412 ἑαυτὸ
2249 2360 2374 2414 οὕτε
2407 2363 2589 2425 οὐσία,
2625 2363 2740 2417 ἀλλ’
2771 2366 2830 2416 ἐν
2870 2367 2938 2435 τῇ
2967 2366 3128 2438 οὐσίᾳ
3173 2367 3372 2435 μᾶλλον
3401 2368 3477 2432 ὡς
3509 2367 3640 2432 δόξα

2058 2451 2283 2520 φυσικὴ,
2313 2452 2410 2504 καὶ
2431 2452 2756 2523 λαμπρότης
2782 2453 3064 2525 ὁρώμενον
3089 2456 3183 2508 τοῦ
3211 2456 3369 2510 Θεοῦ.

2131 2543 2317 2598 Ταῦτα
2335 2545 2515 2596 τοίνυν
2535 2547 2598 2597 ὲκ
2617 2545 2719 2613 τῆς
2740 2546 3018 2613 θεολογίας
3036 2547 3146 2599 τῶν
3172 2548 3339 2616 ἁγίων
3359 2550 3640 2619 ἀρπάσας,

2061 2637 2156 2688 καὶ
2187 2637 2414 2706 προσέτι
2446 2635 2747 2705 ἀρραϐῶνα
2771 2639 2865 2692 τοῦ
2890 2639 3210 2708 Πνεύματος
3239 2643 3642 2713 προσειρῆσθαι

2063 2725 2218 2794 παρά
2273 2724 2379 2777 τῶν
2437 2726 2624 2779 αὐτῶν
2678 2726 2981 2796 θεολόγων,
3033 2731 3097 2782 ἑκ
3152 2729 3248 2783 τοῦ
3322 2732 3643 2785 Ἀποστόλου

2064 2815 2222 2868 τοῦτο
2276 2816 2571 2883 λαϐόντων,
2613 2820 2708 2872 καὶ
2759 2821 3180 2890 συγκαταμίξας
3237 2826 3302 2894 τῇ
3357 2824 3646 2894 δυσσεϐείᾳ

2064 2907 2160 2977 τὴν
2216 2909 2458 2977 μεγάλην
2505 2909 2782 2977 θεολογίαν
2834 2911 2930 2964 τοῦ
2992 2913 3328 2982 Πνεύματος,
3364 2919 3460 2972 καὶ
3515 2934 3645 2985 συγ-

2065 3002 2193 3069 χέας
2227 3002 2320 3055 καὶ
2371 3003 2744 3071 συνταράξας,
2777 3005 2873 3056 καὶ
2919 3004 3019 3075 τήν
3059 3005 3156 3059 τοῦ
3203 3007 3349 3060 θείου
3390 3010 3644 3077 Πνεύμα-

2067 3110 2158 3156 τος
2202 3093 2361 3163 χάριν
2416 3077 2557 3148 καίά
2602 3095 2730 3156 τοὺς
2764 3095 3068 3166 θεομάχους
3126 3098 3415 3162 Ἰουδαίους
3471 3089 3656 3155 πάλαι⁵

269 3240 285 3246 -
387 3191 452 3244 τὸ
484 3191 777 3264 πρόσωπον
812 3189 976 3243 αὐτοῦ
1008 3190 1084 3253 ώς
1115 3191 1143 3242 ό
1174 3189 1347 3260 ἥλιος.
1385 3189 1492 3242 Καὶ
1528 3187 1690 3240 πάλιν
1711 3203 1724 3216 ·
1758 3186 1968 3256 Πληρο-
1992 3171 2036 3228 C
2070 3183 2421 3251 κατενεγκὼν
2445 3188 2524 3250 είς
2549 3185 2903 3252 Βεελζεὸοὐλ,
2929 3187 3074 3242 οὐτω
3103 3189 3202 3260 τὴν
3228 3191 3326 3260 τῆς
3361 3194 3648 3263 εἰκονομα-

2066 3277 2190 3345 χίας
2229 3277 2444 3346 αἵρεσιν
2477 3277 2572 3330 καὶ
2603 3281 2702 3349 τὴν
2725 3282 3049 3350 καταδίκην,
3074 3282 3150 3344 ώς
3179 3283 3340 3346 αὐτὸς
3367 3288 3557 3349 οέεται,
3580 3289 3645 3356 τῇ

2067 3370 2190 3424 καθ’
2226 3371 2374 3440 ήμᾶς
2427 3371 2667 3437 συνόδῳ,
2700 3373 2799 3424 καὶ
2841 3375 2906 3442 τῇ
2941 3373 3036 3426 τοῦ
3069 3375 3308 3445 Χριστοῦ
3349 3377 3649 3449 Ἐκκλησία

2065 3462 2135 3515 δι’
2174 3456 2248 3517 ὧν
2279 3463 2465 3525 κακῶς
2488 3480 2546 3514 τε
2584 3465 2680 3541 καὶ
2710 3465 2938 3533 ἀμαθῶς
2969 3465 3271 3535 συνήγαγε,
3305 3470 3648 3537 προσάπτειν
3755 3459 3764 3472 κ

2067 3557 2355 3626 ἐπιχειρεῖ,
2389 3557 2449 3608 οὐ
2485 3555 2687 3624 μᾶλλον
2718 3557 2875 3624 ήμῶν
2904 3557 2937 3628 ῆ
2971 3558 3069 3626 τῆς
3095 3557 3245 3620 θείας
3273 3561 3312 3612 Γ
3317 3562 3518 3630 ραφῆς,
3551 3565 3649 3616 καὶ

2072 3645 2180 3698 τῶν
2203 3646 2418 3714 ἐκείνην
2444 3646 2786 3715 ἐξητακότων
2817 3647 2984 3711 πάλαι
3015 3650 3154 3716 μετά
3183 3650 3281 3703 τοῦ
3309 3651 3645 3723 Πνεύματος,

2069 3735 2138 3788 τὰ
2187 3735 2412 3788 τοιαῦτα
2465 3738 2815 3805 κατηγορῶν.
2852 3737 2992 3809 Παρ’
3029 3738 3104 3791 ὢν
3135 3740 3304 3808 δήπου
3342 3743 3436 3795 καὶ
3483 3747 3650 3812 ἡμεῖς

2069 3825 2243 3879 ταῦτα
2285 3825 2543 3888 λαϐόντες
2595 3827 2816 3898 ἔχομεν.
2868 3830 3096 3900 Ἐπάγει
3143 3835 3238 3884 καὶ
3290 3833 3400 3901 γὰρ
3448 3835 3648 3889 οὑτωσί

2074 3934 2189 3979 πως
2244 3918 2430 3971 ἐκεῖνα
2485 3918 2624 3985 μετά
2668 3920 2900 3990 μικρόν⁹
2932 3920 3066 3988 Περί
3097 3938 3162 3988 γε
3195 3921 3302 3991 μὴν
3353 3923 3452 3991 τῆς
3497 3923 3651 3986 θείας

2071 4009 2451 4078 είκονομαχίας
2479 4008 2574 4061 τοῦ
2608 4009 2867 4079 Παλαμᾶ,
2896 4010 2964 4080 ἢν
2989 4013 3054 4080 δὴ
3087 4013 3181 4065 καὶ
3205 4013 3266 4065 τὸ
3298 4014 3653 4082 σκοπιμώτα-

2071 4119 2163 4154 τον
2207 4099 2300 4154 τοῦ
2340 4099 2610 4170 παρόντος
2653 4097 2793 4152 εἶναι
2839 4102 3133 4169 γινώσκεις
3191 4103 3420 4170 ἀγῶνος,
3472 4103 3652 4168 ἔξεστι

2086 4192 2187 4261 μὲν
2226 4194 2322 4246 καὶ
2399 4192 2485 4244 σοὶ
2527 4191 2702 4261 δήπου
2767 4194 3199 4262 παρεξετάζοντι
3247 4198 3517 4268 συνορᾷν,
3576 4199 3654 4261 ώς

2077 4285 2172 4336 καὶ
2219 4283 2382 4347 αὐτὸς
2418 4283 2490 4336 τά
2521 4284 2660 4338 αὐτὰ
2699 4286 2814 4347 τοῖς
2851 4285 3036 4350 αὐτοῖς
3085 4286 3414 4358 βλασφημεῖ,
3463 4289 3518 4342 εἴ
3566 4307 3652 4351 τις

2075 4373 2221 4445 ὁρῴη
2256 4375 2354 4438 τὰς
2387 4374 2490 4444 τῆς
2521 4375 2724 4437 κακίας
2758 4376 2911 4445 ῥίζας
2941 4378 3133 4442 αὐτάς,
3166 4381 3263 4432 καί
3292 4381 3391 4449 τὴν
3423 4381 3652 4452 πρώτην

2079 4465 2314 4535 βλάστην
2339 4482 2351 4495 ·
2385 4465 2564 4531 έξεστι
2597 4466 2641 4520 δ’
2674 4467 2778 4536 οὐχ
2806 4465 2970 4537 ἦττον
3005 4472 3235 4541 συνορᾷν
3265 4473 3357 4524 καὶ
3389 4472 3523 4543 ὅσην
3551 4475 3653 4527 αὐ-

364 4569 490 4616 ’·σιν
547 4564 656 4615 τῶν
705 4560 848 4614 κατά
901 4559 1064 4629 φύσιν
1105 4558 1364 4610 ἔκστασιν
1411 4556 1508 4608 καὶ
1551 4553 1842 4608 ἀνάϐασιν.
1897 4551 1975 4604 Οὐ
2010 4557 2053 4612 D
2081 4557 2172 4619 τὺς
2188 4556 2484 4626 πεποίηται
2504 4555 2601 4627 τὴν
2625 4559 2970 4633 προσθήκην,
3001 4558 3204 4630 βλάστῃ
3230 4560 3469 4630 βλάστην
3491 4564 3656 4631 ἐφευ-

388 4633 617 4718 ’τούτοις
647 4654 834 4708 τοίνυν
867 4653 963 4705 καὶ
993 4653 1108 4713 τοῖς
1140 4647 1405 4710 τοιούτοις
1433 4644 1674 4706 εὐσεϐῶς
1700 4645 1729 4696 ό
1758 4641 1978 4711 φιλόσο⁸

389 4727 505 4832 ξφος
538 4749 721 4801 οὐτοσὶ
755 4743 1004 4832 συνᾴδειν
1043 4742 1272 4804 ἐθέλων,
1327 4738 1543 4810 μορφῆς
1575 4735 1866 4832 ἀλλοίωσιν
1887 4732 1982 4832 ἐπὶ

403 4842 467 4892 τὸ
487 4839 868 4909 λαμπρότερον
887 4831 1010 4888 εἷπε
1027 4833 1124 4904 τὴν
1145 4831 1578 4902 μεταμόρφωσιν
1594 4827 1690 4881 τοῦ
1715 4824 1977 4896 Χριστοῦ·

406 4926 606 4982 πολλοῦ
654 4943 718 4995 γε
767 4926 862 4978 καὶ
907 4925 1005 4978 δεῖ.
1060 4922 1204 4976 Ἀλλ’
1252 4921 1414 4982 αὐτὸς
1473 4919 1573 4988 μὲν
1625 4917 1833 4984 κτίσμα
1885 4916 1983 4968 καὶ

301 5071 306 5075 .
409 5021 660 5089 ῐνδαλμα,
695 5020 791 5073 σύν
819 5035 882 5088 γε
923 5019 987 5087 τῇ
1015 5015 1135 5069 κατ’
1162 5014 1326 5069 αὐτὸν
1357 5010 1574 5082 ἑταιρίᾳ
1595 5009 1730 5079 φησὶ
1757 5007 1816 5061 τὸ
1840 5007 1984 5060 θεῖον

411 5115 506 5168 καὶ
559 5113 854 5181 ἀπρόσιτον
903 5112 1004 5179 τῆς
1054 5107 1149 5160 τοῦ
1208 5101 1452 5174 Χριστοῦ
1502 5098 1984 5172 μεταμορφώσεως

413 5205 551 5275 φῶς,
583 5205 683 5269 τὴν
735 5201 972 5271 φυσικὴν
1016 5199 1115 5268 τῆς
1151 5197 1403 5265 θεότητος
1433 5192 1612 5258 δόξαν,
1651 5189 1749 5258 τὴν
1793 5190 1980 5258 κοινήν

415 5297 692 5370 βασιλείαν
727 5294 888 5348 αὐτοῦ
918 5310 977 5344 τε
1011 5289 1225 5344 καὶτοῦ
1258 5287 1491 5358 Πατρός.

486 5388 704 5443 Μᾶλλον
754 5386 812 5439 δὲ
851 5386 947 5437 καὶ
969 5383 1182 5451 κτίσμα
1222 5381 1283 5434 τὸ
1312 5381 1442 5432 αὐτὸ
1476 5378 1572 5431 καὶ
1603 5375 1796 5430 οὐσίαν
1835 5375 1985 5443 λέγει

418 5479 598 5532 Θεοῦο
634 5479 738 5531 κάν
785 5476 961 5545 τούτῳ
1013 5473 1256 5546 συνᾴδων
1314 5469 1612 5539 Ἀκινδύνῳ
1669 5467 1748 5537 τῷ
1799 5467 1985 5534 οἰκείῳ

417 5571 728 5639 καθηγητῇ.
769 5565 1235 5635 Συγκαταδικάζει
1278 5563 1334 5615 δὲ
1365 5563 1478 5625 τοῖς
1503 5559 1895 5628 Είκονομάχοις
1927 5558 1987 5609 οὐ

416 5663 514 5733 τὴν
545 5661 781 5723 σύνοδον,
811 5661 904 5713 καὶ
933 5661 1030 5729 τὴν
1060 5657 1155 5708 νῦν
1197 5655 1530 5723 Ἐκκλησίαν
1559 5651 1752 5734 ἀπλώς
1792 5649 1986 5719 μόνην,

419 5755 558 5809 ἀλλά
595 5755 687 5807 καὶ
717 5751 925 5817 πάντας
958 5750 1092 5822 ὁμοῦ
1140 5749 1424 5816 θεολόγους
1459 5745 1658 5807 ἱεροὺς,
1688 5741 1783 5812 καὶ
1817 5740 1993 5793 Πατέο

423 5863 522 5916 ρας
572 5846 696 5907 τοὺς
748 5846 930 5898 ὲτιεῖνα
966 5841 1350 5910 θεολογοῦντας
1391 5840 1520 5908 περὶ
1568 5834 1662 5889 τοῦ
1713 5833 1858 5885 θείου
1896 5833 1990 5884 καὶ

2087 4649 2213 4720 ρὼν,
2245 4650 2340 4703 καὶ⁵
2360 4647 2590 4716 ἀνομίαν
2617 4649 2933 4718 ἐπενεγκὼν
2957 4651 3183 4722 ἀνομίᾳ.
3214 4647 3345 4723 'Ap'
3365 4654 3490 4723 οὐχὶ
3524 4672 3658 4723 προ-

2082 4740 2258 4810 δήλως
2287 4739 2522 4793 ἐνταῦθα
2556 4741 2844 4812 Γρηγορᾶς
2870 4743 2969 4810 τὴν
2998 4743 3249 4811 ἀνομίαν,
3280 4747 3374 4796 καὶ
3405 4747 3502 4814 τὴν
3529 4747 3659 4799 δυσ·

2084 4831 2304 4884 σέϐειαν
2331 4831 2428 4884 καὶ
2445 4831 2504 4884 τὸ
2531 4832 2689 4885 ἄθεον
2711 4831 2880 4894 ὅντως
2900 4832 3164 4904 ἐξέρρηξε
3191 4835 3284 4887 τοῦ
3307 4835 3508 4896 οἰκείου
3531 4854 3663 4906 φρο-

2086 4925 2350 4992 νήματος,
2385 4925 2620 4994 ἀνομίαν
2652 4925 2753 4994 τὴν
2783 4926 2892 4978 τῶν
2925 4925 3097 4993 ἁγίων
3126 4925 3407 4995 θεολογίαν
3437 4945 3661 4998 προσει-

2084 5015 2223 5080 πὼν,
2249 5015 2406 5085 ῥίζαν
2429 5017 2651 5078 κακίας,
2666 5017 2760 5069 καὶ
2780 5016 3019 5086 βλάστην
3041 5018 3285 5087 πονηρὰν
3308 5017 3402 5069 ἐπὶ
3419 5017 3623 5092 βλάστῃ
3645 5037 3662 5086 ;

2099 5100 2316 5155 Ἐκεῖνα
2380 5103 2491 5174 γὰρ
2565 5102 2827 5174 ἄντικρυς
2891 5104 3204 5177 βλασφημεῖ
3272 5105 3372 5176 τὴν
3431 5109 3664 5176 ἀνομίαν

2085 5187 2350 5251 εἶναικαὶ
2379 5193 2478 5262 τὴν
2507 5194 2604 5261 τῆς
2636 5194 2834 5258 κακίας
2857 5194 3017 5265 ῥίζαν
3038 5213 3095 5250 τε
3140 5197 3234 5250 καὶ
3262 5196 3360 5267 τὴν
3401 5198 3662 5270 βλάστην,

2086 5283 2115 5334 ό
2166 5285 2266 5352 τῆς
2324 5285 2552 5354 ἀνομίας
2605 5302 2664 5338 τε
2703 5288 2927 5357 καὶτῆς
2982 5287 3255 5351 ἀπωλείας
3305 5290 3472 5352 ὅντως
3526 5295 3662 5358 υίὸς,

2087 5372 2123 5426 ἃ
2180 5375 2307 5444 περὶ⁸
2361 5376 2460 5442 τῆς
2510 5377 2746 5444 φυσικῆς
2800 5377 2892 5430 τοῦ
2946 5378 3081 5430 θεοῦ
3140 5378 3320 5450 δόξης,
3360 5380 3457 5434 τοῦ
3501 5383 3670 5454 ἀνάρ-

2091 5483 2186 5536 χου
2215 5467 2310 5520 καὶ
2334 5465 2634 5535 ἀπροσίτου
2664 5467 2842 5536 φωτὸς
2864 5468 2961 5538 τῆς
2987 5468 3082 5521 τοῦ
3110 5470 3352 5540 Χριστοῦ
3384 5488 3527 5542 φημι
3551 5475 3671 5526 θεό-

2089 5577 2272 5629 τητος,
2320 5559 2472 5627 ποιρά
2515 5559 2626 5611 τῶν
2674 5560 3045 5615 ἀπο-στολικῶν
3091 5578 3151 5613 τε
3190 5561 3286 5615 καί⁵
3333 5562 3672 5632 θεολογικῶν

2091 5650 2286 5719 φωνῶν
2314 5650 2568 5712 λαϐόντες
2597 5651 2758 5720 ἡμεῖς
2783 5651 3152 5722 ἐκηρύξαμεν.
3189 5652 3325 5705 Τίνα
3349 5652 3415 5725 δή
3453 5655 3630 5710 ταῦτα
3654 5676 3671 5720 ;

2091 5743 2231 5804 Φως,
2259 5741 2446 5809 φησὶν,
2476 5741 2509 5808 ἡ
2546 5740 2975 5810 παραδειχθεῖσα
3003 5741 3203 5812 θεότης
3239 5743 3331 5794 ἐπὶ
3375 5743 3470 5798 τοῦ
3507 5746 3676 5814 ὅρους

2094 5834 2204 5893 τοῖς
2239 5832 2508 5901 μαθηταῖς
2534 5871 2546 5895 ,
2584 5830 2782 5901 μικροῦ
2827 5834 3162 5902 στερροτέρα
3195 5835 3290 5887 καὶ
3323 5833 3500 5900 ὅψεως
3523 5850 3539 5866 °
3575 5847 3670 5890 καί
