4046 6444
411 463 552 524 1077'

1151 465 1454 524 CONTRA
1493 413 1927 522 GREGOHAM
1967 462 2747 541 ANTIRRHETICORUM
2776 461 2881 522 ΧΙ.

3493 452 3652 513 1073

398 577 752 631 καταϐάλλων
782 578 880 648 τῆς
905 579 1211 644 εὐσεϐείας,
1241 580 1490 646 καθάπερ
1511 581 1720 648 ἀροτηρ
1747 580 1967 647 ἀριστος
1997 582 2044 640 Α
2072 580 2308 642 ἅπαντα,
2345 579 2478 640 πρὶς
2512 577 2644 628 Θεὸν
2670 575 2770 643 τὴν
2811 574 2920 626 τῶν
2947 567 3404 635 ἀπαυγασμάτων
3449 564 3635 632 πηγὴν

398 671 460 722 τὸ
487 670 716 739 ἀρστρον
753 670 888 739 ἔχων
936 672 1034 739 τῆς
1063 671 1426 733 διδασκαλίας.
1461 671 1571 723 Ποῦ
1623 668 1790 742 ἦλθες
1824 671 1965 734 Πρὸς

399 756 640 824 Θρᾷκας,
671 755 807 825 πρὸς
829 756 1062 820 Σκύθας,
1096 758 1232 826 πρξς
1275 757 1486 820 Ἰνδοὺς,
1521 758 1964 827 πρὸςΜαύρους,

401 851 535 916 πρὸς
581 849 834 914 Γότθους,
882 851 1020 919 πρὸς
1061 851 1248 920 θηρία,
1288 852 1382 903 καὶ
1423 851 1686 919 μετέϐαλε
1733 851 1964 913 πάντας.

402 939 573 994 Πόθεν
589 959 604 1006 ;
621 941 754 993 Ἀπὸ
771 942 863 995 τοῦ
885 943 1224 1012 ἀρῤαϐῶνος,
1246 944 1363 1006 Πῶς
1383 945 1616 1012 ἢρκεσεν
1635 944 1667 1010 ἡ
1688 941 1777 994 τοῦ
1803 940 1969 993 Πνεύ-

405 1048 573 1095 ματος
623 1032 816 1100 χάριςς
860 1034 1118 1101 Ἰδιώτης,
1163 1035 1390 1101 γυμνὸέ,
1416 1033 1756 1092 ἁνυπόδετος,
1793 1033 1820 1083 6
1844 1030 1967 1092 δοὺς

399 1124 488 1171 τδιν
523 1124 817 1194 ἀρραϐῶνα
850 1125 940 1176 τοῦ
977 1124 1308 1195 Πνεύματος.
1342 1127 1442 1178 Διά
1471 1123 1627 1177 τοῦτο
1653 1125 1822 1188 λέγει.
1857 1121 1966 1174 Καὶ

401 1213 552 1278 πρὸς
583 1214 772 1267 ταῦτα
812 1217 901 1281 τίς
935 1219 1185 1280 ἱκανός;
1227 1217 1390 1270 Ἀλλ’
1415 1218 1452 1282 ἡ
1483 1217 1769 1278 ἱκανότης
1800 1215 1967 1280 ἡμῶν

398 1304 470 1358 ἐκ
521 1305 627 1357 τοῦ
678 1306 846 1365 Θεοῦ,
889 1307 955 1371 ὃς
987 1309 1083 1360 καί
1118 1310 1415 1362 ἱκάνωσεν
1459 1307 1614 1375 ἡμᾶς
1647 1307 1967 1369 διακόνους

400 1396 607 1462 καινῆς
651 1397 962 1464 διαθήκης,
999 1401 1072 1452 οὐ
1107 1401 1466 1467 γράμματος,
1503 1398 1663 1453 ἀλλὰ
1701 1398 1966 1464 ΙΙγεύμα-

398 1505 521 1552 τος.
562 1485 710 1550 Εἶδες
740 1492 801 1541 τὸ
850 1489 1073 1558 Πνεῦμα
1118 1491 1260 1542 πόσα
1318 1491 1613 1556 ὲποίησεν;
1667 1489 1754 1539 Ἐν
1802 1487 1857 1539 δὲ
1886 1487 1964 1555 τῷ

398 1578 528 1645 περὶ
552 1578 650 1647 τῆς
680 1581 742 1631 ἐκ
773 1579 982 1647 νεκρῶν
1012 1580 1362 1641 ἀναστάσεως
1405 1580 1565 1633 πάλιν
1597 1579 1625 1629 6
1657 1578 1840 1636 αὐτὸς,
1867 1577 1965 1629 Διά

396 1671 573 1731 τοῦτο,
619 1669 776 1737 φησὶ,
825 1670 921 1722 καὶ
953 1672 979 1722 6
1011 1669 1222 1731 Παῦλος
1256 1672 1484 1737 ποιήσας
1520 1665 1830 1730 ἀξιόπιστον
1872 1665 1965 1718 τὸν

399 1760 525 1828 περὶ
568 1760 665 1827 τῆς
697 1762 1048 1823 ἀναστάσεως
1095 1762 1276 1829 λόγον,
1309 1761 1416 1813 ἀπὸ
1449 1763 1546 1826 τῆς
1595 1756 1689 1809 τοῦ
1723 1759 1962 1828 Χριστοῦ

397 1851 768 1916 ἀναστάσεως,
791 1853 900 1905 ἀπὸ
935 1854 1027 1906 τοῦ
1060 1853 1193 1906 Θεὸν
1225 1851 1365 1909 εἷναι
1388 1857 1478 1907 τὸν
1501 1854 1962 1926 δημιουργοῦντα,

395 1944 590 2008 ἐπάγει
617 1945 711 1996 καὶ
739 1945 892 2013 τοῦτο
923 1945 981 1997 1:6
1005 1947 1188 2015 ῥητὸν,
1210 1947 1404 2014 λέγων,
1429 1949 1510 1999 ὅτι
1530 1947 1636 2001 Καὶ
1657 1945 1968 2014 ἀρῥνιόῶνα
2003 1939 2042 1995 Β

395 2025 540 2102 ἧμῒν
568 2036 794 2089 ἔδωκεν
815 2039 884 2090 οὑ
929 2039 1268 2106 χρημάτων,
1299 2038 1440 2092 οὐδὲ
1463 2039 1698 2107 χρυσοῦ
1734 2039 1832 2091 καί
1865 2039 1964 2104 ἀρ·-

393 2129 599 2194 τιν’·ρου.
631 2129 769 2182 ἀλλ’
793 2129 1104 2198 ἀρῤαϐῶνα
1130 2135 1494 2200 Πνεύματος.
1536 2132 1593 2183 '0
1623 2131 1678 2182 δὲ
1708 2131 1964 2201 ἀρραϐὼν

399 2221 566 2286 μέρος
595 2221 706 2272 ἐστὶ
735 2222 831 2274 τοῦ
864 2224 1084 2285 παντὸς,
1115 2224 1209 2274 καὶ
1235 2223 1372 2290 ὑπὲρ
1401 2223 1493 2274 τοῦ
1524 2223 1724 2285 παντὸς
1753 2223 1965 2282 πιστός.

397 2311 662 2380 Καθάπερ
686 2314 792 2381 γὰρ
822 2314 914 2366 ἐπὶ
939 2314 1049 2366 τῶν
1124 2313 1473 2384 συμϐολαίων
1496 2317 1523 2366 6
1550 2315 1638 2366 τὸν
1669 2313 1968 2384 ἀρραϐῶνα

391 2404 685 2472 δεξάμενος
732 2407 871 2475 ὑπὲρ
897 2407 992 2459 τοῦ
1026 2408 1229 2469 παντὸς
1263 2406 1459 2477 θαρρεῖ
1505 2407 1692 2459 λοιπὸν
1733 2406 1826 2458 καί¹
1872 2423 1968 2456 πε-

396 2498 711 2558 πίστευκεν,
742 2498 886 2550 οὕτω
915 2501 1010 2552 καὶ
1055 2501 1119 2553 σὺ
1149 2499 1333 2554 λαϐὼν
1363 2501 1657 2569 ἀρραϐῶνα
1685 2498 1777 2551 τοῦ
1800 2497 1968 2550 Πνεύ-

400 2607 588 2655 ματος,
623 2591 689 2642 τὰ
729 2593 1048 2660 χαρίσματα
1078 2593 1242 2660 λέγω,
1279 2593 1478 2662 μηκέτι
1526 2591 1804 2658 ἀμφίϐαλε
1837 2591 1968 2656 περὶ

393 2682 506 2733 τῶν
533 2684 915 2750 ἀποκειμένων
965 2685 1203 2752 ἀγαθῶν.
1245 2687 1354 2738 Καὶ
1405 2683 1527 2753 μετ’
1559 2685 1742 2752 ὀλίγον
1772 2701 1785 2714 ·
1823 2681 1968 2750 Πλὴν

394 2775 511 2828 ἀλλ’
541 2774 662 2828 οὔτε
697 2778 760 2827 σὺ
783 2777 884 2840 τῆς
903 2777 996 2829 τοῦ
1030 2777 1346 2846 Πνεύματος
1377 2777 1582 2848 ἔρημος
1608 2779 1838 2846 γέγονας
1866 2779 1968 2848 χά-

401 2883 571 2932 ριτος,
596 2867 731 2918 ἀλλά
749 2867 917 2921 πολλά
947 2869 1038 2922 καὶ
1061 2869 1141 2922 ἔτι
1164 2868 1260 2922 νῦν
1291 2873 1441 2938 μένει
1465 2870 1563 2938 τῆς
1590 2870 1799 2939 δωρεᾶς
1830 2869 1972 2923 ὲκεί-

345 2953 348 2956 ’
396 2974 496 3023 νης
525 2959 595 3008 τὰ
613 2957 882 3024 σύμϐολα,
915 2959 1094 3012 αὐτῶν
1124 2960 1329 3014 τούτων
1353 2962 1459 3014 τῶν
1491 2961 1968 3030 ἀπηριθμημένων

397 3051 579 3118 πολλῷ
603 3053 823 3120 μείζονα
852 3056 946 3108 καὶ
975 3053 1413 3125 θαυμαστότερα.
1433 3057 1506 3108 Ού
1545 3057 1650 3122 γάρ
1684 3057 1830 3108 ἐστιν
1856 3055 1968 3108 ἴσον

399 3143 558 3210 σῶμα
586 3145 917 3212 τελευτῆσαν
937 3148 1260 3216 ἀναστῆσαι,
1286 3149 1380 3200 καὶ
1406 3147 1582 3217 ψυχὴν
1600 3147 1968 3216 νεκρωθεῖσαν

395 3235 502 3289 ὑπὸ
547 3237 657 3290 τῶν
711 3239 1126 3308 ἁμαρτημάτων
1175 3241 1486 3306 ἀπαλλάξαι
1537 3243 1634 3309 τῆς
1691 3239 1966 3301 ἀπωλείας
1992 3276 2036 3334 c

397 3327 634 3397 ἐκείνης,
673 3329 700 3381 6
745 3329 832 3382 διὰ
864 3330 958 3382 τοῦ
991 3330 1369 3405 βαπτίσματος
1397 3332 1629 3398 γίνεται.
1675 3332 1789 3383 Οὐκ
1818 3330 1968 3382 ἔστιν

397 3423 516 3473 ῑσον
541 3421 752 3490 νόσημα
782 3413 1056 3476 ἀπελάσαι
1078 3425 1296 3491 σαρκὸς,
1313 3426 1409 3476 καὶ
1435 3423 1722 3494 ἁμαρτιῶν
1746 3423 1968 3490 φορτίον

397 3513 811 3566 καταποντίσαι*
826 3514 924 3566 οὑκ
948 3515 1095 3567 ἐστιν
1111 3517 1222 3569 ἴσον
1238 3515 1394 3584 ὄμμα
1419 3519 1819 3586 πεπηρωμένον
1830 3516 1972 3586 διορ-

397 3604 594 3666 θῶσαι,
629 3606 724 3658 καὶ
754 3605 935 3674 ψυχὴν
981 3607 1376 3676 ἑσκοτισμένην
1411 3609 1553 3676 φωτὶ
1584 3608 1966 3676 καταλάμψαι.

395 3695 460 3747 Εἰ
495 3696 606 3766 γὰρ
636 3697 711 3764 μὴ
735 3692 804 3767 ἦν
831 3697 1088 3767 ἀρραϐὼν
1117 3697 1212 3751 τοῦ
1245 3699 1566 3768 Πνεύματος
1597 3700 1692 3752 καὶ
1718 3698 1837 3763 νῦν,
1863 3700 1964 3752 οὐκ

395 3785 464 3837 ἂν
515 3785 746 3854 συνέστη
798 3786 859 3839 τὸ
906 3786 1222 3856 βάπτισμα,
1271 3790 1372 3841 οὐκ
1431 3790 1496 3842 ἂν
1551 3789 1967 3858 ἁμαρτημάτων

394 3878 587 3943 ἄφεσις
616 3878 850 3944 ἐγένετο,
876 3879 975 3930 οὐκ
1003 3879 1069 3931 ἂν
1094 3877 1408 3946 δικαιοσύνη
1431 3881 1525 3933 καὶ
1553 3881 1844 3948 ἁγιασμὸς,
1867 3882 1967 3934 οὑκ

395 3970 465 4019 ἂν
487 3968 758 4022 υἱοθεσίαν
786 3968 1070 4036 ἐλάϐομεν,
1103 3969 1202 4022 οὐκ
1231 3969 1296 4022 ἂν
1318 3973 1636 4040 μυστηρίων
1655 3972 1970 4025 ἀπελαύσα-

397 4072 501 4123 μεν
525 4072 540 4086 ο
578 4056 740 4124 σῶμα
764 4057 876 4125 γὰρ
905 4059 995 4109 καὶ
1028 4055 1168 4128 αἷμα
1195 4060 1458 4127 μυστικὸν
1485 4063 1584 4115 οὐκ
1614 4063 1680 4116 ἄν
1711 4081 1843 4116 ποτε
1874 4064 1970 4132 γέ-

394 4165 540 4200 νοιτο
564 4150 662 4218 τῆς
692 4149 786 4201 τοῦ
822 4151 1140 4218 Πνεύματος
1181 4152 1402 4223 χάριτος
1433 4155 1601 4224 χωρίς
1621 4171 1634 4185 ·
1663 4157 1764 4209 οὐκ
1795 4156 1863 4210 ἂν
1895 4155 1969 4210 ls-

395 4237 526 4306 ρέας
557 4240 896 4309 ἐσχήκαμεν.
932 4241 1067 4296 Οὐδὲ
1099 4242 1206 4312 γὰρ
1234 4243 1438 4307 ταύτας
1468 4245 1694 4300 δυνατὸν
1723 4248 1822 4309 τὰς
1850 4265 1966 4317 χει-

398 4332 645 4396 ροτονίας
697 4331 823 4385 ἄνευ
860 4333 1076 4403 ἐκείνης
1114 4335 1214 4403 τῆς
1249 4337 1646 4406 ὲπιφοιτήσεως
1693 4339 1965 4405 γίνεσθαι.

392 4421 498 4476 Καὶ
523 4422 655 4475 ἄλλα
684 4423 741 4475 δὲ
771 4423 944 4476 πολλά
986 4423 1097 4494 ἔχοι
1131 4444 1214 4488 τις
1238 4425 1306 4480 ἀν
1333 4429 1508 4483 είπεῖν
1540 4433 1636 4498 τῆς
1668 4430 1760 4498 τοῦ
1798 4432 1968 4488 Ilvati-

397 4529 561 4578 ματος
588 4513 810 4582 χάριτος
841 4514 1106 4582 σύμϐολα,
1134 4515 1296 4568 Ὠστε
1331 4519 1424 4572 καὶ
1453 4520 1515 4571 σὺ
1546 4521 1839 4589 ἀρραϐῶνα
1871 4521 1965 4573 τοῦ

2070 672 2134 722 ὲκ
2163 671 2253 723 τοῦ
2285 671 2451 739 ζόφου
2489 669 2590 734 τῆς
2621 667 2896 733 ἀγνωσίας
2926 665 3022 717 καὶ
3055 663 3152 726 τῆς
3185 660 3394 721 πλάνης
3431 655 3634 720 ἐπανή-

2067 780 2236 830 γαγον
2263 763 2371 814 τῶν
2420 760 2656 812 εἰδώλων
2683 777 2695 823 ;
2725 756 2790 808 Τί
2819 755 2948 822 γοῦν
2993 771 3073 804 σοι
3128 751 3256 818 περὶ
3300 747 3496 800 τούτου
3537 745 3634 798 τοῦ

2069 834 2318 922 θείουὶἀρ
2335 853 2570 911 όαϐῶνος
2596 850 2764 911 δοκεῖ,
2790 848 2882 900 τοῦ
2917 849 3081 900 πᾶσιν
3107 841 3428 903 ἀποστόλοις
3448 857 3508 893 τε
3533 839 3632 891 καὶ

2067 944 2409 1003 διδασκάλοις
2435 939 2956 1008 καταμερισθέντος,
2987 935 3246 1001 καθάπερ
3267 930 3508 990 ἀκούεις,
3535 927 3634 980 καὶ

2065 1033 2134 1085 τὰ
2170 1033 2428 1102 ὑπερφυᾶ
2457 1033 2550 1083 καὶ
2595 1030 2754 1095 λόγον
2789 1027 3016 1080 ἅπαντα·
3047 1026 3141 1076 καὶ
3173 1023 3337 1090 φύσιν
3366 1019 3630 1080 νικῶντα,

2068 1126 2164 1175 καὶ
2215 1125 2614 1194 ἐνεργήσαντος
2669 1122 2763 1173 καὶ
2820 1115 3212 1187 ὲνεργοῦντοςς
3262 1113 3483 1180 Κτίσμα
3531 1108 3634 1179 μὲν

2069 1210 2161 1267 οῦν
2192 1214 2325 1268 Θεοῦ
2353 1214 2540 1267 τοῦτον
2573 1213 2676 1265 οὐκ
2709 1212 2774 1264 ἂν
2801 1211 2976 1271 εἴποις
3009 1209 3160 1268 ποτὲ,
3190 1208 3238 1258 εί
3275 1204 3348 1274 μὴ
3381 1202 3634 1272 μέμηνας

2070 1309 2366 1378 προφανῶς
2408 1309 2503 1359 καὶ
2535 1304 2898 1374 παραπαίεις,
2938 1303 3004 1354 δι’
3039 1299 3180 1353 αὑτά
3203 1296 3263 1350 τέ
3292 1313 3436 1364 φημι
3459 1292 3634 1345 ταῦτα

2066 1399 2133 1451 τά
2172 1399 2302 1468 παρ’
2336 1399 2502 1452 αὐτοῦ
2551 1396 2874 1464 θεοπρεπῶς
2925 1395 3064 1463 ὑπὲρ
3096 1391 3258 1461 φύσιν
3309 1387 3633 1453 τελούμενα,

2069 1483 2269 1544 καϊὸτι
2293 1492 2354 1543 ού
2384 1487 2478 1543 τοῦ
2505 1489 2642 1540 Πνεύ
2654 1505 2820 1554 ματος
2848 1486 3010 1554 μόνον
3034 1483 3174 1536 εἶναι
3201 1483 3292 1535 τὸν
3314 1477 3634 1549 ἀρραϐῶνα.

2068 1583 2203 1636 ἀλλά
2241 1584 2336 1634 καὶ
2377 1582 2600 1650 Πνεῦμα
2635 1580 2790 1647 ἀγιον
2823 1575 2963 1631 εἶναι
2997 1578 3088 1628 τὸν
3141 1575 3307 1628 αὑτὸν
3353 1572 3450 1640 τῆς
3483 1568 3639 1636 ἱερᾶς

2067 1674 2346 1741 θεολογίας
2375 1673 2596 1736 ἀκούεις
2632 1673 2916 1738 λεγούσης.
2959 1671 3080 1730 Πῶς
3125 1668 3191 1721 ἂν
3220 1661 3313 1718 οῦν
3348 1664 3486 1730 μετὰ
3519 1662 3638 1715 Μα-

2068 1765 2302 1818 κεδονίου
2340 1767 2548 1830 κτίσμα
2581 1766 2675 1816 καὶ
2701 1764 2860 1824 αὐτὸς
2887 1760 2984 1814 νῦν
3005 1759 3148 1812 οὕτω
3181 1756 3435 1826 φανερῶς
3473 1756 3638 1822 βλασ-

2068 1856 2324 1927 φημῆσαι
2353 1856 2633 1926 τολμήσῃς
2664 1855 2724 1907 τὸ
2762 1853 2987 1922 Πνεῦμα
3017 1851 3113 1904 τοῦ
3143 1849 3318 1913 Θεοῦ;
3358 1847 3636 1910 Ἀλλὰ-τί;

2069 1951 2168 2014 τὴν
2197 1949 2386 2002 οὐσίαν
2418 1948 2450 2016 ἢ
2477 1949 2577 2019 τὴν
2611 1948 2912 2001 ὑπόστασιν
2945 1945 3038 1997 τοῦ
3090 1945 3405 2010 Πνεύματος
3452 1940 3639 1992 τοῦτον

2067 2040 2249 2108 ὲρεῖς;
2289 2039 2429 2091 Ἀλλ’
2451 2038 2548 2108 σύχ
2574 2035 2686 2092 οἷόν
2711 2055 2792 2093 τε.
2813 2036 3031 2090 Μᾶλλον
3053 2036 3160 2105 γὰρ
3189 2035 3256 2087 ἂν
3282 2030 3453 2085 εἰπὼν
3484 2047 3639 2096 σφαιο

2069 2134 2247 2202 ροειδῆ
2296 2133 2394 2200 τὴν
2429 2133 2556 2201 γῆν,
2590 2133 2685 2183 καὶ
2720 2132 2895 2184 κῶνον
2936 2128 3028 2180 τὸν
3058 2127 3290 2197 οὐρανὸν
3335 2124 3485 2184 ὅντα,
3516 2123 3637 2173 κέν-

2065 2241 2197 2294 τρου
2225 2224 2384 2292 λόγον
2415 2225 2552 2293 πρὸς
2595 2223 2808 2292 ἐκείνην
2842 2223 2988 2291 ἔχειν
3031 2221 3131 2291 τὴν
3168 2220 3435 2287 σφαῖραν,
3467 2216 3498 2280 ἦ
3544 2215 3636 2266 τὸν

2067 2317 2321 2385 λαμπρὸν
2359 2315 2638 2384 ὀφθαλμὸν
2695 2317 2905 2367 τουτονὶ
2943 2316 3043 2380 τῆς
3082 2312 3294 2380 ἡμέρας
3337 2308 3430 2360 τὸν
3461 2308 3636 2375 ἥλιον,

2067 2411 2167 2462 οὐκ
2215 2408 2449 2470 οἴκοθεν,
2484 2407 2601 2460 ἀλλ’
2636 2409 2700 2459 ὲκ
2743 2407 2845 2473 τῆς
2897 2405 3128 2475 σελήνης
3159 2404 3334 2469 λέγων
3379 2400 3524 2469 ἔχειν
3577 2399 3638 2450 τὸ

2069 2501 2186 2566 φῶς
2232 2500 2416 2565 δόξαις
2446 2499 2512 2553 ἀν
2551 2499 2661 2551 τισί
2700 2516 2753 2551 τι
2796 2499 2978 2565 λέγειν
3009 2499 3161 2558 ίσως,
3202 2496 3232 2562 ἦ
3277 2495 3343 2545 τὰ
3386 2491 3638 2544 τοιαῦτα.

2069 2596 2183 2649 Καὶ
2213 2592 2453 2662 παρίημι
2502 2593 2686 2659 λέγειν
2715 2591 2833 2654 νῦν,
2865 2592 2948 2645 ὅτι
2996 2592 3118 2659 οὐχὶ
3150 2589 3310 2642 οὐσία
3342 2587 3438 2640 τοῦ
3481 2586 3638 2647 Θεοῦ,

2069 2684 2192 2748 ορδὲ
2229 2685 2263 2752 ἡ
2292 2683 2594 2746 ὑπόστασις
2649 2685 2766 2735 ὲστι
2796 2682 2858 2734 τὸ
2899 2681 3202 2750 διδόμενον.
3239 2679 3360 2733 Οὐδ’
3413 2677 3640 2728 ἐκείνων

2068 2777 2118 2828 οἱ
2154 2776 2474 2843 μετέχοντες
2523 2773 2838 2853 πεφύκασιν
2873 2773 3006 2834 ὅλως
3054 2771 3324 2841 μετέχειν,
3373 2768 3512 2822 ἀλλὰ
3537 2767 3639 2832 τῆς

2070 2868 2290 2936 χάριτος
2342 2869 2433 2919 καὶ
2467 2866 2564 2933 τῆς
2608 2867 2911 2936 ἐνεργείας.
2945 2865 3038 2917 Διδ
3072 2865 3166 2915 καὶ
3216 2864 3396 2914 έκεῖνο
3437 2859 3639 2912 δίδοται

2068 2962 2224 3028 ἡμῖν,
2259 2959 2287 3011 6
2320 2960 2411 3011 καὶ
2459 2959 2808 3027 λαμϐάνομεν
2856 2959 2923 3028 τῇ
2963 2957 3194 3025 δυνάμει
3241 2955 3337 3006 τοῦ
3381 2954 3638 3020 Πνεύμα-

2067 3067 2181 3112 τος,
2234 3051 2282 3102 οἱ
2323 3051 2569 3118 θεολόγοι
2627 3051 2724 3103 καὶ
2755 3049 2914 3102 τοῦτό
2945 3065 3098 3116 φασι.
3146 3045 3318 3098 Τοῦτο
3364 3045 3549 3096 τοίνυν
3578 3043 3638 3096 οὐ

2069 3143 2372 3210 προτίθημι
2426 3143 2520 3194 νῦν
2553 3143 2715 3202 τέως,
2751 3141 2930 3195 καίτοι
2967 3155 3029 3207 γε
3065 3143 3156 3190 καὶ
3207 3139 3385 3191 κοινὸν
3421 3138 3641 3205 ἀξίωμα

2072 3234 2240 3288 πάλαι
2296 3235 2393 3300 τῆς
2435 3232 2764 3299 Ἐκκλησίας
2822 3231 3086 3302 Χριστοῦ.
3146 3230 3269 3283 Ὀτι
3314 3247 3374 3283 τε
3435 3231 3641 3292 ἱκανῶς

2069 3330 2224 3398 ἡμῖν,
2258 3329 2349 3381 καὶ
2400 3328 2487 3381 διὰ
2520 3326 2734 3379 πολλῶν
2767 3327 2825 3377 ἐν
2866 3328 2980 3386 τοῖς
3011 3325 3284 3391 φθάσασιν
3335 3324 3554 3394 εἴρηταί
3579 3342 3638 3376 τε

2070 3423 2164 3473 καὶ
2198 3419 2572 3473 ἀποδέδεικται
2601 3419 2798 3479 ταῦτα,
2843 3417 2939 3470 καὶ
2971 3417 3057 3470 ἵνα
3093 3419 3166 3487 μὴ
3219 3419 3636 3487 συκοφαντήσῃς

2070 3514 2218 3582 ἡμᾶς
2245 3507 2424 3575 αὖθις,
2456 3512 2538 3562 ὅτι
2572 3510 2638 3562 τὰ
2667 3512 2724 3562 ὲν
2750 3512 2893 3579 ἀρχῇ
2929 3508 3242 3578 ζητούμενα
3279 3509 3635 3577 λαμϐάνομεν

2069 3604 2143 3665 ὡς
2169 3603 2602 3672 ὁμολογούμενα.
2636 3599 2791 3653 Οὕτω
2823 3601 2918 3654 καὶ
2957 3602 3066 3670 γάρ
3095 3603 3127 3668 ἡ
3177 3601 3246 3670 σὴ
3280 3601 3528 3667 θεολογία
3574 3618 3633 3652 τε

2068 3695 2164 3748 καὶ¹
2205 3695 2367 3763 σοφία
2403 3694 2533 3763 περὶ
2571 3694 2680 3746 τῶν
2730 3693 3060 3762 ἀξιωμάτων
3101 3693 3502 3757 διασκοπεῖται,
3535 3694 3636 3761 ζη-

2065 3786 2305 3856 τούμενά
2332 3801 2393 3838 τε
2419 3785 2612 3848 ταῦτα,
2643 3788 2737 3838 καὶ
2762 3785 2860 3853 οὐχ
2880 3785 3217 3855 όμολογούμε
3229 3785 3290 3838 νά
3315 3803 3373 3837 τε
3405 3788 3498 3839 καὶ
3523 3789 3639 3837 κεί-

2071 3897 2212 3949 μενα
2240 3878 2624 3947 φανταζομένη
2660 3877 2871 3940 κακῶς.
2921 3876 3137 3929 Κείσθω
3183 3877 3285 3944 μὲν
3323 3875 3417 3928 οὖν
3454 3876 3635 3941 τοῦτο,

2067 3971 2249 4026 ἐκεῖνό
2275 3989 2338 4039 γε
2388 3973 2494 4040 μὴν
2536 3969 2757 4041 ἐρέσθαι
2787 3971 2924 4032 τέως
2950 3969 3186 4022 ἐνταῦθα
3220 3970 3310 4021 τὸν
3338 3970 3638 4038 φιλόσοφον

2069 4065 2352 4138 βούλομαι.
2388 4065 2501 4119 Καὶ·
2525 4068 2574 4118 εί
2603 4068 2630 4118 6
2661 4067 2754 4117 τοῦ
2784 4065 3103 4133 Πνεύματος
3130 4066 3388 4136 ἀρραϐὼν
3419 4067 3451 4134 ή
3479 4065 3639 4118 οὐσία

2067 4161 2159 4212 καὶ
2189 4161 2222 4229 ἡ
2254 4159 2551 4220 ὑπόστασις
2596 4160 2711 4210 ἐστι
2739 4159 2835 4210 τοῦ
2871 4158 3210 4226 Πνεύματος,
3253 4159 3328 4220 ὡς
3377 4159 3443 4212 ἂν
3473 4160 3638 4218 αὐτὸς

2069 4251 2258 4319 φαίης.
2292 4249 2406 4301 ἀλλ’
2445 4249 2542 4316 οὐχ
2571 4251 2606 4315 ἡ
2642 4249 2805 4317 χάρις
2836 4248 2927 4299 καὶ
2958 4249 2990 4317 ή
3031 4249 3303 4315 ἐνέργεια,
3340 4248 3455 4308 πῶς
3488 4249 3638 4298 ἐστιν

2068 4341 2325 4413 ἀρραϐών
2346 4342 2496 4404 ;__Ka.‘t
2523 4343 2673 4392 ποῖον
2699 4341 2806 4408 ἀρα
2833 4341 2950 4392 ἐστὶ
2974 4339 3036 4393 τὸ
3064 4339 3204 4403 ὅλον,
3227 4334 3432 4398 οὗτινος
3461 4340 3639 4407 ἀρῤα-

2069 4434 2180 4486 ϐών
2208 4435 2357 4485 ἐστιν
2379 4434 2405 4483 ό
2431 4430 2791 4502 ἀρῤαϐὼν,,δν
2821 4430 2886 4482 σὺ
2920 4431 3094 4498 λέγεις
3123 4431 3293 4500 αὐτὴν
3319 4430 3419 4501 τὴν
3448 4432 3639 4484 οὐσίαν

2070 4524 2287 4590 καὶτὴν
2311 4523 2606 4579 ὑπόστασιν
2628 4519 2767 4575 εἶναι
2795 4525 2886 4574 τοῦ
2922 4522 3237 4591 Πνεύματος
3260 4542 3274 4588 ;
3310 4523 3370 4575 '0
3404 4523 3504 4592 μὲν
3530 4523 3638 4591 γὰρ

396 4604 711 4671 Πνεύματος
741 4605 917 4674 ἔχεις·
953 4609 1045 4662 καὶ
1073 4609 1339 4678 νέκρωσιν
1376 4611 1582 4664 ἀπέθου
1615 4604 1827 4681 ψυχῆς,
1871 4612 1972 4670 καὶ
1997 4613 2406 4676 ι),⁹Αιπόστολος
2455 4615 2752 4686 ἀρραϐῶνα
2809 4614 2902 4668 τοῦ
2928 4615 3269 4683 ,Πνεύματος
3318 4612 3438 4668 εἶπε
3480 4615 3641 4667 τοῦτο

395 4696 645 4763 πήρωσιν
666 4697 945 4765 λογισμῶν
970 4701 1066 4754 καὶ
1085 4701 1516 4770 τὸνάκάθαρτον
1545 4705 1798 4757 ἀπεδύσω
1826 4706 1970 4774 βίον..

477 4791 744 4855 Ἀκούεις,
777 4792 1058 4861 Γρηγορᾶ,
1105 4795 1198 4847 καὶ
1224 4795 1561 4861 ἀποστόλων,
1605 4798 1715 4848 τῶν
1748 4798 1966 4864 φιλοσό-

397 4901 512 4950 φων
544 4885 688 4951 φημὶ
745 4882 840 4936 καὶ
900 4885 1080 4952 σοφῶν
1121 4887 1354 4939 τουτωνὶ
1400 4887 1501 4954 τὴν
1553 4887 1816 4958 ἀληθινὴν
1871 4891 1965 4942 καὶ

395 4973 625 5043 πρώτην
657 4975 874 5043 σοφίαν,
915 4977 1017 5030 ὅσα
1047 4979 1179 5047 περὶ
1225 4979 1319 5029 τοῦ
1363 4979 1684 5048 ἀῤῥαϐῶνος
1738 4981 1833 5032 καὶ
1867 4982 1966 5049 τῆς

397 5067 648 5136 ἀπαρχῆς
681 5067 776 5120 τοῦ
815 5069 1130 5138 Πνεύματος
1167 5069 1260 5124 τοῦ
1288 5070 1437 5123 θείου
1466 5073 1872 5140 φιλοσοφοῖ-σιν,
1903 5075 1964 5125 οὐ

395 5161 670 5235 τεχνικαϊς
686 5161 1018 5229 ἐπιστήμαις
1033 5163 1125 5214 καὶ
1145 5161 1389 5230 μεθόδοις
1407 5162 1755 5232 ἀνθρωπίνης
1775 5159 1968 5231 σοφίας

395 5249 557 5301 ταυτὶ
583 5248 946 5320 διδαχθέντες,
969 5251 1088 5304 ἀλλ’
1118 5253 1353 5307 ἐπόπται
1381 5255 1474 5308 καὶ
1505 5256 1726 5325 μέτοχοι
1750 5273 1852 5326 χρη
1862 5272 1967 5325 μα-

393 5340 645 5402 τίσαντες
661 5343 757 5410 τῆς
786 5341 878 5394 τοῦ
896 5343 1030 5395 Θεοῦ
1053 5345 1290 5414 φυσικῆς
1311 5345 1470 5414 δόξης
1486 5348 1578 5398 καὶ
1605 5348 1845 5416 χάριτος,
1870 5347 1963 5399 καὶ

393 5433 490 5484 τοῦ
512 5433 796 5500 μεγαλείου
815 5436 1027 5488 ἐκείνου
1049 5437 1188 5504 μετά
1209 5437 1312 5490 Πέτ
1323 5427 1415 5507 ρον
1437 5439 1577 5507 φημὶ
1599 5439 1817 5492 καὶτῶν
1837 5441 1966 5494 υίῶν

396 5526 495 5592 τῆς
523 5523 774 5594 βροντῆς,
804 5528 851 5578 εἰ
878 5527 936 5579 δὲ
969 5527 1148 5596 βούλει
1169 5531 1263 5581 καὶ
1285 5531 1484 5592 παντὸς
1504 5531 1598 5582 τοῦ
1631 5531 1962 5602 προύχοντος

397 5616 676 5684 τάγματος
695 5618 800 5670 τῶν
818 5620 1150 5682 ἀποστόλων,
1175 5623 1270 5690 τῆς
1288 5623 1562 5690 μακαρίας
1582 5623 1716 5692 όμοῦ
1735 5624 1968 5678 δωδεκά-

397 5708 484 5769 δος
509 5709 565 5759 ὲν
587 5709 717 5760 εἴδει
744 5710 986 5778 πυρίνων
1006 5711 1128 5764 τότε
1147 5711 1408 5780 γλωσσῶν
1436 5714 1532 5780 τὴν
1553 5714 1610 5780 ἐξ
1631 5713 1798 5783 ὕψους
1819 5717 1965 5768 ἐνδε-

397 5797 634 5849 δυκότων
658 5797 888 5866 δύναμιν
918 5803 1059 5856 κατα
1095 5802 1194 5870 τὴν
1227 5803 1471 5874 μεγάλην
1492 5803 1628 5873 πρὸς
1651 5805 1846 5868 αὐτοὺς
1868 5805 1965 5858 τοῦ

399 5889 654 5957 Σωτῆρος
689 5891 1040 5956 ἐπαγγελίαν,
1068 5893 1134 5946 δι’
1158 5890 1223 5958 ἧς
1247 5897 1450 5954 κόσμον
1480 5906 1965 5957 καταφωτίσαντες

2071 4706 2160 4766 καὶ
2199 4705 2455 4777 ἀπαρχὴν
2489 4705 2580 4756 τοῦ
2617 4703 2930 4771 Ιινεύματος
2959 4722 2975 4738 ο
3012 4706 3275 4775 Ἐχομεν
3305 4707 3437 4778 γὰρ,
3481 4707 3637 4776 φησὶ,

2067 4797 2185 4861 τὴν
2213 4797 2532 4868 ἀπαρχήκ·
2556 4799 2620 4849 σοί
2653 4797 2708 4850 δὲ
2737 4797 3330 4868 τοῦτον.ἐξηγούμενοι
3374 4800 3636 4865 θεολόγοι,

2069 4891 2318 4958 καθάπερ
2351 4891 2610 4959 ἤκουσας,
2657 4890 2752 4941 καὶ
2785 4891 3038 4958 ἀπαρχὴν
3076 4891 3184 4942 τῶν
3231 4893 3467 4944 αἰωνίων
3499 4894 3638 4959 ἀγα-

2069 4981 2200 5046 θῶν,
2234 4981 2328 5032 καὶ
2378 4981 2698 5050 ἀρραϐῶνα,
2721 4980 2830 5042 ,καὶ
2873 4980 3180 5043 δακτύλιον,
3212 4981 3305 5034 καὶ
3353 4982 3516 5050 μέρος
3544 4983 3637 5035 τοῦ

2067 5073 2211 5135 ὅλου,
2245 5075 2336 5124 καὶ
2371 5073 2562 5123 πιστὸν
2607 5071 2747 5142 ὑπὲρ
2795 5070 2887 5122 τοῦ
2924 5073 3375 5140 προσδοκωμένου
3413 5075 3637 5138 παντὸς,

2068 5167 2162 5218 καὶ
2193 5164 2406 5233 ἀσφαλῆ
2432 5180 2564 5230 φασι
2595 5162 2783 5215 τοῦτον
2820 5164 3134 5234 ἀρραϐῶνα.
3171 5164 3320 5232 Ἀμα
3343 5165 3400 5217 δὲ
3425 5169 3519 5219 καὶ
3545 5182 3642 5236 με-

2072 5255 2328 5324 ρισθῆναι
2373 5253 2562 5307 τοῦτον
2607 5257 2742 5306 πᾶσι
2779 5260 2932 5326 παρὰ
2983 5256 3078 5308 τοῦ
3131 5257 3426 5318 δεδωκότος
3474 5259 3639 5325 φασὶν

2069 5349 2389 5410 ἀποστόλοις
2437 5348 2530 5400 καὶ
2579 5347 2943 5410 διδασκάλοις,
3001 5350 3095 5400 καὶ
3152 5347 3340 5398 τοῦτον
3380 5349 3546 5402 αὑτὸν
3579 5350 3639 5401 ὲν

2071 5443 2316 5502 ἐκείνοις
2353 5441 2719 5509 ἐνηργηκέναι
2771 5440 2997 5501 τε,,καὶ
3047 5441 3290 5507 ἐνεργεῖν
3340 5440 3518 5493 πάντα
3568 5441 3640 5494 τὰ

2071 5535 2236 5584 καινά
2271 5532 2366 5584 καὶ
2399 5533 2674 5601 ὑπερφυᾶ,
2708 5534 2801 5584 καὶ
2841 5532 2958 5600 Θεῷ
2992 5532 3193 5584 δυνατά
3228 5531 3396 5600 μόνῳ.
3430 5534 3543 5602 Τὴν
3578 5534 3638 5587 δὲ

2070 5623 2258 5674 οὐσίαν
2291 5624 2386 5675 καὶ
2414 5623 2511 5691 τὴν
2545 5622 2844 5677 ὑπόστασιν
2879 5625 2974 5674 τοῦ
3007 5622 3322 5689 Πνεύματος
3353 5624 3638 5696 ἀμήχανον

2070 5711 2372 5783 ἁρῤαϐῶνα
2425 5713 2567 5774 τινὸς
2626 5708 2805 5764 εἶναι·
2836 5706 2981 5776 τίνος
3029 5714 3121 5767 καὶ¹
3156 5716 3304 5784 γάρ;
3338 5715 3456 5768 ἀλλ’
3515 5717 3640 5770 οὐδὲ

2075 5807 2242 5880 μέρος
2293 5805 2579 5863 zonam:
2619 5803 2745 5861 οὔτε
2800 5806 2908 5874 γὰρ
2947 5807 3237 5874 μερίζεται
3291 5811 3413 5862 κατ’
3447 5810 3640 5863 οὐσίαν

2072 5915 2162 5952 και
2195 5898 2494 5951 ὑπόστασιν
2522 5898 2548 5949 6
2575 5897 2706 5954 Θεός
2733 5915 2746 5928 ·
2779 5898 2912 5953 ἀλλὰ
2955 5899 3047 5953 καὶ
3085 5902 3291 5958 ἑκάστη
3328 5903 3453 5968 τῶν,
3475 5903 3611 5962 θεαρ
