4046 6440
499 385 639 454 1‘81

1498 390 1929 455 PHILOTHEI
1970 389 2087 452 ΟΡ.
2126 388 2646 452 PATRIABCILI

3611 395 3727 463 ιοει

498 496 779 570 προσώπῳ
808 495 917 569 τὴν,
944 497 1103 563 δόξαν
1125 500 1331 570 Κυρίου
1359 504 1874 576 κατοπτριζόμενοι,
1901 504 1962 557 ού
1984 503 2082 574 τὴν
2115 507 2156 565 Α
2186 496 2248 550 τὸ
2283 497 2396 567 πῦρ
2441 498 2656 552 Παῦλον
2699 501 3051 572 περιλάμψαν
3091 501 3191 571 τὴν
3227 504 3327 572 μὲν
3371 504 3614 576 αἴσθησιν
3641 512 3726 579 τῆς

498 593 824 664 παυομένην
855 594 1093 661 ἐκείνην,
1121 594 1258 649 ἀλλά
1296 596 1395 656 τὴν
1432 600 1724 666 μένουσαν,
1761 600 1863 668 τὴν
1910 600 2082 670 αὐτὴν

450 694 455 703 ’
500 685 685 738 εἰκόνα
725 685 1229 755 μεταμορφούμεθα
1263 688 1371 741 ἀπὸ
1404 689 1562 760 δόξης
1590 691 1668 752 είς
1699 690 1878 756 δόξαν,
1909 691 2084 745 καθά-

503 794 611 846 περ
638 776 748 829 ἀπὸ
779 776 984 845 Κυρίου
1017 777 1357 848 Πνεύματος.
1398 780 1511 836 Kal
1545 781 1662 853 μετ’
1692 782 1875 852 ὀλίγον
1900 802 1914 816 ’
1933 784 1999 837 Τί
2023 783 2083 837 δέ

499 870 743 940 ἐστιτήν
781 889 800 923 ι
842 871 1002 935 δόξαν
1047 872 1254 943 Κυρίου
1288 875 1808 946 κατοπτριζόμενοι,
1856 877 1955 948 τὴν
1981 879 2081 932 αὐ-

496 962 598 1035 τὴν
660 964 847 1018 εἰκόνα
907 966 1447 1037 μεταμορφούμεθα;
1509 988 1528 1021 ι
1583 970 1931 1041 Σαφέστερον
1982 971 2082 1040 μὲν

498 1054 659 1108 τοῦτο
686 1056 983 1115 ἐδείκνυτο.
1019 1058 1183 1125 ἡνίκα
1235 1059 1345 1113 τῶν
1375 1060 1623 1131 σημείων
1662 1062 1732 1114 τὰ
1761 1046 2090 1132 χαρίσματα

499 1147 743 1216 ἐνήργει.
780 1149 927 1218 Πλὴν
971 1151 1095 1205 οὐδὲ
1128 1150 1225 1205 νῦν
1254 1152 1515 1207 δύσκολον
1558 1154 1689 1207 αὐτὸ
1730 1157 1972 1209 κατιδεῖν
2001 1155 2079 1226 τῷ

502 1240 729 1309 πιστοὺς
767 1239 1087 1309 ὀφθαλμοὺς
1127 1242 1327 1312 ῐχοντι.
1368 1243 1536 1313 Ὀμοῦ
1565 1261 1625 1298 τε
1669 1244 1780 1316 γὰρ
1821 1247 2082 1316 βαπτιζό-

503 1324 663 1393 μεθα.
702 1329 791 1380 καὶ
832 1330 974 1400 ὑπὲρ
1003 1334 1095 1385 τὸν
1123 1333 1331 1404 ἥλιονή
1362 1334 1510 1406 ψυχὴ
1536 1335 1768 1404 λάμπει,
1794 1339 1873 1409 τῷ
1906 1340 2081 1393 Πνεύ-

502 1432 637 1480 ματι
697 1420 1097 1495 καθαιρομένη.
1151 1428 1262 1480 Καὶ
1294 1428 1354 1481 ού
1409 1428 1571 1497 μόνον
1598 1430 1817 1501 ὁρῶμεν
1866 1433 1949 1493 είς
1980 1434 2081 1504 τὴν

494 1508 798 1592 δ’ἱξιθποῦ
844 1514 1000 1581 Θεοῦ,
1045 1517 1184 1572 ἀλλά
1238 1521 1334 1574 καὶ
1377 1523 1588 1576 ἐκεῖθεν
1640 1523 1911 1594 δεχόμεθά
1958 1543 2083 1579 τινα

497 1601 714 1670 αἴγλην.
749 1603 963 1672 ’Ὠσπερ
1016 1609 1126 1678 γὰρ
1155 1611 1204 1663 εί
1236 1611 1481 1682 ἄργυρος
1521 1613 1762 1685 καθαρὸς
1812 1614 1949 1684 πρὸς
1981 1617 2080 1681 τὰς

497 1692 724 1750 ἀκτῖνας
751 1697 1024 1767 κείμενος,
1055 1703 1149 1755 καὶ
1176 1707 1340 1768 αὐτὸς
1361 1706 1588 1770 ἀκτῖνας
1610 1707 1949 1777 ἐκπέμψειεν
1978 1710 2081 1763 οὐκ

499 1785 610 1838 ἀπὸ
648 1788 745 1855 τῆς
786 1792 995 1855 οῗκείας
1034 1793 1252 1861 φύσεως
1302 1798 1485 1867 μόνον,
1518 1798 1657 1852 ἀλλά
1703 1800 1795 1853 καὶ
1839 1800 1947 1853 ἀπὸ
1976 1801 2080 1870 τῆς

2185 589 2362 660 ὅψεως
2389 591 2556 645 αὐτοῦ
2582 593 2907 663 ἠμαύρωσε,
2932 595 3059 656 τοὺς
3081 595 3137 649 δέ
3163 596 3470 667 ὀφθαλμοὺς
3491 601 3588 670 τῆς
3612 619 3725 673 καρο

2183 683 2303 747 δίας
2333 682 2623 752 ἐφώτισεν.
2656 685 2732 739 Οὐ
2762 686 2869 758 γάρ
2896 692 3065 759 χωρεῖ
3098 688 3301 759 σαρκὸς
3329 691 3517 758 ὅρασις
3544 695 3724 748 ἐκείνου

2182 775 2278 828 τοῦ
2312 776 2494 844 φωτὸς
2518 777 2616 847 τὴν
2638 778 2897 848 δύναμιν.
2926 780 3100 834 Τοῦτο
3126 784 3186 835 τὸ
3218 783 3327 853 πῦρ
3356 783 3510 859 ὤφθη
3542 786 3725 856 Μωῦσῇ

2183 866 2241 919 ἐν
2267 868 2334 937 τῇ
2372 866 2539 936 βάτῳ.
2566 868 2738 923 Τοῦτο
2764 871 2823 925 ἐν
2863 871 2995 926 εῖδει
3022 874 3301 943 ὀχήματος
3336 876 3426 928 τὸν
3471 876 3647 933 Ἠλίαν
3674 881 3729 930 ἐκ

2181 960 2280 1029 τῆς
2312 960 2419 1029 γῆς
2450 962 2765 1032 ἀνήρπασε.
2787 963 2993 1018 Τούτου
3019 964 3113 1018 τοῦ
3143 966 3313 1035 πυρὸς
3344 966 3442 1036 τὴν
3474 969 3729 1036 ἐνέργειαν

2184 1050 2362 1123 ζητῶν
2386 1054 2414 1106 6
2449 1055 2723 1124 μακάριος
2750 1056 2919 1109 Δαδὶδ
2948 1057 3126 1122 ἔλεγε,
3158 1059 3495 1128 Δοκίμασόν
3514 1077 3600 1130 με,
3633 1063 3731 1116 Κύ-

2174 1161 2297 1213 ριε,
2347 1145 2446 1199 καί
2478 1147 2774 1215 πείρασόν
2823 1164 2921 1216 με.
2961 1150 3256 1219 ιιύρωσοιι⁹
3308 1151 3450 1217 τοὺς
3496 1154 3731 1220 νεφρούς

2178 1255 2299 1306 μου
2329 1238 2428 1292 καί
2461 1238 2578 1307 τὴν
2608 1239 2862 1309 καρδίαν
2887 1259 3029 1311 μου.
3058 1243 3230 1296 Τοῦτο
3264 1244 3322 1297 τὸ
3359 1244 3468 1313 πῦρ
3494 1244 3588 1315 τὴν
3616 1263 3734 1313 καρ-

2183 1331 2304 1385 δίαν
2330 1332 2555 1388 Κλεόπα
2586 1334 2682 1388 καὶ
2708 1333 2802 1387 τοῦ
2833 1335 2932 1389 σὺν
2960 1335 3112 1403 αὐτῷ
3142 1336 3433 1405 ἐθέρμανε,
3467 1336 3731 1397 λαλοῦντος

2182 1424 2277 1478 τοῦ
2318 1424 2572 1494 Σωτῆρος
2605 1424 2789 1488 αὐτοῖς
2811 1425 2952 1496 μετά
2974 1426 3074 1497 τὴν
3102 1427 3167 1480 ἐκ
3197 1428 3408 1498 νεκρῶν
3432 1428 3730 1482 ἀνάστασιν.

2181 1516 2295 1570 Καὶ
2314 1517 2365 1569 οί
2389 1515 2614 1585 ἄγγελοι
2642 1515 2697 1570 δὲ
2719 1517 2905 1572 καὶτὰ
2932 1516 3288 1588 λειτουργικά
3323 1519 3605 1589 πνεύματα
3627 1518 3732 1572 τού-

2182 1625 2278 1663 του
2304 1607 2400 1662 τοῦ
2429 1609 2603 1679 πυρὸς
2631 1609 2942 1679 μετέχουσι,
2972 1609 3121 1664 κατά
3159 1612 3219 1663 τὸ
3249 1612 3646 1681 γεγραμμένον,
3681 1612 3735 1665 'O

2182 1699 2375 1756 ποιῶν
2406 1700 2551 1767 τοὺς
2579 1700 2882 1771 ἀγγέλους
2915 1702 3109 1757 αὐτοῦ
3148 1704 3462 1771 πνεύματα
3490 1703 3584 1757 καί
3613 1702 3735 1767 τοὺς

2180 1791 2574 1861 λειτουργοὺς
2619 1786 2809 1847 αὑτοῦ
2842 1792 3036 1862 πυρός
3076 1793 3296 1864 φλόγα.
3336 1794 3510 1849 Τοῦτο
3554 1794 3612 1848 τὸ
3639 1793 3733 1864 πῦρ

496 1875 849 1950 λαμπηδῦνος
877 1885 980 1952 τῆς
1027 1887 1283 1957 ἡλιακῆς,
1334 1889 1479 1944 οὕτω
1508 1892 1607 1946 καὶ
1636 1893 1670 1963 ἡ
1714 1892 1861 1964 ψυχὴ
1889 1893 2084 1947 καθαι-
2115 1882 2159 1939 Β
2185 1885 2288 1954 τὴν
2318 1886 2376 1936 ἐν
2407 1883 2488 1953 τῷ
2527 1883 2794 1956 ὀφθαλμῷ
2825 1884 2983 1939 δοκὸν
3025 1889 3348 1953 κατακαῖον,
3396 1888 3629 1956 καθαρὸν
3657 1887 3733 1939 τὸν

500 1970 731 2038 ρομένη.
765 1972 862 2025 καὶ
914 1976 1162 2046 ἀργύρου
1204 1978 1564 2053 λαμπροτέρα
1597 1986 1882 2056 γινομένη,
1928 1985 2081 2056 δέχε-

495 2077 588 2114 ται
616 2063 810 2117 ἀκτῖνα
843 2067 950 2120 ἀπὸ
984 2070 1083 2138 τῆς
1122 2072 1284 2143 δόξης
1310 2074 1404 2128 τοῦ
1435 2076 1776 2146 Πνεύματος,
1826 2077 1921 2131 καὶ
1954 2077 2082 2132 ταύ-

494 2169 595 2221 την
630 2155 984 2228 ἀντιπέμπει.
1026 2163 1119 2217 Διὸ
1145 2167 1240 2219 καί
1272 2185 1432 2237 φησι,
1479 2188 1499 2221 ι
1544 2170 2078 2242 Κατοπτριζόμενοι.

490 2244 591 2315 τὴν
625 2250 800 2321 αὐτὴν
851 2254 1040 2308 εἰκόνα
1084 2260 1588 2329 μεταμορφούμεθα
1621 2262 1730 2315 ἀπὸ
1773 2262 1931 2329 δόξης
1983 2264 2080 2319 τοῦ

488 2336 631 2391 Πνεύ
641 2359 812 2409 ματος
837 2346 919 2410 είς
945 2347 1105 2412 δόξαν
1129 2352 1229 2420 τὴν
1255 2352 1539 2421 ἡμετέραν
1564 2352 1663 2423 τὴν
1689 2355 2076 2425 ἐγγινομένηνν

488 2431 587 2484 καὶ
617 2436 895 2506 τοιαύτην,
930 2440 1051 2495 οἵαν
1077 2442 1230 2507 είκὸς
1274 2444 1385 2498 ἀπὸ
1428 2447 1638 2516 Κυρίου
1667 2447 2013 2517 Πνεύματος.
2052 2467 2070 2500 ι

490 2524 604 2579 Καὶ
644 2529 850 2582 πάλινο
899 2531 1090 2587 Βούλει
1136 2553 1218 2589 σοι
1266 2535 1431 2602 δείξω
1488 2538 1647 2592 τοῦτο
1699 2542 1794 2593 καὶ
1826 2539 1936 2593 ἀπὸ
1968 2539 2077 2593 τῶν

487 2616 809 2675 ἀποστόλων
846 2624 1350 2697 αίσθητικώτερονς
1395 2629 1686 2700 Ἐννόησον
1729 2631 1964 2693 Παῦλον,
2012 2626 2073 2684 06

489 2707 562 2760 τά
594 2709 786 2777 ίμάτνα
832 2714 1089 2784 ἐνήργει·
1121 2719 1352 2788 Πέτρον,
1387 2716 1449 2775 06
1476 2723 1535 2775 αί
1583 2722 1735 2776 σκιαὶ
1772 2723 1980 2794 ἴσχυον·
2012 2724 2075 2778 οὗ

493 2800 604 2868 γὰρ
628 2802 713 2866 ἂν,
748 2807 797 2858 εί
820 2807 893 2877 μὴ
921 2808 1196 2874 Βασιλέως
1225 2811 1423 2882 ἔφερον
1452 2814 1641 2870 εἰκόνα
1659 2816 1755 2870 καὶ
1791 2817 2077 2885 ἀπρόσιτοι

487 2885 631 2961 ἦσαν
663 2895 847 2949 αὐτῶν
877 2900 935 2950 αί
965 2905 1358 2971 μαρμαρυγαὶ,
1389 2905 1647 2960 τοσοῦτον
1671 2912 1740 2960 τά
1764 2908 1956 2974 ίμάτια
1983 2910 2079 2962 αύ-

487 2984 597 3037 τῶν
629 2988 683 3041 αί
721 2992 872 3044 σκιαὶ
896 2992 1231 3064 ἐνήργησαν.
1269 2996 1546 3061 Βασιλέως
1588 2998 1699 3068 γάρ
1722 3000 1818 3053 καὶ
1845 3000 1914 3053 τά
1946 3002 2077 3069 ίμά-

459 3084 581 3132 ’τια
606 3082 721 3142 τοῖς
753 3082 978 3153 λῃσταῖς
1024 3088 1143 3141 ἐστι
1176 3090 1407 3160 φοϐερά.
1456 3090 1651 3154 Θέλεις
1694 3093 1823 3147 ίδεῖν
1858 3095 1954 3148 καὶ
1984 3095 2075 3148 διά

485 3172 582 3225 τοῦ
638 3173 890 3244 σώματος
951 3179 1280 3248 λάμπουσαν
1336 3184 1583 3255 ταύτηνς
1658 3187 2070 3254 Ἀτενίσαντες,
2099 3230 2146 3293 C

488 3268 657 3293 ...ι-ἱ..
715 3268 795 3293 ..1,
820 3271 875 3293 -x
912 3271 1163 3293 _.1.U_~
1197 3291 1201 3293 _
1233 3276 1272 3293 ut
1318 3292 1323 3293 ,
1394 3277 1408 3293 ο
1601 3272 1654 3293 νυ.
1760 3278 1775 3293 ο
1954 3280 1967 3293 ο

487 3268 678 3335 φησὶν,
714 3268 795 3331 είς
820 3271 879 3322 τὸ
909 3271 1203 3340 πρόσωπον
1233 3276 1534 3342 Στεφάνου,
1573 3272 1716 3333 εἶδον
1745 3278 1822 3344 ὡς
1863 3280 2079 3349 πρόσω-

487 3377 590 3413 πον
642 3361 898 3429 ἀγγέλου.
945 3363 1088 3418 Ἀλλ’
1139 3366 1295 3421 οὐδὲν
1322 3368 1483 3423 τοῦτο
1531 3371 1669 3438 πρὸς
1720 3373 1821 3439 τὴν
1862 3371 2076 3428 ἔνδοθεν

484 3449 912 3519 ἀστράπτουσαν
949 3455 1132 3521 δόξαν.
1169 3458 1350 3528 Ὅπερ
1402 3459 1511 3530 γὰρ
1560 3462 1804 3533 Μωῦσῆς
1847 3463 1942 3517 ἐπὶ
1977 3464 2074 3517 τοῦ

487 3544 788 3609 προσώπου
830 3542 968 3617 εἶχε,
996 3549 1158 3620 τοῦτο
1191 3550 1339 3604 οὗτοι
1363 3552 1455 3605 ἐπὶ
1485 3552 1588 3622 τῆς
1612 3553 1793 3625 ψυχῆς
1814 3554 2074 3625 περιέφε-

489 3656 585 3708 ρον
605 3659 616 3669 ·
653 3642 855 3710 μᾶλλον
884 3643 941 3696 δὲ
971 3645 1069 3697 καὶ
1097 3643 1279 3716 πολλῷ
1309 3646 1495 3703 πλέον.
1535 3648 1608 3701 Τὸ
1634 3649 1735 3719 μὲν
1764 3650 1875 3720 γάρ
1906 3652 2073 3707 Μωῦ-

486 3729 630 3792 σέως
653 3732 1123 3805 αἰσθητικώτερον
1148 3730 1239 3807 ἦν,
1279 3735 1440 3790 τοῦτο
1470 3738 1527 3793 δὲ
1558 3739 1875 3810 ἀσώματον.

553 3822 745 3896 Τούτῳ
782 3825 992 3895 συνῳδά
1031 3829 1126 3882 καί
1170 3829 1451 3894 Πασίλειος
1492 3831 1521 3883 6
1552 3831 1727 3901 μέγας
1762 3833 2071 3904 φιλοσοφῶν

483 3918 614 3985 περὶ
651 3916 745 3979 τοῦ
778 3917 926 3971 θείου
959 3918 1154 3973 τούτου
1193 3922 1395 3991 φωτὸς,
1443 3923 1541 3976 καὶ
1570 3923 1792 3986 δεικνὺς
1818 3924 1897 3989 ὡς
1935 3926 2076 3981 αὐτὸ

481 4008 630 4063 τοῦτ’
662 4011 780 4064 ἐστὶ
803 4011 865 4066 τὸ
896 4011 1040 4081 μέγα
1065 4013 1167 4083 τῆς
1198 4015 1444 4087 μεγάλης
1476 4017 1709 4088 Τριάδος
1734 4021 1831 4073 καὶ
1855 4020 2069 4091 ἀπρόσ-

485 4120 598 4155 ιτον
630 4103 746 4172 φῶς
788 4105 821 4169 ή
858 4104 1065 4176 φυσικὴ
1109 4104 1205 4159 τοῦ
1262 4106 1584 4178 Πνεύματος
1625 4109 1902 4180 ἐνέργεια,
1940 4112 2008 4184 ἢν
2041 4114 2069 4167 6

479 4193 720 4264 Χριστὸς
771 4196 1041 4267 πρότερον
1077 4196 1180 4264 μὲν
1225 4199 1341 4262 τοῖς
1385 4199 1579 4268 λογάσι
1610 4200 1720 4255 τῶν
1747 4202 2067 4258 ἀποστόλων

478 4288 575 4343 ἐπὶ
602 4288 698 4343 τοῦ
724 4288 905 4360 ὅρους,
939 4291 1170 4360 ὕστερον
1206 4291 1251 4346 δ’
1281 4293 1343 4345 ἐν
1373 4293 1451 4364 τῷ
1510 4294 1751 4367 ὑπερῴῳ
1794 4298 1907 4360 τοῖς
1944 4296 2067 4350 δυο-

477 4380 711 4434 καίδεκα
757 4382 1115 4454 κατέπεμψεν
1153 4387 1211 4439 ἐν
1258 4385 1391 4440 είδει
1439 4386 1686 4456 πυρίνων
1718 4386 2000 4455 γλωσσῶν,
2037 4387 2065 4440 6

477 4473 541 4539 δὴ
572 4475 662 4526 καὶ
715 4473 984 4542 ἀγγέλους
1017 4476 1114 4528 καὶ
1164 4478 1453 4548 προφήτας
1497 4480 1592 4531 καὶ
1633 4479 1967 4544 ἀποστόλους
1995 4479 2065 4534 δι’

478 4566 719 4635 ἀρειητον
748 4567 1065 4635 οἰκονομίαν
1109 4586 1169 4622 τε
1202 4570 1298 4622 καὶ
1347 4571 1767 4642 φιλανθρωπίαν
1808 4572 2068 4642 θεουργεῖ
2096 4585 2141 4643 ο

478 4661 571 4709 ra".
600 4659 827 4726 φωτίζει
886 4661 1086 4730 παρὸν,
1126 4663 1185 4714 ἐν
1229 4663 1329 4731 μὲν
1362 4664 1473 4725 τοῖς
1524 4664 1848 4734 ἀσκητικοῖς
1893 4667 2061 4719 αὐτοῦ

477 4750 681 4818 λόγοις,
734 4753 800 4804 Ὢ
850 4752 1143 4823 σύμφωνος
1195 4755 1456 4807 κοινωνία
1504 4755 1726 4825 νύμφης
1788 4755 1929 4824 πρὸς
1970 4758 2079 4835 τὸν,

477 4846 749 4914 νυμφίονί
787 4847 943 4915 φησί.
991 4847 1246 4917 Μίμησαι
1290 4847 1520 4919 ταύτην,
1565 4842 1611 4902 ὦ
1640 4849 1851 4909 τέκνον,
1890 4851 2060 4920 μίμη-

478 4951 592 4997 σιι,
622 4936 763 5003 πρὸς
798 4935 967 5006 μηδὲν
994 4936 1186 5008 ἕτερον
1219 4938 1500 5009 ἀφορῶνῆ
1535 4941 1673 5008 πρὸς
1701 4941 2060 5017 τὸνθείπόντα,

480 5029 603 5094 [If-9
637 5026 832 5096 ἦλθον
855 5030 1081 5093 ,βαλεῖν
1131 5031 1229 5084 ἐπὶ
1266 5032 1378 5100 τῆς
1412 5032 1545 5101 γῆς.
1579 5033 1678 5087 καί
1720 5036 1778 5088 τί
1805 5033 1978 5096 θέλω,
2009 5037 2064 5088 εὶ

476 5118 594 5185 ἤδη
624 5121 901 5188 ἀνήφθω
938 5121 1092 5174 Ἔστι
1128 5122 1235 5194 γὰρ
1268 5122 1515 5193 πύρωσις
1551 5124 1894 5195 Πνεύματος,
1931 5126 2064 5179 ἀνα-

479 5213 815 5284 ζωπυροῦσα
845 5214 1093 5284 καρδίαν,
1123 5214 1258 5269 διότι
1301 5216 1465 5271 ἀῦλον
1495 5217 1589 5271 καὶ
1628 5216 1773 5270 θεῖον
1805 5217 1917 5289 πῦρ
1950 5235 2064 5280 φω-

475 5306 650 5372 τίζειν
681 5305 782 5375 μὲν
807 5305 987 5376 ψυχὰς
1016 5306 1199 5375 εἴωθε,
1231 5309 1328 5360 καὶ
1365 5309 1684 5379 δοκιμάζειν
1718 5309 1910 5379 ὥσπερ
1941 5312 2063 5365 ἀδο-

476 5398 568 5453 λον
597 5397 825 5470 χρυσίον
854 5400 912 5450 ἐν
935 5399 1174 5473 καμίνῳ,
1207 5402 1411 5457 κακίαν
1436 5401 1491 5456 δὲ
1526 5403 1844 5457 ἀναλίσκειν
1871 5403 2062 5476 ὥσπερ

479 5493 726 5555 ἀκάνθας
761 5491 855 5545 καὶ
890 5492 1187 5565 καλάμηνί
1212 5494 1272 5548 '0
1312 5497 1422 5566 γὰρ
1457 5495 1590 5559 Θεὸς
1619 5495 1776 5566 ημῶν
1806 5492 1919 5555 πῦρ
1960 5512 2064 5550 κα-

476 5587 806 5640 ταναλίσκον
859 5586 999 5654 ἐστὶ,
1032 5587 1211 5653 6:606;
1261 5588 1547 5657 ἐκδίκησιν
1579 5590 1638 5641 ἐν
1681 5587 1845 5657 φλογὶ
1890 5588 2063 5660 πυρὸς

477 5680 596 5742 τοῖς
628 5677 704 5748 μὴ
734 5677 934 5734 εἱδὶσιν
972 5680 1159 5744 αὐτὸν,
1196 5682 1290 5735 καὶ
1330 5682 1446 5744 τοῖς
1493 5679 1569 5751 μὴ
1606 5679 1945 5734 ὑπακούουσι
1985 5678 2063 5751 τῷ

478 5768 806 5840 Εὖπγγελίῳ
835 5771 1024 5827 αὐτοῦ.
1065 5770 1237 5827 Τοῦτο
1269 5772 1330 5825 τὸ
1373 5770 1487 5841 πῦρ
1523 5772 1829 5841 ἐνήργησεν
1866 5773 1925 5825 ἐν
1949 5774 2063 5836 τοῖς

482 5859 828 5923 ἀποστόλοις.
858 5865 1019 5926 ἡνίκα
1039 5864 1265 5920 ἐλάλουν
1292 5865 1550 5926 πυρίναις
1575 5861 1869 5926 γλώσσαις.
1891 5861 2062 5918 Τοῦτο

2184 1976 2312 2031 νοῦν
2357 1975 2833 2049 ἀποκαθίστησιν,
2867 1977 2955 2031 ἵνα
2988 1978 3051 2032 τὸ
3094 1979 3238 2034 κατά
3286 1981 3451 2047 φύσιν
3488 1979 3735 2035 ἀπολαδὸν
3818 1995 3825 2009 ι

2187 2066 2528 2134 διορατικὸν,
2557 2066 2634 2138 μὴ
2664 2068 2727 2122 τὸ
2753 2069 2811 2121 ἐν
2836 2068 2916 2139 τῷ
2939 2068 3203 2140 ὀφθαλμῷ
3230 2070 3325 2124 τοῦ
3357 2070 3587 2140 ἀδελφοῦ
3616 2073 3734 2139 κάρ-

2183 2176 2284 2229 φος
2312 2161 2436 2230 ὁρᾷ,
2465 2160 2601 2215 ἀλλά
2623 2160 2893 2232 διηνεκῶς
2914 2162 2983 2215 τά
3020 2162 3133 2233 :06“
3155 2160 3295 2216 Θεοῦ
3330 2162 3610 2232 θαυμάσια
3652 2180 3733 2217 κα·

2180 2254 2372 2321 τανοῇ,
2432 2253 2574 2307 κατά
2627 2253 2723 2307 τὸν
2786 2253 3018 2321 λέγοντα
3054 2270 3069 2284 ⁶
3140 2256 3570 2326 Ἀποκάλυψον
3615 2256 3731 2321 τοὺς

2182 2343 2537 2413 ὀφθαλμούς
2557 2361 2699 2415 μου,
2732 2344 2832 2398 καί
2855 2345 3219 2414 κατανοήσω
3256 2347 3328 2402 τὰ
3358 2346 3655 2418 θαυμάσια
3679 2347 3731 2401 ἐκ

2181 2439 2290 2493 τοῦ
2317 2439 2508 2507 νόμου
2539 2452 2679 2494 σου.
2717 2439 2890 2495 Τοῦτο
2917 2439 2981 2493 τὸ
3004 2439 3119 2511 πῦρ
3145 2439 3420 2509 δαιμόνων
3444 2440 3559 2493 ἐστὶ
3582 2455 3730 2507 φυγα-

2179 2528 2487 2599 δευτήρίον,
2521 2530 2618 2584 καὶ⁵
2647 2533 2852 2596 κακίας
2875 2531 3056 2601 πάσης
3097 2532 3456 2597 ἀναλωτικὸν,
3489 2530 3729 2603 ἁμαρτίας

2180 2608 2569 2694 ἀναιρετικὸν,
2618 2624 2973 2689 ἀναστάσεως
3023 2625 3280 2693 δύναμις,
3335 2627 3435 2680 καὶ
3465 2624 3730 2684 ἀθανασίας

2180 2713 2459 2783 ἐνέργεια,
2497 2715 2688 2786 ψυχῶν
2720 2715 2895 2783 ἀγίων
2941 2717 3247 2786 φωτισμὸς,
3282 2719 3382 2771 καὶ
3410 2716 3633 2783 λογικῶν
3657 2713 3729 2767 δυ-

2183 2804 2403 2875 νάμεων
2437 2806 2726 2871 σύστασις.
2759 2808 2932 2861 Τοῦτο
2972 2809 3072 2864 καὶ
3113 2810 3279 2879 ἡμεῖς
3308 2808 3592 2877 εύξώμεθα
3619 2805 3728 2875 φθά-

2184 2911 2277 2948 σαι
2317 2896 2414 2950 καὶ
2444 2899 2526 2961 εἰς
2559 2899 2730 2966 ἡμᾶς,
2763 2899 2850 2951 ῖνα
2881 2899 3116 2955 πάντοτε
3148 2901 3207 2953 ἐν
3237 2899 3314 2969 τῷ
3340 2901 3483 2968 φωτὶ
3525 2913 3731 2969 περιπα-

2176 2985 2422 3052 τοῦντες,
2477 2988 2750 3060 μηδέποτε
2781 2991 2891 3042 κάν
2921 2990 3059 3061 πρὸς
3109 2990 3281 3063 βραχὺ
3330 2993 3729 3063 προσκόψωμεν.

2260 3079 2350 3132 Ἐν
2381 3080 2438 3133 δέ
2482 3083 2560 3150 τῇ·
2585 3086 2725 3159 κατὰ
2755 3082 2850 3136 τὸν
2880 3085 3172 3155 προφήτην
3208 3083 3449 3139 ’Πσαῖαν
3500 3083 3731 3154 ἐξηγήσει

2176 3170 2306 3224 τάδε
2364 3172 2533 3243 φησίν
2558 3188 2573 3204 ο
2613 3174 2826 3245 Ἡμέρα
2873 3175 2933 3229 δέ
2964 3177 3112 3230 ἐστιν
3136 3175 3280 3245 αὕτη
3306 3178 3369 3230 ἐν
3404 3172 3731 3251 ﬁmum:

2177 3259 2207 3311 6
2228 3258 2362 3324 Θεὸς
2396 3261 2538 3331 μετά
2568 3261 2749 3333 δόξης,
2783 3266 2924 3337 αὐτὴ
2951 3265 3020 3337 ἢν
3050 3268 3197 3321 ποιεῖ
3222 3268 3250 3319 6
3280 3267 3384 3338 τῆς
3415 3266 3731 3335 δικαιοσύνης

2177 3350 2353 3421 ἥλιος.
2385 3354 2414 3406 ὁ
2453 3353 2658 3423 Κύριος
2687 3358 2871 3429 ἡμῶν,
2899 3361 2927 3413 6
2956 3360 3222 3416 διδάσκων
3265 3363 3401 3432 περὶ
3436 3360 3624 3416 ἑαυτοῦ
3661 3361 3731 3413 ὅτι

2176 3442 2285 3509 ἕως
2342 3446 2490 3500 ἐστὶν
2538 3449 2598 3501 ἐν
2630 3449 2708 3519 τῷ
2767 3451 2961 3524 κόσμῳ
2986 3452 3101 3523 φῶς
3142 3453 3239 3508 τοῦ
3267 3454 3477 3527 κόσμου
3510 3456 3638 3518 ἐστὶ,
3662 3454 3730 3505 διὸ

2175 3536 2273 3590 καὶ
2340 3537 2576 3610 παρῄνει
2634 3541 2970 3612 ἐργάζεσθαι
3037 3544 3146 3609 ἕως
3204 3546 3393 3618 ἡμέρα
3451 3548 3583 3601 ἐστί.
3638 3547 3730 3598 Καὶ

2176 3628 2377 3683 πάλινο
2427 3632 2775 3700 Λογιζόμεθα
2827 3634 2888 3688 δέ
2944 3635 3119 3690 ταῦτα
3148 3637 3586 3707 ἐπαγγέλλεσθαι
3628 3639 3727 3696 τοῖς

2174 3720 2348 3789 ἀξίοις
2376 3722 2475 3793 τῆς
2500 3724 2888 3792 ἀναπαύσεως,
2916 3727 3011 3782 ἆτε
3047 3726 3262 3783 πολλῶν
3289 3732 3475 3798 μονῶν
3501 3730 3663 3784 οὐσῶν
3682 3730 3733 3779 ἐν

2173 3816 2240 3884 τῇ
2282 3813 2434 3887 οἰκίᾳ
2490 3815 2583 3869 τοῦ
2644 3817 2895 3889 Πατρὸς,
2947 3818 3044 3874 καὶ
3091 3820 3354 3893 διαφόρου
3406 3821 3727 3893 κληροδοσίας

2171 3905 2552 3979 ἀποκειμένης
2581 3909 2641 3962 ἐν
2660 3912 2727 3983 τῇ
2763 3913 2834 3981 γῇ
2876 3910 2979 3981 τῆς
3018 3913 3412 3985 κληρονομίας,
3447 3914 3513 3986 ἢν
3552 3913 3728 3983 κληρο-

2171 4000 2509 4071 νομήσουσιν
2536 4001 2587 4055 οἱ
2613 4005 2832 4073 πραεῖς.
2870 4005 3130 4059 Τουτέστι
3155 4005 3298 4070 τινες
3327 4009 3431 4077 μὲν
3453 4010 3510 4062 ἐν
3534 4010 3595 4078 τῇ
3621 4023 3728 4075 φαι-

2169 4092 2396 4165 δρότητι
2426 4094 2526 4165 τῆς
2555 4095 2650 4149 τοῦ
2677 4096 2815 4150 Θεοῦ
2856 4099 3205 4168 ἐπιφανείας,
3232 4102 3380 4166 τινὲς
3403 4103 3468 4158 δέ
3516 4102 3614 4155 ὑπὸ
3640 4100 3727 4169 τὴν

2171 4185 2388 4256 σκέπην
2417 4186 2528 4240 τῶν
2555 4188 2828 4258 οὐρανίων
2856 4189 3144 4261 δυνάμεων
3176 4193 3603 4249 ἀναπαύσονται.
3632 4191 3728 4245 Kal

2168 4278 2322 4333 ἄλλοι
2352 4279 2411 4333 ἐν
2444 4282 2513 4351 τῇ
2549 4279 2677 4353 δέξῃ
2720 4284 2786 4355 τῇ
2815 4282 2925 4339 ἀπὸ
2953 4282 3049 4338 τοῦ
3083 4285 3285 4355 φωτὸς,
3308 4285 3388 4351 ὡς
3412 4288 3520 4341 ἀπὸ
3539 4282 3723 4340 καπνοῦ

2167 4377 2635 4451 καλυφθήσονται.
2698 4380 2854 4451 Τάχα
2890 4380 2947 4436 δὲ
2981 4382 3121 4454 αὐτῇ
3184 4383 3285 4454 μέν
3328 4387 3397 4457 τῇ
3445 4384 3580 4439 Σιὼν
3622 4384 3725 4436 ἐπ.-

2167 4467 2376 4539 λάμψει
2408 4468 2471 4523 τὸ
2502 4470 2642 4539 φῶς,
2676 4470 2745 4524 τά
2789 4470 2849 4524 δὲ
2880 4470 3201 4543 περικύκλῳ
3227 4472 3407 4541 αὐτῆς
3446 4468 3725 4541 ἐπιλάμψει

2169 4562 2367 4634 νεφέλη
2398 4563 2635 4634 ἡμέρας,
2676 4564 2799 4635 ἥτις
2828 4562 2930 4617 οὐκ
2954 4563 3180 4618 ἄλλοθεν
3205 4565 3318 4635 ἔχει
3344 4565 3450 4636 τὴν
3479 4552 3725 4634 γένεσινῆ

2172 4655 2273 4709 ἀπ³
2292 4655 2458 4709 αὐτοῦ
2491 4655 2587 4710 τοῦ
2602 4648 2818 4725 φωτός.
2864 4656 2980 4711 Kal
3021 4655 3139 4726 μετ’
3197 4656 3391 4727 ὀλίγαο
3440 4656 3627 4711 Ὅποία
3654 4668 3724 4713 τις

2168 4742 2237 4818 ἦν
2264 4746 2406 4801 κατά
2434 4747 2536 4814 τὴν
2569 4747 2999 4819 μεταμόρφωσιν
3036 4746 3133 4801 τοῦ
3168 4748 3379 4819 Κυρίου
3439 4749 3474 4820 ἡ
3505 4742 3715 4818 φωτεινὴ

2171 4840 2372 4911 νεφέλη
2409 4839 2535 4901 τοὺς
2577 4840 2830 4911 μαθητάς
2862 4841 3191 4912 περιστᾶσα.

2243 4933 2355 4985 Καὶ
2397 4928 2585 4994 αὖθιςο
2631 4925 2802 4993 Οὗτος
2849 4932 3031 4985 τοίνυν
3060 4934 3087 4985 6
3132 4931 3263 4997 λαὸς
3290 4933 3320 4987 6
3347 4933 3407 4987 ἐν
3440 4936 3507 5004 τῇ
3557 4927 3718 4996 ἐθνικῇ

2172 5025 2367 5093 ἀγνοίᾳ
2398 5023 2778 5093 ἐσκοτωμένος
2809 5017 2919 5076 εἶδε
2971 5023 3111 5092 φῶς,
3146 5024 3245 5095 οὐχ
3274 5019 3387 5079 οἷον
3411 5023 3470 5079 τὸ
3509 5023 3611 5078 ἀπὸ
3636 5037 3720 5073 πυ·

2174 5118 2291 5189 ρὸς,
2320 5117 2441 5170 οὐδέ
2477 5112 2591 5171 οἷον
2624 5116 2687 5170 τὸ
2712 5116 2823 5170 ἀπὸ
2850 5115 3159 5189 ἀστέρωνῆ
3192 5116 3446 5190 σελήνης,
3477 5116 3592 5170 οὐδὲ
3625 5106 3718 5166 οἷον

2168 5212 2232 5265 τὸ
2258 5210 2484 5283 ἡλιακὸν
2512 5210 2544 5281 ἢ
2573 5210 2938 5282 ἀστραπαῖον,
2962 5209 3100 5263 ἀλλά
3125 5209 3242 5279 φῶς
3268 5212 3433 5282 μέγα,
3459 5210 3488 5264 6
3513 5210 3603 5264 καὶ
3621 5219 3717 5272 νοη-

2169 5304 2280 5365 τοῖς
2314 5301 2620 5371 ἐπιλάμπει
2647 5301 2743 5355 καὶ
2767 5299 3074 5372 αἰσθητοῖς,
3101 5300 3130 5355 6
3152 5304 3248 5357 καὶ
3296 5302 3471 5374 Πατρὶ
3506 5299 3713 5359 σύνεστι,

2170 5397 2267 5450 καὶ
2303 5395 2568 5463 ἀγγέλους
2613 5393 2862 5463 φωτίζει,
2915 5395 3013 5448 καὶ
3069 5394 3397 5467 ἀνθρώπους
3440 5389 3717 5463 φαιδρύνει,

2170 5491 2267 5544 καὶ
2295 5490 2465 5543 πᾶσιν
2513 5489 2767 5557 ἐπαρκεῖ,
2794 5487 2892 5540 καὶ
2926 5485 3009 5540 ἐτι
3043 5488 3243 5542 ἑαυτοῦ
3286 5488 3385 5552 τάς
3428 5485 3593 5555 αὐγὰς
3619 5480 3714 5550 ἔχει

2172 5578 2637 5652 ύπερτεινομένας
2669 5577 2807 5647 πρὸς
2835 5578 2898 5630 τὸ
2938 5577 3147 5635 πλεῖον.

2200 5720 2209 5730 .
2255 5675 2317 5727 Ὀ
2345 5673 2402 5730 δὲ
2432 5670 2575 5733 θεῖος
2619 5666 2776 5733 αὖθις
2810 5669 3224 5742 Χρυσόστομος,
3259 5670 3340 5723 Τὰ
3377 5667 3593 5737 σώματα
3621 5659 3713 5713 τῶν

2173 5763 2635 5837 εὖηρεστηκότων
2680 5761 2757 5831 τῷ
2784 5761 2925 5828 Θεῷ,
2970 5768 3127 5833 φησὶ,
3162 5760 3429 5830 τοσαύτην
3463 5754 3711 5810 ἐνδύσεται

2172 5858 2354 5926 δόξαν,
2396 5859 2528 5927 ὅσην
2562 5840 2717 5911 ούδέν
2755 5854 2880 5909 ἰδεῖν
2915 5856 2995 5909 ἔνι
3039 5862 3248 5921 τούτοις
3283 5856 3390 5918 τοῖς
3420 5844 3709 5918 ὀφθαλμθτὶο
