4046 6434
303 432 444 497 1085

1045 439 1348 501 CONTRA
1402 439 1834 502 GREGORAM
1882 435 2643 499 ANTIRRHETICORUM
2677 434 2784 498 XI.

3423 423 3562 492 1086

299 551 418 606 Καὶ
461 548 669 603 τούτων
701 552 832 620 ἡμῖν
868 553 1072 622 σημεῖά
1097 573 1220 608 τινα
1254 557 1350 610 καὶ⁵
1385 557 1507 626 ίχνη
1538 557 1760 627 ἀμυδρά
1787 557 1884 610 καὶ
1911 559 1958 617 Α
1989 555 2183 618 εἰπεῖν,
2214 554 2316 607 οὑκ
2348 553 2416 608 ἂν
2439 553 2500 605 τὸ
2523 551 2738 619 λογικόν
2775 565 2880 601 που
2929 545 3160 617 συσταίη
3193 543 3556 613 ὑποκειμένου

303 646 366 698 ἐν
395 645 461 714 τῇ
495 643 705 712 Παλαιᾷ
751 644 848 697 καὶ
878 645 936 698 ἐν
969 648 1035 716 τῇ
1070 647 1244 716 Καινῇ
1279 649 1500 717 δοθῆναι
1541 649 1883 718 παρεσκεύα-

303 752 400 788 σεν
446 736 474 789 6
519 735 673 798 Θεός.
720 736 872 791 Ἐκεῖ
920 737 1020 807 μὲν
1045 728 1106 792 τὸ
1136 741 1433 810 πρόσωπον
1475 741 1572 795 τοῦ
1603 741 1884 804 Μωῦσέως

302 827 545 901 τοσαύτῃ
577 829 968 898 κατελάμπιτο
989 831 1118 903 δόξῃ
1140 833 1286 896 τότε,
1316 811 1392 897 ὡς
1418 833 1716 904 ἀπρόσιτον
1743 830 1884 886 εἶναι

302 919 418 979 τοῖς
474 917 584 970 τῶν
631 918 982 988 Ἰσραηλιτῶν
1031 920 1368 990 ὀφθαλμοῖς·
1409 924 1468 974 ἐν
1498 923 1554 975 δὲ
1603 925 1670 992 τῇ
1702 923 1882 993 Καινῇ

303 1012 494 1062 τούτου
520 1010 704 1079 πολλῷ
726 1012 886 1064 πλέον
917 1012 1189 1082 ἐξέλαμψε
1221 1013 1283 1065 τδ
1306 1012 1402 1065 τοῦ
1421 1013 1688 1084 Χριστοῦ.
1723 1013 1886 1067 Ἀλλά

302 1103 370 1156 τά
403 1103 504 1172 μὲν
534 1104 852 1172 ἀρκούντως
884 1105 1126 1176 είρήσθω
1151 1124 1167 1140 ο
1215 1107 1608 1174 ἐπανέλθωμεν
1646 1105 1692 1158 δ’
1726 1105 1884 1169 αὖθις

300 1197 438 1272 πρὸς
459 1196 553 1250 τὸν
582 1197 874 1267 φιλόσοφον
903 1199 1031 1262 τοὺς
1052 1199 1196 1252 κατά
1216 1199 1312 1253 τοῦ
1336 1198 1675 1253 Δεσποτικοῦ
1704 1199 1885 1264 φωτὸς

309 1290 673 1360 ἀκουσόμενοί
724 1278 921 1360 λόγους
972 1293 1186 1348 ἐκείνου
1240 1295 1337 1348 καὶ
1385 1294 1485 1363 τὴν
1541 1292 1883 1362 φιλοσοφίαν.

311 1382 538 1450 Εἱσάγει
592 1385 689 1437 καὶ
722 1385 832 1455 γὰρ
871 1385 964 1437 τὸν
1011 1385 1356 1456 ὁμολογητὴν
1400 1387 1497 1438 καὶ
1537 1386 1756 1455 κήρυκα
1787 1383 1887 1450 τῆς

303 1475 589 1538 εὐσεϐείας
636 1475 794 1538 αὖθις
824 1477 1104 1546 Θεόδωρον
1130 1477 1313 1530 τοιάδε
1349 1478 1479 1547 περ)⁵
1528 1477 1624 1529 τοῦ
1655 1477 1754 1542 τῆς
1785 1493 1885 1543 με-

305 1564 720 1635 ταμορφώσεως
755 1565 904 1620 θείου
955 1567 1137 1636 φωτὸς
1171 1567 1309 1636 πρός
1350 1577 1411 1620 τε
1457 1568 1548 1620 τὸν
1594 1566 1886 1636 Παμφίλου

306 1655 572 1708 Εὑσέϐιον
622 1658 720 1709 καὶ
773 1657 902 1718 τοὺς
950 1655 1361 1725 Είκονομάχους
1409 1655 1679 1722 λέγοντα·
1745 1651 1887 1706 Ἀλλ’

301 1749 663 1814 ἐπανακτέον,
719 1749 872 1817 φησὶ,
906 1748 1001 1801 τὸν
1048 1749 1231 1817 λόγον,
1279 1747 1376 1819 καὶ
1426 1747 1695 1816 ζητητέον
1735 1744 1788 1799 τί
1820 1745 1888 1798 ἂν

303 1838 391 1907 εἴη
422 1838 582 1891 τοῦτο
608 1838 671 1891 τὸ
717 1839 834 1907 φῶς
859 1856 874 1871 ο
907 1840 968 1891 οὑ
1003 1838 1116 1908 γάρ
1157 1855 1246 1896 πω
1277 1839 1488 1906 σαφῶς,
1535 1838 1618 1890 ὅτι
1655 1835 1827 1900 ἐστιν,
1861 1835 1889 1887 6

1985 647 2140 710 ἄνευ,
2175 646 2204 698 ὃ
2238 645 2355 697 ἐστι
2385 644 2448 695 τὸ
2475 643 2634 706 ζῶον,
2667 643 2716 694 εί
2765 638 2840 710 μὴ
2875 639 3142 710 πρότερόν
3172 655 3258 700 τις
3306 636 3563 690 ὑπόθοιτο

1984 737 2176 792 οὐσίαν
2222 736 2467 805 ἔμψυχον
2513 733 2864 802 αἰσθητικήν.
2905 731 3016 784 Καὶ
3064 730 3262 783 πάλιν·
3301 727 3464 781 Ἀλλά
3497 727 3562 780 τὸ

1989 827 2090 896 μὲν
2118 826 2360 896 φθαρτὸν
2410 824 2570 876 τοῦτο
2625 821 2952 876 ἐνδύσασθαι
2999 819 3314 888 ἀφθαρσίαν
3363 815 3458 869 καὶ
3503 815 3564 867 τὸ

1987 919 2180 988 θνητὸν
2205 917 2510 972 ἀθανασίαν
2535 917 2564 968 ό
2596 913 2772 984 μέγας
2805 911 3156 982 μυσταγωγεῖ
3202 906 3525 968 Ἀπόστολος
3543 919 3561 938 ⁶

1987 1013 2055 1072 τὸ,
2076 1012 2135 1065 δὲ
2172 1012 2333 1082 σῶμα
2381 1009 2786 1080 ἀσωματότητα
2816 1005 3161 1068 ἐνδύσασθαι,
3190 1001 3222 1074 ἢ
3250 1004 3312 1056 τδ
3346 1001 3564 1054 κτιστὺν

1987 1105 2244 1174 γενέσθαι
2274 1105 2553 1165 ἀκτιστον,
2585 1103 2619 1175 ἢ
2644 1102 2706 1155 τδ
2732 1100 3110 1169 περιγραπτὸν
3139 1097 3218 1158 είς
3260 1098 3566 1164 ἀπεριγρα-

1985 1197 2116 1268 ψίαν
2151 1193 2640 1266 μετατεθήσεσθαι,
2667 1191 2821 1246 οῦπω
2851 1191 2945 1244 καὶ
2969 1189 3067 1242 νῦν
3095 1189 3380 1259 ἦκουσται.
3406 1185 3567 1253 Πρῶ-

1985 1305 2079 1341 τον
2116 1287 2214 1356 μὲν
2249 1285 2344 1339 οὑν
2378 1286 2556 1338 ἐκείνο
2589 1283 2725 1350 πρὸς
2757 1281 3044 1351 Γρηγορᾶν
3081 1277 3176 1330 κα)⁴
3203 1272 3362 1337 αὖθις
3393 1275 3568 1327 εἰπεῖν

1987 1379 2206 1450 ἔχομεν,
2236 1378 2311 1440 ὼς
2347 1377 2455 1430 οὐδ’
2485 1375 2723 1429 ἐνταῦθα
2761 1373 2892 1436 τοὺς
2927 1371 3023 1424 τοῦ
3082 1366 3407 1423 διδασκάλου
3437 1382 3563 1418 του-

1988 1472 2108 1526 τουῖ
2137 1470 2330 1537 λόγους
2372 1468 2448 1532 ὡς
2475 1469 2661 1538 ἔχουσι
2697 1465 2881 1525 καλῶς
2925 1463 3262 1536 προὺθηκεν;
3296 1455 3433 1514 ἀλλά
3465 1458 3569 1511 κάν

1989 1563 2200 1624 τούτοις
2233 1561 2464 1615 πλεῖστά
2515 1576 2640 1612 τινα
2685 1559 2795 1613 τῶν
2842 1555 3159 1625 ἀναγκαίων
3211 1551 3452 1623 ὑφεῖλεν,
3497 1549 3571 1611 ὡς

1991 1656 2112 1718 ἔθος
2147 1654 2321 1722 αὐτῷ,
2373 1656 2442 1724 τῇ
2487 1652 2582 1706 τοῦ
2635 1653 2794 1720 λόγου
2848 1643 3243 1721 λυμηνάμενος
3277 1643 3571 1713 ἀκολουθίᾳ

1993 1745 2095 1799 καὶ
2131 1745 2306 1809 τάξει.

2076 1840 2220 1894 Ἀλλ’
2255 1838 2575 1904 ἐξεταστέον
2622 1837 2720 1890 καὶ
2749 1835 2892 1890 αὑτά
2926 1835 2988 1904 δή
3035 1851 3179 1905 φημι
3213 1832 3389 1886 ταῦτα
3432 1832 3571 1894 τέως
3635 1863 3641 1872 -

307 1929 572 1998 γεννάδας
619 1889 868 1994 ὕπέὲειξε
898 1889 1026 1994 νῧν,.
1053 1889 1136 1984 ὅττι
1175 1929 1251 2001 μὴ
1291 1889 1376 2000 ταῖς
1400 1889 1520 1995 ΘΞῷ
1561 1927 1718 1998 Λόγῳ
1752 1889 1889 1996 πρέ-
1920 1889 1964 1951 Β
1994 1932 2063 1986 τὰ
2707 1889 2910 1979 σκοπδν
2933 1889 3027 1976 κάὶ
3047 1889 3181 1986 ⁸τοίως
3209 1922 3405 1988 λόγους
3435 1889 3574 1973 02m:-

310 2038 414 2075 πον
437 2021 717 2092 προσθείς.
741 2023 1070 2092 Εῑσύστερον
1089 2023 1146 2076 δὲ
1167 2025 1287 2093 ἐρεῖ
1303 2021 1680 2092 ἐκδηλότερον.
1701 2019 1893 2088 Ὅμως

308 2114 448 2183 πρὸς
490 2113 558 2166 τά
585 2114 881 2182 δεδογμένα
931 2114 1081 2184 αὑτῷ
1128 2116 1186 2168 tv
1216 2114 1295 2181 τῷ
1340 2111 1572 2183 παρόντι
1603 2113 1697 2164 τὸν
1736 2111 1894 2178 λόγον

307 2207 474 2276 ἡμεῖς
515 2207 890 2276 ἐξετάσωμεν.
925 2203 1074 2276 Ἀρα
1114 2205 1273 2266 οὐσία
1307 2223 1393 2269 τις
1446 2206 1542 2258 καὶ
1587 2203 1892 2257 ἐνυπόστα-

302 2316 420 2364 τον,
458 2299 586 2353 καθ’
644 2298 780 2352 αὑτὸ
836 2297 1087 2367 ὑφεστὼς
1131 2299 1227 2352 καὶ
1281 2299 1354 2367 μὴ
1411 2297 1670 2366 δεόμενον
1700 2295 1892 2362 ἐτέρου

307 2393 450 2461 πρὸς
468 2391 729 2460 ὓπαρξιν,
761 2390 795 2460 ἢ
826 2391 1052 2458 ποιότης
1085 2391 1380 2459 ἀσώματος
1415 2390 1506 2444 καὶ
1531 2388 1806 2451 ἀνούσιος,
1833 2388 1894 2440 ἐν

305 2482 453 2552 ἄλλῳ
492 2484 555 2536 τδ
585 2479 750 2546 εἶναι,
797 2483 900 2537 οὑκ
930 2485 988 2536 ἐν
1021 2481 1202 2552 ἐαυτῷ
1229 2482 1612 2553 θεωρούμενον
1646 2481 1890 2551 ἐχουσας

321 2577 463 2632 Ἀλλ’
500 2579 548 2631 εί
604 2578 705 2647 μὲν
736 2577 899 2632 ούσία
950 2578 1092 2642 ἐστὶ,
1140 2577 1372 2646 πότερον
1420 2574 1715 2646 ἀγγελικὴ,
1767 2575 1896 2628 ἐπεὶ

307 2673 406 2726 καὶ
435 2671 668 2740 ἄγγελος
699 2669 838 2738 φῶς,
873 2669 1090 2723 καὶτοῦ
1112 2668 1332 2737 πρώτου
1363 2670 1460 2722 καὶ
1489 2668 1757 2722 ἀνωτάτω
1781 2685 1896 2735 φω-

303 2765 402 2827 τὸς
443 2764 782 2834 μαρμαρυγῇ
811 2762 908 2815 καὶ
934 2760 1290 2830 ἀπόλαμψιςς
1329 2748 1475 2814 Ἀλλ’
1507 2761 1611 2814 οὐκ
1643 2760 1712 2814 ἂν
1739 2759 1898 2813 τοῦτο

308 2859 480 2911 εῐποι.
514 2859 627 2911 Καὶ
685 2856 805 2923 μετ’
837 2855 996 2922 ὀλίγα
1022 2869 1038 2887 ⁸
1073 2855 1138 2907 El
1179 2854 1236 2908 St
1271 2853 1392 2906 θεία
1426 2852 1606 2919 οὑσία,
1659 2852 1779 2915 πῶς
1817 2852 1898 2914 είς

199 2943 202 2945 λ
307 2949 476 3004 τοῦτο
504 2949 818 3020 μετῴχετο;
852 2949 916 3002 Εἰ
957 2948 1056 3019 μὲν
1081 2949 1140 3001 ἐν
1167 2948 1277 3017 ίδίᾳ
1307 2947 1612 3000 ὑποστάσει
1641 2947 1736 2999 καὶ
1769 2943 1896 2998 καθ’

309 3040 522 3108 ἑαυτὴν
567 3039 924 3110 θεωρουμένη
975 3036 1310 3106 μετελθοῦσα
1345 3037 1443 3090 καὶ
1487 3031 1602 3089 οἷον
1643 3036 1774 3090 ἄλλο
1803 3037 1900 3088 καὶ

313 3137 488 3191 ῖδικδν
519 3135 906 3206 ἀποτεμομένη
957 3136 1272 3204 πρόσωπον,
1305 3133 1398 3188 καὶ
1429 3134 1512 3196 είς
1542 3133 1644 3203 τὴν
1685 3131 1778 3184 τοῦ
1809 3129 1900 3184 λό-

1999 2024 2194 2095 ρητέον
2219 2021 2313 2076 τοῦ
2339 2019 2692 2083 διδασκάλου,
2720 2020 2816 2070 καὶ
2835 2017 2978 2070 κατά
3007 2016 3153 2077 τίνος
3177 2012 3419 2067 ἐνταῦθα
3444 2014 3573 2064 τού-

1993 2133 2123 2179 τους
2158 2117 2452 2185 παρήγαγε
2506 2112 2818 2182 Γρηγορᾶς.
2867 2107 3008 2176 Ἐγὼ
3057 2108 3167 2176 γάρ
3225 2101 3402 2174 οἶμαι,
3448 2103 3574 2157 καθ’

1997 2207 2196 2264 ἐαυτοῦ
2228 2208 2326 2260 καὶ
2362 2204 2472 2259 τῶν
2496 2201 2771 2274 ὁμοδόξων
2800 2217 2860 2254 τε
2899 2201 2996 2253 καὶ
3038 2198 3368 2268 καθηγητῶν
3406 2196 3476 2248 τά
3510 2212 3576 2262 γε

1997 2301 2226 2355 τοιαῦτα
2253 2296 2611 2368 προενεγκεῖν
2625 2292 2828 2370 αὐτὸν,
2866 2292 2966 2364 οὐκ
3003 2283 3102 2344 οἷδ’
3127 2288 3226 2342 εἰτ’
3252 2286 3572 2354 ἀγνοοῦντα,

1996 2396 2108 2448 εἴτε
2138 2391 2196 2444 δὲ
2243 2390 2340 2443 καὶ
2379 2386 2475 2455 τὴν
2525 2378 2740 2455 αἵρεσιν
2771 2381 3058 2446 παίζοντα,
3112 2375 3274 2443 δείξει
3309 2377 3366 2428 δέ
3420 2376 3515 2429 καὶ
3548 2375 3579 2426 6

1993 2489 2156 2552 λόγος
2205 2476 2390 2544 εὐθύς.
2421 2476 2697 2547 Θεόδωρος
2733 2475 2831 2545 μὲν
2863 2473 2957 2528 οὖν
3005 2475 3034 2527 6
3085 2471 3259 2540 μέγας
3304 2470 3441 2535 πρὸς
3473 2468 3574 2520 τὸν

1998 2575 2290 2648 Παμφίλου
2346 2571 2614 2627 Εύσέϐιον
2671 2567 2882 2622 ἀνωθεν
2915 2565 3007 2618 τὸν
3048 2565 3254 2617 οἰκεῖον
3309 2557 3580 2626 ξυντιθεὶς

1997 2671 2157 2738 λόγον
2185 2685 2246 2720 τε
2279 2665 2376 2718 καὶ
2407 2664 2508 2734 τὴν
2551 2661 2733 2726 δόξαν,
2766 2658 2862 2712 καὶ
2887 2657 2950 2726 δὴ
3001 2657 3097 2709 καὶ
3123 2656 3250 2715 τοὺς
3293 2652 3466 2705 ταῦτα
3495 2668 3580 2702 τι-

2003 2761 2220 2829 μῶντας
2247 2753 2678 2822 Είκονομάχους,
2731 2749 2906 2802 πάλαι
2941 2746 3052 2815 γάρ
3095 2743 3354 2803 Εὐσέϐιος
3390 2740 3488 2792 σύν
3515 2755 3581 2806 γε

1997 2857 2112 2912 τοῖς
2154 2848 2453 2918 ’Λρειανοῖς
2483 2842 2727 2897 ἐκποδὼν
2769 2837 2860 2911 ἦν,
2895 2841 3080 2892 ἐκεῖνα
3103 2837 3240 2905 πρδς
3265 2835 3464 2894 αὑτοὺς
3494 2834 3582 2885 αί-

1998 2944 2183 2996 τιᾶται
2207 2940 2432 3008 γράφων
2451 2953 2465 2968 °
2500 2936 2574 2999 ὡς
2592 2934 2746 2988 Ἐπεὶ
2770 2933 2831 2984 τὺ
2854 2932 3001 2983 θεῖον
3021 2927 3114 2982 τοῦ
3149 2926 3386 2996 Χριστοῦ
3417 2925 3581 2991 σῶμα

1999 3035 2057 3088 ἐν
2088 3051 2152 3102 γε
2189 3035 2256 3102 τῇ
2290 3029 2454 3083 αὑτοῦ
2508 3026 2934 3098 μεταμορφώσει
2977 3017 3459 3091 μεταπεποιῆσθαι
3484 3017 3582 3069 καὶ

2004 3124 2450 3196 μεταϐεϐλῆσθαί
2492 3139 2627 3192 φατε
2657 3120 2793 3190 πρὸς
2821 3118 2966 3172 θεῖόν
3005 3133 3060 3169 τι
3093 3116 3230 3180 φῶς,
3258 3115 3394 3178 ὅπερ
3420 3113 3582 3180 ὑμεῖς

309 3248 420 3309 γου
448 3203 753 3300 διαπρέπον
772 3203 1078 3297 ἐμφέρειαν
1105 3226 1350 3296 μηδεμιᾷ
1378 3224 1488 3277 τῶν
1517 3227 1576 3278 ἐν
1607 3226 1671 3294 τῇ
1703 3222 1896 3291 Τριάδι
1921 3221 1967 3284 C
1999 3222 2211 3290 λέγετε,
2241 3216 2528 3289 ζητητέον,
2559 3214 2715 3282 φησὶ,
2742 3210 2795 3265 τί
2841 3212 2906 3265 ἂν
2936 3209 3020 3280 εἴη
3066 3207 3226 3261 τοῦτο
3262 3207 3322 3259 τὸ
3352 3206 3487 3274 φῶς,
3521 3203 3584 3256 τὸ

307 3321 626 3388 νοουμένων
663 3318 1183 3388 συμπαρυποστᾶσα
1211 3317 1308 3370 καὶ
1334 3317 1668 3386 συμφυεῖσα,
1697 3314 1899 3382 τετράς

311 3411 470 3480 αὑτῷ
495 3413 529 3482 ἡ
559 3409 732 3480 Τριᾶς
774 3407 1219 3462 ἀποτετέλεσται.

390 3507 499 3558 Καὶ
527 3504 694 3573 δρᾶτε
747 3501 823 3562 ὡς
857 3499 1144 3569 φιλότιμος
1186 3498 1316 3568 περὶ
1356 3497 1458 3567 τὴν
1508 3495 1660 3549 θείαν
1712 3495 1901 3549 οὐσίαν

318 3594 582 3656 Εὐσέϐιος
610 3590 903 3662 πληθύνων
933 3587 1173 3657 ἀφθονίᾳ
1203 3587 1557 3640 ὑποστάσεων
1595 3586 1691 3638 καὶ
1722 3583 1902 3648 αὔξων

310 3687 389 3741 τὰ
418 3686 738 3755 ἀπλήθυντα
773 3682 868 3736 καὶ
895 3680 1170 3750 ἀμείωτα,
1201 3679 1297 3730 καὶ
1321 3677 1506 3746 πάσης
1529 3676 1629 3745 τῆς
1649 3675 1902 3728 ὁπωσοῦν

314 3779 566 3845 ὑφέσεως
610 3775 709 3828 καὶ
751 3769 1502 3840 πλεονασμοῦ·παντάπασιν
1543 3767 1900 3821 ἀνεπίδεκτα.

316 3869 386 3923 Εἰ
412 3868 456 3921 δ’
484 3867 564 3928 εἰς
599 3864 698 3935 τὴν
727 3863 821 3916 τοῦ
857 3861 1018 3928 λόγου
1071 3858 1402 3928 συγχυθεῖσα
1433 3857 1530 3911 καὶ
1555 3852 1668 3910 οἷον
1704 3873 1900 3909 συνου-

318 3958 582 4013 σιωθεῖσα
633 3953 914 4025 παρῆλθεν
966 3951 1292 4014 ὑπόστασιν,
1346 3949 1486 4017 μετά
1529 3948 1773 4010 πλείονος
1805 3946 1904 4016 τῆς

320 4052 751 4122 εὐγνωμοσύνης
782 4047 1109 4119 προσθήκην
1138 4045 1231 4098 καὶ
1256 4043 1490 4114 αὔξησιν
1519 4045 1587 4114 τῇ
1612 4042 1712 4096 τοῦ
1741 4042 1904 4108 λόγου

319 4145 714 4217 αὺτῇδίδωσιν
749 4141 1068 4204 ὑποστάσει,
1115 4138 1237 4209 ἥτις
1281 4137 1382 4189 οὑκ
1425 4137 1561 4206 άλλη
1618 4136 1772 4205 παρὰ
1805 4136 1905 4205 τὴν

317 4243 416 4296 τοῦ
444 4239 656 4310 Πατρδς
681 4236 872 4290 οὐσίαν
887 4237 952 4304 τῇ
972 4233 1132 4302 φύσει
1157 4232 1294 4296 ἐστὶ,
1329 4229 1407 4300 τῷ
1438 4227 1903 4299 χαρακτηριστκῷ

321 4337 384 4389 δὲ
423 4336 584 4404 μόνον
633 4331 733 4399 τῆς
773 4329 1038 4398 ἰδιότητος
1075 4325 1218 4379 κατά
1265 4323 1364 4393 τὴν
1415 4323 1669 4392 γέννησιν
1720 4319 1908 4390 διαφὲἑ

324 4442 520 4497 ρουσα.
554 4422 714 4478 Οὕτω
765 4421 904 4492 πρὸς
959 4405 1060 4488 τ’ὴν
1093 4417 1426 4486 ὑπερπλήρη
1477 4416 1575 4468 καὶ
1630 4413 1908 4482 ἀπροσδεᾶ

321 4515 900 4587 καταδαψιλευόμενος
955 4512 1119 4582 φύσιν
1173 4511 1274 4579 τὴν
1324 4507 1524 4563 ἐαυτοῦ
1585 4509 1772 4574 σαφῶς
1818 4509 1910 4559 ἐκ·

231 4628 239 4633 ’
323 4611 604 4682 πομπεύει
637 4611 859 4680 μανίαν.
1523 4649 1535 4652 ,ι

400 4708 563 4758 Ὥστε
599 4705 855 4758 σύνθεσιν
895 4688 987 4755 ἐπὶ
1018 4701 1122 4770 τῆς
1170 4697 1652 4768 ὑπερηπλωμένης
1682 4694 1777 4747 καὶ
1805 4693 1908 4746 πά-

325 4816 430 4864 σης
461 4797 766 4865 ἁπλότητος
791 4795 1120 4862 ὑπερέκεινα
1141 4790 1330 4858 οὐσίας
1362 4790 1600 4841 ἐπινοεῖν
1629 4785 1687 4850 ἐξ
1711 4780 1778 4857 ἧς
1810 4785 1906 4836 καὶ

324 4890 502 4952 ττάθος
537 4889 598 4952 ἐξ
615 4886 862 4956 ἀνάγκης
893 4886 1084 4956 ἕψεται
1112 4884 1205 4935 ἐπὶ
1228 4883 1322 4951 τῆς
1346 4881 1620 4950 μακαρίας
1647 4881 1741 4932 καὶ
1768 4881 1910 4956 ἀπα-

326 4983 455 5044 θιῦς
483 4950 759 5042 θεότητος..
812 4950 1073 5048 Καὶγμεθ
1123 4950 1312 5044 ὀλίγανο
1364 4973 1693 5026 ’Υπόλοιπον
1722 4950 1909 5024 δ”οῦν

326 5081 478 5129 ἐστιν
513 5076 711 5136 εἰπεῖν,
761 5073 811 5125 εἰ
853 5073 1119 5140 ποιότητα
1151 5069 1309 5122 τοῦτο
1355 5066 1650 5136 ἀσώματον
1683 5065 1716 5135 ἢ
1749 5063 1910 5117 ἀνού-

332 5187 449 5222 σ.ον
483 5167 628 5231 εἶπε,
657 5167 711 5220 τί
762 5166 1054 5236 συμϐαίνει
1077 5181 1090 5194 ⁸
1141 5159 1253 5218 οἷον
1290 5161 1594 5232 ἀπόῤῥοιάν
1637 5176 1786 5222 τινος
1818 5160 1910 5212 οὐ-

333 5263 456 5328 σίας
493 5261 588 5313 καὶ
621 5258 966 5326 ἀπαύγασμα
1001 5260 1079 5321 είς
1123 5256 1191 5327 ἣν
1223 5259 1256 5326 ἠ
1293 5254 1477 5326 μορφὴ
1509 5253 1696 5321 ἐκείνη
1744 5269 1912 5321 μετα-

333 5354 616 5424 ϐέϐληται,
660 5352 778 5405 ἀλλ’
809 5350 964 5404 οὐδὲν
1005 5346 1228 5421 ἦττονή
1270 5348 1464 5400 πασῶν
1511 5347 1717 5415 ἐσχάτη
1747 5344 1904 5413 ὕϐρις

330 5447 430 5500 καὶ
456 5446 654 5498 ἀτοπία
683 5443 761 5512 τῷ
787 5442 916 5512 θείῳ
946 5439 1402 5511 προστετρίψεται
1429 5437 1667 5506 σώματι.
1714 5436 1908 5504 Λωϐή-

335 5537 626 5606 σαιτογάρ
651 5537 715 5589 ἂν
744 5535 834 5587 τὸν
865 5533 958 5587 τοῦ
990 5529 1127 5586 εἶναι
1154 5532 1331 5600 λόγον.
1361 5533 1469 5584 Καὶ
1495 5531 1665 5599 ταύτῃ
1694 5530 1753 5580 τὸ
1779 5529 1906 5582 ἀνύ-

334 5645 585 5698 παρκτον
630 5624 1040 5696 εἰσαχθήσεται.
1071 5624 1279 5685 Ἀλλως
1311 5639 1369 5675 τε
1401 5621 1510 5675 οὐδ’
1552 5621 1728 5674 ἔνεστι
1761 5620 1905 5672 ποιό-

334 5737 473 5788 tnta
503 5719 870 5787 ὑποκειμένου
917 5718 1039 5787 δίχα
1073 5716 1196 5770 καθ’
1233 5718 1432 5784 ἑαυτὴν
1460 5716 1488 5768 ὃ
1537 5731 1590 5766 τι
1624 5713 1758 5766 ποτέ
1798 5714 1915 5764 ἐστι

335 5811 724 5881 διτδειχθῆναι,
766 5811 869 5863 κᾶν
898 5809 1006 5863 τῶν
1038 5809 1313 5864 οὑσιωδῶν
1359 5809 1530 5879 αὐτὴν
1564 5809 1694 5879 εἴπῃ
1742 5825 1847 5873 τις,
1881 5806 1913 5876 ἦ

337 5901 435 5956 καὶ
466 5903 546 5958 εἰς
575 5903 766 5956 οὐσίαν
809 5902 1098 5956 ἀνάγεται.
1139 5901 1224 5955 Ὠς
1254 5899 1296 5952 δ’
1340 5900 1432 5985 ἐπὶ
1467 5899 1914 5953 παραδείγματος

2001 3313 2155 3381 παρά
2180 3312 2274 3365 τὸν
2296 3309 2428 3362 Θεὸν
2461 3308 2522 3361 ὃν
2554 3307 2646 3359 καὶ
2667 3304 2759 3357 τὸν
2791 3302 3082 3371 ἄνθρωπον
3125 3300 3335 3368 ἕτερον.
3371 3298 3441 3350 Ἢ
3471 3296 3583 3366 γὰρ
3671 3319 3677 3326 -

2001 3404 2179 3466 οὐσία,
2207 3401 2364 3470 φησὶ,
2395 3399 2480 3462 τὶς
2503 3397 2680 3459 ἐσται,
2712 3395 2772 3448 ἐν
2803 3393 2912 3465 ίδίᾳ
2931 3391 2990 3446 ὃν
3025 3391 3347 3454 ὑποστάσει,
3381 3389 3476 3441 καὶ
3509 3387 3584 3456 μὴ

2000 3496 2256 3565 δεόμενον
2303 3491 2494 3561 ἐτέρου
2533 3488 2673 3559 πρὸς
2707 3486 2989 3550 σύστασιν,
3027 3482 3059 3552 ἢ
3094 3482 3318 3552 ποιότης
3360 3479 3591 3546 ἀσώμα-

2001 3603 2096 3649 τος
2122 3583 2214 3637 καὶ
2238 3581 2512 3642 ἀνούσιος,
2546 3581 2606 3632 ἐν
2636 3579 2783 3648 ἄλλῳ
2805 3575 2866 3629 τὸ
2895 3569 3038 3628 εἶναι
3071 3573 3294 3642 ἔχουσα.
3323 3567 3434 3623 Εἶτ’
3467 3571 3592 3621 ἐπι-

2003 3674 2308 3744 διαιρέσεσι
2343 3673 2536 3740 σοφαῖς
2583 3669 2681 3723 καὶ
2707 3668 2992 3736 λογισμοῖς
3038 3666 3136 3716 καὶ
3180 3662 3588 3732 πνευματικαῖς

2005 3766 2319 3833 ἀποδείξεσι
2365 3754 2716 3836 χρησάμενος
2757 3761 2786 3812 6
2833 3759 3014 3826 σοφὸς,
3065 3754 3318 3823 καθάπερ
3347 3753 3591 3822 ἡκούσα-

2009 3879 2132 3932 μεν,
2174 3861 2262 3914 διά
2295 3859 2396 3929 τῆς
2447 3856 2651 3912 ἄτοπόν
2686 3871 2747 3906 τε
2800 3852 2894 3907 καὶ
2938 3850 3200 3905 ἀδύνατον
3255 3845 3587 3914 ἀπαγωγῆς,

2005 3955 2151 4010 ’ἐωλα
2180 3950 2478 4020 καὶψευδῆ
2505 3949 2600 4002 καὶ
2637 3947 2792 4000 οὐδὲν
2825 3945 2973 4011 ὑγιὲς
3016 3941 3176 3996 πάνθ’
3202 3938 3338 4009 ὁμοῦ
3379 3937 3448 3991 τά
3479 3937 3590 3990 τῶν

2008 4046 2305 4101 ἀντιθέτων
2336 4040 2612 4106 ἀπέδειξε.

2086 4136 2365 4190 Σκεπτέον
2394 4134 2440 4187 δ’
2471 4132 2596 4200 ἑξῆς
2639 4131 2706 4185 ἂν
2735 4129 2846 4200 εἴη,
2879 4129 3026 4189 τίνες
3057 4124 3126 4179 ἂν
3165 4119 3276 4178 εἷεν
3303 4123 3360 4176 οἵ
3385 4138 3448 4190 γε
3476 4121 3590 4182 τοῖς

2009 4229 2118 4284 τῶν
2163 4225 2466 4297 Ἀρειανῶν
2497 4224 2593 4278 καὶ
2613 4220 3002 4289 Είκονομάχων
3031 4216 3344 4287 ἑνεχόμενοι
3376 4212 3590 4274 τούτοις

2007 4323 2376 4392 ἐγκλήμασιν,
2436 4320 2464 4372 6
2513 4315 2794 4377 συνοδικὸς
2847 4315 3016 4382 τόμος
3052 4311 3149 4363 καὶ
3184 4309 3235 4361 οί
3275 4307 3463 4360 τοῦτον
3494 4308 3592 4357 ἐκ·

2010 4414 2230 4484 θέμενοι
2283 4409 2612 4479 Θεολογικῶς
2655 4424 2716 4460 τε
2753 4407 2850 4459 καὶ
2892 4401 3301 4464 ἀποστολικῶς,
3340 4398 3385 4466 ἢ
3422 4401 3450 4451 6
3487 4397 3590 4465 τὴν

2013 4511 2166 4579 ίεράν
2195 4506 2435 4578 Χριστοῦ
2481 4502 2812 4572 Ἐκκλησίαν
2848 4500 2917 4554 τά
2964 4496 3192 4552 τοιαῦτα
3241 4494 3592 4564 γραφόμενος

1939 4574 1982 4628 D
2011 4574 2325 4671 Γρηγορέῖς.
2359 4599 2580 4666 Λεγέτω
2606 4593 2902 4665 τοιγαροῦν
2935 4593 3096 4652 αὐτὸς
3129 4591 3339 4649 ἐκεῖνος
3365 4585 3460 4639 καὶ
3493 4583 3594 4636 αῦ-

2013 4693 2096 4756 θις
2131 4691 2268 4758 ὀλίγ’
2302 4691 2442 4744 ἄττα
2479 4688 2592 4741 τῶν
2638 4686 2740 4758 ἠδη
2775 4687 3073 4755 ῥηθέντων,
3105 4681 3201 4736 καὶ
3245 4675 3511 4731 δεικνύτω
3540 4671 3595 4726 τί

2013 4786 2112 4854 μὲν
2143 4785 2192 4838 οἱ
2226 4783 2472 4852 Πατέρες
2501 4780 2587 4834 ἐπ’
2615 4779 2832 4846 ἐκείνης
2864 4773 3018 4830 εἷπον
3047 4777 3146 4846 τῆς
3186 4773 3340 4843 ἱερᾶς
3373 4767 3594 4822 συνόδου

2015 4878 2144 4948 περὶ
2173 4873 2270 4927 τοῦ
2306 4873 2484 4941 φωτὸς
2513 4869 2751 4940 Χριστοῦ
2797 4885 2940 4938 φημι
2978 4869 3196 4930 τούτου,
3223 4865 3275 4916 τί
3309 4863 3352 4915 δ’
3382 4857 3540 4920 αὖθις
3567 4859 3597 4910 6

2011 4973 2304 5042 φιλόσοφος
2351 4967 2508 5027 οὗτος
2563 4967 2660 5018 σὺν
2710 4961 2979 5030 Βαρλαάμ
3029 4977 3088 5012 τε
3137 4957 3233 5010 καὶ
3273 4951 3591 5020 ’Ᾱκινδύνῳ,

2008 5068 2122 5128 τοῖς
2172 5063 2340 5117 αὑτοῦ
2389 5060 2758 5126 καθηγηταῖς.
2813 5051 3158 5124 Προηνέχθη,
3215 5049 3380 5116 φησὶν
3427 5047 3484 5096 ἐν
3523 5044 3591 5111 τῇ

2009 5159 2247 5228 τετάρτῃ
2280 5152 2596 5207 συνελεύσει
2624 5149 2926 5220 Γρηγόριος
2958 5147 2986 5197 6
3013 5146 3110 5213 τῆς
3145 5139 3424 5206 θεολογίας
3455 5135 3596 5187 ἐπώ-

2012 5267 2180 5319 νυμος
2213 5249 2464 5318 γράφων,
2507 5243 2696 5304 Οὐδεὶς
2728 5240 2846 5292 ἔστι
2879 5241 2936 5291 tv
2987 5235 3338 5304 ὑποστήματι
3378 5229 3471 5282 καὶ
3505 5229 3592 5279 οὑ-

2015 5345 2104 5414 σίᾳ
2131 5344 2326 5412 Κυρέῳ
2355 5341 2496 5392 κατὰ
2539 5339 2600 5390 τὺ
2628 5334 3043 5405 γεγραμμένον,
3087 5329 3184 5382 καὶ
3236 5325 3426 5378 οὐσίαν
3459 5318 3596 5372 Θεοῦ

2013 5413 2283 5506 ἢεῖδενῆ
2333 5431 2687 5499 ἐξηγόρευσε.
2735 5428 2846 5479 Καὶ
2875 5426 2903 5477 6
2955 5421 3113 5489 ἅγιός
3159 5434 3292 5487 φησι
3340 5413 3596 5480 Μάξιμος

2014 5526 2266 5596 γράφων,
2307 5523 2369 5576 '0
2408 5524 2522 5580 τοῖς
2554 5521 2674 5574 οὖσι
2710 5519 2782 5588 μὴ
2818 5518 2940 5570 κατ’
2971 5513 3160 5568 οὐσίαν
3191 5510 3456 5580 ὑπάρχων
3498 5520 3595 5572 με‹

2016 5616 2228 5677 θεκτδς,
2269 5613 2388 5667 κατ’
2414 5613 2573 5666 ἄλλον
2607 5611 2662 5663 δὲ
2692 5613 2894 5678 τρόπον
2931 5603 3256 5675 μετέχεσθαι
3287 5602 3401 5660 τοῖς
3427 5597 3586 5649 δυναν

2023 5709 2205 5779 μένοις
2237 5706 2559 5777 βουλόμενος
2585 5700 2676 5754 τοῦ
2700 5699 2818 5754 κατ’
2845 5699 3037 5752 οὐσίαν
3060 5694 3290 5765 κρυφίου
3317 5685 3598 5748 παντελῶς
3705 5746 3710 5750 ν

2017 5803 2117 5854 οὐκ
2138 5798 2438 5864 ἐξίσταται.
2473 5796 2638 5846 Ὥστε
2664 5796 2761 5845 οὐκ
2780 5792 2938 5847 οὐσία
2959 5789 3092 5843 Θεοῦ
3117 5787 3178 5839 τὺ
3193 5786 3292 5854 τῆς
3314 5796 3597 5851 μεταμορ-

2023 5894 2244 5948 εώσεω;
2277 5890 2368 5945 τοῦ
2402 5886 2639 5943 Χοιστοῦ
2679 5888 2810 5952 φῶς.
2847 5882 2986 5938 υὺτε
3016 5883 3123 5936 γὰο
3151 5877 3323 5934 ὁρατὴ
3350 5872 3474 5929 οζτε
3499 5887 3597 5930 μεθ
