4046 6458
382 461 518 522 1039

1133 460 1430 519 CONTRA
1475 458 1899 518 GREGOBAM
1966 456 2719 518 ANTIHRIIE'I‘H'IOHUM
2760 456 2872 514 Χῖ.

3489 451 3629 516 1090

379 570 564 630 κοινὰς
603 568 866 637 δυνάμεις
912 586 971 620 τε
1025 569 1119 620 καὶ
1165 568 1447 637 ἐνεργείας
1501 569 1594 619 τοῦ
1627 567 1840 636 Πατρδς
1863 569 1954 619 καὶ
1985 571 2028 626 Α
2058 565 2152 616 τοῦ
2185 565 2539 633 θεανθρώπου
2565 565 2762 629 Λόγου,
2791 564 2865 625 ὡς
2894 562 3149 630 γενέσθαι
3183 563 3273 614 τόν
3303 580 3357 614 τε
3392 562 3630 631 Χριστδ’

375 659 472 710 τοῦ
536 659 666 711 Υίοῦ
720 660 814 712 καὶ
866 657 960 711 τοῦ
1007 658 1166 725 ἁγίου
1226 657 1548 725 Πνεύματος
1588 657 1840 726 ἀφρόνως
1868 658 1947 717 εἰς

380 753 589 819 κτέσμα
619 752 1043 812 κατασπῶντας.
1069 745 1201 802 Εἶτα
1236 750 1348 818 μετ’
1375 748 1556 815 ὀλίγον
1579 749 1675 803 καὶ
1702 748 1829 815 περὶ
1856 747 1947 800 τοῦ

379 840 957 910 ⁶ιτρομνημονευθέντος
991 842 1273 895 συνοδικοῦ
1326 839 1546 911 πρώτου
1572 841 1756 904 ’τόμον
1783 857 1952 910 προσ-

378 935 549 997 τιθεὶς
583 937 612 988 6
641 937 740 1004 τῆς
772 935 894 988 καθ’
916 938 1064 1003 ἡμᾶς
1097 935 1253 997 οὗτος
1286 936 1506 987 συνόδου
1535 935 1703 1002 τόμος
1737 930 1841 986 ώδέ
1872 950 1949 1001 πη

378 1029 543 1096 φησί·
582 1028 766 1100 Ταύτῃ
795 1047 878 1080 τοι
911 1030 1004 1081 καὶ
1046 1028 1264 1081 συνόδου
1321 1014 1791 1096 συγκροτηθείσης
1833 1025 1953 1077 δευ-

375 1121 565 1187 τέρας,
598 1114 667 1189 ἦς
699 1120 1045 1189 προεκάθητο
1078 1121 1175 1172 καὶ
1201 1121 1228 1171 6
1251 1118 1348 1172 νῦν
1374 1117 1640 1186 κραταιὸς
1673 1117 1769 1169 καὶ
1797 1117 1952 1184 ἆγιος

377 1213 411 1278 ἠ
423 1212 540 1279 μῶν
569 1212 927 1282 αὐτοκράτωρ
955 1215 981 1264 6
1013 1213 1174 1282 κῦρις
1201 1213 1458 1280 Ἰωάννης
1488 1214 1516 1264 ὀ
1555 1210 1952 1279 Καντακουζη-

381 1305 490 1365 νὸς,
537 1301 836 1373 ἐξηλέγχθη
871 1306 900 1356 6
956 1304 1262 1365 Ἀκίνδυνος
1307 1304 1376 1356 τά
1405 1305 1407 1307 ’
1433 1303 1573 1356 αὐτὰ
1604 1303 1698 1355 καὶ
1735 1301 1950 1370 φρονῶν

379 1396 474 1448 καὶ
506 1395 702 1461 λέγων,
732 1395 824 1448 καὶ
869 1395 974 1447 τῶν
1009 1395 1259 1464 μοναχῶν
1290 1397 1616 1464 κατηγορῶν
1641 1409 1654 1423 ·
1685 1394 1756 1446 δι’
1795 1394 1830 1448 ἃ
1860 1395 1953 1448 καὶ

377 1487 474 1555 τὴε.
511 1487 682 1556 αὐτὴν
707 1487 784 1556 τῷ
807 1487 1090 1557 -Βαρλαὰμ
1123 1487 1473 1540 ἐπεσπάσατο
1497 1487 1822 1555 καταδίκην,
1861 1487 1955 1538 τό-

385 1593 490 1644 ςιου
532 1577 840 1646 προϐάντος
881 1576 1168 1631 συνοδικοῦ
1218 1579 1357 1629 κατὰ
1407 1578 1517 1630 τῶν
1550 1577 1645 1630 τοῦ
1690 1577 1955 1647 Βαρλαάμ

381 1669 594 1720 ἐκείνου
627 1669 1014 1738 βλασφημιῶν,
1036 1669 1104 1720 δι’
1130 1667 1190 1720 οῦ
1217 1669 1418 1730 παντὸς
1437 1667 1532 1720 τοῦ
1563 1667 1954 1739 Χριστιανικοῦ

380 1759 755 1826 πληρώματος
784 1760 1028 1811 άποκὲκο
1041 1776 1195 1821 πται,
1225 1751 1320 1820 ὡς’
1347 1759 1510 1820 αὐτὸς
1541 1753 1694 1822 οὗτος
1724 1762 1752 1812 6
1801 1777 1956 1811 συνο-

380 1850 526 1910 δικδς
557 1849 726 1913 τόμος
754 1848 996 1913 διέξεισι,
1031 1850 1244 1902 πολλῶν
1270 1868 1328 1900 τε
1379 1849 1809 1912 ᾶλλωνένεκεν,
1861 1853 1957 1904 καὶ

2050 657 2111 720 ἐξ
2168 658 2380 710 ἐκείνου
2437 657 2467 726 ἢ
2520 655 2782 723 τριπλοῦν
2819 656 2940 708 ἀντὶ
2965 655 3186 717 διπλοῦ,
3225 655 3314 707 διὰ
3347 656 3444 723 τὴν
3484 655 3627 707 κατὰ

2049 751 2146 810 τὰς
2183 749 2373 817 φύσεις
2389 749 2616 816 διπλόην
2651 748 2816 816 φημὶ,
2851 748 2998 816 ἢδύο
3034 749 3150 800 ἀνθ’
3183 748 3301 804 ένδς
3329 748 3414 798 διὰ
3449 747 3508 798 16
3531 747 3631 814 τῆς

2056 838 2410 901 ὑποστάσειιις
2460 839 2766 905 μοναδικδν,
2814 840 2908 891 καὶ
2941 841 3170 909 τετράδα
3203 840 3303 909 τήν
3349 839 3501 891 θείαν
3533 843 3628 890 καὶ

2054 929 2380 998 ὑπερούσιον
2415 930 2796 998 ἀναδειχθῆναι
2831 931 3061 998 Τριάδα,
3095 933 3158 1000 τῇ
3211 929 3502 998 προσθέσει
3530 931 3626 982 το)

2054 1021 2240 1072 καινοῦ
2267 1020 2458 1072 τούτου
2492 1021 2584 1073 καὶ
2618 1022 2934 1090 προσφάτου
2969 1025 3164 1087 φωτός.

2127 1111 2234 1164 Καὶ
2275 1113 2461 1182 όρᾶτε,
2514 1115 2680 1181 φησὶν
2737 1117 2764 1165 ὸ
2800 1114 2961 1180 σοφὸς
3008 1113 3161 1175 αὖθις
3223 1113 3520 1183 Θεόδωρος,
3553 1114 3630 1172 ob;

2053 1201 2340 1270 φιλότιμος
2383 1205 2514 1272 περὶ
2541 1203 2641 1273 τὴν
2678 1203 2828 1256 θείαν
2865 1203 3029 1274 φύσιν
3061 1204 3339 1271 Εὐσέϐῳς,
3372 1205 3540 1257 ταυτδ
3579 1203 3629 1256 δ’

2053 1296 2230 1346 εἰπεῖν
2271 1295 2583 1357 ’Δκίνδυνός
2634 1313 2693 1347 τε
2749 1297 2842 1350 καὶ
2895 1297 3207 1367 Γρηγορᾶς.
3265 1296 3632 1364 πληθύνοντες

2054 1387 2286 1458 ἀφθονίᾳ
2309 1388 2668 1440 ύποστάσεων
2698 1390 2790 1441 καλ⁸
2815 1388 3073 1454 αὔξοντες
3101 1390 3169 1441 τὰ
3197 1388 3513 1456 ἀπλὴθυντα
3539 1388 3634 1440 καὶ

2053 1478 2336 1546 ἁμείωτα,
2401 1482 2493 1532 καὶ
2541 1481 2724 1547 πάσης
2768 1481 2870 1550 τῆς
2921 1480 3175 1534 ὁπωσοῦν
3237 1479 3484 1548 ὑφέσεως
3536 1480 3634 1531 καὶ

2057 1569 2399 1637 πλεονασμοῦ
2441 1572 2794 1626 παντάπασιν
2831 1570 3182 1626 ἀνεπίδεκτα.
3221 1573 3344 1625 Ὅτι
3394 1572 3494 1641 μὲν
3537 1569 3633 1624 οὖν

2056 1662 2151 1714 καὶ
2189 1661 2489 1732 Ἀρειανοῖς
2512 1667 2606 1717 καὶ
2649 1665 3040 1733 Είκονομάχοις
3072 1664 3140 1716 τὰ
3173 1664 3432 1734 Γρηγορᾶ
3452 1679 3513 1715 τε
3539 1664 3634 1715 καὶ

2069 1753 2384 1805 Ἀκρινδύνου
2413 1754 2766 1828 πολυτρόπως
2800 1755 3116 1826 συμϐαίνει,
3147 1753 3214 1806 τὰ
3251 1754 3373 1807 κατ’
3402 1754 3633 1806 ἐκείνων

2058 1845 2156 1913 ἤδη
2200 1845 2437 1914 ρηθέντα
2468 1847 2543 1914 τῷ
2576 1845 2882 1915 θαυμαστῴ
2933 1844 3199 1915 Θεοδώρῳ
3231 1847 3504 1898 δείκνυσιν
3538 1847 3633 1896 ὲκ-

379 1942 539 1992 ε··ιτὶ
557 1941 671 2008 φῶς
687 1940 786 2010 τῆς
802 1939 895 2012 τοῦ
914 1941 1119 2011 Κυρίου
1141 1939 1684 2010 μεταμορφώσεωςτδ
1698 1945 1809 2003 τοῖς
1828 1957 1955 1993 συν·
1988 1913 2029 1966 Β
2058 1937 2347 2003 δηλὸτατα,
2377 1938 2436 1988 οὐ
2487 1913 2620 2006 παρ’
2657 1913 2837 2006 ⁴ἡμῶν,
2857 1913 3011 1990 ima
3071 1913 3202 2006 παρ’
3248 1936 3437 2002 αὑτοῦ,
3467 1938 3628 2004 φημὶ,

380 2036 648 2086 αναϐἄσιν
687 2033 833 2100 αύτῷ
865 2033 1158 2102 μακαρίοις
1194 2031 1460 2097 μαθηταῖς
1487 2032 1580 2083 καὶ
1639 2031 1957 2097 ἀποστόλοις

379 2124 549 2188 ὀφθέν
573 2122 792 2174 κτιστδν
827 2121 1104 2190 ἐπεχείρει
1132 2122 1405 2174 δεικνύναι
1436 2125 1530 2178 καὶ
1559 2121 1954 2190 περιγραπτὺν,

382 2214 482 2263 καλ
511 2214 622 2264 τῶν
673 2202 952 2282 αἰσθητῶν
1001 2213 1196 2280 φώτων
1245 2213 1368 2281 ἔχον
1404 2213 1568 2266 πλέον
1619 2213 1793 2267 οὐδέν.
1842 2214 1954 2283 Οὐχ

375 2305 537 2370 οὗτος
576 2308 634 2360 δὲ
666 2306 825 2374 μόνον
862 2309 891 2358 ὀ
939 2305 1205 2375 Βαρλαὰμ
1237 2307 1316 2373 τῷ
1349 2306 1628 2375 συνοδικῷσ
1654 2307 1951 2375 ἀποκεκή-

381 2415 575 2466 ρυκται
602 2397 772 2466 τόμῳ,
802 2399 881 2466 τῷ
928 2397 1130 2464 πρώτῳ
1161 2396 1384 2466 δηλαδὴ,
1421 2395 1558 2449 ἀλλὰ
1594 2398 1728 2462 ςταῖς
1757 2397 1954 2459 αὑταῖς

377 2487 685 2553 ἐπιτιμίαις
711 2485 898 2555 ἔνοχον
931 2485 1125 2538 ἑαυτὸν
1156 2486 1470 2555 καθίστησι,
1504 2487 1598 2540 καὶ
1621 2487 1675 2538 εί
1699 2505 1784 2547 τις
1809 2489 1955 2540 ἐκεί-

376 2595 456 2646 νῳ
485 2577 774 2643 1ἑπόμενος,
807 2578 924 2638 τοῖς
972 2579 1231 2646 μοναχοῖς
1277 2578 1374 2629 καὶ
1407 2581 1473 2647 τῇ
1502 2578 1810 2648 Ἐκκλησία
1853 2577 1950 2631 τοῦ

377 2666 518 2718 Θεοῦ
557 2668 806 2733 πολεμεῖ.
846 2666 997 2720 Καθὸ
1045 2666 1146 2733 μὲν
1181 2664 1274 2718 οὖν
1304 2667 1356 2718 οἱ
1403 2669 1535 2734 περὶ
1568 2667 1837 2737 Βαρλαάμ
1889 2687 1949 2722 τε

380 2759 480 2809 καὶ
519 2757 828 2810 Ἀκίνδυνον
878 2761 974 2809 καὶ
1009 2760 1100 2808 τὸν
1136 2756 1380 2826 διάδοχον
1415 2757 1512 2808 καὶ
1544 2758 1829 2824 πρόμαχον
1855 2761 1956 2813 αὐε

376 2847 490 2898 τῶν
525 2846 738 2898 τουτονὶ
758 2846 1047 2915 Γρηγορᾶν
1068 2847 1254 2898 οὐσίαν
1285 2841 1426 2898 εἶναι
1462 2846 1600 2898 Θεοῦ
1632 2846 1852 2914 λέγουσι
1889 2848 1950 2899 τὸ

379 2940 496 3006 φῶς
546 2943 642 3006 τῆς
674 2938 767 2990 τοῦ
796 2938 1004 3006 Κυρίου
1054 2938 1560 3007 μεταμορφώσεως,
1606 2938 1811 3008 θατέρᾳ
1842 2940 1950 2993 τῶν

379 3032 522 3084 κατὰ
546 3031 808 3099 διαίρεσιν
829 3030 921 3082 τοῦ
961 3031 1127 3097 σοφοῦ
1158 3047 1300 3098 φημι
1325 3029 1601 3099 Θεοδώρου
1635 3032 1948 3100 ἀναφυομέ-

377 3140 484 3174 νων
513 3123 728 3174 ἀτόπων
757 3122 1028 3186 αἱρέσεων
1070 3121 1193 3174 κατ’
1235 3122 1496 3174 Εύσέϐιον
1529 3124 1946 3190 περιπίπτουσι.

2059 2027 2318 2096 Γρηγορᾶ
2369 2029 2496 2080 καθ’
2544 2028 2701 2098 ἡμῶν
2733 2028 2811 2097 τῷ
2845 2029 2988 2097 λόγῳ
3024 2027 3487 2097 παρεισαχθέντα,
3531 2044 3633 2078 κα-

2059 2115 2236 2186 θάπερ
2287 2117 2451 2178 αὐτὸς
2484 2119 2640 2181 οὗτος
2693 2119 2875 2181 κακῶς
2934 2121 3238 2187 ὑπείληφεν
3267 2136 3280 2148 ·
3319 2121 3400 2171 ὅτι
3442 2119 3497 2171 δέ
3536 2121 3649 2184 καὶ,

2058 2209 2403 2276 ὑπερϐαίνει,
2456 2212 2727 2264 δέδεικται
2795 2213 2894 2279 μὲν
2950 2212 3049 2280 ἠδη
3108 2213 3208 2263 σὺν
3261 2211 3490 2272 ἐκείνοις
3535 2211 3630 2263 κα)⁸

2054 2297 2210 2350 τοῦτο
2243 2291 2540 2363 πολλάκις*
2586 2303 2828 2354 δείκνυσι
2854 2304 2898 2354 δ’
2930 2304 3004 2364 ὡς
3049 2302 3126 2354 ἔνι
3166 2303 3226 2353 τὸ
3265 2302 3471 2368 κτίσμι
3515 2302 3621 2367 p.51-

2054 2389 2213 2444 λιστα
2262 2393 2577 2460 πρόσφατον
2620 2396 2795 2446 ἐκεῖνο
2821 2394 2881 2445 16
2926 2396 3039 2462 φῶς
3071 2396 3178 2446 κάκ
3208 2394 3301 2447 τοῦ
3339 2393 3625 2460 Θαϐωρίου

2055 2480 2339 2548 ἠργμένον
2370 2481 2480 2534 τῶν
2509 2483 2639 2550 περὶ
2670 2481 2980 2534 ’Λκίνδυνον
3011 2483 3333 2552 διαρρήδην,
3363 2482 3438 2544 ὡς
3465 2482 3624 2550 ἔφην,

2053 2570 2338 2624 εἰπόντων.
2375 2571 2538 2625 Ὅθεν
2567 2573 2663 2624 καὶ
2694 2573 2727 2638 ἡ
2753 2573 2947 2642 κτιστὴ
2981 2572 3174 2642 θεότης
3214 2574 3307 2624 καὶ
3361 2572 3469 2624 τῶν
3513 2589 3630 2624 κτι-

2054 2663 2278 2729 σμάτων
2311 2662 2450 2730 φεῦί
2488 2667 2520 2733 ἠ
2545 2663 2782 2728 δουλεία,
2826 2665 2978 2732 καὶὴ
3034 2665 3161 2728 δόξα
3192 2665 3284 2716 τοῦ
3329 2667 3395 2734 τῇ
3449 2664 3627 2717 κτίσει

2054 2751 2287 2802 κάκιστα
2312 2751 2595 2822 λατρεύειν
2621 2752 2776 2822 παρὰ
2793 2755 2884 2806 τὸν
2915 2751 3196 2820 κτίσαντα,
3216 2753 3285 2806 τὰ
3315 2753 3624 2822 παλαιγενῆ

2051 2842 2154 2910 τῆς
2193 2843 2412 2909 φύσεως
2472 2845 2629 2915 ήμῶν
2681 2847 3120 2916 ἀρρωστήματα,
3167 2840 3242 2900 ὧν
3292 2849 3319 2900 6
3349 2846 3441 2900 τοῦ
3489 2847 3626 2899 Θεοῦ

2055 2935 2353 3002 μονογενὴς
2399 2936 2590 3003 Λόγος,
2631 2937 3044 3006 φιλανθρωπίας
3086 2939 3360 3010 ὑπερϐολῇ
3405 2939 3526 2993 καθ’
3559 2941 3625 3006 ἡ-

2055 3026 2159 3093 μᾶς
2210 3025 2472 3094 γεγονὼς,
2509 3029 2653 3097 ἡμᾶς
2684 3029 3051 3098 ἠλευθέρωσε,
3098 3031 3368 3083 Κάκείνου
3415 3031 3471 3084 δὲ
3505 3032 3625 3094 πῶς

2052 3117 2282 3195 γράφων
2334 3119 2433 3171 οὐκ
2482 3121 2746 3189 ἤκουσας,
2788 3115 2832 3173 ὦ
2879 3122 3166 3190 φιλόσοφε,
3200 3123 3294 3175 τοῦ
3329 3124 3619 3192 φιλοσόφου

381 3215 528 3279 Πλὴν
561 3213 686 3263 ὅσον
712 3213 812 3264 ούκ
853 3213 933 3272 είς
961 3196 1121 3280 σῶμα
1151 3212 1430 3280 τραπῆναι
1461 3210 1559 3279 τὴν
1591 3211 1738 3264 θείαν
1758 3211 1947 3264 ούσίαν
1977 3246 2023 3307 c
2056 3197 2141 3278 τῷ
2161 3209 2272 3262 ὄντι
2304 3211 2518 3264 τουτουῒ
2551 3214 2830 3283 Θεοδώρου
2862 3214 2954 3267 τοῦ
3003 3216 3144 3268 πάνυ
3175 3217 3319 3286 φημὶ
3353 3216 3490 3286 πρὸς
3525 3217 3626 3267 Κύ-

375 3303 473 3354 καὶ
498 3294 640 3353 οὗτοι
671 3301 792 3352 κατ’
824 3299 1040 3368 ἐκείνην
1065 3299 1196 3366 φασὶ
1225 3299 1322 3368 τήν
1342 3299 1630 3367 διαίρεσιν,
1658 3300 1794 3353 ἀλλὰ
1820 3306 1951 3355 συνέ

373 3394 792 3461 ανακραθείσαν
854 3393 953 3446 οὐκ
988 3388 1086 3444 οἷδ’
1151 3393 1300 3454 ὅπως
1339 3393 1436 3446 καὶ
1485 3393 1851 3462 συγχυθετσαν
1883 3395 1950 3463 τῇ

375 3485 470 3538 τοῦ
528 3485 737 3552 Κυρίου
775 3487 958 3553 σαρκὶ,
1012 3483 1205 3537 ἔπειτα
1247 3483 1342 3536 καὶ
1375 3485 1578 3554 ὁρατὴν
1621 3485 1691 3538 δι’
1735 3486 1951 3555 ἐκείνης

379 3576 900 3644 γενέσθαι.Ἕχουσι
931 3575 986 3626 δέ
1011 3593 1062 3630 τι
1087 3574 1182 3628 καὶ
1212 3575 1374 3628 πλέον
1414 3577 1636 3629 ἐκείνων
1658 3570 1823 3643 οὗτοι,
1851 3579 1951 3648 τήν

381 3666 570 3733 κοινὴν
619 3666 807 3720 οὐσίαν
849 3666 1018 3736 αύτήν
1063 3669 1162 3735 τῆς
1213 3666 1644 3736 τρισυποστάτου
1697 3669 1951 3738 θεότητος

376 3753 519 3812 εἶναι
543 3757 791 3822 λέγοντες
824 3758 924 3825 τήν
959 3759 1332 3826 συμφυρεῖσαν
1355 3763 1447 3809 καὶ
1467 3759 1760 3826 ὁραθεῖσαν
1789 3761 1847 3811 ἐν
1874 3759 1950 3828 τῷ

379 3846 616 3915 Χριστοῦ
639 3848 883 3916 σώματι,
919 3848 993 3916 μὴ
1023 3848 1232 3918 ταύτην
1258 3849 1484 3900 ἐκείνων
1513 3850 1779 3916 λεγόντων
1810 3855 1950 3906 κατὰ

374 3940 469 3992 τὸν
495 3939 590 3990 τοῦ
641 3939 966 3991 διδασκάλου
997 3938 1176 4005 λόγον,
1210 3940 1403 4007 ἑτέραν
1433 3942 1554 3994 τινὰ
1582 3942 1753 4009 θείαν,
1781 3945 1860 4003 εἰς
1883 3946 1950 4013 ἣν

377 4030 474 4082 καὶ
506 4030 947 4095 μεταϐεϐλῆσθαι
968 4028 1092 4082 κατ’
1120 4029 1361 4092 ἐκείνους
1391 4033 1452 4083 16
1485 4031 1828 4103 ἀνθρώπινον
1852 4035 1948 4086 τοῦ

373 4122 636 4192 Χριστοῦ.
678 4123 827 4175 Καθὸ
871 4123 925 4174 δὲ
960 4122 1122 4175 πάλιν
1177 4124 1254 4192 μὴ
1281 4123 1389 4176 τῶν
1428 4125 1706 4194 αἰσθητῶν
1737 4129 1950 4179 τουτονὶ

375 4213 574 4280 φώτων
616 4212 674 4265 ἓν
716 4215 764 4264 οἱ
803 4215 932 4282 περὶ
964 4214 1273 4268 Ἀκίνδυνον
1303 4215 1365 4266 16
1404 4216 1498 4268 τοῦ
1533 4216 1773 4285 Χριστοῦ
1807 4217 1948 4270 θετον

373 4307 493 4374 φῶς
545 4309 763 4374 λέγουσί
794 4325 853 4360 τε
909 4309 1005 4360 καὶ
1039 4309 1368 4378 γράφουσιν,
1421 4305 1534 4362 οἷον
1580 4311 1804 4378 ἡλιακὸν
1855 4313 1948 4364 καὶ

372 4399 646 4467 ἁπρῷον,
679 4400 710 4469 ἢ
751 4401 1118 4468 άστραπαῖον,
1156 4403 1188 4468 ἢ
1218 4402 1330 4454 τῶν
1367 4401 1463 4454 τοῦ
1509 4403 1790 4470 περιγείου
1825 4403 1948 4454 τού-

370 4505 470 4544 του
499 4492 690 4557 πυρλις,
714 4491 849 4546 ἀλλὰ
877 4490 1022 4543 θεῖον
1055 4492 1152 4560 μέν
1175 4507 1230 4543 τι
1264 4493 1399 4560 φῶς,
1429 4493 1504 4555 ὡς
1535 4495 1732 4545 ἐκεῖνοί
1757 4509 1944 4559 φασιν,

2058 3303 2238 3356 σέὸιον
2261 3303 2532 3371 λέγοντος,
2564 3307 2644 3358 ὅτι
2675 3306 2770 3359 καὶ
2798 3307 3030 3374 ἄγγελος
3062 3308 3197 3376 φῶς,
3227 3309 3320 3360 καὶ
3351 3307 3444 3360 τοῦ
3473 3308 3627 3378 πρώ-

2055 3409 2148 3444 του
2177 3395 2270 3446 καὶ
2293 3395 2556 3448 ἀνωτάτω
2580 3396 2757 3464 φωτὸς
2788 3397 3135 3467 μαρμαρυγή
3161 3397 3254 3449 καὶ
3283 3397 3622 3468 ἀπόλαμεέις.

2059 3484 2344 3553 μονονουχὶ
2373 3485 2442 3538 τά
2467 3487 2562 3538 τοῦ
2603 3471 2869 3555 Θεολόγου
2915 3489 3219 3558 Γρηγορίου
3259 3488 3346 3543 διὰ
3375 3489 3623 3559 βραχέων

2053 3577 2220 3629 τινῶν
2248 3578 2662 3645 φιλοσοφοῦντος
2697 3583 2899 3643 ἐκεῖνα,
2937 3580 3068 3642 Θεὸς
3111 3581 3210 3648 μὲν
3239 3583 3364 3634 -ἓστι
3416 3583 3529 3649 φῶς
3559 3584 3621 3635 τὸ

2053 3670 2372 3737 ἀπρόσιτον,
2400 3671 2495 3722 καὶ
2528 3673 2856 3741 ἀκρότατον,
2889 3672 3161 3740 λέγοντος,
3194 3674 3319 3726 οὔτε
3353 3674 3428 3743 νῷ
3457 3693 3620 3728 κατα-

2052 3757 2258 3828 ληπτὸν
2283 3758 2408 3811 οὕτε
2439 3760 2582 3830 λόγῳ
2607 3762 2802 3831 ῥητὸν,
2835 3762 3017 3834 πάσης
3045 3765 3366 3831 φωτιστικὺν
3400 3767 3620 3837 λογικῆς

2053 3849 2287 3916 φύσεως,
2320 3852 2478 3904 τοῦτο
2513 3853 2570 3904 ἐν
2605 3856 2836 3920 νοητοῖς,
2870 3856 3009 3921 ὅπερ
3052 3858 3108 3906 ὲν
3136 3855 3412 3923 αἰσθητοῖς
3451 3857 3620 3926 ἥλιος,

2051 3941 2178 3993 ὅσον
2223 3942 2290 3995 ἂν
2326 3941 2719 4012 καθαιρώμεθα
2767 3947 3195 4016 φανταζόμενον,
3237 3950 3332 4001 καὶ
3384 3950 3507 4001 ὅσον
3556 3949 3620 4002 ἂν

2052 4034 2452 4102 φαντασθῶμεν
2518 4037 2906 4105 ἀγαπώμενον,
2973 4041 3068 4092 καὶ
3115 4040 3238 4090 ὅσον
3282 4040 3350 4092 ἂν
3398 4042 3619 4112 ἀγαπή-

2054 4143 2275 4195 σωμεν,
2339 4125 2492 4188 αὖθις
2549 4129 2856 4196 νοούμενον,
2916 4131 3050 4184 αὐτὸ
3105 4131 3298 4184 ἑαυτοῦ
3354 4135 3617 4204 θεωρητι-

2056 4220 2150 4270 κόν
2203 4235 2262 4269 τε
2295 4220 2391 4270 καὶ
2411 4218 2818 4286 καταληπτικὸν
2863 4222 3018 4288 ὀλίγα
3057 4227 3167 4285 τοῖς
3194 4223 3298 4290 ἔξω
3325 4227 3614 4295 χεόμενονς

2052 4310 2168 4376 φῶς
2195 4310 2251 4363 δὲ
2289 4309 2432 4374 λέγω
2462 4311 2520 4361 τὸ
2555 4313 2613 4362 ἐν
2643 4309 2815 4381 ﬂe:th
2863 4313 2960 4364 καὶ
2989 4312 3104 4381 Υίῷ
3139 4316 3232 4366 καὶ
3265 4315 3403 4386 ἁγίῳ
3451 4317 3613 4369 ΙΙνεύ-
3663 4376 3684 4396 1,

2054 4419 2185 4470 ματι
2218 4401 2614 4470 θεωρούμενον,
2640 4397 2713 4455 ὧν
2751 4403 2977 4466 πλοῦτος
3012 4408 3043 4475 ἠ
3078 4409 3323 4475 συμφυῒα
3347 4411 3442 4461 καὶ
3473 4410 3536 4460 16
3557 4410 3614 4463 ἓν

2050 4489 2260 4558 ἐξαλμα
2287 4493 2388 4560 τῆς
2436 4492 2844 4561 λαμπρότητος.
2901 4494 3167 4565 Δεύτερον
3212 4499 3327 4566 φῶς
3359 4499 3613 4566 ἄγγελος,

371 4581 434 4632 ού
473 4581 659 4646 μέντοι
720 4598 782 4646 γε
818 4583 1048 4649 φυσικὸν
1105 4584 1200 4635 καὶ
1258 4585 1530 4635 συναῖδιον
1577 4588 1642 4651 τῇ
1677 4584 1772 4636 τοῦ
1804 4585 1941 4638 Θεοῦ
1972 4575 2025 4632 D
2050 4583 2140 4633 τοῦ
2172 4581 2390 4651 πρώτου
2417 4584 2591 4650 φωτὸς
2608 4586 2852 4655 ἀπορροή
2883 4603 2965 4650 τις
2994 4588 3027 4656 ἢ
3061 4590 3342 4656 μετουσία,
3365 4595 3433 4660 τῇ
3470 4596 3608 4662 πρὶς

373 4670 559 4737 φύσει,
585 4673 702 4724 ἀλλ’
731 4673 1006 4740 ἠργμένον
1030 4675 1095 4726 ἐκ
1131 4674 1417 4741 Θαὸωρίου
1458 4675 1823 4741 τοτηνικαῦτα
1859 4674 1946 4728 διὰ

373 4761 469 4814 τοῦ
507 4761 750 4829 Χριστοῦ
791 4762 1063 4831 σώματος,
1112 4765 1387 4832 ἠργμένον
1431 4767 1490 4816 ού
1523 4767 1618 4816 τοῦ
1657 4765 1946 4832 φαίνεσθαί

373 4871 509 4922 φησι
534 4858 646 4916 τοῖς
678 4855 873 4919 ἀξίοις,
903 4856 1040 4909 ἀλλὰ
1068 4855 1162 4907 τοῦ
1205 4853 1347 4910 εἶναι
1391 4855 1721 4922 καθάπαξ,ιό
1753 4857 1816 4927 δὴ
1849 4859 1944 4911 καὶ

373 4946 801 5000 συνδιαιωνίσειν
825 4948 948 4998 κατ’
991 4949 1257 5012 ἐκείνους,
1287 4949 1620 5018 ἀτελεύτητα
1645 4953 1944 5015 συνεσόμε-

373 5055 466 5090 νον
493 5038 571 5107 τῷ
600 5040 845 5106 Χριστῷ,
881 5041 974 5091 καὶ
1005 5039 1202 5092 τούτου
1251 5041 1346 5092 καὶ
1381 5041 1504 5102 τοὺς
1533 5041 1792 5103 θεοειδεῖς
1819 5040 1941 5092 ἐσε-

373 5126 502 5179 σοαι
530 5129 814 5196 μετόχους,
842 5129 1099 5198 τοιαύτης
1129 5129 1230 5196 τῆς
1265 5129 1515 5190 θεώσεώς
1545 5148 1604 5182 τε
1637 5131 1729 5183 κοιλ¹
1755 5132 1942 5201 θεότη-

369 5234 462 5279 τος
497 5222 617 5270 κατ’
646 5222 854 5272 ἐκεῖνον
880 5221 1238 5288 μετέχοντας,
1265 5222 1333 5292 ἣν
1358 5223 1446 5275 ἐπ’
1469 5225 1718 5291 ἐσχάτων
1750 5224 1808 5276 16
1841 5226 1941 5293 τῆς

371 5308 649 5376 θεολογίας
701 5312 892 5370 σκότος
954 5311 1260 5363 ἀνέπλασεν
1303 5313 1632 5376 ’Λκινδύνου,
1691 5315 1834 5366 κατὰ
1874 5315 1939 5384 δὴ

369 5400 546 5452 ταῦτα
600 5401 698 5465 τῆς
750 5401 941 5469 ἐτέρας
974 5403 1292 5470 ἀντέχονται
1327 5404 1436 5455 τῶν
1486 5405 1773 5472 αἱρέσεων,
1815 5404 1880 5467 ἃς
1911 5410 1938 5459 6

369 5493 514 5552 θεῖος
541 5493 814 5561 Θεόδωρος
835 5493 1082 5562 διαιρῶν,
1111 5494 1187 5555 ὡς
1213 5493 1384 5563 ἔφθην
1415 5493 1608 5559 εἰπὼν,
1655 5498 1798 5550 κατὰ
1830 5498 1937 5549 τῶν

371 5586 762 5655 Είκονομάχων
819 5587 1184 5657 προήνεγκεν.
1235 5586 1441 5646 Οὐσίαν
1501 5589 1609 5655 γάρ
1667 5604 1790 5640 τινα
1843 5590 1938 5642 καὶ

372 5677 672 5730 ὑπόστασιν
702 5677 874 5744 ἰδικήν
900 5693 1066 5744 φασιν
1097 5679 1273 5730 ἐκεῖνο
1295 5677 1357 5730 τὸ
1386 5679 1523 5744 φῶς,
1559 5681 1652 5730 καὶ
1693 5681 1790 5750 τὴν
1819 5679 1937 5734 θεό-

375 5785 528 5836 τητα,
573 5770 632 5826 οὐ
667 5772 1102 5836 συνυποστᾶσαν,
1149 5770 1284 5822 ἀλλὰ
1315 5773 1754 5838 παρυποστᾶσαν
1810 5773 1933 5824 τότε

374 5853 620 5927 πρώτως,
643 5859 719 5921 ὡς
745 5860 894 5911 αὐτοί
930 5877 1113 5929 φασιν,
1148 5862 1205 5914 ὲν
1239 5860 1507 5930 Θαδωρίῳ
1538 5863 1931 5932 τῇύποστάσει

2048 4673 2208 4724 αὑτὸν
2238 4672 2418 4726 νεύσει
2439 4675 2534 4727 καὶ
2557 4677 2830 4746 ὑπουργία
2851 4680 2941 4731 τὸν
2967 4682 3246 4753 φωτισμὸν
3273 4683 3491 4752 ἔχουσα,
3515 4687 3612 4738 oi)!

2047 4760 2162 4816 οἶδα
2188 4763 2299 4816 εἴτε
2333 4768 2397 4835 τῇ
2433 4761 2586 4830 τάξει
2614 4768 2714 4836 τῆς
2748 4769 2990 4833 στάσεως
3019 4773 3348 4843 μεριζομένη
3381 4776 3473 4828 τὸν
3502 4794 3598 4844 φω-

2045 4855 2262 4924 τισμὸν,
2297 4856 2409 4909 εἴτε
2443 4862 2557 4920 τοῖς
2605 4861 2828 4929 μέτροις
2873 4862 2966 4915 τοῦ
3009 4865 3292 4934 φωτισμοῦ
3329 4868 3427 4934 τὴν
3458 4867 3609 4933 τάξιν

2046 4946 2417 5012 λαμῦάνουσα.
2475 4950 2584 5003 Καὶ
2616 4951 2778 5004 πάλιν
2800 4968 2812 4980 ’
2864 4952 2983 5015 Φῶς
3017 4953 3074 5006 ἓν
3102 4957 3394 5026 ἀπρόσιτον
3431 4963 3522 5010 καὶ
3552 4964 3603 5012 ά·

2043 5035 2284 5106 διάδοχον
2317 5041 2344 5090 ὀ
2375 5039 2528 5101 Θεὸς,
2567 5039 2690 5092 οὔτε
2720 5042 3052 5111 ἀρξάμενον,
3083 5047 3208 5099 οὔτε
3244 5049 3606 5118 παυσόμενον,

2043 5127 2167 5180 οὔτε
2201 5131 2592 5199 μετρούμενον,
2625 5134 2830 5200 ὀλίγοις
2861 5137 2987 5189 ὅσον
3032 5138 3150 5190 ἐστὶ
3197 5138 3570 5208 θεωρούμενον
3594 5159 3606 5172 ·

2042 5213 2196 5287 οἶμαι
2225 5221 2300 5284 δὲ,
2334 5223 2453 5274 οὐδὲ
2481 5223 2704 5291 ὀλίγοις.
2738 5228 2848 5279 Καὶ
2882 5229 3037 5296 φῶτα
3063 5230 3291 5301 δεύτερα
3331 5233 3425 5284 τοῦ
3459 5235 3600 5304 πρώο

2041 5328 2133 5363 του
2167 5314 2343 5380 φωτὸς
2371 5315 2784 5386 άπαυγάσματα
2805 5322 2858 5371 αἱ
2889 5324 3015 5391 περὶ
3039 5323 3200 5374 αὑτὸν
3227 5324 3483 5392 δυνάμεις
3512 5330 3604 5379 καὶ

2041 5403 2108 5454 τὰ
2134 5403 2479 5474 λειτουργικὰ
2536 5409 2843 5478 πνεύματα.
2883 5414 2990 5465 Καὶ
3035 5416 3174 5482 μετὰ
3215 5418 3444 5484 μικρὸν*
3481 5420 3605 5482 ἰὀῖς

2043 5494 2145 5562 μὲν
2184 5497 2376 5561 ἀϊδίοις
2407 5502 2569 5564 αὐτός
2606 5502 2724 5554 ἐστι
2780 5505 2894 5572 φῶς
2927 5508 3020 5559 καὶ
3067 5508 3167 5560 οὐκ
3201 5509 3329 5560 ἄλλο
3354 5525 3366 5536 ·
3408 5512 3459 5561 τί
3497 5512 3605 5580 γὰρ

2039 5587 2146 5639 ἔδει
2185 5589 2360 5656 φωτὸς
2391 5591 2646 5662 δευτέρου
2683 5596 2796 5656 τοῖς
2835 5595 2898 5647 16
2935 5597 3193 5665 μέγιστον
3227 5597 3447 5668 ἐχουσι;
3491 5603 3605 5662 τοῖς

2039 5681 2191 5732 κάτω
2218 5681 2273 5732 δὲ
2311 5683 2440 5752 περὶ
2471 5685 2620 5752 ἡμᾶς
2654 5685 2879 5754 πρώτην
2913 5689 3186 5759 ἐκλάμπει
3230 5691 3331 5761 τὴν
3358 5690 3453 5746 τοῦ
3487 5710 3605 5759 φω-

2037 5771 2127 5834 τός
2164 5773 2351 5826 τούτου
2381 5775 2633 5844 δύναμιν.
2669 5779 2808 5845 ’Λρχ
2833 5778 2926 5833 οὑν
2956 5786 3072 5833 ἐστι
3104 5783 3239 5850 φῶς,
3270 5783 3370 5835 κᾶν
3402 5786 3450 5834 οί
3476 5787 3604 5852 περὶ

2040 5864 2129 5916 τὸν
2161 5865 2425 5944 ἓτιρὶαάμ
2451 5885 2508 5919 τε
2541 5871 2632 5923 καὶ
2677 5871 3000 5938 Ἀκίνδυνον,
3037 5879 3129 5928 καὶ
3165 5875 3451 5944 Γρηγηρᾶν
3479 5895 3599 5927 του-
