4046 6432
325 387 476 458 71093

1088 403 1391 463 CONTRA
1424 405 1862 475 GREGORAM
1904 410 2676 477 ANTIRRHETICURUM
2731 419 2838 482 XI.

3460 428 3596 492 1096

335 511 395 576 ἐξ
423 511 592 579 αὐτῆς
624 512 700 574 εἰς
739 513 886 581 ἡμᾶς
919 515 1304 582 προαγομένας
1335 515 1619 585 δυνάμεις,
1651 517 1914 570 ἐκθεωτι-
1945 527 1990 578 Α
2021 538 2133 588 γων
2178 526 2570 593 μυσταγωγίαν
2591 566 2606 590 ,
2660 529 2689 578 6
2739 530 3076 602 προρρηθείς
3121 551 3258 604 φησι
3305 535 3555 608 θεολόγος
3578 582 3595 606 ,

335 602 436 664 κάς
467 602 499 670 ἢ
532 604 898 665 οὐσιοποιοὺς,
923 604 954 672 ἦ
983 604 1338 676 ζωογόνουςῆ
1369 607 1735 675 σοφοδώρους.
1764 610 1912 678 Αὑτῇ

329 697 390 747 δὲ
412 697 561 747 κατὰ
585 694 688 764 τὴν
713 695 905 747 πασῶν
933 697 1042 748 τῶν
1076 697 1282 766 νοερῶν
1317 699 1613 766 ἐνεργειῶν
1647 699 1914 754 ἀπόλυσιν

331 787 722 856 ἐπιϐάλλομεν.
753 789 864 840 Kal
893 787 1056 840 πάλιν
1079 807 1093 819 ο
1129 790 1203 841 Τὸ
1243 789 1322 854 ἓν,
1354 790 1416 843 τὸ
1460 791 1909 860 ὑπεράγνωστον,

330 880 395 931 τὸ
414 879 768 946 ὑπερούσιον,
801 881 934 933 αὐτὸ
957 880 1018 932 τὸ
1054 880 1259 949 ἀγαθὸν
1290 883 1428 951 ὅπερ
1471 884 1589 936 ἐστὶ
1620 886 1721 954 τὴν
1752 901 1911 954 τρια-

327 971 489 1039 δικὴν
517 972 680 1025 ἐνάδα
714 974 879 1042 φημὶ,
913 972 1012 1041 τὴν
1033 974 1260 1042 όμόθεον
1291 975 1386 1028 καὶ
1423 976 1758 1044 όμοάγαθον,
1789 967 1912 1029 οὔτε

330 1065 511 1116 εἰπεῖν
544 1063 669 1117 οὔτε
697 1066 950 1134 ἐννοῆσαι
986 1065 1236 1119 δυνατόν.

418 1159 580 1212 Ἀλλᾶ
615 1161 706 1212 καὶ
729 1160 785 1211 αἱ
812 1161 926 1212 τῶν
954 1160 1126 1224 ἁγίων
1160 1159 1448 1228 δυνάμεων
1472 1159 1911 1226 ἀγγελοπρεπεῖς

329 1249 575 1315 ἐνῶσεις,
607 1249 672 1312 ἃς
709 1250 820 1303 εἴτε
861 1250 1120 1313 ἐπιὸολάς
1154 1251 1264 1303 εἴτε
1297 1251 1616 1322 παραδοχάς
1667 1251 1770 1319 χρὴ
1805 1251 1912 1318 φά-

331 1357 424 1393 ναι
455 1342 552 1408 τῆς
608 1341 1038 1410 ύπεραγνώστου
1088 1343 1184 1393 καὶ
1241 1342 1486 1408 ἀφανοῦς
1545 1342 1910 1410 ἀγαθότητοε,

333 1433 567 1504 ἄρρητοί
611 1434 672 1485 τέ
717 1435 826 1486 εισι
875 1433 968 1485 καὶ
1013 1433 1306 1501 ἄγνωστοι,
1348 1436 1444 1487 καὶ
1497 1435 1678 1501 μόνοις
1725 1435 1913 1495 αὐτοῖς

331 1527 704 1595 ἐνυπάρχουσι
750 1507 864 1588 τοῖς
899 1526 1040 1596 ὑπὲρ
1074 1526 1280 1593 γνῶσιν
1324 1527 1628 1594 ἀγγελικὴν
1669 1525 1912 1595 ἠξιωμέ-

330 1635 444 1680 νοις
480 1618 662 1671 αὐτῶν
708 1618 991 1685 ἀγγέλοις.
1028 1618 1270 1682 Ταύταις
1309 1619 1358 1671 oi
1395 1618 1650 1678 θεοειδεῖς
1683 1616 1914 1684 ἀγγελο-

334 1711 594 1780 μιμήτως
639 1710 714 1770 ὼς
745 1711 969 1779 ἐφικτὸν
1027 1711 1310 1779 ἐνούμενοι
1360 1711 1499 1775 νόες,
1535 1709 1725 1779 ἐπειδὴ
1767 1709 1912 1762 κατά

325 1803 514 1871 πάσης
549 1805 744 1871 νοερᾶς
767 1803 1053 1872 ἐνεργείας
1083 1802 1397 1855 ἀπόπαυσιν
1427 1805 1460 1872 ἡ
1493 1802 1675 1854 τοιάδε
1697 1803 1910 1870 γίνεται

2015 609 2211 679 ῶσπερ
2234 612 2296 665 ἐκ
2327 631 2476 677 τινος
2501 617 2732 671 ἀεννάου
2782 622 2992 690 πηγῆς,
3026 627 3166 679 κατά
3222 625 3597 700 ἀπειρόδωρον

2018 707 2200 772 χάριν,
2251 707 2352 772 τῆς
2405 709 2686 775 ἀκηράτου
2721 712 2971 777 θεώσεως
3025 720 3104 776 εἰς
3160 719 3307 788 ἡμᾶς
3339 723 3399 772 τὸ
3449 724 3598 791 μέγα

2017 796 2237 865 πρόεισι
2271 798 2464 866 δῶρον.
2496 800 2589 853 Διὸ
2633 801 2728 855 καὶ
2751 803 3005 873 θεολόγος
3043 809 3230 874 ’ἑτερος
3259 812 3357 880 ἤδη
3385 814 3598 880 φθάσας

2017 885 2279 953 ἐδίδαξεν,
2327 888 2628 959 Ἀνάρχως,
2667 891 2864 960 λέγων,
2909 897 2973 948 ἐκ
3015 897 3108 950 τοῦ
3148 899 3364 968 Πατρός
3398 919 3598 974 γεννηο

2017 978 2130 1040 θεὶς
2153 980 2182 1031 6
2211 981 2466 1048 Χριστὸς,
2500 984 2596 1051 τὴν
2626 988 2860 1055 φυσικὴν
2891 989 3085 1041 ἀκτῖνα
3128 993 3367 1062 ἄναρχον
3398 995 3598 1066 κέκτη-

2017 1084 2107 1120 ται
2133 1069 2233 1136 τῆς
2257 1069 2534 1140 θεότητος.
2578 1073 2670 1126 Ἐκ
2701 1075 2911 1146 Πατρός
2949 1078 3048 1145 μὲν
3090 1080 3220 1150 γὰρ,
3263 1086 3448 1152 φησὶν,
3483 1087 3600 1138 ἀλλ’

2015 1162 2272 1232 ἀνάρχως
2319 1165 2413 1216 καὶ
2446 1159 2692 1235 ἀχρόνως
2717 1168 2834 1218 ἐστὶ
2865 1168 2966 1238 τὴν
3007 1173 3214 1227 οίκείαν
3257 1180 3601 1247 κεκτημένος

2015 1256 2113 1322 τῆς
2135 1255 2290 1326 δόξης
2315 1256 2704 1328 λαμπρότητα,
2734 1261 2829 1313 καὶ
2858 1264 3167 1332 σαρκωθεὶς
3192 1268 3221 1319 6
3243 1268 3405 1331 αὑτός
3427 1275 3598 1336 ἐστιν,

2017 1348 2112 1400 ἐπὶ
2142 1349 2246 1418 τῆς
2293 1349 2500 1412 οἰκείας
2534 1352 2716 1436 μένων
2748 1356 3075 1424 φανότητος.
3125 1359 3237 1411 Kal
3266 1359 3424 1412 τοῦτό
3459 1363 3598 1424 ἐστι,

2017 1440 2172 1509 φησὶ,
2203 1442 2285 1505 τὸ,
2313 1444 2750 1513 Μετεμορερώθη
2779 1446 3125 1514 ἔμπροσθεν
3151 1451 3370 1504 αὐτῶν.
3401 1455 3598 1507 Μένων

2015 1533 2126 1603 γὰρ
2148 1533 2310 1596 αὐτὸς
2338 1537 2398 1586 ἐν
2424 1535 2740 1605 ταυτότητι,
2775 1539 2922 1608 παρὸ
2951 1540 3146 1609 τοπρὶν
3175 1543 3450 1610 ἐφαίνετο.
3481 1545 3599 1598 ἐτει-

2020 1644 2112 1697 ρος
2144 1626 2241 1681 νῦν
2271 1630 2389 1691 τοῖς
2414 1630 2691 1699 μαθηταῖς
2721 1633 2933 1703 ἑωρᾶτο
2959 1635 3310 1704 φαινόμενος.
3348 1639 3517 1707 Ὁμοῦ
3539 1641 3598 1694 δὲ.

2015 1721 2117 1773 καὶ
2149 1720 2212 1774 τὸ
2242 1717 2346 1790 τῆς
2381 1722 2530 1786 θείας
2559 1724 2776 1791 φύσεως
2809 1726 3085 1780 διδάσκων
3119 1730 3376 1800 ἀόρατον,
3411 1733 3502 1784 καὶ
3537 1732 3600 1785 τὸ

2013 1811 2114 1878 τῆς
2168 1812 2488 1883 ἀπορρήτου
2547 1814 2751 1884 ταύτης
2789 1816 3075 1885 ἐνεργείας
3128 1824 3223 1872 καὶ
3276 1821 3603 1893 ἐλλάμψεως

329 1894 439 1948 τῶν
470 1869 1020 1962 ἐκθεουμένωνννὸῶν
1060 1894 1196 1968 πρὸς
1223 1895 1284 1946 τδ
1315 1869 1587 1962 ὕπέρθεον
1619 1869 1733 1960 φῶξ
1778 1893 1912 1945 ἕνω·
1947 1869 1988 1924 Β
2022 1869 2220 1971 ὁρατὸν
2251 1869 2408 1966 αιῦθιις
2437 1907 2494 1956 ἐν
2523 1869 2827 1973 Πνεύματι,
2856 1869 2949 1961 καί.
2979 1869 3072 1962 ὅτι.

331 2005 437 2052 σιξ,
472 1985 736 2055 ὑμνοῦσιν
765 1987 898 2038 αὐτὸ
944 1987 1263 2054 κυριώτατα
1291 1986 1377 2038 διὰ
1410 1987 1510 2056 τῆς
1555 1986 1776 2038 πάντων
1802 1984 1913 2038 τῶν

329 2082 503 2134 ὄντων
555 2081 938 2150 ἀφαιρέσεως,
987 2079 1149 2132 τοῦτο
1195 2080 1411 2145 ἀληθῶς
1464 2082 1558 2132 καὶ
1616 2077 1913 2147 ὑπερφυῶς

329 2170 731 2239 ἐλλαμφθέντες
791 2173 856 2225 ἐκ
906 2172 1007 2239 τῆς
1065 2172 1202 2240 πρὸς
1255 2171 1421 2224 αὑτὸν
1478 2171 1913 2239 μακαριωτάτης

329 2248 600 2330 ἐνὼσεως,
635 2266 720 2317 ὅτι
771 2265 993 2317 πάντων
1045 2264 1144 2335 μὲν
1190 2265 1310 2316 ἐστι
1366 2263 1477 2316 τῶν
1507 2263 1678 2316 ὅντων
1714 2261 1912 2328 αἴτιον,

330 2361 464 2414 αὐτὸ
495 2361 552 2412 δὲ
583 2357 759 2420 οὐδὲν,
787 2357 862 2420 ὡς
897 2357 1117 2409 πάντων
1148 2355 1492 2425 ὗπερουσίως
1540 2353 1910 2423 ἐξῃρημένον.

336 2454 503 2506 Ὥστε
539 2453 807 2504 δέδεικται
853 2449 939 2520 διά
967 2448 1186 2501 πάντων
1222 2447 1330 2500 τῶν
1357 2446 1662 2514 είρημένων
1699 2447 1815 2506 τοῖς
1845 2443 1911 2496 τά

334 2545 455 2598 θεῖα
489 2544 649 2597 ταυτὶ
669 2542 766 2596 καὶ
795 2539 1034 2594 παθοῦσι
1063 2540 1160 2594 καὶ
1189 2537 1423 2606 μαθοῦσι
1451 2538 1654 2602 καλῶς,
1686 2537 1769 2590 ὅτι
1791 2535 1912 2588 κατ’

332 2636 523 2691 οὐσίαν
579 2633 680 2702 μὲν
738 2633 766 2684 6
823 2631 954 2692 Θεὸς
1011 2629 1124 2682 οὔτ’
1159 2627 1307 2682 ἐστιν
1340 2630 1464 2681 οὔτε
1513 2617 1736 2694 λέγεται
1771 2626 1912 2694 φῶς,

332 2732 523 2797 ῶσπερ
545 2727 610 2798 δὴ
640 2727 736 2779 xal
775 2723 943 2779 τᾶλλα
978 2722 1088 2776 τῶν
1118 2721 1276 2774 θείων
1301 2723 1410 2773 ,καὶ
1451 2717 1754 2788 ὑπερφυῶν
1786 2719 1915 2770 ὀνο·

338 2822 526 2892 μάτων
552 2838 567 2852 ο
607 2822 654 2872 εί
691 2819 764 2888 μή
803 2833 908 2871 που
944 2817 1064 2868 κατ’
1099 2815 1282 2867 αἰτίαν
1312 2813 1475 2866 αὐτὸν
1506 2810 1657 2878 λέγοι
1684 2827 1790 2872 τις,
1824 2809 1912 2862 λέ-

334 2933 494 2983 γεται
549 2912 655 2981 γάρ
692 2908 837 2974 κατά
871 2907 1065 2960 τοῦτον
1121 2905 1214 2958 τὸν
1253 2905 1414 2972 λόγον
1454 2904 1551 2957 καὶ
1593 2902 1794 2962 πάντα,
1836 2899 1914 2962 ὡς

335 3011 510 3069 αίτιος
536 3005 754 3058 πάντων
784 3000 1010 3054 ἐκείνων
1032 3015 1046 3029 ’
1102 2999 1226 3051 κατ’
1265 2999 1548 3064 ἐνέργειαν
1575 2995 1632 3047 δέ
1677 2993 1916 3063 φυσικὴν

335 3100 432 3153 καὶ
467 3099 626 3167 χάριν
657 3096 752 3148 καὶ
781 3090 1052 3160 ἐλλαμψιν
1085 3091 1182 3142 καὶ
1233 3089 1348 3140 ἐστι
1390 3089 1487 3140 καὶ
1523 3087 1740 3154 λέγεται
1772 3085 1910 3150 φῶς.

2019 1993 2208 2078 τούτῳ.
2242 1997 2714 2052 συνδιαιωνίσουσι
2765 1998 2844 2069 τῷ
2898 2000 3004 2070 τῆς
3059 2003 3413 2074 δικαιοσύνης
3463 2005 3602 2076 ἡλίῳ

2017 2088 2244 2159 Χριστῷ
2266 2092 2742 2162 συνεκλάμποντες
2770 2094 3079 2160 ἀγγελικῶς
3106 2098 3154 2148 οἱ
3179 2097 3430 2161 θεοειδεῖς
3454 2101 3600 2153 κατά

2017 2180 2118 2250 τὴν
2142 2182 2335 2234 τούτου
2362 2183 2682 2252 ὑπόσχεσιν,
2730 2188 2868 2239 Τότε
2897 2189 2953 2240 οἱ
3003 2182 3221 2242 δίκαιοι
3247 2190 3604 2258 λάμψουσιν

2016 2271 2097 2335 ὠς
2124 2275 2157 2325 ό
2191 2267 2364 2339 ἣλιος
2388 2274 2459 2326 ἐν
2484 2275 2560 2343 τῇ
2585 2275 2879 2344 βασιλείᾳ
2904 2279 3012 2332 τοῦ
3038 2281 3291 2346 Πατρός,
3323 2281 3598 2349 λέγοντος,

2017 2363 2153 2415 Θεὸν
2187 2365 2304 2432 μὲν,
2342 2368 2530 2434 φησὶν,
2585 2369 2762 2433 οὐδεὶς
2816 2371 3031 2441 ἑώρακε
3065 2374 3287 2426 πώποτε
3337 2376 3472 2427 καθὸ
3504 2376 3573 2428 πέ

2020 2472 2158 2522 φυκε
2194 2457 2449 2524 φύσεωςο
2479 2461 2576 2512 καὶ
2606 2461 2632 2513 6
2665 2461 2721 2514 δὲ
2746 2462 3016 2533 ἑώρακεν,
3046 2465 3103 2516 ἐν
3129 2466 3406 2534 Πνεύματι
3440 2469 3603 2520 τοῦτο
3711 2515 3714 2518 .

2017 2553 2300 2606 τεθέαται.
2330 2551 2480 2621 Αὕτη
2505 2555 2538 2623 ἡ
2557 2554 2846 2619 ἀλλοίωσις
2875 2557 2974 2626 τῆς
2993 2557 3178 2622 δεξιάς
3201 2559 3295 2612 τοῦ
3313 2559 3599 2626 Ὑψίστου.

2018 2645 2207 2698 Ταῦτά
2261 2647 2413 2698 ἐστιν
2460 2645 2497 2699 ἃ.
2553 2645 2830 2716 ὀφθαλμὸς
2877 2648 2978 2702 οὐκ
3025 2647 3169 2712 εἶδε,
3211 2653 3306 2702 καὶ
3353 2647 3448 2724 οῦς
3499 2652 3601 2704 οὐκ

2024 2738 2252 2809 ἢκουσε,
2288 2740 2385 2791 καὶ
2413 2738 2506 2792 ἐπὶ
2542 2740 2774 2808 καρδίαν
2818 2735 3106 2811 ἀνθρώπου
3141 2746 3239 2798 οὐκ
3284 2746 3450 2811 ἀνέση
3484 2745 3599 2797 πώ-

2019 2847 2174 2884 ποτε.
2230 2829 2423 2892 Οὕτως
2479 2831 2539 2882 ἐν
2595 2831 2754 2884 αἰῶνι
2789 2831 2870 2900 τῷ
2921 2833 3170 2902 μέλλοντι
3207 2835 3442 2888 ’πάντοτε
3503 2837 3604 2888 σὺν

2023 2922 2214 2993 Κυρίῳ
2261 2922 2521 2990 ἐσόμεθα,
2556 2923 2792 2992 Χριστὸν
2834 2925 3075 2993 ὁρῶντες
3116 2925 3192 2992 τῷ
3231 2925 3369 2994 φωτὶ
3396 2925 3603 2995 ἀστράο

2021 3031 2230 3067 πτοντα
2270 3014 2372 3076 τῆς
2414 3012 2692 3084 θεότητος.
2745 3016 2858 3068 Kal
2887 3017 3083 3069 πάλιν·
3131 3018 3218 3082 Ὠς
3246 3021 3356 3088 γὰρ
3392 3022 3419 3072 6
3457 3019 3600 3084 θεῖος

2021 3107 2194 3171 ὅντως
2226 3107 2318 3160 καὶ
2351 3108 2614 3178 θεηγόρος
2657 3107 2932 3171 Διονύσιος
2961 3110 3188 3178 ἔφησεν,
3233 3112 3419 3174 (ιῦτως
3449 3115 3476 3164 6
3499 3117 3600 3165 Δε-

333 3193 396 3245 τὺ
425 3190 721 3260 ἀπρόσιτον
756 3185 850 3238 καὶ
879 3183 1206 3276 ἀκρότίξτοντ
1239 3180 1333 3232 καὶ
1366 3181 1468 3276 ξσέι
1503 3178 1566 3248 δὴ
1585 3174 1916 3276 ξοξξ-θεολός
1940 3207 1986 3270 c
2025 3203 2234 3271 σπότης
2262 3174 2564 3271 ὀφθήσεται
2600 3205 2711 3265 τοῖς
2742 3203 2938 3256 ἑαυτοῦ
2973 3174 3203 3270 τελείοις
3235 3205 3592 3276 θεράπουσιν,

291 3333 300 3340 .
334 3302 454 3352 γοις
501 3259 559 3334 ἐν
591 3282 704 3340 τοῖς
741 3277 1010 3345 φθάσασιν
1063 3259 1325 3342 ὕμνηται.
1363 3272 1470 3324 Kal
1517 3270 1678 3323 τοῦτό
1707 3272 1823 3320 ἐστι
1853 3267 1916 3320 τὸ

333 3377 434 3442 τῆς
483 3372 714 3442 Τριάδος
749 3367 984 3438 φυσικὸν
1033 3365 1129 3416 καὶ
1166 3363 1404 3433 ἄναρχον
1456 3363 1551 3416 καὶ
1612 3359 1914 3429 ἀπρόσιτον

336 3470 478 3539 φῶς,
514 3467 639 3520 καθ’
667 3465 693 3516 6
723 3465 818 3516 καὶ
852 3461 968 3530 φῶς
997 3461 1170 3514 οἰκεῖν
1203 3457 1502 3526 ἀπρόσιτον
1529 3458 1557 3510 6
1599 3455 1732 3516 Θεὸς
1765 3453 1917 3522 παρά

334 3563 433 3630 τῆς
464 3560 615 3621 θείας
644 3555 867 3626 Γραφῆς
912 3553 1132 3619 λέγεται
1161 3591 1176 3612 ,
1222 3552 1318 3603 καὶ
1367 3548 1768 3601 ἀναϐάλλεσθαι
1800 3545 1917 3614 φῶς

335 3657 413 3717 ὼς
453 3654 688 3720 ἱμάτιον,
743 3646 861 3712 καὶ,
897 3645 959 3698 Ἠ
999 3645 1354 3710 λαμπρότης
1387 3640 1493 3694 τοῦ
1545 3638 1697 3693 Θεοῦ
1744 3634 1918 3706 ἡμῶν

335 3744 432 3814 ἐφ’
467 3741 644 3810 ἡμᾶς,
679 3739 844 3809 φησὶν
915 3738 943 3788 6
977 3735 1120 3796 θεῖος
1154 3731 1341 3792 Δαδ¹ιδ,
1375 3731 1492 3792 καὶ,
1528 3727 1918 3797 Σημειωθήτω

337 3838 434 3908 ἐφ’
480 3835 640 3904 ἡμᾶς
670 3833 737 3886 τὸ
783 3830 910 3900 φῶς
944 3825 1052 3881 ⁴ιὀῦ
1105 3824 1438 3894 προσώπου
1462 3837 1603 3886 σου,
1641 3821 1776 3890 πρὸς
1828 3821 1919 3872 τὸν

337 3929 474 3982 Θεὸν
517 3929 544 3979 6
589 3925 753 3985 αὐτὸς
799 3919 978 3982 αὖθις,
1021 3915 1120 3970 καὶ
1169 3915 1534 3986 παραπλήσια
1580 3911 1812 3974 τούτοις,
1859 3909 1921 3963 τὸ

340 4020 564 4088 πρῶτον
595 4013 690 4067 καὶ
721 4012 981 4082 μέγιστον
1007 4008 1124 4077 φῶς
1153 4006 1262 4058 τῶν
1286 4004 1596 4073 ἀσωμάτων
1623 4004 1714 4055 καὶ
1735 4001 1919 4055 ἀϊδίων

341 4112 652 4176 δυνάμεων,
689 4096 750 4156 οῦ
809 4101 1131 4172 μετέχοντες
1176 4099 1396 4161 ἐκεῖνοι,
1436 4094 1692 4162 δευτέρου
1742 4093 1922 4159 φωτὸς

341 4203 526 4254 είτουν
569 4193 836 4263 αἰσθητοῦ
863 4193 960 4245 καὶ
986 4188 1210 4244 κτιστοῦ
1239 4187 1381 4241 κατά
1409 4187 1502 4240 τὸν
1538 4185 1921 4257 προρρηθέντα

341 4293 597 4354 θεολόγον
647 4289 708 4342 οὐ
737 4287 976 4340 δέονται’
1023 4283 1078 4336 τί
1120 4283 1230 4351 γὰρ
1277 4281 1384 4334 ἔδει
1437 4280 1614 4348 φωτὸς
1643 4278 1920 4348 δευτέρου,

340 4386 501 4456 φησὶ,
557 4383 672 4443 τοῖς
714 4378 777 4432 τὸ
811 4377 1073 4448 μέγιστον
1123 4373 1371 4443 ἐχουσιν;
1405 4372 1473 4426 Ὃ
1503 4371 1570 4440 δὴ
1605 4369 1700 4424 καὶ
1740 4370 1924 4437 θαῦμα

311 4478 440 4529 ’καὶ
474 4457 788 4539 δοξολογίαν
838 4467 934 4521 καὶ
990 4464 1198 4535 τροφὴν
1252 4462 1432 4516 αὐτῶν
1481 4456 1621 4514 εῖναι
1674 4459 1925 4526 θεολόγος

2017 3295 2076 3348 6v
2111 3295 2314 3365 τρόπον
2338 3295 2394 3347 ἐν
2419 3295 2537 3363 ὄρει
2577 3294 2779 3363 Θαὸὼρ
2809 3299 2922 3359 τοῖς
2955 3298 3278 3359 ἀποστόλοις
3304 3293 3603 3354 όπτάνετάι

2017 3385 2232 3449 τούτοις
2257 3388 2370 3449 τοῖς
2395 3387 2703 3455 θεοφόροις.
2737 3389 2844 3439 Kal
2875 3389 2902 3439 6
2925 3386 3182 3459 θεοφόρος
3210 3392 3326 3458 ἅμα
3358 3393 3450 3443 καὶ
3478 3393 3609 3443 Θεο-

2019 3475 2180 3542 λόγος
2217 3475 2483 3545 συνᾴδων,
2529 3469 2677 3548 ᾗπερ
2710 3476 2872 3544 ἔφην,
2920 3476 3241 3547 Γρηγόριος,
3275 3479 3432 3542 ’Ἥξει
3482 3481 3605 3549 μὲν,

2022 3567 2211 3637 φησὶν,
2248 3568 2278 3619 ό
2309 3567 2543 3638 Χριστὸς
2577 3567 2718 3636 μετά
2748 3568 2843 3620 τοῦ
2875 3568 3152 3636 σώματος,
3183 3572 3257 3632 ὡς
3296 3575 3322 3624 6
3353 3574 3483 3639 ἐμὸς
3515 3575 3608 3627 λό-

2019 3673 2114 3724 γος
2136 3673 2152 3689 ο
2179 3655 2422 3716 τοιοῦτος
2443 3655 2498 3707 δὲ
2527 3649 2639 3715 οἶος
2669 3654 2826 3725 ὤφθη
2852 3658 2964 3718 τοῖς
2995 3656 3270 3726 μαθηταῖς
3299 3662 3352 3710 ἐν
3377 3657 3457 3729 τῴ
3485 3661 3607 3732 ὄρει

2021 3744 2054 3814 ἦ
2087 3743 2449 3813 παρεδείχθη,
2489 3743 2878 3813 ὑπερνικώσης
2921 3746 2985 3799 τὸ
3020 3750 3250 3816 σαρκίον
3291 3750 3388 3816 τῆς
3419 3752 3609 3822 θεότη-

2019 3853 2132 3898 τος.
2170 3837 2237 3887 Ἀ
2272 3835 2336 3904 δὴ
2364 3835 2458 3888 καὶ
2491 3834 2795 3905 Ίωάννηςό
2821 3837 3142 3906 ἐπιστήθιος
3173 3841 3606 3914 Εύαγγελιστὴς,

2019 3930 2106 3982 διὰ
2140 3928 2247 3981 τῶν
2282 3927 2444 3980 θείων
2495 3928 2898 3998 ἀποκαλύψεων
2953 3931 3110 3994 αὖθις
3162 3937 3256 3986 καὶ
3292 3937 3605 4006 μυούμενος

2021 4021 2118 4074 καὶ
2166 4018 2388 4088 ὑψηλῶς
2423 4018 2717 4083 διδάσκων,
2781 4021 2864 4073 Οὐ
2899 4023 3112 4089 χρείαν
3146 4025 3296 4092 ἔχει,
3333 4030 3520 4096 φησὶν,
3567 4029 3608 4097 ἠ

2022 4109 2145 4162 ἄνω
2187 4109 2594 4179 Ἰερουσαλὴμ
2624 4111 2732 4164 τοῦ
2764 4113 2946 4180 ἡλίου
2989 4113 3130 4167 οὐδὲ
3164 4116 3275 4181 τῆς
3309 4118 3606 4186 σελήνης,

2023 4199 2124 4252 ἵνα
2154 4202 2460 4268 φαίνωσιν
2500 4200 2570 4253 ἐν
2619 4200 2798 4269 αὐτῇ.
2838 4203 2899 4257 Ἠ
2938 4206 3050 4272 γὰρ
3088 4205 3238 4270 δόξα
3283 4211 3390 4262 τοῦ
3455 4211 3608 4263 Θεοῦ

2021 4291 2321 4360 ἐφώτισεν
2345 4291 2567 4360 αὐτὴν,
2602 4294 2701 4346 καί
2734 4298 2766 4347 ό
2797 4295 3030 4362 λύχνος
3060 4299 3254 4366 αὐτῆς
3279 4300 3346 4353 τὸ
3369 4301 3607 4368 ἀρνίον,

2025 4380 2122 4434 καὶ
2138 4380 2624 4449 περιπατήσουσι
2655 4382 2727 4436 τὰ
2748 4383 2897 4452 ἔθνη
2923 4384 3022 4438 διὰ
3045 4386 3152 4439 τοῦ
3173 4391 3370 4456 φωτὸς
3395 4392 3607 4458 αὐτῆς.

2027 4472 2136 4526 Kal
2173 4473 2312 4540 μετά
2335 4490 2455 4525 τινα
2478 4512 2494 4536 ,
2532 4473 2644 4526 Καὶ
2672 4476 2952 4542 ὄψονται,
2989 4478 3146 4546 φησὶ,
3183 4479 3251 4533 τὸ
3282 4482 3612 4548 πρόσωπον

338 4568 512 4638 φησὶν
551 4565 762 4630 ἕτερος,
800 4558 862 4612 τὸ
888 4557 1032 4612 κατὰ
1069 4556 1169 4624 τὴν
1203 4555 1634 4624 μεταμόρφωσιν
1662 4550 1922 4618 ἀνυμνῶν
1953 4560 1998 4614 D
2026 4563 2136 4632 τοῦ
2167 4564 2314 4618 Θεοῦ
2339 4564 2438 4617 καὶ
2463 4565 2571 4618 τοῦ
2594 4566 2833 4634 ἀρνίου,
2857 4569 2954 4620 καὶ
2982 4567 3050 4620 τὸ
3082 4569 3274 4638 ὄνομα
3299 4573 3486 4627 αὐτοῦ
3511 4577 3612 4628 ἐπὶ

339 4659 439 4714 τοῦ
472 4655 710 4727 Χριστοῦ
743 4652 1067 4723 μυστήριον,
1092 4647 1288 4711 Τοῦτο,
1308 4647 1507 4712 λέγων,
1543 4643 1921 4713 θαυμάζουσιν

339 4748 606 4817 ἄγγελον
669 4744 832 4798 τοῦτο
897 4737 1275 4808 δοξολογοῦσιν
1338 4736 1706 4807 ἀρχάγγελοιο
1763 4733 1923 4786 τοῦτο

340 4846 498 4898 πᾶσα
527 4842 638 4894 τῶν
663 4835 1057 4910 ὑπερκοσμίων
1089 4836 1124 4904 η
1152 4831 1321 4903 νοητὴ
1345 4831 1708 4900 διακόσμησις
1739 4828 1922 4890 ἀΰλως

287 4914 290 4916 Ὺ
341 4933 681 5001 ἐστιωμένη.
708 4927 1014 4997 τεκμήριον
1050 4922 1451 4993 ἐναργέστατόν
1480 4937 1538 4972 τε
1569 4919 1663 4981 καὶ
1693 4917 1922 4987 ἀψευδέο

341 5041 542 5080 στατον
572 5021 784 5076 τίθεται
809 5019 911 5078 τῆς
942 5015 1073 5086 περὶ
1098 5015 1246 5085 ἡμᾶς
1278 5012 1373 5067 τοῦ
1407 5013 1584 5080 Λόγου
1616 5011 1924 5080 φιλανθρω-

341 5114 500 5174 πίας.
533 5111 710 5165 Τοῦτο
739 5110 834 5162 καὶ
864 5105 1102 5176 Χριστὸς
1143 5106 1170 5156 6
1216 5103 1321 5171 τῆς
1362 5102 1714 5173 δικαιοσύνης
1767 5101 1919 5169 ἥλιος

337 5206 594 5273 ἀνάρχως
624 5205 698 5264 ὡς
736 5199 978 5272 φυσικὴν
1011 5193 1413 5265 προϊσχόμενος
1445 5193 1796 5256 ἀκτῖνα,·καὶ
1823 5193 1913 5244 δό-

340 5301 445 5364 ξαν
471 5299 714 5367 ἔμφυτον
739 5295 836 5362 τῆς
858 5287 1065 5350 οἰκείας
1093 5287 1370 5355 θεότητος,
1395 5284 1607 5350 δοξάζει
1638 5286 1736 5354 μὲν
1758 5283 1918 5336 τοῦτο

336 5390 438 5446 καὶ
469 5390 570 5459 τὴν
611 5383 961 5455 ἀνθρωπείαν
995 5377 1191 5434 ἐαυτοῦ
1224 5377 1391 5446 φύσιν
1431 5375 1550 5445 ἅμα
1572 5379 1641 5446 τῇ
1674 5377 1919 5447 προσλή-

339 5483 438 5552 ιζει
491 5479 697 5548 ταύτης
745 5476 1072 5545 ἀπορρήτως
1119 5470 1262 5524 κατὰ
1309 5471 1410 5539 τὴν
1460 5467 1582 5521 καθ’
1620 5469 1918 5521 ὑπόστασιν

319 5575 539 5630 ’ἕνωσίν
568 5591 628 5627 τε
662 5572 759 5625 καὶ
793 5571 1024 5622 θέωσιν·
1059 5569 1154 5619 καὶ
1198 5567 1229 5634 τι,
1259 5565 1384 5631 δόξα
1424 5565 1522 5633 τῆς
1558 5563 1808 5634 θεότητος
1833 5564 1919 5617 δό-

342 5670 411 5732 ξα
435 5669 528 5720 καὶ
557 5666 650 5718 τοῦ
678 5665 930 5733 σώματος
961 5661 1192 5730 γίνεται.
1234 5657 1512 5725 Ἐκφαίνει
1544 5656 1586 5708 δ’
1618 5655 1742 5724 ἄρτι
1765 5655 1920 5727 πρώ-

338 5774 452 5819 τως
480 5760 591 5818 τοῖς
645 5755 912 5826 μαθηταῖς
944 5755 999 5806 ἐν
1044 5749 1122 5820 τῷ
1153 5750 1267 5819 ὄρει
1303 5747 1826 5818 μεταμορφούμενος
1856 5749 1916 5801 τὸ

340 5844 670 5918 μυστήριον.
705 5844 867 5897 Ὅθεν
901 5842 996 5896 καὶ
1035 5841 1175 5894 κατά
1211 5843 1310 5908 τὴν
1342 5839 1547 5908 ἀψευδή
1594 5839 1703 5892 τῶν
1730 5838 1914 5891 θεολό-

2028 4658 2149 4712 τῶν
2160 4659 2448 4726 μετώπων
2471 4660 2692 4715 αὐτῶν.
2725 4662 2834 4716 Καὶ
2858 4663 2973 4727 νὺξ
2997 4665 3108 4717 οὐκ
3134 4665 3306 4721 ἔσται
3336 4669 3481 4734 ἐκεῖ,
3511 4675 3609 4726 καὶ

2027 4756 2238 4821 χρείαν
2259 4754 2372 4806 οὐκ
2403 4753 2617 4822 ἔχουσι
2642 4757 2880 4824 λύχνου
2912 4757 3012 4809 καὶ
3055 4760 3250 4826 φωτὸς
3284 4763 3486 4828 ἡλίου,
3520 4765 3614 4818 ὅτι

2029 4844 2245 4910 Κύριος
2268 4847 2302 4897 ό
2325 4845 2468 4911 Θεὸς
2494 4848 2702 4913 φωτιεῖ
2719 4849 2963 4915 αὐτοὺς,
2993 4849 3092 4902 καὶ
3116 4845 3612 4914 ,ϐασιλεύσουσιν

2027 4938 2115 5001 είς
2149 4935 2293 5000 τοὺς
2320 4935 2538 5003 αἰῶνας
2568 4936 2688 4990 τῶν
2720 4939 2972 4997 αἰώνων.

2104 5027 2262 5081 Οὕτω
2291 5029 2352 5081 τὸ
2383 5030 2528 5082 θεῖον
2559 5031 2653 5083 καὶ
2680 5031 2853 5086 ἀΐδιον
2885 5037 2980 5087 καὶ
3014 5037 3311 5106 ἀπρόσιτον
3341 5041 3435 5093 καὶ
3451 5040 3613 5109 ἀκρό-

2030 5135 2194 5171 τατον
2242 5120 2336 5171 καὶ
2398 5122 2629 5187 φυσικὸν
2663 5126 2758 5177 καὶ
2793 5125 3109 5195 ἀδιαίρετον
3135 5129 3249 5194 φῶς
3279 5129 3376 5198 τῆς
3418 5131 3610 5200 θεότη-

2025 5225 2138 5272 τος,
2173 5210 2271 5280 τὴν
2312 5215 2550 5282 φυσικὴν
2585 5215 2679 5266 καὶ
2729 5217 3001 5270 συναῖδιον
3049 5221 3146 5272 καὶ
3185 5219 3489 5290 ἀνέσπερον
3530 5219 3614 5272 αἵ-

2029 5301 2168 5371 γλην
2198 5303 2362 5354 αὑτοῦ
2393 5306 2486 5356 καὶ
2517 5305 2677 5368 δόξαν
2711 5313 2805 5360 καὶ
2838 5309 3000 5378 χάριν
3027 5327 3083 5363 τε
3110 5313 3204 5364 καὶ
3235 5313 3539 5380 ἐνέργειαν,
3561 5316 3611 5366 ot

2028 5393 2286 5457 θεοειδεῖς
2305 5389 2452 5449 οὗτοι
2471 5399 2564 5448 καὶ
2580 5400 2888 5467 φωτοειδεῖς
2916 5402 3050 5470 όμοῦ
3073 5404 3275 5466 πάντες
3298 5404 3604 5474 καθαπερεί

2024 5503 2169 5549 τινες
2186 5486 2370 5557 λύχνοι
2391 5489 2484 5541 καὶ
2504 5490 2804 5560 λαμπάδες,
2820 5495 2855 5558 ἦ
2876 5512 2942 5546 πυ
2952 5497 3069 5566 ρσοὶ
3098 5495 3322 5566 διαέριοι
3341 5497 3609 5567 λαμπρῶς

2027 5577 2360 5645 ἀναφθέντες
2384 5580 2490 5633 ὑπὸ
2526 5581 2626 5645 τῆς
2663 5585 2942 5653 μακαρίας
2964 5587 3168 5656 ταύτης
3195 5589 3483 5659 ἀστραπῆς
3517 5589 3614 5644 καὶ¹

2027 5667 2296 5732 θεῶσεως,
2317 5673 2412 5725 καὶ
2441 5672 2767 5742 προαιὼνιον
2792 5679 2884 5729 καὶ
2904 5681 3235 5748 προκόσμιον
3265 5681 3358 5732 καὶ
3377 5682 3614 5751 ὑπερκό-

2027 5776 2190 5829 σμιον
2206 5763 2300 5815 καὶ
2324 5764 2683 5834 ἀτελεύτητον
2717 5768 2810 5819 καὶ
2852 5768 3080 5838 ἄπειρον
3110 5772 3203 5824 καὶ
3241 5765 3398 5838 δέξαν
3431 5771 3616 5825 διαιω-

2023 5852 2280 5916 νίζουσαν
2321 5856 2575 5924 ἀγγέλων
2627 5875 2685 5910 τε
2735 5864 2831 5913 καὶ
2878 5862 3071 5925 ἁγίων,
3123 5865 3218 5918 καὶ
3272 5867 3474 5923 ﬂavi:
3520 5865 3614 5918 τοῦ
