4046 6440
221 407 228 411 _
326 330 468 396 11:25

1045 331 1348 392 CONTRA
1374 328 1810 392 'GREGORAM
1841 325 2594 388 ANTIRRIIETICORUM
2639 324 2782 385 XII.

3431 318 3568 387 1126

323 453 485 521 σικὴν
536 450 820 520 ἐνέργειαν
843 489 856 512 ,
917 450 1012 503 καὶ
1050 449 1113 500 ἐδ
1171 447 1590 516 παντοδύναμον
1646 445 1894 516 βλασφη-
1921 448 1971 507 Α
1997 445 2189 497 ἑαυτὸν
2222 444 2512 512 ἐμερίσθη,
2562 439 2705 492 κατά
2736 440 2826 492 τὸν
2869 438 3202 492 Δεσποτικίν
3243 439 3421 504 λόγον,
3450 440 3573 502 πῶς

324 544 578 615 μοῦντες,
607 542 717 610 ὅσῳ
739 539 1020 608 δεινότερά
1051 556 1110 592 τε
1141 538 1238 592 καὶ
1268 538 1594 607 ἀτοπώτερα
1653 552 1894 606 κακουρ-

321 633 513 702 γοῦσιν
561 631 824 694 ἐκείνωνς
879 632 954 682 Οὐ
1004 630 1109 699 μὴν
1169 628 1285 682 ἀλλ’
1338 630 1388 682 εί
1441 629 1535 681 καὶ
1594 628 1894 697 Γρηγόριον

320 725 468 778 οῦτοι
507 723 600 777 τὸν
638 721 807 789 ἱερὸν,
837 720 1026 790 ῶσπερ
1060 721 1259 773 ἐκεῖνοι
1285 719 1404 772 τότε
1431 719 1674 787 Χριστὸν
1707 716 1891 778 κακῶς

321 819 569 885 ἔγνωσαν
613 814 818 883 λέγειν,
847 813 924 875 ὡς
956 813 1070 864 Οὐκ
1102 811 1250 864 ἐστιν
1282 812 1344 863 ἐκ
1393 809 1490 863 τοῦ
1539 809 1697 873 Θεοῦ,
1731 811 1812 862 ὅτι
1837 810 1896 862 τι

321 911 606 964 Σάϐϐατον
653 909 714 960 ού
765 908 946 976 τηρεῖ,
979 907 1074 957 καὶ
1111 903 1390 970 δαιμόνιον
1440 903 1594 972 ἔχει,
1633 904 1684 955 τί
1729 899 1895 955 αὐτοῦ

321 1001 586 1066 ἀκούετε;
619 1001 717 1053 καὶ
747 1001 814 1052 τὰ
859 996 1223 1068 παραπλήσια
1252 995 1490 1059 τούτοις,
1522 996 1636 1047 ἀλλ’
1668 997 1776 1048 ἔδει
1821 994 1896 1064 μὴ

321 1093 410 1145 διὰ
440 1092 540 1161 τὴν
567 1091 703 1160 πρὸς
742 1091 947 1141 ἐκεῖνον
974 1086 1178 1157 ἔχθραν
1198 1104 1258 1139 τε
1293 1086 1388 1139 καὶ
1423 1085 1520 1156 τὴν
1561 1085 1678 1154 ἐριν
1708 1087 1801 1138 καὶ
1837 1084 1898 1135 τὸ

326 1183 551 1252 Πνεῦμα
589 1183 684 1234 τοῦ
742 1179 880 1233 Θεοῦ
922 1181 1291 1250 βλασφημεῖν,
1337 1178 1432 1232 καὶ
1490 1179 1588 1248 τὴν
1642 1177 1900 1252 ὑπερφυᾶ

322 1275 560 1344 δύναμιν
595 1269 792 1325 τούτου
821 1273 916 1324 καὶ
946 1271 1046 1341 τὴν
1077 1271 1360 1340 ἐνέργειαν
1390 1269 1738 1340 φαρισαῖκῶς
1769 1269 1901 1322 ἀνά-

323 1383 464 1434 γειν,
495 1367 528 1435 ἢ
578 1364 839 1431 κατάγειν
877 1363 1081 1434 μᾶλλον
1135 1364 1217 1425 είς
1261 1363 1547 1430 δαίμονας.
1585 1359 1744 1415 Οὕτω
1787 1361 1898 1432 γὰρ

325 1460 392 1514 ἀν
431 1457 527 1510 καὶ
559 1455 895 1527 παραίτησίς
939 1473 1022 1518 τις
1080 1455 1215 1517 ἴσως
1263 1456 1495 1524 προσῆν.
1541 1452 1652 1506 Νῦν
1695 1453 1739 1504 δ’
1775 1454 1900 1506 ἐπέ-

325 1564 482 1602 κεινα
521 1547 705 1616 ⁸τόισης
742 1544 1074 1614 συγγνώμης
1118 1545 1190 1597 τά
1229 1547 1327 1616 τῆς
1372 1547 1448 1608 είς
1483 1545 1614 1597 Θεὸν
1654 1543 1902 1615 βλασφη-

327 1641 458 1709 μίας
501 1638 648 1693 κατά
699 1637 790 1691 τὸν
845 1636 1086 1708 Χριστοῦ
1117 1636 1276 1704 λόγον
1325 1637 1400 1706 μὴ
1434 1635 1898 1707 μεταμελομένοις

323 1733 516 1798 ἀξίως.

399 1793 510 1877 κει
566 1821 757 1876 σκαιδν
817 1822 1001 1892 μέντοι
1060 1839 1124 1890 γε
1177 1823 1271 1876 καὶ
1314 1821 1517 1892 φαῦλον
1573 1822 1769 1886 ἄλλως,
1803 1793 1974 1877 καὶΒ

327 1917 565 1980 διανοίας
615 1918 846 1984 ἀνοήτου
903 1917 1000 1970 καὶ
1049 1915 1355 1986 λογισμῶν,
1410 1917 1507 1970 καὶ
1559 1916 1681 1969 οὑδέ
1715 1917 1901 1985 σχῆμα

326 2011 460 2078 γοῦν
517 2008 804 2073 ἀποσῶζόν
853 2025 907 2061 τι
953 2007 1114 2074 λόγου
1161 2007 1222 2060 τὸ
1267 2008 1526 2076 δαίμονας
1555 2008 1612 2058 ὲν
1643 2009 1761 2070 ταῖς
1791 2006 1900 2059 τῶν

325 2102 680 2170 ἀπεχομένων
733 2101 913 2169 σοροῖς
962 2098 1214 2165 θαύματα
1243 2098 1539 2168 διενεργεῖν
1594 2097 1731 2160 ὅλως
1787 2099 1903 2149 οίε-

329 2193 454 2246 σθαί
501 2208 561 2244 τε
617 2190 710 2243 καὶ
773 2190 972 2258 λέγειν,
1031 2189 1351 2259 ἀνθρώπους
1407 2188 1677 2258 ὁσημέραι
1764 2188 1903 2259 μετὰ

327 2285 600 2355 τοσαύτης
639 2286 754 2337 ἐκεῖ
784 2284 882 2348 τῆς
925 2282 1166 2352 σπουδῆς
1209 2282 1618 2352 θεραπεύοντας
1672 2282 1740 2335 τὰ
1786 2283 1900 2336 δει-

333 2377 534 2431 νότατα
563 2377 908 2446 πάσχοντας,
961 2365 1036 2427 ὧν
1080 2389 1143 2441 γε
1177 2376 1272 2427 καὶ
1300 2373 1398 2444 τὴν
1434 2372 1694 2440 ἐξώλειαν
1729 2371 1902 2440 ἡδέως

331 2472 399 2524 ἂν
435 2469 637 2540 μᾶλλον
671 2469 936 2538 ἐπρίαντο
963 2467 1058 2522 τοῦ
1095 2453 1316 2531 παντὸς,
1349 2466 1496 2529 ὅπως
1519 2465 1610 2518 τδν
1642 2467 1757 2518 ἐκεῖ
1788 2464 1902 2516 κεί-

328 2577 493 2631 μενον
528 2559 978 2630 ἀνακηρυχθῆναι
1030 2561 1140 2620 τοῖς
1180 2558 1316 2610 πᾶσι
1348 2556 1584 2624 γένοιτο,
1628 2556 1704 2619 ὡς
1751 2555 1818 2607 ἂν
1849 2555 1899 2608 οἱ

329 2654 460 2724 περὶ
493 2653 781 2723 Γρηγορᾶν
829 2653 1036 2705 εἴποιεν
1078 2643 1244 2704 οῦτοιο
1270 2650 1389 2703 Ἵνα
1420 2649 1473 2702 τί
1505 2650 1731 2718 γένηται
1762 2663 1776 2712 ;
1807 2645 1902 2700 καὶ

326 2743 382 2797 τί
412 2745 521 2806 τοῖς
561 2743 864 2812 δαιμονίοις
985 2743 1125 2811 πρὸς
1154 2741 1380 2811 κέρδους
1415 2739 1670 2794 ἐντεῦθεν
1699 2756 1714 2806 ;
1751 2757 1901 2792 συνι·

329 2835 441 2889 δεῖν
466 2836 566 2888 οὐκ
602 2835 728 2904 ἔχω.
766 2836 932 2898 Γόησι
971 2835 1071 2904 μὲν
1102 2834 1212 2904 γάρ
1241 2835 1333 2888 καὶ
1362 2836 1676 2904 φαρμακοῖς
1706 2851 1787 2901 τε,
1811 2835 1905 2889 καὶ

333 2927 532 2996 μάγοις
586 2926 668 2980 ἔτι
726 2926 1009 2996 περιοῦσιν
1040 2967 1055 2994 ,
1099 2927 1327 2989 ἑαυτοὺς
1380 2926 1720 2986 ἐπιδιδόντας
1774 2926 1903 2990 τοὺς

329 3012 590 3086 δαίμονας
650 3015 848 3086 ίσμεν,
902 3016 998 3086 οὐχ
1060 3015 1202 3086 ὑπὲρ
1246 3013 1572 3085 ἀνθρώπων,
1598 3015 1714 3078 πῶς
1751 3015 1898 3084 γάρ;

2001 539 2034 606 ἡ
2084 535 2247 590 αὑτοῦ
2285 535 2531 604 βασιλεία
2603 533 2975 602 σταθήσεταις
3049 529 3237 592 Οὕτως
3284 531 3346 584 οὗ
3409 534 3572 599 μόνον

2003 629 2168 698 ιερῶν
2212 628 2493 697 ἀλλότρια,
2550 626 2646 678 καὶ
2688 626 2911 693 προσέτι
2961 625 3055 675 καὶ
3089 622 3442 693 βλασφημίας
3475 625 3570 677 καὶ

2001 720 2322 782 δυσσεϐείας
2375 719 2549 788 μεστά
2579 718 2647 770 τά
2678 718 2818 770 κατά
2861 717 2971 769 τῶν
3023 717 3196 783 ἁγίων
3227 718 3338 769 τῶν
3367 735 3425 769 τε
3471 735 3574 768 πε-

2006 814 2230 885 ριόντων
2259 813 2402 881 φημὶ
2433 812 2659 874 τούτων,
2690 811 2782 863 καὶ
2813 809 2874 879 δὴ
2901 811 2998 863 καὶ
3024 810 3130 861 τῶν
3164 809 3440 862 ἀπιόντων
3469 811 3572 862 κάν

2000 904 2212 965 τούτοις
2262 903 2523 971 λεχθέντα
2572 905 2686 964 τοῖς
2738 903 2865 972 περὶ
2933 902 3242 971 Γρηγορᾶν,
3291 901 3427 954 ἀλλά
3479 905 3575 954 καὶ

2000 997 2312 1065 λογισμῶν,
2371 989 2518 1067 ᾗπερ
2576 993 2752 1062 ἔφην,
2795 994 3149 1060 ὑγιαινόντων
3205 993 3297 1044 καὶ
3332 992 3574 1049 διανοίας

2009 1090 2252 1159 μακρὰν,
2293 1090 2390 1141 καὶ
2435 1089 2568 1156 μηδὲ
2621 1087 2865 1164 σῴζοντα
2920 1086 3077 1152 λόγον
3138 1084 3354 1153 ἴσχοντα
3406 1101 3576 1136 τοπα-

2003 1182 2206 1249 ρσὶπαν,
2251 1181 2374 1250 μηδ’
2403 1181 2570 1233 ἐαυτά
2611 1179 2766 1245 γοῦν,
2835 1179 2972 1247 μηδέ
3010 1179 3137 1239 τοὺς
3169 1179 3427 1245 λέγοντας
3475 1178 3576 1228 αῦ-

2002 1273 2126 1334 τοὺς
2158 1271 2438 1341 δυνάμενα
2475 1271 2710 1324 πείθειν.

2074 1365 2282 1434 Καιρὸς
2311 1365 2357 1416 δ’
2385 1363 2452 1416 ἀν
2502 1364 2586 1433 εἴη
2621 1364 2809 1417 λοιπὸν
2842 1364 2984 1416 κατά
3011 1363 3109 1433 τὴν
3145 1363 3440 1433 ὑπόσχεσιν
3481 1363 3576 1416 καὶ

2002 1457 2304 1511 ὑπεύθυνον
2352 1451 2492 1509 εἶναι
2523 1457 2693 1520 δεῖξαι
2727 1456 2818 1508 τὸν
2853 1457 3017 1509 αὐτὸν
3047 1459 3110 1508 ἐκ
3140 1455 3247 1508 τῶν
3283 1455 3451 1506 αὑτοῦ
3491 1455 3578 1506 λό-

2002 1567 2116 1618 γων
2145 1551 2214 1603 τά
2245 1566 2306 1615 γε
2345 1547 2594 1612 τοιαῦτα,
2627 1547 2860 1616 ὀνείροις
2898 1564 2955 1599 τε
2995 1549 3090 1600 καὶ
3121 1549 3370 1616 φάσμασι
3412 1565 3578 1616 πονηο

2006 1642 2115 1712 ρῶν
2143 1640 2439 1710 δαιμονίων
2469 1641 2536 1693 τὰ
2571 1642 2710 1710 μήτε
2745 1641 2872 1694 ὅντα
2931 1641 3056 1710 μήτ’
3089 1642 3324 1706 ἐσόμενα
3373 1659 3580 1708 μυστα-

2002 1733 2374 1803 γωγούμενον,
2399 1733 2494 1786 καὶ
2516 1733 2612 1801 τὴν
2643 1734 2858 1802 αἵρεσιν
2881 1733 3070 1802 ὥσπερ
3101 1732 3159 1798 ἐξ
3188 1733 3361 1802 ἀρχῆς
3396 1735 3580 1802 ἠσπά-

2005 1845 2134 1881 σατο
2161 1825 2618 1896 μυσταγωγηθεὶς
2652 1825 2744 1879 ὑπ’
2790 1825 2993 1887 αὐτῶν,
3030 1824 3173 1878 οὕτω
3203 1826 3266 1895 δὴ
3291 1827 3382 1878 καὶ
3409 1844 3578 1879 σπου-

2001 1918 2180 1982 δάζειν
2210 1919 2400 1970 επειτα
2430 1917 2525 1970 καὶ
2568 1916 2640 1969 τὰ
2665 1917 2888 1970 ἐπιόντα
2927 1917 3168 1986 δυσχερῆ
3211 1917 3397 1985 φέρειν
3435 1916 3577 1985 ὑπὲρ

2002 2009 2172 2074 αὐτῆς
2207 2007 2595 2077 διδασκόμενον
2633 2007 2726 2059 ὑπ’
2784 2008 3008 2060 ἐκείνων
3045 2007 3226 2060 αὐτῶν
3261 2008 3439 2072 αὖθις,
3501 2011 3595 2073 ὡς.

2004 2099 2204 2170 πολλὴν
2243 2100 2338 2165 μὲν
2368 2100 2536 2152 οὖσαν
2566 2100 2662 2168 τὴν
2718 2101 3094 2169 ἀποκειμένην
3133 2101 3384 2154 ἐντεῦθεν
3415 2103 3578 2171 ἀμοι-

2003 2191 2102 2262 δὴν
2138 2191 2312 2262 αὐτῷ,
2343 2193 2573 2254 καὶτοῖς
2621 2191 2744 2245 κατ’
2776 2191 2959 2253 αὑτὸν,
2993 2191 3254 2262 πλείστην
3285 2190 3330 2244 δ’
3360 2193 3492 2262 ὅσην
3523 2193 3578 2258 ἐξ

2002 2282 2366 2352 ἀντιστρόφου
2404 2285 2517 2344 τοῖς
2553 2281 2806 2334 εὐσεϐέσι
2837 2282 2937 2350 τὴν
2965 2282 3324 2346 δυσπάθειαν,
3379 2282 3453 2345 ὡς
3481 2285 3578 2336 αὑ-

2002 2374 2094 2437 τός
2128 2391 2281 2445 φησι,
2322 2374 2463 2444 μετά
2499 2374 2605 2442 τῆς
2635 2375 3049 2445 καταστροφῆς.
3101 2375 3240 2444 Φησὶ
3285 2375 3580 2443 τοιγαροῦν

2004 2465 2142 2535 πρὸς
2171 2467 2262 2519 τὸν
2293 2464 2486 2518 ἐαυτοῦ
2523 2464 2734 2534 μύστην
2784 2482 2843 2517 τε
2873 2466 2968 2518 καὶ
3013 2469 3374 2534 μυσταγωγὸν
3417 2465 3583 2530 ’Λγα-

2005 2557 2269 2626 Θάγγελον
2301 2559 2358 2609 ἐν
2387 2556 2665 2623 ἐπιλόγοις
2689 2558 2782 2608 τοῦ
2808 2548 2952 2608 κατά
2980 2556 3080 2625 τῆς
3098 2556 3380 2620 εὐσεϐείας
3411 2556 3579 2610 αὑτοῦ

2005 2649 2569 2720 συγγράμματοςώδὶ
2617 2648 2936 2718 Γρηγορᾶς’
2984 2648 3140 2700 Ἐπεὶ
3177 2647 3234 2699 δὲ
3272 2649 3460 2718 πόρρω
3493 2664 3586 2700 νυ-

2004 2743 2150 2798 κτῶν
2181 2741 2250 2794 τὰ
2279 2743 2377 2810 τῆς
2409 2741 2632 2811 ὁμιλίας
2683 2741 2839 2810 ἡμῖν,
2896 2739 2972 2801 ὡς
3020 2741 3172 2810 ὁρᾷς,
3229 2741 3579 2805 ἐκτέτακται,

2004 2834 2101 2888 καὶ
2119 2833 2238 2886 δέον
2264 2832 2488 2894 ἀπιέναι
2519 2848 2603 2896 σε,
2634 2830 3030 2894 καθευδόντων,
3060 2826 3140 2894 οἷς
3165 2831 3234 2884 τὰ.
3261 2834 3358 2900 τῆς
3384 2833 3584 2902 ἡμετέ-

2007 2943 2106 2997 ρας
2139 2925 2538 2996 ἐπιτέτραπται
2561 2925 2828 2994 φυλακῆς,
2867 2925 3002 2993 φέρε
3035 2926 3130 2978 καὶ
3161 2926 3291 2995 περὶ
3314 2925 3420 2978 τῶν
3446 2943 3586 2994 συμ-

2005 3014 2324 3086 ϐησομένων
2351 3013 2562 3084 βραχέα
2593 3014 2681 3066 τὸν
2709 3015 2897 3067 ἐνόντα
2928 3014 3230 3083 διέλθωμεν
3260 3014 3579 3084 τρόπον.οῦ

330 3109 470 3163 ἀλλά
498 3107 621 3161 κατ’
649 3107 951 3179 ἀνθρώπων
989 3106 1212 3176 μᾶλλον,
1249 3102 1324 3168 ὡς
1351 3103 1416 3158 ἀν
1453 3104 1652 3168 αὐτούς
1693 3121 1754 3156 τε
1781 3103 1903 3157 τούς
1929 3129 1975 3190 c
2006 3107 2115 3176 γάρ
2149 3106 2299 3171 ἀξιον
2325 3105 2448 3158 οὔτε
2483 3105 2543 3157 σέ
2581 3122 2646 3174 γε
2680 3103 3036 3172 ἀγνοεῖν,οὕθ’
3057 3099 3137 3168 οἷς
3163 3106 3375 3174 μέλλεις
3406 3106 3583 3173 φίλοις

325 3217 480 3264 τους,
540 3199 610 3252 δι’
653 3193 730 3253 ὧν
771 3196 1056 3269 ἐνεργοῦσι
1092 3197 1160 3251 τά
1194 3197 1392 3263 οἰκεῖα,
1420 3195 1603 3259 κακῶς
1655 3193 1745 3264 ὑφ’
1777 3196 1905 3248 ἐαυο

339 3291 474 3354 τοὺς
502 3291 700 3361 ῑχοιεν,
731 3291 828 3342 καὶ
868 3287 937 3343 δι’
969 3288 1150 3342 αὐτῶν
1188 3289 1419 3358 ἑτέροις,
1457 3288 1492 3360 ἢ
1540 3287 1630 3342 τὸν
1669 3285 1766 3356 τῆς
1803 3287 1906 3356 ψυ-

326 3383 436 3452 151;
465 3383 499 3454 ἦ
527 3385 616 3436 τὸν
644 3382 738 3435 τοῦ
771 3379 1023 3451 σώματος
1053 3379 1324 3447 κίνδυνον,
1352 3379 1384 3450 ἢ
1413 3381 1508 3434 καὶ
1534 3377 1700 3448 ἄμφω
1725 3378 1904 3431 ταῦτα

328 3475 818 3540 κατασκευάζοιεν.
848 3473 1020 3527 Τοῦτο
1053 3472 1150 3528 καὶ
1180 3475 1288 3542 γάρ
1324 3474 1532 3540 αὐτοῖς,
1567 3465 1712 3544 ᾗπερ
1744 3472 1902 3542 ἔφην,

329 3563 474 3619 εἷναι
529 3565 592 3618 τὸ
635 3565 1128 3636 προύργιαίτατον·
1190 3562 1501 3635 ἀνθρώποις
1551 3561 1597 3615 δ’
1647 3563 1904 3617 ἀπιοῦσιν

329 3654 588 3710 ἐντεῦθεν
612 3697 627 3721 ,
668 3655 767 3710 καὶ
823 3655 994 3726 νεκρά
1046 3655 1146 3724 μέν
1179 3656 1271 3708 ἐπί
1308 3653 1418 3708 τῶν
1450 3655 1626 3725 σορῶν
1681 3654 1906 3714 καταλιέ

329 3744 498 3800 ποῦσι
524 3746 592 3800 τά
623 3745 876 3816 σώματα,
899 3747 1018 3810 ταῖς
1039 3745 1098 3798 δέ
1123 3743 1323 3816 ψυχαῖς
1355 3745 1492 3816 πρὸς
1527 3744 1721 3815 ἐτέραν
1751 3745 1904 3812 λῆξιν

335 3839 818 3910 μεταχωρήσασιν,
860 3836 972 3891 οὔτ’
1003 3837 1071 3891 ἂν
1103 3837 1278 3908 ἐχοιεν
1332 3835 1522 3908 ὥσπερ
1572 3838 1686 3901 τοῖς
1737 3835 1905 3900 ζῶσιν

326 3928 560 3990 ἐκείνοις
600 3927 939 4000 κεχρῆσθαι·
991 3926 1115 3981 ούδέ
1180 3928 1290 3996 γάρ
1347 3925 1573 3980 δυνατόν
1623 3927 1761 3995 ὅλως
1812 3925 1907 3979 καὶ

328 4019 532 4072 πολλοῦ
576 4037 640 4088 γε
707 4019 788 4073 δεῖ
843 4019 939 4072 καὶ⁵
1004 4018 1096 4087 ὑφ’
1145 4019 1373 4082 ἑαυτοὺς
1457 4019 1694 4082 ἐκείνους
1759 4018 1905 4087 ἔχειν

329 4110 608 4164 ποιεῖσθαι
635 4151 650 4175 ,
684 4111 718 4182 ἢ
754 4110 850 4162 καὶ
878 4109 965 4164 διὰ
1009 4111 1216 4163 τούτων
1289 4111 1511 4181 ἐτέρους
1561 4109 1788 4165 κακοῦν.
1838 4110 1902 4165 El

328 4203 392 4256 δὲ
430 4204 542 4267 τοῖς
583 4202 680 4272 μέν
727 4203 849 4256 οῦδέ
903 4202 1226 4273 προσλαλεῖν
1248 4240 1264 4265 ,
1295 4201 1415 4256 ούδέ
1451 4201 1752 4273 κεχρῆσθαι
1784 4204 1906 4256 τού-

327 4314 446 4360 τοις
498 4295 758 4360 καθάπαξ
810 4291 921 4348 οἷόν
950 4313 1012 4349 τε
1039 4335 1056 4361 ,
1099 4295 1218 4358 ταῖς
1262 4295 1319 4348 δὲ
1361 4297 1538 4364 σοροῖς
1565 4336 1580 4360 ,
1624 4295 1699 4358 ὡς
1759 4289 1906 4350 οὗτοί

328 4405 495 4460 φασι,
527 4386 988 4460 προσεδρεύοντες
1029 4385 1139 4440 τῶν
1193 4385 1403 4452 ὀστῶν,
1439 4385 1764 4457 ἀνθρώπους
1806 4388 1905 4458 μὲν

2005 3199 2163 3270 ἡμῶν
2189 3200 2400 3270 ὁμιλεῖν
2451 3201 2546 3252 καὶ
2607 3198 2888 3262 συνάθλοις
2915 3238 2932 3263 ,
2989 3200 3074 3253 ἵνα
3112 3199 3186 3270 μὴ
3222 3201 3358 3269 πρὸς
3387 3201 3447 3252 τὸ
3477 3201 3580 3267 τῆς

2007 3293 2220 3356 ἐλπίδος
2251 3292 2660 3355 ἀποϐλέποντες
2693 3291 2910 3360 ἄδηλον,
2965 3291 3261 3362 ἀχθωνται.
3296 3294 3338 3346 Τ
3343 3293 3583 3363 ετύχηκε

2008 3386 2116 3455 γάρ
2151 3385 2484 3455 μοιριφὲντι
2520 3383 2657 3453 πρὸς
2717 3382 3090 3452 δεσμωτήριον
3113 3383 3214 3452 ἤδη
3249 3387 3399 3436 τουτὶ
3427 3401 3588 3452 περι·

2008 3477 2272 3546 κεχύσθαι
2305 3475 2524 3544 μακράν
2541 3475 2804 3540 ἀθυμίαν,
2838 3476 2982 3528 πάνυ
3021 3477 3320 3527 κεντοῦσαν
3350 3479 3444 3530 καὶ
3461 3479 3585 3531 ὀδυ-

2007 3567 2184 3622 νῶοτιν
2216 3583 2319 3635 μου
2353 3568 2413 3618 τὸ
2456 3565 2808 3634 λογιζόμενον
2837 3567 2936 3633 τῆς
2975 3566 3156 3636 ψυχῆς
3177 3584 3192 3600 ⁸
3229 3569 3330 3638 οὐχ
3365 3568 3446 3620 ὅτι
3478 3572 3584 3624 πά-

2007 3674 2152 3727 σχων
2201 3657 2363 3722 αὐτὸς
2413 3657 2685 3710 διετέλουν
2734 3659 3079 3728 εἰργόμενος,
3137 3660 3273 3714 ἀλλά
3321 3663 3446 3724 τοὺς
3482 3663 3583 3732 τῆς

2018 3749 2349 3819 Ἐκκλησίας
2381 3749 2525 3819 ὁρῶν
2584 3749 2925 3820 ύψουμένους
2966 3753 3243 3822 χειμῶνας
3289 3757 3429 3808 κατά
3473 3757 3583 3809 τῶν

2007 3845 2168 3897 θείων
2195 3843 2499 3912 δογμάτων,
2532 3844 2627 3896 καὶ
2652 3842 2714 3894 τὸ
2743 3843 2944 3912 πλῆθος
2975 3846 3062 3898 ἀεὶ
3084 3847 3460 3916 ἐλαυνόμενον,
3485 3851 3586 3904 καὶ

2008 3936 2068 3988 τὸ
2100 3935 2202 4004 μὲν
2226 3935 2619 4005 δεσμούμενον,
2665 3937 2725 3988 1:0
2755 3935 2801 3987 δ’
2831 3936 3107 4007 ἐξόριστον
3128 3939 3416 4010 γινόμενον
3437 3959 3450 3972 ’
3485 3941 3585 3998 καὶ

2006 4027 2067 4080 τὸ
2120 4029 2219 4097 μέν
2247 4028 2501 4097 κάμπτον
2531 4028 2658 4095 γόνυ
2717 4032 2782 4100 τῇ
2835 4029 2981 4082 Βάαλ
3027 4030 3120 4083 διὰ
3171 4033 3229 4086 τὸ
3280 4034 3376 4087 τοῦ
3419 4035 3581 4106 λιμοῦ

2009 4121 2203 4184 βίαιον,
2237 4122 2332 4174 καὶ
2375 4122 2474 4184 τὴν
2500 4123 2607 4174 τῶν
2639 4123 2858 4177 οἰκείων
2911 4125 3223 4193 ἀφαίρεσιν,
3257 4129 3351 4180 καὶ
3386 4131 3446 4181 τὸ
3481 4131 3587 4200 σῶ-

1965 4235 1970 4240 ’
2009 4215 2100 4279 ζον
2137 4209 2205 4285 ἦν
2227 4213 2493 4283 οὐδαμοῦ.
2526 4214 2799 4268 Τοιούτων
2838 4216 3022 4270 τοίνυν
3054 4219 3357 4288 τηνικαῦτα
3385 4223 3584 4290 μεστὸς

2008 4309 2298 4376 γενόμενος
2350 4305 2648 4377 λογισμῶν,
2703 4307 2969 4378 ἐνδακρύς
3001 4326 3062 4364 τε
3115 4313 3448 4382 γεγένημαι,
3487 4319 3583 4370 καὶ

2009 4400 2183 4453 πολλά
2209 4401 2287 4470 τῷ
2339 4399 2458 4471 Θεῷ
2513 4400 2958 4470 προσευξάμενος
2996 4403 3092 4456 καὶ
3140 4404 3410 4471 καθίσας,
3445 4409 3585 4460 κάπὶ

328 4478 396 4536 εὖ
429 4481 646 4536 ποιοῦσι
675 4479 798 4534 καθ’
829 4480 1070 4553 ἑκάστην
1117 4481 1370 4550 πονήρως
1399 4478 1622 4550 ἔχοντας
1653 4479 1762 4556 τῶν
1796 4498 1900 4534 σω·
1935 4469 1978 4524 θ
2003 4489 2104 4559 τῆς
2133 4489 2313 4555 δεξιᾶς
2345 4491 2564 4560 ἐρείσας
2596 4490 2694 4560 τὴν
2725 4491 2996 4563 κεφαλὴν,
3030 4491 3184 4560 ὕπνῳ
3207 4478 3390 4564 λεπτῷ
3431 4513 3588 4550 συνε.

329 4575 548 4647 μάτων,
579 4574 694 4628 ἐστι
734 4574 780 4628 δ’
824 4573 912 4627 ὅτε
951 4573 1048 4626 καὶ
1099 4572 1209 4626 τῶν
1263 4571 1474 4642 ψυχῶν,
1521 4573 1658 4644 ὅπερ
1706 4574 1806 4626 οὐκ
1835 4574 1902 4630 ἀν

328 4667 456 4719 ποτ’
488 4667 596 4738 εῐη,
634 4667 711 4728 ὡς
760 4665 884 4719 οὐδὲ
943 4660 1004 4718 τῆ
1059 4664 1251 4728 σκότος
1297 4665 1433 4734 φῶς,
1465 4666 1586 4719 οὐδὲ
1630 4665 1804 4736 γλυκὺ
1843 4671 1904 4721 τὸ

327 4757 553 4828 πικρὸν,
581 4759 718 4832 μήτε
753 4759 866 4828 γὰρ
899 4756 1187 4827 βούλεσθαι
1219 4758 1380 4810 ταυτὶ
1399 4759 1528 4822 τοὺς
1550 4759 1659 4812 τῶν
1693 4760 1906 4831 ἀνθρώ-

329 4869 459 4905 πων
492 4851 705 4914 τούτοις
763 4849 1014 4921 ἐχθροὺς,
1068 4851 1207 4920 μήτε
1237 4849 1496 4903 δύνασθαι
1526 4850 1588 4904 τὸ
1617 4851 1905 4922 παράπαν,

327 4942 564 5012 τελευτᾷ
610 4941 656 4996 δ’
700 4941 887 5004 αὐτοῖς
942 4942 1037 4994 καὶ
1089 4942 1122 5013 ἠ
1166 4943 1274 4994 τῶν
1307 4942 1611 4996 νοσούντων
1639 4943 1908 5015 θεραπεία

311 5035 478 5106 πρὸς
506 5034 664 5100 δόξαν
717 5033 812 5086 καὶ
841 5028 990 5087 αἶνον
1022 5032 1179 5097 Θεοῦ,
1213 5032 1402 5086 1ἔλαθον
1432 5035 1481 5087 οι
1517 5033 1770 5105 δαίμονες
1813 5053 1904 5089 το-

332 5126 532 5180 λοιπὸν
554 5126 696 5196 κατά
735 5123 774 5177 Γ
781 5125 1028 5196 ρηγορᾶν
1059 5121 1218 5187 αὖθις
1250 5124 1337 5193 ἐφ’
1358 5124 1588 5188 ἑαυτοὺς
1620 5126 1904 5198 μερισθένο

331 5235 429 5282 τες
463 5219 558 5272 καὶ⁸
588 5218 730 5287 σφᾶς
775 5218 973 5280 αὐτοὺς
1006 5215 1366 5281 ἐκϐάλλοντες
1392 5216 1492 5288 τῆς
1531 5217 1663 5281 ἰδίας
1708 5215 1906 5289 ἀρχῆς,

329 5311 417 5381 τῷ
447 5311 558 5374 τοῖς
616 5311 713 5380 μέν
746 5307 1096 5378 ἀνθρώποις,
1132 5308 1271 5362 κατά
1309 5307 1500 5361 τοῦτον
1542 5309 1707 5362 αὐτόν
1738 5325 1906 5377 φημι,

331 5401 592 5474 πορίζειν
620 5400 718 5472 τὴν
767 5401 1044 5472 σωτηρίαν
1080 5401 1179 5454 σὺν
1235 5400 1405 5471 πολλῇ
1462 5403 1532 5473 τῇ
1573 5401 1801 5472 σπουδῇ,
1833 5401 1910 5472 τῷ

332 5496 397 5550 δὲ
424 5494 546 5565 Θεῷ
583 5491 923 5563 πανταχόθεν
961 5491 1061 5562 τὴν
1111 5491 1271 5556 δόξαν
1318 5493 1414 5546 καὶ
1447 5495 1509 5546 τὸ
1561 5495 1778 5566 κράτος,
1815 5497 1908 5550 καὶ

335 5587 433 5640 τὸν
474 5583 624 5642 αἶνον
658 5585 911 5654 συνάγειν
935 5583 1125 5655 ῶσπερ
1155 5585 1434 5656 ἐπίτηδες,
1472 5587 1566 5640 καὶ
1603 5589 1742 5657 μετά
1781 5589 1910 5641 πολ-

333 5675 442 5742 λῆς
481 5675 580 5744 τῆς
635 5675 878 5741 ἀγωνίας
931 5673 1004 5727 τά
1047 5673 1144 5744 τῆς
1176 5674 1354 5746 ἀρχῆς
1385 5675 1534 5746 αὐτῷ
1564 5683 1908 5748 συγκροτεῖν.

337 5766 456 5822 Καὶ
492 5769 541 5822 εί
569 5765 598 5819 ό
644 5765 892 5830 Σατανᾶς
917 5765 1104 5846 ,αὐτὸς
1148 5767 1343 5823 ἑαυτὸν
1386 5769 1663 5841 ἐκϐάλλει,
1698 5773 1794 5828 καὶ
1823 5771 1909 5844 ἐφ’

2009 4583 2232 4654 σχέθην,
2269 4583 2363 4636 καί
2388 4601 2478 4652 μοι
2511 4583 2689 4649 ἔδοξεν
2712 4585 2846 4654 δναρ
2879 4585 2988 4640 τῶν
3019 4586 3190 4656 φίλων
3219 4605 3306 4650 τις
3332 4590 3586 4654 ἐπιστὰς,

2009 4677 2203 4746 Χαῖρε,
2239 4677 2496 4746 φάσκειν,
2533 4677 2627 4730 καὶ
2663 4677 2738 4747 μὴ
2760 4677 2984 4748 ἀθύμει,
3033 4678 3192 4746 Θεὸν,
3223 4681 3366 4752 ὑπὲρ
3393 4681 3453 4736 οῦ
3474 4687 3587 4746 τοῖς

2007 4768 2192 4832 ἄθλοις
2217 4771 2574 4840 ἐγκαρτερεῖ;
2593 4771 2856 4836 τουτοισὶ,
2885 4770 3180 4841 κράτιστον
3200 4773 3341 4844 ἔχων
3367 4776 3590 4829 ἐπίκου-

2015 4877 2128 4932 ρον.
2163 4860 2326 4931 Ὄψει
2350 4863 2459 4932 γάρ
2505 4864 2604 4916 οὐκ
2643 4865 2724 4926 είς
2778 4864 2998 4935 μακρὰν
3033 4867 3285 4921 τουτουσὶ
3332 4869 3461 4931 τοὺς
3488 4871 3588 4939 τῆς
3663 4866 3674 4878 ⁸

2009 4949 2291 5014 εὐσεϐείας
2340 4951 2603 5016 διώκτας,
2634 4953 2734 5021 οὐχ
2784 4948 2871 5007 οἶα
2903 4955 3068 5024 μόνον
3115 4958 3243 5026 ὑμῖν
3273 4958 3588 5028 ἐπήνεγκαν

2008 5041 2319 5120 πάσχοντας
2345 5045 2416 5096 τὰ
2445 5044 2616 5115 amvi,
2647 5045 2784 5099 ἀλλά
2813 5047 2907 5101 καὶ
2937 5049 3138 5120 μακρῷ
3188 5049 3584 5120 σχετλιώτερα.
3657 5048 3668 5056 ’

2021 5134 2604 5207 Ἐκπολεμωθήσονται
2644 5138 2756 5210 γὰρ
2819 5140 2943 5194 κατ’
3005 5141 3292 5213 ἀλλήλων,
3327 5143 3588 5212 βασιλεὺς

2011 5228 2152 5282 κατά
2185 5229 2528 5300 πατριάρχου
2561 5231 2655 5283 καὶ
2687 5233 2811 5286 κατ’
2849 5233 3194 5301 ἐπισκόπων,
3231 5237 3328 5290 καὶ
3357 5232 3424 5291 αὖ
3461 5239 3585 5292 κατ’

2009 5317 2255 5389 ἀλλήλων
2313 5321 2636 5374 ἐπίσκοποι·
2671 5326 2763 5376 καὶ
2796 5327 2910 5389 τοῖς
2963 5327 3216 5397 ἀλλήλων
3249 5329 3588 5399 ἀναθεματιο

2012 5413 2170 5480 σμοῖς
2206 5415 2301 5465 καὶ
2328 5415 2439 5476 τοῖς
2467 5414 2691 5479 οίκείοις
2710 5417 3138 5488 περιπεσοῦνται
3160 5436 3175 5450 ·
3215 5422 3311 5476 καὶ
3340 5421 3586 5494 ἐξωσθή-

2011 5517 2162 5554 σεται
2193 5503 2292 5572 μὲν
2327 5503 2437 5556 τῶν
2466 5504 2670 5573 θρόνων
2693 5510 2720 5560 ὁ
2753 5511 3128 5580 πατριάρχης,
3157 5513 3586 5586 ἀντεισαχθήσε-

2008 5611 2100 5647 ται
2127 5593 2172 5647 δ’
2203 5595 2410 5667 ἕτερος.
2445 5597 2554 5649 Καὶ
2590 5600 2705 5668 μετ’
2739 5599 2956 5669 ὀλίγον·
3011 5603 3052 5655 Τ
3057 5603 3091 5656 ἀ
3121 5603 3284 5674 ὅμοια
3330 5608 3585 5666 πείσεται

2015 5682 2109 5738 καὶ
2146 5683 2332 5747 αύτός.
2369 5685 2479 5738 Καὶ
2524 5687 2552 5738 ό
2589 5686 2847 5756 βασιλεὺς
2891 5689 2990 5759 τὴν
3025 5689 3305 5761 βασιλείαν
3341 5695 3455 5764 ἅμα
3483 5694 3585 5762 ζη-

2017 5773 2282 5844 μιὼσεται
2307 5775 2403 5831 σὺν
2435 5777 2631 5848 ἀτιμία
2657 5779 2902 5851 ποικίλῃ.
2935 5782 3045 5837 Καὶ
3083 5784 3189 5856 πρό
3221 5802 3284 5855 γε
3325 5787 3526 5840 τούτων
3556 5787 3586 5839 ὁ
