4046 6454
295 376 428 444 ῘΓΠ

1027 395 1330 460 CONTRA
1364 400 1801 465 GREGORAM
1861 406 2622 479 ANTIBRHETICORUM
2661 416 2803 478 XII.

3405 416 3554 482 1138'

284 497 382 550 καὶ
413 497 720 598 τῶν-ἱερῶς
745 504 1116 598 καθ’ήσυχίαν
1156 509 1469 573 ἀσκούντων
1529 515 1596 567 τά
1623 514 1722 583 τῆς
1768 516 1858 569 εύ-
1887 519 1933 576 Α
1961 523 2182 587 σασθαι,
2207 527 2269 580 τὸ
2306 526 2402 580 καὶ
2434 528 2586 594 δόξαι
2615 548 2684 583 τι·
2703 529 2886 598 λέγειν
2917 502 3080 594 ’ὅλως
3140 531 3345 585 ἐκεῖνον
3403 535 3545 587 κατά

282 588 585 659 αγγελικῆς
634 591 907 657 πολιτείας
981 597 1303 670 βεϐαιότερα
1383 604 1698 668 συντεθεὶς,
1770 603 1864 659 καὶ

285 681 639 770 συκοφάντην
686 685 784 738 καὶ
841 688 1165 765 βλάσφημον
1206 695 1303 748 καλ⁸
1361 696 1628 770 ὑϐριστὴν
1663 701 1865 755 ἄτοπον

283 769 615 862 τῶνάγίων
669 777 772 829 κάν
811 779 1020 844 τούτοις
1073 785 1167 837 τὸν
1233 787 1519 857 Γρηγορᾶν
1567 769 1862 862 ἐξελέγχει,

285 860 540 933 καθάπερ
582 864 647 936 δή
679 868 783 920 κάν
809 871 924 935 τοῖς
952 873 1132 937 ἀλλοις
1157 891 1172 907 ο
1208 879 1302 928 καὶ
1354 877 1416 930 οὐ
1466 878 1626 933 τοῦτο
1679 860 1862 949 μόνον,

284 950 420 1004 ἀλλὰ
453 955 548 1043 καὶ
571 956 877 1014 ὑπεύθυνον
921 965 1079 1018 πάντ’
1109 967 1295 1022 ἐκεῖνά
1327 986 1390 1036 γε
1440 971 1709 1043 ἀκριϐῶς,
1761 976 1864 1029 ὅσα

285 1043 393 1094 τῶν
416 1034 588 1112 ἁγίων
614 1047 826 1118 ψευδῶς
869 1060 1192 1127 κατηγορεῖ,
1258 1034 1718 1132 πεπλανημένους
1769 1069 1866 1122 καὶ

285 1133 764 1210 ψευδοπροφήτας,
799 1143 894 1198 καὶ
923 1145 1313 1215 Μασαλιανοὺς
1369 1153 1598 1218 τούτους
1653 1156 1866 1212 ἀποκα-

285 1225 416 1280 λῶν.
456 1224 592 1281 Εἶτα
617 1232 713 1283 καὶ
742 1233 884 1304 ὑπὲρ
917 1237 1026 1291 τῶν
1083 1240 1380 1296 θειοτάτων
1438 1245 1866 1318 ἀπολογησάμε-

411 1321 697 1392 βασιλέων,
751 1330 875 1384 οὐδὲ
930 1331 1038 1400 γὰρ
1081 1334 1202 1387 οὐδὲ
1251 1335 1458 1391 τούτων
1511 1341 1546 1410 ή
1607 1341 1867 1411 φιλοψευ-

414 1413 510 1465 καὶ
561 1417 936 1490 φιλολοίδορος
984 1423 1263 1494 ἀπέσχετο
1309 1409 1576 1498 γλῶσσα,
1635 1434 1697 1485 ού
1749 1409 1866 1504 μὴν

285 1503 424 1558 ἀλλά
447 1509 542 1560 καὶ
580 1510 722 1579 ὑπὲρ
754 1511 1061 1585 Γρηγορίου
1090 1515 1184 1571 τοῦ
1228 1519 1354 1573 καθ’
1376 1523 1528 1592 ἡμᾶς
1560 1541 1703 1594 φημι
1734 1503 1867 1580 Θεο-

283 1594 447 1663 λόγου
479 1600 575 1652 καὶ
616 1604 801 1657 κοινοῦ
837 1607 936 1676 τῆς
971 1607 1302 1679 Ἐκκλησίας
1336 1615 1580 1684 Χριστοῦ
1608 1617 1866 1674 διδασκά-

282 1687 400 1754 λου,
442 1695 537 1745 καὶ
569 1693 634 1764 δὴ
665 1696 761 1750 καὶ
801 1700 903 1768 τῆς
932 1703 1014 1764 είς
1069 1701 1259 1758 Ἀσίαν
1302 1706 1710 1775 αῑχμαλωσίας,
1771 1712 1866 1767 καὶ

284 1781 400 1835 ⁸ιξῶν
429 1782 592 1853 ἱερῶν
617 1786 783 1841 αὐτοῦ
814 1788 1110 1874 θαυμάτων
1139 1795 1330 1868 βραχέ’
1360 1799 1496 1854 ἀττα
1527 1802 1857 1874 διαλεχθεὶς,

281 1874 340 1927 ἓν
368 1894 432 1944 γε
462 1881 526 1948 τῇ
559 1869 1043 1952 ἀνακεφαλαιῶσει
1062 1862 1580 1962 ταύτῃ-καταπαύει
1607 1862 1714 1948 τδζῖ
1892 1862 1934 1918 Β

285 1987 411 2038 μον,
440 1974 617 2044 μικρά
650 1992 774 2029 τινα
801 1976 1059 2048 καθάπερ
1103 1983 1161 2034 ἐν
1203 1982 1446 2054 ἐπιλόγῳ
1479 1987 1618 2056 πρός
1668 2003 1732 2056 γε
1775 1990 1866 2044 τὸν

283 2062 608 2134 θαυμαστὸν
637 2069 812 2124 εἰπὼν
830 2071 1079 2143 βασιλέα,
1115 2075 1209 2130 τὸν
1239 2081 1334 2132 καὶ
1360 2077 1462 2149 τὴν
1503 2080 1680 2152 ἀρχὴν
1729 2081 1868 2153 πρὸς

282 2155 459 2211 ταῦτα
489 2163 844 2234 κεκινηκότα.

354 2345 600 2404 Τοιαῦτα
628 2351 702 2406 τά
729 2353 872 2422 πρὸς
899 2354 1193 2428 Γρηγορᾶν
1221 2359 1358 2430 ἡμῖν
1391 2360 1488 2413 καὶ
1524 2360 1594 2416 τά
1653 2360 1865 2417 ἐκείνου

287 2441 427 2494 κατά
449 2443 553 2510 τῆς
587 2446 874 2511 εὐσεϐείας
904 2451 1001 2504 καὶ
1031 2451 1136 2516 τῆς
1161 2452 1332 2524 ὀρθῆς
1354 2471 1420 2507 πε
1433 2455 1484 2524 pl
1529 2455 1668 2510 Θεοῦ
1706 2457 1870 2528 δόξης

281 2533 521 2622 καὶτῶν
541 2537 749 2609 ταύτης
791 2543 1224 2612 προαγωνιστῶν
1264 2563 1324 2599 τε
1388 2549 1486 2602 καὶ
1540 2551 1866 2620 προμάχων,

277 2625 532 2685 θειότατε
559 2632 780 2702 βασιλεῦ
805 2653 821 2669 ’
863 2638 945 2692 δεῖ
979 2654 1047 2708 με
1079 2639 1175 2692 καὶ
1227 2640 1337 2712 γὰρ
1378 2641 1570 2714 ὥσπερ
1632 2643 1870 2714 ἀρχόμε-

279 2738 399 2788 νον,
428 2723 571 2778 οὔτω
602 2728 699 2780 καὶ
730 2728 968 2799 λήγοντα
1004 2732 1101 2786 τοῦ
1135 2733 1361 2801 λογικοῦ
1403 2736 1599 2791 τούτου
1634 2740 1866 2811 δρόμου,

282 2815 426 2884 πρὸς
456 2819 515 2871 σέ
554 2820 649 2872 καὶ
679 2818 838 2887 αὖθις
869 2826 1088 2880 ἀπιδεῖν
1133 2828 1226 2881 τὸν
1277 2833 1454 2884 αῐτιον
1498 2834 1728 2900 τούτων,
1775 2838 1870 2891 καὶ

279 2908 368 2979 τῷ
397 2912 558 2965 πάντ’
613 2915 828 2988 ἀρίστῳ
887 2919 970 2973 σοὶ
1013 2921 1074 2974 τδ
1125 2923 1238 2976 πᾶν
1280 2926 1589 2997 ἐπιγράψαι
1622 2945 1636 2959 ·
1686 2931 1734 2983 εί
1767 2931 1870 2997 μὲν

279 2999 604 3070 ἀρκούντως
631 3009 727 3060 καὶ
761 3010 906 3063 κατά
935 3012 1035 3082 σὴν
1075 3012 1270 3085 ἔχοντα
1319 3019 1568 3090 γνώμην,
1623 3021 1717 3075 τοῦ
1770 3041 1868 3076 κα-

279 3093 396 3156 λῶς
425 3099 564 3166 πρὸς
612 3099 789 3154 ταῦτα
848 3106 1327 3176 προτρεψαμένου,
1379 3111 1458 3181 τῷ
1513 3111 1634 3183 Θεῷ
1684 3115 1865 3187 χάρις,

1967 617 2063 668 τοῦ
2105 617 2268 686 λόγου
2313 619 2413 686 τῆς
2468 621 2742 690 ἀληθείας,
2795 623 2889 676 καὶ
2944 622 3249 692 ἀντιλέγειν
3296 625 3546 678 ὁπωσοῦν

1968 703 2048 770 οἷς
2083 709 2255 781 δήπου
2286 713 2379 765 καὶ
2410 713 2694 782 προύθετο,
2725 716 2862 785 ὅπερ
2890 717 2988 768 οὐκ
3019 717 3106 783 ἂν,
3137 718 3324 788 φησὶν,
3386 719 3548 788 εὐχε-

1971 801 2082 870 ρῶς
2113 819 2199 865 τις
2238 803 2426 858 λαϐεῖν
2472 805 2756 876 δυνηθείη,
2786 806 2856 860 τά
2892 809 3100 862 ἐκείνου
3155 826 3218 877 γε
3276 809 3414 879 μόνα
3473 809 3550 863 δι-

1968 891 2128 958 εξιὼν
2157 895 2280 948 καθ’
2311 895 2472 950 αύτά.

2051 985 2193 1041 Ἀλλ’
2255 989 2443 1060 ἐπειδὴ
2496 978 2789 1061 Τρηγορᾶς
2810 992 2946 1062 πρὸς
3000 996 3122 1057 ταῖς
3182 997 3406 1064 συχναῖς
3451 995 3547 1048 καὶ
3602 1052 3604 1054 _

1969 1080 2402 1152 ἀλλεπαλλήλοις
2429 1083 2597 1138 αὑτοῦ
2629 1085 2755 1137 καθ’
2789 1085 2950 1155 ’ήμῶν
2995 1087 3386 1154 συκοφαντίαις
3449 1088 3545 1142 καὶ
3595 1071 3600 1074 ’

1972 1176 2290 1247 μαρτυριῶν
2327 1175 2489 1248 ἱερῶν
2522 1177 2759 1247 ἀπορίαν
2786 1181 2881 1231 καὶ
2929 1181 3248 1250 συμμαχίαν
3294 1181 3544 1247 θεολογι-
3588 1217 3596 1228 -.

1967 1273 2080 1324 κῶν
2111 1271 2288 1338 λόγων
2339 1269 2522 1326 πυκνὰ
2577 1273 2715 1344 μετά
2765 1272 2967 1343 πολλῆς
3012 1274 3114 1342 τῆς
3157 1274 3546 1342 ἀναισχυντίας

1969 1365 2102 1433 ἡμῖν
2157 1363 2385 1432 ἐγκαλεῖ
2411 1366 2512 1436 τὴν
2544 1365 2788 1433 ἀμαθίαν
2821 1366 2881 1420 ού
2922 1366 3022 1434 τῆς
3059 1362 3164 1430 ἔξω
3207 1365 3550 1436 ,παιδεύσεως

1968 1455 2063 1506 καὶ
2089 1455 2283 1522 σοφίας
2310 1455 2498 1524 μόνον,
2548 1455 2682 1510 ἀλλά
2724 1457 2820 1522 καὶ
2879 1459 2978 1527 τῆς
3021 1457 3297 1529 ἡμετέρας
3344 1456 3550 1527 ταύτης

1968 1544 2063 1597 καὶ
2123 1545 2275 1614 ἱερᾶς
2339 1546 2681 1613 περιάπτων,
2741 1539 2816 1601 ὧν
2891 1549 3100 1610 ἐκεῖνος
3161 1549 3261 1617 τῆς
3303 1547 3403 1618 μὲν
3457 1550 3552 1602 καὶ

1969 1636 2228 1702 καθάπαξ
2258 1638 2504 1710 ἀμύητός
2535 1656 2595 1693 τε
2638 1640 2734 1694 καὶ
2766 1639 3035 1720 ἄγευστος
3086 1641 3425 1710 ἀναπέφηνε,
3452 1641 3551 1711 τὴν

1967 1729 2022 1781 δὲ
2055 1729 2396 1800 πλημμελῶς
2425 1749 2486 1784 τε
2527 1733 2624 1786 καὶ
2671 1731 2900 1803 ἀμαθῶς
2967 1732 3294 1803 μελετήσας,
3359 1733 3434 1798 ὡς
3485 1735 3551 1790 ἐκ

1969 1821 2078 1874 τῶν
2105 1822 2272 1876 αὐτοῦ
2303 1823 2472 1896 δήπου
2505 1824 2780 1879 δέδεικται
2808 1824 3143 1892 λόγων,ούδὲ
3166 1825 3368 1896 ταύτης
3391 1825 3548 1880 ἀπώ-

1970 1915 2100 1968 νατό
2140 1933 2194 1968 τι
2241 1917 2350 1970 τῶν
2388 1917 2693 1972 ἐπαινετῶν
2727 1918 2821 1970 καὶ
2875 1918 3188 1988 χρησίμων,
3217 1919 3355 1988 πρὸς
3383 1918 3551 1980 ἀνάγ-

1967 2023 2072 2077 κης
2123 2008 2257 2078 ἡμῖν
2328 2007 2516 2078 ὥσπερ
2594 2011 2775 2078 γέγονε
2839 2009 2908 2062 τά
2949 2026 3009 2060 τε
3052 2009 3148 2063 τοῦ
3195 2012 3399 2078 τόμου,
3449 2011 3550 2064 καὶ

1968 2098 2032 2167 δὴ
2057 2097 2154 2150 καὶ
2182 2097 2250 2150 τά
2279 2097 2390 2150 τῶν
2419 2096 2749 2164 θεολογικῶν
2800 2113 2858 2148 τε
2903 2095 2998 2150 καὶ
3031 2095 3321 2166 πατρικῶν
3371 2095 3548 2164 λόγων

1969 2189 2048 2252 είς
2078 2188 2281 2253 πλάτος
2308 2192 2366 2243 ἐν
2398 2191 2511 2250 τοῖς
2560 2189 2762 2256 λόγοις,
2817 2189 2909 2240 καὶ
2946 2188 3092 2258 πέρα
3141 2189 3237 2242 τοῦ
3286 2189 3550 2257 συνήθους

1971 2279 2102 2344 ἴσως
2128 2280 2406 2345 ἐκθέσθαι,
2438 2281 2578 2352 ὑπὲρ
2607 2275 2665 2336 οῦ
2701 2281 2797 2334 καὶ
2829 2280 3005 2342 οὐδεὶς
3053 2279 3118 2334 ἂν
3159 2277 3313 2350 ήμῖν,
3373 2275 3549 2349 οἶμαι,

1970 2375 2271 2444 νεμεσήσαι
2324 2375 2590 2436 δικαίως.
2656 2374 2795 2444 πρός
2855 2390 2914 2425 τε
2966 2371 3254 2443 Γρηγορᾶν
3311 2371 3407 2425 καὶ
3457 2371 3552 2425 τὸν

1971 2466 2184 2519 ἐκείνου
2217 2467 2361 2520 κατά
2399 2465 2496 2538 τῆς
2519 2465 2780 2537 ἀληθείας
2821 2465 2917 2519 καὶ
2970 2464 3132 2536 ήμῶν
3178 2467 3382 2520 σκοπὸν
3431 2465 3554 2536 βλέ-

1973 2573 2112 2610 πων.
2147 2554 2292 2620 Ἐγὼ
2326 2554 2425 2626 μὲν
2460 2554 2554 2608 οῦν
2596 2548 2750 2625 οἶμαι
2800 2557 2897 2609 καὶ
2950 2554 3052 2618 τὰς
3104 2554 3256 2624 παρὰ
3291 2553 3552 2625 Γρηγορᾶ

1973 2650 2110 2719 πρὸς
2138 2650 2448 2720 ἀντιλογίαν
2468 2648 2628 2719 δῆθεν
2651 2646 3004 2744 είσαχθείσας
3033 2646 3130 2700 τοῦ
3159 2647 3261 2718 τῆς
3293 2647 3552 2717 ἀληθείας

1970 2741 2130 2811 λόγου
2160 2739 2480 2809 θεολογικάς
2515 2739 2705 2811 ῥήσεις
2748 2737 2953 2805 πάσας,
3015 2738 3055 2810 ἢ
3095 2738 3198 2801 τάς
3249 2737 3552 2806 ἀναγκαιο-

1971 2832 2140 2902 τέρας
2165 2831 2415 2897 ἐκείνων,
2453 2830 2552 2894 τὰς
2579 2831 2678 2901 μὲν
2705 2829 2804 2902 ήδη
2837 2829 3098 2884 λελύσθαι
3135 2829 3284 2901 παρὰ
3318 2829 3412 2884 τοῦ
3466 2829 3553 2883 λό-

1972 2942 2093 2995 γου,
2145 2923 2244 2987 τὰς
2273 2924 2332 2978 δέ
2365 2939 2429 2992 γε
2462 2923 2685 2987 πλείους
2710 2924 2960 2990 ἐκείνων,
2998 2923 3094 2976 καὶ
3119 2922 3260 2976 κατά
3298 2922 3400 2990 τῆς
3442 2939 3550 2974 κε-

1973 3016 2150 3087 φαλῆς
2183 3012 2276 3068 τοῦ
2309 3014 2496 3080 κακῶς
2521 3014 2874 3086 χρησαμένου
2900 3013 3225 3084 τετράφθαι,
3275 3012 3420 3067 καθά
3481 3011 3547 3084 δὴ

1972 3108 2070 3161 καλ¹
2110 3105 2388 3178 προῦφην,
2418 3109 2514 3161 καὶ
2547 3106 2681 3178 μηδὲ
2715 3106 3042 3177 τοπαράπαν
3071 3105 3262 3161 ἐνδεῖν.

278 3188 383 3241 καὶ
407 3191 491 3244 σοὶ
514 3191 592 3260 τῷ
619 3194 916 3250 καλέσαντι
950 3215 967 3232 ο
1001 3202 1048 3255 εί
1073 3200 1128 3253 δὲ
1157 3201 1258 3271 τῆς
1307 3203 1526 3270 ἐλπίδος
1588 3209 1863 3262 ἐνδεέστε-
1893 3201 1938 3260 C
2045 3202 2105 3253 Εῑ
2137 3199 2196 3253 δέ
2231 3199 2335 3254 ποῦ
2357 3218 2410 3255 τι
2443 3201 2538 3254 καὶ
2589 3199 3027 3271 παραλέλειπται
3085 3199 3195 3262 τῶν
3248 3197 3551 3264 ἐξετάσεως

281 3300 404 3357 ρον,
437 3285 533 3338 καὶ
569 3285 714 3341 οὕτω
746 3290 926 3360 χάρις.
959 3293 1035 3346 06
1061 3294 1172 3365 γὰρ
1196 3297 1418 3364 ψεκτῶς
1462 3294 1524 3353 εὖ
1554 3295 1672 3356 οῖδα
1725 3321 1867 3372 γρα-

281 3377 471 3444 φικοῖς
504 3394 564 3430 τε
592 3380 689 3433 καὶ
721 3380 1058 3450 θεολογικοϊς
1085 3384 1414 3455 ὡπλισμένα
1474 3391 1742 3446 πάντοθεν
1763 3394 1869 3448 ’λό⁴

277 3485 424 3534 γοις,
463 3470 559 3524 καὶ
589 3471 658 3524 τά
693 3473 803 3526 τῶν
832 3474 1139 3530 ἀντιθέτων
1170 3479 1270 3532 οὐκ
1296 3480 1716 3553 ἀποστρέφοντα
1771 3488 1868 3539 καὶ

271 3562 574 3617 διαλύοντα
613 3565 776 3635 μόνον
823 3567 886 3620 ἐκ
940 3568 1139 3634 πολλοῦ
1200 3573 1344 3626 πάνυ
1403 3573 1496 3628 τοῦ
1561 3579 1866 3647 περιόντος,

275 3653 426 3706 ἀλλά
449 3655 547 3708 καὶ
574 3655 717 3710 κατά
743 3657 846 3723 τῆς
901 3659 1084 3713 αὐτῶν
1132 3665 1541 3733 περιτρέποντα
1597 3668 1866 3735 κεφαλῆς,

274 3743 693 3815 εὐπερίτρεπτα
725 3747 842 3816 μέν-
867 3749 962 3802 καὶ
1001 3751 1181 3822 σαθρά
1207 3755 1489 3820 πεφυκότα
1522 3759 1588 3828 τῇ
1626 3773 1686 3811 τε
1730 3758 1869 3828 λαμ-

273 3838 400 3908 πρᾷ
427 3839 528 3892 τοῦ·
543 3839 776 3905 ψεύδους
807 3843 1084 3914 ὑπερϐολῇ
1108 3846 1204 3898 καί⁵
1230 3846 1310 3917 τῷ
1352 3850 1580 3919 νωχελεῖ
1602 3851 1696 3904 καὶ
1726 3853 1873 3920 ἀμα‹

274 3928 376 3981 θεῖ
391 3929 481 3982 καί
516 3931 706 4000 κούφῳ
738 3931 830 3984 τοῦ
862 3933 1037 3987 ταῦτα
1066 3935 1576 4009 συγγραψαμένουξ
1595 3940 1654 4004 ἐξ
1714 3941 1868 3994 ἀντι-

274 4020 522 4090 στρόφου
552 4021 609 4076 δὲ
654 4023 715 4076 τὸ
745 4023 1009 4094 δυσχερὲς
1035 4028 1127 4078 καὶ
1158 4028 1218 4080 ού
1252 4029 1398 4083 πάνυ
1432 4046 1514 4084 τοι
1540 4033 1742 4102 ῥᾷστον
1767 4033 1868 4087 ἀλα

270 4115 390 4176 λως
415 4115 556 4185 πρὸς
583 4115 683 4187 τὴν
713 4117 1010 4188 ἀπαίτησιν
1041 4119 1257 4189 ἔχοντα,
1288 4123 1354 4192 τῇ
1404 4138 1463 4176 τε
1491 4122 1688 4194 ἀταξία
1720 4125 1868 4194 φημὶ

274 4208 379 4275 καί
403 4210 751 4281 ἀναρμοστία
778 4211 890 4264 τῶν
919 4212 1129 4281 προϐλη
1140 4213 1329 4282 μάτων
1360 4231 1416 4266 τε
1468 4215 1560 4268 καὶ
1621 4215 1866 4283 συλλογι-

277 4300 440 4371 σμῶν
493 4302 590 4355 τοῦ
632 4303 952 4370 φιλοσόφου,
1001 4306 1100 4358 καὶ¹
1159 4309 1222 4375 τῇ
1262 4308 1600 4378 συκοφαντίᾳ
1649 4310 1745 4363 καὶ
1788 4311 1866 4380 τῷ

279 4392 466 4462 συχνῷ
493 4393 681 4464 ψεύδει
722 4396 867 4448 κατά
899 4411 957 4448 τε
992 4397 1103 4449 τῶν
1135 4396 1468 4466 θεολογικῶν
1493 4416 1553 4450 τε
1603 4401 1699 4452 καὶ
1755 4420 1864 4456 πα-

1970 3293 2240 3364 δεομένων
2283 3294 2436 3357 ίσως,
2491 3292 2603 3347 οὐδ’
2665 3292 2896 3356 ἐκείνοις
2945 3291 3257 3357 ἐπεξελθεῖν
3314 3293 3342 3344 6
3389 3293 3552 3360 λόγος

1971 3386 2166 3439 ἔπειτα
2196 3387 2553 3455 κατοκνήσει,
2591 3385 2694 3452 τῆς
2764 3384 3156 3455 προσηκούσης
3207 3384 3405 3454 σχολῆς
3455 3385 3552 3438 καὶ

1971 3473 2127 3541 αὖθις
2163 3477 2486 3548 λαϐόμενος,
2516 3478 2788 3528 καὶτοῦτο
2827 3475 2916 3528 διὰ
2947 3476 3048 3546 τήν
3084 3492 3246 3528 τιιων
3292 3476 3406 3544 ἔριν
3460 3474 3552 3542 δη-

1969 3569 2104 3639 λαδὴ
2137 3570 2232 3622 καὶ
2256 3553 2356 3640 τήν
2386 3570 2658 3624 ἔνστασιν.
2711 3569 2934 3634 Ἰκανῶς
2985 3569 3094 3638 γάρ
3137 3570 3271 3639 ἡμῖν
3319 3569 3494 3633 ἄλλως
3523 3570 3552 3621 ό

1969 3661 2126 3727 λόγος
2152 3662 2289 3732 ἔχει,
2314 3661 2438 3714 κατ’
2463 3661 2626 3716 αὐτόν
2661 3678 2806 3733 φημι
2837 3661 2928 3715 τὸν
2983 3661 3074 3731 τῆς
3114 3660 3377 3731 ἀληθείας
3426 3676 3552 3715 σκο-

1973 3753 2072 3804 πόν
2099 3755 2179 3816 τε]
2207 3752 2301 3805 καὶ
2323 3751 2499 3821 λόγον.

2043 3843 2107 3894 Et
2143 3841 2202 3895 δέ
2231 3859 2334 3896 που
2367 3843 2460 3896 καὶ
2491 3843 2587 3896 τοῦ
2620 3845 2921 3914 σχήματος,
2964 3845 3062 3898 καὶ
3096 3843 3189 3897 τοῦ
3222 3843 3350 3897 καθ’
3399 3845 3549 3918 ἡμᾶς

1972 3933 2303 4004 βουλομένου
2331 3935 2720 4007 παρεκϐαίνειν
2743 3936 2811 3989 τὰ
2850 3935 2942 3989 τοῦ
2986 3936 3147 4005 λόγου
3178 3937 3349 4001 δοκεῖ,
3405 3938 3548 3991 κατά

1968 4025 2066 4080 τοῦ
2116 4026 2413 4096 φιλοσόφου
2451 4028 2547 4082 καὶ
2592 4027 2692 4097 τῆς
2744 4029 3134 4098 ἀναισχυντίας
3191 4029 3403 4082 ἐκείνου
3437 4048 3549 4100 χω-

1973 4117 2193 4188 ροῦντα,
2221 4123 2411 4174 καινὸν
2436 4120 2591 4175 ούδέν
2618 4120 2727 4174 οὐδ’
2755 4121 2861 4186 ἔξω
2892 4121 2985 4174 τοῦ
3015 4121 3199 4191 λόγου,
3233 4123 3549 4195 φιλόχριστε

1972 4210 2220 4281 βασιλεῦ,
2246 4210 2406 4272 είδιά
2435 4211 2697 4266 τοσούτου
2728 4211 2825 4266 καὶ
2855 4213 3099 4267 τοιούτου
3132 4213 3398 4284 βορϐὀρου
3440 4215 3549 4268 τῶν

1970 4303 2178 4356 ἐκείνου
2233 4303 2376 4373 φημὶ
2412 4302 2589 4374 λόγων
2634 4307 2662 4358 6
2711 4304 2868 4373 λόγος
2920 4307 3052 4374 ἡμῖν
3110 4305 3343 4374 παριὼν,
3396 4306 3550 4374 ὀλίγα

1971 4397 2096 4451 τινά
2123 4397 2452 4474 ῥαντίζοιτο.
2494 4399 2605 4452 Καὶ
2636 4398 2784 4453 τοῦτ’
2813 4400 3024 4453 εἴσεται
3058 4401 3238 4464 καλῶς
3277 4403 3304 4454 ὁ
3346 4401 3422 4468 τῷ
3467 4401 3552 4471 βι-

270 4506 301 4539 τ
313 4486 489 4556 ρικῶν
511 4485 708 4554 λόγων,
745 4487 840 4542 καὶ
876 4489 976 4557 τῆς
1009 4490 1232 4543 συνόδου
1263 4495 1354 4545 καὶ
1407 4494 1630 4548 πάντων
1669 4499 1824 4567 ἡμῶν
1847 4517 1862 4530 -
1892 4531 1944 4591 υ
1971 4488 2107 4558 ὁλίῳ
2129 4487 2207 4560 τῷ
2238 4489 2377 4544 κατὰ
2406 4489 2506 4559 τῆς
2540 4490 2744 4557 ὑγιοῦς.
2765 4491 3008 4555 πίστεως
3036 4493 3378 4564 ἐντυγχάνων
3407 4493 3546 4547 ὲκεί-

269 4578 340 4632 οὐ
382 4578 488 4649 μὴν
514 4578 652 4632 ἀλλὰ
696 4580 789 4632 καὶ
823 4578 902 4649 τῷ
933 4582 1115 4632 πᾶσαν
1151 4583 1228 4644 ὡς
1263 4584 1442 4636 είπεῖν
1498 4585 1710 4656 αἵρεσιν
1775 4590 1860 4642 ἐν·

270 4671 459 4724 ταῦθα
502 4673 896 4742 συνειλοχέναι,
921 4675 1017 4726 καὶ
1075 4675 1210 4745 μηδέ
1256 4677 1597 4748 Ἰουδαῖσμοῦ
1654 4682 1748 4734 καὶ
1781 4681 1864 4735 δο-

275 4766 394 4832 ξῶν
438 4767 770 4837 Ἑλληνικῶν
803 4765 1119 4838 φείσασθαι,
1163 4769 1257 4822 τοῦ
1289 4770 1364 4840 μὴ
1392 4773 1488 4826 καὶ
1519 4773 1727 4827 τούτων
1778 4769 1866 4839 οἷς

271 4857 432 4924 λέγει
483 4875 542 4910 τε
599 4860 697 4912 καὶ
753 4860 946 4928 φρονεῖ
987 4861 1288 4923 κοινωνεῖν,
1346 4861 1382 4915 ἀ
1429 4862 1492 4934 δὴ
1524 4864 1618 4916 καὶ
1649 4865 1865 4934 δλόγος

271 4953 418 5022 ἡμῖν
443 4950 633 5012 ἐντοῖς
665 4949 938 5018 φθάσασιν
992 4951 1194 5016 ἔδειξεν
1229 4967 1242 4982 ο
1285 4952 1360 5016 ὼς
1411 4954 1506 5007 καὶ
1554 4953 1862 5025 θαυμάζειν

274 5042 416 5103 τοὺς
449 5040 567 5110 μετ’
589 5043 1370 5112 ἐπιστήμης.ἐντυγχάνοντας
1407 5045 1484 5114 τῷ
1530 5045 1743 5117 βιϐλίῳ,
1779 5050 1862 5101 ὅτι

276 5137 380 5191 καὶ
431 5137 762 5204 συναγαγεῖν
822 5134 1168 5206 ἐδυνήθημεν
1216 5135 1307 5188 τὸν
1371 5137 1578 5190 σκοπὸν
1610 5139 1706 5192 καὶ
1759 5140 1861 5200 τὴν

270 5227 545 5298 πρόθεσιν
577 5233 639 5280 ἐκ
672 5227 780 5279 τῶν
815 5227 1232 5297 γεγραμμένων·
1279 5227 1358 5296 τῷ
1407 5209 1715 5302 φιλοσόφῳ,
1767 5235 1862 5287 καὶ

267 5321 439 5385 τάξιν
465 5320 590 5374 τινὰ
619 5318 806 5374 δοῦναι
827 5321 967 5383 τέως
1004 5323 1068 5392 τῇ
1107 5320 1348 5392 τοσαύτῃ
1393 5339 1458 5390 γε
1515 5324 1712 5396 ἀταξίᾳ
1766 5328 1862 5378 καὶ

272 5413 566 5484 συγχύσει,
617 5413 715 5466 καὶ
760 5412 902 5467 οὕτω
931 5412 1027 5465 καὶ
1056 5413 1180 5465 κατ’
1209 5413 1433 5468 ἐκείνων
1485 5416 1584 5470 σύν
1639 5433 1702 5484 γε
1750 5420 1862 5481 τοῖς

1971 4599 2065 4635 νου
2106 4601 2116 4616 ·
2151 4582 2210 4645 ὃς
2236 4584 2298 4636 ού
2323 4583 2483 4637 τοῦτο
2521 4582 2742 4653 μᾶλλον,
2768 4583 2882 4638 ἀλλ’
2908 4585 3086 4639 ἐκεῖνο
3123 4588 3217 4640 καὶ
3243 4586 3363 4640 λίαν
3393 4588 3553 4640 ἐπαι-

1971 4677 2190 4730 νέσεται
2219 4679 2312 4730 καὶ
2338 4675 2638 4748 θαυμάσει,
2677 4677 2738 4730 τὸ
2773 4678 3013 4749 μετρίως
3035 4678 3186 4748 ἡμᾶς
3211 4679 3414 4732 οὑτωσὶ
3460 4679 3552 4732 καὶ

1972 4769 2111 4822 κατά
2135 4767 2271 4823 πολὺ
2296 4768 2407 4823 τῶν
2443 4769 2564 4822 κατ’
2625 4770 2833 4824 ἐκεῖνον
2887 4770 3235 4842 πραγμάτων
3278 4771 3554 4823 ἐνδεέστε-

1975 4863 2068 4931 ρόν
2098 4879 2214 4926 πως
2245 4863 2323 4931 τῷ
2351 4861 2497 4932 λόγῳ
2523 4863 2860 4935 χρήσασθαι,
2893 4863 2970 4927 ὡς
3004 4863 3142 4934 μηδέ
3175 4863 3567 4934 παραϐάλλειν-

1970 4951 2190 5018 ἐξεῖναι,
2230 4951 2474 5024 Χριστοῦ
2504 4951 2708 5023 δηλαδὴ
2745 4953 2839 5006 καὶ
2887 4952 2987 5020 τῆς
3029 4951 3242 5006 ἐκείνου
3295 4949 3550 5003 σπεύδον-

1970 5063 2070 5109 τας
2093 5045 2248 5116 ίερᾶς
2279 5043 2417 5101 εῖναι
2449 5047 2703 5118 φατρίας,
2738 5048 2833 5100 καὶ
2875 5046 2985 5099 τῶν
3013 5043 3220 5099 ἐκείνου
3263 5044 3550 5111 μεμνημέτ-

1968 5157 2094 5202 νους
2128 5139 2718 5211 ἱερῶν-παραινέσεών
2750 5156 2810 5191 τε
2856 5139 2955 5191 καὶ
2999 5137 3194 5206 λόγων,
3229 5134 3546 5202 Μακάριοι,

1970 5230 2258 5298 λεγόντων,
2291 5231 2458 5296 ἐστὲ,
2491 5230 2643 5285 ὅταν
2679 5230 3066 5284 ὀνειδίσωσιν
3090 5225 3250 5296 ὑμᾶς
3289 5226 3386 5279 καὶ
3415 5225 3551 5278 διώ-

1973 5321 2126 5386 ξωσι
2158 5323 2255 5376 καί
2287 5324 2501 5376 εἴπωσι
2544 5323 2669 5378 πᾶν
2697 5322 2968 5392 πονηρὸν
2989 5319 3170 5389 ῥῆμα·
3212 5317 3345 5373 καθ’
3375 5316 3566 5386 ὑμῶν·

1969 5415 2335 5484 ψευδόμενοι
2363 5415 2574 5471 ἕνεκεν
2606 5415 2772 5484 ἐμοῦ.
2793 5413 2953 5482 Αὐτῷ
2985 5411 3166 5483 ήδόξα
3196 5411 3292 5464 σῦν
3323 5411 3400 5480 τῷ
3430 5410 3547 5462 Παα

267 5509 572 5579 γραφικοῖς
621 5505 718 5560 καὶ
764 5505 1100 5574 θεολογικοῖς
1160 5506 1341 5574 λόγοις
1421 5508 1691 5577 χωρῆσαι,
1765 5511 1860 5563 καὶ
1967 5510 2059 5577 τρὶ
2083 5511 2172 5562 καὶ
2191 5509 2268 5578 τῷ
2303 5510 2446 5580 ἁγίῳ
2479 5508 2758 5578 Πνεύματι
2789 5505 2886 5560 νῦν
2916 5506 3006 5560 καὶ
3056 5505 3144 5558 ἀεὶ
3192 5502 3285 5558 καὶ
3312 5501 3392 5566 είς
3419 5501 3564 5561 τοὺς·

265 5598 423 5658 τοῦτ’
445 5599 580 5654 αὐτὸ
612 5601 832 5672 πρῶτον
877 5600 938 5665 ἐξ
973 5599 1184 5653 ἐαυτῶν
1224 5599 1302 5672 τῷ
1365 5600 1648 5671 ἀντιπάλῳ
1704 5602 1859 5673 χαρί-
1966 5601 2166 5664 αἰῶνας
2230 5603 2335 5654 τῶν
2388 5601 2614 5670 αἰώνων.
2705 5601 2894 5670 Ἀμήν.
