4046 6432
305 418 439 488 ῙίίῙ

1689 439 1933 502 APPEN
1946 441 2094 502 DIX.

3426 437 3577 502 117:?

300 539 455 601 τίνος
488 542 645 609 ὑμεῖς
696 544 979 614 ἀξιολόγου
1033 550 1132 618 τῆς
1186 550 1369 612 αἰτίας
1407 551 1746 621 ὁρμώμενοι,
1777 557 1877 625 τὴν
1905 557 1955 618 Α
1982 555 2078 617 θὺς
2110 554 2204 607 ἐπὶ
2261 555 2396 624 δόλῳ
2433 555 2528 610 καὶ
2579 557 2882 629 κακουργίᾳ.
2913 557 3007 610 καὶ
3057 555 3296 625 μάλιστα
3328 558 3456 625 περὶ
3489 559 3567 611 τὰ·

301 631 523 700 γραφὴν
547 635 696 702 ἡμᾶς
729 636 934 707 ταύτην
979 641 1283 709 γράφεσθε.
1333 644 1465 697 Οὐδὲ
1503 645 1614 716 γάρ
1645 649 1878 719 σμικρὸν

299 721 422 774 οὐδὲ
460 723 570 776 τῶν
603 727 892 796 τυχόντων,
927 728 1001 792 ὡς
1029 729 1094 784 ἂν
1123 749 1204 796 τις
1236 733 1480 799 εἰκάσαι,
1514 734 1574 788 τδ
1604 736 1876 808 ἔγκλημα,

300 813 414 865 τῶν
457 817 738 884 μεγίστων
773 822 871 888 μὲν
919 818 1014 876 οῦν
1048 825 1142 876 καὶ
1179 825 1549 880 ἀτοπωτάτων
1599 829 1674 892 ὡς
1723 831 1883 898 μάλι-

300 922 405 959 στα
435 923 448 938 °
479 911 574 963 καὶ
605 911 701 980 οὐχ
738 914 892 981 ἡμῶν
923 933 986 984 γε
1023 919 1185 984 μόνον
1232 921 1325 973 καὶ
1370 923 1469 990 τῆς
1502 922 1613 973 τῶν
1643 923 1881 976 εὐσεϐῶν

298 997 472 1067 αὐλῆς
504 1002 759 1068 καθάπαξ
798 1006 1106 1077 ἀπόϐλητόν
1140 1028 1198 1063 τε
1263 1012 1353 1063 καὶ
1389 1013 1701 1083 ὑπερόριον,
1744 1015 1881 1068 ἀλλὰ

299 1091 395 1142 καὶ
425 1091 667 1161 ψεύστας
712 1099 807 1151 καὶ
860 1102 1203 1168 συκοφάντας
1247 1105 1341 1157 καὶ
1389 1107 1750 1180 κακούργους,
1787 1110 1882 1161 καὶ

300 1180 502 1250 φθόνου
534 1187 626 1238 καὶ
650 1187 803 1241 δόλου
836 1191 930 1243 καὶ
960 1195 1260 1265 ἐπιϐουλῆς
1287 1201 1388 1248 οὐκ
1421 1199 1487 1250 ἄν
1520 1215 1606 1261 τις
1643 1200 1878 1270 ἁμάρτοι

298 1273 532 1344 πλήρεις
559 1277 876 1348 προσειπὼν
909 1285 1037 1349 τοὺς
1070 1287 1178 1338 τῶν
1209 1290 1470 1342 τοιούτων
1501 1291 1758 1362 ἐργάτας,
1786 1294 1879 1344 καὶ

297 1367 532 1433 προσέτι
573 1375 842 1441 πειρατάς
897 1395 958 1430 τε
1010 1380 1103 1431 καὶ
1152 1382 1494 1448 λωποδύτας,
1556 1384 1736 1454 πολλῷ
1769 1387 1880 1438 τῶν

297 1461 442 1513 κατὰ
472 1462 579 1532 γῆν
613 1481 672 1517 τε
709 1468 804 1520 καὶ
838 1470 1109 1525 θάλατταν
1133 1476 1244 1538 τοῖς
1273 1475 1537 1546 ἐμπόροις
1559 1494 1617 1530 τε
1655 1478 1748 1530 καὶ
1775 1479 1883 1531 ὁδί-

293 1568 420 1616 ταις
451 1554 762 1628 λῃστρικῶς
800 1564 1067 1618 ἐπιόντων
1112 1566 1356 1637 χείρους,
1393 1570 1692 1640 προσθήσω
1719 1571 1764 1622 δ’
1797 1572 1878 1624 ὅτι

295 1645 390 1698 καὶ
422 1646 597 1717 λόγων
630 1653 722 1705 καὶ
750 1660 1099 1725 γραμμάτων
1129 1662 1430 1732 καπήλους,
1465 1663 1558 1716 καὶ
1583 1663 1754 1732 λόγων
1780 1665 1877 1735 οὐχ

296 1739 506 1806 ἁπλῶς,
532 1743 669 1798 ἀλλά
695 1747 870 1814 λόγων
903 1767 966 1815 γε
1002 1751 1164 1805 Θείων
1205 1755 1298 1806 καὶ
1340 1757 1556 1809 σεπτῶν
1595 1757 1874 1828 ἄντικρυς,

295 1834 388 1885 καὶ
426 1838 558 1905 περὶ⁹
597 1839 760 1913 αὐτοῦ
795 1842 998 1911 δηλαδὴ
1035 1844 1170 1898 Θεοῦ
1222 1849 1316 1900 καὶ
1367 1848 1480 1902 ¹τῶν
1522 1852 1877 1905 οἰκειοτάτων

293 1927 494 1998 ἐκείνῳ
533 1931 860 1998 διεξιόντων,
887 1936 963 1988 διδ
995 1937 1169 2006 δήπου
1205 1941 1296 1992 καὶ
1331 1943 1472 2010 μετὰ
1519 1945 1626 1995 τῶν
1664 1942 1877 2014 ίεροσύ·
1913 1919 1950 1969 Β

292 2017 404 2072 λων
437 2021 576 2092 πρός
625 2043 688 2092 γε
727 2028 841 2090 τοῖς
870 2030 1182 2099 εἰρημένοις
1234 2035 1359 2096 τοὺς
1405 2034 1684 2100 τοιούτους
1717 2037 1875 2106 ἀριθ-

295 2114 420 2181 μεῖν
461 2114 631 2179 δντως
663 2118 732 2171 ἂν
783 2121 870 2189 εἴη
906 2123 1141 2176 δίκαιον.
1177 2120 1272 2187 Οἷς
1307 2125 1370 2193 δὴ
1405 2129 1498 2179 καὶ
1544 2128 1826 2191 Βασίλειος
1849 2131 1878 2182 0

295 2207 472 2275 μέγας
501 2209 560 2262 ἐν
604 2214 715 2276 τοῖς
751 2215 885 2283 πρὸς
919 2217 1189 2288 Εὐνόμιον
1232 2221 1578 2289 χαλεπαίνων
1624 2222 1874 2286 ἐνδίκως,

291 2300 625 2373 Μαρκίωνος
665 2307 827 2374 ἔργον
863 2304 1004 2363 εἶναι
1033 2312 1125 2363 τοῦ
1157 2313 1453 2377 δυσσεϐοῦς
1478 2332 1612 2385 φησι
1645 2315 1739 2369 καὶ
1767 2315 1876 2368 τῶν

293 2395 363 2448 τὰ
403 2397 616 2450 ἐκείνου
673 2399 989 2469 ζηλούντων
1049 2405 1109 2456 τὸ
1156 2409 1268 2469 τοῖς
1321 2408 1487 2477 ἱεροῖς
1530 2409 1876 2462 ἐπιτίθεσθαι

292 2486 615 2558 Γράμμασι,
667 2495 758 2546 καὶ
811 2495 881 2548 τά
929 2498 1030 2564 μὲν
1066 2498 1340 2568 ὑφαιρεῖν.
1376 2499 1444 2554 τά
1494 2501 1551 2554 δὲ
1611 2504 1704 2556 καὶ
1746 2505 1876 2576 παρ’

291 2580 505 2634 ἑαυτῶν
538 2585 918 2654 προστιθέναι.
967 2589 1096 2643 Τίνα
1137 2591 1269 2657 γοῦν
1317 2593 1475 2661 ὑμεῖς
1512 2594 1665 2664 ἔχετε
1707 2595 1880 2659 δεῖξαι

289 2673 405 2726 τῶν
433 2675 526 2727 τοῦ
555 2677 680 2730 καθ’
705 2679 848 2749 ἡμᾶς
885 2681 1148 2748 συλλόγου
1181 2684 1311 2738 ποτέ
1340 2689 1453 2750 τοῖς
1485 2687 1756 2751 τοιούτοις
1782 2691 1877 2742 έα-

265 2763 704 2838 ,λωκόταςΛέγε
739 2775 830 2826 καὶ
856 2773 1040 2828 δείκνυ
1071 2775 1162 2829 τόν
1187 2794 1246 2828 τε
1282 2780 1750 2849 κακουργήσαντα
1781 2783 1879 2835 καὶ

290 2855 362 2909 τά
393 2857 576 2926 βιϐλία
611 2863 706 2915 καὶ
743 2865 869 2926 τοὺς
915 2865 1110 2933 λόγους
1150 2868 1350 2932 αὐτοὺς
1377 2870 1505 2933 τοὺς
1552 2872 1723 2926 ταῦτα
1769 2891 1876 2926 πα-

293 2949 514 3016 θόντας,
554 2954 609 3006 εῐ
650 2972 715 3022 γε
758 2957 852 3009 καὶ
892 2957 1099 3014 δύναιο.
1157 2961 1318 3015 Ἀλλά
1351 2962 1510 3015 τοῦτο
1545 2965 1642 3032 μὲν
1673 2965 1773 3017 οὐκ
1812 2966 1876 3018 ἂν

290 3039 474 3111 ἔχοις·
519 3044 633 3109 πῶς
686 3049 797 3118 γὰρ
840 3051 902 3102 τὺ
951 3051 1178 3121 μηδαμῆ
1220 3054 1489 3124 μηδαμῶς
1529 3055 1608 3116 ὃν,
1663 3057 1757 3109 άτε
1812 3057 1874 3127 δὴ

294 3137 435 3205 μηδὲ
465 3139 686 3205 γεγονὸς
714 3141 847 3212 παρ’
870 3143 1052 3197 αὐτῶν
1084 3145 1304 3200 πώποτε
1333 3167 1347 3212 ;
1381 3149 1529 3218 ἐρεῖς
1559 3149 1616 3200 δὲ
1655 3150 1878 3212 πάντως

286 3227 367 3289 ὡς
390 3229 486 3298 οὐχ
512 3229 684 3296 οὕτως
711 3234 874 3298 αὐτὸς
903 3235 1166 3304 ἀνέγνως,
1204 3240 1326 3294 οὐδὲ
1353 3240 1451 3310 τὴν
1483 3243 1875 3310 ὑπεστήσατο
1906 3249 1949 3310 C

287 3321 460 3388 λέξιν,
489 3323 626 3378 ἀλλὰ
655 3325 754 3394 τὴν
786 3326 1166 3384 ἐτεκνώσατο
1211 3330 1412 3401 μᾶλλον
1440 3325 1596 3404 εὗρες
1627 3335 1741 3388 ἀντ’
1774 3337 1873 3388 αύ-

287 3416 393 3482 τῆς
431 3415 488 3468 ἐν
514 3420 626 3479 τοῖς
657 3419 750 3471 τοῦ
793 3420 1032 3489 μεγάλου
1063 3423 1242 3491 λόγοις
1267 3425 1548 3495 κειμένην,
1579 3427 1874 3480 κάντεῦθεν

292 3506 553 3574 συνάγεις
593 3508 668 3570 ὡς
697 3511 842 3575 εἰκὸς
869 3513 928 3566 τὸ
959 3516 1111 3585 παρά
1137 3515 1245 3570 τῶν
1268 3517 1557 3589 ἡμετέρων
1589 3522 1746 3573 ταυτὶ
1776 3538 1871 3589 με·

286 3599 721 3667 ταπεποιῆσοαι.
745 3603 980 3656 Κάκεῖνο
1014 3604 1078 3671 δ’,
1099 3598 1142 3659 ὦ
1163 3607 1454 3676 Θαυμάσιε,
1480 3611 1596 3672 πῶς
1627 3613 1726 3664 οὐκ
1762 3615 1878 3664 ἐνε-

291 3685 550 3758 θυμήθης
581 3691 716 3760 πρὸς
753 3692 948 3762 τούτῳ,
971 3695 1044 3752 ὡς
1075 3697 1169 3750 καὶ
1199 3701 1311 3759 τοῖς
1342 3702 1636 3770 ήτιετέροις
1669 3704 1868 3768 ἔξεστι,

287 3779 365 3830 τὰ
401 3780 469 3830 σά
513 3781 782 3851 λήμματα
823 3785 995 3839 ταῦτα
1031 3787 1281 3854 λαϐοῦσι,
1309 3794 1485 3847 ταυτά
1519 3811 1601 3848 σοι
1638 3813 1878 3864 συναγα-

288 3873 414 3940 γεῖν
441 3873 532 3926 ἐπὶ
561 3877 672 3928 τοῖς
698 3877 880 3940 αὐτοῖς
903 3878 1163 3938 ὡσαύτως
1192 3898 1206 3946 ;
1241 3883 1458 3951 Ἐροῦσι
1477 3886 1568 3939 καὶ
1599 3887 1706 3957 γὰρ
1735 3889 1874 3942 κατὰ

291 3964 357 4017 σὲ
395 3963 568 4034 δήπου
609 3966 703 4021 καὶ
736 3969 917 4040 πολλῷ
960 3954 1163 4038 μᾶλλον
1202 3975 1294 4027 καὶ
1329 3954 1874 4048 δικαιότερον-οῦτοι,

287 4059 370 4122 ὡς
406 4061 503 4131 οὐχ
553 4061 628 4125 ὡς
669 4062 827 4130 ὑμεῖς
874 4083 1033 4133 φατε,
1067 4067 1185 4120 ἀλλ’
1214 4071 1612 4137 ὑπεστήσατο
1669 4075 1874 4144 μᾶλλον

288 4150 524 4220 εὕρηται
560 4154 861 4226 πανταχοῦ.
893 4158 1005 4211 Καὶ
1047 4160 1329 4231 μάρτυρες
1364 4165 1499 4233 ἡμῖν
1545 4166 1874 4239 ἀπαράγρα-

287 4262 418 4298 πτοι
446 4245 626 4315 βιϐλία
650 4249 740 4301 καὶ
763 4248 914 4316 λόγοι
938 4251 1138 4316 πάντες
1155 4254 1203 4306 οἰ
1229 4256 1356 4325 περὶ
1381 4257 1605 4313 τούτων.
1630 4262 1875 4316 Κάντεῦ-

289 4339 386 4389 θεν
416 4339 722 4411 συνάγομεν
746 4342 820 4401 ὡς
843 4343 995 4407 εἰκὸς
1019 4345 1111 4412 ὑφ’
1139 4346 1293 4416 ὑμῶν
1323 4350 1745 4417 μετατεθεῖσθαι
1774 4355 1873 4426 τὴν

288 4429 462 4496 λέξιν,
492 4431 592 4501 τὴν
637 4432 1017 4490 ἐτεκνώσατο
1054 4436 1290 4505 δολερῶς
1342 4440 1870 4511 ἀντεισαγαγόντων.

286 4523 453 4592 Παρά
475 4523 570 4576 σοῦ
596 4525 690 4577 καὶ
716 4525 823 4595 γὰρ
847 4527 944 4588 τὰς
969 4526 1079 4580 τῶν
1102 4529 1363 4583 τοιούτων
1387 4531 1679 4600 διαλέξεων
1705 4537 1874 4605 ἀφορ-

1985 647 2212 700 τοιαῦτα
2244 648 2556 703 διαϐάλλειν
2585 652 3013 718 ἀπερισκέπτως
3050 648 3155 702 ἔδει
3197 651 3326 712 τοὺς
3355 651 3558 716 ἡμετέ-

1989 755 2137 804 ρους.
2169 739 2329 803 Εἰκὸς
2358 741 2453 794 καὶ
2501 741 2608 810 γάρ
2663 744 2720 794 ὲν
2763 741 2953 803 ἄλλαις
2986 741 3305 810 ἐκκλησίαις
3343 740 3439 793 καὶ
3471 742 3563 794 πό-

1984 834 2103 887 λεσι
2137 835 2344 900 δέλτοις
2377 836 2595 905 ἑτέραις
2632 837 2852 899 τούτους
2889 836 3260 906 ὡμιληκότας,
3300 834 3424 888 ὅθεν
3468 834 3560 887 καὶ

1984 931 2050 980 τὰ
2088 933 2228 983 κατὰ
2260 929 2369 981 τῶν
2404 931 2563 1000 ἱερῶν
2611 929 2902 997 δογμάτων
2937 931 3208 982 κινεῖσθαι
3265 930 3415 999 παρὰ
3464 927 3558 980 τοῦ
3599 984 3604 989 _

1985 1024 2280 1094 Καλαϐροῦ
2307 1027 2576 1097 Βαρλαάμ
2597 1025 2808 1078 ἄνωθεν
2833 1027 2934 1090 τὴν
2959 1025 3134 1094 ἀρχὴν
3162 1025 3340 1093 ἔσχεν,
3385 1022 3560 1081 οὕτως

1984 1119 2406 1189 ἐντετυχηκέναι
2435 1120 2512 1189 τῷ
2543 1121 2687 1189 λόγῳ
2719 1119 2813 1173 καὶ
2850 1121 2917 1188 τῇ
2950 1121 3135 1187 γραφῇ
3169 1118 3263 1170 τοῦ
3297 1115 3563 1186 μεγάλων

1984 1210 2125 1262 καθά
2165 1211 2338 1280 δήπου
2376 1213 2469 1264 καὶ
2521 1211 2653 1281 παρ’
2698 1213 2877 1264 αὐτῶν
2915 1207 3350 1272 ἀναγινώσκεταί
3378 1225 3434 1260 τε
3465 1208 3558 1260 καὶ

1985 1297 2258 1370 γράφεται
2285 1319 2298 1337 ο
2327 1307 2421 1357 καὶ
2452 1305 2697 1374 προσῆκε
2721 1304 2939 1367 πάντως
2964 1305 3058 1356 καὶ
3083 1301 3242 1354 τοῦτο
3264 1301 3408 1353 κατά
3437 1299 3561 1352 νοῦν

1985 1412 2045 1447 σε
2075 1395 2282 1461 λαϐεῖν,
2313 1398 2408 1449 καὶ
2443 1397 2764 1466 λογίσασθαι
2797 1398 2866 1449 τά
2900 1397 3104 1450 εἰκότα.
3136 1396 3207 1448 Σὺ
3240 1395 3294 1448 δὲ
3330 1393 3461 1463 μηδὲ
3492 1393 3562 1444 τά

1981 1489 2081 1558 τῆς
2144 1488 2476 1560 Ἑκκλησίας
2517 1492 2610 1544 καὶ
2656 1488 2755 1560 τῆίς
2809 1490 3017 1558 πόλεως
3059 1488 3297 1558 ταυτησὶ
3341 1485 3562 1538 διελθὼν

1983 1583 2164 1636 πάντα
2195 1583 2422 1647 πυκτία,
2459 1582 2529 1635 τὰ
2557 1584 2684 1646 τοὺς
2712 1582 3041 1651 εἰρημένους
3073 1578 3277 1649 δηλαδὴ
3324 1575 3419 1628 τοῦ
3461 1591 3558 1645 με·

1982 1674 2150 1740 γάλου
2178 1675 2414 1745 φέροντα
2450 1677 2664 1744 λόγους,
2695 1675 2822 1745 μηδ’
2855 1673 3059 1742 ἀκριϐῆ
3101 1671 3307 1724 τούτων
3340 1669 3560 1722 πάντων

1982 1768 2123 1837 ἔχων
2153 1769 2253 1838 τὴν
2291 1768 2512 1836 γνῶσιν,
2541 1769 2635 1835 ἀφ’
2661 1768 2777 1830 ἐνός
2811 1785 2957 1830 τινος
2989 1767 3020 1834 ἢ
3045 1765 3215 1826 δυοῖν,
3251 1764 3326 1826 ὡς
3366 1763 3431 1817 ἂν
3458 1763 3558 1814 αὖ·

1979 1860 2072 1921 τὸς
2104 1859 2295 1930 φαίης,
2327 1860 2661 1930 ἀμφισϐητῶ
2712 1860 2828 1928 γὰρ.
2869 1860 3045 1926 ἔγωγε
3077 1858 3174 1910 καὶ
3219 1856 3349 1924 περὶ
3380 1854 3563 1907 αὐτῶν

1979 1949 2205 2012 τούτων,
2244 1950 2503 2018 τοιαύτην
2558 1951 2654 2002 καὶ
2709 1948 3045 2017 τηλικαύτην
3093 1945 3192 2014 τὴν
3245 1944 3390 1998 κατὰ
3451 1940 3560 1992 τῶν

1981 2040 2106 2093 καθ’
2140 2043 2292 2110 ἡμᾶς
2356 2041 2678 2112 Ναζιραίων
2725 2042 2954 2093 τουτωνὶ
2988 2037 3207 2108 γραφὴν
3246 2037 3321 2099 ὡς
3369 2035 3559 2103 ἔτυχεν

1979 2132 2274 2201 ἐνεστήσω.

2054 2269 2212 2322 Οὕτω
2246 2269 2347 2338 μὲν
2374 2264 2466 2322 οὖν
2497 2269 2596 2321 οὐκ
2625 2269 2927 2334 ἀναγκαῖος
2950 2267 2978 2319 0
3010 2265 3166 2333 λόγος
3185 2263 3260 2316 ὣν
3286 2262 3560 2316 δέδεικται

1978 2363 2078 2432 τῆς
2128 2365 2270 2416 κατά
2303 2363 2412 2417 τῶν
2465 2363 2754 2432 ἡμετέρων
2799 2361 2975 2429 λαϐῆς
3027 2358 3252 2428 ταύτης,
3286 2356 3382 2409 καὶ
3413 2355 3561 2407 οὕτω

1978 2453 2077 2524 τὴν
2117 2454 2302 2508 ἄδικον
2355 2454 2561 2525 μέμψιν
2589 2455 2640 2506 οἱ
2690 2455 2824 2521 παρ’
2871 2452 3027 2522 ὑμῶν
3075 2449 3397 2519 διωκόμενοι
3427 2445 3558 2515 φεύ-

1979 2563 2170 2615 γουσιν
2197 2563 2210 2576 '
2248 2547 2334 2598 ἵνα
2365 2546 2419 2599 δὲ
2454 2545 2589 2616 μηδὲ
2613 2546 2968 2628 ἐνδεχόμενον
2999 2545 3127 2598 ὄντα
3152 2539 3557 2604 συναποδείξω-

1983 2655 2083 2707 μεν
2129 2638 2342 2698 τοῦτον,
2389 2638 2527 2692 ἀλλὰ
2561 2638 2756 2706 ψεῦδος
2791 2638 3052 2706 ἄντικρυς
3087 2635 3291 2705 μᾶλλον
3318 2634 3415 2685 καὶ
3469 2649 3562 2683 συ-

1982 2732 2283 2799 κοφαντίαν
2332 2734 2434 2800 τῆς
2490 2732 2772 2800 ἀληθείας,
2812 2732 2946 2800 φέρε
2997 2728 3444 2800 παραστήσωμεν
3501 2722 3561 2787 ἐξ

1979 2825 2158 2878 αὐτῶν
2189 2825 2390 2894 δηλαδὴ
2437 2826 2546 2879 τῶν
2582 2824 2676 2878 τοῦ
2719 2825 2884 2891 σοφοῦ
2920 2824 3135 2892 Πατρδς
3164 2821 3359 2888 λόγων,
3411 2819 3487 2879 ὡς
3524 2818 3558 2886 ἢ

1982 2917 2080 2986 μὲν
2111 2917 2490 2971 ἐτεκνώσατο
2531 2917 2676 2981 λέξις
2705 2917 2767 2970 οὐ
2803 2917 3087 2986 προσφυὴς
3120 2913 3212 2966 ἐπὶ
3236 2911 3369 2966 Θεοῦ
3393 2949 3407 2974 ,
3447 2911 3562 2963 οὐδ’

1979 3007 2157 3058 οἰκεία
2193 3007 2510 3075 νενόμισται
2557 3006 2754 3074 τούτῳ,
2798 3007 2880 3058 διὸ
2929 3005 3066 3076 μηδὲ
3096 3003 3325 3074 γνησίαν
3353 3000 3560 3065 ταύτην

1979 3093 2120 3151 εἶναι
2151 3098 2261 3150 δεῖν
2311 3099 2526 3150 ἐκείνου
2562 3100 2832 3166 νομίζειν,
2863 3100 2910 3150 εί
2958 3097 3051 3151 καὶ
3105 3097 3259 3165 παρά
3287 3110 3454 3155 τισιν,
3483 3093 3560 3155 ὡς

1980 3187 2142 3250 αὑτός
2172 3205 2363 3258 φησιν,
2408 3189 2643 3258 εὓρηται
2693 3189 2922 3258 κειμένη
2955 3188 3063 3240 τῶν
3095 3187 3474 3256 ἀντιγράφων,
3524 3185 3574 3253 ή-

1981 3281 2028 3333 δ’
2058 3280 2476 3346 ὑπεστήσατο,
2525 3283 2620 3335 καὶ
2667 3281 2800 3350 φίλη
2843 3282 2938 3335 καὶ
2979 3281 3220 3350 συνήθης
3253 3278 3350 3333 καὶ
3395 3276 3562 3329 πολυ-

1979 3374 2199 3443 τρόπως
2234 3374 2293 3439 ἐξ
2324 3364 2572 3442 ἀνάγκης
2604 3373 2664 3426 τὸ
2691 3374 2920 3444 γνήσιον
2947 3371 3285 3442 κεκτημένη.
3308 3369 3562 3439 Εὐνομίῳ

1978 3465 2072 3519 καὶ
2102 3465 2211 3535 γὰρ
2244 3469 2270 3517 ό
2307 3465 2471 3535 σοφὸς
2504 3466 2704 3518 οὑτωσὶ
2737 3469 2868 3534 περὶ
2900 3465 3009 3526 ξτοῦ
3069 3461 3392 3534 μονογενοῦς
3425 3461 3560 3516 Υῑοῦ

1978 3555 2073 3608 τοῦ
2098 3555 2234 3609 Θεοῦ
2269 3555 2801 3626 προσδιαλεγόμενος
2825 3555 2902 3625 τῷ
2933 3555 3174 3625 Γαλάτῃ,
3202 3553 3464 3622 γεννητόν
3500 3565 3562 3605 τε

1979 3649 2078 3700 καὶ
2110 3649 2359 3716 γέννημα
2386 3649 2621 3717 συχνῶς,
2654 3647 2772 3700 ἀλλ’
2799 3641 2897 3718 ούχ
2931 3647 3060 3700 Υἱὸν
3088 3647 3298 3700 ἐκεῖνον
3344 3645 3559 3697 ἀποκα-

1978 3741 2182 3806 λοῦντι,
2213 3742 2304 3793 καὶ
2342 3732 2443 3810 τὴν
2476 3740 2834 3810 καινοτομίαν
2867 3742 2962 3794 καὶ
3005 3740 3066 3792 τὸ
3102 3737 3270 3808 ἄηθες
3319 3737 3415 3805 τῆς
3449 3752 3561 3804 φωιρ

1978 3833 2077 3900 νῆς
2110 3833 2199 3885 διὰ
2248 3831 2462 3885 πολλῶν
2507 3831 2833 3901 ἐξελέγχων,
2879 3825 2983 3882 εἴτ’
3039 3828 3240 3894 ἐπάγει
3289 3824 3559 3878 κάκεῖνα·

1978 3925 2076 3976 Διά
2109 3925 2290 3988 τοῦτο,
2337 3921 2513 3994 οἶμαι,
2557 3925 2590 3995 ἦ
2626 3941 2685 3976 τε
2731 3924 2886 3992 κοινὴ
2922 3923 3185 3991 συνήθεια
3217 3919 3317 3982 τὴν
3357 3933 3560 3988 προση-

1978 4018 2171 4087 γορίαν
2207 4018 2446 4088 ἠτίμασε
2484 4020 2580 4073 τοῦ
2615 4019 3100 4091 γεννήματος,καὶ
3143 4019 3176 4088 ή
3208 4018 3327 4070 θεία
3367 4013 3562 4086 Γραφὴ

1981 4108 2402 4178 παραιτουμένη
2439 4109 2716 4176 φαίνεται,
2746 4111 2844 4162 καὶ
2875 4110 3113 4178 μάλιστα
3146 4108 3241 4159 ἐπὶ
3277 4105 3373 4158 τοῦ
3407 4120 3560 4174 μονο-

1978 4199 2174 4267 γενοῦς
2213 4199 2344 4252 Υίοῦ
2374 4201 2467 4254 τοῦ
2503 4200 2659 4255 Θεοῦ.
2703 4201 2865 4256 Ἀλλά
2903 4202 3000 4254 καὶ
3029 4200 3127 4270 τὴν
3165 4200 3359 4252 τέκνου
3395 4213 3560 4266 προσ-

1977 4293 2210 4362 ηγορίαν
2248 4293 2324 4354 ὡς
2361 4293 2498 4346 πολὺ
2533 4294 2594 4346 τὸ
2625 4293 2965 4364 ἀνθρώπινον
2995 4291 3228 4362 ἔχουσαν
3277 4292 3338 4346 ού
3387 4307 3560 4362 11900.-

1979 4384 2175 4454 ήκατο.
2208 4384 2368 4453 Δηλοῖ
2391 4385 2448 4437 δὲ
2471 4388 2499 4438 0
2543 4385 2890 4450 Ἀπόστολος.

2061 4519 2225 4590 Ὁρᾷς
2279 4521 2396 4583 πῶς
2445 4523 2474 4573 0
2514 4521 2831 4585 διδάσκαλος
2880 4522 3079 4592 ἐπίσης
3125 4521 3204 4591 τῷ
3242 4523 3564 4593 γεννήματιι

289 4610 403 4681 μὰς
433 4612 616 4682 έχουσι
651 4612 912 4678 λαϐόντες
942 4616 1194 4680 εἰκότως.
1231 4619 1291 4671 ΕΞ
1330 4619 1428 4688 μὲν
1456 4596 1873 4691 οὗνάναγκαῖον
1910 4596 1950 4649 θ
1981 4613 2075 4667 καί
2112 4615 2211 4682 τὴν
2236 4613 2330 4665 τοῦ
2371 4613 2567 4666 τέκνου
2625 4617 3004 4685 προσηγορίαν
3051 4615 3145 4668 ἐπὶ
3192 4616 3330 4669 Θεοῦ
3385 4634 3573 4688 παρη--

286 4706 440 4773 ἐρεῖς
473 4705 533 4758 τὸ
578 4709 729 4776 παρὰ
763 4705 858 4760 σοῦ
910 4709 1302 4779 συναγόμενον,
1331 4713 1632 4778 ἀναγκαῖον
1683 4717 1778 4769 καί
1816 4719 1878 4771 τὸ

287 4798 432 4867 παρ’
455 4798 682 4853 ἐκείνων
714 4800 911 4870 φήσεις
942 4800 1228 4866 ὡσαύτως.
1264 4805 1375 4858 Καὶ
1402 4804 1520 4870 πῶς
1549 4801 1660 4860 οἷόν
1690 4826 1749 4861 τε
1782 4810 1876 4863 καὶ

285 4890 503 4959 ἄμφωι
553 4891 586 4962 ἢ
643 4892 760 4956 πῶς
818 4892 1046 4948 δυνατὸν
1095 4896 1194 4965 τὴν
1227 4897 1521 4966 ἀντίφασιν
1572 4898 1753 4968 λέγειν
1801 4903 1874 4973 μὴ

286 4982 635 5036 ἀντικεῖσθαι
661 5001 675 5046 ;
714 4985 944 5054 θάτερον
971 4986 1082 5054 γάρ
1119 4987 1228 5039 τῶν
1276 4990 1462 5058 μερῶν
1492 4991 1705 5063 ἀνάγκη
1736 4995 1874 5048 πάν·

283 5087 403 5134 τως
441 5073 794 5128 ἀντιπίπτειν
836 5075 1078 5146 θατέρῳ.
1132 5077 1190 5130 Εἰ
1223 5077 1266 5130 δ’
1316 5079 1416 5131 οὐκ
1459 5081 1732 5147 ἀναγκαῖα
1769 5083 1876 5155 φῂς

284 5162 473 5232 λέγειν
503 5167 629 5230 τοὺς
659 5166 985 5235 ἡμετέρους,
1020 5168 1330 5236 ἐνδέχεσθαι
1363 5171 1470 5240 γὰρ
1498 5172 1594 5225 καὶ
1626 5172 1700 5243 μὴ
1734 5169 1876 5227 εἰναι

285 5252 446 5310 τοῦθ’
465 5254 638 5321 οὕτως
666 5255 810 5327 ἕχον,
836 5258 967 5311 αὐτὸ
994 5259 1140 5312 τοῦτ’
1179 5259 1236 5324 ἐξ
1269 5261 1517 5332 ἀνάγκης
1547 5264 1735 5333 ἐροῦσι
1781 5269 1878 5320 κά-

285 5347 485 5410 κεῖνοι,
517 5349 613 5400 καὶ
647 5348 915 5412 δείξουσιν
945 5350 1046 5402 οὐκ
1097 5351 1130 5402 ά
1166 5356 1395 5418 αγκαῖον
1443 5355 1570 5406 ὅντα
1608 5358 1876 5426 πρότερον

288 5437 391 5490 τὸν
428 5439 519 5490 σὺν
550 5438 729 5508 λόγον,
761 5441 854 5493 καὶ
881 5444 1060 5514 μάτην
1097 5445 1182 5495 ἐπ’
1206 5445 1425 5515 ἀδήλοις
1465 5449 1878 5518 κατατρέχοντά

288 5546 364 5599 γε
392 5531 498 5583 τῶν
540 5532 848 5585 ἀνευθύνων
880 5534 954 5596 ὡς
987 5537 1080 5585 ἐπί
1113 5553 1253 5588 τισιν
1287 5538 1761 5608 ὁμολογουμένοις.
1815 5543 1875 5594 Εἰ

292 5616 408 5687 μὲν
432 5619 540 5686 γὰρ
572 5618 752 5681 πάσας
792 5623 953 5684 αὐτὸς
981 5623 1206 5676 διελθὼν
1240 5627 1338 5690 τὰς
1373 5631 1558 5681 ἐκεῖνα
1602 5632 1877 5701 φερούσας

293 5708 456 5778 ἱερὰς
497 5709 734 5775 δέλτους,
773 5712 872 5765 ὅσα
919 5716 951 5785 ἡ
1012 5715 1244 5786 μεγίστη
1305 5718 1456 5783 πόλις
1502 5719 1664 5791 αὕτη,
1711 5725 1886 5792 φημὶ,

290 5800 483 5869 φέρει,
520 5801 652 5865 τέως
710 5805 892 5867 πάσας
948 5806 1122 5870 οὕτως
1174 5809 1405 5879 ἐχούσας
1459 5807 1616 5885 εὗρες
1663 5815 1785 5868 καθ’
1818 5817 1876 5869 ὃν

291 5894 463 5962 ὑμεῖς
511 5894 914 5964 ἀναγινώσκετε
947 5901 1167 5971 τρόπον,
1207 5903 1318 5958 οὐδ’
1357 5905 1500 5961 οὕτω
1537 5909 1633 5980 μὲν
1662 5907 1754 5963 οὖν
1788 5911 1876 5964 εὖ·

1977 4706 2219 4776 τήσατο;
2271 4707 2493 4760 Μᾶλλον
2539 4707 2586 4760 δ’
2616 4709 2720 4761 οὐκ
2777 4709 2942 4770 αὐτὸς
2976 4701 3134 4772 οὗτος
3188 4710 3373 4780 μόνος,
3429 4709 3564 4762 ἀλλὰ

1979 4798 2072 4848 καὶ
2103 4795 2204 4865 τὴν
2236 4796 2426 4865 κοινὴν
2473 4797 2686 4860 εἰσάγει
2742 4799 3040 4868 συνήθειαν
3091 4799 3231 4868 μετὰ
3271 4799 3371 4866 τῆς
3411 4798 3574 4860 θείας.

1979 4887 2205 4955 Γραφῆς
2233 4888 2618 4958 ἀτιμάζουσαν
2645 4889 2852 4960 ταύτην
2883 4890 2958 4951 ὡς
2996 4890 3225 4958 ἀναξίαν
3255 4889 3413 4955 Θεοῦ,
3469 4893 3561 4942 καὶ

1979 4979 2113 5031 πολὺ
2148 4978 2208 5032 τὸ
2245 4979 2594 5049 ἀνθρώπινον
2631 4983 2886 5052 ἔχουσαν.
2934 4982 3057 5046 Πῶς
3086 4979 3179 5037 οὖν
3217 4985 3289 5054 ἥν
3323 4982 3573 5038 ἀπεϐάλρ-

1979 5069 2104 5122 λετο
2132 5069 2303 5135 λέξιν,
2337 5075 2431 5124 καὶ
2469 5073 2646 5124 ταῦτα
2673 5074 2795 5142 μεθ’
2820 5071 2965 5127 οὕτω
3003 5074 3252 5143 μεγάλης
3275 5077 3374 5144 τῆς
3395 5089 3561 5127 κατα»

1980 5163 2154 5231 φορᾶς
2191 5164 2288 5216 καὶ
2336 5163 2436 5231 τῆς
2482 5165 2660 5226 αἰτίας
2713 5164 3030 5232 ἀξιολόγου,
3077 5163 3272 5233 μικρὸν
3327 5163 3421 5215 ἐπὶ
3467 5165 3573 5216 τοῦ·

1979 5260 2144 5312 αὑτοῦ
2182 5259 2391 5328 προῖὼν
2427 5259 2492 5313 ἂν
2532 5261 2721 5329 λόγου,
2774 5261 2938 5314 πάλιν
2969 5259 3160 5330 ὥσπερ
3212 5261 3277 5312 ἐκ
3310 5276 3561 5329 μεταμε-

1977 5353 2130 5415 λείας
2166 5356 2503 5423 προσήκατο,
2538 5357 2631 5408 κλὶ
2683 5355 2920 5425 μάλιστα
2971 5352 3107 5423 πρὸς
3161 5351 3426 5421 πολέμιον
3471 5351 3569 5405 καὶ

1982 5445 2252 5516 θεομάχον
2299 5445 2445 5500 οὓτω
2500 5447 2680 5515 βίαιον
2726 5447 2956 5517 γράφων
3004 5446 3096 5498 καὶ
3148 5445 3440 5516 νοημάτων
3468 5447 3560 5498 καί

1979 5537 2181 5604 λέξεων
2252 5541 2634 5608 καινοτομίαις
2718 5539 3190 5609 ἐναϐρυνόμενον,
3256 5538 3292 5592 ὃ.
3347 5539 3411 5608 δὴ
3467 5539 3568 5591 καὶ

1980 5631 2201 5694 πυκνῶς
2230 5633 2348 5684 ἐκεῖ
2376 5634 2468 5685 καὶ
2509 5633 2781 5699 γενναίως
2817 5633 2844 5684 0
2880 5635 3126 5700 γενναῖος
3168 5632 3379 5704 βάλλων
3402 5631 3568 5684 αὑτὸν

1981 5724 2280 5794 ἐξελέγχει,
2317 5727 2407 5776 καὶ
2447 5725 2800 5792 καινοτόμον,
2832 5725 2924 5776 καὶ
2977 5724 3086 5777 ἀπὸ
3135 5725 3346 5788 κοιλίας
3385 5724 3574 5779 πάντας

1988 5816 2362 5887 φθεγγόμενον
2388 5818 2648 5887 ἄντικρυς
2678 5816 3098 5882 ἁποδείκνυσιν;
3133 5817 3395 5889 Οὐδαμῶς
3426 5818 3561 5870 πάν-

1990 5926 2120 5978 τως,
2153 5910 2205 5963 εί
2232 5926 2291 5974 γε
2319 5910 2415 5962 καὶ
2441 5909 2538 5980 τῆς
2566 5908 2852 5980 ἀκριϐείας
2883 5907 2959 5975 ὡς
2989 5910 3226 5978 μάλιστα
3260 5909 3572 5982 φροντίζων.
