4046 6474
431 443 568 509 1.53

1812 442 2236 505 APPENDIX.

3573 429 3712 495 1154

428 559 527 612 καὶ
559 554 721 610 ἐνί)εά
749 554 879 619 είσι,
914 553 992 624 μὴ
1043 552 1315 626 πρότερον
1370 553 1502 607 ὅντα
1532 554 1738 626 δηλαδὴ
1778 554 2011 610 τοιαῦτα
2038 560 2093 620 Α
2118 551 2326 622 στάτην
2342 550 2637 620 λεγόμενον
2660 550 2811 622 παρά
2844 553 3037 604 τούτου
3061 548 3157 602 τοῦ
3189 547 3468 617 θεολόγου,
3505 549 3711 617 μᾶλλον

426 650 527 706 καὶ
577 648 700 702 κατ’
728 649 937 712 ἐκεῖνα,
972 649 1069 701 καὶ
1098 649 1236 701 Θεοῦ
1288 648 1537 716 λέγονται
1577 648 1866 718 μετέχειν;
1904 649 2016 701 Kal

427 746 481 796 εί
517 738 672 794 ταῦθ’
702 738 876 801 οὕτως
905 738 1045 808 ἔχει,
1076 740 1277 792 ταυτὸν
1305 736 1416 809 ἄρα
1439 736 1573 800 Θεός
1594 753 1656 789 τε
1685 737 1781 789 καὶ
1810 736 2010 799 κτίσις,

426 835 526 890 καὶ
553 833 710 886 οὐδέν
758 848 813 884 τι
861 831 921 885 τὸ
958 832 1122 900 μέσον
1175 830 1408 899 ποιητοῦ
1461 846 1524 883 τε
1559 829 1657 882 καὶ
1708 831 2013 898 ποιήματος

426 926 704 994 οὐδαμῶς,
748 924 883 979 ἀλλὰ
910 924 1151 995 ’φύρδην
1178 925 1275 978 καὶ
1309 923 1513 993 ἀναμὶξ
1545 923 1720 976 ταῦτα
1759 921 2013 982 κάκεῖνα,

430 1022 525 1073 καὶ
555 1020 736 1072 πάντα
761 1016 901 1087 ὁμοῦ
933 1018 1217 1086 χρήματα.
1247 1016 1314 1068 Τί
1336 1014 1382 1067 δ’
1410 1016 1494 1067 ὃτι
1528 1014 1621 1067 καί⁵
1637 1012 1895 1082 προνοίας
1920 1010 2017 1062 καὶ

426 1113 773 1181 ἀγαθότητος
799 1111 828 1163 6
849 1108 1173 1172 διδασκαλος
1203 1108 1303 1171 τὰς
1330 1106 1484 1170 Θείας
1511 1106 1777 1175 δυνάμεις
1812 1103 2016 1166 ταύτας

429 1207 588 1277 φησι,
611 1205 907 1276 προϊούσας
935 1205 999 1256 ὲκ
1028 1201 1123 1265 τοῦ
1148 1202 1501 1273 ὐπερουσίου,
1526 1201 1620 1252 καὶ
1643 1197 2018 1267 μετεχομένας

430 1302 537 1357 ὑπὸ
569 1302 678 1355 τῶν
706 1300 916 1362 ὄντωνς
972 1298 1072 1360 Τίς
1103 1298 1212 1366 ἄρα
1244 1296 1355 1349 τῶν
1395 1296 1495 1363 τῆς
1526 1292 1673 1354 θείας
1707 1291 1879 1362 αὐλῆς
1914 1293 2016 1362 τὴν

430 1398 694 1467 πρόνοιαν
743 1397 840 1447 καὶ
900 1393 1002 1460 τὴν
1058 1390 1379 1460 ἀγαθότητα
1425 1388 1522 1441 τοῦ
1557 1386 1696 1440 Θεοῦ
1744 1385 2016 1456 χρονικῶς

429 1489 722 1562 ἡργμένην
777 1489 875 1541 καὶ
920 1483 1149 1555 κτιστὴν
1198 1477 1319 1534 εἶπέ
1353 1498 1519 1546 ποτε;
1552 1481 1711 1543 Τίνος
1737 1480 1796 1533 δὲ
1841 1480 1933 1531 καὶ
1959 1480 2016 1531 al

429 1581 697 1635 ἀνωτάτω
728 1579 825 1632 καὶ
879 1576 1011 1648 περὶ
1046 1576 1182 1630 Θεὸν
1232 1574 1495 1643 δυνάμεις
1550 1573 1876 1642 μετέχουσαι
1906 1587 2019 1623 κτι-

435 1670 568 1726 στοῦ
608 1673 740 1733 εἱσι,
774 1673 870 1725 καὶ
900 1669 1065 1737 σοφαὶ
1094 1671 1186 1721 καὶ
1217 1666 1389 1719 πάλαι
1415 1665 1513 1719 καὶ
1535 1663 1737 1732 ἀγαθαί
1768 1665 1897 1727 εἱσι,
1920 1663 2017 1715 καὶ

434 1765 570 1831 ζῶσι
610 1764 764 1817 θείαν
798 1763 986 1831 ζωήν;
1037 1759 1105 1813 Τί
1154 1758 1329 1813 ταῦτα
1360 1757 1472 1811 τῶν
1506 1757 1659 1810 ίδεῶν
1685 1757 2013 1812 ἀποδέουσιν

434 1859 683 1921 ἐκείνων,
736 1856 803 1919 ἀς
837 1858 866 1908 6
901 1854 998 1907 τοῦ
1062 1853 1394 1924 Ἀρίστωνος
1429 1848 1761 1919 Ἑλληνικῶς
1807 1865 1867 1900 τε
1918 1849 2014 1901 καὶ

2120 646 2167 699 δ⁹
2196 647 2259 698 οὐ
2291 643 2422 714 παρ’
2460 644 2657 697 ἑαυτοῦ
2709 643 2929 713 πρώτου
2961 642 3148 697 λαϐὼν
3179 641 3297 711 ἔχει
3350 645 3585 711 ταυτηνὶ
3612 642 3714 712 τὴν

2119 734 2423 799 θεολογίαν,
2458 734 2532 794 ὡς
2558 735 2719 799 αὑτός
2753 752 2920 805 φησιν
2954 731 3136 801 οὗτος,
3168 734 3303 789 ἀλλὰ
3334 736 3488 805 παρὰ
3508 736 3618 789 τῶν
3645 740 3716 791 τά

2119 826 2243 896 ίερὲι
2279 826 2442 877 ταυτὶ
2489 827 2823 893 διδαξάντων
2880 828 3070 892 αὑτὸν,
3128 827 3238 880 τῶν
3283 828 3545 898 πρώτων,
3573 829 3714 900 ὅπερ

2118 918 2279 1005 ἔφην,
2314 920 2635 972 ἀποστόλων
2668 922 2762 972 καὶ
2814 918 3111 987 θεολόγων.
3149 922 3215 973 Τί
3259 917 3355 974 οὖν
3388 922 3711 991 ἐροῦμεν,ἢ

2115 1011 2169 1064 τί
2198 1015 2471 1081 φήσομεν,
2529 1012 2673 1076 εἰπὲ,
2710 1013 2850 1075 τέως
2890 1015 3028 1083 πρὸς
3060 1013 3220 1068 τοῦτο
3247 1032 3260 1046 ’
3283 1017 3380 1071 καὶ
3410 1017 3583 1086 αὐτῆς
3612 1019 3712 1086 τῆς

2127 1107 2331 1159 ἑαυτοῦ
2364 1107 2619 1175 θεότητος
2659 1106 2888 1177 κτίστην
2938 1108 3030 1161 τὸν
3083 1107 3219 1161 Θεὸν
3260 1108 3583 1177 νομιοῦμεν.
3614 1113 3713 1162 καὶ

2115 1198 2250 1250 Θεὸν
2277 1196 2718 1267 πρεσϐεύσομεν,
2752 1199 3041 1268 ἠργμένην
3092 1200 3365 1270 χρονικῶς
3387 1201 3582 1271 ἔχοντα
3612 1202 3714 1272 τὴν

2116 1290 2350 1359 θεότητα
2407 1293 2500 1343 καὶ
2562 1296 2796 1361 κτιστήν
2828 1310 2842 1357 ;
2880 1295 2989 1345 Καὶ
3042 1294 3303 1363 πότερον,
3360 1295 3714 1366 ἐπερώτησον

2118 1378 2293 1447 αὖθις,
2334 1386 2428 1435 καὶ
2454 1383 2616 1445 αὐτὸς
2653 1385 2679 1434 ὁ
2712 1384 2867 1447 Θεὸς,
2904 1386 2965 1438 ὅν
2996 1402 3134 1453 φατε
3179 1386 3406 1455 κτιστὴν
3442 1387 3587 1457 ἔχειν
3612 1391 3716 1459 τὴν

2117 1473 2380 1545 θεότητα,
2420 1481 2638 1541 κτιστός
2669 1479 2786 1531 ἐστι
2818 1480 2917 1532 σὺν
2954 1480 3093 1549 αὐτῇ
3118 1519 3133 1544 ,
3172 1480 3204 1550 ἢ
3234 1480 3401 1542 αὐτὸς
3432 1484 3533 1549 μὲν
3565 1482 3716 1535 ἐστιν

2117 1569 2371 1632 ἅκτιστος
2394 1569 2466 1633 ὡς
2496 1571 2651 1633 Θεὸς,
2684 1571 2784 1639 τὴν
2815 1571 2873 1623 δὲ
2907 1570 3141 1641 θεότητα
3169 1572 3431 1643 κέκτηται
3460 1579 3713 1641 κτιστὴν;

2119 1661 2230 1715 Kal
2262 1662 2311 1713 εί
2368 1661 2469 1731 μὲν
2501 1663 2563 1714 τὸ
2599 1662 2871 1733 πρότερον
2906 1663 3136 1728 εἴποιεν,
3194 1665 3423 1719 αὐτόθεν
3452 1667 3553 1737 τὴν
3584 1668 3714 1718 ἀσέ-

2121 1754 2277 1808 ϐειαν
2305 1758 2396 1807 καὶ
2434 1755 2495 1808 τὸ
2527 1738 2687 1809 ἀθεδν
2717 1755 2978 1819 δείξουσι,
3011 1760 3080 1827 τῇ
3116 1758 3297 1811 κτίσει
3331 1762 3584 1830 φανερῶς
3615 1760 3714 1813 λα-

2118 1847 2409 1916 τρεύοντες
2441 1848 2598 1915 παρά
2639 1849 2731 1901 τὸν
2765 1849 3052 1913 κτίσαντα,
3089 1851 3185 1903 καὶ
3213 1852 3307 1905 ἕνα
3340 1854 3440 1922 μὲν
3472 1870 3715 1922 προσκυ-

437 1951 684 2022 μυθνικῶς
714 1947 1033 2009 ἀναπλάσας
1069 1946 1322 2011 ἐξέθετο;
1368 1944 1569 2013 μᾶλλον
1598 1942 1643 1995 δ’
1676 1942 1915 2012 ἀκριϐῶς
1951 1958 2013 2006 γε
2047 1945 2091 2002 Β
2118 1939 2362 2003 νοῦντεε,
2391 1940 2529 1993 ἀλλὰ
2568 1941 2812 2003 κτιστὸν,
2852 1941 3111 2013 καθάπερ
3135 1943 3358 1997 εἴδωλόν
3387 1963 3439 1997 τι
3472 1948 3566 1997 καὶ
3594 1963 3713 2016 χει-

434 2041 730 2096 σκοποῦντι
763 2042 859 2094 καὶ
918 2039 1139 2109 χείρονα
1167 2035 1353 2104 πολλῷ
1400 2035 1509 2088 τῶν
1540 2035 1756 2088 ἐκείνου
1796 2035 1866 2088 τὰ
1897 2035 2014 2088 δια-

433 2133 816 2203 θρυλλούμενα
850 2131 970 2185 νῦν.
1006 2132 1247 2193 Ἐκεῖνος
1274 2130 1377 2198 μὲν
1406 2130 1517 2200 γὰρ
1544 2133 1642 2181 καὶ
1674 2131 1702 2182 6
1725 2129 1822 2181 σὺν
1863 2128 2014 2198 αὐτῷ

433 2245 491 2280 τε
516 2229 611 2280 καὶ
641 2225 760 2297 μετ’
795 2226 958 2279 αὐτὸν
999 2223 1380 2293 Σταγειρίτης,
1407 2223 1501 2275 καὶ
1551 2222 1668 2275 ὅσοι
1690 2222 1891 2291 δηλαδὴ
1916 2225 2016 2291 τῆς

438 2321 622 2382 στοᾶς,
661 2321 710 2372 εί
742 2319 840 2371 καὶ
869 2316 994 2369 κατ’
1022 2317 1152 2372 ἄλλο
1184 2318 1321 2384 πρὸς
1365 2316 1637 2383 ἀλλήλους
1662 2315 2016 2385 διαφέρονται

433 2413 564 2480 περὶ
598 2408 814 2472 τούτου,
847 2406 962 2461 ἀλλ’
1016 2406 1271 2459 οὐδέποτε
1304 2404 1367 2456 τὸ
1414 2403 1629 2465 αὐτοὸν,
1673 2402 1829 2471 ῆτὴν
1856 2403 2017 2454 αὐτο-

434 2499 605 2569 ζωὴν,
643 2499 677 2568 ἢ
712 2498 774 2550 τὸ
806 2495 1057 2565 αὑτόφως
1100 2496 1305 2561 ἔξωθεν
1335 2494 1481 2563 ἔχειν
1515 2494 1577 2547 τὸ
1607 2488 1749 2545 εἶναι
1791 2492 1888 2545 καὶ
1918 2491 2018 2559 ζῇν

425 2590 533 2643 ’καὶ
582 2591 699 2659 φῶς
735 2582 878 2642 εἶναι
935 2589 1264 2657 εἰρήκασινο
1317 2584 1437 2638 ἀλλ’
1472 2584 1615 2638 αὑτά
1663 2582 1839 2634 ταῦτα
1889 2579 2016 2634 καθ’

438 2682 696 2750 ὕπαρξιν,
738 2681 787 2733 εί
827 2679 926 2734 καί¹
963 2678 1152 2749 κακῶς
1205 2694 1267 2730 τε
1307 2678 1402 2729 καὶ
1458 2676 1635 2736 ἀθέως
1671 2673 1824 2728 εἷπον
1852 2672 2015 2740 εἶναι,

437 2774 582 2844 ἅπερ
606 2774 700 2828 καὶ
718 2772 962 2839 λέγεται,
990 2773 1085 2825 καὶ
1112 2769 1330 2841 μάλισθ’
1350 2772 1381 2823 6
1410 2768 1746 2840 προρῤηθεὶς
1768 2768 2020 2837 καθηγη-

436 2867 536 2934 τὴς
568 2864 679 2916 τῶν
701 2862 964 2915 τοιούτων
982 2881 998 2894 ο
1030 2864 1127 2913 καὶ
1144 2860 1322 2930 τούτῳ
1348 2860 1625 2930 διαφέρειν
1656 2861 1765 2913 τῶν
1791 2860 2022 2929 λεγομέ-

439 2973 545 3009 νων
573 2954 744 3009 ὅντων
782 2971 842 3007 τε
876 2954 973 3007 καὶ
1001 2951 1221 3019 ζώντων
1247 2953 1342 3005 καὶ
1390 2951 1677 3021 φωτεινῶν
1707 2952 1767 3003 τὸ
1802 2951 2020 3014 αὐτοὸν,

439 3048 534 3101 καὶ
556 3047 656 3116 τὴν
684 3047 993 3115 αὐτοζωὴν,
1032 3046 1126 3098 καὶ
1178 3045 1239 3097 τὸ
1267 3045 1543 3112 αὑτόφως,
1598 3043 1678 3111 τῷ
1712 3042 1789 3113 μὴ
1816 3042 1947 3095 ἄλλο
1969 3058 2021 3094 τι

440 3140 709 3211 πρότερον
737 3140 867 3192 ὄντα
899 3138 1182 3208 μεθεκτῶς
1210 3137 1482 3207 ἑτέρωθεν
1521 3136 1667 3206 ἔχειν
1706 3135 1857 3189 τοῦθ’
1882 3135 2022 3204 ὅπερ

439 3235 692 3302 λέγονται
728 3228 895 3296 εἶναι,
922 3232 1040 3285 ἀλλ’
1061 3233 1128 3283 ὲκ
1148 3232 1361 3283 τούτων
1386 3230 1589 3299 μᾶλλον
1616 3231 1757 3283 κατὰ
1786 3229 2022 3301 μετοχὴν

2122 2031 2235 2101 ρῶν
2269 2033 2451 2101 ἔργον,
2487 2033 2521 2100 ἢ
2574 2035 2683 2085 τῶν
2716 2036 2960 2087 κτιστῶν
2999 2036 3207 2089 τούτων
3249 2038 3348 2090 τοῦ
3381 2037 3592 2106 κόσμου
3620 2035 3714 2090 καὶ

2117 2124 2401 2192 λυομένων
2431 2127 2717 2195 στοιχείων
2750 2126 2811 2178 έν
2833 2144 2848 2158 ο
2894 2128 2944 2180 εί
2975 2128 3032 2180 δὲ
3066 2128 3159 2181 τὸν
3196 2130 3296 2199 μὲν
3320 2129 3454 2181 Θεὸν
3498 2130 3711 2197 λέγοιεν

2118 2216 2373 2271 ἀκτιστον
2400 2213 2563 2282 εἶναι,
2598 2218 2738 2287 μηδὲ
2766 2217 2873 2289 γὰρ
2900 2219 3241 2290 ἀνασχέσθαι
3267 2221 3389 2273 ποτ’
3420 2220 3490 2272 ἂν
3512 2221 3715 2283 αὐτοὺς

2119 2309 2380 2378 κτίσματί
2406 2327 2468 2377 γε
2492 2312 2797 2380 λατρεύειν,
2826 2314 2925 2381 τὴν
2942 2312 3001 2364 δὲ
3026 2312 3117 2364 Θεό
3131 2330 3262 2380 ςητα
3289 2313 3457 2364 αὑτοῦ
3482 2314 3715 2381 κτιστὴν

2118 2405 2448 2470 πεφυκέναι,
2484 2406 2593 2458 ἀπὸ
2627 2406 2737 2475 γὰρ
2766 2410 2866 2476 τῆς
2898 2408 3188 2475 ἐνεργείας
3243 2408 3486 2478 ἑκάστην
3518 2408 3714 2461 οὐσίαν

2120 2496 2625 2565 χαρακτηρίςεσθαί
2647 2514 2814 2564 φασιν
2842 2500 2893 2551 οἱ
2921 2498 3165 2565 Θεολόγοι
3194 2500 3460 2567 Πατέρες,
3486 2501 3586 2569 τῆς
3612 2502 3715 2568 μὲν

2120 2587 2379 2640 ἀκτίστου
2414 2589 2701 2660 ἐνεργείας
2742 2590 3006 2644 ἀκτιστον
3055 2590 3345 2660 δεικνύσης
3373 2591 3563 2660 φύσιν,
3596 2610 3717 2645 κτι-

2124 2680 2257 2749 στὴν
2286 2681 2344 2733 δὲ
2383 2682 2482 2751 τῆς
2511 2682 2766 2747 κτιστῆς,
2815 2683 2954 2752 πρὸς
2990 2682 3068 2753 τῷ
3104 2684 3365 2753 ἀδυνάτῳ
3398 2685 3713 2753 τοιγαροῦν,

2122 2773 2259 2842 ὅπερ
2291 2773 2453 2842 ἔφην,
2493 2775 2604 2828 ίδοὺ
2646 2776 2738 2828 καὶ
2763 2775 2904 2828 θεῶν
2937 2776 3097 2845 ὄχλος
3136 2778 3234 2830 καὶ
3259 2778 3291 2844 ή
3327 2778 3547 2830 κάκιστ’
3576 2780 3716 2831 ἀπο-

2123 2864 2361 2934 λουμένη
2393 2865 2494 2933 τῆς
2522 2867 2817 2930 πολυθεῖας
2849 2868 3057 2930 εἴσοδος
3095 2864 3275 2930 αὖθις,
3330 2870 3477 2921 καὶὸ
3517 2870 3718 2939 Ἐλλη-

2124 2956 2274 3019 νικὸς
2323 2956 2513 3027 λῆρος,
2578 2948 2842 3011 ὃνάύτοὶ
2895 2961 3367 3025 συκοφαντοῦντες
3399 2962 3718 3032 ἐγράψαντο

2124 3047 2298 3099 πάλαι
2322 3046 2420 3113 τὴν
2456 3049 2699 3117 Χριστοῦ
2737 3050 3093 3120 Ἐκκλησίαν.

2194 3137 2300 3189 Δύο
2335 3139 2584 3207 καὶγὰρ,
2610 3139 2683 3202 ῶς
2712 3158 2867 3209 φασι,
2899 3142 3189 3206 δοξάζουσι
3225 3145 3319 3197 καὶ
3369 3145 3719 3215 προσκυνοῦ-

2129 3242 2235 3289 σιν,
2289 3227 2351 3280 οὐ
2386 3231 2512 3280 καθ’
2543 3231 2845 3284 ὑπόστασιν
2891 3232 3246 3304 διαφέροντα.
3317 3236 3471 3289 Κατὰ
3526 3236 3718 3291 τοῦτον

440 3326 587 3394 ἔχειν
613 3325 682 3379 τά
715 3326 847 3379 ὄντα
876 3327 936 3379 τὸ
965 3322 1128 3392 εῖναι,
1158 3327 1254 3379 καὶ
1285 3324 1355 3377 τὰ
1382 3324 1562 3388 ζῶντα
1602 3322 1665 3376 τὸ
1693 3322 1794 3393 ζῇν
1828 3323 1926 3377 καὶ
1955 3326 2021 3378 τὰ
2049 3305 2091 3361 (Ῑ
2130 3320 2233 3392 καὶ.
2251 3321 2359 3390 γὰρ
2382 3321 2473 3375 τὸν
2503 3322 2663 3389 λόγον
2695 3325 2756 3376 οὐ
2785 3324 2879 3377 δύο
2910 3328 3093 3394 μόνον,
3114 3328 3251 3380 ἀλλά
3279 3328 3375 3381 καὶ
3402 3328 3531 3400 τρία
3553 3348 3722 3401 προσ.

366 3482 369 3485 λ
441 3418 620 3489 φωτὸς
643 3418 872 3471 δεκτικά
907 3418 971 3470 τὸ
999 3418 1137 3486 φῶς.

526 3510 666 3562 Ἀλλ’
698 3509 1027 3579 ἀκούσωμεν
1066 3508 1220 3573 αὖθις
1246 3509 1336 3562 διὰ
1367 3508 1619 3580 βραχέων
1640 3509 1731 3562 καὶ
1765 3507 1874 3560 τῶν
1896 3506 2025 3576 ἑξῆς

441 3620 484 3655 π
520 3605 573 3671 ρ).
604 3602 811 3655 τούτων
831 3602 1012 3655 αὐτῶν
1045 3602 1143 3655 τοῦ
1198 3598 1363 3671 σοφὸῦ
1398 3619 1541 3669 φημι
1575 3601 1904 3653 διδασκάλου
1933 3600 2024 3651 λόο

441 3710 577 3761 γων.
614 3692 722 3745 Kal
757 3692 810 3744 τί
858 3693 979 3763 δεῖ,
998 3694 1159 3761 φησὶ,
1202 3694 1334 3761 περὶ
1384 3694 1589 3744 τούτων
1644 3693 1847 3758 λέγειν,
1887 3691 2021 3743 ὅπου

440 3790 507 3854 γέ
535 3803 682 3849 τινες
716 3787 823 3839 τῶν
859 3787 1020 3839 θείων
1074 3786 1233 3856 ἡμῶν
1284 3785 1739 3854 ίεροδιδασκάλων
1786 3786 1883 3837 καὶ
1926 3783 2023 3848 τῆς

442 3880 913 3949 αύτοαγαθότητος
959 3879 1050 3931 καὶ
1091 3878 1346 3949 θεότητος
1405 3878 1721 3945 ὑποστάτην
1766 3876 1895 3944 φασὶ
1933 3878 2025 3927 τὸν

445 3972 794 4042 ὑπεράγαθον
825 3973 919 4024 καὶ
957 3970 1251 4041 ὑπέρθεον,
1301 3969 1751 4038 αὑτοαγαθότητα
1784 3969 1877 4019 καὶ
1909 3967 2026 4020 θεό-

444 4085 583 4139 τητα
608 4067 863 4135 λέγοντες
900 4062 1040 4117 εἶναι
1062 4063 1161 4135 τὴν
1187 4060 1522 4130 ἀγαθοποιὸν
1549 4064 1644 4113 καὶ
1677 4060 1923 4112 θεοποιὸν
1961 4063 2025 4113 ὲκ

442 4161 581 4212 Θεοῦ
615 4158 1051 4229 προεληλυθυῖαν
1090 4155 1341 4227 δωρεάν;
1372 4156 1480 4207 Kal
1508 4153 1627 4223 μετ’
1661 4154 1841 4221 ὀλίγον
1867 4169 1881 4183 ο
1916 4154 2028 4207 Kal

441 4255 543 4307 ὅσα
573 4252 708 4306 ἀλλα
734 4252 877 4305 κατά
914 4253 1006 4303 τὶν
1036 4250 1198 4303 αὑτὸν
1223 4249 1443 4317 εἴρηται
1462 4249 1571 4299 νκαὶ
1597 4247 1885 4317 εἰρήσεται
1900 4247 2027 4318 τρό-

445 4363 571 4411 πον,
601 4346 867 4417 δηλοῦντα
892 4345 1147 4415 προνοίας
1177 4342 1297 4394 ’καὶ
1329 4341 1697 4411 ἁγαθότητας,
1726 4342 2027 4410 μετεχομέ-

446 4457 543 4502 νας
583 4439 689 4491 ὑπὸ
718 4437 826 4489 τῶν
850 4436 1042 4497 ὄντων,
1083 4437 1146 4486 ὲκ
1182 4433 1314 4486 Θεοῦ
1340 4434 1435 4486 τοῦ
1466 4435 1773 4502 ἀμεθέκτου
1804 4432 2027 4502 1:90:06-

446 4548 543 4589 σας
572 4530 790 4599 ἀφθόνῳ
820 4527 975 4598 χύσει
1024 4526 1120 4578 καί
1160 4523 1638 4592 ὑπερϐλυζούσας,
1678 4523 1747 4575 ἵν’
1781 4514 1833 4575 ἀ
1859 4524 2026 4594 ρ.6ῶς

2128 3413 2407 3482 κυνοῦμεν
2435 3418 2483 3469 οί
2508 3416 2776 3479 εὐσεϐεῖς,
2807 3419 2901 3470 τὸν
2949 3420 3172 3490 Πατέρα
3204 3420 3451 3492 δηλονότι
3505 3423 3718 3477 καὶτὸν

2128 3504 2257 3557 Υίὸν
2287 3507 2383 3559 καὶ
2413 3508 2473 3559 τὸ
2504 3508 2730 3579 Πνεῦμα
2758 3510 2819 3562 τὸ
2846 3510 3023 3576 ἅγιον.
3071 3513 3233 3565 Ἀλλὰ
3258 3514 3351 3567 δύο
3380 3517 3723 3583 προσκυνοῦ-

2127 3613 2233 3663 σιν,
2300 3599 2438 3669 ὅπερ
2496 3599 2749 3669 εἴπομεν,
2820 3602 2943 3655 κατ’
2994 3604 3127 3655 αὐτὸ
3157 3605 3219 3655 τὸ
3252 3602 3415 3668 εἶναι,
3466 3606 3719 3677 ἀλλήλων

2128 3694 2523 3761 ἁπεξενωμένα
2551 3697 2644 3751 καὶ
2668 3698 3017 3768 διαφέροντα.
3050 3700 3220 3752 Τοῦτο
3245 3704 3340 3753 καὶ
3368 3702 3476 3771 γάρ
3505 3704 3624 3755 ἐστι
3648 3706 3712 3756 τὸ

2126 3787 2347 3838 κτιστὸν
2378 3787 2473 3840 καὶ
2501 3789 2561 3840 τὸ
2593 3790 2872 3845 ἅκτιστον.
2899 3792 3006 3845 K;.l
3040 3794 3173 3861 πρὸς
3192 3796 3257 3863 τῇ
3285 3794 3596 3866 πολυαρχίᾳ
3621 3799 3716 3849 ού-

2127 3878 2184 3929 δὲ
2216 3879 2315 3948 τὴν
2352 3880 2450 3949 τῆς
2477 3881 2710 3945 κτίσεως
2732 3882 3009 3951 λατρείαν,
3040 3888 3114 3945 ῶς
3147 3886 3306 3938 αὐτοί
3336 3904 3503 3954 φασιν
3532 3888 3712 3956 αὖθις,

2130 3971 2486 4037 ἐκφεύγουσι,
2537 3973 2629 4024 τὸν
2681 3973 2784 4039 μὲν
2820 3974 2954 4027 Θεὸν
2983 3976 3385 4044 πρεσϐεύοντες
3435 3980 3716 4042 ἄκτιστον,

2130 4066 2355 4130 κτιστὴν
2412 4063 2468 4114 δὲ
2520 4065 2618 4133 τὴν
2683 4067 2848 4119 αὐτοῦ
2907 4067 3164 4138 θεότητα,
3206 4069 3268 4122 El
3304 4071 3361 4122 δὲ
3394 4070 3606 4140 λέγοιεν
3640 4074 3717 4143 μὴ

2128 4155 2334 4226 ταύτην
2375 4154 2516 4209 εἶναι
2541 4158 2634 4209 τοῦ
2670 4157 2810 4210 Θεοῦ
2847 4159 2946 4223 τὴν
3004 4160 3259 4229 θεότητα,
3295 4157 3435 4215 εἶναι
3470 4164 3579 4234 γὰρ
3621 4182 3720 4215 κα·-

2131 4248 2318 4318 κείνην
2343 4250 2523 4318 φαμὲν
2554 4250 2832 4319 ἀκτιστον,
2867 4252 3035 4321 ἀλλην
3073 4253 3131 4305 δὲ
3174 4256 3385 4323 ταύτην
3412 4251 3553 4309 εῖναι
3596 4257 3714 4309 0εὸ-

2128 4356 2269 4409 τητα
2295 4344 2501 4409 κτίσμα
2531 4359 2587 4393 τε
2615 4342 2751 4395 Θεοῦ
2785 4350 3115 4412 πεφυκυῖαν,
3159 4348 3254 4397 καὶ
3287 4346 3425 4415 πρὸς
3459 4347 3592 4400 Θεοῦ
3635 4366 3721 4417 χο-

2132 4437 2481 4504 ρηγουμένην
2519 4436 2630 4495 τοῖς
2676 4435 2976 4504 δεομένοις,
3010 4437 3173 4490 πάλιν
3200 4436 3377 4499 οὕτως
3418 4441 3715 4510 ὲπερωτάσ

2134 4527 2377 4579 σθωσανο
2413 4528 2524 4581 Kal
2550 4531 2598 4579 εἰ
2625 4528 2725 4581 οὐκ
2755 4528 2907 4582 ἐστιν
2944 4532 2976 4599 ἡ
3006 4531 3198 4601 θεότης
3231 4533 3443 4603 ἐκείνη,
3469 4534 3722 4603 σοφώτα-

444 4625 473 4675 ὁ
508 4624 727 4678 πάντων
762 4626 933 4681 αἰτιος
966 4619 1226 4671 ἐπέκεινα
1254 4634 1289 4692 ῃ
1320 4619 1563 4681 πάντων,
1597 4618 1686 4668 καὶ
1714 4615 1773 4668 τὸ
1793 4616 2028 4685 ὑπερού-
2058 4643 2101 4697 D
2133 4636 2235 4682 :0:,
2288 4620 2383 4672 τοῦ
2414 4620 2552 4673 Θεοῦ
2577 4624 2651 4684 ῶς
2684 4622 2897 4692 θεότης,
2931 4626 3077 4676 κατὰ
3111 4627 3204 4676 τὸν
3240 4625 3510 4696 ὑμέτερον
3537 4628 3723 4696 λόγον,

446 4731 560 4767 σιον
584 4713 674 4766 καὶ
714 4711 994 4781 ὑπερφυὲς
1040 4712 1221 4778 πάντη
1254 4709 1501 4778 ὑπερέχῃ
1536 4707 1645 4759 τῶν
1678 4706 1803 4759 καθ’
1831 4707 2026 4758 ὁποίαν

447 4808 576 4858 ποτὲ
600 4805 788 4857 οὐσίαν
810 4804 904 4857 καὶ
936 4802 1121 4870 φύσιν.
1154 4848 1155 4851 η

518 4901 627 4951 Kal
666 4897 838 4949 ταῦτα
887 4900 985 4965 μὲν
1016 4898 1044 4947 6
1093 4895 1267 4965 μέγας
1321 4895 1509 4947 οὑτοσὶ
1552 4892 1826 4959 θεολόγος,
1860 4894 1887 4945 6
1913 4892 2026 4945 τῶν

447 4992 679 5060 πρώτων
713 4990 854 5059 μετὰ
883 4989 1117 5059 Χριστὸν
1143 4988 1414 5056 θεολόγων
1446 4986 1543 5039 καὶ
1595 4986 1916 5039 ἀποστόλων
1950 4988 2028 5039 δι-

445 5086 713 5145 δασκαλος
742 5079 925 5145 αὖθις.

516 5176 586 5227 Σὺ
615 5176 692 5239 δὲ,
736 5174 907 5244 φίλων
960 5172 1173 5241 ἀνδρῶν
1234 5170 1450 5241 ἄριστε,
1508 5171 1647 5241 πρὸς
1693 5171 1750 5223 σὲ
1779 5170 1886 5242 γὰρ
1933 5175 2025 5228 καὶ

444 5267 617 5335 αὖθις,
674 5268 862 5338 ῶσπερ
893 5269 1219 5337 ἀρχόμενον,
1273 5266 1417 5320 οὕτω
1446 5268 1510 5338 δὴ
1545 5270 1642 5321 xal
1687 5269 2027 5322 τελευτῶντα

445 5366 550 5435 χρὴ
579 5363 771 5431 βλέψαι
804 5362 895 5413 τὸν
943 5360 1135 5427 λόγον·
1172 5361 1236 5413 σὺ
1273 5360 1567 5429 τοιγαροῦν
1601 5360 1704 5430 ἤδη
1745 5362 2024 5415 πυνθάνου

444 5474 535 5510 και
566 5458 804 5525 μάνθανε
835 5455 964 5523 παρ’
997 5452 1178 5506 αὐτῶν
1221 5453 1449 5505 ἐκείνων
1500 5462 1646 5522 φημι
1669 5457 1776 5505 τῶν
1807 5455 2025 5507 ἀντιλεο

442 5552 669 5620 γόντων,
710 5548 762 5601 τί
791 5548 927 5616 πρὸς
960 5546 1136 5599 ταῦτά
1166 5562 1324 5615 φασι,
1350 5548 1446 5601 καὶ
1480 5546 1719 5615 μάλιστα
1756 5548 1891 5616 πρὸς
1924 5548 2023 5619 τὴν

444 5644 607 5696 οἱονεὶ
674 5641 1153 5708 συγκεφαὶαίωσιν
1201 5641 1435 5710 ταυτηνὶ
1489 5640 1598 5691 τῶν
1647 5639 1735 5693 διὰ
1793 5643 2024 5710 μακρῶν

444 5737 750 5805 εἰρημένων
781 5733 1046 5803 πολλαχοῦ
1089 5716 1165 5801 τῷ
1221 5733 1468 5803 μεγάλῳ.
1515 5732 1647 5785 Ἰδοὺ
1700 5734 1832 5801 γὰρ,
1875 5733 2020 5799 εἰπὲ,

443 5828 671 5897 καὶτῆς
727 5826 1197 5896 αὐτοαγαθοτητος
1252 5826 1347 5877 καὶ
1398 5824 1654 5894 θεότητος
1710 5826 1879 5897 αὐτῆς
1930 5828 2024 5882 τὸν

446 5920 792 5991 ὑπεράγαθον
835 5923 926 5973 καὶ
966 5918 1232 5989 ὑπέρϐιον
1266 5919 1542 5988 ἀκούομεν
1569 5917 1837 5982 ὡσαύτως
1880 5919 2019 5974 ὑπο-

2132 4713 2249 4766 axx
2285 4715 2359 4776 ὡς
2390 4716 2614 4785 κτίσμα,
2666 4716 2812 4780 τίνος
2857 4716 3022 4769 ἄλλου
3079 4717 3216 4770 Θεοῦ
3275 4720 3464 4779 ὲστιν;
3515 4721 3586 4773 Ἦ
3629 4722 3726 4773 καὶ

2132 4805 2267 4859 Θεὸν
2324 4808 2512 4877 ἕτερον
2565 4808 2783 4861 ἔκτισεν
2807 4810 2836 4861 6
2872 4809 3096 4863 πάντων
3145 4811 3302 4875 Θεὸς,
3335 4812 3594 4866 κάκείνου
3624 4813 3725 4867 τοῦ

2132 4900 2353 4951 κτιστοῦ
2392 4900 2529 4953 Θεοῦ
2590 4906 2709 4953 εστι
2741 4903 2838 4954 καὶ
2870 4905 2904 4971 ἡ
2953 4905 3150 4974 κτιστὴ
3187 4904 3331 4974 αὕτη
3362 4904 3578 4969 θεότης.
3610 4909 3725 4961 Kal

2132 4993 2183 5044 εί
2231 4992 2379 5045 τοῦθ’
2431 4993 2604 5056 οὕτως
2654 4994 2792 5065 ἔχει,
2827 4995 2938 5049 ίδοῦ
2993 4996 3117 5049 κατ’
3145 4997 3344 5059 αὐτοὺς
3398 4998 3564 5050 πάλιν
3619 5001 3731 5053 οὐκ

2136 5081 2355 5149 Ἀρειος
2398 5084 2495 5134 καὶ
2540 5083 2806 5153 Εὑνόμιος
2872 5085 3035 5155 μόνον
3091 5086 3189 5139 καὶ
3240 5088 3271 5155 ἡ
3308 5088 3433 5139 κατ’
3476 5089 3727 5153 ἐκείνους

2130 5175 2496 5229 ἐπανίσταται
2535 5178 2751 5244 πονηρά
2789 5179 3098 5248 συμμορία,
3132 5179 3268 5231 ἀλλὰ
3298 5180 3392 5231 καί¹
3429 5181 3725 5252 θεῶνλᾶμα

2132 5270 2228 5323 καὶ
2278 5268 2546 5338 θεοτήτων
2616 5271 2900 5336 εἰσάγεται
2934 5273 3162 5338 σμῆος,
3216 5271 3491 5325 ἀκτίστων
3532 5290 3591 5326 τε
3628 5279 3727 5328 καὶ

2131 5363 2389 5416 κτιστῶν.
2435 5364 2627 5415 Καίτοι
2662 5381 2726 5431 γε
2762 5366 2809 5416 εί
2844 5366 2967 5417 κατ’
2991 5365 3161 5434 αὐτὴν
3192 5367 3421 5437 ταύτην,
3453 5370 3598 5435 είπὲ,
3621 5372 3724 5439 τὴν

2132 5452 2365 5522 θεότητα
2419 5452 2497 5522 τῷ
2531 5454 2650 5524 Θεῴ
2682 5455 2929 5508 ένοῦνται
2964 5457 3014 5507 οἱ
3056 5457 3225 5533 ἅγιοι,
3255 5458 3393 5525 αῦτη
3428 5463 3537 5531 γάρ
3572 5465 3727 5514 ἐστιν

2130 5547 2163 5615 ή
2200 5547 2416 5610 θέωσις,
2440 5547 2501 5598 τὸ
2536 5546 2783 5601 θεοποιὶν
2810 5547 3006 5617 δῶρον,
3032 5550 3098 5619 ἣν
3131 5550 3194 5618 δὴ
3223 5551 3316 5602 καὶ
3352 5552 3753 5621 αύτοθεότηταν

2131 5638 2226 5691 καὶ
2260 5640 2525 5709 θεαρχίαν
2564 5638 2797 5708 ἀλλαχοῦ
2834 5656 2969 5708 φησι
3010 5640 3105 5692 καὶ
3127 5643 3472 5715 ὰγαθαρχίαν
3501 5647 3529 5698 ὁ
3555 5645 3725 5711 αὐτὸς

2129 5732 2405 5801 θεολόγος,
2435 5751 2502 5806 ης
2533 5736 2584 5786 οί
2622 5734 2909 5804 θεούμενοι
2973 5741 3317 5808 μετέχοντες,
3374 5742 3516 5795 κατὰ
3559 5740 3721 5811 χάριν

2129 5827 2377 5880 ὲνοῦνται
2406 5829 2485 5899 τῷ
2539 5829 2688 5899 μόνῳ
2717 5832 2861 5883 κατά
2897 5830 3062 5899 φύσιν
3120 5832 3258 5902 Θεῷ,
3293 5834 3388 5886 καὶ
3423 5833 3575 5897 θείας
3607 5850 3727 5890 κοι-

2131 5923 2303 5986 νωνοί,
2320 5920 2561 5992 φύσεως,
2595 5923 2857 5991 καὶὍεοὶ,
2887 5925 3033 5979 κατά
3062 5925 3123 5980 τὸ
3157 5929 3479 5997 είρημένον,
3516 5930 3727 5981 ἀποτει-
