4046 6436
531 353 670 428 1167

1981 354 2393 426 APPENDIX.

3661 363 3769 436 1168

524 481 782 554 θειοτέρα.
814 482 1050 553 μιμήσει
1077 481 1185 536 τῶν
1230 482 1652 554 ύπερουρανίων
1721 479 1880 538 νόων.
1923 482 2117 554 Ἰσιίγ-
2147 487 2195 546 Α
2227 502 2330 549 σιν,
2364 485 2464 556 τὴν
2496 486 2591 539 ἰπὶ
2631 487 2699 540 τὰ
2726 485 2864 558 ὑπὲρ
2891 486 3056 555 φύσιν
3088 481 3198 542 τῶν
3239 486 3378 542 κατὰ
3421 482 3664 545 ἔκστασιν
3693 495 3770 548 καὶ

526 585 692 651 τελοι
721 581 850 653 γὰρ,
885 581 961 644 ώς
991 583 1024 650 ή
1053 581 1163 634 τῶν
1194 581 1397 648 λογίων
1437 579 1673 650 ἀλήθειά
1733 597 1922 652 φησιν,
1984 579 2120 633 ἐσό-

519 677 677 743 μεθα
708 673 809 727 καί
839 672 959 727 υἱοί
988 672 1159 739 Θεοῦ,
1188 671 1302 742 τῆς
1328 673 1728 739 ἀναστάσεως
1755 673 1875 726 υἰοί
1922 671 2117 737 ὄντες.

527 766 646 820 Ἰνα
671 766 729 819 δὲ
756 767 854 820 καί
878 783 933 820 τι
967 767 1320 838 σαφέστερον
1366 765 1450 820 ἐτι
1479 767 1576 819 καὶ
1608 765 1752 820 κατά
1780 763 1906 818 νοῦν
1947 779 2117 834 φημι,
2159 809 2162 812 .

524 859 619 910 καὶ
647 856 794 911 κατὰ
817 857 966 924 λέξιν
995 861 1125 929 περῖ
1155 857 1250 910 τοῦ
1275 859 1422 911 θείου
1456 858 1638 927 φωτὸς
1665 856 1859 911 τούτου
1900 857 2116 922 μάθοις,

523 950 622 1002 καὶ
654 950 875 1020 γνοίης,
909 949 985 1010 ὡς
1023 951 1085 1003 ού
1142 950 1255 1004 τών
1289 951 1527 1004 κτιστῶν
1577 949 1737 1004 τοῦτό
1769 967 1835 1018 γε
1880 949 1974 1002 καὶ
2010 949 2121 1017 τών

525 1045 700 1108 κάτω,
729 1044 866 1097 ἀλλά
899 1045 991 1097 τοῦ
1023 1043 1163 1098 Θεοῦ
1203 1044 1410 1116 μᾶλλον
1440 1044 1583 1098 κατά
1613 1043 1683 1096 τά
1705 1038 2116 1116 προρρηθέντα,

525 1137 622 1191 καί
665 1138 782 1206 φῶς
817 1136 1073 1205 ἀληθινὸν
1113 1137 1210 1190 καὶ
1245 1137 1544 1208 ἀπρόσιτον
1573 1135 1668 1190 καί
1700 1136 1882 1188 κοινὸν
1908 1135 1973 1205 τῇ
2004 1151 2122 1187 κοι-

523 1233 588 1301 νῇ
620 1230 784 1297 φύσει
819 1229 920 1297 τῆς
954 1227 1273 1300 ὑπερφυοῦς
1303 1230 1402 1283 καὶ
1431 1227 1711 1300 μακαρίας
1749 1225 2006 1297 Τριάδος,
2049 1223 2118 1278 δι’

522 1322 552 1375 δ
573 1322 638 1391 δὴ
671 1322 769 1374 καὶ
800 1321 1040 1393 Χριστδς
1075 1320 1240 1386 αὐτὸς
1285 1321 1427 1392 μετά
1464 1320 1681 1388 Πατρός
1719 1335 1778 1371 τε
1817 1317 1914 1372 καὶ
1947 1315 2122 1370 [Ινεύ-

528 1429 701 1483 ματος
739 1410 1072 1481 ὀνομάζεται
1106 1409 1303 1479 ταῦτα,
1364 1410 1483 1481 φῶς
1550 1413 1650 1465 καὶ
1702 1409 1813 1481 γάρ
1861 1408 2121 1480 ἀληθινὸν

525 1507 620 1560 καὶ
651 1504 767 1574 φῶς
802 1505 1102 1576 ἀπρόσιτον
1129 1503 1298 1558 αὐτὸν
1331 1503 1408 1568 ώς
1436 1501 1609 1558 άίτιον
1647 1505 1744 1557 καὶ
1775 1502 1966 1575 πηγὴν
1995 1501 2122 1555 τού-

522 1617 619 1656 του
672 1600 984 1672 καλοῦμεν·
1035 1601 1272 1655 ἄκουσον
1325 1601 1420 1654 καὶ
1453 1594 1614 1662 αὖθις
1651 1597 1746 1651 τοῦ
1793 1593 2119 1667 θαυμαστοῦ

525 1692 848 1761 Βασιλείου,
876 1689 968 1748 οἷα
999 1694 1130 1766 περὶ
1158 1691 1350 1747 τούτου
1378 1693 1536 1764 φησί,
1561 1692 1698 1762 πρὸς
1728 1690 1996 1760 Εὐνόμιον
2025 1690 2122 1759 δη-

521 1785 656 1858 λαδὴ
691 1785 784 1839 τὸν
825 1785 1087 1856 ἀνόμοιον
1137 1785 1370 1858 γράφων
1392 1802 1407 1818 ·
1444 1784 1555 1838 Καὶ
1586 1786 1634 1836 εἰ
1688 1783 1944 1849 ἀληθινὸν
1981 1781 2116 1850 φῶς,

524 1879 711 1949 φησὶν,
743 1881 771 1932 6
811 1879 971 1945 Υἱὸς,
1027 1874 1098 1950 ἦν
1137 1880 1198 1932 τὸ
1225 1879 1342 1948 φῶς
1369 1879 1432 1932 τὸ
1477 1877 1736 1947 ἀληθινὸν
1773 1881 1836 1929 τὸ
1881 1875 2122 1945 φωτίζον

522 1973 706 2028 πάντα
759 1972 1055 2044 ἄνθρωπον
1119 1974 1420 2043 ἐρχόμενον
1459 1973 1541 2036 εἰς
1592 1973 1684 2024 τὸν
1717 1971 1926 2041 κόσμον
1956 1985 1970 2000 ·
1997 1969 2028 2020 6
2066 1968 2123 2021 δὲ

520 2065 677 2131 θεὸς,
712 2068 869 2136 φησὶ,
912 2065 1029 2135 φῶς
1053 2065 1226 2120 οἰκῶν
1263 2065 1598 2137 ἀπρόσιτονο
1650 2063 1711 2116 τὸ
1743 2063 1854 2132 γὰρ
1886 2062 2124 2131 ἀπρόσι-

520 2173 614 2210 τον
637 2158 862 2221 πάντως
893 2158 988 2210 καί
1017 2156 1299 2227 ἀληθινὸν,
1330 2156 1391 2210 τὺ
1423 2156 1478 2208 δὲ
1505 2155 1764 2225 ἀληθινὸν
1795 2154 2118 2225 ἀπρόσιτον·

517 2249 682 2303 ὁπότε
717 2249 816 2304 καὶ
850 2249 1212 2303 πεπτώκασιν
1241 2251 1290 2303 οἰ
1320 2248 1611 2302 ἀπόστολοι
1634 2251 1698 2318 τῇ
1720 2249 1849 2320 δόξῃ
1878 2245 1973 2301 τοῦ
2005 2264 2123 2316 φω-

519 2332 612 2404 τδξ
653 2340 749 2394 τοῦ
799 2341 936 2394 Υἰοῦ
978 2341 1225 2394 ἀτενίσαι
1259 2339 1336 2410 μή
1375 2339 1725 2410 δυνηθέντες,
1755 2339 1845 2392 διὰ
1893 2338 1956 2392 τδ
1980 2337 2122 2392 εἶναι

519 2433 686 2487 αὐτὸν
702 2433 1003 2504 ἀπρόσιτον
1021 2434 1163 2500 φῶς,
1185 2433 1303 2500 φῶς
1327 2433 1386 2486 δὲ
1411 2433 1584 2485 καὶτὸ
1606 2433 1851 2502 Πνεῦμα,
1869 2431 1928 2496 δς
1958 2431 2125 2503 ἐλαμ-

515 2526 588 2596 ψα
619 2530 678 2579 ὲν
711 2526 834 2590 ταῖς
856 2529 1108 2597 καρδίαις
1144 2528 1307 2598 ήμῶν
1331 2526 1419 2579 διὰ
1446 2524 1764 2596 Πνεύματος
1794 2525 1972 2594 ἀγίου.
1997 2525 2122 2589 Πῶς

519 2619 616 2673 οὖν
661 2618 725 2673 ού
764 2621 1089 2672 πιστευτέον
1123 2617 1222 2690 τὴν
1249 2620 1424 2687 αὐτὴν
1450 2618 1550 2688 τῆς
1578 2618 1812 2689 Τριάδος
1843 2613 1986 2672 εἶναι
2017 2618 2121 2684 φύ-

522 2727 630 2773 σιν,
665 2710 768 2762 ὑπό
783 2727 832 2762 τε
876 2708 934 2762 ἓν
966 2711 1026 2762 τι
1072 2711 1188 2778 φῶς
1217 2710 1597 2764 ἀποδέδεικται
1625 2728 1640 2775 ;
1681 2705 1824 2778 Εὖγε
1854 2708 1955 2778 τῆς
1995 2727 2120 2762 συν-

519 2805 691 2874 τόμου
719 2803 957 2873 ταυτησὶ
996 2803 1095 2856 καὶ
1142 2803 1350 2870 σαφοῦς
1396 2804 1491 2855 καὶ
1513 2802 1908 2872 ήκριϐωμένης
1941 2801 2123 2856 θεολο-

519 2901 646 2970 γίας
673 2897 772 2952 τοῦ
832 2897 999 2966 σοφοῦ
1044 2897 1396 2951 διδασκάλου.
1452 2897 1696 2960 Εἰκότως
1729 2897 1818 2967 ἀρ’
1866 2894 2060 2966 ἔλεγεν
2093 2897 2122 2950 6

520 2991 685 3052 καλὸς
714 2991 923 3054 ἐκεῖνος
953 2990 1176 3060 ἑταῖρος
1224 2991 1322 3041 καὶ
1357 2988 1644 3059 σύμπνους
1706 2990 1802 3042 καὶ
1851 2989 2122 3060 ὁμότιμος

518 3082 672 3153 αὐτῷ
719 3082 974 3150 θεολόγος
996 3121 1012 3147 ,
1049 3081 1364 3150 φιλοσοφῶν
1398 3085 1530 3153 περὶ
1563 3081 1775 3135 τούτων
1805 3081 1862 3134 ἓν
1897 3099 1960 3150 γε
2004 3083 2121 3144 τοῖς

2224 580 2541 636 ἀλλοίωσιν.

2285 673 2386 727 Διά
2414 674 2575 728 τοῦτὸ
2604 692 2760 746 φησι,
2799 677 2942 740 Τοὺς
2972 676 3263 749 ἐκκρίτους
3279 677 3386 730 τῶν
3421 679 3714 733 ἀποστόλων
3747 683 3771 735 6

2224 764 2462 835 Χριστὸς
2496 765 2589 818 ἐπὶ
2617 766 2679 818 τὸ
2714 767 2840 836 ὅρος
2862 767 3164 836 ἀνήγαγεν,
3192 767 3334 821 ὥστε
3360 767 3457 838 τὴν
3477 769 3572 839 τῆς
3596 770 3776 834 οἰκείας

2220 858 2480 928 θεότητος
2529 859 2714 922 αὐτοῖς
2747 861 3075 929 παραδεῖξαι
3128 859 3288 928 δόξαν
3337 879 3396 915 τε
3425 864 3518 914 καὶ
3553 862 3776 935 λαμπρό-

2221 964 2382 1023 τητα,
2409 945 2477 1023 ἦς
2519 951 2620 1020 τὴν
2653 953 3002 1022 ἀνθρωπείαν
3052 953 3216 1022 φύσιν
3248 953 3472 1024 ἠξίωσε,
3521 957 3774 1026 μυστικῶς

2226 1046 2327 1113 μὲν
2358 1047 2454 1099 καὶ
2486 1046 2544 1098 ὲν
2573 1046 2911 1118 ἀπορρήτοις
2944 1047 3304 1119 τοπρότερον,
3355 1047 3588 1116 ὁπηνίκα
3612 1047 3778 1118 δήλονο

2223 1137 2305 1190 ότι
2339 1135 2666 1206 συλληφθεὶς
2729 1143 2789 1192 έν
2823 1142 2891 1210 τῇ
2925 1142 3140 1210 γαστρὶ,
3211 1143 3316 1212 ὅλῳ
3371 1143 3549 1212 ἑαυτῷ
3590 1141 3673 1195 τδν
3701 1144 3778 1197 ἄν·

2224 1229 2443 1298 θρωπον
2472 1229 2594 1284 ὅλον
2619 1229 2821 1300 ήνωσε,
2857 1231 2953 1286 νῦν
2976 1232 3034 1286 δὲ
3068 1231 3157 1285 διά
3186 1233 3286 1302 τῆς
3326 1234 3778 1304 μεταμορφώσεως

2223 1321 2390 1374 αὐτοῦ
2420 1323 2831 1395 φανερώτερον.
2861 1324 2954 1377 Διὸ
2974 1327 3069 1378 καὶ
3089 1325 3247 1379 τοῦτο
3277 1321 3625 1395 ἑορτάζομεν,
3644 1327 3775 1396 φησὶ,

2225 1416 2489 1484 σήμερον,
2541 1416 2640 1486 τὴν
2677 1415 2782 1485 τῆς
2830 1415 3110 1486 ἡμετέρας
3170 1415 3384 1484 φύσεως
3443 1415 3653 1478 θέωσιν,
3697 1416 3777 1487 τήν

2225 1507 2363 1575 πρὸς
2391 1506 2461 1560 τὰ
2494 1507 2636 1578 ὑπὲρ
2661 1507 2827 1577 φύσιν
2858 1507 3148 1562 ἀλλοίωσιν
3180 1508 3349 1580 αὐτῆς
3390 1509 3484 1562 καὶ
3521 1509 3775 1563 ἀνάϐασιν.

2293 1595 2450 1652 Μάθε
2477 1598 2657 1652 τοίνυν
2677 1599 2788 1650 κάκ
2804 1597 2996 1651 τούτου
3018 1597 3115 1650 τοῦ
3143 1597 3493 1663 διδασκάλου,
3527 1600 3615 1652 καὶ
3643 1599 3768 1669 λόγῳ

2223 1688 2320 1742 καὶ
2361 1687 2529 1759 πείρᾳ
2574 1687 2927 1758 διδαχθέντος
2969 1687 3131 1742 ταυτὶ
3177 1689 3273 1743 καὶ
3321 1688 3678 1751 διδάσκοντος,
3705 1689 3775 1741 ὅτι

2223 1781 2322 1834 καὶ
2354 1779 2564 1851 φυσικὴ
2614 1779 2746 1846 δόξα
2777 1779 2872 1835 καὶ
2905 1779 3233 1850 λαμπρότης
3265 1779 3426 1833 τοῦτο
3455 1779 3517 1833 τὸ
3564 1780 3669 1848 φῶς
3693 1781 3776 1848 τῆς

2154 1847 2196 1903 Β
2228 1847 2505 1944 θεότητος,
2536 1847 2630 1928 καὶ
2678 1873 2878 1937 θέωσις
2905 1847 3006 1943 τῆς
3063 1847 3414 1944 ἀνθρωπείας
3443 1860 3668 1944 φύσεως,
3699 1847 3774 1925 καὶ

2227 1969 2365 2040 πρὸς
2388 1970 2457 2022 τά
2482 1967 2622 2040 ὑπὲρ
2656 1962 2824 2038 φύσιν
2855 1966 3165 2031 ἀλλοίωσιςο
3200 1967 3294 2021 καί⁵
3331 1967 3470 2020 αὐτὸ
3502 1964 3652 2019 τοῦτο
3673 1966 3772 2034 ἑορ-

2225 2063 2486 2128 ’ϐάζουσιν
2529 2063 2582 2116 οί
2627 2061 2728 2133 τὴν
2767 2059 2920 2116 θείαν
2959 2061 3396 2132 μεταμόρφωσιν
3431 2059 3770 2130 ἑορτάζοντες,

2227 2158 2376 2229 φημὶ
2428 2155 2493 2227 δὴ
2525 2155 2624 2227 τὴν
2666 2157 2768 2226 τῆς
2811 2153 3030 2224 φύσεως
3065 2153 3286 2218 θέωσιν,
3318 2152 3388 2224 ἦν
3435 2152 3463 2206 6
3498 2150 3616 2204 καθ’
3662 2148 3769 2203 ὑπό-

2229 2265 2420 2304 στασιν
2450 2245 2676 2310 ένωθεὶς
2698 2246 2872 2319 ταύτῃ
2907 2246 3208 2318 μονογενὴς
3262 2242 3361 2300 τοῦ
3403 2241 3541 2298 Θεοῦ
3569 2242 3687 2306 Tib;
3708 2240 3764 2308 ξέ-

2227 2361 2334 2406 νως
2355 2342 2450 2395 καλ⁸
2480 2341 2622 2414 ὑπὲρ
2659 2341 2828 2409 φύσιν
2865 2341 3192 2409 εἰργάσατο.

2302 2433 2506 2487 ’Ἄκουε
2547 2431 2612 2502 δή
2647 2421 2872 2501 μοι’καὶ
2920 2431 3031 2484 τῶν
3057 2429 3205 2500 ἑξῆς,
3239 2429 3335 2484 τοῦ
3367 2429 3626 2500 θεοφόρου
3653 2426 3766 2497 φημὶ

2224 2524 2446 2588 τούτου,
2479 2521 2608 2592 περὶ
2639 2522 2752 2576 τών
2787 2521 2966 2577 αὐτῶν
3011 2522 3396 2590 θεολογοῦντος
3448 2522 3766 2590 πλατύτερον.

2229 2618 2396 2672 Ὅθεν
2424 2617 2569 2671 κατά
2595 2615 2693 2688 τὴν
2717 2615 2948 2687 ἀψευδῆ,
2978 2617 3134 2686 φησί,
3158 2615 3268 2670 τῶν
3298 2615 3566 2684 θεολόγων
3598 2630 3771 2685 μυστα-

2226 2710 2464 2780 γωγίαν,
2492 2708 2688 2780 ὥσπερ
2720 2707 2784 2761 lx
2822 2725 2972 2772 τινος
3001 2707 3234 2762 ἀεννάου
3268 2709 3456 2780 πηγῆς
3477 2708 3613 2762 κατά
3638 2707 3766 2759 ἀπειη

2230 2802 2468 2876 ρόδωρον
2499 2803 2684 2872 χάριν,
2709 2801 2815 2869 τῆς
2846 2800 3130 2872 ἀκηράτου
3167 2800 3423 2865 θεώσεως
3446 2803 3525 2861 εἰς
3549 2799 3683 2868 ἡμᾶς
3720 2795 3770 2849 τὸ

2227 2897 2374 2966 μέγα
2428 2895 2651 2965 πρόεισι
2700 2894 2898 2965 δῶρον.
2935 2893 3108 2948 Τοῦτο
3153 2893 3534 2966 θαυμάζουσιν
3559 2891 3766 2961 ἄγγελοι.

2223 2984 2398 3040 Τοῦτο
2454 2983 2835 3053 δοεολογοῦσιν
2880 2985 3239 3057 ἀρχάγγελοι.
3313 2985 3490 3040 Τοῦτο
3514 2985 3650 3039 πάσα
3674 2978 3768 3036 τῶν

2224 3078 2620 3149 ὐπερκοσμίων
2642 3079 2676 3150 ή
2694 3078 2866 3149 νοητὴ
2887 3078 3247 3150 διακόσμησις
3269 3078 3453 3144 ἀθλως
3473 3075 3765 3148 ἑστιωμένη,

519 3173 666 3244 ὑπὲρ
693 3173 870 3227 ἀὐτοῦ
905 3176 1111 3243 λόγοις,
1150 3175 1328 3228 Ὅταν
1357 3177 1472 3238 τοῖς
1511 3175 1926 3247 ἀντιρρητικοῖς
1948 3174 2117 3228 αὐτοῦ
2141 3190 2189 3255 C
2220 3172 2525 3243 τεκμήριον
2555 3170 2960 3242 ἐναργέστατόν
3005 3188 3066 3224 τε
3105 3171 3204 3226 καὶ
3232 3171 3623 3243 ἀψευδέστατον
3651 3167 3768 3222 τίθε-

518 3264 700 3334 λόγοις
727 3266 960 3336 ἐντύχω,
991 3267 1051 3320 τὸ
1081 3267 1448 3339 Σοδομητικὺν
1471 3267 1585 3339 ὁρῶ
1612 3266 1746 3335 πῦρ,
1771 3259 1817 3336 ᾧ
1852 3263 2121 3339 τεφροῦν-

485 3372 612 3408 -ται
637 3357 892 3424 γλῶσσαι
929 3357 1171 3427 πονηραὶ
1206 3359 1303 3410 καὶ
1344 3357 1660 3428 παράνομοι
1680 3373 1697 3390 ·
1747 3357 1781 3428 ἢ
1813 3356 1906 3409 τὸν
1935 3357 2121 3410 Χαλά-

518 3469 619 3522 νης
664 3450 898 3522 πύργον,
934 3451 1123 3513 κακῶς
1163 3451 1266 3520 μὲν
1301 3449 1766 3521 οἰκοδομούμενον
1789 3490 1806 3515 ,
1845 3447 2028 3512 καλῶς
2061 3448 2120 3504 δὲ

517 3546 805 3616 λυόμενον,
842 3543 906 3596 ού
947 3544 1078 3612 περὶ
1109 3543 1219 3596 τῶν
1253 3541 1663 3611 ἀντιλεγουσών
1686 3541 1808 3595 τότε
1851 3543 2120 3612 γλωσσῶν

521 3640 701 3710 μόνων
729 3637 933 3706 λέγων,
965 3635 1104 3689 ἀλλά
1131 3635 1226 3688 καὶ
1255 3635 1514 3706 περὶτῶν
1542 3633 1638 3688 νῦν
1665 3635 1947 3706 ἄντικρυς,
1973 3634 2120 3688 κατά

515 3732 619 3802 τῆς
652 3730 750 3784 τοῦ
795 3726 1142 3796 Μονογενοῦς
1173 3726 1333 3796 δόξης
1375 3725 1532 3779 οὐδὲν
1573 3719 1741 3798 ἦττον
1770 3725 2118 3796 κινουμένων

517 3827 614 3878 καὶ
641 3823 871 3889 τούτων,
905 3821 1002 3873 καὶ
1049 3820 1140 3874 διὰ
1187 3819 1297 3872 τῶν
1333 3818 1584 3886 φυσικῶν
1624 3817 2016 3887 πολεμούντων
2047 3819 2116 3889 τῇ

519 3917 644 3988 θείᾳ
675 3918 864 3985 φύσει,
910 3915 1007 3968 καὶ
1034 3912 1212 3967 ταῦτά
1240 3929 1301 3965 τε
1346 3911 1608 3981 κάκείνην
1639 3911 1935 3982 κατασπᾷν
1977 3909 2117 3981 ὁμοῦ

518 4009 910 4081 πειρωμένων,
963 4006 1063 4060 καὶ⁸
1109 4008 1264 4059 κάτω
1315 4003 1525 4059 τιθέναι
1582 4006 1725 4076 μετὰ
1751 4003 1856 4073 τῆς
1885 4003 2117 4073 κτιστῆς

519 4119 768 4172 φυσεως.

600 4238 743 4294 Ἀλλ’
773 4239 800 4291 6
838 4237 1014 4306 μέγας
1061 4239 1270 4300 ἐκεῖνος
1297 4235 1468 4300 ὅντως
1502 4235 1599 4290 καὶ
1645 4235 1904 4306 ἀληθινῖν
1937 4234 2117 4289 ἐκεῖνό

517 4348 653 4402 φησι
706 4329 802 4382 καίΙ
829 4327 1152 4400 ἀπρόσιτον,
1187 4329 1282 4381 καὶ
1334 4327 1494 4392 δόξαν
1526 4327 1766 4398 φυσικὴν
1819 4328 1913 4380 τοῦ
1948 4326 2113 4390 Θεοῦ,

433 4437 456 4474 ⁸.
517 4423 709 4496 ἐπειδὴ
740 4423 836 4476 καὶ
893 4423 962 4475 δι’
997 4421 1185 4486 αὑτοῦ,
1219 4421 1366 4475 καθά
1423 4439 1582 4491 φησι,
1616 4421 1677 4474 τὸ
1725 4421 1827 4492 τῆς
1881 4420 2114 4490 Τριάδος

517 4517 810 4588 ὀμοούσιον
844 4516 1147 4569 δείκνυται.

587 4653 814 4717 Τούτοις
838 4655 930 4707 καὶ
953 4653 980 4704 ὀ
1004 4650 1313 4722 περιφανὴς
1352 4651 1453 4720 τῆς
1505 4648 1842 4718 Ἐκκλησίας
1874 4647 2114 4717 μελῳδὸς

399 4777 402 4784 -
516 4747 610 4801 καὶ
656 4745 998 4808 διδάσκαλος,
1031 4747 1058 4796 ὁ
1091 4745 1190 4812 τῆς
1219 4743 1442 4810 Κρήτης
1479 4740 1740 4814 Ἀνδρέας
1764 4738 1938 4807 φημὶ,
1970 4739 2113 4791 κατὰ

515 4841 696 4894 πάντα
747 4838 1017 4910 συνᾴδων,
1055 4837 1386 4903 ἀκούσωμεν
1415 4827 1506 4886 οἷα
1535 4832 1840 4900 φιλοσοφεῖ,
1863 4833 1957 4883 καὶ
1997 4832 2112 4892 πῶς

513 4933 869 5003 διερμηνεύει
903 4931 1140 4984 καθόσον
1163 4921 1280 4979 οἷόν
1326 4943 1386 4978 τε
1415 4925 1476 4977 τὸ
1516 4925 1660 4993 μέγα
1697 4921 1864 4975 τοῦτο
1903 4928 2114 4994 μυστή-

515 5042 654 5094 ριον.
713 5024 852 5085 Τοὺς
887 5020 1177 5090 ἐκκρίτους
1233 5016 1341 5068 τῶν
1393 5014 1732 5077 ἀποστόλων,
1789 5016 1979 5084 φησὶν,
2036 5010 2112 5078 ώς

514 5116 852 5186 ὲγγυτέρους
884 5113 986 5183 ἤδη
1027 5113 1095 5181 τῇ
1130 5109 1265 5179 πρὸς
1294 5108 1461 5161 αὐτὸν
1483 5108 1784 5178 οἰκειότητι
1812 5121 2113 5180 συμπαρα-

513 5209 700 5262 λαϐών
744 5210 771 5260 6
802 5207 1038 5275 Χριστὸς
1076 5204 1167 5254 ἐπὶ
1206 5203 1267 5254 τὸ
1305 5191 1436 5271 ὅρος
1466 5201 1660 5268 ἀνάγει
1696 5199 1756 5253 τὸ
1781 5200 2008 5271 ὑψηλόν.
2044 5201 2110 5252 Τί

523 5301 793 5371 ποιήσων,
829 5297 862 5364 ἢ
897 5296 950 5348 τί
973 5293 1234 5358 διδάξων;
1264 5294 1376 5363 Τήν
1408 5292 1975 5362 ὑπεραστράπτουσαν
2008 5310 2132 5344 παοκ

517 5391 782 5460 ροδείξων
813 5391 914 5459 τῆς
936 5387 1146 5450 οἰκείας
1175 5385 1434 5455 θεότητος
1463 5386 1621 5451 δόξαν
1648 5401 1707 5436 τε
1736 5387 1831 5438 καὶ
1860 5386 2112 5457 λαμπρό·

514 5500 676 5554 τητα,
717 5485 800 5545 εἰς
852 5482 920 5553 ἢν
966 5481 1151 5552 μικρῷ
1205 5481 1474 5551 πρότερον
1518 5480 1953 5550 μυστικώτερον,
2013 5481 2111 5534 καὶ

516 5577 611 5629 νῦν
646 5577 1062 5647 ἐμφανέστερον
1116 5574 1206 5627 διὰ
1253 5573 1355 5644 τῆς
1414 5571 1898 5643 μεταμορφώσεως
1939 5573 2108 5626 αὐτοῦ

521 5667 970 5738 μετεστοιχείωσε
991 5668 1090 5737 τὴν
1121 5666 1438 5720 ἀκούσασαν
1469 5666 1654 5736 φύσιν,
1681 5665 1774 5734 Γῆ
1805 5665 1988 5730 alma!
2019 5670 2108 5732 εἰς

518 5759 636 5829 γῆν
667 5761 1006 5830 ἀπελεύσῃ.
1052 5761 1227 5814 Τοῦτο
1257 5761 1439 5814 τοίνυν
1465 5758 1802 5829 ἑορτάζομεν
1840 5760 2104 5828 σήμερον,

517 5855 619 5924 τήν
645 5857 743 5926 τῆς
777 5856 992 5924 φύσεως
1026 5856 1247 5922 θέωσιν,
1276 5853 1379 5924 τὴν
1415 5853 1498 5916 εἰς
1533 5852 1593 5919 τὸ
1619 5853 1872 5920 κρεῖττον
1905 5849 2108 5903 ἀνάϐα-

2223 3283 2317 3321 ται
2343 3267 2444 3334 τῆς
2483 3264 2618 3335 περὶ
2649 3259 2799 3337 ἡμᾶς
2829 3263 2928 3318 τοῦ
2963 3265 3143 3333 Λόγου
3183 3263 3608 3336 φιλανθρωπίας.

2296 3358 2506 3414 Βασαίι
2540 3357 2687 3412 τοῦθ’
2729 3357 2869 3430 ὅπερ
2899 3357 3280 3428 θαυμάζουσιν
3313 3357 3562 3427 ἄγγελοι,
3586 3352 3613 3410 ὃ
3635 3352 3760 3420 δοξο-

2221 3450 2482 3520 λογοῦσιν
2517 3451 2878 3521 ἀρχάγγελοι,
2918 3451 3058 3521 ὅπερ
3085 3449 3266 3513 ἀθλως
3287 3451 3485 3521 τρέφει
3511 3451 3673 3502 πᾶσαν
3688 3447 3768 3515 τήν

2220 3546 2331 3599 τῶν
2387 3543 2783 3616 ὕπερκοσμίων
2837 3544 3038 3614 νοητήν
3087 3543 3482 3614 διακόσμησιν,
3540 3541 3686 3596 τοῦτο
3726 3539 3766 3590 οἱ

2221 3637 2377 3691 κάτω
2400 3637 2494 3690 καὶ
2518 3631 2620 3706 τῆς
2653 3633 2902 3704 φθαρτῆς
2931 3633 3066 3706 ὕλης
3091 3635 3187 3688 καὶ
3215 3635 3314 3705 τῆς
3339 3634 3448 3705 γῆς
3469 3634 3565 3689 καὶ
3592 3634 3764 3692 κόνεως

2219 3732 2288 3802 τῇ
2314 3729 2495 3783 κτίσει
2550 3727 2802 3799 τολμηρᾷ
2836 3727 3054 3800 γλώττῃ
3093 3728 3492 3800 συναριθμοῦσι
3533 3727 3617 3781 καὶ
3651 3726 3765 3797 μετὰ

2221 3823 2332 3878 τῶν
2364 3823 2660 3892 ὴργμένων
2691 3821 2788 3874 καὶ
2823 3822 3227 3891 πεπαυμένων,
3257 3825 3562 3894 γινομένων
3587 3836 3643 3873 τε
3688 3817 3762 3870 καὶ

2219 3915 2501 3969 ἀπιόντων
2531 3915 2614 3978 εἰς
2648 3914 2755 3984 γῆν
2786 3913 3029 3981 ἕλκουσι,
3065 3913 3161 3970 καί
3184 3914 3360 3970 ταῦτα
3395 3917 3529 3987 πρὸς
3558 3913 3648 3985 τήν
3679 3910 3760 3964 αὺ-

2219 4009 2332 4064 τῶν
2365 4006 2530 4077 φύσιν
2555 4008 2698 4062 κατά
2745 4007 3121 4080 ἀπειρόδωρον
3154 4009 3318 4080 χάριν
3347 4010 3428 4073 εἰς
3459 4007 3645 4062 θέωσιν
3670 4001 3759 4057 ῶσ-

2220 4117 2328 4172 περ
2359 4100 2417 4164 ἐξ
2455 4100 2685 4152 ἀεννάου
2719 4101 2911 4170 προϊὸν
2946 4101 3045 4170 τῆς
3097 4101 3414 4170 ὑπερφυοῦς
3457 4103 3656 4162 ἐκείνης
3680 4095 3756 4148 καὶ

2222 4190 2508 4263 μακαρίας
2535 4187 2632 4244 τοῦ
2661 4190 2796 4245 Θεοῦ
2827 4191 3065 4260 φύσεως,
3099 4191 3127 4246 ὃ
3153 4192 3217 4262 δὴ
3246 4195 3345 4246 καὶ
3377 4193 3680 4263 τεκμήριον,
3696 4185 3758 4247 ὡς

2219 4284 2384 4345 αὑτός
2439 4299 2606 4353 φησιν
2659 4276 2839 4349 οὗτος,
2875 4284 2908 4354 ή
2942 4284 3051 4336 τῶν
3109 4282 3500 4354 ὑπερκοσμίων
3547 4277 3758 4347 ἀγγέλων

2217 4376 2431 4430 τίθεται
2492 4375 2659 4445 φύσις
2719 4375 3125 4447 ἐναργέστατόν
3159 4394 3218 4430 τε
3254 4377 3349 4431 καὶ
3397 4373 3756 4446 ἀψευδέστατον

2217 4467 2318 4535 τῆς
2350 4467 2479 4537 περὶ
2505 4470 2655 4538 ἡμᾶς
2683 4467 2775 4521 τοῦ
2806 4469 2982 4535 Λόγου
3015 4467 3454 4538 φιλανθρωπίας.
3501 4466 3602 4519 Καὶ
3623 4460 3757 4515 τίνων

2143 4577 2188 4632 ι)
2217 4562 2317 4612 οὐκ
2343 4557 2470 4624 ἀξια
2499 4559 2673 4613 ταῦτα
2699 4559 2962 4630 σκηπτῶν
2995 4561 3089 4613 καὶ
3122 4560 3477 4633 πρηστήρων,
3510 4557 3622 4611 εἰπέ
3643 4569 3718 4624 μἰι
3742 4567 3754 4613 ς

2223 4653 2426 4722 μᾶλλον
2457 4653 2516 4705 δὲ
2564 4653 2660 4705 καὶ
2719 4655 2984 4722 ποταμῶν
3045 4655 3289 4723 πυρίνων
3317 4669 3377 4704 τε
3425 4655 3513 4706 καὶ
3537 4649 3751 4719 γεέννης,

2218 4747 2314 4798 καὶ
2345 4742 2685 4814 ξυμπάντων
2727 4744 2918 4808 ἁπλῶς
2956 4745 3095 4813 ὁμοῦ
3130 4746 3240 4798 τῶν
3271 4743 3675 4816 ἡτοιμασμένων
3696 4734 3749 4802 τῷ

2215 4834 2452 4906 διαϐόλῳ
2485 4836 2579 4888 καὶ
2606 4838 2718 4899 τοῖς
2752 4836 3007 4904 ἀγγέλοις
3035 4837 3225 4890 αὐτοῦ.

2299 4927 2445 4980 Ἀλλ’
2497 4927 2579 4979 ἐτι
2640 4929 2863 4998 μικρὸν,
2919 4930 2966 4980 εἰ
3015 4928 3182 4990 δοκεῖ,
3225 4931 3303 5005 τῷ
3335 4929 3429 4984 τοῦ
3472 4926 3748 4984 διδασκάλω

2215 5017 2392 5089 τούτῳ
2421 5017 2566 5089 λόγῳ
2599 5023 2695 5072 καὶ
2727 5017 2886 5082 αὖθις
2926 5003 3515 5094 προσκαρτερήσομεν.
3553 5017 3750 5074 Ἀπόδει-

2217 5107 2297 5172 ξις
2325 5108 2408 5174 δὲ,
2441 5109 2597 5178 φησὶ,
2641 5107 2749 5162 τών
2795 5109 3108 5179 λεγομένων
3148 5113 3280 5164 αὐτὸ
3311 5113 3374 5166 ἂν
3411 5113 3491 5182 εἴη
3519 5112 3576 5163 τὸ
3606 5104 3749 5178 μακά·

2218 5217 2332 5270 ριον
2363 5201 2541 5263 πάθος
2588 5201 2768 5254 ἐκεῖνο
2811 5203 2905 5254 καὶ
2958 5202 3366 5274 πολυύμνητον,
3403 5204 3534 5272 ὅπερ
3571 5201 3652 5253 ἐπὶ
3674 5192 3746 5248 τοῦ

2212 5291 2375 5360 ὅρους
2404 5291 2745 5344 πεπόνθασιν
2774 5295 2824 5345 οἱ
2856 5293 3170 5359 ἀπόστολοι,
3214 5297 3378 5365 ήνίκα
3411 5296 3470 5348 τὸ
3497 5291 3746 5362 ἀπρόσιτον

2211 5385 2310 5438 καὶ
2338 5385 2572 5455 ἄχρονον
2611 5384 2730 5451 φῶς
2757 5384 2857 5456 τὴν
2889 5385 3100 5438 οἰκείαν
3132 5387 3313 5456 σάρκα
3359 5380 3746 5456 μεταμορφῶσαι

2212 5476 2293 5545 τῷ
2331 5477 2725 5546 ὑπερϐάλλοντι
2755 5477 2857 5544 τῆς
2895 5478 3107 5540 οἰκείας
3135 5481 3506 5547 φωτοΰλυσίας
3548 5479 3746 5552 635991)-

2217 5571 2348 5632 σίως
2377 5569 2723 5640 ἐλάμπρυνε.
2757 5571 2872 5640 Τήν
2899 5571 3009 5639 γὰρ
3037 5572 3235 5625 ἀκτῖνα
3259 5573 3357 5642 τῆς
3389 5571 3606 5642 ἀμώμου
3633 5578 3739 5632 σαρυ

2213 5663 2310 5724 κὸς
2336 5663 2555 5732 ἐκείνης
2593 5663 2784 5731 φέρειν
2818 5663 2881 5715 ού
2909 5664 3253 5734 δυνηθέντες,
3279 5664 3312 5735 ή
3340 5666 3402 5716 ἐκ
3427 5663 3520 5733 τῆς
3545 5658 3626 5713 τοῦ
3653 5653 3718 5708 Δό

2213 5769 2314 5821 γου
2343 5753 2602 5822 θεότητος
2633 5753 2690 5816 6,-
2720 5755 2789 5824 τῇ
2825 5755 2994 5824 σαρκὶ
3019 5753 3142 5807 καθ’
3169 5756 3462 5809 ὑπόστασιν
3489 5753 3645 5822 ἧνωτο
3669 5740 3740 5797 διὰ

2212 5847 2418 5918 ταύτης
2448 5847 2589 5917 ὑπὲρ
2617 5846 2784 5916 φύσιν
2812 5847 3084 5918 επηγαζε,
3119 5849 3376 5903 πίπτουσι
3398 5847 3532 5902 κατὰ
3559 5838 3739 5912 πρόσω·
