4046 6430
260 420 278 483 1
302 415 403 484 185

1692 419 2104 486 EPILOGUS.

3411 413 3549 478 1186

256 535 356 588 τοῦ
389 533 588 604 βάθους
610 535 1038 610 αἰσθανομένους
1063 538 1236 610 ἡμᾶς,
1256 541 1352 596 καὶ
1390 539 1490 611 τήν
1523 538 1630 592 τῶν
1661 538 1850 593 παθῶν
1879 542 1924 599 Α
1956 536 2055 606 τὴν
2080 535 2270 605 κοινὴν
2304 530 2466 597 φύσιν
2511 530 2698 602 κοινῆς
2729 527 2824 582 καὶ
2857 523 3172 596 ὑπερφυοῦς
3206 524 3300 579 τοῦ
3333 527 3541 578 Δεσπό-

259 627 606 697 ἀκαθαρσίαν
654 632 753 701 τῆς
809 631 990 702 ψυχῆς
1043 634 1487 706 ἀπορρίψαντας,
1547 631 1849 686 κάντεῦθεν

261 720 402 790 πρὸς
422 721 484 773 τὸ
511 722 612 790 τῆς
645 721 871 794 ἀγάπης
899 723 1036 794 ῦψος
1061 725 1332 796 ἀρθέντας
1359 723 1453 779 νῦν
1477 725 1580 794 μὲν
1615 723 1853 795 ἀμυδρό-

263 828 425 879 τερον
455 812 691 866 καθόσον
719 810 832 867 οίόν
863 830 923 867 τε
955 813 1160 879 θεατὰς
1194 814 1540 887 χρηματίσαι
1571 811 1850 881 Πνεύματι

259 900 394 970 θείῳ
424 887 525 972 τῆς
559 903 812 958 θεοποιοῦ
855 904 1063 974 ταύτης
1119 899 1382 976 χάριτος,
1407 907 1465 958 ἐν
1497 905 1557 958 δὶ
1605 904 1687 976 τῷ
1725 902 1852 972 μέλ-

256 995 408 1048 λοντι
463 997 852 1069 λαμπρότερόν
899 1015 959 1052 τε
1017 998 1115 1052 καὶ
1166 998 1502 1070 ὑψηλότερον
1557 997 1851 1068 μετασχεῖν

256 1105 1849 1158 ταυτης.........»......

256 1274 355 1327 τὸν
385 1275 518 1329 Υίδν
549 1275 646 1330 τοῦ
693 1278 830 1333 Θεοῦ
869 1279 992 1333 κατ’
1045 1279 1310 1352 ἀλήθειαν
1364 1280 1707 1352 χρηματίσαι
1754 1279 1854 1334 καὶ

257 1366 574 1438 ἄνθρωπον,
594 1369 742 1434 ὅπως
772 1371 865 1424 τὸν
889 1372 1179 1442 ἄνθρωπον
1211 1372 1682 1443 Θεὸνέργάσηται
1709 1370 1853 1425 κατά

261 1477 334 1529 με
378 1498 394 1514 .
436 1499 452 1515 .
493 1464 561 1533 τῇ
600 1464 860 1535 κοινωνίᾳ
893 1464 986 1518 τοῦ
1020 1463 1273 1519 θεοποιοῦ
1308 1466 1500 1519 τούτου
1539 1465 1719 1535 φωτὸς
1757 1464 1853 1517 καὶ

255 1555 363 1626 τῆς
395 1556 648 1626 χάριτος.

336 1647 446 1699 Καὶ
480 1648 590 1718 γάρ
620 1649 839 1718 ἀληθῶς
887 1651 920 1722 ἡ
953 1651 1053 1721 τῆς
1086 1653 1437 1726 ἀνθρωπείας
1470 1651 1688 1722 φύσεως
1713 1650 1852 1706 θέωο

258 1757 368 1802 σις,
399 1735 468 1811 ἦς
507 1743 554 1793 οἱ
605 1741 894 1813 θεούμενοι
949 1746 1340 1814 καταξιοῦνται
1386 1749 1452 1818 τῇ
1508 1748 1710 1817 μετοχῇ
1757 1743 1852 1797 τοῦ

258 1830 422 1898 ἀγίου
472 1832 818 1902 Πνεύματος.
849 1837 964 1907 Τὴν
1001 1839 1101 1906 μὲν
1134 1840 1244 1908 γὰρ
1295 1839 1554 1910 ἀπαρχὴν
1586 1838 1746 1910 ἡμῶν
1781 1840 1848 1910 τῇ
1885 1886 1927 1942 Β

171 1926 182 1936 ’
256 1928 423 1996 καινῇ
463 1925 614 1993 μίξει
658 1927 760 1997 τῆς
803 1928 954 1992 θείας
997 1933 1220 2000 φύσεως
1253 1933 1349 1986 καὶ
1378 1934 1446 2004 τῇ
1495 1931 1695 1986 ἐαυτοῦ
1722 1932 1854 1984 ὑπο-ι

260 2016 457 2072 στάσει
491 2016 632 2087 ὑπὲρ
667 2017 824 2087 λόγον
861 2020 1178 2091 ὑποστήσας
1211 2022 1416 2077 ἐθέωσε
1446 2040 1462 2056 ·
1492 2025 1622 2088 τοὺς
1663 2024 1720 2077 δέ
1754 2026 1852 2094 τῆς

255 2104 432 2170 ὅντως
466 2107 743 2172 υἱοθεσίας
772 2109 1136 2181 ἀξιουμένους
1167 2112 1228 2178 ἐξ
1260 2115 1474 2168 ἐκείνου
1515 2115 1722 2185 δηλαδὴ
1757 2117 1853 2168 καὶ

259 2197 579 2270 θεωμένους
627 2200 706 2272 τῷ
747 2203 1032 2273 Πνεύματι
1082 2209 1147 2276 τῇ
1192 2209 1454 2278 κοινωνίᾳ
1503 2209 1598 2262 καὶ
1646 2210 1851 2280 μετοχῇ

259 2290 518 2362 θεουργεί
550 2293 651 2364 τῆς
699 2295 874 2363 ,αὑτοῦ
927 2295 1177 2352 θεοποιοῦ
1227 2299 1474 2370 χάριτος,
1523 2302 1676 2366 υίοὺς
1715 2302 1852 2354 Θεοῦ

256 2386 356 2440 καὶ
385 2385 541 2450 θεοὺς
569 2387 664 2440 καὶ
688 2386 911 2456 ὁμοίους
942 2389 1124 2458 ἐαυτῷ
1161 2392 1286 2444 κατ’
1319 2393 1450 2445 αὐτό
1486 2409 1630 2462 φημι
1695 2393 1853 2446 τοῦτο

257 2480 361 2534 καὶ
386 2479 588 2543 αὐτοὺς
613 2481 640 2532 ό
667 2481 828 2549 μόνος
855 2485 999 2534 κατά
1030 2481 1194 2552 φύσιν
1217 2484 1348 2548 Θεὸς
1370 2484 1668 2558 ὑπερφυῶς
1688 2489 1855 2557 ἐρ-,αο

256 2570 320 2635 ζό
327 2586 514 2640 μενος.

343 2668 456 2720 Καὶ
484 2667 572 2721 διὰ
598 2666 758 2722 τοῦτο
793 2671 888 2723 καὶ
934 2667 1187 2742 Ἰωάννης
1213 2673 1241 2725 ὁ
1281 2672 1379 2742 τῆς
1412 2670 1645 2742 βροντῆς
1672 2671 1852 2738 γόνος,

262 2757 418 2824 Νῦν,
453 2759 608 2829 φησὶ,
644 2759 829 2816 τέκνα
863 2761 1012 2816 Θεοῦ
1039 2761 1250 2831 ἐσμεν.
1290 2763 1398 2818 Καὶ
1440 2763 1607 2818 οὔπω
1637 2764 1853 2833 ἐφανε-

247 2850 418 2921 ρώθη
449 2853 506 2907 τί
533 2853 819 2922 ἐσόμεθα.
844 2855 1106 2927 Οἴδαμεν
1129 2856 1199 2910 δὲ
1232 2857 1346 2920 ὅτι,
1371 2857 1482 2912 ἐὰν
1508 2856 1849 2929 φανερωθῇ,

258 2942 452 3012 ὅμοιοι
482 2945 644 3012 αὐτῷ
673 2947 936 3016 ἐσόμεθα
963 2965 976 2978 ’
1017 2949 1118 3018 τὴν
1162 2951 1221 3002 ἐν
1250 2950 1329 3020 τῷ
1368 2949 1621 3019 μέλλοντι
1648 2950 1849 3004 τελεω·

256 3037 430 3106 τέραν
488 3040 589 3108 τῆς
643 3039 895 3092 θεοποιοῦ
950 3040 1159 3109 ταύτης
1187 3041 1410 3112 χάριτος
1473 3041 1711 3113 μετοχὴν
1755 3041 1852 3094 καὶ

256 3126 552 3179 κοινωνίαν
586 3129 697 3181 τῶν
728 3127 850 3182 κατ’
880 3129 1046 3182 αὐτὸν
1086 3132 1484 3201 αἰνιττόμενος,
1513 3131 1581 3184 δι’
1611 3127 1679 3203 ἦς
1723 3131 1797 3195 ὡς
1821 3134 1850 3185 ό

1953 645 2050 681 του
2085 623 2404 695 φιλοτιμίας
2444 622 2584 686 τέως
2622 619 2940 685 ἐλπίζοντες
2969 618 3027 669 ἐν
3060 615 3138 686 τῷ
3184 615 3460 683 μέλλοντι,
3493 614 3546 667 εἰ

1952 720 2048 772 καὶ
2100 717 2185 770 διά
2222 715 2500 788 ρᾳθυμίαν
2533 713 2674 785 φεῦί
2712 713 2806 766 καὶ
2845 711 2947 782 τῆς
3001 709 3297 764 ἐπιϐούλου
3339 708 3547 779 σαρκὸς

1952 809 2156 880 ταύτης
2185 810 2498 875 ἀσθένειαν,
2536 806 2672 876 πρὸς
2693 805 2754 860 δὲ
2785 807 2881 860 καὶ
2918 803 3028 858 τῶν
3053 804 3315 874 ἀσάρκων
3341 820 3400 855 τε
3447 803 3546 856 κοιλ⁵
3615 821 3618 826 ·

1953 903 2238 958 άσπόνδων
2264 900 2497 954 ἐκείνων
2537 897 2750 970 ἐχθρῶν
2776 897 2874 968 τὴν
2921 897 3208 966 ἐπήρειαν,
3240 895 3273 965 ἢ
3301 895 3403 948 οὐκ
3444 889 3544 948 οἷδ’

1953 1001 1982 1054 ὃ
2015 1017 2070 1054 τι
2101 1001 2196 1054 καὶ
2250 998 2358 1068 φῶ,
2392 1001 2490 1068 τῆς
2521 1000 2580 1051 ἐν
2619 999 2696 1067 τῷ
2737 981 2968 1064 παρόντι
3018 996 3262 1067 μεγάλης
3306 997 3400 1050 καὶ
3436 1014 3544 1066 μυ-

1956 1094 2297 1163 στικωτάτης
2324 1093 2542 1164 ἐκείνης
2572 1092 2666 1145 τοῦ
2698 1091 3019 1160 Πνεύματος
3049 1091 3273 1161 χάριτος
3305 1090 3546 1160 ἀμοιρή-

1957 1201 2190 1254 σαιμενο
2232 1188 2329 1239 καὶ
2352 1187 2420 1239 δι’
2446 1185 2581 1239 αὑτὸ
2619 1185 2781 1238 τοῦτο
2817 1185 3038 1255 μάλιστ’
3077 1184 3246 1252 ἔγωγ’
3281 1185 3346 1237 ἂν
3377 1185 3546 1246 αὐτὸς

1957 1279 2129 1348 φαίην
2159 1279 2255 1332 καὶ
2283 1281 2373 1332 τὸν
2405 1281 2587 1332 κοινὸν
2619 1278 2714 1332 τοῦ
2762 1278 3110 1348 ἀνθρωπείου
3159 1277 3353 1345 γένους
3385 1277 3547 1331 πολέ-

1958 1388 2082 1442 μιον
2115 1373 2254 1441 πρὸς
2288 1371 2365 1442 τῷ
2398 1371 2542 1425 τέλει
2572 1371 2666 1424 τοῦ
2700 1373 2972 1443 παρόντος
3002 1370 3201 1435 αἰῶνος
3243 1411 3259 1428 .
3337 1408 3353 1425 .
3432 1409 3448 1424 .
3527 1410 3545 1427 .

1953 1554 2028 1619 ῶς
2067 1559 2141 1626 μὴ
2196 1554 2311 1624 ὢφε
2358 1596 2374 1610 .
2419 1594 2432 1608 .
2487 1553 2559 1626 κὴ
2591 1554 2646 1608 δὲ
2695 1555 2879 1624 φωνῆς
2928 1556 3081 1624 ἱερᾶς
3126 1555 3294 1609 ἀκουε
3347 1593 3363 1609 .
3408 1597 3423 1612 .
3465 1573 3548 1610 ειν

1956 1647 2161 1719 ῥᾳδίως
2208 1647 2346 1718 μηδὲ
2375 1647 2731 1702 διδάσκεσθαι
2765 1649 2897 1718 περί
2943 1647 3138 1700 τούτου
3174 1649 3236 1700 τὸ
3280 1647 3503 1702 σύνολον
3527 1665 3544 1681 ο

1955 1741 2051 1794 καὶ
2108 1739 2443 1810 κενωθῶμεν
2472 1741 2596 1792 ὅσον
2647 1739 2708 1791 τὸ
2740 1740 2859 1792 κατ’
2911 1739 3112 1803 αὐτοὺς
3142 1740 3203 1792 τὸ
3256 1741 3400 1810 μέγα
3449 1742 3549 1811 τῆς

1960 1831 2206 1902 μεγάλης
2263 1831 2584 1902 οἰκονομίας
2640 1830 2882 1902 Χριστοῦ
2951 1833 3278 1902 μυστήριον,
3333 1835 3450 1896 τοῖς
3501 1834 3550 1886 δ’

1955 1925 2240 1995 ἀγνώμοσι
2297 1926 2392 1978 καὶ
2429 1924 2734 1988 θεοκτόνοις
2797 1922 2949 1992 φεῦί
3027 1912 3348 1990 Ἰουδαίοις,
3421 1924 3548 1996 μετ’

1971 2017 2186 2089 Ἀρείου
2229 2035 2290 2070 τε
2323 2020 2418 2070 καὶ
2469 2016 2768 2086 Νεστορίου
2813 2017 2924 2069 τῶν
2966 2015 3135 2071 πάλαι
3165 2017 3266 2087 τῆς
3303 2018 3548 2089 Χριστοῦ

1959 2112 2156 2182 μοίρας
2191 2110 2604 2183 ἀπερρωγότων
2649 2111 2894 2164 κάκιστα
2935 2110 3107 2181 θύραν
3149 2111 3412 2180 ἀνοίγειν,
3451 2114 3552 2166 καὶ

1955 2200 2216 2274 ἀφορμάς
2249 2202 2310 2255 οὑ
2341 2200 2554 2270 φαύλας
2585 2200 2788 2254 διδόναι
2841 2201 2940 2270 τῆς
2974 2203 3118 2255 κατά
3157 2202 3252 2256 τοῦ
3306 2205 3550 2272 Μονογε-

1955 2294 2078 2356 νοῦς
2111 2293 2342 2363 ὑϐρεως.
2376 2294 2548 2348 Τοῦτο
2580 2294 2677 2347 καὶ
2702 2293 2811 2364 γὰρ
2836 2295 2868 2364 η
2897 2293 3154 2364 παροῦσα
3179 2295 3279 2367 τῆς
3305 2297 3551 2368 φυσικῆς

1955 2385 2123 2441 αὐτοῦ
2157 2385 2320 2457 δόξης
2369 2387 2464 2439 καὶ
2517 2386 2617 2458 τῆς
2649 2387 2904 2457 θεότητος
2955 2386 3218 2458 ἀθέτησις
3261 2389 3542 2460 ἄντικρυς.

1969 2478 3547 2539 Ἀλλ’......-.........

1958 2665 2195 2720 θούντων
2243 2665 2304 2718 τὸ
2347 2706 2359 2720 .
2407 2704 2424 2720 .
2465 2703 2482 2719 .
2529 2663 2710 2734 λόγοις
2753 2664 2850 2718 καὶ
2893 2665 3058 2729 αὑτὸς
3105 2667 3367 2732 καθάπαξ
3409 2707 3424 2722 .
3467 2707 3482 2722 .
3529 2709 3546 2724 .

1956 2775 2076 2829 χου,
2113 2760 2212 2812 καὶ
2266 2758 2404 2829 μηδὲ
2457 2757 2673 2829 χαίρειν
2733 2759 2799 2810 αὑ
2841 2797 2858 2814 .
2902 2799 2916 2814 .
2959 2797 2974 2813 .
3020 2775 3048 2820 ς
3090 2757 3216 2827 λέγε
3261 2759 3406 2814 κατὰ
3456 2759 3551 2815 τὸν

1957 2852 2277 2922 ἐπιστήθιον
2312 2853 2490 2906 εἰπεῖν
2535 2851 2822 2921 Θεολόγον,
2851 2852 2959 2916 ἕως
2994 2853 3061 2906 ἂν
3112 2853 3206 2906 ἐπὶ
3240 2854 3339 2924 τῆς
3376 2853 3552 2925 αὐτῆς

1956 2945 2274 3014 ἀντιλογίας
2300 2945 2504 3014 δηλαδή
2538 2945 2727 3014 μένειν
2757 2944 3036 3010 ἐθέλωσιν,
3069 2946 3138 3000 Εἴ
3163 2963 3254 3012 τις
3285 2946 3380 2999 καὶ
3411 2948 3552 3018 γὰρ,

1955 3035 2146 3106 φησιν,
2179 3035 2414 3104 ἔρχεται
2445 3035 2598 3103 πρὸς
2629 3034 2812 3104 ὑμᾶς,
2843 3037 2941 3090 καὶ
2973 3038 3203 3105 ταύτην
3248 3038 3363 3106 τὴν
3386 3038 3554 3094 διδα-

1956 3128 2164 3198 χὴνοὺ
2195 3131 2384 3198 φέρει,
2408 3127 2496 3198 μὴ
2521 3129 3070 3198 λαμϐάνετεαὺτὸν
3085 3133 3173 3196 εἰς
3203 3132 3419 3196 οὶκίαν,
3450 3130 3554 3185 καὶ

252 3215 412 3288 ἥλιος
447 3219 566 3271 ἐκεῖ
605 3220 746 3272 κατά
790 3217 883 3273 τὸν
917 3221 1014 3275 τοῦ
1056 3222 1301 3292 Χριστοῦ
1333 3223 1495 3292 λόγον
1539 3223 1850 3294 λάμψουσιν
1877 3232 1920 3292 c
1953 3221 2188 3290 χαίρειν
2222 3218 2384 3286 αὑτῷ
2405 3220 2490 3290 μὴ
2524 3223 2753 3292 λέγετε.
2797 3222 2860 3275 '0
2884 3220 3214 3295 τὰρλέγων
3241 3221 3402 3288 αὐτῷ
3426 3224 3556 3292 χαί-

256 3309 410 3379 αὑτῷ
441 3310 518 3381 τῷ
566 3313 665 3382 τῆς
698 3311 1050 3384 δικαιοσύνης
1085 3316 1222 3387 ήλίῳ
1267 3313 1511 3389 Χριστῷ,
1541 3319 1620 3388 τῷ
1652 3317 1852 3372 τεθεω-
1947 3329 2083 3380 patr
2116 3312 2398 3367 κοινωνεῖ
2440 3312 2568 3379 τοῖς
2599 3314 2798 3382 ἔργοις
2830 3313 3018 3368 αὐτοῦ
3055 3313 3178 3380 τοῖς
3235 3315 3550 3384 πονηροῖς,

259 3402 413 3472 μένῳ
457 3405 671 3457 ἐκείνου
713 3400 866 3476 φημϊ
913 3407 1327 3479 ἐξομοιούμενοι
1388 3410 1626 3481 σώματι.
1683 3412 1749 3465 Ὃ
1787 3410 1852 3482 δή

256 3498 356 3551 καὶ
387 3500 414 3550 ὁ
442 3500 544 3569 τὴν
567 3499 818 3567 γλῶτταν
844 3501 1083 3571 χρυσοῦς
1114 3503 1371 3575 Ἰωάννης
1397 3505 1505 3574 πρὸ
1533 3503 1767 3576 βραχέος
1793 3507 1850 3558 ἐν

255 3589 541 3659 ἐπιλόγοις
571 3590 972 3662 φανερώτερον,
1008 3592 1267 3663 καθάπερ
1309 3593 1576 3665 ήκουσας,
1622 3595 1850 3664 ἔφησεν.

255 3683 324 3736 Ol
360 3683 461 3754 μὲν
483 3678 578 3737 οὖν
622 3683 712 3736 διὰ
758 3684 1115 3754 καθαρότητα
1162 3683 1300 3753 βίου,
1337 3685 1634 3739 κάντεῦθεν
1668 3686 1853 3751 ἀξίους

255 3779 492 3842 ἑαυτοὺς
517 3779 618 3843 τῆς
649 3779 742 3830 τοῦ
778 3777 926 3831 θείου
957 3778 1278 3848 Πνεύματος
1313 3781 1647 3852 ἐνοικήσεως
1679 3797 1854 3835 κατασ

259 3873 591 3942 στήσαντες,
625 3873 844 3942 ἔχουσιν
874 3871 978 3943 ήδη
1019 3871 1275 3942 καθάπερ
1308 3871 1369 3926 ὲν
1402 3871 1725 3944 ἀρραὅῶνος
1757 3873 1854 3943 μέ.

259 3982 351 4035 ρει
385 3967 486 4028 τὰς
517 3967 692 4037 ἀρχάς
717 3965 817 4033 τῆς
859 3963 1168 4035 μελλούσης
1198 3963 1473 4027 θεῶσεως,
1497 3963 1853 4028 ἀναστάντες,

254 4058 363 4126 τὴν
387 4057 491 4126 τῆς
537 4057 713 4130 ψυχῆς
746 4074 893 4128 φημι
931 4055 1178 4128 μεγάλην
1211 4057 1305 4110 καὶ
1352 4055 1582 4127 πρώτην
1611 4055 1854 4110 ἀνάστα-

261 4167 374 4215 σιν,
417 4151 515 4204 καὶ
545 4155 654 4222 πρὸ
678 4150 779 4220 τῆς
813 4149 924 4202 τῶν
959 4150 1231 4220 σωμάτων
1259 4148 1449 4219 κοινῆς
1477 4150 1852 4214 ἀναστάσεωςο

256 4244 398 4312 ἡμῖν
427 4242 484 4295 δὲ
515 4235 597 4307 οἷς
631 4243 660 4295 ὁ
693 4243 794 4313 τῆς
827 4242 1104 4312 ἁμαρτίας
1138 4239 1219 4294 ἔτι
1251 4241 1349 4296 καὶ
1401 4242 1510 4298 τῶν
1546 4239 1736 4295 παθῶν
1770 4241 1857 4306 ζό-

261 4353 364 4406 φος
392 4337 696 4403 ἐπισκοτεῖ,
727 4338 896 4407 μήπω
925 4334 1014 4389 διὰ
1067 4335 1363 4405 μετανοίας
1396 4334 1731 4406 εἰλικρινοῦς
1762 4336 1858 4392 τὸν

262 4430 526 4500 φραγμὸν
554 4431 773 4484 τουτονὶ
795 4429 1145 4498 διακόψασιν,
1176 4430 1208 4498 ἡ
1238 4430 1424 4492 πίστις
1460 4429 1596 4501 μόνη
1627 4427 1722 4482 τοῦ
1757 4448 1859 4498 μυ-

1955 3408 2053 3459 καὶ
2081 3407 2203 3459 οὐδὲ
2231 3409 2345 3469 τοῖς
2374 3407 2555 3460 ταῦτα
2593 3407 2927 3476 παραινοῦσι
2963 3409 3126 3479 σιγᾷν
3167 3409 3264 3460 καὶ
3294 3409 3394 3472 τὰς
3424 3427 3553 3478 νοη-

1954 3501 2056 3562 τὰς
2097 3499 2191 3552 τοῦ
2221 3499 2323 3570 τῆς
2377 3499 2729 3568 δικαιοσύνης
2782 3499 2936 3570 ἡλίου
2968 3500 3050 3568 τῷ
3079 3499 3224 3569 λόγῳ
3282 3502 3552 3568 κρύπτειν

1956 3595 2183 3656 ἀκτῖνας
2216 3594 2306 3645 τὸν
2335 3591 2461 3646 νοῦν
2486 3591 2623 3652 ὅλως
2653 3593 2918 3663 πρόσεχε.
2953 3591 3206 3658 Ἔνδοξον
3233 3594 3344 3664 γάρ
3371 3612 3425 3647 τι
3458 3598 3554 3651 καὶ

1955 3685 2216 3755 λαμπρὸν
2251 3684 2422 3746 ὅντως
2450 3683 2595 3737 κατὰ
2625 3684 2684 3736 τὸ
2709 3685 3000 3754 εἰρημένον
3030 3685 3090 3737 τὸ
3118 3684 3184 3736 τὰ
3218 3685 3356 3753 ὑπὲρ
3391 3686 3552 3756 ἡμῶν

1955 3771 2361 3842 ἀνακηρύττειν
2395 3773 2655 3840 ὑπερφυᾶ
2686 3775 2848 3827 ταυτὶ
2877 3773 2972 3826 τοῦ
2995 3774 3130 3828 Θεοῦ
3167 3775 3326 3846 ἔργα,
3360 3776 3552 3848 ὥσπερ

1957 3861 2024 3919 αὖ
2056 3867 2153 3919 καὶ⁵
2204 3866 2265 3919 τὸ
2327 3869 2604 3936 μυστήρια
2658 3866 2926 3936 κρύπτειν
2957 3868 3067 3924 τῶν
3113 3870 3267 3923 κάτω
3316 3874 3552 3926 τουτωνὶ

1954 3959 2225 4025 βασιλέων
2256 3959 2423 4012 καλόν
2445 3975 2461 3992 δ
2518 3959 2697 4024 άλλως
2734 3961 2781 4014 θ’
2809 3962 2892 4016 ὅτι
2929 3963 3025 4017 καὶ
3057 3964 3276 4034 μηχανή
3304 3981 3387 4027 τις
3412 3965 3549 4038 άλλη

1958 4055 2054 4107 καὶ
2083 4051 2244 4106 τοῦτο
2269 4052 2364 4106 τοῦ
2417 4058 2798 4124 παμμηχάνου
2840 4057 2935 4110 καὶ
2983 4057 3198 4111 σκολιοῦ
3226 4059 3548 4128 δράκοντος.

1958 4145 2048 4198 τὸν
2074 4145 2172 4213 τῆς
2221 4146 2482 4208 ἀπιστίας
2529 4147 2608 4199 ίὸν
2654 4147 2829 4220 ἑτέρῳ
2861 4150 3166 4221 καινοτέρῳ
3215 4152 3405 4222 τρόπῳ
3442 4153 3554 4203 τινὶ
3632 4180 3643 4198 -.

1957 4241 2082 4304 ταῖς
2114 4238 2222 4292 τῷν
2259 4241 2474 4293 πολλῶν
2511 4243 2715 4294 ἐνιέναι
2749 4243 2998 4312 καρδίαις
3029 4245 3268 4299 κάκιστα
3293 4246 3556 4299 σπεύδον-

1957 4349 2070 4393 τος.
2110 4332 2186 4386 Συ
2210 4331 2266 4384 δὲ
2299 4333 2482 4403 μένων
2513 4335 2896 4398 ἀποστολικῶς
2927 4339 3102 4389 εἰπεῖν
3131 4338 3189 4389 ἐν
3218 4331 3300 4401 οἷς
3326 4339 3550 4408 ἔμαθες,

1959 4427 2058 4479 καὶ
2109 4423 2422 4495 ἐδιδάχθης,
2459 4425 2684 4488 τούτους
2734 4444 2794 4479 τε
2849 4431 3159 4494 κάκείνους,
3208 4432 3345 4504 ὅπερ
3389 4433 3554 4504 ἔφην,

262 4525 516 4594 στηρίου,
551 4524 645 4577 καὶ
669 4523 704 4594 ἡ
737 4521 890 4592 φιλία
907 4523 1014 4576 τῶν
1039 4522 1253 4575 ἐκείνου
1285 4523 1546 4592 κηρύκων
1576 4522 1672 4575 καὶ
1693 4523 1856 4592 ήμῶν
1886 4584 1929 4600 ﬁ
1961 4519 2254 4582 ἀπο-ποιοῦ,
2299 4519 2395 4572 καὶ
2451 4521 2676 4573 σεαυτὸν
2729 4522 3029 4592 γυμνάζων
3082 4524 3376 4591 διαπαντὸς
3415 4531 3555 4600 πρὸς

254 4617 625 4683 διδασκάλων,
668 4616 924 4686 καθάπερ
961 4615 1224 4686 ἐνέχυρόν
1254 4633 1308 4668 τι
1351 4615 1450 4686 τῆς
1488 4615 1882 4686 ἐλπιζομένης

256 4711 485 4780 ἐκείνης
527 4709 938 4780 μακαριότητος
968 4708 1362 4761 ὑπολέλειπται
1384 4723 1398 4739 ο
1436 4710 1531 4763 καὶ
1559 4707 1658 4778 τὴν
1698 4707 1857 4762 ἄπει-

259 4820 362 4876 ρον
391 4803 507 4872 ἅμα
529 4801 948 4872 φιλανθρωπίαν
971 4800 1065 4854 τοῦ
1080 4801 1357 4854 Δεσπότου
1383 4803 1523 4855 κατὰ
1545 4801 1670 4855 νοῦν
1698 4817 1754 4853 σε
1769 4800 1855 4870 ρέ-

258 4911 448 4965 φουσι,
489 4895 558 4948 δι’
595 4893 664 4965 ἣν
695 4894 870 4963 δήπου
901 4893 998 4948 καὶ
1027 4893 1159 4956 Θεὸς
1191 4892 1266 4946 ὢν
1299 4894 1586 4965 ἄνθρωπος
1611 4895 1858 4963 ἐχρημά-

254 5005 407 5056 τισε,
460 4989 555 5041 καὶ
602 4989 830 5057 προσέτι
862 4988 958 5041 καὶ
1010 4987 1240 5056 μεσίτας
1288 5004 1349 5041 τε
1397 4989 1490 5041 καὶ
1541 4987 1855 5058 προστάτας

258 5081 511 5145 ἐκείνους
566 5079 662 5134 τοῦ
725 5079 846 5135 καθ’
890 5081 1042 5152 ἡμᾶς
1096 5081 1446 5150 ἐνιστάμενοι
1499 5082 1848 5150 πράγματος,

259 5174 589 5244 κάντεῦθεν,
623 5173 698 5240 ὡς
728 5175 832 5229 οὑκ
861 5172 1254 5243 ἐκπεσούμεθα
1287 5167 1545 5242 καθάπαξ
1581 5175 1680 5245 τῆς
1712 5176 1850 5244 πρὸς

1886 4584 1934 4643 D

1963 4614 2256 4666 εὐσέϐειαν
2293 4615 2435 4668 κατὰ
2471 4617 2563 4668 τὸν
2604 4615 2768 4668 αὑτὸν
2812 4617 3137 4672 Ἀπόστολον
3183 4620 3396 4684 τούτοις
3439 4626 3554 4687 τοῖς

1963 4705 2165 4773 λόγοις,
2203 4706 2282 4758 ἔτι
2321 4709 2418 4759 καὶ
2467 4706 2512 4759 τῗ
2560 4707 2888 4762 δεσποτικὸν
2931 4710 3240 4782 ὲπεργάζου
3293 4715 3556 4768 τάλαντον

1963 4798 2038 4862 ὡς
2071 4801 2265 4863 πιστὸς
2301 4805 2396 4855 καὶ
2432 4801 2700 4872 φρόνιμος
2738 4801 2913 4866 οὕτως
2956 4805 3165 4870 δοῦλος,
3205 4805 3388 4871 αῦξων
3420 4809 3558 4860 αὐτὸ

1967 4893 2319 4962 καθεκάστην
2351 4897 2417 4964 τῇ
2453 4894 2561 4946 τῶν
2597 4896 2750 4966 παρὰ
2805 4896 2900 4948 σοῦ
2935 4896 3341 4969 διδασκομένων
3371 4916 3428 4950 τε
3457 4903 3552 4952 καὶ

1963 4987 2366 5057 ὠφελουμένων
2391 4988 2702 5058 προσθήκῃ.
2737 4988 2893 5042 υῦτω
2924 4991 3017 5042 καὶ
3058 4993 3169 5060 γὰρ
3200 4990 3418 5056 ἐξέσται
3441 5004 3552 5056 σοι,

1967 5079 2237 5149 βέλτιστε,
2270 5083 2446 5152 μόνως
2477 5082 2636 5151 ὀλίγα
2664 5085 2786 5135 τινὰ
2813 5083 2902 5135 διὰ
2936 5083 3032 5152 τῆς
3065 5083 3384 5154 καλλίστης.
