4046 6438
933 384 940 390 ,
1164 384 1168 388 ,
1913 372 2005 384 .,._-
2248 370 2272 378 Io
2317 373 2364 382 ._.
2699 365 2963 382 ,λ.λ’..ν,“,,μ-
3003 370 3008 378 ι
3076 370 3086 379 ν
3206 369 3245 382 ⁵.,
3293 373 3299 376 _

552 367 3753 433 ...Μ

1815 569 1989 616 ANNO
2045 571 2126 614 D0
2137 574 2180 615 Μ
2191 569 2280 615 lNI
2344 569 2535 614 MCCCL

1153 747 2158 1116 sartorius,
2288 746 3269 984 lClNllYNllS‘

1877 1265 2490 1390 NOTITIA

1539 1489 1727 1563 (Oudln
1750 1500 1824 1552 De
1847 1502 2034 1565 Script.
2061 1501 2270 1562 eccles.,
2299 1506 2422 1552 tom.
2441 1501 2534 1572 ¹111,
2576 1502 2672 1552 col.
2697 1487 2834 1562 915.)

2147 1664 2168 1672 ρ

605 1824 907 1898 Gregorius
968 1829 1311 1902 Acinilynus,
1337 1829 1647 1885 monachus
1678 1827 1908 1885 Graecus
1945 1844 2011 1883 ac
2047 1829 2358 1902 thcoIOgus,
2397 1831 2632 1888 ﬂorebat
2663 1831 2858 1889 eodem
2905 1840 3153 1903 tempore
3186 1847 3298 1901 quo
3331 1830 3641 1887 Barlaamus
3688 1815 3773 1886 (iii3

534 1923 708 1993 laber,
734 1927 1094 1998 eamdemque
1133 1944 1259 1984 cum
1293 1928 1416 1998 ipso
1472 1928 1788 1998 paltestram
1818 1927 2106 1997 ingressus
2132 1938 2236 1992 est,
2266 1931 2515 1986 eamdem
2550 1947 2678 1986 cum
2721 1933 2842 2003 ipso
2874 1931 3155 1986 fortunam
3193 1932 3448 1986 sortitus.
3482 1929 3610 1984 Cum
3654 1927 3768 1982 enini

532 2017 686 2086 juxta
715 2017 1072 2089 Spondanum
1112 2022 1164 2074 in
1196 2022 1498 2077 Annalibus
1530 2022 1906 2076 ecclesiasticis
1933 2023 1999 2077 ad
2031 2036 2234 2078 aunum
2268 2023 2430 2090 5337,
2467 2041 2621 2078 num.
2655 2025 2746 2092 XI,
2768 2025 3074 2096 Gregorius
3099 2023 3322 2093 quidam
3351 2021 3610 2084 Palamas,
3635 2035 3767 2090 gene-

536 2127 594 2164 re
620 2111 920 2181 Asiaticus,
949 2125 1002 2169 et
1035 2115 1086 2169 in
1113 2116 1240 2170 aula
1277 2117 1631 2184 imperatoris
1666 2115 1958 2182 educatus,
1987 2117 2240 2172 doctrina
2271 2119 2485 2173 caeteris
2537 2118 2870 2173 eminentior
2892 2119 3205 2184 monachis,
3238 2119 3333 2188 qui
3364 2127 3419 2172 et
3445 2125 3618 2186 postea
3641 2115 3772 2167 Thes-

533 2204 903 2260 salonicensis
930 2209 1384 2278 archiepiscopus
1425 2210 1604 2264 factus
1641 2217 1745 2270 est,
1782 2209 2124 2278 suscepisset
2173 2208 2576 2266 defendendam
2635 2213 2944 2267 doctrinam
2995 2223 3091 2268 seu
3127 2221 3372 2266 errorem
3427 2211 3765 2265 monachorum

537 2295 1000 2366 llesycltastarum
1039 2317 1135 2356 seu
1170 2300 1683 2366 Quiesrentium,-in
1717 2307 1903 2356 mon‘te
1936 2302 2084 2355 ΑιιιοΔ
2104 2301 2491 2370 habitantium,
2524 2305 2619 2374 qui
2647 2320 2907 2376 perverse
2947 2307 3266 2360 asserebant
3297 2303 3493 2359 Lumen
3526 2303 3647 2358 illud
3668 2297 3763 2370 quod

533 2394 588 2446 in
621 2403 796 2448 mante
831 2395 1040 2449 Thabor
1069 2399 1304 2467 apostoli
1325 2399 1382 2452 in
1412 2399 1917 2470 Transﬁguratione
1952 2399 2166 2452 Domini
2184 2401 2452 2464 viderant,
2479 2402 2645 2471 fuisse
2675 2404 2842 2457 lucem
2891 2405 3212 2467 increatam.
3250 2402 3349 2458 hoc
3380 2412 3482 2467 est,
3529 2399 3766 2457 essentiam

534 2487 773 2540 divinam
801 2507 816 2543 :
846 2504 1067 2558 eamque
1087 2508 1194 2545 sese
1220 2491 1348 2546 dum
1381 2496 1438 2547 in
1469 2495 1713 2548 oratione
1742 2509 1841 2548 sua
1865 2493 2278 2559 incalesterent,
2302 2496 2471 2551 oculis
2515 2501 2680 2552 etiam
2732 2501 3006 2568 corporeis
3079 2515 3292 2554 cernere
3319 2509 3371 2552 et
3429 2496 3769 2566 contemplari:

533 2588 794 2655 opinatus
828 2589 934 2641 hoc
973 2602 1172 2642 sensus
1197 2602 1320 2642 esse
1354 2589 1652 2644 haereticos
1675 2589 1979 2659 Gregorius
2011 2590 2359 2662 Acindynus.
2395 2607 2520 2646 cum
2563 2591 2852 2649 Barlaamo
2894 2594 3150 2659 Calabro,
3185 2593 3561 2649 adversarium
3601 2606 3653 2645 se
3695 2590 3770 2644 Pa-

536 2682 702 2734 lamae
737 2679 970 2748 objecit.
1000 2680 1316 2734 Accusahat
1341 2681 1665 2751 Acindjnus
1692 2681 1971 2736 Palamam
2005 2683 2447 2754 monachosque,
2479 2691 2715 2754 quorum
2742 2686 2995 2742 haeresim
3025 2687 3115 2741 ille
3145 2686 3427 2752 utebatur,
3463 2682 3776 2740 Massaliani‘sa

537 2775 636 2840 mi,
662 2776 944 2845 probeque
975 2783 1028 2828 et
1051 2777 1325 2831 catholice
1350 2779 1846 2847 argumentabatur
1880 2797 1894 2834 :
1925 2780 1980 2833 Si
2009 2779 2198 2835 lumen
2237 2780 2374 2836 illud
2420 2783 2708 2851 corporeis
2742 2782 2920 2838 oculis
2974 2783 3149 2839 visum
3187 2793 3292 2847 est,
3351 2779 3638 2837 incrcatum
3688 2781 3775 2831 non

532 2879 682 2928 esse,
709 2865 1153 2934 quandoquidem
1191 2867 1460 2937 quidquid
1492 2869 1669 2924 oculis
1697 2870 1981 2939 corporeis
2015 2871 2184 2926 videri
2211 2883 2413 2943 potest,
2447 2884 2700 2930 creatum
2765 2889 2892 2932 esse
2936 2891 3164 2932 necesse
3185 2888 3290 2932 est.
3322 2877 3455 2933 Inde
3476 2881 3594 2945 ergo
3620 2877 3775 2945 graves

535 2961 710 3016 turbae
730 2971 783 3015 et
805 2962 1202 3030 disputationes
1241 2965 1494 3018 excitatze
1519 2974 1670 3030 sunt,
1705 2965 1801 3019 sed
1833 2965 2284 3024 adversariorum
2311 2979 2631 3041 argumenta
2652 2971 2894 3041 copiose,
2920 2983 2976 3028 et
3029 2970 3210 3043 quoad
3257 2973 3514 3028 materias
3535 2982 3650 3025 tunc
3675 2979 3777 3020 corr

537 3064 816 3111 troversas
844 3058 1148 3112 orthodoxe
1175 3059 1481 3112 confutavit
1511 3059 1624 3128 jam
1657 3057 1922 3130 praefatus
1949 3061 2253 3131 Gregorius
2286 3061 2635 3133 Acindynus.
2672 3065 2766 3135 qui
2796 3079 2905 3119 una
2937 3079 3064 3119 cum
3089 3064 3211 3119 aliis
3236 3065 3485 3135 ejusdem
3515 3065 3772 3129 argumenti

536 3148 820 3215 omnibus,
855 3150 1131 3218 simulque
1164 3149 1430 3203 relatione
1467 3152 1640 3206 totius
1680 3151 1849 3221 hujus
1879 3151 2094 3208 dissidii
2131 3168 2158 3206 a
2201 3151 2426 3208 Daniele
2457 3154 2694 3224 quodam
2753 3154 3032 3210 monacho
3069 3156 3413 3226 conscripta,
3449 3165 3646 3210 exstare
3667 3165 3773 3203 mss.

537 3242 800 3296 (licuutur
835 3240 1283 3296 in-Bibliothecis
1304 3240 1568 3298 Bavarica
1605 3251 1659 3298 et
1689 3244 1955 3315 Augustae
1991 3243 2407 3300 Vindelicorum
2436 3245 2489 3299 iu
2527 3243 2849 3315 Germania,
2885 3255 3026 3302 teste
3049 3238 3258 3302 Jacoh‘o
3285 3245 3535 3302 Pontano
3563 3245 3611 3298 in
3648 3240 3772 3294 Nolis

538 3337 658 3392 suis
685 3335 752 3389 ad
789 3337 1165 3390 Cantacuzeni
1199 3336 1518 3403 Historiam,
1544 3339 1642 3394 lib.
1676 3347 1737 3407 ιι,
1776 3355 1898 3410 cap.
1935 3339 2026 3394 40.
2058 3343 2127 3396 At
2153 3341 2376 3398 tandem
2408 3353 2607 3413 agente
2627 3341 2841 3398 Joanne
2875 3343 3268 3399 Cantacuzeno
3297 3344 3642 3415 imperatore,
3673 3339 3774 3391 Bar-

538 3434 754 3488 laamns
813 3447 868 3489 et
907 3433 1231 3508 Acindynus
1282 3444 1410 3506 post
1448 3446 1685 3492 mortem
1717 3453 1874 3493 suam
1917 3439 2166 3494 damnati
2218 3449 2369 3496 sunt.
2426 3442 2849 3498 Cantacuzenus
2907 3444 2962 3497 in
2999 3443 3244 3498 Historia
3289 3444 3387 3499 lib.
3447 3458 3518 3507 tv,
3563 3456 3669 3509 cap.
3704 3434 3773 3489 35;

537 3526 843 3581 Damnatus
879 3528 1066 3596 itaque
1101 3542 1186 3586 est
1223 3529 1528 3602 Gregorius
1573 3534 1893 3605 Acindynus
1926 3535 1978 3588 in
2017 3537 2254 3590 concilio
2281 3535 2708 3604 Palamitarum,
2737 3539 2884 3608 quod
2936 3534 3106 3593 refert
3165 3538 3436 3595 Henricus
3500 3535 3776 3608 Spondanut

538 3622 592 3675 in
626 3620 928 3677 Annalibus
969 3623 1349 3678 ecclesiauicis
1378 3665 1393 3688 ,
1445 3625 1512 3678 ad
1549 3641 1756 3680 annum
1790 3620 1953 3692 1550,
1990 3643 2152 3682 num.
2181 3629 2273 3683 50.
2312 3629 2417 3684 Sed
2443 3632 2721 3685 immerito
2757 3644 2822 3684 ac
2853 3637 2979 3700 post
3039 3639 3268 3684 mortem
3299 3631 3623 3690 'damuatus,
3677 3625 3774 3676 dum

537 3731 646 3769 non
683 3723 848 3780 esset,
876 3719 969 3786 qui
996 3718 1244 3787 amplius
1277 3717 1622 3788 loqueretur,
1657 3729 1852 3790 agente
1879 3721 2000 3788 ejus
2033 3721 2355 3778 adversario
2405 3725 2745 3792 imperatore
2778 3721 2863 3778 vel
2897 3732 3133 3794 tyranno
3166 3725 3353 3792 potius
3385 3721 3590 3777 Joanne
3616 3718 3776 3774 Canta-

538 3825 768 3874 cuzeno,
807 3810 970 3881 hujus
1004 3813 1225 3866 concilii
1257 3813 1438 3882 capite
1468 3829 1532 3867 ac
1575 3817 1868 3884 magistro.
1924 3807 2061 3882 Quae
2095 3827 2307 3872 tantum
2343 3817 2503 3873 abest
2542 3818 2698 3888 juxta
2750 3815 3080 3885 Pontanum,
3122 3827 3182 3871 ut
3238 3815 3490 3890 Gregorii
3551 3806 3772 3880 Arindyui

535 3904 819 3958 memoria:
844 3916 1103 3971 noceant,
1140 3907 1270 3977 quin
1295 3907 1398 3976 ipsi
1429 3922 1458 3960 e
1495 3917 1690 3962 contra
1724 3925 1925 3980 magno
1957 3910 2306 3967 orthodoxiae
2338 3920 2393 3967 et
2422 3911 2714 3982 probitatis
2739 3917 3064 3982 argumento
3092 3911 3224 3966 sint.
3258 3910 3585 3980 Opuscnlum
3611 3907 3776 3971 Grcg":

536 4000 604 4051 rii
636 3995 908 4070 Acindyni
934 3999 1009 4054 De
1041 4003 1272 4055 essentia
1289 4013 1340 4056 et
1368 4003 1677 4070 operatione
1708 4002 1850 4069 Dei;
1876 4003 2123 4074 ejusdem
2152 4004 2400 4075 Gregorii
2429 4005 2699 4076 Acindyui
2733 4003 3014 4075 Epistoltc,
3051 4007 3105 4059 et
3151 4003 3278 4070 alia,
3311 4003 3499 4059 Graece
3528 4003 3578 4056 in
3632 3999 3775 4053 codiw

540 4091 645 4146 124
675 4103 894 4148 exslant
917 4095 1263 4150 screnissimi
1293 4095 1543 4152 Bavarize
1574 4096 1758 4152 ducis.
1798 4096 1939 4152 Item
1976 4098 2030 4152 in
2054 4096 2224 4167 Regia
2261 4087 2452 4154 Gallia:
2483 4098 2826 4155 Bibliotheca
2860 4098 3062 4155 Codice
3084 4100 3245 4167 1579,
3270 4097 3628 4169 Refutaiianes
3655 4093 3777 4148 Acin-

536 4187 665 4254 dyni
695 4203 790 4253 pro
822 4185 1078 4255 Palama,
1113 4198 1175 4244 ut
1204 4188 1369 4244 habet
1406 4189 1696 4263 Philippds
1723 4190 1992 4247 Labbeus
2023 4192 2075 4248 in
2106 4184 2262 4246 Nora
2303 4192 2637 4248 Bibliotheca
2673 4209 2802 4251 mss.
2827 4193 3090 4248 librorum
3117 4191 3469 4249 Bibliotheca:
3499 4189 3659 4261 Regia:
3679 4198 3776 4258 par‘

539 4292 589 4332 te
619 4293 678 4342 ll,
708 4295 829 4351 pag.
870 4281 962 4346 86,
997 4282 1187 4337 codice
1224 4284 1386 4339 l'579.
1422 4285 1883 4357 Exstatejusdem
1919 4285 2163 4358 Gregorii
2207 4287 2478 4359 Acindyni
2505 4286 2735 4344 Carmen
2777 4289 3066 4358 iambirum
3091 4289 3154 4345 de
3217 4288 3504 4342 Iiwresibus
3566 4284 3775 4340 Palannri

537 4386 688 4432 tonio
735 4379 758 4430 1
800 4376 1023 4432 Crescite
1049 4377 1375 4434 Ortliodoxa:
1418 4381 1619 4437 Leonis
1657 4383 1842 4437 Allatii
1879 4398 2005 4454 pag.
2036 4376 2135 4439 756

2205 4384 2309 4439 sub
2338 4379 2445 4439 hoc
2470 4385 2637 4441 titulo
2671 4377 3018 4456 εΓρηγορίου
3058 4389 3152 4440 τοῦ
3196 4386 3529 4451 Ἀκινδύνου,
3589 4392 3683 4437 etc.
3717 4379 3775 4430 Iu-

552 4475 690 4541 cipit
719 4485 901 4528 autem
933 4476 1149 4546 Σπουδῇ
1187 4477 1454 4548 Παλαμᾶν
1514 4479 1748 4550 εὐσεϐὴς
1781 4482 1890 4544 πᾶς
1927 4480 2150 4550 φευγέτι

2177 4500 2207 4547 ι,
2232 4481 2388 4535 οὐδὲν
2420 4482 2528 4552 γὰρ
2557 4483 2678 4535 ἐκεῖ
2703 4492 2810 4537 etc.
2873 4485 3060 4551 Agunt
3114 4481 3180 4537 de
3240 4480 3501 4551 Gregorio
3541 4475 3775 4544 Acindynd

535 4567 878 4638 Nicephows
909 4570 1184 4641 Gregoras
1216 4572 1475 4630 Historia
1506 4576 1601 4630 lib.
1630 4593 1692 4642 ιι,
1722 4591 1845 4646 cap.
1886 4579 2215 4645 peuultimo.
2243 4577 2448 4634 Joann.
2475 4578 2901 4635 Cantacuzeuus
2925 4579 3046 4650 ejus
3066 4577 3264 4646 hostis,
3304 4579 3559 4633 Historia:
3589 4575 3706 4630 libro
3731 4582 3775 4629 II,-

538 4678 699 4732 capp.
736 4662 806 4718 59
845 4662 1008 4725 ct40,
1035 4675 1086 4716 et
1121 4663 1358 4731 libron',
1391 4667 1629 4736 cap.‘25.
1661 4669 1901 4724 Jacohus
1942 4668 2229 4731 Pontanus
2265 4673 2413 4728 uotis
2446 4672 2564 4728 suis
2591 4674 2645 4727 in
2667 4673 3044 4728 Cantacuzeni
3099 4658 3423 4739 Historiam,
3470 4673 3586 4728 libri
3621 4683 3653 4722 ll
3682 4681 3770 4731 cap-

539 4754 631 4818 40,
670 4754 757 4807 ubi
793 4753 1044 4822 pluribus
1076 4755 1143 4808 de
1181 4755 1272 4809 illo
1306 4769 1470 4828 atque
1502 4774 1627 4812 cum
1664 4760 1922 4815 laudibus
1959 4779 2067 4816 non
2099 4765 2295 4834 paucis
2323 4785 2338 4833 ;
2375 4765 2646 4822 Henricus
2678 4765 3007 4837 Spondanus
3041 4768 3094 4823 in
3119 4767 3409 4822 Annalibus
3437 4758 3773 4821 Ecclesiasticis

539 4849 606 4901 ad
642 4863 846 4902 annum
888 4844 1044 4913 1557,
1075 4864 1227 4902 num.
1266 4849 1354 4914 11,
1393 4862 1444 4905 et
1476 4852 1542 4906 ad
1577 4866 1780 4906 annum
1809 4853 1972 4921 1550,
1999 4871 2152 4916 num.
2187 4855 2279 4913 20.
