4046 6428
293 401 437 476 1189
864 476 869 480 ,
1291 411 1398 476 DE
1432 407 1812 475 ESSENTIA
1858 409 1983 469 ET'
2015 405 2534 471 OPERATIONE.
3403 401 3541 473 H90

327 547 3181 587 mw”
3175 557 3536 588 τ--ζῌ

923 733 1852 890 GREGORII
1968 706 2907 886 ACINDYNI

1709 1052 1930 1114 LIBRI
1975 1053 2128 1113 DUO

773 1279 918 1367 DE
1027 1263 1603 1369 ESSENTIA
1741 1271 1890 1364 ET
2009 1273 2795 1368 OPERATIONE
2851 1277 3049 1364 DEI

614 1505 785 1566 Olim
818 1505 1131 1567 adversus
1178 1500 1498 1562 inscitiam
1553 1499 1986 1578 quorumdam
2051 1501 2418 1563 Graecorum
2473 1500 2846 1579 conscripti,
2893 1501 3016 1579 jam
3078 1520 3229 1565 vero

1203 1636 1420 1689 contra
1456 1625 1890 1688 Calvinianam
1930 1627 2316 1706 imperitiam
2347 1629 2633 1702 Conradi

697 1757 925 1820 Vorstii
963 1755 1022 1818 et
1051 1756 1538 1818 Vorstianorum
1586 1757 1798 1818 Greece
1850 1755 2186 1834 publicati.
2235 1757 2495 1817 Editore
2525 1755 2760 1818 Jecobo
2805 1758 3145 1818 GnersEno
3231 1749 3234 1752 ’

1485 1885 1817 1948 Societatis
1851 1887 2007 1948 Jesu
2038 1884 2360 1964 theologo.

1265 2256 1571 2319 JACOBI
1623 2257 2047 2318 GRETSERI
2093 2254 2568 2317 PREFATIO.

369 2407 492 2478 Quo
518 2415 764 2478 tempore
789 2405 1030 2461 Joannes
1052 2404 1468 2460 Cantacuzenus
1497 2404 2164 2472 Constantinopolitanum
2201 2404 2486 2473 imperium
2517 2403 2757 2466 tenebat,
2787 2403 3126 2472 gravissima:
3158 2405 3551 2460 controversite

296 2508 626 2562 exstiterunt
658 2504 724 2559 de
747 2503 986 2560 essentia
1018 2513 1071 2556 et
1101 2502 1422 2572 operatione
1475 2502 1590 2566 Dei,
1625 2499 1953 2570 quibusdam
1996 2499 2420 2566 aﬂirmantibus,
2448 2500 2745 2554 essentiam
2799 2509 2854 2553 et
2879 2500 3250 2568 operationem
3305 2501 3550 2569 aliasque

297 2599 660 2667 proprietates
695 2597 784 2650 Dei
824 2596 895 2650 ita
931 2594 1217 2662 distingui,
1261 2594 1724 2662 quemadmodum
1759 2593 2119 2661 distinguitur
2154 2593 2242 2645 lux
2273 2594 2404 2648 solis
2438 2610 2466 2646 a
2522 2593 2826 2647 substantia
2860 2593 3014 2654 solis,
3057 2591 3361 2660 interquos
3393 2592 3552 2646 facile

300 2696 508 2765 primas
542 2693 799 2748 tenebant
827 2691 1142 2746 Philotheus
1173 2692 1406 2758 primum
1438 2690 1640 2744 montis
1668 2691 1810 2743 Atho
1838 2691 2162 2751 monachus,
2196 2699 2384 2758 postea
2426 2691 2722 2760 episcenos
2777 2688 3176 2752 Heracleensis,
3220 2698 3273 2742 et
3334 2690 3551 2741 tandem

299 2787 614 2858 patriarcha
645 2785 1311 2851 Constantinopolitanus.
1338 2796 1392 2838 et
1417 2783 1720 2852 Gregorius
1753 2781 2005 2838 Pal-amas
2041 2784 2490 2852 archiepisc0pus
2526 2781 3066 2841 Thessalonicensis.
3102 2783 3197 2850 q-ti
3253 2795 3378 2834 cum
3408 2780 3546 2832 alios

303 2883 528 2946 multos,
564 2891 676 2936 tum
705 2882 882 2949 ipsum
911 2895 1132 2949 quoque
1156 2879 1604 2935 Cantacuzenum
1641 2894 1795 2934 suam
1849 2879 1902 2933 in
1947 2879 2264 2946 opinionem
2336 2881 2716 2933 traduxerunt.
2749 2877 2889 2933 Hinc
2933 2878 3037 2932 illm
3077 2878 3284 2939 laudes,
3355 2875 3552 2944 quibus

299 2972 716 3030 Cantacuzenus
751 2975 805 3028 in
835 2974 1075 3027 Historia
1102 2988 1197 3027 sua
1229 2973 1572 3027 Philotheutn
1608 2981 1664 3026 et
1696 2973 1973 3026 Palamam
2008 2973 2225 3026 extollit
2254 2983 2306 3027 et
2341 2982 2600 3042 tanquam
2635 2973 2976 3026 orthodoxim
3020 2972 3266 3025 sinceros
3296 2979 3349 3022 et
3409 2968 3552 3022 imi-

301 3077 421 3121 ctos
451 3076 885 3137 propugnatores
914 3067 1188 3128 decantat,
1225 3064 1517 3118 Barlaamo
1550 3077 1606 3119 et
1640 3065 1902 3136 Gregorio
1939 3067 2226 3137 Acindyno
2256 3066 2321 3119 ad
2379 3067 2545 3119 immo
2577 3065 2951 3134 usque'solum
3004 3064 3302 3133 depressis,
3350 3071 3403 3115 et
3451 3076 3553 3115 ccu

302 3160 597 3226 haereticis,
624 3159 969 3229 quadruplici
1008 3159 1267 3229 syncdrio
1296 3158 1590 3225 damnatis,
1622 3174 1730 3212 una
1759 3159 2172 3214 cum‘omnibus
2218 3160 2607 3222 sectatoribus,
2634 3175 2701 3212 ex
2742 3173 2979 3228 quorum
3039 3171 3268 3210 numero
3332 3155 3551 3209 tandem

301 3253 412 3309 fuit
450 3256 616 3308 etiam
648 3252 990 3322 Nicephorus
1020 3252 1316 3321 Gregoras,
1350 3251 1404 3306 in
1434 3267 1596 3322 quem
1625 3251 2052 3308 Cantaeuzenus
2091 3268 2198 3308 non
2233 3254 2400 3308 semel
2421 3253 2623 3308 acriter
2652 3251 2908 3321 insurgit,
2944 3259 3000 3304 et
3029 3251 3215 3304 acrius
3245 3247 3555 3319 patriarcha

299 3351 640 3406 Philotlteus.

374 3445 574 3498 Veru-m
598 3443 665 3497 de
699 3450 808 3495 tota
836 3441 940 3496 ista
975 3441 1344 3495 controversia
1371 3443 1415 3496 si
1442 3442 1564 3512 quis
1618 3442 1767 3512 plura
1802 3441 2097 3508 desiderat,
2140 3443 2186 3497 is
2223 3441 2390 3496 adeat
2429 3441 2519 3504 ea,
2561 3457 2682 3510 qua:
2707 3457 2772 3497 ex
2801 3441 3022 3495 ineditis
3051 3441 3160 3493 fere
3197 3438 3559 3507 scriptoribus

305 3537 617 3590 notavimus
647 3534 714 3588 ad
745 3543 906 3601 caput
940 3535 1192 3588 ultimum
1231 3535 1356 3588 libri
1391 3535 1616 3589 secundi
1660 3535 1914 3590 Historiae
1944 3534 2392 3596 Cantacusenicte
2415 3535 2492 3603 (a)
2549 3533 2651 3589 Ubi
2679 3535 2844 3588 etiam
2880 3534 2948 3588 de
3001 3534 3208 3586 lumine
3246 3531 3555 3594 Thahorio,

301 3628 448 3696 quod
483 3626 805 3680 Philotheus
834 3635 887 3680 et
906 3625 1151 3679 Palatnas
1188 3627 1498 3680 increatum
1533 3627 1871 3692 statuebant,
1907 3628 2298 3692 disseruimus,
2329 3627 2617 3681 Barlaamo
2645 3635 2699 3680 et
2721 3627 3009 3696 Acindyno
3039 3633 3230 3679 contra
3258 3625 3561 3678 nitentibus

301 3735 354 3780 et
397 3718 614 3777 veritati
653 3721 864 3776 fortiter
895 3723 1387 3791 patrocinantibus.
2895 3730 2899 3736 ‘

376 3815 494 3869 Non
527 3815 716 3869 dubito
748 3825 950 3880 autem,
985 3818 1127 3868 hunc
1154 3815 1499 3869 Barlaamum
1531 3831 1650 3871 esse
1680 3817 1831 3870 illum
1867 3817 2071 3886 ipsum,
2104 3816 2264 3886 cujus
2314 3816 2576 3886 epistolas
2606 3817 2671 3871 ad
2706 3816 2926 3871 Grau-os
2963 3828 3110 3870 tomo
3146 3815 3339 3886 quinto
3406 3817 3562 3869 Anti-

303 3925 423 3978 qua:
455 3908 692 3961 lectionis
724 3907 997 3976 evolgavit
1030 3907 1091 3961 Ι).
1121 3907 1390 3962 Henricus
1420 3907 1701 3974 Canisius,
1732 3909 1796 3964 V.
1827 3910 1893 3965 Ω.
1919 3911 1992 3964 Ex
2025 3912 2236 3964 Graecia
2273 3911 2419 3964 enim
2451 3910 2507 3964 in
2529 3911 2739 3965 Italiam
2766 3909 2928 3965 rediit
2990 3919 3046 3964 et
3081 3909 3326 3965 Hieracis
3350 3907 3563 3978 episco-

305 4015 407 4069 pus
436 4001 766 4055 constitutus
804 4009 908 4066 est,
938 4010 994 4054 ut
1021 4008 1253 4054 testatur
1281 4001 1509 4069 ipsemet
1539 4001 1961 4057 Cantacuzeuus
2012 4003 2107 4056 lib.
2143 4019 2206 4068 ιι,
2237 4003 2419 4072 capite
2451 4005 2703 4060 ultimo“

377 4092 646 4148 Caeterum
681 4093 976 4148 tolerabilia
1011 4093 1182 4147 videri
1209 4105 1436 4162 possunt
1467 4110 1589 4163 qua:
1623 4095 1798 4149 (Ξῖ-αιρί
1835 4096 2114 4164 quondam
2175 4098 2519 4150 somniaruut
2552 4105 2606 4150 et
2637 4070 2964 4162 deliT'arunt,
3012 4113 3124 4166 pra:
3164 4097 3349 4167 impiis
3382 4106 3434 4150 et
3460 4107 3565 4149 ter-

305 4203 414 4257 que
445 4198 750 4258 quaterque
787 4189 1140 4244 exseeraudis
1175 4189 1574 4245 assertionibus
1615 4206 1750 4257 quas
1775 4192 1829 4244 in
1864 4192 2006 4246 libro
2042 4205 2144 4246 suo
2183 4192 2254 4245 De
2307 4193 2582 4245 attributis
2613 4192 2708 4246 Dei
2743 4208 2804 4246 ex
2844 4193 3236 4262 impurissimis
3286 4192 3402 4256 suis
3436 4191 3564 4244 fau-

306 4286 464 4340 cibds
501 4286 790 4340 Conradus
811 4286 1061 4342 Vorstius
1089 4285 1390 4341 Calvinista
1418 4287 1663 4341 evomuit
1693 4303 1708 4352 ;
1741 4289 1834 4356 qui
1869 4287 2130 4357 perfricta
2164 4287 2341 4343 fronte
2369 4299 2425 4342 et
2457 4298 2640 4343 mente
2662 4299 2843 4358 negat,
2878 4290 3044 4342 Deum
3071 4302 3194 4342 esse
3218 4289 3563 4351 immensum,

314 4379 607 4445 inﬁnitum,
636 4379 1023 4444 incorporeum,
1057 4389 1106 4432 et
1133 4380 1198 4432 ab
1221 4381 1366 4432 omni
1391 4382 1766 4448 compositione
1790 4384 2268 4450 atqumrtutatione
2288 4382 2536 4434 liberum.
2591 4382 2692 4448 Qui
2733 4397 2886 4448 aeque
2920 4381 3184 4448 sacrilege
3214 4380 3363 4432 addit
3397 4397 3410 4432 :
3451 4379 3556 4432 De-

305 4485 450 4528 creta
475 4475 570 4528 Dei
598 4491 705 4529 esse
742 4491 863 4529 vera
898 4476 1218 4541 accidentia,
1257 4477 1508 4530 distincta
1536 4493 1568 4529 a
1600 4475 2076 4543 ;,Deisubstantia;
2128 4479 2473 4532 (eternilatcm
2511 4478 2722 4533 Deinon
2760 4495 2873 4533 esse
2899 4479 3269 4532 indivisibilem
3304 4491 3367 4529 ac
3401 4485 3566 4528 totam

310 4572 492 4636 simul,
519 4572 610 4625 sed
643 4574 1017 4625 successivam.
1059 4570 1224 4625 Deum
1258 4587 1361 4625 non
1389 4588 1502 4626 esse
1545 4581 1713 4625 tatum
1741 4574 1796 4626 in
1827 4575 2060 4644 qualibet
2088 4591 2162 4640 re,
2196 4575 2248 4627 in
2275 4591 2379 4645 qua
2401 4585 2500 4636 est,
2527 4587 2576 4629 et
2605 4575 2656 4629 id
2684 4590 2856 4646 genus
2891 4575 2993 4628 alia
3025 4589 3134 4630 non
3167 4584 3375 4627 tantum
3407 4574 3566 4626 theo-

313 4665 498 4733 logize,
535 4664 628 4719 scd
659 4672 714 4718 et
741 4664 1103 4734 philosophiae
1143 4664 1353 4732 ipsique
1386 4664 1522 4718 adeo
1549 4665 1787 4718 naturali
1819 4668 2018 4721 rationi
2048 4669 2264 4737 penitus
2297 4669 2666 4724 adversantia.

384 4759 453 4810 At
484 4772 712 4812 nemone
749 4772 815 4810 ex
841 4757 1062 4811 Lutheri
1087 4769 1140 4812 et
1165 4757 1377 4813 Calvini
1411 4759 1608 4814 castris
1645 4771 1897 4829 repertus
1920 4771 2001 4816 est
2030 4763 2122 4832 qui
2151 4778 2209 4817 se
2238 4765 2363 4817 huic
2387 4765 2683 4817 teterrimae
2741 4763 3007 4832 impietati
3056 4761 3402 4832 opponeret?
3454 4759 3568 4812 lino

310 4870 420 4907 non
461 4869 624 4910 unus.
658 4852 792 4908 Nam
823 4869 887 4908 ex
920 4852 1095 4908 Frisia
1130 4854 1488 4924 prosilierunt
1513 4853 1817 4910 Sibrandus
1849 4855 2152 4922 Lubertus,
2185 4857 2430 4915 Joannes
2458 4859 2875 4930 Bogcrmannus
2895 4869 2949 4914 et
3007 4858 3287 4913 communi
3348 4858 3568 4909 nomine

307 4949 549 5000 ministri
571 4946 1028 5012 Leovardienses,
1062 4958 1114 5000 et
1142 4948 1230 5000 alii
1259 4948 1501 5013 aliunde,
1544 4957 1604 5000 ut
1639 4949 1936 5017 AcrOnius,
1970 4949 2265 5018 Fraxinus,
2299 4953 2561 5021 Bogacrt,
2589 4952 2866 5016 Plancius,
2903 4949 3098 5004 Bccius
3133 4960 3187 5002 et
3227 4947 3441 5008 Festus,
3471 4946 3566 5014 qui

308 5043 362 5094 in
409 5039 681 5094 Vorstium
706 5041 930 5110 ejusque
953 5039 1254 5109 discipulos
1283 5056 1388 5094 non
1432 5042 1697 5095 minorem
1728 5040 1988 5112 impetum
2016 5045 2289 5099 dederunt
2351 5061 2514 5116 quam
2566 5045 2810 5115 Lapithas
2835 5047 2890 5099 in
2947 5045 3287 5105 Centauros;
3350 5037 3568 5093 tametsi

307 5151 486 5203 neque
515 5134 800 5198 Centauri,
829 5137 932 5190 hoc
960 5146 1044 5190 est
1068 5135 1366 5202 Vorstiani,
1393 5153 1451 5192 se
1474 5137 1865 5192 deseruerunt.
1887 5137 2024 5194 Nam
2073 5150 2270 5209 prater
2300 5143 2478 5210 ipsutn
2531 5139 2854 5209 signiferum
2893 5140 3168 5195 Vorstium
3228 5153 3377 5190 arma
3427 5150 3565 5202 quo-

306 5245 418 5297 que
458 5228 691 5296 sumpsit
719 5238 771 5282 et
795 5228 969 5282 induit
1001 5228 1156 5298 Hugo
1194 5229 1418 5283 Grotius
1461 5228 1766 5285 llollandici
1804 5232 1920 5286 ﬁsci
1977 5233 2298 5297 advocatus,
2329 5233 2584 5301 evulgato
2631 5233 2774 5288 libro
2796 5233 2881 5288 cui
2907 5235 3127 5288 titulum
3178 5233 3374 5285 indidit
3413 5247 3425 5282 :
3462 5228 3569 5282 Or-

305 5321 496 5374 dinum
518 5318 823 5374 Hollandia:
856 5337 917 5373 ac
940 5320 1259 5390 Westfrisia:
1288 5318 1488 5376 Pietas.
1524 5319 1629 5375 Sed
1665 5321 1808 5378 hanc
1851 5321 2110 5378 Pietatem
2145 5325 2307 5395 paulo
2341 5335 2464 5395 post
2492 5326 2809 5394 admodum,
2841 5326 2922 5381 \‘cl
2947 5327 3127 5394 potius
3159 5340 3322 5394 supra
3349 5326 3566 5376 modum

309 5417 398 5486 pie
424 5427 758 5484 exceperunt
787 5416 1092 5472 Sibrandus
1131 5426 1184 5472 et
1215 5417 1651 5486 Bogermannus,
1686 5428 1744 5472 ut
1770 5419 2000 5476 forsitan
2037 5421 2287 5488 Grotiutn
2314 5438 2426 5476 sua:
2451 5423 2676 5493 pietatis
2699 5424 2811 5494 jam
2839 5424 3124 5492 pteniteat,
3152 5433 3411 5490 optetque
3437 5436 3574 5473 tem-

311 5524 433 5576 pus,
467 5511 611 5578 quod
644 5511 772 5565 huic
798 5509 990 5565 Pietati
1026 5511 1316 5581 impendit,
1355 5509 1408 5565 in
1443 5511 1634 5566 aerarii
1659 5513 1971 5572 rationibus
2012 5517 2393 5584 conficiendis,
2441 5529 2537 5571 aut
2591 5517 2646 5572 in
2675 5528 2834 5588 poeta
2894 5517 3153 5586 quopiam
3209 5517 3574 5570 emaculach

309 5615 695 5672 consumptuut
731 5618 872 5660 esse.

374 5794 445 5855 (a)
492 5793 544 5843 In
577 5797 707 5840 tomo
731 5794 897 5839 nostro
916 5786 1078 5848 CLIH,
1098 5788 1194 5838 col.
1215 5788 1308 5839 679
1331 5789 1472 5840 Enn.
