  <div class='ocr_page' id='page_1' title='image "/cluster/home/n/w/nwhite01/storage/ocr_20150623/151:no.2/coo.31924054870567/606.png"; bbox 0 0 4046 6428; ppageno 0'>
   <div class='ocr_carea' id='block_1_1' title="bbox 309 333 3544 446">
    <p class='ocr_par' dir='ltr' id='par_1_1' title="bbox 309 333 3544 446">
     <span class='ocr_line' id='line_1_1' title="bbox 309 333 3544 446; baseline -0.002 -3"><span class='ocrx_word' id='word_1_1' title='bbox 309 376 449 446; x_wconf 75' lang='lat'><strong>1193</strong></span> <span class='ocrx_word' id='word_1_2' title='bbox 503 333 512 344; x_wconf 19' lang='grc' dir='ltr'><strong>ξ</strong></span> <span class='ocrx_word' id='word_1_3' title='bbox 1228 381 1328 441; x_wconf 90' lang='lat' dir='ltr'><strong>DE</strong></span> <span class='ocrx_word' id='word_1_4' title='bbox 1365 380 1739 442; x_wconf 84' lang='lat' dir='ltr'><strong>ESSENTIA</strong></span> <span class='ocrx_word' id='word_1_5' title='bbox 1776 382 1870 441; x_wconf 85' lang='lat' dir='ltr'>ET</span> <span class='ocrx_word' id='word_1_6' title='bbox 1916 377 2405 438; x_wconf 82' lang='lat' dir='ltr'><strong>OPERATIONE</strong></span> <span class='ocrx_word' id='word_1_7' title='bbox 2444 373 2610 437; x_wconf 75' lang='lat' dir='ltr'><strong>DEI.</strong></span> <span class='ocrx_word' id='word_1_8' title='bbox 3332 374 3338 378; x_wconf 75' lang='grc'><em>’</em></span> <span class='ocrx_word' id='word_1_9' title='bbox 3404 371 3544 437; x_wconf 67' lang='grc'><strong>1194</strong></span> 
     </span>
    </p>
   </div>
   <div class='ocr_carea' id='block_1_2' title="bbox 306 495 1922 568">
    <p class='ocr_par' dir='ltr' id='par_1_2' title="bbox 306 497 1922 568">
     <span class='ocr_line' id='line_1_2' title="bbox 306 497 1922 568; baseline -0.002 -16"><span class='ocrx_word' id='word_1_10' title='bbox 306 516 464 568; x_wconf 81' lang='grc' dir='ltr'>ματι,</span> <span class='ocrx_word' id='word_1_11' title='bbox 515 497 852 568; x_wconf 76' lang='grc' dir='ltr'><strong>ἀρχομένους</strong></span> <span class='ocrx_word' id='word_1_12' title='bbox 903 498 1025 552; x_wconf 78' lang='grc' dir='ltr'>ὅθεν</span> <span class='ocrx_word' id='word_1_13' title='bbox 1079 498 1178 565; x_wconf 86' lang='grc' dir='ltr'>δεῖ,</span> <span class='ocrx_word' id='word_1_14' title='bbox 1215 501 1311 552; x_wconf 66' lang='grc' dir='ltr'><strong>καὶ</strong></span> <span class='ocrx_word' id='word_1_15' title='bbox 1364 503 1441 562; x_wconf 79' lang='grc' dir='ltr'><strong>εἰς</strong></span> <span class='ocrx_word' id='word_1_16' title='bbox 1483 499 1542 551; x_wconf 63' lang='grc' dir='ltr'>τι</span> <span class='ocrx_word' id='word_1_17' title='bbox 1593 499 1922 568; x_wconf 65' lang='grc' dir='ltr'>προσῆκον)</span> 
     </span>
    </p>
   </div>
   <div class='ocr_carea' id='block_1_3' title="bbox 1974 495 3546 568">
    <p class='ocr_par' dir='ltr' id='par_1_3' title="bbox 1977 495 3546 566">
     <span class='ocr_line' id='line_1_3' title="bbox 1977 495 3546 566; baseline -0.001 -18"><span class='ocrx_word' id='word_1_18' title='bbox 1977 511 2123 560; x_wconf 90' lang='lat' dir='ltr'><strong>nem,</strong></span> <span class='ocrx_word' id='word_1_19' title='bbox 2151 504 2315 566; x_wconf 84' lang='lat' dir='ltr'><strong>atque</strong></span> <span class='ocrx_word' id='word_1_20' title='bbox 2352 503 2412 552; x_wconf 78' lang='lat' dir='ltr'><strong>ut</strong></span> <span class='ocrx_word' id='word_1_21' title='bbox 2448 496 2636 551; x_wconf 81' lang='lat' dir='ltr'><strong>omnia‘</strong></span> <span class='ocrx_word' id='word_1_22' title='bbox 2664 495 2808 550; x_wconf 87' lang='lat' dir='ltr'><strong>clare</strong></span> <span class='ocrx_word' id='word_1_23' title='bbox 2835 505 2888 550; x_wconf 89' lang='lat' dir='ltr'><strong>ct</strong></span> <span class='ocrx_word' id='word_1_24' title='bbox 2909 495 3189 550; x_wconf 84' lang='lat' dir='ltr'><strong>evidenter</strong></span> <span class='ocrx_word' id='word_1_25' title='bbox 3216 501 3455 564; x_wconf 78' lang='lat' dir='ltr'><strong>pateant,</strong></span> <span class='ocrx_word' id='word_1_26' title='bbox 3490 503 3546 548; x_wconf 79' lang='lat' dir='ltr'><strong>ct</strong></span> 
     </span>
    </p>
   </div>
   <div class='ocr_carea' id='block_1_4' title="bbox 303 588 1922 660">
    <p class='ocr_par' dir='ltr' id='par_1_4' title="bbox 303 589 1872 660">
     <span class='ocr_line' id='line_1_4' title="bbox 303 589 1872 660; baseline 0.001 -17"><span class='ocrx_word' id='word_1_27' title='bbox 303 589 656 651; x_wconf 81' lang='grc' dir='ltr'><strong>ἀπαντῶντας</strong></span> <span class='ocrx_word' id='word_1_28' title='bbox 685 591 860 660; x_wconf 82' lang='grc' dir='ltr'>πέρας</span> <span class='ocrx_word' id='word_1_29' title='bbox 883 607 894 619; x_wconf 88' lang='grc'>·</span> <span class='ocrx_word' id='word_1_30' title='bbox 927 590 1008 643; x_wconf 83' lang='grc' dir='ltr'>ἔτι</span> <span class='ocrx_word' id='word_1_31' title='bbox 1035 608 1092 642; x_wconf 90' lang='grc' dir='ltr'><strong>τε</strong></span> <span class='ocrx_word' id='word_1_32' title='bbox 1123 592 1256 660; x_wconf 83' lang='grc' dir='ltr'>πρὸς</span> <span class='ocrx_word' id='word_1_33' title='bbox 1286 592 1346 643; x_wconf 88' lang='grc' dir='ltr'><strong>τὸ</strong></span> <span class='ocrx_word' id='word_1_34' title='bbox 1371 593 1540 660; x_wconf 83' lang='grc' dir='ltr'>σαφῆ,</span> <span class='ocrx_word' id='word_1_35' title='bbox 1559 593 1655 643; x_wconf 74' lang='grc' dir='ltr'><strong>καὶ</strong></span> <span class='ocrx_word' id='word_1_36' title='bbox 1684 591 1872 644; x_wconf 82' lang='grc' dir='ltr'>εὐσύν-</span> 
     </span>
    </p>
   </div>
   <div class='ocr_carea' id='block_1_5' title="bbox 1974 588 2952 660">
    <p class='ocr_par' dir='ltr' id='par_1_5' title="bbox 1975 588 2952 643">
     <span class='ocr_line' id='line_1_5' title="bbox 1975 588 2952 643; baseline 0.003 -4"><span class='ocrx_word' id='word_1_37' title='bbox 1975 588 2134 642; x_wconf 75' lang='lat' dir='ltr'><strong>verba</strong></span> <span class='ocrx_word' id='word_1_38' title='bbox 2167 591 2326 643; x_wconf 84' lang='lat' dir='ltr'><strong>rebus</strong></span> <span class='ocrx_word' id='word_1_39' title='bbox 2361 589 2599 643; x_wconf 88' lang='lat' dir='ltr'><strong>deﬁnitis</strong></span> <span class='ocrx_word' id='word_1_40' title='bbox 2633 599 2952 643; x_wconf 77' lang='lat' dir='ltr'><strong>consonent.</strong></span> 
     </span>
    </p>
   </div>
   <div class='ocr_carea' id='block_1_6' title="bbox 297 683 1870 756">
    <p class='ocr_par' dir='ltr' id='par_1_6' title="bbox 297 683 1870 756">
     <span class='ocr_line' id='line_1_6' title="bbox 297 683 1870 756; baseline 0.001 -20"><span class='ocrx_word' id='word_1_41' title='bbox 297 698 445 736; x_wconf 84' lang='grc' dir='ltr'>οπτα</span> <span class='ocrx_word' id='word_1_42' title='bbox 484 683 659 735; x_wconf 82' lang='grc' dir='ltr'>πάντα</span> <span class='ocrx_word' id='word_1_43' title='bbox 717 683 980 749; x_wconf 74' lang='grc' dir='ltr'>τίθεσθαι,</span> <span class='ocrx_word' id='word_1_44' title='bbox 1035 685 1109 747; x_wconf 84' lang='grc' dir='ltr'>ὡς</span> <span class='ocrx_word' id='word_1_45' title='bbox 1160 686 1226 737; x_wconf 86' lang='grc' dir='ltr'>ἂν</span> <span class='ocrx_word' id='word_1_46' title='bbox 1261 685 1397 756; x_wconf 77' lang='grc' dir='ltr'>πρὸς</span> <span class='ocrx_word' id='word_1_47' title='bbox 1438 685 1720 754; x_wconf 83' lang='grc' dir='ltr'>ὡρισμένα</span> <span class='ocrx_word' id='word_1_48' title='bbox 1762 684 1870 737; x_wconf 83' lang='grc' dir='ltr'><strong>τῶν</strong></span> 
     </span>
    </p>
   </div>
   <div class='ocr_carea' id='block_1_7' title="bbox 303 775 832 842">
    <p class='ocr_par' dir='ltr' id='par_1_7' title="bbox 303 775 832 842">
     <span class='ocr_line' id='line_1_7' title="bbox 303 775 832 842; baseline 0.011 -17"><span class='ocrx_word' id='word_1_49' title='bbox 303 775 478 840; x_wconf 86' lang='grc' dir='ltr'>λόγων</span> <span class='ocrx_word' id='word_1_50' title='bbox 509 775 832 842; x_wconf 79' lang='grc' dir='ltr'><strong>γινομένων.</strong></span> 
     </span>
    </p>
   </div>
   <div class='ocr_carea' id='block_1_8' title="bbox 378 863 1922 950">
    <p class='ocr_par' dir='ltr' id='par_1_8' title="bbox 378 863 1872 938">
     <span class='ocr_line' id='line_1_8' title="bbox 378 863 1872 938; baseline 0.001 -22"><span class='ocrx_word' id='word_1_51' title='bbox 378 863 634 922; x_wconf 80' lang='grc' dir='ltr'>Ταῦταδ⁷</span> <span class='ocrx_word' id='word_1_52' title='bbox 659 865 878 926; x_wconf 84' lang='grc' dir='ltr'>ἐκεῖνοι,</span> <span class='ocrx_word' id='word_1_53' title='bbox 919 864 1170 936; x_wconf 84' lang='grc' dir='ltr'>καθάπερ</span> <span class='ocrx_word' id='word_1_54' title='bbox 1197 867 1431 938; x_wconf 71' lang='grc' dir='ltr'>εἴρηται,</span> <span class='ocrx_word' id='word_1_55' title='bbox 1465 866 1539 936; x_wconf 84' lang='grc' dir='ltr'>μὴ</span> <span class='ocrx_word' id='word_1_56' title='bbox 1569 865 1872 929; x_wconf 80' lang='grc' dir='ltr'><strong>συνιδόντες</strong></span> 
     </span>
    </p>
   </div>
   <div class='ocr_carea' id='block_1_9' title="bbox 1974 863 3546 950">
    <p class='ocr_par' dir='ltr' id='par_1_9' title="bbox 2047 881 3546 950">
     <span class='ocr_line' id='line_1_9' title="bbox 2047 881 3546 950; baseline 0.002 -16"><span class='ocrx_word' id='word_1_57' title='bbox 2047 881 2160 936; x_wconf 85' lang='lat' dir='ltr'><strong>Hoc</strong></span> <span class='ocrx_word' id='word_1_58' title='bbox 2186 882 2282 946; x_wconf 85' lang='lat' dir='ltr'><strong>illi,</strong></span> <span class='ocrx_word' id='word_1_59' title='bbox 2318 889 2375 935; x_wconf 91' lang='lat' dir='ltr'><strong>ut</strong></span> <span class='ocrx_word' id='word_1_60' title='bbox 2416 881 2618 936; x_wconf 90' lang='lat' dir='ltr'><strong>dictum</strong></span> <span class='ocrx_word' id='word_1_61' title='bbox 2656 890 2757 947; x_wconf 90' lang='lat' dir='ltr'><strong>est,</strong></span> <span class='ocrx_word' id='word_1_62' title='bbox 2796 897 2903 934; x_wconf 91' lang='lat' dir='ltr'><strong>non</strong></span> <span class='ocrx_word' id='word_1_63' title='bbox 2948 881 3340 950; x_wconf 87' lang='lat' dir='ltr'><strong>concipientes.</strong></span> <span class='ocrx_word' id='word_1_64' title='bbox 3365 890 3419 936; x_wconf 92' lang='lat' dir='ltr'><strong>et</strong></span> <span class='ocrx_word' id='word_1_65' title='bbox 3451 897 3546 937; x_wconf 81' lang='lat' dir='ltr'><strong>va-</strong></span> 
     </span>
    </p>
   </div>
   <div class='ocr_carea' id='block_1_10' title="bbox 309 957 1922 1045">
    <p class='ocr_par' dir='ltr' id='par_1_10' title="bbox 309 957 1872 1030">
     <span class='ocr_line' id='line_1_10' title="bbox 309 957 1872 1030; baseline 0.001 -21"><span class='ocrx_word' id='word_1_66' title='bbox 309 957 443 1029; x_wconf 82' lang='grc' dir='ltr'><strong>μηδέ</strong></span> <span class='ocrx_word' id='word_1_67' title='bbox 490 959 968 1030; x_wconf 82' lang='grc' dir='ltr'>προδιορισάμενοι</span> <span class='ocrx_word' id='word_1_68' title='bbox 1019 959 1081 1014; x_wconf 79' lang='grc' dir='ltr'><strong>τὸ</strong></span> <span class='ocrx_word' id='word_1_69' title='bbox 1127 960 1402 1029; x_wconf 78' lang='grc' dir='ltr'><strong>ποσαχῶς,</strong></span> <span class='ocrx_word' id='word_1_70' title='bbox 1451 959 1576 1013; x_wconf 74' lang='grc' dir='ltr'>οὔτε</span> <span class='ocrx_word' id='word_1_71' title='bbox 1615 960 1725 1013; x_wconf 85' lang='grc' dir='ltr'>ἀπὸ</span> <span class='ocrx_word' id='word_1_72' title='bbox 1770 959 1872 1030; x_wconf 83' lang='grc' dir='ltr'>τῆς</span> 
     </span>
    </p>
   </div>
   <div class='ocr_carea' id='block_1_11' title="bbox 1974 957 3544 1045">
    <p class='ocr_par' dir='ltr' id='par_1_11' title="bbox 1974 974 3544 1045">
     <span class='ocr_line' id='line_1_11' title="bbox 1974 974 3544 1045; baseline -0.001 -15"><span class='ocrx_word' id='word_1_73' title='bbox 1974 976 2086 1032; x_wconf 90' lang='lat' dir='ltr'><strong>rios</strong></span> <span class='ocrx_word' id='word_1_74' title='bbox 2131 991 2236 1031; x_wconf 91' lang='lat' dir='ltr'><strong>non</strong></span> <span class='ocrx_word' id='word_1_75' title='bbox 2275 974 2671 1044; x_wconf 71' lang='lat' dir='ltr'><strong>distinguente;</strong></span> <span class='ocrx_word' id='word_1_76' title='bbox 2711 990 2925 1038; x_wconf 85' lang='lat' dir='ltr'><strong>sensus,</strong></span> <span class='ocrx_word' id='word_1_77' title='bbox 2969 991 3145 1043; x_wconf 82' lang='lat' dir='ltr'><strong>neque</strong></span> <span class='ocrx_word' id='word_1_78' title='bbox 3193 984 3351 1044; x_wconf 81' lang='lat' dir='ltr'><strong>prout</strong></span> <span class='ocrx_word' id='word_1_79' title='bbox 3397 991 3544 1045; x_wconf 42' lang='lat' dir='ltr'><strong>qua»</strong></span> 
     </span>
    </p>
   </div>
   <div class='ocr_carea' id='block_1_12' title="bbox 297 1051 1922 1139">
    <p class='ocr_par' dir='ltr' id='par_1_12' title="bbox 297 1051 1871 1122">
     <span class='ocr_line' id='line_1_12' title="bbox 297 1051 1871 1122; baseline 0 -18"><span class='ocrx_word' id='word_1_80' title='bbox 297 1051 509 1113; x_wconf 70' lang='grc' dir='ltr'>οἰκείας</span> <span class='ocrx_word' id='word_1_81' title='bbox 567 1053 741 1122; x_wconf 76' lang='grc' dir='ltr'>ἀρχῆς</span> <span class='ocrx_word' id='word_1_82' title='bbox 795 1052 870 1122; x_wconf 82' lang='grc' dir='ltr'>τῷ</span> <span class='ocrx_word' id='word_1_83' title='bbox 929 1052 1276 1122; x_wconf 80' lang='grc' dir='ltr'>προϐλήματι</span> <span class='ocrx_word' id='word_1_84' title='bbox 1334 1054 1414 1115; x_wconf 83' lang='grc' dir='ltr'><strong>είς</strong></span> <span class='ocrx_word' id='word_1_85' title='bbox 1467 1053 1594 1116; x_wconf 80' lang='grc' dir='ltr'>τοὺς</span> <span class='ocrx_word' id='word_1_86' title='bbox 1651 1051 1871 1120; x_wconf 85' lang='grc' dir='ltr'>ἀγῶνας</span> 
     </span>
    </p>
   </div>
   <div class='ocr_carea' id='block_1_13' title="bbox 1974 1051 3544 1139">
    <p class='ocr_par' dir='ltr' id='par_1_13' title="bbox 1975 1067 3544 1139">
     <span class='ocr_line' id='line_1_13' title="bbox 1975 1067 3544 1139; baseline -0.001 -16"><span class='ocrx_word' id='word_1_87' title='bbox 1975 1068 2140 1123; x_wconf 90' lang='lat' dir='ltr'><strong>stioni</strong></span> <span class='ocrx_word' id='word_1_88' title='bbox 2167 1067 2417 1137; x_wconf 76' lang='lat' dir='ltr'><strong>congruit</strong></span> <span class='ocrx_word' id='word_1_89' title='bbox 2453 1067 2694 1137; x_wconf 66' lang='lat' dir='ltr'><strong>prmlium</strong></span> <span class='ocrx_word' id='word_1_90' title='bbox 2719 1068 2910 1121; x_wconf 89' lang='lat' dir='ltr'><strong>ineunt</strong></span> <span class='ocrx_word' id='word_1_91' title='bbox 2938 1068 3084 1134; x_wconf 87' lang='lat' dir='ltr'><strong>(nam</strong></span> <span class='ocrx_word' id='word_1_92' title='bbox 3112 1067 3330 1122; x_wconf 84' lang='lat' dir='ltr'><strong>aliunde</strong></span> <span class='ocrx_word' id='word_1_93' title='bbox 3365 1084 3544 1139; x_wconf 81' lang='lat' dir='ltr'><strong>pugna</strong></span> 
     </span>
    </p>
   </div>
   <div class='ocr_carea' id='block_1_14' title="bbox 303 1141 1922 1230">
    <p class='ocr_par' dir='ltr' id='par_1_14' title="bbox 303 1141 1872 1213">
     <span class='ocr_line' id='line_1_14' title="bbox 303 1141 1872 1213; baseline -0.002 -16"><span class='ocrx_word' id='word_1_94' title='bbox 303 1145 527 1210; x_wconf 78' lang='grc' dir='ltr'>ἀφιᾶσιν</span> <span class='ocrx_word' id='word_1_95' title='bbox 560 1145 658 1212; x_wconf 78' lang='grc'><strong>(1),</strong></span> <span class='ocrx_word' id='word_1_96' title='bbox 692 1142 912 1196; x_wconf 73' lang='grc' dir='ltr'>ἂλλοθεν</span> <span class='ocrx_word' id='word_1_97' title='bbox 941 1144 1006 1197; x_wconf 86' lang='grc' dir='ltr'>ἂν</span> <span class='ocrx_word' id='word_1_98' title='bbox 1034 1145 1219 1205; x_wconf 83' lang='grc' dir='ltr'>αὐτοῖς</span> <span class='ocrx_word' id='word_1_99' title='bbox 1242 1145 1497 1213; x_wconf 81' lang='grc' dir='ltr'>παραστῇ</span> <span class='ocrx_word' id='word_1_100' title='bbox 1525 1159 1538 1174; x_wconf 74' lang='grc' dir='ltr'><strong>ο</strong></span> <span class='ocrx_word' id='word_1_101' title='bbox 1568 1141 1692 1196; x_wconf 78' lang='grc' dir='ltr'>οὕτε</span> <span class='ocrx_word' id='word_1_102' title='bbox 1729 1141 1872 1196; x_wconf 85' lang='grc' dir='ltr'>κατὰ</span> 
     </span>
    </p>
   </div>
   <div class='ocr_carea' id='block_1_15' title="bbox 1974 1141 3549 1230">
    <p class='ocr_par' dir='ltr' id='par_1_15' title="bbox 1983 1157 3549 1230">
     <span class='ocr_line' id='line_1_15' title="bbox 1983 1157 3549 1230; baseline -0.001 -15"><span class='ocrx_word' id='word_1_103' title='bbox 1983 1161 2062 1215; x_wconf 88' lang='lat' dir='ltr'><strong>eis</strong></span> <span class='ocrx_word' id='word_1_104' title='bbox 2086 1159 2418 1229; x_wconf 67' lang='lat' dir='ltr'><strong>offerretur),</strong></span> <span class='ocrx_word' id='word_1_105' title='bbox 2446 1176 2622 1230; x_wconf 89' lang='lat' dir='ltr'><strong>neque</strong></span> <span class='ocrx_word' id='word_1_106' title='bbox 2655 1159 2846 1214; x_wconf 88' lang='lat' dir='ltr'><strong>ordine</strong></span> <span class='ocrx_word' id='word_1_107' title='bbox 2879 1157 2958 1213; x_wconf 66' lang='lat' dir='ltr'><strong>ad&#39;</strong></span> <span class='ocrx_word' id='word_1_108' title='bbox 2979 1160 3215 1214; x_wconf 88' lang='lat' dir='ltr'><strong>debitum</strong></span> <span class='ocrx_word' id='word_1_109' title='bbox 3250 1159 3409 1213; x_wconf 89' lang='lat' dir='ltr'><strong>ﬁnem</strong></span> <span class='ocrx_word' id='word_1_110' title='bbox 3435 1175 3549 1214; x_wconf 89' lang='lat' dir='ltr'><strong>ser-</strong></span> 
     </span>
    </p>
   </div>
   <div class='ocr_carea' id='block_1_16' title="bbox 299 1235 1922 1314">
    <p class='ocr_par' dir='ltr' id='par_1_16' title="bbox 299 1235 1870 1304">
     <span class='ocr_line' id='line_1_16' title="bbox 299 1235 1870 1304; baseline -0.001 -16"><span class='ocrx_word' id='word_1_111' title='bbox 299 1236 456 1298; x_wconf 79' lang='grc' dir='ltr'>τάξιν</span> <span class='ocrx_word' id='word_1_112' title='bbox 495 1237 588 1287; x_wconf 72' lang='grc' dir='ltr'>ἐπὶ</span> <span class='ocrx_word' id='word_1_113' title='bbox 613 1237 673 1288; x_wconf 78' lang='grc' dir='ltr'><strong>τὸ</strong></span> <span class='ocrx_word' id='word_1_114' title='bbox 705 1237 1000 1301; x_wconf 77' lang='grc' dir='ltr'>ἀναγκαῖον</span> <span class='ocrx_word' id='word_1_115' title='bbox 1045 1235 1220 1304; x_wconf 80' lang='grc' dir='ltr'>πέρας</span> <span class='ocrx_word' id='word_1_116' title='bbox 1246 1235 1594 1302; x_wconf 84' lang='grc' dir='ltr'>συγκλείουσι</span> <span class='ocrx_word' id='word_1_117' title='bbox 1627 1235 1752 1297; x_wconf 77' lang='grc' dir='ltr'>τοὺς</span> <span class='ocrx_word' id='word_1_118' title='bbox 1778 1235 1870 1287; x_wconf 82' lang='grc' dir='ltr'><strong>λό-</strong></span> 
     </span>
    </p>
   </div>
   <div class='ocr_carea' id='block_1_17' title="bbox 1974 1235 3545 1314">
    <p class='ocr_par' dir='ltr' id='par_1_17' title="bbox 1976 1249 3545 1314">
     <span class='ocr_line' id='line_1_17' title="bbox 1976 1249 3545 1314; baseline 0.001 -12"><span class='ocrx_word' id='word_1_119' title='bbox 1976 1264 2163 1304; x_wconf 91' lang='lat' dir='ltr'><strong>mones</strong></span> <span class='ocrx_word' id='word_1_120' title='bbox 2193 1249 2526 1314; x_wconf 88' lang='lat' dir='ltr'><strong>conducunt;</strong></span> <span class='ocrx_word' id='word_1_121' title='bbox 2564 1249 2656 1304; x_wconf 90' lang='lat' dir='ltr'><strong>sed</strong></span> <span class='ocrx_word' id='word_1_122' title='bbox 2689 1249 2833 1303; x_wconf 87' lang='lat' dir='ltr'><strong>velut</strong></span> <span class='ocrx_word' id='word_1_123' title='bbox 2867 1250 3182 1314; x_wconf 87' lang='lat' dir='ltr'><strong>errabundi,</strong></span> <span class='ocrx_word' id='word_1_124' title='bbox 3211 1250 3301 1303; x_wconf 91' lang='lat' dir='ltr'><strong>ubi</strong></span> <span class='ocrx_word' id='word_1_125' title='bbox 3326 1249 3545 1304; x_wconf 78' lang='lat' dir='ltr'><strong>dicendi</strong></span> 
     </span>
    </p>
   </div>
   <div class='ocr_carea' id='block_1_18' title="bbox 299 1327 1922 1408">
    <p class='ocr_par' dir='ltr' id='par_1_18' title="bbox 299 1327 1869 1400">
     <span class='ocr_line' id='line_1_18' title="bbox 299 1327 1869 1400; baseline 0.004 -24"><span class='ocrx_word' id='word_1_126' title='bbox 299 1344 432 1394; x_wconf 84' lang='grc' dir='ltr'>γους</span> <span class='ocrx_word' id='word_1_127' title='bbox 453 1343 467 1358; x_wconf 85' lang='lat'>&#39;</span> <span class='ocrx_word' id='word_1_128' title='bbox 501 1327 615 1380; x_wconf 77' lang='grc' dir='ltr'>ἀλλ’</span> <span class='ocrx_word' id='word_1_129' title='bbox 665 1327 854 1398; x_wconf 79' lang='grc' dir='ltr'>ὥσπερ</span> <span class='ocrx_word' id='word_1_130' title='bbox 887 1329 945 1381; x_wconf 83' lang='grc' dir='ltr'><strong>ἐν</strong></span> <span class='ocrx_word' id='word_1_131' title='bbox 979 1329 1174 1400; x_wconf 71' lang='grc' dir='ltr'>πλάνῃ,</span> <span class='ocrx_word' id='word_1_132' title='bbox 1229 1328 1358 1382; x_wconf 75' lang='grc' dir='ltr'>ἔνθα</span> <span class='ocrx_word' id='word_1_133' title='bbox 1392 1329 1456 1382; x_wconf 84' lang='grc' dir='ltr'><strong>ἂν</strong></span> <span class='ocrx_word' id='word_1_134' title='bbox 1499 1330 1531 1398; x_wconf 82' lang='grc' dir='ltr'>ἡ</span> <span class='ocrx_word' id='word_1_135' title='bbox 1565 1328 1658 1381; x_wconf 79' lang='grc' dir='ltr'>τοῦ</span> <span class='ocrx_word' id='word_1_136' title='bbox 1691 1329 1869 1397; x_wconf 88' lang='grc' dir='ltr'>λέγειν</span> 
     </span>
    </p>
   </div>
   <div class='ocr_carea' id='block_1_19' title="bbox 1974 1327 3546 1408">
    <p class='ocr_par' dir='ltr' id='par_1_19' title="bbox 1974 1335 3546 1408">
     <span class='ocr_line' id='line_1_19' title="bbox 1974 1335 3546 1408; baseline 0 -14"><span class='ocrx_word' id='word_1_137' title='bbox 1974 1341 2057 1396; x_wconf 92' lang='lat' dir='ltr'><strong>vis</strong></span> <span class='ocrx_word' id='word_1_138' title='bbox 2088 1341 2285 1405; x_wconf 81' lang='lat' dir='ltr'><strong>deficit,</strong></span> <span class='ocrx_word' id='word_1_139' title='bbox 2329 1335 2663 1405; x_wconf 83' lang='lat' dir='ltr'><strong>dilabuntur,</strong></span> <span class='ocrx_word' id='word_1_140' title='bbox 2707 1356 2806 1394; x_wconf 87' lang='lat' dir='ltr'><strong>nec</strong></span> <span class='ocrx_word' id='word_1_141' title='bbox 2834 1355 2893 1396; x_wconf 90' lang='lat' dir='ltr'><strong>se</strong></span> <span class='ocrx_word' id='word_1_142' title='bbox 2928 1341 3182 1405; x_wconf 88' lang='lat' dir='ltr'><strong>invicem,</strong></span> <span class='ocrx_word' id='word_1_143' title='bbox 3233 1341 3361 1404; x_wconf 91' lang='lat' dir='ltr'><strong>imo,</strong></span> <span class='ocrx_word' id='word_1_144' title='bbox 3409 1357 3546 1408; x_wconf 88' lang='lat' dir='ltr'><strong>pene</strong></span> 
     </span>
    </p>
   </div>
   <div class='ocr_carea' id='block_1_20' title="bbox 211 1416 1922 1502">
    <p class='ocr_par' dir='ltr' id='par_1_20' title="bbox 211 1416 1868 1490">
     <span class='ocr_line' id='line_1_20' title="bbox 211 1416 1868 1490; baseline 0.001 -18"><span class='ocrx_word' id='word_1_145' title='bbox 211 1416 216 1420; x_wconf 74' lang='grc'><strong>’</strong></span> <span class='ocrx_word' id='word_1_146' title='bbox 299 1421 533 1488; x_wconf 70' lang='grc' dir='ltr'>δύναμις</span> <span class='ocrx_word' id='word_1_147' title='bbox 564 1419 939 1490; x_wconf 82' lang='grc' dir='ltr'>ἀπαγορεύσῃ.</span> <span class='ocrx_word' id='word_1_148' title='bbox 973 1419 1363 1483; x_wconf 77' lang='grc' dir='ltr'>καταλύσουσι,</span> <span class='ocrx_word' id='word_1_149' title='bbox 1410 1421 1502 1473; x_wconf 76' lang='grc' dir='ltr'><strong>καὶ</strong></span> <span class='ocrx_word' id='word_1_150' title='bbox 1529 1420 1650 1474; x_wconf 83' lang='grc' dir='ltr'><strong>οὐδέ</strong></span> <span class='ocrx_word' id='word_1_151' title='bbox 1681 1421 1868 1474; x_wconf 78' lang='grc' dir='ltr'>συνιᾶ-</span> 
     </span>
    </p>
   </div>
   <div class='ocr_carea' id='block_1_21' title="bbox 1974 1416 3549 1502">
    <p class='ocr_par' dir='ltr' id='par_1_21' title="bbox 1975 1432 3549 1502">
     <span class='ocr_line' id='line_1_21' title="bbox 1975 1432 3549 1502; baseline -0.002 -15"><span class='ocrx_word' id='word_1_152' title='bbox 1975 1432 2226 1498; x_wconf 81' lang='lat' dir='ltr'><strong>dixerim,</strong></span> <span class='ocrx_word' id='word_1_153' title='bbox 2254 1446 2326 1488; x_wconf 81' lang='lat' dir='ltr'><strong>ne</strong></span> <span class='ocrx_word' id='word_1_154' title='bbox 2355 1433 2564 1502; x_wconf 88' lang='lat' dir='ltr'><strong>seipsos</strong></span> <span class='ocrx_word' id='word_1_155' title='bbox 2593 1433 2813 1502; x_wconf 90' lang='lat' dir='ltr'><strong>quidem</strong></span> <span class='ocrx_word' id='word_1_156' title='bbox 2847 1433 3180 1502; x_wconf 82' lang='lat' dir='ltr'><strong>intelligunt,</strong></span> <span class='ocrx_word' id='word_1_157' title='bbox 3206 1434 3332 1502; x_wconf 84' lang='lat' dir='ltr'><strong>quia</strong></span> <span class='ocrx_word' id='word_1_158' title='bbox 3365 1432 3430 1484; x_wconf 89' lang='lat' dir='ltr'><strong>ad</strong></span> <span class='ocrx_word' id='word_1_159' title='bbox 3461 1433 3549 1484; x_wconf 93' lang='lat' dir='ltr'><strong>ni-</strong></span> 
     </span>
    </p>
   </div>
   <div class='ocr_carea' id='block_1_22' title="bbox 303 1511 1922 1590">
    <p class='ocr_par' dir='ltr' id='par_1_22' title="bbox 303 1511 1864 1580">
     <span class='ocr_line' id='line_1_22' title="bbox 303 1511 1864 1580; baseline 0.002 -17"><span class='ocrx_word' id='word_1_160' title='bbox 303 1530 392 1563; x_wconf 88' lang='grc' dir='ltr'><strong>σιν</strong></span> <span class='ocrx_word' id='word_1_161' title='bbox 426 1511 689 1580; x_wconf 78' lang='grc' dir='ltr'>ἀλλήλων,</span> <span class='ocrx_word' id='word_1_162' title='bbox 734 1511 878 1563; x_wconf 85' lang='grc' dir='ltr'>ὀκνῶ</span> <span class='ocrx_word' id='word_1_163' title='bbox 918 1512 1027 1580; x_wconf 81' lang='grc' dir='ltr'>γὰρ</span> <span class='ocrx_word' id='word_1_164' title='bbox 1075 1511 1279 1579; x_wconf 83' lang='grc' dir='ltr'>λέγειν,</span> <span class='ocrx_word' id='word_1_165' title='bbox 1327 1513 1409 1564; x_wconf 84' lang='grc' dir='ltr'>ὅτι</span> <span class='ocrx_word' id='word_1_166' title='bbox 1459 1513 1595 1580; x_wconf 86' lang='grc' dir='ltr'><strong>μηδέ</strong></span> <span class='ocrx_word' id='word_1_167' title='bbox 1633 1513 1864 1580; x_wconf 71' lang='grc' dir='ltr'>ἑαυτῶν,</span> 
     </span>
    </p>
   </div>
   <div class='ocr_carea' id='block_1_23' title="bbox 1974 1511 3549 1590">
    <p class='ocr_par' dir='ltr' id='par_1_23' title="bbox 1975 1525 3549 1590">
     <span class='ocr_line' id='line_1_23' title="bbox 1975 1525 3549 1590; baseline -0.003 -9"><span class='ocrx_word' id='word_1_168' title='bbox 1975 1527 2052 1581; x_wconf 86' lang='lat' dir='ltr'><strong>hil</strong></span> <span class='ocrx_word' id='word_1_169' title='bbox 2103 1526 2334 1580; x_wconf 86' lang='lat' dir='ltr'><strong>solidum</strong></span> <span class='ocrx_word' id='word_1_170' title='bbox 2388 1533 2443 1580; x_wconf 91' lang='lat' dir='ltr'><strong>et</strong></span> <span class='ocrx_word' id='word_1_171' title='bbox 2496 1537 2838 1590; x_wconf 76' lang='lat' dir='ltr'><strong>compactura</strong></span> <span class='ocrx_word' id='word_1_172' title='bbox 2885 1527 3229 1582; x_wconf 87' lang='lat' dir='ltr'><strong>sermonibus</strong></span> <span class='ocrx_word' id='word_1_173' title='bbox 3284 1525 3549 1587; x_wconf 90' lang='lat' dir='ltr'><strong>tendunt,</strong></span> 
     </span>
    </p>
   </div>
   <div class='ocr_carea' id='block_1_24' title="bbox 296 1602 1922 1688">
    <p class='ocr_par' dir='ltr' id='par_1_24' title="bbox 296 1602 1866 1673">
     <span class='ocr_line' id='line_1_24' title="bbox 296 1602 1866 1673; baseline 0.002 -20"><span class='ocrx_word' id='word_1_174' title='bbox 296 1602 389 1653; x_wconf 67' lang='grc' dir='ltr'><strong>διὰ</strong></span> <span class='ocrx_word' id='word_1_175' title='bbox 421 1604 481 1654; x_wconf 75' lang='grc' dir='ltr'><strong>τὸ</strong></span> <span class='ocrx_word' id='word_1_176' title='bbox 515 1603 649 1670; x_wconf 61' lang='grc' dir='ltr'>πρὸς</span> <span class='ocrx_word' id='word_1_177' title='bbox 683 1603 848 1671; x_wconf 85' lang='grc' dir='ltr'>μηδὲν</span> <span class='ocrx_word' id='word_1_178' title='bbox 895 1602 1312 1671; x_wconf 84' lang='grc' dir='ltr'>ὑποτεθειμένον</span> <span class='ocrx_word' id='word_1_179' title='bbox 1344 1604 1439 1654; x_wconf 75' lang='grc' dir='ltr'><strong>καὶ</strong></span> <span class='ocrx_word' id='word_1_180' title='bbox 1475 1605 1866 1673; x_wconf 86' lang='grc' dir='ltr'>συνωμολογη-</span> 
     </span>
    </p>
   </div>
   <div class='ocr_carea' id='block_1_25' title="bbox 1974 1602 3549 1688">
    <p class='ocr_par' dir='ltr' id='par_1_25' title="bbox 1974 1615 3549 1688">
     <span class='ocr_line' id='line_1_25' title="bbox 1974 1615 3549 1688; baseline -0.002 -17"><span class='ocrx_word' id='word_1_181' title='bbox 1974 1617 2206 1685; x_wconf 86' lang='lat' dir='ltr'><strong>ideoque</strong></span> <span class='ocrx_word' id='word_1_182' title='bbox 2236 1615 2597 1687; x_wconf 89' lang='lat' dir='ltr'><strong>incomposite</strong></span> <span class='ocrx_word' id='word_1_183' title='bbox 2649 1625 2704 1670; x_wconf 90' lang='lat' dir='ltr'><strong>et</strong></span> <span class='ocrx_word' id='word_1_184' title='bbox 2751 1620 2804 1670; x_wconf 91' lang='lat' dir='ltr'><strong>in</strong></span> <span class='ocrx_word' id='word_1_185' title='bbox 2847 1617 3076 1688; x_wconf 80' lang='lat' dir='ltr'><strong>caligine</strong></span> <span class='ocrx_word' id='word_1_186' title='bbox 3122 1632 3339 1685; x_wconf 87' lang='lat' dir='ltr'><strong>semper</strong></span> <span class='ocrx_word' id='word_1_187' title='bbox 3385 1615 3549 1671; x_wconf 87' lang='lat' dir='ltr'><strong>dimi-</strong></span> 
     </span>
    </p>
   </div>
   <div class='ocr_carea' id='block_1_26' title="bbox 303 1694 2119 1766">
    <p class='ocr_par' dir='ltr' id='par_1_26' title="bbox 303 1694 2119 1766">
     <span class='ocr_line' id='line_1_26' title="bbox 303 1694 2119 1766; baseline 0.001 -20"><span class='ocrx_word' id='word_1_188' title='bbox 303 1695 467 1762; x_wconf 77' lang='grc' dir='ltr'>μένον</span> <span class='ocrx_word' id='word_1_189' title='bbox 495 1695 619 1758; x_wconf 78' lang='grc' dir='ltr'>τοὺς</span> <span class='ocrx_word' id='word_1_190' title='bbox 653 1694 848 1762; x_wconf 76' lang='grc' dir='ltr'>λόγους</span> <span class='ocrx_word' id='word_1_191' title='bbox 899 1695 1117 1749; x_wconf 80' lang='grc' dir='ltr'>τείνειν.</span> <span class='ocrx_word' id='word_1_192' title='bbox 1167 1695 1260 1747; x_wconf 78' lang='grc' dir='ltr'>Διὸ</span> <span class='ocrx_word' id='word_1_193' title='bbox 1307 1697 1404 1750; x_wconf 75' lang='grc' dir='ltr'><strong>καὶ</strong></span> <span class='ocrx_word' id='word_1_194' title='bbox 1451 1695 1676 1766; x_wconf 78' lang='grc' dir='ltr'>ἄκριτός</span> <span class='ocrx_word' id='word_1_195' title='bbox 1719 1695 1868 1748; x_wconf 82' lang='grc' dir='ltr'>ἐστιν</span> <span class='ocrx_word' id='word_1_196' title='bbox 1973 1717 2119 1765; x_wconf 55' lang='lat' dir='ltr'><strong>eam.</strong></span> 
     </span>
    </p>
   </div>
   <div class='ocr_carea' id='block_1_27' title="bbox 298 1788 1948 1892">
    <p class='ocr_par' dir='ltr' id='par_1_27' title="bbox 298 1788 1948 1892">
     <span class='ocr_line' id='line_1_27' title="bbox 298 1788 1948 1892; baseline 0.001 -51"><span class='ocrx_word' id='word_1_197' title='bbox 298 1789 488 1850; x_wconf 71' lang='grc' dir='ltr'>αὐτοῖς</span> <span class='ocrx_word' id='word_1_198' title='bbox 520 1790 548 1840; x_wconf 82' lang='grc' dir='ltr'>ὁ</span> <span class='ocrx_word' id='word_1_199' title='bbox 582 1788 751 1855; x_wconf 82' lang='grc' dir='ltr'>ἁγὼν,</span> <span class='ocrx_word' id='word_1_200' title='bbox 785 1790 880 1841; x_wconf 72' lang='grc' dir='ltr'><strong>καὶ</strong></span> <span class='ocrx_word' id='word_1_201' title='bbox 919 1791 1224 1858; x_wconf 76' lang='grc' dir='ltr'>σκιαμαχία</span> <span class='ocrx_word' id='word_1_202' title='bbox 1246 1789 1306 1842; x_wconf 85' lang='grc' dir='ltr'><strong>τὸ</strong></span> <span class='ocrx_word' id='word_1_203' title='bbox 1336 1790 1478 1843; x_wconf 79' lang='grc' dir='ltr'>ὅλον.</span> <span class='ocrx_word' id='word_1_204' title='bbox 1907 1836 1948 1892; x_wconf 73' lang='grc' dir='ltr'><strong><em>Β</em></strong></span> 
     </span>
    </p>
   </div>
   <div class='ocr_carea' id='block_1_28' title="bbox 375 1875 1922 1960">
    <p class='ocr_par' dir='ltr' id='par_1_28' title="bbox 375 1875 1922 1948">
     <span class='ocr_line' id='line_1_28' title="bbox 375 1875 1922 1948; baseline 0.002 -18"><span class='ocrx_word' id='word_1_205' title='bbox 375 1881 464 1930; x_wconf 81' lang='grc' dir='ltr'>Δεῖ</span> <span class='ocrx_word' id='word_1_206' title='bbox 492 1875 583 1932; x_wconf 82' lang='grc' dir='ltr'><strong>οὖν</strong></span> <span class='ocrx_word' id='word_1_207' title='bbox 614 1879 782 1946; x_wconf 74' lang='grc' dir='ltr'>ἡμᾶς,</span> <span class='ocrx_word' id='word_1_208' title='bbox 816 1877 994 1930; x_wconf 82' lang='grc' dir='ltr'>πάντα</span> <span class='ocrx_word' id='word_1_209' title='bbox 1038 1879 1480 1948; x_wconf 82' lang='grc' dir='ltr'>φυλαττομένους</span> <span class='ocrx_word' id='word_1_210' title='bbox 1524 1878 1595 1932; x_wconf 74' lang='grc' dir='ltr'>τὰ</span> <span class='ocrx_word' id='word_1_211' title='bbox 1641 1879 1871 1933; x_wconf 83' lang='grc' dir='ltr'>τοιαῦτα</span> <span class='ocrx_word' id='word_1_212' title='bbox 1908 1875 1922 1892; x_wconf 89' lang='grc'><strong><em>“</em></strong></span> 
     </span>
    </p>
   </div>
   <div class='ocr_carea' id='block_1_29' title="bbox 1974 1875 3550 1960">
    <p class='ocr_par' dir='ltr' id='par_1_29' title="bbox 2042 1888 3550 1960">
     <span class='ocr_line' id='line_1_29' title="bbox 2042 1888 3550 1960; baseline 0.001 -18"><span class='ocrx_word' id='word_1_213' title='bbox 2042 1888 2276 1945; x_wconf 88' lang='lat' dir='ltr'><strong>Necesse</strong></span> <span class='ocrx_word' id='word_1_214' title='bbox 2312 1890 2476 1960; x_wconf 76' lang='lat' dir='ltr'><strong>igitur</strong></span> <span class='ocrx_word' id='word_1_215' title='bbox 2503 1904 2622 1954; x_wconf 89' lang='lat' dir='ltr'><strong>nos,</strong></span> <span class='ocrx_word' id='word_1_216' title='bbox 2664 1889 2733 1945; x_wconf 85' lang='lat' dir='ltr'><strong>ab</strong></span> <span class='ocrx_word' id='word_1_217' title='bbox 2774 1890 3031 1945; x_wconf 87' lang='lat' dir='ltr'><strong>omnibus</strong></span> <span class='ocrx_word' id='word_1_218' title='bbox 3057 1889 3366 1944; x_wconf 86' lang='lat' dir='ltr'><strong>istiusmodi</strong></span> <span class='ocrx_word' id='word_1_219' title='bbox 3396 1903 3550 1944; x_wconf 87' lang='lat' dir='ltr'><strong>erro-</strong></span> 
     </span>
    </p>
   </div>
   <div class='ocr_carea' id='block_1_30' title="bbox 300 1966 1922 2048">
    <p class='ocr_par' dir='ltr' id='par_1_30' title="bbox 300 1969 1870 2041">
     <span class='ocr_line' id='line_1_30' title="bbox 300 1969 1870 2041; baseline 0 -17"><span class='ocrx_word' id='word_1_220' title='bbox 300 1971 696 2041; x_wconf 81' lang='grc' dir='ltr'>παροράματα,</span> <span class='ocrx_word' id='word_1_221' title='bbox 759 1972 1059 2041; x_wconf 80' lang='grc' dir='ltr'>πειρᾶσθαι</span> <span class='ocrx_word' id='word_1_222' title='bbox 1111 1969 1251 2022; x_wconf 81' lang='grc' dir='ltr'>κατὰ</span> <span class='ocrx_word' id='word_1_223' title='bbox 1300 1969 1532 2038; x_wconf 79' lang='grc' dir='ltr'>δύναμιν</span> <span class='ocrx_word' id='word_1_224' title='bbox 1571 1970 1750 2024; x_wconf 84' lang='grc' dir='ltr'>πάντα</span> <span class='ocrx_word' id='word_1_225' title='bbox 1803 1971 1870 2024; x_wconf 83' lang='grc' dir='ltr'>δι’</span> 
     </span>
    </p>
   </div>
   <div class='ocr_carea' id='block_1_31' title="bbox 1974 1966 3556 2048">
    <p class='ocr_par' dir='ltr' id='par_1_31' title="bbox 1975 1966 3556 2048">
     <span class='ocr_line' id='line_1_31' title="bbox 1975 1966 3556 2048; baseline 0.001 -14"><span class='ocrx_word' id='word_1_226' title='bbox 1975 1981 2126 2036; x_wconf 89' lang='lat' dir='ltr'><strong>ribus</strong></span> <span class='ocrx_word' id='word_1_227' title='bbox 2145 1994 2420 2048; x_wconf 80' lang='lat' dir='ltr'><strong>caventes,</strong></span> <span class='ocrx_word' id='word_1_228' title='bbox 2443 1984 2571 2038; x_wconf 90' lang='lat' dir='ltr'><strong>totis</strong></span> <span class='ocrx_word' id='word_1_229' title='bbox 2595 1983 2805 2038; x_wconf 83' lang='lat' dir='ltr'><strong>viribus</strong></span> <span class='ocrx_word' id='word_1_230' title='bbox 2826 1983 3098 2037; x_wconf 86' lang='lat' dir='ltr'><strong>enitamur</strong></span> <span class='ocrx_word' id='word_1_231' title='bbox 3116 1966 3370 2038; x_wconf 85' lang='lat' dir='ltr'><strong>accurate</strong></span> <span class='ocrx_word' id='word_1_232' title='bbox 3388 1998 3556 2036; x_wconf 81' lang='lat' dir='ltr'><strong>cunc-</strong></span> 
     </span>
    </p>
   </div>
   <div class='ocr_carea' id='block_1_32' title="bbox 297 2063 1922 2146">
    <p class='ocr_par' dir='ltr' id='par_1_32' title="bbox 297 2063 1869 2135">
     <span class='ocr_line' id='line_1_32' title="bbox 297 2063 1869 2135; baseline -0.001 -17"><span class='ocrx_word' id='word_1_233' title='bbox 297 2066 585 2135; x_wconf 70' lang='grc' dir='ltr'>ἀκριϐείας</span> <span class='ocrx_word' id='word_1_234' title='bbox 635 2063 840 2133; x_wconf 79' lang='grc' dir='ltr'>ταύτης</span> <span class='ocrx_word' id='word_1_235' title='bbox 894 2063 1174 2134; x_wconf 78' lang='grc' dir='ltr'>ἐνεργείας</span> <span class='ocrx_word' id='word_1_236' title='bbox 1229 2064 1540 2116; x_wconf 78' lang='grc' dir='ltr'>ἀποδιδόναι</span> <span class='ocrx_word' id='word_1_237' title='bbox 1601 2065 1869 2132; x_wconf 83' lang='grc' dir='ltr'>σημαινό-</span> 
     </span>
    </p>
   </div>
   <div class='ocr_carea' id='block_1_33' title="bbox 1974 2063 3550 2146">
    <p class='ocr_par' dir='ltr' id='par_1_33' title="bbox 1974 2075 3550 2146">
     <span class='ocr_line' id='line_1_33' title="bbox 1974 2075 3550 2146; baseline 0.001 -18"><span class='ocrx_word' id='word_1_238' title='bbox 1974 2082 2058 2128; x_wconf 89' lang='lat' dir='ltr'><strong>tas</strong></span> <span class='ocrx_word' id='word_1_239' title='bbox 2084 2075 2322 2145; x_wconf 68' lang='lat' dir='ltr'><strong>pra-fatae</strong></span> <span class='ocrx_word' id='word_1_240' title='bbox 2366 2076 2707 2144; x_wconf 88' lang='lat' dir='ltr'><strong>operationis</strong></span> <span class='ocrx_word' id='word_1_241' title='bbox 2747 2076 2944 2131; x_wconf 80' lang='lat' dir='ltr'><strong>afferre</strong></span> <span class='ocrx_word' id='word_1_242' title='bbox 2987 2075 3437 2146; x_wconf 80' lang='lat' dir='ltr'><strong>signiﬁcationes,</strong></span> <span class='ocrx_word' id='word_1_243' title='bbox 3475 2075 3550 2129; x_wconf 86' lang='lat' dir='ltr'><strong>ita</strong></span> 
     </span>
    </p>
   </div>
   <div class='ocr_carea' id='block_1_34' title="bbox 304 2154 1922 2235">
    <p class='ocr_par' dir='ltr' id='par_1_34' title="bbox 304 2154 1871 2226">
     <span class='ocr_line' id='line_1_34' title="bbox 304 2154 1871 2226; baseline -0.001 -16"><span class='ocrx_word' id='word_1_244' title='bbox 304 2174 469 2226; x_wconf 81' lang='grc' dir='ltr'>μενα,</span> <span class='ocrx_word' id='word_1_245' title='bbox 513 2156 654 2209; x_wconf 80' lang='grc' dir='ltr'>ὥστε</span> <span class='ocrx_word' id='word_1_246' title='bbox 711 2159 850 2226; x_wconf 82' lang='grc' dir='ltr'>μήτε</span> <span class='ocrx_word' id='word_1_247' title='bbox 919 2157 1018 2226; x_wconf 79' lang='grc' dir='ltr'>τῆς</span> <span class='ocrx_word' id='word_1_248' title='bbox 1091 2154 1296 2218; x_wconf 73' lang='grc' dir='ltr'>οἰκείας</span> <span class='ocrx_word' id='word_1_249' title='bbox 1376 2155 1454 2224; x_wconf 82' lang='grc' dir='ltr'><strong>τῷ</strong></span> <span class='ocrx_word' id='word_1_250' title='bbox 1526 2155 1871 2226; x_wconf 75' lang='grc' dir='ltr'>προϐλήματι</span> 
     </span>
    </p>
   </div>
   <div class='ocr_carea' id='block_1_35' title="bbox 1974 2154 3548 2235">
    <p class='ocr_par' dir='ltr' id='par_1_35' title="bbox 1974 2165 3548 2235">
     <span class='ocr_line' id='line_1_35' title="bbox 1974 2165 3548 2235; baseline -0.001 -15"><span class='ocrx_word' id='word_1_251' title='bbox 1974 2174 2033 2220; x_wconf 80' lang='grc' dir='ltr'><strong>ιιι</strong></span> <span class='ocrx_word' id='word_1_252' title='bbox 2063 2167 2420 2234; x_wconf 67' lang='lat' dir='ltr'><strong>quzestionem</strong></span> <span class='ocrx_word' id='word_1_253' title='bbox 2453 2166 2596 2220; x_wconf 87' lang='lat' dir='ltr'><strong>haud</strong></span> <span class='ocrx_word' id='word_1_254' title='bbox 2627 2167 2753 2221; x_wconf 87' lang='lat' dir='ltr'><strong>alibi</strong></span> <span class='ocrx_word' id='word_1_255' title='bbox 2800 2181 2960 2235; x_wconf 91' lang='lat' dir='ltr'><strong>quam</strong></span> <span class='ocrx_word' id='word_1_256' title='bbox 3003 2167 3157 2221; x_wconf 89' lang='lat' dir='ltr'><strong>decet</strong></span> <span class='ocrx_word' id='word_1_257' title='bbox 3205 2165 3548 2229; x_wconf 84' lang='lat' dir='ltr'><strong>inchoemus,</strong></span> 
     </span>
    </p>
   </div>
   <div class='ocr_carea' id='block_1_36' title="bbox 295 2247 1922 2328">
    <p class='ocr_par' dir='ltr' id='par_1_36' title="bbox 295 2247 1870 2318">
     <span class='ocr_line' id='line_1_36' title="bbox 295 2247 1870 2318; baseline -0.001 -16"><span class='ocrx_word' id='word_1_258' title='bbox 295 2249 576 2302; x_wconf 72' lang='grc' dir='ltr'>διαπεσεῖν</span> <span class='ocrx_word' id='word_1_259' title='bbox 635 2248 843 2318; x_wconf 80' lang='grc' dir='ltr'>ἀρχῆς,</span> <span class='ocrx_word' id='word_1_260' title='bbox 909 2249 1004 2303; x_wconf 74' lang='grc' dir='ltr'>καὶ</span> <span class='ocrx_word' id='word_1_261' title='bbox 1067 2248 1356 2318; x_wconf 80' lang='grc' dir='ltr'>προελθεῖν</span> <span class='ocrx_word' id='word_1_262' title='bbox 1405 2249 1461 2300; x_wconf 86' lang='grc' dir='ltr'><strong>ἐν</strong></span> <span class='ocrx_word' id='word_1_263' title='bbox 1511 2247 1704 2311; x_wconf 72' lang='grc' dir='ltr'>τάξει,</span> <span class='ocrx_word' id='word_1_264' title='bbox 1772 2248 1870 2301; x_wconf 76' lang='grc' dir='ltr'>καὶ</span> 
     </span>
    </p>
   </div>
   <div class='ocr_carea' id='block_1_37' title="bbox 1974 2247 3550 2328">
    <p class='ocr_par' dir='ltr' id='par_1_37' title="bbox 1974 2258 3550 2328">
     <span class='ocr_line' id='line_1_37' title="bbox 1974 2258 3550 2328; baseline -0.001 -16"><span class='ocrx_word' id='word_1_265' title='bbox 1974 2267 2024 2312; x_wconf 89' lang='lat' dir='ltr'><strong>et</strong></span> <span class='ocrx_word' id='word_1_266' title='bbox 2052 2259 2413 2327; x_wconf 88' lang='lat' dir='ltr'><strong>procedamus</strong></span> <span class='ocrx_word' id='word_1_267' title='bbox 2439 2274 2532 2328; x_wconf 88' lang='lat' dir='ltr'><strong>per</strong></span> <span class='ocrx_word' id='word_1_268' title='bbox 2551 2258 2820 2322; x_wconf 89' lang='lat' dir='ltr'><strong>ordinem,</strong></span> <span class='ocrx_word' id='word_1_269' title='bbox 2849 2270 2902 2312; x_wconf 90' lang='lat' dir='ltr'><strong>et</strong></span> <span class='ocrx_word' id='word_1_270' title='bbox 2928 2259 3232 2327; x_wconf 87' lang='lat' dir='ltr'><strong>composite</strong></span> <span class='ocrx_word' id='word_1_271' title='bbox 3253 2273 3550 2328; x_wconf 77' lang='lat' dir='ltr'><strong>argumen-</strong></span> 
     </span>
    </p>
   </div>
   <div class='ocr_carea' id='block_1_38' title="bbox 299 2335 1922 2420">
    <p class='ocr_par' dir='ltr' id='par_1_38' title="bbox 299 2335 1870 2408">
     <span class='ocr_line' id='line_1_38' title="bbox 299 2335 1870 2408; baseline -0.002 -18"><span class='ocrx_word' id='word_1_272' title='bbox 299 2338 446 2408; x_wconf 69' lang='grc' dir='ltr'>μετὰ</span> <span class='ocrx_word' id='word_1_273' title='bbox 493 2337 700 2404; x_wconf 80' lang='grc' dir='ltr'>κόσμου</span> <span class='ocrx_word' id='word_1_274' title='bbox 751 2337 892 2392; x_wconf 76' lang='grc' dir='ltr'>κατὰ</span> <span class='ocrx_word' id='word_1_275' title='bbox 941 2337 1040 2406; x_wconf 82' lang='grc' dir='ltr'>τὴν</span> <span class='ocrx_word' id='word_1_276' title='bbox 1078 2335 1420 2406; x_wconf 76' lang='grc' dir='ltr'>ὲπέχείρησιν</span> <span class='ocrx_word' id='word_1_277' title='bbox 1467 2336 1560 2389; x_wconf 66' lang='lat' dir='ltr'><strong>tm</strong></span> <span class='ocrx_word' id='word_1_278' title='bbox 1591 2335 1651 2396; x_wconf 75' lang='grc' dir='ltr'><strong>τὸ</strong></span> <span class='ocrx_word' id='word_1_279' title='bbox 1703 2351 1870 2404; x_wconf 81' lang='grc' dir='ltr'>προσ-</span> 
     </span>
    </p>
   </div>
   <div class='ocr_carea' id='block_1_39' title="bbox 1974 2335 3552 2420">
    <p class='ocr_par' dir='ltr' id='par_1_39' title="bbox 1974 2349 3552 2420">
     <span class='ocr_line' id='line_1_39' title="bbox 1974 2349 3552 2420; baseline 0.001 -17"><span class='ocrx_word' id='word_1_280' title='bbox 1974 2359 2087 2403; x_wconf 93' lang='lat' dir='ltr'><strong>tum</strong></span> <span class='ocrx_word' id='word_1_281' title='bbox 2109 2349 2174 2402; x_wconf 85' lang='lat' dir='ltr'><strong>ad</strong></span> <span class='ocrx_word' id='word_1_282' title='bbox 2202 2365 2505 2419; x_wconf 85' lang='lat' dir='ltr'><strong>congruum</strong></span> <span class='ocrx_word' id='word_1_283' title='bbox 2529 2350 2690 2406; x_wconf 83' lang='lat' dir='ltr'><strong>ﬁnem</strong></span> <span class='ocrx_word' id='word_1_284' title='bbox 2713 2353 3062 2413; x_wconf 87' lang='lat' dir='ltr'><strong>deducamus,</strong></span> <span class='ocrx_word' id='word_1_285' title='bbox 3094 2366 3271 2420; x_wconf 90' lang='lat' dir='ltr'><strong>neque</strong></span> <span class='ocrx_word' id='word_1_286' title='bbox 3298 2366 3552 2404; x_wconf 87' lang='lat' dir='ltr'><strong>necessa-</strong></span> 
     </span>
    </p>
   </div>
   <div class='ocr_carea' id='block_1_40' title="bbox 296 2425 1922 2511">
    <p class='ocr_par' dir='ltr' id='par_1_40' title="bbox 296 2425 1866 2499">
     <span class='ocr_line' id='line_1_40' title="bbox 296 2425 1866 2499; baseline -0.004 -17"><span class='ocrx_word' id='word_1_287' title='bbox 296 2433 434 2499; x_wconf 72' lang='grc' dir='ltr'>ἧκον</span> <span class='ocrx_word' id='word_1_288' title='bbox 483 2429 696 2498; x_wconf 87' lang='grc' dir='ltr'>πέρας,</span> <span class='ocrx_word' id='word_1_289' title='bbox 766 2430 904 2498; x_wconf 83' lang='grc' dir='ltr'>μήτε</span> <span class='ocrx_word' id='word_1_290' title='bbox 952 2429 1188 2495; x_wconf 78' lang='grc' dir='ltr'>ἀφέντας</span> <span class='ocrx_word' id='word_1_291' title='bbox 1247 2444 1299 2479; x_wconf 92' lang='grc' dir='ltr'><strong>τι</strong></span> <span class='ocrx_word' id='word_1_292' title='bbox 1347 2425 1456 2479; x_wconf 83' lang='grc' dir='ltr'><strong>τῶν</strong></span> <span class='ocrx_word' id='word_1_293' title='bbox 1507 2425 1866 2492; x_wconf 76' lang='grc' dir='ltr'>ἀναγκαίων,</span> 
     </span>
    </p>
   </div>
   <div class='ocr_carea' id='block_1_41' title="bbox 1974 2425 3551 2511">
    <p class='ocr_par' dir='ltr' id='par_1_41' title="bbox 1974 2439 3551 2511">
     <span class='ocr_line' id='line_1_41' title="bbox 1974 2439 3551 2511; baseline 0.002 -20"><span class='ocrx_word' id='word_1_294' title='bbox 1974 2439 2114 2494; x_wconf 88' lang='lat' dir='ltr'><strong>rium</strong></span> <span class='ocrx_word' id='word_1_295' title='bbox 2144 2441 2275 2509; x_wconf 92' lang='lat' dir='ltr'><strong>quid</strong></span> <span class='ocrx_word' id='word_1_296' title='bbox 2295 2442 2629 2504; x_wconf 81' lang='lat' dir='ltr'><strong>amittentes,</strong></span> <span class='ocrx_word' id='word_1_297' title='bbox 2650 2457 2827 2511; x_wconf 89' lang='lat' dir='ltr'><strong>neque</strong></span> <span class='ocrx_word' id='word_1_298' title='bbox 2857 2441 3144 2511; x_wconf 84' lang='lat' dir='ltr'><strong>superﬁuis</strong></span> <span class='ocrx_word' id='word_1_299' title='bbox 3171 2443 3551 2510; x_wconf 80' lang='lat' dir='ltr'><strong>immorantes,</strong></span> 
     </span>
    </p>
   </div>
   <div class='ocr_carea' id='block_1_42' title="bbox 301 2517 1922 2592">
    <p class='ocr_par' dir='ltr' id='par_1_42' title="bbox 301 2517 1870 2592">
     <span class='ocr_line' id='line_1_42' title="bbox 301 2517 1870 2592; baseline -0.004 -18"><span class='ocrx_word' id='word_1_300' title='bbox 301 2523 444 2592; x_wconf 83' lang='grc' dir='ltr'>μήτε</span> <span class='ocrx_word' id='word_1_301' title='bbox 487 2523 600 2582; x_wconf 80' lang='grc' dir='ltr'>τοῖς</span> <span class='ocrx_word' id='word_1_302' title='bbox 651 2519 1019 2588; x_wconf 81' lang='grc' dir='ltr'>παρέλκουσιν</span> <span class='ocrx_word' id='word_1_303' title='bbox 1072 2517 1528 2587; x_wconf 76' lang='grc' dir='ltr'>ἐνδιατρίϐοντας,</span> <span class='ocrx_word' id='word_1_304' title='bbox 1565 2517 1660 2568; x_wconf 68' lang='grc' dir='ltr'><strong>καὶ</strong></span> <span class='ocrx_word' id='word_1_305' title='bbox 1696 2519 1870 2568; x_wconf 84' lang='grc' dir='ltr'>πάντα</span> 
     </span>
    </p>
   </div>
   <div class='ocr_carea' id='block_1_43' title="bbox 1974 2517 3548 2592">
    <p class='ocr_par' dir='ltr' id='par_1_43' title="bbox 1974 2531 3548 2589">
     <span class='ocr_line' id='line_1_43' title="bbox 1974 2531 3548 2589; baseline 0 -3"><span class='ocrx_word' id='word_1_306' title='bbox 1974 2531 2069 2586; x_wconf 91' lang='lat' dir='ltr'><strong>sed</strong></span> <span class='ocrx_word' id='word_1_307' title='bbox 2109 2535 2291 2585; x_wconf 90' lang='lat' dir='ltr'><strong>omnia</strong></span> <span class='ocrx_word' id='word_1_308' title='bbox 2322 2540 2430 2587; x_wconf 82' lang='lat' dir='ltr'><strong>tarn</strong></span> <span class='ocrx_word' id='word_1_309' title='bbox 2456 2533 2600 2586; x_wconf 89' lang='lat' dir='ltr'><strong>clara</strong></span> <span class='ocrx_word' id='word_1_310' title='bbox 2623 2540 2676 2588; x_wconf 92' lang='lat' dir='ltr'><strong>et</strong></span> <span class='ocrx_word' id='word_1_311' title='bbox 2698 2533 2953 2587; x_wconf 82' lang='lat' dir='ltr'><strong>distincta</strong></span> <span class='ocrx_word' id='word_1_312' title='bbox 2983 2535 3305 2589; x_wconf 83' lang='lat' dir='ltr'><strong>exhibentes</strong></span> <span class='ocrx_word' id='word_1_313' title='bbox 3349 2544 3407 2587; x_wconf 93' lang='lat' dir='ltr'><strong>ut</strong></span> <span class='ocrx_word' id='word_1_314' title='bbox 3430 2549 3548 2587; x_wconf 89' lang='lat' dir='ltr'><strong>scr-</strong></span> 
     </span>
    </p>
   </div>
   <div class='ocr_carea' id='block_1_44' title="bbox 303 2607 1922 2693">
    <p class='ocr_par' dir='ltr' id='par_1_44' title="bbox 303 2607 1869 2681">
     <span class='ocr_line' id='line_1_44' title="bbox 303 2607 1869 2681; baseline -0.008 -15"><span class='ocrx_word' id='word_1_315' title='bbox 303 2613 450 2681; x_wconf 82' lang='grc' dir='ltr'>σαφῆ</span> <span class='ocrx_word' id='word_1_316' title='bbox 507 2611 600 2663; x_wconf 72' lang='grc' dir='ltr'><strong>καὶ</strong></span> <span class='ocrx_word' id='word_1_317' title='bbox 670 2609 893 2680; x_wconf 77' lang='grc' dir='ltr'>εὐκρινῆ</span> <span class='ocrx_word' id='word_1_318' title='bbox 956 2608 1336 2678; x_wconf 81' lang='grc' dir='ltr'>παρέχοντας,</span> <span class='ocrx_word' id='word_1_319' title='bbox 1400 2607 1542 2659; x_wconf 84' lang='grc' dir='ltr'>ὥστε</span> <span class='ocrx_word' id='word_1_320' title='bbox 1609 2608 1701 2660; x_wconf 69' lang='grc' dir='ltr'>καὶ</span> <span class='ocrx_word' id='word_1_321' title='bbox 1768 2607 1869 2677; x_wconf 71' lang='grc' dir='ltr'><strong>την</strong></span> 
     </span>
    </p>
   </div>
   <div class='ocr_carea' id='block_1_45' title="bbox 1974 2607 3551 2693">
    <p class='ocr_par' dir='ltr' id='par_1_45' title="bbox 1974 2625 3551 2693">
     <span class='ocr_line' id='line_1_45' title="bbox 1974 2625 3551 2693; baseline 0.005 -20"><span class='ocrx_word' id='word_1_322' title='bbox 1974 2635 2197 2676; x_wconf 87' lang='lat' dir='ltr'><strong>monum</strong></span> <span class='ocrx_word' id='word_1_323' title='bbox 2234 2630 2545 2677; x_wconf 89' lang='lat' dir='ltr'><strong>nostrorum</strong></span> <span class='ocrx_word' id='word_1_324' title='bbox 2587 2634 2642 2678; x_wconf 89' lang='lat' dir='ltr'><strong>et</strong></span> <span class='ocrx_word' id='word_1_325' title='bbox 2671 2626 2875 2679; x_wconf 89' lang='lat' dir='ltr'><strong>veritas</strong></span> <span class='ocrx_word' id='word_1_326' title='bbox 2900 2625 3059 2680; x_wconf 83' lang='lat' dir='ltr'><strong>facile</strong></span> <span class='ocrx_word' id='word_1_327' title='bbox 3090 2625 3551 2693; x_wconf 87' lang='lat' dir='ltr'><strong>apprehensibilis</strong></span> 
     </span>
    </p>
   </div>
   <div class='ocr_carea' id='block_1_46' title="bbox 302 2698 1922 2785">
    <p class='ocr_par' dir='ltr' id='par_1_46' title="bbox 302 2698 1869 2773">
     <span class='ocr_line' id='line_1_46' title="bbox 302 2698 1869 2773; baseline -0.004 -17"><span class='ocrx_word' id='word_1_328' title='bbox 302 2705 570 2773; x_wconf 80' lang='grc' dir='ltr'>ἀλήθειαν</span> <span class='ocrx_word' id='word_1_329' title='bbox 605 2702 903 2772; x_wconf 72' lang='grc' dir='ltr'>εὐθήρατον</span> <span class='ocrx_word' id='word_1_330' title='bbox 933 2701 1180 2769; x_wconf 81' lang='grc' dir='ltr'>γίνεσθαι</span> <span class='ocrx_word' id='word_1_331' title='bbox 1212 2702 1323 2762; x_wconf 84' lang='grc' dir='ltr'>τοῖς</span> <span class='ocrx_word' id='word_1_332' title='bbox 1357 2699 1654 2767; x_wconf 76' lang='grc' dir='ltr'>μανθάνειν</span> <span class='ocrx_word' id='word_1_333' title='bbox 1686 2698 1869 2768; x_wconf 86' lang='grc' dir='ltr'>βουλο-</span> 
     </span>
    </p>
   </div>
   <div class='ocr_carea' id='block_1_47' title="bbox 1974 2698 3555 2785">
    <p class='ocr_par' dir='ltr' id='par_1_47' title="bbox 1974 2711 3555 2785">
     <span class='ocr_line' id='line_1_47' title="bbox 1974 2711 3555 2785; baseline 0.002 -20"><span class='ocrx_word' id='word_1_334' title='bbox 1974 2711 2064 2765; x_wconf 87' lang='lat' dir='ltr'><strong>ﬁat</strong></span> <span class='ocrx_word' id='word_1_335' title='bbox 2094 2713 2304 2768; x_wconf 88' lang='lat' dir='ltr'><strong>discere</strong></span> <span class='ocrx_word' id='word_1_336' title='bbox 2327 2714 2657 2780; x_wconf 86' lang='lat' dir='ltr'><strong>volentibus,</strong></span> <span class='ocrx_word' id='word_1_337' title='bbox 2687 2725 2740 2770; x_wconf 90' lang='lat' dir='ltr'><strong>et</strong></span> <span class='ocrx_word' id='word_1_338' title='bbox 2773 2715 2982 2771; x_wconf 85' lang='lat' dir='ltr'><strong>falsitas</strong></span> <span class='ocrx_word' id='word_1_339' title='bbox 3024 2716 3184 2771; x_wconf 82' lang='lat' dir='ltr'><strong>facile</strong></span> <span class='ocrx_word' id='word_1_340' title='bbox 3213 2717 3555 2785; x_wconf 86' lang='lat' dir='ltr'><strong>reprehensi-</strong></span> 
     </span>
    </p>
   </div>
   <div class='ocr_carea' id='block_1_48' title="bbox 298 2789 1922 2866">
    <p class='ocr_par' dir='ltr' id='par_1_48' title="bbox 298 2789 1869 2866">
     <span class='ocr_line' id='line_1_48' title="bbox 298 2789 1869 2866; baseline -0.004 -17"><span class='ocrx_word' id='word_1_341' title='bbox 298 2797 505 2866; x_wconf 77' lang='grc' dir='ltr'>μένοις,</span> <span class='ocrx_word' id='word_1_342' title='bbox 543 2795 638 2846; x_wconf 75' lang='grc' dir='ltr'>καὶ</span> <span class='ocrx_word' id='word_1_343' title='bbox 660 2793 720 2846; x_wconf 73' lang='grc' dir='ltr'>τὸ</span> <span class='ocrx_word' id='word_1_344' title='bbox 739 2792 930 2862; x_wconf 78' lang='grc' dir='ltr'>ψεῦδος</span> <span class='ocrx_word' id='word_1_345' title='bbox 961 2792 1290 2858; x_wconf 79' lang='grc' dir='ltr'>εὐέλεγκτον</span> <span class='ocrx_word' id='word_1_346' title='bbox 1324 2790 1434 2842; x_wconf 84' lang='grc' dir='ltr'><strong>τῶν</strong></span> <span class='ocrx_word' id='word_1_347' title='bbox 1464 2789 1752 2860; x_wconf 82' lang='grc' dir='ltr'>ἡμετέρων</span> <span class='ocrx_word' id='word_1_348' title='bbox 1781 2790 1869 2842; x_wconf 83' lang='grc' dir='ltr'><strong>λό-</strong></span> 
     </span>
    </p>
   </div>
   <div class='ocr_carea' id='block_1_49' title="bbox 1974 2789 3552 2866">
    <p class='ocr_par' dir='ltr' id='par_1_49' title="bbox 1974 2802 3552 2860">
     <span class='ocr_line' id='line_1_49' title="bbox 1974 2802 3552 2860; baseline 0.003 -4"><span class='ocrx_word' id='word_1_349' title='bbox 1974 2802 2096 2856; x_wconf 88' lang='lat' dir='ltr'><strong>bilis</strong></span> <span class='ocrx_word' id='word_1_350' title='bbox 2121 2819 2154 2856; x_wconf 41' lang='grc' dir='ltr'>ι*</span> <span class='ocrx_word' id='word_1_351' title='bbox 2174 2803 2331 2856; x_wconf 92' lang='lat' dir='ltr'><strong>multi</strong></span> <span class='ocrx_word' id='word_1_352' title='bbox 2372 2805 2514 2857; x_wconf 90' lang='lat' dir='ltr'><strong>enim</strong></span> <span class='ocrx_word' id='word_1_353' title='bbox 2559 2805 2953 2860; x_wconf 87' lang='lat' dir='ltr'><strong>obscuritatem</strong></span> <span class='ocrx_word' id='word_1_354' title='bbox 3000 2806 3316 2860; x_wconf 74' lang='lat' dir='ltr'><strong>affectantes</strong></span> <span class='ocrx_word' id='word_1_355' title='bbox 3365 2821 3433 2860; x_wconf 91' lang='lat' dir='ltr'><strong>nc</strong></span> <span class='ocrx_word' id='word_1_356' title='bbox 3463 2822 3552 2860; x_wconf 88' lang='lat' dir='ltr'><strong>ar-</strong></span> 
     </span>
    </p>
   </div>
   <div class='ocr_carea' id='block_1_50' title="bbox 300 2880 1922 2969">
    <p class='ocr_par' dir='ltr' id='par_1_50' title="bbox 300 2880 1870 2955">
     <span class='ocr_line' id='line_1_50' title="bbox 300 2880 1870 2955; baseline -0.003 -16"><span class='ocrx_word' id='word_1_357' title='bbox 300 2902 448 2955; x_wconf 78' lang='grc' dir='ltr'>γωνο</span> <span class='ocrx_word' id='word_1_358' title='bbox 492 2885 679 2938; x_wconf 75' lang='grc' dir='ltr'>πολλοὶ</span> <span class='ocrx_word' id='word_1_359' title='bbox 705 2887 814 2955; x_wconf 81' lang='grc' dir='ltr'>γὰρ</span> <span class='ocrx_word' id='word_1_360' title='bbox 848 2883 1117 2952; x_wconf 84' lang='grc' dir='ltr'>ἀσαφείας</span> <span class='ocrx_word' id='word_1_361' title='bbox 1254 2880 1549 2952; x_wconf 72' lang='grc' dir='ltr'>ἀσάφειαν]</span> <span class='ocrx_word' id='word_1_362' title='bbox 1579 2881 1667 2935; x_wconf 82' lang='grc' dir='ltr'><strong>διὰ</strong></span> <span class='ocrx_word' id='word_1_363' title='bbox 1692 2881 1750 2934; x_wconf 84' lang='grc' dir='ltr'>τὸ</span> <span class='ocrx_word' id='word_1_364' title='bbox 1777 2882 1870 2935; x_wconf 85' lang='grc' dir='ltr'><strong>ἀν-</strong></span> 
     </span>
    </p>
   </div>
   <div class='ocr_carea' id='block_1_51' title="bbox 1974 2880 3543 2969">
    <p class='ocr_par' dir='ltr' id='par_1_51' title="bbox 1974 2900 3543 2969">
     <span class='ocr_line' id='line_1_51' title="bbox 1974 2900 3543 2969; baseline 0.001 -17"><span class='ocrx_word' id='word_1_365' title='bbox 1974 2900 2061 2967; x_wconf 71' lang='lat' dir='ltr'><strong>gui</strong></span> <span class='ocrx_word' id='word_1_366' title='bbox 2114 2901 2345 2969; x_wconf 66' lang='lat' dir='ltr'><strong>possint,</strong></span> <span class='ocrx_word' id='word_1_367' title='bbox 2397 2901 2568 2968; x_wconf 87' lang='lat' dir='ltr'><strong>ipsam</strong></span> <span class='ocrx_word' id='word_1_368' title='bbox 2613 2903 2892 2956; x_wconf 88' lang='lat' dir='ltr'><strong>veritatem</strong></span> <span class='ocrx_word' id='word_1_369' title='bbox 2941 2904 3109 2958; x_wconf 92' lang='lat' dir='ltr'><strong>nescii</strong></span> <span class='ocrx_word' id='word_1_370' title='bbox 3161 2903 3543 2967; x_wconf 89' lang='lat' dir='ltr'><strong>obtenebrant,</strong></span> 
     </span>
    </p>
   </div>
   <div class='ocr_carea' id='block_1_52' title="bbox 301 2970 1922 3063">
    <p class='ocr_par' dir='ltr' id='par_1_52' title="bbox 301 2970 1868 3045">
     <span class='ocr_line' id='line_1_52' title="bbox 301 2970 1868 3045; baseline -0.003 -15"><span class='ocrx_word' id='word_1_371' title='bbox 301 2978 626 3045; x_wconf 79' lang='grc' dir='ltr'>εξέλεγκτον</span> <span class='ocrx_word' id='word_1_372' title='bbox 652 2976 1107 3045; x_wconf 72' lang='grc' dir='ltr'>προνοησάμενοι,</span> <span class='ocrx_word' id='word_1_373' title='bbox 1139 2972 1328 3025; x_wconf 79' lang='grc' dir='ltr'>ἔλαθον</span> <span class='ocrx_word' id='word_1_374' title='bbox 1359 2973 1452 3025; x_wconf 79' lang='grc' dir='ltr'><strong>καὶ</strong></span> <span class='ocrx_word' id='word_1_375' title='bbox 1477 2972 1574 3042; x_wconf 78' lang='grc' dir='ltr'>τὴν</span> <span class='ocrx_word' id='word_1_376' title='bbox 1606 2970 1868 3040; x_wconf 83' lang='grc' dir='ltr'>ἀλήθειαν</span> 
     </span>
    </p>
   </div>
   <div class='ocr_carea' id='block_1_53' title="bbox 1974 2970 3547 3063">
    <p class='ocr_par' dir='ltr' id='par_1_53' title="bbox 1974 2989 3547 3063">
     <span class='ocr_line' id='line_1_53' title="bbox 1974 2989 3547 3063; baseline 0.004 -21"><span class='ocrx_word' id='word_1_377' title='bbox 1974 2989 2204 3059; x_wconf 78' lang='lat' dir='ltr'><strong>ideoque</strong></span> <span class='ocrx_word' id='word_1_378' title='bbox 2253 2991 2492 3045; x_wconf 86' lang='lat' dir='ltr'><strong>laborem</strong></span> <span class='ocrx_word' id='word_1_379' title='bbox 2536 3007 2696 3047; x_wconf 90' lang='lat' dir='ltr'><strong>suum</strong></span> <span class='ocrx_word' id='word_1_380' title='bbox 2746 3008 2973 3063; x_wconf 90' lang='lat' dir='ltr'><strong>prorsus</strong></span> <span class='ocrx_word' id='word_1_381' title='bbox 3014 2997 3226 3050; x_wconf 90' lang='lat' dir='ltr'><strong>irritum</strong></span> <span class='ocrx_word' id='word_1_382' title='bbox 3274 2995 3547 3051; x_wconf 86' lang='lat' dir='ltr'><strong>reddunt.</strong></span> 
     </span>
    </p>
   </div>
   <div class='ocr_carea' id='block_1_54' title="bbox 299 3060 1922 3138">
    <p class='ocr_par' dir='ltr' id='par_1_54' title="bbox 299 3060 1866 3133">
     <span class='ocr_line' id='line_1_54' title="bbox 299 3060 1866 3133; baseline -0.004 -13"><span class='ocrx_word' id='word_1_383' title='bbox 299 3067 482 3121; x_wconf 79' lang='grc' dir='ltr'>αὐτῶν</span> <span class='ocrx_word' id='word_1_384' title='bbox 524 3067 942 3132; x_wconf 78' lang='grc' dir='ltr'>συσκιάσαντες,</span> <span class='ocrx_word' id='word_1_385' title='bbox 976 3064 1070 3117; x_wconf 76' lang='grc' dir='ltr'>καὶ</span> <span class='ocrx_word' id='word_1_386' title='bbox 1104 3063 1190 3117; x_wconf 85' lang='grc' dir='ltr'>διὰ</span> <span class='ocrx_word' id='word_1_387' title='bbox 1223 3062 1420 3115; x_wconf 83' lang='grc' dir='ltr'>ταυτὸν</span> <span class='ocrx_word' id='word_1_388' title='bbox 1469 3060 1670 3133; x_wconf 72' lang='grc' dir='ltr'>[τοῦτο]</span> <span class='ocrx_word' id='word_1_389' title='bbox 1704 3060 1866 3115; x_wconf 84' lang='grc' dir='ltr'>πόνον</span> 
     </span>
    </p>
   </div>
   <div class='ocr_carea' id='block_1_55' title="bbox 1974 3060 2474 3138">
    <p class='ocr_par' dir='ltr' id='par_1_55' title="bbox 1974 3081 2474 3138">
     <span class='ocr_line' id='line_1_55' title="bbox 1974 3081 2474 3138; baseline 0.004 -4"><span class='ocrx_word' id='word_1_390' title='bbox 1974 3081 2048 3135; x_wconf 92' lang='lat' dir='ltr'><strong>lta</strong></span> <span class='ocrx_word' id='word_1_391' title='bbox 2079 3096 2137 3135; x_wconf 87' lang='lat' dir='ltr'><strong>se</strong></span> <span class='ocrx_word' id='word_1_392' title='bbox 2171 3097 2257 3136; x_wconf 90' lang='lat' dir='ltr'><strong>res</strong></span> <span class='ocrx_word' id='word_1_393' title='bbox 2290 3082 2474 3138; x_wconf 88' lang='lat' dir='ltr'><strong>habet.</strong></span> 
     </span>
    </p>
   </div>
   <div class='ocr_carea' id='block_1_56' title="bbox 298 3153 1950 3230">
    <p class='ocr_par' dir='ltr' id='par_1_56' title="bbox 298 3153 1950 3230">
     <span class='ocr_line' id='line_1_56' title="bbox 298 3153 1950 3230; baseline -0.004 -17"><span class='ocrx_word' id='word_1_394' title='bbox 298 3159 576 3230; x_wconf 81' lang='grc' dir='ltr'>ἄχρηστον</span> <span class='ocrx_word' id='word_1_395' title='bbox 614 3159 674 3211; x_wconf 88' lang='grc' dir='ltr'>τὸ</span> <span class='ocrx_word' id='word_1_396' title='bbox 704 3159 964 3227; x_wconf 83' lang='grc' dir='ltr'>παράπαν</span> <span class='ocrx_word' id='word_1_397' title='bbox 992 3155 1555 3225; x_wconf 84' lang='grc' dir='ltr'>ἀποφήναντες.”Εχει</span> <span class='ocrx_word' id='word_1_398' title='bbox 1599 3153 1654 3207; x_wconf 87' lang='grc' dir='ltr'><strong>δέ</strong></span> <span class='ocrx_word' id='word_1_399' title='bbox 1681 3153 1875 3217; x_wconf 77' lang='grc' dir='ltr'>οὕτως.</span> <span class='ocrx_word' id='word_1_400' title='bbox 1904 3160 1950 3223; x_wconf 80' lang='lat' dir='ltr'>C</span> 
     </span>
    </p>
   </div>
   <div class='ocr_carea' id='block_1_57' title="bbox 301 3264 1922 3354">
    <p class='ocr_par' dir='ltr' id='par_1_57' title="bbox 301 3264 1870 3354">
     <span class='ocr_line' id='line_1_57' title="bbox 301 3264 1870 3354; baseline -0.004 -26"><span class='ocrx_word' id='word_1_401' title='bbox 301 3273 512 3344; x_wconf 82' lang='grc' dir='ltr'>Κεφάλ.</span> <span class='ocrx_word' id='word_1_402' title='bbox 547 3274 619 3325; x_wconf 82' lang='grc' dir='ltr'><strong>Β’.</strong></span> <span class='ocrx_word' id='word_1_403' title='bbox 641 3271 800 3354; x_wconf 37' lang='grc' dir='ltr'>’Περὶ</span> <span class='ocrx_word' id='word_1_404' title='bbox 816 3268 940 3354; x_wconf 58' lang='grc' dir='ltr'><strong>ξῇς</strong></span> <span class='ocrx_word' id='word_1_405' title='bbox 967 3267 1335 3348; x_wconf 57' lang='grc' dir='ltr'>διαιρέσεως,</span> <span class='ocrx_word' id='word_1_406' title='bbox 1378 3264 1621 3350; x_wconf 38' lang='grc' dir='ltr'>καὶιτῆς</span> <span class='ocrx_word' id='word_1_407' title='bbox 1644 3266 1870 3333; x_wconf 82' lang='grc' dir='ltr'>τάξεως</span> 
     </span>
    </p>
   </div>
   <div class='ocr_carea' id='block_1_58' title="bbox 1974 3264 3478 3354">
    <p class='ocr_par' dir='ltr' id='par_1_58' title="bbox 2043 3275 3478 3354">
     <span class='ocr_line' id='line_1_58' title="bbox 2043 3275 3478 3354; baseline 0.006 -23"><span class='ocrx_word' id='word_1_408' title='bbox 2043 3275 2175 3346; x_wconf 86' lang='lat' dir='ltr'><strong>Cap.</strong></span> <span class='ocrx_word' id='word_1_409' title='bbox 2208 3276 2272 3330; x_wconf 92' lang='lat' dir='ltr'><strong>ll.</strong></span> <span class='ocrx_word' id='word_1_410' title='bbox 2326 3276 2400 3330; x_wconf 89' lang='lat' dir='ltr'><strong>De</strong></span> <span class='ocrx_word' id='word_1_411' title='bbox 2437 3278 2688 3333; x_wconf 79' lang='lat' dir='ltr'><strong>divisione</strong></span> <span class='ocrx_word' id='word_1_412' title='bbox 2715 3288 2782 3354; x_wconf 76' lang='lat' dir='ltr'><strong>et</strong></span> <span class='ocrx_word' id='word_1_413' title='bbox 2805 3283 2988 3336; x_wconf 83' lang='lat' dir='ltr'><strong>ordine</strong></span> <span class='ocrx_word' id='word_1_414' title='bbox 3029 3283 3286 3337; x_wconf 82' lang='lat' dir='ltr'><strong>librorum</strong></span> <span class='ocrx_word' id='word_1_415' title='bbox 3321 3283 3478 3354; x_wconf 73' lang='lat' dir='ltr'><strong>hujus</strong></span> 
     </span>
    </p>
   </div>
   <div class='ocr_carea' id='block_1_59' title="bbox 593 3342 1922 3416">
    <p class='ocr_par' dir='ltr' id='par_1_59' title="bbox 593 3342 1590 3407">
     <span class='ocr_line' id='line_1_59' title="bbox 593 3342 1590 3407; baseline -0.003 -13"><span class='ocrx_word' id='word_1_416' title='bbox 593 3342 714 3394; x_wconf 79' lang='grc' dir='ltr'>τῶν</span> <span class='ocrx_word' id='word_1_417' title='bbox 735 3342 992 3404; x_wconf 76' lang='grc' dir='ltr'>βιϐλίων</span> <span class='ocrx_word' id='word_1_418' title='bbox 1023 3342 1134 3405; x_wconf 81' lang='grc' dir='ltr'>τῆς</span> <span class='ocrx_word' id='word_1_419' title='bbox 1168 3342 1590 3407; x_wconf 77' lang='grc' dir='ltr'>πραγματείας.</span> 
     </span>
    </p>
   </div>
   <div class='ocr_carea' id='block_1_60' title="bbox 1974 3342 2831 3416">
    <p class='ocr_par' dir='ltr' id='par_1_60' title="bbox 2125 3342 2831 3416">
     <span class='ocr_line' id='line_1_60' title="bbox 2125 3342 2831 3416; baseline 0.017 -22"><span class='ocrx_word' id='word_1_420' title='bbox 2125 3342 2138 3346; x_wconf 77' lang='grc'><strong><em>“</em></strong></span> <span class='ocrx_word' id='word_1_421' title='bbox 2489 3405 2493 3408; x_wconf 57' lang='grc'><strong>,</strong></span> <span class='ocrx_word' id='word_1_422' title='bbox 2644 3352 2831 3416; x_wconf 79' lang='lat' dir='ltr'><strong>operis.</strong></span> 
     </span>
    </p>
   </div>
   <div class='ocr_carea' id='block_1_61' title="bbox 381 3427 1922 3512">
    <p class='ocr_par' dir='ltr' id='par_1_61' title="bbox 381 3427 1870 3505">
     <span class='ocr_line' id='line_1_61' title="bbox 381 3427 1870 3505; baseline -0.007 -15"><span class='ocrx_word' id='word_1_423' title='bbox 381 3435 600 3505; x_wconf 79' lang='grc' dir='ltr'>Ἐπειδὴ</span> <span class='ocrx_word' id='word_1_424' title='bbox 639 3432 820 3486; x_wconf 89' lang='grc' dir='ltr'>τοίνυν</span> <span class='ocrx_word' id='word_1_425' title='bbox 852 3431 1002 3484; x_wconf 81' lang='grc' dir='ltr'>πᾶσα</span> <span class='ocrx_word' id='word_1_426' title='bbox 1031 3430 1282 3498; x_wconf 81' lang='grc' dir='ltr'>ἐνέργεια</span> <span class='ocrx_word' id='word_1_427' title='bbox 1314 3427 1517 3498; x_wconf 78' lang='grc' dir='ltr'>φυσικὴ</span> <span class='ocrx_word' id='word_1_428' title='bbox 1550 3432 1684 3498; x_wconf 84' lang='grc' dir='ltr'>πρὸς</span> <span class='ocrx_word' id='word_1_429' title='bbox 1711 3428 1870 3480; x_wconf 88' lang='grc' dir='ltr'>δύνα-</span> 
     </span>
    </p>
   </div>
   <div class='ocr_carea' id='block_1_62' title="bbox 1974 3427 3548 3512">
    <p class='ocr_par' dir='ltr' id='par_1_62' title="bbox 2046 3437 3548 3512">
     <span class='ocr_line' id='line_1_62' title="bbox 2046 3437 3548 3512; baseline 0.006 -21"><span class='ocrx_word' id='word_1_430' title='bbox 2046 3437 2314 3504; x_wconf 89' lang='lat' dir='ltr'><strong>Quoniam</strong></span> <span class='ocrx_word' id='word_1_431' title='bbox 2347 3441 2512 3509; x_wconf 83' lang='lat' dir='ltr'><strong>igitur</strong></span> <span class='ocrx_word' id='word_1_432' title='bbox 2544 3443 2724 3497; x_wconf 89' lang='lat' dir='ltr'><strong>omnis</strong></span> <span class='ocrx_word' id='word_1_433' title='bbox 2758 3444 3006 3512; x_wconf 86' lang='lat' dir='ltr'><strong>operatio</strong></span> <span class='ocrx_word' id='word_1_434' title='bbox 3031 3446 3302 3498; x_wconf 85' lang='lat' dir='ltr'><strong>naturalis</strong></span> <span class='ocrx_word' id='word_1_435' title='bbox 3326 3447 3548 3501; x_wconf 85' lang='lat' dir='ltr'><strong>relatio-</strong></span> 
     </span>
    </p>
   </div>
   <div class='ocr_carea' id='block_1_63' title="bbox 299 3517 1922 3608">
    <p class='ocr_par' dir='ltr' id='par_1_63' title="bbox 299 3517 1868 3594">
     <span class='ocr_line' id='line_1_63' title="bbox 299 3517 1868 3594; baseline -0.009 -12"><span class='ocrx_word' id='word_1_436' title='bbox 299 3531 394 3594; x_wconf 86' lang='grc' dir='ltr'><strong>μίν</strong></span> <span class='ocrx_word' id='word_1_437' title='bbox 435 3545 555 3582; x_wconf 88' lang='grc' dir='ltr'>τινα</span> <span class='ocrx_word' id='word_1_438' title='bbox 605 3525 866 3591; x_wconf 84' lang='grc' dir='ltr'>λέγεται,</span> <span class='ocrx_word' id='word_1_439' title='bbox 923 3521 1030 3572; x_wconf 82' lang='grc' dir='ltr'>πᾶν</span> <span class='ocrx_word' id='word_1_440' title='bbox 1081 3520 1190 3588; x_wconf 87' lang='grc' dir='ltr'>γὰρ</span> <span class='ocrx_word' id='word_1_441' title='bbox 1239 3517 1468 3585; x_wconf 82' lang='grc' dir='ltr'>δυνάμει</span> <span class='ocrx_word' id='word_1_442' title='bbox 1522 3517 1555 3586; x_wconf 81' lang='grc' dir='ltr'>ἢ</span> <span class='ocrx_word' id='word_1_443' title='bbox 1599 3519 1868 3586; x_wconf 73' lang='grc' dir='ltr'>ἐνεργείᾳ,</span> 
     </span>
    </p>
   </div>
   <div class='ocr_carea' id='block_1_64' title="bbox 1974 3517 3553 3608">
    <p class='ocr_par' dir='ltr' id='par_1_64' title="bbox 1977 3532 3553 3608">
     <span class='ocr_line' id='line_1_64' title="bbox 1977 3532 3553 3608; baseline 0.006 -24"><span class='ocrx_word' id='word_1_444' title='bbox 1977 3547 2098 3584; x_wconf 88' lang='lat' dir='ltr'><strong>nem</strong></span> <span class='ocrx_word' id='word_1_445' title='bbox 2150 3532 2310 3586; x_wconf 89' lang='lat' dir='ltr'><strong>habet</strong></span> <span class='ocrx_word' id='word_1_446' title='bbox 2355 3533 2421 3586; x_wconf 89' lang='lat' dir='ltr'><strong>ad</strong></span> <span class='ocrx_word' id='word_1_447' title='bbox 2466 3533 2703 3602; x_wconf 87' lang='lat' dir='ltr'><strong>aliquam</strong></span> <span class='ocrx_word' id='word_1_448' title='bbox 2756 3536 3050 3602; x_wconf 87' lang='lat' dir='ltr'><strong>potentiam</strong></span> <span class='ocrx_word' id='word_1_449' title='bbox 3083 3536 3553 3608; x_wconf 84' lang='lat' dir='ltr'><strong>(unumquodque</strong></span> 
     </span>
    </p>
   </div>
   <div class='ocr_carea' id='block_1_65' title="bbox 305 3608 1922 3699">
    <p class='ocr_par' dir='ltr' id='par_1_65' title="bbox 305 3608 1896 3681">
     <span class='ocr_line' id='line_1_65' title="bbox 305 3608 1896 3681; baseline -0.009 -9"><span class='ocrx_word' id='word_1_450' title='bbox 305 3616 572 3673; x_wconf 73' lang='grc' dir='ltr'>σκεπτέον</span> <span class='ocrx_word' id='word_1_451' title='bbox 621 3613 878 3681; x_wconf 84' lang='grc' dir='ltr'>ποσαχῶς</span> <span class='ocrx_word' id='word_1_452' title='bbox 926 3611 959 3680; x_wconf 82' lang='grc' dir='ltr'>ἡ</span> <span class='ocrx_word' id='word_1_453' title='bbox 1005 3609 1256 3678; x_wconf 81' lang='grc' dir='ltr'>δύναμις,</span> <span class='ocrx_word' id='word_1_454' title='bbox 1311 3609 1406 3660; x_wconf 73' lang='grc' dir='ltr'><strong>καὶ</strong></span> <span class='ocrx_word' id='word_1_455' title='bbox 1460 3608 1588 3659; x_wconf 82' lang='grc' dir='ltr'>ποία</span> <span class='ocrx_word' id='word_1_456' title='bbox 1640 3608 1896 3675; x_wconf 76' lang='grc' dir='ltr'><strong>δύναμις¹</strong></span> 
     </span>
    </p>
   </div>
   <div class='ocr_carea' id='block_1_66' title="bbox 1974 3608 3552 3699">
    <p class='ocr_par' dir='ltr' id='par_1_66' title="bbox 1974 3623 3552 3699">
     <span class='ocr_line' id='line_1_66' title="bbox 1974 3623 3552 3699; baseline 0.006 -25"><span class='ocrx_word' id='word_1_457' title='bbox 1974 3623 2118 3675; x_wconf 86' lang='lat' dir='ltr'><strong>enim</strong></span> <span class='ocrx_word' id='word_1_458' title='bbox 2150 3632 2232 3678; x_wconf 87' lang='lat' dir='ltr'><strong>est</strong></span> <span class='ocrx_word' id='word_1_459' title='bbox 2261 3626 2492 3693; x_wconf 84' lang='lat' dir='ltr'><strong>potentia</strong></span> <span class='ocrx_word' id='word_1_460' title='bbox 2526 3627 2606 3680; x_wconf 86' lang='lat' dir='ltr'><strong>vel</strong></span> <span class='ocrx_word' id='word_1_461' title='bbox 2636 3626 2782 3696; x_wconf 85' lang='lat' dir='ltr'><strong>actu)</strong></span> <span class='ocrx_word' id='word_1_462' title='bbox 2810 3665 2822 3688; x_wconf 93' lang='lat'><strong>,</strong></span> <span class='ocrx_word' id='word_1_463' title='bbox 2857 3627 3276 3683; x_wconf 74' lang='lat' dir='ltr'><strong>examinandum</strong></span> <span class='ocrx_word' id='word_1_464' title='bbox 3310 3643 3390 3684; x_wconf 88' lang='lat' dir='ltr'><strong>est</strong></span> <span class='ocrx_word' id='word_1_465' title='bbox 3415 3647 3552 3699; x_wconf 75' lang='lat' dir='ltr'><strong>quo~</strong></span> 
     </span>
    </p>
   </div>
   <div class='ocr_carea' id='block_1_67' title="bbox 301 3699 1922 3786">
    <p class='ocr_par' dir='ltr' id='par_1_67' title="bbox 301 3699 1870 3781">
     <span class='ocr_line' id='line_1_67' title="bbox 301 3699 1870 3781; baseline -0.009 -17"><span class='ocrx_word' id='word_1_466' title='bbox 301 3714 434 3781; x_wconf 73' lang='grc' dir='ltr'>ποίᾳ</span> <span class='ocrx_word' id='word_1_467' title='bbox 468 3707 720 3779; x_wconf 73' lang='grc' dir='ltr'>ἐνεργείᾳ</span> <span class='ocrx_word' id='word_1_468' title='bbox 758 3705 1081 3757; x_wconf 77' lang='grc' dir='ltr'>ἀντίκειται.</span> <span class='ocrx_word' id='word_1_469' title='bbox 1133 3699 1508 3768; x_wconf 80' lang='grc' dir='ltr'>Ἀφείσθωσαν</span> <span class='ocrx_word' id='word_1_470' title='bbox 1540 3700 1595 3752; x_wconf 83' lang='grc' dir='ltr'>δὲ</span> <span class='ocrx_word' id='word_1_471' title='bbox 1629 3699 1739 3751; x_wconf 88' lang='grc' dir='ltr'><strong>τῶν</strong></span> <span class='ocrx_word' id='word_1_472' title='bbox 1776 3701 1870 3751; x_wconf 88' lang='grc' dir='ltr'>δυ-</span> 
     </span>
    </p>
   </div>
   <div class='ocr_carea' id='block_1_68' title="bbox 1974 3699 3552 3786">
    <p class='ocr_par' dir='ltr' id='par_1_68' title="bbox 1977 3713 3552 3786">
     <span class='ocr_line' id='line_1_68' title="bbox 1977 3713 3552 3786; baseline 0.004 -21"><span class='ocrx_word' id='word_1_473' title='bbox 1977 3713 2160 3782; x_wconf 70' lang='lat' dir='ltr'><strong>tttplex</strong></span> <span class='ocrx_word' id='word_1_474' title='bbox 2204 3715 2277 3768; x_wconf 92' lang='lat' dir='ltr'><strong>sit</strong></span> <span class='ocrx_word' id='word_1_475' title='bbox 2326 3715 2588 3782; x_wconf 84' lang='lat' dir='ltr'><strong>polentia,</strong></span> <span class='ocrx_word' id='word_1_476' title='bbox 2635 3724 2690 3769; x_wconf 88' lang='lat' dir='ltr'><strong>cl</strong></span> <span class='ocrx_word' id='word_1_477' title='bbox 2730 3717 2905 3786; x_wconf 83' lang='lat' dir='ltr'><strong>qualis</strong></span> <span class='ocrx_word' id='word_1_478' title='bbox 2954 3719 3193 3786; x_wconf 85' lang='lat' dir='ltr'><strong>potentia</strong></span> <span class='ocrx_word' id='word_1_479' title='bbox 3246 3719 3337 3772; x_wconf 81' lang='lat' dir='ltr'><strong>tali</strong></span> <span class='ocrx_word' id='word_1_480' title='bbox 3391 3721 3552 3773; x_wconf 80' lang='lat' dir='ltr'><strong>lalive</strong></span> 
     </span>
    </p>
   </div>
   <div class='ocr_carea' id='block_1_69' title="bbox 301 3792 1922 3880">
    <p class='ocr_par' dir='ltr' id='par_1_69' title="bbox 301 3792 1869 3870">
     <span class='ocr_line' id='line_1_69' title="bbox 301 3792 1869 3870; baseline -0.008 -15"><span class='ocrx_word' id='word_1_481' title='bbox 301 3804 541 3870; x_wconf 80' lang='grc' dir='ltr'>νάμεων,</span> <span class='ocrx_word' id='word_1_482' title='bbox 572 3803 694 3852; x_wconf 81' lang='grc' dir='ltr'>ὅσαι</span> <span class='ocrx_word' id='word_1_483' title='bbox 725 3797 846 3851; x_wconf 85' lang='grc' dir='ltr'>καθ’</span> <span class='ocrx_word' id='word_1_484' title='bbox 894 3793 1214 3864; x_wconf 80' lang='grc' dir='ltr'>ὁμωνυμίαν</span> <span class='ocrx_word' id='word_1_485' title='bbox 1263 3792 1534 3859; x_wconf 85' lang='grc' dir='ltr'>λέγονται.</span> <span class='ocrx_word' id='word_1_486' title='bbox 1583 3792 1737 3845; x_wconf 83' lang='grc' dir='ltr'>Ἐνια</span> <span class='ocrx_word' id='word_1_487' title='bbox 1762 3794 1869 3861; x_wconf 80' lang='grc' dir='ltr'>γὰρ</span> 
     </span>
    </p>
   </div>
   <div class='ocr_carea' id='block_1_70' title="bbox 1974 3792 3552 3880">
    <p class='ocr_par' dir='ltr' id='par_1_70' title="bbox 1975 3805 3552 3880">
     <span class='ocr_line' id='line_1_70' title="bbox 1975 3805 3552 3880; baseline 0.006 -22"><span class='ocrx_word' id='word_1_488' title='bbox 1975 3805 2276 3873; x_wconf 80' lang='lat' dir='ltr'><strong>Operationi</strong></span> <span class='ocrx_word' id='word_1_489' title='bbox 2330 3815 2658 3875; x_wconf 81' lang='lat' dir='ltr'><strong>oppottalttr,</strong></span> <span class='ocrx_word' id='word_1_490' title='bbox 2718 3811 3100 3877; x_wconf 68' lang='lat' dir='ltr'><strong>prwtcrmissis</strong></span> <span class='ocrx_word' id='word_1_491' title='bbox 3141 3813 3552 3880; x_wconf 71' lang='lat' dir='ltr'><strong>operationibus</strong></span> 
     </span>
    </p>
   </div>
   <div class='ocr_carea' id='block_1_71' title="bbox 298 3883 1922 3974">
    <p class='ocr_par' dir='ltr' id='par_1_71' title="bbox 298 3883 1871 3963">
     <span class='ocr_line' id='line_1_71' title="bbox 298 3883 1871 3963; baseline -0.008 -18"><span class='ocrx_word' id='word_1_492' title='bbox 298 3893 578 3963; x_wconf 75' lang='grc' dir='ltr'>ὁμοιότητί</span> <span class='ocrx_word' id='word_1_493' title='bbox 600 3908 707 3942; x_wconf 91' lang='grc' dir='ltr'>τινι</span> <span class='ocrx_word' id='word_1_494' title='bbox 740 3885 1262 3959; x_wconf 80' lang='grc' dir='ltr'>προσαγορεύονται,</span> <span class='ocrx_word' id='word_1_495' title='bbox 1292 3884 1545 3952; x_wconf 82' lang='grc' dir='ltr'>καθάπερ</span> <span class='ocrx_word' id='word_1_496' title='bbox 1574 3883 1633 3934; x_wconf 84' lang='grc' dir='ltr'><strong>ἐν</strong></span> <span class='ocrx_word' id='word_1_497' title='bbox 1656 3898 1871 3951; x_wconf 86' lang='grc' dir='ltr'>γεωμε-</span> 
     </span>
    </p>
   </div>
   <div class='ocr_carea' id='block_1_72' title="bbox 1974 3883 3544 3974">
    <p class='ocr_par' dir='ltr' id='par_1_72' title="bbox 1975 3902 3544 3974">
     <span class='ocr_line' id='line_1_72' title="bbox 1975 3902 3544 3974; baseline 0.007 -26"><span class='ocrx_word' id='word_1_498' title='bbox 1975 3913 2096 3966; x_wconf 70' lang='lat' dir='ltr'><strong>quae</strong></span> <span class='ocrx_word' id='word_1_499' title='bbox 2129 3905 2401 3953; x_wconf 77' lang='lat' dir='ltr'><strong>communi</strong></span> <span class='ocrx_word' id='word_1_500' title='bbox 2448 3902 2803 3969; x_wconf 68' lang='lat' dir='ltr'><strong>designantur</strong></span> <span class='ocrx_word' id='word_1_501' title='bbox 2837 3904 3079 3970; x_wconf 86' lang='lat' dir='ltr'><strong>nomine,</strong></span> <span class='ocrx_word' id='word_1_502' title='bbox 3129 3920 3223 3973; x_wconf 89' lang='lat' dir='ltr'><strong>per</strong></span> <span class='ocrx_word' id='word_1_503' title='bbox 3257 3907 3544 3974; x_wconf 89' lang='lat' dir='ltr'><strong>quamdam</strong></span> 
     </span>
    </p>
   </div>
   <div class='ocr_carea' id='block_1_73' title="bbox 303 3974 1922 4066">
    <p class='ocr_par' dir='ltr' id='par_1_73' title="bbox 303 3974 1870 4058">
     <span class='ocr_line' id='line_1_73' title="bbox 303 3974 1870 4058; baseline -0.008 -19"><span class='ocrx_word' id='word_1_504' title='bbox 303 3987 452 4058; x_wconf 72' lang='grc' dir='ltr'>τρία·</span> <span class='ocrx_word' id='word_1_505' title='bbox 492 3987 585 4038; x_wconf 76' lang='grc' dir='ltr'>καὶ</span> <span class='ocrx_word' id='word_1_506' title='bbox 624 3983 824 4036; x_wconf 81' lang='grc' dir='ltr'>δυνατὰ</span> <span class='ocrx_word' id='word_1_507' title='bbox 875 3982 931 4033; x_wconf 85' lang='grc' dir='ltr'><strong>δέ</strong></span> <span class='ocrx_word' id='word_1_508' title='bbox 980 3997 1122 4044; x_wconf 85' lang='grc' dir='ltr'>τινα,</span> <span class='ocrx_word' id='word_1_509' title='bbox 1161 3979 1256 4030; x_wconf 71' lang='grc' dir='ltr'>καὶ</span> <span class='ocrx_word' id='word_1_510' title='bbox 1299 3976 1532 4029; x_wconf 80' lang='grc' dir='ltr'>ἀδύνατα</span> <span class='ocrx_word' id='word_1_511' title='bbox 1584 3974 1761 4044; x_wconf 81' lang='grc' dir='ltr'>φαμὲν</span> <span class='ocrx_word' id='word_1_512' title='bbox 1809 3974 1870 4027; x_wconf 83' lang='grc' dir='ltr'><strong>τὸ</strong></span> 
     </span>
    </p>
   </div>
   <div class='ocr_carea' id='block_1_74' title="bbox 1974 3974 3548 4066">
    <p class='ocr_par' dir='ltr' id='par_1_74' title="bbox 1975 3988 3548 4066">
     <span class='ocr_line' id='line_1_74' title="bbox 1975 3988 3548 4066; baseline 0.006 -24"><span class='ocrx_word' id='word_1_513' title='bbox 1975 3988 2119 4043; x_wconf 80' lang='lat' dir='ltr'><strong>enim</strong></span> <span class='ocrx_word' id='word_1_514' title='bbox 2151 3991 2562 4046; x_wconf 86' lang='lat' dir='ltr'><strong>similitudinem</strong></span> <span class='ocrx_word' id='word_1_515' title='bbox 2596 4003 3016 4060; x_wconf 88' lang='lat' dir='ltr'><strong>nuncupantur:</strong></span> <span class='ocrx_word' id='word_1_516' title='bbox 3065 3995 3204 4049; x_wconf 88' lang='lat' dir='ltr'><strong>sicut</strong></span> <span class='ocrx_word' id='word_1_517' title='bbox 3241 3996 3294 4048; x_wconf 92' lang='lat' dir='ltr'><strong>in</strong></span> <span class='ocrx_word' id='word_1_518' title='bbox 3330 4012 3548 4066; x_wconf 83' lang='lat' dir='ltr'><strong>geome—</strong></span> 
     </span>
    </p>
   </div>
   <div class='ocr_carea' id='block_1_75' title="bbox 300 4065 1922 4156">
    <p class='ocr_par' dir='ltr' id='par_1_75' title="bbox 300 4065 1866 4146">
     <span class='ocr_line' id='line_1_75' title="bbox 300 4065 1866 4146; baseline -0.009 -12"><span class='ocrx_word' id='word_1_519' title='bbox 300 4078 443 4134; x_wconf 69' lang='grc' dir='ltr'>εἶναι</span> <span class='ocrx_word' id='word_1_520' title='bbox 475 4079 615 4142; x_wconf 74' lang='grc' dir='ltr'>πῶς,</span> <span class='ocrx_word' id='word_1_521' title='bbox 647 4077 680 4145; x_wconf 84' lang='grc' dir='ltr'><strong>ἢ</strong></span> <span class='ocrx_word' id='word_1_522' title='bbox 731 4074 804 4146; x_wconf 84' lang='grc' dir='ltr'><strong>μὴ</strong></span> <span class='ocrx_word' id='word_1_523' title='bbox 837 4072 995 4127; x_wconf 87' lang='grc' dir='ltr'>εἶναι.</span> <span class='ocrx_word' id='word_1_524' title='bbox 1036 4073 1256 4142; x_wconf 84' lang='grc' dir='ltr'>Ῥητέον</span> <span class='ocrx_word' id='word_1_525' title='bbox 1283 4069 1337 4122; x_wconf 77' lang='grc' dir='ltr'>δὲ</span> <span class='ocrx_word' id='word_1_526' title='bbox 1377 4069 1505 4138; x_wconf 75' lang='grc' dir='ltr'>περὶ</span> <span class='ocrx_word' id='word_1_527' title='bbox 1537 4066 1643 4128; x_wconf 82' lang='grc' dir='ltr'><strong>τῶν</strong></span> <span class='ocrx_word' id='word_1_528' title='bbox 1672 4065 1866 4125; x_wconf 55' lang='lat' dir='ltr'><strong>allow.</strong></span> 
     </span>
    </p>
   </div>
   <div class='ocr_carea' id='block_1_76' title="bbox 1974 4065 3550 4156">
    <p class='ocr_par' dir='ltr' id='par_1_76' title="bbox 1977 4081 3550 4156">
     <span class='ocr_line' id='line_1_76' title="bbox 1977 4081 3550 4156; baseline 0.005 -22"><span class='ocrx_word' id='word_1_529' title='bbox 1977 4083 2077 4134; x_wconf 86' lang='lat' dir='ltr'><strong>tria</strong></span> <span class='ocrx_word' id='word_1_530' title='bbox 2112 4081 2356 4149; x_wconf 64' lang='lat' dir='ltr'><strong>quaedam</strong></span> <span class='ocrx_word' id='word_1_531' title='bbox 2385 4092 2438 4136; x_wconf 90' lang='lat' dir='ltr'><strong>et</strong></span> <span class='ocrx_word' id='word_1_532' title='bbox 2485 4083 2765 4150; x_wconf 84' lang='lat' dir='ltr'><strong>possibilia</strong></span> <span class='ocrx_word' id='word_1_533' title='bbox 2818 4084 3050 4138; x_wconf 81' lang='lat' dir='ltr'><strong>dicimus</strong></span> <span class='ocrx_word' id='word_1_534' title='bbox 3084 4094 3138 4139; x_wconf 86' lang='lat' dir='ltr'><strong>et</strong></span> <span class='ocrx_word' id='word_1_535' title='bbox 3191 4086 3550 4156; x_wconf 83' lang='lat' dir='ltr'><strong>impossibilia</strong></span> 
     </span>
    </p>
   </div>
   <div class='ocr_carea' id='block_1_77' title="bbox 1974 4173 3547 4246">
    <p class='ocr_par' dir='ltr' id='par_1_77' title="bbox 1974 4173 3547 4246">
     <span class='ocr_line' id='line_1_77' title="bbox 1974 4173 3547 4246; baseline 0.004 -20"><span class='ocrx_word' id='word_1_536' title='bbox 1974 4187 2096 4226; x_wconf 86' lang='lat' dir='ltr'><strong>esse</strong></span> <span class='ocrx_word' id='word_1_537' title='bbox 2134 4173 2316 4238; x_wconf 86' lang='lat' dir='ltr'><strong>aliquo</strong></span> <span class='ocrx_word' id='word_1_538' title='bbox 2360 4175 2520 4228; x_wconf 89' lang='lat' dir='ltr'><strong>modo</strong></span> <span class='ocrx_word' id='word_1_539' title='bbox 2566 4186 2754 4229; x_wconf 85' lang='lat' dir='ltr'><strong>etnon</strong></span> <span class='ocrx_word' id='word_1_540' title='bbox 2785 4191 2926 4240; x_wconf 87' lang='lat' dir='ltr'><strong>esse,</strong></span> <span class='ocrx_word' id='word_1_541' title='bbox 2970 4177 3114 4246; x_wconf 90' lang='lat' dir='ltr'><strong>quod</strong></span> <span class='ocrx_word' id='word_1_542' title='bbox 3149 4179 3311 4231; x_wconf 89' lang='lat' dir='ltr'><strong>etiam</strong></span> <span class='ocrx_word' id='word_1_543' title='bbox 3358 4179 3547 4234; x_wconf 83' lang='lat' dir='ltr'><strong>dlCt‘n-</strong></span> 
     </span>
    </p>
   </div>
   <div class='ocr_carea' id='block_1_78' title="bbox 1977 4265 2376 4321">
    <p class='ocr_par' dir='ltr' id='par_1_78' title="bbox 1977 4265 2376 4321">
     <span class='ocr_line' id='line_1_78' title="bbox 1977 4265 2376 4321; baseline 0.01 -3"><span class='ocrx_word' id='word_1_544' title='bbox 1977 4265 2104 4318; x_wconf 85' lang='lat' dir='ltr'><strong>dum</strong></span> <span class='ocrx_word' id='word_1_545' title='bbox 2134 4267 2198 4320; x_wconf 91' lang='lat' dir='ltr'><strong>de</strong></span> <span class='ocrx_word' id='word_1_546' title='bbox 2230 4265 2376 4321; x_wconf 83' lang='lat' dir='ltr'><strong>aliis.</strong></span> 
     </span>
    </p>
   </div>
   <div class='ocr_carea' id='block_1_79' title="bbox 379 4350 1922 4432">
    <p class='ocr_par' dir='ltr' id='par_1_79' title="bbox 379 4350 1868 4422">
     <span class='ocr_line' id='line_1_79' title="bbox 379 4350 1868 4422; baseline -0.003 -13"><span class='ocrx_word' id='word_1_547' title='bbox 379 4350 537 4408; x_wconf 81' lang='grc' dir='ltr'>Ἐστι</span> <span class='ocrx_word' id='word_1_548' title='bbox 569 4355 749 4408; x_wconf 83' lang='grc' dir='ltr'>τοίνυν</span> <span class='ocrx_word' id='word_1_549' title='bbox 787 4353 1017 4422; x_wconf 86' lang='grc' dir='ltr'>δύναμις</span> <span class='ocrx_word' id='word_1_550' title='bbox 1042 4353 1076 4422; x_wconf 82' lang='grc' dir='ltr'><strong>ἡ</strong></span> <span class='ocrx_word' id='word_1_551' title='bbox 1099 4352 1396 4422; x_wconf 76' lang='grc' dir='ltr'>παθητικὴ,</span> <span class='ocrx_word' id='word_1_552' title='bbox 1431 4353 1465 4422; x_wconf 76' lang='grc' dir='ltr'>ἡ</span> <span class='ocrx_word' id='word_1_553' title='bbox 1491 4351 1548 4404; x_wconf 81' lang='grc' dir='ltr'>δὲ</span> <span class='ocrx_word' id='word_1_554' title='bbox 1586 4352 1868 4421; x_wconf 75' lang='grc' dir='ltr'>ποιητική.</span> 
     </span>
    </p>
   </div>
   <div class='ocr_carea' id='block_1_80' title="bbox 1974 4350 3521 4432">
    <p class='ocr_par' dir='ltr' id='par_1_80' title="bbox 2047 4356 3521 4432">
     <span class='ocr_line' id='line_1_80' title="bbox 2047 4356 3521 4432; baseline 0.003 -22"><span class='ocrx_word' id='word_1_555' title='bbox 2047 4356 2141 4411; x_wconf 88' lang='lat' dir='ltr'><strong>Est</strong></span> <span class='ocrx_word' id='word_1_556' title='bbox 2165 4359 2327 4428; x_wconf 78' lang='lat' dir='ltr'><strong>igitur</strong></span> <span class='ocrx_word' id='word_1_557' title='bbox 2356 4361 2596 4429; x_wconf 90' lang='lat' dir='ltr'><strong>potentia</strong></span> <span class='ocrx_word' id='word_1_558' title='bbox 2631 4362 2842 4430; x_wconf 78' lang='lat' dir='ltr'><strong>passiva</strong></span> <span class='ocrx_word' id='word_1_559' title='bbox 2871 4371 2925 4417; x_wconf 90' lang='lat' dir='ltr'><strong>et</strong></span> <span class='ocrx_word' id='word_1_560' title='bbox 2953 4365 3190 4432; x_wconf 87' lang='lat' dir='ltr'><strong>potentia</strong></span> <span class='ocrx_word' id='word_1_561' title='bbox 3219 4363 3416 4417; x_wconf 88' lang='lat' dir='ltr'><strong>aetiva.</strong></span> <span class='ocrx_word' id='word_1_562' title='bbox 3444 4361 3521 4415; x_wconf 84' lang='lat' dir='ltr'><strong>Po</strong></span> 
     </span>
    </p>
   </div>
   <div class='ocr_carea' id='block_1_81' title="bbox 300 4442 1922 4522">
    <p class='ocr_par' dir='ltr' id='par_1_81' title="bbox 300 4442 1867 4516">
     <span class='ocr_line' id='line_1_81' title="bbox 300 4442 1867 4516; baseline -0.005 -14"><span class='ocrx_word' id='word_1_563' title='bbox 300 4449 412 4502; x_wconf 78' lang='lat' dir='ltr'><strong>Kal</strong></span> <span class='ocrx_word' id='word_1_564' title='bbox 445 4449 512 4516; x_wconf 82' lang='grc' dir='ltr'>τῇ</span> <span class='ocrx_word' id='word_1_565' title='bbox 548 4445 646 4515; x_wconf 83' lang='grc' dir='ltr'>μὲν</span> <span class='ocrx_word' id='word_1_566' title='bbox 677 4444 950 4513; x_wconf 86' lang='grc' dir='ltr'>παθητικῇ</span> <span class='ocrx_word' id='word_1_567' title='bbox 995 4444 1145 4496; x_wconf 88' lang='grc' dir='ltr'>δοκεῖ</span> <span class='ocrx_word' id='word_1_568' title='bbox 1194 4445 1448 4513; x_wconf 82' lang='grc' dir='ltr'>ἐνέργεια</span> <span class='ocrx_word' id='word_1_569' title='bbox 1502 4442 1867 4506; x_wconf 86' lang='grc' dir='ltr'>ἀντικεῖσθαι,</span> 
     </span>
    </p>
   </div>
   <div class='ocr_carea' id='block_1_82' title="bbox 1974 4442 3549 4522">
    <p class='ocr_par' dir='ltr' id='par_1_82' title="bbox 1982 4450 3549 4522">
     <span class='ocr_line' id='line_1_82' title="bbox 1982 4450 3549 4522; baseline 0.005 -20"><span class='ocrx_word' id='word_1_570' title='bbox 1982 4450 2164 4504; x_wconf 70' lang='lat' dir='ltr'><strong>tentia:</strong></span> <span class='ocrx_word' id='word_1_571' title='bbox 2188 4451 2417 4519; x_wconf 69' lang='lat' dir='ltr'><strong>passiva:</strong></span> <span class='ocrx_word' id='word_1_572' title='bbox 2440 4452 2638 4520; x_wconf 79' lang='lat' dir='ltr'><strong>apponi</strong></span> <span class='ocrx_word' id='word_1_573' title='bbox 2666 4461 2915 4508; x_wconf 89' lang='lat' dir='ltr'><strong>censetur</strong></span> <span class='ocrx_word' id='word_1_574' title='bbox 2943 4456 3189 4521; x_wconf 74' lang='lat' dir='ltr'><strong>operatio</strong></span> <span class='ocrx_word' id='word_1_575' title='bbox 3223 4469 3342 4522; x_wconf 78' lang='lat' dir='ltr'><strong>qua:</strong></span> <span class='ocrx_word' id='word_1_576' title='bbox 3375 4456 3549 4510; x_wconf 85' lang='lat' dir='ltr'><strong>forma</strong></span> 
     </span>
    </p>
   </div>
   <div class='ocr_carea' id='block_1_83' title="bbox 298 4535 1922 4614">
    <p class='ocr_par' dir='ltr' id='par_1_83' title="bbox 298 4535 1922 4611">
     <span class='ocr_line' id='line_1_83' title="bbox 298 4535 1922 4611; baseline -0.002 -19"><span class='ocrx_word' id='word_1_577' title='bbox 298 4541 424 4611; x_wconf 73' lang='grc' dir='ltr'>ἣτις</span> <span class='ocrx_word' id='word_1_578' title='bbox 449 4541 545 4592; x_wconf 77' lang='grc' dir='ltr'><strong>καὶ</strong></span> <span class='ocrx_word' id='word_1_579' title='bbox 566 4535 724 4602; x_wconf 77' lang='grc' dir='ltr'>εἶδος,</span> <span class='ocrx_word' id='word_1_580' title='bbox 747 4537 844 4590; x_wconf 74' lang='grc' dir='ltr'>καὶ</span> <span class='ocrx_word' id='word_1_581' title='bbox 873 4535 1176 4604; x_wconf 76' lang='grc' dir='ltr'>ἐντελέχεια</span> <span class='ocrx_word' id='word_1_582' title='bbox 1200 4535 1388 4606; x_wconf 76' lang='grc' dir='ltr'>πρώτη</span> <span class='ocrx_word' id='word_1_583' title='bbox 1411 4537 1658 4588; x_wconf 85' lang='grc' dir='ltr'>καλεῖται</span> <span class='ocrx_word' id='word_1_584' title='bbox 1679 4551 1692 4566; x_wconf 85' lang='grc'>⁶</span> <span class='ocrx_word' id='word_1_585' title='bbox 1739 4535 1869 4589; x_wconf 78' lang='grc' dir='ltr'>ἓκα-</span> <span class='ocrx_word' id='word_1_586' title='bbox 1906 4536 1922 4590; x_wconf 89' lang='grc'><strong>1</strong></span> 
     </span>
    </p>
   </div>
   <div class='ocr_carea' id='block_1_84' title="bbox 1974 4535 3548 4614">
    <p class='ocr_par' dir='ltr' id='par_1_84' title="bbox 1979 4541 3548 4614">
     <span class='ocr_line' id='line_1_84' title="bbox 1979 4541 3548 4614; baseline 0.004 -22"><span class='ocrx_word' id='word_1_587' title='bbox 1979 4551 2032 4592; x_wconf 89' lang='lat' dir='ltr'><strong>et</strong></span> <span class='ocrx_word' id='word_1_588' title='bbox 2080 4541 2338 4608; x_wconf 87' lang='lat' dir='ltr'><strong>perfectio</strong></span> <span class='ocrx_word' id='word_1_589' title='bbox 2387 4545 2558 4610; x_wconf 90' lang='lat' dir='ltr'><strong>prima</strong></span> <span class='ocrx_word' id='word_1_590' title='bbox 2607 4553 2868 4597; x_wconf 82' lang='lat' dir='ltr'><strong>vocatur:</strong></span> <span class='ocrx_word' id='word_1_591' title='bbox 2927 4559 3048 4597; x_wconf 89' lang='lat' dir='ltr'><strong>nam</strong></span> <span class='ocrx_word' id='word_1_592' title='bbox 3100 4545 3548 4614; x_wconf 85' lang='lat' dir='ltr'><strong>unumquodque,</strong></span> 
     </span>
    </p>
   </div>
   <div class='ocr_carea' id='block_1_85' title="bbox 304 4619 1922 4703">
    <p class='ocr_par' dir='ltr' id='par_1_85' title="bbox 304 4619 1875 4703">
     <span class='ocr_line' id='line_1_85' title="bbox 304 4619 1875 4703; baseline -0.004 -19"><span class='ocrx_word' id='word_1_593' title='bbox 304 4650 430 4685; x_wconf 89' lang='grc' dir='ltr'>στον</span> <span class='ocrx_word' id='word_1_594' title='bbox 471 4634 578 4701; x_wconf 71' lang='grc' dir='ltr'><strong>γὰρ</strong></span> <span class='ocrx_word' id='word_1_595' title='bbox 697 4633 894 4698; x_wconf 82' lang='grc' dir='ltr'>πάσχει</span> <span class='ocrx_word' id='word_1_596' title='bbox 921 4619 1172 4681; x_wconf 77' lang='grc' dir='ltr'>δεκτικόν</span> <span class='ocrx_word' id='word_1_597' title='bbox 1225 4630 1340 4678; x_wconf 84' lang='grc' dir='ltr'>ἐστι</span> <span class='ocrx_word' id='word_1_598' title='bbox 1377 4627 1472 4679; x_wconf 78' lang='grc' dir='ltr'>τοῦ</span> <span class='ocrx_word' id='word_1_599' title='bbox 1517 4627 1648 4678; x_wconf 78' lang='grc' dir='ltr'>ἰδίου</span> <span class='ocrx_word' id='word_1_600' title='bbox 1701 4627 1875 4690; x_wconf 74' lang='grc' dir='ltr'>εἴδους</span> 
     </span>
    </p>
   </div>
   <div class='ocr_carea' id='block_1_86' title="bbox 1974 4619 3552 4703">
    <p class='ocr_par' dir='ltr' id='par_1_86' title="bbox 1979 4630 3552 4702">
     <span class='ocr_line' id='line_1_86' title="bbox 1979 4630 3552 4702; baseline 0.007 -22"><span class='ocrx_word' id='word_1_601' title='bbox 1979 4639 2248 4697; x_wconf 88' lang='lat' dir='ltr'><strong>quatenus</strong></span> <span class='ocrx_word' id='word_1_602' title='bbox 2274 4637 2357 4682; x_wconf 89' lang='lat' dir='ltr'><strong>est</strong></span> <span class='ocrx_word' id='word_1_603' title='bbox 2399 4630 2699 4698; x_wconf 85' lang='lat' dir='ltr'><strong>passivum,</strong></span> <span class='ocrx_word' id='word_1_604' title='bbox 2756 4646 2927 4699; x_wconf 79' lang='lat' dir='ltr'><strong>capax</strong></span> <span class='ocrx_word' id='word_1_605' title='bbox 2974 4644 3056 4686; x_wconf 89' lang='lat' dir='ltr'><strong>est</strong></span> <span class='ocrx_word' id='word_1_606' title='bbox 3087 4634 3318 4702; x_wconf 79' lang='lat' dir='ltr'><strong>propriae</strong></span> <span class='ocrx_word' id='word_1_607' title='bbox 3363 4635 3552 4690; x_wconf 77' lang='lat' dir='ltr'><strong>formae</strong></span> 
     </span>
    </p>
   </div>
   <div class='ocr_carea' id='block_1_87' title="bbox 300 4719 1922 4793">
    <p class='ocr_par' dir='ltr' id='par_1_87' title="bbox 300 4719 1876 4793">
     <span class='ocr_line' id='line_1_87' title="bbox 300 4719 1876 4793; baseline -0.002 -16"><span class='ocrx_word' id='word_1_608' title='bbox 300 4725 436 4793; x_wconf 76' lang='grc' dir='ltr'>πρὸς</span> <span class='ocrx_word' id='word_1_609' title='bbox 469 4724 495 4776; x_wconf 88' lang='grc' dir='ltr'>ὃ</span> <span class='ocrx_word' id='word_1_610' title='bbox 543 4724 765 4792; x_wconf 80' lang='grc' dir='ltr'>δυνάμει</span> <span class='ocrx_word' id='word_1_611' title='bbox 823 4721 1076 4788; x_wconf 82' lang='grc' dir='ltr'>λέγεται’</span> <span class='ocrx_word' id='word_1_612' title='bbox 1108 4722 1172 4790; x_wconf 80' lang='grc' dir='ltr'>τῇ</span> <span class='ocrx_word' id='word_1_613' title='bbox 1223 4719 1278 4772; x_wconf 80' lang='grc' dir='ltr'>δὲ</span> <span class='ocrx_word' id='word_1_614' title='bbox 1332 4719 1594 4789; x_wconf 83' lang='grc' dir='ltr'>δραστικῇ</span> <span class='ocrx_word' id='word_1_615' title='bbox 1651 4719 1876 4789; x_wconf 85' lang='grc' dir='ltr'>δυνάμει</span> 
     </span>
    </p>
   </div>
   <div class='ocr_carea' id='block_1_88' title="bbox 1974 4719 3643 4793">
    <p class='ocr_par' dir='ltr' id='par_1_88' title="bbox 1977 4722 3643 4792">
     <span class='ocr_line' id='line_1_88' title="bbox 1977 4722 3643 4792; baseline 0.005 -18"><span class='ocrx_word' id='word_1_616' title='bbox 1977 4722 2201 4775; x_wconf 89' lang='lat' dir='ltr'><strong>relative</strong></span> <span class='ocrx_word' id='word_1_617' title='bbox 2231 4723 2294 4774; x_wconf 89' lang='lat' dir='ltr'><strong>ad</strong></span> <span class='ocrx_word' id='word_1_618' title='bbox 2325 4736 2486 4790; x_wconf 90' lang='lat' dir='ltr'><strong>quam</strong></span> <span class='ocrx_word' id='word_1_619' title='bbox 2524 4738 2646 4778; x_wconf 91' lang='lat' dir='ltr'><strong>esse</strong></span> <span class='ocrx_word' id='word_1_620' title='bbox 2674 4723 2725 4776; x_wconf 91' lang='lat' dir='ltr'><strong>in</strong></span> <span class='ocrx_word' id='word_1_621' title='bbox 2756 4726 2995 4792; x_wconf 89' lang='lat' dir='ltr'><strong>potentia</strong></span> <span class='ocrx_word' id='word_1_622' title='bbox 3030 4727 3250 4780; x_wconf 86' lang='lat' dir='ltr'><strong>dicitur.</strong></span> <span class='ocrx_word' id='word_1_623' title='bbox 3281 4727 3551 4782; x_wconf 67' lang='lat' dir='ltr'><strong>Potentia:</strong></span> <span class='ocrx_word' id='word_1_624' title='bbox 3624 4724 3643 4744; x_wconf 75' lang='grc'><strong>¹’</strong></span> 
     </span>
    </p>
   </div>
   <div class='ocr_carea' id='block_1_89' title="bbox 297 4812 1922 4884">
    <p class='ocr_par' dir='ltr' id='par_1_89' title="bbox 297 4812 1872 4884">
     <span class='ocr_line' id='line_1_89' title="bbox 297 4812 1872 4884; baseline -0.005 -13"><span class='ocrx_word' id='word_1_625' title='bbox 297 4818 604 4871; x_wconf 75' lang='grc' dir='ltr'>ἀντίκειται</span> <span class='ocrx_word' id='word_1_626' title='bbox 632 4816 884 4884; x_wconf 81' lang='grc' dir='ltr'>ἐνέργεια</span> <span class='ocrx_word' id='word_1_627' title='bbox 930 4812 1280 4882; x_wconf 84' lang='grc' dir='ltr'>ἡδραστική.</span> <span class='ocrx_word' id='word_1_628' title='bbox 1332 4813 1518 4881; x_wconf 61' lang='lat' dir='ltr'><strong>Ilio-qq</strong></span> <span class='ocrx_word' id='word_1_629' title='bbox 1561 4812 1670 4881; x_wconf 82' lang='grc' dir='ltr'>γὰρ</span> <span class='ocrx_word' id='word_1_630' title='bbox 1719 4814 1872 4881; x_wconf 83' lang='grc' dir='ltr'>ἐνερ-</span> 
     </span>
    </p>
   </div>
   <div class='ocr_carea' id='block_1_90' title="bbox 1974 4812 3608 4884">
    <p class='ocr_par' dir='ltr' id='par_1_90' title="bbox 1978 4812 3608 4884">
     <span class='ocr_line' id='line_1_90' title="bbox 1978 4812 3608 4884; baseline 0.006 -20"><span class='ocrx_word' id='word_1_631' title='bbox 1978 4826 2108 4865; x_wconf 87' lang='lat' dir='ltr'><strong>vero</strong></span> <span class='ocrx_word' id='word_1_632' title='bbox 2138 4812 2332 4865; x_wconf 77' lang='lat' dir='ltr'><strong>activae</strong></span> <span class='ocrx_word' id='word_1_633' title='bbox 2356 4813 2530 4866; x_wconf 85' lang='lat' dir='ltr'><strong>activa</strong></span> <span class='ocrx_word' id='word_1_634' title='bbox 2567 4816 2860 4882; x_wconf 80' lang='lat' dir='ltr'><strong>Opponitur</strong></span> <span class='ocrx_word' id='word_1_635' title='bbox 2884 4816 3163 4884; x_wconf 88' lang='lat' dir='ltr'><strong>operatio:</strong></span> <span class='ocrx_word' id='word_1_636' title='bbox 3201 4817 3379 4872; x_wconf 71' lang='lat' dir='ltr'><strong>natiiis</strong></span> <span class='ocrx_word' id='word_1_637' title='bbox 3401 4821 3545 4872; x_wconf 90' lang='lat' dir='ltr'><strong>enim</strong></span> <span class='ocrx_word' id='word_1_638' title='bbox 3600 4820 3608 4874; x_wconf 71' lang='grc' dir='ltr'><strong>ἑ</strong></span> 
     </span>
    </p>
   </div>
   <div class='ocr_carea' id='block_1_91' title="bbox 294 4903 1922 4977">
    <p class='ocr_par' dir='ltr' id='par_1_91' title="bbox 294 4903 1873 4977">
     <span class='ocr_line' id='line_1_91' title="bbox 294 4903 1873 4977; baseline -0.003 -17"><span class='ocrx_word' id='word_1_639' title='bbox 294 4908 475 4975; x_wconf 86' lang='grc' dir='ltr'>γείας,</span> <span class='ocrx_word' id='word_1_640' title='bbox 513 4908 611 4977; x_wconf 81' lang='grc' dir='ltr'>τῆς</span> <span class='ocrx_word' id='word_1_641' title='bbox 663 4907 738 4968; x_wconf 82' lang='grc' dir='ltr'>ὡς</span> <span class='ocrx_word' id='word_1_642' title='bbox 777 4907 1023 4976; x_wconf 82' lang='grc' dir='ltr'>ὁράσεως</span> <span class='ocrx_word' id='word_1_643' title='bbox 1071 4906 1390 4974; x_wconf 78' lang='grc' dir='ltr'>Αεγομένης,</span> <span class='ocrx_word' id='word_1_644' title='bbox 1441 4903 1586 4974; x_wconf 81' lang='grc' dir='ltr'>ἀρχὴ</span> <span class='ocrx_word' id='word_1_645' title='bbox 1643 4903 1873 4972; x_wconf 85' lang='grc' dir='ltr'>δύναμίς</span> 
     </span>
    </p>
   </div>
   <div class='ocr_carea' id='block_1_92' title="bbox 1974 4903 3546 4977">
    <p class='ocr_par' dir='ltr' id='par_1_92' title="bbox 1975 4903 3546 4975">
     <span class='ocr_line' id='line_1_92' title="bbox 1975 4903 3546 4975; baseline 0.001 -19"><span class='ocrx_word' id='word_1_646' title='bbox 1975 4903 2330 4971; x_wconf 85' lang='lat' dir='ltr'><strong>Operationis,</strong></span> <span class='ocrx_word' id='word_1_647' title='bbox 2379 4920 2500 4973; x_wconf 77' lang='lat' dir='ltr'><strong>qua:</strong></span> <span class='ocrx_word' id='word_1_648' title='bbox 2547 4913 2606 4956; x_wconf 91' lang='lat' dir='ltr'><strong>ut</strong></span> <span class='ocrx_word' id='word_1_649' title='bbox 2647 4904 2788 4958; x_wconf 89' lang='lat' dir='ltr'><strong>actio</strong></span> <span class='ocrx_word' id='word_1_650' title='bbox 2822 4905 3070 4966; x_wconf 88' lang='lat' dir='ltr'><strong>habetur,</strong></span> <span class='ocrx_word' id='word_1_651' title='bbox 3105 4922 3267 4959; x_wconf 75' lang='lat' dir='ltr'><strong>causa</strong></span> <span class='ocrx_word' id='word_1_652' title='bbox 3306 4910 3546 4975; x_wconf 76' lang='lat' dir='ltr'><strong>putentia</strong></span> 
     </span>
    </p>
   </div>
   <div class='ocr_carea' id='block_1_93' title="bbox 295 4995 1922 5067">
    <p class='ocr_par' dir='ltr' id='par_1_93' title="bbox 295 4997 1866 5067">
     <span class='ocr_line' id='line_1_93' title="bbox 295 4997 1866 5067; baseline -0.001 -17"><span class='ocrx_word' id='word_1_653' title='bbox 295 5000 510 5067; x_wconf 84' lang='grc' dir='ltr'>ἐστινὴ</span> <span class='ocrx_word' id='word_1_654' title='bbox 559 4998 822 5066; x_wconf 85' lang='grc' dir='ltr'>δραστική</span> <span class='ocrx_word' id='word_1_655' title='bbox 851 5013 865 5028; x_wconf 78' lang='grc' dir='ltr'><strong><em>ο</em></strong></span> <span class='ocrx_word' id='word_1_656' title='bbox 909 4997 1002 5050; x_wconf 61' lang='grc' dir='ltr'><strong>καὶ¹</strong></span> <span class='ocrx_word' id='word_1_657' title='bbox 1039 4998 1293 5064; x_wconf 82' lang='grc' dir='ltr'>καθάπερ</span> <span class='ocrx_word' id='word_1_658' title='bbox 1329 4998 1361 5067; x_wconf 84' lang='grc' dir='ltr'><strong>ἡ</strong></span> <span class='ocrx_word' id='word_1_659' title='bbox 1406 4997 1671 5064; x_wconf 79' lang='grc' dir='ltr'>ἐνέργεια,</span> <span class='ocrx_word' id='word_1_660' title='bbox 1718 4999 1750 5066; x_wconf 83' lang='grc' dir='ltr'><strong>ἡ</strong></span> <span class='ocrx_word' id='word_1_661' title='bbox 1793 4997 1866 5060; x_wconf 85' lang='grc' dir='ltr'><strong>ὡς</strong></span> 
     </span>
    </p>
   </div>
   <div class='ocr_carea' id='block_1_94' title="bbox 1974 4995 3543 5067">
    <p class='ocr_par' dir='ltr' id='par_1_94' title="bbox 1975 4995 3543 5066">
     <span class='ocr_line' id='line_1_94' title="bbox 1975 4995 3543 5066; baseline 0.001 -16"><span class='ocrx_word' id='word_1_662' title='bbox 1975 4997 2171 5050; x_wconf 80' lang='lat' dir='ltr'><strong>activa.</strong></span> <span class='ocrx_word' id='word_1_663' title='bbox 2214 4995 2276 5049; x_wconf 82' lang='lat' dir='ltr'><strong>Et</strong></span> <span class='ocrx_word' id='word_1_664' title='bbox 2316 4996 2773 5064; x_wconf 85' lang='lat' dir='ltr'><strong>quemadmodum</strong></span> <span class='ocrx_word' id='word_1_665' title='bbox 2822 5000 3072 5065; x_wconf 82' lang='lat' dir='ltr'><strong>operatio</strong></span> <span class='ocrx_word' id='word_1_666' title='bbox 3113 5015 3232 5066; x_wconf 69' lang='lat' dir='ltr'><strong>qua:</strong></span> <span class='ocrx_word' id='word_1_667' title='bbox 3264 5009 3318 5051; x_wconf 90' lang='lat' dir='ltr'><strong>ut</strong></span> <span class='ocrx_word' id='word_1_668' title='bbox 3373 4999 3543 5052; x_wconf 86' lang='lat' dir='ltr'><strong>forma</strong></span> 
     </span>
    </p>
   </div>
   <div class='ocr_carea' id='block_1_95' title="bbox 296 5086 1922 5158">
    <p class='ocr_par' dir='ltr' id='par_1_95' title="bbox 296 5087 1868 5158">
     <span class='ocr_line' id='line_1_95' title="bbox 296 5087 1868 5158; baseline -0.001 -17"><span class='ocrx_word' id='word_1_669' title='bbox 296 5087 433 5151; x_wconf 71' lang='grc' dir='ltr'>εἱδος</span> <span class='ocrx_word' id='word_1_670' title='bbox 460 5087 750 5158; x_wconf 85' lang='grc' dir='ltr'>λεγομένη,</span> <span class='ocrx_word' id='word_1_671' title='bbox 778 5088 1054 5158; x_wconf 80' lang='grc' dir='ltr'>τελειότης</span> <span class='ocrx_word' id='word_1_672' title='bbox 1083 5089 1202 5140; x_wconf 76' lang='grc' dir='ltr'>ἐστὶ</span> <span class='ocrx_word' id='word_1_673' title='bbox 1232 5089 1330 5156; x_wconf 78' lang='grc' dir='ltr'>τῆς</span> <span class='ocrx_word' id='word_1_674' title='bbox 1367 5088 1679 5156; x_wconf 76' lang='grc' dir='ltr'>παθητικῆς</span> <span class='ocrx_word' id='word_1_675' title='bbox 1715 5087 1868 5140; x_wconf 82' lang='grc' dir='ltr'>δυνά-</span> 
     </span>
    </p>
   </div>
   <div class='ocr_carea' id='block_1_96' title="bbox 1974 5086 3547 5158">
    <p class='ocr_par' dir='ltr' id='par_1_96' title="bbox 1974 5086 3547 5158">
     <span class='ocr_line' id='line_1_96' title="bbox 1974 5086 3547 5158; baseline 0.002 -18"><span class='ocrx_word' id='word_1_676' title='bbox 1974 5087 2370 5148; x_wconf 87' lang='lat' dir='ltr'><strong>consideratur.</strong></span> <span class='ocrx_word' id='word_1_677' title='bbox 2411 5098 2494 5143; x_wconf 89' lang='lat' dir='ltr'><strong>est</strong></span> <span class='ocrx_word' id='word_1_678' title='bbox 2527 5086 2785 5156; x_wconf 80' lang='lat' dir='ltr'><strong>perfectio</strong></span> <span class='ocrx_word' id='word_1_679' title='bbox 2813 5091 3066 5157; x_wconf 84' lang='lat' dir='ltr'><strong>potentiae</strong></span> <span class='ocrx_word' id='word_1_680' title='bbox 3095 5089 3338 5158; x_wconf 60' lang='lat' dir='ltr'><strong>passiva,</strong></span> <span class='ocrx_word' id='word_1_681' title='bbox 3377 5091 3447 5143; x_wconf 90' lang='lat' dir='ltr'><strong>ita</strong></span> <span class='ocrx_word' id='word_1_682' title='bbox 3493 5101 3547 5143; x_wconf 86' lang='lat' dir='ltr'><strong>et</strong></span> 
     </span>
    </p>
   </div>
   <div class='ocr_carea' id='block_1_97' title="bbox 300 5179 1922 5252">
    <p class='ocr_par' dir='ltr' id='par_1_97' title="bbox 300 5179 1868 5251">
     <span class='ocr_line' id='line_1_97' title="bbox 300 5179 1868 5251; baseline -0.002 -19"><span class='ocrx_word' id='word_1_683' title='bbox 300 5197 472 5251; x_wconf 86' lang='grc' dir='ltr'>μεως,</span> <span class='ocrx_word' id='word_1_684' title='bbox 504 5181 646 5234; x_wconf 76' lang='grc' dir='ltr'>οὕτω</span> <span class='ocrx_word' id='word_1_685' title='bbox 670 5183 764 5234; x_wconf 76' lang='grc' dir='ltr'><strong>καὶ</strong></span> <span class='ocrx_word' id='word_1_686' title='bbox 792 5182 824 5250; x_wconf 81' lang='grc' dir='ltr'>ἡ</span> <span class='ocrx_word' id='word_1_687' title='bbox 855 5181 1126 5249; x_wconf 81' lang='grc' dir='ltr'>ἐνέργεια,</span> <span class='ocrx_word' id='word_1_688' title='bbox 1163 5181 1194 5248; x_wconf 84' lang='grc' dir='ltr'><strong>ἡ</strong></span> <span class='ocrx_word' id='word_1_689' title='bbox 1224 5179 1298 5242; x_wconf 82' lang='grc' dir='ltr'>ὡς</span> <span class='ocrx_word' id='word_1_690' title='bbox 1338 5181 1530 5248; x_wconf 78' lang='grc' dir='ltr'>δρᾶσις</span> <span class='ocrx_word' id='word_1_691' title='bbox 1571 5180 1868 5248; x_wconf 86' lang='grc' dir='ltr'>λεγομένη,</span> 
     </span>
    </p>
   </div>
   <div class='ocr_carea' id='block_1_98' title="bbox 1974 5179 3546 5252">
    <p class='ocr_par' dir='ltr' id='par_1_98' title="bbox 1975 5181 3546 5252">
     <span class='ocr_line' id='line_1_98' title="bbox 1975 5181 3546 5252; baseline 0.002 -19"><span class='ocrx_word' id='word_1_692' title='bbox 1975 5181 2220 5249; x_wconf 89' lang='lat' dir='ltr'><strong>operatio</strong></span> <span class='ocrx_word' id='word_1_693' title='bbox 2249 5197 2366 5248; x_wconf 71' lang='lat' dir='ltr'><strong>qua:</strong></span> <span class='ocrx_word' id='word_1_694' title='bbox 2391 5189 2448 5235; x_wconf 94' lang='lat' dir='ltr'><strong>ut</strong></span> <span class='ocrx_word' id='word_1_695' title='bbox 2477 5181 2618 5235; x_wconf 87' lang='lat' dir='ltr'><strong>actio</strong></span> <span class='ocrx_word' id='word_1_696' title='bbox 2653 5182 2900 5242; x_wconf 90' lang='lat' dir='ltr'><strong>habetur,</strong></span> <span class='ocrx_word' id='word_1_697' title='bbox 2932 5192 3014 5236; x_wconf 85' lang='lat' dir='ltr'><strong>est</strong></span> <span class='ocrx_word' id='word_1_698' title='bbox 3062 5183 3320 5251; x_wconf 88' lang='lat' dir='ltr'><strong>perfectio</strong></span> <span class='ocrx_word' id='word_1_699' title='bbox 3354 5192 3546 5252; x_wconf 87' lang='lat' dir='ltr'><strong>poten-</strong></span> 
     </span>
    </p>
   </div>
   <div class='ocr_carea' id='block_1_99' title="bbox 294 5271 1922 5344">
    <p class='ocr_par' dir='ltr' id='par_1_99' title="bbox 294 5271 1870 5342">
     <span class='ocr_line' id='line_1_99' title="bbox 294 5271 1870 5342; baseline -0.001 -16"><span class='ocrx_word' id='word_1_700' title='bbox 294 5273 570 5340; x_wconf 81' lang='grc' dir='ltr'>τελειότης</span> <span class='ocrx_word' id='word_1_701' title='bbox 607 5274 724 5327; x_wconf 78' lang='grc' dir='ltr'>ἐστὶ</span> <span class='ocrx_word' id='word_1_702' title='bbox 749 5274 848 5342; x_wconf 79' lang='grc' dir='ltr'>τῆς</span> <span class='ocrx_word' id='word_1_703' title='bbox 880 5272 1177 5342; x_wconf 81' lang='grc' dir='ltr'>δραστικῆς</span> <span class='ocrx_word' id='word_1_704' title='bbox 1211 5271 1520 5340; x_wconf 69' lang='grc' dir='ltr'>δυνάμεως.</span> <span class='ocrx_word' id='word_1_705' title='bbox 1572 5272 1732 5324; x_wconf 78' lang='grc' dir='ltr'>Πᾶσα</span> <span class='ocrx_word' id='word_1_706' title='bbox 1764 5272 1870 5341; x_wconf 81' lang='grc' dir='ltr'>γὰρ</span> 
     </span>
    </p>
   </div>
   <div class='ocr_carea' id='block_1_100' title="bbox 1974 5271 3544 5344">
    <p class='ocr_par' dir='ltr' id='par_1_100' title="bbox 1978 5275 3544 5344">
     <span class='ocr_line' id='line_1_100' title="bbox 1978 5275 3544 5344; baseline 0.001 -18"><span class='ocrx_word' id='word_1_707' title='bbox 1978 5275 2064 5327; x_wconf 64' lang='lat' dir='ltr'><strong>tia:</strong></span> <span class='ocrx_word' id='word_1_708' title='bbox 2096 5277 2314 5328; x_wconf 64' lang='lat' dir='ltr'><strong>activae:</strong></span> <span class='ocrx_word' id='word_1_709' title='bbox 2353 5275 2532 5328; x_wconf 90' lang='lat' dir='ltr'><strong>omnis</strong></span> <span class='ocrx_word' id='word_1_710' title='bbox 2559 5275 2701 5328; x_wconf 92' lang='lat' dir='ltr'><strong>enim</strong></span> <span class='ocrx_word' id='word_1_711' title='bbox 2739 5276 2996 5343; x_wconf 85' lang='lat' dir='ltr'><strong>potentia,</strong></span> <span class='ocrx_word' id='word_1_712' title='bbox 3025 5276 3250 5329; x_wconf 86' lang='lat' dir='ltr'><strong>relative</strong></span> <span class='ocrx_word' id='word_1_713' title='bbox 3274 5278 3338 5329; x_wconf 89' lang='lat' dir='ltr'><strong>ad</strong></span> <span class='ocrx_word' id='word_1_714' title='bbox 3372 5292 3544 5344; x_wconf 82' lang='lat' dir='ltr'><strong>Oppo-</strong></span> 
     </span>
    </p>
   </div>
   <div class='ocr_carea' id='block_1_101' title="bbox 294 5363 1922 5437">
    <p class='ocr_par' dir='ltr' id='par_1_101' title="bbox 294 5363 1868 5436">
     <span class='ocr_line' id='line_1_101' title="bbox 294 5363 1868 5436; baseline -0.003 -17"><span class='ocrx_word' id='word_1_715' title='bbox 294 5367 527 5436; x_wconf 77' lang='grc' dir='ltr'>δύναμις</span> <span class='ocrx_word' id='word_1_716' title='bbox 577 5366 712 5434; x_wconf 80' lang='grc' dir='ltr'>πρὸς</span> <span class='ocrx_word' id='word_1_717' title='bbox 766 5366 864 5435; x_wconf 73' lang='grc' dir='ltr'><strong>τὴν</strong></span> <span class='ocrx_word' id='word_1_718' title='bbox 917 5364 1304 5433; x_wconf 70' lang='grc' dir='ltr'>ἀντικειμένην</span> <span class='ocrx_word' id='word_1_719' title='bbox 1363 5363 1534 5434; x_wconf 81' lang='grc' dir='ltr'>αὐτὴν</span> <span class='ocrx_word' id='word_1_720' title='bbox 1585 5365 1868 5433; x_wconf 78' lang='grc' dir='ltr'>ἐνέργειαν</span> 
     </span>
    </p>
   </div>
   <div class='ocr_carea' id='block_1_102' title="bbox 1974 5363 3541 5437">
    <p class='ocr_par' dir='ltr' id='par_1_102' title="bbox 1976 5367 3541 5437">
     <span class='ocr_line' id='line_1_102' title="bbox 1976 5367 3541 5437; baseline 0.002 -17"><span class='ocrx_word' id='word_1_721' title='bbox 1976 5369 2132 5421; x_wconf 87' lang='lat' dir='ltr'><strong>sitam</strong></span> <span class='ocrx_word' id='word_1_722' title='bbox 2172 5367 2542 5435; x_wconf 87' lang='lat' dir='ltr'><strong>operationem</strong></span> <span class='ocrx_word' id='word_1_723' title='bbox 2583 5376 2844 5437; x_wconf 89' lang='lat' dir='ltr'><strong>spectata,</strong></span> <span class='ocrx_word' id='word_1_724' title='bbox 2873 5369 3106 5436; x_wconf 88' lang='lat' dir='ltr'><strong>estquid</strong></span> <span class='ocrx_word' id='word_1_725' title='bbox 3141 5368 3541 5437; x_wconf 88' lang='lat' dir='ltr'><strong>imperfectum.</strong></span> 
     </span>
    </p>
   </div>
   <div class='ocr_carea' id='block_1_103' title="bbox 297 5457 1922 5530">
    <p class='ocr_par' dir='ltr' id='par_1_103' title="bbox 297 5459 1866 5528">
     <span class='ocr_line' id='line_1_103' title="bbox 297 5459 1866 5528; baseline -0.002 -16"><span class='ocrx_word' id='word_1_726' title='bbox 297 5460 642 5528; x_wconf 80' lang='grc' dir='ltr'>θεωρουμένη</span> <span class='ocrx_word' id='word_1_727' title='bbox 700 5459 897 5528; x_wconf 84' lang='grc' dir='ltr'>ἀτελής</span> <span class='ocrx_word' id='word_1_728' title='bbox 939 5459 1021 5522; x_wconf 85' lang='grc' dir='ltr'><strong>τίς</strong></span> <span class='ocrx_word' id='word_1_729' title='bbox 1073 5459 1341 5526; x_wconf 69' lang='grc' dir='ltr'>ὲσιι.Τῆς</span> <span class='ocrx_word' id='word_1_730' title='bbox 1370 5459 1425 5511; x_wconf 76' lang='grc' dir='ltr'>δὲ</span> <span class='ocrx_word' id='word_1_731' title='bbox 1453 5460 1728 5528; x_wconf 80' lang='grc' dir='ltr'>ἐνεργείας</span> <span class='ocrx_word' id='word_1_732' title='bbox 1768 5460 1866 5527; x_wconf 79' lang='grc' dir='ltr'>τῆς</span> 
     </span>
    </p>
   </div>
   <div class='ocr_carea' id='block_1_104' title="bbox 1974 5457 3540 5530">
    <p class='ocr_par' dir='ltr' id='par_1_104' title="bbox 1975 5457 3540 5530">
     <span class='ocr_line' id='line_1_104' title="bbox 1975 5457 3540 5530; baseline 0.001 -18"><span class='ocrx_word' id='word_1_733' title='bbox 1975 5457 2323 5529; x_wconf 87' lang='lat' dir='ltr'><strong>Operationis</strong></span> <span class='ocrx_word' id='word_1_734' title='bbox 2367 5470 2548 5513; x_wconf 87' lang='lat' dir='ltr'><strong>autem</strong></span> <span class='ocrx_word' id='word_1_735' title='bbox 2582 5475 2702 5529; x_wconf 77' lang='lat' dir='ltr'><strong>qua:</strong></span> <span class='ocrx_word' id='word_1_736' title='bbox 2733 5469 2788 5514; x_wconf 92' lang='lat' dir='ltr'><strong>ut</strong></span> <span class='ocrx_word' id='word_1_737' title='bbox 2823 5462 2962 5514; x_wconf 89' lang='lat' dir='ltr'><strong>actio</strong></span> <span class='ocrx_word' id='word_1_738' title='bbox 2997 5463 3245 5527; x_wconf 90' lang='lat' dir='ltr'><strong>habetur,</strong></span> <span class='ocrx_word' id='word_1_739' title='bbox 3279 5478 3382 5514; x_wconf 86' lang='lat' dir='ltr'><strong>una</strong></span> <span class='ocrx_word' id='word_1_740' title='bbox 3415 5477 3540 5530; x_wconf 81' lang='lat' dir='ltr'><strong>pars</strong></span> 
     </span>
    </p>
   </div>
   <div class='ocr_carea' id='block_1_105' title="bbox 290 5550 1922 5624">
    <p class='ocr_par' dir='ltr' id='par_1_105' title="bbox 290 5550 1861 5622">
     <span class='ocr_line' id='line_1_105' title="bbox 290 5550 1861 5622; baseline -0.002 -17"><span class='ocrx_word' id='word_1_741' title='bbox 290 5553 367 5614; x_wconf 79' lang='lat' dir='ltr'><strong>do;</strong></span> <span class='ocrx_word' id='word_1_742' title='bbox 414 5553 655 5622; x_wconf 79' lang='grc' dir='ltr'>δράσεως</span> <span class='ocrx_word' id='word_1_743' title='bbox 700 5553 1002 5621; x_wconf 84' lang='grc' dir='ltr'>λεγομένης</span> <span class='ocrx_word' id='word_1_744' title='bbox 1055 5552 1086 5620; x_wconf 86' lang='grc' dir='ltr'>ἡ</span> <span class='ocrx_word' id='word_1_745' title='bbox 1131 5553 1228 5620; x_wconf 84' lang='grc' dir='ltr'>μὲν</span> <span class='ocrx_word' id='word_1_746' title='bbox 1279 5552 1393 5603; x_wconf 81' lang='grc' dir='ltr'>ἔστι</span> <span class='ocrx_word' id='word_1_747' title='bbox 1445 5550 1719 5620; x_wconf 75' lang='grc' dir='ltr'>τελειότης</span> <span class='ocrx_word' id='word_1_748' title='bbox 1769 5551 1861 5602; x_wconf 61' lang='grc' dir='ltr'>τοι]</span> 
     </span>
    </p>
   </div>
   <div class='ocr_carea' id='block_1_106' title="bbox 1974 5550 3542 5624">
    <p class='ocr_par' dir='ltr' id='par_1_106' title="bbox 1974 5553 3542 5624">
     <span class='ocr_line' id='line_1_106' title="bbox 1974 5553 3542 5624; baseline -0.001 -17"><span class='ocrx_word' id='word_1_749' title='bbox 1974 5561 2056 5607; x_wconf 93' lang='lat' dir='ltr'><strong>est</strong></span> <span class='ocrx_word' id='word_1_750' title='bbox 2103 5554 2361 5621; x_wconf 65' lang='lat' dir='ltr'><strong>pet-feetio</strong></span> <span class='ocrx_word' id='word_1_751' title='bbox 2409 5553 2581 5622; x_wconf 85' lang='lat' dir='ltr'><strong>ipsius</strong></span> <span class='ocrx_word' id='word_1_752' title='bbox 2627 5554 2860 5624; x_wconf 80' lang='lat' dir='ltr'><strong>agentis,</strong></span> <span class='ocrx_word' id='word_1_753' title='bbox 2911 5554 3112 5609; x_wconf 85' lang='lat' dir='ltr'><strong>nullius</strong></span> <span class='ocrx_word' id='word_1_754' title='bbox 3159 5569 3288 5608; x_wconf 82' lang='lat' dir='ltr'><strong>vero</strong></span> <span class='ocrx_word' id='word_1_755' title='bbox 3334 5557 3542 5609; x_wconf 78' lang='lat' dir='ltr'><strong>externi</strong></span> 
     </span>
    </p>
   </div>
   <div class='ocr_carea' id='block_1_107' title="bbox 292 5643 1922 5716">
    <p class='ocr_par' dir='ltr' id='par_1_107' title="bbox 292 5643 1863 5716">
     <span class='ocr_line' id='line_1_107' title="bbox 292 5643 1863 5716; baseline -0.001 -19"><span class='ocrx_word' id='word_1_756' title='bbox 292 5646 508 5716; x_wconf 77' lang='grc' dir='ltr'>ἔχοντος</span> <span class='ocrx_word' id='word_1_757' title='bbox 585 5647 677 5698; x_wconf 77' lang='grc' dir='ltr'>καὶ</span> <span class='ocrx_word' id='word_1_758' title='bbox 729 5645 942 5707; x_wconf 74' lang='grc' dir='ltr'>οὐδενὸς</span> <span class='ocrx_word' id='word_1_759' title='bbox 993 5643 1194 5708; x_wconf 81' lang='grc' dir='ltr'>ἔξωθεν</span> <span class='ocrx_word' id='word_1_760' title='bbox 1243 5645 1712 5713; x_wconf 51' lang='grc' dir='ltr'>ἀποτελέσματος</span> <span class='ocrx_word' id='word_1_761' title='bbox 1769 5644 1863 5696; x_wconf 68' lang='grc' dir='ltr'>καὶ</span> 
     </span>
    </p>
   </div>
   <div class='ocr_carea' id='block_1_108' title="bbox 1974 5643 3553 5716">
    <p class='ocr_par' dir='ltr' id='par_1_108' title="bbox 1974 5645 3553 5715">
     <span class='ocr_line' id='line_1_108' title="bbox 1974 5645 3553 5715; baseline -0.001 -15"><span class='ocrx_word' id='word_1_762' title='bbox 1974 5645 2216 5700; x_wconf 81' lang='lat' dir='ltr'><strong>effectus.</strong></span> <span class='ocrx_word' id='word_1_763' title='bbox 2248 5645 2367 5700; x_wconf 75' lang='lat' dir='ltr'><strong>llzrc</strong></span> <span class='ocrx_word' id='word_1_764' title='bbox 2394 5645 2573 5700; x_wconf 83' lang='lat' dir='ltr'><strong>vocari</strong></span> <span class='ocrx_word' id='word_1_765' title='bbox 2601 5655 2780 5715; x_wconf 79' lang='lat' dir='ltr'><strong>potest</strong></span> <span class='ocrx_word' id='word_1_766' title='bbox 2803 5647 3134 5715; x_wconf 73' lang='lat' dir='ltr'><strong>Speculativa</strong></span> <span class='ocrx_word' id='word_1_767' title='bbox 3167 5648 3384 5701; x_wconf 90' lang='lat' dir='ltr'><strong>nomine</strong></span> <span class='ocrx_word' id='word_1_768' title='bbox 3403 5663 3553 5700; x_wconf 88' lang='lat' dir='ltr'><strong>com-</strong></span> 
     </span>
    </p>
   </div>
   <div class='ocr_carea' id='block_1_109' title="bbox 361 5825 1215 5898">
    <p class='ocr_par' dir='ltr' id='par_1_109' title="bbox 361 5825 1215 5898">
     <span class='ocr_line' id='line_1_109' title="bbox 361 5825 1215 5898; baseline 0.001 -16"><span class='ocrx_word' id='word_1_769' title='bbox 361 5830 436 5896; x_wconf 78' lang='grc'><strong>(1)</strong></span> <span class='ocrx_word' id='word_1_770' title='bbox 468 5825 689 5879; x_wconf 69' lang='lat' dir='ltr'><strong>Videtur</strong></span> <span class='ocrx_word' id='word_1_771' title='bbox 712 5828 864 5881; x_wconf 75' lang='lat' dir='ltr'><strong>locus</strong></span> <span class='ocrx_word' id='word_1_772' title='bbox 902 5837 1215 5898; x_wconf 70' lang='lat' dir='ltr'><strong>corruptus.</strong></span> 
     </span>
    </p>
   </div>
   <div class='ocr_carea' id='block_1_110' title="bbox 609 5925 3213 5988">
    <p class='ocr_par' dir='ltr' id='par_1_110' title="bbox 609 5925 3213 5988">
     <span class='ocr_line' id='line_1_110' title="bbox 609 5925 3213 5988; baseline 0.002 -6"><span class='ocrx_word' id='word_1_773' title='bbox 609 5925 878 5983; x_wconf 66' lang='lat' dir='ltr'><strong>Pnnoa.</strong></span> <span class='ocrx_word' id='word_1_774' title='bbox 921 5929 1033 5984; x_wconf 76' lang='lat' dir='ltr'><strong>Gn.</strong></span> <span class='ocrx_word' id='word_1_775' title='bbox 1074 5926 1188 5985; x_wconf 81' lang='lat' dir='ltr'><strong>CLI</strong></span> <span class='ocrx_word' id='word_1_776' title='bbox 3133 5927 3213 5988; x_wconf 83' lang='lat'><strong>38</strong></span> 
     </span>
    </p>
   </div>
  </div>
