4046 6442
510 317 658 415 liii?)

1744 323 2145 386 GflEGOlllI
2184 326 2558 390 AClNDYNI

3643 336 3771 400 1196

513 440 686 505 muni,
734 455 912 512 neque
945 440 1091 497 enim
1128 453 1441 498 accuratam
1494 459 1639 499 tutnc
1698 444 1841 501 facio
1897 446 2096 501 deﬁni-

2204 449 2477 505 καλείσθω
2504 451 2648 522 αὕτη
2678 453 2990 526 θεωρητικὴ
3046 455 3212 527 κοινῷ
3261 456 3506 526 ὀνόματι.
3556 459 3631 511 Οὑ
3665 468 3771 527 γὰρ

510 536 743 599 tionem,
768 533 884 601 sed
930 532 1202 590 adumbro
1237 543 1446 590 tantum
1482 550 1603 605 quae
1631 535 1820 591 dicere
1855 536 2100 592 intemlo.

513 636 581 683 nt
619 627 870 698 opposita
927 627 1055 683 huic
1104 628 1410 697 operatioui
1460 630 1703 699 potentia
1760 631 1867 685 dici
1926 641 2105 701 potest

513 720 887 789 speculativa:
930 720 1075 776 sicut
1107 720 1430 792 intelligere,
1458 721 1596 776 velle
1626 734 1677 775 et
1713 722 1937 777 sentire.
1965 721 2103 776 Nam

512 831 581 870 ex
598 823 722 869 actu
753 814 1089 886 intelligendi
1122 815 1327 870 nullum
1360 816 1763 871 intellectorum
1802 816 2101 885 perﬁcitur;

512 908 825 979 intelligens
845 922 999 974 vero,
1022 917 1211 979 utpote
1236 908 1526 963 veritatem
1553 908 1655 963 sibi
1694 908 1868 978 magis
1902 922 2103 978 appro-

512 1001 722 1071 prians,
759 1001 1002 1075 seipsum
1029 1000 1262 1072 perlicit,
1291 1002 1344 1055 in
1367 1011 1635 1071 quantum
1668 1003 1817 1055 omni
1853 1002 2103 1056 intellec-

513 1096 592 1150 tui
629 1095 753 1150 ﬁnis
777 1097 1095 1167 propositus
1133 1107 1218 1151 est
1245 1095 1468 1151 veritas.
1518 1096 1650 1149 Item
1695 1109 1764 1150 ex
1819 1106 1947 1150 actu
2004 1110 2101 1148 vo-

514 1189 659 1246 tendi
713 1190 925 1244 nullum
965 1190 1255 1244 volitorum
1294 1188 1592 1258 perficitur,
1640 1187 1923 1259 perﬁcitur
1972 1202 2100 1243 vero

509 1285 726 1351 volens,
757 1285 886 1355 quia
918 1284 1114 1339 melius
1144 1283 1328 1353 seipso
1361 1282 1616 1339 efﬁcitur.

583 1527 767 1582 Altera
815 1541 939 1596 pars
977 1526 1312 1596 operationis
1342 1526 1533 1582 activae
1559 1535 1641 1583 est
1680 1527 1978 1598 perfectiva
2000 1530 2101 1582 ali-

510 1621 668 1688 cujus
713 1620 1004 1675 exterioris
1040 1619 1304 1675 effectus:
1340 1619 1561 1689 aliquod
1592 1622 1736 1675 enim
1773 1636 1874 1677 ens
1904 1631 2099 1691 poten-

487 1712 585 1766 'tia
611 1713 794 1768 educit
827 1712 883 1765 in
923 1720 1126 1767 actum.
1160 1712 1287 1766 Hzec
1324 1721 1502 1767 autem
1532 1714 1778 1783 potentia
1817 1722 1872 1770 et
1898 1728 2099 1785 opera-

511 1810 585 1861 tio
617 1806 817 1877 duplex
858 1816 976 1861 est:
1002 1821 1107 1860 una
1133 1815 1216 1861 est
1245 1815 1462 1872 natura,
1497 1818 1552 1862 et
1580 1807 1751 1863 altera
1781 1808 2095 1864 voluntate:
2131 1816 2175 1871 Β

506 1914 674 1956 omne
710 1901 857 1956 enim
894 1915 1062 1971 agens
1095 1901 1205 1970 agit
1239 1909 1436 1955 natura
1464 1901 1547 1956 vel
1581 1901 1880 1956 voluntate.
1908 1901 2016 1957 Sed
2048 1902 2105 1955 in

507 1993 932 2061 discrimeuest,
988 1994 1132 2064 quod
1179 2004 1374 2049 natura
1420 1994 1570 2049 circa
1616 2011 1787 2050 unum
1828 2006 2101 2058 versatur,

506 2103 630 2142 nam
660 2087 799 2157 ignis
823 2087 1003 2158 ignem
1028 2102 1250 2155 semper
1268 2095 1516 2157 generat,
1539 2097 1593 2142 et
1610 2087 1775 2143 homo
1797 2087 2101 2151 hominem,

504 2182 759 2237 voluntas
796 2196 926 2235 vero
960 2181 1104 2236 circa
1140 2181 1381 2247 diversa,
1413 2179 1568 2235 verbi
1601 2181 1799 2249 gratia,
1844 2179 1975 2235 facit
2007 2181 2101 2234 do-

501 2292 655 2330 mum
691 2275 770 2330 vel
793 2291 903 2330 non
939 2274 1088 2341 facit,
1124 2283 1176 2330 et
1206 2274 1428 2345 quidem
1466 2274 1627 2329 talem
1660 2274 1740 2329 vel
1776 2273 1963 2341 talem,
1988 2276 2097 2329 nisi

501 2369 818 2440 huiusmodi
851 2371 924 2424 sit
955 2369 1180 2423 volitum
1211 2378 1271 2422 ut
1300 2369 1420 2423 siue
1450 2380 1519 2422 eo
1545 2366 1708 2422 ﬁnem
1748 2376 1997 2423 nostrum
2017 2383 2103 2421 as-

500 2465 658 2535 sequi
706 2478 1067 2532 nequeamus,
1105 2462 1210 2516 hoc
1235 2462 1383 2517 enim
1424 2477 1532 2517 non
1568 2461 1706 2516 velle
1745 2474 1855 2515 non
1900 2475 2099 2531 possu-

500 2540 826 2623 mus,'sicut
851 2556 977 2611 volo
1002 2571 1217 2625 panem,
1245 2555 1365 2611 sine
1386 2568 1496 2625 quo
1528 2555 1712 2610 vivere
1748 2553 1894 2609 haud
1926 2552 2099 2607 valeo.

502 2654 765 2724 Snbjecta
827 2660 1011 2706 autem
1076 2652 1348 2706 voluntati
1406 2650 1647 2721 potentia
1718 2659 1775 2705 et
1850 2648 2096 2716 operatio

500 2746 705 2800 iterum
739 2743 936 2812 duplex
970 2751 1053 2798 est
1087 2759 1102 2797 :
1140 2742 1310 2796 altera
1338 2756 1406 2796 ex
1435 2739 1609 2795 nihilo
1634 2739 1764 2794 facit
1803 2738 2011 2808 aliquid
2042 2748 2097 2792 et

499 2849 732 2895 vocatur
760 2838 1001 2908 potentia
1031 2846 1086 2891 et
1115 2835 1365 2905 operatio
1391 2833 1665 2899 creatrix;
1692 2831 1865 2887 altera
1899 2845 1963 2885 ex
1993 2829 2096 2884 ali-

2207 542 2305 597 νῦν
2334 544 2402 598 δι’
2435 545 2726 616 ἀκριϐείας
2756 548 2855 618 τὴν
2883 547 3150 616 διαίρεσιν
3189 549 3470 620 ποιοῦμαι,
3511 549 3626 606 ἀλλ’
3653 553 3772 606 ὅσον

2206 635 2363 707 τύπῳ
2388 637 2710 707 περιλαϐεῖν
2738 641 2869 709 ’περὶ⁵
2913 633 2991 694 ὧν
3023 642 3200 695 εἰπεῖν
3241 642 3574 712 προεθέμην.
3606 644 3711 698 Καὶ
3735 647 3769 714 ἡ

2206 731 2567 800 ἀντικειμένη
2598 730 2654 784 δὲ
2678 731 2857 799 ταύτῃ
2883 731 3116 803 δύναμις
3139 733 3450 805 θεωρητικὴ
3485 735 3769 799 καλείσθω,

2204 816 2319 877 οἷον
2355 822 2418 874 τὸ
2450 822 2697 891 θεωρεῖν,
2721 828 2819 876 καὶ
2851 824 2911 877 τὸ
2935 823 3245 894 βούλεσθαι,
3275 827 3368 880 καὶ
3399 826 3772 882 αίσθάνεσθαι.

2218 913 2357 966 Ἀπὸ
2402 911 2502 982 μὲν
2542 912 2651 982 γὰρ
2680 913 2774 965 τοὺ
2812 914 3042 984 θεωρεῖν
3086 915 3148 969 οὐ
3187 915 3543 986 προσγίνεται
3579 935 3634 972 τι
3665 920 3773 973 τῶν

2204 1003 2555 1074 νοουμένωνο
2610 1004 2671 1057 τὸ
2725 1005 2783 1058 δὲ
2841 1005 3105 1077 Θεωροῦν,
3139 1008 3237 1062 ἆτε
3287 1008 3489 1079 μᾶλλον
3515 1009 3773 1082 ἀληθείας

2203 1098 2681 1167 ἀντιποιούμενον,
2723 1101 3002 1171 τελειότης
3041 1101 3238 1154 ἐαυτοῦ
3265 1102 3493 1171 γίνεται,
3540 1105 3625 1173 ἐφ’
3649 1106 3774 1157 ὅσον

2206 1193 2368 1245 παντὶ
2399 1192 2474 1262 νῷ
2499 1192 2652 1254 τέλος
2692 1193 3074 1264 ἀντικείμενον
3116 1196 3150 1264 ἡ
3182 1195 3441 1265 ἀλήθειω
3485 1197 3593 1249 ἀπὸ
3632 1195 3676 1249 δ’
3703 1195 3772 1250 αὖ

2203 1286 2298 1340 τοῦ
2332 1284 2619 1353 βούλεσθαι
2647 1286 2759 1339 τῶν
2792 1286 2894 1353 μὲν
2925 1286 3205 1358 βουλητῶν
3235 1288 3296 1341 οὑ
3330 1289 3666 1359 περιγίνεται
3694 1307 3774 1356 τι,

2201 1379 2280 1450 τῷ
2308 1381 2365 1433 δὲ
2389 1379 2704 1452 βουλομένῳ
2737 1380 2814 1452 (2)
2838 1380 2899 1434 τὸ
2923 1380 3279 1451 ἀγαθώτατον
3303 1381 3469 1435 αὐτοῦ
3497 1382 3557 1435 τὸ
3582 1383 3775 1435 ἑαυτὸν

2203 1470 2478 1539 γίνεσθαι.
3125 1513 3135 1523 -

2273 1564 2347 1617 Τὸ
2381 1563 2439 1616 δὲ
2468 1559 2536 1618 αὗ
2565 1564 2755 1635 ἕτερον
2788 1564 2890 1636 τῆς
2921 1563 3220 1637 δραστικῆς
3253 1565 3531 1635 ἐνεργείας
3587 1566 3774 1636 μόριον

2202 1656 2550 1713 τελειωῖικόν
2583 1658 2699 1711 ἐστί
2752 1676 2896 1721 τινος
2927 1658 3125 1726 ἔξωθεν
3147 1660 3615 1729 ἁποτελέσματος’
3646 1661 3778 1714 ἀνα-

2205 1751 2366 1823 φέρει
2399 1753 2509 1823 γάρ
2538 1752 2722 1807 τιτῶν
2758 1751 2958 1819 ἔξωθεν
2983 1755 3445 1819 ἀποτελέσματος.
3488 1752 3775 1823 ’Δναφέρει

2205 1846 2316 1914 γάρ
2349 1861 2403 1897 τι
2436 1845 2545 1898 τῶν
2574 1844 2806 1915 δυνάμει
2832 1846 2912 1909 είς
2940 1844 3003 1898 τὸ
3029 1845 3305 1916 ἐνεργείᾳ.
3345 1844 3561 1915 Ταύτης
3583 1846 3639 1898 δέ
3676 1845 3773 1911 τῆς

2203 1936 2489 2007 δυνάμεως
2540 1939 2637 1992 καὶ
2688 1939 2970 2008 ἐνεργείας
3013 1939 3047 2009 ἡ
3106 1938 3204 2007 μὲν
3262 1937 3377 1991 ἐστι
3420 1936 3602 2006 φύσει,
3642 1939 3678 2007 η
3715 1936 3772 1989 δὲ

2202 2032 2442 2102 θελήσει.
2480 2031 2598 2085 Πᾶν
2638 2030 2749 2101 γὰρ
2773 2031 2833 2085 τὸ
2863 2031 3049 2085 ποιοῦν
3085 2032 3232 2085 ποιεί
3262 2031 3422 2101 φύσει
3463 2031 3495 2101 ἢ
3533 2029 3769 2098 θελήσει.

2202 2124 2461 2195 Διαφέρει
2489 2123 2569 2188 δὲ,
2606 2123 2755 2194 ὅτιή
2805 2124 2904 2192 μὲν
2951 2123 3114 2193 φύσις
3156 2123 3222 2177 ἂν
3268 2122 3402 2193 πρὸς
3444 2121 3503 2175 ἐν
3552 2121 3687 2192 ἔχει,
3712 2121 3770 2174 τὸ

2204 2216 2312 2286 γάρ
2343 2216 2455 2287 πῦρ
2485 2214 2596 2286 πῦρ
2612 2216 2697 2269 ἀεὶ
2725 2217 2912 2287 γεννᾷ,
2935 2216 3029 2269 καὶ
3049 2216 3078 2266 ὁ
3106 2215 3390 2285 ἄνθρωπος
3409 2210 3710 2282 ἄνθρωπον·
3735 2211 3767 2278 ἡ

2197 2308 2254 2363 δὲ
2281 2309 2506 2381 θέλησις
2536 2308 2675 2379 πρὸς
2708 2308 3010 2379 ὁποτέρανο
3046 2302 3157 2361 οἷον
3184 2307 3329 2359 ποιεί
3356 2306 3554 2369 οἰκίαν,
3584 2304 3617 2374 ἢ
3654 2304 3726 2373 μή
3749 2315 3765 2334 ·

2199 2404 2295 2457 καὶ
2324 2402 2558 2468 τοιάνδε,
2589 2403 2623 2473 ἦ
2656 2401 2890 2469 τοιάνδε,
2926 2402 2977 2455 εί
3035 2400 3111 2471 μὴ
3160 2395 3402 2452 τοιοῦτον
3443 2398 3529 2467 είη
3575 2398 3635 2448 τὸ
3684 2396 3762 2446 θε-

2197 2494 2381 2566 λητον,
2435 2493 2496 2546 οὗ
2552 2495 2684 2548 ἄνευ
2716 2494 2902 2563 τυχεῖν
2936 2490 3034 2545 τοῦ
3090 2492 3279 2553 τέλους
3335 2488 3412 2560 μὴ
3456 2485 3763 2556 δυνάμεθα·

2200 2585 2359 2639 τοῦτο
2388 2586 2498 2658 γὰρ
2532 2587 2620 2640 ἀεὶ
2653 2585 2729 2659 μὴ
2781 2585 2957 2640 θέλειν
3005 2586 3068 2637 οὑ
3117 2583 3343 2639 δύναται
3365 2599 3381 2614 ο
3415 2581 3600 2650 ὥσπερ
3631 2579 3769 2632 θέλω

2202 2682 2265 2735 τὸ
2298 2682 2489 2748 σιτίον,
2526 2674 2589 2735 οὗ
2626 2682 2757 2736 ἄνευ
2789 2683 2890 2752 ζῇν
2921 2681 2981 2734 οὐ
3010 2679 3269 2749 δύναμαι.
3317 2676 3429 2746 Τῆς
3457 2678 3520 2747 τῇ
3553 2674 3767 2744 θελήσει

2206 2773 2579 2842 ὑποκειμένης
2612 2773 2896 2842 δυνάμεως
2943 2774 3040 2826 καὶ
3088 2770 3371 2841 ἐνεργείας
3405 2771 3436 2839 ή
3466 2769 3563 2839 μὲν
3589 2771 3650 2821 ἐκ
3677 2765 3771 2819 τοῦ

2207 2865 2477 2935 μηδαμῶς
2519 2864 2749 2936 μηδαμῆ
2780 2865 2926 2918 ποιεί
2953 2864 3081 2935 τι,ἥ
3112 2864 3210 2918 καὶ
3225 2860 3584 2935 δημιουργικὴ
3613 2860 3773 2914 δύνα-

500 2949 612 3004 quo
644 2932 947 2988 exsistcnte
976 2929 1108 2983 facit
1134 2921 1432 2998 aliquid,et
1462 2925 1645 2978 vocari
1697 2931 1877 2992 potest
1905 2933 2098 2992 poten-

500 3028 579 3082 tia
629 3033 684 3080 et
715 3023 964 3094 operatio
995 3021 1319 3092 simpliciter
1368 3016 1668 3089 operati-ix.
1713 3013 2098 3086 Operationem

502 3129 688 3174 autem
720 3116 900 3171 dicere
927 3114 1263 3185 operationis
1293 3111 1570 3175 eﬁectum,
1600 3111 1746 3165 sicut
1768 3122 1860 3164 ars
1898 3108 2101 3163 dicitur

2207 3108 2505 3190 καλείσθω.
2527 3108 2847 3205 Ἐνέργειαν
2866 3108 2928 3187 δὲ
2946 3108 3130 3202 λέγειν
3148 3134 3207 3187 τὸ
3225 3134 3331 3187 άπὸ
3474 3130 3769 3201 ἐνεργείας,

503 3214 641 3269 artis
668 3211 916 3275 effectus,
940 3223 1084 3263 nunc
1105 3208 1288 3261 liceat.

2207 3225 2400 3297 ὥσπερ
2437 3227 2534 3281 καὶ
2556 3229 2752 3297 τέχνην
2789 3227 2851 3281 τὸ
2880 3214 2987 3280 άπδ
3029 3227 3127 3299 τῆς
3170 3225 3384 3298 τέχνης.
3420 3226 3627 3295 ιἐατέον
3649 3224 3767 3278 νῦν.

579 3307 715 3361 Cum
775 3305 942 3375 igitur
1000 3312 1111 3356 tam
1165 3298 1542 3370 multipliciter
1581 3296 1833 3368 operatio
1868 3295 2103 3360 dicatur,

2284 3295 2652 3389 Τοσαυταχῶς
2705 3295 2771 3389 δὴ
2823 3317 2916 3374 οὖν
2967 3295 3091 3390 τῆς⁷
3127 3295 3404 3390 ἐνεργείας
3453 3317 3769 3388 λεγομένης,

506 3398 938 3454 οηηὶίιῖδηάυῐη
979 3405 1063 3451 εει
1094 3404 1278 3450 “"“m
1337 3392 1441 3449 θυι)
1483 3406 1820 3463 quocunque
1850 3402 2102 3460 Γθερθθιυ
2208 3410 2514 3483 θεωρητέον
2544 3411 2594 3464 εί
2639 3411 2734 3464 καὶ
2770 3409 2892 3464 καθ’
2919 3410 3098 3464 ὁτιοῦν
3128 3410 3353 3465 δυνατὸν
3386 3410 3560 3478 λέγειν
3584 3410 3768 3479 ἕτερον

504 3492 616 3550 dici
647 3491 824 3562 possit
852 3489 1015 3544 aliam
1050 3504 1173 3544 esse
1208 3486 1302 3543 Dei
1332 3486 1627 3543 essentiam
1663 3485 1731 3538 ab
1760 3482 1881 3555 ejus
1911 3498 2102 3553 opera-

2207 3502 2349 3560 εἷναι
2386 3504 2485 3576 τὴν
2515 3504 2706 3558 οὐσίαν
2734 3503 2827 3557 τοῦ
2856 3502 2993 3558 Θεοῦ
3024 3505 3124 3575 τῆς
3156 3503 3432 3574 ἐνεργείας
3454 3504 3639 3558 αὑτοῦ.
3665 3503 3772 3557 Kal

502 3590 676 3642 tione.
716 3585 783 3639 Et
824 3585 1063 3655 primum
1103 3581 1321 3651 quidem
1358 3581 1425 3635 de
1473 3580 1794 3651 operatione
1835 3593 1958 3649 qua:
1990 3577 2102 3634 for-

2207 3599 2430 3668 πρῶτον
2461 3605 2592 3669 περὶ
2645 3597 2741 3668 τῆς
2787 3599 3091 3668 ἐνεργείας,
3137 3598 3237 3669 τῆς
3267 3598 3327 3650 τὸ
3376 3593 3513 3659 εἶδος
3547 3598 3643 3650 καὶ
3678 3597 3775 3665 τὴν

502 3697 652 3738 mam
686 3690 741 3735 et
772 3678 1163 3751 perfectionem
1194 3676 1506 3746 significat:
1543 3689 1680 3728 .nam
1719 3672 1835 3727 haec
1866 3680 1952 3727 est
1983 3671 2102 3741 pri-

2205 3692 2544 3762 ἐντελέχειαν
2589 3690 2879 3762 δηλοὺσης.
2926 3692 3038 3744 Καὶ
3089 3691 3199 3761 γὰρ
3248 3690 3386 3761 αὕτη
3436 3690 3629 3760 πρώτη
3681 3692 3774 3741 καὶ

501 3791 594 3831 ma
636 3785 690 3830 et
734 3772 1066 3843 principium
1097 3772 1149 3825 in
1181 3769 1374 3825 ordine
1403 3769 1807 3838 operationum,
1838 3765 1968 3836 quia
1999 3765 2103 3819 sic-

2206 3787 2350 3857 ἁρχὴ
2382 3788 2441 3839 ἐν
2485 3785 2566 3855 τῷ
2593 3785 2704 3838 τῶν
2732 3785 3032 3856 ἐνεργειῶν
3069 3785 3236 3853 γένει.
3275 3783 3619 3855 ’Ὢσπερεγὰρ
3652 3784 3778 3837 ἕκα-

504 3884 568 3929 υι
618 3869 1055 3938 unumquodque
1112 3874 1386 3936 quatenus
1445 3871 1552 3930 εει,
1583 3862 1825 3932 potentia
1876 3860 2102 3931 patitur,

2210 3897 2335 3944 στος
2365 3881 2443 3943 τῷ
2482 3879 2713 3949 δυνάμει
2742 3876 2885 3934 εἶναι
2928 3880 3148 3948 πάσχει,
3190 3870 3332 3933 οὕτω
3377 3880 3469 3933 καὶ
3512 3877 3588 3949 τῷ
3622 3882 3773 3947 ἑτερο

504 3968 582 4020 ita
616 3973 886 4034 quatenus
915 3968 1000 4016 est
1047 3972 1171 4014 aetu
1207 3957 1340 4027 agit,
1381 3971 1549 4010 omne
1589 3954 1734 4010 enim
1782 3968 1954 4025 agens
1995 3952 2103 4023 agit

2205 3973 2331 4044 γείᾳ
2383 3968 2525 4026 εἶναι
2576 3972 2697 4042 δρᾷ.
2743 3973 2858 4026 Πᾶν
2915 3972 3027 4040 γάρ
3071 3971 3130 4024 τὸ
3182 3970 3441 4040 ἐνεργοῦν
3497 3964 3773 4043 ἐνεργείᾗ

506 4061 562 4114 in
591 4066 859 4129 quantum
889 4063 973 4110 est
999 4062 1146 4109 actu.
1179 4052 1381 4122 Itaque,
1437 4061 1495 4105 ut
1549 4064 1747 4105 carena
1778 4057 1862 4104 est
1896 4048 2103 4118 princi-

2207 4066 2458 4136 ἐνέργειά
2482 4066 2625 4119 ἐστι.
2650 4063 2747 4116 ,Διὸ
2777 4063 2873 4116 καὶ
2899 4062 3152 4132 καθάπερ
3179 4063 3370 4133 τρόπις
3397 4063 3541 4133 ἀρχὴ
3569 4062 3774 4127 πλοίου,

506 4154 657 4224 pium
691 4149 870 4213 navis,
903 4157 957 4201 et
1014 4162 1108 4200 cor
1159 4148 1304 4210 vitae,
1329 4156 1380 4199 ot
1426 4144 1842 4198 fundamentum
1884 4143 2102 4208 domus,

2208 4160 2302 4212 καὶ
2337 4158 2478 4222 ζώου
2512 4157 2735 4227 καρδία,
2768 4156 2865 4209 καὶ
2894 4156 3046 4210 οἴκου
3087 4156 3333 4227 θεμέλιος
3360 4173 3375 4189 ·
3397 4157 3539 4210 οὕτω
3562 4159 3659 4210 καὶ
3686 4156 3776 4209 τοῦ

504 4243 587 4298 sic
612 4243 679 4297 de
709 4239 1034 4310 operatione
1084 4237 1410 4293 disserendo
1448 4252 1479 4291 a
1526 4234 1754 4306 praefata
1786 4235 2103 4305 operatione

2208 4253 2337 4322 περὶ
2353 4249 2638 4321 ἐνεργείας
2658 4249 2974 4320 ζητήματος
2996 4251 3025 4302 ὁ
3054 4249 3186 4319 περὶ
3212 4247 3315 4319 τῆς
3346 4249 3625 4318 ἐνεργείας
3649 4246 3779 4301 ταύ-

504 4351 688 4393 scrmo
720 4333 993 4390 iucundus
1023 4340 1141 4386 'cst.

2208 4361 2307 4413 της
2332 4345 2486 4412 λόγος
2514 4343 2682 4413 ἀρχήο

583 4427 641 4481 Si
671 4443 800 4497 ergo
837 4425 1243 4481 demonstretur
1268 4438 1373 4477 non
1406 4437 1530 4479 esse
1557 4421 1612 4475 in
1643 4420 1752 4476 Deo
1800 4419 2103 4491 potentiam

2284 4435 2383 4488 Ἂν
2409 4435 2591 4489 τοίνυν
2622 4435 2809 4506 δειχθῇ
2850 4434 2925 4507 μὴ
2980 4431 3123 4490 εῖναι
3168 4433 3399 4505 δύναμίν
3431 4450 3551 4489 τινα
3597 4435 3658 4488 ἐν
3700 4432 3777 4504 τῷ

505 4519 811 4591 passivam,
859 4533 1039 4585 neque
1068 4517 1352 4571 materiam
1387 4515 1441 4569 in
1472 4506 1580 4585 q‘ua
1612 4516 1683 4570 sit
1712 4515 1828 4569 haec
1858 4513 2103 4583 ope/ratio

2208 4523 2328 4595 Θεῷ
2377 4523 2713 4596 παθητικὴν,
2770 4506 2919 4594 μήτε
2948 4524 3103 4596 ὕλην,
3143 4526 3201 4578 ἐν
3312 4524 3398 4596 είη
3449 4527 3515 4578 ἂν
3559 4524 3695 4593 αὕτη
3742 4527 3775 4594 ἡ

508 4624 568 4669 ιιι
598 4614 772 4667 forma
805 4613 856 4666 in
886 4612 1134 4676 materia,
1168 4608 1262 4664 sed
1304 4624 1430 4663 eum
1448 4624 1569 4663 esse
1586 4607 1818 4662 formam
1847 4605 1904 4659 in
1927 4605 2103 4674 seipse

2212 4617 2487 4688 ἐνέργεια,
2535 4617 2611 4680 ὠς
2681 4613 2821 4681 εἶδος
2869 4619 2934 4683 ,ἐν
2985 4616 3108 4691 ὕλῃ,
3143 4617 3260 4672 ἀλλ’
3301 4613 3442 4673 εἶναι
3492 4612 3629 4680 εἶδος
3658 4618 3780 4671 κατ’

509 4705 932 4769 subsistentem,
969 4701 1083 4756 imo
1118 4703 1299 4771 ipsqu
1325 4714 1449 4755 esse
1483 4700 1625 4753 idem
1659 4712 1723 4750 ac
1753 4711 1913 4751 suum
1956 4709 2102 4760 esse,

2209 4711 2344 4764 αὐτὸ
2385 4710 2660 4779 ὑφεστὼς,
2709 4711 2792 4764 ἐτι
2843 4728 2903 4764 τε
2959 4712 3228 4783 ὑπάρχειν
3259 4711 3321 4765 τὸ
3373 4712 3549 4785 [αὐτὸ]
3601 4708 3774 4765 εἶναι·

509 4798 742 4855 munino
772 4810 999 4851 necesse
1029 4802 1117 4850 est
1147 4793 1395 4849 confiteri
1428 4791 1804 4861 operationem
1840 4788 1934 4845 Dei
1984 4805 2103 4845 esse

2205 4804 2425 4873 ἀνάγκη
2484 4805 2634 4857 πᾶσα
2687 4804 2973 4874 ὁμολογεῖν
3025 4805 3125 4874 τὴν
3180 4804 3463 4875 ἐνέργειαν
3499 4804 3593 4857 τοῦ
3640 4803 3771 4858 Θεοῦ

509 4895 690 4965 ipsius
713 4890 1013 4948 essentiam
1042 4906 1056 4945 :
1092 4888 1240 4958 quod
1277 4901 1470 4942 omnes
1506 4884 1745 4956 perfecte
1771 4883 2103 4955 concipiunt.

2207 4893 2354 4952 εἶναι
2415 4897 2518 4968 τὴν
2577 4898 2767 4953 οὐσίαν
2826 4898 3013 4955 αὑτοῦ.
3085 4900 3270 4968 Ὅπερ
3319 4898 3583 4968 ἀμηγέπη
3639 4900 3771 4951 τισὶν

510 4988 620 5043 Sed
646 4985 794 5040 aliud
828 4992 914 5039 est
941 4982 1233 5038 ostendere
1268 4996 1378 5035 non
1412 4994 1533 5035 esse
1560 4979 1615 5033 in
1656 4977 1768 5034 Deo
1802 4979 2103 5049 potentiam

2208 4990 2331 5045 οἵαν
2373 4991 2450 5061 (5)
2484 4993 2769 5061 χωρείται.
2819 4991 3075 5061 Διαφέρει
3100 4989 3157 5043 δὲ
3200 4988 3474 5043 δεικνύναι
3518 4988 3595 5059 μὴ
3638 4984 3772 5040 εἶναι

510 5085 812 5152 passivam,
864 5087 919 5134 et
958 5076 1111 5139 aliud
1160 5090 1268 5130 non
1320 5089 1442 5130 esse
1489 5073 2103 5144 materiam:siquidem

2211 5082 2444 5153 δύναμιν
2482 5084 2540 5136 ἐν
2568 5081 2647 5151 τῷ
2675 5081 2795 5153 Θεῷ
2830 5082 3165 5153 παθητικὴν,
3212 5083 3306 5135 καὶ
3338 5082 3411 5152 μὴ
3452 5079 3592 5133 εἶναι
3625 5080 3773 5149 ὓλην.

508 5175 693 5229 omnis
739 5171 969 5227 materia
1001 5180 1084 5225 est
1116 5169 1358 5240 potentia
1396 5167 1631 5238 passiva,
1661 5167 1802 5221 haud
1829 5180 1959 5222 vero
1986 5182 2103 5221 om-

2214 5176 2338 5229 Ὀτι
2377 5177 2527 5229 πᾶσα
2583 5175 2685 5243 μὲν
2746 5173 2869 5244 ὕλη,
2923 5177 3016 5228 καὶ
3067 5174 3296 5245 δύναμις
3352 5174 3663 5244 παθητική⁶
3716 5171 3773 5224 οὐ

512 5269 599 5323 nis
631 5267 875 5338 potentia
926 5264 1143 5335 passiva
1174 5273 1261 5317 est
1304 5262 1527 5317 materia
1556 5278 1571 5327 ;
1619 5276 1748 5315 nam
1783 5260 2103 5315 immateria-

2214 5268 2363 5319 πᾶσα
2392 5265 2449 5319 δὲ
2490 5265 2772 5337 παθητικὴ
2798 5265 3030 5335 δύναμις
3076 5268 3168 5317 καὶ
3199 5263 3323 5334 ὑλη.
3375 5264 3457 5318 Τά
3492 5263 3596 5332 γὰρ
3636 5261 3776 5314 ἇῦλα

512 5346 585 5415 lia
621 5360 905 5415 materiam
932 5359 1155 5428 quidem
1190 5371 1299 5411 non
1336 5356 1557 5418 habent,
1582 5356 1785 5410 habent
1815 5365 1993 5408 tamen
2012 5353 2103 5408 ali-

2216 5357 2352 5429 ὓλην
2389 5360 2487 5430 μὲν
2514 5360 2616 5412 οὑκ
2643 5359 2778 5430 ἔχει,
2817 5357 3053 5429 δύναμιν
3081 5358 3139 5411 δέ
3171 5375 3294 5411 τινα
3339 5356 3639 5427 παθητικὴν
3664 5354 3778 5423 ἔχει
3834 5424 3851 5429 _

510 5471 675 5526 quam
707 5452 980 5524 passivam
1004 5450 1307 5522 potentiam
1344 5449 1411 5505 ad
1443 5448 1813 5518 recipiendum
1865 5461 2008 5515 esse,
2059 5448 2103 5502 in

2215 5452 2471 5524 δεκτικὴν
2505 5452 2602 5505 τοῦ
2655 5449 2816 5517 εἶναι,
2856 5453 2942 5520 ἐφ’
2972 5453 3095 5506 ὅσον
3128 5452 3247 5506 ἐστὶ
3275 5451 3339 5506 τὸ
3388 5449 3565 5505 αὑτῶν
3616 5441 3778 5500 εἶναι.

506 5558 781 5620 ιιιιειιιυιη
806 5555 892 5602 est
924 5561 1130 5612 eorum,
1154 5560 1286 5610 esse,
1315 5543 1410 5597 sed
1439 5558 1499 5597 se
1531 5543 1750 5607 habent,
1775 5543 1841 5595 ad
1875 5543 1975 5596 hoc
1992 5542 2103 5595 sic-

2227 5544 2368 5598 Ἀλλ’
2409 5545 2524 5616 ἔχει
2567 5546 2703 5617 πρὸς
2733 5545 2887 5613 αὐτὸ,
2923 5545 3002 5608 ὡς
3027 5549 3096 5599 τά
3122 5545 3359 5618 διαφανῆ
3395 5546 3525 5617 πρὸς
3550 5545 3613 5599 τὸ
3641 5546 3778 5615 φῶς.

508 5656 574 5699 ut
614 5642 804 5699 lucida
849 5640 917 5696 ad
954 5640 1155 5697 lucem.
1186 5639 1321 5695 Ideo
1365 5640 1431 5694 de
1483 5649 1717 5709 utroque
1755 5636 1978 5692 illorum
2009 5637 2103 5693 de-

2214 5640 2306 5693 Διὸ
2340 5641 2436 5694 καὶ
2484 5641 2613 5711 περὶ
2663 5639 2900 5693 ἑκάστου
2947 5638 3126 5692 αὑτῶν
3159 5639 3285 5693 ίδια.
3319 5638 3610 5709 ζητητέον*
3671 5640 3777 5693 ἀπὸ

2207 2972 2300 3025 μις
2332 2956 2425 3009 καὶ
2448 2955 2701 3023 ἐνέργεια
2734 2954 2978 3008 καλεῖται
3003 2972 3016 2986 ·
3052 2954 3162 3024 ἡδὲ
3181 2954 3239 3020 ἐξ
3258 2956 3605 3022 ὑποκειμένου
3627 2952 3774 3011 τινὸς

2208 3048 2373 3110 ποιεῖ,
2413 3043 2449 3115 ἢ
2482 3045 2576 3097 καὶ
2617 3044 2876 3110 ποιητικὴ
2909 3042 3140 3114 δύναμις
3173 3044 3271 3096 καὶ
3296 3042 3542 3114 ἐνέργεια
3568 3040 3760 3102 ἅπλῶς

586 5763 665 5831 (2i
691 5760 918 5817 Videtur
937 5762 1091 5818 locus
1123 5768 1441 5827 corruptus.

581 5825 663 5905 (5)
703 5832 927 5889 Vidtur
962 5834 1115 5891 locus
1147 5825 1458 5901 corruptus.
1490 5827 1567 5884 Es
1603 5828 1851 5901 vestigiis
1905 5827 2103 5900 deprav

2204 5847 2215 5885 :
2249 5828 2501 5885 lectionis
2527 5827 2664 5898 lego,
2698 5826 2840 5881 τισὶν
2867 5825 3262 5895 συγχωρεῖται.
