4046 6430
301 325 436 390 119Ἱ

1211 325 1310 384 DE
1346 316 1725 382 ESSENTIA
1769 318 1862 377 ΕΤ
1903 256 2393 378 ΟΡΕΒΑΤΙΘΝΕ
2437 318 2584 377 DEI.

3400 311 3537 375 1:93

293 441 391 509 μὲν
420 438 530 508 γὰρ
565 437 658 492 τοῦ
717 439 792 510 μὴ
841 434 977 494 εἶναι
1022 439 1252 509 δύναμιν
1306 438 1486 508 ἐαυτῷ
1541 437 1850 507 παθητικὴν

1988 433 2310 488 tonstrando
2341 433 2558 502 prepria
2589 432 2694 487 erit
2730 432 2998 501 quaestio:
3030 447 3153 486 nam
3187 448 3252 486 ex
3296 446 3360 485 eo
3392 432 3542 502 quod

289 525 631 596 δειχθήσεται
667 529 861 581 ταυτὸν
908 524 1050 582 εἶναι
1083 529 1181 598 τὴν
1225 528 1422 581 οὐσίαν·
1456 525 1550 580 τοῦ
1603 525 1738 578 Θεοῦ
1777 526 1854 595 τῷ

290 613 431 670 εἶναι
463 618 660 670 αὐτοῦ’
694 620 801 672 ἀπὸ
831 619 886 672 δὲ
911 619 1003 672 τοῦ
1039 620 1111 691 μὴ
1149 616 1288 672 εἶναι
1324 619 1457 688 ὓλην
1487 619 1546 671 ἐν
1579 617 1748 686 αὐτῷ,
1779 617 1855 687 μὴ

290 706 432 762 εῖναι
463 711 558 781 τὴν
590 711 869 780 ἐνέργειαν
893 713 1058 764 αὑτοῦ
1087 713 1203 780 ἦτοι
1231 711 1327 781 τὴν
1366 710 1727 780 ἐντελέχειαν,
1763 712 1858 762 καὶ

286 799 353 851 τὸ
383 795 542 866 εἶδος,
589 800 752 871 μέρος
795 801 893 869 τῆς
927 800 1134 865 οὐσίας,
1184 801 1278 852 καὶ
1309 799 1454 852 οὓτω
1482 801 1679 852 ταυτὸν
1717 795 1858 853 εῖναι

289 889 390 960 τὴν
421 891 702 960 ἐνέργειαν
731 891 822 944 τοῦ
851 892 986 944 Θεοῦ
1041 894 1106 959 τῇ
1160 892 1318 963 οὐσίᾳ
1350 890 1540 958 αὑτοῦ,
1591 893 1729 962 ὅπερ
1763 890 1860 944 νῦν

293 980 376 1040 εἰς
406 979 632 1051 ζήτησιν
662 982 972 1052 πρόκειται.
1370 973 1386 990 ⁸

365 1097 576 1164 Κεφάλ.
613 1097 689 1150 Γ’.
726 1097 854 1150 Ὅτι
895 1098 1006 1150 οὐκ
1034 1098 1206 1151 ἐστιν
1237 1099 1307 1151 ἐν
1338 1095 1415 1162 τῷ
1448 1096 1571 1162 Θεῷ
1603 1096 1859 1163 δύναμις

922 1168 1241 1234 παθητική.

367 1261 436 1310 α’.
461 1257 582 1308 Ὀτι
612 1256 791 1308 τοίνυν
812 1255 890 1326 (4)
920 1257 1180 1309 ἀδύνατον
1207 1252 1347 1309 εἶναι
1378 1259 1433 1307 ἐν
1460 1256 1538 1325 τῷ
1563 1256 1681 1324 Θεῷ
1704 1253 1862 1307 δύνα·

299 1363 392 1414 μιν
425 1346 760 1415 παθητικὴν,
807 1347 1058 1399 ἐντεῦθεν
1083 1347 1242 1415 δῆλον
1262 1361 1275 1376 ⁸
1310 1348 1418 1399 πᾶν
1447 1347 1554 1415 γάρ
1585 1341 1647 1399 οὗ
1675 1348 1742 1416 τῇ
1773 1347 1866 1398 οὐ·

300 1439 391 1508 σία
417 1439 683 1508 μέμικται
714 1438 968 1508 δύναμις,
1087 1440 1246 1491 τοῦτο
1277 1439 1408 1492 αὐτὸ
1437 1439 1659 1492 δύναται
1704 1434 1864 1500 εἶναι,

299 1529 394 1580 καὶ
425 1527 500 1598 μὴ
521 1526 684 1582 εἶναι.
735 1529 808 1582 Τὸ
857 1531 965 1598 γάρ
998 1529 1226 1582 δυνατὸν
1275 1525 1440 1596 εἶναι,
1488 1531 1582 1582 καὶ
1621 1530 1692 1600 μὴ
1728 1525 1866 1581 εἶναι

296 1618 541 1674 δυνατόν.
571 1620 630 1673 '0
655 1621 710 1672 δὲ
745 1621 875 1682 Θεὸς
908 1619 1030 1674 καθ’
1059 1621 1222 1674 αὐτὸν
1245 1621 1320 1691 μὴ
1353 1619 1490 1674 εἶναι
1517 1623 1617 1690 (5),
1652 1622 1868 1684 αἰώνιος

300 1711 431 1779 γάρ.
484 1713 598 1764 Οὐκ
650 1713 758 1782 ἄρα
812 1716 958 1766 ἐστὶν
985 1714 1042 1764 ἐν
1073 1711 1150 1782 τῷ
1179 1713 1298 1783 Θεῷ
1351 1713 1583 1784 δύναμις
1635 1715 1774 1784 πρὸς
1811 1713 1868 1766 τὸ

301 1795 463 1853 εἶναι.

376 1891 440 1960 β’.
477 1892 598 1946 Ἔτι
633 1897 727 1948 καὶ
764 1898 873 1949 πᾶν
915 1900 977 1951 τὸ
1010 1901 1137 1952 ποτὲ
1169 1900 1266 1969 μὲν
1293 1900 1353 1953 ὂν
1385 1900 1635 1970 δυνάμει,
1668 1901 1797 1953 ποτὲ
1817 1901 1872 1953 δὲ

303 1982 557 2052 ἐνεργείᾳ
582 1988 843 2054 πρότερἐν
867 1990 1016 2041 ἐστιν
1039 1990 1264 2058 δυνάμει
1293 1990 1324 2060 ἢ
1351 1992 1622 2062 ἐνεργείᾳ.
1657 1991 1876 2056 Ἀπλὼς

306 2075 490 2142 μέντοι
521 2093 584 2143 γε
615 2079 647 2147 ή
676 2079 932 2148 ἐνέργεια
982 2083 1224 2152 προτέρα
1254 2083 1368 2135 ἐστὶ
1414 2084 1512 2152 τῆς
1558 2083 1837 2152 δυνάμεως
1858 2101 1875 2119 ο

301 2167 337 2236 ὴ
372 2166 480 2234 γὰρ
511 2167 740 2238 δύναμις
789 2173 889 2224 οὐκ
941 2173 1378 2242 αὐτεπάγγελτος
1423 2174 1674 2246 πρόεισιν
1705 2178 1784 2238 εις
1816 2177 1877 2230 τὸ

308 2258 574 2325 ἐνεργεῖν.
607 2260 830 2328 Πρόεισι
863 2263 917 2314 δὲ
953 2263 1043 2316 διά
1076 2281 1222 2326 τινος
1275 2265 1580 2335 ἐνεργείας.
1617 2267 1731 2318 Πᾶν
1767 2267 1876 2336 ἄρα

302 2346 364 2398 τὸ
423 2347 652 2416 δυνάμει
682 2349 793 2418 ἔχει
827 2367 880 2403 τι
915 2351 1284 2423 πρεσϐύτερον
1317 2353 1536 2408 ἑαυτοῦ.
1579 2353 1637 2408 ’0
1664 2355 1720 2408 δὲ
1743 2355 1878 2418 Θεὸς

305 2438 407 2489 οὐκ
435 2436 550 2506 ἔχει
577 2439 636 2490 τὸ
653 2441 1029 2510 πρεσϐύτερον
1061 2443 1275 2496 ἑαυτοῦ
1297 2443 1413 2497 ἔστι
1436 2445 1548 2515 γάρ
1571 2445 1632 2498 τὸ
1659 2447 1876 2516 πρῶτον

303 2527 387 2592 ὃν,
424 2531 517 2581 καὶ
540 2530 732 2601 πρώτη
762 2533 981 2586 πάντων
1030 2535 1198 2590 αἰτία.
1243 2535 1359 2591 Οὐκ
1389 2535 1540 2590 ἐστιν
1573 2537 1682 2607 ἄρα
1713 2539 1873 2594 δύνα-

311 2633 406 2687 μις
436 2620 492 2670 ἐν
515 2621 667 2689 αὐτῷ
700 2624 999 2694 παθητική.

379 2716 452 2778 γ’.
490 2711 612 2764 Ἔτι
662 2710 722 2765 τὸ
766 2713 889 2766 καθ’
939 2715 1071 2768 αὐτὸ
1120 2716 1416 2784 ἀναγκαῖον
1474 2718 1649 2773 οὐδενὶ
1687 2720 1877 2791 τρόπῳ

303 2803 530 2857 δυνατὸν
564 2800 706 2858 εἶναι
729 2821 743 2838 ·
786 2807 848 2858 τὸ
879 2807 988 2878 γάρ
1027 2807 1149 2862 καθ’
1182 2809 1314 2863 αὐτὸ
1352 2811 1652 2879 ἀναγκαῖον
1698 2815 1878 2868 αἰτίαν

303 2897 409 2949 οὐκ
439 2897 570 2967 ἔχει.
614 2899 729 2951 Πᾶν
754 2899 810 2951 δὲ
841 2900 899 2951 τὸ
943 2900 1166 2953 δυνατὸν
1195 2898 1334 2955 εἶναι
1379 2902 1554 2956 αἰτίαν
1595 2903 1730 2974 ἔχει.
1766 2907 1876 2960 Καὶ

300 2987 359 3040 ei
391 2988 490 3056 μὲν
524 2988 684 3040 ἐαυτὸ
727 2989 906 3042 αἰτίαν
937 2989 1070 3059 ἔχει,
1105 2991 1251 3044 ἐστιν
1289 2993 1371 3045 ὅτι
1403 2992 1534 3046 αὐτὸ
1563 2994 1762 3048 ἑαυτοῦ
1789 2998 1874 3050 αἱ·

303 3079 418 3142 τεα,
455 3079 593 3151 ὅπερ
616 3079 874 3134 ἀδύνατον
901 3098 916 3114 ο
959 3085 1008 3135 εἰ
1039 3083 1094 3136 δὲ
1125 3083 1272 3148 ἄλλο,
1301 3085 1360 3138 οὗ
1389 3085 1514 3139 καθ’
1543 3087 1674 3140 αὐτὸ
1701 3090 1873 3155 ἀναγ-

303 3173 484 3226 καῖον.
535 3172 596 3225 ’0
634 3173 690 3226 δέ
723 3173 851 3236 Θεὸς
899 3174 1022 3228 καθ’
1074 3176 1208 3230 αὐτὸ
1266 3177 1600 3247 ἀναγκαῖονο
1642 3181 1742 3234 οὐκ
1772 3180 1882 3252 ἄρα.

303 3262 430 3316 ἐστὶ
449 3263 676 3334 δύναμις
711 3267 768 3320 ἐν
792 3266 940 3336 αὑτῷ
963 3265 1217 3337 τοιαύτη.

379 3535 446 3590 δ’.
472 3536 594 3587 Ἔτι
626 3536 735 3588 πᾶν
751 3535 814 3588 τὸ
830 3551 1020 3588 ποιουν
1042 3537 1188 3589 ποιεῖ
1216 3529 1521 3609 ἐνέργειά
1538 3538 1883 3592 ἐστιν.⁹’οταν

303 3629 410 3682 οὐκ
440 3628 588 3681 ἐστιν
619 3627 739 3680 ὅλον
767 3629 1042 3699 ἐνέργεια,
1079 3629 1178 3699 οὐχ
1204 3629 1308 3698 ὅλῳ
1337 3630 1515 3700 ἑαυτῷ
1549 3634 1712 3695 ποιεῖ,
1747 3630 1885 3684 άλλά

304 3738 418 3773 τινι
447 3719 744 3774 ὲαυτοῦ.Ὃ
771 3720 828 3773 δὲ
853 3720 926 3790 μὴ
952 3721 1060 3789 ὅλῳ
1083 3720 1258 3791 ἐαυτῷ
1281 3723 1427 3773 ποιεῖ
1464 3723 1564 3774 οὐκ
1585 3722 1700 3774 ἐστι
1737 3723 1885 3794 πρῶ-

302 3829 400 3866 τον
419 3810 625 3864 ποιοῦν.
649 3811 801 3863 Ποιεῐ
817 3813 924 3880 γὰρ
947 3814 1089 3874 τινὸς
1115 3801 1393 3882 μετουσίᾳ,
1415 3813 1507 3864 καὶ
1524 3813 1585 3865 οὐ
1603 3815 1668 3883 τῇ
1687 3813 1882 3865 ἐαυτοῦ

303 3905 484 3976 οὐσίᾳ.
505 3905 578 3957 Τὸ
607 3904 824 3974 πρῶτον
855 3904 963 3974 ἄρα
995 3903 1204 3968 ποιοῦν,
1239 3904 1375 3973 ὅπερ
1397 3905 1544 3956 ἐστὶν
1565 3905 1593 3956 ὁ
1616 3904 1768 3968 Θεὸς,
1790 3904 1874 3957 οὐ.

305 3998 507 4067 δεμίαν
556 3997 668 4066 ἔχει
724 3997 953 4065 δύναμιν
993 3997 1494 4066 παραμεμιγμένην
1533 3997 1730 4064 ἐαυτῷ,
1762 3995 1883 4047 καθ’

303 4091 378 4160 ἢν
416 4090 569 4142 οὐδὲν
615 4092 780 4154 ποιεῖ,
814 4088 926 4141 ἀλλ’
957 4084 1108 4141 ἐστιν
1127 4089 1246 4150 ὅλος
1271 4089 1519 4158 ἐνέργεια
1573 4087 1809 4155 καθαρά.

380 4186 442 4235 ε’.
479 4180 600 4234 Ἐτι
648 4183 839 4234 εἰπεῖν
884 4182 946 4233 τὸ
995 4181 1186 4234 ποιοῦν
1234 4183 1379 4234 ποιεῖ
1429 4179 1550 4232 καθ’
1580 4179 1885 4250 ὃὲνὲργειά

306 4276 483 4340 ἐστιν,
521 4275 549 4326 ὀ
604 4273 660 4325 δὲ
725 4272 858 4336 Θεὸς
926 4274 1029 4326 οὐκ
1099 4273 1246 4325 ἐστιν
1315 4272 1564 4343 ἐνέργεια
1629 4270 1882 4342 καθαρά,

310 4366 430 4418 ἀλλ’
483 4366 736 4436 ἐνέργεια
808 4365 1282 4434 παραμεμιγμένη
1353 4364 1623 4433 δυνάμει,
1694 4363 1884 4432 ὥσπερ

311 4457 531 4531 [ὅσπερ]
575 4459 674 4527 οὐχ
737 4456 843 4526 ὅλῳ
903 4456 1082 4524 ἐαυτῷ
1153 4459 1413 4525 ἐνεργεῖ,
1475 4455 1586 4507 οὐδ’
1648 4453 1771 4507 ὅλον
1833 4471 1884 4506 τι

301 4553 574 4621 ⁴’ποιήσει’
635 4551 771 4605 ἀλλὰ
821 4551 1070 4621 δεήσεταί
1130 4565 1274 4611 τινος
1313 4549 1681 4616 ὑποκειμένης
1735 4547 1893 4598 δυνά-

316 4663 461 4716 μεως
500 4641 817 4714 παθητικῆς
846 4643 984 4712 πρὸς
1013 4640 1073 4693 τὸ
1109 4643 1304 4705 ποιεῖν,
1347 4638 1536 4708 ὥσπερ
1568 4639 1637 4690 τά
1669 4636 1828 4702 ἄλλα,
1857 4637 1894 4690 ἆ

308 4743 433 4794 ἐστι
455 4738 682 4807 τοιαύτη
719 4737 970 4806 ἐνέργεια
992 4737 1048 4788 ἐν
1075 4733 1463 4801 ὑποκειμέναις
1484 4731 1767 4798 δυνάμεσι·
1797 4729 1891 4780 καὶ

314 4834 370 4887 ει
400 4833 582 4897 τοῦτο,
620 4831 680 4884 οὐ
715 4829 1139 4899 δημιουργήσει.
1181 4826 1351 4879 Τοῦτο
1396 4824 1505 4892 γάρ
1544 4825 1660 4876 ἐστι
1703 4821 1764 4875 τὸ
1799 4821 1891 4892 δη-

316 4925 620 4994 μιουργεῖν,
651 4923 713 4975 τὸ
740 4925 803 4974 ἐκ
844 4921 1070 4991 μηδαμῆ
1105 4909 1583 4988 μηδαμῶςποιείν
1631 4931 1703 4980 τι,
1749 4914 1886 4980 ὅπερ

312 5017 378 5068 ’ὀν
409 5015 666 5083 τυγχάνει
705 5013 854 5081 παρὰ
885 5013 954 5064 τὰ
990 5011 1088 5080 τῆς
1117 5011 1279 5078 ἁγίας
1321 5007 1546 5078 Γραφῆς
1575 5005 1890 5075 ἀξιώματα.

317 5109 434 5160 Οὐκ
470 5107 576 5177 ἄρα
629 5107 776 5158 ἐστὶν
826 5107 859 5173 ἡ
911 5103 1138 5172 δύναμις
1189 5105 1246 5155 ἐν
1294 5101 1371 5170 τῷ
1409 5099 1530 5166 Θεῴ
1585 5097 1889 5167 παθητικὴ,

316 5201 442 5251 παῦ’
479 5199 546 5268 ἣν
577 5199 776 5266 πάσχει
807 5213 860 5249 τι
897 5195 1080 5264 μόνον,
1110 5195 1201 5247 καὶ
1234 5193 1293 5245 οὐ
1329 5193 1493 5248 ποιεῖ.

389 5297 462 5357 ς’.
514 5291 638 5343 Ἔτι
692 5287 943 5358 καθάπερ
995 5289 1224 5340 ἕκαστον
1275 5289 1492 5358 ἐνεργεῖ
1641 5284 1892 5356 ἐνέργειά

315 5385 483 5448 ἐστιν,
512 5382 654 5436 οὕτω
703 5384 799 5435 καὶ
857 5382 1059 5450 πάσχει
1098 5368 1248 5433 ’καθὸ
1279 5378 1423 5451 [καθ’
1471 5378 1522 5450 ὃ]
1560 5379 1822 5446 δυνάμειο
1853 5377 1886 5446 ή

318 5476 428 5548 γὰρ
455 5477 673 5545 κινησξς
715 5477 861 5529 ἐστιν
891 5477 924 5545 ἡ
957 5475 1208 5544 ἐνέργεια
1236 5473 1330 5527 τοῦ
1363 5474 1616 5542 δυνάμει,
1723 5469 1887 5523 δυνά⁴

392 5690 468 5761 (ι)
504 5687 632 5764 llaec
664 5683 774 5737 fere
798 5678 1031 5764 sumpsit
1083 5678 1393 5764 deindynus
1438 5688 1500 5732 ex
1555 5674 1614 5731 S.
1664 5674 1895 5730 'l'homa.

326 5751 424 5816 lib‘.
451 5751 464 5814 ί
501 5759 699 5818 Cuulra
734 5761 927 5824 gentes,
949 5765 1065 5819 cap.
1097 5751 1178 5804 ib'.

1917 4500 1970 4560 D

1967 539 2077 581 non
2120 525 2191 579 sit
2234 525 2286 578 in
2325 523 2434 578 Deo
2469 525 2706 594 potentia
2739 525 2978 594 passiva,
3031 525 3350 579 ostendetur
3403 525 3545 577 idem

1964 631 2085 671 esse
2119 615 2241 684 ejus
2293 614 2590 668 essentiam
2621 629 2684 668 ac
2727 629 2848 670 esse
2877 615 3074 683 ipsius,
3125 623 3178 670 et
3215 629 3280 669 ex
3313 628 3376 669 eo
3407 617 3551 684 quod

1966 723 2072 761 non
2103 708 2174 761 sit
2205 708 2258 760 in
2292 721 2358 760 eo
2389 705 2637 770 materia,
2679 706 3141 762 demonstrabitur
3177 708 3549 776 operationem

1967 800 2106 870 ejus,
2146 813 2267 867 qua:
2295 807 2378 852 est
2418 796 2675 866 perfectio
2707 807 2764 852 et
2808 798 3002 861 forma,
3039 814 3144 852 non
3182 814 3301 852 esse
3345 807 3550 868 partem

1968 892 2238 954 essentiaa,
2266 902 2319 944 et
2347 890 2428 944 sic
2456 889 2594 943 idem
2625 904 2746 944 esse
2775 889 3144 960 operationem
3177 891 3266 944 Dei
3293 906 3355 944 ac
3387 891 3555 959 ipsius

1967 982 2284 1046 essentiam,
2339 981 2484 1046 quod
2535 998 2680 1036 nunc
2725 983 2778 1035 in
2807 984 3160 1050 quaestionem
3197 984 3546 1052 proponitur.

1967 1096 2098 1166 Cap.
2128 1096 2213 1150 Ill.
2255 1096 2406 1162 Quod
2443 1098 2495 1150 in
2531 1097 2636 1150 Deo
2676 1115 2777 1151 non
2817 1107 2890 1151 est
2922 1098 3151 1165 potentia
3181 1098 3412 1166 passiva.

2046 1255 2095 1306 l.
2123 1254 2425 1308 Potentiam
2465 1255 2737 1324 passivam
2769 1255 2820 1306 in
2859 1253 2964 1308 Deo
2998 1268 3116 1307 esse
3152 1269 3263 1307 non
3296 1267 3454 1322 posse
3479 1253 3558 1306 sic

1972 1345 2399 1401 demonstratur.
2421 1346 2591 1400 Omne
2609 1348 2755 1400 enim
2782 1347 2855 1410 id,
2874 1346 2925 1398 in
2946 1345 3105 1415 cujus
3128 1346 3429 1400 substantia
3457 1346 3556 1398 ad-

1973 1438 2234 1493 miscetdr
2265 1440 2528 1510 potentia,
2549 1440 2600 1493 in
2635 1448 2899 1508 quantum
2934 1449 3016 1493 est
3049 1438 3358 1506 hujusmodi
3385 1446 3560 1506 potest

1973 1516 2096 1582 esse
2113 1538 2289 1584 etnon
2307 1545 2429 1584 esse
2450 1548 2462 1582 :
2483 1529 2627 1598 quod
2655 1530 2798 1583 enim
2829 1538 3001 1597 potest
3024 1543 3164 1594 esse,
3185 1536 3364 1598 potest
3393 1529 3557 1581 etiam

1976 1632 2085 1672 non
2121 1633 2263 1673 esse.
2298 1619 2440 1675 Deus
2471 1631 2650 1674 autem
2681 1619 2979 1673 secundum
3017 1633 3076 1674 se
3102 1635 3206 1673 non
3239 1628 3414 1685 potest
3449 1632 3558 1671 non

1977 1723 2098 1763 esse
2133 1723 2259 1764 cum
2303 1711 2375 1764 sit
2406 1710 2769 1779 sempiternus
2807 1723 2821 1761 :
2868 1709 2922 1762 in
2952 1707 3062 1763 Deo
3093 1709 3259 1780 igitur
3309 1724 3416 1762 non
3475 1717 3560 1762 est

1897 1797 1939 1852 Β
1967 1801 2206 1867 potentia
2231 1801 2296 1854 ad
2323 1814 2466 1856 esse.

2051 1890 2104 1944 2.
2129 1890 2340 1956 Adhuc,
2372 1893 2616 1962 quamvis
2655 1893 2704 1946 id
2738 1894 2880 1961 quod
2904 1893 3232 1962 quandoque
3269 1904 3351 1948 est
3385 1893 3436 1947 in
3469 1910 3563 1964 po-

1979 1983 2167 2048 tentia,
2193 1984 2521 2054 quandoque
2547 1985 2599 2037 in
2633 1994 2778 2048 actu,
2813 1986 2962 2053 prius
3001 1985 3071 2039 sit
3102 1993 3344 2052 tempore
3371 1986 3423 2038 in
3463 2000 3562 2056 po-

1981 2077 2147 2130 tentia
2181 2089 2342 2144 quam
2380 2077 2433 2130 in
2483 2088 2628 2141 actu,
2687 2085 2867 2130 tamen
2916 2077 3235 2146 simpliciter
3279 2087 3434 2133 actus
3483 2089 3570 2133 est

1976 2166 2130 2237 prior
2177 2168 2448 2236 petentia;
2497 2168 2626 2238 quia
2672 2169 2913 2238 patentia
2946 2184 3052 2222 nou
3085 2169 3272 2224 educit
3305 2186 3364 2225 se
3393 2171 3443 2224 in
3473 2187 3568 2224 ac-

1981 2269 2116 2324 tum,
2157 2259 2250 2316 sed
2279 2261 2530 2316 educitur
2566 2277 2663 2331 per
2695 2261 2898 2331 aliquid
2933 2263 3075 2331 quod
3113 2262 3184 2316 sit
3213 2271 3360 2318 actu.
3392 2263 3568 2318 Omne

1979 2351 2141 2422 igitur
2157 2353 2303 2421 quod
2323 2363 2406 2408 est
2421 2353 2474 2406 in
2500 2355 2762 2423 potentia,
2786 2354 2946 2408 habet
2965 2354 3168 2424 aliquid
3194 2354 3345 2424 prius
3363 2354 3568 2424 seipso.

1980 2441 2121 2498 Deus
2166 2453 2344 2498 autem
2390 2459 2498 2499 nou
2545 2445 2706 2498 habet
2737 2445 2887 2512 prius
2927 2447 3125 2514 seipse,
3159 2454 3241 2500 est
3284 2445 3427 2499 enim
3463 2445 3574 2513 pri-

1977 2548 2128 2588 mum
2152 2550 2250 2591 ens
2277 2546 2330 2592 et
2362 2537 2536 2606 prima
2565 2539 2810 2592 omnium
2837 2554 3000 2592 causa
3029 2556 3041 2592 :
3077 2554 3187 2592 non
3215 2547 3300 2593 est
3332 2538 3498 2608 igitur
3521 2539 3574 2590 in

1977 2639 2044 2680 eo
2075 2626 2314 2695 potentia
2345 2629 2586 2697 passiva.

2051 2718 2290 2783 3.1mm,
2335 2719 2393 2794 id
2429 2720 2574 2790 quod
2605 2731 2684 2775 est
2730 2737 2826 2790 per
2870 2737 2929 2775 se
2973 2735 3196 2776 necesse
3235 2734 3377 2783 esse,
3427 2721 3576 2774 nullo

1978 2812 2140 2868 modo
2173 2821 2258 2868 est
2287 2815 2548 2882 possibile
2593 2829 2714 2869 esse
2743 2833 2756 2879 ;
2790 2815 2917 2882 quia
2949 2814 3094 2882 quod
3125 2820 3207 2868 est
3252 2828 3347 2882 per
3385 2827 3444 2867 se
3475 2829 3574 2866 ue-

1985 2917 2140 2959 cesse
2171 2919 2314 2968 esse,
2364 2919 2472 2958 non
2508 2905 2671 2959 habet
2718 2920 2961 2959 causam.
2995 2903 3169 2958 Omne
3215 2915 3394 2957 autem
3429 2909 3576 2972 quod

1978 3002 2063 3048 est
2089 2994 2350 3063 possibile
2381 3009 2523 3059 esse,
2556 2995 2716 3050 habet
2743 3010 2988 3050 causam.
3011 2996 3075 3049 Et
3107 2996 3150 3049 si
3177 2996 3395 3065 quidem
3427 2998 3579 3065 Scip-

1984 3101 2105 3140 sum
2129 3085 2323 3140 habeat
2348 3102 2590 3149 causam,
2622 3096 2750 3142 tunc
2775 3087 2878 3141 erit
2901 3089 3076 3157 ipsum
3101 3087 3362 3156 suiipsius
3387 3103 3574 3149 causa.

1991 3176 2136 3247 quod
2171 3187 2253 3232 est
2274 3177 2649 3248 impossibile;
2685 3179 2728 3232 si
2768 3193 2894 3234 vero
2944 3179 3089 3233 aliud
3120 3180 3316 3234 habeat
3356 3195 3578 3235 causam

1993 3279 2126 3324 tunc
2154 3286 2262 3324 non
2289 3272 2393 3326 erit
2429 3287 2524 3342 per
2566 3286 2626 3326 se
2670 3287 2896 3327 necesse
2923 3276 3063 3326 eSse.
3096 3272 3236 3327 Deus
3269 3281 3450 3326 autem
3483 3290 3583 3344 per

1992 3373 2052 3412 se
2085 3367 2167 3413 est
2199 3374 2425 3415 necesse
2449 3375 2602 3417 esse:
2636 3376 2743 3415 non
2779 3362 2945 3432 igitur
2969 3371 3052 3417 est
3094 3363 3236 3418 ineo
3267 3363 3580 3420 istiusmodi

1993 3453 2258 3520 potentia.

2063 3540 2117 3594 4.
2160 3541 2426 3610 Amplius,
2462 3543 2884 3614 unumquodque
2919 3545 3050 3615 agit,
3102 3548 3398 3601 secundum
3435 3553 3581 3617 quod

1992 3641 2242 3686 estactu.
2279 3631 2431 3697 Quod
2468 3633 2634 3702 igitur
2666 3649 2772 3687 non
2819 3643 2902 3688 est
2931 3644 3078 3690 totus
3117 3646 3295 3700 actus,
3331 3653 3436 3691 non
3466 3649 3580 3693 toto

1991 3739 2050 3779 se
2099 3725 2228 3795 agit,
2277 3727 2367 3780 sed
2419 3727 2603 3794 aliquo
2661 3725 2768 3781 sui.
2823 3725 2977 3792 Quod
3007 3739 3186 3782 autem
3242 3746 3347 3783 non
3385 3740 3494 3786 toto
3527 3748 3587 3786 se

1993 3814 2124 3882 agit,
2152 3830 2255 3867 non
2274 3815 2608 3884 estprimum
2639 3831 2840 3884 agens:
2867 3818 2977 3886 agit
3009 3820 3153 3872 enim
3196 3821 3429 3890 alicujus
3461 3839 3588 3893 par-

1995 3905 2330 3975 ticipatiune,
2381 3922 2488 3960 non
2529 3921 2624 3976 per
2663 3909 2956 3962 essentiam
2994 3925 3174 3966 suam.
3210 3909 3453 3967 Primum
3483 3916 3587 3984 igi-

1993 4005 2082 4050 tur
2114 4011 2302 4065 agens,
2336 3998 2480 4066 quod
2528 4010 2611 4053 est
2642 3999 2802 4065 Deus,
2835 4001 3039 4055 nullam
3079 4003 3242 4070 habet
3285 4008 3584 4074 potentiam

1993 4086 2095 4141 sibi
2135 4087 2448 4154 admistam,
2488 4089 2583 4144 sed
2611 4100 2695 4144 est
2726 4099 2871 4146 totus
2906 4103 3061 4148 actus
3091 4109 3283 4163 purus.

2064 4177 2117 4231 5.
2149 4176 2302 4240 ltem,
2325 4177 2369 4232 si
2399 4193 2560 4232 omne
2589 4195 2753 4250 agens
2774 4182 2885 4250 agit
2911 4182 2962 4235 in
2995 4192 3258 4248 quantum
3293 4196 3374 4240 est
3406 4195 3581 4252 actus,

1995 4268 2139 4326 Deus
2171 4277 2352 4324 autem
2393 4285 2500 4325 non
2527 4271 2599 4326 sit
2629 4279 2784 4326 actus
2823 4288 3014 4342 purus,
3053 4275 3142 4328 sed
3176 4290 3334 4331 actus
3371 4279 3583 4333 admis-

1996 4363 2082 4418 ιυε
2117 4363 2370 4433 potentiae
2397 4363 2489 4434 qui
2533 4378 2638 4418 non
2672 4372 2782 4418 toto
2821 4380 2881 4419 se
2911 4365 3042 4435 agit,
3079 4381 3185 4421 non
3243 4379 3416 4423 totum
3454 4373 3582 4440 quid

1995 4465 2134 4525 aget,
2167 4456 2260 4511 sed
2311 4471 2446 4525 opus
2491 4457 2713 4510 habebit
2757 4457 2940 4526 aliqua
2967 4459 3212 4528 subjecta
3248 4462 3488 4529 potentia
3519 4463 3588 4514 ad

1999 4549 2290 4619 agendum,
2322 4549 2465 4603 sicut
2499 4549 2628 4614 alia,
2664 4564 2786 4619 quae
2813 4559 2940 4603 sunt
2985 4549 3295 4619 hujusmodi
3333 4561 3488 4606 actus
3533 4556 3587 4607 in

1998 4643 2260 4714 subjectis
2291 4641 2568 4712 potentiis.
2600 4641 2666 4696 Et
2701 4642 2747 4696 si
2779 4643 2852 4696 ita
2898 4643 2989 4707 sit,
3043 4659 3152 4697 non
3187 4646 3396 4700 creabit
3424 4647 3584 4716 (nam

1998 4749 2188 4788 creare
2221 4743 2303 4789 est
2336 4749 2399 4789 ex
2440 4734 2611 4788 nihilo
2643 4734 2846 4804 aliquid
2889 4734 3091 4806 facere)
3119 4777 3132 4800 ,
3161 4737 3304 4806 quod
3337 4746 3420 4792 est
3454 4753 3590 4790 cou—

1997 4836 2081 4880 tra
2113 4840 2284 4880 sacra;
2316 4825 2610 4896 Scriptura:
2654 4825 3058 4881 auctoritatem.
3081 4825 3198 4881 Non
3231 4827 3398 4898 igitur
3425 4837 3508 4882 est
3536 4831 3587 4881 iu

2000 4915 2112 4970 Deo
2139 4917 2378 4985 potentia
2401 4919 2636 4986 passiva,
2657 4917 2958 4973 secundum
2979 4933 3140 4987 quam
3161 4918 3362 4987 aliquid
3385 4920 3590 4987 patimr

1996 5018 2205 5064 tantum
2240 5019 2293 5066 et
2315 5025 2421 5064 non
2450 5011 2579 5080 agit.

2063 5281 2116 5335 6.
2166 5279 2398 5345 Rursus,
2456 5289 2884 5346 unumquooque
2915 5274 3058 5331 sicut
3089 5271 3196 5342 agit
3229 5271 3283 5324 in
3315 5280 3582 5340 quantum

1996 5384 2079 5430 est
2110 5385 2254 5438 netu,
2287 5373 2359 5426 ita
2393 5371 2594 5440 patitur
2627 5369 2683 5423 in
2714 5375 2976 5437 quantum
3019 5373 3104 5419 est
3148 5363 3424 5433 potentia;
3459 5377 3584 5414 nam

1977 5477 2180 5521 emotus
2208 5474 2292 5519 est
2338 5473 2493 5518 actus
2519 5461 2834 5517 exsistcntis
2862 5459 2913 5511 in
2939 5456 3200 5526 putentia,
3235 5455 3287 5508 in
3321 5465 3584 5524 quantum

2081 5667 2157 5734 (5)
2189 5667 2408 5723 Videtur
2463 5666 2568 5721 hoc
2615 5665 2701 5719 vel
2743 5661 2919 5719 simile
2961 5662 3090 5730 quid
3118 5664 3326 5727 deesse,
3364 5660 3435 5731 μὴ
3496 5657 3585 5712 δύ-

2009 5757 2187 5794 ναῖκι.
