4046 6442
577 311 717 376 1199

1807 317 1856 378 G
1870 319 2192 382 REGORII
2246 322 2617 387 ACINDYNI

3680 346 3787 413 Ῑὲθθ

565 442 650 489 est
682 431 737 486 in
771 429 1037 500 potentia,
1070 428 1215 484 sicut
1247 427 1536 485 aediﬁcatio
1567 439 1655 487 est
1683 441 1841 489 actus
1860 433 2138 490 :ediﬁcnhi-

2259 455 2372 507 μει,
2399 437 2590 511 ὥσπερ
2637 443 2670 512 ἠ
2714 442 3065 517 οἰκοδόμησις
3094 447 3211 503 τῶν
3261 451 3640 528 οῑκοδομητῶν.
3677 463 3791 519 'on

566 525 725 581 lium.
757 523 861 578 Sed
894 523 1034 577 Deus
1059 532 1143 577 est
1162 523 1388 577 omnino
1416 522 1772 593 impassibilis
1803 540 1867 581 ac
1899 526 2158 581 immuta-

564 619 691 674 bilis
725 634 739 673 :
771 634 790 668 ι
826 616 979 686 Apud
1014 631 1202 685 quem,
1235 616 1461 679 dicitur,
1496 631 1603 670 non
1633 626 1717 670 est
1751 620 2156 695 transmutatio,

562 729 665 767 nec
696 704 1090 767 vicissitudinis
1124 711 1474 766 obumbratio
1494 711 1511 743 ¹
1547 729 1596 763 .›
1633 708 1777 765 Nihil
1803 710 1968 780 igitur
1998 711 2159 765 habet

564 807 630 859 de
667 805 904 874 potentia
937 802 1147 857 scilicet
1172 805 1407 870 passiva.

636 899 689 950 7.
725 897 951 962 lterum,
990 895 1244 950 videmus
1277 893 1483 962 aliquid
1528 893 1678 948 exire
1721 894 1789 948 de
1820 894 2061 963 potentia
2098 892 2152 946 in

560 1001 767 1045 actum.
790 988 855 1042 Et
875 990 1000 1058 quia
1023 989 1168 1058 quod
1193 988 1346 1054 estjn
1373 988 1638 1066 potentia,
1654 987 1895 1041 nandum
1915 995 2021 1052 est,
2052 1001 2156 1039 un-

560 1085 625 1137 de
648 1097 747 1136 nec
776 1096 935 1149 agere
970 1088 1166 1149 potest,
1202 1092 1333 1146 ergo
1366 1084 1578 1143 oportet
1609 1090 1728 1130 esse
1765 1074 1967 1144 aliquid
2005 1074 2153 1128 aliud

560 1177 856 1245 prius,qno
898 1173 1164 1227 educatur
1212 1171 1264 1224 in
1290 1169 1574 1222 actum.Et
1613 1169 1808 1222 iterum
1835 1168 1878 1222 si
1928 1171 2031 1222 hoc
2069 1175 2154 1220 cst

558 1270 748 1323 exiens
779 1266 848 1321 de
883 1264 1123 1335 potentia
1155 1263 1208 1316 in
1242 1273 1446 1327 actum,
1475 1271 1690 1331 oportet
1716 1269 1844 1314 ante
1896 1259 2002 1313 hoc
2052 1260 2155 1314 ali-

563 1363 695 1430 quid
724 1359 871 1415 aliud
909 1360 1057 1429 poni,
1088 1373 1197 1426 quo
1221 1356 1397 1426 ipsum
1428 1355 1691 1409 educatur
1724 1353 1791 1408 de
1826 1351 2066 1423 potentia
2095 1353 2151 1406 in

563 1465 769 1510 actum.
790 1454 858 1507 Et
880 1453 1007 1521 quia
1041 1452 1094 1504 in
1123 1449 1399 1503 inlinitum
1428 1445 1645 1515 procedi
1670 1457 1778 1499 non
1801 1438 2152 1514 potest,'ergo

558 1556 774 1618 oportet
825 1544 1079 1601 devenire
1116 1543 1181 1595 ad
1219 1541 1424 1609 aliquid
1460 1538 1605 1608 quod
1637 1545 1720 1594 est
1749 1547 1874 1591 actu
1902 1545 2149 1608 tantum:

557 1654 607 1695 et
651 1643 750 1695 boe
774 1639 1010 1693 dicimus
1043 1637 1233 1691 Deum.
1266 1631 1388 1687 Non
1427 1633 1607 1704 igitur,
1648 1639 1751 1686 etc.

625 1818 676 1872 8.
701 1818 991 1879 Praeterea,
1030 1817 1150 1870 talis
1179 1815 1415 1884 potentia
1450 1823 1533 1869 est
1561 1813 1692 1883 quid
1724 1812 2146 1883 imperfectum;

556 1928 678 1966 nam
708 1912 753 1966 si
783 1912 1068 1977 habeatur,
1102 1910 1277 1963 forma
1316 1909 1617 1978 perﬁcitur.
1660 1907 1807 1962 Nihil
1838 1916 2017 1961 autem
2044 1907 2150 1960 im-

554 2005 855 2074 perfectum
888 2014 970 2058 est
1002 2004 1055 2057 in
1090 2003 1231 2058 Deo:
1266 2018 1397 2071 ergo
1440 2018 1541 2056 nec
1585 2000 1902 2070 hujusmodi
1948 2010 2147 2070 poten-

553 2102 653 2155 tia.
691 2100 846 2167 Quod
896 2100 939 2153 si
972 2098 1097 2167 quis
1129 2098 1276 2152 dicat
1322 2094 1485 2151 talem
1523 2095 1819 2167 potentiam
1855 2096 2146 2165 {nunquam

550 2208 673 2248 οεεε
691 2194 899 2261 absque
923 2190 1247 2246 exsistentia
1274 2201 1325 2243 et
1343 2188 1539 2254 forma,
1564 2186 1698 2241 nihil
1725 2187 1849 2242 inde
1874 2187 2145 2256 sequitur:

549 2304 679 2342 nam
711 2289 855 2357 quod
884 2286 991 2341 alio
1033 2284 1340 2357 perﬁcitur,
1393 2282 1451 2336 in
1496 2283 1677 2353 scipso
1712 2281 2143 2348 consideratum,

548 2389 631 2435 est
664 2379 1068 2448 imperfectum.

619 2473 674 2528 9.
720 2473 972 2541 Insuper,
1029 2469 1278 2524 videmus
1325 2466 1531 2535 aliquid
1585 2465 1727 2536 quod
1771 2472 1856 2520 est
1900 2463 2144 2534 potentia

546 2577 601 2621 et
634 2573 779 2631 actu,
813 2565 956 2620 sicut
995 2563 1290 2628 naturalia,
1323 2569 1378 2617 et
1422 2559 1569 2615 aliud
1601 2559 1745 2628 quod
1781 2568 1864 2614 est
1896 2559 2139 2628 potentia

548 2664 792 2722 tantum,
838 2664 895 2708 ut
948 2651 1230 2707 materiam
1277 2652 1530 2719 primam.
1565 2647 1794 2719 Oportet
1825 2648 1992 2717 igitur
2021 2660 2144 2703 esse

547 2748 757 2818 aliquid
787 2746 953 2801 etiam
987 2744 1133 2815 quod
1180 2743 1252 2799 sit
1295 2752 1506 2797 tantum
1551 2753 1675 2797 actu
1708 2741 1832 2795 sine
1864 2740 2137 2811 potentia:

544 2855 601 2897 et
635 2844 740 2898 hoc
777 2841 1012 2896 dicimus
1034 2852 1156 2895 esse
1182 2836 1379 2895 Deum.
1404 2836 1527 2893 Non
1585 2836 1754 2907 igitur
1806 2846 1891 2892 est
1927 2835 1979 2890 in
2030 2833 2143 2890 Deo

543 2935 784 3007 potentia
814 2934 1052 3006 passiva.

622 3032 709 3085 10.
761 3028 894 3095 lmo,
942 3027 988 3083 si
1024 3041 1132 3097 qua
1163 3025 1237 3081 sit
1285 3024 1341 3079 in
1372 3022 1483 3079 Deo
1527 3022 1840 3093 hujusmodi
1875 3021 2133 3093 potentia,

2265 532 2398 629 Θεὸς
2429 534 2550 629 ἐστι
2605 537 2786 607 πάντη
2837 538 3079 612 ἀπαθὴς,
3121 545 3217 598 καὶ
3271 546 3791 629 ἀμετάϐλητος.Παρ’

2260 624 2324 678 οὗ
2380 626 2516 696 γὰρ,
2555 628 2743 697 φησὶν,
2801 632 2903 684 οὐκ
2964 635 3079 688 ἐστι
3142 637 3466 712 παραλλαγὴ
3530 643 3562 713 ἢ
3616 624 3793 720 τροπῆς

2261 719 2645 815 άποοκίασμα.
2697 723 2867 777 Οὐδὲν
2921 725 3030 797 ἄρα
3074 727 3191 798 ἔχει
3247 733 3309 785 ἐκ
3367 734 3465 805 τῆς
3520 737 3792 815 παθητικῆς

2259 808 2567 881 δυνάμεως.

2333 906 2397 969 ζ’.
2439 908 2560 961 Ἔτι
2611 909 2830 979 ὁρῶμέν
2874 930 2929 966 τι
2980 915 3123 979 ἐξιὸν
3156 916 3221 972 ἐκ
3268 918 3359 973 τοῦ
3398 921 3619 991 δυνάμει
3653 928 3721 990 εἰς
3746 928 3794 980 τὸ

2258 999 2531 1072 ἐνεργείᾳ*
2569 1004 2659 1056 καὶ
2712 1007 2834 1081 ἐπεὶ
2882 1008 2943 1061 τὸ
2989 1010 3218 1080 δυνάμει
3266 1011 3327 1066 ὃν
3373 1013 3522 1068 οὔπω
3573 1020 3694 1085 ἐστὶ,
3731 1020 3795 1074 διὸ

2258 1094 2380 1147 οὐδὲ
2426 1097 2672 1167 ἐνεργεῖν
2699 1100 2946 1166 δύναται,
2999 1105 3244 1176 ἀνάγκην
3287 1103 3427 1164 εἶναι
3460 1128 3513 1163 τι
3545 1111 3662 1166 ἄλλο
3687 1116 3789 1183 πρά-

2256 1204 2436 1257 τερον,
2482 1192 2551 1243 δι⁹
2612 1192 2672 1246 οὗ
2730 1196 2812 1258 εἰς
2868 1196 2929 1249 τὸ
2983 1197 3232 1271 ἐνεργείᾳ
3288 1204 3698 1274 προαχθήσεται.
3743 1210 3794 1262 Et

2255 1283 2438 1336 τοίνυν
2489 1284 2586 1337 καὶ
2639 1285 2798 1341 τοῦτο
2854 1287 3055 1353 ἔξεισιν
3099 1293 3163 1344 ἐκ
3214 1292 3310 1345 τοῦ
3354 1293 3578 1364 δυνάμει
3625 1298 3696 1359 εἰς
3746 1300 3796 1351 τὸ

2256 1375 2528 1448 ἐνεργείᾳ,
2563 1378 2780 1450 ἀνάγκη
2827 1382 2922 1435 καὶ
2966 1382 3157 1437 τούτου
3205 1400 3256 1437 τι
3299 1385 3487 1456 ἕτερον
3532 1394 3794 1457 προῦποτι-

2258 1465 2432 1536 θέναι,
2472 1471 2716 1540 προάγον
2758 1475 2891 1528 αὐτὸ
2930 1476 2995 1528 ἐκ
3029 1477 3123 1531 τοῦ
3177 1476 3404 1549 δυνάμει
3454 1482 3536 1545 εἰς
3582 1482 3638 1535 τὸ
3669 1484 3793 1553 ἐνερ-

2257 1560 2541 1633 γείᾳ.Καὶ
2591 1564 2716 1616 ἐπεὶ
2772 1565 2861 1617 ἐπ’
2914 1567 3144 1639 ἄπειρον
3186 1572 3434 1641 προϊέναι
3470 1574 3534 1626 οὐ
3580 1573 3790 1637 δύναται.

2256 1656 2475 1726 ἀνάγκη
2508 1658 2757 1724 ἀπαντᾷν
2792 1660 2874 1724 είς
2917 1660 2977 1711 τὸ
3008 1661 3259 1732 ἐνεργείᾳ
3316 1664 3498 1732 μόνον,
3538 1665 3625 1718 καὶ
3663 1666 3792 1720 τοῦτο

2181 1796 2224 1853 Β
2257 1749 2441 1818 φαμὲν
2467 1749 2559 1802 τὸν
2590 1749 2743 1806 Θεόν.
2783 1752 2896 1806 Οὐκ
2929 1752 3059 1820 ἄρα,
3096 1753 3196 1807 καὶ
3232 1756 3298 1809 τὰ
3328 1757 3537 1811 λοιπά.

2324 1849 2395 1910 η’.
2434 1843 2554 1896 Ἔτι
2607 1843 2908 1915 ή,τοιαύτη
2960 1844 3189 1915 δύναμις
3240 1848 3356 1901 ἐστί
3407 1866 3461 1900 τι
3517 1851 3709 1914 ἀτελές.
3738 1853 3786 1904 Εἰ

2251 1934 2361 2004 γὰρ
2403 1934 2535 2000 ἕξει,
2570 1937 2701 1990 εῖδει
2749 1935 3080 1993 τελειοῦται.
3112 1937 3280 1991 Οὐδὲν
3319 1939 3376 1992 δέ
3421 1941 3607 2003 ἀτελὲς
3647 1944 3698 1994 ἐν
3724 1942 3785 2013 τῷ

2251 2026 2390 2098 Θεῷ.
2433 2028 2556 2081 Οὐδ’
2605 2029 2715 2099 ἄρα
2780 2030 3017 2102 δύναμις
3078 2032 3326 2103 τοιαύτη.
3389 2033 3505 2088 Κᾶν
3555 2034 3677 2106 λέγῃ
3720 2052 3785 2097 τις

2249 2119 2348 2190 τὴν
2396 2119 2655 2193 τοιαύτην
2697 2122 2926 2193 δύναμιν
2976 2123 3245 2195 μηδέποτε
3297 2121 3440 2179 εἶναι
3484 2127 3607 2180 ἄνευ
3649 2126 3783 2193 ἕξεως

2249 2213 2283 2284 ἢ
2352 2214 2560 2282 εἴδους,
2617 2214 2729 2268 οὐδ’
2775 2216 2949 2282 οὕτως
3006 2218 3394 2290 συμπεραίνει.
3454 2220 3569 2274 Πᾶν
3626 2220 3781 2289 γὰρὸ

2247 2308 2421 2379 ἐτέρῳ
2471 2310 2678 2364 τέλειόν
2734 2312 2874 2374 ἐστι.
2910 2312 3033 2367 καθ’
3074 2313 3206 2367 αὐτὸ
3251 2312 3627 2384 θεωρούμενον
3665 2315 3778 2366 ἐστιν

2247 2403 2457 2466 ἀτελές.
3021 2453 3027 2461 .

2317 2495 2384 2548 θ’.
2419 2497 2543 2550 Ἔτι
2575 2497 2792 2568 ὁρῶμέν
2822 2516 2874 2552 τι
2900 2498 3154 2569 δυνάμει,
3189 2501 3284 2554 καὶ
3320 2500 3596 2571 ἐνεργείᾳ,
3622 2500 3775 2569 ὥσπερ

2243 2589 2311 2642 τὰ
2359 2591 2586 2658 φυσικὰ,
2634 2593 2731 2645 καὶ
2780 2591 2911 2645 ἄλλο
2952 2591 3183 2662 δυνάμει
3236 2593 3424 2661 μόνον,
3479 2594 3660 2664 ὥσπερ
3702 2591 3779 2660 τὴν

2245 2683 2483 2753 πρώτην
2521 2683 2675 2754 ὓλην.
2709 2685 2803 2736 Δεῖ
2849 2684 2957 2753 ἄρα
3009 2680 3158 2738 εἷναί
3194 2702 3249 2738 τι
3300 2686 3398 2739 καὶ
3426 2687 3681 2757 ,ἐνεργείᾳ
3704 2684 3780 2751 μό-

2243 2792 2355 2838 νον,
2394 2774 2525 2829 άνευ
2572 2775 2666 2829 τοῦ
2712 2777 2964 2846 δυνάμει.
2992 2778 3103 2832 Καὶ
3150 2777 3312 2831 τοῦτο
3342 2780 3528 2848 φαμὲν
3557 2777 3684 2832 εἶναι
3705 2779 3778 2829 τὸν

2242 2866 2396 2922 Θεόν.
2428 2868 2542 2922 Οὐκ
2576 2868 2684 2940 ἄρα
2712 2870 2861 2923 ἐστὶν
2892 2870 2950 2922 ἐν
2983 2869 3060 2940 τῷ
3088 2869 3208 2940 Θεῷ
3250 2870 3489 2941 δύναμις
3514 2869 3774 2939 παθητική.

2312 3051 2368 3102 ιο,
2407 3046 2552 3113 Ἔτι,
2587 3046 2637 3098 εἰ
2672 3045 2789 3100 ἔστι
2816 3064 2901 3110 τις
2925 3047 2984 3100 ἐν
3011 3046 3091 3118 τῷ
3124 3045 3244 3118 Θεῷ
3286 3048 3514 3118 τοιαύτη
3559 3048 3775 3115 δύναμις.

544 3124 956 3193 comparabitur
1006 3121 1074 3176 ad
1118 3118 1492 3189 operationem
1545 3118 1686 3172 sicut
1726 3115 1935 3171 habens
1983 3115 2134 3172 adid

2240 3137 2393 3193 ἔσται
2443 3139 2518 3203 ὡς
2569 3138 2693 3210 ἔχον
2734 3137 2872 3210 πρὸς
2921 3115 3181 3210 ἐχόμενον
3217 3115 3296 3192 τὸ
3339 3115 3606 3212 ἐνεργείᾳ.
3649 3138 3777 3192 Κατὰ

543 3218 690 3285 quod
722 3215 991 3278 habetur;
1018 3227 1143 3266 nam
1173 3209 1473 3266 secundum
1500 3206 1799 3278 potentiam
1834 3205 2039 3276 aliquid
2060 3216 2143 3264 est

543 3294 777 3378 alicujus
792 3306 1148 3376 receptivum.
1166 3302 1281 3358 lloe
1302 3313 1481 3357 autem
1501 3302 1645 3356 clare
1661 3298 1902 3355 conl'utat
1922 3299 2141 3355 Boetius

546 3404 604 3457 in
624 3402 771 3456 libro
805 3400 880 3455 De
901 3398 1279 3454 consolatione.
1306 3396 1604 3466 Postquam
1631 3394 1777 3450 enim
1807 3392 1944 3449 ditit
1968 3393 2136 3448 Deum

543 3507 668 3549 esse
700 3491 919 3560 plemnn
956 3489 1157 3543 summi
1196 3488 1345 3554 boni,
1387 3486 1595 3553 subdit,
1628 3484 1987 3556 philosophiae
2017 3499 2139 3554 per-

542 3599 736 3641 sonam
764 3596 958 3654 gcrcns
985 3597 1000 3635 :
1035 3600 1052 3633 ι
1084 3577 1161 3634 Te
1188 3580 1334 3634 enim
1363 3580 1593 3634 obsecro
1625 3586 1684 3632 ut
1717 3586 1908 3634 sancte
1940 3590 2005 3631 ac
2033 3591 2136 3647 pu-

543 3679 763 3733 rissime
791 3675 1009 3747 judices
1064 3672 1230 3728 Deum
1267 3671 1533 3743 optimum
1581 3685 1797 3726 summo
1838 3668 1984 3725 bono
2013 3682 2136 3724 esse

540 3768 948 3838 plenissimum,
982 3781 1050 3821 ne
1080 3765 1220 3819 forte
1251 3764 1507 3820 arbitrari
1539 3762 1743 3817 audeas
1784 3775 1968 3817 terum
2016 3775 2136 3814 om-

541 3860 695 3913 nium
728 3868 934 3927 patrem
968 3856 1098 3911 illud
1140 3856 1342 3910 bonum
1390 3870 1499 3924 quo
1543 3867 1602 3908 se
1638 3852 1838 3924 repleri
1876 3861 2131 3919 testatur,

539 3949 626 4006 vel
652 3950 722 4004 ab
747 3950 1093 4005 extrinsecus
1116 3948 1427 4013 desumere,
1458 3946 1541 4001 vel
1566 3946 1912 4011 naturaliter,
1939 3945 2031 4000 sed
2054 3944 2136 4000 di-

538 4059 764 4099 versum
791 4058 822 4097 a
861 4059 959 4099 sua
981 4041 1313 4113 substantia,
1335 4049 1594 4110 tanquam
1613 4039 1658 4095 si
1692 4039 1835 4093 Deus
1863 4047 2005 4094 esset
2037 4039 2135 4093 ha-

538 4138 701 4202 bens,
751 4134 937 4191 habita
984 4150 1116 4190 vero
1163 4130 1721 4188 beatitudozsicnim
1754 4130 1822 4184 ab
1861 4131 2133 4184 exteriore

539 4226 821 4298 accepisse
857 4235 1017 4299 putes
1037 4268 1052 4293 ,
1097 4227 1370 4297 recipiens
1396 4240 1520 4281 esse
1551 4225 1792 4279 deterius
1836 4222 2001 4277 dante
2032 4237 2131 4278 su-

537 4322 738 4391 spicari
769 4321 993 4390 poteris,
1016 4322 1167 4376 illum
1199 4332 1377 4376 tamen
1414 4320 1755 4390 superiorem
1789 4332 1913 4373 esse
1946 4318 2127 4375 omni-

537 4413 644 4468 bus
675 4415 873 4467 merito
904 4413 1271 4479 conﬁtemur;
1317 4412 1362 4468 si
1395 4426 1524 4466 vero
1554 4411 1645 4466 illa
1682 4412 1825 4465 bona
1864 4411 1917 4464 in
1967 4421 2130 4465 natu-

536 4519 601 4561 ra
629 4505 750 4575 ejus
783 4506 913 4572 sint,
964 4506 1058 4561 sed
1097 4507 1154 4559 in
1187 4506 1445 4575 operibus
1475 4504 1587 4560 sint
1615 4504 1856 4568 diversa,
1906 4505 2128 4573 quando

538 4598 609 4653 de
669 4614 853 4653 rerum
910 4599 1187 4669 principio
1234 4600 1536 4669 loquimur,
1583 4598 1855 4667 excogitet
1905 4598 1997 4666 qui
2035 4612 2132 4665 po-

538 4691 813 4760 test,quis
844 4690 960 4746 haec
990 4690 1273 4746 dissimilia
1304 4690 1674 4760 coniunxerit.
1706 4707 1725 4741 ι
1748 4688 1866 4743 Non
1886 4688 2125 4759 igiturin

539 4782 649 4836 Deo
685 4791 768 4837 est
798 4783 1055 4852 praedicta
1091 4785 1352 4853 potentia.

610 4960 701 5015 ll.
724 4959 990 5033 Denique,
1016 4962 1141 5017 licet
1166 4962 1345 5033 aliqua
1374 4964 1519 5018 entia
1556 4964 1715 5018 talem
1744 4978 1848 5018 non
1881 4963 2117 5018 habeant

533 5056 834 5123 potentiam
870 5057 938 5109 ad
961 5057 1126 5109 aliam
1160 5055 1417 5121 formam,
1450 5058 1594 5111 sicut
1630 5057 1872 5111 cwlestia
1911 5071 2113 5126 corpo-

536 5160 619 5209 ra,
670 5147 873 5212 habent
940 5156 1120 5203 tamen
1186 5150 1486 5218 potentiam
1546 5150 1613 5204 ad
1648 5165 1759 5205 non
1798 5164 2112 5205 esse:nam

535 5241 964 5309 uiminquodque
1000 5241 1144 5295 hanc
1178 5256 1209 5296 e
1241 5241 1414 5296 nihilo
1443 5243 1599 5297 edert
1630 5247 1774 5297 velut
1833 5243 2113 5297 residuum

534 5330 779 5394 pristina:
822 5348 931 5386 non
990 5336 1363 5392 cxsistctttia}:
1422 5338 1543 5392 ideo
1597 5337 1898 5393 secundum
1960 5335 2107 5389 illaut

535 5425 965 5495 unumquodque
1025 5439 1105 5483 est
1139 5430 1293 5496 nihil,
1325 5440 1379 5487 ct
1415 5437 1460 5489 si
1498 5432 1628 5503 quid
1680 5432 1899 5489 sibimet
1942 5431 2109 5485 relin-

605 5609 620 5637 ²
651 5604 762 5662 «lac.
812 5625 854 5677 t,
892 5612 978 5667 ll.

602 5772 677 5844 (6)
713 5772 828 5831 Lib.
857 5792 936 5843 ill,
974 5777 1045 5832 De
1085 5780 1339 5835 consulat.
1376 5798 1535 5851 prosa
1565 5782 1801 5837 decima.

2244 3228 2450 3300 ταύτην
2477 3229 2584 3298 γάρ
2638 3229 2756 3283 ἐστι
2788 3246 2839 3282 τι
2874 3229 3127 3285 δεκτικόν
3161 3247 3331 3294 τινος.
3379 3233 3549 3285 Τοῦτο
3592 3231 3643 3283 δὲ
3668 3232 3777 3283 ἀπο-

2242 3321 2437 3392 τρέπει
2466 3322 2653 3390 σαφῶς
2683 3325 2711 3376 ὁ
2743 3323 2967 3392 Βοήτιος
3004 3323 3081 3394 (6)
3126 3326 3183 3377 ἐν
3218 3327 3284 3394 τῇ
3338 3324 3678 3396 Παραμυθίςι.
3705 3322 3776 3373 Εἰ-

2243 3414 2364 3468 πὼν
2401 3414 2509 3485 γὰρ
2538 3415 2727 3486 πλήρη
2760 3412 2902 3468 εἶναι
2953 3416 3044 3468 τὸν
3077 3414 3211 3468 Θεὸν
3251 3415 3347 3469 τοῦ
3377 3415 3548 3484 ἄκρου
3577 3412 3775 3482 ἀγαθοῦ,

2242 3509 2439 3579 ἐπάγει
2467 3510 2575 3563 ἀπὸ
2602 3508 2696 3562 τοῦ
2737 3510 2838 3580 τῆς
2877 3507 3198 3578 φιλοσοφίας
3240 3509 3561 3577 προσώπουο
3591 3527 3610 3561 ι
3645 3506 3776 3559 Ἀ).λᾶ

2240 3603 2350 3672 γὰρ
2373 3601 2564 3673 δέομαί
2614 3618 2730 3667 σου,
2766 3602 2916 3665 ὅπως
2960 3602 3121 3662 ὁσίως
3147 3601 3262 3667 ,καὶ
3318 3604 3608 3670 πανάγνως
3645 3599 3775 3652 τοῦτο

2239 3694 2566 3767 δοκιμάζῃς,
2598 3696 2660 3748 τὸ
2689 3694 2783 3748 τοῦ
2812 3694 2987 3765 ἄκρου
3027 3693 3235 3765 ἀγαθοῦ
3270 3694 3362 3748 τὸν
3409 3697 3575 3765 ἄκρον
3604 3690 3776 3763 ἀγαθὸν

2238 3786 2380 3844 εἶναι
2413 3789 2819 3858 πληρέστατον,
2861 3786 2939 3852 ὡς
2992 3787 3059 3842 ἂν
3109 3787 3183 3858 μὴ
3222 3786 3313 3840 τὸν
3359 3787 3471 3841 τῶν
3502 3789 3660 3841 ὄντων
3688 3801 3774 3838 που

2235 3883 2372 3951 τέρα
2425 3880 2646 3935 πάντων
2695 3881 2875 3933 ἐκεῖνο
2921 3880 2979 3933 τὸ
3030 3880 3232 3949 ἀγαθὸν
3288 3881 3347 3934 οὗ
3403 3883 3618 3952 πλήρης
3659 3877 3772 3933 εἶναι

2239 3975 2631 4045 μαρτυρεῖται,
2687 3973 2719 4044 ἢ
2791 3972 2994 4038 ἔξωθεν
3060 3974 3356 4043 λαμϐάνειν
3427 3977 3636 4044 φρονεῖν
3674 3971 3771 4024 τολ-

2238 4070 2508 4139 μήσειας,
2567 4066 2600 4137 ἢ
2641 4065 2885 4134 φυσικῶς
2931 4065 3029 4136 μὲν
3076 4066 3259 4136 ἔχειν,
3304 4066 3538 4140 διάφορα
3578 4067 3621 4121 δ’
3656 4059 3770 4119 εἶναι

2231 4162 2332 4229 τὴν
2361 4159 2620 4231 ὓπαρξιν,
2645 4156 2720 4222 ὡς
2751 4158 2819 4213 ἂν
2852 4160 3069 4229 ἔχοντος
3098 4158 3192 4212 τοῦ
3226 4158 3387 4224 Θεοῦ,
3426 4160 3517 4215 καὶ
3542 4160 3770 4230 ἐχομένης

2237 4253 2669 4326 μακαριότητος.
2714 4252 2778 4305 Et
2821 4252 2920 4322 μὲν
2972 4253 3081 4320 γὰρ
3127 4250 3326 4316 ἔξωθεν
3360 4252 3635 4323 εἰληφέναι
3663 4251 3770 4304 om-

2232 4344 2562 4415 λαμϐάνεις,
2621 4345 2873 4415 κρεῖττον
2939 4341 3033 4396 τοῦ
3099 4342 3386 4423 εἰληφότος
3445 4346 3508 4398 τὸ
3565 4342 3769 4405 δεδωκδς

2231 4437 2441 4491 οἴεσθαι
2495 4435 2743 4491 δύνασαι.
2793 4436 2935 4488 Ἀλλ’
2988 4435 3277 4507 ὑπερέχειν
3320 4436 3510 4493 τοῦτον
3550 4437 3768 4491 ἁπάντων

2232 4530 2398 4596 ἀξίως
2443 4528 2842 4600 ὁμολογοῦμεν.
2877 4529 2943 4583 Et
2989 4529 3046 4583 δέ
3100 4532 3167 4602 τῇ
3204 4532 3364 4601 φύσει
3409 4534 3510 4602 μὲν
3542 4531 3773 4594 Eatur,“

2226 4625 2303 4693 τῷ
2362 4623 2649 4695 πράγματι
2699 4623 2755 4676 δὲ
2801 4623 3059 4694 διάφορα,
3094 4624 3315 4678 ἐπειδὰν
3363 4628 3496 4697 περὶ
3542 4624 3629 4679 τοῦ
3674 4623 3763 4676 τῶν

2224 4718 2393 4772 ὄντων
2422 4716 2683 4787 ἄρχοντος
2714 4718 3100 4788 διαλεγόμεθα,
3122 4721 3151 4772 ὁ
3177 4719 3479 4788 δυνάμενος
3511 4719 3762 4780 πλασάτω,

2223 4811 2307 4873 τίς
2336 4812 2404 4865 τὰ
2434 4811 2672 4880 διάφοροι
2702 4812 2875 4865 ταῦτα
2902 4812 3196 4883 συνῆψεν.»
3235 4811 3353 4868 Οὔκ
3382 4816 3493 4885 ἄρα
3535 4810 3644 4867 ἐστὶ
3669 4825 3763 4871 πως

2220 4902 2279 4953 ἐν
2304 4900 2382 4972 τῷ
2414 4902 2534 4971 Θεῷ
2562 4901 2786 4974 τοιαύτη
2817 4902 3066 4975 δύναμις.

2289 4992 2378 5047 ια’.
2418 4995 2541 5048 Ἐτι
2577 4998 2626 5048 εἱ
2674 4998 2769 5049 καὶ
2812 4997 2845 5064 ἡ
2889 4997 3114 5068 τοιαύτη
3170 4997 3400 5067 δύναμις
3450 4998 3526 5069 μὴ
3576 4997 3679 5067 ἔχει
3712 4985 3768 5044 ἔν’

2215 5087 2376 5151 ἐνίοις
2406 5089 2543 5157 πρδς
2573 5089 2705 5143 ἄλλο
2737 5084 2913 5156 εἷδος“,
2947 5089 3138 5161 ὥσπερ
3170 5093 3204 5162 ή
3250 5090 3362 5145 τῶν
3387 5090 3645 5163 οὐρανίων
3671 5100 3757 5138 σω-

2219 5181 2424 5248 μάτων,
2450 5180 2562 5250 ἐχει
2592 5180 2778 5250 μέντοι
2809 5183 2947 5252 πρὸς
2976 5182 3036 5235 τὸ
3064 5184 3139 5253 μὴ
3164 5184 3245 5238 ὅν.
3276 5184 3388 5237 Καὶ
3420 5183 3529 5253 γὰρ
3555 5181 3754 5233 ἕκαστον

2215 5273 2278 5322 ἐκ
2311 5272 2406 5324 τοῦ
2445 5273 2521 5343 μὴ
2555 5273 2707 5334 ὄντος
2741 5273 2948 5344 ταύτην
2978 5276 3268 5343 ἐφέλκεται
3292 5274 3454 5328 οἱονεί
3501 5290 3556 5327 τι
3599 5269 3753 5335 latala-

2221 5380 2311 5416 νον
2368 5364 2469 5432 τῆς
2526 5364 2659 5418 ποτὲ
2713 5365 2789 5436 μὴ
2841 5367 3154 5438 ὀντότητος.
3188 5366 3279 5420 ait
3326 5367 3420 5420 καὶ
3469 5358 3755 5424 και-ἀὑτὴν

2139 5511 2147 5519 .
2225 5449 2391 5525 μηδέν
2441 5459 2591 5510 ἐστιν
2637 5458 2891 5525 ἕκαστον,
2946 5462 3058 5514 εἴτε
3114 5460 3299 5529 ἐαθείη
3345 5477 3397 5514 τι
3451 5458 3537 5528 ἐφ’
3585 5447 3752 5509 ἑαυτῠῦ
