4046 6464
319 489 466 556 .1201

1245 499 1342 559 DE
1375 500 1748 562 ESSENTIA
1777 502 1872 561 ET
1907 501 2395 562 OPERATIONE
2439 503 2590 564 DEI.

3442 500 3574 564 1202

329 618 407 684 μὴ
474 613 912 682 συντηρούμενον
978 615 1082 668 ὑπὸ
1145 616 1239 670 τοῦ
1287 616 1446 682 Θεοῦ,
1484 618 1639 670 οὐδὲν
1695 620 1929 688 ἀκαρεὶ,

2040 628 2198 672 natur
2251 629 2306 673 ct
2347 636 2373 672 a
2400 621 2506 673 Deo
2556 634 2662 672 non
2696 629 3070 678 ronsrrvetnr,
3101 617 3245 670 illico
3277 615 3412 668 nihil
3449 633 3571 682 prr-
3645 624 3651 668 ἒ

331 707 504 772 μένει,
539 704 654 757 ἀλλ’
695 704 906 775 ἀθρόως
955 707 1256 776 οἰχήσεται,
1298 709 1391 760 καὶ
1439 708 1782 768 διαπεσεῖται
1823 709 1898 772 ὡς

327 802 355 852 ό
404 798 767 864 Αὐγουστῖνος
822 801 1010 871 φησίν.
1048 801 1108 855 '0
1159 803 1216 856 δὲ
1266 803 1398 865 Θεὸς
1445 803 1546 856 οὐκ
1597 803 1714 857 ἐστι
1761 805 1898 872 πρὸς

327 891 388 945 τὸ
444 893 519 962 μὴ
558 891 639 954 ὃν,
670 893 784 944 οὐδ’
833 893 940 962 ἄρα
999 895 1260 966 τοιαύτην
1307 895 1560 963 δύναμιν.
1614 895 1899 949 Ἐντεῦθέν

331 984 478 1036 ἐστιν
507 984 589 1037 ὅτι
617 985 752 1054 πρὸς
787 986 896 1038 τῶν
930 986 1128 1055 λογίων
1162 987 1379 1056 ἀπαθὴς
1413 987 1690 1056 ὑμνεῖται.

335 1097 549 1167 Κεφαλ.
585 1100 659 1153 Δν.
691 1099 821 1154 Ὀτι
848 1100 886 1167 ἡ
918 1101 1098 1190 οὐσία
1127 1101 1232 1183 τοῦ
1265 1101 1412 1156 Θεοῦ
1455 1102 1625 1154 ἐστιν
1653 1101 1719 1155 τὸ
1749 1101 1903 1155 εἶναι

1006 1187 1215 1225 αυτου.

407 1255 483 1312 α’.’
517 1261 611 1313 Ἐκ
655 1259 718 1330 δὴ
764 1260 965 1314 τούτων
1013 1261 1248 1331 φανερὸν
1299 1260 1376 1333 (7)
1418 1261 1517 1332 τὴν
1567 1261 1757 1316 οὐσίαν
1806 1279 1901 1315 του

341 1351 470 1404 Θεοῦ
499 1353 558 1404 τὸ
588 1349 726 1405 εἶναι
757 1351 944 1406 αὐτοῦ.
977 1354 1132 1406 Πᾶσα
1165 1352 1273 1423 γὰρ
1305 1354 1462 1407 οὐσία
1498 1355 1530 1423 ἣ
1569 1355 1643 1422 μὴ
1687 1355 1802 1406 ἐστι
1841 1355 1903 1408 τὸ

336 1444 476 1498 εἶναι
506 1445 698 1512 αὐτῆς,
731 1444 876 1496 ἔστιν
904 1446 961 1496 ὲν
992 1443 1224 1514 δυνάμει
1255 1445 1391 1514 πρὸς
1423 1445 1575 1498 αὐτό.
1619 1444 1708 1498 Ἐν
1740 1445 1796 1497 δὲ
1829 1443 1905 1511 τῷ

337 1537 457 1605 Θεῷ
503 1535 727 1604 οὐδεμία
787 1536 904 1588 ἐστί
956 1554 1041 1600 τις
1079 1537 1310 1604 δύναμις
1344 1538 1591 1607 τοιαύτη.
1639 1538 1706 1591 Ἣ
1750 1537 1906 1590 οὐσία

339 1623 447 1693 ἄρα
478 1623 571 1676 τοῦ
596 1625 731 1677 Θεοῦ
766 1625 864 1678 οὐκ
909 1623 1055 1678 ἔστιν
1090 1627 1249 1678 οὐσία
1279 1626 1527 1694 τοιαύτη,
1560 1620 1627 1694 ἦς
1669 1626 1730 1677 τὸ
1766 1621 1906 1678 εἷναί

339 1714 486 1767 ἐστιν
541 1714 724 1785 ἕτερον
765 1714 959 1784 αὐτῆς.
996 1716 1184 1767 Ἔστιν
1229 1714 1338 1786 ἄρα
1385 1716 1582 1769 ταυτὸν
1625 1717 1690 1786 τῇ
1748 1716 1906 1786 οὐσίᾳ

337 1806 430 1858 τοῦ
461 1805 595 1858 Θεοῦ
621 1805 679 1858 τὸ
715 1803 853 1859 εῖναι
887 1806 1076 1860 αὐτοῦ.

411 1898 475 1965 β’.
507 1899 629 1951 Ἔτι
663 1900 879 1969 ὁρῶμεν
921 1902 976 1952 ὲν
1018 1902 1132 1962 τοῖς
1182 1899 1304 1954 οὖσί
1350 1916 1474 1952 τινα
1505 1899 1706 1954 δυνατά
1741 1894 1902 1963 εἶναι,

340 1959 435 2044 καί
490 1989 565 2061 μὴ
621 1959 792 2053 εἶνάιξ
821 1991 1010 2062 ὥσπερ
1057 1959 1126 2046 τά
1163 1994 1220 2046 ὲν
1275 1992 1512 2060 γενέσει,
1565 1993 1661 2046 καὶ
1710 1959 1908 2062 φθορᾷ.
1943 1959 1984 2014 Β

340 2083 456 2135 Πᾶν
507 2083 564 2134 δὲ
619 2083 682 2134 τὸ
729 2083 956 2137 δυνατὸν
1008 2081 1172 2148 εἶναι,
1239 2086 1334 2140 καὶ
1379 2083 1453 2154 μὴ
1512 2082 1674 2149 εἶναι,
1733 2085 1913 2138 αἰτίαν

340 2175 434 2227 τοῦ
472 2176 546 2246 μὴ
580 2175 658 2242 (8)
693 2172 835 2230 εἶναι
876 2179 1052 2248 ἄνπερ
1102 2175 1159 2253 ᾗ,
1187 2178 1214 2230 ὃ
1246 2177 1355 2248 γάρ
1393 2178 1506 2248 ἔχει
1537 2177 1732 2247 ἐπίσης
1778 2177 1916 2246 πρὸς

341 2266 402 2318 τὸ
440 2263 604 2332 εἶναι,
635 2269 726 2320 καὶ
768 2269 842 2339 μὴ
888 2261 1048 2334 εἷναι,
1079 2273 1158 2332 είς
1201 2269 1259 2322 τὸ
1303 2265 1445 2322 εἶναι
1498 2270 1911 2340 προεχώρησεν,

269 2423 282 2430 ι
342 2351 567 2422 ὀινιπίγκίιι⁶
613 2353 676 2406 ἐκ
722 2372 868 2418 τινος
908 2357 1092 2420 αίτίας
1143 2359 1287 2408 τοῦτ’
1333 2358 1527 2427 ἴσχειν.
1568 2359 1658 2412 Ἐν
1706 2360 1761 2412 δὲ
1804 2363 1916 2422 τοῖς

344 2444 540 2508 αίτίοις
572 2446 674 2499 οὐκ
705 2445 854 2500 ἐστιν
882 2448 969 2499 ἐπ’
993 2449 1220 2519 ἄπειρον
1247 2450 1528 2518 προϊέναι’
1571 2451 1782 2522 ἀνάγκη
1811 2453 1918 2517 ἄρα

343 2538 554 2592 τιθέναι
607 2556 660 2591 τι
705 2540 1006 2608 ἀναγκαῖον
1059 2536 1223 2595 εῖναι.
1278 2541 1449 2594 Τοῦτο
1501 2542 1557 2595 δὲ
1615 2543 1646 2613 ἢ
1697 2543 1919 2598 ἄλλοθεν

346 2624 459 2694 ἔχει
502 2626 602 2696 τὴν
651 2628 831 2680 αἰτίαν
883 2629 982 2696 τῆς
1039 2629 1206 2684 αὐτοῦ
1259 2629 1606 2699 ἀνάγκης,ἢ
1651 2631 1734 2685 οὗ.
1779 2631 1920 2682 Ἀλλ’

347 2716 466 2771 ἔστι
499 2718 621 2772 καθ’
647 2719 779 2773 αὐτὸ
810 2722 1130 2789 ἀναγκαῖον.
1165 2723 1279 2776 Οὐκ
1311 2723 1428 2776 ἔστι
1459 2723 1517 2776 δὲ
1552 2724 1806 2795 προϊέναι
1835 2724 1922 2778 ἐπ’

351 2809 579 2880 ἄπειρον
613 2812 674 2864 ὲν
713 2814 828 2874 τοῖς
881 2813 1208 2879 ἀναγκαίοις
1250 2816 1364 2876 τοῖς
1393 2813 1577 2887 έχουσι
1611 2817 1711 2886 τὴν
1744 2816 1924 2870 αἰτίαν

349 2902 449 2972 τῆς
477 2903 660 2956 αὐτῶν
685 2903 928 2973 ἀνάγκης
959 2903 1200 2959 ἄλλοθεν.
1245 2902 1484 2975 Ἀνάγκη
1508 2905 1691 2958 τοίνυν
1717 2905 1923 2958 τιθέναι

351 3012 404 3047 τι
449 2995 667 3064 πρῶτον
725 2996 1022 3061 ἀναγκαῖον
1073 2992 1234 3061 εῖναι,
1279 2996 1416 3067 ὅπερ
1467 2995 1586 3048 ἐστὶ
1628 2995 1752 3050 καθ’
1796 2997 1928 3050 αὐτὸ

354 3086 670 3152 ἀναγκαῖον.
694 3087 805 3139 Καὶ
837 3086 981 3139 τοῦτ’
1014 3089 1162 3140 ἐστὶν
1194 3089 1222 3141 ὁ
1251 3088 1414 3150 Θεὸς,
1450 3090 1509 3150 ὃς
1540 3089 1656 3140 ἐστι
1707 3088 1924 3159 πρῶτον

354 3179 672 3245 ἀναγκαῖον.
711 3178 884 3232 Τοῦτο
919 3179 976 3231 δὲ
1007 3179 1066 3231 τὸ
1109 3178 1235 3232 καθ’
1279 3180 1411 3233 αὐτὸ
1451 3181 1755 3249 ἀναγκαῖον
1785 3177 1928 3235 εῖναι

2003 720 2208 776 manet;
2241 711 2332 766 sed
2365 712 2601 766 cessabit
2623 722 2675 765 et
2709 712 2980 776 concidet,
3007 720 3065 764 ut
3091 710 3166 763 ait
3201 708 3568 776 Augustinus.
3651 695 3655 716 ⁷

2003 803 2148 858 Deus
2176 813 2357 856 autem
2391 818 2495 857 non
2522 804 2695 858 tendit
2723 804 2786 856 ad
2822 804 3076 863 nihilum,
3102 817 3203 855 nec
3235 799 3464 870 proinde
3506 796 3570 850 ad

2002 896 2308 952 istiusmodi
2365 897 2683 967 potentiam.
2747 895 2808 950 Et
2839 897 2960 950 ideo
2991 896 3044 949 iu
3099 895 3384 958 Scriptura
3412 908 3566 947 sacra

2001 988 2198 1042 dicitur
2223 989 2595 1058 impassibilis.

2073 1102 2205 1171 Cap.
2228 1101 2321 1158 IV.
2353 1101 2505 1166 Quod
2538 1101 2766 1155 essentia
2803 1101 2896 1154 Dei
2922 1112 2995 1154 est
3034 1116 3144 1153 esse
3175 1100 3360 1166 ipsius.

2073 1261 2126 1315 1.
2163 1260 2236 1315 Ex
2287 1260 2447 1316 dictis
2487 1268 2631 1328 patet
2665 1260 2962 1314 essentiam
3019 1257 3110 1311 Dei
3159 1273 3280 1312 esse
3315 1259 3456 1309 idem
3512 1270 3577 1310 ac

2007 1350 2178 1420 ipsius
2212 1367 2353 1407 esse.
2404 1351 2596 1408 Omnis
2654 1351 2795 1405 enim
2846 1350 3086 1405 essentia
3148 1364 3270 1418 quae
3330 1364 3436 1402 non
3495 1357 3579 1402 cst

2007 1459 2166 1499 suum
2197 1459 2345 1507 esse,
2378 1455 2460 1498 est
2492 1444 2544 1497 in
2577 1445 2816 1514 petentia
2852 1443 3076 1497 relative
3105 1443 3170 1495 ad
3207 1441 3348 1504 hoc;
3389 1441 3481 1494 sed
3521 1441 3575 1492 in

2011 1535 2117 1590 Deo
2157 1537 2302 1591 nulla
2335 1550 2421 1591 est
2454 1537 2767 1605 hujusmodi
2809 1537 3068 1605 potentia.
3123 1534 3374 1589 Essentia
3409 1534 3578 1602 igitur

2010 1627 2100 1681 Dei
2130 1643 2238 1682 non
2268 1644 2330 1682 ea
2352 1639 2433 1683 est
2463 1629 2723 1688 essentia.
2756 1629 2909 1697 cujus
2936 1643 3057 1683 esse
3079 1628 3147 1682 sit
3173 1626 3318 1682 aliud
3343 1626 3410 1681 ab
3441 1625 3578 1695 ipsa.

2009 1718 2104 1773 Est
2132 1735 2259 1788 ergo
2292 1721 2432 1775 idem
2455 1721 2705 1776 essentne
2732 1720 2822 1775 Dei
2856 1735 2975 1776 esse
3007 1720 3198 1788 ipsius.

2080 1903 2136 1956 2.
2173 1902 2404 1968 lterum,
2428 1903 2674 1958 videmus
2712 1903 2766 1956 in
2795 1905 3016 1960 entibus
3040 1903 3224 1972 aliqua
3250 1916 3370 1956 esse
3403 1899 3584 1969 possi-

2017 1995 2142 2048 hilia
2179 2010 2298 2048 esse
2345 2005 2400 2048 et
2427 2009 2532 2048 non
2568 2009 2708 2058 esse,
2746 1995 2958 2050 scilicet
3017 1981 3350 2065 generabilia
3377 1999 3429 2044 et
3458 2006 3585 2044 cor-

2017 2085 2312 2149 ruptibilia.
2348 2083 2524 2138 Omne
2559 2093 2738 2138 autem
2765 2084 2910 2152 quod
2942 2093 3026 2140 est
3084 2085 3345 2152 possibile
3371 2097 3494 2136 esse
3527 2091 3588 2134 et

2019 2191 2128 2229 non
2178 2190 2318 2242 esse,
2379 2177 2695 2230 necessario
2755 2192 2978 2231 causam
3044 2176 3206 2229 habet
3269 2171 3505 2234 esscndi,
3541 2172 3586 2224 si

2019 2266 2236 2336 quando
2291 2267 2380 2321 sit.
2411 2267 2464 2321 Si
2496 2268 2641 2322 enim
2698 2268 2842 2336 quod
2883 2267 3162 2336 aequaliter
3210 2282 3270 2321 se
3316 2265 3478 2318 habet
3518 2265 3585 2316 ad
3654 2265 3667 2282 '

2019 2373 2138 2412 esse
2168 2367 2220 2413 et
2266 2375 2373 2413 non
2429 2360 2570 2426 esse,
2609 2361 2660 2412 in
2712 2375 2832 2414 esse
2864 2361 3145 2430 prodierit,
3199 2365 3415 2429 oportet
3443 2356 3590 2426 quod

2023 2449 2125 2503 hoc
2151 2451 2223 2506 sit
2248 2465 2314 2504 ex
2345 2451 2524 2519 aliqua
2558 2467 2747 2506 causa.
2785 2452 2892 2506 Sed
2916 2451 2979 2505 vin
3007 2451 3193 2505 causis
3219 2467 3326 2506 non
3358 2458 3439 2504 est
3465 2463 3590 2516 pro-

2021 2541 2216 2596 cedere
2268 2541 2320 2595 in
2363 2542 2670 2607 inﬁnitum;
2716 2558 2847 2611 ergo
2899 2550 3111 2610 oportet
3143 2557 3348 2611 ponere
3381 2539 3590 2609 aliquid

2023 2632 2164 2700 quod
2193 2632 2264 2687 sit
2300 2647 2523 2688 necesse
2577 2648 2714 2689 esse.
2761 2631 2874 2688 Hoc
2911 2645 3089 2688 autem
3123 2633 3208 2687 vel
3253 2633 3418 2686 habet
3453 2648 3584 2686 cau-

2025 2740 2139 2779 sam
2175 2740 2286 2780 suae
2318 2726 2662 2781 necessitatis
2698 2725 2941 2792 aliunde,
2977 2726 3061 2780 vel
3091 2741 3221 2789 non,
3259 2725 3354 2781 sed
3387 2734 3469 2779 est
3498 2739 3594 2792 per

2026 2816 2262 2885 seipsum
2297 2821 2689 2874 necessarium.
2735 2819 2850 2873 Non
2875 2827 2957 2875 est
2995 2829 3172 2872 autem
3214 2818 3506 2886 procedere
3542 2817 3596 2867 in

2027 2905 2300 2964 inﬁnitum
2339 2907 2394 2961 in
2450 2910 2779 2964 necessariis
2827 2925 2947 2979 quae
2977 2907 3182 2962 habent
3231 2922 3452 2961 causam
3485 2921 3598 2960 sua:

2028 2998 2370 3053 necessitatis
2428 2999 2646 3053 aliunde
2676 3041 2690 3064 ,
2725 3015 2854 3070 ergo
2887 3007 3102 3069 oportet
3143 3013 3345 3066 ponere
3375 2997 3595 3065 aliquod

2029 3087 2263 3154 primum
2298 3090 2864 3159 necessarium,qu0d
2892 3100 2974 3145 est
3005 3105 3097 3159 per
3115 3105 3173 3144 se
3199 3103 3593 3143 necessarium.

2029 3178 2096 3234 Et
2129 3181 2232 3234 hoc
2263 3192 2345 3236 est
2372 3181 2532 3247 Deus,
2567 3185 2659 3252 qui
2684 3193 2767 3238 est
2798 3184 3031 3252 primum
3057 3182 3453 3238 necessarium.
3487 3179 3600 3233 Hoc

352 3271 463 3321 τινὶ
516 3266 657 3322 εἶναι
708 3271 828 3323 καθ’
891 3270 1023 3323 αὐτὸ
1089 3272 1375 3340 ἀναγκαίῳ
1429 3275 1578 3326 ἐστὶν
1628 3275 1929 3342 ἀναγκαῖον

2034 3282 2216 3326 autem
2254 3288 2375 3328 esse
2399 3289 2495 3344 per
2519 3289 2579 3328 se
2613 3275 2984 3330 necessarium
3030 3273 3192 3328 alicui
3231 3289 3327 3343 per
3356 3273 3597 3342 seipsum

355 3353 521 3423 εἶναι,
548 3360 740 3432 ὥσπερ
768 3361 828 3413 τὸ
854 3361 1205 3431 ἐνδεχόμενον
1233 3361 1375 3417 εἶναι
1406 3365 1748 3434 ἐνδεχομένῳ
1779 3369 1930 3420 ἐστὶν

354 3451 708 3520 ἐνδεχόμενον
761 3447 922 3507 εἶναι.
973 3453 1146 3507 Τοῦτο
1193 3455 1373 3507 τοίνυν
1423 3456 1484 3508 τὸ
1532 3451 1665 3509 εἴναι
1718 3458 1778 3509 τὸ
1808 3458 1931 3511 καθ’

359 3541 492 3592 αὐτὸ
523 3527 840 3610 ἀναγκαῖον,
870 3546 917 3596 εί
965 3545 1116 3598 ἔσται
1173 3547 1280 3600 τινὶ
1334 3547 1518 3610 οὐσία,
1552 3548 1583 3618 ἢ
1615 3549 1765 3602 ἔσται
1795 3551 1930 3618 αὐτῇ

365 3634 634 3706 ἀντίξουν²
679 3637 770 3688 καὶ
816 3637 1255 3706 διαμαχόμενον,
1286 3639 1476 3710 ὥσπερ
1525 3643 1583 3693 τὸ
1632 3643 1756 3695 καθ’
1805 3645 1936 3696 αὐτὸ

360 3716 499 3776 εῖναι
545 3725 872 3796 διαμάχεται
917 3729 997 3798 τῷ
1039 3729 1139 3798 τῆς
1191 3730 1523 3800 λευκότητος
1578 3732 1861 3802 χρώματι’
1901 3734 1934 3804 ἥ

362 3815 519 3869 ἔσται
570 3818 707 3888 αὐτῇ
767 3817 1089 3888 σύμφωνον,
1142 3823 1236 3874 καὶ
1292 3826 1582 3890 συγγενὲς,
1629 3824 1819 3896 ὥσπερ
1867 3828 1968 3896 τῇΔ

359 3905 648 3977 λευκότητι
687 3909 746 3961 τὸ
775 3911 832 3962 ἐν
862 3911 1006 3980 ἄλλῳ
1056 3911 1213 3965 εἶναι.
1265 3913 1425 3966 Ἀλλά
1472 3916 1549 3984 τῷ
1602 3915 1702 3983 μὲν
1737 3916 1939 3986 πρώτῳ

365 3999 552 4068 τρόπῳ
578 4000 677 4052 οὐκ
708 4002 773 4054 ἂν
807 4003 1051 4055 συνέλθοι
1083 4005 1252 4075 ταύτῃ
1282 4008 1342 4075 τῇ
1375 4005 1532 4075 οὐσίᾳ
1560 4007 1620 4058 τὸ
1650 4007 1777 4061 καθ’
1807 4008 1940 4061 αὐτὸ

363 4089 662 4157 ἀναγκαῖον
707 4088 866 4156 εῖναι,
894 4094 1084 4163 ὥσπερ
1132 4097 1254 4148 οὐδὲ
1283 4098 1350 4166 τῇ
1397 4096 1688 4167 λευκότητι
1722 4097 1782 4151 τὸ
1814 4098 1940 4150 καθ’

365 4179 498 4232 αὐτὸ
524 4182 793 4252 ὑπάρχειν
816 4200 830 4216 ·
863 4183 940 4253 τῷ
972 4185 1029 4238 δὲ
1060 4185 1302 4256 δευτέρῳ
1328 4188 1515 4256 τρόπῳ
1545 4189 1578 4258 ἢ
1607 4189 1666 4241 τὸ
1691 4189 1940 4244 τοιοῦτον

367 4264 507 4324 εἶναι
533 4274 766 4342 ἢρτηται
794 4276 892 4344 τῆς
934 4273 1122 4348 οὐσίας
1171 4275 1204 4347 ἢ
1254 4278 1543 4349 ἀμφότερα
1591 4281 1815 4352 ἁπάσης
1856 4282 1942 4334 ai-

365 4363 512 4426 τίας,
542 4364 573 4431 ἢ
605 4363 763 4418 οὐσία
804 4364 913 4417 ἀπὸ
958 4364 1052 4418 τοῦ
1097 4360 1257 4419 εἶναι.
1301 4366 1465 4420 Ἀλλὰ
1513 4367 1582 4420 τὰ
1629 4369 1821 4438 πρῶτα
1851 4369 1944 4422 δύο

368 4457 476 4508 εἰσὶ
506 4455 653 4525 παρὰ
681 4455 770 4510 τὸν
796 4456 952 4524 λόγον
979 4458 1073 4510 τοῦ
1103 4456 1241 4510 εἶναι
1268 4458 1391 4511 καθ’
1419 4459 1582 4512 ἑαυτὸ
1613 4461 1939 4526 ἀναγκαίου.

372 4547 529 4598 Ἔστι
557 4547 665 4614 γὰρ
693 4547 924 4599 ἕκαστον
954 4549 1250 4613 ἀναγκαῖον
1281 4548 1368 4600 διὰ
1395 4548 1563 4614 τοῦθ’,
1596 4542 1657 4602 οὗ
1685 4550 1940 4619 ἥττηται.

2035 3368 2344 3420 necessario
2375 3375 2457 3421 est
2480 3382 2701 3423 necesse
2722 3382 2862 3432 esse,
2894 3367 3040 3422 sicut
3069 3382 3190 3421 esse
3211 3365 3472 3436 possibile
3499 3365 3568 3418 ali
3586 3394 3602 3403 -

2034 3458 2119 3513 cui
2154 3459 2397 3527 possibili
2430 3470 2511 3514 est
2544 3461 2799 3528 possibile
2833 3476 2975 3516 esse.
3010 3459 3125 3514 lloc
3159 3461 3325 3529 igitur
3355 3475 3471 3513 esse
3507 3474 3602 3526 per

2036 3564 2094 3603 se
2125 3550 2517 3614 necessarium.
2553 3552 2599 3604 si
2642 3552 2710 3605 sit
2751 3552 2914 3605 alicui
2939 3551 3199 3618 essentia,
3250 3551 3335 3604 vel
3367 3551 3466 3603 erit
3499 3551 3600 3614 ipsi

2037 3641 2368 3694 contrarium
2400 3650 2451 3694 et
2479 3657 2810 3710 repugnans,
2847 3642 2984 3697 sicut
3007 3658 3102 3711 per
3136 3657 3195 3696 se
3223 3641 3483 3696 exsistere
3514 3657 3605 3693 re-

2036 3737 2241 3797 pugnat
2278 3728 2402 3782 albo
2433 3729 2605 3783 colori
2645 3747 2659 3793 ;
2724 3730 2806 3784 vel
2838 3730 2942 3784 erit
2979 3729 3081 3798 ipsi
3111 3743 3412 3783 consonum
3440 3735 3494 3779 et
3520 3726 3606 3778 af-

2039 3818 2164 3880 ﬁne,
2185 3818 2328 3873 sicut
2357 3819 2590 3874 albedini
2619 3835 2736 3874 esse
2777 3821 2827 3874 in
2870 3821 2998 3874 alio.
3027 3820 3081 3874 Si
3117 3821 3289 3888 primo
3319 3818 3496 3881 modo,
3524 3817 3604 3871 illi

2038 3908 2291 3963 essentiae
2336 3924 2446 3963 non
2499 3911 2788 3964 conveniet
2820 3925 2941 3964 esse
2976 3910 3118 3978 quod
3162 3919 3244 3964 est
3281 3925 3374 3977 per
3415 3923 3472 3962 se
3511 3922 3607 3960 ne—

2040 4013 2191 4055 cesse
2247 4014 2391 4063 esse,
2423 3999 2563 4054 sicut
2606 4015 2706 4054 nec
2737 3999 2970 4053 albedini
3016 4015 3109 4068 per
3140 4013 3198 4053 se
3232 3997 3517 4050 exsistere.
3548 3992 3607 4048 Si

2043 4100 2220 4144 autem
2258 4091 2496 4145 secundo
2532 4090 2716 4153 modo,
2749 4093 2830 4145 vel
2854 4105 2975 4144 esse
3004 4089 3310 4159 huiusmodi
3344 4087 3611 4154 dependet

2043 4182 2108 4234 ab
2139 4182 2397 4246 essentia,
2429 4183 2513 4237 vel
2542 4193 2831 4252 utrumque
2861 4182 2926 4236 ab
2959 4183 3060 4235 alia
3092 4197 3278 4246 causa,
3307 4181 3389 4234 vel
3422 4194 3613 4233 essen-

2046 4271 2116 4324 tia
2154 4271 2222 4326 ab
2276 4287 2420 4327 esse.
2485 4273 2589 4327 Sed
2623 4273 2732 4327 duo
2759 4273 2930 4342 prima
2965 4283 3091 4326 sunt
3124 4283 3316 4325 contra
3337 4270 3606 4323 rationem

2043 4363 2337 4447 ejusquod
2363 4373 2444 4420 est
2472 4380 2567 4433 per
2591 4380 2649 4420 se
2680 4379 2900 4419 necesse
2933 4379 3080 4428 esse;
3106 4377 3228 4416 nam
3261 4362 3612 4430 unumquod-

2046 4470 2150 4523 que
2175 4457 2280 4509 'est
2319 4457 2684 4510 necessarium
2731 4471 2797 4510 eo
2854 4455 3128 4524 quodnon
3167 4454 3511 4524 dependeat;
3545 4468 3613 4506 ex

2047 4546 2208 4598 tertio
2231 4561 2362 4599 vero
2401 4547 2648 4615 sequitur
2679 4546 2825 4615 quod
2859 4546 2949 4599 illa
2981 4545 3222 4601 essentia
3257 4544 3614 4599 accidentali-

368 4639 434 4690 Ei
477 4638 533 4690 δὲ
582 4639 640 4688 τὸ
670 4639 873 4706 τρίτον,
921 4638 1117 4690 ἕπεται
1159 4640 1378 4706 ἐκείνην
1420 4639 1519 4708 τὴν
1570 4640 1756 4692 οὐσίαν
1797 4643 1929 4693 κατό

2045 4643 2126 4687 ter
2153 4634 2369 4687 advenit
2400 4636 2462 4687 ad
2495 4652 2602 4688 rem
2631 4651 2750 4704 qua:
2775 4651 2868 4704 per
2887 4651 2944 4690 se
2963 4651 3187 4690 necesse
3222 4645 3303 4688 est
3325 4650 3468 4698 esse,
3488 4634 3615 4704 quia

374 4728 723 4796 συμϐεϐηκὸς
763 4730 1104 4796 ἐπιγίνεσθαι
1166 4729 1244 4798 τῷ
1295 4729 1417 4781 καθ’
1471 4731 1604 4782 αὐτὸ
1655 4731 1945 4800 ἀναγκαίῳ

373 4814 534 4871 εἶναι.
562 4819 676 4872 Πᾶν
704 4819 812 4888 γὰρ
860 4819 888 4871 ὃ
929 4820 1122 4873 ἕπεται
1163 4820 1238 4888 τῷ
1281 4819 1374 4872 τοῦ
1409 4822 1734 4889 πράγματος
1779 4817 1945 4886 εἶναι,

375 4909 517 4960 κατά
545 4907 890 4976 συμϐεϐηκὸς
914 4909 1120 4960 ἔνεστιν
1140 4908 1343 4977 ἑαυτῷ,
1362 4909 1450 4960 καὶ
1481 4908 1657 4969 οὕτως
1678 4909 1778 4960 οὐκ
1802 4908 1948 4961 ἔστιν

375 4999 594 5065 ή-οὐσία
621 4998 808 5052 αὐτοῦ.
842 4999 904 5051 '0
936 4999 1065 5062 Θεὸς
1095 5001 1206 5069 ἄρα
1246 5001 1346 5054 οὐκ
1392 5000 1503 5072 ἔχει
1533 5000 1746 5063 οὐσίαν,
1786 5003 1834 5053 εἰ
1871 5001 1946 5070 μὴ

376 5084 490 5136 ἔστι
515 5086 576 5138 τὸ
602 5081 740 5140 εἶναι
764 5087 950 5141 αὐτοῦ.

449 5175 520 5244 γ’.
555 5178 616 5230 Ei
643 5178 699 5231 δέ
728 5197 812 5242 τις
837 5179 987 5247 λέγει
1017 5181 1196 5234 ἐκεῖνο
1225 5181 1287 5233 τὸ
1325 5177 1463 5234 εῖναι
1497 5182 1570 5252 μὴ
1600 5181 1944 5252 ἀπολελυμέ-

382 5287 486 5333 νως
514 5270 784 5337 ἠρτῆσθαι
815 5271 914 5340 τῆς
944 5271 1150 5334 οὐσίας,
1184 5272 1258 5334 ὡς
1285 5273 1460 5342 πάντη
1499 5274 1574 5343 μὴ
1598 5268 1762 5335 εἶναι,
1793 5273 1948 5345 εί-μὴ

381 5360 564 5430 ἐκείνῃ
588 5361 694 5430 εἴη,
728 5362 840 5414 ἀλλ’
875 5362 1144 5432 ἠρτῆσθαι
1173 5365 1295 5416 ὅσον
1326 5364 1464 5432 πρὸς
1494 5363 1592 5433 τὴν
1623 5365 1944 5432 συνάφειαν,

381 5443 414 5522 ᾖ
446 5449 716 5519 συνῆπται
761 5453 920 5522 αὐτῇ,
959 5453 1052 5505 καὶ
1097 5452 1242 5506 οὕτω
1269 5453 1328 5506 τὸ
1360 5455 1460 5522 μὲν
1507 5450 1647 5507 εἶναί
1676 5456 1792 5507 ἐστι
1825 5457 1948 5508 καθ’

381 5541 515 5594 αὐτὸ
564 5543 880 5609 ἀναγκαῖον,
908 5544 968 5597 τδ
1005 5546 1061 5597 δὲ
1115 5547 1484 5600 συνάπτεσθαι
1530 5548 1629 5600 οὐκ
1679 5546 1794 5598 ἔστι
1821 5549 1948 5600 καθ’

387 5633 520 5686 αὐτὸ
568 5636 890 5702 ἀναγκαῖον,
922 5636 1058 5688 ἀλλὰ
1102 5637 1189 5690 διὰ
1218 5636 1314 5707 τὴν
1343 5637 1532 5690 οὐσίαν
1559 5654 1571 5667 ’
1603 5637 1715 5690 ἀλλ’
1743 5637 1878 5708 αὕτη
1911 5641 1943 5710 ἡ

2045 4741 2208 4780 omne
2235 4728 2378 4797 quod
2417 4730 2662 4797 sequitur
2685 4730 2750 4782 ad
2781 4745 2904 4783 esse
2943 4730 3043 4792 rei,
3072 4740 3155 4784 est
3188 4728 3234 4783 ei
3261 4728 3616 4791 accidentale,

2045 4827 2098 4871 et
2132 4820 2212 4873 sic
2244 4835 2350 4873 non
2391 4820 2493 4874 erit
2529 4820 2647 4890 eius
2682 4822 2945 4874 essentia.
2979 4819 3121 4874 Deus
3155 4820 3322 4889 igitur
3381 4837 3486 4874 non
3522 4821 3620 4872 ha-

2049 4912 2138 4965 het
2167 4912 2457 4966 essentiam
2494 4928 2614 4980 quae
2643 4927 2748 4966 non
2779 4914 2848 4966 sit
2875 4928 3034 4967 suum
3071 4927 3210 4966 esse.

2124 5183 2176 5236 5.
2202 5182 2255 5237 Si
2274 5182 2396 5251 quis
2417 5191 2598 5236 autem
2619 5183 2762 5236 dicat
2791 5182 2934 5250 qttod
2952 5179 3084 5234 illud
3102 5194 3222 5234 esse
3245 5192 3355 5232 non
3373 5177 3624 5234 absolute

2048 5271 2318 5338 dependet
2371 5271 2438 5324 ab
2469 5272 2708 5325 essentia
2742 5271 2854 5337 illa,
2915 5280 2973 5325 ut
3008 5270 3236 5323 omnino
3268 5285 3376 5324 non
3411 5268 3483 5323 sit
3514 5268 3619 5321 nisi

2052 5363 2140 5416 illa
2167 5371 2353 5428 esset;
2399 5364 2493 5416 sed
2551 5372 2814 5432 quantum
2850 5363 2914 5417 ad
2953 5362 3398 5429 conjunctionem
3431 5376 3536 5430 qua
3572 5359 3621 5414 ei

2052 5452 2418 5520 conjungitur,
2451 5459 2505 5506 et
2528 5454 2609 5507 sic
2635 5453 2766 5506 illtnl
2799 5469 2922 5507 esse
2945 5468 3040 5520 per
3061 5468 3120 5507 se
3152 5468 3372 5507 necesse
3394 5461 3500 5513 est,
3528 5452 3620 5505 sed

2058 5545 2234 5610 ipsum
2265 5544 2515 5614 conjungi
2553 5560 2659 5599 non
2683 5561 2775 5616 per
2803 5560 2861 5600 se
2891 5561 3114 5599 necesse
3153 5554 3255 5609 est,
3286 5546 3379 5598 sed
3405 5553 3623 5611 propter

2051 5641 2340 5696 essentiam
2386 5661 2398 5699 :
2429 5642 2544 5696 hanc
2588 5641 2869 5712 responsio
2899 5642 3159 5711 praedicta
3190 5640 3624 5696 inconvenientia

567 5812 732 5890 hiqua
765 5813 924 5890 hujus
956 5812 1146 5890 capitis
1178 5814 1435 5890 translata
1482 5827 1610 5871 sunt
1650 5833 1714 5871 et
1746 5816 1950 5885 ,Thom.
1988 5817 2080 5872 lib.
2115 5836 2152 5884 t,
2178 5829 2359 5872 contra
2398 5831 2591 5889 gentes,
2632 5836 2730 5890 cap
2769 5821 2856 5876 9.2.

464 5883 539 5952 (8)
567 5882 786 5936 Videtur
816 5883 1038 5936 delenda
1072 5883 1284 5951 negatio
1313 5888 1448 5954 μή..
