4046 6438
359 463 490 527 1205

1263 454 1363 513 DE
1408 450 1783 514 ESSENTIA
1829 449 1927 508 ET
1963 445 2442 538 OFERATIONE
2476 450 2620 510 DEI.

3454 437 3591 502 1206

351 578 448 646 τὴν
495 573 677 626 οὖσῖαν
753 569 936 633 αὐτοῦ,
969 568 1103 622 ἀλλὰ
1151 568 1413 639 μετουσίᾳ
1481 566 1647 630 τινὸς,
1672 560 1916 630 δηλονότι

2029 573 2163 621 esse,
2212 569 2295 614 est
2325 575 2418 629 per
2471 558 2763 613 essentiam
2817 570 2989 616 suam,
3021 555 3112 609 sed
3172 550 3589 621 participatione

353 668 517 721 αὐτοῦ
547 666 640 718 τοῦ
671 651 829 716 εἶναι.
866 665 930 716 ⁸⁵0
961 663 1019 715 δέ
1065 664 1178 714 ἐστι
1227 663 1427 731 μετοχῇ
1462 676 1628 721 τινος,
1662 658 1722 709 οὐ
1764 657 1919 708 δύνα-

352 778 439 813 ται
465 757 605 811 εἶναι
630 755 849 826 πρῶτον
889 755 968 808 ὃν.
1009 757 1072 806 Ὃ
1108 754 1216 823 γὰρ
1249 751 1531 822 μετέχεταί
1561 769 1664 802 τινι
1696 749 1833 818 πρὸς
1860 747 1920 798 τὸ

353 848 514 913 εἶναι,
547 848 703 902 τοῦτό
754 849 870 900 ἐστι
917 847 1182 915 πρότερον
1236 843 1329 896 τοῦ
1378 843 1717 912 μετέχοντος.
1761 840 1821 890 '0
1863 839 1920 890 δὲ

353 943 484 1005 Θεός
513 944 628 995 ἐστι
659 940 876 1010 πρῶτον
907 940 988 1002 ὃν,
1028 939 1087 992 οῦ
1129 938 1294 1009 μηδέν
1346 939 1463 988 ἐστι
1493 936 1782 1013 πρότερον.
1813 930 1918 985 Τοῦ

353 1035 489 1087 Θεοῦ
520 1034 629 1104 ἄρα.
653 1033 715 1087 τὸ
737 1027 875 1085 εἷναί
903 1033 1050 1085 ἐστιν
1076 1032 1108 1101 ἡ
1137 1031 1292 1084 οὐσία
1317 1027 1502 1082 αὑτοῦ.

360 1280 676 1347 Κεφιλ.·Ε’.
729 1279 1012 1348 Λογισμοὶ
1055 1279 1174 1334 ἀπὸ
1227 1279 1335 1332 τοῦ
1365 1277 1646 1331 ἐναντίου
1685 1273 1783 1329 καὶ
1812 1274 1921 1328 λύ-

701 1365 833 1414 σεις
861 1349 1004 1414 μετὰ
1038 1351 1401 1418 προθεωρίας
1427 1348 1560 1418 (li).

428 1461 498 1518 α’.
530 1463 712 1526 Δὸξειε
740 1463 784 1514 δ’
819 1461 885 1514 ἂν
933 1461 1012 1533 μὴ
1037 1455 1178 1516 εῖναι
1221 1465 1424 1530 ταύτην
1459 1461 1560 1531 τὴν
1593 1460 1782 1513 οὐσίαν
1827 1459 1920 1513 τοῦ

360 1555 494 1608 Θεοῦ
541 1557 616 1625 τῷ
672 1554 806 1607 εἶναι
843 1555 1030 1609 αὑτοῦ.
1064 1557 1203 1624 Φησὶ
1251 1559 1358 1624 γὰρ
1389 1559 1417 1608 ὁ
1463 1557 1820 1626 Δαμασκηνὸς
1867 1557 1924 1607 ἐν

360 1649 437 1717 τῷ
469 1650 668 1720 πρώτῳ
693 1649 1012 1716 θεολογικῶν
1036 1651 1202 1703 αὑτοῦ
1240 1651 1480 1719 βιϐλίων·
1513 1651 1636 1703 Ὀτι
1669 1651 1768 1720 μὲν
1795 1651 1924 1713 Θεὸς

361 1741 500 1806 ἐστι,
528 1742 761 1812 φανερὸν
805 1742 1143 1811 καθέστηκεν
1189 1743 1319 1812 ἡμῖν
1347 1758 1361 1774 ⁸
1411 1741 1464 1794 τί
1511 1743 1567 1794 δέ
1613 1743 1730 1795 ἐστι
1782 1742 1924 1795 κατὰ

361 1833 459 1902 τὴν
487 1833 670 1886 οὐσίαν
705 1835 735 1904 ἢ
768 1835 865 1905 τὴν
898 1835 1081 1902 φύσιν,
1111 1835 1495 1904 ἀκατάληπτον
1541 1836 1690 1888 ἐστιν
1744 1835 1922 1903 πάντη

2025 652 2272 719 alicujus,
2302 653 2509 705 scilicet
2561 651 2733 719 ipsius
2763 664 2908 703 esse.
2961 645 3119 712 Quod
3156 656 3338 698 autem
3379 653 3461 695 est
3493 657 3588 710 per

2025 743 2496 811 participationem
2550 741 2804 810 alicujus,
2829 756 2937 793 non
2980 747 3160 808 potest
3192 752 3316 792 esse
3348 737 3588 804 primum

2021 851 2118 888 ens
2147 851 2160 898 ;
2193 835 2315 901 quia
2343 833 2394 887 id
2423 832 2566 902 quod
2594 832 2756 886 alicui
2809 831 3170 900 participatur
3205 828 3268 880 ad
3305 828 3407 880 hoc
3440 827 3585 895 quod

2023 926 2114 989 sit,
2153 938 2234 979 est
2269 925 2416 994 prius
2441 922 2818 992 participante.
2848 921 2990 975 Deus
3029 930 3208 973 autem
3243 929 3322 972 est
3352 918 3588 984 primum

2022 1033 2140 1082 ens,
2175 1033 2284 1086 quo
2338 1015 2476 1070 nihil
2529 1026 2612 1070 est
2661 1015 2830 1085 prius.
2890 1013 2984 1069 Dei
3019 1013 3180 1082 igitur
3230 1003 3463 1068 esseest
3489 1025 3589 1064 sua

2023 1110 2286 1166 essentia.

2025 1268 2155 1337 Cap.
2213 1264 2272 1320 V.
2309 1261 2634 1346 Objection“
2683 1267 3105 1346 aduersariorum
3143 1278 3424 1330 earumque
3448 1261 3594 1314 εοίιι-

2415 1338 2580 1392 tiones
2640 1355 2755 1389 cum
2823 1338 3195 1404 propositione.

2097 1452 2150 1504 4.
2182 1449 2411 1505 Videtur
2442 1452 2584 1520 quod
2614 1451 2668 1504 in
2702 1450 2809 1504 Deo
2845 1466 2950 1504 non
3003 1449 3073 1504 sit
3105 1448 3245 1502 idem
3272 1447 3513 1502 essentia
3540 1452 3593 1497 ct.

2025 1559 2164 1597 esse.
2199 1542 2338 1597 Dicit
2362 1546 2504 1596 enim
2564 1543 2934 1598 Damascentts
2961 1543 3012 1595 in
3048 1545 3222 1609 primo
3254 1539 3589 1606 theologica—

2028 1649 2146 1686 t'um
2201 1651 2422 1690 suorum
2478 1635 2785 1688 librorum:
2843 1652 2861 1684 ι
2901 1634 3067 1686 Deum
3122 1629 3597 1686 essenobisclare

2025 1724 2217 1792 liquet,
2241 1725 2370 1792 quid
2397 1741 2522 1778 vero
2558 1725 2628 1779 sit
2655 1726 2956 1778 secundum
2986 1723 3282 1777 essentiam
3321 1731 3412 1774 aut
3441 1729 3611 1772 natu—-

2029 1831 2168 1881 ram,
2207 1816 2756 1885 incomprehensibile
2781 1825 2860 1870 est
2906 1816 3130 1869 omnino
3175 1823 3229 1868 ct
3281 1811 3597 1878 inintelligi-

361 1928 456 1980 καὶ
482 1925 810 1995 ἀδιανόητον.
836 1946 854 1978 ι
893 1927 1005 1979 Οὐκ
1030 1927 1138 1997 ἄρα
1168 1928 1283 1980 ἐστὶ
1320 1931 1518 1980 ταυτὸν
1551 1928 1707 1980 οὐσία
1739 1929 1833 1980 καὶ
1861 1927 1923 1981 τὸ

2029 1907 2152 1962 bile.
2188 1927 2206 1959 ι
2229 1907 2353 1962 Νοιι
2389 1910 2549 1977 igitur
2574 1908 2712 1963 idem
2749 1917 2831 1963 est
2855 1908 3088 1963 essentia
3114 1916 3167 1960 ct
3197 1922 3317 1960 esse
3366 1905 3477 1958 Dei.

361 2013 501 2069 εἶναι
525 2017 616 2069 τοῦ
646 2017 804 2071 Θεοῦ.

436 2131 501 2197 β’.
539 2131 603 2184 Ei
659 2131 716 2182 δὲ
759 2131 902 2200 λέγει
941 2150 1046 2197 τις,
1077 2133 1156 2187 ὅτι
1206 2137 1298 2188 καὶ
1353 2135 1483 2188 αὐτὸ
1532 2135 1594 2189 τὸ
1646 2133 1780 2192 εἶναι
1830 2135 1925 2189 τοῦ

361 2217 495 2271 Θεοῦ
526 2221 838 2290 ἀδιανόητον
887 2223 1118 2294 ὑπάρχει
1151 2226 1284 2294 ἡμῖν
1317 2227 1370 2277 τί
1415 2229 1584 2292 ἐστιν,
1610 2228 1797 2298 ὥσπερ
1835 2231 1928 2283 καὶ

362 2311 395 2376 ἡ
430 2311 586 2363 οὐσία
615 2312 801 2376 αὐτοῦ,
832 2314 967 2366 ἀλλὰ
997 2315 1057 2367 τὸ
1089 2317 1326 2370 ἐναντίον
1355 2319 1590 2388 διάφορά
1637 2323 1757 2373 ἐστι
1791 2338 1925 2390 προ-

365 2403 636 2471 ϐλήματα,
670 2405 730 2457 τὸ
758 2407 807 2458 εί
858 2406 995 2473 ἐστι,
1029 2409 1123 2461 καὶ
1171 2409 1224 2462 τί
1255 2412 1400 2461 ἐστιν
1429 2427 1442 2440 ·
1486 2404 1560 2462 ὧν
1595 2412 1731 2480 πρὸς
1768 2414 1926 2467 θάτε-

366 2510 457 2562 ρον
491 2495 589 2562 μὲν
616 2496 956 2565 ἐπιστάμεθα
981 2501 1400 2569 ἀποκρίνασθαι,
1433 2503 1568 2571 πρὸς
1607 2504 1836 2574 θάτερον
1881 2507 1926 2558 δ’

362 2582 462 2636 οὗ·
496 2586 570 2648 ὡς
628 2589 691 2638 ἐκ
743 2589 840 2658 τῆς
898 2593 1310 2661 προειρημένης
1361 2595 1602 2661 φαίνεται
1655 2601 1923 2667 χρήσεως.

369 2676 437 2727 Ὃ
460 2676 637 2730 τοίνυν
667 2679 1112 2749 ἀποκρινούμεθα
1141 2685 1276 2754 πρὸς
1300 2686 1361 2738 τὸ
1392 2689 1439 2738 εί
1472 2688 1616 2740 ἔστιν
1649 2691 1742 2742 ἐπὶ
1768 2691 1923 2757 Θεοῦ,

364 2767 459 2819 καὶ
493 2767 626 2836 πρὸς
653 2769 704 2820 τί
749 2773 918 2837 ἐστιν,
949 2774 1048 2826 οὐκ
1087 2774 1238 2829 ἔσται
1281 2778 1341 2830 τὸ
1376 2780 1525 2834 αὐτό.
1561 2781 1701 2850 Πρὸς
1732 2783 1838 2851 γὰρ
1867 2782 1928 2834 τὸ

363 2859 412 2909 εξ
440 2857 606 2922 ἔστιν,
643 2862 1053 2929 ἀποκρινόμεθα
1080 2863 1221 2921 εἶναι
1245 2885 1258 2900 ·
1297 2869 1432 2938 πρὸς
1478 2871 1533 2922 δὲ
1581 2873 1640 2925 τὸ
1669 2874 1723 2926 τί
1753 2875 1926 2940 ἐστιν,

363 2949 462 3016 τὴν
505 2950 713 3006 οὐσίαν.
745 2953 860 3007 Οὐκ
908 2957 1015 3024 ἄρα
1045 2957 1201 3011 ἔσται
1232 2962 1398 3014 ταυτὸ
1440 2963 1500 3015 τὺ
1549 2960 1692 3018 εἶναι
1752 2967 1844 3020 καὶ
1893 2969 1925 3036 ὴ

362 3039 520 3091 οὐσία
543 3041 635 3093 τοῦ
661 3042 814 3098 Θεοῦ.

435 3125 504 3192 γ’.
549 3130 689 3181 Ἀλλ’
724 3133 930 3201 ἔλεγεν,
961 3137 1043 3189 ὅτι
1083 3139 1144 3191 τὸ
1180 3138 1318 3194 εἶναι
1371 3141 1462 3194 τοῦ
1505 3143 1639 3197 Θεοῦ
1674 3144 1734 3197 οὐ
1775 3145 1923 3214 γίνε-

364 3236 457 3270 ται
492 3222 616 3274 καθ’
640 3223 792 3288 αὐτὸ,
835 3227 969 3281 ἀλλὰ
1016 3229 1104 3284 διὰ
1142 3231 1240 3302 τῆς
1291 3235 1610 3305 ὁμοιότητος
1665 3238 1762 3308 τῆς
1813 3235 1998 3298 κτί-(Ξ

367 3328 525 3376 σεως.

436 3427 500 3481 δ’.
539 3428 700 3484 Ἀλλὰ
736 3433 1049 3489 τούναντίον
1097 3438 1156 3492 ὲν
1189 3442 1254 3511 τῇ
1282 3443 1459 3497 κτίσει
1508 3445 1630 3500 ἐστὶ
1698 3448 1797 3502 καὶ
1851 3443 1930 3502 εῖ-

366 3525 614 3612 ναι,-καξι
682 3524 862 3590 οὐσία,
917 3531 1010 3581 καὶ
1075 3531 1224 3600 ὅμως
1281 3534 1568 3607 ἀμφότερα
1626 3542 1927 3612 ἐκτισμένη

367 3610 519 3700 παρὰ
575 3611 732 3678 Θεοῦ,
774 3616 897 3668 κατ’
946 3619 1231 3692 ἀμφότερα
1276 3625 1668 3695 ἁφομοιοῦνται
1702 3631 1780 3700 τῷ
1811 3610 1931 3699 Θεῷ

365 3699 454 3751 διὰ
491 3702 550 3754 τὸ
587 3705 777 3759 ποιοῦν
808 3710 984 3761 ποιεῖν
1040 3712 1225 3780 ὅμοιον
1286 3715 1485 3786 ἐαυτῷ.
1535 3719 1597 3771 Εἰ
1643 3699 1821 3775 τοίνυν
1872 3724 1932 3775 τὸ

366 3789 508 3846 εἶναι
545 3795 640 3848 τοῦ
670 3797 806 3850 Θεοῦ
841 3799 1252 3876 γινώσκεταιτῇ
1283 3809 1562 3879 ὁμοιότητι
1587 3811 1680 3864 τοῦ
1704 3815 1929 3867 κτιστοῦ

366 3881 532 3952 εἶναι,
578 3889 792 3960 ἀνάγκη
818 3895 913 3946 καὶ
937 3895 1036 3964 τὴν
1058 3898 1244 3951 οὐσίαν
1273 3902 1438 3954 αὑτοῦ
1477 3905 1927 3979 γινώσκεσθαιτῇ

365 3979 646 4050 ὁμοιότητι
679 3983 776 4051 τῆς
814 3988 1042 4058 κτιστῆς
1094 3991 1284 4054 οὐσίας
1306 4008 1320 4020 ·
1374 3994 1469 4048 καὶ
1497 3980 1640 4066 οὕτω
1673 4001 1801 4066 περὶ
1833 4001 1928 4053 τοῦ

364 4069 499 4121 Θεοῦ
554 4075 816 4144 εἰσόμεθα
870 4079 932 4132 οὐ
995 4081 1159 4152 μόνον
1223 4084 1504 4153 ὃτιέστιν,
1537 4089 1674 4143 ἀλλὰ
1728 4093 1822 4146 καὶ
1877 4093 1930 4144 τί

365 4162 535 4216 ἐστιν.

437 4273 498 4329 ε’.
537 4279 658 4371 ξΕτι
683 4280 914 4336 ἕκαστον
947 4285 1231 4358 διώρισται
1268 4291 1361 4360 ἀφ’
1393 4295 1616 4349 ὁτουοῦν
1657 4299 1800 4352 κατὰ
1834 4304 1930 4371 τὴν

363 4369 562 4422 ἑαυτοῦ
601 4373 815 4440 οὐσίαν,
841 4375 928 4430 διὰ
955 4379 1012 4431 δὲ
1049 4381 1143 4433 τοῦ
1173 4383 1354 4436 κοινοῦ
1400 4389 1569 4441 πᾶσιν
1599 4385 1742 4445 εἶναι
1779 4369 1930 4447 οὐδέν

363 4460 577 4522 οὐδενὸς
610 4462 942 4533 ἀφώρισται.
973 4469 1135 4522 Ὅθεν
1184 4475 1279 4526 καὶ
1333 4478 1360 4528 ὁ
1390 4479 1682 4548 Φιλόσοφός
1736 4500 1928 4553 φησιν,

2094 2113 2151 2166 2.
2185 2113 2240 2168 Si
2273 2113 2397 2182 quis
2434 2121 2614 2169 autem
2671 2114 2817 2168 dicat
2852 2112 2997 2182 quod
3024 2113 3201 2180 ipsum
3237 2126 3359 2165 csse
3387 2110 3478 2163 Dei
3509 2111 3592 2163 in-

2029 2205 2525 2273 comprehensibile
2569 2214 2651 2258 est
2715 2204 2872 2258 nobis
2897 2203 3025 2272 quid
3072 2202 3165 2263 sit,
3231 2201 3593 2270 si—cutctejus

2029 2295 2269 2350 essentia
2305 2313 2318 2349 :
2349 2297 2443 2349 sed
2491 2306 2678 2350 contra
2711 2303 2795 2348 est
2843 2293 2985 2362 quod
3017 2293 3244 2347 diversa:
3275 2301 3402 2344 sunt
3441 2305 3592 2358 qum-

2029 2389 2254 2451 stiones,
2279 2397 2458 2442 utrum
2522 2388 2612 2452 sit,
2631 2397 2684 2441 et
2720 2386 2847 2455 quid
2897 2385 2969 2480 s\it
3000 2403 3012 2438 :
3042 2383 3106 2438 ad
3137 2397 3362 2453 quarum
3429 2397 3592 2436 unam

2029 2481 2233 2535 scimus
2282 2480 2632 2548 respondere,
2683 2481 2748 2533 ad
2799 2475 3022 2532 alteram
3054 2491 3184 2545 vero
3209 2475 3506 2534 nescimus,
3534 2482 3597 2526 ut

2030 2581 2176 2642 patet
2230 2587 2295 2626 ex
2326 2571 2552 2642 praefato
2585 2579 2756 2626 textu.
2796 2569 2952 2635 Quod
3001 2569 3166 2636 igitur
3195 2566 3595 2636 respondemus

2029 2664 2093 2716 all
2121 2666 2478 2732 qurestionem
2503 2675 2686 2716 utrum
2707 2663 2779 2717 sit
2810 2663 2974 2724 Deus,
3004 2661 3224 2728 etquod
3249 2661 3313 2712 ad
3336 2659 3596 2728 quu'stio-

2028 2770 2151 2808 nem
2199 2754 2332 2823 quid
2366 2755 2456 2818 sit,
2493 2770 2598 2808 non
2639 2765 2722 2808 est
2752 2754 2916 2808 idem.
2945 2751 3079 2806 Nam
3124 2751 3191 2806 ad
3237 2749 3596 2820 quaestionem

2030 2857 2213 2900 utrum
2238 2848 2330 2911 sit,
2356 2847 2755 2916 respondemus
2780 2862 2875 2915 per
2901 2861 3089 2900 vocem
3119 2859 3241 2899 esse
3266 2861 3282 2910 ;
3312 2842 3378 2896 ad
3416 2858 3596 2910 (χυτρε-

2032 2940 2230 2993 tionem
2265 2954 2410 3017 ‘vero
2465 2939 2596 3008 quid
2650 2940 2742 3005 sit,
2799 2939 3191 3007 respondemus
3243 2951 3342 3004 per
3398 2949 3587 2987 vocem
3645 2949 3650 2958 ·

2012 3025 2285 3085 essentia.
2319 3029 2436 3084 Non
2462 3031 2626 3100 igitur
2652 3031 2789 3084 idem
2823 3039 2908 3084 est
2939 3045 3060 3084 esse
3079 3039 3132 3082 et
3158 3027 3393 3082 essentia
3423 3025 3540 3078 Dei.

2099 3123 2153 3177 ’5.
2182 3121 2501 3191 Atinqnies,
2531 3137 2649 3176 esse
2678 3121 2769 3175 Dei
2799 3137 2906 3175 non
2937 3122 3284 3189 cognoscitur
3306 3118 3358 3170 in
3395 3116 3596 3186 seipse,

2030 3216 2126 3267 sed
2157 3228 2250 3282 per
2277 3213 2580 3283 analogiam
2615 3221 3009 3268 creaturarum.

2102 3439 2156 3492 4.
2184 3437 2288 3503 Sed
2344 3447 2535 3493 contra
2583 3440 2632 3491 in
2687 3438 2959 3493 creaturis
3005 3447 3086 3492 est
3109 3452 3229 3492 esse
3260 3445 3314 3490 et
3334 3435 3602 3500 essentia,

2032 3541 2084 3585 et
2107 3529 2268 3585 simul
2297 3531 2457 3584 ambo
2485 3538 2613 3582 sunt
2635 3544 2666 3582 a
2698 3529 2808 3583 Deo
2862 3537 3134 3590 creatura,
3177 3535 3229 3580 et
3255 3525 3415 3578 ambo
3443 3523 3598 3577 assi-

2033 3622 2294 3675 tnilantur
2321 3621 2450 3685 Deo,
2497 3621 2624 3687 quia
2664 3634 2830 3690 agens
2862 3620 2973 3688 agit
3014 3618 3117 3674 sibi
3144 3617 3343 3672 simile.
3379 3616 3436 3669 Si
3467 3630 3600 3684 ergo

2033 3729 2154 3768 esse
2191 3713 2279 3766 Dei
2309 3713 2658 3782 cognoscitur
2686 3727 2782 3781 per
2813 3711 3222 3766 similitudinem
3255 3724 3379 3764 esse
3402 3707 3602 3768 creati,

2034 3813 2249 3873 Oportet
2287 3805 2450 3859 etiatn
2510 3804 2654 3873 quod
2680 3803 2917 3858 essentia
2941 3804 3060 3872 ejus
3110 3810 3476 3871 cegnoscalttr
3502 3817 3599 3866 per

2034 3900 2446 3954 similitudinem
2483 3909 2678 3954 creata:
2701 3899 2988 3954 essentize:
3026 3907 3079 3952 et
3108 3898 3186 3951 sic
3215 3898 3281 3951 de
3313 3896 3424 3949 Deo
3457 3895 3600 3950 scie-

2034 4007 2154 4046 mus
2181 4007 2287 4046 non
2313 3992 2488 4046 solum
2520 3993 2662 4062 quod
2689 3991 2779 4055 sit,
2802 3992 2895 4046 sed
2919 3990 3079 4045 etiam
3108 3991 3234 4060 quid
3268 3989 3357 4044 sit.

2104 4298 2156 4351 5.
2186 4297 2432 4366 insuper,
2475 4297 2905 4366 unumquodque
2962 4295 3219 4350 deﬁnitur
3250 4311 3315 4350 ex
3369 4295 3456 4350 his
3479 4312 3602 4365 quae

2035 4399 2162 4442 sunt
2221 4389 2520 4443 secundum
2568 4390 2737 4457 ipsius
2769 4389 3090 4454 essentiam,
3141 4403 3236 4456 per
3264 4389 3442 4458 ipsum
3472 4403 3602 4442 vero

2034 4497 2174 4543 esse,
2200 4482 2342 4550 quod
2370 4490 2452 4536 est
2484 4495 2774 4534 commune
2822 4480 3098 4544 omnibus,
3155 4481 3361 4534 nullum
3399 4480 3466 4534 ah
3496 4480 3606 4533 alio

362 4553 444 4648 ait
478 4554 538 4606 τὸ
573 4553 633 4608 ὃν
663 4557 722 4608 οὐ
747 4557 828 4609 δεῖ
860 4559 1063 4612 τιθέναι
1093 4564 1150 4614 ὲν
1186 4568 1299 4626 τοῖς
1336 4568 1508 4638 ὅροις.
1550 4573 1623 4624 Τὸ
1673 4576 1781 4644 γὰρ
1812 4579 1926 4648 ὁρι-

2033 4571 2232 4624 dill‘ert.
2269 4570 2419 4624 Unde
2441 4571 2807 4638 Philosophus
2830 4570 2961 4624 dicit
3013 4573 3154 4640 quod
3181 4587 3279 4626 ens
3306 4587 3410 4626 non
3440 4587 3606 4642 opor'

363 4643 594 4710 ζνεμενον
633 4648 727 4700 ἀπ’
755 4650 990 4717 οὐδενὸς,
1022 4653 1108 4705 διὰ
1134 4656 1224 4708 τοῦ
1273 4658 1686 4732 διακριθήσεται
1718 4643 1928 4730 {0131-33-

361 4734 450 4826 νδς
479 4733 588 4804 ἄρα
614 4737 942 4806 πράγματος
981 4742 1078 4794 ἀπ’
1121 4745 1284 4799 ἄλλου
1323 4749 1738 4821 διακρινομένου
1769 4760 1799 4826 ἡ
1831 4761 1923 4809 οὑ-

364 4825 453 4875 σῐα
484 4827 632 4879 ἐστὶν
657 4829 790 4881 αὐτὸ
823 4830 883 4882 τὸ
917 4828 1057 4885 εἶναι
1112 4835 1300 4901 αὐτοῦ,
1341 4841 1427 4906 ἐφ’
1479 4843 1602 4896 ὅσον
1666 4848 1756 4898 ἐπὶ
1791 4825 1926 4903 πᾶσι

360 4917 564 4972 κοινόν.
618 4919 676 4971 ’0
702 4919 758 4972 δὲ
790 4920 921 4982 Θεὸς
965 4923 1080 4975 ἐστί
1120 4943 1170 4978 τι
1203 4928 1312 4980 ἀπὸ
1354 4930 1574 4984 πάντων
1608 4934 1715 4986 τῶν
1749 4937 1925 4990 ἄλλων

358 5005 797 5076 διακεκριμένον.
834 5011 904 5063 Τὸ
935 5011 1076 5067 εἶναι
1107 5015 1213 5083 ἄρα
1252 5019 1416 5072 αὐτοῦ
1455 5021 1552 5074 οὐκ
1586 5023 1732 5080 ἔστιν
1772 5029 1804 5098 ἡ
1836 5032 1926 5083 οὺ-

360 5099 450 5150 σία
479 5101 668 5154 αὑτοῦ.

431 5217 505 5272 ς’.
548 5213 670 5265 Ἔτι
735 5215 832 5267 οὐκ
860 5217 967 5269 εἰσὶ
1004 5219 1238 5290 διάφορα
1279 5223 1606 5295 πράγματα,
1654 5233 1703 5283 εἰ
1748 5232 1822 5301 μὴ
1865 5233 1926 5285 τὸ

356 5296 499 5354 εἶναι
541 5304 720 5356 αὐτῶν
760 5307 846 5377 εἴη
886 5310 1165 5380 διάφορον.
1211 5315 1283 5367 Τὸ
1341 5317 1397 5367 δὲ
1449 5314 1588 5372 εἶναι
1625 5296 1778 5375 τοῦδε
1810 5296 1924 5377 οὐκ

355 5391 474 5445 ἔστι
509 5393 768 5465 διάφορον
805 5401 912 5451 ἀπὸ
952 5403 1046 5454 τοῦ
1090 5399 1231 5457 εἴναι
1266 5407 1439 5469 τοῦδε,
1470 5413 1554 5478 ἐφ’
1611 5414 1734 5465 ὅσον
1777 5417 1924 5469 ἐστὶν

355 5483 518 5548 εἶναι,
547 5486 661 5539 ἀλλ’
687 5489 774 5557 ἐφ’
807 5493 932 5543 ὅσον
963 5493 1112 5547 ἐστὶν
1136 5499 1192 5548 ὲν
1214 5499 1392 5568 τοῖᾷδε
1424 5501 1455 5570 ἢ
1516 5505 1702 5573 τοιᾷδε
1730 5507 1919 5575 φύσει.

357 5577 419 5628 Εἰ
461 5581 642 5632 τοίνυν
667 5597 716 5632 τι
741 5581 877 5636 εἶναι
917 5588 1027 5656 εἴη,
1061 5587 1088 5639 ὃ
1139 5589 1240 5657 μὲν
1279 5591 1431 5644 ἔστιν
1481 5596 1536 5647 ἕν
1599 5615 1733 5650 τινι·
1761 5600 1920 5667 φύσει

354 5666 683 5742 διαφερούσῃ
711 5674 805 5725 ἀπ’
832 5675 998 5728 αὐτοῦ
1035 5679 1126 5731 τοῦ
1160 5677 1321 5746 εἶναι,
1349 5683 1507 5737 τοῦτο
1542 5687 1641 5741 οὐκ
1675 5666 1917 5744 ἔστιδιά-

429 5847 540 5916 (ll)
577 5850 630 5904 In
673 5851 846 5910 indice
878 5862 979 5920 est,
1015 5859 1152 5926 μετά
1182 5860 1528 5936 προθέσεως

2037 4669 2112 4714 tet
2150 4662 2423 4730 ponerein
2449 4662 2888 4723 deﬁnitionibus;
2917 4665 3057 4730 quod
3110 4664 3253 4717 enim
3291 4665 3547 4718 delinitur
3573 4679 3604 4718 a

2036 4755 2205 4816 nullo,
2228 4770 2325 4824 per
2349 4755 2492 4824 quod
2533 4755 2938 4825 distinguctur?
2966 4757 3020 4809 Si
3059 4773 3190 4826 ergo
3230 4759 3373 4812 nulla
3422 4776 3506 4814 res
3535 4760 3604 4812 ah

2035 4845 2139 4897 alia
2201 4843 2465 4908 differret,
2500 4846 2735 4900 essentia
2787 4858 2936 4900 eSset
2995 4847 3171 4916 ipsum
3233 4864 3356 4903 esse
3378 4849 3514 4916 ejus,
3548 4850 3619 4904 im

2035 4945 2303 5006 quantum
2339 4938 2439 4991 hoc
2463 4948 2546 4992 est
2579 4939 2836 4993 omnibus
2870 4956 3179 4994 eon'tmune.
3235 4941 3375 4993 Deus
3417 4950 3598 4996 autem

2033 5040 2115 5082 est
2159 5029 2362 5096 aliquid
2416 5031 2483 5082 alt
2515 5031 2768 5083 Omnibus
2799 5031 2921 5084 aliis
2951 5033 3266 5086 diversum:
3319 5045 3447 5100 ergo
3479 5031 3600 5101 ejus

2027 5135 2148 5174 esse
2187 5137 2290 5174 non
2317 5130 2400 5175 est
2428 5122 2600 5189 ipsius
2628 5124 2888 5176 essentia.

2098 5234 2150 5287 6.
2189 5233 2480 5299 Praeterea,
2543 5249 2809 5290 nonsunt
2865 5237 3094 5289 ύὶνριεριιι
3125 5250 3232 5297 res,
3266 5235 3368 5288 nisi
3403 5250 3610 5288 corum-

2026 5342 2148 5380 essc
2183 5327 2253 5380 sit
2278 5327 2592 5394 diversum;
2623 5345 2740 5382 esse
2766 5340 2944 5383 autem
2979 5330 3140 5398 hujus
3172 5329 3244 5382 rei
3284 5344 3389 5381 non
3416 5329 3598 5382 dill'ct't

2029 5421 2096 5473 ali
2119 5436 2238 5474 esse
2266 5421 2410 5474 illius
2443 5424 2496 5473 in
2530 5434 2792 5489 qunnlttm
2826 5432 2908 5475 est
2939 5434 3080 5486 esse,
3112 5419 3204 5473 Sed
3237 5420 3288 5472 in
3324 5428 3601 5488 quantum

2029 5511 2194 5577 estin
2225 5512 2315 5564 tali
2375 5511 2534 5566 talivc
2570 5522 2787 5564 natura.
2827 5510 2881 5563 Si
2911 5511 3072 5577 igitur
3107 5511 3176 5562 sit
3225 5509 3449 5578 aliqu-ad
3473 5526 3595 5564 esse

2027 5603 2171 5671 quoi
2207 5620 2310 5656 non
2345 5603 2415 5656 sit
2441 5606 2492 5656 itt
2523 5605 2701 5673 aliqua
2730 5614 2917 5656 natura
2946 5604 3171 5658 diversa
3197 5604 3264 5656 ab
3285 5603 3407 5672 ipso
3439 5619 3588 5667 esse,

2029 5693 2129 5748 hoc
2158 5709 2262 5748 non
2297 5694 2473 5750 diﬂ‘ert
2520 5695 2587 5749 ab
2627 5696 2735 5747 ullo
2765 5695 2871 5748 alio
2903 5710 3042 5750 esse.
3073 5694 3134 5749 Et
3190 5697 3311 5751 inde
3345 5697 3593 5765 sequitur
