4046 6434
468 469 474 484 ,
531 389 666 455 12m

1761 393 2147 456 GREGORII
2204 394 2570 456 ACINDYN-I

3628 395 3740 462 19.08

526 510 695 580 quod,
732 510 776 563 si
826 509 919 564 Dei
975 518 1169 566 natura
1223 519 1311 568 est
1361 511 1539 583 ipsius
1568 525 1712 579 esse,
1766 511 1856 568 hic
1888 522 2114 570 estesse

2223 516 2515 585 φορονᾶπό
2555 532 2699 578 τινος
2727 514 2890 568 ἄλλου
2915 512 3076 570 εἶναι.
3112 511 3224 568 Καὶ
3266 512 3433 584 ταύτῃ
3467 512 3663 581 ἕπεται,
3700 519 3738 568 εἰ

467 669 472 675 _
528 618 824 659 commune
854 605 1130 660 onmibus.

2221 604 2340 659 θεία
2369 602 2533 671 φύσις
2559 604 2677 656 ἐστὶ
2715 603 2776 656 τὸ
2811 598 2950 656 εἶναι
2994 601 3184 667 αὐτοῦ,
3217 603 3379 656 αὑτὸν
3409 599 3542 658 εἶναι
3567 606 3620 659 τὸ
3644 623 3741 662 κοι-

2223 699 2312 752 νὸν
2341 693 2483 752 εἶναι
2515 699 2684 752 πᾶσιν
2700 698 2834 771 (1‘2).

1457 837 1541 904 7a,
1567 837 1654 901 8⁸,
1681 838 1767 905 9⁸,
1795 837 1889 892 1οα
1921 845 1974 893 et
2006 837 2102 892 HI
2133 836 2470 908 obiectiones
2511 836 2914 894 desiderantur.

907 950 1040 1006 Item
1101 954 1488 1009 desiderantur
1551 956 1934 1026 responsiones
1983 957 2049 1011 ad
2115 957 2243 1022 μω,
2288 958 2420 1022 εαιη,
2457 957 2588 1023 5“,
2620 957 2730 1010 μ’·
2761 967 2815 1013 et
2852 959 2959 1013 5mm
2991 968 3391 1032 argumentum.

594 1071 676 1126 Ad
703 1082 916 1128 sextum
968 1074 1258 1141 responsio
1292 1073 1597 1127 desumitur
1641 1087 1706 1128 ex
1759 1074 1861 1128 hac
1897 1073 2108 1128 ratione

525 1164 674 1232 quod
743 1179 853 1218 non
887 1165 1063 1234 possit
1091 1165 1206 1218 fieri
1250 1165 1457 1218 additio
1500 1165 1554 1219 in
1589 1165 1730 1244 peo:
1768 1181 1891 1218 nam
1937 1164 1992 1218 id
2025 1173 2109 1218 est

525 1257 771 1311 divinum
842 1273 964 1312 esse
1007 1258 1094 1312 cui
1135 1258 1272 1310 nihil
1313 1257 1437 1310 addi
1475 1260 1674 1326 possit,
1705 1258 1858 1312 etde
1891 1256 2105 1312 ratione

526 1349 702 1418 ipsius
729 1359 831 1416 est,
864 1352 1007 1420 quod
1039 1353 1085 1406 ei
1128 1363 1362 1421 nequeat
1387 1354 1594 1406 additio
1632 1353 1788 1413 fieri;
1829 1353 1950 1408 ideo
1981 1368 2105 1409 esse

523 1444 770 1502 divinum
809 1460 915 1497 non
950 1454 1033 1499 est
1055 1460 1344 1500 commune
1365 1460 1506 1500 esse.
1543 1445 1696 1500 Sicut
1719 1455 1772 1500 et
1800 1446 1853 1500 in
1890 1447 2106 1501 ratione

525 1535 837 1589 communis
895 1537 1152 1590 animalis
1187 1553 1294 1591 non
1341 1538 1560 1592 additur
1585 1538 1972 1593 rationalitatis
2000 1536 2108 1591 dif-

525 1626 782 1692 ferentia,
829 1645 931 1682 non
967 1639 1144 1684 tamen
1179 1640 1266 1685 est
1312 1631 1377 1686 de
1411 1631 1624 1686 ratione
1665 1631 1784 1700 ejus
1821 1631 1922 1700 ipsi
1949 1631 2106 1686 addi-

527 1720 734 1774 tionem
774 1721 890 1775 fieri
931 1738 1036 1775 non
1079 1737 1262 1792 posse,
1304 1732 1364 1776 ut
1407 1730 1554 1792 patet
1583 1738 1645 1779 ex
1686 1723 1908 1778 animali
1936 1723 2109 1778 ratio-

529 1812 661 1878 nali,
702 1813 846 1880 quod
867 1824 945 1866 est
977 1811 1150 1866 forma
1194 1813 1471 1868 animalis.

597 2003 676 2056 Ad
705 2001 997 2070 septimum
1027 2001 1313 2056 dicendum
1345 2002 1489 2070 quod
1512 1999 1706 2054 modus
1733 1998 2108 2069 nuncupandi,

527 2095 582 2148 in
612 2092 930 2147 nominibus
959 2108 1080 2161 quin
1109 2107 1138 2146 a
1171 2093 1330 2147 nobis
1369 2092 1535 2148 rebus
1567 2093 1946 2160 imponuntur,
1971 2105 2110 2147 con-

525 2186 773 2254 sequitur
821 2186 1159 2255 intelligendi
1208 2189 1472 2242 modum:
1521 2187 1743 2241 nomina
1783 2188 1928 2243 enim
1973 2186 2115 2240 iudi-

526 2289 658 2334 cant
687 2279 998 2334 animarqu
1053 2280 1362 2348 passiones,
1407 2287 1465 2332 ut
1501 2279 1704 2334 dicitur
1745 2279 1798 2332 in
1843 2279 2112 2347 prommio

525 2371 594 2426 de
632 2371 1107 2440 interpretatione.
1137 2372 1451 2426 Intellectus
1472 2380 1656 2426 autem
1690 2381 1877 2426 noster
1901 2385 1968 2425 eo
1997 2385 2115 2425 mo-

525 2465 597 2518 do
639 2465 889 2534 intelligit
923 2481 1067 2528 esse,
1115 2479 1222 2534 quo
1269 2464 1547 2519 invenitur
1581 2464 1636 2518 in
1687 2463 2114 2518 aceidentalibus

526 2558 718 2624 rebus,
759 2559 1004 2628 aquibus
1029 2559 1370 2627 cognitiones
1411 2573 1542 2614 suas
1573 2557 1852 2622 desumit;
1893 2557 1946 2610 in
1983 2555 2112 2622 qui-

529 2651 631 2706 bus
661 2665 782 2705 esse
811 2665 914 2704 non
951 2659 1035 2703 est
1058 2665 1153 2719 per
1185 2665 1245 2705 se
1267 2650 1596 2714 subsistens,
1627 2649 1720 2704 sed
1746 2649 2109 2703 aecidentale.

532 2743 694 2797 Ratio
715 2752 898 2796 autem
929 2743 1136 2796 invenit
1175 2742 1398 2810 aliquod
1433 2756 1534 2797 ens
1563 2757 1659 2812 per
1686 2757 1745 2797 se
1780 2741 2110 2796 subsistens.

532 2831 600 2888 Et
638 2834 780 2894 ideo,
837 2833 1092 2901 quamvis
1127 2835 1180 2888 id
1219 2834 1362 2903 quod
1392 2833 1595 2888 dicitur
1640 2848 1736 2887 ens
1772 2830 2116 2901 significetur

531 2934 588 2980 ut
620 2935 964 2990 concretum,
1001 2924 1312 2979 intellectus
1346 2934 1548 2989 tamen,
1587 2924 1916 2979 abstrahens
1943 2938 1971 2975 a
1998 2937 2115 2976 mo-

529 3019 599 3073 do
635 3017 1002 3088 signiﬁcandi,
1039 3017 1298 3085 exprimit
1339 3017 1392 3072 id
1433 3017 1577 3087 quod
1609 3016 1967 3086 significatur.

601 3291 684 3346 Ad
738 3300 993 3346 octavum
1048 3291 1341 3347 dicendum
1379 3293 1524 3362 quod
1565 3290 1791 3347 verbum
1827 3289 1998 3345 Boetii
2037 3289 2116 3345 in-

532 3386 798 3457 telligitur
848 3388 912 3438 de
953 3385 1036 3440 his
1082 3385 1284 3455 quibus
1336 3400 1456 3440 esse
1514 3385 1771 3439 convenit
1807 3384 2111 3439 secundum

533 3477 1032 3547 participationem,
1077 3478 1221 3531 haud
1257 3492 1390 3531 vero
1427 3476 1732 3532 secundum
1768 3473 2062 3529 essmtiam
2098 3490 2110 3526 :
2147 3511 2156 3518 .

529 3571 677 3642 quod
711 3572 855 3626 enim
899 3580 980 3627 cst
1017 3588 1116 3626 ens
1141 3585 1237 3640 per
1263 3587 1420 3626 suam
1451 3571 1772 3632 essentiam,
1808 3581 2113 3638 congruen-

529 3665 640 3720 tius
699 3664 901 3719 dicitur
936 3666 1081 3735 quod
1135 3665 1202 3719 sit
1252 3679 1412 3720 suum
1464 3678 1610 3727 esse,
1652 3677 1814 3732 quam
1863 3656 2010 3730 quod
2041 3657 2116 3712 sit

529 3759 750 3828 aliquod
783 3773 904 3812 ens.

603 3852 681 3905 Ad
727 3867 934 3906 nonum
992 3850 1282 3905 dicendum
1321 3849 1471 3918 quod
1524 3849 1627 3902 lioc
1659 3845 1805 3916 quod
1845 3845 1968 3900 dico
2001 3861 2116 3899 esse

529 3946 772 4000 estinter
823 3945 929 3999 alia
995 3944 1455 4014 perfectissimum
1511 3959 1525 3994 :
1587 3943 1733 4011 quod
1801 3940 1882 3994 sic
1944 3948 2112 4008 patet.

533 4037 794 4108 Operatio
829 4038 974 4092 enim
1013 4046 1330 4104 estsemper
1360 4033 1655 4104 perfectior
1679 4033 1939 4102 potentia.
1977 4030 2115 4097 Quia

532 4133 697 4200 igitur
724 4131 898 4183 forma
928 4145 1036 4182 non
1079 4128 1405 4197 intelligitur
1437 4141 1560 4181 esse
1592 4125 1861 4194 operatio,
1899 4124 2002 4178 nisi
2029 4137 2117 4179 se-

532 4224 774 4279 cundum
801 4221 948 4292 quod
992 4221 1284 4276 adducitur
1327 4220 1393 4273 ad
1421 4234 1543 4274 esse
1585 4219 1928 4290 (humanitas
1967 4217 2112 4272 enim

533 4326 626 4371 aut
684 4316 914 4385 igneitas
980 4323 1160 4383 potest
1215 4311 1444 4382 intelligi
1506 4318 1567 4364 ut
1636 4309 1812 4365 estin
1870 4308 2114 4379 potentia

535 4410 792 4471 materise,
834 4407 918 4460 vel
947 4415 1006 4460 ut
1034 4409 1086 4457 in
1129 4403 1369 4471 potentia
1398 4402 1631 4472 agentis,
1669 4400 1755 4454 vel
1779 4400 1943 4454 etiam
1974 4406 2033 4452 ut
2061 4397 2115 4452 in

2302 1075 2399 1129 Ἐκ
2433 1073 2527 1128 τοῦ
2560 1074 2722 1142 λόγου
2758 1073 2854 1126 τοῦ
2917 1074 2992 1144 μὴ
3027 1074 3287 1127 δὺνασθαι
3319 1073 3562 1141 γίνεσθαι
3605 1093 3751 1145 προσ-

2217 1169 2394 1240 θήκην
2429 1170 2486 1221 ὲν
2522 1167 2688 1236 αὐτῷ.
2723 1167 2798 1219 Τὸ
2861 1166 2916 1219 δὲ
2945 1166 3089 1219 θεῖον
3131 1161 3268 1219 εἷναί
3320 1167 3488 1228 ἐστιν,
3633 1168 3750 1236 μήτε

2215 1262 2332 1314 ἐστὶ
2357 1261 2668 1330 προσθήκη,
2694 1260 2789 1312 καὶ
2829 1259 2894 1310 ὲκ
2925 1257 3016 1312 τοῦ
3054 1259 3214 1326 λόγου
3266 1259 3428 1312 αὑτοῦ
3465 1261 3575 1312 ἐστι
3604 1261 3659 1312 τὸ
3685 1260 3750 1330 μὴ

2212 1352 2480 1407 δύνασθαι
2497 1351 2748 1419 γίνεσθαι
2780 1353 3100 1422 προσθήκην
3127 1352 3296 1420 αὐτῷ.
3325 1353 3415 1404 Διὸ
3445 1353 3505 1404 τὸ
3533 1352 3664 1404 θεῖον
3681 1348 3749 1406 εἷ·

2215 1462 2302 1497 ναι
2344 1444 2442 1498 οὐκ
2473 1443 2591 1496 ἔστι
2648 1445 2707 1498 τὸ
2743 1445 2924 1498 κοινὸν
2986 1441 3168 1497 εἶναι*
3224 1442 3410 1515 ὥσπερ
3476 1447 3565 1498 mi.
3606 1447 3659 1497 ὲν
3686 1445 3752 1513 τῷ

2213 1537 2489 1607 λόγῳτοῦ
2531 1537 2714 1590 γοινοῦ
2740 1537 2882 1601 ζώου
2910 1539 2969 1590 οὐ
3015 1538 3338 1606 πρόσκειται
3364 1539 3394 1607 ἡ
3418 1537 3513 1591 τοῦ
3556 1538 3752 1603 λογικοῦ

2215 1629 2449 1701 διαφορά
2478 1643 2492 1661 ⁶
2533 1631 2606 1684 Οὐ
2647 1631 2831 1701 μέντοι
2883 1631 3032 1684 ἐστὶν
3075 1633 3138 1684 ὲκ
3192 1631 3284 1684 τοῦ
3321 1631 3479 1697 λόγου
3523 1630 3756 1684 αὐτοῦτὸ

2217 1719 2548 1790 προσθήκην
2605 1720 2756 1790 αὐτῷ
2817 1719 3192 1791 μὴδύνασθαι
3250 1721 3520 1788 γίνεσθαι,
3568 1721 3635 1782 ὡς
3677 1721 3757 1788 6?,-
3840 1738 3845 1744 '

2141 1810 2186 1870 Β
2215 1812 2308 1867 λον
2353 1815 2418 1868 ὲκ
2459 1813 2555 1869 τοῦ
2607 1815 2833 1886 λογικοῦ
2882 1814 3046 1880 ζῶον,
3107 1815 3244 1886 ὅπερ
3302 1814 3452 1868 ἐστὶν
3515 1811 3642 1877 εἶδος
3675 1813 3755 1866 τοῦ

2217 1908 2379 1974 ζώου.

2289 2001 2436 2072 Πρὸς
2482 2001 2545 2055 τὸ
2599 2003 2830 2073 ἕϐδομον
2883 2000 3096 2072 ῥητέον,
3137 2001 3222 2054 ὅτι
3278 2000 3306 2052 ὁ
3357 1998 3453 2052 τοῦ
3495 1998 3755 2068 ὀνομάζειν

2215 2096 2420 2162 τρόπος
2461 2097 2520 2148 ἐν
2559 2096 2682 2156 ταῖς
2736 2093 2864 2161 παρ’
2907 2093 3067 2163 ἡμῶν
3117 2093 3439 2161 γινομέναις
3476 2108 3756 2162 παρονομα-

2218 2188 2386 2251 σίαις,
2441 2188 2562 2250 ταῖς
2626 2185 3041 2255 ὲπιτιθεμέναις
3076 2186 3186 2248 τοῖς
3241 2185 3555 2253 πράγμασι,
3591 2184 3754 2236 ἕπεται

2215 2279 2292 2348 τῷ
2321 2278 2416 2332 τοῦ
2458 2281 2602 2332 νοεῖν
2632 2279 2844 2350 τρόπῳ.
2865 2279 2946 2331 Τὰ
2979 2277 3092 2346 γὰρ
3145 2275 3390 2345 ὀνόματα
3447 2274 3657 2344 δηλοῦσι
3703 2273 3754 2325 τὰ

2215 2373 2328 2428 τῶν
2363 2372 2555 2442 ψυχῶν
2587 2372 2916 2442 παθήματα.
2955 2370 3033 2434 ὡς
3071 2370 3292 2438 λέγεται
3333 2370 3392 2422 ἐν
3416 2371 3530 2432 τοῖς
3555 2369 3754 2438 περὶὲρ·

2220 2467 2450 2538 μηνείας
2497 2466 2837 2536 προοιμίοις.
2889 2465 2945 2516 '0
2997 2463 3119 2526 νοῦς
3157 2464 3215 2516 δὲ
3253 2464 3416 2532 ἡμῶν
3476 2462 3644 2530 τούτῳ
3690 2459 3753 2526 τῷ

2215 2559 2405 2629 τρόπῳ
2439 2560 2550 2611 νοεῖ
2602 2557 2664 2610 τὸ
2703 2552 2843 2611 εἶναι
2881 2555 2911 2610 6
2939 2555 3253 2624 εὑρίσκεται
3293 2559 3349 2608 ὲν
3379 2557 3490 2617 τοῖς
3519 2552 3755 2619 ὑποϐεϐη-

2218 2653 2340 2706 κόσι
2369 2652 2716 2722 πράγμασιν,
2759 2650 2851 2718 ἀφ’
2881 2646 2956 2704 ὧν
2989 2649 3087 2712 τὰς
3120 2649 3439 2720 ἐπιστήμας
3494 2646 3752 2717 λαμϐάνει·

2218 2747 2278 2800 ἑν
2309 2739 2391 2809 οἷς
2421 2745 2483 2798 τὸ
2513 2743 2654 2796 εἶναι
2686 2745 2786 2796 οὐκ
2814 2742 2932 2795 ἔστι
2977 2742 3102 2795 καθ’
3133 2741 3265 2795 αὐτὸ
3317 2737 3585 2809 ὑφεστὼς,
3645 2736 3758 2791 am

2221 2835 2633 2906 προσπεφυκός.
2652 2836 2714 2888 ’0
2741 2836 2798 2888 δὲ
2829 2835 2989 2902 λόγος
3007 2833 3252 2904 εὑρίσκει
3269 2828 3485 2886 τιεῖναι
3516 2829 3630 2885 καθ’
3647 2827 3760 2884 αὐτὸ

2219 2929 2489 2998 ὑφεστὼς.
2514 2929 2615 2982 Διά
2651 2946 2732 2981 τοι
2793 2927 2956 2982 τοῦτο
2995 2929 3044 2980 εί
3095 2929 3190 2980 καὶ
3221 2926 3369 3002 τοῦθ’
3401 2926 3430 2978 6
3474 2926 3677 2990 λέγεται
3707 2920 3758 2973 ὃν

2221 3024 2555 3092 σημαίνεται
2608 3021 2684 3083 ὼς
2752 3019 3032 3084 σύνθετον,
3083 3017 3236 3084 ὅμως
3269 3019 3296 3069 ὁ
3336 3015 3462 3078 νοῦς
3505 3015 3651 3082 ἀφεὶς
3681 3012 3758 3064 τδν

2139 3150 2185 3209 c
2217 3117 2312 3171 τοῦ
2384 3115 2675 3185 σημαίνειν
2745 3113 2949 3186 τρόπον
3023 3109 3320 3164 ἀποδίδωσι
3389 3110 3452 3162 τὸ
3529 3104 3760 3176 σημαινό-

2221 3228 2407 3280 μενον.

2289 3304 2432 3374 Πρὸς
2477 3300 2538 3354 τὸ
2588 3299 2777 3368 ὄγδοον
2828 3298 3042 3368 ῥητέον,
3090 3297 3172 3351 ὅτι
3222 3298 3251 3348 ὁ
3297 3295 3458 3363 λόγος
3489 3291 3604 3371 ’τοῦ
3645 3289 3760 3358 Βοη-

2215 3395 2329 3449 τίου
2366 3395 2570 3447 νοεῖται
2629 3390 2761 3461 περὶ
2813 3389 3058 3453 ἐκείνων,
3097 3383 3179 3451 οἷς
3243 3387 3304 3440 τὸ
3341 3383 3487 3440 εἶναι
3523 3382 3764 3453 προσήκει

2217 3489 2360 3544 κατὰ
2408 3485 2727 3557 μετουσίαν,
2754 3484 2852 3537 καὶ
2873 3484 2932 3536 οὗ
2983 3481 3103 3536 κατ’
3145 3481 3355 3535 οὐσίαν.
3396 3480 3468 3533 Ὀ
3500 3480 3604 3546 γὰρ
3639 3476 3764 3527 ἐστιν

2215 3585 2295 3646 ὃν,
2321 3583 2462 3638 κατὰ
2487 3581 2584 3652 τὴν
2617 3579 2812 3633 ἑαυτοῦ
2833 3578 3024 3632 οὐσίαν
3053 3578 3102 3630 εί
3122 3644 3128 3650 ι
3152 3574 3401 3645 ἀκριϐῶς
3462 3573 3763 3639 σκοποῖμεν,

2221 3675 2425 3745 μᾶλλον
2458 3691 2498 3725 π
2510 3668 3038 3742 ροσήκειλέγεσθαι,
3059 3669 3139 3722 ὅτι
3176 3669 3295 3720 ἐστὶ
3317 3667 3378 3720 τὸ
3418 3663 3561 3720 εἶναι
3598 3656 3765 3724 αὑτοῦ,

2215 3769 2248 3840 ἢ
2282 3770 2361 3821 ὅτι
2391 3766 2576 3819 ἐστίτι
2615 3764 2697 3819 ὃν.

2286 3858 2433 3927 Πρὸς
2491 3856 2553 3909 τὸ
2611 3854 2832 3909 ἔννατον
2905 3854 3132 3925 ῥητέον,
3200 3854 3282 3906 ὅτι
3354 3852 3504 3907 τοῦθ’
3557 3854 3584 3908 ὅ
3642 3867 3763 3922 φημι

2218 3951 2360 4004 εἷναί
2400 3953 2515 4004 ἐστι
2551 3947 2688 4017 πρὸς
2720 3950 2788 4001 τὰ
2816 3947 2951 4002 ἄλλα
2977 3946 3334 4001 τελειότατον·
3362 3945 3390 3998 ὃ
3418 3946 3578 4016 δῆλον
3605 3943 3764 3998 Emi-

2220 4042 2334 4097 θεν.
2387 4041 2452 4095 Ἦ
2479 4041 2588 4111 γὰρ
2616 4038 2868 4109 ἐνέργειά
2893 4041 3039 4094 ἐστιν
3075 4039 3162 4092 ἀεὶ
3223 4039 3539 4110 τελεωτέρα
3573 4037 3668 4106 τῆς
3691 4037 3766 4088 δυο

2220 4137 2463 4208 νάμεως.
2507 4134 2716 4188 Ὀτιοῦν
2746 4135 2804 4188 δὲ
2839 4129 2980 4195 εἶδος
3012 4133 3073 4186 οὐ
3102 4134 3305 4186 νοεῖται
3335 4131 3608 4201 ἐνέργεια,
3637 4130 3679 4181 εί
3701 4126 3764 4197 μὴ

2219 4228 2347 4283 καθ’
2376 4228 2404 4281 ὃ
2444 4227 2524 4290 εἰς
2551 4228 2612 4278 τὸ
2648 4220 2787 4279 εῖναι
2828 4223 3059 4278 τίθεται.
3103 4223 3167 4276 Ἥ
3195 4223 3304 4293 γὰρ
3351 4216 3765 4294 ἀνθρωπότης,ἢ

2219 4322 2251 4390 ή
2290 4318 2536 4388 πυρότης
2586 4315 2813 4369 δύναται
2881 4313 3143 4380 νοεῖσθαι,
3192 4314 3265 4378 ὡς
3304 4315 3361 4366 ὲν
3412 4313 3639 4382 δυνάμει
3682 4309 3769 4376 τῆς

2222 4413 2355 4483 ὕλης
2400 4406 2560 4474 οὖσα,
2600 4409 2731 4480 ἢὼς
2774 4410 2831 4461 ὲν
2877 4407 3106 4475 δυνάμει
3145 4405 3239 4458 τοῦ
3282 4404 3586 4467 ποιοῦντος,
3626 4402 3655 4471 ἢ
3689 4399 3768 4453 καὶ

529 4501 914 4570 intelligentia,
957 4499 1050 4554 sed
1091 4498 1393 4553 secundum
1449 4496 1597 4566 quod
1639 4495 1806 4548 habet
1860 4506 2022 4555 esse,
2056 4490 2114 4544 iit

2221 4506 2296 4569 ὡς
2337 4506 2395 4558 ὲν
2427 4504 2506 4574 τῷ
2547 4502 2645 4572 νῷ.
2682 4502 2844 4554 Ἀλλὰ
2878 4500 3001 4553 καθ’
3031 4499 3059 4552 6
3086 4498 3201 4568 ἔχει
3239 4497 3302 4550 τὸ
3362 4491 3527 4563 εἶναι,
3581 4495 3768 4561 γίνεται

531 4611 632 4651 ens
673 4604 822 4660 actu,
853 4601 911 4646 ut
949 4601 1096 4661 patet
1131 4607 1226 4661 per
1263 4592 1366 4644 hoc
1399 4589 1546 4658 quod
1587 4588 1797 4641 dictum
1840 4594 1926 4638 est
1957 4582 2103 4651 quod

459 4689 472 4763 ἰ
535 4707 656 4745 esse
697 4700 783 4746 est
838 4690 1048 4759 primus
1081 4697 1235 4742 actus
1263 4686 1510 4740 omnium
1567 4683 1838 4747 actuum),
1884 4680 2006 4733 ideo
2033 4686 2119 4733 est

533 4787 698 4839 etiam
742 4783 1004 4854 perfectio
1063 4780 1311 4834 omnium
1383 4775 1804 4846 perfectionum.
1838 4772 1993 4839 Quod
2023 4787 2123 4825 au-

534 4888 642 4930 tem
686 4875 808 4929 dico
847 4874 990 4934 addi,
1023 4887 1130 4925 non
1167 4869 1500 4939 intelligatur
1539 4881 1661 4920 esse
1702 4865 2020 4934 specialius,
2063 4874 2115 4918 et

536 4969 668 5022 illud
701 4967 1095 5029 dL‘lel'lltillaﬂS,
1142 4973 1199 5017 ut
1230 4972 1383 5016 actus
1415 4960 1750 5030 potentiam:
1783 4973 1943 5012 omne
1975 4959 2118 5011 enim

538 5064 682 5130 quod
711 5062 814 5112 tale
850 5067 956 5123 est,
995 5066 1076 5111 est
1126 5055 1273 5109 aliud
1314 5053 1614 5108 secundum
1658 5052 2012 5118 quidditntem
2054 5051 2121 5105 ab

541 5172 603 5205 cn
645 5153 733 5205 cui
771 5151 990 5204 additur
1033 5147 1101 5200 ad
1143 5145 1654 5205 determinandum;
1688 5145 1819 5198 nihil
1858 5159 1984 5198 vero
2023 5145 2120 5196 ad-

539 5248 686 5300 ditur
717 5245 783 5297 ad
819 5259 941 5297 esse
969 5240 1116 5310 quod
1167 5241 1238 5294 sit
1261 5239 1329 5292 ab
1356 5253 1420 5291 eo
1460 5238 1722 5302 alienum,
1750 5238 1804 5292 in
1847 5248 2118 5308 quantum

545 5339 676 5392 niliil
703 5348 785 5390 est
828 5351 932 5387 non
995 5333 1328 5401 participans
1371 5347 1513 5392 esse,
1545 5331 1648 5384 nisi
1688 5330 1946 5392 nihilum,
1973 5329 2120 5399 quod

545 5445 722 5499 neque
773 5427 1010 5496 putentia
1056 5440 1178 5480 esse
1237 5434 1436 5495 potest,
1477 5442 1654 5492 neque
1707 5425 1903 5486 forma,
1938 5438 2116 5491 neque

541 5521 871 5576 differentia.
935 5519 1120 5590 Itaque
1150 5535 1287 5583 esse,
1323 5522 1375 5574 in
1410 5529 1674 5590 quantum
1719 5530 1798 5574 est
1833 5534 1973 5583 esse,
2002 5533 2111 5570 non

542 5612 938 5666 determinatnr
967 5628 1059 5683 per
1088 5613 1214 5681 alia,
1275 5613 1418 5668 sicut
1471 5613 1711 5682 potentia
1763 5627 1860 5681 per
1909 5620 2114 5675 actum,

612 5789 721 5856 (ιὲ)
767 5788 1154 5846 Desiderantur
1177 5793 1228 5846 in
1261 5793 1362 5847 hoc
1387 5793 1564 5862 capite
1599 5806 1702 5843 non
1733 5806 1924 5859 pauca,
1961 5789 2119 5862 quin-

541 5870 642 5924 que
685 5863 937 5917 nimirum
960 5865 1397 5921 adversariorum
1423 5875 1766 5934 argumenta,
1817 5871 1869 5915 et
1914 5861 2114 5916 solutio

2224 4598 2479 4667 ἐνέργεια
2529 4593 2588 4646 ὃν
2618 4609 2631 4624 ο
2675 4593 2748 4654 ὡς
2807 4590 3062 4660 φαίνεται
3115 4590 3202 4642 διὰ
3248 4586 3341 4640 τοῦ
3395 4585 3682 4654 λεγομένου
3721 4581 3769 4632 τὸ

2225 4685 2367 4742 εἶναι
2402 4683 2672 4756 ὑπάρχειν
2697 4685 2796 4754 τὴν
2833 4681 3256 4751 αὑτοενέργειαν
3293 4679 3486 4732 πασῶν
3519 4677 3624 4730 τῶν
3641 4678 3770 4740 ἐνερ-

2227 4779 2414 4847 γειῶν.
2448 4777 2536 4828 Διὸ
2560 4777 2652 4829 καὶ
2691 4775 2807 4827 ἐστι
2841 4774 3117 4841 τελειότης
3149 4769 3337 4824 πασῶν
3372 4767 3480 4820 τῶν
3521 4762 3770 4830 τελειοτή·

2227 4890 2358 4925 των.
2391 4874 2454 4924 Ὃ
2499 4871 2555 4923 δέ
2612 4887 2754 4939 φημι
2819 4863 3234 4938 προστίθεσθαι,
3276 4863 3349 4932 μὴ
3389 4859 3616 4913 νοείσθω
3645 4852 3770 4909 εἶναι

2223 4964 2595 5031 εὶδικώτερολ),
2634 4962 2733 5012 καὶ
2753 4957 2886 5011 αὐτὸ
2921 4953 3156 5024 διορίζον
3205 4951 3392 5021 ὥσπερ
3423 4951 3665 5017 ἐνέργεια
3689 4941 3768 4994 δύ·

2220 5076 2409 5130 ναμιν.
2442 5059 2557 5110 Πᾶν
2598 5055 2707 5124 γὰρ
2738 5052 2766 5106 6
2803 5051 3045 5106 τοιοῦτόν
3085 5051 3252 5111 ἐστιν,
3287 5048 3435 5099 ἐστιν
3476 5043 3604 5099 ἄλλο
3646 5034 3769 5093 κατὰ

2219 5153 2317 5220 τὴν
2355 5149 2591 5220 ὕπαρξιν
2631 5148 2724 5201 τοῦ
2750 5139 2794 5214 ᾧ
2839 5143 3203 5216 προστίθεται
3233 5142 3370 5212 προς
3420 5139 3478 5192 τὸ
3504 5135 3761 5220 διορίζεινζ

2173 5304 2179 5313 .
2222 5243 2389 5296 Οὐδὲν
2427 5241 2484 5293 δὲ
2517 5238 2872 5308 προσείθετιι
2909 5236 2987 5303 τῷ
3038 5231 3180 5287 εἶναι
3211 5232 3489 5300 ἀλλότριον
3528 5228 3586 5280 ὃν
3619 5217 3763 5278 αὑτοῦ

2223 5335 2309 5403 ἐφ’
2345 5335 2468 5386 ὅσον
2508 5332 2677 5402 μηδέν
2744 5333 2891 5382 ἐστιν
2929 5327 3202 5397 ἀμέτοχον
3262 5322 3448 5382 αὑτοῦ,
3509 5322 3555 5372 εί
3614 5315 3680 5386 μὴ
3712 5310 3764 5362 τὸ

2231 5428 2306 5495 μὴ
2343 5425 2424 5487 ὃν,
2457 5425 2484 5477 ὃ
2529 5423 2654 5476 οὕτε
2701 5421 2933 5490 δύναμις
2989 5416 3127 5470 εἶναι
3181 5415 3424 5480 δύναται,
3465 5413 3586 5464 οὔτε
3622 5404 3760 5464 εἶδος,

2228 5519 2352 5571 οὔτε
2387 5516 2662 5586 διαφορὰ·
2720 5516 2802 5566 διὸ
2846 5513 2968 5566 οὔτε
3011 5510 3185 5578 τούτῳ
3222 5507 3516 5577 διορίζεται
3555 5503 3611 5553 τὸ
3641 5496 3761 5550 εἷντι

2225 5612 2314 5664 διὰ
2341 5609 2450 5662 τῶν
2479 5609 2680 5673 ἄλλων,
2736 5606 2932 5674 ὥσπερ,
2984 5604 3213 5672 δύναμις
3278 5601 3366 5655 διὰ
3398 5599 3484 5652 τοῦ
3526 5583 3758 5664 ἐνεργεῖνν

2229 5797 2433 5856 septem
2482 5787 2723 5856 priorum
2772 5776 3184 5851 objectionum';
3229 5793 3352 5834 nam
3408 5776 3468 5833 de
3519 5765 3758 5828 solutione

2224 5869 2376 5913 sexta
2402 5859 2611 5914 modica
2637 5857 2902 5928 particula
2927 5861 3196 5923 superest.
