4046 6452
329 456 464 520 ¹ί209
1245 463 1342 523 DE
1387 465 1766 526 ESSENTIA
1801 467 1896 527 ET
1939 465 2438 531 OPERATIONE
2466 470 2620 530 DEI.
3422 470 3560 536 1210

247 636 253 642 _
323 574 456 628 ἀλλὰ
500 573 701 643 μᾶλλον
738 572 926 645 ὥσπερ
948 575 1011 628 τὸ
1041 575 1285 644 ἐνεργεῖν
1322 577 1411 630 διὰ
1452 576 1551 645 τῆς
1580 576 1840 647 δυνάμεω

1959 610 1971 640 ι
2003 579 2095 633 sed
2137 587 2320 648 potius
2346 589 2490 636 srcut
2519 591 2674 635 actus
2706 595 2800 650 per
2833 581 3151 651 potentiam.
3179 581 3311 638 Nam
3346 583 3398 638 in
3430 588 3557 640 dcti-

335 665 425 718 Ἑν
489 666 599 736 γάρ
642 665 720 735 τῷ
781 668 895 737 ὅρῳ
953 668 1059 720 τῶν
1115 668 1272 721 εἰδῶν
1333 668 1574 722 τίθενται
1633 671 1689 722 αί
1756 671 1884 724 ἴδιαι

1989 669 2194 724 nitione
2219 671 2517 723 formarum
2540 679 2812 739 ponuntur
2837 673 3065 739 propriae
3093 673 3351 734 materiae,
3382 674 3437 727 in
3465 689 3555 727 ca—

327 755 474 822 ὓλαι,
499 759 556 810 ὲν
586 759 796 828 χριστῷ
827 758 936 828 (l3)
982 760 1278 829 διαφορῶν,
1327 760 1516 830 ὥσπερ
1571 762 1698 814 ὅταν
1733 762 1890 830 λέγε-

1987 760 2188 827 tegoria
2221 757 2645 814 differentiarum
2675 781 2687 814 :
2723 761 2871 814 verbi
2922 762 3112 830 gratia,
3148 779 3313 830 quum
3355 763 3548 819 dicitur

322 870 414 904 ται
464 855 496 920 ἡ
536 851 683 922 ψυχὴ
747 849 890 907 εἶναι
950 853 1257 924 ἐντελέχεια
1320 853 1574 924 σώματος
1626 855 1885 924 φυσικοῦ,

1987 852 2165 906 anima
2225 867 2346 906 esse
2379 852 2642 920 perfectio
2693 853 2936 920 corporis
2975 853 3241 907 naturalis
3293 855 3555 924 organici,

323 945 622 1012 ὀργανικοῦ
649 962 662 976 ·
705 946 888 1008 καθὼς
923 946 988 1015 δὴ
1026 948 1117 1000 καὶ
1147 947 1352 1018 τρόπον
1383 949 1498 1001 τόδε
1527 949 1588 1002 τὸ
1615 948 1758 1003 εἶναι
1782 951 1890 1004 ἀπὸ

1988 960 2146 1014 quem
2188 945 2254 998 ad
2322 945 2542 998 modum
2612 945 2713 998 hoc
2759 959 2878 998 esse
2926 945 2992 998 ab
3020 945 3111 998 illo
3143 961 3264 1000 esse
3301 946 3478 1009 αἰτεῖ-1,
3507 949 3558 1002 in

324 1033 479 1085 τοῦδε
510 1033 604 1086 τοῦ
628 1029 768 1087 εἶναι
799 1037 1157 1105 διακρίνεται,
1182 1038 1267 1105 ἐφ’
1299 1037 1424 1090 ὅσον
1487 1039 1602 1092 ἐστὶ
1651 1041 1888 1103 τοιᾶσδε,

1991 1050 2250 1107 quantum
2313 1047 2395 1090 est
2426 1037 2548 1089 talis
2579 1035 2658 1088 vel
2700 1035 2822 1090 talis
2853 1049 2972 1090 esse
2999 1044 3225 1091 naturae.
3261 1035 3554 1105 Propterea

323 1125 354 1190 ἢ
385 1127 596 1178 τοιᾶσδε
633 1124 1052 1193 φύσεωςεῐναι.
1087 1127 1179 1180 Διὸ
1238 1131 1333 1181 καὶ
1375 1131 1402 1181 ὁ
1431 1129 1574 1186 θεῖος
1615 1117 1891 1195 Διονύσιός

1991 1128 2149 1184 divus
2179 1126 2470 1198 Dionysius
2505 1127 2670 1181 dicit:
2713 1127 2893 1181 «Licet
2929 1127 3158 1182 viventia
3189 1129 3305 1182 sint
3331 1130 3555 1183 meliora

325 1235 483 1287 φησι,
513 1237 532 1272 ε
572 1219 632 1270 Ei
676 1219 768 1272 καὶ
813 1219 884 1272 τά
904 1219 1082 1283 ζῶντά
1119 1220 1236 1274 ἐστι
1275 1220 1510 1290 κρείττω
1547 1222 1656 1274 τῶν
1702 1222 1890 1290 ὄντων,

1990 1221 2231 1284 εηιὶΙιυε,
2270 1233 2390 1274 εεεε
2441 1228 2616 1272 tamen
2642 1227 2724 1272 est
2765 1219 2959 1272 melius
2987 1234 3146 1284 (Illam
3202 1220 3401 1284 vivere,
3434 1221 3563 1288 quia

323 1311 384 1362 τὸ
449 1305 589 1362 εἶναι
641 1310 825 1378 μέντοι
879 1311 995 1363 ἐστὶ
1035 1314 1284 1382 κρεῖττον
1345 1313 1442 1366 τοῦ
1477 1312 1597 1382 ζῇν.
1638 1314 1718 1367 Τὰ
1783 1315 1894 1384 γὰρ

1995 1311 2229 1365 viventia
2262 1325 2370 1364 non
2421 1310 2599 1365 solum
2636 1311 2843 1375 vivunt,
2881 1309 2972 1364 sed
3010 1309 3170 1364 simul
3219 1325 3343 1364 cum
3382 1310 3565 1364 vivere

327 1402 506 1466 ζῶντα
528 1402 588 1454 οὐ
617 1403 780 1471 μόνον
809 1401 897 1473 ζῇ,
956 1402 1094 1457 ἀλλὰ
1157 1405 1379 1475 σύναμα
1416 1405 1495 1476 τῷ
1533 1404 1634 1477 ζῇν
1693 1408 1788 1460 καὶ
1833 1407 1894 1460 τὸ

821 1401 897 1473 ζῇ,
956 1402 1094 1457 ἀλλὰ
1157 1405 1379 1475 σύναμα
1416 1405 1495 1476 τῷ
1533 1404 1634 1477 ζῇν
1693 1408 1788 1460 καὶ
1833 1407 1894 1460 τὸ
1993 1400 2194 1458 habent
2223 1417 2363 1458 esse.
2400 1420 2419 1454 ι

325 1494 466 1550 εἶναι
496 1498 629 1567 ἔχει.
670 1514 689 1547 ι

395 1591 537 1658 Πρὸς
598 1591 659 1644 τὸ
713 1590 940 1646 δέκατον
988 1593 1216 1664 ῥητέον,
1283 1592 1366 1645 ὅτι
1436 1591 1577 1644 κατὰ
1642 1590 1743 1659 τὴν
1797 1589 1896 1643 τά-

2064 1600 2145 1653 Ad
2188 1600 2460 1655 decimum
2515 1600 2808 1656 dicendum
2861 1601 3003 1670 quod
3059 1600 3236 1654 ordini
3289 1600 3565 1668 agent'um

327 1683 409 1745 ξιν
454 1683 562 1735 τῶν
596 1685 895 1738 ποιούντων
953 1686 1073 1738 ἐστὶ
1136 1687 1232 1738 καὶ
1271 1685 1303 1752 ἡ
1363 1683 1517 1747 τάξις
1561 1683 1668 1736 τῶν
1696 1681 1891 1738 τελῶν.

1994 1695 2292 1764 respondet
2319 1696 2454 1749 ordo
2504 1696 2691 1749 {inium
2722 1711 2892 1752 :nam
2930 1697 3102 1762 primo
3129 1697 3306 1764 agenti
3343 1695 3570 1763 subjici-

327 1779 416 1847 Τῷ
449 1779 556 1848 γὰρ
591 1778 794 1850 πρώτῳ
823 1778 1068 1833 ποιοῦντι
1099 1779 1415 1832 ὑποτίθεται
1451 1779 1513 1832 τὸ
1548 1779 1768 1847 πρῶτον
1804 1777 1896 1830 τέ·-

1995 1797 2085 1840 tur
2119 1788 2327 1855 primus
2380 1788 2523 1848 linis,
2555 1796 2610 1841 et
2651 1788 2902 1842 similiter
2933 1787 3024 1840 alii
3057 1788 3191 1841 lines
3241 1787 3366 1842 aliis
3399 1803 3569 1857 agen—

326 1872 440 1938 λος,
479 1875 571 1926 καὶ
601 1873 884 1940 ἀναλόγως
917 1874 1051 1928 ἄλλα
1078 1873 1206 1942 τέλη
1239 1871 1422 1935 ἄλλοις
1452 1872 1785 1941 ποιητικοῖς.
1829 1871 1893 1924 ΕΙ

1999 1877 2162 1931 tibus.
2199 1876 2254 1931 Si
2283 1877 2427 1932 enim
2457 1887 2767 1947 spectentur
2802 1879 3055 1946 princeps
3091 1878 3346 1940 civitatis,
3379 1888 3432 1931 ct
3460 1879 3570 1932 dux

328 1934 435 2033 γὰρ
467 1964 754 2034 θεωροῖντο
783 1934 818 2015 τό
851 1968 952 2035 τῆς
987 1934 1206 2026 πόλεως.
1229 1965 1438 2034 ἄρχων,
1472 1934 1626 2016 καιό
1665 1961 1891 2032 ἡγεμὼν
1925 1981 1926 1984 η

1998 1970 2292 2032 exercitus,
2324 1977 2377 2022 et
2409 1984 2550 2022 unus
2576 1969 2625 2022 ei
2666 1969 2918 2024 subditus
2951 1969 3128 2032 miles,
3159 1970 3411 2023 convenit
3439 1970 3573 2022 civi-

323 2057 420 2110 τοῦ
461 2057 722 2126 στρατοῦ,
745 2059 838 2110 καὶ
873 2053 957 2121 εἷς
1015 2057 1138 2110 καθ’
1169 2057 1333 2110 αὑτὸν
1370 2056 1728 2127 στρατιώτης,
1751 2074 1892 2124 συμ-

1998 2060 2123 2113 tatis
2155 2059 2452 2128 principem
2502 2076 2622 2115 esse
2660 2061 2895 2129 primum
2932 2059 2984 2114 in
3021 2061 3214 2114 ordine
3254 2060 3557 2129 agentium,

323 2150 496 2202 ϐαίνει
523 2150 616 2200 τὸν
659 2149 759 2216 μὲν
787 2136 1138 2217 τῆςτπόλεως
1199 2149 1436 2216 ἄρχοντα
1489 2144 1630 2200 εἶναι
1673 2147 1891 2216 πρῶτον

1997 2165 2106 2218 quo
2145 2148 2370 2217 jubente
2413 2150 2522 2204 dux
2566 2151 2865 2205 exercitum
2919 2152 2984 2204 ad
3034 2150 3234 2204 bellum
3269 2151 3436 2215 ducit,
3468 2151 3571 2204 sub

321 2242 379 2292 ὲν
411 2243 476 2309 τῇ
506 2240 613 2292 τῶν
639 2241 940 2293 ποιούντων
965 2242 1138 2304 τάξει,
1170 2235 1232 2292 οὗ
1274 2240 1410 2309 πρὸς
1431 2240 1499 2294 τὰ
1530 2242 1886 2307 ἐπιτάγματα

1998 2260 2108 2311 quo
2137 2243 2292 2297 miles
2330 2244 2381 2296 in
2414 2244 2605 2297 ordine
2643 2259 2805 2313 quem
2854 2244 3081 2297 sortitus
3115 2252 3215 2303 est,
3251 2250 3422 2295 meret
3455 2257 3571 2293 ma-

321 2333 349 2382 δ
386 2329 616 2400 ἡγεμὼν
655 2332 748 2383 τὸν
806 2331 1035 2400 στρατὸν
1073 2332 1153 2393 είς
1205 2333 1298 2384 τὸν
1353 2331 1592 2399 πόλεμον
1650 2332 1888 2398 ἐπείγει,

1998 2335 2157 2389 nibus
2204 2336 2492 2390 dimicans.
2530 2335 2625 2390 Est
2676 2345 2851 2389 autem
2911 2336 3032 2389 linis
3065 2335 3251 2388 militis
3273 2335 3563 2388 devinccre

323 2422 414 2488 ὑφ’
443 2416 486 2488 ᾧ
517 2425 543 2474 ὁ
575 2421 916 2491 στρατιώτης
973 2421 1116 2475 κατὰ
1145 2421 1242 2490 τὴν
1277 2423 1450 2488 τάξιν,
1493 2423 1560 2492 ἣν
1592 2422 1783 2492 ἔλαχεν
1832 2425 1892 2476 ἐν

1999 2427 2219 2483 hostes:
2251 2444 2359 2496 quo
2391 2428 2618 2482 ulterius
2670 2427 2976 2482 intenditur
3011 2427 3286 2482 exercitus
3316 2427 3567 2490 victoria,

323 2514 401 2583 τῷ
428 2513 666 2584 στρατῷ,
695 2515 841 2566 τελεῖ
867 2517 986 2576 ταῖς
1021 2515 1176 2583 χερσὶ
1195 2514 1617 2584 διαμαχόμενος.
1648 2515 1808 2567 Ἐστι
1831 2515 1888 2568 δὲ

1996 2533 2120 2587 qua:
2166 2527 2250 2572 est
2299 2520 2423 2574 linis
2459 2519 2648 2584 ducis;
2677 2531 2731 2574 et
2764 2521 2944 2574 adhuc
2981 2521 3209 2574 ulterius
3235 2519 3474 2574 tenditur
3499 2517 3569 2570 ad

323 2607 386 2660 τὸ
446 2607 547 2676 μὲν
596 2605 747 2668 τέλος
804 2605 901 2659 τοῦ
943 2605 1280 2675 στρατιώτου
1339 2607 1705 2660 καταϐάλλειν
1766 2608 1893 2670 τοὺς

1981 2610 2234 2666 ~civitatis
2283 2621 2378 2666 aut
2426 2613 2579 2681 regni
2613 2613 2924 2676 utilitatem,
2959 2628 3078 2681 quae
3131 2621 3214 2667 est
3265 2612 3386 2666 linis
3410 2610 3570 2680 primi

324 2699 645 2765 πολεμίους,
680 2699 708 2751 δ
753 2699 1068 2768 περαιτέρω
1113 2699 1374 2753 τέτακται
1431 2699 1568 2769 πρὸς
1631 2699 1730 2767 τὴν
1793 2697 1890 2752 τοῦ

1998 2704 2230 2769 agentis,
2261 2711 2315 2756 et
2343 2704 2654 2758 necessario
2684 2704 2862 2757 locum
2896 2703 3056 2757 habet
3084 2704 3259 2758 ultimi
3295 2703 3440 2757 linis.
3479 2701 3573 2756 Fi-

324 2793 559 2865 στρατοῦ
599 2794 776 2863 νίκην,
804 2793 942 2864 ὅπερ
965 2792 1025 2845 ὃν
1053 2793 1316 2862 τυγχάνει
1372 2793 1468 2846 τοῦ
1495 2794 1769 2863 ἡγεμόνος
1801 2793 1892 2845 τέ-

1999 2793 2084 2848 nis
2119 2802 2323 2857 autem,
2349 2794 2442 2863 qui
2471 2801 2553 2848 est
2593 2794 2799 2866 primus
2824 2794 2878 2848 in
2916 2794 3242 2859 intentione,
3276 2805 3359 2849 est
3391 2807 3572 2850 tamen

321 2887 435 2948 ὶος.
474 2886 585 2937 Kal
615 2884 774 2938 τοῦτο
829 2887 1142 2955 περαιτέρω
1174 2886 1436 2938 τέτακται
1477 2886 1615 2956 πρὸς
1667 2885 1766 2954 τὴν
1792 2885 1892 2954 τῆς

1998 2883 2223 2938 ultimus
2260 2883 2312 2938 in
2343 2885 2591 2948 actione;
2640 2892 2694 2938 et
2735 2895 2818 2938 est
2849 2884 3080 2939 etfectus
3112 2885 3341 2938 aliarum
3371 2899 3571 2938 causa-

328 2977 607 3039 πόλεως...
653 2977 686 3046 ἢ
741 2980 840 3047 τῆς
899 2977 1198 3044 βασιλείας,
1247 2978 1423 3046 ὅσπερ
1467 2977 1586 3029 ἐστὶ
1605 2976 1760 3040 τέλος
1801 2975 1897 3030 τοῦ

2005 2990 2148 3040 rum,
2174 2976 2481 3045 specialiter
2504 2977 2746 3031 intentus
2775 2991 2804 3029 a
2823 2977 2997 3045 primo
3026 2984 3255 3046 agente:
3291 2991 3414 3028 nam
3447 2991 3575 3030 esse

329 3068 553 3137 πρώτου
583 3067 887 3134 ποιοῦντος,
915 3069 1126 3136 ἀνάγκη
1157 3067 1302 3137 ἔχειν
1330 3070 1498 3122 τόπον
1534 3068 1630 3121 τοῦ
1661 3067 1895 3138 ἐσχάτου

1973 3072 1977 3078 ’
2005 3076 2088 3122 εει
2115 3082 2181 3121 ex
2214 3067 2336 3121 aliis
2369 3067 2668 3137 principiis,
2725 3078 2780 3122 et
2807 3067 2983 3136 prima
3011 3081 3173 3121 causa
3211 3075 3296 3121 est
3336 3067 3571 3138 primum

321 3160 536 3222 τέλους.
573 3160 646 3212 Τὸ
679 3159 734 3212 δὲ
770 3159 944 3222 τέλος,
979 3159 1028 3211 εί
1061 3159 1155 3210 καὶ
1181 3158 1298 3211 ἔστι
1333 3159 1554 3229 πρῶτον
1571 3159 1647 3228 τῷ
1685 3159 1896 3227 σκοπῷ,

856 3176 944 3222 .ος,
979 3159 1028 3211 εί
1061 3159 1155 3210 καὶ
1181 3158 1298 3211 ἔστι
1333 3159 1554 3229 πρῶτον
1571 3159 1647 3228 τῷ
1685 3159 1896 3227 σκοπῷ,
2005 3159 2358 3228 principium.

320 3253 440 3305 ἐστι
506 3255 692 3321 μέντοι
785 3253 1017 3322 ἔσχατον
1092 3254 1151 3305 ὲν
1203 3255 1270 3322 τῇ
1326 3256 1567 3320 ποιήσει.
1626 3251 1734 3304 Καὶ
1790 3251 1943 3303 ἔστιν
2007 3253 2364 3321 ἀποτέλεσμα
2414 3251 2589 3306 ἄλλων
2675 3251 2885 3315 αἰτιῶν,
2968 3251 3406 3322 ἀποκρινόμενον
3487 3251 3568 3320 τῷ

322 3346 527 3416 πρώτῳ
579 3344 844 3399 ποιοῦντι.
893 3330 1052 3398 Ἔστι
1115 3346 1223 3415 γὰρ
1265 3345 1323 3411 ἐξ
1358 3346 1533 3399 ἄλλων
1591 3346 1780 3414 ἅρχων
1833 3345 1892 3397 τὸ
1929 3342 2094 3409 εἶναι,
2129 3347 2312 3399 καὶτὸ
2366 3347 2585 3414 πρῶτον
2620 3346 2789 3398 αἴτιόν
2833 3347 2982 3398 ἐστιν
3025 3347 3056 3415 ἠ
3094 3346 3285 3412 πρώτη
3321 3347 3489 3413 ἀρχή.

393 3440 540 3510 Πρδς
593 3439 654 3491 τὸ
710 3438 992 3492 έιδέκπιτον
1042 3441 1234 3510 ῥητέον
1263 3478 1278 3502 ,
1325 3441 1407 3494 ὃτι
1448 3437 1566 3491 ἔστι
1621 3438 1890 3507 πρότασίς
1926 3450 1969 3502 c

2075 3439 2156 3493 Ad
2216 3440 2562 3494 undecimum
2613 3439 2902 3492 dicendum
2951 3438 3096 3506 quod
3125 3447 3209 3490 est
3233 3437 3413 3504 aliqua
3450 3451 3573 3503 pro.

319 3550 431 3598 τις,
500 3531 619 3583 καθ’
652 3531 852 3601 ἑαυτὴν
903 3531 1205 3601 γνώριμος,
1267 3533 1328 3583 τό
1381 3547 1444 3598 γε
1487 3529 1545 3594 ἐξ
1592 3531 1810 3600 ἑαυτῆς,
1863 3530 1897 3601 ἢ

1996 3533 2200 3600 positio
2231 3548 2325 3600 per
2369 3548 2427 3587 se
2459 3543 2585 3587 nota
2631 3536 2894 3602 quantum
2934 3533 2986 3586 in
3017 3547 3076 3587 se
3113 3540 3216 3593 est,
3241 3547 3361 3599 quze
3390 3539 3573 3583 tamen

326 3627 515 3697 μέντοι
545 3641 610 3690 γε
634 3623 793 3693 τῷδε,
827 3625 861 3692 ἡ
897 3625 1056 3694 τῷδε,
1086 3625 1212 3679 καθ’
1249 3626 1449 3696 ἑαυτὴν
1476 3625 1577 3678 οὐκ
1607 3624 1720 3676 ἐστι
1757 3625 1897 3691 γνώ-

1996 3626 2172 3691 quoad
2210 3625 2356 3677 hunc
2385 3625 2468 3678 vel
2500 3624 2650 3678 illum
2706 3640 2814 3678 non
2850 3634 2933 3678 εει
2966 3639 3060 3692 per
3090 3638 3149 3678 sc
3177 3632 3323 3687 nota,
3357 3622 3574 3691 quando

329 3737 510 3790 ριμος,
538 3719 704 3787 ἡνίκα
755 3718 1060 3788 δηλαδὴ’τὸ
1096 3719 1572 3788 κατηγοροῦμενόν
1635 3718 1784 3769 ἐστιν
1833 3720 1896 3769 ὲκ

1994 3713 2200 3769 scilicet
2236 3716 2586 3782 prmdicatum
2636 3715 2933 3768 includitur
2969 3715 3022 3768 in
3065 3715 3278 3768 ratione
3317 3713 3567 3781 subjecti,

322 3811 420 3864 τοῦ
447 3811 607 3879 λόγου
635 3811 729 3863 τοῦ
780 3811 1166 3879 ὑποκειμένου.
1206 3811 1320 3864 Καὶ
1373 3813 1402 3864 ὁ
1465 3810 1558 3864 τοῦ
1600 3809 1897 3878 ὑποκειμέ-

1991 3815 2075 3860 εει
2099 3805 2257 3858 alicui
2287 3805 2490 3874 ignota.
2524 3804 2578 3859 Si
2608 3806 2748 3875 quis,
2793 3805 2944 3860 verbi
2976 3806 3174 3874 gratia,
3209 3805 3422 3873 ignorat
3443 3806 3575 3874 quid

321 3919 415 3955 νου
445 3902 602 3969 λόγος
635 3901 752 3954 ὲστί
785 3919 890 3956 τινι
932 3902 1235 3969 ἄγνωστος,
1271 3901 1466 3972 ὥσπερ
1487 3903 1538 3957 εί
1566 3920 1650 3965 τις
1679 3903 1888 3969 ἀγνοεῖ,

1998 3899 2069 3952 sit
2102 3905 2298 3959 torum,
2341 3907 2485 3967 patet
2528 3900 2672 3967 quod
2706 3912 2812 3950 non
2849 3898 2920 3951 sit
2967 3898 3018 3952 ei
3055 3905 3181 3950 nota
3211 3899 3323 3952 lucc
3364 3913 3566 3966 propo-

320 3992 377 4044 τί
409 3993 526 4046 ἐστι
563 3993 624 4044 τὸ
655 3993 796 4047 ὅλον.
823 3993 992 4060 Δῆλον
1029 3997 1160 4063 γὰρ,
1199 3992 1280 4046 ὅτι
1319 3995 1419 4046 οὐκ
1471 3991 1538 4046 ἂν
1597 3995 1686 4063 εἴη
1743 3991 1892 4062 αὐτῷ

1993 3990 2120 4044 sitio
2142 4009 2153 4043 :
2174 3988 2346 4044 Omne
2371 3999 2538 4042 totum
2575 3997 2656 4042 cst
2687 3989 2863 4058 majus
2888 4004 2982 4042 sua
3010 3997 3180 4057 parte.
3211 3987 3344 4042 Nam
3380 3990 3575 4055 hujus-

249 4139 258 4143 ,
322 4084 606 4154 γνώριμος
639 4083 732 4154 ἥδε
765 4085 798 4154 ἡ
837 4083 1124 4155 πρότασις,
1158 4085 1274 4137 Πᾶν
1295 4084 1416 4138 ὅλον
1445 4085 1563 4138 ἐστὶ
1587 4083 1776 4154 μεῖζον
1796 4099 1847 4137 τε

1997 4079 2144 4132 modi
2200 4077 2601 4148 prepositiones
2644 4078 2779 4132 ﬁunt
2817 4087 2958 4133 nota:
3009 4077 3243 4148 cognitis
3297 4081 3569 4146 terminis,

327 4176 460 4227 ἰδίου
488 4175 714 4243 μέρους.
752 4173 818 4225 Al
848 4173 1100 4227 τοιαῦται
1131 4173 1242 4243 γὰρ
1291 4175 1590 4244 προτάσεις
1645 4175 1891 4242 γίνονται

1998 4181 2060 4225 ιιι
2085 4171 2289 4225 dicitur
2315 4171 2366 4224 in
2393 4172 2570 4240 primo
2600 4168 2982 4224 Posteriorum.
3020 4169 3143 4225 ιιωο
3177 4171 3344 4238 igitur
3373 4183 3571 4238 pr0po.

325 4264 598 4335 γνώριμοι
631 4265 987 4333 γνωσθέντων
1024 4265 1136 4318 τῶν
1168 4267 1333 4335 ὅρων,
1363 4266 1437 4329 ὡς
1478 4265 1694 4333 λέγεται
1723 4267 1780 4318 ὲν
1818 4267 1896 4338 τῷ

2005 4263 2168 4319 sitio:
2197 4261 2340 4317 Deus
2360 4272 2463 4327 est,
2499 4263 2643 4332 quod
2670 4263 2735 4316 ad
2780 4279 2839 4317 se
2867 4264 3080 4327 attinet,
3113 4273 3197 4318 est
3220 4277 3315 4331 per
3341 4276 3398 4316 se
3427 4273 3573 4323 nota,

324 4357 529 4425 πρώτῳ
563 4356 671 4408 τῶν
711 4355 1005 4425 ’Υοτέρων.
1041 4357 1103 4408 Ἠ
1140 4357 1256 4419 τοῦ,
1279 4357 1517 4411 Ἐστινὸ
1557 4358 1709 4421 Θεὸς,
1725 4359 1904 4413 τοίνυν

2011 4355 2152 4409 idem
2205 4356 2348 4408 enim
2396 4363 2481 4409 est
2531 4355 2585 4408 in
2634 4355 2925 4423 praedicam
2977 4363 3031 4408 et
3061 4354 3114 4407 in
3153 4351 3575 4423 ειι1›]εειο;ειί1

325 4445 593 4515 πρότασις
638 4445 698 4498 τὸ
757 4448 856 4516 μὲν
883 4445 942 4509 ἐξ
969 4448 1170 4513 ἑαυτῆς
1198 4451 1313 4500 ἐστι
1347 4449 1472 4502 καθ’
1492 4449 1664 4517 αὐτὴν
1693 4449 1895 4520 γνώρι-

2001 4447 2145 4516 quod
2189 4447 2254 4502 ad
2302 4463 2422 4504 nos.
2470 4463 2576 4502 non
2615 4456 2698 4501 est
2735 4462 2833 4514 per
2877 4463 2936 4501 se
2977 4453 3127 4509 nota,
3169 4461 3316 4508 nam,
3348 4444 3479 4512 quid
3507 4443 3578 4498 sit

327 4554 452 4604 μος,
491 4536 605 4589 ἔστι
641 4537 752 4608 γάρ
789 4538 848 4589 τὸ
897 4538 1030 4590 αὐτὸ
1051 4538 1108 4590 έν
1138 4556 1196 4590 τε
1219 4539 1298 4609 τῷ
1328 4542 1770 4610 κατηγορημένῳ
1799 4543 1894 4594 καὶ

2004 4543 2146 4595 Deus
2184 4539 2478 4602 nescimus,
2536 4540 2677 4594 unde
2732 4539 2874 4608 apud
2937 4554 3038 4593 nos
3111 4536 3577 4592 demonstratione

324 4629 672 4697 ὑποκειμένῳ
697 4643 710 4657 ο
755 4629 813 4679 τὸ
852 4628 908 4680 δὲ
937 4629 1072 4696 προς
1113 4631 1259 4698 ἡμᾶς
1299 4631 1399 4683 οὐκ
1429 4630 1543 4683 ἔστι
1611 4632 1893 4700 γνώριμος

2001 4644 2140 4694 Opus
2168 4639 2270 4694 est,
2307 4642 2411 4685 non
2451 4633 2632 4685 tamen
2687 4628 2826 4697 apud
2863 4628 3110 4682 videntes
3135 4627 3429 4681 essentiam
3455 4626 3575 4686 Dei.

323 4718 450 4770 καθ’
482 4719 674 4787 αὑτήν.
716 4718 779 4770 Τί
827 4719 934 4790 γάρ
965 4721 1116 4771 ἐστιν
1170 4722 1197 4774 ὁ
1235 4721 1368 4784 Θεὸς
1419 4721 1519 4774 οὐκ
1562 4722 1742 4792 ἴσμεν,
1789 4724 1912 4777 ὅθεν
1949 4723 2082 4792 παρ’
2145 4725 2278 4792 ἡμῖν
2331 4725 2658 4790 ἀποδείξεως
2715 4723 2924 4788 δεῖται,
2969 4721 3029 4772 οὑ
3088 4719 3196 4788 μὴν
3252 4719 3406 4788 παρὰ
3467 4721 3581 4780 τοῖς

322 4810 497 4879 ὁρῶσι
527 4812 623 4879 τὴν
659 4811 849 4863 οὐσίαν
871 4811 965 4863 τοῦ
997 4813 1154 4866 Θεοῦ.

485 4921 692 4988 Κεφάλ.
728 4923 820 4990 q'.
848 4922 966 4976 ’Ότι
991 4926 1022 4976 ό
1052 4925 1196 4989 Θεὸς
1230 4927 1340 4978 οὐκ
1373 4927 1545 4979 ἔστιν
1578 4926 1717 4994 ὕλη.
1929 4911 1972 4966 D

1929 4911 1972 4966 ί)
2210 4923 2342 4992 Cap.
2377 4923 2466 4977 Vl.
2505 4923 2657 4987 Quod
2695 4921 2830 4976 Deus
2881 4938 2981 4975 non
3009 4931 3082 4975 est
3114 4920 3362 4973 materia.

393 5017 460 5065 α’.
503 5009 597 5062 Ἐκ
625 5011 682 5063 δὲ
721 5011 830 5062 τῶν
871 5015 1289 5082 προειρημένων
1338 5017 1588 5083 φαίνεται
1624 5019 1697 5086 μὴ
1757 5014 1896 5072 εἶναι

2073 5015 2122 5068 l.
2156 5014 2236 5068 Ex
2262 5016 2423 5069 dictis
2462 5024 2684 5084 apparet
2730 5015 2897 5068 Deum
2952 5029 3058 5066 non
3089 5027 3214 5066 esse
3246 5007 3528 5063 materiam
3559 5023 3573 5061 :

324 5101 416 5151 τὸν
447 5099 580 5152 Θεὸν
620 5100 776 5170 ὓλην.
828 5103 895 5154 Ἠ
934 5104 1043 5171 γάρ
1091 5103 1193 5174 ὕλη
1258 5105 1405 5158 τοῦθ’
1443 5107 1580 5176 ὅπερ
1638 5110 1782 5160 ἐστὶν
1840 5112 1897 5162 ὲν

1994 5108 2123 5175 quia
2173 5109 2403 5162 materia
2446 5117 2530 5162 est
2567 5108 2617 5161 id
2666 5108 2810 5175 quod
2864 5115 2948 5160 est
2981 5107 3033 5158 in
3073 5103 3346 5172 potentia;
3381 5110 3572 5154 osten-

324 5191 552 5259 δυνάμει
583 5192 716 5244 ἐστί.
749 5193 1028 5247 Δέδεικται
1060 5195 1115 5247 δὲ
1151 5196 1225 5266 μὴ
1257 5193 1394 5250 εἶναι
1461 5199 1694 5270 δύναμιν
1728 5202 1788 5254 ὲν
1819 5201 1896 5273 τῷ

1993 5214 2114 5253 sum
2147 5209 2228 5253 est
2263 5211 2442 5254 autem
2473 5215 2576 5253 non
2604 5215 2722 5254 esse
2772 5197 3066 5269 potentiam
3089 5198 3141 5250 in
3178 5195 3323 5258 Deo;
3353 5209 3450 5248 nec
3478 5193 3577 5263 igi-

326 5281 466 5348 Θεῴ,
504 5283 613 5334 οὐδ’
647 5283 757 5351 ἄρα
797 5283 952 5353 ὓλην.

1991 5303 2083 5344 tur
2114 5301 2196 5344 est
2244 5291 2493 5344 materia.
2790 5277 2794 5284 ’

400 5371 464 5442 β’.
509 5375 569 5426 El
595 5375 626 5443 ἡ
655 5375 754 5444 ῦλη
787 5376 886 5427 οὐκ
912 5376 1058 5428 ἔστιν
1098 5378 1240 5448 ἀρχὴ
1281 5381 1562 5450 ποιητικὴ,
1593 5383 1624 5452 ή
1658 5381 1765 5448 γὰρ
1790 5382 1892 5452 ὕλη

2073 5382 2126 5434 2.
2159 5379 2386 5442 lterum,
2431 5381 2659 5433 materia
2724 5395 2830 5434 non
2860 5388 2941 5434 est
2986 5376 3180 5446 agendi
3208 5374 3566 5444 principium,

324 5471 419 5520 καὶ
459 5470 521 5520 τὲ
555 5470 743 5521 ποιοῦν
765 5471 1001 5539 διάφορα
1029 5473 1201 5536 αἴτια,
1243 5473 1382 5526 κατὰ
1414 5474 1505 5525 τὸν
1573 5475 1888 5542 φιλόσοφον,

1999 5486 2124 5524 nam
2159 5471 2380 5523 materia
2417 5481 2469 5523 et
2508 5470 2746 5524 elliciens
2767 5481 2892 5524 sunt
2915 5483 3097 5522 causa:
3125 5466 3460 5525 dilIerentcs,
3480 5478 3571 5516 se-

326 5554 396 5610 ὧι
429 5561 682 5630 θάτερον,
709 5561 740 5630 ἦ
773 5561 833 5613 τὸ
854 5559 996 5614 εἶναι
1020 5565 1301 5633 ποιητικὸν
1331 5565 1505 5617 αἴτιον
1531 5567 1796 5636 προσήκει
1816 5567 1891 5636 τῷ

2001 5564 2239 5616 eundum
2292 5563 2712 5630 philosophum,
2781 5576 3010 5629 quarum
3069 5561 3280 5628 prima,
3358 5558 3572 5610 scilicet

325 5650 443 5721 Θεῷ
469 5666 484 5680 ⁸
518 5655 616 5705 οὐκ
639 5654 747 5722 ἄρα
781 5655 927 5706 ἐστὶν
960 5653 1078 5724 ὕλη.

1999 5669 2160 5708 t'aUSu
2197 5651 2458 5723 elliciens,
2509 5651 2762 5708 convenit
2801 5651 2950 5717 Deo;
2995 5667 3099 5704 non
3131 5660 3364 5720 estergo
3398 5657 3575 5702 matc-

1998 5763 2096 5800 rta.

401 5895 511 5966 (15)
557 5895 732 5951 Locus
760 5904 1070 5964 corruptus.
