4064 6488
355 475 488 538 15213

1277 482 1375 542 DE
1415 480 1789 542 ESSENTIA
1832 481 1930 541 ET
1971 432 2482 541 OPERATIONE
2515 479 2669 542 DEI.

3456 473 3595 541 12H

353 589 553 657 δ-ῧμενα
585 587 715 660 περὶ
740 588 904 642 αὐτοῦ
938 592 1002 661 τῇ
1045 591 1166 662 θείᾳ
1187 593 1402 663 Γραφῇ.
1435 595 1670 663 Λέγεται
1697 595 1805 665 γὰρ
1853 597 1910 649 ὲν

2015 597 2312 651 secundum
2347 597 2397 651 id
2432 596 2570 666 quod
2627 594 2675 650 ei
2737 593 2986 649 attribuit
3052 591 3334 661 Scriptura
3393 605 3601 664 sacra;

352 679 428 747 τῷ
455 679 608 747 τόμῳ
642 680 844 750 πρώτῳ
869 679 964 732 τοῦ
1007 681 1164 734 Ἰώὸο
1200 701 1218 734 ι
1260 684 1322 735 El
1365 683 1512 754 ἔχεις
1551 683 1813 754 βραχίονα
1844 686 1919 748 ὡς

351 771 380 822 6
403 772 578 833 Θεός;
616 790 637 824 ι
669 772 764 824 καὶ
791 773 848 824 ὲν
894 775 1006 836 τοῖς
1033 775 1283 844 Ψαλμοῖς
1317 791 1334 808 ο
1403 795 1422 827 ι
1460 776 1760 845 Ὀφθαλμοὶ
1807 777 1920 830 Κυ-

355 862 474 931 ρίου
522 863 615 915 ὲπὶ
672 863 934 928 δικαίους,
969 864 1064 918 καὶ
1113 859 1226 918 ὦτα
1269 865 1434 919 αὐτοῦ
1491 869 1570 928 είς
1613 866 1799 934 δέησιν
1825 866 1919 918 αύ-

351 953 485 1006 τῶν.
521 972 539 1004 ι
575 955 764 1008 Ἔστιν
798 954 904 1024 ἄρα
932 955 1113 1026 σῶμα,
1141 958 1234 1010 καὶ
1264 958 1406 1011 κατά
1455 958 1515 1010 τὸ
1570 959 1718 1021 είκός
1771 961 1918 1013 ἐστιν

350 1046 411 1096 ἐν
463 1043 609 1116 ὕλησ
685 1049 807 1097 ἐπεὶ
858 1046 1010 1098 οὐδὲν
1059 1047 1216 1116 σῶμα
1274 1049 1502 1116 φυσικὸν
1571 1049 1700 1101 ἄνευ
1763 1049 1915 1119 ὕλης.

350 1137 546 1202 Λέγειν
585 1137 694 1205 γὰρ
724 1137 886 1190 αὑτὸν
913 1133 1053 1192 εἷναι
1106 1140 1266 1209 σῶμα
1318 1140 1703 1209 μαθηματικὸν
1743 1139 1916 1210 πάντη

338 1227 616 1294 ίάνόητονο
643 1228 802 1281 τοῦτο
834 1231 940 1298 γὰρ
971 1230 1069 1282 οὐκ
1123 1229 1240 1282 ἔστι
1289 1229 1414 1282 καθ’
1461 1230 1592 1281 αὐτὸ
1650 1231 1916 1300 ὑφεστὼς,

350 1320 464 1371 ἀλλ’
505 1321 561 1370 ὲν
597 1322 662 1389 τῇ
693 1321 904 1392 διανοίᾳ
941 1323 1138 1390 μόνως.

421 1407 482 1462 δ’.
514 1409 634 1462 Ἔτι
661 1410 730 1463 τὰ
765 1411 860 1464 τοῦ
880 1411 1092 1464 κεῖσθαι
1112 1411 1226 1481 είδη
1252 1413 1314 1465 o6
1338 1415 1607 1482 προσήκει
1633 1415 1681 1467 εί
1707 1413 1780 1483 μὴ
1807 1415 1920 1476 τοῖς

354 1502 602 1571 σώμασιν
635 1518 650 1534 ·
681 1505 710 1556 6
737 1503 792 1555 δὲ
821 1503 951 1566 Θεὸς
975 1502 1196 1570 λέγεται
1216 1505 1272 1557 ἐν
1303 1506 1424 1568 ταῖς
1459 1505 1632 1568 θείαις
1673 1506 1921 1575 Γραφατς

352 1593 588 1646 κεῖσθαι.
644 1593 879 1660 Λέγεται
925 1595 1034 1663 γὰρ
1078 1596 1136 1647 ὲν
1180 1595 1260 1664 τῷ
1321 1595 1414 1649 τοῦ
1449 1596 1682 1650 Ἥσαῖου
1727 1596 1870 1666 ἕκτῳ
1901 1611 1916 1626 ·

357 1701 375 1733 ι
422 1679 574 1735 Εἶδον
634 1686 726 1738 τὸν
774 1684 978 1755 Κύριον
1027 1687 1358 1758 καθήμενον.
1397 1707 1416 1740 ι
1471 1690 1581 1742 Καὶ
1636 1687 1869 1756 ἀλλαχοῦ
1903 1703 1918 1718 ο

358 1789 376 1823 ι
416 1773 586 1842 Ἐστη
620 1774 702 1837 είς
735 1774 920 1842 κρίσιν
966 1775 1192 1844 Κύριος.
1231 1794 1251 1828 ι
1281 1777 1468 1830 Ἔστιν
1527 1776 1635 1847 ἄρα
1697 1779 1726 1830 6
1790 1776 1920 1840 Θεὸς

351 1865 530 1934 σῶμα,
564 1867 662 1919 καὶ
693 1866 766 1920 τὰ
791 1867 1000 1922 λοιπά.

418 1962 481 2011 ε’.
529 1959 650 2010 Ἔτι
677 1959 832 2011 οὐδὲν
855 1959 1080 2013 δύναται
1107 1956 1246 2014 εἶναι
1288 1961 1460 2030 πέρας
1496 1959 1770 2030 σώματος,
1818 1963 1912 2030 ἀφ’

344 2042 426 2112 οῦ,
457 2049 489 2120 ἢ
526 2050 604 2112 είς
634 2049 682 2115 δ,
703 2051 750 2101 εί
785 2053 859 2120 μὴ
881 2052 963 2121 εἴη
992 2051 1172 2122 σῶμα.
1203 2053 1262 2105 '0
1283 2053 1340 2104 δὲ
1365 2053 1498 2113 Θεὸς
1521 2053 1738 2121 λέγεται
1773 2047 1913 2108 εῖναι

345 2141 518 2207 πέρας
557 2143 892 2210 σωματικὸν,
925 2145 1067 2196 κατὰ
1096 2143 1157 2196 τὸ
1201 2146 1258 2197 ἐν
1294 2146 1404 2208 τοῖς
1460 2145 1709 2214 Ψαλμοῖς
1764 2145 1918 2213 λεγό-

347 2249 510 2298 μενον
541 2248 554 2262 ⁸
589 2251 610 2284 ι
649 2234 986 2302 Προσέλθετε
1013 2235 1152 2305 πρὸς
1181 2235 1362 2300 αὑτὸν,
1394 2237 1488 2289 καὶ
1517 2237 1848 2306 φωτίσθητε.
1889 2255 1909 2288 ι

343 2324 454 2376 Καὶ
481 2323 556 2386 ὠς
585 2324 678 2392 ἀφ’
698 2318 780 2389 οὗ,
810 2327 953 2380 κατὰ
981 2326 1151 2380 τὸτοῦ
1187 2327 1451 2396 Ἱερεμίου
1484 2329 1542 2380 ὲν
1572 2327 1650 2396 τῷ
1678 2326 1765 2392 ιζ’·
1798 2346 1817 2379 ‹
1851 2329 1913 2382 Ol

345 2415 706 2484 ἀφιστάμενοι
739 2417 847 2471 ἀπὸ
888 2417 982 2470 σοῦ
1012 2419 1070 2470 ὲν
1096 2420 1174 2488 γῇ
1212 2420 1614 2489 τραφήσονται.
1651 2437 1670 2471 ι
1698 2418 1758 2474 Ὀ
1781 2421 1915 2483 θεὸς

341 2505 451 2576 ἀρα
481 2507 662 2577 σῶμα,
703 2510 796 2562 καὶ
822 2507 956 2572 εἶδος
977 2511 1034 2563 ὲν
1060 2510 1181 2582 ὕλῃ.

949 2691 1313 2760 Ἀπόκρισις.

429 2784 672 2855 Ῥητέον,
702 2786 784 2840 ὅτι
811 2788 838 2840 ό
866 2785 1227 2852 Αὐγουστϊνος
1267 2787 1326 2838 ὲν
1371 2783 1448 2854 τῷ
1479 2785 1681 2857 πρώτῳ
1746 2803 1916 2853 κεφα-

338 2879 480 2947 λαίῳ
513 2875 607 2932 τδῦ
658 2879 789 2948 περὶ
816 2879 1048 2948 Τριάδος
1078 2878 1302 2949 πρώτου
1359 2878 1568 2948 βιϐλίου
1599 2879 1782 2949 φησὶν,
1830 2881 1912 2933 ὅτι

343 2973 377 3037 ἡ
412 2973 524 3034 τοῖς
554 2970 775 3039 νηπίοις
822 2970 1140 3042 ἁρμόζουσα
1201 2971 1322 3023 Θεία
1381 2969 1573 3040 Γραφὴ
1629 2971 1913 3040 οὐδέτερον

338 3063 448 3115 τῶν
479 3065 534 3114 ἐν
566 3064 679 3125 τοῖς
701 3057 820 3115 οὖσι
845 3063 1001 3129 γένος
1055 3062 1266 3130 ῥήσεων
1307 3061 1570 3127 ἐξέκλινε,
1603 3061 1664 3114 τδ
1686 3061 1794 3114 τῶν
1813 3079 1916 3114 σω-

344 3153 594 3219 ματικῶν
623 3154 716 3205 καὶ
738 3152 966 3220 νοητῶν,
997 3149 1058 3215 ἐξ
1088 3145 1162 3207 ὧν
1199 3151 1274 3213 ὡς
1303 3151 1591 3219 κλιμάκων
1642 3153 1671 3204 6
1711 3152 1913 3222 ήμέτε-

2023 689 2222 744 dicitur
2248 689 2390 744 enim
2429 690 2482 742 in
2515 686 2932 757 quadragesimo
2974 685 3149 754 primo
3177 683 3278 739 Job
3303 700 3322 738 :
3360 703 3377 736 ι
3412 683 3468 739 Si
3500 688 3598 738 ha-

2023 783 2119 835 bes
2149 779 2432 834 brachium
2460 789 2517 833 ut
2553 779 2692 833 Deus
2715 778 2783 830 ’ί
2819 796 2836 828 ι
2873 785 2924 830 et
2949 779 3002 830 in
3045 777 3276 831 Psalmis
3306 793 3320 830 :
3365 795 3383 828 ι
3440 773 3594 832 Oculi

2022 871 2233 926 Domini
2253 870 2624 941 superjustos.
2645 879 2872 925 etaures
2890 869 3006 937 ejus
3029 868 3083 921 in
3104 883 3289 936 preces
3305 882 3492 921 eorum
3511 867 3552 920 ⁸.
3570 885 3591 918 ι

2022 963 2117 1017 Est
2157 964 2322 1030 igitur
2346 978 2567 1032 corpus,
2597 973 2649 1016 et
2681 971 3078 1027 consequenter
3103 967 3186 1014 est
3229 960 3280 1012 in
3320 958 3551 1012 materia
3575 998 3590 1023 ,

2022 1053 2148 1124 quia
2209 1053 2415 1107 nullum
2455 1059 2538 1107 est
2584 1065 2784 1117 corpus
2821 1049 3102 1118 physicum
3164 1049 3282 1102 sine
3318 1047 3541 1100 materia
3577 1063 3591 1109 ;

2021 1160 2145 1199 nam
2163 1145 2342 1199 dicere
2367 1159 2488 1197 eum
2508 1156 2628 1196 esse
2642 1155 2838 1207 corpus
2867 1137 3308 1191 mathematicum
3364 1145 3446 1190 est
3477 1149 3597 1187 om-
3630 1146 3641 1155 ο

2022 1237 2156 1293 nino
2179 1236 2499 1300 absurdum,
2525 1235 2628 1287 hoc
2657 1232 2804 1287 enim
2828 1246 2937 1285 non
2960 1237 3040 1284 est
3067 1243 3164 1299 per
3185 1242 3243 1282 se
3265 1227 3592 1290 subsistens,

2022 1329 2116 1384 sed
2152 1327 2208 1382 in
2232 1327 2512 1381 intellectu
2543 1335 2778 1379 tantum.

2091 1420 2148 1476 4.
2214 1420 2462 1487 Insuper,
2503 1432 2565 1471 ea
2605 1431 2727 1486 qua;
2788 1413 2855 1468 ad
2913 1413 3075 1469 situm
3128 1411 3426 1482 pertinent,
3489 1423 3596 1462 non

2023 1509 2356 1565 conveniunt
2375 1507 2479 1562 nisi
2519 1505 2866 1575 corporibus.
2895 1502 3036 1557 Deus
3071 1511 3252 1556 autem
3307 1498 3510 1554 dicitur
3539 1497 3596 1550 in

2022 1599 2221 1655 divinis
2253 1597 2557 1666 Scripturis
2609 1596 2773 1650 situm
2827 1593 3070 1656 habere;
3121 1591 3319 1645 dicitur
3345 1588 3489 1642 enim
3541 1588 3596 1639 in

2022 1699 2175 1746 sexto
2227 1689 2417 1745 Isaiae:
2459 1707 2477 1740 ι
2538 1687 2658 1742 Vidi
2716 1687 3005 1740 Dominum
3078 1684 3353 1740 sedentem
3379 1681 3420 1742 ⁸,
3459 1698 3478 1730 ι
3543 1689 3598 1732 et

2023 1781 2191 1837 alibi:
2221 1800 2240 1833 ι
2277 1780 2396 1836 Stat
2426 1783 2491 1835 ad
2513 1779 2864 1851 iudicandum
2923 1753 3185 1832 Dominus
3219 1774 3238 1806 '
3269 1811 3287 1839 ,
3325 1791 3343 1823 ι
3369 1783 3426 1826 et
3463 1771 3595 1826 reli-

2023 1887 2152 1943 qua.
2183 1871 2326 1939 Ergo
2376 1872 2516 1925 Deus
2559 1877 2642 1925 est
2673 1883 2893 1935 corpus.

2089 1966 2142 2020 5.
2168 1965 2432 2033 Denique,
2464 1964 2603 2018 nihil
2633 1971 2810 2031 potest
2837 1976 2958 2017 esse
2988 1961 3255 2016 terminus
3293 1956 3596 2027 corporalis

2015 2071 2045 2110 a
2093 2071 2203 2124 quo
2235 2055 2320 2108 vel
2367 2053 2434 2109 ad
2469 2068 2656 2124 quem,
2703 2053 2806 2108 nisi
2852 2052 2925 2107 sit
2981 2065 3200 2120 corpus.
3233 2048 3376 2102 Deus
3412 2056 3592 2101 autem

2014 2148 2212 2203 dicitur
2257 2161 2378 2202 esse
2420 2146 2686 2200 terminus
2734 2143 3061 2212 corporalis,
3091 2141 3392 2196 secundum
3445 2139 3592 2207 quod

2015 2239 2215 2293 dicitur
2245 2239 2298 2291 in
2344 2236 2576 2292 Psalmis
2601 2254 2634 2289 ι·
2656 2255 2675 2287 ι
2707 2234 2962 2291 Accedite
2991 2233 3057 2287 ad
3098 2247 3245 2295 eum,
3277 2240 3334 2284 et
3385 2229 3592 2282 illumi-

2014 2332 2218 2388 namini
2246 2349 2261 2397 ;
2291 2351 2312 2384 ι
2344 2339 2398 2386 et
2439 2339 2500 2384 ut
2551 2329 2816 2384 terminus
2861 2341 2891 2380 a
2933 2339 3062 2394 quo,
3115 2321 3413 2377 secundum
3461 2318 3593 2371 illud

2013 2422 2263 2478 Jeremia-
2294 2422 2348 2475 in
2375 2421 2553 2490 capite
2591 2420 2813 2474 decimo
2862 2415 3091 2484 septimo
3125 2431 3139 2466 :
3192 2429 3211 2463 ι
3255 2410 3592 2466 Recedentes

2015 2527 2048 2566 a
2079 2521 2151 2577 te,
2183 2512 2236 2564 in
2268 2521 2408 2565 terra
2435 2508 2766 2564 scribentur.
2802 2523 2825 2556 ι
2855 2504 2996 2574 Ergo
3052 2502 3194 2556 Deus
3224 2507 3309 2553 est
3357 2511 3578 2566 corpus,

2015 2611 2068 2657 et
2101 2602 2276 2656 forma
2305 2601 2362 2656 in
2393 2599 2642 2655 materia.

2277 2699 2285 2705 ’
2645 2685 2955 2757 Responsio.

2092 2784 2389 2840 Dicendum
2441 2789 2526 2836 est
2575 2779 2719 2850 quod
2773 2774 3114 2846 Augustinus
3172 2772 3229 2827 in
3271 2771 3448 2841 primo
3499 2782 3592 2824 ca-

2013 2878 2126 2947 pite
2173 2875 2337 2943 primi
2382 2871 2509 2927 libri
2563 2871 2640 2924 De
2674 2868 2934 2924 Trinitate
2962 2866 3134 2922 dicit:
3190 2883 3209 2916 ι
3251 2863 3321 2918 Se
3367 2860 3591 2916 infanti.

2013 2970 2119 3024 bus
2148 2963 2568 3021 accommodans
2599 2960 2784 3014 divina
2815 2957 3118 3026 Scriptura,
3159 2954 3369 3008 nullum
3419 2967 3592 3022 genus

2015 3058 2308 3114 verborum
2364 3055 2431 3108 ad
2492 3059 2773 3108 creaturas
2838 3046 3222 3117 pertinentium
3271 3043 3587 3104 declinavit,

2017 3149 2131 3206 sive
2151 3145 2544 3216 corporalium,
2567 3143 2681 3198 sive
2720 3138 3113 3210 spiritualium,
3141 3151 3171 3191 e
3202 3135 3402 3204 quibus
3437 3134 3583 3188 velut

341 3262 433 3313 pa;
457 3244 584 3309 νοῦς
630 3246 769 3312 πρὸς
792 3243 861 3296 τὰ
895 3245 1015 3296 θεῖα
1045 3244 1139 3296 καὶ
1189 3242 1500 3312 ὑψηλότερα
1547 3244 1911 3312 ἐρειδόμενος,

2017 3256 2048 3296 e
2075 3238 2334 3310 gradibus
2361 3247 2546 3290 nostra
2573 3247 2729 3288 mens
2759 3232 2825 3285 ad
2850 3231 3030 3284 divina
3066 3237 3120 3284 et
3152 3227 3346 3281 altiora
3369 3225 3584 3279 enitens

335 3335 600 3405 ἀναϐαίη.
637 3335 748 3388 Καὶ
779 3335 889 3403 γὰρ
920 3333 1016 3387 καὶ
1046 3335 1289 3402 ῥήμασιν
1320 3333 1383 3386 ἐκ
1432 3330 1543 3387 τῶν
1583 3335 1913 3404 σωματικῶν

337 3426 686 3498 πραγμάτων
718 3425 972 3496 ληφθεῖσι
1005 3425 1377 3494 συνεχρήσατο
1431 3426 1561 3494 περ).
1617 3425 1752 3478 Θεοῦ
1801 3426 1914 3478 δια-

335 3519 609 3590 λεγομένη
642 3535 659 3551 ο
679 3517 866 3587 ὥσπερ
889 3519 1074 3588 φησὶν,
1105 3536 1124 3569 ι
1168 3519 1258 3569 Ἐν
1286 3517 1463 3588 σκέπῃ
1486 3517 1595 3569 τῶν
1627 3517 1913 3584 πτερύγων

338 3629 438 3664 σου
471 3609 766 3672 σκεπάσεις
800 3623 888 3676 με,
928 3625 948 3658 ι
1007 3609 1099 3660 καὶ⁹
1133 3606 1233 3675 τῆς
1267 3607 1464 3673 νοητῆς
1495 3605 1726 3668 κτίσεως
1755 3605 1905 3657 πλεῖ-

340 3721 442 3756 στα
478 3702 815 3771 μετήνεγκεν
847 3692 927 3759 οἷς
956 3696 1023 3750 ἂν
1050 3697 1312 3765 δηλώσειε
1346 3697 1406 3749 τὸ
1440 3697 1514 3766 μὴ
1538 3695 1709 3754 οὕτως
1741 3696 1908 3764 ἔχειν,

334 3793 452 3846 ἀλλ’
481 3791 624 3845 οὕτω
665 3790 921 3859 λεχθῆναι
950 3787 1214 3856 ὀφείλειν,
1239 3787 1316 3844 ὡς
1349 3788 1413 3839 τό
1447 3801 1460 3815 '
1533 3805 1552 3838 ι
1606 3785 1746 3855 Ἑγώ
1794 3789 1908 3855 είμι

333 3882 535 3952 ζηλῶν,
569 3882 664 3935 καὶ
689 3878 1174 3950 μεταμεμέλημαι.
1215 3895 1233 3928 ι
1266 3877 1346 3930 Τά
1402 3876 1584 3945 μέντοι
1639 3877 1941 3946 λεγόμενα·

333 3977 544 4047 κυρίως
571 3975 663 4027 ἐπὶ
682 3971 842 4034 Θεοῦ,
875 3973 971 4026 καὶ
1001 3975 1059 4025 ὲν
1090 3971 1331 4041 μηδεμιᾷ
1363 3971 1734 4038 εὑρισκόμενα
1788 3970 1910 4023 κτί-

333 4085 442 4131 σει,
468 4064 712 4126 σπανίως
737 4063 951 4130 τίθησιν
977 4064 1010 4131 ή
1048 4061 1262 4130 Γραφή.
1315 4060 1486 4122 Οὗτος
1521 4062 1618 4130 μὲν
1658 4058 1748 4112 οὖν
1776 4061 1908 4128 μίαν

329 4151 678 4205 ἀποδέδωκεν
706 4148 884 4203 αἰτίαν
909 4149 1008 4218 τῆς
1058 4151 1305 4219 χρήσεως
1337 4147 1447 4201 τῶν
1495 4149 1753 4201 τοιούτων
1787 4149 1906 4203 ὀνο-

331 4240 548 4308 μάτων.

420 4332 477 4384 '0
503 4331 560 4384 δὲ
608 4332 884 4393 Διονύσιος
917 4332 1056 4398 πρὸς
1081 4329 1289 4398 ταύτην
1326 4329 1423 4383 καὶ
1469 4330 1665 4402 ἑτέρας
1712 4330 1907 4385 ἀποδέ-

329 4425 528 4477 δωκεν.
561 4422 734 4473 Ὅταν
761 4421 870 4489 γὰρ
899 4419 1034 4492 λέγῃ
1057 4421 1132 4489 μὴ
1165 4420 1392 4474 δυνατὸν
1423 4417 1565 4474 εἶναι
1623 4422 1717 4474 τὸν
1771 4421 1902 4492 apt.

329 4532 492 4584 τερον
523 4511 650 4566 νοῦν
674 4513 810 4580 πρὸς
834 4513 933 4580 τὴν
965 4511 1128 4565 ἀῦλον
1182 4511 1400 4578 ἐκείνην
1438 4513 1742 4582 ἀναχθῆναι
1795 4513 1902 4566 τῶν

329 4605 603 4673 οὐρανίων
635 4603 929 4673 ἱεραρχιῶν
960 4602 1194 4672 μίμησιν
1230 4603 1324 4655 καὶ
1356 4601 1610 4673 θεωρίαν,
1645 4605 1692 4654 εί
1723 4602 1797 4672 μὴ
1834 4607 1900 4672 τῇ

331 4698 455 4750 κατ’
486 4695 648 4749 αὐτὸν
677 4693 1016 4764 χειραγωγίᾳ
1043 4696 1327 4764 χρήσαιτο,
1368 4695 1569 4747 ταυτὸν
1618 4696 1735 4753 πῶς
1763 4696 1912 4748 δοκεῖ

330 4787 515 4853 λέγειν
579 4784 653 4852 τῷ
685 4782 1068 4851 Δύγουστίνῳο
1103 4782 1240 4848 μετά
1269 4782 1325 4833 δὲ
1355 4781 1516 4832 τοῦτο
1561 4781 1655 4833 καὶ
1703 4781 1908 4852 ἐτέρων

333 4878 567 4928 ᾶπτεται
596 4892 611 4907 ο
664 4870 775 4926 οἷον
803 4874 863 4926 τὸ
887 4873 1104 4942 πρέπον
1137 4866 1416 4936 εἶναιτοῖς
1469 4875 1766 4938 μυστικοῖς
1815 4873 1906 4926 λό-

331 4985 452 5034 γοις
488 4966 548 5018 τὸ
573 4964 639 5017 δι’
666 4964 996 5034 ἀπορρήτων
1043 4963 1138 5016 καὶ
1178 4961 1340 5032 ἱερῶν
1384 4963 1726 5032 αἰνιγμάτων
1770 4964 1904 5016 ἀπο-

334 5057 700 5123 κρύπτεσθαι,
730 5057 825 5107 καὶ
859 5055 1060 5108 ἄϐατον
1098 5056 1212 5114 τοῖς
1258 5053 1475 5116 πολλοῖς
1526 5053 1732 5106 τιθέναι
1803 5054 1904 5125 τὴν

337 5147 493 5216 ίεράν
521 5147 614 5198 καὶ
640 5145 879 5215 κρυφίαν
911 5144 1302 5214 ὑπερκοσμίων
1333 5146 1470 5197 νόων
1517 5144 1797 5214 ἀλήθειαν.

409 5240 530 5291 Ἔτι
569 5238 751 5307 τρίτον
777 5237 1067 5290 ἀποδίδωσι
1101 5236 1201 5302 τῆς
1231 5236 1478 5307 χρήσεως
1512 5237 1618 5288 τῶν
1648 5237 1906 5290 τοιούτων

331 5330 612 5400 ὀνομάτων
642 5329 820 5398 λόγον,
839 5329 935 5397 τὴν
957 5327 1211 5381 ὁπωσοῦν
1226 5329 1520 5398 ὁμοιότητα
1562 5329 1668 5381 τῶν
1702 5346 1905 5397 σημαι-

332 5421 575 5491 νομένων
616 5421 682 5474 δι’
717 5420 895 5473 αὐτῶν
936 5421 1279 5489 πραγμάτων
1326 5420 1462 5492 πρὸς
1496 5419 1586 5473 τὸν
1603 5420 1910 5490 Θεόν.Φησὶ

333 5515 442 5585 γάρ
471 5510 612 5566 εἶναι
646 5512 820 5564 ταῦτα
867 5513 1031 5564 οἱονεὶ⁸
1079 5512 1421 5583 ἀπηχήματα
1464 5514 1564 5581 τῇς
1621 5511 1770 5582 ίερᾶς
1816 5513 1906 5564 εὐ-

335 5606 639 5668 πρεπείας·
675 5605 800 5657 ὅθεν
846 5605 942 5658 καὶ
990 5605 1214 5657 δυνατὸν
1260 5603 1331 5657 δι’
1377 5604 1557 5658 αὐτῶν
1603 5604 1901 5673 ἀνάγεσθαι

337 5697 473 5765 πρὸς
503 5696 602 5759 τὰς
653 5697 852 5758 ἀΰλονς
885 5698 1243 5766 ἁρχετυπίας.

406 5883 427 5913 ¹¹
455 5877 576 5932 Job.
603 5895 692 5943 IL,
725 5880 776 5933 Ιι.
855 5879 875 5910 ⁸
904 5877 1043 5934 Psal.
1085 5896 1278 5947 XXVIII,
1323 5881 1408 5937 16.
1486 5881 1506 5914 ⁸
1546 5881 1649 5939 lsa.
1681 5899 1753 5950 vt,
1791 5884 1842 5940 1.

1952 5883 1974 5914 ⁸
2013 5883 2116 5938 lsa.
2148 5898 2229 5948 lli,
2259 5883 2343 5938 15.

2019 3328 2320 3386 ascendat:
2373 3340 2498 3379 nam
2553 3322 2734 3377 verbis
2783 3318 2814 3374 ό
2859 3318 3236 3389 corporalibus
3298 3317 3458 3370 rebus
3489 3315 3587 3369 de-

2018 3419 2250 3486 sumptis
2277 3417 2448 3471 utitur
2480 3415 2549 3470 de
2586 3413 2698 3469 Deo
2728 3413 2978 3482 loquens,
3036 3411 3179 3466 sicut
3231 3409 3399 3464 dicit:
3436 3427 3456 3460 ι
3529 3406 3586 3461 In

2015 3508 2320 3562 velamento
2353 3505 2563 3558 alarum
2588 3517 2806 3556 tuarum
2828 3511 3078 3570 protech
3115 3513 3202 3552 me
3227 3497 3246 3527 ⁸
3272 3534 3287 3551 .
3318 3515 3339 3548 ι
3395 3498 3459 3550 Ει
3489 3496 3580 3549 in-

2015 3598 2400 3654 tellectualium
2430 3603 2804 3650 creaturarum
2838 3593 3127 3663 plerasque
3160 3589 3408 3659 designat
3461 3603 3601 3648 me-,

1972 3694 1976 3697 ’
2014 3690 2258 3760 taphoris
2313 3689 2514 3758 quibus
2543 3685 2785 3741 ostendit
2837 3699 2931 3739 eas
2990 3697 3101 3738 non
3138 3681 3218 3736 sic
3250 3695 3309 3735 se
3362 3680 3584 3745 habere,

2012 3783 2105 3837 sed
2138 3781 2219 3838 sic
2247 3779 2355 3835 dici
2379 3780 2600 3843 debere,
2639 3787 2697 3833 ut
2729 3785 2813 3833 est
2847 3775 2978 3830 illud
3006 3792 3020 3828 :
3060 3793 3078 3826 ι
3134 3772 3248 3842 Ego
3280 3788 3399 3828 sum
3434 3770 3584 3825 zelo-

2010 3882 2090 3944 tes
2117 3874 2136 3903 ⁷
2169 3913 2184 3939 ,
2225 3891 2244 3926 ι
2265 3883 2318 3928 et
2341 3872 2469 3926 illud
2497 3893 2512 3924 :
2545 3889 2565 3922 ι
2602 3870 2685 3925 Me
2708 3870 2951 3940 panitet.
2994 3885 3013 3920 ›
3040 3854 3171 3933 Quae
3197 3880 3324 3921 vero
3369 3863 3587 3934 proprie

2009 3964 2266 4019 dicuntur
2297 3963 2365 4018 de
2403 3962 2515 4016 Deo
2545 3971 2599 4017 et
2645 3963 2698 4016 in
2753 3961 2900 4015 nulla
2939 3960 3282 4029 reperiuntur
3315 3964 3586 4021 creatura,

2010 4073 2133 4129 raro
2167 4057 2313 4124 ponit
2365 4053 2668 4124 Sc-riptura.
2711 4053 2803 4107 Ille
2834 4053 3002 4122 igitur
3025 4053 3214 4106 doctor
3239 4064 3404 4103 unam
3431 4047 3590 4101 παρη
3642 4083 3647 4090 ς

2009 4157 2229 4196 causam
2278 4157 2375 4196 cur
2414 4142 2777 4195 adhibeantur
2808 4141 3121 4212 huiusmodi
3157 4139 3401 4194 nomina.

2081 4334 2375 4406 Dionysius
2433 4334 2571 4388 alias
2629 4341 2823 4400 praeter
2859 4333 3012 4385 hanc‘
3030 4330 3231 4386 subdit.
3265 4330 3399 4383 Cum
3436 4326 3582 4381 enim

2007 4426 2140 4480 dicit
2169 4441 2273 4480 non
2301 4438 2461 4494 posse
2488 4423 2818 4477 intellectum
2851 4435 3096 4476 nostrum
3148 4420 3215 4474 ad
3253 4419 3586 4473 immateria-

2009 4516 2112 4571 lem
2146 4515 2290 4568 illam
2317 4513 2470 4568 evehi
2511 4512 2808 4568 ccelestium
2849 4511 3276 4566 hierarcbiarum
3318 4508 3583 4562 imitatio-

2013 4624 2134 4662 nem
2188 4617 2241 4661 ct
2292 4605 2825 4674 contemplationem,
2868 4604 2971 4658 nisi
3001 4602 3426 4658 manuductione
3479 4600 3583 4653 sibi

2006 4715 2246 4769 congrua
2281 4709 2488 4762 utatur,
2525 4698 2666 4752 idem
2699 4696 3100 4766 quodammodo
3153 4696 3367 4749 videtur
3401 4692 3596 4757 dicere,

2003 4807 2166 4861 quam
2218 4791 2574 4861 Augustinus.
2634 4789 2829 4844 Postea
2865 4804 2988 4843 vero
3019 4789 3122 4842 alia
3175 4787 3391 4856 tangit;
3424 4787 3578 4851 dicit,

2002 4885 2151 4939 verbi
2178 4885 2370 4953 gratia,
2397 4881 2689 4938 convenire
2738 4881 2996 4950 mysticos
3068 4894 3347 4934 sermones
3379 4879 3579 4931 abditis

2001 4986 2055 5031 et
2076 4975 2246 5031 sacris
2271 4973 2650 5044 aenigmatibus
2682 4972 2907 5037 involvi,
2960 4979 3016 5024 et
3045 4973 3247 5024 inviam
3303 4969 3581 5037 plerisllue

2003 5063 2116 5117 ﬁeri
2169 5076 2378 5116 sacram
2412 5069 2466 5115 et
2504 5059 2879 5115 absconditam
2929 5059 3231 5115 caelestium
3284 5057 3577 5126 spirituum

2004 5155 2310 5209 veritatem.

2079 5243 2270 5298 Adhuc
2296 5243 2512 5297 tertiam
2545 5241 2722 5296 reddit
2751 5242 3013 5296 rationem
3062 5237 3434 5306 usurpationis
3483 5237 3584 5290 hu-

2004 5333 2240 5403 iusmodi
2277 5335 2584 5396 nominum.
2612 5335 2756 5405 quod
2783 5349 2976 5402 nempe
3011 5348 3097 5386 res
3127 5344 3224 5400 per
3263 5330 3376 5382 [nec
3407 5329 3579 5399 signi-

2012 5430 2180 5481 licatte
2207 5426 2447 5496 aliquam
2510 5427 2745 5481 habeant
2801 5440 2926 5480 cum
2961 5423 3071 5478 Deo
3116 5420 3526 5476 similitudinem
3560 5438 3574 5473 :

2006 5516 2137 5570 dicit
2165 5516 2309 5570 enim
2345 5531 2437 5570 eas
2469 5531 2587 5569 esse
2615 5516 2762 5570 velut
2791 5515 2988 5570 divina:
3027 5511 3457 5583 pulchritudinis
3488 5526 3576 5566 re-

2003 5623 2318 5675 percussus,
2377 5608 2576 5677 quibus
2602 5607 2831 5677 proinde
2857 5613 3037 5676 potest
3093 5604 3248 5659 reﬂui
3283 5605 3347 5660 ad
3382 5604 3577 5658 imma-

2002 5699 2220 5754 teriales
2252 5699 2593 5770 archetypos.

2424 5884 2442 5913 ⁸
2474 5881 2617 5937 Ρδιιι.
2651 5897 2760 5951 xvi,
2789 5881 2873 5936 18.
2949 5881 2970 5914 ⁷
2999 5879 3176 5938 Exod.
3209 5896 3392 5950 xxxiv,
3428 5877 3517 5937 ﬂ.
