4064 6460
539 487 549 530 ι
593 424 729 490 12ἳ5

585 643 874 687 versentur
902 632 1162 697 scientiae,
1197 647 1427 704 quaeque
1481 647 1662 692 tamen
1696 648 1946 693 versatur
1971 655 2170 694 secun-

585 723 714 777 dum
779 725 1054 792 propriam
1137 740 1294 780 suam
1373 728 1661 794 rationem,
1734 730 1876 785 sicut
1947 733 2169 802 physira

585 823 640 869 et
699 816 1083 872 mathematica
1143 829 1440 876 versantur
1517 822 1667 877 circa
1731 837 1985 905 corpora,
2074 825 2168 879 sed

589 923 696 962 una
757 909 812 963 in
894 911 1125 965 materia
1200 914 1542 982 considerat,
1597 916 1767 972 altera
1847 933 1875 972 a
1936 919 2167 974 materia

583 1000 858 1056 abstrahit
892 997 905 1067 ξ
949 1005 1078 1058 item
1109 1003 1358 1062 medicus
1394 1015 1448 1063 et
1481 1009 1792 1080 astrologus
1829 1010 1895 1066 de
1929 1012 2168 1067 sanitate

537 1100 542 1105 ‘
578 1090 852 1166 iudicant,
908 1096 1002 1149 sed
1051 1099 1363 1168 astrologus
1425 1115 1456 1154 e
1505 1102 1889 1171 superioribus
1939 1105 2164 1172 causis,

583 1184 795 1239 scilicet
848 1200 879 1244 ο
931 1187 1176 1243 siderum
1235 1189 1592 1261 inspectione,
1650 1193 1897 1249 medicus
1952 1210 2082 1250 vero
2136 1211 2167 1247 ο

584 1276 956 1344 propioribus,
1012 1280 1222 1336 scilicet
1267 1297 1330 1336 ex
1383 1283 1432 1337 vi
1489 1284 1740 1355 corporis
1776 1287 2078 1343 laborantis
2109 1295 2165 1341 et

583 1371 762 1424 morbi
799 1387 814 1423 :
854 1372 1207 1429 manifestum
1248 1385 1333 1430 est
1392 1377 1539 1445 quod
1599 1378 1853 1449 theologo
1904 1380 2044 1434 idem
2083 1391 2168 1436 est

580 1462 857 1532 objectum
911 1467 1180 1535 scientiae,
1246 1484 1414 1538 quam
1476 1470 1705 1541 physico
1761 1483 1816 1528 et
1860 1475 2166 1530 mathema-

581 1555 716 1619 tico,
751 1557 899 1611 verbi
960 1560 1157 1628 gratia,
1189 1562 1579 1629 dimensiones,
1609 1565 1793 1632 ﬁgurae
1827 1577 1876 1621 et
1911 1570 2165 1638 pr0posi-

579 1645 782 1710 tiones,
805 1648 897 1703 sed
926 1663 1032 1704 nou
1062 1656 1362 1707 secundum
1395 1656 1640 1710 eamdem
1669 1657 1936 1712 rationem
1989 1663 2052 1715 de
2079 1661 2165 1716 his

575 1734 858 1806 iudicant;
881 1742 975 1798 sed
997 1743 1073 1796 illi
1099 1744 1318 1813 quidem
1357 1747 1426 1802 de
1447 1764 1634 1803 earum
1667 1752 1897 1808 scientia
1930 1755 2163 1824 quisque

581 1831 800 1897 [repria
836 1834 1084 1903 inquirit,
1116 1847 1172 1890 ut
1197 1838 1402 1893 dictum
1432 1849 1536 1907 cst,
1568 1842 1856 1913 theologus
1882 1861 2012 1901 vero
2041 1863 2162 1915 qua:

575 1921 690 1975 sint
719 1938 784 1976 ex
816 1923 947 1988 Deo,
982 1936 1035 1980 et
1082 1929 1134 1982 in
1189 1928 1301 1983 Deo
1351 1941 1404 1987 et
1434 1932 1501 1986 ad
1545 1933 1738 1998 Deum,
1791 1944 1846 1990 et
1887 1938 2161 2004 quomodo

575 2027 702 2066 eum
764 2016 1130 2073 manilestent.
1173 2021 1308 2085 Quia
1349 2020 1534 2090 igitur,
1589 2025 1717 2080 licet
1771 2042 1937 2082 omne
1994 2044 2162 2096 agens

576 2117 706 2173 agat
740 2107 843 2160 sibi
873 2110 1072 2177 simile,
1107 2113 1458 2184 aliquatenus
1500 2128 1678 2172 tamen
1712 2121 1820 2174 alia
1870 2118 2003 2175 facit
2033 2123 2160 2175 uni-

575 2210 728 2262 voce,
762 2207 816 2252 et
846 2199 954 2255 alia
982 2203 1286 2271 :equivoce,
1321 2223 1442 2276 qua:
1489 2220 1672 2264 autem
1703 2211 1981 2280 mquivoca
2032 2222 2161 2268 sunt

575 2292 805 2346 multum
825 2293 1082 2350 dill‘erunt
1098 2299 1394 2354 secundum
1414 2302 1753 2371 superiorem
1773 2313 1825 2358 et
1845 2305 2156 2360 inferiorem

573 2383 841 2438 rationem
871 2402 885 2441 :
912 2387 1266 2444 manifestum
1291 2399 1374 2447 est
1401 2393 1568 2461 quod,
1591 2395 1844 2464 quamvis
1871 2395 2160 2467 theologus

574 2473 842 2529 attribuat
865 2475 997 2542 Deo,
1040 2479 1132 2547 qui
1164 2488 1246 2534 est
1283 2495 1448 2535 causa
1500 2483 1740 2540 elﬁciens
1772 2485 2016 2540 omnium
2051 2503 2158 2542 non

577 2564 958 2633 univocorum,
1011 2570 1235 2639 ﬁguras,
1299 2574 1693 2643 dimensiones,
1733 2580 2156 2647 propositiones,

571 2667 627 2710 et
655 2657 760 2711 alia
795 2659 1131 2730 ltujusmodi,
1167 2681 1273 2719 non
1305 2677 1487 2723 tamen
1551 2671 1804 2726 attribuit
1833 2682 1890 2728 ut
1945 2683 2074 2728 sunt
2104 2675 2157 2728 in

569 2750 792 2819 seipsis,
842 2755 936 2809 sed
970 2765 1029 2809 ut
1063 2767 1190 2814 sunt
1221 2759 1274 2814 in
1313 2759 1422 2816 Deo
1467 2771 1523 2818 et
1550 2764 1789 2834 aliquam
1828 2781 1951 2821 cum
1982 2783 2048 2822 eo
2081 2768 2159 2823 l‘e—

569 2852 698 2899 runt
724 2847 1136 2904 similitudinem
1168 2871 1181 2919 ;
1216 2853 1287 2909 ita
1329 2865 1386 2908 ut
1417 2858 1640 2912 nomina
1673 2867 1886 2914 tantum
1939 2861 2159 2917 sintea-

567 2937 690 2990 dem
722 2939 832 2994 Deo
859 2937 921 2995 et
940 2949 1230 3012 creaturis,
1285 2964 1371 3004 res
1413 2965 1547 3004 vero
1600 2967 1698 3020 per
1746 2969 1810 3006 ea
1861 2954 2156 3023 designatae

566 3031 794 3086 omnino
817 3033 1075 3091 differant
1096 3040 1399 3095 secundum
1423 3043 1826 3112 superioritatis
1849 3055 1902 3100 et
1928 3046 2157 3103 inferio-

567 3122 744 3178 ritatis
769 3126 1036 3180 rationem
1065 3147 1078 3183 :
1111 3145 1232 3183 nam
1271 3149 1392 3201 quze
1419 3145 1549 3189 sunt
1592 3135 1645 3188 in
1689 3135 1990 3202 effectibus,
2025 3151 2155 3196 sunt

566 3216 873 3271 eminenter
908 3219 959 3272 in
991 3221 1195 3287 causis,
1221 3224 1378 3292 juxta
1411 3241 1668 3296 magnum
1702 3228 2040 3299 Dionysium.

636 3401 717 3452 Ad
752 3398 989 3468 primum
1025 3417 1154 3471 ergo
1199 3403 1485 3460 dicendum
1513 3407 1657 3476 quod
1687 3424 1843 3465 sacra
1870 3410 2152 3482 Scriptura

567 3491 736 3545 tradit
780 3493 936 3548 nobis
979 3497 1283 3563 spirituaiia
1331 3508 1383 3551 et
1415 3499 1600 3554 divina
1635 3501 1737 3554 sul)
1777 3503 2153 3560 similitudini-

564 3584 669 3639 bus
699 3588 1090 3655 corporalium.
1135 3589 1307 3657 Unde,
1344 3608 1468 3647 cum
1505 3596 1700 3671 trinam
1751 3598 2150 3654 dimensionem

566 3676 676 3731 Deo
710 3680 979 3747 attribuit,
1013 3684 1114 3738 sub
1151 3685 1572 3742 similitudinem
1611 3691 1931 3758 quantitatis
1959 3709 2155 3764 corpo—

566 3786 695 3837 rea,
725 3773 1086 3840 quantitatem
1123 3777 1407 3832 virtualem
1436 3780 1611 3849 ipsius
1637 3782 1887 3853 designat
1917 3803 1930 3838 :
1969 3796 2153 3854 utpote

565 3878 663 3931 per
692 3865 1142 3933 profunditatem,
1179 3872 1435 3926 virtutem
1489 3874 1554 3928 ad
1588 3876 2032 3944 cognoscendum
2059 3891 2153 3931 oc-

565 3951 749 4018 culta;
784 3969 879 4022 per
905 3957 1268 4024 altitudinem,
1319 3963 1700 4018 excellentiam
1733 3967 1954 4022 virtutis
1987 3983 2153 4037 super

565 4045 750 4098 omnia
780 4064 794 4112 ;
825 4063 920 4117 per
952 4049 1368 4121 longitudinem,
1429 4068 1748 4127 perpetuam
1805 4059 2150 4116 durationem

564 4135 649 4189 sui
692 4151 814 4192 esse
846 4154 859 4203 ;
899 4155 993 4206 per
1043 4139 1406 4210 latitudinem,
1441 4145 1694 4201 aﬂ‘ectum
1745 4149 2057 4205 dilectionis
2083 4153 2152 4208 ad
2183 4151 2198 4164 ’

565 4228 776 4282 omnia.
813 4229 927 4296 Vel,
968 4238 1024 4284 ut
1065 4233 1195 4288 dicit
1249 4235 1542 4308 Dionysius
1590 4239 1643 4292 in
1677 4256 1819 4296 nono
1854 4246 2034 4312 capite
2074 4244 2148 4298 De

565 4321 759 4376 divinis
793 4323 1115 4390 nominibus,
1162 4343 1257 4395 per
1316 4329 1661 4387 latitudinem
1700 4332 1792 4388 Dei
1831 4336 2153 4407 intelligitur

567 4415 932 4480 suprrcllusio
954 4417 1072 4485 ejus
1098 4419 1163 4472 ad
1209 4423 1388 4475 omnia
1419 4441 1431 4487 ;
1470 4439 1565 4491 per
1595 4424 2016 4495 longitudinem,
2059 4445 2152 4484 su-

568 4514 892 4572 perextensa
967 4512 1225 4565 omnibus
1280 4513 1496 4580 virtus;
1562 4531 1659 4585 per
1719 4517 2149 4586 profunditatem

567 4598 837 4652 absconsa
914 4603 1172 4659 omnibus
1249 4610 1518 4665 creaturis
1577 4610 2157 4680 incomprehensibili-

566 4694 672 4740 tas.

639 4872 718 4926 Ad
750 4874 1053 4930 secundum
1094 4878 1387 4934 dicendum
1431 4882 1575 4952 quod
1609 4882 1772 4936 homo
1801 4883 2004 4940 dicitur
2031 4902 2151 4943 esse

566 4969 631 5020 ad
665 4967 956 5038 imaginem
988 4969 1104 5036 Dei,
1141 4986 1252 5025 non
1311 4953 1615 5028 secundum
1666 4990 1890 5047 corpus,
1941 4981 2036 5033 sed
2063 4995 2152 5034 se—

566 5050 806 5114 cun‘dum
835 5060 886 5114 id
914 5063 1058 5131 quod
1093 5064 1309 5120 excellit
1331 5066 1432 5119 alia
1460 5067 1738 5122 animalia.
1772 5067 1925 5125 Unde
1951 5071 2153 5126 ibidem

567 5160 857 5222 postquam
933 5155 1142 5210 dictum
1204 5168 1286 5212 εει
1325 5175 1338 5214 :
1374 5177 1390 5209 ι
1431 5158 1714 5216 Faciamus
1791 5163 2082 5227 hominem,
2129 5182 2147 5215 ι

569 5243 864 5299 subditur:
901 5263 919 5297 ι
959 5245 1028 5300 Ut
1058 5251 1241 5317 prmsit
1272 5251 1512 5320 piscibus
1551 5254 1718 5308 maris
1745 5253 1785 5319 ⁸,
1811 5266 1920 5308 etc.
1966 5274 1984 5306 ι
2039 5253 2152 5308 Ex-

568 5333 716 5387 cellit
784 5341 966 5389 autem
1053 5338 1218 5394 homo
1285 5342 1387 5395 alia
1444 5344 1697 5398 animalia
1755 5355 2018 5414 quantum
2081 5347 2147 5401 ad

570 5424 947 5496 incorpoream
984 5432 1273 5500 rationem,
1324 5438 1630 5492 secundum
1663 5453 1824 5509 quam
1851 5447 1935 5494 est
1967 5439 2147 5510 imago

569 5515 689 5572 Dei.

640 5611 720 5668 Ad
749 5617 966 5672 tertium
1020 5623 1308 5678 dicendum
1350 5626 1497 5694 quod
1534 5636 1715 5696 partes
1746 5625 1995 5695 qumdam
2024 5640 2146 5680 cor-

567 5714 743 5769 porea:
772 5712 1142 5770 attribuuntur
1174 5716 1299 5780 Deo,
1336 5719 1428 5773 sed
1457 5720 1582 5788 quia
1626 5733 1811 5773 carum
1868 5726 2022 5772 actus
2055 5720 2147 5772 ha-

643 5889 663 5920 ⁵
693 5888 828 5949 Gen.
869 5910 904 5960 ι,
944 5898 1032 5954 26.

1816 428 2196 490 GREGORII
2256 431 2628 492 ACINDYNI

658 538 798 604 Quia
833 538 1018 608 igitur,
1073 538 1200 596 licet
1254 540 1400 596 circa
1463 541 1604 604 idem
1675 543 1950 614 olijectum
2010 548 2245 620 varimA

3692 447 3796 519 i916

2346 547 2499 600 Ἐπεὶ
2553 548 2752 613 τοίνυν,
2811 551 2860 604 si
2911 554 3008 606 καὶ
3053 555 3174 625 περὶ
3231 556 3289 610 τδ
3327 557 3451 612 αὐτὸ
3491 560 3798 634 ὑποκεὶμενον

2274 640 2522 709 διάφοροι
2543 644 2862 714 στρέψθντᾶι
2896 649 3215 718 ἐπιστῆμαι,
3247 653 3448 724 ἑκάστη
3492 657 3660 724 μέντοι
3686 666 3800 716 κατὰ

2272 734 2363 788 τὸν
2393 735 2522 786 ἴδιον
2552 736 2720 804 αὐτῆς
2749 738 2927 804 λόγον,
2959 736 3118 811 οἷονὴ
3147 747 3348 816 φυσική
3383 750 3472 800 καὶ
3513 752 3543 819 ἠ
3582 753 3799 820 μαθημα-

2272 826 2402 894 τικὴ
2432 826 2560 895 περὶ
2587 831 2653 880 τὰ
2683 829 2914 897 σώματα
2955 847 2966 858 ’
2991 833 3108 885 ἀλλ’
3138 838 3168 903 ἡ
3203 835 3300 904 μὲν
3324 838 3382 888 ὲν
3412 837 3507 905 ὕλῃ
3559 840 3801 912 θεωροῦσα

2270 917 2468 982 ταῦτα,
2494 919 2526 988 ἡ
2554 919 2609 972 δὲ
2657 923 2964 976 ἁποσπῶσα
3013 928 3109 995 τῆς
3147 927 3278 997 ὕλης
3312 946 3326 960 ·
3366 933 3458 985 καὶ
3496 934 3523 985 6
3561 934 3723 998 ἰατρὸς
3758 937 3800 988 ἂ

2270 1010 2364 1062 καὶ
2413 1012 2748 1080 ἀστρολόγος
2807 1019 2939 1081 περὶ
2990 1019 3180 1085 ὑγείας
3205 1013 3421 1092 κρίνειλ
3477 1027 3603 1080 ἀλλὰ
3655 1037 3680 1087 ό
3723 1034 3800 1100 μὲν

2269 1101 2600 1171 ἀστρολόγος
2626 1105 2690 1157 ἐκ
2729 1107 2840 1160 τῶν
2872 1109 3290 1181 ὑπερκειμένων
3318 1118 3540 1183 αἰτιῶν,
3580 1119 3680 1176 οἷον
3723 1127 3803 1193 τῆς

2270 1192 2476 1257 θέσεως
2501 1196 2610 1249 τῶν
2643 1197 2912 1266 ἀστέρων,
2945 1204 2971 1254 ὁ
3001 1203 3056 1256 δὲ
3092 1205 3272 1276 ἰατρὸς
3302 1209 3364 1260 ὲκ
3388 1209 3495 1262 τῶν
3529 1217 3798 1284 προσεχὼν,

2268 1279 2381 1338 οἷον
2402 1287 2500 1357 τῆς
2538 1289 2724 1358 ξσχύος
2751 1292 2845 1346 τοῦ
2869 1291 3120 1363 σώματος
3152 1297 3245 1350 τοῦ
3281 1300 3600 1368 κάμνοντος,
3619 1308 3702 1359 καὶ
3723 1309 3797 1360 τοῦ

2269 1380 2614 1450 νοσήματος·
2648 1383 2830 1451 δῆλον,
2873 1385 2956 1439 ὅτι
3011 1387 3061 1440 εἰ
3103 1390 3196 1442 καὶ
3249 1390 3324 1460 τῷ
3373 1392 3602 1464 θεολόγῳ
3637 1401 3798 1450 ταυτὸν

2269 1473 2388 1524 ἐστι
2420 1472 2482 1526 τὸ
2513 1473 2875 1545 ὑποκείμενον
2906 1478 3005 1547 τῆς
3045 1482 3357 1553 ἐπιστήμης
3387 1484 3462 1554 τῷ
3504 1503 3561 1537 τε
3619 1487 3799 1555 φυσικῷ

2269 1562 2364 1615 καὶ
2392 1563 2782 1635 μαθηματικῷ,
2817 1564 2930 1621 οἷον
2967 1571 3102 1639 φέρε
3135 1572 3313 1626 εἰπεῖν
3345 1575 3692 1645 διαστήματα,
3723 1579 3800 1630 καὶ

2266 1653 2542 1724 σχήματα,
2583 1658 2677 1711 καὶ
2702 1657 2903 1726 θέσεις,
2935 1661 3050 1716 ἀλλ’
3076 1663 3139 1714 οὑ
3172 1665 3312 1718 κατὰ
3345 1666 3436 1718 τὸν
3469 1669 3625 1720 αύτὶν
3667 1669 3798 1733 λόγον

2265 1747 2397 1817 περὶ
2431 1748 2615 1801 αὐτῶν
2637 1750 3026 1822 διαιτήσουσιν,
3059 1756 3174 1810 ἀλλ’
3205 1757 3404 1811 ἐκεῖνοι
3433 1761 3530 1828 μὲν
3557 1762 3686 1816 κατὰ
3717 1762 3796 1824 τὰς

2268 1837 2450 1890 αὐτῶν
2493 1841 2806 1910 ἐπιστήμας
2862 1843 2967 1897 ἴδια
3008 1844 3256 1911 ἕκαστος,
3287 1847 3363 1910 ὡς
3413 1849 3642 1920 εἴρηται,
3682 1854 3706 1903 6
3751 1853 3797 1904 δὲ

2193 1909 2236 1968 Β
2265 1928 2515 1996 θεολόγος
2549 1931 2600 1984 τί
2633 1909 2770 1986 εἰσιν
2799 1935 2863 1987 ὲκ
2885 1935 3044 2002 Θεοῦ,
3072 1939 3167 1991 καὶ
3194 1909 3252 1992 ἐν
3279 1940 3415 2012 Θεῷ,
3449 1909 3542 1995 καλ
3574 1909 3645 2006 εἰς
3672 1943 3793 2011 Θεὸν,

2263 2025 2356 2074 καὶ
2387 2022 2536 2086 ὅπως
2567 2024 2730 2078 αὑτὸν
2757 2029 3129 2096 ἐκφαίνουσιν.
3187 2033 3340 2085 Ἐπεὶ
3367 2033 3480 2100 οὑν,
3509 2037 3555 2088 εἰ
3600 2039 3684 2088 καὶ
3708 2039 3794 2090 πᾶν

2261 2115 2322 2167 τὸ
2349 2115 2541 2169 ποιοῦν
2570 2117 2755 2188 ὅμοιον
2799 2122 2976 2192 ἑαυτῷ
3028 2126 3194 2190 ποιεῖ,
3253 2126 3520 2196 ἀμηγέπη
3565 2129 3700 2198 ὅμως
3742 2129 3794 2180 τὰ

2265 2207 2364 2276 μὲν
2428 2211 2762 2279 συνωνύμως
2815 2216 2983 2280 ποιεῖ,
3019 2215 3088 2268 τά
3148 2216 3204 2268 δὲ
3235 2217 3576 2286 ὁμωνύμως,
3622 2220 3706 2272 καὶ
3743 2217 3793 2271 τὰ

2261 2300 2572 2372 ὁμωνύμως
2604 2303 2868 2374 γινόμενα
2903 2308 3195 2376 παραπολὺ
3227 2308 3533 2363 διαλλάττει
3563 2310 3692 2364 κατὰ
3722 2309 3791 2361 τὸν

2265 2393 2670 2462 ὑπερκείμενον
2692 2397 2787 2449 καὶ
2812 2399 3106 2467 ὑφειμένον
3153 2401 3312 2469 λόγον
3344 2419 3361 2434 ο
3418 2402 3599 2470 δῆλον,
3655 2402 3724 2455 ὅτι
3756 2401 3789 2453 εἰ

2262 2485 2355 2536 καὶ
2385 2485 2414 2537 6
2439 2485 2693 2554 θεολόγος
2723 2489 3019 2543 ἀποδίδωσι
3048 2493 3124 2558 τῷ
3151 2491 3292 2562 Θεῷ,
3327 2494 3384 2556 ὃς
3409 2495 3529 2547 ἐστι
3556 2493 3791 2562 ποιητικὶν

2260 2575 2434 2628 αἴτιον
2464 2577 2726 2632 ἁπάντων
2755 2581 2816 2632 οὐ
2852 2583 3192 2652 συνώνυμον,
3251 2587 3509 2655 σχήματα
3577 2588 3664 2640 καὶ
3705 2587 3794 2638 δια-

2263 2668 2519 2736 στήματα
2561 2670 2655 2722 κα)⁵
2689 2671 2891 2738 θέσεις,
2920 2674 3106 2728 καὶτὰ
3133 2675 3272 2729 ἄλλα
3304 2678 3507 2741 τοιάδε,
3546 2679 3656 2730 ἀλλ’
3699 2677 3796 2745 οὐχὶ

2258 2753 2292 2833 ᾗ
2322 2760 2463 2814 αὐτὰ
2489 2761 2834 2828 ἀτφδιῖδωσιν,
2859 2765 2976 2818 ἀλλ’
3070 2767 3212 2821 εἰσιν
3244 2769 3302 2822 ὲν
3321 2768 3492 2840 αὐτῷ,
3529 2771 3618 2823 καὶ
3649 2771 3796 2837 ὁμοιό-

2257 2851 2396 2922 τητά
2432 2869 2555 2906 τινα
2587 2854 2752 2908 αὑτοῦ
2784 2855 3043 2927 φέρουσιν
3067 2875 3081 2889 ⁸
3129 2861 3272 2914 ὥστε
3323 2863 3392 2914 τὰ
3446 2863 3548 2931 μὲν
3594 2863 3796 2930 ὀνόματι

2257 2941 2398 2996 εἶναι
2433 2943 2595 3012 μόνον
2617 2947 2792 3000 ταυτὰ
2821 2947 2913 3001 ὲπί
2946 2967 3005 3002 τε
3039 2950 3200 3015 Θεοῦ,
3225 2953 3321 3006 καὶ
3363 2956 3473 3007 τῶν
3527 2954 3699 3017 ὄντων,
3741 2953 3797 3004 τὰ

2255 3033 2312 3086 δὲ
2344 3035 2669 3106 πράγματα,
2704 3037 2832 3092 καθ’
2859 3035 2934 3092 ὧν
2963 3041 3138 3095 ταῦτα
3171 3042 3409 3110 λέγεται,
3445 3045 3618 3111 πάντη
3665 3043 3797 3111 ἐξηλ-

2253 3128 2501 3198 λαγμένα
2519 3133 2663 3185 κατὰ
2693 3133 2784 3186 τὸν
2809 3134 2912 3202 τῆς
2936 3134 3214 3204 ὑπεροχῆς
3246 3138 3341 3189 καὶ
3369 3137 3612 3202 ύφέσεως
3640 3138 3792 3204 λόγον.

2177 3254 2220 3312 C
2258 3219 2338 3271 Τὰ
2375 3219 2484 3291 γὰρ
2512 3221 2622 3274 τῶν
2648 3224 2912 3276 αἰτιατῶν
2946 3226 3222 3295 περισσῶς
3255 3226 3430 3279 ἔνεστι
3475 3230 3587 3290 τοῖς
3630 3228 3795 3286 αἰτίοις

2263 3312 2408 3370 κατὰ
2429 3312 2524 3364 τὸν
2558 3313 2732 3383 μέγαν
2756 3315 3062 3372 Διονύσιον.

2335 3404 2478 3474 Πρὸς
2502 3405 2560 3458 τὸ
2594 3407 2820 3476 πρῶτον
2868 3403 2962 3460 οῦν
2995 3407 3213 3478 ῥητέον,
3269 3411 3351 3464 ὅτι
3390 3413 3421 3482 ἡ
3480 3412 3598 3466 θεία
3640 3409 3798 3481 Γραφὴ

2263 3497 2635 3565 παραδίδωσιν
2657 3500 2790 3568 ἡμῖν
2822 3501 2887 3553 τά
2919 3501 3085 3569 νοητὰ
3118 3503 3210 3555 καὶ
3245 3503 3365 3556 θεῖα
3414 3505 3521 3558 ὑπὸ
3557 3507 3664 3569 ταῖς
3717 3520 3799 3555 σω-

2265 3590 2514 3658 ματικῶν
2557 3592 2888 3662 ὁμοιότησιν.
2954 3593 3116 3647 Ὅθεν
3164 3595 3387 3650 ἐπειδὰν
3433 3598 3658 3668 τριπλῆν
3707 3596 3798 3648 διὰ·

2263 3699 2456 3734 στασιν
2509 3683 2746 3753 ἀποδιδῷ
2811 3685 2887 3754 τῷ
2942 3683 3060 3755 Θεῴ
3096 3687 3200 3739 ὑπὸ
3255 3690 3375 3750 ταῖς
3424 3691 3694 3758 ὁμοιότησι
3722 3689 3798 3747 τῆς

2264 3779 2583 3846 σωματικῆς
2613 3778 2934 3847 ποσότητος,
2964 3779 3064 3845 τὴν
3098 3781 3371 3850 ποσότητα
3396 3783 3497 3848 τῆς
3521 3783 3676 3834 αὐτοῦ
3725 3782 3797 3833 δυ·

2261 3866 2478 3936 νάμεως
2504 3869 2834 3923 ἀποδίδωσιν
2861 3885 2877 3902 ⁸
2914 3866 3024 3923 οἷον
3081 3873 3169 3923 διὰ
3213 3873 3312 3939 μὲν
3349 3875 3443 3926 τοῦ
3494 3876 3680 3945 βάθους
3718 3873 3795 3940 τὴν

2261 3961 2682 4030 καταληπτικὴν
2711 3961 2820 4013 τῶν
2843 3963 3176 4034 ἁπορρήτων
3205 3964 3459 4034 δύναμιν,
3485 3967 3572 4018 διὰ
3605 3967 3674 4017 ,δὲ
3721 3962 3794 4014 τοῦ

2261 4052 2430 4122 ὕψους
2467 4054 2566 4123 τὴν
2603 4055 2744 4107 κατὰ
2781 4056 2998 4109 πάντων
3062 4057 3334 4126 ὑπεροχὴν
3386 4059 3486 4125 τῆς
3531 4058 3793 4125 δυνάμεως,

2260 4145 2349 4199 διὰ
2382 4146 2438 4198 δὲ
2479 4147 2574 4199 τοῦ
2605 4147 2816 4216 μήκους
2851 4147 2951 4216 τὴν
2979 4148 3116 4199 κατὰ
3137 4148 3194 4199 τὸ
3221 4145 3361 4200 εἶναι
3402 4149 3622 4217 διηνεκῆ
3646 4147 3796 4212 παρὰ·

2260 4257 2417 4293 τασιν
2441 4239 2629 4305 αὑτοῦ,
2657 4240 2746 4292 διὰ
2775 4239 2832 4292 δὲ
2873 4239 2968 4292 τοῦ
3026 4239 3260 4300 πλάτους
3329 4239 3428 4308 τὴν
3466 4240 3566 4307 τῆς
3613 4238 3798 4305 ἀγάπης

2259 4333 2602 4388 διάθεσιν.“ῐ1
2625 4333 2770 4386 κατὰ
2799 4333 2892 4386 τὸν
2924 4332 3203 4386 Διονύσιον
3227 4334 3284 4382 ἑν
3315 4332 3390 4402 τῷ
3422 4333 3627 4400 ἐννὰτῳ
3656 4345 3798 4394 κεφαο

2259 4426 2398 4496 λαίῳ
2423 4425 2518 4479 τοῦ
2556 4427 2689 4495 Περὶ
2728 4425 2890 4478 θείων
2921 4424 3226 4494 ὀνομάτων,
3279 4424 3482 4484 πλάτος
3545 4424 3639 4490 μὲν
3686 4417 3794 4472 Θεοῦ

2264 4521 2458 4590 ῥητέον
2504 4519 2600 4588 τὴν
2633 4520 2996 4589 ὑπερευρεῖαν
3027 4518 3121 4570 τοῦ
3149 4517 3284 4570 Θεοῦ
3316 4518 3406 4570 ἐπὶ
3463 4518 3634 4570 πάντα
3666 4515 3798 4582 7:960-

2187 4608 2233 4669 D
2259 4614 2368 4677 δον,
2397 4615 2567 4684 μῆκος
2600 4613 2656 4665 δὲ
2678 4612 2776 4682 τὴν
2815 4611 3347 4682 ὑπερεκτεινομένην
3405 4611 3474 4663 τὰ
3530 4609 3623 4662 ὅλα
3670 4605 3798 4658 δύνα-

2266 4725 2379 4777 μιν,
2449 4705 2616 4774 βάθος
2662 4705 2720 4759 δὲ
2775 4707 2876 4776 τὴν
2926 4705 3062 4758 πᾶσι
3103 4705 3214 4765 τοῖς
3262 4702 3414 4755 οὖσιν
3460 4701 3794 4771 ἀπερίληπτον

2260 4815 2366 4867 κρυ
2377 4799 2622 4865 φιὸτητα.

2334 4890 2478 4959 Πρὸς
2513 4891 2572 4941 τὸ
2609 4891 2862 4958 δεύτερον
2884 4889 3096 4961 ῥητέον,
3125 4889 3206 4942 ὅτι
3235 4891 3262 4941 6
3297 4888 3580 4958 ἄνθρωπος
3608 4886 3791 4948 λέγεται

2261 4981 2381 5032 κατ’
2431 4982 2620 5033 εἰκόνα
2686 4979 2822 5033 Θεοῦ
2893 4981 2954 5033 οὐ
3009 4979 3153 5031 κατᾶ
3199 4978 3260 5030 τὸ
3319 4980 3496 5046 σῶμα,
3529 4975 3654 5028 ἀλλὰ
3687 4967 3792 5021 κσῧδ

2255 5069 2661 5140 ὑπερϐάλλεται
2695 5071 2763 5123 τὰ
2792 5072 2928 5124 ἄλλα
2954 5069 3094 5133 ζῶα.
3126 5068 3291 5122 ’Ὅθεν
3316 5070 3432 5120 ἐκεῖ
3464 5065 3600 5136 μετᾶ
3640 5062 3694 5114 τὸ
3733 5059 3790 5107 εξ·

2253 5163 2400 5224 πεῖν,
2462 5180 2481 5212 ι
2519 5163 2848 5233 Ποιήσωμεν
2892 5162 3214 5230 ἄνθρωπον,
3251 5179 3269 5212 ›
3321 5159 3537 5225 ἐπάγει,
3592 5175 3609 5206 ί
3657 5155 3788 5252 Ὂτξξ

2249 5253 2439 5322 ἄρχειν
2489 5255 2598 5308 τῶν
2655 5254 2854 5324 ἰχθύων
2911 5255 3004 5318 τῆς
3050 5253 3348 5321 θαλάσσης.
3399 5271 3416 5302 ι
3452 5237 3790 5316 ’Υπερέχειδδ

2247 5345 2274 5396 ὁ
2305 5344 2590 5415 ἅνθρωπος
2618 5346 2726 5397 τῶν
2756 5345 2931 5398 ἄλλων
2955 5343 3108 5408 ζώων
3139 5345 3260 5396 ὅσον
3296 5343 3371 5411 τῷ
3405 5340 3495 5393 τοῦ
3534 5333 3790 5403 ἀσωμάτου

2256 5436 2419 5507 λόγῳ,
2463 5439 2581 5491 καθ’
2625 5437 2682 5491 ὃν
2731 5437 2795 5508 δὴ
2833 5439 2924 5491 καὶ
2973 5437 3118 5490 ἐστιν
3160 5435 3325 5489 εἰκὼν
3351 5437 3442 5489 τοῦ
3471 5431 3620 5486 Θεοῦ.

2331 5626 2472 5696 Πρὸς
2507 5625 2567 5678 τὸ
2600 5625 2784 5693 τρίτον
2810 5623 3026 5694 ῥητέον,
3066 5623 3146 5674 ὅτι
3196 5623 3338 5692 μέρη
3379 5622 3498 5676 τινὰ
3558 5625 3791 5684 σωματων

2258 5717 2599 5770 ἀποδίδονται
2643 5714 2718 5785 τῷ
2756 5714 2896 5784 Θεῷ,
2927 5713 3059 5768 ἀλλὰ
3096 5713 3183 5768 διὰ
3226 5711 3286 5766 τὸ
3313 5711 3390 5764 ιτὰ
3414 5707 3788 5772 ἀποτελέσματα
