4064 6460
349 363 481 429 121

1264 357 1360 417 DE
1395 355 1772 417 ESSENTiA
1812 357 1904 416 ET
1946 356 2433 422 OPERATIONE
2478 363 2607 423 DEI

3455 363 3594 425 1‘22!

301 490 310 498 '
347 490 465 544 ρου.
500 466 670 521 Τοῦτο
692 465 798 534 γὰρ
826 463 902 531 τῷ
922 463 1020 531 μὲν
1048 464 1230 530 σκοπῷ
1254 463 1521 534 πρότερόν
1551 465 1667 516 ἐστι
1699 463 1792 516 τοῦ
1819 464 1914 530 τῆς

2022 483 2149 522 vero
2177 480 2255 522 est
2293 471 2588 538 posterius,
2617 479 2672 522 et
2706 469 2883 523 adhuc
2934 469 3164 524 ulterius
3210 469 3321 539 agit
3370 485 3591 542 propter

343 563 519 623 οἰκίας
545 560 737 622 εἴδους,
771 561 836 627 τῇ
866 559 922 610 δὲ
964 559 1182 626 ποιήσει
1235 557 1480 626 ὕστερον.
1535 558 1645 609 Καὶ
1675 556 1756 609 ἔτι
1815 574 1914 609 1:3-

345 653 587 724 ραιτέρω
619 653 762 703 ποιεῖ
790 651 878 704 διὰ
922 649 982 701 τὸ
1018 650 1210 702 ἑαυτοῦ
1240 649 1462 718 ἀγαθόν.
1498 649 1571 700 Τό
1591 665 1650 700 τε
1706 649 1814 717 γὰρ
1842 645 1917 699 εἷ-

343 746 431 808 δος
453 743 544 797 τοῦ
573 744 745 808 οῐιιου,
787 742 880 795 καὶ
911 743 1011 810 τὴν
1035 742 1144 794 τῶν
1173 742 1386 794 σκευῶν
1438 740 1691 811 φυλακὴν
1744 743 1914 793 ποιεῖ-

346 854 454 900 ται,
483 836 570 888 διὰ
593 836 690 904 τὴν
717 835 811 888 τοῦ
844 833 1038 903 μισθοῦ
1074 833 1347 903 ἀπόληψιν
1375 848 1389 863 ·
1422 833 1542 902 ἥτις
1587 834 1736 887 ἐστὶν
1783 834 1915 886 ἴδιον

347 927 551 995 ἀγαθὸν
579 925 770 980 αὑτοῦ.
807 924 1135 994 Θεωροῦμεν
1191 925 1270 988 δὲ,
1307 926 1400 978 καὶ
1447 924 1770 994 βουλόμεθα,
1821 925 1916 976 καὶ

347 1019 738 1088 αἰσθανόμεθα.
780 1018 1012 1072 ἕκαστον
1049 1018 1114 1070 δι’
1143 1017 1295 1083 αὐτὸ,
1326 1017 1420 1070 καὶ
1448 1019 1506 1070 οὐ
1539 1018 1605 1069 δι’
1639 1017 1788 1070 ἄλλο.

428 1112 585 1164 Ἐπεὶ
621 1111 716 1163 οὖν
773 1113 884 1164 πᾶν
934 1111 994 1162 τὸ
1021 1109 1209 1164 ποιοῦν
1251 1112 1398 1163 ποιεῖ
1426 1110 1611 1171 τέλους
1651 1109 1838 1174 ἕνεκα,
1866 1108 1915 1160 εί

347 1205 516 1273 μηδὲν
547 1205 630 1272 εἴη
649 1203 798 1264 τέλος
829 1204 1073 1271 ποιητὸν,
1105 1204 1184 1263 είς
1206 1201 1234 1254 ὃ
1266 1201 1528 1271 ὁρίζεται,
1571 1202 1604 1270 ἡ
1665 1201 1915 1270 ἐνέργειά

346 1297 491 1348 ἐστιν
522 1294 658 1364 αὑτὴ
699 1294 871 1356 τέλος.
896 1293 1065 1362 Δῆλον
1093 1293 1170 1356 δὲ,
1211 1293 1293 1346 ὃτι
1329 1293 1390 1344 τὸ
1413 1292 1563 1355 τέλος
1589 1292 1675 1344 ἀεὶ
1709 1291 1916 1358 βέλτιον

343 1387 451 1438 τῶν
477 1387 613 1456 πρὸς
637 1386 804 1447 τέλος.
843 1385 914 1436 Τὸ
943 1385 1049 1451 γὰρ
1078 1383 1142 1436 δι’
1175 1385 1202 1435 ὃ
1231 1401 1282 1435 τι
1312 1383 1548 1453 αἱρετὸν,
1575 1384 1749 1436 ἐκεῖνο
1782 1382 1916 1449 μᾶλα

343 1477 434 1530 λον
473 1475 736 1528 τοιοῦῖον.
789 1474 942 1529 Ἐπεὶ
975 1475 1156 1526 τοίνυν
1195 1475 1251 1526 αἱ
1284 1473 1384 1543 μὲν
1436 1471 1782 1526 τελειωτικαὶ
1820 1473 1912 1526 νοῦ

341 1568 555 1638 ἔχοντος
592 1568 884 1634 ἐνέργειαι,
914 1561 1048 1624 οἷον,
1090 1565 1148 1616 τὸ
1175 1565 1336 1624 νοεῖν,
1392 1563 1452 1616 τὸ
1497 1562 1808 1632 βούλεσθαι,
1852 1563 1914 1614 τὸ

341 1659 722 1722 αἰσθάνεσθαι,
752 1658 968 1727 ἔχουσιν
997 1658 1072 1720 ὡς
1107 1657 1278 1720 τέλος.
1315 1657 1372 1709 αἱ
1412 1655 1471 1710 δὲ
1495 1655 1781 1725 ποιητικαί
1830 1671 1913 1706 τι-

340 1769 446 1806 νων
475 1752 926 1821 ἀποτελεσμάτων
956 1750 1154 1816 ἔξωθεν
1172 1750 1356 1819 έχουσι
1384 1749 1520 1820 πρὸς
1547 1750 1724 1815 τέλος,
1748 1747 1912 1816 ἀνάγ-

2023 576 2182 614 Suum
2210 562 2410 615 bonum
2447 579 2460 615 :
2487 579 2610 616 nam
2645 572 2696 615 et
2723 563 2953 616 formam
3008 565 3205 617 domus
3237 575 3290 619 et.
3344 568 3590 621 sarcina-

2019 669 2140 706 rum
2173 653 2478 707 custodiam
2534 653 2776 708 l‘acihad
2839 654 3203 723 recipiendam
3257 657 3589 723 mercedem,
3650 693 3656 699 -

2019 760 2141 814 qum
2168 755 2252 800 est
2288 746 2570 814 proprium
2603 763 2762 800 suum
2799 748 3028 800 bonum.
3053 746 3420 818 [intelligimus
3485 766 3587 804 au—

2020 845 2149 904 tem,
2191 847 2245 890 et
2273 838 2550 902 volumus,
2590 848 2643 891 et
2672 840 2940 893 sentimus
2974 842 3406 911 unumquodque
3428 858 3594 913 prop-

2020 936 2102 983 ter
2133 928 2397 997 seipsum,
2435 944 2541 982 non
2564 941 2782 999 propter
2803 930 2974 984 aliud.

2088 1110 2228 1175 Quia
2253 1111 2594 1180 igituromne
2653 1126 2816 1180 agens
2867 1112 2977 1178 agit
3026 1123 3250 1182 propter
3307 1117 3493 1179 linem,
3542 1117 3590 1170 si

2017 1201 2200 1255 nullus
2237 1211 2320 1254 est
2356 1201 2480 1256 linis
2513 1204 2729 1269 agendi,
2763 1204 2828 1256 ad
2864 1219 3024 1271 quem
3075 1207 3400 1259 terminatur
3457 1221 3590 1274 0pc-

2019 1296 2177 1353 ratio,
2217 1293 2333 1362 ipsa
2369 1303 2452 1348 cst
2483 1293 2630 1347 finis.
2656 1293 3004 1348 Manifestum
3028 1305 3208 1348 autem
3276 1298 3418 1365 quod
3467 1297 3591 1350 linis

2018 1393 2343 1451 semperest
2369 1383 2555 1436 melior
2590 1384 2657 1437 iis
2710 1401 2829 1454 qum
2862 1395 2992 1439 sunt
3041 1387 3116 1439 ad
3182 1387 3343 1440 linvm
3380 1406 3393 1440 :
3467 1405 3590 1441 nam

2016 1477 2147 1530 illud
2182 1486 2401 1545 propter
2432 1477 2572 1543 quod
2611 1476 2816 1546 aliquid
2849 1489 2931 1532 est
2954 1479 3270 1548 appetibile,
3303 1490 3389 1533 est
3415 1483 3592 1548 ipsum

2016 1568 2189 1638 magis
2215 1569 2530 1638 appetibile.
2551 1568 2688 1634 Quia
2715 1569 2878 1639 igitur
2909 1573 3256 1640 operationes
3286 1572 3595 1641 perfectius

2017 1657 2188 1724 ipsius
2219 1658 2489 1722 habentis,
2509 1659 2716 1712 scilicet
2747 1660 3066 1730 intelligere,
3093 1662 3225 1716 velle
3268 1674 3318 1716 et
3364 1664 3591 1731 sentire,

2016 1755 2144 1800 sunt
2193 1747 2415 1814 utﬁuis,
2457 1750 2802 1818 operatioues
2848 1765 2976 1803 vero
3034 1749 3294 1805 ellectivze
3327 1769 3594 1820 quorum-

339 1863 410 1915 κη
472 1845 716 1914 βελτίους
771 1845 1012 1906 ἐκείνους
1054 1837 1196 1895 εἶναι
1229 1842 1456 1894 τούτων.
1510 1841 1602 1893 Διὸ
1630 1841 1726 1894 καὶ
1779 1841 1911 1910 περὶ

2018 1838 2138 1892 dam
2163 1839 2490 1892 exteriorum
2535 1840 2822 1895 eil'ectuum
2848 1851 2978 1896 sunt
3021 1850 3078 1894 ut
3106 1843 3170 1895 ad
3195 1844 3377 1908 linem,
3403 1860 3592 1898 neces-

340 1937 564 1991 ἐκείνων
599 1937 792 2007 ῥητέον
848 1935 1090 2004 πρῶτον,
1156 1935 1251 1986 καὶ
1296 1933 1620 2002 διοριστέον,
1686 1933 1910 2002 πότερον

337 2031 535 2084 ταυτόν
562 2032 675 2082 ἐστι
705 2029 802 2097 τῆς
835 2027 1020 2090 οὐσίας
1058 2025 1150 2080 τοῦ
1175 2027 1308 2080 Θεοῦ
1340 2025 1373 2097 ἢ
1407 2025 1620 2095 ἕτερον.

437 2262 654 2330 Κεφάλ.
700 2261 778 2314 Β’.
839 2260 958 2313 Ὅτι
1009 2259 1121 2312 οὐκ
1162 2258 1333 2310 ἐστιν
1371 2255 1440 2310 ἐν
1488 2255 1568 2321 τῷ
1615 2254 1736 2320 Θεῷ
1768 2256 1804 2322 ἠ

969 2329 1277 2393 αἴσθησις.

411 2447 522 2500 Καὶ
552 2445 684 2513 περὶ
738 2441 838 2512 μὲν
891 2440 984 2492 τοῦ
1023 2439 1374 2493 αἰσθάνεσθαι
1433 2438 1553 2491 οὐδὲ
1609 2438 1912 2509 πράγματα

337 2535 501 2604 ἔχειν,
535 2533 620 2601 ἐφ’
647 2533 770 2583 ὅσον
796 2531 869 2598 μὴ
899 2528 1047 2581 ἔστιν
1073 2529 1130 2580 ὲν
1153 2527 1229 2598 τῷ
1258 2527 1378 2595 Θεῷ
1413 2528 1669 2596 αἴσθησις
1699 2543 1712 2557 ·
1771 2529 1909 2596 πρὸς

343 2628 441 2695 μὲν
470 2625 577 2694 γὰρ
608 2625 668 2676 τὸ
696 2621 1048 2674 αἰσθάνεσθαι
1089 2619 1170 2673 δεῖ
1199 2620 1528 2690 σωματικῶν
1576 2620 1856 2688 ὀργάνων·
1887 2621 1914 2670 ό

336 2713 397 2768 δὲ
426 2715 558 2777 Θεὸς
590 2714 687 2765 οὐκ
725 2712 837 2780 ἔχει
890 2709 1052 2778 σῶμα.
1103 2709 1414 2779 ὁργανικόν.
1483 2709 1758 2762 Δέδεικται
1807 2708 1914 2778 γὰρ

341 2807 524 2876 πάσης
567 2805 697 2876 ὕλης
727 2807 1077 2878 καθαρεύειν.
1126 2802 1186 2856 '0
1215 2799 1348 2864 Θεὸς
1399 2800 1506 2870 ἄρα
1561 2800 1660 2853 οὐκ
1715 2800 1914 2853 αἰσθά-

338 2914 508 2954 νεται.
1092 2895 1102 2908 ’
1171 2949 1174 2952 .

411 2989 478 3059 β’.
511 2992 696 3062 Ἐτιή
742 2987 994 3057 αἴσθησις
1044 2987 1109 3039 ἐκ
1172 2984 1384 3046 πάθους
1439 2981 1674 3050 γίνεται.
1735 2981 1918 3035 Μετα-

337 3083 540 3154 ταὸολῇ
568 3083 677 3154 γὰρ
702 3083 795 3135 καὶ
826 3078 1111 3134 ἀλλοιώσει
1139 3075 1248 3129 τῶν
1285 3073 1654 3144 αἰσθητηρίων
1685 3073 1914 3140 γίνεται.

2017 1943 2074 1982 se
2092 1928 2315 1984 estillas
2375 1946 2496 1986 esse
2518 1931 2604 1985 his
2664 1933 2935 1988 meliores.
2964 1934 3150 2004 Itaque
3182 1937 3246 1990 de
3283 1937 3385 1989 illis
3417 1939 3592 2007 primo

2011 2018 2298 2073 dicendum
2346 2033 2449 2083 est,
2511 2036 2574 2074 ac
2619 2022 3049 2078 discernendum
3103 2035 3285 2081 utrum
3317 2028 3590 2083 siutizlem

2013 2125 2176 2181 quam
2218 2112 2454 2168 essentia
2484 2112 2600 2181 Dei,
2635 2130 2702 2168 an
2755 2115 2925 2171 aliuJ.
2969 2136 2978 2142 ·

2248 2244 2380 2314 Cap.
2412 2245 2476 2299 ll.
2510 2245 2664 2311 Quod
2695 2249 2752 2303 in
2781 2248 2886 2303 Deo
2915 2266 3020 2304 non
3045 2261 3118 2305 est
3145 2267 3348 2305 sensus.

2087 2425 2154 2480 Et
2206 2428 2426 2497 quidem
2475 2429 2543 2484 de
2599 2432 2801 2486 sentire
2862 2432 3012 2486 nulla
3073 2441 3157 2488 est
3208 2415 3492 2489 diilicultas
3535 2435 3587 2488 iu

2015 2533 2080 2574 eo
2112 2521 2256 2590 quod
2292 2537 2397 2576 non
2425 2523 2495 2578 sit
2522 2522 2573 2576 in
2597 2523 2708 2579 Deo
2737 2519 2951 2580 sensus.
2983 2525 3121 2580 Nam
3139 2526 3204 2580 ad
3241 2527 3585 2580 sentiendum

2016 2628 2155 2682 opus
2187 2622 2270 2667 est
2295 2614 2572 2683 corporeis
2609 2617 2829 2684 organis
2864 2635 2878 2682 ;
2912 2617 3051 2670 Deus
3077 2625 3256 2670 autem
3287 2632 3394 2671 non
3428 2617 3591 2671 habet

2017 2718 2216 2772 corpus
2243 2705 2582 2774 organicum,
2615 2717 2895 2762 ostensum
2919 2718 3000 2763 est
3028 2709 3170 2764 enim
3212 2724 3336 2764 eum
3362 2725 3484 2764 esse
3521 2709 3590 2764 ab

2020 2795 2167 2849 omni
2203 2797 2436 2852 materia
2471 2815 2666 2869 purum
2703 2815 2720 2866 ;
2753 2815 2882 2870 ergo
2916 2801 3060 2856 Deus
3087 2816 3195 2856 non
3229 2802 3417 2856 sentit.

2089 2983 2144 3036 2.
2172 2985 2402 3048 lterum,
2440 2983 2681 3038 sensatio
2713 2999 2741 3038 e
2765 2984 3020 3052 passione
3039 2983 3325 3040 nascitur:
3366 2986 3423 3040 lit
3444 2987 3588 3040 enim

2021 3075 2323 3129 mutatione
2349 3085 2402 3129 et
2433 3075 2754 3130 alteratione
2779 3091 3064 3130 sensuum.
3102 3075 3205 3130 Sed
3239 3078 3294 3131 in
3355 3076 3467 3131 Deo
3496 3079 3592 3132 de-

349 3178 441 3230 ‘Ev
466 3177 522 3230 δὲ
556 3176 629 3244 τῷ
656 3175 776 3244 Θεῷ
801 3173 1071 3226 δέδεικται
1110 3169 1186 3240 μὴ
1214 3165 1356 3222 εἶναι
1398 3165 1632 3235 δύναμιν
1682 3165 1908 3235 παθητι-

2022 3174 2391 3222 monstratum
2420 3177 2506 3222 est
2531 3183 2636 3223 non
2661 3182 2781 3224 esse
2811 3171 3110 3238 potentiam
3153 3172 3464 3258 passivam;
3489 3187 3590 3228 nec

338 3268 464 3336 κήν.
499 3266 622 3318 Οὐδ’
645 3265 755 3336 ἄρα
786 3263 1063 3333 αἴσθησις.

410 3355 479 3422 γ’.
507 3359 628 3410 Ἔτι
655 3358 685 3426 ἡ
717 3355 968 3424 ἐνέργεια
993 3353 1246 3423 αἴσθησίς
1276 3353 1391 3406 ἐστι
1445 3350 1504 3403 τὸ
1537 3349 1783 3419 ἐνεργεῖν
1823 3349 1909 3401 αἰ-

341 3449 560 3520 σθητὸν,
597 3447 714 3500 καθ’
747 3448 774 3500 ὃ
805 3446 1168 3516 ὑποκείμενόν
1208 3445 1325 3498 ἐστι
1373 3443 1484 3497 τῶν
1520 3440 1798 3510 αἰσθητῶν
1832 3443 1911 3493 εί-

339 3543 466 3596 δῶν.
513 3541 570 3594 Ὀ
596 3541 654 3594 δὲ
685 3540 816 3602 Θεὸς
847 3539 950 3591 οὐκ
982 3538 1127 3590 ἐστιν
1163 3533 1524 3603 ὑποκείμενόν
1554 3552 1701 3597 τινος
1732 3533 1910 3595 εἴδους

339 3634 619 3706 αἰσθητοῦ.
673 3635 786 3687 Οὔκ
809 3633 916 3702 ἄρα
940 3630 1276 3684 αἰσθάνεται.

408 3729 470 3782 δ’.
514 3727 634 3778 Ἔτι
671 3726 730 3778 τὸ
769 3723 1026 3790 αἰσθητόν
1057 3723 1174 3774 ἐστι
1237 3721 1342 3792 πρὸ
1397 3719 1495 3773 τοῦ
1560 3718 1908 3788 αἰσθητικοῦ,

341 3817 415 3881 ὧς
470 3833 632 3887 φησιν
661 3815 688 3868 ὁ
725 3815 1013 3882 φιλόσοφος
1058 3815 1113 3865 ἐν
1151 3815 1269 3874 ταῖς
1306 3811 1696 3881 Κατηγορίαις.
1739 3810 1797 3863 Ὀ
1854 3808 1910 3860 δὲ

337 3911 468 3971 Θεὸς
493 3911 593 3962 οὐκ
618 3909 766 3960 ἔστιν
796 3905 1074 3975 αἰσθητόν.
1096 3905 1170 3956 Οὐ
1209 3903 1316 3972 γάρ
1341 3906 1488 3956 ἐστιν
1533 3903 1784 3971 αἴσθησις
1815 3902 1911 3953 αὺ-

339 4003 455 4066 τοῦ,
491 4003 658 4072 φησὶν
701 4003 728 4054 ὁ
759 3999 909 4067 ἅγιος
943 3997 1240 4059 Διονύσιος.
1305 3995 1490 4066 Πολλῷ
1531 3995 1636 4064 ἄρα
1681 3994 1782 4047 οὐκ
1824 3995 1910 4044 αἰ-

342 4095 623 4162 σθητικόν.
676 4091 750 4144 Οὐ
810 4090 919 4159 γάρ
979 4091 1097 4141 ἐστι
1144 4087 1414 4156 πρότερον
1444 4087 1537 4138 τοῦ
1581 4085 1739 4150 Θεοῦ,
1787 4083 1912 4135 οὔτε

341 4183 652 4252 πράγματι,
686 4179 809 4232 οὔτε
835 4179 1068 4249 ἐπινοίᾳ.
1107 4178 1224 4230 Οὐκ
1268 4178 1379 4246 ἄρα.
1405 4175 1747 4230 αἰσθάνεται.

410 4281 473 4326 ε’.
513 4273 692 4342 Ἐτιή
728 4271 976 4341 αίσθησις
1003 4269 1105 4322 οὐκ
1131 4265 1240 4322 οἶδε
1278 4269 1345 4320 τὰ
1398 4266 1650 4332 καθόλου,
1701 4265 1796 4318 καὶ
1847 4264 1915 4318 τὰ

342 4366 509 4429 ἀΐδια,
538 4363 674 4417 ἀλλὰ
715 4363 854 4425 τόδε,
883 4362 980 4413 καὶ
1011 4364 1072 4412 τὸ
1095 4360 1212 4415 νῦν.
1255 4360 1316 4414 '0
1343 4360 1403 4412 δὲ
1447 4359 1580 4422 Θεὸς
1617 4359 1914 4411 ἐπίσταται

341 4459 411 4513 τὰ
455 4458 709 4520 καθόλου,
761 4456 857 4508 καὶ
911 4455 978 4507 τὰ
1027 4453 1196 4517 ἀΐδια,
1235 4453 1330 4507 καὶ
1376 4453 1476 4506 ὅσα
1532 4451 1589 4506 δὲ
1639 4452 1750 4505 τῶν
1793 4451 1915 4506 καθ’

2015 3257 2178 3326 igitur
2215 3266 2294 3312 est
2326 3271 2541 3312 sensus.

2085 3349 2137 3402 '5.
2168 3347 2458 3414 Praeterea,
2495 3351 2638 3419 quod
2675 3352 2839 3406 sentit
2872 3353 2924 3407 in
2950 3363 3094 3418 actu,
3157 3353 3216 3408 lit
3247 3355 3506 3410 sensibile
3539 3357 3590 3408 in

2014 3447 2161 3502 actu,
2182 3443 2479 3493 secumlum
2511 3443 2653 3510 quod
2683 3451 2767 3497 est
2794 3438 3102 3512 subjectum
3134 3445 3324 3501 forma:
3353 3449 3588 3502 sensibi-

2016 3529 2080 3583 lis
2112 3547 2125 3595 ;
2166 3531 2304 3585 Deus
2332 3543 2512 3584 autem
2547 3546 2752 3590 nonest
2783 3538 3082 3607 sohjectum
3115 3539 3346 3609 alicujus
3397 3541 3584 3596 forma:

2015 3622 2334 3689 sensibilis;
2364 3639 2467 3677 non
2497 3625 2661 3693 igitur
2692 3629 2880 3680 sentit.

2085 3714 2140 3766 4.
2175 3717 2390 3778 Adhuc,
2427 3717 2687 3771 sensibile
2747 3718 3014 3787 estprius
3070 3720 3353 3788 sensitive,
3406 3733 3464 3777 ut
3515 3725 3592 3778 ait

2015 3807 2374 3876 philosophus
2413 3809 2464 3863 in
2521 3807 2975 3866 Prwdicamentis.
3027 3812 3168 3870 Deus
3231 3824 3412 3870 autem
3481 3833 3592 3871 non

2015 3907 2095 3951 est
2135 3899 2431 3963 sensibilis,
2461 3901 2588 3968 quia
2618 3901 2738 3968 ejus
2771 3917 2877 3955 non
2911 3911 2994 3956 est
3021 3918 3241 3968 sensus,
3275 3905 3593 3960 aitsanctus

2016 3989 2331 4055 Dionysius.
2367 3991 2506 4060 Ergo
2537 4007 2566 4044 a
2599 3991 2814 4046 fortiori
2841 4009 2950 4046 non
2985 4004 3069 4048 est
3099 3996 3400 4052 seusitivus
3433 4015 3448 4051 :
3508 4001 3594 4051 ni-

2017 4083 2095 4137 hil
2130 4087 2274 4138 enim
2317 4097 2400 4138 est
2441 4085 2592 4151 prius
2615 4085 2746 4151 Deo,
2782 4100 2839 4139 re
2875 4088 2954 4140 vel
2990 4086 3291 4142 intellectu.
3314 4087 3432 4142 Non
3491 4091 3593 4160 igi-

2015 4184 2106 4228 tur
2141 4175 2325 4229 sentit.

2089 4267 2144 4321 5.
2170 4267 2422 4337 lusttper,
2453 4283 2651 4324 sensus
2694 4285 2800 4325 non
2839 4272 3121 4340 cognoscit
3155 4273 3482 4327 universalia
3540 4283 3596 4326 et

2018 4358 2373 4427 sempiterna,
2408 4359 2501 4412 sed
2527 4359 2670 4429 quod
2704 4368 2789 4416 est
2829 4361 2917 4416 hic
2946 4372 2999 4414 et
3028 4378 3192 4417 nunc.
3233 4361 3375 4418 Deus
3407 4373 3590 4418 autem

2020 4451 2654 4518 cognoscituniversalia
2683 4462 2737 4506 et
2778 4453 3135 4522 sempiterna,
3177 4466 3227 4508 et
3259 4470 3598 4524 quaecunque
3674 4523 3681 4530 ‘

343 4552 552 4604 ἕκαστα
584 4549 676 4602 καὶ
708 4546 800 4599 νῦν
826 4541 1116 4598 ἐπίσταται
1172 4543 1404 4597 καθόλου
1465 4545 1560 4597 καὶ
1603 4545 1751 4597 ἀΐδια
1802 4544 1914 4595 ἐπί·

2027 4537 2443 4592 individualium
2463 4547 2519 4593 et
2573 4541 2930 4608 praesentium
2957 4547 3263 4610 cognoscit,
3314 4548 3599 4612 cognoscit

351 4661 562 4705 σταται,
596 4640 680 4709 ἐφ’
715 4641 837 4692 ὅσον
871 4639 928 4689 ἐν
968 4636 1140 4704 ἐαυτῷ
1196 4635 1375 4689 πάντα
1429 4636 1738 4689 ἐπίσταται.
1806 4637 1920 4688 Οὐκ

347 4735 455 4804 ἄρα
477 4733 816 4786 αἰσθάνεται.
993 4803 996 4808 ,

418 4825 490 4890 ς’.
522 4826 644 4877 Ἐτι
671 4823 732 4875 τὸ
762 4819 1118 4875 αίσθάνεσθαί
1153 4822 1266 4872 ἐστι
1318 4819 1379 4872 τὸ
1413 4819 1558 4889 ἔχειν
1598 4818 1698 4889 τὴν
1723 4820 1788 4872 ὲκ
1816 4818 1921 4870 τῶν

287 4935 298 4944 ν
347 4918 692 4988 πραγμάτων
721 4913 1052 4982 κατάληψιν.
1097 4913 1155 4967 '0
1196 4912 1254 4966 δὲ
1287 4913 1419 4974 Θεὸς
1449 4914 1549 4966 οὐκ
1581 4913 1693 4981 ἔχει
1717 4911 1814 4981 τὴν
1858 4912 1922 4964 ὲκ

347 5010 690 5079 πραγμάτων
713 5005 1040 5074 κατάληψιν,
1073 5005 1208 5059 ἀλλὰ
1269 5005 1475 5074 μᾶλλον
1506 5006 1606 5075 τὴν
1662 5005 1800 5074 πρὸς
1855 5004 1923 5056 τὰ

347 5103 674 5170 πράγματα.
711 5098 827 5150 Οὐκ
855 5098 966 5168 ἄρα
1009 5097 1350 5150 αἰσθάνεται.
1406 5096 1549 5151 Ἀλλ’
1609 5097 1770 5165 ἀρκεῖ
1825 5096 1922 5148 καὶ

346 5210 544 5247 ταυτα.

557 5309 768 5379 Κεφάλ.
838 5308 913 5362 Γν.
949 5308 1079 5360 Ὀτι
1109 5309 1143 5360 ό
1175 5307 1320 5373 Θεός
1349 5306 1482 5360 ἐστι
1529 5304 1707 5360 νοῶν.

416 5427 489 5478 Τὸ
524 5423 624 5494 μὲν
646 5423 736 5478 οὖν
767 5423 841 5496 μὴ
876 5419 1016 5477 εἶναι
1051 5421 1306 5492 αἴσθησιν
1334 5422 1392 5474 ὲν
1421 5420 1499 5490 τῷ
1537 5419 1656 5491 Θεῷ
1711 5421 1775 5474 ἐκ
1831 5436 1918 5472 το-

349 5519 554 5573 σούτων
588 5519 747 5589 δῆλον
771 5533 784 5547 ·
824 5519 904 5570 ὃτι
940 5517 997 5569 δέ
1032 5519 1145 5569 ἐστι
1187 5515 1325 5568 νοῶν
1373 5517 1399 5567 ό
1463 5515 1614 5579 Θεὸς,
1684 5515 1920 5584 φανερὸν

346 5611 618 5664 ἐντεῦθεν.
674 5611 761 5661 Ἐν
791 5608 901 5678 γὰρ
934 5609 1045 5669 τοῖς
1097 5606 1335 5668 κινοῦσι,
1398 5607 1493 5658 καὶ
1550 5605 1914 5673 κινουμένοις,

346 5701 444 5753 οὐκ
477 5700 621 5752 ἔστιν
642 5698 871 5768 ἄπειρον
899 5697 1151 5766 προϊέναι
1179 5711 1192 5724 ⁶
1227 5696 1444 5766 πρῶτον
1474 5694 1594 5766 μὲν,
1624 5696 1706 5748 ὅτι
1740 5697 1916 5749 πάντα

347 5792 416 5854 τὰ
442 5791 666 5848 τοιαῦτα
689 5792 756 5846 τὰ
783 5791 985 5860 ἄπειρα
1015 5789 1094 5842 δεῖ
1119 5786 1347 5858 σώματα
1381 5783 1520 5842 εἶναι
1551 5804 1564 5818 ο
1629 5789 1737 5843 πᾶν
1805 5787 1913 5857 γὰρ

2024 4639 2085 4684 ut
2115 4631 2442 4686 universalia
2475 4640 2530 4686 et
2568 4634 2918 4702 sempiterna,
2947 4634 3000 4688 in
3035 4646 3299 4704 quantum
3331 4637 3388 4691 in
3418 4637 3598 4706 seipso

2023 4723 2205 4776 omnia
2260 4725 2562 4792 cognoscit.
2613 4724 2754 4794 Ergo
2779 4741 2888 4778 non
2919 4728 3104 4781 sentit.

2094 4815 2149 4868 6.
2187 4814 2437 4881 Demum,
2473 4817 2682 4871 sentire
2705 4826 2787 4871 est
2812 4819 3014 4872 habere
3039 4821 3406 4888 cognitionem
3427 4836 3458 4876 a
3515 4837 3600 4876 re-

2023 4905 2161 4970 bus;
2199 4904 2345 4962 Deus
2383 4917 2696 4962 autemnon
2732 4911 2970 4964 desumit
3005 4913 3369 4980 cognitionem
3427 4927 3457 4964 a
3508 4928 3599 4965 re-

2023 4996 2147 5062 bus,
2183 4999 2277 5052 sed
2319 5000 2498 5064 potius
2523 5014 2643 5052 eam
2673 5000 2837 5065 rebus
2863 5003 3228 5074 communicat
3253 5019 3267 5068 ;
3297 5019 3400 5056 non
3437 5002 3602 5070 igitur

2024 5091 2211 5144 sentit.
2247 5090 2448 5145 Verum
2481 5091 2596 5144 haec
2626 5091 2928 5147 suﬂiciunt.

2268 5291 2402 5362 Cap.
2442 5291 2532 5348 Ill.
2571 5295 2720 5358 Quod
2747 5295 2888 5349 Deus
2914 5303 2990 5348 est
3014 5295 3334 5366 intelligens.

2093 5407 2210 5462 Non
2267 5421 2389 5462 esse
2428 5425 2481 5466 in
2519 5409 2624 5462 Deo
2681 5425 2905 5465 sensum
2956 5425 3022 5463 ex
3056 5409 3218 5465 dictis
3265 5419 3450 5482 patet;
3515 5411 3602 5464 in-

2025 5503 2354 5572 telligentem
2408 5521 2538 5559 vero
2599 5521 2721 5558 esse
2789 5503 2958 5558 Deum
3018 5504 3098 5558 sic
3162 5504 3596 5559 demonstratur.

2022 5593 2079 5650 lu
2134 5599 2479 5652 moventibus
2534 5597 2677 5652 enim
2715 5608 2769 5652 et
2803 5598 2989 5660 amotis
3045 5613 3152 5651 nou
3215 5605 3298 5651 est
3344 5599 3601 5667 possibile

2023 5703 2076 5742 tn
2145 5690 2421 5744 inﬁnitum
2498 5690 2814 5759 procedere.
2881 5690 3066 5744 Primo
3129 5691 3390 5760 quidem,
3472 5705 3600 5760 quia

2020 5783 2218 5867 omnia
2260 5783 2575 5856 hujusmodi
2623 5783 2838 5840 inﬁnita
2871 5794 3117 5867 goporte‘tv
3161 5799 3400 5867 corpora
3459 5797 3598 5838 esse.
