4064 6452
497 337 637 402 1293

1717 339 2106 401 'GREGORII
2147 339 2523 399 ACINDYNI

3615 343 3740 410 1224

487 460 664 516 Omne
683 462 825 512 enim
858 457 1002 527 quod
1045 467 1316 523 movetur,
1347 468 1430 514 cst
1467 459 1740 515 divisibile
1765 473 1817 516 et
1844 477 2061 531 corpus,

2177 459 2204 513 ὃ
2237 459 2467 514 κινεῖταὶ
2509 461 2624 513 ἐστι
2653 459 2943 529 διαιρετὸν,
2992 465 3084 516 καὶ
3139 464 3316 534 σῶμα,
3369 463 3443 524 ὡς
3473 463 3741 518 δείκνυται

489 559 552 606 ut
569 550 830 619 probatur
855 550 908 603 in
941 558 1095 603 sexto
1123 547 1505 618 Pliysieorum.
1527 551 1700 604 Omne
1735 560 1915 606 autem
1948 565 2073 605 eor-

489 657 593 711 pus
625 640 771 710 quod
805 646 986 693 movet
1021 648 1258 703 motum,
1281 639 1446 694 simul
1481 641 1609 696 dum
1645 651 1829 697 movet
1889 658 2076 697 move-

495 743 616 800 tur;
647 749 778 802 ergo
813 732 1001 786 omnia
1039 732 1376 786 istainiinita
1416 733 1579 787 simul
1605 745 1914 801 moventur,
1944 736 2072 788 dum

490 840 658 879 unum
683 839 873 879 eorum
907 833 1194 891 movetur;
1233 828 1326 878 sed
1355 841 1524 879 unutn
1559 842 1770 887 eorum.
1805 845 1972 898 quum
2003 828 2074 883 sit

490 917 728 981 ﬁnitum,
759 927 1008 973 movetur
1042 927 1287 988 tempore
1314 923 1465 976 linito
1501 939 1514 977 :
1550 922 1653 976 alia
1689 923 1852 992 igitur
1889 923 2072 975 omnia

487 1009 574 1063 illa
598 1011 808 1064 inﬁnita
841 1020 1133 1066 moventur
1159 1023 1404 1083 tempore
1428 1014 1606 1069 finito.
1641 1013 1752 1069 lloc
1776 1025 1956 1068 autem
1989 1023 2073 1068 est

487 1103 852 1172 impossibile,
883 1108 997 1161 sive
1035 1122 1134 1176 per
1162 1107 1656 1174 continuationem,
1679 1125 1794 1163 sive
1820 1124 1916 1176 per
1938 1123 2072 1163 con-

486 1195 850 1264 tignationem
907 1197 1019 1252 sint
1055 1215 1226 1252 unum
1265 1201 1486 1253 mobile.
1518 1200 1660 1269 Ergo
1719 1201 1772 1254 in
1813 1203 2073 1257 moventi-

483 1285 588 1339 bus
615 1297 666 1339 et
692 1288 858 1342 motis
893 1288 1230 1358 impossibile
1255 1291 1416 1345 estin
1450 1292 1720 1347 inﬁnitum
1755 1292 2069 1361 procedere.

557 1378 833 1444 Secundo,
871 1381 996 1450 quia
1032 1381 1086 1434 in
1138 1384 1492 1438 moventibus
1525 1394 1577 1438 et
1633 1387 1796 1440 motis
1849 1388 2072 1440 ordina-

483 1471 576 1534 tis,
608 1486 840 1539 quorum
891 1473 1104 1528 scilicet
1158 1491 1330 1529 unum
1377 1492 1475 1546 per
1517 1477 1769 1532 ordinem
1828 1479 1898 1532 ab
1963 1480 2072 1533 alio

484 1575 757 1626 movetur,
790 1565 892 1619 hoc
941 1580 1168 1621 necesse
1205 1575 1291 1623 est
1347 1568 1604 1634 inveniri,
1649 1569 1796 1638 quod
1863 1581 2072 1624 remoto

485 1657 938 1722 primomovente
993 1658 1076 1712 vel
1137 1668 1393 1714 cessante
1435 1674 1464 1712 a
1524 1660 1790 1727 motione,
1858 1663 2070 1716 nullum

484 1747 719 1800 aliorum
755 1749 997 1804 movebit
1017 1750 1100 1804 vel
1143 1752 1454 1806 movebitur
1489 1769 1503 1817 ;
1541 1752 1781 1822 primum
1817 1754 1963 1807 enim
1990 1763 2073 1808 est

2181 553 2238 605 ἐν
2258 552 2333 621 τῷ
2360 551 2506 615 ἕκτῳ
2540 555 2640 622 τῆς
2673 553 2934 622 Φυσικῆς.
3003 556 3115 608 Πᾶν
3145 556 3202 610 δὲ
3243 555 3402 624 σῶμα
3435 554 3462 607 ὃ
3490 557 3626 608 κινεῖ
3656 572 3741 608 ιιι⁴

2178 642 2458 708 νοῦμενον,
2490 639 2608 709 ἅμα
2654 643 2794 694 κατὰ
2816 643 2876 694 τὸ
2912 647 3082 697 κινεῖν
3140 647 3392 698 κινεῖται.
3427 646 3604 698 Πάντα
3636 645 3744 713 ἄρα

2177 734 2244 784 τὰ
2272 732 2479 802 ἄπειρα
2505 734 2677 786 ταῦτα
2711 734 2846 804 ὁμοῦ
2874 737 3251 806 κινηθήσεται,
3288 738 3380 791 τοῦ
3427 739 3544 800 ἐνὸς
3570 739 3743 791 αὐτῶν

2177 826 2520 894 κινουμένου.
2570 827 2732 881 Ἀλλά
2758 828 2819 880 τὸ
2868 829 2926 881 ἓν
2983 831 3161 883 αὐτῶν
3199 832 3609 901 πεπερασμένον
3663 832 3741 896 ὃν,

2178 921 2413 972 κινεῖται
2442 921 2498 972 ὲν
2538 922 2943 992 πεπερασμένῳ
2985 924 3178 993 χρόνῳ.
3244 925 3357 978 Καὶ
3384 925 3559 976 πάντα
3581 924 3743 990 ἕτερα

2177 1011 2358 1062 ἐκεῖνα
2391 1010 2460 1063 τά
2489 1001 2694 1078 ἄπειρα
2731 1011 3004 1064 κινοῦνται
3057 1012 3198 1067 κατὰ
3264 1016 3452 1083 χρόνον
3509 1029 3743 1081 πεπερα-

2182 1101 2399 1169 σμένον.
2426 1100 2597 1155 Τοῦτο
2621 1102 2677 1155 δέ
2705 1103 2852 1155 ἐστιν
2877 1102 3136 1156 ἀδύνατον
3157 1121 3170 1135 ·
3208 1103 3238 1171 ἢ
3271 1102 3518 1174 συνεχείᾳ
3555 1104 3586 1172 ἢ
3623 1120 3745 1156 aov-

2176 1194 2341 1264 αφείᾳ
2372 1193 2539 1246 ὄντων
2589 1193 2646 1245 ἓν
2699 1195 2935 1263 κινητόν.
2973 1197 3085 1249 Οὐκ
3137 1196 3244 1266 ἄρα
3272 1198 3329 1248 ὲν
3370 1199 3479 1258 τοῖς
3517 1197 3741 1260 κινοῦσι,

2176 1287 2267 1340 καὶ
2302 1287 2638 1354 κινουμένοις
2671 1287 2816 1341 ἔστιν
2843 1289 2930 1341 ἐπ’
2963 1289 3188 1358 ἄπειρον
3219 1291 3482 1359 προϊέναι,

2248 1378 2514 1446 Δεύτερον
2541 1376 2620 1442 δὲ,
2653 1378 2734 1430 ὃτι
2763 1380 2819 1430 ὲν
2863 1382 2972 1442 τοῖς
3006 1379 3213 1432 κινοῦσι
3272 1382 3366 1433 καὶ
3410 1381 3742 1445 κινουμένοις

2176 1468 2318 1519 κατὰ
2346 1466 2516 1530 τάξιν,
2551 1459 2626 1522 ὧν
2658 1465 2718 1518 τὸ
2748 1467 2808 1520 ἒν
2841 1470 2982 1520 κατὰ
3009 1469 3160 1534 τάξιν
3181 1471 3283 1521 ὑπὸ
3308 1470 3465 1523 ἄλλον
3493 1473 3739 1532 κινεῖται,

2176 1557 2323 1613 τοῦτ’
2365 1560 2430 1612 ἂν
2470 1557 2767 1627 ἀναγκαῖόν
2826 1561 2972 1613 ἐστιν
3025 1560 3399 1629 εὑρίσκεσθαι,
3457 1563 3542 1614 ὅτι
3587 1564 3743 1614 ἀναι-

2178 1654 2448 1725 ρουμένου
2475 1653 2569 1706 τοῦ
2605 1654 2834 1724 πρώτως
2857 1653 3158 1718 κινοῦντος,
3197 1656 3228 1726 ἢ
3271 1654 3588 1723 παυομένής
3642 1654 3744 1723 τῆς

2178 1747 2465 1818 κινήσεως,
2517 1747 2670 1800 οὐδὲν
2727 1748 2837 1800 τῶν
2887 1746 3060 1802 ἄλλων
3090 1751 3322 1819 κινήσει,
3373 1750 3404 1819 ἢ
3455 1746 3743 1817 κινηθήσε-

480 1837 741 1892 omnibus
771 1854 938 1894 causa
970 1843 1226 1896 movendi
1275 1850 1329 1896 et
1350 1857 1373 1884 -”
1397 1843 1626 1897 moveri.
1682 1843 1787 1898 Sed
1830 1845 1875 1898 si
1939 1855 2061 1899 sunt

2172 1857 2263 1893 ται
2301 1855 2317 1871 °
2352 1839 2412 1891 τὸ
2441 1840 2550 1910 γὰρ
2582 1838 2800 1910 πρῶτόν
2830 1843 2976 1892 ἐστιν
3027 1839 3175 1894 αἰτία
3228 1841 3359 1892 πᾶσι
3407 1838 3500 1891 τοῦ
3555 1841 3742 1900 κινεῖν,

482 1930 760 1983 moventia
796 1937 850 1984 et
883 1940 1030 1985 mota
1057 1947 1155 2002 per
1195 1933 1444 1988 ordinem
1468 1935 1524 1987 in
1592 1934 1889 2002 inﬁnitum,
1950 1951 2060 1991 non

476 2021 586 2075 erit
615 2024 850 2090 primum
889 2039 1135 2090 movens,
1174 2027 1266 2081 sed
1300 2028 1488 2080 omnia
1519 2037 1681 2082 erunt
1727 2029 1882 2097 quasi
1945 2045 2060 2082 tne-

477 2113 567 2166 dia
597 2117 892 2168 moventia.
925 2117 1066 2186 Ergo
1089 2116 1300 2170 nullum
1330 2117 1526 2171 horum
1560 2118 1764 2187 poterit
1824 2117 2059 2180 moveri,

478 2213 533 2259 et
556 2207 636 2260 sic
663 2208 799 2261 nihil
838 2209 1150 2264 movebitur
1173 2208 1229 2264 in
1288 2209 1542 2266 mundo:
1603 2210 1750 2280 quod
1809 2211 2066 2266 sensibus

479 2297 770 2353 refellitur.

549 2473 737 2530 Tertia
777 2477 918 2530 ratio
944 2487 1050 2543 est,
1081 2477 1211 2548 quia
1238 2478 1291 2532 id
1323 2478 1467 2547 quod
1503 2487 1682 2532 movet
1711 2477 2056 2532 instrumen-

478 2569 688 2635 taliter,
719 2586 826 2623 non
860 2579 1042 2639 potest
1077 2588 1297 2628 movere
1357 2573 1463 2627 nisi
1523 2573 1596 2628 sit
1651 2572 1854 2641 aliquid
1921 2571 2067 2640 quod

477 2659 857 2727 principaliter
879 2669 1114 2716 moveat.
1143 2661 1249 2716 Sed
1283 2663 1402 2716 siin
1431 2663 1704 2716 inlinitum
1730 2663 2066 2732 procedatur

475 2751 531 2804 in
558 2751 904 2806 moventibus
935 2761 991 2806 et
1030 2753 1218 2817 motis,
1259 2753 1444 2806 omnia
1480 2762 1640 2806 erum
1676 2755 1832 2821 quasi
1859 2753 2066 2806 instru-

475 2843 791 2896 mentaliter
843 2843 1143 2909 moventia,
1212 2855 1378 2899 erunt
1405 2845 1551 2899 enim
1604 2845 1749 2899 sicut
1789 2845 2066 2900 moventia

477 2944 661 3001 mota,
689 2935 826 2991 nihil
875 2947 1058 2992 autem
1081 2939 1186 2992 erit
1238 2939 1384 2993 sicut
1439 2937 1744 3007 principale
1785 2952 2062 2992 movens:

479 3046 617 3102 ergo
661 3032 797 3087 nihil
840 3033 1153 3088 movebitur
1183 3051 1198 3089 :
1231 3033 1380 3104 quod
1413 3033 1688 3088 confutari
1741 3042 1922 3103 potest
1981 3033 2066 3088 in-

477 3122 745 3179 ductione
807 3123 1105 3179 multorum
1171 3140 1295 3195 quae
1362 3134 1654 3179 moventur
1715 3125 1770 3178 in
1837 3124 2067 3179 mundo.

476 3217 707 3286 Propter
769 3218 874 3272 ltoc
933 3227 1154 3286 Oportet
1210 3219 1431 3272 mobilia
1464 3220 1649 3272 omnia
1697 3218 1963 3273 reducere
2012 3218 2068 3272 in

479 3323 647 3360 unum
683 3309 920 3377 primum
954 3325 1177 3366 movens
1204 3312 1470 3380 seipsum.
1499 3309 1721 3366 Moveus
1753 3321 1934 3365 autem
1964 3314 2072 3366 sei-

476 3416 660 3470 psum,
689 3419 746 3457 se
780 3413 959 3458 movet
988 3420 1084 3475 per
1110 3406 1408 3475 appetitum
1439 3415 1491 3460 et
1526 3405 2015 3476 apprehensionem
2049 3421 2065 3458 :

474 3495 587 3548 sola
608 3497 750 3548 enim
781 3498 895 3550 liaze
918 3497 1269 3551 inveniuntur
1290 3498 1468 3568 seipsa
1494 3513 1733 3561 movere,
1760 3507 1946 3568 utpote
2005 3500 2061 3552 in

475 3589 677 3656 quibus
701 3599 785 3643 est
805 3605 1023 3645 movere
1053 3601 1106 3644 et
1161 3592 1394 3645 moveri.
1451 3591 1583 3646 Pars
1608 3592 1774 3662 igitur
1798 3593 1850 3644 in
1883 3593 2063 3661 primo

473 3686 728 3731 movente
756 3693 983 3734 movens
1007 3681 1267 3750 seipsatn,
1293 3690 1508 3749 oportet
1539 3683 1684 3750 qttod
1711 3687 1782 3736 sit
1846 3683 2058 3752 appeti-

477 3779 565 3823 tus
593 3780 647 3822 et
673 3773 1063 3840 apprehensio.
1097 3772 1156 3826 In
1190 3783 1340 3827 motu
1376 3785 1560 3828 autem
1594 3774 1795 3844 quiest
1833 3791 1928 3844 per
1962 3791 2061 3846 ap-

470 3863 700 3930 petitum
726 3873 780 3916 et
809 3865 1330 3932 appreliensionem,
1360 3873 1626 3936 appetens
1667 3876 1720 3920 et
1748 3867 2057 3935 apprehen-

474 3969 596 4006 sum
634 3964 720 4008 est
754 3971 979 4010 movens
1009 3969 1239 4023 motum,
1269 3959 1566 4030 appetibile
1606 3973 1733 4013 vero
1768 3968 1826 4013 et
1861 3974 2058 4032 appre-

472 4044 746 4102 bensibile
773 4058 856 4101 est
876 4063 1102 4104 movens
1134 4066 1242 4104 non
1274 4061 1503 4106 motum.

539 4137 676 4191 Cum
710 4138 874 4209 igitur
918 4141 970 4194 id
1021 4142 1168 4211 quod
1207 4151 1292 4197 est
1341 4144 1588 4197 omnium
1650 4145 1892 4214 primum
1937 4162 2056 4200 mo-

466 4243 624 4294 vens,
653 4232 800 4300 quod
835 4231 1001 4286 Deum
1062 4234 1316 4298 dicimus,
1349 4236 1421 4290 sit
1477 4239 1700 4290 omnino
1736 4237 2050 4305 immotum,

468 4334 681 4392 oportet
719 4325 862 4394 quod
901 4337 1256 4396 comparetur
1289 4333 1355 4382 ad
1390 4341 1674 4385 motorem
1701 4332 1793 4401 qui
1827 4343 1910 4386 est
1935 4348 2051 4388 mo-

467 4433 602 4473 vens
637 4421 903 4488 seipsum,
936 4423 1080 4477 sicut
1109 4424 1400 4493 appetibile
1435 4425 1500 4480 ad
1532 4407 1905 4496 appetentem,
1938 4443 2047 4480 non

2177 1933 2270 1986 καὶ
2307 1931 2600 1986 κινεῖσθαι.
2647 1931 2788 1984 Ἀλλ’
2813 1932 2974 2002 εἴπερ
3006 1934 3089 2002 εἴη
3124 1932 3374 1985 κινοῦντα
3426 1933 3518 1984 καὶ
3563 1931 3743 1983 κινούο

2174 2045 2312 2098 μενοι
2346 2027 2487 2081 κατὰ
2516 2025 2670 2090 τάξιν
2710 2025 2935 2096 ἄπειρα,
2967 2027 3067 2079 οῦκ
3111 2027 3264 2080 ἔσται
3295 2025 3354 2078 τὸ
3404 2025 3613 2095 πρῶτον
3660 2041 3743 2076 κι-

2173 2119 2298 2172 νοῦν
2335 2134 2349 2149 ⁸
2382 2116 2518 2171 ἀλλὰ
2555 2119 2733 2173 πάντα
2785 2117 2938 2171 ἔσται
2986 2119 3175 2187 ὥσπερ
3232 2118 3410 2182 ἄμεσα
3465 2116 3738 2169 κινοῦντα.

2173 2211 2343 2266 Οὐδὲν
2375 2212 2484 2281 ἄρα
2509 2209 2716 2263 τούτων
2752 2211 3042 2280 δυνήσεται
3075 2209 3368 2263 κινεῖσθαι.
3423 2209 3526 2260 Καὶ
3573 2204 3740 2273 ταύτῃ

2175 2304 2329 2358 οὐδὲν
2365 2304 2423 2355 ὲν
2460 2302 2536 2372 τῷ
2560 2302 2749 2372 κόσμῳ
2787 2304 3098 2372 κινήσεται,
3129 2304 3268 2371 ὅπερ
3315 2299 3562 2369 αἰσθήσει
3593 2295 3742 2364 ἑλέτ-

2176 2413 2354 2466 χεται.

2246 2491 2444 2560 Τρίτος
2471 2489 2632 2558 λόγος
2658 2491 2828 2554 ἐστὶν,
2877 2487 2960 2542 ὅτι
3007 2489 3066 2540 τὸ
3100 2486 3283 2541 κινοῦν
3332 2486 3632 2557 ὁργανικῶς
3681 2487 3740 2536 οὺ

2173 2583 2401 2636 δύναται
2439 2585 2632 2647 κινεῖν,
2665 2585 2712 2635 εἰ
2747 2583 2820 2652 μή
2855 2597 2906 2633 τι
2953 2581 3038 2651 εἴη
3091 2581 3152 2634 τὸ
3203 2580 3494 2650 άρχοειδῶς
3538 2577 3738 2632 κινοῦν.

2183 2675 2330 2728 Ἀλλ’
2357 2675 2406 2728 εἰ
2438 2676 2525 2727 ἐπ’
2549 2676 2778 2746 ἄπειρον
2812 2675 2994 2745 προΐει
3023 2675 3082 2726 ὲν
3127 2677 3239 2733 τοῖς
3284 2673 3491 2725 κινοῦσι
3537 2672 3628 2724 καὶ
3660 2688 3742 2722 κι-

2173 2769 2479 2838 νουμένοις,
2535 2769 2715 2822 πάντα
2776 2767 2990 2820 ἔσονται
3044 2766 3296 2836 καθάπερ
3349 2766 3394 2818 εἰ
3440 2765 3741 2831 ὀργανικῶς

2172 2860 2478 2915 κινοῦνται.
2523 2862 2781 2913 Ἔσονται
2815 2862 2925 2930 γὰρ
2957 2861 3136 2914 πάντα
3169 2859 3337 2913 οἱονεὶ
3375 2859 3620 2912 κινοῦντα
3652 2875 3741 2909 κι-

2176 2953 2428 3024 νούμενα.
2470 2951 2640 3007 Οὐδὲν
2662 2952 2720 3004 δὲ
2749 2951 3032 3023 ἀρχοειδὲς
3063 2952 3250 3006 κινοῦν
3271 2967 3284 2981 ⁸
3327 2952 3479 3004 οὐδὲν
3526 2951 3631 3019 ἄρα
3653 2967 3740 3001 κι-

2173 3043 2438 3113 νήσεταιδ
2473 3043 2609 3112 ὅπερ
2639 3042 2756 3095 ἐστὶ
2781 3045 2846 3113 τῇ
2873 3042 3132 3112 ἒπαγωγῇ
3165 3042 3404 3110 ἐλέγχειν
3426 3039 3625 3093 πολλῶν
3679 3043 3742 3091 ὲν

2175 3133 2251 3203 τῷ
2288 3134 2479 3204 κόσμῳ
2502 3133 2866 3204 κινουμένων.
2904 3133 3001 3186 Διὰ
3030 3133 3092 3203 δὴ
3119 3133 3277 3186 τοῦτο
3327 3135 3500 3187 πάντα
3529 3133 3594 3185 τὰ
3649 3149 3739 3184 κι-

2175 3225 2417 3294 νούμενα
2440 3226 2737 3294 ἀναγκαῖον
2761 3227 3055 3297 ἀναφέρειν
3086 3227 3166 3288 εἷς
3203 3243 3256 3279 τι
3306 3225 3516 3296 πρῶτον
3560 3224 3740 3279 κινοῦν

2173 3318 2306 3372 αὐτὸ
2335 3319 2520 3374 ἑαυτό.
2581 3320 2654 3372 Τὸ
2676 3319 2732 3372 δὲ
2770 3320 2956 3374 κινοῦν
2991 3319 3153 3372 ἑαυτὸ
3185 3322 3325 3374 κινεῖ
3364 3319 3522 3373 ἑαυτὸ
3565 3317 3741 3389 ὀρέξει

2170 3391 2620 3480 καῖ’καταλήψει.
2672 3411 2827 3466 Μόνα
2862 3413 2971 3482 γὰρ
3011 3411 3080 3464 τὰ
3127 3411 3350 3464 τοιαῦτα
3403 3411 3741 3481 εὑρίσκονται

2168 3503 2310 3556 αὐτὰ
2336 3503 2506 3556 ἑαυτὰ
2532 3503 2814 3567 κινοῦντα,
2855 3503 2929 3564 ὡς
2961 3505 3016 3556 ὲν
3067 3504 3254 3566 αὐτοῖς
3315 3504 3465 3566 ὄντος
3516 3502 3609 3554 τοῦ
3661 3518 3742 3554 κι-

2167 3599 2301 3661 νεῖν,
2340 3596 2434 3648 καὶ
2476 3596 2766 3649 κινεῖσθαι.
2815 3595 2904 3649 Ἐν
2957 3594 3034 3663 τῷ
3068 3594 3270 3664 πρώτῳ
3301 3594 3476 3648 τοίνυν
3529 3594 3605 3663 τῷ
3657 3611 3742 3645 κι-

2166 3688 2346 3742 νοῦντι
2372 3708 2424 3742 τι
2455 3690 2618 3742 ἑαυτὸ
2652 3689 2713 3741 τὸ
2739 3690 2926 3742 κινοῦν
2955 3691 3120 3757 μέρος
3160 3690 3241 3742 δεῖ
3265 3688 3408 3741 εἶναι
3442 3687 3615 3756 ὄρεξιν
3649 3686 3742 3738 καὶ

2165 3782 2496 3852 κατάληψιν.
2544 3783 2631 3834 Ἐν
2675 3781 2734 3834 δὲ
2788 3783 2854 3851 τῇ
2887 3783 3098 3852 κινήσει
3139 3783 3205 3850 τῇ
3245 3779 3379 3851 οὔσῃ
3426 3779 3601 3848 ὀρέξει
3649 3780 3740 3831 καὶ

2164 3873 2472 3944 καταλήψει
2522 3872 2580 3926 τὸ
2615 3873 2712 3942 μὲν
2756 3871 3124 3943 ὀρεγόμενον,
3178 3872 3270 3923 καὶ
3329 3869 3738 3938 καταλαμβανό-

2164 3966 2326 4034 μενὸν
2377 3967 2495 4018 ἐστι
2537 3963 2723 4019 κινοῦν
2766 3966 3108 4032 κινούμενον,
3165 3962 3227 4014 τὸ
3271 3961 3326 4014 δὲ
3374 3963 3593 4031 ὀρεκτὸν
3646 3961 3737 4012 καὶ

2159 4059 2513 4126 καταληπτόν
2566 4061 2684 4110 ἐστι
2715 4057 2899 4111 κινοῦν
2926 4056 3003 4127 μὴ
3031 4055 3377 4123 κινούμενον.

2244 4152 2400 4204 Ἐπεὶ
2432 4150 2616 4204 τοίνυν
2645 4151 2808 4203 τοῦτο
2852 4150 3074 4203 πάντων
3117 4149 3234 4202 ἐστὶ
3291 4147 3506 4219 πρῶτον
3537 4146 3733 4209 κινοῦν,

2155 4245 2185 4298 ὃ
2211 4244 2346 4298 Θεὶν
2369 4243 2552 4314 φαμέν
2595 4244 2742 4296 ἐστιν
2784 4243 2962 4312 πάντη
3013 4240 3293 4310 ἀκίνητον,
3347 4241 3428 4293 δεῖ
3457 4239 3736 4310 παραϐάλ-

2155 4336 2350 4390 λεσθαι
2397 4336 2535 4406 πρὸς
2591 4334 2653 4386 τὸ
2708 4331 2910 4396 κινοῦν,
2961 4332 3100 4401 ὅπερ
3145 4333 3262 4384 ἐστὶ
3310 4331 3489 4383 κινοῦν
3554 4330 3730 4393 ἑαυτὸ,

2153 4431 2342 4498 ὥσπερ
2401 4427 2626 4496 ὀρεκτὸν
2685 4427 2820 4496 πρὸς
2871 4425 3239 4496 ὀρεγόμενον,
3284 4424 3345 4476 οὐ
3401 4423 3503 4492 μὴν
3550 4421 3732 4493 ὥσπερ

466 4524 597 4564 vero
633 4512 777 4565 sicut
817 4513 1110 4581 appetibile
1135 4517 1376 4571 scnsuali
1403 4517 1646 4586 appetitu
1675 4535 1687 4571 :
1719 4531 1846 4570 nam
1881 4533 2047 4586 appe-

2168 4521 2385 4588 ὀρεκτὸν
2431 4520 2609 4589 ὀρέξει
2653 4519 2942 4589 αῖσθητικῇ
3118 4516 3223 4588 γὰρ
3275 4515 3558 4584 αἰσθητικὴ
3612 4515 3734 4580 δρε-

467 4601 602 4656 titus
641 4605 914 4660 sensualis
939 4621 1049 4661 non
1090 4616 1174 4663 est
1204 4609 1329 4664 boni
1366 4611 1720 4679 simpliciter,
1751 4616 1846 4666 sed
1879 4611 2050 4680 hujus

469 4693 820 4759 particularis
844 4695 996 4761 boni,
1026 4711 1152 4751 cum
1173 4707 1228 4752 et
1253 4699 1618 4767 appreltensio
1644 4699 1916 4754 sensualis
1941 4716 2050 4756 non

468 4785 540 4838 sit
570 4786 674 4840 nisi
710 4787 840 4841 boni
878 4790 1253 4856 particularis.
1278 4790 1413 4843 illud
1442 4797 1624 4842 autem
1647 4790 1788 4858 quod
1850 4801 1934 4844 est
1953 4792 2051 4846 bo-

470 4891 598 4931 tnnn
619 4887 674 4932 et
700 4880 998 4948 appetibile
1031 4883 1378 4952 simpliciter,
1411 4891 1493 4934 est
1518 4881 1676 4946 prius
1705 4895 1770 4935 co
1797 4882 1939 4952 quod
1969 4899 1998 4936 e
2035 4892 2052 4936 t

466 4967 669 5023 bonum
697 4981 750 5024 et
773 4973 1066 5039 appetibile
1106 4975 1195 5027 hic
1226 4981 1280 5025 et
1306 4986 1470 5026 nunc.
1504 4971 1730 5040 Oportet
1758 4973 1923 5042 igitur
1941 4973 2053 5042 pri-

466 5079 614 5116 mum
661 5079 890 5118 movens
919 5080 1046 5119 esse
1076 5065 1374 5135 appetibile
1402 5073 1461 5119 ut
1505 5066 1869 5133 intellectum,
1901 5077 1949 5121 et
1975 5067 2050 5122 ita

464 5163 680 5223 oportet
709 5171 936 5211 movens
955 5158 1102 5226 quod
1127 5158 1335 5227 appetit
1353 5159 1550 5227 ipsum,
1573 5175 1694 5214 esse
1713 5159 2047 5230 intelligens.

468 5248 634 5304 Multo
659 5250 830 5320 igitur
867 5251 1040 5318 magis
1071 5258 1127 5304 et
1168 5253 1346 5322 ipsum
1369 5254 1604 5322 primum
1635 5255 1927 5324 appetibile
1948 5255 2050 5307 erit

469 5344 780 5414 intelligens
815 5359 830 5397 :
863 5345 990 5413 quia
1021 5355 1281 5414 appetens
1311 5347 1488 5415 ipsum
1525 5347 1582 5400 tit
1618 5347 1929 5416 intelligens
1958 5362 2050 5400 ac-

468 5441 521 5485 tu
553 5451 646 5504 per
683 5436 789 5488 hec
843 5434 1058 5504 quodei
1110 5444 1366 5506 tanquam
1438 5435 1765 5504 intelligibili
1832 5435 2045 5488 unitur.

466 5525 691 5593 Oportet
725 5526 894 5597 igitur
924 5526 1093 5584 Deum
1119 5545 1241 5585 esse
1277 5530 1694 5600 intclligentem,
1749 5527 1890 5582 facta
1918 5543 2049 5595 sup-

467 5623 738 5686 positione
767 5621 914 5694 quod
949 5628 1184 5694 primum
1211 5633 1420 5679 motum
1452 5632 1670 5679 moveat
1691 5622 1955 5691 seipsum,
1989 5630 2048 5674 ut

468 5712 776 5787 phttosepbi
803 5719 1114 5774 voluerunt.

457 5888 464 5894 .
533 5813 742 5882 Adhuc,
779 5813 920 5871 idem
943 5829 1169 5872 necesse
1203 5821 1283 5870 est
1341 5811 1519 5881 sequi,
1585 5809 1630 5865 si
1659 5808 1748 5865 tiat
1791 5805 2046 5891 reductio

2158 4613 2240 4680 ξις
2291 4611 2400 4665 ,οὐκ
2455 4611 2570 4664 ἐστι
2617 4610 2711 4664 τοῦ
2770 4609 2974 4678 ἀγαθοῦ
3015 4610 3220 4676 ἁπλῶς,
3272 4608 3407 4662 ἀλλὰ
3439 4609 3591 4662 τοῦδε
3639 4606 3734 4661 τοῦ

2159 4705 2388 4776 μερικοῦ
2417 4703 2650 4771 ἀγαθοῦ,
2682 4703 2915 4756 καθόσον
2975 4702 3070 4758 καὶ
3103 4703 3135 4771 ἡ
3170 4701 3266 4770 τῆς
3312 4701 3609 4771 αἰσθήσεως
3636 4716 3735 4754 κα-

2157 4799 2388 4868 τάληψις
2417 4798 2516 4849 οὐκ
2550 4796 2697 4849 ἔστιν
2731 4796 2781 4848 εἰ
2820 4795 2895 4866 μὴ
2923 4794 3015 4848 τοῦ
3048 4795 3277 4864 μερικοῦ
3306 4793 3532 4862 ἀγαθοῦ.
3590 4794 3653 4846 Ὅ
3678 4793 3734 4846 δέ

2152 4894 2308 4945 ἐστιν
2345 4889 2570 4958 ἀγαθὸν,
2610 4888 2708 4942 καὶ
2736 4888 2925 4957 ἐφετὸν
2957 4886 3171 4950 ἁπλῶς,
3196 4885 3313 4940 ἐστι
3345 4887 3608 4956 πρότερον
3638 4884 3733 4938 τοῦ

2154 4982 2390 5051 ἀγαθοῦ,
2459 4982 2554 5035 καὶ
2606 4977 2799 5048 ἐφετοῦ
2865 4977 3100 5031 ἐνταῦθα
3147 4979 3240 5030 καὶ
3290 4975 3401 5032 νῦν.
3436 4978 3526 5028 Δεῖ
3575 4977 3635 5046 δή
3671 4978 3732 5028 τδ

2157 5076 2378 5147 πρῶτον
2412 5072 2600 5127 κινοῦν
2633 5069 2775 5124 εἶναι
2809 5071 3023 5138 ἐφετὸν,
3048 5071 3124 5132 ὡς
3177 5069 3384 5140 νοητὸν,
3424 5070 3516 5120 καὶ
3562 5068 3731 5139 ταύτῃ

2155 5171 2216 5223 τὸ
2261 5169 2604 5237 κινούμενον,
2649 5167 2788 5233 ὅπερ
2848 5164 3062 5232 ἐφίεται
3103 5162 3290 5228 αὑτοῦ,
3335 5157 3474 5214 εἶναι
3530 5161 3727 5230 νοερόν.

2157 5261 2348 5331 Πολλῷ
2409 5261 2518 5329 ἄρα
2576 5259 2780 5329 μᾶλλον
2837 5257 2969 5310 αὐτὸ
3012 5257 3074 5309 τὸ
3103 5255 3321 5326 πρῶτον
3347 5254 3534 5323 ἐφετὸν
3577 5253 3730 5305 ἔσται

2153 5356 2362 5423 νοερόν.
2399 5350 2474 5404 Τὸ
2535 5352 2644 5420 γάρ
2677 5350 2964 5419 ἐφιέμενον
3018 5347 3182 5402 αὐτοῦ
3219 5348 3424 5415 γίνεται
3482 5345 3732 5414 ἐνεργείᾳ

2154 5448 2343 5518 νοερὸν
2374 5448 2461 5499 διὰ
2489 5446 2550 5498 τὸ
2588 5446 2663 5508 ὡς
2693 5443 2871 5515 νοητῷ
2919 5441 3172 5495 ὲνοῦσθαι
3211 5440 3384 5510 αὐτῷ.
3434 5441 3522 5492 Δεῖ
3551 5439 3730 5490 τοίνυν

2153 5541 2244 5592 τὸν
2273 5539 2408 5591 θεὸν
2436 5535 2576 5592 εἶναι
2604 5538 2794 5606 νοερὸν
2823 5535 3182 5598 ὑποτεθέντος
3223 5534 3317 5587 τοῦ
3371 5533 3584 5602 πρώτου
3640 5549 3732 5583 κι-

2155 5628 2416 5697 νουμένου
2445 5629 2616 5680 κινεῖν
2645 5625 2810 5679 ἑαυτὸ
2869 5625 3009 5678 κατὰ
3059 5625 3156 5694 τὴν
3188 5623 3496 5693 φιλοσόφων
3551 5619 3730 5684 δόξαν.

2209 5805 2350 5895 :Ett
2399 5805 2454 5858 δὲ
2479 5805 2777 5876 ἀναγκαῖον
2807 5805 2864 5859 τὸ
2914 5805 3047 5859 αὐτὸ
3093 5804 3348 5874 ἕπεσθαι,
3375 5805 3422 5858 εἰ
3448 5803 3658 5872 γένοιτο
3694 5803 3729 5873 ἡ
