4064 6518
291 415 428 478 1225

1247 403 1344 462 DE
1378 397 1748 460 ESSENTIA
1776 395 1870 455 ET
1913 388 2400 451 ΟΡΕΠΑΤΙΟΝΕ
2450 385 2601 445 DEI.

3427 374 3554 438 1226

290 523 540 596 ἀναφορά
562 520 666 577 τῶν
700 519 936 590 κινητῶν
962 517 1060 572 οὐκ
1091 516 1170 579 εἷς
1198 534 1250 568 τι
1281 515 1500 585 πρῶτον
1523 511 1705 565 κινοῦν
1739 510 1866 560 ἐαυ-
1896 557 1898 564 ι

2001 504 2278 566 nobilium,
2304 517 2409 554 non
2445 499 2497 553 in
2523 496 2743 566 aliquod
2777 495 3009 565 [nimum
3031 507 3256 547 movens
3289 493 3554 562 seipsum,

286 621 369 684 τὸ,
435 617 549 673 ἀλλ’
599 617 678 678 εἰς
728 613 911 668 κινοῦν
968 630 1020 664 τι.
1086 610 1262 679 πάντη
1298 610 1600 677 ἀκίνητον·
1660 604 1718 655 τὸ
1757 603 1866 670 γὰρ

289 711 521 782 πρώτως
551 708 736 762 κινοῦν
773 709 894 759 ἐστι
923 705 1066 774 ἀρχὴ
1087 702 1316 756 καθόλου
1354 699 1534 768 πάσης
1569 698 1832 766 κινήσεως
1853 708 1865 721 ·

293 805 507 872 ἀνάγκη
569 801 749 854 τοίνυν
793 799 916 852 ἐπεὶ
947 799 1056 850 πᾶν
1090 795 1150 848 τὸ
1209 791 1394 846 κινοῦν
1435 793 1574 844 κινεῖ
1625 787 1765 840 κατά
1817 803 1869 838 τι

290 891 452 961 εἶδος,
485 895 514 948 ὂ
548 895 746 948 σκοπεῖ
771 895 831 946 ὲν
858 890 937 961 τῷ
965 891 1156 951 κινεῖν,
1206 886 1268 939 τὸ
1316 881 1457 946 εἶδος
1498 882 1620 936 καθ’
1665 881 1692 934 ὂ
1750 897 1872 932 σκο-

290 989 386 1040 πεῖ
412 985 472 1038 τὸ
503 986 722 1056 πρῶτον
751 981 960 1046 κινοῦν,
990 981 1070 1032 δεῖ
1091 975 1235 1032 εἶναι
1289 975 1519 1030 καθόλου
1571 968 1735 1036 εἶδος,
1780 972 1872 1024 καὶ

291 1062 526 1130 καθόλου
561 1074 788 1141 ἀγαθόν.
815 1069 967 1135 Εἶδος
1016 1071 1070 1124 δὲ
1121 1069 1200 1138 τῷ
1259 1067 1488 1122 καθόλου
1549 1065 1735 1135 τρόπῳ
1776 1064 1874 1132 οὐχ

292 1169 634 1238 εὑρίσκεται,
661 1167 709 1218 εἰ
745 1165 819 1235 μὴ
856 1167 912 1218 ἐν
945 1163 1022 1234 τῷ
1057 1163 1155 1232 νῷ.
1220 1163 1313 1213 Δεῖ
1344 1161 1523 1212 τοίνυν
1572 1158 1630 1210 τὸ
1658 1157 1874 1226 πρῶτον

293 1258 496 1324 κινοῦν,
539 1259 675 1328 ὅπερ
705 1257 852 1310 ἐστὶν
893 1259 920 1309 ὁ
950 1256 1102 1320 Θεὸς,
1143 1249 1285 1306 εἶναι
1331 1254 1536 1324 νοερόν.

370 1440 433 1511 βξ.
460 1442 581 1492 Ἔτι
612 1442 666 1492 ἐν
700 1438 928 1508 οὐδεμιᾷ
959 1437 1108 1504 τάξει
1130 1436 1237 1488 τῶν
1272 1434 1603 1504 κινουμένων
1632 1433 1880 1503 εὑρίσκε-

294 1551 404 1598 ται,
437 1535 519 1586 ὅτι
558 1536 616 1586 τὸ
655 1532 840 1584 κινοῦν
877 1531 1080 1600 νοερῶς
1113 1532 1228 1581 ἐστι
1269 1530 1500 1599 ὄργανον
1536 1527 1630 1580 τοῦ
1671 1527 1880 1579 κινοῦν-

295 1643 384 1686 τος
417 1625 546 1678 ἄνευ
586 1624 681 1678 νοῦ
703 1663 718 1688 ,
768 1623 902 1676 ἀλλὰ
952 1622 1152 1690 μᾶλλον
1184 1619 1470 1694 ἀνάπαλιν.
1505 1619 1688 1672 Πάντα
1723 1617 1776 1668 δὲ
1815 1617 1881 1669 τὰ

297 1721 356 1772 ὲν
391 1718 469 1789 τῷ
490 1720 682 1788 κόσμῳ
708 1715 1154 1786 παραϐάλλονται
1183 1715 1317 1783 πρὸς
1340 1715 1399 1766 τὸ
1422 1713 1640 1782 πρῶτον
1673 1711 1880 1764 κινοῦν.

312 1813 465 1866 Ἐπεὶ
493 1810 675 1864 τοίνυν
705 1811 763 1863 ὲν
785 1807 863 1879 τῷ
881 1810 1071 1876 κόσμῳ
1102 1807 1448 1875 εὑρίσκονται
1472 1805 1644 1858 πολλὰ
1671 1804 1762 1856 διὰ
1787 1803 1878 1856 νοῦ

298 1899 578 1966 κινοῦντα,
604 1899 864 1954 ἀδύνατόν
884 1901 999 1952 ἐστι
1027 1900 1086 1952 τὸ
1109 1899 1324 1970 πρῶτον
1353 1898 1536 1952 κινοῦν
1569 1901 1735 1952 κινεῖν
1755 1898 1879 1951 ἄνευ

299 1993 418 2051 νοῦ.
465 1995 710 2063 ’Λνάγκη
742 1992 850 2061 ἄρα
868 1992 956 2045 τὸν
987 1991 1120 2044 Θεὸν
1152 1994 1314 2044 νοεῖν.

377 2257 447 2328 γ’.
483 2259 605 2312 Ἔτι
636 2259 701 2311 ἐκ
730 2255 921 2312 τούτου
953 2255 1162 2324 γίνεταί
1195 2273 1245 2309 τι
1279 2255 1439 2317 νοῶν,
1470 2255 1550 2308 ὅτι
1587 2255 1733 2308 ἐστὶν
1760 2254 1887 2308 ἄνευ

303 2352 474 2422 ὕλης,
524 2345 584 2403 οὗ
624 2351 852 2420 σημεῖόν
899 2351 1014 2401 ἐστι
1054 2349 1113 2402 τὸ
1164 2349 1232 2401 τὰ
1266 2346 1382 2417 εἴδη
1421 2349 1670 2416 γίνεσθαι
1724 2351 1892 2418 νοητὰ

304 2443 560 2514 ἐνεργείᾳ
589 2443 708 2494 κατ’
740 2442 1035 2512 ἀφαίρεσιν
1061 2441 1163 2508 τῆς
1191 2440 1345 2510 ὕλης.
1380 2440 1548 2493 Ὅθεν
1589 2441 1684 2493 καὶ¹
1712 2444 1738 2494 ὁ
1769 2442 1893 2504 νοῦς

307 2538 427 2589 ἐστι
481 2535 590 2588 τῶν
641 2533 896 2598 καθόλου,
932 2537 1026 2588 καὶ
1060 2534 1120 2585 οὑ
1164 2533 1272 2585 τῶν
1307 2533 1449 2586 κατὰ
1487 2532 1670 2602 μέρος,
1707 2533 1795 2586 διὰ
1828 2534 1894 2585 τὸ

306 2627 408 2697 τὴν
461 2626 596 2696 ὓλην
641 2622 780 2678 εἶναι
820 2624 1159 2693 ἁτομότητος
1191 2624 1388 2694 ἀρχήν.
1448 2624 1529 2676 Τὰ
1565 2624 1680 2691 εῖδη
1737 2624 1795 2678 δὲ
1825 2624 1894 2677 τὰ

308 2718 478 2790 νοητὰ
508 2719 719 2787 γίνεται
751 2715 809 2769 ἓν
838 2717 978 2783 μετὰ
994 2713 1088 2768 τοῦ
1114 2716 1206 2768 νοῦ
1240 2715 1332 2768 τοῦ
1362 2717 1606 2786 ἐνεργεῖν
1623 2715 1893 2778 νοοῦντος.

309 2810 404 2864 Διὸ
440 2811 534 2863 καὶ
567 2810 617 2862 εἰ
673 2810 740 2861 τὰ
775 2809 888 2877 εῐδη
936 2807 1146 2876 γίνεται
1185 2805 1440 2879 έῦεργείᾳ
1474 2808 1663 2878 νοητὰ,
1715 2810 1800 2862 διὰ
1837 2810 1898 2862 τὸ

309 2898 453 2956 εἶναι
474 2902 604 2955 ἄνευ
639 2901 777 2969 ὕλης
804 2917 818 2932 ο
850 2884 1068 2970 ἁνόιγκη
1094 2900 1186 2953 διὰ
1220 2898 1383 2953 τοῦτο
1409 2899 1553 2954 εἷναί
1584 2917 1636 2955 τι
1663 2905 1898 2972 πρᾶγμα

310 2994 520 3066 νοερὸν,
559 2994 648 3046 διὰ
684 2993 745 3046 τὸ
773 2990 912 3045 εῖναι
945 2993 1076 3046 ἄνευ
1111 2992 1264 3063 ὕλης·
1310 2989 1577 3046 δέδεικται
1615 2994 1672 3047 δὲ
1703 2996 1760 3046 ὲν
1785 2996 1898 3058 τοῖς

309 3087 431 3141 ἄνω
500 3083 642 3140 εἶναι
696 3086 792 3138 τὸν
869 3086 1002 3138 Θεὸν
1075 3086 1254 3155 πάντη
1324 3085 1518 3140 ἄῡλον·
1581 3087 1726 3140 ἔστιν
1788 3087 1899 3159 ἄρα

309 3196 477 3235 νοων.

387 3361 451 3417 δ’.
507 3365 628 3416 Ἔτι
673 3360 901 3432 οὐδεμία
935 3360 1212 3430 τελειότης
1262 3362 1461 3415 ἄπεστι
1501 3360 1594 3414 τοῦ
1628 3361 1736 3415 Θοῦ
1789 3363 1899 3417 τῶν

313 3455 726 3524 εὑρισκομένων
780 3455 836 3506 ὲν
864 3451 1068 3523 ὁτῳοῦν
1109 3457 1258 3521 γένει
1287 3454 1397 3506 τῶν
1429 3454 1599 3508 ὄντων
1622 3470 1634 3484 ·
1671 3458 1807 3526 πρὸς
1843 3458 1900 3510 δὲ

313 3547 417 3608 τὰς
450 3546 642 3606 λοιπὰς
672 3546 783 3598 τῶν
812 3546 982 3599 ὄντων
1007 3546 1358 3615 τελειότητας
1389 3547 1657 3617 κρατίστη
1686 3548 1803 3600 ἐστὶ
1843 3548 1902 3602 τὸ

315 3635 460 3692 εἷναί
483 3657 536 3693 τι
565 3641 772 3710 νοερόν.
806 3639 993 3693 Ἔστιν
1023 3639 1133 3708 ἄρα
1163 3638 1224 3690 τὸ
1256 3641 1396 3692 νοεῖν
1423 3640 1480 3691 ὲν
1511 3639 1588 3708 τῷ
1619 3639 1758 3710 Θεῷ.

392 3825 456 3880 ε’.
504 3826 625 3878 Ἔτι
655 3825 766 3878 πᾶν
801 3822 862 3875 τὸ
892 3823 1069 3876 τεῖνον
1117 3823 1196 3882 εἷς
1232 3839 1284 3874 τι
1339 3822 1490 3886 τέλος
1522 3825 1842 3894 ὡριςμένως
1872 3827 1904 3894 ἣ

317 3918 457 3973 αὐτὸ
491 3918 814 3987 προΐστησιν
845 3915 1022 3984 ἑαυτῷ
1053 3916 1111 3967 τὸ
1139 3916 1313 3978 τέλος,
1349 3915 1380 3984 ἦ
1414 3917 1732 3986 προτίθεται
1758 3918 1906 3987 αὐτῷ

323 4007 457 4079 παρ’
490 4009 675 4063 ἄλλου.
711 4007 920 4070 ’Ἄλλως
962 4007 1071 4074 γὰρ
1121 4007 1180 4058 οὐ
1220 4006 1424 4074 μᾶλλον
1454 4008 1532 4070 εἰς
1583 4007 1700 4060 τόδε
1755 4009 1786 4078 ἢ
1827 4011 1906 4073 είς

327 4102 444 4156 τόδε
473 4104 534 4154 τὸ
563 4101 719 4164 τέλος
751 4099 916 4152 τείνοι
945 4100 1030 4153 ἄν.
1068 4098 1146 4151 Τα
1184 4099 1240 4152 δὲ
1272 4101 1478 4168 φυσικὰ
1517 4101 1788 4156 τείνουσιν
1827 4105 1908 4166 εἰς

324 4192 614 4264 ὡρισμένα
633 4191 790 4260 τέλη.
824 4191 901 4244 Οὐ
935 4191 1044 4262 γὰρ
1075 4190 1182 4243 ἀπὸ
1214 4190 1560 4260 ταυτομάτου
1596 4193 1653 4245 αἱ
1679 4196 1910 4261 φυσικαὶ

322 4285 592 4355 ὠφέλειαι
643 4283 890 4336 ἕπονται.
924 4283 1080 4336 Οὕτω
1126 4283 1234 4352 γὰρ
1268 4281 1369 4334 οὑκ
1417 4281 1484 4334 ἂν
1517 4278 1628 4336 εἷεν
1661 4285 1768 4351 ἀεὶ,
1803 4285 1911 4338 οὐδ’

321 4379 402 4440 ὡς
431 4379 524 4430 ἐπὶ
572 4377 633 4429 τὸ
686 4375 958 4441 πλεῖστον,
997 4375 1111 4428 ἀλλ’
1161 4376 1236 4444 ὡς
1284 4373 1371 4427 ἐπ’
1411 4375 1652 4429 ἔλαττον.
1689 4377 1910 4430 Τούτων

319 4469 437 4540 γάρ
474 4471 591 4521 ἐστι.
623 4468 684 4520 τὸ
735 4466 1044 4536 αὐτόματον
1089 4468 1185 4520 καὶ
1235 4469 1266 4535 ἡ
1316 4460 1478 4538 τύχη.
1525 4469 1678 4521 Ἐπεὶ
1729 4471 1911 4524 τοίνυν

1975 596 2068 650 sed
2100 597 2151 650 in
2191 610 2419 650 movens
2471 592 2693 646 omnino
2760 587 3060 643 immobile.
3119 587 3254 641 Nam
3318 587 3554 656 primum

1974 704 2203 743 movens
2224 698 2308 742 est
2345 685 2656 740 universale
2691 683 3026 753 principium
3063 689 3245 734 motus
3278 695 3291 732 :
3338 687 3558 748 opntlt‘l.

1974 781 2160 849 igitur,
2198 778 2322 847 quia
2356 791 2519 830 omne
2560 791 2786 830 movens
2836 781 3017 828 movet
3046 787 3141 842 per
3179 772 3418 840 aliquam
3455 770 3560 823 ίυι·‹

1976 886 2120 924 mam
2157 885 2318 939 quam
2354 868 2659 923 intenditin
2697 867 2985 931 movendo,
3009 867 3153 936 quod
3185 866 3358 919 forma
3392 881 3553 933 quam

1977 963 2209 1018 intendit
2241 962 2476 1032 primum
2505 976 2752 1026 movens,
2795 961 2865 1016 sit
2905 959 3236 1015 universalis
3290 957 3464 1012 forma
3504 967 3558 1010 et

1978 1054 2285 1108 universale
2305 1055 2526 1108 bonum.
2561 1051 2760 1106 Forma
2815 1052 2998 1106 autem
3035 1067 3130 1122 per
3165 1051 3388 1105 modum
3430 1050 3556 1101 uni-

1987 1147 2262 1201 versalem
2297 1161 2401 1200 non
2434 1147 2712 1200 invenitur
2745 1147 2851 1200 nisi
2883 1147 2934 1199 in
2970 1147 3245 1200 intellectu
3281 1165 3293 1198 :
3344 1153 3563 1213 oportet

1979 1236 2147 1304 igitur
2188 1237 2424 1306 primum
2466 1253 2714 1304 movens,
2752 1238 2894 1308 quod
2937 1249 3020 1292 est
3061 1240 3223 1304 Deus,
3259 1239 3565 1294 essi:intel-

1980 1330 2173 1399 ligens.

2050 1423 2103 1476 2.
2129 1425 2396 1492 Amplius,
2434 1426 2486 1479 in
2518 1425 2666 1478 nullo
2684 1424 2875 1478 ordine
2901 1426 3237 1479 moventium
3269 1425 3563 1489 invenitur,

1981 1515 2126 1585 quod
2162 1531 2385 1573 movens
2413 1534 2511 1587 per
2542 1519 2880 1572 intellectum
2901 1520 2971 1574 εἰ
2995 1519 3426 1573 instrumentum
3449 1521 3569 1588 ejus

1984 1609 2131 1675 quod
2162 1619 2341 1663 movet
2362 1610 2567 1680 absque
2592 1611 2890 1676 intellectu,
2918 1613 3009 1666 sed
3032 1617 3206 1679 magis
3228 1629 3256 1666 e
3276 1629 3564 1668 converso.

1986 1699 2182 1755 Omnia
2213 1711 2396 1756 autem
2437 1704 2711 1758 moventia
2735 1719 2854 1773 qua:
2902 1708 3107 1759 suntin
3135 1706 3359 1770 mundo,
3421 1720 3574 1759 com-

1989 1802 2251 1861 parantur
2277 1796 2342 1848 ad
2372 1795 2609 1862 primum
2643 1811 2871 1850 movens
2895 1814 2906 1849 :
2927 1813 3050 1851 cum
3087 1798 3253 1865 igitur
3283 1799 3334 1852 in
3365 1800 3573 1853 mundo

1917 1862 1957 1917 Β
1989 1883 2337 1939 inveniantur
2371 1885 2540 1939 multa
2579 1869 2853 1941 moventia
2891 1902 2987 1955 per
3048 1886 3413 1952 intellectum,
3468 1888 3576 1940 im-

1989 1978 2250 2044 possibile
2284 1988 2337 2032 et
2369 1977 2605 2045 primum
2673 1993 2903 2033 movens
2949 1993 3169 2032 movere
3219 1978 3426 2047 absque
3489 1978 3577 2031 in-

1989 2069 2228 2134 tellectu,
2274 2085 2495 2125 necesse
2545 2078 2627 2126 est
2679 2071 2845 2139 igitur
2907 2070 3073 2125 Deum
3101 2085 3224 2124 esse
3267 2071 3578 2139 intelligen-

1999 2169 2130 2216 tem.

2067 2256 2119 2310 5.
2156 2256 2310 2323 Item,
2334 2273 2398 2311 ex
2429 2257 2533 2312 hoc
2557 2257 2740 2327 aliqua
2791 2272 2880 2312 res
2901 2264 2984 2311 est
3035 2256 3365 2328 intelligens,
3435 2260 3579 2328 quod

1993 2349 2212 2403 estsine
2251 2351 2482 2404 materia
2518 2349 2720 2418 :cujus
2768 2351 2982 2418 signum
3041 2358 3124 2404 est
3183 2351 3330 2419 quod
3389 2350 3580 2403 farina:

1995 2443 2130 2496 ﬁunt
2153 2443 2443 2497 intellectae
2464 2443 2662 2514 infectu
2684 2457 2782 2512 per
2803 2443 3229 2497 abstractioncm
3253 2459 3281 2497 a
3307 2444 3531 2496 materia
3565 2461 3580 2498 :

1996 2533 2140 2588 unde
2165 2533 2546 2589 etintellectus
2571 2543 2656 2589 est
2679 2534 3100 2597 universalinm,
3139 2543 3193 2588 et
3221 2550 3326 2587 non
3387 2535 3578 2602 singu—

1997 2624 2218 2690 larium,
2237 2626 2363 2695 quia
2397 2626 2624 2680 materia
2649 2633 2733 2680 est
2761 2625 3211 2681 individualionis
3231 2627 3584 2696 principium,

1997 2716 2212 2772 Formae
2246 2727 2426 2773 autem
2461 2719 2754 2774 intellectae
2784 2719 2840 2774 in
2873 2729 3000 2774 actu
3077 2721 3213 2774 ﬁunt
3245 2737 3412 2774 unum
3459 2737 3585 2774 cum

1998 2808 2282 2876 intellectu
2343 2811 2684 2882 intelligente
2725 2813 2778 2866 in
2837 2823 2961 2867 actu
3001 2814 3206 2868 :unde.
3274 2813 3318 2867 si
3364 2829 3429 2867 ex
3483 2814 3588 2867 hoc

2001 2912 2128 2958 sunt
2153 2901 2658 2959 formaaintelleetae
2687 2904 2741 2958 in
2766 2915 2914 2970 actu,
2954 2906 3101 2974 quod
3139 2913 3271 2959 sunt
3307 2907 3426 2960 sine
3458 2922 3577 2959 ma-

2002 2994 2157 3057 teria,
2188 3004 2402 3063 oportet
2431 3010 2544 3049 rem
2579 2996 2819 3064 aliquam
2854 3013 2919 3050 ex
2947 2999 3050 3051 hoc
3073 3013 3197 3052 esse
3265 2999 3580 3068 intelligen-

2001 3083 2132 3147 tem,
2191 3084 2334 3154 quod
2366 3091 2450 3139 est
2499 3084 2620 3141 sine
2655 3088 2908 3142 materia.
2952 3088 3246 3142 Ostensum
3277 3099 3359 3144 est
3401 3100 3582 3144 autem

1929 3217 1970 3275 ο
2005 3189 2170 3244 supra
2199 3174 2370 3230 Deum
2401 3191 2523 3232 esse
2561 3178 2790 3234 omnino
2814 3179 3237 3235 immaterialem
3263 3200 3274 3234 :
3302 3193 3386 3237 est
3417 3183 3585 3253 igitur

2006 3267 2332 3336 intelligens.

2075 3357 2130 3409 4.
2168 3351 2459 3426 Praeterea,
2491 3358 2602 3414 Deo
2656 3360 2807 3414 nulla
2855 3361 3118 3430 perfectio
3150 3364 3323 3430 deest,
3385 3380 3505 3434 qua:
3539 3366 3594 3421 in

2010 3445 2193 3512 aliquo
2215 3461 2415 3517 genere
2450 3451 2658 3504 entium
2689 3451 3025 3507 inveniatur.
3058 3454 3209 3508 ‘luter
3232 3467 3462 3512 canoras
3493 3473 3594 3512 au-

2012 3545 2116 3590 tem
2150 3553 2330 3591 rerum
2387 3539 2755 3606 perfeetiones
2803 3545 3088 3610 potissima
3153 3555 3238 3600 est
3293 3551 3439 3617 quod
3491 3551 3596 3604 ali—

2010 3629 2142 3698 quid
2168 3629 2238 3684 sit
2271 3632 2696 3688 intellectivum.
2763 3636 2858 3691 Est
2893 3637 3059 3707 igitur
3117 3639 3472 3711 intelligentia
3539 3643 3592 3697 in

2011 3721 2141 3776 Deo.

2081 3813 2135 3865 5.
2177 3813 2427 3883 Insuper,
2468 3830 2630 3870 omne
2688 3819 2834 3886 quod
2872 3822 3052 3877 tendit
3110 3823 3473 3880 determinate
3536 3829 3590 3881 in

2014 3903 2250 3974 aliquem
2284 3909 2467 3971 linem,
2491 3920 2586 3965 aut
2618 3913 2795 3982 ipsum
2831 3915 3119 3982 praestituit
3140 3918 3243 3972 sibi
3286 3921 3472 3983 linem,
3501 3931 3597 3973 aut

2013 3999 2372 4067 praestituitur
2409 4003 2459 4057 ei
2487 4003 2610 4059 linis
2662 4006 2730 4058 alt
2771 4006 2879 4059 alio
2915 4023 2928 4070 ;
2966 4008 3101 4062 alias
3132 4010 3274 4063 enim
3310 4028 3413 4062 nou
3480 4030 3596 4066 nm-

2015 4088 2095 4159 gis
2125 4091 2175 4144 in
2204 4090 2349 4145 hunc
2389 4108 2552 4162 quam
2591 4099 2642 4149 in
2703 4097 2852 4150 illum
2889 4099 3049 4152 ﬁnem
3103 4103 3374 4156 tenderet.
3429 4103 3599 4158 Natu-

2015 4181 2150 4235 ralia
2192 4192 2368 4236 autcm
2414 4187 2642 4241 tendunt
2707 4187 2757 4241 in
2809 4191 2940 4244 ti-ncs
2993 4194 3438 4250 determinatus:
3486 4213 3596 4251 non

2017 4274 2159 4327 enim
2194 4289 2223 4328 a
2255 4290 2383 4330 casu
2408 4294 2473 4331 na
2506 4280 2685 4335 urales
2711 4283 2974 4337 utilitates
2995 4297 3433 4355 consequuntur,
3470 4306 3595 4344 nam

2019 4365 2097 4420 sie
2129 4382 2233 4420 non
2267 4380 2454 4424 essent
2489 4387 2703 4442 semper
2736 4385 2831 4428 aut
2859 4376 3204 4447 plerumque,
3241 4381 3333 4434 sed
3383 4384 3602 4438 rarissi-

2018 4461 2378 4515 mozltornm
2427 4465 2570 4517 enim
2626 4479 2706 4520 est
2761 4483 2922 4523 casus
2991 4481 3041 4524 et
3091 4471 3229 4527 fors.
3285 4475 3420 4528 Cum
3473 4493 3604 4546 ergo

325 4563 516 4614 ἐκεῖνα
538 4544 602 4612 οὗ
623 4559 976 4630 προτιθέασιν
1004 4560 1219 4622 ἑαυτοῖς
1242 4559 1301 4612 τὸ
1323 4563 1497 4625 τέλος,
1529 4560 1564 4614 ἃ
1594 4562 1685 4614 τὸν
1707 4563 1800 4616 τοῦ
1828 4564 1898 4616 τέ‹

2027 4554 2143 4623 ipsa
2183 4570 2290 4608 non
2313 4559 2784 4624 przestituantsibi
2820 4562 3002 4628 finem,
3043 4566 3169 4631 quia
3233 4570 3504 4623 rationem
3542 4544 3608 4624 li-

326 4655 456 4718 λους
489 4655 644 4722 λόγον
669 4655 770 4707 οὐκ
803 4653 1008 4721 ἀγνοεῖ,
1045 4652 1259 4722 ἀνάγκη
1309 4653 1523 4717 τούτοις
1557 4655 1916 4725 προτίθεσθαι

330 4748 487 4809 τέλος
522 4747 620 4803 ἀπ’
649 4747 833 4812 ἄλλου,
869 4747 1006 4817 ὅπερ
1041 4746 1191 4798 ἐστὶν
1229 4747 1392 4798 οἱονεὶ
1438 4751 1803 4816 μυσταγωγὸν
1839 4752 1919 4812 εἰς

331 4843 396 4894 τὸ
431 4843 603 4906 τέλος.
635 4842 806 4894 Τοῦτο
840 4840 898 4894 δέ
931 4842 1082 4893 ἐστιν
1129 4840 1157 4892 ὃ
1209 4843 1342 4893 πᾶσι
1391 4844 1624 4912 χορηγεῖ
1665 4843 1725 4896 τὸ
1758 4840 1916 4910 εἶναι,

327 4935 429 4988 καὶ
481 4933 598 4986 ἐστι
632 4932 756 4986 καθ’
787 4932 922 4985 αὐτὸ
967 4933 1267 4999 ἀναγκαῖον
1300 4927 1460 4997 εἶναι,
1503 4935 1530 4985 ὅ
1563 4951 1744 5002 φαμεν
1779 4930 1920 4988 εἶναι

324 5027 426 5080 τὸν
457 5025 624 5090 Θεὸν,
653 5025 729 5087 ὡς
763 5026 827 5077 ἐκ
871 5025 982 5078 τῶν
1011 5025 1124 5078 ἅνω
1154 5025 1464 5096 εἰρημένων
1497 5028 1769 5095 φαίνεται.
1805 5030 1921 5080 Οὐκ

331 5120 402 5174 ἂν
443 5120 500 5173 δὲ
529 5117 746 5173 δύναιτο
793 5119 1107 5188 προτιθέναι
1139 5121 1205 5189 τῇ
1255 5119 1414 5188 φύσει
1445 5119 1507 5173 τὸ
1547 5119 1723 5187 τέλος,
1757 5123 1805 5174 εἰ
1845 5123 1921 5192 μὴ

332 5213 508 5280 νοοῖη.
548 5212 606 5264 Ὀ
638 5212 771 5274 Θεὸς
803 5212 909 5281 ἄρα
938 5214 1068 5267 νοεῖ.

408 5303 481 5368 ς’.
514 5305 634 5356 Ἔτι
667 5306 773 5358 πᾶν
797 5308 857 5358 τὸ
874 5307 1063 5367 ἀτελὲς
1097 5307 1344 5376 πρόεισιν
1374 5308 1483 5360 ἀπό
1511 5326 1657 5372 τινος
1691 5311 1918 5364 τελείου.

334 5395 419 5448 Τὰ
448 5397 556 5466 γὰρ
586 5397 768 5449 τέλεια
794 5397 954 5467 φύσει
992 5400 1234 5470 πρότερά
1269 5403 1383 5454 ἐστι
1412 5401 1524 5453 τῶν
1548 5403 1774 5466 ἀτελῶν,
1811 5405 1922 5458 ὥπ-

337 5501 446 5555 περ
468 5490 501 5556 η
531 5487 782 5558 ἐνέργεια
804 5489 904 5556 τῆς
936 5489 1245 5557 δυνάμεως.
1281 5491 1360 5542 Τὰ
1386 5490 1442 5542 δὲ
1475 5491 1614 5559 εἴδη,
1643 5493 1709 5542 τὶ
1733 5493 1789 5543 ἐν
1813 5494 1924 5551 τοῖς

341 5577 570 5649 ἀτόμοις
620 5578 774 5644 ὄντα,
815 5581 964 5635 ἔστιν
1019 5582 1182 5652 ἀτελῆ
1217 5583 1306 5636 διὰ
1349 5585 1410 5636 τὸ
1443 5586 1710 5654 μερικῶς,
1736 5585 1830 5636 καὶ
1864 5585 1922 5637 οὐ

341 5686 489 5726 κατα
520 5671 610 5724 τὸν
641 5671 800 5739 λόγον
841 5673 940 5742 τῆς
986 5675 1196 5726 ἑαυτῶν
1228 5675 1543 5742 κοινότητος
1574 5674 1918 5744 ἐνυπάρχειν.

345 5767 440 5818 Δεῖ
463 5763 526 5835 δὴ
556 5767 631 5835 μὴ
656 5765 902 5836 προῖέναι
932 5767 1038 5819 ἀπό
1059 5785 1221 5820 τινων
1258 5768 1415 5819 εἰδῶν
1445 5767 1690 5830 τελείων,
1743 5769 1834 5820 καὶ
1862 5768 1922 5819 οῦ

349 5854 610 5926 μερικῶν.
648 5854 881 5905 Τοιαῦτα
912 5855 966 5906 δὲ
997 5855 1112 5924 εἴδη
1147 5857 1206 5908 οὺ
1239 5857 1464 5910 δύηται
1496 5851 1636 5911 εἶναι
1668 5857 1713 5908 εἰ
1747 5857 1822 5928 μὴ
1858 5858 1922 5910 τὰ

629 5951 900 6010 Ρριτιιοιη
939 5954 1054 6013 Gn.
1110 5953 1236 6012 CLI
1389 6035 1392 6038 γ
1729 5945 1754 5962 ’
1827 6022 1842 6044 ,⁸

2027 4647 2110 4702 nis
2143 4665 2248 4701 non
2280 4661 2643 4717 cognoscunt,
2676 4664 2892 4723 oportet
2919 4655 2998 4710 eis
3023 4661 3284 4726 prazstitui
3322 4662 3479 4715 finem
3541 4665 3610 4716 ab

2025 4739 2153 4801 alio,
2182 4740 2326 4807 quod
2349 4741 2420 4795 sit
2451 4743 2597 4796 velut
2622 4745 2888 4801 inducens
2919 4747 2984 4802 ad
3040 4749 3220 4806 liuent.
3287 4752 3399 4807 Hoc
3423 4762 3607 4807 autem

2025 4841 2110 4882 est
2160 4833 2303 4894 quod
2335 4833 2539 4901 pra-bet
2569 4837 2824 4892 omnibus
2862 4853 3005 4904 esse,
3035 4849 3087 4893 et
3121 4850 3204 4896 est
3238 4859 3334 4911 per
3362 4845 3609 4911 seipsum

2025 4935 2251 4976 necesse
2277 4941 2404 4978 esse
2444 4944 2456 4979 :
2493 4929 2636 4996 quod
2668 4930 2902 4984 dicimus
2931 4947 3055 4986 esse
3093 4935 3286 4999 Deum,
3341 4945 3394 4987 ut
3423 4951 3487 4988 ex
3517 4951 3610 4987 Stt—

2026 5014 2291 5080 pradietis
2324 5027 2488 5085 patet.
2555 5019 2671 5073 Non
2715 5032 2896 5077 autem
2953 5035 3136 5094 posset
3182 5036 3391 5081 natura:
3447 5029 3610 5081 tinent

2029 5105 2397 5171 praestituere,
2435 5108 2538 5164 nisi
2581 5110 2933 5182 intelligeret.
2971 5115 3113 5170 Deus
3180 5094 3346 5182 igitur
3385 5127 3465 5172 est
3521 5121 3611 5172 in-

2027 5197 2297 5267 telligens.
3201 5227 3206 5231 -

2102 5288 2155 5342 6.
2192 5290 2450 5359 Denique,
2477 5308 2638 5350 omne
2674 5296 2819 5364 quod
2853 5309 2935 5352 est
2958 5300 3360 5367 imperfectum,
3396 5301 3616 5356 derivaé

2031 5394 2114 5440 tur
2150 5388 2224 5440 ab
2255 5387 2442 5456 aliquo
2492 5389 2739 5456 perferto
2769 5410 2781 5446 :
2813 5408 2936 5444 nam
2989 5391 3230 5461 perfecta
3283 5396 3616 5451 naturaliter

2029 5481 2370 5548 suntpriora
2402 5481 2764 5550 imperfectis,
2825 5486 3144 5538 sicutactus
3199 5489 3462 5556 potentia.
3503 5487 3613 5544 Sed

2029 5571 2218 5628 forma:
2244 5574 2295 5625 in
2327 5575 2493 5628 rebus
2528 5575 2829 5630 individuis
2863 5577 3189 5633 exsisleutes
3211 5591 3340 5634 sunt
3397 5581 3610 5651 imper-

2031 5667 2203 5730 tectae,
2230 5668 2359 5736 quia
2384 5669 2792 5737 particulariter
2827 5679 2883 5725 et
2914 5687 3021 5726 non
3047 5675 3348 5728 secundum
3366 5690 3613 5729 commu-

2035 5760 2264 5812 nitatem
2291 5775 2405 5814 suae
2433 5761 2663 5817 rationis
2695 5762 2884 5817 insunt
2930 5783 2942 5818 :
2979 5775 3196 5834 oportet
3243 5768 3408 5836 igitur
3471 5770 3618 5834 qttud

2034 5855 2350 5909 deriveulur
2382 5854 2448 5908 ab
2506 5857 2778 5927 aliquibus
2828 5859 3018 5915 formis
3074 5861 3338 5931 perfectis
3402 5876 3452 5917 et
3507 5880 3619 5918 non

3155 5958 3233 6017 39
