4064 6526
373 435 510 500 1229

370 637 424 690 δὲ
453 637 612 702 ζώοις
662 637 802 689 κατὰ
820 637 918 705 τὴν
943 635 1264 704 αἰσθητικὴν
1282 633 1484 703 ὅρεξιν.
1510 634 1622 694 τοῖς
1641 631 1697 683 δὲ
1725 646 1946 698 στερου-

372 729 555 799 μένοις
582 729 892 798 αἰσθήσεως
929 729 1018 782 διὰ
1050 732 1148 798 τῆς
1183 727 1419 796 φυσικῆς
1447 725 1702 795 ὀρέξεως.
1737 723 1950 784 Ἄλλως

373 821 558 889 μέντοι
586 823 696 883 τοῖς
729 821 912 890 έχουσι
953 824 1053 888 τὴν
1106 822 1242 872 ἰδίαν
1277 819 1621 887 τελειότητα,
1652 817 1744 868 καὶ
1775 815 1951 875 ἄλλως

365 914 480 974 τοῖς
505 912 581 982 μὴ
613 913 819 981 ἔχουσι.
842 913 922 966 Τὰ
953 913 1060 982 γὰρ
1086 912 1160 982 μὴ
1195 913 1390 980 ἔχοντα
1422 909 1520 979 τὴν
1547 908 1838 979 ὀρεκτικὴν
1859 907 1952 959 δύ-

367 1021 532 1071 ναμιν
560 1005 832 1076 ἐπιθυμίᾳ
852 1004 944 1058 τοῦ
981 1005 1189 1058 ἑαυτῶν
1213 1000 1355 1056 εἶναι
1387 1001 1680 1054 σπεύδουσι
1718 999 1854 1067 πρὸς
1891 995 1952 1048 τὸ

379 1095 884 1163 ἀντιλαμϐάνεσθαι
922 1096 1016 1148 τοῦ
1041 1095 1538 1159 ἐνδέοντοςῗαὺτοῖς.
1571 1091 1651 1144 Τὰ
1682 1090 1736 1142 δὲ
1765 1089 1960 1159 ἔχοντα,

373 1187 731 1255 ὴρεμίζονται
755 1190 811 1240 ἐν
840 1187 1184 1256 αὖτῷ.Τοῢτο
1210 1189 1392 1240 τοίνυν
1422 1185 1683 1238 ἀδύνατον
1717 1185 1790 1252 μὴ
1816 1183 1956 1236 ἐνεῖ-

369 1300 462 1335 ναι
495 1281 572 1352 τῷ
611 1282 814 1353 πρώτῳ
851 1282 983 1348 ὄντι,
1014 1283 1152 1352 ὅπερ
1179 1282 1328 1336 ἐστὶν
1366 1285 1393 1334 ὁ
1429 1277 1755 1341 Θεός.Ἐπεὶ
1777 1277 1956 1329 τοίνυν

369 1375 517 1425 ἐστὶν
547 1376 574 1425 ὁ
601 1375 760 1436 νοῶν,
794 1375 972 1453 δῆλον,
1005 1377 1086 1426 ὅτι
1120 1372 1422 1443 ἐνυπάρχει
1455 1371 1605 1440 αὐτῷ
1641 1370 1884 1437 ϐέλτισις,
1922 1361 1956 1442 ᾖ

367 1466 595 1534 ἀρέσκει
648 1464 799 1535 αὐτῷ
855 1467 916 1519 τὸ
978 1461 1120 1519 εἷναι
1173 1465 1382 1530 αὑτοῦ,
1431 1465 1526 1517 καὶ
1585 1464 1619 1533 ἡ
1681 1461 1957 1531 ἁγαθότης

369 1557 559 1612 αὑτοῦ.

439 1661 502 1716 δ’.
541 1664 667 1717 Ἔτι
702 1665 760 1718 τὸ
799 1668 962 1730 νοεῖν,
1003 1666 1127 1718 ὅσον
1157 1665 1492 1734 τελειότερὸν
1529 1665 1666 1730 ἐστι,
1701 1661 1958 1717 τοσοῦτον

369 1753 632 1824 ἡδύτερὸν
677 1758 793 1809 ἐστι
827 1756 904 1827 τῷ
937 1758 1171 1810 νοοῦντι.
1225 1758 1282 1810 '0
1329 1759 1385 1811 δέ
1414 1758 1546 1818 Θεὸς
1595 1758 1730 1822 νοεῖ,
1768 1757 1862 1807 καὶ
1897 1754 1958 1806 τὸ

373 1847 514 1899 νοεῖν
549 1847 716 1900 αὐτοῦ
768 1849 887 1901 ἐστι
919 1850 1285 1916 τελειότατον,
1316 1849 1391 1910 ὡς
1418 1851 1476 1902 ἐν
1507 1851 1618 1910 τοῖς
1644 1849 1756 1902 ἄνω
1785 1847 1957 1900 δέδει-

370 1953 518 1991 κται.
564 1940 752 1992 Ἔστιν
802 1940 912 2010 ἄρα
939 1941 1000 1993 τὸ
1034 1944 1176 1994 νοεῖν
1209 1941 1377 1996 αὐτοῦ
1415 1942 1632 2011 ἥδιστον
1665 1939 1838 2008 αὐτῷ.
1889 1939 1954 1992 Ἡ

370 2029 426 2082 δέ
459 2029 618 2100 νοερὰ
644 2029 847 2101 τέρνιιις
874 2033 990 2085 ἐστὶ
1020 2034 1108 2086 διὰ
1144 2032 1438 2103 Θελήσεως,
1476 2031 1667 2102 ὥσπερ
1699 2033 1730 2100 ἡ
1759 2031 1955 2098 αἰσθη-

369 2122 495 2192 τικὴ
522 2123 716 2192 τέρψις
749 2124 866 2177 ἐστὶ
893 2125 1037 2178 κατὰ
1065 2123 1162 2195 τὴν
1194 2125 1286 2177 τοῦ
1319 2123 1718 2194 ἐπιθυμητικοῦ
1753 2123 1952 2194 ὄρεξιν.

377 2213 535 2268 Ἐστι
571 2215 750 2269 τοίνυν
786 2218 842 2270 ὲν
877 2215 955 2287 τῷ
983 2216 1101 2288 Θεῷ
1130 2217 1371 2288 Θέλησις.
1506 2211 1508 2213 ’

444 2335 506 2384 ε’.
561 2331 681 2384 Ἐτι
721 2330 781 2383 τὸ
834 2327 971 2394 εἶδος
1021 2332 1083 2384 τὸ
1111 2332 1200 2385 διὰ
1243 2330 1338 2384 τοῦ
1371 2329 1460 2382 νοῦ
1499 2330 1778 2400 θεωρηθέν
1835 2330 1958 2384 οὐδὲ

372 2424 536 2484 κινεῖ,
558 2422 679 2475 οὐδὲ
712 2423 864 2477 αἰτία
898 2423 1015 2476 ἐστί
1044 2441 1210 2489 τινος,
1246 2426 1291 2477 εἰ
1327 2424 1401 2496 μὴ
1435 2425 1524 2477 διὰ
1554 2424 1827 2494 θελήσεως
1862 2434 1960 2492 με-

375 2513 719 2584 σιτευούσης,
850 2515 1228 2584 ἀντικείμενον
1268 2516 1385 2568 ἐστι
1434 2517 1491 2568 τὸ
1554 2517 1706 2579 τέλος
1749 2517 1842 2569 καὶ
1899 2516 1959 2568 τὸ

373 2606 603 2674 ἀγαθὸν,
637 2606 726 2675 ὑφ’
752 2598 813 2657 οὗ
863 2608 1096 2660 κινεῖταί
1145 2625 1228 2670 τις
1257 2608 1391 2676 πρὸς
1430 2607 1489 2660 τὸ
1523 2610 1718 2662 ποιεῖν.
1780 2607 1944 2660 Ἀλλᾶ

372 2699 434 2750 τὴ
459 2697 598 2761 εἶδος
625 2700 719 2752 τοῦ
747 2699 894 2752 θείου
926 2699 1019 2754 νοῦ
1051 2701 1197 2775 ἐστιν
1222 2701 1370 2754 αἰτία
1406 2703 1694 2772 κινήσεως,
1729 2702 1821 2754 καὶ
1859 2700 1954 2753 τοῦ

374 2787 517 2844 εἶναι
541 2794 653 2853 τοῖς
677 2792 884 2855 ἀλλοιςο
902 2796 1047 2861 ποιεῖ
1067 2793 1177 2863 γὰρ
1208 2794 1297 2847 διὰ
1328 2793 1420 2848 νοῦ
1453 2795 1519 2848 τὰ
1543 2794 1692 2848 ὄντα.
1715 2794 1960 2863 ’Λνέιγκη

375 2887 560 2936 τοίνυν
594 2869 756 2937 αὑτὸν
789 2884 930 2938 εἶναι
963 2884 1208 2940 θέλοντα.

449 2999 657 3060 ς’.”Ετι
686 2998 742 3050 ἐν
774 3001 895 3060 ταῖς
921 3000 1173 3068 κινηταῖς
1204 2999 1467 3069 δυνάμεσι
1487 3001 1581 3054 καὶ
1606 3002 1663 3052 ὲν
1696 3002 1810 3057 τοῖς
1837 3001 1960 3054 νοῦν

376 3093 598 3163 ἔχουσιν
629 3093 848 3164 πρῶτον
877 3092 1194 3163 εὑρίσκεται
1234 3091 1458 3162 θέλησις
1483 3108 1496 3123 °
1532 3093 1563 3162 ἡ
1606 3080 1722 3161 γὰρ
1743 3091 1962 3162 θέλησις

377 3187 560 3238 πᾶσαν
588 3185 822 3256 δύναμιν
851 3187 1121 3257 προσάγει
1174 3187 1254 3246 εἰς
1284 3187 1385 3254 τὴν
1419 3185 1622 3256 ἑαυτῆς
1653 3186 1957 3256 ἐνέργειαν.

374 3277 625 3347 Νοοῦμεν
674 3255 804 3347 γὰρ,
837 3255 918 3332 ὅτι
976 3278 1226 3348 θέλομεν,
1278 3278 1375 3330 καὶ
1429 3255 1836 3348 φανταζὸμεθα,
1878 3281 1962 3333 ὅτι
1991 3255 2033 3311 C

375 3368 609 3439 θέλομεν
632 3386 646 3402 ’
684 3371 779 3424 καὶ
811 3370 954 3424 οὕτω
986 3370 1116 3440 περὶ
1144 3371 1254 3423 τῶν
1281 3371 1475 3424 ἄλλων.
1512 3371 1615 3424 Καὶ
1649 3371 1811 3425 τοῦτο
1846 3371 1960 3442 ἔχει

377 3465 466 3530 ἐφ’
501 3463 627 3516 ὅσον
672 3463 733 3516 τδ
763 3463 1142 3533 ἀντικείμενον
1197 3463 1379 3527 αὐτοῖς
1415 3464 1528 3516 ἐστι
1571 3464 1631 3516 τὸ
1683 3462 1858 3526 τέλος.
1904 3464 1965 3517 ’0

374 3555 489 3624 γὰρ
522 3554 646 3617 νοῦς
685 3556 744 3608 οὐ
799 3557 940 3609 κατὰ
969 3556 1060 3608 τὸν
1085 3555 1290 3624 τρόπον
1321 3559 1423 3626 τῆς
1460 3557 1757 3626 ποιητικῆς
1788 3557 1966 3620 αἰτίας

378 3645 478 3698 καὶ
509 3645 610 3713 τῆς
639 3646 918 3716 κινούσης,
949 3646 1087 3700 ἀλλὰ
1107 3645 1251 3700 κατὰ
1279 3646 1370 3700 τὸν
1395 3645 1496 3714 τῆς
1527 3645 1750 3716 τελικῆς
1781 3647 1966 3709 αἰτίας

381 3717 523 3791 κινεῖ
552 3737 650 3808 τὴν
673 3738 922 3808 Θέλησιν,
950 3738 1233 3808 προτιθεὶς
1262 3739 1398 3806 αὐτῇ
1419 3737 1630 3791 τδῖδιον
1653 3738 1965 3808 ἀντικείμεο

379 3848 494 3892 νον,
528 3833 666 3898 ὅπερ
697 3832 816 3884 ἐστὶ
845 3833 905 3884 τὸ
936 3831 1141 3898 ἀγαθὸν
1173 3831 1372 3899 νόημα.
1410 3830 1500 3900 Τῷ
1543 3829 1747 3900 πρώτῳ
1782 3833 1965 3906 τοίνυν

382 3923 625 3977 ποιοῦντι
659 3924 930 3994 προσήκει
965 3923 1200 3994 μάλιστα
1235 3923 1296 3975 τὸ
1331 3923 1476 3992 ἔχειν
1510 3923 1752 3994 Οῖέλησιν.

455 4035 523 4097 ζ’.
564 4038 685 4089 Ἔτι
719 4036 781 4088 τὸ
817 4030 971 4098 τέλος
1004 4037 1100 4090 καὶ
1138 4035 1199 4087 τὸ
1229 4035 1364 4104 πρὸς
1396 4035 1454 4087 τὸ
1487 4035 1644 4100 τέλος
1697 4036 1785 4089 ἀεὶ
1817 4036 1965 4107 εὑρί-

384 4146 606 4182 σκονται
664 4127 937 4197 ὁμοταγῆ.
990 4127 1155 4180 Ὅθεν
1190 4127 1284 4180 καὶ
1335 4126 1396 4178 τὸ
1447 4128 1582 4196 πρὴς
1613 4128 1672 4181 τδ
1710 4128 1862 4191 τέλος
1906 4129 1966 4180 τὸ

381 4219 686 4287 ἀναλογοῦν
720 4220 798 4289 τῷ
849 4219 1091 4272 ποιοῦντι
1141 4221 1336 4272 πίπτει
1371 4223 1451 4283 εἰς
1481 4221 1539 4273 τὸ
1569 4220 1701 4274 αὐτὸ
1728 4220 1804 4290 τῷ
1838 4221 1969 4273 εῖδει

387 4315 528 4381 μετὰ
552 4312 646 4364 τοῦ
685 4311 990 4375 ποιοῦντος,
1021 4312 1096 4374 ὡς
1141 4313 1239 4382 μὲν
1273 4313 1332 4363 ἐν
1362 4315 1477 4376 τοῖς
1513 4315 1786 4380 φυσικοῖς,
1821 4313 1892 4375 ὡς
1916 4313 1971 4365 δὲ

384 4404 492 4457 κάν
523 4407 634 4466 τοῖς
673 4405 962 4473 τεχνικοῖς.
997 4405 1069 4456 Τὸ
1101 4405 1209 4473 γὰρ
1240 4405 1336 4472 τῆς
1367 4405 1563 4474 τέχνης
1592 4400 1749 4470 εἶδος,
1779 4406 1846 4457 δι’
1868 4400 1972 4458 οὗὸ

380 4496 632 4566 τεχνίτης
663 4499 828 4570 ποιεῖ,
861 4495 1007 4548 ἔστιν
1038 4489 1180 4558 εἶδος
1208 4499 1425 4567 μορφῆς
1456 4497 1664 4562 ένυλον,
1696 4499 1831 4567 ὅπερ
1860 4498 1984 4549 ἐστὶ·

1341 429 1442 487 DE
1474 423 1851 486 ESSENTIA
1889 420 1984 479 ET
2017 419 2506 479 OP-ERATIONE
2555 419 2708 479 DEl.

373 545 568 600 ἑαυτοῦ
613 543 836 616 τρόπον,
867 545 979 607 τοῖς
1019 543 1118 614 μὲν
1165 546 1370 610 νοεροῖς
1397 541 1540 594 κατὰ
1573 541 1814 609 θέλησιν,
1838 537 1950 598 τοῖς

2076 534 2550 603 tnicuiqueautem
2592 533 2894 589 secundum
2947 546 3109 586 suum
3145 531 3363 583 modum
3401 549 3412 583 :

3501 412 3561 475 1:2
3583 414 3633 466 to

3479 531 3636 583 ittlcl-

2054 625 2380 681 lectualibus
2411 626 2629 693 quidem
2657 641 2751 693 per
2784 627 3142 688 voluntatem,
3177 623 3505 678 animalibus
3537 638 3654 692 per.

2054 715 2366 770 sensibilem
2398 715 2720 784 appetitum,
2779 716 3102 769 carentibus
3147 727 3276 768 vero
3320 729 3486 768 sensu
3544 729 3641 782 per

2054 807 2729 876 appetitum_naturalem;
2771 807 3147 875 alitertamen
3184 807 3249 860 iis
3281 821 3403 876 quae
3438 806 3645 860 habent

2055 898 2332 968 propriam
2357 897 2776 966 perfectionem,
2803 908 2855 954 et
2873 900 3028 954 aliter
3056 899 3122 953 iis
3141 915 3259 968 qum
3277 914 3385 952 non
3404 899 3641 962 habent;

2058 1004 2184 1043 nam
2206 1005 2270 1044 ca
2311 1006 2431 1060 qua:
2466 1005 2572 1044 non
2607 992 2828 1056 habent,
2860 1006 2954 1060 per
2993 992 3346 1062 appetitivam
3380 991 3641 1046 virtutem

2058 1082 2275 1137 sitiesse
2297 1082 2611 1138 desiderant
2635 1084 2924 1153 acquirere
2957 1086 3100 1154 quod
3129 1085 3264 1149 ipsis
3310 1083 3485 1148 deest,
3522 1100 3645 1153 qua:

2059 1184 2239 1228 autem
2277 1176 2501 1242 habent,
2529 1178 2848 1244 quietantur
2882 1177 2933 1230 in
2983 1177 3126 1245 ipso.
3162 1177 3278 1231 Hoc
3323 1177 3488 1247 igitur
3535 1193 3642 1230 non

2059 1275 2237 1336 potest
2261 1268 2452 1322 deesse
2479 1269 2654 1337 primo
2687 1268 2820 1334 enti,
2855 1269 3000 1337 quod
3025 1280 3102 1323 est
3136 1269 3281 1323 Deus
3319 1284 3475 1323 zeum
3545 1268 3644 1336 igi-

2063 1367 2150 1413 tur
2179 1359 2251 1412 sit
2276 1359 2606 1428 intelligcns,
2640 1361 2924 1416 evidenter
2964 1361 3114 1415 inest
3145 1361 3194 1414 ei
3228 1361 3500 1424 voluntas,
3532 1377 3640 1430 qua

2061 1439 2241 1520 placet
2262 1449 2365 1520 ipsi
2399 1466 2562 1506 suurn
2604 1467 2727 1508 csse
2769 1462 2822 1507 et
2857 1469 2955 1509 sua
2986 1453 3228 1508 bonitas.

2132 1654 2365 1719 4.1mm,
2405 1656 2708 1725 intelligere
2741 1667 2958 1728 quanto
3006 1657 3308 1727 perlectius
3335 1664 3439 1720 est,
3496 1663 3648 1710 tanto

2061 1747 2440 1804 delectabilius
2496 1748 2855 1820 intelligenti.
2917 1750 3021 1804 Sed
3050 1749 3196 1805 Deus
3257 1749 3530 1818 intelligit,
3594 1758 3650 1802 ct

2061 1837 2181 1908 ejus
2215 1839 2520 1909 intelligere
2573 1850 2658 1895 est
2712 1840 3198 1911 perfectissimum,
3241 1851 3492 1910 utsupra
3523 1856 3648 1911 ⁵οεο

2028 1933 2034 1982 ζ
2063 1940 2281 1986 tensum
2310 1941 2392 1987 est
2427 1949 2440 1986 :
2465 1947 2593 2004 ergo
2618 1933 2737 2002 ejus
2762 1933 3068 2004 intelligere
3097 1943 3182 1989 est
3206 1935 3256 1988 ei
3284 1934 3651 1989 delectabilis-

2064 2021 2288 2079 simum.
2316 2023 2614 2079 Delectatio
2647 2033 2831 2080 autem
2869 2027 3235 2096 intelligibilis
3273 2035 3358 2081 est
3383 2041 3478 2096 per
3551 2040 3650 2081 v0—

2063 2113 2350 2180 luntatem,
2378 2115 2520 2170 sicut
2543 2115 2834 2172 delectatio
2865 2119 3144 2174 sensibilis
3199 2128 3282 2174 est
3315 2135 3410 2187 per
3444 2134 3650 2174 concu-

2063 2207 2344 2276 piscentiae
2369 2210 2689 2278 appetitum.
2725 2211 2820 2265 Est
2844 2210 3012 2280 igitur
3041 2212 3095 2266 in
3125 2211 3234 2267 Deo
3255 2212 3538 2268 voluntas.

2137 2321 2190 2374 5.
2227 2321 2441 2386 Adhuc,
2490 2323 2662 2379 forma
2728 2341 2826 2395 per
2875 2328 3256 2384 intellectum'
3300 2330 3649 2386 considerata

2066 2427 2174 2469 non
2214 2427 2390 2470 movet
2414 2432 2514 2472 nec
2547 2415 2759 2488 aliquid
2789 2431 3003 2486 causat,
3034 2423 3141 2478 nisi
3200 2424 3476 2478 mediante
3550 2439 3664 2478 κιο-ί

2066 2506 2297 2573 luntate,
2327 2511 2483 2578 cujus
2507 2511 2782 2582 objectum
2819 2525 2900 2569 est
2931 2514 3056 2569 linis
3079 2524 3132 2570 et
3153 2516 3358 2571 bonum
3388 2533 3498 2588 quo
3525 2533 3650 2570 mo-

2066 2609 2224 2653 vetur
2253 2601 2453 2670 aliquis
2484 2604 2550 2658 ad
2601 2606 2892 2674 agendum.
2953 2607 3055 2664 Sed
3088 2609 3267 2666 forma
3335 2612 3650 2672 intellectus

2067 2691 2234 2745 divini
2271 2703 2356 2747 est
2387 2710 2554 2751 causa
2598 2708 2782 2754 motus
2812 2709 3015 2757 etesse
3040 2703 3095 2756 in
3137 2704 3266 2757 aliis
3305 2723 3321 2757 τ
3352 2707 3466 2775 agit
3503 2707 3649 2760 enim

2070 2799 2157 2838 res
2189 2799 2283 2853 per
2321 2786 2701 2844 intellectum:
2733 2802 2951 2861 oportet
3007 2795 3172 2865 igitur
3189 2812 3313 2851 cum
3365 2813 3489 2853 esse
3556 2815 3653 2853 vo-

2072 2876 2300 2934 lentem.

2130 2991 2183 3045 6.
2216 2993 2506 3060 Prreterea,
2533 2995 2584 3049 in
2620 2997 2910 3054 virtutibus
2959 3004 3180 3059 motivis
3211 3007 3339 3062 etin
3401 3008 3653 3063 habenti-

2069 3083 2172 3137 bus
2207 3084 2541 3140 intcllectum
2570 3089 2719 3156 prior
2749 3091 3025 3147 invenitur
3053 3097 3306 3152 voluntas
3334 3117 3346 3152 :
3375 3116 3497 3153 nam
3556 3118 3652 3152 vn-

2070 3182 2256 3232 luntas
2279 3192 2495 3234 omnem
2521 3183 2822 3249 potentiam
2863 3187 3190 3255 applicata-.l
3220 3207 3378 3244 suum
3427 3203 3649 3254 aetum;

2071 3268 2426 3338 intelligimus
2460 3271 2603 3324 enim
2628 3273 2757 3343 quia
2800 3275 3076 3352 volumus,
3122 3278 3490 3350 imaginamur
3523 3285 3648 3352 quia

2070 3359 2345 3424 volumus,
2373 3369 2426 3415 et
2453 3361 2534 3416 sic
2563 3364 2630 3417 de
2659 3365 2805 3418 aliis.
2841 3364 2908 3420 Et
2941 3349 3047 3422 hoc
3076 3379 3179 3436 cst,
3209 3349 3336 3440 quia
3376 3349 3651 3441 objectuzn

2072 3451 2374 3507 ltorumest
2417 3453 2567 3508 linis.
2633 3455 2946 3515 Intellectus
2992 3461 3137 3513 enim
3189 3479 3292 3515 non
3352 3467 3653 3520 secundum

2070 3545 2290 3597 modum
2314 3559 2493 3600 causae
2519 3545 2803 3604 cllicientis
2834 3560 2888 3605 ct
2912 3553 3199 3617 moventis,
3231 3555 3326 3609 sed
3350 3557 3652 3611 secundum

2072 3637 2287 3690 modum
2326 3651 2503 3693 causae
2565 3639 2744 3697 linalis
2784 3653 2965 3700 movet
3031 3645 3390 3713 voluntatem,
3454 3666 3655 3720 prope.

2070 3729 2246 3782 nentlo
2266 3729 2314 3782 ei
2347 3732 2622 3798 proprium
2666 3733 2962 3803 objectum,
2993 3740 3135 3808 quod
3165 3751 3249 3796 est
3313 3742 3516 3812 bonum
3575 3747 3658 3797 in-

2074 3819 2368 3874 tellectum.
2401 3821 2587 3876 Primo
2609 3823 2776 3893 igitur
2797 3829 2976 3897 agenti
3010 3833 3263 3886 convenit
3293 3837 3530 3893 maxime
3560 3838 3659 3891 ha.

2072 3906 2201 3962 bere
2232 3908 2587 3967 voluntatem.

2146 4021 2200 4078 7.
2241 4020 2478 4090 Rursus,
2518 4027 2640 4082 linis
2673 4038 2726 4082 et
2768 4031 2912 4100 quod
2975 4044 3055 4089 est
3085 4036 3149 4089 ad
3207 4035 3390 4105 linem,
3443 4057 3659 4113 m-nqrer

2074 4115 2236 4169 unius
2272 4117 2482 4170 ordinis
2557 4120 2947 4178 inveniuntur:
3005 4128 3164 4192 unde,
3200 4128 3330 4184 illud
3373 4133 3438 4194 ad
3496 4136 3658 4188 lini-un

2074 4209 2219 4278 quod
2251 4219 2334 4264 est
2373 4215 2848 4282 proportionatum
2907 4221 3107 4289 agemi,
3163 4221 3353 4277 incidit
3401 4225 3450 4278 in
3515 4224 3660 4282 idem

2076 4301 2261 4370 specie
2301 4317 2426 4356 cum
2464 4314 2678 4375 agente,
2715 4317 2825 4362 tam
2893 4309 2944 4364 in
3001 4314 3338 4370 naturalibus
3390 4333 3551 4385 quam
3606 4322 3662 4373 in

2078 4391 2488 4449 artiﬁcialibtzs.
2527 4395 2660 4450 Nam
2700 4395 2874 4454 forma
2907 4401 3061 4467 artis,
3099 4418 3196 4473 per
3251 4422 3414 4474 quam
3467 4409 3666 4464 artifex

2079 4482 2208 4553 agit,
2251 4493 2334 4538 cst
2365 4487 2576 4556 species
2621 4487 2829 4556 formae,
2861 4508 2978 4561 quae
3033 4503 3114 4549 cst
3163 4500 3216 4550 in
3268 4500 3517 4568 materia,
3547 4519 3668 4572 qua:

382 4589 446 4640 τὸ
471 4588 622 4650 τέλος
664 4588 758 4639 τοῦ
794 4587 1062 4657 τεχνίτου.
1099 4588 1211 4640 Καὶ
1241 4589 1301 4640 τὸ
1333 4586 1473 4650 εἶδος
1507 4587 1600 4640 τοῦ
1647 4590 1965 4656 γεννῶντος,

2078 4585 2160 4631 est
2198 4576 2322 4632 linis
2367 4579 2592 4637 artiﬁcis
2619 4600 2632 4636 :
2662 4593 2714 4637 et
2775 4583 2947 4639 forma
3007 4587 3147 4657 ignis
3196 4595 3524 4659 generantis,
3560 4612 3668 4664 qua

385 4679 524 4749 πρὸς
560 4674 603 4746 ᾧ
639 4681 739 4750 δρᾷ
763 4722 776 4744 ,
813 4680 959 4733 ἔστιν
993 4680 1313 4751 ὀμὸστοιχον
1338 4681 1431 4733 τοῦ
1468 4682 1642 4744 εἴδους
1675 4681 1766 4733 τοῦ
1805 4683 1973 4750 πυρὸς

383 4771 483 4825 τοῦ
507 4773 875 4840 γεννωμένου,
911 4774 1047 4842 ὅπερ
1075 4773 1192 4825 ἐστὶ
1218 4773 1371 4833 τέλος
1399 4773 1496 4839 τῆς
1523 4774 1853 4840 γεννήσεως.
1883 4772 1974 4840 Τῷ

383 4865 444 4917 δὲ
495 4865 614 4934 Θεῷ
647 4866 802 4916 οὐδὲν
845 4866 1204 4917 συντέτακται
1249 4865 1324 4927 ὡς
1373 4864 1438 4916 ἂν
1468 4864 1758 4933 ὁμοταγὲς,
1806 4864 1854 4914 εἰ
1899 4865 1974 4934 μὴ

385 4956 554 5019 αὐτὸς
586 4955 766 5026 ἑαυτῷ
794 4972 807 4985 ·
839 4956 1018 5019 ἄλλως
1052 4956 1160 5025 γὰρ
1191 4958 1275 5022 εἴη
1310 4956 1376 5009 ἂν
1413 4957 1585 5009 πολλὰ
1619 4957 1832 5026 πρῶτα.
1866 4957 1974 5008 Λύ-

383 5051 482 5110 13);
507 5048 686 5100 τοίνυν
715 5049 834 5100 ἐστὶ
869 5048 1087 5117 πρῶτον
1111 5047 1304 5100 ποιοῦν
1330 5047 1418 5100 διὰ
1448 5048 1624 5110 τέλος,
1655 5049 1793 5121 ὅπερ
1829 5049 1976 5100 ὲςτέν

387 5140 574 5200 αὖτὸς.
605 5139 774 5202 Αὐτὸς
807 5139 915 5208 ἄρα
949 5139 1011 5190 οὐ
1056 5139 1216 5207 μόνος
1253 5138 1369 5191 ἐστὶ
1405 5139 1556 5199 τέλος
1589 5139 1801 5206 ἐφετὸν,
1839 5139 1976 5190 ἀλλὰ

389 5233 487 5284 καὶ
518 5232 810 5300 ἐφιέμενος
853 5231 1071 5294 ἑαυτοῦ,
1110 5230 1184 5292 ὡς
1223 5231 1438 5295 τέλους,
1473 5233 1569 5284 καὶ
1600 5231 1780 5299 ὀρέξει
1813 5233 1975 5300 νοερᾷ

389 5322 465 5384 ὡς
495 5322 656 5376 νοῶν.
687 5322 858 5375 Τοῦτο
896 5323 952 5376 δέ
991 5324 1137 5376 ἐστιν
1177 5325 1207 5390 ἡ
1250 5323 1492 5392 θέλτησις,
1527 5323 1706 5392 ὄρεξις
1750 5324 1977 5392 λογικῆς

392 5416 634 5486 φυσεως.
663 5413 850 5468 Ἔστιν
883 5416 991 5485 ἄρα
1022 5418 1079 5469 ὲν
1110 5415 1186 5484 τῷ
1214 5415 1333 5484 Θεῷ
1361 5415 1598 5485 Θέλησις.

467 5506 676 5574 η’.Ἕτι
708 5507 990 5578 ἐλεύθερόν
1025 5509 1194 5570 ἐστν,
1229 5509 1256 5559 ὂ
1287 5511 1436 5560 ἐστιν
1461 5506 1594 5559 αὑτό
1618 5507 1798 5577 ἐαυτῷ
1829 5508 1977 5560 αἰτία

396 5598 493 5650 τοῦ
531 5601 724 5656 ποιεῖν.
775 5600 885 5652 Καὶ
921 5598 1066 5653 οὕτω
1100 5600 1160 5652 τὸ
1209 5602 1496 5670 ἐλεύθερον
1539 5599 1848 5670 ἐπιδέχεται
1887 5602 1978 5652 τὶν

395 5691 558 5760 λόγον
607 5693 702 5745 τοῦ
737 5693 804 5746 δι’
853 5694 1032 5746 ἑαυτό.
1088 5695 1153 5746 Ἦ
1194 5693 1413 5763 Θέλησις
1465 5693 1520 5744 δέ
1574 5695 1690 5745 ἐστι
1747 5687 1979 5762 πρώτως

399 5785 664 5855 ἐλευθέρα
689 5788 744 5840 ἐν
773 5787 850 5858 τῷ
885 5791 1079 5841 ποιεῖν.
1099 5787 1214 5855 Ἐφ’
1249 5791 1371 5842 ὅσον
1399 5787 1503 5858 γὰρ
1531 5786 1732 5840 ἐθέλων
1759 5804 1808 5840 τι
1838 5789 1983 5838 ’ποιεῖ

398 5892 484 5940 τις
539 5877 755 5947 λέγεται
795 5878 1093 5950 ἐλευθέρως
1121 5883 1293 5934 ποιεῖν
1330 5883 1418 5952 οἵᾳ
1465 5883 1660 5953 δήποτε
1706 5882 1975 5953 ἐνεργείᾳ.

2082 4669 2212 4739 agit,
2244 4681 2331 4725 cst
2355 4674 2596 4742 ejusdem
2626 4675 2824 4744 Speciei
2857 4693 2979 4732 cum
3031 4677 3205 4736 forma
3238 4683 3376 4754 ignis
3402 4689 3666 4755 generati.

2079 4779 2200 4832 quae
2226 4775 2308 4818 est
2341 4767 2462 4820 linis
2492 4770 2881 4837 generationis.
2907 4771 3016 4827 Deo
3047 4786 3230 4830 autem
3286 4779 3419 4832 nihil
3451 4783 3668 4835 coordi-

2079 4864 2244 4909 natur
2271 4858 2427 4926 quasi
2460 4859 2704 4928 ejusdem
2758 4863 2990 4930 ordinis,
3025 4866 3128 4920 nisi
3191 4869 3306 4936 ipse
3363 4871 3496 4932 sibi;
3534 4873 3670 4926 alias

2079 4957 2263 5002 essent
2329 4951 2482 5017 plura
2551 4954 2746 5020 prima.
2811 4955 2932 5026 ipse
2983 4967 3064 5011 est
3115 4958 3282 5028 igitur
3337 4961 3665 5030 principium

2080 5058 2245 5113 agens
2276 5054 2496 5113 propter
2532 5046 2713 5111 linem,
2748 5048 2842 5116 qui
2883 5060 2966 5103 est
3010 5049 3236 5118 ipsemet
3268 5070 3282 5105 :
3321 5053 3433 5120 ipse
3506 5051 3672 5121 igitur

2081 5147 2188 5186 non
2214 5133 2388 5186 solum
2415 5143 2497 5187 est
2523 5135 2644 5188 linis
2662 5135 2989 5204 appetibiiis,
3015 5136 3109 5191 sed
3138 5146 3397 5206 appetens
3419 5138 3666 5206 seipsuin

2082 5237 2141 5281 ut
2187 5228 2368 5295 linem,
2396 5233 2451 5282 et
2498 5229 2719 5298 quidem
2772 5234 3012 5300 appetitu
3069 5231 3446 5295 intellectuali,
3478 5241 3670 5303 utpote

2082 5319 2392 5390 intelligens
2423 5339 2436 5385 ;
2474 5320 2560 5375 hic
2597 5329 2776 5375 autem
2811 5323 3083 5392 appetitus
3113 5332 3322 5377 natura:
3380 5324 3670 5382 rationalis

2081 5429 2163 5468 ρει
2191 5415 2445 5470 voluntas
2474 5433 2487 5469 :
2523 5407 2791 5484 estigitur
2819 5417 2874 5472 in
2911 5415 3020 5470 Deo
3046 5415 3317 5473 voluntas.

2155 5507 2210 5564 8.
2241 5505 2482 5574 Necnon,
2514 5509 2742 5564 liberum
2771 5519 2855 5565 est
2905 5509 3048 5580 quod
3081 5517 3164 5564 est
3198 5509 3300 5565 sibi
3347 5510 3448 5582 ipsi
3505 5527 3671 5567 causa

2084 5600 2372 5671 agentli,cl
2402 5602 2481 5656 sic
2512 5603 2746 5657 liberum
2805 5603 2964 5658 habet
3023 5604 3288 5658 rationem
3352 5603 3467 5672 ejus
3524 5609 3674 5675 quod

2085 5704 2160 5748 est
2197 5709 2290 5762 per
2323 5711 2398 5748 sc.
2430 5693 2696 5750 Voluntas
2727 5705 2908 5751 autem
2951 5705 3032 5752 est.
3085 5697 3347 5766 primario
3393 5697 3561 5752 libera
3619 5697 3675 5753 in

2089 5790 2348 5854 agendo:
2426 5787 2479 5841 in
2515 5798 2777 5858 quantum
2807 5793 2951 5844 enim
3015 5791 3323 5846 voluntarie
3371 5793 3481 5862 agit
3531 5793 3676 5861 quis,

2087 5881 2286 5933 dicitur
2316 5879 2483 5936 libere
2525 5898 2680 5951 agere
2712 5901 3100 5956 quamcunque
3148 5887 3446 5942 actionem.
3490 5888 3679 5942 Primo
