4064 6456
417 403 551 471 1231

1656 403 2044 463 GREGOlill
2093 403 2456 465 ACINDYNI

3577 407 3705 476 l232

409 527 578 597 igitttr
613 525 793 594 agenti
837 524 1091 581 convenit
1158 539 1252 593 per
1315 523 1650 579 voluntatem
1708 536 1887 595 agt-rw,
1923 523 2012 578 cui

2125 525 2193 578 Τ).
2226 527 2416 595 πρῶτα
2440 524 2619 577 τοίνυν
2652 526 2838 579 ποιοῦν
2867 524 3210 598 τιξπροσήκει
3239 526 3317 596 τῷ
3343 525 3559 599 θελήσει
3589 547 3706 583 ποι-

410 618 650 673 maxime
681 618 938 686 competit
970 633 1063 686 per
1098 632 1154 670 se
1186 632 1371 681 agerc,

478 708 534 764 9.
564 709 814 778 Insuper,
846 707 1178 762 universitas
1214 723 1397 762 rerum
1433 709 1597 764 habet
1622 709 1779 764 linem
1819 727 1832 765 :
1874 712 2011 766 alias

408 823 498 863 res
522 822 717 862 omnes
744 820 874 859 casu
906 806 1256 868 exsisterent,
1320 806 1425 859 nisi
1488 805 1763 859 diceretur
1800 806 2003 872 primas

408 908 691 955 creaturas
721 912 828 953 non
862 912 983 952 esse
1024 907 1248 967 propter
1293 897 1478 965 linem,
1518 897 1610 952 sed
1640 913 1705 951 ex
1743 897 2011 951 mat'eriali

416 992 775 1053 necessitate.
832 992 1166 1061 posteriores
1217 1006 1347 1046 vero
1404 990 1485 1046 eis
1544 1001 1827 1045 creaturas
1894 1005 2015 1044 esse

408 1095 632 1155 propter
671 1083 831 1138 ﬁnem
871 1101 885 1149 ;
924 1083 1068 1136 sicut
1110 1080 1461 1138 Democritus
1493 1083 1857 1137 contendebat
1897 1096 2013 1136 00‘.-

411 1180 568 1233 Iestia
630 1191 868 1246 corpora
924 1192 1054 1231 casu
1104 1176 1404 1241 exstitisse,
1455 1176 1713 1230 inferiora
1768 1192 1897 1231 vero
1947 1192 2011 1231 ex

408 1271 594 1327 causis
643 1270 1077 1325 delerminatis:
1116 1270 1261 1338 quod
1310 1268 1617 1324 destruitur
1662 1269 1714 1322 in
1767 1268 2014 1325 secundo

408 1365 781 1435 Physicarum,
812 1379 907 1435 per
939 1363 1043 1418 hoc
1066 1362 1211 1434 quod
1252 1363 1476 1418 meliora
1508 1378 1615 1419 non
1640 1372 1869 1433 possunt
1892 1379 2015 1419 esse

411 1461 600 1516 minus
656 1460 910 1515 ordinata
971 1472 1135 1528 quam
1188 1458 1490 1513 deteriora.
1548 1455 1775 1527 Oportet
1850 1457 2017 1528 igitur

411 1568 714 1625 agnoscere
742 1552 795 1607 iu
820 1551 1171 1623 processione
1195 1559 1576 1607 creaturarum
1600 1567 1627 1604 a
1650 1549 1760 1606 Deo
1777 1550 2012 1621 aliquem

412 1660 535 1701 esse
599 1646 762 1698 linem
839 1642 1190 1713 primarium.
1268 1640 1555 1697 Invenitur
1610 1650 1790 1697 autem
1854 1657 2017 1711 agere

410 1746 637 1807 prapter
665 1735 828 1791 linem
861 1745 914 1792 et
953 1744 1253 1791 naturaet
1305 1735 1583 1803 voluntas,
1615 1736 1787 1793 :dte:o
1833 1744 2012 1791 tamen

413 1843 469 1887 et
495 1833 671 1887 altero
694 1830 878 1886 modo.
912 1830 1115 1885 Natura
1142 1831 1287 1886 enim
1319 1831 1574 1885 nesciens
1607 1830 1793 1896 linem,
1830 1841 1880 1886 et
1925 1848 2014 1887 ra-

416 1927 620 1980 tionem
656 1922 804 1989 linis,
831 1931 885 1979 et
906 1923 1229 1979 relationem
1258 1924 1380 1994 ejus
1414 1924 1560 1995 quod
1592 1932 1678 1979 est
1712 1925 1774 1978 ad
1828 1925 2012 1991 linem,

417 2033 525 2072 non
562 2026 742 2087 potest
771 2016 874 2071 sibi
922 2017 1083 2071 linem
1135 2030 1469 2086 proponere.
1500 2031 1601 2071 nec
1635 2031 1693 2071 se
1724 2016 1791 2070 ad
1850 2017 2015 2072 liuent

419 2118 812 2181 movere,_aut
866 2110 1144 2175 ordinare,
1218 2118 1314 2165 aut
1370 2108 1650 2181 dirigere;
1712 2111 1828 2167 haec
1886 2126 2015 2168 veto

417 2205 603 2258 omnia
670 2213 992 2274 competunt
1046 2203 1096 2257 ei
1152 2202 1246 2274 qui
1330 2217 1425 2273 per
1484 2202 1820 2259 voluntatem
1879 2205 2011 2274 agit,

417 2298 620 2367 quippe
641 2295 734 2366 qui
762 2303 940 2365 potest
970 2295 1272 2366 intelligere
1292 2305 1347 2351 et
1379 2297 1537 2352 ﬁnem
1559 2308 1639 2351 ~et
1666 2295 1850 2351 omnia
1879 2312 2018 2366 prte-

418 2392 583 2445 dicta.
633 2388 790 2444 Unde
820 2389 914 2459 qui
953 2404 1051 2459 per
1096 2388 1428 2445 voluntatem
1494 2390 1626 2458 agit,
1679 2390 1750 2443 ita
1794 2397 2018 2459 propter

421 2484 585 2538 linem
609 2485 741 2554 agit,
765 2492 825 2538 ut
850 2494 1124 2553 proponat
1145 2484 1250 2538 sibi
1279 2485 1462 2551 linem,
1493 2493 1546 2539 et
1567 2499 1629 2539 se
1653 2484 2018 2553 quodammo-

420 2581 491 2630 do
527 2578 594 2630 ad
629 2578 790 2631 linem
825 2587 1065 2644 moveat,
1095 2578 1361 2633 ordinans
1401 2578 1467 2633 ad
1502 2578 1650 2631 hunc
1679 2591 1807 2632 suas
1823 2590 2019 2644 opera-

422 2672 646 2738 tiones;
710 2678 911 2724 natura
973 2685 1103 2724 vero
1146 2670 1214 2724 ad
1265 2670 1427 2725 linem
1489 2668 1661 2724 tendit
1705 2670 1911 2723 directe
1963 2676 2020 2722 et

417 2764 579 2834 quasi
605 2773 752 2819 mota
806 2764 876 2818 ab
914 2762 1102 2832 aliquo
1146 2763 1481 2835 intelligente
1505 2770 1560 2819 et
1612 2763 1849 2826 volente,
1879 2764 2020 2817 sicut

423 2865 578 2928 patet
605 2856 658 2911 in
688 2856 915 2927 sagitta,
945 2870 1070 2925 quae
1094 2854 1349 2910 teuditad
1367 2855 1795 2910 determinatum
1829 2856 2023 2921 linem,

420 2951 555 3021 quia
574 2949 836 3021 dirigitur
863 2965 892 3003 a
921 2948 1247 3021 sagittario:
1282 2949 1584 3005 secundum
1604 2965 1767 3019 quem
1797 2949 2017 3004 modum

422 3062 451 3099 a
484 3043 827 3115 philosonlais
875 3043 1079 3098 dictum
1135 3051 1220 3099 est
1269 3053 1477 3099 naturae
1531 3060 1669 3115 opus
1707 3058 1832 3099 esse
1881 3060 2019 3116 opus

422 3139 755 3195 intellectus.
782 3138 1012 3209 Semper
1037 3147 1216 3192 autem
1271 3139 1418 3208 quod
1463 3147 1547 3193 est
1576 3154 1672 3207 per
1731 3139 1905 3203 aliud,
1937 3148 2021 3195 est

2119 623 2219 677 εἴ),
2256 614 2299 688 ᾧ
2333 620 2569 689 μάλιστα
2606 620 2879 691 προσήκει
2913 621 2972 673 τὸ
3013 620 3081 675 δι’
3118 621 3281 674 ἑαυτὸ
3310 625 3504 679 ποιεῖν.

2190 709 2255 764 θ’.
2302 712 2423 763 ΙἘτι
2452 710 2510 763 τὸ
2538 712 2646 763 πᾶν
2677 710 2788 780 ἔχει
2810 728 2861 764 τι
2895 712 3065 777 τέλος.
3111 714 3266 768 Ἐπεὶ
3306 718 3480 773 πάντα
3513 723 3569 775 ἐν
3596 725 3706 784 τοῖς

2117 802 2273 858 οὖσιν
2301 804 2409 856 ἀπὸ
2440 804 2786 873 ταυτομάτου
2809 804 3055 876 συμϐαίη
3087 806 3175 872 ἂν,
3208 810 3256 862 εἰ
3292 809 3365 881 μὴ
3400 810 3567 883 δήπου
3616 815 3704 865 λέ-

2118 910 2268 962 γοιτο
2300 893 2366 947 τὰ
2387 893 2581 964 πρῶτα
2611 894 3077 965 δημιουργήματα
3140 899 3214 967 μή
3246 895 3388 953 εἶναι
3415 903 3501 956 διὰ
3528 905 3701 970 τέὶος,

2086 1004 2091 1008 ”
2119 986 2238 1040 ἀλλ’
2275 987 2338 1038 ἐκ
2367 987 2468 1053 τῆς
2523 985 2715 1057 ὖλικῆς
2745 988 3013 1061 ἀνάγκης,
3039 990 3110 1042 τὰ
3152 992 3209 1043 δὲ
3239 993 3355 1059 μετ’
3389 996 3525 1049 αὐτὶ
3561 993 3702 1051 εἶναι

2117 1077 2207 1132 διὰ
2236 1079 2414 1143 τέλος,
2441 1077 2633 1152 ὥσπερ
2663 1082 2757 1133 καὶ
2784 1082 3130 1153 Δημόκριτος
3156 1084 3362 1140 ἐτίθετο
3380 1088 3445 1140 τά
3472 1090 3701 1160 ούράνια

2120 1173 2354 1241 σώματα
2379 1172 2487 1225 ἀπὸ
2511 1172 2857 1241 ταυτομάτου
2877 1175 3152 1251 γενέσθαι,
3172 1176 3237 1231 τά
3253 1177 3297 1231 δ’
3325 1178 3490 1233 ύποϐε
3502 1182 3702 1251 τηκότα

2119 1261 2180 1329 ἐξ
2220 1264 2547 1336 ὡρισμένων
2597 1267 2817 1323 αἰτιῶν.
2859 1265 3038 1340 Ὅπερ
3069 1271 3501 1337 ἀνασκευάζετοιι
3537 1276 3591 1327 ἐν
3625 1276 3702 1344 τῷ

2118 1359 2360 1430 δευτέρῳ
2380 1360 2490 1413 τῶν
2522 1361 2770 1431 φυσικῶν
2794 1362 2884 1417 διά
2909 1364 2969 1417 τὸ
2992 1364 3058 1418 τὰ
3084 1368 3319 1437 κρείττω
3345 1366 3702 1438 μὴδύνασθαι

2117 1446 2281 1522 ἦττον
2307 1451 2515 1518 τάξεως
2542 1453 2796 1525 μετέχειν
2820 1456 2930 1509 τῶν
2960 1457 3241 1528 χειρόνων.
3260 1458 3494 1527 Ἀνάγκη
3523 1461 3704 1514 τοίνυν

2119 1546 2413 1616 ὁμολογεῖν
2444 1549 2503 1601 ὲν
2536 1552 2602 1619 τῇ
2641 1550 2855 1623 προόδῳ
2886 1551 2996 1604 τῶν
3036 1554 3354 1623 κτισμάτων
3381 1554 3531 1626 παρᾶ
3564 1556 3701 1609 Θεοῦ

2121 1632 2263 1693 εἷναί
2285 1656 2339 1692 τι
2367 1639 2524 1705 τέλος
2548 1643 2992 1712 σκοπιμὼτατον.
3011 1644 3406 1715 Εὐρίσκεταιδὲ
3429 1650 3602 1700 ποιεῖν
3617 1647 3703 1701 διὰ

2120 1733 2274 1797 τέλος
2304 1735 2398 1787 καὶ
2436 1737 2469 1803 ἡ
2503 1734 2668 1805 φύσις
2704 1738 2854 1808 καὶή
2893 1737 3134 1808 θέλησις,
3162 1740 3339 1804 ἄλλως
3373 1741 3553 1811 μέντοι
3608 1743 3706 1796 καὶ

2120 1826 2317 1890 ἄλλως.
2336 1825 2402 1881 Ἢ
2437 1829 2548 1900 γάρ
2585 1829 2752 1899 φύσις
2781 1831 3049 1899 ἀγνοοῦσα
3080 1832 3139 1883 τὸ
3167 1831 3340 1899 τέλος,
3377 1839 3469 1887 καὶ
3498 1833 3705 1886 τδνσλὸ-

2120 1936 2218 1988 γον
2248 1919 2342 1974 τοῦ
2391 1921 2604 1999 τέλους,
2644 1924 2741 1977 καὶ
2778 1924 2878 1991 τὴν
2910 1923 3097 1994 σχέσιν
3137 1923 3231 1978 τοῦ
3263 1925 3399 1996 πρὸς
3437 1924 3607 1988 τέλος,
3637 1925 3701 1980 ού

2119 2014 2341 2069 δύναται
2369 2016 2687 2087 προτιθέναι
2722 2017 2890 2088 ἑαυτῇ
2952 2019 3122 2083 τέλος,
3159 2017 3284 2072 οὔτε
3329 2019 3499 2090 αὐτὴν
3534 2020 3613 2081 είς
3637 2019 3703 2073 τὸ

2118 2109 2276 2172 τέλος
2308 2112 2505 2175 κινεῖν,
2540 2110 2572 2180 ῆ
2604 2110 2891 2181 τάττειν,ῆ
2925 2111 3203 2169 διιθύνειν.
3237 2113 3301 2166 Ἀ
3332 2115 3509 2168 πάντα
3536 2131 3706 2184 προσ-

2121 2201 2247 2273 ήκει
2274 2200 2594 2274 τῷθελήσει
2625 2204 2892 2269 ποιοῦντι,
2929 2197 3102 2277 οὗπέρ
3134 2206 3249 2259 ἐστι
3270 2205 3329 2259 τὸ
3353 2209 3490 2259 νοεῖν
3522 2209 3615 2259 καὶ
3642 2206 3704 2259 τὸ

2119 2294 2298 2359 τέλος.
2344 2295 2457 2349 Καὶ
2486 2295 2554 2349 τὰ
2592 2297 2975 2368 προειρημένα
3008 2297 3209 2363 πάντα,
3245 2297 3367 2351 ὅθεν
3396 2297 3454 2351 τδ
3488 2296 3586 2369 μὲν
3611 2298 3701 2351 θε-

2121 2389 2276 2460 λήσει
2307 2388 2496 2445 ποιοῦν
2526 2390 2678 2444 οὕτω
2719 2389 2808 2444 διὰ
2833 2392 2984 2454 τέλος
3015 2392 3179 2456 ποιεῖ,
3218 2391 3293 2455 ὡς
3320 2391 3425 2460 καὶ»
3450 2390 3701 2460 προτιθέ-

2120 2458 2209 2534 ναι
2238 2479 2413 2551 ἑαυτῷ
2445 2481 2504 2534 τὸ
2541 2481 2694 2544 τέλος
2740 2481 2833 2534 καὶ
2865 2481 3042 2550 ἐαυτῷ
3068 2482 3331 2553 ἀμηγέπη
3358 2458 3502 2552 πρὸς
3524 2482 3585 2536 τό
3612 2483 3701 2535 τέ-

2123 2577 2215 2639 λος
2255 2577 2430 2629 κινεῖν
2455 2575 2653 2629 τάττον
2685 2575 2782 2637 τὰς
2812 2575 3009 2628 ἑαυτοῦ
3039 2575 3319 2646 ἐνεργείας
3353 2578 3433 2639 είς
3465 2576 3594 2629 αὐτό
3617 2594 3631 2607 ο
3666 2578 3700 2647 ή

2122 2668 2176 2720 δὲ
2206 2667 2370 2737 φύσις
2403 2667 2485 2733 εἰς
2512 2668 2573 2722 τὸ
2619 2667 2775 2732 τέλος
2816 2668 2984 2723 τείνει
3034 2669 3349 2738 ίθυνομένη,
3382 2668 3566 2739 ὥσπερ
3606 2671 3702 2722 καὶ

2123 2763 2424 2834 κινουμένη
2458 2763 2568 2817 ὑπό
2593 2780 2741 2827 τινος
2777 2762 3027 2827 νοοῦντος
3084 2763 3181 2818 καὶ
3224 2764 3485 2829 θέλοντος,
3514 2762 3700 2833 ὥσπερ

2124 2857 2375 2927 φαίνεται
2412 2860 2471 2910 ἐν
2503 2855 2581 2927 τῷ
2613 2858 2755 2926 βέλει
2779 2857 2859 2929 τῷ
2887 2857 3121 2911 τείνοντι
3146 2859 3226 2922 είς
3252 2858 3553 2929 ὡρισμένον
3579 2874 3702 2910 σκο-

2124 2952 2247 3018 πὸν,
2282 2950 2359 3021 τῷ
2392 2950 2669 3006 ίθύνεσθαι
2697 2953 2851 3020 παρὰ
2880 2951 2973 3015 τοῦ
2994 2949 3239 3015 τοξότου,
3271 2951 3392 3005 καθ’
3413 2951 3471 3004 ὃν
3498 2950 3698 3020 smpt-

2126 3062 2226 3097 πον
2261 3046 2411 3115 παρά
2440 3045 2552 3098 τῶν
2585 3044 2895 3114 φιλοσόφων
2924 3044 3161 3117 εῐρηται.
3227 3046 3352 3099 Ὀτι
3379 3044 3438 3097 τὸ
3475 3045 3571 3112 τῆς
3601 3044 3700 3110 φύ-

2129 3158 2267 3202 σεως
2323 3140 2486 3209 ἔργον
2543 3140 2695 3193 ἐστὶν
2729 3140 2892 3209 ἔργον
2948 3140 3061 3193 νοῦ.
3116 3139 3228 3193 Ἀεὶ
3254 3139 3309 3192 δὲ
3333 3138 3425 3192 τοῦ
3474 3138 3542 3191 δι’
3571 3137 3697 3193 ἄλλο

425 3234 707 3307 posterius
745 3249 809 3289 eo
849 3234 993 3304 quod
1020 3242 1106 3288 est
1149 3250 1247 3303 per
1267 3233 1509 3303 seipsum
1546 3251 1559 3288 :
1597 3234 1739 3289 unde
1797 3249 2020 3291 necesse

2130 3234 2281 3287 ἐστὶν
2311 3232 2538 3304 ὕστερον
2561 3231 2655 3286 τοῦ
2677 3232 2798 3285 καθ’
2821 3232 2976 3297 αὑτό,
3010 3233 3132 3286 ὅθεν
3157 3232 3367 3302 ἀνάγκη
3396 3232 3455 3285 τὸ
3486 3232 3700 3301 πρῶτον

422 3337 508 3384 est
548 3325 697 3396 quod
756 3327 995 3396 primum
1039 3326 1302 3380 ordinans
1335 3326 1402 3381 ad
1454 3326 1616 3380 linem
1666 3328 1884 3383 ordinet
1928 3342 2026 3398 per

422 3423 764 3477 voluntatem
800 3439 813 3475 :
849 3428 902 3476 et
929 3421 1011 3476 sic
1053 3434 1147 3489 per
1181 3419 1514 3474 voluntatem
1560 3422 1699 3477 Dens
1741 3430 2027 3476 creaturas

425 3517 493 3571 ad
530 3514 908 3571 exsistentiam
937 3513 1206 3569 adduxit:
1242 3513 1403 3569 habet
1450 3513 1618 3583 igitur
1661 3513 2024 3569 voluntatem.

499 3613 590 3668 10.
627 3609 763 3676 ltno,
784 3619 980 3664 natura
1012 3606 1414 3661 dctermiuatur
1446 3606 1511 3660 ad
1543 3622 1738 3671 unum,
1767 3606 2030 3662 voluntas

423 3720 559 3759 vero
576 3703 641 3757 ad
676 3701 916 3757 diversa.
942 3700 1148 3772 thuia
1179 3714 1343 3754 omne
1369 3714 1537 3770 agens
1565 3700 1674 3769 agit
1701 3699 2022 3768 siutilesibi,

427 3811 652 3853 necesse
693 3802 778 3851 est
825 3803 1080 3848 naturam
1132 3792 1355 3847 tendere
1405 3792 1472 3846 ad
1527 3792 1674 3846 illam
1715 3792 2029 3847 similitudi-

423 3906 546 3945 nem
616 3903 739 3959 quae
793 3885 1193 3942 delet-minatur
1251 3886 1319 3940 ad
1384 3900 1574 3938 unum.
1642 3884 1779 3939 Cum
1840 3893 2027 3940 autem

423 3982 712 4052 aequalitas
753 3978 1019 4051 originem
1072 3980 1236 4032 ducat
1288 3976 1355 4033 ab
1395 3976 1626 4040 unitate,
1684 3975 2027 4048 intequalitas

422 4091 555 4129 vero
590 4080 851 4128 nascatur
871 4086 935 4127 ex
970 4070 1160 4125 multis
1221 4084 1344 4140 quae
1399 4077 1530 4123 sunt
1563 4069 1807 4137 diversa,
1879 4073 2026 4126 unde

423 4166 630 4237 aliquid
688 4164 847 4219 alteri
877 4179 985 4218 non
1028 4162 1342 4229 estmqualc
1389 4161 1488 4217 nisi
1525 4176 1634 4217 uno
1669 4164 1855 4231 modo,
1891 4164 2026 4219 ina:—

422 4261 585 4330 qnale
612 4274 740 4315 vero
771 4264 857 4314 est
892 4257 1060 4312 variis
1105 4256 1371 4327 gradibus
1404 4273 1417 4309 :
1468 4270 1694 4312 necesse
1743 4265 1826 4312 est
1876 4257 2025 4327 quod

425 4363 623 4406 natura
659 4350 825 4405 faciat
870 4363 1088 4419 semper
1121 4347 1231 4403 sibi
1275 4347 1477 4413 simile,
1543 4348 1648 4403 nisi
1696 4348 2026 4419 impediatur

429 4462 527 4514 per
556 4445 892 4498 debilitatem
923 4441 1181 4513 potentiae
1211 4440 1403 4496 activa:
1448 4442 1530 4497 vel
1552 4442 1813 4512 potentia:
1840 4458 2027 4509 recep-

428 4541 551 4593 tiva:
580 4546 635 4592 ct
664 4536 916 4607 passivae.
951 4534 1267 4590 Iultabilitas
1293 4543 1478 4589 autem
1533 4534 1791 4604 potentia:
1845 4534 2026 4604 passi—

424 4646 508 4687 va
540 4645 651 4684 non
690 4629 855 4685 estin
906 4628 1037 4697 Deo,
1081 4628 1175 4699 qui
1239 4642 1347 4681 non
1391 4627 1554 4682 habet
1609 4625 1918 4690 materiam,

426 4734 711 4780 ostensum
739 4732 858 4791 est;
897 4737 1073 4792 neque
1118 4720 1296 4776 activa
1331 4719 1453 4790 ejus
1498 4721 1738 4790 potentia
1778 4719 2029 4774 debilita-

429 4827 537 4883 tur,
571 4830 694 4871 cum
744 4815 814 4870 sit
873 4814 1111 4870 inliuita.
1169 4810 1325 4866 Unde
1366 4825 1488 4879 qua:
1539 4818 1669 4864 sunt
1728 4810 1925 4865 similia
1976 4821 2032 4864 et

428 4908 659 4978 aequalia
695 4907 822 4977 ipsi,
866 4904 1196 4960 naturaliter
1226 4910 1438 4957 tantum
1464 4900 1769 4971 procedunt
1816 4899 1885 4955 ab
1937 4914 2026 4965 eo,

398 5067 404 5073 .
432 5012 492 5056 ut
513 5000 683 5055 Filius
709 5008 763 5055 et
810 4998 1051 5068 Spiritus
1106 5004 1330 5050 sanctus
1356 5013 1371 5061 ;
1400 5006 1669 5049 creatura:
1724 5010 1875 5059 vero,
1906 5010 2030 5065 quae

380 5120 391 5153 ,-
433 5092 734 5161 iumrptales
787 5087 1112 5160 procedunt,
1170 5099 1281 5140 non
1333 5100 1429 5155 per
1483 5088 1883 5152 naturam,sed
1932 5101 2028 5155 per

432 5185 773 5240 voluntatem
808 5180 1159 5254 procedunt:
1200 5188 1331 5235 sunt
1370 5181 1520 5235 enim
1553 5180 1706 5247 multi
1754 5182 1846 5234 alii
1892 5182 2025 5235 inae-

376 5260 386 5345 ξ
435 5273 721 5345 qualitatis
746 5272 952 5341 gradus
990 5268 1296 5324 secundum
1330 5286 1471 5340 quos
1492 5271 1699 5325 creatio
1753 5271 1866 5324 lieri
1901 5286 2028 5340 pos-

430 5379 515 5425 set
554 5386 568 5434 ;
622 5383 747 5422 nam
777 5364 885 5420 dici
922 5364 1372 5434 nequitdivinam
1410 5366 1705 5435 potentiam
1733 5365 1798 5419 ad
1853 5381 2023 5419 unum

432 5473 647 5517 tantum
674 5460 1055 5524 determinari,
1093 5474 1216 5514 cum
1263 5461 1334 5513 sit
1367 5459 1599 5514 iulinita.
1660 5459 1837 5524 Unde,
1896 5475 2022 5513 cum

432 5569 497 5607 ea
528 5556 600 5609 sit
629 5551 813 5607 divina
851 5553 1093 5621 potentia
1121 5560 1176 5605 ιιι
1207 5554 1271 5607 ad
1302 5552 1503 5608 multos
1539 5550 1744 5620 gradus
1774 5553 2024 5621 inaequa-

433 5646 561 5701 litas
606 5645 659 5699 in
692 5646 973 5701 creatione
1014 5647 1233 5701 extendi
1281 5647 1473 5717 possit,
1506 5661 1605 5699 nec
1648 5660 1779 5700 vero
1826 5645 1889 5698 ad
1937 5645 2033 5698 de-

434 5739 787 5793 let‘mittatum
847 5739 1100 5812 gradum,
1166 5718 1421 5795 universa
1468 5748 1648 5793 autem
1708 5736 2028 5806 produxerit

435 5823 608 5885 libero
632 5832 863 5888 arbitrio
891 5852 903 5888 :
944 5835 1257 5889 necessario
1286 5833 1450 5902 igitur
1478 5848 1539 5885 ex
1574 5830 1853 5883 voluntate
1890 5846 2018 5899 pro-

432 5925 651 6010 cedunt,
687 5944 792 5986 non
829 5946 956 5986 vero
988 5948 1049 5985 ex
1091 5942 1308 5985 natura.
1352 5929 1490 5998 Ergo
1524 5925 1663 5979 Deus
1709 5927 1841 5979 vu't.

1968 4598 2104 4680 utD

2129 3327 2326 3381 τάττον
2350 3327 2432 3391 είς
2453 3328 2627 3392 τέλος,
2650 3311 2876 3380 ’τάττειν
2904 3325 3146 3396 θελήσει.
3176 3326 3285 3379 Καὶ
3312 3325 3454 3379 οὕτω
3485 3324 3702 3394 θελήσει

2130 3418 2159 3469 ό
2186 3419 2320 3483 Θεδς
2345 3417 2415 3473 τά
2442 3418 2721 3491 κτίσματα
2753 3419 2833 3482 είς
2865 3417 2927 3471 τὸ
2970 3411 3114 3474 εἶναι
3153 3418 3504 3491 προήνεγκεν.
3549 3416 3702 3488 Ἔχει

2132 3512 2241 3582 ἄρα
2263 3511 2509 3584 θέλησιν.
2772 3518 2777 3523 ’

2207 3606 2245 3661 ί.
2270 3607 2393 3660 Ἔτι
2415 3607 2446 3677 ή
2470 3605 2637 3675 φύσις
2656 3603 3046 3677 ὦρισταιπρδς
3068 3605 3147 3674 ἓν,
3167 3606 3201 3676 ἠ
3235 3605 3290 3660 δὲ
3326 3605 3541 3675 θέλησις
3569 3603 3708 3678 πρὶς

2131 3701 2293 3756 ὁπότε
2303 3717 2418 3772 ρον,
2437 3701 2533 3753 καὶ
2559 3700 2685 3753 ἐπεὶ
2711 3700 2820 3753 πᾶν
2837 3698 2899 3754 τὸ
2918 3698 3109 3753 ποιοῦν
3135 3703 3279 3753 ποιεί
3301 3700 3487 3768 ὅμοιον
3510 3698 3702 3765 ἐαυτῷ,

2132 3794 2353 3864 ἀνάγκη
2387 3792 2486 3864 τὴν
2532 3791 2698 3862 φύσιν
2741 3793 2945 3846 τείνειν
2991 3792 3074 3855 είς
3121 3792 3343 3863 έκείνην
3388 3791 3485 3863 τὴν
3526 3795 3708 3864 ὁμοιό-

2128 3908 2292 3961 τητα,
2326 3889 2453 3960 ἥτις
2495 3886 2732 3957 ὥρισται
2762 3885 2901 3955 πρὸς
2938 3885 3019 3940 ἓν.
3043 3885 3199 3939 Ἐπεὶ
3237 3885 3295 3939 δὲ
3319 3887 3353 3957 ή
3407 3887 3586 3958 ἰσότης
3611 3887 3706 3953 τὴν

2131 3977 2317 4035 αἰτίαν
2350 3980 2491 4051 ἴσχει
2534 3977 2645 4031 ἀπὸ
2690 3976 2790 4047 τῆς
2843 3974 3052 4039 ένάδος.
3099 3976 3133 4047 ἡ
3179 3974 3237 4031 δὲ
3271 3976 3527 4045 ἀνισότης
3561 3979 3705 4030 ἐστιν

2131 4076 2196 4129 ὲκ
2228 4073 2326 4127 τοῦ
2372 4070 2634 4142 πλήθους,
2668 4069 2697 4124 ὃ
2749 4070 3010 4131 ποικίλως
3042 4067 3155 4137 ἔχει
3180 4084 3195 4100 ·
3242 4068 3325 4121 διὸ
3360 4069 3453 4122 καί
3485 4085 3534 4120 τι
3566 4068 3704 4136 ἄλλῳ

2132 4170 2235 4223 οὐκ
2266 4166 2413 4223 ἔστιν
2450 4166 2583 4227 ἴσον,
2633 4165 2682 4217 εἰ
2726 4164 2804 4235 μὴ
2849 4163 2930 4216 ἑνὶ
2975 4162 3202 4232 τρόπῳ,
3251 4160 3438 4215 ἄνισον
3485 4160 3543 4212 δέ
3593 4160 3705 4210 ἐστι

2130 4260 2412 4331 διαφόροις
2450 4257 2712 4328 βαθμοῖς
2748 4257 2968 4327 ἀνάγκη
2999 4255 3100 4328 τὴν
3130 4253 3293 4325 φύσιν
3330 4255 3497 4324 ἑαυτῇ
3537 4255 3708 4307 ποιεῖν

2132 4354 2239 4415 ἀεὶ,
2275 4356 2323 4406 εἰ
2353 4352 2429 4422 μὴ
2466 4351 2536 4403 δι’
2562 4348 2852 4404 ἀσθένειαν
2893 4349 2993 4417 τῆς
3021 4348 3316 4420 ποιητικῆς
3345 4347 3642 4417 δυνάμεως.
3675 4345 3706 4414 ἢ

2131 4445 2231 4514 τῆς
2287 4443 2549 4512 δεκτικῆς
2595 4444 2690 4495 καὶ
2744 4441 3054 4513 παθητικῆς
3082 4458 3096 4472 ο
3167 4438 3611 4508 ἀνεπιτηδειότης
3650 4438 3709 4491 δὲ

2134 4537 2448 4608 παθητικῆς
2488 4535 2776 4605 δυνάμεως
2821 4535 2884 4588 ού
2925 4532 3320 4604 προστρίϐεται
3365 4531 3443 4602 τῷ
3479 4530 3595 4600 Θεῷ
3622 4530 3709 4599 ἐφ’

2134 4632 2259 4683 ὅσον
2311 4630 2386 4700 μὴ
2436 4628 2549 4698 ἔχει
2594 4627 2729 4698 ὓλην
2761 4626 2837 4691 ὡς
2884 4627 3175 4680 δέδεικται.
3228 4625 3352 4679 Οὐδ’
3387 4621 3454 4678 αὖ
3486 4628 3516 4695 ἡ
3552 4642 3712 4693 ποιη-

2089 4724 2093 4727 ’
2133 4729 2261 4793 uti]
2292 4722 2461 4777 αὑτοῦ
2490 4722 2722 4792 δύναμις
2752 4720 2973 4775 ἀσθενεῖ
3007 4721 3239 4790 ἄπειρος
3268 4718 3426 4774 οὖσα.
3459 4718 3619 4771 Ὅθεν
3644 4718 3713 4770 τὶ

2137 4817 2235 4897 μὲν
2262 4818 2425 4885 ὃμοια
2484 4815 2580 4868 καὶ
2615 4815 2704 4868 ἶσα
2735 4813 2912 4883 ἑαυτῷ
2949 4814 3129 4882 μόνως
3179 4813 3426 4883 φυσικῶς
3458 4813 3713 4882 προΐασιν

2134 4910 2231 4965 ἀπ’
2267 4907 2455 4973 αὐτοῦ,
2506 4908 2582 4970 ὡς
2605 4908 2633 4960 ό
2665 4907 2817 4969 Υἱδς,
2870 4907 2963 4960 καὶ
2996 4906 3056 4958 τὸ
3091 4904 3339 4974 Πνεῦμαο
3370 4907 3403 4976 ή
3449 4904 3505 4957 δὲ
3538 4905 3716 4966 κτίσις

2137 5005 2170 5072 ἡ
2202 5004 2385 5066 ἄνισος
2419 4999 2687 5069 προϊοῦσα
2712 5000 2771 5053 οὐ
2809 4999 2989 5067 φύσει,
3031 4998 3168 5051 ἀλλά
3201 4996 3417 5068 θελήσει
3448 4996 3712 5066 πρόεισιν.

2137 5096 2261 5150 Εἰσὶ
2295 5095 2405 5166 γὰρ
2436 5094 2645 5160 πολλοὶ,
2672 5095 2769 5146 καὶ
2801 5092 2953 5145 ἄλλοι
2987 5091 3306 5161 ἀνισότητος
3336 5089 3556 5161 βαθμοὶ,
3593 5086 3714 5139 καθ’

2136 5189 2229 5251 οὒς
2270 5188 2337 5242 ἂν
2372 5188 2584 5250 πάντας
2638 5186 2920 5255 ἐνεδέχετο
2963 5183 3065 5255 τὴν
3112 5182 3289 5236 κτίτιν
3331 5180 3601 5250 γενέσθαι.
3638 5180 3713 5232 Οὐ

2139 5281 2248 5350 γὰρ
2279 5275 2391 5333 οἷόν
2424 5296 2483 5331 τε
2516 5277 2699 5341 λέγειν
2729 5254 2826 5345 τῆν
2852 5254 3013 5327 θείαν
3033 5273 3264 5343 δύναμιν
3298 5272 3432 5341 πρὸς
3462 5270 3518 5321 ἓν
3541 5268 3715 5337 μόνως

2137 5372 2422 5443 ὁρίζεσθαι
2467 5371 2698 5440 ἄπειρον
2736 5367 2926 5422 οὖσαν.
2964 5366 3129 5420 Ὅθεν
3164 5366 3287 5418 ἐπεὶ
3324 5362 3363 5434 ’ή
3406 5362 3525 5415 θεία
3558 5360 3718 5413 δύνα-

2142 5482 2233 5534 μις
2264 5464 2439 5527 οὕτως
2468 5463 2581 5534 ἔχει
2612 5462 2689 5525 ὡς
2739 5461 2875 5532 πρὸς
2912 5458 3144 5521 πολλοὺς
3183 5457 3425 5527 βαθμοὺς
3463 5454 3719 5520 ἀνισότης

2136 5559 2194 5610 ἐν
2245 5558 2321 5628 τῷ
2370 5557 2731 5627 δημιουργεῖν
2790 5553 3056 5606 δύνασθαι
3121 5549 3481 5615 ὲκτείνεσθαι,
3537 5552 3612 5618 μὴ
3660 5550 3719 5599 ὲν

2133 5648 2434 5719 ὡρισμένῳ
2470 5646 2684 5718 βαθμῷ,
2723 5645 2783 5698 τὸ
2818 5644 2874 5697 δὲ
2927 5645 3036 5697 πᾶν
3081 5641 3489 5697 κατεσκεύασεν
3524 5641 3588 5692 ὲκ
3617 5639 3717 5708 τῆς

2134 5739 2620 5809 αὑτεξουσιότητος
2645 5738 2746 5805 τῆς
2777 5736 3073 5806 θελήσεως,
3101 5735 3349 5804 πρόεισιν
3377 5733 3471 5787 οὐκ
3498 5731 3714 5802 ἀνάγνη

2134 5833 2372 5901 φύσεως·
2407 5833 2549 5885 θέλει
2576 5831 2681 5903 ἄρα
2714 5833 2741 5883 ό
2768 5830 2923 5893 Θεός.
