4064 6536
365 427 499 495 1233

361 641 532 711 γέπη,
565 641 780 710 ἀνάγκη
811 640 878 694 τὰ
907 639 1085 693 αὐτῶν
1109 641 1526 708 ἀποτελέσματα
1553 644 1608 693 ἐν
1638 645 1701 710 τῇ
1733 642 1939 695 ἑαυτῶν

363 736 513 805 αἰτίᾳ
544 735 813 804 ἁμηγέπη
869 733 1223 804 ἐνυπάρχειν.
1258 736 1372 788 Πᾶν
1411 735 1489 796 δὲ,
1541 736 1679 803 ὅπερ
1707 735 1854 786 ἐστὶν
1884 733 1942 785 ἔν

362 847 493 894 τινι,
530 829 679 882 ἔστιν
715 829 774 880 ὲν
817 826 964 894 αύτῷ
997 827 1137 881 κατὰ
1186 828 1275 881 τὸν
1319 827 1483 881 αὑτοῦ
1519 829 1741 896 τρόπον.
1777 827 1941 878 Ὅθεν

362 924 485 979 ἐπεὶ
508 925 536 976 ὁ
563 925 697 987 Θεὸς
720 923 886 984 αὐτός
911 924 1027 975 ἐστι
1053 921 1197 986 νοῦς,
1225 921 1676 991 προϋπάρχουσι-α
1707 922 1763 972 ὲν
1794 919 1943 988 αὐτῷ

361 1019 430 1075 τὰ
463 1020 741 1088 κτίσματα
771 1017 1000 1087 νοητῶςο
1043 1015 1207 1085 φησὶν
1232 1014 1341 1082 γὰρ
1385 1015 1410 1064 ό
1447 1011 1719 1081 μακάριος
1755 1011 1944 1063 Διονύ-

365 1132 499 1177 σιος,
530 1115 613 1166 ὅτι
642 1111 740 1164 οὐκ
780 1111 844 1164 ἐκ
879 1109 989 1162 τῶν
1016 1109 1189 1162 ὄντων
1213 1107 1282 1159 τὰ
1316 1105 1445 1159 ὄντα
1479 1104 1768 1174 μανθάνων
1804 1100 1947 1156 οἶδεν

363 1210 391 1262 ὁ
418 1209 558 1269 θεῖος
596 1205 743 1268 νοῦς,
774 1204 890 1256 ἀλλ’
926 1203 985 1268 ἐξ
1022 1200 1210 1263 αὐτοῦ,
1245 1199 1340 1253 καὶ
1381 1199 1439 1250 ὲν
1475 1196 1673 1266 ἐαυτῷ,
1712 1196 1833 1248 κατ’
1863 1195 1943 1246 αίι

331 1293 488 1356 ’τίαν
518 1302 617 1372 τὴν
663 1301 880 1353 πάντων
931 1298 1159 1366 εἴδησιν,
1215 1299 1307 1350 καὶ
1356 1294 1579 1362 γνῶσιν,
1615 1293 1708 1344 καὶ
1760 1291 1948 1344 οὐσίαν

368 1397 590 1466 προέχει
611 1411 625 1425 ·
655 1396 716 1448 τὸ
749 1395 805 1446 δὲ
836 1395 894 1445 ὲν
930 1392 1008 1460 τῷ
1041 1391 1118 1460 νῷ
1151 1390 1212 1442 ού
1249 1387 1500 1457 πρόεισιν
1528 1385 1622 1439 ἀπ’
1651 1385 1839 1447 αὐτοῦ,
1867 1385 1948 1436 ὅτι

371 1494 446 1562 μὴ
478 1491 565 1544 διὰ
599 1490 818 1558 θέλησιν
866 1483 1262 1554 μεσιτεύουσαν
1284 1495 1295 1508 ·
1331 1481 1362 1549 ή
1397 1477 1506 1547 γὰρ
1552 1474 1771 1544 θέλησίς
1803 1477 1952 1526 ἐστιν

369 1587 401 1654 ἡ
436 1582 736 1646 ἐξανύουσα
765 1579 832 1632 τὰ
863 1579 920 1629 ὲν
946 1575 1023 1644 τῷ
1049 1574 1148 1644 νῷ,
1190 1573 1252 1627 τό
1279 1589 1339 1624 τε
1368 1569 1656 1639 νοούμενον
1685 1567 1825 1620 κινεί
1849 1564 1950 1634 τὴν

368 1677 609 1745 θέλησιν,
637 1674 734 1726 καὶ
762 1671 937 1741 ταύτῃ
989 1670 1204 1738 ἀνάγκη
1244 1667 1335 1719 τὸν
1367 1663 1500 1716 Θεὸν
1533 1661 1728 1715 eam.
1761 1660 1950 1726 Τούτῳ

371 1769 584 1838 συνᾴδει
620 1765 716 1819 καὶ
747 1764 808 1817 τὸ
839 1764 897 1816 ὲν
939 1763 1052 1823 τοῖς
1090 1759 1344 1824 Ψαλμοῖς
1369 1772 1384 1788 ·
1427 1775 1443 1807 ι
1481 1754 1667 1808 Πάντα
1695 1754 1794 1806 ὅσα
1820 1750 1951 1820 ἠθέ-

369 1863 558 1929 λησεν,
614 1858 842 1926 ἐποίησε
873 1873 888 1888 ο
929 1875 949 1908 ι
1001 1853 1098 1907 καὶ
1151 1854 1208 1903 ἐν
1266 1851 1332 1919 τῇ
1371 1838 1529 1917 ’πρὸς
1596 1844 1949 1915 Ῥωμαίους·

377 1973 395 2006 ι
429 1954 493 2007 Εἰ
527 1951 579 2004 δὲ
607 1950 775 2002 θέλων
806 1949 834 2001 ὁ
871 1947 1004 2008 Θεὸς
1042 1941 1407 2010 ἐνδείξασθαι,
1442 1959 1460 1992 ι
1517 1941 1611 1992 καὶ
1646 1939 1714 1991 τὰ
1767 1935 1953 1991 λοιπά.

370 2069 582 2139 Κεφάλ.
613 2066 690 2122 Ε’.
723 2065 856 2118 Ὅτι
899 2061 1180 2139 ἐστινρη
1205 2059 1302 2139 ,τῷ
1351 2056 1475 2121 Θεῷ
1507 2054 1686 2122 νοερὰ
1715 2052 1815 2107 καὶ
1861 2055 1955 2108 θε-

901 2130 1118 2199 λητικὴ
1148 2131 1428 2198 δύναμις.

446 2232 569 2283 Ὅτι
632 2229 729 2297 μὲν
786 2220 882 2279 οὖν
946 2225 1054 2276 εἰσι
1109 2219 1360 2275 τοιαῦται
1423 2219 1700 2288 ἐνέργειαι
1763 2216 1821 2269 ὲν
1878 2212 1957 2284 τῷ

373 2324 517 2394 Θεῷ,
555 2322 668 2389 (Μ)
703 2321 760 2374 αί
797 2316 1142 2372 τελειωτικαί
1186 2315 1293 2368 εἶσι
1344 2311 1441 2366 τοῦ
1494 2311 1709 2383 ἔχοντος
1745 2311 1808 2364 ὲκ
1846 2309 1954 2362 τῶν

375 2417 684 2488 εἰρημένων
717 2411 917 2474 ἱκανῶς
952 2407 1108 2478 οἶμαι
1134 2407 1427 2477 δεδεῖχθαι.

447 2505 516 2562 α’.
551 2507 784 2574 Πότερον
813 2503 870 2556 δὲ
901 2503 996 2554 καὶ
1025 2503 1080 2554 αί
1111 2501 1255 2553 κατὰ
1293 2498 1499 2560 ταύτας
1533 2496 1814 2566 δυνάμεις,
1846 2491 1956 2548 οἷον

376 2603 412 2672 ἠ
443 2600 624 2669 νοερὰ,
657 2597 813 2666 καὶὴ
851 2591 1135 2662 θελητικὴ,
1180 2592 1277 2644 καὶ
1329 2589 1562 2643 καθόλου
1611 2590 1645 2659 ἡ
1691 2587 1956 2656 δραστικὴ

377 2692 606 2762 δύναμίς
663 2691 812 2743 ἐστιν
863 2689 920 2739 ὲν
969 2685 1140 2754 αὐτῷ,
1181 2684 1214 2754 ἦ
1267 2681 1365 2746 οὒ,
1415 2681 1764 2751 ζητήσωμεν,
1801 2681 1960 2732 Δοκεῖ

375 2786 558 2839 τοίνυν
589 2785 646 2835 ἐν
681 2777 933 2848 αὐτῷ,,μὴ
969 2772 1109 2830 εἶναι
1149 2775 1378 2843 δύναμιν
1421 2773 1702 2843 τοιαύτην.
1745 2771 1810 2824 Ἠ
1851 2771 1958 2840 γὰρ

376 2875 607 2946 δύναμίς
639 2877 790 2928 ἐστιν
829 2869 1111 2940 ἐνεργείας
1159 2868 1326 2939 ἀρχή.
1368 2869 1431 2920 Ἠ
1479 2866 1536 2919 δὲ
1577 2867 1831 2935 ἐνέργεια
1863 2863 1958 2917 τοῦ

379 2969 537 3033 Θεοῦ,
573 2968 729 3038 ἧστις
765 2963 914 3016 ἐστὶν
963 2964 994 3031 ἠ
1053 2960 1210 3013 οὐσία
1247 2959 1434 3024 αὑτοῦ,
1472 2958 1547 3022 ὡς
1603 2958 1740 3028 μετᾶ
1789 2957 1960 3010 ταῦτα

380 3061 751 3131 δειχθήσεται,
805 3057 904 3106 οὐκ
945 3052 1057 3122 ἔχει
1102 3051 1300 3122 ἀρχήν.
1354 3049 1492 3102 Οὔτε
1539 3049 1646 3118 γὰρ
1698 3049 1960 3118 γεγέννη..

377 3173 490 3215 ται,
524 3152 649 3206 οὔτε
701 3151 1130 3219 ὲκπεπόρευται.
1171 3146 1258 3197 Ἐν
1297 3143 1374 3216 τῷ
1419 3143 1535 3212 Θεῷ
1566 3144 1674 3213 ἄρα
1720 3141 1818 3193 οὐκ
1847 3140 1960 3192 ἔστι

378 3247 634 3316 δύναμις.

454 3340 520 3410 β’.
558 3339 680 3392 Ἔτι
726 3338 853 3400 πᾶν,
895 3337 1034 3406 ὅπερ
1083 3333 1201 3388 ἐστὶ
1247 3331 1609 3392 τελειότατον,
1656 3325 1966 3381 ἀποδιδόναι

381 3431 492 3502 χρὴ
531 3429 609 3500 τῷ
637 3428 778 3498 Θεῷ.
819 3429 884 3481 ’0
912 3430 1090 3480 τοίνυν
1127 3427 1322 3478 σκοπεῖ
1359 3423 1420 3476 τὸ
1471 3421 1663 3475 ἑαυτοῦ
1703 3420 1968 3472 τελειότε-

385 3543 498 3595 ρον,
541 3525 600 3576 οὐ
643 3523 725 3575 δεῖ
777 3520 1091 3574 ἀποδιδόναι
1134 3517 1321 3587 αὐτῷ·
1364 3515 1502 3569 ἀλλὰ
1550 3515 1698 3567 πᾶσα
1735 3511 1968 3574 δύναμις

384 3620 577 3670 σκοπεῖ
603 3634 652 3668 τι
689 3614 892 3683 ἑαυτῆς
921 3613 1254 3682 τελειότερον
1272 3629 1284 3642 ·
1311 3609 1554 3681 δηλονότι
1583 3610 1616 3678 ἡ
1653 3607 1750 3676 μὲν
1787 3605 1971 3672 παθη-

382 3707 534 3776 τικὴ,
569 3707 630 3758 τὸ
660 3700 818 3768 εἶδος,
879 3706 912 3772 ἡ
943 3703 998 3754 δὲ
1046 3701 1337 3769 δραστικὴ,
1383 3703 1482 3768 τὴν
1517 3699 1822 3767 ἐνέργειαν.
1854 3697 1969 3748 Οὐκ

384 3796 494 3864 ἄρα
523 3794 723 3863 ὀτείλει
751 3795 981 3862 δᾶναμις
1010 3792 1355 3844 ἀποδίδοσθαι
1381 3791 1459 3858 τῷ
1491 3788 1633 3858 Θεῷ.

463 3885 533 3952 γ’.
575 3885 762 3954 "Eni;
821 3881 936 3948 ἕξις
978 3884 1094 3934 ἐστὶ
1151 3867 1464 3950 τελεωτέρα
1517 3883 1614 3949 τῆς
1663 3879 1968 3948 δυνάμεως,

385 3979 465 4042 ὡς
497 3977 774 4046 ἐγγυτέρα
804 3975 897 4028 τοῦ
929 3976 1176 4042 ἐνεργεῖν
1204 3971 1360 4028 οὖσα.
1391 3974 1543 4039 ’Ἐξις
1576 3974 1632 4026 δὲ
1667 3974 1724 4027 ὲν
1748 3973 1824 4043 τῷ
1854 3971 1970 4041 Θεῷ

387 4073 488 4125 οὐκ
510 4070 683 4134 ἔστιν,
723 4069 798 4132 ὡς
823 4069 881 4122 ὲν
913 4070 1026 4131 τοῖς
1067 4067 1206 4136 μετὰ
1239 4067 1407 4120 ταῦτα
1444 4066 1814 4138 δειχθήσεται.
1847 4065 1971 4119 Οὐδ’

389 4165 498 4233 ἄρα
529 4163 782 4227 δύναμις.

464 4253 523 4308 δ’.
553 4255 674 4307 Ὅτι
707 4254 856 4306 πᾶσα
897 4252 1133 4320 δύναμις
1164 4251 1266 4318 τῆς
1308 4251 1518 4314 οἰκείας
1545 4251 1832 4320 ἐνεργείας
1871 4270 1976 4321 χω-

397 4344 660 4415 ριζομένη
697 4346 843 4397 ἐστὶν
887 4345 1108 4415 ἀτελής.
1162 4345 1411 4415 Κὰπειδὴ
1468 4343 1636 4414 μηδὲν
1683 4344 1872 4408 ἀτελὲς
1900 4343 1978 4411 τῷ

394 4437 514 4506 Θεῷ
550 4438 844 4506 προσήκει,
882 4435 991 4488 οὐδ’
1025 4434 1109 4489 διν⁹
1143 4437 1370 4500 εἰκότως
1413 4436 1596 4504 δοκοίη
1641 4436 1872 4506 δύναμις
1901 4436 1978 4507 τῷ

393 4530 513 4600 Θεῷ
545 4530 922 4584 ἀποδίδοσθαι.

469 4629 530 4676 ε’.
570 4622 687 4675 Κᾶν
717 4622 854 4692 λέγῃ
878 4638 981 4683 τις,
1012 4621 1109 4691 τὴν
1135 4621 1394 4694 τοιαύτην
1430 4623 1681 4690 δύναμιν·
1705 4623 1978 4691 μηδέποτε

393 4716 493 4786 τῆς
532 4714 740 4776 οἰκείας
793 4713 1074 4779 ἐνεργείας
1125 4713 1480 4782 χωρίζεσθαι,
1515 4714 1624 4766 οὐδ’
1666 4712 1809 4767 οὕτω
1837 4715 1979 4784 δρᾷ.

357 4809 424 4861 ’ὃ
455 4808 564 4876 γὰρ
597 4806 725 4859 ἄλλο
775 4806 880 4858 τινὶ
935 4805 1144 4858 τέλειόν
1198 4807 1338 4866 ἐστι.
1384 4804 1506 4857 καθ’
1547 4805 1684 4858 αὐτὸ
1735 4806 1977 4875 θεωρού-

401 4917 560 4969 μενον
597 4898 789 4958 ἀτελές
818 4899 988 4950 ἐστιν.
1027 4897 1141 4949 Οὐκ
1168 4898 1275 4966 ἄρα
1308 4897 1424 4948 ἐστὶ
1456 4895 1688 4967 δύναμις
1717 4899 1773 4950 ὲν
1805 4899 1976 4969 αὐτῷ.

471 5088 544 5145 ς’.
586 5080 708 5132 Ἔτι
760 5079 926 5148 ἡτῆς
983 5077 1172 5140 οὐσίας
1231 5077 1539 5146 κατηγορία
1593 5076 1712 5130 ἐστὶ
1758 5077 1979 5146 βελτίων

398 5173 506 5224 τῶν
538 5173 713 5224 ἄλλων
756 5171 1124 5242 κατηγοριῶν.
1171 5169 1330 5221 Ἀ).λὰ
1381 5168 1456 5238 τῷ
1497 5169 1618 5238 Θεῷ
1667 5171 1764 5222 οὐκ
1796 5171 1982 5224 ἀποδίο

399 5265 551 5316 δοται
585 5265 764 5328 οὐσία,
811 5264 884 5326 ὡς
925 5266 951 5316 ὁ
995 5263 1363 5328 Λὺγουστίνός
1412 5279 1600 5332 φησιν.
1644 5263 1831 5332 ιῐολλῴ
1877 5264 1982 5332 ἄρα

399 5354 562 5425 ἦττον
598 5356 901 5409 ἀποδώσειέ
931 5373 1012 5416 τις
1041 5355 1136 5424 τὴν
1162 5355 1261 5422 τῆς
1296 5354 1585 5424 ποιότητος
1618 5354 1976 5422 κατηγορίαν.

415 5449 555 5502 Ἀλλ’
607 5450 637 5518 ἡ
695 5449 923 5516 δύναμις
964 5448 1181 5502 ,τίθεται
1225 5447 1284 5499 ὲν
1313 5445 1389 5516 τῷ
1435 5445 1674 5516 δευτέρῳ
1705 5445 1837 5499 εἴδει
1886 5446 1986 5515 τῆς

401 5543 706 5611 ποιότητος.
736 5541 825 5609 Τῷ
866 5539 984 5608 Θεῴ
1020 5539 1128 5608 ἄρα
1158 5539 1390 5609 δύναμις
1422 5540 1521 5594 οὐκ
1555 5539 1763 5608 ὀφείλει
1792 5538 1984 5594 ἀποδί-

480 5891 590 5960 ηιξ)
617 5889 836 5946 Videtur
857 5890 927 5944 Ιο(
947 5905 1008 5946 us
1037 5886 1282 5942 mutilus.

1315 429 1413 488 DE
1456 429 1836 492 ESSENTIA
1871 434 1966 492 ET
2009 434 2498 498 ΟΡΕΒᾹΤΙΟΝΕ
2544 438 2698 496 DEI.

436 553 528 604 ια’.
561 546 682 600 Ἔτι
703 544 750 598 εί
770 546 875 599 πᾶν
901 546 958 599 τὸ
993 547 1179 601 ποιοῦν
1207 551 1351 602 ποιεῖ
1376 549 1560 618 ὅμοιον
1585 549 1764 620 ἐαυτῷ
1790 551 1938 620 ἀμη-
1968 551 2015 608 Α

3485 438 3622 504 1234

2116 555 2202 610 Η.
2264 555 2525 624 Denique,
2571 557 2614 610 si
2667 571 2827 610 omne
2869 570 3036 627 agens
3089 555 3199 626 agit
3254 569 3467 624 semper
3517 557 3620 611 sibi

2046 647 2244 706 simile.
2278 658 2488 718 Oportet
2516 648 2737 704 effectus
2763 651 2816 704 in
2841 666 2936 703 sua
2965 665 3128 705 causa
3149 665 3363 718 semper
3389 649 3619 704 includi.

2047 738 2219 794 Omne
2252 751 2431 794 autem
2464 743 2605 810 quod
2640 743 2798 797 estin
2848 743 3048 812 aliquo,
3085 753 3168 796 est
3215 743 3265 795 in
3317 757 3383 796 eo
3426 758 3624 797 secun-

2047 831 2174 886 dum
2206 834 2421 888 modum
2453 839 2591 903 ejus.
2631 833 2802 899 Unde,
2835 851 2958 888 cum
3002 835 3140 889 Deus
3189 833 3305 903 ipse
3339 835 3409 889 sit
3465 834 3627 886 intel-

2047 925 2239 990 lectus,
2275 929 2655 996 prmexsistunt
2692 928 2743 981 in
2800 943 2867 982 eo
2925 936 3189 983 creaturae
3249 941 3343 995 per
3403 924 3622 978 modum

2047 1017 2464 1088 intelligihilcm.
2503 1020 2639 1076 Dicit
2665 1020 2809 1074 enim
2847 1020 3036 1074 beatus
3069 1019 3360 1089 Dionysius
3397 1036 3409 1072 :
3454 1037 3470 1069 ι
3504 1018 3625 1071 Non

2048 1125 2115 1164 ex
2147 1113 2366 1167 entihus
2389 1114 2532 1166 entia
2569 1113 2849 1181 cognoscit
2889 1113 3104 1167 divinus
3155 1111 3485 1173 intellectus,
3531 1110 3628 1164 sed

2047 1219 2112 1256 ex
2151 1205 2333 1272 seipso
2354 1214 2402 1259 ct
2435 1207 2488 1258 in
2519 1205 2700 1274 seipso
2737 1206 3028 1260 causaliter
3051 1205 3295 1276 omnium
3333 1201 3620 1258 scientiam

2049 1295 2520 1365 cognitionemque
2567 1306 2620 1350 et
2653 1299 2943 1351 essentiam
2983 1297 3164 1350 habet.
3205 1313 3224 1346 ι
3259 1293 3414 1359 Quod
3444 1301 3628 1348 autem

2050 1397 2135 1441 est
2165 1389 2217 1441 in
2254 1388 2550 1452 intellectu,
2595 1406 2700 1444 non
2729 1392 2846 1445 exit
2874 1391 2942 1444 ab
2985 1405 3050 1444 eo
3084 1389 3186 1442 nisi
3219 1388 3491 1443 mediante
3533 1403 3632 1440 vo-

2050 1479 2302 1534 luntate:
2337 1482 2590 1536 voluntas
2641 1483 2786 1535 enim
2832 1491 3074 1552 estquae
3126 1481 3336 1550 peragit
3389 1494 3452 1532 ea
3511 1493 3634 1547 qua:

2052 1573 2251 1626 suntin
2279 1573 2574 1637 intellectu,
2609 1589 2777 1643 quum
2816 1591 2902 1630 res
2931 1575 3200 1628 intellecta
3245 1581 3423 1627 movet
3444 1573 3637 1625 volun~

2051 1673 2238 1720 tatem.
2271 1664 2337 1719 Et
2359 1665 2438 1720 sic
2469 1674 2681 1734 oportet
2702 1665 2867 1719 Deum
2908 1665 3066 1719 velle.
3101 1664 3194 1718 llis
3227 1662 3473 1718 concinit
3499 1661 3632 1714 illud

2051 1757 2390 1812 Psalmorum
2426 1773 2440 1811 :
2511 1773 2530 1807 ι
2572 1756 2765 1810 Omnia
2789 1772 3129 1826 quaecunque
3174 1756 3364 1820 voluit,
3393 1754 3517 1808 fecit
3544 1754 3584 1818 ⁶;
3614 1772 3631 1804 ι

2054 1859 2106 1905 et
2137 1851 2192 1904 in
2240 1849 2478 1919 Epistola
2512 1850 2574 1903 ad
2601 1848 2918 1905 Romanos:
2949 1869 2964 1901 ι
3009 1849 3164 1916 Quod
3197 1850 3240 1903 si
3280 1849 3419 1902 Deus
3450 1847 3638 1902 volens

2055 1943 2362 2027 ostendere,
2429 1961 2447 1994 ι
2482 1952 2532 1996 et
2555 1941 2786 2010 reliqua.

2056 2050 2187 2120 Cap.
2223 2049 2288 2104 V.
2329 2049 2482 2116 Quod
2499 2062 2575 2105 est
2597 2051 2652 2105 in
2673 2049 2778 2105 Deo
2795 2050 3088 2121 intelligens
3109 2060 3155 2104 et
3177 2049 3350 2104 volens
3370 2049 3626 2118 potentia.

2128 2231 2264 2288 Esse
2296 2232 2462 2302 igitur
2494 2232 2546 2286 in
2600 2230 2706 2286 Deo
2757 2230 2879 2285 illas
2935 2229 3280 2299 operationes
3334 2242 3454 2295 quae
3513 2233 3643 2279 sunt

2051 2325 2375 2397 'perfectivze
2425 2325 2595 2394 ipsius
2643 2323 2914 2390 habentis,
2975 2337 3040 2377 cx
3106 2320 3265 2376 dictis
3308 2317 3644 2375 sullicientcr

2059 2421 2494 2476 demonstratum
2531 2418 2790 2473 arbitror.

2132 2514 2186 2567 1.
2214 2512 2406 2567 Utrum
2451 2526 2576 2566 vero
2601 2511 2686 2566 his
2713 2509 3106 2579 respondentes
3132 2505 3411 2578 potentiae,
3432 2502 3644 2559 scilicet

2061 2607 2419 2669 intellectiva,
2453 2603 2678 2658 volitiva
2711 2610 2763 2657 et
2805 2601 3136 2672 generaliter
3186 2597 3365 2652 activa
3403 2596 3644 2665 potentia

2061 2701 2170 2756 sint
2200 2702 2254 2754 in
2312 2698 2440 2763 Deo,
2472 2713 2538 2751 an
2586 2712 2716 2759 non,
2765 2694 3125 2763 inquiramus.
3195 2692 3368 2744 Porro
3436 2689 3646 2741 videtur

2061 2796 2203 2864 quod
2239 2794 2289 2848 in
2319 2791 2432 2846 Deo
2469 2807 2572 2846 non
2609 2789 2679 2844 sit
2713 2785 3023 2856 hujnsmodi
3074 2784 3338 2855 potentia.
3371 2781 3505 2835 Nam
3548 2795 3648 2849 po-

2064 2889 2230 2943 tentia
2251 2897 2336 2942 est
2369 2885 2695 2954 principium
2740 2878 3096 2950 Operatioriis.
3128 2877 3232 2932 Sed
3266 2874 3512 2945 operatio
3539 2873 3648 2924 .di-

2063 2981 2209 3042 vina,
2236 2995 2355 3047 quze
2373 2986 2454 3031 est
2477 2976 2594 3044 ejus
2624 2974 2885 3035 essentia,
2917 2982 2973 3025 ut
2996 2970 3135 3024 inira
3162 2966 3646 3031 dcmonstrabitnr,

2063 3087 2173 3126 non
2221 3071 2382 3124 habet
2449 3065 2823 3136 principium:
2861 3080 2987 3118 nam
3026 3078 3123 3117 nec
3179 3069 3490 3132 generatur,
3550 3073 3651 3113 nec

2064 3163 2325 3234 procedit.
2358 3162 2416 3216 In
2446 3160 2556 3215 Deo
2580 3159 2744 3226 igitur
2781 3174 2887 3212 non
2935 3167 3018 3213 est
3063 3160 3324 3226 potentia.

2140 3341 2195 3394 2.
2226 3341 2510 3401 Praeterea,
2539 3351 2702 3392 omne
2723 3336 2868 3406 quod
2909 3345 2991 3390 est
3027 3335 3511 3406 perfectissimum,
3543 3335 3654 3389 Deo

2068 3432 2474 3489 attribuendum
2508 3441 2636 3496 est;
2688 3430 2833 3499 quod
2880 3430 3046 3497 igitur
3103 3429 3276 3482 tendit
3321 3429 3388 3480 ad
3447 3428 3652 3495 aliquid

2070 3529 2253 3596 scipso
2314 3525 2632 3596 perfectius,
2689 3539 2798 3577 non
2860 3535 2942 3576 est
3003 3521 3051 3574 ei
3114 3521 3488 3574 tribuendum.
3546 3518 3651 3572 Sed

2070 3621 2252 3676 omnis
2278 3619 2516 3688 potentia
2557 3617 2727 3672 tendit
2759 3617 2824 3669 ad
2865 3614 3069 3684 aliquid
3106 3613 3286 3682 seipsa
3318 3612 3652 3682 perfectius:

2069 3713 2272 3769 scilicet
2297 3712 2509 3780 passiva
2534 3709 2596 3762 ad
2613 3707 2866 3770 formam,
2896 3714 2949 3759 et
2969 3705 3141 3759 activa
3165 3707 3229 3758 ad
3254 3704 3654 3773 operationem.

2070 3806 2190 3859 Non
2227 3805 2390 3873 igitur
2420 3801 2851 3870 debctpotentia
2885 3798 2992 3852 Deo
3046 3796 3233 3851 tribui.

2143 3897 2198 3950 5.
2223 3896 2513 3958 Praeterea,
2537 3892 2755 3946 habitus
2795 3900 2878 3944 cst
2902 3890 3198 3958 perfectior
3240 3885 3503 3956 potentia,
3531 3900 3654 3937 eum

2073 3988 2144 4045 sit
2169 3986 2388 4057 propior
2415 3983 2583 4039 actui.
2648 3982 2753 4036 Sed
2792 3981 3008 4036 habitus
3041 3983 3092 4033 in
3147 3981 3253 4033 Deo
3281 3994 3386 4032 non
3437 3985 3544 4042 est,
3601 3982 3660 4029 ut

2073 4088 2258 4150 postea
2295 4081 2615 4133 ostendetur
2645 4095 2657 4142 ;
2693 4091 2793 4130 nec
2824 4076 2989 4146 igitur
3030 4073 3291 4144 putentia.

2148 4259 2203 4312 4.
2257 4248 2550 4316 Praeterea,
2593 4252 2774 4305 omnis
2815 4248 3082 4319 potentia,
3110 4262 3138 4301 a
3189 4263 3284 4302 sua
3340 4246 3659 4316 Operatione

2078 4355 2352 4417 separata,
2389 4355 2475 4401 est
2523 4343 2861 4413 imperfecta.
2929 4339 2995 4394 Et
3033 4342 3158 4408 quia
3215 4339 3348 4391 nihil
3404 4339 3662 4405 imperfe-

2083 4451 2231 4494 ctum
2259 4439 2368 4492 Deo
2401 4438 2673 4500 convenit,
2701 4451 2805 4490 non
2842 4435 3005 4504 igitur
3029 4433 3358 4488 conveniens
3383 4433 3662 4486 videretur

2007 4577 2054 4631 D
2081 4532 2374 4602 potentiam
2409 4529 2517 4594 Deo
2546 4528 2804 4582 tribuere.

2157 4627 2210 4681 5.
2238 4623 2392 4691 Quod
2423 4623 2467 4678 si
2497 4623 2622 4692 quis
2649 4621 2796 4676 dicat
2827 4619 3144 4690 huiusmodi
3174 4618 3474 4687 potentiam
3521 4632 3665 4669 nun-

2082 4732 2244 4787 quam
2279 4732 2307 4770 a
2380 4730 2480 4770 sua
2530 4713 2851 4782 operatione
2895 4710 3156 4779 separari,
3220 4710 3350 4762 nihil
3409 4707 3663 4776 prolicit:

2083 4811 2226 4879 quod
2247 4809 2390 4866 enim
2439 4823 2533 4876 per
2576 4807 2780 4875 aliquid
2835 4805 2981 4859 aliud
3032 4815 3118 4858 cst
3165 4806 3490 4873 perfectum,
3525 4803 3569 4854 si
3610 4802 3665 4854 in

2084 4903 2264 4970 seipse
2310 4900 2708 4963 consideratur,
2753 4896 3128 4966 imperfectum
3191 4903 3293 4948 est.
3341 4892 3451 4945 Non
3503 4891 3668 4959 igitur
3734 4883 3738 4887 ’

2084 5003 2168 5048 est
2194 4993 2435 5062 potentia
2481 4993 2530 5044 in
2563 4990 2694 5044 Deo.

2161 5086 2213 5139 6.
2243 5087 2530 5149 l’rmtcrca,
2576 5084 3057 5152 prmtlicarricntum
3084 5081 3336 5136 essentia:
3367 5087 3448 5132 est
3474 5077 3668 5132 melius

2091 5181 2209 5234 aliis
2239 5177 2699 5247 pranlicamcntis.
2745 5174 2849 5229 Sed
2908 5174 3016 5228 Deo
3064 5188 3172 5226 non
3221 5171 3538 5224 attribuitur
3582 5185 3669 5221 cs-

2091 5272 2286 5335 sentia,
2345 5282 2400 5323 ttt
2429 5270 2504 5322 ait
2540 5265 2926 5334 Augustinus;
2979 5265 3146 5318 multo
3201 5262 3384 5314 minus
3434 5261 3481 5314 ei
3516 5264 3672 5312 altri-

2095 5362 2182 5416 btti
2217 5369 2397 5430 posset
2439 5342 2926 5428 prgctlicanientutn
2965 5352 3264 5423 qualitatis.
3311 5350 3380 5404 At
3427 5347 3668 5418 potentia

2089 5451 2316 5521 ponitur
2387 5450 2436 5501 in
2495 5447 2733 5502 secunda
2779 5440 2960 5513 specie
2999 5441 3300 5512 qualitatis.
3345 5438 3455 5495 Deo
3502 5437 3669 5507 igitur

2088 5544 2328 5614 potentia
2360 5559 2466 5598 non
2512 5550 2688 5611 potest
2728 5537 2968 5594 attribui.
