4064 6450
413 393 549 461 1Ξ35

344 640 371 651 κ.
406 610 606 656 octavo
659 597 740 652 De
775 597 969 652 diuinis
1011 599 1309 653 nominibus
1361 599 1543 671 capite
1600 618 1616 655 :
1667 619 1688 654 ι
1749 601 1998 656 Potentia

404 702 489 749 est
509 692 939 761 Deus,tanquam
958 705 1172 746 omnem
1196 693 1495 761 potentiam
1517 694 1569 748 in
1590 695 1775 765 seipse
1793 695 2002 749 habens

402 795 460 841 et
486 784 922 855 snperhabens.»
954 782 1016 838 Si
1045 783 1192 839 enim
1234 798 1452 840 omnem
1478 786 1774 855 potentiam
1814 785 1998 851 habet,

404 877 758 934 manifestum
774 888 855 932 est
869 876 1017 947 quod
1034 877 1199 934 habet
1215 878 1601 935 iutellectivam
1619 888 1674 936 et
1692 881 1995 937 volitivam.

471 1059 743 1118 Praeterea
775 1101 791 1128 ,
845 1077 1009 1120 omne
1055 1062 1368 1133 intelligens
1438 1073 1497 1120 et
1536 1063 1753 1130 volens,
1815 1071 1999 1135 potest

403 1150 710 1223 intelligere
741 1163 795 1211 et
824 1155 983 1211 velle.
1006 1153 1163 1222 Quod
1199 1155 1345 1211 enim
1378 1170 1485 1211 non
1515 1164 1697 1226 potest
1726 1155 1999 1225 intellige-

402 1261 463 1300 re
493 1262 598 1300 nec
635 1247 792 1317 velle,
838 1258 925 1305 est
980 1250 1212 1319 incaan
1251 1249 1591 1321 intelligendi
1629 1258 1685 1305 et
1739 1249 1997 1314 tolcndi;

402 1340 552 1408 quod
582 1350 766 1396 autem
791 1351 877 1397 est
904 1341 1134 1411 incapax
1175 1341 1512 1412 intelligendi
1558 1350 1615 1397 et
1646 1341 2001 1406 volendi,ne—

403 1434 575 1489 cesse'
608 1442 693 1490 est
722 1449 833 1490 non
862 1433 1167 1505 intelligere
1200 1450 1305 1492 nec
1345 1435 1503 1491 velle.
1546 1432 1654 1490 Sed
1717 1418 1863 1491 licus
1915 1441 2002 1490 est

400 1524 712 1595 intelligens
774 1537 829 1582 et
888 1525 1098 1593 volens,
1149 1534 1209 1580 ttt
1269 1541 1437 1597 supra
1509 1534 1793 1581 ostensum
1867 1534 1994 1580 est:

405 1617 570 1679 habet
592 1618 763 1691 igitur
790 1620 1091 1690 potentiam
1142 1618 1482 1689 intelligendi
1512 1628 1569 1674 et
1608 1617 1853 1674 valendi.

1040 1711 1351 1783 Responsio.

464 1802 767 1860 Dicendum
810 1813 893 1862 est
942 1807 1087 1878 quod
1127 1807 1196 1864 ad
1245 1806 1770 1865 demonstrationem
1830 1805 1999 1877 hujus

1662 396 2048 460 GllEGORIl
2089 401 2465 466 ACINDYNI

477 508 589 562 Sed
620 515 813 562 contra
865 515 948 559 est
1003 505 1148 576 quod
1209 505 1346 561 dicit
1376 506 1566 563 heatns
1605 507 1992 585 Diottysiusin
2027 518 2071 572 Α

2182 513 2327 566 Ἀλλ’
2371 512 2615 567 ἐναντίον
2644 515 2765 569 ἐστὶ
2796 513 2857 568 τὺ
2900 514 3198 587 λεγόμενον
3230 516 3335 571 ὑπὸ
3366 517 3460 572 τοῦ
3503 537 3682 588 μακα-

2107 607 2225 677 ρίου
2256 607 2316 659 ὲν
2349 606 2426 678 τῷ
2460 608 2597 678 Περὶ
2641 607 2802 663 θείων
2834 609 3114 679 ὀνομάτων
3153 611 3326 683 ὀγδόῳ
3375 612 3683 681 κεφαλαίῳ

2105 700 2232 752 Ὅτι
2275 699 2511 771 δύναμίς
2560 702 2712 753 ἐστιν
2767 703 2796 755 ὁ
2844 701 2998 768 Θεὸς,
3035 701 3108 766 ὡς
3141 704 3324 757 πᾶσαν
3374 703 3599 773 δύναμιν
3628 705 3689 755 ἐν

2102 791 2286 863 ἑαυτῷ
2332 793 2586 862 προέχων
2638 794 2732 846 καὶ
2787 793 3096 864 ὑπερέχων.
3146 795 3208 848 Et
3252 795 3360 867 γὰρ
3392 797 3571 851 πᾶσαν
3591 795 3686 849 δύ-

2102 901 2270 953 ναμιν
2314 884 2451 956 ἔχει,
2497 883 2680 956 δῆλον,
2712 885 2795 939 ὅτι
2846 886 2947 940 καὶ
2985 888 3084 958 τὴν
3132 888 3330 960 νοερὰν
3385 889 3480 943 καὶ
3524 888 3689 960 θελη-

2101 977 2287 1047 τικήν.

2128 1065 2132 1071 ’
2178 1072 2322 1136 Ἔτι,
2355 1072 2465 1126 πᾶν
2496 1070 2559 1126 τδ
2588 1070 2746 1126 νοοῦν
2770 1058 2865 1127 διαὶ
2905 1070 3060 1127 θέλον
3110 1072 3338 1128 δύναται
3388 1077 3551 1141 νοεῖν,
3588 1074 3687 1129 καὶ

2102 1164 2301 1221 θέλειν.
2369 1167 2439 1219 Ὅ
2475 1164 2587 1235 γὰρ
2632 1165 2708 1237 μὴ
2754 1166 2980 1220 δύναται
3024 1170 3169 1220 νοεῖν
3199 1167 3293 1220 καὶ
3326 1167 3520 1234 θέλειν,
3554 1169 3684 1223 ἀδύ-

2104 1258 2267 1314 νατόν
2313 1260 2432 1313 ἐστι
2461 1262 2607 1313 νοεῖν
2661 1261 2759 1313 καὶ
2808 1258 3007 1318 θέλειν,
3057 1262 3123 1314 '0
3163 1260 3221 1315 δὲ
3272 1260 3533 1315 ἀδύνατόν
3568 1265 3685 1316 ὲστι

2103 1354 2268 1417 νοεῖν,
2304 1353 2401 1408 καὶ
2458 1352 2664 1419 θέλειν,
2718 1353 3171 1431 ἀναγκαῖόννὲστι
3222 1352 3298 1424 μὴ
3350 1354 3508 1419 νοεῖν,
3547 1354 3686 1424 μηδὲ

2103 1443 2305 1498 θέλειν.
2352 1444 2413 1498 Ὀ
2447 1445 2503 1498 δὲ
2554 1443 2690 1509 Θεός
2740 1446 2859 1498 ἐστι
2901 1444 3042 1499 νοῶν
3112 1444 3210 1497 καὶ
3257 1444 3449 1510 θέλων,
3497 1446 3573 1509 ἀς
3620 1448 3683 1499 ἑν

2100 1538 2215 1602 τοῖς
2247 1538 2360 1592 ἄνω
2386 1537 2686 1593 δέδεικται.
2718 1537 2874 1609 Ἔχει
2915 1537 3023 1610 ἄρα
3051 1537 3284 1609 δύναμιν
3315 1537 3397 1600 είς
3430 1535 3490 1590 τὺ
3540 1539 3685 1591 νοεῖν

2101 1633 2198 1687 καὶ
2222 1632 2423 1689 θέλειν.
2469 1616 2475 1621 ’

2707 1725 2779 1787 ,Ἀ
2788 1727 3094 1792 πόκρισις.

2185 1816 2429 1891 Ῥητέον,
2484 1818 2570 1872 ὅτι
2628 1819 2769 1889 πρὸς
2832 1819 3180 1889 παράστασιν
3224 1819 3378 1878 τοῦδε
3400 1822 3490 1878 τοῦ
3519 1822 3687 1893 ζητή-

403 1898 725 1969 quaestionis
778 1899 919 1955 scitu
996 1899 1222 1971 dignum
1286 1912 1372 1959 est
1437 1900 1779 1970 potentiam,
1845 1882 1999 1955 sicut

2103 1882 2490 1984 parog'eioévat
2511 1882 2690 1980 ἄξιον,
2721 1912 2804 1966 ὅτι
2830 1913 2863 1984 ἡ
2897 1882 3147 1983 δύναμις,
3175 1913 3426 1988 καθάπερ
3448 1882 3681 1989 εἴρηταί,

405 1991 670 2058 diximus,
732 1994 1042 2063 comparari
1115 1994 1183 2050 ad
1268 1995 1669 2066 operationem.
1737 1991 1998 2063 Operatio

306 2110 307 2113 η
407 2092 590 2138 autem
627 2092 716 2139 est
743 2084 944 2155 duplex
980 2102 994 2138 :
1030 2085 1243 2141 scilicet
1269 2101 1380 2141 una
1426 2101 1548 2156 qua:
1601 2093 1683 2140 est
1716 2084 1915 2148 forma,
1943 2089 1999 2136 et

402 2177 574 2234 altera
597 2192 721 2249 qua:
754 2189 842 2236 est
906 2178 1074 2234 actio.
1118 2178 1185 2234 Et
1238 2178 1367 2234 huic
1422 2176 1628 2234 actioni
1669 2178 1886 2234 videtur
1929 2191 1996 2231 ex

402 2272 685 2327 communi
734 2272 1024 2328 hominum
1087 2272 1447 2341 intelligentia
1486 2270 1750 2343 primario
1804 2269 1998 2326 datutn

400 2379 524 2420 esse
555 2380 755 2421 nomen
796 2365 1169 2436 operationis;
1214 2365 1295 2421 sic
1322 2366 1467 2423 enim
1494 2366 1611 2422 fere
1641 2379 1833 2421 omnes
1861 2379 1995 2434 ope-

399 2456 670 2512 rationem
738 2457 1091 2527 intelligunt;
1158 2457 1487 2512 secundatio
1540 2463 1724 2511 autem
1799 2453 1999 2510 exinde

400 2549 731 2605 translatum
759 2558 844 2605 est
873 2548 979 2605 hoc
1018 2564 1221 2605 nomen
1242 2550 1309 2605 ad
1362 2547 1623 2614 formam,
1656 2548 1785 2620 quia
1820 2546 1997 2602 forma

400 2650 489 2697 est
548 2642 882 2711 ptiucipium
943 2650 999 2697 et
1034 2641 1158 2697 linis
1202 2641 1538 2713 operationis
1590 2656 1689 2698 seu
1734 2640 1994 2697 actionis.

401 2736 560 2793 Unde
609 2738 776 2791 etiam
831 2737 1077 2808 potentia
1133 2747 1215 2793 est
1258 2737 1492 2808 duplex:
1533 2752 1642 2792 una
1684 2737 1885 2803 activa,
1931 2736 1999 2792 de

401 2844 509 2898 qua
546 2828 818 2898 dependet
860 2828 1112 2899 operatio
1155 2845 1278 2901 quae
1335 2839 1394 2885 ut
1448 2831 1595 2886 actio
1650 2829 1890 2896 dicitur,
1941 2839 1995 2884 et

402 2922 533 2978 huic
550 2923 766 2977 videtur
792 2923 1057 2992 primario
1095 2923 1282 2979 datum
1332 2938 1457 2979 esse
1481 2924 1739 2994 potentia:
1772 2937 1993 2978 nomen.

402 3014 540 3080 Quia
561 3024 743 3069 autem
776 3015 914 3071 nihil
939 3016 1052 3087 agit
1084 3015 1190 3072 nisi
1221 3017 1452 3070 'ratione
1484 3016 1743 3086 potentia-
1776 3016 1992 3079 activae,

410 3109 521 3163 Deo
549 3119 733 3165 autem
763 3113 1023 3165 convenit
1053 3125 1173 3167 esse
1198 3119 1380 3166 actum
1405 3125 1606 3180 purum
1642 3118 1698 3164 et
1729 3108 1993 3179 primum,

2104 2008 2325 2077 λέγεται
2354 2007 2495 2078 πρὸς
2544 2006 2647 2078 τὴν
2698 2006 3008 2078 ἐνέργειαν.
3053 2008 3120 2061 Ἦ
3174 2008 3231 2062 δὲ
3283 2009 3531 2080 δνέργειά
3565 2012 3682 2062 ἐστι

2104 2102 2287 2172 δισσή.
2329 2099 2529 2172 Πρώτη
2570 2100 2696 2171 ἥτις
2742 2100 2860 2154 ἐστὶ
2903 2097 3176 2165 τὸέῐδος,
3229 2102 3323 2155 καὶ
3367 2104 3681 2173 ἠδευτέρα,

2101 2194 2225 2266 ἥτις
2257 2196 2407 2249 ἐστὶν
2437 2194 2471 2265 ἡ
2502 2192 2695 2263 epam;
2726 2208 2742 2223 ο
2768 2192 2864 2246 καὶ
2891 2193 3068 2264 ταύτῃ
3107 2193 3256 2248 δοκεῖ
3286 2194 3347 2248 ἐκ
3375 2196 3474 2265 τῆς
3495 2196 3681 2264 κοινῆς

2101 2288 2213 2342 τῶν
2265 2286 2575 2358 ἀνθρώπων
2638 2283 2850 2349 ἑννοίας
2907 2285 2971 2339 τὸ
3023 2285 3197 2357 όνομα
3251 2290 3351 2359 τῆς
3406 2289 3682 2360 ἐνεργείας

2104 2382 2325 2452 πρῶτον
2365 2377 2721 2434 ἀποδίδοσθαι
2755 2380 2821 2449 τῇ
2867 2378 3083 2448 δράσει.
3124 2378 3291 2451 ,Οὕτω
3330 2380 3439 2451 γὰρ
3481 2383 3683 2445 πάντες

2100 2475 2305 2529 ὡσανεὶ
2336 2475 2438 2549 τὴν
2467 2476 2753 2550 ἐνέργειαν
2779 2477 2983 2534 νοοῦσι.
3029 2479 3279 2551 Δευτέρῳ
3307 2479 3363 2533 δὲ
3412 2479 3553 2550 λόγῳ
3590 2483 3682 2533 ἐν·

2100 2570 2296 2624 τεῦθεν
2331 2572 2750 2643 μετενήνεκται⁸
2776 2573 2839 2627 τὸ
2898 2573 3070 2644 ὄνομα
3126 2574 3263 2643 πρὸς
3306 2573 3366 2628 τὸ
3398 2570 3553 2642 εἶδος,
3596 2576 3679 2644 ἐφ’

2101 2664 2225 2716 ὅσον
2255 2662 2314 2717 τὺ
2362 2658 2502 2728 εἶδός
2534 2665 2684 2719 ἐστιν
2717 2664 2863 2737 ἀρχὴ
2928 2668 3023 2719 καὶ
3060 2666 3214 2728 τέλος
3244 2665 3343 2736 τῆς
3379 2668 3678 2739 ἐνεργείας,

2101 2756 2223 2826 ἤτοι
2253 2756 2352 2826 τῆς
2386 2755 2654 2828 δράσεως.
2697 2758 2862 2811 Ὅθεν
2892 2758 2987 2812 καὶ
3020 2759 3052 2829 ἡ
3080 2757 3311 2828 δύναμίς
3340 2760 3672 2830 ἐστι’διπλῆ.

2101 2848 2216 2902 Μία
2252 2850 2283 2920 ἡ
2319 2849 2610 2921 δραστικὴ,
2660 2843 2695 2924 ᾗ
2737 2850 3077 2921 συνήρτηται
3122 2853 3155 2922 ἡ
3208 2853 3479 2923 ἐνέργεια,
3523 2855 3555 2923 ἡ
3600 2855 3673 2918 ὡς

2098 2940 2295 3013 δρᾶσις
2345 2942 2618 3013 λεγομένη
2642 2957 2655 2972 ·
2703 2945 2797 2997 καὶ⁵
2835 2942 3008 3016 ταύτῃ
3054 2944 3206 2999 δοκεῖ
3235 2945 3449 3017 πρῶτον
3485 2946 3673 3000 ἀποδε-

2099 3033 2290 3087 δόσθαι
2354 3035 2415 3089 τὸ
2465 3035 2567 3106 τῆς
2614 3035 2903 3106 δυνάμεως
2952 3035 3147 3107 ὄνομα.
3185 3039 3398 3109 ’Ὥσπερ
3426 3039 3481 3092 δὲ
3527 3040 3675 3092 οὐδὲν

2102 3124 2318 3196 (ποιεῖ),
2368 3125 2452 3179 ὅτι
2514 3126 2591 3197 μὴ
2637 3126 2719 3198 τῷ
2769 3127 2913 3199 λόγῳ
2950 3129 3049 3198 τῆς
3102 3130 3463 3211 ἐνεργητικῆς
3517 3130 3675 3184 δυνά-

404 3206 528 3261 ideo
553 3204 791 3258 maxime
809 3203 858 3257 ei
917 3203 1179 3273 competit
1227 3203 1402 3257 activa
1453 3204 1710 3271 potentia,
1745 3211 1799 3255 et
1845 3209 1997 3256 tanto

2103 3183 2218 3287 μεω
2230 3183 2396 3290 δι’τῷ
2422 3219 2478 3272 δὲ
2657 3183 2930 3291 προσηπει
2959 3183 3488 3294 τδυεῐναιιὲνέργειιαν
3512 3183 3677 3277 παθα-

406 3299 604 3370 magis,
630 3296 778 3367 quod
800 3304 886 3353 est
913 3296 1162 3366 operatio
1197 3294 1524 3351 intellectus.

475 3575 824 3646 Adprimum
856 3588 988 3643 ergo
1045 3572 1337 3629 dicendum
1380 3573 1526 3643 quod
1591 3574 1834 3644 potentia
1886 3589 1993 3629 non

403 3676 582 3733 solum
615 3674 821 3731 dicitur
872 3671 1208 3743 principium
1264 3671 1629 3741 operationis,
1677 3670 1773 3727 sed
1826 3670 1993 3727 etiam

401 3770 648 3832 t-ﬂ‘ectus,
673 3782 797 3822 cum
844 3764 1092 3835 operatio
1125 3773 1211 3819 est
1269 3764 1516 3820 eil‘eetrix
1574 3764 1808 3833 alicujus
1837 3765 1994 3819 estc-

402 3862 567 3917 rioris
615 3859 874 3916 elfectus.
908 3857 1141 3924 Quando
1190 3856 1357 3928 igitur
1390 3857 1632 3927 potentia
1683 3866 1763 3912 est
1786 3855 1995 3927 princi—

404 3957 556 4027 pium
615 3952 869 4016 enectus,
916 3952 1233 4008 necessario
1281 3959 1366 4006 est
1425 3950 1589 4005 etiam
1661 3948 1998 4020 operationis

403 4047 760 4118 principium,
792 4045 898 4101 nisi
935 4047 1092 4116 prius
1142 4045 1476 4101 ostendatur
1531 4047 1828 4114 potentiam
1873 4057 1997 4098 esse

403 4141 568 4195 aliam
600 4139 671 4194 ab
706 4136 1046 4208 operatione,
1073 4143 1130 4192 et
1152 4138 1299 4194 hanc
1329 4137 1399 4192 ab
1455 4136 1547 4191 illa
1604 4136 1828 4193 realiter
1866 4151 1996 4206 pro-

402 4236 618 4292 cedere.
662 4233 798 4308 Nam
853 4232 994 4287 scitu
1038 4233 1265 4303 dignum
1318 4240 1405 4288 est
1473 4233 1620 4303 quod
1684 4231 1739 4287 in
1793 4230 1997 4287 divinis

400 4329 603 4399 duplex
630 4329 911 4384 invenitur
948 4326 1272 4383 distinctio:
1308 4341 1413 4382 una
1484 4326 1671 4393 realis,
1717 4342 1828 4397 qua
1871 4342 1998 4396 per-

403 4438 556 4480 sonat
584 4425 651 4478 ab
696 4423 932 4478 invicem
967 4420 1403 4491 distinguuntur,
1445 4421 1589 4478 sicut
1617 4421 1919 4492 paternitns
1943 4428 2000 4476 et

405 4515 620 4579 liliatio,
677 4515 808 4585 quia
875 4527 1126 4585 personae
1180 4513 1251 4569 ab
1300 4513 1535 4569 invicem
1580 4512 1998 4584 distinguuntur

403 4609 650 4676 realiter,
682 4623 785 4663 nec
824 4616 1035 4664 tantum
1069 4607 1307 4673 ratione,
1334 4606 1481 4678 quod
1516 4617 1601 4663 est
1628 4605 1856 4661 Sabellii
1891 4604 2000 4659 hae-

405 4703 546 4760 resis
576 4720 592 4770 ;
645 4713 701 4759 et
729 4704 920 4769 altera,
955 4718 1078 4773 qua:
1118 4686 1204 4758 est
1231 4711 1440 4757 tantum
1476 4700 1781 4758 secundum
1824 4699 2000 4754 ratio-

405 4813 557 4854 nem.
589 4796 726 4854 Cum
753 4796 960 4852 dicitur
994 4813 1008 4850 :
1046 4794 1307 4864 Operatio
1335 4793 1452 4849 ﬂuit
1472 4809 1502 4848 a
1528 4792 1713 4847 divina
1733 4792 1998 4859 essentia,

409 4901 506 4945 aut
535 4906 564 4946 a
598 4891 841 4961 potentia
876 4908 892 4955 ;
937 4889 1070 4944 vel:
1123 4886 1268 4943 Deus
1315 4887 1427 4958 agit
1483 4900 1579 4955 per
1617 4899 1774 4941 suam
1813 4900 2004 4943 essen-

409 4988 589 5051 tiam;
628 4986 712 5041 ha:
772 4981 1179 5054 propositiones
1230 4981 1522 5050 'quasdam
1577 4980 1869 5051 designant
1918 4980 2003 5036 di-

409 5079 739 5133 stinctiones
770 5074 1005 5131 rationis
1033 5089 1048 5127 :
1074 5074 1125 5128 si
1172 5075 1324 5129 enim
1356 5073 1533 5129 reales
1554 5082 1739 5130 essent
1778 5074 1863 5130 hae
1914 5075 2001 5129 di-

410 5154 758 5238 stinctiones,
804 5183 1075 5241 personas
1140 5167 1563 5233 distinguerent.
1624 5169 1731 5225 Eas
1815 5179 1998 5224 autem

407 5278 531 5318 esse
588 5262 975 5317 distinctiones
1032 5260 1269 5315 rationis
1317 5261 1400 5316 sic
1456 5261 1741 5332 probatur.
1774 5261 2003 5328 Quando

411 5357 559 5411 enim
591 5354 704 5411 Deo
727 5353 1053 5409 attribuitur
1077 5353 1328 5422 operatio
1363 5357 1665 5412 secundum
1708 5371 1864 5413 suam
1915 5373 2004 5411 ra-

410 5451 640 5516 tionem,
695 5463 819 5519 qum
875 5447 1205 5518 principium
1261 5450 1516 5519 requirit,
1588 5450 1911 5507 attribuitur
1951 5451 2002 5506 ei

410 5545 577 5598 e'iam
611 5541 898 5596 diStinetio
930 5541 1051 5611 ejus
1079 5543 1227 5614 quod
1255 5553 1340 5600 est
1386 5558 1452 5599 ex
1513 5546 1805 5615 principio,
1838 5544 1891 5599 in
1936 5560 2003 5600 eo

413 5639 518 5691 sita
548 5635 693 5705 quod
730 5634 933 5704 aliquid
956 5639 1028 5693 sit
1070 5637 1140 5693 ab
1174 5637 1303 5693 alio.
1365 5637 1519 5694 Unde
1554 5638 1672 5693 haec
1723 5638 2004 5693 distinctio

413 5742 524 5782 non
550 5736 635 5783 est
673 5727 778 5783 nisi
809 5728 1057 5788 rationis.
1098 5730 1192 5786 Est
1217 5740 1399 5786 autem
1435 5730 1506 5787 de
1560 5714 1775 5786 ratione
1804 5746 2001 5801 opera-

414 5820 605 5887 tionis,
640 5836 749 5876 non
781 5820 849 5877 dc
898 5825 1113 5881 ratione
1167 5824 1469 5881 essentne:
1534 5825 1699 5890 unde,
1749 5826 2003 5895 quamvis

415 5912 600 5972 divina
633 5916 871 5975 essentia
911 5934 1018 5977 non
1049 5920 1244 5977 habent
1304 5919 1655 5991 principium,
1690 5936 1863 5990 neque
1912 5935 2002 5975 δρα

2090 3312 2202 3381 ⁴ρέιν
2271 3311 2366 3366 καὶ
2402 3313 2650 3383 πρώτηνο
2690 3313 2774 3367 διδ
2822 3314 2918 3367 καὶ
2952 3313 3191 3385 μάλιστα
3230 3315 3379 3386 αὑτῷ
3412 3318 3674 3387 προσήκει

2097 3404 2131 3473 ἡ
2167 3404 2499 3476 ἐνεργητικὴ
2555 3403 2823 3475 δύναμις,
2862 3403 2958 3459 καὶ
3011 3407 3235 3459 τοσοῦτο
3285 3408 3505 3477 μᾶλλον,
3552 3409 3677 3461 ὅσον

2097 3495 2251 3549 ἐστὶν
2291 3496 2546 3566 ἐνέργεια
2582 3496 2728 3561 νοῦς.
2901 3558 2906 3562 ,

2172 3588 2319 3658 Πρὸς
2362 3589 2423 3642 τὸ
2470 3588 2690 3657 πρῶτον
2729 3586 2826 3644 οὖν
2874 3590 3091 3662 ῥητέον,
3147 3592 3228 3646 ὅτι
3284 3592 3316 3661 η
3363 3591 3585 3662 δύναμις
3614 3591 3678 3646 οὗ

2099 3678 2266 3748 μόνον
2318 3680 2542 3749 λέγεται
2594 3681 2696 3751 τῆς
2741 3682 3027 3754 ἐνεργείας
3082 3683 3250 3755 ἀρχὴ,
3295 3684 3428 3739 ἀλλὰ
3463 3686 3554 3739 καί⁵
3583 3685 3678 3739 τοῦ

2097 3772 2570 3844 ἀποτελέσματος,
2602 3774 2732 3828 ὅταν
2775 3775 2808 3844 ἠ
2859 3776 3114 3847 ινέργεια
3146 3779 3427 3849 πρακτικὴ
3459 3775 3678 3852 ᾖμτινος

2098 3865 2554 3935 ἀποτελέσματος
2594 3866 2817 3935 ἔξωθεν.
2871 3866 3042 3922 Ὅταν
3079 3864 3172 3924 οὖν
3204 3870 3237 3942 ἡ
3272 3869 3502 3942 δύναμίς
3530 3874 3677 3925 ἐστιν

2099 3955 2246 4027 ἁρχὴ
2272 3962 2367 4011 τοῦ
2395 3957 2864 4029 ἀποτελέσματος,
2894 3958 3104 4032 ἀνάγκη
3151 3963 3247 4015 καὶ
3274 3962 3371 4033 τῆς
3399 3964 3675 4033 ἐνεργείας

2099 4050 2281 4120 ἀρχὴν
2312 4045 2479 4116 εἶναι,
2516 4049 2611 4103 ἐὰν
2667 4050 2744 4121 μὴ
2797 4053 3065 4123 πρότερον
3103 4053 3292 4126 δειχθῇ
3342 4054 3525 4126 ἕτερον
3553 4055 3610 4110 ὃν
3640 4058 3674 4126 ἡ

2099 4142 2336 4212 δύναμις
2369 4145 2469 4215 τῆς
2502 4144 2812 4215 ἐνεργείας,
2845 4145 2941 4198 καὶ
2972 4144 3114 4216 αὕτη
3154 4146 3212 4213 ἐξ
3243 4148 3458 4219 btet-.11;
3522 4153 3678 4215 προῖ-

2100 4236 2239 4288 οῦσα
2296 4236 2726 4306 πραγματικῶς.
2782 4236 2994 4291 Εἰδέναι
3047 4238 3157 4309 γὰρ
3217 4238 3388 4307 ἄξιον,
3447 4241 3526 4294 δτι
3564 4244 3679 4307 τοῖς

2101 4328 2270 4393 θείοις
2297 4327 2615 4399 εὑρίσκεται
2644 4329 2810 4398 διπλῆ
2837 4330 3093 4401 ἀναφορά
3116 4349 3131 4363 ο
3168 4333 3264 4402 μία
3294 4334 3672 4405 πραγματικὴ,

2100 4414 2135 4493 ᾖ
2171 4422 2242 4473 τὰ
2287 4421 2559 4493 πρόσωπα
2595 4420 2844 4493 ἀλλήλων
2885 4421 3280 4494 διακρίνονται,
3311 4424 3383 4489 ὡς
3415 4427 3449 4497 ἡ
3481 4429 3679 4495 πατρό-

2101 4530 2222 4585 της,
2258 4515 2354 4567 καὶ
2388 4515 2422 4584 ἡ
2467 4514 2678 4583 υἱότης,
2714 4513 2842 4567 ἐπεὶ
2893 4515 2965 4569 τὰ
3010 4517 3277 4588 πρόσωπα
3317 4518 3412 4571 ἀπ’
3437 4519 3680 4589 ἀλλήλων

2108 4606 2420 4676 πράγματι,
2461 4605 2524 4659 οὗ
2567 4607 2714 4675 μόνῳ
2772 4605 2918 4676 λόγῳ
2969 4605 3354 4677 διακρίνονται,
3400 4609 3535 4678 ὅπερ
3564 4610 3682 4664 ἐστι

2104 4700 2203 4769 τὴς
2234 4698 2526 4753 Σαϐελλίου
2556 4698 2845 4770 αἱρέσεως
2879 4700 2975 4754 καὶ
2997 4699 3158 4770 ἑτέρα
3190 4700 3389 4770 ἡκατὰ
3412 4701 3496 4754 τὸν
3527 4700 3682 4770 λόγον

2109 4796 2305 4865 μόνον,
2367 4794 2592 4849 ἐπειδὰν
2631 4794 2901 4863 λέγηται·
2967 4792 3030 4847 Ἡ
3084 4793 3339 4863 ἐνέργειά
3394 4794 3538 4847 ἐστιν
3575 4794 3684 4848 ἀπὺ

2104 4890 2207 4960 τῆς
2234 4887 2392 4950 θείας
2435 4886 2646 4953 οὐσίας,
2697 4885 2730 4958 ἤ
2766 4885 2867 4955 τῆς
2902 4884 3205 4957 δυνάμεως.
3257 4887 3350 4950 Ἦ,
3384 4887 3465 4940 ὅτι
3492 4888 3520 4939 ό
3551 4886 3682 4951 Θεὸς

2106 4981 2327 5050 ἐνεργεῖ
2372 4977 2460 5032 διὰ
2497 4979 2599 5047 τῆς
2638 4974 2835 5032 ἑαυτοῦ
2881 4976 3092 5039 οὐσίας.
3146 4978 3213 5029 Al
3247 4978 3355 5049 γὰρ
3399 4977 3685 5048 προθέσεις

2107 5071 2392 5143 ἀναφορὰς
2443 5069 2666 5140 δηλοῦσί
2720 5086 2874 5131 τινας
2933 5068 3074 5124 κατὰ
3121 5068 3214 5123 τὸν
3267 5068 3445 5139 λόγον.
3481 5069 3541 5122 Ei
3576 5071 3684 5142 γὰρ

2110 5164 2504 5236 πραγματικαὶ
2531 5157 2675 5234 ἦσαν
2697 5162 2793 5216 καὶ
2824 5160 2987 5216 αὗται
3008 5161 3064 5215 αἱ
3092 5162 3388 5233 ἀναφοραὶ,
3418 5161 3683 5234 πρόσωπα

2109 5260 2177 5315 ἂν
2230 5246 2535 5328 διέκριναν.
2591 5255 2666 5309 Τὸ
2720 5255 2779 5308 δὲ
2825 5251 2967 5308 εῖναι
3012 5254 3217 5318 ταύτας
3261 5254 3360 5318 τὰς
3406 5254 3687 5324 ἀναφορὰς

2107 5353 2201 5405 τοῦ
2236 5350 2397 5419 λόγου
2437 5348 2693 5404 ἐντεῦθεν
2721 5347 2905 5419 δῆλον.
2956 5344 3208 5400 Ἐπειδὰν
3240 5346 3349 5418 γὰρ
3381 5347 3683 5401 ἀποδίδοται

2108 5442 2186 5513 τῷ
2218 5440 2340 5511 Θεῷ
2370 5439 2624 5510 ἐνέργεια
2674 5438 2818 5493 κατὰ
2854 5438 2947 5491 τὸν
2990 5437 3161 5508 αὐτῆς
3210 5438 3389 5507 λόγον,
3419 5437 3476 5502 ὃς
3513 5436 3685 5509 ἀρχὴν

2110 5537 2287 5607 ζητεῖ,
2322 5533 2637 5588 ἀποδίδοται
2683 5533 2837 5604 αὐτῷ
2889 5530 2986 5585 καὶ
3021 5530 3275 5602 ἀναφορὰ
3320 5530 3413 5584 τοῦ
3452 5530 3598 5593 ὄντος
3627 5529 3688 5595 ἐξ

2108 5633 2285 5703 ἀρχῆς
2324 5626 2436 5686 οἷον
2466 5629 2529 5682 τὸ
2561 5622 2702 5681 εἶκαι
2730 5625 2793 5679 ἐκ
2833 5641 2976 5687 τινος
3001 5640 3017 5655 ο
3046 5623 3171 5677 ὅθεν
3199 5623 3342 5697 αὕτη
3371 5624 3405 5695 ή
3446 5624 3689 5690 ἀναφορὰ

2108 5737 2207 5785 οὐκ
2239 5730 2387 5783 ἔστιν
2431 5728 2482 5781 εἰ
2518 5727 2596 5797 μὴ
2649 5723 2743 5778 τοῦ
2794 5722 2977 5789 λόγου.
3014 5720 3171 5773 Ἔστι
3202 5721 3261 5775 δὲ
3310 5722 3376 5773 ἐκ
3406 5718 3499 5773 τοῦ
3529 5718 3687 5785 λόγου

2107 5824 2208 5893 τῆς
2243 5821 2550 5893 ἐνεργείας,
2586 5817 2690 5871 οὐκ
2729 5816 2794 5868 ἐκ
2835 5814 2931 5867 τοῦ
2965 5813 3121 5881 λόγου
3163 5815 3262 5884 τῆς
3292 5812 3495 5874 οὐσίας.
3528 5811 3689 5865 Ὅθεν

2112 5922 2157 5973 εἰ
2191 5916 2283 5972 καὶ
2318 5917 2348 5987 ὴ
2384 5913 2501 5968 θεία
2539 5911 2696 5966 οὐσία
2742 5908 2818 5981 μὴ
2869 5907 2982 5979 ἔχει
3029 5904 3223 5978 ἀρχὴν,
3275 5906 3412 5982 μήτε
3458 5904 3593 5959 κατὰ
3627 5904 3689 5958 τὸ
