4064 6462
313 346 440 409 12ρἹ

1289 349 1800 414 DE..ESSENTIA
1849 351 1945 411 ΕΤ
1984 350 2474 413 OPERATIONE
2509 355 2651 419 DEI.

3441 346 3580 409 127:8

316 463 562 529 πρᾶγμα,
595 461 733 530 μήτε
770 461 910 514 κατὰ
947 461 1036 514 τὶν
1074 462 1256 530 λτεγον,
1291 465 1325 534 ἠ
1357 462 1479 516 θεία
1511 465 1698 531 μέντοι
1729 464 1881 532 ὲνέρ·
1915 499 1925 521 Α

2028 467 2226 519 undum
2260 479 2398 529 rem,
2461 484 2638 536 neque
2679 467 2981 521 secundum
3037 464 3336 527 rationem,
3396 463 3582 515 divina

321 570 434 619 ίεια
479 551 677 604 ταυτὸν
721 548 854 604 οὖσα
903 557 967 623 τῇ
1025 555 1184 624 οὐσίᾳ
1233 555 1344 625 ἔχει
1401 555 1577 626 ἀρχὴν
1630 556 1769 609 κατὰ
1799 556 1891 609 τὸν

315 644 483 708 αὐτῆς
514 642 692 710 λόγον.
723 644 787 695 Et
815 646 922 714 γάρ
963 646 1014 697 τί
1066 645 1183 698 ὲστί
1211 633 1334 698 τινί
1366 647 1426 699 τὸ
1461 641 1615 710 αὑτὸ,
1659 648 1798 700 κατὰ
1834 647 1894 699 rb

316 737 572 804 πρᾶγμα,
628 737 717 788 καὶ
770 735 846 806 μὴ
898 737 1034 789 κατὰ
1085 738 1180 790 τὸν
1225 739 1406 806 λόγον,
1441 740 1537 808 οὐχ
1570 740 1597 793 ὃ
1639 757 1691 792 τι
1727 737 1892 793 αὑτοῦ

317 830 455 882 διατά
488 827 578 880 τὴν
618 828 778 895 λόγον
826 831 1238 899 κατηγορεῖται,
1290 831 1383 882 καὶ
1426 830 1522 882 τοῦ
1576 832 1764 898 ἐτέρου
1799 831 1894 882 άν-

316 920 460 988 ἀγκη
495 921 948 990 κατηγορεῖσθαι.
992 923 1056 976 Ὃ
1087 921 1142 974 δὲ
1168 922 1310 989 λέγω
1351 921 1442 974 καὶ
1478 923 1570 974 ἐπὶ
1594 919 1892 992 παραδειγ-

319 1029 490 1080 ματος
542 1011 713 1081 σαφὲς
767 1011 1089 1082 ποιήσομαι.
1133 1013 1196 1064 Ἥ
1234 1012 1340 1083 γὰρ
1365 1011 1506 1084 ἀρχὴ
1533 1014 1629 1066 καὶ
1656 1013 1714 1064 τὸ
1744 1012 1898 1073 τέλος

318 1105 433 1158 ἐστὶ
465 1105 524 1156 τὸ
563 1104 695 1158 αὐτὸ
735 1105 876 1158 κατὰ
905 1105 962 1158 τὸ
1005 1107 1236 1176 πρᾶγμα
1281 1101 1338 1159 ἐν
1374 1109 1630 1177 γραμμῇ.
1666 1107 1902 1175 Σημεῖον

299 1197 428 1274 ,γὰρ
459 1195 741 1266 ἑκάτερον.
782 1197 927 1249 Ἀλλ’
951 1198 1051 1250 οὐκ
1092 1199 1307 1269 ἀνάγκη
1343 1197 1410 1250 τὰ
1444 1197 1902 1268 κατηγορούμενα

228 1277 251 1364 ,ξ
321 1290 421 1357 τῆς
456 1288 654 1358 ἀρχῆς,
688 1289 782 1342 καὶ
811 1289 907 1342 τοῦ
947 1290 1132 1353 τέλους
1178 1289 1626 1360 κατηγορεῖσθαι,
1664 1288 1748 1357 ἐφ’
1779 1290 1904 1343 ὅσον

321 1383 357 1451 ἡ
388 1382 554 1452 ἀρχὴ,
588 1382 682 1435 καὶ
712 1381 775 1434 τὸ
818 1382 972 1445 τέλος
1023 1383 1096 1453 μὴ
1127 1383 1186 1435 τὸ
1217 1383 1348 1436 αὑτό
1391 1384 1498 1435 εισι
1529 1383 1670 1436 κατὰ
1700 1382 1791 1435 τὸν
1820 1381 1908 1434 λόο

322 1491 442 1541 γον.
492 1473 649 1527 Οὕτω
678 1475 860 1526 τοίνυν
891 1475 940 1526 ει
990 1476 1085 1527 καὶ
1129 1476 1163 1543 ἡ
1204 1475 1364 1527 οὐσία
1409 1473 1504 1527 τοῦ
1551 1474 1709 1538 Θεοῦ,
1746 1473 1837 1528 καὶ
1872 1474 1906 1545 ἡ

325 1568 580 1635 ἐνέργεια
610 1569 694 1637 εἴη
724 1566 784 1620 τὸ
828 1566 959 1618 αὐτὸ
1006 1566 1147 1620 κατὰ
1188 1566 1250 1618 τὸ
1282 1567 1538 1638 πρᾶγμα,
1567 1568 1665 1620 οὐκ
1694 1567 1908 1639 ἀνάγκη

325 1659 659 1728 ἐνυπάρχειν
711 1655 772 1711 τὺ
837 1657 896 1723 ἐξ
955 1658 1131 1728 ἀρχῆς
1187 1654 1327 1712 εἶναι
1392 1660 1532 1713 κατά
1587 1659 1680 1713 τὸν
1737 1659 1911 1728 αὐτῆς

325 1747 505 1815 λόγον,
568 1749 662 1800 καὶ
718 1749 784 1818 τῇ
843 1747 1005 1817 οὐσίᾳ.
1056 1746 1217 1800 τοῦτο
1269 1747 1523 1810 ἕπεσθαι,
1578 1747 1663 1817 ἐφ’
1701 1747 1828 1800 ὅσον
1875 1747 1908 1817 ὴ

326 1839 486 1891 οὐσία
536 1839 629 1892 καὶ
685 1840 719 1910 ὴ
767 1839 1019 1912 ἐνέργεια
1067 1840 1142 1908 μή
1186 1839 1303 1892 ἐστι
1355 1839 1418 1892 τδ
1471 1840 1602 1892 αὐτὸ
1645 1839 1784 1894 κατὰ
1823 1839 1914 1894 τὸν
1948 1822 1988 1878 Β

327 1931 507 2000 λόγον.

406 2023 551 2090 Πρὸς
597 2023 655 2076 τὸ
708 2023 963 2094 δεύτερον
1017 2025 1207 2096 ῥητέον
1262 2025 1344 2078 ὅτι
1394 2026 1421 2078 ὁ
1477 2023 1744 2096 ἡμέτερος
1789 2022 1916 2086 νοῦς

335 2117 531 2167 σκοπεῖ
567 2117 733 2168 οἱονεὶ
787 2115 849 2168 ct
902 2116 1243 2170 τελειότατον
1288 2115 1600 2170 ἀποδιδόναι
1651 2115 1728 2186 τῷ
1770 2115 1911 2182 Θεῷ.

335 2207 449 2260 Καὶ
475 2208 597 2258 ἐπεὶ
635 2207 715 2270 εἰς
769 2207 933 2260 αὑτὸν
979 2210 1320 2278 ἐφικνεῖσθαι
1355 2209 1416 2263 οὕ
1463 2209 1693 2264 δύναται
1743 2210 1791 2261 εἰ
1841 2207 1918 2279 μὴ

332 2297 422 2350 διὰ
457 2299 555 2368 τῆς
592 2299 914 2366 ὁμοιότητος
954 2299 1064 2353 τῶν
1103 2300 1580 2371 ἀποτελεσμάτων,
1621 2300 1718 2370 οὐχ
1772 2299 1921 2369 εὕρε-

337 2387 531 2442 σκεται
591 2391 646 2443 δὲ
697 2391 753 2441 ἐν
813 2393 928 2454 τοῖς
977 2393 1242 2463 κτίσμασι
1286 2411 1337 2446 τι
1389 2392 1598 2446 τέλειον
1645 2394 1854 2462 ἄκρως,
1891 2391 1920 2444 δ

337 2485 513 2551 πάντη
542 2485 633 2536 τοῦ
671 2485 892 2548 ἀτελοῦς
940 2488 1206 2554 στεροῖτο,
1235 2486 1325 2540 διὰ
1365 2484 1524 2539 τοῦτο
1553 2487 1616 2539 ὲκ
1645 2485 1922 2556 διαφόρων

335 2577 697 2644 τελειοτήτων
731 2579 787 2630 ὲν
833 2581 944 2640 τοῖς
980 2578 1276 2648 κτίσμασιν
1315 2578 1726 2648 εὑρισκομένων
1761 2577 1922 2630 αὑτὸν

337 2673 610 2742 ἐπιχειρεῖ
661 2673 989 2737 ἀποδιδόναι,
1052 2673 1101 2727 ct
1150 2679 1247 2728 καὶ
1299 2675 1504 2745 ἑκάστῃ
1559 2673 1765 2728 τούτων
1815 2673 1924 2726 τῶν

335 2766 696 2837 τελειοτήτων
725 2766 904 2819 ἔνεστί
953 2783 1007 2819 τι
1043 2766 1288 2831 ἀτελοῦς.
1327 2765 1486 2823 Οὕτω
1534 2766 1736 2838 μέντοι,
1774 2764 1848 2825 ὡς
1897 2764 1924 2818 ὃ

336 2877 391 2912 τι
446 2859 578 2912 ποτὲ
631 2857 842 2913 ἔνεστιν
889 2861 1097 2932 ἑκάστῃ
1144 2859 1351 2914 τούτων
1409 2859 1516 2912 τῶν
1573 2841 1927 2928 τελειοτήτων

337 2953 548 3016 ἀτελὲς,
577 2953 696 3006 ὅλον
721 2953 812 3005 τοῦ
843 2953 980 3006 Θεοῦ
1006 2953 1375 3022 ἀποφάσκειν.
1407 2949 1534 3008 Οἷον
1559 2951 1694 3021 φέρε
1726 2951 1924 3014 εἰπεῖν,

337 3048 401 3099 τὸ
438 3047 538 3113 μὲν
583 3041 723 3098 εἷναι
757 3045 911 3115 δηλοῖ
963 3063 1017 3099 τι
1068 3045 1280 3116 πλῆρες
1332 3046 1426 3100 καὶ
1467 3045 1696 3109 ἁπλοῦν,
1723 3043 1785 3096 οὐ
1821 3042 1927 3112 μὴν

2000 567 2180 611 tamen
2209 559 2472 626 operatio,
2518 559 2641 613 licet
2682 557 2824 611 idem
2865 559 2935 612 sit
2979 573 3042 612 ac
3095 556 3361 617 essentia,
3418 554 3585 607 habet

2002 650 2331 721 principium
2401 652 2700 706 secundum
2757 667 2912 706 suam
2983 649 3276 703 rationem.
3336 646 3468 716 Nam
3536 650 3582 699 si

2003 743 2134 812 quid
2158 742 2245 796 cui
2282 741 2424 796 idem
2463 752 2548 799 est
2576 744 2874 799 secundum
2905 759 3043 806 rem,
3081 757 3186 796 non
3227 756 3353 794 vero
3386 724 3612 794 ser-nn?

2006 835 2136 890 dum
2161 834 2450 900 rationem,
2489 834 2541 888 id
2574 836 2717 905 quod
2752 835 2819 888 de
2846 849 2955 889 uno
3002 833 3334 904 praedicatur
3385 847 3585 885 secun-

2007 929 2136 982 dum
2173 927 2466 992 rationem,
2505 927 2648 981 haud
2677 927 2988 982 necessario
3019 926 3346 994 praedicatur
3386 923 3454 976 de
3509 922 3590 975 al.

2009 1029 2144 1073 tero.
2193 1017 2347 1084 Quod
2408 1028 2587 1072 autem
2640 1017 2785 1082 dico,
2847 1033 2944 1087 per
2996 1017 3310 1086 exemplum
3384 1013 3587 1070 elatius

2008 1111 2207 1166 faciam
2239 1130 2252 1164 :
2285 1111 2484 1164 etenim
2512 1109 2840 1180 principium
2863 1119 2916 1163 et
2944 1109 3069 1162 linis
3092 1118 3174 1162 cst
3205 1107 3346 1161 idem
3387 1120 3590 1160 secun-

2011 1203 2138 1258 dum
2174 1218 2286 1256 rem
2313 1203 2367 1257 in
2402 1203 2564 1268 linea,
2598 1210 2890 1270 utrumque
2911 1201 3052 1254 enim
3079 1209 3158 1256 est
3195 1201 3444 1268 signum;
3496 1196 3591 1251 sed

2012 1309 2120 1348 non
2160 1309 2384 1348 necesse
2410 1303 2492 1349 est
2522 1309 2582 1348 ea
2610 1309 2730 1362 quae
2790 1293 3156 1362 prtedicantur
3193 1294 3258 1346 de
3301 1290 3589 1360 principio,

2012 1386 2173 1441 etiam
2215 1387 2280 1440 de
2317 1387 2422 1440 fine
2472 1385 2776 1455 praedicari,
2829 1385 2957 1454 quia
3004 1383 3330 1453 principium
3372 1390 3428 1435 et
3469 1380 3592 1434 finis

2014 1494 2122 1533 non
2155 1490 2281 1532 sunt
2336 1478 2476 1531 idem
2536 1478 2836 1532 secundum
2896 1482 3187 1531 rationem.
3253 1475 3344 1529 Sic
3407 1473 3592 1544 igitur,

2015 1568 2263 1639 quamvis
2293 1570 2530 1623 essentia
2559 1576 2611 1622 et
2643 1568 2888 1638 operatio
2918 1568 3011 1622 Dei
3047 1568 3157 1623 sint
3186 1567 3325 1621 idem
3399 1581 3600 1620 secun-

2017 1659 2143 1713 dum
2173 1675 2309 1726 rem,
2338 1676 2446 1715 non
2482 1675 2702 1715 necesse
2742 1669 2846 1723 εει,
2881 1675 3002 1714 cum
3049 1659 3117 1714 de
3177 1659 3339 1729 hujus
3390 1657 3599 1711 ratione

2019 1753 2091 1807 sit
2125 1767 2246 1808 esse
2301 1767 2365 1807 ex
2404 1752 2693 1822 principio,
2731 1751 2784 1806 id
2845 1759 3243 1821 consequenter
3288 1762 3600 1820 competere

2017 1845 2180 1901 etiam
2216 1847 2488 1911 essentize,
2525 1841 2648 1914 quia
2673 1843 2910 1899 essentia
2949 1852 3003 1898 et
3038 1845 3284 1914 operatio
3323 1859 3430 1898 non
3470 1851 3601 1898 sunt

2017 1938 2159 1992 idem
2194 1937 2494 1993 secundum
2529 1941 2818 1995 rationem.

2016 2047 2044 2080 ειν
2088 2027 2168 2081 Ad
2203 2028 2505 2082 secundum
2549 2029 2837 2084 dicendum
2869 2031 3011 2098 quod
3073 2031 3382 2086 intellectus
3414 2035 3601 2082 noster

2019 2121 2251 2175 intendit
2302 2121 2542 2190 quidque
2600 2122 3061 2190 perfectissimum
3107 2124 3216 2177 Deo
3277 2122 3598 2176 altribuere.

2018 2211 2085 2268 Et
2113 2214 2237 2283 quia
2263 2215 2326 2266 ad
2357 2228 2479 2267 eum
2512 2215 2799 2284 pervenire
2864 2217 3051 2285 nequit
3087 2217 3188 2270 nisi
3219 2232 3306 2284 per
3341 2213 3602 2267 similitu-

2021 2305 2220 2359 dinem-
2247 2304 2565 2372 clIectuum,
2608 2321 2713 2359 non
2747 2307 3026 2360 invenitur
3050 2316 3228 2360 autem
3283 2307 3336 2359 in
3386 2312 3603 2360 creatu-

2021 2397 2098 2450 ris
2138 2396 2341 2466 aliquid
2372 2412 2585 2451 summe
2645 2397 2969 2468 perfectum,
3022 2399 3165 2466 quod
3209 2397 3355 2450 omni
3420 2403 3604 2449 careat

2023 2489 2437 2560 imperfectione
2472 2507 2484 2544 :
2530 2490 2653 2545 ideo
2680 2490 2860 2545 varias
2895 2489 3258 2560 perfectiones
3301 2491 3352 2542 in
3384 2499 3603 2544 creatu-

2023 2582 2104 2637 ris
2158 2593 2401 2653 repertas
2446 2583 2522 2638 illi
2576 2584 2876 2639 attribuere
2935 2595 3183 2648 conatur,
3224 2582 3350 2635 licet
3411 2581 3607 2648 cuique

2027 2677 2222 2731 barum
2283 2675 2682 2746 perfectionum
2743 2677 2875 2733 insit
2932 2677 3059 2746 quid
3121 2674 3472 2744 imperfecti;
3533 2673 3606 2726 ita

2024 2778 2228 2833 tamen,
2262 2770 2492 2839 utquod
2532 2771 2672 2826 incst
2722 2770 3097 2840 imperfectum
3158 2771 3354 2837 cuique
3416 2768 3605 2821 harum

2025 2862 2581 2934 perfectionun't,hoc
2638 2871 2868 2915 totuma
2915 2860 3026 2914 Deo
3081 2867 3378 2914 removi-at.
3441 2856 3605 2912 Verbi

2024 2956 2354 3026 gratia,esse
2400 2952 2829 3023 indicataliquid
2879 2953 3096 3020 plenum
3127 2959 3179 3004 et
3241 2949 3613 3019 simplex,scd

2029 3063 2136 3102 non
2168 3061 2265 3114 per
2323 3062 2382 3102 se
2437 3045 2788 3108 subsistens;
2849 3042 3084 3099 essentia
3135 3050 3314 3094 autent
3363 3040 3614 3106 designat

338 3134 466 3188 καθ’
505 3135 638 3187 αὐτὸ
687 3133 934 3202 ὑφεστὼς
962 3135 1035 3205 σή
1068 3135 1126 3188 δὲ
1169 3135 1330 3188 οὐσία
1377 3134 1530 3204 δηλοῖ
1555 3151 1608 3188 τι
1655 3133 1925 3202 ὑφεστὼς,

2031 3139 2231 3208 aliquid
2263 3139 2592 3204 subsistens,
2626 3136 2719 3192 sed
2751 3137 2978 3190 alterius
3009 3135 3337 3202 subjectum.
3367 3131 3611 3185 Dicimus

338 3225 458 3282 ἀλλ’
512 3227 658 3296 ἄλλῳ
703 3227 1066 3294 ὑποκείμενον
1091 3243 1106 3258 ο
1159 3226 1340 3296 φαμὲν
1387 3223 1483 3281 οὗν
1526 3226 1616 3280 τὸν
1657 3226 1792 3279 Θεὸν
1833 3225 1928 3277 καὶ

337 3317 529 3372 οὐσίαν
565 3315 726 3382 εἶναι,
775 3316 889 3370 ἀλλ’
923 3317 1115 3372 οὐσίαν
1164 3317 1242 3387 τῷ
1273 3317 1418 3385 λόγῳ
1469 3316 1565 3370 τοῦ
1623 3315 1750 3369 καθ’
1797 3315 1930 3369 αὑτὸ

339 3409 676 3477 ὑφεστάναι·
706 3408 764 3460 οὕ
792 3408 872 3478 τῷ
898 3408 1041 3479 λόγῳ
1068 3407 1162 3462 τοῦ
1184 3408 1510 3462 ὑποκεῖσθαι
1546 3399 1847 3476 ἀλ).ῳ,ὀῖον
1869 3404 1933 3458 τὸ

342 3497 487 3555 εἶναι
514 3518 528 3532 ο
561 3505 623 3554 τὸ
650 3501 706 3554 δὲ
739 3496 881 3554 εἶναι
911 3502 1232 3570 ἀποδίδομεν
1261 3500 1338 3571 τῷ
1375 3501 1522 3571 λόγῳ
1559 3503 1659 3570 τῆς
1691 3499 1932 3567 ἁπλότη-

342 3611 457 3658 τος,
487 3593 582 3646 καὶ
610 3593 706 3646 τοῦ
734 3593 998 3661 πλήρους,
1029 3593 1092 3646 οὐ
1120 3593 1199 3661 τῷ
1234 3591 1378 3662 λόγῳ
1403 3593 1497 3645 τοῦ
1522 3591 1668 3662 ἄλλῳ
1691 3588 1934 3659 ἐνυπάρο

344 3703 464 3757 χειν
521 3687 614 3738 καὶ
667 3685 1098 3756 συμπλέκεσθαι.
1151 3683 1312 3738 Οὕτω
1361 3684 1455 3738 καὶ
1532 3683 1762 3751 δύναμιν
1839 3679 1934 3732 καὶ

347 3778 635 3848 ὲνέργειάν
683 3795 863 3847 φαμεν
900 3779 991 3830 τὸν
1034 3777 1201 3830 Θεόνο
1244 3775 1364 3830 ἀλλ’
1411 3775 1693 3844 ἐνέργειαν
1725 3772 1824 3842 μὲν
1856 3771 1934 3841 τῷ

347 3871 448 3938 τῆς
488 3869 828 3940 τελειότητος
876 3870 1057 3940 λόγῳ·
1105 3871 1140 3934 ἡ
1195 3868 1304 3939 γὰρ
1352 3867 1605 3937 ἐνέργεια
1649 3863 1786 3935 πρὸς
1832 3863 1934 3932 τὴν

348 3963 583 4032 δύναμιν
625 3963 976 4032 θεωρουμένη
1025 3961 1332 4029 τελειοτέρα
1361 3961 1530 4012 ἐστίν’
1564 3958 1624 4012 οὑ
1668 3957 1747 4027 τῷ
1788 3955 1934 4023 λόγῳ

349 4056 447 4108 τοῦ
483 4055 582 4124 τὴν
613 4055 907 4124 ἐνέργειαν
925 4053 1288 4122 ἀπογίνεσῦαι
1313 4068 1326 4084 ⁸
1365 4051 1595 4121 δύναμιν
1635 4050 1692 4104 δέ
1725 4064 1934 4118 φαμεν,

351 4147 444 4202 διὰ
470 4116 650 4200 τδΙάεὶ
685 4116 984 4215 διαμέκῼιν,
1019 4116 1114 4200 διαὶ
1145 4144 1206 4198 τὸ
1236 4139 1378 4197 εἶναι
1408 4116 1581 4214 ἀργὴν
1614 4116 1897 4212 ἐνεργεῖας
1918 4179 1933 4206 ,

353 4241 416 4294 οὕ
441 4241 518 4309 τῷ
549 4239 692 4306 λόγῳ
731 4239 822 4292 τοῦ
849 4239 938 4292 διὰ
975 4238 1076 4308 τῆς
1112 4237 1397 4308 ἐνεργείας
1447 4234 1933 4304 συμπληροῦσθαι.

358 4335 424 4386 Ει
456 4333 552 4386 καὶ
585 4333 764 4385 τοίνυν
816 4332 924 4383 πᾶν
974 4330 1308 4382 τελειότατον
1362 4327 1669 4382 ἀποδιδόναι
1706 4327 1836 4396 χρὴ.
1860 4328 1938 4394 τῷ

356 4426 497 4495 Θεῷ,
530 4426 590 4478 οὗ
623 4427 731 4477 πᾶν
760 4422 942 4492 μέντοι
969 4423 1031 4475 τὸ
1067 4422 1454 4490 ἀποδιδόμενον
1485 4420 1706 4474 δυνατὸν
1731 4420 1940 4472 τέλειον

2033 3233 2204 3300 igitur
2231 3230 2398 3285 Deum
2431 3245 2552 3286 esse
2587 3229 2907 3291 essentiam,
2949 3227 3042 3281 scd
3067 3226 3364 3280 essentiam
3401 3222 3615 3276 ratione

2033 3324 2369 3380 subsistendi
2397 3339 2495 3393 per
2519 3338 2598 3386 se,
2629 3321 2775 3376 haud
2809 3334 2938 3374 vero
2977 3319 3191 3373 ratione
3233 3315 3450 3371 essendi
3486 3315 3618 3368 alte-

2035 3419 2152 3473 rius
2182 3419 2484 3488 subjectum
2511 3433 2526 3480 ;
2553 3416 2678 3469 item
2717 3429 2825 3468 esse
2854 3415 2902 3468 ei
2932 3411 3310 3473 attribuitnus,
3351 3409 3442 3463 sed
3496 3423 3619 3461 esse

2031 3511 2246 3564 ratione
2293 3508 2656 3578 sinplicitatis
2709 3521 2772 3560 ac
2821 3505 3194 3574 picnitudinis,
3241 3517 3348 3555 non
3411 3500 3620 3554 ratione

2036 3601 2342 3656 exsistendi
2367 3610 2417 3652 et
2445 3599 2742 3652 inhmrendi
2772 3597 2822 3650 in
2852 3597 2978 3650 alio.
3013 3595 3102 3649 Sic
3138 3596 3295 3648 etiam
3323 3592 3618 3663 potentiam

2037 3693 2483 3761 etoperationem
2525 3691 2762 3745 dicimus
2822 3689 3030 3753 Deum;
3090 3687 3182 3740 sed
3242 3684 3618 3755 operationem

2037 3783 2257 3853 quidem
2283 3783 2495 3836 ratione
2531 3780 2888 3850 perfectionis
2922 3778 3208 3849 (operatio
3241 3777 3384 3831 enim
3415 3777 3480 3830 ad
3517 3789 3616 3844 po-

2038 3873 2263 3926 tentiam
2315 3881 2630 3940 comparata
2683 3881 2768 3926 cst
2829 3869 3183 3940 perlectior),
3236 3885 3346 3923 non
3408 3869 3621 3922 ratione

2039 3965 2186 4036 quod
2215 3965 2467 4034 operatio
2501 3973 2581 4018 est
2617 3965 2880 4032 producta
2918 3979 2931 4029 ;
2965 3962 3264 4033 potentiam
3310 3976 3440 4013 vero
3485 3959 3624 4013 dici-

2038 4074 2184 4123 mus,
2221 4058 2348 4127 quia
2381 4072 2596 4125 semper
2621 4065 2898 4124 permanet
2931 4064 2984 4108 ει
3009 4065 3093 4109 εει
3140 4052 3463 4122 principium
3496 4066 3621 4120 ope-

2040 4151 2291 4214 rationis,
2331 4150 2517 4202 nonin
2557 4163 2622 4202 eo
2653 4149 2798 4218 quod
2829 4162 2923 4217 per
2981 4149 3352 4217 operationem
3391 4145 3624 4215 perlici-

2043 4251 2151 4296 tur.
2224 4241 2486 4306 Quamvis
2539 4239 2704 4310 igitur
2759 4253 2922 4294 omne
2983 4239 3440 4304 perfectissimum
3511 4235 3620 4288 Deo

2041 4332 2337 4387 attribucre
2359 4337 2629 4398 Oporteat,
2670 4343 2775 4382 non
2819 4335 3000 4382 tamen
3031 4326 3297 4396 quidquid
3346 4324 3456 4379 Deo
3524 4325 3620 4376 tri-

2044 4425 2230 4478 buitur
2270 4431 2444 4491 potest
2470 4437 2596 4476 esse
2651 4419 3129 4489 perlectum,qnia
3178 4433 3283 4470 non
3335 4425 3442 4480 est,
3480 4415 3625 4468 εἰίυι

356 4512 520 4580 εἶναι,
571 4515 694 4568 ἐπεὶ
753 4512 887 4583 μηδὲ
932 4512 1072 4578 ἔστι,
1125 4511 1376 4580 καθάπερ
1423 4512 1660 4581 εἴρηται.
1704 4510 1925 4577 Ἀνάγκτ

2046 4516 2283 4570 diximus
2313 4533 2334 4584 ί
2366 4515 2460 4569 sed
2494 4529 2718 4568 necesse
2744 4524 2852 4576 est,
2878 4511 3027 4566 vcrhi
3065 4510 3258 4581 gratia,
3283 4510 3425 4578 quod
3450 4508 3502 4561 in
3542 4521 3625 4559 a1-

357 4607 417 4659 δὲ
446 4607 506 4659 τὸ
530 4600 642 4659 οἷον
668 4606 745 4668 εἰς
778 4603 1034 4656 ἀπόδοσιν
1076 4601 1170 4655 τοῦ
1204 4601 1542 4654 τελειοτάτου
1575 4601 1765 4654 ἐνόντα
1792 4600 1942 4669 αὐτῷ

360 4701 522 4768 λόγον
552 4699 654 4768 τῆς
693 4697 1029 4767 τελειότητος
1070 4694 1214 4764 ἔχειν
1257 4712 1308 4747 τι
1353 4693 1518 4747 αὑτοῦ
1568 4693 1694 4755 ἴσως
1737 4692 1941 4745 τελειό-

359 4812 538 4864 τερον,
575 4787 618 4859 ᾧ
648 4787 804 4853 αὖθις
860 4790 1090 4843 ἄπεστιν
1139 4787 1323 4857 ἐκείνη
1373 4791 1402 4856 ὴ
1457 4787 1734 4855 relegem;
1771 4786 1838 4856 ἣν
1882 4785 1944 4838 τὸ

361 4888 546 4956 ἓτερον
589 4886 737 4954 ἔχει⁹
772 4885 858 4936 διὰ
886 4882 945 4934 τὸ
996 4881 1162 4950 μηδὲν
1206 4876 1347 4932 εἶναι
1378 4878 1521 4931 οὕτω
1568 4880 1677 4933 πᾶν
1717 4879 1941 4943 τέλειον,

364 4979 392 5031 ὃ
437 4978 614 5040 πάσας
655 4980 713 5030 ἐν
761 4976 943 5045 ἑαυτῷ
983 4974 1226 5044 περιέχει
1264 4975 1363 5036 τὰς
1409 4973 1776 5043 τελειότητας,
1814 4972 1942 5024 ἄνευ

365 5069 462 5121 τοῦ
487 5066 645 5120 Θεοῦ.

439 5159 583 5225 Πρὸς
612 5157 671 5210 τὸ
698 5155 878 5226 τρίτον
911 5155 1124 5226 ῥητέον,
1157 5155 1238 5208 ὅτι
1272 5157 1302 5224 ἡ
1332 5155 1444 5219 ἕξις
1478 5156 1624 5207 ἐστὶν
1655 5163 1712 5205 εν
1741 5155 1804 5224 τῇ
1841 5171 1944 5205 πα-

369 5249 566 5319 θητικῇ
610 5248 869 5316 δυνάμει,
905 5248 938 5316 ἢ
981 5248 1073 5300 καὶ
1102 5248 1414 5316 τελεωτέρα
1452 5250 1598 5298 ἐστὶν
1632 5246 1836 5314 αὐτῆς,
1871 5245 1946 5307 ὡς

367 5338 506 5402 εἶδος
537 5338 729 5406 αὐτῆς.
765 5337 1000 5406 Τοιαύτη
1031 5336 1262 5405 δύναμις
1293 5339 1392 5389 οὐκ
1424 5336 1572 5388 ἐστιν
1604 5339 1661 5387 ὲν
1691 5337 1768 5405 τῷ
1801 5334 1943 5404 Θεῷ.

447 5431 586 5500 Πρὸς
619 5430 677 5482 τὸ
710 5430 968 5498 τέταρτον
1002 5429 1226 5498 ῥητέον,
1259 5429 1338 5481 ὅτι
1369 5429 1401 5496 ἡ
1433 5429 1661 5495 δύναμις
1691 5431 1722 5498 ὴ
1758 5429 1946 5482 ἀποδι-

371 5521 571 5590 δομένη
598 5518 676 5588 τῷ
709 5519 825 5588 Θεῷ
854 5521 955 5572 οὐκ
986 5519 1099 5572 ἔστι
1130 5521 1290 5588 ἑτέρα
1320 5520 1472 5590 παρὰ
1501 5522 1600 5589 τὴν
1628 5521 1818 5573 οὐσίαν
1847 5522 1944 5572 αὺ-

373 5613 470 5665 τοῦ
513 5613 605 5666 καὶ
637 5612 733 5681 τὴν
769 5613 1074 5682 ἐνέργειαν,
1108 5611 1183 5674 ὼς
1219 5613 1274 5664 ὲν
1309 5615 1421 5674 τοῖς
1459 5613 1595 5681 μετὰ
1631 5613 1802 5665 ταῦτα
1836 5615 1946 5666 δει-

377 5706 660 5774 χοήτετκι.
700 5705 787 5756 At);
819 5704 942 5757 οὕτε
981 5707 1263 5758 σκοπεῖταὶ
1300 5707 1557 5776 τιάὕτῆς
1589 5707 1946 5776 τελειότερον,

377 5797 499 5850 οὕτε
547 5798 716 5867 χωρὶς
756 5796 856 5866 τῆς
899 5799 1178 5866 ἐνεργείας
1222 5798 1456 5851 νοεῖσθαι
1501 5797 1743 5854 δύναται.
1787 5801 1858 5852 Τὸ
1900 5801 1948 5854 δ’

1905 6007 1928 6034 δ

2047 4611 2345 4664 tributione
2399 4607 2808 4676 perfectissimi,
2869 4606 3033 4660 insita
3097 4605 3225 4657 huic
3277 4600 3624 4672 perfectionis

2047 4704 2185 4757 ratio
2236 4704 2427 4758 habeat
2462 4701 2663 4770 aliquid
2697 4699 2873 4767 seipsa
2931 4698 3114 4752 forsan
3181 4695 3496 4766 perfectius,
3538 4694 3627 4748 cui

2047 4807 2244 4845 rursus
2284 4792 2436 4845 deest
2469 4791 2558 4844 illa
2589 4790 2854 4858 perfectio
2880 4804 3040 4856 quam
3083 4787 3228 4840 aliud
3264 4787 3468 4839 habet:
3498 4785 3628 4852 quia

2048 4881 2184 4933 nihil
2214 4888 2298 4934 est
2331 4881 2402 4932 ita
2435 4881 2660 4934 omnino
2693 4877 3021 4946 perfectum,
3066 4877 3209 4945 quod
3250 4889 3440 4928 omnes
3472 4873 3527 4926 in
3569 4886 3630 4926 se

2050 4970 2244 5024 habeat
2272 4970 2654 5039 perfectiones,
2677 4979 2905 5038 excepto
2954 4967 3082 5022 Deo.

2119 5145 2199 5198 Ad
2227 5145 2444 5198 tertium
2486 5143 2779 5199 dicendum
2811 5144 2952 5213 quod
2992 5142 3208 5197 habitus
3231 5147 3312 5194 est
3336 5141 3386 5194 in
3413 5140 3629 5209 passiva

2051 5239 2313 5307 potentia.
2334 5245 2387 5289 ει
2413 5252 2477 5290 ea
2504 5235 2798 5304 perfectior
2829 5244 2935 5299 est,
2969 5242 3226 5302 tanquam
3261 5231 3382 5301 ejus
3405 5231 3578 5285 forma
3610 5249 3624 5295 ;

2052 5333 2174 5386 talis
2216 5331 2452 5398 putentia
2487 5345 2592 5384 non
2613 5339 2698 5386 est
2725 5331 2778 5384 in
2819 5331 2948 5384 Deo.

2121 5426 2199 5479 Ad
2229 5432 2480 5494 quartum
2509 5433 2564 5478 et
2589 5425 2844 5494 quintum
2867 5421 3172 5490 dicendum
3201 5421 3347 5492 quod
3384 5417 3624 5490 polentia

2055 5519 2160 5570 Deo
2188 5518 2387 5570 tributa
2421 5531 2526 5570 non
2551 5526 2636 5571 est
2664 5517 2767 5570 alia
2793 5532 2952 5584 quam
2981 5516 3099 5585 ejus
3123 5514 3360 5569 essentia
3405 5523 3456 5567 et
3489 5526 3626 5580 ope-

2053 5609 2211 5672 ratio,
2266 5618 2324 5663 ut
2360 5609 2501 5663 infra
2528 5609 2876 5663 ostendetur:
2938 5608 3080 5662 unde
3114 5607 3253 5667 nihil
3284 5605 3626 5660 considerari

2053 5709 2227 5770 potest
2251 5709 2303 5752 ut
2331 5715 2390 5752 ea
2421 5699 2737 5768 perfectius,
2758 5712 2858 5752 nec
2889 5697 3181 5765 separatim
3215 5694 3284 5749 ab
3311 5692 3629 5762 operatione

2058 5797 2289 5865 intelligi
2327 5806 2520 5865 potest,
2547 5799 2638 5850 sed
2670 5810 2864 5851 nomen
2891 5806 2939 5849 et
2983 5795 3121 5849 ra‘ir)
3149 5793 3399 5853 ιλοιεῖιιιιε
3426 5791 3630 5843 trilqu-
