4064 6466
452 320 584 381 1239

1702 326 2097 389 GREGORII
2141 331 2522 397 ACINDYNI
2618 374 2643 401 ο

3582 337 3714 403 τίὲξο

444 445 532 489 tur
563 435 816 491 essentia:
847 435 901 490 in
931 443 1195 506 quantum
1241 437 1371 492 huic
1437 441 1698 512 competit
1731 459 1852 498 esse
1880 445 2033 515 prin-

2148 449 2334 520 5νομα,
2370 452 2466 505 καὶ
2495 454 2523 506 ὁ
2553 451 2712 521 λόγος
2740 454 2838 525 τῆς
2868 440 3159 523 δυνάμεως
3180 454 3245 525 τῇ
3276 454 3434 527 οὐσίᾳ
3465 457 3711 513 ara-06(50—

441 527 643 597 cipium
684 528 947 585 activurrr.
976 529 1064 600 (Ει
1085 546 1182 598 per
1220 531 1324 584 hoc
1353 542 1500 602 patet
1537 538 1870 605 responsio.)

504 733 597 787 .Ad
623 713 836 789 saxlum
858 732 1150 789 dicendum
1178 737 1324 805 quod
1358 738 1699 807 Augustinus
1731 753 1839 793 non
1878 741 2037 794 attri-

441 827 556 887 buit
580 827 689 881 Deo
719 828 1011 882 essentiam
1052 843 1175 898 quae
1200 839 1284 884 est
1308 832 1410 885 sub
1436 833 1689 887 essentiae
1712 848 1914 903 genere
1955 833 2038 887 vel

443 935 634 989 genus,
665 920 759 974 sed
798 920 1103 974 essentiam
1147 937 1273 991 quae
1318 932 1402 977 est
1430 923 1785 993 principium,
1808 940 1914 978 non
1945 938 2038 979 so-

441 1011 552 1064 lum
588 1011 806 1080 generis
863 1011 1139 1077 essentia},
1182 1020 1238 1068 et
1273 1012 1507 1069 aliorum
1575 1030 1861 1086 generum.
1896 1015 2043 1082 Qum-

440 1105 623 1160 litatcs
671 1120 801 1161 vero
836 1121 947 1160 non
977 1106 1178 1162 debent
1219 1107 1407 1173 tribui,
1441 1108 1569 1178 quia
1594 1110 1794 1163 suntin
1822 1110 2038 1193 passiva

440 1199 703 1265 potentia,
742 1215 861 1270 qme
920 1214 1026 1255 non
1073 1208 1158 1255 est
1202 1201 1257 1254 in
1310 1200 1457 1268 Deo,
1494 1211 1550 1257 ut
1603 1202 2038 1258 demonstratum

441 1300 548 1346 est.

436 1476 441 1482 .
513 1430 647 1501 Cap.
687 1433 774 1488 VI.
819 1434 975 1499 Quod
1005 1435 1380 1503 respondentes
1428 1435 1509 1487 his
1546 1434 1954 1503 operationibus

889 1503 1102 1559 habitus
1139 1504 1248 1559 Deo
1278 1505 1611 1560 tribuuntur.

515 1617 673 1683 Quod
695 1626 876 1672 autem
897 1620 1295 1689 respondentes
1338 1619 1423 1674 his
1462 1619 1881 1689 Operationibus
1927 1619 2029 1675 ha-

447 1708 592 1763 bitus
625 1708 735 1763 Deo
765 1709 1101 1777 tribuantur,
1157 1710 1510 1767 rrranifestum
1540 1722 1646 1768 est.
1697 1712 1915 1766 Etenim
1944 1726 2037 1767 sa-

2142 559 2255 610 ται,
2305 542 2394 614 ἐφ’
2418 543 2543 598 ὅσον
2587 545 2856 616 προσ-ἥκει
2901 546 3041 617 αὐτῇ
3082 544 3142 599 τὸ
3184 540 3324 600 ιίναι
3367 546 3557 620 ἀρχὴν
3582 550 3715 623 δρα-

2142 635 2355 707 στικήν.

2107 796 2113 809 ,
2213 752 2360 821 Πρὸς
2418 751 2478 805 τὸ
2527 750 2688 804 ’ἕκτον
2735 752 2930 823 ῥητέον
2964 789 2979 815 ,
3048 751 3130 806 ὅτι
3192 750 3553 821 Αὕγουστῦιος
3610 753 3711 808 οὔκ

2140 842 2436 895 ἀποδίδωσι
2476 841 2552 913 τῷ
2594 842 2713 913 Θεῷ
2755 845 2965 910 οὐσίαν,
3002 844 3127 915 ἥτις
3166 844 3314 898 ἐστὶν
3355 846 3458 899 ὑπὸ
3497 845 3570 917 τῷ
3611 846 3711 917 τῆς

2140 936 2505 1006 οὐσίας.γένει
2532 937 2565 1007 ἢ
2590 937 2769 1007 γένος,
2795 938 2910 991 ἀλλ’
2927 937 3135 1001 οὐσίαν,
3162 939 3287 1009 ἣτις
3309 939 3458 993 ἐστὶν
3481 939 3624 1011 ἀρχὴ
3652 942 3709 994 οὐ

2145 1026 2308 1095 μόνον
2361 1025 2455 1078 τοῦ
2489 1026 2586 1096 τῆς
2619 1025 2812 1093 οὐσίας
2847 1028 3070 1096 γένους,
3104 1027 3239 1084 ἀλλὰ
3276 1029 3369 1083 καὶ
3398 1031 3505 1083 τῶν
3538 1031 3715 1086 ἄλλων

2141 1117 2337 1186 γενῶν.
2370 1117 2671 1182 Ποιὸτητας
2701 1118 2756 1172 δὲ
2787 1119 2847 1171 οὐ
2878 1119 2984 1191 χρὴ
3014 1121 3344 1189 ἀποδιδόναι,
3373 1121 3459 1177 διὰ
3488 1124 3548 1176 τὸ
3575 1123 3711 1176 ταὺ-

2141 1223 2240 1269 τας
2268 1203 2411 1261 εἶναι
2440 1209 2499 1262 ὲν
2522 1209 2590 1278 τῇ
2619 1209 2900 1284 παθητικῇ
2928 1211 3180 1281 δυνάμει,
3207 1211 3331 1283 ἥτις
3356 1213 3456 1267 οὐκ
3479 1212 3625 1267 ἔστιν
3653 1214 3712 1267 ὲν

2141 1298 2220 1367 τῷ
2248 1298 2389 1371 Θεῷ,
2421 1298 2493 1365 ὡς
2529 1301 2821 1356 δέδεικται.
2871 1332 2880 1341 -

2144 1437 2354 1507 Κεφάλ.
2424 1440 2516 1507 ς’.
2537 1438 2658 1512 Ὅτι
2687 1441 2837 1512 κατὰ
2862 1441 3083 1512 ταύτας
3107 1440 3213 1504 τὰς
3228 1407 3536 1512 tit-spretae
3555 1440 3715 1507 ἔξεις

2597 1510 2988 1565 ἀποδίδονται
3018 1511 3099 1576 τῷ
3132 1510 3275 1577 Θεῷ.

2214 1622 2339 1676 Ὀτι
2372 1621 2431 1676 δὲ
2464 1623 2521 1677 αί
2554 1623 2699 1678 κατὰ
2730 1623 2937 1687 ταύτας
2968 1624 3066 1689 τὰς
3101 1625 3381 1696 ἐνεργείας
3411 1623 3552 1691 ἔξεις
3582 1626 3722 1680 ἀπο·

2141 1717 2379 1772 δίδονται
2410 1716 2493 1788 τῷ
2529 1715 2670 1787 Θεῷ,
2704 1718 2959 1789 φανερόν.
2994 1717 3101 1771 Καὶ
3136 1718 3251 1788 γὰρ
3279 1718 3372 1772 καὶ
3404 1719 3592 1787 σοφία,
3617 1719 3715 1773 καὶ

448 1801 677 1867 pientia,
728 1812 782 1858 et
822 1803 1079 1870 scientia,
1108 1813 1164 1857 et
1222 1803 1453 1870 veritas,
1493 1811 1549 1859 et
1575 1803 1793 1859 bonitas
1827 1803 1896 1859 de
1924 1802 2038 1859 Deo

2148 1812 2424 1884 ἐπιστήμη
2449 1854 2464 1879 ,
2501 1813 2597 1866 καὶ
2628 1811 2863 1882 ἀλήθεια
2890 1811 3110 1880 λέγεται
3142 1811 3306 1867 αὑτοῦ
3328 1852 3342 1877 ,
3377 1813 3472 1867 καὶ
3501 1814 3712 1881 ἀγαθό-

447 1894 871 1965 (1ἰοιιιιιιιι-,ᾳυω
906 1896 1089 1950 Omnia
1109 1902 1238 1952 sunt
1264 1894 1520 1950 habitus:
1564 1908 1686 1948 nam
1718 1908 1783 1949 ex
1819 1893 1903 1949 his
1941 1909 2039 1963 per

446 1987 842 2043 derivationem
893 1988 1097 2057 aliquis
1138 1988 1349 2043 dicitur
1383 1988 1627 2057 sapiens,
1676 1995 1733 2042 et
1763 2002 1951 2052 verus,
1984 1996 2040 2043 et

448 2081 662 2137 bonus:
712 2081 859 2152 quod
920 2081 1288 2151 consequitur
1344 2096 1411 2136 ex
1456 2080 1757 2148 habitibus,
1787 2081 1843 2135 in
1865 2096 2041 2150 quarr-

447 2185 562 2228 tum
604 2184 734 2229 sunt
782 2174 1099 2251 qualitates.
1162 2173 1321 2241 Quod
1370 2182 1552 2229 autem
1611 2188 1676 2228 ex
1733 2172 2039 2244 intelligere

447 2282 502 2324 et
530 2270 671 2325 velle
702 2270 821 2326 haec
869 2269 1222 2341 proveniant,
1256 2275 1427 2338 patet.
1461 2266 1741 2337 Sapientia
1773 2268 1924 2321 enim
1954 2275 2041 2321 est

445 2362 867 2433 comprehensio
937 2370 1290 2418 causatorum
1329 2360 1385 2415 in
1416 2360 1794 2430 superioribus
1840 2367 1895 2413 et
1923 2358 2039 2430 pri-

451 2457 555 2510 mis
584 2457 811 2521 causis;
848 2453 993 2511 Deus
1050 2464 1257 2521 autcm,
1286 2454 1379 2523 qui
1421 2461 1508 2508 est
1544 2467 1802 2522 suprema
1833 2459 1889 2507 et
1921 2453 2034 2522 pri-

450 2563 538 2603 ma
574 2548 822 2602 omnium
884 2562 1076 2611 causa,
1108 2548 1398 2617 cognoscit
1447 2545 1731 2616 seipsum:
1771 2546 2041 2616 estigitur

451 2643 691 2711 sapiens.
717 2640 781 2695 Et
810 2640 994 2695 divina
1022 2640 1223 2694 clamat
1244 2638 1563 2708 Scriptura:
1592 2656 1613 2691 ι
1648 2638 1707 2692 Ei
1737 2647 1919 2693 autem
1948 2637 2042 2707 qui

450 2743 652 2802 potens
691 2742 775 2787 est
821 2733 1008 2787 omnia
1079 2730 1259 2787 facere
1301 2729 1822 2801 superabundanter
1877 2744 2044 2800 quam

452 2826 692 2894 petimus
725 2833 820 2879 aut
846 2822 1293 2894 intelligimus",
1329 2842 1348 2876 ι
1382 2852 1453 2864 -
1482 2820 1627 2879 «Soli
1650 2820 1880 2894 sapienti
1908 2820 2041 2890 Deo,

452 2920 538 2974 cui
571 2918 743 2991 gloria
778 2919 831 2975 in
863 2918 1062 2974 saecula
1095 2916 1423 2975 saeculorum
1462 2917 1506 2972 °.
1552 2934 1571 2969 ι

527 3035 767 3091 Scientia
790 3046 971 3092 autem
994 3044 1076 3091 est
1105 3033 1531 3105 comprehensio
1559 3034 1954 3091 universalium
1977 3049 2046 3091 ex

458 3129 650 3198 primis
690 3139 745 3184 et
777 3129 1132 3184 necessariis.
1180 3126 1287 3183 Sed
1319 3128 1461 3183 Deus
1488 3127 1778 3197 cognoscit
1818 3127 2044 3185 univer-

458 3224 593 3277 salia
622 3236 689 3277 ex
721 3222 915 3291 primis
950 3229 1005 3276 et
1037 3221 1370 3277 necessariis
1434 3220 1741 3292 principiis,
1775 3237 1900 3292 quae
1917 3231 2048 3277 sunt

456 3313 723 3383 ipseruct,:
757 3324 838 3369 est
866 3315 1033 3383 igitur
1053 3315 1254 3381 sciens,
1281 3314 1367 3369 vel
1390 3314 1569 3384 potius
1589 3314 1842 3372 inventor
1864 3299 2046 3371 omnis

455 3405 560 3460 vi:e
584 3404 850 3461 scientiae.
875 3404 1086 3460 Veritas
1103 3414 1304 3472 autem,
1321 3405 1477 3476 juxta
1497 3406 1912 3476 Philosophum,
1938 3422 2046 3461 non

457 3508 540 3553 est
566 3499 783 3567 proprie
803 3497 857 3552 in
889 3499 1053 3553 rebus
1079 3516 1092 3552 :
1125 3507 1205 3553 est
1237 3500 1381 3555 enim
1404 3500 1625 3567 veritas,
1646 3508 1729 3555 est
1746 3500 2043 3556 conformi-

459 3602 541 3646 tas
560 3600 613 3645 et
634 3591 936 3661 aquuatio
957 3591 1264 3646 intellectus
1283 3603 1332 3646 et
1350 3592 1458 3657 rei;
1486 3593 1631 3648 unde
1650 3588 2050 3650 convertuntur

461 3701 559 3740 ens
594 3692 649 3738 et
687 3700 902 3738 verum.
966 3682 1100 3737 Nam
1136 3685 1252 3738 sive
1303 3684 1725 3739 considerentur
1744 3701 1850 3753 res,
1887 3703 2050 3743 verus

458 3790 537 3832 est
566 3776 871 3832 intellectus
894 3791 1020 3831 cum
1049 3776 1128 3830 eis
1149 3774 1458 3830 conformis
1476 3787 1530 3833 et
1547 3777 1866 3848 adaequatus
1890 3794 1906 3838 :
1934 3780 2051 3833 sive

455 3871 769 3937 intellectus
800 3878 1101 3938 spectetur,
1141 3884 1306 3924 verus
1332 3877 1417 3923 est
1452 3878 1715 3940 tauquam
1742 3870 2048 3927 conformis

453 3974 509 4021 et
539 3965 858 4035 adaequatus
881 3979 1004 4018 cum
1049 3962 1232 4018 rebus.
1259 3963 1337 4016 ita
1370 3977 1428 4017 se
1453 3978 1539 4018 res
1564 3962 1789 4017 trahent.
1818 3964 1883 4017 At
1907 3962 2050 4018 Deus

458 4072 519 4114 se
549 4074 656 4113 nou
690 4059 924 4127 ignorat,
951 4057 1045 4112 sed
1077 4055 1363 4127 cognoscit
1394 4070 1451 4109 se
1486 4063 1544 4109 ut
1572 4065 1687 4122 est;
1724 4064 1778 4111 et
1798 4056 1914 4111 haec
1932 4058 2051 4127 ejus

456 4151 700 4223 cognitio
719 4159 799 4206 est
821 4150 1027 4205 entium
1050 4164 1308 4205 mensura
1334 4163 1441 4219 qua
1460 4148 1660 4218 cuique
1675 4149 2050 4205 limitanturea

458 4260 580 4317 quae
610 4245 817 4300 insunt.
842 4243 977 4299 Nam
1009 4244 1251 4314 cognitio
1275 4242 1396 4312 ejus
1419 4251 1770 4313 comparatur
1788 4243 1854 4298 ad
1878 4243 2047 4309 entia,

457 4338 603 4403 sicut
664 4339 896 4396 scientia
930 4337 1158 4394 artiﬁcis
1203 4338 1269 4392 ad
1296 4335 1605 4392 artiﬁciata.
1639 4336 1794 4393 Unde
1825 4336 2050 4391 omnino

2141 1924 2263 1978 της.
2287 1906 2544 1962 Ἀπαντά
2572 1906 2722 1961 ἔστιν
2749 1904 2916 1972 ἔξεις.
2948 1905 3058 1959 Καὶ
3092 1906 3197 1977 γὰρ
3228 1907 3370 1961 κατὰ
3395 1905 3595 1970 ταύτας
3620 1924 3720 1960 σου

2142 1996 2374 2067 φὸς,καὶ
2408 1996 2641 2068 ἀληθὴς,
2677 1996 2773 2052 καὶ
2804 1996 3128 2066 ἐπιστήμων
3158 1996 3375 2064 λέγεται
3403 2013 3487 2058 τις
3519 2014 3712 2068 παρω-

2141 2089 2328 2161 νύμως
2349 2127 2365 2150 ,
2398 2089 2497 2144 καὶ
2528 2089 2757 2159 ἀγαθός.
2790 2088 2972 2156 Ὅπερ
3002 2087 3197 2141 ἕπεται
3229 2089 3348 2151 ταῖς
3378 2088 3557 2154 ἕξεσιν
3576 2129 3593 2155 ,
3626 2089 3715 2159 ἐφ’

2140 2182 2263 2236 ὅσον
2295 2182 2404 2236 εἰσὶ
2441 2182 2750 2253 ποιότητες.
2774 2180 2897 2235 Ὀτι
2932 2180 2990 2234 δὲ
3024 2181 3088 2234 ἐκ
3117 2180 3209 2233 τοῦ
3246 2180 3427 2234 θέλειν
3448 2182 3540 2234 καὶ
3575 2182 3719 2234 νοεῖν

2141 2274 2314 2329 ταῦτα
2343 2274 2624 2343 ἐγγίνεται
2644 2314 2659 2338 ,
2689 2272 2869 2345 δῆλον.
2910 2272 2974 2326 Ἠ
3001 2273 3110 2342 γάρ
3141 2272 3303 2341 σοφία
3334 2274 3449 2326 ἐστὶ
3481 2273 3719 2342 κατάλη-

2141 2364 2235 2436 ψις
2263 2364 2371 2417 τῶν
2400 2362 2660 2420 αίτιατῶν
2691 2362 2837 2419 κατά
2863 2362 2963 2427 τὰς
2994 2364 3365 2435 ὑπερεχούσας
3434 2364 3529 2418 καὶ
3560 2364 3714 2434 πρώ-

2143 2475 2243 2522 τας
2284 2457 2485 2521 αίτίας.
2554 2456 2617 2511 ’0
2661 2455 2720 2512 δὲ
2758 2456 2913 2523 Θεὸς,
2959 2456 3018 2521 ὅς
3060 2458 3207 2511 ἐστιν
3248 2455 3586 2526 ὑπερέχουσα
3622 2457 3719 2509 καὶ

2145 2549 2338 2623 πρώτη
2374 2549 2524 2604 αἰτία
2559 2549 2815 2616 πάντων,
2850 2546 3238 2609 οἶδενέαυτόν.
3271 2549 3459 2602 Ἔστιν
3488 2548 3595 2617 ἄρα
3628 2565 3728 2601 σου

2147 2642 2267 2713 φός.
2291 2642 2399 2697 Καὶ
2422 2642 2455 2713 ἡ
2477 2641 2597 2698 θεία
2612 2642 2668 2696 δὲ
2687 2642 2785 2714 βοᾷ
2810 2632 3023 2712 Γραφὶῖ,
3049 2641 3300 2709 λέγουσα,
3328 2657 3351 2693 ι
3375 2639 3464 2711 Τῷ
3484 2632 3540 2693 δὲ
3563 2639 3724 2693 δυνα-

2150 2736 2296 2806 μένῳ
2336 2735 2514 2790 πάντα
2557 2734 3014 2806 ὐπερεκπερίσσῳ
3056 2734 3280 2804 ποιῆσαι
3345 2727 3420 2786 ὧν
3462 2732 3724 2802 αἰτοῦμεν

2147 2819 2181 2893 ἣ
2206 2821 2456 2893 νοοῦμεν,
2480 2822 2721 2893 -Μὸνῳ
2750 2823 2902 2894 σοφῴ
2944 2822 3087 2892 Θεῷ,
3110 2821 3257 2894 αὐτῷ
3280 2824 3314 2896 η
3336 2821 3457 2891 δόξα
3478 2822 3556 2886 είς
3590 2823 3718 2885 τοὺς

2149 2915 2377 2981 αἰῶνας.
2418 2934 2438 2969 ι

2223 3031 2298 3085 Ἥ
2330 3048 2389 3086 τε
2431 3033 2710 3104 ἐπιστήμη
2752 3032 2870 3087 ἐστὶ
2911 3028 3221 3101 κατάληψις
3256 3030 3360 3083 τῶν
3392 3026 3615 3085 καθόλου
3652 3027 3719 3081 ἐκ

2071 3142 2117 3207 C
2150 3126 2385 3199 πρώτων
2435 3128 2529 3182 καὶ
2587 3126 2928 3193 ἀναγκαίων.
2965 3125 3024 3179 '0
3060 3125 3118 3179 δὲ
3151 3123 3286 3189 Θεὸς
3315 3118 3424 3178 οἶδε
3453 3123 3519 3176 τὰ
3553 3121 3717 3175 κλυό-

2153 3221 2245 3275 λου
2279 3220 2344 3273 ἐκ
2374 3218 2607 3288 πρώτων
2638 3219 3046 3275 ἀναποδείκτων
3076 3219 3173 3272 καὶ
3203 3217 3545 3286 ἀναγκαίων,
3575 3213 3717 3281 ἅπερ

2154 3314 2303 3368 ἐστὶν
2335 3313 2520 3375 αὐτός.
2547 3312 2738 3366 Ἔστιν
2771 3311 2879 3379 ἄρα
2913 3312 3268 3381 ἐπιστήμων,
3309 3308 3504 3380 μᾶλλον
3535 3306 3589 3360 δὲ
3624 3306 3717 3360 εὐ-

2155 3407 2317 3478 ρετὴς
2352 3406 2536 3475 πάσης
2570 3403 2693 3457 ὁδοῦ
2727 3404 3061 3475 ἐπιστήμης.
3101 3402 3163 3455 Ἦ
3196 3402 3253 3456 δὲ
3288 3401 3547 3471 ἀλήθεια,
3578 3398 3718 3452 κατά

2152 3499 2243 3553 τὸν
2281 3497 2572 3569 φιλόσοφον
2593 3538 2608 3563 ,
2640 3498 2741 3550 οὐκ
2778 3496 2924 3549 ἔστιν
2958 3495 3105 3557 ίδῐως
3138 3495 3197 3548 ὲν
3228 3495 3340 3555 τοῖς
3378 3491 3714 3564 πράγμασιν.

2158 3591 2319 3645 Ἔστι
2350 3590 2458 3660 γὰρ
2487 3592 2520 3660 ἡ
2555 3588 2786 3660 ἀλήθεια
2823 3585 3092 3657 ὑπόληψις
3122 3585 3437 3657 σύμμετρος
3497 3581 3593 3637 καὶ
3618 3581 3723 3648 ἐξι-

2156 3684 2402 3750 σάζουσα
2432 3685 2543 3746 τοῖς
2577 3682 2894 3754 πράγμασι.
2927 3680 3018 3734 Διὸ
3048 3680 3141 3734 καὶ
3170 3678 3518 3749 ἀντιστρέφει
3545 3675 3604 3729 τὸ
3661 3673 3721 3729 ὃν

2154 3779 2249 3831 καὶ
2280 3779 2341 3832 τὸ
2371 3778 2592 3849 ἀληθές.
2626 3777 2751 3831 Εἴτε
2781 3777 2889 3847 γάρ
2917 3779 3025 3830 εἱσι
3053 3776 3120 3830 τὰ
3148 3775 3451 3846 πράγματα
3472 3812 3487 3838 ,
3518 3770 3719 3841 ἀληθής

2153 3873 2302 3925 ἐστιν
2327 3872 2361 3941 ἡ
2393 3870 2710 3941 σύμμετρος
2738 3872 2832 3924 καὶ
2858 3868 3184 3936 ἑξισάζουσα
3208 3867 3393 3928 αὐτοῖς
3417 3863 3682 3934 ὑπόληψις
3701 3877 3715 3893 ·

2154 3965 2264 4018 εἴτε
2307 3968 2338 4031 ἡ
2378 3963 2651 4033 ὑπόληψις
2692 3963 2899 4034 ἀληθής
2940 3963 3086 4017 ἐστιν
3125 3959 3201 4024 ὡς
3254 3959 3566 4030 σύμμετρος
3628 3953 3719 4010 καὶ

2153 4057 2482 4125 ὲξισάζουσα
2526 4060 2643 4127 τοῖς
2698 4056 3025 4126 πράγμασι,
3075 4054 3145 4108 τὰ
3194 4052 3499 4127 ⁶πράγματα
3547 4048 3717 4112 οὕτως

2154 4111 2290 4222 ἔχει.
2321 4111 2385 4205 ἶι)
2408 4152 2466 4206 δὲ
2490 4111 2777 4215 eiecere}
2803 4111 3270 4219 ι’σξυτὸν’λέληθὲι’,
3296 4111 3412 4201 ei»
3436 4140 3574 4199 οιδεν
3595 4111 3722 4197 tuo;

2154 4247 2265 4312 τὸν,
2284 4248 2419 4310 ὅσος
2447 4245 2596 4301 ἐστίν
2617 4261 2638 4275 ν
2658 4246 2694 4316 ἦ
2721 4262 2782 4299 τε
2817 4244 3022 4313 γνῶσις
3050 4241 3215 4297 αὐτοῦ
3246 4242 3365 4294 ἐστι
3398 4241 3592 4312 μέτρον
3614 4238 3723 4292 τῶν

2154 4339 2323 4393 ὄντων
2359 4339 2577 4409 ἑκάστῳ
2608 4337 2717 4391 τῶν
2753 4337 2984 4391 ἐνόντων
3018 4332 3154 4390 οὖσα
3190 4332 3540 4406 ἀφοριστική.
3573 4331 3723 4403 Ἔχει

456 4445 618 4486 verus
644 4441 746 4485 est.
780 4429 961 4497 Quare
980 4429 1183 4487 Paulus
1215 4430 1384 4486 dicit:
1421 4431 1547 4485 xEst
1573 4439 1756 4483 autem
1785 4428 1930 4485 Deus
1961 4445 2045 4484 ve-

2156 4433 2264 4504 Ytlp
2301 4433 2334 4504 ἡ
2372 4431 2574 4500 γνῶσις
2610 4429 2781 4485 αὐτοῦ
2820 4430 2957 4500 πρὸς
2986 4429 3054 4484 τὰ
3091 4429 3221 4483 ὄντα
3254 4429 3330 4493 ὡς
3359 4426 3453 4482 τοῦ
3484 4425 3725 4497 τεχνίτου

454 4524 634 4580 rax'.»
675 4522 742 4577 Et
773 4524 1026 4577 voluntas
1041 4523 1134 4578 Dei
1149 4524 1371 4595 {dicitur
1391 4524 1562 4591 bona,
1597 4537 1665 4577 ex
1700 4522 1918 4593 ol-jecto
1948 4537 2050 4576 su-

2158 4526 2296 4596 πρὸς
2324 4526 2391 4579 τὰ
2421 4524 2662 4596 τεχνικά.
2694 4523 2785 4578 Διὸ
2821 4525 2915 4576 καὶ
2950 4525 3126 4594 πάντη
3159 4520 3367 4593 ἀληθὴς
3399 4521 3483 4592 είη
3521 4519 3606 4575 ἄν.
3636 4517 3728 4571 Διὸ

460 4630 615 4670 mens
650 4616 887 4685 speciem
912 4632 926 4679 ;
960 4632 1083 4671 nam
1105 4617 1380 4687 obiectum
1403 4616 1467 4670 ad
1487 4617 1634 4687 quod
1662 4613 1837 4668 fertur
1857 4613 2045 4668 volun-

2159 4623 2256 4673 καὶ
2292 4618 2506 4683 Παῦλος
2544 4618 2692 4687 λέγει
2716 4634 2729 4649 ο
2775 4636 2795 4670 ι
2840 4616 3080 4671 Γινέσθω
3114 4615 3171 4670 δι
3206 4618 3234 4670 ὀ
3268 4614 3402 4679 Θεὸς
3436 4613 3660 4685 ἀληθής.
3704 4629 3723 4662 ι

457 4710 561 4772 tas',
599 4715 684 4763 est
710 4709 935 4763 bonum.
986 4708 1176 4778 Itaque
1213 4707 1474 4778 Spiritus,
1506 4708 1600 4778 qui
1643 4717 1703 4762 ut
1729 4707 1984 4762 voluntas
2015 4721 2046 4760 a

456 4796 617 4855 Patre
647 4799 889 4868 procedit
919 4802 1224 4855 secundum
1266 4799 1547 4869 prOpl‘iuut
1587 4798 1882 4868 quemdam
1926 4813 2044 4852 mo-

459 4895 612 4961 ilum,
648 4904 873 4949 sanctus
903 4902 958 4948 et
986 4893 1163 4948 hortus
1209 4893 1433 4958 dicitur,
1466 4892 1723 4962 quamvis
1745 4893 1911 4947 etiam
1941 4891 2048 4948 Pa-

460 4996 618 5042 teret
652 4986 824 5045 Filius
882 4991 1059 5044 sancti
1091 4995 1147 5043 et
1186 4988 1317 5043 boni
1356 4988 1506 5054 sint;
1543 4988 1688 5044 sicut
1712 4996 1767 5042 et
1807 4987 2050 5058 Spiritus

459 5088 689 5134 vocatur
705 5079 1248 5150 proprie,'quarnvis
1280 5081 1448 5134 etiam
1497 5080 1657 5161 [fater
1685 5090 1740 5135 et
1770 5080 1944 5137 Filius
1967 5082 2053 5135 tli-

459 5186 654 5227 cantur
683 5173 949 5242 Spiritus.
981 5172 1260 5228 Nonnulla
1288 5174 1435 5228 enim
1465 5189 1589 5243 quae
1628 5174 1795 5229 simul
1825 5185 1880 5230 et
1903 5191 2057 5231 com-

2158 4712 2232 4764 Ἥ
2263 4729 2325 4765 τε
2353 4709 2447 4764 τοῦ
2481 4709 2617 4765 Θεοῦ
2649 4708 2872 4778 θέλησις
2899 4707 3079 4779 ἀγαθὴ
3109 4707 3327 4776 λέγεται
3356 4707 3422 4760 ὲκ
3448 4703 3541 4758 τοῦ
3574 4705 3727 4756 ἐναν-

2153 4805 2271 4859 τίου
2299 4804 2655 4875 λαμϐάνουσα
2682 4803 2743 4857 τὸ
2769 4799 2928 4866 εἶδος.
2957 4802 3030 4854 Τὸ
3057 4801 3166 4871 γάρ
3192 4798 3568 4868 ἀντικείμενον
3598 4797 3672 4857 είς
3702 4794 3731 4848 ὃ

2157 4900 2384 4970 φέρεται
2403 4900 2435 4968 ἡ
2456 4897 2693 4968 οέλησις,
2722 4896 2835 4949 ἔστι
2858 4895 2919 4948 τὸ
2943 4894 3169 4961 ἀγαθόν.
3196 4893 3284 4945 Διὸ
3312 4892 3401 4946 καὶ
3425 4891 3484 4944 τὸ
3508 4889 3731 4955 Πνεῦμα

2156 4991 2216 5045 τὸ
2238 4989 2313 5052 ὡς
2341 4988 2564 5059 θέλησις
2588 4988 2778 5059 προϊὸν
2801 4986 2909 5039 ἀπὸ
2930 4984 3022 5039 τοῦ
3049 4982 3263 5055 Πατρὸς
3287 4981 3429 5037 κατὰ
3455 4980 3587 5033 ίδιόν
3608 4996 3729 5032 τινα

2156 5081 2392 5151 τρόπον,
2425 5078 2585 5148 ἆγιον
2625 5079 2722 5133 καὶ
2780 5075 2983 5146 ἀγαθὸν
3011 5064 3271 5145 λέγεται,
3302 5074 3481 5127 καίτοι
3515 5071 3609 5127 καὶ
3638 5068 3730 5122 τοῦ

2164 5175 2401 5245 Πατρὸς,
2453 5175 2549 5226 καὶ
2592 5171 2688 5226 τοῦ
2736 5171 2870 5225 Υίοῦ
2921 5170 3093 5240 ἁγίων
3136 5168 3233 5223 καὶ
3273 5164 3496 5237 ἀγαθῶν
3540 5162 3728 5223 ὅντων,

464 5265 703 5318 muniter
726 5264 904 5319 trihus
926 5263 1288 5329 conveniunt,
1323 5264 1415 5319 uni
1456 5275 1637 5322 tamen
1666 5267 1883 5337 proprie
1901 5268 2045 5323 attri-

2162 5270 2352 5339 ὥσπερ
2393 5269 2489 5322 καὶ
2539 5268 2768 5337 Πνεῦμα
2812 5265 3033 5334 λέγεται
3076 5263 3243 5328 ἰδίως,
3283 5262 3462 5316 καίτοι
3503 5262 3599 5313 καὶ
3638 5255 3731 5310 τοῦ

473 5357 751 5423 buuntur;
778 5358 921 5413 sicut
962 5358 1125 5412 etiam
1154 5356 1294 5414 Filio
1313 5361 1537 5421 veritas,
1566 5353 1696 5417 nam
1733 5362 1878 5435 «Ego
1907 5380 2053 5430 sum,

458 5450 660 5517 inquit,
684 5448 888 5502 veritas
920 5450 978 5503 ':
1008 5468 1027 5500 ι
1079 5451 1302 5518 propria
1334 5460 1413 5506 est
1443 5454 1588 5507 cnim
1622 5453 1800 5508 Verbo
1827 5445 2052 5519 veritas,

460 5555 775 5609 quanquam
805 5550 858 5594 et
885 5540 996 5611 ipse
1022 5540 1184 5599 Pater
1210 5553 1256 5599 ct
1291 5544 1531 5614 Spiritus
1571 5555 1802 5602 sanctus
1822 5547 1933 5602 sint
1962 5562 2054 5601 ve-

461 5632 616 5686 ritas.
656 5650 659 5657 ·

872 5696 928 5716 α.

534 5816 576 5846 ⁸⁴
610 5817 813 5890 Eplrcs.
846 5837 922 5892 ιιι,
957 5823 1045 5880 20.
1129 5823 1149 5855 ⁶
1184 5822 1345 5880 llum.
1382 5841 1490 5891 xu,
1524 5825 1613 5879 827.
1697 5825 1713 5855 ⁷
1745 5823 2008 5888 linunt“,
2033 5822 2085 5878 4.

2170 5364 2383 5433 Πατρὸς
2429 5363 2525 5416 καὶ
2565 5363 2660 5414 τοῦ
2706 5359 2838 5413 Υἱοῦ
2886 5359 3205 5428 Πνεύματος
3245 5355 3573 5426 λεγομένων.
3619 5350 3729 5405 Καὶ

2169 5456 2278 5524 γὰρ
2318 5453 2434 5506 ἔνια
2471 5453 2559 5505 ἀεὶ
2618 5454 2712 5505 καὶ
2740 5443 2913 5520 κοινῇ
2938 5452 3051 5511 τοῖς
3089 5449 3235 5521 τρισὶ
3268 5447 3551 5517 προσήκει,
3587 5443 3736 5512 ὅμως

2167 5549 2249 5601 ἑνὶ
2296 5548 2439 5609 ἰδίως
2484 5546 2841 5609 ἀποδέδοται,
2886 5543 2961 5608 ὡς
3004 5544 3098 5597 καὶ
3139 5526 3373 5612 τῷὟίῷ
3411 5543 3445 5610 ὴ
3488 5537 3732 5604 ἀλήθεια.

2170 5664 2186 5693 ι
2225 5640 2369 5708 Ἐγῲ
2411 5642 2542 5711 γὰρ,
2586 5641 2773 5711 φησιν,
2817 5641 2933 5711 εἰμὶ
2976 5641 3009 5709 η
3055 5636 3303 5707 ἀλήθεια,
3349 5657 3368 5690 ι
3404 5634 3437 5688 ὃ
3472 5632 3735 5706 προσήκει

2166 5821 2183 5848 “
2218 5819 2375 5876 Joan.
2413 5836 2517 5886 xiv
2559 5824 2609 5875 ti.

2201 6031 2233 6067 δ
