4064 6460
331 363 456 430 ιριι

1247 367 1348 427 DE
1388 364 1767 428 ESSENTIA
1798 366 1901 428 ET
1960 365 2470 432 OPERAI'IONE
2506 370 2663 433 DEI.

3470 365 3605 428 121i?

329 479 478 549 αύτῷ
504 477 580 540 ὡς
610 474 766 545 Λόγῳ
799 474 966 541 ἰδίως.
998 475 1158 531 Ἵδιον
1191 476 1300 549 γὰρ
1328 476 1423 531 τοῦ
1455 478 1630 549 Λόγου
1663 478 1725 533 τὸ
1758 478 2048 551 ἀληθεύειν
2138 481 2314 535 καίτοι
2379 483 2474 537 καὶ
2527 481 2622 537 τοῦ
2681 480 2894 553 Πατρδς
2947 479 3059 552 uel}
3092 478 3192 535 τοῦ
3238 479 3397 550 άγίον
3434 483 3607 536 Ilvati-

336 590 503 645 ματος
534 570 791 643 ἀληθείας
820 572 1013 629 ὄντων.

332 689 548 757 Κεφάλ.
585 690 677 741 Ζ¹.’
697 688 820 742 Ὅτι
845 687 1193 758 αἱτοιαῦται
1219 687 1650 758 ἐνέργειαι,’καὶ
1677 692 1739 745 αι
1765 692 1916 745 κατὰ

403 759 630 824 ταύτας
657 758 817 825 ἔξεις
843 776 910 813 re
954 759 1052 813 καὶ
1081 757 1373 828 δυνάμειςί
1396 760 1560 815 εἰσιν
1583 760 1655 814 ἐν
1681 760 1760 827 τῷ
1790 760 1913 827 Θεῷ

403 828 475 883 ἓν
502 830 601 883 καὶ
629 830 695 884 τὸ
726 830 898 885 αὑτό.

408 944 646 1015 Πότερον
666 942 725 996 δὲ
752 945 807 997 αἱ
830 942 1075 998 τοιαῦται
1100 945 1394 1015 ἐνέργειαι,
1418 947 1514 999 καὶ
1539 947 1595 1001 αἱ
1622 947 1765 1001 κατὰ
1785 940 1919 1001 ταύ-

336 1051 438 1098 τας
466 1035 727 1105 δυνάμεις
758 1035 853 1089 καὶ
882 1037 1027 1101 ἔρξεις
1056 1038 1195 1091 εἰσὶν
1224 1040 1280 1091 ὲν
1310 1038 1387 1108 τῷ
1415 1039 1534 1108 Θεῷ
1563 1039 1624 1093 ἓν
1653 1042 1915 1113 πρᾶγμα,

338 1128 519 1183 καὶτὸ
547 1129 680 1182 αὐτὸ
708 1129 845 1201 πρὸς
868 1129 967 1200 τὴν
994 1130 1204 1197 ούσίαν,
1233 1132 1327 1185 καὶ
1355 1132 1492 1203 πρὸς
1520 1132 1729 1203 ἄλληλα
1762 1151 1920 1204 μερι-

340 1220 452 1282 κῶς
480 1220 544 1273 τὸ
578 1218 788 1274 ἁπλοῦν
859 1223 955 1275 καὶ
984 1221 1191 1276 τέλειον
1256 1224 1514 1292 δηλούσαι
1546 1225 1751 1297 ἑκάστη
1774 1265 1790 1291 ,
1825 1227 1921 1281 ἅτε

340 1312 407 1383 δὴ
455 1313 550 1368 καὶ
599 1313 842 1384 μερικῶν
876 1315 1219 1387 πραγμάτων
1251 1315 1491 1386 ὀνόματα
1538 1317 1920 1388 ὑπάρχουσαι,

343 1406 437 1460 καὶ
466 1406 725 1477 μερικοὺς
747 1406 942 1476 λόγους
966 1408 1328 1477 ἐμφαίνουσαι
1346 1425 1363 1441 ·
1391 1409 1424 1480 ἢ
1450 1410 1592 1463 κατὰ
1618 1410 1922 1481 πράγματα

343 1500 439 1554 καὶ
477 1500 527 1553 οι
566 1500 752 1568 λόγοι,
789 1500 955 1568 ἕτερα
996 1499 1231 1572 ὑπάρχει
1255 1543 1267 1566 ,
1300 1502 1447 1571 ζεστι
1487 1503 1543 1556 δὲ
1600 1505 1926 1575 συνημμένα

345 1596 443 1648 uel.
473 1594 767 1665 ἀδιάκριτα
794 1595 1067 1666 ἀλλήλοις,
1099 1594 1291 1665 ὥσπερ
1318 1595 1376 1648 ὲν
1405 1597 1558 1666 ἡμῖν,
1588 1597 1665 1660 ὡς
1694 1596 1793 1668 τὴν
1828 1597 1929 1666 μὲν

343 1686 535 1742 ούσίαν
567 1690 647 1752 είς
677 1688 775 1759 τὴν
800 1687 1030 1760 πρώτην
1059 1688 1397 1759 κατηγορίαν
1428 1689 1748 1758 ἀνάγεσθαι,
1776 1690 1835 1744 τὸ
1867 1691 1923 1744 δὲ
1956 1721 2000 1777 Β

345 1783 488 1836 νοεῖν
517 1780 609 1835 καὶ
637 1780 926 1852 βούλεσθαι
981 1783 1062 1846 είς
1088 1782 1148 1835 τὸ
1178 1784 1375 1846 ποιεῖν,
1419 1783 1521 1846 τάς
1549 1782 1604 1836 δὲ
1661 1782 1924 1853 δυνάμεις

315 1885 318 1888 ’
346 1875 445 1928 καὶ
473 1874 574 1938 τὰς
607 1873 752 1942 ἔξεις
814 1875 896 1939 εἰς
925 1874 1159 1947 διάφορα
1189 1873 1342 1946 είδης
1374 1870 1469 1928 καὶ
1498 1875 1609 1946 γὰρ
1641 1874 1754 1946 ἔχει
1785 1875 1928 1928 ἀπο-

349 1968 493 2038 ρίαν,
524 1967 657 2033 εἴτε,
690 1967 908 2022 πάντων
936 1967 1139 2037 ἑτέρων
1165 1967 1337 2022 ὄντων
1366 1967 1500 2039 (15),
1533 1966 1751 2021 δύναιτο
1776 1967 1837 2021 τὸ
1865 1969 1928 2021 ἐκ

348 2060 555 2114 τούτων
595 2061 802 2114 ἁπλοῦν
841 2055 1017 2127 εἶναι,
1056 2054 1171 2113 οἷον
1210 2060 1242 2130 ἡ
1281 2059 1391 2113 τῶν
1430 2056 1736 2127 ἀνθρώπων
1775 2057 1930 2129 κοινὴ

350 2154 531 2209 ἔννοια
554 2153 647 2208 τὸν
672 2154 806 2207 Θεὸν
830 2153 1172 2208 ὑποτίθεται.
1204 2153 1314 2206 Καὶ
1343 2152 1453 2222 γὰρ
1483 2151 1641 2205 τοῦτο
1666 2152 1797 2204 ἔνιοι
1827 2153 1930 2205 διι-

353 2247 731 2319 σχυρίζονται,
762 2246 857 2300 καὶ
889 2245 1189 2317 πειρῶνται
1222 2244 1522 2310 δεικνύναι,
1556 2242 1761 2297 ἁπλοῦν
1790 2241 1931 2296 εἶναι

350 2338 446 2392 τὸν
487 2338 643 2402 Θεὸν,
692 2337 896 2407 καίπερ
939 2338 1004 2390 ὲκ
1045 2334 1318 2389 τοσούτων
1362 2333 1697 2390 συνεστῶτα.
1740 2333 1934 2387 Καίτοι

353 2426 499 2485 εἶναι
542 2430 641 2500 μὲν
679 2431 780 2501 τὴν
819 2429 1008 2483 οὐσίαν
1045 2428 1140 2482 τοῦ
1184 2427 1320 2481 Θεοῦ
1365 2426 1564 2496 ἁπλῆν,
1605 2425 1702 2479 an
1751 2424 1827 2496 μὴ
1871 2427 1935 2478 ὲκ

354 2524 572 2577 πολλῶν
615 2540 804 2588 ουσαν,
848 2516 961 2575 οἷον
1000 2522 1174 2587 οὐδὲν,
1216 2518 1407 2589 ὥσπερ
1448 2520 1547 2590 τὴν
1586 2518 1688 2589 τῆς
1728 2516 1934 2588 ψυχῆς,

357 2616 523 2670 αὑτὸν
557 2615 613 2670 δὲ
649 2616 742 2668 τὸν
776 2613 909 2666 Θεὸν
946 2614 1010 2665 ὲκ
1046 2611 1317 2664 τοσούτων
1349 2610 1688 2679 ὲτεροτήτων
1722 2609 1940 2676 συγκεί-

361 2723 554 2779 μενον,
592 2704 752 2775 εῐπερ
784 2703 947 2775 ἔτερα
977 2699 1151 2756 ταῦτα
1183 2703 1296 2764 τοῖς
1331 2702 1626 2772 πράγμασι
1660 2699 1805 2753 κατὰ
1830 2698 1940 2761 ’τὰς

357 2799 471 2853 τῶν
503 2799 714 2852 πολλῶν
734 2784 1027 2867 ’ὑποθήκας
1062 2789 1203 2849 εἶναι
1239 2793 1565 2849 άπλοῦν.....
1599 2793 1673 2846 Οὐ
1709 2793 1826 2862 γὰρ·
1852 2790 1939 2861 εἴη

362 2894 458 2947 καὶ
486 2893 522 2963 ἠ
551 2891 708 2944 οὐσία
737 2891 835 2960 τῆς
863 2890 1045 2961 ψυχῆς
1080 2889 1227 2958 ἁπλῆ
1245 2927 1261 2951 ,
1297 2888 1490 2960 ἑτέρας
1518 2884 1686 2956 οὔσης
1715 2888 1774 2941 ὲν
1803 2886 1942 2957 αὐτῇ

361 2987 463 3057 τῆς
503 2986 730 3048 οὐσίας,
768 2988 865 3037 καὶ
904 2986 1003 3052 τῆς
1045 2981 1332 3051 δυνάμεως
1371 2980 1465 3034 καὶ
1501 2978 1610 3031 τῶν
1650 2977 1946 3047 ἐνεργειῶν

2024 687 2295 758 Cap.Vll.
2336 688 2491 755 Quod
2516 690 2828 759 huiusmodi
2858 691 3195 760 operatione;
3220 700 3269 743 et
3293 689 3615 752 responderi:

2094 769 2171 814 ιω
2207 762 2280 814 eis
2333 760 2546 818 habitus
2573 769 2621 815 et
2660 763 2915 830 potentia:
2960 771 3082 816 sunt
3111 764 3168 815 in
3222 760 3328 815 Deo
3358 776 3522 814 unum
3558 768 3613 812 et

2093 831 2258 885 idem.

2091 946 2289 1011 (Nunc
2322 947 2709 1019 inquirendum
2738 946 2867 1016 est)
2898 954 3081 1002 utrum
3124 942 3443 1015 huiusmodi
3474 956 3615 1011 ope-

2023 1041 2264 1095 rationes
2314 1047 2370 1094 et
2428 1037 2944 1119 respondentes_eis
3002 1036 3262 1106 potentiae
3296 1043 3352 1103 et
3387 1033 3617 1088 habitus

2021 1130 2132 1185 sint
2155 1145 2327 1185 unum
2346 1130 2478 1200 quid
2503 1138 2557 1185 ct
2587 1128 2728 1183 idem
2764 1128 2990 1184 relative
3019 1127 3093 1182 ad
3136 1126 3435 1182 essentiam
3464 1132 3518 1179 et
3542 1122 3613 1177 ad

2021 1237 2081 1278 se
2106 1221 2364 1286 invicem,
2387 1220 2755 1291 particulatim
2784 1219 3015 1289 simplex
3042 1226 3096 1272 et
3128 1216 3431 1287 perfectum
3465 1229 3608 1268 una-
3654 1254 3659 1261 .

2027 1327 2260 1382 qumque
2317 1311 2698 1379 designantes,
2753 1317 3029 1378 quatenus
3079 1304 3492 1377 particulariutn
3528 1318 3619 1354 rc-

2029 1418 2150 1458 rum
2178 1412 2307 1458 sunt
2339 1403 2564 1457 nomina
2606 1409 2660 1456 et
2696 1400 3056 1470 particulares
3082 1396 3403 1467 signiﬁcant
3443 1394 3615 1448 ratio-

2031 1511 2128 1552 nes
2161 1511 2265 1563 ;an
2295 1496 2408 1552 sint
2443 1495 2665 1551 diversa
2712 1509 2770 1549 re
2797 1502 2852 1549 et
2880 1492 3118 1557 ratione,
3145 1490 3239 1546 sed
3269 1487 3612 1559 .colizerentia

2031 1596 2088 1644 et
2116 1588 2185 1642 ab
2252 1588 2489 1643 invicem
2527 1586 2788 1650 indivisa,
2846 1587 2990 1640 sicut
3013 1584 3066 1638 in
3094 1581 3295 1637 nobis:
3337 1579 3410 1633 ita
3438 1588 3496 1633 ut
3526 1593 3620 1632 es-

2030 1680 2210 1736 sentia
2232 1681 2287 1734 in
2317 1678 2547 1749 primam
2571 1674 2906 1747 categoriam
2938 1672 3236 1728 reducatur
3267 1709 3284 1737 ,
3316 1667 3631 1736 intelligere

2031 1787 2216 1829 autem
2239 1778 2293 1827 et
2319 1771 2457 1827 velle
2491 1771 2547 1841 in
2580 1768 2876 1832 actionem,
2921 1762 3181 1838 potentiae
3226 1774 3358 1815 vero
3387 1768 3441 1814 et
3464 1756 3620 1810 habi-

2033 1871 2121 1920 tns
2144 1863 2195 1917 in
2223 1862 2401 1918 varias
2415 1861 2650 1931 species.
2681 1857 2889 1915 Verum
2925 1851 3143 1909 difﬁcile
3161 1861 3247 1906 est
3280 1846 3451 1918 quod,
3493 1857 3629 1899 cum

2032 1956 2218 2013 omnia
2259 1954 2630 2019 sintdiversa,
2666 1949 2928 2021 possitex
2951 1945 3038 2000 bis
3072 1941 3191 1998 ﬁeri
3215 1956 3316 1996 ens
3356 1936 3619 2005 simplex,

2033 2050 2192 2122 quale
2213 2045 2522 2104 communis
2539 2043 2819 2099 hominum
2838 2053 3035 2096 sensus
3054 2036 3221 2090 Deum
3241 2033 3485 2088 declarat
3505 2043 3628 2084 esse

2034 2143 2361 2213 simplicem.
2388 2134 2877 2207 Nonnullijquidem
2899 2129 3176 2186 afﬁrmant
3197 2134 3252 2181 et
3273 2123 3510 2194 probare
3527 2136 3628 2175 co-

2037 2242 2241 2289 nantur
2279 2230 2584 2302 simplicem
2634 2240 2758 2282 esse
2791 2220 3137 2285 Deum,licet
3159 2233 3227 2272 ex
3259 2213 3462 2269 talibus
3496 2224 3633 2266 con-

2039 2332 2274 2380 stantem
2299 2339 2312 2377 :
2335 2335 2533 2391 nempe
2560 2316 2856 2374 essentiam
2888 2312 2985 2369 Dei
3007 2325 3128 2368 esse
3156 2305 3484 2377 simplicem,
3506 2311 3627 2356 tan-

2039 2432 2202 2489 quam
2220 2415 2448 2469 minimc
2477 2428 2543 2468 ex
2562 2409 2747 2467 multis
2765 2406 3187 2468 coalescentem,
3212 2398 3355 2456 sicut
3373 2404 3429 2450 et
3444 2409 3625 2450 essen-

2044 2511 2175 2563 tiam
2204 2508 2401 2563 animae
2424 2505 2644 2576 ;ipsum
2670 2516 2801 2557 vero
2820 2499 3010 2565 Deum,
3036 2512 3103 2552 ex
3136 2504 3221 2550 tot
3249 2489 3636 2547 differentibus

2042 2603 2441 2675 compositum,
2460 2600 2589 2655 licet
2634 2597 2752 2653 haec
2780 2597 2893 2651 sint
2933 2593 3155 2648 diversa
3182 2587 3404 2643 realiter
3427 2598 3633 2640 secun-

2046 2700 2172 2752 dum
2193 2695 2488 2749 multorum
2522 2687 3088 2760 suppositiones,esse
3117 2691 3296 2737 tamen
3323 2676 3633 2748 simplicem

1998 2827 2013 2847 .
2042 2787 2339 2860 intelligit:
2369 2785 2506 2840 alias
2533 2780 2678 2837 enim
2705 2777 2948 2836 essentia
2979 2774 3179 2831 animas
3204 2786 3308 2827 non
3332 2776 3478 2825 esset
3505 2769 3639 2823 sim-

2048 2882 2193 2952 plex,
2218 2895 2345 2934 cum
2374 2878 2429 2932 in
2452 2878 2555 2932 hac
2578 2872 2813 2930 essentia
2841 2868 3195 2942 potentiaque
3214 2873 3268 2920 et
3287 2860 3640 2932 Operationes

2050 2974 2159 3030 sint
2190 2970 2512 3027 abinvicem
2562 2968 2813 3022 diversa.
2847 2962 3032 3031 Itaque
3057 2956 3399 3029 Augustinus
3421 2953 3555 3008 dicit
3581 2952 3637 3005 in

364 3043 505 3152 πρὸς
554 3043 826 3152 ἀλλῆλᾷς-
874 3043 1098 3129 διὸ-*καὶ
1143 3043 1511 3142 Αύγουστίνός
1557 3043 1827 3142 φησιν-ἑήν
1871 3067 1946 3138 τῷ

2054 3069 2196 3125 libro
2226 3066 2303 3121 De
2335 3080 2457 3120 vera
2486 3059 2847 3131 simplicitate.
2881 3055 3058 3111 solam
3097 3049 3192 3105 Dei
3223 3043 3638 3115 simplicitatem

365 3150 498 3240 περὶ
537 3150 638 3237 τῆξ
682 3166 921 3238 ἀληθοῦς
964 3164 1205 3228 ἀκακίας
1247 3163 1460 3235 βιϐλίῳ,
1504 3165 1675 3234 μόνην
1714 3162 1812 3234 τὴν
1849 3159 1947 3215 τοῦ

366 3261 506 3315 Θεοῦ
547 3261 830 3330 ἁπλότητα
870 3255 1012 3312 εἶναι
1055 3254 1394 3324 πολλαπλῆν,
1428 3253 1516 3307 διὰ
1547 3252 1609 3307 τὸ
1654 3250 1729 3324 μὴ
1772 3251 1951 3322 μόνως

367 3354 564 3417 οὐσίας
596 3354 653 3405 ὲν
679 3351 826 3421 αὐτῷ
858 3346 1215 3420 εὑρίσκεσθαι
1244 3345 1545 3416 ἁπλότητα,
1575 3342 1710 3398 ἀλλὰ
1740 3343 1835 3397 καὶ
1864 3344 1956 3397 δυ-

369 3449 590 3518 νάμεως
613 3462 627 3477 ο
664 3443 759 3498 καὶ
791 3442 891 3514 τὴν
927 3440 1346 3511 πολλαπλότητα
1387 3437 1568 3509 ἁπλῆν
1589 3478 1605 3504 ,
1641 3436 1730 3490 διὰ
1760 3437 1822 3490 τὸ
1862 3436 1955 3490 καὶ

369 3543 478 3611 τὴν
507 3540 699 3593 οὐσίαν
725 3538 822 3591 καὶ
850 3536 949 3607 τὴν
976 3534 1242 3605 δύναμιν,
1271 3532 1367 3586 καὶ
1394 3530 1460 3584 τὰ
1489 3530 1654 3596 ἄλλα,
1687 3529 1746 3583 ἓν
1778 3547 1830 3582 τι
1861 3527 1957 3581 καὶ

373 3632 583 3689 ἁπλοῦν
615 3627 776 3685 εἶναι.
810 3627 1103 3682 Συνέϐαινε
1137 3626 1183 3680 δ’
1211 3628 1277 3680 ἂν
1310 3624 1493 3687 αὐτοῖς
1527 3622 1588 3676 τὸ
1621 3621 1955 3691 λεγόμενον,

374 3728 540 3799 αἵπερ
590 3724 666 3796 μὴ
714 3724 1020 3794 πράγματα
1061 3719 1233 3773 ταῦτα
1282 3714 1640 3783 ὑπετίθεσαν,
1685 3712 1824 3767 ἀλλὰ
1871 3711 1959 3765 λό-

376 3839 509 3892 γους
551 3820 749 3891 μόνον,
780 3818 922 3886 ὅπερ
952 3815 1097 3878 τινὲς
1127 3815 1240 3867 τῶν
1273 3810 1521 3884 ἀρχαίων
1556 3807 1823 3877 θεολόγων
1858 3822 1961 3859 κα-

374 3916 633 3985 λούμενοι
679 3911 807 3982 περὶ
835 3908 947 3962 τῶν
978 3906 1254 3977 διαφορῶν
1284 3905 1472 3970 ἔλεγον
1491 3945 1507 3972 ,
1542 3903 1613 3957 ού
1652 3903 1963 3972 πράγματα

379 4006 523 4064 εἶναι
548 4005 753 4069 ταύτας
780 4001 1280 4071 διαϐεϐαιούμενοι,
1309 3999 1427 4054 ἀλλ’
1447 3999 1512 4052 ὲκ
1540 3995 1648 4050 τῶν
1675 3996 1965 4067 ἡμετέρων

379 4100 593 4172 νοητῶν
616 4114 631 4130 ο
668 4091 778 4152 οἷον
810 4096 878 4149 τὰ
923 4096 1092 4165 γένη,
1130 4092 1227 4148 καὶ
1260 4092 1329 4146 τὰ
1372 4091 1487 4162 εἴδη
1536 4088 1724 4160 φησίν.
1763 4087 1877 4141 Νὖν
1909 4085 1966 4139 δὲ

381 4193 647 4267 χαλεπὸν,
676 4191 879 4262 μᾶλλον
905 4189 961 4243 δὲ
986 4187 1252 4242 ἀδύνατον
1275 4186 1367 4240 τὸν
1391 4183 1525 4238 Θεὸν
1550 4182 1759 4238 ἁπλοῦν
1784 4180 1967 4249 λέγειν

383 4289 483 4344 καὶ
530 4290 595 4341 ἐκ
644 4285 919 4339 τοσούτων
968 4280 1307 4352 ἑτεροτήτων
1356 4276 1761 4349 πραγματικῶν
1815 4284 1970 4328 cnve-

385 4383 590 4437 στῶτα.
618 4380 816 4432 Ἔσται
843 4378 955 4460 γὰρ
985 4375 1045 4429 ἓν
1078 4376 1177 4445 μὲν
1204 4373 1283 4443 τῷ
1311 4370 1684 4442 ὑποκειμένῳ,
1714 4366 1889 4421 πολλὰ
1914 4367 1971 4420 δὲ
2004 4409 2048 4466 D

384 4476 502 4537 τοῖς
530 4470 909 4542 συμϐεϐηκόσι
928 4459 949 4501 θ’
980 4467 1073 4521 καὶ
1101 4465 1160 4520 ἓν
1190 4465 1289 4536 μὲν
1315 4465 1394 4534 τῷ
1421 4464 1548 4534 ὅλῳ,
1576 4461 1752 4516 πολλὰ
1775 4460 1833 4513 δὲ
1856 4459 1971 4521 τοῖς

391 4563 825 4637 μέρεσιν.”οπερ
861 4560 980 4613 ἐστὶ
1015 4558 1090 4631 μὴ
1123 4558 1181 4611 ἓν
1225 4555 1539 4618 καὶ-ἁπλῶς
1564 4552 1774 4608 ἁπλοῦν
1807 4546 1971 4617 εἶναι,

393 4660 533 4716 ἀλλὰ
562 4659 662 4731 πῆ,
697 4658 791 4712 καὶ
823 4655 966 4712 κατά
994 4670 1068 4708 τι.
1748 4661 1758 4671 ·

473 4974 769 5043 [lucusque
797 4974 969 5030 codex
1006 4968 1325 5043 Bavaricus.
1360 4966 1587 5043 Reliqua
1614 4965 1800 5043 omnia
1831 4962 2239 5036 desiderantur,
2274 4964 2408 5012 utet
2455 4954 2658 5011 solutio
2685 4963 2881 5008 eorum
2948 4958 3070 5015 quae
3110 4941 3196 4997 hic
3229 4944 3383 4993 contr

401 5048 621 5100 citatem
653 5038 843 5123 Deiex
870 5057 1106 5115 persona
1132 5041 1432 5096 adversarii
1462 5038 1676 5109 objicit.

486 5203 601 5273 (διδ)
631 5203 760 5259 Htec
790 5200 977 5257 omnia
1011 5198 1170 5256 valde
1200 5202 1461 5267 corrupta
1486 5199 1638 5250 sunt.

2053 3177 2178 3220 esse
2201 3156 2586 3229 multiplicem,
2619 3151 2748 3222 quia
2771 3163 2880 3204 non
2931 3146 3109 3202 solum
3144 3136 3642 3219 essentiaainveni-
3701 3146 3705 3150 '

2055 3265 2142 3313 tur
2172 3256 2311 3311 ineo
2351 3228 2698 3320 simplicitas,
2741 3243 2838 3299 sed
2883 3240 3050 3296 etiam
3087 3233 3382 3308 potentiae;
3413 3238 3469 3286 et
3489 3228 3639 3283 illam

2055 3345 2516 3418 multiplicitatem
2544 3338 2847 3410 simplicem
2883 3332 3183 3390 secundum
3204 3327 3355 3400 quid,
3374 3334 3429 3383 et
3455 3337 3651 3415 essen;

2058 3416 2300 3508 tiam,ﬁet
2333 3434 2652 3508 potentiam,
2676 3439 2731 3485 et
2753 3427 2884 3492 alia,
2907 3441 3030 3482 esse
3063 3438 3234 3478 unum
3267 3419 3396 3491 quid
3428 3427 3482 3472 et
3512 3416 3648 3472 sim-

2057 3534 2203 3607 plex.
2233 3530 2340 3586 Sed
2387 3529 2494 3583 hoc
2517 3525 2743 3582 effatum
2795 3521 2901 3576 illis
2929 3516 3269 3578 conveniret,
3306 3512 3351 3567 si
3385 3524 3494 3565 non
3516 3523 3644 3575 sup-

2059 3597 2467 3700 ponerenthasc
2485 3634 2598 3675 non
2631 3630 2757 3673 esse
2786 3628 2899 3678 res,
2918 3610 3013 3667 sed
3044 3607 3287 3663 rationes
3311 3597 3547 3666 tantum,
3591 3606 3652 3653 nt

2064 3692 2457 3789 nuncupabant
2485 3710 2709 3784 quidam
2750 3716 2996 3764 veterum
3031 3701 3413 3771 theologorum
3455 3696 3521 3751 de
3541 3692 3654 3747 «ιιι.

2065 3811 2310 3870 ferentiis
2357 3793 2666 3879 loquentes,
2734 3802 2824 3874 qni
2863 3796 3208 3854 aﬂirmabant
3249 3807 3345 3846 eas
3378 3803 3486 3844 non
3528 3799 3655 3841 esse

2068 3921 2175 3974 res,
2209 3905 2305 3960 sed
2340 3902 2494 3957 ideas
2522 3896 2692 3953 nostri
2745 3892 3077 3955 intellectus,
3128 3887 3345 3941 sicntet
3375 3890 3577 3951 genera
3601 3886 3656 3931 et
3700 3922 3713 3932 .

2068 3970 2278 4069 species
2297 3994 2577 4051 dicuntur.
2603 3987 2757 4043 Nunc
2789 3999 2917 4041 Vero
2941 3979 3161 4037 dillicile
3186 3980 3320 4045 :est,
3355 3971 3438 4027 vel
3473 3970 3657 4040 potius

2068 4090 2407 4164 impossibile
2444 4086 2614 4144 Deum
2676 4082 2860 4136 dicere
2906 4074 3205 4145 simplicem
3260 4065 3536 4134 simulque
3590 4077 3658 4116 ex

2073 4156 2549 4240 tot-diﬁewntibus
2580 4169 2746 4230 rebus
2781 4180 3160 4227 constantem:
3200 4161 3282 4218 sic
3331 4156 3663 4237 enimesset

2072 4291 2242 4333 unum
2268 4273 2516 4342 subjecto
2537 4275 2589 4323 et
2647 4268 2801 4336 plura
2826 4258 3233 4319 accidentibus,
3259 4265 3430 4306 unum
3468 4255 3583 4303 toto
3606 4252 3663 4298 ct

2075 4371 2232 4442 plura
2268 4365 2538 4439 partibus,
2596 4375 2660 4415 ac
2707 4354 2939 4428 proinde
2983 4365 3151 4405 unum
3184 4354 3239 4401 et
3287 4341 3519 4412 simplex
3556 4353 3665 4391 non

2079 4432 2226 4521 esset
2275 4457 2631 4530 simpliciter,
2681 4450 2774 4508 scd
2820 4442 3226 4521 quodammodo
3271 4447 3326 4494 et
3357 4432 3665 4492 secundum

2083 4556 2241 4629 quid.

3389 4947 3419 4987 a
3469 4926 3681 4999 simpli-
