4064 6488
434 364 574 429 193,3

456 515 786 531 hum

1540 360 2017 424 BARLAAMUS
2061 361 2157 421 DE
2209 359 2675 425 SEMINARIA.

804 510 3656 543 WW-

3599 360 3737 426 12H

1330 648 2022 765 GREGORII
2105 647 2283 764 AC
2308 646 2774 764 INDYN
2794 650 2834 764 Ι

1923 878 2243 943 CARMEN

967 1058 1118 1146 nn
1176 1054 1898 1147 nmensmus
1989 1026 2584 1148 GREGORIi
2685 1048 3203 1143 PALAMAE

1708 1239 1835 1296 Vide
1863 1248 1993 1295 tam.
2020 1212 2025 1219 ν
2048 1236 2158 1306 CL,
2190 1237 2295 1295 col.
2335 1236 2484 1295 ιϐιδ.

442 1442 3705 1485 Www

1819 1618 2370 1713 EJUSDEM

767 1807 1168 1873 EPISTOLAE
1212 1806 1311 1869 ET
1339 1804 1570 1868 IAMBi
1601 1798 2192 1865 ADHORTATORII
2224 1799 2328 1863 AD
2387 1782 2915 1865 NICEPHORUM
2954 1795 3384 1865 GREGORAM

1339 1941 1471 1998 Vide
1514 1950 1641 1998 tam.
1665 1936 1959 1996 CXLVIII
1988 1938 2046 1994 in
2081 1936 2330 2008 (ἕτεροι-αξ
2372 1933 2491 1991 Vita
2521 1945 2573 1992 et
2597 1933 2829 2008 Elogiix.

1034 2145 1449 2158 ———————-

1483 2135 3725 2175 mm

919 2321 1927 2741 mentiti
1970 2321 3301 2859 piscinarum

1795 3011 2368 3107 NOTITIA.

772 3217 866 3281 (Ex
891 3209 1019 3281 Aug.
1047 3215 1311 3267 Zavarroni
1334 3211 1636 3267 Bib.’t‘otlteca
1659 3214 1887 3276 Calabra,
1906 3213 2118 3278 Neapoli
2140 3212 2284 3276 i753,
2313 3212 2385 3276 ι’,
2404 3226 2468 3279 μς
2485 3210 2566 3273 51,
2587 3211 2663 3265 Cf.
2693 3213 2845 3263 etiam
2871 3209 3151 3277 Scriptores
3183 3211 3468 3278 Cosentini.)

521 3528 976 3596 Seminariensis,
999 3546 1066 3586 ex
1090 3529 1275 3586 Leone
1296 3529 1498 3585 Allatio
1524 3528 1838 3600 lib.‘JI,cap.
1860 3529 1952 3595 l7,
1985 3530 2050 3584 de
2079 3538 2122 3591 Α
2154 3529 2467 3585 litterarum
2501 3524 2822 3584 G'razcarum
2850 3527 3225 3596 doctissimus,
3260 3535 3316 3584 et
3348 3526 3749 3597 quodammodo

447 3625 892 3683 eccles.0ccid.et
919 3624 1347 3695 0rient.perpet.
1371 3622 2051 3690 consensu,iustitutotno-
2154 3623 2469 3679 Graecarum
2493 3621 2854 3681 historiarum
2910 3632 3074 3694 atque
3110 3621 3421 3679 tabularum
3462 3620 3747 3677 archivum

447 3720 662 3774 nacbus
695 3716 754 3772 S.
788 3715 1001 3780 Basilii,
1036 3715 1208 3771 abbas
1236 3715 1296 3775 S.
1328 3714 1629 3772 Salvatoris
1673 3717 1728 3771 in'
1766 3718 1903 3771 urbe
1949 3718 2053 3787 By-

450 3810 659 3878 zantio,
695 3817 1055 3879 promovente
1107 3814 1293 3861 tamen
1347 3807 1666 3863 Andronico
1717 3807 1933 3863 Caesare
1986 3821 2052 3861 ex

450 3900 776 3971 Maimburg.
837 3897 979 3953 infra
1022 3897 1248 3953 c'liando
1272 3949 1287 3965 ,
1319 3896 1447 3955 dein
1484 3914 1630 3955 anno
1664 3898 1804 3956 i352
1862 3896 2054 3953 Hiera-

379 3971 389 3981 .
449 3991 628 4045 censis
676 3988 977 4060 cpiscopus
1013 4005 1027 4042 :
1064 3988 1147 4041 vir
1180 3988 1233 4043 in
1268 3997 1509 4060 utraque
1536 3989 1726 4060 lingua
1755 3989 1912 4045 valde
1928 4004 2056 4045 eru-

449 4085 620 4148 ditus,
650 4094 707 4139 et
736 4084 789 4138 in
816 4081 1008 4138 Graeca
1055 4083 1581 4154 quidem;Francisci
1604 4083 1915 4140 Petrarchae
1940 4099 2057 4140 ma-

451 4180 642 4249 gister,
680 4184 737 4232 ttt
783 4176 926 4231 idem
950 4175 1251 4232 Petrarcha
1287 4176 1340 4231 in
1378 4178 1552 4248 Epist,
1587 4161 1649 4232 ll
1686 4176 1883 4233 Rerum
1914 4180 2057 4235 seni-

452 4273 582 4327 lium
629 4272 695 4324 ad
734 4268 1019 4341 Hugonem
1071 4269 1446 4326 Siberenalem
1484 4271 1698 4328 scribit.
1730 4297 1749 4327 ι
1796 4274 2053 4346 Aliquot,

452 4368 549 4429 ait,
580 4363 786 4420 Gravi-ae
819 4363 1384 4435 lingumdoctissimos
1416 4365 1668 4422 homines
1682 4378 2058 4427 nostramtate

429 4438 705 4514 'Calabria
743 4457 951 4525 habuit,
998 4456 1050 4512 in
1084 4458 1168 4513 his
1200 4458 1365 4525 duos,
1407 4458 1662 4515 Barlaam
1695 4465 2055 4530 monachum,

454 4562 510 4605 ct
569 4549 846 4617 Leontem,
909 4565 1005 4605 seu
1084 4548 1379 4606 Leontium
1452 4549 2054 4621 Thessaloniccncenr;

458 4626 687 4714 uterque
730 4643 865 4698 mihi
900 4642 1188 4699 familiaris
1216 4663 1230 4697 :
1283 4645 1492 4712 primus
1517 4648 1683 4701 etiam
1707 4658 1763 4701 et
1794 4651 2059 4718 magister

454 4736 659 4792 fuerat.
693 4753 712 4787 ι
735 4735 904 4791 Porro
930 4735 1189 4791 Leontem
1223 4735 1393 4804 hunc,
1427 4738 1543 4793 sive
1574 4724 1861 4795 Leontium
1899 4740 2059 4813 Pyla-

457 4842 595 4898 tttm,
629 4845 792 4901 quem
842 4829 1397 4887 Thessalonicensem
1435 4829 1650 4902 (solius
1682 4831 1912 4889 forsitan
1945 4838 2059 4891 ori-

2165 3715 2605 3780 inexhaustum;
2687 3713 2795 3770 etsi
2865 3712 3179 3769 Latinarum
3236 3727 3346 3768 non
3394 3713 3527 3768 satis
3575 3714 3750 3767 adhuc

2163 3807 2479 3864 instructus
2529 3807 2603 3863 sit
2636 3825 2650 3861 :
2690 3806 2855 3878 hujus
2895 3821 2995 3877 ego
3038 3804 3248 3861 nullum
3281 3803 3391 3860 vidi
3428 3819 3586 3876 opus,
3616 3817 3749 3860 sane

2161 3900 2428 3971 quidquid
2475 3914 2543 3955 ex
2595 3914 2663 3955 eo
2695 3899 2887 3964 recito,
2925 3898 2995 3953 ab
3051 3912 3117 3954 eo
3143 3898 3265 3953 viva
3299 3912 3434 3954 voce
3480 3895 3747 3953 referente

2160 3995 2421 4067 percepi;
2459 4009 2584 4049 nam
2622 4009 2751 4049 cum
2780 3992 3048 4064 legentem
3074 3990 3398 4057 Homerum,
3435 3999 3490 4047 et
3535 4006 3743 4066 meeum

2161 4087 2425 4155 singulari
2469 4085 2712 4141 amicitia
2748 4094 3189 4152 conversantem,
3243 4085 3359 4141 fere
3389 4085 3562 4141 tribus
3591 4083 3745 4140 annis

2161 4180 2370 4246 auditu,
2401 4195 2504 4236 nec
2534 4174 2765 4237 inﬁnitis
2791 4179 2860 4235 ab
2892 4194 2957 4236 eo
2991 4180 3253 4244 recitatis,
3299 4190 3555 4250 vergente
3584 4179 3744 4236 etiam

2163 4273 2266 4327 alia
2291 4288 2422 4327 cura
2453 4273 2783 4338 animantur,
2822 4272 3007 4327 acrius
3029 4271 3340 4329 suliecisset
3375 4272 3666 4335 memoria,
3695 4271 3748 4326 ni

2162 4365 2379 4422 cedulis
2416 4365 2912 4422 commendassem.
2942 4384 2962 4419 ι
2992 4366 3122 4422 Haec
3172 4365 3283 4432 ille,
3328 4380 3449 4437 quae
3497 4365 3750 4420 retulisse

2163 4458 2395 4528 placuit,
2435 4465 2547 4512 tum
2583 4456 2713 4526 quia
2757 4455 3023 4512 doctrinae
3049 4456 3219 4528 gloria
3241 4455 3450 4512 Leontii
3473 4455 3746 4527 discipuli,

2162 4550 2281 4605 sive
2324 4549 2370 4605 is
2392 4548 2682 4605 nativitate
2711 4547 2944 4605 Calaber
2974 4549 3068 4617 sit,
3093 4551 3207 4605 sive
3227 4548 3748 4612 Thessalonicensis,

2167 4643 2233 4697 ad
2265 4642 2610 4697 Barlaamum
2633 4651 3025 4712 praeceptorem
3052 4642 3229 4698 redit:
3253 4643 3488 4698 redeunt
3509 4640 3649 4697 enim
3681 4640 3749 4695 ad

2166 4735 2379 4792 semina
2410 4749 2608 4789 causre.
2641 4733 2873 4801 Quando
2903 4734 3070 4789 etiam
3104 4734 3333 4789 Leontio
3360 4735 3484 4789 huic
3527 4734 3751 4789 deman-

2166 4828 2293 4883 data
2317 4827 2427 4884 sibi
2469 4845 2500 4883 a
2527 4827 2824 4883 Pctrarcha
2860 4827 3167 4883 Iliacatium
3210 4829 3263 4883 in
3296 4828 3613 4900 operefquod
3636 4830 3752 4884 lau-

455 4921 600 4991 ginis
624 4919 857 4985 ratione,
912 4936 1036 4975 nam
1065 4920 1219 4974 illum
1254 4919 1457 4974 nostris
1499 4917 1738 4976 Tafurus
1788 4938 2060 4981 annume-
2090 4896 2132 4952 Β
2161 4924 2418 4980 davimus
2450 4922 2614 4976 modo
2637 4922 2713 4976 De
2732 4922 2936 4992 geneat.
2969 4919 3203 4976 Deorum
3220 4938 3377 4978 usum
3397 4938 3557 4979 esse:
3588 4938 3620 4977 a
3644 4937 3750 4993 quo

453 5011 578 5084 rat)
608 5013 741 5069 dicit
771 5011 1093 5078 Petrarcha,
1150 5020 1205 5065 et
1250 5011 1429 5080 ipsum
1476 5010 1687 5068 Barlaae
1718 5013 2054 5088 discipulum

453 5105 648 5171 fuisse,
679 5117 794 5161 tum
819 5107 982 5160 etiam
1005 5102 1238 5161 Joannis
1270 5102 1511 5160 Boccatii
1539 5105 1592 5161 iu
1621 5105 1829 5166 Graecis
1853 5112 2060 5168 artibus

452 5205 866 5266 praeceptorem,
893 5193 965 5248 ita
987 5204 1301 5263 postremus
1325 5195 1414 5251 hic
1438 5196 1500 5251 in
1532 5214 1600 5253 xv
1623 5199 1717 5255 lib.
1740 5200 1805 5255 de
1827 5200 2055 5262 Geneal.

454 5291 710 5355 Deorum,
747 5302 871 5356 cap.
903 5285 957 5354 6,
981 5286 1278 5347 describit:
1318 5305 1336 5340 α
1369 5288 1501 5346 Post
1529 5291 1653 5358 hos,
1684 5301 1739 5350 et
1769 5292 2059 5351 Leontium

375 5401 382 5408 ·
455 5380 705 5452 I‘ylatnm
731 5379 1280 5447 Thessalonicensem
1303 5387 1503 5451 virum,
1532 5395 1587 5442 et
1608 5386 1802 5457 utipse
1825 5390 2054 5458 asserit,

457 5473 704 5539 ιιι-ωςιὶειί
733 5471 942 5526 Barlaae
979 5472 1309 5542 auditorem,
1371 5494 1619 5550 persmpe
1668 5481 1886 5538 deduco
1916 5501 1930 5538 :
1960 5484 2058 5554 qui

459 5567 684 5636 quidem
727 5576 953 5637 aspectu
982 5568 1240 5626 horridus
1281 5573 1445 5629 homo
1493 5585 1579 5632 est
1624 5593 1638 5629 :
1686 5578 1832 5648 turpi
1892 5577 2052 5647 facie,

458 5654 631 5713 barba
674 5660 908 5729 prolixa,
954 5671 1008 5718 et
1045 5663 1309 5734 capillitio
1358 5666 1543 5739 nigro,
1594 5679 1649 5724 et
1699 5670 2057 5728 meditatione

452 5760 763 5823 occupatus
797 5755 1018 5813 assidua
1048 5774 1061 5812 :
1094 5757 1346 5816 moribus
1370 5758 1633 5827 incultus,
1670 5777 1772 5818 nec
1800 5763 1935 5818 satis
1965 5779 2056 5818 nr-

459 5839 637 5903 btmus
680 5849 883 5921 homo;
930 5866 1142 5921 verum,
1182 5852 1259 5909 uti
1296 5853 1632 5925 experientia
1676 5862 1865 5912 notum
1902 5856 2052 5920 fecit,

1513 6054 1545 6074 ο

2162 5015 2376 5085 primus
2404 5012 2659 5068 didicisse
2690 5013 2920 5082 coeperit
2950 5014 3274 5071 Homericos
3305 5028 3496 5069 versus
3540 5012 3749 5070 Latinis

2163 5108 2385 5179 scriptis
2435 5107 2701 5173 inserere,
2751 5115 2808 5161 et
2844 5104 3062 5164 Graecos
3110 5107 3299 5164 titulos
3348 5106 3556 5163 Latinis
3581 5108 3748 5174 jlibris

2164 5198 2491 5265 imponere;
2520 5197 2663 5252 unde
2697 5195 2791 5252 ille
2808 5196 3013 5253 Graecae
3051 5197 3251 5269 linguae
3285 5200 3595 5255 cathedram
3616 5197 3745 5252 -Flo°-

2166 5292 2355 5347 rentia:
2388 5288 2707 5355 obtinuerit,
2739 5289 2944 5345 dictum
2970 5288 3099 5344 alibi
3131 5289 3292 5345 nobis
3323 5291 3377 5345 in
3407 5300 3588 5346 nostra
3650 5289 3751 5344 lli—

2167 5396 2304 5442 διον.
2351 5384 2773 5455 σοι·δ“η.οοΙΙθ9.
2809 5382 2948 5439 Tum
2984 5385 3149 5440 etiam
3187 5383 3315 5454 quia
3348 5384 3475 5440 inde
3519 5383 3751 5439 arbitror

2165 5479 2482 5535 aliinitatem
2533 5480 2776 5533 nominis
2826 5477 2971 5533 inter
3035 5475 3344 5545 Leontium,
3396 5488 3451 5533 et
3498 5476 3747 5532 Pontium

2168 5572 2418 5643 Pylatum
2446 5570 2706 5627 fabellam
2739 5570 2807 5626 de
2844 5569 3040 5625 Pontio
3070 5569 3254 5625 Pilato
3283 5569 3336 5624 in
3371 5570 3618 5627 Calabria
3650 5571 3751 5625 ali-

2166 5666 2414 5736 quandiu
2443 5671 2825 5720 commorante
2850 5705 2867 5731 ,
2920 5662 3256 5733 undeetiam
3292 5673 3522 5719 tortores
3551 5663 3749 5721 Christi

2168 5760 2222 5814 in
2254 5758 2499 5815 Judaeam
2535 5774 2727 5816 secum
2763 5758 3105 5830 perduxerit,
3137 5764 3318 5811 natam
3348 5773 3504 5825 esse;
3535 5759 3678 5813 sicut
3697 5770 3752 5813 et

2169 5854 2429 5912 aliinitatc
2448 5852 2651 5922 pariter
2671 5851 2909 5912 nominis
2938 5851 3075 5908 inter
3102 5850 3421 5908 Iscariotam
3455 5860 3509 5908 ct
3546 5852 3752 5909 Sealio-
