4064 6488
332 417 481 483 1245

1813 413 2153 473 NO'l‘iTlA.

3482 414 3615 479 1216

330 547 468 602 tam,
514 535 683 590 altera
736 543 790 587 ct
832 533 948 601 ipsa
993 532 1152 586 anilis
1199 532 1393 586 fabella
1442 532 1508 586 de
1555 529 1715 596 JuJa,
1775 532 1922 600 quod
1953 534 1993 587 Α
2023 539 2075 584 et
2120 527 2342 582 Latinos
2376 542 2402 579 a
2443 542 2502 582 se
2541 527 2720 597 lingua
2783 529 3098 598 scrip'oque
3151 529 3300 599 prius
3339 528 3611 584 lacet'a‘os

332 630 585 685 Scaleom
624 627 807 690 fuerit,
841 625 1086 693 deﬂuxit,
1118 642 1223 696 qua
1269 625 1520 681 Lucanos
1551 628 1692 696 apud
1727 626 1918 679 Secta-

329 738 462 775 nnm
507 721 757 774 infamat.

404 811 511 866 Sed
565 812 629 864 ad
673 811 1037 877 Barlaamum,
1079 826 1108 865 a
1155 826 1264 881 quo
1303 812 1547 881 digressa
1589 822 1694 877 est,
1731 812 1917 866 redeat

327 905 528 958 oratio.
585 903 660 957 De
692 921 757 958 eo
793 905 960 973 igitur
990 905 1180 960 scribit
1210 905 1458 959 laudatus
1487 904 1776 961 Boccatius
1796 905 1916 960 loco

328 998 426 1052 cit.
463 1014 524 1050 ι(
569 995 751 1051 Traho
779 1008 1038 1066 praeterea
1089 998 1381 1064 aliquando
1431 997 1676 1051 Barlaam
1729 998 1913 1052 Basilii

327 1089 689 1142 Carsariensis
737 1091 1088 1155 monachum,
1115 1090 1407 1144 Calabrum
1440 1090 1740 1157 hominem,
1781 1092 1910 1146 olim

331 1196 562 1249 corpore
590 1181 872 1250 pusillum,
926 1183 1297 1250 praegrandem
1349 1192 1527 1238 tamen
1577 1185 1826 1249 scientia,
1856 1197 1913 1242 et

330 1273 539 1328 Graecis
555 1274 690 1328 adeo
709 1275 1004 1340 eruditum,
1027 1282 1086 1328 ut
1110 1276 1500 1344 imperatorum
1527 1285 1580 1331 et
1603 1277 1908 1346 principum

327 1363 667 1430 Graecorum,
689 1378 850 1435 atque
871 1366 1152 1422 doctorum
1185 1368 1467 1422 hominum
1501 1367 1777 1437 privilegia
1810 1368 1912 1422 ha-

327 1454 502 1509 beret-
533 1457 868 1521 testimonia,
889 1457 1088 1511 nedum
1124 1458 1212 1512 his
1235 1459 1573 1528 temporibus
1597 1459 1912 1528 apudGrte-

329 1561 425 1599 eos
474 1561 617 1612 esse,
650 1548 747 1601 sed
783 1563 885 1602 nec
927 1563 957 1603 a
999 1548 1187 1604 multis
1215 1550 1430 1606 saeculis
1461 1551 1596 1606 citra
1628 1551 1794 1605 fuisse
1826 1551 1906 1605 vi-

326 1652 448 1691 rum
485 1647 592 1691 tam
626 1638 822 1711 insigni
882 1651 1098 1711 tamque
1118 1643 1307 1712 grandi
1338 1642 1565 1698 scientia
1597 1644 1903 1714 praeditum.

325 1730 518 1786 Nonne
574 1745 703 1803 ergo
738 1733 886 1796 huic,
911 1741 962 1789 et
991 1736 1274 1804 potissime
1303 1735 1358 1790 in
1389 1736 1552 1791 rebus
1589 1736 1654 1791 ad
1687 1735 1905 1803 Graecos

327 1823 702 1890 spectantibus
730 1839 832 1893 ego
864 1828 1078 1880 credam
1106 1826 1172 1879 ⁸1»
1219 1827 1301 1881 Ab
1333 1841 1399 1881 eo
1431 1843 1648 1898 quoque
1673 1827 1900 1882 Paulum

2023 623 2325 678 defensat.»
2383 623 2486 677 Cit.
2537 622 2652 677 Lib.
2687 624 2752 685 ll,
2792 641 2908 692 cap.
2949 625 3034 686 i7,
3099 639 3218 693 pag.
3275 624 3400 676 859.
3449 623 3616 674 Ρυιτςι

2027 714 2266 770 Joannes
2299 714 2740 780 Cantacnzcnns,
2771 714 2989 769 Gt-aeCus
3025 727 3238 780 auctor,
3273 716 3366 767 lib.
3391 713 3452 777 ll,
3493 728 3616 780 cap.

2021 809 2128 872 59,
2197 815 2389 860 contra
2440 805 2781 860 Barlaamum
2840 816 3060 875 propter
3130 808 3248 875 ejus
3299 810 3612 874 palinodias

2023 901 2304 955 invehitur
2337 913 2349 952 :
2385 917 2402 950 ι
2428 898 2728 952 Monachus
2755 899 3002 967 quidam,
3050 901 3248 969 inquit,
3286 917 3315 954 c
3359 902 3618 956 Calabria

2015 993 2314 1062 profectus,
2348 991 2669 1046 Latino-rum
2703 993 2951 1046 moribus
2981 1000 3034 1044 et
3060 992 3278 1061 legibus
3320 994 3604 1059 educatus,

2015 1084 2234 1140 nomine
2251 1084 2588 1145 Barlaamus,
2612 1094 2808 1137 acutus
2838 1083 3037 1153 alioqui
3061 1095 3112 1137 et
3136 1085 3439 1153 perspicax,
3464 1098 3516 1140 et
3538 1080 3616 1141 ad

2015 1177 2435 1246 intelligentiam
2463 1175 2843 1244 explicandam
2865 1175 3296 1230 disertissimus:
3318 1177 3538 1246 insuper
3559 1180 3616 1232 in

2013 1267 2256 1328 Euclide,
2282 1266 2832 1332 Aristotele,Platone
2857 1267 3148 1331 volutatus,
3173 1275 3226 1320 et
3245 1269 3312 1321 ob
3338 1252 3388 1321 id
3413 1268 3610 1322 illustri

2013 1354 2179 1425 fama,
2196 1360 2261 1414 ad
2279 1358 2640 1414 calamitatem
2657 1357 2815 1410 Rom.
2837 1358 3045 1427 imperii
3063 1359 3503 1414 Thessalonicam
3524 1365 3619 1413 ad-

2011 1454 2158 1509 venit
2183 1472 2196 1516 ;
2222 1451 2406 1506 multis
2429 1450 2572 1506 enim
2585 1448 2912 1518 inagnisqne
2933 1450 3292 1506 seditionibus
3313 1453 3610 1507 Ecclesiam

2009 1554 2261 1616 pacatam
2309 1544 2574 1614 implevit.
2607 1544 2710 1611 Qui
2750 1559 2873 1598 cum
2910 1560 2967 1598 se
2997 1543 3306 1598 Latinorum
3353 1544 3606 1614 dogmata

2007 1639 2768 1711 proﬂigaturnmsimnlasset,
2795 1639 2993 1694 libellis
3022 1638 3286 1692 adversus
3313 1637 3438 1692 illos
3459 1652 3612 1690 cotu-

2007 1733 2218 1802 positis,
2238 1732 2584 1788 conclusione
2599 1730 3290 1799 rationumidemonstrabat
3309 1744 3401 1783 eos
3417 1728 3468 1781 in
3491 1728 3612 1781 reli-

2011 1825 2188 1893 gionis
2207 1826 2452 1880 doctrina
2475 1825 2798 1880 hallucinari
2819 1840 2881 1879 ac
2905 1823 3030 1886 labi,
3055 1822 3368 1890 nostrisque
3405 1819 3608 1889 gande-

359 1876 375 1890 .
565 1876 572 1877 κ
619 1876 622 1877 ν
685 1876 695 1878 -
740 1876 822 1893 -.ν
1112 1876 1164 1879 --
1219 1876 1295 1881 --η
1339 1876 1393 1881 η
1433 1876 1646 1898 .._.--,---
1674 1876 1900 1882 __---_..-
2013 1876 2042 1893 υ
2078 1876 2116 1879 ρ
2145 1876 2182 1880 η
2930 1876 2934 1877 κ
3020 1876 3068 1886 ,κ
3281 1876 3295 1890 .
3405 1876 3433 1889 υ

326 1913 677 1978 Perusinum,
703 1925 760 1970 et
795 1918 968 1984 ipsum
1002 1916 1272 1972 Barlaami
1303 1919 1356 1972 in
1388 1918 1571 1973 Graeca
1599 1919 1782 1988 lingua
1811 1937 1908 1974 au-
1938 1876 1983 1938 Β
2014 1917 2104 1971 bat
2132 1917 2399 1972 institutis
2420 1928 2467 1972 el
2488 1917 2718 1988 legibus,
2738 1927 2837 1973 eta
2857 1933 2913 1971 se
2928 1915 3240 1970 Latinorum
3258 1911 3616 1968 cmremonias

327 2005 586 2071 ditoretn,
624 2007 678 2061 in
711 2009 1048 2064 collectanea
1075 2025 1173 2065 sua
1216 2011 1582 2076 conficienda,
1613 2013 1912 2083 profecisse

326 2106 500 2162 notat,
527 2108 650 2167 post
682 2099 956 2154 laudatum
987 2100 1298 2155 Boecatium
1347 2102 1452 2157 Ioc.
1503 2105 1622 2170 eit.,
1671 2105 1916 2159 Volater—

326 2205 496 2244 ranus
521 2189 574 2242 in
602 2191 912 2258 Anthropol.
951 2191 1185 2248 «Eodem
1218 2192 1328 2250 fere
1363 2205 1606 2265 tempore
1661 2196 1912 2252 Barlaam

327 2283 561 2339 Calaber
596 2284 844 2352 quidam,
877 2281 935 2338 S.
964 2284 1150 2340 Basilii
1185 2287 1507 2352 monachus,
1535 2296 1764 2356 utraque
1810 2288 1912 2341 lin-

328 2392 433 2446 gua
493 2377 762 2442 eruditus,
795 2370 1017 2441 inultas,
1051 2392 1172 2447 quae
1217 2379 1282 2432 ad
1316 2381 1415 2434 has
1453 2381 1724 2449 pertinent
1755 2379 1919 2434 disci-

328 2468 508 2537 plinas
544 2483 652 2522 uno
684 2467 964 2524 volumine
1007 2469 1203 2540 coegit.
1237 2469 1410 2536 Quem
1441 2471 1689 2526 imitatus
1712 2470 1914 2525 Paulus

324 2561 663 2616 Perusianus
707 2561 1078 2632 Jurisperilus,
1111 2563 1226 2630 ejus
1255 2564 1578 2634 discipulus,
1627 2565 1918 2636 prmfectus

327 2653 675 2709 bibliotheca:
704 2653 927 2708 Roberti
955 2693 972 2721 ,
1005 2655 1199 2710 Sicilia:
1229 2658 1395 2727 regis,
1427 2674 1552 2711 cum
1588 2659 1747 2728 plane
1773 2660 1917 2713 litte-

326 2760 482 2807 ratus
514 2762 698 2816 esset,
755 2753 924 2806 multa
968 2760 1022 2808 et
1058 2753 1173 2822 ipse
1208 2754 1543 2809 collectanea
1569 2755 1810 2824 reliquit.

398 2843 632 2913 Scripsit
667 2843 984 2900 Barliamus
1017 2846 1186 2899 multa
1206 2855 1259 2900 et
1293 2846 1469 2912 varia,
1501 2859 1598 2916 pro
1623 2862 1733 2901 Suae
1767 2861 1920 2901 men-

326 2937 399 2992 tis
421 2936 710 3007 vertigine,
739 2947 793 2992 et
821 2937 1107 2992 varietate.
1156 2936 1291 2992 Nam
1319 2938 1497 3006 primo
1533 2938 1754 3007 quidem
1785 2938 1927 2993 Con-

326 3025 742 3096 stantinopolim
778 3029 1027 3090 veniens,
1057 3027 1372 3082 Grzecorum
1396 3029 1680 3084 erroribus
1701 3031 1924 3100 scriptis

323 3116 442 3171 suis
473 3116 655 3171 fanre
694 3117 858 3185 cmpit
893 3135 905 3170 :
940 3117 1062 3171 dein
1113 3116 1168 3170 in
1217 3129 1275 3170 se
1313 3117 1574 3187 primum,
1609 3125 1663 3171 et
1708 3132 1834 3172 mox
1869 3121 1920 3172 in

2023 2019 2189 2079 atque
2223 2010 2475 2081 dogmata
2497 2026 2559 2065 ex
2583 2012 2766 2064 animo
2793 2009 3042 2063 damnari
3065 2005 3414 2078 apertissima
3445 2003 3610 2058 dabat

2016 2106 2240 2171 indicia,
2264 2116 2324 2161 ut
2355 2107 2666 2176 apparebat,
2693 2124 2712 2158 ι
2746 2115 2850 2161 etc.
2880 2103 3023 2159 Pene
3047 2104 3238 2159 eadem
3273 2101 3608 2172 Nicephorns

2018 2199 2287 2268 Gregoras
2319 2216 2371 2254 x1
2401 2220 2414 2264 ;
2447 2208 2710 2268 tantoque
2748 2199 2803 2252 in
2852 2197 2979 2253 odio
3015 2195 3218 2250 Graecis
3263 2209 3384 2248 esse
3421 2193 3608 2261 coepit,

2016 2299 2306 2360 postquam
2355 2292 2422 2345 ab
2454 2292 2536 2349 eis
2588 2290 2842 2354 recessit,
2893 2286 3199 2344 ut'eodem
3239 2284 3439 2338 Allatio
3472 2292 3610 2336 teste

2020 2383 2114 2439 ubi
2147 2397 2335 2454 supra,
2394 2383 2873 2454 Constantinopoli
2924 2381 3195 2436 celebrata
3228 2376 3458 2449 synodo,
3481 2374 3612 2428 Bar-

2020 2478 2234 2532 laatnus
2263 2477 2760 2531 condemnaretur:
2800 2495 2818 2528 ι
2846 2474 3183 2538 Barlaamus,
3204 2471 3454 2542 quamvis
3479 2483 3608 2537 pro-

2019 2570 2208 2640 pitium
2231 2569 2613 2638 imperatorem
2642 2567 3034 2639 (Andronicum
3057 2561 3360 2633 Juniorcm)
3389 2572 3606 2623 nactus,

2023 2659 2185 2714 rebus
2220 2668 2400 2714 tamen
2441 2658 2788 2735 Graecorum,
2825 2667 2876 2712 et
2910 2657 3194 2712 monachis
3235 2655 3480 2724 iniquior
3522 2655 3612 2724 (de

2022 2750 2139 2820 eius
2169 2765 2291 2805 cum
2323 2751 2608 2806 monachis
2665 2751 2867 2804 montis
2912 2749 3054 2804 Atho
3096 2747 3291 2818 jurgiis
3343 2745 3612 2799 videndus

2021 2841 2349 2912 Maimburg.
2382 2842 2420 2900 l.
2461 2841 2537 2912 c.)
2604 2857 2742 2912 quos
2792 2840 3058 2896 acerrimo
3102 2839 3231 2893 odio
3271 2845 3612 2908 prosecutus,

2023 2935 2356 3004 exagitavit;
2382 2935 2612 3004 ideoque
2638 2935 2907 2990 celebrata
2947 2932 3156 3004 synodo
3183 2931 3237 2985 in
3286 2945 3482 2999 magno
3519 2943 3613 2981 sa-

2025 3037 2133 3082 cra:
2158 3025 2452 3096 Sapientiae
2500 3025 2725 3095 templo,
2753 3033 3020 3095 prmscnte
3066 3025 3228 3078 etiam
3261 3023 3608 3088 imperatore,
3650 3024 3662 3034 ’

2030 3136 2155 3176 cum
2189 3131 2411 3177 senatus
2455 3121 2816 3189 principibus,
2849 3129 2901 3174 et
2943 3118 3275 3174 doctissimis
3323 3115 3612 3191 aliis’viris

322 3209 540 3267 Italiam
561 3224 839 3275 reversus,
877 3223 940 3264 ac
972 3209 1320 3264 llieraeensis
1356 3209 1705 3280 episcop'ttus
1735 3209 1918 3280 digni-
1944 3191 1988 3250 (ἶ
2023 3214 2421 3268 condemnatus
2448 3221 2552 3266 est.
2585 3231 2614 3264 r
2644 3212 2748 3266 Sed
2778 3219 2831 3266 et
2877 3212 3019 3266 idem
3078 3209 3170 3277 qui
3202 3223 3365 3277 supra
3405 3206 3612 3260 Canta-

324 3311 438 3356 tate
457 3309 510 3354 et
554 3299 761 3353 honore
784 3300 1010 3369 potitus,
1058 3299 1462 3368 queislaterat,
1483 3297 1797 3355 Graacorum
1832 3316 1924 3356 er-

315 3407 481 3450 rores
507 3391 861 3456 recantando,
889 3390 1214 3446 exsulllavit.
1241 3392 1318 3446 Ex
1349 3405 1460 3461 quo
1486 3391 1828 3461 mquivocum
1855 3393 1922 3449 de

319 3482 524 3552 duplici
560 3481 846 3537 Barlaamo
883 3484 1022 3552 apud
1049 3481 1294 3537 eruditos
1323 3482 1561 3551 irrepsit,
1587 3481 1680 3552 qui
1713 3493 1917 3551 tamen,

316 3576 523 3631 Allatio
554 3583 716 3641 teste,
755 3585 1044 3643 nugantur.
1095 3590 1112 3625 t
1156 3571 1291 3630 llinc
1321 3573 1503 3641 plane,
1549 3575 1650 3638 ait,
1712 3575 1908 3644 nugari

319 3668 600 3730 videntur,
650 3666 744 3735 qui
783 3681 906 3720 cum
966 3680 1072 3718 non
1111 3664 1906 3734 intelligantquemadmodum

317 3774 469 3814 unus
504 3759 771 3827 idemque,
813 3765 866 3810 et
920 3769 1020 3827 pro
1069 3755 1225 3809 Rom.
1262 3755 1502 3811 Ecclesia
1536 3764 1726 3810 contra
1758 3756 1911 3811 Grae—

320 3868 444 3918 cos,
477 3861 531 3906 et
556 3865 654 3922 pro
685 3849 890 3904 Gzaecis
921 3856 1109 3904 contra
1141 3849 1302 3904 Rom.
1338 3848 1639 3904 Ecclesiam
1665 3850 1907 3914 scripse-

319 3948 417 4008 ι’ἰι,
445 3945 584 3998 duos
615 3942 930 3996 Barlaatnos
960 3941 1340 4005 constituunt;
1373 3949 1427 3996 et
1458 3956 1544 4002 ea.
1575 3956 1698 4010 quae
1720 3950 1910 3996 contra

321 4036 552 4092 Latinos
584 4041 709 4090 sunt
751 4035 818 4088 ab
856 4031 1176 4088 Hieracensi
1202 4033 1307 4090 isto
1343 4042 1649 4098 semovent,
1681 4040 1736 4088 et
1764 4032 1910 4097 aliis,

324 4129 514 4184 nescio
541 4127 759 4196 quibus,
792 4141 928 4196 quos
962 4142 1060 4182 nec
1085 4127 1188 4197 ipsi
1223 4127 1420 4193 sciant,
1447 4127 1746 4184 vindicant.
1791 4127 1912 4182 Dis-

327 4223 581 4290 tinguant
627 4230 895 4291 tempora.
940 4221 1258 4276 Barlaamus
1305 4222 1778 4292 Constantinopoli
1811 4223 1909 4276 de-

326 4330 491 4384 gens,
531 4313 806 4378 doctrina,
838 4322 890 4368 et
916 4312 1100 4366 favore
1135 4313 1465 4383 principum,
1496 4321 1677 4380 et.spc
1725 4326 1908 4365 rerum

320 4422 592 4462 novarum
630 4391 885 4470 laetatus,
908 4403 1219 4461 Crtecorum
1247 4405 1532 4460 erroribus
1563 4404 1771 4469 favens,
1804 4404 1909 4458 La-

2025 3319 2265 3361 cucentts
2332 3324 2345 3360 :
2410 3324 2428 3356 ι
2468 3304 2756 3360 Postremo
2830 3304 3135 3372 imperator
3192 3309 3241 3355 et
3303 3298 3613 3368 patriarcha

2025 3404 2288 3463 utrosque
2332 3393 2399 3450 de
2455 3410 2586 3463 pace
2619 3403 2676 3448 ut
2710 3394 2997 3464 oportebat
3044 3390 3288 3455 allocuti,
3341 3387 3612 3460 synodum

2024 3488 2372 3543 dimiserunt.
2393 3486 2713 3541 Barlaamus
2742 3485 2888 3540 haud
2920 3485 3138 3554 longum
3169 3492 3381 3550 tempus
3409 3483 3614 3551 Byzan-

2015 3580 2075 3633 tii
2123 3590 2386 3645 moratus,
2424 3579 2757 3646 imperatore
2805 3577 2952 3630 brevi
3002 3577 3290 3638 defuncto,
3329 3587 3502 3639 teque,
3551 3581 3611 3624 ut

2016 3672 2169 3740 prius
2202 3671 2267 3724 de
2295 3671 2561 3740 dogmatis
2588 3669 2737 3723 litem
2765 3668 2950 3731 movit,
2971 3667 3240 3736 judicium
3275 3663 3427 3718 valde
3457 3663 3610 3716 clan-

2014 3762 2229 3818 dicasse
2251 3762 2540 3816 clamitans
2570 3780 2582 3827 ;
2620 3771 2673 3817 et
2701 3762 2988 3830 aufugiens
3019 3761 3070 3813 in
3101 3759 3331 3817 Italiam.
3361 3773 3484 3812 cum
3511 3757 3613 3809 l.a-

1996 3842 2166 3920 tinis,
2203 3861 2263 3906 ut
2307 3861 2490 3917 antea,
2532 3853 2724 3918 sensit,
2785 3851 2854 3905 ab
2900 3850 3089 3915 eisque
3123 3847 3364 3902 Hieracis
3394 3847 3612 3914 episco-

2017 3961 2117 4016 pus
2151 3955 2365 3999 ereatus
2385 3954 2487 3999 est.
2522 3965 2539 3997 ι
2580 3943 2657 3997 Ex
2687 3960 2795 4013 quo
2833 3950 3108 3998 assertum
3145 3942 3210 3994 de
3241 3939 3442 4008 duplici
3475 3939 3610 3991 Bar-

2019 4037 2199 4092 laamo
2230 4037 2417 4091 labare
2445 4037 2736 4091 manifeste
2776 4035 2986 4103 colligit
3023 4033 3401 4102 Mainiburgus
3431 4050 3445 4084 :
3479 4050 3498 4081 ι
3538 4032 3612 4084 Ge

2020 4129 2290 4196 Barlaam,
2323 4131 2414 4200 qui
2447 4140 2532 4186 est
2562 4143 2764 4184 encore
2793 4130 3137 4182 maintenaut
3175 4143 3246 4181 un
3282 4126 3454 4197 grand
3485 4139 3613 4194 pro-

2019 4222 2196 4278 bléme
2229 4229 2384 4278 entre
2412 4223 2489 4277 les
2522 4237 2752 4290 seavans
2773 4261 2786 4286 ,
2819 4221 2950 4276 dont
2981 4221 3060 4275 les
3091 4235 3195 4275 uns
3233 4219 3451 4275 venient
3481 4216 3610 4287 qu’il

2021 4315 2126 4371 soil
2152 4315 2578 4384 schismatique,
2609 4323 2662 4370 ct
2693 4315 2770 4370 les
2793 4323 2978 4369 autres
3007 4312 3343 4381 catholiqne,
3371 4309 3502 4365 étoit
3537 4324 3612 4360 un

2022 4409 2206 4463 moine
2237 4409 2528 4475 calabrais,
2565 4409 2659 4478 qui
2693 4408 2829 4462 dans
2856 4407 2908 4461 la
2942 4404 3111 4461 vérité
3137 4405 3217 4459 fut
3244 4406 3354 4458 l‘nn
3403 4415 3456 4458 et
3478 4402 3613 4456 I’au-

326 4501 474 4556 tinos
506 4500 817 4569 oppugnat;
841 4497 1051 4566 ejectus
1084 4497 1501 4567 dill'amatusque
1524 4497 1578 4551 in
1608 4495 1910 4559 Grazcia,tn
1947 4495 1991 4550 D
2023 4508 2123 4563 tre,
2145 4515 2307 4570 parce
2324 4499 2452 4569 qu‘il
2485 4500 2723 4569 changea
2749 4499 2884 4554 trois
2915 4497 3016 4552 fois
3045 4496 3111 4550 dc
3140 4495 3389 4565 religion,
3423 4513 3440 4546 ι
3469 4503 3610 4557 etc;

323 4593 545 4649 Italiam
581 4607 851 4658 reversus,
878 4601 931 4648 et
964 4590 1320 4660 dignitatibus
1340 4600 1552 4654 auctus,
1592 4592 1923 4659 neingratus

327 4701 454 4741 esse
521 4685 797 4741 videretur
854 4693 910 4738 et
973 4679 1115 4738 forte
1159 4684 1324 4739 etiam
1400 4700 1524 4738 verc
1576 4683 1922 4752 tirmiterque

327 4778 552 4848 sapiens
592 4779 645 4831 in
671 4777 924 4833 defensos
954 4791 984 4830 a
1013 4793 1072 4832 se
1097 4775 1334 4845 primum
1364 4774 1584 4830 Graecos
1616 4775 1915 4839 invehitur,

2033 4593 2388 4662 sequiturque
2438 4592 2544 4646 late
2592 4600 2785 4646 auctor
2830 4591 2895 4644 de
2931 4593 3124 4646 eodem
3169 4602 3394 4642 narrare
3427 4586 3481 4639 in
3514 4601 3614 4639 sua

2036 4687 2274 4740 Histoire
2297 4686 2370 4739 du
2393 4686 2616 4740 sellisme
2636 4685 2726 4739 des
2760 4683 2938 4750 Grecs,
2967 4693 3102 4739 tom.
3134 4682 3200 4743 ll,
3235 4698 3359 4752 pag.
3395 4696 3521 4735 ccx.

339 4921 664 4992 qcauebatur
693 4918 970 4974 Barlaami
1026 4916 1254 4987 Operam
1309 4918 1658 4983 enumeratio,
1691 4931 1851 4985 quam
1874 4922 2121 4994 accurate
2147 4914 2341 4983 prtt'bel
2372 4913 2657 4969 Fabricius
2716 4929 2840 4967 mos~
2874 4911 3237 4976 adducendus,
3271 4921 3319 4964 et
3371 4909 3484 4961 ideo
3526 4907 3612 4990 hic

1829 4994 2121 5038 οηιιιιιειιν.
