4064 6456
373 350 505 416 121.7

1725 337 1872 400 PRO
1906 335 2228 400 LATlNlS.

2452 229 2479 249 ς

3478 329 3610 391 1'28

369 477 578 532 sapere.
606 456 876 524 Quoniam
921 470 1051 510 vero
1079 465 1133 511 et
1166 470 1194 509 a
1219 451 1330 508 Deo
1356 453 1520 521 hujus
1560 452 1684 506 mali
1719 449 1939 505 solutio-
1969 457 2014 514 Α
2045 449 2333 503 subsecuta
2382 457 2528 506 sunt,
2557 444 2856 510 accidentia
2893 441 3106 510 utrique
3142 441 3298 508 parti,
3347 454 3606 507 qnmenn—

371 571 493 610 nem
537 551 810 622 postulare
858 559 1094 619 oportet,
1124 559 1170 603 et
1211 562 1297 613 ea,
1346 562 1466 614 qua:
1511 560 1574 598 ex
1604 544 1760 598 nobis
1810 551 1938 596 sunt

371 647 658 709 eonlerre,‘
701 644 783 696 lex
835 644 980 695 enim
1035 645 1146 694 haec
1175 651 1259 694 est
1317 639 1514 693 divina:
1563 635 1936 706 providentiae,

375 737 580 791 nullum
611 749 799 788 eorum
835 733 1123 795 bonorum,
1160 745 1282 798 quae
1313 728 1364 782 in
1391 729 1543 782 nobis
1569 737 1714 792 sunt,
1751 727 1936 795 perﬁci

373 843 552 898 posse,
589 815 692 882 nisi
724 835 1015 879 concurrat
1035 824 1196 879 simul
1221 839 1344 876 cum
1370 821 1553 875 divino
1575 819 1935 888 beneplaeito,

371 917 530 968 etiam
555 923 751 968 nostra:
771 913 1008 966 electiva’.
1043 911 1336 964 voluntatis
1366 923 1619 962 assensus
1644 925 1658 958 :
1688 921 1938 960 necessa-

374 1007 512 1058 rium
543 1013 644 1067 est,
679 1017 870 1056 omnes
898 1001 1116 1070 quidem
1149 1003 1347 1054 mentis
1382 998 1730 1063 indagatione
1774 997 1935 1066 hujus

373 1094 682 1146 schismatis
711 1105 926 1153 causas,
953 1100 1007 1144 et
1035 1091 1204 1158 prima
1260 1087 1519 1156 principia
1561 1087 1856 1154 inquirere;
1889 1092 1938 1137 et

375 1182 572 1253 utrum}
596 1181 766 1238 solius
825 1179 1128 1234 communis
1165 1178 1369 1232 inimici
1428 1177 1646 1230 malitia:
1703 1176 1808 1228 hoc
1858 1184 1939 1229 est

374 1274 608 1338 malum;
677 1289 743 1326 an
783 1273 949 1326 etiam
979 1270 1150 1325 amba;
1187 1270 1374 1324 divisa
1424 1278 1605 1338 partes
1655 1268 1938 1334 culpanda:

377 1378 524 1429 sunt,
546 1381 614 1420 an
647 1367 818 1420 altera
853 1371 1061 1418 tantum
1098 1364 1150 1416 in
1185 1375 1352 1417 causa
1382 1373 1485 1415 est:
1511 1359 1784 1429 singulum
1811 1373 1940 1411 vero

375 1457 705 1521 credentem,
753 1469 812 1510 se
837 1455 1001 1522 hujus
1027 1453 1156 1508 mali
1209 1467 1430 1506 causam
1491 1451 1784 1510 invenisse,
1830 1464 1939 1500 non

375 1549 558 1619 pigere
590 1561 743 1602 suam
773 1555 978 1614 partem
1009 1545 1072 1598 ad
1117 1543 1458 1598 curationem
1495 1539 1767 1602 conferre,
1822 1539 1942 1592 dic-

375 1644 563 1704 tando,
591 1635 1305 1708 disputando,consulendo,
1335 1632 1676 1702 impellendo.
1706 1641 1758 1684 et
1783 1639 1943 1698 prout

378 1732 750 1800 unusquisque
796 1729 1022 1798 adeptus
1057 1739 1141 1782 est
1189 1727 1436 1780 ordinem
1477 1725 1560 1777 vel
1605 1723 1940 1775 facultatem.

2041 557 2150 611 que
2189 541 2355 596 divini
2393 537 2733 607 bene-placiti,
2761 547 2810 590 et
2845 549 3181 604 quocunque
3231 531 3612 598 perniissionis

2042 633 2157 698 Dei,
2185 643 2240 688 ut
2275 630 2659 701 indignationis
2695 629 3148 683 manifestissima:
3173 642 3294 680 esse
3340 625 3612 691 videntur,

2039 724 2351 781 consimilia
2387 723 2642 784 viderem,
2712 725 2790 776 vel
2825 738 3010 791 parum
3079 717 3414 774 dissonantia
3445 733 3460 769 :
3497 732 3614 769 cer-

2039 826 2093 870 te
2124 827 2216 870 aut
2269 817 2458 870 ambas
2517 827 2695 886 partes
2736 812 3051 870 dill'erentiaa
3109 811 3270 879 hujus
3328 821 3611 860 causarem

2041 909 2340 978 aequaliter,
2389 920 2483 963 aut
2519 922 2782 963 neutram.
2814 908 2966 962 Nune
3018 916 3196 959 autem
3223 917 3345 957 eum
3373 899 3606 953 maxima

2041 1001 2113 1053 sit
2169 1000 2532 1053 accidentium
2578 999 2905 1061 differentia,
2953 1013 3138 1065 cogor,
3188 1010 3350 1049 unam
3402 1001 3610 1061 partem

2041 1093 2381 1147 innocentem
2423 1093 2720 1156 dimittens,
2767 1093 2830 1144 ad
2887 1091 3108 1144 alterum
3169 1099 3380 1144 tantunt
3442 1096 3608 1141 totam

2043 1181 2257 1250 culpam
2283 1187 2598 1238 transferre.

2116 1273 2332 1328 Duabus
2355 1276 2499 1328 enim
2527 1275 2915 1329 exsistentibus
2934 1272 3204 1343 partibus,
3233 1287 3338 1326 una
3363 1284 3482 1340 quin
3512 1269 3614 1323 sub

2042 1364 2283 1419 Ecclesia
2317 1365 2557 1420 RUIIIaLia
2589 1367 2884 1420 constituta
2935 1376 3042 1429 est,
3087 1365 3254 1417 altera
3289 1377 3435 1420 vero,
3491 1371 3615 1428 qua:

2044 1456 2112 1508 ab
2147 1455 2235 1508 illa
2266 1456 2435 1508 ditisa
2464 1469 2565 1521 est,
2598 1466 2832 1524 quatuor
2864 1457 3097 1510 maxima
3132 1456 3282 1523 signa
3311 1452 3402 1504 Dei
3447 1451 3609 1503 bene-

2043 1547 2226 1615 plaeiti
2256 1548 2308 1600 in
2348 1547 2454 1601 illis
2488 1559 2714 1617 possunt
2740 1549 2928 1614 videri,
2961 1562 3094 1616 pene
3119 1561 3249 1599 voce
3285 1558 3475 1614 magna
3503 1542 3617 1594 cla-

2047 1639 2271 1703 mantia,
2301 1639 2374 1693 illi
2396 1639 2645 1693 Ecclesia:
2671 1639 2835 1694 Deum
2854 1642 3200 1707 acquiescere
3225 1656 3239 1691 :
3262 1634 3507 1706 opposita
3533 1647 3618 1684 ves

2052 1747 2110 1782 ro
2136 1731 2262 1796 illis,
2299 1732 2524 1801 aequalia
2555 1749 2798 1792 numero.
2831 1735 3024 1787 divinae
3048 1729 3421 1802 permissionis
3451 1724 3507 1782 et
3531 1729 3618 1780 in-

385 1824 441 1878 Si
464 1825 629 1878 enim‘
649 1833 703 1876 et
722 1821 1085 1875 communiter
1115 1834 1224 1890 pro
1248 1821 1349 1872 hoc
1371 1815 1536 1870 Deum
1565 1815 1870 1873 orabimus.
1894 1825 1945 1868 et

2049 1822 2398 1890 dignationis,
2422 1835 2500 1877 \et
2539 1825 2694 1893 quasi
2738 1827 2962 1880 ultionis
3009 1823 3417 1880 evidentissima
3462 1821 3616 1889 signa

377 1914 729 1985 singulariter
759 1914 1009 1982 quilibet,
1052 1912 1194 1981 quod
1222 1927 1287 1966 ex
1319 1925 1378 1966 se
1405 1919 1510 1972 est,
1542 1908 1795 1963 conferre
1827 1919 1945 1961 stu-

381 2007 550 2074 debit,
593 2020 717 2076 spes
747 2020 856 2060 non
901 2020 1067 2076 parva
1101 2005 1205 2060 erit
1228 2003 1420 2060 lterum
1457 2001 1726 2056 malorum
1751 1999 1949 2054 libera-

381 2099 570 2154 tionis.

449 2191 562 2260 Ego
585 2191 767 2260 itaque
785 2188 1242 2260 quemadmodum
1265 2187 1405 2242 facta
1427 2188 1541 2242 haec
1558 2187 1944 2249 examinan'lo,

376 2299 541 2354 quam
570 2283 878 2338 schismatis
897 2296 1118 2337 causam
1145 2281 1351 2342 inveni,
1374 2287 1427 2333 et
1447 2279 1514 2332 ad
1541 2294 1702 2347 quam
1726 2277 1942 2346 perveni

376 2374 1245 2451 conclusionem,communicare
1273 2372 1424 2426 vobis
1455 2371 1726 2425 antieabili
1761 2371 1945 2433 modo,

373 2469 628 2539 quoniam
660 2469 886 2522 cuilibet
907 2468 972 2520 ad
1003 2467 1164 2520 verba
1196 2465 1379 2519 venire
1407 2479 1642 2533 nequeo,
1677 2464 1827 2516 nulla
1865 2465 1946 2530 pi-

374 2560 537 2628 gritia
596 2559 896 2623 recusabo,
945 2557 1241 2626 deprecans
1312 2569 1755 2624 unumquemque
1826 2569 1948 2607 ves-

374 2661 544 2714 trum,
594 2661 655 2705 It
682 2661 901 2721 propter
927 2665 1218 2705 commune
1249 2649 1472 2711 bonum,
1503 2658 1554 2700 et
1579 2648 1946 2701 commander

376 2741 690 2810 expediens,
723 2756 828 2795 non
870 2741 1050 2810 pigeat
1096 2752 1248 2800 eum,
1270 2739 1314 2792 si
1343 2746 1543 2806 potest,
1579 2737 1814 2804 idipsum
1869 2738 1945 2790 l'a-

375 2845 522 2894 cere.
544 2840 600 2888 et
637 2831 768 2885 mihi
801 2831 880 2886 sic
911 2831 1134 2896 volenti,
1159 2829 1462 2900 spiritualis
1483 2828 1650 2898 gratia
1675 2829 1944 2891 utilitatis,

379 2939 493 2978 rem
521 2923 946 2978 communicare.

452 3011 643 3084 Itaque
673 3015 719 3069 si
751 3015 1047 3070 schismate
1087 3027 1214 3067 mox
1242 3012 1517 3077 inchoato,
1563 3027 1685 3080 quae
1710 3027 1772 3064 ex
1815 3022 1944 3063 tunc

2050 1918 2388 1984 exsistentia,
2421 1918 2474 1972 in
2501 1917 2705 1986 reliqua
2738 1929 2886 1986 parte
2907 1920 3184 1973 videntur.

2121 2006 2184 2059 Et
2213 2018 2316 2061 uta
2343 2010 2566 2061 minimo
2586 2019 2822 2082 quatuor
2855 2008 3126 2072 exordiar,
3148 2004 3380 2075 primum
3401 2001 3623 2057 univer-

2049 2111 2106 2149 sa
2143 2097 2230 2151 illa
2260 2115 2391 2168 gens
2421 2102 2649 2169 legibus,
2683 2102 2882 2172 quibus
2908 2100 3070 2152 etiam
3095 2096 3412 2151 tenuissima
3470 2091 3620 2146 acci-

2049 2187 2292 2242 dentium
2325 2193 2604 2248 hominum
2635 2193 3013 2249 cmnmunitnti
3038 2192 3293 2246 distincta
3320 2185 3619 2256 sunt.regi-

2050 2285 2137 2330 tur
2161 2289 2212 2332 et
2233 2279 2662 2336 administratur.
2685 2282 2826 2337 Nili-il
2859 2281 3333 2335 indoterminatum
3357 2275 3497 2344 apud
3524 2287 3619 2327 eos

2049 2377 2153 2431 est,
2173 2371 2309 2424 nihil
2336 2372 2696 2426 inordinatum
2727 2389 2741 2436 ;
2769 2375 2860 2428 sed
2886 2373 3116 2440 qualiter
3147 2377 3363 2438 oportet
3388 2381 3445 2419 se
3464 2379 3618 2435 gere-

2047 2472 2128 2524 re,
2158 2469 2210 2514 et
2243 2460 2586 2518 dominantes
2617 2465 2756 2517 inter
2783 2477 2861 2524 se,
2891 2474 2947 2516 et
2970 2478 3090 2514 cum
3119 2476 3221 2515 suo
3249 2457 3539 2528 principio,
3563 2465 3617 2508 et

2047 2566 2172 2603 cum
2210 2552 2316 2617 his,
2348 2557 2440 2624 qui
2478 2556 2856 2610 tantummodo
2886 2555 3086 2609 subditi
3109 2561 3253 2614 sunt,
3283 2560 3443 2619 atque
3472 2561 3622 2602 com-

2051 2657 2212 2695 mune
2268 2646 2594 2712 principium
2653 2661 2776 2700 cum
2821 2647 3077 2700 omnibus
3133 2641 3505 2702 inferioribus,
3565 2639 3619 2692 iu

2049 2735 2291 2800 quolibet
2321 2737 2714 2802 accidentium;
2743 2747 2796 2792 et
2831 2738 2981 2807 ipsos
3009 2735 3256 2791 subditos
3279 2733 3420 2787 inter
3445 2747 3525 2796 se,
3566 2741 3624 2786 et

2049 2845 2171 2884 cum
2205 2830 2538 2900 majoribus;
2570 2839 2623 2884 et
2667 2829 2794 2898 quid
2822 2844 2849 2882 a
2883 2829 3125 2897 quolibet
3161 2827 3483 2896 exigendum
3513 2833 3617 2879 est.

2047 2921 2323 2990 quomodo
2352 2921 2542 2975 delicta
2569 2921 2840 2990 punienda
2868 2931 3018 2982 sunt,
3047 2928 3100 2972 et
3151 2917 3428 2972 benefacta
3484 2929 3621 2983 prie-

2049 3014 2286 3074 tnianda,
2319 3022 2370 3065 (-t
2399 3013 2518 3082 quis
2555 3013 2744 3066 ltorum
2775 3012 3218 3082 "examinationis
3249 3011 3474 3065 modus:
3507 3010 3622 3062 haec

1487 3169 1840 3226 BARLAAMI
1869 3169 2147 3226 CONTRA
2181 3167 2500 3223 LATINOS.

384 3291 488 3362 ρεῖ,
515 3264 698 3343 ούκέτι
727 3288 882 3356 λόγος
923 3290 1057 3359 πρὸς
1092 3289 1301 3341 τοῦτον.
1348 3285 1517 3340 Τοῦτο
1546 3287 1658 3354 ἐγὼ
1705 3289 1806 3338 κάν
1835 3290 1944 3349 τοῖς
1975 3295 2018 3354 C
2049 3286 2134 3338 λαὶ
2170 3286 2265 3339 καὶ
2289 3285 2348 3338 αἱ
2394 3289 2640 3355 μερικαὶ,
2674 3284 2734 3338 αἴ
2763 3302 2820 3337 τε
2855 3284 2962 3337 τῶν
3013 3284 3326 3338 ἀποστόλων
3364 3283 3621 3353 Πράξεις,

386 3379 868 3448 ἐκκλησιαστικοῖς
901 3379 1121 3432 σκοπῶν
1142 3378 1346 3448 βλέπω.
1385 3380 1541 3432 Ὅσοι
1569 3380 1677 3449 γὰρ
1705 3381 1818 3441 ταῖς
1853 3380 1947 3430 αύ-

378 3470 500 3530 ταῖς
529 3468 730 3538 ἀρχαῖς
757 3467 1031 3538 χρώμενοι
1057 3468 1358 3535 φαίνονται,
1399 3466 1606 3531 τούτοις
1633 3467 1802 3537 δήπου
1824 3469 1948 3537 περὶ

384 3560 587 3622 παντὸς
616 3561 710 3612 τοῦ
745 3559 1101 3628 προτεθέντος
1133 3559 1359 3612 δυνατὸν
1393 3561 1448 3621 ἐς
1502 3559 1694 3624 λόγους
1741 3559 1946 3610 ἐλθεῖν’

377 3647 460 3716 οἷς
485 3652 543 3707 δέ
567 3651 665 3721 οὐχ
690 3653 747 3705 αἱ
778 3651 939 3704 αὑταὶ
979 3651 1381 3721 ὡμολόγηνται,
1415 3650 1677 3704 ἀδύνατον
1709 3651 1945 3713 πάντως.

395 3743 718 3810 Ἀναγκαῖον
749 3743 878 3812 ἄρα,
905 3742 954 3793 εἰ
977 3741 1266 3810 μέλλοιμεν
1305 3741 1433 3810 περὶ
1471 3742 1580 3793 τῶν
1610 3742 1814 3810 μεταξύ
1853 3741 1918 3811 Cr;
1939 3771 1950 3781 ι

382 3835 666 3904 τουμένων
695 3835 888 3900 λόγους
923 3836 1118 3899 κινεῖν,
1159 3835 1254 3895 τὰς
1289 3833 1458 3895 αὑτάς
1517 3834 1691 3902 ἀρχὰς
1749 3833 1944 3902 ὁμολο-

377 3929 518 3994 γεῖν·
554 3931 602 3980 εἰ
627 3926 686 3979 δέ
712 3925 808 3996 μὴ,
847 3927 1106 3996 ἑκάτερος
1142 3925 1472 3994 ἐφήσυχίας
1514 3925 1750 3995 μενέτω.
1798 3925 1948 3976 Ἐπεὶ

377 4020 437 4072 δέ
467 4021 532 4073 σὺ
564 4018 743 4082 καλῶς
779 4018 948 4071 ποιῶν
983 4016 1319 4087 ὁμολογήσας
1381 4016 1488 4086 ἢδη
1520 4017 1835 4084 τυγχάνεις,
1872 4017 1946 4078 ὡς

377 4113 476 4174 τάς
510 4111 610 4182 μὲν
633 4109 829 4181 ἀρχὰς,
853 4113 946 4166 καὶ
975 4112 1043 4164 τά
1081 4113 1145 4163 ἐκ
1163 4109 1367 4162 τούτων
1384 4109 1561 4178 ὀρθῶς
1613 4108 1945 4176 δεικνύμενα

381 4201 675 4272 φυλάττεις
699 4216 715 4229 ·
757 4201 791 4255 ἃ
813 4202 869 4255 δέ
903 4201 1112 4265 τούτοις
1139 4202 1289 4254 ἐστὶν
1318 4199 1635 4263 ὑπεναντία,
1668 4201 1726 4252 οὐ
1766 4218 1946 4268 παρα-

377 4299 532 4368 δὲχῃο
555 4299 667 4352 δεῖν
697 4297 884 4368 ᾠήθην
913 4296 1218 4364 ἀδελφικῶς
1259 4312 1319 4348 τε
1350 4295 1445 4349 καὶ
1477 4294 1708 4364 φιλικῶς
1749 4298 1808 4346 ἐκ
1843 4296 1948 4346 τῶν

383 4390 564 4441 αὐτῶν
593 4389 922 4459 ὡρμημένος
957 4389 1165 4459 ἀρχῶν,
1202 4387 1414 4458 βραχέα
1447 4403 1529 4440 σοι
1571 4388 1702 4457 περὶ
1741 4380 1952 4440 ὦνδια-

347 4478 678 4551 ’φερόμεθα,
732 4479 1026 4532 διαλαϐεῖν.
1091 4480 1294 4547 Δέομαι
1360 4477 1414 4530 δὲ
1467 4477 1568 4548 τῆς
1631 4481 1946 4545 παναγάθου

378 4569 516 4622 Θεοῦ
561 4569 972 4638 φιλανθρωπίας
1031 4569 1118 4621 ἵνα
1189 4568 1403 4639 φωτίσῃ
1463 4570 1792 4638 ἀμφοτέρων
1857 4572 1946 4620 τὸν

2053 3375 2146 3430 τοῦ
2175 3377 2440 3444 Θεολόγου
2472 3378 2504 3446 ἡ
2553 3377 2940 3445 Ἀποκάλυψις,
2995 3377 3218 3439 κανόνες
3245 3375 3355 3428 τῶν
3388 3376 3626 3428 ἀποστὸι

2051 3474 2179 3537 λων,
2221 3476 2270 3527 οε
2333 3473 2559 3536 κανόνες
2607 3472 2732 3524 τῶν’
2767 3472 2927 3526 θείων
2975 3471 3232 3537 Πατέρων
3279 3469 3457 3536 ἡμῶν,
3515 3469 3624 3520 τῶν

2051 3569 2109 3619 ἐν
2134 3569 2253 3628 ταῖς
2290 3567 2474 3634 ἁγίαις
2514 3566 2927 3633 οίκουμενικαῖς
2969 3564 3115 3614 ἐπτά
3166 3561 3408 3623 συνόδοις
3437 3562 3625 3613 συνελ.

2052 3658 2276 3710 υόντων.
2305 3649 2477 3711 Δῦται
2507 3658 2604 3726 μὲν
2637 3658 2693 3709 αί
2728 3655 2916 3726 ἀρχαί.
2953 3655 3048 3707 Ἐκ
3070 3652 3278 3711 τούτων
3300 3653 3356 3706 δὲ
3379 3652 3623 3722 ἐλέγχειν

2051 3748 2242 3810 ἄλλους
2265 3747 2324 3800 ού
2358 3747 2797 3818 παραιτήσομαι,
2827 3746 2920 3816 καὶ
2949 3744 3310 3813 ἐλεγχόμενος
3329 3745 3623 3810 καταδέξοο

2057 3857 2173 3908 μαι.

2649 3930 2900 3983 ΚΕΦΑΛ.
2932 3930 3004 3984 Β’.

2136 4020 2393 4090 Ἀρκτέον
2425 4022 2482 4074 δέ
2521 4038 2610 4090 μοι
2634 4014 2736 4074 ὧδε
2769 4020 2862 4075 τοῦ
2893 4023 3080 4090 λόγου.
3111 4022 3220 4093 Φῂς
3263 4021 3342 4075 ὅτι
3373 4019 3450 4090 τῷ
3514 4038 3618 4091 μα-

2051 4113 2227 4183 καρίῳ
2255 4115 2443 4182 Πέτρῳ
2468 4115 2496 4165 ὁ
2527 4113 2800 4184 Δεσπότης
2831 4113 2988 4184 ἡμῶν
3027 4113 3236 4186 Ἰησοῦς
3265 4113 3500 4184 Χριστὸς
3525 4113 3623 4182 τὴν

2053 4203 2250 4258 ἐαυτοῦ
2286 4205 2615 4276 Ἐκκλησίαν
2635 4207 3026 4277 ἐνεχειρίσατο,
3069 4207 3163 4260 καὶ⁹
3210 4205 3449 4274 ποιμένα
3484 4207 3621 4258 ταύ-

2053 4313 2152 4364 της
2179 4298 2273 4348 καὶ
2310 4296 2490 4348 κοινὸν
2526 4296 2850 4349 διδάσκαλον
2885 4297 3219 4351 καθεστάναι
3253 4297 3623 4361 ἐπέταξε,καὶ

2050 4389 2132 4441 δεῖ
2170 4388 2260 4440 τὸν
2301 4389 2519 4457 Ῥώμης
2557 4389 2879 4454 ἐπίσκοπον,
2910 4390 3156 4459 διάδοχον
3195 4389 3388 4442 τούτου
3421 4389 3622 4458 τυγχά-

2053 4497 2231 4538 νοντα.
2269 4479 2486 4532 πάντων
2519 4481 2760 4549 κρατεῖν,
2793 4482 3010 4534 πάντων
3048 4481 3258 4550 ἄρχειν,
3304 4480 3444 4532 κατά
3486 4481 3622 4534 πάν-

2054 4589 2162 4624 των
2195 4571 2386 4640 ἔχοντα
2444 4571 2712 4636 ἐξουσίαν,
2768 4573 2863 4624 καὶ
2924 4574 3032 4624 πᾶν
3079 4570 3258 4624 ὁτιοῦν
3309 4570 3620 4640 βουλομένῳ

380 4662 528 4726 νοῦν,
558 4663 653 4714 καὶ
690 4661 764 4730 δῷ
794 4663 920 4731 ἐμοὶ
956 4659 1056 4729 μὲν
1102 4631 1279 4731 ὀρθῶς
1311 4631 1515 4728 λέγειν,
1547 4631 1628 4712 σοὶ
1659 4631 1716 4712 δὲ
1767 4661 1946 4730 κρίσιν
1985 4631 2026 4684 D
2056 4662 2205 4716 ἐστὶν
2225 4631 2377 4733 αὐτῷ
2417 4631 2557 4716 κατὰ
2603 4631 2802 4734 πολλὴν
2835 4665 3083 4728 ἐξουσίαν
3121 4631 3489 4732 δογματίζειν,
3523 4631 3620 4716 καλ

381 4753 547 4824 ὀρθὴν
574 4752 684 4805 τῶν
725 4752 1055 4822 λεγομένων.
1107 4754 1306 4821 Δέομαι
1338 4752 1394 4804 δέ
1444 4751 1542 4820 τῆς
1576 4753 1670 4819 σῆς
1701 4753 1944 4822 ἀγάπης,
1987 4758 1992 4762 ”

385 4846 451 4899 ἵν’
483 4844 701 4900 ἐπειδὰν
730 4847 787 4898 ἐν
829 4845 940 4905 τοῖς
997 4844 1126 4915 παρ’
1181 4839 1314 4914 ἐμοῦ
1379 4845 1700 4913 λεγομένοις
1737 4845 1856 4913 ἴδῃς
1893 4861 1946 4895 τι

383 4937 494 4990 τῶν
535 4938 609 5008 μὴ
647 4935 995 5007 ἀρεσκόντων
1025 4953 1129 5000 σοι,
1172 4935 1388 5005 πρῶτον
1423 4935 1522 5004 μὲν
1573 4934 1944 5006 μακροθύμως

384 5030 518 5083 αὐτὸ
539 5030 813 5100 ἀναγνῷς,
835 5029 939 5092 ἓως
964 5029 1028 5081 ἂν
1059 5027 1372 5099 καταλάϐῃς
1395 5025 1490 5080 τοῦ
1523 5027 1816 5097 λεγομένου
1853 5028 1944 5079 τὸν

384 5120 528 5175 νοῦν·
559 5117 658 5174 εἶτ’
704 5123 988 5190 ἀναγάγῃς
1026 5121 1120 5171 ἐπὶ
1163 5117 1262 5181 τάς
1314 5121 1467 5188 κοινῇ
1515 5119 1946 5188 ὡμολογημένας

383 5211 579 5281 ἀρχάς.
615 5213 726 5264 Καὶ
756 5215 803 5264 εἰ
837 5212 970 5273 ἴδοις
1004 5212 1228 5272 ταύταις
1257 5210 1586 5278 διαφωνοῦν,
1615 5210 1647 5280 ἢ
1679 5211 1948 5264 ἐναντιού-

386 5319 573 5372 μενον,
615 5301 854 5368 ἐλεγξαι,
909 5302 999 5354 καὶ
1052 5299 1143 5352 τὸν
1193 5299 1417 5371 ἔλεγχον
1451 5298 1749 5370 προθύμως
1800 5299 1946 5363 δεξό-

385 5395 544 5463 μεθα.
573 5394 837 5461 Κρεῖττον
867 5394 972 5462 γάρ
1007 5392 1097 5446 ὑπ’
1126 5389 1356 5460 ἀδελφοῦ
1404 5390 1498 5442 καὶ
1527 5391 1684 5459 φίλου
1726 5390 1945 5460 ἐλέγχε-

385 5485 531 5548 σθαι,
569 5484 602 5554 ἢ
634 5486 741 5538 ὑπό
767 5502 860 5537 του
892 5485 1114 5538 ἀκούειν
1148 5486 1214 5537 τά
1250 5485 1718 5551 προσφιλέστατα.
1750 5484 1946 5550 ’Δναγ-

383 5579 538 5630 καῖον
574 5577 630 5629 δέ
666 5575 909 5647 ἡγοῦμαι
939 5569 1438 5644 αὖθιςύπομνῆσαί
1467 5591 1525 5626 σε
1575 5575 1684 5628 τῶν
1737 5576 1946 5645 ἀρχῶν.

382 5669 500 5724 Εἰσὶ
563 5671 620 5723 δέ
687 5668 886 5721 αὗται⁸
947 5669 1014 5722 τά
1061 5671 1305 5738 τέσσαρα
1350 5667 1682 5736 Εύαγγέλια,
1741 5671 1808 5720 τά
1842 5668 1950 5720 τῶν

387 5761 700 5814 ἀποστόλων
723 5759 1154 5830 συγγράμματα,
1192 5759 1252 5812 αῐ
1287 5775 1344 5812 τε
1393 5758 1681 5811 καθολικα“ι
1733 5759 1951 5809 ἐπιστο-

601 5857 871 5912 ΡΛτιιοι.
911 5855 1030 5912 Gn.
1079 5848 1195 5911 CLI

2059 4753 2249 4824 μηδενὶ
2284 4758 2501 4807 πάντων
2539 4753 2739 4818 ἐξεῖναι
2764 4758 2883 4816 ’τοῖς
2917 4756 3112 4824 ἐκείνῳ
3144 4755 3485 4824 δεδογμένοις
3524 4755 3619 4807 ἀν-

2055 4848 2286 4910 τειπεῖν,
2319 4845 2456 4899 ἀλλά
2513 4848 2722 4911 πάντας
2776 4847 3292 4916 ἁπολυπραγμόνως
3350 4847 3427 4908 ὡς
3484 4846 3620 4898 Θεοῦ

2058 4937 2244 5002 φωνάς
2271 4937 2340 4990 τὰ
2365 4938 2573 4989 ἐκείνου
2607 4937 2855 5006 δόγματα
2893 4937 3166 5007 δέχεσθαι.
3211 4935 3349 5003 Ἐγὼ
3405 4936 3483 4998 δὲ,
3538 4936 3621 4988 ὅτι

2060 5027 2162 5097 μέν
2189 5027 2217 5080 δ
2260 5027 2531 5096 μακάριος
2586 5029 2787 5098 Πέτρος
2845 5029 3134 5088 καθολικὸς
3191 5026 3397 5095 ποιμήν
3436 5041 3493 5076 τε
3527 5028 3624 5080 καὶ

2050 5118 2374 5182 διδάσκαλος
2400 5119 2618 5189 ἀπάσης
2649 5123 2746 5188 τῆς
2785 5122 2882 5173 τοῦ
2929 5121 3065 5172 Θεοῦ
3105 5118 3428 5187 Ἐκκλησίας
3456 5119 3618 5168 κατέ-

2055 5226 2176 5280 στη,
2206 5209 2349 5263 πάνυ
2376 5227 2439 5278 γε
2480 5211 2683 5279 ἀληθές
2707 5228 2882 5280 φημι·
2917 5213 2977 5263 οὐ
3043 5210 3150 5280 μὴν
3204 5209 3367 5271 αὐτός
3420 5224 3483 5276 γε
3521 5210 3616 5276 μό-

2054 5319 2165 5367 νος,
2186 5301 2303 5354 cur
2334 5303 2593 5371 ἰσοτίμως
2651 5304 2798 5372 αὐτῷ
2837 5305 2932 5357 καὶ
2984 5304 3094 5355 τῶν
3125 5301 3333 5354 δώδεκα
3367 5299 3619 5362 ἕκαστος.

2057 5395 2218 5464 Ἐχει
2288 5395 2395 5463 γὰρ
2458 5393 2621 5448 οὓτω.
2667 5395 2779 5459 Τάς
2832 5396 2978 5457 κλεῖς
3027 5394 3128 5462 τῆς
3189 5391 3470 5462 βασιλείας
3519 5394 3628 5444 τῶν

2053 5483 2298 5552 οὐρανῶν
2321 5485 2514 5536 δώσειν
2546 5484 2626 5554 τῷ
2679 5487 2874 5553 Πέτρῳ
2933 5485 3227 5552 ὑπέσχετο,
3282 5481 3376 5533 καὶ⁵
3419 5478 3622 5539 ταύτας

2056 5572 2197 5628 εἶναι
2226 5577 2325 5644 τὴν
2367 5577 2459 5628 τοῦ
2527 5577 2746 5645 δεσμεῖν
2783 5592 2842 5628 τε
2887 5575 2982 5627 καὶ
3029 5575 3179 5626 λύειν
3237 5571 3509 5638 ἐξουσίαν,
3555 5571 3622 5622 δι’

2058 5660 2132 5720 ῶν
2156 5667 2438 5736 ἐπήγαγεν
2477 5667 2766 5736 ἐδήλωσεν.
2815 5666 2978 5718 Ἀλλά
3034 5666 3143 5736 μὴν
3194 5664 3398 5735 ταύτην
3438 5678 3502 5730 γε
3531 5662 3627 5712 καὶ

2063 5759 2176 5818 τοῖς
2215 5755 2423 5819 λοιποῖς
2461 5758 2778 5818 ἀποστόλοις
2823 5757 3070 5820 δεδωκὼς
3106 5755 3380 5824 φειίιιεται.
3413 5756 3483 5810 Ὃ
3519 5770 3627 5823 γαρ

3226 5847 3300 5906 40
