4064 6452
478 303 648 376 ’1259

1644 312 2035 374 BABLAAMl
2079 315 2176 375 DE
2213 316 2656 384 SEMINARIA.

3634 319 3767 387 1560

504 421 691 478 omnia
720 428 774 476 et
804 434 1147 493 quaecunque
1189 420 1295 475 alia
1339 420 1623 476 hominum
1655 422 1800 478 inter
1825 439 1884 478 se
1910 424 2088 478 socie—
2115 432 2158 488 Α
2194 439 2301 497 tus,
2335 447 2456 500 quae
2510 447 2641 487 vero
2676 431 2836 504 hujus
2896 441 3260 503 sacramenta,
3284 441 3340 491 et
3373 434 3503 506 quid
3553 434 3677 492 boni
3702 453 3768 491 es

505 523 679 570 tatem
701 522 759 568 et
787 513 1243 568 communitatem
1273 512 1326 566 in
1346 527 1480 583 pace
1510 514 1746 567 maxime
1764 528 2094 570 conservare

497 606 714 668 .valent,
744 604 958 674 legibus
985 602 1126 673 apud
1153 604 1397 673 singulos
1415 605 1755 659 membratim
1783 606 2024 660 instituta
2042 617 2095 660 et

489 696 779 751 custodita
804 702 953 750 sunt.
982 693 1058 747 Ex
1081 710 1190 764 qua
1216 695 1395 765 legum
1417 696 1671 764 equitate
1691 694 1856 750 etiam
1895 709 2093 750 secun-

502 792 632 843 dum
652 788 826 843 Deum
860 786 996 841 velle
1017 785 1225 852 vivere,
1260 794 1329 862 et
1354 786 1669 857 evangelica
1686 801 1910 843 servare
1936 802 2093 842 man-

498 884 648 943 data,
683 877 896 933 facilius
927 891 959 930 a
988 875 1242 944 pluribus
1280 874 1360 930 (it.

492 994 497 999 -
571 968 671 1024 llic
695 976 1083 1024 autern-tolum
1136 968 1495 1022 contrarium.
1533 966 1601 1022 Et
1653 983 1723 1024 ne
1750 967 1964 1037 singula
2012 967 2097 1023 di-

499 1075 647 1126 cam,
690 1059 776 1115 lex
802 1069 886 1114 est
915 1059 995 1113 .in
1058 1058 1292 1129 singulis
1349 1057 1721 1128 potentiorum
1773 1058 1993 1115 licentia
2039 1069 2094 1115 et

498 1151 770 1205 voluntas.
809 1150 876 1206 Ut
905 1152 1050 1204 enim
1075 1149 1306 1219 quilibet
1333 1149 1733 1205 dominantium
1759 1144 1824 1205 all
1851 1153 2083 1220 pruden-

498 1246 630 1298 tiam
661 1258 723 1297 se
753 1242 919 1296 habet
948 1252 1004 1296 et
1029 1242 1355 1306 bonitatem,
1382 1242 1455 1296 ita
1485 1251 1540 1297 et
1562 1242 1705 1297 facta
1737 1244 2087 1298 subditorum

493 1331 844 1401 contingunt.
888 1330 963 1384 Es
992 1345 1111 1398 ,quo
1165 1337 1301 1398 quot
1367 1330 1595 1385 adversa
1654 1330 2086 1400 subsequuntur,

496 1436 604 1477 non
629 1430 842 1475 tantum
871 1419 1266 1489 rempublicam
1282 1418 1678 1484 subvertentia,
1696 1428 1750 1474 et
1766 1419 1981 1474 civilem
2008 1419 2088 1472 vi-

502 1521 611 1566 tam
644 1510 915 1575 ltedentia,
953 1524 1139 1563 verum
1172 1508 1336 1564 etiam
1366 1509 1760 1580 evangelicum,
1791 1511 1919 1578 quid
1947 1524 2087 1578 opus

500 1613 584 1658 est
609 1604 750 1673 apud
776 1601 1019 1657 scientes
1068 1598 1343 1655 recitare?
1374 1598 1550 1655 Unum
1581 1601 1800 1671 quidem
1852 1601 1956 1655 hoc
1978 1600 2084 1654 tale

495 1705 605 1751 est.

567 1785 882 1843 Secundum
914 1798 1067 1848 vero,
1127 1783 1273 1855 quod
1305 1793 1360 1841 et
1397 1784 1598 1854 majus,
1664 1782 1811 1853 quod
1874 1781 1929 1837 in
1973 1779 2080 1836 illis
2113 1790 2153 1845 Β

493 1879 715 1950 quidem
749 1877 1061 1947 evangelica
1085 1877 1337 1934 doctrina
1378 1880 1587 1948 ubique
1618 1874 1992 1945 viget,eurrit,
2023 1884 2080 1930 et

492 1972 906 2042 multiplicatur,
933 1983 986 2027 et
1014 1972 1272 2028 omnibus
1290 1973 1508 2027 divinus
1523 1984 1704 2025 sermo
1722 1970 2073 2038 praedicatur,

494 2082 600 2120 non
653 2067 829 2120 solum
862 2065 1006 2135 quod
1045 2080 1210 2136 quam
1245 2062 1484 2135 .plurimi
1515 2061 1698 2118 omnia
1722 2062 1959 2116 secunda
1992 2078 2076 2117 re—

492 2169 683 2230 putant
706 2173 833 2230 erga
871 2173 1085 2214 sacram
1113 2157 1452 2228 Scripturam
1483 2154 1741 2221 studii,et
1765 2155 2074 2211 meditatio-

491 2252 579 2307 nis
604 2260 657 2306 et
676 2251 1000 2320 disciplinae,
1031 2248 1126 2304 sed
1157 2247 1305 2318 quod
1335 2245 1615 2316 et-ubique
1635 2245 2073 2303 multitudinibus

493 2360 587 2414 per
621 2344 896 2407 civitates,
924 2342 1104 2406 villas,
1159 2341 1359 2411 Oppida
1399 2348 1454 2396 et
1515 2337 1760 2402 castella,
1818 2347 1874 2393 et
1898 2339 1952 2395 in
1988 2356 2075 2395 sa-

490 2436 848 2505 eristemplis,
886 2446 940 2491 et
975 2436 1289 2503 ubicunque
1324 2431 1682 2487 inveniuntur
1725 2430 1887 2487 simul
1918 2431 2078 2487 multi

492 2524 791 2596 aggregati,
810 2520 1185 2594 etpraesertim
1212 2519 1420 2574 festivis
1438 2518 1652 2585 diebus,
1678 2517 1771 2587 qui
1798 2518 2079 2573 sciuntdi-

490 2614 618 2666 vina
643 2611 1201 2682 eloquia,pra;dieant
1220 2617 1579 2679 congruenter
1623 2608 1955 2664 audientium
1982 2608 2079 2663 ha-

493 2702 629 2759 bitui
660 2715 713 2757 et
744 2702 991 2773 loquele,
1024 2700 1329 2770 aperientes
1360 2699 1442 2753 eis
1468 2714 1577 2769 per
1607 2710 1775 2752 totum
1801 2714 2003 2752 annum
2031 2711 2087 2755 et

494 2794 792 2862 historiale,
840 2803 895 2850 et
915 2793 1278 2859 narrativum,
1316 2800 1371 2845 et
1399 2790 1722 2846 sententiale
1751 2798 1806 2844 et
1870 2791 2081 2846 morale

489 2886 688 2942 divinae
752 2885 1051 2957 Scriptura:
1090 2882 1288 2939 veteris
1321 2882 1523 2952 pariter
1568 2889 1622 2936 et
1650 2896 1823 2936 novae.
1867 2881 1930 2938 Et
1952 2885 2075 2951 quis

491 2987 610 3034 erat
672 2989 799 3034 apte
833 2977 1266 3034 incarnationem
1328 2973 1541 3030 Domini
1606 2973 1897 3027 hominum
1957 2983 2071 3029 stac-

2199 538 2263 577 ea
2305 524 2456 579 nobis
2481 523 2728 580 enectum
2767 534 2853 580 est
2879 541 2897 593 ;
2928 541 3047 596 quae
3077 537 3343 597 praecepta
3364 536 3415 582 et
3448 541 3565 597 qua
3589 528 3769 582 consi-

2198 613 2309 680 lia;
2334 625 2532 669 etcum
2597 615 2684 671 bis
2713 627 3026 674 sanctorum
3079 619 3218 674 vitas
3251 620 3305 673 in
3342 619 3614 683 natalitiis,
3640 619 3771 673 etsi

2197 708 2341 774 quod
2380 710 2610 762 alterum
2650 709 2716 764 ad
2774 710 3027 780 pietatem
3051 719 3105 766 et
3143 711 3392 766 virtutem
3437 720 3660 779 spectat,
3716 718 3772 762 et

2198 799 2264 853 ad
2331 811 2572 854 nostrain
2638 801 2872 855 salutem
2903 820 2917 859 :
2955 803 3027 856 ita
3050 815 3191 872 quoa
3221 803 3433 856 illorum
3490 802 3768 865 illitterati,

2197 906 2377 947 mares
2415 892 2581 947 simul
2613 903 2667 949 et
2701 894 2935 960 feminae,
2985 895 3120 949 nihil
3140 896 3320 951 minus
3352 894 3422 949 ab
3468 893 3550 948 bis
3579 893 3671 962 qui
3712 893 3771 945 in

2196 983 2393 1040 litteris
2417 986 2657 1049 student,
2692 987 2916 1044 habent:
2940 998 3083 1042 certe
3103 987 3155 1040 in
3189 986 3294 1052 his,
3319 1002 3437 1056 quae
3466 985 3518 1039 in
3553 1000 3770 1055 promp-

2194 1086 2252 1133 tu
2282 1091 2430 1144 sunt,
2456 1088 2511 1135 et
2541 1080 2606 1134 ad
2641 1080 2870 1135 salutem
2915 1082 3221 1136 necessaria
3271 1089 3468 1134 nostras
3491 1076 3769 1146 religionis

2193 1184 2247 1229 et
2275 1173 2395 1228 ﬁdei
2427 1190 2443 1241 ;
2467 1174 2560 1228 sed
2584 1175 2752 1228 verbo
2775 1174 3026 1238 studiosi,
3058 1175 3111 1228 in
3143 1172 3446 1243 super-ﬂuis,
3473 1185 3577 1224 non
3602 1173 3652 1223 in
3674 1186 3771 1223 nr-

2191 1267 2449 1324 cessariis
2482 1283 2514 1322 a
2542 1266 2769 1336 reliquis
2789 1266 3065 1320 differunt.
3090 1265 3167 1318 Ex
3227 1279 3336 1335 quo
3385 1262 3668 1331 contingit,
3702 1272 3768 1315 ut

2190 1373 2323 1427 gens
2355 1357 2447 1411 illa
2470 1358 2803 1417 moribus.ut
2837 1357 3131 1426 plurimum
3165 1357 3234 1410 sit
3266 1356 3490 1424 simplex
3531 1362 3586 1408 et
3609 1367 3766 1422 apir-

2191 1460 2266 1516 ta,
2290 1451 2533 1507 veritatis
2560 1451 2757 1516 amica,
2783 1450 2993 1505 lraudis
3013 1449 3255 1514 inimira,
3281 1458 3533 1502 constans
3556 1445 3605 1498 iu
3646 1444 3761 1499 suis

2182 1546 2428 1635 iudiciis,
2460 1546 2693 1610 stabilis,
2727 1546 2779 1599 in
2804 1544 3085 1599 conventis
3140 1545 3276 1596 inter
3303 1556 3361 1596 se
3410 1539 3600 1603 ﬁdelis,
3653 1553 3758 1591 non

2188 1628 2453 1692 vertibilts
2483 1646 2535 1691 et
2558 1635 2718 1691 lacile
2743 1635 3120 1695 iunnutabilis.
3149 1634 3216 1687 ad
3243 1631 3539 1702 periurium
3566 1628 3759 1682 tardis-

2182 1732 2417 1797 sima,et
2442 1731 2565 1794 title,
2597 1744 2718 1799 qua:
2743 1728 2797 1783 in
2826 1727 3103 1783 Christum
3129 1735 3214 1780 est
3233 1722 3537 1778 ﬁrmissima
3557 1729 3611 1775 et
3654 1716 3774 1819 fet-4‘

2180 1823 2525 1888 ventissima,
2544 1832 2596 1877 et
2618 1838 2713 1890 pro
2732 1823 2832 1876 hac
2852 1821 3014 1875 etiam
3035 1821 3200 1889 ipsum
3235 1818 3420 1880 vitam,
3445 1815 3489 1868 si
3512 1813 3760 1881 hoeopus

2184 1911 2375 1980 fuerit,
2413 1914 2641 1979 prodent
2666 1912 3029 1984 paratissima.
3089 1908 3187 1962 Hic
3202 1917 3379 1961 autem
3400 1960 3417 1967 _
3440 1904 3568 1973 quid
3591 1902 3613 1954 ί
3638 1911 3757 1956 stu-

2179 2008 2316 2063 diosi
2345 2008 2565 2078 quidem
2596 2005 2807 2061 dicendi
2832 2003 2995 2059 nimis
3018 2002 3173 2072 pauci
3196 2008 3357 2063 sunt;
3377 1997 3568 2051 borum
3585 1995 3757 2048 adhuc

2177 2104 2485 2172 pauciores,
2545 2102 2636 2171 qui
2681 2115 2892 2157 sacram
2944 2095 3273 2166 Scripturam
3314 2090 3484 2163 pluris
3530 2088 3751 2151 faciunt,

2175 2199 2422 2270 plurimis
2457 2209 2789 2267 paganorum
2822 2190 3068 2248 scientiis
3089 2188 3344 2242 libentius
3365 2197 3578 2252 operam
3622 2179 3742 2234 dan.

2182 2296 2350 2351 tibus.
2383 2292 2567 2347 Turba
2600 2304 2730 2345 vero
2753 2288 3028 2343 illitterata
3049 2282 3226 2338 omnis
3253 2282 3308 2335 in
3339 2275 3752 2342 eommunipro-

2181 2389 2369 2460 posita:
2401 2385 2656 2442 salutaris
2708 2380 2980 2438 sermonis
3011 2378 3273 2433 doctrinae
3312 2374 3557 2441 inexpers
3585 2382 3750 2421 rema—

2182 2478 2476 2543 net.Quare
2504 2489 2602 2543 pro
2627 2486 2735 2527 uno
2763 2472 2855 2541 qui
2882 2469 3018 2524 sciat
3070 2461 3508 2521 substantialiora
3554 2471 3748 2510 secun-

2180 2573 2309 2627 dum
2365 2585 2463 2625 nos
2513 2568 2747 2638 pietatis,
2803 2566 2972 2620 multa
3030 2561 3197 2616 millia
3251 2556 3473 2631 reperiri
3524 2557 3749 2623 possunt

2181 2678 2393 2728 eorum,
2431 2662 2523 2732 qui
2552 2658 2767 2730 penitus
2789 2656 3039 2726 ignorant
3056 2649 3451 2709 Christianismi
3475 2647 3743 2735 virtutem.

2184 2759 2259 2812 Ex
2291 2771 2400 2825 quo
2428 2755 2712 2823 contingit,
2746 2749 3023 2807 contrario
3043 2763 3192 2803 more
3227 2746 3337 2800 illis
3367 2745 3503 2801 hanc
3529 2755 3740 2815 gentem

2180 2850 2304 2906 εστι.
2316 2861 2424 2906 tam
2471 2862 2611 2905 esse.

2252 2967 2494 3019 Tertium
2526 2974 2706 3017 autem
2737 2971 2860 3033 post
2898 2964 3044 3028 haec,
3075 2961 3243 3016 nihilo
3277 2960 3451 3015 minus
3480 2958 3742 3029 prtetlictis

1626 3110 1979 3167 BABLAAMI
2004 3110 2285 3169 CONTRA
2314 3106 2637 3166 LATINOS.

489 3234 567 3288 ἂν
596 3231 850 3298 δήσητε,
883 3231 1073 3298 φησιν,
1099 3226 1199 3281 ἐπί
1222 3228 1340 3295 τῆς
1362 3225 1503 3296 γῆς,
1529 3225 1707 3280 ἔσται
1758 3225 2084 3297 δεδεμένον
2113 3235 2154 3292 C
2191 3243 2327 3298 χειν,
2358 3225 2496 3280 ἀλλὰ
2530 3226 2597 3297 τῇ
2619 3225 2909 3296 ταυτότητι
2959 3224 3326 3295 πραγμάτων,
3375 3222 3427 3277 τί
3477 3239 3556 3276 σοι
3593 3221 3742 3275 δοκεῖ

491 3325 586 3379 καί
626 3324 697 3376 ἐν
720 3320 845 3387 τοῖς
876 3319 1191 3389 οὐρανοῖς,
1227 3319 1332 3373 καί
1378 3318 1409 3372 ὃ
1435 3318 1513 3372 ἂν
1559 3323 1795 3383 λύσητε
1826 3318 1926 3372 ἐπὶ
1968 3316 2081 3388 τῆς

494 3414 619 3486 γῆς.
642 3414 818 3468 ἔσται
837 3410 1185 3481 λελυμένον
1214 3411 1284 3465 ὲν
1335 3410 1460 3478 τοῖς
1497 3411 1801 3480 οὐρανοῖς.
1831 3412 1942 3465 Καὶ
1973 3410 2081 3464 πά-

490 3511 591 3569 λιν,
620 3505 844 3562 Λάϐετε
883 3503 1125 3573 πνεῦμα
1174 3503 1347 3573 ἅγιον
1367 3519 1380 3532 ·
1414 3503 1493 3556 ἄν
1522 3520 1706 3557 τινων
1746 3501 1942 3573 ἀφῆτε
1973 3501 2081 3567 τὰς

486 3598 792 3667 ἁμαρτίας,
814 3597 1093 3666 ἀφίενται
1109 3595 1339 3661 αὐτοῖς’
1367 3594 1444 3649 ἄν
1477 3611 1656 3648 τινων
1679 3594 1959 3664 κρατῆτε,
1976 3612 2073 3650 κε-

484 3692 832 3759 κράτηνται.
879 3689 1040 3743 Ἀλλὰ
1064 3688 1161 3742 καὶ
1194 3688 1294 3758 τὴν
1328 3688 1478 3757 ίερὰν
1518 3688 1615 3742 καὶ
1646 3687 2073 3757 μυστικωτάτην

485 3782 676 3836 θυσίαν
715 3784 776 3835 οὐ
808 3780 888 3851 τῷ
930 3781 1125 3850 Πέτρῳ
1164 3779 1331 3850 μόνῳ,
1364 3777 1503 3832 ἀλλὰ
1558 3781 1717 3849 κοινῇ
1751 3779 1921 3832 πᾶσιν
1946 3780 2071 3831 ἑπι-

481 3875 658 3929 τελιῖν
693 3875 977 3941 ἐπέταξεν.
1028 3871 1214 3928 Τοῦτο
1279 3873 1412 3942 γὰρ,
1478 3872 1634 3943 φησὶ,
1713 3869 1934 3925 ποιεῖτε
1984 3872 2072 3936 εις

481 3969 598 4035 τὴν
630 3965 788 4036 ἐμὴν
825 3965 1200 4036 ἀνάμνησιν.
1238 3964 1301 4016 Ei
1333 3963 1391 4016 δὲ
1423 3964 1521 4016 καὶ
1550 3963 1689 4034 πρὸς
1728 3964 1939 4033 Πέτρον
1971 3963 2068 4031 μό-

481 4077 573 4113 νον
597 4059 815 4130 εἴρηται
842 4058 922 4123 τὸ,
952 4057 1217 4126 [Io/pare
1249 4055 1324 4110 τὰ
1352 4054 1622 4125 πρόϐατά
1643 4073 1766 4125 μου
1793 4054 1928 4108 ’ἀλλ’
1971 4051 2066 4108 οὖν

402 4162 407 4171 '
483 4152 719 4222 δυνάμει
750 4150 846 4204 καὶ
875 4148 1013 4220 πρὸς
1032 4148 1169 4212 τοὺς
1218 4148 1442 4211 λοιποὺς
1470 4147 1638 4200 ταυτδ
1666 4146 1960 4213 διαϐαίνει,
1989 4146 2063 4210 ὡς

481 4246 542 4310 ἐξ
577 4244 761 4301 αὐτῶν
793 4246 912 4297 ἐστι
940 4243 1178 4315 φανερὸν
1207 4240 1317 4293 τῶν
1358 4239 1723 4311 πραγμάτων.
1759 4241 1824 4292 Ί’ί
1851 4242 1959 4311 γὰρ
1987 4237 2063 4293 ὧν

478 4342 508 4391 ὁ
542 4338 748 4408 Πέτρος
781 4336 977 4400 ἐποίει,
1010 4335 1129 4405 οὐχὶ
1153 4334 1248 4386 καὶ
1274 4332 1476 4395 πάντες
1540 4333 1815 4401 ἔπραττον
1854 4332 2012 4385 τοῦτο
2041 4348 2058 4397 ;

480 4432 636 4486 Μετὰ
681 4431 782 4497 τὴν
819 4428 914 4481 τοῦ
963 4427 1111 4481 θείου
1147 4424 1472 4496 Πνεύματος
1493 4423 1743 4488 κάθοδον,
1776 4424 1876 4477 οὐκ
1900 4425 2062 4486 ἄλλος

481 4522 612 4575 ἄλλο
642 4538 692 4574 τι
710 4520 810 4591 τῆς
829 4512 1156 4589 ὀίκουμένης
1187 4518 1353 4588 μέρος
1383 4514 1675 4578 διαλαϐὼν,
1694 4513 1821 4576 τοὺς
1852 4515 2061 4567 πεπλα-

480 4632 546 4684 νη
554 4615 748 4683 μένους
770 4612 1041 4677 ἐδίδασκε,
1058 4611 1155 4664 καὶ
1172 4611 1306 4672 τοὺς
1322 4608 1744 4677 ἐσκοτισμὲνους
1768 4606 2029 4675 ἐφώτιζεν
2048 4625 2063 4675 ;

479 4710 594 4763 Οὐκ
618 4707 917 4780 ἐκκλησίας
941 4705 1216 4771 καθίστα;
1254 4704 1316 4756 οὐ
1348 4700 1621 4771 πρεσϐυτέ
1631 4717 1759 4770 ρους
1787 4700 2061 4769 ἔκειροτό-

478 4817 600 4866 vet;
631 4799 732 4852 οὐκ
791 4797 1171 4861 ἐπισκόπους;
1203 4795 1265 4849 οὐ
1299 4792 1629 4857 διακόνους;
1681 4790 1818 4843 Πότε
1871 4791 1931 4842 δέ
1975 4806 2061 4853 τις

475 4884 571 4939 οὖν
596 4885 802 4939 τούτων
830 4885 926 4939 ἐπὶ
951 4884 1126 4938 ταῦτα
1154 4882 1501 4952 προτραπεὶς
1532 4878 1669 4949 πρὸς
1697 4879 1793 4932 τοῦ
1845 4880 2055 4950 Πέτρου

475 4972 629 5027 ταῦτ’
653 4975 902 5027 ἐπετέλει
929 4990 945 5038 ;
980 4974 1092 5043 Οὐχ
1111 4972 1350 5034 ἕκαστος
1381 4969 1565 5024 αὐτῶν
1582 4970 1683 5040 τὴν
1712 4971 1882 5038 αὐτὴν
1901 4972 2053 5040 παρὰ

473 5063 569 5115 τοῦ
610 5065 886 5117 Δεσπότου
914 5062 1156 5133 Χριστοῦ
1187 5059 1434 5131 εἰληφὼς
1485 5059 1759 5128 ἐξουσίαν,
1793 5064 1888 5133 οἴῳ
1910 5062 1955 5114 δ’
1993 5066 2057 5115 αν

479 5157 634 5225 μέρει
670 5156 773 5226 τῆς
813 5155 1144 5224 οἰκουμένης
1200 5153 1470 5208 διδάσκων
1543 5153 1830 5223 ἐτύγχανε,
1887 5154 2057 5208 ταυτὰ

473 5247 699 5301 αὐτόθεν
736 5248 931 5311 ἐποίει,
958 5244 995 5300 ἃ
1029 5249 1121 5299 καί
1145 5246 1173 5296 6
1223 5245 1497 5316 μακάριος
1525 5246 1733 5316 Πέτρος
1764 5248 1824 5300 ὲν
1850 5241 1933 5309 οἷς
1967 5246 2058 5298 τὸ-

474 5356 598 5405 ποις
629 5339 1053 5409 εὐηγγελίζετο;
1096 5339 1158 5392 Ei
1180 5338 1238 5391 δὲ
1268 5341 1362 5393 καὶ
1393 5341 1494 5410 τῆς
1548 5339 1826 5410 ἡμετέρας
1889 5340 2049 5392 εὐσε-

473 5430 627 5492 ϐείας
655 5431 769 5483 ἐστὶ
798 5432 861 5483 τὸ
890 5430 966 5502 μὴ
989 5433 1053 5502 τῇ
1096 5431 1336 5504 διαφορᾷ
1371 5432 1482 5486 τῶν
1538 5431 1801 5505 ῥημάτων
1841 5431 2047 5502 προσέ’

544 5586 623 5653 (a)
655 5582 825 5639 Aliter
847 5586 1005 5655 plane
1033 5588 1281 5646 Barlaam
1310 5592 1595 5663 disputans
1624 5592 1889 5647 adversus
1920 5589 2036 5659 pri-

472 5669 679 5707 tnatum
714 5671 863 5725 papa:
910 5663 1050 5730 apud
1078 5661 1435 5719 Salmasiuui.
1480 5661 1638 5717 Hunc
1673 5663 1898 5717 consule
1923 5671 2035 5714 tra-

470 5733 676 5813 ctatum
702 5734 759 5780 ut
785 5731 997 5798 plenius
1028 5734 1383 5803 dignoscatur
1413 5732 1813 5790 sententiarum
1847 5731 2035 5787 diver-

2168 3317 2265 3399 τὺ,
2307 3317 2595 3385 Λήψεσθε
2623 3316 2881 3386 δύναμιν
2912 3316 2980 3382 ἐξ
3010 3317 3226 3385 ὕψους,
3251 3318 3602 3382 ἐπελθόντος
3632 3316 3739 3375 τοῦ

2181 3411 2356 3478 ἁγίου
2386 3410 2736 3479 Πνεύματος
2759 3408 2852 3478 ἐφ’
2882 3410 3060 3479 ὑμᾶς,
3085 3409 3182 3464 καί
3220 3409 3435 3464 ἐσεσθέ
3465 3425 3561 3478 μοι
3588 3408 3739 3476 μάρ-

2181 3516 2360 3569 τυρες
2384 3499 2455 3554 ἐν
2483 3518 2547 3554 τε
2582 3500 2974 3570 Ἰερουσαλὴμ
3023 3499 3119 3553 καὶ
3163 3500 3232 3553 ἐν
3259 3500 3423 3568 πάσῃ
3474 3498 3547 3567 τῇ
3590 3497 3738 3551 Ἰου-

2179 3593 2319 3661 δαίᾳ
2375 3594 2476 3649 καί
2512 3594 2814 3663 Σαμαρείᾳ
2871 3593 2969 3647 καί
3001 3593 3110 3660 ἕως
3141 3592 3405 3661 ἐσχάτου
3453 3588 3558 3659 τῆς
3602 3588 3735 3660 γῆς,

2177 3686 2561 3758 πληθυντικῶς
2588 3689 2700 3750 τοῖς
2735 3688 2903 3740 πᾶσιν
2929 3688 3258 3757 εἰρημένον;
3294 3688 3387 3740 καὶ
3411 3688 3490 3750 τὸ,
3518 3687 3735 3753 Πορεύ-

2173 3784 2317 3833 εσθε
2337 3780 2424 3843 είς
2451 3776 2650 3832 πάντα
2676 3777 2749 3831 τὰ
2778 3777 2944 3845 ἔθνη,
2970 3778 3070 3830 καὶ
3103 3777 3401 3845 κηρύξατε
3427 3776 3491 3829 τὸ
3539 3778 3733 3842 Εὐαγ-

2174 3872 2380 3937 γέλιόν
2403 3887 2524 3939 μου
2554 3870 2721 3938 πάσῃ
2741 3868 2817 3940 τῇ
2851 3872 3064 3934 κτίσει,
3100 3868 3490 3934 βαπτίζοντες
3513 3867 3731 3932 αὐτοὺς

2171 3965 2261 4029 είς
2292 3963 2359 4016 τὸ
2393 3961 2582 4032 ὄνομα
2616 3963 2723 4016 τοῦ
2760 3962 2988 4031 Πατρός
3012 3961 3111 4016 καί
3140 3961 3246 4017 τοῦ
3282 3960 3417 4015 Υιοῦ
3477 3960 3572 4012 καί
3625 3958 3729 4012 τοῦ

2168 4056 2346 4125 ἁγίου
2392 4056 2763 4124 Πνεύματος,
2812 4055 3207 4120 διδάσκοντες
3249 4052 3469 4118 αὐτοὺς
3526 4050 3723 4120 τηρεῖν

2167 4146 2372 4201 πάντα
2415 4146 2534 4200 ὅσα
2569 4145 2962 4217 ἐνετειλάμην
3011 4145 3189 4216 ὑμῖν;
3243 4146 3307 4201 Τί
3361 4145 3491 4213 οὖν;
3547 4148 3606 4199 οὐ
3635 4146 3720 4200 διὰ

2167 4238 2375 4292 τούτων
2407 4238 2518 4293 τῶν
2555 4239 2815 4310 ῥημάτων
2850 4239 3095 4302 ἅπαντας
3131 4239 3396 4307 ποιμένας
3416 4256 3475 4291 τε
3531 4238 3622 4291 καὶ
3648 4238 3724 4291 δι-

2165 4330 2469 4395 δασκάλους
2493 4332 2869 4402 ἐχειροτόνησε
2896 4329 2998 4400 τῆς
3032 4333 3355 4401 οἰκουμένης
3382 4333 3625 4402 ducisne;
3645 4331 3724 4384 διὸ

2165 4422 2340 4485 οὐδεὶς
2368 4421 2549 4475 αὐτῶν
2573 4422 2722 4493 τῆσδ’
2778 4423 2812 4494 ἢ
2857 4423 3015 4493 τῆσδε
3072 4424 3169 4491 τῆς
3202 4421 3424 4484 ’πόλεως
3457 4422 3488 4493 ἢ
3547 4423 3724 4491 χώρας

2169 4513 2468 4577 ἐπίσκοπος
2491 4514 2934 4582 κατωνόμασται,
2968 4515 3103 4569 ἀλλὰ
3132 4514 3405 4585 πανταχοῦ
3434 4514 3532 4585 τὴν
3556 4515 3718 4583 αὐτὴν

2171 4605 2424 4671 ἐξουσίαν
2469 4608 2767 4677 ἐτύγχανεν
2804 4607 2963 4679 ἔχων.
3002 4610 3064 4661 Ol
3096 4609 3151 4662 δὲ
3208 4609 3326 4678 μετ’
3383 4607 3577 4671 αὐτοὺς
3631 4607 3721 4659 ὑπ’

2167 4697 2351 4752 αὐτῶν
2389 4697 2863 4768 χειροτονηθέντες
2903 4699 3059 4762 ἄλλος
3081 4700 3216 4773 ἄλλῃ
3250 4701 3402 4752 πόλει
3444 4700 3537 4752 καὶ
3569 4697 3720 4769 χώρᾳ

2166 4787 2395 4858 μερικὸς
2431 4789 2534 4859 ἤδη
2581 4790 2789 4859 ποιμὴν
2819 4790 3168 4861 ἐγνωρίζετο.
3221 4790 3344 4853 Πῶς
3370 4786 3509 4843 οὗνὸ
3547 4790 3720 4859 μακά-

2163 4896 2280 4948 ριος
2315 4879 2522 4948 Πέτρος
2559 4884 2854 4950 κορυφαῖος
2871 4883 2965 4934 καὶ
3000 4884 3386 4952 πρωτόθρονος
3423 4885 3529 4935 τῶν
3584 4884 3717 4936 ἀπο-

2161 4970 2365 5023 στόλων
2397 4971 2750 5040 ὀνομάζεται,
2795 4974 2843 5025 εί
2873 4971 3027 5027 ταῦθ’
3088 4973 3261 5037 οὕτως
3310 4975 3458 5045 Exit;
3510 4976 3715 5046 Μ.κρὺν

2157 5065 2405 5134 ἐπίσχες,
2442 5067 2537 5119 καὶ
2567 5065 2757 5118 τούτου
2784 5065 2886 5136 τὴν
2922 5066 3076 5119 λύσιν
3099 5067 3433 5137 παρέξομεν,
3469 5068 3567 5120 οὐκ
3609 5066 3713 5119 ἀπὸ

2155 5154 2265 5205 τῶν
2286 5153 2506 5206 οίκείων
2536 5155 2839 5224 λογισμῶν,
2872 5154 2991 5208 ἀλλ’
3010 5156 3118 5210 ἀπὸ
3147 5156 3252 5208 τῶν
3309 5155 3467 5207 θείων
3517 5154 3707 5221 λογίων

2153 5247 2254 5308 τὰς
2287 5247 2497 5311 πίστεις
2529 5247 2869 5316 κομίζοντες,
2901 5248 3039 5301 υῦτε
3085 5249 3194 5318 γὰρ
3225 5250 3383 5317 ἡμεῖς
3416 5248 3624 5300 πώποτε
3653 5247 3708 5312 ἐξ

2155 5337 2517 5407 ἀνθρωπίνων
2563 5337 2844 5410 λογισμῶν
2892 5341 3022 5409 περὶ
3074 5339 3182 5391 τῶν
3243 5340 3520 5408 μυστικῶς
3580 5339 3707 5407 ἡμῖν

2158 5429 2621 5501 παραδεδομένων
2652 5433 2830 5486 εἰπεῖν
2856 5450 2912 5487 τι
2951 5432 3057 5487 τῶν
3090 5433 3442 5504 ζητουμένων
3500 5434 3707 5500 ἐπιχει-

2145 5592 2488 5735 ῗὲκε.ξῖλειι.
2543 5625 2613 5636 -
2664 5597 2714 5652 Is
2768 5608 2853 5653 est
2904 5612 3067 5667 quem
3126 5598 3311 5654 Graece
3368 5594 3701 5669 subjicitutts.

2214 5681 2322 5719 orr.

2214 5681 2322 5719 DIT.
