4064 6478
464 336 593 398 1951

1834 341 1984 399 l‘liU
2018 341 2344 400 L.i'il,‘l.'\'l'5.

3573 337 3703 400 iam

460 448 590 505 illud
623 451 927 517 considero,
953 452 1098 522 quod
1131 468 1252 506 cum
1283 450 1462 505 dixina
1492 451 1847 520 prm'iJcnlia,
1885 449 2022 503 nihil
2056 457 2098 510 Α
2131 457 2188 501 ut
2225 451 2416 502 borum
2467 449 2722 504 relatione
2778 450 2937 513 facta,
2993 461 3047 504 et
3081 451 3223 520 quo!
3259 450 3461 513 deﬁcit,
3524 453 3589 504 ab
3617 454 3705 504 ilia

456 560 642 597 ceruzn
669 560 790 613 qute
809 545 1104 598 secundum
1131 544 1526 612 beneplacituai
1549 544 1691 597 illius
1721 544 1772 596 in
1801 543 2020 596 univer-

458 652 519 688 so
580 636 908 702 ciliciuntur,
985 637 1352 689 inordinatum
1409 635 1666 693 dimittat.
1737 636 2024 701 omnisque

457 726 951 781 inultitudoordine
979 743 1070 796 per
1098 741 1154 780 se
1186 733 1387 788 careat,
1456 725 1554 778 nisi
1626 723 1910 776 reducatur
1959 724 2023 776 ad

459 835 623 870 unum
657 818 1008 886 principium.
1039 816 1329 870 l’lural-itas
1379 817 1522 868 enim
1550 816 1938 883 principiorum
1972 824 2025 868 et

455 910 697 961 carentia
755 908 1007 976 principii
1043 907 1235 960 similis
1265 915 1391 960 sunt
1438 907 1873 960 inord-inationis.
1919 905 2028 958 llu-

452 1002 541 1068 jus
578 1000 792 1068 quidem
814 1002 986 1067 gentis
1023 1000 1273 1053 universa
1327 998 1615 1051 multitudo
1651 1001 1752 1052 sub
1810 1013 1917 1052 uno
1946 1009 2027 1052 est

454 1097 702 1145 ordinata
743 1093 1028 1162 principio,
1079 1091 1319 1146 Ecelesia
1371 1092 1616 1145 videlicet
1675 1091 1916 1145 Romana
1973 1101 2028 1147 et

453 1183 572 1252 ejus
603 1184 853 1252 praesule,
895 1199 1055 1251 quem
1093 1199 1284 1238 omnes
1312 1184 1585 1236 boaorant
1631 1193 1684 1236 et
1731 1192 1979 1236 metuunt
2011 1201 2022 1236 :

455 1289 562 1328 IIOI:
590 1284 846 1343 tanquam
877 1275 1048 1328 armis
1072 1277 1192 1328 cui
1222 1275 1611 1338 dominanti-in,
1642 1290 1741 1328 nrc
1771 1284 2026 1342 tanquam

457 1366 689 1418 liuniaua
723 1367 836 1432 lege
871 1366 950 1418 vel
975 1367 1189 1435 generis
1221 1366 1594 1429 successione,
1651 1367 1730 1418 vel
1752 1427 1760 1436 .
1785 1367 2028 1418 multitu-

452 1455 594 1508 dinis
622 1471 841 1510 rumore
874 1456 1176 1510 dominium
1220 1464 1527 1508 sumet-item
1567 1472 1580 1520 ;
1613 1459 1707 1510 sed
1770 1468 2026 1523 tanquam

452 1549 520 1597 ab
554 1546 669 1613 ipso
705 1547 938 1600 Domino
970 1546 1190 1599 Christo
1225 1546 1559 1613 ordinatum,
1586 1557 1638 1600 et
1661 1549 1711 1600 in
1762 1550 1920 1602 terris
1955 1551 2034 1600 vi—

452 1652 542 1687 ci-s
567 1651 756 1704 gerere
806 1638 874 1690 ab
931 1651 996 1690 eo
1027 1641 1408 1690 Constitutum.
1476 1637 1660 1706 Itaque
1697 1639 1840 1693 illius
1877 1655 2030 1692 nian-

451 1728 596 1786 data,
625 1741 746 1779 cum
780 1729 927 1780 omni
965 1729 1292 1789 reverentia,
1359 1742 1550 1781 omnes
1607 1745 1714 1780 non
1769 1741 2027 1797 tanquam

2127 543 2256 595 sede
2295 542 2626 608 suppleatur,
2661 552 2712 595 ct
2749 544 2892 611 quod
2921 553 3195 611 peccatur,
3249 544 3580 610 corrigatur.
3644 545 3708 596 Et

2130 632 2322 684 horum
2357 623 2630 698 q‘i’iodlibet
2660 631 2914 685 facillime
2947 635 3022 685 lit.
3062 631 3228 686 Nemo
3263 634 3408 685 enim
3447 643 3551 698 est,
3614 637 3707 701 qui

2130 734 2236 770 non
2268 727 2438 786 putet,
2477 718 2726 771 Ecclesiae
2752 720 2824 770 illi
2856 719 3154 783 adversari,
3189 720 3488 787 periculum
3536 723 3706 774 infer-

2131 824 2187 862 re
2226 811 2420 864 anima:
2449 811 2627 863 saluti.
2664 810 2736 862 lta
2771 812 2987 879 quidem
3042 810 3184 864 facta
3215 811 3430 865 illorum
3453 815 3702 867 ordinata

2131 910 2279 954 διιιιῑ.

2199 993 2257 1046 lu
2299 995 2465 1047 altera
2505 1009 2635 1048 vero
2669 1005 2822 1062 parte
2872 1012 2976 1062 non
3032 998 3382 1066 singularitas
3426 999 3702 1066 principii,

2132 1088 2225 1141 sed
2261 1089 2545 1154 pluralitas
2596 1089 3013 1156 principiorum,
3071 1102 3125 1143 et
3175 1094 3415 1144 carentia
3449 1092 3702 1160 principii

2135 1180 2398 1231 honorata
2430 1188 2533 1232 est.
2573 1179 2830 1248 Quinque
2861 1182 3014 1251 enim
3039 1183 3433 1235 exsisteniibus
3468 1186 3707 1251 patriar-

2132 1267 2271 1332 cliis,
2303 1270 2620 1339 Bnlgarensi
2655 1282 3073 1334 coni-iunicrato,
3094 1275 3343 1338 etadliuc
3371 1272 3696 1327 Triliallensi

2131 1362 2212 1426 (α)
2257 1362 2686 1429 archiepiscopo,
2751 1363 2854 1418 sub
2900 1364 3100 1431 quibus
3134 1380 3265 1429 pene
3299 1381 3489 1416 omnes
3545 1363 3704 1434 hujus

2136 1453 2302 1518 partis
2355 1463 2523 1516 sunt,
2582 1455 2763 1510 nullus
2814 1456 3011 1508 liorum
3073 1473 3188 1518 sex,
3225 1458 3304 1508 vel
3357 1459 3422 1509 de
3467 1458 3704 1524 jurc,\i.l

2131 1542 2196 1596 de
2228 1543 2370 1598 facto
2409 1547 2531 1600 talis
2597 1555 2702 1610 est,
2759 1555 2815 1600 ut
2861 1547 3053 1618 reliqui
3118 1549 3359 1616 quinque
3414 1551 3614 1616 ipsum,
3647 1562 3706 1602 ut

2132 1651 2290 1688 suum
2332 1646 2495 1704 caput
2527 1639 2723 1691 habere
2759 1638 2943 1703 velint,
2981 1649 3032 1692 ct
3066 1640 3132 1693 ab
3175 1641 3296 1708 ipso
3332 1651 3385 1692 et
3423 1641 3540 1709 ejus
3571 1657 3702 1710 syn-

2134 1728 2240 1781 odo
2271 1729 2491 1797 coriigi,
2521 1740 2577 1783 et
2619 1734 2900 1785 retractari
2955 1732 3230 1800 patiamur
3260 1773 3274 1797 ,
3325 1743 3376 1786 et
3422 1737 3487 1786 ad
3518 1735 3703 1787 omnia

452 1817 747 1886 apostolica
783 1828 1013 1882 tant-um,
1049 1834 1232 1870 verum
1291 1819 1452 1870 etiam
1487 1812 1769 1872 Dniuinica
1825 1823 2025 1886 sei‘ipla
2065 1802 2100 1853 Β
2130 1821 2250 1887 ejus
2276 1820 2429 1888 jussa
2456 1820 2530 1873 ita
2565 1823 2880 1877 oliedieiites
2917 1824 3050 1887 sint,
3084 1832 3140 1876 ut
3196 1834 3454 1891 tanquam
3489 1825 3703 1877 divinas

452 1911 723 1978 recipiunt
763 1919 815 1963 et
845 1919 1076 1963 adorant
1105 1927 1118 1961 :
1154 1918 1207 1964 et
1233 1910 1364 1962 nihil
1402 1911 1473 1962 ita
1508 1910 1706 1964 durum
1734 1913 1800 1966 ab
1833 1927 1896 1965 eo
1939 1915 2027 1982 ju-

452 2007 630 2072 betur,
654 2017 710 2060 ut
741 2022 845 2059 non
885 2007 1062 2072 quiete
1093 2007 1264 2073 parati
1295 2007 1402 2058 sint
1449 2005 1512 2058 ad
1567 2005 1924 2074 implendum,
1971 2014 2026 2060 et

448 2112 639 2150 omnes
673 2097 740 2148 ab
769 2097 858 2148 illo
884 2096 1080 2164 corrigi
1113 2112 1232 2160 sua,
1292 2107 1345 2148 et
1375 2097 1656 2149 retractari
1702 2101 2022 2166 suscipiunt,

447 2191 803 2254 (iamiamque
833 2189 1193 2242 sacerdotium
1244 2188 1312 2241 ab
1341 2202 1404 2240 eo
1442 2189 1724 2256 dependet.
1784 2190 1848 2243 Et
1912 2191 2025 2258 ipse

446 2296 573 2334 cum
605 2282 748 2334 circa
775 2296 832 2334 se
867 2281 1096 2350 synodo,
1124 2296 1244 2334 cum
1275 2284 1463 2349 grandi
1510 2283 1838 2335 auctoritate
1861 2292 1912 2336 et
1941 2298 2037 2349 po-

447 2382 662 2438 testate,
699 2374 846 2426 nullo
865 2373 1202 2442 prolnbituro
1229 2376 1549 2438 exsistente,
1572 2375 1793 2442 COt'I‘lgil.
1825 2375 2034 2446 omnia,

451 2475 729 2526 retraetat,
766 2466 1068 2526 conﬁrmat,
1109 2466 1310 2527 irritat.
1336 2472 1548 2532 statuit,
1580 2468 1785 2520 inhibet
1822 2486 1836 2531 ;
1872 2467 2037 2520 mittit

445 2558 512 2608 al
547 2559 834 2611 universas
889 2569 1067 2626 partes
1099 2563 1369 2621 doctores,
1435 2559 1744 2613 risitaturos
1792 2559 2034 2626 singulas

451 2649 780 2719 provincias,
815 2659 866 2703 et
911 2665 1004 2703 eos
1041 2651 1130 2718 qui
1173 2653 1224 2702 in
1278 2651 1357 2704 eis
1410 2645 1697 2704 animabus
1759 2660 2020 2718 praesunt,
2069 2691 2080 2700 ,

448 2753 503 2795 ct
530 2745 950 2802 examinaturos,
984 2742 1104 2810 quis
1139 2745 1328 2796 modus
1353 2743 1568 2796 illorum
1595 2743 1877 2806 doctrinae,
1911 2759 2020 2811 quo

451 2836 611 2888 modo
647 2850 800 2888 sacra
836 2843 1070 2888 tractant
1102 2837 1354 2904 mysteria
1383 2852 1396 2899 ;
1429 2834 1706 2903 quomodo
1739 2852 1795 2887 se
1823 2844 2018 2903 gerunt

453 2943 574 2980 cuni
611 2943 770 2997 grege
797 2927 1030 2994 Domini,
1077 2929 1353 2997 quomodo
1379 2929 1682 2984 secundum
1703 2943 1761 2982 se
1794 2929 2014 2981 vivunt:

2139 1929 2320 1975 voces,
2353 1914 2498 1966 illius
2519 1915 2787 1982 recipiant
2813 1919 3067 1969 mandata
3097 1933 3110 1970 :
3142 1926 3195 1971 et
3222 1920 3519 1986 periculum
3550 1918 3703 1970 salu-

2135 2006 2202 2059 tis
2237 2005 2482 2070 credant,
2516 2007 2664 2060 illum
2690 1998 2996 2062 resistendo
3025 2010 3314 2063 attendere.
3338 2008 3400 2061 Et
3424 2011 3556 2079 quid
3581 2011 3704 2064 dico

2131 2098 2199 2151 de
2230 2098 2349 2151 aliis
2377 2098 2400 2150 ?
2429 2099 2521 2152 sed
2583 2113 2758 2166 neque
2789 2101 3102 2168 quicunque
3157 2100 3258 2153 sub
3290 2101 3532 2167 quolibet
3573 2111 3702 2154 sunt

2133 2190 2327 2243 borum
2363 2206 2479 2254 sex,
2518 2193 2588 2245 ita
2631 2192 2826 2246 devote
2867 2207 2926 2246 se
2959 2195 3157 2246 habent
3190 2194 3254 2246 ad
3313 2208 3472 2247 suum
3513 2203 3697 2260 caput,

2138 2292 2197 2333 ut
2231 2293 2373 2336 metu
2416 2299 2523 2337 non
2552 2286 2854 2352 corporalis
2901 2285 3104 2348 damni,
3144 2287 3234 2339 sed
3270 2287 3466 2340 anima:
3515 2287 3702 2355 pcrdi-

2135 2371 2321 2437 tioais,
2355 2373 2500 2428 illius
2529 2377 2778 2427 mandata
2803 2376 2966 2427 velint
2998 2376 3239 2443 implere.

2201 2463 2558 2520 Pontiticatus
2588 2484 2713 2522 vero
2758 2469 3065 2536 cujuslibet,
3093 2472 3368 2537 quomodo
3401 2471 3700 2542 Bulgareri-

2131 2556 2228 2614 sis.
2259 2558 2522 2626 dependet
2551 2575 2580 2612 a
2611 2560 2853 2629 principe
2889 2561 3033 2614 illius
3068 2567 3270 2630 gentis,
3307 2575 3361 2616 et
3391 2563 3699 2618 Triballcn-

2132 2650 2207 2703 sis
2239 2650 2491 2704 similiter
2531 2667 2560 2704 a
2596 2668 2697 2705 suo
2718 2653 3011 2721 .priacipe.
3064 2655 3389 2708 Aniinclieni
3448 2671 3576 2708 vero
3609 2673 3702 2725 pa-

2128 2742 2378 2794 triarcbm
2408 2743 2788 2797 Armeniorum
2817 2759 2904 2798 rex
2948 2745 3283 2802 dominatur.
3313 2745 3703 2816 Hierosolymi-

2127 2833 2234 2886 tatti
2260 2843 2440 2887 autem
2472 2842 2527 2888 et
2575 2835 2958 2898 Alexandrini,
3009 2836 3392 2906 Egyptiorum
3433 2839 3699 2906 impiissi—

2125 2940 2248 2979 nius
2286 2927 2560 2995 princeps.
2617 2926 2812 2982 Nullus
2869 2930 3012 2982 enini
3076 2929 3270 2983 borum
3321 2932 3696 2998 pontiﬁcatum

1573 3066 1924 3120 BARLAAMI
1953 3063 2230 3120 CONTRA
2259 3061 2571 3118 LATINOS.

459 3182 720 3250 ρήσομεν,
750 3179 874 3233 οὔτε
904 3179 1012 3232 τῶν
1043 3179 1218 3234 ἄλλων
1260 3177 1418 3230 τοῦτο
1475 3176 1802 3246 τολμώντων
1867 3177 2012 3245 ἀμα-
2043 3188 2085 3245 C
2117 3173 2216 3242 τὴν
2255 3173 2587 3244 Ἐκκλησίαν
2644 3175 2879 3243 ἰσότιμοι
2929 3175 3130 3238 πάντες
3205 3175 3542 3247 ἐτύγχανον·
3594 3181 3695 3250 τῆς

454 3275 560 3333 θὼς
605 3275 698 3326 καὶ
726 3272 996 3341 θρασέως,
1023 3270 1348 3338 ἀνεξόμεθα,
1400 3269 1430 3338 ἢ
1459 3269 1558 3330 τὰς
1591 3269 1762 3331 ἀκοὰς
1817 3269 2025 3337 ὑποθή-

456 3385 622 3434 σαμεν
646 3367 763 3426 ταῖς
798 3364 1046 3433 βεϐήλοις
1100 3364 1276 3413 αὐτῶν
1330 3361 1708 3428 κενσςωνίαις.
1783 3360 1925 3429 Ὀρῶ
1959 3361 2022 3429 δὴ

451 3464 540 3511 τῖιν
567 3459 794 3526 Πέτρον,
833 3457 995 3525 ήνίκα
1030 3455 1241 3524 δεήσειε
1283 3454 1416 3523 πρὸς
1462 3452 1854 3522 ἀναπλήρωσιν
1915 3452 2023 3504 τῶν

452 3551 660 3602 δυδεκα
708 3549 868 3602 ἄλλον
919 3549 1042 3600 τινὰ
1097 3547 1440 3611 καθιστάναι,
1492 3546 1656 3598 αὐτὸν
1710 3545 2022 3597 ἀναστάντα

453 3641 645 3710 πρῶτα
670 3640 761 3692 τοῦ
797 3639 954 3706 λόγου
1011 3637 1340 3707 ἀρξάμενον.
1383 3635 1620 3704 Ὁμοίως
1675 3634 1845 3703 δήπου
1883 3632 2022 3702 μετά

450 3733 550 3801 τὴν
582 3730 677 3782 τοῦ
734 3730 889 3798 ἁγίου
930 3729 1245 3796 Πνεύματος
1297 3727 1584 3779 ἐπέλευσιν
1645 3727 1806 3779 αὑτὸν
1866 3724 2019 3794 εὖροι

451 3841 537 3886 τις
569 3822 636 3877 ἂν
666 3824 764 3892 τῆς
821 3820 1173 3881 διδασκαλίας
1228 3820 1555 3888 ἡγούμενον.
1603 3817 1762 3870 Τοῦτ’
1792 3817 1898 3887 ἄρα
1959 3818 2020 3870 τὸ

451 3915 660 3967 ἐκείνου
696 3914 987 3981 πρωτεῖον,
1037 3911 1097 3962 τὸ
1149 3909 1278 3972 τοὺς
1330 3909 1522 3971 ἄλλους
1572 3907 1720 3978 αὐτῷ
1767 3911 1864 3978 τὴν
1925 3907 2019 3960 τοῦ

452 4005 646 4077 πρῶτα
681 4003 860 4072 λέγειν
896 4003 1059 4072 τιμὴν
1097 4002 1472 4070 παραχωρεῖν.
1502 4001 1564 4052 Εί
1595 4000 1650 4052 δὲ
1711 4001 1773 4051 σὺ
1827 4002 2017 4070 ἀρχιε-

454 4097 685 4166 ρατικὰς
715 4095 938 4163 διαιρῶν
965 4094 1142 4157 ἀξίας,
1176 4093 1332 4162 τήνδε
1367 4091 1465 4161 μὲν
1493 4092 1598 4160 φῂς
1662 4091 1908 4143 δεδόσθαι
1942 4089 2019 4160 τῷ

454 4192 666 4260 Πέτρῳ,
709 4189 869 4258 τήνδε
901 4190 1014 4249 τοῖς
1083 4186 1319 4247 λοιποῖς·
1379 4183 1553 4248 δεῖξον
1613 4183 1771 4236 τοῦτο
1801 4185 1861 4234 ἐκ
1911 4184 2019 4236 τῶν

453 4282 610 4332 (λείων
645 4279 862 4344 λογίων,
889 4279 1048 4344 ἀφεὶς
1079 4278 1203 4338 τοὺς
1260 4276 1575 4344 λογισμοὺς,
1610 4275 1704 4327 καὶ
1735 4275 2016 4344 δεξόμεθα.

463 4371 604 4439 Ἐγὼ
634 4371 743 4438 γὰρ
776 4371 875 4437 οὐχ
901 4369 1142 4438 εὑρίσκω
1175 4369 1340 4419 πόθεν
1369 4366 1434 4419 ἄν
1464 4384 1550 4429 τις
1589 4370 1931 4436 τεκμήραιτο
1960 4367 2020 4418 τὸ

452 4465 730 4532 διάφορον.
757 4461 894 4513 Οῠτε
937 4462 1046 4529 γάρ
1093 4459 1150 4520 ἐξ
1173 4451 1248 4510 ὧν
1285 4459 1421 4528 πρὸς
1440 4459 1635 4520 αὐτοὺς
1677 4462 1703 4510 ὁ
1743 4458 2020 4526 Δεσπότης

2127 3266 2182 3318 δὲ
2217 3267 2370 3337 ἱερᾶς
2405 3267 2580 3319 αὐτῶν
2615 3267 2912 3328 δωδεκάδος
2942 3269 2969 3319 ό
3008 3268 3278 3338 μακάριος
3306 3272 3510 3340 Πέτρος
3536 3273 3698 3344 ἐξήρ-

2126 3376 2253 3428 χετο
2276 3378 2290 3392 ·
2326 3360 2485 3412 τοῦτο
2518 3361 2680 3413 πλέον
2697 3361 2805 3412 τῶν
2829 3361 3004 3414 ἄλλων
3041 3361 3200 3429 ἔχων,
3226 3363 3334 3414 τῶν
3359 3364 3534 3417 ἄλλων
3558 3384 3699 3434 trap-

2125 3450 2315 3512 όντων,
2349 3450 2513 3513 αὐτὸς
2543 3451 2644 3516 τῆς
2676 3451 3023 3512 διδασκαλίας
3058 3451 3335 3519 ἡγεῖσθαι,
3359 3454 3452 3506 καὶ
3484 3471 3696 3525 πρωτο-

2126 3541 2415 3610 καθεδρίας
2452 3544 2582 3604 ἴσως
2605 3542 2917 3605 ἀξιοῦσθαι.

2723 3633 2976 3686 ΚΕΦΑΛ.
3014 3630 3090 3686 Γ’.

2195 3724 2364 3793 Κοινῇ
2400 3723 2501 3792 μὲν
2533 3719 2643 3789 (ὗν,
2680 3724 2752 3786 ὡς
2777 3727 3013 3794 εἴρηται,
3039 3728 3086 3780 οἱ
3118 3727 3212 3780 τοῦ
3243 3727 3419 3795 Λόγου
3450 3730 3692 3799 μαθηταὶ

2125 3817 2382 3880 ποιμένες
2403 3832 2461 3867 τε
2491 3816 2583 3868 καὶ
2610 3817 2922 3870 διδάσκαλοι
2964 3819 3063 3880 τῆς
3109 3821 3434 3890 οἰκουμένης
3462 3823 3693 3890 ἐτύγχα-

2121 3924 2244 3961 νον·
2279 3910 2538 3978 μερικοὺς
2596 3909 2652 3961 δὲ
2716 3911 3000 3976 ποιμένας,
3049 3909 3141 3973 οὖς
3181 3913 3524 3975 ἐπισκόπους
3559 3916 3694 3967 ώνό-

2125 4017 2327 4068 μασαν,
2361 4001 2520 4053 ἄλλον
2555 4002 2723 4068 ἄλλης
2751 4004 2956 4065 πόλεως
2985 4005 3014 4074 ἢ
3080 4005 3263 4074 χώρας
3297 4008 3687 4075 προεϐάλοντο.

2125 4092 2336 4157 Ὥσπερ
2377 4089 2471 4145 οὖν
2523 4094 2803 4156 Διονύσιος
2839 4096 2935 4164 μὲν
2969 4157 2974 4162 _
3004 4097 3269 4164 Ἀθηνῶν,
3331 4099 3598 4168 Τιμόθεος
3633 4101 3691 4153 δὲ

2139 4183 2387 4249 Ἑφέσου.
2416 4185 2571 4245 Τῖτος
2607 4185 2661 4234 δὲ
2701 4185 2947 4253 Κρήτης,
2985 4185 3076 4236 καὶ
3100 4186 3254 4247 ἄλλος
3283 4185 3450 4255 ἄλλης
3483 4189 3713 4256 ποιμὴν,

2122 4275 2226 4328 ὑπὸ
2253 4276 2359 4327 τῶν
2393 4277 2548 4327 θείων
2575 4276 2888 4327 ἀποστόλων
2909 4277 3142 4344 κατέστη
3167 4292 3181 4306 ο
3213 4277 3354 4329 οὕτω
3381 4279 3473 4329 καὶ
3492 4278 3688 4346 ὁᾶγιος

2121 4367 2357 4436 Κλήμης
2405 4366 2624 4436 Ῥώμης
2674 4366 2970 4428 ἐπίσκοπος
3005 4367 3230 4417 uno/:05
3278 4367 3486 4434 Πέτρου
3516 4385 3694 4436 κεχει-

2129 4460 2410 4528 ροτόνηται
2440 4474 2453 4489 ο
2497 4458 2591 4510 καὶ
2636 4460 2804 4527 μόνης
2826 4457 2926 4526 τῆς
2955 4459 3094 4512 κατά
3125 4459 3224 4528 τὴν
3255 4457 3483 4530 Ῥώμην
3530 4463 3692 4530 ἁγίας

453 4554 750 4621 διελέγετο,
782 4548 1060 4602 τοῦτ’έστι
1095 4548 1486 4616 στοχάσασθαι,
1526 4546 1648 4598 οὔτε
1681 4547 1739 4611 ἐξ
1764 4542 1836 4600 ὦν
1866 4549 2020 4600 αὐτοὶ
2049 4531 2099 4590 D
2128 4550 2220 4604 τοῦ
2249 4551 2385 4603 Θεοῦ
2423 4551 2748 4621 Ἐκκλησίας
2784 4552 3035 4619 ἡγεῖσθαι
3098 4552 3193 4605 καὶ
3242 4552 3448 4618 ταύτην
3486 4555 3696 4606 οἰκονο-

458 4650 597 4715 μετά
637 4644 810 4697 ταῦτα
844 4643 1082 4694 ἐποίουν.
1127 4642 1200 4692 Σὺ
1231 4639 1288 4692 δὲ
1321 4641 1444 4708 ἐμοὶ
1467 4640 1643 4698 δοκεῖς
1675 4642 1801 4706 περὶ
1818 4640 2026 4693 τούτων

453 4737 806 4799 διανοεῖσθαι,
840 4734 1040 4786 ὡσανεὶ
1074 4733 1239 4802 μόνου
1280 4731 1376 4800 μὲν
1414 4733 1506 4783 τοῦ
1530 4733 1736 4802 Πέτρου
1771 4733 2024 4802 ύπὺΧρι-

456 4833 604 4896 στοῦ,
633 4832 737 4884 ὑπὸ
766 4830 822 4882 δὲ
852 4827 1046 4881 τούτου
1079 4826 1188 4878 τῶν
1231 4824 1435 4876 λοιπῶν
1475 4825 1790 4876 ἀποστόλων
1840 4842 2023 4895 χειρο-

454 4924 813 4994 τονηθέντων.
851 4919 1056 4974 Τούτου
1092 4917 1256 4969 ἕνεκα
1285 4917 1378 4969 καὶ
1420 4917 1626 4975 πάντας
1663 4915 1768 4966 ὑπὸ
1803 4915 1898 4984 τὴν
1929 4915 2022 4968 τοῦ

456 5021 612 5070 πάπα
650 5013 992 5073 συνελαύνεις
1021 5007 1291 5072 ἐξουσίαν,
1327 5007 1422 5059 καὶ
1453 5006 1654 5077 μηδένα
1685 5007 1778 5067 τάς
1813 5007 2020 5058 ἐκείνου

457 5111 754 5180 συγχωρεῖς
773 5107 946 5176 ἀρχὰς
974 5105 1286 5170 διαφυγεῖν,
1314 5103 1402 5152 καὶ
1429 5099 1772 5169 χειροτονίαν
1796 5098 2016 5152 ἆπασαν

457 5204 691 5263 ἀθετεῖς,
739 5202 806 5270 ἣν
847 5196 1053 5256 ἐκεῖνος
1088 5195 1190 5246 οὐκ
1231 5191 1558 5263 ἐψηφίζετο·
1623 5190 1697 5252 ὼς
1723 5192 2017 5256 ἀναγκαῖον

455 5297 488 5364 ἢ
524 5296 700 5348 πᾶσαν
729 5291 788 5354 ἐξ
811 5289 1017 5342 ἐκείνου
1051 5286 1340 5354 ὑπάρχειν,
1395 5283 1426 5353 ἢ
1463 5284 1662 5354 ἄκυρόν
1688 5300 1750 5349 γε
1811 5285 2019 5336 παντά-

460 5405 594 5441 πασι
626 5383 966 5454 νομίζεσθαι.
1010 5379 1174 5431 ’Λλλά
1208 5380 1337 5444 περὶ
1375 5377 1472 5444 μὲν
1507 5377 1836 5445 χειροτονίας
1868 5375 2022 5427 ὓστε-

457 5497 548 5549 ρον
581 5479 839 5546 ὲρουμεν⁶
873 5472 966 5525 νῦν
997 5471 1050 5523 δὲ
1085 5469 1549 5537 συμπεραίνοντες
1599 5468 1666 5518 τὰ
1717 5468 1805 5518 διὰ
1839 5467 2022 5519 πλειό-

456 5590 559 5624 νων
585 5571 715 5638 ἡμῖν
747 5562 1199 5633 ἀποδεδειγμένα,
1228 5559 1484 5628 λέγομεν,
1516 5559 1596 5610 ὅτι
1648 5560 1718 5610 τὰ
1755 5560 1856 5623 μὲν
1887 5558 2019 5626 πρὸς

2135 4644 2256 4712 μεῖν
2296 4641 2696 4712 ἐπετέτραπτο.
2761 4640 3032 4710 ’Υστερον
3081 4643 3285 4710 μέντοι,
3337 4644 3424 4694 ὅτε
3468 4646 3695 4712 προνοίᾳ

2129 4733 2263 4787 Θεοῦ
2296 4730 2459 4805 ἦλθεν
2493 4735 2625 4803 ἡμῖν
2658 4731 2727 4784 τὰ
2780 4731 3054 4800 βασίλεια,
3091 4732 3430 4800 θεσπίσμασι
3462 4736 3570 4787 τῶν
3608 4736 3694 4786 εύ-

2133 4827 2473 4879 σεϐεστὰτων
2537 4825 2802 4894 βασιλέων
2874 4827 2968 4877 καὶ
3043 4826 3150 4876 τῶν
3215 4825 3377 4878 θείων
3433 4828 3692 4893 Πατέρων

2129 4919 2289 4987 ἡμῶν
2347 4917 2574 4984 πρώτην
2615 4913 2754 4969 εἶναι
2785 4915 2884 4984 τὴν
2908 4917 3006 4985 τῆς
3057 4915 3271 4985 Ῥώμης
3313 4917 3582 4985 καθέδραν
3607 4935 3692 4969 νε-

2129 5009 2509 5079 νομοθέτηται,
2541 5009 2630 5061 διὰ
2661 5008 2720 5059 τὸ
2761 5007 3158 5076 βασιλεύουσαν
3197 5001 3337 5058 εἶναι
3381 5009 3478 5071 τὴν
3513 5007 3689 5071 πόλιν,

2125 5102 2218 5153 καὶ
2243 5103 2351 5154 δεῖν
2385 5101 2482 5162 τὰς
2515 5102 2653 5152 κατά
2702 5098 2802 5169 τὴν
2845 5099 3171 5168 οἰκουμένην
3205 5097 3528 5165 Ἐκκλησίας
3586 5101 3694 5152 ὑπὸ

2127 5191 2258 5261 μίαν
2281 5186 2420 5243 εἶναι
2445 5191 2637 5260 ἀρχὴν.
2678 5190 2789 5258 Πρὸ
2809 5189 2864 5257 δὲ
2890 5189 3080 5241 τούτου
3127 5185 3254 5239 οὔτε
3308 5190 3523 5256 πρῶτος
3579 5191 3692 5241 οὒτ’

2128 5281 2354 5351 ἔσχατος
2387 5278 2452 5352 ἦν
2495 5286 2521 5334 ὁ
2567 5283 2787 5350 Ῥώμης
2822 5282 3144 5340 ἐπίσκοπος,
3177 5280 3251 5340 ώς
3285 5281 3406 5330 οὐδὲ
3442 5284 3546 5332 των
3593 5284 3693 5335 ἄλο

2129 5372 2234 5425 λων
2267 5375 2460 5433 οὐδείς.
2496 5373 2558 5424 Εἰ
2590 5371 2644 5422 δὲ
2683 5377 2744 5422 σὺ
2773 5371 2917 5422 τοῦτ’
2946 5370 3086 5437 ἔχεις
3131 5368 3325 5432 δεῖξαι,
3368 5371 3449 5420 ὅτι
3477 5372 3503 5421 ὁ
3540 5373 3693 5435 ἀγιος

2129 5465 2359 5534 Κλήμης
2378 5465 2436 5515 ού
2459 5462 2672 5531 Ῥώμης
2693 5462 2996 5523 ἐπίσκοπος
3027 5460 3209 5528 μόνον,
3231 5460 3368 5512 ἀλλά
3393 5462 3694 5531 ξυμπάσης

2132 5555 2233 5625 τῆς
2275 5555 2368 5607 τοῦ
2400 5555 2534 5608 Θεοῦ
2582 5553 2910 5622 Ἐκκλησίας
2943 5553 3095 5622 παρὰ
3122 5551 3214 5604 τοῦ
3249 5552 3459 5620 Πέτρου
3491 5556 3692 5625 ποιμὴν

527 5713 602 5782 (α)
630 5708 720 5760 Tri
748 5706 1014 5782 ,ηιιριιεηε
1057 5701 1206 5752 fuere
1237 5700 1351 5782 ipsi.
1377 5697 1608 5763 Bttlgzlri,
1647 5697 1825 5764 populi
1859 5695 2066 5751 scilicet
2099 5695 2298 5750 Mwsiaa
2331 5697 2408 5751 vel
2467 5694 2648 5764 Mysiae
2710 5691 3004 5760 Europalae,
3067 5708 3300 5761 quorum
3359 5692 3694 5749 Ternobutno

457 5772 613 5839 lmine
647 5781 912 5838 'l‘trnova,
946 5773 1046 5824 iuit
1076 5772 1408 5838 metropolis.
1443 5782 1599 5820 ιηιδμ.
