4064 6464
428 498 564 562 1263
1793 504 1939 562 PRO
1983 507 2002 562 Ι

2106 505 2315 567 .‘lNlS.
3531 505 3666 567 12?:6

500 611 620 665 ΙΙωο
663 610 824 682 igitur
852 627 954 682 ego
980 613 1032 668 in
1059 630 1144 667 me
1179 614 1297 684 ipso
1331 623 1547 668 vertens
1598 617 1798 688 animo,
1835 615 1996 668 miui-
2026 621 2073 674 Α
2101 617 2346 670 uinuem.
2376 615 2431 668 Si
2467 615 2608 668 enim
2639 616 2740 671 hoc
2763 615 3096 686 csset,’justa
3124 615 3306 685 itaque
3335 615 3513 670 divina
3541 635 3670 688 pro-
3715 655 3729 688 ε

424 716 512 755 me
551 701 772 756 credere
822 704 996 768 valeo,
1049 705 1150 758 hos
1179 705 1248 759 ab
1282 705 1406 769 illis,
1471 705 1776 758 rationabili
1811 706 1992 773 aliqua
2103 707 2334 758 vitlcntia
2361 706 2689 770 exsistente,
2723 717 2936 774 oportet
2990 708 3246 776 praedicta
3269 716 3521 776 quatuor,
3582 712 3668 765 vel

425 809 590 849 causa
615 794 818 850 divisos
865 811 980 850 esse
1013 815 1027 860 ;
1058 806 1313 866 tanquam
1351 799 1458 852 illis
1503 798 1555 850 in
1589 799 1767 867 aliqua
1802 798 1994 851 hmresi
2101 797 2484 865 principaliora
2522 811 2708 850 eorum
2745 811 3056 850 econverso
3079 797 3416 866 contingere.
3443 797 3508 851 Et
3540 815 3665 854 eum

423 895 482 942 et
503 890 640 941 mala
673 889 776 942 ﬁde
806 891 1208 945 assistentibus,
1253 891 1306 945 si
1340 894 1483 947 enim
1546 909 1670 961 pars
1723 893 1811 945 illa
1843 893 1998 946 ειη-ῖ-
2099 887 2441 955 capnttotius
2459 886 3331 944 Ecclesizeabinitioconstitutum
3355 890 3666 955 cecidisset,
3704 884 3710 902 '

425 979 746 1044 stianorum,
771 996 892 1049 quae
919 981 1263 1035 concorditer
1293 983 1356 1035 ad
1387 984 1740 1037 constitutum
1781 982 1873 1037 Dei
1909 984 1999 1034 de-

425 1081 575 1126 creto
606 1072 674 1125 ab
697 1070 854 1126 initio
889 1074 1054 1127 totius
1082 1072 1335 1128 Ecclesiae
1385 1075 1710 1143 principium
1742 1076 1996 1128 ordinata

426 1172 528 1227 est,
555 1179 676 1232 quae
705 1164 911 1233 legibus
947 1167 1151 1234 regitur
1173 1173 1226 1218 et
1255 1167 1573 1235 evangelica
1624 1181 1898 1230 sermone,
1947 1177 1998 1220 et

427 1256 773 1311 multitudine
797 1274 1011 1322 semper
1036 1259 1253 1320 crescit,
1292 1260 1406 1312 haec
1437 1259 1656 1327 quidem
1689 1269 1774 1314 est
1805 1261 1856 1311 in
1885 1260 1997 1312 hae-

428 1345 576 1400 resi:
614 1362 737 1416 quae
765 1363 893 1402 vero
951 1364 1079 1416 pars
1117 1349 1185 1402 ab
1223 1349 1322 1404 hac
1359 1348 1506 1418 juste
1537 1349 1710 1403 divisa
1755 1358 1856 1414 est,
1905 1365 2000 1418 per

424 1439 608 1492 omnia
637 1455 767 1493 sana
798 1449 904 1505 est,
935 1441 1048 1495 lucc
1083 1457 1258 1509 neque
1287 1441 1501 1511 legibus
1535 1441 1688 1505 vivit,
1713 1456 1886 1510 neque
1930 1441 1998 1494 ad

427 1545 593 1584 unum
625 1532 873 1586 ordinata
899 1541 982 1587 est
1014 1533 1361 1602 principium,
1387 1541 1436 1587 et
1457 1549 1673 1600 semper
1697 1533 2001 1587 secundum

425 1625 800 1682 multitudines
851 1627 918 1681 ad
965 1627 1354 1681 alienissimam
1387 1625 1483 1681 Dei
1514 1635 1726 1697 gentem
1767 1641 1999 1680 conver-

428 1719 595 1781 titur,
626 1727 679 1771 et
731 1719 788 1772 in
825 1719 939 1788 ipsa
982 1736 1228 1789 prorsus,
1276 1728 1537 1789 quantum
1575 1720 1642 1773 ad
1683 1719 1996 1781 illiteratos,

426 1809 775 1873 evangelicus
875 1815 1178 1867 exstinctus
1257 1822 1342 1867 est
1407 1827 1587 1868 sermo
1667 1827 1681 1864 :
1751 1810 2002 1865 deseruit

426 1917 553 1966 ergo
599 1902 740 1957 Deus
784 1906 1094 1958 omnimode
1133 1904 1661 1959 Christianismum?
1697 1901 1802 1957 Sed
1851 1903 2002 1956 nullo

429 2004 584 2061 pacto
638 1996 739 2050 hoc
773 1995 886 2050 ﬁeri
915 2005 1112 2064 potest.
1149 1996 1325 2051 Verax
1377 1998 1522 2052 enim
1563 2005 1646 2052 est
1699 1995 1995 2065 promissio

426 2086 681 2150 dicentis,
713 2087 994 2142 nobiscum
1029 2089 1141 2142 fore
1168 2104 1342 2158 usque
1377 2089 1440 2143 ad
1463 2088 1994 2144 consummationem

429 2179 611 2232 saeculi
640 2197 652 2232 :
682 2188 734 2233 et
762 2189 946 2248 portas
986 2181 1184 2236 inferni
1231 2182 1455 2236 minime
1493 2182 1867 2250 prazvalituras
1899 2180 1996 2233 ad-

429 2283 622 2323 versus
643 2267 939 2324 Ecclesiam
990 2286 1145 2337 esse,
1197 2283 1252 2327 et
1317 2271 1459 2325 Petri
1500 2272 1656 2326 ﬁdem
1716 2285 1997 2339 nunquam

428 2363 658 2416 deﬁcere
683 2382 696 2416 :
722 2364 866 2431 quod
892 2365 1057 2418 etiam
1092 2367 1158 2418 de
1191 2365 1446 2420 omnibus
1475 2365 1617 2419 Petri
1664 2363 2001 2419 successori-

430 2454 534 2509 bus
571 2456 623 2508 in
656 2458 1116 2526 consequentibus
1165 2458 1497 2524 temporibus
1525 2458 1750 2527 intelligi
1777 2459 1999 2525 dignum

427 2555 510 2599 est
545 2547 822 2602 Dominica
892 2550 1158 2614 oratione,
1202 2550 1467 2618 siquidem
1517 2558 1728 2615 oportet
1777 2549 2002 2602 credere

432 2653 688 2708 magnum
711 2641 914 2708 aliquid
945 2657 1085 2708 csse,
1121 2642 1263 2711 quod
1299 2656 1364 2696 ex
1395 2657 1456 2696 ea
1493 2642 1743 2696 eﬂectttm
1789 2649 1893 2695 est.

506 2729 577 2783 Ex
617 2731 706 2786 his
735 2731 902 2802 igitur
950 2743 1000 2787 et
1032 2733 1344 2798 hujusmodi
1377 2733 1679 2787 rationibus
1712 2747 1819 2786 non
1872 2745 2002 2801 pos-

428 2836 548 2874 sum
571 2822 864 2883 teslimare,
896 2823 1039 2891 quod
1073 2823 1280 2877 Latinis
1303 2823 1355 2876 in
1377 2824 1567 2878 haaresi
1599 2839 1702 2877 non
1729 2823 2002 2876 exsisten-

431 2913 612 2978 tibus,
648 2914 1046 2970 rationabiliter
1099 2917 1153 2969 hi
1189 2917 1406 2970 illorum
1461 2917 1706 2971 devitant
1749 2929 1998 2970 commu—

2101 987 2377 1048 0porteret
2409 979 2598 1047 utique
2622 981 2910 1034 Dominum
2935 981 3165 1035 alterum
3213 991 3377 1050 caput
3399 982 3672 1038 suscitare

2101 1088 2246 1127 sanae
2269 1074 2408 1142 parti
2441 1072 2732 1127 Ecclesiae:
2765 1088 2831 1128 ne
2864 1074 2984 1127 sine
3023 1074 3206 1142 capite
3231 1080 3284 1127 et
3338 1074 3666 1129 inusitatum

2100 1175 2153 1219 et
2175 1165 2556 1220 deordinatum
2583 1173 2636 1220 et
2662 1165 2904 1219 deforme
2958 1180 3217 1235 magnum
3260 1174 3315 1219 et
3373 1168 3671 1237 mysticum

2101 1272 2302 1326 corpus
2322 1256 2524 1312 Christi
2553 1258 2892 1312 remaneret!
2916 1257 3020 1311 Sed
3044 1257 3204 1311 venio
3226 1257 3291 1310 ad
3319 1258 3668 1326 specialiora.

2170 1347 2295 1404 Hth
2327 1365 2477 1417 gens,
2517 1357 2736 1418 propter
2769 1349 2899 1412 duo,
2931 1358 2992 1403 ut
3019 1349 3089 1402 ita
3145 1349 3380 1415 dicatur,
3439 1349 3668 1406 Latinos

2101 1456 2388 1504 accusans,
2425 1442 2654 1494 aestimat
2685 1449 2934 1510 oportere
2961 1441 3029 1494 ab
3049 1441 3127 1495 eis
3155 1456 3214 1494 se
3232 1441 3422 1495 dividi.
3483 1441 3661 1496 Unum

2099 1541 2153 1588 et
2192 1533 2575 1602 principalius.
2629 1532 2774 1603 quod
2827 1532 3002 1598 aiunt,
3078 1532 3342 1602 Spiritum
3418 1543 3668 1589 sanctqu

2100 1640 2166 1678 ex
2208 1624 2367 1678 Patre
2389 1625 2637 1693 Filioque
2665 1625 3006 1689 procedere,’
3033 1625 3357 1690 secundum,
3387 1627 3531 1694 quod
3578 1641 3675 1696 per

2101 1730 2324 1787 azymos
2348 1731 2514 1785 panes
2541 1715 2968 1770 sacratissimam
3001 1715 3282 1770 celebrant
3307 1717 3562 1772 hostiam.

2175 1807 2285 1878 Ego
2315 1818 2493 1861 autem
2524 1816 2764 1876 tempora
2783 1808 3132 1873 examinans,-
3168 1808 3324 1862 video
3352 1808 3496 1878 quod
3525 1808 3676 1862 schi-

2103 1915 2218 1955 sma
2253 1901 2471 1966 quidem
2518 1901 2758 1953 nontlum
2801 1900 3324 1968 quadringentorum
3381 1909 3464 1957 est
3502 1917 3676 1955 anno-

2101 2012 2217 2051 rum
2235 1996 2279 2065 (l
2292 1995 2331 2065 ).
2347 1995 2458 2049 Sub
2473 1994 2668 2049 Basilio
2681 1993 2821 2048 enim
2843 1993 3153 2060 Macedone,
3172 1995 3428 2062 etPhotio
3446 1995 3616 2065 patria
3626 2010 3678 2048 r-

2101 2090 2225 2154 cha,
2245 2097 2303 2142 ut
2326 2088 2498 2153 aiunt,
2519 2087 2728 2156 incipit,
2755 2087 3006 2155 aquibus
3031 2085 3269 2140 nondmn
3291 2087 3672 2156 praedictorum

2103 2197 2370 2236 annorum
2399 2195 2655 2234 numerus
2671 2187 2754 2233 est
2781 2180 3102 2248 completus.
3128 2177 3372 2234 Ecclesia
3405 2194 3533 2232 vero
3562 2177 3674 2231 llo-

2104 2289 2264 2328 mana
2293 2283 2419 2328 ante
2443 2273 2753 2326 inchoatum
2778 2271 3012 2324 schisma
3043 2269 3290 2339 pluribus
3324 2286 3489 2340 quam
3542 2286 3672 2341 sep-

2106 2365 2361 2433 tingentis
2396 2364 2553 2417 annis
2583 2377 2678 2432 per
2698 2377 2887 2433 azyma
2912 2363 3236 2418 conficiebat
3257 2364 3670 2418 sanctissimam

2101 2452 2341 2507 Teletam
2386 2453 2482 2524 (2).
2517 2452 2827 2506 Alexander
2872 2452 3017 2506 enim
3083 2452 3363 2508 Romanus
3404 2453 3674 2523 pontifex,

2100 2547 2192 2617 qui
2236 2547 2338 2600 sub
2373 2546 2612 2600 Adriano
2643 2546 2879 2614 glorioso
2919 2547 3183 2614 martyrio
3249 2547 3415 2601 vitam
3479 2547 3672 2613 ﬁnivit,

2105 2640 2342 2693 hostiam
2400 2639 2466 2692 de
2515 2653 2706 2708 azymo
2737 2639 2812 2708 (5)
2866 2639 3121 2693 Ecclesiae
3167 2637 3427 2692 Romanas
3460 2640 3674 2694 statuit.

2106 2732 2237 2786 Post
2271 2747 2430 2799 quem
2484 2746 2589 2784 non
2633 2746 2836 2800 paucos
2887 2731 3162 2786 lloinanos
3207 2731 3486 2801 pontilices
3535 2731 3679 2785 Deus

2105 2824 2304 2877 virtute
2332 2832 2388 2877 et
2413 2824 2692 2893 martyrio,
2747 2831 2801 2878 et
2845 2823 3133 2880 miraculis
3191 2825 3560 2892 glonﬁcavit:
3615 2834 3676 2876 ut

2105 2915 2266 2968 etiam
2295 2923 2536 2983 utraeque
2560 2925 2742 2985 partes
2774 2916 2829 2969 in
2889 2917 3097 2972 sanctis
3153 2931 3248 2970 eos
3312 2929 3678 2972 connumera-

1543 3053 1892 3109 BAllLAAMl
1921 3052 2194 3109 CONTRA
2231 3053 2546 3111 LATINOS.

425 3219 534 3254 των
561 3200 750 3269 ἄρχειν
779 3199 868 3252 τὸν
898 3199 1086 3253 πέιπαν
1112 3197 1379 3258 κελεύεις,
1429 3195 1679 3257 καὶτοὺς
1731 3194 1833 3262 μὲν
1879 3193 1975 3247 ἄλ·
2020 3197 2065 3259 C
2097 3193 2455 3266 ψηφιζόμεθα
2505 3201 2635 3268 περὶ
2677 3198 2785 3252 τῶν
2841 3197 3149 3268 πρεσϐείων
3201 3198 3301 3265 τῆς
3363 3198 3675 3267 ἁγιωτάτης

425 3292 550 3354 λους
577 3291 743 3344 αὐτὸν
783 3291 1137 3360 ἐπανορθοῦν,
1174 3290 1340 3344 αὐτὸν
1387 3288 1444 3342 δὲ
1468 3288 1558 3340 ὑπ’
1599 3287 1841 3351 οὐδενὸς,
1891 3287 1992 3341 καὶ

428 3385 738 3455 πράττοντα
767 3383 946 3437 ὁτιοῦν
974 3385 1068 3437 καὶ
1090 3384 1489 3450 δογματίζοντα
1512 3398 1528 3445 ς

1045 3477 1296 3529 ΚΕΦᾹΛ.
1327 3473 1398 3530 Δ’.

499 3571 748 3624 Μάλιστα
779 3571 832 3623 δὲ
872 3571 1105 3640 φανερὸν
1143 3573 1224 3623 ὅτι
1269 3569 1504 3641 ὕστερον
1552 3571 1657 3623 ὑπὸ
1693 3571 1799 3623 τῶν
1838 3570 2008 3637 ἁγίων

429 3662 695 3732 Πατέρων
733 3663 826 3713 καὶ
859 3663 966 3713 τῶν
991 3661 1412 3715 εὐσεϐεστάτων
1464 3661 1733 3730 βασιλέων
1793 3660 2008 3731 πρῶτος

429 3753 621 3824 θρόνος
670 3751 888 3820 ἐγένετο
940 3751 968 3802 ὁ
1009 3750 1252 3820 Ῥώμης,
1290 3751 1384 3802 καὶ
1434 3752 1489 3816 ἐξ
1525 3746 1599 3803 ὧν
1661 3750 1817 3803 αὐτοὶ
1852 3749 2009 3803 τοῦτο

428 3842 849 3912 ἐνομοθέτησαν.
881 3843 939 3896 Et
969 3842 1079 3912 γὰρ
1110 3837 1177 3912 ἦν
1235 3842 1504 3912 πρότερον
1545 3842 1780 3913 πρῶτος,
1840 3843 1934 3894 καὶ
1979 3843 2006 3895 ὁ

430 3934 728 3996 ἐπίσκοπος
765 3932 986 4000 Ῥώμης
1009 3932 1218 4002 ποιμὴν
1250 3933 1583 4001 οἰκουμένης
1605 3928 1694 4000 ἦν,
1728 3934 2008 3998 καταστὰς

430 4027 536 4080 ὑπὺ
568 4025 663 4081 τοῦ
717 4026 860 4079 θείου
892 4027 1100 4096 Πέτρου
1125 4043 1137 4057 ·
1165 4027 1266 4078 οὐκ
1305 4027 1370 4080 ἂν
1402 4027 1451 4078 οί
1525 4025 1792 4078 θειότατοι
1855 4025 2010 4094 βασι-

431 4119 544 4181 λεῖς
583 4118 998 4182 Κωνσταντῖνός
1048 4135 1108 4170 τε
1146 4119 1242 4171 καὶ
1298 4118 1699 4181 Ἰουστινιανδς,
1737 4119 1813 4181 ὡς
1853 4118 2008 4172 αὐτοὶ

432 4212 612 4282 κύριοι
670 4209 825 4274 ὄντες
870 4211 964 4264 τοῦ
1021 4211 1370 4280 πράγματος,
1409 4210 1830 4280 νομοθετοῦντες
1888 4211 2009 4264 ἔλε-

431 4321 548 4371 γον,
583 4321 602 4355 ι
638 4303 982 4373 Θεσπίζομεν
1005 4305 1091 4357 ἵνα
1129 4307 1156 4357 ό
1203 4305 1502 4366 ἐπίσκοπος
1539 4301 1759 4373 Ῥώμης
1791 4304 2006 4375 πρῶτος

430 4393 706 4468 ᾖπάντων
740 4394 1086 4464 τῶνίερέων.
1133 4414 1151 4448 ι
1187 4397 1412 4465 Πρῶτον
1461 4397 1560 4465 μὲν
1613 4397 1695 4450 ὅτι
1751 4397 1850 4449 οὐκ
1899 4396 2006 4450 ἔδει

434 4490 622 4556 νόμου,
657 4482 776 4539 εἶτα
835 4486 1023 4552 ἔδοξαν
1063 4486 1129 4539 ἂν
1189 4486 1429 4550 ἀσεϐεῖν,
1478 4487 1580 4555 τὴν
1648 4487 1741 4540 τοῦ
1794 4489 2004 4559 Πέτρου

433 4581 683 4647 ἐξουσίαν
720 4579 814 4632 καὶ
837 4578 1160 4645 νομοθεσίαν
1203 4580 1284 4640 είς
1337 4579 1566 4640 ἑαυτοὺς
1628 4579 2004 4649 ἐφελκόμενοι,

435 4671 531 4724 καὶ
600 4669 736 4736 ὅπερ
788 4669 995 4730 ἐκεῖνος
1061 4668 1167 4737 πρὸ
1229 4667 1501 4720 τοσούτων
1541 4669 1754 4737 χρόνων
1807 4665 1876 4738 ἦν
1925 4689 2010 4724 νο-

441 4762 770 4830 μοθετήσας,
842 4760 999 4813 τοῦτο
1060 4761 1217 4813 αὐτοὶ
1285 4759 1570 4824 θεσπίζειν
1641 4762 2007 4828 ἀπαυθαδιζό.

440 4874 613 4927 μενοι.

1037 4946 1288 5003 ΚΕΦᾹΛ.
1327 4949 1403 5004 Ε’.

506 5036 806 5090 Ἱέλευταία
827 5036 884 5090 δὲ
921 5037 1014 5089 τοῦ
1045 5036 1205 5105 λόγου
1241 5039 1537 5104 ἀπόδειξις,
1571 5041 1708 5111 πρὸς
1742 5041 1810 5112 ἢν
1829 5041 2005 5104 οὐδεὶς

435 5129 713 5180 ἀντειπεῖν
747 5129 813 5181 ἂν
839 5128 950 5198 ἔχοι
975 5128 1083 5180 τῶν
1106 5130 1417 5200 δεχομένων
1455 5133 1586 5196 τοὺς
1625 5133 1808 5203 ίεροὺς
1849 5133 2006 5186 κανό-

435 5237 553 5282 νας,
589 5223 617 5272 ὁ
681 5220 926 5281 εἰκοστὸς
958 5219 1144 5287 ὄγδοος
1205 5222 1382 5276 κανὼν
1410 5224 1510 5292 τῆς
1555 5226 1823 5296 τετάρτης
1853 5224 2008 5277 συνό-

432 5311 557 5363 δουο
594 5312 651 5374 ὅς
691 5329 846 5380 φησι,
888 5331 906 5362 ι
944 5313 1223 5383 Πανταχοῦ
1258 5307 1518 5377 τοῖςτῶν
1549 5316 1716 5384 ἁγίων
1753 5316 2006 5387 πατέρων

432 5403 580 5468 ὅροις
610 5403 890 5470 ἑπόμενοι,
945 5405 1041 5456 καὶ
1074 5404 1165 5456 τὸν
1196 5406 1400 5474 ἀρτίως
1437 5409 1858 5475 ἀναγνωσθέντα
1906 5425 2005 5461 κα-

434 5495 560 5545 νόνα
595 5495 702 5546 τῶν
734 5495 931 5548 ἑκατὸν
951 5500 1293 5566 πεντήκοντα
1317 5499 1754 5568 θεοφιλεστάτων
1778 5502 2004 5553 ἐπισκό-

435 5599 554 5636 πων
602 5587 983 5654 γνωρίζοντες,
1017 5586 1086 5639 τὰ
1116 5587 1254 5641 αὐτὰ
1307 5591 1403 5642 καὶ
1440 5592 1600 5660 ἡμεῖς
1631 5590 1888 5660 ὁρίζομεν
1913 5591 2006 5644 καὶ

503 5771 578 5838 (l)
632 5766 789 5840 Hine
824 5767 1278 5840 colligereglicet,
1343 5787 1453 5840 quo
1484 5764 1491 5771 ’
1519 5781 1762 5839 tempore
1806 5771 2003 5825 vixerit

432 5840 698 5961 illiarlaam.
753 5838 884 5894 CAN.
942 5867 1011 5876 —
1073 5839 1227 5906 Male,
1299 5838 1375 5895 ut‘
1417 5838 1690 5896 videbitttr
1744 5840 1999 5897 inferius.

479 5927 595 5963 λειω.
1681 5953 1690 5958 .

2124 3287 2454 3361 Ἐκκλησίας
2479 3291 3110 3351 Κωνσταντινουπόλεως
3135 3288 3270 3353 νέας
3301 3288 3542 3359 Ῥώμης.
3567 3290 3690 3342 Καὶ·

2110 3378 2220 3450 γὰρ
2254 3379 2331 3458 τῷ
2363 3380 2537 3451 θρόνῳ
2584 3382 2963 3452 πρεσϐυτέρας
3000 3380 3243 3450 Ῥώμης.
3277 3381 3365 3434 διὰ
3417 3384 3477 3434 τὸ
3525 3380 3680 3450 βασι-

2108 3473 2408 3544 )εύεινέτὴν
2438 3475 2592 3527 πόλιν
2629 3476 2872 3545 ἐκείνην,
2901 3475 2952 3527 οί
2983 3475 3230 3542 Πατέρες
3276 3475 3504 3535 εἰκότως
3539 3475 3680 3526 ἀπο-

2108 3565 2379 3620 δεδώκασι
2420 3566 2487 3618 τὰ
2521 3567 2810 3635 πρεσϐεία.
2850 3567 2958 3620 Καὶ
2996 3566 3072 3635 τῷ
3095 3566 3245 3636 αὐτῷ
3285 3566 3474 3635 σκοπῷ
3497 3565 3690 3618 κινού--

2113 3675 2264 3728 μενοι
2299 3659 2347 3711 οί
2383 3658 2580 3712 ἑκατὸν
2619 3659 2962 3725 πεντήκοντα
2995 3658 3403 3726 θεοφιλέστατοι
3444 3659 3677 3713 ἐπίσκο-

2105 3766 2224 3810 ποι,
2290 3747 2360 3801 τὰ
2420 3747 2510 3800 ίσα
2568 3747 2833 3818 πρεσϐεῖα
2879 3747 3184 3816 ἀπένειμαν
3253 3746 3332 3814 τῷ
3396 3746 3498 3814 τῆς
3549 3746 3678 3810 νέας

2116 3839 2338 3908 Ῥώμης
2361 3838 2654 3908 ἁγιωτάτῳ
2705 3838 2914 3908 θρόνῳ·
2957 3837 3195 3904 εὐλόγως
3262 3836 3543 3906 κρίνοντες
3577 3837 3678 3906 τὴν

2111 3932 2360 4002 βασιλείᾳ
2394 3933 2486 3984 καὶ
2521 3931 2815 4001 συγκλήτῳ
2841 3930 3167 3999 τιμηθεῖσαν
3189 3930 3368 3995 πόλιν,
3427 3930 3521 3982 καὶ
3569 3931 3679 3984 τῶν

2109 4025 2241 4078 ίσων
2272 4024 2653 4076 ἁπολαύουσαν
2687 4022 2996 4095 πρεσϐείων
3032 4024 3097 4092 τῇ
3136 4022 3486 4092 πρεσϐυτέρᾳ
3529 4021 3680 4091 βασι-

2107 4116 2212 4170 λίδι
2259 4115 2442 4187 Ῥώμῃ
2483 4117 2578 4170 καὶ
2617 4117 2675 4169 ἐν
2718 4120 2831 4179 τοῖς
2858 4117 3363 4186 ἐκκ).ησιαστικοῖς,
3409 4115 3486 4177 ὡς
3537 4115 3681 4166 ἐκεί-

2109 4225 2228 4276 νην,
2267 4207 2672 4276 μεγαλύνεσθαι
2723 4209 3036 4277 πράγμασι,
3089 4208 3352 4276 δευτέραν
3387 4207 3506 4277 μετ’
3537 4206 3681 4259 ὲκεί-

2109 4317 2207 4370 νην
2243 4300 2624 4370 ὑπάρχουσαν.
2665 4318 2686 4352 ι
2725 4299 2921 4367 Σαφῶς
2960 4302 3070 4370 ἄρα
3103 4296 3261 4362 οὗτος
3291 4303 3318 4353 ὁ
3351 4299 3534 4352 κανὼν
3564 4301 3682 4353 δια-

2108 4390 2330 4460 γορεύει
2387 4391 2483 4442 καὶ
2557 4393 2663 4444 ὑπὸ
2717 4392 2866 4455 τίνος
2927 4394 3145 4459 ἐγένετο
3208 4392 3401 4468 πρώτη
3484 4395 3515 4463 ἡ
3581 4395 3680 4462 τῆς

2122 4481 2341 4550 Ῥώμης
2394 4481 2655 4553 καθέδρα,
2716 4485 2812 4536 καὶ
2865 4483 2962 4554 τὴν
3026 4485 3245 4538 αἰτίαν·
3278 4485 3362 4538 ὅτι
3412 4485 3518 4537 ὑπὸ
3571 4486 3700 4538 τῶν·

2113 4571 2390 4640 Πατέρων,
2443 4574 2538 4626 καὶ
2577 4573 2666 4626 διὰ
2730 4575 2788 4626 τὸ
2849 4570 2992 4627 εἶναι
3049 4576 3147 4647 τὴν
3204 4576 3361 4630 πόλιν
3433 4576 3684 4647 βασιλεύ-

2114 4684 2174 4720 ου
2184 4683 2304 4723 σαν,

2675 4763 2929 4818 ΚΕΦΑΛ.
2977 4762 3068 4830 ς’.

2185 4860 2321 4929 Περὶ
2358 4859 2414 4911 δὲ
2443 4859 2552 4911 τῶν
2597 4855 2905 4925 πρεσϐείων
2934 4855 3027 4907 τοῦ
3050 4857 3212 4924 τῆσδε
3234 4857 3330 4924 τῆς
3375 4857 3681 4924 μεγαλοπό-

2114 4949 2246 5013 λεως
2315 4951 2506 5021 θρόνου
2552 4951 2579 5002 ὁ
2650 4948 2748 5016 μὲν
2809 4949 2990 5016 τρίτος
3029 4945 3210 5000 κανὼν
3263 4948 3361 5015 τῆς
3421 4947 3679 5016 δευτέρας

2113 5043 2327 5095 συνόδου
2362 5044 2389 5094 ό
2421 5039 2611 5109 παρὼν
2641 5038 2904 5110 ἐμνήσθη,
2958 5041 3050 5092 καὶ
3105 5039 3261 5108 φησὶ,
3304 5057 3323 5089 ι
3360 5039 3463 5092 Τὸν
3495 5041 3678 5109 μέντοι

2110 5133 2743 5194 Κωνσταντινουπόλεως
2778 5132 3101 5193 ἐπίσκοπον,
3135 5131 3224 5184 διὰ
3253 5133 3313 5183 τὸ
3341 5127 3478 5183 εἶναι
3507 5133 3678 5202 αὐτὴν

2113 5226 2235 5276 νέαν
2271 5222 2516 5293 Ῥώμην,
2588 5221 2731 5292 ἔχειν
2782 5223 2850 5275 τὰ
2903 5221 3170 5292 πρεσϐεῖα
3200 5221 3302 5289 τῆς
3332 5221 3496 5290 τιμῆς
3540 5223 3695 5291 μετὰ·

2109 5316 2200 5369 τὸν
2229 5317 2327 5379 τῆς
2366 5315 2584 5384 Ῥώμης
2617 5315 2914 5367 ἐπίσκοπον
2941 5330 2955 5344 '
2989 5333 3006 5365 ι
3038 5316 3064 5365 ό
3093 5313 3150 5365 δέ
3183 5314 3502 5383 τριακοστὸς
3523 5313 3678 5376 ἕκτος

2103 5411 2202 5478 τῆς
2256 5408 2422 5477 ἓκτης
2479 5408 2679 5475 φησὶν,
2746 5425 2765 5458 t
2807 5405 3218 5474 Ἀνανεούμενοι
3275 5406 3345 5457 τὰ
3401 5406 3677 5474 παρὲτῶν

2104 5499 2300 5552 ἑκατὸν
2330 5500 2673 5568 πεντήκοντα
2703 5497 2873 5564 ἁγίων
2903 5497 3161 5566 Πατέρων
3196 5494 3306 5547 τῶν
3345 5497 3416 5548 ἐν’
3436 5497 3501 5564 τῇ
3553 5493 3676 5545 θεο-

2107 5590 2366 5659 φυλάκτῳ
2397 5589 2572 5659 ταύτῃ
2602 5589 2694 5642 καὶ
2719 5587 2952 5656 βασιλίδι
2987 5587 3142 5639 πόλει
3183 5585 3549 5639 συνελθόντων
3577 5584 3690 5638 καὶ-

2184 5768 2261 5834 (2)
2292 5768 2344 5822 Id
2379 5779 2458 5822 est
2490 5768 2730 5820 Missam.

2185 5840 2260 5907 (5)
2303 5838 2394 5908 ,ωε
2435 5839 2640 5908 azymis
2682 5837 2814 5908 vide
2843 5851 2964 5906 qua;
2990 5834 3387 5908 Mabillonius»
3424 5835 3576 5906 praef.
3607 5833 3694 5890 adt

2116 5905 2254 5963 Ann.
2291 5907 2416 5960 Ben.
2457 5905 2513 5963 ct
2530 5909 2675 5962 Bona
2709 5910 2760 5963 in
2794 5905 3087 5979 Liturgicis
3115 5908 3333 5966 habent.
3358 5905 3517 5965 Daem
