4064 6460
497 439 633 505 1267

1611 454 2008 520 BARLAAMI
2052 463 2153 521 DE
2188 465 2650 530 SEMINARIA-

3619 482 3635 541 Ξ
3646 482 3740 546 263

481 571 622 616 rent.
657 562 924 617 Simililer
958 560 1224 634 Spiritum
1258 575 1511 624 sanctum
1543 586 1607 626 ex
1638 571 1803 631 Patre
1821 576 2069 647 Filioque
2096 589 2143 639 Α
2176 595 2316 652 rent,
2348 590 2492 645 nolle
2520 592 2743 648 credere
2800 594 3039 648 nondum
3068 603 3280 650 tantum
3331 606 3477 653 esset
3523 601 3738 655 malunt-

484 665 744 725 tauquam
773 671 840 709 ex
871 672 980 709 uno
1004 658 1278 728 principio
1325 664 1645 733 procedere,
1704 669 1919 724 videtur
1970 670 2073 725 Ec-

483 749 648 805 clesia
712 749 959 806 Romana
1013 760 1204 808 tenere
1260 765 1387 810 ante
1444 757 1765 815 inchoatum
1828 764 2069 820 schisma

484 838 734 906 pluribus
757 855 920 906 quant
954 841 1373 913 quadringentis
1403 848 1586 904 annis.
1632 847 1783 905 Beati
1816 854 1962 907 enim
1994 853 2070 907 illi

480 930 605 996 viri,
638 931 857 987 divinus
883 919 1257 1002 Augustulus,
1306 939 1631 1017 Ambrosius
1695 942 2071 1000 Mediolancn-

480 1024 579 1085 sis.
615 1034 670 1078 ct
700 1024 1087 1098 llierouymus,
1119 1030 1209 1095 qui
1245 1031 1567 1087 claruerunt
1605 1035 1755 1091 circa
1817 1048 2070 1110 tempora

479 1120 771 1176 Theodosii
803 1122 1021 1193 Magni;
1067 1143 1136 1180 ex
1166 1144 1277 1198 quo
1324 1133 1705 1200 pr:rtericrunt
1733 1151 2070 1204 usqueuunc

477 1215 666 1281 p'ures
689 1230 851 1281 quam
875 1214 1176 1284 octingenti
1213 1221 1382 1285 anni;
1421 1238 1560 1291 quos
1592 1222 1915 1277 Latinorum
1972 1224 2072 1279 Ec-

477 1307 641 1360 clesia
672 1307 930 1363 doctores
980 1320 1031 1364 et
1058 1314 1293 1381 regulas,
1328 1315 1547 1381 pietatis
1615 1317 1781 1371 duces
1827 1317 2065 1383 habuit;

480 1400 539 1454 hi
605 1401 847 1457 divinam
900 1404 1230 1475 ~aperientes
1289 1407 1656 1477 Scripturam,
1705 1412 1894 1465 multis
1934 1412 2067 1467 locis

477 1510 703 1549 sum'um
737 1512 964 1567 operum
1001 1498 1299 1554 manifeste
1359 1512 1571 1569 notant,
1626 1505 1774 1573 quod
1832 1506 2069 1574 Spiritus

477 1604 708 1645 sanctus
758 1608 824 1646 ex
877 1593 1030 1649 Patre
1063 1595 1312 1665 Filioque
1338 1606 1600 1667 tauquam
1652 1615 1719 1653 ex
1755 1616 1863 1655 uno
1922 1601 2071 1671 prin-

475 1685 620 1754 cipio
641 1687 906 1755 procedit.
1456 1730 1469 1764 ι

546 1781 615 1833 At
650 1797 774 1833 vero
805 1779 1084 1836 Romanus
1116 1781 1358 1853 poutilex
1389 1785 1583 1840 beatus
1617 1785 1944 1853 Gregorius,
1972 1789 2064 1857 qui

474 1873 681 1927 dicitur
701 1873 869 1929 fuisse
889 1876 1324 1937 sublustiniano
1371 1889 1499 1932 ante
1551 1880 1792 1934 schisma
1815 1882 2066 1948 pluribus

474 1982 637 2034 quam
676 1971 935 2024 trecentis
960 1972 1139 2035 anuis,
1177 1972 1492 2041 superiores
1520 1989 1651 2028 suos
1682 1983 1736 2027 et
1800 1974 1915 2042 ipse
1976 1992 2064 2029 se-

472 2073 670 2126 quens,
694 2061 941 2114 eamdem
967 2063 1032 2115 de
1050 2061 1253 2128 Spiritu
1282 2071 1477 2117 sancto
1509 2065 1676 2118 tradit
1704 2065 2061 2121 sententiam.

473 2153 652 2217 Quare
684 2152 731 2206 si
778 2153 1103 2209 rationabile
1138 2166 1312 2221 esset,
1376 2168 1598 2225 promer
1625 2158 1724 2211 has
1769 2173 1969 2215 causas
2032 2176 2059 2212 a

472 2243 685 2299 Latinis
714 2245 921 2311 dividi,
959 2258 1241 2316 Oporteret
1282 2250 1480 2319 utique
1514 2251 1583 2304 ab
1617 2251 1776 2306 initio
1835 2252 1940 2307 hoc
1978 2253 2061 2307 ia-

470 2350 634 2400 cere,
670 2345 724 2389 et
779 2352 957 2407 neque
1007 2348 1228 2393 sanctos
1286 2340 1390 2394 hoc
1432 2342 1711 2409 sapientes
1772 2350 1828 2395 et
1871 2358 2059 2413 azyma

470 2427 825 2484 immolantes
850 2442 1067 2500 putare,
1093 2448 1268 2502 neque
1284 2435 1603 2489 communia
1643 2434 1882 2490 concilia
1930 2452 2056 2491 cum

469 2520 551 2574 eis
588 2524 694 2590 ρειιί
727 2522 927 2577 facere.
957 2523 1115 2580 Nunc
1143 2536 1323 2581 autem
1363 2539 1482 2595 post
1513 2545 1617 2582 una
1653 2543 1777 2583 cum
1804 2529 1884 2584 eis
1913 2530 2057 2584 cele-

471 2614 626 2669 brato
654 2625 860 2684 septem
896 2619 1135 2678 concilia
1174 2620 1473 2688 generalia,
1498 2630 1553 2675 et
1608 2622 1811 2677 multos
1868 2638 2059 2694 azyma

471 2707 874 2772 sacriﬁcantes,
911 2719 963 2763 et
989 2712 1304 2777 praadictam
1338 2713 1405 2766 de
1429 2714 1638 2783 Spiritu
1671 2726 1866 2793 sunt'lo
1927 2732 2057 2772 seu-

470 2800 698 2857 tentiam
732 2804 784 2857 iu
812 2805 929 2859 suis
954 2806 1175 2874 scriptis
1207 2806 1499 2863 manifeste
1518 2809 1899 2879 prmdieantes,
1929 2826 2057 2865 sau-

469 2906 592 2950 ctos
617 2896 759 2950 etab
797 2896 932 2966 ipsis
964 2898 1169 2952 Graecis
1216 2908 1521 2968 reputatos,
1588 2917 1814 2972 prepter
1862 2906 2054 2959 eadem

470 2989 608 3057 ipsa,
647 2999 765 3059 post
799 2982 1001 3046 multos
1035 3008 1233 3055 annos,
1273 2994 1411 3049 velle
1454 2994 1523 3047 ab
1550 2998 1629 3051 eis
1670 2997 1863 3061 dividi,
1918 3013 2057 3067 quo-

471 3084 634 3137 modo
667 3094 942 3138 nent-aret
972 3090 1121 3139 omni
1156 3087 1412 3142 ratione?
1443 3087 1770 3159 Quanquam
1811 3090 1889 3144 tle‘
1930 3092 2056 3159 Spi-

474 3177 581 3230 ritu
621 3186 832 3244 s.mcto,
859 3180 904 3234 si
933 3180 1036 3233 soli
1077 3180 1223 3235 illius
1256 3181 1453 3251 linguze
1503 3179 1695 3237 Patres
1722 3184 1827 3237 hoc
1878 3187 2055 3238 trade-

2246 680 2402 737 Nunc
2447 695 2630 740 autem
2657 696 2714 741 et
2745 686 2949 743 Grmca:
2978 687 3177 760 linguae
3215 691 3468 750 Patribus
3513 695 3765 767 idipsum’

2176 774 2613 840 prredieanttbus
2646 796 2659 832 :
2692 780 2904 835 scilicet
2938 780 3135 852 Magno
3159 781 3362 840 Basilio
3392 787 3446 841 in
3472 789 3745 845 Antirrbc-

2175 866 2322 930 ticis,
2343 878 2534 926 saneto
2556 872 2880 938 Athanasio.
2922 876 3111 931 multis
3139 877 3274 934 locis
3322 889 3510 936 sancto
3528 881 3741 954 Cyrillo,

2172 971 2363 1014 sancto
2390 961 2653 1032 Gregorio
2680 983 2692 1029 ;
2725 969 3001 1035 quomodo
3040 984 3148 1023 non
3182 971 3477 1027 absurdum
3500 983 3606 1038 est,
3656 990 3744 1030 eos

2172 1053 2264 1121 qui
2292 1054 2484 1109 eadem
2523 1072 2669 1112 nunc
2700 1059 2806 1115 illis
2859 1063 3082 1129 sapiunt
3138 1063 3421 1120 haereticos
3452 1069 3743 1136 reputare?

2173 1144 2286 1216 Ego
2302 1149 2507 1218 quippe
2535 1167 2641 1205 non
2666 1152 2872 1206 habens
2915 1154 3079 1223 hujus
3103 1156 3178 1210 rei
3202 1158 3741 1226 demonstrationem,

2172 1250 2226 1294 et
2257 1242 2446 1296 videns
2471 1255 2679 1298 tantum
2703 1248 3002 1302 exercitum
3027 1249 3245 1304 Patrum
3273 1250 3375 1306 hoc
3396 1253 3740 1321 sapientium,

2172 1341 2337 1401 atque
2363 1334 2585 1391 decreto
2619 1338 2709 1392 Dei
2768 1349 2996 1394 matrem
3052 1340 3421 1397 Eeclesiarum
3473 1344 3523 1399 id
3573 1344 3739 1412 ipsum

2172 1422 2631 1483 determinautem
2662 1468 2676 1491 ,
2708 1446 2814 1484 non
2869 1440 3047 1486 tutum
3096 1449 3216 1490 esse
3264 1450 3537 1504 cognosco
3594 1437 3742 1491 aliter

2171 1532 2381 1585 sapere.
2421 1519 2743 1588 Quapquazn
2772 1524 2817 1577 si
2851 1527 3113 1579 contrarii
3141 1528 3533 1582 demonstratio
3581 1528 3741 1583 babe-

2174 1621 2342 1674 rrtnr,
2400 1623 2451 1667 et
2490 1630 2577 1669 res
2631 1616 2791 1685 huius
2841 1628 2987 1672 esset
3035 1621 3338 1689 perceptiva
3369 1661 3382 1682 ,
3444 1636 3620 1690 neque
3667 1622 3742 1677 sic

2172 1714 2449 1774 opmteret
2472 1707 2613 1776 piam
2646 1710 3161 1776 considerationem.
3196 1723 3468 1768 tantorum
3503 1713 3737 1778 Patrum,

2172 1811 2236 1851 ac
2261 1797 2406 1852 sedis
2437 1798 2576 1852 beati
2612 1800 2754 1855 Petri
2784 1804 3070 1859 sententiae
3097 1806 3385 1860 humanam
3410 1804 3742 1860 demonstra-

2177 1888 2378 1941 tionem
2406 1899 2761 1958 anteponere.
2792 1891 2958 1948 Multa
2991 1895 3135 1949 enim
3190 1895 3740 1951 demonstrationibus

2169 1978 2506 2034 dissonantia
2540 1990 2729 2036 nostra
2760 1983 2921 2039 docet
2972 1986 3186 2057 religio.

2238 2070 2305 2124 At
2339 2086 2468 2125 vero
2491 2081 2547 2127 et
2586 2074 2652 2129 de
2675 2076 2882 2146 azymis
2914 2092 3037 2132 eum
3070 2078 3419 2135 manifestum
3450 2080 3543 2144 sit,
3597 2079 3733 2151 quod

2167 2162 2221 2216 in
2247 2180 2401 2218 sacra
2436 2164 2725 2234 Scriptura
2758 2170 2921 2239 panis
2947 2172 3277 2237 nominetur,
3303 2174 3418 2229 sive
3440 2173 3726 2229 fermenta-

2169 2265 2256 2310 tus
2289 2258 2377 2322 sit,
2412 2256 2531 2311 sive
2560 2274 2805 2330 azyntus,
2831 2263 3050 2331 etquod
3078 2278 3200 2319 sero
3248 2265 3395 2320 illius
3421 2281 3594 2321 sacrze
3639 2281 3736 2320 eo:-

2164 2362 2267 2411 na‘,
2297 2348 2494 2418 prima,
2527 2359 2585 2403 ut
2637 2352 2790 2407 aiunt
2839 2363 2948 2409 tres
3005 2356 3374 2426 evangelisue,
3424 2373 3732 2429 azymorum

2162 2449 2313 2496 erat:
2340 2442 2393 2495 iu
2418 2456 2525 2511 qua
2559 2459 2666 2498 non
2697 2454 2907 2500 tantum
2938 2448 3152 2502 comedi
3200 2464 3395 2519 panem
3443 2449 3729 2506 fermenta-

2164 2544 2275 2590 tum
2307 2549 2335 2587 a
2371 2551 2648 2606 quoquam
2714 2535 2924 2602 Judzeo,
2976 2556 3086 2597 non
3146 2541 3362 2607 licebat,
3412 2544 3507 2599 sed
3570 2559 3734 2614 neque

2162 2629 2387 2683 oumino
2416 2630 2468 2682 in
2500 2632 2663 2684 domu
2699 2630 3190 2701 Judzei,inveniri;
3233 2648 3289 2691 et
3331 2638 3469 2704 quod
3521 2638 3629 2693 duo
3659 2639 3737 2692 di-

2161 2720 2360 2789 scipuli
2396 2723 2549 2778 missi
2602 2734 2732 2779 sunt
2776 2726 2841 2780 ad
2899 2730 3315 2797 praeparandum
3367 2731 3420 2785 in
3456 2731 3730 2787 Cinnaequ

2162 2813 2334 2885 legale
2357 2824 2413 2870 et
2440 2826 2724 2872 assuetum
2753 2817 2984 2884 Pascha,
3020 2828 3077 2876 et
3104 2823 3271 2890 quod,
3304 2832 3360 2878 ut
3379 2824 3535 2878 aiunt
3566 2824 3729 2878 Eran-

2158 2907 2423 2979 geliorum
2456 2910 2817 2978 cxpositores,
2848 2914 3129 2976 omnibus.
3161 2931 3284 2984 quia
3334 2918 3627 2973 secundum
3653 2917 3724 2971 le-

2159 3002 2476 3071 gemferant,
2496 3005 2912 3071 consummatis,
2942 3006 3190 3063 Salvator
3208 3025 3345 3079 pane
3368 3021 3610 3080 accepto,
3629 3026 3729 3065 coa—

2160 3094 2311 3147 lestia
2341 3096 2560 3150 tradidit
2602 3108 2987 3156 sacramenta:
3052 3100 3145 3168 qui
3212 3117 3292 3170 ρει·
3320 3103 3365 3167 is
3418 3102 3729 3170 intelligitur

2159 3202 2281 3242 esse
2313 3202 2377 3242 ex
2406 3188 2519 3251 illo.
2548 3191 2641 3258 qui
2675 3200 2809 3245 tunc
2831 3202 3051 3262 pmpler
3072 3193 3246 3265 legale
3291 3194 3495 3252 Pascha
3533 3212 3729 3268 praepa-

1585 3326 1940 3383 BAliLAMll
1970 3328 2252 3385 CONTRA
2281 3330 2604 3389 LATINOS.

471 3534 675 3588 θόντων
739 3534 1203 3605 νομεθετηθέντα,
1266 3537 1524 3606 ὁρίζομεν
1579 3537 1719 3591 ὥστε
1772 3538 1865 3591 τὸν
1901 3540 2054 3592 Κων-

469 3627 973 3692 σταντινουπόλεως
1012 3630 1204 3699 θρόνον
1244 3630 1354 3682 τῶν
1415 3633 1548 3684 ἴσων
1580 3631 1883 3699 ἀπολαύειν
1923 3651 2058 3703 πρε.-

476 3721 678 3772 σῦείων
702 3719 795 3773 τοῦ
827 3723 927 3791 τῆς
952 3722 1337 3794 πρεσϐυτέρας
1373 3722 1593 3793 Ῥώμης
1625 3725 1841 3792 θρόνου,
1876 3727 1970 3779 καὶ
1998 3730 2056 3780 ἐν

473 3818 587 3875 τοῖς
643 3815 1148 3884 ἐκκλησιαστικαῖς,
1208 3818 1284 3880 ὠς
1352 3819 1585 3880 ἐκεῖνον,
1651 3819 2054 3887 μεγαλύνεσθαι

467 3909 791 3977 πράγμασι,
823 3908 1082 3978 δεύτερον
1121 3911 1244 3978 μετ’
1286 3912 1495 3964 ἐκεῖνον
1556 3911 1876 3981 ὑπάρχοντα
1933 3915 2055 3982 μεθ’

465 4002 528 4055 δν
558 4004 586 4055 ὁ
629 4002 730 4073 τῆς
765 4002 1166 4074 Ἀλεξανδρέων
1221 4005 1648 4072 μεγαλοπόλεως
1707 4006 2053 4077 ὰριθμείσθω

467 4095 690 4163 θρόνος*
727 4094 847 4147 εἶτα
869 4098 896 4148 ό
926 4096 1027 4163 τῆς
1075 4097 1428 4166 Ἀντιοχέων·
1482 4098 1577 4150 καὶ
1636 4098 1775 4167 μετὰ
1805 4099 1995 4153 τοῦτον
2024 4102 2053 4154 ὁ

463 4191 564 4259 τῆς
606 4190 1060 4260 Ἱεροσολυμιτῶν
1089 4191 1321 4254 πόλεως.
1349 4191 1427 4262 Τῇ
1460 4190 1519 4244 δὲ
1580 4193 1851 4264 ἑκατοστῇ
1889 4211 2048 4264 τριαο

461 4285 631 4354 κοστῇ
689 4284 884 4356 πρώτῃ
929 4284 1125 4355 Νεαρᾷ
1181 4282 1275 4336 τοῦ
1314 4283 1716 4338 εὐσεϐεστάτου
1782 4285 2051 4353 βασιλέως

477 4375 863 4429 Ἰουστινιανοῦ
893 4376 1037 4429 οὕτω
1084 4377 1241 4445 φησί’
1284 4395 1303 4428 ι
1349 4375 1695 4446 Θεσπίζομεν
1753 4379 1842 4431 τὸν
1876 4378 2049 4445 ἁγιώ-

462 4488 626 4525 τατον
659 4471 760 4541 τῆς
786 4470 1170 4541 πρεσϐυτέρας
1204 4470 1421 4542 Ῥώμης
1445 4471 1639 4524 πάπαν
1659 4472 1877 4541 πρῶτον
1907 4468 2048 4523 εἶναι

463 4565 687 4617 πάντων
716 4564 825 4616 τῶν
860 4564 1088 4635 ἱερέωνο
1122 4565 1215 4617 τὸν
1247 4565 1304 4617 δὲ
1365 4564 1795 4636 μακαριώτατον
1855 4565 2048 4632 ἀρχιε-

462 4659 738 4709 πίσκοπον
776 4656 1416 4718 Κωνσταντινουπόλεως
1483 4658 1611 4720 νέας
1652 4655 1871 4727 Ῥώμης
1928 4656 2049 4708 δευ-

466 3441 580 3492 τῶν
606 3440 907 3505 ἑξακοσίων
934 3442 1231 3513 τριάκοντα
1280 3443 1387 3495 τῶν
1420 3445 1476 3497 ἐν
1513 3444 1826 3515 Χαλκηδόνι
1862 3431 2051 3499 συνελ-
2082 3450 2123 3508 C
2160 3446 2271 3499 τῶν
2299 3456 2357 3501 τε
2392 3447 2553 3502 θείων
2583 3450 2904 3505 ἀποστόλων
2926 3453 3024 3507 καὶ⁵
3053 3451 3165 3507 τῶν
3192 3452 3365 3521 ἁγίων
3392 3455 3532 3511 ἑπτὰ
3559 3460 3729 3512 οἰκου-

2161 3540 2400 3609 μενικῶν
2430 3542 2689 3608 συνόδων,
2723 3543 3006 3611 ἀνάγνωθι
3029 3543 3257 3608 τούτους
3303 3548 3600 3617 ἐπιμελῶς.
3623 3551 3727 3605 Καὶ

2158 3631 2215 3685 εἴ
2235 3650 2337 3685 που
2364 3632 2535 3706 εὕρῃς
2568 3634 2774 3688 κανόνα
2803 3634 3182 3707 διοριζόμενον
3204 3637 3287 3690 ὅτι
3313 3640 3397 3692 δεῖ
3432 3640 3520 3693 τὸν
3546 3641 3725 3695 πάπαν

2156 3727 2218 3779 τὸ
2254 3726 2422 3796 κῦρος
2457 3727 2602 3798 ἔχειν
2627 3729 2732 3798 τῆς
2771 3729 2883 3782 τῶν
2948 3731 3307 3802 πατριαρχῶν
3353 3735 3688 3801 χειροτονίας
3712 3753 3723 3766 ·

2157 3818 2340 3883 δεῖξον
2373 3820 2507 3888 ἡμῖν
2545 3820 2726 3884 τοῦτο,
2763 3821 2856 3873 καὶ
2889 3821 3208 3890 νενίκηκας.
3266 3822 3327 3876 Ei
3355 3823 3410 3878 δὲ
3441 3824 3600 3879 τοῦτο
3630 3827 3724 3879 οὐκ

2156 3912 2222 3966 ἄν
2248 3928 2379 3964 ποτε
2410 3912 2556 3981 ἔχοις
2585 3913 2791 3981 εὑρεῖν,
2823 3913 2885 3965 ἐκ
2943 3913 3111 3978 ποίας
3166 3915 3413 3985 ἀνάγκης
3466 3918 3724 3986 δεξόμεθα

2155 4001 2299 4073 ἅπερ
2338 4004 2395 4069 ἐξ
2462 4005 2674 4067 οἰκείας
2704 4006 2768 4059 σὺ
2818 4006 2922 4077 φῂς
2949 4006 3232 4074 διανοίας,
3295 4010 3525 4062 Ἔπειτα
3572 4012 3655 4075 τίς
3695 4010 3723 4065 ὁ

2154 4094 2314 4164 λόγος
2343 4097 2439 4149 τοῦ
2475 4098 2586 4150 τῶν
2645 4097 3042 4167 Ἰεροσολύμων
3081 4100 3419 4162 ἐπισκόπους
3479 4102 3584 4156 ὑπὸ
3632 4102 3719 4156 τοῦ

2155 4189 2313 4253 πάπᾳ
2347 4190 2777 4260 χειροτονεῖσθαι
2801 4210 2815 4257 ;
2853 4191 2992 4245 Οὔτε
3019 4193 3127 4263 γὰρ
3154 4195 3181 4246 ό
3202 4193 3721 4261 άδελφόθεοςἸάκω-

2153 4284 2248 4347 6ος
2283 4284 2388 4337 ὑπὸ
2411 4284 2506 4338 τοῦ
2536 4286 2746 4354 Πέτρου
2772 4287 3249 4356 κεχειροτόνηται,
3288 4284 3411 4339 οὔτε
3424 4288 3515 4340 τὸν
3532 4288 3715 4342 τούτου

2151 4374 2400 4445 διάδοχον
2426 4375 2653 4446 εὔλογον
2689 4377 2764 4447 μὴ
2790 4376 2949 4432 ἄλλον
2980 4371 3145 4443 εἶναι,
3177 4377 3227 4430 εί
3259 4378 3335 4449 μὴ
3356 4377 3544 4433 τοῦτον
3576 4381 3717 4434 όπάο

2152 4486 2262 4534 πας
2292 4487 2374 4541 χει
2383 4472 2577 4542 ροτονή
2589 4487 2755 4526 σειεν.

2755 4564 3011 4617 ΚΕΦΑΛ.
3049 4566 3122 4619 Ζ¹.

2224 4657 2436 4711 Ἐκεῖνο
2466 4657 2523 4712 δὲ
2561 4658 2677 4721 πῶς
2708 4659 2851 4728 ὑμᾶς
2872 4657 3122 4727 λέληθεν,
3157 4658 3239 4711 ὅτι
3286 4656 3474 4729 ὥσπερ
3503 4658 3593 4710 τδν
3623 4656 3716 4725 τῆς

461 4755 631 4823 τέραν
669 4749 824 4816 τάξιν
882 4751 1107 4820 ἐπέχειν
1161 4750 1304 4817 μετὰ
1342 4750 1437 4802 τὸν
1503 4748 1810 4816 ἁγιώτατον
1855 4750 2046 4819 θρόνον
2081 4778 2121 4832 D
2151 4752 2277 4815 νέας
2315 4750 2539 4822 Ῥώμης
2573 4753 2875 4804 ἐπίσκοπον
2905 4751 3162 4820 δεύτερον
3188 4754 3253 4822 τῇ
3279 4751 3432 4818 τάξει
3492 4753 3598 4805 ἀπὸ
3626 4750 3713 4804 τοῦ

460 4848 558 4915 τῆς
595 4844 976 4914 πρεσϐυτέρας
1026 4842 1279 4912 Ῥώμης,
1344 4842 1451 4896 τῶν
1485 4842 1542 4895 δὲ
1593 4841 1771 4894 ἄλλων
1824 4843 2045 4895 πάντων

466 4939 876 5011 προτιμᾶσθαι.
911 4936 1002 5007 Τῷ
1032 4939 1128 5005 μὲν
1158 4930 1253 4988 οὖν
1281 4932 1554 5003 ἀξιώματι
1603 4935 1717 4987 ῖσον
1751 4929 1891 4987 εἶναι
1920 4936 2043 4988 ὲνο-

467 5034 801 5103 μοθέτησαν,
846 5033 942 5081 καὶ
986 5028 1062 5089 ὡς
1112 5027 1327 5077 ἐκεῖνον
1364 5027 1422 5077 ὲν
1478 5027 1592 5088 τοῖς
1652 5025 2043 5095 ἐκκλησιαστι-

463 5128 580 5190 κοῖς
632 5122 1042 5195 μεγαλύνεσθαι
1071 5118 1388 5191 πράγμασι,
1449 5120 1514 5187 τῇ
1552 5118 1707 5183 τάξει
1762 5119 1820 5173 δὲ
1865 5119 2049 5173 δεύτε-

464 5236 556 5287 ρον
582 5236 595 5250 ·
635 5219 734 5288 οὐχ
764 5215 910 5270 οὕτω
935 5215 991 5267 δὲ
1028 5211 1308 5278 δεύτερον,
1356 5210 1498 5264 ὥστε
1525 5212 1617 5266 ὑπ’
1673 5215 1887 5268 ἐκείνου
1929 5234 2046 5286 χει-

464 5308 824 5378 ροτονεῖσθαι.
877 5305 1017 5361 Οὔτε
1050 5306 1160 5374 γὰρ
1199 5297 1376 5369 οὗτος,
1412 5303 1540 5359 οὔτε
1597 5306 1757 5371 ἄλλος
1787 5326 1872 5372 τις
1933 5312 2044 5365 τῶν

461 5400 823 5473 πατριαρχῶν
850 5399 955 5452 ὑπὸ
986 5397 1081 5451 τοῦ
1129 5398 1287 5451 πάπα
1327 5401 1742 5470 ἐχειροτονεῖτο.
1789 5403 1898 5472 Τῆς
1944 5406 2042 5472 μὲν

458 5495 567 5565 γὰρ
607 5492 948 5565 χειροτονίας
1013 5490 1124 5544 τῶν
1168 5494 1491 5546 ἐπισκόπων
1519 5497 1647 5559 τοὺς
1679 5497 1737 5547 ἐν
1782 5497 2040 5562 ἑκάστοις

464 5585 873 5659 μητροπολίτας
905 5585 1050 5656 ἔχειν
1074 5585 1133 5639 τὸ
1161 5586 1349 5657 κῦρος,
1401 5586 1626 5651 τούτους
1679 5588 1736 5641 δὲ
1782 5589 1888 5643 ὑπὸ
1932 5589 2041 5645 τῶν

461 5680 822 5753 πατριαρχῶν
872 5681 1322 5750 χειροτονεῖσθαι,
1361 5680 1452 5750 ὑφ’
1491 5681 1550 5734 ὃν
1608 5682 1840 5744 ἕκαστος
1893 5684 2031 5752 ἁνή-

459 5787 589 5840 γετο
620 5772 833 5842 θρόει-«ς,
869 5776 917 5828 οἱ
969 5776 1124 5841 νόμοι
1182 5774 1506 5827 ὲθέσπισαν.
1576 5774 1932 5845 Πατριάρχας
1984 5775 2041 5829 δὲ

459 5865 566 5917 ὑπο
597 5865 690 5919 τοῦ
728 5867 885 5920 πάττα
916 5866 1348 5939 χειροτονεῖσθαι
1402 5868 1582 5926 οὐδεὶς
1626 5867 1794 5934 νόμος
1818 5867 2040 5919 ἐκέλευ-

469 5974 576 6012 σεν.
612 5958 678 6013 'li
719 5960 778 6013 σύ
813 5980 873 6031 γε
905 5960 1085 6016 λαῦὼν
1125 5963 1183 6015 ἐν
1225 5963 1383 6032 χερσὶ
1406 5961 1528 6023 τοὺς
1565 5960 1746 6030 ἱερεὺς
1799 5962 2036 6025 κανόνας

2152 4843 2311 4897 πάπα
2356 4843 2975 4911 οἱκανόνεςλὼρίσαντο,
3011 4842 3156 4897 οὕτω
3182 4843 3246 4913 δὴ
3282 4847 3375 4896 καὶ
3434 4845 3526 4898 τὸν
3569 4845 3713 4898 Ἀλε-

2153 4937 2441 5007 ξανδρείας
2477 4937 2732 5007 δεύτερον
2759 4933 2828 4991 αὖ
2866 4938 3006 5007 μετὰ
3047 4936 3237 4990 τοῦτον
3270 4935 3587 5000 ὲθὲσπισαν,
3625 4937 3713 4988 καὶ

2151 5031 2391 5102 καθεξῆς
2422 5031 2514 5083 τὸν
2566 5031 2899 5102 Ἀντιοχείας
2952 5029 3095 5099 μετὰ
3133 5030 3224 5082 τὸν
3288 5028 3709 5100 Ἀλεξανδρείας,

2151 5124 2248 5177 καὶ
2298 5122 2439 5193 μετὰ
2477 5121 2626 5175 τόνδε
2665 5122 2758 5175 τὸν
2797 5121 2907 5174 τῶν
2976 5120 3393 5191 Ἰεροσολύμων.
3443 5122 3502 5174 Εἰ
3542 5122 3711 5173 τοίνυν

2152 5216 2248 5270 τὸν
2286 5217 2384 5285 τῆς
2415 5214 2548 5279 νέας
2597 5212 2822 5284 Ῥώμης
2844 5214 3149 5268 ἐπίσκοπον
3187 5215 3484 5282 ἀναγκαῖον
3507 5211 3708 5267 ὑπιδτοῦ

2151 5311 2309 5363 πάπα
2340 5308 2772 5381 χειροτονεῖσθαι
2800 5307 2891 5361 διὰ
2924 5306 2986 5359 τὸ
3036 5306 3299 5377 δευτέραν
3361 5307 3477 5375 μετ’
3514 5308 3705 5359 ἐκεῖνον

2146 5400 2303 5466 τάξιν
2336 5402 2561 5472 ἐπέχειν
2596 5416 2609 5430 ·
2650 5398 2744 5451 καὶ
2794 5397 3032 5467 καθεξῆς
3064 5396 3132 5450 ἂν
3167 5397 3251 5468 εἴη
3280 5396 3397 5450 δέον
3429 5396 3555 5449 ὥσθ’
3584 5394 3707 5447 ἐκα-

2145 5507 2270 5544 στον
2299 5489 2410 5543 τῶν
2443 5488 2807 5560 πατριαρχῶν
2823 5487 2915 5540 τὸν
2935 5486 3153 5555 πρῶτον
3182 5486 3270 5540 ἀεὶ
3292 5485 3390 5540 τοῦ
3411 5484 3529 5556 μετ’
3555 5484 3706 5539 αὐτὸν

2142 5584 2244 5654 τὴν
2267 5583 2609 5655 χειροτονίαν
2654 5582 2804 5652 ἔχειν
2868 5579 2956 5634 ἐπ’
2996 5579 3272 5644 ἐξουσίας.
3346 5579 3506 5633 Ἀλλὰ
3557 5575 3705 5630 coam

2145 5680 2403 5733 οὐδέποτε
2468 5677 2645 5741 οὕτως
2719 5676 2959 5744 ἐγίνετο,
3002 5673 3098 5730 καὶ
3157 5674 3266 5745 μὴν
3309 5674 3431 5727 οὐδὲ
3485 5672 3702 5740 γίνεται.

2147 5773 2506 5843 Παράστασις
2560 5771 2616 5824 δὲ
2650 5769 2859 5839 ’σαφὴς
2917 5767 3027 5821 τῶν
3075 5766 3454 5837 είρημὲνωνή
3507 5759 3704 5816 ἄνωθεν

2147 5868 2478 5936 κρατήσασα
2510 5860 2797 5931 συνήθεια.
2828 5861 3104 5923 Ἕκαστος
3155 5859 3266 5927 γὰρ
3307 5857 3416 5912 τῶν
3450 5868 3706 5925 πατριαρ-

2143 5961 2253 6030 xm
2312 5957 2610 6029 ἐψηφίζετο
2655 5956 2755 6026 μὲν
2787 5953 2891 6008 ὑπὸ
2958 5954 3066 6007 τῶν
3097 5950 3319 6005 οἰκείων
3358 5949 3698 6004 ἐπισκόπων·
