4064 6456
401 381 536 444 1969

1766 364 1912 454 rno
1940 397 2265 458 LATINIS.

3506 395 3644 460 1270

389 518 541 558 r't'us
574 512 690 558 erat
723 505 774 559 in
809 521 1017 567 mensa,
1062 520 1113 561 et
1139 508 1324 562 divino
1365 511 1750 580 (Ihrysostomo
1783 514 1960 566 dicetr
1997 520 2043 574 Α·
2072 513 2304 571 maticis.
2342 521 2394 565 et
2424 513 2488 565 de
2517 513 2712 581 quibus
2734 520 2947 582 op0rtct
2990 513 3248 572 credere;
3277 511 3401 566 aliis
3430 529 3556 566 vero
3587 517 3638 566 in

386 607 458 655 ιτι.
487 597 536 648 in
590 596 916 664 octogesima
973 599 1191 651 homilia
1248 616 1411 668 super
1457 601 1787 667 Mattbmum,
1821 604 1956 656 nihil

383 687 720 739 contrarium
776 688 878 756 legi
941 704 1062 742 sero
1105 691 1195 742 illo
1242 690 1573 745 Salvatorem
1629 693 1853 755 fec-isse;
1905 705 1957 749 et

385 780 530 846 quod
563 779 607 830 si
666 789 810 834 esset
863 783 1018 849 panis
1070 783 1159 836 ille
1219 782 1612 850 fermentatus,
1673 786 1958 840 manifeste

385 873 570 939 utique
604 873 702 925 hoc
745 875 1080 927 contrarium
1127 877 1460 946 esset'legi:
1497 893 1562 932 ex
1592 879 1674 934 his
1708 880 1959 933 omnibus

385 963 757 1016 indubitanter
805 967 1052 1018 concludi
1107 967 1281 1026 video.
1337 985 1430 1036 per
1462 985 1651 1038 panem
1686 986 1956 1040 azymum,

385 1068 484 1107 sua
519 1055 811 1109 tradidisse
834 1055 1120 1110 Dominum
1157 1060 1436 1128 mysteria.

460 1143 728 1208 Quoniam
763 1163 954 1200 rursus
987 1151 1238 1214 apostoli,
1273 1152 1459 1203 eadem
1496 1153 1650 1206 nobis
1681 1154 1957 1206 tradentes

388 1237 664 1302 mysteria,
699 1251 807 1288 non
842 1237 1225 1304 distinxerunt,
1261 1241 1374 1294 sive
1403 1240 1812 1307 fermentatum,
1844 1248 1958 1297 sive

387 1341 659 1394 azymum,
699 1329 792 1381 sed
829 1327 1121 1383 Orientalis
1153 1329 1415 1389 Evt-basia,
1465 1333 1727 1385 continuo
1763 1335 1958 1402 incepit

386 1419 789 1482 fermentautm,
829 1419 1187 1475 Ocridctttalis
1219 1437 1345 1476 vero
1371 1438 1642 1492 azymum,
1702 1439 1766 1477 eo
1816 1426 1958 1494 quod

387 1507 522 1572 gerit
547 1507 834 1575 imaginem
868 1510 1113 1575 puritatis
1136 1520 1187 1563 et
1224 1510 1550 1565 sinceritatis
1580 1521 1632 1566 et
1690 1514 1957 1575 veritatis,

387 1607 621 1665 utraque
663 1615 762 1668 ego
795 1601 1013 1667 quidem
1047 1601 1296 1655 similiter
1327 1604 1494 1655 adoro
1525 1613 1580 1657 et
1611 1604 1750 1659 colo.
1815 1604 1961 1657 Lati-

389 1707 486 1743 nos
518 1707 671 1752 vero,
704 1691 753 1743 in
788 1700 996 1744 tantum
1027 1693 1399 1760 prudentiores
1425 1697 1655 1756 aestimo,
1709 1697 1852 1764 quod
1885 1697 1955 1748 illi

387 1784 606 1852 quidem
641 1784 857 1837 minimc
888 1786 1114 1838 hostiam
1167 1787 1232 1838 de
1267 1786 1590 1840 fermentato
1628 1789 1957 1855 vituperant,

2062 605 2296 665 actione,
2329 618 2449 672 qua:
2481 604 2747 671 agendum
2781 612 2833 657 et
2864 619 2994 666 non,
3048 605 3430 674 distinguunt;
3459 615 3512 657 et
3542 605 3642 656 bo-

2060 711 2180 749 rmn
2211 710 2402 748 rursus
2425 694 2543 748 aliis
2566 695 2992 762 dependentibus
3019 712 3047 749 a
3077 696 3357 750 Dominico
3379 705 3430 749 et
3477 713 3642 750 evan-
3722 743 3752 761 .,

2060 787 2230 855 gelico
2255 787 2507 839 mandato
2535 825 2551 850 ,
2587 787 2708 839 aliis
2738 802 2867 840 vero
2901 801 3004 839 non
3037 804 3050 840 :
3085 802 3203 856 qum
3234 787 3444 856 singula
3471 803 3498 840 a
3527 800 3645 842 stu-

2059 878 2228 932 diosis
2272 887 2455 931 notata
2488 887 2645 942 sunt;
2686 892 2954 930 canonum
2989 891 3118 930 vero
3147 878 3213 930 de
3250 879 3372 942 ﬁde,
3422 887 3476 932 et
3511 894 3650 944 quo-

2063 986 2180 1024 rum
2235 978 2318 1023 est
2374 969 2718 1022 Dominicum
2773 960 3110 1033 mandatum,
3159 968 3364 1020 nullum
3404 983 3644 1035 unquam

2062 1062 2301 1117 Ecclesia
2325 1061 2568 1113 Romana
2599 1060 2850 1121 mutavit,
2876 1074 3051 1128 neque
3079 1068 3254 1124 potest
3282 1063 3383 1111 hoc
3401 1058 3644 1122 ostendi;

2058 1172 2198 1225 quos
2226 1170 2353 1208 vero
2385 1154 2614 1207 mutavit
2687 1153 2773 1208 vel
2812 1153 3110 1216 revocavit,
3173 1152 3228 1204 hi
3256 1160 3380 1204 sunt
3402 1177 3406 1179 >
3429 1152 3646 1204 illorum

2057 1261 2350 1310 canonum,
2373 1243 2464 1310 qui
2491 1257 2662 1310 neque
2684 1242 2750 1296 de
2773 1241 2876 1294 ﬁde
2898 1250 3046 1303 sunt,
3079 1255 3256 1308 neque
3284 1256 3312 1294 a
3337 1241 3638 1294 Dominiro

2057 1333 2704 1403 pendentlmandatodloc
2723 1341 2900 1386 autent
2919 1332 3126 1385 nullum
3145 1340 3226 1386 est
3244 1331 3646 1384 inconveniens.

2058 1428 2187 1492 Qu.e
2207 1428 2348 1480 enim
2371 1429 2438 1479 ita
2457 1442 2513 1479 se
2530 1426 2751 1489 habent,
2795 1425 3006 1477 etiamsi
3025 1424 3132 1478 sint
3150 1439 3244 1492 per
3262 1424 3508 1493 generale
3522 1437 3650 1474 con-

2057 1521 2240 1574 cdium
2259 1518 2635 1581 determinata,
2661 1517 2752 1570 sed
2777 1517 2936 1570 rebus
2959 1515 3424 1583 consequentibus
3445 1523 3652 1582 tempo-

2057 1611 2214 1665 ribus
2245 1610 2567 1663 cadentibus
2585 1622 2636 1661 et
2659 1608 2909 1661 humanis
2928 1607 3376 1676 dispositionibus
3403 1606 3648 1668 mutatis,

2057 1702 2487 1772 potestEcclcsia
2517 1702 2654 1768 ipsa,
2682 1701 2853 1769 gratia
2871 1699 3137 1762 melioris,
3167 1706 3398 1751 mutare.
3423 1697 3494 1750 Ut
3514 1697 3656 1749 mul-

2064 1802 2114 1846 ta
2162 1793 2290 1844 talia
2329 1793 2697 1860 reperiuntur,
2734 1789 2896 1842 etiam
2936 1790 2987 1842 in
3025 1789 3156 1856 ipsis
3195 1788 3444 1842 conciliis
3472 1797 3685 1856 peste--

388 1877 479 1926 sed
509 1875 761 1928 similiter
790 1886 1138 1930 venerantur.
1165 1876 1368 1930 Horum
1401 1890 1580 1931 autem
1644 1879 1798 1932 multi
1854 1896 1959 1932 non
1997 1857 2033 1910 ῃ
2069 1884 2326 1947 riorihus,
2361 1882 2529 1936 multa
2580 1881 2826 1948 priorum
2859 1881 3216 1933 conciliorum
3249 1879 3490 1942 decreta,
3526 1894 3648 1930 eum
3682 1923 3686 1928 .

389 1967 580 2020 timent
613 1968 661 2020 in
683 1977 868 2020 sancta
912 1968 1367 2036 blasphemautcs.

461 2059 653 2111 Adhuc
684 2069 861 2111 autem
897 2061 1047 2113 tnulti
1085 2063 1273 2115 dicunt
1321 2078 1376 2116 se
1409 2065 1790 2120 scantlalizari.
1841 2065 1966 2134 quia

393 2152 559 2202 multa
594 2159 780 2202 contra
810 2152 1176 2220 apostolorum
1209 2169 1447 2207 canones
1482 2166 1534 2207 et
1561 2164 1767 2224 Septem
1804 2171 1969 2223 gene-

393 2241 583 2295 ralium
633 2244 986 2296 conciliorum
1040 2245 1224 2297 vident
1267 2245 1318 2298 in
1371 2246 1687 2300 Latinorum
1727 2245 1969 2300 Ecclesia

396 2335 533 2388 ﬁeri.
559 2334 640 2388 Me
662 2343 840 2388 autem
862 2351 1038 2404 neque
1067 2337 1170 2389 hoc
1191 2337 1564 2391 seandalizare
1584 2343 1742 2392 valet.
1768 2337 1974 2404 Quare?

395 2426 522 2494 quia
551 2427 784 2494 primum
814 2429 1028 2495 quidem
1061 2429 1375 2484 discurrens
1404 2439 1458 2483 et
1488 2431 1598 2500 ipse
1628 2431 1843 2483 eosdem
1883 2448 1975 2483 ca-

397 2533 587 2581 nones,
623 2528 674 2571 et
725 2521 789 2572 ad
839 2521 1120 2586 praesentia
1183 2521 1503 2590 respiciens,
1555 2524 1720 2574 multa
1758 2522 1976 2575 invenio

399 2618 452 2660 et
487 2609 539 2661 in
582 2609 680 2662 hac
711 2621 868 2678 gente
899 2611 1174 2664 contrario
1203 2612 1385 2675 modo,
1435 2628 1596 2680 quam
1634 2623 1691 2664 ut
1739 2625 1975 2664 canones

393 2699 588 2771 jubent
653 2701 818 2765 facta,
863 2713 917 2755 et
949 2703 1104 2770 plura
1136 2711 1192 2756 et
1244 2705 1474 2772 majora,
1529 2719 1690 2772 quam
1733 2703 1822 2755 illa
1855 2718 1975 2770 quae

402 2795 554 2846 aiunt
583 2793 808 2847 Latinos
860 2797 1163 2864 transgredi
1202 2815 1215 2850 :
1257 2807 1308 2847 ttt
1357 2815 1462 2850 non
1500 2799 1614 2850 sint
1661 2795 1970 2850 secundum

404 2884 507 2937 hoc
530 2885 628 2953 ipsi
659 2887 909 2940 meliores
946 2889 1076 2942 illis.

476 2977 679 3033 Deinde
725 2988 779 3033 et
819 2979 920 3032 hoc
950 2981 1260 3045 considero,
1296 2981 1439 3050 quod
1467 2981 1714 3035 omnium
1745 2997 1867 3048 quae
1916 2979 1969 3034 in

403 3072 700 3126 canonibus
716 3074 1269 3142 comprehenduntur,
1293 3078 1412 3129 aliis
1436 3077 1826 3130 cxsistentibus
1847 3075 1978 3143 do;-

2063 1973 2251 2028 codetn
2303 1970 2520 2040 Spiritu,
2558 1969 2640 2022 vel
2685 1969 2906 2022 omnino
2939 1969 3309 2030 irritantibus,
3360 1968 3440 2022 vel
3473 1970 3653 2021 omni-

2064 2079 2134 2117 no
2170 2063 2233 2115 ad
2263 2063 2454 2116 melius
2484 2061 2948 2116 convet‘tentibtts.

2140 2154 2246 2208 Sed
2277 2153 2402 2220 quia
2433 2153 2545 2216 illa,
2577 2169 2700 2220 qua:
2739 2150 3051 2221 huiusmodi
3084 2159 3231 2213 sunt,
3259 2120 3478 2220 ptﬁter
3507 2153 3654 2206 velo-

2073 2263 2192 2303 cem
2245 2248 2609 2300 humanarum
2665 2261 2847 2298 rerum
2904 2245 3260 2300 mutationem
3316 2244 3654 2312 frequentius

2069 2341 2429 2406 contingunt:
2471 2338 2521 2390 in
2559 2337 2801 2404 quolibet
2841 2351 2970 2390 vero
3003 2351 3110 2390 non
3157 2347 3238 2391 est
3262 2337 3541 2405 possibile,
3572 2340 3652 2389 Vt'l

2072 2447 2180 2485 non
2212 2441 2295 2484 est
2342 2429 2499 2483 facile
2548 2429 2796 2498 generale
2846 2445 3138 2498 aggregare
3187 2429 3500 2494 concilium,
3560 2431 3654 2483 sed

2078 2539 2255 2592 neque
2277 2531 2358 2575 est
2409 2521 2689 2590 quodlibet
2733 2531 2893 2574 tanta:
2935 2521 3290 2586 dillicultatis,
3331 2531 3387 2575 ut
3417 2523 3654 2590 generali

2079 2615 2471 2670 deliberatione
2501 2615 2760 2682 indigeat,
2817 2629 2924 2668 non
2953 2624 3168 2683 Oportet
3207 2615 3437 2678 turbari,
3470 2616 3514 2668 si
3540 2630 3659 2667 ma—

2083 2719 2164 2762 ter
2201 2707 2594 2769 Ecdcsiarum,
2635 2723 2761 2760 cum
2813 2708 2926 2760 sola
2975 2709 3120 2761 circa
3157 2725 3215 2761 se
3266 2709 3495 2778 synodo,
3540 2723 3661 2776 qute

2081 2796 2396 2866 hujusmodi
2435 2803 2582 2857 sunt,
2615 2795 2727 2849 suis
2755 2797 3097 2866 temporibus
3129 2795 3428 2864 apostolica
3475 2806 3661 2848 auctu-

2079 2889 2244 2942 ritate
2285 2887 2505 2956 corrigit
2554 2895 2607 2940 ct
2659 2896 2829 2940 mutat
2873 2888 2957 2941 vel
3008 2888 3202 2942 irritat.
3251 2887 3368 2940 Non
3407 2890 3550 2940 enim
3595 2901 3662 2939 eo

2080 2979 2222 3048 quod
2257 2979 2326 3032 sit
2361 2979 2585 3048 majoris
2612 2979 2977 3039 auctoritatis.
3004 2989 3057 3032 et
3088 2978 3263 3047 magis
3297 2978 3468 3047 possit
3501 2993 3663 3045 gene-

2083 3073 2196 3125 rale
2241 3071 2556 3134 concilium,
2605 3086 2767 3137 quam
2821 3071 3118 3140 apostolica
3169 3071 3348 3134 sedes,
3391 3068 3659 3137 generalia

1517 3209 1873 3266 BARLAAMI
1911 3207 2186 3264 CONTRA
2232 3206 2552 3262 LATINOS.

405 3324 796 3393 ἐχειροτονεῖτο
822 3323 877 3376 δὲ
899 3323 986 3393 ὑφ’
1017 3325 1135 3386 ἐνδς
1167 3325 1374 3390 αὑτῶν,
1403 3327 1540 3396 ὅπερ
1567 3328 1661 3380 καὶ
1686 3326 1851 3404 μέχρι
1871 3327 1971 3393 τῆς
1997 3326 2042 3389 C
2075 3323 2186 3375 τῶν
2227 3322 2628 3393 οἰκουμενικῶν
2684 3320 2918 3375 συνόδων
2973 3317 3105 3389 περὶ
3158 3319 3254 3374 τοῦ
3309 3318 3505 3392 θρόνου
3563 3321 3662 3391 τῆς

407 3417 650 3486 σήμερον
681 3416 824 3468 οῦτω
871 3419 1104 3484 γίνεται.
1147 3414 1271 3471 Οἷον
1315 3421 1342 3468 6
1394 3418 1494 3489 μὲν
1558 3419 1831 3488 ἡμέτερος
1874 3437 1979 3470 πα-

403 3510 673 3578 τριάρχης
701 3509 806 3561 ὑπὸ
834 3510 927 3561 τοῦ
989 3511 1391 3579 μητροπολίτου
1460 3511 1818 3580 Ἡρακλείας·
1854 3513 1881 3562 6
1925 3510 1982 3561 δὲ

417 3601 814 3671 Ἰεροσολύμων
855 3602 959 3655 ὑπὸ
1014 3603 1110 3656 τοῦ
1143 3602 1507 3672 Καισαρείας.
1547 3602 1782 3672 Ὀμοίως
1822 3603 1912 3654 καὶ
1933 3602 1984 3653 οἱ

409 3695 615 3750 λοιποί.

955 3791 1207 3845 ΚΕΦΑΛ.
1235 3787 1317 3844 η’.

483 3887 706 3939 Δίκαιον
737 3885 793 3937 δὲ
825 3883 1134 3954 ἡγούμεθα,
1169 3884 1264 3935 καὶ
1298 3883 1456 3952 ὑμεῖς
1484 3881 1630 3943 τοῦτ’
1664 3881 1730 3935 ἂν
1788 3881 1983 3950 ὁμολο-

418 3980 672 4049 γήσαιτε,
735 3979 819 4030 ὅτι
871 3978 1027 4044 εἴπερ
1057 3979 1084 4028 ό
1117 3975 1350 4046 Χριστὸς
1383 3977 1530 4044 ἡμᾶς
1596 3975 1982 4043 εἰρηνοποίησε

408 4072 577 4134 λύσας
600 4070 699 4140 τὴν
725 4070 946 4140 ἔχθραν,
988 4067 1247 4120 τοσοῦτον
1265 4068 1423 4136 λόγον
1455 4068 1603 4136 ἔχειν
1653 4067 1746 4120 τὸν
1792 4067 1982 4118 πάπαν

409 4160 548 4230 πρδς
592 4159 722 4220 τοὺς
746 4157 1113 4228 πατριάρχας.
1147 4156 1203 4206 ὃν
1232 4151 1344 4224 εἶχε
1375 4155 1472 4208 καὶ
1504 4157 1560 4209 ἐν
1587 4154 1664 4223 τῷ
1695 4154 1870 4224 καιρῷ
1892 4155 1982 4208 ὅτε

411 4253 736 4323 ὑπήρχομεν
770 4253 1070 4320 ἠνωμένοι.
1116 4251 1174 4301 El
1209 4250 1393 4303 τοίνυν
1425 4248 1545 4301 τότε
1587 4248 1761 4312 ούδεῖς
1794 4249 1984 4301 οὐδένα

409 4344 762 4414 ἐχειροτόνει,
791 4345 912 4394 οὐδὲ
946 4342 1206 4413 συνήθεια
1232 4337 1298 4412 ἦν
1351 4341 1492 4393 ὥστε
1547 4345 1673 4403 τοὺς
1715 4341 1984 4410 πατριάρ-

412 4453 512 4504 χας
545 4436 650 4488 ὑπὸ
683 4433 778 4486 τοῦ
829 4435 987 4486 πὰπα
1037 4432 1505 4502 χειροτονεῖσθαι·
1541 4433 1657 4494 πῶς
1705 4434 1841 4500 ὅπερ
1895 4431 1986 4485 οὑ-

411 4525 605 4578 δέποτε
647 4526 846 4594 εἴχετε,
900 4522 996 4574 νῦν
1044 4524 1118 4584 ὡς
1177 4523 1589 4594 ἀπαρακίνητον
1658 4526 1981 4587 ἀπαιτεῖτε;

412 4619 552 4670 Οῦτε
613 4618 847 4685 νόμιμον
903 4616 1032 4684 ἄρα,
1072 4615 1196 4666 οὔτε
1251 4614 1496 4684 εὔλογον,
1545 4614 1668 4668 οὑτε
1728 4615 1978 4684 σύνηθες,

412 4712 538 4773 τοὺς
568 4708 912 4778 πατριάρχας
955 4709 1058 4760 ὑπὸ
1099 4707 1191 4760 τοῦ
1226 4709 1384 4762 πάπα
1417 4708 1868 4778 χειροτονεῖσθαι.

1010 4801 1264 4854 ΚΕΦᾹΛ.
1300 4801 1376 4853 Θ¹.

487 4895 609 4955 Πῶς
638 4888 731 4947 οῦν
759 4895 786 4946 ό
822 4893 1009 4954 πάπας
1042 4893 1258 4963 πρῶτος
1302 4891 1410 4944 τῶν
1447 4890 1642 4958 ἄλλων,
1676 4892 1724 4944 εἰ
1753 4893 1853 4945 οὑκ
1880 4892 1979 4944 αὑ-

412 4989 505 5050 τὸς
553 4989 855 5058 χειροτονεῖ
901 4985 1136 5050 αύτούς;
1186 4983 1310 5048 Πῶς
1375 4987 1402 5037 6
1437 4985 1704 5053 μακάριος
1753 4987 1979 5054 Πέτρος,

413 5075 476 5134 οὗ
527 5081 632 5150 φῂς
683 5079 926 5148 διάδοχον
973 5077 1064 5130 τὸν
1124 5077 1334 5144 πάπαν,
1395 5077 1610 5146 πρῶτος
1650 5078 1757 5130 τῶν
1806 5078 1984 5132 ἄλλων

415 5172 750 5231 ἀποστόλων,
771 5171 929 5237 εἴπερ
954 5168 1052 5220 οὑκ
1071 5167 1231 5228 αὐτὸς
1253 5167 1498 5230 ἐκείνους
1531 5169 1944 5237 ἐχειροτόνησεν
1965 5184 1982 5233 ;

428 5262 571 5329 Ἐγὼ
609 5263 708 5329 μὲν
748 5257 840 5313 οὖν
871 5261 997 5317 τοὺς
1029 5259 1260 5320 κανόνας
1292 5258 1795 5328 προχειριζόμενος,
1823 5257 1984 5310 τοῦτο

416 5352 578 5404 πλέον
607 5351 716 5402 τῶν
759 5349 934 5402 ἄλλων
971 5349 1212 5416 εὑρίσκω
1243 5349 1334 5402 τὸν
1369 5351 1556 5402 πάπαν
1595 5350 1791 5418 ἔχοντα
1836 5350 1981 5414 τότε,

416 5442 476 5494 τὸ
510 5440 990 5511 πρωτοκαθεδρίας
1030 5440 1337 5504 ἀξιοῦσθαι,
1371 5443 1464 5493 καὶ
1510 5442 1726 5509 πρῶτον
1755 5442 1984 5510 ἀδελφὸν

415 5530 802 5600 ὀνομάζεσθαι,
824 5531 918 5584 καὶ
949 5532 1004 5582 ἐν
1026 5534 1149 5592 ταῖς
1183 5535 1473 5598 μυστικαῖς
1497 5533 1686 5600 εὐχαῖς
1708 5533 1804 5600 τῆς
1831 5534 1983 5596 θείας

417 5623 762 5691 λειτουργίας
795 5623 1010 5692 πρῶτον
1043 5624 1252 5676 ἐκείνου
1283 5625 1712 5694 μιμνήσκεσθαι.
1744 5627 1804 5678 Εἰ
1835 5627 1890 5680 δὲ
1921 5629 1983 5680 σὺ

420 5711 581 5764 πλέον
609 5714 801 5766 τούτου
837 5713 980 5784 ἔχοις
1020 5715 1220 5778 εἰπεῖν,
1254 5715 1427 5780 δεῖξον
1461 5715 1621 5769 τοῦτο
1651 5719 1714 5771 ἐκ
1754 5719 1863 5770 τῶν
1915 5721 1992 5771 te-

422 5803 534 5870 ρῶν
571 5805 835 5872 κανόνων,
875 5808 970 5860 καὶ
1011 5809 1110 5861 οὑκ
1157 5808 1530 5880 ἀντιλέξομεν.
1583 5811 1647 5864 Ὃ
1676 5811 1731 5864 δὲ
1761 5812 1989 5878 οὐδεμία

2008 4659 2062 4720 D

2095 3416 2318 3488 Ῥώμης
2367 3415 2755 3484 ἐνομοθέτησε,
2789 3413 2948 3466 τοῦτο
2990 3413 3017 3465 6
3059 3413 3526 3476 ἑπτακαιδέκατος
3561 3431 3662 3467 κα-

2083 3507 2190 3562 νὼν
2250 3510 2350 3575 τῆς
2401 3506 2676 3576 τετάρτης
2733 3505 2956 3557 συνόδου
2992 3505 3084 3556 τὸν
3122 3507 3222 3575 τῆς
3269 3506 3398 3568 νέας
3438 3505 3663 3573 Ῥώμης

2085 3601 2277 3672 θρόνον
2311 3600 2458 3669 ἔχειν
2491 3597 2834 3650 ἐδικαίωσεν.
2871 3615 2890 3648 ‹
2935 3595 3051 3648 Ἰνα
3081 3595 3328 3666 δηλονότι
3379 3596 3504 3650 καθ’
3535 3599 3664 3648 ἐκά-

2085 3710 2220 3761 στην
2251 3690 2546 3760 ἐπαρχίαν,
2580 3689 2742 3752 εἴτις
2769 3688 3068 3750 ἐπίσκοπος
3105 3687 3347 3740 ἀδικοῖτο
3376 3687 3528 3757 παρά
3567 3685 3662 3738 τοῦ

2087 3784 2220 3836 ίδίου
2272 3779 2702 3852 μητροπολίτου,
2741 3779 2894 3848 παρά
2941 3777 3018 3848 τῷ
3054 3775 3272 3847 ἐξάρχω
3321 3775 3421 3844 τῆς
3451 3775 3661 3840 διο-κή-

2085 3892 2226 3936 σεως
2282 3852 2597 3942 δικάζηταῖ,
2660 3871 2693 3942 ἥ
2743 3869 2822 3941 τῷ
2870 3870 2969 3939 τῆς
3024 3867 3682 3928 Κωνσταντινουπόλεωςς-

2085 3967 2283 4039 θρόνῳ.
2333 3983 2352 4017 ι

2109 4063 2112 4066 ⁴
2697 4054 2954 4109 ΚΕΦΑΛ.
3007 4051 3062 4108 I'.

2167 4150 2328 4205 Ἀλλά
2361 4149 2471 4221 μὴν
2509 4149 2641 4214 οὐδ’,
2673 4148 2747 4210 ὡς
2777 4146 2843 4200 ἄν
2875 4163 2958 4209 τις
3001 4145 3286 4209 ὑπολάϐοι,
3310 4146 3338 4197 6
3373 4142 3514 4197 κατᾶ
3541 4159 3660 4194 και-

2086 4242 2179 4313 ρδν
2214 4240 2403 4302 πάπας
2443 4241 2642 4310 ἐξῆρχε
2676 4241 2784 4293 τῶν
2834 4237 3235 4307 οῖκουμενικῶν
3263 4235 3520 4294 συνόδων.
3551 4234 3659 4286 οὐδ’

2084 4336 2244 4397 αὑτὸς
2277 4334 2470 4395 αὑταῖς
2499 4332 2853 4401 ἐνομοθέτει·
2883 4331 2996 4383 ἀλλ’
3033 4330 3189 4392 αὑτὸς
3220 4329 3318 4398 μὲν
3353 4329 3447 4381 καὶ
3475 4330 3507 4396 ὴ
3531 4327 3660 4395 περὶ

2084 4429 2246 4481 αὑτὶν
2289 4426 2585 4494 Ἐκκλησία
2636 4426 2801 4494 μέρος
2847 4420 2916 4494 ἦν
2964 4425 3060 4491 τῆς
3094 4424 3220 4489 ὅλης
3255 4422 3510 4474 συνόδου-⁸
3544 4422 3576 4488 ἡ
3603 4419 3660 4471 δέ

2088 4521 2302 4583 σύνοδος
2326 4519 2475 4571 ὥσπε
2485 4532 2516 4590 ρ
2541 4521 2660 4580 ταῖς
2690 4517 2896 4581 ἄλλαις,
2932 4517 3076 4569 οὕτω
3100 4517 3163 4585 δὴ
3187 4520 3279 4567 καὶ
3307 4516 3372 4584 τῇ
3397 4514 3495 4583 τῆς
3529 4511 3662 4567 Ῥώ-

2091 4630 2196 4682 μης
2239 4610 2538 4680 Ἐκκλησία
2588 4608 2920 4678 ἐνομοθέτει.
2961 4624 2980 4659 t
3043 4607 3266 4676 Ἐπειδὴ
3306 4608 3437 4674 γὰρ,
3470 4606 3660 4675 φησιν,

2089 4706 2144 4756 ἐν
2175 4705 2237 4773 τῇ
2285 4703 2574 4771 Ῥωμαίων
2622 4700 2925 4769 Ἐκκλησία
2953 4701 3010 4750 ἐν
3041 4697 3194 4762 τάξει
3227 4698 3450 4756 κανόνος
3488 4713 3663 4764 παρα-

2087 4799 2332 4852 δεδόσθαι
2360 4799 2686 4868 διέγνωμεν,
2714 4797 2841 4859 τοὺς
2871 4795 3164 4866 μέλλοντας
3195 4794 3446 4847 διακόνου
3474 4793 3664 4861 ῆ·πρε·ι

2090 4892 2354 4960 σευτέρου
2407 4891 2693 4953 ἀξιοῦσθαι
2741 4887 3082 4959 χειροτονίας
3140 4883 3534 4954 καθομολογεῖν
3584 4884 3659 4944 ὡς

2089 4984 2275 5036 οὐκέτι
2307 4984 2426 5045 ταῖς
2459 4981 2639 5034 αὐτῶν
2659 4981 3026 5033 συνάπτονται
3067 4977 3353 5046 γαμεταίςο
3382 4974 3562 5042 ἡμεῖς,
3581 4972 3661 5040 τῷ

2047 5131 2058 5142 I
2089 5073 2303 5142 ἀρχαίῳ
2322 5073 2742 5134 ἀκολουθοῦντες
2765 5070 2953 5124 κανόνι
2978 5072 3074 5139 τῆς
3105 5064 3474 5131 ἁποστολίκῆς
3502 5064 3631 5133 ἀκρι
3653 5091 3656 5099 π

2093 5166 2245 5228 σείας
2279 5168 2373 5219 καὶ
2410 5166 2641 5230 τάξεως,
2679 5165 2746 5216 τὰ
2796 5164 2904 5216 τῶν
2954 5161 3114 5229 ἱερῶν
3153 5156 3363 5225 ἀνδρῶν
3395 5155 3537 5207 κατὰ
3571 5154 3660 5206 νόο

2097 5276 2230 5328 μους
2280 5258 2592 5310 ωνοικέσια
2639 5257 2734 5309 καὶ
2769 5256 2875 5308 ἀπὸ
2904 5251 2996 5305 τοῦ
3037 5250 3132 5303 νῦν
3167 5247 3442 5320 ἐρρῶσθαι
3475 5247 3661 5315 βουλό-

2097 5352 2260 5422 μεθα,
2315 5351 2578 5422 μηδαμῶς
2625 5350 2689 5402 ἂν
2739 5353 2838 5413 τὴν
2894 5346 3034 5416 πρὸς
3081 5342 3330 5410 γαμετὰς
3367 5339 3661 5407 συνάφειαι)

2091 5444 2426 5509 διαλύοντες,
2471 5443 2504 5512 ἦ
2541 5440 2974 5510 ἀποστεροῦντες
3027 5436 3222 5498 αὑτοὺς
3255 5435 3354 5502 τῆς
3388 5435 3526 5500 πρὶς
3566 5433 3662 5485 ἀλ-

2092 5539 2286 5608 λήλους
2319 5539 2460 5591 κατά
2493 5535 2682 5606 καιρὸν
2700 5537 2789 5588 τόν
2820 5534 3166 5603 προσήκοντα
3198 5527 3472 5598 ὁμιλίας.)
3511 5525 3570 5579 '0
3601 5527 3660 5578 δὲ

2095 5630 2457 5700 πεντηκοστὸς
2477 5629 2723 5696 πέμπτος
2753 5625 2937 5694 φησίν·
2963 5643 2980 5676 ι
3005 5621 3222 5690 Ἐπειδὴ
3258 5618 3662 5688 μεμαθήκαμεν

2091 5723 2216 5784 τοὺς
2247 5723 2303 5774 ὲν
2333 5723 2398 5790 τῇ
2438 5719 2728 5788 Ῥωμαίων
2765 5717 2915 5769 πόλει
2948 5718 3005 5768 ἐν
3041 5717 3159 5775 ταῖς
3188 5712 3374 5782 ἁγίαις
3404 5710 3499 5777 τῆς
3525 5707 3663 5761 Τεσ-

2095 5813 2442 5880 σαρακοττῆς
2468 5808 2740 5880 νηστείαις
2759 5809 2870 5870 τοῖς
2894 5805 3096 5876 ταύτης
3116 5803 3357 5857 Σάδὸασι
3378 5799 3675 5871 νηστεύειν-
