4064 6536
359 441 492 505 1273

1681 443 1838 503 PRO
1874 443 2104 507 LATlN
2116 446 2204 507 lS.

3464 452 3597 516 1274

353 555 703 626 singulariter
751 553 908 610 Petro
938 554 1281 625 loquebatur.
1316 555 1518 638 Deinde
1543 567 1598 611 et
1648 557 1928 626 evangeli-
1955 562 2004 620 Α
2031 561 2315 630 oportebat
2362 576 2508 629 eum,
2545 565 2636 635 qui
2683 575 2798 620 erat
2838 566 3056 638 proprie
3105 574 3158 622 et
3178 516 3334 622 ‘vere
3367 568 3600 623 aliorum

350 655 450 704 sta:
481 656 534 700 et
567 647 620 700 in
657 645 964 718 Evangeliis
983 657 1037 702 et
1069 649 1120 702 in
1159 649 1327 710 Actis,
1360 649 1672 718 ubicunque
1695 666 1935 705 comme-

357 750 569 794 morant
597 739 813 794 Petrum
851 756 972 794 cum
1004 740 1147 806 aliis,
1184 740 1266 795 vel
1291 741 1570 806 omnibus,
1621 743 1704 796 vel
1733 743 1932 810 aliqui-

356 833 480 895 bus,
523 847 737 902 semper
781 843 836 886 et
892 833 1093 902 ubique
1142 834 1318 902 ipsum
1373 833 1497 888 aliis
1545 836 1933 903 praeordinant.

357 924 512 990 Quod
543 939 653 978 non
683 926 868 992 utique
900 925 1252 979 observanter
1285 926 1545 990 facerent,
1581 926 1683 981 nisi
1706 928 1934 993 scirent,

357 1033 481 1072 eum
529 1017 764 1087 primum
817 1018 1043 1071 aliorum
1079 1033 1106 1069 a
1149 1019 1376 1072 Domino
1417 1021 1798 1073 constitutum.
1847 1020 1937 1074 In-

355 1111 519 1164 venio
564 1109 728 1165 etiam
764 1110 1042 1178 apostolos
1084 1110 1160 1164 illi
1205 1121 1261 1164 ut
1305 1127 1408 1167 suo
1470 1111 1684 1180 primati
1723 1125 1936 1180 semper

358 1206 631 1262 cedentes.
681 1208 742 1261 In
793 1208 1017 1261 Actibus
1049 1207 1219 1269 enim,
1253 1208 1374 1262 aliis
1422 1208 1684 1277 apostolis
1733 1208 1937 1277 pariter

361 1316 484 1355 cum
514 1315 578 1355 eo
613 1302 1028 1368 exsistentibus,
1063 1302 1238 1370 ipsum
1269 1303 1428 1356 vidco
1473 1317 1689 1371 semper
1723 1317 1938 1356 sermo-

364 1407 486 1446 nem
532 1393 901 1457 inclinantem,
951 1395 1089 1448 alios
1133 1409 1262 1448 vero
1295 1403 1606 1463 sequentes.
1652 1393 1853 1456 Deinde
1885 1406 1939 1448 et

361 1483 493 1537 illud
531 1483 843 1547 considero,
884 1486 1027 1553 quod
1060 1501 1182 1538 cum
1229 1499 1293 1539 ea
1334 1500 1456 1554 qua:
1490 1484 1814 1539 sacramenti
1851 1485 1939 1538 in-

361 1577 696 1632 carnationis
729 1578 901 1648 magis
934 1589 1060 1632 sunt
1100 1579 1406 1632 necessaria
1428 1621 1443 1644 ,
1481 1579 1639 1634 sicuti
1666 1587 1748 1633 est
1778 1593 1936 1645 crux,

360 1668 565 1736 passio,
627 1684 796 1731 mors,
859 1670 1205 1730 resurrectio.
1251 1685 1347 1740 per
1385 1683 1623 1739 quatuor
1669 1671 1941 1739 evangeli-

362 1768 479 1814 stas
511 1757 722 1829 plenius
750 1761 1063 1815 scribantur
1086 1803 1101 1826 ,
1131 1777 1194 1816 ea
1223 1777 1351 1816 vero
1371 1779 1491 1832 quae
1520 1767 1572 1816 in
1597 1771 1806 1817 tantum
1830 1781 1938 1819 non

361 1859 490 1906 sunt
511 1854 840 1915 necessaria,
865 1853 932 1906 ab
961 1855 1082 1906 aliis
1110 1854 1460 1920 omittantur,
1491 1856 1562 1909 ab
1589 1856 1717 1909 aliis
1739 1856 1936 1911 dican-

365 1953 454 1997 tur
485 1960 499 1997 :
532 1943 623 1998 illa
655 1961 750 2012 per
787 1960 908 2014 quae
948 1945 1088 1998 Petri
1119 1945 1388 2015 primatus
1449 1949 1776 2010 ostenditur,
1817 1957 1940 2003 tan-

364 2050 529 2102 quam
555 2035 872 2090 exsistentia
897 2037 1107 2090 illorum
1130 2054 1252 2107 quae
1271 2039 1443 2107 magis
1461 2051 1590 2094 sunt
1611 2041 1945 2106 necessaria,

366 2139 420 2181 et
450 2143 480 2181 a
511 2136 745 2194 quatuor
772 2130 1084 2196 conseripta
1105 2139 1255 2193 sunt,
1283 2138 1541 2199 tanquam
1574 2131 1733 2186 valde
1761 2147 1948 2188 ncces-

369 2220 573 2274 sarium
599 2221 693 2284 sit,
746 2235 940 2275 omnes
968 2223 1108 2277 scire
1131 2265 1145 2288 ,
1188 2223 1278 2277 cui
1311 2222 1570 2280 Ecclesiae
1609 2225 1948 2294 principatus

369 2328 400 2366 a
443 2312 674 2366 Domino
716 2313 958 2368 crmlitus
991 2324 1096 2368 est.

445 2407 511 2458 At
544 2420 673 2458 vero
707 2415 762 2460 et
785 2407 1004 2462 divinus
1031 2407 1320 2476 Dionysius
1345 2407 1399 2463 in
1435 2410 1598 2462 tertio
1629 2408 1706 2462 De
1750 2409 1945 2464 divinis

367 2496 664 2551 nominibus
695 2497 1004 2553 verticalem
1037 2499 1411 2565 theologorum
1444 2501 1810 2555 summitatem
1843 2515 1950 2555 ma-

367 2606 534 2657 gnum
591 2589 809 2644 Petrum
843 2592 1087 2646 nominat
1120 2608 1134 2645 :
1169 2601 1221 2645 et
1254 2608 1320 2645 ex
1360 2601 1489 2647 tunc
1538 2595 1794 2648 universa
1841 2592 1948 2646 Ec-

369 2681 559 2745 clesia,
596 2679 780 2735 addito
808 2680 907 2750 ipsi
943 2681 1131 2736 divino
1163 2683 1354 2744 Paulo,
1387 2697 1633 2738 summos
1675 2683 1950 2750 apostolo-

372 2789 490 2824 rnm
542 2771 758 2826 Petrum
809 2781 865 2825 et
899 2770 1125 2828 Paulum
1177 2775 1443 2837 nominat,
1485 2774 1636 2828 illum
1692 2773 1944 2829 similiter

373 2864 766 2932 pra-ordinans.
816 2865 998 2931 Quare
1041 2850 1280 2934 undique
1322 2865 1676 2921 manifestum
1721 2875 1826 2928 est,
1875 2866 1944 2920 ab

369 2958 492 3026 ipso
531 2955 761 3011 Domino
780 2956 997 3012 Christo
1037 2959 1212 3026 ipsum
1237 2959 1514 3028 accepisse
1538 2958 1766 3013 aliorum
1796 2957 1945 3027 prin-

371 3049 633 3118 cipatum.
685 3048 752 3104 Et
791 3049 894 3104 hoc
937 3050 1093 3104 valde
1141 3051 1426 3107 decenterl.
1485 3050 1754 3117 Quoniam
1798 3049 1944 3105 enim

2035 653 2405 722 apostolorum
2440 657 2712 726 princeps,
2738 672 2844 712 non
2873 674 3090 729 semper
3129 659 3208 715 eis
3240 659 3605 729 corporaLter

2037 742 2250 804 adesse,
2296 743 2392 798 sed
2427 747 2723 798 secundum
2764 748 3100 817 corporalem
3141 749 3484 819 praesentiam
3517 763 3604 803 re-

2037 833 2283 904 linquere
2311 850 2405 890 eos
2442 855 2456 891 :
2493 853 2659 892 unum
2699 839 2765 894 de
2793 841 3076 897 duodecim
3112 842 3228 897 vice
3266 856 3366 897 sua
3398 840 3602 912 princi-

2037 940 2158 995 pem
2190 927 2421 981 aliorum
2444 929 2722 997 praeponit,
2755 931 3029 986 hominem
3056 931 3339 986 hominum
3362 971 3376 997 ,
3403 941 3464 984 ut
3494 929 3606 984 fac-

2037 1025 2089 1071 ta
2134 1016 2582 1087 dispensationis,
2627 1037 2800 1091 neque
2845 1023 2900 1076 in
2947 1023 3048 1077 hoc
3082 1023 3204 1078 aliis
3253 1021 3607 1092 providentia:

2037 1111 2297 1181 operibus
2347 1115 2696 1182 appretianda
2726 1124 2874 1170 sunt.
2921 1115 3024 1171 Sed
3053 1117 3331 1171 videamus
3375 1115 3606 1183 reliqua.

2109 1203 2261 1260 Multi
2283 1215 2593 1261 nostrorum
2615 1208 2894 1262 doctorum
2917 1209 3070 1262 aiunt
3092 1208 3369 1278 pontiﬁces
3389 1207 3606 1277 quidem

2039 1297 2221 1354 locum
2255 1298 2500 1354 obtinere
2527 1301 2813 1357 duodecim
2843 1301 3217 1371 apostolorum
3265 1319 3279 1356 :
3333 1299 3610 1370 presbyte-

2039 1405 2132 1446 ros
2163 1407 2313 1458 vero,
2356 1390 2734 1463 Septuaginta.
2773 1393 2914 1464 Ergo
2943 1394 3102 1460 primi
3132 1393 3447 1463 pontiﬁcum
3478 1406 3613 1461 apo-

2040 1486 2165 1542 stoli
2215 1494 2361 1541 sunt.
2397 1483 2490 1539 His
2523 1486 2702 1541 adhuc
2727 1489 2876 1557 prior
2905 1487 3123 1556 quidem
3156 1485 3410 1556 primitus
3439 1484 3605 1540 Chri—

2040 1587 2181 1636 stus.
2205 1579 2458 1635 Secundo
2477 1594 2608 1635 vero
2635 1590 2688 1634 et
2718 1580 2784 1635 ab
2806 1580 3049 1634 omnium
3068 1579 3242 1649 primo
3265 1577 3612 1641 constitutus,

2041 1672 2109 1727 ad
2143 1671 2444 1726 habendam
2475 1672 2813 1741 principandi
2847 1673 3111 1726 rationem
3136 1671 3201 1726 ad
3232 1671 3389 1736 alios,
3421 1670 3615 1725 beatus

2041 1764 2255 1821 Petrus.
2289 1763 2427 1832 Quid
2455 1763 2663 1834 igitur?
2694 1773 2999 1834 oportetne,
3055 1763 3363 1832 pontiﬁcale
3395 1760 3612 1832 quidem

2045 1857 2409 1912 ministerium
2464 1872 2571 1911 non
2628 1857 2681 1911 in
2715 1857 2846 1927 ipsis
2897 1856 3158 1924 apostolis
3215 1853 3613 1918 circumscribi,

2044 1949 2137 2005 sed
2171 1949 2334 2003 etiam
2365 1948 2773 2004 successoribus
2803 1948 2979 2018 ipsum
3014 1947 3174 2014 tradi,
3207 1961 3385 2018 usque
3442 1945 3510 2000 ad
3555 1945 3618 2000 ﬁ—

2045 2057 2141 2096 nes
2167 2041 2516 2104 smculorum,
2552 2049 2611 2095 ut
2633 2056 2849 2110 semper
2880 2041 2931 2094 in
2961 2041 3163 2096 mundo
3186 2039 3297 2095 sint
3327 2040 3616 2109 pontiﬁces

2044 2148 2390 2189 successores
2455 2148 2680 2201 eorum;
2743 2133 3092 2204 pontiﬁcatus
3140 2147 3269 2188 vero
3322 2131 3616 2202 primatum

2044 2227 2098 2280 in
2161 2226 2296 2296 ipsis
2357 2227 2645 2296 oportebat
2707 2225 2878 2292 ﬁniri,
2941 2233 3001 2280 ut
3054 2222 3516 2295 quemadmodum
3560 2222 3617 2275 in

2046 2319 2156 2374 illis
2220 2319 2395 2374 factus
2469 2325 2552 2374 est
2633 2317 2831 2386 aliquis
2909 2317 3127 2372 decreto
3206 2316 3296 2370 Dei
3363 2315 3616 2386 primus.

2048 2425 2209 2478 quem
2240 2409 2333 2463 alii
2360 2423 2458 2478 pro
2479 2409 2656 2478 capite
2681 2423 2782 2465 suo
2804 2408 3101 2473 ducebant,
3130 2408 3236 2464 hoc
3261 2420 3615 2477 nequaquam

2051 2499 2116 2553 ad
2157 2499 2400 2568 reliquos
2444 2508 2706 2565 transeat,
2738 2509 2794 2555 ut
2823 2499 2914 2555 alii
2975 2499 3208 2569 aliquem
3249 2511 3419 2552 unum
3455 2511 3619 2551 suum

2048 2589 2348 2660 principem
2379 2597 2609 2660 putent;
2642 2591 2736 2647 sed
2771 2605 2962 2646 omnes
3008 2605 3106 2660 per
3147 2589 3332 2643 omnia
3367 2601 3622 2656 coaequa-

2050 2682 2128 2736 les
2156 2681 2302 2736 sint?
2333 2683 2397 2736 Et
2423 2697 2487 2736 ex
2527 2696 2635 2752 qua
2663 2681 2965 2737 differentia
2994 2683 3099 2736 hoc
3153 2681 3378 2736 deberet
3407 2681 3628 2735 contin-

2050 2787 2197 2842 gere,
2229 2780 2290 2825 ut
2322 2772 2645 2841 pontiﬁcale“
2678 2771 2899 2841 quidem
2962 2770 3324 2825 ministerium
3383 2776 3626 2823 transeat

2050 2862 2115 2916 ad
2143 2877 2490 2918 successores
2519 2879 2532 2914 :
2572 2862 2908 2931 principandi
2942 2875 3072 2915 vero
3112 2859 3373 2920 cilicium,
3425 2871 3624 2912 secun-

2051 2955 2180 3010 dum
2225 2957 2597 3025 pontiﬁcatum
2643 2954 2889 3019 minime,
2920 2967 3044 3008 cum
3101 2962 3333 3022 utraque
3375 2949 3627 3005 similiter

2052 3057 2292 3104 essenta
2324 3047 2551 3102 Domino
2580 3055 2820 3110 ostensa,
2872 3057 2923 3102 et
2979 3045 3233 3101 similiter
3291 3040 3624 3098 multitudini

808 3217 817 3223 .
1464 3161 1822 3216 BARLAAMI
1851 3159 2132 3219 CONTRA
2157 3161 2476 3217 LATINOS.

373 3300 483 3337 των
513 3279 740 3350 γνώμης
771 3295 824 3332 τι
856 3275 1043 3332 καινδν
1073 3275 1426 3346 δογματίζειν
1449 3292 1465 3306 ·
1495 3277 1592 3331 καὶ
1628 3275 1719 3331 τδν
1749 3278 1948 3347 ἡμέτε-
1977 3282 2020 3339 C
2051 3277 2203 3331 τικδν
2251 3271 2414 3330 εἶναι.
2466 3274 2816 3329 ΒΑΡΛΑΑΜ.
2849 3274 2891 3326 Τ
2899 3273 2914 3326 ί
2946 3273 3074 3344 φῂς,
3108 3271 3398 3341 ἄνθρωπε;
3431 3272 3626 3342 νεκρὸν

377 3392 472 3448 ρον
523 3373 873 3444 πατριάρχην
907 3369 1018 3424 τῶν
1058 3371 1239 3424 αὐτῶν
1283 3370 1568 3437 ἀξιοῦσθαι
1620 3370 1949 3440 πρεσϐείων,

375 3471 473 3521 καὶ
516 3466 590 3529 ὼς
626 3467 835 3518 ἐκεῖνον
875 3466 930 3517 ὲν
976 3465 1087 3526 τοῖς
1139 3463 1616 3533 ἐκκλησιαστικαῖς
1653 3461 1952 3531 μεγαλύνε-

375 3559 506 3612 σοαι
551 3558 879 3627 πράγμασιν
911 3556 960 3609 οἱ
1001 3557 1136 3608 θεῖοι
1169 3556 1326 3624 νόμοι
1357 3553 1767 3608 διακελεύονται
1793 3570 1807 3586 ο
1833 3553 1951 3613 πῶς

376 3653 528 3722 ἡμᾶς
554 3647 853 3703 ὑπακούειν
877 3650 970 3700 καὶ
997 3645 1280 3701 πείθεσθαι
1304 3645 1382 3716 τῷ
1403 3645 1564 3716 πάπᾳ
1588 3644 1950 3713 ἀναγκάζετε,

376 3743 470 3803 οὒς
503 3741 606 3794 ὑπὸ
635 3739 744 3794 τῶν
789 3739 1111 3804 ἁγιωτάτων
1142 3737 1302 3806 ἡμῶν
1335 3735 1693 3805 πατριαρχῶν
1723 3735 1952 3803 ποιμαί-

377 3839 564 3893 νεσθαι
601 3837 802 3906 νόμος;
829 3830 959 3888 Είτα
977 3832 1095 3896 πῶς
1115 3831 1264 3902 αὐτῷ
1290 3830 1573 3884 πείθεσθαι
1595 3830 1656 3882 οὐ
1688 3827 1949 3895 κελεύεις,

378 3931 614 4002 ἀκίνητα
665 3928 988 3998 φυλάττοντι
1021 3927 1092 3979 τά
1129 3925 1238 3978 τῶν
1271 3923 1434 3976 Θείων
1483 3923 1749 3992 Πατὲρων
1801 3922 1948 3990 ὅρια,

380 4025 477 4078 καὶ
532 4021 698 4092 μηδὲν
751 4020 858 4072 τῶν
918 4019 1080 4071 θείων
1132 4014 1424 4085 δογμάτων
1457 4011 1952 4084 παρακελεύοντιῆ

378 4114 739 4176 τούναντίονς
783 4111 946 4165 Ἀλλὰ
1009 4109 1282 4180 μηδέποτε
1337 4107 1540 4176 γένοιτ’
1585 4106 1651 4159 ἂν
1691 4106 1839 4175 ἡμᾶς
1873 4106 1956 4167 είς

379 4205 638 4258 τοσοῦτον
682 4203 1014 4273 ἐληλακέναι
1069 4201 1295 4270 μανίας,
1341 4199 1482 4254 ὥστε
1516 4198 1796 4269 ὀρθόδοξον
1825 4198 1955 4251 δντα

379 4298 482 4351 καὶ
505 4293 781 4364 πανταχοῦ
830 4292 942 4347 τῶν
973 4292 1233 4362 Πατέρων
1283 4289 1619 4360 στοιχοῢντα,
1650 4291 1958 4358 ἀποστερῆ-

383 4408 476 4443 σαι
506 4389 668 4442 αὐτὸν
697 4387 796 4457 τῆς
825 4385 1014 4455 τιμῆς,
1045 4384 1113 4454 ἢν
1163 4384 1213 4436 oi.
1260 4383 1504 4451 Πατὲρες
1543 4379 1693 4450 αὐτῷ
1725 4378 1958 4433 δεδώκα-

383 4499 491 4536 σιν.
528 4482 590 4534 Ei
616 4480 674 4533 δὲ
707 4477 816 4530 τῶν
867 4475 1027 4528 Θείων
1062 4473 1392 4542 παραϐάτης
1422 4473 1538 4525 ἐστὶ
1567 4472 1749 4541 νόμων
1777 4488 1838 4524 τε
1865 4471 1958 4524 καὶ⁹

379 4572 667 4640 δογμάτων
691 4584 704 4598 ’
732 4567 784 4618 τί
837 4565 1044 4636 ζημίαν
1097 4561 1316 4632 ἡγεῖσθε
1350 4563 1396 4611 εί
1431 4561 1505 4630 μὴ
1541 4561 1638 4613 καὶ
1667 4561 1824 4629 ἡμεῖς
1860 4561 1956 4613 σὺν

383 4664 514 4733 ὑμῖν
554 4657 952 4726 ἀπολλύμεοα;
998 4657 1061 4708 Ei
1111 4654 1296 4707 δὲκαὶ
1348 4655 1631 4722 αἱρετικὸν
1685 4653 1815 4704 ὄντα
1863 4651 1955 4704 καὶ

383 4750 908 4825 παραδογματιστὴν
942 4746 1094 4801 οὐδὲν
1127 4744 1360 4798 κωλύειν
1395 4745 1527 4812 φατὲ
1557 4745 1652 4797 καὶ
1683 4741 1825 4796 οὕτω
1845 4742 1958 4796 διά-

381 4851 538 4918 δοχον
575 4841 718 4897 εἶναι
767 4841 863 4894 τοῦ
914 4841 1144 4910 Πέτρου,
1174 4838 1264 4890 καὶ
1293 4836 1390 4899 τὰς
1422 4835 1569 4897 κλεῖς
1610 4835 1708 4902 τῆς
1733 4834 1841 4886 τῶν
1867 4833 1958 4884 οὐ·

386 4939 566 5013 ρανῶν
620 4934 898 5006 βασιλείας
929 4932 1096 5000 ἔχειν,
1135 4931 1236 5004 οὐκ
1289 4929 1665 4995 ἀντιλέγομεν.
1707 4925 1958 4992 Διάδοχος

388 5035 490 5104 μὲν
524 5030 705 5092 ἔσται,
753 5025 866 5079 ἀλλ’
899 5025 971 5086 ὡς
1007 5023 1163 5086 νόσος
1209 5021 1442 5089 ὑγιείας,
1478 5021 1571 5072 καὶ
1623 5018 1758 5086 ζάλη
1792 5015 1960 5086 γαλή-

385 5140 507 5191 νης,
533 5121 624 5173 καὶ
656 5120 846 5181 σκότος
878 5115 1078 5184 φωτός.
1111 5114 1275 5177 Κλεῖς
1308 5114 1364 5166 δὲ
1396 5114 1495 5181 τῆς
1523 5111 1773 5181 οὐρανῶν
1801 5109 1961 5178 βασι-

384 5211 536 5272 λείας
586 5208 698 5274 ’ἐξει
750 5209 809 5262 οὐ
862 5208 959 5270 τὰς
1007 5203 1515 5271 άνοιγούσας,ἀλλὰ
1547 5203 1642 5264 τὰς
1676 5201 1960 5262 κλειούσας

386 5303 484 5358 καὶ
548 5301 752 5372 μηδένα
811 5300 1042 5353 εἰσιέναι
1105 5294 1549 5368 παραχωρούσας
1647 5293 1756 5346 τῶν
1815 5291 1962 5360 αύτῷ

387 5399 414 5453 ἑ
429 5416 490 5450 πο
498 5396 694 5465 μένων.

996 5482 1248 5536 ΚΕΦΑΛ.
1291 5477 1389 5534 lA'.

459 5575 913 5635 ΦΡΛΓΚΙΣΚΟΣ.
961 5573 1105 5628 Ἀλλ’
1137 5573 1402 5628 ἀδύνατον
1432 5569 1523 5624 τὸν
1575 5567 1764 5621 πάπαν
1812 5565 1958 5636 αἱρε-

463 5692 928 5769 (I)LeoAA_lA|atins
971 5689 1434 5769 inﬁconfutatioue
1488 5684 1684 5766 [ab'ulw
1728 5678 1954 5769 καξξ-ριξ-

385 5750 640 5836 pis‘sal.p.
673 5765 798 5827 249,
837 5771 986 5831 putat
1013 5750 1354 5836 Barlaamqu
1395 5750 1678 5836 scripsisse
1728 5750 1953 5836 λεγομε-

394 5828 694 5904 νου,ίιέὶιιι,
744 5828 849 5888 non
892 5831 1206 5901 γενομένου,
1259 5830 1435 5898 facta;
1468 5832 1621 5879 notat
1663 5828 1950 5896 praeterea,

2056 3369 2260 3440 βλέπω,
2308 3369 2405 3420 καὶ
2458 3367 2642 3436 λέγεις
2693 3383 2786 3436 μοι
2845 3366 2928 3419 ὅτι
2983 3363 3248 3419 ἀδύνατον
3283 3362 3623 3429 ἀποθανεῖν;

2051 3460 2512 3514 ΦΡΑΓΚΙΣΚΟΣ.
2571 3456 2733 3510 Ἀλλὰ
2786 3456 3123 3528 πατριάρχαι
3179 3455 3280 3524 μὲν
3338 3454 3525 3508 πολλοὶ
3567 3454 3629 3508 ὲν

2053 3556 2166 3612 τοῖς
2197 3551 2448 3622 ἀρχαίοις
2477 3549 2694 3619 χρόνοις
2743 3548 3015 3619 αἱρετικοὶ
3053 3546 3327 3613 ἐγένοντο,
3357 3545 3544 3608 πάπας
3567 3543 3628 3598 δὲ

2053 3642 2174 3696 οὐδὲ
2205 3635 2308 3704 εἷς.
2341 3638 2700 3695 BAPAAAM.
2727 3637 2937 3691 Οὐκοῦν
2963 3637 3272 3704 λεγέτωσαν
3296 3636 3390 3689 καὶ
3416 3637 3465 3688 οἱ
3498 3636 3629 3705 περὶ

2052 3732 2389 3788 Μακεδόνιον
2435 3731 2517 3783 ὅτι
2563 3727 2756 3798 ἐπειδὴ
2816 3727 2924 3797 πρὸ
2974 3727 3148 3782 αὐτοῦ
3205 3725 3505 3788 ὲπίσκοπός
3543 3742 3630 3787 τις

2055 3821 2691 3882 Κωνσταντινουπόλεως
2747 3820 3024 3888 αἱρετικδς
3079 3818 3182 3872 οὐκ
3235 3818 3480 3886 ἐγένετο,
3510 3815 3624 3869 οὐδ’

2053 3917 2211 3977 αὐτὸς
2265 3915 2393 3986 ἄρα.
2447 3915 2516 3966 Ἢ
2579 3911 2800 3983 μᾶλλον,
2835 3912 2920 3964 ἵνα
2974 3909 3288 3979 οἱκειοτέρῳ
3334 3910 3629 3979 χρήσωμαι

2055 4007 2490 4078 παραδείγματι,
2519 4004 2574 4056 εί
2617 4021 2703 4066 τις
2739 4002 2881 4070 ὑπὲρ
2928 4002 3022 4055 τοῦ
3077 4001 3380 4054 ἀκολάστου
3415 4000 3635 4052 ἐκείνου

2055 4098 2278 4168 γυναίου
2309 4097 2404 4150 τοῦ
2437 4095 2736 4165 γενομένου
2773 4095 2852 4164 (1)
2879 4093 3039 4148 πάπα
3068 4092 3459 4161 ἀπολογεῖσθαι
3505 4091 3630 4144 ἐθέ-

2056 4189 2140 4242 λοι
2169 4205 2182 4219 ·
2215 4188 2444 4256 λεγέτω,
2471 4187 2554 4239 ὅτι
2584 4185 2776 4255 ἐπειδὴ
2811 4185 2920 4237 τῶν
2948 4184 3056 4254 πρὸ
3084 4183 3257 4253 αὐτῆς
3283 4182 3460 4243 οὐδεὶς
3491 4180 3630 4251 γυνὴ

2055 4278 2145 4354 ἦν,
2169 4280 2277 4334 οὐδ’
2306 4279 2445 4349 αὐτὴ
2484 4277 2609 4348 ἄρα·
2666 4277 2762 4330 καὶ
2790 4275 2910 4338 πῶς
2955 4273 3131 4329 ταῦτα
3187 4272 3465 4344 σώφρονος
3485 4271 3634 4340 λογι-

2058 4374 2198 4446 σμοῦ
2225 4391 2240 4440 ;

2638 4459 2890 4516 ΚΕΦΑΛ.
2945 4457 3049 4514 IE'.

2142 4557 2294 4611 Ἐπεὶ
2325 4556 2379 4609 δὲ
2431 4555 2511 4614 είς
2552 4550 2885 4621 Ἐκκλησίαν
2940 4547 3257 4620 Ῥωμαϊκὴν
3307 4547 3405 4603 καὶ
3449 4547 3644 4600 πίστιν

2074 4647 2390 4718 Ῥωμαϊκὴν
2444 4648 2538 4697 καὶ
2572 4644 2771 4706 αὐτοὺς
2825 4640 3108 4695 πιστεύειν
3152 4641 3492 4711 ὁμολογεῖτε,
3540 4639 3637 4693 καὶ

2063 4743 2189 4802 τοὺς
2240 4739 2431 4799 ἄλλους
2479 4734 2622 4787 οὕτω
2677 4734 2958 4786 πιστεύειν
2997 4731 3358 4802 ἀναγκάζετε,
3404 4731 3486 4784 δεῖ
3539 4732 3636 4782 καὶ

2065 4829 2427 4900 περὶτούτων
2462 4825 2755 4880 διαλαϐεῖν.
2794 4822 3054 4892 Διαφέρει
3104 4823 3254 4893 παρὰ
3291 4825 3405 4885 τοῖς
3454 4821 3638 4889 ἁγίοις

2021 4951 2038 4967 ~
2071 4921 2346 4990 [ιατράσιν
2379 4917 2534 4988 ἡμῶν
2576 4914 2905 4984 Ἐκκλησίαν
2968 4913 3289 4984 Ῥωμαϊκὴν
3321 4914 3519 4978 εἰπεῖν,
3541 4911 3638 4965 καὶ
3693 4943 3707 4981 ,ε

2065 5010 2375 5081 ΚαΟολικὴν
2435 5008 2788 5078 Ἐκκλησίαν.
2845 5005 3155 5078 Καθολικὴν
3201 5006 3300 5076 μὲν
3338 5003 3446 5074 γὰρ
3513 5001 3644 5054 Ἐκη

2062 5101 2293 5170 κλησίαν
2322 5100 2596 5168 λέγοντες.
2625 5099 2685 5151 τὸ
2718 5096 2976 5167 σύστημα
3007 5095 3190 5151 νοοῦσι
3230 5093 3337 5146 τῶν
3389 5094 3640 5146 ἁπαντα-.

2060 5193 2157 5274 χοῦ
2185 5193 2283 5263 τῆς
2308 5189 2636 5258 οἰκουμένης
2661 5187 2961 5258 ὀρθοδόξων
2982 5185 3354 5257 Χριστιανῶν,
3383 5183 3492 5236 τῶν
3514 5182 3636 5234 δικί.⁸

2060 5303 2199 5355 νητα
2232 5287 2328 5339 κα)⁸
2358 5284 2639 5338 ἀσάλευτα
2668 5281 2740 5334 τὰ
2784 5281 2884 5351 τῆς
2925 5277 3208 5340 εὐσεδείας
3240 5276 3488 5346 δόγματα
3516 5276 3639 5356 διας

2059 5375 2398 5447 τηρούντων.
2436 5371 2752 5442 Ῥωμαϊκὴν
2791 5372 2850 5424 δὲ
2889 5367 3220 5437 Ἐκκλησίαν
3250 5366 3382 5420 ὃταν
3407 5364 3630 5428 εἴπωσι,

2060 5468 2196 5537 πρὸς
2230 5464 2635 5531 ἁντιδιαστολὴν
2658 5461 2768 5514 τῶν
2797 5461 2973 5514 ἄλλων
3014 5458 3155 5511 κατὰ
3183 5457 3280 5529 τὴν
3303 5456 3635 5526 οἰκουμένην

2066 5559 2310 5632 μερικῶν
2351 5557 2687 5627 Ἐκκλησιῶν
2737 5554 2898 5607 τοῦτο
2932 5553 3173 5622 λέγουσι,
3206 5550 3458 5620 καθάπερ
3489 5549 3519 5602 ὁ
3546 5547 3631 5601 εί·

2059 5674 2400 5730 Barlaamum
2436 5672 2574 5726 banc
2603 5667 2836 5722 fabulam
2867 5665 3158 5722 .refutasse
3207 5667 3334 5720 dum
3398 5661 3632 5720 Benedi-i

2061 5756 2207 5802 ctum
2242 5743 2407 5798 Leoni
2458 5739 2769 5797 immediate
2801 5737 3132 5792 successisse
3187 5747 3396 5802 narrat,
3433 5733 3518 5788 ubi
3561 5732 3632 5794 de

2062 5816 2381 5888 pontiﬁcum
2423 5811 2564 5869 serie
2594 5809 2791 5880 agitur.
2832 5807 2989 5861 Ευιτ.
