4064 6462
572 390 708 453 1⁷35

1692 389 1783 447 B.‘.
1800 386 2096 448 RLAAMI
2142 386 2237 445 DE
2280 386 2432 446 SEM
2449 387 2580 445 INA
2596 388 2637 447 Il
2655 387 2727 446 ῐΛ

3705 390 3809 455 ίθῖϐ

570 507 811 561 ﬁdi-lium
842 507 1150 563 necessaria
1204 505 1523 561 exsistant?
1558 502 1656 561 Vel
1685 504 1964 574 quomodo
2026 512 2164 556 tnta-
2192 502 2242 561 Α
2270 504 2554 567 tinebant;
2594 502 2873 556 Romanos
2924 516 3053 555 vero
3106 498 3388 570 pontiﬁces
3438 516 3468 555 a
3518 500 3670 557 beato
3710 506 3811 562 Cle-

570 600 698 655 l.ter
731 601 1085 669 providentia)
1118 616 1255 669 opus
1289 607 1459 661 esset.
1517 598 1702 653 omnia
1758 597 2039 665 sapienter
2067 597 2163 649 a.l-

570 693 956 759 ministrantis,
985 692 1482 763 apoSIolisquidem
1514 692 1827 759 providere.
1852 690 2162 746 utbabeant

492 803 499 809 δ
569 786 852 856 primatem
885 826 898 850 ,
940 801 1079 856 quos
1107 785 1179 839 ita
1210 785 1383 854 gratia
1416 792 1534 840 erat
1562 784 1898 854 perfectura,
1936 788 1996 835 ut
2050 796 2159 835 nou

529 936 536 955 .
574 878 854 948 indigeant
885 880 936 931 in
977 878 1162 932 multis
1211 878 1404 932 ducem
1434 878 1714 932 hominem
1762 876 2002 930 habere:
2036 880 2162 941 post

570 969 694 1024 illos
757 985 884 1023 vero
925 969 1304 1024 mnlzitudiucs
1362 969 1600 1022 lidclium
1657 965 2051 1036 inprincipatas
2106 967 2162 1015 et

570 1065 913 1118 inordinatus
970 1064 1225 1117 deSerere
1262 1062 1450 1116 ferre?
1481 1062 1592 1131 Ego
1623 1063 1766 1116 enim
1823 1056 2159 1116 contrarium

569 1156 756 1221 credo,
789 1154 912 1209 ideo
938 1152 1159 1208 Petrum
1198 1154 1498 1222 principem
1525 1153 1759 1207 aliortmt
1793 1151 2161 1208 constitutum

571 1246 763 1309 fuisse,
794 1255 854 1300 ut
901 1247 1203 1300 secundum
1263 1246 1510 1300 eamdem
1562 1244 1792 1297 formam
1840 1258 2053 1312 semper
2106 1241 2162 1297 in

568 1339 812 1394 Ecclesia
848 1340 913 1391 ad
960 1355 1126 1392 unum
1164 1336 1494 1392 reducantur
1559 1350 1754 1390 oumes
1803 1335 2159 1405 principium.

570 1431 677 1484 Sud
706 1432 963 1502 quoniam
999 1432 1374 1499 pontiﬁcatum
1401 1430 1619 1499 quidem
1658 1428 1725 1484 ad
1754 1429 1955 1482 multos
1981 1438 2165 1483 trans-

573 1520 655 1576 ire
711 1520 1053 1589 impossibile
1093 1514 1246 1586 erat,
1293 1520 1417 1575 ideo
1448 1520 1577 1575 licet
1639 1520 1794 1575 multi
1825 1521 1875 1574 in
1928 1519 2162 1575 diversis

571 1611 730 1677 lctis,
758 1614 979 1678 ct;orbis
1007 1615 1257 1683 partibus
1305 1614 1545 1682 episc0pi
1570 1629 1599 1667 a
1621 1612 1780 1667 beato
1801 1612 1961 1667 Petro
1992 1614 2163 1668 creati

572 1706 818 1769 fuerunt,
891 1718 949 1762 ut
1000 1710 1065 1761 de
1118 1725 1184 1763 eo
1233 1707 1503 1763 Chronica
1570 1708 1814 1773 indicat,
1880 1716 1935 1762 et
1973 1722 2164 1763 omnes

484 1842 489 1845 .
571 1800 834 1867 possibile
860 1812 944 1855 est
970 1801 1244 1855 nominari
1277 1816 1629 1857 successores
1664 1800 1807 1869 ejus,
1860 1800 2159 1855 secundum

570 1900 824 1961 utraque,
856 1894 1227 1963 pontiﬁcatum
1260 1895 1368 1957 aio,
1404 1905 1457 1949 et
1485 1894 1802 1964 primatum,
1836 1893 1985 1946 solus
2036 1892 2164 1947 bea-

570 1993 659 2038 tus
680 1982 954 2051 Clemens,
990 2002 1277 2042 successor
1307 1985 1426 2056 ejus
1476 1987 1545 2041 ab
1573 1985 1693 2057 ipso
1717 1984 2089 2041 substituitur.

639 2074 762 2145 Ipse
806 2081 951 2132 enim
975 2080 1027 2133 in
1070 2080 1306 2150 quadam
1329 2080 1394 2134 ad
1416 2078 1683 2135 Jacobum
1719 2077 1948 2148 epistola
1976 2078 2048 2130 ita
2086 2076 2161 2146 (I)

565 2179 758 2223 narrat
793 2185 807 2223 :
841 2171 988 2242 quod
1046 2172 1267 2229 divinus
1303 2174 1499 2227 Petrus
1527 2181 1654 2227 ante
1683 2186 1890 2242 paucos
1920 2170 2039 2226 dies
2074 2170 2161 2224 sui

566 2263 877 2329 corporalis
908 2262 1054 2330 ﬁuis,
1100 2273 1402 2322 convocata
1438 2273 1551 2319 tota
1604 2265 1852 2319 Romana
1899 2263 2165 2326 Ecclesia,

566 2352 849 2407 constituit
877 2369 1000 2408 eum
1025 2370 1209 2410 coram
1241 2356 1497 2412 omnibus
1529 2357 1646 2411 vice
1686 2371 1786 2410 sua
1815 2355 1922 2411 illis
1954 2355 2170 2431 episco-

565 2457 720 2512 pum,
761 2444 949 2500 dicens
980 2447 1044 2501 ad
1076 2447 1224 2502 illum
1258 2449 1478 2519 quidem
1507 2466 1522 2503 :
1558 2448 1680 2503 Tibi
1708 2450 2017 2518 doiomnem
2052 2457 2166 2502 trav

565 2536 736 2590 ditam
777 2538 909 2592 mibi
946 2555 976 2592 a
1008 2539 1238 2597 Domino
1269 2550 1591 2611 potestatem
1620 2542 1733 2609 ;ad
1763 2542 1976 2611 plebem
2010 2557 2164 2607 vero,

567 2634 631 2681 ut
662 2627 718 2680 in
755 2629 1012 2683 omnibus
1050 2630 1125 2682 illi
1179 2641 1440 2701 tanquam
1479 2631 1584 2686 sibi
1618 2633 1925 2687 attendant.
1974 2631 2164 2701 Itaque

567 2732 634 2771 ex
693 2726 825 2773 tunc
856 2718 1088 2773 aliarum
1121 2721 1342 2791 quidem
1374 2722 1656 2777 civitatum
1688 2724 1974 2792 pontiﬁces
2004 2724 2158 2777 iuve-

566 2810 713 2873 nies,
744 2812 881 2867 nihil
916 2823 974 2867 ut
1003 2813 1302 2882 plurimum
1328 2815 1670 2872 aestimantes
1697 2826 1950 2886 Oportere
1976 2819 2162 2872 curio-

566 2904 684 2961 sius
713 2921 894 2977 agere,
933 2909 1077 2964 ultra
1122 2910 1213 2965 illa
1251 2926 1373 2981 qua:
1416 2911 1483 2965 ad
1517 2926 1674 2966 suam
1706 2911 1999 2966 dimccsem
2037 2924 2165 2972 per-

2267 604 2448 649 mente
2477 594 2809 663 incipiendo,
2838 599 3098 662 tanquam
3129 592 3296 646 totius
3336 591 3481 647 orbis
3506 596 3810 661 praelaturam

2267 697 2321 742 et
2360 702 2549 741 curam
2604 686 2890 750 habentes,
2933 685 3264 740 universalia
3298 684 3672 741 administrare
3709 705 3810 742 mox

2264 781 2564 843 ordientes,
2611 782 2677 834 ad
2708 782 2994 836 universos
3034 779 3313 848 regulares
3344 779 3603 848 epistolas
3633 779 3809 847 (innit-

2269 882 2468 938 tentes,
2495 881 2549 927 et
2583 888 2705 942 quae
2747 872 2952 942 ubique
2981 873 3350 942 peccabantur
3381 874 3649 944 corrigere
3672 876 3817 930 niten-

2266 975 2370 1031 tes,
2402 976 2456 1020 et
2500 966 2647 1035 quod
2688 967 2958 1037 agendum
2987 974 3105 1020 erat
3132 966 3390 1021 omnibus
3415 976 3705 1022 statuentes
3733 978 3815 1024 :ut

2265 1067 2446 1130 potest
2473 1059 2577 1114 hoc
2604 1059 2756 1125 sciri,
2799 1060 2844 1115 si
2886 1060 3011 1129 quis
3059 1060 3337 1127 regulares
3362 1060 3615 1131 epistolas
3644 1060 3812 1115 Roma-

2265 1165 2463 1205 norum
2498 1151 2812 1219 pontiﬁcum
2850 1168 2878 1206 a
2910 1152 3069 1205 beato
3097 1149 3378 1207 Clemente
3407 1166 3578 1220 usque
3597 1150 3659 1204 ad
3681 1167 3813 1206 sanc-

2267 1252 2380 1299 tum
2412 1243 2747 1315 Sylvestrum
2776 1245 3090 1299 discurrere
3119 1243 3349 1299 voluerit
3377 1260 3394 1297 :
3428 1244 3482 1297 in
3514 1242 3702 1312 quibus
3727 1260 3811 1297 non

2267 1348 2443 1400 pauca
2494 1334 2735 1388 inveniet
2769 1345 3047 1397 contenta,
3080 1334 3243 1387 etiam
3295 1348 3509 1396 eorum,
3554 1349 3670 1401 qua:
3698 1350 3813 1389 nunc

2266 1424 2511 1480 Ecclesia
2553 1424 2865 1480 Graecorum
2895 1425 3027 1479 facit
3059 1426 3126 1478 ab
3165 1425 3271 1480 illis
3308 1424 3650 1495 pontiﬁcibus
3688 1426 3814 1480 insti-

2268 1524 2387 1572 tuta
2411 1525 2465 1572 et
2489 1516 2758 1583 originem
2784 1517 3068 1572 habentia.
3113 1517 3271 1573 Unde
3316 1516 3460 1587 quod
3491 1516 3546 1570 in
3596 1516 3811 1570 machina

2268 1608 2508 1663 universi
2562 1610 2850 1678 contingit,
2902 1610 3046 1680 quod
3098 1624 3220 1679 quae
3256 1609 3608 1680 longinquius
3651 1624 3680 1663 a
3728 1609 3812 1663 Deo

2266 1699 2495 1765 distant,
2539 1700 2872 1769 procliviora
2911 1708 3041 1756 sunt
3070 1701 3136 1755 ad
3171 1702 3533 1771 peccandum,
3583 1709 3634 1755 et
3663 1700 3812 1755 minus

2266 1793 2628 1847 determinata
2673 1804 2727 1847 et
2755 1794 3134 1860 mutabiliora;
3167 1810 3287 1864 qua:
3316 1809 3443 1849 vero
3465 1794 3810 1865 propinquiora

2274 1892 2425 1949 sunt,
2457 1884 2649 1939 eadem
2679 1884 2732 1938 in
2765 1885 2907 1940 bono
2944 1885 3410 1949 pcrmanentiora,
3476 1892 3533 1939 et
3566 1883 3808 1939 stabiliora

2274 1986 2328 2031 et
2369 1977 2956 2045 magisdeterminata:
2988 1978 3131 2034 idem
3155 1978 3321 2033 etiam
3352 1978 3406 2031 in
3447 1977 3676 2034 Ecclesia
3710 1994 3811 2046 pro-

2274 2070 2418 2123 fecto
2443 2070 2734 2138 contingit.
2762 2069 3019 2126 Plurimae
3032 2070 3177 2124 enim
3196 2079 3251 2124 et
3277 2070 3590 2125 deterrima:
3616 2070 3810 2124 hereses

2273 2162 2325 2215 iu
2366 2162 2805 2232 partibusmagis
2827 2178 2858 2217 a
2890 2164 3137 2219 Romana
3164 2163 3498 2219 distantibus
3531 2173 3657 2219 ortre
3675 2174 3807 2228 sunt;

2266 2253 2455 2310 Roma:
2478 2272 2603 2310 vero
2633 2258 2715 2311 vel
2749 2272 2938 2339 prype,
2967 2266 3222 2312 auctores
3246 2257 3518 2312 haeresum
3541 2257 3664 2313 facti
3720 2273 3805 2310 non

2266 2359 2415 2405 sunt.
2445 2349 2617 2405 Matre
2648 2351 2795 2405 enim
2853 2351 3227 2405 Ecclesiarum
3281 2352 3542 2407 omnibus
3598 2352 3806 2406 veritatis

2265 2443 2450 2498 radios
2470 2443 2733 2507 enitente,
2768 2441 3013 2509 profecto
3033 2444 3396 2513 contingebat
3430 2445 3805 2513 propinquiores

2261 2537 2435 2607 magis
2451 2552 2613 2606 quam
2634 2536 3070 2606 longinquiores,
3093 2535 3613 2592 clariusilluminari
3644 2554 3657 2591 :
3703 2552 3801 2592 cum

2258 2642 2442 2687 autem
2471 2630 2657 2685 divina
2683 2629 3045 2700 providentia,
3074 2632 3379 2700 respublica
3404 2631 3476 2685 ad
3505 2630 3807 2685 Christianos

2266 2724 2527 2788 venisset,
2576 2724 2792 2792 piorum
2838 2722 3236 2792 imperatorum
3296 2722 3649 2793 legislatores,
3688 2722 3801 2776 Con-

2267 2817 2609 2871 stantinuset
2631 2825 2755 2882 post
2769 2832 2893 2871 eum
2925 2816 3288 2880 Iustinianus,
3333 2826 3712 2886 consequenter
3726 2829 3804 2870 su-

2271 2910 2473 2979 periori
2513 2908 2794 2965 traditioni
2825 2909 3261 2980 etpossessioni,
3305 2908 3521 2980 legibus
3567 2919 3616 2964 et
3643 2909 3799 2964 decre-

1697 3030 2048 3087 BARLAAMI
2075 3029 2359 3087 CONTRA
2387 3026 2707 3084 LATINOS.

567 3143 763 3206 κοστδς
799 3144 1060 3216 τέταρτος
1089 3146 1271 3201 κανὼν
1301 3147 1402 3217 τῆς
1430 3151 1486 3205 ἒν
1518 3149 1856 3221 Καρῦαγένῃ
1913 3149 2161 3211 συνόδου,
2193 3152 2238 3214 C
2269 3141 2338 3217 ἧς
2368 3148 2461 3201 καὶ
2487 3147 2555 3200 τὰ
2585 3148 2835 3216 δόγματα
2874 3147 3261 3218 διατηροῦντες
3293 3150 3650 3221 τυγχάνομεν·
3672 3148 3801 3216 ὑμεῖς

568 3236 717 3291 οὕτω
753 3238 931 3307 λέγων
958 3254 973 3271 ο
1015 3258 1035 3291 ‹
1086 3242 1324 3312 Ἤρεσεν
1373 3242 1516 3297 ὥστε
1563 3244 1694 3311 περὶ
1736 3243 1838 3313 τῆς
1885 3243 2160 3313 διχονοίας

568 3334 668 3399 τῆς
711 3331 1038 3401 Ῥωμαῖκῆς
1072 3332 1170 3387 καὶ
1208 3333 1624 3404 Ἀλεξανδρινῆς
1659 3335 1992 3407 Ἐκκλησίας
2022 3333 2160 3405 πρὸς

567 3424 661 3474 τὶν
694 3422 1001 3490 ἁγιώτατον
1036 3426 1227 3479 πάπαν
1269 3427 1624 3481 Ἰννοκέντιον
1676 3430 1983 3500 γραφῆναι,
2012 3432 2162 3494 ὅπως

564 3516 812 3586 ἑκατέρα
842 3517 1147 3589 Ἐκκλησία
1181 3521 1319 3590 πρὸς
1376 3521 1617 3591 ἀλλήλας
1647 3523 1875 3593 εἰρήνην
1908 3522 2162 3592 φυλάξω-

567 3625 677 3672 σιν,
704 3609 770 3680 ἣν
798 3611 826 3663 ὁ
852 3611 1053 3680 Κύριος
1090 3614 1487 3681 παραγγέλλει.
1527 3631 1546 3666 ι
1596 3615 1784 3678 Οὐδεὶς
1820 3615 1878 3668 δὲ
1913 3616 2035 3669 ἀντὶ
2063 3615 2160 3669 τοῦ

571 3703 754 3757 εἰπεῖν
810 3704 1125 3776 Καθολικὴν
1168 3707 1524 3776 Ἐκκλησίαν,
1569 3707 1887 3780 Ῥωμαϊκήν
1922 3726 2055 3762 ποτε
2085 3707 2161 3761 εἷς

573 3812 698 3850 παν.
754 3797 858 3849 Τὸν
912 3798 1078 3852 αὐτὸν
1114 3799 1179 3869 δὴ
1214 3800 1440 3870 τρόπον,
1474 3802 1568 3854 καὶ
1607 3801 1793 3854 πίστιν
1844 3802 2164 3873 Καθολικὴν

571 3887 704 3941 ὅταν
735 3888 957 3956 λέγωσι,
1001 3891 1205 3961 ταύτην
1256 3893 1491 3959 νοοῦσιν,
1525 3896 1591 3964 ἢν
1644 3893 1888 3959 ἅπαντες
1919 3895 1969 3947 οἱ
2003 3895 2163 3965 ὀρθό-

571 3978 718 4044 δοξοι
773 3982 1097 4053 Χριστιανοὶ
1143 3983 1525 4053 ὁμολογοῦσιν,
1576 3986 1821 4055 ὅπουπερ
1865 3987 1932 4040 ἂν
1960 3988 2167 4059 τυγχά-

571 4094 740 4131 νοιεν.
795 4078 994 4132 Πῖσιιν
1044 4078 1101 4132 δὲ
1162 4079 1481 4152 Ῥωμαϊκὴν
1527 4081 1625 4151 τὴν
1674 4083 1780 4135 τῶν
1816 4084 2165 4154 Χριστιανῶν

570 4166 783 4234 πίστιν,
807 4169 1077 4236 ο·3εεὶς,ού
1101 4172 1314 4240 μανεὶς,
1336 4169 1515 4227 εἶπεν.
1536 4173 1969 4248 Ἐνομοῦέτιισαν
1985 4179 2041 4230 δὲ
2065 4178 2166 4232 οὐκ

573 4261 656 4322 εἰς
697 4259 1019 4332 Ῥωμαϊκὴν
1053 4263 1085 4331 ἢ
1118 4264 1306 4319 πίστιν
1336 4265 1368 4335 ἢ
1414 4260 1764 4335 ⁹Ε’κκλησίαν,
1797 4270 1912 4321 ἀλλ’
1943 4273 2023 4333 εἰς
2055 4273 2168 4325 Κα-

574 4350 801 4425 θολικὴν
848 4354 879 4423 ἢ
933 4354 1121 4426 κοινὴν
1156 4357 1250 4411 καὶ
1298 4358 1486 4413 πίστιν
1521 4360 1614 4413 καὶ
1662 4359 1990 4434 Ἐκκλησίαν
2017 4365 2166 4432 ἡμᾶς

575 4446 889 4500 πιστεύειν·
925 4450 992 4520 ἦν
1026 4449 1214 4504 πίστιν
1258 4453 1352 4505 καὶ
1387 4454 1684 4523 ὁμολογίαν
1743 4458 1840 4509 καὶ
1893 4457 2164 4524 ἐφυλάξα-

580 4556 704 4609 μεν,
723 4540 816 4593 καὶ
846 4543 928 4605 εἰς
961 4542 1138 4609 τέλος,
1166 4544 1303 4598 Θεοῦ
1327 4548 1699 4617 φρουροῦντος
1719 4550 1888 4619 ἡμᾶς,
1925 4549 2165 4617 φυλάξο-

578 4649 702 4703 μεν.
752 4635 822 4687 Ἦ
857 4638 1010 4700 ποῖος
1046 4637 1259 4708 μάρτυς
1288 4641 1539 4711 τυράννῳ
1590 4642 1724 4694 ποτὲ
1786 4642 2099 4711 παρεστὼς,
2133 4642 2167 4713 ἢ

578 4724 858 4795 αἰρετικδς
909 4730 972 4781 ὲκ
1021 4730 1231 4800 πλάνης
1262 4730 1383 4783 ὁδοῦ
1416 4733 1584 4785 αὑτοῦ
1614 4735 1984 4805 ἐπιστρέφων,
2012 4736 2068 4786 ὲν
2102 4737 2167 4807 τῇ

574 4818 678 4889 τῆς
714 4821 951 4887 πίστεως
982 4826 1245 4898 ὁμολογίᾳ
1268 4821 1390 4879 εἶπέ
1428 4843 1478 4878 τι
1508 4825 1770 4891 τοιοῦτον,
1802 4828 1885 4878 ὅτι
1918 4828 2166 4881 Πιστεύω

571 4915 654 4976 εἰς
690 4912 1007 4986 Ῥωμαϊκὴν
1034 4918 1067 4987 ἢ
1097 4916 1353 4989 πίστιν,ἦ
1388 4917 1717 4987 Ἐκκλησίαν
1742 4935 1758 4983 ;
1785 4918 1879 4981 Τίς
1905 4918 1963 4972 δὲ
1988 4921 2165 4973 τοιαύ·
2198 4938 2207 4947 ·

570 5022 671 5075 την
720 5008 1014 5076 ὁμολογίαν
1054 5010 1305 5080 ἀπῄτησέ
1358 5012 1490 5062 ποτέ
1551 5027 1696 5071 τινα,
1749 5010 1850 5081 τὴν
1884 5013 2163 5083 ἡμετέραν

570 5096 984 5171 ἀναιρουμένην
1019 5116 1082 5165 γε
1110 5099 1438 5165 εὐσέϐειανς
1486 5100 1616 5153 Ούτ⁹
1649 5097 1741 5154 οὖν
1774 5104 1921 5173 ἡμᾶς
1950 5102 2163 5157 δίκαιον

570 5188 654 5250 εἰς
710 5186 1031 5260 Ῥωμαϊκὴν
1088 5189 1421 5258 Ἐκκλησίαν
1470 5190 1635 5258 φάναι
1692 5192 1993 5258 πιστεύειν,
2045 5192 2160 5247 οὗθ’

575 5279 721 5348 ὑμᾶς
772 5281 853 5343 εἰς
906 5280 1243 5352 Καθολικήν.
1291 5283 1469 5353 Ἥμᾶς
1506 5284 1608 5353 μὲν
1641 5286 1753 5354 γὰρ
1785 5285 1885 5340 an
1913 5288 2027 5348 τοῖς
2063 5287 2160 5356 τῆς

572 5370 875 5440 καθολικῆς
908 5372 1243 5441 Ἐκκλησίας
1269 5375 1610 5445 ἐμμένοντας
1642 5378 1850 5447 νόμοις,
1885 5379 1980 5431 καὶ
2013 5378 2161 5441 σὼας

573 5465 671 5517 καὶ
714 5463 1046 5534 ὁλοκλήρους
1091 5470 1190 5529 τὰς
1237 5468 1454 5537 ἐκείνης
1495 5471 1828 5540 παραδόσεις
1861 5470 2160 5540 φυλάττον-

573 5567 697 5620 τας,
730 5554 1166 5624 ἀναγκαιότατον
1214 5561 1295 5625 είς
1328 5563 1500 5632 αὐτὴν
1538 5565 1821 5619 πιστεύειν
1849 5565 2161 5636 ὁμολογεῖν,

648 5697 948 5767 (l)Nititur
991 5701 1236 5777 Barlaam
1269 5706 1499 5777 epistola
1546 5708 1846 5766 Clementis
1893 5711 1957 5765 ad
1990 5710 2153 5766 Jam-

573 5765 725 5850 bum,
757 5786 879 5836 qua:
901 5787 966 5850 eo
996 5772 1210 5850 faeilius
1240 5765 1422 5846 spuria
1463 5783 1746 5847 probatur,
1784 5783 1923 5850 quod
1948 5783 2152 5850 scripta

577 5836 743 5895 fuerit
775 5857 880 5897 non
914 5844 1014 5899 nisi
1063 5858 1187 5916 post
1239 5836 1474 5905 uiorteuf
1512 5850 1677 5920 Petri,
1724 5836 2155 5924 euinlono-c'ad

2264 3241 2323 3295 δὲ
2372 3241 2424 3294 οί
2483 3241 2584 3303 τὰς
2623 3242 2724 3311 τῆς
2781 3240 3082 3313 καθολικῆς
3130 3243 3460 3313 Ἐκκλησίας
3511 3242 3801 3314 παραδόσεις

2260 3334 2652 3405 ἀθετήσαντες,
2677 3331 2774 3388 καὶ
2790 3335 2996 3400 ταύτας
3027 3338 3106 3401 εἰς
3128 3336 3281 3391 οὐδὲν
3309 3337 3550 3408 θέμενοι,
3576 3336 3686 3401 ξένα
3706 3332 3804 3386 τινὰ

2264 3431 2362 3483 καὶ
2416 3430 2674 3501 ἀλλότρια
2715 3430 3069 3498 άντεισάγετε
3134 3431 3402 3501 δόγματα,
3437 3430 3558 3494 πῶς
3593 3430 3653 3481 ἂν
3682 3426 3802 3495 είητε

2262 3519 2466 3595 δίκαιοι
2504 3521 2572 3593 ἢν
2604 3521 2912 3592 ὴΟετήσατε
2951 3508 3303 3593 Ἐκκλησίαν,
3334 3523 3416 3586 εἰς
3443 3522 3644 3588 ταύτην
3673 3518 3800 3579 αὖθις

2265 3614 2553 3669 πιστεύειν
2609 3615 2939 3684 ὁμολογεῖν;
2995 3615 3319 3684 Ἀναγκαῖον
3354 3616 3467 3685 ἄρα
3518 3614 3645 3685 πρδς
3684 3615 3803 3665 ἀντι·

2263 3704 2552 3776 διαστολὴν
2586 3705 2796 3779 ταύτης
2850 3707 2947 3778 τὴν
2988 3708 3305 3780 Ῥωμαϊκὴν
3346 3710 3670 3779 Ἐκκλησίαν
3693 3721 3802 3773 προ·

2266 3798 2586 3853 ϐάλλεσθαι.
2620 3798 2779 3853 Οὕτω
2813 3802 2923 3872 γὰρ
2971 3800 3038 3855 ἂν
3094 3802 3393 3856 δεικνύοι-,τε
3460 3801 3694 3872 φανερῶς
3723 3799 3799 3865 τῆς

2267 3891 2566 3963 καθολικῆς
2614 3894 2966 3947 παντάπασιν
3017 3895 3349 3965 Ἐκκλησίας
3394 3894 3798 3948 ἐκπεπτωκέναι.

2268 3984 2351 4035 Τὰ
2394 3985 2494 4053 μὲν
2533 3985 2642 4057 γὰρ
2687 3988 2843 4056 κοινῇ
2894 3987 3079 4058 ἁπάσῃ
3112 3990 3178 4057 τῇ
3225 3987 3321 4041 τοῦ
3360 3988 3497 4042 Θεοῦ
3542 3986 3799 4055 Ἐκκλησία

2268 4077 2710 4149 νομοθετηθέντα
2748 4079 2853 4133 tian
2899 4096 2958 4132 τε
3001 4079 3109 4131 τῶν
3163 4080 3324 4133 οείων
3371 4081 3675 4134 ἀποστόλων
3724 4076 3798 4129 καὶ

2268 4170 2378 4223 τῶν
2409 4171 2583 4240 ἁγίων
2632 4172 2892 4241 [Ιατέρων
2921 4170 3105 4242 ἡμῶν,
3146 4172 3548 4244 αἰσχυνόμενοι,
3593 4175 3677 4228 καὶ
3716 4168 3797 4222 ora

2266 4267 2369 4334 τῆς
2396 4264 2760 4333 συνειδήσεως
2786 4264 3156 4333 ἐλεγχόμενοι,
3179 4265 3472 4335 φυλάττειν
3499 4264 3793 4334 ὁμολογεῖτε·

2268 4353 2339 4409 ἂν
2367 4354 2424 4408 δέ
2450 4371 2534 4416 τις
2565 4355 2708 4424 ὑμᾶς
2750 4356 2966 4427 ἔρηται,
3007 4356 3129 4420 [Ιῶς
3199 4358 3290 4410 τὸν
3325 4357 3474 4412 δεῖνα
3507 4359 3538 4429 ἢ
3569 4358 3651 4410 τὸν
3677 4356 3794 4425 δεῖνα

2270 4446 2643 4517 παραϐαίνετε
2696 4449 2899 4518 νόμον;
2955 4448 3050 4501 ἐπὶ
3100 4450 3198 4521 τὴν
3246 4451 3497 4516 ὲξουσὲαν
3540 4451 3705 4513 eccm.
3739 4447 3797 4509 ὡς

2270 4537 2355 4591 ἐπ’
2388 4539 2684 4612 ἀκρόπολίν
2716 4556 2857 4606 τινα,
2885 4541 3260 4612 καταφεύγετε
3280 4558 3297 4574 ο
3325 4544 3508 4613 ὅμοιόν
3535 4562 3584 4595 τι
3608 4545 3707 4602 τοῖς
3725 4555 3798 4590 τυ-

2270 4634 2488 4701 ράννοις
2517 4630 2820 4696 ποιοῦντες,
2855 4633 2905 4687 οἳ
2931 4634 3076 4704 λόγῳ
3103 4635 3312 4689 πείθειν
3353 4636 3670 4706 ἀποροῦντες
3697 4632 3797 4694 τοὺς

2270 4723 2584 4795 μάρτυρας,
2638 4726 2773 4797 δρᾷν
2813 4729 2895 4790 είς
2944 4727 3147 4791 αὐτοὺς
3197 4728 3286 4782 διὰ
3330 4732 3430 4799 τῆς
3463 4730 3691 4796 ἐξουσίας
3718 4725 3797 4778 οὐκ

2268 4815 2480 4870 ὤκνουν
2512 4818 2578 4872 τὰ
2604 4820 2881 4891 χείριστα.
2912 4820 3100 4874 Ταῦτα
3132 4822 3231 4892 μὲν
3261 4821 3402 4887 ἃλις.

2856 4913 3109 4971 unum.
3154 4912 3272 4983 ις’.

2341 5006 2435 5058 Δεῖ
2478 5005 2534 5058 δέ
2572 5023 2639 5076 με
2684 5008 3315 5078 ἀνακεφαλαιωσὰμενον
3348 5009 3416 5062 τὰ
3444 5007 3532 5062 διὰ
3579 5004 3798 5060 πλειόνων

2268 5098 2596 5169 δεδειγμένα
2648 5102 2803 5164 τέλος
2842 5100 3112 5155 ἐπιθεῖναι
3147 5090 3221 5171 τῷ
3257 5101 3423 5171 λόγῳ.
3474 5102 3680 5172 Πρῶτον
3722 5095 3799 5167 μὲν

2269 5192 2364 5246 οὖν
2422 5192 2711 5260 ἀπέδειξα,
2747 5195 2830 5247 ὅτι
2880 5194 3114 5258 ἕκαστος
3163 5194 3274 5248 τῶν
3327 5196 3496 5263 ἁγίων
3530 5191 3798 5249 ἀποστόλων

2269 5286 2561 5350 καθολικδς
2588 5289 2795 5360 ποιμήν
2824 5305 2885 5341 τε
2909 5287 3005 5341 καλ⁵
3035 5287 3351 5352 διδάσκαλος
3384 5290 3482 5359 τῆς
3511 5284 3798 5355 οἰκουμένης

2271 5378 2495 5449 ἁπάσης
2528 5380 2756 5449 ἀμέσως
2807 5382 2911 5435 ὑπὸ
2933 5380 3027 5435 τοῦ
3056 5382 3328 5435 Δεσπότου
3387 5379 3617 5453 Χριστοῦ
3672 5390 3802 5447 προο-

2272 5473 2477 5544 ϐλήθη·
2530 5474 2806 5546 δεύτερον,
2854 5477 2936 5529 ὅτι
2982 5478 3009 5529 ὁ
3058 5477 3339 5553 μακάριος
3366 5476 3591 5553 Κλήμης
3622 5474 3676 5527 οὐ
3720 5469 3801 5537 τῆς

2270 5566 2603 5637 οἰκουμένης
2660 5544 2984 5635 ἐπίσκοπος,
3038 5544 3156 5624 ἀλλ’
3220 5544 3375 5635 loud;
3436 5544 3797 5642 τῆςἺῬὼμηςν

2264 5726 2496 5781 superos
2525 5714 2788 5770 evasisset
2809 5715 2898 5770 ille
2918 5713 3178 5783 Iacobus,
3207 5715 3297 5772 cui
3323 5713 3646 5773 inscribitur.
3666 5709 3800 5767 Βιεπ.

2346 5786 2422 5855 (2)
2455 5787 2765 5844 Canonicas
2797 5787 3117 5843 dccretales.
