4064 6474
344 423 474 488 ῖΞἾἹ

1682 425 1830 487 PRO
1853 425 2185 488 LATINIS.

3462 425 3600 491 12'8

338 539 409 594 tis
435 538 678 608 ejusdem
699 539 954 596 Ecclesiae
983 542 1276 610 primatum
1343 551 1610 609 statuunt,
1655 544 1710 597 in
1759 551 1914 612 parte
1940 544 1992 602 A
2017 555 2104 599 cet
2135 544 2248 600 fieri
2272 543 2525 615 generale
2548 544 2844 599 concilium
2883 563 2896 611 ;
2939 555 2993 600 et
3030 544 3074 600 si
3102 543 3219 607 fiat,
3252 542 3420 598 robur
3484 557 3592 596 non

335 633 556 699 pietatis
616 634 718 688 hoc
749 633 1052 700 facientes,
1114 635 1407 691 manifeste
1472 637 1904 690 dcterminantes

353 722 636 778 lomanam
672 724 971 780 Ecclesiam
1007 737 1259 794 Oportere
1308 727 1506 782 habere
1537 729 1806 782 rationem
1839 729 1906 782 ad

336 815 575 885 reliquas
607 832 832 882 omnes,
866 828 918 872 et
944 819 1046 886 ipsi
1082 818 1378 873 convenire
1429 820 1674 874 omnium
1733 821 1910 875 domi-

337 911 480 974 nari,
510 919 563 964 et
594 910 781 962 omnia
815 919 1111 964 retractare
1139 952 1154 977 ,
1186 921 1237 966 et
1265 927 1389 980 qua:
1448 913 1650 982 ubique
1684 914 1749 968 de
1808 914 1910 967 tide

334 1013 388 1060 et
418 1006 762 1076 dogmatibus
789 1006 1137 1070 dubitantur,
1173 1008 1237 1060 ad
1274 1007 1446 1076 ipsam
1500 1006 1712 1071 referri,
1760 1017 1814 1062 et
1836 1006 1907 1062 ibi

336 1099 751 1151 convenientem
788 1099 1252 1152 examinatiouem
1285 1107 1339 1154 et
1371 1099 1742 1153 definitionem
1775 1114 1910 1154 con—

337 1191 490 1257 sequi
525 1210 537 1255 ;
571 1199 734 1259 atque
754 1189 1091 1245 Sardicensis
1123 1191 1340 1246 concilii
1375 1206 1634 1255 canones,
1665 1192 1912 1246 omnium

339 1283 570 1335 aliorum
607 1283 927 1352 pontificum
992 1285 1292 1339 sententias
1353 1284 1664 1353 judiciales,
1691 1285 1736 1339 si
1787 1287 1913 1354 quis

339 1375 403 1427 ad
435 1375 606 1444 ipsam
643 1377 1019 1446 appellaverit,
1057 1378 1229 1446 ipsam
1285 1388 1540 1446 oportere
1593 1387 1913 1440 retractare,

336 1477 390 1522 et
419 1466 865 1528 conﬁrmare,vel
908 1468 1147 1533 irritare,
1203 1469 1460 1524 similiter
1524 1479 1810 1532 statuunt;
1861 1481 1917 1525 ct

339 1561 612 1626 generalia
647 1561 892 1628 quaedam
929 1562 1202 1625 concilia,
1248 1577 1399 1615 novae
1462 1561 1649 1616 Romae
1700 1565 1916 1631 episco-

340 1669 467 1721 pum
504 1656 778 1706 honorare
810 1653 1067 1720 volentia,
1092 1666 1343 1722 oportere
1385 1656 1562 1723 ipsum
1591 1656 1790 1709 habere
1822 1658 1916 1710 de-

344 1747 880 1813 Ccrnunt'primatum
907 1756 1027 1816 post
1045 1749 1358 1816 episcopum
1379 1749 1612 1816 antiquae
1634 1748 1818 1801 Romre
1837 1769 1847 1810 ;
1867 1757 1920 1802 et

339 1840 483 1908 quod
515 1840 759 1894 omnium
795 1839 1093 1892 maximum
1132 1849 1235 1897 est.
1265 1841 1406 1909 quod
1443 1850 1493 1894 et
1530 1843 1579 1892 in
1615 1843 1919 1892 canonibns

341 1947 392 1985 et
407 1932 617 2000 legibus
645 1932 845 1985 nullius
862 1930 1117 1985 Ecclesizc
1143 1932 1299 1985 sedes
1321 1933 1619 2000 apostolica
1668 1933 1917 1985 nomina-

345 2034 453 2084 tur,
482 2023 582 2076 nisi
618 2031 829 2076 tantum
865 2024 1144 2077 Romanae.
1168 2023 1317 2078 Unde
1349 2025 1498 2077 multi
1526 2026 1704 2093 magni
1729 2026 1826 2077 viri
1853 2027 1916 2079 de

343 2113 600 2168 Orientali
639 2115 878 2169 Ecclesia
938 2116 1290 2174 arbitrantes.
1349 2131 1408 2169 se
1475 2115 1730 2184 injuriam
1793 2132 1914 2169 esse

341 2222 555 2277 passos,
581 2207 644 2260 ad
677 2207 856 2260 sedem
889 2206 1036 2261 illam
1076 2207 1392 2276 refugerunt
1432 2226 1444 2262 :
1477 2207 1704 2278 Magnus
1758 2210 1919 2263 Atha-

343 2300 554 2363 nasius,
592 2309 812 2352 sanctus
837 2297 1102 2352 Maximus
1130 2318 1142 2365 ;
1173 2299 1264 2353 scd
1303 2315 1476 2368 neque
1528 2302 1716 2355 beatus
1740 2301 1915 2372 Chry—

343 2401 622 2446 sostomus
655 2406 811 2443 suum
836 2391 1106 2458 ignoravit
1132 2400 1313 2460 caput.
1365 2392 1560 2447 Passus
1577 2395 1719 2447 enim
1750 2395 1921 2447 maxi-

345 2495 464 2535 mas
493 2480 824 2548 iojnrias,ad
862 2487 990 2534 tunc
1050 2481 1428 2534 santissimum
1489 2497 1683 2549 papam
1735 2481 1917 2534 omnia

343 2575 532 2627 refert.
571 2573 671 2638 Qui
703 2581 967 2640 quantum
991 2573 1042 2624 in
1067 2588 1124 2626 se
1153 2580 1290 2634 erat,
1343 2589 1562 2627 manum
1615 2573 1919 2627 auxiliarii-

344 2681 460 2719 cem
484 2668 611 2719 dare
637 2664 894 2734 injuriam
926 2679 1111 2732 passo,
1139 2665 1290 2718 nullo
1326 2667 1485 2719 modo
1507 2666 1768 2734 neglexit.
1811 2664 1917 2720 Sed

343 2766 396 2809 ct
421 2756 694 2825 Agapctus
721 2754 1106 2810 sanctissimus
1133 2771 1297 2824 papa,
1338 2771 1460 2809 cum
1488 2758 1795 2812 advenisset
1827 2774 1924 2812 no-

345 2864 466 2902 vam
502 2848 726 2901 Romam
761 2856 1005 2916 tempore
1029 2847 1325 2901 Justiniani
1376 2849 1724 2915 imperatoris
1748 2892 1760 2913 ,
1787 2867 1924 2912 quo-

345 2939 492 2993 niam
518 2941 652 2993 vidit
682 2938 995 2992 Anthifnum
1035 2940 1404 3008 patriarcham
1427 2945 1717 3009 quannlam
1746 2943 1923 2997 lucre—

348 3036 451 3090 sim
481 3033 886 3098 defendentem,
914 3033 1064 3085 illum
1100 3017 1318 3101 quidem
1360 3035 1584 3103 deponit
1659 3037 1722 3089 de
1762 3039 1919 3091 sede:

346 3127 559 3182 Menam
582 3141 730 3192 vero,
777 3126 952 3180 virum
978 3126 1370 3189 orthodoxum,
1443 3127 1495 3178 in
1553 3129 1920 3194 patriarcham

2010 637 2249 692 habere:
2286 651 2602 706 quanquam
2629 635 2966 706 Ephesinum
2991 633 3284 690 concilium
3316 631 3450 686 nihil
3488 632 3596 685 im-

2009 730 2216 800 pedivit
2260 728 2513 800 generale
2530 736 2726 783 etesse
2744 735 2797 783 et
2847 727 3140 786 nominari.
3177 740 3366 795 neque
3409 725 3596 776 Antio-

2010 823 2185 874 cheno
2207 821 2521 891 patriarcha
2553 829 2843 890 prasente,
2896 833 3078 887 neque
3123 816 3595 884 Constantinopo-

2015 913 2183 967 litano
2215 912 2578 978 assentiente;
2610 922 2664 966 et
2687 910 3137 965 Chalcedonense
3165 908 3442 973 similiter;
3473 908 3598 960 Ale-

2013 1007 2283 1061 xandrino
2317 1004 2632 1075 patriarcha
2662 1019 2766 1057 non
2800 1002 3151 1058 assentiente.

2084 1099 2274 1169 Neque
2329 1099 2495 1167 igitur
2531 1097 2783 1168 generale
2851 1094 3170 1158 concilium,
3233 1110 3413 1166 neque
3437 1092 3587 1148 aliud

2016 1192 2312 1261 quidquam
2342 1193 2407 1246 ad
2451 1193 2691 1246 universi
2721 1193 3040 1253 utilitatem.
3067 1205 3311 1257 unquam
3349 1188 3596 1242 celebra-

2018 1293 2129 1338 tum
2161 1293 2243 1337 est
2273 1285 2390 1337 sine
2410 1282 2497 1336 illa
2520 1281 2666 1337 sede.
2686 1280 2827 1336 Etex
2853 1283 2940 1336 illa
2957 1281 3172 1351 quidem
3190 1279 3430 1334 Ecclesia
3449 1277 3598 1348 nulla

2019 1375 2242 1430 hzeresis
2297 1374 2678 1442 superioribus
2743 1373 3083 1444 temporibus
3123 1380 3302 1426 ortum
3367 1369 3598 1424 habuit:

2020 1469 2168 1522 nulla
2204 1483 2332 1522 vero
2378 1468 2598 1521 aliunde
2635 1475 2879 1521 ortarum
2912 1466 3116 1520 occidit
3146 1465 3266 1520 sine
3293 1463 3442 1518 illius
3473 1476 3604 1531 pro-

2020 1561 2282 1615 videntia.
2321 1558 2586 1614 Omnibus
2613 1561 2834 1630 quidem
2883 1559 3081 1624 modis,
3113 1557 3472 1628 quibusjuste
3499 1553 3604 1608 ali-

2021 1657 2148 1725 quid
2179 1655 2546 1723 possideatur,
2577 1655 2742 1707 totius
2775 1652 3030 1708 Ecclesiae
3058 1652 3145 1706 illa
3178 1651 3472 1720 primatum
3507 1645 3607 1701 ob—

2022 1747 2180 1800 tinuit
2209 1747 2362 1802 sedes
2385 1787 2399 1811 ,
2427 1746 2640 1801 scilicet
2673 1745 2859 1800 divina
2894 1746 3191 1806 sententia,
3219 1742 3602 1813 apostolorum

2025 1840 2484 1901 institutionibus,
2537 1838 2874 1906 synodorum
2929 1836 3254 1897 canonibus,
3281 1843 3599 1888 sanctorum

2016 1931 2277 1997 decretis,
2340 1929 2702 1984 multitudinis
2736 1944 2988 1992 assensu,
3019 1927 3282 1996 temporis
3317 1925 3607 1994 praescrip-

2025 2025 2190 2089 tione,
2225 2023 2290 2077 ab
2313 2022 2567 2076 omnibus
2586 2036 2878 2084 consensu,
2907 2019 3119 2089 etquod
3153 2019 3409 2073 omnibus
3438 2031 3602 2085 supe-

2026 2115 2264 2171 rioribus
2300 2115 2632 2186 temporibus
2658 2116 2744 2184 pie
2767 2124 2821 2168 et
2856 2114 3016 2168 rebus
3047 2112 3429 2166 communibus
3460 2108 3608 2164 utili-

2026 2217 2108 2262 ter
2138 2207 2440 2261 dominium
2475 2208 2740 2261 exercuit.
2777 2206 2919 2261 Nam
2961 2204 3066 2260 etsi
3099 2204 3300 2273 aliquis
3335 2203 3503 2260 semel
3537 2202 3606 2256 il-

2025 2301 2203 2355 lorum
2261 2300 2581 2370 pontificum
2617 2299 2780 2353 alicui
2815 2298 3006 2352 limresi
3040 2313 3301 2354 assensus
3333 2307 3434 2362 est,
3511 2296 3605 2350 sed

2027 2411 2134 2450 non
2164 2395 2216 2448 in
2258 2395 2500 2463 longum,
2528 2401 2624 2447 aut
2667 2392 2734 2446 de
2758 2393 2919 2460 longo
2944 2391 3112 2460 hujus
3133 2389 3457 2443 remedium.
3487 2385 3612 2442 Sta-

2031 2487 2124 2541 tim
2150 2488 2294 2542 cnim
2319 2485 2509 2541 eadem
2541 2483 2806 2550 Ecclesia,
2837 2484 3123 2537 adversata
3149 2482 3220 2545 ei,
3241 2480 3456 2536 illorum
3486 2493 3612 2534 ora-

2031 2581 2197 2641 tione,
2227 2578 2356 2633 sede
2370 2577 2534 2632 simul
2559 2577 2736 2631 etvita
2765 2576 3034 2644 privatur.
3061 2573 3202 2640 Quid
3227 2581 3404 2628 autem
3431 2573 3478 2628 si
3513 2573 3610 2626 dc-

2029 2668 2318 2740 cusips'um
2345 2679 2400 2724 et
2421 2669 2710 2723 utilitatem
2737 2667 3086 2736 qnmramus?
3117 2681 3298 2721 nonne
3321 2664 3611 2719 videbitur

2031 2762 2314 2819 decentius
2336 2774 2477 2822 esse,
2501 2770 2552 2814 et
2575 2774 2671 2828 per
2700 2758 2907 2822 omnia,
2939 2765 2997 2810 ut
3037 2759 3108 2811 ita
3135 2756 3372 2818 dicatur,
3393 2754 3607 2816 utilius,

2030 2869 2084 2916 et
2114 2859 2207 2913 Dei
2244 2871 2372 2928 erga
2396 2871 2492 2909 nos
2531 2853 2727 2924 pietate
2759 2852 2999 2922 dignius,
3061 2859 3121 2906 ut
3157 2849 3233 2903 illi
3269 2849 3416 2918 genti
3443 2848 3611 2902 totius

2031 2952 2181 3006 orbis
2211 2950 2498 3018 praelatura
2548 2955 2714 3016 atque
2757 2958 2890 3000 cura
2914 2942 3204 3008 credatur,
3246 2955 3367 3010 quae
3399 2939 3610 3011 legibus

2031 3051 2085 3097 et
2119 3041 2266 3096 civili
2309 3040 2558 3094 doctrina
2619 3036 2855 3091 maxime
2891 3034 3138 3090 omnium
3187 3033 3432 3104 gaudet,
3485 3047 3608 3101 quae

2033 3149 2249 3190 omnem
2279 3130 2623 3194 infinitatem,
2653 3138 2708 3184 et
2729 3127 3219 3190 inordinationem,
3238 3131 3293 3179 et
3316 3123 3608 3195 imequali-

349 3230 520 3275 creat.
553 3220 617 3275 Et
649 3235 770 3274 cum
797 3219 1090 3288 aliquando
1120 3217 1354 3288 qdatuor
1412 3221 1738 3288 patriarcha:
1795 3237 1917 3275 cum

2031 3241 2218 3295 tatem,
2239 3238 2290 3282 et
2309 3227 2644 3291 violentiam,
2666 3233 2721 3280 et
2743 3223 3003 3294 iniuriam
3032 3231 3087 3276 et
3111 3220 3514 3275 detractionem
3544 3220 3610 3272 de.

347 3314 678 3382 imperatore
715 3312 980 3366 adversus
1043 3310 1383 3364 venerabiles
1429 3310 1694 3380 imagines
1749 3311 1917 3381 impie

346 3408 672 3478 gessissent,
709 3420 817 3458 non
867 3404 1346 3473 paucisqneannis
1398 3403 1526 3457 huic
1550 3405 1740 3458 hmrcsi
1805 3420 1926 3474 per-

346 3507 714 3564 severassent,
749 3506 914 3563 atque
939 3497 1004 3550 ad
1037 3495 1293 3549 delendas
1318 3495 1668 3550 honorabiles
1721 3498 1925 3567 ﬁguras

347 3591 660 3646 communia
701 3592 948 3658 quaedam
973 3587 1229 3648 concilia,
1265 3601 1387 3650 qua:
1419 3587 1692 3654 generalia
1715 3603 1838 3641 esse
1869 3598 1925 3640 et

351 3683 624 3740 nominari
655 3681 982 3750 probabant,
1027 3679 1431 3743 celebrassent,
1461 3679 1649 3732 etsuis
1696 3678 1926 3732 decretis

351 3781 567 3835 beatum
601 3774 934 3842 Stephanum
972 3787 1031 3825 se
1087 3771 1433 3826 subscribere
1481 3786 1676 3840 cogere
1727 3771 1926 3825 voluis-

348 3882 506 3926 sent:
541 3870 788 3939 repudiat
842 3881 935 3921 eos
977 3865 1065 3918 ille
1090 3874 1335 3929 sanctus,
1404 3879 1508 3917 non
1536 3879 1600 3916 ex
1631 3863 1760 3925 alio,
1822 3864 1926 3918 nisi

352 3965 499 4029 quod
531 3978 638 4015 non
670 3960 938 4013 habebant
961 3959 1395 4011 consentientem
1447 3955 1752 4008 Romanum
1788 3971 1922 4024 pou-

355 4056 579 4118 tificem,
616 4049 1176 4118 dicenszhujusmodi
1230 4051 1497 4118 synodum
1561 4063 1666 4102 non
1732 4047 1926 4102 debere

352 4148 659 4218 generalem
690 4142 986 4206 nominari,
1021 4143 1113 4196 illo
1159 4143 1404 4205 absente,
1435 4155 1542 4210 quo
1572 4141 1688 4194 sine
1721 4156 1827 4193 non
1865 4140 1926 4193 li-

2022 3322 2325 3392 republica,
2373 3319 2441 3374 ab
2472 3319 2628 3372 initio
2687 3315 2977 3373 consuevit
3005 3314 3302 3383 extirpare,
3337 3327 3502 3383 quam
3535 3312 3615 3365 al-

2025 3413 2126 3469 leri
2186 3410 2537 3481 cuicunque?
3489 3473 3500 3479 _

2099 3506 2230 3572 Quae
2262 3505 2405 3558 enim
2444 3503 2546 3556 alia
2576 3515 2740 3556 causa
2787 3499 3016 3554 inveniri
3065 3506 3266 3566 potest,
3301 3495 3372 3548 ob
3447 3505 3612 3559 qutu-

2035 3601 2198 3653 etiam
2226 3605 2350 3651 ante
2389 3593 2823 3647 incarnationem
2841 3591 3023 3657 Verbi,
3055 3596 3288 3653 quatuor
3307 3582 3606 3640 secundum

2032 3689 2308 3745 Danielem
2343 3701 2658 3756 magnorum
2685 3685 2897 3738 illorum
2919 3695 3234 3751 regnorum,
3255 3678 3354 3732 soli
3374 3674 3608 3731 navissi-
3646 3687 3650 3690 '

2033 3797 2122 3835 mo
2179 3791 2232 3835 et
2267 3781 2656 3842 Ron'ianorum,
2701 3785 2849 3832 totus
2874 3775 3025 3831 orbis
3057 3789 3085 3829 a
3124 3769 3468 3842 providentia
3495 3766 3608 3824 Dei.

2032 3874 2364 3932 commissus
2419 3881 2501 3926 est
2528 3912 2542 3936 ,
2586 3869 2690 3924 nisi
2735 3868 2876 3939 quod
2942 3865 3170 3918 Romani
3223 3859 3517 3916 humanius
3559 3869 3613 3909 et

2031 3967 2269 4030 civilius,
2321 3974 2373 4018 et
2417 3961 2665 4033 legalius,
2709 3968 2764 4016 et
2793 3957 3055 4030 aequalius
3086 3953 3322 4011 subditis
3379 3951 3612 4006 uteban-

2030 4058 2159 4113 tur?

2106 4147 2240 4214 Quia
2273 4160 2404 4200 vero
2436 4142 2806 4198 Romanorum
2833 4139 3132 4196 Ecclesiam
3157 4134 3453 4207 principem
3492 4145 3616 4186 esse

1452 4282 1803 4337 BARLAAMI
1829 4281 2112 4338 CONTRA
2144 4279 2460 4336 LATINOS.

349 4413 542 4480 ὥσπερ
577 4409 736 4470 ἄλλος
789 4406 894 4459 ὑπὸ
943 4405 1037 4458 τοῦ
1094 4404 1395 4474 κορυφαίου
1454 4402 1922 4472 κεχειροτόνηται,

352 4507 447 4558 καὶ
476 4501 600 4557 οὕτε
629 4499 847 4569 πρῶτος
879 4497 1004 4549 οὔτε
1046 4495 1274 4564 ἔσχατος
1306 4495 1334 4545 ὁ
1364 4493 1583 4563 Ῥώμης
1616 4490 1684 4563 ἦν
1716 4493 1924 4561 θρόνος,

2034 4402 2329 4473 ὲμμένοντι
2365 4399 2466 4469 μὲν
2497 4397 2575 4468 τῷ
2603 4397 2762 4466 πάπᾳ
2805 4395 2924 4458 τοῖς¹
2944 4393 3052 4446 τῶν
3082 4391 3351 4461 Πατέρων
3374 4341 3612 4455 δόγμασι

2034 4495 2142 4566 χρὴ
2177 4493 2474 4560 ἀπονέμειν
2516 4489 2666 4559 αὐτῷ
2727 4487 3000 4556 τοσαύτην
3033 4485 3225 4554 τιμὴν,
3259 4483 3391 4552 ὅσην
3425 4481 3472 4533 οἱ
3506 4497 3608 4532 κα-

349 4596 459 4652 ὑπὸ
493 4595 700 4664 τετῶν
729 4591 900 4656 ἁγίων
944 4587 1201 4656 Πατέρων
1234 4586 1394 4656 ἡμῶν
1427 4586 1522 4638 καὶ
1551 4586 1659 4639 τῶν
1710 4585 1933 4637 εὐσεὸε-
1967 4598 2008 4651 ι)
2038 4591 2187 4650 νὸνες
2211 4586 2568 4656 διορίζονται·
2595 4583 2804 4635 δίκαιον
2835 4580 2966 4646 γὰρ,
3007 4577 3083 4648 μὴ
3123 4575 3454 4646 ἐμμένοντα,
3485 4573 3616 4643 φεύ-

355 4690 568 4743 στάτων
605 4686 870 4756 βασιλέων
902 4680 1231 4750 νομοθεσίας
1279 4679 1493 4748 πρῶτος
1529 4679 1778 4745 ἐγένετο·
1811 4679 1934 4749 τρίς

353 4799 470 4841 τον,
499 4782 582 4833 ὅτι
633 4783 729 4831 καὶ
781 4776 874 4828 τὸν
925 4777 1025 4843 τῆς
1073 4774 1201 4834 νέας
1243 4771 1464 4840 Ῥώμης
1501 4771 1692 4840 θρόνον
1726 4771 1822 4824 καὶ
1856 4770 1934 4830 ὡς

358 4877 569 4930 ἐκεῖνον
603 4874 660 4924 ὲν
701 4873 815 4932 τοῖς
851 4868 1332 4937 ὲκκλησιαστικοῗς
1394 4863 1794 4934 μεγαλύνεσθαι
1821 4863 1937 4916 ὲθέ-

361 4983 564 5021 σπισαν
597 4963 887 5033 πράγμασι
908 4976 922 4990 ’
958 4962 1245 5027 τέταρτον,
1280 4958 1362 5010 ὅτι
1393 4956 1516 5009 οὕτε
1541 4957 1706 5026 νόμος
1731 4973 1814 5017 τις
1845 4972 1936 5008 κε-

361 5058 534 5123 λεύει,
571 5057 696 5108 οὗτε
756 5052 1014 5122 συνήθεια
1070 5050 1386 5119 κεκράτηκε
1426 5049 1553 5111 τοὺς
1587 5047 1937 5116 πατριάρχας

364 5151 470 5204 ὑπὸ
493 5149 585 5202 τοῦ
615 5147 772 5200 πάπα
796 5141 1248 5215 χειροτονεῖσθαι,
1279 5140 1375 5193 καὶ
1403 5141 1512 5206 μὴν
1542 5139 1662 5192 οὐδὲ
1694 5138 1933 5206 ἐγένετο·

365 5243 638 5311 πέμπτον,
687 5233 768 5292 ὅτι
820 5237 923 5289 οὐκ
971 5234 1202 5302 ἐξῆρχεν
1237 5235 1264 5285 ὁ
1299 5232 1487 5294 πάπας
1522 5231 1628 5284 τῶν
1681 5231 1936 5294 συνόδων,

364 5335 483 5388 ἀλλ’
505 5335 561 5387 αἱ
599 5331 807 5384 σύνοδοι
839 5331 936 5382 καὶ
957 5330 1022 5398 τῇ
1054 5327 1184 5396 περὶ
1214 5326 1376 5379 αὐτὸν
1422 5325 1721 5396 Ἐκκλησία
1751 5326 1936 5392 ἐνομοα

363 5431 590 5482 θέτουν·
621 5425 800 5487 ἕκτον,
829 5422 910 5475 ὅτι
947 5418 1196 5490 διεκρίθη
1245 5417 1348 5471 ὑπὸ
1400 5417 1512 5470 τῶν
1549 5417 1707 5470 θείων
1759 5417 1936 5471 Πατέ-

367 5538 478 5591 ρων
507 5517 667 5589 ἡμῶν
703 5516 854 5577 τίνας
897 5512 1003 5567 τῶν
1047 5512 1188 5564 κατὰ
1233 5509 1332 5580 τὴν
1377 5511 1706 5580 οἰκουμένην
1734 5509 1937 5577 ἐκκλη-

367 5612 501 5664 σιῶν
537 5607 861 5662 ὑποκεῖσθαι
895 5605 976 5657 δεῖ
1027 5603 1102 5671 τῷ
1157 5604 1339 5672 πὰπᾳ,
1373 5601 1469 5654 καὶ
1514 5604 1668 5663 τίνας
1720 5602 1938 5670 ἑκάστῳ

366 5703 478 5757 τῶν
514 5699 716 5752 λοιπῶν
758 5695 1144 5766 πατρεαρχῶνο
1185 5694 1436 5762 ἕϐδομον,
1485 5694 1567 5744 ὅτι
1607 5691 1709 5744 ούκ
1761 5690 1938 5756 ἔξεστί

365 5813 474 5848 τινι
534 5793 642 5846 τῶν
694 5789 1052 5860 πατριαρχῶν
1121 5789 1154 5857 ἢ
1204 5786 1282 5857 τῷ
1342 5786 1500 5856 πάπᾳ
1558 5786 1813 5854 περιττόν
1887 5804 1937 5838 τι

369 5884 717 5955 δογματίζειν
769 5883 896 5936 ἄνευ
929 5881 1026 5950 τῆς
1063 5880 1280 5934 aziwma
1327 5879 1548 5949 γνώμης
1576 5893 1588 5907 °
1617 5877 1823 5944 ὄγδοον,
1855 5877 1935 5930 ὅτι

2037 4697 2155 4746 γειν
2193 4678 2354 4732 αὑτὸν
2380 4676 2455 4738 ὡς
2488 4676 2654 4728 λύκον
2695 4674 2788 4726 καὶ
2817 4671 3077 4741 λυμεῶνα
3105 4669 3205 4739 τῆς
3243 4666 3573 4736 Ἐκκλησίας
3597 4680 3611 4695 ο

2038 4774 2279 4834 ἔννατον,
2309 4771 2392 4822 ὅτι
2425 4769 2504 4830 εἰς
2534 4767 2634 4837 τὴν
2685 4763 2982 4832 καθολικὴν
3018 4759 3360 4830 Ἐκκλησίαν
3391 4757 3484 4810 καὶ
3525 4755 3618 4808 πί-

2040 4881 2159 4917 στιν
2218 4861 2496 4914 πιστεύειν
2552 4859 2632 4910 δεῖ
2677 4856 2805 4918 τοῦς
2844 4851 3227 4923 Χριστιανοὺς,
3256 4850 3352 4902 καὶ
3404 4848 3502 4899 οὐκ
3535 4848 3614 4907 εἰς

2042 4955 2281 5026 μερικήν
2307 4969 2320 4981 ·
2357 4949 2500 5005 οὕτω
2531 4949 2641 5019 γὰρ
2690 4947 2748 5011 ἐξ
2788 4947 2963 5016 ἀρχῆς
2998 4942 3392 5011 νενομοθέτητο
3416 4955 3428 4968 ο
3456 4938 3619 4989 δέκα-

2041 5060 2156 5110 τον,
2189 5044 2283 5095 ὲπὶ
2325 5042 2493 5093 πᾶσιν
2524 5041 2608 5092 ὅτι
2653 5037 2820 5106 μέρος
2859 5031 3316 5102 ἀποκεκομμένον
3354 5029 3446 5095 τῆς
3495 5026 3614 5078 ὁλό-

2039 5151 2202 5205 τητος
2234 5134 2332 5204 τῆς
2361 5129 2660 5197 καθολικῆς
2703 5125 3035 5196 Ἐκκλησίας
3072 5123 3190 5176 ἐστὶ
3218 5119 3314 5172 καὶ
3345 5134 3614 5186 νενεκρω-

2045 5229 2205 5300 μένον
2236 5230 2284 5281 οἱ
2317 5228 2413 5289 τὰς
2454 5224 2562 5277 τῶν
2601 5223 2776 5290 ἁγίων
2825 5219 3144 5274 ἀποστόλων
3181 5214 3279 5267 xui.
3303 5211 3412 5264 τῶν
3453 5209 3612 5262 θείων

2042 5320 2301 5390 Πατέρων
2345 5317 2504 5387 ἡμῶν
2549 5314 2920 5382 ἁθετήσαντες
2973 5303 3323 5377 παραδόσεις,
3382 5301 3477 5352 καὶ
3535 5300 3613 5359 εἰς

2045 5389 2280 5483 μερικὴν
2347 5405 2679 5474 Ἐκκλησίαν
2727 5406 2822 5455 καὶ
2875 5400 3061 5452 πίστιν
3103 5393 3382 5449 πιστεύειν
3412 5389 3614 5460 ’ὁμολο-

2041 5479 2290 5573 λγούντεξ.
2335 5494 2430 5563 Οἷς
2464 5499 2519 5550 δὲ
2557 5495 2711 5549 οὐδὲν
2749 5492 2965 5546 οὐδέπω
3004 5489 3107 5558 τῆς
3156 5484 3452 5551 καθολικῆς
3495 5479 3618 5573 :Ex-

2040 5591 2270 5664 κλησίας
2304 5587 2662 5659 παραδόσεως
2687 5584 2999 5652 νενόμισται
3023 5577 3443 5649 προτιμότερον,
3467 5567 3616 5625 οὗτοι
3669 5581 3681 5599 ⁸

2040 5688 2213 5758 δήπου
2245 5683 2307 5736 τὸ
2339 5682 2582 5749 ὑγιαῖνον
2622 5676 2932 5744 ὑπάρχουσι
2966 5671 3155 5742 μέρος,
3194 5664 3273 5731 οἷς
3305 5671 3398 5720 καὶ
3431 5665 3616 5733 μόνοις

2041 5757 2188 5843 εἰκὸς
2235 5778 2316 5840 είς
2364 5772 2692 5842 Ἐκκλησίαν
2731 5767 3030 5836 καθολικὴν
3083 5765 3250 5834 φάναι
3305 5757 3606 5814 πιστεύειν.

2043 5873 2228 5928 Ταῦτα
2275 5870 2370 5939 μὲν
2406 5863 2498 5921 οὖν
2553 5862 2662 5933 ἐγὼ
2715 5862 2925 5916 δίκαιον
2965 5859 3156 5929 ἔκρινα
3197 5856 3332 5925 πρὸς
3362 5855 3462 5923 τὴν
3505 5848 3605 5920 σὴν
