  <div class='ocr_page' id='page_1' title='image "/cluster/home/n/w/nwhite01/storage/ocr_20150623/151:no.2/coo.31924054870567/649.png"; bbox 0 0 4064 6466; ppageno 0'>
   <div class='ocr_carea' id='block_1_1' title="bbox 509 395 647 461">
    <p class='ocr_par' dir='ltr' id='par_1_1' title="bbox 509 395 647 461">
     <span class='ocr_line' id='line_1_1' title="bbox 509 395 647 461; baseline -0.022 0"><span class='ocrx_word' id='word_1_1' title='bbox 509 395 647 461; x_wconf 69' lang='grc' dir='ltr'><strong>1⁶2Ἶ9</strong></span> 
     </span>
    </p>
   </div>
   <div class='ocr_carea' id='block_1_2' title="bbox 1603 396 2633 460">
    <p class='ocr_par' dir='ltr' id='par_1_2' title="bbox 1603 396 2633 460">
     <span class='ocr_line' id='line_1_2' title="bbox 1603 396 2633 460; baseline -0.005 -1"><span class='ocrx_word' id='word_1_2' title='bbox 1603 398 2012 460; x_wconf 72' lang='grc' dir='ltr'><strong>ΒΑΒΙ,ΑΛΜῙ</strong></span> <span class='ocrx_word' id='word_1_3' title='bbox 2048 399 2146 460; x_wconf 82' lang='lat' dir='ltr'><strong>DE</strong></span> <span class='ocrx_word' id='word_1_4' title='bbox 2191 396 2633 458; x_wconf 78' lang='lat' dir='ltr'><strong>SEMINARIA</strong></span> 
     </span>
    </p>
   </div>
   <div class='ocr_carea' id='block_1_3' title="bbox 3631 393 3768 461">
    <p class='ocr_par' dir='ltr' id='par_1_3' title="bbox 3631 393 3768 461">
     <span class='ocr_line' id='line_1_3' title="bbox 3631 393 3768 461; baseline -0.007 -1"><span class='ocrx_word' id='word_1_5' title='bbox 3631 393 3768 461; x_wconf 54' lang='lat'><strong>12*!)</strong></span> 
     </span>
    </p>
   </div>
   <div class='ocr_carea' id='block_1_4' title="bbox 502 503 3768 577">
    <p class='ocr_par' dir='ltr' id='par_1_4' title="bbox 502 503 3768 577">
     <span class='ocr_line' id='line_1_4' title="bbox 502 503 3768 577; baseline -0.001 -16"><span class='ocrx_word' id='word_1_6' title='bbox 502 508 739 564; x_wconf 85' lang='lat' dir='ltr'><strong>aliarum</strong></span> <span class='ocrx_word' id='word_1_7' title='bbox 767 505 1162 571; x_wconf 84' lang='lat' dir='ltr'><strong>Ecclesiarum,</strong></span> <span class='ocrx_word' id='word_1_8' title='bbox 1189 521 1328 577; x_wconf 91' lang='lat' dir='ltr'><strong>opus</strong></span> <span class='ocrx_word' id='word_1_9' title='bbox 1371 515 1456 562; x_wconf 90' lang='lat' dir='ltr'><strong>est</strong></span> <span class='ocrx_word' id='word_1_10' title='bbox 1480 509 1663 562; x_wconf 91' lang='lat' dir='ltr'><strong>omnia</strong></span> <span class='ocrx_word' id='word_1_11' title='bbox 1691 508 2008 562; x_wconf 87' lang='lat' dir='ltr'><strong>decorantis</strong></span> <span class='ocrx_word' id='word_1_12' title='bbox 2031 515 2084 561; x_wconf 89' lang='lat' dir='ltr'><strong>et</strong></span> <span class='ocrx_word' id='word_1_13' title='bbox 2115 510 2159 566; x_wconf 83' lang='lat' dir='ltr'><strong>A</strong></span> <span class='ocrx_word' id='word_1_14' title='bbox 2191 516 2304 575; x_wconf 87' lang='lat' dir='ltr'><strong>ipsa</strong></span> <span class='ocrx_word' id='word_1_15' title='bbox 2366 506 2594 559; x_wconf 88' lang='lat' dir='ltr'><strong>liberata</strong></span> <span class='ocrx_word' id='word_1_16' title='bbox 2649 503 2799 557; x_wconf 87' lang='lat' dir='ltr'><strong>onmi</strong></span> <span class='ocrx_word' id='word_1_17' title='bbox 2853 503 3127 558; x_wconf 88' lang='lat' dir='ltr'><strong>mundana</strong></span> <span class='ocrx_word' id='word_1_18' title='bbox 3193 503 3498 574; x_wconf 87' lang='lat' dir='ltr'><strong>tyrannide,</strong></span> <span class='ocrx_word' id='word_1_19' title='bbox 3565 513 3619 559; x_wconf 84' lang='lat' dir='ltr'><strong>et</strong></span> <span class='ocrx_word' id='word_1_20' title='bbox 3653 507 3768 561; x_wconf 85' lang='lat' dir='ltr'><strong>suis</strong></span> 
     </span>
    </p>
   </div>
   <div class='ocr_carea' id='block_1_5' title="bbox 503 601 2082 674">
    <p class='ocr_par' dir='ltr' id='par_1_5' title="bbox 503 601 2082 674">
     <span class='ocr_line' id='line_1_5' title="bbox 503 601 2082 674; baseline 0.001 -17"><span class='ocrx_word' id='word_1_21' title='bbox 503 604 712 658; x_wconf 89' lang='lat' dir='ltr'><strong>utiliter</strong></span> <span class='ocrx_word' id='word_1_22' title='bbox 737 603 1078 674; x_wconf 77' lang='lat' dir='ltr'><strong>disponentis</strong></span> <span class='ocrx_word' id='word_1_23' title='bbox 1099 601 1482 667; x_wconf 66' lang='lat' dir='ltr'><strong>Providentiae,</strong></span> <span class='ocrx_word' id='word_1_24' title='bbox 1503 613 1713 657; x_wconf 87' lang='lat' dir='ltr'><strong>certum</strong></span> <span class='ocrx_word' id='word_1_25' title='bbox 1746 613 1830 659; x_wconf 88' lang='lat' dir='ltr'><strong>est</strong></span> <span class='ocrx_word' id='word_1_26' title='bbox 1860 619 1926 658; x_wconf 83' lang='lat' dir='ltr'><strong>ex</strong></span> <span class='ocrx_word' id='word_1_27' title='bbox 1955 604 2082 658; x_wconf 89' lang='lat' dir='ltr'><strong>illo:</strong></span> 
     </span>
    </p>
   </div>
   <div class='ocr_carea' id='block_1_6' title="bbox 505 696 2086 765">
    <p class='ocr_par' dir='ltr' id='par_1_6' title="bbox 505 696 2086 765">
     <span class='ocr_line' id='line_1_6' title="bbox 505 696 2086 765; baseline 0.003 -17"><span class='ocrx_word' id='word_1_28' title='bbox 505 699 548 749; x_wconf 80' lang='lat' dir='ltr'><strong>si</strong></span> <span class='ocrx_word' id='word_1_29' title='bbox 579 697 705 764; x_wconf 86' lang='lat' dir='ltr'><strong>quis</strong></span> <span class='ocrx_word' id='word_1_30' title='bbox 734 696 880 750; x_wconf 89' lang='lat' dir='ltr'><strong>enim</strong></span> <span class='ocrx_word' id='word_1_31' title='bbox 933 696 1338 750; x_wconf 80' lang='lat' dir='ltr'><strong>considerando</strong></span> <span class='ocrx_word' id='word_1_32' title='bbox 1383 697 1666 750; x_wconf 83' lang='lat' dir='ltr'><strong>hominum</strong></span> <span class='ocrx_word' id='word_1_33' title='bbox 1695 697 2086 765; x_wconf 83' lang='lat' dir='ltr'><strong>dispositiones</strong></span> 
     </span>
    </p>
   </div>
   <div class='ocr_carea' id='block_1_7' title="bbox 504 787 2087 862">
    <p class='ocr_par' dir='ltr' id='par_1_7' title="bbox 504 787 2087 862">
     <span class='ocr_line' id='line_1_7' title="bbox 504 787 2087 862; baseline 0.001 -20"><span class='ocrx_word' id='word_1_34' title='bbox 504 801 557 842; x_wconf 77' lang='lat' dir='ltr'><strong>et</strong></span> <span class='ocrx_word' id='word_1_35' title='bbox 582 789 911 846; x_wconf 85' lang='lat' dir='ltr'><strong>voluntates.</strong></span> <span class='ocrx_word' id='word_1_36' title='bbox 942 796 997 841; x_wconf 90' lang='lat' dir='ltr'><strong>et</strong></span> <span class='ocrx_word' id='word_1_37' title='bbox 1049 787 1326 842; x_wconf 75' lang='lat' dir='ltr'><strong>naturales</strong></span> <span class='ocrx_word' id='word_1_38' title='bbox 1351 803 1542 842; x_wconf 90' lang='lat' dir='ltr'><strong>eorum</strong></span> <span class='ocrx_word' id='word_1_39' title='bbox 1599 790 1904 862; x_wconf 71' lang='lat' dir='ltr'><strong>passiones,</strong></span> <span class='ocrx_word' id='word_1_40' title='bbox 1938 805 2087 858; x_wconf 64' lang='lat' dir='ltr'><strong>quae-</strong></span> 
     </span>
    </p>
   </div>
   <div class='ocr_carea' id='block_1_8' title="bbox 467 881 2088 951">
    <p class='ocr_par' dir='ltr' id='par_1_8' title="bbox 467 881 2088 951">
     <span class='ocr_line' id='line_1_8' title="bbox 467 881 2088 951; baseline 0.001 -17"><span class='ocrx_word' id='word_1_41' title='bbox 467 896 723 951; x_wconf 40' lang='lat' dir='ltr'><strong>,cunque</strong></span> <span class='ocrx_word' id='word_1_42' title='bbox 771 882 1146 933; x_wconf 85' lang='lat' dir='ltr'><strong>communiter</strong></span> <span class='ocrx_word' id='word_1_43' title='bbox 1200 881 1463 935; x_wconf 91' lang='lat' dir='ltr'><strong>omnibus</strong></span> <span class='ocrx_word' id='word_1_44' title='bbox 1513 881 1792 946; x_wconf 88' lang='lat' dir='ltr'><strong>accidunt,</strong></span> <span class='ocrx_word' id='word_1_45' title='bbox 1821 891 1875 935; x_wconf 88' lang='lat' dir='ltr'><strong>et</strong></span> <span class='ocrx_word' id='word_1_46' title='bbox 1937 897 2088 951; x_wconf 86' lang='lat' dir='ltr'><strong>quae-</strong></span> 
     </span>
    </p>
   </div>
   <div class='ocr_carea' id='block_1_9' title="bbox 465 949 2088 1044">
    <p class='ocr_par' dir='ltr' id='par_1_9' title="bbox 465 949 2088 1044">
     <span class='ocr_line' id='line_1_9' title="bbox 465 949 2088 1044; baseline 0.002 -17"><span class='ocrx_word' id='word_1_47' title='bbox 465 949 472 965; x_wconf 55' lang='grc'>’</span> <span class='ocrx_word' id='word_1_48' title='bbox 503 987 721 1040; x_wconf 89' lang='lat' dir='ltr'><strong>cunque</strong></span> <span class='ocrx_word' id='word_1_49' title='bbox 769 971 893 1027; x_wconf 87' lang='lat' dir='ltr'><strong>aliis</strong></span> <span class='ocrx_word' id='word_1_50' title='bbox 933 973 1094 1026; x_wconf 81' lang='lat' dir='ltr'><strong>aliter</strong></span> <span class='ocrx_word' id='word_1_51' title='bbox 1142 974 1467 1042; x_wconf 77' lang='lat' dir='ltr'><strong>contingere</strong></span> <span class='ocrx_word' id='word_1_52' title='bbox 1498 984 1755 1043; x_wconf 91' lang='lat' dir='ltr'><strong>possunt,</strong></span> <span class='ocrx_word' id='word_1_53' title='bbox 1792 949 1967 1044; x_wconf 81' lang='lat' dir='ltr'><strong>atque</strong></span> <span class='ocrx_word' id='word_1_54' title='bbox 1987 977 2088 1030; x_wconf 62' lang='lat' dir='ltr'><strong>huc</strong></span> 
     </span>
    </p>
   </div>
   <div class='ocr_carea' id='block_1_10' title="bbox 502 1069 2083 1139">
    <p class='ocr_par' dir='ltr' id='par_1_10' title="bbox 502 1069 2083 1139">
     <span class='ocr_line' id='line_1_10' title="bbox 502 1069 2083 1139; baseline 0.006 -21"><span class='ocrx_word' id='word_1_55' title='bbox 502 1080 791 1118; x_wconf 86' lang='lat' dir='ltr'><strong>manarum</strong></span> <span class='ocrx_word' id='word_1_56' title='bbox 851 1082 1058 1130; x_wconf 89' lang='lat' dir='ltr'><strong>rerum,</strong></span> <span class='ocrx_word' id='word_1_57' title='bbox 1099 1069 1217 1123; x_wconf 79' lang='lat' dir='ltr'><strong>sive</strong></span> <span class='ocrx_word' id='word_1_58' title='bbox 1269 1070 1484 1123; x_wconf 90' lang='lat' dir='ltr'><strong>illarum</strong></span> <span class='ocrx_word' id='word_1_59' title='bbox 1523 1086 1644 1139; x_wconf 65' lang='lat' dir='ltr'><strong>quse</strong></span> <span class='ocrx_word' id='word_1_60' title='bbox 1697 1072 1750 1124; x_wconf 93' lang='lat' dir='ltr'><strong>in</strong></span> <span class='ocrx_word' id='word_1_61' title='bbox 1790 1073 1950 1126; x_wconf 82' lang='lat' dir='ltr'><strong>nobis</strong></span> <span class='ocrx_word' id='word_1_62' title='bbox 1977 1088 2083 1127; x_wconf 90' lang='lat' dir='ltr'><strong>non</strong></span> 
     </span>
    </p>
   </div>
   <div class='ocr_carea' id='block_1_11' title="bbox 502 1153 2087 1222">
    <p class='ocr_par' dir='ltr' id='par_1_11' title="bbox 502 1153 2087 1222">
     <span class='ocr_line' id='line_1_11' title="bbox 502 1153 2087 1222; baseline 0.007 -16"><span class='ocrx_word' id='word_1_63' title='bbox 502 1161 650 1210; x_wconf 81' lang='lat' dir='ltr'><strong>Sttttl,</strong></span> <span class='ocrx_word' id='word_1_64' title='bbox 673 1153 914 1208; x_wconf 81' lang='lat' dir='ltr'><strong>velocem</strong></span> <span class='ocrx_word' id='word_1_65' title='bbox 939 1156 1322 1222; x_wconf 86' lang='lat' dir='ltr'><strong>mutationem,</strong></span> <span class='ocrx_word' id='word_1_66' title='bbox 1343 1166 1537 1213; x_wconf 89' lang='lat' dir='ltr'><strong>etcum</strong></span> <span class='ocrx_word' id='word_1_67' title='bbox 1559 1159 1643 1214; x_wconf 87' lang='lat' dir='ltr'><strong>his</strong></span> <span class='ocrx_word' id='word_1_68' title='bbox 1662 1161 1790 1215; x_wconf 90' lang='lat' dir='ltr'><strong>olim</strong></span> <span class='ocrx_word' id='word_1_69' title='bbox 1812 1175 1962 1218; x_wconf 90' lang='lat' dir='ltr'><strong>ortas</strong></span> <span class='ocrx_word' id='word_1_70' title='bbox 1981 1163 2087 1217; x_wconf 70' lang='lat' dir='ltr'><strong>bae-</strong></span> 
     </span>
    </p>
   </div>
   <div class='ocr_carea' id='block_1_12' title="bbox 501 1247 2084 1323">
    <p class='ocr_par' dir='ltr' id='par_1_12' title="bbox 501 1247 2084 1323">
     <span class='ocr_line' id='line_1_12' title="bbox 501 1247 2084 1323; baseline 0.008 -27"><span class='ocrx_word' id='word_1_71' title='bbox 501 1257 653 1297; x_wconf 85' lang='lat' dir='ltr'><strong>reses</strong></span> <span class='ocrx_word' id='word_1_72' title='bbox 676 1253 837 1313; x_wconf 81' lang='lat' dir='ltr'><strong>atque.</strong></span> <span class='ocrx_word' id='word_1_73' title='bbox 870 1247 1188 1315; x_wconf 82' lang='lat' dir='ltr'><strong>temporalis</strong></span> <span class='ocrx_word' id='word_1_74' title='bbox 1205 1248 1433 1303; x_wconf 90' lang='lat' dir='ltr'><strong>dominii</strong></span> <span class='ocrx_word' id='word_1_75' title='bbox 1458 1251 1512 1305; x_wconf 92' lang='lat' dir='ltr'><strong>in</strong></span> <span class='ocrx_word' id='word_1_76' title='bbox 1543 1261 1622 1305; x_wconf 88' lang='lat' dir='ltr'><strong>tot</strong></span> <span class='ocrx_word' id='word_1_77' title='bbox 1653 1254 2084 1323; x_wconf 89' lang='lat' dir='ltr'><strong>separationem,</strong></span> 
     </span>
    </p>
   </div>
   <div class='ocr_carea' id='block_1_13' title="bbox 503 1334 2085 1414">
    <p class='ocr_par' dir='ltr' id='par_1_13' title="bbox 503 1334 2085 1414">
     <span class='ocr_line' id='line_1_13' title="bbox 503 1334 2085 1414; baseline 0.008 -28"><span class='ocrx_word' id='word_1_78' title='bbox 503 1334 690 1389; x_wconf 90' lang='lat' dir='ltr'><strong>animo</strong></span> <span class='ocrx_word' id='word_1_79' title='bbox 718 1335 846 1389; x_wconf 81' lang='lat' dir='ltr'><strong>velit</strong></span> <span class='ocrx_word' id='word_1_80' title='bbox 881 1338 1086 1404; x_wconf 88' lang='lat' dir='ltr'><strong>videre,</strong></span> <span class='ocrx_word' id='word_1_81' title='bbox 1116 1354 1367 1408; x_wconf 81' lang='lat' dir='ltr'><strong>quaenam</strong></span> <span class='ocrx_word' id='word_1_82' title='bbox 1401 1350 1537 1397; x_wconf 82' lang='lat' dir='ltr'><strong>tetra</strong></span> <span class='ocrx_word' id='word_1_83' title='bbox 1567 1345 1860 1401; x_wconf 84' lang='lat' dir='ltr'><strong>subsecuta</strong></span> <span class='ocrx_word' id='word_1_84' title='bbox 1879 1356 2085 1414; x_wconf 84' lang='lat' dir='ltr'><strong>essent,</strong></span> 
     </span>
    </p>
   </div>
   <div class='ocr_carea' id='block_1_14' title="bbox 501 1423 2086 1502">
    <p class='ocr_par' dir='ltr' id='par_1_14' title="bbox 501 1423 2086 1502">
     <span class='ocr_line' id='line_1_14' title="bbox 501 1423 2086 1502; baseline 0.009 -24"><span class='ocrx_word' id='word_1_85' title='bbox 501 1423 549 1479; x_wconf 93' lang='lat' dir='ltr'><strong>si</strong></span> <span class='ocrx_word' id='word_1_86' title='bbox 569 1441 762 1482; x_wconf 89' lang='lat' dir='ltr'><strong>omnes</strong></span> <span class='ocrx_word' id='word_1_87' title='bbox 789 1427 1046 1484; x_wconf 71' lang='lat' dir='ltr'><strong>Ecclesiae</strong></span> <span class='ocrx_word' id='word_1_88' title='bbox 1075 1431 1148 1485; x_wconf 88' lang='lat' dir='ltr'><strong>ita</strong></span> <span class='ocrx_word' id='word_1_89' title='bbox 1188 1446 1420 1500; x_wconf 86' lang='lat' dir='ltr'><strong>prorsus</strong></span> <span class='ocrx_word' id='word_1_90' title='bbox 1460 1435 1648 1490; x_wconf 73' lang='lat' dir='ltr'><strong>divisae</strong></span> <span class='ocrx_word' id='word_1_91' title='bbox 1673 1445 1884 1502; x_wconf 85' lang='lat' dir='ltr'><strong>essent,</strong></span> <span class='ocrx_word' id='word_1_92' title='bbox 1917 1447 1974 1491; x_wconf 90' lang='lat' dir='ltr'><strong>ut</strong></span> <span class='ocrx_word' id='word_1_93' title='bbox 2001 1438 2086 1492; x_wconf 88' lang='lat' dir='ltr'><strong>al-</strong></span> 
     </span>
    </p>
   </div>
   <div class='ocr_carea' id='block_1_15' title="bbox 501 1520 2086 1596">
    <p class='ocr_par' dir='ltr' id='par_1_15' title="bbox 501 1520 2086 1596">
     <span class='ocr_line' id='line_1_15' title="bbox 501 1520 2086 1596; baseline 0.008 -26"><span class='ocrx_word' id='word_1_94' title='bbox 501 1528 620 1574; x_wconf 87' lang='lat' dir='ltr'><strong>tera</strong></span> <span class='ocrx_word' id='word_1_95' title='bbox 661 1520 889 1576; x_wconf 83' lang='lat' dir='ltr'><strong>alterius</strong></span> <span class='ocrx_word' id='word_1_96' title='bbox 939 1538 1047 1575; x_wconf 92' lang='lat' dir='ltr'><strong>non</strong></span> <span class='ocrx_word' id='word_1_97' title='bbox 1082 1523 1480 1587; x_wconf 82' lang='lat' dir='ltr'><strong>dominaretur,</strong></span> <span class='ocrx_word' id='word_1_98' title='bbox 1531 1526 1778 1580; x_wconf 87' lang='lat' dir='ltr'><strong>inveniet</strong></span> <span class='ocrx_word' id='word_1_99' title='bbox 1803 1543 1901 1596; x_wconf 90' lang='lat' dir='ltr'><strong>pro</strong></span> <span class='ocrx_word' id='word_1_100' title='bbox 1932 1538 2086 1583; x_wconf 90' lang='lat' dir='ltr'><strong>certo</strong></span> 
     </span>
    </p>
   </div>
   <div class='ocr_carea' id='block_1_16' title="bbox 502 1611 2082 1686">
    <p class='ocr_par' dir='ltr' id='par_1_16' title="bbox 502 1611 2082 1686">
     <span class='ocr_line' id='line_1_16' title="bbox 502 1611 2082 1686; baseline 0.006 -21"><span class='ocrx_word' id='word_1_101' title='bbox 502 1611 770 1668; x_wconf 86' lang='lat' dir='ltr'><strong>iufinities</strong></span> <span class='ocrx_word' id='word_1_102' title='bbox 813 1614 1010 1669; x_wconf 76' lang='lat' dir='ltr'><strong>melius</strong></span> <span class='ocrx_word' id='word_1_103' title='bbox 1045 1631 1187 1680; x_wconf 84' lang='lat' dir='ltr'><strong>esse,</strong></span> <span class='ocrx_word' id='word_1_104' title='bbox 1219 1625 1273 1670; x_wconf 93' lang='lat' dir='ltr'><strong>et</strong></span> <span class='ocrx_word' id='word_1_105' title='bbox 1299 1619 1364 1670; x_wconf 88' lang='lat' dir='ltr'><strong>ad</strong></span> <span class='ocrx_word' id='word_1_106' title='bbox 1397 1617 1566 1673; x_wconf 87' lang='lat' dir='ltr'><strong>decus</strong></span> <span class='ocrx_word' id='word_1_107' title='bbox 1588 1630 1637 1673; x_wconf 89' lang='lat' dir='ltr'><strong>et</strong></span> <span class='ocrx_word' id='word_1_108' title='bbox 1672 1619 1738 1674; x_wconf 88' lang='lat' dir='ltr'><strong>ad</strong></span> <span class='ocrx_word' id='word_1_109' title='bbox 1769 1621 2082 1686; x_wconf 85' lang='lat' dir='ltr'><strong>utilitatem,</strong></span> 
     </span>
    </p>
   </div>
   <div class='ocr_carea' id='block_1_17' title="bbox 501 1703 2087 1778">
    <p class='ocr_par' dir='ltr' id='par_1_17' title="bbox 501 1703 2087 1778">
     <span class='ocr_line' id='line_1_17' title="bbox 501 1703 2087 1778; baseline 0.008 -24"><span class='ocrx_word' id='word_1_110' title='bbox 501 1703 642 1758; x_wconf 85' lang='lat' dir='ltr'><strong>alias</strong></span> <span class='ocrx_word' id='word_1_111' title='bbox 674 1705 778 1756; x_wconf 90' lang='lat' dir='ltr'><strong>sub</strong></span> <span class='ocrx_word' id='word_1_112' title='bbox 820 1703 945 1759; x_wconf 91' lang='lat' dir='ltr'><strong>aliis</strong></span> <span class='ocrx_word' id='word_1_113' title='bbox 997 1705 1280 1761; x_wconf 88' lang='lat' dir='ltr'><strong>ordinatas</strong></span> <span class='ocrx_word' id='word_1_114' title='bbox 1314 1721 1461 1773; x_wconf 90' lang='lat' dir='ltr'><strong>esse,</strong></span> <span class='ocrx_word' id='word_1_115' title='bbox 1488 1715 1541 1762; x_wconf 88' lang='lat' dir='ltr'><strong>et</strong></span> <span class='ocrx_word' id='word_1_116' title='bbox 1579 1719 1860 1778; x_wconf 88' lang='lat' dir='ltr'><strong>postremo</strong></span> <span class='ocrx_word' id='word_1_117' title='bbox 1893 1726 2087 1766; x_wconf 91' lang='lat' dir='ltr'><strong>omnes</strong></span> 
     </span>
    </p>
   </div>
   <div class='ocr_carea' id='block_1_18' title="bbox 501 1793 2086 1872">
    <p class='ocr_par' dir='ltr' id='par_1_18' title="bbox 501 1793 2086 1872">
     <span class='ocr_line' id='line_1_18' title="bbox 501 1793 2086 1872; baseline 0.006 -23"><span class='ocrx_word' id='word_1_118' title='bbox 501 1793 604 1849; x_wconf 83' lang='lat' dir='ltr'><strong>Sub</strong></span> <span class='ocrx_word' id='word_1_119' title='bbox 634 1810 762 1855; x_wconf 88' lang='lat' dir='ltr'><strong>una,</strong></span> <span class='ocrx_word' id='word_1_120' title='bbox 787 1811 952 1865; x_wconf 89' lang='lat' dir='ltr'><strong>quam</strong></span> <span class='ocrx_word' id='word_1_121' title='bbox 975 1797 1018 1850; x_wconf 93' lang='lat' dir='ltr'><strong>si</strong></span> <span class='ocrx_word' id='word_1_122' title='bbox 1053 1797 1210 1851; x_wconf 88' lang='lat' dir='ltr'><strong>aliter</strong></span> <span class='ocrx_word' id='word_1_123' title='bbox 1230 1814 1288 1853; x_wconf 89' lang='lat' dir='ltr'><strong>se</strong></span> <span class='ocrx_word' id='word_1_124' title='bbox 1313 1799 1598 1855; x_wconf 88' lang='lat' dir='ltr'><strong>haberent.</strong></span> <span class='ocrx_word' id='word_1_125' title='bbox 1624 1802 1732 1872; x_wconf 80' lang='lat' dir='ltr'><strong>Ego</strong></span> <span class='ocrx_word' id='word_1_126' title='bbox 1756 1803 1902 1856; x_wconf 88' lang='lat' dir='ltr'><strong>enim</strong></span> <span class='ocrx_word' id='word_1_127' title='bbox 1934 1803 2086 1858; x_wconf 89' lang='lat' dir='ltr'><strong>arbi-</strong></span> 
     </span>
    </p>
   </div>
   <div class='ocr_carea' id='block_1_19' title="bbox 2195 592 3769 662">
    <p class='ocr_par' dir='ltr' id='par_1_19' title="bbox 2195 592 3769 662">
     <span class='ocr_line' id='line_1_19' title="bbox 2195 592 3769 662; baseline 0.002 -14"><span class='ocrx_word' id='word_1_128' title='bbox 2195 595 2460 649; x_wconf 87' lang='lat' dir='ltr'><strong>membris</strong></span> <span class='ocrx_word' id='word_1_129' title='bbox 2521 593 2779 649; x_wconf 88' lang='lat' dir='ltr'><strong>omnibus</strong></span> <span class='ocrx_word' id='word_1_130' title='bbox 2822 592 3068 650; x_wconf 86' lang='lat' dir='ltr'><strong>eamdem</strong></span> <span class='ocrx_word' id='word_1_131' title='bbox 3109 592 3384 662; x_wconf 73' lang='lat' dir='ltr'><strong>impertita</strong></span> <span class='ocrx_word' id='word_1_132' title='bbox 3428 602 3511 649; x_wconf 90' lang='lat' dir='ltr'><strong>est</strong></span> <span class='ocrx_word' id='word_1_133' title='bbox 3551 594 3769 651; x_wconf 67' lang='lat' dir='ltr'><strong>libeat:-</strong></span> 
     </span>
    </p>
   </div>
   <div class='ocr_carea' id='block_1_20' title="bbox 2194 697 2325 742">
    <p class='ocr_par' dir='ltr' id='par_1_20' title="bbox 2194 697 2325 742">
     <span class='ocr_line' id='line_1_20' title="bbox 2194 697 2325 742; baseline 0.008 -1"><span class='ocrx_word' id='word_1_134' title='bbox 2194 697 2325 742; x_wconf 86' lang='lat' dir='ltr'><strong>tem.</strong></span> 
     </span>
    </p>
   </div>
   <div class='ocr_carea' id='block_1_21' title="bbox 2263 782 3770 852">
    <p class='ocr_par' dir='ltr' id='par_1_21' title="bbox 2263 782 3770 852">
     <span class='ocr_line' id='line_1_21' title="bbox 2263 782 3770 852; baseline 0.001 -16"><span class='ocrx_word' id='word_1_135' title='bbox 2263 782 2510 838; x_wconf 82' lang='lat' dir='ltr'><strong>Tertium</strong></span> <span class='ocrx_word' id='word_1_136' title='bbox 2545 798 2670 837; x_wconf 77' lang='lat' dir='ltr'><strong>vero</strong></span> <span class='ocrx_word' id='word_1_137' title='bbox 2704 797 2759 837; x_wconf 84' lang='lat' dir='ltr'><strong>et</strong></span> <span class='ocrx_word' id='word_1_138' title='bbox 2792 783 3112 847; x_wconf 85' lang='lat' dir='ltr'><strong>maximum,</strong></span> <span class='ocrx_word' id='word_1_139' title='bbox 3173 789 3453 852; x_wconf 86' lang='lat' dir='ltr'><strong>eporteret</strong></span> <span class='ocrx_word' id='word_1_140' title='bbox 3486 783 3770 838; x_wconf 75' lang='lat' dir='ltr'><strong>immorta-</strong></span> 
     </span>
    </p>
   </div>
   <div class='ocr_carea' id='block_1_22' title="bbox 2191 875 3761 945">
    <p class='ocr_par' dir='ltr' id='par_1_22' title="bbox 2191 875 3761 945">
     <span class='ocr_line' id='line_1_22' title="bbox 2191 875 3761 945; baseline 0.002 -17"><span class='ocrx_word' id='word_1_141' title='bbox 2191 876 2256 930; x_wconf 92' lang='lat' dir='ltr'><strong>lis</strong></span> <span class='ocrx_word' id='word_1_142' title='bbox 2289 876 2548 931; x_wconf 69' lang='lat' dir='ltr'><strong>Erclesire</strong></span> <span class='ocrx_word' id='word_1_143' title='bbox 2597 877 2968 945; x_wconf 82' lang='lat' dir='ltr'><strong>principatum</strong></span> <span class='ocrx_word' id='word_1_144' title='bbox 3023 875 3077 929; x_wconf 92' lang='lat' dir='ltr'><strong>in</strong></span> <span class='ocrx_word' id='word_1_145' title='bbox 3135 875 3318 945; x_wconf 89' lang='lat' dir='ltr'><strong>aliquo</strong></span> <span class='ocrx_word' id='word_1_146' title='bbox 3368 877 3761 943; x_wconf 85' lang='lat' dir='ltr'><strong>incorruptibili</strong></span> 
     </span>
    </p>
   </div>
   <div class='ocr_carea' id='block_1_23' title="bbox 2189 968 3765 1036">
    <p class='ocr_par' dir='ltr' id='par_1_23' title="bbox 2189 968 3765 1036">
     <span class='ocr_line' id='line_1_23' title="bbox 2189 968 3765 1036; baseline 0 -12"><span class='ocrx_word' id='word_1_147' title='bbox 2189 984 2350 1024; x_wconf 89' lang='lat' dir='ltr'><strong>suum</strong></span> <span class='ocrx_word' id='word_1_148' title='bbox 2389 970 2556 1023; x_wconf 91' lang='lat' dir='ltr'><strong>robur</strong></span> <span class='ocrx_word' id='word_1_149' title='bbox 2579 978 2633 1022; x_wconf 92' lang='lat' dir='ltr'><strong>et</strong></span> <span class='ocrx_word' id='word_1_150' title='bbox 2665 968 2975 1022; x_wconf 89' lang='lat' dir='ltr'><strong>firmitatem</strong></span> <span class='ocrx_word' id='word_1_151' title='bbox 3024 968 3240 1032; x_wconf 87' lang='lat' dir='ltr'><strong>habere,</strong></span> <span class='ocrx_word' id='word_1_152' title='bbox 3265 973 3321 1023; x_wconf 84' lang='lat' dir='ltr'><strong>et</strong></span> <span class='ocrx_word' id='word_1_153' title='bbox 3355 983 3463 1024; x_wconf 90' lang='lat' dir='ltr'><strong>non</strong></span> <span class='ocrx_word' id='word_1_154' title='bbox 3493 970 3765 1036; x_wconf 67' lang='lat' dir='ltr'><strong>corrupti-</strong></span> 
     </span>
    </p>
   </div>
   <div class='ocr_carea' id='block_1_24' title="bbox 2189 1059 3764 1129">
    <p class='ocr_par' dir='ltr' id='par_1_24' title="bbox 2189 1059 3764 1129">
     <span class='ocr_line' id='line_1_24' title="bbox 2189 1059 3764 1129; baseline -0.001 -15"><span class='ocrx_word' id='word_1_155' title='bbox 2189 1059 2326 1126; x_wconf 90' lang='lat' dir='ltr'><strong>bili,</strong></span> <span class='ocrx_word' id='word_1_156' title='bbox 2390 1078 2456 1116; x_wconf 89' lang='lat' dir='ltr'><strong>ue</strong></span> <span class='ocrx_word' id='word_1_157' title='bbox 2493 1063 2593 1116; x_wconf 91' lang='lat' dir='ltr'><strong>hoc</strong></span> <span class='ocrx_word' id='word_1_158' title='bbox 2618 1069 2877 1129; x_wconf 85' lang='lat' dir='ltr'><strong>corrupto</strong></span> <span class='ocrx_word' id='word_1_159' title='bbox 2905 1075 2994 1114; x_wconf 87' lang='lat' dir='ltr'><strong>res</strong></span> <span class='ocrx_word' id='word_1_160' title='bbox 3055 1059 3438 1116; x_wconf 70' lang='lat' dir='ltr'><strong>ecclesiasticae</strong></span> <span class='ocrx_word' id='word_1_161' title='bbox 3493 1061 3764 1113; x_wconf 74' lang='lat' dir='ltr'><strong>labantut.</strong></span> 
     </span>
    </p>
   </div>
   <div class='ocr_carea' id='block_1_25' title="bbox 2191 1149 3764 1223">
    <p class='ocr_par' dir='ltr' id='par_1_25' title="bbox 2191 1149 3764 1223">
     <span class='ocr_line' id='line_1_25' title="bbox 2191 1149 3764 1223; baseline 0 -18"><span class='ocrx_word' id='word_1_162' title='bbox 2191 1149 2346 1217; x_wconf 82' lang='lat' dir='ltr'><strong>Quod</strong></span> <span class='ocrx_word' id='word_1_163' title='bbox 2397 1163 2455 1206; x_wconf 90' lang='lat' dir='ltr'><strong>ut</strong></span> <span class='ocrx_word' id='word_1_164' title='bbox 2506 1152 2802 1223; x_wconf 89' lang='lat' dir='ltr'><strong>plurimum</strong></span> <span class='ocrx_word' id='word_1_165' title='bbox 2851 1151 3069 1221; x_wconf 89' lang='lat' dir='ltr'><strong>regibus</strong></span> <span class='ocrx_word' id='word_1_166' title='bbox 3121 1151 3426 1223; x_wconf 87' lang='lat' dir='ltr'><strong>contingit;</strong></span> <span class='ocrx_word' id='word_1_167' title='bbox 3483 1152 3764 1221; x_wconf 87' lang='lat' dir='ltr'><strong>quibusin</strong></span> 
     </span>
    </p>
   </div>
   <div class='ocr_carea' id='block_1_26' title="bbox 2191 1244 3762 1316">
    <p class='ocr_par' dir='ltr' id='par_1_26' title="bbox 2191 1244 3762 1316">
     <span class='ocr_line' id='line_1_26' title="bbox 2191 1244 3762 1316; baseline 0 -16"><span class='ocrx_word' id='word_1_168' title='bbox 2191 1246 2436 1316; x_wconf 83' lang='lat' dir='ltr'><strong>pecuniis</strong></span> <span class='ocrx_word' id='word_1_169' title='bbox 2469 1255 2521 1299; x_wconf 91' lang='lat' dir='ltr'><strong>et</strong></span> <span class='ocrx_word' id='word_1_170' title='bbox 2553 1245 2884 1299; x_wconf 75' lang='lat' dir='ltr'><strong>exercitibus</strong></span> <span class='ocrx_word' id='word_1_171' title='bbox 2912 1252 2968 1297; x_wconf 92' lang='lat' dir='ltr'><strong>et</strong></span> <span class='ocrx_word' id='word_1_172' title='bbox 2999 1244 3237 1298; x_wconf 88' lang='lat' dir='ltr'><strong>virorum</strong></span> <span class='ocrx_word' id='word_1_173' title='bbox 3290 1245 3552 1308; x_wconf 86' lang='lat' dir='ltr'><strong>consiliis,</strong></span> <span class='ocrx_word' id='word_1_174' title='bbox 3586 1255 3639 1298; x_wconf 90' lang='lat' dir='ltr'><strong>et</strong></span> <span class='ocrx_word' id='word_1_175' title='bbox 3664 1245 3762 1300; x_wconf 85' lang='lat' dir='ltr'><strong>hu-</strong></span> 
     </span>
    </p>
   </div>
   <div class='ocr_carea' id='block_1_27' title="bbox 2189 1336 3760 1408">
    <p class='ocr_par' dir='ltr' id='par_1_27' title="bbox 2189 1336 3760 1408">
     <span class='ocr_line' id='line_1_27' title="bbox 2189 1336 3760 1408; baseline 0 -16"><span class='ocrx_word' id='word_1_176' title='bbox 2189 1339 2370 1392; x_wconf 88' lang='lat' dir='ltr'><strong>manis</strong></span> <span class='ocrx_word' id='word_1_177' title='bbox 2403 1338 2634 1408; x_wconf 81' lang='lat' dir='ltr'><strong>legibus,</strong></span> <span class='ocrx_word' id='word_1_178' title='bbox 2683 1347 2739 1393; x_wconf 87' lang='lat' dir='ltr'><strong>et</strong></span> <span class='ocrx_word' id='word_1_179' title='bbox 2763 1336 2868 1391; x_wconf 86' lang='lat' dir='ltr'><strong>alia</strong></span> <span class='ocrx_word' id='word_1_180' title='bbox 2898 1337 3045 1392; x_wconf 84' lang='lat' dir='ltr'><strong>civili</strong></span> <span class='ocrx_word' id='word_1_181' title='bbox 3075 1337 3295 1401; x_wconf 88' lang='lat' dir='ltr'><strong>virtute,</strong></span> <span class='ocrx_word' id='word_1_182' title='bbox 3327 1351 3480 1392; x_wconf 84' lang='lat' dir='ltr'><strong>snam</strong></span> <span class='ocrx_word' id='word_1_183' title='bbox 3511 1337 3760 1392; x_wconf 83' lang='lat' dir='ltr'><strong>virtutem</strong></span> 
     </span>
    </p>
   </div>
   <div class='ocr_carea' id='block_1_28' title="bbox 2189 1429 3759 1495">
    <p class='ocr_par' dir='ltr' id='par_1_28' title="bbox 2189 1429 3759 1495">
     <span class='ocr_line' id='line_1_28' title="bbox 2189 1429 3759 1495; baseline 0.001 -11"><span class='ocrx_word' id='word_1_184' title='bbox 2189 1429 2525 1484; x_wconf 84' lang='lat' dir='ltr'><strong>habentibus</strong></span> <span class='ocrx_word' id='word_1_185' title='bbox 2554 1471 2569 1495; x_wconf 93' lang='lat'><strong>,</strong></span> <span class='ocrx_word' id='word_1_186' title='bbox 2604 1429 2840 1484; x_wconf 73' lang='lat' dir='ltr'><strong>subditm</strong></span> <span class='ocrx_word' id='word_1_187' title='bbox 2888 1430 2969 1484; x_wconf 88' lang='lat' dir='ltr'><strong>eis</strong></span> <span class='ocrx_word' id='word_1_188' title='bbox 3001 1429 3274 1494; x_wconf 81' lang='lat' dir='ltr'><strong>civitates,</strong></span> <span class='ocrx_word' id='word_1_189' title='bbox 3311 1429 3474 1484; x_wconf 86' lang='lat' dir='ltr'><strong>rebus</strong></span> <span class='ocrx_word' id='word_1_190' title='bbox 3513 1431 3759 1495; x_wconf 86' lang='lat' dir='ltr'><strong>mutatis,</strong></span> 
     </span>
    </p>
   </div>
   <div class='ocr_carea' id='block_1_29' title="bbox 2190 1522 3756 1592">
    <p class='ocr_par' dir='ltr' id='par_1_29' title="bbox 2190 1522 3756 1592">
     <span class='ocr_line' id='line_1_29' title="bbox 2190 1522 3756 1592; baseline 0.002 -16"><span class='ocrx_word' id='word_1_191' title='bbox 2190 1538 2313 1576; x_wconf 91' lang='lat' dir='ltr'><strong>cum</strong></span> <span class='ocrx_word' id='word_1_192' title='bbox 2364 1523 2547 1577; x_wconf 88' lang='lat' dir='ltr'><strong>vident</strong></span> <span class='ocrx_word' id='word_1_193' title='bbox 2592 1531 2646 1576; x_wconf 94' lang='lat' dir='ltr'><strong>et</strong></span> <span class='ocrx_word' id='word_1_194' title='bbox 2674 1523 2932 1592; x_wconf 86' lang='lat' dir='ltr'><strong>possibile</strong></span> <span class='ocrx_word' id='word_1_195' title='bbox 2986 1522 3111 1586; x_wconf 89' lang='lat' dir='ltr'><strong>sibi,</strong></span> <span class='ocrx_word' id='word_1_196' title='bbox 3145 1529 3201 1576; x_wconf 86' lang='lat' dir='ltr'><strong>et</strong></span> <span class='ocrx_word' id='word_1_197' title='bbox 3233 1522 3351 1576; x_wconf 86' lang='lat' dir='ltr'><strong>sine</strong></span> <span class='ocrx_word' id='word_1_198' title='bbox 3403 1522 3667 1592; x_wconf 88' lang='lat' dir='ltr'><strong>periculo,</strong></span> <span class='ocrx_word' id='word_1_199' title='bbox 3701 1535 3756 1579; x_wconf 89' lang='lat' dir='ltr'><strong>et</strong></span> 
     </span>
    </p>
   </div>
   <div class='ocr_carea' id='block_1_30' title="bbox 2191 1611 3750 1682">
    <p class='ocr_par' dir='ltr' id='par_1_30' title="bbox 2191 1611 3750 1682">
     <span class='ocr_line' id='line_1_30' title="bbox 2191 1611 3750 1682; baseline 0.001 -16"><span class='ocrx_word' id='word_1_200' title='bbox 2191 1615 2308 1667; x_wconf 76' lang='lat' dir='ltr'><strong>suis</strong></span> <span class='ocrx_word' id='word_1_201' title='bbox 2359 1613 2520 1667; x_wconf 87' lang='lat' dir='ltr'><strong>rebus</strong></span> <span class='ocrx_word' id='word_1_202' title='bbox 2574 1613 2893 1679; x_wconf 81' lang='lat' dir='ltr'><strong>expediens,</strong></span> <span class='ocrx_word' id='word_1_203' title='bbox 2923 1611 3206 1667; x_wconf 88' lang='lat' dir='ltr'><strong>servitutis</strong></span> <span class='ocrx_word' id='word_1_204' title='bbox 3252 1611 3442 1682; x_wconf 88' lang='lat' dir='ltr'><strong>jugum</strong></span> <span class='ocrx_word' id='word_1_205' title='bbox 3475 1622 3750 1679; x_wconf 83' lang='lat' dir='ltr'><strong>excutere,</strong></span> 
     </span>
    </p>
   </div>
   <div class='ocr_carea' id='block_1_31' title="bbox 2195 1703 3763 1773">
    <p class='ocr_par' dir='ltr' id='par_1_31' title="bbox 2195 1703 3763 1773">
     <span class='ocr_line' id='line_1_31' title="bbox 2195 1703 3763 1773; baseline 0.001 -14"><span class='ocrx_word' id='word_1_206' title='bbox 2195 1720 2302 1759; x_wconf 89' lang='lat' dir='ltr'><strong>non</strong></span> <span class='ocrx_word' id='word_1_207' title='bbox 2359 1715 2616 1760; x_wconf 88' lang='lat' dir='ltr'><strong>verentur</strong></span> <span class='ocrx_word' id='word_1_208' title='bbox 2664 1704 2768 1759; x_wconf 88' lang='lat' dir='ltr'><strong>hoc</strong></span> <span class='ocrx_word' id='word_1_209' title='bbox 2804 1703 3003 1758; x_wconf 81' lang='lat' dir='ltr'><strong>facere.</strong></span> <span class='ocrx_word' id='word_1_210' title='bbox 3050 1704 3117 1756; x_wconf 85' lang='lat' dir='ltr'><strong>At</strong></span> <span class='ocrx_word' id='word_1_211' title='bbox 3161 1718 3292 1758; x_wconf 85' lang='lat' dir='ltr'><strong>vero</strong></span> <span class='ocrx_word' id='word_1_212' title='bbox 3339 1703 3449 1758; x_wconf 91' lang='lat' dir='ltr'><strong>illa.</strong></span> <span class='ocrx_word' id='word_1_213' title='bbox 3484 1705 3533 1758; x_wconf 91' lang='lat' dir='ltr'><strong>in</strong></span> <span class='ocrx_word' id='word_1_214' title='bbox 3567 1705 3763 1773; x_wconf 91' lang='lat' dir='ltr'><strong>quibus</strong></span> 
     </span>
    </p>
   </div>
   <div class='ocr_carea' id='block_1_32' title="bbox 2193 1794 3762 1855">
    <p class='ocr_par' dir='ltr' id='par_1_32' title="bbox 2193 1794 3762 1855">
     <span class='ocr_line' id='line_1_32' title="bbox 2193 1794 3762 1855; baseline -0.001 -4"><span class='ocrx_word' id='word_1_215' title='bbox 2193 1798 2424 1852; x_wconf 89' lang='lat' dir='ltr'><strong>firmitas</strong></span> <span class='ocrx_word' id='word_1_216' title='bbox 2468 1796 2730 1850; x_wconf 67' lang='lat' dir='ltr'><strong>Romanae</strong></span> <span class='ocrx_word' id='word_1_217' title='bbox 2753 1794 3009 1850; x_wconf 66' lang='lat' dir='ltr'><strong>Ecclesiae</strong></span> <span class='ocrx_word' id='word_1_218' title='bbox 3045 1795 3315 1855; x_wconf 85' lang='lat' dir='ltr'><strong>consistit.</strong></span> <span class='ocrx_word' id='word_1_219' title='bbox 3349 1794 3486 1850; x_wconf 65' lang='lat' dir='ltr'><strong>caelo</strong></span> <span class='ocrx_word' id='word_1_220' title='bbox 3516 1803 3568 1848; x_wconf 89' lang='lat' dir='ltr'><strong>et</strong></span> <span class='ocrx_word' id='word_1_221' title='bbox 3619 1805 3762 1850; x_wconf 84' lang='lat' dir='ltr'><strong>terra</strong></span> 
     </span>
    </p>
   </div>
   <div class='ocr_carea' id='block_1_33' title="bbox 503 1862 2087 1964">
    <p class='ocr_par' dir='ltr' id='par_1_33' title="bbox 503 1889 2087 1964">
     <span class='ocr_line' id='line_1_33' title="bbox 503 1889 2087 1964; baseline 0.007 -25"><span class='ocrx_word' id='word_1_222' title='bbox 503 1896 640 1952; x_wconf 88' lang='lat' dir='ltr'><strong>tror,</strong></span> <span class='ocrx_word' id='word_1_223' title='bbox 657 1889 798 1958; x_wconf 89' lang='lat' dir='ltr'><strong>quod</strong></span> <span class='ocrx_word' id='word_1_224' title='bbox 824 1905 948 1944; x_wconf 92' lang='lat' dir='ltr'><strong>cum</strong></span> <span class='ocrx_word' id='word_1_225' title='bbox 967 1891 1147 1947; x_wconf 88' lang='lat' dir='ltr'><strong>multis</strong></span> <span class='ocrx_word' id='word_1_226' title='bbox 1169 1891 1290 1946; x_wconf 90' lang='lat' dir='ltr'><strong>aliis</strong></span> <span class='ocrx_word' id='word_1_227' title='bbox 1303 1894 1569 1960; x_wconf 83' lang='lat' dir='ltr'><strong>adversis,</strong></span> <span class='ocrx_word' id='word_1_228' title='bbox 1589 1911 1707 1964; x_wconf 74' lang='lat' dir='ltr'><strong>qua:</strong></span> <span class='ocrx_word' id='word_1_229' title='bbox 1719 1905 1942 1964; x_wconf 90' lang='lat' dir='ltr'><strong>possent</strong></span> <span class='ocrx_word' id='word_1_230' title='bbox 1958 1912 2087 1951; x_wconf 89' lang='lat' dir='ltr'><strong>con-</strong></span> 
     </span>
    </p>
   </div>
   <div class='ocr_carea' id='block_1_34' title="bbox 2194 1862 3761 1964">
    <p class='ocr_par' dir='ltr' id='par_1_34' title="bbox 2196 1886 3761 1957">
     <span class='ocr_line' id='line_1_34' title="bbox 2196 1886 3761 1957; baseline -0.001 -15"><span class='ocrx_word' id='word_1_231' title='bbox 2196 1898 2324 1942; x_wconf 87' lang='lat' dir='ltr'><strong>sunt</strong></span> <span class='ocrx_word' id='word_1_232' title='bbox 2373 1889 2834 1957; x_wconf 86' lang='lat' dir='ltr'><strong>permanentiora.</strong></span> <span class='ocrx_word' id='word_1_233' title='bbox 2894 1886 3104 1941; x_wconf 79' lang='lat' dir='ltr'><strong>Virtute</strong></span> <span class='ocrx_word' id='word_1_234' title='bbox 3140 1886 3285 1941; x_wconf 91' lang='lat' dir='ltr'><strong>enim</strong></span> <span class='ocrx_word' id='word_1_235' title='bbox 3341 1887 3626 1941; x_wconf 85' lang='lat' dir='ltr'><strong>verborum</strong></span> <span class='ocrx_word' id='word_1_236' title='bbox 3663 1887 3761 1940; x_wconf 84' lang='lat' dir='ltr'><strong>Do-</strong></span> 
     </span>
    </p>
   </div>
   <div class='ocr_carea' id='block_1_35' title="bbox 503 1979 2088 2059">
    <p class='ocr_par' dir='ltr' id='par_1_35' title="bbox 503 1979 2088 2059">
     <span class='ocr_line' id='line_1_35' title="bbox 503 1979 2088 2059; baseline 0.009 -28"><span class='ocrx_word' id='word_1_237' title='bbox 503 1979 731 2048; x_wconf 82' lang='lat' dir='ltr'><strong>tingere,</strong></span> <span class='ocrx_word' id='word_1_238' title='bbox 768 1980 900 2035; x_wconf 88' lang='lat' dir='ltr'><strong>illud</strong></span> <span class='ocrx_word' id='word_1_239' title='bbox 933 1983 1245 2038; x_wconf 90' lang='lat' dir='ltr'><strong>certissime</strong></span> <span class='ocrx_word' id='word_1_240' title='bbox 1266 1986 1587 2056; x_wconf 82' lang='lat' dir='ltr'><strong>contigisset</strong></span> <span class='ocrx_word' id='word_1_241' title='bbox 1607 2005 1619 2053; x_wconf 90' lang='lat'>;</span> <span class='ocrx_word' id='word_1_242' title='bbox 1641 1989 1782 2057; x_wconf 84' lang='lat' dir='ltr'><strong>quod</strong></span> <span class='ocrx_word' id='word_1_243' title='bbox 1802 2005 1979 2059; x_wconf 87' lang='lat' dir='ltr'><strong>neque</strong></span> <span class='ocrx_word' id='word_1_244' title='bbox 1999 2005 2088 2045; x_wconf 90' lang='lat' dir='ltr'><strong>ac-</strong></span> 
     </span>
    </p>
   </div>
   <div class='ocr_carea' id='block_1_36' title="bbox 496 2067 2087 2140">
    <p class='ocr_par' dir='ltr' id='par_1_36' title="bbox 496 2067 2087 2140">
     <span class='ocr_line' id='line_1_36' title="bbox 496 2067 2087 2140; baseline 0.01 -21"><span class='ocrx_word' id='word_1_245' title='bbox 496 2082 678 2121; x_wconf 75' lang='lat' dir='ltr'><strong>censae</strong></span> <span class='ocrx_word' id='word_1_246' title='bbox 697 2067 946 2123; x_wconf 71' lang='lat' dir='ltr'><strong>haereses</strong></span> <span class='ocrx_word' id='word_1_247' title='bbox 977 2070 1264 2126; x_wconf 71' lang='lat' dir='ltr'><strong>exstinctae</strong></span> <span class='ocrx_word' id='word_1_248' title='bbox 1287 2084 1563 2140; x_wconf 88' lang='lat' dir='ltr'><strong>essent,et</strong></span> <span class='ocrx_word' id='word_1_249' title='bbox 1591 2077 1711 2131; x_wconf 72' lang='lat' dir='ltr'><strong>aliae</strong></span> <span class='ocrx_word' id='word_1_250' title='bbox 1738 2086 1818 2132; x_wconf 90' lang='lat' dir='ltr'><strong>tot</strong></span> <span class='ocrx_word' id='word_1_251' title='bbox 1851 2079 2087 2136; x_wconf 64' lang='lat' dir='ltr'><strong>hmreses</strong></span> 
     </span>
    </p>
   </div>
   <div class='ocr_carea' id='block_1_37' title="bbox 497 2161 2086 2231">
    <p class='ocr_par' dir='ltr' id='par_1_37' title="bbox 497 2161 2086 2231">
     <span class='ocr_line' id='line_1_37' title="bbox 497 2161 2086 2231; baseline 0.01 -21"><span class='ocrx_word' id='word_1_252' title='bbox 497 2167 787 2216; x_wconf 78' lang='lat' dir='ltr'><strong>ct&#39;errores</strong></span> <span class='ocrx_word' id='word_1_253' title='bbox 813 2161 1081 2231; x_wconf 83' lang='lat' dir='ltr'><strong>vigerent.</strong></span> <span class='ocrx_word' id='word_1_254' title='bbox 1115 2173 1174 2218; x_wconf 89' lang='lat' dir='ltr'><strong>ut</strong></span> <span class='ocrx_word' id='word_1_255' title='bbox 1206 2166 1398 2222; x_wconf 87' lang='lat' dir='ltr'><strong>divisis</strong></span> <span class='ocrx_word' id='word_1_256' title='bbox 1420 2168 1494 2222; x_wconf 91' lang='lat' dir='ltr'><strong>ita</strong></span> <span class='ocrx_word' id='word_1_257' title='bbox 1536 2169 1604 2222; x_wconf 92' lang='lat' dir='ltr'><strong>ab</strong></span> <span class='ocrx_word' id='word_1_258' title='bbox 1626 2170 1861 2226; x_wconf 88' lang='lat' dir='ltr'><strong>invicem</strong></span> <span class='ocrx_word' id='word_1_259' title='bbox 1895 2171 2086 2228; x_wconf 82' lang='lat' dir='ltr'><strong>Eccle-</strong></span> 
     </span>
    </p>
   </div>
   <div class='ocr_carea' id='block_1_38' title="bbox 500 2251 2086 2326">
    <p class='ocr_par' dir='ltr' id='par_1_38' title="bbox 500 2251 2086 2326">
     <span class='ocr_line' id='line_1_38' title="bbox 500 2251 2086 2326; baseline 0.011 -25"><span class='ocrx_word' id='word_1_260' title='bbox 500 2251 622 2312; x_wconf 84' lang='lat' dir='ltr'><strong>siis,</strong></span> <span class='ocrx_word' id='word_1_261' title='bbox 677 2251 987 2320; x_wconf 64' lang='lat' dir='ltr'><strong>coaequales</strong></span> <span class='ocrx_word' id='word_1_262' title='bbox 1010 2263 1219 2321; x_wconf 89' lang='lat' dir='ltr'><strong>essent,</strong></span> <span class='ocrx_word' id='word_1_263' title='bbox 1263 2257 1511 2326; x_wconf 84' lang='lat' dir='ltr'><strong>qualibet</strong></span> <span class='ocrx_word' id='word_1_264' title='bbox 1541 2259 1790 2316; x_wconf 87' lang='lat' dir='ltr'><strong>videlicet</strong></span> <span class='ocrx_word' id='word_1_265' title='bbox 1819 2277 1885 2317; x_wconf 84' lang='lat' dir='ltr'><strong>ex</strong></span> <span class='ocrx_word' id='word_1_266' title='bbox 1913 2264 2086 2319; x_wconf 84' lang='lat' dir='ltr'><strong>multa</strong></span> 
     </span>
    </p>
   </div>
   <div class='ocr_carea' id='block_1_39' title="bbox 496 2346 2086 2416">
    <p class='ocr_par' dir='ltr' id='par_1_39' title="bbox 496 2346 2086 2416">
     <span class='ocr_line' id='line_1_39' title="bbox 496 2346 2086 2416; baseline 0.012 -21"><span class='ocrx_word' id='word_1_267' title='bbox 496 2351 768 2410; x_wconf 85' lang='lat' dir='ltr'><strong>potestate</strong></span> <span class='ocrx_word' id='word_1_268' title='bbox 797 2361 952 2400; x_wconf 90' lang='lat' dir='ltr'><strong>suam</strong></span> <span class='ocrx_word' id='word_1_269' title='bbox 990 2346 1342 2405; x_wconf 81' lang='lat' dir='ltr'><strong>defendente.</strong></span> <span class='ocrx_word' id='word_1_270' title='bbox 1408 2350 1531 2416; x_wconf 87' lang='lat' dir='ltr'><strong>Quo</strong></span> <span class='ocrx_word' id='word_1_271' title='bbox 1555 2353 1690 2409; x_wconf 89' lang='lat' dir='ltr'><strong>nihil</strong></span> <span class='ocrx_word' id='word_1_272' title='bbox 1719 2364 1866 2412; x_wconf 88' lang='lat' dir='ltr'><strong>esset</strong></span> <span class='ocrx_word' id='word_1_273' title='bbox 1892 2357 2086 2414; x_wconf 90' lang='lat' dir='ltr'><strong>Eccle-</strong></span> 
     </span>
    </p>
   </div>
   <div class='ocr_carea' id='block_1_40' title="bbox 498 2437 2087 2520">
    <p class='ocr_par' dir='ltr' id='par_1_40' title="bbox 498 2437 2087 2520">
     <span class='ocr_line' id='line_1_40' title="bbox 498 2437 2087 2520; baseline 0.012 -30"><span class='ocrx_word' id='word_1_274' title='bbox 498 2437 600 2492; x_wconf 87' lang='lat' dir='ltr'><strong>siis</strong></span> <span class='ocrx_word' id='word_1_275' title='bbox 656 2437 857 2496; x_wconf 73' lang='lat' dir='ltr'><strong>foedius</strong></span> <span class='ocrx_word' id='word_1_276' title='bbox 894 2449 952 2496; x_wconf 89' lang='lat' dir='ltr'><strong>et</strong></span> <span class='ocrx_word' id='word_1_277' title='bbox 999 2443 1394 2512; x_wconf 86' lang='lat' dir='ltr'><strong>perniciosius.</strong></span> <span class='ocrx_word' id='word_1_278' title='bbox 1430 2444 1576 2516; x_wconf 85' lang='lat' dir='ltr'><strong>Ergo</strong></span> <span class='ocrx_word' id='word_1_279' title='bbox 1611 2449 1660 2504; x_wconf 90' lang='lat' dir='ltr'><strong>si</strong></span> <span class='ocrx_word' id='word_1_280' title='bbox 1685 2464 1790 2520; x_wconf 84' lang='lat' dir='ltr'><strong>qua</strong></span> <span class='ocrx_word' id='word_1_281' title='bbox 1826 2468 1975 2508; x_wconf 91' lang='lat' dir='ltr'><strong>nunc</strong></span> <span class='ocrx_word' id='word_1_282' title='bbox 2001 2461 2087 2508; x_wconf 87' lang='lat' dir='ltr'><strong>est</strong></span> 
     </span>
    </p>
   </div>
   <div class='ocr_carea' id='block_1_41' title="bbox 498 2527 2086 2610">
    <p class='ocr_par' dir='ltr' id='par_1_41' title="bbox 498 2527 2086 2610">
     <span class='ocr_line' id='line_1_41' title="bbox 498 2527 2086 2610; baseline 0.011 -28"><span class='ocrx_word' id='word_1_283' title='bbox 498 2527 745 2584; x_wconf 82' lang='lat' dir='ltr'><strong>Ecclesia</strong></span> <span class='ocrx_word' id='word_1_284' title='bbox 778 2531 987 2588; x_wconf 86' lang='lat' dir='ltr'><strong>habens</strong></span> <span class='ocrx_word' id='word_1_285' title='bbox 1026 2541 1081 2588; x_wconf 87' lang='lat' dir='ltr'><strong>et</strong></span> <span class='ocrx_word' id='word_1_286' title='bbox 1105 2532 1672 2608; x_wconf 68' lang='lat' dir='ltr'><strong>faciensquaacunque</strong></span> <span class='ocrx_word' id='word_1_287' title='bbox 1732 2551 2014 2610; x_wconf 89' lang='lat' dir='ltr'><strong>eporteret</strong></span> <span class='ocrx_word' id='word_1_288' title='bbox 2031 2553 2086 2600; x_wconf 91' lang='lat' dir='ltr'><strong>et</strong></span> 
     </span>
    </p>
   </div>
   <div class='ocr_carea' id='block_1_42' title="bbox 499 2618 2081 2696">
    <p class='ocr_par' dir='ltr' id='par_1_42' title="bbox 499 2618 2081 2696">
     <span class='ocr_line' id='line_1_42' title="bbox 499 2618 2081 2696; baseline 0.013 -24"><span class='ocrx_word' id='word_1_289' title='bbox 499 2618 704 2675; x_wconf 87' lang='lat' dir='ltr'><strong>habere</strong></span> <span class='ocrx_word' id='word_1_290' title='bbox 755 2631 810 2676; x_wconf 89' lang='lat' dir='ltr'><strong>et</strong></span> <span class='ocrx_word' id='word_1_291' title='bbox 840 2621 1021 2678; x_wconf 88' lang='lat' dir='ltr'><strong>facere</strong></span> <span class='ocrx_word' id='word_1_292' title='bbox 1077 2639 1198 2680; x_wconf 88' lang='lat' dir='ltr'><strong>eam</strong></span> <span class='ocrx_word' id='word_1_293' title='bbox 1255 2643 1378 2696; x_wconf 74' lang='lat' dir='ltr'><strong>qua:</strong></span> <span class='ocrx_word' id='word_1_294' title='bbox 1435 2643 1500 2682; x_wconf 81' lang='lat' dir='ltr'><strong>ex</strong></span> <span class='ocrx_word' id='word_1_295' title='bbox 1527 2629 1638 2684; x_wconf 91' lang='lat' dir='ltr'><strong>Deo</strong></span> <span class='ocrx_word' id='word_1_296' title='bbox 1671 2642 1817 2687; x_wconf 87' lang='lat' dir='ltr'><strong>esset</strong></span> <span class='ocrx_word' id='word_1_297' title='bbox 1850 2635 2081 2691; x_wconf 85' lang='lat' dir='ltr'><strong>aliarum</strong></span> 
     </span>
    </p>
   </div>
   <div class='ocr_carea' id='block_1_43' title="bbox 499 2711 2086 2784">
    <p class='ocr_par' dir='ltr' id='par_1_43' title="bbox 499 2711 2086 2784">
     <span class='ocr_line' id='line_1_43' title="bbox 499 2711 2086 2784; baseline 0.013 -20"><span class='ocrx_word' id='word_1_298' title='bbox 499 2711 886 2768; x_wconf 88' lang='lat' dir='ltr'><strong>dominatura:</strong></span> <span class='ocrx_word' id='word_1_299' title='bbox 944 2715 1059 2771; x_wconf 66' lang='lat' dir='ltr'><strong>Iure</strong></span> <span class='ocrx_word' id='word_1_300' title='bbox 1087 2729 1171 2770; x_wconf 88' lang='lat' dir='ltr'><strong>est</strong></span> <span class='ocrx_word' id='word_1_301' title='bbox 1195 2733 1316 2782; x_wconf 79' lang='lat' dir='ltr'><strong>quae</strong></span> <span class='ocrx_word' id='word_1_302' title='bbox 1353 2719 1623 2777; x_wconf 89' lang='lat' dir='ltr'><strong>divinitus</strong></span> <span class='ocrx_word' id='word_1_303' title='bbox 1651 2724 1954 2781; x_wconf 83' lang='lat' dir='ltr'><strong>dominium</strong></span> <span class='ocrx_word' id='word_1_304' title='bbox 1990 2730 2086 2784; x_wconf 83' lang='lat' dir='ltr'><strong>ha-</strong></span> 
     </span>
    </p>
   </div>
   <div class='ocr_carea' id='block_1_44' title="bbox 499 2805 2079 2886">
    <p class='ocr_par' dir='ltr' id='par_1_44' title="bbox 499 2805 2079 2886">
     <span class='ocr_line' id='line_1_44' title="bbox 499 2805 2079 2886; baseline 0.011 -26"><span class='ocrx_word' id='word_1_305' title='bbox 499 2805 616 2866; x_wconf 83' lang='lat' dir='ltr'><strong>bet.</strong></span> <span class='ocrx_word' id='word_1_306' title='bbox 649 2812 702 2859; x_wconf 88' lang='lat' dir='ltr'><strong>et</strong></span> <span class='ocrx_word' id='word_1_307' title='bbox 752 2805 841 2860; x_wconf 91' lang='lat' dir='ltr'><strong>cui</strong></span> <span class='ocrx_word' id='word_1_308' title='bbox 873 2806 977 2862; x_wconf 89' lang='lat' dir='ltr'><strong>rite</strong></span> <span class='ocrx_word' id='word_1_309' title='bbox 1034 2812 1294 2865; x_wconf 85' lang='lat' dir='ltr'><strong>convenit</strong></span> <span class='ocrx_word' id='word_1_310' title='bbox 1323 2812 1622 2878; x_wconf 87' lang='lat' dir='ltr'><strong>dominari,</strong></span> <span class='ocrx_word' id='word_1_311' title='bbox 1672 2824 1838 2886; x_wconf 91' lang='lat' dir='ltr'><strong>atque</strong></span> <span class='ocrx_word' id='word_1_312' title='bbox 1874 2820 1998 2876; x_wconf 91' lang='lat' dir='ltr'><strong>aliis</strong></span> <span class='ocrx_word' id='word_1_313' title='bbox 2030 2822 2079 2877; x_wconf 90' lang='lat' dir='ltr'><strong>ei</strong></span> 
     </span>
    </p>
   </div>
   <div class='ocr_carea' id='block_1_45' title="bbox 499 2899 745 2953">
    <p class='ocr_par' dir='ltr' id='par_1_45' title="bbox 499 2899 745 2953">
     <span class='ocr_line' id='line_1_45' title="bbox 499 2899 745 2953; baseline -0.004 0"><span class='ocrx_word' id='word_1_314' title='bbox 499 2899 745 2953; x_wconf 84' lang='lat' dir='ltr'><strong>credere.</strong></span> 
     </span>
    </p>
   </div>
   <div class='ocr_carea' id='block_1_46' title="bbox 571 2995 2082 3078">
    <p class='ocr_par' dir='ltr' id='par_1_46' title="bbox 571 2995 2082 3078">
     <span class='ocr_line' id='line_1_46' title="bbox 571 2995 2082 3078; baseline 0.011 -29"><span class='ocrx_word' id='word_1_315' title='bbox 571 2995 642 3049; x_wconf 81' lang='lat' dir='ltr'><strong>At</strong></span> <span class='ocrx_word' id='word_1_316' title='bbox 681 3011 812 3050; x_wconf 90' lang='lat' dir='ltr'><strong>vero</strong></span> <span class='ocrx_word' id='word_1_317' title='bbox 846 2995 1088 3053; x_wconf 89' lang='lat' dir='ltr'><strong>Ecclesia</strong></span> <span class='ocrx_word' id='word_1_318' title='bbox 1112 2995 1358 3054; x_wconf 82' lang='lat' dir='ltr'><strong>Romana</strong></span> <span class='ocrx_word' id='word_1_319' title='bbox 1393 3002 1612 3059; x_wconf 86' lang='lat' dir='ltr'><strong>videtur</strong></span> <span class='ocrx_word' id='word_1_320' title='bbox 1635 3007 1688 3060; x_wconf 92' lang='lat' dir='ltr'><strong>in</strong></span> <span class='ocrx_word' id='word_1_321' title='bbox 1723 3007 1995 3078; x_wconf 81' lang='lat' dir='ltr'><strong>integrum</strong></span> <span class='ocrx_word' id='word_1_322' title='bbox 2026 3019 2082 3064; x_wconf 90' lang='lat' dir='ltr'><strong>et</strong></span> 
     </span>
    </p>
   </div>
   <div class='ocr_carea' id='block_1_47' title="bbox 499 3086 2080 3172">
    <p class='ocr_par' dir='ltr' id='par_1_47' title="bbox 499 3086 2080 3172">
     <span class='ocr_line' id='line_1_47' title="bbox 499 3086 2080 3172; baseline 0.009 -31"><span class='ocrx_word' id='word_1_323' title='bbox 499 3086 706 3142; x_wconf 77' lang='lat' dir='ltr'><strong>habere</strong></span> <span class='ocrx_word' id='word_1_324' title='bbox 740 3097 805 3157; x_wconf 85' lang='lat' dir='ltr'><strong>et</strong></span> <span class='ocrx_word' id='word_1_325' title='bbox 837 3088 1037 3157; x_wconf 85' lang='lat' dir='ltr'><strong>facere,</strong></span> <span class='ocrx_word' id='word_1_326' title='bbox 1081 3107 1424 3163; x_wconf 76' lang='lat' dir='ltr'><strong>quaecunque</strong></span> <span class='ocrx_word' id='word_1_327' title='bbox 1461 3108 1738 3166; x_wconf 89' lang='lat' dir='ltr'><strong>oporteret</strong></span> <span class='ocrx_word' id='word_1_328' title='bbox 1772 3116 1915 3168; x_wconf 90' lang='lat' dir='ltr'><strong>eam,</strong></span> <span class='ocrx_word' id='word_1_329' title='bbox 1958 3118 2080 3172; x_wconf 70' lang='lat' dir='ltr'><strong>qua:</strong></span> 
     </span>
    </p>
   </div>
   <div class='ocr_carea' id='block_1_48' title="bbox 500 3176 2079 3252">
    <p class='ocr_par' dir='ltr' id='par_1_48' title="bbox 500 3176 2079 3252">
     <span class='ocr_line' id='line_1_48' title="bbox 500 3176 2079 3252; baseline 0.01 -20"><span class='ocrx_word' id='word_1_330' title='bbox 500 3195 566 3232; x_wconf 81' lang='lat' dir='ltr'><strong>ex</strong></span> <span class='ocrx_word' id='word_1_331' title='bbox 602 3176 710 3234; x_wconf 85' lang='lat' dir='ltr'><strong>Deo</strong></span> <span class='ocrx_word' id='word_1_332' title='bbox 740 3189 885 3234; x_wconf 88' lang='lat' dir='ltr'><strong>esset</strong></span> <span class='ocrx_word' id='word_1_333' title='bbox 918 3181 1150 3235; x_wconf 82' lang='lat' dir='ltr'><strong>aliarum</strong></span> <span class='ocrx_word' id='word_1_334' title='bbox 1189 3183 1558 3252; x_wconf 88' lang='lat' dir='ltr'><strong>dominatura,</strong></span> <span class='ocrx_word' id='word_1_335' title='bbox 1589 3198 1642 3243; x_wconf 92' lang='lat' dir='ltr'><strong>et</strong></span> <span class='ocrx_word' id='word_1_336' title='bbox 1676 3190 1876 3246; x_wconf 82' lang='lat' dir='ltr'><strong>habere</strong></span> <span class='ocrx_word' id='word_1_337' title='bbox 1911 3203 1967 3246; x_wconf 91' lang='lat' dir='ltr'><strong>et</strong></span> <span class='ocrx_word' id='word_1_338' title='bbox 1995 3195 2079 3246; x_wconf 86' lang='lat' dir='ltr'><strong>fa-</strong></span> 
     </span>
    </p>
   </div>
   <div class='ocr_carea' id='block_1_49' title="bbox 502 3283 652 3325">
    <p class='ocr_par' dir='ltr' id='par_1_49' title="bbox 502 3283 652 3325">
     <span class='ocr_line' id='line_1_49' title="bbox 502 3283 652 3325; baseline -0.007 0"><span class='ocrx_word' id='word_1_339' title='bbox 502 3283 652 3325; x_wconf 90' lang='lat' dir='ltr'><strong>cere.</strong></span> 
     </span>
    </p>
   </div>
   <div class='ocr_carea' id='block_1_50' title="bbox 579 3361 2084 3440">
    <p class='ocr_par' dir='ltr' id='par_1_50' title="bbox 579 3361 2084 3440">
     <span class='ocr_line' id='line_1_50' title="bbox 579 3361 2084 3440; baseline 0.013 -27"><span class='ocrx_word' id='word_1_340' title='bbox 579 3361 822 3416; x_wconf 81' lang='lat' dir='ltr'><strong>Primum</strong></span> <span class='ocrx_word' id='word_1_341' title='bbox 847 3363 990 3418; x_wconf 92' lang='lat' dir='ltr'><strong>enim</strong></span> <span class='ocrx_word' id='word_1_342' title='bbox 1019 3368 1473 3440; x_wconf 85' lang='lat' dir='ltr'><strong>oporteretdigne</strong></span> <span class='ocrx_word' id='word_1_343' title='bbox 1503 3372 1746 3428; x_wconf 91' lang='lat' dir='ltr'><strong>omnium</strong></span> <span class='ocrx_word' id='word_1_344' title='bbox 1773 3373 2084 3432; x_wconf 84' lang='lat' dir='ltr'><strong>dominatu-</strong></span> 
     </span>
    </p>
   </div>
   <div class='ocr_carea' id='block_1_51' title="bbox 502 3455 2088 3535">
    <p class='ocr_par' dir='ltr' id='par_1_51' title="bbox 502 3455 2088 3535">
     <span class='ocr_line' id='line_1_51' title="bbox 502 3455 2088 3535; baseline 0.012 -28"><span class='ocrx_word' id='word_1_345' title='bbox 502 3468 621 3507; x_wconf 75' lang='lat' dir='ltr'><strong>ram</strong></span> <span class='ocrx_word' id='word_1_346' title='bbox 679 3467 744 3508; x_wconf 78' lang='lat' dir='ltr'><strong>ex</strong></span> <span class='ocrx_word' id='word_1_347' title='bbox 780 3455 915 3511; x_wconf 84' lang='lat' dir='ltr'><strong>viris</strong></span> <span class='ocrx_word' id='word_1_348' title='bbox 969 3459 1253 3515; x_wconf 83' lang='lat' dir='ltr'><strong>collectam</strong></span> <span class='ocrx_word' id='word_1_349' title='bbox 1293 3477 1435 3529; x_wconf 89' lang='lat' dir='ltr'><strong>esse,</strong></span> <span class='ocrx_word' id='word_1_350' title='bbox 1467 3464 1562 3534; x_wconf 90' lang='lat' dir='ltr'><strong>qui</strong></span> <span class='ocrx_word' id='word_1_351' title='bbox 1606 3476 1869 3535; x_wconf 84' lang='lat' dir='ltr'><strong>quantum</strong></span> <span class='ocrx_word' id='word_1_352' title='bbox 1915 3471 2088 3526; x_wconf 88' lang='lat' dir='ltr'><strong>demi-</strong></span> 
     </span>
    </p>
   </div>
   <div class='ocr_carea' id='block_1_52' title="bbox 502 3551 2090 3622">
    <p class='ocr_par' dir='ltr' id='par_1_52' title="bbox 502 3551 2090 3622">
     <span class='ocr_line' id='line_1_52' title="bbox 502 3551 2090 3622; baseline 0.013 -23"><span class='ocrx_word' id='word_1_353' title='bbox 502 3551 618 3610; x_wconf 85' lang='lat' dir='ltr'><strong>nio,</strong></span> <span class='ocrx_word' id='word_1_354' title='bbox 653 3555 864 3603; x_wconf 85' lang='lat' dir='ltr'><strong>tantum</strong></span> <span class='ocrx_word' id='word_1_355' title='bbox 892 3551 1160 3620; x_wconf 89' lang='lat' dir='ltr'><strong>sapientia</strong></span> <span class='ocrx_word' id='word_1_356' title='bbox 1190 3563 1248 3608; x_wconf 91' lang='lat' dir='ltr'><strong>et</strong></span> <span class='ocrx_word' id='word_1_357' title='bbox 1281 3570 1494 3622; x_wconf 81' lang='lat' dir='ltr'><strong>morum</strong></span> <span class='ocrx_word' id='word_1_358' title='bbox 1531 3557 1730 3615; x_wconf 88' lang='lat' dir='ltr'><strong>virtute</strong></span> <span class='ocrx_word' id='word_1_359' title='bbox 1759 3563 2090 3619; x_wconf 83' lang='lat' dir='ltr'><strong>excellerent</strong></span> 
     </span>
    </p>
   </div>
   <div class='ocr_carea' id='block_1_53' title="bbox 506 3640 2084 3723">
    <p class='ocr_par' dir='ltr' id='par_1_53' title="bbox 506 3640 2084 3723">
     <span class='ocr_line' id='line_1_53' title="bbox 506 3640 2084 3723; baseline 0.01 -29"><span class='ocrx_word' id='word_1_360' title='bbox 506 3641 669 3696; x_wconf 83' lang='lat' dir='ltr'><strong>alios.</strong></span> <span class='ocrx_word' id='word_1_361' title='bbox 703 3640 814 3695; x_wconf 85' lang='lat' dir='ltr'><strong>Hoc</strong></span> <span class='ocrx_word' id='word_1_362' title='bbox 839 3658 966 3697; x_wconf 86' lang='lat' dir='ltr'><strong>vero</strong></span> <span class='ocrx_word' id='word_1_363' title='bbox 999 3644 1448 3701; x_wconf 75' lang='lat' dir='ltr'><strong>abundanter-illa</strong></span> <span class='ocrx_word' id='word_1_364' title='bbox 1473 3649 1672 3716; x_wconf 87' lang='lat' dir='ltr'><strong>habet;</strong></span> <span class='ocrx_word' id='word_1_365' title='bbox 1711 3654 1755 3708; x_wconf 78' lang='lat' dir='ltr'><strong>si</strong></span> <span class='ocrx_word' id='word_1_366' title='bbox 1786 3653 1909 3723; x_wconf 86' lang='lat' dir='ltr'><strong>quis</strong></span> <span class='ocrx_word' id='word_1_367' title='bbox 1939 3656 2084 3710; x_wconf 91' lang='lat' dir='ltr'><strong>enim</strong></span> 
     </span>
    </p>
   </div>
   <div class='ocr_carea' id='block_1_54' title="bbox 505 3731 2090 3814">
    <p class='ocr_par' dir='ltr' id='par_1_54' title="bbox 505 3731 2090 3814">
     <span class='ocr_line' id='line_1_54' title="bbox 505 3731 2090 3814; baseline 0.011 -30"><span class='ocrx_word' id='word_1_368' title='bbox 505 3731 741 3786; x_wconf 86' lang='lat' dir='ltr'><strong>voluerit</strong></span> <span class='ocrx_word' id='word_1_369' title='bbox 772 3733 952 3788; x_wconf 87' lang='lat' dir='ltr'><strong>videre</strong></span> <span class='ocrx_word' id='word_1_370' title='bbox 983 3749 1198 3790; x_wconf 90' lang='lat' dir='ltr'><strong>sacrum</strong></span> <span class='ocrx_word' id='word_1_371' title='bbox 1231 3736 1380 3791; x_wconf 90' lang='lat' dir='ltr'><strong>illum</strong></span> <span class='ocrx_word' id='word_1_372' title='bbox 1410 3738 1554 3793; x_wconf 90' lang='lat' dir='ltr'><strong>circa</strong></span> <span class='ocrx_word' id='word_1_373' title='bbox 1589 3756 1780 3811; x_wconf 91' lang='lat' dir='ltr'><strong>papam</strong></span> <span class='ocrx_word' id='word_1_374' title='bbox 1812 3754 2090 3814; x_wconf 85' lang='lat' dir='ltr'><strong>senatum,</strong></span> 
     </span>
    </p>
   </div>
   <div class='ocr_carea' id='block_1_55' title="bbox 507 3826 2088 3894">
    <p class='ocr_par' dir='ltr' id='par_1_55' title="bbox 507 3826 2088 3894">
     <span class='ocr_line' id='line_1_55' title="bbox 507 3826 2088 3894; baseline 0.01 -17"><span class='ocrx_word' id='word_1_375' title='bbox 507 3836 561 3877; x_wconf 77' lang='lat' dir='ltr'><strong>et</strong></span> <span class='ocrx_word' id='word_1_376' title='bbox 585 3840 680 3880; x_wconf 87' lang='lat' dir='ltr'><strong>eos</strong></span> <span class='ocrx_word' id='word_1_377' title='bbox 700 3826 958 3894; x_wconf 88' lang='lat' dir='ltr'><strong>quicirea</strong></span> <span class='ocrx_word' id='word_1_378' title='bbox 988 3827 1136 3881; x_wconf 89' lang='lat' dir='ltr'><strong>illum</strong></span> <span class='ocrx_word' id='word_1_379' title='bbox 1169 3837 1315 3894; x_wconf 91' lang='lat' dir='ltr'><strong>sunt,</strong></span> <span class='ocrx_word' id='word_1_380' title='bbox 1347 3830 1904 3889; x_wconf 89' lang='lat' dir='ltr'><strong>invenietEcclesiam</strong></span> <span class='ocrx_word' id='word_1_381' title='bbox 1942 3839 2088 3893; x_wconf 88' lang='lat' dir='ltr'><strong>illam</strong></span> 
     </span>
    </p>
   </div>
   <div class='ocr_carea' id='block_1_56' title="bbox 506 3919 2087 3998">
    <p class='ocr_par' dir='ltr' id='par_1_56' title="bbox 506 3919 2087 3998">
     <span class='ocr_line' id='line_1_56' title="bbox 506 3919 2087 3998; baseline 0.008 -25"><span class='ocrx_word' id='word_1_382' title='bbox 506 3935 617 3973; x_wconf 80' lang='lat' dir='ltr'><strong>non</strong></span> <span class='ocrx_word' id='word_1_383' title='bbox 653 3919 829 3973; x_wconf 90' lang='lat' dir='ltr'><strong>solum</strong></span> <span class='ocrx_word' id='word_1_384' title='bbox 862 3920 929 3974; x_wconf 87' lang='lat' dir='ltr'><strong>ad</strong></span> <span class='ocrx_word' id='word_1_385' title='bbox 967 3936 1409 3993; x_wconf 86' lang='lat' dir='ltr'><strong>unamquamque</strong></span> <span class='ocrx_word' id='word_1_386' title='bbox 1432 3925 1663 3980; x_wconf 85' lang='lat' dir='ltr'><strong>aliarum</strong></span> <span class='ocrx_word' id='word_1_387' title='bbox 1689 3931 2087 3998; x_wconf 86' lang='lat' dir='ltr'><strong>comparando,</strong></span> 
     </span>
    </p>
   </div>
   <div class='ocr_carea' id='block_1_57' title="bbox 505 4011 2084 4090">
    <p class='ocr_par' dir='ltr' id='par_1_57' title="bbox 505 4011 2084 4090">
     <span class='ocr_line' id='line_1_57' title="bbox 505 4011 2084 4090; baseline 0.006 -23"><span class='ocrx_word' id='word_1_388' title='bbox 505 4014 602 4069; x_wconf 76' lang='lat' dir='ltr'><strong>sed</strong></span> <span class='ocrx_word' id='word_1_389' title='bbox 633 4011 795 4065; x_wconf 89' lang='lat' dir='ltr'><strong>simul</strong></span> <span class='ocrx_word' id='word_1_390' title='bbox 824 4011 890 4065; x_wconf 90' lang='lat' dir='ltr'><strong>ad</strong></span> <span class='ocrx_word' id='word_1_391' title='bbox 934 4013 1158 4078; x_wconf 90' lang='lat' dir='ltr'><strong>multas,</strong></span> <span class='ocrx_word' id='word_1_392' title='bbox 1196 4023 1249 4068; x_wconf 86' lang='lat' dir='ltr'><strong>et</strong></span> <span class='ocrx_word' id='word_1_393' title='bbox 1272 4017 1626 4072; x_wconf 89' lang='lat' dir='ltr'><strong>multitudine</strong></span> <span class='ocrx_word' id='word_1_394' title='bbox 1653 4019 1980 4090; x_wconf 83' lang='lat' dir='ltr'><strong>elegantium</strong></span> <span class='ocrx_word' id='word_1_395' title='bbox 2006 4024 2084 4076; x_wconf 90' lang='lat' dir='ltr'><strong>vi-</strong></span> 
     </span>
    </p>
   </div>
   <div class='ocr_carea' id='block_1_58' title="bbox 506 4102 2090 4183">
    <p class='ocr_par' dir='ltr' id='par_1_58' title="bbox 506 4102 2090 4183">
     <span class='ocr_line' id='line_1_58' title="bbox 506 4102 2090 4183; baseline 0.006 -25"><span class='ocrx_word' id='word_1_396' title='bbox 506 4119 720 4164; x_wconf 87' lang='lat' dir='ltr'><strong>rorum,</strong></span> <span class='ocrx_word' id='word_1_397' title='bbox 749 4113 803 4157; x_wconf 89' lang='lat' dir='ltr'><strong>et</strong></span> <span class='ocrx_word' id='word_1_398' title='bbox 833 4102 1075 4158; x_wconf 70' lang='lat' dir='ltr'><strong>scientiae</strong></span> <span class='ocrx_word' id='word_1_399' title='bbox 1108 4107 1290 4175; x_wconf 89' lang='lat' dir='ltr'><strong>specie</strong></span> <span class='ocrx_word' id='word_1_400' title='bbox 1318 4107 1492 4182; x_wconf 87' lang='lat' dir='ltr'><strong>omni,</strong></span> <span class='ocrx_word' id='word_1_401' title='bbox 1520 4121 1572 4164; x_wconf 91' lang='lat' dir='ltr'><strong>et</strong></span> <span class='ocrx_word' id='word_1_402' title='bbox 1597 4125 1809 4164; x_wconf 90' lang='lat' dir='ltr'><strong>morum</strong></span> <span class='ocrx_word' id='word_1_403' title='bbox 1842 4111 2090 4183; x_wconf 74' lang='lat' dir='ltr'><strong>benigni-</strong></span> 
     </span>
    </p>
   </div>
   <div class='ocr_carea' id='block_1_59' title="bbox 506 4179 2094 4274">
    <p class='ocr_par' dir='ltr' id='par_1_59' title="bbox 506 4179 2094 4274">
     <span class='ocr_line' id='line_1_59' title="bbox 506 4179 2094 4274; baseline 0.008 -26"><span class='ocrx_word' id='word_1_404' title='bbox 506 4205 623 4249; x_wconf 84' lang='lat' dir='ltr'><strong>tate</strong></span> <span class='ocrx_word' id='word_1_405' title='bbox 682 4204 734 4248; x_wconf 91' lang='lat' dir='ltr'><strong>et</strong></span> <span class='ocrx_word' id='word_1_406' title='bbox 767 4194 1077 4262; x_wconf 86' lang='lat' dir='ltr'><strong>honestate,</strong></span> <span class='ocrx_word' id='word_1_407' title='bbox 1135 4212 1302 4267; x_wconf 89' lang='lat' dir='ltr'><strong>quam</strong></span> <span class='ocrx_word' id='word_1_408' title='bbox 1352 4179 1649 4270; x_wconf 89' lang='lat' dir='ltr'><strong>plurimum</strong></span> <span class='ocrx_word' id='word_1_409' title='bbox 1674 4202 1798 4258; x_wconf 89' lang='lat' dir='ltr'><strong>aliis</strong></span> <span class='ocrx_word' id='word_1_410' title='bbox 1836 4179 2094 4274; x_wconf 61' lang='lat' dir='ltr'><strong>praemi-</strong></span> 
     </span>
    </p>
   </div>
   <div class='ocr_carea' id='block_1_60' title="bbox 506 4296 750 4344">
    <p class='ocr_par' dir='ltr' id='par_1_60' title="bbox 506 4296 750 4344">
     <span class='ocr_line' id='line_1_60' title="bbox 506 4296 750 4344; baseline -0.012 0"><span class='ocrx_word' id='word_1_411' title='bbox 506 4296 750 4344; x_wconf 74' lang='lat' dir='ltr'><strong>nantem.</strong></span> 
     </span>
    </p>
   </div>
   <div class='ocr_carea' id='block_1_61' title="bbox 581 4380 2093 4456">
    <p class='ocr_par' dir='ltr' id='par_1_61' title="bbox 581 4380 2093 4456">
     <span class='ocr_line' id='line_1_61' title="bbox 581 4380 2093 4456; baseline 0.006 -21"><span class='ocrx_word' id='word_1_412' title='bbox 581 4380 715 4435; x_wconf 82' lang='lat' dir='ltr'><strong>Item</strong></span> <span class='ocrx_word' id='word_1_413' title='bbox 763 4389 980 4452; x_wconf 88' lang='lat' dir='ltr'><strong>oportet</strong></span> <span class='ocrx_word' id='word_1_414' title='bbox 1034 4380 1173 4436; x_wconf 90' lang='lat' dir='ltr'><strong>bene</strong></span> <span class='ocrx_word' id='word_1_415' title='bbox 1205 4383 1447 4438; x_wconf 90' lang='lat' dir='ltr'><strong>omnium</strong></span> <span class='ocrx_word' id='word_1_416' title='bbox 1477 4383 1913 4456; x_wconf 89' lang='lat' dir='ltr'><strong>dominaturam,</strong></span> <span class='ocrx_word' id='word_1_417' title='bbox 1942 4389 2093 4445; x_wconf 88' lang='lat' dir='ltr'><strong>nullo</strong></span> 
     </span>
    </p>
   </div>
   <div class='ocr_carea' id='block_1_62' title="bbox 509 4473 2091 4546">
    <p class='ocr_par' dir='ltr' id='par_1_62' title="bbox 509 4473 2091 4546">
     <span class='ocr_line' id='line_1_62' title="bbox 509 4473 2091 4546; baseline 0.006 -20"><span class='ocrx_word' id='word_1_418' title='bbox 509 4473 677 4526; x_wconf 87' lang='lat' dir='ltr'><strong>modo</strong></span> <span class='ocrx_word' id='word_1_419' title='bbox 719 4473 990 4528; x_wconf 81' lang='lat' dir='ltr'><strong>subditam</strong></span> <span class='ocrx_word' id='word_1_420' title='bbox 1039 4488 1162 4528; x_wconf 87' lang='lat' dir='ltr'><strong>esse</strong></span> <span class='ocrx_word' id='word_1_421' title='bbox 1192 4477 1475 4545; x_wconf 90' lang='lat' dir='ltr'><strong>temporali</strong></span> <span class='ocrx_word' id='word_1_422' title='bbox 1507 4479 1768 4533; x_wconf 87' lang='lat' dir='ltr'><strong>dominio.</strong></span> <span class='ocrx_word' id='word_1_423' title='bbox 1821 4481 2091 4546; x_wconf 86' lang='lat' dir='ltr'><strong>Quoniam</strong></span> 
     </span>
    </p>
   </div>
   <div class='ocr_carea' id='block_1_63' title="bbox 507 4563 2088 4638">
    <p class='ocr_par' dir='ltr' id='par_1_63' title="bbox 507 4563 2088 4638">
     <span class='ocr_line' id='line_1_63' title="bbox 507 4563 2088 4638; baseline 0.007 -22"><span class='ocrx_word' id='word_1_424' title='bbox 507 4565 655 4617; x_wconf 84' lang='lat' dir='ltr'><strong>enim</strong></span> <span class='ocrx_word' id='word_1_425' title='bbox 709 4563 850 4620; x_wconf 86' lang='lat' dir='ltr'><strong>facta</strong></span> <span class='ocrx_word' id='word_1_426' title='bbox 890 4565 1147 4620; x_wconf 84' lang='lat' dir='ltr'><strong>Ecclesiae</strong></span> <span class='ocrx_word' id='word_1_427' title='bbox 1182 4571 1615 4638; x_wconf 89' lang='lat' dir='ltr'><strong>correspondent</strong></span> <span class='ocrx_word' id='word_1_428' title='bbox 1673 4571 1888 4634; x_wconf 86' lang='lat' dir='ltr'><strong>animae,</strong></span> <span class='ocrx_word' id='word_1_429' title='bbox 1951 4581 2088 4626; x_wconf 91' lang='lat' dir='ltr'><strong>tem-</strong></span> 
     </span>
    </p>
   </div>
   <div class='ocr_carea' id='block_1_64' title="bbox 2197 1977 3764 2046">
    <p class='ocr_par' dir='ltr' id='par_1_64' title="bbox 2197 1977 3764 2046">
     <span class='ocr_line' id='line_1_64' title="bbox 2197 1977 3764 2046; baseline -0.001 -13"><span class='ocrx_word' id='word_1_430' title='bbox 2197 1982 2330 2034; x_wconf 91' lang='lat' dir='ltr'><strong>mini</strong></span> <span class='ocrx_word' id='word_1_431' title='bbox 2361 1981 2424 2032; x_wconf 89' lang='lat' dir='ltr'><strong>ad</strong></span> <span class='ocrx_word' id='word_1_432' title='bbox 2462 1977 2705 2042; x_wconf 81' lang='lat' dir='ltr'><strong>Petrum,</strong></span> <span class='ocrx_word' id='word_1_433' title='bbox 2765 1977 2992 2033; x_wconf 65' lang='lat' dir='ltr'><strong>subditm</strong></span> <span class='ocrx_word' id='word_1_434' title='bbox 3025 1977 3072 2032; x_wconf 91' lang='lat' dir='ltr'><strong>ei</strong></span> <span class='ocrx_word' id='word_1_435' title='bbox 3099 1985 3287 2046; x_wconf 81' lang='lat' dir='ltr'><strong>gentes</strong></span> <span class='ocrx_word' id='word_1_436' title='bbox 3346 1977 3764 2031; x_wconf 81' lang='lat' dir='ltr'><strong>contremiscunt</strong></span> 
     </span>
    </p>
   </div>
   <div class='ocr_carea' id='block_1_65' title="bbox 2194 2069 3763 2140">
    <p class='ocr_par' dir='ltr' id='par_1_65' title="bbox 2194 2069 3763 2140">
     <span class='ocr_line' id='line_1_65' title="bbox 2194 2069 3763 2140; baseline -0.003 -12"><span class='ocrx_word' id='word_1_437' title='bbox 2194 2089 2313 2128; x_wconf 90' lang='lat' dir='ltr'><strong>eam</strong></span> <span class='ocrx_word' id='word_1_438' title='bbox 2345 2082 2398 2128; x_wconf 89' lang='lat' dir='ltr'><strong>et</strong></span> <span class='ocrx_word' id='word_1_439' title='bbox 2439 2081 2728 2138; x_wconf 84' lang='lat' dir='ltr'><strong>metuunt,</strong></span> <span class='ocrx_word' id='word_1_440' title='bbox 2775 2082 2828 2126; x_wconf 91' lang='lat' dir='ltr'><strong>et</strong></span> <span class='ocrx_word' id='word_1_441' title='bbox 2857 2071 2926 2125; x_wconf 90' lang='lat' dir='ltr'><strong>ab</strong></span> <span class='ocrx_word' id='word_1_442' title='bbox 2965 2072 3080 2140; x_wconf 86' lang='lat' dir='ltr'><strong>ipsa</strong></span> <span class='ocrx_word' id='word_1_443' title='bbox 3110 2069 3388 2125; x_wconf 83' lang='lat' dir='ltr'><strong>discedere</strong></span> <span class='ocrx_word' id='word_1_444' title='bbox 3416 2086 3446 2124; x_wconf 89' lang='lat' dir='ltr'><strong>a</strong></span> <span class='ocrx_word' id='word_1_445' title='bbox 3501 2071 3608 2124; x_wconf 88' lang='lat' dir='ltr'><strong>Deo</strong></span> <span class='ocrx_word' id='word_1_446' title='bbox 3655 2071 3763 2125; x_wconf 86' lang='lat' dir='ltr'><strong>dis-</strong></span> 
     </span>
    </p>
   </div>
   <div class='ocr_carea' id='block_1_66' title="bbox 2195 2162 3759 2232">
    <p class='ocr_par' dir='ltr' id='par_1_66' title="bbox 2195 2162 3759 2232">
     <span class='ocr_line' id='line_1_66' title="bbox 2195 2162 3759 2232; baseline -0.003 -12"><span class='ocrx_word' id='word_1_447' title='bbox 2195 2167 2386 2220; x_wconf 89' lang='lat' dir='ltr'><strong>cedere</strong></span> <span class='ocrx_word' id='word_1_448' title='bbox 2410 2178 2552 2229; x_wconf 83' lang='lat' dir='ltr'><strong>csse,</strong></span> <span class='ocrx_word' id='word_1_449' title='bbox 2573 2165 2772 2218; x_wconf 80' lang='lat' dir='ltr'><strong>virtute</strong></span> <span class='ocrx_word' id='word_1_450' title='bbox 2797 2162 3010 2218; x_wconf 90' lang='lat' dir='ltr'><strong>illorum</strong></span> <span class='ocrx_word' id='word_1_451' title='bbox 3045 2162 3329 2218; x_wconf 89' lang='lat' dir='ltr'><strong>verborum</strong></span> <span class='ocrx_word' id='word_1_452' title='bbox 3349 2177 3536 2217; x_wconf 86' lang='lat' dir='ltr'><strong>omnes</strong></span> <span class='ocrx_word' id='word_1_453' title='bbox 3556 2171 3759 2232; x_wconf 87' lang='lat' dir='ltr'><strong>putant.</strong></span> 
     </span>
    </p>
   </div>
   <div class='ocr_carea' id='block_1_67' title="bbox 2266 2255 3763 2326">
    <p class='ocr_par' dir='ltr' id='par_1_67' title="bbox 2266 2255 3763 2326">
     <span class='ocr_line' id='line_1_67' title="bbox 2266 2255 3763 2326; baseline -0.003 -12"><span class='ocrx_word' id='word_1_454' title='bbox 2266 2257 2402 2314; x_wconf 88' lang='lat' dir='ltr'><strong>Item</strong></span> <span class='ocrx_word' id='word_1_455' title='bbox 2433 2257 2478 2312; x_wconf 93' lang='lat' dir='ltr'><strong>si</strong></span> <span class='ocrx_word' id='word_1_456' title='bbox 2512 2257 2883 2325; x_wconf 87' lang='lat' dir='ltr'><strong>perquiratur,</strong></span> <span class='ocrx_word' id='word_1_457' title='bbox 2941 2269 3191 2325; x_wconf 83' lang='lat' dir='ltr'><strong>quamam</strong></span> <span class='ocrx_word' id='word_1_458' title='bbox 3231 2255 3342 2310; x_wconf 89' lang='lat' dir='ltr'><strong>sint</strong></span> <span class='ocrx_word' id='word_1_459' title='bbox 3369 2271 3604 2326; x_wconf 83' lang='lat' dir='ltr'><strong>congrua</strong></span> <span class='ocrx_word' id='word_1_460' title='bbox 3634 2271 3763 2325; x_wconf 85' lang='lat' dir='ltr'><strong>epe-</strong></span> 
     </span>
    </p>
   </div>
   <div class='ocr_carea' id='block_1_68' title="bbox 2194 2347 3761 2414">
    <p class='ocr_par' dir='ltr' id='par_1_68' title="bbox 2194 2347 3761 2414">
     <span class='ocr_line' id='line_1_68' title="bbox 2194 2347 3761 2414; baseline -0.003 -7"><span class='ocrx_word' id='word_1_461' title='bbox 2194 2367 2250 2407; x_wconf 90' lang='lat' dir='ltr'><strong>ra</strong></span> <span class='ocrx_word' id='word_1_462' title='bbox 2292 2349 2552 2405; x_wconf 90' lang='lat' dir='ltr'><strong>divinitus</strong></span> <span class='ocrx_word' id='word_1_463' title='bbox 2581 2349 2827 2403; x_wconf 86' lang='lat' dir='ltr'><strong>omnium</strong></span> <span class='ocrx_word' id='word_1_464' title='bbox 2854 2347 3192 2404; x_wconf 83' lang='lat' dir='ltr'><strong>dominantis</strong></span> <span class='ocrx_word' id='word_1_465' title='bbox 3224 2348 3494 2414; x_wconf 74' lang='lat' dir='ltr'><strong>Ecclesiae,</strong></span> <span class='ocrx_word' id='word_1_466' title='bbox 3530 2349 3761 2404; x_wconf 87' lang='lat' dir='ltr'><strong>inveniet</strong></span> 
     </span>
    </p>
   </div>
   <div class='ocr_carea' id='block_1_69' title="bbox 2191 2439 3759 2511">
    <p class='ocr_par' dir='ltr' id='par_1_69' title="bbox 2191 2439 3759 2511">
     <span class='ocr_line' id='line_1_69' title="bbox 2191 2439 3759 2511; baseline -0.002 -14"><span class='ocrx_word' id='word_1_467' title='bbox 2191 2442 2382 2497; x_wconf 89' lang='lat' dir='ltr'><strong>eadem</strong></span> <span class='ocrx_word' id='word_1_468' title='bbox 2419 2441 2535 2511; x_wconf 87' lang='lat' dir='ltr'><strong>ipsa</strong></span> <span class='ocrx_word' id='word_1_469' title='bbox 2563 2449 2616 2495; x_wconf 88' lang='lat' dir='ltr'><strong>et</strong></span> <span class='ocrx_word' id='word_1_470' title='bbox 2645 2440 2925 2494; x_wconf 64' lang='lat' dir='ltr'><strong>Romanae.</strong></span> <span class='ocrx_word' id='word_1_471' title='bbox 2993 2441 3214 2509; x_wconf 92' lang='lat' dir='ltr'><strong>Oportet</strong></span> <span class='ocrx_word' id='word_1_472' title='bbox 3242 2440 3386 2493; x_wconf 83' lang='lat' dir='ltr'><strong>enim</strong></span> <span class='ocrx_word' id='word_1_473' title='bbox 3418 2439 3590 2509; x_wconf 89' lang='lat' dir='ltr'><strong>primo</strong></span> <span class='ocrx_word' id='word_1_474' title='bbox 3625 2450 3759 2494; x_wconf 83' lang='lat' dir='ltr'><strong>nutu</strong></span> 
     </span>
    </p>
   </div>
   <div class='ocr_carea' id='block_1_70' title="bbox 2193 2531 3758 2603">
    <p class='ocr_par' dir='ltr' id='par_1_70' title="bbox 2193 2531 3758 2603">
     <span class='ocr_line' id='line_1_70' title="bbox 2193 2531 3758 2603; baseline -0.003 -14"><span class='ocrx_word' id='word_1_475' title='bbox 2193 2535 2386 2590; x_wconf 90' lang='lat' dir='ltr'><strong>divino</strong></span> <span class='ocrx_word' id='word_1_476' title='bbox 2419 2533 2665 2588; x_wconf 90' lang='lat' dir='ltr'><strong>omnium</strong></span> <span class='ocrx_word' id='word_1_477' title='bbox 2724 2532 3098 2587; x_wconf 86' lang='lat' dir='ltr'><strong>dominantem</strong></span> <span class='ocrx_word' id='word_1_478' title='bbox 3138 2531 3428 2603; x_wconf 89' lang='lat' dir='ltr'><strong>plurimum</strong></span> <span class='ocrx_word' id='word_1_479' title='bbox 3454 2547 3574 2587; x_wconf 82' lang='lat' dir='ltr'><strong>esse</strong></span> <span class='ocrx_word' id='word_1_480' title='bbox 3609 2531 3758 2587; x_wconf 87' lang='lat' dir='ltr'><strong>solli-</strong></span> 
     </span>
    </p>
   </div>
   <div class='ocr_carea' id='block_1_71' title="bbox 2196 2625 3760 2696">
    <p class='ocr_par' dir='ltr' id='par_1_71' title="bbox 2196 2625 3760 2696">
     <span class='ocr_line' id='line_1_71' title="bbox 2196 2625 3760 2696; baseline -0.001 -14"><span class='ocrx_word' id='word_1_481' title='bbox 2196 2629 2387 2694; x_wconf 86' lang='lat' dir='ltr'><strong>citam,</strong></span> <span class='ocrx_word' id='word_1_482' title='bbox 2410 2635 2469 2682; x_wconf 86' lang='lat' dir='ltr'><strong>ttt</strong></span> <span class='ocrx_word' id='word_1_483' title='bbox 2506 2626 2707 2695; x_wconf 85' lang='lat' dir='ltr'><strong>ubique</strong></span> <span class='ocrx_word' id='word_1_484' title='bbox 2737 2635 2790 2680; x_wconf 93' lang='lat' dir='ltr'><strong>et</strong></span> <span class='ocrx_word' id='word_1_485' title='bbox 2816 2625 3071 2680; x_wconf 88' lang='lat' dir='ltr'><strong>omnibus</strong></span> <span class='ocrx_word' id='word_1_486' title='bbox 3099 2636 3153 2680; x_wconf 87' lang='lat' dir='ltr'><strong>et</strong></span> <span class='ocrx_word' id='word_1_487' title='bbox 3183 2641 3398 2696; x_wconf 89' lang='lat' dir='ltr'><strong>semper</strong></span> <span class='ocrx_word' id='word_1_488' title='bbox 3423 2625 3760 2696; x_wconf 84' lang='lat' dir='ltr'><strong>evangelicus</strong></span> 
     </span>
    </p>
   </div>
   <div class='ocr_carea' id='block_1_72' title="bbox 2189 2718 3760 2790">
    <p class='ocr_par' dir='ltr' id='par_1_72' title="bbox 2189 2718 3760 2790">
     <span class='ocr_line' id='line_1_72' title="bbox 2189 2718 3760 2790; baseline 0.001 -20"><span class='ocrx_word' id='word_1_489' title='bbox 2189 2719 2518 2790; x_wconf 71' lang='lat' dir='ltr'><strong>praedicetur</strong></span> <span class='ocrx_word' id='word_1_490' title='bbox 2575 2733 2776 2784; x_wconf 90' lang='lat' dir='ltr'><strong>sermo,</strong></span> <span class='ocrx_word' id='word_1_491' title='bbox 2827 2725 2886 2772; x_wconf 91' lang='lat' dir='ltr'><strong>ut</strong></span> <span class='ocrx_word' id='word_1_492' title='bbox 2914 2727 2969 2773; x_wconf 91' lang='lat' dir='ltr'><strong>et</strong></span> <span class='ocrx_word' id='word_1_493' title='bbox 2995 2719 3040 2774; x_wconf 90' lang='lat' dir='ltr'><strong>si</strong></span> <span class='ocrx_word' id='word_1_494' title='bbox 3074 2732 3180 2774; x_wconf 90' lang='lat' dir='ltr'><strong>non</strong></span> <span class='ocrx_word' id='word_1_495' title='bbox 3212 2718 3356 2773; x_wconf 85' lang='lat' dir='ltr'><strong>aliud</strong></span> <span class='ocrx_word' id='word_1_496' title='bbox 3383 2759 3398 2784; x_wconf 92' lang='lat'><strong>,</strong></span> <span class='ocrx_word' id='word_1_497' title='bbox 3435 2719 3527 2774; x_wconf 87' lang='lat' dir='ltr'><strong>sed</strong></span> <span class='ocrx_word' id='word_1_498' title='bbox 3557 2734 3618 2773; x_wconf 87' lang='lat' dir='ltr'><strong>ea</strong></span> <span class='ocrx_word' id='word_1_499' title='bbox 3640 2733 3760 2788; x_wconf 66' lang='lat' dir='ltr'><strong>quae</strong></span> 
     </span>
    </p>
   </div>
   <div class='ocr_carea' id='block_1_73' title="bbox 2189 2812 3761 2885">
    <p class='ocr_par' dir='ltr' id='par_1_73' title="bbox 2189 2812 3761 2885">
     <span class='ocr_line' id='line_1_73' title="bbox 2189 2812 3761 2885; baseline -0.003 -16"><span class='ocrx_word' id='word_1_500' title='bbox 2189 2815 2244 2870; x_wconf 90' lang='lat' dir='ltr'><strong>in</strong></span> <span class='ocrx_word' id='word_1_501' title='bbox 2281 2825 2533 2885; x_wconf 86' lang='lat' dir='ltr'><strong>promptu</strong></span> <span class='ocrx_word' id='word_1_502' title='bbox 2561 2822 2709 2880; x_wconf 89' lang='lat' dir='ltr'><strong>sunt,</strong></span> <span class='ocrx_word' id='word_1_503' title='bbox 2741 2821 2795 2868; x_wconf 90' lang='lat' dir='ltr'><strong>et</strong></span> <span class='ocrx_word' id='word_1_504' title='bbox 2827 2812 3006 2868; x_wconf 73' lang='lat' dir='ltr'><strong>eli‘erri</strong></span> <span class='ocrx_word' id='word_1_505' title='bbox 3033 2821 3261 2884; x_wconf 84' lang='lat' dir='ltr'><strong>possunt</strong></span> <span class='ocrx_word' id='word_1_506' title='bbox 3291 2821 3624 2869; x_wconf 81' lang='lat' dir='ltr'><strong>sacramenta</strong></span> <span class='ocrx_word' id='word_1_507' title='bbox 3658 2825 3761 2866; x_wconf 63' lang='lat' dir='ltr'><strong>no.</strong></span> 
     </span>
    </p>
   </div>
   <div class='ocr_carea' id='block_1_74' title="bbox 2191 2903 3762 2976">
    <p class='ocr_par' dir='ltr' id='par_1_74' title="bbox 2191 2903 3762 2976">
     <span class='ocr_line' id='line_1_74' title="bbox 2191 2903 3762 2976; baseline -0.003 -16"><span class='ocrx_word' id='word_1_508' title='bbox 2191 2915 2316 2960; x_wconf 66' lang='lat' dir='ltr'><strong>strae</strong></span> <span class='ocrx_word' id='word_1_509' title='bbox 2334 2905 2616 2976; x_wconf 76' lang='lat' dir='ltr'><strong>religionis</strong></span> <span class='ocrx_word' id='word_1_510' title='bbox 2641 2913 2693 2959; x_wconf 90' lang='lat' dir='ltr'><strong>et</strong></span> <span class='ocrx_word' id='word_1_511' title='bbox 2727 2904 2989 2960; x_wconf 89' lang='lat' dir='ltr'><strong>salutaria</strong></span> <span class='ocrx_word' id='word_1_512' title='bbox 3021 2903 3236 2960; x_wconf 88' lang='lat' dir='ltr'><strong>Domini</strong></span> <span class='ocrx_word' id='word_1_513' title='bbox 3253 2913 3534 2975; x_wconf 80' lang='lat' dir='ltr'><strong>-pra:cepta</strong></span> <span class='ocrx_word' id='word_1_514' title='bbox 3560 2912 3611 2960; x_wconf 93' lang='lat' dir='ltr'><strong>et</strong></span> <span class='ocrx_word' id='word_1_515' title='bbox 3631 2917 3762 2959; x_wconf 85' lang='lat' dir='ltr'><strong>con-</strong></span> 
     </span>
    </p>
   </div>
   <div class='ocr_carea' id='block_1_75' title="bbox 2194 2995 3759 3066">
    <p class='ocr_par' dir='ltr' id='par_1_75' title="bbox 2194 2995 3759 3066">
     <span class='ocr_line' id='line_1_75' title="bbox 2194 2995 3759 3066; baseline -0.003 -14"><span class='ocrx_word' id='word_1_516' title='bbox 2194 2997 2342 3059; x_wconf 89' lang='lat' dir='ltr'><strong>silia,</strong></span> <span class='ocrx_word' id='word_1_517' title='bbox 2375 3006 2428 3051; x_wconf 88' lang='lat' dir='ltr'><strong>et</strong></span> <span class='ocrx_word' id='word_1_518' title='bbox 2449 2997 2578 3066; x_wconf 86' lang='lat' dir='ltr'><strong>quid</strong></span> <span class='ocrx_word' id='word_1_519' title='bbox 2608 3013 2634 3047; x_wconf 68' lang='grc' dir='ltr'><strong><em>λ</em></strong></span> <span class='ocrx_word' id='word_1_520' title='bbox 2670 2997 2915 3066; x_wconf 86' lang='lat' dir='ltr'><strong>quolibet</strong></span> <span class='ocrx_word' id='word_1_521' title='bbox 2935 2995 3264 3066; x_wconf 81' lang='lat' dir='ltr'><strong>exigendum</strong></span> <span class='ocrx_word' id='word_1_522' title='bbox 3294 3005 3409 3062; x_wconf 88' lang='lat' dir='ltr'><strong>est,</strong></span> <span class='ocrx_word' id='word_1_523' title='bbox 3445 2996 3629 3051; x_wconf 90' lang='lat' dir='ltr'><strong>nullus</strong></span> <span class='ocrx_word' id='word_1_524' title='bbox 3660 2995 3759 3064; x_wconf 87' lang='lat' dir='ltr'><strong>qui</strong></span> 
     </span>
    </p>
   </div>
   <div class='ocr_carea' id='block_1_76' title="bbox 2190 3089 3758 3159">
    <p class='ocr_par' dir='ltr' id='par_1_76' title="bbox 2190 3089 3758 3159">
     <span class='ocr_line' id='line_1_76' title="bbox 2190 3089 3758 3159; baseline 0.002 -17"><span class='ocrx_word' id='word_1_525' title='bbox 2190 3104 2384 3158; x_wconf 82' lang='lat' dir='ltr'><strong>magno</strong></span> <span class='ocrx_word' id='word_1_526' title='bbox 2418 3089 2638 3143; x_wconf 87' lang='lat' dir='ltr'><strong>nomine</strong></span> <span class='ocrx_word' id='word_1_527' title='bbox 2666 3101 2925 3144; x_wconf 70' lang='lat' dir='ltr'><strong>censetur</strong></span> <span class='ocrx_word' id='word_1_528' title='bbox 2940 3097 2994 3144; x_wconf 90' lang='lat' dir='ltr'><strong>et</strong></span> <span class='ocrx_word' id='word_1_529' title='bbox 3023 3090 3204 3145; x_wconf 89' lang='lat' dir='ltr'><strong>divina</strong></span> <span class='ocrx_word' id='word_1_530' title='bbox 3239 3090 3359 3145; x_wconf 87' lang='lat' dir='ltr'><strong>luce</strong></span> <span class='ocrx_word' id='word_1_531' title='bbox 3382 3089 3624 3159; x_wconf 79' lang='lat' dir='ltr'><strong>signatus</strong></span> <span class='ocrx_word' id='word_1_532' title='bbox 3651 3098 3758 3152; x_wconf 80' lang='lat' dir='ltr'><strong>est,</strong></span> 
     </span>
    </p>
   </div>
   <div class='ocr_carea' id='block_1_77' title="bbox 2189 3181 3762 3253">
    <p class='ocr_par' dir='ltr' id='par_1_77' title="bbox 2189 3181 3762 3253">
     <span class='ocr_line' id='line_1_77' title="bbox 2189 3181 3762 3253; baseline -0.001 -18"><span class='ocrx_word' id='word_1_533' title='bbox 2189 3183 2418 3252; x_wconf 83' lang='lat' dir='ltr'><strong>ignoret.</strong></span> <span class='ocrx_word' id='word_1_534' title='bbox 2485 3181 2617 3234; x_wconf 81' lang='lat' dir='ltr'><strong>Item</strong></span> <span class='ocrx_word' id='word_1_535' title='bbox 2669 3182 3071 3248; x_wconf 87' lang='lat' dir='ltr'><strong>schismaticos,</strong></span> <span class='ocrx_word' id='word_1_536' title='bbox 3147 3191 3202 3237; x_wconf 86' lang='lat' dir='ltr'><strong>ct</strong></span> <span class='ocrx_word' id='word_1_537' title='bbox 3256 3198 3350 3253; x_wconf 90' lang='lat' dir='ltr'><strong>per</strong></span> <span class='ocrx_word' id='word_1_538' title='bbox 3401 3182 3652 3253; x_wconf 86' lang='lat' dir='ltr'><strong>epistolas</strong></span> <span class='ocrx_word' id='word_1_539' title='bbox 3707 3185 3762 3237; x_wconf 78' lang='lat' dir='ltr'><strong>et</strong></span> 
     </span>
    </p>
   </div>
   <div class='ocr_carea' id='block_1_78' title="bbox 2191 3273 3760 3348">
    <p class='ocr_par' dir='ltr' id='par_1_78' title="bbox 2191 3273 3760 3348">
     <span class='ocr_line' id='line_1_78' title="bbox 2191 3273 3760 3348; baseline 0 -19"><span class='ocrx_word' id='word_1_540' title='bbox 2191 3291 2284 3347; x_wconf 87' lang='lat' dir='ltr'><strong>per</strong></span> <span class='ocrx_word' id='word_1_541' title='bbox 2338 3273 2578 3339; x_wconf 90' lang='lat' dir='ltr'><strong>nuntios,</strong></span> <span class='ocrx_word' id='word_1_542' title='bbox 2635 3275 2731 3328; x_wconf 86' lang='lat' dir='ltr'><strong>niti</strong></span> <span class='ocrx_word' id='word_1_543' title='bbox 2791 3276 2858 3331; x_wconf 91' lang='lat' dir='ltr'><strong>ad</strong></span> <span class='ocrx_word' id='word_1_544' title='bbox 2918 3291 2981 3332; x_wconf 87' lang='lat' dir='ltr'><strong>se</strong></span> <span class='ocrx_word' id='word_1_545' title='bbox 3030 3291 3320 3344; x_wconf 87' lang='lat' dir='ltr'><strong>revocare,</strong></span> <span class='ocrx_word' id='word_1_546' title='bbox 3377 3276 3760 3348; x_wconf 81' lang='lat' dir='ltr'><strong>redarguendo,</strong></span> 
     </span>
    </p>
   </div>
   <div class='ocr_carea' id='block_1_79' title="bbox 2197 3365 3760 3439">
    <p class='ocr_par' dir='ltr' id='par_1_79' title="bbox 2197 3365 3760 3439">
     <span class='ocr_line' id='line_1_79' title="bbox 2197 3365 3760 3439; baseline 0.001 -18"><span class='ocrx_word' id='word_1_547' title='bbox 2197 3365 2553 3436; x_wconf 83' lang='lat' dir='ltr'><strong>increpando,</strong></span> <span class='ocrx_word' id='word_1_548' title='bbox 2609 3367 2977 3435; x_wconf 89' lang='lat' dir='ltr'><strong>admonendo,</strong></span> <span class='ocrx_word' id='word_1_549' title='bbox 3031 3369 3318 3435; x_wconf 89' lang='lat' dir='ltr'><strong>hortando,</strong></span> <span class='ocrx_word' id='word_1_550' title='bbox 3367 3369 3447 3425; x_wconf 84' lang='lat' dir='ltr'><strong>vel</strong></span> <span class='ocrx_word' id='word_1_551' title='bbox 3504 3369 3760 3439; x_wconf 77' lang='lat' dir='ltr'><strong>rogando,</strong></span> 
     </span>
    </p>
   </div>
   <div class='ocr_carea' id='block_1_80' title="bbox 2196 3456 3765 3530">
    <p class='ocr_par' dir='ltr' id='par_1_80' title="bbox 2196 3456 3765 3530">
     <span class='ocr_line' id='line_1_80' title="bbox 2196 3456 3765 3530; baseline 0.001 -20"><span class='ocrx_word' id='word_1_552' title='bbox 2196 3458 2410 3513; x_wconf 81' lang='lat' dir='ltr'><strong>aﬂlictis</strong></span> <span class='ocrx_word' id='word_1_553' title='bbox 2465 3456 2799 3516; x_wconf 83' lang='lat' dir='ltr'><strong>Christianis</strong></span> <span class='ocrx_word' id='word_1_554' title='bbox 2840 3475 2939 3530; x_wconf 92' lang='lat' dir='ltr'><strong>pro</strong></span> <span class='ocrx_word' id='word_1_555' title='bbox 2966 3475 3128 3530; x_wconf 89' lang='lat' dir='ltr'><strong>posse</strong></span> <span class='ocrx_word' id='word_1_556' title='bbox 3151 3460 3415 3514; x_wconf 80' lang='lat' dir='ltr'><strong>auxiliari</strong></span> <span class='ocrx_word' id='word_1_557' title='bbox 3443 3460 3688 3530; x_wconf 86' lang='lat' dir='ltr'><strong>pecunia,</strong></span> <span class='ocrx_word' id='word_1_558' title='bbox 3718 3459 3765 3514; x_wconf 91' lang='lat' dir='ltr'><strong>si</strong></span> 
     </span>
    </p>
   </div>
   <div class='ocr_carea' id='block_1_81' title="bbox 2197 3549 3764 3625">
    <p class='ocr_par' dir='ltr' id='par_1_81' title="bbox 2197 3549 3764 3625">
     <span class='ocr_line' id='line_1_81' title="bbox 2197 3549 3764 3625; baseline -0.002 -18"><span class='ocrx_word' id='word_1_559' title='bbox 2197 3555 2380 3620; x_wconf 87' lang='lat' dir='ltr'><strong>habet,</strong></span> <span class='ocrx_word' id='word_1_560' title='bbox 2411 3563 2465 3610; x_wconf 90' lang='lat' dir='ltr'><strong>et</strong></span> <span class='ocrx_word' id='word_1_561' title='bbox 2492 3571 2589 3625; x_wconf 91' lang='lat' dir='ltr'><strong>per</strong></span> <span class='ocrx_word' id='word_1_562' title='bbox 2614 3570 2671 3610; x_wconf 87' lang='lat' dir='ltr'><strong>se</strong></span> <span class='ocrx_word' id='word_1_563' title='bbox 2695 3562 2938 3624; x_wconf 81' lang='lat' dir='ltr'><strong>petentes</strong></span> <span class='ocrx_word' id='word_1_564' title='bbox 2969 3552 3229 3623; x_wconf 87' lang='lat' dir='ltr'><strong>adjuvare</strong></span> <span class='ocrx_word' id='word_1_565' title='bbox 3285 3552 3570 3616; x_wconf 87' lang='lat' dir='ltr'><strong>hortando,</strong></span> <span class='ocrx_word' id='word_1_566' title='bbox 3597 3559 3650 3605; x_wconf 88' lang='lat' dir='ltr'><strong>et</strong></span> <span class='ocrx_word' id='word_1_567' title='bbox 3679 3549 3764 3604; x_wconf 79' lang='lat' dir='ltr'><strong>in-</strong></span> 
     </span>
    </p>
   </div>
   <div class='ocr_carea' id='block_1_82' title="bbox 2188 3641 3764 3718">
    <p class='ocr_par' dir='ltr' id='par_1_82' title="bbox 2188 3641 3764 3718">
     <span class='ocr_line' id='line_1_82' title="bbox 2188 3641 3764 3718; baseline -0.003 -18"><span class='ocrx_word' id='word_1_568' title='bbox 2188 3646 2391 3718; x_wconf 89' lang='lat' dir='ltr'><strong>juriam</strong></span> <span class='ocrx_word' id='word_1_569' title='bbox 2455 3661 2649 3716; x_wconf 89' lang='lat' dir='ltr'><strong>passos</strong></span> <span class='ocrx_word' id='word_1_570' title='bbox 2693 3656 2749 3701; x_wconf 91' lang='lat' dir='ltr'><strong>et</strong></span> <span class='ocrx_word' id='word_1_571' title='bbox 2789 3645 2853 3698; x_wconf 92' lang='lat' dir='ltr'><strong>ad</strong></span> <span class='ocrx_word' id='word_1_572' title='bbox 2901 3659 3022 3698; x_wconf 89' lang='lat' dir='ltr'><strong>eam</strong></span> <span class='ocrx_word' id='word_1_573' title='bbox 3081 3642 3406 3713; x_wconf 79' lang='lat' dir='ltr'><strong>refugientes</strong></span> <span class='ocrx_word' id='word_1_574' title='bbox 3461 3641 3764 3707; x_wconf 82' lang='lat' dir='ltr'><strong>defendere,</strong></span> 
     </span>
    </p>
   </div>
   <div class='ocr_carea' id='block_1_83' title="bbox 2197 3736 3649 3809">
    <p class='ocr_par' dir='ltr' id='par_1_83' title="bbox 2197 3736 3649 3809">
     <span class='ocr_line' id='line_1_83' title="bbox 2197 3736 3649 3809; baseline -0.003 -16"><span class='ocrx_word' id='word_1_575' title='bbox 2197 3739 2439 3793; x_wconf 88' lang='lat' dir='ltr'><strong>omnium</strong></span> <span class='ocrx_word' id='word_1_576' title='bbox 2465 3747 2684 3809; x_wconf 85' lang='lat' dir='ltr'><strong>peccata</strong></span> <span class='ocrx_word' id='word_1_577' title='bbox 2712 3753 2930 3808; x_wconf 87' lang='lat' dir='ltr'><strong>quoquo</strong></span> <span class='ocrx_word' id='word_1_578' title='bbox 2965 3737 3125 3792; x_wconf 89' lang='lat' dir='ltr'><strong>modo</strong></span> <span class='ocrx_word' id='word_1_579' title='bbox 3157 3738 3426 3808; x_wconf 90' lang='lat' dir='ltr'><strong>corrigere</strong></span> <span class='ocrx_word' id='word_1_580' title='bbox 3444 3736 3649 3790; x_wconf 89' lang='lat' dir='ltr'><strong>conari.</strong></span> 
     </span>
    </p>
   </div>
   <div class='ocr_carea' id='block_1_84' title="bbox 2273 3827 3764 3898">
    <p class='ocr_par' dir='ltr' id='par_1_84' title="bbox 2273 3827 3764 3898">
     <span class='ocr_line' id='line_1_84' title="bbox 2273 3827 3764 3898; baseline 0 -16"><span class='ocrx_word' id='word_1_581' title='bbox 2273 3831 2342 3883; x_wconf 82' lang='lat' dir='ltr'><strong>At</strong></span> <span class='ocrx_word' id='word_1_582' title='bbox 2371 3829 2484 3884; x_wconf 69' lang='lat' dir='ltr'><strong>haec</strong></span> <span class='ocrx_word' id='word_1_583' title='bbox 2513 3829 2717 3894; x_wconf 81' lang='lat' dir='ltr'><strong>omnia,</strong></span> <span class='ocrx_word' id='word_1_584' title='bbox 2747 3837 2801 3883; x_wconf 92' lang='lat' dir='ltr'><strong>et</strong></span> <span class='ocrx_word' id='word_1_585' title='bbox 2830 3829 2879 3882; x_wconf 91' lang='lat' dir='ltr'><strong>si</strong></span> <span class='ocrx_word' id='word_1_586' title='bbox 2911 3828 3054 3898; x_wconf 89' lang='lat' dir='ltr'><strong>quod</strong></span> <span class='ocrx_word' id='word_1_587' title='bbox 3085 3828 3314 3882; x_wconf 84' lang='lat' dir='ltr'><strong>alterum</strong></span> <span class='ocrx_word' id='word_1_588' title='bbox 3352 3827 3591 3898; x_wconf 81' lang='lat' dir='ltr'><strong>legaliter</strong></span> <span class='ocrx_word' id='word_1_589' title='bbox 3615 3827 3764 3897; x_wconf 87' lang='lat' dir='ltr'><strong>prin-</strong></span> 
     </span>
    </p>
   </div>
   <div class='ocr_carea' id='block_1_85' title="bbox 2197 3918 3760 3992">
    <p class='ocr_par' dir='ltr' id='par_1_85' title="bbox 2197 3918 3760 3992">
     <span class='ocr_line' id='line_1_85' title="bbox 2197 3918 3760 3992; baseline -0.001 -16"><span class='ocrx_word' id='word_1_590' title='bbox 2197 3921 2403 3991; x_wconf 89' lang='lat' dir='ltr'><strong>cipanti</strong></span> <span class='ocrx_word' id='word_1_591' title='bbox 2443 3923 2720 3992; x_wconf 85' lang='lat' dir='ltr'><strong>congruit,</strong></span> <span class='ocrx_word' id='word_1_592' title='bbox 2760 3936 2974 3976; x_wconf 90' lang='lat' dir='ltr'><strong>summe</strong></span> <span class='ocrx_word' id='word_1_593' title='bbox 3028 3920 3274 3975; x_wconf 82' lang='lat' dir='ltr'><strong>Romana</strong></span> <span class='ocrx_word' id='word_1_594' title='bbox 3305 3918 3546 3977; x_wconf 80' lang='lat' dir='ltr'><strong>Ecclesia</strong></span> <span class='ocrx_word' id='word_1_595' title='bbox 3578 3919 3760 3975; x_wconf 82' lang='lat' dir='ltr'><strong>facere</strong></span> 
     </span>
    </p>
   </div>
   <div class='ocr_carea' id='block_1_86' title="bbox 2194 4011 3767 4081">
    <p class='ocr_par' dir='ltr' id='par_1_86' title="bbox 2194 4011 3767 4081">
     <span class='ocr_line' id='line_1_86' title="bbox 2194 4011 3767 4081; baseline -0.001 -14"><span class='ocrx_word' id='word_1_596' title='bbox 2194 4014 2432 4068; x_wconf 88' lang='lat' dir='ltr'><strong>videtur.</strong></span> <span class='ocrx_word' id='word_1_597' title='bbox 2469 4014 2585 4067; x_wconf 70' lang='lat' dir='ltr'><strong>Alia</strong></span> <span class='ocrx_word' id='word_1_598' title='bbox 2623 4027 2752 4068; x_wconf 90' lang='lat' dir='ltr'><strong>vero</strong></span> <span class='ocrx_word' id='word_1_599' title='bbox 2776 4014 2928 4068; x_wconf 89' lang='lat' dir='ltr'><strong>orbis</strong></span> <span class='ocrx_word' id='word_1_600' title='bbox 2963 4011 3341 4068; x_wconf 46' lang='lat' dir='ltr'><strong>Ecclesiarum‘</strong></span> <span class='ocrx_word' id='word_1_601' title='bbox 3362 4011 3505 4066; x_wconf 90' lang='lat' dir='ltr'><strong>nulla</strong></span> <span class='ocrx_word' id='word_1_602' title='bbox 3527 4023 3629 4078; x_wconf 82' lang='lat' dir='ltr'><strong>est,</strong></span> <span class='ocrx_word' id='word_1_603' title='bbox 3647 4027 3767 4081; x_wconf 67' lang='lat' dir='ltr'><strong>quae.</strong></span> 
     </span>
    </p>
   </div>
   <div class='ocr_carea' id='block_1_87' title="bbox 2199 4103 3768 4173">
    <p class='ocr_par' dir='ltr' id='par_1_87' title="bbox 2199 4103 3768 4173">
     <span class='ocr_line' id='line_1_87' title="bbox 2199 4103 3768 4173; baseline 0 -15"><span class='ocrx_word' id='word_1_604' title='bbox 2199 4105 2399 4160; x_wconf 88' lang='lat' dir='ltr'><strong>habeat</strong></span> <span class='ocrx_word' id='word_1_605' title='bbox 2434 4115 2487 4158; x_wconf 92' lang='lat' dir='ltr'><strong>et</strong></span> <span class='ocrx_word' id='word_1_606' title='bbox 2525 4106 2692 4159; x_wconf 80' lang='lat' dir='ltr'><strong>faciat</strong></span> <span class='ocrx_word' id='word_1_607' title='bbox 2719 4119 3061 4173; x_wconf 76' lang='lat' dir='ltr'><strong>quaecunque</strong></span> <span class='ocrx_word' id='word_1_608' title='bbox 3094 4113 3370 4173; x_wconf 89' lang='lat' dir='ltr'><strong>oporteret</strong></span> <span class='ocrx_word' id='word_1_609' title='bbox 3399 4103 3654 4158; x_wconf 87' lang='lat' dir='ltr'><strong>divinitus</strong></span> <span class='ocrx_word' id='word_1_610' title='bbox 3675 4105 3768 4158; x_wconf 90' lang='lat' dir='ltr'><strong>do-</strong></span> 
     </span>
    </p>
   </div>
   <div class='ocr_carea' id='block_1_88' title="bbox 2201 4196 3069 4252">
    <p class='ocr_par' dir='ltr' id='par_1_88' title="bbox 2201 4196 3069 4252">
     <span class='ocr_line' id='line_1_88' title="bbox 2201 4196 3069 4252; baseline 0.001 -2"><span class='ocrx_word' id='word_1_611' title='bbox 2201 4199 2527 4252; x_wconf 89' lang='lat' dir='ltr'><strong>minaturam</strong></span> <span class='ocrx_word' id='word_1_612' title='bbox 2563 4199 2760 4251; x_wconf 80' lang='lat' dir='ltr'><strong>habere</strong></span> <span class='ocrx_word' id='word_1_613' title='bbox 2785 4207 2837 4249; x_wconf 92' lang='lat' dir='ltr'><strong>et</strong></span> <span class='ocrx_word' id='word_1_614' title='bbox 2869 4196 3069 4251; x_wconf 83' lang='lat' dir='ltr'><strong>facere.</strong></span> 
     </span>
    </p>
   </div>
   <div class='ocr_carea' id='block_1_89' title="bbox 2274 4275 3770 4360">
    <p class='ocr_par' dir='ltr' id='par_1_89' title="bbox 2274 4275 3770 4360">
     <span class='ocr_line' id='line_1_89' title="bbox 2274 4275 3770 4360; baseline 0.003 -22"><span class='ocrx_word' id='word_1_615' title='bbox 2274 4291 2540 4358; x_wconf 69' lang='lat' dir='ltr'><strong>Quendam</strong></span> <span class='ocrx_word' id='word_1_616' title='bbox 2577 4308 2707 4360; x_wconf 86' lang='lat' dir='ltr'><strong>ergo</strong></span> <span class='ocrx_word' id='word_1_617' title='bbox 2742 4305 2966 4344; x_wconf 83' lang='lat' dir='ltr'><strong>movens</strong></span> <span class='ocrx_word' id='word_1_618' title='bbox 3017 4305 3165 4344; x_wconf 85' lang='lat' dir='ltr'><strong>meas</strong></span> <span class='ocrx_word' id='word_1_619' title='bbox 3208 4290 3586 4358; x_wconf 87' lang='lat' dir='ltr'><strong>cogitationes,</strong></span> <span class='ocrx_word' id='word_1_620' title='bbox 3621 4275 3770 4342; x_wconf 81' lang='lat' dir='ltr'><strong>undi-</strong></span> 
     </span>
    </p>
   </div>
   <div class='ocr_carea' id='block_1_90' title="bbox 2200 4383 3768 4455">
    <p class='ocr_par' dir='ltr' id='par_1_90' title="bbox 2200 4383 3768 4455">
     <span class='ocr_line' id='line_1_90' title="bbox 2200 4383 3768 4455; baseline -0.001 -17"><span class='ocrx_word' id='word_1_621' title='bbox 2200 4401 2307 4455; x_wconf 79' lang='lat' dir='ltr'><strong>que</strong></span> <span class='ocrx_word' id='word_1_622' title='bbox 2335 4384 2552 4438; x_wconf 79' lang='lat' dir='ltr'><strong>invenio</strong></span> <span class='ocrx_word' id='word_1_623' title='bbox 2579 4399 2674 4452; x_wconf 88' lang='lat' dir='ltr'><strong>per</strong></span> <span class='ocrx_word' id='word_1_624' title='bbox 2710 4383 2889 4436; x_wconf 78' lang='lat' dir='ltr'><strong>oninia</strong></span> <span class='ocrx_word' id='word_1_625' title='bbox 2926 4384 3119 4436; x_wconf 86' lang='lat' dir='ltr'><strong>melius</strong></span> <span class='ocrx_word' id='word_1_626' title='bbox 3137 4398 3273 4446; x_wconf 86' lang='lat' dir='ltr'><strong>esse,</strong></span> <span class='ocrx_word' id='word_1_627' title='bbox 3299 4395 3354 4436; x_wconf 90' lang='lat' dir='ltr'><strong>ut</strong></span> <span class='ocrx_word' id='word_1_628' title='bbox 3379 4384 3449 4437; x_wconf 88' lang='lat' dir='ltr'><strong>sit</strong></span> <span class='ocrx_word' id='word_1_629' title='bbox 3468 4383 3647 4442; x_wconf 88' lang='lat' dir='ltr'><strong>aliqua</strong></span> <span class='ocrx_word' id='word_1_630' title='bbox 3672 4384 3768 4436; x_wconf 84' lang='lat' dir='ltr'><strong>Ec-</strong></span> 
     </span>
    </p>
   </div>
   <div class='ocr_carea' id='block_1_91' title="bbox 2201 4473 3768 4544">
    <p class='ocr_par' dir='ltr' id='par_1_91' title="bbox 2201 4473 3768 4544">
     <span class='ocr_line' id='line_1_91' title="bbox 2201 4473 3768 4544; baseline -0.004 -12"><span class='ocrx_word' id='word_1_631' title='bbox 2201 4477 2388 4538; x_wconf 88' lang='lat' dir='ltr'><strong>clesia,</strong></span> <span class='ocrx_word' id='word_1_632' title='bbox 2431 4475 2532 4530; x_wconf 90' lang='lat' dir='ltr'><strong>sub</strong></span> <span class='ocrx_word' id='word_1_633' title='bbox 2562 4491 2667 4544; x_wconf 85' lang='lat' dir='ltr'><strong>qua</strong></span> <span class='ocrx_word' id='word_1_634' title='bbox 2717 4475 2835 4528; x_wconf 70' lang='lat' dir='ltr'><strong>aliae</strong></span> <span class='ocrx_word' id='word_1_635' title='bbox 2865 4474 3128 4529; x_wconf 70' lang='lat' dir='ltr'><strong>ordinatae</strong></span> <span class='ocrx_word' id='word_1_636' title='bbox 3177 4473 3306 4536; x_wconf 85' lang='lat' dir='ltr'><strong>sint,</strong></span> <span class='ocrx_word' id='word_1_637' title='bbox 3341 4483 3396 4528; x_wconf 89' lang='lat' dir='ltr'><strong>et</strong></span> <span class='ocrx_word' id='word_1_638' title='bbox 3430 4474 3522 4526; x_wconf 90' lang='lat' dir='ltr'><strong>bas</strong></span> <span class='ocrx_word' id='word_1_639' title='bbox 3552 4474 3768 4542; x_wconf 85' lang='lat' dir='ltr'><strong>perqui-</strong></span> 
     </span>
    </p>
   </div>
   <div class='ocr_carea' id='block_1_92' title="bbox 2199 4560 3772 4635">
    <p class='ocr_par' dir='ltr' id='par_1_92' title="bbox 2199 4560 3772 4635">
     <span class='ocr_line' id='line_1_92' title="bbox 2199 4560 3772 4635; baseline -0.003 -16"><span class='ocrx_word' id='word_1_640' title='bbox 2199 4583 2348 4632; x_wconf 81' lang='lat' dir='ltr'><strong>rens,</strong></span> <span class='ocrx_word' id='word_1_641' title='bbox 2379 4566 2552 4620; x_wconf 89' lang='lat' dir='ltr'><strong>solam</strong></span> <span class='ocrx_word' id='word_1_642' title='bbox 2612 4565 2771 4620; x_wconf 83' lang='lat' dir='ltr'><strong>video</strong></span> <span class='ocrx_word' id='word_1_643' title='bbox 2803 4563 3172 4617; x_wconf 76' lang='lat' dir='ltr'><strong>Romanmum</strong></span> <span class='ocrx_word' id='word_1_644' title='bbox 3233 4572 3288 4618; x_wconf 87' lang='lat' dir='ltr'><strong>et</strong></span> <span class='ocrx_word' id='word_1_645' title='bbox 3313 4563 3593 4618; x_wconf 83' lang='lat' dir='ltr'><strong>habentem</strong></span> <span class='ocrx_word' id='word_1_646' title='bbox 3619 4571 3671 4616; x_wconf 90' lang='lat' dir='ltr'><strong>et</strong></span> <span class='ocrx_word' id='word_1_647' title='bbox 3690 4560 3772 4635; x_wconf 69' lang='lat' dir='ltr'><strong>fa-</strong></span> 
     </span>
    </p>
   </div>
   <div class='ocr_carea' id='block_1_93' title="bbox 511 4655 2087 4736">
    <p class='ocr_par' dir='ltr' id='par_1_93' title="bbox 511 4655 2087 4730">
     <span class='ocr_line' id='line_1_93' title="bbox 511 4655 2087 4730; baseline 0.009 -23"><span class='ocrx_word' id='word_1_648' title='bbox 511 4655 698 4724; x_wconf 88' lang='lat' dir='ltr'><strong>porale</strong></span> <span class='ocrx_word' id='word_1_649' title='bbox 729 4671 860 4710; x_wconf 87' lang='lat' dir='ltr'><strong>vero</strong></span> <span class='ocrx_word' id='word_1_650' title='bbox 883 4658 1184 4711; x_wconf 85' lang='lat' dir='ltr'><strong>dominium</strong></span> <span class='ocrx_word' id='word_1_651' title='bbox 1220 4663 1470 4730; x_wconf 83' lang='lat' dir='ltr'><strong>corpori;</strong></span> <span class='ocrx_word' id='word_1_652' title='bbox 1501 4671 1554 4716; x_wconf 93' lang='lat' dir='ltr'><strong>et</strong></span> <span class='ocrx_word' id='word_1_653' title='bbox 1585 4670 1664 4716; x_wconf 89' lang='lat' dir='ltr'><strong>est</strong></span> <span class='ocrx_word' id='word_1_654' title='bbox 1701 4664 2087 4721; x_wconf 88' lang='lat' dir='ltr'><strong>condecentius</strong></span> 
     </span>
    </p>
   </div>
   <div class='ocr_carea' id='block_1_94' title="bbox 2194 4655 3764 4736">
    <p class='ocr_par' dir='ltr' id='par_1_94' title="bbox 2199 4655 3764 4727">
     <span class='ocr_line' id='line_1_94' title="bbox 2199 4655 3764 4727; baseline -0.005 -15"><span class='ocrx_word' id='word_1_655' title='bbox 2199 4659 2448 4723; x_wconf 71' lang='lat' dir='ltr'><strong>cientem,</strong></span> <span class='ocrx_word' id='word_1_656' title='bbox 2503 4673 2842 4727; x_wconf 62' lang='lat' dir='ltr'><strong>qmecunqste</strong></span> <span class='ocrx_word' id='word_1_657' title='bbox 2911 4664 3208 4725; x_wconf 67' lang='lat' dir='ltr'><strong>Oportet-et.</strong></span> <span class='ocrx_word' id='word_1_658' title='bbox 3265 4655 3448 4709; x_wconf 87' lang='lat' dir='ltr'><strong>divino</strong></span> <span class='ocrx_word' id='word_1_659' title='bbox 3506 4655 3764 4722; x_wconf 80' lang='lat' dir='ltr'><strong>benepla-</strong></span> 
     </span>
    </p>
   </div>
   <div class='ocr_carea' id='block_1_95' title="bbox 511 4747 2098 4822">
    <p class='ocr_par' dir='ltr' id='par_1_95' title="bbox 511 4747 2098 4822">
     <span class='ocr_line' id='line_1_95' title="bbox 511 4747 2098 4822; baseline 0.006 -21"><span class='ocrx_word' id='word_1_660' title='bbox 511 4747 752 4801; x_wconf 85' lang='lat' dir='ltr'><strong>animam</strong></span> <span class='ocrx_word' id='word_1_661' title='bbox 794 4749 1065 4803; x_wconf 89' lang='lat' dir='ltr'><strong>dominari</strong></span> <span class='ocrx_word' id='word_1_662' title='bbox 1096 4751 1336 4820; x_wconf 83' lang='lat' dir='ltr'><strong>corpori,</strong></span> <span class='ocrx_word' id='word_1_663' title='bbox 1370 4768 1535 4822; x_wconf 87' lang='lat' dir='ltr'><strong>quam</strong></span> <span class='ocrx_word' id='word_1_664' title='bbox 1565 4768 1594 4807; x_wconf 91' lang='lat' dir='ltr'><strong>e</strong></span> <span class='ocrx_word' id='word_1_665' title='bbox 1627 4768 1894 4808; x_wconf 84' lang='lat' dir='ltr'><strong>converso</strong></span> <span class='ocrx_word' id='word_1_666' title='bbox 1923 4773 1936 4808; x_wconf 89' lang='lat'><strong>:</strong></span> <span class='ocrx_word' id='word_1_667' title='bbox 1961 4772 2098 4810; x_wconf 91' lang='lat' dir='ltr'><strong>con-</strong></span> 
     </span>
    </p>
   </div>
   <div class='ocr_carea' id='block_1_96' title="bbox 514 4837 2094 4906">
    <p class='ocr_par' dir='ltr' id='par_1_96' title="bbox 514 4837 2094 4906">
     <span class='ocr_line' id='line_1_96' title="bbox 514 4837 2094 4906; baseline 0.008 -19"><span class='ocrx_word' id='word_1_668' title='bbox 514 4851 713 4904; x_wconf 75' lang='lat' dir='ltr'><strong>gruum</strong></span> <span class='ocrx_word' id='word_1_669' title='bbox 747 4837 936 4906; x_wconf 68' lang='lat' dir='ltr'><strong>utique</strong></span> <span class='ocrx_word' id='word_1_670' title='bbox 992 4847 1075 4894; x_wconf 90' lang='lat' dir='ltr'><strong>est</strong></span> <span class='ocrx_word' id='word_1_671' title='bbox 1106 4848 1158 4893; x_wconf 90' lang='lat' dir='ltr'><strong>et</strong></span> <span class='ocrx_word' id='word_1_672' title='bbox 1188 4843 1544 4902; x_wconf 84' lang='lat' dir='ltr'><strong>conveniens.</strong></span> <span class='ocrx_word' id='word_1_673' title='bbox 1581 4841 1952 4898; x_wconf 83' lang='lat' dir='ltr'><strong>Eeclesiarum</strong></span> <span class='ocrx_word' id='word_1_674' title='bbox 1994 4848 2094 4900; x_wconf 89' lang='lat' dir='ltr'><strong>do-</strong></span> 
     </span>
    </p>
   </div>
   <div class='ocr_carea' id='block_1_97' title="bbox 516 4927 2092 5005">
    <p class='ocr_par' dir='ltr' id='par_1_97' title="bbox 516 4927 2092 5005">
     <span class='ocr_line' id='line_1_97' title="bbox 516 4927 2092 5005; baseline 0.01 -27"><span class='ocrx_word' id='word_1_675' title='bbox 516 4927 748 4980; x_wconf 87' lang='lat' dir='ltr'><strong>minium</strong></span> <span class='ocrx_word' id='word_1_676' title='bbox 797 4929 950 4984; x_wconf 92' lang='lat' dir='ltr'><strong>nullo</strong></span> <span class='ocrx_word' id='word_1_677' title='bbox 983 4929 1147 4984; x_wconf 89' lang='lat' dir='ltr'><strong>modo</strong></span> <span class='ocrx_word' id='word_1_678' title='bbox 1184 4931 1468 4986; x_wconf 82' lang='lat' dir='ltr'><strong>subditum</strong></span> <span class='ocrx_word' id='word_1_679' title='bbox 1499 4948 1621 4987; x_wconf 89' lang='lat' dir='ltr'><strong>esse</strong></span> <span class='ocrx_word' id='word_1_680' title='bbox 1652 4935 1959 5005; x_wconf 89' lang='lat' dir='ltr'><strong>principum</strong></span> <span class='ocrx_word' id='word_1_681' title='bbox 1993 4939 2092 4994; x_wconf 90' lang='lat' dir='ltr'><strong>hu-</strong></span> 
     </span>
    </p>
   </div>
   <div class='ocr_carea' id='block_1_98' title="bbox 506 5017 1102 5087">
    <p class='ocr_par' dir='ltr' id='par_1_98' title="bbox 506 5017 1102 5087">
     <span class='ocr_line' id='line_1_98' title="bbox 506 5017 1102 5087; baseline 0.01 -18"><span class='ocrx_word' id='word_1_682' title='bbox 506 5017 598 5087; x_wconf 87' lang='lat' dir='ltr'><strong>jus</strong></span> <span class='ocrx_word' id='word_1_683' title='bbox 624 5021 808 5072; x_wconf 89' lang='lat' dir='ltr'><strong>tnundi</strong></span> <span class='ocrx_word' id='word_1_684' title='bbox 839 5021 1102 5075; x_wconf 88' lang='lat' dir='ltr'><strong>dominio.</strong></span> 
     </span>
    </p>
   </div>
   <div class='ocr_carea' id='block_1_99' title="bbox 581 5109 2093 5184">
    <p class='ocr_par' dir='ltr' id='par_1_99' title="bbox 581 5109 2093 5184">
     <span class='ocr_line' id='line_1_99' title="bbox 581 5109 2093 5184; baseline 0.011 -22"><span class='ocrx_word' id='word_1_685' title='bbox 581 5109 760 5164; x_wconf 91' lang='lat' dir='ltr'><strong>Etiam</strong></span> <span class='ocrx_word' id='word_1_686' title='bbox 797 5113 952 5178; x_wconf 85' lang='lat' dir='ltr'><strong>utile,</strong></span> <span class='ocrx_word' id='word_1_687' title='bbox 991 5125 1048 5169; x_wconf 90' lang='lat' dir='ltr'><strong>ut</strong></span> <span class='ocrx_word' id='word_1_688' title='bbox 1083 5130 1258 5184; x_wconf 89' lang='lat' dir='ltr'><strong>neque</strong></span> <span class='ocrx_word' id='word_1_689' title='bbox 1286 5125 1428 5171; x_wconf 87' lang='lat' dir='ltr'><strong>mcttt</strong></span> <span class='ocrx_word' id='word_1_690' title='bbox 1457 5115 1620 5170; x_wconf 88' lang='lat' dir='ltr'><strong>ullius</strong></span> <span class='ocrx_word' id='word_1_691' title='bbox 1652 5119 1878 5175; x_wconf 89' lang='lat' dir='ltr'><strong>dominii</strong></span> <span class='ocrx_word' id='word_1_692' title='bbox 1913 5123 2093 5178; x_wconf 89' lang='lat' dir='ltr'><strong>minus</strong></span> 
     </span>
    </p>
   </div>
   <div class='ocr_carea' id='block_1_100' title="bbox 512 5204 2091 5283">
    <p class='ocr_par' dir='ltr' id='par_1_100' title="bbox 512 5204 2091 5283">
     <span class='ocr_line' id='line_1_100' title="bbox 512 5204 2091 5283; baseline 0.007 -29"><span class='ocrx_word' id='word_1_693' title='bbox 512 5211 720 5256; x_wconf 81' lang='lat' dir='ltr'><strong>rectum</strong></span> <span class='ocrx_word' id='word_1_694' title='bbox 759 5204 940 5258; x_wconf 82' lang='lat' dir='ltr'><strong>facere</strong></span> <span class='ocrx_word' id='word_1_695' title='bbox 974 5206 1053 5258; x_wconf 76' lang='lat' dir='ltr'><strong>\el</strong></span> <span class='ocrx_word' id='word_1_696' title='bbox 1080 5209 1379 5262; x_wconf 71' lang='lat' dir='ltr'><strong>concedere</strong></span> <span class='ocrx_word' id='word_1_697' title='bbox 1412 5218 1661 5278; x_wconf 80' lang='lat' dir='ltr'><strong>cogatur,</strong></span> <span class='ocrx_word' id='word_1_698' title='bbox 1686 5228 1863 5281; x_wconf 83' lang='lat' dir='ltr'><strong>neque</strong></span> <span class='ocrx_word' id='word_1_699' title='bbox 1888 5214 2091 5283; x_wconf 84' lang='lat' dir='ltr'><strong>aliquis</strong></span> 
     </span>
    </p>
   </div>
   <div class='ocr_carea' id='block_1_101' title="bbox 510 5293 2098 5361">
    <p class='ocr_par' dir='ltr' id='par_1_101' title="bbox 510 5293 2098 5361">
     <span class='ocr_line' id='line_1_101' title="bbox 510 5293 2098 5361; baseline 0.011 -19"><span class='ocrx_word' id='word_1_700' title='bbox 510 5303 702 5345; x_wconf 83' lang='lat' dir='ltr'><strong>contra</strong></span> <span class='ocrx_word' id='word_1_701' title='bbox 735 5293 1071 5349; x_wconf 77' lang='lat' dir='ltr'><strong>voluntatem</strong></span> <span class='ocrx_word' id='word_1_702' title='bbox 1099 5297 1302 5361; x_wconf 87' lang='lat' dir='ltr'><strong>dejure</strong></span> <span class='ocrx_word' id='word_1_703' title='bbox 1324 5299 1622 5356; x_wconf 88' lang='lat' dir='ltr'><strong>electorum</strong></span> <span class='ocrx_word' id='word_1_704' title='bbox 1646 5303 1852 5360; x_wconf 87' lang='lat' dir='ltr'><strong>insiliat</strong></span> <span class='ocrx_word' id='word_1_705' title='bbox 1873 5307 2006 5361; x_wconf 88' lang='lat' dir='ltr'><strong>sedi.</strong></span> <span class='ocrx_word' id='word_1_706' title='bbox 2033 5309 2098 5359; x_wconf 76' lang='lat' dir='ltr'><strong>At</strong></span> 
     </span>
    </p>
   </div>
   <div class='ocr_carea' id='block_1_102' title="bbox 512 5378 2098 5459">
    <p class='ocr_par' dir='ltr' id='par_1_102' title="bbox 512 5378 2098 5459">
     <span class='ocr_line' id='line_1_102' title="bbox 512 5378 2098 5459; baseline 0.013 -30"><span class='ocrx_word' id='word_1_707' title='bbox 512 5393 642 5432; x_wconf 81' lang='lat' dir='ltr'><strong>vero</strong></span> <span class='ocrx_word' id='word_1_708' title='bbox 682 5378 926 5435; x_wconf 78' lang='lat' dir='ltr'><strong>Romana</strong></span> <span class='ocrx_word' id='word_1_709' title='bbox 978 5382 1220 5441; x_wconf 80' lang='lat' dir='ltr'><strong>Ecclesia</strong></span> <span class='ocrx_word' id='word_1_710' title='bbox 1253 5388 1379 5444; x_wconf 92' lang='lat' dir='ltr'><strong>olim</strong></span> <span class='ocrx_word' id='word_1_711' title='bbox 1411 5389 1514 5448; x_wconf 88' lang='lat' dir='ltr'><strong>hoc</strong></span> <span class='ocrx_word' id='word_1_712' title='bbox 1543 5393 1686 5448; x_wconf 88' lang='lat' dir='ltr'><strong>bono</strong></span> <span class='ocrx_word' id='word_1_713' title='bbox 1723 5396 1888 5449; x_wconf 78' lang='lat' dir='ltr'><strong>ditata</strong></span> <span class='ocrx_word' id='word_1_714' title='bbox 1917 5405 2019 5459; x_wconf 86' lang='lat' dir='ltr'><strong>est,</strong></span> <span class='ocrx_word' id='word_1_715' title='bbox 2045 5405 2098 5451; x_wconf 82' lang='lat' dir='ltr'><strong>et</strong></span> 
     </span>
    </p>
   </div>
   <div class='ocr_carea' id='block_1_103' title="bbox 2201 4746 3763 4813">
    <p class='ocr_par' dir='ltr' id='par_1_103' title="bbox 2201 4746 3763 4813">
     <span class='ocr_line' id='line_1_103' title="bbox 2201 4746 3763 4813; baseline -0.002 -10"><span class='ocrx_word' id='word_1_716' title='bbox 2201 4751 2332 4813; x_wconf 83' lang='lat' dir='ltr'><strong>cito,</strong></span> <span class='ocrx_word' id='word_1_717' title='bbox 2375 4750 2624 4802; x_wconf 91' lang='lat' dir='ltr'><strong>omnium</strong></span> <span class='ocrx_word' id='word_1_718' title='bbox 2677 4748 3083 4802; x_wconf 89' lang='lat' dir='ltr'><strong>dominaturam</strong></span> <span class='ocrx_word' id='word_1_719' title='bbox 3139 4755 3193 4801; x_wconf 89' lang='lat' dir='ltr'><strong>et</strong></span> <span class='ocrx_word' id='word_1_720' title='bbox 3214 4746 3412 4801; x_wconf 87' lang='lat' dir='ltr'><strong>habere</strong></span> <span class='ocrx_word' id='word_1_721' title='bbox 3461 4746 3763 4800; x_wconf 82' lang='lat' dir='ltr'><strong>etfacere:</strong></span> 
     </span>
    </p>
   </div>
   <div class='ocr_carea' id='block_1_104' title="bbox 2196 4837 3754 4910">
    <p class='ocr_par' dir='ltr' id='par_1_104' title="bbox 2196 4837 3754 4910">
     <span class='ocr_line' id='line_1_104' title="bbox 2196 4837 3754 4910; baseline -0.003 -15"><span class='ocrx_word' id='word_1_722' title='bbox 2196 4859 2305 4895; x_wconf 76' lang='lat' dir='ltr'><strong>nun</strong></span> <span class='ocrx_word' id='word_1_723' title='bbox 2349 4856 2596 4910; x_wconf 84' lang='lat' dir='ltr'><strong>possum.</strong></span> <span class='ocrx_word' id='word_1_724' title='bbox 2633 4841 3029 4910; x_wconf 78' lang='lat' dir='ltr'><strong>providentiam</strong></span> <span class='ocrx_word' id='word_1_725' title='bbox 3055 4853 3176 4892; x_wconf 87' lang='lat' dir='ltr'><strong>esse</strong></span> <span class='ocrx_word' id='word_1_726' title='bbox 3213 4837 3466 4904; x_wconf 89' lang='lat' dir='ltr'><strong>credens,</strong></span> <span class='ocrx_word' id='word_1_727' title='bbox 3497 4837 3754 4892; x_wconf 78' lang='lat' dir='ltr'><strong>Romanae</strong></span> 
     </span>
    </p>
   </div>
   <div class='ocr_carea' id='block_1_105' title="bbox 2201 4929 3771 5002">
    <p class='ocr_par' dir='ltr' id='par_1_105' title="bbox 2201 4929 3771 5002">
     <span class='ocr_line' id='line_1_105' title="bbox 2201 4929 3771 5002; baseline -0.003 -16"><span class='ocrx_word' id='word_1_728' title='bbox 2201 4934 2465 4988; x_wconf 71' lang='lat' dir='ltr'><strong>Ecclesiae</strong></span> <span class='ocrx_word' id='word_1_729' title='bbox 2529 4934 2893 5002; x_wconf 78' lang='lat' dir='ltr'><strong>tttajeslalcm,</strong></span> <span class='ocrx_word' id='word_1_730' title='bbox 2943 4941 2997 4984; x_wconf 88' lang='lat' dir='ltr'><strong>et</strong></span> <span class='ocrx_word' id='word_1_731' title='bbox 3049 4930 3436 4984; x_wconf 88' lang='lat' dir='ltr'><strong>sublimitatem</strong></span> <span class='ocrx_word' id='word_1_732' title='bbox 3465 4929 3692 4982; x_wconf 55' lang='lat' dir='ltr'><strong>fortuna}</strong></span> <span class='ocrx_word' id='word_1_733' title='bbox 3715 4938 3771 4982; x_wconf 87' lang='lat' dir='ltr'><strong>et</strong></span> 
     </span>
    </p>
   </div>
   <div class='ocr_carea' id='block_1_106' title="bbox 2199 5021 3770 5093">
    <p class='ocr_par' dir='ltr' id='par_1_106' title="bbox 2199 5021 3770 5093">
     <span class='ocr_line' id='line_1_106' title="bbox 2199 5021 3770 5093; baseline -0.003 -12"><span class='ocrx_word' id='word_1_734' title='bbox 2199 5026 2350 5081; x_wconf 88' lang='lat' dir='ltr'><strong>casui</strong></span> <span class='ocrx_word' id='word_1_735' title='bbox 2385 5026 2539 5093; x_wconf 88' lang='lat' dir='ltr'><strong>dare,</strong></span> <span class='ocrx_word' id='word_1_736' title='bbox 2565 5036 2619 5081; x_wconf 78' lang='lat' dir='ltr'><strong>et</strong></span> <span class='ocrx_word' id='word_1_737' title='bbox 2643 5041 2746 5078; x_wconf 90' lang='lat' dir='ltr'><strong>non</strong></span> <span class='ocrx_word' id='word_1_738' title='bbox 2780 5025 2830 5077; x_wconf 91' lang='lat' dir='ltr'><strong>in</strong></span> <span class='ocrx_word' id='word_1_739' title='bbox 2862 5023 3116 5077; x_wconf 80' lang='lat' dir='ltr'><strong>maximis</strong></span> <span class='ocrx_word' id='word_1_740' title='bbox 3146 5022 3499 5092; x_wconf 75' lang='lat' dir='ltr'><strong>providentia:</strong></span> <span class='ocrx_word' id='word_1_741' title='bbox 3518 5021 3770 5091; x_wconf 84' lang='lat' dir='ltr'><strong>operibus</strong></span> 
     </span>
    </p>
   </div>
   <div class='ocr_carea' id='block_1_107' title="bbox 2199 5117 3323 5184">
    <p class='ocr_par' dir='ltr' id='par_1_107' title="bbox 2199 5117 3323 5184">
     <span class='ocr_line' id='line_1_107' title="bbox 2199 5117 3323 5184; baseline -0.004 -12"><span class='ocrx_word' id='word_1_742' title='bbox 2199 5128 2252 5172; x_wconf 89' lang='lat' dir='ltr'><strong>et</strong></span> <span class='ocrx_word' id='word_1_743' title='bbox 2291 5117 2740 5182; x_wconf 82' lang='lat' dir='ltr'><strong>solemnissimis,</strong></span> <span class='ocrx_word' id='word_1_744' title='bbox 2766 5123 2821 5169; x_wconf 89' lang='lat' dir='ltr'><strong>et</strong></span> <span class='ocrx_word' id='word_1_745' title='bbox 2857 5117 2958 5170; x_wconf 91' lang='lat' dir='ltr'><strong>hoc</strong></span> <span class='ocrx_word' id='word_1_746' title='bbox 2989 5125 3323 5184; x_wconf 81' lang='lat' dir='ltr'><strong>computare.</strong></span> 
     </span>
    </p>
   </div>
   <div class='ocr_carea' id='block_1_108' title="bbox 2279 5205 3769 5282">
    <p class='ocr_par' dir='ltr' id='par_1_108' title="bbox 2279 5205 3769 5282">
     <span class='ocr_line' id='line_1_108' title="bbox 2279 5205 3769 5282; baseline -0.003 -18"><span class='ocrx_word' id='word_1_747' title='bbox 2279 5211 2352 5265; x_wconf 79' lang='lat' dir='ltr'><strong>Ex</strong></span> <span class='ocrx_word' id='word_1_748' title='bbox 2391 5212 2480 5268; x_wconf 86' lang='lat' dir='ltr'><strong>his</strong></span> <span class='ocrx_word' id='word_1_749' title='bbox 2520 5211 2686 5282; x_wconf 74' lang='lat' dir='ltr'><strong>igitur</strong></span> <span class='ocrx_word' id='word_1_750' title='bbox 2714 5210 3009 5280; x_wconf 89' lang='lat' dir='ltr'><strong>primatum</strong></span> <span class='ocrx_word' id='word_1_751' title='bbox 3035 5208 3181 5263; x_wconf 86' lang='lat' dir='ltr'><strong>illius</strong></span> <span class='ocrx_word' id='word_1_752' title='bbox 3213 5207 3468 5262; x_wconf 81' lang='lat' dir='ltr'><strong>Ecclesiae</strong></span> <span class='ocrx_word' id='word_1_753' title='bbox 3505 5205 3769 5263; x_wconf 71' lang='lat' dir='ltr'><strong>sufﬁcien-</strong></span> 
     </span>
    </p>
   </div>
   <div class='ocr_carea' id='block_1_109' title="bbox 2207 5298 3772 5372">
    <p class='ocr_par' dir='ltr' id='par_1_109' title="bbox 2207 5298 3772 5372">
     <span class='ocr_line' id='line_1_109' title="bbox 2207 5298 3772 5372; baseline -0.004 -13"><span class='ocrx_word' id='word_1_754' title='bbox 2207 5315 2289 5359; x_wconf 86' lang='lat' dir='ltr'><strong>ter</strong></span> <span class='ocrx_word' id='word_1_755' title='bbox 2311 5306 2744 5360; x_wconf 86' lang='lat' dir='ltr'><strong>demonstratum</strong></span> <span class='ocrx_word' id='word_1_756' title='bbox 2777 5318 2896 5358; x_wconf 90' lang='lat' dir='ltr'><strong>csse</strong></span> <span class='ocrx_word' id='word_1_757' title='bbox 2941 5311 3092 5372; x_wconf 88' lang='lat' dir='ltr'><strong>puto.</strong></span> <span class='ocrx_word' id='word_1_758' title='bbox 3129 5299 3297 5356; x_wconf 81' lang='lat' dir='ltr'><strong>Venio</strong></span> <span class='ocrx_word' id='word_1_759' title='bbox 3360 5315 3548 5356; x_wconf 88' lang='lat' dir='ltr'><strong>rursus</strong></span> <span class='ocrx_word' id='word_1_760' title='bbox 3573 5299 3636 5353; x_wconf 86' lang='lat' dir='ltr'><strong>ad</strong></span> <span class='ocrx_word' id='word_1_761' title='bbox 3669 5298 3772 5353; x_wconf 83' lang='lat' dir='ltr'><strong>Pa-</strong></span> 
     </span>
    </p>
   </div>
   <div class='ocr_carea' id='block_1_110' title="bbox 2205 5395 2844 5464">
    <p class='ocr_par' dir='ltr' id='par_1_110' title="bbox 2205 5395 2844 5464">
     <span class='ocr_line' id='line_1_110' title="bbox 2205 5395 2844 5464; baseline -0.003 -14"><span class='ocrx_word' id='word_1_762' title='bbox 2205 5396 2392 5450; x_wconf 84' lang='lat' dir='ltr'><strong>raclcti</strong></span> <span class='ocrx_word' id='word_1_763' title='bbox 2415 5395 2844 5464; x_wconf 84' lang='lat' dir='ltr'><strong>processioncm.</strong></span> 
     </span>
    </p>
   </div>
   <div class='ocr_carea' id='block_1_111' title="bbox 1629 5507 2646 5567">
    <p class='ocr_par' dir='ltr' id='par_1_111' title="bbox 1629 5507 2646 5567">
     <span class='ocr_line' id='line_1_111' title="bbox 1629 5507 2646 5567; baseline 0.005 -7"><span class='ocrx_word' id='word_1_764' title='bbox 1629 5507 1712 5561; x_wconf 69' lang='lat' dir='ltr'><strong>BA</strong></span> <span class='ocrx_word' id='word_1_765' title='bbox 1724 5508 1984 5564; x_wconf 76' lang='lat' dir='ltr'><strong>RLAAMI</strong></span> <span class='ocrx_word' id='word_1_766' title='bbox 2014 5510 2298 5567; x_wconf 81' lang='lat' dir='ltr'><strong>CONTRA</strong></span> <span class='ocrx_word' id='word_1_767' title='bbox 2329 5509 2646 5566; x_wconf 81' lang='lat' dir='ltr'><strong>LATINOS.</strong></span> 
     </span>
    </p>
   </div>
   <div class='ocr_carea' id='block_1_112' title="bbox 514 5605 2089 5694">
    <p class='ocr_par' dir='ltr' id='par_1_112' title="bbox 514 5605 2089 5694">
     <span class='ocr_line' id='line_1_112' title="bbox 514 5605 2089 5694; baseline 0.015 -38"><span class='ocrx_word' id='word_1_768' title='bbox 514 5605 740 5677; x_wconf 78' lang='grc' dir='ltr'>ἀγάπην</span> <span class='ocrx_word' id='word_1_769' title='bbox 773 5608 1009 5680; x_wconf 68' lang='grc' dir='ltr'><strong>πέμψαι,</strong></span> <span class='ocrx_word' id='word_1_770' title='bbox 1046 5617 1323 5688; x_wconf 80' lang='grc' dir='ltr'><strong>πανταχοῦ</strong></span> <span class='ocrx_word' id='word_1_771' title='bbox 1349 5619 1449 5689; x_wconf 79' lang='grc' dir='ltr'><strong>τῆς</strong></span> <span class='ocrx_word' id='word_1_772' title='bbox 1477 5620 1739 5692; x_wconf 80' lang='grc' dir='ltr'><strong>ἀληθείας</strong></span> <span class='ocrx_word' id='word_1_773' title='bbox 1769 5625 2089 5694; x_wconf 79' lang='grc' dir='ltr'><strong>φροντίσας,</strong></span> 
     </span>
    </p>
   </div>
   <div class='ocr_carea' id='block_1_113' title="bbox 517 5701 2095 5783">
    <p class='ocr_par' dir='ltr' id='par_1_113' title="bbox 517 5701 2095 5783">
     <span class='ocr_line' id='line_1_113' title="bbox 517 5701 2095 5783; baseline 0.015 -36"><span class='ocrx_word' id='word_1_774' title='bbox 517 5701 613 5750; x_wconf 75' lang='grc' dir='ltr'><strong>καὶ</strong></span> <span class='ocrx_word' id='word_1_775' title='bbox 660 5702 828 5771; x_wconf 85' lang='grc' dir='ltr'><strong>μηδὲν</strong></span> <span class='ocrx_word' id='word_1_776' title='bbox 868 5709 1013 5781; x_wconf 59' lang='grc' dir='ltr'><strong>θεατὰ</strong></span> <span class='ocrx_word' id='word_1_777' title='bbox 1071 5710 1244 5774; x_wconf 77' lang='grc' dir='ltr'><strong>πάθος</strong></span> <span class='ocrx_word' id='word_1_778' title='bbox 1283 5713 1525 5783; x_wconf 68' lang='grc' dir='ltr'><strong>εἰρηκώς</strong></span> <span class='ocrx_word' id='word_1_779' title='bbox 1551 5730 1564 5744; x_wconf 75' lang='grc' dir='ltr'><strong>ο</strong></span> <span class='ocrx_word' id='word_1_780' title='bbox 1601 5715 1664 5766; x_wconf 79' lang='grc' dir='ltr'><strong>σὺ</strong></span> <span class='ocrx_word' id='word_1_781' title='bbox 1699 5715 1755 5767; x_wconf 80' lang='grc' dir='ltr'>δὲ</span> <span class='ocrx_word' id='word_1_782' title='bbox 1805 5717 1979 5769; x_wconf 76' lang='grc' dir='ltr'>ταῦτα</span> <span class='ocrx_word' id='word_1_783' title='bbox 2010 5718 2095 5770; x_wconf 78' lang='grc' dir='ltr'><strong>δε-</strong></span> 
     </span>
    </p>
   </div>
   <div class='ocr_carea' id='block_1_114' title="bbox 523 5784 2090 5878">
    <p class='ocr_par' dir='ltr' id='par_1_114' title="bbox 523 5784 2090 5878">
     <span class='ocr_line' id='line_1_114' title="bbox 523 5784 2090 5878; baseline 0.008 -29"><span class='ocrx_word' id='word_1_784' title='bbox 523 5784 749 5861; x_wconf 69' lang='grc' dir='ltr'><strong>ξάμενος</strong></span> <span class='ocrx_word' id='word_1_785' title='bbox 788 5800 880 5852; x_wconf 80' lang='grc' dir='ltr'>καὶ</span> <span class='ocrx_word' id='word_1_786' title='bbox 914 5802 1207 5872; x_wconf 72' lang='grc' dir='ltr'><strong>ἀναγνοὺς,</strong></span> <span class='ocrx_word' id='word_1_787' title='bbox 1241 5805 1294 5856; x_wconf 77' lang='grc' dir='ltr'>εἷ</span> <span class='ocrx_word' id='word_1_788' title='bbox 1328 5821 1381 5856; x_wconf 78' lang='grc' dir='ltr'><strong>τι</strong></span> <span class='ocrx_word' id='word_1_789' title='bbox 1417 5805 1484 5858; x_wconf 84' lang='grc' dir='ltr'><strong>Ξιν</strong></span> <span class='ocrx_word' id='word_1_790' title='bbox 1521 5805 1709 5874; x_wconf 78' lang='grc' dir='ltr'>σχοίης</span> <span class='ocrx_word' id='word_1_791' title='bbox 1738 5807 2017 5861; x_wconf 78' lang='grc' dir='ltr'>ἀντειπεῖν</span> <span class='ocrx_word' id='word_1_792' title='bbox 2057 5809 2090 5878; x_wconf 81' lang='grc' dir='ltr'>ἣ</span> 
     </span>
    </p>
   </div>
   <div class='ocr_carea' id='block_1_115' title="bbox 2199 5617 3775 5694">
    <p class='ocr_par' dir='ltr' id='par_1_115' title="bbox 2199 5617 3775 5694">
     <span class='ocr_line' id='line_1_115' title="bbox 2199 5617 3775 5694; baseline -0.004 -16"><span class='ocrx_word' id='word_1_793' title='bbox 2199 5627 2367 5678; x_wconf 82' lang='grc' dir='ltr'>πᾶσιν</span> <span class='ocrx_word' id='word_1_794' title='bbox 2393 5625 2423 5694; x_wconf 86' lang='grc' dir='ltr'>ἢ</span> <span class='ocrx_word' id='word_1_795' title='bbox 2450 5624 2594 5676; x_wconf 73' lang='grc' dir='ltr'><strong>τιοὶν</strong></span> <span class='ocrx_word' id='word_1_796' title='bbox 2621 5622 2664 5692; x_wconf 39' lang='grc' dir='ltr'><strong>ἣν</strong></span> <span class='ocrx_word' id='word_1_797' title='bbox 2685 5621 2766 5675; x_wconf 76' lang='grc' dir='ltr'><strong>ἑνί</strong></span> <span class='ocrx_word' id='word_1_798' title='bbox 2791 5637 2854 5688; x_wconf 87' lang='grc' dir='ltr'><strong>γε</strong></span> <span class='ocrx_word' id='word_1_799' title='bbox 2878 5621 3079 5688; x_wconf 80' lang='grc' dir='ltr'><strong>αὐτῶν,</strong></span> <span class='ocrx_word' id='word_1_800' title='bbox 3105 5621 3276 5691; x_wconf 82' lang='grc' dir='ltr'><strong>ἐχέτω</strong></span> <span class='ocrx_word' id='word_1_801' title='bbox 3304 5621 3400 5690; x_wconf 82' lang='grc' dir='ltr'><strong>τὴν</strong></span> <span class='ocrx_word' id='word_1_802' title='bbox 3424 5619 3603 5672; x_wconf 79' lang='grc' dir='ltr'><strong>πὲστιν</strong></span> <span class='ocrx_word' id='word_1_803' title='bbox 3625 5620 3653 5672; x_wconf 86' lang='grc' dir='ltr'>ὁ</span> <span class='ocrx_word' id='word_1_804' title='bbox 3679 5617 3775 5683; x_wconf 75' lang='grc' dir='ltr'><strong>σὸς</strong></span> 
     </span>
    </p>
   </div>
   <div class='ocr_carea' id='block_1_116' title="bbox 2201 5708 3774 5786">
    <p class='ocr_par' dir='ltr' id='par_1_116' title="bbox 2201 5708 3774 5786">
     <span class='ocr_line' id='line_1_116' title="bbox 2201 5708 3774 5786; baseline -0.002 -16"><span class='ocrx_word' id='word_1_805' title='bbox 2201 5718 2357 5784; x_wconf 58' lang='lat' dir='ltr'><strong>live;</strong></span> <span class='ocrx_word' id='word_1_806' title='bbox 2386 5715 2445 5780; x_wconf 75' lang='grc' dir='ltr'><strong>ἐξ</strong></span> <span class='ocrx_word' id='word_1_807' title='bbox 2477 5708 2552 5770; x_wconf 84' lang='grc' dir='ltr'><strong>ὧν</strong></span> <span class='ocrx_word' id='word_1_808' title='bbox 2585 5714 2814 5783; x_wconf 71' lang='grc' dir='ltr'><strong>εἴπομεν</strong></span> <span class='ocrx_word' id='word_1_809' title='bbox 2841 5713 3050 5784; x_wconf 83' lang='grc' dir='ltr'><strong>ἀρχῶν,</strong></span> <span class='ocrx_word' id='word_1_810' title='bbox 3082 5714 3177 5766; x_wconf 73' lang='grc' dir='ltr'><strong>καὶ</strong></span> <span class='ocrx_word' id='word_1_811' title='bbox 3210 5712 3576 5786; x_wconf 82' lang='grc' dir='ltr'><strong>μακροθύμως</strong></span> <span class='ocrx_word' id='word_1_812' title='bbox 3601 5712 3774 5768; x_wconf 59' lang='lat' dir='ltr'><strong>dmi)»</strong></span> 
     </span>
    </p>
   </div>
   <div class='ocr_carea' id='block_1_117' title="bbox 2203 5807 2566 5878">
    <p class='ocr_par' dir='ltr' id='par_1_117' title="bbox 2203 5807 2566 5878">
     <span class='ocr_line' id='line_1_117' title="bbox 2203 5807 2566 5878; baseline -0.003 -17"><span class='ocrx_word' id='word_1_813' title='bbox 2203 5807 2415 5878; x_wconf 83' lang='grc' dir='ltr'><strong>σόμεθά</strong></span> <span class='ocrx_word' id='word_1_814' title='bbox 2450 5825 2566 5860; x_wconf 82' lang='grc' dir='ltr'>σου.</span> 
     </span>
    </p>
   </div>
   <div class='ocr_carea' id='block_1_118' title="bbox 1155 5898 3150 5970">
    <p class='ocr_par' dir='ltr' id='par_1_118' title="bbox 1155 5898 3150 5970">
     <span class='ocr_line' id='line_1_118' title="bbox 1155 5898 3150 5970; baseline 0.002 -18"><span class='ocrx_word' id='word_1_815' title='bbox 1155 5901 1271 5952; x_wconf 74' lang='lat' dir='ltr'><strong>Huc</strong></span> <span class='ocrx_word' id='word_1_816' title='bbox 1313 5916 1474 5967; x_wconf 76' lang='lat' dir='ltr'><strong>usque</strong></span> <span class='ocrx_word' id='word_1_817' title='bbox 1509 5898 1837 5955; x_wconf 65' lang='lat' dir='ltr'><strong>fiurlaamns</strong></span> <span class='ocrx_word' id='word_1_818' title='bbox 1876 5902 1936 5954; x_wconf 77' lang='lat' dir='ltr'><strong>dc</strong></span> <span class='ocrx_word' id='word_1_819' title='bbox 1974 5904 2231 5970; x_wconf 81' lang='lat' dir='ltr'><strong>primatu,</strong></span> <span class='ocrx_word' id='word_1_820' title='bbox 2269 5907 2373 5956; x_wconf 81' lang='lat' dir='ltr'><strong>imo</strong></span> <span class='ocrx_word' id='word_1_821' title='bbox 2410 5912 2598 5955; x_wconf 80' lang='lat' dir='ltr'><strong>contra</strong></span> <span class='ocrx_word' id='word_1_822' title='bbox 2637 5902 2933 5970; x_wconf 76' lang='lat' dir='ltr'><strong>primatum</strong></span> <span class='ocrx_word' id='word_1_823' title='bbox 2968 5899 3150 5969; x_wconf 78' lang='lat' dir='ltr'><strong>Papw.</strong></span> 
     </span>
    </p>
   </div>
  </div>
