4064 6502
290 374 421 444 1281

1642 360 1790 420 PRO
1835 359 2156 420 LATINIS.

3389 359 3528 420 1282

1486 528 1558 581 De
1579 528 1914 596 processione
1958 526 2196 594 Spiritus
2229 527 2422 579 sancti.

363 675 629 744 Quoniam
695 672 878 727 multis
932 671 1096 726 annis
1142 678 1263 741 post
1309 677 1513 735 septem
1587 664 1858 736 generalia
1889 676 1933 728 Α
1965 665 2146 732 quiete
2172 664 2395 718 obedire
2417 703 2433 727 ,
2469 664 2560 718 sed
2591 673 2858 719 tantorum
2889 664 3104 719 Patrum
3135 676 3186 720 et
3213 664 3398 720 Matris
3432 664 3534 720 Ec-

291 770 521 826 concilia
557 768 692 824 vidit
729 768 916 821 eadem
957 763 1198 818 Ecclesia
1286 761 1495 830 aliquos
1531 773 1722 811 eorum
1757 755 1851 823 qui

290 862 472 916 denuo
494 846 889 915 consueverant
943 857 1000 910 in
1021 856 1255 910 haereses
1290 851 1627 923 frequentius
1656 849 1857 912 delabi,

293 961 600 1006 asserentes
660 950 925 1020 Spiritum
956 958 1202 1003 sanctmn
1231 963 1294 1001 ex
1323 947 1440 1001 solo
1471 945 1632 998 Patre
1663 957 1856 1012 proce-

291 1045 441 1110 dere,
475 1053 529 1097 ct
556 1043 784 1096 minime
807 1056 871 1096 ex
905 1038 1067 1105 Filio,
1099 1047 1152 1093 et
1183 1037 1533 1093 sermonibus
1580 1033 1857 1104 persuasi-

293 1133 495 1186 bilibus
520 1147 584 1184 ex
613 1133 850 1184 humana
886 1137 1066 1184 mente
1117 1129 1223 1183 hoc
1255 1129 1450 1196 dogma
1494 1126 1856 1187 allirmantes;

292 1223 733 1293 propinquiorem
783 1237 913 1276 vero
947 1222 1051 1277 sibi
1086 1219 1513 1280 multitudinem,
1565 1227 1619 1270 et
1645 1217 1709 1270 ad
1744 1215 1858 1268 hte-

293 1329 445 1368 reses
483 1329 696 1383 semper
729 1313 1019 1368 tardiorem
1045 1327 1072 1364 a
1097 1311 1372 1381 principio
1400 1311 1702 1378 sapientem
1739 1307 1864 1376 Spi-

295 1407 457 1460 ritum
503 1415 749 1460 sanctum
779 1421 812 1460 a
855 1404 1020 1458 Patre
1045 1402 1291 1472 Filioque
1340 1403 1634 1472 procedere
1675 1419 1688 1454 :
1729 1400 1859 1466 quid

295 1512 560 1563 eamquae
608 1511 823 1567 semper
853 1504 1234 1558 consueverat,
1291 1492 1604 1562 hujusmodi
1647 1503 1872 1547 contro-

295 1589 486 1644 versiis
516 1589 674 1642 ﬁnem
709 1604 1010 1658 congruum
1045 1589 1342 1656 imponere,
1377 1595 1430 1639 et
1462 1585 1718 1639 unitatem
1746 1600 1864 1638 om-

295 1681 456 1734 nibus
519 1689 854 1743 monstrare,
899 1680 1140 1749 oportuit
1167 1676 1393 1732 facere?
1429 1676 1723 1731 silentione
1744 1691 1858 1730 rem

294 1771 594 1841 praeterire,
651 1779 707 1826 et
766 1772 1016 1826 ordinem
1075 1785 1232 1825 suum
1294 1766 1584 1824 deserere?
1614 1766 1719 1821 Sed
1749 1781 1858 1821 non

294 1873 412 1916 erat
472 1861 575 1916 hoc
625 1862 766 1932 ejus.
801 1864 883 1916 An
916 1863 982 1917 ad
1023 1861 1400 1915 Aristotelicas
1459 1859 1772 1923 methodos,
1804 1868 1860 1913 et

297 1951 609 2008 Platonicas
676 1951 1003 2018 divisiones,
1061 1959 1116 2007 et
1163 1951 1581 2018 mathematicas
1635 1949 1864 2004 demon-

299 2040 616 2104 strationes,
657 2049 712 2094 et
735 2041 1100 2110 cegitationes
1146 2042 1414 2095 humanas
1473 2054 1788 2103 recurrere,
1815 2046 1869 2094 et
1901 2019 1943 2074 Β

299 2145 365 2184 cx
391 2130 500 2184 illis
528 2132 881 2200 quaesitorum
934 2133 1220 2188 veritatem
1255 2133 1614 2203 perquirere?
1638 2133 1743 2187 Sed
1773 2147 1872 2187 ne-

300 2237 409 2291 que
444 2224 546 2276 hoc
575 2223 818 2279 decrevit
853 2222 1064 2290 facere,
1110 2224 1289 2278 sciens
1321 2223 1565 2294 profecto
1598 2223 1740 2278 hanc
1759 2238 1872 2278 rem

303 2313 688 2366 transcendere
714 2327 930 2368 omnem
959 2314 1253 2367 humanam
1284 2323 1339 2367 Cl
1374 2323 1637 2377 mentem,
1675 2323 1730 2367 et
1763 2329 1876 2367 me-

302 2404 550 2468 thodum,
573 2413 629 2457 et
655 2403 1211 2460 demonstrationem.
1241 2403 1383 2471 Quid
1413 2405 1580 2472 igitur
1611 2405 1782 2460 fecit?
1807 2405 1870 2458 ad

302 2507 431 2547 suos
459 2493 732 2561 demeres,
775 2509 914 2564 quos
949 2494 1123 2564 leugis
1152 2510 1369 2549 sursum
1412 2494 1749 2563 temporibus
1777 2509 1875 2564 pro

304 2585 510 2639 sanctis
540 2585 752 2649 habuit,
778 2588 1035 2652 recurrit,
1087 2588 1300 2652 beatos,
1327 2588 1713 2658 Augustinum,
1744 2589 1876 2641 Am-

305 2675 575 2740 brosium,
635 2676 1049 2748 Hieronymum,
1104 2687 1159 2733 et
1189 2680 1538 2750 Gregorium,
1593 2689 1648 2734 et
1678 2680 1873 2734 herum

305 2771 509 2838 scripta
609 2781 982 2839 perscrutata,
1068 2773 1217 2826 videt
1308 2788 1403 2828 eos
1478 2781 1736 2842 tanquam
1809 2788 1875 2826 ex

309 2871 418 2910 uno
491 2871 625 2920 ore,
697 2856 885 2913 multis
955 2858 1093 2913 locis
1144 2867 1200 2914 et
1270 2859 1609 2930 frequentius
1697 2859 1876 2930 Spiri-

308 2958 420 3002 tum
475 2957 729 3002 sanctum
777 2963 842 3020 es
875 2949 1036 3005 Patre
1088 2960 1144 3005 et
1179 2950 1320 3006 Filio
1373 2953 1669 3021 procedere
1722 2967 1876 3006 asse-

313 3049 516 3093 rentes.
541 3037 608 3091 Et
628 3053 805 3109 neque
840 3054 1015 3108 usque
1045 3039 1111 3092 ad
1142 3039 1244 3094 hoc
1269 3047 1395 3094 stat.
1427 3038 1532 3093 Sed
1559 3047 1612 3094 et
1635 3038 1880 3092 orienta-

307 3131 377 3184 lis
429 3129 687 3184 Ecclesia:
737 3128 928 3185 Patres
975 3131 1264 3200 perquirit,
1321 3139 1377 3185 et
1407 3131 1550 3185 videt
1574 3132 1768 3185 hornm
1805 3131 1880 3185 si-

309 3222 512 3276 militer
531 3224 712 3291 plures
738 3231 794 3275 et
818 3222 1252 3291 principaliores,
1283 3222 1336 3276 id
1365 3223 1542 3292 ipsum
1573 3223 1877 3292 sapientes,

307 3311 549 3381 reliquos
595 3327 725 3366 vero
757 3313 986 3367 minime
1034 3313 1280 3367 omnium
1353 3313 1617 3375 dicentes,
1683 3323 1878 3384 praeter

312 3419 482 3458 unum
510 3403 720 3460 scilicet
746 3403 1162 3469 Damascenum,
1179 3405 1274 3476 qui
1297 3405 1510 3459 videtur
1536 3407 1878 3460 contrarium

314 3496 516 3550 dicere.
558 3496 882 3566 Quanquam
919 3513 1026 3551 non
1092 3498 1223 3552 dicit
1277 3499 1414 3568 ipse,
1444 3498 1588 3568 quod
1648 3496 1884 3567 Spiritus

313 3599 537 3644 sanctus
592 3605 698 3643 non
734 3600 818 3643 est
851 3606 915 3643 ex
950 3588 1113 3659 Filio,
1151 3591 1243 3646 sed
1291 3592 1418 3660 quia
1452 3607 1557 3646 non
1591 3591 1794 3646 dicitur
1817 3606 1885 3645 ex

313 3682 483 3736 Filio.
539 3682 770 3737 luvare
827 3681 1046 3737 videtur
1091 3691 1146 3738 et
1209 3684 1326 3754 ipse
1382 3684 1568 3738 dicere
1619 3683 1882 3753 Spiritum

314 3784 563 3827 sanctum
587 3789 617 3827 a
654 3773 811 3828 Patre
844 3788 943 3844 per
965 3772 1162 3828 Filium
1207 3789 1486 3841 emanare,
1511 3784 1564 3830 et
1591 3777 1881 3847 imaginem

313 3881 437 3918 esse
465 3864 588 3918 Filii
619 3865 906 3936 Spiritum,
960 3875 1015 3921 et
1046 3867 1111 3920 ad
1142 3865 1357 3920 Patrem
1385 3869 1458 3921 ita
1491 3882 1550 3922 se
1581 3869 1781 3923 habere
1800 3869 1890 3922 Fi-

327 3957 463 4012 lium
490 3967 544 4011 et
575 3957 869 4027 Spiritum,
915 3957 1372 4028 quemadmodum
1405 3956 1472 4011 ad
1499 3959 1669 4012 solem
1703 3974 1761 4013 se
1794 3961 1888 4013 ha-

317 4051 449 4103 bent
470 4048 650 4103 radius
677 4059 729 4102 et
751 4048 1101 4116 illuminatio,
1124 4064 1246 4116 qua:
1277 4059 1503 4120 utraque
1524 4032 1589 4104 ex
1619 4051 1733 4104 sole
1764 4054 1890 4120 qui-

320 4142 445 4194 dem
477 4148 622 4206 sunt,
660 4140 755 4195 sed
788 4155 883 4210 per
922 4141 1132 4195 radium
1159 4142 1701 4196 aitilluminatienem
1734 4145 1894 4199 nobis

323 4234 465 4288 dari.
495 4233 571 4287 Ex
606 4233 809 4300 quibus
838 4233 1054 4287 videtur
1081 4242 1134 4287 et
1166 4233 1280 4302 ipse
1303 4250 1410 4287 non
1440 4235 1659 4304 penitus
1676 4244 1896 4290 contra-

318 4329 467 4380 rium
494 4335 704 4380 tenere.
733 4326 916 4395 Ipsum
940 4328 1083 4381 enim
1117 4328 1570 4383 illuminatiencm
1594 4338 1647 4384 et
1675 4345 1740 4383 ex
1778 4331 1894 4384 sole

326 4435 422 4489 per
457 4419 673 4473 radium
731 4432 852 4472 esse
887 4419 1095 4479 dicere,
1128 4429 1181 4472 et
1209 4435 1399 4475 rursus
1425 4438 1486 4474 ex
1509 4423 1622 4476 sole
1644 4431 1697 4476 et
1722 4423 1893 4488 radio,

325 4526 516 4564 verum
553 4521 669 4564 est:
723 4509 1185 4579 quemadmodum
1223 4513 1357 4565 etin
1417 4512 1704 4568 Trinitate.
1746 4513 1893 4582 Quo-

328 4619 448 4657 rum
481 4601 627 4656 enim
660 4609 744 4655 est
793 4601 1166 4655 communiter
1213 4613 1406 4659 auctor
1439 4603 1598 4659 Pater
1618 4614 1671 4659 et
1703 4605 1895 4676 Filius,

1965 755 2252 810 clesiarum
2283 755 2584 820 sententiae,
2629 757 2693 810 de
2716 773 2772 809 re
2817 756 3066 810 vincente
3098 755 3240 811 vires
3274 756 3535 810 naturalis

1965 846 2314 915 cogitationis
2341 861 2690 916 praeposuere
2717 863 2889 901 meam
2918 847 3322 917 cognitionem?
3357 863 3533 918 neque

1965 938 2097 992 illud
2129 939 2312 993 valens
2343 938 2711 1001 considerare,
2751 941 2893 1008 quod
2927 939 3206 1007 indignum
3236 948 3354 992 erat
3377 939 3532 1010 peni-

1970 1041 2058 1086 tus
2093 1033 2274 1086 divina
2307 1033 2667 1102 providentia,
2707 1047 2811 1085 non
2847 1033 3019 1087 solum
3048 1033 3194 1086 illam
3229 1026 3530 1087 Ecclesiam

1969 1122 2288 1184 sublimare,
2320 1133 2373 1175 et
2396 1131 2554 1189 ouput
2603 1122 2884 1175 catholicae
2926 1121 3180 1176 Ecclesiae
3208 1137 3236 1175 a
3268 1121 3536 1190 principio

1971 1214 2172 1276 facere,
2215 1229 2376 1283 quam
2413 1215 2565 1267 nevit
2600 1214 2980 1266 insatiabiliter
3015 1230 3288 1267 casuram.
3318 1223 3371 1267 et
3406 1215 3532 1267 inli-

1967 1307 2112 1360 nitas
2142 1305 2517 1358 multitudines
2551 1320 2737 1358 secum
2767 1305 3121 1359 dimissnram
3154 1345 3168 1368 ,
3206 1305 3300 1359 sed
3329 1314 3383 1358 et
3411 1321 3533 1359 cum

1967 1412 1996 1451 a
2021 1397 2189 1451 rectis
2224 1398 2422 1450 cecidit
2468 1396 2839 1466 degmatibus,
2878 1397 3055 1450 adhuc
3086 1399 3260 1466 magis
3288 1397 3538 1466 magnili-

1969 1505 2118 1555 care,
2161 1499 2216 1543 et
2246 1490 2502 1543 omnibus
2527 1489 2683 1544 bonis
2709 1490 2913 1554 ditare;
2939 1504 3057 1541 eam
3086 1505 3213 1542 vero
3239 1503 3359 1558 quae
3397 1501 3541 1544 recte

1985 1597 2016 1636 e
2051 1596 2080 1634 a
2111 1581 2380 1650 principio
2411 1583 2632 1642 restitit,
2674 1583 3007 1634 contrarium
3040 1582 3148 1650 pati
3183 1583 3539 1650 permittere?

2042 1672 2154 1742 Ego
2182 1686 2310 1724 vero
2342 1682 2394 1724 et
2417 1671 2560 1725 aliud
2588 1674 2790 1739 cogito,
2827 1673 2971 1738 quod
2999 1681 3184 1739 portas
3215 1671 3368 1724 inferi
3395 1687 3538 1724 nun-

1971 1777 2134 1832 quam
2172 1762 2434 1817 adversus
2479 1761 2776 1816 Ecclesiam
2817 1762 3193 1830 praivalituras
3241 1776 3380 1826 esse,
3413 1777 3536 1816 cum

1971 1857 2044 1912 sit
2071 1863 2438 1918 verissimum,
2482 1853 2611 1908 olim
2648 1863 2821 1922 pertze
2871 1851 3028 1907 inferi
3055 1852 3319 1908 adversus
3347 1851 3540 1907 Eccleo

1971 1951 2108 2005 siam
2142 1948 2232 2000 Dei
2266 1946 2692 2018 praevaluerunt,
2727 1946 2996 2015 siquidem
3023 1944 3268 2001 Romana
3301 1944 3543 2000 Ecclesia

1973 2040 2186 2095 cecidit.
2215 2039 2349 2092 Nam
2385 2039 2429 2092 si
2467 2037 2707 2092 Ecclesia
2761 2037 2862 2091 soli
2896 2037 3115 2105 quidem
3167 2037 3330 2106 hujus
3365 2038 3541 2106 partis

1975 2144 2120 2196 sunt,
2155 2142 2213 2187 ut
2249 2130 2551 2186 secundum
2579 2130 2962 2184 multitudines
2985 2143 3081 2182 eos
3115 2129 3180 2182 ad
3212 2143 3273 2183 se
3310 2143 3540 2183 conver-

1977 2232 2112 2290 tant,
2151 2223 2301 2277 nulle
2336 2221 2552 2291 penitus
2585 2221 2903 2283 exsistente,
2954 2221 3048 2290 qui
3099 2221 3313 2290 publice
3347 2224 3548 2290 praedi—

1975 2317 2150 2370 cando
2182 2315 2440 2384 pepulum
2489 2313 2827 2368 confortaret
2859 2314 2911 2367 in
2950 2314 3052 2368 ﬁde
3087 2328 3460 2384 perseverare,
3491 2325 3547 2367 et

1976 2423 2063 2462 res
2121 2407 2191 2460 ita
2223 2407 2401 2459 adhuc
2431 2421 2488 2459 se
2516 2405 2737 2469 habent,
2774 2417 2830 2458 ut
2857 2405 2910 2458 in
2944 2406 3120 2474 primo
3155 2406 3321 2459 misso
3362 2406 3426 2458 ad
3453 2423 3548 2459 vos

1976 2514 2226 2555 sermone
2251 2499 2467 2552 recitavi
2496 2498 2636 2564 :jam
2653 2500 2914 2552 adversus
2933 2497 3230 2558 Ecclesium
3265 2511 3431 2566 porta:
3463 2499 3546 2551 iu-

1977 2589 2077 2644 feri
2118 2589 2542 2659 pr.cvaluerunt.
2585 2589 2688 2643 Sed
2723 2591 2825 2643 hoc
2855 2591 2990 2643 falso
3023 2591 3349 2654 exsislente,
3384 2605 3548 2658 cogor

1978 2681 2282 2734 Romanam
2313 2681 2614 2735 Ecclesium
2651 2681 3013 2734 orthodoxam
3052 2681 3104 2734 in
3135 2681 3393 2737 omnibus
3449 2698 3552 2752 pu-

1979 2780 2117 2835 tare,
2151 2781 2204 2826 et
2234 2772 2376 2826 hanc
2408 2773 2579 2826 solam
2630 2789 2750 2827 esse
2779 2789 2904 2826 cum
2940 2773 3042 2827 sibi
3078 2774 3322 2842 subjecta
3357 2779 3552 2828 multi-

1980 2863 2190 2930 tudine,
2223 2880 2413 2930 unam,
2446 2875 2712 2930 sanctam,
2738 2865 3085 2930 catholicam,
3121 2877 3173 2920 et
3196 2866 3547 2934 apostolicam

1978 2958 2278 3014 Ecclesiam
2305 2998 2320 3022 ,
2356 2961 2409 3012 in
2447 2973 2612 3029 quam
2651 2961 2873 3012 credere
2899 2959 3176 3026 jnhemur,
3204 2971 3254 3013 et
3288 2959 3554 3012 adversus

1979 3067 2143 3121 quam
2172 3060 2341 3120 pert-te
2395 3051 2554 3105 inl’cri
2592 3064 2766 3120 neque
2797 3051 3214 3120 praivalucrunt,
3249 3065 3425 3119 neque
3451 3065 3556 3104 un-

1980 3160 2166 3212 quam,
2209 3142 2314 3197 Deo
2339 3143 2512 3211 ipsam
2551 3152 2806 3212 tanquam
2843 3157 3041 3195 novum
3069 3142 3320 3196 Israelent
3359 3157 3555 3212 re.ch-

1982 3244 2054 3304 te,
2083 3237 2472 3307 praevalebunt.

1906 3359 1948 3418 C
1985 3371 2226 3441 Epistola
2257 3370 2435 3441 Alexi}
2467 3370 2746 3426 Calocheti
2767 3370 2836 3424 ad
2857 3370 3126 3423 dominum
3179 3369 3554 3433 Barlaamum,

2055 3446 2363 3510 episcopum
2387 3439 2756 3510 Gyruceusem,
2789 3452 2968 3508 petens
3001 3446 3066 3493 at)
3095 3457 3152 3492 eo
3186 3442 3554 3510 quorumdam

2056 3514 2312 3592 librorum
2337 3509 2649 3564 Latinorum
2688 3511 3094 3564 translationem
3129 3509 3336 3578 propter
3367 3517 3560 3563 bonum

2056 3598 2285 3637 ιιιιιοηιε.

2062 3695 2206 3750 Tuas
2225 3693 2593 3750 communiter
2615 3695 2680 3750 ad
2705 3696 2911 3751 amicos
2941 3698 3132 3752 missas
3160 3695 3416 3765 epistolas
3435 3711 3560 3748 cum

1991 3787 2349 3854 vidissemus,
2382 3803 2482 3856 ego
2523 3798 2576 3841 et
2607 3798 2810 3841 nostrai
2850 3788 3085 3842 civitatis
3117 3791 3192 3841 tui
3229 3787 3416 3851 amici,
3465 3789 3564 3842 ho-

1993 3893 2112 3933 rum
2140 3879 2340 3949 quibus
2378 3889 2526 3932 recte
2557 3879 2863 3933 contradici
2897 3881 3093 3949 possit,
3124 3880 3258 3934 nihil
3291 3879 3347 3933 in
3375 3880 3455 3935 eis
3479 3880 3558 3932 in-

1992 3970 2263 4024 venimus.
2310 3969 2499 4040 ignota
2531 3985 2664 4024 vero
2694 3971 2911 4041 penitus
2947 3987 2978 4026 a
3025 3972 3184 4026 nobis
3213 3973 3382 4026 multa
3423 3972 3565 4026 vidi-

1994 4076 2139 4120 mus.
2156 4063 2248 4116 Ais
2265 4063 2412 4116 enim
2435 4064 2488 4116 in
2513 4064 2750 4118 secunda
2772 4064 3023 4134 epistola,
3044 4065 3258 4136 signum
3281 4080 3403 4120 esse
3419 4063 3563 4135 ejus,

1995 4153 2140 4223 quod
2177 4151 2424 4207 Romana
2443 4154 2683 4209 Ecclesia
2706 4169 2733 4207 a
2759 4157 3283 4226 principioouinium
3319 4157 3569 4212 domina-

1997 4246 2160 4301 batur
2179 4287 2194 4311 ,
2225 4245 2356 4308 quia
2383 4245 2614 4300 Romani
2635 4249 2939 4318 pontiﬁces,
2958 4265 2986 4302 a
3014 4251 3170 4304 beato
3185 4249 3462 4304 Clemente
3486 4253 3570 4303 in-

1996 4338 2266 4409 cipiendo,
2296 4349 2554 4409 tanquam
2584 4342 2750 4394 totius
2773 4340 2925 4396 orbis
2942 4357 3131 4395 curam
3160 4356 3348 4410 gerere
3368 4339 3567 4395 deben-

1996 4437 2098 4498 tes,
2142 4431 2470 4486 universalia
2529 4432 2918 4488 administrare
2966 4449 3092 4488 mox
3122 4442 3448 4503 cmperunt:
3500 4433 3569 4487 ad

2002 4525 2286 4578 universos
2319 4524 2595 4594 regulares
2638 4525 2904 4593 epistolas
2940 4525 3244 4592 mittentes,
3288 4535 3342 4579 et
3370 4526 3573 4595 ubique

2001 4627 2224 4689 peccata
2251 4622 2527 4688 corrigere
2579 4620 2816 4674 nitentes
2844 4631 2899 4673 et
2946 4622 3216 4692 agendum
3251 4631 3578 4678 statuentes.

326 4699 443 4750 haec
473 4704 526 4750 et
559 4704 793 4763 utroque
850 4694 1014 4748 modo
1040 4694 1146 4748 dici
1187 4711 1374 4749 verum
1407 4706 1512 4764 est,
1565 4707 1618 4752 et
1645 4713 1711 4752 ex
1737 4699 1880 4755 Patre

2003 4711 2097 4787 Ex.
2115 4712 2314 4781 quibus
2349 4712 2592 4778 epistolis
2625 4714 2789 4767 multa
2821 4728 3014 4768 eorum
3059 4730 3206 4784 quas,
3233 4730 3380 4770 nunc
3406 4715 3576 4770 etiam

327 4803 427 4859 per
451 4787 650 4842 Filium
677 4805 690 4841 :
715 4797 768 4841 ct
801 4802 865 4838 ex
899 4785 1080 4852 Patre,
1113 4798 1166 4840 et
1190 4804 1255 4841 ex
1285 4787 1444 4844 Filio.

413 4880 715 4935 Tantorum
748 4877 930 4946 itaque
955 4875 1176 4931 Patrum
1210 4879 1556 4933 concordiam
1589 4894 1711 4934 cum
1742 4879 1908 4936 vidis-

342 4981 449 5038 set,
501 4979 555 5026 et
595 4977 815 5040 propter
861 4967 939 5022 rei
971 4969 1398 5038 magnitudinem
1445 4970 1625 5026 adhuc
1676 4972 1767 5026 his
1801 4987 1905 5026 non

343 5071 622 5128 contenta,
675 5069 940 5116 convocat
974 5061 1039 5115 ad
1093 5076 1153 5115 se
1207 5063 1490 5116 universos
1541 5061 1907 5118 Ecclesiarnm

343 5139 622 5226 praelatos,
660 5154 726 5207 ad
778 5151 1188 5222 inquisitionem
1222 5153 1751 5207 communicandam.
1785 5155 1904 5209 Uno

338 5251 520 5320 itaque
542 5246 710 5300 verbo
732 5245 820 5300 his
841 5245 934 5314 qui
965 5245 1256 5300 voluerunt
1282 5246 1549 5301 interesse
1584 5247 1747 5302 simul
1777 5265 1906 5304 con-

332 5341 596 5416 gregatis,
621 5338 942 5393 etomnibus
961 5347 1083 5406 post
1101 5337 1294 5392 factam
1321 5339 1398 5392 rei
1414 5353 1704 5408 congruam
1729 5342 1907 5411 inqui-

335 5434 614 5493 sitionem,
650 5428 715 5482 ad
747 5429 886 5482 idem
906 5428 1394 5494 consentientibus,
1426 5429 1660 5499 denique
1691 5443 1905 5501 aposto-

335 5525 439 5580 lica
483 5520 831 5582 auctoritate,
865 5519 966 5572 hoc
996 5532 1118 5572 esse
1152 5519 1297 5588 quod
1345 5527 1558 5588 Oportet
1609 5523 1780 5584 credi,
1807 5524 1903 5576 dc-

337 5615 597 5674 clarando
618 5611 964 5678 determinat,
993 5608 1047 5666 et
1069 5611 1404 5666 contrariqu
1427 5613 1666 5670 dicentes
1688 5615 1743 5669 in
1772 5631 1902 5686 por-

338 5712 486 5764 tione
520 5703 902 5761 htereticorum
932 5702 1193 5758 decernit.

411 5802 542 5868 Quae
586 5799 754 5868 Igitur
799 5795 903 5851 erit
930 5809 1076 5849 nunc
1116 5810 1231 5850 mea
1257 5798 1562 5864 excusatio,
1590 5799 1634 5855 si
1680 5799 1902 5856 noluero

2005 4801 2059 4854 in
2109 4801 2348 4856 Ecclesia
2404 4799 2716 4856 Graecorum
2768 4803 2927 4870 ﬁunt,
2985 4804 3314 4875 principium
3367 4806 3577 4860 habue-

2007 4901 2153 4946 runt.

2077 4983 2186 5064 Nos
2215 4999 2342 5039 vero
2381 5002 2558 5055 neque
2585 4987 2685 5042 has
2709 4988 2967 5058 epistolas
2998 4989 3255 5054 vidimus,
3282 5003 3457 5058 neque
3477 5002 3580 5056 pu-

2009 5073 2244 5125 tavimus
2287 5072 2337 5124 in
2380 5071 2563 5128 Graeca
2595 5075 2776 5146 lingua
2811 5079 2956 5146 ipsas
2985 5094 3130 5132 nunc
3153 5093 3293 5132 esse.
3329 5079 3460 5131 item
3495 5079 3584 5132 ais

2011 5161 2230 5216 beatum
2265 5165 2639 5233 Ambrosium,
2685 5170 3034 5241 Gregorium,
3069 5169 3460 5240 Hieronymum
3494 5172 3581 5224 di-

2012 5268 2137 5307 cere
2169 5254 2222 5309 in
2256 5257 2370 5311 suis
2396 5260 2634 5328 scriptis,
2673 5259 2936 5331 Spiritum
2967 5275 3216 5316 sanciunt
3257 5272 3311 5316 et
3346 5279 3409 5316 ex
3446 5262 3588 5316 Filio

2011 5347 2307 5412 procedere
2334 5364 2346 5400 :
2377 5364 2500 5416 quae
2530 5353 2730 5420 scripta
2770 5369 2868 5406 nos
2895 5353 3148 5408 similiter
3185 5369 3293 5408 non
3321 5355 3581 5408 vidimus.

2011 5435 2143 5490 Item
2190 5437 2294 5504 ais,
2347 5441 2491 5508 quod
2529 5439 2771 5496 Romana
2815 5443 3054 5498 Ecelesia
3105 5445 3173 5499 de
3223 5445 3411 5500 eodem
3457 5445 3588 5514 ipso

2011 5534 2333 5585 convocavit
2356 5536 2639 5590 uni-versos
2667 5536 3028 5591 Ecclesiarum
3050 5540 3323 5608 praelatos,
3351 5541 3417 5595 ad
3437 5557 3584 5596 com-

2014 5624 2399 5678 municandam
2438 5627 2595 5697 hujus
2647 5629 3079 5697 inquisitionem,
3125 5646 3178 5686 et
3227 5634 3315 5687 his
3359 5633 3454 5704 qui
3491 5650 3588 5690 ve-

2014 5715 2233 5768 luerunt
2260 5715 2525 5772 interesse
2560 5719 2718 5772 simul
2749 5723 3072 5791 aegrcgatis,
3099 5734 3154 5779 et
3174 5726 3431 5781 omnibus
3463 5737 3590 5796 post

2016 5805 2430 5862 convenientem
2461 5809 2658 5868 factam
2691 5811 3125 5883 inquisitionem,
3159 5818 3224 5872 ad
3261 5819 3403 5874 idem
3453 5834 3591 5874 con-
