4064 6474
257 449 272 456 __
299 356 436 426 ηδε

1431 354 1678 416 EPIST.
1715 353 1816 411 AD
1871 355 2379 417 BALLAAMUM.

3406 359 3468 424 12
3483 361 3538 424 ‘6

297 475 426 534 alia.
455 473 545 528 sed
571 481 682 527 tres
713 486 880 526 unum
930 486 1052 527 esse
1080 470 1379 540 sapientem
1433 480 1498 538 et,
1532 471 1885 538 omnipoten-
1924 482 1962 531 Α
1998 470 2362 523 sultsniztiam
2399 470 2697 524 unitatem:
2736 469 2862 540 quia
2903 485 3005 524 una
3042 480 3124 524 est
3176 486 3361 527 eorum
3430 477 3562 529 sub-

301 577 408 620 tem
437 576 487 616 et
511 565 734 630 bonum,
761 563 1216 633 quemadmodum
1249 571 1301 614 et
1334 576 1498 614 unum
1531 559 1723 613 Deum.
1760 561 1878 613 Alia

298 670 426 710 vero
451 663 571 710 sunt
595 655 894 723 personalia
927 664 977 710 ct
1006 655 1356 722 signiticativa
1378 667 1728 722 personarum
1747 653 1886 716 inter

298 760 356 799 se
380 746 688 811 relationis;
720 762 838 816 quae
855 746 1102 800 videlicet
1118 746 1264 798 nullo
1283 744 1441 797 modo
1459 753 1685 812 possunt
1703 744 1888 813 singu-

300 836 486 891 lariter
512 838 578 892 de
607 841 780 892 tribus
801 838 960 892 simul
982 837 1285 906 pradicari.
1304 835 1421 890 Non
1441 836 1584 889 enim
1612 845 1715 889 tres
1745 852 1885 888 unus

299 935 384 980 est
421 923 596 990 Pater,
633 927 712 979 vel
743 941 885 979 unus
912 924 1106 988 Filius,
1141 926 1223 978 vel
1256 941 1398 978 unus
1429 923 1728 994 lngenitus.
1777 925 1884 976 Ta-

299 1018 431 1070 lium
471 1017 634 1086 igitur
655 1025 757 1080 cst,
795 1026 847 1070 et
878 1019 1088 1086 Spirare
1125 1015 1390 1084 Spiritum
1442 1025 1496 1068 et
1558 1016 1882 1084 principium

298 1123 418 1163 esse
447 1108 626 1176 hujus.
659 1106 777 1162 Non
815 1109 960 1162 enim
996 1118 1105 1162 tres
1155 1122 1400 1176 persona:
1459 1122 1600 1161 unus
1653 1108 1885 1175 spirator

299 1209 403 1253 est.
439 1199 617 1264 Quare
646 1200 750 1254 hoc
778 1199 1120 1268 suppositum
1181 1214 1302 1252 esse
1355 1198 1409 1251 in
1469 1199 1583 1252 sola
1644 1197 1882 1267 ingenita

297 1307 552 1362 persona,
581 1308 686 1345 non
736 1293 896 1346 faciet
930 1291 1288 1345 diﬂ‘erentiam
1316 1290 1719 1344 substantialem
1768 1293 1885 1357 ejus

298 1395 350 1436 et
377 1383 516 1448 Filii,
555 1399 652 1438 nec
684 1393 997 1452 corrumpet
1030 1399 1218 1438 eorum
1257 1381 1559 1435 secundum
1624 1384 1882 1436 substan-

299 1476 426 1527 tiam
451 1475 810 1529 identitatem.
841 1473 974 1528 Nam
996 1491 1117 1530 cum
1145 1475 1378 1536 ingenita
1406 1490 1640 1543 persona
1684 1475 1883 1528 habeat

297 1566 576 1634 aequaliter
605 1576 657 1620 et
685 1581 941 1634 generare
970 1576 1022 1621 et
1081 1567 1310 1634 spirare,
1369 1576 1421 1620 et
1452 1582 1556 1619 non
1609 1567 1776 1635 magis
1808 1567 1884 1620 al-

300 1670 474 1712 terum
508 1676 665 1726 quam
708 1660 936 1713 alterunt
973 1700 986 1724 ,
1035 1658 1159 1711 licet
1196 1658 1263 1711 ab
1314 1657 1500 1722 altero,
1548 1668 1804 1727 tanquam
1854 1675 1882 1712 a

301 1751 472 1819 magis
504 1761 656 1817 noto,
685 1753 994 1803 nominetur
1026 1749 1224 1804 Pater:
1258 1750 1719 1818 quemadmodum
1750 1751 1881 1804 sub-

302 1843 569 1899 stantialis
609 1842 862 1896 idemitas
895 1843 1013 1910 ejus
1040 1852 1092 1895 et
1114 1839 1348 1910 Spiritus
1381 1843 1550 1894 sancti
1588 1857 1692 1894 non
1745 1843 1886 1909 cogit

305 1935 590 2001 Spiritum,
623 1943 682 1988 ut
717 1945 771 1987 et
802 1935 914 2001 ipse
944 1941 1184 2002 generet,
1210 1933 1302 2004 sed
1345 1933 1507 1984 etiam
1559 1948 1667 1984 non
1725 1947 1886 1999 gene-

302 2037 452 2080 rante
485 2026 622 2095 ipso,
650 2026 894 2078 salvatur
924 2025 1042 2091 ejus
1076 2024 1374 2077 secundum
1419 2023 1781 2078 substantiam
1813 2025 1880 2077 ad

301 2117 596 2184 ingenitam
633 2129 917 2184 personam
950 2113 1206 2166 identitas
1246 2129 1260 2176 ;
1327 2113 1397 2165 ita
1425 2122 1574 2165 certe
1622 2115 1884 2166 substan-

303 2207 448 2262 tialis
480 2207 734 2260 identitas
794 2205 913 2274 ejus
968 2205 1146 2258 Patris
1177 2215 1229 2256 et
1287 2202 1406 2256 Filii
1469 2219 1575 2256 non
1629 2213 1782 2271 coget
1831 2212 1884 2257 et

302 2299 498 2353 Filium
530 2301 736 2368 spirare
763 2297 1049 2366 Spiritum,
1084 2296 1177 2348 sed
1203 2295 1389 2358 etiam,
1438 2294 1557 2364 ipso
1613 2309 1718 2347 non
1770 2296 1883 2362 Spi-

304 2401 457 2445 rante
480 2389 999 2460 ipsum,salvabitur
1031 2393 1220 2456 utique
1253 2388 1372 2458 ejus
1400 2389 1464 2440 ad
1494 2388 1706 2440 Patrem
1753 2388 1882 2441 sub-

301 2481 860 2537 stantialisidentitas.
892 2479 1232 2548 Quapropter
1285 2478 1420 2532 nihil
1471 2481 1642 2548 magis
1677 2463 1879 2533 mereri

301 2589 523 2642 possum
551 2587 644 2641 per
679 2571 990 2642 hujusmodi
1030 2579 1375 2639 argumenta.

373 2669 478 2724 Sed
512 2669 752 2721 venioad
786 2667 1050 2730 secunda,
1080 2681 1200 2735 quin
1233 2665 1483 2719 videlicet
1508 2682 1572 2718 ex
1606 2665 1879 2734 personali

302 2760 602 2814 differentia
635 2757 753 2812 Filii
819 2759 884 2812 ad
942 2755 1204 2826 Spiritum
1241 2756 1442 2808 iaciunt
1481 2754 1879 2825 syllogismum.

298 2851 516 2904 Certum
559 2849 831 2917 est,quod
881 2863 946 2900 ex
979 2863 1035 2900 re
1083 2847 1296 2915 penitus
1350 2845 1554 2914 ignota,
1598 2855 1650 2898 et
1708 2862 1883 2914 neque

301 2941 550 3010 intelligi,
579 2955 752 3008 neque
782 2938 893 2992 dici
926 2946 1142 3007 potente
1202 2936 1332 2989 nihil
1372 2937 1702 3006 syllogistice
1750 2953 1879 2991 conv

301 3035 444 3088 cludi
473 3043 529 3089 et
555 3033 784 3088 inveniri
812 3041 1014 3104 potest.
1045 3033 1114 3085 At
1145 3047 1275 3085 vero
1300 3031 1543 3100 przeclari
1569 3041 1876 3084 nostrorum

301 3141 616 3183 sanctorum
645 3129 932 3180 doctorum
967 3124 1302 3186 testimonio,
1341 3139 1652 3192 quanquam
1693 3137 1876 3189 perso-

303 3221 499 3274 naliter
531 3219 748 3272 diﬂerre
782 3217 978 3270 Filium
1023 3231 1051 3270 a
1086 3215 1292 3284 Spiritu
1329 3219 1667 3275 conﬁtcntes,
1703 3224 1880 3267 tamen

302 3315 696 3367 inter-dixerunt
770 3311 927 3363 nobis
991 3309 1309 3378 investigare
1371 3308 1533 3376 hujus
1566 3307 1884 3361 dill'erentitn

302 3405 548 3470 modum,
583 3403 846 3467 dicentes,
880 3401 1095 3470 penitus
1130 3401 1460 3469 impossibile
1509 3415 1651 3464 esse,
1684 3416 1710 3452 a
1744 3415 1883 3469 quo-

299 3513 461 3566 quam
499 3497 552 3548 in
584 3510 747 3548 carne
792 3494 1096 3547 Viventimn
1150 3493 1459 3562 hujusmodi
1522 3491 1880 3546 differentiam

299 3589 554 3643 distincte
621 3585 846 3654 intelligi
899 3596 946 3639 et
1009 3585 1265 3654 exprimi.
1325 3585 1502 3650 Quare
1557 3584 1686 3654 quid
1721 3601 1787 3638 ex
1819 3599 1883 3638 ea

299 3680 548 3734 concludi
585 3678 791 3747 possit?

373 3773 543 3827 Video
577 3787 765 3824 rursus
795 3767 1084 3822 nonnullos
1109 3764 1429 3819 Latinorum
1485 3767 1554 3820 ita
1609 3779 1790 3835 aperte
1832 3779 1884 3822 et

300 3867 556 3920 distincte
581 3863 946 3931 exprimentes
977 3858 1361 3920 diﬂ‘erentiam,
1417 3874 1522 3927 qua
1556 3860 1745 3913 dill‘erl.
1763 3861 1884 3928 Spi-

305 3958 442 4010 ritus
477 3963 698 4008 sanctus
735 3966 764 4003 a
798 3948 1212 4013 Filio,utetiam
1261 3964 1354 4017 per
1395 3964 1752 4018 quoscunque
1784 3956 1880 4004 ιιυ-

301 4047 499 4110 mines,
530 4044 573 4097 si
609 4043 776 4096 solum
824 4039 1309 4108 quantulacunque
1377 4054 1441 4092 ex
1505 4052 1655 4107 parte
1705 4052 1884 4095 mente

299 4149 552 4198 utuntur,
580 4134 749 4203 possit
790 4131 1038 4200 intelligi.
1072 4129 1210 4198 Ergo
1262 4126 1384 4182 cum
1443 4130 1573 4182 nihil
1618 4131 1883 4198 videatur,

299 4238 522 4297 pr0pter
549 4228 690 4295 quod
755 4224 806 4278 bi
837 4224 941 4277 ﬁde
967 4222 1245 4287 digniores
1300 4231 1354 4274 et
1391 4223 1612 4289 majoris
1647 4225 1886 4277 auctori-

299 4320 429 4372 tatis
456 4319 559 4371 illis
583 4317 636 4369 in
665 4317 825 4369 tantis
858 4316 1020 4368 rebus
1048 4314 1388 4368 mstimeutur
1416 4329 1429 4365 :
1462 4329 1675 4382 nequeo
1709 4331 1885 4384 magis

1989 559 2207 623 stantia,
2247 563 2438 623 virtus,
2500 563 2770 624 voluntas,
2832 563 3096 628 sapientia
3153 573 3206 617 et
3258 573 3412 620 actus
3444 608 3457 630 ,
3511 578 3566 619 et

1988 659 2204 718 propter
2223 651 2337 704 haec
2378 653 2490 704 sola
2512 654 2706 706 dicitur
2729 669 2848 707 esse
2881 654 2965 707 hic
3005 655 3145 722 ejus.
3198 654 3563 721 Quemadmo-

1988 739 2114 791 dum
2146 755 2172 793 ε
2204 755 2464 793 converso
2503 740 2594 794 Dei
2626 739 2862 794 Verbum
2899 742 3108 812 gladius
3136 745 3333 798 dicitur
3365 762 3564 799 secun-

1986 825 2112 880 dum
2147 830 2462 896 Apostolum
2500 831 2793 900 Spiritns'.

2059 920 2212 975 Alius
2237 938 2426 976 rursus
2445 923 2611 987 dicat,
2638 925 2763 993 quia
2789 941 2892 976 non
2915 925 3089 978 solum
3119 937 3338 996 propter
3365 944 3485 996 quae
3511 941 3562 982 tu

1986 1010 2143 1075 dicis,
2172 1028 2355 1065 verum
2405 1013 2564 1066 etiam
2603 1023 2658 1066 ut
2689 1030 2754 1067 ex
2783 1016 2884 1069 hoc
2914 1016 3273 1086 intelligamus
3302 1021 3564 1088 Spiritum

1986 1112 2258 1164 sanctum,
2279 1114 2332 1155 et
2362 1118 2426 1156 ex
2463 1106 2581 1170 ipso
2610 1103 2748 1158 Filio
2795 1108 3088 1173 procedere
3117 1127 3129 1162 :
3168 1125 3266 1180 ego
3299 1113 3566 1180 COgitans,

1986 1196 2130 1264 quod
2157 1195 2317 1248 etiam
2345 1197 2642 1250 secundum
2691 1199 2840 1252 illum
2875 1217 3091 1254 sensum
3156 1213 3363 1258 tanturn
3421 1210 3570 1261 suilli-

1988 1288 2191 1341 eienter
2220 1299 2401 1356 posset
2431 1290 2668 1358 Spiritus
2702 1303 2925 1347 sanctus
2953 1292 3072 1347 Filii
3119 1311 3258 1361 esse,
3282 1298 3482 1354 ~hz‘esito
3515 1311 3572 1354 et

1970 1394 2094 1436 .non
2123 1370 2317 1444 habeo,
2353 1381 2440 1434 cui
2485 1384 2654 1451 magis
2685 1385 2976 1438 assentiar.

2061 1473 2321 1528 Similiter
2348 1477 2578 1530 mittitur
2608 1480 2792 1534 multis
2827 1480 2962 1535 locis
2992 1481 3289 1553 Scriptura:
3333 1484 3569 1555 Spiritus

1988 1576 2017 1614 a
2055 1560 2213 1614 Filio.
2239 1563 2383 1630 Ergo
2443 1567 2486 1618 si
2520 1582 2662 1620 unus
2708 1568 2873 1628 dicat,
2908 1573 3050 1638 quod
3105 1574 3561 1639 quemadnnnlum

1991 1654 2185 1719 Filius,
2227 1660 2517 1726 propterin
2539 1676 2703 1714 carne
2741 1663 2805 1714 ad
2844 1680 2944 1716 nos
2991 1666 3484 1723 manifestutionem
3518 1682 3572 1724 ct

1991 1748 2279 1799 adventum
2311 1749 2510 1802 dicitur
2537 1752 2671 1802 mitti
2709 1753 2871 1805 etiam
2929 1771 2955 1806 a
2982 1755 3190 1824 Spiritu
3249 1774 3462 1827 saneto,
3511 1772 3571 1817 ιιι

1991 1839 2041 1890 in
2079 1837 2212 1891 Isaia
2242 1841 2505 1908 scriptum
2530 1843 2650 1894 est’
2681 1863 2694 1896 :
2725 1843 2793 1896 ita
2826 1857 2878 1897 et
2905 1845 3141 1914 Spiritus
3167 1863 3406 1915 sanctus,
3436 1871 3572 1922 quo-

1989 1929 2130 1982 niam
2169 1930 2221 1983 in
2249 1931 2526 2002 aliquibus
2555 1933 2725 2002 signis
2758 1937 2914 1989 nobis
2966 1941 3346 1995 manifestatus
3375 1956 3478 2006 est,
3518 1958 3573 2000 et

1987 2019 2052 2073 ad
2085 2037 2182 2074 nos
2220 2024 2429 2076 venisse
2461 2027 2831 2092 temporaliter
2886 2028 3118 2097 dicitur,
3155 2049 3273 2101 qua:
3321 2040 3471 2106 signa
3497 2040 3571 2095 si-

1985 2112 2312 2181 gniﬁcabant
2374 2117 2592 2184 quidem
2648 2118 2992 2175 solunnnodo
3042 2125 3217 2192 ipsum
3267 2129 3570 2198 Spiritum,

1985 2202 2124 2258 facta
2163 2221 2290 2258 vero
2324 2216 2482 2260 erant
2511 2222 2539 2260 a
2574 2217 2681 2261 tota
2721 2208 3023 2278 Trinitate;
3060 2227 3280 2283 propter
3312 2221 3414 2274 hoc
3444 2232 3568 2274 tan-

1987 2303 2119 2359 tum,
2161 2306 2214 2349 et
2246 2313 2354 2350 non
2384 2308 2604 2367 pr0pter
2633 2301 2802 2365 aliud,
2839 2303 3039 2357 dicitur
3069 2316 3122 2359 et
3151 2324 3178 2360 a
3213 2307 3351 2363 Filio
3383 2313 3518 2366 mitti
3548 2333 3562 2379 ;

1984 2387 2124 2440 alius
2187 2388 2312 2441 item
2377 2391 2543 2456 dicat,
2580 2392 2720 2460 quod
2787 2408 2892 2446 non
2932 2397 3106 2449 solum
3166 2413 3386 2470 propter
3443 2405 3568 2469 hoc,

1983 2481 2074 2532 sed
2109 2488 2310 2532 utcum
2365 2481 2446 2534 his
2502 2482 2679 2536 adhuc
2708 2492 2760 2537 et
2820 2483 2949 2538 illud
3015 2488 3405 2560 intelligamus,
3443 2499 3571 2563 quia

1985 2568 2220 2638 Spiritus
2281 2579 2332 2625 et
2362 2588 2424 2626 ex
2457 2571 2593 2625 Filio
2635 2577 2876 2642 procedit
2902 2591 2916 2630 :
2941 2583 3277 2646 perpendens
3321 2602 3420 2655 ego
3453 2605 3574 2641 rur-

1984 2678 2100 2728 sus,
2131 2664 2275 2731 quod
2302 2664 2462 2717 etiam
2499 2667 2541 2718 si
2595 2682 2700 2719 non
2737 2670 2992 2735 procedat
3039 2672 3273 2740 Spiritus
3304 2691 3356 2731 et
3381 2696 3443 2732 ex
3481 2680 3571 2734 Fi-

1985 2757 2078 2816 lio.
2119 2766 2295 2809 tamen
2329 2767 2381 2808 et
2410 2759 2708 2812 secundum
2760 2761 2909 2814 illum
2935 2779 3154 2819 sensum
3181 2777 3388 2823 tantum
3422 2773 3575 2826 stilli-

1983 2849 2186 2903 cieuter
2223 2849 2407 2916 utique
2451 2851 2723 2903 diceretur
2766 2853 2832 2903 ab
2863 2841 3002 2922 ipso
3053 2857 3230 2912 mitti:
3285 2863 3471 2916 eadem
3501 2866 3574 2918 si-

1984 2938 2182 2991 militer
2203 2938 2455 2992 detentus
2483 2955 2602 2993 sum
2638 2940 3001 2998 dubitatione.

2054 3028 2266 3082 Rursus
2318 3030 2371 3081 in
2397 3043 2550 3083 sacra
2589 3031 2871 3100 Scriptura
2907 3051 2971 3087 ex
3037 3034 3172 3090 Filio
3220 3039 3465 3108 act-ipare
3500 3043 3578 3096 di-

1990 3116 2130 3172 citur
2155 3117 2406 3186 Spiritus,
2446 3132 2497 3172 et
2527 3121 2595 3174 ab
2641 3123 2757 3190 ipso
2784 3112 3094 3180 itisuiﬂante
3134 3128 3251 3182 dati
3277 3131 3326 3186 ³.
3355 3131 3492 3201 Ergo
3530 3139 3576 3190 si

1990 3225 2133 3264 uuus
2167 3210 2329 3273 dicat,
2361 3214 2615 3280 quoniam
2648 3215 2760 3283 ipse
2783 3215 2870 3268 Dei
2898 3216 3063 3272 Filius
3089 3236 3280 3288 magna
3330 3224 3576 3292 quadam

1990 3304 2201 3357 dixerat
2231 3307 2295 3360 de
2331 3306 2534 3374 Spiritu
2553 3319 2778 3362 sancto:
2809 3309 2936 3378 quia
2986 3311 3248 3366 adversus
3276 3330 3398 3368 eum
3435 3317 3581 3371 blas-

1991 3395 2210 3463 phemia
2243 3396 2638 3454 irremissibilis
2670 3410 2774 3464 est,
2810 3413 2861 3453 et
2903 3385 3178 3472 quiaiipse
3203 3408 3384 3460 omnia
3416 3409 3581 3463 doce-

1990 3487 2068 3540 bit
2097 3496 2151 3539 et
2185 3485 2530 3539 annuntiabit
2569 3495 2622 3539 et
2664 3487 2856 3555 diriget
2900 3491 2964 3541 ad
2995 3507 3208 3543 omnem
3271 3496 3576 3556 veritatem,

1990 3587 2043 3630 et
2088 3575 2405 3644 simpliciter
2488 3576 2877 3630 charismatum
2963 3579 3406 3635 distributioziem
3468 3586 3577 3653 ipsi

1990 3668 2308 3722 attribuerat
2338 3685 2352 3721 :
2385 3679 2440 3721 ut
2469 3684 2572 3722 non
2619 3669 2888 3722 aastiment
2910 3674 3157 3739 apostoli,
3212 3676 3291 3727 vel
3335 3686 3455 3743 post
3485 3694 3581 3732 eos

1990 3758 2194 3822 fideles,
2239 3759 2460 3826 majoris
2501 3759 2777 3827 dignitatis
2835 3755 2898 3813 ac
2940 3764 3193 3827 potentiae
3242 3781 3361 3820 esse
3411 3767 3584 3835 Spiri-

1992 3862 2102 3904 tum
2149 3866 2310 3918 quam
2369 3850 2612 3923 Filium;
2674 3850 2795 3903 ideo
2852 3854 3026 3906 solum
3083 3862 3137 3908 et
3191 3871 3298 3909 non
3359 3869 3581 3927 propter

1993 3940 2138 3994 aliud
2169 3939 2324 4002 dixit,
2361 3941 2503 4008 quod
2572 3940 2806 4006 Spiritus
2857 3953 3081 3999 S.tllClllS
3113 3962 3177 3999 ex
3211 3964 3273 4001 eo
3326 3949 3578 4018 accipiet.

1992 4049 2113 4101 qutc
2149 4033 2443 4096 nuntiabit,
2471 4042 2523 4084 et
2584 4034 2906 4088 insuman-lo
2959 4036 3136 4104 ipsum
3166 4041 3295 4092 dare
3326 4045 3580 4096 ostende-

1995 4125 2104 4186 bat,
2131 4131 2186 4175 ttt
2215 4140 2390 4192 neque
2419 4126 2674 4190 majorem
2713 4141 2778 4178 eo
2807 4127 3068 4194 Spiritum
3093 4119 3369 4196 putemus,
3396 4141 3447 4186 et
3478 4150 3577 4186 nos

1994 4217 2296 4270 deiticantia
2325 4217 2656 4269 charismata
2708 4222 3020 4273 communia
3056 4237 3176 4273 esse
3213 4221 3331 4275 Filii
3368 4234 3416 4276 el
3453 4224 3582 4292 Spi-

1996 4309 2130 4361 ritus
2161 4308 2336 4361 sancti
2366 4308 2689 4374 credamus;
2726 4309 2863 4363 alius
2890 4327 3079 4366 rursus
3134 4314 3298 4378 dicat,
3345 4318 3471 4382 quia
3525 4323 3583 4370 et

299 4412 569 4480 hisquam
627 4409 737 4462 illis
797 4406 1044 4470 credens,
1121 4419 1243 4472 quae
1305 4404 1502 4458 exinde
1556 4407 1888 4460 concludunt
1925 4429 1965 4480 ι)
1996 4409 2214 4468 propter
2247 4401 2367 4464 hoc,
2399 4410 2452 4451 et
2504 4400 2681 4454 adhuc
2720 4411 2778 4454 ut
2838 4403 3221 4471 intelligamus,
3254 4417 3306 4460 et
3341 4426 3403 4460 ex
3460 4410 3581 4478 ipso

300 4503 580 4570 recipere;
613 4511 666 4553 et
697 4497 818 4551 ideo
859 4510 1034 4564 neque
1082 4509 1178 4564 per
1215 4493 1530 4563 hujusmodi
1578 4509 1898 4566 argumenta

297 4594 616 4665 persuaderi
642 4591 774 4644 mihi
808 4597 1008 4657 potest.

377 4688 623 4741 Eundqu
659 4685 822 4753 igitur
854 4681 923 4734 sit
955 4689 1009 4733 et
1039 4679 1104 4731 ad
1136 4677 1244 4741 illa,
1279 4692 1398 4745 quae
1421 4692 1487 4731 ex
1539 4677 1721 4731 divina
1751 4679 1898 4731 Scri-

300 4793 467 4849 ptura
502 4783 980 4847 argumentantur.
1010 4771 1251 4823 Primum
1280 4771 1482 4839 quippe
1516 4771 1582 4822 de
1628 4771 1712 4825 his
1764 4771 1892 4825 illud

299 4872 668 4926 communiter
687 4865 999 4927 considero,
1021 4863 1159 4930 quod
1183 4862 1226 4915 si
1248 4872 1392 4915 esset
1416 4861 1753 4930 impossibile
1777 4867 1894 4916 cui-

299 4965 458 5028 libet,
479 4958 880 5029 propositorum
918 4970 1011 5023 per
1040 4969 1135 5007 eos
1162 4953 1434 5005 dictorum
1470 4967 1692 5006 sensum
1728 4955 1891 5005 alium

303 5059 453 5126 pium
483 5062 536 5106 et
566 5049 898 5105 sullieienter
940 5061 998 5099 se
1027 5046 1314 5097 habentem
1371 5052 1646 5111 coaptare,
1705 5043 1776 5096 ita
1809 5059 1895 5110 so_

303 5148 418 5200 lum
448 5141 811 5198 necessarium
835 5145 1001 5198 esset,
1029 5136 1170 5203 quod
1195 5134 1296 5201 ipsi
1323 5148 1388 5186 ex
1420 5135 1501 5186 eis
1531 5135 1893 5202 concludunt.

300 5234 574 5301 Quoniam
611 5243 737 5283 vero
769 5243 874 5280 non
912 5226 1109 5292 magis,
1144 5232 1202 5275 ut
1239 5221 1341 5290 ipsi
1374 5221 1700 5290 intelligunt,
1734 5239 1894 5290 quam

303 5335 366 5382 ut
396 5325 506 5386 alii,
537 5329 768 5392 possunt
800 5319 985 5371 eadem
1030 5313 1282 5380 intelligi,
1320 5325 1641 5364 neutrorum
1675 5329 1885 5367 sermo-

223 5427 260 5437 “
303 5436 406 5474 nes
442 5432 634 5486 cogere
666 5429 750 5467 me
791 5413 986 5466 talem.
1017 5408 1150 5462 Nam
1187 5413 1289 5461 hoc
1323 5406 1499 5476 ipsum
1569 5407 1708 5473 quod
1765 5406 1886 5474 Spi-

302 5515 451 5568 ritus
476 5521 696 5564 sanctus
753 5507 940 5560 multis
981 5505 1112 5560 locis
1167 5501 1460 5569 Scriptura:
1515 5500 1714 5553 dicitur
1771 5515 1891 5554 esse

301 5605 454 5669 Filii,
489 5611 708 5672 propter
740 5601 908 5655 solam
939 5613 1098 5667 quam
1137 5595 1443 5647 habetcum
1475 5606 1539 5643 eo
1591 5592 1888 5644 secundum

388 5790 400 5822 '
439 5784 638 5853 Epiros.
675 5801 748 5848 Vl,
785 5785 869 5838 17.
983 5784 1002 5811 ³
1031 5784 1137 5834 lsa.
1177 5797 1288 5846 ut,
1325 5781 1375 5833 ι.

1484 5780 1503 5809 ³
1531 5775 1688 5831 Joan.
1728 5791 1816 5835 xx,
1845 5774 1938 5828 ‘22.

2002 4489 2139 4544 Filio
2187 4491 2594 4560 proccssionem
2655 4493 2893 4561 Spiritus
2935 4513 2947 4547 :
2984 4498 3228 4564 cogitans
3273 4517 3396 4569 ego,
3435 4508 3580 4571 quod

1999 4593 2052 4636 et
2086 4583 2387 4637 secundum
2448 4584 2596 4635 illum
2645 4602 2865 4638 sensum
2930 4597 3133 4641 tantum
3168 4591 3496 4646 suﬂicienter
3526 4611 3584 4647 se

1999 4686 2178 4745 posset
2235 4678 2432 4729 habere
2496 4676 2798 4744 Scriptura,
2869 4695 2972 4731 non
3029 4680 3183 4734 video
3229 4662 3584 4739 causam—vol)

1997 4785 2157 4836 quam
2201 4768 2372 4835 magis
2413 4768 2604 4822 Latino
2635 4770 2874 4822 credam.

2066 4858 2192 4909 Item
2215 4857 2427 4911 Patrem
2451 4869 2502 4912 et
2523 4857 2716 4912 Filium
2741 4876 2905 4912 unum
2929 4862 3120 4915 essein
3143 4862 3419 4930 Scriptura
3442 4867 3582 4918 scri-

2001 4960 2146 5015 ptum
2187 4960 2290 5013 cst,
2317 4951 2574 5002 etonniia
2614 4966 2734 5018 quire
2766 4962 2894 5005 sunt
2944 4953 3139 5014 I’atris,
3175 4956 3337 5007 etiam
3371 4964 3423 5007 et
3456 4956 3578 5009 Filii

1997 5054 2140 5092 esse.
2209 5042 2270 5092 Et
2301 5057 2365 5094 ex
2395 5043 2494 5094 hoc
2547 5043 2882 5096 concludunt
2948 5045 3024 5096 illi
3065 5061 3222 5098 suum
3265 5047 3479 5115 do-gma.
3513 5051 3578 5101 At

2001 5145 2127 5182 vero
2154 5131 2197 5183 si
2237 5131 2357 5199 quis
2381 5132 2521 5184 dicat
2555 5150 2568 5186 :
2603 5132 2646 5187 Ο
2681 5133 2880 5194 Latini,
2914 5135 3045 5187 nihil
3073 5137 3238 5203 magis
3272 5152 3337 5188 ex
3379 5140 3460 5190 liis
3486 5155 3582 5190 ne-

2001 5224 2301 5276 cessarium
2332 5233 2412 5276 est
2435 5223 2628 5276 Filium
2665 5226 2988 5292 principium
3021 5241 3142 5279 esse
3168 5227 3422 5294 Spiritus,
3454 5229 3581 5294 quia

1998 5317 2160 5369 etiam
2193 5334 2255 5369 ex
2285 5332 2511 5382 persona
2541 5316 2777 5383 Spiritus
2815 5318 2988 5370 sancti
3049 5315 3157 5369 dici
3213 5331 3394 5384 posset
3424 5335 3438 5369 ;
3468 5318 3578 5388 Ego

1997 5409 2317 5476 etSpirator
2363 5422 2530 5460 unum
2567 5423 2776 5468 sumus,
2806 5419 2860 5461 ct
2884 5410 3069 5462 omnia
3115 5423 3453 5477 quaecunque
3488 5412 3584 5461 ha-

1998 5501 2086 5552 bet
2114 5498 2363 5566 Spirator
2387 5513 2506 5552 mea
2533 5509 2680 5551 sunt.
2709 5496 2810 5550 Sed
2843 5499 3012 5550 nihilo
3037 5500 3288 5568 magisex
3321 5499 3405 5552 his
3425 5498 3585 5553 Pater

2000 5601 2141 5644 esset
2187 5590 2421 5660 Spiritus
2449 5600 2687 5645 sanctus.
2719 5587 2856 5658 Ergo
2890 5589 2935 5644 si
2962 5589 3085 5657 quis
3115 5590 3228 5645 hinc
3257 5589 3422 5656 dicat,
3448 5590 3587 5661 quid
