4064 6458
588 378 727 445 1287

1804 370 2190 433 DEMETRII
2232 368 2552 430 CYDONII

3707 367 3813 433 1233

587 497 763 567 magis
795 495 971 551 Latini
1008 492 1453 566 pcrsuasibiliora
1491 491 1676 546 dicent
1700 491 1721 542 ’ἱ
1747 491 1858 560 Ego
1898 489 2044 542 enim
2079 502 2183 541 non
2220 494 2260 548 Α
2293 483 2684 548 miltividetur;
2715 496 2836 536 nam
2858 481 2924 536 de
2945 483 3126 536 divina
3155 481 3436 551 ScripInra
3468 495 3568 534 non
3589 481 3654 536 ita
3684 492 3818 550 patet.

585 601 878 658 perspicio.

660 679 794 734 Item
834 678 920 730 ubi
941 675 1389 744 diritApostolus
1433 691 1447 728 :
1487 672 1777 726 tDomimts
1803 668 2184 738 Jesusinter/i—

589 770 684 824 ciet
703 769 1086 822 Antichristum
1113 769 1308 836 spiritu
1333 769 1442 820 ori:
1470 765 1555 818 sui
1576 764 1650 828 ⁸,»
1689 763 1882 832 illiipsi
1921 761 2183 831 Spiritum

590 869 838 915 sanctum
871 861 1080 912 dictuttt
1109 875 1231 914 esse
1257 860 1329 914 ibi
1353 860 1658 918 credentes.
1698 857 1747 910 id
1811 856 1990 924 ipsum
2051 870 2186 907 con-

588 955 834 1009 cludunt.
868 955 935 1006 At
985 954 1149 1007 etiam
1179 954 1268 1008 hic
1297 963 1472 1023 potest
1512 951 1638 1014 dici,
1675 951 1934 1018 quoniam
1971 964 2070 1002 nos
2099 947 2183 1000 ni-

591 1045 663 1098 hil
703 1045 773 1097 ita
813 1044 971 1098 facile
1016 1042 1297 1108 eliicimus,
1343 1055 1506 1110 qua-tu
1559 1039 1650 1092 illa
1694 1053 1815 1106 qua:
1857 1034 2183 1090 insulihndo

591 1138 771 1192 solum
815 1136 1097 1200 facimus;
1139 1135 1326 1188 volens
1368 1131 1748 1202 Apostolusex
1791 1137 1974 1182 nostra
2006 1136 2186 1179 trans-

591 1231 793 1284 latione
848 1229 1180 1293 ostendere,
1238 1241 1405 1295 quam
1463 1223 1786 1278 facillimum
1845 1229 1929 1274 est
1962 1217 2184 1274 Christo

591 1321 904 1378 interﬁcere
955 1319 1380 1384 Antichristum,
1427 1326 1483 1372 et
1522 1317 1728 1370 nullam
1758 1314 1968 1368 habens
1991 1311 2039 1366 ei
2070 1307 2183 1364 dif-

596 1412 913 1477 ﬁcultatem,
945 1412 1143 1482 spiritu
1177 1409 1289 1465 oris
1323 1409 1444 1476 eius
1495 1406 1634 1462 dixit
1669 1412 1976 1476 apostatatn
2013 1401 2182 1455 inter-

597 1503 913 1567 tteiendum,
951 1502 1176 1556 minime
1227 1498 1303 1555 ibi
1350 1497 1616 1568 Spiritum
1649 1505 1900 1551 sanctum
1951 1490 2182 1562 intelligi

595 1599 808 1652 volens.

669 1690 793 1743 lltec
820 1704 950 1758 ergo
984 1686 1026 1741 si
1060 1685 1184 1755 quis
1236 1683 1458 1749 dixerit,
1507 1679 1865 1736 haesitandum
1917 1675 2052 1731 mihi
2102 1675 2183 1728 vi-

595 1788 756 1842 detur
787 1783 1032 1846 omnino,
1061 1781 1149 1836 cui
1199 1778 1373 1848 magis
1411 1775 1819 1830 concedendum
1856 1773 1950 1828 sit.

2288 589 2346 630 ut
2381 577 2620 630 animam
2652 592 2746 641 per
2776 592 2835 632 se
2879 590 3066 629 verum
3099 585 3458 644 quaerentem,
3494 575 3558 627 ab
3602 574 3731 625 onnti
3753 592 3821 628 re-

2287 676 2501 720 moveat
2531 666 2904 736 ambiguitate.
2949 666 3006 720 Si
3057 681 3189 720 vero
3221 681 3249 717 a
3286 679 3441 720 Sacra
3478 662 3759 734 Scriptura,
3782 676 3824 719 et

2287 759 2390 812 [ide
2425 759 2581 814 nobis
2610 760 2843 825 traditis,
2894 761 3110 829 penitus
3159 761 3492 825 recedentes,
3534 760 3596 814 ad
3634 771 3826 846 natura-

2284 851 2390 904 lem
2425 852 2690 905 rationem
2739 869 3024 907 recurrere
3065 853 3331 916 velimus;
3394 852 3554 905 miror
3601 851 3644 906 si
3687 867 3825 906 unum

2286 945 2454 999 Deum
2493 944 2964 1014 simplicissimum
3005 947 3059 999 in
3111 947 3287 1000 tribus
3319 945 3568 1015 perfectis
3614 948 3828 1014 persmtis

2283 1055 2381 1110 per
2407 1039 2575 1094 solam
2598 1040 2901 1094 naturalem
2933 1039 3220 1102 rationem,
3252 1049 3510 1108 tanquam
3538 1040 3728 1108 aliquid
3754 1057 3824 1094 eo-

2286 1148 2427 1198 rum,
2453 1147 2574 1203 quae
2600 1131 2980 1187 mathematice
3009 1133 3477 1197 demonstrantur,
3507 1133 3730 1187 invenire
3754 1149 3829 1202 po-

2285 1223 2541 1276 terimus.

2355 1316 2467 1385 Age
2500 1329 2632 1385 ergo
2664 1315 2783 1370 ﬁdei
2840 1316 3052 1370 ratione
3112 1316 3532 1384 οοιηριυςιειιτεδ
3589 1315 3828 1370 videamus

2295 1420 2417 1474 qua:
2448 1405 2754 1467 necessitas
2806 1408 2878 1461 sit
2919 1419 2976 1461 ut
3033 1408 3210 1462 Patris
3244 1416 3297 1462 et
3365 1408 3485 1463 Filii
3524 1411 3744 1465 charitas
3779 1413 3832 1464 sit

2288 1497 2379 1553 illo
2410 1503 2574 1553 modo
2613 1500 2848 1570 Spiritus
2883 1513 3128 1556 sanctus.
3159 1505 3346 1573 Itaque
3397 1506 3441 1560 si
3465 1505 3604 1559 idem
3658 1506 3832 1576 simpli-

2287 1590 2424 1645 citer
2453 1601 2539 1646 est
2574 1591 2719 1646 Patri
2745 1609 3006 1664 generare
3039 1595 3258 1660 Filium,
3293 1607 3346 1651 et
3369 1598 3593 1666 diligere
3623 1597 3831 1667 Filium;

2285 1694 2340 1734 et
2360 1684 2640 1750 generatio
2655 1699 2786 1753 ergo
2811 1695 2895 1740 est
2925 1685 3068 1740 idem
3086 1689 3409 1758 simpliciter
3428 1691 3575 1760 quod
3605 1691 3833 1756 charitas,

2287 1788 2394 1842 qua
2413 1773 2577 1828 Pater
2593 1775 2764 1844 diligit
2783 1775 3004 1843 Filium,
3021 1791 3074 1833 et
3107 1796 3196 1848 per
3215 1796 3579 1852 consequens.
3603 1782 3709 1853 ipsa
3728 1781 3832 1836 Filii

667 1879 800 1932 ltem
829 1875 919 1930 ubi
953 1874 1218 1941 scriptum
1271 1877 1355 1924 est
1402 1867 1572 1921 Deum
1615 1864 1941 1919 charitatem
1971 1875 2095 1916 esse
2139 1860 2184 1926 ',
2219 1848 2260 1902 Β
2291 1868 2571 1934 generatio
2604 1859 2838 1935 Spiritus
2873 1881 3098 1926 sanctus
3129 1881 3244 1940 est,
3275 1848 3416 1942 quod
3450 1889 3560 1928 non
3596 1848 3830 1929 modicum

593 1983 648 2027 et
679 1969 1000 2024 charitatem
1024 1981 1090 2020 ex
1123 1963 1234 2018 Deo
1267 1961 1382 2015 :illi
1415 1959 1740 2014 charitatem
1772 1954 1878 2009 dici
1921 1953 2186 2022 Spiritum

595 2072 842 2118 sanctum
898 2057 1276 2128 accipientes,
1339 2053 1486 2107 illam
1556 2047 1827 2112 videlicet,
1869 2061 1976 2117 qua
2027 2043 2190 2098 Pater

593 2153 773 2223 diligit
804 2148 1023 2214 Filium,
1058 2155 1114 2201 et
1163 2144 1335 2199 Filius
1367 2143 1607 2206 Patrem,
1669 2139 2030 2200 concludunt,
2080 2135 2188 2188 alia

592 2247 840 2316 quasdam
871 2258 964 2312 per
995 2242 1234 2294 medium
1287 2237 1570 2297 addentes,
1597 2248 1662 2286 ex
1718 2242 1948 2300 utroque
2010 2228 2187 2296 ipsum

594 2337 914 2410 procedere,
983 2334 1115 2387 mihi
1151 2331 1324 2386 nihilo
1360 2329 1530 2399 ttzagis
1564 2343 1630 2381 ex
1663 2327 1746 2379 his
1769 2321 2187 2395 persuadentes.

592 2429 817 2498 Quare?
844 2429 1102 2498 primum,
1137 2424 1265 2494 quia
1309 2437 1420 2475 non
1466 2419 1631 2474 nimis
1658 2426 1868 2472 certum
1901 2421 2188 2469 estutrttm

597 2525 861 2594 Spiritum
891 2529 1139 2576 sanctum
1177 2517 1250 2572 ibi
1293 2513 1606 2570 intendebat
1667 2514 1860 2566 beatus
1911 2507 2188 2568 Joannes;

597 2615 733 2670 nihil
764 2615 908 2668 enim
942 2610 1187 2680 impedit,
1211 2617 1266 2663 et
1299 2607 1370 2660 ita
1418 2618 1693 2675 exponere
1749 2601 2041 2662 dicentem,
2100 2597 2193 2652 ubi

597 2709 804 2762 dictum
831 2713 958 2760 est:
1009 2704 1152 2757 Deus
1197 2699 1437 2755 charitas
1495 2706 1597 2760 est,
1632 2694 1705 2749 ibi
1735 2695 1798 2748 de
1856 2694 1973 2762 ipso
2023 2692 2193 2747 Trino

601 2798 712 2852 Deo
737 2796 908 2865 ipsam
939 2794 1260 2848 charitatem
1293 2787 1602 2859 praedicari,
1636 2785 1729 2840 illo
1763 2785 1943 2846 modo,
1977 2799 2088 2852 quo
2120 2784 2198 2837 ait

597 2895 825 2940 sanctus
859 2883 1170 2950 Dionysius,
1205 2881 1372 2935 etiam
1411 2877 1659 2934 omnium
1713 2876 1920 2930 entium
1974 2875 2192 2928 nomina

599 2994 763 3046 posse
791 2979 860 3032 de
887 2975 998 3031 Deo
1025 2973 1329 3030 secundum
1385 2985 1612 3025 causam
1656 2967 1970 3038 praedicari,
2000 2978 2054 3020 ct
2079 2981 2193 3019 ma-

599 3073 745 3126 xime
771 3069 1118 3124 nobilissima
1142 3078 1194 3120 et
1237 3065 1603 3128 divinissitna,
1643 3062 1804 3118 sicuti
1833 3069 1918 3116 est
1969 3060 2192 3114 Bonitas

598 3163 745 3229 Vita,
773 3161 1152 3224 Pulchritudo,
1184 3157 1301 3212 Lux
1326 3169 1379 3213 et
1405 3157 1649 3220 similia;
1679 3155 1770 3210 ubi
1806 3169 1933 3210 vero
1957 3154 2189 3208 dicitur:

600 3254 857 3310 Charitas
883 3269 946 3308 ex
985 3251 1095 3306 Deo
1117 3260 1229 3316 est,
1266 3249 1341 3303 ibi
1375 3251 1551 3319 ipsum
1587 3247 1918 3302 cltaritatum
1942 3245 2192 3299 allectum

605 3363 715 3415 quo
747 3347 855 3400 Deo
876 3354 930 3400 ct
972 3345 1134 3400 nobis
1162 3344 1396 3398 invicem
1466 3341 1709 3407 unimur,
1751 3355 1816 3395 ex
1865 3341 1982 3410 ipso
2028 3339 2196 3392 Tritto

606 3439 719 3494 Deo
751 3438 910 3492 nobis
942 3436 1051 3493 dici
1078 3435 1274 3491 adesse
1331 3435 1426 3489 illo
1455 3433 1642 3495 modo,
1670 3449 1778 3503 quo
1804 3443 1858 3488 et
1892 3447 2057 3486 omne
2099 3431 2198 3485 bo-

603 3546 736 3586 num
773 3541 827 3585 et
898 3532 1190 3585 honestum
1221 3543 1287 3582 ex
1322 3529 1436 3583 Deo
1500 3528 1659 3582 nobis
1687 3542 1809 3582 esse
1842 3525 2099 3580 dicimus.

678 3625 880 3677 Deinde
910 3623 955 3677 si
981 3636 1146 3693 quam
1195 3620 1432 3675 maxime
1460 3619 1634 3689 ipsum
1660 3616 1923 3688 Spiritum
1950 3627 2199 3671 sanctum

603 3714 658 3767 itt
696 3713 802 3768 illis
831 3713 1079 3766 nominat
1107 3711 1432 3766 chatitatem
1483 3710 1809 3780 Apostolus,
1865 3717 2006 3761 unde
2037 3721 2200 3773 patet,

609 3817 790 3860 utrum
822 3807 966 3858 illam
1027 3806 1352 3860 charitatem
1380 3804 1499 3873 ipse
1548 3801 1823 3871 intelligit,
1877 3817 1984 3870 qua
2044 3801 2203 3857 Pater

604 3901 781 3970 diligit
818 3899 1039 3962 Filium,
1095 3906 1149 3952 et
1188 3896 1361 3952 Filius
1395 3896 1638 3965 Patrem,
1707 3897 1800 3954 sed
1859 3911 1968 3953 non
2032 3899 2204 3969 magis

608 3993 940 4047 inditl'ercnti
963 3992 1219 4056 modo,et
1250 3990 1441 4058 simili,
1468 3991 1647 4060 ipsum
1668 3994 1993 4049 charitatem
2023 3994 2204 4047 nomi-

606 4087 804 4140 navit:
841 4085 982 4139 sicut
1011 4086 1178 4139 etiam
1211 4083 1383 4139 Filius
1420 4084 1505 4138 vel
1542 4083 1727 4150 Pater,
1762 4087 1844 4141 vel
1883 4097 1995 4142 tota
2034 4086 2202 4142 simul

606 4177 871 4240 Trinitas,
927 4177 1168 4230 charitas
1223 4177 1606 4246 gnomittatttr:
1665 4179 2126 4247 quemadmodum
2156 4198 2209 4249 (ιι

608 4269 715 4322 alia
784 4268 1114 4322 charismata
1172 4267 1556 4323 attribuuntur
1600 4270 1950 4341 singulariter
1980 4270 2206 4341 Spiritui

609 4369 825 4425 sancto,
859 4373 980 4427 quae
1012 4358 1148 4412 nihil
1213 4360 1396 4413 minus
1460 4369 1514 4415 et
1545 4360 1644 4414 toti
1709 4361 1962 4416 Trinitati
2020 4365 2210 4418 eodem

610 4450 777 4506 modo
805 4460 1134 4520 congruunt.
1165 4450 1435 4508 Caeterum
1481 4463 1537 4508 et
1576 4453 1747 4509 Filius
1785 4456 2050 4524 sapientia
2085 4458 2214 4526 qui-

2302 1955 2616 2012 mirandum
2646 1970 2749 2022 est,
2784 1973 2840 2014 et
2864 1962 3100 2018 maxime
3152 1963 3196 2018 si
3235 1964 3496 2034 genitum,
3557 1965 3834 2036 principium

2290 2058 2372 2101 est
2398 2063 2509 2104 sua:
2537 2053 2924 2120 generationis.
2957 2053 3014 2110 Si
3056 2070 3183 2111 vero
3235 2057 3380 2112 aliud
3407 2066 3488 2113 est
3519 2056 3661 2112 Patri
3707 2075 3836 2131 gene-

2293 2153 2413 2193 rare
2445 2138 2668 2208 Filium,
2690 2153 2743 2197 et
2769 2145 2993 2215 diligere
3035 2146 3115 2201 vel
3153 2147 3663 2220 intelligereipsum,
3687 2150 3832 2204 adhuc

2295 2230 2472 2298 magis
2504 2239 2589 2285 est
2629 2232 2958 2298 mirandum,
3013 2242 3285 2306 quomodo
3332 2243 3612 2309 generatio
3659 2241 3837 2310 quidem

2293 2337 2398 2391 qua
2424 2321 2584 2377 Pater
2615 2335 2842 2394 generat
2869 2325 3092 2394 Filium,
3130 2346 3239 2384 non
3269 2334 3554 2387 ccttstituit
3577 2333 3722 2386 aliain
3744 2347 3838 2400 per-

2294 2428 2508 2479 sonam,
2564 2432 2747 2488 neque
2796 2420 3120 2483 itttellectio,
3156 2438 3261 2492 qua
3302 2421 3462 2479 Pater
3511 2423 3743 2492 intelligit
3772 2421 3837 2484 εἰ.

2296 2516 2426 2570 lium
2455 2531 2470 2580 ;
2510 2515 2741 2585 diligere
2775 2531 2906 2570 vero
2937 2517 3115 2586 ipsum
3151 2534 3256 2573 non
3299 2530 3491 2591 potest,
3525 2522 3627 2577 nisi
3662 2519 3838 2575 dilectio

2295 2607 2388 2661 illa
2437 2609 2654 2662 tertiam
2679 2611 2983 2664 constituat
3035 2626 3368 2679 personam:
3409 2622 3464 2668 et
3500 2615 3721 2669 maxime
3742 2627 3838 2666 cum

2298 2697 2364 2751 sit
2396 2699 2665 2766 possibile
2695 2700 2902 2765 dicere,
2930 2705 3074 2769 quod
3126 2701 3370 2774 Spirator
3396 2704 3573 2773 diligit
3603 2714 3654 2759 et
3685 2701 3842 2756 intelli-

2296 2791 2372 2860 git
2397 2791 2686 2859 Spiritum,
2726 2803 2780 2845 et
2811 2790 3048 2862 Spiritus
3076 2793 3252 2862 diligit
3277 2806 3330 2850 et
3386 2797 3639 2866 intelligit
3666 2797 3844 2850 Patrem

2297 2893 2349 2937 et
2373 2883 2570 2938 Filium
2615 2901 2629 2937 :
2665 2899 2731 2938 ex
2766 2901 2872 2952 qua
2902 2884 3192 2941 dilectione
3222 2887 3304 2942 vel
3352 2888 3717 2958 intellectione.
3747 2888 3842 2940 nul-

2299 2982 2350 3027 ta
2410 2976 2515 3028 alia
2545 2976 2904 3030 constituitur
2938 2992 3193 3046 persona.

2368 3066 2498 3120 Item
2547 3069 2809 3123 unitatem
2849 3080 2901 3122 et
2931 3071 3201 3124 adnexum
3250 3071 3424 3127 Patris
3453 3084 3509 3127 et
3541 3072 3657 3127 Filii
3691 3073 3842 3127 dicere

2302 3159 2591 3228 Spiritum,
2631 3163 2703 3214 ita
2739 3171 2797 3215 ιιι
2826 3179 2889 3217 ex
2937 3177 3168 3232 utroque
3196 3180 3317 3218 esse
3355 3166 3706 3220 concludatur
3733 3181 3744 3216 :
3771 3180 3844 3218 tte-

2301 3269 2407 3324 que
2446 3255 2561 3324 ipsa
2592 3254 2876 3324 Scriptura
2905 3258 3050 3325 cogit
3085 3273 3191 3319 me,
3222 3267 3277 3311 et
3311 3260 3576 3313 naturalis
3613 3260 3738 3312 ratio
3765 3257 3844 3310 nti-

2301 3347 2356 3402 hi
2398 3348 2572 3416 magis
2625 3350 2918 3416 persuadet
2960 3350 3227 3420 recipere,
3263 3353 3581 3421 principiata
3616 3353 3743 3405 uniti
3769 3363 3846 3420 per

2304 3441 2656 3509 principium,
2680 3457 2844 3511 quant
2862 3442 3138 3513 principia
3163 3459 3257 3513 per
3283 3445 3684 3514 principiatum.
3701 3447 3739 3499 A
3759 3457 3844 3512 quo

2301 3533 2449 3587 enim
2487 3535 2654 3587 multa
2704 3534 2907 3589 habent
2949 3549 3090 3599 esse,
3143 3536 3212 3590 ab
3251 3537 3439 3590 eodem
3474 3536 3638 3592 etiam
3683 3537 3846 3589 habere

2307 3643 2499 3692 unum,
2547 3627 2874 3682 rationabile
2906 3628 3039 3682 tnilti
3090 3630 3325 3684 videtur.
3356 3630 3546 3687 Dicere
3579 3645 3699 3685 vero
3727 3624 3842 3698 quod

2307 3722 2630 3791 principiata
2663 3722 2864 3776 habent
2885 3738 2949 3776 ex
2978 3723 3260 3792 principiis
3299 3739 3417 3778 esse
3449 3742 3464 3778 :
3501 3722 3747 3792 principia
3777 3735 3844 3772 τις

2309 3831 2370 3866 ro
2401 3815 2600 3868 habent
2630 3829 2696 3867 ex
2733 3814 3072 3883 principiatis
3104 3831 3268 3869 unum
3313 3831 3453 3878 esse,
3483 3819 3702 3872 omnino
3737 3808 3842 3864 lllllll

2309 3908 2522 3960 videtur
2547 3923 2735 3960 carere
2768 3908 2997 3962 ratione.
3035 3907 3092 3961 Si
3122 3923 3248 3962 vero
3285 3920 3369 3963 est
3399 3910 3505 3963 alia
3534 3908 3667 3962 ratio
3695 3907 3750 3959 de
3780 3903 3845 3954 his

2313 4012 2429 4051 mea
2449 3998 2657 4050 ratione
2679 3999 2878 4062 verior,
2901 4014 3062 4067 quam
3087 4013 3186 4069 ego
3217 4015 3362 4054 nunc
3383 3999 3754 4069 nonzintclligo,
3781 4004 3846 4046 ta-

2313 4089 2436 4143 men
2487 4090 2731 4159 quandiu
2776 4090 2919 4144 illam
2962 4105 3069 4144 non
3119 4091 3387 4162 intelligo,
3420 4107 3643 4147 necesse
3673 4099 3744 4145 est
3778 4102 3843 4141 me

2313 4183 2482 4235 teneri
2547 4183 2618 4236 ab
2673 4185 2772 4236 hac
2818 4198 2982 4252 quam
3032 4198 3174 4237 nunc
3224 4177 3493 4254 intelligo.
3550 4183 3692 4238 Dicta
3742 4178 3840 4248 qui-

2313 4273 2437 4325 dem
2504 4270 2797 4342 Scriptura:
2827 4312 2842 4338 ,
2896 4287 3018 4342 quae
3070 4273 3356 4342 allegant,
3440 4290 3577 4344 pene
3625 4270 3842 4343 pra'dictl

2315 4375 2462 4420 sunt.
2515 4364 2622 4432 Ego
2653 4380 2782 4418 vero
2834 4380 3008 4433 neque
3053 4380 3118 4419 ex
3155 4365 3258 4429 his,
3292 4381 3466 4434 neque
3503 4382 3569 4421 ex
3601 4364 3713 4419 aliis
3748 4360 3844 4431 qui-

2319 4461 2639 4526 luscunque
2677 4472 2899 4526 possum
2931 4459 2995 4511 ad
3023 4458 3125 4512 hoc
3151 4459 3447 4528 intelligere
3479 4459 3844 4514 indubitaltilem

610 4544 734 4598 dem
761 4543 934 4598 Patris
967 4543 1330 4610 nominatur“,
1363 4545 1458 4599 sed
1491 4561 1598 4599 non
1659 4547 1730 4601 ita
1787 4547 1877 4600 illa
1940 4549 2207 4616 sapientia
2243 4541 2543 4601 Dotnnino
2624 4551 3040 4613 necessitatem,
3107 4560 3160 4604 et
3223 4553 3441 4621 penitus
3521 4550 3842 4608 stabilientetu

611 4641 718 4697 est,
750 4648 858 4703 qua
895 4632 1053 4687 Pater
1086 4633 1340 4703 intelligit
1387 4632 1655 4700 Spiritum
1701 4645 1977 4700 sanctum,
2008 4647 2063 4690 et
2123 4637 2212 4692 hic

612 4726 850 4790 Patrem,
899 4735 958 4779 ut
998 4741 1064 4780 ex
1121 4725 1222 4779 hoc
1257 4726 1638 4792 concludatur,
1687 4728 1866 4796 ipsum
1920 4727 2118 4784 Filium
2146 4746 2208 4786 ex

613 4817 774 4872 Patre
804 4817 970 4872 simul
1014 4826 1065 4872 et
1093 4816 1299 4886 Spiritu
1359 4826 1550 4871 sancto
1581 4829 1898 4886 generatum
1933 4834 2072 4875 esse.

685 4908 796 4980 Ego
831 4911 1036 4978 itaque,
1075 4919 1136 4961 ut
1179 4910 1244 4960 ad
1278 4918 1328 4961 te
1358 4908 1628 4976 explicem
1686 4911 1996 4979 passionem
2039 4914 2208 4970 animi

2315 4653 2489 4690 meam
2525 4647 2760 4691 mentem
2795 4653 2984 4692 eorum
3011 4639 3201 4694 adesse
3227 4644 3655 4698 conclusionem.

2386 4731 2573 4783 Restat
2597 4745 2726 4798 ergo
2753 4741 3004 4801 quartum
3033 4749 3200 4802 genus
3229 4733 3429 4800 videre,
3469 4737 3610 4806 quod
3639 4751 3698 4789 ex
3727 4744 3847 4788 eum-

2315 4822 2575 4876 n‘tuuibus
2619 4824 2937 4877 uotionibus
2962 4828 3482 4894 argumentationem
3517 4827 3762 4899 propositi
3785 4827 3844 4878 la-

2315 4915 2408 4967 cit.
2456 4913 2546 4967 Hae
2574 4929 2692 4983 quae
2721 4914 2979 4969 dicuntur
3008 4931 3324 4972 communes
3364 4919 3628 4984 notiones,
3659 4920 3774 4982 sive,
3801 4925 3845 4968 ut

617 5001 750 5062 mei,
783 5004 956 5053 multo
1010 4999 1280 5053 dillic'tltus
1315 4999 1490 5052 habeo
1553 5003 1622 5053 ad
1647 5001 2042 5071 recipiendum,
2075 5008 2219 5074 quod
2319 5007 2602 5060 AriStoteli
2645 5005 2881 5071 videtur,
2919 5007 2988 5061 de
3016 5009 3367 5064 sensibilibus
3407 5025 3503 5079 per
3546 5026 3728 5065 sensus
3767 5009 3845 5062 itu-

618 5097 776 5148 l’atre
806 5104 859 5148 et
886 5091 1025 5145 FlllO
1061 5092 1412 5160 diligentibus
1466 5092 1698 5148 invicem
1759 5111 1951 5150 eorum
2004 5101 2224 5157 dilectio

618 5187 908 5241 constituit
934 5186 1163 5238 alteram
1201 5199 1486 5252 personam
1522 5188 1700 5255 ipsum
1759 5188 2022 5259 Spiritum
2057 5207 2221 5250 s.mc-

620 5293 760 5346 tum,
808 5294 971 5346 quam
1023 5279 1089 5330 ad
1122 5280 1517 5348 recipiendum,
1552 5282 1696 5349 quod
1731 5279 1970 5350 Spiritus
2003 5295 2228 5338 Sumtus

619 5370 674 5422 et
701 5383 766 5423 es
797 5367 936 5422 Filio
978 5368 1238 5436 procedit.
1269 5372 1341 5425 De
1371 5372 1474 5425 hoc
1526 5373 1674 5426 enim
1701 5373 1819 5442 ejus
1850 5373 2096 5427 veritatis
2131 5390 2227 5428 cu-

622 5461 846 5528 piditate
874 5461 1152 5530 cogitanti,
1212 5463 1376 5516 nullae
1407 5463 1534 5516 mihi
1585 5464 1928 5532 suspiciones
1993 5465 2220 5528 intrant,

623 5567 691 5604 ne
721 5551 858 5609 forte
891 5555 962 5609 sit
987 5570 1174 5610 Verum
1215 5558 1354 5612 illud
1392 5557 1710 5613 Aristotelis
1747 5575 1760 5611 :
1792 5559 2008 5625 Quanto
2046 5562 2220 5630 magis

625 5647 884 5716 perquiro
913 5655 967 5702 et
995 5650 1330 5721 cogitatione
1383 5651 1567 5717 volvo,
1623 5659 1778 5706 tanto
1837 5650 2217 5707 incredibilius

734 5832 753 5863 ⁸
785 5835 826 5890 ll
855 5835 1048 5894 Thess.
1083 5855 1141 5899 tt.
1179 5837 1232 5893 8.
1306 5920 1322 5936 ι
1347 5838 1366 5868 ⁵
1396 5835 1417 5890 ι
1443 5833 1605 5891 Joan.
1642 5851 1718 5902 tv,
1751 5834 1803 5889 8.

2323 5101 2640 5170 pritnuntur
2674 5103 2880 5164 animo,
2927 5100 3062 5176 sive,
3115 5112 3174 5155 ut
3230 5102 3436 5158 Platoni
3479 5103 3700 5168 videtur,
3741 5102 3841 5170 ipsa:

2323 5199 2450 5245 sunt
2482 5191 2789 5244 substantia
2823 5191 3203 5245 intellectualis
3229 5194 3422 5248 anima:
3458 5210 3474 5248 :
3510 5207 3724 5265 utroque
3755 5205 3848 5247 mo-

2326 5284 2394 5338 do
2421 5284 2486 5338 de
2516 5283 2599 5336 his
2631 5283 2794 5338 rebus
2823 5293 2972 5346 sunt,
3001 5301 3230 5354 quarunt
3264 5287 3606 5358 intelligendo
3624 5283 3848 5342 dontinati

2330 5375 2792 5444 appreheud'ttnus
2824 5390 2918 5428 eas
2966 5385 3020 5427 et
3067 5379 3358 5445 tangimus,
3410 5388 3464 5433 et
3506 5393 3638 5447 quas
3683 5374 3850 5431 intelli-

2326 5479 2516 5538 gentes
2568 5470 2681 5535 ipsa
2734 5466 3098 5520 intellet-tioue
3149 5470 3652 5537 comprehendimus
3693 5468 3852 5522 etcir-

2327 5557 2766 5627 cumplertitnur.
2819 5555 3052 5612 Proinde
3115 5567 3167 5612 et
3199 5558 3288 5612 illa
3339 5574 3456 5629 quae
3500 5574 3563 5613 ex
3608 5559 3683 5613 eis
3702 5566 3852 5612 osten-

2324 5652 2548 5717 duntur,
2586 5651 3011 5707 indubitabiliter
3046 5651 3418 5709 demonstrata
3455 5667 3572 5710 esse
3610 5661 3848 5722 putamus.

1919 5835 1938 5867 '
1972 5834 1987 5888 Ι
2021 5833 2151 5888 Cor.
2186 5831 2344 5898 1,24.
