4064 6472
377 419 511 486 1289

1524 416 1767 478 EPIST.
1805 417 1906 478 AD
1948 414 2451 475 BARLAAMUM.

3481 408 3613 472 1290

359 533 427 584 At
452 546 577 587 vero
601 544 722 602 quae
759 529 825 585 de
861 529 965 585 Deo
1006 535 1155 595 sunt,
1186 540 1247 583 ea
1275 527 1844 595 supersubstantialia,
1878 534 1933 581 et
1958 531 2004 589 Α
2034 525 2292 592 Quamvis
2355 523 2457 580 etsi
2490 522 2543 577 in
2583 519 2838 579 omnibus
2887 519 3102 575 cutibus
3132 520 3408 575 videretur
3450 522 3623 591 major

359 636 524 692 super
550 621 979 692 intelligentiam,
1010 630 1065 676 et
1094 614 1663 689 incomprehensibilia
1704 633 1827 675 esse
1848 619 1934 674 di-

363 710 542 766 cimus
580 728 595 767 :
631 722 685 767 et
719 712 953 766 maxime
1010 725 1073 765 ea
1107 724 1229 780 qua
1286 712 1350 766 de
1386 712 1529 766 trino
1580 724 1934 781 personarqu

362 805 642 865 dicuntur,
699 803 902 859 credita
941 803 1158 872 quidem
1206 817 1375 857 sacrae
1430 800 1724 871 Scripturae
1762 803 1933 857 tradi-

358 898 524 959 tione,
585 895 859 950 naturales
889 909 1017 949 vero
1050 902 1265 950 nostras
1295 894 1679 964 intelligentiae
1724 895 1933 966 fugien-

359 987 453 1051 tia,
486 999 552 1039 eo
581 985 725 1056 quod
756 985 936 1041 nullus
961 986 1209 1041 videatur
1242 986 1295 1039 iu
1329 986 1413 1040 his
1443 1000 1563 1055 qua!
1591 1000 1623 1040 a
1661 986 1820 1040 nobis
1851 986 1939 1040 in-

358 1077 694 1147 telliguntur,
721 1076 919 1131 modus
946 1076 1230 1131 Trinitatis
1261 1096 1274 1132 :
1309 1076 1679 1131 indifferenter
1699 1093 1793 1146 per
1819 1092 1937 1131 om-

356 1166 447 1221 nia
474 1181 533 1221 se
567 1167 773 1221 habens
802 1166 875 1219 illi
906 1181 1071 1235 super
1111 1168 1445 1222 intellectum
1478 1166 1758 1222 Trinitati.

424 1255 560 1321 Quis
582 1272 711 1326 ergo
740 1264 827 1312 est
848 1257 919 1310 ita
937 1258 1127 1312 tardus
1155 1267 1356 1322 mente,
1377 1266 1435 1311 ut
1462 1265 1632 1327 putet,
1651 1258 1933 1325 hujusmo-

362 1346 412 1400 di
444 1362 767 1405 communes
796 1350 1070 1417 notiones,
1093 1365 1215 1419 quae
1235 1352 1664 1419 correspondent
1699 1349 1785 1405 his
1817 1366 1938 1420 quze

352 1451 382 1491 a
429 1439 589 1494 nobis
634 1438 873 1509 perfecte
920 1442 1317 1509 intelliguntur,
1351 1444 1539 1509 rebus,
1573 1459 1765 1501 omnes
1799 1447 1937 1502 sim-

354 1528 568 1598 pliciter
611 1529 777 1584 etiam
832 1530 965 1595 illis,
1001 1547 1123 1600 quae
1150 1548 1314 1604 super
1340 1542 1586 1591 nostram
1628 1535 1937 1608 intelligen~

354 1621 486 1675 tiam
517 1630 668 1688 sunt,
702 1624 1043 1692 congruere?
1070 1625 1163 1679 ubi
1210 1641 1385 1695 neque
1413 1627 1557 1695 quod
1597 1636 1725 1683 sunt
1758 1628 1812 1683 iu
1842 1643 1938 1683 na-

353 1712 623 1766 turalibus
654 1727 798 1777 vere,
825 1713 937 1782 jam
964 1715 1126 1769 etiam
1154 1715 1554 1772 mathematicis
1578 1718 1934 1796 conveniunt,

351 1802 436 1857 vel
457 1819 487 1857 e
520 1817 809 1870 converso,
836 1820 1014 1873 neque
1037 1806 1185 1875 quod
1216 1808 1583 1864 arithmeticis
1600 1810 1684 1865 vel
1712 1809 1936 1865 musicis

2039 618 2376 690 propositio,
2416 616 2593 671 adhuc
2621 624 2850 671 restaret
2899 614 3195 683 ambigere,
3253 623 3435 667 utrum
3496 613 3621 667 illa.

2038 725 2157 764 rmn
2191 717 2276 765 est
2330 707 2785 778 propositionum,
2822 722 2942 775 quat
2989 716 3043 761 et
3095 707 3148 760 in
3199 706 3418 761 cutibus
3464 713 3516 760 et
3565 706 3620 760 in

2036 799 2479 870 superesseutiali
2523 799 2787 855 verilicari
2821 808 3071 869 possunt,
3117 813 3187 852 an
3216 812 3347 851 non.
3385 797 3490 851 Sed
3519 796 3625 850 dil-

2037 893 2140 949 fert
2164 894 2380 964 quidem
2418 893 2654 963 Spiritus
2686 892 3044 963 personaliter
3063 907 3089 944 a
3115 892 3274 955 Filio,
3305 906 3409 944 nou
3438 901 3617 944 tamen

2037 985 2337 1041 secundum
2386 986 2623 1054 aliquem
2661 1000 2690 1038 a
2727 985 2885 1039 nobis
2942 984 3285 1053 cognitorum
3316 983 3369 1037 in
3396 981 3620 1036 entibns

2036 1078 2346 1132 modorum.
2373 1077 2435 1131 Et
2466 1086 2622 1131 estne
2642 1090 2767 1130 vera
2800 1077 2889 1129 illa
2918 1074 3136 1129 Patrum
3167 1073 3617 1142 sententia,quod

2036 1170 2089 1225 in
2118 1169 2220 1223 hac
2240 1170 2355 1235 vita
2381 1168 2721 1239 impossibile
2745 1179 2829 1222 est
2853 1166 3110 1221 distincte
3139 1176 3193 1221 et
3238 1182 3495 1235 expresse
3530 1180 3622 1220 co-

2037 1260 2225 1327 guosci
2249 1260 2403 1324 illud,
2431 1275 2540 1329 quo
2574 1259 2812 1328 Spiritus
2843 1258 3023 1313 dillcrt
3055 1276 3079 1309 a
3106 1241 3243 1310 Filio
3269 1258 3307 1310 2.
3328 1272 3431 1310 non
3467 1254 3614 1310 enim

2038 1345 2169 1401 illud
2201 1348 2305 1401 erit
2339 1364 2508 1403 ausus
2539 1349 2736 1418 aliquis
2794 1350 3000 1410 dicere,
3056 1348 3198 1431 quod
3250 1347 3615 1401 necessarium

2036 1449 2137 1503 est,
2168 1448 2264 1495 aut
2292 1440 2419 1496 sciti
2453 1440 2769 1510 huiusmodi
2800 1440 3256 1514 diﬂ‘erentiant,et
3280 1440 3345 1493 ad
3379 1439 3616 1509 aliquam

2038 1546 2067 1585 a
2104 1532 2265 1588 nobis
2314 1542 2571 1588 notarum
2606 1533 2814 1599 reduci,
2872 1542 2967 1588 aut
3003 1548 3349 1603 nequaquam
3384 1547 3528 1588 esse.

2107 1623 2241 1680 Item
2287 1633 2341 1682 et
2387 1626 2548 1680 talem
2595 1626 2779 1681 audivi
2816 1626 3220 1697 syllogismum,
3254 1627 3306 1681 in
3343 1638 3453 1694 quo
3494 1634 3618 1678 tau-

2037 1731 2201 1785 quam
2245 1717 2428 1773 minor
2470 1718 2773 1787 propositio
2808 1718 3218 1787 supponebatur
3254 1734 3267 1769 :
3305 1699 3443 1782 Quia
3477 1717 3619 1771 sicut

2037 1821 2097 1861 se
2125 1806 2290 1862 habet
2315 1808 2529 1878 spirare
2569 1809 2636 1864 ad
2670 1809 2986 1879 procedere,
3024 1809 3099 1863 ita
3145 1823 3205 1863 se
3241 1808 3405 1862 habet
3451 1822 3619 1875 gene-

353 1891 515 1946 rebus
550 1894 1004 1962 correspondent,
1036 1895 1151 1965 jam
1214 1896 1379 1952 etiam
1426 1899 1787 1968 geometricas
1845 1901 1929 1956 vel
1967 1899 2007 1954 li
2042 1913 2162 1953 raro
2186 1900 2250 1955 ad
2270 1902 2538 1975 generari.
2560 1902 2846 1972 Tanquam
2877 1916 3003 1957 vero
3018 1902 3194 1971 major
3210 1899 3615 1965 assumebalur,

351 1986 720 2053 perspectivas
748 1987 1045 2054 attingunt.
1067 1986 1237 2042 Multo
1265 2003 1397 2059 ergo
1426 1988 1605 2045 minus
1632 1992 1931 2061 putandum

350 2084 435 2130 est
462 2075 1017 2145 supersubstantialia
1046 2078 1250 2133 eisdem
1284 2081 1705 2137 necessitatibus
1730 2083 1933 2141 servire

351 2181 473 2223 eum
525 2166 778 2237 his,qua3
822 2169 928 2224 sub
982 2170 1340 2241 intelligentia
1398 2184 1580 2229 nostra
1628 2184 1773 2230 sunt.
1815 2174 1931 2231 Non

349 2270 482 2326 ergo
524 2258 897 2312 necessarium
923 2268 1031 2325 est,
1070 2274 1234 2316 omne
1259 2260 1405 2332 quod
1429 2264 1760 2331 pradicatur
1785 2265 1934 2321 aﬂir-

350 2348 553 2404 mative
576 2348 662 2403 vel
681 2350 928 2420 ncgative
951 2351 1019 2407 de
1038 2350 1129 2407 illa
1152 2368 1232 2417 re,
1258 2369 1379 2425 quae
1410 2364 1597 2411 nostra
1615 2355 1932 2429 intelligen-

353 2443 428 2496 tia
448 2444 952 2512 comprebeuditur,
972 2444 1075 2500 hoc
1095 2446 1261 2500 etiam
1287 2448 1355 2503 de
1384 2447 1475 2502 illa
1497 2463 1578 2512 re,
1604 2464 1726 2517 quae
1748 2460 1931 2507 trans-

352 2535 537 2589 cendit
575 2545 820 2591 nostram
858 2536 1297 2607 intelligentiam,
1327 2539 1579 2595 similiter
1622 2542 1929 2609 praedicari.

424 2624 565 2697 Ergo
596 2636 692 2682 aut
718 2627 865 2683 nulla
887 2628 1203 2700 hujusmodi
1234 2631 1608 2686 communium
1642 2633 1929 2688 notiouum

352 2733 527 2786 usque
557 2718 627 2772 ad
656 2718 802 2774 illam
830 2719 1410 2790 supersubstantialem
1438 2731 1493 2777 et
1514 2721 1934 2794 incomprehen-

353 2810 568 2866 sibilem
598 2812 888 2866 essentiam
921 2814 1168 2882 pervenit
1200 2830 1214 2867 :
1244 2823 1337 2868 aut
1365 2815 1559 2885 aliqua:
1605 2817 1705 2881 ita,
1745 2828 1799 2872 et
1826 2818 1930 2872 ali-

352 2915 475 2969 qua:
506 2915 638 2955 non.
662 2900 769 2955 Sed
803 2910 858 2957 et
890 2901 994 2956 hoc
1021 2900 1238 2957 suliicit.
1258 2902 1402 2972 Ergo
1431 2913 1485 2960 et
1513 2904 1617 2960 hoc
1638 2920 1926 2971 concesso,

332 2991 606 3060 quoniam
639 2991 821 3062 aliqua
870 2992 1201 3048 discretione
1230 2996 1539 3051 necessaria
1590 3011 1701 3050 non
1753 2997 1929 3051 habeo

352 3083 697 3152 conspicere,
735 3098 858 3152 quae
889 3097 1080 3138 earum
1123 3098 1245 3153 quae
1268 3084 1321 3138 in
1350 3085 1569 3139 cutibus
1604 3100 1745 3140 verte
1799 3096 1930 3140 sunt

350 3174 627 3239 notiones,
659 3183 716 3229 et
759 3174 826 3229 ad
876 3174 1220 3243 superﬁciale
1250 3185 1305 3229 et
1346 3175 1923 3246 superintelligentiam

350 3265 743 3321 transferendae
765 3272 916 3332 sunt,
936 3274 991 3320 et
1005 3280 1127 3335 quae
1155 3280 1263 3335 npu
1289 3282 1305 3332 ;
1345 3280 1469 3321 cum
1483 3268 1646 3323 audio
1661 3266 1837 3323 Latini
1859 3283 1924 3324 ex

353 3341 664 3427 huiusmodi
705 3357 1192 3426 propositionibus,
1241 3358 1309 3413 de
1329 3357 1607 3427 proposita
1627 3359 1927 3427 quiestione

346 3448 990 3519 syllogismum;etiamsi
1014 3449 1126 3504 sint
1162 3450 1215 3504 in
1248 3450 1504 3506 omnibus
1541 3452 1759 3507 entibus
1801 3468 1929 3520 pro-

347 3540 651 3609 positiones
690 3554 856 3605 verte,
886 3549 1125 3595 attamen
1155 3540 1422 3610 nequiens
1448 3541 1583 3597 satis
1613 3543 1926 3599 discernere

346 3631 505 3701 cujus
524 3631 742 3701 generis
765 3640 925 3687 sunt:
953 3641 1134 3686 utrum
1159 3633 1305 3688 illius
1328 3633 1471 3702 quod
1492 3648 1559 3689 ex
1600 3633 1819 3688 cutibus
1856 3634 1924 3688 ad

349 3723 802 3793 superesseutiale
829 3724 1194 3780 conscendere
1215 3726 1411 3792 valeat,
1427 3739 1496 3779 an
1523 3738 1670 3788 non;
1709 3726 1925 3794 penitus

350 3814 592 3883 ambigo,
625 3822 681 3866 et
707 3812 899 3867 dubito
932 3815 1272 3871 conclusioni
1319 3815 1635 3885 hujusmodi
1678 3816 1927 3885 syllogis-

346 3906 423 3960 mi
450 3908 726 3963 assentiri.
773 3906 1113 3964 Generaliter
1159 3907 1376 3977 quidem
1434 3906 1508 3961 ita
1541 3922 1574 3962 a
1611 3922 1697 3961 me
1731 3915 1923 3961 osten-

346 4012 470 4055 sum
518 4000 610 4065 sit,
657 4000 730 4055 ob
765 4015 931 4069 quam
964 4014 1189 4055 causam
1227 3988 1321 4070 per
1355 4015 1545 4055 eorum
1578 4001 1740 4055 verba
1787 4014 1924 4054 non-

346 4091 477 4145 dum
538 4091 671 4145 mihi
726 4106 1048 4160 persuasum
1104 4092 1186 4146 eis
1235 4091 1484 4147 credere.
1548 4090 1667 4146 Non
1696 4091 1801 4146 erit
1832 4106 1924 4161 pe-

342 4181 435 4251 jus
462 4179 601 4235 forte
634 4190 689 4236 et
713 4182 927 4252 aliquos
960 4183 1320 4254 particulares
1358 4184 1706 4256 syllogismos
1728 4199 1921 4239 eorum

346 4287 804 4329 commemorare.
1144 4292 1147 4295 λ
1436 4290 1439 4303 ¹

413 4360 612 4417 Audivi
654 4362 951 4432 aliquando
1001 4366 1268 4434 quosdam
1307 4365 1531 4422 Latinos
1575 4368 1650 4423 ita
1697 4369 1921 4441 syllogi-

346 4461 552 4510 zautes.
587 4451 971 4523 Supponentes
999 4456 1142 4510 enim
1185 4467 1445 4526 tanquam
1479 4459 1746 4513 minorem
1790 4473 1920 4528 pru-

2036 1989 2175 2057 Quia
2218 1995 2543 2060 generaliter
2575 1995 2631 2050 in
2676 1995 2931 2065 omnibus
2962 1995 3199 2057 cutibus,
3234 1994 3282 2051 si
3314 1994 3385 2049 sit
3418 2003 3477 2047 ut
3504 1994 3615 2064 pri-

2038 2099 2185 2138 mum
2225 2085 2291 2140 ad
2345 2087 2670 2153 secundum,
2713 2087 2786 2142 ita
2831 2089 3050 2143 tertium
3102 2087 3169 2142 ad
3220 2095 3476 2156 quartum
3512 2100 3528 2140 :
3560 2094 3617 2140 et

2036 2178 2383 2243 permutatim
2403 2179 2654 2249 sumptis,
2670 2189 2753 2234 est
2769 2180 2909 2234 sicut
2931 2178 3166 2248 primum
3182 2178 3250 2232 ad
3275 2178 3515 2243 tertium,
3535 2191 3615 2231 se-

2034 2268 2270 2323 cundum
2296 2269 2361 2323 ad
2385 2279 2665 2339 quartum.
2695 2270 2757 2323 Et
2786 2288 2849 2326 ex
2878 2273 2963 2326 his
2996 2270 3612 2339 concludebatur,quod

2034 2357 2177 2412 sicut
2206 2372 2265 2413 se
2287 2358 2447 2414 habet
2487 2361 2698 2430 spirare
2728 2362 2793 2414 ad
2824 2374 3106 2430 generare,
3140 2360 3209 2412 ita
3240 2374 3298 2414 se
3325 2357 3487 2412 debet
3515 2359 3614 2409 ha-

2034 2446 2163 2504 bere
2181 2457 2235 2503 et
2263 2452 2557 2518 procedere
2586 2453 2653 2506 ad
2682 2453 2954 2521 generari.
2984 2453 3050 2506 Et
3063 2452 3188 2520 quia
3213 2449 3470 2504 dicebant
3499 2447 3583 2516 spi

2036 2551 2156 2592 rare
2179 2547 2234 2593 et
2258 2553 2520 2607 generare
2548 2542 2934 2597 concurrentia
2958 2541 3120 2596 simul
3141 2541 3195 2595 in
3222 2555 3329 2594 una
3358 2552 3611 2609 persona,

2034 2627 2244 2689 scilicet
2263 2630 2444 2698 Patre,
2484 2648 2595 2687 non
2619 2633 2825 2690 faciunt
2850 2633 3208 2689 diﬂ‘ercntiam
3246 2631 3612 2701 personalem.

2035 2719 2152 2776 Non
2202 2738 2333 2794 ergo
2356 2725 2653 2793 procedere
2693 2736 2746 2780 et
2775 2726 3167 2796 generarijipsa
3218 2738 3314 2794 per
3359 2737 3420 2779 se
3449 2722 3610 2778 diﬂ'e-

2034 2820 2214 2868 renles
2241 2812 2473 2869 eﬂicient
2508 2830 2791 2884 personas.
2825 2817 2891 2871 Et
2928 2816 3189 2871 ita'aliam
3218 2814 3453 2884 aliquam
3486 2828 3613 2882 per-

2033 2903 2275 2957 sonalem
2297 2904 2662 2961 dill‘erentiam
2695 2905 2932 2976 Spiritus
2972 2907 3037 2961 ad
3070 2906 3266 2960 Filium
3302 2910 3611 2973 quaerentes

2032 3001 2310 3061 postremo
2347 2995 2640 3051 veniebant
2666 2995 2734 3050 ad
2767 2994 3227 3057 concludendum,
3268 3001 3324 3046 et
3364 3007 3431 3046 ex
3471 2988 3609 3042 Filio

2030 3095 2161 3151 ergo
2189 3081 2457 3154 Spiritum
2497 3085 2814 3154 procedere.
2843 3085 2927 3140 Me
2958 3099 3135 3154 neque
3183 3085 3285 3138 hos
3312 3081 3467 3150 sequi
3511 3090 3609 3132 va-

2032 3171 2179 3226 lente
2200 3212 2216 3237 ,
2258 3173 2581 3243 perquirens
2609 3174 2755 3229 enim
2790 3175 2844 3228 in
2888 3187 2975 3227 me
3003 3173 3123 3240 ipso
3153 3170 3298 3225 entia
3320 3207 3337 3234 ,
3366 3168 3610 3222 invenie-

2032 3262 2153 3315 bam
2182 3261 2234 3316 iu
2270 3262 2455 3318 multis
2479 3266 2739 3333 majorem
2767 3260 3438 3341 propositionem'l‘alsam,
3465 3259 3607 3312 mul-

2030 3354 2100 3408 tis
2125 3353 2258 3407 visis
2282 3393 2297 3418 ,
2348 3364 2401 3408 et
2449 3355 2503 3409 in
2538 3354 2866 3410 substantiis
2922 3363 2976 3409 et
3009 3355 3063 3408 in
3097 3351 3517 3422 quantitatibus,
3550 3355 3609 3402 et

2029 3443 2084 3497 in
2123 3444 2385 3499 relativis.
2424 3445 2530 3501 Sed
2561 3448 2795 3515 primam
2843 3444 3167 3515 positionem
3210 3443 3370 3513 primi
3417 3441 3485 3494 ad
3518 3455 3611 3496 sc-

2027 3534 2292 3599 cundum,
2325 3536 2625 3591 secundum
2664 3552 2796 3591 vero
2833 3537 2994 3605 primi
3042 3535 3109 3589 ad
3157 3534 3400 3599 tertium,
3432 3542 3488 3587 et
3521 3547 3610 3587 se-

2028 3623 2192 3678 cundi
2222 3625 2291 3679 ad
2319 3633 2600 3693 quartum,
2645 3642 2752 3682 non
2803 3626 3151 3681 servantibus
3182 3626 3608 3695 proportionali-

2029 3724 2195 3771 tatem
2230 3734 2243 3769 :
2273 3716 2556 3786 quamvis,
2585 3728 2643 3772 ut
2667 3719 2828 3788 paulo
2880 3727 3008 3773 aute
3033 3717 3168 3793 dixi,
3198 3718 3300 3773 etsi
3340 3718 3395 3773 in
3427 3720 3608 3773 omni-

2026 3807 2129 3861 bus
2156 3821 2277 3876 quaz
2306 3808 2447 3862 infra
2476 3819 2712 3864 mentem
2740 3818 2987 3864 nostram
3014 3819 3164 3874 sunt,
3193 3809 3473 3865 videretur
3512 3811 3612 3864 hu-

2021 3886 2266 3966 jusmodi
2290 3915 2414 3955 esse
2437 3915 2627 3955 verum
2664 3915 2677 3951 :
2713 3901 2981 3956 incertum
3016 3902 3198 3956 adhuc
3225 3913 3397 3965 esset,
3422 3913 3607 3957 utrum

2024 4000 2080 4046 et
2098 3990 2152 4044 in
2186 3991 2274 4044 illa
2305 4006 2383 4056 re,
2404 4007 2525 4061 qum
2542 4008 2759 4048 omnem
2784 4004 3018 4049 mentem
3040 3993 3277 4055 excellit.
3301 4009 3488 4048 verum
3514 3998 3610 4053 sit.

2096 4082 2227 4139 Item
2259 4094 2313 4139 et
2341 4086 2419 4140 sic
2445 4086 2667 4155 quidam
2701 4096 3156 4155 argumentantur
3191 4105 3205 4141 :
3242 4089 3439 4143 Omnia
3479 4097 3610 4143 sunt

2025 4177 2337 4230 communia
2384 4177 2565 4231 Patris
2602 4186 2661 4232 et
2704 4178 2851 4241 Filii,
2896 4188 3095 4246 praeter
3125 4181 3239 4245 illa,
3272 4181 3473 4249 quibus
3507 4184 3609 4237 ad~

2026 4275 2279 4322 versatur
2309 4281 2498 4322 eorum
2548 4269 2692 4323 inter
2723 4284 2783 4325 se
2832 4270 3048 4325 relatio.
3088 4272 3159 4326 At
3210 4288 3343 4327 vero
3395 4274 3609 4342 spirant.

2026 4368 2134 4413 tem
2154 4360 2451 4428 potentiam
2476 4377 2585 4415 non
2610 4362 2936 4416 adversatur
2963 4360 3145 4417 Patris
3175 4363 3240 4417 ad
3271 4363 3492 4427 Filium,
3523 4364 3609 4418 vel

2027 4449 2148 4504 Filii
2185 4451 2253 4513 ad
2284 4451 2497 4506 Patrem
2533 4454 2758 4519 relatio;
2788 4454 3048 4523 spirativa
3082 4470 3213 4526 ergo
3242 4458 3482 4526 potentia
3508 4458 3611 4512 Pa-

345 4540 695 4609 positionem,
746 4544 892 4612 quod
931 4542 1171 4611 Spiritus
1209 4558 1435 4601 sanctus
1480 4538 1701 4601 realiter
1742 4548 1923 4602 diﬂ‘ert
1950 4563 2000 4624 ι)
2030 4544 2127 4598 tris
2158 4553 2209 4599 et
2238 4542 2383 4599 Filii.
2411 4546 2523 4615 Ego
2545 4560 2679 4599 vero
2709 4561 2888 4615 neque
2915 4546 3046 4603 huic
3074 4548 3392 4619 syllogismo
3417 4567 3608 4607 assen-

344 4648 374 4686 a
402 4632 559 4697 Filio,
586 4643 640 4690 et
664 4635 924 4690 addentes
951 4646 1207 4705 tanquam
1236 4638 1523 4706 majorem,
1548 4639 1692 4708 quod
1735 4639 1921 4693 omnia

344 4742 466 4795 quae
500 4726 622 4781 sine
649 4728 880 4781 materia
923 4730 993 4783 ab
1044 4728 1277 4783 invicem
1327 4729 1605 4794 dili‘erunt,
1657 4740 1753 4785 aut
1780 4732 1924 4787 sicut

344 4817 619 4872 contraria
649 4817 931 4880 dill‘erunt,
967 4805 1061 4872 aut
1104 4820 1247 4873 sicut
1294 4821 1512 4876 habitus
1557 4830 1612 4875 et
1665 4822 1919 4891 privatio,

342 4916 439 4960 aut
480 4907 623 4962 sicut
670 4907 958 4963 aﬂirmatio
988 4919 1043 4963 et
1076 4912 1312 4981 negatio,
1360 4920 1451 4966 aut
1484 4913 1624 4967 sicut
1650 4915 1871 4969 relativa
1908 4932 1925 4983 ;

346 4997 544 5057 deinde
587 5000 959 5063 ostendentes,
1005 5002 1147 5070 quod
1183 5003 1376 5055 horum
1410 5012 1519 5057 tres
1551 5006 1921 5073 praecedentes

347 5087 496 5142 modi
522 5088 628 5144 illis
655 5090 855 5144 divinis
882 5092 1134 5161 personis
1158 5091 1381 5147 minime
1401 5108 1701 5163 congruere
1719 5097 1920 5163 valent;

346 5180 750 5236 concludebant
775 5198 927 5252 ergo,
952 5182 1097 5253 quod
1120 5185 1422 5239 secundum
1450 5186 1678 5240 relativa
1705 5196 1919 5242 tantum

346 5272 585 5343 Spiritus
624 5285 849 5331 sanctus
880 5284 1060 5345 potest
1097 5276 1357 5347 distingui
1388 5291 1419 5330 a
1451 5277 1609 5342 Filio,
1645 5286 1700 5333 et
1723 5281 1794 5333 ita
1827 5295 1921 5347 per

342 5359 589 5421 ordinem
627 5352 1004 5433 procedentes,
1038 5368 1326 5423 veniebant
1354 5369 1423 5423 ad
1456 5370 1672 5424 tinalem
1697 5374 1921 5426 conclu-

344 5462 577 5515 sionem.
617 5459 723 5516 Sed
766 5477 851 5516 mc
877 5463 1103 5517 minime
1135 5478 1230 5532 per
1275 5464 1378 5519 hoc
1424 5475 1729 5520 moverunt.
1780 5465 1922 5521 Ven-

346 5563 461 5607 tum
491 5554 634 5608 enim
668 5556 734 5608 ad
774 5555 995 5624 angelos
1040 5565 1093 5609 et
1137 5557 1374 5621 animas,
1413 5568 1466 5613 et
1503 5562 1921 5617 mathematicos

343 5659 604 5700 numeros
638 5654 693 5700 et
719 5646 915 5700 horum
947 5647 1183 5702 maxime
1214 5650 1585 5718 superlieiales
1606 5662 1659 5706 et
1690 5654 1917 5721 solidos,

343 5739 515 5792 multa
555 5741 660 5793 vidi
692 5752 744 5793 et
779 5740 897 5795 sine
927 5742 1152 5795 materia
1186 5759 1320 5811 pure
1351 5744 1645 5813 intellecta,
1682 5756 1729 5801 et
1768 5749 1917 5801 nullo

342 5831 723 5899 praedictorum
745 5840 980 5901 quatuor
1004 5834 1287 5888 modorum
1303 5836 1371 5890 ab
1395 5837 1628 5893 invicem
1656 5839 1911 5896 discreta.

679 5942 932 5986 annos.
960 5928 1073 5987 Gn.
1107 5928 1255 5987 CLI.

1297 6090 1333 6123 κ

2027 4637 2163 4702 tior;
2224 4648 2447 4706 propter
2507 4635 2652 4707 quod
2701 4638 2892 4707 utique
2943 4640 3105 4694 habet
3160 4642 3390 4709 vitium;
3460 4647 3607 4714 quod

2024 4720 2167 4785 cnim
2193 4733 2479 4801 quaeritur,
2522 4731 2759 4783 sumitur
2789 4739 2850 4783 ut
2884 4731 3274 4796 manifestum;
3315 4735 3367 4787 in
3404 4737 3609 4804 majore

2023 4824 2167 4877 enim
2202 4822 2575 4892 propositione
2623 4838 2719 4892 per
2759 4811 3073 4879 communia
3107 4835 3162 4879 et
3193 4827 3298 4881 alia
3338 4829 3497 4882 verba
3528 4831 3608 4881 la-

2024 4924 2201 4970 tenter
2227 4919 2361 4985 petit
2391 4916 2743 4986 principium.

2091 5008 2287 5063 anlus
2316 5011 2462 5064 enim
2493 5026 2680 5066 eorum
2713 5013 2807 5081 qui
2833 5013 2900 5069 de
2924 5013 3275 5071 conclusione
3299 5013 3602 5084 ambigunt,

2024 5101 2285 5171 majorem
2333 5104 2599 5158 concedet
2640 5105 3095 5175 propositionem.
3134 5104 3269 5159 Cum
3320 5104 3466 5159 enim
3508 5105 3603 5159 illa

2021 5204 2276 5260 persona,
2330 5207 2450 5261 quae
2481 5192 2556 5247 ita
2592 5202 2677 5249 est
2708 5203 2767 5248 ut
2795 5209 2827 5249 a
2877 5196 3029 5251 nullo
3069 5196 3161 5261 sit,
3192 5196 3476 5264 aqualiter
3504 5197 3601 5252 ha-

2022 5280 2148 5338 beat
2176 5293 2230 5337 et
2274 5300 2540 5354 generare
2571 5296 2627 5342 et
2675 5288 2887 5358 spirare
2925 5306 2941 5343 :
2976 5288 3261 5358 quaeritur,
3314 5300 3502 5344 utrum
3533 5307 3603 5345 ex

2021 5386 2255 5447 utraque
2284 5379 2402 5434 haec
2439 5381 2659 5450 propria
2705 5391 2835 5435 sunt
2861 5382 2982 5450 ejus
3020 5382 3343 5452 simpliciter
3373 5402 3386 5438 :
3421 5398 3605 5454 neque

2020 5466 2178 5533 Filio,
2215 5482 2392 5540 neque
2439 5471 2650 5542 Spiritu
2686 5488 2747 5527 ea
2780 5474 3130 5528 habentibus.
3185 5475 3267 5529 An
3318 5476 3389 5530 ad
3427 5475 3605 5547 Spiri-

2022 5572 2134 5614 tum
2167 5562 2388 5631 quidem
2416 5567 2636 5634 propria
2670 5574 2797 5619 sunt
2829 5565 2973 5632 ejus,
3006 5568 3071 5621 ad
3110 5567 3308 5623 Filium
3340 5584 3471 5624 vero
3495 5582 3601 5623 non

2020 5653 2206 5714 ambo,
2237 5655 2333 5708 sed
2365 5658 2542 5709 solum
2576 5670 2861 5727 generare,
2910 5659 3119 5728 spirare
3148 5673 3279 5716 vero
3309 5674 3605 5716 commune

2020 5747 2181 5801 habet
2218 5763 2342 5802 cum
2378 5764 2464 5803 eo.

2089 5839 2201 5895 lloc
2237 5841 2441 5910 itaque,
2490 5856 2613 5899 cum
2656 5850 2955 5914 quaeratur,
2994 5861 3211 5901 sumere
3260 5844 3607 5916 simpliciter,

3204 5941 3290 6001 ἠ-Ῑη

3192 6158 3221 6171 π
