2032 3236
242 207 307 239 ιεθι

881 198 1069 232 DEMETRII
1083 199 1238 231 CYDONII

1805 204 1872 238 l2!!!

237 264 308 298 qttod
330 263 412 290 Pater
431 267 563 296 generare
585 258 697 295 quidem
722 258 806 287 habet
823 258 909 291 solus,
926 258 1034 293 spirare
1048 260 1072 288 Α
1086 255 1175 283 adhuc
1193 262 1240 290 per
1255 254 1383 290 generale
1404 256 1564 289 concilium,
1587 257 1660 292 quod
1676 257 1774 290 sciam,
1787 260 1873 287 min-

235 317 302 338 vero
317 316 379 337 cum
396 306 467 334 Filio
486 315 493 333 :
513 306 577 341 qttid
588 305 663 333 aliud
684 309 727 333 est
741 311 825 339 quam
841 304 941 340 petitio
955 303 1035 339 prin-

239 357 324 391 cipii,
342 355 449 383 etiamsi
477 346 533 381 non
562 358 656 388 aperte
679 356 764 388 ponat
789 352 837 388 qui
864 352 958 385 sumit,
986 351 1035 379 sed

238 411 289 439 per
319 402 510 429 (ommuuiora
532 401 614 427 verba
626 400 751 427 eumdem
764 400 882 427 occultet
894 406 1005 426 sensum
1022 398 1033 424 ?

273 451 408 477 Caeterum
427 448 492 482 quid
517 447 646 482 prohibet
669 451 873 481 supponentem
894 445 1032 476 similiter,

238 496 310 532 quod
326 496 418 522 omnia
435 495 489 522 sittt
506 493 662 521 contmuttia
687 492 830 526 spiratOris
848 496 875 518 et
899 491 1032 526 Spiritus,

237 547 334 578 praatcr
351 541 405 572 illa,
423 541 524 574 quibus
540 539 702 565 adversatur
715 545 812 565 eorum
832 538 902 564 inter
915 544 944 563 se
962 537 1033 563 rela-

238 591 296 622 tio;
313 596 360 624 per
380 587 481 614 similia
497 586 584 612 media
601 584 766 611 concludere
781 591 787 609 :
807 583 880 618 quod
899 588 925 609 et
946 582 1033 617 Spiri-

238 640 283 662 ttts
304 639 415 662 sanctus
433 632 540 668 genitor
552 632 616 659 est?
630 632 701 665 Ergo
717 629 789 658 sicut
813 630 875 661 hoc,
896 629 932 656 ita
949 628 1033 656 etiam

239 681 304 708 illud
321 679 523 715 paralogisntus
539 683 591 704 est.

274 726 340 753 ltem
359 725 427 751 alias
443 731 505 751 cum
525 722 694 750 audivissent
710 725 864 749 sumentcm
884 720 1033 754 quemdam

240 778 270 799 ιη
291 770 480 801 manifestum,
506 769 588 796 Deum
605 767 714 795 Patrem
733 766 886 802 intelligere
909 771 936 793 et
954 766 1034 797 velle,

240 823 267 845 et
280 826 312 845 ex
327 816 505 851 intelligendo
519 815 716 850 producentem
730 813 830 840 Filium
845 822 852 846 ;
867 813 901 839 de
920 812 1035 839 volendo

240 871 330 892 autent
347 863 490 898 Spiritum,
508 867 534 888 et
549 868 597 896 per
614 859 739 895 quaedam
762 858 849 886 media
879 858 943 890 alia,
959 866 1035 892 qua:-

243 911 362 939 stionem
381 908 588 936 concludt-ntem
603 915 609 932 :
623 906 700 933 initio
712 905 821 940 quidem
836 912 904 939 pene
919 903 1033 935 credidi,

241 964 373 992 tauquam
390 957 458 983 bene
481 960 551 982 esset
568 954 673 981 dictum
689 962 695 979 :
711 952 793 987 paulo
816 958 882 978 vero
899 955 960 985 post
976 950 1036 976 atti-

243 1005 430 1034 madvvrtens,
444 1002 520 1036 quia,
537 999 677 1035 quomodo
693 998 821 1033 intelligit
831 1002 858 1025 et
872 998 931 1024 vult
944 996 1035 1029 Pater,

242 1050 338 1076 eodem
361 1048 548 1075 indidercnter
562 1051 589 1074 et
606 1047 703 1079 Filius,
722 1052 749 1074 et
768 1045 889 1081 Spiritus
912 1049 1036 1076 sanctus,

241 1101 268 1123 et
281 1100 336 1122 tota
350 1095 473 1121 Trinitas
490 1094 618 1128 intelligit
628 1099 655 1121 et
671 1093 741 1124 vult,
758 1097 786 1120 et
801 1091 889 1119 nihilo
902 1091 990 1125 magis
1003 1097 1036 1117 ex

242 1143 282 1170 eis
300 1143 378 1169 aliter
400 1142 498 1172 Filius.
514 1141 556 1168 vel
575 1140 655 1167 aliter
679 1139 799 1174 Spiritus
816 1143 925 1166 emanat
942 1147 949 1165 :
969 1138 1037 1164 nihil

243 1188 437 1215 necessarium
455 1187 530 1214 illuttt
543 1187 644 1213 dixisse
660 1186 764 1220 putavi.
782 1185 827 1212 sed
847 1184 937 1219 potius
952 1183 1036 1210 ntulta

243 1233 464 1260 inconvenientia
499 1232 624 1266 perspexi
658 1234 692 1258 de
726 1230 883 1264 hujusmodi
909 1235 1037 1255 sermone

240 1279 369 1306 orientia.

278 1324 377 1351 Causae
390 1323 513 1357 quidem,
529 1330 577 1357 per
597 1329 667 1357 quas
687 1329 742 1349 non
764 1320 832 1348 mihi
858 1320 966 1347 videtur
991 1327 1037 1346 tte-

243 1370 395 1398 ressarium
416 1376 489 1400 esse,
516 1376 565 1403 per
581 1369 665 1395 verba
689 1373 785 1394 eorum
804 1366 870 1394 sciri
896 1366 936 1393 vel
961 1365 1034 1392 credi

242 1417 377 1453 Spiritum
398 1416 498 1444 factum
511 1422 537 1443 et
548 1423 583 1442 ex
602 1414 671 1441 Filio
686 1413 846 1449 procedere.
864 1413 905 1439 lue
920 1416 996 1440 sunt.

279 1464 348 1491 Volo
364 1468 453 1490 autem
471 1462 517 1489 tibi
534 1461 688 1491 ostendere,
707 1465 733 1487 et
748 1460 866 1494 qualiter
883 1466 926 1486 me
950 1459 1037 1485 habeo

243 1518 306 1545 erga
320 1510 393 1536 dicta
414 1513 571 1536 sanctorum
588 1513 744 1534 ttostrorttttt
758 1506 880 1538 Patrum,
898 1506 943 1540 qtti
959 1506 984 1532 id
998 1506 1037 1539 ip-

242 1564 304 1584 sum
323 1558 394 1590 quod
409 1556 487 1582 aiunt
503 1556 590 1583 Latini
607 1557 633 1582 in
649 1556 707 1583 suis
731 1554 841 1588 scriptis
857 1553 962 1580 dicunt.
979 1553 1036 1588 Ego

1087 306 1182 329 catum
1196 306 1249 329 est.
1267 300 1339 337 Ergo
1354 301 1462 331 etiamsi
1479 310 1495 330 a
1518 302 1611 331 multis
1630 304 1733 332 sanctis
1747 304 1772 332 id
1785 306 1872 340 ipsum

1086 348 1197 382 dicitur,
1214 348 1286 376 nolle
1300 347 1440 382 assentiri,
1458 348 1563 378 nullum
1581 349 1731 384 periculum
1753 351 1817 378 mihi
1831 351 1873 378 vi-

1086 387 1163 424 detur
1179 404 1249 425 esse.
1275 396 1370 424 Restat
1395 405 1460 431 ergo
1483 397 1661 426 considerare
1684 398 1872 426 auctoritatem

1087 443 1217 470 Romanae
1241 438 1381 474 Ecclesiae.
1404 450 1439 470 ne
1460 444 1645 471 necessarium
1670 444 1717 477 sit,
1743 444 1872 478 quoniam

1087 494 1173 515 mater
1187 493 1239 520 est,
1256 493 1283 515 et
1298 488 1384 522 prima
1407 488 1531 515 omnium
1552 488 1747 520 Ecclesiarum,
1761 490 1874 518 credere

1086 535 1259 569 simpliciter,
1286 535 1470 569 quodcunque
1488 535 1545 569 ipsa
1566 541 1674 570 semper
1686 536 1720 563 de
1744 535 1875 571 Doodog-

1086 582 1210 608 tuatizat.

1123 628 1176 654 Sed
1193 628 1225 655 ad
1244 628 1295 654 ltoc
1312 627 1405 654 evenit
1423 628 1488 654 mihi
1505 635 1602 656 rursus
1613 627 1748 659 haesitare.
1761 627 1876 656 nefonc

1088 674 1113 701 in
1130 674 1307 708 dogmatibus
1337 673 1412 707 ﬁdei,
1428 674 1529 709 quibus
1545 674 1632 701 ﬁdelis
1658 674 1692 702 al)
1711 673 1814 702 iﬂdeli
1829 673 1873 701 (ΙΙ-

1088 721 1247 755 stinguitur,
1277 728 1331 747 non
1349 720 1450 747 idonea
1471 720 1508 748 sit
1530 720 1602 749 illius
1616 719 1742 752 Ecclesia
1756 720 1876 749 211ααί-

1088 772 1131 795 tas
1147 788 1154 800 ,
1172 767 1220 795 sed
1244 766 1411 801 requirenda
1437 767 1518 794 etiam
1546 766 1709 795 universalis
1734 766 1873 795 Ecclesia.

1088 814 1144 841 lioe
1159 818 1248 840 autem
1263 813 1357 841 dubito
1373 820 1405 840 ex
1421 813 1527 843 multis.

1123 860 1257 891 Primum,
1287 862 1360 893 quod
1376 859 1404 886 in
1423 859 1556 893 Symbolo
1581 859 1643 892 ilde
1668 866 1723 887 non
1757 859 1875 887 dicimus

1088 905 1201 934 credere
1214 905 1240 932 in
1251 904 1401 932 Romanam
1416 904 1577 936 Ecclesiam.
1591 905 1639 933 sed
1654 905 1682 932 in
1699 905 1872 933 catholicam.

1089 952 1252 985 Quanquam
1278 950 1342 984 quid
1365 950 1510 985 prohibeat
1524 951 1606 983 etiam
1631 950 1696 978 illud
1706 958 1757 979 nos
1771 950 1873 984 dicere,

1090 997 1112 1024 si
1126 996 1194 1024 satis
1208 996 1301 1023 esset?
1672 1019 1674 1021 .

1124 1042 1228 1069 Deinde
1244 1042 1343 1069 olimin
1357 1041 1473 1069 diversis
1486 1042 1562 1070 orbis
1573 1042 1706 1076 partibus.
1722 1050 1786 1071 cum
1801 1043 1872 1071 nul-

1088 1094 1122 1117 ιω
1135 1093 1203 1116 ortae
1216 1088 1332 1116 fuissent
1350 1089 1469 1116 btereses
1483 1092 1510 1115 et
1521 1088 1697 1123 quaestiones.
1711 1088 1872 1122 et.deFilio.

1088 1141 1114 1164 et
1133 1136 1167 1163 de
1180 1135 1282 1171 Spiritu
1294 1140 1399 1167 sancto,
1415 1140 1443 1162 et
1461 1136 1495 1163 de
1511 1135 1708 1168 incarnatione,
1725 1143 1778 1164 nos
1803 1136 1874 1164 nfe-

1088 1182 1219 1209 rebantur
1237 1182 1352 1216 quzcsita
1380 1182 1414 1209 ad
1429 1180 1580 1208 Romanam
1611 1180 1775 1214 Ecclesiam,
1790 1184 1821 1209 Il
1833 1181 1875 1209 ibi

1088 1228 1244 1255 examinata
1268 1231 1295 1254 et
1308 1227 1489 1254 determinata
1508 1227 1638 1255 omnibus
1658 1227 1811 1261 tradantur,
1821 1234 1873 1254 Ie-

1088 1282 1141 1308 que
1168 1274 1214 1301 alii
1231 1273 1263 1300 ad
1280 1273 1331 1300 hoc
1362 1274 1451 1301 solum
1474 1274 1669 1309 respiciebant,
1680 1274 1809 1310 quid-ast
1820 1273 1867 1301 illa

1089 1320 1209 1347 Ecclesia
1225 1320 1259 1347 de
1278 1320 1318 1347 eis
1345 1319 1579 1352 determinaverit.
1605 1320 1651 1348 sed
1675 1320 1809 1355 generatis
1824 1327 1872 1356 ag-

1088 1368 1273 1402 gregabautur
1304 1367 1432 1399 concilia,
1454 1371 1482 1394 ct
1500 1367 1586 1394 totius
1614 1366 1743 1395 Ecclesia
1755 1367 1874 1402 cognitio

1088 1413 1259 1440 etsententia
1276 1413 1310 1440 de
1320 1413 1452 1440 dubitatis
1466 1414 1636 1441 vocabatur:
1648 1421 1713 1441 cum
1731 1414 1782 1441 hoc
1799 1419 1875 1443 esset

1089 1460 1174 1486 multo
1209 1459 1345 1487 dil'licilius
1360 1467 1442 1495 quam
1473 1460 1550 1487 illud.
1576 1461 1610 1488 Et
1622 1461 1693 1495 quod
1718 1460 1805 1495 magis
1818 1465 1872 1490 est.

1088 1514 1179 1541 neque
1193 1506 1271 1540 iussu
1292 1513 1367 1541 papae
1387 1506 1432 1533 illa
1447 1506 1563 1534 concilia
1581 1506 1806 1542 aggregabantu.
1823 1507 1872 1534 sed

1089 1557 1168 1586 prout
1179 1556 1302 1586 apparet,
1316 1556 1343 1578 et
1355 1559 1403 1586 per
1415 1552 1559 1579 chronieas
1569 1557 1596 1580 et
1611 1553 1763 1588 imperiales
1773 1552 1875 1588 episto-

243 1601 455 1637 qnideminveni
471 1601 582 1632 multos,
594 1601 641 1635 qtti
658 1601 708 1627 hoc
720 1601 840 1634 sapiunt,
858 1600 962 1627 scilicet
974 1608 1039 1627 san-
1054 1604 1075 1632 ο
1093 1598 1146 1628 las,
1177 1602 1205 1625 et
1216 1606 1264 1633 per
1283 1598 1462 1625 allocutiones
1489 1599 1610 1633 ipsorum
1633 1599 1825 1634 imperatorum
1838 1600 1873 1628 ad

240 1652 318 1675 ctum
335 1646 530 1679 Augustinum,
547 1650 672 1672 sanctum
692 1645 852 1679 Gregorium
873 1644 1039 1680 Nyssenum,

243 1698 369 1721 sanctum
383 1693 447 1728 Cyri
460 1693 515 1719 lum
528 1693 554 1719 in
572 1694 651 1719 dictis
660 1694 717 1719 suis
734 1693 870 1719 thesauris
893 1698 920 1719 et
938 1692 963 1719 in
980 1692 1041 1718 aliis

240 1738 303 1765 suis
340 1738 472 1771 dialogis;
492 1741 616 1764 sanciunt
644 1737 824 1764 Athanasium
848 1741 873 1763 et
907 1736 1040 1771 quosdam

243 1784 323 1811 alios.
341 1783 393 1809 Sed
407 1783 473 1809 illud
507 1783 625 1809 arbitror
654 1789 696 1808 me
718 1787 791 1808 recte
816 1781 934 1815 cogitare
947 1800 954 1813 ,
971 1781 1041 1814 quod

242 1829 366 1856 omnium
396 1837 457 1862 quas
488 1828 513 1854 hi
530 1828 639 1859 docent,
659 1827 703 1854 illa
723 1831 828 1853 tautttm
847 1827 1039 1854 necessitatem

243 1876 375 1902 habemus
396 1874 528 1907 recipere,
550 1876 611 1908 ‘qum
621 1875 660 1900 vel
673 1881 704 1900 ex
723 1873 780 1908 ipsa
792 1880 868 1900 sacra
885 1872 1039 1906 Scriptura,

250 1921 423 1956 apertissime
448 1926 474 1947 et
491 1921 749 1948 indubitabilissime
771 1919 977 1951 ostenduntur,
998 1919 1038 1946 vel

248 1973 297 2001 per
333 1965 478 1993 concilium
507 1966 632 2000 generale
667 1972 797 1999 expresse
826 1965 982 1991 examinata
1011 1968 1039 1991 et

241 2013 423 2040 determinata
451 2013 548 2046 adepta
577 2018 640 2038 sntit
665 2012 841 2043 sententiam,
868 2015 898 2038 ut
924 2010 1039 2038 debeant

241 2066 339 2086 omnes
353 2066 384 2085 ea
401 2058 557 2088 admittere,
582 2058 623 2084 vel
643 2057 724 2084 etiam
748 2064 795 2090 per
820 2061 941 2083 nostram
958 2061 1038 2083 natu—

240 2105 326 2132 ralem
344 2104 477 2131 ratiouem
495 2103 563 2131 satis
578 2102 762 2129 demonstrari
777 2103 875 2129 valent.
892 2102 957 2134 Qua:
972 2110 1038 2130 vero

242 2160 296 2178 non
314 2151 378 2177 talia
395 2154 468 2182 sunt,
490 2158 544 2176 non
562 2150 628 2176 ntihi
645 2150 754 2176 videtur
781 2149 903 2176 debitum
925 2157 986 2177 esse
1004 2158 1035 2177 ea

241 2197 399 2228 admittere,
429 2202 517 2229 neque
535 2195 698 2229 periculum,
717 2201 770 2221 non
788 2195 890 2222 credita
903 2199 930 2221 et
945 2199 1036 2225 spreta

242 2242 322 2270 nobis
340 2242 455 2269 inferre.
471 2241 531 2268 Non
552 2242 624 2268 enim
642 2242 751 2276 penitus
770 2241 845 2268 illius
862 2241 1035 2268 auctoritatis

242 2287 410 2314 aestimamus
424 2287 484 2314 illos
499 2294 570 2318 esse.
585 2275 665 2321 cujus
679 2287 825 2320 prophetas
844 2291 870 2312 et
885 2287 1033 2325 apostolos,
1051 2275 1075 2305 D

244 2338 273 2359 ttt
290 2332 453 2367 simpliciter
467 2332 700 2367 quemadmodum
725 2331 789 2366 illis,
812 2332 849 2359 ita
870 2336 897 2358 ct
923 2332 964 2358 ltis
987 2340 1035 2366 per

242 2378 336 2404 omnia
357 2377 507 2405 debeamus
533 2384 641 2412 parere.
662 2378 861 2411 Argumentum
878 2381 966 2404 autent
983 2383 1035 2410 est,

242 2424 314 2459 quod
331 2424 474 2459 prophetae
488 2423 600 2458 quidem
624 2427 652 2450 et
668 2422 786 2457 apostoli
801 2423 835 2449 de
851 2422 924 2450 nulla
938 2431 966 2450 re
983 2424 1034 2451 sibi

241 2471 391 2498 secundum
415 2478 472 2497 rent
501 2470 587 2504 ipsam
606 2470 743 2496 contraria
768 2469 874 2497 dicunt.
898 2469 964 2497 Post
986 2471 1035 2499 ltos

242 2525 307 2544 vero
324 2518 450 2544 doctores
466 2516 548 2543 nimis
565 2515 591 2542 itt
608 2515 702 2543 multis
716 2520 744 2542 ct
759 2523 812 2543 non
831 2516 933 2550 parvis,
951 2522 977 2544 et
988 2525 1035 2544 er-

242 2563 369 2595 ponendo
396 2562 581 2597 Scriptorum,
599 2565 626 2589 et
649 2561 868 2595 dogmatisando,
897 2564 1034 2591 contraria

239 2609 295 2637 sibi
312 2608 440 2640 invicem,
455 2607 609 2640 smundatn
627 2614 685 2634 rem
699 2607 784 2641 ipsam
799 2608 893 2636 dicunt
910 2617 917 2635 :
935 2615 964 2636 ut
976 2610 1034 2637 sine

243 2655 369 2690 periculo
385 2655 466 2683 nobis
479 2654 535 2688 jam
553 2654 609 2686 ﬁat,
627 2655 671 2681 cui
697 2654 825 2683 volumus
845 2656 984 2683 assentiri.
999 2656 1034 2684 At

236 2710 306 2730 "sero
315 2701 449 2737 Spiritum
458 2705 584 2728 sanctum
597 2706 623 2728 et
636 2709 667 2729 ex
686 2702 755 2729 Filio
769 2703 928 2737 procedere,
945 2711 1033 2737 neque

236 2756 290 2782 per
305 2748 458 2783 naturalem
485 2753 605 2775 nostram
625 2749 758 2776 ratiottetn
784 2749 1033 2784 eompreheusihilc

243 2794 309 2821 mihi
322 2802 383 2821 esse
395 2794 524 2827 videtur;
543 2803 632 2829 neque
648 2804 679 2824 ex
704 2797 760 2831 ipsa
784 2805 862 2824 sacra
878 2797 1031 2831 Scriptura,

241 2839 300 2868 sine
323 2841 397 2868 omni
417 2842 596 2876 ambiguitate
621 2844 773 2872 certissime
798 2844 918 2877 ostendi,
946 2852 1033 2878 neque

279 2930 287 2945 ⁷
309 2930 386 2960 Joatt.
409 2942 457 2963 xv,
466 2933 512 2961 26.

1093 1653 1140 1673 eos
1155 1646 1200 1680 qui
1218 1645 1244 1672 in
1262 1646 1315 1673 illis
1343 1646 1469 1674 conciliis
1494 1651 1584 1680 erant,
1608 1647 1874 1682 imperialibusccle-

1093 1692 1245 1718 brabantur
1258 1692 1353 1726 jussis.
1367 1691 1394 1719 ln
1411 1692 1513 1727 quibus
1530 1691 1663 1725 conciliis,
1680 1691 1742 1729 licet
1752 1693 1868 1728 primum

1093 1739 1181 1766 locuut
1193 1746 1261 1773 papa
1274 1738 1422 1771 obtinebat,
1433 1739 1473 1766 vel
1485 1739 1545 1772 ejus
1557 1740 1647 1774 legati,
1658 1743 1748 1768 tamen
1756 1745 1874 1768 cauom

1092 1790 1120 1812 et
1134 1784 1314 1812 determinata
1330 1785 1457 1819 dogmata
1473 1791 1525 1812 non
1542 1789 1606 1813 sunt
1619 1785 1742 1819 exposita
1754 1785 1874 1820 singula—

1092 1831 1161 1857 riter
1168 1838 1200 1857 ex
1214 1837 1328 1865 persona
1339 1837 1423 1865 papae.
1435 1831 1482 1858 sed
1492 1837 1523 1857 ex
1533 1836 1649 1865 persona
1661 1831 1744 1859 totius
1752 1831 1871 1860 concilii.

1128 1876 1168 1903 Ad
1185 1876 1242 1903 luet:
1269 1877 1349 1910 igitur
1371 1876 1438 1903 milti
1463 1876 1873 1911 respicienti,vaimisnr‘cOssa-

1093 1922 1162 1948 rium
1180 1923 1299 1955 videtur,
1317 1928 1344 1950 et
1362 1923 1388 1949 in
1402 1923 1528 1957 praesenti
1543 1923 1702 1956 qttaestione,
1716 1927 1746 1951 ut
1756 1930 1874 1952 concur—

1092 1974 1132 1995 rat
1149 1968 1229 1995 simul
1245 1976 1307 1995 cum
1337 1968 1460 1996 Romana
1477 1967 1607 2001 Ecclesia,
1625 1968 1707 1996 etiam
1722 1969 1806 1998 totius
1821 1969 1873 1998 Ec-

1092 2014 1181 2041 clesiae
1211 2015 1362 2042 auctoritas
1387 2018 1467 2048 atque
1485 2014 1616 2049 cognitio.
1625 2015 1768 2050 Siquidem
1781 2018 1808 2042 ct
1821 2015 1872 2042 Ioc

1091 2069 1122 2087 ex
1139 2060 1233 2087 dt-bito
1243 2060 1413 2087 necessitatis
1425 2060 1477 2087 erit
1491 2060 1670 2088 credendum.
1683 2060 1755 2094 Quid
1771 2059 1871 2096 igitur?

1091 2105 1131 2132 Ad
1158 2106 1323 2132 credendum
1352 2113 1385 2133 ne
1412 2113 1444 2132 ex
1474 2105 1545 2132 Filio
1571 2106 1719 2140 procedere
1743 2105 1871 2140 Spiritum

1091 2157 1217 2179 sanctum
1244 2151 1307 2178 dico
1323 2158 1366 2178 me
1383 2151 1519 2184 haesitare,
1535 2159 1567 2179 ex
1584 2152 1644 2180 solo
1654 2159 1718 2180 vero
1741 2151 1876 2186 Patreip-

1090 2206 1150 2226 sum
1164 2198 1325 2232 procedere,
1352 2198 1426 2232 quod
1449 2197 1526 2224 multi
1538 2198 1644 2229 dicunt,
1668 2198 1786 2226 arbitror
1796 2203 1871 2226 recte

1092 2243 1215 2270 dictum?
1237 2243 1349 2270 Multum
1375 2243 1482 2275 deﬁcio.
1498 2243 1556 2270 Sed
1567 2244 1590 2271 si
1602 2248 1693 2279 potest
1705 2244 1769 2278 dici,
1786 2245 1873 2272 multo

1089 2289 1179 2316 adhuc
1204 2288 1385 2317 dubitabilius
1400 2293 1428 2316 et
1441 2289 1631 2319 incredibilius
1650 2290 1685 2318 ad
1702 2290 1754 2318 ltoc
1766 2296 1810 2318 tuo
1823 2290 1873 2319 Ita-

1087 2336 1148 2362 beo.

1124 2383 1245 2409 Primum
1271 2384 1343 2409 enim
1370 2390 1422 2418 per
1437 2390 1598 2410 communl's
1627 2386 1654 2410 et
1669 2382 1808 2410 naturales
1822 2390 1872 2410 Ito.

1088 2427 1177 2454 tiones
1186 2427 1276 2461 ipsum
1295 2427 1490 2459 detttoitstriiri,
1499 2434 1549 2461 per
1561 2426 1673 2454 easdem
1687 2426 1793 2461 utique,
1803 2432 1872 2461 quas

1088 2479 1113 2500 (ιι
1137 2474 1213 2508 prius
1241 2474 1296 2500 dixi
1331 2480 1442 2505 causas,
1465 2472 1632 2507 impossibile
1661 2472 1727 2500 mihi
1745 2472 1870 2500 «ridear.

1094 2518 1196 2545 Deinde
1210 2523 1236 2544 et
1256 2518 1282 2544 itt
1294 2522 1349 2544 tota
1367 2525 1445 2545 sacra
1459 2522 1487 2544 et
1501 2518 1596 2551 divina
1608 2518 1748 2552 Scriptura
1763 2517 1867 2544 nullm

1088 2565 1227 2591 invenitur
1249 2564 1353 2591 dictum
1378 2564 1440 2596 tale,
1459 2571 1507 2598 per
1523 2563 1609 2598 quod,
1633 2570 1689 2590 non
1701 2562 1765 2590 dico
1776 2568 1873 2598 aperto

1088 2610 1271 2637 demonstrari
1284 2629 1292 2642 ,
1308 2609 1357 2637 sed
1373 2610 1415 2636 vel
1429 2609 1793 2645 coujectnraetsttspiciolo
1800 2606 1867 2644 ἱρα-

1087 2658 1139 2692 cipi
1162 2657 1250 2691 pomit
1260 2675 1268 2688 ,
1283 2656 1358 2691 quod
1376 2663 1412 2683 ex
1425 2655 1486 2683 solo
1502 2655 1596 2683 Patre
1627 2655 1745 2690 Spiritu
1759 2659 1870 2682 staqu

1088 2706 1220 2740 procedit.
1238 2704 1331 2738 Neque
1341 2703 1413 2731 enim
1431 2703 1639 2738 qnottiamdiait
1648 2702 1779 2731 Dominus
1791 2710 1799 2728 :
1812 2701 1868 2735 Qui

1089 2760 1103 2777 tl
1118 2750 1200 2777 Patre
1223 2750 1339 2784 procedit
1354 2749 1377 2782 ',
1399 2749 1459 2777 ideo
1482 2749 1575 2777 statim
1597 2748 1686 2783 putari
1700 2747 1789 2780 debet,
1805 2748 1869 2782 quia

1089 2806 1142 2825 non
1165 2806 1196 2825 ex
1212 2797 1271 2832 ipso
1299 2803 1410 2832 quoque
1432 2795 1564 2831 procedit.
1578 2795 1722 2823 Assttctttm
1736 2794 1806 2822 enim
1826 2798 1869 2822 est

1089 2845 1139 2879 ipsi
1169 2843 1316 2877 Salvatori,
1348 2850 1398 2871 sua
1423 2847 1452 2870 et
1466 2841 1555 2871 Patris
1578 2841 1734 2870 communia
1749 2840 1826 2868 Patri
1837 2843 1868 2867 ut

1725 3225 1740 3228 __
1777 3224 1797 3227 ε
