4064 6446
400 386 535 450 1293

1549 377 1790 440 EPIST.
1837 377 1941 437 AD
1981 376 2489 436 BABLAAMUM.

3492 373 3626 438 1234

398 499 695 568 plurimum
743 493 1060 559 attribuere,
1107 507 1213 547 non
1261 491 1549 546 addentem
1596 492 1764 545 verbo
1794 498 1848 543 et
1883 502 1963 543 se.
1998 493 2039 551 Α
2073 494 2220 541 recte
2255 501 2465 555 sapere,
2508 486 2562 539 in
2606 483 2866 569 Sypmbolo
2918 494 3100 539 tamen
3133 484 3250 553 ipsa
3295 497 3405 540 non
3433 498 3632 554 posue-

396 592 466 646 Ut
498 592 550 643 in
586 589 743 642 «illis:
796 586 980 641 Omnis
1026 587 1285 655 plantatio
1345 600 1500 653 quam
1557 597 1659 636 nan
1699 583 1958 652 plantavit

2064 588 2208 631 runt.
2256 576 2434 643 Quare
2453 584 2624 632 restat
2661 577 2959 646 ambigere,
3004 593 3073 632 ne
3120 577 3263 632 forte
3292 590 3346 632 et
3377 579 3478 633 hoc
3508 579 3633 633 illo-

397 682 561 736 Pater
579 697 723 735 meus
747 677 1367 744 cwlestis,eradicabitttr
1386 677 1443 741 ⁸;
1475 685 1528 731 et
1553 692 1568 730 :
1608 674 1777 728 Nemo
1795 682 1962 744 potest
2063 682 2186 722 rum
2213 668 2306 736 sit,
2342 683 2462 738 quae
2494 669 2547 722 in
2581 668 2831 741 symbolo
2860 668 3079 738 quidem
3101 682 3208 723 non
3243 669 3638 732 dicuntur,ali~

395 772 570 825 venire
628 769 699 823 ad
745 784 849 835 me,
883 768 985 821 nisi
1042 770 1209 820 Pater
1266 782 1411 819 meus
1463 766 1698 818 attrahat
1732 765 1959 833 ipsunt’.

395 861 676 927 Quamvis,
713 861 839 930 quis
871 875 1068 929 negare
1114 859 1552 929 praesumpserit,
1578 866 1633 910 et
1662 857 1840 927 ipsum
1875 856 1965 910 Fi-

401 954 530 1008 lium
581 955 828 1023 plantare
884 952 940 1005 in
1005 952 1203 1021 pietate
1239 950 1477 1004 lidelium
1538 958 1767 1012 mentes,
1813 959 1867 1002 et
1896 946 1964 1001 ad

398 1036 626 1097 s'alutem
671 1044 948 1097 attrahere
1006 1057 1102 1097 eas
1123 1041 1145 1095 ?
1170 1040 1351 1107 Quare
1394 1050 1556 1095 restat
1590 1051 1643 1092 et
1670 1038 1737 1093 de
1764 1052 1967 1108 propo-

398 1133 502 1188 sito
528 1135 824 1204 ambigere,
867 1148 933 1187 ne
973 1132 1114 1188 forte
1168 1132 1350 1188 simile
1400 1131 1473 1185 sit
1496 1131 1627 1196 illis,
1668 1144 1789 1199 quae
1816 1129 1965 1184 Patri

397 1225 772 1281 attribuuntur
849 1225 1094 1295 quidem,
1149 1234 1278 1281 sunt
1347 1232 1529 1279 autem
1625 1226 1749 1280 aliis
1816 1240 1969 1283 com-

398 1321 605 1373 munia.
655 1316 823 1371 Multa
859 1319 1005 1371 enim
1050 1318 1178 1373 talia
1236 1318 1293 1371 in
1347 1319 1654 1392 Evangeliis
1683 1321 1967 1392 reperiun-

401 1419 490 1463 tur
517 1426 532 1474 ;
556 1408 649 1463 ubi
675 1409 777 1463 etsi
814 1408 1203 1478 distinguendo
1229 1408 1491 1465 dixisset:
1519 1409 1620 1476 Qui
1654 1427 1683 1465 a
1716 1413 1835 1468 solo
1861 1411 1968 1467 Pa-

399 1510 482 1555 tre
503 1500 776 1569 procedit:
823 1515 1003 1569 neque
1031 1502 1113 1556 sic
1147 1502 1424 1556 tolleretur
1448 1504 1673 1559 omnino
1702 1519 1966 1573 quaerere,

402 1605 471 1643 ne
496 1600 551 1643 et
579 1604 644 1643 ex
674 1594 737 1644 eo
764 1592 1043 1660 procedat.
1104 1589 1237 1645 Nam
1277 1592 1387 1646 alio
1417 1593 1540 1649 loco
1593 1595 1701 1650 ait:
1734 1595 1863 1648 Hac
1888 1603 1966 1648 est

402 1684 508 1735 vita
536 1689 759 1744 eterna,
784 1693 842 1735 nt
869 1690 1187 1751 cognoscant
1213 1692 1261 1738 te
1279 1683 1451 1738 solum
1500 1701 1674 1739 verum
1705 1684 1872 1739 Deum
1901 1687 1967 1753 “,

397 1774 651 1840 quamvis
684 1783 738 1827 et
778 1774 894 1841 ipse
925 1788 1087 1829 verus
1134 1772 1278 1828 Deus
1338 1776 1631 1830 exslstens.
1681 1774 1749 1829 Et
1799 1774 1967 1829 illud:

400 1864 568 1920 Nemo
602 1866 865 1935 cognoscit
884 1865 1081 1920 Filiam
1102 1868 1205 1922 nisi
1236 1868 1397 1922 Pater
1424 1868 1489 1934 “,
1527 1877 1606 1934 et,
1636 1869 1850 1924 Patrem
1878 1885 1969 1923 ne-

398 1970 481 2006 mo
539 1956 827 2023 cognoscit,
871 1955 974 2009 nisi
999 1955 1174 2012 Filius
1219 1958 1291 2014 ":
1337 1960 1590 2028 quamvis
1645 1971 1700 2014 et
1759 1960 1965 2030 Spiritu

397 2057 589 2102 sancto
621 2050 874 2104 similiter
900 2060 1282 2119 cognoscente,
1308 2060 1363 2104 at
1388 2052 1621 2121 Patrem,
1654 2062 1707 2107 et
1739 2052 1961 2109 Filium.

397 2136 577 2201 Quare
611 2146 665 2191 et
699 2137 751 2191 in
788 2138 885 2193 illo
916 2138 960 2193 si
993 2140 1246 2194 similiter
1295 2140 1501 2194 dictum
1535 2140 1752 2208 fuisset,
1781 2152 1967 2211 posset

398 2231 587 2299 utique
633 2231 856 2300 ambigi,
885 2245 954 2287 ne
972 2231 1113 2287 forte
1140 2232 1322 2301 ipsum
1355 2232 1463 2287 tale
1505 2242 1671 2298 esset,
1701 2234 1804 2289 soli
1839 2237 1965 2305 qui-

400 2321 523 2376 dem
553 2320 700 2377 Patri
732 2322 1082 2388 attributum,
1135 2324 1308 2378 nihilo
1338 2324 1521 2380 minus
1549 2334 1732 2381 autem
1759 2335 1813 2381 et
1842 2327 1964 2382 Filii

396 2413 688 2470 essistens.
717 2414 911 2470 Adhuc
938 2424 1120 2470 autem
1155 2416 1258 2472 etsi
1282 2427 1467 2486 aperte
1501 2416 1696 2473 fuisset
1722 2420 1961 2475 dictum:

400 2508 502 2572 Qui
536 2523 643 2563 non
672 2522 701 2561 a
730 2522 837 2573 me,
872 2509 965 2564 sed
997 2523 1027 2563 a
1058 2507 1221 2563 Patre
1265 2511 1543 2577 procedit;
1571 2521 1625 2565 et
1649 2511 1721 2566 ita
1757 2514 1831 2566 nil
1866 2515 1968 2568 mi-

403 2613 505 2654 nus
535 2600 976 2670 anthigi‘posset.
1034 2599 1199 2655 Multa
1231 2602 1378 2655 enim
1429 2603 1800 2658 communium
1831 2604 1969 2661 dixit

403 2705 578 2762 neque
616 2706 673 2747 se
704 2691 926 2757 habere,
963 2706 1144 2762 neque
1182 2692 1385 2748 facere.
1416 2692 1533 2747 Hea
1562 2695 1828 2763 doctrina,
1866 2698 1964 2761 ait,

403 2799 508 2838 non
543 2792 618 2838 est
648 2800 791 2847 mea,
811 2786 903 2840 sed
933 2784 1114 2838 Patris
1145 2786 1216 2850 ¹³;
1246 2794 1334 2840 et:
1377 2783 1499 2840 Non
1530 2789 1644 2841 veni
1668 2787 1845 2854 facere
1874 2807 1969 2844 vo-

400 2877 656 2931 luntatem
696 2892 889 2942 meam,
925 2879 1014 2932 sed
1036 2879 1488 2949 voluntatcmejns
1515 2882 1606 2950 qui
1626 2883 1768 2935 misit
1794 2900 1874 2936 me
1904 2886 1965 2938 “.

404 2964 504 3017 Et:
557 2963 756 3018 Sedere
794 2981 828 3018 a
873 2966 1074 3019 dextris
1102 2978 1149 3019 et
1179 2984 1211 3020 a
1261 2970 1497 3043 sinistris
1559 2972 1709 3035 meis,
1756 2989 1858 3025 non
1890 2987 1967 3026 est

400 3071 569 3109 meum
599 3055 730 3109 dare
754 3057 914 3123 vobis,
939 3060 1028 3111 sed
1055 3059 1133 3111 Itis
1163 3059 1350 3128 quibus
1373 3073 1618 3128 paratum
1648 3073 1726 3116 est
1756 3080 1788 3117 a
1811 3062 1970 3117 Patre

2054 2877 2276 2931 ’militer
2323 2891 2612 2933 commune
2663 2878 2843 2935 Patris
2892 2890 2949 2935 et
2999 2879 3119 2935 Filii

2068 772 2148 817 ter
2170 775 2297 815 vero
2327 760 2395 815 ab
2421 760 2506 816 his
2522 761 2840 815 creduntur.
2866 760 3187 829 Quanquam
3214 770 3435 816 sanctus
3466 760 3641 817 Athao

2067 854 2278 916 nasius,
2320 862 2375 908 et
2405 869 2632 923 magnus
2670 853 2928 917 Basilius,
2960 864 3015 908 et
3043 854 3211 908 frater
3237 853 3359 923 ejus
3386 895 3400 919 ,
3434 866 3527 925 qut
3553 855 3634 907 di.

2066 954 2269 999 cuntur
2308 946 2622 1000 interfuisse
2646 947 2919 1016 prmdictis
2941 948 3210 1012 conciliis,
3245 947 3531 1002 manifeste
3556 946 3637 1001 vi-

2066 1033 2263 1089 dentur
2294 1034 2557 1103 idipsum,
2588 1035 2732 1105 quod
2759 1034 2941 1089 Latini
2975 1036 3186 1100 dicunt,
3224 1039 3518 1105 sapientes.
3552 1040 3633 1090 An

2068 1124 2212 1178 dicet
2245 1125 2446 1194 aliquis
2475 1136 2735 1193 corrupta
2768 1140 2895 1180 esse.
2917 1128 3108 1179 horum
3148 1126 3385 1195 scripta?
3415 1127 3506 1181 sed
3537 1140 3638 1193 ego

2066 1225 2122 1271 et
2168 1217 2272 1271 hoc
2313 1217 2521 1272 incerto
2568 1217 2891 1282 exsistente,
2947 1219 3141 1273 merito
3169 1218 3355 1287 utique
3393 1218 3636 1288 ambigo.

2139 1308 2345 1363 Deinde
2374 1323 2553 1378 neque
2596 1308 2702 1363 hoc
2736 1317 3101 1363 servaverunt
3127 1309 3351 1362 omnino
3384 1308 3440 1362 in
3477 1307 3638 1379 Sym-

2069 1400 2215 1466 bolo,
2246 1410 2305 1456 ut
2334 1403 2644 1456 communia
2682 1400 2847 1455 trium
2888 1415 3245 1471 personarum
3273 1402 3353 1455 vel
3406 1401 3639 1457 duarum

2068 1493 2351 1563 assignent
2398 1503 2461 1555 ut
2498 1495 2833 1559 communia,
2867 1497 3082 1564 propria
3112 1510 3241 1550 vero
3279 1496 3396 1550 sola
3426 1495 3641 1551 unicui-

2070 1600 2177 1655 que
2226 1585 2551 1650 attribuant,
2580 1586 2675 1642 sed
2714 1600 2746 1640 e
2784 1590 3065 1642 contrario
3104 1587 3158 1640 in
3192 1587 3379 1641 multis
3417 1595 3643 1656 propter

2071 1676 2487 1743 compendium,
2543 1684 2604 1729 ut
2648 1676 2879 1740 aestimo,
2918 1674 3184 1731 fecerunt.
3219 1676 3354 1730 Nam
3385 1675 3645 1746 Omnipo-

2073 1774 2193 1821 tens
2221 1783 2348 1824 cum
2398 1776 2545 1823 esset
2600 1782 2915 1834 commune,
2952 1769 3169 1824 Patrem
3206 1774 3641 1838 omnipotentem

2075 1858 2341 1927 dicentes,
2404 1860 2541 1916 Filio
2593 1859 2678 1915 vel
2711 1859 2937 1929 Spiritui
2970 1860 3074 1917 hoc
3121 1875 3228 1914 non
3273 1860 3564 1917 dederunt.
3603 1858 3644 1916 Ε

2071 1965 2338 2008 converso
2367 1968 2497 2008 vero
2522 1953 2591 2007 de
2622 1951 2858 2008 Domino
2886 1952 3157 2017 fecerunt,
3191 1951 3387 2011 Filium
3436 1963 3492 2009 et
3523 1952 3645 2022 Spi-

2070 2040 2238 2097 ritum
2262 2042 2552 2098 Dominum
2572 2044 2852 2100 dicentes:
2896 2045 3024 2101 item
3064 2044 3238 2101 factor
3267 2046 3484 2114 quidem
3520 2060 3646 2099 om.
3688 2054 3691 2055 '

2073 2133 2224 2205 nium
2278 2132 2515 2203 Spiritus
2548 2143 2771 2190 sanctus
2813 2142 2925 2200 est,
2955 2135 3050 2193 sed
3082 2135 3188 2190 hoc
3232 2136 3382 2190 Patri
3422 2145 3477 2191 et
3506 2134 3646 2191 Filio

2075 2228 2397 2295 tribuentes,
2445 2230 2513 2284 de
2568 2229 2776 2299 Spiritu
2824 2231 2965 2287 nihil
3017 2234 3212 2288 horum
3272 2234 3548 2292 dixerunt.
3604 2234 3647 2289 E

2071 2335 2339 2378 converso
2381 2336 2509 2378 vero
2551 2324 2911 2382 viviﬁcantem
2964 2340 3112 2390 esse,
3144 2334 3199 2380 et
3239 2326 3483 2381 locutum
3525 2342 3647 2383 esse

2073 2428 2169 2481 per
2201 2415 2520 2484 prophetas,
2540 2432 2660 2471 cum
2681 2425 2866 2472 essent
2884 2418 3218 2482 communia,
3244 2434 3351 2475 non
3379 2417 3531 2474 Patri
3562 2419 3643 2474 vel

2073 2504 2233 2573 Filio,
2284 2509 2378 2563 sed
2412 2506 2641 2576 Spiritui
2669 2510 3044 2565 reddiderunt.
3069 2510 3280 2568 Rursus
3308 2526 3432 2567 esse
3458 2512 3642 2568 lumen

2073 2598 2139 2651 de
2170 2598 2394 2664 lumine,
2417 2612 2470 2653 et
2504 2599 2671 2656 Deutn
2706 2615 2892 2657 verum
2920 2602 2989 2659 de
3029 2603 3136 2657 Deo
3167 2618 3297 2658 vero
3322 2605 3643 2660 communia

2075 2698 2203 2743 sunt
2242 2688 2362 2744 Filii
2383 2703 2437 2747 et
2454 2690 2690 2761 Spiritus
2716 2711 2729 2746 ε
2763 2694 2836 2746 illi
2864 2709 2991 2749 vero
3011 2696 3078 2751 de
3102 2694 3260 2759 Filio,
3287 2710 3397 2752 non
3429 2696 3497 2751 de
3521 2698 3647 2765 Spi-

2076 2782 2181 2837 ritu
2219 2781 2332 2841 haec
2358 2784 2634 2839 dixerunt.
2670 2785 2807 2851 Quis
2840 2786 3006 2856 igitur
3041 2787 3213 2853 norit,
3251 2789 3399 2858 quod
3431 2804 3537 2843 non
3567 2791 3649 2845 si-

3188 2884 3463 2951 sapientes
3497 2899 3646 2946 esse,

2074 2966 2218 3033 quod
2251 2983 2316 3022 ex
2372 2970 2452 3024 eis
2482 2971 2723 3039 Spiritus
2754 2979 2981 3027 sanctus
3015 2975 3281 3043 procedit,
3321 2975 3456 3030 satis
3491 2985 3650 3046 puta-

2076 3066 2275 3113 verunt
2310 3059 2411 3115 hoc
2441 3074 2641 3128 ponere
2676 3061 2729 3114 in
2770 3061 2968 3118 Patre?
2992 3065 3097 3133 Ego
3119 3067 3262 3120 enim
3289 3081 3356 3121 ea
3387 3072 3489 3125 hoc
3516 3086 3650 3125 nen-

402 3164 515 3202 meo
542 3149 621 3212 ";
652 3159 704 3202 ot
731 3165 745 3202 :
772 3148 978 3203 Horam
1033 3150 1212 3215 illam,
1255 3168 1418 3221 neque
1445 3152 1619 3208 Filius
1668 3158 1832 3219 novit,
1865 3158 1965 3211 nisi

2077 3154 2219 3200 trum
2256 3147 2507 3203 concludi
2559 3150 2873 3219 considero,
2910 3168 3085 3223 neque
3113 3157 3258 3223 quod
3292 3172 3357 3211 ex
3396 3159 3512 3214 solo
3548 3159 3652 3213 Pn-

401 3240 546 3294 solas
578 3240 739 3294 Pater
785 3243 847 3296 ηε
895 3243 1077 3307 Quare
1105 3243 1149 3298 si
1194 3244 1323 3297 illud
1352 3245 1608 3301 similiter
1663 3247 1967 3305 fuissetdi-

402 3341 573 3395 ctum,
597 3342 745 3387 esset
772 3333 971 3387 adhuc
1003 3335 1158 3391 locus
1193 3338 1505 3407 ambigendi
1535 3378 1552 3402 ,
1584 3354 1653 3392 ne
1678 3339 1817 3394 forte
1845 3357 1967 3395 cum

404 3422 491 3477 his
516 3437 679 3481 sensu
709 3421 912 3476 dictum
947 3424 1139 3482 fuisset
1175 3430 1425 3496 quamvis
1465 3445 1777 3486 commune.

476 3516 577 3573 Ubi
616 3520 775 3587 igitur
822 3530 879 3576 et
917 3532 1196 3577 assuetum
1253 3530 1339 3575 est
1400 3521 1621 3579 Christo
1655 3527 1968 3581 communia

402 3609 550 3664 Patri
582 3611 905 3676 attribuere,
938 3622 993 3665 et
1024 3626 1203 3679 neque
1233 3612 1621 3683 distinguendo
1658 3615 1797 3669 dixit
1826 3617 1966 3682 :Qui

400 3716 430 3755 a
452 3703 572 3757 solo
607 3701 768 3757 Patre
794 3703 1078 3772 procedit;
1106 3719 1301 3771 neque,
1337 3704 1494 3770 Quod
1528 3721 1634 3759 non
1659 3722 1687 3760 a
1729 3722 1845 3771 tne;
1869 3710 1969 3763 du-

402 3793 623 3847 bitabile
660 3808 885 3862 prorsus
927 3802 979 3848 et
1034 3795 1348 3865 ambiguum
1399 3796 1650 3865 edicitur,
1698 3801 1968 3868 quomodo

402 3885 542 3939 dixit
578 3885 683 3941 hoc
713 3886 1003 3943 Salvator:
1038 3895 1218 3941 utrum
1250 3897 1310 3943 ut
1334 3889 1675 3959 intelligatur
1707 3894 1755 3947 id
1792 3894 1967 3950 solius

400 3976 576 4031 Patris
609 3978 887 4046 proprium
918 3994 1060 4041 esse,
1095 3995 1167 4032 an
1198 3980 1389 4036 volens
1423 3997 1743 4047 commune,
1768 3985 1818 4038 id
1856 3994 1960 4051 est,

394 4068 501 4125 sibi
530 4078 584 4124 et
620 4068 799 4126 Patris
822 4070 1052 4137 intelligi
1081 4087 1093 4124 :
1127 4071 1589 4140 quemadmodum
1628 4084 1685 4129 et
1710 4076 1815 4130 alia
1843 4093 1964 4145 quae

398 4161 651 4217 similiter
673 4161 742 4215 ab
776 4178 841 4216 eo
871 4162 1018 4217 dicta
1044 4172 1194 4225 sunt.
1245 4164 1506 4219 Similiter
1535 4174 1589 4221 et
1623 4168 1674 4220 in
1709 4167 1965 4238 Symbolo

400 4254 544 4317 fidei,
572 4256 715 4323 quod
744 4255 1022 4313 Nicanum
1053 4257 1346 4311 concilium
1374 4258 1677 4327 inchoavit,
1736 4272 1789 4317 et
1818 4264 1964 4319 Con-

397 4348 943 4416 stantinopolitanutn
978 4349 1399 4415 consummavit,
1429 4350 1625 4418 legitur
1648 4353 1865 4420 quidem
1888 4355 1963 4409 ita

398 4438 749 4507 simpliciter:
793 4438 899 4504 Qui
928 4454 992 4492 ea:
1010 4439 1169 4492 Putre
1200 4442 1453 4506 procedit.
1491 4442 1594 4495 Sed
1630 4452 1812 4505 utrum
1845 4445 1962 4499 ideo

2078 3251 2161 3295 tre
2186 3256 2362 3310 neque
2384 3243 2528 3311 quod
2552 3259 2615 3297 ex
2643 3241 2681 3296 ιδ’
2688 3245 2780 3299 ilio
2810 3248 3069 3312 procedit,
3111 3250 3252 3305 sicut
3272 3266 3447 3322 neque
3467 3254 3535 3307 de
3557 3255 3649 3310 illo

2079 3326 2330 3395 superius
2379 3347 2809 3393 commemorato
2839 3342 3151 3409 evangelico
3168 3343 3335 3399 dicto.

2147 3424 2252 3479 Sed
2293 3433 2346 3480 et
2374 3427 2538 3481 nimis
2586 3429 2757 3482 miror
2791 3431 2858 3484 de
2898 3431 3027 3499 illis,
3059 3435 3153 3502 qui
3193 3448 3403 3491 certum
3439 3439 3648 3509 aliquid

2076 3528 2356 3587 putantse
2394 3537 2459 3574 ex
2510 3522 2593 3577 his
2628 3524 2863 3579 habere:
2902 3526 2970 3582 de
3019 3529 3241 3597 scriptis
3271 3547 3402 3586 vero
3429 3546 3651 3590 sancto-

2074 3626 2195 3664 rum
2227 3620 2535 3683 nostrorum
2568 3614 2817 3680 Patrum,
2849 3632 2977 3686 quae
3002 3621 3069 3675 ad
3120 3636 3273 3676 meas
3301 3639 3495 3681 manus
3524 3644 3651 3695 per-

2077 3712 2373 3769 venerunt,
2406 3706 2572 3760 trium
2606 3708 2713 3762 vidi
2744 3709 2912 3773 dicta,
2946 3727 3070 3780 quat
3123 3715 3377 3770 videntur
3411 3720 3653 3788 prmbere

2073 3796 2137 3847 ad
2170 3796 2500 3864 propositum
2528 3800 2763 3868 aliquam
2795 3801 3164 3859 difﬁcultatem
3196 3824 3209 3859 :
3252 3811 3424 3864 sancti
3454 3812 3651 3883 Diony-

2073 3886 2136 3939 sii
2180 3888 2536 3959 Areopagitae,
2556 3901 2609 3945 et
2639 3895 2815 3946 sancti
2837 3893 3108 3963 Gregorii.
3130 3907 3190 3952 et
3217 3903 3393 3956 sancti
3422 3901 3650 3959 Joannis

2074 3977 2413 4036 Damasceni.
2433 3981 2532 4037 Ubi
2556 3995 2780 4040 sanctus
2812 3986 3030 4054 quidem
3058 3988 3345 4061 Dionysius
3367 3994 3443 4048 ait
3472 3996 3647 4050 solum

2071 4087 2189 4128 esse
2206 4072 2405 4129 fontem
2421 4080 2959 4146 supersubstantialis
2978 4080 3202 4138 Deitatis
3218 4084 3454 4141 Patrem.
3474 4088 3650 4147 Thro-
3700 4123 3705 4127 ‹

2074 4165 2228 4234 lngus
2261 4182 2389 4221 vero
2422 4170 2699 4237 geminum
2755 4173 2963 4228 radium
2989 4174 3169 4232 Patris
3191 4180 3646 4237 nominatFilium

2071 4269 2124 4312 et
2146 4258 2406 4327 Spiritum
2427 4271 2694 4319 sanctum.

2143 4353 2511 4411 Damascenus
2558 4372 2686 4411 vere
2719 4358 2874 4425 dicit,
2908 4362 3052 4429 qttod
3091 4361 3332 4430 Spiritus
3375 4379 3480 4419 non
3508 4367 3647 4421 dici-

2074 4452 2162 4497 tur
2200 4459 2265 4497 ex
2304 4445 2460 4501 Filio.
2492 4447 2567 4502 De
2618 4450 2818 4518 quibus
2864 4452 2995 4507 illud
3049 4456 3283 4523 primum
3335 4458 3647 4522 considero.

398 4545 502 4584 non
526 4530 875 4594 addiderunt,
908 4541 956 4583 et
989 4546 1053 4583 ea:
1094 4530 1260 4595 Filio,
1289 4533 1550 4601 quoniam
1595 4552 1770 4602 neque
1792 4538 1968 4607 sapie-
2005 4511 2049 4568 θ
2077 4540 2220 4606 quod
2249 4539 2352 4593 etsi
2407 4511 2813 4609 apertissimum
2844 4554 3012 4610 esset,
3050 4511 3210 4616 ipsos
3241 4563 3339 4614 per
3367 4550 3482 4605 haec
3501 4511 3649 4605 dicta

397 4623 528 4677 bant
559 4624 659 4677 hoc
688 4623 788 4692 ipsi
814 4624 1146 4694 synodorum
1180 4624 1395 4678 illarum
1416 4625 1626 4692 Patres,
1658 4628 1967 4686 nullatenus

397 4713 528 4766 mihi
567 4720 775 4767 certum
828 4722 998 4783 patet.

468 4803 714 4858 Primum
760 4805 906 4859 enim
959 4812 1155 4875 praeter
1181 4822 1242 4859 ea
1278 4808 1692 4880 dogmata,qu:e
1724 4812 1776 4866 in
1812 4811 1967 4884 Sym-

396 4895 520 4950 bolo
553 4904 706 4957 sunt,
735 4897 904 4949 multa
931 4907 1061 4953 sunt
1085 4908 1140 4952 et
1169 4898 1275 4953 alia
1302 4901 1463 4956 nimis
1486 4905 1792 4959 necessaria
1811 4907 1878 4960 ad
1905 4907 1964 4961 fi-

394 4985 516 5039 dem
581 4988 856 5054 dogmata,
914 4998 968 5042 et
1022 4989 1090 5043 de
1126 4989 1253 5054 Deo,
1299 5002 1353 5046 et
1387 4993 1454 5048 de
1500 4997 1861 5064 providentia,
1895 4999 1964 5054 de

392 5074 605 5131 duabus
641 5078 851 5132 naturis
872 5085 925 5131 et
952 5079 1324 5136 voluntatibus
1354 5090 1408 5136 et
1440 5088 1878 5151 operationibus,
1900 5090 1968 5144 de

393 5182 499 5221 una
558 5182 810 5237 persona,
865 5170 933 5223 de
985 5172 1303 5240 paenitentia
1333 5214 1347 5239 ,
1378 5174 1447 5229 de
1499 5190 1843 5234 sacramento
1864 5181 1966 5235 Eu-

393 5258 690 5324 chariStite,
715 5262 783 5315 de
822 5277 928 5315 non
960 5277 1084 5316 esse
1119 5266 1601 5331 praexsistentlam
1636 5271 1965 5336 animarum,

393 5353 475 5406 vel
506 5352 834 5423 principium
881 5356 1243 5411 substantiale
1273 5358 1564 5426 malorum,
1596 5372 1653 5416 et
1677 5363 1746 5417 de
1775 5365 1961 5420 multis

389 5445 535 5499 aliis.

455 5537 612 5593 Circa
662 5554 784 5609 qua:
822 5540 948 5595 illus
995 5542 1214 5611 quidem
1266 5545 1455 5601 Patres
1519 5548 1815 5603 verisimile
1839 5563 1957 5607 erat

459 5723 481 5791 ξ
516 5720 699 5774 Matth.
738 5739 825 5781 xv.
863 5727 946 5781 15.
1051 5728 1072 5758 ⁹
1109 5724 1270 5783 Joan.
1324 5743 1397 5791 Vl,
1456 5730 1545 5784 ιι.

387 5792 429 5823 ιδ
458 5790 612 5844 Joan.
646 5809 717 5857 rt,
756 5794 842 5848 58.
925 5798 966 5827 ¹⁵
998 5796 1187 5853 Matth.
1218 5816 1307 5856 ax.
1341 5790 1433 5855 23.

1648 5731 1689 5805 _“
1727 5729 1883 5805 Joan.
1914 5749 2046 5796 xvn,
2080 5736 2134 5787 5.
2214 5735 2250 5766 ¹¹
2287 5736 2473 5793 Matth.
2510 5754 2583 5805 at,
2607 5738 2698 5794 εγ.

1517 5802 1555 5831 ’⁸
1609 5802 1797 5856 Matth.
1834 5820 1983 5871 xxiv,
2017 5806 2105 5858 56.

2076 4644 2286 4697 sapere,
2324 4632 2470 4701 quod
2497 4632 2737 4702 Spiritus
2756 4648 2982 4694 sanctus
3018 4654 3085 4693 ex
3120 4640 3242 4693 solo
3271 4641 3431 4695 Patre
3459 4657 3649 4711 proce-

2075 4721 2170 4782 dit.
2199 4732 2251 4777 et
2283 4738 2412 4791 non,
2450 4734 2507 4780 et
2524 4741 2587 4780 ex
2604 4725 2741 4782 Filio
2768 4745 2785 4793 ;
2818 4737 3060 4784 nomium
3102 4732 3205 4786 huc
3228 4748 3323 4800 per
3350 4722 3645 4788 concilium

2072 4815 2322 4881 generale
2352 4830 2607 4885 expresse
2646 4834 2709 4873 ex
2725 4821 2973 4875 aminato
2995 4831 3049 4875 et
3075 4823 3416 4885 cenlirmato,
3438 4824 3645 4877 nullum

2074 4915 2218 4959 esset
2262 4918 2485 4976 propter
2504 4911 2754 4964 eamdem
2804 4915 3017 4983 utique,
3066 4916 3644 4983 quametpriusdixi.

2070 5013 2319 5059 causam,
2359 5002 2501 5056 nolle
2530 5004 2759 5058 credere
2784 5006 3121 5074 periculum:
3161 5014 3216 5061 et
3249 5020 3372 5061 eum
3408 5006 3494 5062 his
3519 5007 3640 5076 pln-

2072 5088 2225 5146 ribus
2251 5095 2455 5149 sanctis
2480 5099 2823 5152 contrarium
2854 5100 3187 5165 dicentibus,
3219 5107 3277 5154 et
3310 5100 3646 5169 explicanti-

2075 5181 2202 5247 bus,
2234 5195 2285 5238 et
2328 5185 2491 5241 latius
2537 5190 2819 5258 problema
2871 5191 3296 5245 discutientibus
3321 5232 3333 5253 ,
3359 5194 3646 5247 sicutsan-

2072 5284 2193 5328 Cltts
2225 5275 2586 5345 Augustinus,
2623 5289 2926 5336 etsanctus
2953 5281 3507 5353 Cyrillus,tnultaque
3552 5284 3645 5335 ha-

2070 5364 2323 5421 bentibus
2358 5369 2423 5423 de
2465 5381 2653 5427 sancta
2678 5372 2958 5441 Scriptura
3000 5374 3170 5439 dicta,
3210 5390 3316 5428 non
3350 5374 3636 5427 min’matn

2066 5457 2436 5525 suspicionem
2485 5464 2780 5532 praebentia
2821 5465 2987 5532 hujus
3030 5466 3323 5535 dogmatis.
3357 5466 3424 5519 Et
3456 5464 3636 5519 adhue

2066 5562 2240 5603 matre
2270 5552 2515 5607 omnium
2566 5556 2959 5623 Ecclesiarum,
2998 5575 3117 5628 qua:
3145 5573 3423 5629 nunquam
3475 5570 3636 5623 supe-

2797 5739 3001 5795 "ibid.
3089 5740 3129 5772 ¹³
3178 5738 3336 5796 Joan.
3397 5756 3487 5806 \‘lt,
3553 5736 3642 5799 16⁸
