4064 6460
479 364 512 425 ‘i
525 365 548 422 ι’
561 364 625 424 95
1477 425 1480 428 ,
1771 359 1867 420 DE
1877 360 1927 418 Μ
1937 359 2065 420 ETF

2188 359 2504 423 CYDONiI
3605 363 3732 434 Hi6

487 477 729 532 rioribus
757 474 1103 546 tempm'ibus
1133 473 1477 544 deprehensa
1503 484 1584 528 est
1621 474 1864 544 aliquam
1895 477 2068 530 haere-
2095 488 2144 548 Α
2175 475 2290 530 lloc
2322 491 2429 530 non
2463 475 2687 542 dicitur,
2723 485 2776 532 et
2803 516 2819 540 ,
2858 474 2972 533 Hoc
3006 491 3112 533 non
3151 486 3236 534 est
3265 495 3281 545 ;
3315 477 3367 534 in
3398 479 3576 536 multis
3603 485 3733 539 enim

484 571 586 624 sim
619 567 934 633 defemlcre,
965 565 1196 634 idipsnm
1219 565 1550 620 afﬁrmante.
1581 566 1764 631 Quid?
1790 567 1974 637 potius
1995 567 2081 623 bis
2185 569 2439 624 dissonat
2461 609 2476 632 ,
2508 585 2634 624 cum
2685 569 2790 626 sint
2854 571 3023 626 multa
3080 587 3201 642 qua:
3238 587 3345 627 non
3397 575 3664 643 dicuntur,
3688 588 3736 633 et

488 661 666 716 tribus
690 660 1021 714 credendum
1052 660 1178 720 crit,
1204 659 1374 714 semel
1405 661 1508 714 hoc
1523 660 1837 714 dicentibus
1860 670 1913 714 et
1931 659 2082 716 Scri-
2183 670 2333 716 sunt.
2369 659 2528 716 Velut
2551 661 2594 716 si
2627 661 2750 732 quis
2780 663 2999 728 dixerit,
3032 661 3296 734 Spiritum
3357 678 3600 724 sanctum
3640 685 3735 724 non

486 754 1094 826 pturarnmtestimonia
1115 752 1462 822 hujusipsius
1482 753 1706 808 minime
1730 753 2080 810 habentibus?
2184 751 2289 807 dici
2351 753 2404 806 iri
2439 752 2760 822 Scriptum:
2796 753 2964 808 Deum
2990 769 3165 836 verum
3221 757 3286 810 de
3311 755 3414 812 Deo
3445 775 3579 836 vero.
3611 759 3738 830 Ergo

561 843 768 898 Deinde
819 842 1139 913 huiusmodi
1175 844 1321 897 dicta
1375 844 1748 914 penitussunt
1789 845 2073 915 atnbigua.
2181 845 2439 914 quoniam
2505 845 2875 900 Damascenus
2939 861 3047 901 non
3112 846 3290 913 dixit,
3328 850 3471 918 quod
3519 850 3738 921 Spiritus

485 941 548 991 Et
573 946 634 992 ut
668 935 910 1006 primum
936 936 1003 991 de
1031 936 1208 1006 primo
1237 935 1445 999 dicam,
1479 937 1737 1006 quoniam
1761 938 1806 992 si
1834 937 2073 1007 Spiritus
2179 946 2405 992 sanctus
2428 953 2535 992 non
2576 949 2662 993 est
2716 953 2782 993 ex
2844 938 2998 1004 Filio,
3062 940 3158 994 sed
3189 941 3332 1010 quod
3388 956 3498 996 non
3553 945 3739 999 dicitur

485 1041 712 1084 sanctus
755 1029 995 1096 procedit
1044 1040 1100 1084 et
1158 1045 1222 1084 ex
1267 1029 1426 1098 Filio,
1457 1029 1628 1086 Filius
1667 1032 1772 1086 hoc
1814 1031 1978 1086 habet
2007 1045 2072 1086 ex
2178 1044 2242 1082 ex
2267 1026 2429 1086 Filio.
2458 1031 2724 1084 incertum
2746 1033 2934 1102 utique
2961 1041 3046 1088 est
3072 1034 3199 1103 quid
3229 1033 3295 1090 de
3325 1035 3425 1090 hoc
3447 1038 3736 1093 sentiebat:

482 1122 667 1186 Patre,
689 1132 743 1177 et
765 1121 929 1176 Pater
954 1106 1039 1177 est
1069 1121 1240 1188 Fons,
1263 1124 1358 1192 qui
1396 1138 1506 1178 non
1528 1138 1592 1178 ex
1621 1124 1728 1178 alio
1755 1123 1973 1188 habeat,
2007 1134 2068 1178 ut

479 1216 554 1270 sit
589 1209 759 1281 Fons,
789 1216 871 1270 vel
902 1231 966 1270 ex
1012 1216 1122 1271 alio
1145 1227 1366 1270 emanat
1392 1235 1405 1269 :
1439 1215 1612 1272 Filius
1635 1232 1763 1272 vero
1817 1217 1872 1270 tit
1904 1215 2069 1272 veluti

483 1309 620 1363 fons
673 1310 738 1363 de
790 1309 962 1373 fonte,
1023 1309 1488 1387 quemadmodum
1535 1319 1588 1363 et
1641 1309 1970 1378 principium
2003 1308 2070 1362 de

478 1401 758 1470 principio
775 1401 1009 1466 dicitur,
1041 1403 1313 1456 incertum
1357 1415 1586 1472 prorsus
1653 1402 1729 1468 tit,
1759 1417 1868 1472 quo
1898 1417 2064 1457 sensu

485 1496 588 1545 hoc
620 1493 761 1545 dixit
793 1493 884 1546 ille
906 1506 1169 1548 sanctus:
1195 1507 1380 1548 utrum
1413 1494 1662 1564 sapiens,
1693 1495 1823 1565 quia
1843 1510 1908 1548 ex
1947 1495 2067 1550 solo

479 1584 657 1640 'Patre
693 1587 943 1654 procedit
987 1587 1246 1657 Spir-itus,
1288 1601 1355 1640 an
1377 1571 1441 1642 iet
1478 1603 1540 1640 ex
1577 1586 1714 1642 Filio
1739 1588 1954 1656 quidem
1983 1590 2065 1657 ip-

476 1693 606 1732 sum
637 1680 876 1748 sapiens.
914 1679 1110 1734 Dieens
1142 1695 1275 1734 vero
1311 1680 1444 1736 illud
1480 1683 1729 1746 verbum,
1759 1695 1822 1736 ac
1853 1680 1898 1734 si
1919 1680 2066 1735 dice-

481 1785 588 1842 ret,
619 1776 774 1828 solus
801 1772 926 1827 fons
951 1771 1504 1841 supersubstantialis
1541 1770 1791 1837 Deitatis,
1823 1773 1919 1842 qui
1952 1787 2060 1826 non

2180 1129 2362 1174 utrum
2417 1132 2625 1175 tantum
2691 1137 2869 1193 neque
2912 1133 3059 1189 ente,
3083 1141 3258 1194 neque
3301 1127 3480 1190 dicto,
3529 1143 3595 1182 an
3628 1137 3740 1186 tan-

2173 1228 2336 1282 quam
2369 1228 2475 1267 non
2504 1213 2670 1280 dicto,
2708 1223 2764 1269 at
2788 1225 2933 1270 eute.
2992 1216 3096 1272 Sed
3135 1217 3203 1272 de
3257 1219 3340 1273 his
3365 1219 3498 1276 satis
3530 1219 3623 1275 sit.

2245 1304 2544 1362 Videamus
2575 1325 2704 1380 ergo
2738 1321 2791 1364 et
2823 1310 3154 1366 fortissimos
3182 1311 3248 1365 ad
3280 1317 3380 1368 hoc
3423 1329 3611 1374 eorum
3638 1313 3735 1384 syl-

2174 1397 2460 1470 logismos.
2521 1401 2800 1470 Exponam
2853 1412 3034 1457 autem
3088 1419 3184 1459 eos
3236 1419 3342 1460 non
3394 1421 3509 1460 mea
3566 1407 3740 1461 erudi-

2172 1495 2340 1556 tione,
2360 1493 2453 1550 sed
2481 1505 2536 1549 ut
2559 1495 2624 1549 de
2643 1496 2809 1549 verbo
2835 1497 2902 1550 ad
2929 1497 3152 1551 verbum
3171 1512 3266 1552 eos
3289 1498 3508 1568 exponit
3530 1499 3737 1569 quida

2170 1594 2478 1640 nostratnm
2512 1586 2848 1654 sapientum,
2884 1587 2936 1641 in
2969 1602 3070 1643 suo
3119 1595 3308 1644 contra
3369 1589 3590 1646 Latinos
3635 1600 3739 1645 tra-

2171 1685 2346 1730 ctatu.
2383 1677 2474 1731 Ait
2501 1678 2647 1731 enim
2679 1677 2759 1734 sic
2786 1697 2802 1733 :
2841 1676 2897 1734 Si
2927 1677 3166 1749 Spiritus
3199 1692 3421 1739 sanctus
3436 1685 3675 1754 procedit
3691 1695 3740 1741 et

2167 1785 2234 1824 ex
2291 1768 2452 1837 Filio,
2509 1780 2567 1826 ut
2619 1773 2774 1826 aiunt
2828 1771 3052 1839 Latini,
3088 1775 3356 1848 contingit
3417 1759 3751 1846 necessario,

478 1877 702 1923 emanat
746 1881 811 1922 ex
865 1865 980 1919 alio
1045 1865 1198 1918 fonte
1223 1905 1238 1930 ,
1271 1872 1328 1918 et
1369 1879 1436 1918 ex
1471 1879 1579 1933 quo
1615 1863 1759 1919 alius
1791 1863 1976 1928 habet,
2015 1875 2071 1918 ut
2099 1863 2270 1924 Baut
2301 1863 2412 1917 duo
2437 1864 2701 1935 principia
2749 1879 2876 1921 esse
2907 1867 2959 1921 in
3011 1866 3258 1923 Deitate:
3295 1880 3389 1924 aut
3438 1868 3650 1925 Patrem
3689 1886 3740 1934 (ιι

481 1960 722 2022 sit-fons,
758 1959 920 2014 Pater
947 1965 1053 2023 est,
1091 1957 1233 2028 apud
1266 1971 1429 2028 quem
1462 1967 1549 2012 est
1583 1955 1727 2024 fons,
1753 1955 1946 2021 Filius,
1979 1957 2061 2010 vi-

471 2063 572 2118 tm,
600 2051 817 2108 scilicet
867 2051 1136 2119 Spiritus.
1182 2050 1264 2103 Ad
1299 2057 1594 2117 utrumque
1641 2047 1786 2102 enim
1837 2061 2063 2104 sensum

481 2151 616 2205 satis
649 2163 708 2204 se
739 2156 919 2218 potest
944 2147 1150 2202 habere
1193 2143 1326 2200 illud
1355 2145 1601 2198 verbum.

553 2241 849 2296 Rursusde
880 2239 1104 2309 gemino
1148 2236 1323 2292 radio.
1373 2235 1566 2302 Primo,
1589 2235 1809 2306 quidem
1843 2233 2064 2290 dubita-

481 2347 570 2390 tur
602 2336 690 2390 ille
716 2349 931 2397 sermo,
963 2332 1016 2386 iu
1065 2346 1175 2402 quo
1211 2331 1318 2386 hoc
1345 2329 1612 2402 scriptum
1640 2338 1744 2394 est,
1781 2339 1964 2384 utrum
1992 2329 2066 2382 sit

477 2426 783 2496 Thcologi,
845 2425 1079 2478 multum
1155 2423 1302 2478 enim
1355 2423 1527 2478 distat
1580 2422 1650 2476 ab
1705 2422 1827 2492 ejus
1877 2421 2062 2492 atylo:

475 2523 672 2576 deinde
700 2516 1123 2588 nihil'prohibet
1175 2526 1233 2571 et
1261 2525 1493 2584 utraque
1527 2515 1776 2584 intelligi,
1811 2525 1862 2570 et
1892 2514 2066 2586 gemi-

477 2630 610 2669 num
676 2613 889 2666 radium
943 2627 1066 2667 esse
1099 2609 1278 2665 Patris
1340 2608 1540 2665 Filium
1565 2619 1622 2664 et
1647 2609 1940 2682 Spiritum,
2003 2610 2058 2663 in

478 2716 746 2775 quantum
801 2703 1040 2773 perfecte
1069 2713 1125 2757 et
1169 2702 1335 2756 ambo
1367 2717 1438 2756 ex
1491 2699 1655 2756 Patre
1686 2701 1888 2754 habent
1920 2715 2062 2755 esse.

481 2802 549 2854 Et
584 2813 779 2854 rursus
816 2796 1082 2868 Spiritum
1117 2803 1173 2849 et
1200 2810 1263 2850 ex
1305 2793 1445 2850 Filio
1498 2794 1816 2865 procedere,
1875 2793 2065 2848 eadem

480 2907 589 2946 nua
615 2901 670 2945 et
689 2890 928 2959 simplici
957 2887 1332 2958 processione,
1356 2901 1463 2957 qua
1495 2895 1549 2940 et
1573 2902 1638 2940 ex
1668 2883 1834 2940 Patre
1871 2899 2067 2954 proce-

469 2988 580 3049 dit,
615 3001 724 3038 una
755 2983 1056 3037 exsistente
1113 2982 1167 3036 in
1207 2979 1368 3035 Patre
1399 2988 1454 3033 et
1498 2978 1636 3034 Filio
1673 2979 1936 3048 spirativa
1970 2992 2068 3048 po-

478 3079 656 3132 tentia
681 3119 693 3139 ,
719 3077 874 3130 nullo
910 3074 1182 3140 mirando,
1213 3074 1260 3129 si
1293 3074 1346 3129 in
1385 3071 1692 3126 visibilibns
1717 3069 1888 3125 radiis
1904 3068 2067 3138 hujus

475 3169 791 3237 exemplum
850 3181 959 3220 non
1015 3165 1252 3220 videtur.
1308 3163 1582 3218 Incertum
1618 3176 1751 3232 ergo
1780 3162 1839 3216 ﬁt
1867 3176 1932 3216 ex
1967 3161 2067 3216 hoc

482 3265 670 3320 verbo,
699 3261 960 3329 quidnam
995 3259 1087 3328 qui
1117 3259 1220 3312 hoc
1247 3257 1410 3320 dixit,
1435 3256 1501 3311 de
1534 3257 1819 3326 proposito
1853 3255 2063 3309 sentie-

480 3355 594 3407 bat.
632 3352 694 3405 Et
725 3353 963 3406 maxime
994 3353 1138 3420 quod
1171 3351 1288 3420 ipse
1316 3348 1628 3421 Theologus
1677 3349 1864 3404 dicens
1894 3348 1959 3402 de
1979 3347 2068 3403 Fi—

479 3446 573 3509 lio,
626 3445 770 3513 quod
805 3444 956 3498 solus
985 3444 1052 3498 de
1085 3443 1238 3507 solo;
1279 3442 1346 3497 de
1367 3456 1476 3512 quo
1515 3455 1675 3496 nemo
1729 3448 1846 3495 erat
1878 3439 2064 3510 suspi-

491 3549 744 3601 caturus,
777 3552 844 3591 ne
881 3531 1020 3590 ferte
1047 3534 1348 3590 secundum
1397 3534 1688 3597 Deitatem,
1720 3548 1828 3587 non
1852 3520 2066 3586 ex'solo

477 3634 561 3688 sit
592 3631 774 3685 Patre.
805 3629 882 3684 De
914 3628 1122 3699 Spiritu
1155 3636 1349 3682 sancto
1405 3641 1676 3696 nusquam
1723 3625 1840 3680 ait:
1871 3624 2062 3680 Solum

469 3728 552 3781 ede
576 3726 716 3779 solo.
755 3723 836 3777 Ex
868 3737 979 3792 quo
1012 3737 1116 3775 non
1142 3735 1366 3790 parvam
1401 3719 1778 3790 suspicionem
1812 3729 2061 3788 praestat,

468 3833 553 3872 ~ne
582 3816 721 3871 forte
750 3826 804 3872 et
829 3831 899 3870 ex
934 3812 1075 3868 Filio
1110 3814 1312 3869 sentiat
1347 3812 1548 3880 ipsum.
1577 3872 1583 3877 ,

559 3911 928 3966 Damascenus
957 3924 1087 3965 vero
1116 3923 1253 3978 pene
1293 3908 1508 3963 videtur
1534 3908 1650 3960 sola
1680 3921 1812 3960 voce
1859 3904 2068 3959 discre-

467 4021 616 4073 ..p:tre
648 4005 716 4058 ab
739 4003 848 4064 bis.
889 4002 982 4072 qui
1015 4002 1205 4056 dicunt
1245 4016 1314 4056 ex
1363 3999 1502 4054 Filio
1529 3997 1788 4069 Spiritum
1813 4009 2063 4054 sanctum

483 4096 795 4162 procedere,
827 4111 934 4150 non
953 4103 1134 4149 tamen
1158 4104 1209 4150 et
1227 4109 1306 4149 re.
1331 4093 1409 4148 Ita
1435 4108 1496 4147 se
1514 4092 1714 4147 habere
1736 4091 1802 4146 ad
1827 4089 2067 4158 Patrem,

480 4190 680 4246 Filium
715 4198 768 4244 et
813 4186 1099 4258 Spiritum,
1155 4185 1621 4256 quemadmodum
1670 4184 1738 4239 ad
1797 4183 1967 4238 solem
2010 4199 2069 4238 se

483 4287 651 4338 habet
681 4281 869 4336 radius
897 4290 951 4333 et
978 4278 1311 4334 illuminatio
1339 4295 1353 4331 :
1386 4293 1508 4347 qua:
1572 4285 1806 4346 utraque
1844 4277 2066 4345 quidem

477 4385 614 4431 sunt
640 4391 708 4429 ex
740 4374 875 4430 sole.
900 4372 1004 4428 Per
1027 4371 1240 4427 radium
1273 4385 1403 4431 vero
1427 4370 1586 4426 nobis
1611 4369 2066 4424 illuminatiouem

474 4468 623 4524 .tradi
651 4469 746 4522 ait.
781 4471 848 4520 At
890 4482 1018 4522 vero
1050 4466 1284 4533 idipsum
1337 4478 1481 4534 pene
1517 4475 1625 4528 est,
1677 4472 1731 4516 et
1761 4463 1906 4532 quod
1942 4475 2067 4517 scn-

2091 3224 2138 3284 ο

2171 1955 2370 2010 Filium
2425 1973 2588 2012 unam
2660 1974 2784 2015 esse
2834 1967 3084 2030 reSpectu
3141 1961 3377 2034 Spiritus
3432 1981 3732 2036 personam.

2171 2048 2315 2104 Duas
2343 2049 2492 2104 enim
2541 2051 2748 2106 scimus
2781 2051 3116 2110 diﬂerelttias
3162 2069 3350 2111 eorum
3395 2073 3518 2127 qua
3544 2058 3610 2113 de
3634 2057 3733 2112 Deo

2171 2141 2452 2196 dicuntur.

2170 2270 2174 2272 -
2237 2235 2358 2290 Alia
2390 2237 2532 2290 enim
2569 2247 2697 2291 sunt
2726 2253 2916 2294 eorum
2943 2241 3324 2298 substantialia
3377 2249 3432 2298 et
3453 2241 3733 2307 naturalia,

2169 2343 2514 2397 quaecunque
2539 2338 2590 2382 et
2615 2329 2832 2385 divisim
2853 2333 2919 2386 de
2939 2333 3182 2401 qualibet
3203 2348 3431 2405 persona
3450 2336 3739 2404 pradican-

2152 2424 2284 2481 'lur.
2304 2429 2360 2474 et
2379 2421 2734 2490 singulariter
2780 2424 2940 2477 simul
2979 2425 3048 2478 de
3094 2425 3374 2490 tribus;ut
3391 2425 3613 2492 bonum,
3655 2441 3736 2482 sa-

2171 2515 2327 2580 piens
2351 2522 2402 2568 et
2437 2513 2666 2570 similia.
2698 2514 2818 2569 Alia
2853 2525 2982 2571 sunt
3009 2518 3312 2588 personalia
3333 2560 3348 2584 ,
3370 2533 3602 2589 quorum
3631 2520 3737 2575 sin-

2169 2607 2353 2675 gulam
2395 2616 2490 2661 aut
2519 2609 2582 2663 de
2609 2623 2714 2662 una
2743 2609 2856 2663 sola
2892 2624 3124 2678 persona
3161 2611 3522 2681 praedicatur,
3556 2620 3647 2666 aut
3692 2611 3736 2667 si

2167 2700 2505 2768 praedicatur
2567 2701 2786 2756 divisim
2834 2702 2901 2756 de
2959 2702 3228 2772 pluribus,
3269 2703 3606 2773 impossibile
3661 2714 3734 2759 ta-

2169 2811 2292 2849 men
2333 2805 2452 2861 est,
2480 2794 2646 2851 simul
2677 2794 3027 2865 singulariter
3071 2796 3139 2852 de
3177 2797 3382 2852 eisdem
3439 2797 3730 2868 pradicari.

2173 2881 2244 2938 Ut
2269 2898 2524 2939 emanare
2552 2900 2621 2938 ex
2645 2884 2775 2948 alio,
2805 2899 2929 2938 cum
2971 2885 3041 2938 sit
3084 2884 3391 2956 personale,
3417 2886 3736 2957 pradieltur

2175 2978 2319 3032 etde
2348 2976 2508 3043 Filio,
2541 2986 2598 3032 et
2623 2978 2688 3032 de
2727 2975 2934 3047 Spiritu
2968 2995 2983 3042 ;
3012 2987 3067 3032 et
3100 2985 3185 3032 est
3236 2975 3404 3032 Filius
3453 2989 3730 3041 emanans,

2169 3079 2228 3125 et
2299 3068 2536 3138 Spiritus
2576 3085 2881 3137 emanans;
2933 3085 3041 3125 non
3089 3081 3269 3125 tamen
3330 3069 3382 3125 hi
3434 3071 3543 3124 duo
3598 3084 3732 3124 unus

2170 3177 2438 3218 emanans
2479 3173 2584 3229 est,
2617 3162 2712 3218 sed
2770 3163 2880 3216 duo
2913 3170 3252 3217 emanantes.
3277 3159 3414 3218 Vere
3449 3163 3594 3217 enim
3634 3161 3737 3216 im-

2175 3256 2439 3326 possibile
2486 3267 2588 3318 est,
2626 3271 2788 3309 unam
2845 3255 3189 3325 personatam
3242 3253 3628 3325 proprietatem
3669 3254 3734 3308 de

2171 3350 2386 3405 duabus
2441 3348 2735 3417 personis,
2778 3348 2996 3402 etiamsi
3045 3347 3156 3403 sint
3200 3346 3442 3416 ejusdem
3483 3346 3739 3405 substan-

2174 3439 2280 3500 tia),
2312 3438 2662 3507 singulariter
2694 3436 3000 3507 praedicari.

2241 3534 2504 3601 Quamvis
2535 3533 2679 3588 enim
2721 3533 2888 3603 aliqui
2912 3532 3023 3589 duo
3050 3533 3190 3588 idem
3243 3532 3490 3598 audiunt,
3546 3531 3629 3590 vel
3659 3529 3738 3586 vl-

2167 3628 2318 3694 dent,
2363 3629 2446 3683 vel
2475 3627 2809 3697 intelligunt,
2859 3627 2946 3682 vel
2982 3627 3193 3692 volunt,
3244 3628 3328 3682 vel
3373 3626 3746 3697 quodcunque.

2169 3725 2378 3788 agunt:
2419 3732 2524 3772 non
2549 3725 2728 3772 tamen
2767 3731 3060 3786 possumus
3095 3717 3442 3788 dicere,quod
3480 3730 3624 3771 unus
3645 3729 3737 3770 au-

2169 3809 2347 3866 diens.
2375 3810 2457 3864 vel
2499 3808 2711 3875 videns,
2755 3807 2839 3863 vel
2889 3809 3217 3877 intelligens,
3267 3809 3348 3862 vel
3393 3807 3582 3862 volens
3621 3814 3734 3873 est,

2170 3903 2263 3956 sed
2296 3904 2428 3956 duo.
2467 3899 2609 3971 Ergo
2647 3899 2910 3970 quoniam
2947 3915 3074 3956 esse
3124 3899 3452 3969 principium
3487 3896 3734 3968 Spiritus,

2171 4002 2226 4048 et
2258 3995 2468 4062 spirare
2515 3992 2806 4063 Spiritum,
2858 4008 2968 4048 non
3019 4001 3102 4049 est
3149 3991 3736 4062 substantialiumpro-

2172 4087 2489 4156 prietatum,
2535 4087 2629 4140 sed
2661 4086 3071 4155 personalium;
3097 4101 3206 4141 non
3245 4085 3390 4141 enim
3421 4083 3736 4154 prs-dicatur

2171 4179 2239 4232 de
2289 4175 2523 4246 Spiritu,
2574 4177 2868 4248 siquidem,
2924 4186 2982 4232 ut
3035 4177 3136 4247 ipsi
3186 4177 3358 4243 aiunt,
3406 4185 3461 4230 et
3509 4174 3578 4230 de
3607 4173 3734 4228 Filio

2163 4273 2539 4342 praedicatur:
2597 4270 2972 4326 necessarium
3024 4283 3130 4337 est,
3187 4269 3369 4325 dicere
3425 4269 3637 4324 Patrem
3686 4273 3736 4322 et
3837 4267 3840 4270 ’

2169 4364 2212 4419 F
2220 4366 2370 4420 ilium
2430 4367 2568 4419 duos
2637 4363 2956 4432 spiratores,
3022 4371 3078 4418 et
3140 4363 3250 4418 duo
3309 4361 3574 4433 principia
3619 4371 3737 4416 esse

2173 4458 2412 4527 Spiritus
2452 4456 2652 4512 sancti.
2679 4454 2836 4522 Quod
2871 4469 2971 4526 pro
3009 4463 3164 4511 certo
3211 4452 3592 4521 inconveniens
3638 4455 3734 4504 est.

480 4565 648 4627 tinnt,
687 4570 743 4616 et
784 4576 850 4616 ex
886 4559 1026 4614 Fille
1058 4558 1323 4629 Spiritum
1373 4565 1630 4612 sanctum
1681 4571 1806 4611 esse
1856 4554 2064 4608 dicunt.
2103 4567 2144 4622 ι)
2245 4552 2303 4607 Si
2336 4567 2465 4607 vero
2494 4551 2627 4604 dicit
2652 4548 2875 4617 aliquis,
2928 4549 3186 4617 quoniam
3221 4560 3326 4600 uno
3349 4553 3405 4600 et
3433 4541 3660 4612 simplici
3685 4549 3736 4594 et

484 4657 641 4709 Sicut
679 4657 825 4709 enim
863 4653 1051 4708 radius
1069 4651 1244 4709 simul
1269 4651 1512 4720 procedit
1532 4650 1602 4704 de
1633 4650 1773 4716 sole,
1825 4658 1881 4704 et
1912 4663 2070 4701 acce—
2172 4647 2360 4697 eodem
2393 4643 2556 4696 modo
2609 4656 2674 4694 ex
2732 4649 2963 4708 utroque
2996 4638 3261 4708 procedit,
3317 4637 3438 4692 ideo
3467 4649 3608 4690 unus
3657 4640 3736 4687 est

482 4749 562 4816 pit
583 4763 647 4801 ex
680 4763 766 4812 eo,
800 4755 860 4800 ut
906 4745 1178 4800 emitteret
1237 4741 1692 4798 illuminationcm
1726 4758 1742 4798 :
1796 4740 1869 4794 ita
1895 4749 1950 4793 et
1983 4739 2072 4793 Fi-
2174 4735 2499 4801 simpliciter
2533 4735 2773 4802 spirator
2803 4730 3042 4799 Spiritus
3065 4730 3240 4786 sancti
3273 4730 3434 4786 Pater
3457 4739 3510 4783 et
3539 4726 3730 4782 Filius:

471 4844 612 4905 .uus,
654 4851 710 4897 ιιι
748 4841 924 4905 aiunt,
959 4840 1122 4895 simul
1159 4849 1318 4893 natus
1351 4846 1436 4891 est
1481 4849 1544 4889 ex
1581 4834 1763 4897 Patre,
1791 4843 1844 4888 et
1871 4833 2072 4902 accipit
2175 4825 2268 4880 ille
2328 4824 2641 4878 necessario
2693 4822 2887 4876 incidit
2935 4822 2990 4874 in
3043 4823 3275 4876 alterum
3335 4817 3734 4875 inconveniens.

485 4931 555 4986 ab
578 4945 644 4985 eo
685 4931 898 4999 spirare
936 4929 1228 4997 Spiritum.
1265 4925 1329 4980 Et
1363 4926 1510 4980 sicut
1543 4925 1658 4979 sive
1689 4924 1906 4978 dicatur
1946 4923 2070 4978 illn-
2163 4919 2251 4972 .De
2285 4916 2489 4986 quibus
2527 4917 2672 4968 enim
2721 4930 2826 4969 una
2861 4929 3090 4968 numero
3120 4913 3419 4982 personalis
3449 4910 3737 4980 preprietas

476 5026 715 5079 minatio
739 5027 856 5095 ipsa
886 5033 940 5078 et
962 5039 1028 5077 ex
1064 5024 1177 5078 sole
1213 5037 1356 5086 esse,
1389 5029 1444 5074 et
1491 5035 1558 5074 ex
1595 5017 1772 5086 radio,
1829 5017 1947 5073 sive
2001 5034 2069 5072 ex
2173 5027 2269 5066 seu
2294 5009 2606 5065 diﬂereutia
2636 5007 2989 5077 singulariter
3021 5006 3347 5075 praedicatur
3373 5044 3388 5069 ,
3421 5005 3509 5059 illa
3562 5004 3738 5072 utique

485 5116 598 5170 sole
627 5132 722 5185 per
758 5115 1409 5181 radium,nontanquam
1434 5109 1732 5164 exduobus
1763 5107 2070 5178 principiis,
2173 5103 2478 5161 secundum
2533 5117 2700 5155 unam
2757 5114 2987 5154 numero
3049 5099 3490 5169 pradicationem
3557 5097 3734 5151 eadem

477 5210 598 5263 sole
614 5221 668 5262 et
685 5208 861 5271 radio,
879 5204 1208 5260 illuminatio
1243 5218 1365 5259 esse
1395 5203 1616 5268 dicitur,
1647 5203 1719 5256 ita
1740 5210 1797 5256 'et
1822 5202 1926 5271 ipsi
1969 5201 2071 5254 mi-
2177 5211 2404 5251 numero
2441 5205 2593 5249 sunt.
2623 5192 2852 5259 Quare?
2885 5193 3014 5262 quia
3057 5191 3378 5260 spiratorem
3415 5205 3537 5245 esse
3560 5202 3737 5258 perso-

487 5302 632 5355 uime
654 5301 810 5354 aiunt
842 5309 1102 5366 tanquam
1125 5311 1190 5351 ex
1243 5296 1458 5353 duobus
1493 5296 1776 5366 principiis
1804 5293 2068 5364 Spiritum
2175 5289 2317 5344 nalis
2359 5296 2442 5342 est
2499 5286 2806 5355 proprietas
2864 5299 2960 5339 seu
3012 5284 3336 5344 diﬂ‘ercutia,
3389 5291 3736 5352 aggregantur

481 5391 1053 5460 sanetunnprocedere
1086 5404 1152 5444 ex
1182 5389 1338 5444 Patre
1366 5387 1653 5459 Filioque;
1683 5387 1777 5443 sed
1810 5397 2068 5455 tanquam
2175 5383 2338 5438 Pater
2366 5391 2420 5436 et
2458 5381 2631 5435 Filius
2661 5377 2964 5434 secundum
2989 5377 3045 5433 id
3073 5378 3248 5446 ipsmn
3277 5375 3422 5446 quod
3451 5385 3572 5429 sunt
3598 5383 3732 5425 unus

485 5499 553 5537 ex
589 5499 719 5538 uno.
737 5483 927 5546 Quare
955 5482 1221 5537 eteadem
1247 5497 1386 5553 pene
1414 5482 1630 5537 videtur
1663 5481 1870 5535 sentire
1903 5477 1986 5532 his
2017 5486 2073 5532 et
2179 5474 2425 5543 Spirator
2455 5473 2522 5526 ad
2553 5485 2716 5524 uuam
2751 5483 3065 5538 personam.
3108 5468 3261 5522 Pater
3317 5483 3447 5535 ergo
3500 5475 3550 5519 et
3580 5463 3740 5518 Filius

490 5573 880 5630 Damasceuus.
2179 5572 2230 5623 in
2274 5577 2537 5638 quantum
2589 5565 2658 5619 ad
2703 5565 2936 5618 invicem
2987 5562 3318 5627 referuntur,
3349 5561 3467 5616 dua:
3511 5569 3741 5629 persona

560 5670 631 5720 At
660 5669 777 5721 sine
818 5669 921 5722 hoc
963 5669 1098 5723 radii
1137 5677 1191 5724 ct
1230 5667 1644 5723 illuminalinuis
1696 5664 1967 5734 exemplo,
1995 5663 2074 5716 di-
2176 5672 2324 5718 sunt.
2382 5663 2485 5715 νυν
2521 5660 2570 5714 id
2606 5672 2733 5713 vero
2785 5656 2932 5728 quod
2977 5669 3119 5710 unus
3173 5655 3408 5724 spirator
3460 5661 3599 5717 sunt,
3640 5663 3740 5705 una

480 5770 638 5814 ctum
674 5761 806 5816 illud
841 5777 936 5832 per
967 5778 1045 5828 se,
1102 5779 1211 5832 quo
1242 5762 1377 5818 dicit
1405 5781 1418 5818 :
1445 5761 1686 5830 Spiritus
1734 5773 1844 5813 non
1872 5757 2071 5810 dicitur
2178 5771 2409 5825 persona
2435 5764 2584 5808 sunt.

486 5864 551 5902 ex
581 5851 735 5920 Filio,
769 5856 1082 5926 ambiguum
1114 5868 1214 5912 est.
1243 5854 1363 5910 Non
1396 5854 1543 5909 enim
1579 5851 1724 5906 idem
1750 5857 1837 5906 est
1865 5849 2067 5914 dicere,
2252 5847 2308 5902 Si
2342 5862 2472 5903 vero
2505 5846 2636 5902 dicit
2672 5844 2898 5916 aliquis,
2931 5841 3076 5914 quod
3118 5841 3260 5898 sicut
3293 5839 3453 5895 Pater
3504 5850 3552 5892 et
3579 5833 3740 5891 Filius
