4064 6486
360 435 494 503 12Ὺῖ
1536 434 1781 495 EPIST.
1823 433 1923 491 AD
1956 431 1965 490 Ἰ

2029 431 2465 499 \RLAAMUM.
3469 437 3634 501 1293‘

358 573 501 614 unus
555 556 695 613 Deus
747 564 835 613 est
858 565 914 612 et
958 570 1097 612 unus
1144 563 1399 621 internus,
1438 552 1510 608 ita
1553 563 1609 608 et
1646 567 1786 606 unus
1844 557 1927 604 est
1957 555 1997 608 Α
2033 550 2198 606 Deum
2228 556 2560 623 superiorem
2580 557 2741 611 etiam
2761 572 2879 613 esse
2922 556 3196 627 praedictis
3215 554 3425 610 duabus
3456 570 3606 608 com-

356 651 591 720 spirator
611 649 843 716 Spiritus
876 649 1090 704 sancti:
1129 646 1575 716 respondebitur,
1611 645 1753 714 quod
1780 643 1923 698 sicut
2031 646 2288 700 munibus
2307 648 2639 704 notionibus.
2683 648 2797 705 Hoc
2823 650 2952 703 mihi
2993 650 3162 703 multo
3198 647 3370 702 tutius
3397 654 3450 700 et
3481 647 3606 699 reli-

357 740 523 794 Deum
548 755 688 816 esse,
706 748 760 794 et
778 751 1040 795 aeternum
1068 753 1187 794 esse
1205 749 1259 792 et
1279 737 1382 791 alia
1401 735 1779 791 substantialia
1798 735 1917 789 sine
2032 740 2239 807 giosius
2270 740 2509 797 videtur.

352 833 620 903 gulariter
648 833 715 887 de
746 832 907 888 Patre
932 843 987 887 et
1014 831 1153 886 Filio
1179 831 1492 899 prmdicata,
1521 836 1920 899 repraesentant
2100 829 2394 885 Videamus
2424 833 2477 884 si'
2493 832 2664 900 placet
2680 843 2733 886 et
2756 832 2899 884 aliud
2928 830 3169 900 ejusdem
3199 836 3603 898 argumentum.

354 940 540 981 eorum
571 940 733 980 unam
769 925 1129 980 substantiam
1159 932 1213 979 et
1243 924 1542 978 essentiam
1571 940 1587 978 :
1616 924 1791 993 magis
1821 937 1922 976 au-
2033 923 2325 989 Quoniam,
2365 926 2460 988 ait,
2488 923 2649 977 Pater
2676 934 2728 978 et
2783 924 2953 978 Filius
2980 932 3106 979 sunt
3140 933 3195 977 et
3229 937 3418 984 unum,
3478 926 3607 974 sunt

359 1029 462 1070 tem
494 1032 589 1085 per
612 1017 671 1071 id
704 1017 847 1086 quod
880 1032 1067 1071 eorum
1129 1023 1215 1071 est
1250 1015 1590 1082 simpliciter,
1626 1022 1679 1070 et
1709 1029 1925 1069 summe
2025 1026 2080 1069 et
2107 1016 2235 1069 duo.
2273 1018 2379 1069 Aut
2410 1016 2652 1085 procedit
2702 1016 2938 1084 Spiritus
2981 1032 3045 1070 ex
3076 1015 3233 1070 Patre
3271 1024 3326 1070 et
3353 1013 3517 1077 Filio,
3551 1013 3604 1064 in

356 1123 462 1163 una
492 1110 791 1164 substantia
821 1126 837 1168 :
862 1108 1132 1179 contingit
1170 1118 1226 1164 et
1250 1111 1365 1164 haec
1403 1107 1783 1164 substantialia
1811 1108 1926 1162 sin-
2027 1120 2296 1177 quantum
2354 1124 2522 1162 unum
2573 1117 2723 1173 situt,
2756 1118 2848 1162 aut
2897 1109 2950 1161 in
2998 1116 3261 1174 quantum
3307 1108 3417 1162 duo
3444 1112 3605 1169 sunt;

350 1202 473 1269 gula
509 1199 612 1252 iter
654 1200 723 1253 de
764 1200 845 1254 eis
869 1200 1172 1269 praedicari,
1231 1199 1305 1254 ita
1329 1208 1384 1254 et
1408 1214 1531 1255 esse
1556 1198 1879 1268 spiratorem
1905 1215 1921 1263 ;
2027 1201 2120 1256 sed
2148 1200 2193 1254 si
2213 1202 2266 1254 in
2291 1210 2558 1270 quantum
2581 1200 2690 1255 duo
2707 1209 2856 1266 sunt,
2882 1210 3042 1254 erunt
3064 1200 3184 1253 duae
3224 1199 3607 1268 processiones

353 1304 479 1342 cum
539 1289 611 1343 sit
652 1289 955 1351 personalis
1013 1291 1317 1359 proprietas
1370 1304 1465 1344 seu
1515 1287 1823 1344 differentia
1871 1298 1926 1343 et
2027 1301 2083 1346 et
2105 1292 2213 1345 duo
2252 1292 2557 1361 principia;
2599 1293 2644 1345 si
2675 1306 2805 1345 vero
2832 1291 2885 1345 in
2936 1300 3199 1360 quantum
3245 1304 3415 1343 unum
3454 1297 3601 1351 sunt,

353 1378 715 1449 singulariter
749 1382 1078 1449 praedicetur
1108 1381 1176 1435 de
1203 1379 1363 1435 Patre
1389 1390 1444 1436 et
1477 1380 1639 1444 Filio,
1671 1381 1924 1450 assigna-
2026 1383 2288 1450 quoniam
2322 1382 2422 1436 hoc
2454 1397 2621 1435 unum
2641 1391 2724 1435 est
2753 1382 3059 1437 substantia
3092 1390 3147 1435 et
3182 1389 3456 1434 naturaet
3484 1380 3606 1433 Dei-

355 1474 432 1525 bit
465 1487 653 1526 eorum
699 1487 865 1527 unam
914 1488 1039 1528 esse
1093 1472 1392 1529 secundum
1451 1472 1553 1527 hoc
1610 1487 1919 1540 personam.
2029 1481 2133 1532 tas,
2168 1470 2329 1525 Pater
2356 1488 2484 1541 ergo
2530 1483 2584 1527 et
2635 1471 2828 1539 Filius,
2876 1489 2976 1542 per
3023 1474 3075 1527 id
3119 1474 3261 1543 quod
3320 1488 3425 1526 una
3479 1461 3608 1525 su'ut

351 1565 520 1636 Magis
549 1574 728 1619 autem
759 1582 828 1620 ex
858 1581 943 1631 eo,
980 1567 1124 1636 quod
1155 1576 1302 1621 esset
1356 1565 1655 1621 secundum
1712 1566 1923 1634 spirare
2026 1564 2340 1618 substantia
2399 1573 2455 1618 et
2488 1573 2683 1619 natura
2735 1574 2791 1619 et
2824 1565 3029 1630 Deitas,
3067 1567 3284 1633 spirant
3318 1566 3604 1635 Spiritum.

351 1671 543 1711 eorum
572 1671 678 1711 una
714 1671 990 1727 persona,
1032 1658 1371 1727 contingeret
1420 1658 1524 1711 hoc
1572 1657 1922 1725 singulariter
2026 1655 2097 1709 At
2124 1670 2255 1709 vero
2302 1656 2605 1710 secundum
2654 1657 2705 1712 id
2757 1657 2902 1727 quod
2954 1658 3166 1727 spirant
3212 1655 3498 1724 Spiritum,
3550 1665 3605 1709 et

350 1750 419 1800 de
452 1749 531 1802 eis
582 1748 889 1817 praedicari.
943 1748 1000 1802 Si
1034 1764 1164 1804 vero
1196 1750 1301 1805 huc
1339 1750 1674 1819 impossibile
1722 1758 1824 1813 est,
1870 1761 1923 1804 et
2028 1746 2291 1801 diﬂ‘eruut
2318 1748 2388 1802 ab
2438 1763 2524 1802 eo.
2574 1750 2736 1805 Pater
2780 1764 2912 1820 ergo
2967 1760 3020 1804 et
3073 1749 3245 1804 Filius
3298 1750 3605 1804 secundum

350 1839 483 1893 illud
512 1855 580 1894 ex
607 1856 717 1910 quo
746 1850 923 1896 ortum
956 1842 1060 1897 hoc
1089 1851 1174 1897 est
1203 1842 1566 1910 impossibile.
1954 1886 1997 1941 Β
2031 1856 2236 1904 uuam,-
2270 1858 2432 1911 quam
2488 1844 2691 1898 habent
2740 1844 3107 1900 substantiam
3162 1853 3216 1899 et
3241 1853 3517 1898 'naturam
3554 1853 3609 1898 et

419 1928 538 1985 Hoc
566 1940 654 1984 est
693 1930 838 1986 illius
868 1944 1269 2001 argumentum,
1301 1934 1444 2002 quod
1479 1934 1631 1990 multi
1677 1936 1832 1995 aiunt
1865 1936 1922 1990 in
1955 1928 1997 1941 ”
2028 1931 2319 1995 Deitatein,
2361 1933 2623 1988 diﬂerunt
2649 1948 2679 1987 a
2731 1932 2961 2002 Spiritu.
3017 1933 3134 1986 Non
3187 1948 3317 2002 ergo
3367 1933 3607 2002 Spiritus

349 2023 499 2078 nullo
563 2022 792 2077 deiicere
842 2022 919 2092 (ι)
955 2023 1019 2077 ad
1076 2025 1455 2081 necessitatem
1508 2042 1539 2081 a
1592 2030 1921 2095 geometrica
2025 2022 2268 2090 ejusdem
2302 2034 2386 2078 est
2413 2027 2639 2078 omnino
2672 2040 2795 2081 cum
2842 2025 2999 2079 Patre
3030 2035 3086 2080 et
3111 2024 3249 2079 Filio
3275 2025 3602 2079 substantiae

345 2115 835 2171 demonstratione.
866 2112 1061 2169 Totum
1094 2130 1222 2169 vero
1284 2116 1451 2170 robur
1476 2117 1597 2185 ejus
1626 2118 1821 2186 pendet
1853 2134 1920 2174 ex
2024 2123 2078 2170 et
2113 2126 2316 2169 naturae
2336 2123 2389 2169 et
2419 2116 2674 2181 Deitatis;
2705 2116 2852 2186 quod
2902 2124 3093 2171 contra
3152 2116 3311 2170 fidem
3362 2124 3605 2169 nostram

345 2210 563 2263 duabus
590 2207 977 2264 communibus
1040 2209 1361 2263 notionibus
1390 2227 1403 2263 :
1443 2225 1549 2265 una
1606 2225 1730 2280 qum
1766 2213 1922 2279 ponit
2024 2216 2129 2261 est.
2161 2205 2255 2262 Est
2279 2219 2458 2262 autem
2486 2208 2574 2263 hic
2603 2207 3023 2279 paralogismus,
3056 2208 3233 2277 per-id
3264 2207 3411 2275 quod
3441 2206 3609 2261 sumit

347 2300 690 2372 impossibile
734 2314 880 2366 esse,
934 2315 1101 2355 unam
1140 2301 1481 2375 personalem
1535 2302 1923 2370 proprietatem
2024 2298 2374 2368 simpliciter,
2406 2299 2550 2367 quod
2586 2299 2887 2354 secundum
2941 2299 3071 2368 quid
3104 2298 3448 2353 conceditur.
3505 2294 3609 2349 La-

346 2394 414 2449 de
442 2395 654 2448 duabus
700 2394 949 2463 personis
995 2376 1345 2459 singulariter
1378 2394 1679 2462 praedicari.
1738 2396 1921 2450 Altera
2027 2390 2124 2443 tini
2156 2390 2300 2444 enim
2339 2406 2515 2460 neque
2555 2406 2654 2461 per
2691 2392 2745 2446 id
2774 2392 2917 2460 quod
2952 2391 3061 2446 duo
3095 2400 3225 2445 sunt
3255 2390 3412 2444 Pater
3438 2400 3493 2443 et
3520 2387 3611 2443 Fi-

343 2497 480 2536 νει-ο
514 2498 634 2549 qua:
672 2482 860 2546 sumit,
889 2482 960 2536 de
986 2483 1184 2551 quibus
1217 2498 1323 2537 una
1364 2500 1592 2539 numero
1623 2488 1923 2555 personalis
2026 2482 2157 2544 lius,
2196 2483 2349 2535 aiunt
2382 2498 2445 2536 ex
2494 2483 2628 2551 ipsis
2656 2483 2950 2551 procedere
2993 2482 3279 2551 Spiritum,
3313 2496 3488 2558 neque
3519 2494 3607 2534 se-

345 2574 650 2642 proprietas
685 2573 1030 2643 singulariter
1067 2575 1394 2643 pradicatur
1420 2614 1434 2640 ,
1471 2576 1559 2629 illa
1617 2578 1923 2634 secundum
2025 2574 2265 2628 cundum
2295 2575 2442 2643 quod
2468 2575 2797 2644 simpliciter
2819 2590 2987 2628 unum
3012 2582 3164 2636 sunt,
3187 2575 3282 2628 sed
3308 2571 3610 2628 secundum

342 2664 490 2718 idem
525 2664 714 2719 eadem
745 2679 865 2719 esse
905 2680 1156 2720 numero.
1209 2664 1277 2721 Et
1334 2681 1457 2721 vere
1507 2668 1554 2721 si
1586 2669 1783 2724 scirem
1824 2685 1923 2739 pro
2025 2664 2078 2719 id
2099 2667 2244 2734 quod
2263 2666 2468 2735 aliquid
2496 2681 2663 2720 unum
2686 2676 2835 2731 sunt,
2854 2666 3062 2720 scilicet
3096 2667 3395 2721 secundum
3419 2678 3608 2726 unam,

342 2764 520 2818 certo,
556 2755 655 2809 bas
681 2755 930 2811 notiones
957 2770 1281 2813 communes
1311 2772 1469 2815 veras
1508 2773 1630 2815 esse
1659 2769 1713 2816 et
1744 2761 1797 2816 in
1827 2778 1924 2818 διι-
1981 2764 1994 2775 ·
2024 2774 2189 2830 quam
2225 2760 2428 2815 habent
2466 2759 2786 2831 spirativam
2844 2759 3168 2828 potentiam.
3207 2757 3350 2825 Quid
3402 2755 3610 2826 igitur?

341 2848 788 2917 persubstantiali
823 2848 1085 2912 essentia,
1129 2850 1427 2920 reciperem
1488 2852 1675 2922 utique
1703 2861 1756 2909 et
1788 2870 1923 2909 con-
2025 2854 2108 2909 Illi
2147 2854 2448 2909 secundum
2498 2853 2701 2923 aliquid
2736 2851 3086 2907 concedunt:
3121 2851 3227 2905 iste
3285 2848 3611 2917 simpliciter

341 2936 670 2992 clusiouem.
704 2937 809 2991 Sed
859 2952 960 3008 ego
1001 2938 1103 2993 hoc
1156 2939 1319 2995 nimis
1377 2941 1589 3011 ignoro.
1626 2942 1690 2998 Et
1733 2946 1921 3000 eadem
2024 2962 2247 3004 sumens
2273 2946 2700 3017 paralogismum
2752 2944 2901 2999 fecit.
2957 2942 3053 2998 Est
3079 2953 3259 2999 autem
3284 2942 3529 3012 ejusdem
3554 2951 3610 2997 et

342 3029 481 3085 mihi
515 3029 776 3084 eveniunt
804 3030 1078 3095 htesitare,
1110 3047 1231 3101 qua:
1281 3033 1346 3087 ad
1401 3033 1721 3091 Latinorum
1752 3038 1921 3108 syllo-
2027 3038 2134 3092 tale
2165 3044 2569 3109 argumentum.

340 3124 549 3192 gismos
594 3122 845 3191 superius
898 3121 1234 3182 dubitabam.
1268 3123 1402 3181 Nam
1442 3129 1544 3184 etsi
1593 3132 1924 3188 concedatur
2097 3128 2231 3189 Nos,
2268 3127 2364 3193 ait,
2392 3127 2587 3181 Filium
2618 3135 2668 3181 et
2704 3127 2964 3195 Spiritum
3009 3143 3038 3181 a
3073 3126 3186 3181 solo
3234 3126 3395 3181 Patre
3424 3127 3608 3181 dicen—

340 3217 393 3271 in
435 3216 525 3270 his
554 3214 740 3278 rebus,
760 3229 884 3284 quae
914 3215 1017 3270 sub
1052 3230 1236 3273 mente
1276 3227 1462 3275 nostra
1503 3230 1652 3288 sunt,
1676 3238 1907 3291 quarum
1938 3215 1981 3273 ϐ
2015 3228 2094 3275 tes
2127 3219 2324 3274 habere
2350 3218 2668 3283 essentiam,
2726 3219 2871 3287 quod
2925 3234 3019 3288 per
3057 3219 3239 3272 omnia
3284 3218 3431 3271 entia
3480 3232 3611 3272 con-

338 3306 595 3375 videlicet
625 3305 971 3375 lntelligendo
998 3308 1365 3375 dominamur,
1397 3320 1452 3367 et
1476 3327 1612 3382 quas
1645 3315 1917 3385 tangimus
2020 3313 2258 3368 vincitur
2313 3326 2504 3365 verum
2555 3325 2679 3366 esse
2766 3310 3019 3366 dicimus.
3058 3311 3115 3363 ln
3172 3312 3426 3369 omnibus
3460 3311 3605 3365 enim

337 3413 393 3458 et
441 3399 985 3470 comprehendimus,
1032 3415 1191 3457 veras
1226 3417 1349 3458 esse
1379 3404 1556 3460 dictas
1600 3422 1919 3464 communes
2020 3404 2202 3459 unitas
2226 3402 2504 3457 dualitatis
2524 3411 2608 3458 est
2643 3401 2994 3472 principium.
3033 3402 3109 3455 Illi
3170 3417 3294 3456 vero
3346 3402 3605 3470 Spiritum

340 3494 624 3557 notiones,
654 3492 802 3561 quod
830 3491 994 3547 etiam
1045 3492 1221 3562 ipsum
1258 3494 1455 3551 multas
1490 3508 1668 3567 potest
1717 3499 1917 3554 habere
2020 3512 2087 3549 ex
2128 3494 2291 3549 Patre
2321 3505 2375 3547 et
2406 3494 2547 3548 Filio
2589 3508 2712 3549 esse
2741 3494 3013 3557 dicentes,
3048 3494 3232 3548 omnia
3287 3495 3431 3547 entia
3469 3510 3606 3549 cult-

339 3581 830 3646 contradictiones,
884 3596 1007 3650 quae
1053 3583 1356 3641 necessitas
1398 3594 1503 3652 est,
1560 3595 1618 3641 ut
1667 3588 1918 3645 etiamin
2020 3586 2343 3643 tradieentia
2385 3586 2611 3641 habent.
2633 3586 2910 3656 Nusquam
2928 3585 3321 3640 enimdualitas
3344 3593 3427 3640 est
3453 3585 3609 3653 prin-

339 3672 705 3730 dissimilibus
734 3682 789 3727 et
817 3672 978 3728 aliter
1027 3688 1087 3729 se
1134 3673 1461 3730 habentibus
1508 3678 1671 3732 rebus
1733 3687 1789 3733 et
1820 3695 1920 3735 no-
2020 3680 2218 3749 cipium
2238 3677 2555 3735 unitatian
2580 3678 2663 3732 his
2685 3678 3149 3747 primumquidem
3171 3678 3603 3733 videturuumeri

340 3779 493 3823 atras
518 3765 760 3821 intirmas
791 3764 1168 3835 intelligentias
1199 3766 1459 3823 intinities
1480 3768 1687 3825 inﬁnite
1708 3770 1920 3842 fugien-
2019 3769 2375 3839 superﬁcialis
2404 3770 2472 3824 ab
2502 3768 2707 3824 unitate
2734 3783 3081 3839 progressum
3122 3770 3460 3837 conspicere,
3496 3785 3603 3823 non

343 3858 497 3912 tibus
523 3893 539 3917 ,
578 3863 635 3909 et
691 3854 811 3908 ideo
868 3854 1507 3922 incomprehensibilibus
1566 3868 1619 3914 et
1666 3864 1917 3931 superin-
2022 3872 2201 3917 tamen
2233 3871 2288 3916 et
2315 3861 2530 3917 linealis
2559 3863 2773 3915 numeri
2822 3875 3179 3930 pregressum
3214 3859 3308 3913 .In
3336 3861 3428 3912 illo
3457 3860 3602 3913 enim

345 3948 717 4017 telligibilibus
748 3947 947 4001 eaedem
982 3948 1092 4002 sint
1126 3950 1309 4005 verae?
1358 3948 1415 4005 Si
1470 3953 1615 4008 enim
1664 3971 1789 4011 vere
1828 3973 1919 4013 su-
2020 3955 2131 4007 duo
2160 3953 2472 4008 immediate
2496 3969 2560 4008 ex
2595 3967 2705 4007 uno
2736 3952 3199 4022 progrediuntur:
3232 3952 3283 4005 in
3326 3952 3427 4006 hoc
3473 3967 3603 4005 vero

344 4041 532 4109 perius
577 4038 917 4103 dicebamus,
972 4053 1077 4093 non
1135 4056 1327 4097 omnes
1378 4042 1431 4097 in
1488 4045 1708 4101 entibus
1758 4064 1918 4105 veras
2020 4056 2074 4101 et
2112 4047 2218 4102 duo
2242 4062 2306 4101 ex
2347 4061 2456 4101 uno
2485 4046 2823 4115 procedunt,
2851 4055 2905 4102 et
2931 4045 3089 4100 tertia
3117 4045 3299 4099 unitas
3324 4060 3393 4099 ex
3425 4046 3603 4114 prima

344 4145 669 4186 communes
692 4129 969 4193 netiones,
997 4142 1051 4184 et
1078 4145 1249 4200 usque
1284 4134 1348 4187 ad
1391 4136 1918 4204 supersubstantiale
2018 4147 2073 4192 et
2121 4137 2357 4192 secunda
2386 4138 2647 4207 procedit.

342 4239 507 4294 posse
539 4220 950 4277 conscendere:
984 4224 1125 4276 unde
1177 4238 1275 4291 pro
1332 4235 1482 4281 certo
1510 4228 1770 4296 sciemus,
1806 4232 1919 4288 haec
2091 4228 2195 4283 Sed
2227 4243 2329 4298 ego
2363 4245 2539 4297 neque
2599 4238 2821 4298 propter
2866 4229 3195 4297 phantasma
3242 4227 3604 4298 superﬁcialis

344 4331 580 4385 quarum
607 4327 757 4376 sunt,
799 4323 981 4367 utrum
1030 4330 1245 4381 earum,
1282 4332 1403 4386 quae
1436 4334 1606 4389 usque
1642 4321 1770 4378 illuc
1819 4339 1917 4379 ex-
2019 4321 2258 4386 numeri,
2301 4335 2365 4375 ex
2407 4320 2524 4375 solo
2582 4318 2742 4373 Patre
2800 4320 2980 4373 dicam
3029 4319 3293 4388 Spiritum
3351 4328 3600 4374 sanctum

345 4407 665 4472 tenduntur,
692 4419 758 4456 an
790 4405 945 4457 non?
978 4401 1165 4474 Neque
1212 4407 1356 4461 enim
1388 4408 1443 4463 in
1497 4410 1646 4465 notis
1684 4414 1846 4468 rebus
1886 4430 1917 4468 a
2020 4411 2346 4481 procedere;
2378 4425 2553 4479 neque
2611 4419 2834 4480 propter
2854 4411 3189 4479 phantasma
3245 4411 3456 4466 linealis
3497 4427 3602 4464 nu.-

347 4498 507 4552 nobis
535 4493 881 4579 reperiuntur
907 4493 1010 4547 alia
1041 4493 1172 4559 duo,
1208 4509 1331 4560 qure
1362 4512 1457 4566 per
1503 4501 1687 4555 omnia
1738 4502 1811 4557 ita
1860 4520 1919 4559 se
1953 4550 1994 4579 η
2025 4502 2183 4567 meri,
2221 4510 2273 4555 et
2300 4516 2364 4555 ex
2397 4499 2537 4554 Filio
2571 4500 2875 4555 atlirmabo.
2906 4500 3092 4570 Neque
3117 4502 3262 4555 enim
3299 4511 3479 4556 tutum
3513 4518 3608 4557 ne-

347 4593 550 4646 habent
592 4550 734 4642 inter
770 4602 849 4651 se,
909 4586 1052 4640 sicut
1118 4586 1191 4640 ibi
1234 4585 1393 4641 Pater
1440 4598 1493 4643 et
1544 4588 1718 4647 Filius
1772 4594 1917 4649 inter
1953 4550 1995 4606 υ
2024 4611 2131 4663 qtte
2162 4594 2479 4663 religiosum
2535 4601 2686 4662 puto,
2728 4593 3045 4661 bnjusmodi
3079 4595 3285 4649 nostris
3336 4594 3606 4664 imagina-

343 4700 467 4740 sese
516 4682 740 4737 habent.
774 4679 1031 4734 Fortasse
1086 4678 1232 4733 enim
1261 4689 1315 4735 et
1375 4696 1518 4736 unus
1547 4691 1631 4739 est
1680 4685 1917 4755 spirator
2022 4684 2263 4739 tionibus
2282 4692 2539 4753 tanquam
2564 4683 2835 4752 regulisin
2855 4684 3475 4753 supersubstantialibus
3504 4685 3601 4741 uti.

346 4774 580 4844 Spiritus
629 4772 806 4827 sancti
864 4769 1025 4824 Pater
1062 4779 1115 4825 et
1172 4768 1365 4838 Filius,
1403 4781 1458 4827 et
1493 4772 1700 4830 Deitate
1733 4785 1916 4833 trans-
2094 4779 2298 4833 Deinde
2331 4776 2512 4833 Latini
2568 4793 2673 4831 non
2728 4779 2880 4832 aiunt
2914 4779 3230 4833 dualitatem
3270 4780 3601 4849 principium

342 4865 637 4921 scendente
668 4865 831 4919 etiam
888 4865 1022 4921 duas
1051 4864 1226 4922 dictas
1280 4880 1600 4922 communes
1638 4869 1916 4937 notiones,
2024 4881 2147 4923 esse
2175 4868 2444 4935 unitatis;
2475 4869 2573 4922 sed
2599 4868 2817 4924 Patrem
2849 4878 2904 4922 et
2958 4868 3179 4936 Filium,
3233 4886 3327 4939 per
3372 4871 3423 4924 id
3456 4873 3599 4939 quod

345 4956 495 5011 nullo
516 4957 676 5014 modo
726 4956 990 5024 contingit
1022 4972 1184 5011 unam
1220 4972 1509 5026 personam
1542 4972 1665 5013 esse
1695 4955 1915 5015 Patrem
2027 4959 2235 5029 aliquid
2265 4974 2434 5013 unum
2461 4960 2678 5027 habent,
2714 4976 2881 5014 unum
2908 4976 3030 5017 esse
3081 4963 3432 5030 principium,
3490 4962 3598 5017 non

342 5057 397 5101 et
428 5047 622 5102 Filium
650 5054 901 5119 respectu
920 5046 1177 5116 Spiritus.
1210 5048 1274 5103 Et
1311 5048 1544 5119 qualiter
1576 5065 1682 5103 non
1704 5052 1919 5106 contin-
2025 5051 2136 5106 duo
2195 5050 2383 5105 unius.
2430 5050 2505 5104 De
2562 5052 2898 5122 syllogismis
2946 5053 3166 5121 quidem
3224 5054 3439 5107 illorum
3483 5055 3599 5108 haec

345 5141 422 5208 git
449 5140 571 5204 hoc,
601 5139 809 5194 nullum
840 5140 1164 5194 miraculum
1211 5148 1295 5196 est
1328 5156 1428 5195 nos
1486 5140 1739 5209 ignorare
1782 5141 1915 5196 illud
2024 5140 2171 5194 dicta
2202 5139 2497 5195 subiciant.
2531 5140 2593 5194 lii
2617 5141 2763 5196 enim
2792 5153 2923 5197 sunt
2958 5158 3142 5196 eorum
3170 5157 3310 5211 quos
3340 5144 3472 5209 vidi,
3506 5148 3598 5214 qui

342 5246 449 5299 quo
480 5232 763 5302 processio
788 5248 818 5286 a
844 5232 1194 5302 generatione
1222 5233 1596 5303 distinguitur.
1624 5234 1751 5287 lleui
1783 5250 1907 5288 cum
2023 5232 2277 5286 videntur
2298 5248 2421 5287 esse
2448 5233 2758 5289 fortissimi.
2792 5235 2985 5303 Cogito
3009 5244 3189 5288 autem
3223 5244 3273 5287 et
3297 5234 3370 5288 ita
3395 5252 3410 5288 :
3445 5234 3598 5300 Quo-

340 5323 714 5377 necessarium
744 5323 834 5389 sit,
879 5331 972 5376 aut
998 5322 1306 5378 credentem
1341 5333 1395 5378 et
1427 5323 1479 5377 in
1521 5323 1721 5379 divinis
1754 5338 1911 5378 veras
2017 5323 2162 5377 niam
2225 5322 2489 5394 Spiritum
2534 5341 2563 5379 a
2619 5328 2738 5381 solo
2806 5325 2963 5379 Patre
3035 5326 3357 5395 procedrre,
3423 5343 3600 5397 neque

337 5427 455 5465 esse
489 5414 778 5483 praedictas
825 5428 1147 5469 communes
1196 5416 1467 5478 notiones,
1518 5415 1779 5483 deceptos
1812 5432 1911 5481 pu-
2025 5414 2287 5468 sensibile
2320 5425 2425 5475 est,
2455 5424 2510 5468 ut
2550 5416 2724 5485 possit
2754 5432 2849 5485 per
2881 5430 3102 5470 sensum
3135 5418 3383 5487 percipi,
3420 5433 3600 5487 neque

334 5509 467 5565 tare,
506 5502 561 5558 et
584 5512 832 5559 sanctum
867 5503 1251 5572 Augustinum,
1278 5512 1331 5557 et
1356 5512 1599 5558 ~anctutn
1624 5504 1908 5573 Cyrilluar,
2016 5506 2285 5570 naturale,
2308 5507 2388 5561 vel
2413 5508 2615 5577 aliquid
2640 5508 3088 5577 contingentium,
3115 5519 3171 5560 ut
3193 5511 3363 5578 possit
3391 5525 3453 5564 ea
3477 5525 3600 5578 qua

328 5602 379 5644 et
404 5592 571 5661 alios,
606 5597 696 5665 qui
727 5593 1011 5647 manifeste
1045 5594 1229 5648 dicunt
1258 5595 1518 5662 Spiritum
1555 5603 1802 5650 sam-tum
1852 5605 1907 5650 et
2012 5596 2230 5664 proprie
2247 5597 2445 5651 dicitur
2460 5598 2715 5666 Opinione
2737 5596 3192 5664 etimaginatione
3210 5600 3599 5669 cognosci,sed

324 5697 387 5734 ex
424 5681 577 5740 Filio
618 5684 952 5755 procedere:
984 5698 1073 5738 aut
1126 5686 1210 5738 bis
1261 5686 1649 5741 assentientem
1684 5688 1906 5741 credere
2010 5695 2099 5742 est
2126 5701 2288 5757 super
2313 5702 2536 5744 sensum
2573 5699 2625 5745 et
2646 5690 3037 5758 sempiternum
3086 5693 3490 5749 :uecessarium
3512 5700 3603 5753 est

408 5863 484 5933 υ)
522 5865 741 5923 διίιίροι
782 5879 937 5935 nugs:
964 5862 1310 5919 Grazcanicm.
1342 5864 1503 5921 Carus
