4064 6458
395 531 428 674 i

476 413 611 480 1299

1595 414 1995 476 BARLAAMI
2037 415 2133 477 DE
2176 415 2618 486 SEMINABIA

3646 428 3759 494 13th

475 541 534 585 ut
573 529 648 585 sit
695 538 842 586 recte
887 528 945 584 ei
1001 525 1552 594 assentiendum,aut
1593 529 1822 586 scientia
1859 540 1954 586 aut
1979 529 2081 586 fide
2111 536 2155 590 Α
2188 541 2244 588 ει
2279 535 2626 605 perquirens,
2661 545 2845 592 utrum
2874 537 3073 596 falsum
3109 543 3402 612 exsistens,
3437 548 3650 621 majoris
3671 555 3734 610 sit

475 625 580 682 hoc
624 621 825 679 facere.
880 622 988 685 Sed
1040 638 1143 694 ego
1200 631 1397 693 putare
1445 626 1550 678 boc
1609 638 1734 680 esse
1788 625 1982 681 scibile
2022 635 2076 683 et

427 713 429 716 ⁴
475 717 905 773 demonstrabile
961 728 1014 772 et
1064 717 1453 773 communibus
1499 720 1707 776 nostris
1754 720 2074 778 nationibus

475 811 996 882 comprehensibile,
1039 812 1283 868 carentis
1339 812 1566 868 scientia
1636 813 1876 869 arbitror
1928 829 2070 870 esse.

477 904 666 961 Restat
713 905 904 975 itaque
934 905 1089 962 fides.

550 996 622 1052 At
654 1014 788 1054 νρτο
816 998 906 1052 illa
935 999 1128 1054 taliqu
1164 999 1485 1070 dogmatum
1517 1000 1756 1057 dicimus
1790 1015 1894 1056 nos
1926 1012 2074 1060 recte

476 1093 726 1162 credere,
766 1109 889 1162 qua:
949 1094 1170 1150 dicente
1207 1094 1393 1165 aliquo
1455 1096 1730 1164 ingentem
1776 1098 2073 1154 auctorita-

479 1199 588 1243 tem
636 1187 896 1252 habente,
933 1197 987 1242 et
1023 1188 1113 1243 cui
1149 1189 1374 1245 credere
1404 1189 1630 1260 quidem
1665 1199 1749 1248 est
1793 1193 2033 1248 salutare
2056 1233 2071 1257 ,

479 1297 590 1336 non
623 1280 854 1336 credere
891 1297 1019 1335 vero
1049 1281 1449 1352 periculosum,
1495 1300 1596 1340 nos
1628 1288 1944 1356 recipimus.
1973 1288 2073 1344 Cui

479 1374 652 1444 igitur
691 1373 783 1428 tali
820 1389 920 1444 ego
959 1375 1192 1430 credens
1220 1390 1332 1430 non
1389 1385 1598 1431 temere
1653 1378 1786 1433 mihi
1847 1379 2074 1436 videbor

480 1467 586 1521 hoc
628 1465 810 1521 facere
832 1466 857 1520 ?
879 1481 1126 1522 sacraene
1173 1465 1520 1539 Scriptum?
1547 1480 1604 1525 at
1634 1470 1772 1525 nihil
1804 1473 1912 1530 tale
1957 1475 2074 1544 ipsa

481 1558 752 1627 loquitur.
791 1560 873 1613 Au
907 1557 1258 1630 generalibus
1287 1561 1538 1617 conciliis
1565 1562 1671 1617 hoc
1704 1563 2078 1622 determinati-

481 1653 632 1707 tibus
663 1661 716 1706 et
738 1650 1246 1722 dogmatizautibus
1269 1652 1292 1707 ?
1318 1649 1413 1710 s'ed
1443 1669 1624 1726 neque
1660 1656 1784 1713 hoc.
1819 1659 1902 1713 An
1928 1660 2072 1715 mul-

483 1747 555 1802 tis
623 1746 832 1802 sanctis
889 1749 1219 1816 exponendo
1283 1763 1500 1804 sacram
1565 1748 1907 1820 Seripturam
1969 1754 2076 1811 hoc

479 1847 667 1910 aperte
688 1847 738 1895 et
773 1854 869 1909 per
892 1839 1062 1894 multa
1089 1829 1454 1906 tradentibus,
1495 1851 1552 1898 et
1581 1855 1650 1898 ex
1695 1844 1786 1900 illa
1823 1848 1928 1902 hoc
1974 1847 2074 1901 ha-

481 1932 616 1986 bere
649 1932 1080 1987 asserentibus?
1107 1941 1163 1986 et
1203 1937 1485 2002 quomodo
1547 1937 1655 1992 hoc
1703 1937 1879 2008 possit
1923 1938 2078 1995 dici?

481 2039 550 2078 au
616 2032 900 2094 postremo
962 2025 1120 2080 matri
1178 2024 1606 2084 Ecclesiarum?
1666 2041 1724 2085 at
1768 2045 1902 2088 vero
1959 2032 2078 2088 haec

480 2119 818 2173 contrarium
853 2117 1008 2174 dicit.
1045 2117 1239 2174 Nonne
1268 2134 1400 2191 ergo
1433 2137 1666 2177 summae
1712 2124 1818 2179 erit
1849 2124 2080 2181 demen-

482 2212 575 2268 tim
606 2212 790 2268 dicere
843 2213 1063 2282 quidem
1101 2214 1331 2270 credere
1386 2214 1594 2286 aliquid
1659 2217 1728 2272 de
1793 2216 1926 2283 Deo,
1970 2233 2080 2273 non

481 2303 688 2361 habere
722 2318 903 2362 autem
927 2306 1233 2378 assignare,
1269 2308 1358 2364 cui
1395 2311 1626 2366 credens
1659 2319 1805 2366 recte
1838 2312 1942 2367 hoc
1983 2313 2082 2368 ad-

481 2399 674 2456 mittit.
709 2399 792 2454 An
831 2401 977 2458 dicet
1011 2403 1231 2472 aliquis,
1293 2404 1440 2474 quod
1479 2405 1755 2474 reliquum
1794 2417 1905 2472 est,
1947 2407 2080 2462 illu-

482 2494 790 2550 minatione
813 2496 1054 2565 quadam
1103 2495 1318 2552 occulta
1378 2505 1432 2552 et
1479 2498 1667 2554 divina
1704 2515 1765 2554 se
1814 2499 1920 2555 hoc
1949 2513 2080 2554 sen-

483 2587 670 2643 sisse?
707 2588 802 2643 sed
838 2603 940 2657 ego
981 2589 1224 2643 nondum
1252 2591 1396 2646 hanc
1422 2589 1656 2661 adeptus
1685 2606 1833 2648 sum.

561 2679 742 2736 Habes
771 2691 827 2734 et
865 2694 1083 2749 causas,
1136 2697 1236 2752 per
1265 2699 1408 2754 quas
1462 2699 1641 2754 neque
1674 2687 2082 2756 necessarium,

487 2786 670 2843 neque
728 2782 931 2841 tutum,
967 2789 1153 2845 neque
1209 2777 1448 2846 alicujus
1509 2780 1818 2848 prudentiae
1870 2771 2116 2837 aestimo.

487 2880 633 2931 esse,
663 2874 719 2922 et
743 2865 1056 2936 hujusmodi
1085 2870 1345 2924 assentiri
1375 2869 1638 2941 dogmati.
1663 2870 1937 2939 Quoniam
1959 2887 2088 2929 vero

483 2960 745 3029 superius
759 2959 873 3015 dixi
895 2999 912 3022 ,
941 2960 1123 3016 adhuc
1145 2960 1523 3019 incredibilius
1547 2979 1631 3020 me
1645 2964 1710 3019 ad
1735 2965 1840 3020 hoc
1859 2965 2086 3028 habere,

487 3064 654 3119 quam
687 3051 754 3105 ad
787 3050 918 3106 illud
952 3052 1097 3122 quod
1123 3051 1305 3107 Latini
1335 3053 1557 3121 dicunt,
1593 3055 1719 3111 volo
1752 3057 1850 3113 tibi
1869 3066 1926 3112 et
1944 3057 2091 3114 banc

488 3142 934 3211 compaesionem
970 3143 1286 3198 ostendere.

562 3233 812 3288 Primum
844 3234 1064 3305 quidem
1091 3236 1249 3291 video
1275 3237 1506 3307 majoris
1539 3251 1662 3294 esse
1687 3239 1959 3306 audacia,
1990 3254 2091 3296 ne-

491 3342 627 3399 gare
659 3343 768 3385 non
798 3329 1103 3399 procedere
1132 3340 1188 3384 et
1209 3345 1274 3385 ex
1303 3325 1446 3386 Filio
1469 3329 1763 3401 Spiritum,
1795 3347 1962 3404 quam
1989 3348 2090 3404 op-

492 3421 760 3492 positum.
805 3422 1015 3478 Sancto
1032 3423 1184 3477 enim
1215 3421 1475 3494 Dionysio
1507 3423 1744 3490 dicente,
1777 3426 1832 3480 in
1862 3427 1985 3495 ipso
2012 3425 2089 3481 De

493 3517 689 3570 divinis
711 3515 1014 3570 nominibus
1031 3531 1050 3570 :
1075 3530 1183 3570 non
1208 3515 1522 3572 audendum
1548 3518 1789 3574 totaliter
1813 3518 1881 3573 de
1900 3527 2092 3574 sancta

495 3608 768 3666 Trinitate
803 3607 1114 3680 intelligere
1163 3609 1368 3680 aliquid
1419 3611 1502 3666 vel
1538 3611 1748 3679 dicere,
1784 3622 1982 3682 praeter
2022 3626 2092 3668 ea

491 3719 620 3775 qua:
649 3704 920 3759 divinitus
953 3702 1116 3760 nobis
1155 3717 1252 3772 per
1287 3703 1404 3772 ipsa
1449 3705 1713 3774 expressa
1746 3713 1875 3760 sunt
1905 3717 2095 3760 sacra-

497 3797 712 3852 tissima
741 3797 961 3866 eloquia
998 3815 1012 3853 :
1051 3796 1128 3850 illi
1156 3795 1251 3866 qui
1283 3795 1477 3852 dicunt
1507 3811 1537 3850 a
1565 3793 1868 3867 sologl’atre
1888 3810 2097 3866 proce-

497 3890 631 3946 dvre
663 3888 930 3960 Spiritum
967 3899 1247 3955 sanctum,
1277 3889 1524 3946 audaciae
1575 3889 1744 3960 hujus
1778 3889 1971 3959 utique
2015 3887 2096 3944 rei

497 3986 654 4044 sunt.
699 3983 857 4051 Quod
909 3982 1058 4037 enim
1092 3996 1190 4053 per
1221 3981 1602 4038 sacratissima
1622 3980 1839 4051 eloquia
1877 3981 2096 4036 ostendi

499 4082 734 4139 minime
765 4083 963 4148 potest,
985 4074 1094 4130 hoc
1112 4074 1234 4130 ausi
1254 4083 1384 4129 sunt
1409 4073 1514 4144 ipsi
1537 4075 1605 4129 de
1634 4072 1747 4129 Dee
1767 4073 2096 4144 intelligere.

576 4170 758 4229 Latini
788 4183 920 4224 vero
948 4168 1134 4222 multis
1169 4165 1223 4221 in
1259 4181 1420 4222 sacra
1455 4164 1742 4236 Scriptura
1773 4165 1941 4222 dictis
1987 4179 2099 4220 non

503 4279 730 4341 parvam
758 4259 1136 4333 suspicionem
1168 4259 1584 4330 praestantibus,
1613 4267 1668 4314 et
1700 4272 1770 4314 ex
1802 4257 1944 4314 Filio
1975 4257 2102 4329 Spi-

507 4365 676 4418 tilum
709 4367 965 4414 sanctum
1014 4355 1336 4422 procedere,
1377 4350 1480 4422 ipsi
1513 4360 1574 4406 ut
1603 4351 1791 4416 credo,
1821 4359 2103 4422 putantes,

509 4473 577 4514 ex
625 4455 736 4511 illis
773 4455 880 4509 hoc
938 4446 1265 4518 siguilicari,
1303 4459 1433 4516 erga
1480 4458 1698 4499 sacram
1755 4441 2102 4514 Scripturam

509 4549 818 4604 reverentia
839 4554 894 4601 et
917 4540 1201 4612 religione,
1223 4546 1278 4593 et
1304 4537 1538 4594 volendo
1554 4538 1621 4592 ad
1647 4536 1819 4606 ipsam
1843 4535 2107 4591 obedien-

2179 630 2436 698 periculi,
2483 631 2707 686 invenio
2739 633 2939 703 dogma
2980 633 3303 692 Latinorum
3339 639 3510 696 multo
3555 645 3729 702 tutius.

2179 719 2294 776 Hoc
2319 722 2467 777 enim
2491 725 2712 781 etiamsi
2735 726 2807 780 sit
2826 728 3050 792 falsum,
3067 739 3247 786 tamen
3273 733 3510 790 additibi
3539 737 3730 808 aliquid

2180 813 2330 868 velut
2368 813 2477 872 Deo
2506 816 2755 889 dignum,
2797 819 2935 874 nihil
2968 820 3282 879 adimenda.
3329 821 3554 895 Spiritui
3599 830 3732 884 enim

2179 907 2318 962 nihil
2339 908 2606 966 detrahit.
2638 910 2756 967 Non
2791 913 2936 968 enim
2965 929 3030 970 cx
3062 915 3170 977 hoc
3190 917 3417 973 minoris
3445 919 3735 990 dignitatis,

2176 1017 2343 1072 quam
2371 1004 2548 1061 Filius
2575 1006 2656 1062 fit.
2681 1006 2824 1064 Filio
2837 1023 2970 1066 vero
2996 1011 3133 1067 nihil
3153 1011 3432 1079 auferens,
3457 1031 3555 1072 nec
3576 1019 3736 1086 Patri,

2176 1096 2247 1150 de
2277 1097 2364 1154 his
2389 1113 2512 1170 qua:
2543 1100 2727 1168 habet,
2774 1103 3095 1174 detrahens,
3128 1107 3302 1171 addit,
3340 1109 3484 1179 quod
3519 1127 3624 1166 nou
3655 1127 3740 1168 so-

2177 1186 2292 1244 lum
2339 1191 2456 1260 ipse
2485 1191 2728 1262 perfecte
2757 1204 2841 1251 est
2860 1197 3120 1266 spirator,
3153 1213 3342 1254 verum
3375 1205 3540 1258 etiam
3572 1204 3740 1272 spira-

2176 1289 2354 1338 torem
2386 1285 2597 1355 genuit.
2635 1287 2768 1344 Illud
2793 1305 2947 1355 vero,
2975 1296 3119 1361 quod
3145 1292 3313 1349 Graeci
3343 1295 3552 1361 dicunt,
3581 1297 3741 1367 siqui-

2176 1375 2300 1431 dem
2323 1377 2523 1432 falsum
2543 1389 2648 1448 est,
2668 1397 2848 1452 papae,
2868 1399 3030 1454 quam
3055 1402 3249 1455 magna
3267 1388 3602 1458 blasphemia
3625 1367 3735 1446 este!

2179 1465 2386 1522 addens
2405 1470 2630 1538 quidem
2669 1473 2827 1539 nihil,
2855 1475 3154 1533 detrahens
3188 1493 3342 1545 vero,
3369 1477 3510 1535 Filio
3529 1481 3740 1549 quidem

2177 1559 2393 1629 spirare
2424 1560 2711 1632 Spiritum,
2745 1563 2892 1622 Patri
2943 1583 3075 1624 vero
3116 1585 3376 1642 generare
3405 1573 3741 1642 spiratorem.

2178 1651 2247 1710 Et
2271 1665 2356 1712 est
2371 1655 2578 1724 simile,
2597 1669 2656 1714 ut
2683 1660 2727 1715 si
2748 1660 2971 1731 quidam
2999 1659 3294 1733 Scriptura
3319 1664 3585 1722 addentes
3623 1681 3740 1738 erga

2178 1752 2608 1822 quatriduanum
2665 1753 2936 1808 Lazarum
2976 1753 3189 1810 Domini
3236 1756 3561 1814 miraculum
3609 1775 3744 1816 unus

2178 1845 2409 1910 diceret,
2439 1863 2547 1903 non
2564 1849 2767 1905 obiisse
2789 1848 2966 1916 illum,
2989 1849 3082 1904 sed
3105 1849 3441 1919 passionem,
3461 1853 3742 1920 quamdam

2180 1941 2329 1996 circa
2359 1955 2456 1998 cor
2476 1941 2528 1997 ei
2555 1942 2843 2006 accidisse,
2861 1951 2915 1998 et
2937 1942 3113 1998 visum
3135 1957 3254 1998 esse
3277 1944 3443 2010 mori,
3469 1944 3742 2000 Dominum

2180 2049 2312 2089 vero
2332 2042 2531 2104 quarto
2557 2034 2665 2098 die,
2692 2034 2952 2102 passione
2982 2035 3074 2089 illa
3093 2034 3270 2104 ipsum
3300 2035 3594 2102 liberasse;
3616 2036 3746 2091 alius

2182 2139 2379 2183 rursus
2406 2127 2614 2183 diceret
2656 2129 2877 2196 triginta
2906 2127 3122 2183 dierum
3149 2140 3448 2194 mortuum,
3475 2130 3558 2184 vel
3581 2130 3747 2184 adhuc

2185 2221 2354 2287 ultra,
2379 2222 2774 2276 resuscitatum
2799 2219 2970 2276 fuisse
2999 2237 3030 2276 a
3060 2221 3310 2276 Domino.
3340 2221 3587 2292 Utraque
3615 2223 3747 2279 enim

2183 2313 2325 2369 falsa
2353 2320 2562 2369 essent.
2595 2311 2700 2368 Sed
2725 2329 2894 2368 unum
2924 2312 3188 2379 detrahit,
3207 2314 3351 2369 aliud
3376 2315 3524 2370 addit
3543 2315 3627 2370 illi
3657 2316 3749 2370 mi-

2184 2407 2401 2474 raculo,
2437 2415 2495 2462 ut
2527 2421 2636 2461 non
2664 2407 2735 2462 sit
2762 2407 2974 2476 aequale
2996 2415 3302 2477 peceatum.

2254 2499 2678 2570 Consequenter
2709 2513 2905 2554 rursus
2951 2499 3296 2568 perquirens,
3344 2505 3529 2554 utrum
3563 2498 3748 2555 falsum

2185 2593 2466 2648 exsistens
2523 2591 2972 2647 ration'abiliores
3007 2588 3181 2660 possit
3217 2590 3415 2645 habere
3451 2591 3506 2645 in
3559 2591 3753 2661 judicio

2185 2686 2581 2742 excusationes
2613 2726 2629 2752 ,
2669 2683 2891 2740 invenio
2923 2684 3158 2739 multum
3200 2682 3483 2738 interesse.
3543 2681 3754 2737 Latinus

2191 2793 2347 2845 vero,
2387 2778 2659 2842 siquidem
2688 2777 2886 2833 falsum
2922 2776 3077 2841 dicit;
3105 2775 3382 2832 reddendo
3401 2774 3570 2845 hujus
3602 2776 3758 2829 ratio-

2189 2887 2340 2935 nem,
2383 2873 2554 2926 multa
2586 2871 2786 2941 poterit
2825 2871 3027 2926 habere
3053 2870 3198 2926 bona
3247 2869 3490 2940 refugia:
3525 2869 3667 2939 quod
3702 2868 3752 2922 in

2191 2958 2376 3014 divina
2403 2957 2692 3028 Scriptura
2712 2958 2879 3013 multa
2899 2956 3154 3021 fuissent,
3174 2971 3295 3025 qua:
3320 2955 3643 3011 videbantur
3660 2955 3755 3011 hoc

2190 3049 2548 3118 concludere,
2590 3059 2648 3106 et
2682 3049 2802 3120 ipse
2827 3049 3088 3106 voluisset
3140 3055 3454 3103 reverenter
3492 3049 3560 3102 ad
3594 3050 3753 3118 ipsam

2193 3159 2256 3201 se
2300 3143 2543 3200 habere:
2581 3143 2728 3214 quod
2766 3157 2836 3198 ex
2888 3142 3016 3205 fide,
3047 3139 3189 3208 zelo,
3240 3141 3548 3204 devotione,
3583 3153 3758 3195 amore

2199 3239 2268 3294 ad
2321 3239 2502 3306 ipsum
2562 3235 2860 3291 Dominum
2911 3235 3170 3290 credebat
3217 3234 3478 3310 adversus
3532 3249 3655 3289 eum
3707 3247 3762 3288 se

2118 3305 2162 3364 C
2195 3305 2603 3400 blasphemare,
2647 3328 2752 3384 nisi
2803 3327 3052 3384 crederet
3076 3341 3142 3382 ex
3178 3307 3300 3396 ipso
3329 3324 3591 3396 Spiritum
3640 3339 3763 3381 san-

2191 3433 2344 3478 ctum
2375 3423 2676 3493 procedere
2698 3437 2714 3474 :
2735 3421 2884 3493 quod
2912 3421 3070 3476 multi
3097 3428 3436 3481 sanctorum,
3459 3417 3558 3487 qui
3576 3417 3631 3472 in
3651 3416 3763 3486 ipso

2193 3514 2368 3585 judici
2407 3516 2750 3584 placuerunt,
2797 3516 2901 3568 hoc
2931 3522 3120 3582 aperte
3164 3521 3219 3568 et
3255 3526 3350 3582 per
3387 3509 3558 3565 multa
3593 3509 3763 3564 tradi-

2191 3611 2446 3675 dissent;
2482 3609 2628 3680 quod
2660 3619 2839 3664 mater
2881 3607 3244 3664 Ecciesiarum
3278 3619 3494 3676 semper
3534 3606 3643 3661 hoc
3666 3606 3755 3660 do-

2198 3705 2429 3762 cuisset.
2469 3704 2538 3758 Et
2569 3715 2704 3758 ver-0
2748 3703 2842 3771 qui
2877 3701 3103 3756 alterius
3147 3701 3320 3780 partis
3361 3709 3464 3764 est,
3501 3698 3763 3772 siquidem

2197 3806 2372 3864 errat,
2405 3807 2584 3866 neque
2622 3791 2834 3864 aliquid
2879 3794 3076 3849 horum
3114 3793 3414 3850 convenire
3441 3793 3506 3848 ad
3541 3807 3765 3850 excusa.

2195 3891 2408 3946 tionem
2444 3887 2728 3958 injudicio
2759 3887 3015 3942 invenio:
3053 3902 3232 3958 neque
3260 3887 3428 3953 aliud,
3451 3885 3600 3939 utita
3627 3883 3768 3940 dica-

2199 3989 2317 4045 tur,
2345 3979 2646 4048 quidquam
2687 3979 2902 4033 ratione
2929 3976 3179 4049 dignum.

2272 4068 2409 4125 item
2434 4070 2698 4141 quoniam
2729 4070 2981 4124 homines
3005 4070 3172 4124 multa
3203 4077 3392 4125 contra
3409 4084 3471 4124 ea
3502 4084 3625 4134 qua:
3656 4067 3767 4138 opi-

2203 4168 2410 4216 nantur
2443 4175 2515 4214 ex
2554 4159 2734 4230 aliqua
2782 4160 3159 4226 contentione,
3195 4160 3280 4215 vel
3333 4160 3417 4216 sui
3453 4174 3657 4224 amore,
3691 4157 3768 4212 vel

2203 4254 2310 4310 alia
2339 4253 2579 4324 quadam
2609 4252 2869 4322 passione
2899 4251 3112 4316 dicunt,
3143 4252 3470 4322 perquirens
3493 4265 3767 4323 ego,quos

2204 4347 2381 4417 magis
2409 4346 2703 4402 verisimile
2723 4355 2811 4401 est
2839 4361 2870 4400 a
2904 4344 3172 4415 principio
3205 4361 3268 4400 ex
3296 4345 3480 4416 aliqua
3523 4347 3619 4400 tali
3649 4359 3770 4414 pas-

2206 4441 2364 4496 sione
2383 4448 2696 4494 commotos
2711 4437 2932 4493 dicere:
2958 4446 3140 4493 utrum
3163 4435 3406 4504 Latinos,
3431 4439 3574 4507 quod
3597 4452 3660 4493 ex
3691 4435 3771 4490 Fi-

2209 4532 2307 4596 lio,
2337 4547 2410 4586 an
2431 4531 2676 4597 Graecos,
2708 4529 2856 4600 quod
2888 4529 3113 4586 haeresis
3140 4539 3195 4585 et
3219 4545 3372 4585 error
3409 4532 3514 4585 hoc
3543 4541 3662 4597 est;
3690 4529 3768 4583 in-

512 4655 595 4699 ter
630 4657 692 4697 se
742 4639 963 4702 habere,
1007 4637 1112 4704 hoc
1147 4632 1438 4702 recipiunt.
1476 4631 1659 4697 Quare
1713 4631 1946 4685 multum
1995 4629 2105 4684 dif-
2139 4657 2186 4715 υ
2211 4625 2376 4681 venio
2407 4638 2602 4678 rursus
2621 4621 2870 4680 eamdem
2919 4620 3303 4676 dill'ereutiam.
3337 4621 3398 4676 In
3421 4614 3606 4676 multis
3633 4623 3766 4676 enim

513 4734 622 4790 fert
651 4733 754 4788 hoc
800 4730 869 4786 ab
895 4728 1011 4785 illo.
1041 4725 1260 4782 Nullius
1281 4721 1448 4789 enim,
1477 4724 1560 4778 vel
1590 4721 1836 4777 minima:
1860 4719 2108 4776 audaciae

516 4827 734 4882 videtur
755 4840 900 4881 esse.

588 4919 720 4975 Item
757 4934 864 4974 non
898 4912 1199 4971 mediocris
1251 4917 1305 4965 et
1349 4907 1592 4963 audacia:
1620 4918 1676 4963 et
1722 4908 2108 4979 praesumptio-

517 5017 604 5072 nis
635 5013 829 5086 procul
865 5011 1034 5067 dubio
1068 5019 1174 5073 est,
1195 5007 1250 5061 in
1281 5003 1632 5074 dogmatibus
1657 5002 1726 5060 de
1745 5016 1960 5060 summa
1984 5002 2110 5058 Tri-

521 5111 710 5172 uitate,
745 5121 901 5162 suam
931 5101 1304 5172 cognitionem
1333 5107 1654 5156 sanctorum
1691 5106 1748 5153 et
1779 5111 2108 5166 magnorum

520 5201 808 5256 doctorum
867 5194 1169 5267 cognitioni
1215 5190 1795 5264 przeponere.Atvero
1831 5190 1926 5261 qui
1980 5189 2114 5245 dicit

521 5309 587 5348 ex
625 5291 748 5348 solo
772 5287 936 5342 Patre
967 5285 1264 5357 procedere
1301 5283 1570 5357 Spiritum
1600 5292 1878 5350 sanctum,
1919 5281 2112 5338 multis

523 5397 577 5439 et
609 5382 822 5455 magnis
858 5379 1091 5442 sanctis,
1123 5387 1177 5432 et
1196 5379 1470 5449 praecipue
1487 5386 1678 5432 sancto
1701 5376 2036 5448 Augustino,
2059 5385 2117 5430 et

527 5481 722 5530 sancto
763 5471 993 5544 Cyrillo,
1048 5471 1143 5542 qui
1191 5470 1352 5526 latius
1403 5479 1458 5526 et
1507 5469 1750 5542 apertius
1798 5468 2114 5540 oppositum

529 5568 750 5632 docent,
777 5580 838 5620 se
872 5564 1053 5635 ipsum
1089 5564 1408 5620 necessario
1443 5575 1599 5634 putat
1627 5563 2025 5634 sapientiorem
2059 5571 2116 5616 et

532 5659 956 5731 religiosiorem.
991 5660 1037 5712 A
1065 5659 1278 5714 Latinis
1311 5672 1440 5713 vero
1463 5658 1604 5713 nihil
1634 5655 1952 5729 bujusmudi
1988 5669 2116 5724 pec-

529 5763 654 5807 catu
665 5771 710 5820 r,
733 5754 882 5808 nullo
905 5763 1218 5808 sanctorum
1241 5769 1270 5806 a
1290 5751 1406 5808 solo
1432 5750 1595 5806 Patre
1617 5749 1916 5820 procedere
1933 5756 2119 5817 aperte

533 5855 586 5900 ct
623 5847 1061 5904 indubitabiliter
1087 5848 1364 5904 tradente.

608 5944 812 6001 Deinde
830 5958 1144 6015 supponeus
1169 5945 1225 6000 in
1260 5952 1414 6014 parte
1429 5952 1727 6011 utrumque
1753 5939 1948 5994 falsum
1973 5950 2116 6002 esse,

2215 4719 2303 4774 his
2332 4719 2542 4773 nostris
2559 4716 2794 4772 subditis
2814 4716 2894 4772 illi
2923 4714 3204 4780 Ecclesiae,
3226 4725 3280 4771 et
3303 4716 3488 4771 multis
3519 4715 3608 4770 hic
3636 4714 3770 4769 msti-

2166 4872 2169 4874 _
2212 4808 2414 4864 mando
2441 4822 2500 4863 se
2526 4822 2561 4863 a
2593 4807 2898 4878 majoribus
2927 4807 3188 4878 injuriam
3219 4807 3328 4876 pati
3368 4806 3434 4861 ad
3483 4807 3652 4875 ipsam
3695 4821 3773 4858 rc-

2212 4900 2574 4974 fugientibus,
2590 4901 2795 4971 illaque
2812 4899 3383 4956 excommunicatione
3405 4908 3458 4954 et
3479 4897 3602 4952 aliis
3613 4896 3774 4966 jussis

2213 5008 2270 5052 ει
2295 4997 2446 5052 omni
2481 4996 2646 5051 modo
2673 5011 2948 5056 coercere,
2988 4994 3078 5050 hic
3109 4994 3346 5064 majores
3367 4993 3436 5047 ab
3467 4991 3666 5062 injuria
3695 5004 3778 5044 co-

2216 5103 2416 5147 nante:
2449 5099 2507 5146 ει
2523 5091 2654 5156 hoc,
2685 5097 2743 5144 ut
2761 5088 3062 5145 verisimile
3083 5097 3186 5153 est,
3216 5087 3304 5143 his
3324 5102 3432 5143 non
3459 5101 3650 5158 parum
3671 5085 3775 5140 dis-

2218 5186 2475 5256 plicente,
2495 5185 2616 5241 istis
2635 5184 2854 5255 quidem
2880 5197 2944 5238 ex
2967 5181 3305 5236 dill'amando
3323 5179 3468 5235 illam
3491 5178 3775 5235 Ecclesiam

2219 5279 2273 5332 in
2298 5277 2647 5347 dogmatibus
2684 5288 2934 5345 peccare,
2967 5287 3189 5344 suaeque
3230 5273 3334 5328 hoc
3389 5267 3774 5343 persuadendo,

2220 5372 2507 5427 videbatur
2557 5368 2822 5426 advenire
2863 5385 3060 5440 magna
3105 5368 3371 5422 malorum
3410 5364 3654 5421 liberatio
3685 5380 3700 5418 :
3728 5367 3778 5415 et

2223 5467 2478 5526 videlicet
2505 5467 2691 5521 omnia
2717 5463 3021 5520 secundum
3081 5461 3483 5534 beneplacitum
3520 5472 3676 5513 suum
3708 5456 3782 5508 fa-

2220 5560 2495 5616 cientibus
2528 5558 2711 5614 uullus
2741 5558 2809 5613 de
2825 5566 3024 5612 caetero
3053 5570 3338 5612 recurrere
3358 5553 3508 5615 velit,
3525 5559 3687 5620 atque
3707 5544 3782 5602 illi

2224 5653 2938 5723 rationabiliter,videautur
2977 5649 3149 5721 jussis
3183 5663 3336 5719 papae
3379 5645 3516 5702 nolle
3547 5641 3780 5698 obedire.

2296 5747 2486 5817 itaque
2515 5744 2837 5813 imperatori
2871 5745 2975 5799 hoc
3011 5740 3285 5813 provenit,
3317 5739 3458 5811 quod
3488 5737 3640 5807 prius
3682 5747 3783 5789 non

2225 5841 2483 5902 habebat,
2537 5838 2880 5908 patriarchas
2915 5835 3244 5891 continuare
3274 5842 3329 5888 et
3367 5843 3686 5906 proponere,
3734 5835 3785 5880 et

2229 5937 2434 5990 nullam
2475 5933 2705 6004 relinqui
2741 5931 3063 5996 Ecclesiam,
3095 5943 3218 5997 qua:
3247 5927 3425 5984 valeat
3458 5921 3557 5995 ipsi
3584 5920 3641 5976 in
3688 5914 3783 5976 ali-
