  <div class='ocr_page' id='page_1' title='image "/cluster/home/n/w/nwhite01/storage/ocr_20150623/151:no.2/coo.31924054870567/660.png"; bbox 0 0 4064 6474; ppageno 0'>
   <div class='ocr_carea' id='block_1_1' title="bbox 401 381 531 448">
    <p class='ocr_par' dir='ltr' id='par_1_1' title="bbox 401 381 531 448">
     <span class='ocr_line' id='line_1_1' title="bbox 401 381 531 448; baseline 0.023 -3"><span class='ocrx_word' id='word_1_1' title='bbox 401 381 531 448; x_wconf 80' lang='lat'><strong>1301</strong></span> 
     </span>
    </p>
   </div>
   <div class='ocr_carea' id='block_1_2' title="bbox 1770 393 2288 457">
    <p class='ocr_par' dir='ltr' id='par_1_2' title="bbox 1770 393 2288 457">
     <span class='ocr_line' id='line_1_2' title="bbox 1770 393 2288 457; baseline 0.002 -1"><span class='ocrx_word' id='word_1_2' title='bbox 1770 396 1922 456; x_wconf 81' lang='lat' dir='ltr'><strong>PRO</strong></span> <span class='ocrx_word' id='word_1_3' title='bbox 1967 393 2288 457; x_wconf 81' lang='lat' dir='ltr'><strong>LATINIS.</strong></span> 
     </span>
    </p>
   </div>
   <div class='ocr_carea' id='block_1_3' title="bbox 3509 390 3645 457">
    <p class='ocr_par' dir='ltr' id='par_1_3' title="bbox 3509 390 3645 457">
     <span class='ocr_line' id='line_1_3' title="bbox 3509 390 3645 457; baseline 0.022 -3"><span class='ocrx_word' id='word_1_4' title='bbox 3509 390 3645 457; x_wconf 77' lang='lat'><strong>130?.</strong></span> 
     </span>
    </p>
   </div>
   <div class='ocr_carea' id='block_1_4' title="bbox 395 497 3645 576">
    <p class='ocr_par' dir='ltr' id='par_1_4' title="bbox 395 497 3645 576">
     <span class='ocr_line' id='line_1_4' title="bbox 395 497 3645 576; baseline 0.003 -22"><span class='ocrx_word' id='word_1_5' title='bbox 395 516 506 570; x_wconf 85' lang='lat' dir='ltr'><strong>quo</strong></span> <span class='ocrx_word' id='word_1_6' title='bbox 539 497 814 556; x_wconf 70' lang='lat' dir='ltr'><strong>resistere.</strong></span> <span class='ocrx_word' id='word_1_7' title='bbox 848 501 952 571; x_wconf 91' lang='lat' dir='ltr'><strong>Ipsi</strong></span> <span class='ocrx_word' id='word_1_8' title='bbox 983 499 1111 559; x_wconf 79' lang='lat' dir='ltr'><strong>vero</strong></span> <span class='ocrx_word' id='word_1_9' title='bbox 1141 505 1464 575; x_wconf 59' lang='lat' dir='ltr'><strong>patriarchae</strong></span> <span class='ocrx_word' id='word_1_10' title='bbox 1483 521 1638 561; x_wconf 72' lang='lat' dir='ltr'><strong>novm</strong></span> <span class='ocrx_word' id='word_1_11' title='bbox 1668 508 1877 574; x_wconf 69' lang='lat' dir='ltr'><strong>Romae,</strong></span> <span class='ocrx_word' id='word_1_12' title='bbox 1904 515 1966 561; x_wconf 90' lang='lat' dir='ltr'><strong>ut</strong></span> <span class='ocrx_word' id='word_1_13' title='bbox 1995 513 2038 568; x_wconf 78' lang='grc' dir='ltr'><strong>Α</strong></span> <span class='ocrx_word' id='word_1_14' title='bbox 2071 505 2175 566; x_wconf 80' lang='lat' dir='ltr'><strong>hoc</strong></span> <span class='ocrx_word' id='word_1_15' title='bbox 2196 509 2498 570; x_wconf 80' lang='lat' dir='ltr'><strong>aliirmsns.</strong></span> <span class='ocrx_word' id='word_1_16' title='bbox 2528 509 2973 567; x_wconf 87' lang='lat' dir='ltr'><strong>contradicentes</strong></span> <span class='ocrx_word' id='word_1_17' title='bbox 3009 522 3204 562; x_wconf 83' lang='lat' dir='ltr'><strong>omnes</strong></span> <span class='ocrx_word' id='word_1_18' title='bbox 3237 523 3333 576; x_wconf 91' lang='lat' dir='ltr'><strong>pro</strong></span> <span class='ocrx_word' id='word_1_19' title='bbox 3368 506 3645 564; x_wconf 78' lang='lat' dir='ltr'><strong>haereticis</strong></span> 
     </span>
    </p>
   </div>
   <div class='ocr_carea' id='block_1_5' title="bbox 398 590 1965 667">
    <p class='ocr_par' dir='ltr' id='par_1_5' title="bbox 398 590 1965 667">
     <span class='ocr_line' id='line_1_5' title="bbox 398 590 1965 667; baseline 0.003 -23"><span class='ocrx_word' id='word_1_20' title='bbox 398 590 731 646; x_wconf 80' lang='lat' dir='ltr'><strong>universalis</strong></span> <span class='ocrx_word' id='word_1_21' title='bbox 759 591 1158 658; x_wconf 73' lang='lat' dir='ltr'><strong>nominaretur,</strong></span> <span class='ocrx_word' id='word_1_22' title='bbox 1189 606 1240 649; x_wconf 88' lang='lat' dir='ltr'><strong>et</strong></span> <span class='ocrx_word' id='word_1_23' title='bbox 1267 611 1374 650; x_wconf 89' lang='lat' dir='ltr'><strong>non</strong></span> <span class='ocrx_word' id='word_1_24' title='bbox 1409 597 1684 653; x_wconf 88' lang='lat' dir='ltr'><strong>secundus</strong></span> <span class='ocrx_word' id='word_1_25' title='bbox 1710 605 1832 666; x_wconf 90' lang='lat' dir='ltr'><strong>post</strong></span> <span class='ocrx_word' id='word_1_26' title='bbox 1854 597 1965 667; x_wconf 87' lang='lat' dir='ltr'><strong>pri-</strong></span> 
     </span>
    </p>
   </div>
   <div class='ocr_carea' id='block_1_6' title="bbox 393 681 1965 752">
    <p class='ocr_par' dir='ltr' id='par_1_6' title="bbox 393 681 1965 752">
     <span class='ocr_line' id='line_1_6' title="bbox 393 681 1965 752; baseline 0.005 -17"><span class='ocrx_word' id='word_1_27' title='bbox 393 695 572 745; x_wconf 89' lang='lat' dir='ltr'><strong>mum,</strong></span> <span class='ocrx_word' id='word_1_28' title='bbox 603 681 698 736; x_wconf 87' lang='lat' dir='ltr'><strong>sed</strong></span> <span class='ocrx_word' id='word_1_29' title='bbox 741 682 860 752; x_wconf 85' lang='lat' dir='ltr'><strong>ipse</strong></span> <span class='ocrx_word' id='word_1_30' title='bbox 891 685 1097 750; x_wconf 87' lang='lat' dir='ltr'><strong>primus</strong></span> <span class='ocrx_word' id='word_1_31' title='bbox 1131 686 1184 739; x_wconf 92' lang='lat' dir='ltr'><strong>in</strong></span> <span class='ocrx_word' id='word_1_32' title='bbox 1213 684 1460 742; x_wconf 83' lang='lat' dir='ltr'><strong>Ecclesia</strong></span> <span class='ocrx_word' id='word_1_33' title='bbox 1493 703 1522 740; x_wconf 90' lang='lat' dir='ltr'><strong>a</strong></span> <span class='ocrx_word' id='word_1_34' title='bbox 1557 690 1965 744; x_wconf 85' lang='lat' dir='ltr'><strong>consecratori-</strong></span> 
     </span>
    </p>
   </div>
   <div class='ocr_carea' id='block_1_7' title="bbox 397 773 1967 834">
    <p class='ocr_par' dir='ltr' id='par_1_7' title="bbox 397 773 1967 834">
     <span class='ocr_line' id='line_1_7' title="bbox 397 773 1967 834; baseline 0.004 -10"><span class='ocrx_word' id='word_1_35' title='bbox 397 773 499 825; x_wconf 86' lang='lat' dir='ltr'><strong>bus</strong></span> <span class='ocrx_word' id='word_1_36' title='bbox 528 773 848 829; x_wconf 72' lang='lat' dir='ltr'><strong>aestimetur.</strong></span> <span class='ocrx_word' id='word_1_37' title='bbox 875 774 1139 830; x_wconf 77' lang='lat' dir='ltr'><strong>Neutrum</strong></span> <span class='ocrx_word' id='word_1_38' title='bbox 1171 779 1315 832; x_wconf 91' lang='lat' dir='ltr'><strong>enim</strong></span> <span class='ocrx_word' id='word_1_39' title='bbox 1349 779 1544 832; x_wconf 88' lang='lat' dir='ltr'><strong>horum</strong></span> <span class='ocrx_word' id='word_1_40' title='bbox 1571 789 1700 833; x_wconf 93' lang='lat' dir='ltr'><strong>ante</strong></span> <span class='ocrx_word' id='word_1_41' title='bbox 1725 778 1967 834; x_wconf 82' lang='lat' dir='ltr'><strong>schistna</strong></span> 
     </span>
    </p>
   </div>
   <div class='ocr_carea' id='block_1_8' title="bbox 397 864 1968 937">
    <p class='ocr_par' dir='ltr' id='par_1_8' title="bbox 397 864 1968 937">
     <span class='ocr_line' id='line_1_8' title="bbox 397 864 1968 937; baseline 0.004 -18"><span class='ocrx_word' id='word_1_42' title='bbox 397 874 536 920; x_wconf 86' lang='lat' dir='ltr'><strong>erat.</strong></span> <span class='ocrx_word' id='word_1_43' title='bbox 581 864 794 922; x_wconf 79' lang='lat' dir='ltr'><strong>Latinis</strong></span> <span class='ocrx_word' id='word_1_44' title='bbox 836 882 966 922; x_wconf 88' lang='lat' dir='ltr'><strong>vero</strong></span> <span class='ocrx_word' id='word_1_45' title='bbox 1011 884 1076 922; x_wconf 79' lang='lat' dir='ltr'><strong>ex</strong></span> <span class='ocrx_word' id='word_1_46' title='bbox 1105 869 1360 936; x_wconf 81' lang='lat' dir='ltr'><strong>dicendo,</strong></span> <span class='ocrx_word' id='word_1_47' title='bbox 1405 885 1472 925; x_wconf 79' lang='lat' dir='ltr'><strong>ex</strong></span> <span class='ocrx_word' id='word_1_48' title='bbox 1511 870 1650 925; x_wconf 78' lang='lat' dir='ltr'><strong>Filio</strong></span> <span class='ocrx_word' id='word_1_49' title='bbox 1701 870 1968 937; x_wconf 84' lang='lat' dir='ltr'><strong>Spiritum</strong></span> 
     </span>
    </p>
   </div>
   <div class='ocr_carea' id='block_1_9' title="bbox 397 959 1973 1031">
    <p class='ocr_par' dir='ltr' id='par_1_9' title="bbox 397 959 1973 1031">
     <span class='ocr_line' id='line_1_9' title="bbox 397 959 1973 1031; baseline 0.001 -19"><span class='ocrx_word' id='word_1_50' title='bbox 397 967 646 1012; x_wconf 90' lang='lat' dir='ltr'><strong>sanctum</strong></span> <span class='ocrx_word' id='word_1_51' title='bbox 695 959 995 1028; x_wconf 82' lang='lat' dir='ltr'><strong>procedere</strong></span> <span class='ocrx_word' id='word_1_52' title='bbox 1016 999 1034 1025; x_wconf 88' lang='lat'><strong>,</strong></span> <span class='ocrx_word' id='word_1_53' title='bbox 1064 976 1244 1031; x_wconf 91' lang='lat' dir='ltr'><strong>neque</strong></span> <span class='ocrx_word' id='word_1_54' title='bbox 1267 961 1578 1031; x_wconf 82' lang='lat' dir='ltr'><strong>aliquorum</strong></span> <span class='ocrx_word' id='word_1_55' title='bbox 1610 961 1880 1015; x_wconf 87' lang='lat' dir='ltr'><strong>malorum</strong></span> <span class='ocrx_word' id='word_1_56' title='bbox 1905 959 1973 1014; x_wconf 89' lang='lat' dir='ltr'><strong>li-</strong></span> 
     </span>
    </p>
   </div>
   <div class='ocr_carea' id='block_1_10' title="bbox 399 1049 1970 1122">
    <p class='ocr_par' dir='ltr' id='par_1_10' title="bbox 399 1049 1970 1122">
     <span class='ocr_line' id='line_1_10' title="bbox 399 1049 1970 1122; baseline 0.001 -20"><span class='ocrx_word' id='word_1_57' title='bbox 399 1049 632 1113; x_wconf 89' lang='lat' dir='ltr'><strong>beratio,</strong></span> <span class='ocrx_word' id='word_1_58' title='bbox 667 1064 844 1119; x_wconf 89' lang='lat' dir='ltr'><strong>neque</strong></span> <span class='ocrx_word' id='word_1_59' title='bbox 878 1065 985 1104; x_wconf 90' lang='lat' dir='ltr'><strong>non</strong></span> <span class='ocrx_word' id='word_1_60' title='bbox 1006 1052 1356 1118; x_wconf 66' lang='lat' dir='ltr'><strong>prtesentinm</strong></span> <span class='ocrx_word' id='word_1_61' title='bbox 1378 1053 1648 1107; x_wconf 88' lang='lat' dir='ltr'><strong>bonorum</strong></span> <span class='ocrx_word' id='word_1_62' title='bbox 1673 1052 1970 1122; x_wconf 74' lang='lat' dir='ltr'><strong>a‘cquisitio</strong></span> 
     </span>
    </p>
   </div>
   <div class='ocr_carea' id='block_1_11' title="bbox 397 1140 1970 1216">
    <p class='ocr_par' dir='ltr' id='par_1_11' title="bbox 397 1140 1970 1216">
     <span class='ocr_line' id='line_1_11' title="bbox 397 1140 1970 1216; baseline 0.004 -23"><span class='ocrx_word' id='word_1_63' title='bbox 397 1140 710 1194; x_wconf 76' lang='lat' dir='ltr'><strong>accedebat.</strong></span> <span class='ocrx_word' id='word_1_64' title='bbox 745 1140 925 1208; x_wconf 82' lang='lat' dir='ltr'><strong>Quare</strong></span> <span class='ocrx_word' id='word_1_65' title='bbox 953 1157 1018 1196; x_wconf 75' lang='lat' dir='ltr'><strong>ex</strong></span> <span class='ocrx_word' id='word_1_66' title='bbox 1045 1143 1302 1213; x_wconf 79' lang='lat' dir='ltr'><strong>passione</strong></span> <span class='ocrx_word' id='word_1_67' title='bbox 1323 1161 1351 1198; x_wconf 91' lang='lat' dir='ltr'><strong>a</strong></span> <span class='ocrx_word' id='word_1_68' title='bbox 1374 1144 1644 1216; x_wconf 85' lang='lat' dir='ltr'><strong>principio</strong></span> <span class='ocrx_word' id='word_1_69' title='bbox 1665 1155 1970 1201; x_wconf 82' lang='lat' dir='ltr'><strong>commotos</strong></span> 
     </span>
    </p>
   </div>
   <div class='ocr_carea' id='block_1_12' title="bbox 397 1230 1974 1318">
    <p class='ocr_par' dir='ltr' id='par_1_12' title="bbox 397 1230 1974 1318">
     <span class='ocr_line' id='line_1_12' title="bbox 397 1230 1974 1318; baseline 0.004 -36"><span class='ocrx_word' id='word_1_70' title='bbox 397 1230 594 1318; x_wconf 33' lang='lat' dir='ltr'><strong>dicere’</strong></span> <span class='ocrx_word' id='word_1_71' title='bbox 614 1231 788 1300; x_wconf 80' lang='lat' dir='ltr'><strong>magis</strong></span> <span class='ocrx_word' id='word_1_72' title='bbox 820 1230 1026 1287; x_wconf 71' lang='lat' dir='ltr'><strong>Graecis</strong></span> <span class='ocrx_word' id='word_1_73' title='bbox 1075 1248 1239 1301; x_wconf 88' lang='lat' dir='ltr'><strong>quam</strong></span> <span class='ocrx_word' id='word_1_74' title='bbox 1279 1234 1493 1291; x_wconf 81' lang='lat' dir='ltr'><strong>Latinis</strong></span> <span class='ocrx_word' id='word_1_75' title='bbox 1549 1236 1763 1290; x_wconf 84' lang='lat' dir='ltr'><strong>videtur</strong></span> <span class='ocrx_word' id='word_1_76' title='bbox 1809 1248 1974 1303; x_wconf 83' lang='lat' dir='ltr'><strong>posse</strong></span> 
     </span>
    </p>
   </div>
   <div class='ocr_carea' id='block_1_13' title="bbox 398 1317 739 1388">
    <p class='ocr_par' dir='ltr' id='par_1_13' title="bbox 398 1317 739 1388">
     <span class='ocr_line' id='line_1_13' title="bbox 398 1317 739 1388; baseline 0.006 -16"><span class='ocrx_word' id='word_1_77' title='bbox 398 1317 739 1388; x_wconf 72' lang='lat' dir='ltr'><strong>contingere.</strong></span> 
     </span>
    </p>
   </div>
   <div class='ocr_carea' id='block_1_14' title="bbox 391 1381 1975 1480">
    <p class='ocr_par' dir='ltr' id='par_1_14' title="bbox 391 1381 1975 1480">
     <span class='ocr_line' id='line_1_14' title="bbox 391 1381 1975 1480; baseline 0.005 -18"><span class='ocrx_word' id='word_1_78' title='bbox 391 1381 428 1411; x_wconf 53' lang='grc' dir='ltr'><strong><em>θ</em></strong></span> <span class='ocrx_word' id='word_1_79' title='bbox 472 1411 546 1464; x_wconf 78' lang='lat' dir='ltr'><strong>Ex</strong></span> <span class='ocrx_word' id='word_1_80' title='bbox 581 1381 667 1466; x_wconf 77' lang='lat' dir='ltr'><strong>his</strong></span> <span class='ocrx_word' id='word_1_81' title='bbox 692 1411 862 1480; x_wconf 89' lang='lat' dir='ltr'><strong>igitur</strong></span> <span class='ocrx_word' id='word_1_82' title='bbox 900 1419 955 1466; x_wconf 90' lang='lat' dir='ltr'><strong>et</strong></span> <span class='ocrx_word' id='word_1_83' title='bbox 988 1415 1216 1480; x_wconf 86' lang='lat' dir='ltr'><strong>talibus,</strong></span> <span class='ocrx_word' id='word_1_84' title='bbox 1254 1415 1382 1470; x_wconf 90' lang='lat' dir='ltr'><strong>licet</strong></span> <span class='ocrx_word' id='word_1_85' title='bbox 1414 1416 1653 1471; x_wconf 89' lang='lat' dir='ltr'><strong>nondum</strong></span> <span class='ocrx_word' id='word_1_86' title='bbox 1679 1417 1858 1471; x_wconf 85' lang='lat' dir='ltr'><strong>visum</strong></span> <span class='ocrx_word' id='word_1_87' title='bbox 1889 1425 1975 1472; x_wconf 90' lang='lat' dir='ltr'><strong>est</strong></span> 
     </span>
    </p>
   </div>
   <div class='ocr_carea' id='block_1_15' title="bbox 399 1501 1972 1576">
    <p class='ocr_par' dir='ltr' id='par_1_15' title="bbox 399 1501 1972 1576">
     <span class='ocr_line' id='line_1_15' title="bbox 399 1501 1972 1576; baseline 0.004 -22"><span class='ocrx_word' id='word_1_88' title='bbox 399 1501 531 1555; x_wconf 88' lang='lat' dir='ltr'><strong>mihi</strong></span> <span class='ocrx_word' id='word_1_89' title='bbox 579 1503 736 1558; x_wconf 80' lang='lat' dir='ltr'><strong>tidem</strong></span> <span class='ocrx_word' id='word_1_90' title='bbox 768 1505 1031 1561; x_wconf 85' lang='lat' dir='ltr'><strong>adhibere</strong></span> <span class='ocrx_word' id='word_1_91' title='bbox 1087 1506 1403 1562; x_wconf 89' lang='lat' dir='ltr'><strong>Latinorum</strong></span> <span class='ocrx_word' id='word_1_92' title='bbox 1465 1509 1729 1576; x_wconf 76' lang='lat' dir='ltr'><strong>dogmati,</strong></span> <span class='ocrx_word' id='word_1_93' title='bbox 1790 1517 1972 1562; x_wconf 82' lang='lat' dir='ltr'><strong>tamen</strong></span> 
     </span>
    </p>
   </div>
   <div class='ocr_carea' id='block_1_16' title="bbox 399 1593 1971 1663">
    <p class='ocr_par' dir='ltr' id='par_1_16' title="bbox 399 1593 1971 1663">
     <span class='ocr_line' id='line_1_16' title="bbox 399 1593 1971 1663; baseline 0.004 -18"><span class='ocrx_word' id='word_1_94' title='bbox 399 1593 574 1647; x_wconf 90' lang='lat' dir='ltr'><strong>multo</strong></span> <span class='ocrx_word' id='word_1_95' title='bbox 600 1593 820 1649; x_wconf 80' lang='lat' dir='ltr'><strong>videtur</strong></span> <span class='ocrx_word' id='word_1_96' title='bbox 861 1597 997 1650; x_wconf 90' lang='lat' dir='ltr'><strong>mihi</strong></span> <span class='ocrx_word' id='word_1_97' title='bbox 1036 1598 1421 1654; x_wconf 89' lang='lat' dir='ltr'><strong>rationabilius</strong></span> <span class='ocrx_word' id='word_1_98' title='bbox 1451 1614 1595 1663; x_wconf 86' lang='lat' dir='ltr'><strong>esse,</strong></span> <span class='ocrx_word' id='word_1_99' title='bbox 1643 1614 1750 1653; x_wconf 85' lang='lat' dir='ltr'><strong>non</strong></span> <span class='ocrx_word' id='word_1_100' title='bbox 1797 1597 1971 1659; x_wconf 89' lang='lat' dir='ltr'><strong>credi,</strong></span> 
     </span>
    </p>
   </div>
   <div class='ocr_carea' id='block_1_17' title="bbox 399 1684 1972 1760">
    <p class='ocr_par' dir='ltr' id='par_1_17' title="bbox 399 1684 1972 1760">
     <span class='ocr_line' id='line_1_17' title="bbox 399 1684 1972 1760; baseline 0.002 -23"><span class='ocrx_word' id='word_1_101' title='bbox 399 1688 550 1756; x_wconf 80' lang='lat' dir='ltr'><strong>quod</strong></span> <span class='ocrx_word' id='word_1_102' title='bbox 569 1684 741 1741; x_wconf 73' lang='lat' dir='ltr'><strong>Graeci</strong></span> <span class='ocrx_word' id='word_1_103' title='bbox 767 1688 980 1755; x_wconf 87' lang='lat' dir='ltr'><strong>dicunt,</strong></span> <span class='ocrx_word' id='word_1_104' title='bbox 1003 1705 1166 1760; x_wconf 91' lang='lat' dir='ltr'><strong>quam</strong></span> <span class='ocrx_word' id='word_1_105' title='bbox 1187 1691 1341 1746; x_wconf 91' lang='lat' dir='ltr'><strong>illud.</strong></span> <span class='ocrx_word' id='word_1_106' title='bbox 1362 1691 1542 1745; x_wconf 85' lang='lat' dir='ltr'><strong>Tuum</strong></span> <span class='ocrx_word' id='word_1_107' title='bbox 1563 1691 1631 1746; x_wconf 88' lang='lat' dir='ltr'><strong>de</strong></span> <span class='ocrx_word' id='word_1_108' title='bbox 1650 1698 1849 1745; x_wconf 57' lang='lat' dir='ltr'><strong>caetero</strong></span> <span class='ocrx_word' id='word_1_109' title='bbox 1877 1690 1972 1753; x_wconf 88' lang='lat' dir='ltr'><strong>sit,</strong></span> 
     </span>
    </p>
   </div>
   <div class='ocr_carea' id='block_1_18' title="bbox 399 1777 1970 1850">
    <p class='ocr_par' dir='ltr' id='par_1_18' title="bbox 399 1777 1970 1850">
     <span class='ocr_line' id='line_1_18' title="bbox 399 1777 1970 1850; baseline 0.004 -22"><span class='ocrx_word' id='word_1_110' title='bbox 399 1777 548 1846; x_wconf 89' lang='lat' dir='ltr'><strong>quod</strong></span> <span class='ocrx_word' id='word_1_111' title='bbox 585 1779 730 1832; x_wconf 82' lang='lat' dir='ltr'><strong>etin</strong></span> <span class='ocrx_word' id='word_1_112' title='bbox 783 1780 1052 1849; x_wconf 89' lang='lat' dir='ltr'><strong>principio</strong></span> <span class='ocrx_word' id='word_1_113' title='bbox 1101 1791 1362 1850; x_wconf 84' lang='lat' dir='ltr'><strong>precatus</strong></span> <span class='ocrx_word' id='word_1_114' title='bbox 1409 1798 1554 1846; x_wconf 88' lang='lat' dir='ltr'><strong>sum,</strong></span> <span class='ocrx_word' id='word_1_115' title='bbox 1602 1791 1656 1838; x_wconf 88' lang='lat' dir='ltr'><strong>te</strong></span> <span class='ocrx_word' id='word_1_116' title='bbox 1707 1781 1868 1835; x_wconf 85' lang='lat' dir='ltr'><strong>nobis</strong></span> <span class='ocrx_word' id='word_1_117' title='bbox 1915 1780 1970 1834; x_wconf 91' lang='lat' dir='ltr'><strong>in</strong></span> 
     </span>
    </p>
   </div>
   <div class='ocr_carea' id='block_1_19' title="bbox 397 1869 1974 1944">
    <p class='ocr_par' dir='ltr' id='par_1_19' title="bbox 397 1869 1974 1944">
     <span class='ocr_line' id='line_1_19' title="bbox 397 1869 1974 1944; baseline 0.003 -23"><span class='ocrx_word' id='word_1_118' title='bbox 397 1869 623 1939; x_wconf 79' lang='lat' dir='ltr'><strong>scriptis</strong></span> <span class='ocrx_word' id='word_1_119' title='bbox 657 1871 905 1926; x_wconf 81' lang='lat' dir='ltr'><strong>revelare</strong></span> <span class='ocrx_word' id='word_1_120' title='bbox 934 1886 990 1926; x_wconf 89' lang='lat' dir='ltr'><strong>et</strong></span> <span class='ocrx_word' id='word_1_121' title='bbox 1040 1875 1354 1941; x_wconf 83' lang='lat' dir='ltr'><strong>significare</strong></span> <span class='ocrx_word' id='word_1_122' title='bbox 1399 1876 1561 1939; x_wconf 82' lang='lat' dir='ltr'><strong>velle,</strong></span> <span class='ocrx_word' id='word_1_123' title='bbox 1596 1874 1857 1944; x_wconf 77' lang='lat' dir='ltr'><strong>quidnam</strong></span> <span class='ocrx_word' id='word_1_124' title='bbox 1890 1881 1974 1927; x_wconf 85' lang='lat' dir='ltr'><strong>est</strong></span> 
     </span>
    </p>
   </div>
   <div class='ocr_carea' id='block_1_20' title="bbox 399 1960 1972 2036">
    <p class='ocr_par' dir='ltr' id='par_1_20' title="bbox 399 1960 1972 2036">
     <span class='ocr_line' id='line_1_20' title="bbox 399 1960 1972 2036; baseline 0.003 -22"><span class='ocrx_word' id='word_1_125' title='bbox 399 1960 555 2026; x_wconf 74' lang='lat' dir='ltr'><strong>illud,</strong></span> <span class='ocrx_word' id='word_1_126' title='bbox 588 1963 731 2030; x_wconf 88' lang='lat' dir='ltr'><strong>quod</strong></span> <span class='ocrx_word' id='word_1_127' title='bbox 769 1963 865 2016; x_wconf 87' lang='lat' dir='ltr'><strong>tibi</strong></span> <span class='ocrx_word' id='word_1_128' title='bbox 897 1966 1190 2032; x_wconf 83' lang='lat' dir='ltr'><strong>persuasit,</strong></span> <span class='ocrx_word' id='word_1_129' title='bbox 1215 1974 1348 2022; x_wconf 82' lang='lat' dir='ltr'><strong>etex</strong></span> <span class='ocrx_word' id='word_1_130' title='bbox 1379 1965 1519 2021; x_wconf 82' lang='lat' dir='ltr'><strong>Filio</strong></span> <span class='ocrx_word' id='word_1_131' title='bbox 1545 1966 1816 2036; x_wconf 82' lang='lat' dir='ltr'><strong>Spiritum</strong></span> <span class='ocrx_word' id='word_1_132' title='bbox 1841 1979 1972 2020; x_wconf 86' lang='lat' dir='ltr'><strong>san-</strong></span> 
     </span>
    </p>
   </div>
   <div class='ocr_carea' id='block_1_21' title="bbox 399 2052 1976 2122">
    <p class='ocr_par' dir='ltr' id='par_1_21' title="bbox 399 2052 1976 2122">
     <span class='ocr_line' id='line_1_21' title="bbox 399 2052 1976 2122; baseline 0.004 -18"><span class='ocrx_word' id='word_1_133' title='bbox 399 2058 547 2104; x_wconf 85' lang='lat' dir='ltr'><strong>ctum</strong></span> <span class='ocrx_word' id='word_1_134' title='bbox 571 2052 884 2120; x_wconf 86' lang='lat' dir='ltr'><strong>procedere,</strong></span> <span class='ocrx_word' id='word_1_135' title='bbox 918 2067 1018 2122; x_wconf 90' lang='lat' dir='ltr'><strong>pro</strong></span> <span class='ocrx_word' id='word_1_136' title='bbox 1037 2064 1190 2110; x_wconf 85' lang='lat' dir='ltr'><strong>certo</strong></span> <span class='ocrx_word' id='word_1_137' title='bbox 1210 2056 1431 2110; x_wconf 90' lang='lat' dir='ltr'><strong>credere</strong></span> <span class='ocrx_word' id='word_1_138' title='bbox 1457 2094 1472 2118; x_wconf 92' lang='lat'><strong>,</strong></span> <span class='ocrx_word' id='word_1_139' title='bbox 1497 2065 1551 2110; x_wconf 88' lang='lat' dir='ltr'><strong>et</strong></span> <span class='ocrx_word' id='word_1_140' title='bbox 1581 2071 1646 2110; x_wconf 83' lang='lat' dir='ltr'><strong>ex</strong></span> <span class='ocrx_word' id='word_1_141' title='bbox 1669 2056 1777 2110; x_wconf 89' lang='lat' dir='ltr'><strong>hoc</strong></span> <span class='ocrx_word' id='word_1_142' title='bbox 1801 2055 1976 2110; x_wconf 59' lang='lat' dir='ltr'><strong>haere-</strong></span> 
     </span>
    </p>
   </div>
   <div class='ocr_carea' id='block_1_22' title="bbox 399 2139 1976 2224">
    <p class='ocr_par' dir='ltr' id='par_1_22' title="bbox 399 2139 1976 2224">
     <span class='ocr_line' id='line_1_22' title="bbox 399 2139 1976 2224; baseline 0.005 -30"><span class='ocrx_word' id='word_1_143' title='bbox 399 2139 538 2196; x_wconf 86' lang='lat' dir='ltr'><strong>ticos</strong></span> <span class='ocrx_word' id='word_1_144' title='bbox 566 2151 621 2198; x_wconf 91' lang='lat' dir='ltr'><strong>et</strong></span> <span class='ocrx_word' id='word_1_145' title='bbox 645 2144 1026 2204; x_wconf 86' lang='lat' dir='ltr'><strong>schismaticos</strong></span> <span class='ocrx_word' id='word_1_146' title='bbox 1050 2159 1171 2211; x_wconf 91' lang='lat' dir='ltr'><strong>eos,</strong></span> <span class='ocrx_word' id='word_1_147' title='bbox 1202 2150 1295 2216; x_wconf 85' lang='lat' dir='ltr'><strong>qui</strong></span> <span class='ocrx_word' id='word_1_148' title='bbox 1329 2161 1440 2202; x_wconf 89' lang='lat' dir='ltr'><strong>non</strong></span> <span class='ocrx_word' id='word_1_149' title='bbox 1475 2148 1578 2202; x_wconf 88' lang='lat' dir='ltr'><strong>hoc</strong></span> <span class='ocrx_word' id='word_1_150' title='bbox 1603 2147 1846 2224; x_wconf 65' lang='lat' dir='ltr'><strong>sapiunt,</strong></span> <span class='ocrx_word' id='word_1_151' title='bbox 1873 2161 1976 2202; x_wconf 80' lang='lat' dir='ltr'><strong>nec</strong></span> 
     </span>
    </p>
   </div>
   <div class='ocr_carea' id='block_1_23' title="bbox 401 2233 1976 2305">
    <p class='ocr_par' dir='ltr' id='par_1_23' title="bbox 401 2233 1976 2305">
     <span class='ocr_line' id='line_1_23' title="bbox 401 2233 1976 2305; baseline 0.004 -20"><span class='ocrx_word' id='word_1_152' title='bbox 401 2233 730 2289; x_wconf 76' lang='lat' dir='ltr'><strong>conﬁtentur</strong></span> <span class='ocrx_word' id='word_1_153' title='bbox 774 2245 991 2305; x_wconf 86' lang='lat' dir='ltr'><strong>putare.</strong></span> <span class='ocrx_word' id='word_1_154' title='bbox 1044 2238 1222 2292; x_wconf 83' lang='lat' dir='ltr'><strong>Amici</strong></span> <span class='ocrx_word' id='word_1_155' title='bbox 1273 2252 1468 2294; x_wconf 87' lang='lat' dir='ltr'><strong>omnes</strong></span> <span class='ocrx_word' id='word_1_156' title='bbox 1504 2237 1750 2294; x_wconf 85' lang='lat' dir='ltr'><strong>salutant</strong></span> <span class='ocrx_word' id='word_1_157' title='bbox 1782 2247 1857 2292; x_wconf 89' lang='lat' dir='ltr'><strong>te.</strong></span> <span class='ocrx_word' id='word_1_158' title='bbox 1909 2235 1976 2292; x_wconf 86' lang='lat' dir='ltr'><strong>Et</strong></span> 
     </span>
    </p>
   </div>
   <div class='ocr_carea' id='block_1_24' title="bbox 401 2328 1976 2401">
    <p class='ocr_par' dir='ltr' id='par_1_24' title="bbox 401 2328 1976 2401">
     <span class='ocr_line' id='line_1_24' title="bbox 401 2328 1976 2401; baseline 0.004 -22"><span class='ocrx_word' id='word_1_159' title='bbox 401 2328 630 2396; x_wconf 80' lang='lat' dir='ltr'><strong>epistula</strong></span> <span class='ocrx_word' id='word_1_160' title='bbox 671 2332 771 2383; x_wconf 91' lang='lat' dir='ltr'><strong>hac</strong></span> <span class='ocrx_word' id='word_1_161' title='bbox 809 2331 946 2384; x_wconf 87' lang='lat' dir='ltr'><strong>lecta</strong></span> <span class='ocrx_word' id='word_1_162' title='bbox 979 2345 1166 2386; x_wconf 84' lang='lat' dir='ltr'><strong>coram</strong></span> <span class='ocrx_word' id='word_1_163' title='bbox 1217 2331 1324 2397; x_wconf 87' lang='lat' dir='ltr'><strong>eis,</strong></span> <span class='ocrx_word' id='word_1_164' title='bbox 1361 2331 1551 2388; x_wconf 83' lang='lat' dir='ltr'><strong>eadem</strong></span> <span class='ocrx_word' id='word_1_165' title='bbox 1585 2330 1640 2386; x_wconf 82' lang='lat' dir='ltr'><strong>et</strong></span> <span class='ocrx_word' id='word_1_166' title='bbox 1674 2330 1779 2401; x_wconf 84' lang='lat' dir='ltr'><strong>ipsi</strong></span> <span class='ocrx_word' id='word_1_167' title='bbox 1810 2329 1976 2386; x_wconf 68' lang='lat' dir='ltr'><strong>haesi-</strong></span> 
     </span>
    </p>
   </div>
   <div class='ocr_carea' id='block_1_25' title="bbox 403 2425 1315 2491">
    <p class='ocr_par' dir='ltr' id='par_1_25' title="bbox 403 2425 1315 2491">
     <span class='ocr_line' id='line_1_25' title="bbox 403 2425 1315 2491; baseline 0.009 -20"><span class='ocrx_word' id='word_1_168' title='bbox 403 2428 539 2485; x_wconf 90' lang='lat' dir='ltr'><strong>tare,</strong></span> <span class='ocrx_word' id='word_1_169' title='bbox 579 2429 633 2476; x_wconf 90' lang='lat' dir='ltr'><strong>et</strong></span> <span class='ocrx_word' id='word_1_170' title='bbox 663 2431 768 2476; x_wconf 88' lang='lat' dir='ltr'><strong>ate</strong></span> <span class='ocrx_word' id='word_1_171' title='bbox 800 2433 984 2491; x_wconf 82' lang='lat' dir='ltr'><strong>petere</strong></span> <span class='ocrx_word' id='word_1_172' title='bbox 1019 2437 1078 2479; x_wconf 89' lang='lat' dir='ltr'><strong>se</strong></span> <span class='ocrx_word' id='word_1_173' title='bbox 1107 2425 1315 2480; x_wconf 89' lang='lat' dir='ltr'><strong>dicunt.</strong></span> 
     </span>
    </p>
   </div>
   <div class='ocr_carea' id='block_1_26' title="bbox 401 2552 1973 2634">
    <p class='ocr_par' dir='ltr' id='par_1_26' title="bbox 401 2552 1973 2634">
     <span class='ocr_line' id='line_1_26' title="bbox 401 2552 1973 2634; baseline 0.004 -26"><span class='ocrx_word' id='word_1_174' title='bbox 401 2552 642 2634; x_wconf 69' lang='lat' dir='ltr'><strong>Epistula</strong></span> <span class='ocrx_word' id='word_1_175' title='bbox 684 2556 893 2634; x_wconf 62' lang='lat' dir='ltr'><strong>Domini</strong></span> <span class='ocrx_word' id='word_1_176' title='bbox 941 2560 1238 2634; x_wconf 61' lang='lat' dir='ltr'><strong>Bartagmi,</strong></span> <span class='ocrx_word' id='word_1_177' title='bbox 1268 2563 1494 2632; x_wconf 80' lang='lat' dir='ltr'><strong>episcopi</strong></span> <span class='ocrx_word' id='word_1_178' title='bbox 1533 2561 1973 2634; x_wconf 80' lang='lat' dir='ltr'><strong>Gyracensis,_aa</strong></span> 
     </span>
    </p>
   </div>
   <div class='ocr_carea' id='block_1_27' title="bbox 471 2629 1979 2700">
    <p class='ocr_par' dir='ltr' id='par_1_27' title="bbox 471 2629 1979 2700">
     <span class='ocr_line' id='line_1_27' title="bbox 471 2629 1979 2700; baseline 0.005 -22"><span class='ocrx_word' id='word_1_179' title='bbox 471 2629 708 2700; x_wconf 78' lang='lat' dir='ltr'><strong>eumdem</strong></span> <span class='ocrx_word' id='word_1_180' title='bbox 735 2629 1060 2684; x_wconf 78' lang='lat' dir='ltr'><strong>Demetrium</strong></span> <span class='ocrx_word' id='word_1_181' title='bbox 1091 2629 1629 2697; x_wconf 68' lang='lat' dir='ltr'><strong>Thessalonicensem,</strong></span> <span class='ocrx_word' id='word_1_182' title='bbox 1659 2631 1979 2700; x_wconf 78' lang='lat' dir='ltr'><strong>respondens</strong></span> 
     </span>
    </p>
   </div>
   <div class='ocr_carea' id='block_1_28' title="bbox 472 2699 1980 2763">
    <p class='ocr_par' dir='ltr' id='par_1_28' title="bbox 472 2699 1980 2763">
     <span class='ocr_line' id='line_1_28' title="bbox 472 2699 1980 2763; baseline 0.006 -16"><span class='ocrx_word' id='word_1_183' title='bbox 472 2699 540 2748; x_wconf 87' lang='lat' dir='ltr'><strong>ad</strong></span> <span class='ocrx_word' id='word_1_184' title='bbox 558 2699 766 2763; x_wconf 83' lang='lat' dir='ltr'><strong>petita:</strong></span> <span class='ocrx_word' id='word_1_185' title='bbox 798 2707 1043 2755; x_wconf 80' lang='lat' dir='ltr'><strong>hortatur</strong></span> <span class='ocrx_word' id='word_1_186' title='bbox 1073 2718 1194 2756; x_wconf 85' lang='lat' dir='ltr'><strong>eum</strong></span> <span class='ocrx_word' id='word_1_187' title='bbox 1250 2703 1319 2756; x_wconf 84' lang='lat' dir='ltr'><strong>ad</strong></span> <span class='ocrx_word' id='word_1_188' title='bbox 1359 2705 1604 2757; x_wconf 84' lang='lat' dir='ltr'><strong>unionem</strong></span> <span class='ocrx_word' id='word_1_189' title='bbox 1647 2699 1847 2757; x_wconf 67' lang='lat' dir='ltr'><strong>sancta:</strong></span> <span class='ocrx_word' id='word_1_190' title='bbox 1875 2700 1980 2756; x_wconf 82' lang='lat' dir='ltr'><strong>Ro-</strong></span> 
     </span>
    </p>
   </div>
   <div class='ocr_carea' id='block_1_29' title="bbox 475 2767 954 2826">
    <p class='ocr_par' dir='ltr' id='par_1_29' title="bbox 475 2767 954 2826">
     <span class='ocr_line' id='line_1_29' title="bbox 475 2767 954 2826; baseline 0.015 -8"><span class='ocrx_word' id='word_1_191' title='bbox 475 2782 650 2823; x_wconf 71' lang='lat' dir='ltr'><strong>mana</strong></span> <span class='ocrx_word' id='word_1_192' title='bbox 679 2767 954 2826; x_wconf 68' lang='lat' dir='ltr'><strong>Ecclesiae.</strong></span> 
     </span>
    </p>
   </div>
   <div class='ocr_carea' id='block_1_30' title="bbox 474 2876 1980 2957">
    <p class='ocr_par' dir='ltr' id='par_1_30' title="bbox 474 2876 1980 2957">
     <span class='ocr_line' id='line_1_30' title="bbox 474 2876 1980 2957; baseline 0.005 -27"><span class='ocrx_word' id='word_1_193' title='bbox 474 2876 608 2930; x_wconf 86' lang='lat' dir='ltr'><strong>Cum</strong></span> <span class='ocrx_word' id='word_1_194' title='bbox 657 2882 1017 2951; x_wconf 84' lang='lat' dir='ltr'><strong>accepissem,</strong></span> <span class='ocrx_word' id='word_1_195' title='bbox 1065 2899 1098 2940; x_wconf 95' lang='lat' dir='ltr'><strong>o</strong></span> <span class='ocrx_word' id='word_1_196' title='bbox 1136 2887 1374 2942; x_wconf 90' lang='lat' dir='ltr'><strong>amicum</strong></span> <span class='ocrx_word' id='word_1_197' title='bbox 1415 2887 1547 2942; x_wconf 89' lang='lat' dir='ltr'><strong>mihi</strong></span> <span class='ocrx_word' id='word_1_198' title='bbox 1584 2894 1774 2957; x_wconf 87' lang='lat' dir='ltr'><strong>caput,</strong></span> <span class='ocrx_word' id='word_1_199' title='bbox 1827 2893 1980 2940; x_wconf 90' lang='lat' dir='ltr'><strong>tuam</strong></span> 
     </span>
    </p>
   </div>
   <div class='ocr_carea' id='block_1_31' title="bbox 405 2968 1982 3048">
    <p class='ocr_par' dir='ltr' id='par_1_31' title="bbox 405 2968 1982 3048">
     <span class='ocr_line' id='line_1_31' title="bbox 405 2968 1982 3048; baseline 0.007 -27"><span class='ocrx_word' id='word_1_200' title='bbox 405 2968 696 3038; x_wconf 81' lang='lat' dir='ltr'><strong>ingenuam</strong></span> <span class='ocrx_word' id='word_1_201' title='bbox 732 2982 786 3030; x_wconf 87' lang='lat' dir='ltr'><strong>et</strong></span> <span class='ocrx_word' id='word_1_202' title='bbox 822 2977 1198 3033; x_wconf 87' lang='lat' dir='ltr'><strong>admirandam</strong></span> <span class='ocrx_word' id='word_1_203' title='bbox 1227 2990 1280 3034; x_wconf 90' lang='lat' dir='ltr'><strong>et</strong></span> <span class='ocrx_word' id='word_1_204' title='bbox 1331 2979 1749 3036; x_wconf 86' lang='lat' dir='ltr'><strong>disertissimam</strong></span> <span class='ocrx_word' id='word_1_205' title='bbox 1782 2979 1982 3048; x_wconf 87' lang='lat' dir='ltr'><strong>episto-</strong></span> 
     </span>
    </p>
   </div>
   <div class='ocr_carea' id='block_1_32' title="bbox 406 3065 1981 3143">
    <p class='ocr_par' dir='ltr' id='par_1_32' title="bbox 406 3065 1981 3143">
     <span class='ocr_line' id='line_1_32' title="bbox 406 3065 1981 3143; baseline 0.006 -26"><span class='ocrx_word' id='word_1_206' title='bbox 406 3065 538 3131; x_wconf 83' lang='lat' dir='ltr'><strong>lam,</strong></span> <span class='ocrx_word' id='word_1_207' title='bbox 570 3068 935 3139; x_wconf 83' lang='lat' dir='ltr'><strong>legissemque</strong></span> <span class='ocrx_word' id='word_1_208' title='bbox 965 3079 1020 3126; x_wconf 85' lang='lat' dir='ltr'><strong>et</strong></span> <span class='ocrx_word' id='word_1_209' title='bbox 1043 3073 1451 3140; x_wconf 65' lang='lat' dir='ltr'><strong>intellexissem,</strong></span> <span class='ocrx_word' id='word_1_210' title='bbox 1485 3083 1545 3128; x_wconf 92' lang='lat' dir='ltr'><strong>ut</strong></span> <span class='ocrx_word' id='word_1_211' title='bbox 1569 3073 1830 3139; x_wconf 86' lang='lat' dir='ltr'><strong>arbitror,</strong></span> <span class='ocrx_word' id='word_1_212' title='bbox 1858 3085 1981 3143; x_wconf 66' lang='lat' dir='ltr'><strong>qua:</strong></span> 
     </span>
    </p>
   </div>
   <div class='ocr_carea' id='block_1_33' title="bbox 406 3161 1771 3236">
    <p class='ocr_par' dir='ltr' id='par_1_33' title="bbox 406 3161 1771 3236">
     <span class='ocr_line' id='line_1_33' title="bbox 406 3161 1771 3236; baseline 0.003 -22"><span class='ocrx_word' id='word_1_213' title='bbox 406 3161 461 3214; x_wconf 90' lang='lat' dir='ltr'><strong>in</strong></span> <span class='ocrx_word' id='word_1_214' title='bbox 491 3175 550 3214; x_wconf 79' lang='lat' dir='ltr'><strong>ea</strong></span> <span class='ocrx_word' id='word_1_215' title='bbox 585 3168 733 3227; x_wconf 89' lang='lat' dir='ltr'><strong>sunt,</strong></span> <span class='ocrx_word' id='word_1_216' title='bbox 765 3163 838 3216; x_wconf 88' lang='lat' dir='ltr'><strong>ita</strong></span> <span class='ocrx_word' id='word_1_217' title='bbox 871 3161 966 3216; x_wconf 86' lang='lat' dir='ltr'><strong>tibi</strong></span> <span class='ocrx_word' id='word_1_218' title='bbox 991 3163 1058 3218; x_wconf 91' lang='lat' dir='ltr'><strong>ad</strong></span> <span class='ocrx_word' id='word_1_219' title='bbox 1081 3163 1415 3236; x_wconf 89' lang='lat' dir='ltr'><strong>interrogata</strong></span> <span class='ocrx_word' id='word_1_220' title='bbox 1440 3165 1771 3234; x_wconf 83' lang='lat' dir='ltr'><strong>respondeo.</strong></span> 
     </span>
    </p>
   </div>
   <div class='ocr_carea' id='block_1_34' title="bbox 476 3249 1980 3324">
    <p class='ocr_par' dir='ltr' id='par_1_34' title="bbox 476 3249 1980 3324">
     <span class='ocr_line' id='line_1_34' title="bbox 476 3249 1980 3324; baseline 0.003 -19"><span class='ocrx_word' id='word_1_221' title='bbox 476 3251 588 3321; x_wconf 83' lang='lat' dir='ltr'><strong>Ego</strong></span> <span class='ocrx_word' id='word_1_222' title='bbox 620 3249 799 3323; x_wconf 79' lang='lat' dir='ltr'><strong>neque</strong></span> <span class='ocrx_word' id='word_1_223' title='bbox 830 3255 982 3324; x_wconf 88' lang='lat' dir='ltr'><strong>prius</strong></span> <span class='ocrx_word' id='word_1_224' title='bbox 1028 3255 1293 3321; x_wconf 83' lang='lat' dir='ltr'><strong>sciebam,</strong></span> <span class='ocrx_word' id='word_1_225' title='bbox 1336 3266 1516 3312; x_wconf 91' lang='lat' dir='ltr'><strong>utrum</strong></span> <span class='ocrx_word' id='word_1_226' title='bbox 1553 3269 1582 3310; x_wconf 89' lang='lat' dir='ltr'><strong>a</strong></span> <span class='ocrx_word' id='word_1_227' title='bbox 1631 3257 1751 3312; x_wconf 89' lang='lat' dir='ltr'><strong>solo</strong></span> <span class='ocrx_word' id='word_1_228' title='bbox 1811 3253 1980 3311; x_wconf 82' lang='lat' dir='ltr'><strong>Patre</strong></span> 
     </span>
    </p>
   </div>
   <div class='ocr_carea' id='block_1_35' title="bbox 407 3345 1984 3418">
    <p class='ocr_par' dir='ltr' id='par_1_35' title="bbox 407 3345 1984 3418">
     <span class='ocr_line' id='line_1_35' title="bbox 407 3345 1984 3418; baseline 0.005 -22"><span class='ocrx_word' id='word_1_229' title='bbox 407 3345 651 3413; x_wconf 86' lang='lat' dir='ltr'><strong>procedit</strong></span> <span class='ocrx_word' id='word_1_230' title='bbox 678 3345 917 3416; x_wconf 87' lang='lat' dir='ltr'><strong>Spiritus</strong></span> <span class='ocrx_word' id='word_1_231' title='bbox 945 3355 1192 3413; x_wconf 87' lang='lat' dir='ltr'><strong>sanctus,</strong></span> <span class='ocrx_word' id='word_1_232' title='bbox 1237 3363 1415 3418; x_wconf 86' lang='lat' dir='ltr'><strong>neque</strong></span> <span class='ocrx_word' id='word_1_233' title='bbox 1455 3363 1603 3403; x_wconf 89' lang='lat' dir='ltr'><strong>nunc</strong></span> <span class='ocrx_word' id='word_1_234' title='bbox 1626 3349 1865 3402; x_wconf 87' lang='lat' dir='ltr'><strong>arbitror</strong></span> <span class='ocrx_word' id='word_1_235' title='bbox 1896 3363 1984 3404; x_wconf 87' lang='lat' dir='ltr'><strong>me</strong></span> 
     </span>
    </p>
   </div>
   <div class='ocr_carea' id='block_1_36' title="bbox 407 3434 1986 3510">
    <p class='ocr_par' dir='ltr' id='par_1_36' title="bbox 407 3434 1986 3510">
     <span class='ocr_line' id='line_1_36' title="bbox 407 3434 1986 3510; baseline 0.004 -22"><span class='ocrx_word' id='word_1_236' title='bbox 407 3436 573 3490; x_wconf 89' lang='lat' dir='ltr'><strong>scire.</strong></span> <span class='ocrx_word' id='word_1_237' title='bbox 620 3434 758 3500; x_wconf 79' lang='lat' dir='ltr'><strong>Puto</strong></span> <span class='ocrx_word' id='word_1_238' title='bbox 797 3438 942 3492; x_wconf 81' lang='lat' dir='ltr'><strong>enim</strong></span> <span class='ocrx_word' id='word_1_239' title='bbox 981 3438 1305 3508; x_wconf 73' lang='lat' dir='ltr'><strong>huiusmodi</strong></span> <span class='ocrx_word' id='word_1_240' title='bbox 1346 3440 1628 3510; x_wconf 89' lang='lat' dir='ltr'><strong>problema</strong></span> <span class='ocrx_word' id='word_1_241' title='bbox 1662 3449 1717 3495; x_wconf 93' lang='lat' dir='ltr'><strong>et</strong></span> <span class='ocrx_word' id='word_1_242' title='bbox 1750 3455 1898 3495; x_wconf 90' lang='lat' dir='ltr'><strong>nunc</strong></span> <span class='ocrx_word' id='word_1_243' title='bbox 1930 3448 1986 3494; x_wconf 88' lang='lat' dir='ltr'><strong>et</strong></span> 
     </span>
    </p>
   </div>
   <div class='ocr_carea' id='block_1_37' title="bbox 411 3529 1987 3602">
    <p class='ocr_par' dir='ltr' id='par_1_37' title="bbox 411 3529 1987 3602">
     <span class='ocr_line' id='line_1_37' title="bbox 411 3529 1987 3602; baseline 0.004 -21"><span class='ocrx_word' id='word_1_244' title='bbox 411 3535 562 3590; x_wconf 90' lang='lat' dir='ltr'><strong>tunc,</strong></span> <span class='ocrx_word' id='word_1_245' title='bbox 593 3529 1054 3595; x_wconf 88' lang='lat' dir='ltr'><strong>quemadmodum</strong></span> <span class='ocrx_word' id='word_1_246' title='bbox 1077 3540 1130 3585; x_wconf 88' lang='lat' dir='ltr'><strong>et</strong></span> <span class='ocrx_word' id='word_1_247' title='bbox 1163 3541 1220 3586; x_wconf 91' lang='lat' dir='ltr'><strong>tu</strong></span> <span class='ocrx_word' id='word_1_248' title='bbox 1246 3532 1298 3586; x_wconf 92' lang='lat' dir='ltr'><strong>in</strong></span> <span class='ocrx_word' id='word_1_249' title='bbox 1320 3532 1553 3602; x_wconf 81' lang='lat' dir='ltr'><strong>epistola</strong></span> <span class='ocrx_word' id='word_1_250' title='bbox 1585 3531 1788 3601; x_wconf 90' lang='lat' dir='ltr'><strong>optime</strong></span> <span class='ocrx_word' id='word_1_251' title='bbox 1805 3532 1987 3587; x_wconf 88' lang='lat' dir='ltr'><strong>dicere</strong></span> 
     </span>
    </p>
   </div>
   <div class='ocr_carea' id='block_1_38' title="bbox 409 3619 1988 3690">
    <p class='ocr_par' dir='ltr' id='par_1_38' title="bbox 409 3619 1988 3690">
     <span class='ocr_line' id='line_1_38' title="bbox 409 3619 1988 3690; baseline 0.003 -16"><span class='ocrx_word' id='word_1_252' title='bbox 409 3620 542 3674; x_wconf 89' lang='lat' dir='ltr'><strong>mihi</strong></span> <span class='ocrx_word' id='word_1_253' title='bbox 571 3619 790 3686; x_wconf 85' lang='lat' dir='ltr'><strong>videris,</strong></span> <span class='ocrx_word' id='word_1_254' title='bbox 823 3635 989 3690; x_wconf 88' lang='lat' dir='ltr'><strong>super</strong></span> <span class='ocrx_word' id='word_1_255' title='bbox 1008 3637 1225 3678; x_wconf 90' lang='lat' dir='ltr'><strong>omnem</strong></span> <span class='ocrx_word' id='word_1_256' title='bbox 1259 3640 1382 3680; x_wconf 92' lang='lat' dir='ltr'><strong>esse</strong></span> <span class='ocrx_word' id='word_1_257' title='bbox 1411 3624 1711 3679; x_wconf 88' lang='lat' dir='ltr'><strong>humanam</strong></span> <span class='ocrx_word' id='word_1_258' title='bbox 1739 3625 1988 3680; x_wconf 87' lang='lat' dir='ltr'><strong>etscien-</strong></span> 
     </span>
    </p>
   </div>
   <div class='ocr_carea' id='block_1_39' title="bbox 346 3712 1983 3776">
    <p class='ocr_par' dir='ltr' id='par_1_39' title="bbox 346 3712 1983 3776">
     <span class='ocr_line' id='line_1_39' title="bbox 346 3712 1983 3776; baseline 0.004 -10"><span class='ocrx_word' id='word_1_259' title='bbox 346 3716 350 3719; x_wconf 88' lang='grc'><strong>’</strong></span> <span class='ocrx_word' id='word_1_260' title='bbox 411 3712 539 3766; x_wconf 85' lang='lat' dir='ltr'><strong>tiam</strong></span> <span class='ocrx_word' id='word_1_261' title='bbox 566 3720 619 3766; x_wconf 82' lang='lat' dir='ltr'><strong>et</strong></span> <span class='ocrx_word' id='word_1_262' title='bbox 654 3723 912 3776; x_wconf 88' lang='lat' dir='ltr'><strong>mentem,</strong></span> <span class='ocrx_word' id='word_1_263' title='bbox 935 3723 986 3769; x_wconf 90' lang='lat' dir='ltr'><strong>et</strong></span> <span class='ocrx_word' id='word_1_264' title='bbox 1011 3717 1325 3771; x_wconf 89' lang='lat' dir='ltr'><strong>methodum</strong></span> <span class='ocrx_word' id='word_1_265' title='bbox 1351 3728 1404 3772; x_wconf 92' lang='lat' dir='ltr'><strong>et</strong></span> <span class='ocrx_word' id='word_1_266' title='bbox 1431 3715 1983 3772; x_wconf 87' lang='lat' dir='ltr'><strong>demonstrationem.</strong></span> 
     </span>
    </p>
   </div>
   <div class='ocr_carea' id='block_1_40' title="bbox 415 3800 1988 3874">
    <p class='ocr_par' dir='ltr' id='par_1_40' title="bbox 415 3800 1988 3874">
     <span class='ocr_line' id='line_1_40' title="bbox 415 3800 1988 3874; baseline 0.004 -16"><span class='ocrx_word' id='word_1_267' title='bbox 415 3800 520 3858; x_wconf 88' lang='lat' dir='ltr'><strong>Sed</strong></span> <span class='ocrx_word' id='word_1_268' title='bbox 545 3813 598 3858; x_wconf 93' lang='lat' dir='ltr'><strong>et</strong></span> <span class='ocrx_word' id='word_1_269' title='bbox 622 3803 775 3874; x_wconf 92' lang='lat' dir='ltr'><strong>prius</strong></span> <span class='ocrx_word' id='word_1_270' title='bbox 810 3805 1122 3870; x_wconf 84' lang='lat' dir='ltr'><strong>credebam,</strong></span> <span class='ocrx_word' id='word_1_271' title='bbox 1157 3807 1300 3874; x_wconf 88' lang='lat' dir='ltr'><strong>quod</strong></span> <span class='ocrx_word' id='word_1_272' title='bbox 1330 3821 1360 3862; x_wconf 89' lang='lat' dir='ltr'><strong>a</strong></span> <span class='ocrx_word' id='word_1_273' title='bbox 1391 3809 1509 3863; x_wconf 88' lang='lat' dir='ltr'><strong>solo</strong></span> <span class='ocrx_word' id='word_1_274' title='bbox 1541 3809 1724 3874; x_wconf 87' lang='lat' dir='ltr'><strong>Patre,</strong></span> <span class='ocrx_word' id='word_1_275' title='bbox 1761 3819 1814 3865; x_wconf 87' lang='lat' dir='ltr'><strong>et</strong></span> <span class='ocrx_word' id='word_1_276' title='bbox 1843 3824 1988 3865; x_wconf 92' lang='lat' dir='ltr'><strong>nunc</strong></span> 
     </span>
    </p>
   </div>
   <div class='ocr_carea' id='block_1_41' title="bbox 412 3898 1988 3970">
    <p class='ocr_par' dir='ltr' id='par_1_41' title="bbox 412 3898 1988 3970">
     <span class='ocr_line' id='line_1_41' title="bbox 412 3898 1988 3970; baseline 0.004 -21"><span class='ocrx_word' id='word_1_277' title='bbox 412 3911 607 3950; x_wconf 87' lang='lat' dir='ltr'><strong>rursus</strong></span> <span class='ocrx_word' id='word_1_278' title='bbox 639 3898 824 3962; x_wconf 88' lang='lat' dir='ltr'><strong>credo,</strong></span> <span class='ocrx_word' id='word_1_279' title='bbox 853 3898 998 3970; x_wconf 90' lang='lat' dir='ltr'><strong>quod</strong></span> <span class='ocrx_word' id='word_1_280' title='bbox 1029 3899 1193 3953; x_wconf 84' lang='lat' dir='ltr'><strong>etiam</strong></span> <span class='ocrx_word' id='word_1_281' title='bbox 1225 3915 1290 3953; x_wconf 78' lang='lat' dir='ltr'><strong>ex</strong></span> <span class='ocrx_word' id='word_1_282' title='bbox 1315 3898 1474 3954; x_wconf 87' lang='lat' dir='ltr'><strong>Filio.</strong></span> <span class='ocrx_word' id='word_1_283' title='bbox 1500 3898 1724 3956; x_wconf 84' lang='lat' dir='ltr'><strong>Recessi</strong></span> <span class='ocrx_word' id='word_1_284' title='bbox 1758 3916 1890 3957; x_wconf 88' lang='lat' dir='ltr'><strong>vero</strong></span> <span class='ocrx_word' id='word_1_285' title='bbox 1922 3916 1988 3956; x_wconf 76' lang='lat' dir='ltr'><strong>ex</strong></span> 
     </span>
    </p>
   </div>
   <div class='ocr_carea' id='block_1_42' title="bbox 413 3990 1991 4064">
    <p class='ocr_par' dir='ltr' id='par_1_42' title="bbox 413 3990 1991 4064">
     <span class='ocr_line' id='line_1_42' title="bbox 413 3990 1991 4064; baseline 0.003 -21"><span class='ocrx_word' id='word_1_286' title='bbox 413 3990 503 4043; x_wconf 90' lang='lat' dir='ltr'><strong>illa</strong></span> <span class='ocrx_word' id='word_1_287' title='bbox 533 3991 852 4046; x_wconf 85' lang='lat' dir='ltr'><strong>credulitate</strong></span> <span class='ocrx_word' id='word_1_288' title='bbox 871 4007 966 4062; x_wconf 93' lang='lat' dir='ltr'><strong>per</strong></span> <span class='ocrx_word' id='word_1_289' title='bbox 992 3992 1208 4047; x_wconf 87' lang='lat' dir='ltr'><strong>easdem</strong></span> <span class='ocrx_word' id='word_1_290' title='bbox 1243 4007 1442 4048; x_wconf 87' lang='lat' dir='ltr'><strong>causas</strong></span> <span class='ocrx_word' id='word_1_291' title='bbox 1463 4000 1516 4047; x_wconf 91' lang='lat' dir='ltr'><strong>et</strong></span> <span class='ocrx_word' id='word_1_292' title='bbox 1538 3995 1756 4048; x_wconf 90' lang='lat' dir='ltr'><strong>easdem</strong></span> <span class='ocrx_word' id='word_1_293' title='bbox 1783 3994 1991 4064; x_wconf 87' lang='lat' dir='ltr'><strong>cogita-</strong></span> 
     </span>
    </p>
   </div>
   <div class='ocr_carea' id='block_1_43' title="bbox 417 4083 1989 4153">
    <p class='ocr_par' dir='ltr' id='par_1_43' title="bbox 417 4083 1989 4153">
     <span class='ocr_line' id='line_1_43' title="bbox 417 4083 1989 4153; baseline 0.001 -16"><span class='ocrx_word' id='word_1_294' title='bbox 417 4083 612 4146; x_wconf 84' lang='lat' dir='ltr'><strong>tiones,</strong></span> <span class='ocrx_word' id='word_1_295' title='bbox 640 4099 732 4152; x_wconf 90' lang='lat' dir='ltr'><strong>per</strong></span> <span class='ocrx_word' id='word_1_296' title='bbox 758 4099 896 4153; x_wconf 82' lang='lat' dir='ltr'><strong>quas</strong></span> <span class='ocrx_word' id='word_1_297' title='bbox 933 4092 988 4138; x_wconf 92' lang='lat' dir='ltr'><strong>et</strong></span> <span class='ocrx_word' id='word_1_298' title='bbox 1015 4091 1072 4137; x_wconf 90' lang='lat' dir='ltr'><strong>tu</strong></span> <span class='ocrx_word' id='word_1_299' title='bbox 1103 4099 1198 4153; x_wconf 88' lang='lat' dir='ltr'><strong>per</strong></span> <span class='ocrx_word' id='word_1_300' title='bbox 1216 4085 1383 4139; x_wconf 89' lang='lat' dir='ltr'><strong>multa</strong></span> <span class='ocrx_word' id='word_1_301' title='bbox 1410 4085 1697 4140; x_wconf 86' lang='lat' dir='ltr'><strong>ostendisti</strong></span> <span class='ocrx_word' id='word_1_302' title='bbox 1729 4085 1782 4138; x_wconf 88' lang='lat' dir='ltr'><strong>in</strong></span> <span class='ocrx_word' id='word_1_303' title='bbox 1802 4089 1989 4139; x_wconf 86' lang='lat' dir='ltr'><strong>eadem</strong></span> 
     </span>
    </p>
   </div>
   <div class='ocr_carea' id='block_1_44' title="bbox 416 4175 1993 4246">
    <p class='ocr_par' dir='ltr' id='par_1_44' title="bbox 416 4175 1993 4246">
     <span class='ocr_line' id='line_1_44' title="bbox 416 4175 1993 4246; baseline 0 -14"><span class='ocrx_word' id='word_1_304' title='bbox 416 4177 666 4246; x_wconf 88' lang='lat' dir='ltr'><strong>epistola,</strong></span> <span class='ocrx_word' id='word_1_305' title='bbox 684 4191 791 4230; x_wconf 89' lang='lat' dir='ltr'><strong>non</strong></span> <span class='ocrx_word' id='word_1_306' title='bbox 816 4175 1013 4231; x_wconf 84' lang='lat' dir='ltr'><strong>debere</strong></span> <span class='ocrx_word' id='word_1_307' title='bbox 1041 4186 1092 4230; x_wconf 90' lang='lat' dir='ltr'><strong>te</strong></span> <span class='ocrx_word' id='word_1_308' title='bbox 1116 4177 1340 4231; x_wconf 87' lang='lat' dir='ltr'><strong>credere</strong></span> <span class='ocrx_word' id='word_1_309' title='bbox 1362 4176 1559 4245; x_wconf 87' lang='lat' dir='ltr'><strong>putasti</strong></span> <span class='ocrx_word' id='word_1_310' title='bbox 1581 4175 1692 4242; x_wconf 89' lang='lat' dir='ltr'><strong>his,</strong></span> <span class='ocrx_word' id='word_1_311' title='bbox 1712 4175 1800 4246; x_wconf 92' lang='lat' dir='ltr'><strong>qui</strong></span> <span class='ocrx_word' id='word_1_312' title='bbox 1827 4192 1856 4230; x_wconf 92' lang='lat' dir='ltr'><strong>a</strong></span> <span class='ocrx_word' id='word_1_313' title='bbox 1875 4176 1993 4232; x_wconf 91' lang='lat' dir='ltr'><strong>solo</strong></span> 
     </span>
    </p>
   </div>
   <div class='ocr_carea' id='block_1_45' title="bbox 420 4267 1992 4334">
    <p class='ocr_par' dir='ltr' id='par_1_45' title="bbox 420 4267 1992 4334">
     <span class='ocr_line' id='line_1_45' title="bbox 420 4267 1992 4334; baseline 0.001 -11"><span class='ocrx_word' id='word_1_314' title='bbox 420 4269 577 4323; x_wconf 88' lang='lat' dir='ltr'><strong>Patre</strong></span> <span class='ocrx_word' id='word_1_315' title='bbox 597 4268 821 4334; x_wconf 89' lang='lat' dir='ltr'><strong>dicunt;</strong></span> <span class='ocrx_word' id='word_1_316' title='bbox 844 4267 939 4322; x_wconf 84' lang='lat' dir='ltr'><strong>sed</strong></span> <span class='ocrx_word' id='word_1_317' title='bbox 959 4267 1132 4323; x_wconf 88' lang='lat' dir='ltr'><strong>multo</strong></span> <span class='ocrx_word' id='word_1_318' title='bbox 1151 4268 1581 4324; x_wconf 84' lang='lat' dir='ltr'><strong>incredibiliures</strong></span> <span class='ocrx_word' id='word_1_319' title='bbox 1599 4268 1700 4324; x_wconf 85' lang='lat' dir='ltr'><strong>hos</strong></span> <span class='ocrx_word' id='word_1_320' title='bbox 1723 4267 1844 4324; x_wconf 89' lang='lat' dir='ltr'><strong>aliis</strong></span> <span class='ocrx_word' id='word_1_321' title='bbox 1867 4282 1992 4325; x_wconf 81' lang='lat' dir='ltr'><strong>esse</strong></span> 
     </span>
    </p>
   </div>
   <div class='ocr_carea' id='block_1_46' title="bbox 419 4359 943 4415">
    <p class='ocr_par' dir='ltr' id='par_1_46' title="bbox 419 4359 943 4415">
     <span class='ocr_line' id='line_1_46' title="bbox 419 4359 943 4415; baseline -0.004 -1"><span class='ocrx_word' id='word_1_322' title='bbox 419 4360 619 4415; x_wconf 76' lang='lat' dir='ltr'><strong>debere</strong></span> <span class='ocrx_word' id='word_1_323' title='bbox 649 4359 943 4414; x_wconf 88' lang='lat' dir='ltr'><strong>discernis.</strong></span> 
     </span>
    </p>
   </div>
   <div class='ocr_carea' id='block_1_47' title="bbox 489 4449 1991 4518">
    <p class='ocr_par' dir='ltr' id='par_1_47' title="bbox 489 4449 1991 4518">
     <span class='ocr_line' id='line_1_47' title="bbox 489 4449 1991 4518; baseline -0.001 -12"><span class='ocrx_word' id='word_1_324' title='bbox 489 4451 623 4518; x_wconf 84' lang='lat' dir='ltr'><strong>Quae</strong></span> <span class='ocrx_word' id='word_1_325' title='bbox 651 4459 832 4506; x_wconf 90' lang='lat' dir='ltr'><strong>autem</strong></span> <span class='ocrx_word' id='word_1_326' title='bbox 867 4465 956 4505; x_wconf 89' lang='lat' dir='ltr'><strong>me</strong></span> <span class='ocrx_word' id='word_1_327' title='bbox 983 4450 1050 4505; x_wconf 88' lang='lat' dir='ltr'><strong>ad</strong></span> <span class='ocrx_word' id='word_1_328' title='bbox 1075 4451 1303 4508; x_wconf 88' lang='lat' dir='ltr'><strong>firmiter</strong></span> <span class='ocrx_word' id='word_1_329' title='bbox 1325 4453 1658 4510; x_wconf 88' lang='lat' dir='ltr'><strong>credendum</strong></span> <span class='ocrx_word' id='word_1_330' title='bbox 1685 4461 1739 4508; x_wconf 93' lang='lat' dir='ltr'><strong>et</strong></span> <span class='ocrx_word' id='word_1_331' title='bbox 1767 4465 1832 4508; x_wconf 81' lang='lat' dir='ltr'><strong>ex</strong></span> <span class='ocrx_word' id='word_1_332' title='bbox 1851 4449 1991 4506; x_wconf 85' lang='lat' dir='ltr'><strong>Filio</strong></span> 
     </span>
    </p>
   </div>
   <div class='ocr_carea' id='block_1_48' title="bbox 2071 599 3644 672">
    <p class='ocr_par' dir='ltr' id='par_1_48' title="bbox 2071 599 3644 672">
     <span class='ocr_line' id='line_1_48' title="bbox 2071 599 3644 672; baseline -0.003 -14"><span class='ocrx_word' id='word_1_333' title='bbox 2071 604 2258 658; x_wconf 90' lang='lat' dir='ltr'><strong>haberi</strong></span> <span class='ocrx_word' id='word_1_334' title='bbox 2304 603 2514 658; x_wconf 88' lang='lat' dir='ltr'><strong>statuit.</strong></span> <span class='ocrx_word' id='word_1_335' title='bbox 2549 601 2685 668; x_wconf 82' lang='lat' dir='ltr'><strong>Hoc,</strong></span> <span class='ocrx_word' id='word_1_336' title='bbox 2719 603 2966 672; x_wconf 89' lang='lat' dir='ltr'><strong>inquam.</strong></span> <span class='ocrx_word' id='word_1_337' title='bbox 3007 601 3077 656; x_wconf 88' lang='lat' dir='ltr'><strong>ab</strong></span> <span class='ocrx_word' id='word_1_338' title='bbox 3106 599 3256 654; x_wconf 93' lang='lat' dir='ltr'><strong>omni</strong></span> <span class='ocrx_word' id='word_1_339' title='bbox 3287 599 3644 669; x_wconf 72' lang='lat' dir='ltr'><strong>ambiguitate</strong></span> 
     </span>
    </p>
   </div>
   <div class='ocr_carea' id='block_1_49' title="bbox 2069 692 3644 762">
    <p class='ocr_par' dir='ltr' id='par_1_49' title="bbox 2069 692 3644 762">
     <span class='ocr_line' id='line_1_49' title="bbox 2069 692 3644 762; baseline -0.001 -14"><span class='ocrx_word' id='word_1_340' title='bbox 2069 709 2382 759; x_wconf 84' lang='lat' dir='ltr'><strong>remanens,</strong></span> <span class='ocrx_word' id='word_1_341' title='bbox 2414 703 2587 748; x_wconf 88' lang='lat' dir='ltr'><strong>totum</strong></span> <span class='ocrx_word' id='word_1_342' title='bbox 2606 693 2735 748; x_wconf 82' lang='lat' dir='ltr'><strong>facit</strong></span> <span class='ocrx_word' id='word_1_343' title='bbox 2755 694 2916 762; x_wconf 77' lang='lat' dir='ltr'><strong>hujus</strong></span> <span class='ocrx_word' id='word_1_344' title='bbox 2936 693 3230 762; x_wconf 80' lang='lat' dir='ltr'><strong>dogmatis.</strong></span> <span class='ocrx_word' id='word_1_345' title='bbox 3263 693 3346 748; x_wconf 75' lang='lat' dir='ltr'><strong>Ab</strong></span> <span class='ocrx_word' id='word_1_346' title='bbox 3367 692 3471 747; x_wconf 90' lang='lat' dir='ltr'><strong>hac</strong></span> <span class='ocrx_word' id='word_1_347' title='bbox 3496 693 3644 746; x_wconf 88' lang='lat' dir='ltr'><strong>enim</strong></span> 
     </span>
    </p>
   </div>
   <div class='ocr_carea' id='block_1_50' title="bbox 2070 786 3649 858">
    <p class='ocr_par' dir='ltr' id='par_1_50' title="bbox 2070 786 3649 858">
     <span class='ocr_line' id='line_1_50' title="bbox 2070 786 3649 858; baseline -0.001 -18"><span class='ocrx_word' id='word_1_348' title='bbox 2070 786 2301 858; x_wconf 84' lang='lat' dir='ltr'><strong>synodo,</strong></span> <span class='ocrx_word' id='word_1_349' title='bbox 2333 796 2389 840; x_wconf 90' lang='lat' dir='ltr'><strong>et</strong></span> <span class='ocrx_word' id='word_1_350' title='bbox 2415 787 2648 840; x_wconf 89' lang='lat' dir='ltr'><strong>habente</strong></span> <span class='ocrx_word' id='word_1_351' title='bbox 2674 798 2728 841; x_wconf 91' lang='lat' dir='ltr'><strong>et</strong></span> <span class='ocrx_word' id='word_1_352' title='bbox 2765 786 3018 851; x_wconf 80' lang='lat' dir='ltr'><strong>faciente,</strong></span> <span class='ocrx_word' id='word_1_353' title='bbox 3053 801 3402 856; x_wconf 72' lang='lat' dir='ltr'><strong>quaecunque</strong></span> <span class='ocrx_word' id='word_1_354' title='bbox 3429 793 3649 852; x_wconf 90' lang='lat' dir='ltr'><strong>oporte-</strong></span> 
     </span>
    </p>
   </div>
   <div class='ocr_carea' id='block_1_51' title="bbox 2073 875 3648 948">
    <p class='ocr_par' dir='ltr' id='par_1_51' title="bbox 2073 875 3648 948">
     <span class='ocr_line' id='line_1_51' title="bbox 2073 875 3648 948; baseline -0.001 -17"><span class='ocrx_word' id='word_1_355' title='bbox 2073 885 2156 931; x_wconf 91' lang='lat' dir='ltr'><strong>rct</strong></span> <span class='ocrx_word' id='word_1_356' title='bbox 2176 877 2380 931; x_wconf 88' lang='lat' dir='ltr'><strong>habere</strong></span> <span class='ocrx_word' id='word_1_357' title='bbox 2405 875 2659 932; x_wconf 88' lang='lat' dir='ltr'><strong>etfacere</strong></span> <span class='ocrx_word' id='word_1_358' title='bbox 2685 877 2993 946; x_wconf 74' lang='lat' dir='ltr'><strong>generalem</strong></span> <span class='ocrx_word' id='word_1_359' title='bbox 3015 877 3307 948; x_wconf 81' lang='lat' dir='ltr'><strong>synodum,</strong></span> <span class='ocrx_word' id='word_1_360' title='bbox 3332 877 3648 931; x_wconf 78' lang='lat' dir='ltr'><strong>examinato</strong></span> 
     </span>
    </p>
   </div>
   <div class='ocr_carea' id='block_1_52' title="bbox 2069 968 3650 1038">
    <p class='ocr_par' dir='ltr' id='par_1_52' title="bbox 2069 968 3650 1038">
     <span class='ocr_line' id='line_1_52' title="bbox 2069 968 3650 1038; baseline -0.001 -15"><span class='ocrx_word' id='word_1_361' title='bbox 2069 970 2526 1035; x_wconf 84' lang='lat' dir='ltr'><strong>etdeterminato,</strong></span> <span class='ocrx_word' id='word_1_362' title='bbox 2549 978 2604 1024; x_wconf 91' lang='lat' dir='ltr'><strong>et</strong></span> <span class='ocrx_word' id='word_1_363' title='bbox 2635 984 2701 1024; x_wconf 78' lang='lat' dir='ltr'><strong>ex</strong></span> <span class='ocrx_word' id='word_1_364' title='bbox 2726 968 2870 1024; x_wconf 89' lang='lat' dir='ltr'><strong>Filio</strong></span> <span class='ocrx_word' id='word_1_365' title='bbox 2903 971 3202 1038; x_wconf 87' lang='lat' dir='ltr'><strong>procedere</strong></span> <span class='ocrx_word' id='word_1_366' title='bbox 3226 968 3490 1038; x_wconf 81' lang='lat' dir='ltr'><strong>Spiritum</strong></span> <span class='ocrx_word' id='word_1_367' title='bbox 3519 981 3650 1023; x_wconf 89' lang='lat' dir='ltr'><strong>san-</strong></span> 
     </span>
    </p>
   </div>
   <div class='ocr_carea' id='block_1_53' title="bbox 2071 1060 3650 1130">
    <p class='ocr_par' dir='ltr' id='par_1_53' title="bbox 2071 1060 3650 1130">
     <span class='ocr_line' id='line_1_53' title="bbox 2071 1060 3650 1130; baseline -0.001 -15"><span class='ocrx_word' id='word_1_368' title='bbox 2071 1071 2250 1115; x_wconf 90' lang='lat' dir='ltr'><strong>ctum:</strong></span> <span class='ocrx_word' id='word_1_369' title='bbox 2277 1061 2371 1130; x_wconf 87' lang='lat' dir='ltr'><strong>qui</strong></span> <span class='ocrx_word' id='word_1_370' title='bbox 2400 1061 2504 1116; x_wconf 89' lang='lat' dir='ltr'><strong>hoc</strong></span> <span class='ocrx_word' id='word_1_371' title='bbox 2534 1075 2642 1114; x_wconf 89' lang='lat' dir='ltr'><strong>non</strong></span> <span class='ocrx_word' id='word_1_372' title='bbox 2678 1062 2901 1130; x_wconf 89' lang='lat' dir='ltr'><strong>recipit,</strong></span> <span class='ocrx_word' id='word_1_373' title='bbox 2924 1070 3188 1130; x_wconf 88' lang='lat' dir='ltr'><strong>tanquam</strong></span> <span class='ocrx_word' id='word_1_374' title='bbox 3221 1063 3328 1130; x_wconf 74' lang='lat' dir='ltr'><strong>iam</strong></span> <span class='ocrx_word' id='word_1_375' title='bbox 3363 1060 3650 1115; x_wconf 66' lang='lat' dir='ltr'><strong>catholicae</strong></span> 
     </span>
    </p>
   </div>
   <div class='ocr_carea' id='block_1_54' title="bbox 2073 1153 3650 1222">
    <p class='ocr_par' dir='ltr' id='par_1_54' title="bbox 2073 1153 3650 1222">
     <span class='ocr_line' id='line_1_54' title="bbox 2073 1153 3650 1222; baseline -0.001 -13"><span class='ocrx_word' id='word_1_376' title='bbox 2073 1154 2332 1209; x_wconf 70' lang='lat' dir='ltr'><strong>Ecclesiae</strong></span> <span class='ocrx_word' id='word_1_377' title='bbox 2366 1153 2750 1208; x_wconf 87' lang='lat' dir='ltr'><strong>auctoritatem</strong></span> <span class='ocrx_word' id='word_1_378' title='bbox 2777 1164 2831 1208; x_wconf 86' lang='lat' dir='ltr'><strong>et</strong></span> <span class='ocrx_word' id='word_1_379' title='bbox 2859 1154 3053 1222; x_wconf 90' lang='lat' dir='ltr'><strong>dogma</strong></span> <span class='ocrx_word' id='word_1_380' title='bbox 3095 1163 3471 1215; x_wconf 83' lang='lat' dir='ltr'><strong>contemnens,</strong></span> <span class='ocrx_word' id='word_1_381' title='bbox 3499 1153 3650 1222; x_wconf 77' lang='lat' dir='ltr'><strong>iuste</strong></span> 
     </span>
    </p>
   </div>
   <div class='ocr_carea' id='block_1_55' title="bbox 2071 1244 3650 1315">
    <p class='ocr_par' dir='ltr' id='par_1_55' title="bbox 2071 1244 3650 1315">
     <span class='ocr_line' id='line_1_55' title="bbox 2071 1244 3650 1315; baseline 0.001 -15"><span class='ocrx_word' id='word_1_382' title='bbox 2071 1246 2260 1315; x_wconf 84' lang='lat' dir='ltr'><strong>utique</strong></span> <span class='ocrx_word' id='word_1_383' title='bbox 2277 1253 2333 1300; x_wconf 86' lang='lat' dir='ltr'><strong>et</strong></span> <span class='ocrx_word' id='word_1_384' title='bbox 2355 1244 2951 1313; x_wconf 64' lang='lat' dir='ltr'><strong>meritoscbismaticus</strong></span> <span class='ocrx_word' id='word_1_385' title='bbox 2967 1257 3022 1298; x_wconf 88' lang='lat' dir='ltr'><strong>et</strong></span> <span class='ocrx_word' id='word_1_386' title='bbox 3036 1244 3650 1301; x_wconf 72' lang='lat' dir='ltr'><strong>baereticushabebitur.</strong></span> 
     </span>
    </p>
   </div>
   <div class='ocr_carea' id='block_1_56' title="bbox 2073 1337 3648 1408">
    <p class='ocr_par' dir='ltr' id='par_1_56' title="bbox 2073 1337 3648 1408">
     <span class='ocr_line' id='line_1_56' title="bbox 2073 1337 3648 1408; baseline -0.003 -13"><span class='ocrx_word' id='word_1_387' title='bbox 2073 1339 2138 1394; x_wconf 89' lang='lat' dir='ltr'><strong>Et</strong></span> <span class='ocrx_word' id='word_1_388' title='bbox 2160 1341 2343 1402; x_wconf 89' lang='lat' dir='ltr'><strong>credo,</strong></span> <span class='ocrx_word' id='word_1_389' title='bbox 2372 1340 2517 1406; x_wconf 87' lang='lat' dir='ltr'><strong>quod</strong></span> <span class='ocrx_word' id='word_1_390' title='bbox 2550 1338 2594 1393; x_wconf 87' lang='lat' dir='ltr'><strong>si</strong></span> <span class='ocrx_word' id='word_1_391' title='bbox 2618 1338 2818 1394; x_wconf 82' lang='lat' dir='ltr'><strong>fuisses</strong></span> <span class='ocrx_word' id='word_1_392' title='bbox 2846 1337 2913 1392; x_wconf 86' lang='lat' dir='ltr'><strong>de</strong></span> <span class='ocrx_word' id='word_1_393' title='bbox 2937 1339 3038 1392; x_wconf 89' lang='lat' dir='ltr'><strong>hac</strong></span> <span class='ocrx_word' id='word_1_394' title='bbox 3057 1339 3267 1408; x_wconf 88' lang='lat' dir='ltr'><strong>synodo</strong></span> <span class='ocrx_word' id='word_1_395' title='bbox 3296 1337 3648 1402; x_wconf 88' lang='lat' dir='ltr'><strong>informatus,</strong></span> 
     </span>
    </p>
   </div>
   <div class='ocr_carea' id='block_1_57' title="bbox 2075 1428 3654 1491">
    <p class='ocr_par' dir='ltr' id='par_1_57' title="bbox 2075 1428 3654 1491">
     <span class='ocr_line' id='line_1_57' title="bbox 2075 1428 3654 1491; baseline -0.004 -4"><span class='ocrx_word' id='word_1_396' title='bbox 2075 1448 2182 1487; x_wconf 90' lang='lat' dir='ltr'><strong>non</strong></span> <span class='ocrx_word' id='word_1_397' title='bbox 2207 1432 2384 1486; x_wconf 85' lang='lat' dir='ltr'><strong>adhuc</strong></span> <span class='ocrx_word' id='word_1_398' title='bbox 2417 1431 2696 1486; x_wconf 85' lang='lat' dir='ltr'><strong>videretur</strong></span> <span class='ocrx_word' id='word_1_399' title='bbox 2721 1431 2817 1485; x_wconf 89' lang='lat' dir='ltr'><strong>tibi</strong></span> <span class='ocrx_word' id='word_1_400' title='bbox 2852 1444 2958 1484; x_wconf 91' lang='lat' dir='ltr'><strong>non</strong></span> <span class='ocrx_word' id='word_1_401' title='bbox 2978 1429 3358 1485; x_wconf 85' lang='lat' dir='ltr'><strong>necessarium</strong></span> <span class='ocrx_word' id='word_1_402' title='bbox 3385 1442 3526 1491; x_wconf 88' lang='lat' dir='ltr'><strong>esse,</strong></span> <span class='ocrx_word' id='word_1_403' title='bbox 3545 1428 3654 1481; x_wconf 91' lang='lat' dir='ltr'><strong>hoc</strong></span> 
     </span>
    </p>
   </div>
   <div class='ocr_carea' id='block_1_58' title="bbox 2076 1517 3655 1590">
    <p class='ocr_par' dir='ltr' id='par_1_58' title="bbox 2076 1517 3655 1590">
     <span class='ocr_line' id='line_1_58' title="bbox 2076 1517 3655 1590; baseline -0.006 -14"><span class='ocrx_word' id='word_1_404' title='bbox 2076 1522 2320 1585; x_wconf 88' lang='lat' dir='ltr'><strong>recipere</strong></span> <span class='ocrx_word' id='word_1_405' title='bbox 2356 1523 2573 1590; x_wconf 80' lang='lat' dir='ltr'><strong>dogma.</strong></span> <span class='ocrx_word' id='word_1_406' title='bbox 2601 1519 2666 1574; x_wconf 87' lang='lat' dir='ltr'><strong>Et</strong></span> <span class='ocrx_word' id='word_1_407' title='bbox 2685 1533 2832 1573; x_wconf 87' lang='lat' dir='ltr'><strong>nunc</strong></span> <span class='ocrx_word' id='word_1_408' title='bbox 2860 1519 3082 1589; x_wconf 87' lang='lat' dir='ltr'><strong>quidem</strong></span> <span class='ocrx_word' id='word_1_409' title='bbox 3115 1517 3424 1572; x_wconf 88' lang='lat' dir='ltr'><strong>transmitte</strong></span> <span class='ocrx_word' id='word_1_410' title='bbox 3449 1517 3546 1570; x_wconf 88' lang='lat' dir='ltr'><strong>tibi</strong></span> <span class='ocrx_word' id='word_1_411' title='bbox 3570 1518 3655 1568; x_wconf 78' lang='lat' dir='ltr'><strong>dr-</strong></span> 
     </span>
    </p>
   </div>
   <div class='ocr_carea' id='block_1_59' title="bbox 2078 1604 3655 1680">
    <p class='ocr_par' dir='ltr' id='par_1_59' title="bbox 2078 1604 3655 1680">
     <span class='ocr_line' id='line_1_59' title="bbox 2078 1604 3655 1680; baseline -0.006 -14"><span class='ocrx_word' id='word_1_412' title='bbox 2078 1611 2526 1666; x_wconf 86' lang='lat' dir='ltr'><strong>terminationem</strong></span> <span class='ocrx_word' id='word_1_413' title='bbox 2559 1611 2719 1676; x_wconf 87' lang='lat' dir='ltr'><strong>hujus</strong></span> <span class='ocrx_word' id='word_1_414' title='bbox 2752 1609 2968 1680; x_wconf 79' lang='lat' dir='ltr'><strong>synodi,</strong></span> <span class='ocrx_word' id='word_1_415' title='bbox 3000 1608 3057 1663; x_wconf 91' lang='lat' dir='ltr'><strong>in</strong></span> <span class='ocrx_word' id='word_1_416' title='bbox 3084 1608 3190 1662; x_wconf 78' lang='lat' dir='ltr'><strong>(ine</strong></span> <span class='ocrx_word' id='word_1_417' title='bbox 3233 1607 3480 1677; x_wconf 76' lang='lat' dir='ltr'><strong>epistolae</strong></span> <span class='ocrx_word' id='word_1_418' title='bbox 3516 1604 3655 1660; x_wconf 88' lang='lat' dir='ltr'><strong>scri-</strong></span> 
     </span>
    </p>
   </div>
   <div class='ocr_carea' id='block_1_60' title="bbox 2079 1697 3652 1774">
    <p class='ocr_par' dir='ltr' id='par_1_60' title="bbox 2079 1697 3652 1774">
     <span class='ocr_line' id='line_1_60' title="bbox 2079 1697 3652 1774; baseline -0.008 -16"><span class='ocrx_word' id='word_1_419' title='bbox 2079 1716 2257 1774; x_wconf 86' lang='lat' dir='ltr'><strong>ptam.</strong></span> <span class='ocrx_word' id='word_1_420' title='bbox 2291 1702 2650 1758; x_wconf 81' lang='lat' dir='ltr'><strong>Postmodum</strong></span> <span class='ocrx_word' id='word_1_421' title='bbox 2680 1715 2830 1768; x_wconf 86' lang='lat' dir='ltr'><strong>vero,</strong></span> <span class='ocrx_word' id='word_1_422' title='bbox 2883 1700 2930 1754; x_wconf 87' lang='lat' dir='ltr'><strong>si</strong></span> <span class='ocrx_word' id='word_1_423' title='bbox 2965 1701 3104 1755; x_wconf 88' lang='lat' dir='ltr'><strong>Dens</strong></span> <span class='ocrx_word' id='word_1_424' title='bbox 3147 1699 3411 1764; x_wconf 89' lang='lat' dir='ltr'><strong>voluerit,</strong></span> <span class='ocrx_word' id='word_1_425' title='bbox 3443 1697 3652 1750; x_wconf 85' lang='lat' dir='ltr'><strong>mittam</strong></span> 
     </span>
    </p>
   </div>
   <div class='ocr_carea' id='block_1_61' title="bbox 2079 1786 3653 1863">
    <p class='ocr_par' dir='ltr' id='par_1_61' title="bbox 2079 1786 3653 1863">
     <span class='ocr_line' id='line_1_61' title="bbox 2079 1786 3653 1863; baseline -0.006 -15"><span class='ocrx_word' id='word_1_426' title='bbox 2079 1795 2176 1850; x_wconf 91' lang='lat' dir='ltr'><strong>tibi</strong></span> <span class='ocrx_word' id='word_1_427' title='bbox 2208 1802 2263 1848; x_wconf 89' lang='lat' dir='ltr'><strong>et</strong></span> <span class='ocrx_word' id='word_1_428' title='bbox 2293 1794 2458 1863; x_wconf 84' lang='lat' dir='ltr'><strong>hujus</strong></span> <span class='ocrx_word' id='word_1_429' title='bbox 2484 1801 2604 1848; x_wconf 91' lang='lat' dir='ltr'><strong>acta</strong></span> <span class='ocrx_word' id='word_1_430' title='bbox 2633 1810 2645 1847; x_wconf 92' lang='lat'>:</span> <span class='ocrx_word' id='word_1_431' title='bbox 2679 1807 2746 1846; x_wconf 77' lang='lat' dir='ltr'><strong>ex</strong></span> <span class='ocrx_word' id='word_1_432' title='bbox 2771 1791 2974 1860; x_wconf 88' lang='lat' dir='ltr'><strong>quibus</strong></span> <span class='ocrx_word' id='word_1_433' title='bbox 2998 1791 3142 1846; x_wconf 90' lang='lat' dir='ltr'><strong>scire</strong></span> <span class='ocrx_word' id='word_1_434' title='bbox 3170 1789 3398 1860; x_wconf 88' lang='lat' dir='ltr'><strong>poteris,</strong></span> <span class='ocrx_word' id='word_1_435' title='bbox 3421 1797 3476 1842; x_wconf 90' lang='lat' dir='ltr'><strong>et</strong></span> <span class='ocrx_word' id='word_1_436' title='bbox 3507 1786 3653 1855; x_wconf 74' lang='lat' dir='ltr'><strong>quod</strong></span> 
     </span>
    </p>
   </div>
   <div class='ocr_carea' id='block_1_62' title="bbox 2076 1877 3657 1957">
    <p class='ocr_par' dir='ltr' id='par_1_62' title="bbox 2076 1877 3657 1957">
     <span class='ocr_line' id='line_1_62' title="bbox 2076 1877 3657 1957; baseline -0.008 -18"><span class='ocrx_word' id='word_1_437' title='bbox 2076 1887 2347 1957; x_wconf 81' lang='lat' dir='ltr'><strong>generalis</strong></span> <span class='ocrx_word' id='word_1_438' title='bbox 2373 1884 2554 1947; x_wconf 90' lang='lat' dir='ltr'><strong>fuerit,</strong></span> <span class='ocrx_word' id='word_1_439' title='bbox 2587 1891 2642 1937; x_wconf 90' lang='lat' dir='ltr'><strong>et</strong></span> <span class='ocrx_word' id='word_1_440' title='bbox 2681 1883 2825 1949; x_wconf 87' lang='lat' dir='ltr'><strong>quod</strong></span> <span class='ocrx_word' id='word_1_441' title='bbox 2857 1881 2993 1934; x_wconf 88' lang='lat' dir='ltr'><strong>nihil</strong></span> <span class='ocrx_word' id='word_1_442' title='bbox 3028 1895 3244 1943; x_wconf 88' lang='lat' dir='ltr'><strong>eorum,</strong></span> <span class='ocrx_word' id='word_1_443' title='bbox 3272 1895 3392 1948; x_wconf 76' lang='lat' dir='ltr'><strong>quae</strong></span> <span class='ocrx_word' id='word_1_444' title='bbox 3422 1877 3657 1933; x_wconf 87' lang='lat' dir='ltr'><strong>debebat</strong></span> 
     </span>
    </p>
   </div>
   <div class='ocr_carea' id='block_1_63' title="bbox 2077 1973 3114 2040">
    <p class='ocr_par' dir='ltr' id='par_1_63' title="bbox 2077 1973 3114 2040">
     <span class='ocr_line' id='line_1_63' title="bbox 2077 1973 3114 2040; baseline -0.007 -8"><span class='ocrx_word' id='word_1_445' title='bbox 2077 1979 2279 2033; x_wconf 91' lang='lat' dir='ltr'><strong>habere</strong></span> <span class='ocrx_word' id='word_1_446' title='bbox 2313 1985 2368 2032; x_wconf 90' lang='lat' dir='ltr'><strong>et</strong></span> <span class='ocrx_word' id='word_1_447' title='bbox 2410 1976 2612 2040; x_wconf 85' lang='lat' dir='ltr'><strong>facere,</strong></span> <span class='ocrx_word' id='word_1_448' title='bbox 2643 1973 2848 2028; x_wconf 88' lang='lat' dir='ltr'><strong>omisit.</strong></span> <span class='ocrx_word' id='word_1_449' title='bbox 3103 1973 3114 1982; x_wconf 83' lang='lat'><strong><em>‘</em></strong></span> 
     </span>
    </p>
   </div>
   <div class='ocr_carea' id='block_1_64' title="bbox 2151 2060 3654 2136">
    <p class='ocr_par' dir='ltr' id='par_1_64' title="bbox 2151 2060 3654 2136">
     <span class='ocr_line' id='line_1_64' title="bbox 2151 2060 3654 2136; baseline -0.006 -16"><span class='ocrx_word' id='word_1_450' title='bbox 2151 2068 2224 2123; x_wconf 92' lang='lat' dir='ltr'><strong>De</strong></span> <span class='ocrx_word' id='word_1_451' title='bbox 2245 2066 2588 2136; x_wconf 82' lang='lat' dir='ltr'><strong>expositione</strong></span> <span class='ocrx_word' id='word_1_452' title='bbox 2613 2079 2744 2121; x_wconf 87' lang='lat' dir='ltr'><strong>vero</strong></span> <span class='ocrx_word' id='word_1_453' title='bbox 2765 2061 3153 2118; x_wconf 87' lang='lat' dir='ltr'><strong>nonnullorum</strong></span> <span class='ocrx_word' id='word_1_454' title='bbox 3191 2062 3464 2116; x_wconf 85' lang='lat' dir='ltr'><strong>dictorum</strong></span> <span class='ocrx_word' id='word_1_455' title='bbox 3501 2060 3654 2116; x_wconf 82' lang='lat' dir='ltr'><strong>Scri-</strong></span> 
     </span>
    </p>
   </div>
   <div class='ocr_carea' id='block_1_65' title="bbox 2077 2155 3656 2231">
    <p class='ocr_par' dir='ltr' id='par_1_65' title="bbox 2077 2155 3656 2231">
     <span class='ocr_line' id='line_1_65' title="bbox 2077 2155 3656 2231; baseline -0.003 -16"><span class='ocrx_word' id='word_1_456' title='bbox 2077 2169 2273 2231; x_wconf 69' lang='lat' dir='ltr'><strong>pturaa,</strong></span> <span class='ocrx_word' id='word_1_457' title='bbox 2301 2176 2364 2215; x_wconf 79' lang='lat' dir='ltr'><strong>ex</strong></span> <span class='ocrx_word' id='word_1_458' title='bbox 2405 2159 2606 2228; x_wconf 86' lang='lat' dir='ltr'><strong>quibus</strong></span> <span class='ocrx_word' id='word_1_459' title='bbox 2638 2156 2812 2212; x_wconf 88' lang='lat' dir='ltr'><strong>Latini</strong></span> <span class='ocrx_word' id='word_1_460' title='bbox 2855 2171 3018 2212; x_wconf 90' lang='lat' dir='ltr'><strong>suum</strong></span> <span class='ocrx_word' id='word_1_461' title='bbox 3057 2155 3393 2210; x_wconf 88' lang='lat' dir='ltr'><strong>concludunt</strong></span> <span class='ocrx_word' id='word_1_462' title='bbox 3436 2157 3656 2225; x_wconf 84' lang='lat' dir='ltr'><strong>degma.</strong></span> 
     </span>
    </p>
   </div>
   <div class='ocr_carea' id='block_1_66' title="bbox 2077 2246 3661 2322">
    <p class='ocr_par' dir='ltr' id='par_1_66' title="bbox 2077 2246 3661 2322">
     <span class='ocr_line' id='line_1_66' title="bbox 2077 2246 3661 2322; baseline -0.005 -15"><span class='ocrx_word' id='word_1_463' title='bbox 2077 2253 2145 2307; x_wconf 89' lang='lat' dir='ltr'><strong>de</strong></span> <span class='ocrx_word' id='word_1_464' title='bbox 2173 2251 2374 2322; x_wconf 89' lang='lat' dir='ltr'><strong>quibus</strong></span> <span class='ocrx_word' id='word_1_465' title='bbox 2396 2250 2606 2316; x_wconf 73' lang='lat' dir='ltr'><strong>dixisti,</strong></span> <span class='ocrx_word' id='word_1_466' title='bbox 2639 2257 2861 2320; x_wconf 89' lang='lat' dir='ltr'><strong>propter</strong></span> <span class='ocrx_word' id='word_1_467' title='bbox 2895 2248 3042 2317; x_wconf 87' lang='lat' dir='ltr'><strong>quod</strong></span> <span class='ocrx_word' id='word_1_468' title='bbox 3075 2255 3304 2316; x_wconf 87' lang='lat' dir='ltr'><strong>possunt</strong></span> <span class='ocrx_word' id='word_1_469' title='bbox 3335 2246 3536 2301; x_wconf 88' lang='lat' dir='ltr'><strong>habere</strong></span> <span class='ocrx_word' id='word_1_470' title='bbox 3558 2249 3661 2300; x_wconf 85' lang='lat' dir='ltr'><strong>du-</strong></span> 
     </span>
    </p>
   </div>
   <div class='ocr_carea' id='block_1_67' title="bbox 2079 2339 3658 2416">
    <p class='ocr_par' dir='ltr' id='par_1_67' title="bbox 2079 2339 3658 2416">
     <span class='ocr_line' id='line_1_67' title="bbox 2079 2339 3658 2416; baseline -0.003 -19"><span class='ocrx_word' id='word_1_471' title='bbox 2079 2345 2223 2416; x_wconf 88' lang='lat' dir='ltr'><strong>plam</strong></span> <span class='ocrx_word' id='word_1_472' title='bbox 2256 2344 2676 2415; x_wconf 81' lang='lat' dir='ltr'><strong>expositionem,</strong></span> <span class='ocrx_word' id='word_1_473' title='bbox 2711 2351 2762 2397; x_wconf 93' lang='lat' dir='ltr'><strong>te</strong></span> <span class='ocrx_word' id='word_1_474' title='bbox 2791 2340 3070 2409; x_wconf 84' lang='lat' dir='ltr'><strong>ambigere</strong></span> <span class='ocrx_word' id='word_1_475' title='bbox 3101 2348 3157 2394; x_wconf 91' lang='lat' dir='ltr'><strong>et</strong></span> <span class='ocrx_word' id='word_1_476' title='bbox 3197 2352 3306 2392; x_wconf 91' lang='lat' dir='ltr'><strong>non</strong></span> <span class='ocrx_word' id='word_1_477' title='bbox 3341 2339 3542 2393; x_wconf 86' lang='lat' dir='ltr'><strong>habere</strong></span> <span class='ocrx_word' id='word_1_478' title='bbox 3569 2340 3658 2392; x_wconf 90' lang='lat' dir='ltr'><strong>cui</strong></span> 
     </span>
    </p>
   </div>
   <div class='ocr_carea' id='block_1_68' title="bbox 2079 2416 3658 2508">
    <p class='ocr_par' dir='ltr' id='par_1_68' title="bbox 2079 2416 3658 2508">
     <span class='ocr_line' id='line_1_68' title="bbox 2079 2416 3658 2508; baseline -0.006 -16"><span class='ocrx_word' id='word_1_479' title='bbox 2079 2437 2254 2508; x_wconf 84' lang='lat' dir='ltr'><strong>magis</strong></span> <span class='ocrx_word' id='word_1_480' title='bbox 2295 2434 2617 2492; x_wconf 86' lang='lat' dir='ltr'><strong>assentiaris</strong></span> <span class='ocrx_word' id='word_1_481' title='bbox 2641 2477 2657 2501; x_wconf 95' lang='lat'><strong>,</strong></span> <span class='ocrx_word' id='word_1_482' title='bbox 2691 2442 2844 2502; x_wconf 89' lang='lat' dir='ltr'><strong>potes</strong></span> <span class='ocrx_word' id='word_1_483' title='bbox 2884 2432 3079 2501; x_wconf 91' lang='lat' dir='ltr'><strong>utique</strong></span> <span class='ocrx_word' id='word_1_484' title='bbox 3125 2443 3179 2487; x_wconf 94' lang='lat' dir='ltr'><strong>et</strong></span> <span class='ocrx_word' id='word_1_485' title='bbox 3212 2431 3343 2485; x_wconf 83' lang='lat' dir='ltr'><strong>illud</strong></span> <span class='ocrx_word' id='word_1_486' title='bbox 3397 2416 3658 2498; x_wconf 71' lang='lat' dir='ltr'><strong>cogitare,</strong></span> 
     </span>
    </p>
   </div>
   <div class='ocr_carea' id='block_1_69' title="bbox 2079 2521 3662 2600">
    <p class='ocr_par' dir='ltr' id='par_1_69' title="bbox 2079 2521 3662 2600">
     <span class='ocr_line' id='line_1_69' title="bbox 2079 2521 3662 2600; baseline -0.006 -16"><span class='ocrx_word' id='word_1_487' title='bbox 2079 2529 2225 2600; x_wconf 91' lang='lat' dir='ltr'><strong>quod</strong></span> <span class='ocrx_word' id='word_1_488' title='bbox 2258 2527 2332 2583; x_wconf 91' lang='lat' dir='ltr'><strong>illi</strong></span> <span class='ocrx_word' id='word_1_489' title='bbox 2355 2527 2599 2598; x_wconf 88' lang='lat' dir='ltr'><strong>quidem,</strong></span> <span class='ocrx_word' id='word_1_490' title='bbox 2624 2525 2717 2596; x_wconf 92' lang='lat' dir='ltr'><strong>qui</strong></span> <span class='ocrx_word' id='word_1_491' title='bbox 2745 2533 3030 2595; x_wconf 78' lang='lat' dir='ltr'><strong>exponunt</strong></span> <span class='ocrx_word' id='word_1_492' title='bbox 3063 2526 3203 2594; x_wconf 87' lang='lat' dir='ltr'><strong>ipsa,</strong></span> <span class='ocrx_word' id='word_1_493' title='bbox 3239 2524 3313 2577; x_wconf 91' lang='lat' dir='ltr'><strong>ita</strong></span> <span class='ocrx_word' id='word_1_494' title='bbox 3342 2531 3402 2576; x_wconf 87' lang='lat' dir='ltr'><strong>ut</strong></span> <span class='ocrx_word' id='word_1_495' title='bbox 3436 2521 3662 2576; x_wconf 87' lang='lat' dir='ltr'><strong>conclu-</strong></span> 
     </span>
    </p>
   </div>
   <div class='ocr_carea' id='block_1_70' title="bbox 2080 2613 3657 2688">
    <p class='ocr_par' dir='ltr' id='par_1_70' title="bbox 2080 2613 3657 2688">
     <span class='ocr_line' id='line_1_70' title="bbox 2080 2613 3657 2688; baseline -0.006 -11"><span class='ocrx_word' id='word_1_496' title='bbox 2080 2623 2208 2677; x_wconf 90' lang='lat' dir='ltr'><strong>dant</strong></span> <span class='ocrx_word' id='word_1_497' title='bbox 2231 2630 2284 2676; x_wconf 91' lang='lat' dir='ltr'><strong>et</strong></span> <span class='ocrx_word' id='word_1_498' title='bbox 2302 2636 2365 2676; x_wconf 81' lang='lat' dir='ltr'><strong>ex</strong></span> <span class='ocrx_word' id='word_1_499' title='bbox 2391 2619 2528 2674; x_wconf 85' lang='lat' dir='ltr'><strong>Filio</strong></span> <span class='ocrx_word' id='word_1_500' title='bbox 2549 2617 2816 2688; x_wconf 89' lang='lat' dir='ltr'><strong>Spiritum</strong></span> <span class='ocrx_word' id='word_1_501' title='bbox 2839 2615 3156 2687; x_wconf 87' lang='lat' dir='ltr'><strong>procedere,</strong></span> <span class='ocrx_word' id='word_1_502' title='bbox 3179 2614 3350 2668; x_wconf 81' lang='lat' dir='ltr'><strong>divini</strong></span> <span class='ocrx_word' id='word_1_503' title='bbox 3369 2613 3470 2668; x_wconf 89' lang='lat' dir='ltr'><strong>viri</strong></span> <span class='ocrx_word' id='word_1_504' title='bbox 3492 2622 3657 2668; x_wconf 88' lang='lat' dir='ltr'><strong>sunt:</strong></span> 
     </span>
    </p>
   </div>
   <div class='ocr_carea' id='block_1_71' title="bbox 2082 2705 3662 2775">
    <p class='ocr_par' dir='ltr' id='par_1_71' title="bbox 2082 2705 3662 2775">
     <span class='ocr_line' id='line_1_71' title="bbox 2082 2705 3662 2775; baseline -0.005 -9"><span class='ocrx_word' id='word_1_505' title='bbox 2082 2718 2314 2767; x_wconf 88' lang='lat' dir='ltr'><strong>sanctus</strong></span> <span class='ocrx_word' id='word_1_506' title='bbox 2343 2709 2594 2764; x_wconf 81' lang='lat' dir='ltr'><strong>videlicet</strong></span> <span class='ocrx_word' id='word_1_507' title='bbox 2625 2707 2768 2762; x_wconf 90' lang='lat' dir='ltr'><strong>inter</strong></span> <span class='ocrx_word' id='word_1_508' title='bbox 2802 2707 2937 2761; x_wconf 88' lang='lat' dir='ltr'><strong>alios</strong></span> <span class='ocrx_word' id='word_1_509' title='bbox 2965 2705 3311 2775; x_wconf 80' lang='lat' dir='ltr'><strong>Augustinus</strong></span> <span class='ocrx_word' id='word_1_510' title='bbox 3339 2712 3394 2758; x_wconf 89' lang='lat' dir='ltr'><strong>et</strong></span> <span class='ocrx_word' id='word_1_511' title='bbox 3433 2710 3662 2758; x_wconf 85' lang='lat' dir='ltr'><strong>sanctus</strong></span> 
     </span>
    </p>
   </div>
   <div class='ocr_carea' id='block_1_72' title="bbox 2081 2794 3662 2876">
    <p class='ocr_par' dir='ltr' id='par_1_72' title="bbox 2081 2794 3662 2876">
     <span class='ocr_line' id='line_1_72' title="bbox 2081 2794 3662 2876; baseline -0.009 -14"><span class='ocrx_word' id='word_1_512' title='bbox 2081 2803 2341 2876; x_wconf 85' lang='lat' dir='ltr'><strong>Cyrillus.</strong></span> <span class='ocrx_word' id='word_1_513' title='bbox 2377 2801 2530 2857; x_wconf 82' lang='lat' dir='ltr'><strong>Alios</strong></span> <span class='ocrx_word' id='word_1_514' title='bbox 2556 2799 2703 2855; x_wconf 86' lang='lat' dir='ltr'><strong>enim</strong></span> <span class='ocrx_word' id='word_1_515' title='bbox 2731 2797 3054 2852; x_wconf 80' lang='lat' dir='ltr'><strong>Latinorum</strong></span> <span class='ocrx_word' id='word_1_516' title='bbox 3093 2805 3433 2862; x_wconf 87' lang='lat' dir='ltr'><strong>sanctorum,</strong></span> <span class='ocrx_word' id='word_1_517' title='bbox 3461 2794 3555 2863; x_wconf 90' lang='lat' dir='ltr'><strong>qui</strong></span> <span class='ocrx_word' id='word_1_518' title='bbox 3585 2797 3662 2849; x_wconf 91' lang='lat' dir='ltr'><strong>si-</strong></span> 
     </span>
    </p>
   </div>
   <div class='ocr_carea' id='block_1_73' title="bbox 2083 2885 3657 2960">
    <p class='ocr_par' dir='ltr' id='par_1_73' title="bbox 2083 2885 3657 2960">
     <span class='ocr_line' id='line_1_73' title="bbox 2083 2885 3657 2960; baseline -0.009 -8"><span class='ocrx_word' id='word_1_519' title='bbox 2083 2895 2290 2953; x_wconf 85' lang='lat' dir='ltr'><strong>militer</strong></span> <span class='ocrx_word' id='word_1_520' title='bbox 2321 2894 2511 2948; x_wconf 88' lang='lat' dir='ltr'><strong>eadem</strong></span> <span class='ocrx_word' id='word_1_521' title='bbox 2560 2899 2953 2960; x_wconf 84' lang='lat' dir='ltr'><strong>exposuerunt,</strong></span> <span class='ocrx_word' id='word_1_522' title='bbox 2991 2889 3204 2944; x_wconf 88' lang='lat' dir='ltr'><strong>omitto.</strong></span> <span class='ocrx_word' id='word_1_523' title='bbox 3255 2885 3473 2942; x_wconf 75' lang='lat' dir='ltr'><strong>Videris</strong></span> <span class='ocrx_word' id='word_1_524' title='bbox 3511 2886 3657 2941; x_wconf 91' lang='lat' dir='ltr'><strong>enim</strong></span> 
     </span>
    </p>
   </div>
   <div class='ocr_carea' id='block_1_74' title="bbox 2084 2975 3712 3048">
    <p class='ocr_par' dir='ltr' id='par_1_74' title="bbox 2084 2975 3712 3048">
     <span class='ocr_line' id='line_1_74' title="bbox 2084 2975 3712 3048; baseline -0.009 -6"><span class='ocrx_word' id='word_1_525' title='bbox 2084 3001 2178 3042; x_wconf 90' lang='lat' dir='ltr'><strong>eos</strong></span> <span class='ocrx_word' id='word_1_526' title='bbox 2204 2984 2431 3040; x_wconf 88' lang='lat' dir='ltr'><strong>minimc</strong></span> <span class='ocrx_word' id='word_1_527' title='bbox 2461 2983 2757 3037; x_wconf 89' lang='lat' dir='ltr'><strong>invenisse.</strong></span> <span class='ocrx_word' id='word_1_528' title='bbox 2794 2979 2873 3032; x_wconf 87' lang='lat' dir='ltr'><strong>illi</strong></span> <span class='ocrx_word' id='word_1_529' title='bbox 2906 2993 3038 3032; x_wconf 89' lang='lat' dir='ltr'><strong>vero</strong></span> <span class='ocrx_word' id='word_1_530' title='bbox 3071 2979 3166 3048; x_wconf 90' lang='lat' dir='ltr'><strong>qui</strong></span> <span class='ocrx_word' id='word_1_531' title='bbox 3197 2977 3386 3032; x_wconf 88' lang='lat' dir='ltr'><strong>eadem</strong></span> <span class='ocrx_word' id='word_1_532' title='bbox 3410 2977 3527 3046; x_wconf 87' lang='lat' dir='ltr'><strong>ipsa</strong></span> <span class='ocrx_word' id='word_1_533' title='bbox 3561 2975 3662 3029; x_wconf 83' lang='lat' dir='ltr'><strong>ali-</strong></span> <span class='ocrx_word' id='word_1_534' title='bbox 3710 3036 3712 3038; x_wconf 24' lang='grc' dir='ltr'><strong><em>τ</em></strong></span> 
     </span>
    </p>
   </div>
   <div class='ocr_carea' id='block_1_75' title="bbox 2086 3067 3664 3143">
    <p class='ocr_par' dir='ltr' id='par_1_75' title="bbox 2086 3067 3664 3143">
     <span class='ocr_line' id='line_1_75' title="bbox 2086 3067 3664 3143; baseline -0.008 -10"><span class='ocrx_word' id='word_1_535' title='bbox 2086 3086 2166 3133; x_wconf 90' lang='lat' dir='ltr'><strong>ter</strong></span> <span class='ocrx_word' id='word_1_536' title='bbox 2194 3081 2494 3143; x_wconf 85' lang='lat' dir='ltr'><strong>exponunt.</strong></span> <span class='ocrx_word' id='word_1_537' title='bbox 2520 3071 2780 3127; x_wconf 87' lang='lat' dir='ltr'><strong>addentes</strong></span> <span class='ocrx_word' id='word_1_538' title='bbox 2800 3071 2850 3124; x_wconf 93' lang='lat' dir='ltr'><strong>id</strong></span> <span class='ocrx_word' id='word_1_539' title='bbox 2881 3070 3080 3138; x_wconf 89' lang='lat' dir='ltr'><strong>ipsum,</strong></span> <span class='ocrx_word' id='word_1_540' title='bbox 3105 3067 3329 3122; x_wconf 89' lang='lat' dir='ltr'><strong>minime</strong></span> <span class='ocrx_word' id='word_1_541' title='bbox 3355 3081 3515 3136; x_wconf 87' lang='lat' dir='ltr'><strong>posse</strong></span> <span class='ocrx_word' id='word_1_542' title='bbox 3541 3080 3664 3122; x_wconf 90' lang='lat' dir='ltr'><strong>esse</strong></span> 
     </span>
    </p>
   </div>
   <div class='ocr_carea' id='block_1_76' title="bbox 2009 3156 3662 3237">
    <p class='ocr_par' dir='ltr' id='par_1_76' title="bbox 2009 3156 3662 3237">
     <span class='ocr_line' id='line_1_76' title="bbox 2009 3156 3662 3237; baseline -0.008 -12"><span class='ocrx_word' id='word_1_543' title='bbox 2009 3172 2056 3237; x_wconf 85' lang='lat' dir='ltr'><strong><em>C</em></strong></span> <span class='ocrx_word' id='word_1_544' title='bbox 2089 3167 2255 3224; x_wconf 88' lang='lat' dir='ltr'><strong>alium</strong></span> <span class='ocrx_word' id='word_1_545' title='bbox 2297 3165 2616 3223; x_wconf 85' lang='lat' dir='ltr'><strong>eorttmdcm</strong></span> <span class='ocrx_word' id='word_1_546' title='bbox 2652 3171 2848 3233; x_wconf 61' lang='lat' dir='ltr'><strong>praeter</strong></span> <span class='ocrx_word' id='word_1_547' title='bbox 2882 3161 3028 3215; x_wconf 88' lang='lat' dir='ltr'><strong>hunc</strong></span> <span class='ocrx_word' id='word_1_548' title='bbox 3076 3159 3437 3221; x_wconf 90' lang='lat' dir='ltr'><strong>intellectum,</strong></span> <span class='ocrx_word' id='word_1_549' title='bbox 3485 3156 3662 3211; x_wconf 65' lang='lat' dir='ltr'><strong>Graeci</strong></span> 
     </span>
    </p>
   </div>
   <div class='ocr_carea' id='block_1_77' title="bbox 2086 3249 3666 3331">
    <p class='ocr_par' dir='ltr' id='par_1_77' title="bbox 2086 3249 3666 3331">
     <span class='ocr_line' id='line_1_77' title="bbox 2086 3249 3666 3331; baseline -0.011 -13"><span class='ocrx_word' id='word_1_550' title='bbox 2086 3272 2216 3318; x_wconf 90' lang='lat' dir='ltr'><strong>sunt</strong></span> <span class='ocrx_word' id='word_1_551' title='bbox 2243 3277 2258 3316; x_wconf 91' lang='lat'><strong>:</strong></span> <span class='ocrx_word' id='word_1_552' title='bbox 2289 3259 2384 3331; x_wconf 86' lang='lat' dir='ltr'><strong>qui</strong></span> <span class='ocrx_word' id='word_1_553' title='bbox 2420 3267 2541 3327; x_wconf 88' lang='lat' dir='ltr'><strong>post</strong></span> <span class='ocrx_word' id='word_1_554' title='bbox 2571 3257 2810 3314; x_wconf 87' lang='lat' dir='ltr'><strong>schisma</strong></span> <span class='ocrx_word' id='word_1_555' title='bbox 2840 3253 3050 3308; x_wconf 86' lang='lat' dir='ltr'><strong>Latinis</strong></span> <span class='ocrx_word' id='word_1_556' title='bbox 3071 3252 3476 3307; x_wconf 89' lang='lat' dir='ltr'><strong>contradicunt.</strong></span> <span class='ocrx_word' id='word_1_557' title='bbox 3517 3249 3666 3314; x_wconf 86' lang='lat' dir='ltr'><strong>Quo-</strong></span> 
     </span>
    </p>
   </div>
   <div class='ocr_carea' id='block_1_78' title="bbox 2086 3338 3668 3420">
    <p class='ocr_par' dir='ltr' id='par_1_78' title="bbox 2086 3338 3668 3420">
     <span class='ocr_line' id='line_1_78' title="bbox 2086 3338 3668 3420; baseline -0.009 -12"><span class='ocrx_word' id='word_1_558' title='bbox 2086 3354 2236 3408; x_wconf 89' lang='lat' dir='ltr'><strong>niam</strong></span> <span class='ocrx_word' id='word_1_559' title='bbox 2292 3350 2636 3420; x_wconf 90' lang='lat' dir='ltr'><strong>antiquiores</strong></span> <span class='ocrx_word' id='word_1_560' title='bbox 2689 3347 2886 3414; x_wconf 69' lang='lat' dir='ltr'><strong>Graaci,</strong></span> <span class='ocrx_word' id='word_1_561' title='bbox 2935 3347 3028 3416; x_wconf 90' lang='lat' dir='ltr'><strong>qui</strong></span> <span class='ocrx_word' id='word_1_562' title='bbox 3077 3345 3332 3401; x_wconf 87' lang='lat' dir='ltr'><strong>similiter</strong></span> <span class='ocrx_word' id='word_1_563' title='bbox 3388 3338 3668 3397; x_wconf 88' lang='lat' dir='ltr'><strong>modernis</strong></span> 
     </span>
    </p>
   </div>
   <div class='ocr_carea' id='block_1_79' title="bbox 2085 3434 3670 3509">
    <p class='ocr_par' dir='ltr' id='par_1_79' title="bbox 2085 3434 3670 3509">
     <span class='ocr_line' id='line_1_79' title="bbox 2085 3434 3670 3509; baseline -0.011 -8"><span class='ocrx_word' id='word_1_564' title='bbox 2085 3443 2291 3502; x_wconf 61' lang='lat' dir='ltr'><strong>Graecis</strong></span> <span class='ocrx_word' id='word_1_565' title='bbox 2328 3441 2520 3497; x_wconf 87' lang='lat' dir='ltr'><strong>eadem</strong></span> <span class='ocrx_word' id='word_1_566' title='bbox 2561 3447 2864 3509; x_wconf 84' lang='lat' dir='ltr'><strong>exponunt,</strong></span> <span class='ocrx_word' id='word_1_567' title='bbox 2897 3439 3051 3493; x_wconf 89' lang='lat' dir='ltr'><strong>nullo</strong></span> <span class='ocrx_word' id='word_1_568' title='bbox 3099 3437 3261 3491; x_wconf 91' lang='lat' dir='ltr'><strong>modo</strong></span> <span class='ocrx_word' id='word_1_569' title='bbox 3301 3435 3533 3498; x_wconf 91' lang='lat' dir='ltr'><strong>addunt,</strong></span> <span class='ocrx_word' id='word_1_570' title='bbox 3569 3434 3670 3485; x_wconf 89' lang='lat' dir='ltr'><strong>im-</strong></span> 
     </span>
    </p>
   </div>
   <div class='ocr_carea' id='block_1_80' title="bbox 2086 3523 3668 3604">
    <p class='ocr_par' dir='ltr' id='par_1_80' title="bbox 2086 3523 3668 3604">
     <span class='ocr_line' id='line_1_80' title="bbox 2086 3523 3668 3604; baseline -0.005 -18"><span class='ocrx_word' id='word_1_571' title='bbox 2086 3530 2351 3604; x_wconf 80' lang='lat' dir='ltr'><strong>possibile</strong></span> <span class='ocrx_word' id='word_1_572' title='bbox 2406 3529 2726 3586; x_wconf 89' lang='lat' dir='ltr'><strong>eorumdem</strong></span> <span class='ocrx_word' id='word_1_573' title='bbox 2778 3537 2833 3583; x_wconf 93' lang='lat' dir='ltr'><strong>et</strong></span> <span class='ocrx_word' id='word_1_574' title='bbox 2875 3528 3042 3582; x_wconf 89' lang='lat' dir='ltr'><strong>alium</strong></span> <span class='ocrx_word' id='word_1_575' title='bbox 3083 3540 3208 3582; x_wconf 86' lang='lat' dir='ltr'><strong>esse</strong></span> <span class='ocrx_word' id='word_1_576' title='bbox 3260 3540 3506 3580; x_wconf 89' lang='lat' dir='ltr'><strong>sensum.</strong></span> <span class='ocrx_word' id='word_1_577' title='bbox 3545 3523 3668 3578; x_wconf 74' lang='lat' dir='ltr'><strong>Scis</strong></span> 
     </span>
    </p>
   </div>
   <div class='ocr_carea' id='block_1_81' title="bbox 2088 3614 3668 3694">
    <p class='ocr_par' dir='ltr' id='par_1_81' title="bbox 2088 3614 3668 3694">
     <span class='ocr_line' id='line_1_81' title="bbox 2088 3614 3668 3694; baseline -0.006 -17"><span class='ocrx_word' id='word_1_578' title='bbox 2088 3625 2310 3694; x_wconf 87' lang='lat' dir='ltr'><strong>quippe,</strong></span> <span class='ocrx_word' id='word_1_579' title='bbox 2346 3621 2492 3692; x_wconf 87' lang='lat' dir='ltr'><strong>quod</strong></span> <span class='ocrx_word' id='word_1_580' title='bbox 2526 3619 2694 3675; x_wconf 88' lang='lat' dir='ltr'><strong>nimis</strong></span> <span class='ocrx_word' id='word_1_581' title='bbox 2734 3619 2787 3674; x_wconf 91' lang='lat' dir='ltr'><strong>in</strong></span> <span class='ocrx_word' id='word_1_582' title='bbox 2817 3618 3005 3674; x_wconf 90' lang='lat' dir='ltr'><strong>multis</strong></span> <span class='ocrx_word' id='word_1_583' title='bbox 3044 3625 3225 3689; x_wconf 89' lang='lat' dir='ltr'><strong>potest</strong></span> <span class='ocrx_word' id='word_1_584' title='bbox 3275 3614 3420 3681; x_wconf 79' lang='lat' dir='ltr'><strong>fieri,</strong></span> <span class='ocrx_word' id='word_1_585' title='bbox 3448 3625 3668 3671; x_wconf 83' lang='lat' dir='ltr'><strong>eorum-</strong></span> 
     </span>
    </p>
   </div>
   <div class='ocr_carea' id='block_1_82' title="bbox 2089 3707 3666 3779">
    <p class='ocr_par' dir='ltr' id='par_1_82' title="bbox 2089 3707 3666 3779">
     <span class='ocr_line' id='line_1_82' title="bbox 2089 3707 3666 3779; baseline -0.006 -8"><span class='ocrx_word' id='word_1_586' title='bbox 2089 3715 2213 3771; x_wconf 90' lang='lat' dir='ltr'><strong>dem</strong></span> <span class='ocrx_word' id='word_1_587' title='bbox 2237 3715 2485 3770; x_wconf 89' lang='lat' dir='ltr'><strong>diversos</strong></span> <span class='ocrx_word' id='word_1_588' title='bbox 2503 3728 2626 3768; x_wconf 89' lang='lat' dir='ltr'><strong>esse</strong></span> <span class='ocrx_word' id='word_1_589' title='bbox 2657 3711 2985 3772; x_wconf 89' lang='lat' dir='ltr'><strong>intellectus,</strong></span> <span class='ocrx_word' id='word_1_590' title='bbox 3018 3725 3126 3765; x_wconf 88' lang='lat' dir='ltr'><strong>non</strong></span> <span class='ocrx_word' id='word_1_591' title='bbox 3149 3719 3515 3779; x_wconf 75' lang='lat' dir='ltr'><strong>repugnantes</strong></span> <span class='ocrx_word' id='word_1_592' title='bbox 3537 3707 3666 3771; x_wconf 86' lang='lat' dir='ltr'><strong>sibi,</strong></span> 
     </span>
    </p>
   </div>
   <div class='ocr_carea' id='block_1_83' title="bbox 2087 3799 3666 3873">
    <p class='ocr_par' dir='ltr' id='par_1_83' title="bbox 2087 3799 3666 3873">
     <span class='ocr_line' id='line_1_83' title="bbox 2087 3799 3666 3873; baseline -0.008 -10"><span class='ocrx_word' id='word_1_593' title='bbox 2087 3815 2143 3863; x_wconf 91' lang='lat' dir='ltr'><strong>et</strong></span> <span class='ocrx_word' id='word_1_594' title='bbox 2168 3821 2275 3860; x_wconf 90' lang='lat' dir='ltr'><strong>non</strong></span> <span class='ocrx_word' id='word_1_595' title='bbox 2306 3821 2497 3862; x_wconf 89' lang='lat' dir='ltr'><strong>omnes</strong></span> <span class='ocrx_word' id='word_1_596' title='bbox 2515 3805 2584 3860; x_wconf 89' lang='lat' dir='ltr'><strong>ab</strong></span> <span class='ocrx_word' id='word_1_597' title='bbox 2607 3803 2865 3860; x_wconf 89' lang='lat' dir='ltr'><strong>omnibus</strong></span> <span class='ocrx_word' id='word_1_598' title='bbox 2895 3802 3093 3873; x_wconf 89' lang='lat' dir='ltr'><strong>aperiri</strong></span> <span class='ocrx_word' id='word_1_599' title='bbox 3117 3841 3133 3868; x_wconf 95' lang='lat'><strong>,</strong></span> <span class='ocrx_word' id='word_1_600' title='bbox 3160 3801 3252 3856; x_wconf 90' lang='lat' dir='ltr'><strong>sed</strong></span> <span class='ocrx_word' id='word_1_601' title='bbox 3273 3799 3412 3855; x_wconf 84' lang='lat' dir='ltr'><strong>alios</strong></span> <span class='ocrx_word' id='word_1_602' title='bbox 3434 3799 3503 3854; x_wconf 88' lang='lat' dir='ltr'><strong>ab</strong></span> <span class='ocrx_word' id='word_1_603' title='bbox 3522 3799 3666 3852; x_wconf 87' lang='lat' dir='ltr'><strong>aliis.</strong></span> 
     </span>
    </p>
   </div>
   <div class='ocr_carea' id='block_1_84' title="bbox 2090 3891 3667 3968">
    <p class='ocr_par' dir='ltr' id='par_1_84' title="bbox 2090 3891 3667 3968">
     <span class='ocr_line' id='line_1_84' title="bbox 2090 3891 3667 3968; baseline -0.006 -14"><span class='ocrx_word' id='word_1_604' title='bbox 2090 3899 2293 3966; x_wconf 83' lang='lat' dir='ltr'><strong>Quales</strong></span> <span class='ocrx_word' id='word_1_605' title='bbox 2320 3905 2448 3954; x_wconf 90' lang='lat' dir='ltr'><strong>sunt</strong></span> <span class='ocrx_word' id='word_1_606' title='bbox 2471 3893 3261 3968; x_wconf 86' lang='lat' dir='ltr'><strong>repugnantesintellectus,et</strong></span> <span class='ocrx_word' id='word_1_607' title='bbox 3289 3901 3345 3948; x_wconf 92' lang='lat' dir='ltr'><strong>tu</strong></span> <span class='ocrx_word' id='word_1_608' title='bbox 3378 3891 3667 3946; x_wconf 78' lang='lat' dir='ltr'><strong>ostendisti</strong></span> 
     </span>
    </p>
   </div>
   <div class='ocr_carea' id='block_1_85' title="bbox 2091 3985 3670 4061">
    <p class='ocr_par' dir='ltr' id='par_1_85' title="bbox 2091 3985 3670 4061">
     <span class='ocr_line' id='line_1_85' title="bbox 2091 3985 3670 4061; baseline -0.006 -14"><span class='ocrx_word' id='word_1_609' title='bbox 2091 3993 2146 4048; x_wconf 90' lang='lat' dir='ltr'><strong>in</strong></span> <span class='ocrx_word' id='word_1_610' title='bbox 2175 3991 2420 4061; x_wconf 90' lang='lat' dir='ltr'><strong>pluribus</strong></span> <span class='ocrx_word' id='word_1_611' title='bbox 2451 3988 2611 4044; x_wconf 87' lang='lat' dir='ltr'><strong>dictis</strong></span> <span class='ocrx_word' id='word_1_612' title='bbox 2643 3997 2697 4043; x_wconf 89' lang='lat' dir='ltr'><strong>et</strong></span> <span class='ocrx_word' id='word_1_613' title='bbox 2719 3987 2894 4059; x_wconf 87' lang='lat' dir='ltr'><strong>magis</strong></span> <span class='ocrx_word' id='word_1_614' title='bbox 2926 3989 2991 4042; x_wconf 91' lang='lat' dir='ltr'><strong>ad</strong></span> <span class='ocrx_word' id='word_1_615' title='bbox 3018 3985 3450 4042; x_wconf 85' lang='lat' dir='ltr'><strong>concludendam</strong></span> <span class='ocrx_word' id='word_1_616' title='bbox 3481 3999 3670 4039; x_wconf 83' lang='lat' dir='ltr'><strong>neces-</strong></span> 
     </span>
    </p>
   </div>
   <div class='ocr_carea' id='block_1_86' title="bbox 2092 4076 3670 4152">
    <p class='ocr_par' dir='ltr' id='par_1_86' title="bbox 2092 4076 3670 4152">
     <span class='ocr_line' id='line_1_86' title="bbox 2092 4076 3670 4152; baseline -0.006 -13"><span class='ocrx_word' id='word_1_617' title='bbox 2092 4085 2256 4139; x_wconf 89' lang='lat' dir='ltr'><strong>sariis</strong></span> <span class='ocrx_word' id='word_1_618' title='bbox 2283 4097 2349 4138; x_wconf 81' lang='lat' dir='ltr'><strong>ex</strong></span> <span class='ocrx_word' id='word_1_619' title='bbox 2373 4081 2454 4138; x_wconf 88' lang='lat' dir='ltr'><strong>eis</strong></span> <span class='ocrx_word' id='word_1_620' title='bbox 2484 4081 2806 4136; x_wconf 88' lang='lat' dir='ltr'><strong>Latinorum</strong></span> <span class='ocrx_word' id='word_1_621' title='bbox 2837 4079 3269 4135; x_wconf 86' lang='lat' dir='ltr'><strong>conclusionem.</strong></span> <span class='ocrx_word' id='word_1_622' title='bbox 3303 4076 3670 4152; x_wconf 72' lang='lat' dir='ltr'><strong>Admittentes</strong></span> 
     </span>
    </p>
   </div>
   <div class='ocr_carea' id='block_1_87' title="bbox 2091 4170 3670 4246">
    <p class='ocr_par' dir='ltr' id='par_1_87' title="bbox 2091 4170 3670 4246">
     <span class='ocr_line' id='line_1_87' title="bbox 2091 4170 3670 4246; baseline -0.007 -15"><span class='ocrx_word' id='word_1_623' title='bbox 2091 4177 2235 4231; x_wconf 87' lang='lat' dir='ltr'><strong>enim</strong></span> <span class='ocrx_word' id='word_1_624' title='bbox 2271 4175 2451 4230; x_wconf 88' lang='lat' dir='ltr'><strong>Latini</strong></span> <span class='ocrx_word' id='word_1_625' title='bbox 2485 4173 2783 4246; x_wconf 82' lang='lat' dir='ltr'><strong>integre,et</strong></span> <span class='ocrx_word' id='word_1_626' title='bbox 2814 4173 2993 4239; x_wconf 89' lang='lat' dir='ltr'><strong>illum,</strong></span> <span class='ocrx_word' id='word_1_627' title='bbox 3015 4186 3179 4242; x_wconf 91' lang='lat' dir='ltr'><strong>quem</strong></span> <span class='ocrx_word' id='word_1_628' title='bbox 3215 4170 3424 4234; x_wconf 78' lang='lat' dir='ltr'><strong>dixisti,</strong></span> <span class='ocrx_word' id='word_1_629' title='bbox 3449 4184 3670 4222; x_wconf 80' lang='lat' dir='ltr'><strong>eorum-</strong></span> 
     </span>
    </p>
   </div>
   <div class='ocr_carea' id='block_1_88' title="bbox 2093 4261 3666 4335">
    <p class='ocr_par' dir='ltr' id='par_1_88' title="bbox 2093 4261 3666 4335">
     <span class='ocr_line' id='line_1_88' title="bbox 2093 4261 3666 4335; baseline -0.005 -14"><span class='ocrx_word' id='word_1_630' title='bbox 2093 4267 2214 4321; x_wconf 92' lang='lat' dir='ltr'><strong>dem</strong></span> <span class='ocrx_word' id='word_1_631' title='bbox 2241 4280 2406 4335; x_wconf 90' lang='lat' dir='ltr'><strong>posse</strong></span> <span class='ocrx_word' id='word_1_632' title='bbox 2435 4264 2552 4320; x_wconf 85' lang='lat' dir='ltr'><strong>fieri</strong></span> <span class='ocrx_word' id='word_1_633' title='bbox 2574 4265 2742 4319; x_wconf 91' lang='lat' dir='ltr'><strong>alium</strong></span> <span class='ocrx_word' id='word_1_634' title='bbox 2767 4277 3013 4327; x_wconf 83' lang='lat' dir='ltr'><strong>sensum,</strong></span> <span class='ocrx_word' id='word_1_635' title='bbox 3043 4263 3116 4317; x_wconf 90' lang='lat' dir='ltr'><strong>ita</strong></span> <span class='ocrx_word' id='word_1_636' title='bbox 3148 4277 3307 4316; x_wconf 85' lang='lat' dir='ltr'><strong>suum</strong></span> <span class='ocrx_word' id='word_1_637' title='bbox 3340 4261 3666 4315; x_wconf 87' lang='lat' dir='ltr'><strong>habuerunt.</strong></span> 
     </span>
    </p>
   </div>
   <div class='ocr_carea' id='block_1_89' title="bbox 2089 4353 3671 4424">
    <p class='ocr_par' dir='ltr' id='par_1_89' title="bbox 2089 4353 3671 4424">
     <span class='ocr_line' id='line_1_89' title="bbox 2089 4353 3671 4424; baseline -0.003 -13"><span class='ocrx_word' id='word_1_638' title='bbox 2089 4358 2274 4424; x_wconf 87' lang='lat' dir='ltr'><strong>Quare</strong></span> <span class='ocrx_word' id='word_1_639' title='bbox 2290 4373 2413 4412; x_wconf 91' lang='lat' dir='ltr'><strong>cum</strong></span> <span class='ocrx_word' id='word_1_640' title='bbox 2433 4356 2610 4412; x_wconf 86' lang='lat' dir='ltr'><strong>sancti</strong></span> <span class='ocrx_word' id='word_1_641' title='bbox 2631 4365 2683 4410; x_wconf 90' lang='lat' dir='ltr'><strong>et</strong></span> <span class='ocrx_word' id='word_1_642' title='bbox 2704 4355 2846 4410; x_wconf 88' lang='lat' dir='ltr'><strong>beati</strong></span> <span class='ocrx_word' id='word_1_643' title='bbox 2863 4355 2985 4419; x_wconf 86' lang='lat' dir='ltr'><strong>viri,</strong></span> <span class='ocrx_word' id='word_1_644' title='bbox 3007 4355 3098 4422; x_wconf 88' lang='lat' dir='ltr'><strong>qui</strong></span> <span class='ocrx_word' id='word_1_645' title='bbox 3122 4367 3351 4422; x_wconf 83' lang='lat' dir='ltr'><strong>utroque</strong></span> <span class='ocrx_word' id='word_1_646' title='bbox 3383 4355 3545 4408; x_wconf 91' lang='lat' dir='ltr'><strong>modo</strong></span> <span class='ocrx_word' id='word_1_647' title='bbox 3572 4353 3671 4407; x_wconf 92' lang='lat' dir='ltr'><strong>hu-</strong></span> 
     </span>
    </p>
   </div>
   <div class='ocr_carea' id='block_1_90' title="bbox 2090 4444 3672 4518">
    <p class='ocr_par' dir='ltr' id='par_1_90' title="bbox 2090 4444 3672 4518">
     <span class='ocr_line' id='line_1_90' title="bbox 2090 4444 3672 4518; baseline 0.002 -23"><span class='ocrx_word' id='word_1_648' title='bbox 2090 4445 2328 4518; x_wconf 86' lang='lat' dir='ltr'><strong>jnsmodi</strong></span> <span class='ocrx_word' id='word_1_649' title='bbox 2359 4445 2508 4500; x_wconf 89' lang='lat' dir='ltr'><strong>dicta</strong></span> <span class='ocrx_word' id='word_1_650' title='bbox 2540 4446 2870 4516; x_wconf 88' lang='lat' dir='ltr'><strong>intelligunt,</strong></span> <span class='ocrx_word' id='word_1_651' title='bbox 2892 4456 2944 4500; x_wconf 91' lang='lat' dir='ltr'><strong>et</strong></span> <span class='ocrx_word' id='word_1_652' title='bbox 2969 4461 3032 4500; x_wconf 80' lang='lat' dir='ltr'><strong>ex</strong></span> <span class='ocrx_word' id='word_1_653' title='bbox 3055 4444 3191 4500; x_wconf 86' lang='lat' dir='ltr'><strong>Filio</strong></span> <span class='ocrx_word' id='word_1_654' title='bbox 3212 4447 3508 4513; x_wconf 79' lang='lat' dir='ltr'><strong>procedere</strong></span> <span class='ocrx_word' id='word_1_655' title='bbox 3547 4445 3672 4514; x_wconf 83' lang='lat' dir='ltr'><strong>Spi-</strong></span> 
     </span>
    </p>
   </div>
   <div class='ocr_carea' id='block_1_91' title="bbox 421 4531 3673 4614">
    <p class='ocr_par' dir='ltr' id='par_1_91' title="bbox 421 4531 3673 4614">
     <span class='ocr_line' id='line_1_91' title="bbox 421 4531 3673 4614; baseline -0 -20"><span class='ocrx_word' id='word_1_656' title='bbox 421 4543 716 4614; x_wconf 88' lang='lat' dir='ltr'><strong>prucedere</strong></span> <span class='ocrx_word' id='word_1_657' title='bbox 747 4540 1010 4612; x_wconf 89' lang='lat' dir='ltr'><strong>Spiritum</strong></span> <span class='ocrx_word' id='word_1_658' title='bbox 1037 4551 1288 4599; x_wconf 82' lang='lat' dir='ltr'><strong>sanctum</strong></span> <span class='ocrx_word' id='word_1_659' title='bbox 1309 4542 1726 4607; x_wconf 78' lang='lat' dir='ltr'><strong>duxerunt,tria</strong></span> <span class='ocrx_word' id='word_1_660' title='bbox 1755 4544 1994 4599; x_wconf 81' lang='lat' dir='ltr'><strong>maxime</strong></span> <span class='ocrx_word' id='word_1_661' title='bbox 2021 4531 2071 4592; x_wconf 80' lang='grc' dir='ltr'><strong>ἰ)</strong></span> <span class='ocrx_word' id='word_1_662' title='bbox 2097 4542 2260 4595; x_wconf 87' lang='lat' dir='ltr'><strong>ritum</strong></span> <span class='ocrx_word' id='word_1_663' title='bbox 2284 4549 2533 4594; x_wconf 90' lang='lat' dir='ltr'><strong>sanctum</strong></span> <span class='ocrx_word' id='word_1_664' title='bbox 2575 4553 2640 4593; x_wconf 82' lang='lat' dir='ltr'><strong>ex</strong></span> <span class='ocrx_word' id='word_1_665' title='bbox 2679 4538 2812 4607; x_wconf 89' lang='lat' dir='ltr'><strong>ipsis</strong></span> <span class='ocrx_word' id='word_1_666' title='bbox 2856 4538 3186 4592; x_wconf 87' lang='lat' dir='ltr'><strong>concludunt</strong></span> <span class='ocrx_word' id='word_1_667' title='bbox 3213 4579 3226 4603; x_wconf 94' lang='lat'><strong>,</strong></span> <span class='ocrx_word' id='word_1_668' title='bbox 3255 4553 3360 4591; x_wconf 89' lang='lat' dir='ltr'><strong>non</strong></span> <span class='ocrx_word' id='word_1_669' title='bbox 3385 4538 3518 4592; x_wconf 83' lang='lat' dir='ltr'><strong>tales</strong></span> <span class='ocrx_word' id='word_1_670' title='bbox 3541 4555 3673 4593; x_wconf 87' lang='lat' dir='ltr'><strong>vero</strong></span> 
     </span>
    </p>
   </div>
   <div class='ocr_carea' id='block_1_92' title="bbox 420 4635 1991 4706">
    <p class='ocr_par' dir='ltr' id='par_1_92' title="bbox 420 4635 1991 4706">
     <span class='ocr_line' id='line_1_92' title="bbox 420 4635 1991 4706; baseline -0.001 -14"><span class='ocrx_word' id='word_1_671' title='bbox 420 4646 567 4692; x_wconf 88' lang='lat' dir='ltr'><strong>sunt.</strong></span> <span class='ocrx_word' id='word_1_672' title='bbox 618 4636 863 4702; x_wconf 88' lang='lat' dir='ltr'><strong>Quorum</strong></span> <span class='ocrx_word' id='word_1_673' title='bbox 895 4635 1003 4689; x_wconf 89' lang='lat' dir='ltr'><strong>duo</strong></span> <span class='ocrx_word' id='word_1_674' title='bbox 1030 4642 1084 4689; x_wconf 93' lang='lat' dir='ltr'><strong>et</strong></span> <span class='ocrx_word' id='word_1_675' title='bbox 1112 4636 1164 4690; x_wconf 93' lang='lat' dir='ltr'><strong>in</strong></span> <span class='ocrx_word' id='word_1_676' title='bbox 1208 4645 1300 4689; x_wconf 89' lang='lat' dir='ltr'><strong>tua</strong></span> <span class='ocrx_word' id='word_1_677' title='bbox 1330 4636 1560 4706; x_wconf 85' lang='lat' dir='ltr'><strong>epistola</strong></span> <span class='ocrx_word' id='word_1_678' title='bbox 1597 4637 1991 4692; x_wconf 87' lang='lat' dir='ltr'><strong>continentur:</strong></span> 
     </span>
    </p>
   </div>
   <div class='ocr_carea' id='block_1_93' title="bbox 419 4727 1992 4798">
    <p class='ocr_par' dir='ltr' id='par_1_93' title="bbox 419 4727 1992 4798">
     <span class='ocr_line' id='line_1_93' title="bbox 419 4727 1992 4798; baseline -0.001 -15"><span class='ocrx_word' id='word_1_679' title='bbox 419 4728 652 4793; x_wconf 79' lang='lat' dir='ltr'><strong>scilicet,</strong></span> <span class='ocrx_word' id='word_1_680' title='bbox 682 4728 826 4797; x_wconf 73' lang='lat' dir='ltr'><strong>quod</strong></span> <span class='ocrx_word' id='word_1_681' title='bbox 851 4727 1006 4781; x_wconf 90' lang='lat' dir='ltr'><strong>multi</strong></span> <span class='ocrx_word' id='word_1_682' title='bbox 1044 4737 1355 4782; x_wconf 88' lang='lat' dir='ltr'><strong>nostrorum</strong></span> <span class='ocrx_word' id='word_1_683' title='bbox 1386 4727 1632 4792; x_wconf 76' lang='lat' dir='ltr'><strong>Patrum,</strong></span> <span class='ocrx_word' id='word_1_684' title='bbox 1666 4737 1718 4782; x_wconf 94' lang='lat' dir='ltr'><strong>et</strong></span> <span class='ocrx_word' id='word_1_685' title='bbox 1741 4743 1992 4798; x_wconf 84' lang='lat' dir='ltr'><strong>magnam</strong></span> 
     </span>
    </p>
   </div>
   <div class='ocr_carea' id='block_1_94' title="bbox 417 4816 1996 4887">
    <p class='ocr_par' dir='ltr' id='par_1_94' title="bbox 417 4816 1996 4887">
     <span class='ocr_line' id='line_1_94' title="bbox 417 4816 1996 4887; baseline 0 -16"><span class='ocrx_word' id='word_1_686' title='bbox 417 4819 727 4887; x_wconf 87' lang='lat' dir='ltr'><strong>opinionem</strong></span> <span class='ocrx_word' id='word_1_687' title='bbox 791 4816 1134 4884; x_wconf 88' lang='lat' dir='ltr'><strong>habentium,</strong></span> <span class='ocrx_word' id='word_1_688' title='bbox 1186 4831 1399 4871; x_wconf 87' lang='lat' dir='ltr'><strong>sacram</strong></span> <span class='ocrx_word' id='word_1_689' title='bbox 1442 4827 1497 4871; x_wconf 92' lang='lat' dir='ltr'><strong>et</strong></span> <span class='ocrx_word' id='word_1_690' title='bbox 1530 4817 1772 4870; x_wconf 86' lang='lat' dir='ltr'><strong>divinam</strong></span> <span class='ocrx_word' id='word_1_691' title='bbox 1820 4831 1996 4886; x_wconf 64' lang='lat' dir='ltr'><strong>expov</strong></span> 
     </span>
    </p>
   </div>
   <div class='ocr_carea' id='block_1_95' title="bbox 419 4907 1998 4986">
    <p class='ocr_par' dir='ltr' id='par_1_95' title="bbox 419 4907 1998 4986">
     <span class='ocr_line' id='line_1_95' title="bbox 419 4907 1998 4986; baseline 0.001 -24"><span class='ocrx_word' id='word_1_692' title='bbox 419 4910 597 4964; x_wconf 84' lang='lat' dir='ltr'><strong>uendo</strong></span> <span class='ocrx_word' id='word_1_693' title='bbox 627 4907 992 4978; x_wconf 91' lang='lat' dir='ltr'><strong>Scripturam,</strong></span> <span class='ocrx_word' id='word_1_694' title='bbox 1024 4923 1089 4964; x_wconf 86' lang='lat' dir='ltr'><strong>ex</strong></span> <span class='ocrx_word' id='word_1_695' title='bbox 1123 4923 1240 4978; x_wconf 82' lang='lat' dir='ltr'><strong>Ipsa</strong></span> <span class='ocrx_word' id='word_1_696' title='bbox 1267 4909 1422 4964; x_wconf 89' lang='lat' dir='ltr'><strong>aiunt</strong></span> <span class='ocrx_word' id='word_1_697' title='bbox 1457 4923 1515 4963; x_wconf 91' lang='lat' dir='ltr'><strong>se</strong></span> <span class='ocrx_word' id='word_1_698' title='bbox 1546 4907 1910 4986; x_wconf 61' lang='lat' dir='ltr'><strong>intellexisse,</strong></span> <span class='ocrx_word' id='word_1_699' title='bbox 1939 4916 1998 4963; x_wconf 89' lang='lat' dir='ltr'><strong>et</strong></span> 
     </span>
    </p>
   </div>
   <div class='ocr_carea' id='block_1_96' title="bbox 417 4997 1999 5070">
    <p class='ocr_par' dir='ltr' id='par_1_96' title="bbox 417 4997 1999 5070">
     <span class='ocr_line' id='line_1_96' title="bbox 417 4997 1999 5070; baseline 0.001 -18"><span class='ocrx_word' id='word_1_700' title='bbox 417 5015 480 5054; x_wconf 77' lang='lat' dir='ltr'><strong>ex</strong></span> <span class='ocrx_word' id='word_1_701' title='bbox 514 4997 650 5054; x_wconf 86' lang='lat' dir='ltr'><strong>Filio</strong></span> <span class='ocrx_word' id='word_1_702' title='bbox 683 4997 947 5070; x_wconf 88' lang='lat' dir='ltr'><strong>Spiritum</strong></span> <span class='ocrx_word' id='word_1_703' title='bbox 979 5009 1227 5055; x_wconf 86' lang='lat' dir='ltr'><strong>sanctum</strong></span> <span class='ocrx_word' id='word_1_704' title='bbox 1248 5000 1568 5070; x_wconf 88' lang='lat' dir='ltr'><strong>procedere.</strong></span> <span class='ocrx_word' id='word_1_705' title='bbox 1601 4999 1668 5054; x_wconf 90' lang='lat' dir='ltr'><strong>Et</strong></span> <span class='ocrx_word' id='word_1_706' title='bbox 1695 5000 1819 5054; x_wconf 90' lang='lat' dir='ltr'><strong>ideo</strong></span> <span class='ocrx_word' id='word_1_707' title='bbox 1841 5013 1999 5070; x_wconf 89' lang='lat' dir='ltr'><strong>aper-</strong></span> 
     </span>
    </p>
   </div>
   <div class='ocr_carea' id='block_1_97' title="bbox 421 5089 1996 5161">
    <p class='ocr_par' dir='ltr' id='par_1_97' title="bbox 421 5089 1996 5161">
     <span class='ocr_line' id='line_1_97' title="bbox 421 5089 1996 5161; baseline -0.001 -15"><span class='ocrx_word' id='word_1_708' title='bbox 421 5089 630 5146; x_wconf 86' lang='lat' dir='ltr'><strong>tissime</strong></span> <span class='ocrx_word' id='word_1_709' title='bbox 674 5098 729 5145; x_wconf 90' lang='lat' dir='ltr'><strong>et</strong></span> <span class='ocrx_word' id='word_1_710' title='bbox 771 5105 870 5161; x_wconf 91' lang='lat' dir='ltr'><strong>per</strong></span> <span class='ocrx_word' id='word_1_711' title='bbox 899 5092 1073 5146; x_wconf 90' lang='lat' dir='ltr'><strong>multa</strong></span> <span class='ocrx_word' id='word_1_712' title='bbox 1113 5091 1166 5145; x_wconf 92' lang='lat' dir='ltr'><strong>in</strong></span> <span class='ocrx_word' id='word_1_713' title='bbox 1219 5092 1337 5147; x_wconf 88' lang='lat' dir='ltr'><strong>suis</strong></span> <span class='ocrx_word' id='word_1_714' title='bbox 1364 5091 1589 5161; x_wconf 88' lang='lat' dir='ltr'><strong>scriptis</strong></span> <span class='ocrx_word' id='word_1_715' title='bbox 1637 5090 1743 5146; x_wconf 90' lang='lat' dir='ltr'><strong>hoc</strong></span> <span class='ocrx_word' id='word_1_716' title='bbox 1772 5091 1996 5156; x_wconf 90' lang='lat' dir='ltr'><strong>docent,</strong></span> 
     </span>
    </p>
   </div>
   <div class='ocr_carea' id='block_1_98' title="bbox 420 5179 1997 5254">
    <p class='ocr_par' dir='ltr' id='par_1_98' title="bbox 420 5179 1997 5254">
     <span class='ocr_line' id='line_1_98' title="bbox 420 5179 1997 5254; baseline 0.003 -20"><span class='ocrx_word' id='word_1_717' title='bbox 420 5179 582 5235; x_wconf 89' lang='lat' dir='ltr'><strong>sicuti</strong></span> <span class='ocrx_word' id='word_1_718' title='bbox 615 5189 840 5238; x_wconf 88' lang='lat' dir='ltr'><strong>sanctus</strong></span> <span class='ocrx_word' id='word_1_719' title='bbox 872 5183 1232 5252; x_wconf 82' lang='lat' dir='ltr'><strong>Augustinus,</strong></span> <span class='ocrx_word' id='word_1_720' title='bbox 1265 5194 1491 5240; x_wconf 87' lang='lat' dir='ltr'><strong>sanctus</strong></span> <span class='ocrx_word' id='word_1_721' title='bbox 1520 5183 1779 5254; x_wconf 80' lang='lat' dir='ltr'><strong>Cyrillus.</strong></span> <span class='ocrx_word' id='word_1_722' title='bbox 1813 5183 1879 5238; x_wconf 87' lang='lat' dir='ltr'><strong>Et</strong></span> <span class='ocrx_word' id='word_1_723' title='bbox 1913 5201 1997 5239; x_wconf 87' lang='lat' dir='ltr'><strong>se-</strong></span> 
     </span>
    </p>
   </div>
   <div class='ocr_carea' id='block_1_99' title="bbox 421 5273 1992 5344">
    <p class='ocr_par' dir='ltr' id='par_1_99' title="bbox 421 5273 1992 5344">
     <span class='ocr_line' id='line_1_99' title="bbox 421 5273 1992 5344; baseline 0.003 -18"><span class='ocrx_word' id='word_1_724' title='bbox 421 5274 661 5327; x_wconf 89' lang='lat' dir='ltr'><strong>cundum</strong></span> <span class='ocrx_word' id='word_1_725' title='bbox 711 5274 854 5343; x_wconf 88' lang='lat' dir='ltr'><strong>quod</strong></span> <span class='ocrx_word' id='word_1_726' title='bbox 897 5275 1064 5329; x_wconf 85' lang='lat' dir='ltr'><strong>etiam</strong></span> <span class='ocrx_word' id='word_1_727' title='bbox 1106 5273 1349 5330; x_wconf 76' lang='lat' dir='ltr'><strong>Rontaua</strong></span> <span class='ocrx_word' id='word_1_728' title='bbox 1383 5276 1649 5340; x_wconf 88' lang='lat' dir='ltr'><strong>Ecclesia,</strong></span> <span class='ocrx_word' id='word_1_729' title='bbox 1675 5292 1795 5344; x_wconf 70' lang='lat' dir='ltr'><strong>qum</strong></span> <span class='ocrx_word' id='word_1_730' title='bbox 1825 5285 1880 5331; x_wconf 91' lang='lat' dir='ltr'><strong>et</strong></span> <span class='ocrx_word' id='word_1_731' title='bbox 1909 5277 1992 5330; x_wconf 81' lang='lat' dir='ltr'><strong>di-</strong></span> 
     </span>
    </p>
   </div>
   <div class='ocr_carea' id='block_1_100' title="bbox 421 5365 1997 5439">
    <p class='ocr_par' dir='ltr' id='par_1_100' title="bbox 421 5365 1997 5439">
     <span class='ocr_line' id='line_1_100' title="bbox 421 5365 1997 5439; baseline 0.005 -25"><span class='ocrx_word' id='word_1_732' title='bbox 421 5365 568 5433; x_wconf 84' lang='lat' dir='ltr'><strong>gnita</strong></span> <span class='ocrx_word' id='word_1_733' title='bbox 581 5374 631 5418; x_wconf 92' lang='lat' dir='ltr'><strong>te</strong></span> <span class='ocrx_word' id='word_1_734' title='bbox 657 5373 711 5419; x_wconf 83' lang='lat' dir='ltr'><strong>ct</strong></span> <span class='ocrx_word' id='word_1_735' title='bbox 729 5366 993 5432; x_wconf 90' lang='lat' dir='ltr'><strong>dominio,</strong></span> <span class='ocrx_word' id='word_1_736' title='bbox 1012 5377 1065 5422; x_wconf 91' lang='lat' dir='ltr'><strong>et</strong></span> <span class='ocrx_word' id='word_1_737' title='bbox 1093 5381 1220 5436; x_wconf 86' lang='lat' dir='ltr'><strong>erga</strong></span> <span class='ocrx_word' id='word_1_738' title='bbox 1246 5366 1582 5436; x_wconf 84' lang='lat' dir='ltr'><strong>Scripturam</strong></span> <span class='ocrx_word' id='word_1_739' title='bbox 1603 5368 1850 5439; x_wconf 81' lang='lat' dir='ltr'><strong>diligenti</strong></span> <span class='ocrx_word' id='word_1_740' title='bbox 1877 5377 1997 5423; x_wconf 85' lang='lat' dir='ltr'><strong>stu-</strong></span> 
     </span>
    </p>
   </div>
   <div class='ocr_carea' id='block_1_101' title="bbox 419 5457 1997 5530">
    <p class='ocr_par' dir='ltr' id='par_1_101' title="bbox 419 5457 1997 5530">
     <span class='ocr_line' id='line_1_101' title="bbox 419 5457 1997 5530; baseline 0.003 -21"><span class='ocrx_word' id='word_1_741' title='bbox 419 5457 512 5509; x_wconf 88' lang='lat' dir='ltr'><strong>dio</strong></span> <span class='ocrx_word' id='word_1_742' title='bbox 539 5465 762 5527; x_wconf 88' lang='lat' dir='ltr'><strong>superat</strong></span> <span class='ocrx_word' id='word_1_743' title='bbox 790 5473 1139 5527; x_wconf 71' lang='lat' dir='ltr'><strong>omnes,quac</strong></span> <span class='ocrx_word' id='word_1_744' title='bbox 1166 5475 1381 5530; x_wconf 89' lang='lat' dir='ltr'><strong>semper</strong></span> <span class='ocrx_word' id='word_1_745' title='bbox 1408 5467 1550 5514; x_wconf 81' lang='lat' dir='ltr'><strong>ret-ta</strong></span> <span class='ocrx_word' id='word_1_746' title='bbox 1587 5459 1830 5515; x_wconf 83' lang='lat' dir='ltr'><strong>defendit</strong></span> <span class='ocrx_word' id='word_1_747' title='bbox 1863 5461 1997 5530; x_wconf 85' lang='lat' dir='ltr'><strong>dog-</strong></span> 
     </span>
    </p>
   </div>
   <div class='ocr_carea' id='block_1_102' title="bbox 426 5547 1998 5619">
    <p class='ocr_par' dir='ltr' id='par_1_102' title="bbox 426 5547 1998 5619">
     <span class='ocr_line' id='line_1_102' title="bbox 426 5547 1998 5619; baseline 0.006 -21"><span class='ocrx_word' id='word_1_748' title='bbox 426 5554 588 5612; x_wconf 86' lang='lat' dir='ltr'><strong>mata,</strong></span> <span class='ocrx_word' id='word_1_749' title='bbox 623 5547 860 5616; x_wconf 89' lang='lat' dir='ltr'><strong>idipsum</strong></span> <span class='ocrx_word' id='word_1_750' title='bbox 885 5563 915 5603; x_wconf 83' lang='lat' dir='ltr'><strong>a</strong></span> <span class='ocrx_word' id='word_1_751' title='bbox 949 5551 1216 5619; x_wconf 88' lang='lat' dir='ltr'><strong>principio</strong></span> <span class='ocrx_word' id='word_1_752' title='bbox 1247 5549 1406 5605; x_wconf 88' lang='lat' dir='ltr'><strong>docet</strong></span> <span class='ocrx_word' id='word_1_753' title='bbox 1433 5559 1487 5605; x_wconf 93' lang='lat' dir='ltr'><strong>et</strong></span> <span class='ocrx_word' id='word_1_754' title='bbox 1520 5557 1689 5606; x_wconf 88' lang='lat' dir='ltr'><strong>tenet.</strong></span> <span class='ocrx_word' id='word_1_755' title='bbox 1722 5549 1818 5606; x_wconf 85' lang='lat' dir='ltr'><strong>liis</strong></span> <span class='ocrx_word' id='word_1_756' title='bbox 1852 5553 1998 5607; x_wconf 89' lang='lat' dir='ltr'><strong>enim</strong></span> 
     </span>
    </p>
   </div>
   <div class='ocr_carea' id='block_1_103' title="bbox 424 5635 2062 5712">
    <p class='ocr_par' dir='ltr' id='par_1_103' title="bbox 424 5635 2062 5712">
     <span class='ocr_line' id='line_1_103' title="bbox 424 5635 2062 5712; baseline 0.005 -22"><span class='ocrx_word' id='word_1_757' title='bbox 424 5637 664 5702; x_wconf 89' lang='lat' dir='ltr'><strong>duobus,</strong></span> <span class='ocrx_word' id='word_1_758' title='bbox 697 5652 730 5692; x_wconf 90' lang='grc' dir='ltr'><strong>ο</strong></span> <span class='ocrx_word' id='word_1_759' title='bbox 769 5640 964 5704; x_wconf 88' lang='lat' dir='ltr'><strong>amice,</strong></span> <span class='ocrx_word' id='word_1_760' title='bbox 999 5641 1221 5694; x_wconf 90' lang='lat' dir='ltr'><strong>tertium</strong></span> <span class='ocrx_word' id='word_1_761' title='bbox 1261 5643 1530 5707; x_wconf 88' lang='lat' dir='ltr'><strong>additum,</strong></span> <span class='ocrx_word' id='word_1_762' title='bbox 1575 5644 1720 5712; x_wconf 90' lang='lat' dir='ltr'><strong>quod</strong></span> <span class='ocrx_word' id='word_1_763' title='bbox 1753 5652 1808 5698; x_wconf 90' lang='lat' dir='ltr'><strong>tu</strong></span> <span class='ocrx_word' id='word_1_764' title='bbox 1849 5644 2001 5698; x_wconf 86' lang='lat' dir='ltr'><strong>vide—</strong></span> <span class='ocrx_word' id='word_1_765' title='bbox 2052 5635 2062 5646; x_wconf 84' lang='grc'><em>’</em></span> 
     </span>
    </p>
   </div>
   <div class='ocr_carea' id='block_1_104' title="bbox 427 5729 1971 5804">
    <p class='ocr_par' dir='ltr' id='par_1_104' title="bbox 427 5729 1971 5804">
     <span class='ocr_line' id='line_1_104' title="bbox 427 5729 1971 5804; baseline 0.005 -23"><span class='ocrx_word' id='word_1_766' title='bbox 427 5731 502 5783; x_wconf 89' lang='lat' dir='ltr'><strong>ris</strong></span> <span class='ocrx_word' id='word_1_767' title='bbox 523 5729 702 5784; x_wconf 90' lang='lat' dir='ltr'><strong>adhuc</strong></span> <span class='ocrx_word' id='word_1_768' title='bbox 728 5729 976 5800; x_wconf 85' lang='lat' dir='ltr'><strong>ignorare</strong></span> <span class='ocrx_word' id='word_1_769' title='bbox 996 5771 1010 5794; x_wconf 94' lang='lat'><strong>,</strong></span> <span class='ocrx_word' id='word_1_770' title='bbox 1038 5735 1162 5801; x_wconf 79' lang='lat' dir='ltr'><strong>quia</strong></span> <span class='ocrx_word' id='word_1_771' title='bbox 1197 5733 1360 5788; x_wconf 85' lang='lat' dir='ltr'><strong>etiam</strong></span> <span class='ocrx_word' id='word_1_772' title='bbox 1394 5736 1648 5804; x_wconf 76' lang='lat' dir='ltr'><strong>generale</strong></span> <span class='ocrx_word' id='word_1_773' title='bbox 1681 5736 1971 5790; x_wconf 87' lang='lat' dir='ltr'><strong>concilium</strong></span> 
     </span>
    </p>
   </div>
   <div class='ocr_carea' id='block_1_105' title="bbox 425 5819 1995 5898">
    <p class='ocr_par' dir='ltr' id='par_1_105' title="bbox 425 5819 1995 5898">
     <span class='ocr_line' id='line_1_105' title="bbox 425 5819 1995 5898; baseline 0.006 -25"><span class='ocrx_word' id='word_1_774' title='bbox 425 5821 493 5873; x_wconf 84' lang='lat' dir='ltr'><strong>de</strong></span> <span class='ocrx_word' id='word_1_775' title='bbox 531 5819 719 5876; x_wconf 86' lang='lat' dir='ltr'><strong>eodem</strong></span> <span class='ocrx_word' id='word_1_776' title='bbox 765 5821 884 5892; x_wconf 87' lang='lat' dir='ltr'><strong>ipso</strong></span> <span class='ocrx_word' id='word_1_777' title='bbox 922 5824 1253 5889; x_wconf 70' lang='lat' dir='ltr'><strong>celebraturi)</strong></span> <span class='ocrx_word' id='word_1_778' title='bbox 1290 5835 1373 5882; x_wconf 86' lang='lat' dir='ltr'><strong>est</strong></span> <span class='ocrx_word' id='word_1_779' title='bbox 1405 5827 1458 5881; x_wconf 89' lang='lat' dir='ltr'><strong>in</strong></span> <span class='ocrx_word' id='word_1_780' title='bbox 1495 5826 1812 5898; x_wconf 82' lang='lat' dir='ltr'><strong>Lugdunis:</strong></span> <span class='ocrx_word' id='word_1_781' title='bbox 1849 5829 1995 5898; x_wconf 86' lang='lat' dir='ltr'><strong>quod</strong></span> 
     </span>
    </p>
   </div>
   <div class='ocr_carea' id='block_1_106' title="bbox 2098 4631 3672 4702">
    <p class='ocr_par' dir='ltr' id='par_1_106' title="bbox 2098 4631 3672 4702">
     <span class='ocr_line' id='line_1_106' title="bbox 2098 4631 3672 4702; baseline -0.001 -15"><span class='ocrx_word' id='word_1_782' title='bbox 2098 4633 2318 4696; x_wconf 89' lang='lat' dir='ltr'><strong>sintilli,</strong></span> <span class='ocrx_word' id='word_1_783' title='bbox 2349 4632 2442 4702; x_wconf 88' lang='lat' dir='ltr'><strong>qui</strong></span> <span class='ocrx_word' id='word_1_784' title='bbox 2471 4642 2629 4699; x_wconf 89' lang='lat' dir='ltr'><strong>prout</strong></span> <span class='ocrx_word' id='word_1_785' title='bbox 2652 4631 3064 4692; x_wconf 86' lang='lat' dir='ltr'><strong>volunt,eadem</strong></span> <span class='ocrx_word' id='word_1_786' title='bbox 3093 4631 3481 4701; x_wconf 77' lang='lat' dir='ltr'><strong>intelligemus,</strong></span> <span class='ocrx_word' id='word_1_787' title='bbox 3519 4633 3672 4687; x_wconf 89' lang='lat' dir='ltr'><strong>illum</strong></span> 
     </span>
    </p>
   </div>
   <div class='ocr_carea' id='block_1_107' title="bbox 2099 4721 3675 4793">
    <p class='ocr_par' dir='ltr' id='par_1_107' title="bbox 2099 4721 3675 4793">
     <span class='ocr_line' id='line_1_107' title="bbox 2099 4721 3675 4793; baseline -0.002 -14"><span class='ocrx_word' id='word_1_788' title='bbox 2099 4739 2348 4787; x_wconf 90' lang='lat' dir='ltr'><strong>sensum,</strong></span> <span class='ocrx_word' id='word_1_789' title='bbox 2379 4738 2476 4793; x_wconf 91' lang='lat' dir='ltr'><strong>per</strong></span> <span class='ocrx_word' id='word_1_790' title='bbox 2516 4737 2679 4792; x_wconf 90' lang='lat' dir='ltr'><strong>quem</strong></span> <span class='ocrx_word' id='word_1_791' title='bbox 2714 4722 2994 4791; x_wconf 82' lang='lat' dir='ltr'><strong>processio</strong></span> <span class='ocrx_word' id='word_1_792' title='bbox 3029 4721 3272 4792; x_wconf 90' lang='lat' dir='ltr'><strong>Spiritus</strong></span> <span class='ocrx_word' id='word_1_793' title='bbox 3312 4725 3486 4776; x_wconf 87' lang='lat' dir='ltr'><strong>sancti</strong></span> <span class='ocrx_word' id='word_1_794' title='bbox 3523 4732 3574 4776; x_wconf 89' lang='lat' dir='ltr'><strong>et</strong></span> <span class='ocrx_word' id='word_1_795' title='bbox 3608 4738 3675 4776; x_wconf 81' lang='lat' dir='ltr'><strong>ex</strong></span> 
     </span>
    </p>
   </div>
   <div class='ocr_carea' id='block_1_108' title="bbox 2100 4814 3674 4884">
    <p class='ocr_par' dir='ltr' id='par_1_108' title="bbox 2100 4814 3674 4884">
     <span class='ocr_line' id='line_1_108' title="bbox 2100 4814 3674 4884; baseline -0.003 -14"><span class='ocrx_word' id='word_1_796' title='bbox 2100 4815 2238 4871; x_wconf 85' lang='lat' dir='ltr'><strong>Filio</strong></span> <span class='ocrx_word' id='word_1_797' title='bbox 2267 4815 2642 4880; x_wconf 90' lang='lat' dir='ltr'><strong>concluditur,</strong></span> <span class='ocrx_word' id='word_1_798' title='bbox 2690 4823 2930 4884; x_wconf 87' lang='lat' dir='ltr'><strong>negant:</strong></span> <span class='ocrx_word' id='word_1_799' title='bbox 2965 4828 3074 4867; x_wconf 90' lang='lat' dir='ltr'><strong>non</strong></span> <span class='ocrx_word' id='word_1_800' title='bbox 3107 4814 3370 4868; x_wconf 83' lang='lat' dir='ltr'><strong>debemus</strong></span> <span class='ocrx_word' id='word_1_801' title='bbox 3404 4814 3674 4882; x_wconf 66' lang='lat' dir='ltr'><strong>aequalem</strong></span> 
     </span>
    </p>
   </div>
   <div class='ocr_carea' id='block_1_109' title="bbox 2100 4905 3676 4982">
    <p class='ocr_par' dir='ltr' id='par_1_109' title="bbox 2100 4905 3676 4982">
     <span class='ocr_line' id='line_1_109' title="bbox 2100 4905 3676 4982; baseline -0.003 -21"><span class='ocrx_word' id='word_1_802' title='bbox 2100 4908 2347 4977; x_wconf 86' lang='lat' dir='ltr'><strong>utrisque</strong></span> <span class='ocrx_word' id='word_1_803' title='bbox 2382 4907 2541 4962; x_wconf 81' lang='lat' dir='ltr'><strong>fidem</strong></span> <span class='ocrx_word' id='word_1_804' title='bbox 2571 4907 2849 4982; x_wconf 77' lang='lat' dir='ltr'><strong>adhibere.</strong></span> <span class='ocrx_word' id='word_1_805' title='bbox 2891 4905 3213 4974; x_wconf 77' lang='lat' dir='ltr'><strong>Quanquam</strong></span> <span class='ocrx_word' id='word_1_806' title='bbox 3264 4905 3406 4956; x_wconf 84' lang='lat' dir='ltr'><strong>illam</strong></span> <span class='ocrx_word' id='word_1_807' title='bbox 3463 4921 3559 4971; x_wconf 83' lang='lat' dir='ltr'><strong>per</strong></span> <span class='ocrx_word' id='word_1_808' title='bbox 3591 4908 3676 4957; x_wconf 92' lang='lat' dir='ltr'><strong>in-</strong></span> 
     </span>
    </p>
   </div>
   <div class='ocr_carea' id='block_1_110' title="bbox 2100 4995 3678 5066">
    <p class='ocr_par' dir='ltr' id='par_1_110' title="bbox 2100 4995 3678 5066">
     <span class='ocr_line' id='line_1_110' title="bbox 2100 4995 3678 5066; baseline -0.004 -13"><span class='ocrx_word' id='word_1_809' title='bbox 2100 4998 2466 5054; x_wconf 73' lang='lat' dir='ltr'><strong>snﬂlationem</strong></span> <span class='ocrx_word' id='word_1_810' title='bbox 2497 4997 2739 5066; x_wconf 87' lang='lat' dir='ltr'><strong>Spiritus</strong></span> <span class='ocrx_word' id='word_1_811' title='bbox 2761 4996 3136 5060; x_wconf 75' lang='lat' dir='ltr'><strong>donationem,</strong></span> <span class='ocrx_word' id='word_1_812' title='bbox 3160 4996 3204 5048; x_wconf 93' lang='lat' dir='ltr'><strong>si</strong></span> <span class='ocrx_word' id='word_1_813' title='bbox 3235 5009 3424 5061; x_wconf 85' lang='lat' dir='ltr'><strong>parum</strong></span> <span class='ocrx_word' id='word_1_814' title='bbox 3444 4995 3678 5063; x_wconf 82' lang='lat' dir='ltr'><strong>diligen-</strong></span> 
     </span>
    </p>
   </div>
   <div class='ocr_carea' id='block_1_111' title="bbox 2099 5085 3682 5154">
    <p class='ocr_par' dir='ltr' id='par_1_111' title="bbox 2099 5085 3682 5154">
     <span class='ocr_line' id='line_1_111' title="bbox 2099 5085 3682 5154; baseline -0.003 -9"><span class='ocrx_word' id='word_1_815' title='bbox 2099 5093 2209 5147; x_wconf 88' lang='lat' dir='ltr'><strong>tius</strong></span> <span class='ocrx_word' id='word_1_816' title='bbox 2241 5089 2648 5154; x_wconf 86' lang='lat' dir='ltr'><strong>considerabis,</strong></span> <span class='ocrx_word' id='word_1_817' title='bbox 2681 5087 2925 5143; x_wconf 87' lang='lat' dir='ltr'><strong>invenies</strong></span> <span class='ocrx_word' id='word_1_818' title='bbox 2964 5088 3263 5142; x_wconf 83' lang='lat' dir='ltr'><strong>secundum</strong></span> <span class='ocrx_word' id='word_1_819' title='bbox 3296 5085 3520 5140; x_wconf 87' lang='lat' dir='ltr'><strong>Latinos</strong></span> <span class='ocrx_word' id='word_1_820' title='bbox 3554 5102 3682 5141; x_wconf 85' lang='lat' dir='ltr'><strong>sen-</strong></span> 
     </span>
    </p>
   </div>
   <div class='ocr_carea' id='block_1_112' title="bbox 2100 5177 3678 5247">
    <p class='ocr_par' dir='ltr' id='par_1_112' title="bbox 2100 5177 3678 5247">
     <span class='ocr_line' id='line_1_112' title="bbox 2100 5177 3678 5247; baseline -0.004 -11"><span class='ocrx_word' id='word_1_821' title='bbox 2100 5195 2220 5237; x_wconf 87' lang='lat' dir='ltr'><strong>sum</strong></span> <span class='ocrx_word' id='word_1_822' title='bbox 2253 5181 2453 5244; x_wconf 91' lang='lat' dir='ltr'><strong>solum,</strong></span> <span class='ocrx_word' id='word_1_823' title='bbox 2488 5189 2542 5234; x_wconf 89' lang='lat' dir='ltr'><strong>et</strong></span> <span class='ocrx_word' id='word_1_824' title='bbox 2571 5179 2800 5235; x_wconf 89' lang='lat' dir='ltr'><strong>minimc</strong></span> <span class='ocrx_word' id='word_1_825' title='bbox 2840 5179 3030 5243; x_wconf 89' lang='lat' dir='ltr'><strong>alium,</strong></span> <span class='ocrx_word' id='word_1_826' title='bbox 3079 5191 3238 5247; x_wconf 84' lang='lat' dir='ltr'><strong>posse</strong></span> <span class='ocrx_word' id='word_1_827' title='bbox 3288 5177 3491 5230; x_wconf 80' lang='lat' dir='ltr'><strong>habere</strong></span> <span class='ocrx_word' id='word_1_828' title='bbox 3521 5193 3534 5229; x_wconf 88' lang='lat'><strong>:</strong></span> <span class='ocrx_word' id='word_1_829' title='bbox 3574 5177 3678 5231; x_wconf 87' lang='lat' dir='ltr'><strong>nisi</strong></span> 
     </span>
    </p>
   </div>
   <div class='ocr_carea' id='block_1_113' title="bbox 2099 5267 3681 5340">
    <p class='ocr_par' dir='ltr' id='par_1_113' title="bbox 2099 5267 3681 5340">
     <span class='ocr_line' id='line_1_113' title="bbox 2099 5267 3681 5340; baseline -0.002 -14"><span class='ocrx_word' id='word_1_830' title='bbox 2099 5275 2224 5339; x_wconf 84' lang='lat' dir='ltr'><strong>quis</strong></span> <span class='ocrx_word' id='word_1_831' title='bbox 2254 5272 2482 5327; x_wconf 90' lang='lat' dir='ltr'><strong>omnino</strong></span> <span class='ocrx_word' id='word_1_832' title='bbox 2513 5279 2701 5327; x_wconf 88' lang='lat' dir='ltr'><strong>coacte</strong></span> <span class='ocrx_word' id='word_1_833' title='bbox 2733 5279 2787 5325; x_wconf 91' lang='lat' dir='ltr'><strong>et</strong></span> <span class='ocrx_word' id='word_1_834' title='bbox 2812 5270 3106 5340; x_wconf 89' lang='lat' dir='ltr'><strong>sophistice</strong></span> <span class='ocrx_word' id='word_1_835' title='bbox 3136 5267 3374 5337; x_wconf 83' lang='lat' dir='ltr'><strong>idipsum</strong></span> <span class='ocrx_word' id='word_1_836' title='bbox 3405 5282 3681 5337; x_wconf 85' lang='lat' dir='ltr'><strong>exponere</strong></span> 
     </span>
    </p>
   </div>
   <div class='ocr_carea' id='block_1_114' title="bbox 2101 5363 2946 5428">
    <p class='ocr_par' dir='ltr' id='par_1_114' title="bbox 2101 5363 2946 5428">
     <span class='ocr_line' id='line_1_114' title="bbox 2101 5363 2946 5428; baseline -0.002 -10"><span class='ocrx_word' id='word_1_837' title='bbox 2101 5363 2357 5418; x_wconf 86' lang='lat' dir='ltr'><strong>voluerit.</strong></span> <span class='ocrx_word' id='word_1_838' title='bbox 2935 5417 2946 5428; x_wconf 74' lang='grc'><em>,</em></span> 
     </span>
    </p>
   </div>
   <div class='ocr_carea' id='block_1_115' title="bbox 2170 5451 3684 5521">
    <p class='ocr_par' dir='ltr' id='par_1_115' title="bbox 2170 5451 3684 5521">
     <span class='ocr_line' id='line_1_115' title="bbox 2170 5451 3684 5521; baseline 0.001 -13"><span class='ocrx_word' id='word_1_839' title='bbox 2170 5456 2405 5511; x_wconf 82' lang='lat' dir='ltr'><strong>Attende</strong></span> <span class='ocrx_word' id='word_1_840' title='bbox 2435 5456 2579 5510; x_wconf 89' lang='lat' dir='ltr'><strong>enim</strong></span> <span class='ocrx_word' id='word_1_841' title='bbox 2603 5454 2700 5510; x_wconf 84' lang='lat' dir='ltr'><strong>ita.</strong></span> <span class='ocrx_word' id='word_1_842' title='bbox 2723 5452 2938 5518; x_wconf 82' lang='lat' dir='ltr'><strong>Dixisti,</strong></span> <span class='ocrx_word' id='word_1_843' title='bbox 2967 5451 3125 5507; x_wconf 89' lang='lat' dir='ltr'><strong>aliter</strong></span> <span class='ocrx_word' id='word_1_844' title='bbox 3145 5462 3481 5521; x_wconf 79' lang='lat' dir='ltr'><strong>exponentes</strong></span> <span class='ocrx_word' id='word_1_845' title='bbox 3499 5451 3684 5509; x_wconf 86' lang='lat' dir='ltr'><strong>dicere</strong></span> 
     </span>
    </p>
   </div>
   <div class='ocr_carea' id='block_1_116' title="bbox 2102 5542 3684 5617">
    <p class='ocr_par' dir='ltr' id='par_1_116' title="bbox 2102 5542 3684 5617">
     <span class='ocr_line' id='line_1_116' title="bbox 2102 5542 3684 5617; baseline -0.003 -15"><span class='ocrx_word' id='word_1_846' title='bbox 2102 5547 2239 5604; x_wconf 87' lang='lat' dir='ltr'><strong>velle</strong></span> <span class='ocrx_word' id='word_1_847' title='bbox 2270 5563 2336 5603; x_wconf 79' lang='lat' dir='ltr'><strong>ex</strong></span> <span class='ocrx_word' id='word_1_848' title='bbox 2360 5548 2462 5603; x_wconf 89' lang='lat' dir='ltr'><strong>hoc</strong></span> <span class='ocrx_word' id='word_1_849' title='bbox 2494 5545 2834 5617; x_wconf 87' lang='lat' dir='ltr'><strong>Scripturam</strong></span> <span class='ocrx_word' id='word_1_850' title='bbox 2871 5560 2970 5600; x_wconf 90' lang='lat' dir='ltr'><strong>nos</strong></span> <span class='ocrx_word' id='word_1_851' title='bbox 3003 5543 3327 5613; x_wconf 71' lang='lat' dir='ltr'><strong>intelligere,</strong></span> <span class='ocrx_word' id='word_1_852' title='bbox 3368 5545 3514 5614; x_wconf 84' lang='lat' dir='ltr'><strong>quod</strong></span> <span class='ocrx_word' id='word_1_853' title='bbox 3558 5542 3684 5615; x_wconf 84' lang='lat' dir='ltr'><strong>Spi-</strong></span> 
     </span>
    </p>
   </div>
   <div class='ocr_carea' id='block_1_117' title="bbox 2103 5635 3685 5707">
    <p class='ocr_par' dir='ltr' id='par_1_117' title="bbox 2103 5635 3685 5707">
     <span class='ocr_line' id='line_1_117' title="bbox 2103 5635 3685 5707; baseline -0.002 -14"><span class='ocrx_word' id='word_1_854' title='bbox 2103 5641 2244 5694; x_wconf 90' lang='lat' dir='ltr'><strong>ritus</strong></span> <span class='ocrx_word' id='word_1_855' title='bbox 2278 5655 2385 5694; x_wconf 89' lang='lat' dir='ltr'><strong>non</strong></span> <span class='ocrx_word' id='word_1_856' title='bbox 2419 5649 2504 5694; x_wconf 87' lang='lat' dir='ltr'><strong>est</strong></span> <span class='ocrx_word' id='word_1_857' title='bbox 2537 5639 2712 5706; x_wconf 85' lang='lat' dir='ltr'><strong>major</strong></span> <span class='ocrx_word' id='word_1_858' title='bbox 2745 5635 2904 5703; x_wconf 86' lang='lat' dir='ltr'><strong>Filio,</strong></span> <span class='ocrx_word' id='word_1_859' title='bbox 2939 5645 2992 5692; x_wconf 90' lang='lat' dir='ltr'><strong>et</strong></span> <span class='ocrx_word' id='word_1_860' title='bbox 3016 5635 3161 5707; x_wconf 91' lang='lat' dir='ltr'><strong>quod</strong></span> <span class='ocrx_word' id='word_1_861' title='bbox 3197 5637 3505 5689; x_wconf 86' lang='lat' dir='ltr'><strong>deilicantia</strong></span> <span class='ocrx_word' id='word_1_862' title='bbox 3548 5636 3685 5690; x_wconf 54' lang='lat' dir='ltr'><strong>cha«</strong></span> 
     </span>
    </p>
   </div>
   <div class='ocr_carea' id='block_1_118' title="bbox 2104 5726 3685 5796">
    <p class='ocr_par' dir='ltr' id='par_1_118' title="bbox 2104 5726 3685 5796">
     <span class='ocr_line' id='line_1_118' title="bbox 2104 5726 3685 5796; baseline -0.003 -10"><span class='ocrx_word' id='word_1_863' title='bbox 2104 5733 2328 5786; x_wconf 86' lang='lat' dir='ltr'><strong>ristnata</strong></span> <span class='ocrx_word' id='word_1_864' title='bbox 2387 5731 2698 5784; x_wconf 85' lang='lat' dir='ltr'><strong>communia</strong></span> <span class='ocrx_word' id='word_1_865' title='bbox 2732 5737 2862 5783; x_wconf 91' lang='lat' dir='ltr'><strong>sunt</strong></span> <span class='ocrx_word' id='word_1_866' title='bbox 2891 5740 2944 5784; x_wconf 93' lang='lat' dir='ltr'><strong>et</strong></span> <span class='ocrx_word' id='word_1_867' title='bbox 2972 5727 3091 5782; x_wconf 86' lang='lat' dir='ltr'><strong>Filii</strong></span> <span class='ocrx_word' id='word_1_868' title='bbox 3123 5739 3178 5782; x_wconf 92' lang='lat' dir='ltr'><strong>ct</strong></span> <span class='ocrx_word' id='word_1_869' title='bbox 3195 5727 3455 5796; x_wconf 87' lang='lat' dir='ltr'><strong>Spiritus.</strong></span> <span class='ocrx_word' id='word_1_870' title='bbox 3498 5726 3564 5780; x_wconf 80' lang='lat' dir='ltr'><strong>At</strong></span> <span class='ocrx_word' id='word_1_871' title='bbox 3592 5743 3685 5781; x_wconf 84' lang='lat' dir='ltr'><strong>ve-</strong></span> 
     </span>
    </p>
   </div>
   <div class='ocr_carea' id='block_1_119' title="bbox 2105 5820 3689 5894">
    <p class='ocr_par' dir='ltr' id='par_1_119' title="bbox 2105 5820 3689 5894">
     <span class='ocr_line' id='line_1_119' title="bbox 2105 5820 3689 5894; baseline 0 -16"><span class='ocrx_word' id='word_1_872' title='bbox 2105 5841 2166 5880; x_wconf 89' lang='lat' dir='ltr'><strong>ro</strong></span> <span class='ocrx_word' id='word_1_873' title='bbox 2217 5826 2284 5880; x_wconf 86' lang='lat' dir='ltr'><strong>ad</strong></span> <span class='ocrx_word' id='word_1_874' title='bbox 2346 5825 2461 5879; x_wconf 64' lang='lat' dir='ltr'><strong>ha‘c</strong></span> <span class='ocrx_word' id='word_1_875' title='bbox 2525 5822 2874 5894; x_wconf 75' lang='lat' dir='ltr'><strong>intelligruda</strong></span> <span class='ocrx_word' id='word_1_876' title='bbox 2928 5823 3010 5879; x_wconf 80' lang='lat' dir='ltr'><strong>vel</strong></span> <span class='ocrx_word' id='word_1_877' title='bbox 3066 5821 3335 5878; x_wconf 74' lang='lat' dir='ltr'><strong>credenda</strong></span> <span class='ocrx_word' id='word_1_878' title='bbox 3386 5820 3689 5878; x_wconf 75' lang='lat' dir='ltr'><strong>sufﬁciebat</strong></span> 
     </span>
    </p>
   </div>
  </div>
