4064 6474
500 351 634 413 1³οΊ
1621 351 2020 412 BARLAAMI
2063 351 2162 414 DE
2197 349 2485 414 SEMINA
2496 351 2632 413 RIA
3604 351 3738 418 1304

433 503 436 506 .
494 470 708 520 tantum
733 463 921 519 dicere
959 481 974 518 :
999 462 1234 532 Accipite
1265 462 1529 533 Spiritum
1556 475 1836 531 sanctum;
1903 465 2080 522 insuf-
2102 467 2155 528 Α
2181 465 2312 531 mis,
2348 465 2431 522 eis
2454 465 2740 521 auferatur
2770 482 2784 519 :
2819 474 2878 526 et
2897 464 2982 522 his
3005 464 3098 535 qui
3153 469 3284 521 lunt
3307 462 3480 521 adhuc
3496 465 3561 522 ad
3582 465 3735 524 ﬁdem

493 554 624 610 llare
655 570 783 610 vero
814 554 952 608 nihil
989 554 1057 610 ad
1086 554 1400 625 hujusmodi
1430 569 1656 611 sensum
1692 554 1924 612 confert.
1973 554 2078 611 Ne-

491 661 599 716 que
622 645 768 700 euim
803 645 918 714 ipsa
951 643 1193 715 Spiritus
1229 645 1564 712 substantia,
1601 662 1778 717 neque
1809 645 1932 717 ejus
1952 646 2073 717 ipsa

491 737 666 803 gratia
695 745 813 791 erat
846 736 936 791 ille
955 737 1320 806 corporaliter
1372 738 1440 793 de
1489 747 1684 794 sancto
1745 753 1843 795 ore
1885 740 2074 796 exiens

492 831 675 896 ﬂatus,
711 846 890 900 neque
919 831 1152 902 apostoli
1207 832 1568 888 absorbentes
1610 832 1789 900 illum,
1837 833 2071 904 gratiam

490 931 841 990 acceperunt,
875 937 999 977 cum
1029 923 1189 979 aliter
1246 938 1353 978 non
1413 935 1656 994 possent.
1719 924 1863 992 Quid
1908 927 2075 999 igitur

491 1013 707 1068 volebat
733 1014 838 1068 sibi
868 1013 1166 1070 insulilatio
1197 1016 1286 1070 illa
1307 1015 1620 1088 isiquidem
1648 1026 1705 1074 et
1724 1019 2090 1088 dicenteipso.

490 1113 700 1159 tantum
731 1121 745 1159 :
771 1107 1026 1175 Accipite,
1063 1107 1168 1174 vel,
1204 1108 1272 1161 do
1303 1108 1446 1164 vobis
1499 1109 1762 1178 Spiritum
1795 1122 2068 1178 sanctum,

489 1196 651 1252 habet
671 1197 818 1267 quod
842 1196 1162 1254 Graecorum
1189 1198 1308 1254 vult
1342 1201 1652 1279 expositio?
1681 1217 1751 1257 an
1773 1211 1943 1266 certe,
2011 1211 2071 1258 ut

486 1289 565 1342 ait
587 1297 812 1346 sanctus
840 1291 1208 1361 Augustinus,
1273 1293 1738 1362 quemadmodum
1765 1295 1820 1350 in
1877 1296 2069 1351 multis

487 1381 772 1451 Scriptura
807 1381 878 1438 de
919 1384 1256 1440 sensibiliter
1281 1395 1335 1439 et
1375 1385 1428 1440 in
1459 1394 1705 1457 tempore
1767 1388 1850 1444 vel
1905 1388 2068 1446 factis

395 1459 416 1470 ”’
484 1471 570 1526 vel
600 1471 782 1533 dictis.
814 1473 1029 1528 reducit
1060 1489 1160 1530 nos
1196 1475 1263 1530 ad
1293 1476 1727 1547 intelligibilium
1755 1488 1808 1535 et
1858 1481 2066 1551 sempi-

485 1573 764 1620 ternorum
789 1565 1328 1642 contemplationem,
1383 1567 1458 1623 ita
1487 1576 1543 1624 et
1575 1569 1795 1640 signum
1815 1569 1903 1627 hic
1965 1573 2066 1626 ali-

409 1673 413 1676 ·
481 1655 628 1722 quod
667 1656 769 1710 hoc
802 1655 1335 1725 prmhuitSalvator,
1366 1661 1634 1715 reducens
1697 1674 1797 1716 nos
1821 1675 1888 1715 ex
1943 1661 2066 1731 ipso

482 1745 550 1800 ad
590 1747 996 1818 intelligendam
1029 1749 1114 1803 vel
1141 1749 1471 1805 credendam
1505 1751 1928 1821 intelligibilem,
1951 1767 2064 1808 ma-

481 1840 566 1908 gis
596 1849 779 1894 autem
811 1857 977 1910 super
1014 1841 1457 1912 intelligentiam,
1492 1853 1548 1898 et
1572 1859 1636 1898 ex
1662 1819 1723 1899 se
1779 1845 1865 1900 sui
1911 1819 2064 1901 con-
2097 1819 2140 1878 Β

481 1932 862 1988 substantialis
899 1932 1139 2004 Spiritus
1191 1934 1652 2001 processionem?
1681 1935 1825 2007 Ergo
1852 1937 1898 1992 si
1960 1937 2068 1993 hoc

483 2022 830 2078 solummodo
887 2023 1222 2078 rationabile
1288 2035 1372 2080 est
1425 2024 1682 2096 intelligi,
1738 2025 2066 2082 rationabile

481 2123 632 2170 certe
670 2129 892 2184 quoque
926 2116 1150 2171 credere
1189 2125 1292 2171 est.

555 2207 628 2261 De
654 2206 984 2277 syllogismis
1015 2222 1143 2261 vero
1164 2207 1411 2276 ipsorum
1461 2218 1516 2264 et
1541 2210 1902 2280 argumentis,
1943 2226 2066 2280 quat

480 2301 585 2361 ais.
616 2315 727 2355 non
763 2299 830 2356 de
853 2300 1189 2356 necessitate
1218 2300 1546 2358 concludere
1575 2303 1938 2372 propositum,
1970 2318 2066 2361 ne-

479 2405 588 2460 que
609 2397 769 2460 posse
793 2391 992 2446 animae
1012 2391 1349 2461 inquisitivae
1378 2392 1444 2448 ad
1472 2393 1690 2455 plenum
1709 2394 2063 2462 satisfacere;

480 2494 590 2536 non
621 2479 767 2534 enim
820 2480 924 2534 hoc
986 2480 1322 2536 mirandum.
1356 2481 1476 2538 Scis
1531 2481 1755 2554 quippe,
1815 2485 1962 2556 quod
2008 2485 2063 2541 in

479 2570 690 2636 multis,
723 2584 851 2626 vera
885 2571 1242 2626 conclusione
1301 2573 1622 2636 exsisteute,
1660 2575 1843 2640 ,nimis
1897 2591 2065 2644 prave

480 2659 548 2713 ad
579 2674 698 2714 eam
731 2675 1017 2716 sermones
1073 2662 1225 2726 ﬁant,
1249 2677 1359 2715 non
1413 2677 1636 2732 semper
1673 2678 1741 2719 ex
1791 2664 2064 2734 imperitia

479 2748 778 2804 dicentium
817 2748 920 2803 hoc
938 2750 1291 2821 contingente
1312 2793 1325 2815 ,
1358 2752 1451 2807 sed
1475 2753 1773 2823 aliquando
1809 2769 1877 2810 ex
1937 2757 2061 2827 ipsa

479 2838 768 2907 propositas
799 2837 872 2893 rei
909 2848 1127 2905 natura,
1155 2855 1264 2894 non
1283 2840 1598 2897 abundante
1623 2844 1944 2902 melioribus
1969 2855 2060 2902 at-

479 2947 587 2999 que
618 2929 947 2987 fortioribus
979 2934 1352 2989 sermonibus.
1389 2934 1700 3004 Aliquando
1732 2953 1864 2995 vero
1915 2941 2063 2996 arbi-

478 3034 659 3080 trante
689 3025 810 3096 ipso
833 3027 1069 3093 dicente,
1102 3041 1201 3096 per
1257 3017 1573 3098 huiusmodi
1623 3043 1912 3088 sermones
1962 3048 2061 3088 au-

476 3117 753 3173 dientibus
790 3119 1030 3174 maxime
1093 3119 1413 3188 persuaderi
1482 3136 1662 3190 posse.
1707 3123 1862 3194 Saepe
1914 3127 2058 3180 enim
2089 3159 2134 3219 ε

476 3210 745 3278 contingit
770 3224 832 3265 ea
865 3226 962 3280 per
991 3226 1113 3293 quae
1134 3211 1259 3266 aliis
1287 3215 1672 3282 persuadetur,
1731 3218 1872 3286 apud
1917 3217 2060 3275 alios

477 3303 706 3359 ridicula
741 3303 941 3372 putari.
980 3301 1113 3357 Item
1150 3319 1326 3374 neque
1363 3319 1464 3374 per
1486 3321 1608 3376 quae
1669 3308 1926 3379 cuiquam
1979 3318 2067 3368 est

477 3411 801 3466 persuasum
837 3395 1066 3466 aliquid,
1093 3411 1192 3466 per
1217 3397 1408 3452 eadem
1432 3413 1651 3468 semper
1683 3401 1813 3458 aliis
1830 3418 2061 3471 persua-

475 3489 590 3543 deri
621 3489 816 3543 nititur
846 3505 860 3552 ;
891 3488 984 3544 sed
1011 3503 1117 3559 qua
1151 3490 1306 3559 sequi
1337 3505 1435 3546 eos
1461 3492 1719 3558 aestimat,
1766 3493 1870 3550 hac
1893 3496 2063 3551 etdu-

475 3597 599 3637 cere
621 3589 810 3656 tentat.
845 3581 920 3636 lta
949 3580 1116 3652 igitur
1139 3591 1195 3638 et
1248 3580 1474 3639 Latinos
1547 3585 1658 3639 noli
1722 3596 1919 3656 putare
1973 3588 2060 3645 his

479 3674 810 3746 syllogismis
836 3683 888 3729 et
915 3675 1258 3745 argumentis
1311 3675 1600 3732 credentes
1657 3688 1866 3746 tenere,
1911 3680 2057 3751 quod

479 3769 700 3834 dicunt;
724 3767 826 3839 ipsi
854 3766 1000 3823 enim
1038 3768 1143 3823 hoc
1171 3769 1404 3824 credunt
1433 3785 1499 3824 cx
1535 3771 1712 3828 tribus
1739 3772 1872 3836 illis,
1933 3774 2060 3844 qui-

480 3863 580 3916 bus
611 3861 720 3915 dixi
778 3870 830 3916 et
877 3873 964 3916 me
995 3859 1049 3915 id
1099 3860 1280 3930 ipsum
1335 3861 1562 3917 credere
1595 3878 1696 3919 :re
1727 3879 1856 3920 vero
1909 3866 2063 3923 exsi-

475 3963 654 4009 stente
682 3967 850 4023 super
876 3952 1171 4020 rationem,
1196 3961 1252 4008 et
1285 3953 1475 4010 multis
1506 3955 1823 4016 nolentibus
1851 3973 1916 4013 οι
1975 3959 2059 4014 di-

476 4047 583 4103 rtis
617 4047 794 4103 tribus
824 4046 1080 4102 similiter
1117 4047 1219 4102 hoc
1247 4049 1494 4114 credere,
1533 4052 1629 4104 sed
1659 4049 1840 4119 potius
1889 4066 2058 4121 argu-

476 4143 678 4197 mentis
716 4151 772 4196 et
820 4141 1154 4212 syllogismis
1215 4141 1472 4198 humanis
1508 4154 1563 4199 et
1596 4143 1704 4198 Deo
1768 4144 2058 4214 condignis

474 4235 787 4306 oppositum
808 4233 1097 4290 ostendere
1123 4235 1454 4292 conantibus
1490 4254 1503 4290 :
1533 4236 1638 4306 ipsi
1673 4237 1958 4308 cupientes
1987 4238 2054 4294 ad

473 4344 535 4383 se
558 4329 659 4383 hos
684 4333 1027 4391 convertere,
1067 4339 1191 4394 quae
1240 4326 1430 4396 utique
1447 4327 1693 4396 cogitant
1726 4342 1943 4399 semper
1989 4329 2057 4385 de

474 4420 753 4489 proposito
783 4417 1198 4489 accommodata
1231 4433 1374 4482 esse,
1409 4419 1475 4474 ad
1507 4419 1837 4476 refellendos
1865 4437 2053 4476 eorum

2184 557 2540 624 inﬁrmiores,
2571 557 2837 613 auxilium
2860 557 3467 628 quoddam-prestetur,
3511 573 3580 614 ne
3627 572 3739 617 mo-

2179 660 2411 708 veantur
2433 666 2529 722 per
2557 650 2770 707 similes
2797 651 3162 722 syllogismos.
3184 649 3453 706 Caeterum
3485 650 3532 708 si
3553 661 3736 710 omnes

2176 745 2450 799 sentirent
2493 743 2570 798 ita
2626 743 2947 813 dispositos,
2977 750 3037 796 ut
3065 757 3167 813 ego
3193 749 3247 796 te
3277 757 3342 796 ex
3370 751 3460 797 tua
3513 742 3738 813 epistola

2177 835 2358 903 video,
2397 851 2506 892 non
2534 835 2722 907 utique
2780 835 2984 892 talibus
3042 844 3327 891 uterentur
3375 835 3736 892 sermonibus.

2175 929 2413 984 Attende
2439 937 2620 984 autem
2647 937 2703 984 et
2731 929 2832 984 sic.

2246 1021 2390 1078 Ecce
2416 1021 2656 1077 humana
2682 1029 2865 1077 mente
2917 1020 3234 1077 ratiocinari
3276 1021 3344 1076 de
3400 1019 3489 1075 illa
3540 1035 3622 1084 re,
3675 1020 3743 1076 de

2171 1127 2281 1183 qua
2309 1113 2388 1168 ait
2415 1121 2643 1170 sanctus
2663 1110 2980 1184 Dionysius,
3011 1112 3184 1182 magis
3205 1111 3467 1166 verilicari
3495 1112 3738 1166 omnium

2171 1218 2294 1273 quae
2312 1203 2575 1267 dicimus,
2605 1217 2840 1272 quaeque
2857 1199 3232 1272 intelligimus,
3248 1199 3564 1269 negationes
3575 1213 3735 1268 quam

2169 1292 2560 1348 allirmationes
2589 1332 2606 1359 ,
2648 1306 2940 1349 commune
2961 1291 3073 1363 jam
3109 1301 3269 1348 estet
3315 1289 3636 1347 Latinorum
3687 1299 3739 1363 e_t

2168 1381 2480 1452 oppositum
2507 1381 2921 1438 defendentium
2961 1359 3333 1436 'Grtecorum.
3386 1379 3547 1436 Fides
3614 1359 3739 1436 vero

2170 1489 2516 1546 nequaquam
2546 1476 2862 1530 communis
2881 1481 2968 1530 est
2993 1489 3008 1540 ;
3037 1473 3138 1529 sed
3185 1471 3366 1528 Latini
3393 1473 3613 1543 quidem
3645 1473 3739 1526 ha-

2169 1567 2303 1622 bent
2333 1567 2621 1637 assiguare
2670 1581 2794 1638 qua:
2825 1565 2935 1622 dixi
2971 1565 3098 1632 tria,
3161 1565 3449 1620 maximam
3490 1564 3738 1621 habentia

2167 1660 2550 1714 auctoritatem
2580 1668 2634 1714 et
2665 1660 2983 1729 dignitatem
3017 1666 3074 1714 et
3126 1657 3550 1728 magnitudinem
3574 1662 3641 1711 ad
3676 1656 3739 1712 li-

2165 1753 2288 1808 dem
2323 1752 2562 1823 :quibus
2593 1753 2780 1823 utique
2802 1751 3054 1823 religiose
3079 1751 3365 1806 credentes
3393 1750 3549 1806 aiunt
3573 1749 3742 1821 Spiri-

2170 1853 2283 1899 tum
2315 1852 2569 1900 sanrtum
2589 1851 2644 1900 et
2660 1859 2727 1899 ex
2752 1842 2894 1899 Filio
2923 1844 3239 1914 procedere.
3262 1841 3338 1897 llli
3363 1857 3492 1896 vero
3514 1841 3610 1912 qui
3663 1841 3741 1896 di-

2171 1947 2307 1994 cunt
2333 1953 2400 1993 ex
2430 1937 2594 1992 Patre
2621 1946 2835 1992 tantum
2868 1935 3162 2006 procedere
3189 1933 3454 2005 Spiritum
3484 1941 3736 1988 sanctum

2173 2033 2239 2088 ad
2271 2033 2410 2088 nihil
2448 2031 2553 2088 tale
2587 2047 2648 2089 se
2671 2030 2934 2087 reducere
2964 2032 3164 2086 valent.
3191 2029 3370 2096 Quare
3401 2028 3736 2100 syllogismis

2168 2124 2432 2180 omnibus
2453 2123 2906 2194 circumscriptis,
2943 2121 3156 2180 Latinis
3210 2121 3431 2193 quidem
3492 2126 3738 2177 remanet

2171 2216 2307 2273 ﬁdes
2337 2233 2352 2271 :
2381 2216 2466 2272 his
2501 2230 2631 2272 vero
2655 2224 2711 2273 et
2733 2215 2865 2272 ﬁdes
2891 2224 2947 2270 et
2968 2215 3232 2286 obligatio
3278 2214 3458 2270 ablata
3486 2223 3596 2271 est.
3638 2212 3737 2268 Ne-

2170 2323 2278 2380 que
2311 2317 2471 2378 putes
2497 2307 2724 2365 Latinos
2758 2310 3045 2364 credentes
3069 2307 3329 2378 Spiritum
3357 2325 3420 2362 ex
3458 2305 3604 2362 Filio
3620 2321 3739 2376 pro-

2171 2400 2388 2464 cedere,
2421 2400 2667 2470 ejusdem
2697 2398 2933 2470 Spiritus
2959 2399 3365 2470 processionem
3387 2398 3470 2454 vel
3504 2397 3733 2455 similem

2171 2500 2367 2561 putare
2388 2490 2508 2545 Filii
2551 2491 2926 2558 generationi,
2982 2490 3066 2544 vel
3117 2488 3453 2544 dilferentem
3490 2487 3735 2559 quidem,

2170 2581 2352 2650 aliqua
2379 2595 2508 2635 vero
2536 2581 2754 2650 penitus
2785 2588 2913 2634 nota
2946 2577 3283 2642 dill'erentia,
3322 2576 3544 2634 dill‘erre
3572 2593 3604 2634 a
3651 2592 3736 2646 ge-

2169 2673 2458 2729 neratione
2497 2671 2642 2728 Filii.
2673 2670 2741 2726 Et
2775 2672 2828 2726 in
2865 2673 2970 2726 hoc
2991 2670 3138 2726 enim
3159 2669 3415 2742 idipsum
3447 2685 3575 2725 cum
3614 2684 3736 2724 san-

2169 2766 2274 2821 ctis
2307 2765 2512 2821 nostris
2556 2763 2816 2820 Patribus
2846 2772 2901 2818 et
2931 2761 3036 2832 ipsi
3058 2761 3333 2816 credunt:
3380 2769 3438 2815 ut
3463 2774 3579 2830 quo
3633 2757 3736 2816 dif-

2167 2856 2352 2913 ferunt
2382 2855 2454 2910 ibi
2487 2855 2769 2926 generatio
2807 2863 2860 2909 et
2888 2851 3198 2923 processio,
3265 2866 3372 2907 non
3421 2849 3734 2906 omnimodo

2166 2959 2356 3005 n0tum
2393 2961 2518 3004 esse
2550 2945 2887 3002 hominibus.
2921 2943 2978 3001 Si
3012 2959 3145 2999 vero
3185 2944 3238 2998 in
3271 2941 3732 3011 disputationibus

2167 3041 2235 3097 ad
2263 3041 2506 3104 Graecos,
2540 3050 2600 3095 ut
2638 3047 2696 3094 tu
2722 3039 2804 3095 ais
2835 3039 2889 3094 in
2916 3039 3165 3108 epistola,
3196 3052 3303 3092 non
3353 3035 3614 3090 videntur
3635 3033 3731 3088 hoc

2167 3147 2408 3196 servare,
2445 3132 2586 3188 scito
2608 3133 2715 3187 hoc
2738 3145 2836 3186 eos
2868 3129 3070 3194 facere,
3135 3132 3280 3185 sicut
3303 3138 3358 3184 et
3387 3128 3489 3199 ipsi
3547 3125 3731 3182 Patres
3829 3127 3842 3142 ‘

2168 3224 2330 3279 vestri
2361 3222 2734 3292 iaciuntzqui
2773 3221 3021 3277 dicentes
3079 3221 3266 3276 multis
3307 3219 3462 3282 locis,
3526 3215 3729 3271 nullum

2165 3330 2290 3372 esse
2310 3311 2645 3386 exemplum,
2681 3315 2767 3370 vel
2805 3314 2860 3368 in
2901 3313 3272 3378 sensibilibus,
3309 3311 3390 3367 vel
3415 3311 3488 3366 in.
3533 3307 3730 3364 intelli-

2164 3408 2424 3480 gihilihus
2462 3422 2692 3463 summae
2724 3404 3011 3462 Trinitatis
3028 3412 3452 3466 sacramentum,
3487 3402 3558 3458 ad
3592 3399 3729 3455 mul-

2163 3511 2216 3556 ta
2248 3500 2704 3557 condescendunt
2730 3500 3002 3568 exempla.
3031 3498 3108 3554 Ita
3140 3507 3196 3555 et
3224 3498 3322 3552 hos
3379 3496 3616 3550 aliorum
3647 3493 3728 3547 in-

2161 3591 2459 3648 credulitas
2490 3599 2545 3646 et
2579 3591 2872 3646 inﬁrmitas
2896 3599 3111 3654 evocat,
3164 3589 3232 3644 ad
3284 3585 3726 3644 condescenden-

2161 3684 2290 3738 dum
2324 3683 2389 3738 ad
2421 3681 2634 3753 aliquas
2666 3691 2825 3738 notas
2864 3679 3278 3747 similitudines,
3318 3685 3544 3750 propter
3589 3688 3724 3748 quas

2161 3774 2416 3830 videntur
2440 3773 2756 3829 discernere
2781 3771 3186 3843 processionem
3245 3784 3276 3824 a
3332 3767 3722 3838 generatione:

2162 3876 2221 3921 ut
2255 3880 2322 3938 ex
2342 3866 2428 3921 his
2451 3865 2518 3921 ad
2553 3865 2989 3928 conclusionem,
3021 3877 3185 3933 quam
3216 3860 3319 3916 ﬁde
3350 3868 3624 3930 oporteret
3653 3867 3726 3915 to-

2161 3958 2302 4022 neri,
2341 3957 2697 4027 perveniatur
2731 3975 2747 4012 :
2786 3971 2896 4011 non
2926 3963 3186 4026 putantes
3210 3951 3531 4018 absurdum,
3559 3950 3606 4008 si
3631 3963 3724 4007 eos

2160 4049 2253 4118 qui
2287 4065 2380 4117 per
2420 4048 2746 4118 simpliciter
2773 4050 3022 4103 sanativa
3061 4046 3246 4101 curari
3265 4059 3375 4100 non
3409 4044 3615 4103 valent.
3632 4057 3722 4114 per

2158 4141 2284 4197 aliis
2307 4141 2502 4197 nociva
2527 4141 2678 4212 ipsos
2731 4139 2800 4194 ad
2852 4139 3141 4195 sanitatem
3195 4137 3405 4208 possint
3444 4149 3717 4193 revocare.

2161 4233 2267 4289 Sed
2292 4234 2470 4290 dehis
2501 4234 2723 4304 quidem
2755 4233 2910 4289 satis.
3309 4218 3320 4224 ’

2230 4329 2614 4385 Necessarium
2641 4337 2824 4382 autem
2885 4325 3127 4382 arbitror
3146 4323 3332 4404 adhuc.
3383 4330 3437 4376 et
3463 4318 3595 4376 illud
3631 4316 3720 4373 tibi

2158 4423 2465 4483 ostendere,
2497 4423 2646 4492 quod
2675 4421 2805 4476 licet
2839 4419 2940 4475 tria
2973 4417 3083 4472 dixi
3102 4416 3357 4484 superius
3413 4429 3554 4477 esse,
3605 4425 3718 4483 quae

472 4515 840 4584 syllogismos,
872 4522 925 4567 et
952 4512 1085 4580 ipsis
1113 4511 1353 4567 fortasse
1412 4513 1860 4582 persuadendum
1916 4515 2057 4570 reci-
2089 4506 2132 4560 Β
2161 4523 2458 4589 coegerunt
2489 4530 2576 4570 me
2593 4514 2819 4570 credere
2849 4519 2904 4568 et
2931 4526 2998 4568 ex
3033 4509 3171 4564 Filio
3193 4507 3456 4576 Spiritum
3479 4515 3722 4564 sanctum

476 4619 624 4672 pere,
644 4602 788 4672 quod
812 4603 1097 4672 qumritur,
1125 4601 1240 4657 haec
1265 4611 1320 4656 et
1337 4603 1530 4658 dicunt
1564 4620 1577 4656 :
1614 4604 1864 4668 minime,
1887 4613 1945 4659 ut
1973 4605 2058 4658 di-

476 4695 550 4756 xi,
581 4707 676 4762 per
707 4691 894 4747 eadem
944 4691 1044 4761 ipsi
1103 4692 1246 4747 idem
1309 4692 1638 4762 credentes,
1688 4695 1783 4750 sed
1827 4703 2056 4766 prapter

472 4786 706 4842 aliorum
741 4784 1194 4849 incredulitatem,
1229 4799 1294 4841 ac
1327 4799 1423 4854 per
1442 4785 1653 4842 similes
1703 4785 2054 4858 syllogismos

473 4878 984 4943 contradictionem,
1021 4876 1335 4940 huiusmodi
1389 4886 1662 4947 coguntur
1714 4879 1792 4931 uti
1839 4895 2054 4950 sermo-

378 4964 385 4970 ’
474 4971 658 5035 uibus,
687 4985 783 5040 per
821 4985 961 5042 quos
985 4977 1202 5024 nonest
1232 4968 1558 5024 incredibile
1581 4978 1636 5024 et
1682 4969 1872 5028 multis
1927 4987 2051 5041 per-

471 5063 711 5120 suaderL

540 5157 722 5213 Causa
754 5163 838 5211 est
868 5153 1032 5228 igitur
1065 5151 1206 5220 ejus,
1263 5150 1407 5221 quod
1433 5153 1500 5206 ad
1535 5161 1755 5208 acutum
1780 5161 1834 5208 et
1900 5154 2052 5214 inve-

473 5252 790 5321 Sligativum
822 5259 929 5303 tute
959 5244 1257 5301 Deiformis
1289 5244 1485 5299 animae
1529 5243 1834 5302 deiectuosi
1865 5248 2056 5304 viden-

474 5356 562 5399 tur
584 5359 777 5399 eorum
834 5338 1162 5410 syllogismi,
1219 5337 1527 5394 sublimitas
1567 5341 1860 5410 proposita!
1901 5355 2053 5411 quaee

471 5431 1053 5498 stionis,eﬂicaciores
1075 5445 1182 5486 non
1228 5431 1539 5502 suscipiens
1580 5432 1956 5503 syllogismos:
1999 5445 2055 5490 et

473 5529 616 5598 quod
653 5541 748 5582 eos
777 5524 992 5580 faciunt
1017 5524 1082 5578 ad
1117 5524 1400 5586 habitum,
1435 5526 1511 5580 uti
1549 5526 1888 5597 coniectant,
1940 5542 2052 5582 non

471 5620 839 5682 credentium,
877 5626 930 5674 et
955 5633 1049 5689 per
1075 5618 1284 5675 similes
1318 5618 1664 5692 syllogismos
1733 5621 2049 5690 oppositum

472 5713 894 5771 defendentium
929 5713 1268 5770 :utetiamsi
1295 5727 1406 5766 non
1443 5712 1508 5765 ad
1540 5712 1761 5781 plenum
1795 5713 1875 5767 eis
1931 5728 2054 5782 per-

471 5807 759 5871 suadetur,
784 5818 1020 5865 attamen
1060 5806 1293 5864 multum
1323 5802 1599 5860 conlidere
1634 5803 1752 5860 suis
1793 5803 2048 5874 syllogiso

2165 4611 2486 4681 procedere,
2519 4608 2625 4662 hoc
2649 4616 2755 4673 est,
2790 4604 2992 4666 multos
3041 4614 3362 4673 magnorum
3414 4610 3720 4656 sanctorum

2167 4703 2274 4758 hoc
2294 4700 2639 4772 apertissime
2684 4698 2919 4762 tradere,
2948 4704 3178 4750 matrem
3214 4691 3578 4748 Ecclesiarum
3627 4691 3722 4744 hoc

2165 4809 2381 4864 semper
2409 4793 2615 4855 dicere,
2639 4805 2734 4861 per
2780 4788 3035 4859 generale
3062 4787 3228 4843 etiam
3280 4784 3572 4839 concilium
3627 4782 3721 4836 hoc

2165 4883 2701 4947 fuissealiirmatum,
2753 4889 2938 4936 tamen
3000 4878 3278 4950 quodlibet
3325 4876 3542 4942 horum,
3613 4874 3721 4928 sine

2161 4955 2298 5036 aliis."
2319 4992 2413 5050 per
2441 4992 2501 5032 se
2530 4977 2639 5032 vim
2671 4991 2780 5030 non
2823 4973 3052 5040 habens,
3087 4971 3291 5040 reliqua
3324 4970 3434 5024 duo
3483 4959 3722 5038 opposita

2167 5071 2304 5127 satis
2329 5084 2389 5127 se
2417 5069 2617 5124 habere
2682 5065 2995 5129 considero,
3051 5072 3110 5118 ut
3161 5063 3400 5132 idipsum
3453 5061 3718 5116 credatur.

2163 5160 2230 5216 Et
2253 5171 2309 5216 tu
2329 5159 2422 5230 qui
2445 5158 2626 5215 adhuc
2657 5155 2856 5213 videris
2883 5155 3156 5225 ignorare,
3193 5162 3376 5207 utrum
3417 5151 3484 5206 de
3509 5153 3608 5207 hoc
3649 5149 3722 5204 fa-

2163 5266 2314 5310 ctum
2338 5253 2536 5308 fuisset
2559 5251 2813 5322 generale
2843 5247 3158 5307 concilium,
3217 5247 3261 5300 si
3315 5244 3553 5300 volueris
3607 5251 3718 5297 tuas

2166 5351 2220 5402 iu
2249 5344 2477 5416 epistola
2528 5342 2887 5414 cogitationes
2919 5341 3060 5396 inter
3081 5353 3140 5394 se
3182 5336 3519 5406 coniungens
3547 5334 3720 5389 adver-

2169 5445 2307 5497 tere,
2331 5433 2461 5504 quid
2494 5448 2559 5488 ex
2584 5430 2718 5502 ipsis
2784 5429 3100 5486 necessario
3152 5425 3438 5493 contingit,
3493 5423 3722 5480 invenies

2171 5526 2326 5582 valde
2351 5525 2748 5588 necessarium,
2779 5533 2834 5577 et
2870 5538 2935 5578 ex
2961 5521 3074 5577 sola
3126 5521 3454 5575 auctoritate
3513 5524 3720 5572 sancto-

2169 5633 2477 5689 rum,quos
2535 5616 2746 5682 dixisti,
2784 5615 2864 5670 vel
2895 5631 2960 5669 ex
2992 5613 3104 5669 sola
3169 5610 3426 5666 Ecclesia:
3479 5608 3719 5664 Romana:

2169 5719 2221 5764 te
2253 5710 2495 5776 credere,
2526 5708 2673 5779 quod
2711 5706 2881 5762 etiam
2924 5721 2988 5760 ex
3014 5703 3153 5758 Filio
3219 5701 3463 5774 Spiritus
3503 5705 3716 5758 sanctus

2165 5801 2431 5874 procedit.
2464 5801 2699 5857 Advertc
2729 5810 2908 5855 autem
2937 5797 3037 5854 sic.

3989 5865 4000 5960 λ
