4064 6450
327 366 471 432 i305

1602 446 1605 451 ι
1683 374 1844 438 PRO
1871 376 2206 441 LATINIS.

3456 379 3594 445 1306

382 480 580 536 Dixisti
611 489 663 535 te
689 496 831 538 scire
863 482 1066 539 multos
1100 500 1428 557 magnorum
1448 498 1767 545 sanctorum
1798 505 1899 545 ex-

2014 494 2292 566 Scriptura
2322 505 2509 566 aperte
2539 496 2826 560 dicuntur,
2859 495 2941 551 vel
2979 494 3034 550 in
3073 494 3429 566 generalibus
3453 511 3593 551 con-

314 574 570 643 ponenda
589 573 829 628 divinam
852 573 1189 651 Scripturam
1250 579 1542 637 tradidisse
1571 596 1667 649 per
1702 582 1900 647 multa,

315 664 644 733 quodetiam
680 680 745 720 ex
774 667 935 721 Filio.
959 667 1091 722 Item
1143 668 1353 733 dixisti,
1385 672 1533 742 quod
1591 672 1757 742 hujus
1800 688 1903 744 0p-

316 757 583 827 positum,
622 757 833 813 scilicet
870 775 935 815 ex
960 760 1079 816 solo
1115 759 1298 829 Patre,
1329 780 1507 833 neque
1534 766 1749 820 ratione
1800 779 1900 834 po-

317 860 399 903 tes
423 848 752 918 intelligere,
779 867 959 920 neque
1019 852 1088 906 de
1112 869 1271 908 sacra
1329 854 1616 925 Scriptura
1669 858 1903 912 conclu-

317 938 447 995 dere
481 951 572 995 :et
600 943 747 1010 quod
773 944 955 998 nescis
985 944 1126 1000 ullos
1173 959 1399 1003 sanctos
1433 949 1537 1003 hoc
1558 959 1745 1019 aperte
1791 958 1903 1005 tra-

314 1033 541 1096 didisse,
576 1034 657 1088 vel
687 1035 939 1102 generale
965 1037 1256 1101 concilium
1287 1040 1391 1094 hoc
1410 1040 1905 1109 determinasse,et

314 1125 461 1198 quod
493 1127 605 1182 scis
640 1135 870 1182 matrem
899 1128 1272 1186 Ecclesiarum
1305 1132 1531 1195 minime
1562 1133 1669 1189 hoc
1690 1132 1901 1191 dicere.

386 1222 455 1275 At
485 1236 614 1276 vero
649 1222 694 1276 si
730 1221 863 1292 quid
899 1223 966 1278 de
994 1223 1103 1279 Deo
1161 1225 1319 1280 multi
1355 1234 1409 1281 et
1452 1226 1635 1298 magni
1699 1228 1902 1297 sancti,

313 1314 639 1383 exponendo
674 1314 913 1369 divinam
939 1310 1281 1385 Scripturam
1310 1317 1529 1381 dicunt,
1591 1321 1753 1391 cujus
1798 1336 1901 1391 op-

316 1410 553 1479 positum
613 1423 682 1464 ex
734 1408 852 1477 ipsa
902 1407 1188 1478 Scriptura
1233 1410 1568 1475 ostenditur,
1597 1427 1776 1483 neque
1810 1429 1907 1483 per

314 1502 585 1556 rationem
644 1502 1085 1568 demonstratur,
1113 1517 1289 1572 neque
1349 1519 1445 1574 per
1476 1514 1699 1560 sanctos
1720 1517 1907 1577 aperte

320 1593 589 1657 traditur,
638 1607 818 1664 neque
868 1608 966 1662 per
1016 1594 1272 1664 generale
1339 1596 1636 1652 concilium
1722 1598 1908 1653 deter-

316 1687 598 1752 minatur,
634 1701 811 1757 neque
884 1701 981 1756 per
1053 1696 1286 1743 matrem
1361 1686 1734 1751 Ecclesiarnm
1803 1690 1906 1747 do-

314 1788 471 1833 cetur
504 1796 517 1833 :
557 1778 660 1832 hoc
717 1777 867 1833 credi
920 1779 1086 1835 nimis
1121 1781 1496 1837 necessarium
1552 1793 1658 1839 est.
1683 1783 1740 1839 Si
1777 1800 1908 1841 vero

317 1872 419 1926 hoc
478 1870 714 1942 ambigis
744 1882 799 1927 et
838 1872 1083 1937 dubitas,
1114 1882 1299 1928 utrum
1344 1874 1418 1930 sit
1467 1877 1847 1933 necessarium
1879 1894 1895 1936 :

316 1964 407 2018 sed
462 1963 593 2019 illud
644 1963 871 2019 minime
922 1964 1227 2030 dubitabis,
1266 1966 1386 2023 sine
1441 1968 1689 2036 periculo
1744 1970 1898 2039 peni-

318 2061 404 2108 tus
453 2056 599 2123 quod
648 2054 758 2109 tale
798 2052 915 2120 est”,
945 2070 1108 2125 posse
1164 2058 1334 2122 credi,
1393 2059 1440 2115 si
1506 2059 1728 2129 quidem
1787 2077 1899 2117 non

315 2147 535 2202 dubitas
564 2147 619 2201 in
651 2148 860 2204 sanctis
889 2162 1014 2205 esse
1041 2164 1138 2205 eos
1165 2150 1259 2220 qui
1280 2150 1384 2207 hoc
1407 2152 1784 2219 crediderunt,
1802 2156 1903 2209 do-

316 2250 566 2307 cuerunt,
595 2251 648 2296 et
683 2243 955 2311 scriptura
994 2244 1355 2301 tradiderunt.
1414 2244 1558 2316 Ergo
1614 2263 1738 2303 cum
1795 2248 1902 2304 hoc

318 2334 390 2389 sit
412 2335 531 2389 sine
561 2335 833 2405 periculo,
867 2337 992 2391 vide
1017 2338 1180 2406 quale
1214 2338 1288 2393 sit
1344 2339 1552 2406 dicere,
1582 2341 1770 2411 'quod
1833 2357 1899 2396 ex

317 2426 437 2480 solo
467 2426 627 2480 Patre
675 2426 940 2497 procedit.
972 2427 1067 2483 Ais
1127 2429 1299 2497 enim,
1359 2431 1504 2500 quod
1570 2431 1675 2488 hoc
1724 2448 1903 2502 neque

318 2519 643 2584 auctoritas,
670 2534 850 2590 neque
879 2520 1274 2579 demonstratio
1328 2525 1608 2595 compellit
1639 2536 1691 2582 te
1760 2528 1901 2583 reci-

319 2626 478 2680 pere,
504 2619 560 2665 et
587 2611 743 2665 multi
783 2626 1110 2680 magnorum
1153 2624 1478 2671 sanctorum
1537 2632 1663 2672 cum
1726 2625 1903 2673 matre

320 2702 688 2759 Ecclesiarum
733 2713 922 2774 aperte
982 2707 1296 2776 oppositum
1359 2710 1581 2765 docent.
1641 2709 1782 2781 Ergo
1836 2727 1904 2766 ex

318 2794 554 2851 volendo
586 2797 685 2849 hoc
718 2806 927 2862 tenere,
960 2800 1208 2868 suspicio
1246 2815 1372 2855 mox
1404 2801 1590 2872 aliqua
1669 2803 1902 2873 periculi

320 2888 608 2944 conﬂatur.
634 2887 778 2959 Ergo
796 2905 921 2945 cum
958 2891 1064 2947 hoc
1094 2892 1165 2948 sit
1185 2907 1287 2962 pro
1316 2904 1470 2949 certo
1501 2896 1901 2964 periculosum,

322 2982 453 3037 illud
492 2998 623 3037 vero
654 2984 879 3038 omnino
902 2982 1023 3040 sine
1058 2984 1342 3054 periculo,
1384 2985 1618 3055 duaeque
1665 2988 1780 3042 sint
1808 3002 1904 3043 so—

321 3073 384 3128 lae
415 3085 598 3143 partes
620 3074 883 3130 Ecclesiae
922 3093 936 3128 :
967 3088 1075 3129 una
1107 3091 1231 3145 quae
1267 3084 1444 3140 tenet,
1472 3077 1620 3145 quod
1676 3079 1900 3148 penitus

2003 588 2147 643 ciliis
2180 602 2444 659 expresse
2466 588 2832 643 determinata
2859 597 3009 652 sunt,
3037 598 3097 642 ut
3163 603 3288 642 cum
3336 588 3440 643 hoc
3494 590 3591 654 sit,

2004 681 2159 736 nullo
2193 681 2359 735 modo
2389 682 2561 751 possit
2590 681 2720 735 illud
2750 695 2875 737 esse
2911 698 2924 735 :
2951 690 3005 735 et
3034 695 3161 735 cum
3187 679 3322 735 illud
3355 682 3451 747 sit,
3483 679 3592 734 mi-

2003 775 2154 827 nime
2196 774 2300 829 hoc
2338 774 2759 828 locumhaheat.
2814 771 3386 827 Hationahilissimum
3440 771 3589 826 enim

2002 873 2149 921 esset
2180 879 2208 917 a
2238 866 2366 919 talia
2398 864 2895 935 dogmatisantihus
2925 863 3115 918 dividi.
3172 862 3377 917 Neutro
3444 863 3591 917 enim

2005 958 2202 1012 horum
2234 957 2607 1027 contingente,
2650 954 3032 1010 irrationabile
3068 953 3205 1008 velle
3238 953 3465 1007 omnino
3507 953 3593 1006 di-

2005 1049 2117 1105 vidi
2143 1049 2493 1119 relinquitur.
2525 1049 2595 1104 M
2617 1063 2748 1103 vero
2773 1057 3031 1102 neutrum
3050 1049 3244 1100 horum
3276 1046 3331 1099 in
3355 1044 3589 1099 exordio

2005 1141 2325 1197 schismatis
2356 1140 2612 1195 Ecclesiae
2644 1139 2905 1194 Romana:
2931 1138 3181 1206 contigit.
3201 1135 3336 1189 Nam
3363 1135 3434 1189 de
3466 1149 3594 1202 pro-

2005 1231 2258 1286 cessione
2277 1238 2331 1285 et
2364 1246 2429 1284 ex
2466 1227 2606 1284 Filio
2643 1228 2884 1298 Spiritus
2910 1228 3112 1290 sancti,
3132 1226 3310 1281 sancti
3342 1224 3444 1289 illi,
3470 1221 3595 1291 qui-

2009 1323 2112 1378 bus
2141 1322 2388 1378 Ecclesia
2419 1320 2669 1377 Romana
2707 1334 2837 1375 mox
2867 1321 3120 1387 credens,
3155 1321 3258 1375 hoc
3313 1327 3484 1382 tenet,
3510 1317 3597 1371 ia-

2007 1416 2081 1472 cti
2112 1426 2241 1470 sunt
2261 1424 2388 1470 ante
2420 1416 2739 1469 inchoatum
2778 1414 3043 1479 schisma,
3072 1411 3162 1467 alii
3200 1410 3595 1477 trecentis,alii

2006 1508 2451 1578 quadringentis,
2474 1507 2569 1562 alii
2601 1522 2733 1561 vero
2758 1516 2814 1561 et
2846 1504 3160 1577 quingentis
3193 1505 3377 1558 annis.
3407 1502 3471 1557 Et
3537 1509 3598 1554 ut

1980 1617 2177 1659 tunum
2214 1616 2325 1671 prae
2351 1602 2611 1656 oumihus
2636 1600 2843 1663 dicam,
2880 1599 2975 1669 qui
3006 1613 3115 1653 non
3137 1595 3478 1658 transitorie,
3501 1595 3598 1650 sed
3680 1658 3685 1663 η

2006 1693 2076 1749 de
2096 1694 2289 1749 eodem
2323 1694 2443 1762 ipso
2469 1692 2849 1762 principaliter
2877 1692 3134 1761 loquens,
3165 1689 3518 1759 apertissime
3544 1687 3596 1741 id

2008 1788 2192 1852 docet,
2243 1802 2528 1858 magnum,
2561 1787 2811 1856 inquam,
2836 1785 3202 1857 Augustinum
3231 1826 3247 1850 ,
3303 1784 3391 1837 hic
3450 1782 3599 1834 circa

2009 1890 2255 1951 tempora
2286 1879 2587 1936 Theodosii
2622 1878 2801 1948 Magni
2848 1878 3074 1943 claruit,
3114 1890 3293 1931 annos
3334 1873 3601 1929 videlicet

2002 1986 2135 2031 ante
2163 1975 2409 2033 schisma
2443 1985 2498 2029 et
2523 1974 2669 2028 ultra
2712 1972 3049 2042 quingentos
3077 1988 3090 2025 :
3118 1970 3277 2039 cujus
3338 1982 3407 2022 ex
3468 1976 3602 2022 tunc

2001 2067 2247 2124 Ecclesia
2280 2067 2469 2137 utique
2493 2067 2743 2121 Romana
2786 2065 2989 2135 scripta
3026 2063 3245 2127 habuit,
3295 2076 3421 2115 cum
3446 2068 3599 2115 esset

2001 2161 2251 2229 ejusdem
2276 2161 2497 2230 linguae,
2517 2168 2572 2213 et
2593 2159 2848 2227 dogmata
2879 2163 3203 2212 veneratur.

2071 2252 2143 2307 At
2160 2266 2286 2307 vero
2313 2251 2497 2305 dicere
2511 2260 2562 2305 et
2578 2266 2643 2303 ex
2663 2248 2821 2312 Filio,
2844 2248 2977 2302 nihil
2993 2246 3307 2317 oppositum
3330 2252 3411 2296 est
3436 2238 3604 2295 addi-

2003 2342 2235 2398 cendum
2258 2358 2322 2397 ex
2344 2344 2524 2399 Patre.
2546 2339 2666 2394 Non
2686 2340 2830 2395 enim
2848 2338 2895 2394 si
2914 2337 3159 2409 procedit
3174 2346 3226 2391 et
3245 2333 3479 2396 exFilio,
3498 2331 3607 2386 tol-

2004 2436 2136 2491 litur
2155 2435 2450 2505 procedere
2472 2442 2523 2489 et
2541 2449 2607 2489 ex
2631 2432 2829 2499 Patre;
2854 2431 2949 2487 sed
2966 2430 3148 2501 potius
3175 2428 3268 2482 illo
3293 2427 3445 2496 prius
3468 2439 3606 2478 eon-

2004 2543 2185 2592 cesso,
2202 2538 2255 2582 et
2275 2541 2340 2582 ex
2366 2526 2526 2581 Patre
2539 2525 2835 2595 procedere
2855 2521 3165 2579 necessario
3185 2515 3604 2589 sequitur.Qua:

2004 2636 2139 2677 vero
2164 2621 2237 2674 ita
2257 2635 2315 2675 se
2336 2619 2539 2675 habent
2570 2620 2710 2671 inter
2732 2631 2814 2681 se,
2836 2613 3193 2683 repugnantia
3208 2626 3314 2665 non
3335 2622 3485 2666 sunt.
3504 2607 3598 2661 Er-

2006 2727 2074 2782 go
2090 2721 2144 2765 et
2160 2711 2344 2765 divina
2375 2708 2660 2778 Scriptura
2692 2721 2846 2776 prius
2872 2705 3118 2767 dicente,
3147 2718 3214 2758 ex
3232 2700 3393 2755 Patre
3413 2713 3607 2768 proce-

2006 2805 2137 2859 dere
2155 2802 2419 2871 Spiritum
2443 2809 2696 2856 sanetum
2727 2817 2742 2866 ;
2782 2809 2837 2853 et
2866 2798 3215 2868 postmodum
3239 2792 3486 2850 conciliis
3503 2791 3609 2846 idi-

2007 2911 2168 2967 psum
2186 2894 2522 2959 dicentibus,
2543 2891 2785 2947 Ecclesia
2810 2889 3053 2944 Romana
3073 2889 3263 2943 dicens
3280 2895 3334 2940 et
3353 2900 3417 2965 es
3439 2882 3603 2949 Filio,

2007 3001 2116 3042 non
2146 2985 2484 3055 dogmatizat
2513 2982 2720 3052 aliquid
2756 2981 2866 3036 illis
2888 2993 3234 3049 repugnans,
3268 2985 3324 3032 et
3365 2977 3509 3031 dicta
3540 2976 3608 3029 il-

2009 3079 2188 3134 lorum
2231 3077 2577 3140 interimens,
2630 3074 2724 3130 sed
2763 3073 2947 3142 potius
2980 3072 3116 3137 tale,
3168 3086 3279 3140 quo
3310 3082 3602 3133 concesso,

320 3175 404 3223 est
434 3167 555 3222 sine
584 3166 867 3235 periculo:
900 3167 1006 3221 alia
1031 3180 1161 3221 vero
1198 3167 1347 3237 quod
1391 3171 1687 3225 manifeste
1754 3172 1903 3238 peri-
1929 3173 1977 3233 c
2023 3171 2155 3225 illud
2188 3167 2502 3224 necessario
2534 3165 2840 3221 confertur.
2874 3161 3010 3218 Nam
3045 3162 3222 3218 sicubi
3275 3162 3455 3215 adhuc
3515 3159 3604 3214 di-

321 3262 570 3319 culosum
604 3270 722 3327 est;
749 3271 912 3331 atque
938 3262 1045 3317 alia
1096 3261 1341 3319 Ecclesia
1405 3280 1513 3319 non
1549 3266 1623 3322 sit
1679 3267 1910 3323 collecta

323 3368 391 3410 ex
451 3354 652 3408 talibus
707 3353 1069 3419 hominibus,
1103 3354 1323 3424 qualem
1396 3364 1455 3411 tu
1508 3357 1691 3415 adhuc
1747 3360 1831 3415 ais
1864 3368 1915 3415 te

322 3459 469 3515 esse,
494 3454 747 3501 neutrum
818 3456 1191 3502 extremorum
1259 3451 1569 3517 tenens;in
1630 3452 1914 3509 omnibus-

325 3554 451 3607 que,
495 3539 706 3592 caeteris
740 3538 988 3607 paribus,
1020 3539 1332 3609 eligendum
1356 3543 1431 3598 sit
1481 3544 1683 3615 magis,
1763 3544 1914 3613 quod

326 3629 446 3686 sine
474 3630 721 3699 periculo
741 3642 844 3694 est,
880 3647 1045 3701 quam
1078 3634 1225 3700 quod
1258 3634 1686 3700 periculosumx:
1723 3650 1910 3692 nonne

321 3724 435 3793 jam
468 3736 532 3777 ex
559 3722 669 3777 tuis
716 3724 1149 3793 cogitationibus
1202 3726 1357 3782 vides
1411 3726 1693 3793 concludi,
1749 3727 1914 3782 nimis

330 3814 702 3871 necessarium
737 3828 883 3877 esse,
908 3814 1119 3871 Latinis
1139 3817 1332 3872 eadem
1359 3818 1499 3873 velle
1533 3820 1598 3873 de
1631 3818 1915 3888 proposito

331 3922 547 3978 sapere,
580 3908 773 3963 eodem
813 3924 943 3964 vero
966 3911 1161 3975 modo;
1186 3910 1303 3964 visa
1325 3911 1589 3967 similiter,
1650 3912 1915 3969 Romanae

336 4000 593 4056 Ecclesia:
614 3999 947 4055 auctoritate
988 4014 1086 4071 per
1119 4001 1319 4056 similia
1386 4003 1565 4059 media
1608 4006 1911 4068 transiens,

330 4093 620 4162 pervenias
666 4092 978 4148 necessario
1024 4092 1093 4147 ad
1145 4093 1397 4148 eamdem
1447 4093 1916 4150 conclusionem?

329 4184 511 4250 Quare
540 4185 760 4239 etiamsi
794 4185 1038 4240 nondum
1066 4184 1263 4241 fuisset
1294 4183 1499 4242 factum
1564 4186 1633 4241 de
1679 4187 1785 4242 hoc
1822 4201 1944 4258 δε·-

331 4276 517 4331 nerale
545 4276 866 4340 concilium,
900 4285 1081 4331 tamen
1114 4278 1494 4333 necessarium
1518 4288 1606 4335 est
1666 4279 1913 4349 recipere

330 4368 477 4439 quod
514 4367 757 4437 Spiritus
785 4378 1013 4422 sanctus
1039 4382 1105 4422 ex
1144 4366 1305 4423 Patre
1332 4368 1586 4440 Filioque
1617 4370 1868 4440 procedit
1894 4384 1909 4422 :

331 4469 387 4515 et
416 4462 521 4515 hoc
554 4468 839 4527 negantes,
875 4473 1225 4527 nequaquam
1279 4468 1537 4530 tanquam
1564 4473 1774 4531 partem
1811 4461 1913 4517 Ec-

2018 3272 2167 3319 ctutn
2222 3276 2330 3316 non
2384 3259 2601 3324 fuisset,
2648 3257 2796 3329 quod
2833 3257 3074 3327 Spiritus
3096 3255 3344 3325 procedit
3382 3269 3450 3309 ex
3503 3253 3607 3308 Pa.

2017 3364 2123 3421 tre,
2182 3364 2238 3410 et
2290 3355 2609 3409 crederetur
2654 3350 2917 3407 Ecclesiae
2973 3349 3261 3413 Romanae,
3316 3347 3465 3418 quod
3536 3362 3603 3401 ex

2018 3445 2159 3500 Filio
2228 3443 2472 3513 procedit
2528 3459 2543 3496 :
2593 3456 2659 3495 ex
2720 3441 2824 3495 hoc
2902 3439 3091 3508 utique
3173 3437 3609 3492 concluderetur

2017 3536 2332 3592 necessario
2387 3534 2543 3589 illud.
2578 3530 2737 3587 Nani'
2777 3531 2824 3587 si
2876 3529 3123 3601 procedit
3160 3543 3229 3584 ex
3285 3526 3448 3591 Filio,
3513 3527 3608 3597 qui

2016 3628 2200 3683 omnia
2254 3643 2377 3698 quae
2430 3626 2593 3680 habet
2624 3640 2690 3681 ex
2743 3624 2906 3679 Patre
2968 3623 3161 3685 habet,
3198 3621 3447 3691 procedit
3475 3633 3609 3687 ergo

2031 3730 2089 3776 et
2145 3734 2213 3774 ex
2278 3718 2456 3773 Patre.
2490 3716 2692 3784 'Quare
2748 3731 2861 3771 non
2922 3714 3189 3769 tolluntur
3236 3727 3303 3767 ex
3328 3712 3610 3780 hoc,qn;e

2015 3815 2171 3886 prius
2235 3812 2621 3877 credebantur,
2709 3809 2805 3865 sed
2856 3809 3040 3862 adhuc
3118 3806 3293 3875 magis
3343 3804 3610 3859 roboran-

2018 3916 2128 3963 tur.
2172 3904 2316 3975 Ergo
2379 3904 2426 3958 si
2471 3904 2524 3957 itt
2579 3900 2857 3972 principio
2915 3898 3261 3964 schismatis,
3316 3897 3452 3950 nihil
3503 3910 3609 3950 no-

2015 4016 2143 4055 vum
2190 4000 2275 4054 vel
2314 4010 2631 4069 repugnans
2680 3994 2848 4050 alicui
2891 4008 3086 4048 eorum
3109 4031 3125 4056 ,
3158 4006 3281 4060 quae
3314 4008 3342 4045 a
3372 3998 3483 4044 tota
3510 3988 3612 4042 Ec-

2016 4093 2185 4149 clesia
2214 4092 2599 4155 credebantur,
2618 4088 2990 4156 dogmatizare
3026 4085 3188 4154 coepit
3226 4083 3471 4139 Ecclesia
3495 4080 3608 4135 lio-

2016 4200 2178 4241 mana
2207 4225 2223 4253 ,
2268 4182 2546 4251 quomodo
2574 4195 2684 4235 non
2709 4179 2937 4235 omnino
2966 4185 3121 4232 extra
3149 4175 3426 4230 rationem
3484 4173 3607 4241 ejus

2019 4278 2096 4332 illi
2120 4278 2432 4333 refutarunt
2461 4275 2939 4335 communionem,
2968 4269 3055 4324 vel
3084 4269 3365 4339 quomodo
3401 4280 3510 4320 non
3536 4280 3609 4320 ex

2018 4372 2200 4441 aliqua
2232 4369 2472 4425 elatione
2497 4376 2552 4422 et
2575 4365 2856 4435 superbia,
2883 4363 2967 4418 vel
2997 4362 3298 4417 ambitione
3332 4368 3388 4414 et
3418 4359 3606 4413 av‘ari-
3668 4347 3678 4359 ’

2019 4468 2115 4529 tia,
2143 4464 2228 4519 vel
2255 4462 2346 4517 tali
2383 4461 2570 4529 aliqua
2603 4458 2860 4528 passione
2889 4456 2994 4525 ipsi
3018 4456 3119 4509 hoc
3140 4453 3287 4523 passi
3318 4462 3449 4507 sunt
3470 4451 3492 4505 ἳ
3515 4466 3612 4505 ne-

332 4551 535 4615 clesiaa,
571 4550 664 4605 sed
702 4558 965 4621 tanquam
990 4551 1216 4606 omnino
1257 4551 1539 4608 abscissos
1566 4529 1636 4609 ab
1666 4553 1914 4610 Ecclesia
1948 4529 1991 4584 θ
2026 4576 2137 4632 que
2192 4560 2341 4616 enim
2409 4557 2569 4621 illud,
2594 4553 2746 4623 quod
2783 4551 3081 4607 multarunt
3114 4556 3221 4613 est,
3249 4549 3353 4601 dici
3400 4554 3603 4615 potest,

332 4654 388 4699 et
417 4647 483 4699 ad
509 4644 775 4698 rationem
804 4641 1145 4698 schismatici
1193 4642 1458 4698 cadentes
1492 4655 1703 4712 putare.
1776 4645 1921 4712 Quid

332 4748 551 4801 autem,
588 4736 635 4791 si
665 4735 1010 4800 ostendatur,
1041 4734 1189 4803 quod
1226 4735 1388 4805 primi
1413 4735 1635 4790 illorum
1688 4735 1913 4792 Graeco-

335 4846 481 4897 rum,
514 4828 608 4899 qui
647 4844 708 4884 se
736 4835 1137 4899 separaverunt
1161 4843 1188 4881 a
1215 4827 1535 4882 Latinorum
1570 4830 1920 4886 communio-

337 4937 428 4989 ne,
462 4937 570 4976 non
599 4922 832 4984 ratione,
859 4919 953 4975 sed
986 4920 1225 4989 quadam
1254 4919 1621 4975 irrationabili
1660 4923 1919 4991 passione

337 5016 443 5068 hoc
472 5013 618 5084 passi
649 5013 824 5068 sunt?
849 5027 1029 5067 nonne
1059 5020 1113 5069 et
1145 5012 1220 5066 ita
1265 5014 1604 5081 patefactum
1653 5020 1781 5084 erit,
1816 5019 1918 5073 hos

335 5120 462 5162 esse
492 5105 917 5161 schismaticos?
946 5116 1003 5160 at
1034 5120 1167 5161 vero
1198 5106 1334 5162 nihil
1369 5107 1442 5162 ita
1488 5117 1743 5178 apertum
1802 5111 1919 5167 ﬁeri

341 5210 541 5267 pateat.
584 5197 948 5253 Considerare
972 5198 1117 5252 enim
1144 5199 1218 5253 ita
1242 5209 1481 5270 oportet,
1513 5202 1581 5256 ad
1599 5202 1917 5259 evitandum

343 5290 748 5347 rationabiliter
776 5290 970 5344 matris
1007 5288 1385 5347 Ecclesiarum
1448 5295 1923 5362 communionem,

342 5387 452 5438 duo
482 5382 766 5453 oportebit
802 5385 1116 5437 necessario
1138 5397 1434 5439 occurrere
1472 5403 1486 5440 :
1530 5401 1726 5452 unum,
1790 5397 1923 5444 tunc

345 5476 601 5546 primitus
628 5477 901 5545 incepisse
931 5475 1239 5532 Romanam
1266 5476 1573 5533 Ecelesiam
1625 5481 1830 5551 aliquid
1858 5483 1926 5538 de

347 5569 695 5639 dogmatibus
717 5570 840 5624 tidei
865 5584 1058 5639 sapere
1085 5579 1138 5623 et
1162 5567 1561 5637 dogmatizare,
1600 5571 1746 5641 quod
1771 5575 1925 5643 prius

348 5675 526 5729 neque
559 5661 816 5725 docebat,
853 5676 1026 5729 neque
1053 5650 1365 5717 sentiebat.‘
1403 5662 1715 5720 Secundum
1750 5679 1831 5722 est
1858 5668 1925 5724 il-

351 5750 465 5817 lud,
493 5751 709 5805 noviter
737 5750 1170 5821 dogmatizatum
1225 5753 1296 5805 ita
1326 5766 1385 5807 se
1417 5753 1616 5811 habere
1674 5762 1927 5827 opposite

349 5854 401 5897 et
431 5852 797 5916 repugnanter
836 5844 1044 5917 aliquid
1082 5859 1271 5901 corum
1334 5862 1457 5916 qua:
1508 5850 1589 5905 vcl
1630 5852 1684 5907 in
1753 5868 1911 5910 sacra

2023 4655 2174 4724 quod
2203 4651 2471 4723 synodico
2506 4663 2727 4703 canone
2764 4645 3112 4716 prohibente,
3140 4642 3384 4697 adimere
3403 4641 3610 4711 aliquid

2023 4747 2108 4800 vel
2139 4744 2342 4800 addere
2373 4742 2497 4797 lidei
2534 4738 2816 4812 Symbolo,
2848 4737 2930 4791 illi
2962 4736 3033 4791 ab
3064 4750 3200 4790 ausa
3258 4734 3463 4805 aliquid
3514 4732 3613 4788 ad-

2015 4837 2149 4892 dere
2207 4835 2406 4890 mcrito
2443 4833 2846 4889 discesserunt.

2092 4929 2337 4985 Primum
2362 4927 2508 4983 enim
2530 4925 2717 4980 nullus
2745 4923 2871 4979 talis
2892 4936 3070 4976 canon
3102 4920 3155 4974 in
3214 4915 3467 4974 conciliis
3526 4915 3611 4970 in-

2022 5022 2261 5077 venitur.
2288 5020 2496 5076 Deinde
2533 5022 2643 5073 non
2677 5026 2807 5072 ante
2858 5015 3126 5076 schisma,
3158 5026 3265 5065 non
3331 5010 3386 5064 in
3444 5008 3609 5076 hujus

2025 5114 2317 5183 principio,
2349 5127 2455 5167 non
2485 5111 2651 5180 paulo
2683 5117 2830 5177 post,
2859 5106 2957 5163 sed
2983 5104 3175 5160 multis
3194 5114 3320 5171 post.
3350 5101 3455 5155 hoc
3504 5115 3609 5153 an-

2026 5207 2133 5274 nis,
2168 5205 2413 5262 Ecclesia
2443 5202 2716 5268 Romana,
2747 5215 2871 5256 cum
2905 5214 3001 5270 per
3048 5196 3250 5250 multas
3276 5197 3429 5264 prius
3465 5193 3613 5259 lega-

2023 5299 2199 5357 tiones
2229 5300 2296 5355 de
2350 5298 2540 5353 eodem
2600 5297 2821 5351 Graecos
2869 5291 3255 5348 admonuisset
3297 5299 3354 5344 et
3391 5290 3608 5343 hortata

2022 5392 2219 5448 fuisset
2244 5408 2275 5446 a
2310 5391 2614 5448 deterrimo
2643 5390 2940 5444 schismate
2962 5383 3269 5447 discedere,
3297 5392 3357 5437 ut
3378 5398 3484 5436 non
3512 5383 3611 5435 ha-

2023 5487 2145 5541 buit
2174 5486 2515 5545 obedientes.
2547 5482 2785 5550 denique
2804 5476 3103 5533 concilium
3133 5488 3301 5543 super
3352 5473 3455 5529 hoc
3501 5472 3609 5527 sibi

2024 5578 2407 5635 obedientihus
2465 5576 2731 5631 celebrari
2797 5569 3027 5635 iaciens,
3084 5568 3193 5623 hoc
3240 5569 3295 5620 in
3347 5564 3611 5635 Sytnbolo

2026 5687 2133 5726 non
2172 5649 2451 5725 immerito
2491 5667 2722 5723 addidit.
2754 5662 3025 5730 Quoniam
3064 5659 3110 5716 si
3140 5657 3400 5714 similiter
3453 5666 3609 5711 tanta

2022 5764 2462 5819 Christianorum
2490 5776 2624 5832 gens
2647 5765 2899 5827 negasset
2947 5771 3055 5809 non
3090 5768 3211 5808 csse
3240 5748 3437 5805 Filium
3487 5764 3609 5803 otn-

2027 5857 2384 5928 nipoteutetn,
2406 5855 2488 5910 vel
2517 5854 2909 5916 viviﬁcantem,
2951 5859 3004 5905 ct
3033 5846 3217 5902 multa:
3276 5845 3613 5902 adderentur
