4064 6460
538 346 679 412 1307

1650 363 2062 428 BARLAAMI
2099 367 2200 430 DE
2239 367 2674 432 SEMINARIA

3678 382 3797 446 1308

535 466 781 536 quotidie
803 466 936 525 huic
962 469 1199 541 heresi;
1229 482 1380 532 certe
1428 493 1536 534 non
1563 493 1780 540 careret
1800 487 2037 550 ratione,
2092 490 2138 544 si
2175 494 2219 549 Α
2252 490 2483 554 tollitur,
2517 491 2603 546 Vel
2641 506 2833 546 eorum
2857 505 2982 562 qum
3014 490 3072 547 in
3102 490 3397 567 Evangelio
3449 495 3796 562 continentur",

536 562 606 616 de
632 561 738 616 hoc
763 563 884 620 sani
921 562 1227 622 Christiani
1253 571 1321 624 ad
1357 571 1718 632 refellendam
1788 579 2044 637 haeresim
2080 583 2134 638 in

540 652 884 724 Symboloid
910 671 1200 726 ponerent.
1229 659 1386 718 Nulla
1413 665 1602 736 itaque
1651 678 1995 740 praecedente
2049 693 2137 732 ra-

541 747 742 802 tionali
765 763 956 813 causa,
991 751 1065 806 ob
1092 769 1262 822 quam
1295 757 1462 826 primi
1486 760 1564 817 illi
1591 777 1622 816 a
1650 774 1829 821 matre
1855 767 2137 825 Ecclesia-

541 854 662 895 rum
691 854 752 895 se
786 855 1222 912 segregaverunt
1253 888 1270 914 ,
1306 859 1522 906 certum
1540 865 1646 920 est,
1705 859 1853 928 quod
1885 869 1943 915 et
1977 863 2053 918 illi
2082 875 2138 920 et

539 947 736 990 omnes
774 933 872 1002 qui
902 936 1028 992 illos
1050 941 1228 994 secuti
1270 953 1424 1010 sunt,
1446 949 1639 1014 procul
1665 951 1837 1006 dubio
1867 955 2139 1011 schisma-

541 1024 632 1080 tici
661 1036 813 1094 sunt.
849 1027 1041 1086 Nullos
1065 1033 1210 1087 enim
1246 1037 1388 1092 alios
1435 1042 1776 1110 appellamus
1827 1047 2140 1105 schismati—

537 1133 653 1184 eos,
679 1121 786 1176 nisi
806 1121 932 1178 illos
955 1126 1051 1196 qui
1083 1128 1576 1200 principalioribus
1607 1145 1662 1190 et
1691 1138 2050 1206 dignioribus
2075 1145 2132 1199 in

539 1208 782 1268 Ecclesia
812 1213 1323 1286 dogmatizantibus
1345 1225 1604 1294 opposite
1629 1243 1688 1282 se
1723 1229 2015 1299 habentes,
2069 1233 2138 1290 ad

537 1302 752 1396 aliquid
795 1323 988 1364 eorum
1024 1327 1148 1382 quae
1171 1315 1257 1370 vel
1284 1316 1337 1370 in
1397 1333 1554 1374 sacra
1613 1320 1903 1393 Scriptura
1948 1335 2141 1396 aperte

535 1393 826 1462 dicuntur,
865 1400 951 1456 vel
982 1401 1036 1456 in
1080 1407 1432 1473 generalibus
1461 1412 1717 1469 conciliis
1750 1393 2015 1484 expresse
2046 1418 2143 1473 de-

542 1487 836 1547 terminata
863 1505 1013 1558 sunt,
1035 1496 1120 1552 vel
1153 1513 1186 1552 a
1215 1509 1328 1560 tota
1358 1502 1602 1560 Ecclesia
1627 1510 1999 1565 communiter
2022 1526 2144 1568 cre-

540 1579 772 1647 duntur,
805 1598 834 1638 a
897 1587 1077 1644 debita
1126 1591 1234 1646 illis
1280 1597 1561 1652 credentis
1609 1610 1663 1654 et
1716 1605 2138 1671 communione,

542 1683 768 1744 propter
789 1680 1086 1746 quamdam
1125 1684 1287 1740 aliam
1319 1690 1636 1757 passionem
1669 1694 1988 1766 discedunt,
2024 1700 2142 1756 sive

2241 585 2324 639 vel
2361 599 2554 640 eorum
2591 599 2713 656 quae
2739 586 2795 640 in
2826 595 2939 641 tota
2967 585 3218 658 symbolo
3272 588 3550 655 dicuntur,
3584 589 3662 644 vel
3713 606 3799 645 eo-

2238 693 2386 743 rum,
2420 693 2544 747 quae
2575 692 2670 746 per
2705 679 2927 748 aliquod
2953 686 3158 748 septem
3184 681 3540 736 conciliorum
3569 699 3800 752 expresse

2241 772 2606 828 determinata
2634 783 2784 828 sunt.
2826 773 3006 840 Quare
3031 775 3088 828 et
3124 774 3399 843 quomodo
3425 775 3651 846 idipsum
3705 795 3798 834 non

2241 865 2668 920 concluderetur
2708 880 2804 933 per
2838 866 3021 936 aliqua
3081 881 3252 921 sacra:
3305 866 3596 937 Scriptura:
3650 871 3798 936 dicta,

2241 973 2427 1027 neque
2463 973 2560 1027 per
2589 968 2810 1012 sanctos
2829 957 3044 1027 aliquos
3069 959 3376 1015 traderetur
3409 977 3422 1016 :
3454 963 3542 1015 sed
3562 963 3798 1030 quoniam

2241 1066 2436 1107 eorum
2471 1066 2594 1120 qua:
2634 1051 2688 1105 in
2721 1051 3022 1121 Evangelia
3050 1052 3134 1107 vel
3161 1053 3215 1106 in
3250 1052 3500 1108 conciliis
3525 1064 3671 1116 sunt,
3706 1071 3796 1111 non

2241 1143 2477 1199 destruit
2503 1142 2802 1212 quidquam
2833 1143 2938 1197 hoc
2956 1143 3151 1213 dogma
3191 1158 3207 1197 :
3271 1154 3420 1199 certe
3445 1140 3687 1200 Romana
3712 1145 3800 1199 Ee-

2239 1237 2412 1294 clesia
2451 1238 2555 1292 hoc
2583 1235 2803 1302 dicens,
2825 1251 3004 1306 neque
3033 1238 3085 1292 in
3113 1236 3488 1310 Evangelium,
3541 1255 3710 1310 neque
3753 1240 3798 1294 in

2244 1329 2480 1385 concilia
2512 1339 2726 1409 peccat.
2761 1328 2859 1386 liis
2893 1345 3025 1400 ergo
3071 1331 3163 1402 qui
3191 1347 3220 1384 a
3249 1332 3636 1412 commpnione
3696 1331 3800 1402 ejus

2245 1421 2442 1478 matris
2467 1405 2784 1476 exsistentis
2815 1421 3126 1484 discedunt,
3157 1421 3304 1476 nulla
3356 1405 3447 1476 vel
3479 1436 3541 1476 ex
3575 1420 3802 1489 Evange-

2244 1510 2344 1577 lio,
2371 1511 2454 1566 vel
2488 1526 2555 1566 ex
2579 1511 2832 1566 conciliis
2865 1511 3150 1566 excusatio
3171 1510 3335 1580 hujus
3356 1512 3674 1583 acquiritur.
3710 1510 3803 1565 Ne-

2245 1617 2354 1668 que
2373 1615 2508 1672 ergo
2535 1601 2757 1656 aliunde
2797 1603 3156 1671 proreniente
3183 1603 3266 1658 eis
3310 1604 3415 1658 alia
3465 1606 3802 1661 excusatione

2243 1694 2623 1752 necessarium
2686 1703 2793 1760 est,
2853 1693 3240 1751 sc‘hi‘smaticos
3291 1695 3440 1763 ipsos
3472 1709 3618 1759 esse,
3674 1707 3722 1750 et
3777 1711 3801 1749 a

542 1768 701 1822 multi
719 1769 834 1826 sive
870 1775 1030 1842 pauci
1062 1777 1212 1844 sint;
1243 1781 1381 1836 nihil
1423 1784 1569 1838 enim
1597 1786 1847 1852 interest,
1871 1793 2133 1860 quoniam
2168 1809 2214 1870 Β
2244 1789 2513 1846 catholica
2542 1790 2810 1845 cecidisse
2846 1790 3111 1844 Ecclesia.
3149 1788 3257 1844 Sed
3311 1799 3372 1844 ut
3421 1791 3802 1860 apertissimum

544 1876 652 1916 non
681 1863 1032 1923 multitudine
1057 1880 1113 1924 et
1135 1874 1438 1941 paucitate,
1473 1879 1568 1934 sed
1599 1883 1863 1951 praedicta
1924 1886 2142 1945 ratione

539 1955 928 2014 schismaticus
983 1971 1236 2030 notatur,
1263 1971 1528 2036 quoniam
1601 1983 1658 2028 et
1688 1975 1742 2030 bi
1797 1981 2142 2050 complentes

535 2045 684 2114 jure,
725 2059 780 2105 et
815 2051 919 2110 hoc
943 2056 1169 2111 nomine
1203 2059 1356 2128 digni
1395 2063 1570 2118 habiti
1607 2077 1795 2124 erunt.
1831 2045 1941 2124 Aut
1977 2073 2144 2144 igitur

542 2143 858 2208 ostendant,
895 2147 1029 2216 quid
1065 2147 1284 2208 Latinis
1343 2154 1666 2214 dicentibus
1731 2163 2014 2232 contingit
2075 2181 2142 2224 ex

543 2246 799 2290 sermone
843 2237 1111 2306 ipsorum,
1183 2249 1508 2304 necessario
1560 2250 1830 2322 Spiritum
1882 2267 2140 2314 sanetum

544 2339 650 2422 non
685 2331 984 2395 procedere
1015 2348 1084 2389 ex
1117 2335 1305 2403 Patre,
1330 2349 1389 2395 ut
1423 2342 1496 2397 ita
1524 2345 1775 2413 tollatur,
1813 2359 1871 2404 et
1897 2354 2046 2422 quod
2079 2354 2137 2408 in

545 2417 829 2489 Symbolo,
853 2435 905 2479 et
937 2429 1087 2496 quod
1122 2429 1182 2485 in
1228 2433 1528 2506 Erangelio
1553 2438 1786 2507 dicitur,
1847 2417 1969 2501 et‘a
2027 2454 2143 2502 tota

543 2509 793 2571 Ecclesia
857 2521 1142 2590 creditur;
1209 2527 1383 2582 autsi
1455 2530 1562 2586 hoc
1618 2533 1966 2604 impossibile
2034 2549 2142 2608 est,

544 2604 726 2661 sdant
754 2624 816 2664 se
847 2620 1006 2668 extra
1041 2617 1376 2675 catholicam
1393 2621 1702 2682 Ecclesiam
1727 2644 1873 2695 esse,
1899 2639 1957 2686 et
1987 2604 2144 2689 nullo

543 2713 576 2752 a
601 2699 977 2760 schismaticis
1004 2706 1244 2764 differre.

613 2790 887 2858 Quoniam
919 2811 1050 2854 vero
1100 2801 1206 2869 ipsi
1235 2805 1481 2877 undique
1511 2814 1806 2882 coarctati,
1855 2825 2145 2886 postremo

546 2891 614 2945 ad
643 2892 1004 2965 Evangelium
1026 2909 1082 2954 et
1104 2900 1172 2956 ad
1216 2914 1428 2972 septem
1465 2911 1744 2977 generalia
1770 2915 2008 2970 concilia
2063 2931 2144 2971 re-

543 2984 844 3054 fugientes,
877 2999 1078 3060 putant
1109 3009 1174 3052 ex
1211 2996 1320 3054 illis
1361 3003 1785 3061 excusationem
1819 3007 2146 3066 schismatis

541 3078 647 3130 sibi
675 3081 964 3138 invenire:
1013 3081 1313 3144 dicendum
1367 3101 1455 3148 est
1495 3095 1566 3150 ad
1609 3111 1746 3154 eos:
1798 3097 1854 3154 Si
1891 3101 2142 3170 quidem,

2244 1883 2298 1938 id
2335 1884 2450 1950 flat,
2485 1885 2752 1954 ponendae
2775 1891 2908 1938 sunt
2932 1884 3087 1954 juxta
3121 1895 3182 1938 se
3207 1883 3590 1953 cogitationes,
3615 1894 3663 1939 et
3709 1899 3804 1938 ser-

2247 1991 2338 2030 mo
2359 1977 2432 2031 ita
2457 1977 2528 2032 sit
2554 1963 2971 2034 concludendus
3001 1994 3016 2033 :

2321 2065 2565 2122 Peccans
2597 2076 2688 2122 est
2719 2068 2866 2124 circa
2899 2069 3118 2140 pietatis
3153 2071 3432 2142 dogmata,
3470 2086 3634 2140 quem
3658 2079 3706 2123 et
3726 2084 3806 2139 pa-

2247 2160 2702 2232 radogmatistam
2727 2170 2782 2217 et
2812 2163 3131 2218 haereticum
3171 2180 3466 2232 vocamus;
3523 2165 3620 2236 qui
3684 2163 3802 2233 sapit

2249 2266 2305 2312 et
2359 2259 2522 2312 docet
2577 2255 2785 2325 aliquid
2807 2255 2887 2310 ita
2913 2257 3162 2327 opposite
3198 2274 3257 2314 se
3288 2259 3492 2316 habens
3528 2259 3596 2314 ad
3626 2258 3806 2329 aliquid

2243 2363 2440 2406 eorum
2501 2347 2626 2419 qtae
2675 2350 2764 2405 vel
2824 2351 2877 2404 in
2932 2365 3091 2406 sacra
3157 2351 3440 2422 Scriptura
3493 2362 3678 2424 aperte
3736 2351 3802 2406 di-

2237 2453 2470 2508 cuntur,
2506 2443 2591 2498 vel
2654 2457 2752 2512 per
2792 2443 3016 2514 aliquod
3073 2445 3410 2515 generalium
3467 2445 3802 2502 conciliorum

2247 2533 2891 2605 expressedeterminala
2925 2547 3076 2600 sunt,
3135 2546 3338 2592 utcum
3389 2538 3494 2592 hoc
3549 2538 3638 2603 sit,
3693 2537 3804 2592 illud

2249 2627 2498 2694 tollatur,
2525 2635 2581 2682 et
2639 2628 2772 2683 illud
2806 2645 2932 2684 cum
2955 2629 3050 2697 sit,
3080 2630 3180 2684 hoc
3208 2645 3316 2684 non
3349 2632 3525 2701 possit
3554 2646 3691 2687 esse.
3751 2633 3829 2698 At.

2249 2736 2381 2777 vero
2417 2721 2668 2778 Ecclesia
2721 2721 2972 2776 Romana
3010 2722 3146 2777 nihil
3179 2723 3489 2794 hujusmodi
3550 2725 3687 2795 sapit
3732 2721 3803 2778 vel

2245 2811 2432 2868 docet.
2473 2811 2594 2867 Non
2624 2828 2755 2884 ergo
2813 2814 2962 2868 circa
3014 2813 3238 2883 pietatis
3295 2814 3549 2884 degmata
3619 2821 3801 2883 peccat.

2237 2906 2434 2974 Quare
2457 2921 2631 2977 neque
2656 2907 3151 2976 paradogmatizat,
3187 2921 3365 2979 neque
3421 2907 3661 2979 aliquam
3712 2908 3804 2962 bae—

2250 3003 2420 3057 resim
2455 3000 2710 3065 incurrit,
2741 3007 2800 3054 et
2860 2997 3247 3068 dignissimum
3306 3007 3362 3055 et
3413 2999 3806 3055 dominantissi-

2253 3108 2404 3148 mum
2443 3091 3051 3163 etprincipalissimum
3073 3101 3129 3148 et
3191 3106 3462 3149 summum
3489 3102 3546 3150 et
3593 3091 3805 3164 primum

542 3185 576 3223 0
594 3172 783 3247 amici,
803 3186 980 3233 matre
996 3177 1373 3239 Ecclesiarum
1395 3198 1660 3256 peccante
1676 3190 1763 3246 vel
1783 3193 1839 3246 in
1894 3192 2145 3266 Evange-
2167 3199 2214 3264 ο
2246 3186 2430 3242 locum
2466 3186 2518 3240 in
2557 3196 2668 3241 tota
2687 3183 2932 3240 Ecclesia
2982 3184 3220 3242 habente
3242 3225 3259 3253 ,
3325 3199 3473 3242 nunc
3525 3185 3807 3242 Orientales

543 3262 706 3330 lium,
720 3267 804 3320 vel
823 3267 875 3321 in
897 3272 1148 3340 concilia,
1164 3275 1269 3344 ipsi
1290 3277 1359 3334 ab
1381 3294 1441 3334 ea
1461 3283 1738 3351 receditis,
1763 3295 1913 3343 recte
1931 3262 2145 3345 facitis:

545 3361 590 3413 si
615 3376 747 3416 vero
773 3362 864 3418 illa
892 3363 1028 3420 nihil
1055 3379 1340 3438 peccante,
1366 3371 1450 3427 vel
1471 3373 1525 3428 in
1568 3371 1952 3447 Evangeiium,
1985 3382 2067 3437 vel
2091 3380 2145 3436 in

544 3453 777 3510 concilia
800 3493 816 3520 ,
844 3456 947 3527 ipsi
992 3459 1356 3520 nihilominus
1377 3465 1500 3535 ejus
1517 3471 1789 3528 recusatis
1807 3475 2150 3530 communio-

549 3561 697 3609 nem,
727 3549 941 3605 nullum
985 3563 1136 3608 certe
1165 3555 1326 3612 vobis
1352 3559 1439 3614 vel
1475 3575 1539 3615 ex
1595 3562 1898 3632 Evangelio
1960 3568 2043 3622 vel
2079 3585 2149 3624 ex

544 3642 798 3700 conciliis
827 3646 1153 3718 sull'ragium
1197 3653 1420 3721 penitus
1443 3664 1552 3710 est.
1609 3655 1753 3728 Ergo
1813 3663 2148 3732 perquiren-

544 3737 676 3792 dum
702 3747 789 3794 est
821 3737 1136 3810 diligenter,
1175 3744 1310 3812 quid
1339 3755 1425 3802 est
1456 3746 1511 3803 in
1546 3746 1930 3822 Evangelium,
1970 3753 2054 3808 vel
2085 3754 2142 3809 in

543 3831 781 3887 concilia
801 3847 1037 3903 peccare
1065 3835 1090 3889 ἱ)
1114 3835 1263 3907 quod
1295 3837 1342 3894 si
1373 3841 1663 3910 putabitis,
1687 3856 1919 3913 peccare
1945 3844 2002 3900 in
2031 3845 2146 3902 haec

543 3939 686 3989 esse,
720 3925 1050 3996 simpliciter
1073 3930 1261 3986 dicere
1294 3932 1508 4002 aliquid
1536 3942 1596 3990 et
1663 3936 2043 4006 dogmatizare
2076 3938 2145 3995 de

545 4016 682 4082 Deo,
716 4019 860 4086 quod
899 4028 1197 4091 utrumque
1226 4037 1336 4078 non
1399 4024 1682 4082 invenitur
1737 4029 1822 4084 vel
1851 4030 1905 4085 in
1961 4031 2146 4088 Evan-

545 4109 710 4180 gelie.
739 4111 825 4167 vel
857 4112 913 4168 in
947 4115 1221 4182 conciliis,
1250 4116 1370 4173 sive
1389 4120 1733 4177 contrarium
1756 4124 2030 4181 estalicui
2053 4139 2147 4181 eo-

543 4218 671 4257 rum
696 4218 820 4274 qua:
845 4205 920 4261 ibi
955 4207 1252 4266 manifeste
1271 4209 1551 4279 feruntur,
1582 4212 1702 4270 sive
1737 4217 2007 4284 nou;hoc
2028 4231 2147 4274 mo-
2185 4237 2193 4243 ·

545 4298 618 4352 do
643 4297 809 4353 etiam
847 4314 1044 4357 omnes
1069 4303 1164 4373 qui
1195 4303 1263 4358 de
1291 4303 1404 4361 Deo
1429 4306 1685 4363 scribunt
1709 4309 1889 4365 sancti
1943 4310 2000 4366 in
2051 4326 2145 4366 ea-

537 4388 672 4444 dem
719 4400 970 4460 peccant.
1003 4392 1122 4450 Non
1155 4395 1337 4452 solum
1379 4398 1527 4453 enim
1587 4399 2048 4469 innumerabilia}
2075 4403 2144 4460 de

546 4479 662 4535 Deo
691 4480 882 4538 dicunt
912 4490 971 4538 et
1003 4483 1384 4556 dogmatizant
1404 4527 1420 4553 ,
1445 4504 1572 4560 quin
1595 4491 1767 4548 verbo
1803 4492 1860 4547 in
1895 4492 2143 4565 Evange-

2260 3280 2493 3336 minoris
2520 3290 2575 3334 et
2599 3278 2913 3333 humilioris
2947 3278 3274 3334 exsistentes
3302 3278 3358 3333 in
3413 3289 3524 3334 tota
3585 3278 3807 3335 Ecclesia

2267 3385 2323 3432 et
2352 3373 2640 3446 dignitatis
2673 3381 2728 3430 et
2763 3374 2966 3442 gradus
2993 3381 3049 3430 et
3073 3374 3312 3441 ordinis,
3348 3389 3377 3428 a
3411 3373 3688 3428 debitoiili
3727 3374 3810 3427 ho-

2253 3483 2392 3524 nore
2429 3477 2483 3524 et
2507 3465 2840 3533 obedientia,
2867 3474 2923 3521 et
2948 3467 3342 3521 communione
3388 3465 3695 3522 discedunt.
3751 3463 3809 3518 At

2255 3576 2392 3616 vero
2421 3575 2620 3616 omnes
2657 3560 2975 3630 quicunque
3005 3559 3058 3613 in
3087 3557 3330 3614 Ecclesia
3387 3558 3617 3614 minoris
3647 3568 3698 3613 et
3721 3558 3808 3611 hu-

2262 3651 2504 3709 milioris
2524 3651 2858 3709 exsistentes
2884 3650 3190 3722 dignitatis,
3208 3651 3406 3722 gradus
3427 3660 3480 3706 et
3499 3652 3724 3713 ordinis,
3742 3647 3810 3704 di-

2253 3744 2567 3816 gnioribus,
2587 3743 3118 3810 dominantior-ibus,
3150 3743 3653 3814 principalioribus,
3683 3742 3810 3811 prio-

2252 3838 2427 3907 ribus,
2460 3839 2844 3909 superioribus
2898 3838 2954 3892 in
3019 3837 3284 3903 Ecclesia,
3325 3837 3462 3891 nihil
3506 3839 3560 3892 in
3612 3835 3807 3908 pictatis

2250 3933 2606 4006 dogmatibus
2629 3932 3009 4003 peccantibus,
3067 3931 3278 3986 nullam
3353 3931 3604 3987 haeresim
3644 3932 3806 3986 incur-

2248 4028 2518 4096 rentibus,
2559 4043 2589 4082 a
2621 4026 2808 4083 debita
2845 4026 2956 4083 illis
3013 4025 3344 4089 reverentia,
3387 4024 3718 4087 obedientia,
3760 4029 3807 4074 et

2249 4120 2640 4178 communione
2660 4117 2953 4175 discedunt
2985 4158 3000 4183 ,
3049 4116 3436 4189 proculdubio
3493 4111 3805 4171 schismatici

2249 4209 2708 4280 sunt.Contingit
2754 4223 2888 4280 ergo
2914 4211 3014 4264 hos
3066 4208 3384 4264 necessario
3443 4205 3805 4262 schismatlcos

2249 4320 2400 4362 nunc
2417 4319 2564 4372 esse,
2587 4303 2733 4375 quod
2759 4309 2867 4367 est,
2923 4309 3209 4371 separatos
3272 4313 3395 4356 esse
3453 4313 3483 4353 a
3558 4297 3805 4354 catholica

2249 4397 2520 4455 Ecclesia.

2327 4491 2438 4548 Sed
2480 4491 2722 4547 fortasse
2775 4490 2911 4546 dicit
2936 4489 3141 4561 aliquis
3183 4487 3499 4560 ambigens:
3534 4487 3593 4543 Si
3645 4481 3806 4541 amisit

547 4572 648 4635 lio,
691 4573 776 4627 vel
813 4574 867 4629 in
897 4577 1154 4634 conciliis
1177 4582 1704 4640 noniuveniuntur:
1730 4599 1924 4640 verum
1972 4587 2140 4644 etiam
2179 4575 2225 4632 Ι)
2253 4599 2412 4642 suam
2447 4583 2817 4655 integritatem
2853 4591 2909 4638 et
2936 4582 3327 4654 perfectionem
3360 4581 3622 4643 Ecclesia,
3645 4577 3800 4634 ethoc

550 4667 725 4720 multa
753 4667 963 4732 dicunt,
998 4685 1121 4739 quin
1151 4685 1332 4742 neque
1361 4689 1458 4742 per
1487 4689 1715 4732 sensum
1772 4690 1967 4732 eorum
2017 4691 2144 4748 quae

550 4759 629 4815 ibi
669 4771 818 4827 sunt,
851 4765 1108 4819 concludi
1143 4765 1348 4821 valent.
1376 4765 1498 4822 Non
1516 4783 1654 4840 ergo
1693 4784 1929 4840 peccare
1949 4779 2041 4828 est
2085 4771 2144 4826 in

543 4855 646 4910 illa
673 4855 999 4925 simpliciter
1033 4856 1241 4922 dicere,
1269 4875 1392 4930 qua
1412 4861 1486 4916 ibi
1518 4863 1984 4933 qualitercunque
2033 4880 2146 4922 non
2178 4918 2188 4929 ,

541 4948 945 5017 inveniuntur,
973 4951 1069 5005 sed
1100 4951 1414 5007 addendum
1439 4961 1546 5020 est,
1578 4954 1627 5010 si
1691 4954 1806 5011 sint
1874 4965 1930 5013 et
1981 4971 2150 5029 repu-

541 5043 778 5111 agnantia
813 5042 939 5100 illis.
967 5040 1153 5109 Quare
1221 5057 1456 5114 peccare
1521 5046 1576 5100 in
1633 5046 1728 5102 illa
1788 5056 1898 5116 est,
1958 5049 2148 5106 dicere

541 5133 724 5204 aliqui
748 5137 760 5187 Ι
788 5135 1039 5205 opposite
1054 5148 1116 5189 se
1148 5135 1359 5192 habens
1390 5136 1558 5193 alicui
1581 5153 1777 5196 eorum
1799 5157 1924 5212 quae
1979 5142 2050 5198 ab
2076 5142 2145 5198 ii-

544 5228 622 5283 iis
651 5228 934 5302 dicuntur,
957 5227 1267 5283 utalterum
1295 5245 1394 5300 per
1418 5231 1660 5288 alterum
1697 5235 2014 5292 necessario
2039 5237 2149 5292 tol-

546 5322 726 5378 latur.
762 5321 829 5375 Et
865 5322 969 5376 hoc
989 5321 1168 5376 solum
1201 5332 1307 5389 est,
1333 5329 1480 5396 quod
1507 5329 2022 5401 paradogmatizare
2047 5346 2149 5402 ap-

546 5416 849 5482 pellamus.
879 5414 956 5469 ita
990 5415 1138 5470 enim
1162 5416 1514 5476 solummodo
1533 5436 1766 5492 peccare
1828 5423 1884 5480 in
1913 5424 2148 5496 dogma-

547 5517 634 5574 ta,
678 5509 732 5562 in
798 5508 1309 5582 peradogmatizare
1350 5515 1601 5584 deﬁnito,
1649 5532 1846 5574 omnes
1902 5519 2000 5590 qui
2043 5535 2151 5575 un-

553 5615 724 5667 quam
743 5599 947 5673 aliquid
969 5603 1040 5659 de
1063 5603 1174 5663 Deo
1205 5607 1490 5679 dixerunt,
1551 5609 1920 5683 inculpabiles
1963 5612 2153 5668 dimit-

558 5704 763 5752 bemus.

633 5791 700 5843 At
729 5805 860 5846 ver,»
882 5792 1129 5851 Romana
1167 5795 1437 5866 Ecclesia,
1471 5806 1528 5854 et
1543 5813 1610 5855 ex
1635 5797 1779 5854 Filio
1848 5801 2151 5871 procedere

556 5880 1106 5951 spiritumsinctum
1162 5889 1400 5960 dicente,
1433 5890 1570 5948 nihil
1628 5892 1848 5963 penitus
1894 5910 1990 5966 per
2045 5897 2150 5952 hoc

2257 4695 2370 4736 non
2398 4695 2463 4736 ex
2492 4678 2720 4733 minima
2775 4685 2953 4748 parte,
2982 4676 3250 4747 siquidem
3269 4676 3512 4745 quinque
3542 4675 3658 4743 ejus
3677 4669 3803 4741 prin-

2255 4771 2583 4842 cipaliorum
2620 4771 2884 4842 partium,
2929 4785 2959 4824 a
3003 4769 3206 4840 quibus
3261 4775 3520 4838 tanquam
3572 4762 3802 4820 sensibus

2251 4865 2609 4940 quihusdam,
2635 4862 2955 4918 universum
2984 4861 3104 4933 ejus
3119 4873 3324 4930 corpus
3343 4857 3666 4928 completum
3679 4861 3802 4920 erat,

2250 4968 2491 5030 quatuor
2528 4957 2694 5028 lapsae
2723 4963 2870 5022 sunt,
2907 4955 3088 5025 prima
3127 4967 3256 5009 vero
3281 4963 3492 5007 tantum
3520 4947 3799 5006 remansit:

2251 5051 2536 5120 quomodo
2568 5048 2638 5104 de
2670 5056 2872 5104 caetero
2904 5061 3014 5102 non
3050 5045 3323 5102 exsistens
3352 5043 3586 5114 integra,
3637 5042 3803 5096 catho-

2254 5143 2360 5199 lica
2393 5151 2504 5209 est,
2542 5140 2630 5198 vel
2663 5139 2828 5208 cujus
2853 5137 3094 5211 amplius
3120 5137 3368 5208 corporis
3421 5133 3659 5191 Ecclesia
3709 5130 3801 5185 Bo-

2254 5249 2418 5292 mana
2442 5241 2612 5305 caput
2637 5242 2744 5299 est,
2779 5246 2847 5288 ex
2879 5245 2992 5303 quo
3017 5230 3152 5285 illud
3205 5229 3349 5300 quod
3396 5227 3554 5283 initio
3607 5225 3796 5280 unitum

2251 5338 2374 5385 erat
2407 5327 2482 5392 ei,
2523 5323 2780 5382 discessit
2801 5324 2870 5380 ab
2892 5337 2982 5391 ea,
3019 5321 3102 5378 vel
3129 5318 3407 5391 quomodo
3433 5316 3664 5373 totaliter
3700 5312 3803 5366 viva

2253 5435 2378 5479 esse
2400 5417 2622 5492 potest?

2325 5516 2410 5574 Ad
2461 5517 2581 5572 haec
2619 5514 2862 5587 primum
2912 5511 3135 5583 quidem
3185 5517 3409 5580 oportet
3452 5503 3799 5564 considerare,

2254 5610 2402 5683 quod
2431 5611 2476 5667 si
2512 5608 2640 5681 quis
2671 5607 2862 5664 eadem
2899 5605 3020 5676 ipsa
3038 5603 3302 5672 obiiceret
3327 5602 3392 5658 ad
3418 5601 3564 5673 ipsos
3585 5598 3801 5694 Graecos.

2255 5705 2350 5777 qui
2378 5703 2574 5759 dicunt
2602 5717 2662 5759 se
2693 5701 2847 5758 solos
2877 5698 2934 5753 in
2982 5697 3089 5752 fide
3124 5697 3330 5761 vivere,
3371 5703 3428 5750 et
3471 5707 3536 5749 ex
3585 5705 3642 5746 se
3688 5684 3802 5742 solis

2257 5797 2588 5870 completam
2614 5809 2737 5851 esse
2769 5792 3101 5849 catholicam
3148 5787 3474 5853 Ecclesiam,
3505 5784 3673 5856 capite
3697 5792 3802 5848 per-

2258 5892 2400 5962 dito,
2427 5906 2548 5961 quae
2577 5890 2770 5960 utique
2794 5887 2899 5959 ipsi
2935 5885 3001 5942 ad
3031 5883 3290 5940 similiter
3346 5882 3412 5938 ad
3467 5895 3557 5937 eos
3605 5872 3799 5944 objecta
