4064 6448
303 393 442 460 1309

1642 408 1795 470 PRO
1825 411 2153 474 LATINIS.

3409 416 3546 481 1310

302 522 740 592 respondissent,
771 523 891 582 haec
946 527 1106 583 nobis
1138 529 1316 585 multo
1366 529 1754 586 rationabilius
1803 528 1871 585 ad
1897 527 1948 589 Δ
1975 532 2385 586 communicant
2424 533 2682 588 Ecclesiae
2717 530 2979 587 Romanae
3028 531 3415 588 sehismaticos
3452 551 3554 604 ap-

301 615 418 670 haec
444 616 627 671 dicere
651 619 960 676 conveniet.

373 705 577 762 Deinde
597 710 868 779 siquidem
894 712 1150 769 animalis
1205 717 1518 787 exemplum
1573 718 1734 788 sequi
1773 733 1876 773 vo-

299 799 591 863 luerimus,
621 817 729 856 non
762 804 948 871 utique
985 820 1174 860 verum
1231 817 1338 870 est,
1399 819 1624 878 propter
1678 810 1873 864 horum

304 895 546 950 schisma
581 897 898 951 universum
934 899 1193 954 Ecclesiae
1215 914 1419 970 corpus
1440 916 1470 955 a
1488 902 1664 971 capite
1695 901 1878 955 dicere

305 985 648 1043 discessisse.
669 988 848 1057 Caput
872 989 1019 1044 enim
1079 989 1341 1046 Ecclesiae
1401 1003 1510 1056 est,
1570 1008 1677 1048 non
1728 1002 1878 1048 totus

305 1077 573 1135 Occidens
603 1093 655 1134 et
680 1080 1028 1149 Septentrio;
1061 1083 1154 1136 sed
1185 1083 1362 1138 solius
1420 1083 1576 1138 urbis
1619 1082 1879 1140 Romanis

310 1168 710 1228 Ecclesiahanc
745 1173 906 1227 habet
934 1173 1278 1243 dignitatem.
1309 1175 1414 1228 Tot
1443 1189 1574 1229 vero
1607 1183 1661 1228 et
1715 1184 1878 1228 tantae

308 1262 429 1317 aliae
461 1261 724 1319 Ecclesiae
751 1261 1128 1320 Occidentales
1179 1276 1232 1321 et
1286 1266 1782 1336 Septentrionales,
1829 1275 1883 1321 et

310 1354 414 1408 alia
438 1370 637 1424 genera
659 1370 922 1424 purorum
949 1356 1392 1413 Christianorum
1429 1368 1591 1412 terrae
1637 1357 1807 1412 ﬁrmae
1831 1366 1885 1412 et

310 1433 616 1502 insularum
672 1459 795 1500 cum
845 1462 908 1501 ea
957 1458 1367 1512 remanserunt.
1422 1458 1482 1504 ut
1551 1450 1604 1503 hi
1659 1450 1880 1517 quidem

311 1551 503 1591 omnes
536 1538 966 1606 correspondere
985 1539 1206 1594 valeant
1233 1540 1452 1610 reliquo
1487 1541 1742 1595 animalis
1761 1553 1887 1594 coro

318 1618 822 1702 pori,etcontinuo
863 1634 1028 1702 capiti
1053 1635 1231 1690 unito.
1281 1635 1350 1689 iii
1373 1649 1504 1689 vero
1558 1635 1888 1704 patriarchae

316 1726 412 1795 qui
435 1740 556 1780 eam
584 1727 928 1794 reliquerunt
948 1766 963 1791 ,
991 1743 1254 1782 manuum
1288 1729 1371 1783 vel
1407 1729 1603 1798 pedum
1661 1741 1891 1797 pmpor-

316 1817 519 1871 tionem
552 1816 824 1871 habeant:
854 1831 972 1884 qua:
997 1818 1214 1872 abscisa
1246 1833 1275 1872 α
1305 1832 1565 1888 corpore,
1625 1819 1740 1886 ipsa
1769 1817 1890 1886 qui-

1978 624 2141 694 peilo.
2177 624 2288 695 Ego
2317 641 2447 680 vero
2480 635 2611 695 puto
2645 641 2732 681 me
2775 625 3160 681 rationabilius
3195 625 3453 680 admirari
3488 628 3555 682 de

1979 724 2054 779 te,
2095 717 2355 785 quoniam
2379 715 2761 770 admirandum
2785 725 2970 786 putas,
3002 717 3046 770 si
3073 719 3166 785 qui
3197 718 3292 771 illo
3331 719 3558 774 nomine

1981 814 2275 871 vocantur,
2323 809 2482 876 cujus
2524 806 2892 862 deﬁnitionem
2932 807 3171 876 perfecte
3220 810 3556 878 suscipiunt.

1983 895 2118 951 Nam
2159 899 2205 952 si
2241 898 2480 954 volueris
2513 897 2719 964 videre,
2750 913 2870 968 qua:
2903 907 2986 953 est
3017 899 3357 955 sebismatici
3391 901 3553 961 ratio.

1985 989 2230 1044 invenies
2265 991 2407 1045 hanc
2455 990 2524 1044 iis
2555 990 2649 1059 qui
2685 1005 2712 1044 a
2757 1006 2844 1045 me
2883 991 3216 1045 schismatici
3265 1000 3556 1057 vocantur,

1980 1081 2347 1136 nihilominus
2396 1096 2561 1150 quam
2625 1082 2866 1135 hominis
2903 1082 3174 1136 rationem
3226 1097 3553 1150 congruere.

1989 1173 2127 1243 Ergo
2153 1173 2256 1227 hoc
2279 1174 2350 1227 sit
2381 1173 2801 1228 ostendendum.

2056 1263 2192 1319 Cum
2226 1265 2410 1334 itaque
2453 1266 2507 1318 in
2555 1263 2798 1321 Ecclesia
2831 1265 2921 1320 alii
2952 1266 3076 1320 aliis
3107 1254 3220 1320 sint
3262 1266 3555 1320 dominan-

1986 1356 2181 1421 tior'es,
2213 1356 2649 1425 principaliores,
2679 1365 2732 1411 et
2763 1357 3092 1427 superiores,
3129 1357 3225 1420 illi,
3259 1359 3350 1426 qui
3385 1359 3560 1413 mino-

1985 1449 2068 1501 ris
2096 1455 2151 1500 et
2173 1447 2485 1501 humilioris
2513 1451 2841 1502 exsistentes
2873 1449 3105 1513 ordinis,
3133 1457 3188 1504 et
3217 1450 3414 1515 quibus
3441 1443 3566 1503 con-

1990 1538 2139 1592 venit
2169 1539 2274 1592 sub
2303 1537 2554 1592 dominio
2585 1539 2823 1594 aliorum
2851 1554 3000 1602 esse,
3032 1548 3087 1594 et
3117 1541 3271 1609 sequi
3302 1540 3463 1603 alios,
3501 1542 3568 1596 de

1991 1630 2142 1685 nulla
2172 1630 2368 1685 haeresi
2402 1631 2665 1686 habentes
2688 1630 2834 1699 iuste
2862 1647 3121 1686 accusare
3147 1613 3406 1701 majores,
3431 1633 3570 1686 divi-

1993 1720 2131 1775 dunt
2161 1735 2220 1777 se
2251 1721 2320 1776 ab
2349 1721 2565 1775 illorum
2611 1723 2664 1775 in
2699 1722 2965 1792 religione
3007 1723 3271 1778 societate
3299 1763 3314 1786 ,
3352 1739 3476 1776 mox
3513 1723 3568 1776 in

1998 1827 2056 1867 se
2082 1812 2216 1881 ipsis
2240 1812 2577 1867 schismatici
2611 1813 2855 1868 condunt
2888 1815 3178 1869 rationem.
3213 1813 3346 1868 Nam
3380 1821 3433 1868 et
3464 1815 3570 1883 ipsi

317 1911 440 1966 dem
473 1907 542 1963 de
569 1908 894 1965 necessitate
942 1915 1159 1962 mortua
1185 1919 1337 1973 sunt,
1373 1908 1592 1979 corpori
1621 1925 1751 1962 vero
1781 1923 1889 1962 non
1921 1881 1962 1937 Β
1995 1905 2062 1958 ad
2091 1904 2298 1958 nullam
2331 1904 2518 1966 aliam,
2543 1905 2879 1973 quamhanc
2899 1905 3270 1960 deﬁnitionem
3299 1881 3573 1975 aspicien-

319 2015 536 2070 semper
569 2002 850 2055 interitum
881 2001 1081 2056 ierunt.
1111 2000 1264 2066 Item,
1305 2007 1482 2071 neque
1511 2001 1656 2056 sicut
1691 2003 1746 2055 in
1769 2001 1890 2055 ani-

321 2094 576 2158 malibus,
606 2094 728 2148 loco
759 2101 1145 2163 corruptorum
1181 2095 1581 2160 membrorum,
1607 2105 1770 2163 caput
1785 2096 1891 2150 alia

317 2189 556 2242 condere
593 2187 821 2255 nequit,
855 2188 930 2240 ita
967 2203 1191 2256 quoque
1223 2189 1278 2242 in
1316 2189 1559 2244 Ecclesia
1589 2197 1676 2245 est
1713 2209 1730 2244 :
1797 2190 1893 2245 scd

322 2279 890 2350 sempercapiti,loco
917 2279 1246 2348 labentium,
1308 2282 1437 2336 licet
1469 2282 1573 2336 alia
1635 2279 1893 2347 condere,

323 2383 384 2428 ut
407 2387 624 2442 semper
649 2372 826 2442 ipsum
854 2372 925 2427 sit
949 2385 1072 2426 cum
1129 2371 1345 2440 integro
1369 2387 1621 2441 corpore.
1675 2370 1896 2426 Scimus

322 2465 492 2527 enim,
527 2465 674 2532 quod
699 2477 837 2532 papa
873 2462 1094 2531 quidem
1113 2469 1298 2530 potest
1313 2476 1502 2516 creare
1530 2462 1894 2531 patriarchas.

322 2552 650 2623 patriarcha:
677 2565 807 2607 vero
827 2566 1016 2620 papam
1051 2566 1242 2606 creare
1263 2566 1372 2606 non
1399 2560 1652 2620 possunt.
1684 2552 1751 2606 Et
1777 2553 1900 2607 ideo

325 2647 381 2700 hi
443 2645 674 2714 quidem
715 2657 1000 2713 nunquam
1062 2644 1165 2699 hoc
1209 2652 1607 2699 tentaverunt:
1662 2646 1900 2700 Romani

325 2753 456 2794 vero
487 2737 773 2808 pontiﬁces
800 2745 924 2790 ante
947 2736 1186 2792 schisma
1215 2736 1470 2792 videntur
1483 2748 1536 2791 et
1566 2737 1902 2807 deponentes

325 2841 378 2888 ct
399 2839 782 2902 promoventes
810 2829 1179 2884 Patriarcbas.

399 2924 542 2994 Ergo
569 2923 828 2993 quoniam
852 2921 987 2975 nihil
1016 2921 1267 2990 opposite
1293 2936 1353 2976 se
1381 2922 1590 2977 habens
1643 2921 1893 2989 Evange-

328 3015 424 3080 lio,
455 3013 538 3068 vel
569 3013 818 3068 conciliis
843 3013 988 3082 sapit
1027 3012 1108 3067 vel
1167 3012 1348 3075 docet,
1404 3019 1571 3081 prout
1618 3009 1902 3066 ostensum

328 3116 437 3170 est,
468 3121 576 3159 non
599 3104 784 3160 amisit
809 3103 998 3174 utique
1029 3102 1252 3158 creandi
1275 3102 1618 3174 patriarchas
1667 3110 1908 3172 potesta-

328 3207 437 3251 tem
463 3205 518 3251 et
539 3196 820 3250 virtutem.

404 3286 545 3358 Ergo
577 3303 700 3342 cum
729 3287 784 3341 hi
819 3283 1148 3356 patriarchae
1173 3283 1381 3353 absque
1405 3283 1514 3337 ulla
1545 3283 1760 3338 ratione
1787 3282 1905 3339 dis-

329 3380 632 3437 cessissent
662 3377 868 3443 abillo,
897 3386 951 3433 et
983 3377 1038 3431 in
1072 3391 1265 3432 eorum
1289 3377 1627 3432 dimcesihus
1687 3376 1906 3431 habitae-

332 3481 455 3527 rent
489 3471 646 3525 multi
667 3468 965 3526 Christiani
998 3468 1136 3523 uni-ti
1171 3468 1270 3533 illi,
1313 3468 1404 3523 illo
1435 3467 1672 3537 singulis
1706 3467 1906 3521 horum

334 3581 366 3620 ti
397 3563 664 3634 principio
681 3563 918 3617 habente
951 3561 1338 3632 hujusjustam
1386 3568 1715 3628 potestatem
1775 3573 1909 3614 con-

337 3655 915 3724 stituendicongruum
944 3651 1336 3721 patriarcliam,
1388 3651 1629 3704 Ecclesia
1682 3650 1906 3718 quidem

339 3747 584 3803 Romana
616 3747 810 3816 capitis
834 3745 1102 3800 rationem
1127 3743 1358 3806 habens,
1381 3751 1436 3797 et
1461 3743 1582 3796 loco
1610 3741 1906 3796 labentium

337 3839 707 3895 membrorum
744 3836 850 3892 alia
889 3848 1108 3904 semper
1135 3834 1414 3899 condens,
1449 3842 1506 3887 et
1534 3833 1653 3886 viva
1719 3830 1913 3900 utique

337 3941 442 3994 est,
461 3931 800 4000 etintegrum
823 3927 1091 3996 reliquum
1115 3939 1320 3995 corpus
1344 3923 1557 3978 unitum
1577 3922 1681 3978 sibi
1707 3921 1910 3976 habet:

339 4039 435 4080 eos
461 4037 608 4088 vero,
640 4021 734 4091 qui
768 4035 889 4076 eam
925 4018 1310 4083 deseruerunt,
1350 4016 1473 4072 sine
1503 4015 1681 4084 capite
1711 4015 1778 4068 de
1803 4025 1910 4068 cae—

339 4125 458 4171 tero
488 4124 539 4169 et
563 4125 809 4168 mortuos
839 4125 963 4166 esse
1021 4123 1250 4164 necesse
1271 4117 1377 4163 est.
1425 4105 1606 4173 Quare
1643 4105 1690 4161 si
1746 4113 1912 4175 putas

339 4207 711 4263 necessarium
732 4218 853 4260 esse
915 4200 1268 4275 generalibus
1328 4197 1578 4253 conciliis
1615 4196 1683 4251 ad
1743 4197 1914 4252 totius

341 4299 821 4368 complementum,
860 4305 916 4350 et
943 4305 1177 4365 quatuor
1205 4293 1471 4346 interesse
1531 4289 1901 4359 patriarchas,

342 4389 606 4446 etaudias
647 4396 772 4457 post
829 4385 1068 4440 schisma
1111 4382 1390 4453 generalia
1447 4381 1629 4451 aliqua
1680 4380 1915 4434 concilia

339 4495 438 4551 per
463 4493 654 4548 papam
676 4491 802 4532 esse
821 4475 964 4528 facta
990 4491 1004 4527 :
1026 4473 1136 4527 noli
1159 4480 1427 4542 q'uzurere,
1456 4483 1637 4525 utrum
1662 4478 1716 4525 et
1732 4469 1916 4525 schis-

1993 2001 2094 2054 tes,
2126 2007 2223 2046 eos
2252 1991 2345 2061 qui
2393 1994 2602 2046 evitant
2649 1993 2792 2062 apud
2829 2008 2889 2047 se
2921 1993 3184 2062 majorem
3218 1990 3572 2046 communio-

1992 2097 2144 2146 nem,
2165 2084 2552 2138 schismaticos
2575 2083 2886 2153 appellant;
2917 2083 3109 2152 quales
3137 2092 3189 2136 et
3218 2093 3271 2137 tu
3305 2097 3410 2135 non
3438 2096 3576 2150 pau-

1995 2189 2090 2230 cos
2126 2175 2235 2229 scis
2261 2175 2314 2229 in
2346 2173 2602 2244 rcgnante
2633 2175 2874 2239 civitate,
2908 2173 3098 2229 eodem
3131 2175 3374 2237 nomine,
3413 2188 3575 2242 prop-

1997 2276 2080 2320 ter
2109 2282 2256 2322 nunc
2305 2266 2640 2336 assignatam
2692 2269 2984 2328 rationem,
3023 2263 3092 2319 ab
3122 2265 3244 2319 aliis
3275 2265 3478 2318 vocari.
3506 2263 3576 2318 At

1995 2369 2127 2411 vero
2169 2355 2416 2409 Romana
2453 2354 2696 2410 Ecclesia
2736 2354 3117 2418 senissimum,
3163 2351 3570 2422 principalissi-

1997 2461 2173 2507 mum.
2198 2455 2254 2502 et
2299 2460 2576 2501 summum
2612 2445 2666 2499 in
2717 2444 2989 2499 catholica
3043 2444 3286 2499 Ecclesia
3339 2443 3577 2498 habente

1991 2543 2253 2612 gradum,
2304 2539 2360 2593 hi
2395 2539 2628 2593 minoris
2665 2537 2994 2592 exsistentes
3029 2531 3085 2590 et
3110 2534 3392 2590 inferioris
3423 2535 3576 2588 ordi-

2001 2633 2088 2688 nis
2121 2671 2136 2696 ,
2176 2633 2230 2688 in
2265 2640 2477 2686 tantum
2505 2629 2723 2699 fugiunt
2759 2629 2906 2683 illius
2930 2628 3402 2688 communionem,
3430 2625 3577 2694 quod
3648 2656 3652 2661 -

1999 2739 2182 2794 neque
2207 2723 2326 2792 ejus
2352 2720 2721 2778 sacerdotium
2750 2727 2947 2788 putant
2968 2719 3157 2770 vel-um
3183 2715 3580 2771 essesacerdo-

2003 2817 2165 2882 tium,
2214 2829 2391 2884 neque
2431 2813 2484 2866 in
2530 2811 2923 2867 ecclesiasticis
2963 2807 3342 2863 sacramentis
3389 2806 3584 2860 volunt

2003 2909 2083 2962 illi
2105 2907 2519 2963 communicare
2555 2921 2570 2958 :
2601 2913 2766 2972 atque
2796 2903 2982 2971 plures
3005 2913 3197 2954 eorum
3221 2899 3391 2952 etiam
3415 2897 3592 2953 simul

2002 2999 2295 3055 comedere
2337 2996 2658 3065 simpliciter
2696 2993 2879 3048 cibum
2922 3005 3047 3046 cum
3103 2995 3376 3060 quoquam
3422 2989 3578 3044 Lati-

2006 3100 2205 3144 norum
2249 3095 2530 3143 verentur.
2576 3083 2800 3155 Ergo‘si
2848 3081 3089 3136 Ecclesia
3141 3080 3231 3134 ilia
3279 3079 3593 3143 incidenter

1929 3205 1975 3264 ρ
2016 3181 2162 3250 (ιιιοά
2205 3179 2370 3244 absit,
2401 3179 2457 3232 in
2501 3176 2742 3232 haeretici
2775 3174 3069 3238 rationem,
3112 3172 3167 3226 hi
3201 3171 3270 3226 ab
3312 3186 3374 3225 ea
3406 3171 3585 3225 absti-

2014 3281 2162 3336 nent,
2197 3267 2698 3340 irreprehensibilis
2737 3274 2821 3320 est
2852 3262 3148 3334 separatio,
3182 3271 3236 3316 et
3261 3261 3588 3316 schismati-

2007 3379 2202 3419 corum
2251 3361 2484 3416 rationis
2529 3356 3020 3429 imperceptibiiis:
3061 3356 3108 3410 si
3144 3367 3274 3408 vero
3317 3352 3408 3408 illa
3441 3352 3590 3407 nulla

2011 3457 2206 3512 haeresi
2237 3455 2531 3522 conjuncta
2585 3453 2640 3505 hi
2673 3451 2893 3519 fugiunt
2941 3449 3062 3516 ejus
3113 3446 3584 3508 communionem,

2007 3565 2148 3620 pure
2183 3549 2238 3602 in
2261 3550 2524 3601 rationem
2555 3541 2894 3598 schismatici
2931 3537 3206 3593 incidunt.
3248 3536 3389 3606 Ergo
3421 3551 3578 3604 quae-

2012 3640 2241 3695 rendum
2263 3647 2367 3703 est,
2391 3651 2552 3706 quem
2581 3633 2932 3688 nominamus
2955 3630 3296 3694 haereticum,
3318 3627 3406 3682 cui
3433 3641 3590 3680 com-

2010 3734 2299 3784 municare
2345 3727 2402 3781 in
2451 3725 2638 3794 aliquo
2666 3722 2928 3779 delictum
2979 3728 3109 3774 est:
3147 3719 3201 3773 in
3255 3718 3408 3772 nullo
3457 3732 3590 3772 vero

2009 3818 2440 3880 communicare,
2475 3827 2586 3870 non
2633 3813 2810 3870 solum
2841 3809 3327 3881 irreprehensibile
3350 3817 3458 3872 est,
3489 3822 3586 3863 ve-

2015 3929 2138 3969 rum
2172 3912 2340 3967 etiam
2375 3907 2750 3965 necessarium
2785 3920 2799 3957 :
2831 3913 2887 3958 et
2929 3917 3088 3973 quem
3118 3910 3242 3971 post
3273 3901 3504 3971 primam
3534 3909 3592 3956 et

2009 4006 2310 4064 secundam
2353 4001 2788 4057 admonitionem
2819 4003 3057 4064 oportet,
3107 3995 3408 4049 secundum
3443 3994 3596 4060 Apo-

2015 4096 2216 4152 stolum
2257 4093 2324 4148 ad
2359 4091 2565 4154 Titum,
2589 4103 2690 4144 nos
2730 4087 2936 4142 evitare
2961 4087 3025 4140 ".
3061 4084 3210 4139 illius
3244 4085 3432 4153 igitur,
3479 4083 3578 4153 qui

2015 4189 2092 4244 ita
2115 4187 2317 4243 dicitur
2348 4183 2665 4245 haereticus,
2702 4178 2996 4250 quaerenda
3026 4176 3100 4230 sit
3151 4176 3315 4241 ratio,
3349 4183 3409 4229 ut
3439 4175 3589 4229 scia-

2015 4295 2165 4345 mus,
2202 4289 2386 4333 utrum
2419 4275 2678 4332 convenit
2707 4271 2912 4341 aliquid
2945 4269 3068 4340 ejus
3092 4267 3354 4322 Romana:
3393 4267 3591 4322 Eccle-

2016 4369 2135 4426 siae.
2159 4367 2296 4423 Cum
2321 4379 2452 4420 vero
2481 4364 2622 4418 idem
2645 4363 2715 4416 sit
2743 4360 3058 4415 haereticum
3089 4371 3211 4412 esse
3241 4363 3297 4410 et
3323 4355 3596 4426 paradog.

2013 4461 2323 4524 matistam,
2357 4469 2411 4512 et
2437 4468 2667 4526 peccare
2690 4452 2836 4508 circa
2874 4451 3089 4521 pietatis
3113 4451 3370 4517 dogmata
3401 4468 3417 4504 ς
3446 4462 3602 4517 quae-

343 4541 890 4640 iuatici-patriarchae
912 4566 1018 4620 illis
1051 4541 1417 4618 interfuerunt
1449 4581 1464 4617 :
1495 4563 1588 4618 sed
1619 4562 1668 4617 si
1697 4577 1920 4616 eorum-
1951 4549 1996 4608 Ι)
2027 4552 2254 4608 tendum
2290 4559 2394 4616 est,
2431 4551 2556 4619 quis
2582 4556 2668 4602 εει
2691 4545 3156 4640 paratiogmalisla
3179 4542 3203 4596 ?
3230 4550 3284 4596 ει
3315 4541 3442 4612 quis
3475 4557 3603 4612 pec-

347 4664 471 4719 dem
508 4661 940 4732 patriarcharum
971 4657 1079 4711 iide
1100 4657 1340 4711 viventes
1373 4667 1426 4710 et
1453 4655 1591 4710 uniti
1627 4669 1729 4709 suo
1751 4655 1918 4725 capiti

347 4755 673 4826 patriarcha:
695 4751 1086 4814 interfuerunt,
1123 4765 1230 4804 non
1246 4757 1472 4819 oportet
1492 4749 1616 4817 plus
1641 4748 1744 4802 hoc
1767 4762 1920 4817 quaa-

349 4846 734 4905 ri.Generalia
783 4846 931 4900 enim
987 4841 1224 4898 concilia
1278 4853 1385 4894 non
1433 4856 1498 4894 ex
1553 4839 1834 4894 haereticis
1868 4847 1922 4892 et

349 4937 743 5002 schismaticis,
787 4935 883 4990 sed
915 4949 980 4989 ex
1036 4931 1361 4988 orthodoxis
1389 4941 1444 4986 et
1495 4930 1756 4985 Ecclesiae
1805 4929 1921 4983 uni-

354 5034 422 5088 tis
453 5029 636 5099 colligi
669 5028 885 5084 debent.
917 5024 1043 5080 Haec
1075 5024 1194 5089 tibi,
1230 5039 1263 5079 o
1323 5023 1564 5078 amicum
1623 5022 1756 5076 mihi
1825 5037 1920 5075 ca-

351 5133 470 5195 put,
499 5120 832 5192 respondere
862 5119 1004 5174 Deus
1033 5118 1203 5174 dedit.
1259 5115 1359 5172 Det
1405 5124 1588 5172 autem
1643 5115 1761 5185 ipse
1818 5113 1922 5169 tibi

353 5217 586 5286 reliqua.

356 5350 602 5420 Epistula
625 5349 854 5418 ejusdem
887 5347 1091 5402 domini
1128 5345 1406 5420 Barlaami
1435 5344 1509 5398 ad
1539 5343 1785 5420 Alexiunt
1813 5339 1921 5395 Ca-

429 5415 711 5484 lochetuin,
736 5421 788 5471 in
816 5435 919 5488 qua
971 5417 1196 5471 Ostendit
1246 5417 1457 5488 Graecos
1490 5415 1918 5488 nonobedientes

427 5483 964 5544 Romanw’Ecclesiw
1011 5503 1123 5541 esse
1149 5502 1280 5557 ,non
1306 5487 1480 5540 solum
1527 5483 1919 5549 schismaticos,

427 5576 608 5618 verum
634 5559 794 5616 etiam
818 5558 1112 5614 nauticos.

430 5675 627 5730 Audivi
651 5683 704 5729 te
731 5672 991 5730 admirari
1021 5673 1088 5730 de
1111 5685 1219 5741 me,
1245 5671 1506 5744 quoniam
1543 5684 1638 5727 eos
1671 5669 1766 5742 qui
1808 5684 1920 5728 non

437 5863 481 5896 "
506 5861 615 5917 Tit.
638 5875 719 5929 nt,
758 5858 850 5916 10.

2024 4653 2117 4704 cat
2139 4645 2286 4700 circa
2318 4643 2537 4711 pietatis
2569 4641 2822 4709 dogmata
2847 4639 2871 4691 ‘i

2103 4739 2295 4807 Itaque
2321 4749 2445 4788 cum
2485 4733 2588 4787 tria
2623 4732 2758 4794 sint,
2812 4746 2841 4784 a
2872 4729 3075 4801 quibus
3105 4728 3374 4783 habemus
3405 4726 3600 4796 hujus-

2029 4831 2175 4886 ωοάὶ
2203 4830 2480 4897 dogmata,
2506 4839 2700 4889 unum,
2724 4823 2907 4877 divina
2936 4821 3240 4890 Scriptura,
3273 4820 3601 4884 secundum,

2032 4919 2364 4976 universalia
2379 4915 2638 4980 concilia,
2667 4912 2911 4976 tertium,
2937 4914 3112 4967 sancti
3132 4910 3303 4966 nostri
3327 4911 3603 4973 doctores,

2030 5013 2122 5083 qui
2150 5019 2272 5081 post
2300 5007 2575 5079 apostolos
2599 5020 2813 5060 sacram
2847 5003 3002 5057 nobis
3022 5009 3394 5071 exposuerunt
3420 4999 3606 5066 Scrip-

2023 5113 2209 5158 ‘turam
2249 5121 2262 5156 :
2298 5103 2341 5156 si
2381 5101 2534 5155 illum
2571 5097 2892 5152 vocabimus
2923 5095 3267 5157 haereticum,
3294 5092 3386 5162 qui
3423 5091 3604 5161 quod-

2029 5212 2248 5268 cunque
2292 5195 2379 5250 vel
2409 5195 2477 5248 de
2511 5193 2642 5257 Deo,
2675 5190 2762 5244 vel
2789 5188 2856 5243 de
2903 5188 3011 5242 alio
3043 5185 3237 5257 quovis
3274 5185 3415 5253 sapit
3440 5193 3494 5237 et
3518 5183 3607 5236 di-

2031 5293 2100 5346 cit
2128 5331 2143 5354 ,
2181 5290 2327 5359 quod
2356 5301 2538 5356 neque
2566 5285 2620 5339 in
2648 5296 2802 5338 sacra
2831 5279 3135 5346 Scriptura,
3167 5291 3345 5345 neque
3373 5278 3425 5330 in
3468 5289 3606 5328 con-

2026 5382 2194 5445 ciliis,
2226 5393 2404 5448 neque
2439 5378 2492 5432 in
2535 5376 2817 5431 doctomm
2848 5371 3070 5436 scriptis
3096 5369 3342 5423 totaliter
3382 5366 3603 5421 inveni-

2029 5483 2140 5537 tur,
2176 5485 2285 5524 non
2343 5470 2482 5523 bene
2513 5461 2917 5520 nominabimns
2941 5479 2955 5527 ;
2983 5460 3109 5530 quia
3139 5473 3235 5528 per
3262 5460 3404 5513 hanc
3433 5458 3600 5512 ratio-

2032 5579 2162 5621 nem
2195 5561 2365 5619 etiam
2417 5557 2577 5614 multi
2611 5563 2925 5610 nostrorum
2955 5561 3273 5607 sanctorum
3310 5551 3606 5606 doctorum

2031 5655 2275 5715 haeretici
2303 5661 2520 5711 essent:
2553 5645 2902 5718 Areopagita,
2931 5643 3247 5718 Theologus
3299 5643 3615 5716 Nyssenus,
