4064 6484
531 394 660 461 1211

1625 405 1779 467 ΒᾹΒ
1793 407 1880 466 LA
1895 405 2035 468 AMI
2075 404 2175 466 DE
2214 405 2503 470 SEMINA
2518 406 2647 466 RIA

3640 405 3770 474 1312

527 532 555 570 ε
592 524 750 569 nctus
789 514 1176 583 Augustinus:
1211 516 1307 587 qui
1340 531 1448 573 non
1496 519 1677 575 solum
1721 522 1849 576 talia
1895 520 2108 585 dicunt,
2139 525 2186 583 Α
2218 523 2381 588 Filio,
2430 522 2702 593 contingit
2751 523 3085 587 necessario,
3132 522 3360 577 minime
3392 523 3677 592 procedere
3706 541 3765 577 ex

526 623 649 678 quas
683 622 861 676 neque
892 623 986 676 per
1030 622 1254 662 sensum
1296 610 1421 664 aliis
1453 614 1836 667 conveniunt:
1869 612 1976 666 alia
2015 626 2113 682 pe-

529 704 678 755 nitus
708 700 1056 764 exsisteutia,
1098 701 1230 755 licet
1263 718 1374 756 non
1403 706 1676 774 opposita.
1716 704 1830 759 Non
1855 719 1986 776 ergo
2011 705 2113 760 hac

530 795 743 848 ratione
777 792 1099 847 haereticum
1132 795 1544 863 cognoscimus.
1579 796 1741 866 cujus
1771 797 2115 852 communio-

527 901 654 940 nem
694 885 971 953 fugiemus
1000 902 1014 939 :
1048 886 1144 939 sed
1179 894 1235 939 et
1272 901 1426 951 eum,
1455 888 1549 957 qui
1597 890 1729 953 alia,
1758 897 1956 959 praeter
1988 904 2112 944 om-

529 995 629 1034 nes
657 979 818 1044 alios,
852 978 919 1032 de
954 980 1149 1048 quavis
1180 995 1239 1034 re
1271 980 1423 1045 dicit,
1458 980 1588 1036 dum
1623 982 1899 1037 contraria
1927 991 1982 1037 et
2010 997 2114 1052 op-

530 1072 706 1139 posita
740 1071 1043 1139 suppositis
1073 1086 1183 1125 non
1218 1071 1375 1139 dicit,
1408 1073 1653 1128 nondum
1691 1082 1952 1143 tanquam
2000 1075 2114 1129 lue-

530 1161 759 1214 reticum
787 1161 1243 1216 admonebimus.
1279 1161 1471 1232 Neque
1506 1163 1653 1218 enim
1684 1172 1875 1235 peccat
1905 1163 1960 1218 in
1992 1178 2114 1218 ma-

530 1252 733 1306 nifesta
777 1251 1059 1322 dogmata,
1108 1254 1206 1324 qui
1262 1269 1326 1308 ea
1365 1270 1475 1309 non
1505 1255 1667 1309 tollit.
1718 1257 1787 1311 At
1814 1271 1947 1312 vero
1975 1265 2032 1311 et
2066 1257 2111 1311 si

528 1344 656 1413 quis
678 1344 816 1398 nihil
846 1345 1068 1413 penitus
1092 1360 1283 1401 eorum
1308 1361 1431 1417 qua:
1460 1348 1513 1401 in
1538 1362 1695 1403 sacra
1716 1346 1999 1418 Scriptura
2026 1349 2113 1403 vel

531 1437 586 1489 in
622 1437 876 1492 conciliis
909 1445 1061 1502 sunt,
1097 1452 1476 1504 commovens,
1521 1449 1703 1495 tamen
1772 1440 1935 1497 alicui
1984 1457 2113 1497 san-

528 1535 745 1580 ctorum
765 1526 1052 1582 doctorum
1081 1529 1145 1583 de
1172 1529 1368 1597 quovis
1387 1529 1655 1593 dissonat,
1675 1530 1820 1586 hunc
1844 1531 2111 1589 audacem

530 1620 822 1687 quemdam
849 1627 902 1674 et
921 1628 1441 1689 praesumptuosum,
1462 1630 1517 1675 et
1542 1620 1746 1676 elatum
1777 1629 1833 1677 et
1861 1621 1988 1676 talia
2011 1637 2114 1677 no-

532 1711 894 1777 mina’bimus,
919 1711 1238 1766 haereticum
1262 1711 1514 1768 minime.
1544 1711 1821 1779 Quoniam
1848 1729 1946 1785 per
1969 1715 2112 1770 hanc

528 1814 754 1872 quoque
789 1801 1085 1863 rationem,
1129 1801 1290 1856 multi
1346 1814 1664 1858 sanctorum
1713 1814 1901 1859 essent
1937 1804 2113 1859 hare-

533 1893 648 1957 tici,
686 1892 780 1962 qui
810 1894 863 1946 in
907 1892 1098 1948 multis
1123 1902 1177 1949 et
1214 1894 1428 1962 magnis
1461 1895 1565 1949 sibi
1600 1894 1842 1950 invicem
1894 1904 2114 1951 contra-

533 1985 613 2038 ria
639 1985 849 2039 dicunt.
870 1984 1008 2039 Nam
1029 1986 1096 2039 de
1122 1986 1235 2054 ipsa
1260 1986 1617 2055 processioue
1645 1986 1886 2056 Spiritus
1908 1989 2112 2056 sancti,

532 2076 635 2145 ipsi
667 2076 842 2140 aiunt,
893 2077 1043 2147 quod
1093 2075 1489 2142 Damascenus,
1524 2077 1615 2132 ubi
1667 2078 1821 2146 dicit,
1863 2078 1940 2133 Ex
1972 2077 2114 2136 Filio

533 2169 773 2238 Spiritus
800 2171 1100 2239 procedere
1131 2185 1243 2225 non
1283 2168 1516 2234 dicitur,
1570 2171 1733 2242 sapit,
1765 2172 1914 2242 quod
1961 2171 2115 2228 nullo

531 2264 695 2317 modo
727 2265 842 2333 ipse
873 2272 959 2319 est
987 2278 1052 2318 ex
1086 2264 1247 2320 Filio.

603 2355 840 2411 Sanctus
872 2371 1004 2411 vero
1024 2358 1284 2429 Cyrillus,
1311 2360 1407 2429 qui
1432 2361 1621 2417 multis
1645 2360 1806 2417 annis
1839 2369 1968 2416 ante
1988 2376 2115 2416 eum

532 2448 658 2512 fuit,
695 2450 750 2503 in
781 2465 1038 2505 sermone
1058 2450 1128 2506 de
1157 2450 1385 2521 Spiritu,
1409 2454 1464 2509 in
1500 2454 1663 2510 dictis
1690 2455 1807 2511 suis
1841 2456 2116 2512 thesauris

535 2539 737 2608 septies
760 2540 837 2594 ait
868 2539 1136 2610 Spiritum
1168 2554 1418 2599 sanctum
1447 2559 1514 2600 ex
1540 2546 1679 2601 Filio
1703 2553 1758 2601 et
1787 2561 1913 2603 esse
1943 2556 1999 2602 et
2022 2561 2119 2602 ex-

533 2630 751 2696 sistere,
796 2641 849 2686 et
876 2632 1097 2700 prodire
1127 2650 1144 2688 :
1184 2636 1479 2705 assignans
1516 2647 1567 2692 et
1610 2638 1756 2694 dicta
1789 2637 2114 2709 Scriptura,

534 2739 601 2777 ex
629 2724 833 2792 quibus
859 2725 912 2778 id
951 2725 1132 2794 ipsum
1164 2726 1529 2783 intellexerat.
1571 2729 1809 2785 Sanctus
1839 2745 1970 2786 vero
2000 2730 2117 2785 Au-

534 2815 814 2881 gustinus,
840 2815 1023 2870 adhuc
1059 2816 1339 2886 antiquior
1372 2818 1478 2874 hoc
1507 2820 1802 2888 exsistens,
1832 2822 1886 2876 in
1920 2836 2022 2876 suo
2050 2822 2116 2877 de

536 2905 804 2962 Trinitate
835 2909 1077 2977 negotio,
1120 2920 1174 2964 et
1202 2910 1368 2966 nimis
1402 2912 1625 2981 longum
1654 2913 1721 2968 de
1759 2913 1863 2969 hoc
1891 2923 2116 2982 proten-

537 3002 618 3055 dit
654 3015 991 3065 sermonem,
1042 3010 1099 3057 et
1128 3003 1181 3057 in
1224 3012 1447 3073 quarto,
1483 3014 1539 3058 ct
1596 3005 1654 3059 in
1685 3006 1906 3076 quinto,
1956 3014 2012 3064 et
2059 3007 2115 3062 in

538 3093 735 3161 quinto
764 3094 983 3149 decimo
1017 3095 1158 3149 libro
1191 3093 1439 3164 ejusdem
1468 3097 1696 3167 negotii.
1728 3097 1871 3163 Quid
1904 3098 2118 3169 igitur?

2215 613 2379 669 Patre
2401 633 2416 682 ;
2441 615 2536 668 sed
2563 614 2744 684 potius
2769 614 3083 670 necessario
3104 613 3405 669 confertur.
3428 612 3557 669 Nam
3579 615 3623 669 si
3652 630 3771 685 pro-

2217 704 2365 759 cedit
2391 713 2445 758 et
2470 720 2534 757 ex
2575 704 2735 770 Filio,
2773 705 2866 774 qui
2909 705 3094 759 omnia
3128 720 3468 776 quaecunque
3493 705 3679 768 habet,
3708 722 3770 761 ex

2216 794 2379 850 Patre
2418 795 2578 851 habet
2602 834 2618 859 ,
2659 796 2905 866 procedit
2937 810 3067 867 ergo
3096 808 3151 852 et
3182 812 3245 853 ex
3278 796 3456 853 Patre.
3505 795 3622 852 Non
3652 813 3773 869 ergo

2216 888 2450 951 tollitur,
2477 889 2622 958 quod
2656 888 2821 943 simul
2852 889 3110 946 trahitur.

2288 982 2356 1034 At
2390 994 2525 1034 vero
2568 994 2747 1045 neque
2775 981 2920 1035 aliud
2952 996 3143 1036 eorum
3191 999 3308 1053 quae
3348 983 3402 1039 in
3440 999 3591 1040 sacra
3630 986 3775 1040 Scri-

2216 1080 2381 1144 ptura
2408 1072 2490 1126 vel
2522 1074 2771 1128 conciliis
2788 1084 2938 1138 sunt,
2962 1074 3188 1140 tollitur,
3207 1090 3271 1130 ex
3299 1091 3365 1130 eo
3392 1077 3534 1147 quod
3558 1078 3774 1144 dicitur,

2216 1176 2271 1221 et
2302 1181 2371 1220 ex
2403 1165 2544 1220 Filio
2579 1167 2881 1236 procedere
2913 1166 3176 1236 Spiritum
3206 1177 3476 1224 sanctum.
3511 1168 3629 1223 Non
3654 1185 3777 1239 ergo

2216 1257 2519 1313 secundum
2552 1260 2656 1312 hoc
2687 1258 2880 1313 incidit
2905 1257 2961 1312 in
2998 1259 3380 1315 haereticorum
3405 1261 3672 1316 rationem
3694 1263 3778 1318 illa

2215 1348 2483 1405 Ecclesia.
2514 1352 2583 1404 At
2612 1364 2790 1420 neque
2822 1365 2919 1419 per
2944 1365 3231 1418 azymum.

2288 1440 2532 1496 Primum
2565 1441 2711 1496 enim
2747 1441 2880 1496 nulli
2913 1440 3148 1497 concilio
3182 1456 3279 1511 per
3305 1442 3412 1496 hoc
3441 1441 3775 1507 adversatur,

2216 1533 2481 1603 quoniam
2537 1533 2753 1588 nullum
2814 1533 2882 1588 de
2941 1534 3050 1587 hoc
3110 1533 3315 1602 aliquid
3374 1533 3776 1611 determinavit.

2218 1623 2421 1679 Deinde
2467 1638 2643 1694 neque
2673 1637 2845 1679 sacrae
2892 1622 3188 1694 Scriptura
3232 1638 3329 1693 per
3362 1623 3465 1679 hoc
3497 1632 3776 1695 repugnat.

2214 1714 2406 1770 Etnon
2434 1713 2540 1770 hoc
2560 1730 2704 1770 nunc
2723 1714 2867 1778 dico,
2896 1716 3023 1785 quia
3054 1715 3210 1784 panis
3250 1714 3357 1777 ille,
3388 1729 3546 1784 quem
3582 1716 3783 1769 sacriﬁ—

2214 1808 2360 1864 cavit
2379 1807 2663 1882 Dominus,
2684 1822 2910 1879 azymus
2924 1814 3041 1862 erat
3058 1846 3074 1871 ,
3095 1817 3149 1862 et
3164 1822 3411 1878 azymum
3433 1806 3485 1860 in
3508 1806 3781 1876 Scriptura

2217 1898 2360 1969 gerit
2392 1898 2686 1968 imaginem
2735 1896 3071 1952 sinceritatis
3110 1906 3162 1951 et
3202 1895 3486 1963 veritatis;
3534 1896 3630 1951 sed
3658 1896 3778 1949 illud

2217 1988 2423 2046 suﬂicit
2458 2004 2629 2055 nunc,
2674 1989 2821 2058 quod
2851 1988 3035 2043 divina
3074 1988 3359 2059 Scriptura
3386 2002 3586 2057 panem
3616 1986 3780 2041 nomi-

2217 2096 2383 2143 nante
2410 2095 2466 2141 et
2497 2100 2748 2156 azymum
2777 2093 2831 2139 et
2849 2082 3330 2147 fermentatum,et
3349 2080 3781 2151 nusquamjubet

2220 2180 2325 2232 hoc
2379 2176 2464 2231 vel
2492 2175 2624 2230 illud
2652 2174 2930 2239 distincte,
2961 2182 3113 2228 certe
3142 2180 3335 2227 neuter
3361 2170 3663 2241 Scriptura:
3687 2185 3779 2239 pu—

2219 2278 2371 2341 gnat,
2422 2283 2599 2339 neque
2642 2269 2898 2339 azymita,
2952 2280 3128 2336 neque
3180 2264 3599 2322 l‘ermentarius.
3671 2265 3775 2320 Non

2218 2362 2368 2417 enim
2402 2362 2548 2431 quod
2604 2359 3000 2416 nonnullorum
3050 2366 3138 2414 est
3168 2358 3459 2414 stultorum
3505 2357 3776 2423 dicemus,

2219 2456 2367 2526 quod
2402 2455 2495 2510 ille
2525 2464 2613 2510 est
2662 2453 3028 2509 inanimatus.
3062 2451 3258 2507 Omnis
3305 2452 3450 2505 enim
3501 2451 3660 2519 panis
3690 2465 3777 2505 sua

2219 2549 2437 2603 ratione
2466 2547 2804 2601 inanimatus
2835 2555 2942 2610 est,
2966 2556 3021 2600 et
3051 2544 3237 2599 nullus
3268 2544 3545 2599 animatus
3569 2560 3583 2595 :
3607 2540 3775 2595 divina

2218 2655 2351 2697 vero
2381 2639 2584 2694 virtute
2614 2652 2917 2694 conversus
2946 2650 3297 2706 nequaquam
3326 2634 3682 2698 inanimatus,
3704 2632 3779 2686 vel

2223 2731 2464 2787 letaliter
2517 2729 2830 2787 substantia
2860 2727 3040 2797 panis,
3095 2727 3191 2781 sed
3227 2726 3345 2779 viva
3396 2738 3528 2779 caro
3564 2723 3778 2779 viventis

2219 2823 2447 2889 Christi,
2478 2823 2571 2892 qui
2604 2836 2825 2877 carnem
2858 2829 2911 2875 et
2936 2820 3175 2874 animam
3200 2817 3518 2872 rationalem
3547 2825 3603 2871 et
3633 2815 3780 2871 intel-

2222 2917 2511 2973 lectualem
2565 2930 2630 2970 ex
2680 2912 2843 2969 nobis
2871 2926 2972 2982 pro
3009 2910 3172 2966 nobis
3229 2908 3550 2979 assumpsit.
3606 2906 3777 2976 Neque

2219 3023 2351 3079 ergo
2381 3022 2476 3078 per
2496 3005 2905 3076 processionem
2935 3002 3198 3072 Spiritus,
3228 3014 3405 3070 neque
3424 3014 3518 3069 per
3538 3013 3774 3070 azymum

2222 3101 2314 3156 illa
2346 3098 2589 3155 Ecclesia
2636 3096 2779 3153 cadit
2818 3097 2873 3149 in
2925 3091 3263 3149 schismatici
3300 3091 3569 3146 rationem
3607 3103 3776 3159 :quo-

538 3184 867 3239 ilmreticum
906 3186 1274 3241 nominabant
1311 3185 1736 3253 Damascenum,
1793 3188 1904 3244 illis
1958 3203 2118 3258 supe-
2145 3208 2188 3267 ο
2221 3195 2369 3247 niam
2403 3206 2499 3261 per
2533 3199 2787 3245 neutrum
2831 3186 2973 3242 tollit
3014 3187 3315 3255 quidquam
3348 3182 3776 3237 manifestorum.

540 3277 781 3332 rioribus
831 3292 891 3332 se
926 3280 1234 3332 secundum
1285 3277 1434 3347 ipsos
1462 3281 1936 3339 contradicentem
1972 3300 1987 3337 :
2028 3284 2113 3338 vel

537 3373 726 3442 potius
758 3380 812 3427 et
840 3386 901 3427 se
937 3372 1087 3442 ipsos
1134 3372 1326 3428 iisdem
1358 3375 1565 3430 sanctis
1590 3375 1761 3431 tantis
1790 3376 1957 3432 rebus
1982 3391 2116 3432 con-

539 3465 888 3531 tradicentes,
927 3481 995 3520 an
1029 3465 1296 3521 minime?
1328 3468 1514 3525 Potest
1546 3482 1676 3539 ergo
1709 3468 1854 3534 ﬁeri,
1887 3469 2034 3539 quod
2065 3471 2115 3528 is

536 3557 629 3624 qui
675 3557 883 3612 sanctis
928 3557 997 3613 de
1044 3557 1155 3614 Deo
1201 3559 1480 3626 dissonat,
1522 3560 1768 3616 nondum
1819 3562 1894 3617 sit
1939 3561 2117 3618 luere-

538 3651 698 3705 licus.

604 3742 740 3808 Quis
757 3757 887 3812 ergo
917 3741 1209 3799 haereticus
1226 3754 1311 3799 est
1338 3753 1393 3799 et
1416 3745 1881 3817 paradogmatista
1904 3746 1927 3800 ἲ
1950 3758 2114 3817 quem

536 3841 660 3900 post
691 3834 875 3885 binam
904 3833 1344 3888 admonitionem
1378 3835 1695 3903 l‘ugiemus?
1724 3852 1793 3892 an
1827 3834 1979 3892 certe
2001 3837 2115 3903 ille,

533 3922 631 3990 qui
671 3924 894 3991 sapitet
920 3923 1059 3979 dicit
1090 3924 1301 3995 aliquid
1337 3926 1390 3978 in
1417 3928 1792 3995 dogmatibus,
1832 3928 1905 3983 ita
1938 3944 2084 3999 oppo

535 4018 701 4070 situm
727 4015 893 4071 alicui
919 4030 1110 4071 eorum
1135 4032 1259 4087 quae
1280 4017 1365 4072 vel
1390 4017 1446 4071 in
1469 4033 1627 4073 sacra
1650 4019 1938 4089 Scriptura
1960 4036 2119 4090 aper-

537 4114 589 4158 te
619 4104 906 4168 dicuntur,
954 4107 1035 4160 vel
1070 4108 1122 4161 in
1154 4107 1507 4179 generalibus
1556 4109 1816 4165 conciliis
1855 4126 2117 4182 expresse

535 4198 896 4253 determinata
944 4207 1095 4266 sunt,
1132 4209 1192 4255 ut
1216 4216 1340 4254 cum
1370 4201 1474 4256 hoc
1503 4203 1595 4268 sit,
1628 4202 1854 4257 tollatur
1882 4205 2034 4272 illud,
2060 4213 2118 4262 et

536 4307 661 4345 cum
704 4291 833 4346 illud
866 4293 959 4357 sit,
991 4306 1101 4347 non
1134 4295 1307 4363 possit
1354 4294 1458 4349 hoc
1490 4310 1613 4351 esse
1641 4314 1656 4352 :
1694 4306 1861 4369 atque
1893 4299 2017 4355 talis
2044 4300 2115 4354 ad

536 4385 629 4439 illa
660 4387 1023 4454 repugnantia
1054 4393 1225 4442 estex
1253 4402 1317 4441 ea
1341 4402 1465 4457 qua
1492 4388 1836 4459 vituperatur
1868 4392 2114 4448 haeresis.

536 4476 633 4532 ille
664 4492 795 4531 vero
820 4479 914 4547 qui
951 4478 1058 4533 tale
1089 4479 1298 4550 aliquid
1336 4496 1514 4550 neque
1547 4482 1792 4552 loquitur
1819 4499 2002 4555 neque
2028 4501 2120 4541 sa-

535 4571 637 4640 pit,
687 4571 740 4623 in
780 4572 889 4624 alio
940 4587 1069 4626 vero
1115 4568 1314 4643 quovis
1356 4585 1566 4643 peccat,
1612 4578 1999 4633 admonendus
2033 4588 2119 4634 est
2150 4557 2195 4613 θ

537 4660 785 4729 quidem,
821 4664 929 4717 alio
960 4666 1183 4721 nomine
1232 4668 1576 4735 nominatus,
1615 4686 1725 4724 non
1776 4679 1961 4725 tamen
1996 4681 2119 4726 tan-

538 4768 703 4823 quam
740 4753 1031 4811 haereticus
1059 4755 1377 4826 fugiendus.

609 4848 781 4916 Igitur
801 4864 926 4904 cum
964 4851 1079 4905 hazc
1106 4851 1179 4906 sit
1218 4853 1307 4907 illa
1336 4854 1480 4907 ratio
1504 4868 1609 4923 qua
1641 4854 1934 4913 haereticus
1963 4866 2123 4913 nota-

538 4949 646 5005 tur,
681 4940 963 4997 videamus
994 4944 1233 5013 qualiter
1282 4959 1344 5000 se
1383 4947 1548 5000 habet
1581 4946 1649 5001 ad
1691 4963 1812 5003 eam
1867 4948 2119 5008 Romana

537 5028 807 5083 Ecclesia.

612 5120 727 5173 Duo
758 5132 907 5193 sunt.
938 5138 1061 5190 qua:
1093 5121 1212 5188 eius
1245 5135 1575 5180 accusantes
1609 5126 1754 5195 iuste
1780 5130 1939 5187 aiunt
1965 5146 2025 5187 se
2048 5132 2117 5188 ab

534 5227 595 5265 ca
634 5212 822 5266 dividi.
857 5210 1038 5267 Unum
1064 5216 1208 5283 quod
1238 5217 1370 5271 dicit
1406 5216 1671 5286 Spiritum
1703 5234 1956 5277 sanctum
1990 5238 2117 5293 pro-

538 5304 735 5359 cedere
773 5312 826 5357 ct
854 5319 919 5358 ex
954 5304 1115 5359 Filio.
1153 5306 1310 5361 Aliud
1352 5313 1496 5380 quod
1532 5327 1628 5382 per
1650 5329 1840 5380 azjma
1869 5316 2116 5372 conlinit.

537 5400 729 5469 Atper
771 5399 1009 5466 primum
1049 5401 1183 5455 nihil
1216 5418 1406 5459 eorum
1439 5422 1561 5476 qua:
1602 5408 1657 5463 in
1695 5407 1981 5479 Scriptura
2029 5412 2115 5466 vel

543 5491 596 5543 in
629 5491 882 5547 conciliis
914 5504 1066 5559 sunt,
1116 5496 1276 5554 tollit.
1324 5498 1545 5555 Dicente
1590 5504 1736 5557 enim
1765 5517 1924 5559 sacra
1957 5504 2115 5559 Scri-

535 5594 721 5652 ptura,
759 5587 904 5652 quod
929 5605 993 5642 ex
1031 5590 1189 5647 Patre
1218 5595 1467 5663 procedit
1504 5594 1748 5666 Spiritus
1775 5608 2024 5661 sanctus,
2062 5608 2117 5652 et

535 5677 787 5732 cottciliis
812 5680 1067 5737 omnibus
1089 5683 1141 5738 id
1166 5685 1343 5753 ipsum
1377 5688 1707 5755 dicentibus,
1730 5689 1979 5753 Romana
2015 5688 2117 5745 Ec-

534 5769 702 5825 clesia
728 5771 916 5830 dicens
947 5784 1002 5829 ει
1028 5792 1089 5831 ex
1124 5776 1288 5844 Filio,
1315 5794 1424 5832 non
1449 5779 1768 5850 oppositum
1799 5781 2007 5851 aliquid
2036 5781 2111 5835 illi

536 5860 686 5933 dicit,
722 5881 899 5940 neque
928 5870 1078 5942 ejirit
1108 5872 1263 5927 illud.
1296 5872 1415 5928 Non
1447 5874 1591 5929 cnim
1618 5873 1662 5928 si
1691 5875 1935 5944 proci-dit
1960 5885 2015 5931 et
2044 5890 2113 5943 ex,

2214 3285 2285 3342 At
2306 3300 2437 3340 vero
2485 3291 2710 3351 propter
2749 3282 2864 3336 haec
2918 3279 3057 3343 sola,
3110 3287 3308 3333 etnon
3350 3287 3570 3347 propter
3617 3278 3772 3342 aliud,

2216 3378 2372 3433 aiunt
2405 3391 2465 3432 se
2488 3374 2655 3430 dividi
2681 3373 2750 3428 ab
2772 3372 2887 3427 illa.
2919 3370 3039 3425 Non
3068 3384 3201 3440 ergo
3233 3370 3324 3425 illa
3356 3367 3600 3425 Ecclesia
3624 3372 3777 3424 haere-

2217 3473 2327 3527 tica
2366 3478 2450 3525 est
2477 3483 2573 3539 per
2598 3467 2713 3533 illa,
2747 3474 2972 3537 propter
3002 3480 3126 3536 quae
3156 3463 3262 3532 ipsi
3286 3463 3474 3518 dicunt
3492 3478 3555 3517 se
3581 3462 3775 3517 divisos

2216 3579 2386 3621 esse:
2431 3563 2560 3633 quia
2599 3562 2902 3616 secundum
2937 3573 3001 3613 ea
3037 3558 3091 3612 in
3145 3556 3513 3612 deﬁnitionem
3550 3554 3775 3609 haeretici

2217 3669 2327 3709 non
2351 3651 2521 3707 cadit.
2540 3648 2732 3703 Restat
2759 3662 2891 3716 ergo
2918 3646 3018 3700 hos
3040 3643 3426 3700 schismaticos
3454 3656 3581 3697 esse
3604 3657 3777 3697 neces-

2217 3745 2390 3807 sario,
2439 3742 2702 3813 quoniam
2737 3738 3079 3795 deﬁnitionis
3114 3736 3603 3793 schismaticorum
3648 3733 3773 3788 nihil

2218 3835 2506 3894 omittunt.
2560 3834 2911 3905 Quapropter
2943 3831 3074 3897 hoc,
3107 3838 3169 3883 ut
3200 3839 3356 3899 puto,
3398 3842 3502 3881 non
3555 3826 3775 3897 amplius

2218 3923 2539 3979 miraberis.

2291 4015 2364 4072 Ut
2392 4022 2579 4070 autem
2609 4025 2788 4083 neque
2826 4009 2873 4066 si
2906 4008 3185 4065 audiveris
3221 4023 3309 4064 me
3346 4008 3659 4064 baereticum
3696 4022 3776 4061 vo-

2219 4121 2347 4163 care
2379 4122 2503 4161 eum
2534 4104 2628 4176 qui
2664 4118 2730 4159 ex
2758 4102 2878 4159 solo
2909 4102 3074 4157 Patre
3104 4100 3305 4155 asserit
3336 4100 3629 4169 procedere
3661 4099 3773 4169 Spi-

2221 4199 2388 4254 ritum
2421 4207 2700 4262 sanctum,
2750 4194 3044 4251 admireris
3072 4212 3087 4250 ε
3133 4194 3255 4248 volo
3287 4192 3383 4249 tibi
3412 4205 3465 4248 et
3511 4194 3667 4264 hujus
3696 4208 3774 4247 ra-

2220 4294 2428 4349 tionem
2466 4292 2776 4361 assignare.

2244 4407 2260 4420 -
2292 4383 2624 4439 Dicebamus
2658 4380 2937 4451 superius,
2973 4378 3292 4435 haereticum
3316 4394 3439 4435 esse
3460 4394 3585 4434 eum
3613 4378 3699 4449 qui
3724 4380 3770 4432 in

2221 4478 2576 4548 dogmatibus
2609 4474 2829 4546 pietatis
2876 4473 3019 4544 sapit
3065 4473 3272 4542 aliquid
3299 4482 3354 4527 et
3379 4472 3515 4528 dicit
3542 4470 3770 4541 opposite

2224 4573 2540 4649 sediabens,
2586 4570 2670 4624 vel
2710 4568 2777 4623 ad
2810 4568 3048 4623 divinam
3084 4566 3451 4636 Scripturam,
3489 4564 3572 4618 vel
3599 4564 3661 4617 ad
3690 4576 3771 4630 ge-

2224 4665 2410 4719 nerale
2441 4661 2760 4719 concilium.
2786 4662 2856 4715 At
2883 4675 3015 4715 vero
3050 4674 3223 4715 sacrae
3258 4657 3556 4739 Scriptura:
3583 4669 3769 4725 pugna-

2222 4757 2270 4812 ri
2316 4757 2607 4826 dupliciter
2634 4763 2758 4810 est:
2808 4753 2895 4807 vel
2946 4767 3072 4807 cum
3102 4751 3307 4820 aliquis
3335 4759 3482 4805 recte
3511 4747 3766 4814 intelligit,

2222 4850 2368 4919 quod
2395 4850 2470 4903 ait
2497 4848 2810 4918 Scriptura,
2843 4856 2899 4902 et
2928 4846 2978 4901 id
3014 4845 3194 4914 ipsum
3222 4843 3479 4913 proponit
3512 4839 3767 4897 contraria

2222 4941 2299 4995 illi
2340 4940 2548 5004 dicere,
2577 4938 2861 4993 aestimans
2906 4936 3054 4991 illam
3094 4933 3357 4999 mentiri;
3386 4932 3530 5002 quod
3565 4930 3768 4984 minime

2221 5032 2649 5099 estChristiani;
2678 5031 2762 5087 vel
2807 5044 3065 5085 asserens
3099 5026 3439 5096 Scripturam
3470 5023 3687 5079 omnino
3717 5032 3769 5074 se

2221 5129 2494 5196 venerari,
2520 5126 2666 5181 dicta
2686 5125 2826 5197 ejus.
2849 5124 3053 5195 quibus
3076 5120 3423 5186 contradicit,
3447 5119 3598 5173 aliter
3620 5125 3762 5186 quam

2222 5224 2428 5275 veritas
2458 5235 2518 5275 se
2553 5219 2739 5283 habet,
2782 5217 3039 5284 intelligit
3072 5224 3125 5269 et
3151 5213 3402 5284 exponit,
3436 5209 3581 5280 quod
3605 5208 3760 5263 solum

2220 5326 2303 5374 est
2334 5316 2602 5371 haeretici.
2629 5314 2773 5382 Ergo
2800 5327 2924 5366 cum
2959 5307 3305 5363 inveniamus
3340 5303 3571 5373 aliquem
3599 5298 3761 5358 talem,

2221 5411 2556 5482 [mgnantem
2581 5407 2802 5479 quidem
2834 5405 3035 5461 divina:
3062 5403 3383 5472 Scriptura,
3414 5414 3520 5454 non
3546 5402 3764 5468 pugnare

2220 5518 2352 5558 vero
2384 5509 2746 5567 asserentem,
2770 5497 2839 5553 ad
2875 5496 3022 5567 quod
3058 5510 3157 5551 nos
3179 5493 3447 5566 judicium
3471 5488 3758 5545 referentes,

2222 5596 2598 5651 indubitanter
2629 5593 2893 5656 sciemus,
2928 5587 3073 5658 quod
3103 5593 3381 5657 pugnatur
3406 5592 3459 5637 et
3480 5582 3620 5654 juste
3654 5584 3763 5647 post

2219 5690 2404 5744 binam
2454 5685 2886 5741 admonitionem
2918 5683 3108 5751 ipsum
3154 5674 3561 5734 devitabimus?
3589 5674 3664 5759 An
3702 5666 3758 5719 ad

2217 5781 2451 5853 plures?
2501 5778 2603 5833 Sed
2639 5777 2732 5846 qui
2783 5776 2983 5832 melius
3012 5782 3068 5827 et
3118 5771 3433 5841 diligentius
3478 5765 3759 5861 intelligunt

2217 5889 2432 5931 sacram
2468 5871 2834 5941 Scripturam,
2866 5869 3158 5941 pauciores
3182 5871 3329 5919 sunt.
3360 5861 3439 5917 An
3473 5860 3536 5915 ad
3566 5859 3755 5921 hosqui
