4064 6456
315 372 456 437 1313

1642 376 1794 439 PRO
1821 379 2152 443 LATINIS.

3411 385 3547 452 1314

304 492 360 545 in
395 489 596 546 divinis
633 489 998 560 sapientiores
1024 500 1081 547 et
1108 490 1283 562 magis
1313 489 1515 547 eruditi
1565 492 1738 547 sunt?
1778 491 1874 547 sed
1903 494 1950 552 Δ
1975 508 2121 561 cent,
2148 498 2405 569 legitimis
2430 502 2779 572 pontiﬁcibus
2802 514 2857 559 et
2882 504 3149 560 canonice
3172 504 3543 561 sacerdotium

302 584 541 638 fortasse
572 582 662 636 ille
692 597 837 637 unus
880 592 966 637 est
997 583 1245 638 omnium
1278 581 1720 651 sapientissimus
1758 598 1775 638 :
1819 590 1877 637 et

306 685 487 747 potest
516 675 632 729 ﬁeri
669 686 727 730 ut
754 676 808 731 id
835 676 1015 745 ipsum
1047 676 1330 731 verissime
1365 674 1608 729 omnium
1639 673 1758 742 ipse
1790 672 1874 726 in-

307 768 536 837 telligat.
570 769 653 821 An
683 771 749 823 ad
777 769 1054 836 digniores
1088 777 1144 823 et
1172 768 1611 823 dominantiores
1641 776 1694 822 et
1722 766 1873 836 prin-

303 860 637 928 cipaliores?
687 861 782 915 sed
814 862 891 914 ait
922 860 1208 929 Scriptura
1239 879 1254 915 :
1287 860 1341 914 Si
1373 860 1535 915 fuerit
1574 860 1871 914 revelatum

302 952 628 1014 novissimo,
657 952 815 1005 sileat
846 952 1088 1019 primus.
1126 949 1277 1005 Unde
1306 965 1414 1004 non
1444 964 1658 1018 semper
1686 963 1874 1002 neces-

300 1043 511 1099 sarium
549 1056 635 1099 est
674 1046 859 1099 verius
886 1045 1190 1114 intelligere
1221 1060 1368 1107 eum,
1399 1042 1493 1111 qni
1527 1041 1735 1110 primus
1765 1050 1869 1093 est.

297 1134 382 1187 An
416 1135 481 1188 ad
511 1149 629 1197 eos,
676 1134 769 1203 qui
814 1150 1090 1203 nunquam
1153 1134 1291 1187 alias
1332 1131 1584 1187 haeresim
1629 1130 1867 1198 aliquam

302 1226 649 1278 incurrerunt
678 1225 701 1276 ?
728 1225 822 1280 sed
857 1240 1200 1295 unaquaeque
1230 1224 1495 1285 Ecclesia,
1524 1237 1646 1291 qu:e
1677 1222 1869 1286 primi-

304 1326 392 1370 tus
422 1316 472 1369 in
503 1318 743 1386 aliquam
776 1316 1025 1371 haeresim
1065 1318 1279 1380 incidit,
1325 1314 1698 1384 superioribus
1728 1327 1868 1371 tem-

302 1407 532 1475 poribus
583 1407 850 1462 ratholica
886 1423 1104 1477 semper
1136 1388 1489 1472 erathuare
1518 1414 1694 1475 potest
1751 1408 1867 1461 ﬁeri

298 1513 420 1551 eam
450 1514 571 1566 qua:
596 1499 745 1565 prius
770 1514 987 1568 semper
1018 1500 1321 1554 orthodoxa
1347 1508 1487 1563 erat,
1520 1500 1869 1567 postmodum

299 1589 355 1642 in
395 1589 642 1643 haeresim
673 1591 889 1643 cadere.
928 1591 1009 1643 Att
1066 1592 1134 1644 ad
1167 1601 1391 1644 sanctos
1423 1591 1740 1653 nonnullos,
1774 1593 1865 1661 qui

299 1689 465 1751 prout
492 1696 591 1734 nos
633 1681 894 1746 dicimus,
922 1680 1238 1751 Scripturas
1273 1682 1593 1752 exponunt?
1620 1682 1726 1737 Sed
1756 1683 1869 1737 [nr-

300 1785 450 1828 tasse
483 1783 539 1827 et
578 1774 667 1828 hic
728 1776 815 1829 cui
873 1777 1331 1839 contradieimus,
1386 1789 1611 1831 sanctus
1642 1786 1744 1832 est.
1802 1776 1868 1830 Et

299 1867 771 1935 quemadmodum
810 1868 864 1922 in
893 1869 1002 1923 illis
1037 1869 1124 1922 alii
1150 1869 1272 1923 aliis
1305 1871 1764 1934 contradicentes,
1790 1879 1871 1923 ta-

302 1973 427 2012 men
461 1958 699 2014 hteretici
733 1975 843 2013 non
873 1971 1024 2025 sunt,
1060 1960 1221 2019 itaet
1270 1960 1393 2015 hic.
1428 1960 1615 2016 Restat
1644 1975 1775 2030 ergo
1802 1961 1869 2015 ad

292 2048 568 2117 judicium
600 2049 868 2119 generalis
896 2051 1119 2105 concilii
1152 2066 1453 2105 recurrere.
1487 2051 1555 2104 At
1583 2052 1629 2107 si
1668 2053 1870 2107 videri-

303 2155 429 2194 mus
458 2140 609 2195 illum
644 2142 821 2210 ipsum
855 2156 1081 2197 sensum
1105 2142 1482 2199 delerminans
1505 2148 1868 2213 quorumdam

296 2232 570 2287 dictorum
606 2231 926 2303 Scriptum,
967 2235 1056 2289 cui
1102 2245 1493 2304 repugnantem
1525 2251 1749 2291 sensum
1784 2236 1871 2292 hic

298 2324 634 2394 dogmatizat
672 2334 729 2380 et
756 2332 923 2389 tenet,
950 2326 1311 2382 indubitabile
1342 2327 1569 2383 omnino
1600 2328 1656 2382 [it
1689 2329 1866 2397 ipsum

298 2414 615 2470 htereticum
668 2431 815 2472 esse.
850 2416 991 2498 Ergo
1025 2418 1074 2473 si
1104 2417 1234 2487 quis
1279 2419 1388 2473 tale
1438 2418 1491 2472 in
1524 2420 1870 2488 dogmatibus

296 2505 453 2572 dicit,
488 2515 548 2561 ut
577 2520 684 2561 non
719 2523 887 2562 unum
921 2508 1001 2563 vel
1037 2508 1170 2575 duo,
1195 2509 1291 2563 sed
1317 2510 1500 2563 omnia
1536 2525 1700 2578 supra
1725 2510 1868 2565 dicta

296 2603 353 2647 et
384 2595 637 2661 generale
660 2595 951 2650 concilium
970 2595 1026 2650 itt
1056 2597 1397 2652 contrarium
1421 2610 1776 2665 concurrant,
1803 2614 1869 2655 ac

297 2686 353 2741 in
386 2688 762 2757 prarjudicium
791 2691 957 2745 simul
990 2693 1239 2746 omnium
1275 2701 1537 2762 appareat
1570 2694 1749 2763 ipsum
1781 2709 1869 2750 sa-

295 2792 403 2833 cra-
438 2778 735 2850 Scriptura:
769 2796 1014 2853 pugnare
1044 2799 1060 2837 :
1093 2783 1182 2838 hic
1210 2793 1289 2839 est
1327 2786 1574 2839 omnium
1633 2785 1871 2840 manife-

294 2871 573 2927 stissimus
608 2873 920 2930 haereticus.
974 2874 1079 2930 Sed
1133 2875 1229 2946 qui
1261 2875 1396 2931 dicit
1435 2891 1499 2931 ex
1542 2875 1662 2931 solo
1705 2873 1868 2931 Patre

296 2962 591 3032 procedere
621 2964 886 3033 Spiritum
917 2975 1197 3031 sanctum,
1226 2967 1348 3021 talis
1376 2978 1480 3022 est.

364 3053 429 3108 Et
461 3066 519 3110 ut
547 3072 639 3126 per
671 3058 932 3126 praedicta
962 3058 1144 3111 omnia
1194 3046 1541 3114 transeamus
1569 3076 1583 3113 :
1615 3059 1861 3115 Primum

1980 590 2307 648 habentibus
2323 597 2607 649 constituit
2624 606 2672 650 et
2692 597 2907 652 ordinat
2928 598 3156 653 cuilibet
3178 614 3365 653 earum
3386 614 3545 652 suum

1977 684 2364 751 patriarcham.
2424 685 2624 742 Deinde
2660 686 2785 756 post
2826 690 3026 745 multos
3070 704 3248 745 annos
3295 691 3548 761 generale

1976 775 2267 829 concilium
2294 777 2596 840 celebrans.
2620 782 2685 832 de
2701 780 2892 832 eodem
2916 782 3033 849 ipso
3050 782 3294 834 omnium
3316 797 3546 836 assensu

1977 863 2239 928 declarat,
2276 866 2380 919 hoc
2430 880 2525 935 per
2557 865 2902 936 Scripturam
2949 870 3227 933 concludi,
3280 870 3545 939 Spiritum

1977 966 2226 1011 sanctum
2255 972 2319 1011 ex
2348 956 2507 1013 Patre
2538 957 2805 1028 Filioque,
2834 972 3091 1030 tanquam
3113 978 3177 1016 ex
3206 978 3314 1015 uno
3342 963 3547 1030 princi-

1976 1048 2087 1117 pio,
2117 1049 2431 1116 procedere.
2462 1050 2820 1121 Quapropter,
2847 1054 2940 1121 qui
2979 1056 3083 1109 hoc
3114 1063 3296 1122 negat,
3330 1064 3383 1108 et
3408 1069 3542 1108 con-

1978 1144 2206 1194 trarium
2240 1141 2401 1210 sapit,
2441 1144 2714 1212 generalis
2742 1144 2853 1212 jam
2890 1146 3104 1199 concilii
3132 1145 3343 1213 judicio
3373 1160 3545 1199 sacra:

1976 1228 2275 1300 Scriptura:
2302 1240 2526 1302 pugnat.
2563 1233 2629 1288 Et
2658 1244 2953 1304 propterea
2989 1237 3041 1290 iu
3073 1237 3309 1291 hzeretici
3350 1235 3545 1291 delini—

1977 1322 2179 1377 tionem
2212 1323 2501 1380 manifeste
2528 1324 2793 1389 incidens,
2826 1342 2999 1396 purus
3022 1330 3308 1383 haereticus
3330 1336 3436 1383 est.

2048 1410 2175 1468 llzcc
2198 1422 2378 1468 autem
2409 1424 2462 1481 et
2496 1415 2563 1469 ad
2598 1426 2647 1471 te
2673 1417 2875 1483 scribo,
2903 1427 2956 1472 et
2990 1418 3057 1473 ad
3085 1405 3223 1474 alios
3258 1419 3401 1481 dico,
3435 1434 3541 1472 non

1976 1503 2362 1558 malevolentia
2381 1505 2583 1576 aliqua,
2597 1514 2651 1562 et
2670 1509 3088 1571 contumeliose,
3109 1510 3201 1563 sed
3225 1510 3543 1578 cupiditate,

1974 1602 2036 1648 ut
2058 1594 2298 1649 Ecclesia
2321 1594 2525 1653 Christi
2554 1598 2796 1663 uniatur,
2821 1607 2875 1652 ct
2906 1599 2970 1651 ad
3000 1599 3234 1667 seipsam
3259 1600 3462 1660 redeat,
3492 1609 3545 1651 et

1973 1699 2164 1739 omnes
2183 1684 2486 1741 Christiani
2514 1689 2565 1740 in
2596 1686 2700 1741 llde
2715 1698 2768 1742 et
2798 1690 3026 1743 veritate
3050 1690 3283 1756 idipsum
3305 1691 3540 1758 sapiant.

1973 1785 2028 1831 et
2046 1775 2333 1832 charitatis
2362 1778 2579 1833 vinculo
2606 1779 2709 1834 sibi
2733 1778 2964 1833 invicem
2994 1780 3359 1848 copulentur:
3395 1780 3542 1849 quod

1978 1878 2036 1922 ut
2061 1879 2192 1937 puto
2225 1885 2333 1924 non
2374 1871 2427 1925 in
2457 1873 2677 1942 longum
2728 1872 2993 1937 eveniret,
3025 1873 3070 1927 si
3106 1873 3220 1926 haec
3255 1873 3388 1933 sola,
3422 1888 3543 1942 quae

1973 1960 2070 2014 tibi
2106 1960 2311 2023 scribo,
2350 1961 2402 2014 in
2441 1972 2676 2015 mentem
2708 1961 2967 2015 omnibus
3012 1963 3282 2016 venirent.
3326 1960 3458 2015 Nam
3493 1962 3541 2017 si

1971 2067 2297 2123 persuasum
2331 2051 2525 2107 luisset
2554 2052 2635 2107 eis
2662 2052 2714 2106 in
2751 2068 2862 2123 quo
2894 2052 3038 2107 malo
3065 2064 3215 2119 sunt,
3248 2053 3405 2108 facile
3436 2055 3542 2108 uti-

1971 2159 2080 2215 que
2112 2153 2166 2199 et
2195 2144 2363 2215 hujus
2397 2143 2777 2199 liberationem
2806 2139 3135 2213 queret-ent.
3154 2145 3335 2210 Quare
3379 2146 3537 2209 nihil,

1970 2245 2028 2289 ut
2055 2236 2287 2300 aestimo,
2316 2236 2727 2292 benevolentius
2756 2251 2858 2305 pro
2890 2237 3147 2291 omnibus
3173 2240 3542 2292 communiter

1972 2328 2085 2383 lleri
2122 2335 2320 2396 potest,
2351 2342 2515 2398 quam
2553 2328 2599 2383 si
2629 2330 2756 2382 talia
2788 2329 2855 2383 ad
2890 2344 2985 2385 eos
3013 2328 3273 2383 dicantur
3313 2338 3367 2384 et
3396 2328 3538 2383 scri-

1969 2420 2188 2476 bantur.

1970 2531 2223 2598 Eiusdent
2254 2531 2458 2587 domini
2489 2530 2791 2595 Barlaami,
2812 2533 3042 2601 episcopi
3060 2532 3535 2601 Gyracenst's,pro-

2044 2603 2186 2655 batio
2212 2619 2303 2669 per
2339 2619 2549 2671 sacrum
2587 2601 2946 2667 Scripturam,
2978 2604 3116 2671 quod
3146 2602 3378 2671 Spiritus
3407 2617 3537 2653 san-

2039 2682 2153 2725 ctus
2177 2682 2224 2725 et
2254 2689 2319 2725 ea:
2352 2670 2496 2724 Filio
2526 2682 2624 2738 est,
2646 2670 3087 2741 quemadmodum
3113 2683 3157 2725 et
3190 2687 3253 2723 ex
3283 2670 3462 2723 Patre.

2036 2783 2268 2839 Domino
2297 2794 2489 2839 nostro
2521 2780 2649 2838 Jesu
2691 2781 2911 2838 Christo
2954 2782 3181 2852 iubente
3212 2782 3372 2837 nobis
3415 2796 3538 2851 per-

1966 2878 2201 2930 scrutari
2252 2874 2587 2945 Scripturas,
2618 2876 2726 2929 duo
2756 2874 2882 2928 hinc
2914 2870 3295 2942 intelligimus.
3326 2869 3534 2935 Unum,

1965 2966 2108 3034 quod
2166 2967 2381 3035 pietatis
2433 2967 2685 3035 dogmata
2720 2982 2825 3021 non
2859 2964 2972 3020 sola
3009 2976 3137 3020 sunt
3177 2965 3287 3030 illa,
3316 2980 3436 3035 qua!
3467 2979 3533 3018 ex

1965 3055 2146 3110 verbis
2178 3056 2314 3125 ipsis
2351 3056 2661 3110 immediate
2689 3070 2719 3109 a
2752 3054 3037 3124 Scriptura
3075 3056 3370 3110 traduntur
3395 3095 3411 3120 ,
3439 3070 3536 3110 ve-

294 3146 342 3201 si
373 3148 494 3216 quis
521 3149 713 3216 quazrit
741 3156 795 3204 et
821 3149 1071 3218 pr0ponit
1098 3148 1336 3217 plurium
1368 3149 1660 3218 judicium,
1684 3132 1937 3222 siqui-5C
1967 3160 2089 3200 rum
2112 3148 2274 3201 etiam
2305 3155 2434 3201 sunt
2464 3147 2589 3212 alia,
2610 3161 2731 3216 quae
2754 3161 2850 3216 per
2872 3161 3090 3201 sensum
3114 3146 3385 3200 dictorum
3415 3163 3536 3217 per-

296 3238 417 3292 dent
437 3238 622 3307 plures
649 3238 800 3303 dicit,
825 3253 931 3292 non
957 3238 1119 3292 rudes
1140 3247 1195 3292 et
1220 3226 1545 3303 illitteratos,
1574 3244 1664 3296 sed
1686 3240 1869 3311 legen-
1966 3238 2341 3293 scrutantibus
2377 3237 2532 3294 nobis
2552 3236 2893 3292 eluccscunt.
2927 3236 3088 3292 Aliud
3113 3248 3217 3300 est,
3253 3240 3398 3308 quod
3435 3240 3538 3296 de-

298 3338 381 3385 tes
410 3345 621 3385 sacram
658 3328 998 3400 Scripturam
1026 3338 1081 3384 et
1110 3330 1444 3384 intellectum
1478 3332 1741 3386 lectorum
1774 3342 1866 3388 ut-
1965 3329 2176 3384 bitores
2196 3343 2408 3393 sumus,
2439 3342 2545 3382 non
2577 3327 2693 3383 sola
2724 3343 2848 3397 quae
2871 3328 3053 3383 verbis
3082 3339 3332 3399 prompte
3363 3330 3537 3399 signi-

291 3439 511 3492 cunque
550 3431 865 3491 sequentes.
895 3435 1005 3475 non
1038 3420 1227 3491 utique
1273 3420 1512 3477 inveniet
1544 3422 1631 3477 hic
1663 3432 1742 3478 tot
1784 3432 1869 3478 ta-
1967 3418 2201 3474 ﬁcantur
2234 3428 2440 3483 tenere,
2474 3434 2661 3473 verum
2696 3420 2864 3474 etiam
2908 3420 2995 3473 illa
3026 3435 3147 3488 quae
3181 3435 3277 3488 per
3308 3435 3536 3475 sensum

1962 3524 2151 3565 eorum
2176 3518 2481 3579 emergunt.
2518 3507 2654 3563 Nam
2700 3507 2745 3562 si
2775 3517 2970 3578 praater
2999 3524 3061 3563 ea
3098 3524 3219 3579 quae
3250 3510 3419 3565 verbo
3453 3515 3534 3564 sl-

1965 3602 2312 3672 gniﬁcantur,
2343 3617 2450 3656 non
2471 3610 2734 3671 apparent
2766 3611 2820 3656 et
2848 3602 2952 3655 alia
2978 3617 3041 3656 ex
3072 3603 3339 3657 dictorum
3366 3618 3533 3661 sensu

1964 3692 2222 3747 similiter
2246 3691 2354 3744 illis
2386 3692 2706 3745 exsisteutia
2747 3691 2812 3744 ad
2858 3690 3016 3744 [idem
3053 3691 3388 3757 necessaria,
3423 3709 3532 3747 non

1965 3785 2150 3853 utique
2223 3781 2453 3837 dixisset
2507 3800 2521 3836 :
2589 3781 3010 3836 Persorutamini
3068 3782 3382 3853 Scripturas
3436 3784 3479 3817 “
3514 3824 3529 3838 .

1961 3874 2045 3930 Ad
2121 3873 2371 3929 facienda
2430 3876 2571 3928 enim
2634 3878 2925 3945 ea,!qute
2995 3876 3161 3930 verbo
3222 3877 3535 3933 immediate

1963 3966 2363 4037 significantur,
2401 3966 2601 4036 illaque
2637 3967 2753 4022 sola
2792 3967 3051 4033 tenenda,
3086 3982 3190 4021 non
3218 3978 3533 4038 perscruta-

1967 4059 2114 4113 tione
2140 4100 2154 4124 ,
2181 4059 2273 4113 sed
2302 4058 2532 4113 leCtione
2557 4056 2670 4113 sola
2701 4072 2839 4127 Opus
2864 4068 3028 4113 esset.
3054 4057 3236 4124 Quare
3262 4059 3529 4115 dixisset:

1965 4149 2143 4219 Legite
2160 4149 2485 4218 Scripturas.
2524 4150 2770 4219 ldipsum
2793 4148 3168 4218 intelligimus.
3189 4157 3241 4204 et
3268 4151 3533 4220 Apostolo

1964 4243 2033 4297 ad
2093 4241 2409 4297 Corinthios
2475 4241 2689 4296 dicente
2737 4240 2991 4295 :Littera
3036 4241 3250 4306 occidit,
3300 4240 3531 4311 Spiritus

1965 4342 2142 4388 autem
2200 4334 2430 4400 viviﬁcat
2474 4334 2517 4366 ¹⁹
2572 4349 2586 4385 :
2647 4333 2880 4387 litteram
2948 4331 3162 4386 dicente
3230 4333 3322 4398 id,
3385 4335 3529 4403 quod

1965 4435 2210 4495 prompte
2241 4425 2295 4479 in
2339 4424 2622 4495 Scriptura
2654 4440 2750 4494 per
2782 4439 2970 4478 vocem
3003 4424 3377 4494 significatur,
3406 4424 3532 4495 Spi—

1967 4523 2130 4575 ritum
2161 4532 2291 4573 vero
2340 4518 2416 4583 id,
2453 4516 2596 4585 quod
2650 4530 2745 4585 per
2784 4515 3022 4568 debitam
3055 4514 3431 4567 scrutationem
3476 4514 3531 4569 in

1967 4610 2247 4677 Scriptura
2272 4623 2365 4678 per
2383 4623 2604 4662 sensum
2627 4604 2916 4662 conﬂatur.
2938 4606 3075 4674 Ergo
3100 4610 3145 4661 sl
3169 4605 3299 4675 quid
3317 4620 3533 4670 eorum,

1967 4716 2089 4771 quas
2113 4702 2178 4755 de
2207 4700 2318 4755 Deo
2344 4700 2747 4769 intelliguntur,
2769 4699 2841 4751 ita
2867 4713 2926 4752 se
2951 4696 3109 4750 habet
3148 4697 3200 4750 in
3226 4697 3535 4767 Scriptura,

1966 4800 2024 4844 ut
2049 4790 2099 4843 id
2142 4788 2358 4856 quidem
2394 4797 2541 4843 recta
2571 4787 2712 4842 facta
2744 4786 3163 4857 investigatione
3192 4802 3288 4855 per
3315 4802 3534 4841 omnem

1966 4891 2223 4950 appareat
2265 4879 2632 4949 Scripturam,
2665 4878 2785 4949 ejus
2821 4895 2948 4934 vero
3004 4866 3319 4949 oppositum
3358 4893 3535 4946 neque

1964 4986 2028 5025 ex
2064 4985 2219 5037 voce,
2254 4986 2431 5039 neque
2456 4986 2519 5024 ex
2546 4985 2709 5025 sensu
2738 4969 3032 5039 Scriptura:
3065 4966 3377 5023 necessario
3402 4981 3537 5020 con-

1964 5061 2234 5128 cludatur,
2262 5074 2316 5116 et
2342 5062 2523 5117 adhuc
2550 5074 2868 5116 sanctorum
2902 5072 3218 5117 nostrorum
3245 5061 3532 5113 doctorum

1964 5151 2075 5207 sint
2126 5150 2394 5215 nonnulli,
2429 5152 2519 5220 qui
2552 5151 2877 5221 exponendo
2915 5150 3155 5204 divinam
3195 5146 3534 5216 Scripturam

1964 5243 2199 5313 idipsum
2234 5242 2519 5296 manifeste
2546 5241 2876 5297 c0ucludant
2914 5250 2967 5294 et
2989 5237 3206 5293 tradant
3258 5255 3271 5291 :
3304 5235 3538 5289 manife-

1967 5344 2134 5400 stum,
2163 5333 2307 5404 quod
2343 5336 2712 5389 necessarium
2754 5346 2835 5387 εει
2871 5332 2973 5385 hoc
3012 5329 3222 5384 admitti
3260 5336 3314 5382 et
3342 5328 3531 5383 credi:

1968 5434 2046 5491 ut,
2070 5427 2313 5496 inquam,
2334 5425 2388 5480 ln
2413 5424 2595 5479 divina
2624 5423 2903 5494 Scriptura
2924 5420 3163 5490 Spiritus
3187 5428 3415 5475 sanctus
3434 5433 3534 5473 nc-

1965 5533 2073 5588 que
2106 5516 2251 5587 quod
2284 5517 2588 5572 substantia
2610 5525 2714 5580 est,
2755 5530 2931 5584 neque
2955 5514 3100 5584 quod
3138 5512 3390 5567 accidens
3424 5518 3532 5573 est,

1964 5610 2229 5673 scriptum
2255 5619 2339 5666 est
2363 5627 2379 5679 ;
2404 5611 2499 5667 sed
2518 5623 2637 5665 esse
2659 5609 2811 5663 illum
2839 5605 3230 5671 substantiam,
3258 5618 3322 5661 ex
3353 5598 3535 5656 omnl-

293 3516 393 3578 les,
420 3523 555 3584 quot
573 3524 815 3569 centenae
840 3513 1031 3568 talium
1067 3512 1123 3567 in
1159 3511 1266 3567 illis
1286 3513 1513 3568 inveniri
1546 3523 1798 3585 possunt.

365 3602 422 3657 Si
459 3618 590 3659 vero
639 3604 1035 3670 sapientiorum
1064 3602 1119 3656 in
1155 3602 1353 3657 divinis
1382 3612 1436 3657 et
1469 3605 1641 3674 magis
1674 3605 1863 3660 erudi-

294 3704 475 3751 torum
503 3694 769 3765 judicium
802 3693 1052 3764 pratl'ers,
1087 3693 1140 3747 iu
1173 3693 1282 3750 illis
1314 3695 1532 3764 quidem
1565 3696 1761 3749 inﬁniti
1786 3697 1866 3750 in-

296 3788 608 3857 venientur,
645 3787 715 3840 ita
762 3787 816 3840 in
846 3786 953 3840 line
979 3786 1263 3842 exercitati
1305 3800 1432 3855 erga
1463 3800 1675 3842 sacram
1712 3786 1861 3841 Scri-

294 3889 538 3949 pturam,
574 3886 632 3931 ut
661 3877 849 3931 audito
882 3876 1070 3947 aliquo
1100 3891 1166 3932 ex
1199 3891 1265 3931 ea
1297 3876 1467 3940 dicto,
1511 3876 1708 3933 habeat
1738 3876 1864 3946 qui-

293 3973 432 4027 libet
454 3985 642 4026 eorum
676 3970 861 4026 statim
898 3971 1203 4041 assignare,
1227 3980 1281 4024 et
1307 3984 1372 4024 ex
1394 3984 1501 4039 quo
1529 3969 1670 4024 libro
1697 3978 1750 4024 et
1775 3985 1865 4023 ca-

293 4062 466 4131 pitulo
486 4070 590 4123 est.
614 4070 667 4115 et
690 4060 813 4129 quis
832 4058 993 4128 hujus
1013 4058 1144 4114 dicti
1167 4073 1387 4125 sensus,
1402 4068 1456 4113 et
1476 4058 1653 4113 adhuc
1678 4073 1865 4129 prom-

291 4162 415 4223 ptus
435 4153 505 4206 sit
522 4152 587 4205 ad
607 4151 791 4206 omnia
810 4150 1108 4205 dubitanda
1126 4150 1488 4219 probabiliter
1508 4151 1861 4220 respondere.

291 4244 390 4298 llis
406 4258 530 4297 cum
552 4244 770 4296 locutus
795 4241 1021 4297 fuissem
1042 4256 1187 4311 saepe
1206 4242 1629 4311 sapientissimis
1651 4256 1860 4308 eorum,

293 4332 537 4386 nondum
580 4330 818 4399 aliquem
855 4330 1019 4384 talem
1053 4330 1259 4386 inveni.
1300 4328 1440 4386 Puto
1470 4340 1651 4386 autem
1685 4346 1865 4401 neque

297 4440 419 4479 esse
436 4438 628 4479 eorum
648 4421 807 4477 talem
833 4422 1094 4491 aliquem.
1113 4421 1169 4477 Si
1188 4438 1317 4477 vero
1332 4423 1610 4495 digniores
1630 4433 1684 4480 et
1709 4426 1861 4494 prin-

291 4514 582 4583 cipaliores
610 4522 664 4568 et
704 4512 1143 4569 dominantiores
1184 4517 1388 4583 quaeris
1414 4556 1428 4581 ,
1466 4514 1706 4570 Ecclesia
1759 4515 1863 4568 Ro-

292 4619 450 4657 mana
473 4612 712 4672 est,qua3
734 4602 889 4656 habet
920 4601 970 4655 in
998 4603 1290 4657 universali
1319 4604 1559 4659 Ecclesia
1581 4619 1858 4659 summum

290 4705 346 4750 et
366 4695 747 4765 dignissimum
772 4694 976 4749 locum.
997 4692 1053 4749 Si
1078 4709 1204 4749 vero
1227 4711 1320 4749 eos
1338 4696 1429 4763 qui
1455 4696 1698 4749 nondum
1722 4697 1860 4752 alias

295 4787 346 4839 in
377 4785 623 4840 haeresim
659 4785 1014 4851 ceciderunt,
1056 4785 1175 4855 ipsa
1227 4788 1343 4841 sola
1380 4793 1483 4852 est,
1520 4786 1588 4839 de
1622 4786 1860 4856 quinque

293 4876 572 4941 Ecclesiis,
593 4892 715 4946 quae
736 4877 859 4945 jure
883 4886 1059 4946 potest
1092 4878 1192 4931 hoc
1217 4878 1462 4947 gloriari.
1497 4879 1553 4933 Si
1586 4894 1714 4933 vero
1731 4893 1859 4933 san-

291 4981 411 5026 ctos
438 5010 454 5036 ,
480 4971 726 5023 invenies
763 4978 1014 5025 sanctum
1051 4969 1316 5040 Cyrillum
1352 4979 1407 5025 et
1456 4979 1705 5028 sanctum
1746 4970 1858 5023 Att-

291 5064 593 5133 gustiuum,
644 5063 784 5115 dicta
816 5061 1109 5131 Scriptura:
1150 5064 1494 5132 exponendo,
1544 5062 1861 5131 planissime

290 5156 573 5207 tradentes
590 5161 722 5206 etex
750 5151 887 5206 Filio
917 5152 1178 5221 Spiritum
1199 5166 1342 5208 esse.
1374 5151 1429 5206 Si
1464 5168 1591 5206 vero
1610 5151 1862 5222 generale

292 5244 619 5307 COIICllllllll‘,
649 5244 844 5298 ethoc.
869 5245 1004 5308 Quia
1033 5244 1176 5298 enim
1208 5243 1262 5296 hi
1292 5243 1616 5312 patriarcha
1642 5253 1866 5312 aposto-

289 5337 450 5391 licam
469 5336 825 5391 deseruerunt
860 5336 1137 5401 sedem,et
1168 5336 1542 5406 imperialibus
1602 5337 1858 5406 prOposi-

293 5429 537 5483 tionibus
585 5441 645 5481 se
668 5427 816 5496 ipsos
842 5426 1024 5495 potius
1053 5425 1343 5489 dederunt,
1365 5433 1420 5481 et
1444 5425 1496 5478 in
1520 5425 1857 5480 schismatici

291 5523 581 5583 rationem,
617 5527 677 5573 ut
724 5528 1007 5571 ostensum
1057 5526 1159 5584 est,
1199 5516 1565 5571 ceciderunt:
1618 5518 1854 5586 primum

291 5608 508 5680 quidem
541 5606 900 5662 Ecclesiarum
928 5616 1118 5674 mater,
1144 5622 1210 5662 ne
1238 5605 1549 5678 hujustnodi
1573 5607 1729 5665 sedes
1758 5624 1853 5665 va-

366 5783 411 5818 "
453 5783 612 5841 Joan.
662 5799 717 5852 v,
776 5784 868 5838 '59.
948 5783 989 5817 “
1051 5781 1094 5838 ll
1133 5782 1263 5839 Cor.
1300 5797 1380 5850 Ill,
1424 5780 1481 5837 6.
