  <div class='ocr_page' id='page_1' title='image "/cluster/home/n/w/nwhite01/storage/ocr_20150623/151:no.2/coo.31924054870567/667.png"; bbox 0 0 4064 6452; ppageno 0'>
   <div class='ocr_carea' id='block_1_1' title="bbox 578 381 718 449">
    <p class='ocr_par' dir='ltr' id='par_1_1' title="bbox 578 381 718 449">
     <span class='ocr_line' id='line_1_1' title="bbox 578 381 718 449; baseline -0.007 0"><span class='ocrx_word' id='word_1_1' title='bbox 578 381 671 449; x_wconf 70' lang='grc'><strong>1⁸31</strong></span> <span class='ocrx_word' id='word_1_2' title='bbox 687 387 718 448; x_wconf 87' lang='grc'>5</span> 
     </span>
    </p>
   </div>
   <div class='ocr_carea' id='block_1_2' title="bbox 1685 365 2697 433">
    <p class='ocr_par' dir='ltr' id='par_1_2' title="bbox 1685 365 2697 433">
     <span class='ocr_line' id='line_1_2' title="bbox 1685 365 2697 433; baseline -0.009 -1"><span class='ocrx_word' id='word_1_3' title='bbox 1685 369 2090 433; x_wconf 81' lang='lat' dir='ltr'><strong>BARLAAMI</strong></span> <span class='ocrx_word' id='word_1_4' title='bbox 2123 366 2222 427; x_wconf 82' lang='lat' dir='ltr'><strong>DE</strong></span> <span class='ocrx_word' id='word_1_5' title='bbox 2262 365 2697 428; x_wconf 71' lang='lat' dir='ltr'><strong>SEMINARIA</strong></span> 
     </span>
    </p>
   </div>
   <div class='ocr_carea' id='block_1_3' title="bbox 3681 359 3800 426">
    <p class='ocr_par' dir='ltr' id='par_1_3' title="bbox 3681 359 3800 426">
     <span class='ocr_line' id='line_1_3' title="bbox 3681 359 3800 426; baseline -0.017 0"><span class='ocrx_word' id='word_1_6' title='bbox 3681 359 3800 426; x_wconf 66' lang='lat'><strong>1318</strong></span> 
     </span>
    </p>
   </div>
   <div class='ocr_carea' id='block_1_4' title="bbox 575 438 3802 570">
    <p class='ocr_par' dir='ltr' id='par_1_4' title="bbox 575 438 3802 570">
     <span class='ocr_line' id='line_1_4' title="bbox 575 438 3802 570; baseline -0.009 -10"><span class='ocrx_word' id='word_1_7' title='bbox 575 505 758 561; x_wconf 86' lang='lat' dir='ltr'><strong>busde</strong></span> <span class='ocrx_word' id='word_1_8' title='bbox 787 517 854 559; x_wconf 91' lang='lat' dir='ltr'><strong>eo</strong></span> <span class='ocrx_word' id='word_1_9' title='bbox 871 500 1034 558; x_wconf 91' lang='lat' dir='ltr'><strong>dictis</strong></span> <span class='ocrx_word' id='word_1_10' title='bbox 1057 501 1111 555; x_wconf 91' lang='lat' dir='ltr'><strong>in</strong></span> <span class='ocrx_word' id='word_1_11' title='bbox 1131 498 1422 570; x_wconf 79' lang='lat' dir='ltr'><strong>Scriptura</strong></span> <span class='ocrx_word' id='word_1_12' title='bbox 1474 495 1865 552; x_wconf 82' lang='lat' dir='ltr'><strong>concluditur:</strong></span> <span class='ocrx_word' id='word_1_13' title='bbox 1896 506 2022 548; x_wconf 88' lang='lat' dir='ltr'><strong>esse</strong></span> <span class='ocrx_word' id='word_1_14' title='bbox 2039 504 2170 546; x_wconf 74' lang='lat' dir='ltr'><strong>vero</strong></span> <span class='ocrx_word' id='word_1_15' title='bbox 2199 491 2245 549; x_wconf 71' lang='grc' dir='ltr'><strong>Α</strong></span> <span class='ocrx_word' id='word_1_16' title='bbox 2273 485 2396 542; x_wconf 89' lang='lat' dir='ltr'><strong>dem</strong></span> <span class='ocrx_word' id='word_1_17' title='bbox 2429 487 2499 542; x_wconf 90' lang='lat' dir='ltr'><strong>de</strong></span> <span class='ocrx_word' id='word_1_18' title='bbox 2546 481 2880 540; x_wconf 84' lang='lat' dir='ltr'><strong>animalibus</strong></span> <span class='ocrx_word' id='word_1_19' title='bbox 2920 438 3180 536; x_wconf 65' lang='lat' dir='ltr'><strong>dlcuniur</strong></span> <span class='ocrx_word' id='word_1_20' title='bbox 3206 486 3263 536; x_wconf 88' lang='lat' dir='ltr'><strong>et</strong></span> <span class='ocrx_word' id='word_1_21' title='bbox 3292 477 3528 534; x_wconf 71' lang='lat' dir='ltr'><strong>maxime</strong></span> <span class='ocrx_word' id='word_1_22' title='bbox 3554 476 3617 534; x_wconf 82' lang='lat' dir='ltr'><strong>da</strong></span> <span class='ocrx_word' id='word_1_23' title='bbox 3649 477 3802 533; x_wconf 86' lang='lat' dir='ltr'><strong>homi-</strong></span> 
     </span>
    </p>
   </div>
   <div class='ocr_carea' id='block_1_5' title="bbox 577 587 1917 658">
    <p class='ocr_par' dir='ltr' id='par_1_5' title="bbox 577 587 1917 658">
     <span class='ocr_line' id='line_1_5' title="bbox 577 587 1917 658; baseline -0.01 -5"><span class='ocrx_word' id='word_1_24' title='bbox 577 599 730 653; x_wconf 89' lang='lat' dir='ltr'><strong>illnm</strong></span> <span class='ocrx_word' id='word_1_25' title='bbox 769 595 1042 658; x_wconf 89' lang='lat' dir='ltr'><strong>accidens,</strong></span> <span class='ocrx_word' id='word_1_26' title='bbox 1081 591 1400 648; x_wconf 79' lang='lat' dir='ltr'><strong>nullatenus</strong></span> <span class='ocrx_word' id='word_1_27' title='bbox 1433 587 1684 644; x_wconf 81' lang='lat' dir='ltr'><strong>concludi</strong></span> <span class='ocrx_word' id='word_1_28' title='bbox 1715 594 1917 656; x_wconf 89' lang='lat' dir='ltr'><strong>potest.</strong></span> 
     </span>
    </p>
   </div>
   <div class='ocr_carea' id='block_1_6' title="bbox 650 683 2162 750">
    <p class='ocr_par' dir='ltr' id='par_1_6' title="bbox 650 683 2162 750">
     <span class='ocr_line' id='line_1_6' title="bbox 650 683 2162 750; baseline -0.011 -5"><span class='ocrx_word' id='word_1_29' title='bbox 650 692 918 746; x_wconf 76' lang='lat' dir='ltr'><strong>Praeterea</strong></span> <span class='ocrx_word' id='word_1_30' title='bbox 937 688 1077 742; x_wconf 88' lang='lat' dir='ltr'><strong>sacri</strong></span> <span class='ocrx_word' id='word_1_31' title='bbox 1102 686 1272 740; x_wconf 82' lang='lat' dir='ltr'><strong>nostri</strong></span> <span class='ocrx_word' id='word_1_32' title='bbox 1293 685 1567 747; x_wconf 87' lang='lat' dir='ltr'><strong>doctores,</strong></span> <span class='ocrx_word' id='word_1_33' title='bbox 1591 686 1929 750; x_wconf 80' lang='lat' dir='ltr'><strong>exponentes</strong></span> <span class='ocrx_word' id='word_1_34' title='bbox 1946 683 2162 732; x_wconf 67' lang='lat' dir='ltr'><strong>sacrum</strong></span> 
     </span>
    </p>
   </div>
   <div class='ocr_carea' id='block_1_7' title="bbox 576 776 2162 854">
    <p class='ocr_par' dir='ltr' id='par_1_7' title="bbox 576 776 2162 854">
     <span class='ocr_line' id='line_1_7' title="bbox 576 776 2162 854; baseline -0.013 -13"><span class='ocrx_word' id='word_1_35' title='bbox 576 784 917 854; x_wconf 89' lang='lat' dir='ltr'><strong>Scripturam</strong></span> <span class='ocrx_word' id='word_1_36' title='bbox 967 781 1141 844; x_wconf 87' lang='lat' dir='ltr'><strong>aiunt,</strong></span> <span class='ocrx_word' id='word_1_37' title='bbox 1203 776 1458 834; x_wconf 81' lang='lat' dir='ltr'><strong>concludi</strong></span> <span class='ocrx_word' id='word_1_38' title='bbox 1508 792 1575 830; x_wconf 78' lang='lat' dir='ltr'><strong>ex</strong></span> <span class='ocrx_word' id='word_1_39' title='bbox 1625 791 1710 838; x_wconf 84' lang='lat' dir='ltr'><strong>ea,</strong></span> <span class='ocrx_word' id='word_1_40' title='bbox 1779 787 1892 827; x_wconf 92' lang='lat' dir='ltr'><strong>non</strong></span> <span class='ocrx_word' id='word_1_41' title='bbox 1949 780 2162 825; x_wconf 86' lang='lat' dir='ltr'><strong>tantum</strong></span> 
     </span>
    </p>
   </div>
   <div class='ocr_carea' id='block_1_8' title="bbox 577 865 2160 947">
    <p class='ocr_par' dir='ltr' id='par_1_8' title="bbox 577 865 2160 947">
     <span class='ocr_line' id='line_1_8' title="bbox 577 865 2160 947; baseline -0.011 -16"><span class='ocrx_word' id='word_1_42' title='bbox 577 880 755 947; x_wconf 89' lang='lat' dir='ltr'><strong>ipsum</strong></span> <span class='ocrx_word' id='word_1_43' title='bbox 789 873 1155 929; x_wconf 73' lang='lat' dir='ltr'><strong>substantiam</strong></span> <span class='ocrx_word' id='word_1_44' title='bbox 1196 885 1338 935; x_wconf 84' lang='lat' dir='ltr'><strong>esse,</strong></span> <span class='ocrx_word' id='word_1_45' title='bbox 1394 884 1585 922; x_wconf 85' lang='lat' dir='ltr'><strong>verum</strong></span> <span class='ocrx_word' id='word_1_46' title='bbox 1645 867 1810 921; x_wconf 88' lang='lat' dir='ltr'><strong>etiam</strong></span> <span class='ocrx_word' id='word_1_47' title='bbox 1861 865 2160 918; x_wconf 87' lang='lat' dir='ltr'><strong>increatam</strong></span> 
     </span>
    </p>
   </div>
   <div class='ocr_carea' id='block_1_9' title="bbox 579 953 2164 1025">
    <p class='ocr_par' dir='ltr' id='par_1_9' title="bbox 579 953 2164 1025">
     <span class='ocr_line' id='line_1_9' title="bbox 579 953 2164 1025; baseline -0.013 0"><span class='ocrx_word' id='word_1_48' title='bbox 579 967 936 1025; x_wconf 82' lang='lat' dir='ltr'><strong>substantiam</strong></span> <span class='ocrx_word' id='word_1_49' title='bbox 984 974 1038 1018; x_wconf 91' lang='lat' dir='ltr'><strong>et</strong></span> <span class='ocrx_word' id='word_1_50' title='bbox 1056 961 1582 1017; x_wconf 85' lang='lat' dir='ltr'><strong>consubstantialem</strong></span> <span class='ocrx_word' id='word_1_51' title='bbox 1614 957 1782 1011; x_wconf 86' lang='lat' dir='ltr'><strong>Patri.</strong></span> <span class='ocrx_word' id='word_1_52' title='bbox 1813 953 1952 1023; x_wconf 82' lang='lat' dir='ltr'><strong>Ergo</strong></span> <span class='ocrx_word' id='word_1_53' title='bbox 1970 966 2164 1007; x_wconf 88' lang='lat' dir='ltr'><strong>neces-</strong></span> 
     </span>
    </p>
   </div>
   <div class='ocr_carea' id='block_1_10' title="bbox 578 1044 2166 1116">
    <p class='ocr_par' dir='ltr' id='par_1_10' title="bbox 578 1044 2166 1116">
     <span class='ocr_line' id='line_1_10' title="bbox 578 1044 2166 1116; baseline -0.01 0"><span class='ocrx_word' id='word_1_54' title='bbox 578 1063 780 1116; x_wconf 78' lang='lat' dir='ltr'><strong>sarium</strong></span> <span class='ocrx_word' id='word_1_55' title='bbox 813 1068 898 1114; x_wconf 88' lang='lat' dir='ltr'><strong>est</strong></span> <span class='ocrx_word' id='word_1_56' title='bbox 925 1067 981 1111; x_wconf 86' lang='lat' dir='ltr'><strong>et</strong></span> <span class='ocrx_word' id='word_1_57' title='bbox 1007 1056 1164 1110; x_wconf 78' lang='lat' dir='ltr'><strong>nobis</strong></span> <span class='ocrx_word' id='word_1_58' title='bbox 1215 1055 1321 1109; x_wconf 90' lang='lat' dir='ltr'><strong>hoc</strong></span> <span class='ocrx_word' id='word_1_59' title='bbox 1351 1053 1574 1108; x_wconf 84' lang='lat' dir='ltr'><strong>credere</strong></span> <span class='ocrx_word' id='word_1_60' title='bbox 1602 1058 1656 1104; x_wconf 91' lang='grc' dir='ltr'><strong>ει</strong></span> <span class='ocrx_word' id='word_1_61' title='bbox 1671 1047 1942 1103; x_wconf 85' lang='lat' dir='ltr'><strong>conﬁteri.</strong></span> <span class='ocrx_word' id='word_1_62' title='bbox 1970 1044 2166 1100; x_wconf 89' lang='lat' dir='ltr'><strong>Simile</strong></span> 
     </span>
    </p>
   </div>
   <div class='ocr_carea' id='block_1_11' title="bbox 549 1137 2164 1220">
    <p class='ocr_par' dir='ltr' id='par_1_11' title="bbox 549 1137 2164 1220">
     <span class='ocr_line' id='line_1_11' title="bbox 549 1137 2164 1220; baseline -0.011 -14"><span class='ocrx_word' id='word_1_63' title='bbox 549 1153 747 1220; x_wconf 68' lang='lat' dir='ltr'><strong>~igitur</strong></span> <span class='ocrx_word' id='word_1_64' title='bbox 776 1152 906 1205; x_wconf 82' lang='lat' dir='ltr'><strong>huic</strong></span> <span class='ocrx_word' id='word_1_65' title='bbox 925 1159 1032 1210; x_wconf 84' lang='lat' dir='ltr'><strong>est.</strong></span> <span class='ocrx_word' id='word_1_66' title='bbox 1069 1157 1123 1203; x_wconf 90' lang='lat' dir='ltr'><strong>et</strong></span> <span class='ocrx_word' id='word_1_67' title='bbox 1143 1145 1293 1217; x_wconf 91' lang='lat' dir='ltr'><strong>quod</strong></span> <span class='ocrx_word' id='word_1_68' title='bbox 1313 1144 1557 1215; x_wconf 84' lang='lat' dir='ltr'><strong>Spiritus</strong></span> <span class='ocrx_word' id='word_1_69' title='bbox 1588 1151 1817 1196; x_wconf 87' lang='lat' dir='ltr'><strong>sanctus</strong></span> <span class='ocrx_word' id='word_1_70' title='bbox 1857 1137 2022 1192; x_wconf 82' lang='lat' dir='ltr'><strong>habet</strong></span> <span class='ocrx_word' id='word_1_71' title='bbox 2043 1151 2164 1191; x_wconf 89' lang='lat' dir='ltr'><strong>esse</strong></span> 
     </span>
    </p>
   </div>
   <div class='ocr_carea' id='block_1_12' title="bbox 579 1224 2166 1308">
    <p class='ocr_par' dir='ltr' id='par_1_12' title="bbox 579 1224 2166 1308">
     <span class='ocr_line' id='line_1_12' title="bbox 579 1224 2166 1308; baseline -0.01 -10"><span class='ocrx_word' id='word_1_72' title='bbox 579 1228 643 1298; x_wconf 77' lang='lat' dir='ltr'><strong>ex</strong></span> <span class='ocrx_word' id='word_1_73' title='bbox 683 1243 851 1308; x_wconf 81' lang='lat' dir='ltr'><strong>Filio,</strong></span> <span class='ocrx_word' id='word_1_74' title='bbox 888 1243 1031 1297; x_wconf 78' lang='lat' dir='ltr'><strong>sicut</strong></span> <span class='ocrx_word' id='word_1_75' title='bbox 1049 1256 1114 1296; x_wconf 79' lang='lat' dir='ltr'><strong>ex</strong></span> <span class='ocrx_word' id='word_1_76' title='bbox 1139 1239 1320 1294; x_wconf 87' lang='lat' dir='ltr'><strong>Patre.</strong></span> <span class='ocrx_word' id='word_1_77' title='bbox 1346 1236 1461 1292; x_wconf 89' lang='lat' dir='ltr'><strong>Hoc</strong></span> <span class='ocrx_word' id='word_1_78' title='bbox 1485 1235 1630 1290; x_wconf 91' lang='lat' dir='ltr'><strong>enim</strong></span> <span class='ocrx_word' id='word_1_79' title='bbox 1649 1224 1752 1303; x_wconf 90' lang='lat' dir='ltr'><strong>per</strong></span> <span class='ocrx_word' id='word_1_80' title='bbox 1777 1246 1988 1288; x_wconf 85' lang='lat' dir='ltr'><strong>sacram</strong></span> <span class='ocrx_word' id='word_1_81' title='bbox 2013 1229 2166 1285; x_wconf 60' lang='lat' dir='ltr'><strong>Scria</strong></span> 
     </span>
    </p>
   </div>
   <div class='ocr_carea' id='block_1_13' title="bbox 580 1315 2167 1406">
    <p class='ocr_par' dir='ltr' id='par_1_13' title="bbox 580 1315 2167 1406">
     <span class='ocr_line' id='line_1_13' title="bbox 580 1315 2167 1406; baseline -0.009 -16"><span class='ocrx_word' id='word_1_82' title='bbox 580 1345 796 1406; x_wconf 91' lang='lat' dir='ltr'><strong>pturam</strong></span> <span class='ocrx_word' id='word_1_83' title='bbox 831 1335 1074 1404; x_wconf 84' lang='lat' dir='ltr'><strong>legitime</strong></span> <span class='ocrx_word' id='word_1_84' title='bbox 1123 1327 1580 1400; x_wconf 78' lang='lat' dir='ltr'><strong>investigantibus</strong></span> <span class='ocrx_word' id='word_1_85' title='bbox 1628 1341 1748 1381; x_wconf 87' lang='lat' dir='ltr'><strong>eam</strong></span> <span class='ocrx_word' id='word_1_86' title='bbox 1812 1332 2076 1393; x_wconf 79' lang='lat' dir='ltr'><strong>apparet:</strong></span> <span class='ocrx_word' id='word_1_87' title='bbox 2113 1315 2167 1377; x_wconf 82' lang='grc' dir='ltr'><strong>ει</strong></span> 
     </span>
    </p>
   </div>
   <div class='ocr_carea' id='block_1_14' title="bbox 581 1420 2164 1486">
    <p class='ocr_par' dir='ltr' id='par_1_14' title="bbox 581 1420 2164 1486">
     <span class='ocr_line' id='line_1_14' title="bbox 581 1420 2164 1486; baseline -0.008 -4"><span class='ocrx_word' id='word_1_88' title='bbox 581 1428 739 1482; x_wconf 83' lang='lat' dir='ltr'><strong>multi</strong></span> <span class='ocrx_word' id='word_1_89' title='bbox 797 1439 1080 1481; x_wconf 90' lang='lat' dir='ltr'><strong>sacrorum</strong></span> <span class='ocrx_word' id='word_1_90' title='bbox 1131 1433 1449 1477; x_wconf 89' lang='lat' dir='ltr'><strong>nostrorum</strong></span> <span class='ocrx_word' id='word_1_91' title='bbox 1487 1420 1775 1474; x_wconf 87' lang='lat' dir='ltr'><strong>doctorum</strong></span> <span class='ocrx_word' id='word_1_92' title='bbox 1813 1425 2164 1486; x_wconf 80' lang='lat' dir='ltr'><strong>exponentes</strong></span> 
     </span>
    </p>
   </div>
   <div class='ocr_carea' id='block_1_15' title="bbox 584 1507 2166 1589">
    <p class='ocr_par' dir='ltr' id='par_1_15' title="bbox 584 1507 2166 1589">
     <span class='ocr_line' id='line_1_15' title="bbox 584 1507 2166 1589; baseline -0.008 -15"><span class='ocrx_word' id='word_1_93' title='bbox 584 1521 948 1589; x_wconf 88' lang='lat' dir='ltr'><strong>Scripturam,</strong></span> <span class='ocrx_word' id='word_1_94' title='bbox 984 1515 1275 1570; x_wconf 76' lang='lat' dir='ltr'><strong>manifeste</strong></span> <span class='ocrx_word' id='word_1_95' title='bbox 1316 1513 1370 1568; x_wconf 88' lang='lat' dir='ltr'><strong>id</strong></span> <span class='ocrx_word' id='word_1_96' title='bbox 1420 1513 1598 1583; x_wconf 92' lang='lat' dir='ltr'><strong>ipsum</strong></span> <span class='ocrx_word' id='word_1_97' title='bbox 1633 1510 1926 1567; x_wconf 88' lang='lat' dir='ltr'><strong>enuntiant</strong></span> <span class='ocrx_word' id='word_1_98' title='bbox 1959 1527 1974 1564; x_wconf 90' lang='lat'><strong>:</strong></span> <span class='ocrx_word' id='word_1_99' title='bbox 2003 1507 2166 1564; x_wconf 84' lang='lat' dir='ltr'><strong>sicuti</strong></span> 
     </span>
    </p>
   </div>
   <div class='ocr_carea' id='block_1_16' title="bbox 583 1601 2170 1679">
    <p class='ocr_par' dir='ltr' id='par_1_16' title="bbox 583 1601 2170 1679">
     <span class='ocr_line' id='line_1_16' title="bbox 583 1601 2170 1679; baseline -0.009 -11"><span class='ocrx_word' id='word_1_100' title='bbox 583 1623 814 1668; x_wconf 86' lang='lat' dir='ltr'><strong>sanctus</strong></span> <span class='ocrx_word' id='word_1_101' title='bbox 849 1612 1193 1679; x_wconf 81' lang='lat' dir='ltr'><strong>Augustinus</strong></span> <span class='ocrx_word' id='word_1_102' title='bbox 1237 1608 1289 1661; x_wconf 93' lang='lat' dir='ltr'><strong>in</strong></span> <span class='ocrx_word' id='word_1_103' title='bbox 1325 1607 1512 1660; x_wconf 89' lang='lat' dir='ltr'><strong>multis</strong></span> <span class='ocrx_word' id='word_1_104' title='bbox 1542 1605 1659 1660; x_wconf 86' lang='lat' dir='ltr'><strong>suis</strong></span> <span class='ocrx_word' id='word_1_105' title='bbox 1687 1601 1929 1673; x_wconf 82' lang='lat' dir='ltr'><strong>scriptis,</strong></span> <span class='ocrx_word' id='word_1_106' title='bbox 1955 1611 2011 1656; x_wconf 91' lang='lat' dir='ltr'><strong>et</strong></span> <span class='ocrx_word' id='word_1_107' title='bbox 2036 1616 2170 1656; x_wconf 86' lang='lat' dir='ltr'><strong>san-</strong></span> 
     </span>
    </p>
   </div>
   <div class='ocr_carea' id='block_1_17' title="bbox 583 1694 2170 1774">
    <p class='ocr_par' dir='ltr' id='par_1_17' title="bbox 583 1694 2170 1774">
     <span class='ocr_line' id='line_1_17' title="bbox 583 1694 2170 1774; baseline -0.009 -14"><span class='ocrx_word' id='word_1_108' title='bbox 583 1713 706 1760; x_wconf 89' lang='lat' dir='ltr'><strong>ctus</strong></span> <span class='ocrx_word' id='word_1_109' title='bbox 745 1703 982 1774; x_wconf 79' lang='lat' dir='ltr'><strong>Cyri‘lus</strong></span> <span class='ocrx_word' id='word_1_110' title='bbox 1015 1701 1068 1754; x_wconf 93' lang='lat' dir='ltr'><strong>in</strong></span> <span class='ocrx_word' id='word_1_111' title='bbox 1096 1699 1259 1754; x_wconf 90' lang='lat' dir='ltr'><strong>dictis</strong></span> <span class='ocrx_word' id='word_1_112' title='bbox 1293 1699 1409 1752; x_wconf 85' lang='lat' dir='ltr'><strong>suis</strong></span> <span class='ocrx_word' id='word_1_113' title='bbox 1443 1694 1764 1757; x_wconf 85' lang='lat' dir='ltr'><strong>Thesauris,</strong></span> <span class='ocrx_word' id='word_1_114' title='bbox 1800 1701 1963 1763; x_wconf 86' lang='lat' dir='ltr'><strong>prout</strong></span> <span class='ocrx_word' id='word_1_115' title='bbox 1993 1697 2170 1761; x_wconf 81' lang='lat' dir='ltr'><strong>potest</strong></span> 
     </span>
    </p>
   </div>
   <div class='ocr_carea' id='block_1_18' title="bbox 584 1783 2167 1868">
    <p class='ocr_par' dir='ltr' id='par_1_18' title="bbox 584 1783 2167 1868">
     <span class='ocr_line' id='line_1_18' title="bbox 584 1783 2167 1868; baseline -0.009 -16"><span class='ocrx_word' id='word_1_116' title='bbox 584 1798 903 1868; x_wconf 57' lang='lat' dir='ltr'><strong>quicunque</strong></span> <span class='ocrx_word' id='word_1_117' title='bbox 967 1795 1078 1849; x_wconf 74' lang='lat' dir='ltr'><strong>vult</strong></span> <span class='ocrx_word' id='word_1_118' title='bbox 1127 1791 1392 1860; x_wconf 85' lang='lat' dir='ltr'><strong>inspectis</strong></span> <span class='ocrx_word' id='word_1_119' title='bbox 1434 1803 1628 1843; x_wconf 88' lang='lat' dir='ltr'><strong>eorum</strong></span> <span class='ocrx_word' id='word_1_120' title='bbox 1665 1786 1929 1857; x_wconf 82' lang='lat' dir='ltr'><strong>operibus</strong></span> <span class='ocrx_word' id='word_1_121' title='bbox 1981 1783 2167 1838; x_wconf 86' lang='lat' dir='ltr'><strong>videre</strong></span> 
     </span>
    </p>
   </div>
   <div class='ocr_carea' id='block_1_19' title="bbox 2273 569 3805 648">
    <p class='ocr_par' dir='ltr' id='par_1_19' title="bbox 2273 569 3805 648">
     <span class='ocr_line' id='line_1_19' title="bbox 2273 569 3805 648; baseline -0.005 -16"><span class='ocrx_word' id='word_1_122' title='bbox 2273 579 2475 634; x_wconf 88' lang='lat' dir='ltr'><strong>nibus:</strong></span> <span class='ocrx_word' id='word_1_123' title='bbox 2511 592 2611 648; x_wconf 78' lang='lat' dir='ltr'><strong>ego</strong></span> <span class='ocrx_word' id='word_1_124' title='bbox 2641 592 2771 632; x_wconf 90' lang='lat' dir='ltr'><strong>vero</strong></span> <span class='ocrx_word' id='word_1_125' title='bbox 2809 573 3038 629; x_wconf 76' lang='lat' dir='ltr'><strong>vocibus</strong></span> <span class='ocrx_word' id='word_1_126' title='bbox 3091 571 3500 642; x_wconf 61' lang='lat' dir='ltr'><strong>praetermissis,</strong></span> <span class='ocrx_word' id='word_1_127' title='bbox 3546 569 3682 639; x_wconf 83' lang='lat' dir='ltr'><strong>ipsas</strong></span> <span class='ocrx_word' id='word_1_128' title='bbox 3729 585 3805 624; x_wconf 84' lang='lat' dir='ltr'><strong>res</strong></span> 
     </span>
    </p>
   </div>
   <div class='ocr_carea' id='block_1_20' title="bbox 2271 661 3805 740">
    <p class='ocr_par' dir='ltr' id='par_1_20' title="bbox 2271 661 3805 740">
     <span class='ocr_line' id='line_1_20' title="bbox 2271 661 3805 740; baseline -0.007 -14"><span class='ocrx_word' id='word_1_129' title='bbox 2271 671 2573 726; x_wconf 86' lang='lat' dir='ltr'><strong>secundum</strong></span> <span class='ocrx_word' id='word_1_130' title='bbox 2603 683 2664 724; x_wconf 86' lang='lat' dir='ltr'><strong>ea</strong></span> <span class='ocrx_word' id='word_1_131' title='bbox 2697 683 2817 740; x_wconf 79' lang='lat' dir='ltr'><strong>quae</strong></span> <span class='ocrx_word' id='word_1_132' title='bbox 2843 667 3005 723; x_wconf 85' lang='lat' dir='ltr'><strong>nobis</strong></span> <span class='ocrx_word' id='word_1_133' title='bbox 3031 667 3226 721; x_wconf 86' lang='lat' dir='ltr'><strong>tradita</strong></span> <span class='ocrx_word' id='word_1_134' title='bbox 3255 673 3405 730; x_wconf 85' lang='lat' dir='ltr'><strong>sunt,</strong></span> <span class='ocrx_word' id='word_1_135' title='bbox 3439 661 3805 732; x_wconf 77' lang='lat' dir='ltr'><strong>contemplans,</strong></span> 
     </span>
    </p>
   </div>
   <div class='ocr_carea' id='block_1_21' title="bbox 2271 755 3810 832">
    <p class='ocr_par' dir='ltr' id='par_1_21' title="bbox 2271 755 3810 832">
     <span class='ocr_line' id='line_1_21' title="bbox 2271 755 3810 832; baseline -0.006 -14"><span class='ocrx_word' id='word_1_136' title='bbox 2271 775 2336 818; x_wconf 87' lang='lat' dir='ltr'><strong>ac</strong></span> <span class='ocrx_word' id='word_1_137' title='bbox 2366 764 2584 818; x_wconf 90' lang='lat' dir='ltr'><strong>modum</strong></span> <span class='ocrx_word' id='word_1_138' title='bbox 2614 763 2788 826; x_wconf 89' lang='lat' dir='ltr'><strong>illum,</strong></span> <span class='ocrx_word' id='word_1_139' title='bbox 2808 775 2918 832; x_wconf 92' lang='lat' dir='ltr'><strong>quo</strong></span> <span class='ocrx_word' id='word_1_140' title='bbox 2941 757 3034 815; x_wconf 86' lang='lat' dir='ltr'><strong>Dei</strong></span> <span class='ocrx_word' id='word_1_141' title='bbox 3052 758 3290 814; x_wconf 81' lang='lat' dir='ltr'><strong>Verbum</strong></span> <span class='ocrx_word' id='word_1_142' title='bbox 3316 758 3478 812; x_wconf 79' lang='lat' dir='ltr'><strong>habet</strong></span> <span class='ocrx_word' id='word_1_143' title='bbox 3500 771 3618 812; x_wconf 82' lang='lat' dir='ltr'><strong>esse</strong></span> <span class='ocrx_word' id='word_1_144' title='bbox 3636 770 3700 809; x_wconf 80' lang='lat' dir='ltr'><strong>ex</strong></span> <span class='ocrx_word' id='word_1_145' title='bbox 3723 755 3810 809; x_wconf 87' lang='lat' dir='ltr'><strong>Pa-</strong></span> 
     </span>
    </p>
   </div>
   <div class='ocr_carea' id='block_1_22' title="bbox 2274 847 3809 926">
    <p class='ocr_par' dir='ltr' id='par_1_22' title="bbox 2274 847 3809 926">
     <span class='ocr_line' id='line_1_22' title="bbox 2274 847 3809 926; baseline -0.007 -16"><span class='ocrx_word' id='word_1_146' title='bbox 2274 866 2375 921; x_wconf 88' lang='lat' dir='ltr'><strong>tre,</strong></span> <span class='ocrx_word' id='word_1_147' title='bbox 2407 871 2733 926; x_wconf 86' lang='lat' dir='ltr'><strong>comparans</strong></span> <span class='ocrx_word' id='word_1_148' title='bbox 2766 856 3002 910; x_wconf 84' lang='lat' dir='ltr'><strong>iiliorum</strong></span> <span class='ocrx_word' id='word_1_149' title='bbox 3063 852 3202 924; x_wconf 84' lang='lat' dir='ltr'><strong>apud</strong></span> <span class='ocrx_word' id='word_1_150' title='bbox 3231 865 3334 906; x_wconf 88' lang='lat' dir='ltr'><strong>nos</strong></span> <span class='ocrx_word' id='word_1_151' title='bbox 3349 848 3674 921; x_wconf 72' lang='lat' dir='ltr'><strong>generationi</strong></span> <span class='ocrx_word' id='word_1_152' title='bbox 3703 847 3809 900; x_wconf 76' lang='lat' dir='ltr'><strong>:vi-</strong></span> 
     </span>
    </p>
   </div>
   <div class='ocr_carea' id='block_1_23' title="bbox 2272 937 3812 1018">
    <p class='ocr_par' dir='ltr' id='par_1_23' title="bbox 2272 937 3812 1018">
     <span class='ocr_line' id='line_1_23' title="bbox 2272 937 3812 1018; baseline -0.008 -14"><span class='ocrx_word' id='word_1_153' title='bbox 2272 950 2373 1004; x_wconf 88' lang='lat' dir='ltr'><strong>deo</strong></span> <span class='ocrx_word' id='word_1_154' title='bbox 2404 949 2556 1004; x_wconf 78' lang='lat' dir='ltr'><strong>illum</strong></span> <span class='ocrx_word' id='word_1_155' title='bbox 2591 949 2888 1018; x_wconf 88' lang='lat' dir='ltr'><strong>plurimum</strong></span> <span class='ocrx_word' id='word_1_156' title='bbox 2923 948 2971 1002; x_wconf 88' lang='lat' dir='ltr'><strong>ei</strong></span> <span class='ocrx_word' id='word_1_157' title='bbox 3004 945 3332 1001; x_wconf 85' lang='lat' dir='ltr'><strong>dissimilem</strong></span> <span class='ocrx_word' id='word_1_158' title='bbox 3367 959 3382 1008; x_wconf 92' lang='lat'><strong>;</strong></span> <span class='ocrx_word' id='word_1_159' title='bbox 3415 957 3573 1011; x_wconf 87' lang='lat' dir='ltr'><strong>quam</strong></span> <span class='ocrx_word' id='word_1_160' title='bbox 3604 955 3726 993; x_wconf 81' lang='lat' dir='ltr'><strong>vero</strong></span> <span class='ocrx_word' id='word_1_161' title='bbox 3749 937 3812 992; x_wconf 80' lang='lat' dir='ltr'><strong>si-</strong></span> 
     </span>
    </p>
   </div>
   <div class='ocr_carea' id='block_1_24' title="bbox 2275 1028 3810 1110">
    <p class='ocr_par' dir='ltr' id='par_1_24' title="bbox 2275 1028 3810 1110">
     <span class='ocr_line' id='line_1_24' title="bbox 2275 1028 3810 1110; baseline -0.008 -16"><span class='ocrx_word' id='word_1_162' title='bbox 2275 1040 2638 1094; x_wconf 88' lang='lat' dir='ltr'><strong>militttdinem</strong></span> <span class='ocrx_word' id='word_1_163' title='bbox 2691 1038 3045 1110; x_wconf 85' lang='lat' dir='ltr'><strong>apprehendo</strong></span> <span class='ocrx_word' id='word_1_164' title='bbox 3094 1037 3246 1092; x_wconf 87' lang='lat' dir='ltr'><strong>illius</strong></span> <span class='ocrx_word' id='word_1_165' title='bbox 3291 1038 3358 1089; x_wconf 88' lang='lat' dir='ltr'><strong>ad</strong></span> <span class='ocrx_word' id='word_1_166' title='bbox 3391 1035 3550 1096; x_wconf 87' lang='lat' dir='ltr'><strong>banc,</strong></span> <span class='ocrx_word' id='word_1_167' title='bbox 3591 1028 3810 1083; x_wconf 82' lang='lat' dir='ltr'><strong>eamdem</strong></span> 
     </span>
    </p>
   </div>
   <div class='ocr_carea' id='block_1_25' title="bbox 2275 1120 3813 1196">
    <p class='ocr_par' dir='ltr' id='par_1_25' title="bbox 2275 1120 3813 1196">
     <span class='ocr_line' id='line_1_25' title="bbox 2275 1120 3813 1196; baseline -0.01 -12"><span class='ocrx_word' id='word_1_168' title='bbox 2275 1129 2652 1186; x_wconf 77' lang='lat' dir='ltr'><strong>indili‘erenter</strong></span> <span class='ocrx_word' id='word_1_169' title='bbox 2683 1131 2838 1184; x_wconf 83' lang='lat' dir='ltr'><strong>video</strong></span> <span class='ocrx_word' id='word_1_170' title='bbox 2873 1143 2997 1184; x_wconf 87' lang='lat' dir='ltr'><strong>esse</strong></span> <span class='ocrx_word' id='word_1_171' title='bbox 3030 1137 3084 1183; x_wconf 87' lang='lat' dir='ltr'><strong>et</strong></span> <span class='ocrx_word' id='word_1_172' title='bbox 3109 1128 3278 1192; x_wconf 88' lang='lat' dir='ltr'><strong>modi,</strong></span> <span class='ocrx_word' id='word_1_173' title='bbox 3315 1138 3426 1196; x_wconf 86' lang='lat' dir='ltr'><strong>quo</strong></span> <span class='ocrx_word' id='word_1_174' title='bbox 3448 1121 3604 1177; x_wconf 84' lang='lat' dir='ltr'><strong>Pater</strong></span> <span class='ocrx_word' id='word_1_175' title='bbox 3633 1120 3813 1189; x_wconf 87' lang='lat' dir='ltr'><strong>princi-</strong></span> 
     </span>
    </p>
   </div>
   <div class='ocr_carea' id='block_1_26' title="bbox 2275 1206 3813 1292">
    <p class='ocr_par' dir='ltr' id='par_1_26' title="bbox 2275 1206 3813 1292">
     <span class='ocr_line' id='line_1_26' title="bbox 2275 1206 3813 1292; baseline -0.01 -16"><span class='ocrx_word' id='word_1_176' title='bbox 2275 1222 2424 1292; x_wconf 89' lang='lat' dir='ltr'><strong>pium</strong></span> <span class='ocrx_word' id='word_1_177' title='bbox 2482 1235 2566 1277; x_wconf 89' lang='lat' dir='ltr'><strong>est</strong></span> <span class='ocrx_word' id='word_1_178' title='bbox 2600 1221 2864 1292; x_wconf 84' lang='lat' dir='ltr'><strong>Spiritus.</strong></span> <span class='ocrx_word' id='word_1_179' title='bbox 2899 1219 3134 1276; x_wconf 86' lang='lat' dir='ltr'><strong>Attende</strong></span> <span class='ocrx_word' id='word_1_180' title='bbox 3169 1220 3312 1274; x_wconf 91' lang='lat' dir='ltr'><strong>enim</strong></span> <span class='ocrx_word' id='word_1_181' title='bbox 3337 1257 3353 1285; x_wconf 92' lang='lat'><strong>,</strong></span> <span class='ocrx_word' id='word_1_182' title='bbox 3400 1227 3460 1271; x_wconf 87' lang='lat' dir='ltr'><strong>ut</strong></span> <span class='ocrx_word' id='word_1_183' title='bbox 3498 1214 3722 1286; x_wconf 84' lang='lat' dir='ltr'><strong>primum</strong></span> <span class='ocrx_word' id='word_1_184' title='bbox 3757 1206 3813 1262; x_wconf 80' lang='lat' dir='ltr'><strong>de</strong></span> 
     </span>
    </p>
   </div>
   <div class='ocr_carea' id='block_1_27' title="bbox 2273 1311 3191 1368">
    <p class='ocr_par' dir='ltr' id='par_1_27' title="bbox 2273 1311 3191 1368">
     <span class='ocr_line' id='line_1_27' title="bbox 2273 1311 3191 1368; baseline -0.005 0"><span class='ocrx_word' id='word_1_185' title='bbox 2273 1312 2728 1368; x_wconf 63' lang='lat' dir='ltr'><strong>dissimilitudine</strong></span> <span class='ocrx_word' id='word_1_186' title='bbox 2765 1327 2957 1368; x_wconf 91' lang='lat' dir='ltr'><strong>eorum</strong></span> <span class='ocrx_word' id='word_1_187' title='bbox 2987 1311 3191 1366; x_wconf 87' lang='lat' dir='ltr'><strong>dicam.</strong></span> 
     </span>
    </p>
   </div>
   <div class='ocr_carea' id='block_1_28' title="bbox 2349 1389 3813 1466">
    <p class='ocr_par' dir='ltr' id='par_1_28' title="bbox 2349 1389 3813 1466">
     <span class='ocr_line' id='line_1_28' title="bbox 2349 1389 3813 1466; baseline -0.01 -8"><span class='ocrx_word' id='word_1_188' title='bbox 2349 1405 2477 1460; x_wconf 83' lang='lat' dir='ltr'><strong>Seth</strong></span> <span class='ocrx_word' id='word_1_189' title='bbox 2508 1420 2616 1460; x_wconf 91' lang='lat' dir='ltr'><strong>non</strong></span> <span class='ocrx_word' id='word_1_190' title='bbox 2653 1419 2720 1460; x_wconf 78' lang='lat' dir='ltr'><strong>ex</strong></span> <span class='ocrx_word' id='word_1_191' title='bbox 2762 1405 2884 1460; x_wconf 90' lang='lat' dir='ltr'><strong>solo</strong></span> <span class='ocrx_word' id='word_1_192' title='bbox 2908 1411 2994 1459; x_wconf 87' lang='lat' dir='ltr'><strong>est</strong></span> <span class='ocrx_word' id='word_1_193' title='bbox 3042 1403 3238 1466; x_wconf 79' lang='lat' dir='ltr'><strong>Adam,</strong></span> <span class='ocrx_word' id='word_1_194' title='bbox 3267 1399 3359 1456; x_wconf 90' lang='lat' dir='ltr'><strong>sed</strong></span> <span class='ocrx_word' id='word_1_195' title='bbox 3392 1413 3460 1454; x_wconf 78' lang='lat' dir='ltr'><strong>ex</strong></span> <span class='ocrx_word' id='word_1_196' title='bbox 3491 1409 3562 1452; x_wconf 86' lang='lat' dir='ltr'><strong>eo</strong></span> <span class='ocrx_word' id='word_1_197' title='bbox 3603 1401 3657 1449; x_wconf 81' lang='lat' dir='ltr'><strong>et</strong></span> <span class='ocrx_word' id='word_1_198' title='bbox 3679 1389 3813 1445; x_wconf 69' lang='lat' dir='ltr'><strong>Eva:</strong></span> 
     </span>
    </p>
   </div>
   <div class='ocr_carea' id='block_1_29' title="bbox 2275 1483 3815 1568">
    <p class='ocr_par' dir='ltr' id='par_1_29' title="bbox 2275 1483 3815 1568">
     <span class='ocr_line' id='line_1_29' title="bbox 2275 1483 3815 1568; baseline -0.012 -15"><span class='ocrx_word' id='word_1_199' title='bbox 2275 1506 2330 1553; x_wconf 87' lang='lat' dir='ltr'><strong>et</strong></span> <span class='ocrx_word' id='word_1_200' title='bbox 2367 1513 2477 1552; x_wconf 93' lang='lat' dir='ltr'><strong>non</strong></span> <span class='ocrx_word' id='word_1_201' title='bbox 2503 1497 2690 1563; x_wconf 88' lang='lat' dir='ltr'><strong>simul,</strong></span> <span class='ocrx_word' id='word_1_202' title='bbox 2724 1513 2898 1568; x_wconf 81' lang='lat' dir='ltr'><strong>neque</strong></span> <span class='ocrx_word' id='word_1_203' title='bbox 2920 1512 3018 1566; x_wconf 91' lang='lat' dir='ltr'><strong>per</strong></span> <span class='ocrx_word' id='word_1_204' title='bbox 3046 1495 3298 1551; x_wconf 89' lang='lat' dir='ltr'><strong>eumdem</strong></span> <span class='ocrx_word' id='word_1_205' title='bbox 3329 1491 3571 1546; x_wconf 86' lang='lat' dir='ltr'><strong>modum.</strong></span> <span class='ocrx_word' id='word_1_206' title='bbox 3606 1483 3815 1541; x_wconf 81' lang='lat' dir='ltr'><strong>Verbum</strong></span> 
     </span>
    </p>
   </div>
   <div class='ocr_carea' id='block_1_30' title="bbox 2276 1585 3817 1646">
    <p class='ocr_par' dir='ltr' id='par_1_30' title="bbox 2276 1585 3817 1646">
     <span class='ocr_line' id='line_1_30' title="bbox 2276 1585 3817 1646; baseline -0.011 -2"><span class='ocrx_word' id='word_1_207' title='bbox 2276 1604 2408 1645; x_wconf 84' lang='lat' dir='ltr'><strong>vero</strong></span> <span class='ocrx_word' id='word_1_208' title='bbox 2437 1589 2549 1645; x_wconf 92' lang='lat' dir='ltr'><strong>illic</strong></span> <span class='ocrx_word' id='word_1_209' title='bbox 2596 1605 2663 1646; x_wconf 78' lang='lat' dir='ltr'><strong>ex</strong></span> <span class='ocrx_word' id='word_1_210' title='bbox 2701 1590 2822 1645; x_wconf 87' lang='lat' dir='ltr'><strong>solo</strong></span> <span class='ocrx_word' id='word_1_211' title='bbox 2864 1591 3024 1645; x_wconf 84' lang='lat' dir='ltr'><strong>Patre</strong></span> <span class='ocrx_word' id='word_1_212' title='bbox 3059 1596 3164 1642; x_wconf 89' lang='lat' dir='ltr'><strong>est.</strong></span> <span class='ocrx_word' id='word_1_213' title='bbox 3194 1585 3259 1641; x_wconf 88' lang='lat' dir='ltr'><strong>Et</strong></span> <span class='ocrx_word' id='word_1_214' title='bbox 3281 1585 3408 1640; x_wconf 81' lang='lat' dir='ltr'><strong>Seth</strong></span> <span class='ocrx_word' id='word_1_215' title='bbox 3443 1597 3549 1636; x_wconf 89' lang='lat' dir='ltr'><strong>non</strong></span> <span class='ocrx_word' id='word_1_216' title='bbox 3582 1588 3663 1635; x_wconf 88' lang='lat' dir='ltr'><strong>est</strong></span> <span class='ocrx_word' id='word_1_217' title='bbox 3687 1587 3817 1630; x_wconf 80' lang='lat' dir='ltr'><strong>totus</strong></span> 
     </span>
    </p>
   </div>
   <div class='ocr_carea' id='block_1_31' title="bbox 2277 1671 3815 1751">
    <p class='ocr_par' dir='ltr' id='par_1_31' title="bbox 2277 1671 3815 1751">
     <span class='ocr_line' id='line_1_31' title="bbox 2277 1671 3815 1751; baseline -0.01 -14"><span class='ocrx_word' id='word_1_218' title='bbox 2277 1697 2344 1737; x_wconf 80' lang='lat' dir='ltr'><strong>ex</strong></span> <span class='ocrx_word' id='word_1_219' title='bbox 2362 1692 2478 1738; x_wconf 88' lang='lat' dir='ltr'><strong>toto</strong></span> <span class='ocrx_word' id='word_1_220' title='bbox 2502 1683 2699 1746; x_wconf 84' lang='lat' dir='ltr'><strong>Adam,</strong></span> <span class='ocrx_word' id='word_1_221' title='bbox 2726 1682 2825 1737; x_wconf 87' lang='lat' dir='ltr'><strong>sed</strong></span> <span class='ocrx_word' id='word_1_222' title='bbox 2860 1682 2912 1737; x_wconf 93' lang='lat' dir='ltr'><strong>id</strong></span> <span class='ocrx_word' id='word_1_223' title='bbox 2941 1681 3087 1751; x_wconf 88' lang='lat' dir='ltr'><strong>quod</strong></span> <span class='ocrx_word' id='word_1_224' title='bbox 3122 1679 3384 1734; x_wconf 86' lang='lat' dir='ltr'><strong>emissum</strong></span> <span class='ocrx_word' id='word_1_225' title='bbox 3405 1683 3487 1729; x_wconf 86' lang='lat' dir='ltr'><strong>est</strong></span> <span class='ocrx_word' id='word_1_226' title='bbox 3505 1671 3815 1743; x_wconf 73' lang='lat' dir='ltr'><strong>primitusex</strong></span> 
     </span>
    </p>
   </div>
   <div class='ocr_carea' id='block_1_32' title="bbox 2279 1765 3816 1844">
    <p class='ocr_par' dir='ltr' id='par_1_32' title="bbox 2279 1765 3816 1844">
     <span class='ocr_line' id='line_1_32' title="bbox 2279 1765 3816 1844; baseline -0.01 -14"><span class='ocrx_word' id='word_1_227' title='bbox 2279 1777 2477 1842; x_wconf 80' lang='lat' dir='ltr'><strong>Adam,</strong></span> <span class='ocrx_word' id='word_1_228' title='bbox 2513 1791 2694 1844; x_wconf 86' lang='lat' dir='ltr'><strong>neque</strong></span> <span class='ocrx_word' id='word_1_229' title='bbox 2729 1775 2896 1830; x_wconf 90' lang='lat' dir='ltr'><strong>homo</strong></span> <span class='ocrx_word' id='word_1_230' title='bbox 2945 1787 3120 1843; x_wconf 88' lang='lat' dir='ltr'><strong>neque</strong></span> <span class='ocrx_word' id='word_1_231' title='bbox 3154 1769 3356 1827; x_wconf 87' lang='lat' dir='ltr'><strong>animal</strong></span> <span class='ocrx_word' id='word_1_232' title='bbox 3404 1777 3508 1831; x_wconf 88' lang='lat' dir='ltr'><strong>est,</strong></span> <span class='ocrx_word' id='word_1_233' title='bbox 3535 1765 3626 1820; x_wconf 85' lang='lat' dir='ltr'><strong>sed</strong></span> <span class='ocrx_word' id='word_1_234' title='bbox 3656 1775 3816 1818; x_wconf 83' lang='lat' dir='ltr'><strong>semen</strong></span> 
     </span>
    </p>
   </div>
   <div class='ocr_carea' id='block_1_33' title="bbox 583 1855 3820 1960">
    <p class='ocr_par' dir='ltr' id='par_1_33' title="bbox 583 1855 3820 1960">
     <span class='ocr_line' id='line_1_33' title="bbox 583 1855 3820 1960; baseline -0.011 -16"><span class='ocrx_word' id='word_1_235' title='bbox 583 1855 730 1960; x_wconf 69' lang='lat' dir='ltr'><strong>quod</strong></span> <span class='ocrx_word' id='word_1_236' title='bbox 764 1855 908 1942; x_wconf 72' lang='lat' dir='ltr'><strong>dico.</strong></span> <span class='ocrx_word' id='word_1_237' title='bbox 937 1884 1111 1956; x_wconf 84' lang='lat' dir='ltr'><strong>Hujus</strong></span> <span class='ocrx_word' id='word_1_238' title='bbox 1143 1855 1275 1939; x_wconf 77' lang='lat' dir='ltr'><strong>vero</strong></span> <span class='ocrx_word' id='word_1_239' title='bbox 1304 1883 1636 1952; x_wconf 87' lang='lat' dir='ltr'><strong>oppositum,</strong></span> <span class='ocrx_word' id='word_1_240' title='bbox 1664 1855 1808 1950; x_wconf 83' lang='lat' dir='ltr'><strong>quod</strong></span> <span class='ocrx_word' id='word_1_241' title='bbox 1828 1885 1933 1940; x_wconf 86' lang='lat' dir='ltr'><strong>est,</strong></span> <span class='ocrx_word' id='word_1_242' title='bbox 1964 1889 2030 1930; x_wconf 79' lang='lat' dir='ltr'><strong>ex</strong></span> <span class='ocrx_word' id='word_1_243' title='bbox 2057 1873 2174 1931; x_wconf 88' lang='lat' dir='ltr'><strong>solo</strong></span> <span class='ocrx_word' id='word_1_244' title='bbox 2202 1855 2250 1917; x_wconf 79' lang='grc' dir='ltr'><strong>Β</strong></span> <span class='ocrx_word' id='word_1_245' title='bbox 2278 1883 2376 1939; x_wconf 87' lang='lat' dir='ltr'><strong>per</strong></span> <span class='ocrx_word' id='word_1_246' title='bbox 2406 1867 2553 1936; x_wconf 89' lang='lat' dir='ltr'><strong>quod</strong></span> <span class='ocrx_word' id='word_1_247' title='bbox 2579 1869 2633 1923; x_wconf 93' lang='lat' dir='ltr'><strong>in</strong></span> <span class='ocrx_word' id='word_1_248' title='bbox 2666 1867 2824 1923; x_wconf 77' lang='lat' dir='ltr'><strong>vulva</strong></span> <span class='ocrx_word' id='word_1_249' title='bbox 2864 1867 3056 1922; x_wconf 87' lang='lat' dir='ltr'><strong>matris</strong></span> <span class='ocrx_word' id='word_1_250' title='bbox 3079 1864 3208 1920; x_wconf 88' lang='lat' dir='ltr'><strong>Setb</strong></span> <span class='ocrx_word' id='word_1_251' title='bbox 3255 1861 3506 1918; x_wconf 85' lang='lat' dir='ltr'><strong>conditus</strong></span> <span class='ocrx_word' id='word_1_252' title='bbox 3526 1867 3628 1918; x_wconf 83' lang='lat' dir='ltr'><strong>est.</strong></span> <span class='ocrx_word' id='word_1_253' title='bbox 3669 1869 3820 1924; x_wconf 78' lang='lat' dir='ltr'><strong>neque</strong></span> 
     </span>
    </p>
   </div>
   <div class='ocr_carea' id='block_1_34' title="bbox 585 1967 2171 2052">
    <p class='ocr_par' dir='ltr' id='par_1_34' title="bbox 585 1967 2171 2052">
     <span class='ocr_line' id='line_1_34' title="bbox 585 1967 2171 2052; baseline -0.009 -14"><span class='ocrx_word' id='word_1_254' title='bbox 585 1983 746 2038; x_wconf 80' lang='lat' dir='ltr'><strong>Patre</strong></span> <span class='ocrx_word' id='word_1_255' title='bbox 777 1979 1072 2052; x_wconf 88' lang='lat' dir='ltr'><strong>procedere</strong></span> <span class='ocrx_word' id='word_1_256' title='bbox 1096 1976 1364 2048; x_wconf 86' lang='lat' dir='ltr'><strong>Spiritum</strong></span> <span class='ocrx_word' id='word_1_257' title='bbox 1391 1984 1664 2038; x_wconf 88' lang='lat' dir='ltr'><strong>sanctum,</strong></span> <span class='ocrx_word' id='word_1_258' title='bbox 1690 1980 1745 2026; x_wconf 91' lang='lat' dir='ltr'><strong>et</strong></span> <span class='ocrx_word' id='word_1_259' title='bbox 1773 1985 1880 2024; x_wconf 84' lang='lat' dir='ltr'><strong>non</strong></span> <span class='ocrx_word' id='word_1_260' title='bbox 1914 1983 1979 2024; x_wconf 78' lang='lat' dir='ltr'><strong>ex</strong></span> <span class='ocrx_word' id='word_1_261' title='bbox 2008 1967 2171 2033; x_wconf 86' lang='lat' dir='ltr'><strong>Filio,</strong></span> 
     </span>
    </p>
   </div>
   <div class='ocr_carea' id='block_1_35' title="bbox 583 2065 1934 2142">
    <p class='ocr_par' dir='ltr' id='par_1_35' title="bbox 583 2065 1934 2142">
     <span class='ocr_line' id='line_1_35' title="bbox 583 2065 1934 2142; baseline -0.009 -14"><span class='ocrx_word' id='word_1_262' title='bbox 583 2073 900 2128; x_wconf 90' lang='lat' dir='ltr'><strong>nullatenus</strong></span> <span class='ocrx_word' id='word_1_263' title='bbox 933 2086 1028 2142; x_wconf 90' lang='lat' dir='ltr'><strong>per</strong></span> <span class='ocrx_word' id='word_1_264' title='bbox 1059 2069 1402 2139; x_wconf 88' lang='lat' dir='ltr'><strong>Scripturam</strong></span> <span class='ocrx_word' id='word_1_265' title='bbox 1433 2065 1691 2120; x_wconf 80' lang='lat' dir='ltr'><strong>concludi</strong></span> <span class='ocrx_word' id='word_1_266' title='bbox 1729 2072 1934 2134; x_wconf 85' lang='lat' dir='ltr'><strong>potest.</strong></span> 
     </span>
    </p>
   </div>
   <div class='ocr_carea' id='block_1_36' title="bbox 667 2154 2176 2232">
    <p class='ocr_par' dir='ltr' id='par_1_36' title="bbox 667 2154 2176 2232">
     <span class='ocr_line' id='line_1_36' title="bbox 667 2154 2176 2232; baseline -0.007 -14"><span class='ocrx_word' id='word_1_267' title='bbox 667 2163 752 2218; x_wconf 80' lang='lat' dir='ltr'><strong>illi</strong></span> <span class='ocrx_word' id='word_1_268' title='bbox 779 2163 925 2218; x_wconf 87' lang='lat' dir='ltr'><strong>enim</strong></span> <span class='ocrx_word' id='word_1_269' title='bbox 945 2162 1051 2232; x_wconf 78' lang='lat' dir='ltr'><strong>qui</strong></span> <span class='ocrx_word' id='word_1_270' title='bbox 1069 2163 1217 2215; x_wconf 88' lang='lat' dir='ltr'><strong>hanc</strong></span> <span class='ocrx_word' id='word_1_271' title='bbox 1249 2156 1912 2227; x_wconf 87' lang='lat' dir='ltr'><strong>deienduntopinionem,</strong></span> <span class='ocrx_word' id='word_1_272' title='bbox 1942 2154 2176 2211; x_wconf 86' lang='lat' dir='ltr'><strong>credunt</strong></span> 
     </span>
    </p>
   </div>
   <div class='ocr_carea' id='block_1_37' title="bbox 585 2244 2176 2325">
    <p class='ocr_par' dir='ltr' id='par_1_37' title="bbox 585 2244 2176 2325">
     <span class='ocr_line' id='line_1_37' title="bbox 585 2244 2176 2325; baseline -0.009 -13"><span class='ocrx_word' id='word_1_273' title='bbox 585 2271 646 2312; x_wconf 90' lang='lat' dir='ltr'><strong>se</strong></span> <span class='ocrx_word' id='word_1_274' title='bbox 669 2256 876 2310; x_wconf 86' lang='lat' dir='ltr'><strong>habere</strong></span> <span class='ocrx_word' id='word_1_275' title='bbox 911 2255 1254 2325; x_wconf 85' lang='lat' dir='ltr'><strong>potissimum</strong></span> <span class='ocrx_word' id='word_1_276' title='bbox 1287 2249 1591 2320; x_wconf 80' lang='lat' dir='ltr'><strong>il&#39;ludquod</strong></span> <span class='ocrx_word' id='word_1_277' title='bbox 1631 2248 1896 2303; x_wconf 90' lang='lat' dir='ltr'><strong>Dominus</strong></span> <span class='ocrx_word' id='word_1_278' title='bbox 1918 2247 2029 2302; x_wconf 88' lang='lat' dir='ltr'><strong>ait:</strong></span> <span class='ocrx_word' id='word_1_279' title='bbox 2069 2244 2176 2312; x_wconf 84' lang='lat' dir='ltr'><strong>Qui</strong></span> 
     </span>
    </p>
   </div>
   <div class='ocr_carea' id='block_1_38' title="bbox 587 2340 2174 2420">
    <p class='ocr_par' dir='ltr' id='par_1_38' title="bbox 587 2340 2174 2420">
     <span class='ocr_line' id='line_1_38' title="bbox 587 2340 2174 2420; baseline -0.009 -15"><span class='ocrx_word' id='word_1_280' title='bbox 587 2368 620 2405; x_wconf 89' lang='lat' dir='ltr'><strong>a</strong></span> <span class='ocrx_word' id='word_1_281' title='bbox 638 2348 801 2405; x_wconf 84' lang='lat' dir='ltr'><strong>Patre</strong></span> <span class='ocrx_word' id='word_1_282' title='bbox 835 2349 1072 2420; x_wconf 79' lang='lat' dir='ltr'><strong>procedit</strong></span> <span class='ocrx_word' id='word_1_283' title='bbox 1096 2365 1113 2412; x_wconf 88' lang='lat'><strong><em>;</em></strong></span> <span class='ocrx_word' id='word_1_284' title='bbox 1143 2347 1370 2401; x_wconf 90' lang='lat' dir='ltr'><strong>minime</strong></span> <span class='ocrx_word' id='word_1_285' title='bbox 1402 2359 1534 2399; x_wconf 89' lang='lat' dir='ltr'><strong>vero</strong></span> <span class='ocrx_word' id='word_1_286' title='bbox 1559 2353 1658 2413; x_wconf 82' lang='lat' dir='ltr'><strong>per</strong></span> <span class='ocrx_word' id='word_1_287' title='bbox 1681 2341 1783 2397; x_wconf 89' lang='lat' dir='ltr'><strong>hnc</strong></span> <span class='ocrx_word' id='word_1_288' title='bbox 1804 2340 2174 2405; x_wconf 83' lang='lat' dir='ltr'><strong>concluditur,</strong></span> 
     </span>
    </p>
   </div>
   <div class='ocr_carea' id='block_1_39' title="bbox 586 2433 2177 2515">
    <p class='ocr_par' dir='ltr' id='par_1_39' title="bbox 586 2433 2177 2515">
     <span class='ocr_line' id='line_1_39' title="bbox 586 2433 2177 2515; baseline -0.008 -17"><span class='ocrx_word' id='word_1_289' title='bbox 586 2446 733 2515; x_wconf 91' lang='lat' dir='ltr'><strong>quod</strong></span> <span class='ocrx_word' id='word_1_290' title='bbox 769 2459 835 2498; x_wconf 82' lang='lat' dir='ltr'><strong>ex</strong></span> <span class='ocrx_word' id='word_1_291' title='bbox 878 2444 996 2499; x_wconf 89' lang='lat' dir='ltr'><strong>solo</strong></span> <span class='ocrx_word' id='word_1_292' title='bbox 1032 2441 1195 2496; x_wconf 81' lang='lat' dir='ltr'><strong>Patre</strong></span> <span class='ocrx_word' id='word_1_293' title='bbox 1226 2458 1241 2507; x_wconf 86' lang='lat'><strong>;</strong></span> <span class='ocrx_word' id='word_1_294' title='bbox 1278 2439 1510 2494; x_wconf 92' lang='lat' dir='ltr'><strong>nimium</strong></span> <span class='ocrx_word' id='word_1_295' title='bbox 1546 2437 1692 2491; x_wconf 89' lang='lat' dir='ltr'><strong>enim</strong></span> <span class='ocrx_word' id='word_1_296' title='bbox 1725 2435 1957 2490; x_wconf 88' lang='lat' dir='ltr'><strong>interest</strong></span> <span class='ocrx_word' id='word_1_297' title='bbox 1991 2433 2177 2487; x_wconf 86' lang='lat' dir='ltr'><strong>dicere</strong></span> 
     </span>
    </p>
   </div>
   <div class='ocr_carea' id='block_1_40' title="bbox 586 2524 2176 2607">
    <p class='ocr_par' dir='ltr' id='par_1_40' title="bbox 586 2524 2176 2607">
     <span class='ocr_line' id='line_1_40' title="bbox 586 2524 2176 2607; baseline -0.008 -15"><span class='ocrx_word' id='word_1_298' title='bbox 586 2537 792 2607; x_wconf 89' lang='lat' dir='ltr'><strong>aliquid</strong></span> <span class='ocrx_word' id='word_1_299' title='bbox 820 2535 1182 2605; x_wconf 90' lang='lat' dir='ltr'><strong>simpliciter,</strong></span> <span class='ocrx_word' id='word_1_300' title='bbox 1205 2539 1260 2586; x_wconf 89' lang='lat' dir='ltr'><strong>et</strong></span> <span class='ocrx_word' id='word_1_301' title='bbox 1279 2532 1462 2588; x_wconf 85' lang='lat' dir='ltr'><strong>dicere</strong></span> <span class='ocrx_word' id='word_1_302' title='bbox 1482 2529 1538 2584; x_wconf 88' lang='lat' dir='ltr'><strong>id</strong></span> <span class='ocrx_word' id='word_1_303' title='bbox 1558 2530 1740 2599; x_wconf 88' lang='lat' dir='ltr'><strong>ipsum</strong></span> <span class='ocrx_word' id='word_1_304' title='bbox 1765 2524 2176 2595; x_wconf 64' lang='lat' dir='ltr'><strong>distinguendo,</strong></span> 
     </span>
    </p>
   </div>
   <div class='ocr_carea' id='block_1_41' title="bbox 587 2619 2174 2699">
    <p class='ocr_par' dir='ltr' id='par_1_41' title="bbox 587 2619 2174 2699">
     <span class='ocr_line' id='line_1_41' title="bbox 587 2619 2174 2699; baseline -0.007 -16"><span class='ocrx_word' id='word_1_305' title='bbox 587 2629 724 2699; x_wconf 83' lang='lat' dir='ltr'><strong>quod</strong></span> <span class='ocrx_word' id='word_1_306' title='bbox 747 2629 942 2682; x_wconf 81' lang='lat' dir='ltr'><strong>solum.</strong></span> <span class='ocrx_word' id='word_1_307' title='bbox 972 2625 1030 2681; x_wconf 89' lang='lat' dir='ltr'><strong>In</strong></span> <span class='ocrx_word' id='word_1_308' title='bbox 1063 2625 1250 2681; x_wconf 89' lang='lat' dir='ltr'><strong>multis</strong></span> <span class='ocrx_word' id='word_1_309' title='bbox 1281 2624 1428 2679; x_wconf 89' lang='lat' dir='ltr'><strong>enim</strong></span> <span class='ocrx_word' id='word_1_310' title='bbox 1455 2637 1624 2676; x_wconf 90' lang='lat' dir='ltr'><strong>unum</strong></span> <span class='ocrx_word' id='word_1_311' title='bbox 1661 2630 1746 2676; x_wconf 88' lang='lat' dir='ltr'><strong>est</strong></span> <span class='ocrx_word' id='word_1_312' title='bbox 1769 2634 1985 2679; x_wconf 86' lang='lat' dir='ltr'><strong>verum.</strong></span> <span class='ocrx_word' id='word_1_313' title='bbox 2027 2619 2174 2672; x_wconf 87' lang='lat' dir='ltr'><strong>aliud</strong></span> 
     </span>
    </p>
   </div>
   <div class='ocr_carea' id='block_1_42' title="bbox 589 2703 2176 2788">
    <p class='ocr_par' dir='ltr' id='par_1_42' title="bbox 589 2703 2176 2788">
     <span class='ocr_line' id='line_1_42' title="bbox 589 2703 2176 2788; baseline -0.008 -12"><span class='ocrx_word' id='word_1_314' title='bbox 589 2721 790 2777; x_wconf 70' lang='lat' dir='ltr'><strong>falsum</strong></span> <span class='ocrx_word' id='word_1_315' title='bbox 822 2739 837 2775; x_wconf 88' lang='lat'><strong>:</strong></span> <span class='ocrx_word' id='word_1_316' title='bbox 876 2728 1064 2788; x_wconf 90' lang='lat' dir='ltr'><strong>utpote</strong></span> <span class='ocrx_word' id='word_1_317' title='bbox 1090 2719 1134 2773; x_wconf 91' lang='lat' dir='ltr'><strong>si</strong></span> <span class='ocrx_word' id='word_1_318' title='bbox 1165 2717 1384 2770; x_wconf 88' lang='lat' dir='ltr'><strong>dicatur</strong></span> <span class='ocrx_word' id='word_1_319' title='bbox 1409 2713 1612 2768; x_wconf 87' lang='lat' dir='ltr'><strong>Filium</strong></span> <span class='ocrx_word' id='word_1_320' title='bbox 1634 2727 1758 2767; x_wconf 86' lang='lat' dir='ltr'><strong>esse</strong></span> <span class='ocrx_word' id='word_1_321' title='bbox 1778 2710 1947 2766; x_wconf 89' lang='lat' dir='ltr'><strong>Deum</strong></span> <span class='ocrx_word' id='word_1_322' title='bbox 1983 2703 2176 2765; x_wconf 88' lang='lat' dir='ltr'><strong>verum</strong></span> 
     </span>
    </p>
   </div>
   <div class='ocr_carea' id='block_1_43' title="bbox 587 2794 2182 2878">
    <p class='ocr_par' dir='ltr' id='par_1_43' title="bbox 587 2794 2182 2878">
     <span class='ocr_line' id='line_1_43' title="bbox 587 2794 2182 2878; baseline -0.007 -10"><span class='ocrx_word' id='word_1_323' title='bbox 587 2813 657 2868; x_wconf 88' lang='lat' dir='ltr'><strong>de</strong></span> <span class='ocrx_word' id='word_1_324' title='bbox 688 2811 796 2867; x_wconf 87' lang='lat' dir='ltr'><strong>Deo</strong></span> <span class='ocrx_word' id='word_1_325' title='bbox 827 2794 978 2878; x_wconf 86' lang='lat' dir='ltr'><strong>vero,</strong></span> <span class='ocrx_word' id='word_1_326' title='bbox 1011 2823 1200 2866; x_wconf 90' lang='lat' dir='ltr'><strong>verum</strong></span> <span class='ocrx_word' id='word_1_327' title='bbox 1232 2817 1338 2864; x_wconf 88' lang='lat' dir='ltr'><strong>est.</strong></span> <span class='ocrx_word' id='word_1_328' title='bbox 1379 2805 1439 2863; x_wconf 93' lang='lat' dir='ltr'><strong>Si</strong></span> <span class='ocrx_word' id='word_1_329' title='bbox 1475 2821 1604 2862; x_wconf 89' lang='lat' dir='ltr'><strong>vero</strong></span> <span class='ocrx_word' id='word_1_330' title='bbox 1631 2804 1848 2861; x_wconf 88' lang='lat' dir='ltr'><strong>dicatur</strong></span> <span class='ocrx_word' id='word_1_331' title='bbox 1878 2804 2054 2860; x_wconf 89' lang='lat' dir='ltr'><strong>solum</strong></span> <span class='ocrx_word' id='word_1_332' title='bbox 2089 2799 2182 2857; x_wconf 86' lang='lat' dir='ltr'><strong>Fi-</strong></span> 
     </span>
    </p>
   </div>
   <div class='ocr_carea' id='block_1_44' title="bbox 588 2891 2178 2961">
    <p class='ocr_par' dir='ltr' id='par_1_44' title="bbox 588 2891 2178 2961">
     <span class='ocr_line' id='line_1_44' title="bbox 588 2891 2178 2961; baseline -0.008 -2"><span class='ocrx_word' id='word_1_333' title='bbox 588 2906 723 2959; x_wconf 92' lang='lat' dir='ltr'><strong>lium</strong></span> <span class='ocrx_word' id='word_1_334' title='bbox 755 2919 878 2959; x_wconf 90' lang='lat' dir='ltr'><strong>esse</strong></span> <span class='ocrx_word' id='word_1_335' title='bbox 910 2901 1081 2957; x_wconf 90' lang='lat' dir='ltr'><strong>Deum</strong></span> <span class='ocrx_word' id='word_1_336' title='bbox 1130 2916 1318 2956; x_wconf 87' lang='lat' dir='ltr'><strong>verum</strong></span> <span class='ocrx_word' id='word_1_337' title='bbox 1369 2899 1437 2954; x_wconf 92' lang='lat' dir='ltr'><strong>de</strong></span> <span class='ocrx_word' id='word_1_338' title='bbox 1477 2897 1590 2954; x_wconf 91' lang='lat' dir='ltr'><strong>Deo</strong></span> <span class='ocrx_word' id='word_1_339' title='bbox 1623 2909 1784 2961; x_wconf 88' lang='lat' dir='ltr'><strong>vero,</strong></span> <span class='ocrx_word' id='word_1_340' title='bbox 1844 2891 2044 2949; x_wconf 81' lang='lat' dir='ltr'><strong>falsum</strong></span> <span class='ocrx_word' id='word_1_341' title='bbox 2075 2901 2178 2949; x_wconf 89' lang='lat' dir='ltr'><strong>est.</strong></span> 
     </span>
    </p>
   </div>
   <div class='ocr_carea' id='block_1_45' title="bbox 587 2983 2179 3063">
    <p class='ocr_par' dir='ltr' id='par_1_45' title="bbox 587 2983 2179 3063">
     <span class='ocr_line' id='line_1_45' title="bbox 587 2983 2179 3063; baseline -0.007 -14"><span class='ocrx_word' id='word_1_342' title='bbox 587 2995 645 3050; x_wconf 82' lang='lat' dir='ltr'><strong>id</strong></span> <span class='ocrx_word' id='word_1_343' title='bbox 685 2996 862 3063; x_wconf 89' lang='lat' dir='ltr'><strong>ipsum</strong></span> <span class='ocrx_word' id='word_1_344' title='bbox 889 3002 943 3048; x_wconf 89' lang='lat' dir='ltr'><strong>et</strong></span> <span class='ocrx_word' id='word_1_345' title='bbox 973 2993 1026 3046; x_wconf 90' lang='lat' dir='ltr'><strong>in</strong></span> <span class='ocrx_word' id='word_1_346' title='bbox 1051 2991 1176 3046; x_wconf 90' lang='lat' dir='ltr'><strong>aliis</strong></span> <span class='ocrx_word' id='word_1_347' title='bbox 1211 2989 1467 3061; x_wconf 85' lang='lat' dir='ltr'><strong>plurimis</strong></span> <span class='ocrx_word' id='word_1_348' title='bbox 1493 2987 1770 3042; x_wconf 87' lang='lat' dir='ltr'><strong>invenies.</strong></span> <span class='ocrx_word' id='word_1_349' title='bbox 1801 2983 1920 3040; x_wconf 82' lang='lat' dir='ltr'><strong>Non</strong></span> <span class='ocrx_word' id='word_1_350' title='bbox 1940 2999 2073 3055; x_wconf 80' lang='lat' dir='ltr'><strong>ergo</strong></span> <span class='ocrx_word' id='word_1_351' title='bbox 2092 2983 2179 3039; x_wconf 84' lang='lat' dir='ltr'><strong>di-</strong></span> 
     </span>
    </p>
   </div>
   <div class='ocr_carea' id='block_1_46' title="bbox 587 3079 2180 3158">
    <p class='ocr_par' dir='ltr' id='par_1_46' title="bbox 587 3079 2180 3158">
     <span class='ocr_line' id='line_1_46' title="bbox 587 3079 2180 3158; baseline -0.006 -18"><span class='ocrx_word' id='word_1_352' title='bbox 587 3097 696 3151; x_wconf 90' lang='lat' dir='ltr'><strong>cto,</strong></span> <span class='ocrx_word' id='word_1_353' title='bbox 725 3087 869 3158; x_wconf 90' lang='lat' dir='ltr'><strong>quod</strong></span> <span class='ocrx_word' id='word_1_354' title='bbox 903 3103 967 3141; x_wconf 81' lang='lat' dir='ltr'><strong>ex</strong></span> <span class='ocrx_word' id='word_1_355' title='bbox 1017 3085 1179 3140; x_wconf 90' lang='lat' dir='ltr'><strong>Patre</strong></span> <span class='ocrx_word' id='word_1_356' title='bbox 1207 3082 1458 3154; x_wconf 87' lang='lat' dir='ltr'><strong>procedit</strong></span> <span class='ocrx_word' id='word_1_357' title='bbox 1484 3080 1750 3150; x_wconf 83' lang='lat' dir='ltr'><strong>Spiritus,</strong></span> <span class='ocrx_word' id='word_1_358' title='bbox 1784 3079 2048 3134; x_wconf 91' lang='lat' dir='ltr'><strong>continuo</strong></span> <span class='ocrx_word' id='word_1_359' title='bbox 2084 3091 2180 3148; x_wconf 90' lang='lat' dir='ltr'><strong>per</strong></span> 
     </span>
    </p>
   </div>
   <div class='ocr_carea' id='block_1_47' title="bbox 589 3157 2181 3241">
    <p class='ocr_par' dir='ltr' id='par_1_47' title="bbox 589 3157 2181 3241">
     <span class='ocr_line' id='line_1_47' title="bbox 589 3157 2181 3241; baseline -0.006 -9"><span class='ocrx_word' id='word_1_360' title='bbox 589 3180 696 3233; x_wconf 91' lang='lat' dir='ltr'><strong>hoc</strong></span> <span class='ocrx_word' id='word_1_361' title='bbox 713 3157 1028 3232; x_wconf 65' lang='lat' dir='ltr'><strong>necessario</strong></span> <span class='ocrx_word' id='word_1_362' title='bbox 1047 3175 1417 3240; x_wconf 90' lang='lat' dir='ltr'><strong>concluditur,</strong></span> <span class='ocrx_word' id='word_1_363' title='bbox 1440 3172 1587 3241; x_wconf 86' lang='lat' dir='ltr'><strong>quod</strong></span> <span class='ocrx_word' id='word_1_364' title='bbox 1609 3189 1676 3229; x_wconf 79' lang='lat' dir='ltr'><strong>ex</strong></span> <span class='ocrx_word' id='word_1_365' title='bbox 1704 3171 1855 3228; x_wconf 89' lang='lat' dir='ltr'><strong>solo:</strong></span> <span class='ocrx_word' id='word_1_366' title='bbox 1884 3172 1977 3227; x_wconf 89' lang='lat' dir='ltr'><strong>sed</strong></span> <span class='ocrx_word' id='word_1_367' title='bbox 2004 3185 2181 3240; x_wconf 86' lang='lat' dir='ltr'><strong>quan-</strong></span> 
     </span>
    </p>
   </div>
   <div class='ocr_carea' id='block_1_48' title="bbox 2275 1949 3819 2030">
    <p class='ocr_par' dir='ltr' id='par_1_48' title="bbox 2275 1949 3819 2030">
     <span class='ocr_line' id='line_1_48' title="bbox 2275 1949 3819 2030; baseline -0.009 -16"><span class='ocrx_word' id='word_1_368' title='bbox 2275 1973 2342 2014; x_wconf 78' lang='lat' dir='ltr'><strong>ex</strong></span> <span class='ocrx_word' id='word_1_369' title='bbox 2374 1969 2488 2014; x_wconf 86' lang='lat' dir='ltr'><strong>toto</strong></span> <span class='ocrx_word' id='word_1_370' title='bbox 2515 1960 2690 2014; x_wconf 82' lang='lat' dir='ltr'><strong>Adam</strong></span> <span class='ocrx_word' id='word_1_371' title='bbox 2731 1957 3010 2030; x_wconf 88' lang='lat' dir='ltr'><strong>prodiens.</strong></span> <span class='ocrx_word' id='word_1_372' title='bbox 3051 1953 3168 2012; x_wconf 83' lang='lat' dir='ltr'><strong>Illic</strong></span> <span class='ocrx_word' id='word_1_373' title='bbox 3195 1969 3328 2011; x_wconf 85' lang='lat' dir='ltr'><strong>vero</strong></span> <span class='ocrx_word' id='word_1_374' title='bbox 3368 1963 3513 2010; x_wconf 82' lang='lat' dir='ltr'><strong>totus</strong></span> <span class='ocrx_word' id='word_1_375' title='bbox 3568 1949 3730 2004; x_wconf 78' lang='lat' dir='ltr'><strong>Filius</strong></span> <span class='ocrx_word' id='word_1_376' title='bbox 3763 1961 3819 2002; x_wconf 79' lang='lat' dir='ltr'><strong>ex</strong></span> 
     </span>
    </p>
   </div>
   <div class='ocr_carea' id='block_1_49' title="bbox 2277 2049 3682 2106">
    <p class='ocr_par' dir='ltr' id='par_1_49' title="bbox 2277 2049 3682 2106">
     <span class='ocr_line' id='line_1_49' title="bbox 2277 2049 3682 2106; baseline -0.005 0"><span class='ocrx_word' id='word_1_377' title='bbox 2277 2049 2441 2106; x_wconf 80' lang='lat' dir='ltr'><strong>Patre</strong></span> <span class='ocrx_word' id='word_1_378' title='bbox 2478 2059 2616 2106; x_wconf 83' lang='lat' dir='ltr'><strong>toto.</strong></span> <span class='ocrx_word' id='word_1_379' title='bbox 3679 2081 3682 2084; x_wconf 66' lang='lat'><strong><em>~</em></strong></span> 
     </span>
    </p>
   </div>
   <div class='ocr_carea' id='block_1_50' title="bbox 2349 2127 3822 2210">
    <p class='ocr_par' dir='ltr' id='par_1_50' title="bbox 2349 2127 3822 2210">
     <span class='ocr_line' id='line_1_50' title="bbox 2349 2127 3822 2210; baseline -0.006 -16"><span class='ocrx_word' id='word_1_380' title='bbox 2349 2140 2415 2195; x_wconf 88' lang='lat' dir='ltr'><strong>Et</strong></span> <span class='ocrx_word' id='word_1_381' title='bbox 2446 2141 2536 2195; x_wconf 90' lang='lat' dir='ltr'><strong>hic</strong></span> <span class='ocrx_word' id='word_1_382' title='bbox 2557 2151 2722 2197; x_wconf 79' lang='lat' dir='ltr'><strong>natus</strong></span> <span class='ocrx_word' id='word_1_383' title='bbox 2750 2139 2884 2195; x_wconf 84' lang='lat' dir='ltr'><strong>Seth</strong></span> <span class='ocrx_word' id='word_1_384' title='bbox 2909 2142 2978 2196; x_wconf 84' lang='lat' dir='ltr'><strong>de</strong></span> <span class='ocrx_word' id='word_1_385' title='bbox 3003 2137 3289 2210; x_wconf 72' lang='lat' dir='ltr'><strong>temporali</strong></span> <span class='ocrx_word' id='word_1_386' title='bbox 3312 2136 3503 2200; x_wconf 76' lang='lat' dir='ltr'><strong>Adam,</strong></span> <span class='ocrx_word' id='word_1_387' title='bbox 3548 2147 3652 2189; x_wconf 80' lang='lat' dir='ltr'><strong>non</strong></span> <span class='ocrx_word' id='word_1_388' title='bbox 3668 2127 3822 2187; x_wconf 82' lang='lat' dir='ltr'><strong>estiili</strong></span> 
     </span>
    </p>
   </div>
   <div class='ocr_carea' id='block_1_51' title="bbox 2277 2221 3821 2304">
    <p class='ocr_par' dir='ltr' id='par_1_51' title="bbox 2277 2221 3821 2304">
     <span class='ocr_line' id='line_1_51' title="bbox 2277 2221 3821 2304; baseline -0.008 -15"><span class='ocrx_word' id='word_1_389' title='bbox 2277 2235 2731 2302; x_wconf 85' lang='lat' dir='ltr'><strong>contemporalis.</strong></span> <span class='ocrx_word' id='word_1_390' title='bbox 2767 2234 2857 2290; x_wconf 88' lang='lat' dir='ltr'><strong>ille</strong></span> <span class='ocrx_word' id='word_1_391' title='bbox 2887 2234 3036 2290; x_wconf 85' lang='lat' dir='ltr'><strong>enim</strong></span> <span class='ocrx_word' id='word_1_392' title='bbox 3072 2230 3369 2304; x_wconf 67' lang='lat' dir='ltr'><strong>praecessit,</strong></span> <span class='ocrx_word' id='word_1_393' title='bbox 3411 2230 3501 2284; x_wconf 86' lang='lat' dir='ltr'><strong>hic</strong></span> <span class='ocrx_word' id='word_1_394' title='bbox 3529 2221 3821 2296; x_wconf 78' lang='lat' dir='ltr'><strong>supervixit.</strong></span> 
     </span>
    </p>
   </div>
   <div class='ocr_carea' id='block_1_52' title="bbox 2278 2321 3822 2394">
    <p class='ocr_par' dir='ltr' id='par_1_52' title="bbox 2278 2321 3822 2394">
     <span class='ocr_line' id='line_1_52' title="bbox 2278 2321 3822 2394; baseline -0.007 -10"><span class='ocrx_word' id='word_1_395' title='bbox 2278 2329 2394 2384; x_wconf 89' lang='lat' dir='ltr'><strong>lllic</strong></span> <span class='ocrx_word' id='word_1_396' title='bbox 2413 2345 2544 2384; x_wconf 74' lang='lat' dir='ltr'><strong>vero</strong></span> <span class='ocrx_word' id='word_1_397' title='bbox 2570 2338 2758 2384; x_wconf 84' lang='lat' dir='ltr'><strong>natum</strong></span> <span class='ocrx_word' id='word_1_398' title='bbox 2783 2327 3023 2384; x_wconf 79' lang='lat' dir='ltr'><strong>Verbum</strong></span> <span class='ocrx_word' id='word_1_399' title='bbox 3050 2325 3119 2382; x_wconf 91' lang='lat' dir='ltr'><strong>de</strong></span> <span class='ocrx_word' id='word_1_400' title='bbox 3141 2325 3474 2394; x_wconf 84' lang='lat' dir='ltr'><strong>sempiterno</strong></span> <span class='ocrx_word' id='word_1_401' title='bbox 3501 2321 3679 2383; x_wconf 76' lang='lat' dir='ltr'><strong>Patre,</strong></span> <span class='ocrx_word' id='word_1_402' title='bbox 3701 2330 3822 2373; x_wconf 73' lang='lat' dir='ltr'><strong>coa-</strong></span> 
     </span>
    </p>
   </div>
   <div class='ocr_carea' id='block_1_53' title="bbox 2277 2413 3822 2490">
    <p class='ocr_par' dir='ltr' id='par_1_53' title="bbox 2277 2413 3822 2490">
     <span class='ocr_line' id='line_1_53' title="bbox 2277 2413 3822 2490; baseline -0.01 -13"><span class='ocrx_word' id='word_1_403' title='bbox 2277 2432 2496 2477; x_wconf 88' lang='lat' dir='ltr'><strong>ternum</strong></span> <span class='ocrx_word' id='word_1_404' title='bbox 2527 2431 2613 2478; x_wconf 87' lang='lat' dir='ltr'><strong>est</strong></span> <span class='ocrx_word' id='word_1_405' title='bbox 2641 2423 2713 2478; x_wconf 88' lang='lat' dir='ltr'><strong>ei.</strong></span> <span class='ocrx_word' id='word_1_406' title='bbox 2745 2421 2812 2476; x_wconf 80' lang='lat' dir='ltr'><strong>Et</strong></span> <span class='ocrx_word' id='word_1_407' title='bbox 2857 2421 2946 2477; x_wconf 90' lang='lat' dir='ltr'><strong>hic</strong></span> <span class='ocrx_word' id='word_1_408' title='bbox 2981 2420 3028 2476; x_wconf 90' lang='lat' dir='ltr'><strong>is</strong></span> <span class='ocrx_word' id='word_1_409' title='bbox 3049 2420 3144 2490; x_wconf 87' lang='lat' dir='ltr'><strong>qui</strong></span> <span class='ocrx_word' id='word_1_410' title='bbox 3198 2428 3360 2474; x_wconf 84' lang='lat' dir='ltr'><strong>natus</strong></span> <span class='ocrx_word' id='word_1_411' title='bbox 3395 2424 3501 2479; x_wconf 88' lang='lat' dir='ltr'><strong>est,</strong></span> <span class='ocrx_word' id='word_1_412' title='bbox 3535 2429 3644 2468; x_wconf 89' lang='lat' dir='ltr'><strong>non</strong></span> <span class='ocrx_word' id='word_1_413' title='bbox 3680 2421 3754 2466; x_wconf 83' lang='lat' dir='ltr'><strong>est</strong></span> <span class='ocrx_word' id='word_1_414' title='bbox 3777 2413 3822 2463; x_wconf 80' lang='lat' dir='ltr'><strong>in</strong></span> 
     </span>
    </p>
   </div>
   <div class='ocr_carea' id='block_1_54' title="bbox 2279 2508 3823 2583">
    <p class='ocr_par' dir='ltr' id='par_1_54' title="bbox 2279 2508 3823 2583">
     <span class='ocr_line' id='line_1_54' title="bbox 2279 2508 3823 2583; baseline -0.01 -16"><span class='ocrx_word' id='word_1_415' title='bbox 2279 2521 2617 2583; x_wconf 68' lang='lat' dir='ltr'><strong>generante:</strong></span> <span class='ocrx_word' id='word_1_416' title='bbox 2653 2525 2830 2582; x_wconf 81' lang='lat' dir='ltr'><strong>neque</strong></span> <span class='ocrx_word' id='word_1_417' title='bbox 2861 2512 2956 2582; x_wconf 88' lang='lat' dir='ltr'><strong>qui</strong></span> <span class='ocrx_word' id='word_1_418' title='bbox 3005 2509 3194 2581; x_wconf 75' lang='lat' dir='ltr'><strong>genuit</strong></span> <span class='ocrx_word' id='word_1_419' title='bbox 3240 2508 3295 2562; x_wconf 91' lang='lat' dir='ltr'><strong>in</strong></span> <span class='ocrx_word' id='word_1_420' title='bbox 3347 2517 3642 2576; x_wconf 80' lang='lat' dir='ltr'><strong>generato;</strong></span> <span class='ocrx_word' id='word_1_421' title='bbox 3678 2513 3823 2570; x_wconf 76' lang='lat' dir='ltr'><strong>neque</strong></span> 
     </span>
    </p>
   </div>
   <div class='ocr_carea' id='block_1_55' title="bbox 2279 2595 3826 2674">
    <p class='ocr_par' dir='ltr' id='par_1_55' title="bbox 2279 2595 3826 2674">
     <span class='ocr_line' id='line_1_55' title="bbox 2279 2595 3826 2674; baseline -0.006 -14"><span class='ocrx_word' id='word_1_422' title='bbox 2279 2606 2391 2660; x_wconf 84' lang='lat' dir='ltr'><strong>duo</strong></span> <span class='ocrx_word' id='word_1_423' title='bbox 2420 2619 2566 2660; x_wconf 87' lang='lat' dir='ltr'><strong>unus</strong></span> <span class='ocrx_word' id='word_1_424' title='bbox 2596 2605 2762 2658; x_wconf 87' lang='lat' dir='ltr'><strong>homo</strong></span> <span class='ocrx_word' id='word_1_425' title='bbox 2781 2613 2905 2672; x_wconf 89' lang='lat' dir='ltr'><strong>est;</strong></span> <span class='ocrx_word' id='word_1_426' title='bbox 2936 2619 3116 2674; x_wconf 88' lang='lat' dir='ltr'><strong>neque</strong></span> <span class='ocrx_word' id='word_1_427' title='bbox 3133 2595 3388 2656; x_wconf 84' lang='lat' dir='ltr'><strong>voluntas</strong></span> <span class='ocrx_word' id='word_1_428' title='bbox 3415 2613 3609 2655; x_wconf 88' lang='lat' dir='ltr'><strong>eorum</strong></span> <span class='ocrx_word' id='word_1_429' title='bbox 3638 2607 3826 2664; x_wconf 83' lang='lat' dir='ltr'><strong>semper</strong></span> 
     </span>
    </p>
   </div>
   <div class='ocr_carea' id='block_1_56' title="bbox 2280 2687 3828 2766">
    <p class='ocr_par' dir='ltr' id='par_1_56' title="bbox 2280 2687 3828 2766">
     <span class='ocr_line' id='line_1_56' title="bbox 2280 2687 3828 2766; baseline -0.009 -15"><span class='ocrx_word' id='word_1_430' title='bbox 2280 2712 2392 2752; x_wconf 87' lang='lat' dir='ltr'><strong>una</strong></span> <span class='ocrx_word' id='word_1_431' title='bbox 2417 2712 2433 2762; x_wconf 89' lang='lat'><strong>;</strong></span> <span class='ocrx_word' id='word_1_432' title='bbox 2456 2709 2634 2766; x_wconf 87' lang='lat' dir='ltr'><strong>neque</strong></span> <span class='ocrx_word' id='word_1_433' title='bbox 2653 2696 2829 2749; x_wconf 83' lang='lat' dir='ltr'><strong>virtus</strong></span> <span class='ocrx_word' id='word_1_434' title='bbox 2846 2705 2900 2750; x_wconf 87' lang='lat' dir='ltr'><strong>et</strong></span> <span class='ocrx_word' id='word_1_435' title='bbox 2916 2695 3058 2750; x_wconf 80' lang='lat' dir='ltr'><strong>actio</strong></span> <span class='ocrx_word' id='word_1_436' title='bbox 3084 2709 3190 2748; x_wconf 88' lang='lat' dir='ltr'><strong>una</strong></span> <span class='ocrx_word' id='word_1_437' title='bbox 3215 2710 3230 2760; x_wconf 88' lang='lat'><strong>;</strong></span> <span class='ocrx_word' id='word_1_438' title='bbox 3263 2706 3440 2760; x_wconf 86' lang='lat' dir='ltr'><strong>neque</strong></span> <span class='ocrx_word' id='word_1_439' title='bbox 3464 2690 3654 2746; x_wconf 84' lang='lat' dir='ltr'><strong>eadem</strong></span> <span class='ocrx_word' id='word_1_440' title='bbox 3670 2687 3828 2741; x_wconf 82' lang='lat' dir='ltr'><strong>scien-</strong></span> 
     </span>
    </p>
   </div>
   <div class='ocr_carea' id='block_1_57' title="bbox 2281 2779 3831 2852">
    <p class='ocr_par' dir='ltr' id='par_1_57' title="bbox 2281 2779 3831 2852">
     <span class='ocr_line' id='line_1_57' title="bbox 2281 2779 3831 2852; baseline -0.008 -10"><span class='ocrx_word' id='word_1_441' title='bbox 2281 2789 2382 2843; x_wconf 88' lang='lat' dir='ltr'><strong>tia.</strong></span> <span class='ocrx_word' id='word_1_442' title='bbox 2427 2786 2542 2841; x_wconf 80' lang='lat' dir='ltr'><strong>illlc</strong></span> <span class='ocrx_word' id='word_1_443' title='bbox 2573 2801 2704 2842; x_wconf 84' lang='lat' dir='ltr'><strong>vero</strong></span> <span class='ocrx_word' id='word_1_444' title='bbox 2722 2785 2898 2841; x_wconf 85' lang='lat' dir='ltr'><strong>Filius</strong></span> <span class='ocrx_word' id='word_1_445' title='bbox 2935 2787 2992 2841; x_wconf 89' lang='lat' dir='ltr'><strong>in</strong></span> <span class='ocrx_word' id='word_1_446' title='bbox 3040 2785 3224 2852; x_wconf 87' lang='lat' dir='ltr'><strong>Patre,-</strong></span> <span class='ocrx_word' id='word_1_447' title='bbox 3252 2795 3306 2840; x_wconf 87' lang='lat' dir='ltr'><strong>et</strong></span> <span class='ocrx_word' id='word_1_448' title='bbox 3336 2782 3495 2838; x_wconf 88' lang='lat' dir='ltr'><strong>Pater</strong></span> <span class='ocrx_word' id='word_1_449' title='bbox 3526 2783 3582 2836; x_wconf 93' lang='lat' dir='ltr'><strong>in</strong></span> <span class='ocrx_word' id='word_1_450' title='bbox 3613 2779 3759 2841; x_wconf 80' lang='lat' dir='ltr'><strong>Filio,</strong></span> <span class='ocrx_word' id='word_1_451' title='bbox 3786 2785 3831 2830; x_wconf 88' lang='lat' dir='ltr'><strong>et</strong></span> 
     </span>
    </p>
   </div>
   <div class='ocr_carea' id='block_1_58' title="bbox 2281 2871 3831 2944">
    <p class='ocr_par' dir='ltr' id='par_1_58' title="bbox 2281 2871 3831 2944">
     <span class='ocr_line' id='line_1_58' title="bbox 2281 2871 3831 2944; baseline -0.009 -7"><span class='ocrx_word' id='word_1_452' title='bbox 2281 2881 2394 2937; x_wconf 91' lang='lat' dir='ltr'><strong>duo</strong></span> <span class='ocrx_word' id='word_1_453' title='bbox 2421 2895 2563 2935; x_wconf 86' lang='lat' dir='ltr'><strong>unus</strong></span> <span class='ocrx_word' id='word_1_454' title='bbox 2601 2879 2742 2935; x_wconf 85' lang='lat' dir='ltr'><strong>Deus</strong></span> <span class='ocrx_word' id='word_1_455' title='bbox 2760 2889 2868 2944; x_wconf 86' lang='lat' dir='ltr'><strong>est,</strong></span> <span class='ocrx_word' id='word_1_456' title='bbox 2888 2887 2942 2934; x_wconf 87' lang='lat' dir='ltr'><strong>et</strong></span> <span class='ocrx_word' id='word_1_457' title='bbox 2968 2894 3077 2934; x_wconf 87' lang='lat' dir='ltr'><strong>una</strong></span> <span class='ocrx_word' id='word_1_458' title='bbox 3103 2891 3293 2934; x_wconf 90' lang='lat' dir='ltr'><strong>eorum</strong></span> <span class='ocrx_word' id='word_1_459' title='bbox 3313 2887 3366 2933; x_wconf 89' lang='lat' dir='ltr'><strong>et</strong></span> <span class='ocrx_word' id='word_1_460' title='bbox 3392 2875 3647 2931; x_wconf 77' lang='lat' dir='ltr'><strong>voluntas</strong></span> <span class='ocrx_word' id='word_1_461' title='bbox 3671 2885 3720 2929; x_wconf 89' lang='lat' dir='ltr'><strong>et</strong></span> <span class='ocrx_word' id='word_1_462' title='bbox 3741 2871 3831 2924; x_wconf 61' lang='lat' dir='ltr'><strong>rit»</strong></span> 
     </span>
    </p>
   </div>
   <div class='ocr_carea' id='block_1_59' title="bbox 2284 2964 3830 3038">
    <p class='ocr_par' dir='ltr' id='par_1_59' title="bbox 2284 2964 3830 3038">
     <span class='ocr_line' id='line_1_59' title="bbox 2284 2964 3830 3038; baseline -0.006 -11"><span class='ocrx_word' id='word_1_463' title='bbox 2284 2982 2397 3038; x_wconf 90' lang='lat' dir='ltr'><strong>tus,</strong></span> <span class='ocrx_word' id='word_1_464' title='bbox 2423 2981 2479 3028; x_wconf 85' lang='grc' dir='ltr'><strong>ει</strong></span> <span class='ocrx_word' id='word_1_465' title='bbox 2509 2972 2740 3028; x_wconf 87' lang='lat' dir='ltr'><strong>scientia</strong></span> <span class='ocrx_word' id='word_1_466' title='bbox 2769 2981 2824 3026; x_wconf 88' lang='lat' dir='ltr'><strong>et</strong></span> <span class='ocrx_word' id='word_1_467' title='bbox 2852 2973 3164 3026; x_wconf 83' lang='lat' dir='ltr'><strong>extrinseca</strong></span> <span class='ocrx_word' id='word_1_468' title='bbox 3205 2972 3369 3025; x_wconf 87' lang='lat' dir='ltr'><strong>actio.</strong></span> <span class='ocrx_word' id='word_1_469' title='bbox 3397 2969 3453 3026; x_wconf 83' lang='lat' dir='ltr'><strong>in</strong></span> <span class='ocrx_word' id='word_1_470' title='bbox 3484 2984 3598 3038; x_wconf 90' lang='lat' dir='ltr'><strong>quo</strong></span> <span class='ocrx_word' id='word_1_471' title='bbox 3623 2981 3744 3037; x_wconf 72' lang='lat' dir='ltr'><strong>ergo</strong></span> <span class='ocrx_word' id='word_1_472' title='bbox 3757 2964 3830 3019; x_wconf 85' lang='lat' dir='ltr'><strong>di-</strong></span> 
     </span>
    </p>
   </div>
   <div class='ocr_carea' id='block_1_60' title="bbox 2282 3061 3832 3132">
    <p class='ocr_par' dir='ltr' id='par_1_60' title="bbox 2282 3061 3832 3132">
     <span class='ocr_line' id='line_1_60' title="bbox 2282 3061 3832 3132; baseline -0.007 -13"><span class='ocrx_word' id='word_1_473' title='bbox 2282 3065 2411 3119; x_wconf 85' lang='lat' dir='ltr'><strong>vina</strong></span> <span class='ocrx_word' id='word_1_474' title='bbox 2433 3063 2523 3118; x_wconf 86' lang='lat' dir='ltr'><strong>illa</strong></span> <span class='ocrx_word' id='word_1_475' title='bbox 2544 3065 2822 3132; x_wconf 76' lang='lat' dir='ltr'><strong>generatio</strong></span> <span class='ocrx_word' id='word_1_476' title='bbox 2843 3063 3041 3118; x_wconf 88' lang='lat' dir='ltr'><strong>similis</strong></span> <span class='ocrx_word' id='word_1_477' title='bbox 3060 3073 3144 3116; x_wconf 88' lang='lat' dir='ltr'><strong>est</strong></span> <span class='ocrx_word' id='word_1_478' title='bbox 3166 3061 3293 3116; x_wconf 86' lang='lat' dir='ltr'><strong>huic</strong></span> <span class='ocrx_word' id='word_1_479' title='bbox 3315 3061 3606 3116; x_wconf 75' lang='lat' dir='ltr'><strong>humaan</strong></span> <span class='ocrx_word' id='word_1_480' title='bbox 3627 3075 3690 3113; x_wconf 92' lang='lat' dir='ltr'><strong>an</strong></span> <span class='ocrx_word' id='word_1_481' title='bbox 3708 3067 3832 3111; x_wconf 79' lang='lat' dir='ltr'><strong>certe</strong></span> 
     </span>
    </p>
   </div>
   <div class='ocr_carea' id='block_1_61' title="bbox 2286 3149 3832 3219">
    <p class='ocr_par' dir='ltr' id='par_1_61' title="bbox 2286 3149 3832 3219">
     <span class='ocr_line' id='line_1_61' title="bbox 2286 3149 3832 3219; baseline -0.006 -7"><span class='ocrx_word' id='word_1_482' title='bbox 2286 3159 2432 3212; x_wconf 88' lang='lat' dir='ltr'><strong>sicut</strong></span> <span class='ocrx_word' id='word_1_483' title='bbox 2461 3158 2551 3211; x_wconf 91' lang='lat' dir='ltr'><strong>hic</strong></span> <span class='ocrx_word' id='word_1_484' title='bbox 2579 3166 2665 3212; x_wconf 86' lang='lat' dir='ltr'><strong>est</strong></span> <span class='ocrx_word' id='word_1_485' title='bbox 2698 3157 2863 3211; x_wconf 90' lang='lat' dir='ltr'><strong>homo</strong></span> <span class='ocrx_word' id='word_1_486' title='bbox 2897 3154 2966 3209; x_wconf 86' lang='lat' dir='ltr'><strong>de</strong></span> <span class='ocrx_word' id='word_1_487' title='bbox 2996 3155 3239 3219; x_wconf 86' lang='lat' dir='ltr'><strong>homine,</strong></span> <span class='ocrx_word' id='word_1_488' title='bbox 3275 3162 3329 3209; x_wconf 86' lang='lat' dir='ltr'><strong>et</strong></span> <span class='ocrx_word' id='word_1_489' title='bbox 3363 3149 3832 3210; x_wconf 79' lang='lat' dir='ltr'><strong>consubstantiali:</strong></span> 
     </span>
    </p>
   </div>
   <div class='ocr_carea' id='block_1_62' title="bbox 591 3235 3838 3339">
    <p class='ocr_par' dir='ltr' id='par_1_62' title="bbox 591 3235 3838 3339">
     <span class='ocr_line' id='line_1_62' title="bbox 591 3235 3838 3339; baseline -0.006 -17"><span class='ocrx_word' id='word_1_490' title='bbox 591 3280 706 3324; x_wconf 92' lang='lat' dir='ltr'><strong>tum</strong></span> <span class='ocrx_word' id='word_1_491' title='bbox 738 3286 832 3338; x_wconf 91' lang='lat' dir='ltr'><strong>per</strong></span> <span class='ocrx_word' id='word_1_492' title='bbox 867 3270 994 3333; x_wconf 89' lang='lat' dir='ltr'><strong>hoc,</strong></span> <span class='ocrx_word' id='word_1_493' title='bbox 1029 3269 1301 3339; x_wconf 86' lang='lat' dir='ltr'><strong>reliquum</strong></span> <span class='ocrx_word' id='word_1_494' title='bbox 1330 3235 1600 3323; x_wconf 77' lang='lat' dir='ltr'><strong>incertum</strong></span> <span class='ocrx_word' id='word_1_495' title='bbox 1639 3274 1745 3324; x_wconf 88' lang='lat' dir='ltr'><strong>est.</strong></span> <span class='ocrx_word' id='word_1_496' title='bbox 1786 3266 1974 3336; x_wconf 86' lang='lat' dir='ltr'><strong>Neque</strong></span> <span class='ocrx_word' id='word_1_497' title='bbox 2004 3235 2175 3334; x_wconf 78' lang='lat' dir='ltr'><strong>igitur</strong></span> <span class='ocrx_word' id='word_1_498' title='bbox 2207 3235 2251 3292; x_wconf 63' lang='grc' dir='ltr'><strong>δ</strong></span> <span class='ocrx_word' id='word_1_499' title='bbox 2281 3248 2360 3303; x_wconf 51' lang='lat' dir='ltr'><strong>ita</strong></span> <span class='ocrx_word' id='word_1_500' title='bbox 2387 3248 2498 3303; x_wconf 67' lang='lat'><strong>“&quot;0</strong></span> <span class='ocrx_word' id='word_1_501' title='bbox 2521 3247 2765 3303; x_wconf 61' lang='lat' dir='ltr'><strong>Verbum</strong></span> <span class='ocrx_word' id='word_1_502' title='bbox 2790 3264 2854 3302; x_wconf 68' lang='lat' dir='ltr'><strong>ex</strong></span> <span class='ocrx_word' id='word_1_503' title='bbox 2879 3247 3039 3303; x_wconf 68' lang='lat' dir='ltr'><strong>Patre</strong></span> <span class='ocrx_word' id='word_1_504' title='bbox 3058 3257 3138 3303; x_wconf 68' lang='lat' dir='ltr'><strong>ea!</strong></span> <span class='ocrx_word' id='word_1_505' title='bbox 3163 3245 3838 3304; x_wconf 49' lang='lat' dir='ltr'><strong>consubstantialem”-</strong></span> 
     </span>
    </p>
   </div>
   <div class='ocr_carea' id='block_1_63' title="bbox 587 3357 2177 3430">
    <p class='ocr_par' dir='ltr' id='par_1_63' title="bbox 587 3357 2177 3430">
     <span class='ocr_line' id='line_1_63' title="bbox 587 3357 2177 3430; baseline -0.006 -13"><span class='ocrx_word' id='word_1_506' title='bbox 587 3379 656 3417; x_wconf 72' lang='grc' dir='ltr'>εχ</span> <span class='ocrx_word' id='word_1_507' title='bbox 693 3362 838 3417; x_wconf 88' lang='lat' dir='ltr'><strong>dicto</strong></span> <span class='ocrx_word' id='word_1_508' title='bbox 863 3362 1053 3425; x_wconf 88' lang='lat' dir='ltr'><strong>verbo,</strong></span> <span class='ocrx_word' id='word_1_509' title='bbox 1073 3375 1250 3430; x_wconf 79' lang='lat' dir='ltr'><strong>neque</strong></span> <span class='ocrx_word' id='word_1_510' title='bbox 1277 3375 1342 3414; x_wconf 81' lang='lat' dir='ltr'><strong>ex</strong></span> <span class='ocrx_word' id='word_1_511' title='bbox 1367 3360 1476 3413; x_wconf 89' lang='lat' dir='ltr'><strong>alio</strong></span> <span class='ocrx_word' id='word_1_512' title='bbox 1505 3367 1675 3413; x_wconf 82' lang='lat' dir='ltr'><strong>sacrae</strong></span> <span class='ocrx_word' id='word_1_513' title='bbox 1705 3357 2004 3424; x_wconf 73' lang='lat' dir='ltr'><strong>Scriptura:</strong></span> <span class='ocrx_word' id='word_1_514' title='bbox 2031 3370 2177 3411; x_wconf 87' lang='lat' dir='ltr'><strong>con-</strong></span> 
     </span>
    </p>
   </div>
   <div class='ocr_carea' id='block_1_64' title="bbox 589 3448 2179 3526">
    <p class='ocr_par' dir='ltr' id='par_1_64' title="bbox 589 3448 2179 3526">
     <span class='ocr_line' id='line_1_64' title="bbox 589 3448 2179 3526; baseline -0.008 -14"><span class='ocrx_word' id='word_1_515' title='bbox 589 3453 870 3521; x_wconf 78' lang='lat' dir='ltr'><strong>cluditur,</strong></span> <span class='ocrx_word' id='word_1_516' title='bbox 906 3454 1053 3526; x_wconf 90' lang='lat' dir='ltr'><strong>quod</strong></span> <span class='ocrx_word' id='word_1_517' title='bbox 1083 3469 1147 3508; x_wconf 82' lang='lat' dir='ltr'><strong>ex</strong></span> <span class='ocrx_word' id='word_1_518' title='bbox 1175 3453 1314 3508; x_wconf 89' lang='lat' dir='ltr'><strong>solo.</strong></span> <span class='ocrx_word' id='word_1_519' title='bbox 1348 3450 1489 3518; x_wconf 86' lang='lat' dir='ltr'><strong>Quia</strong></span> <span class='ocrx_word' id='word_1_520' title='bbox 1523 3467 1652 3506; x_wconf 87' lang='lat' dir='ltr'><strong>vero</strong></span> <span class='ocrx_word' id='word_1_521' title='bbox 1703 3460 1758 3506; x_wconf 90' lang='lat' dir='ltr'><strong>et</strong></span> <span class='ocrx_word' id='word_1_522' title='bbox 1791 3465 1856 3504; x_wconf 83' lang='lat' dir='ltr'><strong>ex</strong></span> <span class='ocrx_word' id='word_1_523' title='bbox 1893 3448 2036 3502; x_wconf 85' lang='lat' dir='ltr'><strong>Filio</strong></span> <span class='ocrx_word' id='word_1_524' title='bbox 2095 3453 2179 3501; x_wconf 86' lang='lat' dir='ltr'><strong>est</strong></span> 
     </span>
    </p>
   </div>
   <div class='ocr_carea' id='block_1_65' title="bbox 587 3542 2178 3620">
    <p class='ocr_par' dir='ltr' id='par_1_65' title="bbox 587 3542 2178 3620">
     <span class='ocr_line' id='line_1_65' title="bbox 587 3542 2178 3620; baseline -0.008 -14"><span class='ocrx_word' id='word_1_525' title='bbox 587 3549 848 3620; x_wconf 90' lang='lat' dir='ltr'><strong>Spiritus,</strong></span> <span class='ocrx_word' id='word_1_526' title='bbox 874 3548 1058 3603; x_wconf 86' lang='lat' dir='ltr'><strong>omnis</strong></span> <span class='ocrx_word' id='word_1_527' title='bbox 1085 3547 1356 3602; x_wconf 86' lang='lat' dir='ltr'><strong>divinitus</strong></span> <span class='ocrx_word' id='word_1_528' title='bbox 1389 3544 1656 3614; x_wconf 86' lang='lat' dir='ltr'><strong>inspirata</strong></span> <span class='ocrx_word' id='word_1_529' title='bbox 1689 3542 1970 3613; x_wconf 88' lang='lat' dir='ltr'><strong>Scriptura</strong></span> <span class='ocrx_word' id='word_1_530' title='bbox 2005 3549 2178 3596; x_wconf 87' lang='lat' dir='ltr'><strong>testa-</strong></span> 
     </span>
    </p>
   </div>
   <div class='ocr_carea' id='block_1_66' title="bbox 588 3636 1588 3713">
    <p class='ocr_par' dir='ltr' id='par_1_66' title="bbox 588 3636 1588 3713">
     <span class='ocr_line' id='line_1_66' title="bbox 588 3636 1588 3713; baseline -0.005 -16"><span class='ocrx_word' id='word_1_531' title='bbox 588 3654 697 3699; x_wconf 93' lang='lat' dir='ltr'><strong>tur.</strong></span> <span class='ocrx_word' id='word_1_532' title='bbox 717 3641 1095 3713; x_wconf 83' lang='lat' dir='ltr'><strong>Incipiendum</strong></span> <span class='ocrx_word' id='word_1_533' title='bbox 1127 3647 1310 3693; x_wconf 89' lang='lat' dir='ltr'><strong>autem</strong></span> <span class='ocrx_word' id='word_1_534' title='bbox 1345 3638 1418 3694; x_wconf 91' lang='lat' dir='ltr'><strong>sit</strong></span> <span class='ocrx_word' id='word_1_535' title='bbox 1441 3636 1588 3692; x_wconf 78' lang='lat' dir='ltr'><strong>inde.</strong></span> 
     </span>
    </p>
   </div>
   <div class='ocr_carea' id='block_1_67' title="bbox 1050 3732 1715 3801">
    <p class='ocr_par' dir='ltr' id='par_1_67' title="bbox 1050 3732 1715 3801">
     <span class='ocr_line' id='line_1_67' title="bbox 1050 3732 1715 3801; baseline -0.002 -17"><span class='ocrx_word' id='word_1_536' title='bbox 1050 3732 1433 3801; x_wconf 73' lang='lat' dir='ltr'><strong>Argumentum</strong></span> <span class='ocrx_word' id='word_1_537' title='bbox 1464 3733 1715 3797; x_wconf 86' lang='lat' dir='ltr'><strong>primum.</strong></span> 
     </span>
    </p>
   </div>
   <div class='ocr_carea' id='block_1_68' title="bbox 660 3817 2180 3896">
    <p class='ocr_par' dir='ltr' id='par_1_68' title="bbox 660 3817 2180 3896">
     <span class='ocr_line' id='line_1_68' title="bbox 660 3817 2180 3896; baseline -0.004 -16"><span class='ocrx_word' id='word_1_538' title='bbox 660 3827 738 3882; x_wconf 88' lang='lat' dir='ltr'><strong>De</strong></span> <span class='ocrx_word' id='word_1_539' title='bbox 772 3825 1021 3896; x_wconf 78' lang='lat' dir='ltr'><strong>ingenita</strong></span> <span class='ocrx_word' id='word_1_540' title='bbox 1051 3839 1308 3896; x_wconf 90' lang='lat' dir='ltr'><strong>persona,</strong></span> <span class='ocrx_word' id='word_1_541' title='bbox 1333 3823 1552 3877; x_wconf 89' lang='lat' dir='ltr'><strong>duabus</strong></span> <span class='ocrx_word' id='word_1_542' title='bbox 1575 3821 1827 3892; x_wconf 87' lang='lat' dir='ltr'><strong>personis</strong></span> <span class='ocrx_word' id='word_1_543' title='bbox 1849 3817 2180 3874; x_wconf 86' lang='lat' dir='ltr'><strong>habentibus</strong></span> 
     </span>
    </p>
   </div>
   <div class='ocr_carea' id='block_1_69' title="bbox 590 3913 2180 3992">
    <p class='ocr_par' dir='ltr' id='par_1_69' title="bbox 590 3913 2180 3992">
     <span class='ocr_line' id='line_1_69' title="bbox 590 3913 2180 3992; baseline -0.003 -20"><span class='ocrx_word' id='word_1_544' title='bbox 590 3932 734 3984; x_wconf 71' lang='lat' dir='ltr'><strong>esse,</strong></span> <span class='ocrx_word' id='word_1_545' title='bbox 787 3916 961 3986; x_wconf 81' lang='lat' dir='ltr'><strong>quaeri</strong></span> <span class='ocrx_word' id='word_1_546' title='bbox 993 3923 1174 3992; x_wconf 86' lang='lat' dir='ltr'><strong>potest</strong></span> <span class='ocrx_word' id='word_1_547' title='bbox 1205 3931 1219 3970; x_wconf 93' lang='lat'><strong>:</strong></span> <span class='ocrx_word' id='word_1_548' title='bbox 1258 3915 1518 3983; x_wconf 85' lang='lat' dir='ltr'><strong>quidnam</strong></span> <span class='ocrx_word' id='word_1_549' title='bbox 1547 3927 1728 3967; x_wconf 79' lang='lat' dir='ltr'><strong>causa:</strong></span> <span class='ocrx_word' id='word_1_550' title='bbox 1760 3920 1864 3976; x_wconf 88' lang='lat' dir='ltr'><strong>est,</strong></span> <span class='ocrx_word' id='word_1_551' title='bbox 1890 3913 2038 3980; x_wconf 79' lang='lat' dir='ltr'><strong>quod</strong></span> <span class='ocrx_word' id='word_1_552' title='bbox 2063 3913 2180 3982; x_wconf 86' lang='lat' dir='ltr'><strong>ipsa</strong></span> 
     </span>
    </p>
   </div>
   <div class='ocr_carea' id='block_1_70' title="bbox 589 4005 2182 4083">
    <p class='ocr_par' dir='ltr' id='par_1_70' title="bbox 589 4005 2182 4083">
     <span class='ocr_line' id='line_1_70' title="bbox 589 4005 2182 4083; baseline -0.003 -18"><span class='ocrx_word' id='word_1_553' title='bbox 589 4011 911 4083; x_wconf 79' lang='lat' dir='ltr'><strong>principalis</strong></span> <span class='ocrx_word' id='word_1_554' title='bbox 941 4023 1196 4079; x_wconf 79' lang='lat' dir='ltr'><strong>persona,</strong></span> <span class='ocrx_word' id='word_1_555' title='bbox 1231 4007 1286 4060; x_wconf 89' lang='lat' dir='ltr'><strong>in</strong></span> <span class='ocrx_word' id='word_1_556' title='bbox 1328 4014 1595 4079; x_wconf 89' lang='lat' dir='ltr'><strong>quantum</strong></span> <span class='ocrx_word' id='word_1_557' title='bbox 1632 4015 1716 4060; x_wconf 91' lang='grc' dir='ltr'><strong>εει</strong></span> <span class='ocrx_word' id='word_1_558' title='bbox 1764 4005 1980 4060; x_wconf 79' lang='lat' dir='ltr'><strong>auctrix</strong></span> <span class='ocrx_word' id='word_1_559' title='bbox 2015 4005 2182 4060; x_wconf 88' lang='lat' dir='ltr'><strong>unius</strong></span> 
     </span>
    </p>
   </div>
   <div class='ocr_carea' id='block_1_71' title="bbox 586 4096 2185 4173">
    <p class='ocr_par' dir='ltr' id='par_1_71' title="bbox 586 4096 2185 4173">
     <span class='ocr_line' id='line_1_71' title="bbox 586 4096 2185 4173; baseline -0.002 -17"><span class='ocrx_word' id='word_1_560' title='bbox 586 4102 1026 4173; x_wconf 71' lang='lat' dir='ltr'><strong>principatarum</strong></span> <span class='ocrx_word' id='word_1_561' title='bbox 1047 4096 1631 4168; x_wconf 88' lang='lat' dir='ltr'><strong>personarum,adepta</strong></span> <span class='ocrx_word' id='word_1_562' title='bbox 1651 4103 1732 4151; x_wconf 89' lang='lat' dir='ltr'><strong>est</strong></span> <span class='ocrx_word' id='word_1_563' title='bbox 1749 4098 2031 4166; x_wconf 89' lang='lat' dir='ltr'><strong>propriutn</strong></span> <span class='ocrx_word' id='word_1_564' title='bbox 2089 4113 2185 4154; x_wconf 86' lang='lat' dir='ltr'><strong>no-</strong></span> 
     </span>
    </p>
   </div>
   <div class='ocr_carea' id='block_1_72' title="bbox 585 4189 2182 4266">
    <p class='ocr_par' dir='ltr' id='par_1_72' title="bbox 585 4189 2182 4266">
     <span class='ocr_line' id='line_1_72' title="bbox 585 4189 2182 4266; baseline 0.001 -23"><span class='ocrx_word' id='word_1_565' title='bbox 585 4209 740 4258; x_wconf 71' lang='lat' dir='ltr'><strong>:Illeli,</strong></span> <span class='ocrx_word' id='word_1_566' title='bbox 759 4201 814 4246; x_wconf 91' lang='lat' dir='ltr'><strong>et</strong></span> <span class='ocrx_word' id='word_1_567' title='bbox 844 4203 1068 4246; x_wconf 84' lang='lat' dir='ltr'><strong>vocatur</strong></span> <span class='ocrx_word' id='word_1_568' title='bbox 1094 4189 1161 4245; x_wconf 91' lang='lat' dir='ltr'><strong>ad</strong></span> <span class='ocrx_word' id='word_1_569' title='bbox 1193 4205 1312 4243; x_wconf 87' lang='lat' dir='ltr'><strong>eam</strong></span> <span class='ocrx_word' id='word_1_570' title='bbox 1339 4189 1500 4266; x_wconf 81' lang='lat' dir='ltr'><strong>Pater</strong></span> <span class='ocrx_word' id='word_1_571' title='bbox 1529 4206 1544 4256; x_wconf 88' lang='lat'><strong>;</strong></span> <span class='ocrx_word' id='word_1_572' title='bbox 1570 4189 1622 4242; x_wconf 93' lang='lat' dir='ltr'><strong>in</strong></span> <span class='ocrx_word' id='word_1_573' title='bbox 1651 4198 1914 4259; x_wconf 87' lang='lat' dir='ltr'><strong>quantum</strong></span> <span class='ocrx_word' id='word_1_574' title='bbox 1939 4201 2025 4245; x_wconf 86' lang='lat' dir='ltr'><strong>est</strong></span> <span class='ocrx_word' id='word_1_575' title='bbox 2053 4206 2182 4245; x_wconf 91' lang='lat' dir='ltr'><strong>vero</strong></span> 
     </span>
    </p>
   </div>
   <div class='ocr_carea' id='block_1_73' title="bbox 583 4281 2183 4356">
    <p class='ocr_par' dir='ltr' id='par_1_73' title="bbox 583 4281 2183 4356">
     <span class='ocr_line' id='line_1_73' title="bbox 583 4281 2183 4356; baseline -0.001 -19"><span class='ocrx_word' id='word_1_576' title='bbox 583 4283 920 4356; x_wconf 70' lang='lat' dir='ltr'><strong>principium</strong></span> <span class='ocrx_word' id='word_1_577' title='bbox 975 4281 1202 4336; x_wconf 86' lang='lat' dir='ltr'><strong>alterius</strong></span> <span class='ocrx_word' id='word_1_578' title='bbox 1239 4295 1512 4350; x_wconf 68' lang='lat' dir='ltr'><strong>personae,</strong></span> <span class='ocrx_word' id='word_1_579' title='bbox 1551 4281 1760 4334; x_wconf 88' lang='lat' dir='ltr'><strong>nullum</strong></span> <span class='ocrx_word' id='word_1_580' title='bbox 1798 4297 1999 4336; x_wconf 87' lang='lat' dir='ltr'><strong>nomen</strong></span> <span class='ocrx_word' id='word_1_581' title='bbox 2050 4298 2183 4337; x_wconf 88' lang='lat' dir='ltr'><strong>con-</strong></span> 
     </span>
    </p>
   </div>
   <div class='ocr_carea' id='block_1_74' title="bbox 580 4371 2183 4444">
    <p class='ocr_par' dir='ltr' id='par_1_74' title="bbox 580 4371 2183 4444">
     <span class='ocr_line' id='line_1_74' title="bbox 580 4371 2183 4444; baseline 0.002 -18"><span class='ocrx_word' id='word_1_582' title='bbox 580 4388 776 4432; x_wconf 85' lang='lat' dir='ltr'><strong>secuta</strong></span> <span class='ocrx_word' id='word_1_583' title='bbox 816 4386 920 4440; x_wconf 87' lang='lat' dir='ltr'><strong>est,</strong></span> <span class='ocrx_word' id='word_1_584' title='bbox 957 4371 1416 4444; x_wconf 83' lang='lat' dir='ltr'><strong>quemadmodum</strong></span> <span class='ocrx_word' id='word_1_585' title='bbox 1454 4374 1805 4444; x_wconf 87' lang='lat' dir='ltr'><strong>postmodum</strong></span> <span class='ocrx_word' id='word_1_586' title='bbox 1845 4373 2183 4444; x_wconf 80' lang='lat' dir='ltr'><strong>expositores</strong></span> 
     </span>
    </p>
   </div>
   <div class='ocr_carea' id='block_1_75' title="bbox 588 4465 2178 4536">
    <p class='ocr_par' dir='ltr' id='par_1_75' title="bbox 588 4465 2178 4536">
     <span class='ocr_line' id='line_1_75' title="bbox 588 4465 2178 4536; baseline -0.002 -12"><span class='ocrx_word' id='word_1_587' title='bbox 588 4469 1020 4524; x_wconf 84' lang='lat' dir='ltr'><strong>nominaverunt</strong></span> <span class='ocrx_word' id='word_1_588' title='bbox 1055 4465 1295 4527; x_wconf 86' lang='lat' dir='ltr'><strong>Patrem,</strong></span> <span class='ocrx_word' id='word_1_589' title='bbox 1334 4467 1666 4535; x_wconf 89' lang='lat' dir='ltr'><strong>spiratorem</strong></span> <span class='ocrx_word' id='word_1_590' title='bbox 1699 4469 1876 4522; x_wconf 86' lang='lat' dir='ltr'><strong>sancti</strong></span> <span class='ocrx_word' id='word_1_591' title='bbox 1919 4466 2178 4536; x_wconf 88' lang='lat' dir='ltr'><strong>Spiritus.</strong></span> 
     </span>
    </p>
   </div>
   <div class='ocr_carea' id='block_1_76' title="bbox 513 4559 2178 4634">
    <p class='ocr_par' dir='ltr' id='par_1_76' title="bbox 513 4559 2178 4634">
     <span class='ocr_line' id='line_1_76' title="bbox 513 4559 2178 4634; baseline -0.002 -19"><span class='ocrx_word' id='word_1_592' title='bbox 513 4611 517 4615; x_wconf 88' lang='lat'><strong>.</strong></span> <span class='ocrx_word' id='word_1_593' title='bbox 589 4561 713 4634; x_wconf 81' lang='lat' dir='ltr'><strong>ipsa</strong></span> <span class='ocrx_word' id='word_1_594' title='bbox 742 4576 867 4615; x_wconf 91' lang='lat' dir='ltr'><strong>vero</strong></span> <span class='ocrx_word' id='word_1_595' title='bbox 898 4575 1056 4616; x_wconf 91' lang='lat' dir='ltr'><strong>sacra</strong></span> <span class='ocrx_word' id='word_1_596' title='bbox 1089 4559 1378 4629; x_wconf 87' lang='lat' dir='ltr'><strong>Scriptura</strong></span> <span class='ocrx_word' id='word_1_597' title='bbox 1407 4559 1622 4614; x_wconf 88' lang='lat' dir='ltr'><strong>nullum</strong></span> <span class='ocrx_word' id='word_1_598' title='bbox 1660 4573 1860 4614; x_wconf 91' lang='lat' dir='ltr'><strong>nomen</strong></span> <span class='ocrx_word' id='word_1_599' title='bbox 1896 4561 2178 4628; x_wconf 84' lang='lat' dir='ltr'><strong>exposuit,</strong></span> 
     </span>
    </p>
   </div>
   <div class='ocr_carea' id='block_1_77' title="bbox 590 4648 2212 4722">
    <p class='ocr_par' dir='ltr' id='par_1_77' title="bbox 590 4648 2212 4722">
     <span class='ocr_line' id='line_1_77' title="bbox 590 4648 2212 4722; baseline 0 -18"><span class='ocrx_word' id='word_1_600' title='bbox 590 4667 703 4722; x_wconf 87' lang='lat' dir='ltr'><strong>quo</strong></span> <span class='ocrx_word' id='word_1_601' title='bbox 725 4661 970 4721; x_wconf 81' lang='lat' dir='ltr'><strong>oporteat</strong></span> <span class='ocrx_word' id='word_1_602' title='bbox 999 4650 1216 4706; x_wconf 83' lang='lat' dir='ltr'><strong>Patrem</strong></span> <span class='ocrx_word' id='word_1_603' title='bbox 1241 4653 1496 4721; x_wconf 84' lang='lat' dir='ltr'><strong>respectu</strong></span> <span class='ocrx_word' id='word_1_604' title='bbox 1525 4648 1766 4719; x_wconf 75' lang='lat' dir='ltr'><strong>Spil&#39;ilils</strong></span> <span class='ocrx_word' id='word_1_605' title='bbox 1795 4649 2078 4720; x_wconf 85' lang='lat' dir='ltr'><strong>appellari.</strong></span> <span class='ocrx_word' id='word_1_606' title='bbox 2119 4651 2212 4704; x_wconf 44' lang='lat' dir='ltr'><strong>Et‘</strong></span> 
     </span>
    </p>
   </div>
   <div class='ocr_carea' id='block_1_78' title="bbox 591 4739 2182 4812">
    <p class='ocr_par' dir='ltr' id='par_1_78' title="bbox 591 4739 2182 4812">
     <span class='ocr_line' id='line_1_78' title="bbox 591 4739 2182 4812; baseline -0.002 -16"><span class='ocrx_word' id='word_1_607' title='bbox 591 4758 703 4798; x_wconf 92' lang='lat' dir='ltr'><strong>non</strong></span> <span class='ocrx_word' id='word_1_608' title='bbox 739 4744 841 4795; x_wconf 92' lang='lat' dir='ltr'><strong>hoc</strong></span> <span class='ocrx_word' id='word_1_609' title='bbox 869 4756 1081 4812; x_wconf 70' lang='lat' dir='ltr'><strong>qumro,</strong></span> <span class='ocrx_word' id='word_1_610' title='bbox 1134 4750 1320 4795; x_wconf 91' lang='lat' dir='ltr'><strong>utrum</strong></span> <span class='ocrx_word' id='word_1_611' title='bbox 1356 4739 1466 4794; x_wconf 91' lang='lat' dir='ltr'><strong>alio</strong></span> <span class='ocrx_word' id='word_1_612' title='bbox 1499 4741 1661 4794; x_wconf 91' lang='lat' dir='ltr'><strong>modo</strong></span> <span class='ocrx_word' id='word_1_613' title='bbox 1713 4739 1912 4794; x_wconf 86' lang='lat' dir='ltr'><strong>habeat</strong></span> <span class='ocrx_word' id='word_1_614' title='bbox 1947 4739 2182 4796; x_wconf 85' lang='lat' dir='ltr'><strong>Verbum</strong></span> 
     </span>
    </p>
   </div>
   <div class='ocr_carea' id='block_1_79' title="bbox 590 4831 2180 4906">
    <p class='ocr_par' dir='ltr' id='par_1_79' title="bbox 590 4831 2180 4906">
     <span class='ocr_line' id='line_1_79' title="bbox 590 4831 2180 4906; baseline -0.001 -16"><span class='ocrx_word' id='word_1_615' title='bbox 590 4851 718 4890; x_wconf 84' lang='lat' dir='ltr'><strong>esse</strong></span> <span class='ocrx_word' id='word_1_616' title='bbox 749 4838 816 4888; x_wconf 91' lang='lat' dir='ltr'><strong>dc</strong></span> <span class='ocrx_word' id='word_1_617' title='bbox 847 4833 1089 4906; x_wconf 75' lang='lat' dir='ltr'><strong>ingenita</strong></span> <span class='ocrx_word' id='word_1_618' title='bbox 1126 4848 1384 4902; x_wconf 89' lang='lat' dir='ltr'><strong>persona,</strong></span> <span class='ocrx_word' id='word_1_619' title='bbox 1415 4831 1526 4891; x_wconf 91' lang='lat' dir='ltr'><strong>alio</strong></span> <span class='ocrx_word' id='word_1_620' title='bbox 1557 4847 1689 4886; x_wconf 91' lang='lat' dir='ltr'><strong>vero</strong></span> <span class='ocrx_word' id='word_1_621' title='bbox 1724 4831 1968 4902; x_wconf 84' lang='lat' dir='ltr'><strong>Spiritus</strong></span> <span class='ocrx_word' id='word_1_622' title='bbox 1999 4849 2015 4900; x_wconf 89' lang='lat'><strong>;</strong></span> <span class='ocrx_word' id='word_1_623' title='bbox 2057 4851 2180 4888; x_wconf 89' lang='lat' dir='ltr'><strong>nam</strong></span> 
     </span>
    </p>
   </div>
   <div class='ocr_carea' id='block_1_80' title="bbox 589 4925 2186 4996">
    <p class='ocr_par' dir='ltr' id='par_1_80' title="bbox 589 4925 2186 4996">
     <span class='ocr_line' id='line_1_80' title="bbox 589 4925 2186 4996; baseline -0.001 -14"><span class='ocrx_word' id='word_1_624' title='bbox 589 4939 642 4982; x_wconf 92' lang='lat' dir='ltr'><strong>ct</strong></span> <span class='ocrx_word' id='word_1_625' title='bbox 688 4927 1031 4982; x_wconf 80' lang='lat' dir='ltr'><strong>dilIerentetn</strong></span> <span class='ocrx_word' id='word_1_626' title='bbox 1063 4941 1188 4981; x_wconf 86' lang='lat' dir='ltr'><strong>esse</strong></span> <span class='ocrx_word' id='word_1_627' title='bbox 1223 4925 1475 4992; x_wconf 85' lang='lat' dir='ltr'><strong>modum,</strong></span> <span class='ocrx_word' id='word_1_628' title='bbox 1499 4933 1599 4995; x_wconf 87' lang='lat' dir='ltr'><strong>per</strong></span> <span class='ocrx_word' id='word_1_629' title='bbox 1631 4937 1793 4994; x_wconf 89' lang='lat' dir='ltr'><strong>quem</strong></span> <span class='ocrx_word' id='word_1_630' title='bbox 1831 4935 2056 4996; x_wconf 90' lang='lat' dir='ltr'><strong>uterque</strong></span> <span class='ocrx_word' id='word_1_631' title='bbox 2091 4927 2186 4980; x_wconf 90' lang='lat' dir='ltr'><strong>ha-</strong></span> 
     </span>
    </p>
   </div>
   <div class='ocr_carea' id='block_1_81' title="bbox 593 5011 2180 5088">
    <p class='ocr_par' dir='ltr' id='par_1_81' title="bbox 593 5011 2180 5088">
     <span class='ocr_line' id='line_1_81' title="bbox 593 5011 2180 5088; baseline -0.002 -14"><span class='ocrx_word' id='word_1_632' title='bbox 593 5023 681 5074; x_wconf 83' lang='lat' dir='ltr'><strong>bet</strong></span> <span class='ocrx_word' id='word_1_633' title='bbox 703 5035 845 5084; x_wconf 87' lang='lat' dir='ltr'><strong>esse,</strong></span> <span class='ocrx_word' id='word_1_634' title='bbox 880 5035 948 5074; x_wconf 77' lang='lat' dir='ltr'><strong>ex</strong></span> <span class='ocrx_word' id='word_1_635' title='bbox 980 5017 1263 5074; x_wconf 87' lang='lat' dir='ltr'><strong>communi</strong></span> <span class='ocrx_word' id='word_1_636' title='bbox 1302 5015 1572 5087; x_wconf 90' lang='lat' dir='ltr'><strong>principio</strong></span> <span class='ocrx_word' id='word_1_637' title='bbox 1607 5017 1793 5070; x_wconf 77' lang='lat' dir='ltr'><strong>credo.</strong></span> <span class='ocrx_word' id='word_1_638' title='bbox 1828 5017 1893 5071; x_wconf 87' lang='lat' dir='ltr'><strong>Et</strong></span> <span class='ocrx_word' id='word_1_639' title='bbox 1923 5011 2054 5088; x_wconf 82' lang='lat' dir='ltr'><strong>quid</strong></span> <span class='ocrx_word' id='word_1_640' title='bbox 2098 5019 2180 5072; x_wconf 89' lang='lat' dir='ltr'><strong>in-</strong></span> 
     </span>
    </p>
   </div>
   <div class='ocr_carea' id='block_1_82' title="bbox 591 5109 2181 5180">
    <p class='ocr_par' dir='ltr' id='par_1_82' title="bbox 591 5109 2181 5180">
     <span class='ocr_line' id='line_1_82' title="bbox 591 5109 2181 5180; baseline -0.002 -12"><span class='ocrx_word' id='word_1_641' title='bbox 591 5122 760 5168; x_wconf 85' lang='lat' dir='ltr'><strong>terest</strong></span> <span class='ocrx_word' id='word_1_642' title='bbox 791 5111 933 5168; x_wconf 90' lang='lat' dir='ltr'><strong>inter</strong></span> <span class='ocrx_word' id='word_1_643' title='bbox 966 5111 1108 5166; x_wconf 89' lang='lat' dir='ltr'><strong>duos</strong></span> <span class='ocrx_word' id='word_1_644' title='bbox 1129 5110 1232 5166; x_wconf 89' lang='lat' dir='ltr'><strong>hos</strong></span> <span class='ocrx_word' id='word_1_645' title='bbox 1267 5109 1481 5174; x_wconf 87' lang='lat' dir='ltr'><strong>modos,</strong></span> <span class='ocrx_word' id='word_1_646' title='bbox 1518 5109 1768 5180; x_wconf 75' lang='lat' dir='ltr'><strong>ignotum</strong></span> <span class='ocrx_word' id='word_1_647' title='bbox 1800 5126 1922 5166; x_wconf 86' lang='lat' dir='ltr'><strong>esse</strong></span> <span class='ocrx_word' id='word_1_648' title='bbox 1944 5110 2181 5166; x_wconf 76' lang='lat' dir='ltr'><strong>hornini-</strong></span> 
     </span>
    </p>
   </div>
   <div class='ocr_carea' id='block_1_83' title="bbox 590 5201 2182 5274">
    <p class='ocr_par' dir='ltr' id='par_1_83' title="bbox 590 5201 2182 5274">
     <span class='ocr_line' id='line_1_83' title="bbox 590 5201 2182 5274; baseline -0.002 -14"><span class='ocrx_word' id='word_1_649' title='bbox 590 5205 695 5260; x_wconf 82' lang='lat' dir='ltr'><strong>bus</strong></span> <span class='ocrx_word' id='word_1_650' title='bbox 731 5203 956 5260; x_wconf 88' lang='lat' dir='ltr'><strong>minime</strong></span> <span class='ocrx_word' id='word_1_651' title='bbox 973 5201 1188 5258; x_wconf 90' lang='lat' dir='ltr'><strong>dubito.</strong></span> <span class='ocrx_word' id='word_1_652' title='bbox 1219 5201 1324 5256; x_wconf 87' lang='lat' dir='ltr'><strong>Sed</strong></span> <span class='ocrx_word' id='word_1_653' title='bbox 1351 5203 1484 5257; x_wconf 89' lang='lat' dir='ltr'><strong>illud</strong></span> <span class='ocrx_word' id='word_1_654' title='bbox 1508 5220 1730 5274; x_wconf 74' lang='lat' dir='ltr'><strong>quaero:</strong></span> <span class='ocrx_word' id='word_1_655' title='bbox 1761 5221 1858 5259; x_wconf 88' lang='lat' dir='ltr'><strong>cur</strong></span> <span class='ocrx_word' id='word_1_656' title='bbox 1892 5221 2035 5260; x_wconf 91' lang='lat' dir='ltr'><strong>unus</strong></span> <span class='ocrx_word' id='word_1_657' title='bbox 2061 5221 2182 5258; x_wconf 77' lang='lat' dir='ltr'><strong>uio--</strong></span> 
     </span>
    </p>
   </div>
   <div class='ocr_carea' id='block_1_84' title="bbox 553 5287 2178 5368">
    <p class='ocr_par' dir='ltr' id='par_1_84' title="bbox 553 5287 2178 5368">
     <span class='ocr_line' id='line_1_84' title="bbox 553 5287 2178 5368; baseline -0.001 -14"><span class='ocrx_word' id='word_1_658' title='bbox 553 5300 696 5356; x_wconf 67' lang='lat' dir='ltr'><strong>‘dus</strong></span> <span class='ocrx_word' id='word_1_659' title='bbox 734 5287 1188 5368; x_wconf 8' lang='lat' dir='ltr'><strong>habetispcciale</strong></span> <span class='ocrx_word' id='word_1_660' title='bbox 1234 5312 1459 5362; x_wconf 90' lang='lat' dir='ltr'><strong>nomen,</strong></span> <span class='ocrx_word' id='word_1_661' title='bbox 1495 5309 1549 5353; x_wconf 87' lang='lat' dir='ltr'><strong>et</strong></span> <span class='ocrx_word' id='word_1_662' title='bbox 1600 5308 1830 5354; x_wconf 85' lang='lat' dir='ltr'><strong>vocatur</strong></span> <span class='ocrx_word' id='word_1_663' title='bbox 1874 5299 2178 5355; x_wconf 86' lang='lat' dir='ltr'><strong>secundum</strong></span> 
     </span>
    </p>
   </div>
   <div class='ocr_carea' id='block_1_85' title="bbox 581 5383 2182 5476">
    <p class='ocr_par' dir='ltr' id='par_1_85' title="bbox 581 5383 2182 5476">
     <span class='ocr_line' id='line_1_85' title="bbox 581 5383 2182 5476; baseline 0.001 -33"><span class='ocrx_word' id='word_1_664' title='bbox 581 5392 774 5476; x_wconf 79' lang='lat' dir='ltr'><strong>ipsum</strong></span> <span class='ocrx_word' id='word_1_665' title='bbox 828 5388 1147 5461; x_wconf 87' lang='lat' dir='ltr'><strong>principalis</strong></span> <span class='ocrx_word' id='word_1_666' title='bbox 1179 5405 1410 5460; x_wconf 88' lang='lat' dir='ltr'><strong>persona</strong></span> <span class='ocrx_word' id='word_1_667' title='bbox 1465 5383 1666 5446; x_wconf 87' lang='lat' dir='ltr'><strong>Pater:</strong></span> <span class='ocrx_word' id='word_1_668' title='bbox 1699 5391 2002 5447; x_wconf 84' lang='lat' dir='ltr'><strong>secundum</strong></span> <span class='ocrx_word' id='word_1_669' title='bbox 2050 5407 2182 5446; x_wconf 88' lang='lat' dir='ltr'><strong>vero</strong></span> 
     </span>
    </p>
   </div>
   <div class='ocr_carea' id='block_1_86' title="bbox 578 5473 2178 5572">
    <p class='ocr_par' dir='ltr' id='par_1_86' title="bbox 578 5473 2178 5572">
     <span class='ocr_line' id='line_1_86' title="bbox 578 5473 2178 5572; baseline 0.001 -35"><span class='ocrx_word' id='word_1_670' title='bbox 578 5473 759 5572; x_wconf 62' lang='lat' dir='ltr'><strong>alium</strong></span> <span class='ocrx_word' id='word_1_671' title='bbox 793 5481 1041 5544; x_wconf 89' lang='lat' dir='ltr'><strong>modum.</strong></span> <span class='ocrx_word' id='word_1_672' title='bbox 1073 5499 1186 5554; x_wconf 92' lang='lat' dir='ltr'><strong>quo</strong></span> <span class='ocrx_word' id='word_1_673' title='bbox 1218 5494 1302 5539; x_wconf 88' lang='lat' dir='ltr'><strong>est</strong></span> <span class='ocrx_word' id='word_1_674' title='bbox 1332 5483 1523 5540; x_wconf 87' lang='lat' dir='ltr'><strong>eadem</strong></span> <span class='ocrx_word' id='word_1_675' title='bbox 1569 5499 1804 5556; x_wconf 90' lang='lat' dir='ltr'><strong>persona</strong></span> <span class='ocrx_word' id='word_1_676' title='bbox 1836 5482 2178 5568; x_wconf 76' lang='lat' dir='ltr'><strong>principium</strong></span> 
     </span>
    </p>
   </div>
   <div class='ocr_carea' id='block_1_87' title="bbox 582 5573 2176 5650">
    <p class='ocr_par' dir='ltr' id='par_1_87' title="bbox 582 5573 2176 5650">
     <span class='ocr_line' id='line_1_87' title="bbox 582 5573 2176 5650; baseline 0.001 -20"><span class='ocrx_word' id='word_1_677' title='bbox 582 5573 852 5646; x_wconf 77' lang='lat' dir='ltr'><strong>Spiritus.</strong></span> <span class='ocrx_word' id='word_1_678' title='bbox 885 5593 1081 5632; x_wconf 81' lang='lat' dir='ltr'><strong>nomen</strong></span> <span class='ocrx_word' id='word_1_679' title='bbox 1115 5578 1166 5634; x_wconf 92' lang='lat' dir='ltr'><strong>in</strong></span> <span class='ocrx_word' id='word_1_680' title='bbox 1200 5578 1484 5650; x_wconf 86' lang='lat' dir='ltr'><strong>Scriptura</strong></span> <span class='ocrx_word' id='word_1_681' title='bbox 1533 5595 1640 5633; x_wconf 90' lang='lat' dir='ltr'><strong>non</strong></span> <span class='ocrx_word' id='word_1_682' title='bbox 1677 5577 1806 5633; x_wconf 78' lang='lat' dir='ltr'><strong>est?</strong></span> <span class='ocrx_word' id='word_1_683' title='bbox 1840 5576 1955 5632; x_wconf 85' lang='lat' dir='ltr'><strong>Hoc</strong></span> <span class='ocrx_word' id='word_1_684' title='bbox 1992 5587 2176 5632; x_wconf 88' lang='lat' dir='ltr'><strong>autem</strong></span> 
     </span>
    </p>
   </div>
   <div class='ocr_carea' id='block_1_88' title="bbox 585 5668 2178 5742">
    <p class='ocr_par' dir='ltr' id='par_1_88' title="bbox 585 5668 2178 5742">
     <span class='ocr_line' id='line_1_88' title="bbox 585 5668 2178 5742; baseline 0.003 -22"><span class='ocrx_word' id='word_1_685' title='bbox 585 5668 853 5734; x_wconf 70' lang='lat' dir='ltr'><strong>arbitror,</strong></span> <span class='ocrx_word' id='word_1_686' title='bbox 901 5687 990 5724; x_wconf 89' lang='lat' dir='ltr'><strong>me</strong></span> <span class='ocrx_word' id='word_1_687' title='bbox 1021 5689 1128 5726; x_wconf 89' lang='lat' dir='ltr'><strong>non</strong></span> <span class='ocrx_word' id='word_1_688' title='bbox 1158 5672 1609 5728; x_wconf 86' lang='lat' dir='ltr'><strong>irrationabiliter</strong></span> <span class='ocrx_word' id='word_1_689' title='bbox 1656 5687 1923 5742; x_wconf 68' lang='lat' dir='ltr'><strong>quaerere.</strong></span> <span class='ocrx_word' id='word_1_690' title='bbox 1969 5671 2073 5726; x_wconf 86' lang='lat' dir='ltr'><strong>Sed</strong></span> <span class='ocrx_word' id='word_1_691' title='bbox 2113 5671 2178 5724; x_wconf 88' lang='lat' dir='ltr'><strong>ad</strong></span> 
     </span>
    </p>
   </div>
   <div class='ocr_carea' id='block_1_89' title="bbox 594 5759 2182 5838">
    <p class='ocr_par' dir='ltr' id='par_1_89' title="bbox 594 5759 2182 5838">
     <span class='ocr_line' id='line_1_89' title="bbox 594 5759 2182 5838; baseline 0.005 -28"><span class='ocrx_word' id='word_1_692' title='bbox 594 5759 722 5814; x_wconf 86' lang='lat' dir='ltr'><strong>illud</strong></span> <span class='ocrx_word' id='word_1_693' title='bbox 750 5765 1090 5832; x_wconf 87' lang='lat' dir='ltr'><strong>aspiciendo,</strong></span> <span class='ocrx_word' id='word_1_694' title='bbox 1117 5767 1262 5838; x_wconf 89' lang='lat' dir='ltr'><strong>quod</strong></span> <span class='ocrx_word' id='word_1_695' title='bbox 1285 5768 1428 5835; x_wconf 88' lang='lat' dir='ltr'><strong>apud</strong></span> <span class='ocrx_word' id='word_1_696' title='bbox 1465 5781 1569 5820; x_wconf 90' lang='lat' dir='ltr'><strong>nos</strong></span> <span class='ocrx_word' id='word_1_697' title='bbox 1598 5765 1779 5827; x_wconf 86' lang='lat' dir='ltr'><strong>Pater,</strong></span> <span class='ocrx_word' id='word_1_698' title='bbox 1806 5763 1999 5827; x_wconf 83' lang='lat' dir='ltr'><strong>Filius.</strong></span> <span class='ocrx_word' id='word_1_699' title='bbox 2022 5779 2182 5833; x_wconf 79' lang='lat' dir='ltr'><strong>gene-</strong></span> 
     </span>
    </p>
   </div>
   <div class='ocr_carea' id='block_1_90' title="bbox 593 5853 2181 5926">
    <p class='ocr_par' dir='ltr' id='par_1_90' title="bbox 593 5853 2181 5926">
     <span class='ocr_line' id='line_1_90' title="bbox 593 5853 2181 5926; baseline 0.006 -25"><span class='ocrx_word' id='word_1_700' title='bbox 593 5853 750 5916; x_wconf 83' lang='lat' dir='ltr'><strong>ratio,</strong></span> <span class='ocrx_word' id='word_1_701' title='bbox 776 5866 1184 5923; x_wconf 78' lang='lat' dir='ltr'><strong>gcncratnnt,et</strong></span> <span class='ocrx_word' id='word_1_702' title='bbox 1214 5858 1532 5926; x_wconf 74' lang='lat' dir='ltr'><strong>ItlijUSlliOdi</strong></span> <span class='ocrx_word' id='word_1_703' title='bbox 1558 5857 1779 5911; x_wconf 83' lang='lat' dir='ltr'><strong>nomina</strong></span> <span class='ocrx_word' id='word_1_704' title='bbox 1804 5857 2028 5926; x_wconf 85' lang='lat' dir='ltr'><strong>proprie</strong></span> <span class='ocrx_word' id='word_1_705' title='bbox 2061 5857 2181 5926; x_wconf 84' lang='lat' dir='ltr'><strong>qui-</strong></span> 
     </span>
    </p>
   </div>
   <div class='ocr_carea' id='block_1_91' title="bbox 2280 3338 3837 3407">
    <p class='ocr_par' dir='ltr' id='par_1_91' title="bbox 2280 3338 3837 3407">
     <span class='ocr_line' id='line_1_91' title="bbox 2280 3338 3837 3407; baseline -0.004 -10"><span class='ocrx_word' id='word_1_706' title='bbox 2280 3339 2668 3404; x_wconf 66' lang='lat' dir='ltr'><strong>su‘bstantiali,</strong></span> <span class='ocrx_word' id='word_1_707' title='bbox 2719 3349 2774 3395; x_wconf 89' lang='lat' dir='ltr'><strong>et</strong></span> <span class='ocrx_word' id='word_1_708' title='bbox 2805 3340 2948 3395; x_wconf 88' lang='lat' dir='ltr'><strong>Deus</strong></span> <span class='ocrx_word' id='word_1_709' title='bbox 2979 3344 3047 3394; x_wconf 90' lang='lat' dir='ltr'><strong>de</strong></span> <span class='ocrx_word' id='word_1_710' title='bbox 3081 3339 3190 3394; x_wconf 86' lang='lat' dir='ltr'><strong>Deo</strong></span> <span class='ocrx_word' id='word_1_711' title='bbox 3219 3340 3243 3392; x_wconf 78' lang='lat' dir='ltr'><strong>‘l</strong></span> <span class='ocrx_word' id='word_1_712' title='bbox 3279 3341 3350 3393; x_wconf 76' lang='lat' dir='ltr'><strong>At</strong></span> <span class='ocrx_word' id='word_1_713' title='bbox 3376 3351 3506 3394; x_wconf 78' lang='lat' dir='ltr'><strong>vero</strong></span> <span class='ocrx_word' id='word_1_714' title='bbox 3537 3347 3592 3393; x_wconf 88' lang='lat' dir='ltr'><strong>et</strong></span> <span class='ocrx_word' id='word_1_715' title='bbox 3622 3338 3837 3407; x_wconf 78' lang='lat' dir='ltr'><strong>Spiritus</strong></span> 
     </span>
    </p>
   </div>
   <div class='ocr_carea' id='block_1_92' title="bbox 2281 3431 3836 3502">
    <p class='ocr_par' dir='ltr' id='par_1_92' title="bbox 2281 3431 3836 3502">
     <span class='ocr_line' id='line_1_92' title="bbox 2281 3431 3836 3502; baseline -0.005 -13"><span class='ocrx_word' id='word_1_716' title='bbox 2281 3441 2512 3489; x_wconf 82' lang='lat' dir='ltr'><strong>sanctus</strong></span> <span class='ocrx_word' id='word_1_717' title='bbox 2541 3431 2594 3486; x_wconf 86' lang='lat' dir='ltr'><strong>id</strong></span> <span class='ocrx_word' id='word_1_718' title='bbox 2631 3431 2810 3502; x_wconf 85' lang='lat' dir='ltr'><strong>ipsum</strong></span> <span class='ocrx_word' id='word_1_719' title='bbox 2843 3433 2986 3487; x_wconf 83' lang='lat' dir='ltr'><strong>Deus</strong></span> <span class='ocrx_word' id='word_1_720' title='bbox 3013 3431 3082 3487; x_wconf 89' lang='lat' dir='ltr'><strong>de</strong></span> <span class='ocrx_word' id='word_1_721' title='bbox 3119 3431 3232 3487; x_wconf 87' lang='lat' dir='ltr'><strong>Deo</strong></span> <span class='ocrx_word' id='word_1_722' title='bbox 3263 3441 3369 3497; x_wconf 86' lang='lat' dir='ltr'><strong>est,</strong></span> <span class='ocrx_word' id='word_1_723' title='bbox 3400 3439 3455 3485; x_wconf 88' lang='lat' dir='ltr'><strong>et</strong></span> <span class='ocrx_word' id='word_1_724' title='bbox 3494 3431 3836 3486; x_wconf 82' lang='lat' dir='ltr'><strong>consubstan-</strong></span> 
     </span>
    </p>
   </div>
   <div class='ocr_carea' id='block_1_93' title="bbox 2289 3517 3838 3594">
    <p class='ocr_par' dir='ltr' id='par_1_93' title="bbox 2289 3517 3838 3594">
     <span class='ocr_line' id='line_1_93' title="bbox 2289 3517 3838 3594; baseline -0.005 -14"><span class='ocrx_word' id='word_1_725' title='bbox 2289 3524 2434 3580; x_wconf 89' lang='lat' dir='ltr'><strong>tialis</strong></span> <span class='ocrx_word' id='word_1_726' title='bbox 2467 3525 2537 3580; x_wconf 88' lang='lat' dir='ltr'><strong>de</strong></span> <span class='ocrx_word' id='word_1_727' title='bbox 2561 3517 3046 3581; x_wconf 76' lang='lat' dir='ltr'><strong>consubstantiali.‘</strong></span> <span class='ocrx_word' id='word_1_728' title='bbox 3069 3525 3216 3594; x_wconf 75' lang='lat' dir='ltr'><strong>Ergo</strong></span> <span class='ocrx_word' id='word_1_729' title='bbox 3243 3524 3299 3578; x_wconf 85' lang='lat' dir='ltr'><strong>in</strong></span> <span class='ocrx_word' id='word_1_730' title='bbox 3325 3537 3436 3593; x_wconf 82' lang='lat' dir='ltr'><strong>quo</strong></span> <span class='ocrx_word' id='word_1_731' title='bbox 3464 3523 3591 3578; x_wconf 85' lang='lat' dir='ltr'><strong>Filii</strong></span> <span class='ocrx_word' id='word_1_732' title='bbox 3621 3536 3838 3592; x_wconf 74' lang='lat' dir='ltr'><strong>genera-</strong></span> 
     </span>
    </p>
   </div>
   <div class='ocr_carea' id='block_1_94' title="bbox 2291 3615 3838 3686">
    <p class='ocr_par' dir='ltr' id='par_1_94' title="bbox 2291 3615 3838 3686">
     <span class='ocr_line' id='line_1_94' title="bbox 2291 3615 3838 3686; baseline -0.006 -12"><span class='ocrx_word' id='word_1_733' title='bbox 2291 3621 2367 3674; x_wconf 87' lang='lat' dir='ltr'><strong>tio</strong></span> <span class='ocrx_word' id='word_1_734' title='bbox 2413 3619 2612 3674; x_wconf 86' lang='lat' dir='ltr'><strong>similis</strong></span> <span class='ocrx_word' id='word_1_735' title='bbox 2639 3625 2724 3674; x_wconf 86' lang='lat' dir='ltr'><strong>est</strong></span> <span class='ocrx_word' id='word_1_736' title='bbox 2753 3618 3040 3672; x_wconf 87' lang='lat' dir='ltr'><strong>hominum</strong></span> <span class='ocrx_word' id='word_1_737' title='bbox 3074 3615 3416 3686; x_wconf 61' lang='lat' dir='ltr'><strong>senet-auerti</strong></span> <span class='ocrx_word' id='word_1_738' title='bbox 3441 3651 3458 3678; x_wconf 86' lang='lat'><strong>,</strong></span> <span class='ocrx_word' id='word_1_739' title='bbox 3487 3617 3545 3669; x_wconf 91' lang='lat' dir='ltr'><strong>in</strong></span> <span class='ocrx_word' id='word_1_740' title='bbox 3581 3615 3770 3670; x_wconf 84' lang='lat' dir='ltr'><strong>eodem</strong></span> <span class='ocrx_word' id='word_1_741' title='bbox 3795 3621 3838 3664; x_wconf 88' lang='lat' dir='ltr'><strong>et</strong></span> 
     </span>
    </p>
   </div>
   <div class='ocr_carea' id='block_1_95' title="bbox 2291 3706 3839 3782">
    <p class='ocr_par' dir='ltr' id='par_1_95' title="bbox 2291 3706 3839 3782">
     <span class='ocr_line' id='line_1_95' title="bbox 2291 3706 3839 3782; baseline -0.003 -18"><span class='ocrx_word' id='word_1_742' title='bbox 2291 3711 2534 3782; x_wconf 83' lang='lat' dir='ltr'><strong>Spiritus</strong></span> <span class='ocrx_word' id='word_1_743' title='bbox 2561 3711 2844 3781; x_wconf 86' lang='lat' dir='ltr'><strong>processio</strong></span> <span class='ocrx_word' id='word_1_744' title='bbox 2880 3709 3079 3764; x_wconf 86' lang='lat' dir='ltr'><strong>similis</strong></span> <span class='ocrx_word' id='word_1_745' title='bbox 3117 3717 3203 3764; x_wconf 83' lang='lat' dir='ltr'><strong>est</strong></span> <span class='ocrx_word' id='word_1_746' title='bbox 3243 3707 3444 3764; x_wconf 83' lang='lat' dir='ltr'><strong>cide.</strong></span> <span class='ocrx_word' id='word_1_747' title='bbox 3471 3706 3646 3778; x_wconf 64' lang='lat' dir='ltr'><strong>luis</strong></span> <span class='ocrx_word' id='word_1_748' title='bbox 3677 3714 3839 3764; x_wconf 66' lang='lat' dir='ltr'><strong>autem</strong></span> 
     </span>
    </p>
   </div>
   <div class='ocr_carea' id='block_1_96' title="bbox 2290 3799 3838 3886">
    <p class='ocr_par' dir='ltr' id='par_1_96' title="bbox 2290 3799 3838 3886">
     <span class='ocr_line' id='line_1_96' title="bbox 2290 3799 3838 3886; baseline -0.005 -29"><span class='ocrx_word' id='word_1_749' title='bbox 2290 3805 2345 3858; x_wconf 91' lang='lat' dir='ltr'><strong>in</strong></span> <span class='ocrx_word' id='word_1_750' title='bbox 2387 3803 2769 3886; x_wconf 36' lang='lat' dir='ltr'><strong>quo’Spirltus</strong></span> <span class='ocrx_word' id='word_1_751' title='bbox 2814 3802 3093 3872; x_wconf 82' lang='lat' dir='ltr'><strong>processio</strong></span> <span class='ocrx_word' id='word_1_752' title='bbox 3141 3799 3432 3856; x_wconf 24' lang='lat' dir='ltr'><strong>dissimilis.</strong></span> <span class='ocrx_word' id='word_1_753' title='bbox 3459 3809 3550 3856; x_wconf 84' lang='lat' dir='ltr'><strong>est</strong></span> <span class='ocrx_word' id='word_1_754' title='bbox 3583 3801 3838 3853; x_wconf 85' lang='lat' dir='ltr'><strong>hominum</strong></span> 
     </span>
    </p>
   </div>
   <div class='ocr_carea' id='block_1_97' title="bbox 2290 3891 3840 3970">
    <p class='ocr_par' dir='ltr' id='par_1_97' title="bbox 2290 3891 3840 3970">
     <span class='ocr_line' id='line_1_97' title="bbox 2290 3891 3840 3970; baseline -0.005 -18"><span class='ocrx_word' id='word_1_755' title='bbox 2290 3897 2628 3970; x_wconf 76' lang='lat' dir='ltr'><strong>generationi</strong></span> <span class='ocrx_word' id='word_1_756' title='bbox 2659 3902 2686 3965; x_wconf 62' lang='grc' dir='ltr'>,ί</span> <span class='ocrx_word' id='word_1_757' title='bbox 2709 3897 2761 3950; x_wconf 93' lang='lat' dir='ltr'><strong>in</strong></span> <span class='ocrx_word' id='word_1_758' title='bbox 2797 3897 2989 3952; x_wconf 88' lang='lat' dir='ltr'><strong>eodem</strong></span> <span class='ocrx_word' id='word_1_759' title='bbox 3022 3905 3077 3950; x_wconf 86' lang='lat' dir='ltr'><strong>et</strong></span> <span class='ocrx_word' id='word_1_760' title='bbox 3108 3893 3230 3949; x_wconf 82' lang='lat' dir='ltr'><strong>Filii</strong></span> <span class='ocrx_word' id='word_1_761' title='bbox 3269 3895 3548 3964; x_wconf 75' lang='lat' dir='ltr'><strong>generatio</strong></span> <span class='ocrx_word' id='word_1_762' title='bbox 3581 3891 3840 3948; x_wconf 87' lang='lat' dir='ltr'><strong>dissiilis</strong></span> 
     </span>
    </p>
   </div>
   <div class='ocr_carea' id='block_1_98' title="bbox 2289 3977 3839 4057">
    <p class='ocr_par' dir='ltr' id='par_1_98' title="bbox 2289 3977 3839 4057">
     <span class='ocr_line' id='line_1_98' title="bbox 2289 3977 3839 4057; baseline -0.005 -13"><span class='ocrx_word' id='word_1_763' title='bbox 2289 4000 2375 4044; x_wconf 89' lang='grc' dir='ltr'><strong>εει</strong></span> <span class='ocrx_word' id='word_1_764' title='bbox 2408 3989 2586 4044; x_wconf 82' lang='lat' dir='ltr'><strong>eidem</strong></span> <span class='ocrx_word' id='word_1_765' title='bbox 2615 4029 2630 4055; x_wconf 94' lang='lat'><strong>,</strong></span> <span class='ocrx_word' id='word_1_766' title='bbox 2663 4001 2980 4057; x_wconf 86' lang='lat' dir='ltr'><strong>quanquam</strong></span> <span class='ocrx_word' id='word_1_767' title='bbox 3011 3987 3156 4042; x_wconf 86' lang='lat' dir='ltr'><strong>inter</strong></span> <span class='ocrx_word' id='word_1_768' title='bbox 3199 3997 3261 4043; x_wconf 81' lang='lat' dir='ltr'><strong>se</strong></span> <span class='ocrx_word' id='word_1_769' title='bbox 3283 3977 3839 4043; x_wconf 52' lang='lat' dir='ltr'><strong>‘diﬂ’e’l‘t‘tﬂeﬂlﬂtﬂ.</strong></span> 
     </span>
    </p>
   </div>
   <div class='ocr_carea' id='block_1_99' title="bbox 2289 4076 3840 4151">
    <p class='ocr_par' dir='ltr' id='par_1_99' title="bbox 2289 4076 3840 4151">
     <span class='ocr_line' id='line_1_99' title="bbox 2289 4076 3840 4151; baseline -0.004 -15"><span class='ocrx_word' id='word_1_770' title='bbox 2289 4079 2404 4136; x_wconf 88' lang='lat' dir='ltr'><strong>Cur</strong></span> <span class='ocrx_word' id='word_1_771' title='bbox 2433 4095 2564 4151; x_wconf 80' lang='lat' dir='ltr'><strong>ergo</strong></span> <span class='ocrx_word' id='word_1_772' title='bbox 2597 4079 2746 4136; x_wconf 92' lang='lat' dir='ltr'><strong>illius</strong></span> <span class='ocrx_word' id='word_1_773' title='bbox 2774 4081 2979 4136; x_wconf 88' lang='lat' dir='ltr'><strong>dicitur</strong></span> <span class='ocrx_word' id='word_1_774' title='bbox 3003 4080 3188 4144; x_wconf 88' lang='lat' dir='ltr'><strong>Pater,</strong></span> <span class='ocrx_word' id='word_1_775' title='bbox 3219 4079 3378 4133; x_wconf 89' lang='lat' dir='ltr'><strong>istius</strong></span> <span class='ocrx_word' id='word_1_776' title='bbox 3407 4091 3539 4133; x_wconf 86' lang='lat' dir='ltr'><strong>vero</strong></span> <span class='ocrx_word' id='word_1_777' title='bbox 3576 4077 3706 4132; x_wconf 90' lang='lat' dir='ltr'><strong>nihil</strong></span> <span class='ocrx_word' id='word_1_778' title='bbox 3731 4076 3754 4131; x_wconf 75' lang='grc'><strong>1</strong></span> <span class='ocrx_word' id='word_1_779' title='bbox 3781 4089 3840 4130; x_wconf 75' lang='lat' dir='ltr'><strong>ut</strong></span> 
     </span>
    </p>
   </div>
   <div class='ocr_carea' id='block_1_100' title="bbox 2289 4171 3840 4243">
    <p class='ocr_par' dir='ltr' id='par_1_100' title="bbox 2289 4171 3840 4243">
     <span class='ocr_line' id='line_1_100' title="bbox 2289 4171 3840 4243; baseline -0.004 -16"><span class='ocrx_word' id='word_1_780' title='bbox 2289 4183 2439 4228; x_wconf 90' lang='lat' dir='ltr'><strong>certe</strong></span> <span class='ocrx_word' id='word_1_781' title='bbox 2451 4173 2714 4243; x_wconf 87' lang='lat' dir='ltr'><strong>quoniam</strong></span> <span class='ocrx_word' id='word_1_782' title='bbox 2734 4173 2971 4242; x_wconf 79' lang='lat' dir='ltr'><strong>ingenita</strong></span> <span class='ocrx_word' id='word_1_783' title='bbox 2995 4183 3234 4242; x_wconf 85' lang='lat' dir='ltr'><strong>persona</strong></span> <span class='ocrx_word' id='word_1_784' title='bbox 3247 4171 3482 4226; x_wconf 68' lang='lat' dir='ltr'><strong>duarum</strong></span> <span class='ocrx_word' id='word_1_785' title='bbox 3499 4179 3840 4240; x_wconf 71' lang='lat' dir='ltr'><strong>personarum</strong></span> 
     </span>
    </p>
   </div>
   <div class='ocr_carea' id='block_1_101' title="bbox 2289 4262 3840 4334">
    <p class='ocr_par' dir='ltr' id='par_1_101' title="bbox 2289 4262 3840 4334">
     <span class='ocr_line' id='line_1_101' title="bbox 2289 4262 3840 4334; baseline -0.005 -13"><span class='ocrx_word' id='word_1_786' title='bbox 2289 4265 2562 4321; x_wconf 78' lang='lat' dir='ltr'><strong>exsistens</strong></span> <span class='ocrx_word' id='word_1_787' title='bbox 2592 4265 2944 4334; x_wconf 87' lang='lat' dir='ltr'><strong>principium,</strong></span> <span class='ocrx_word' id='word_1_788' title='bbox 2987 4265 3155 4319; x_wconf 86' lang='lat' dir='ltr'><strong>unius</strong></span> <span class='ocrx_word' id='word_1_789' title='bbox 3183 4271 3269 4318; x_wconf 81' lang='lat' dir='ltr'><strong>est</strong></span> <span class='ocrx_word' id='word_1_790' title='bbox 3293 4263 3438 4328; x_wconf 74' lang='lat' dir='ltr'><strong>sola,</strong></span> <span class='ocrx_word' id='word_1_791' title='bbox 3475 4262 3698 4316; x_wconf 83' lang='lat' dir='ltr'><strong>alterius</strong></span> <span class='ocrx_word' id='word_1_792' title='bbox 3725 4273 3840 4315; x_wconf 77' lang='lat' dir='ltr'><strong>vero</strong></span> 
     </span>
    </p>
   </div>
   <div class='ocr_carea' id='block_1_102' title="bbox 2290 4352 3842 4427">
    <p class='ocr_par' dir='ltr' id='par_1_102' title="bbox 2290 4352 3842 4427">
     <span class='ocr_line' id='line_1_102' title="bbox 2290 4352 3842 4427; baseline -0.004 -15"><span class='ocrx_word' id='word_1_793' title='bbox 2290 4373 2399 4412; x_wconf 91' lang='lat' dir='ltr'><strong>non</strong></span> <span class='ocrx_word' id='word_1_794' title='bbox 2441 4356 2596 4423; x_wconf 80' lang='lat' dir='ltr'><strong>sola?</strong></span> <span class='ocrx_word' id='word_1_795' title='bbox 2625 4358 2748 4412; x_wconf 89' lang='lat' dir='ltr'><strong>ideo</strong></span> <span class='ocrx_word' id='word_1_796' title='bbox 2781 4357 2940 4425; x_wconf 88' lang='lat' dir='ltr'><strong>cujus</strong></span> <span class='ocrx_word' id='word_1_797' title='bbox 2973 4356 3197 4427; x_wconf 84' lang='lat' dir='ltr'><strong>quldem</strong></span> <span class='ocrx_word' id='word_1_798' title='bbox 3233 4356 3353 4412; x_wconf 81' lang='lat' dir='ltr'><strong>sola</strong></span> <span class='ocrx_word' id='word_1_799' title='bbox 3388 4355 3504 4426; x_wconf 76' lang='lat' dir='ltr'><strong>ipsa</strong></span> <span class='ocrx_word' id='word_1_800' title='bbox 3548 4367 3633 4412; x_wconf 88' lang='lat' dir='ltr'><strong>est</strong></span> <span class='ocrx_word' id='word_1_801' title='bbox 3665 4352 3842 4424; x_wconf 87' lang='lat' dir='ltr'><strong>princi-</strong></span> 
     </span>
    </p>
   </div>
   <div class='ocr_carea' id='block_1_103' title="bbox 2290 4439 3840 4520">
    <p class='ocr_par' dir='ltr' id='par_1_103' title="bbox 2290 4439 3840 4520">
     <span class='ocr_line' id='line_1_103' title="bbox 2290 4439 3840 4520; baseline -0.002 -16"><span class='ocrx_word' id='word_1_802' title='bbox 2290 4439 2472 4519; x_wconf 62' lang='lat' dir='ltr'><strong>pium,</strong></span> <span class='ocrx_word' id='word_1_803' title='bbox 2485 4450 2553 4504; x_wconf 88' lang='lat' dir='ltr'><strong>ad</strong></span> <span class='ocrx_word' id='word_1_804' title='bbox 2583 4449 2730 4504; x_wconf 85' lang='lat' dir='ltr'><strong>iliatn</strong></span> <span class='ocrx_word' id='word_1_805' title='bbox 2758 4449 2924 4505; x_wconf 79' lang='lat' dir='ltr'><strong>habet</strong></span> <span class='ocrx_word' id='word_1_806' title='bbox 2951 4448 3326 4520; x_wconf 80' lang='lat' dir='ltr'><strong>s&#39;pecilicatum</strong></span> <span class='ocrx_word' id='word_1_807' title='bbox 3351 4447 3578 4520; x_wconf 57' lang='lat' dir='ltr'><strong>nomen,</strong></span> <span class='ocrx_word' id='word_1_808' title='bbox 3602 4464 3695 4519; x_wconf 89' lang='lat' dir='ltr'><strong>per</strong></span> <span class='ocrx_word' id='word_1_809' title='bbox 3715 4445 3840 4518; x_wconf 91' lang='lat' dir='ltr'><strong>quod</strong></span> 
     </span>
    </p>
   </div>
   <div class='ocr_carea' id='block_1_104' title="bbox 2291 4517 3840 4608">
    <p class='ocr_par' dir='ltr' id='par_1_104' title="bbox 2291 4517 3840 4608">
     <span class='ocr_line' id='line_1_104' title="bbox 2291 4517 3840 4608; baseline -0.005 -13"><span class='ocrx_word' id='word_1_810' title='bbox 2291 4541 2531 4595; x_wconf 82' lang='lat' dir='ltr'><strong>maxime</strong></span> <span class='ocrx_word' id='word_1_811' title='bbox 2582 4517 3126 4595; x_wconf 72' lang='lat' dir='ltr'><strong>consubstantialims</strong></span> <span class='ocrx_word' id='word_1_812' title='bbox 3179 4529 3368 4595; x_wconf 80' lang='lat' dir='ltr'><strong>eorum</strong></span> <span class='ocrx_word' id='word_1_813' title='bbox 3427 4517 3768 4608; x_wconf 51' lang='lat' dir='ltr'><strong>intel&#39;lijgatur,</strong></span> <span class='ocrx_word' id='word_1_814' title='bbox 3793 4544 3840 4590; x_wconf 87' lang='lat' dir='ltr'><strong>et</strong></span> 
     </span>
    </p>
   </div>
   <div class='ocr_carea' id='block_1_105' title="bbox 2294 4629 3842 4702">
    <p class='ocr_par' dir='ltr' id='par_1_105' title="bbox 2294 4629 3842 4702">
     <span class='ocr_line' id='line_1_105' title="bbox 2294 4629 3842 4702; baseline -0.002 -16"><span class='ocrx_word' id='word_1_815' title='bbox 2294 4641 2483 4689; x_wconf 89' lang='lat' dir='ltr'><strong>vocata</strong></span> <span class='ocrx_word' id='word_1_816' title='bbox 2515 4641 2600 4689; x_wconf 88' lang='lat' dir='ltr'><strong>est</strong></span> <span class='ocrx_word' id='word_1_817' title='bbox 2633 4631 2754 4702; x_wconf 88' lang='lat' dir='ltr'><strong>ejus</strong></span> <span class='ocrx_word' id='word_1_818' title='bbox 2771 4632 2932 4688; x_wconf 88' lang='lat' dir='ltr'><strong>Pater</strong></span> <span class='ocrx_word' id='word_1_819' title='bbox 2957 4647 2972 4688; x_wconf 91' lang='lat'><strong>:</strong></span> <span class='ocrx_word' id='word_1_820' title='bbox 3001 4632 3160 4702; x_wconf 85' lang='lat' dir='ltr'><strong>cujus</strong></span> <span class='ocrx_word' id='word_1_821' title='bbox 3187 4645 3318 4688; x_wconf 85' lang='lat' dir='ltr'><strong>vero</strong></span> <span class='ocrx_word' id='word_1_822' title='bbox 3341 4634 3587 4690; x_wconf 80' lang='lat' dir='ltr'><strong>non&#39;sola</strong></span> <span class='ocrx_word' id='word_1_823' title='bbox 3615 4638 3695 4687; x_wconf 88' lang='lat' dir='ltr'><strong>est</strong></span> <span class='ocrx_word' id='word_1_824' title='bbox 3720 4629 3842 4700; x_wconf 89' lang='lat' dir='ltr'><strong>prin-</strong></span> 
     </span>
    </p>
   </div>
   <div class='ocr_carea' id='block_1_106' title="bbox 2289 4726 3840 4800">
    <p class='ocr_par' dir='ltr' id='par_1_106' title="bbox 2289 4726 3840 4800">
     <span class='ocr_line' id='line_1_106' title="bbox 2289 4726 3840 4800; baseline -0.006 -15"><span class='ocrx_word' id='word_1_825' title='bbox 2289 4729 2597 4800; x_wconf 61' lang='lat' dir='ltr'><strong>cipium,’ad</strong></span> <span class='ocrx_word' id='word_1_826' title='bbox 2619 4730 2764 4783; x_wconf 89' lang='lat' dir='ltr'><strong>illam</strong></span> <span class='ocrx_word' id='word_1_827' title='bbox 2789 4744 2985 4783; x_wconf 86' lang='lat' dir='ltr'><strong>nomen</strong></span> <span class='ocrx_word' id='word_1_828' title='bbox 3007 4742 3116 4783; x_wconf 87' lang='lat' dir='ltr'><strong>non</strong></span> <span class='ocrx_word' id='word_1_829' title='bbox 3133 4726 3316 4793; x_wconf 83' lang='lat' dir='ltr'><strong>habet,</strong></span> <span class='ocrx_word' id='word_1_830' title='bbox 3335 4743 3404 4784; x_wconf 91' lang='lat' dir='ltr'><strong>ne</strong></span> <span class='ocrx_word' id='word_1_831' title='bbox 3430 4743 3715 4784; x_wconf 86' lang='lat' dir='ltr'><strong>commune</strong></span> <span class='ocrx_word' id='word_1_832' title='bbox 3733 4738 3840 4796; x_wconf 84' lang='lat' dir='ltr'><strong>pro-</strong></span> 
     </span>
    </p>
   </div>
   <div class='ocr_carea' id='block_1_107' title="bbox 2286 4819 3841 4896">
    <p class='ocr_par' dir='ltr' id='par_1_107' title="bbox 2286 4819 3841 4896">
     <span class='ocr_line' id='line_1_107' title="bbox 2286 4819 3841 4896; baseline -0.007 -18"><span class='ocrx_word' id='word_1_833' title='bbox 2286 4825 2469 4896; x_wconf 88' lang='lat' dir='ltr'><strong>prium</strong></span> <span class='ocrx_word' id='word_1_834' title='bbox 2509 4835 2753 4894; x_wconf 90' lang='lat' dir='ltr'><strong>putetur.</strong></span> <span class='ocrx_word' id='word_1_835' title='bbox 2804 4821 2871 4876; x_wconf 79' lang='lat' dir='ltr'><strong>Et</strong></span> <span class='ocrx_word' id='word_1_836' title='bbox 2919 4824 3186 4894; x_wconf 77' lang='lat' dir='ltr'><strong>contingit</strong></span> <span class='ocrx_word' id='word_1_837' title='bbox 3248 4824 3548 4879; x_wconf 85' lang='lat' dir='ltr'><strong>secundum</strong></span> <span class='ocrx_word' id='word_1_838' title='bbox 3590 4819 3841 4876; x_wconf 81' lang='lat' dir='ltr'><strong>nominas</strong></span> 
     </span>
    </p>
   </div>
   <div class='ocr_carea' id='block_1_108' title="bbox 2287 4910 3836 4986">
    <p class='ocr_par' dir='ltr' id='par_1_108' title="bbox 2287 4910 3836 4986">
     <span class='ocr_line' id='line_1_108' title="bbox 2287 4910 3836 4986; baseline -0.004 -12"><span class='ocrx_word' id='word_1_839' title='bbox 2287 4933 2556 4974; x_wconf 88' lang='lat' dir='ltr'><strong>converso</strong></span> <span class='ocrx_word' id='word_1_840' title='bbox 2579 4932 2638 4972; x_wconf 85' lang='lat' dir='ltr'><strong>se</strong></span> <span class='ocrx_word' id='word_1_841' title='bbox 2670 4918 2876 4972; x_wconf 86' lang='lat' dir='ltr'><strong>habere</strong></span> <span class='ocrx_word' id='word_1_842' title='bbox 2906 4917 2961 4971; x_wconf 90' lang='lat' dir='ltr'><strong>in</strong></span> <span class='ocrx_word' id='word_1_843' title='bbox 2991 4917 3097 4970; x_wconf 86' lang='lat' dir='ltr'><strong>Deo</strong></span> <span class='ocrx_word' id='word_1_844' title='bbox 3129 4931 3292 4986; x_wconf 89' lang='lat' dir='ltr'><strong>quam</strong></span> <span class='ocrx_word' id='word_1_845' title='bbox 3335 4915 3390 4969; x_wconf 90' lang='lat' dir='ltr'><strong>in</strong></span> <span class='ocrx_word' id='word_1_846' title='bbox 3422 4915 3615 4978; x_wconf 74' lang='lat' dir='ltr'><strong>Adam,</strong></span> <span class='ocrx_word' id='word_1_847' title='bbox 3651 4923 3703 4967; x_wconf 89' lang='lat' dir='ltr'><strong>et</strong></span> <span class='ocrx_word' id='word_1_848' title='bbox 3723 4910 3836 4968; x_wconf 78' lang='lat' dir='ltr'><strong>Eva.</strong></span> 
     </span>
    </p>
   </div>
   <div class='ocr_carea' id='block_1_109' title="bbox 2286 5003 3838 5078">
    <p class='ocr_par' dir='ltr' id='par_1_109' title="bbox 2286 5003 3838 5078">
     <span class='ocr_line' id='line_1_109' title="bbox 2286 5003 3838 5078; baseline -0.01 -12"><span class='ocrx_word' id='word_1_849' title='bbox 2286 5019 2338 5066; x_wconf 89' lang='lat' dir='ltr'><strong>et</strong></span> <span class='ocrx_word' id='word_1_850' title='bbox 2353 5013 2506 5065; x_wconf 71' lang='lat' dir='ltr'><strong>Setls.</strong></span> <span class='ocrx_word' id='word_1_851' title='bbox 2534 5009 2590 5063; x_wconf 92' lang='lat' dir='ltr'><strong>In</strong></span> <span class='ocrx_word' id='word_1_852' title='bbox 2615 5009 2702 5064; x_wconf 89' lang='lat' dir='ltr'><strong>his</strong></span> <span class='ocrx_word' id='word_1_853' title='bbox 2722 5009 2867 5062; x_wconf 90' lang='lat' dir='ltr'><strong>enim</strong></span> <span class='ocrx_word' id='word_1_854' title='bbox 2889 5006 3083 5072; x_wconf 85' lang='lat' dir='ltr'><strong>Adam,</strong></span> <span class='ocrx_word' id='word_1_855' title='bbox 3101 5008 3258 5076; x_wconf 85' lang='lat' dir='ltr'><strong>cujus</strong></span> <span class='ocrx_word' id='word_1_856' title='bbox 3277 5019 3520 5078; x_wconf 77' lang='lat' dir='ltr'><strong>persona:</strong></span> <span class='ocrx_word' id='word_1_857' title='bbox 3534 5003 3682 5060; x_wconf 87' lang='lat' dir='ltr'><strong>solus</strong></span> <span class='ocrx_word' id='word_1_858' title='bbox 3697 5013 3838 5056; x_wconf 78' lang='lat' dir='ltr'><strong>causa</strong></span> 
     </span>
    </p>
   </div>
   <div class='ocr_carea' id='block_1_110' title="bbox 2287 5095 3836 5170">
    <p class='ocr_par' dir='ltr' id='par_1_110' title="bbox 2287 5095 3836 5170">
     <span class='ocr_line' id='line_1_110' title="bbox 2287 5095 3836 5170; baseline -0.012 -10"><span class='ocrx_word' id='word_1_859' title='bbox 2287 5112 2389 5170; x_wconf 89' lang='lat' dir='ltr'><strong>est,</strong></span> <span class='ocrx_word' id='word_1_860' title='bbox 2419 5103 2484 5157; x_wconf 88' lang='lat' dir='ltr'><strong>ad</strong></span> <span class='ocrx_word' id='word_1_861' title='bbox 2517 5101 2668 5156; x_wconf 91' lang='lat' dir='ltr'><strong>illam</strong></span> <span class='ocrx_word' id='word_1_862' title='bbox 2696 5115 2895 5155; x_wconf 91' lang='lat' dir='ltr'><strong>nomen</strong></span> <span class='ocrx_word' id='word_1_863' title='bbox 2919 5116 3023 5155; x_wconf 93' lang='lat' dir='ltr'><strong>non</strong></span> <span class='ocrx_word' id='word_1_864' title='bbox 3048 5101 3234 5162; x_wconf 84' lang='lat' dir='ltr'><strong>habet,</strong></span> <span class='ocrx_word' id='word_1_865' title='bbox 3260 5113 3368 5170; x_wconf 91' lang='lat' dir='ltr'><strong>quo</strong></span> <span class='ocrx_word' id='word_1_866' title='bbox 3394 5100 3510 5170; x_wconf 86' lang='lat' dir='ltr'><strong>ejus</strong></span> <span class='ocrx_word' id='word_1_867' title='bbox 3533 5095 3836 5166; x_wconf 73' lang='lat' dir='ltr'><strong>principium</strong></span> 
     </span>
    </p>
   </div>
   <div class='ocr_carea' id='block_1_111' title="bbox 2293 5184 3838 5264">
    <p class='ocr_par' dir='ltr' id='par_1_111' title="bbox 2293 5184 3838 5264">
     <span class='ocr_line' id='line_1_111' title="bbox 2293 5184 3838 5264; baseline -0.012 -12"><span class='ocrx_word' id='word_1_868' title='bbox 2293 5206 2405 5264; x_wconf 88' lang='lat' dir='ltr'><strong>est,</strong></span> <span class='ocrx_word' id='word_1_869' title='bbox 2431 5195 2639 5251; x_wconf 86' lang='lat' dir='ltr'><strong>scilicet</strong></span> <span class='ocrx_word' id='word_1_870' title='bbox 2674 5184 2824 5250; x_wconf 60' lang='lat' dir='ltr'><strong>Evm:</strong></span> <span class='ocrx_word' id='word_1_871' title='bbox 2849 5195 3020 5264; x_wconf 83' lang='lat' dir='ltr'><strong>Cujus</strong></span> <span class='ocrx_word' id='word_1_872' title='bbox 3081 5207 3213 5248; x_wconf 89' lang='lat' dir='ltr'><strong>vero</strong></span> <span class='ocrx_word' id='word_1_873' title='bbox 3250 5207 3354 5246; x_wconf 92' lang='lat' dir='ltr'><strong>non</strong></span> <span class='ocrx_word' id='word_1_874' title='bbox 3391 5191 3540 5245; x_wconf 90' lang='lat' dir='ltr'><strong>solus</strong></span> <span class='ocrx_word' id='word_1_875' title='bbox 3563 5230 3579 5254; x_wconf 91' lang='lat'><strong>,</strong></span> <span class='ocrx_word' id='word_1_876' title='bbox 3611 5187 3701 5242; x_wconf 91' lang='lat' dir='ltr'><strong>sed</strong></span> <span class='ocrx_word' id='word_1_877' title='bbox 3730 5195 3838 5239; x_wconf 86' lang='lat' dir='ltr'><strong>cum</strong></span> 
     </span>
    </p>
   </div>
   <div class='ocr_carea' id='block_1_112' title="bbox 2289 5274 3841 5353">
    <p class='ocr_par' dir='ltr' id='par_1_112' title="bbox 2289 5274 3841 5353">
     <span class='ocr_line' id='line_1_112' title="bbox 2289 5274 3841 5353; baseline -0.012 -11"><span class='ocrx_word' id='word_1_878' title='bbox 2289 5289 2399 5344; x_wconf 85' lang='lat' dir='ltr'><strong>Eva</strong></span> <span class='ocrx_word' id='word_1_879' title='bbox 2451 5299 2648 5342; x_wconf 87' lang='lat' dir='ltr'><strong>auctor</strong></span> <span class='ocrx_word' id='word_1_880' title='bbox 2681 5295 2765 5342; x_wconf 90' lang='lat' dir='ltr'><strong>est</strong></span> <span class='ocrx_word' id='word_1_881' title='bbox 2800 5329 2814 5353; x_wconf 89' lang='lat'><strong>,</strong></span> <span class='ocrx_word' id='word_1_882' title='bbox 2859 5285 3006 5341; x_wconf 91' lang='lat' dir='ltr'><strong>illius</strong></span> <span class='ocrx_word' id='word_1_883' title='bbox 3062 5286 3376 5340; x_wconf 88' lang='lat' dir='ltr'><strong>nominatur</strong></span> <span class='ocrx_word' id='word_1_884' title='bbox 3426 5295 3616 5352; x_wconf 86' lang='lat' dir='ltr'><strong>pater:</strong></span> <span class='ocrx_word' id='word_1_885' title='bbox 3656 5274 3841 5345; x_wconf 90' lang='lat' dir='ltr'><strong>Spiritu</strong></span> 
     </span>
    </p>
   </div>
   <div class='ocr_carea' id='block_1_113' title="bbox 2287 5371 3843 5452">
    <p class='ocr_par' dir='ltr' id='par_1_113' title="bbox 2287 5371 3843 5452">
     <span class='ocr_line' id='line_1_113' title="bbox 2287 5371 3843 5452; baseline -0.013 -14"><span class='ocrx_word' id='word_1_886' title='bbox 2287 5392 2481 5438; x_wconf 88' lang='lat' dir='ltr'><strong>sancto</strong></span> <span class='ocrx_word' id='word_1_887' title='bbox 2503 5381 2819 5452; x_wconf 76' lang='lat' dir='ltr'><strong>huiusmodi</strong></span> <span class='ocrx_word' id='word_1_888' title='bbox 2856 5380 3314 5450; x_wconf 89' lang='lat' dir='ltr'><strong>permutationem</strong></span> <span class='ocrx_word' id='word_1_889' title='bbox 3338 5376 3617 5430; x_wconf 87' lang='lat' dir='ltr'><strong>nominum</strong></span> <span class='ocrx_word' id='word_1_890' title='bbox 3645 5371 3843 5437; x_wconf 88' lang='lat' dir='ltr'><strong>dispen-</strong></span> 
     </span>
    </p>
   </div>
   <div class='ocr_carea' id='block_1_114' title="bbox 2285 5458 3844 5543">
    <p class='ocr_par' dir='ltr' id='par_1_114' title="bbox 2285 5458 3844 5543">
     <span class='ocr_line' id='line_1_114' title="bbox 2285 5458 3844 5543; baseline -0.013 -12"><span class='ocrx_word' id='word_1_891' title='bbox 2285 5484 2442 5531; x_wconf 87' lang='lat' dir='ltr'><strong>sante</strong></span> <span class='ocrx_word' id='word_1_892' title='bbox 2473 5475 2636 5530; x_wconf 89' lang='lat' dir='ltr'><strong>nobis</strong></span> <span class='ocrx_word' id='word_1_893' title='bbox 2669 5473 3027 5543; x_wconf 90' lang='lat' dir='ltr'><strong>providendo,</strong></span> <span class='ocrx_word' id='word_1_894' title='bbox 3053 5487 3122 5527; x_wconf 90' lang='lat' dir='ltr'><strong>ne</strong></span> <span class='ocrx_word' id='word_1_895' title='bbox 3146 5471 3394 5526; x_wconf 88' lang='lat' dir='ltr'><strong>carnales</strong></span> <span class='ocrx_word' id='word_1_896' title='bbox 3415 5466 3656 5536; x_wconf 90' lang='lat' dir='ltr'><strong>copulas,</strong></span> <span class='ocrx_word' id='word_1_897' title='bbox 3679 5475 3728 5516; x_wconf 89' lang='lat' dir='ltr'><strong>et</strong></span> <span class='ocrx_word' id='word_1_898' title='bbox 3756 5458 3844 5512; x_wconf 87' lang='lat' dir='ltr'><strong>llu-</strong></span> 
     </span>
    </p>
   </div>
   <div class='ocr_carea' id='block_1_115' title="bbox 2285 5554 3843 5637">
    <p class='ocr_par' dir='ltr' id='par_1_115' title="bbox 2285 5554 3843 5637">
     <span class='ocr_line' id='line_1_115' title="bbox 2285 5554 3843 5637; baseline -0.011 -12"><span class='ocrx_word' id='word_1_899' title='bbox 2285 5585 2410 5635; x_wconf 83' lang='lat' dir='ltr'><strong>xus,</strong></span> <span class='ocrx_word' id='word_1_900' title='bbox 2447 5580 2502 5625; x_wconf 90' lang='lat' dir='ltr'><strong>et</strong></span> <span class='ocrx_word' id='word_1_901' title='bbox 2533 5568 2930 5634; x_wconf 76' lang='lat' dir='ltr'><strong>abscissiones,</strong></span> <span class='ocrx_word' id='word_1_902' title='bbox 2971 5577 3028 5622; x_wconf 89' lang='lat' dir='ltr'><strong>et</strong></span> <span class='ocrx_word' id='word_1_903' title='bbox 3061 5575 3247 5637; x_wconf 87' lang='lat' dir='ltr'><strong>partus</strong></span> <span class='ocrx_word' id='word_1_904' title='bbox 3274 5559 3642 5634; x_wconf 78' lang='lat' dir='ltr'><strong>imperfectos,</strong></span> <span class='ocrx_word' id='word_1_905' title='bbox 3669 5565 3721 5613; x_wconf 90' lang='lat' dir='ltr'><strong>et</strong></span> <span class='ocrx_word' id='word_1_906' title='bbox 3751 5554 3843 5609; x_wconf 89' lang='lat' dir='ltr'><strong>htt-</strong></span> 
     </span>
    </p>
   </div>
   <div class='ocr_carea' id='block_1_116' title="bbox 2279 5657 3644 5735">
    <p class='ocr_par' dir='ltr' id='par_1_116' title="bbox 2279 5657 3644 5735">
     <span class='ocr_line' id='line_1_116' title="bbox 2279 5657 3644 5735; baseline -0.008 -17"><span class='ocrx_word' id='word_1_907' title='bbox 2279 5664 2523 5734; x_wconf 90' lang='lat' dir='ltr'><strong>jusmodi</strong></span> <span class='ocrx_word' id='word_1_908' title='bbox 2553 5663 2840 5735; x_wconf 84' lang='lat' dir='ltr'><strong>passiones</strong></span> <span class='ocrx_word' id='word_1_909' title='bbox 2867 5662 2922 5717; x_wconf 94' lang='lat' dir='ltr'><strong>in</strong></span> <span class='ocrx_word' id='word_1_910' title='bbox 2957 5659 3230 5716; x_wconf 84' lang='lat' dir='ltr'><strong>Trinitate</strong></span> <span class='ocrx_word' id='word_1_911' title='bbox 3261 5657 3644 5728; x_wconf 72' lang='lat' dir='ltr'><strong>imaginemur.</strong></span> 
     </span>
    </p>
   </div>
   <div class='ocr_carea' id='block_1_117' title="bbox 2356 5750 3836 5828">
    <p class='ocr_par' dir='ltr' id='par_1_117' title="bbox 2356 5750 3836 5828">
     <span class='ocr_line' id='line_1_117' title="bbox 2356 5750 3836 5828; baseline -0.014 -14"><span class='ocrx_word' id='word_1_912' title='bbox 2356 5760 2652 5828; x_wconf 87' lang='lat' dir='ltr'><strong>Propterea</strong></span> <span class='ocrx_word' id='word_1_913' title='bbox 2674 5771 2807 5826; x_wconf 77' lang='lat' dir='ltr'><strong>ergo</strong></span> <span class='ocrx_word' id='word_1_914' title='bbox 2825 5765 2880 5812; x_wconf 90' lang='lat' dir='ltr'><strong>et</strong></span> <span class='ocrx_word' id='word_1_915' title='bbox 2907 5771 2973 5812; x_wconf 91' lang='lat' dir='ltr'><strong>ne</strong></span> <span class='ocrx_word' id='word_1_916' title='bbox 2994 5768 3289 5811; x_wconf 89' lang='lat' dir='ltr'><strong>commune</strong></span> <span class='ocrx_word' id='word_1_917' title='bbox 3315 5750 3594 5822; x_wconf 86' lang='lat' dir='ltr'><strong>proprium</strong></span> <span class='ocrx_word' id='word_1_918' title='bbox 3616 5753 3836 5816; x_wconf 88' lang='lat' dir='ltr'><strong>putetur,</strong></span> 
     </span>
    </p>
   </div>
   <div class='ocr_carea' id='block_1_118' title="bbox 2286 5843 3836 5922">
    <p class='ocr_par' dir='ltr' id='par_1_118' title="bbox 2286 5843 3836 5922">
     <span class='ocr_line' id='line_1_118' title="bbox 2286 5843 3836 5922; baseline -0.013 -15"><span class='ocrx_word' id='word_1_919' title='bbox 2286 5853 2526 5922; x_wconf 82' lang='lat' dir='ltr'><strong>ingenita</strong></span> <span class='ocrx_word' id='word_1_920' title='bbox 2573 5865 2831 5921; x_wconf 87' lang='lat' dir='ltr'><strong>persona,</strong></span> <span class='ocrx_word' id='word_1_921' title='bbox 2869 5847 3119 5904; x_wconf 86' lang='lat' dir='ltr'><strong>habentis</strong></span> <span class='ocrx_word' id='word_1_922' title='bbox 3157 5845 3380 5917; x_wconf 88' lang='lat' dir='ltr'><strong>quidem</strong></span> <span class='ocrx_word' id='word_1_923' title='bbox 3432 5855 3669 5916; x_wconf 56' lang='lat' dir='ltr'><strong>person:</strong></span> <span class='ocrx_word' id='word_1_924' title='bbox 3697 5851 3758 5890; x_wconf 77' lang='lat' dir='ltr'><strong>ex</strong></span> <span class='ocrx_word' id='word_1_925' title='bbox 3781 5843 3836 5888; x_wconf 83' lang='lat' dir='ltr'><strong>ea</strong></span> 
     </span>
    </p>
   </div>
   <div class='ocr_carea' id='block_1_119' title="bbox 3677 6329 3836 6351">
    <p class='ocr_par' dir='ltr' id='par_1_119' title="bbox 3677 6329 3836 6351">
     <span class='ocr_line' id='line_1_119' title="bbox 3677 6329 3836 6351; baseline 0 0"><span class='ocrx_word' id='word_1_926' title='bbox 3677 6329 3700 6348; x_wconf 60' lang='grc' dir='ltr'><strong>’π’</strong></span> <span class='ocrx_word' id='word_1_927' title='bbox 3707 6333 3836 6351; x_wconf 45' lang='grc' dir='ltr'><strong>νὼὶψ</strong></span> 
     </span>
    </p>
   </div>
  </div>
