4064 6466
340 400 475 475 is”

1684 398 1836 460 PRO
1870 394 2200 458 LATINIS.

3450 393 3583 453 1318

338 512 454 570 sola
484 526 627 577 esse,
661 512 940 567 nominata
965 522 1048 568 cst
1078 519 1259 580 Pater,
1280 513 1346 569 ad
1379 513 1526 568 illam
1563 524 1694 566 vero
1719 525 1909 581 perso-
1938 513 1979 565 Α
2009 507 2183 576 pitem'
2214 506 2463 560 eumdem
2498 505 2652 560 vidit.
2680 505 2768 560 Ait
2792 506 2938 562 enim
2988 507 3060 563 de
3091 505 3261 560 Filio:
3296 504 3364 561 Et
3402 523 3467 561 ea:
3494 521 3585 559 ore

340 619 489 668 nam,
522 619 643 673 qua!
678 620 786 659 non
820 621 883 659 es
917 620 979 658 ea
1014 606 1131 661 sola
1165 605 1333 660 habet
1379 619 1524 667 csse,
1556 617 1753 658 nomen
1797 616 1904 656 non

341 698 522 751 habet.
542 698 657 767 Ego
677 698 896 767 quidem
924 698 1031 751 hoc
1053 699 1220 752 credo
1248 714 1263 751 :
1287 698 1381 766 qui
1406 711 1534 750 vero
1556 694 1750 749 nititur
1775 708 1910 747 cou-

339 789 609 843 tradicere
636 789 899 854 his,-dum
933 804 1041 843 non
1066 789 1308 845 ostendit
1336 789 1496 843 aliam
1528 788 1908 843 rationabilio-

338 896 455 935 rem
488 895 733 943 causam,
773 891 996 950 propter
1027 896 1194 951 quam
1250 897 1416 935 unum
1450 889 1535 935 est
1564 880 1905 934 nominatum

340 983 396 1027 et
427 973 573 1026 aliud
604 973 1007 1028 iunominatum
1035 1013 1051 1038 ,
1102 973 1343 1027 arbitror
1373 986 1497 1026 eum
1530 970 1665 1025 nihil
1695 970 1763 1025 ad
1794 985 1909 1025 rem

340 1065 545 1119 dicere.

761 1151 1064 1209 Secundum
1087 1155 1488 1223 Argumentum.

412 1268 469 1321 In
503 1268 757 1323 omnibus
792 1267 1033 1331 entibus,
1072 1267 1138 1320 de
1194 1265 1395 1335 quibus
1433 1262 1649 1334 proprie
1678 1262 1911 1317 dicimus

344 1358 632 1426 imaginem
673 1365 728 1412 et
772 1358 1071 1426 exemplar,
1105 1371 1229 1410 cum
1286 1370 1501 1425 semper
1548 1354 1727 1423 imago
1773 1353 1914 1407 infe-

343 1451 505 1504 rioris
542 1449 806 1503 rationem
843 1448 1042 1502 habeat
1096 1447 1162 1502 ad
1195 1447 1500 1515 exemplar,
1555 1454 1611 1499 et
1656 1446 1711 1500 in
1759 1446 1913 1500 nullo

340 1539 624 1609 aequaliter
650 1538 948 1608 exemplari
980 1538 1164 1591 veniat
1194 1577 1209 1602 ,
1248 1538 1305 1591 in
1346 1536 1506 1593 Patre
1542 1553 1673 1593 vero
1694 1547 1748 1593 et
1775 1536 1914 1592 Filio

343 1630 455 1685 illic
490 1645 586 1701 per
642 1630 827 1685 omnia
859 1626 1093 1684 exsistat
1120 1629 1403 1696 aequalitas
1427 1638 1482 1683 et
1530 1628 1914 1685 substantialis

342 1721 647 1777 identitas:
693 1721 787 1790 qui
825 1722 941 1775 vult
978 1721 1260 1791 Scriptura
1291 1719 1498 1784 divina,
1532 1721 1675 1790 quod
1711 1718 1910 1775 Filium

344 1812 561 1881 quidem
595 1815 842 1867 nominat
868 1812 1162 1883 imaginem
1184 1812 1382 1878 Patris,
1413 1811 1628 1867 Patrem
1656 1826 1786 1867 vero
1807 1813 1912 1865 mi-
1936 1846 1987 1905 Β

344 1905 492 1959 nime
511 1900 804 1974 imaginem
831 1904 998 1960 Filii?
1022 1921 1089 1960 an
1112 1914 1259 1960 certe
1285 1914 1507 1975 propter
1529 1903 1786 1974 principii
1817 1917 1907 1956 ra-

340 1998 591 2051 tionem?
617 1998 881 2067 quoniam
916 1997 1088 2053 Filius
1115 2013 1181 2053 ex
1214 1997 1373 2053 Patre
1398 2004 1502 2059 est,
1530 2010 1637 2050 non
1661 1994 1823 2049 Pater
1843 2009 1908 2050 es

340 2086 505 2143 Filio.
556 2088 1029 2155 Quemadmodum
1077 2098 1131 2144 et
1182 2103 1346 2143 omne
1396 2088 1676 2156 exemplar
1706 2086 1915 2156 princi-

341 2180 489 2248 pium
540 2190 627 2235 est
673 2197 786 2236 sua:
827 2182 1104 2250 imaginis.
1161 2181 1457 2250 Imaginem
1498 2180 1684 2248 itaque
1724 2178 1910 2232 divina

342 2269 626 2339 Scriptura
662 2272 955 2328 nominans
998 2272 1197 2327 Filium
1248 2272 1538 2327 invisibilis
1575 2271 1693 2337 Dei,
1724 2266 1915 2326 ‘simui

340 2362 607 2427 ostendit,
636 2371 689 2418 et
729 2366 875 2434 quod
899 2379 963 2420 ex
1001 2380 1067 2419 eo
1093 2377 1196 2425 est,
1222 2373 1273 2419 et
1302 2364 1444 2429 quod
1479 2362 1676 2418 similis
1709 2361 1757 2416 ei
1784 2369 1908 2417 est:

342 2453 661 2509 minoritate
691 2456 946 2510 videlicet
983 2456 1374 2526 praetermissa,
1403 2464 1660 2522 tanquam
1686 2453 1913 2507 minime

338 2545 716 2600 conveniente.
751 2546 817 2599 At
846 2562 996 2609 vero,
1023 2547 1485 2617 quemadmodum
1507 2544 1682 2599 Filius
1702 2544 1911 2599 dicitur

340 2635 518 2704 imago
550 2634 757 2701 Patris,
798 2654 907 2693 non
941 2637 1100 2694 Pater
1155 2639 1337 2708 imago
1374 2637 1497 2693 Filii
1528 2655 1541 2691 :
1567 2638 1640 2692 ita
1672 2637 1913 2707 Spiritus

339 2740 562 2783 sanctus
595 2729 648 2783 iu
692 2731 881 2785 eadem
936 2730 1217 2798 Scriptura
1276 2730 1479 2784 dicitur
1528 2729 1709 2796 imago
1761 2727 1907 2790 Filii,

342 2834 447 2873 non
490 2820 659 2876 Filius
692 2821 873 2891 imago
901 2821 1161 2892 Spiritus.
1193 2820 1332 2877 Dicit
1359 2821 1504 2876 enim
1528 2821 1824 2890 Apostolus
1839 2821 1911 2876 ad

340 2910 658 2965 Romanos:
701 2911 847 2977 Quos
906 2914 1044 2966 enim
1099 2913 1368 2982 praesciuit
1418 2921 1469 2966 et
1489 2913 1905 2979 prwdestinarit,

338 3002 629 3068 conformes
656 3001 772 3070 ﬁeri
790 3003 1010 3071 imagini
1033 2998 1164 3056 Filii
1184 3003 1268 3056 sui
1284 3003 1363 3057 '°.
1391 3003 1453 3056 Et
1471 3003 1536 3057 ad
1554 3002 1903 3057 Corinthios:

338 3086 488 3144 Sicut
538 3076 859 3160 portavimus
888 3093 1169 3161 imaginem
1222 3093 1510 3155 terrestris,
1552 3102 1820 3159 portemus
1854 3099 1907 3145 et

335 3185 617 3254 imaginem
648 3185 869 3238 caelestis
898 3184 966 3248 ",
1002 3184 1279 3239 ctulestem
1327 3185 1514 3239 dicens
1578 3182 1801 3238 Filium.
1839 3183 1906 3238 Et
1931 3171 1975 3232 (ἶ

338 3277 569 3331 iterum:
597 3270 708 3328 Nos
730 3284 902 3327 autem
924 3290 1100 3328 omnes
1125 3275 1352 3329 revelata
1379 3275 1515 3343 facie
1542 3274 1769 3343 gloriam
1801 3273 1907 3329 Do-

336 3368 469 3420 mini
508 3365 861 3434 speculantes,
904 3367 963 3419 in
995 3367 1177 3421 eadem
1203 3367 1430 3436 imagine
1461 3367 1907 3434 transformamur

334 3459 399 3510 de
442 3457 617 3526 gloria
663 3457 719 3509 in
783 3457 1033 3526 gloriam,
1068 3458 1207 3510 sicut
1241 3474 1272 3510 α
1306 3456 1519 3510 Domini
1573 3456 1784 3521 Spiritu
1804 3460 1850 3491 ”
1879 3496 1894 3512 .

347 3547 501 3613 Quod
533 3557 711 3602 autem
744 3547 925 3617 imago
954 3548 1076 3602 Filii
1110 3547 1312 3601 dicitur
1340 3549 1395 3601 in
1423 3549 1508 3602 his
1526 3547 1765 3617 Spiritus
1790 3549 1906 3618 ipse

346 3652 590 3703 sanctus,
617 3641 884 3695 habemus
912 3652 1011 3709 per
1026 3648 1278 3694 sanctum
1306 3638 1637 3708 Cyrillumin
1657 3639 1905 3694 Thesau-

336 3730 411 3784 ris
437 3748 454 3786 :
485 3731 760 3802 inquibus
782 3746 846 3786 es
865 3730 1070 3785 eisdem
1098 3729 1278 3783 verbis
1296 3729 1576 3783 concludit
1600 3730 1734 3798 ipse,
1758 3729 1904 3798 quod

336 3820 577 3890 Spiritus
610 3832 692 3876 est
721 3828 774 3874 et
801 3835 867 3875 ex
910 3820 1066 3875 Filio.
1101 3821 1243 3890 Ergo
1272 3830 1329 3874 et
1362 3834 1462 3874 nos
1497 3819 1550 3874 id
1588 3821 1768 3888 ipsum
1811 3837 1904 3890 per

332 3912 522 3966 eadem
555 3911 963 3973 coneludentes,
986 3922 1039 3964 et
1058 3925 1122 3964 ex
1142 3925 1211 3965 eo
1237 3909 1384 3979 quod
1406 3908 1624 3975 dicitur,
1664 3910 1902 3979 Spiritus

333 4003 515 4070 imago
553 4000 672 4056 Filii
701 4018 716 4057 :
749 4018 816 4057 ex
845 4005 967 4072 ipso
995 4002 1164 4055 etiam
1196 4001 1499 4057 secundum
1531 4003 1784 4071 superius
1816 4017 1904 4058 aso

335 4095 603 4161 signatam
623 4095 890 4148 rationem
916 4092 1296 4163 intelligentes,
1328 4092 1635 4148 rectissime
1664 4102 1718 4148 et
1745 4093 1903 4148 intel-

335 4185 576 4253 ﬁgimus,
606 4194 654 4239 el
687 4176 1088 4251 concludimus,
1130 4191 1187 4238 et
1213 4182 1471 4239 dicimus.

778 4317 1014 4373 Tertium
1048 4319 1452 4391 Argumentum.

402 4436 532 4489 Item
570 4448 697 4489 cum
731 4432 875 4489 Deus
900 4433 972 4488 sit
1009 4433 1387 4503 incorporeus,
1419 4442 1473 4489 et
1500 4435 1744 4489 membra
1778 4450 1900 4490 cor-

2010 601 2124 670 ejus
2175 600 2487 669 procedebat
2526 599 2734 669 gladius
2779 598 2989 667 anceps,
3041 608 3099 652 ut
3132 602 3189 652 in
3239 612 3297 653 eo
3323 600 3585 668 percutiat

2009 702 2186 762 gentes
2215 692 2280 744 “.
2309 690 2378 744 Et
2409 698 2529 759 post
2561 705 2732 759 pauca
2760 708 2776 744 :
2814 689 2878 742 Et
2910 690 3100 755 reliqui
3151 688 3414 758 interfecti
3458 700 3584 742 sunt

2010 786 2065 837 in
2083 782 2262 854 gladio
2277 782 2505 836 sedentis
2525 797 2681 851 super
2697 798 2878 849 equum
2893 782 3198 848 procedente
3215 795 3279 834 ea:
3294 796 3381 833 ore
3397 779 3582 848 ejus".

2012 876 2150 943 Ergo
2172 875 2354 929 divina
2379 874 2666 943 Scriptura
2701 875 2993 929 nominans
3019 875 3284 943 Spiritum
3306 882 3581 936 sanctum,

2014 966 2275 1037 Spiritum
2309 966 2426 1020 oris
2456 966 2578 1019 Filii
2614 975 2668 1020 et
2698 966 2936 1036 gladium
2974 966 3352 1034 prooedentem
3384 981 3451 1019 ex
3487 979 3583 1018 ore

2011 1060 2133 1127 eius
2161 1098 2177 1123 ,
2216 1059 2346 1127 quid
2384 1057 2529 1112 aliud
2580 1072 2681 1111 nos
2712 1058 2864 1112 docet
2898 1072 2990 1126 per
3038 1058 3351 1127 huiusmodi
3404 1058 3580 1127 signa,

2012 1151 2114 1204 nisi
2161 1150 2305 1219 quod
2358 1147 2594 1219 Spiritus
2640 1157 2863 1203 sanctus
2897 1163 2963 1202 ex
3009 1147 3147 1203 Filio
3181 1157 3284 1214 est,
3322 1147 3467 1203 sicut
3512 1162 3581 1201 ex

2013 1243 2174 1298 Patre
2198 1242 2222 1295 ?

2453 1335 2719 1401 Quartum
2751 1336 3155 1404 Argumentum.

2081 1448 2213 1502 Item
2264 1445 2461 1509 Filius,
2492 1445 2800 1501 secundum
2844 1444 3064 1506 Isaiam,
3097 1443 3371 1498 brachium
3402 1440 3582 1495 Patris

2013 1537 2217 1592 dicitur
2244 1537 2333 1602 ὀς
2372 1536 2609 1606 Spiritus
2653 1548 2876 1591 sanctus
2928 1536 2982 1590 in
3028 1534 3333 1604 Evangeliis
3386 1531 3585 1600 digitus

2014 1626 2133 1681 Dei.
2163 1627 2298 1681 Nam
2318 1627 2513 1684 beatus
2531 1626 2812 1683 Mattbaeus
2833 1626 3233 1682 narratdixisse
3256 1624 3535 1680 Christum
3563 1638 3580 1676 :

2014 1714 2075 1770 Si
2109 1726 2284 1770 autem
2313 1733 2408 1786 ego
2443 1717 2498 1771 in
2527 1716 2733 1786 Spiritu
2765 1715 2859 1769 Dei
2890 1716 3044 1785 ejicio
3094 1715 3378 1777 daemonia,
3408 1713 3586 1780 utique

2015 1810 2245 1878 peruenit
2291 1809 2359 1863 ad
2394 1826 2483 1862 ens
2530 1824 2749 1877 regnum
2797 1808 3140 1881 caelorum“.
3178 1806 3415 1861 Sauctu‘s
3452 1817 3581 1857 vero

2014 1902 2191 1957 Lucas
2215 1902 2272 1956 in
2302 1903 2490 1957 eodem
2520 1902 2597 1956 ait
2621 1918 2634 1957 :
2662 1901 2721 1957 Si
2749 1918 2868 1956 vero
2892 1903 2947 1955 in
2968 1902 3133 1969 digito
3159 1899 3253 1963 Dei
3282 1899 3435 1966 ejicio
3465 1896 3584 1950 dte-

2012 1994 2214 2056 monia,
2246 1993 2433 2061 utique
2479 1995 2710 2059 pervenit
2760 1992 2831 2046 ad
2865 2010 2951 2047 vos
2973 2009 3198 2060 regnum
3247 1992 3585 2047 calorum”.
3676 2048 3690 2062 ,

2013 2082 2155 2155 Ergo
2186 2082 2391 2151 digitus
2422 2083 2511 2139 Dei
2547 2082 2785 2152 Spiritus
2832 2093 3058 2138 sanctus
3099 2082 3280 2139 dictus
3306 2091 3409 2138 est.
3441 2083 3585 2137 Prae-

2014 2174 2282 2230 termissis
2315 2174 2482 2244 igitur
2514 2175 2601 2231 his
2628 2191 2750 2243 quae
2780 2174 3034 2229 Trinitati
3061 2190 3128 2230 es
3162 2175 3249 2230 his
3276 2189 3583 2243 congruere

2014 2279 2121 2319 non
2156 2276 2392 2335 possunt
2426 2301 2442 2328 ,
2486 2266 2716 2332 scilicet,
2747 2267 2893 2335 quod
2924 2267 3071 2321 aliud
3101 2276 3187 2323 est
3206 2275 3400 2329 totum,
3432 2264 3581 2319 aliud

2011 2371 2140 2427 pars
2162 2395 2179 2422 ,
2215 2365 2272 2411 et
2306 2356 2454 2411 aliud
2487 2358 2875 2427 propinquius,
2912 2358 3056 2413 aliud
3101 2357 3320 2428 longius
3354 2372 3382 2409 a
3425 2371 3579 2410 com-

2011 2448 2162 2503 muni
2202 2447 2472 2517 principio
2506 2466 2519 2502 :
2554 2449 2687 2518 quid
2733 2450 2997 2520 reliquum
3030 2458 3114 2506 est
3162 2448 3575 2518 intelligendum

2009 2555 2106 2610 per
2132 2540 2231 2595 has
2259 2539 2684 2606 nominationes,
2719 2540 2828 2596 nisi
2858 2542 3005 2610 quod
3028 2540 3202 2595 Filius
3219 2540 3440 2609 quidem
3462 2549 3583 2594 tan-

2010 2644 2174 2700 quam
2211 2631 2496 2685 brachium
2532 2639 2618 2685 est
2666 2645 2730 2686 ex
2766 2632 2886 2687 solo
2934 2631 3115 2695 Patre,
3152 2632 3391 2700 Spiritus
3448 2644 3580 2685 vero

2009 2730 2233 2779 sanctus
2264 2731 2523 2791 tanquam
2555 2721 2761 2791 digitus
2789 2732 2876 2778 est
2895 2738 2962 2779 ex
2980 2724 3163 2797 Patre,
3194 2721 3476 2793 Filioque?

2434 2836 2691 2902 Quintum
2717 2836 3122 2907 Argumentum.

2081 2947 2207 3004 Item
2228 2950 2282 3003 in
2301 2948 2537 3005 Jordane
2561 2936 2721 3005 Pater
2744 2952 2986 3021 desuper
3018 2961 3153 3006 testa
3165 2954 3319 3007 batur
3339 2952 3474 3007 Filio
3499 2952 3576 3011 "z

2009 3039 2126 3108 ipse
2157 3050 2284 3093 vero
2311 3037 2479 3093 Filius
2524 3040 2717 3094 subtus
2768 3040 3172 3111 baptizabatur,
3206 3042 3445 3112 Spiritus
3479 3060 3579 3099 au-

2010 3138 2114 3182 tem
2138 3141 2361 3185 sanctus
2391 3129 2626 3199 desuper
2645 3130 2985 3186 descendens
3012 3134 3066 3187 in
3088 3135 3267 3203 specie
3286 3135 3581 3200 columine,

2014 3237 2123 3277 non
2174 3222 2394 3292 oblique
2433 3220 2501 3277 de
2542 3224 2707 3278 latere
2746 3224 2949 3280 Christi
2996 3227 3147 3280 stetit
3183 3264 3198 3288 ,
3231 3227 3375 3295 quod
3432 3236 3586 3281 esset

2016 3313 2205 3383 utique
2237 3314 2449 3385 signum
2480 3312 2679 3369 Filium
2733 3325 2785 3370 et
2823 3314 3087 3384 Spiritum
3142 3332 3209 3369 ex
3258 3317 3375 3371 solo
3420 3316 3583 3371 Patre

2017 3408 2215 3462 habere
2263 3423 2406 3473 esse,
2451 3418 2710 3479 tanquam
2766 3426 2920 3479 aeque
2977 3411 3222 3477 divisos;
3260 3413 3352 3466 sed
3415 3426 3582 3481 super

2013 3516 2137 3555 eum
2170 3502 2321 3555 stetit
2356 3501 2408 3556 in
2437 3502 2613 3557 medio
2641 3502 2895 3556 videlicet
2926 3503 3157 3555 duorum
3186 3503 3367 3571 :quod
3392 3511 3472 3556 est
3502 3503 3582 3556 si-

2013 3607 2199 3662 gnum,
2240 3608 2585 3646 communem
2635 3594 2809 3663 ipsum
2856 3608 3044 3647 eorum
3079 3608 3223 3648 esse.
3256 3588 3579 3649 Comm’unis

2014 3692 2190 3736 autem
2218 3699 2322 3737 non
2359 3684 2545 3753 utique
2570 3692 2734 3749 esset,
2769 3684 2871 3738 nisi
2904 3692 3164 3752 tauquam
3213 3699 3275 3737 ex
3310 3685 3577 3740 ambobus

2014 3774 2333 3840 procedens,
2368 3784 2421 3828 et
2455 3774 2506 3828 id
2554 3772 2698 3843 quod
2732 3773 3018 3828 videbatur
3056 3773 3291 3843 desuper
3319 3775 3575 3828 columba

2012 3880 2043 3917 a
2100 3864 2257 3918 Patre
2296 3866 2631 3919 descendens
2668 3865 2734 3920 ad
2789 3863 3008 3929 Filium,
3059 3867 3274 3934 signum
3314 3864 3520 3920 faciens
3559 3882 3573 3918 :

2013 3957 2155 4024 quod
2188 3956 2314 4010 licet
2344 3957 2412 4011 ab
2443 3952 2645 4010 :eterno
2696 3957 2929 4027 Spiritus
2957 3966 3122 4011 estex
3164 3955 3301 4012 Filio
3336 3958 3477 4011 sicut
3508 3972 3576 4011 ex

2011 4050 2190 4113 Patre,
2219 4058 2400 4103 tamen
2432 4047 2604 4106 Filius
2641 4050 2740 4103 hoc
2766 4051 2927 4104 habet
2963 4066 3025 4104 cx
3055 4051 3239 4115 Patre,
3276 4054 3383 4103 nou
3418 4050 3575 4103 Pater

2009 4159 2074 4197 ex
2108 4141 2267 4195 Filio.
2298 4141 2438 4196 Nihil
2462 4151 2637 4215 autem
2661 4143 2841 4196 obstat
2874 4140 3001 4197 huic
3034 4140 3396 4211 speculationi
3429 4143 3572 4210 quod

2009 4235 2211 4289 dictum
2254 4240 2357 4296 est,
2394 4233 2703 4286 columbam
2731 4249 2955 4285 manere
2990 4248 3152 4300 super
3188 4230 3407 4287 Filium.
3438 4230 3573 4285 Nam

2011 4340 2235 4380 manere
2275 4324 2329 4379 in
2361 4341 2448 4390 eo,
2501 4335 2555 4380 et
2591 4340 2712 4379 esse
2759 4341 2822 4378 ex
2854 4340 2920 4378 eo
2956 4324 3228 4379 contraria
3265 4339 3371 4378 non
3423 4336 3568 4378 sunt.

2011 4418 2165 4473 Sicut
2191 4419 2336 4473 enim
2376 4417 2536 4471 simul
2568 4430 2620 4471 et
2658 4417 2711 4469 in
2746 4416 2903 4469 Patre
2936 4424 3038 4479 est,
3071 4423 3124 4469 et
3157 4429 3221 4469 ex
3272 4412 3462 4469 Patre:
3499 4413 3573 4468 ita

331 4526 534 4597 poralia
562 4539 670 4579 non
697 4525 914 4589 haheat,
937 4524 1065 4593 quid
1096 4534 1202 4589 est,
1223 4527 1368 4594 quod
1409 4526 1645 4595 Spiritus
1679 4540 1904 4582 sanctus
1937 4519 1979 4578 ί)
2008 4510 2170 4566 simul
2197 4520 2251 4564 et
2282 4509 2333 4562 itt
2368 4507 2506 4561 Filio
2532 4518 2584 4563 et
2615 4524 2679 4563 ex
2712 4507 2870 4561 Filio.

330 4619 558 4687 spiritus
586 4617 701 4670 oris
727 4617 847 4685 eius
877 4616 1117 4669 dicitur?
1144 4617 1231 4679 Ait
1255 4619 1401 4677 enim
1432 4634 1445 4671 :
1482 4618 1648 4674 Verbo
1688 4620 1902 4677 Domini

329 4713 442 4764 caeli
489 4708 691 4778 ﬁrmati
721 4718 863 4771 sunt,
894 4718 944 4764 et
969 4708 1175 4776 Spiritu
1204 4710 1312 4764 oris
1340 4710 1455 4777 ejus
1527 4713 1698 4767 omnis
1730 4714 1902 4766 virtus

329 4815 510 4854 eorum
537 4799 603 4853 ’⁸.
634 4798 716 4851 An
750 4806 918 4861 certe,
949 4808 1008 4850 ut
1030 4814 1095 4851 ex
1121 4798 1610 4869 bocintelligamus
1637 4800 1898 4870 Spiritum

330 4901 580 4945 sanctum
606 4903 670 4941 ex
698 4903 768 4941 eo
801 4898 1058 4957 tanquam
1080 4903 1143 4942 ex
1171 4889 1439 4957 principio
1456 4893 1617 4944 esse?
1638 4892 1731 4947 sed
1756 4893 1899 4949 sieut

331 4979 533 5033 dicitur
561 4976 799 5047 Spiritus
823 4978 935 5033 oris
959 4977 1161 5044 Patris,
1217 4980 1287 5033 ita
1304 4980 1454 5035 idem
1486 4980 1602 5051 ipse
1627 4983 1679 5037 in
1712 4986 1898 5039 eadem

332 5071 616 5137 Scriptura
631 5071 831 5127 dicitur
851 5072 1086 5138 Spiritus
1115 5073 1227 5126 oris
1261 5071 1404 5129 Filii.
1430 5074 1518 5128 Ait
1553 5075 1699 5129 enim
1731 5074 1900 5137 Isaias

331 5160 398 5215 de
426 5158 606 5225 Filio:
643 5158 711 5212 Et
736 5162 991 5229 percutiet
1022 5170 1216 5216 (errant
1249 5165 1396 5233 uirga
1426 5165 1535 5219 oris
1569 5166 1674 5229 sui,
1699 5176 1748 5219 et
1774 5166 1899 5237 Spi-

331 5253 438 5305 ritu
463 5250 727 5305 initiorum
754 5268 972 5308 suorum
999 5254 1278 5320 interﬁciet
1306 5255 1527 5323 impium
1559 5257 1624 5310 “.
1658 5256 1724 5312 Et
1751 5257 1897 5314 Pau-

333 5344 418 5399 lus
446 5344 511 5398 ad
535 5343 1055 5401 'I‘hessaloniceuses
1081 5361 1095 5399 ς
1133 5345 1294 5410 Quem
1322 5346 1599 5416 interficiat
1637 5348 1897 5403 Dominus

330 5432 491 5489 Jesus
510 5433 717 5505 Spiritu
737 5439 846 5490 oris
874 5438 956 5490 sui
983 5439 1047 5492 ³⁸.
1089 5437 1329 5494 Joannes
1353 5441 1546 5493 veroin
1570 5439 1897 5511 Apocalypsi

332 5537 556 5595 propter
584 5527 869 5591 occidendi
900 5528 1162 5584 rationem
1205 5540 1459 5598 tauquam
1488 5531 1726 5601 gladium
1753 5533 1905 5586 anci-

2462 4621 2682 4677 Sextum
2718 4620 3113 4689 Argumentum.

2073 4712 2212 4767 Cum
2252 4713 2327 4767 sit
2356 4726 2460 4765 una
2492 4710 2821 4777 substantia,
2861 4711 3034 4766 virtus
3060 4722 3113 4765 et
3136 4710 3279 4765 actio
3310 4709 3490 4765 Patris
3521 4719 3579 4764 et

2002 4802 2150 4864 Filii.
2184 4810 2236 4857 ct
2266 4802 2448 4857 omnia
2474 4817 2596 4871 qua;
2628 4803 2785 4868 liuut,
2820 4816 2928 4854 non
2972 4801 3142 4871 magis
3167 4815 3194 4853 a
3222 4801 3380 4855 Patre
3408 4817 3577 4870 quam

2004 4912 2031 4947 a
2058 4893 2194 4948 Filio
2225 4895 2363 4960 sint,
2431 4894 2691 4962 quidnam
2726 4908 2907 4949 causae
2934 4904 3017 4949 est
3040 4894 3184 4962 quod
3210 4891 3370 4945 Pater
3404 4894 3458 4946 in
3490 4891 3575 4946 di-

2006 4985 2133 5040 vina
2164 4985 2447 5053 Scriptura
2479 4985 2683 5039 dicitur
2715 4984 2897 5039 facere
2934 5001 3021 5039 res
3052 4985 3208 5044 Filio.
3237 4992 3289 5037 et
3332 4997 3428 5051 per
3484 4983 3575 5036 Fi-

2004 5076 2137 5131 lium
2171 5094 2183 5130 :
2218 5075 2393 5130 Filius
2428 5092 2554 5131 vero
2586 5076 2721 5129 nihil
2755 5076 2954 5130 dicitur
2988 5075 3163 5130 facere
3184 5075 3343 5129 Patre
3370 5072 3451 5127 vel
3478 5087 3575 5140 per

2002 5167 2264 5223 Patrem?
2297 5166 2459 5221 Verbo
2483 5168 2625 5221 enim
2648 5167 2885 5231 Domini,
2912 5168 2985 5220 ait
3002 5166 3315 5232 Psalmista,
3342 5165 3574 5232 caeliﬁr-

2002 5258 2134 5311 muti
2160 5266 2282 5311 sunt
2313 5258 2376 5313 ".
2411 5257 2476 5311 Et
2508 5259 2893 5329 Evangelista:
2940 5258 3135 5313 Omnia
3164 5274 3255 5327 per
3288 5258 3461 5325 ipsum
3491 5258 3575 5325 fa-

2004 5360 2088 5402 cta
2111 5360 2231 5403 sunt
2255 5348 2320 5403 ³³.
2346 5348 2411 5403 Et
2433 5351 2760 5420 Apostolus:
2792 5349 2935 5404 Unus
2961 5349 3211 5403 Dominus
3239 5350 3392 5404 Jesus
3418 5348 3574 5402 Chri—

2008 5450 2143 5505 stus,
2166 5455 2257 5509 per
2276 5457 2424 5509 quem
2453 5426 2738 5509 omnianet
2772 5458 2865 5496 nos
2893 5457 2983 5511 per
3006 5441 3178 5509 ipsum
3209 5441 3273 5495 ".
3310 5441 3374 5495 Et
3410 5437 3574 5491 alibi:

2011 5531 2038 5586 1
2046 5548 2078 5585 tt
2098 5532 2395 5588 novissimis
2423 5542 2599 5587 autem
2625 5533 2706 5585 Itis
2732 5531 2894 5585 diebis
2910 5532 3113 5586 locutus
3136 5541 3212 5585 est
3239 5530 3384 5584 nobis
3407 5530 3461 5583 in
3484 5527 3580 5582 Fi-

405 5666 451 5737 ‘f
472 5665 632 5720 Rom.
692 5682 811 5729 vm,
846 5668 936 5722 29.
1012 5667 1095 5719 “I
1138 5666 1269 5726 Cor.
1302 5684 1393 5729 XV.
1447 5668 1538 5723 49-
1593 5669 1639 5702 ⁹¹
1678 5668 1720 5723 ΙΙ
1757 5671 1885 5727 Co"-

2010 5672 2096 5725 18.
2172 5672 2216 5704 ’³
2241 5672 2383 5728 Psal.
2425 5687 2596 5737 xxxii,
2630 5670 2683 5723 6.
2762 5669 2806 5701 ’⁸
2831 5668 2955 5724 Isai.
2989 5684 3062 5735 tu,
3094 5670 3150 5724 4.
3225 5669 3271 5700 ’⁸
3296 5667 3341 5721 II
3376 5664 3572 5737 Thess.

338 5750 398 5796 It,
427 5736 480 5789 8.
596 5737 640 5767 ⁸⁸
671 5737 834 5803 Apoc.
888 5755 997 5796 tux.
1031 5738 1113 5791 I5.

338 5820 420 5870 ιη,
493 5808 675 5861 15-17.

1217 5740 1259 5770 ’⁷
1310 5736 1444 5792 Ibid.
1482 5739 1573 5793 ‘2l.

780 5810 820 5840 ³¹
857 5808 995 5862 I’Sal.
1030 5824 1202 5874 χχχιι,
1266 5808 1357 5863 6.’
1397 5807 1441 5840 ³³
1468 5807 1626 5863 Joau.
1661 5826 1697 5864 ι.
1732 5811 1787 5868 ’5.

1674 5742 1718 5771 ⁸⁸
1757 5743 1878 5796 lsai.
1908 5758 2027 5806 LIII,
2054 5744 2103 5795 l.

1894 5814 1935 5844 ³⁷⁸
1970 5810 1988 5863 I
2026 5814 2149 5869 Cor.
2183 5829 2298 5879 VIII,
2329 5815 2380 5867 6.

2183 5742 2227 5775 ὀ
2252 5742 2446 5798 Matth.
2483 5735 2588 5807 xtt,
2615 5740 2705 5794 28.
2795 5741 2839 5770 ³⁰
2868 5740 3004 5796 Luc.
3039 5756 3116 5805 tu,
3143 5740 3234 5795 20.
3296 5738 3336 5769 ⁸¹
3382 5735 3605 5792 Matth.»
