2032 3226
259 191 329 226 L319

812 185 1010 217 BAPLAAMI
1036 185 1085 216 DE
1105 184 1322 217 SEMINARIA

1814 190 1876 222 1320

255 251 302 282 tio.
313 258 389 286 quem
408 249 497 285 posuit
514 248 645 276 heredem
665 245 794 279 omnium,
806 253 852 281 per
866 252 943 281 quem
966 244 1046 272 etiam
1062 248 1084 274 Α
1103 243 1211 279 Spiritu
1226 248 1324 272 sancto
1336 240 1572 272 di‘cituerristus
1585 244 1732 280 baptizare,
1743 253 1766 273 et
1782 247 1878 276 dmino.

253 296 354 325 stt'cula
377 296 480 331 fecit".
491 294 559 328 Quia
578 301 665 321 veroe
680 300 813 321 converso
825 292 888 320 fecit
899 291 985 318 Filius
996 290 1047 317 ali-

254 342 319 378 quid
334 350 381 377 per
392 341 514 373 Patrem,
524 340 567 367 vel
582 338 673 372 Patre,
696 345 833 373 nusquam
846 337 978 371 scriptum
994 340 1046 363 est.

257 388 420 422 Quanquam
440 394 528 421 neque
545 386 761 413 instrumentum
781 383 871 411 Patris
889 382 976 410 Filius
992 385 1046 414 est,

253 440 284 463 ut
299 435 407 461 dicatur
423 433 504 460 Pater
522 438 652 468 tanquam
663 439 710 466 per
722 431 936 458 instrumentum
954 428 1048 455 facere

254 481 357 516 aliquid
372 488 420 515 per
437 480 527 515 ipsum
546 480 653 515 etipsp.
675 478 769 513 Neque
784 484 881 505 rursus
897 483 959 511 qua:
974 476 1045 504 llunt

253 527 414 555 immediate
425 531 452 554 et
462 526 616 560 propinque
631 526 702 553 ﬂunt
714 533 728 552 a
745 523 814 552 Filio
826 532 832 551 :
853 522 971 551 mediate
982 529 1048 550 vero

254 580 281 601 et
296 575 403 609 longius
418 582 432 600 a
450 574 539 605 Patro,
560 577 589 599 ut
607 573 759 599 secundum
777 571 851 597 hunc
874 577 986 596 sensum
1003 568 1047 595 di-

254 624 335 647 catur
349 619 429 646 Pater
453 619 543 645 facere
562 626 609 652 per
624 616 723 643 Filium
739 625 745 648 ;
762 623 824 641 nam
855 613 1014 640 immediate
1032 619 1046 638 a

254 667 337 692 Patre
355 670 381 692 et
403 665 484 695 Filio,
500 669 630 698 tanquam
645 653 686 689 ab
706 669 761 688 uno
777 661 935 690 conditore,
954 667 1008 686 uno
1020 662 1048 685 et

255 712 374 747 simplici
393 717 455 738 actu
468 710 561 737 omnia
575 710 659 736 liunt:
675 716 724 735 cur
740 715 805 741 ergo
820 707 866 733 illo
877 706 958 733 modo
970 705 1046 732 Scri-

257 763 336 794 ptura
350 759 384 785 de
401 757 441 784 eis
466 756 611 790 disputat?
627 754 667 781 Att
695 759 724 780 ut
738 753 924 787 intelligamus
943 751 1047 786 princi-

257 805 331 840 pium
342 809 366 831 et
379 804 451 838 quod
469 811 500 829 ex
512 810 545 829 eo
555 808 607 832 est,
626 801 689 835 quia
702 808 762 827 esse
778 807 874 826 eorum
884 806 966 825 unam
978 797 1047 825 sim—

258 851 354 886 plicetn
373 849 566 877 substantiam,
579 849 706 874 virtutem
717 851 744 873 et
756 846 892 872 actionem
910 849 937 871 et
954 843 1046 870 omnia

256 903 318 923 csse
330 895 498 925 communia,
514 902 545 920 es
559 893 639 920 Patre
649 898 781 927 tanquam
794 899 826 918 ex
843 889 956 924 proprio
972 890 1048 924 prin-

256 943 339 976 cipio.
357 949 370 967 a
384 942 430 968 test
450 940 530 970 Filio,
555 940 601 966 setl
617 945 673 965 non
693 946 724 964 ex
743 937 813 964 Filio
834 935 907 962 Patri
924 943 930 961 :
949 936 996 963 sed
1014 934 1049 962 ad

256 988 337 1022 hujus
358 987 554 1022 speculationis
572 985 754 1013 intellectum,
780 982 862 1009 Pater
887 982 990 1009 dicitur
1019 981 1046 1009 in

257 1034 400 1068 Scriptura
421 1033 511 1059 facere
534 1031 604 1058 Filio
621 1035 649 1057 et
663 1037 710 1064 per
726 1028 847 1061 Filium;
867 1028 932 1054 huic
954 1035 1018 1054 vero
1033 1034 1049 1054 e

256 1087 388 1107 converso
398 1086 533 1112 nusquam
544 1077 694 1111 Scriptura:
704 1075 838 1109 scriptum
851 1078 903 1100 est.
915 1072 1050 1100 Similiter

256 1130 345 1152 autem
361 1132 423 1152 cum
440 1125 475 1151 sit
496 1123 586 1150 Patris
604 1127 631 1149 et
656 1122 778 1156 Spiritus
796 1120 883 1148 sancti
908 1128 961 1147 una
979 1121 1049 1148 sim-

256 1172 316 1207 plex
327 1171 494 1202 substantia,
510 1170 598 1196 virtus
610 1172 637 1195 et
648 1168 731 1198 actio,
741 1171 769 1194 et
782 1174 870 1201 neque
882 1166 1051 1193 instrumen-

258 1223 314 1244 tum
336 1217 427 1244 Patris
438 1217 474 1242 sit
490 1215 610 1249 Spiritns
624 1235 630 1246 ,
647 1221 735 1248 neque
747 1213 792 1240 illa
807 1221 867 1247 qum
885 1213 962 1245 liunt,
979 1219 1050 1247 pro-

257 1264 388 1299 pinquius
404 1270 419 1289 a
440 1262 544 1297 Spiritu
555 1268 637 1295 quam
653 1268 668 1287 a
683 1259 764 1287 Patre
776 1259 854 1291 ﬁant,
882 1258 973 1293 ipsum
989 1257 1050 1290 qui-

258 1311 319 1337 dem
341 1309 472 1344 Spiritnm
494 1312 619 1335 sanclutn
649 1306 740 1333 facere
770 1305 875 1339 aliquid
908 1304 988 1331 Patre
1008 1303 1049 1330 vel

258 1365 306 1391 per
321 1356 441 1384 Patrem.
452 1362 588 1388 nusquam
604 1352 756 1387 Scriptura:
765 1351 899 1385 scriptum
912 1356 964 1378 est.
981 1350 1049 1383 Quia

257 1409 323 1429 vero
343 1402 423 1428 Pater
441 1400 508 1427 facit
523 1407 567 1426 res
588 1399 703 1433 Spiritu,
725 1402 750 1425 et
766 1405 814 1432 per
837 1396 983 1432 Spiritum,
1002 1404 1050 1431 per

257 1455 367 1475 onmem
385 1446 473 1473 fertur
491 1446 677 1480 Scripturam.
696 1443 800 1478 Spiritu
819 1443 893 1470 enitn
910 1442 993 1475 Deus,
1007 1450 1050 1469 se-

256 1494 378 1520 cundum
408 1491 596 1522 Psalmistam,
619 1490 706 1517 castos
735 1489 876 1520 lortilicat,
894 1492 921 1514 et
943 1487 1050 1514 animas

258 1545 368 1567 nostras
393 1539 550 1566 conﬁrmat.
582 1536 615 1564 Et
642 1536 790 1571 Apostolus
818 1535 850 1561 ad
882 1534 1048 1561 Romanos:

256 1586 381 1613 Charitas
406 1584 451 1611 Dei
482 1584 585 1618 diffusa
611 1587 648 1609 est
681 1583 708 1609 in
735 1582 859 1609 cordibus
884 1581 982 1607 nostris
1005 1588 1085 1626 perc

258 1631 391 1665 Spiritum
408 1636 542 1661 sanctum,
564 1629 609 1663 qui
632 1630 711 1657 datus
732 1633 771 1654 est
800 1628 874 1653 nobis
889 1628 930 1659 ³⁶;
945 1630 972 1654 et
996 1626 1046 1653 ite-

257 1685 318 1704 rum
340 1685 346 1702 :
366 1675 417 1708 Qui
439 1674 574 1701 suscitauit
597 1672 689 1699 Iesum
714 1673 850 1700 Christum
875 1672 907 1698 de
926 1672 1047 1703 mortuis,

257 1722 399 1756 vioi/icabit
422 1726 444 1747 et
462 1719 587 1746 mortalia
603 1727 717 1753 corpora
732 1723 835 1754 nostra,
855 1726 901 1753 per
916 1717 1048 1752 Spiritum

256 1774 388 1800 sanctum,
405 1767 563 1802 quihobital
578 1767 605 1793 in
624 1767 698 1792 nobis
713 1766 746 1792 ³⁷.
767 1765 798 1792 Et
816 1766 848 1792 ad
868 1764 1046 1791 Corinthios:

257 1814 342 1841 Nobis
363 1818 453 1840 autem
468 1812 670 1846 revelavit_Deus
685 1820 731 1847 per
745 1811 876 1846 Spiritum
887 1819 962 1838 suum
973 1810 1005 1837 ³⁸.
1017 1809 1049 1837 Ει

255 1862 290 1888 ad
302 1860 394 1887 Titum
410 1870 416 1887 :
434 1859 486 1886 Sed
496 1861 641 1886 secundum
655 1857 880 1888 misericordiam,
897 1857 984 1884 salvos
1001 1865 1048 1884 nos

257 1908 320 1942 fecit
340 1914 386 1940 per
399 1906 536 1932 lavacrum
551 1904 759 1939 regenerationis
774 1904 893 1937 Spiritus
909 1903 996 1929 sancti
1014 1903 1047 1929 ".

257 1955 290 1981 Et
303 1954 335 1980 ad
355 1953 482 1979 Hebraeos
495 1960 500 1977 :
515 1951 688 1978 Conlestante
701 1950 753 1977 Deo
770 1950 854 1984 signis
878 1954 902 1976 et
918 1949 1048 1983 portentis

255 2002 280 2024 et
294 1996 377 2024 rariis
388 1996 540 2028 virtutibus,
552 2000 576 2022 et
588 1995 707 2030 Spiritus
721 1996 808 2021 salicti
826 1994 1002 2021 divisionibus
1012 1994 1046 2020 ⁸⁸.

257 2043 290 2070 Ει
311 2043 408 2070 beatus
424 2042 511 2069 Lucas
540 2042 566 2069 in
592 2042 706 2068 Actibus
723 2051 730 2068 :
747 2041 859 2068 Domine
883 2041 928 2075 qui
945 2041 1048 2075 Spiritu

254 2097 348 2118 sancto
361 2099 407 2125 per
425 2099 452 2117 os
467 2091 551 2125 patris
570 2090 655 2117 nostri
668 2089 753 2117 David
767 2090 840 2124 pueri
854 2090 894 2116 tui
907 2090 1001 2116 dixisti
1014 2089 1047 2117 ⁶¹.

257 2138 290 2165 Et
304 2144 400 2164 rursus
418 2146 424 2164 :
443 2137 582 2169 Quomodo
608 2136 683 2163 unxit
708 2145 767 2163 eum
787 2136 916 2162 Domitius
944 2136 1048 2169 Spiritu

255 2188 350 2211 sanrto
362 2188 386 2209 et
402 2183 541 2209 uirtute“.
557 2182 589 2209 Et
604 2182 689 2209 multa
704 2182 770 2208 talia
787 2182 910 2209 invenies
926 2181 953 2208 in
970 2181 1048 2209 Scri-

256 2235 335 2264 ptura
360 2228 508 2263 quaerendo
524 2238 530 2256 :
549 2228 629 2262 hujus
645 2236 711 2255 vero
724 2235 739 2255 e
763 2235 899 2255 converso
924 2227 1047 2255 minime:

1100 288 1144 316 nia
1160 289 1262 323 ejicere
1278 297 1287 322 ;
1303 293 1331 317 et
1349 289 1498 323 Apostolus
1520 290 1554 318 ad
1569 289 1725 319 Romanos:
1742 291 1800 319 Non
1815 294 1878 321 cuius

1099 343 1181 362 ausus
1195 343 1255 362 sum
1280 336 1368 363 dicere
1390 335 1492 371 aliquid
1519 344 1623 369 eorum,
1640 346 1698 372 qua-
1719 346 1765 372 ρετ
1778 347 1818 366 me
1831 348 1878 367 non

1099 382 1162 416 fecit
1172 380 1293 408 Christus
1310 381 1338 409 iu
1352 382 1528 409 obedientiam
1540 384 1655 417 gentium
1663 385 1691 411 in
1704 384 1776 411 verba
1787 389 1812 412 et
1822 393 1878 419 ope—

1099 427 1182 455 ribus.
1191 427 1217 452 in
1234 427 1328 454 virtute
1339 427 1475 462 signorum
1490 432 1515 455 et
1539 429 1738 462 miraculorum,
1752 431 1778 457 in
1789 433 1880 459 uirtute

1099 472 1215 506 Spiritus
1239 473 1326 500 sancti
1341 473 1374 500 “.
1395 473 1429 500 Et
1460 474 1494 501 ad
1506 474 1779 503 Tltessslonicences:
1800 476 1878 509 Quem

1098 518 1240 553 interﬁciat
1259 518 1387 546 Dominus
1410 519 1490 547 Jesns
1504 519 1608 553 Spiritu
1634 522 1688 549 oris
1702 530 1743 549 sui
1756 523 1789 550 “.
1808 522 1839 550 Et
1849 523 1880 550 ad

1099 563 1228 591 Hebraeos
1242 573 1248 591 :
1263 564 1370 597 Quanto
1382 566 1464 599 magis
1474 567 1581 601 sanguis
1589 565 1699 600 Christi,
1712 569 1757 603 qui
1770 576 1814 602 per
1825 568 1881 602 Spi-

1101 611 1180 636 ritum
1189 616 1347 637 sanctumse
1362 611 1448 644 ipsum
1461 612 1557 638 obtulit
1570 613 1770 640 immaculatum
1788 613 1838 640 Deo
1847 614 1879 640 “.

1100 656 1132 682 Et
1150 656 1177 683 in
1194 656 1309 683 Actibus
1324 665 1331 683 :
1348 655 1434 691 Usque
1450 657 1484 683 ad
1499 657 1573 684 illum
1584 658 1664 691 diem,
1680 658 1707 685 in
1721 667 1772 693 quo
1787 659 1880 694 proci-

1099 703 1174 737 piens
1191 702 1317 737 apostolis
1334 711 1381 736 per
1400 702 1531 738 Spiritum
1555 709 1676 731 sanctum
1694 711 1758 739 quos
1782 704 1857 740 elegit
1870 725 1880 737 ,

1099 753 1253 783 assumptus
1269 748 1350 776 est“.
1361 748 1393 775 Et
1409 749 1493 777 Isaias
1510 757 1519 776 :
1535 749 1568 776 Et
1583 749 1686 785 Spiritu
1697 750 1827 777 labiorim
1837 759 1881 778 su-

1100 803 1176 821 orum
1192 794 1332 828 interﬁciet
1349 795 1460 829 impium
1468 795 1502 822 ⁸⁷.
1517 795 1610 830 Itaque
1623 797 1751 831 quoniam
1766 796 1881 832 Spiritus

1100 846 1213 869 sanctus
1229 849 1282 868 non
1299 845 1341 868 est
1353 842 1566 868 instrumentum
1581 840 1653 874 Filii,
1670 846 1699 869 ut
1713 849 1762 877 per
1777 842 1830 870 hoc
1843 841 1883 870 «ίὶς

1100 892 1177 914 catur
1191 887 1276 915 Filius
1286 888 1377 915 facere
1387 895 1420 914 eo
1430 891 1456 914 et
1470 895 1518 921 per
1528 895 1606 920 eum;
1620 895 1708 923 neque
1716 896 1813 916 rursus
1822 896 1880 924 qua

1103 936 1181 966 liunt,
1193 935 1374 969 propinquius
1385 942 1400 962 a
1415 934 1517 969 Spiritu
1531 941 1613 970 quam
1625 941 1640 961 a
1651 933 1721 962 Filio
1733 934 1801 962 liunt
1811 941 1819 961 :
1831 943 1882 962 uno

1101 982 1174 1008 enim
1190 981 1308 1015 simplici
1323 985 1398 1014 sctu,
1411 985 1437 1009 et
1448 980 1607 1008 immediate
1622 987 1637 1008 a
1652 980 1722 1008 Filio
1739 985 1766 1008 et
1778 980 1882 1016 Spiritu

1101 1032 1208 1059 sancto,
1226 1026 1313 1061 magis
1333 1031 1423 1054 autem
1438 1034 1453 1054 a
1469 1031 1527 1054 tota
1547 1026 1678 1054 Trinitate
1693 1027 1785 1054 omnia
1797 1027 1881 1054 fiunt:

1100 1073 1166 1108 quid
1185 1073 1243 1099 vult
1264 1073 1419 1108 Scriptura,
1436 1073 1508 1107 quod
1525 1072 1622 1100 Filium
1639 1071 1748 1107 quidam
1763 1072 1831 1100 dicit
1844 1072 1882 1100 ls-

1103 1127 1166 1147 cere
1198 1119 1301 1154 Spiritu
1320 1124 1346 1146 et
1361 1126 1410 1154 per
1426 1118 1568 1152 Spiritum,
1589 1117 1719 1154 Spiritum
1735 1126 1801 1146 vero
1819 1117 1882 1146 Filio

1101 1166 1142 1192 vel
1164 1172 1210 1200 per
1231 1164 1332 1192 Filium
1360 1164 1451 1192 facere
1470 1164 1573 1199 aliquid
1591 1171 1725 1200 nusquam
1737 1164 1820 1192 dicit!
1838 1164 1876 1191 An

1102 1216 1208 1238 certum
1225 1215 1277 1243 est,
1305 1211 1377 1246 quod
1392 1212 1541 1239 secundum
1569 1211 1695 1246 superius
1718 1210 1881 1246 assignatam

1101 1256 1237 1284 rationem
1264 1264 1385 1284 consona
1403 1256 1454 1283 sibi
1482 1256 1630 1284 exsistente
1646 1255 1787 1290 Scriptura
1805 1261 1882 1282 causa

1102 1308 1144 1331 est
1161 1307 1191 1330 ut
1205 1303 1262 1330 hmc
1275 1303 1312 1330 ita
1328 1303 1430 1338 scripta
1451 1302 1525 1330 sint?
1539 1302 1674 1336 Quoniam
1689 1309 1748 1330 esse
1764 1309 1883 1329 commu-

1102 1356 1151 1376 nes
1167 1355 1193 1376 et
1208 1350 1319 1377 easdem
1334 1349 1368 1376 ad
1384 1354 1525 1376 creaturas
1540 1348 1602 1376 Filii
1620 1353 1646 1376 et
1661 1347 1780 1383 Spiritus
1798 1347 1883 1376 sancti

1102 1397 1298 1431 operationes:
1316 1403 1349 1423 ex
1365 1395 1436 1423 Filio
1459 1400 1589 1431 tanquam
1612 1403 1643 1422 ex
1660 1394 1795 1430 principio
1811 1393 1884 1421 adest

1103 1443 1228 1479 Spiritui,
1245 1444 1315 1472 sicut
1327 1449 1354 1472 et
1364 1451 1396 1472 ex
1408 1444 1498 1476 Patre,
1510 1448 1537 1470 et
1557 1450 1611 1471 non
1630 1443 1697 1470 Filio
1710 1449 1742 1469 ex
1760 1441 1879 1476 Spiritu:

1103 1496 1150 1518 aut
1164 1498 1229 1525 ergo
1243 1494 1285 1518 est
1297 1490 1417 1525 Spiritus
1434 1496 1461 1518 et
1475 1497 1522 1518 ex.
1530 1489 1611 1522 Filio,
1627 1493 1673 1516 aut
1695 1487 1810 1516 minime
1831 1486 1881 1515 sei-

1101 1544 1179 1572 psam
1198 1536 1341 1572 Scriptura
1361 1536 1498 1570 sequitur.

1311 1582 1457 1616 Septimum
1469 1583 1670 1617 Argumentum.

1138 1628 1205 1656 Item
1237 1627 1322 1656 Filius
1343 1629 1444 1655 dicitur
1471 1628 1588 1655 Verbum
1613 1626 1756 1660 Patris,et
1780 1632 1816 1653 ex
1834 1625 1884 1652 bac

1103 1674 1289 1701 nominatione
1302 1673 1480 1708 intelligimus
1492 1681 1555 1701 eum
1574 1677 1602 1701 et
1620 1677 1783 1700 cuteternum
1800 1670 1882 1703 Patri,
1895 1672 1902 1678 '

1103 1727 1129 1748 et
1138 1728 1169 1748 ex
1191 1728 1224 1748 eo
1238 1721 1340 1748 habere
1362 1728 1435 1748 esse.
1465 1720 1543 1748 Sicut
1572 1725 1664 1747 autem
1688 1717 1774 1746 Eilius
1785 1717 1885 1745 dicitur

1103 1767 1225 1794 Verbum
1239 1766 1339 1799 Patris,
1356 1766 1394 1794 ita
1410 1766 1529 1800 Spiritus
1544 1770 1658 1794 sanctus
1672 1765 1771 1793 dicitur
1781 1763 1882 1792 Rhl-ma

1103 1814 1175 1841 Filii.
1189 1814 1233 1841 Ait
1246 1813 1319 1840 enim
1333 1812 1480 1847 Apostolus
1489 1812 1523 1840 ad
1539 1811 1668 1840 Hebraeos
1681 1811 1715 1839 de
1731 1809 1800 1837 Filio
1813 1819 1819 1837 ;
1832 1807 1883 1842 Qui

1102 1868 1161 1887 cum
1172 1864 1239 1887 esset
1253 1859 1378 1894 splendor
1390 1859 1492 1893 gloria,
1507 1863 1531 1886 et
1549 1859 1638 1893 ﬁgura
1652 1856 1809 1885 substantia
1818 1855 1883 1891 ejus,

1102 1909 1260 1939 portamque
1279 1905 1367 1931 omnia
1378 1904 1504 1932 Rhcmatc
1518 1903 1622 1931 virtutis
1637 1910 1692 1930 sua
1700 1902 1734 1930 δ’.
1748 1901 1825 1935 Quod
1838 1908 1884 1928 su-

1104 1956 1157 1978 tem
1168 1951 1195 1978 in
1209 1951 1251 1977 his
1261 1949 1364 1977 Rbema
1376 1949 1487 1977 virtutis
1502 1948 1563 1976 Filii
1576 1951 1665 1984 ipsum
1676 1947 1806 1982 Spiritum
1822 1952 1882 1973 sau-

1103 2005 1176 2025 cium
1208 1997 1342 2030 nominat,
1358 2001 1433 2030 patet
1449 2004 1482 2024 ex
1498 1987 1561 2024 aliis
1578 1995 1703 2031 partibus
1724 1992 1882 2028 Scriptura.

1103 2043 1184 2070 Certe
1199 2042 1271 2069 enim
1288 2050 1342 2077 qtto
1356 2041 1443 2069 Filius
1458 2045 1556 2076 purgat
1572 2042 1690 2071 animus.
1701 2039 1776 2072 ejicit
1786 2038 1883 2066 damo-

1103 2090 1160 2121 nia,
1176 2089 1253 2124 signa
1271 2092 1297 2116 et
1318 2093 1442 2123 portenta
1458 2088 1544 2121 facit;
1567 2087 1663 2115 eodem
1675 2091 1702 2114 et
1718 2089 1805 2120 portat
1824 2091 1881 2112 om-

1102 2136 1158 2162 nia.
1177 2135 1211 2161 At
1229 2142 1292 2162 vero
1308 2134 1442 2169 scriptum
1457 2139 1509 2166 est,
1536 2133 1581 2160 illa
1598 2132 1687 2160 facere
1704 2131 1804 2167 Spiritu
1819 2137 1882 2157 san-

1102 2187 1164 2210 cto:
1182 2189 1248 2215 ergo
1265 2185 1292 2208 ct
1309 2180 1412 2215 Spiritu
1437 2186 1534 2207 sancto
1549 2178 1640 2206 omnia
1663 2182 1763 2213 portat.
1780 2175 1881 2204 Dicitur

1102 2233 1192 2255 autem
1209 2227 1237 2254 in
1255 2226 1396 2261 proposito
1412 2225 1487 2253 dicto
1501 2225 1614 2252 Retnste
1627 2230 1686 2251 sua
1700 2222 1810 2250 virtutis
1823 2227 1882 2256 por-

257 2275 289 2301 Et
301 2279 342 2301 est
357 2279 474 2305 certum,
490 2273 562 2308 quod
582 2277 624 2300 est
639 2273 734 2301 eadem
753 2280 848 2307 causa,
865 2277 895 2300 ut
911 2274 946 2301 ita
961 2272 994 2300 de
1008 2273 1046 2300 eis
1064 2274 1085 2302 D
1100 2279 1158 2301 tare
1165 2273 1267 2304 omnia,
1279 2272 1398 2307 Spiritus
1412 2279 1478 2306 ergo
1491 2275 1604 2299 sanctus
1621 2274 1649 2298 et
1657 2269 1759 2297 Rbetna
1771 2266 1880 2294 virtutis

258 2319 401 2354 Scriptura
415 2320 547 2354 disputet,
557 2319 630 2353 quod
647 2327 707 2347 esse
723 2326 885 2346 communes
896 2323 923 2346 et
935 2319 1045 2345 easdem

256 2365 289 2392 ad
304 2370 446 2392 creaturas
462 2365 586 2392 actiones
602 2364 693 2391 Patris
708 2368 736 2391 et
749 2364 837 2392 sancti
855 2364 988 2398 Spiritus.
1009 2364 1045 2391 Ex

256 2406 337 2438 Patre
353 2415 481 2445 tanquam
502 2418 534 2437 ex
553 2410 688 2445 principio
710 2410 788 2437 adest
807 2409 921 2444 Spiritui
939 2414 1046 2442 sancto,

256 2461 283 2484 et
297 2464 350 2483 non
363 2458 435 2484 Patri
452 2464 484 2484 et
501 2456 604 2491 Spiritu
621 2461 728 2482 sancto.

293 2503 327 2531 Ut
335 2503 408 2530 enim
421 2504 473 2530 hoc
485 2503 678 2537 intelligamus,
688 2501 794 2528 Patrem
805 2502 843 2528 ait
853 2501 954 2536 Spiritu
965 2507 991 2530 et
999 2510 1048 2537 per

257 2548 388 2584 Spiritum
406 2549 509 2582 facere,
521 2548 654 2583 Spiritum
677 2555 742 2574 vero
755 2556 895 2582 nunquam
915 2548 953 2575 ait
969 2548 1048 2575 Patre

255 2596 297 2622 vcl
317 2603 365 2630 per
377 2595 486 2622 Patrem
505 2594 596 2621 facere
619 2593 782 2628 aliquid.At
811 2601 875 2621 vero
896 2594 1045 2622 secundum

255 2643 380 2669 eumtlcm
397 2636 524 2672 modum,
539 2640 611 2674 quod
625 2638 711 2667 Filius
723 2640 788 2667 facit
803 2640 906 2675 aliquid
918 2648 966 2675 per
983 2639 1047 2675 Spi-

254 2688 337 2715 ritum
350 2692 377 2715 et
394 2685 510 2721 Spiritu.
525 2686 616 2713 omnis
624 2686 715 2713 divina
728 2685 871 2717 Scriptura
885 2686 963 2720 plena
980 2691 1022 2713 est
1036 2695 1042 2718 ;

254 2733 327 2769 quod
343 2740 409 2760 vero
426 2732 545 2766 Spiritus
566 2732 669 2767 aliquid
690 2732 755 2759 facit
778 2732 849 2759 Filio
873 2733 914 2760 vel
935 2740 983 2767 per
1001 2731 1046 2759 Fi-

254 2779 350 2812 liunm,
361 2786 477 2813 usquam
489 2777 636 2813 Scriptura:
646 2780 756 2806 dicitur.
768 2779 796 2807 lu
807 2778 962 2814 Evangeliis
972 2779 1044 2806 enim

292 2850 314 2865 "
329 2846 410 2877 Hebr.
427 2858 445 2881 ι,
457 2849 485 2877 2.
512 2849 624 2878 "Rom.
641 2859 666 2881 ν,
686 2850 712 2878 5.
744 2851 765 2866 "
782 2851 933 2881 ltom.vm,
948 2850 991 2876 ll.

254 2891 290 2916 IV,
305 2885 351 2913 25.
388 2886 410 2901 ⁸¹
425 2887 485 2913 Aet.
498 2894 522 2915 x.
540 2887 584 2913 58.
624 2887 646 2902 “
662 2887 742 2913 ltom.
755 2894 798 2915 sv.
819 2885 861 2913 18.
899 2885 953 2912 “ll
972 2885 1070 2913 Thess.
1089 2894 1118 2917 tt,
1139 2885 1166 2913 8.
1184 2887 1206 2901 "
1221 2886 1303 2914 llcbr.
1325 2894 1364 2917 Ix.
1386 2887 1431 2914 M.

1099 2318 1162 2346 Filii
1182 2319 1253 2346 idem
1270 2322 1322 2346 est.
1342 2317 1420 2345 Patet
1436 2321 1528 2346 autem
1546 2316 1574 2344 id
1589 2317 1678 2352 ipsum
1701 2321 1728 2343 et
1749 2314 1821 2342 inde.
1833 2312 1879 2341 Cui

1100 2365 1181 2392 trium
1198 2371 1376 2398 personarum
1394 2368 1424 2389 ut
1454 2363 1603 2398 plurimum
1616 2362 1642 2389 in
1659 2361 1802 2396 Scriptura
1812 2359 1880 2386 vivi-

1101 2412 1183 2437 licare
1194 2409 1375 2437 attribuitur?
1390 2409 1490 2437 Sancto
1504 2408 1630 2444 Spiritui.
1650 2408 1695 2435 Ait
1705 2407 1778 2435 enim
1790 2405 1880 2433 Domi-

1100 2465 1170 2484 nus:
1195 2456 1311 2490 Spiritus
1326 2460 1363 2483 εει
1381 2455 1426 2488 qui
1454 2456 1571 2490 vioiﬁcat
1584 2455 1617 2481 δ’.
1631 2453 1664 2481 Et
1691 2452 1834 2488 Apostolus
1848 2450 1880 2478 ad

1100 2501 1240 2529 Romanos
1254 2510 1260 2528 :
1279 2501 1332 2534 Qui
1348 2501 1485 2528 suscitavit
1505 2500 1600 2527 Jesum
1621 2499 1754 2528 Christum
1768 2505 1801 2526 es
1812 2503 1881 2523 uor-

1099 2548 1164 2580 tuis,
1180 2548 1324 2582 viviﬁcabit
1344 2552 1368 2574 et
1380 2547 1505 2574 mortalia
1535 2551 1624 2573 nostra
1645 2551 1754 2580 corpora
1766 2551 1812 2580 per
1823 2541 1881 2575 δρε-

1098 2595 1179 2620 ritum
1195 2602 1273 2620 suum
1291 2594 1338 2629 qui
1358 2594 1462 2621 habitat
1497 2594 1524 2620 in
1553 2593 1628 2620 nobis
1640 2592 1675 2619 ".
1707 2591 1804 2618 lterum
1819 2596 1836 2617 ε,
1852 2587 1879 2615 Si

1097 2639 1201 2674 Spiritu
1229 2648 1309 2674 opera
1333 2640 1422 2666 carnis
1452 2638 1685 2673 mortiﬁcaveritis,
1720 2636 1811 2664 vivatis
1839 2633 1878 2660 ".

1097 2686 1164 2719 Quis
1177 2691 1269 2713 autem
1290 2686 1323 2713 de
1337 2686 1426 2713 tribus
1447 2685 1593 2721 procedere
1607 2683 1721 2712 dicitur?
1732 2682 1811 2710 Certe
1820 2679 1880 2715 Spi-

1100 2733 1181 2761 ritus.
1197 2732 1264 2765 Quis
1283 2733 1373 2759 adhuc
1386 2733 1486 2760 dicitur
1499 2739 1562 2759 esse
1572 2739 1605 2758 os
1627 2729 1717 2758 Patris
1727 2729 1740 2757 τ
1750 2727 1876 2764 Spiritus.

1101 2780 1136 2806 At
1148 2787 1212 2807 vero
1237 2780 1296 2814 ipse
1311 2779 1444 2807 Dominus
1457 2777 1692 2814 comprehenderis
1717 2774 1796 2804 sintut
1811 2772 1878 2800 vivi-

1032 2850 1053 2866 ³⁸
1069 2850 1078 2877 l
1092 2850 1157 2877 Cur.
1174 2858 1203 2880 ll.
1221 2850 1265 2878 10.
1304 2851 1327 2867 ³’
1342 2850 1397 2878 Tit.
1414 2857 1457 2883 ut,
1475 2850 1502 2878 5.
1539 2849 1564 2865 “
1576 2847 1659 2876 Hebr.
1675 2848 1748 2883 tu}.
1782 2845 1804 2862 “
1818 2844 1873 2883 Ac}.

1484 2886 1506 2902 “
1519 2884 1580 2914 Act.
1598 2891 1619 2919 I,
1639 2884 1666 2912 2.
1703 2882 1726 2899 ⁸⁷
1738 2881 1789 2910 lsa.
1800 2888 1836 2912 ιι,
1847 2878 1874 2907 4.

254 2920 278 2935 ⁴¹
294 2920 374 2948 Hebr.
392 2929 410 2953 I,
429 2921 456 2948 5.
495 2921 517 2937 ⁴⁹
529 2920 608 2951 Juan.
628 2930 663 2956 γι,
677 2923 719 2949 65.
760 2922 783 2937 ⁶⁰
799 2920 878 2965 litum.
898 2929 957 2953 Vlll,
980 2922 1022 2948 Η.

1106 2921 1172 2948 ibitl.
1201 2922 1245 2949 15.
