4064 6526
330 422 455 490 ῙΕΞΙ

1691 425 1836 484 Πὶο
1867 424 2092 483 LATlN
2111 422 2178 479 lS

3443 413 3580 476 139.2

262 584 266 588 .
328 542 660 600 ﬁcationem,
723 537 1131 606 proccssionem
1165 548 1220 590 ct
1259 551 1341 597 os,
1379 535 1495 588 ait:
1543 532 1665 587 Non
1697 534 1749 586 in
1781 535 1892 585 solo
1927 543 1970 590 A
2002 532 2238 601 Spiritus
2269 539 2491 584 sanctus
2525 540 2578 583 ct
2614 531 2795 583 Patris
2814 535 2898 582 est
2921 536 2976 581 et
3011 525 3155 589 Filii.
3190 525 3282 580 illo
3321 526 3585 584 videlicet

325 647 458 696 pane
478 630 610 683 vivet
633 629 810 693 homo,
867 627 956 682 sed
987 629 1039 680 iu
1058 627 1200 680 omni
1241 625 1456 679 Remate
1483 623 1790 692 procedente
1811 638 1904 690 per

327 740 385 776 os
409 722 508 777 Dei
534 723 609 774 ⁵⁸.
649 721 792 791 Ergo
825 736 985 775 omne
1033 719 1202 774 Rema
1239 718 1544 788 procedens
1591 732 1688 783 per
1713 730 1774 768 os
1810 715 1904 769 Dei

330 815 380 866 in
399 829 508 882 quo
529 814 785 876 vivimus,
802 813 918 880 ipse
941 810 1176 880 Spiritus
1200 817 1426 864 sanctus
1449 815 1550 862 est.
1582 804 1908 859 Manifestis-

335 908 538 960 simum
572 914 750 960 autem
800 905 902 958 hoc
948 904 1073 956 fecit
1105 901 1400 970 Apostolus
1435 901 1502 953 ad
1535 897 1798 966 Ephesios
1825 896 1909 948 di-

329 1013 495 1053 cens:
537 996 604 1050 Et
637 998 846 1068 galeam
877 994 1136 1048 salutaris
1172 993 1420 1060 accipite,
1457 999 1505 1043 et
1526 988 1764 1060 gladium
1792 985 1911 1056 Spi-

331 1095 486 1155 ritus,
542 1090 681 1162 quod
726 1097 802 1142 est
844 1087 1008 1141 Rema
1049 1087 1147 1141 Dei
1181 1087 1250 1140 ⁸³.
1309 1085 1440 1138 Nam
1491 1099 1614 1138 cum
1649 1081 1912 1150 inlingua

329 1184 512 1236 Graeca
557 1182 770 1249 gladius
817 1190 964 1232 esset
992 1176 1236 1230 ieiiiiiiini
1298 1175 1514 1244 generis
1544 1214 1558 1237 ,
1589 1185 1640 1226 ct
1677 1171 1912 1240 Spiritus

331 1274 512 1329 neutri
540 1315 554 1337 ,
585 1289 690 1327 non
741 1273 877 1325 dixit
909 1287 1025 1339 qua:
1047 1279 1124 1323 est
1153 1268 1312 1323 Rema
1349 1267 1467 1331 Dei,
1495 1275 1555 1320 ut
1581 1263 1914 1332 intelligatur

333 1366 544 1430 gladius
573 1382 588 1430 ;
624 1365 717 1418 sed
750 1363 978 1431 quodest
1013 1361 1174 1415 Reum
1209 1361 1324 1422 Dei,
1350 1367 1412 1412 ut
1452 1357 1650 1412 exinde
1705 1355 1873 1410 intelli
1898 1385 1914 1392 -

335 1469 492 1528 gatur
525 1459 800 1524 Spiritus:
839 1469 903 1506 ac
957 1455 998 1506 si
1032 1454 1307 1507 diceretur
1359 1451 1412 1504 in
1457 1450 1637 1519 lingua
1671 1447 1865 1502 Latina
1901 1463 1914 1498 :

337 1552 440 1613 Qui
472 1549 708 1617 Spiritus
741 1545 887 1599 Remi
939 1545 1032 1598 Dei
1079 1555 1176 1596 est.
1210 1541 1378 1595 Rema
1420 1556 1548 1609 ergo
1579 1539 1795 1593 virtutis
1830 1537 1920 1591 Fi-

334 1642 414 1706 lii,
443 1657 549 1710 quo
600 1640 783 1694 omnia
841 1645 1055 1708 portat,
1106 1635 1224 1705 ipse
1272 1633 1516 1703 Spiritus
1549 1641 1654 1687 est.
1698 1631 1921 1686 Etsieut

255 1792 260 1795 _
338 1734 424 1785 ubi
476 1733 647 1786 Filius
677 1731 901 1794 dicitur,
934 1728 1188 1798 splendor
1236 1726 1422 1798 gloria:
1457 1724 1654 1789 Patris,
1687 1725 1922 1777 circum—

338 1823 581 1875 locutive
608 1821 813 1874 dictum
843 1829 927 1874 est
952 1835 1048 1889 pro
1075 1833 1140 1874 eo
1162 1818 1305 1886 quod
1339 1817 1554 1872 dicatur
1576 1813 1756 1868 Patris
1788 1853 1801 1876 ,
1845 1813 1916 1866 ita
1947 1839 1954 1882 τ

336 1923 392 1968 et
420 1913 656 1982 Spiritus
682 1919 906 1966 sanctus
942 1910 1147 1965 dicitur
1170 1924 1292 1964 esse
1315 1908 1485 1962 Rema
1517 1906 1740 1960 virtutis
1765 1903 1914 1969 Filii,

337 2021 436 2074 pro
464 2019 528 2059 eo
567 2004 711 2074 quod
745 2004 966 2058 dicatur
1008 2002 1175 2057 Rema
1203 2002 1346 2056 Filii.
1396 2001 1540 2068 Ergo
1571 2015 1636 2054 ex
1675 1999 1780 2053 hac
1811 2013 1913 2051 no-

341 2097 643 2152 minatione
709 2097 839 2164 quid
875 2097 1020 2150 aliud
1073 2105 1250 2164 potest
1308 2094 1560 2163 intelligi,
1618 2091 1725 2146 nisi
1757 2091 1908 2160 quod

342 2189 580 2258 Spiritus
609 2201 677 2241 ex
715 2186 856 2240 Filio
901 2186 1026 2240 est?
1086 2186 1349 2255 quoniam
1381 2192 1434 2240 et
1465 2197 1632 2239 omne
1653 2181 1822 2237 Rema
1853 2198 1918 2235 ex

341 2282 438 2334 illo
462 2289 568 2342 est,
606 2279 764 2347 cujus
789 2293 910 2333 esse
945 2278 1172 2333 dicitur.

414 2371 728 2428 Notandum
757 2385 886 2425 vero
911 2383 1000 2426 est
1036 2379 1092 2425 et
1123 2370 1275 2435 illud,
1311 2369 1456 2440 quod
1490 2385 1613 2425 cum
1652 2372 1804 2440 logos
1842 2371 1923 2425 di-

343 2476 499 2523 catur
531 2466 586 2520 in
643 2465 827 2534 lingua
879 2461 1091 2530 Greece,
1178 2471 1234 2518 et
1303 2461 1356 2515 iu
1389 2477 1524 2517 voce
1560 2471 1616 2518 et
1656 2462 1712 2516 in
1736 2461 1921 2527 corde,

346 2561 514 2614 rema‘
547 2567 756 2614 tantum
821 2558 874 2611 in
927 2571 1060 2612 voce
1113 2565 1168 2610 et
1217 2570 1346 2612 ore:
1404 2553 1648 2626 Spiritus
1705 2555 1923 2625 quidem

346 2662 570 2710 sanctus
651 2651 852 2705 dicitur
924 2646 1095 2702 Rema
1166 2663 1260 2716 per
1314 2662 1378 2704 os
1442 2647 1536 2701 Dei
1585 2648 1924 2716 procedens.

347 2757 402 2800 et
442 2744 681 2812 Spiritus
728 2744 844 2796 oris
901 2739 1243 2795 DeizFilius
1305 2754 1442 2794 vero
1502 2739 1659 2810 logos
1705 2738 1928 2807 quidem

345 2839 530 2894 Cl)l‘tii5
596 2837 684 2888 Dei
748 2836 971 2887 dicitur.
1055 2830 1335 2884 Eructavit
1413 2831 1599 2893 enim,
1651 2831 1764 2891 ait.
1840 2843 1930 2881 cor

348 2945 523 2986 meum
551 2927 706 2997 logon
740 2927 932 2978 bonum
958 2925 1028 2988 “,
1082 2925 1227 2992 quod
1257 2939 1323 2978 ex
1365 2938 1600 2994 persona
1632 2921 1813 2977 Patris
1850 2921 1930 2975 di-

350 3033 498 3078 ctum
527 3037 648 3076 esse
670 3027 895 3074 sanctus
924 3017 1222 3087 Dionysius
1253 3025 1520 3071 testatur:
1548 3016 1701 3083 logos
1736 3022 1920 3067 autem

353 3118 466 3171 oris
497 3116 588 3169 Dei
616 3130 724 3168 non
759 3114 986 3166 dicitur.
1038 3111 1110 3164 De
1145 3111 1348 3179 quibus
1405 3109 1636 3164 vocibus
1670 3117 1930 3177 tanquam

357 3207 603 3278 mysticis
642 3203 981 3275 quibusdam
1012 3204 1168 3258 netis
1215 3202 1346 3255 illud
1372 3200 1756 3270 intelligimus,
1785 3197 1933 3268 quod

354 3301 498 3355 sicut
534 3298 717 3353 cordis
771 3297 923 3364 logos
953 3307 1130 3349 estex
1180 3294 1294 3348 sola
1363 3301 1544 3347 mente
1571 3333 1586 3357 ,
1620 3307 1765 3346 rema
1803 3305 1935 3345 vero

359 3393 507 3443 vocis
541 3400 622 3444 est
648 3403 715 3442 ex
743 3397 922 3441 mente
951 3396 1007 3441 et
1029 3384 1286 3454 logo,qui
1324 3384 1376 3438 in
1410 3385 1572 3439 corde
1595 3393 1710 3438 est:
1740 3383 1810 3436 ita
1852 3379 1942 3435 Fi-

358 3484 466 3537 lius
500 3483 720 3551 quidem
761 3495 826 3534 ex
857 3480 976 3534 solo
1031 3477 1194 3534 Patre
1217 3487 1338 3543 est,
1388 3477 1633 3547 Spiritus
1657 3491 1788 3532 vero
1816 3491 1967 3531 san--

358 3587 484 3635 ctus
512 3591 581 3629 ex
611 3573 775 3628 Patre
793 3569 1069 3639 Filioque.

789 3704 1050 3759 Octavum
1106 3701 1510 3771 Argumentum.

434 3844 677 3914 Spiritus
699 3849 926 3896 sanctus
960 3837 1161 3892 dicitur
1196 3837 1250 3891 in
1308 3837 1592 3906 Scriptura
1625 3843 1817 3891 esseet
1844 3835 1939 3889 Pa-

372 3943 470 3995 tris
495 3947 545 3991 et
597 3934 744 3990 Filii.
790 3931 1045 3986 Aitenim
1083 3929 1378 3998 Apostolus
1424 3929 1491 3983 ad
1531 3928 1845 3986 Romanos:
1887 3927 1945 3983 Si

369 4035 486 4103 quis
510 4031 774 4099 Spiritum
823 4025 1024 4080 Christi
1049 4039 1155 4076 non
1177 4022 1357 4086 habet,
1387 4022 1472 4074 hic
1501 4038 1599 4074 non
1631 4029 1710 4075 est
1738 4019 1851 4089 ejus
1874 4021 1942 4084 M;

369 4137 421 4178 et
449 4126 514 4178 ad
555 4122 818 4175 Galatas:
880 4117 1032 4170 Misit
1091 4115 1231 4168 Deus
1279 4113 1540 4183 Spiritum
1585 4112 1718 4166 Filii
1748 4115 1828 4165 sui
1862 4113 1941 4165 ⁵⁸.

371 4221 440 4270 At
480 4232 628 4276 vero,
666 4228 788 4283 quae
831 4218 959 4266 sunt
1013 4207 1326 4263 communia
1379 4207 1556 4260 Patris
1581 4217 1632 4258 ct
1655 4203 1799 4270 Filii,
1838 4220 1943 4258 non

372 4307 530 4360 aliter
557 4311 686 4359 sunt
720 4302 894 4354 Patris
923 4308 976 4352 et
1008 4299 1167 4351 aliter
1195 4294 1340 4357 Filii,
1373 4295 1464 4348 sed
1497 4293 1748 4349 similiter
1774 4301 1828 4346 ct
1854 4307 1947 4345 eo-

370 4399 493 4452 dem
513 4394 714 4448 modo:
745 4392 890 4460 quod
917 4389 1180 4442 Dominus
1201 4387 1439 4440 ostendit
1463 4385 1517 4437 in
1543 4384 1838 4452 aliquibus.
1861 4382 1950 4434 Ait

372 4490 515 4542 enim
546 4482 916 4552 :Qutecuuque
937 4480 1265 4546 Patet-facit,
1298 4478 1479 4530 cadent
1511 4486 1558 4528 et
1589 4473 1761 4528 Filius
1805 4474 1953 4525 simi-
1986 4514 2029 4570 Ι)

378 4581 494 4632 liter
525 4575 712 4646 facit"
736 4593 752 4640 ;
779 4583 837 4627 et
856 4573 1071 4634 iterum,
1092 4568 1240 4622 Sicut
1268 4569 1427 4621 Pater
1454 4569 1680 4619 suscitat
1719 4575 1953 4618 mortuos

374 4681 423 4724 et
448 4661 1050 4735 viviﬁcat,itaetFilius
1101 4676 1231 4732 quos
1283 4662 1393 4713 vult
1445 4660 1674 4728 vivificat
1712 4660 1952 4713 ".Sieut

376 4778 507 4831 ergo
538 4761 715 4815 facere
737 4767 792 4811 et
825 4757 1102 4810 vivilicare
1139 4767 1434 4807 commune
1463 4752 1740 4806 exsistens
1773 4750 1953 4804 Patris

377 4865 431 4909 et
457 4854 598 4916 Filii,
638 4851 892 4907 similiter
910 4859 994 4902 est
1024 4848 1311 4900 amborum
1338 4863 1352 4898 :
1390 4848 1460 4897 ita
1489 4852 1540 4897 et
1569 4845 1615 4897 si
1647 4843 1778 4912 quid
1807 4843 1953 4897 aliud

381 4956 674 4998 commune
727 4951 812 4994 est
866 4937 1048 4992 Patris
1102 4946 1156 4990 et
1216 4935 1358 4998 Filii,
1425 4935 1613 4989 eadem
1664 4938 1873 4990 ratione
1906 4947 1960 4990 ct

382 5035 547 5090 modo
574 5035 806 5087 duorum
831 5039 911 5084 est
938 5071 952 5095 ,
996 5030 1142 5083 salva
1180 5028 1428 5080 videlicet
1463 5027 1551 5080 illa
1586 5027 1961 5092 distinctione,

379 5143 489 5198 qua
568 5125 919 5194 intelligimus
990 5121 1304 5176 communia
1375 5122 1608 5174 duorum
1667 5136 1730 5173 ex
1805 5119 1963 5174 Patre

386 5220 580 5273 adesse
620 5217 776 5280 Filio,
810 5230 916 5268 nou
952 5229 1015 5266 ex
1047 5214 1156 5267 alio
1198 5213 1367 5267 Patri.
1400 5211 1463 5265 Et
1494 5213 1732 5280 idipsum
1792 5212 1966 5282 signi-

391 5314 516 5364 ticat
539 5310 806 5364 Dominus
845 5309 1033 5362 dicens
1078 5323 1092 5359 :
1123 5305 1272 5360 Sicut
1313 5305 1476 5359 Pater
1510 5305 1662 5359 habet
1706 5307 1868 5359 vitam
1906 5308 1961 5359 in

387 5402 663 5466 semetipso
691 5400 758 5452 ³⁹.
799 5401 940 5467 Ergo
971 5397 1171 5450 habere
1201 5396 1363 5448 vitam
1404 5396 1456 5448 in
1484 5397 1777 5463 semetipso
1809 5411 1959 5450 com-

391 5510 553 5546 mune
578 5492 850 5546 exsistens
877 5489 1129 5542 similiter
1155 5491 1444 5541 amborum
1474 5526 1488 5550 ,
1543 5499 1724 5540 tamen
1755 5504 1818 5542 ex
1851 5491 1958 5542 Pa-

390 5597 472 5639 tre
522 5587 592 5639 ab
618 5593 826 5638 aeterno
879 5581 1052 5635 Filius
1088 5581 1191 5634 hoc
1223 5580 1404 5634 liabet.
1453 5580 1803 5649 QuaprOpter
1830 5585 1957 5651 quia

462 5795 505 5826 ⁵²
542 5793 730 5845 Matth.
771 5807 843 5851 1v,
873 5792 925 5845 4.
1005 5781 1050 5821 ’³
1082 5791 1275 5858 Epltcs.
1304 5809 1378 5854 Vt,
1457 5797 1502 5846 7.

399 5867 481 5920 ιε).
555 5863 881 5915 “ibid.'z’.i.
958 5861 1002 5891 δ’
1058 5861 1189 5913 ibid.
1235 5861 1325 5917 es.
1397 5865 1446 5895 σο
1507 5864 1703 5933 replies.
1744 5881 1813 5929 νε,
1881 5866 1961 5916 l7.

770 5959 1016 6017 i‘LTnOL
1079 5960 1194 6019 Gn.
1246 5958 1372 6018 CLI

1581 5795 1624 5827 5‘
1660 5793 1966 5855 Psal.xuv,
2003 5789 2055 5845 2.

2010 625 2272 680 distincto
2297 633 2533 688 tantum,
2570 624 2715 693 quod
2756 622 2928 678 Filius
2960 623 3062 678 hoc
3089 621 3254 676 habet
3289 622 3355 675 ab
3377 629 3584 675 retento

2010 733 2076 771 ex
2119 716 2298 780 Patre,
2334 725 2389 770 ut
2414 716 2532 782 ejus
2559 716 2776 769 dicatur
2805 714 3062 783 Spiritus.

2081 809 2150 861 At
2184 822 2312 861 vero
2361 806 2481 860 ideo
2524 807 2724 860 dicitur
2756 809 2994 877 Spiritus
3038 819 3288 874 sanctus,
3345 807 3588 882 Spiritus

2013 897 2210 958 Patris,
2266 896 2520 964 quoniam
2571 911 2632 948 ex
2676 912 2761 950 eo.
2821 898 2875 949 Si
2945 899 3089 951 enim
3144 901 3281 956 alius
3313 904 3589 960 exsistens

2014 1003 2176 1053 quam
2217 985 2394 1046 Pater,
2433 1002 2538 1041 non
2576 997 2719 1042 esset
2749 1005 2919 1055 exeo,
2953 1007 3059 1044 non
3089 994 3277 1062 utique
3312 997 3590 1052 diceretur

2015 1081 2136 1149 ejus
2174 1095 2321 1134 esse.
2375 1079 2697 1150 Signiﬁcant
2746 1091 2925 1136 autem
2977 1085 3160 1139 ethoc
3220 1089 3590 1156 evangelista).

2017 1172 2098 1225 illi
2127 1173 2271 1226 enim
2326 1174 2415 1242 qui
2463 1173 2653 1226 dicunt
2701 1171 2964 1240 Spiritum
3017 1174 3213 1239 Patris,
3265 1194 3372 1231 non
3403 1180 3595 1235 dicunt

2013 1265 2283 1342 Spiritum
2338 1281 2402 1318 ex
2461 1263 2654 1318 Patre:
2687 1264 2930 1320 Joannes
2967 1284 3096 1321 vero
3123 1271 3298 1327 solus.
3334 1273 3428 1339 qui
3465 1282 3587 1340 post

2021 1373 2213 1412 omnes
2269 1357 2634 1426 Evangelium
2666 1359 2908 1427 scripsit,
2952 1360 3214 1428 Spiritum
3246 1363 3449 1418 ai‘atre
3473 1381 3597 1433 pro-

2020 1447 2302 1500 cedentem
2339 1448 2549 1512 dicens,
2573 1447 2836 1516 Spiritum
2876 1449 3052 1503 Patris
3083 1451 3134 1504 in
3171 1467 3270 1504 suo
3307 1451 3597 1523 Evangelio

2025 1543 2251 1594 minime
2284 1541 2440 1595 dicit.
2462 1543 2701 1596 Putasne
2771 1544 3099 1609 ignorabant
3153 1546 3232 1597 vel
3287 1547 3597 1608 illi,utrum

2023 1652 2087 1690 ex
2153 1637 2310 1690 Patre
2365 1647 2446 1691 est
2475 1639 2743 1704 Spiritus:
2783 1639 2864 1692 vel
2902 1638 2990 1692 hic
3032 1647 3213 1701 utrum
3274 1641 3449 1695 Patris
3475 1642 3602 1697 est?

2026 1728 2264 1782 Minime.
2298 1728 2403 1783 Sed
2431 1739 2642 1784 certum
2674 1739 2776 1793 est.
2807 1731 2951 1798 quod
2992 1739 3048 1802 et
3097 1732 3173 1785 illi
3212 1732 3455 1788 dicentes
3480 1749 3602 1789 esse

2029 1817 2201 1872 Patris
2230 1817 2519 1886 Spiritum,
2551 1835 2650 1888 per
2669 1821 2772 1875 hoc
2799 1821 3113 1891 significare
3150 1824 3427 1887 volebant,
3455 1827 3602 1893 quod

2022 1925 2086 1962 ex
2119 1911 2272 1964 Patre
2297 1919 2379 1965 est
2416 1929 2428 1965 :
2456 1922 2509 1966 et
2541 1912 2629 1968 hic
2669 1913 2860 1967 dicens
2893 1912 3070 1982 ipsum
3115 1930 3140 1968 a
3184 1915 3368 1979 Patre,
3412 1919 3606 1971 eodem

2023 2005 2142 2072 ipso
2168 2012 2221 2056 et
2249 2003 2395 2072 quod
2446 2002 2624 2058 Patris
2657 2014 2744 2058 est
2777 2005 3072 2076 signiﬁcat.
3103 2007 3242 2075 Ergo
3266 2007 3309 2061 si
3350 2023 3602 2062 necessa-

2024 2097 2168 2148 rium
2198 2103 2280 2149 est
2321 2094 2593 2165 Spiritum
2632 2107 2883 2151 sanctum
2919 2099 2990 2150 ita
3021 2113 3141 2153 esse
3177 2098 3324 2162 Filii,
3362 2100 3608 2154 sicutcst

2024 2185 2204 2241 Patris
2230 2205 2245 2241 :
2272 2198 2355 2242 est
2381 2196 2564 2243 autem
2607 2191 2787 2244 Patris
2817 2199 3076 2260 tanquam
3111 2193 3383 2248 exsisle.:s
3402 2209 3467 2248 ex
3501 2209 3605 2260 eo;

2023 2288 2107 2334 est
2135 2295 2264 2348 ergo
2304 2292 2359 2334 et
2388 2280 2515 2334 Filii
2552 2291 2811 2351 tanquam
2863 2284 3138 2338 exsistens
3168 2299 3236 2339 ex
3263 2300 3349 2339 eo.
3388 2285 3482 2340 Est
3508 2302 3607 2340 au-

2026 2381 2134 2427 tem
2168 2371 2219 2425 id
2243 2373 2419 2441 ipsum
2445 2374 2824 2440 manifestum,
2851 2385 2904 2429 et
2930 2377 3054 2445 quia
3093 2393 3197 2431 non
3231 2379 3607 2444 convertitur;

2028 2465 2213 2521 multis
2253 2465 2397 2519 enim
2456 2467 2510 2520 in
2539 2467 2820 2536 Scriptura
2867 2468 3182 2523 nominibus
3232 2469 3406 2524 Filius
3480 2488 3605 2526 cum

2029 2561 2180 2606 esset
2210 2551 2545 2615 nominatus,
2589 2553 2642 2606 in
2702 2553 2854 2608 nullo
2878 2570 3065 2609 eorum
3110 2555 3312 2609 dicitur
3341 2572 3463 2611 esse
3491 2557 3615 2628 Spi-

2030 2645 2192 2710 ritus,
2245 2645 2392 2698 sicut
2460 2645 2577 2714 ipse
2618 2645 2855 2714 Spiritus
2892 2648 3092 2701 dicitur
3144 2663 3267 2703 esse
3319 2648 3464 2704 Filii.
3495 2649 3635 2706 Non.

2031 2737 2177 2791 enim
2211 2738 2301 2791 ubi
2330 2737 2726 2807 aitApostolus
2774 2739 3016 2808 gladium
3048 2739 3282 2809 Spiritus
3309 2742 3376 2807 °°,
3411 2741 3611 2797 Filium

2034 2831 2289 2884 nominat
2314 2830 2581 2899 gladium,
2616 2840 2672 2884 ut
2721 2832 2944 2902 quidam
2981 2833 3311 2904 intelligunt.
3336 2834 3491 2890 Patet
3523 2854 3617 2891 au-

2033 2929 2142 2976 tem
2171 2935 2232 2974 ex
2267 2922 2662 2989 superioribus.
2695 2920 2829 2975 Cum
2879 2923 3025 2978 enim
3097 2925 3324 2980 dixisset
3356 2943 3371 2982 :
3417 2927 3616 2981 Indui-

2035 3011 2166 3062 mini
2195 3018 2244 3062 et
2278 3011 2470 3064 sumite
2514 3020 2846 3065 armaturam
2881 3011 2998 3081 Dei,
3038 3029 3101 3068 ac
3147 3031 3242 3085 per
3271 3017 3374 3071 hoc
3403 3018 3614 3072 Patrem

2041 3101 2412 3168 signiﬁcasset
2439 3120 2454 3169 ;
2512 3103 2853 3160 descendens
2886 3105 3086 3160 infert:
3151 3107 3218 3160 Et
3241 3111 3444 3179 galeam
3471 3111 3619 3165 salu-

2048 3195 2179 3246 taris
2204 3194 2448 3260 accipite,
2484 3196 2728 3250 salutare
2755 3198 3044 3253 nominans
3065 3200 3239 3269 ipsum
3274 3203 3619 3257 incarnatum

2046 3283 2268 3338 Filium.
2303 3283 2505 3339 Videbit
2530 3288 2799 3353 cnim,ait,
2821 3291 2991 3346 omnis
3023 3309 3145 3345 caro
3173 3293 3409 3347 salutare
3431 3295 3524 3350 Dei
3552 3298 3618 3364 6‘;

2048 3386 2102 3431 et
2168 3376 2308 3442 Quia
2373 3378 2612 3433 viderunt
2667 3383 2813 3436 oculi
2873 3385 2975 3438 ητεί
3039 3385 3277 3440 salutare
3360 3399 3507 3443 tuum
3551 3393 3619 3445 θ’.

2053 3465 2251 3522 Deinde
2284 3480 2685 3540 coascqucnter
2740 3473 2874 3528 dicit
2906 3490 2924 3527 :
2963 3475 3031 3528 Et
3086 3477 3324 3546 gladium
3361 3481 3621 3549 Spiritus.

2051 3572 2147 3625 per
2182 3560 2294 3613 haec
2330 3561 2439 3614 duo
2485 3562 2730 3624 nomina.
2770 3563 2948 3634 ipsum
2985 3565 3247 3634 Spiritum
3282 3571 3620 3640 signiﬁcans.

2051 3651 2244 3704 Merito
2283 3663 2461 3708 autem
2504 3663 2839 3710 armaturam
2913 3659 3134 3726 quidem
3169 3663 3416 3716 attribuit
3455 3640 3621 3725 Paiii.

2052 3743 2262 3812 galeam
2293 3759 2422 3797 vero
2449 3752 2502 3798 et
2527 3746 2767 3813 gladium
2791 3745 2933 3802 Filio
2973 3759 3026 3803 et
3055 3750 3306 3820 Spiritui.
3345 3755 3616 3820 Quoniam

2052 3837 2198 3890 enim
2232 3847 2510 3892 armatura
2534 3849 2619 3894 est
2647 3855 2818 3910 genus
2853 3843 2938 3897 vel
2989 3853 3200 3909 totum,
3237 3849 3386 3916 galea
3419 3867 3548 3906 vero
3576 3868 3631 3906 et

2056 3930 2266 3998 gladius
2297 3941 2426 3985 sunt
2485 3933 2694 4000 species
2723 3935 2806 3988 vel
2868 3945 3086 4005 partes:
3118 3949 3168 3992 et
3207 3955 3423 4010 semper
3451 3953 3623 3998 totum

2054 4035 2106 4077 et
2132 4039 2306 4093 genus
2371 4023 2626 4094 principii
2691 4028 2962 4083 rationem
3031 4031 3196 4085 habet
3253 4035 3316 4087 ad
3361 4047 3540 4103 partes
3577 4049 3630 4092 et

2057 4118 2269 4186 specizs
2293 4135 2307 4181 ;
2334 4126 2418 4171 est
2444 4127 2628 4172 autem
2658 4129 2712 4174 et
2741 4119 2903 4176 Pater
2923 4125 3253 4194 principium
3274 4127 3397 4181 Filii
3430 4139 3482 4182 rt
3505 4125 3629 4200 Spi-

2057 4209 2197 4260 ritus
2240 4210 2409 4262 sancti
2448 4228 2464 4265 :
2499 4211 2625 4280 jure
2684 4222 3016 4269 armaturam
3065 4219 3284 4284 quidem
3339 4221 3627 4276 habentem

2057 4299 2313 4368 principii
2339 4302 2604 4355 rationem
2640 4306 2894 4358 attribuit
2950 4308 3424 4377 principalissimte
3452 4313 3627 4369 Patris

2061 4405 2349 4460 personae:
2383 4393 2594 4460 galeam
2634 4411 2762 4448 vero
2803 4407 2856 4449 et
2909 4387 3177 4467 gladium,
3242 4418 3475 4471 quorum
3542 4419 3629 4460 est

2059 4491 2336 4536 armatura
2368 4484 2720 4553 principium,
2757 4487 2891 4541 Filio
2917 4497 2970 4542 et
3009 4488 3257 4557 Spiritui,
3293 4508 3523 4562 quorum
3550 4507 3633 4550 est

2058 4571 2220 4626 Pater
2252 4582 2305 4626 et
2334 4576 2685 4644 principium.
2717 4577 2831 4632 Non
2874 4581 2997 4648 quia
3031 4581 3103 4635 ibi
3135 4599 3304 4650 genus
3335 4597 3388 4639 et
3420 4591 3633 4655 Species

2061 4675 2114 4720 ct
2146 4674 2316 4718 totum
2341 4676 2394 4720 et
2421 4676 2608 4736 partes
2629 4678 2796 4732 sunt,
2828 4671 2922 4725 sed
2952 4674 3299 4729 solummodo
3325 4682 3632 4736 secundum

2067 4760 2328 4812 rationem
2371 4761 2650 4829 principii,
2688 4771 2739 4815 ct
2794 4779 2982 4818 eorum
3032 4782 3153 4834 quae
3188 4783 3250 4821 ex
3295 4785 3358 4824 eo
3392 4783 3537 4826 sunt.
3573 4774 3638 4826 Et

2063 4851 2324 4920 quoniam
2379 4863 2543 4922 caput
2595 4855 2848 4924 principii
2876 4857 3040 4912 habet
3111 4862 3374 4915 rationem
3419 4865 3482 4916 ad
3519 4882 3636 4918 ma-

2072 4960 2201 4996 num
2229 4983 2244 5005 ,
2277 4946 2472 5013 capitis
2510 4947 2728 5015 quidem
2783 4964 2935 5004 arma
2968 4953 3219 5006 attribuit
3256 4953 3413 5017 Filio,
3441 4972 3636 5011 manus

2070 5047 2200 5087 vero
2232 5035 2498 5104 Spiritui:
2535 5048 2592 5090 ut
2617 5040 2817 5095 exinde
2858 5042 3227 5112 intelligamus
3262 5045 3461 5099 Filium
3491 5049 3639 5117 priu-_

2067 5125 2268 5194 cipinm
2302 5143 2420 5180 esse
2443 5127 2700 5197 Spiritus.
2727 5131 2831 5187 Sed
2864 5136 3007 5201 quod
3035 5151 3215 5188 sermo
3243 5137 3410 5205 ccepit
3431 5138 3634 5207 dicere,

2066 5216 2199 5269 illud
2235 5227 2339 5283 cst,
2375 5220 2517 5286 quod
2560 5219 2733 5277 Filius
2790 5228 3092 5279 secundum
3148 5229 3352 5281 nullum
3404 5246 3632 5286 suorum

2069 5310 2356 5362 nominum
2385 5312 2584 5364 dicitur
2609 5313 2867 5383 Spiritus,
2923 5320 3065 5372 sicut
3106 5321 3218 5388 ipse
3242 5321 3478 5390 Spiritus
3507 5327 3641 5380 dici-

2072 5409 2159 5453 tur
2195 5416 2316 5455 esse
2370 5401 2513 5457 Filii.
2583 5405 2723 5476 Ergo
2772 5421 2827 5461 ut
2875 5412 3036 5465 verba
3077 5430 3184 5468 non
3223 5427 3640 5480 coiivertantur.

2071 5507 2234 5545 causa
2264 5503 2367 5556 cst,
2393 5497 2538 5563 quod
2567 5515 2652 5552 res
2689 5515 2795 5553 non
2826 5512 3245 5561 convertuntur.
3280 5508 3560 5578 Siquidem
3589 5514 3641 5567 in

2075 5583 2356 5656 Scriptura
2391 5606 2630 5646 consona
2659 5597 2817 5650 rebus
2845 5598 3008 5652 verba
3043 5601 3365 5656 redduntur.
3393 5605 3509 5657 Non
3548 5622 3646 5660 au-

2137 5795 2178 5826 ¹⁵⁵
2217 5795 2374 5849 iluui.
2414 5814 2532 5858 rm,
2561 5799 2612 5851 0.

2723 5799 2764 5828 ⁵⁵
2800 5800 2975 5853 Galat.
3010 5818 3083 5868 tv,
3145 5804 3198 5857 6.

2068 5864 2106 5895 ⁶¹
2135 5864 2263 5919 Luc.
2287 5884 2365 5931 tit,
2407 5872 2456 5921 ii.

3300 5808 3342 5837 δ’
3369 5805 3526 5863 Joan.
3593 5827 3645 5876 ν,

2538 5870 2580 5899 θ’
2615 5869 2747 5924 Luc.
2787 5887 2844 5936 II,
2884 5873 2973 5926 50.

3209 5967 3286 6028 Iri).
3601 6012 3639 6040 ,λι
