4064 6452
525 416 667 481 1323

1635 410 1727 468 ΒΑ
1745 407 1884 468 liLA
1902 405 2030 466 AMI
2084 404 2178 466 DE
2227 401 2375 463 SEM
2393 401 2659 461 INARIA

3640 396 3763 461 1324

513 539 619 583 tem
647 532 1064 589 convertentur,
1095 523 1139 578 si
1171 521 1410 590 Spiritus
1466 526 1552 575 est
1607 528 1661 575 et
1694 516 1952 590 ex_Filio.
1989 517 2100 573 Ma-
2132 502 2173 577 Α
2208 513 2354 583 gitur
2395 511 2538 567 mitti
2571 528 2599 566 a
2637 508 2868 581 Spiritu,
2901 517 2954 565 et
3004 525 3113 564 non
3143 509 3443 565 secundum
3477 509 3758 579 deitatem,

511 619 779 673 bifestum
811 617 964 672 enim
989 622 1094 681 est,
1126 613 1272 684 quod
1302 610 1476 667 Filius
1504 627 1612 665 non
1641 622 1724 665 cst
1753 628 1817 665 ex
1858 611 2102 680 Spiritu:

510 711 737 767 Remate
773 720 957 766 autem
985 710 1288 765 secundum
1314 709 1458 762 hunc,
1488 708 1711 760 modum
1736 720 1844 760 non
1870 720 2106 760 conver-

510 810 682 865 tente,
721 803 917 858 merito
953 817 1131 871 neque
1167 802 1335 853 verba
1364 800 1418 852 in
1446 796 1735 866 Scriptura
1769 806 2103 850 convertun-

511 913 615 956 tur.
645 900 751 955 Sed
787 899 1029 969 Spiritus
1051 884 1270 953 'dicitur
1290 911 1415 952 esse
1447 892 1596 961 Filii,
1630 891 1806 948 Filius
1835 907 1965 947 vero
1997 908 2104 946 non

510 994 715 1049 dicitur
749 1009 875 1048 esse.
915 991 1178 1065 Spiritus.

981 1130 1104 1187 Non
1114 1147 1202 1185 um
1236 1130 1643 1198 Argumentum.

574 1268 831 1327 Mittitin
876 1267 1166 1338 Scriptura
1202 1261 1369 1318 Pater
1405 1260 1673 1332 Spiritum
1698 1268 1977 1315 sanctum.
2006 1256 2112 1316 Hie

514 1376 697 1421 autem
730 1364 950 1419 Patrem
984 1374 1091 1413 non
1127 1355 1315 1411 mittit.
1347 1354 1503 1411 Unde
1519 1353 1690 1424 quaeri
1729 1360 1927 1422 potest,
1972 1367 2111 1421 quo-

512 1457 682 1513 modo
735 1455 828 1525 qui
884 1450 1093 1523 ubique
1138 1460 1252 1517 est,
1288 1456 1343 1502 et
1366 1446 1553 1503 omnia
1601 1445 1813 1514 implet,
1869 1444 2111 1498 mittitur

512 1551 657 1609 alio?
687 1547 796 1605 Ubi
829 1547 975 1603 enim
1012 1559 1121 1599 non
1153 1550 1261 1606 est,
1293 1551 1354 1595 nt
1383 1540 1497 1596 illic
1523 1535 1826 1593 mittatur?
1857 1537 1940 1591 vel
1964 1551 2109 1606 quo-

511 1642 678 1700 modo
700 1639 791 1697 cui
814 1633 1259 1707 inseparabiliter
1287 1639 1373 1688 est
1409 1628 1625 1696 unitus,
1653 1628 1724 1684 ab
1759 1643 1826 1683 eo
1850 1627 1961 1682 alio
1986 1628 2113 1682 mit-

514 1735 689 1794 titur?
724 1734 807 1790 vel
831 1731 926 1804 qui
946 1724 1549 1801 penitusimmutabilis
1572 1733 1658 1780 est
1708 1733 1763 1778 et
1791 1721 2112 1777 inalterabi-

512 1831 602 1897 lis,
623 1827 903 1902 quomodo
923 1826 979 1881 in
1005 1836 1258 1894 tempore
1278 1818 1487 1891 aliquid
1512 1819 1719 1888 patitur
1743 1818 1767 1871 ἲ
1787 1815 1844 1871 Si
1867 1831 2000 1872 vero
2028 1815 2112 1871 di-

2212 609 2341 678 quia
2373 608 2690 661 humanitas
2721 605 2842 674 ejus
2881 616 2983 669 cst,
3010 620 3133 674 quae
3165 606 3329 658 Deum
3358 605 3564 659 Patrem
3592 605 3768 660 Domi-

2211 716 2342 757 num
2393 716 2554 757 suum
2601 709 2781 764 vocat,
2841 709 3025 753 etnon
3070 696 3269 751 dcitas.
3321 696 3459 767 Ergo
3522 698 3765 765 quoniam

2211 808 2504 848 commune
2542 805 2627 847 est
2667 792 2843 847 Patris
2892 801 2948 846 et
2987 788 3107 845 Filii
3154 790 3366 844 mittere
3395 790 3674 859 Spiritum,
3714 803 3762 846 et

2212 901 2325 941 non
2379 885 2518 941 mitti
2563 887 2753 939 abeo:
2800 899 2905 956 qua
2939 883 3127 953 utique
3157 885 3369 938 ratione
3422 883 3584 938 mittit
3615 884 3768 937 Pater

2212 978 2504 1048 Spiritum,
2543 978 2734 1033 eadem
2767 988 2819 1031 et
2868 976 3042 1033 Filius
3067 975 3231 1029 mittit
3267 975 3465 1045 ipsum.
3498 975 3654 1030 Mittit
3679 991 3770 1030 au-

2213 1082 2320 1125 tem
2350 1069 2511 1123 Pater
2568 1067 2860 1140 Spiritum,
2913 1068 3210 1122 ostendens
3252 1064 3432 1129 nobis,
3459 1066 3583 1136 quia
3618 1080 3681 1118 ea
3715 1079 3774 1118 eo

2211 1169 2315 1215 est.
2340 1160 2505 1215 Mittit
2523 1174 2654 1230 ergo
2678 1169 2733 1213 et
2758 1160 2929 1214 Filius
2964 1157 3579 1228 Spiritum,signilicans
3606 1155 3775 1219 nobis,

2214 1252 2343 1323 quia
2371 1268 2436 1307 ex
2478 1252 2600 1322 ipso
2637 1250 2784 1306 Filio
2823 1252 2940 1321 ipse
2974 1258 3080 1305 est.
3115 1249 3315 1319 Aspice
3352 1259 3533 1303 autem
3554 1260 3607 1303 et
3639 1247 3777 1316 Apo-

2214 1345 2437 1400 stolide
2460 1346 2564 1399 hoc
2603 1343 2849 1414 capitulo
2897 1344 3029 1397 alibi
3065 1343 3427 1412 diligentiam.
3475 1339 3613 1407 Quia
3639 1341 3775 1394 enim

2214 1438 2375 1495 scivit
2409 1438 2611 1493 Filium
2639 1438 2858 1508 quidem
2889 1454 2953 1493 ex
2985 1440 3107 1493 solo
3136 1437 3321 1499 Patre,
3359 1434 3626 1504 Spiritum
3657 1449 3778 1489 rem

2214 1547 2281 1588 ex
2304 1530 2464 1587 Patre
2510 1531 2799 1602 Filioque:
2864 1531 2985 1587 ideo
3019 1531 3085 1586 de
3134 1529 3271 1586 Filio
3325 1529 3541 1601 quidem
3570 1528 3780 1584 dicitad

2217 1621 2476 1679 Galatas:
2519 1624 2671 1677 Misit
2729 1623 2871 1677 Deus
2917 1620 3125 1677 Filium
3170 1639 3323 1677 suum
3349 1623 3435 1689 ";
3487 1623 3551 1676 de
3583 1620 3781 1690 Spiritu

2216 1733 2351 1773 vero
2374 1725 2499 1788 post
2526 1732 2699 1787 pauca
2727 1732 2833 1770 non
2853 1718 2929 1771 ita
2959 1716 3098 1770 dixit
3127 1733 3141 1769 :
3180 1714 3332 1770 Misit
3359 1713 3498 1769 Deus
3526 1712 3778 1785 Spiritum

2215 1827 2394 1874 suum,
2422 1824 2490 1864 ne
2521 1824 2587 1863 ex
2618 1810 2739 1878 ipso
2773 1813 2896 1865 solo
2947 1809 3315 1877 signiﬁcetur,
3357 1807 3450 1861 sed
3481 1806 3787 1876 quomOdoi

515 1936 601 1981 cet
626 1897 850 1994 aliquis,
874 1918 1023 1992 quod
1052 1917 1172 1989 ipsa
1206 1915 1426 1985 quidem
1461 1910 1705 1982 Spiritus
1733 1924 1967 1980 persona
1998 1921 2108 1962 non
2144 1901 2184 1956 Β
2216 1899 2369 1994 Misit
2425 1899 2565 1994 Deus
2628 1897 2890 1967 Spiritum
2939 1897 3074 1952 Filii
3137 1899 3221 1952 sui
3252 1897 3344 1994 “-:
3372 1911 3465 1966 per
3501 1908 3787 1994 utrumque

514 2017 754 2073 mittitur
778 2054 796 2081 ,
831 2014 925 2069 sed
956 2010 1134 2082 gratia
1156 2008 1277 2077 ejus
1313 2005 1480 2060 missa
1512 2003 1632 2074 ipse
1659 2001 1864 2058 dicitur
1904 2000 2047 2055 mitti
2087 2040 2104 2068 ,

513 2112 753 2184 primum
800 2107 1021 2179 quidem
1085 2100 1454 2159 dubitandum
1509 2106 1615 2162 est,
1676 2105 1862 2150 utrum
1926 2094 2103 2163 gratia

514 2206 752 2276 Spiritus
792 2200 967 2256 sancti
1010 2198 1084 2252 ita
1129 2195 1403 2257 mittatur,
1455 2191 1600 2246 sicut
1646 2203 1711 2244 ea
1745 2203 1867 2256 qua:
1902 2187 2109 2241 deloco

516 2301 573 2354 in
608 2300 795 2353 locum
853 2300 1150 2347 moventur
1180 2305 1194 2350 ;
1234 2284 1431 2341 deinde
1455 2283 1500 2338 si
1540 2283 1646 2337 alia
1689 2286 1797 2334 n‘on
1827 2289 1910 2334 est
1935 2279 2108 2348 gratia

516 2390 766 2461 Spiritus
819 2400 983 2457 quam
1023 2382 1227 2438 Patris.
1290 2375 1413 2434 Una
1436 2376 1582 2432 enim
1624 2375 1792 2429 trium
1843 2386 2109 2443 persona-

516 2500 637 2540 rum
660 2491 745 2538 cst
777 2479 1104 2551 simpliciter
1134 2476 1311 2546 gratia
1340 2490 1353 2528 :
1396 2481 1451 2527 et
1483 2469 1688 2526 nullam
1735 2468 1897 2523 habet
1927 2464 2104 2535 Spiri-

516 2580 659 2633 ritus
699 2577 958 2643 gratiam,
1001 2585 1125 2640 quae
1185 2567 1368 2622 Patris
1399 2564 1659 2621 similiter
1695 2570 1931 2617 nonest.
1965 2559 2109 2626 Quid

516 2669 848 2725 familiarius
864 2674 921 2721 et
950 2661 1367 2732 congruentius,
1397 2653 1677 2713 communi
1709 2652 1886 2724 gratia
1918 2653 2110 2714 missa,

519 2763 764 2835 Spiritus
797 2761 1015 2816 dicetur
1049 2754 1188 2811 mitti
1224 2769 1251 2807 a
1307 2751 1494 2819 Patre,
1546 2763 1708 2818 quam
1743 2747 1904 2801 Pater
1929 2760 1959 2800 a
1989 2744 2113 2816 Spi-

518 2858 626 2911 ritu
653 2855 678 2909 ?
709 2855 846 2908 Nam
882 2849 926 2905 si
956 2848 1226 2917 scriptum
1262 2843 1478 2902 fuisx‘et,
1505 2840 1652 2910 quod
1688 2837 1930 2908 Spiritus
1957 2835 2113 2891 misit

516 2947 756 3013 Patrem,
779 2938 1329 3017 possemussimiliter
1346 2934 1554 2999 dicere,
1579 2932 1723 3005 quod
1751 2932 1866 3001 ipse
1885 2929 2111 3001 quidem

516 3058 626 3098 non
642 3041 876 3095 mittitur
894 3076 910 3103 ,
941 3036 1114 3106 gratia
1136 3046 1265 3086 vero
1282 3028 1403 3098 ejus
1421 3022 1797 3080 missadicitur
1812 3022 1927 3092 ipse
1949 3020 2113 3078 mitti.

587 3133 731 3200 Quid
762 3145 894 3199 ergo
923 3128 1039 3182 vult
1068 3124 1379 3202 Scriptura,
1440 3129 1503 3174 nt
1550 3115 1867 3172 introducat
1891 3113 2111 3169 Patrem

521 3232 828 3285 mittentem
879 3221 1143 3290 Spiritum
1178 3256 1194 3282 ,
1229 3215 1458 3270 missum
1510 3224 1643 3266 vero
1670 3225 1701 3264 a
1739 3208 1950 3279 Spiritu
2008 3205 2112 3260 mi-

521 3319 706 3377 nime?
734 3333 805 3373 an
829 3314 960 3387 quia
992 3312 1089 3368 ille
1125 3309 1221 3381 qui
1249 3308 1417 3362 mittit
1445 3305 1512 3360 ad
1547 3303 1700 3358 illum
1735 3302 1826 3372 qui
1852 3299 2110 3364 mittitur,

521 3416 576 3470 ln
600 3418 867 3482 quantum
900 3407 1086 3469 mittit,
1109 3400 1364 3475 principii
1384 3398 1550 3455 habet
1573 3396 1876 3461 rationem,
1913 3404 2000 3448 est
2022 3408 2118 3447 au-

524 3520 631 3566 tem
684 3517 739 3563 et
773 3505 931 3561 Pater
968 3501 1298 3573 principium
1360 3496 1625 3568 Spiritus,
1683 3492 1828 3548 mitti
1888 3490 2113 3563 quidem

523 3605 738 3658 Patrem
768 3617 794 3655 a
825 3596 1032 3669 Spiritu
1068 3590 1628 3663 incongruentissime
1649 3587 1948 3643 diceretur.
1979 3583 2110 3653 Spi-

519 3699 689 3751 ritum
713 3707 846 3747 vero
872 3707 902 3746 a
937 3689 1100 3744 Patre
1150 3686 1317 3749 mitti,
1354 3679 1861 3753 congruentissime
1901 3677 2111 3733 dictum

520 3797 643 3844 est:
677 3797 739 3842 ut
774 3800 870 3855 per
909 3783 1014 3837 hoc
1050 3779 1212 3834 Pater
1257 3776 1593 3850 principium
1624 3788 1749 3830 esse
1777 3771 2017 3842 Spiritus
2041 3769 2116 3825 si-

520 3874 943 3951 gniliectui-‘iEt
974 3882 1058 3929 est
1108 3864 1299 3943 utique
1364 3871 1578 3941 Patrem
1629 3866 1697 3922 ad
1755 3879 1860 3920 nos
1894 3862 2115 3918 mittere

523 3972 820 4041 Spiritum,
858 3965 994 4019 nihil
1032 3964 1203 4037 aliud,
1257 3976 1425 4032 quam
1454 3967 1669 4014 certum
1717 3954 1880 4010 nobis
1910 3954 2110 4017 lacere,

521 4064 667 4137 quod
692 4078 758 4118 ex
783 4063 902 4131 ipso
950 4056 1391 4129 intemporaliter
1421 4062 1507 4108 est
1546 4050 1789 4121 Spiritus
1819 4065 1832 4101 :
1863 4046 1995 4118 quia
2029 4055 2115 4102 est

519 4158 746 4229 quidem
775 4153 1019 4224 Spiritus
1045 4147 1492 4219 intemporaliter
1512 4159 1542 4199 a
1568 4143 1751 4198 Patre.
1783 4139 1894 4196 Nos
1927 4148 2111 4196 autem

522 4251 629 4306 hoc
660 4262 769 4303 non
793 4244 1234 4317 intemporaliter
1250 4241 1664 4311 cognoscimus,
1699 4236 1783 4293 vel
1812 4238 2113 4303 credimus,

521 4342 619 4399 sed
650 4341 705 4396 in
757 4347 1031 4408 tempore.
1071 4334 1249 4407 Igitur
1308 4332 1571 4404 quoniam
1635 4331 1688 4385 in
1726 4340 1975 4402 tempore
2009 4329 2117 4384 hoc

522 4436 686 4491 nobis
757 4432 1177 4494 manifestatur,
1231 4429 1496 4498 scriptum
1571 4435 1681 4489 est,
1736 4416 1916 4495 ipsum
1991 4422 2119 4492 Spi-

521 4524 691 4579 ritum
735 4535 765 4575 a
820 4519 981 4575 Patre
1039 4516 1181 4572 mitti
1253 4514 1320 4570 ad
1382 4528 1521 4579 nos,
1609 4512 1756 4583 quod
1806 4520 1888 4567 est
1936 4510 2115 4565 mani-

2137 3258 2184 3321 C

2213 1993 2387 2055 ambo
2414 1992 2771 2064 signiﬁcans;
2799 2007 2925 2046 nam
2953 2000 3008 2046 et
3030 1990 3263 2046 dicendo
3283 1988 3452 2044 :Misit
3482 1988 3652 2043 Pater
3678 1987 3788 2058 Spi-

2211 2087 2406 2154 ritum,
2446 2086 2743 2157 significat,
2796 2084 2943 2155 qnod
2973 2096 3026 2140 et
3044 2086 3162 2156 ejus
3190 2097 3294 2149 est,
3327 2094 3459 2139 etes
3500 2098 3569 2138 co
3594 2101 3610 2136 :
3636 2083 3786 2138 ctdi-

2209 2181 2408 2245 cendo,
2464 2179 2728 2249 Spiritum
2769 2179 2908 2233 Filii
2964 2180 3073 2246 sui,
3107 2178 3400 2250 signiﬁcat,
3444 2178 3592 2249 quod
3645 2190 3699 2233 et
3730 2195 3785 2232 ex

2211 2269 2350 2327 Filio
2380 2280 2485 2338 est,
2520 2280 2574 2326 et
2598 2274 2670 2327 ab
2691 2285 2756 2326 eo
2781 2272 3042 2326 mittitur.

2657 2386 2936 2442 Decimum
2977 2386 3377 2460 Argumentum.

2285 2477 2387 2534 Dat
2440 2478 2754 2535 hominibus
2803 2482 2946 2536 Deus
2974 2480 3134 2537 Pater
3188 2480 3488 2548 Spiritum.
3537 2481 3634 2536 Ait
3654 2480 3785 2537 enim

2215 2571 2478 2628 Dominus
2501 2574 2554 2626 iu
2589 2572 2753 2628 Lucae
2827 2573 3155 2646 Evangelio:
3204 2574 3414 2639 Quanto
3447 2574 3618 2641 magis
3641 2571 3791 2627 Pater

2212 2672 2379 2719 uester
2403 2665 2625 2721 ctetestis
2653 2666 2800 2720 dabit
2826 2666 3086 2736 Spiritum
3112 2667 3303 2723 bonum
3324 2668 3616 2735 petentibus
3642 2683 3695 2721 se
3710 2665 3792 2719 ⁸τῖ

2213 2766 2267 2811 et
2312 2757 2544 2826 apostoli
2601 2756 2656 2813 in
2709 2757 2977 2814 Actibus:
3009 2756 3121 2813 Nos
3179 2774 3361 2814 sumus
3403 2768 3556 2813 testes
3616 2757 3792 2811 [totum

2214 2848 2512 2925 uerborum,
2538 2861 2588 2936 et
2615 2850 2850 2919 Spiritus
2903 2863 3144 2918 sanctus,
3175 2869 3329 2924 quem
3376 2850 3517 2906 dedit
3547 2851 3794 2907 Dominus

2216 2937 2460 2993 omnibus
2501 2939 2860 2994 abedientibus
2928 2941 3031 3009 ipsi
3062 2940 3130 2999 ⁸⁸.
3172 2940 3233 2994 Et
3264 2942 3459 2996 iterum
3487 2960 3501 2996 :
3531 2941 3668 3007 Quis
3708 2958 3792 3011 ego

2214 3045 2354 3095 sum,
2383 3040 2439 3084 ut
2470 3032 2758 3102 impediam
2779 3032 2942 3088 Deum
2965 3033 3097 3087 dare
3118 3034 3377 3103 Spiritum
3400 3042 3649 3087 sanctum
3686 3051 3793 3088 cre-

2216 3121 2463 3178 dentibus
2495 3125 2547 3178 in
2588 3126 2801 3180 nomine
2853 3126 2983 3182 Jesu
3009 3126 3185 3182 “iEt
3234 3125 3471 3182 Joannes
3500 3128 3552 3183 in
3592 3128 3790 3198 prima:

2218 3209 2288 3265 In
2308 3213 2406 3266 hoc
2437 3217 2824 3285 cognoscimus,
2852 3218 2978 3288 quia
3033 3219 3087 3273 in
3113 3234 3173 3273 eo
3232 3235 3515 3283 manemus,
3540 3231 3594 3274 et
3621 3221 3795 3287 ipsein

2218 3305 2538 3377 nobis,quod
2569 3323 2635 3360 ex
2675 3306 2879 3376 Spiritu
2915 3326 3012 3364 suo
3032 3310 3178 3365 dedit
3204 3314 3354 3366 nobis
3383 3314 3450 3368 ".
3476 3313 3545 3367 Et
3573 3316 3797 3384 epostu-

2218 3394 2303 3452 lus
2328 3393 2395 3451 ad
2443 3396 2704 3455 Galatas:
2739 3398 2845 3466 Qui
2874 3401 3038 3472 igitur
3087 3402 3232 3457 dedit
3275 3406 3417 3461 vobis
3462 3379 3719 3473 Spiiiium
3748 3416 3796 3462 et

2216 3499 2469 3559 operatur
2516 3492 2736 3547 uirtutes
2768 3495 2820 3547 iu
2858 3495 3076 3550 vobis".
3107 3495 3172 3550 Et
3199 3497 3264 3551 ad
3308 3495 3615 3568 Ephesios:
3642 3498 3796 3553 Pater

2216 3585 2404 3654 gloriae
2434 3585 2519 3638 det
2553 3583 2695 3639 uoltis
2722 3583 2981 3654 Spiritum
3004 3588 3280 3656 sapicntite
3304 3598 3355 3644 et
3376 3588 3706 3645 reuelationis
3728 3592 3791 3640 τ’.

2221 3675 2283 3730 Et
2310 3675 2378 3730 ad
2440 3674 3000 3733 Thessalonicenses:
3035 3676 3141 3733 Sed
3201 3678 3388 3746 Deum,
3430 3681 3600 3749 quiet
3662 3680 3793 3736 dedit

2220 3770 2489 3841 Spiritum
2513 3781 2759 3827 sanctum
2783 3789 2937 3827 suum
2958 3774 3015 3827 in
3047 3771 3187 3827 vobis
3214 3773 3281 3829 ".
3301 3773 3434 3841 Quia
3462 3786 3593 3829 vero
3633 3773 3799 3843 Spiri-

2218 3871 2310 3919 tus
2337 3874 2568 3921 sanctus
2592 3868 2684 3919 dat
2724 3862 2970 3931 Patrem,
3034 3880 3303 3936 nusquam
3365 3865 3631 3936 scriptum
3670 3873 3791 3927 est;

2218 3970 2349 4026 ergo
2374 3956 2758 4028 inseparabilis
2797 3966 2853 4013 et
2885 3959 3231 4015 indivisi'bilis
3281 3974 3407 4014 cum
3445 3968 3592 4016 esset
3617 3958 3795 4013 Triui—

2219 4057 2320 4114 tas,
2347 4049 2649 4105 dubitabile
2677 4051 2926 4121 proferto
2963 4051 3219 4117 ellicitur,
3249 4050 3526 4121 quomodo
3551 4065 3659 4105 una
3688 4065 3799 4120 per-

2218 4156 2354 4198 sona
2379 4141 2544 4197 aliam
2571 4142 2686 4210 dat,
2722 4143 2809 4198 vel
2836 4146 3112 4214 quomodo
3157 4143 3414 4214 possibile
3468 4152 3553 4199 est
3581 4158 3615 4198 a
3647 4142 3796 4197 nobis

2219 4234 2391 4304 accipi
2422 4231 2686 4304 Spiritum
2715 4246 2995 4302 sanctum,
3040 4232 3148 4291 non
3199 4236 3588 4307 accipientibus
3644 4232 3799 4291 simul

2220 4335 2275 4379 ct
2290 4323 2510 4379 Patrem
2527 4326 2551 4379 ?
2566 4326 2614 4381 si
2643 4340 2770 4382 vero
2792 4327 2965 4381 nihilo
3007 4326 3211 4383 minus-
3239 4325 3477 4395 Patrem,
3502 4340 3663 4395 quam
3682 4326 3799 4394 Spi-

2221 4418 2386 4473 ritum
2414 4418 2738 4487 accipimus,
2788 4419 3013 4489 quando
3041 4417 3303 4490 Spiritum
3329 4420 3650 4491 accipimus,
3684 4431 3796 4489 quae

2225 4511 2367 4567 ratio
2389 4522 2567 4575 est,ut
2592 4527 2699 4566 non
2755 4514 3014 4568 similiter
3041 4523 3095 4569 et
3144 4512 3358 4570 Patrem
3384 4529 3417 4569 a
3450 4514 3656 4584 Spiritu
3687 4513 3796 4566 dari

521 4617 723 4674 festum
788 4612 950 4667 nobis
1014 4609 1130 4665 ﬁeri
1193 4608 1264 4664 ab
1290 4622 1378 4672 eo,
1435 4605 1582 4677 quod
1634 4620 1704 4659 ex
1754 4619 1822 4660 eo
1880 4612 1987 4659 est.
2047 4605 2117 4658 At
2146 4601 2629 4667 DscribaturLSi
2665 4618 2792 4658 vero
2819 4603 2963 4660 dicet
3009 4603 3229 4675 aliquis,
3248 4606 3395 4674 quod
3424 4606 3671 4674 accipere
3696 4603 3800 4672 Spi-

521 4722 654 4761 vcro
677 4698 933 4759 similiter
956 4699 1101 4755 Patri
1120 4707 1176 4753 et
1194 4696 1366 4751 Filius
1396 4694 1568 4749 mittit
1600 4692 1898 4763 Spiritum,
1928 4700 2116 4748 etnon

529 4799 769 4853 mittitur
801 4795 868 4850 ab
887 4794 1030 4865 ipso.
1055 4790 1206 4846 Licet
1228 4789 1374 4845 enim
1408 4786 1559 4841 dicat
1587 4785 1761 4841 lsaias
1787 4799 1852 4839 ex
1879 4798 2119 4854 persona

524 4892 650 4949 Filii
699 4910 714 4949 :
767 4890 917 4944 Misit
972 4904 1053 4942 me
1090 4884 1348 4940 Dominus
1397 4889 1445 4935 et
1516 4880 1755 4950 Spiritus
1809 4876 1924 4947 ejus
1945 4879 2028 4945 ⁶³;
2065 4887 2120 4935 et

525 4989 763 5051 iterum,
798 4983 1033 5054 Spiritus
1088 4977 1301 5034 Domini
1364 4992 1522 5046 super
1557 4993 1675 5040 me,
1705 4985 1920 5047 prapter
1976 4976 2118 5047 quod

526 5086 680 5139 unxit
747 5097 849 5145 me,
887 5075 1256 5147 evangelisare
1315 5068 1637 5141 pauperibus
1694 5069 1840 5123 misit
1913 5084 1994 5124 me
2029 5068 2115 5123 σεε

527 5188 710 5235 tamen
750 5191 860 5246 qua
909 5183 1109 5228 natura
1151 5166 1412 5222 convenit
1461 5162 1601 5217 Filio
1665 5176 1866 5217 vocare
1893 5160 2117 5216 Patrem

530 5272 850 5332 dominum,
876 5266 968 5320 illa
1005 5262 1196 5330 utique
1225 5267 1280 5312 et
1314 5255 1454 5311 mitti
1495 5270 1525 5310 a
1551 5254 1759 5324 Spiritu
1787 5268 1847 5309 se
1870 5253 1970 5308 ait.
1996 5252 2117 5306 Non

529 5367 676 5419 enim
729 5361 867 5414 dixit
922 5355 1160 5424 Spiritus
1217 5349 1334 5415 Dei,
1376 5347 1461 5406 vel
1513 5347 1718 5413 Patris,
1757 5347 1852 5403 sed
1881 5343 2116 5414 Spiritus

531 5454 748 5509 Domini
794 5451 936 5504 misit
967 5447 1091 5501 mei.
1124 5444 1414 5501 Dominum
1449 5458 1579 5498 vero
1610 5441 1853 5505 Patrem,
1880 5454 1989 5495 non
2024 5455 2115 5492 se-

530 5555 774 5603 cnutum
810 5557 965 5597 suam
998 5541 1281 5607 deitatem,
1315 5538 1409 5595 sed
1458 5537 1874 5592 humanitatem.
1907 5531 2120 5587 Secun-

531 5641 662 5695 dum
690 5652 822 5708 ergo
859 5634 1254 5690 humanitatem
1283 5633 1335 5686 iu
1366 5628 1667 5702 propositis
1700 5627 1865 5682 dictis
1922 5622 2123 5678 intelli-

611 5855 653 5884 ⁸³
685 5853 998 5919 lsa.xt.vrt,
1040 5854 1126 5910 16.
1206 5853 1251 5884 ⁸⁸
1278 5852 1383 5907 lsa.
1416 5865 1528 5913 ut,
1564 5849 1589 5903 1
1620 5865 1637 5915 ;
1668 5846 1805 5919 Luc.
1832 5861 1909 5912 tv,
1944 5846 2035 5919 58.

534 5942 591 5990 ν,
625 5925 712 5980 3‘2.
807 5918 998 5981 "Act.
1032 5926 1204 5992 x,47.
1302 5924 1347 5955 ⁷⁸
1404 5923 1564 5976 Joau.
1619 5935 1691 5985 tv,
1753 5918 1838 5972 15.

2120 5845 2166 5879 ⁸⁵
2203 5842 2377 5899 Gaiat.
2421 5859 2497 5907 tv,
2537 5842 2593 5897 4.

1942 5916 1983 5949 ⁷³
2020 5916 2197 5972 Galil.
2235 5932 2316 5979 ιιι,
2342 5916 2394 5971 5.

2228 4695 2393 4749 ritum
2418 4704 2696 4760 sanctum,
2724 4711 2848 4750 cum
2868 4710 2971 4751 nos
2992 4696 3061 4750 ab
3088 4711 3156 4751 eo
3173 4696 3551 4765 accipimur,et
3571 4696 3798 4762 aliquam

2227 4791 2572 4859 spiritualem
2600 4791 2979 4862 operationem
3010 4793 3247 4862 patimur
3271 4793 3339 4847 ab
3358 4806 3447 4858 eo,
3473 4801 3526 4847 et
3546 4790 3793 4861 spiritua-

2225 4882 2279 4937 le
2306 4881 2529 4952 aliquod
2581 4881 2789 4938 donum
2812 4880 2884 4937 ab
2910 4896 2976 4938 eo
2998 4884 3320 4954 accipimus,
3355 4883 3438 4938 vel
3468 4881 3803 4953 sapientiam,

2229 4976 2313 5032 vel
2335 4975 2599 5046 linguam,
2626 4976 2711 5031 vel
2732 4976 3096 5045 prophetiam,
3148 4977 3226 5031 vel
3244 4983 3563 5044 potestatem
3592 4975 3802 5031 solven-

2230 5066 2286 5122 di
2316 5077 2371 5122 et
2391 5066 2615 5137 ligandi,
2645 5066 2724 5121 vel
2753 5065 2956 5136 aliquid
2970 5067 3085 5131 tale
3104 5078 3191 5134 ,ct
3206 5069 3306 5122 hoc
3332 5076 3413 5121 est
3438 5065 3579 5136 quod
3600 5081 3699 5120 nos
3719 5079 3801 5118 ac-

2229 5160 2464 5231 cipimus
2482 5160 2686 5229 ipsum;
2709 5159 2836 5230 quia
2850 5175 2884 5212 e
2900 5171 3170 5219 converso
3192 5159 3488 5227 accipimur
3500 5166 3555 5212 et
3575 5155 3707 5212 bene
3722 5170 3797 5224 pa-

2229 5251 2398 5303 timur
2414 5250 2484 5304 ab
2503 5249 2643 5320 ipso,
2660 5248 2992 5305 iuaherabili
3012 5257 3068 5305 et
3089 5248 3409 5305 immutabili
3424 5263 3491 5304 eo
3520 5256 3794 5302 ωεηιεηωε

2232 5356 2319 5401 est
2365 5343 2616 5415 quidem,
2666 5355 2832 5416 prout
2884 5345 3073 5412 credo,
3105 5344 3342 5416 Spiritus
3390 5342 3631 5412 acceptio
3674 5344 3799 5394 bene

2229 5450 2511 5507 captessa,
2547 5440 2694 5507 quod
2725 5451 2854 5491 vero
2911 5438 3199 5508 quaeritur,
3241 5435 3411 5491 nihilo
3438 5434 3801 5505 magisinveu-

2234 5540 2349 5586 tum
2380 5531 2594 5600 est,,vel
2623 5528 2849 5584 dubium
2902 5531 3167 5587 solutum.
3195 5528 3328 5585 Nam
3359 5528 3403 5585 si
3446 5527 3613 5584 nihilo
3638 5521 3804 5592 Iliacis

2230 5637 2260 5674 a
2297 5620 2509 5693 Spiritu
2534 5634 2731 5680 sancto
2754 5622 3073 5693 accipimur,
3118 5634 3173 5678 et
3200 5621 3520 5678 beneﬁcium
3558 5618 3803 5689 patimur,

2703 5843 2748 5875 ⁸⁸
2788 5843 2919 5897 ibid.
2952 5840 3005 5895 6.
3082 5840 3129 5873 “-
3166 5839 3297 5893 an.
3331 5854 3403 5898 tu,
3433 5836 3519 5890 13.
3618 5833 3662 5864 ⁶⁴
3685 5839 3793 5886 Act.

2474 5916 2520 5945 ⁷⁸
2554 5913 2749 5984 Epltes.
2798 5938 2832 5975 ι,
2862 5914 2945 5967 Π.
3022 5913 3067 5942 73
3096 5912 3327 5967 thtCas.
3368 5926 3438 5973 IV,
3476 5912 3525 5961 ὅ.
