4064 6458
238 497 378 562 1225

1624 486 1773 547 PRO
1817 486 2152 547 LATlNlS.

3378 489 3514 553 13926

233 620 289 667 et
318 611 460 664 dona
497 605 822 676 accipimus,
849 618 1012 673 quam
1063 617 1095 658 a
1152 602 1312 656 Putre
1339 598 1658 669 ;:equaliter
1678 598 1824 653 enim
1856 603 1902 660 Α
1931 598 2236 669 dirigantur
2270 598 2339 652 ad
2394 599 2827 670 intelligendum,
2887 602 3035 669 quod
3100 600 3259 656 Pater
3314 603 3519 670 princi'

231 713 285 759 et
311 700 561 758 similiter
590 714 620 754 a
651 699 827 754 tribus
873 698 1119 769 personis
1172 694 1484 763 hujusmodi
1552 691 1817 747 beneﬁcia

232 796 392 851 nobis
417 794 712 849 eveniunt:
760 806 881 862 quae
911 805 1077 846 causa
1113 798 1279 857 est,ut
1339 804 1462 844 cum
1505 785 1818 855 huiusmodi

233 887 500 943 beneﬁcia
549 886 888 955 mqualitera
944 883 1103 938 Patre
1126 891 1181 937 et
1231 880 1434 949 Spiritu
1490 880 1814 950 accipimus,

233 981 393 1036 Pater
427 980 645 1051 quidem
667 979 882 1033 dicatur
906 977 1038 1031 dare
1054 974 1212 1030 nobis
1239 972 1503 1043 Spiritum
1538 980 1812 1035 sanctum,

235 1074 380 1127 hunc
419 1086 548 1126 vero
572 1086 602 1125 e
630 1083 893 1125 converso
918 1069 1144 1123 minime
1169 1067 1445 1123 scribatur
1472 1084 1487 1121 :
1524 1080 1593 1119 an
1647 1074 1815 1129 certe,

232 1167 490 1237 quoniam
528 1178 747 1232 semper
800 1161 915 1224 ille,
942 1162 1035 1231 qui
1070 1160 1162 1213 dat
1197 1158 1425 1229 aliquid,
1460 1158 1513 1212 in
1548 1167 1813 1226 quantum

234 1260 344 1323 dat,
376 1257 630 1327 principii
681 1256 949 1309 rationem
987 1253 1149 1308 habet
1179 1250 1259 1305 ad
1303 1252 1355 1304 id
1419 1250 1565 1320 quod
1631 1251 1815 1314 datur,

233 1361 318 1406 est
353 1358 535 1403 autem
558 1356 612 1402 et
638 1346 798 1401 Pater
821 1345 1149 1415 principium
1196 1342 1434 1414 Spiritus
1462 1342 1637 1399 sancti
1666 1382 1680 1405 ,
1706 1342 1816 1397 dici

234 1444 455 1514 quidem
493 1442 710 1495 Patrem
745 1440 866 1494 dari
894 1454 925 1493 a
953 1438 1164 1508 Spiritu
1193 1435 1818 1500 sancto,absurdissime

233 1538 549 1600 diceretur;
610 1535 737 1605 quia
796 1548 928 1588 vero
981 1531 1142 1587 Pater
1184 1530 1279 1585 dat
1330 1529 1637 1598 Spiritum.
1687 1543 1818 1582 con-

234 1628 627 1700 gruentissime
656 1625 879 1687 dicitur,
909 1634 967 1678 ut
994 1624 1193 1679 exinde
1226 1624 1618 1693 intelligamus,
1662 1622 1816 1676 illum

234 1717 455 1787 quidem
491 1724 749 1784 tanquam
816 1714 1186 1784 principium,
1237 1714 1384 1769 hunc
1451 1722 1632 1768 autem
1693 1724 1817 1767 tan-

232 1825 399 1878 quam
434 1826 500 1865 ex
522 1824 627 1875 eo;
659 1819 711 1862 et
738 1809 813 1862 ita
833 1808 976 1863 dicta
1010 1808 1063 1862 in
1115 1816 1360 1875 tempore
1386 1808 1533 1863 datio
1582 1807 1818 1877 Spiritus

1922 691 2071 761 pium
2099 700 2182 747 est
2224 691 2483 759 Spiritus.
2516 690 2749 748 Necesse
2806 693 2951 748 enim
3002 703 3108 757 est,
3140 702 3199 747 ut
3230 693 3520 763 sempiter-

1922 799 1990 837 na
2025 798 2119 853 per
2145 798 2210 839 ea
2241 796 2360 852 qua:
2391 785 2762 852 temper-aliter
2814 785 2868 839 in
2895 785 3197 856 Scripturis
3221 785 3518 851 dicuntur,

1922 885 2181 944 tanquam
2213 890 2309 943 per
2363 874 2615 944 quaedam
2680 876 2855 947 signa,
2921 880 3223 932 secundum
3278 878 3517 949 aliquam

1921 968 2342 1023 similitudinem
2404 968 2802 1038 signiﬁcentur.
2834 969 2903 1024 At
2934 986 3064 1025 vero
3084 980 3141 1026 et
3182 972 3356 1027 Filius
3386 975 3521 1028 dici-

1920 1072 2008 1116 tur
2038 1064 2091 1116 in
2166 1061 2449 1130 Scriptura
2524 1061 2808 1116 etl‘undere
2866 1064 3156 1133 Spiritum.
3225 1066 3315 1119 Ait
3372 1068 3519 1122 enim

1921 1156 2217 1225 Apostolus
2253 1156 2318 1209 ad
2379 1155 2599 1209 Titum:
2665 1154 2970 1210 Secundum
2999 1174 3152 1211 suam
3217 1162 3523 1215 misericor-

1919 1253 2062 1315 diam
2097 1250 2271 1303 salvos
2300 1266 2395 1304 nos
2449 1252 2597 1317 fecit,
2628 1266 2721 1317 per
2781 1251 3057 1304 lavacrum
3110 1256 3520 1321 regenerationis

1918 1353 1967 1398 et
2003 1344 2358 1397 renovationis
2418 1341 2649 1413 Spiritus
2694 1346 2887 1407 sancti,
2915 1360 3066 1413 quem
3126 1342 3315 1413 effudit
3344 1349 3413 1401 ad
3429 1367 3524 1403 nos

1918 1438 2124 1506 copiose
2152 1452 2246 1504 per
2264 1436 2445 1490 Iesum
2480 1434 2751 1489 Christum
2787 1436 3123 1492 Saluatorem
3181 1451 3421 1494 nostrum
3453 1443 3525 1495 ⁷⁸.

1920 1530 2136 1585 Eﬂ'unili
2167 1533 2310 1585 enim
2338 1531 2413 1585 ait
2444 1530 2706 1598 Spiritum
2739 1547 2836 1601 per
2884 1532 3107 1595 Filium,
3169 1536 3429 1602 quoniam
3463 1536 3519 1588 id

1920 1625 2097 1693 ipsum
2125 1634 2183 1677 ut
2213 1623 2453 1679 eﬁ‘undat
2492 1624 2783 1693 Spiritum,
2837 1626 2999 1681 habet
3030 1626 3201 1680 Filius
3235 1642 3300 1682 ex
3339 1633 3522 1696 Patro,

1918 1717 2062 1785 quod
2096 1716 2434 1786 significatur
2462 1732 2525 1770 ex
2561 1717 2666 1771 alia
2727 1718 3031 1783 Scriptura.
3069 1719 3341 1789 Scriptum
3375 1723 3523 1774 enim

1920 1820 2005 1865 est
2036 1810 2089 1863 in
2144 1809 2404 1863 Actibus:
2449 1808 2814 1864 Promissione
2848 1809 3079 1879 Spiritus
3112 1814 3284 1866 sancti
3319 1825 3528 1882 accepta

236 1902 436 1966 sancti,
467 1901 679 1956 reducit
702 1916 804 1955 nos
832 1901 897 1955 ad
944 1902 1328 1971 sempiternam
1365 1901 1485 1970 ejus
1519 1915 1587 1955 ex
1624 1901 1814 1954 eodem
1858 1937 1897 1990 Β
1925 1920 1955 1955 a
1986 1903 2171 1968 Patre,
2203 1904 2390 1971 eﬂ'adit
2440 1903 2537 1955 Iwc
2565 1904 2704 1973 quod
2746 1920 2882 1957 nunc
2904 1905 3092 1958 videtis
3125 1916 3173 1960 et
3209 1907 3405 1960 auditis
3453 1909 3521 1963 τθ.

236 1994 669 2062 processionem.
712 1992 783 2047 At
842 2008 975 2049 vero
1031 2004 1087 2049 et
1122 1993 1293 2049 Filius
1344 1995 1505 2049 datin
1534 1993 1817 2063 Scriptura

239 2085 502 2156 Spiritum
536 2096 807 2141 sanctum.
840 2085 1150 2143 lnsufﬁavit
1173 2088 1342 2151 enim,
1377 2098 1432 2143 et
1488 2088 1626 2143 dixit
1659 2087 1823 2142 disci-

234 2178 679 2246 'pulis:.4ccipitc
736 2177 995 2246 Spiritum
1044 2188 1288 2231 sanctum
1322 2180 1383 2233 “.
1442 2178 1501 2233 Et
1538 2179 1589 2232 in
1649 2181 1821 2248 prima

237 2271 508 2328 catholica
536 2270 776 2339 Epistola
802 2271 880 2325 ait
909 2271 1101 2326 beatus
1149 2268 1391 2326 Joannes
1434 2271 1504 2326 de
1555 2270 1777 2325 Christo
1808 2291 1819 2326 :

238 2365 303 2420 In
327 2366 426 2421 hoc
458 2366 837 2435 cegnoscimus,
859 2366 987 2437 quia
1040 2348 1215 2421 manet
1236 2368 1287 2419 in
1323 2366 1494 2430 nobis,
1524 2366 1588 2419 de
1617 2363 1822 2433 Spiritu

236 2474 389 2530 quem
416 2458 563 2513 nobis
592 2458 735 2513 dedit
762 2459 831 2515 ⁷⁵.
882 2460 1021 2524 Quia
1044 2473 1174 2513 vero
1199 2459 1437 2528 Spiritus
1482 2470 1705 2515 sanctus
1733 2460 1825 2513 dat

236 2548 462 2615 Filium,
493 2564 760 2619 nusquam
797 2550 1065 2619 scriptum
1095 2558 1197 2605 est.
1230 2549 1501 2617 Quoniam
1533 2564 1666 2619 ergo
1694 2549 1826 2604 dare

240 2642 505 2711 Spiritum
535 2653 589 2697 et
616 2657 727 2697 non
751 2641 870 2697 dari
896 2644 963 2697 ab
993 2656 1081 2707 eo,
1137 2658 1426 2697 commune
1455 2651 1540 2698 est
1567 2642 1745 2697 Patris
1775 2654 1828 2697 et

238 2734 737 2800 Filii;communia
796 2749 927 2790 vero
974 2734 1352 2789 indiﬂerenter
1394 2743 1524 2789 sunt
1578 2750 1828 2790 commu-

239 2826 363 2880 nia:
399 2827 653 2881 similiter
679 2826 869 2897 utique
910 2827 1184 2883 intellecta
1223 2828 1446 2883 datione
1469 2836 1525 2883 et
1553 2829 1828 2898 acceptio-

237 2933 306 2972 ne
333 2919 387 2973 in
413 2917 553 2975 Filio
582 2930 636 2976 et
667 2919 877 2990 Spiritu
908 2959 924 2985 ,
970 2921 1114 2977 sicut
1146 2922 1199 2976 in
1254 2921 1414 2978 Patre
1465 2934 1519 2979 et
1576 2923 1783 2993 Spiritu
1811 2943 1825 2990 ;

240 3025 466 3065 necesse
494 3018 577 3064 est
616 3026 682 3065 ex
731 3027 796 3067 eo
831 3013 950 3079 ipso
996 3012 1303 3080 intelligere
1326 3027 1448 3078 nos,
1480 3018 1624 3084 quod
1654 3011 1828 3069 Filius

239 3102 566 3171 principium
595 3114 681 3158 est
720 3102 981 3172 Spiritus,
1013 3112 1067 3159 et
1089 3103 1332 3173 Spiritus
1387 3107 1828 3177 intemporaliter

237 3207 323 3254 est
349 3210 415 3253 ex
438 3212 579 3267 ipso.

663 3372 1008 3433 Undecimum
1036 3377 1439 3449 Argumentum.

314 3533 553 3590 Eﬁ‘undit
582 3536 636 3591 in
672 3534 954 3607 Scriptura
979 3554 1135 3594 sacra
1178 3538 1341 3596 Pater
1368 3540 1635 3612 Spiritum
1666 3557 1829 3599 sanc-

239 3642 381 3690 tum.
411 3626 503 3679 Ait
531 3627 678 3680 enim
702 3644 715 3681 :
750 3623 1045 3696 Eﬁ'undam
1069 3647 1103 3683 a
1132 3629 1339 3700 Spiritu
1370 3650 1482 3687 meo
1538 3650 1697 3704 super
1725 3651 1834 3688 om-

241 3734 361 3772 nem
391 3733 605 3771 carnem
638 3717 706 3772 ".
735 3717 810 3771 De
835 3734 944 3788 quo
974 3721 1099 3790 quis
1129 3724 1327 3777 merito
1370 3725 1663 3793 dubitabit,
1697 3743 1834 3797 quo-

238 3812 407 3867 modo
438 3810 761 3874 eﬂ'unditur,
796 3813 941 3882 quod
976 3830 1082 3869 non
1132 3825 1216 3872 est
1247 3818 1484 3874 humidae
1516 3832 1727 3875 naturas
1752 3822 1834 3877 Vel

236 3905 531 3962 deﬂuentis
554 3944 571 3969 ,
607 3906 691 3959 vel
720 3907 996 3976 quomodo
1043 3908 1247 3977 patitur
1291 3910 1520 3982 aliquid,
1581 3914 1723 3984 quod
1750 3931 1836 3984 pe-

239 4000 393 4054 nitus
414 4007 497 4054 est
520 3997 859 4067 impassibile
884 4014 901 4063 ;
931 4013 995 4055 ac
1024 3999 1068 4054 si
1097 4014 1224 4055 vera
1247 4012 1332 4057 est
1377 4003 1553 4061 Patris
1585 4014 1638 4060 et
1665 4006 1835 4076 Spirio

236 4100 331 4147 tus
354 4091 531 4147 sanati
566 4091 839 4159 operatio,
865 4101 921 4146 et
951 4102 1035 4146 est
1056 4090 1339 4151 eﬂundere
1392 4099 1641 4167 Operatio
1692 4116 1840 4169 qua:-

235 4188 368 4243 dam
392 4205 405 4241 :
440 4196 495 4242 et
527 4188 643 4256 ipse
667 4203 799 4257 ergo
824 4202 883 4242 se
944 4187 1123 4257 ipsum
1150 4188 1405 4244 eﬁ'undit.
1431 4190 1536 4245 Sed
1561 4193 1839 4261 quomodo

231 4294 369 4334 cum
409 4291 556 4334 esset
581 4279 1027 4349 simplicissimus
1063 4281 1178 4349 ipse
1209 4280 1275 4333 ad
1329 4284 1570 4351 seipsum
1601 4283 1751 4349 facit,
1785 4291 1841 4338 et

232 4387 273 4427 ε
301 4386 361 4425 se
388 4371 508 4441 ipso
534 4372 787 4436 patitur?
837 4370 885 4425 si
922 4386 1051 4427 vero
1086 4372 1232 4428 dicet
1295 4373 1519 4443 aliquis,
1578 4377 1723 4445 quod
1754 4376 1841 4432 ei-

230 4467 397 4529 {undi
434 4469 548 4534 ipse
580 4467 809 4530 dicitur,
837 4481 904 4520 eo
967 4466 1114 4535 quod
1160 4466 1280 4536 ejus
1320 4469 1495 4537 gratia
1521 4468 1839 4537 effunditur,

229 4572 302 4620 ut
325 4563 589 4625 scriptum
622 4569 706 4615 est
740 4560 792 4615 in
818 4560 1065 4624 Actibus,
1099 4563 1243 4630 quod
1274 4561 1343 4614 Et
1373 4564 1428 4615 in
1456 4564 1695 4630 gentibus
1714 4580 1838 4632 gra-

1931 1994 2085 2061 Quod
2121 2011 2251 2051 vero
2276 1995 2512 2066 Spiritus
2558 1997 2802 2051 eﬁundat
2858 1995 3077 2060 Filium,
3118 1999 3379 2069 scriptum
3415 2016 3523 2054 non

1931 2096 2034 2143 est.
2062 2088 2243 2152 Quare
2271 2098 2324 2142 et
2366 2103 2430 2141 ex
2473 2088 2575 2143 hoc
2608 2086 2803 2141 Filium
2860 2087 3191 2157 principium
3245 2103 3370 2144 esse
3400 2088 3527 2158 Spi-

1932 2179 2073 2234 ritus
2101 2179 2471 2233 concluditur.

2318 2316 2704 2372 Duodecimum
2734 2318 3133 2388 Argumentum.

2005 2456 2259 2524 Accepta,
2291 2455 2388 2518 a?t,
2420 2471 2451 2506 a
2509 2451 2672 2506 Patre
2693 2456 3041 2522 promissione
3076 2453 3307 2524 Spiritus
3330 2461 3526 2526 sancti,

1934 2548 2112 2618 effudit
2140 2548 2236 2600 hoc
2282 2550 2419 2614 quod
2459 2562 2596 2599 nunc
2631 2547 2817 2599 videtis
2845 2555 2893 2599 et
2948 2548 3168 2602 auditis.
3207 2549 3318 2602 ΙΙοη
3345 2559 3523 2604 autem

1935 2641 2032 2705 ait,
2058 2656 2164 2694 non
2194 2641 2321 2708 quia
2359 2638 2518 2693 habet
2584 2638 2789 2707 aliquid
2822 2636 3008 2702 Pater,
3036 2641 3182 2708 quod
3214 2639 3387 2695 Filius
3419 2657 3529 2695 non

1936 2747 2155 2800 semper
2225 2731 2407 2796 habet,
2439 2740 2493 2785 et
2539 2732 2890 2800 postmodum
2936 2732 2986 2785 id
3024 2734 3202 2802 ipsum
3274 2734 3477 2802 accipit
3503 2756 3529 2787 ιι

1936 2821 2117 2879 Patre.
2147 2820 2280 2877 Nam
2316 2823 2748 2892 intemporaliter
2770 2838 2894 2877 cum
2928 2833 3072 2879 esset
3096 2840 3124 2878 a
3156 2826 3317 2880 Patre
3345 2835 3534 2885 natus.

1939 2918 2042 2969 hoc
2091 2916 2213 2983 ipso
2237 2914 2382 2983 quod
2452 2913 2885 2981 intemporaliler
2918 2928 2981 2967 ex
3018 2923 3266 2969 conatus
3323 2925 3430 2979 ρει,
3463 2916 3533 2970 ab

1935 3015 2142 3060 aeterno
2175 3005 2383 3058 habens
2413 3019 2479 3059 ex
2524 3004 2682 3059 Patre
2711 3005 2896 3060 omnia
2945 3021 3287 3076 quacunque
3329 3008 3491 3063 habet
3516 3048 3532 3071 .

1938 3097 2142 3152 dicitur
2171 3097 2419 3167 accipere
2449 3112 2476 3151 a
2501 3097 2664 3152 Patre
2692 3116 2705 3163 ;
2750 3115 2857 3152 non
2888 3115 3011 3169 qua:
3042 3100 3195 3169 prius
3228 3116 3337 3156 non
3370 3104 3538 3158 habe-

1938 3191 2052 3255 bat,
2091 3189 2184 3246 sed
2218 3189 2553 3244 aeterualitcr
2617 3205 2739 3260 quae
2808 3182 2963 3246 exeo
3016 3194 3291 3249 exsistens
3350 3194 3533 3249 habet.

1853 3290 1896 3348 ο
1930 3281 2111 3347 Quare
2138 3279 2280 3349 quod
2334 3279 2601 3348 scriptum
2635 3290 2738 3345 cst,
2783 3282 3032 3352 accipere
3068 3285 3245 3354 ipsum
3287 3302 3317 3339 a
3349 3284 3531 3347 Patrc.

1935 3372 2299 3444 signiﬁcatum
2337 3380 2420 3426 est
2445 3373 2775 3428 aeternalitcr
2803 3390 2866 3429 ex
2896 3373 3061 3431 Patre
3102 3378 3281 3446 ipsum
3310 3393 3454 3445 esse,
3486 3388 3541 3432 ct

1938 3467 2137 3521 habere
2167 3480 2505 3536 quacunque
2547 3466 2730 3522 habet.
2763 3476 2834 3522 At
2886 3484 3017 3523 vero
3073 3470 3215 3525 sicut
3240 3470 3414 3526 Filius
3459 3474 3542 3527 di-

1938 3559 2085 3613 citur
2110 3560 2358 3625 accipere
2385 3574 2414 3611 a
2447 3557 2632 3626 Patre,
2667 3568 2721 3615 et
2776 3559 3057 3617 etl'underc
3116 3564 3401 3634 apostolis,
3461 3566 3535 3619 ita

1940 3650 2180 3719 Spiritus
2214 3659 2439 3705 sanctus
2491 3652 2693 3706 dicitur
2726 3655 2976 3723 accipere
3027 3672 3093 3711 cx
3140 3657 3302 3725 Filio,
3360 3671 3538 3715 etan-

1937 3744 2193 3799 nuntiare
2223 3744 2453 3799 eisdem.
2492 3744 2581 3800 Ait
2604 3745 2749 3800 enim
2795 3763 2810 3801 :
2851 3748 2925 3802 De
2945 3766 3059 3803 meo
3096 3754 3339 3823 accipiet,
3367 3767 3414 3810 et
3446 3775 3545 3811 ar.-

1940 3835 2207 3889 nuntiabit
2237 3836 2377 3889 vobis
2415 3836 2482 3890 ⁸ο.
2539 3837 2721 3903 Quare
2751 3848 2806 3893 et
2842 3839 2946 3895 hoc
2988 3842 3240 3899 similiter
3269 3846 3544 3916 signiﬁca-

1942 3940 2056 3983 tum
2081 3927 2207 3994 erit,
2236 3928 2381 3996 quod
2414 3927 2534 3997 ipse
2577 3928 2818 3999 Spiritus
2865 3942 3093 3988 sanctus
3118 3949 3183 3988 es
3233 3936 3544 3993 Filimeter-

1941 4018 2137 4072 naliter
2166 4026 2249 4073 est
2282 4028 2336 4072 et
2375 4020 2536 4073 habet
2586 4035 2935 4090 quascunque
2988 4022 3188 4079 habet:
3232 4026 3543 4084 sicutetex

1940 4108 2121 4162 Patre.
2158 4107 2273 4164 Hoc
2307 4120 2487 4164 autem
2517 4119 2664 4179 patet
2694 4122 2750 4165 et
2799 4128 2894 4181 per
2924 4116 3286 4182 prarcedentia
3325 4123 3487 4175 verba
3521 4141 3535 4186 ;

1943 4200 2083 4253 dixit
2108 4201 2296 4254 enim:
2337 4199 2471 4255 Cum
2519 4205 2715 4256 venerit
2752 4204 2840 4259 ille
2883 4204 3119 4275 Spiritus
3151 4212 3412 4279 veritatis,
3449 4213 3544 4269 do-

1944 4293 2078 4345 ccbit
2104 4308 2191 4346 vos
2254 4310 2456 4348 onmem
2493 4298 2763 4350 veritatem
2791 4299 2859 4355 εί.
2892 4300 3100 4357 Deinde
3152 4308 3412 4375 quoniam
3450 4326 3545 4379 per

1946 4388 2050 4443 hoc
2078 4388 2324 4458 quaedam
2385 4390 2679 4459 diminutio
2726 4403 2911 4461 posset
2943 4397 3122 4465 putari
3180 4399 3301 4467 ejus
3354 4398 3538 4456 Filio:

1945 4481 2216 4550 siquidem
2249 4482 2445 4537 docere
2501 4485 2781 4552 apostolos
2832 4501 3052 4542 omnem
3082 4490 3394 4559 veritatem,
3431 4510 3542 4548 rem

1949 4577 2178 4633 tantam,
2250 4568 2367 4638 ipse
2427 4571 2648 4639 quidem
2708 4589 2818 4629 non
2880 4574 3031 4641 fecit,
3088 4576 3349 4648 Spiritum
3414 4598 3545 4637 vero

1114 4625 1133 4630 -
1456 4625 1476 4630 -
1714 4625 1736 4632 -
2165 4625 2177 4633 .
2271 4625 2286 4638 .
2445 4625 2459 4639 .
3422 4625 3545 4637 ω...

229 4655 320 4711 tia
356 4653 588 4723 Spiritus
611 4653 788 4707 sancti
818 4652 993 4721 eﬁ‘usa
1020 4663 1099 4707 est
1134 4653 1178 4683 "
1208 4670 1224 4718 ;
1268 4654 1372 4707 hoc
1393 4664 1574 4708 autem
1610 4666 1831 4724 propter
1861 4625 1915 4685 Β
1939 4670 2190 4715 sanctum
2226 4663 2330 4717 hoc
2354 4662 2431 4717 ait
2470 4662 2740 4719 facturum
2796 4667 2933 4732 fore,
2992 4668 3154 4725 infert
3204 4690 3217 4726 :
3257 4672 3379 4727 Non
3404 4678 3546 4729 enim

228 4750 521 4816 copiosam
558 4753 613 4799 et
640 4744 1013 4799 abundantem
1065 4746 1340 4801 donorum
1388 4746 1827 4802 distributionem

228 4841 310 4897 ad
338 4841 543 4894 multos
570 4839 753 4893 subito
791 4847 1160 4894 transeuntem
1194 4857 1208 4895 :
1255 4839 1349 4895 sed
1384 4854 1509 4895 cum
1540 4842 1730 4897 eadem
1760 4841 1833 4897 sit

228 4934 413 5006 gratia
439 4933 617 4987 Patris
659 4941 711 4985 et
739 4929 975 5001 Spiritus
998 4931 1200 4996 sancti,
1259 4933 1391 5002 quid
1453 4933 1626 5003 magis
1683 4948 1834 4988 com-

231 5026 396 5081 muni
421 5026 591 5095 gratia
627 5024 822 5089 eli'usa,
858 5023 1021 5079 Pater
1078 5025 1281 5079 dicitur
1316 5024 1596 5081 eil'undere
1652 5027 1832 5097 Spiri-

230 5132 380 5183 tum,
413 5134 578 5189 quam
605 5117 843 5187 Spiritus
884 5116 1144 5172 Patrem?
1178 5116 1352 5189 Hujus
1398 5128 1580 5173 autem
1621 5120 1828 5176 solutio

236 5216 430 5270 eadem
461 5214 649 5278 utique
679 5221 782 5271 est.
817 5227 939 5281 quae
962 5222 1016 5265 et
1067 5211 1335 5281 priorum.
1392 5211 1658 5279 Quoniam
1681 5215 1827 5267 enim

236 5304 335 5356 ille
371 5300 463 5370 qui
497 5299 745 5362 ell‘undit,
775 5300 913 5354 adid
953 5300 1098 5368 quod
1129 5299 1447 5361 effunditur,
1475 5301 1528 5355 in
1561 5313 1825 5371 quantum

240 5395 497 5458 effundit,
537 5392 798 5463 principii
858 5392 1025 5448 habet
1061 5393 1330 5451 rationem
1363 5410 1377 5459 ;
1427 5404 1511 5448 cst
1562 5404 1742 5448 autem
1774 5404 1830 5448 et

238 5491 404 5544 Pater
440 5488 768 5559 principium
805 5485 1042 5557 Spiritus
1073 5487 1304 5553 ;merito
1364 5488 1641 5543 communi
1701 5504 1827 5558 gra-

238 5600 316 5639 ua
340 5586 506 5638 etlusa
540 5584 698 5637 Pater
726 5582 945 5652 quidem
975 5580 1179 5636 dicitur
1207 5581 1486 5639 ell'undere
1521 5581 1786 5651 Spiritum
1812 5599 1827 5648 ;

243 5677 485 5744 Spiritus
519 5693 646 5731 vero
672 5676 881 5732 Patrem
912 5694 1042 5744 non,
1075 5689 1132 5734 ιιι
1156 5695 1218 5734 (ει
1268 5679 1579 5749 hujusmodi
1607 5680 1833 5733 vocibus

935 5879 977 5909 ⁷⁸
1012 5880 1027 5931 l
1060 5876 1215 5931 Joau.
1258 5896 1330 5933 tv.
1363 5882 1413 5932 6.

824 5946 865 5976 ⁸¹
900 5947 1056 6004 ἰΙιιιΙ.’
1101 5952 1182 6003 15.
1260 5950 1302 5979 δ’
1331 5952 1459 6005 ιινιει.

322 5870 365 5901 ’⁸
390 5870 548 5927 Joan.
582 5892 669 5931 xx.
728 5875 819 5928 9.2.

245 5941 297 5973 ⁸ο
318 5942 478 6001 Joan.
511 5962 620 6008 tm,
664 5950 744 6000 14.

1531 5882 1575 5911 ⁷⁸
1602 5883 1736 5940 ιυοι.
1786 5898 1844 5948 ll,
1874 5881 1965 5937 28.

1941 4764 2189 4822 loquetur
2221 4772 2252 4807 ιι
2282 4757 2602 4825 semetipso,-
2637 4758 2726 4811 sed
2760 4776 3086 4829 quaecunque
3132 4766 3333 4832 audiet,
3361 4769 3542 4837 laque~

1942 4857 2033 4900 tur
2063 4885 2078 4909 ,
2115 4855 2164 4898 et
2195 4862 2310 4916 qua:
2338 4856 2559 4899 ventura
2582 4914 2583 4917 η
2604 4860 2746 4915 sunt,
2801 4855 3145 4908 annuntiabit
3196 4859 3336 4910 vobis
3365 4857 3434 4910 “¹.
3465 4860 3544 4910 Ac

1942 4935 1993 4990 si
2028 4936 2233 4991 diceret
2263 4937 2454 5003 :Quod
2489 4936 2581 4992 ille
2603 4955 2700 4994 vos
2723 4941 2887 4997 ducat
2914 4944 2980 4997 ad
3003 4961 3221 5000 omnem
3256 4949 3537 5001 veritatem

1940 5038 1994 5081 et
2023 5029 2312 5084 annuntiet
2346 5031 2503 5086 vobis
2535 5044 2765 5086 ventura
2792 5074 2809 5099 ,
2862 5036 3036 5103 gloria
3112 5052 3229 5091 mea
3256 5046 3363 5103 est,
3401 5056 3538 5107 quo-

1930 5119 2078 5174 niam
2111 5121 2255 5176 sicut
2289 5137 2392 5192 cgo
2440 5125 2769 5194 accipieusa
2818 5126 2977 5181 Patre
3024 5127 3298 5183 eﬁ‘undam
3362 5132 3539 5192 vobis.

1931 5212 2005 5267 ita
2036 5212 2127 5267 ille
2152 5214 2428 5283 accipiens
2451 5232 2513 5272 ex
2542 5232 2663 5272 meo
2692 5220 3037 5274 annuntiahit
3074 5221 3247 5276 vobis.
3280 5222 3393 5277 lloc
3434 5240 3541 5289 cst,

1933 5303 2090 5360 Sicut
2121 5321 2221 5379 ego
2255 5306 2690 5377 intemporaliter
2754 5311 3025 5367 exsistens
3056 5328 3119 5368 ex
3157 5312 3317 5369 Patre
3379 5317 3447 5371 ab
3476 5332 3543 5372 eo

1934 5399 2379 5469 intemporaliter
2406 5402 2578 5457 habeo
2602 5419 2943 5474 quaecunque
2973 5406 3146 5460 habeo
3162 5419 3213 5460 et
3241 5406 3383 5462 iacio
3415 5427 3429 5462 :
3467 5410 3541 5464 ita

1939 5492 2177 5563 Spiritus
2211 5496 2278 5549 de
2308 5511 2397 5552 me
2427 5496 2860 5567 intemporaliter
2883 5500 3177 5567 exsisteus,
3197 5502 3263 5554 de
3292 5517 3411 5556 meo
3442 5501 3540 5555 ba-

1942 5586 2234 5642 hetomnia
2263 5603 2605 5661 quascunque
2656 5591 2817 5646 habet
2845 5591 3070 5647 etfacit.
3115 5592 3296 5659 Quare
3344 5595 3543 5648 ducere

1943 5693 2045 5734 vos
2074 5679 2128 5734 in
2160 5695 2377 5736 omnem
2407 5683 2711 5750 veritatem,
2744 5686 2812 5740 de
2846 5701 2969 5739 nico
3022 5698 3309 5756 acceptum
3343 5687 3535 5741 intem-

2076 5886 2266 5941 "Act.
2320 5906 2372 5953 x,
2406 5890 2471 5945 45
2609 5893 2652 5921 ⁷⁸
2681 5892 2782 5947 Tit.
2847 5909 2926 5958 ιιι,
2956 5895 3004 5947 ὕ.
3120 5896 3163 5926 ’⁸
3200 5897 3316 5950 Act.
3362 5914 3422 5962 tt,
3451 5900 3537 5952 53.
