4064 6456
532 483 664 550 132³7

528 599 789 673 poralitcr
834 591 1020 657 habet,
1080 583 1342 659 quoniam
1398 580 1456 636 in
1508 579 1594 637 nis

532 692 844 754 ostenditur
870 685 1136 757 Spiritum
1167 686 1424 737 sanctum
1448 689 1569 730 esse
1611 687 1680 728 ex
1702 672 1842 740 ipso.
1873 665 2137 737 Superius

533 805 662 845 vero
709 785 928 840 dixerat
987 791 1113 834 esse
1160 774 1314 830 illum
1369 786 1434 826 ex
1486 767 1671 832 Patre,
1696 764 1791 820 ubi
1823 762 1941 817 ait:
1977 758 2140 826 Quia

536 885 700 939 Patre
735 875 970 951 procedit
1042 871 1115 930 “z
1148 869 1340 924 volens
1372 856 1916 919 adhucmanil‘estius
1952 862 2143 907 osten-

493 957 515 981 ⁴
536 979 687 1039 dere,
718 970 867 1043 quod
901 977 1196 1022 commune
1229 969 1315 1014 est
1357 956 1540 1011 Patris
1587 963 1643 1009 et
1671 952 1850 1021 ipsius
1880 962 2024 1010 esse,
2057 942 2145 998 vi-

538 1038 756 1127 delicet,
781 1077 850 1117 ex
878 1057 1151 1113 ambobus
1186 1050 1455 1121 Spiritum
1484 1043 1695 1100 inducit
1725 1058 1743 1096 :
1772 1038 1969 1095 Omnia
1997 1048 2145 1106 qure-

540 1175 744 1229 cunque
764 1156 921 1211 habet
953 1151 1115 1206 Pater
1144 1162 1262 1200 mea
1289 1149 1432 1197 sunt.
1485 1135 1764 1202 Ideodizi,
1788 1133 1913 1204 quia
1945 1128 2011 1183 de
2032 1141 2149 1181 meo

544 1226 766 1318 accipiet
814 1246 885 1312 “,
947 1252 1011 1298 ut
1072 1237 1326 1310 superius
1387 1226 1767 1294 dixerat;sed
1831 1229 2153 1294 permutans

545 1358 761 1413 tempus
784 1339 961 1401 verbi,
994 1336 1070 1391 ait
1099 1352 1112 1387 :
1141 1332 1266 1403 quia
1297 1328 1360 1383 de
1392 1341 1504 1380 meo
1534 1321 1721 1391 accipit
1755 1328 1855 1373 :ut
1885 1315 1938 1371 id
1971 1315 2154 1384 ipsum

546 1406 694 1510 quod
718 1433 920 1503 accipit
951 1425 1188 1500 Spiritus
1213 1439 1281 1479 ex
1315 1419 1481 1485 Filio,
1514 1414 1650 1470 nihil
1680 1409 1826 1467 aliud
1860 1406 2154 1478 signiticet,

548 1547 715 1603 quam
754 1542 878 1585 esse
919 1496 1352 1590 intemporaliter
1390 1528 1456 1568 ex
1488 1510 1629 1580 ipso.
1662 1505 1728 1559 Et
1776 1501 1962 1572 aspice
2009 1496 2160 1553 Scri-

551 1635 768 1697 pturam
830 1618 1128 1686 Scriptura:
1180 1596 1912 1679 coaptando,admirandam
1968 1590 2160 1647 analo-

553 1683 719 1789 giam.
761 1713 935 1769 Filius
957 1683 1237 1775 accipiens
1286 1716 1318 1755 a
1352 1697 1537 1762 Patre,
1589 1689 1819 1748 ell'undit
1853 1683 2161 1757 apostolis;

560 1809 798 1881 Spiritus
873 1809 1104 1860 sanctus
1164 1791 1442 1863 accipiens
1501 1788 1569 1841 de
1650 1782 1812 1845 Filio,
1877 1772 2167 1831 annuntiat

558 1902 868 1975 apostolis:
953 1897 1083 1950 item
1149 1886 1388 1960 apostoli
1448 1878 1782 1948 accipientes
1858 1887 1888 1924 a
1947 1865 2158 1936 Spiritu

561 2006 753 2054 sancto
783 1989 1112 2048 annnntiant
1135 1982 1361 2039 mundo.
1396 1978 1485 2031 Ait
1511 1973 1661 2029 enim
1686 1969 1796 2023 alia
1837 1964 2152 2042 Scriptura:

1683 458 2083 525 BARLAAMI
2122 453 2223 516 DE
2263 447 2697 514 SEMINABIA

1658 578 1880 649 quidem
1951 570 2133 628 verbis
2159 583 2210 643 Α
2236 563 2560 636 temporalis
2586 573 2719 615 vero
2762 563 2819 611 et
2849 549 3151 624 corporalis
3210 547 3281 604 de
3325 558 3422 601 ore
3476 542 3595 615 ejus
3646 542 3789 600 ﬂatus

2239 660 2391 716 illius
2426 664 2613 712 motus
2641 662 2901 722 tanquam
2936 647 3154 717 signum
3188 657 3284 698 seu
3317 639 3487 711 ﬁgura
3530 637 3784 706 intempo-

2239 752 2400 818 ralis,
2432 758 2488 806 et
2525 749 2861 816 incorporea:
2891 751 2946 797 et
2999 733 3383 807 inseparabilis
3441 730 3789 803 processionis

2247 847 2489 918 Spiritus
2529 842 2702 898 sancti
2733 880 2749 907 ,
2780 853 2847 895 ex
2881 835 3081 891 deitate
3104 829 3250 893 Filii,
3284 837 3342 883 ut
3401 841 3494 896 per
3517 825 3616 878 hoc
3642 822 3793 877 intel-

2244 916 2480 1011 ligamus
2512 936 2780 1007 Spiritum
2816 929 3029 986 aPatre
3083 921 3470 995 procedentem
3527 916 3688 971 etiam
3733 928 3794 968 ex

2246 1009 2388 1087 Filio
2422 1029 2678 1086 similiter
2711 1022 3008 1095 procedere
3033 1017 3057 1071 Ἰ
3083 1016 3260 1087 Hujus
3306 1021 3500 1068 autem
3526 1009 3643 1064 duae
3688 1016 3800 1061 sunt

2249 1123 2628 1196 probationes.
2671 1116 2810 1181 Una,
2845 1111 2991 1183 quod
3020 1110 3188 1165 etiam
3220 1110 3446 1161 sanctus
3479 1099 3797 1170 Augustinus

2252 1193 2330 1273 ita
2361 1215 2621 1285 explanat
2655 1219 2714 1266 et
2764 1205 2980 1263 reducit
3044 1202 3209 1259 istum
3269 1198 3447 1255 locum
3481 1193 3799 1276 Scriptura;

2255 1256 2330 1273 ...-
2362 1256 2621 1285 --,.........
2658 1256 2714 1266 --
2766 1256 2979 1263 ,-------
3606 1256 3619 1263 _
3790 1256 3795 1257 ί

2255 1310 2359 1366 alia
2386 1322 2517 1363 vero
2543 1346 2559 1373 ,
2590 1302 2737 1375 quod
2769 1301 2877 1356 nisi
2904 1299 2977 1353 ita
3006 1294 3284 1366 aperiatur
3340 1290 3434 1345 ille
3495 1256 3801 1349 insnlllatus,

2255 1400 2586 1471 relinquitur
2607 1396 2817 1466 absque
2851 1391 3065 1447 ratione
3089 1388 3268 1444 iactus
3293 1401 3311 1451 ;
3340 1382 3484 1452 quod
3514 1389 3599 1436 est
3625 1379 3806 1445 impos-

2260 1493 2444 1550 sibile.
2471 1487 2729 1547 Procedit
2762 1499 2897 1555 ergo
2934 1490 2990 1536 et
3011 1497 3075 1536 ex
3116 1477 3254 1533 Filio
3284 1475 3523 1546 Spiritus
3553 1477 3765 1526 sanctus
3792 1484 3803 1517 :

2261 1590 2385 1645 ideo
2415 1585 2562 1641 enim
2598 1581 2753 1651 prius
2787 1574 3101 1640 insumavjt,
3132 1570 3330 1626 deinde
3359 1566 3496 1622 dixit
3528 1583 3542 1619 :
3577 1560 3812 1630 Accipite,

2265 1677 2674 1738 utostenderet,
2705 1672 2851 1744 quod
2882 1666 3260 1739 temporaliter
3319 1658 3636 1716 hominibus
3697 1657 3810 1709 dare

2267 1772 2536 1843 Spiritum
2573 1773 2825 1824 sanctum
2853 1762 3021 1816 habet
3072 1759 3211 1828 ipse,
3241 1770 3309 1811 ex
3343 1768 3411 1809 eo
3436 1750 3577 1821 quod
3604 1758 3815 1803 aeterna-

2269 1841 2394 1919 liter
2419 1878 2487 1917 ex
2520 1861 2643 1931 ipso
2678 1854 2962 1928 procedit;
3023 1850 3282 1919 quoniam
3341 1843 3487 1899 illius
3548 1847 3635 1894 est
3701 1841 3815 1891 dare

2195 1943 2235 1998 Β
2270 1960 2475 2030 ipsum,
2508 1952 2605 2025 qui
2635 1949 2861 2022 quidem
2888 1954 2974 2003 est
3020 1940 3358 2015 principium
3409 1936 3527 2006 ejus
3586 1932 3818 1990 substan-

3663 425 3783 494 1328

566 2087 850 2158 Accipietis
881 2084 1124 2139 virtutem
1188 2090 1254 2130 ea:
1301 2071 1412 2125 alto
1463 2058 1875 2136 supervenientis
1936 2051 2168 2123 Spiritus
2272 2051 2381 2107 ιὶω,

564 2185 738 2240 sancti
776 2192 931 2246 super
960 2189 1073 2240 vos,
1108 2180 1157 2224 et
1207 2167 1355 2221 eritis
1392 2160 1523 2214 mihi
1570 2164 1722 2211 testes
1759 2154 1813 2207 in
1841 2144 2169 2206 Jerusalem,

572 2288 624 2335 et
683 2275 933 2330 universa
995 2265 1192 2322 Juda’a
1222 2268 1271 2316 et
1325 2254 1598 2315 Samaria,
1629 2259 1677 2305 et
1742 2259 1906 2315 utque
1951 2247 2019 2294 ad
2071 2246 2174 2291 ter-

573 2373 744 2427 minos
779 2379 931 2421 teme
967 2360 1036 2416 ⁸⁸.
1064 2357 1119 2414 ld
1152 2368 1304 2418 vero,
1329 2348 1473 2421 quod
1509 2345 1715 2401 dictum
1767 2345 1874 2402 est,
1935 2332 2015 2387 De
2061 2345 2175 2384 meo

570 2464 812 2533 accipiet,
838 2471 937 2527 pro
961 2469 1026 2510 eo
1055 2451 1262 2530 dictum
1292 2453 1398 2508 est,
1455 2438 1604 2511 quod
1669 2433 1818 2488 dicat
1842 2428 1905 2482 de
1957 2440 2059 2487 me,
2094 2423 2178 2476 vel

573 2581 642 2619 ea:
672 2575 752 2614 me
784 2573 801 2610 :
835 2564 896 2610 ut
923 2565 1017 2620 per
1051 2525 1154 2602 hoc
1202 2539 1536 2607 intelligatur
1593 2533 1714 2601 ipsa
1766 2525 1889 2580 Filii
1922 2531 2177 2593 persona,

574 2662 740 2727 prout
773 2652 1048 2703 testantur
1086 2631 1500 2702 Evangeliorum
1557 2622 1923 2692 expositores,
1956 2620 2183 2669 sanctus

574 2710 821 2802 ioan‘ncs
847 2736 1276 2806 Chrysostotnus
1316 2731 1375 2777 et
1426 2721 1625 2774 beatus
1671 2710 1931 2781 Cyrillus.

892 2867 1129 2924 Tertium
1183 2860 1445 2914 decimum
1472 2851 1879 2921 Argumentum.

661 3015 751 3069 Ait
779 3008 1019 3065 Joannes
1076 3001 1130 3056 in
1166 2989 1490 3068 Apocalypsi
1519 3003 1535 3043 :
1574 2983 1640 3037 Et
1672 2976 1900 3037 ostendit
1931 2972 2062 3029 milii
2084 2973 2191 3042 flu-

587 3115 728 3167 vium
762 3118 911 3174 aqua:
936 3099 1065 3153 viva:
1090 3092 1296 3147 clarum
1344 3096 1601 3151 tauquam
1659 3069 1968 3144 crystallum
2012 3079 2194 3136 proce-

591 3162 889 3257 dentem.“
918 3190 1039 3246 sede
1065 3186 1160 3240 Dei
1186 3195 1235 3237 et
1284 3179 1422 3250 Agni
1450 3175 1519 3229 ⁸⁸.
1546 3170 1605 3226 ιιι
1634 3171 1720 3224 his
1776 3162 2002 3221 ﬂuvium
2038 3172 2195 3230 aqua:

2575 2137 2863 2195 .Decimum
2884 2132 3126 2204 quintum
3155 2129 3564 2200 Argumentum.

2345 2258 2581 2329 Oportet
2612 2264 2795 2309 autem
2823 2258 2951 2321 post
2981 2249 3099 2321 haec
3127 2256 3447 2313 comparare
3500 2238 3631 2294 huic
3681 2234 3817 2291 facta

2278 2367 2375 2423 per
2395 2328 2498 2407 nos
2527 2343 3012 2406 demonstrationi,
3069 2340 3138 2396 de
3203 2333 3558 2409 processione
3607 2328 3821 2400 Spiritus

2281 2442 2485 2507 sancti,
2519 2448 2576 2496 et
2608 2455 2672 2494 ex
2695 2438 2856 2499 Filio,
2875 2447 3157 2491 sermones
3191 2442 3381 2485 eorum
3408 2425 3501 2496 qui
3533 2421 3820 2493 oppositum

2283 2534 2575 2592 ostendere
2606 2533 2878 2595 nituntur,
2913 2537 2968 2582 et
3020 2524 3208 2580 videre
3267 2527 3530 2592 quantum
3602 2518 3823 2571 interest.

2285 2629 2364 2684 Illi
2398 2629 2543 2684 enim
2581 2634 2677 2681 aut
2701 2620 3051 2679 contumeliis
3080 2626 3133 2673 et
3164 2612 3526 2685 blaspltemiis
3557 2624 3658 2664 nos
3716 2620 3823 2678 per-

2286 2722 2579 2781 cutientes,
2611 2728 2667 2773 et
2696 2716 2791 2771 tali
2824 2713 3011 2784 specie
3083 2721 3402 2767 sermonum
3452 2712 3691 2766 utentes,
3752 2706 3830 2753 aut

2288 2821 2656 2885 supponentes
2694 2807 2855 2864 verba
2883 2813 3096 2866 nostra,
3124 2801 3209 2857 vel
3253 2797 3621 2870 quorumdam
3683 2794 3834 2849 dicto-

2292 2922 2415 2962 rum
2435 2902 2830 2974 expositiones,
2864 2896 2947 2952 vel
3014 2882 3496 2965 argumenta,’non
3557 2886 3700 2943 sicut
3753 2897 3837 2937 nos

2294 3001 2720 3071 intelligimuset
2744 2994 2981 3048 dicimus
3040 2996 3098 3043 et
3161 2983 3525 3056 exponimus,
3579 2981 3673 3036 sed
3718 2980 3838 3033 sicut

2296 3093 2401 3165 ipsi
2431 3092 2615 3148 dicere
2643 3102 2744 3143 nos
2797 3095 2855 3140 et
2893 3081 3199 3152 intelligere
3261 3085 3489 3147 putant:
3548 3081 3649 3129 aut
3697 3072 3839 3126 etiam

2298 3188 2565 3258 ﬁngentes
2591 3184 2692 3254 ipsi
2736 3188 2925 3236 nostra
2964 3176 3148 3243 verba,
3208 3182 3373 3245 prout
3436 3170 3516 3225 eis
3579 3167 3732 3223 facile
3784 3163 3844 3217 sit

594 3293 731 3347 vivae
763 3286 1030 3355 Spiritum
1065 3284 1317 3332 sanctum
1359 3275 1445 3324 est
1483 3258 2004 3355 nominat-inagnum
2064 3263 2196 3305 vero
2225 3288 2270 3348 ο
2301 3281 2607 3343 destruere,
2639 3275 2713 3329 ita
2747 3273 3013 3327 adversus
3046 3282 3148 3322 nos
3174 3263 3635 3321 sermocinamur.

595 3343 973 3438 Filium.Dei-,
1012 3364 1271 3438 quoniam
1305 3371 1436 3413 vero
1485 3349 1730 3423 procedit
1784 3343 2020 3415 Spiritus
2067 3352 2197 3392 san-

600 3485 723 3531 ctus
759 3481 811 3527 et
834 3484 896 3523 cs
934 3462 1106 3525 Filio,
1143 3471 1250 3512 non
1287 3453 1339 3507 in
1371 3457 1638 3521 quantum
1678 3443 1841 3495 homo
1877 3445 1959 3492 est
2003 3432 2198 3495 Filius,

602 3567 696 3627 sed
735 3566 788 3619 in
820 3566 1086 3632 quantum
1137 3550 1283 3606 Deus
1336 3551 1439 3606 est.
1474 3549 1528 3595 et
1554 3536 1800 3608 ejusdem
1839 3530 1984 3588 sedis
2011 3525 2198 3580 Patri:

604 3662 725 3715 ideo
747 3616 1124 3724 aitproccdere
1155 3639 1376 3696 ﬂuvium
1412 3637 1477 3689 de
1496 3632 1624 3687 sede
1655 3628 1748 3683 Dei
1782 3635 1836 3681 et
1856 3622 2017 3694 Agui,
2054 3616 2201 3690 quod

603 3762 687 3810 cst
720 3751 785 3805 de
817 3709 1010 3802 uatura
1058 3738 1166 3799 illa,
1188 3748 1295 3805 qua
1328 3738 1413 3785 est
1452 3727 1638 3796 Agnus
1668 3720 2004 3792 synthronus
2036 3709 2201 3775 Patri,

607 3856 666 3903 ut
722 3855 817 3914 per
865 3840 969 3893 hoc
1018 3828 1377 3901 signiﬁcetur,
1439 3820 1651 3890 Agntmr
1678 3821 1958 3871 auctorem
2003 3804 2203 3864 essein

617 3943 885 4007 quantum
919 3928 1034 3996 ipse
1061 3922 1248 3990 Agnus
1304 3917 1447 3969 Deus
1477 3920 1581 3965 est.

925 4062 1191 4116 Decimum
1222 4062 1473 4125 quartum
1494 4049 1896 4116 Argumentum.

687 4208 816 4264 item
844 4205 922 4258 ait
942 4200 1185 4256 Joannes
1206 4192 1264 4246 in
1305 4183 1603 4256 Evangelio
1626 4179 1693 4234 de
1714 4177 1940 4232 Christo
1972 4188 1987 4226 :
2019 4158 2208 4238 Insui-

619 4309 769 4378 flavtt
792 4311 837 4355 et
857 4297 995 4351 dixit
1020 4287 1338 4359 discipulis:
1367 4279 1607 4349 Accipite
1643 4272 1906 4346 Spiritum
1936 4275 2207 4322 sanctum.

620 4363 728 4452 Sed
763 4386 1042 4462 quomodo
1065 4383 1227 4439 datur
1262 4375 1345 4432 vel
1379 4370 1651 4440 accipitur
1683 4363 1924 4434 Spiritus
1956 4366 2206 4420 sanctus,

620 4490 707 4545 vel
738 4448 858 4558 cjjus
880 4478 1061 4537 dona?
1080 4484 1135 4531 et
1169 4469 1299 4543 quid
1334 4474 1420 4524 est
1441 4478 1568 4520 eum
1594 4458 1714 4515 dari
1743 4466 1796 4512 et
1817 4452 2037 4523 accipi?
2060 4460 2115 4505 et
2145 4448 2210 4502 ad

628 4540 822 4654 quales
851 4575 962 4630 Deo
1019 4572 1278 4628 decentes
1311 4554 1701 4649 intelligentias
1732 4564 1830 4620 per
1890 4540 2209 4614 hujusmodi

630 4631 816 4654 ,ιη----

630 4691 794 4733 voces
815 4676 1029 4741 oportet
1067 4679 1168 4718 nos
1229 4638 1439 4719 reduci,
1492 4647 1751 4719 superius
1791 4648 2041 4711 apertum
2107 4645 2210 4691 est.
2246 4631 2292 4686 ι)

628 4771 787 4827 Nunc
824 4747 1006 4821 autem
1034 4753 1369 4814 insui‘llatum
1400 4753 1612 4801 tantum
1645 4732 2071 4795 examinandum
2120 4729 2211 4784 sit.

630 4866 853 4922 Certum
881 4867 966 4913 est
991 4853 1164 4913 enim,
1189 4844 1335 4918 quod
1380 4840 1570 4895 dicens
1612 4830 1876 4887 Dominus
1913 4844 1929 4879 :
1984 4823 2218 4887 Accipite

634 4956 894 5027 Spiritum
922 4915 1511 5004 sanctumpnonjuhet
1538 4922 1801 4995 apostolis
1851 4919 2099 4987 accipere
2153 4915 2218 4968 il-

634 5007 721 5027 -Γ
762 5007 771 5009 -

634 5055 749 5108 lum
775 5052 1104 5116 corporeum
1129 5043 1183 5088 et
1223 5032 1462 5083 humane
1514 5018 1581 5072 de
1650 5012 1897 5087 pretioso
1954 5023 2049 5064 ore
2098 5007 2220 5076 ejus

638 5100 1003 5217 prodctttitrm
1036 5124 1331 5201 Spiritum,
1362 5125 1421 5169 ut
1445 5114 1594 5167 illum
1617 5107 1979 5164 absorbentes
2012 5100 2226 5172 possint

1456 5213 1464 5217 ’
1560 5199 1594 5217 τ’
1675 5214 1689 5217 ⁴
1720 5197 1756 5217 *³
1796 5196 1907 5217 ιε-μ
1944 5189 2193 5217 tn"..m....

646 5189 948 5290 ldimittere,
984 5232 1036 5276 et
1069 5198 1253 5270 tenere
1281 5213 1525 5280 peccata.
1556 5199 1699 5269 Ergo
1716 5197 1758 5252 si
1792 5196 1911 5251 sine
1944 5189 2227 5247 insumun-

645 5331 699 5386 di
729 5335 878 5383 artu,
912 5316 1073 5374 dictis
1105 5300 1450 5364 solummodo
1494 5293 1718 5365 reliquis
1741 5291 1949 5353 verbis,
1983 5285 2229 5341 eamdem

647 5415 882 5488 apostoli
959 5406 1264 5470 reciperent
1322 5391 1599 5463 gratiam:
1656 5382 1790 5455 quid
1856 5378 2074 5435 volebat
2127 5374 2232 5432 sibi

612 5498 615 5501 ’
647 5472 969 5565 idsulnarc?
1011 5509 1079 5548 an
1108 5490 1196 5545 ille
1233 5482 1451 5557 quidem
1489 5487 1790 5547 corporeus
1819 5472 2045 5541 spiritus
2082 5482 2238 5522 sum-

652 5611 778 5665 ptus
810 5587 1023 5650 cxsﬁtit
1048 5594 1309 5652 tauquam
1343 5574 1561 5645 signum
1586 5567 1833 5639 Spiritus
1862 5562 2062 5626 sancti,
2096 5561 2239 5615 sicut

653 5693 807 5760 prius
860 5680 1110 5740 columba
1144 5717 1158 5741 ,
1221 5668 1436 5725 Domini
1516 5676 1647 5718 vero
1702 5672 1907 5728 corpus
1973 5665 2234 5725 tauquam

655 5747 966 5852 symbolum
1002 5767 1246 5832 ciuitatis,
1282 5760 1366 5816 cui
1402 5752 1765 5828 personaliter
1796 5749 2011 5803 unitum
2066 5756 2186 5800 erat
2216 5747 2238 5798 ?

2379 3372 2659 3427 Dictorum
2690 3374 2874 3420 autem
2900 3374 3073 3418 saerte
3103 3356 3425 3427 Scriptum,
3445 3368 3541 3422 per
3573 3365 3693 3419 qua:
3723 3343 3838 3400 nihil

2304 3465 2725 3524 commiscentes
2745 3457 2827 3514 eis
2856 3455 2989 3510 nihil
3024 3451 3314 3506 forinsecre
3336 3444 3577 3501 scientia:
3647 3445 3846 3511 possent

2305 3557 2618 3617 ostendere,
2652 3566 2719 3607 ex
2761 3548 2878 3604 solo
2917 3545 3077 3601 Patre
3098 3555 3221 3598 esse
3278 3536 3538 3608 Spiritum
3600 3540 3847 3588 sanctum.

2308 3653 2511 3708 nullam
2543 3650 2961 3713 consequuntur
3017 3636 3353 3692 facultatem.
3391 3629 3502 3685 Nos
3567 3635 3743 3681 autem
3804 3621 3847 3675 in

2308 3743 2559 3814 exposito
2636 3738 2741 3792 hoc
2795 3743 3048 3789 sermone
3111 3721 3436 3782 contumelia
3504 3716 3653 3775 omni
3707 3711 3851 3768 absti-

2308 3847 2523 3897 nentes,
2550 3841 2603 3887 et
2641 3829 2775 3885 nihil
2808 3823 3149 3881 calumniose
3176 3819 3571 3887 supponentes,
3608 3823 3701 3880 per
3751 3807 3847 3875 ipsa

2310 3946 2466 3987 sacra
2531 3923 2749 3995 eloquia
2810 3918 2944 3973 nihil
3000 3928 3154 3969 vanae
3217 3907 3456 3966 scientia:
3513 3907 3848 3958 assumentes,

2310 4020 2676 4078 ostendimus,
2713 4011 2857 4083 quod
2890 4024 2955 4062 ex
2980 4005 3117 4060 Filio
3144 4000 3394 4074 procedit
3451 3996 3691 4066 Spiritus
3748 4004 3853 4045 san-

2315 4128 2460 4169 ctus.
2486 4110 2668 4177 Quare
2692 4108 2736 4161 si
2764 4103 2885 4174 quis
2910 4114 3016 4155 non
3039 4095 3285 4153 sullicerc
3303 4099 3457 4162 putat
3474 4089 3612 4142 hanc
3643 4092 3852 4139 nostram

2313 4201 2859 4261 demonstrationem,
2920 4192 3015 4247 sed
3079 4189 3257 4243 adhuc
3308 4181 3524 4239 dubitat
3549 4188 3604 4234 et
3663 4182 3857 4231 veretur

2315 4292 2660 4353 conclusioni
2692 4285 2987 4345 assentiri:
3016 4280 3185 4337 multo
3219 4276 3395 4347 magis
3422 4273 3551 4328 talis
3574 4271 3728 4325 debet
3776 4262 3860 4318 du-

2317 4392 2492 4446 bitare
2526 4398 2579 4442 et
2610 4384 2803 4440 timere
2837 4378 3100 4448 recipere,
3136 4369 3283 4442 quod
3305 4385 3370 4425 ex
3396 4365 3515 4423 solo
3547 4365 3699 4419 Patre
3744 4356 3847 4427 Spi—

2322 4485 2459 4537 ritus
2482 4487 2587 4544 est,
2613 4492 2738 4530 crnu
2771 4472 2937 4542 hujus
2970 4467 3114 4523 nulla
3157 4463 3284 4518 talis
3309 4458 3489 4531 possit
3510 4471 3630 4511 esse
3656 4454 3859 4509 demou-

2321 4573 2533 4630 stratio.
2563 4567 2696 4623 Nam
2715 4537 2996 4620 timentem
3023 4556 3309 4613 admittere
3342 4552 3417 4613 id.
3447 4547 3590 4619 quod
3623 4559 3714 4615 per
3741 4537 3860 4595 mul-

2325 4676 2375 4721 ta
2405 4661 2738 4721 ostenditur,
2774 4652 3037 4708 audacter
3069 4646 3361 4709 affirmare,
3387 4640 3532 4710 quod
3559 4652 3653 4707 per
3680 4631 3858 4687 nullum

2325 4758 2532 4812 dictum
2559 4764 2731 4807 sacrae
2758 4745 3059 4813 Scriptura:
3082 4743 3345 4807 apparet,
3382 4731 3564 4802 passio
3589 4737 3669 4782 est
3688 4724 3863 4778 ratione

2328 4849 2547 4919 penitus
2577 4854 2792 4898 carens.

2655 4972 2926 5030 Decimum
2959 4978 3161 5021 sextum
3192 4963 3231 5015 Α
3244 4966 3589 5031 rgumentum.

2409 5095 2544 5162 Quia
2575 5106 2728 5156 vero,
2753 5089 2897 5142 sicut
2932 5089 3109 5155 potest
3143 5076 3352 5147 aliquid
3379 5071 3589 5129 ostendi
3615 5082 3707 5139 per
3756 5059 3865 5115 diri-

2339 5204 2464 5244 uam
2490 5186 2832 5255 Scripturam
2859 5193 3049 5236 eorum
3076 5190 3199 5245 qua:
3226 5168 3407 5226 verbis
3427 5165 3559 5237 ipsis
3579 5176 3683 5217 non
3709 5158 3867 5213 dicun-

2340 5293 2450 5345 tur,
2478 5295 2575 5351 per
2603 5290 2825 5333 sensum
2856 5286 2989 5327 vero
3022 5262 3393 5325 diversimode
3447 5259 3710 5314 dictorum
3766 5261 3870 5301 roa-

2342 5373 2666 5434 cluduntur,
2700 5374 2754 5423 et
2779 5378 3019 5441 praesens
3045 5356 3273 5432 quiestio
3302 5356 3442 5409 bene
3490 5359 3544 5405 et
3582 5342 3873 5402 sufﬁcienter

2341 5476 2561 5523 ostensa
2592 5471 2701 5521 est.
2734 5461 2862 5517 inde
2892 5453 3242 5513 manifestum
3274 5445 3545 5517 :Spiritus
3574 5446 3782 5496 sanctus
3807 5430 3876 5483 in-

2343 5568 2561 5615 creatus
2599 5567 2649 5613 et
2676 5546 3167 5610 consubstantialis
3189 5540 3337 5597 Patri
3362 5548 3417 5594 et
3448 5535 3585 5591 Filio
3607 5543 3726 5586 esse
3777 5537 3875 5577 crr-

2342 5654 2508 5717 ditur,
2529 5652 2633 5706 hoc
2663 5663 2773 5702 non
2798 5641 3122 5710 verbisipsis
3140 5636 3322 5691 divina
3352 5631 3625 5700 Scriptura
3659 5623 3875 5676 dicente.

2344 5749 2437 5806 scd
2463 5762 2557 5816 pcr
2585 5746 2751 5799 multa
2780 5740 2883 5796 alia
2905 5738 3193 5806 diligenter
3211 5744 3328 5786 eam
3350 5722 3643 5798 legentibus
3664 5717 3710 5772 id
3734 5715 3876 5784 ipsum

733 5961 960 6016 "Joau.
1009 5972 1099 6020 xv,
1164 5948 1260 6006 ‘26.
1336 5943 1556 5999 “Juno.
1598 5953 1707 6003 xvr,
1740 5934 1820 5988 l5.
1899 5930 1945 5963 ⁸⁸
1990 5932 2089 5985 Act
2149 5946 2183 5996 t,

2300 5930 2353 5982 8.
2431 5928 2476 5960 ⁸⁸
2509 5929 2674 5988 Apoc.
2708 5937 2840 5979 XXII,
2890 5920 2935 5970 i.
