4064 6464
326 391 465 459 ῙὫἸ

1675 399 1822 458 PRO
1858 399 2182 460 LATINIS.

3444 401 3590 466 1330
3646 435 3648 437 >

317 505 683 578 significante.
717 509 787 562 At
816 523 942 564 vero
979 511 1021 564 si
1060 512 1184 578 quis
1241 511 1472 566 voluerit
1510 515 1615 567 illis
1663 514 1890 568 demou-
1923 519 1965 573 Α
1997 525 2180 583 plura,
2213 531 2259 570 st
2287 531 2410 586 quis
2441 531 2548 570 non
2581 516 2730 573 dicat
2763 532 2986 572 causam
3023 531 3145 572 esse
3170 555 3186 580 ,
3215 522 3361 585 quod
3414 517 3590 576 Filius

319 600 701 665 Strationibus,
731 616 830 670 per
891 618 1027 670 quas
1096 604 1409 657 ostenditur
1458 606 1524 658 de
1583 604 1890 674 Scriptura,

320 693 623 747 increatuut
660 703 716 747 et
742 695 1264 750 consubstantialem
1309 697 1455 751 Patri
1495 708 1547 750 ct
1575 697 1713 750 Filio
1771 713 1895 752 csse

323 782 586 852 Spiritum
619 799 892 850 sanetum,
917 802 1238 854 comparare
1268 788 1389 852 has,
1429 803 1523 855 per
1551 804 1684 856 quas
1711 798 1895 842 ostcn-

323 873 508 928 dimns
568 874 832 945 Spiritum
897 893 960 930 ex
1013 879 1174 931 Patre
1225 874 1475 946 Filioque
1542 879 1891 946 procedere:

321 966 561 1020 inveniet
591 967 644 1020 in
687 970 836 1021 nullo
872 969 976 1023 illis
1006 967 1424 1031 inferiores,sed
1457 968 1568 1022 fere
1595 969 1851 1022 fortiores
1880 985 1894 1022 :

323 1058 509 1111 divina
529 1057 812 1127 Scriptura
849 1061 1110 1128 majorem
1156 1059 1467 1113 facultatem
1487 1058 1555 1112 ad
1588 1064 1706 1120 has,
1733 1072 1898 1126 quam

324 1153 390 1204 ad
428 1148 566 1212 il-ias.
603 1153 912 1218 prazbente,
943 1161 1000 1203 ut
1026 1150 1442 1204 demonstrabo.

396 1239 652 1295 Omnium
681 1242 951 1296 dictorum
1005 1241 1205 1295 divina:
1242 1240 1564 1309 Scriptura,
1622 1253 1717 1307 per
1780 1251 1903 1305 quas

325 1334 515 1389 Patres
542 1334 844 1390 ostendunt
875 1335 1178 1388 inereatum
1239 1333 1406 1387 Deum
1448 1347 1570 1385 esse
1627 1329 1899 1398 Spiritum

315 1422 599 1492 sanctum,
634 1427 876 1482 haeretici
913 1426 1336 1481 adinveniehant
1381 1424 1546 1478 aliam
1604 1421 1901 1491 expositio-

330 1536 474 1584 nem,
511 1520 634 1574 licet
668 1536 775 1574 non
812 1536 1034 1584 veram;
1071 1519 1166 1574 sed
1220 1518 1296 1572 ita
1349 1515 1788 1586 persuasibilem,
1848 1523 1903 1568 et

331 1625 532 1669 tantam
589 1616 964 1683 apparentiam
1021 1614 1333 1677 habentem,
1393 1621 1452 1664 ut
1505 1625 1600 1664 eos
1637 1609 1730 1678 qui
1795 1623 1902 1662 non

327 1707 816 1776 perscrutabantur
841 1705 1182 1776 Seripturas,
1217 1719 1394 1774 neque
1437 1703 1506 1757 ab
1543 1703 1663 1772 ipso
1691 1702 1900 1770 Spiritu

326 1799 679 1868 iuvabantur,
715 1799 851 1852 satis
879 1798 1178 1866 decipiant,
1247 1795 1604 1864 blasphemia:
1667 1809 1906 1848 consen-

331 1890 453 1945 tire.
491 1888 596 1943 Sed
632 1891 824 1942 horum
863 1904 956 1956 per
995 1903 1117 1956 qua:
1139 1902 1237 1942 nos
1262 1886 1602 1942 ostendimus
1640 1885 1905 1953 Spiritum

329 1989 582 2035 sanctum
614 1987 669 2034 et
695 1996 758 2034 ex
787 1978 926 2033 Filio
951 1994 1096 2046 esse,
1135 1979 1286 2033 nulla
1319 1979 1428 2033 alia
1462 1978 1740 2045 expositio
1811 1991 1909 2046 po-

331 2083 435 2128 test
470 2073 703 2127 inveniri
747 2075 818 2128 ita
854 2074 1112 2142 opposita
1145 2074 1411 2127 adversus
1433 2079 1702 2134 nostram,
1729 2077 1788 2124 ut
1815 2068 1908 2122 illa

329 2167 556 2230 credita,
597 2166 710 2220 tunc
743 2164 1060 2220 necessario
1088 2165 1439 2220 excludatur.
1473 2163 1646 2216 liabet
1675 2161 1820 2215 enim
1853 2175 1912 2216 se

333 2271 420 2312 res
448 2257 520 2310 ita
554 2273 568 2310 :
606 2257 663 2310 in
725 2256 927 2326 quibus
985 2255 1171 2316 divina
1224 2253 1511 2324 Scriptura
1540 2255 1608 2308 de
1665 2253 1803 2308 Filio
1856 2262 1912 2308 et

333 2347 538 2416 Spiritu
571 2347 830 2417 diSputat,
891 2364 1012 2418 qua:
1066 2349 1207 2402 inter
1273 2349 1428 2416 ipsos
1483 2353 1614 2401 sunt
1662 2347 1909 2412 tradens,

335 2443 521 2495 decem
550 2445 796 2508 quaedam
824 2440 978 2510 ponit
1038 2456 1146 2493 non
1177 2425 1574 2504 converteutia,
1613 2447 1673 2493 ut
1725 2447 1912 2494 osten—

335 2547 460 2585 sum
495 2540 611 2596 est;
646 2547 768 2600 quae
793 2547 887 2600 per
917 2531 1022 2586 hoc
1050 2531 1183 2584 nihil
1213 2531 1362 2586 aliud
1397 2531 1908 2600 significant,qu;tm

292 2672 298 2677 .
337 2623 534 2678 Filium
568 2624 894 2694 principium
925 2640 1046 2679 esse
1069 2623 1326 2693 Spiritus.
1349 2623 1552 2694 Utpote
1585 2625 1741 2695 (nihil
1767 2625 1911 2680 enim

341 2717 593 2786 prbhihct
627 2733 691 2771 ea
727 2717 1239 2788 resumendojuxta
1265 2717 1500 2772 invicem
1535 2717 1757 2786 ponere)
1789 2736 1804 2772 ε

411 2806 685 2878 Scriptum
711 2818 816 2872 est,
849 2810 992 2878 quod
1024 2809 1195 2865 Filius
1244 2810 1532 2865 brachium
1573 2819 1656 2864 est
1689 2808 1806 2873 Dei,
1859 2817 1914 2864 et

339 2899 577 2969 Spiritus
609 2901 815 2970 digitus
863 2913 947 2957 est
998 2901 1113 2957 Dei.
1171 2901 1422 2972 Cumque
1486 2903 1665 2957 omnis
1709 2901 1913 2970 digitus

339 2991 648 3060 dependeat
677 2993 745 3048 de
772 2991 1025 3060 brachio,
1067 2993 1231 3063 hujus
1257 3008 1288 3048 e
1319 3008 1583 3050 converso
1643 2993 1910 3060 scriptum

340 3098 448 3137 non
472 3092 578 3138 εει.

2002 608 2334 677 principium
2360 623 2443 663 est
2482 610 2741 680 Spiritus,
2776 611 2980 665 nullam
3029 611 3192 664 aliam
3227 625 3450 665 causam
3506 612 3592 666 in-

2001 699 2182 753 veniet
2220 717 2516 769 :quaerens
2570 713 2624 756 ct
2655 717 2775 756 cum
2823 703 2911 757 his
2971 704 3388 772 proccssiouem
3441 701 3592 759 ﬂuvii

1999 805 2155 857 aqua:
2185 789 2338 853 vim,
2379 790 2445 842 de
2470 791 2598 845 sede
2631 791 2723 844 Dei
2759 803 2809 846 et
2840 793 3019 860 Agni;
3053 801 3106 846 et
3151 802 3274 862 post
3337 808 3588 847 resurre-

2001 883 2242 936 ctionem
2275 881 2622 946 insufﬂatus;
2657 883 2791 936 nihil
2853 884 2998 936 aliud
3043 884 3360 953 significare
3411 885 3593 954 possi-

2002 974 2108 1028 bile
2127 984 2229 1039 est,
2265 990 2428 1043 quam
2461 975 2722 1040 Spiritum
2750 992 2811 1027 ex
2839 975 2976 1031 Filio
3001 992 3124 1031 esse

2074 1064 2207 1120 item
2229 1066 2569 1133 contemplor
2601 1067 2765 1118 etiam
2793 1067 2951 1130 illud,
2981 1068 3130 1136 quod
3164 1069 3258 1136 qui
3284 1067 3413 1120 olim
3449 1081 3588 1120 con-

2004 1165 2088 1211 tra
2123 1165 2456 1226 pugnatores
2489 1157 2731 1226 Spiritus
2802 1159 3114 1225 certabant,
3168 1175 3277 1213 non
3335 1167 3590 1228 poterant

2004 1255 2272 1308 reducere
2297 1268 2353 1308 se
2380 1253 2446 1307 ad
2477 1254 2724 1310 seniores
2757 1252 3048 1322 doctores;
3079 1255 3172 1323 qui
3216 1256 3592 1310 communiter

2008 1361 2103 1415 per
2131 1347 2322 1400 ambas
2351 1354 2532 1414 partes
2567 1362 2667 1415 pro
2700 1348 2909 1402 sanctis
2944 1348 3304 1413 haberentur,
3331 1358 3388 1403 et
3421 1349 3591 1402 Deum

2008 1439 2314 1492 iucreatum
2344 1453 2466 1492 esse
2503 1437 2772 1506 Spiritum
2804 1448 3058 1493 sanctum
3092 1439 3146 1492 in
3183 1439 3303 1493 suis
3361 1440 3590 1507 scriptis

2008 1540 2196 1600 aperte
2231 1529 2531 1593 traderent,
2567 1538 2625 1583 ut
2661 1531 2876 1585 illorum
2925 1531 3244 1586 testimoaio
3305 1532 3594 1587 haereticos

2008 1621 2339 1690 compellant
2386 1638 2416 1675 a
2476 1621 2812 1690 blasphemia
2879 1622 3182 1676 discedere.
3238 1622 3346 1677 Nos
3409 1634 3594 1678 autem

2009 1729 2159 1767 nunc
2186 1713 2453 1767 habemus
2489 1724 2744 1766 sanctum
2779 1711 3179 1781 Augustinum,
3217 1714 3431 1767 beatum
3490 1714 3597 1784 Cy-

2011 1805 2218 1871 rillum,
2259 1815 2513 1858 sanctum
2539 1804 2900 1858 Athanasium
2927 1812 2982 1858 et
3011 1805 3194 1873 plures
3227 1805 3367 1858 alios
3406 1823 3418 1859 :
3491 1808 3588 1874 qui

2011 1905 2065 1949 et
2097 1895 2288 1965 primis
2325 1897 2628 1951 honoribus
2651 1896 2719 1950 ab
2753 1895 2838 1949 his
2871 1898 2964 1964 qui
2991 1897 3152 1949 nobis
3181 1895 3596 1960 contradicunt,

2013 1986 2312 2052 ducuntur,
2345 1985 2682 2055 etSpiritum
2741 1996 2991 2042 sanctum
3051 1994 3105 2039 et
3149 2001 3214 2039 ex
3267 1985 3405 2039 Filio
3474 2000 3597 2040 esse

2015 2087 2201 2148 aperte
2233 2084 2525 2133 testantur.
2556 2077 2740 2143 Quare
2772 2078 2956 2131 multis
2982 2077 3159 2130 modis
3190 2076 3348 2129 nobis
3377 2074 3596 2130 facilius

2014 2178 2099 2223 est
2127 2168 2443 2230 ostendere,
2475 2167 2621 2238 quod
2662 2183 2727 2222 ex
2763 2168 2902 2222 Filio
2944 2166 3183 2234 Spiritus
3245 2175 3361 2228 est,
3426 2178 3591 2232 quam

2016 2259 2259 2327 antiquis
2299 2259 2555 2314 Patrihus
2582 2259 2902 2321 ostendere,
2941 2257 3086 2326 quod
3134 2255 3278 2310 Deus
3314 2255 3597 2310 inet-catus

2017 2349 2256 2418 Spiritus
2277 2361 2381 2404 est.

2087 2442 2272 2498 Potest
2297 2452 2478 2497 autem
2509 2443 2559 2496 id
2591 2443 2770 2512 ipsum
2838 2440 3055 2495 ostendi
3081 2447 3134 2494 et
3168 2441 3314 2494 inde.
3371 2438 3591 2492 Certum

2015 2537 2295 2601 estenim,
2341 2537 2486 2607 quod
2551 2551 2770 2604 semper
2827 2534 3122 2588 incertiora
3156 2542 3204 2586 et
3265 2532 3593 2586 obscuriora

2015 2629 2437 2698 quaerendorum
2463 2641 2560 2697 per
2581 2627 2816 2680 certiora
2874 2633 2926 2680 et
2991 2625 3226 2680 clariora
3287 2637 3413 2677 nata
3469 2634 3599 2677 sunt

2017 2720 2253 2774 ostendi.
2283 2719 2482 2773 Beatus
2514 2735 2639 2772 vero
2663 2719 2899 2788 Cyrillus
2923 2717 2976 2772 in
3012 2718 3298 2770 Thesauris
3332 2718 3596 2770 adversus

2018 2810 2302 2865 luereticos
2332 2809 2686 2878 distnttando,
2712 2808 2863 2877 prius
2903 2824 3003 2878 per
3035 2806 3376 2876 Scripturam
3409 2816 3598 2860 osten-

2016 2902 2095 2955 dit
2127 2913 2179 2957 et
2203 2903 2502 2965 concludit,
2527 2910 2581 2955 et
2613 2917 2678 2955 ex
2711 2898 2853 2954 Filio
2889 2917 3010 2956 esse
3039 2899 3302 2969 Spiritum
3323 2909 3596 2954 sanctum.

2017 2993 2224 3047 Deinde
2266 3009 2360 3062 per
2399 2993 2504 3046 hoc
2545 2994 2820 3048 concludit
2855 2993 3381 3047 consubstantialem
3420 2992 3596 3059 ipsum

2015 3085 2322 3151 esse'j’atri
2359 3094 2412 3138 et
2440 3083 2601 3139 Filio.
2625 3085 2805 3150 Quare
2835 3085 2886 3138 in
2918 3085 3032 3151 ipsa
3089 3084 3273 3138 divina
3307 3083 3596 3152 Scriptura

410 3177 566 3238 ltem,
591 3179 859 3248 scriptum
887 3188 994 3242 est,
1021 3178 1164 3251 quod
1231 3177 1476 3248 Spiritus
1542 3185 1768 3233 sanctus
1827 3186 1910 3234 est
1940 3185 1980 3241 (ι
2017 3177 2119 3234 hoc
2169 3186 2252 3232 est
2281 3179 2525 3246 apertius
2549 3185 2604 3231 et
2643 3177 2846 3232 clarius
2878 3177 2992 3230 illo.

340 3268 452 3323 oris
480 3267 601 3323 Filii
633 3279 688 3324 et
722 3269 889 3323 ltema
921 3270 1059 3342 ejus.
1097 3269 1200 3326 Sed
1238 3269 1428 3334 Filius,
1471 3270 1597 3339 quia
1631 3267 1806 3338 Logos
1835 3276 1918 3323 est

339 3357 538 3425 Patris,
569 3361 832 3429 scriptum
873 3371 993 3417 est:
1034 3363 1161 3432 quia
1225 3377 1352 3418 vero
1416 3361 1591 3417 Rcma
1649 3360 1915 3429 Spiritus,

341 3452 424 3507 vel
453 3454 564 3507 oris
603 3451 863 3522 Spiritus,
898 3469 1172 3524 nusquam
1210 3456 1478 3523 scriptum
1522 3463 1627 3509 est.

411 3544 541 3600 item
566 3545 768 3600 dicitur
796 3547 849 3600 in
879 3545 1164 3616 Scriptura
1223 3545 1462 3615 Spiritus
1513 3555 1740 3602 sanctus
1795 3561 1918 3602 esse

344 3638 467 3693 Filii
493 3650 541 3694 et
579 3640 758 3709 imago
796 3639 1289 3711 ejus;sed'F-ilius
1307 3639 1435 3708 quia
1479 3640 1657 3694 Patris
1713 3648 1818 3706 est,
1865 3649 1920 3694 et

343 3733 523 3802 imago
552 3733 677 3802 ejus‘
700 3733 968 3803 scriptum
997 3742 1079 3788 est
1113 3749 1128 3786 :
1161 3733 1311 3803 quod
1342 3747 1473 3787 vero
1521 3731 1760 3802 Spiritus
1830 3733 1917 3788 vel

342 3826 666 3895 simpliciter
688 3825 772 3881 vel
801 3825 1003 3894 imago,
1037 3824 1263 3880 minime
1293 3825 1560 3894 scriptum
1597 3834 1704 3878 est.

411 3920 541 3974 Item
577 3920 632 3974 in
668 3917 951 3984 Scriptura
996 3917 1162 3972 mittit
1191 3925 1246 3973 et
1268 3918 1380 3983 dat,
1413 3925 1466 3971 et
1493 3914 1918 3971 eﬂ'unditFilius

345 4013 646 4083 Spiritum:
677 4014 816 4068 mitti
852 4027 984 4068 vero
1013 4014 1098 4066 vel
1150 4015 1266 4068 dari
1304 4012 1388 4067 vel
1418 4010 1624 4067 effundi
1657 4027 1687 4066 a
1708 4012 1916 4082 Spiritu

343 4123 454 4163 non
495 4109 696 4163 dicitur
717 4107 884 4161 Filius
908 4147 923 4172 ,
957 4091 1272 4176 quaitquam
1302 4105 1358 4160 in
1395 4104 1677 4175 Scriptura
1715 4109 1919 4162 missus

342 4209 397 4254 et
427 4200 587 4254 datus
617 4213 645 4253 a
670 4198 831 4252 Patre
860 4197 1096 4253 dicatur.

415 4289 541 4344 Item
566 4289 770 4359 Spiritu
793 4299 848 4344 et
867 4305 961 4358 per
988 4288 1252 4358 Spiritum
1284 4287 1464 4344 facere
1495 4288 1670 4344 Filius
1711 4289 1918 4344 dicitur

345 4382 452 4435 Deo
507 4380 756 4435 decentia
815 4395 1001 4450 opera.
1063 4379 1200 4436 Filio
1253 4397 1386 4437 vero
1451 4392 1507 4436 et
1555 4396 1650 4450 per
1701 4379 1920 4450 Filium,

343 4474 469 4542 quia
501 4473 659 4528 Pater
687 4472 837 4538 facit,
869 4473 1138 4543 scriptum
1166 4474 1439 4545 estzquia
1481 4489 1610 4529 vero
1651 4475 1915 4544 Spiritus,

345 4567 590 4622 minime.

415 4659 547 4712 Item
575 4658 777 4726 accipit
806 4658 858 4713 in
927 4658 1212 4730 Scriptura
1263 4657 1510 4727 Spiritus
1565 4665 1791 4712 sanctus
1851 4657 1918 4710 de

344 4750 501 4806 Filio.
535 4752 638 4806 Sed
676 4749 845 4807 Filius
863 4767 928 4806 ex
958 4750 1121 4806 Patre
1143 4750 1633 4822 quidem'accipere
1665 4749 1868 4805 dicitur
1901 4765 1916 4804 :

344 4859 410 4898 ex
440 4841 647 4913 Spiritu
685 4857 814 4898 vero
849 4859 956 4900 non
989 4843 1273 4899 scribitur.

412 4934 557 5006 Ergo
582 4944 638 4991 ttt
663 4937 777 4991 haec
803 4951 910 4992 non
941 4938 1318 4994 convertentia
1347 4936 1636 4992 videantur
1693 4935 1748 4990 in
1770 4934 1919 4991 Scri-

2088 3271 2310 3327 Certum
2343 3281 2523 3326 autem
2550 3271 2602 3325 id
2639 3271 2814 3341 ipsum
2841 3280 2920 3326 est
2966 3281 3022 3325 et
3049 3285 3143 3338 per
3171 3271 3439 3339 Opposita.
3464 3269 3597 3324 Nam

2019 3371 2073 3418 et
2097 3364 2442 3418 ostensiones
2471 3377 2662 3417 eorum
2683 3363 2774 3432 qui
2842 3372 3112 3418 conantur
3181 3363 3475 3416 ostendere
3529 3375 3600 3416 ex

2023 3456 2142 3512 solo
2174 3456 2334 3511 Patre
2362 3471 2483 3511 esse
2521 3455 2812 3525 Spiritum,
2872 3455 3045 3508 multo
3086 3463 3217 3509 sunt
3269 3445 3601 3507 infirtnior’és

2021 3552 2128 3606 illis
2153 3553 2354 3620 quibus
2381 3560 2715 3621 pugnatores
2752 3549 2988 3618 Spiritus
3022 3549 3337 3601 utebantur.

2094 3642 2174 3698 Illi
2199 3643 2341 3698 enim
2364 3659 2472 3696 non
2503 3657 2677 3710 pauca
2710 3642 2875 3695 verba
2907 3641 3266 3694 habebautde
3289 3638 3599 3708 Scriptura,

2019 3749 2142 3806 quae
2188 3752 2297 3789 non
2349 3735 2530 3790 debite
2590 3735 2725 3789 lecta
2792 3743 2846 3788 et
2897 3734 3212 3795 intellecta,
3273 3733 3599 3786 videbantur

2020 3828 2377 3900 blasphemia:
2433 3843 2624 3882 eorum
2687 3826 2976 3896 suffragari
3016 3825 3221 3882 {sicuti
3268 3825 3383 3890 illa,
3451 3827 3596 3896 quod

2019 3919 2262 3990 Spiritus
2301 3929 2526 3976 sanctus
2561 3919 2814 3985 mittitur,
2866 3919 3048 3983 datur,
3101 3915 3422 3982 effunditur,
3469 3925 3524 3970 et
3569 3933 3599 3972 a

2022 4013 2204 4082 seipse
2239 4028 2344 4067 non
2375 4011 2654 4080 loquitur;
2685 4012 2778 4065 sed
2818 4024 3160 4080 quaecunque
3195 4009 3366 4074 audit,
3400 4018 3457 4062 et
3505 4009 3600 4063 dc-

2023 4105 2247 4169 siderat,
2275 4114 2328 4160 et
2363 4119 2459 4174 pro
2500 4105 2706 4158 sanctis
2769 4101 3235 4158 inenarrabilibus
3303 4101 3597 4172 gemitibus

2022 4198 2351 4267 interpellat,
2387 4197 2588 4252 ettalia
2612 4212 2733 4266 qua:
2764 4211 2871 4250 non
2900 4195 3082 4250 debite
3104 4195 3441 4260 examinata,
3482 4208 3600 4248 ser-

2022 4289 2148 4345 vilis
2178 4289 2436 4345 videntur
2468 4304 2588 4344 esse
2612 4299 2842 4343 naturae.
2889 4287 2952 4342 lli
2979 4299 3189 4354 autem,
3230 4288 3322 4356 qui
3363 4301 3431 4341 ex
3483 4287 3598 4341 solo

2022 4379 2186 4436 Patre
2225 4381 2514 4447 afﬁrmant,
2543 4380 2750 4434 nullum
2780 4380 3001 4450 penitus
3033 4378 3100 4431 de
3139 4377 3421 4446 Scriptura
3469 4376 3602 4431 sub-

2027 4473 2224 4526 sidium
2261 4471 2464 4526 habent
2493 4488 2508 4525 :
2536 4485 2645 4524 non
2693 4471 3012 4533 dictionem,
3047 4484 3155 4524 non
3204 4469 3434 4532 dictum,
3489 4483 3598 4522 non

1952 4542 1997 4598 D
2027 4563 2336 4635 symbolum
2369 4577 2460 4616 seu
2493 4561 2744 4630 figuram,
2765 4576 2887 4643 onon
2921 4558 3092 4625 aliud,
3152 4575 3247 4629 per
3290 4559 3462 4628 quod,
3515 4558 3601 4614 vel

2026 4672 2124 4726 per
2175 4671 2295 4727 qua:
2324 4669 2513 4710 eorum
2538 4655 2724 4722 opinio
2762 4666 2907 4709 stare
2931 4665 3134 4723 posset.
3171 4653 3355 4718 Quare
3389 4652 3598 4707 nullum

2025 4751 2248 4806 dubium
2277 4761 2382 4814 est,
2417 4749 2561 4819 quod
2583 4757 2768 4804 nostra
2802 4748 3074 4803 sententia
3139 4747 3273 4802 bene
3302 4761 3397 4816 per
3452 4745 3602 4800 Scri-

2025 4851 2239 4910 pturam
2263 4839 2696 4904 demonstratur,
2724 4846 2777 4890 et
2799 4837 2876 4900 lti,
2913 4838 3006 4906 qui
3038 4873 3044 4882 ι
3071 4852 3132 4891 ea
3181 4851 3287 4890 non
3348 4834 3601 4896 credunt,

2029 4934 2270 4990 haeretici
2299 4941 2498 4988 suntet
2522 4948 2551 4988 a
2584 4929 2852 4986 catholica
2881 4930 2983 4985 fide
3015 4928 3198 4984 alieni.
