4064 6454
519 349 647 416 133i

530 595 642 608 ..ιι-
661 596 1334 624 *πη-ῃ*

1625 355 2033 418 BARLAAMI
2076 359 2174 418 DE
2219 360 2662 422 SEMINARIA

3637 366 3758 434 133‘}

1483 776 2216 898 BARLAAMI.
2293 778 2838 897 ORATln

1899 1031 2063 1096 PRO
2115 1034 2422 1097 UNIONE

1157 1197 1474 1260 Avcm'onc
1499 1195 1716 1261 habita
1757 1214 1969 1260 coram
1999 1196 2344 1262 Benedicto
2374 1199 2505 1262 XII
2546 1201 2852 1281 Ponti/ioc
2903 1202 3209 1267 Maximo.

1755 1365 1928 1431 (Allat.
1955 1367 2025 1420 De
2039 1379 2294 1429 consensu,
2337 1381 2388 1431 p.
2416 1369 2569 1448 787A.

596 1671 924 1728 Benedictus
957 1670 1340 1736 duodecimus,
1375 1673 1576 1728 certior
1625 1671 1805 1730 factus
1852 1673 1924 1730 ab
1984 1675 2098 1730 An-
2135 1673 2180 1728 A
2211 1687 2361 1735 rum,
2401 1687 2526 1740 qua
2562 1687 2660 1743 per
2687 1671 2896 1728 Tureos
2921 1670 3172 1727 infideles
3203 1672 3256 1726 in
3282 1669 3656 1740 praeiudicium
3684 1671 3774 1726 im-

523 1765 740 1819 dronici
771 1762 1018 1820 Junioris
1060 1765 1292 1829 nuntiis,
1322 1764 1548 1821 Graecos
1602 1767 1801 1821 reverti
1829 1775 1883 1822 et
1917 1781 2115 1822 recon-

523 1857 698 1910 riliari
734 1872 857 1911 cum
887 1855 1134 1912 Romana
1161 1857 1407 1914 Ecclesia
1441 1859 1601 1923 velle,
1635 1860 1821 1915 statim
1853 1859 1999 1915 datis
2027 1859 2116 1914 lit-

521 1951 656 2005 teris
685 1950 752 2005 ad
785 1951 1160 2008 Andronicum
1195 1961 1248 2008 et
1289 1951 1436 2010 illius
1499 1969 1752 2018 uxorem,
1795 1953 1934 2011 duos
1964 1953 2115 2009 misit

522 2044 849 2114 Byzantium
885 2047 1115 2114 legatos,
1172 2053 1231 2100 ut
1266 2047 1438 2102 refert
1487 2046 1764 2119 Gregoras
1791 2048 1894 2102 lib.
1926 2064 1982 2113 ι,
2015 2048 2112 2118 qui

520 2137 588 2192 de
621 2152 753 2206 pace
781 2147 836 2192 et
867 2138 1161 2193 concordia
1197 2139 1572 2194 Ecclesiarum
1598 2147 2002 2210 pertractarent
2032 2157 2047 2194 :
2083 2154 2113 2194 a

520 2243 631 2296 qua
672 2243 781 2283 non
811 2228 1021 2285 alienos
1048 2229 1222 2285 fuisse
1251 2228 1878 2302 Byzantinos,idemmet
1901 2241 2113 2297 narrat,

521 2333 783 2394 tanquam
826 2325 920 2396 qui
959 2325 1336 2396 patriarcham
1377 2327 1443 2380 ad
1495 2327 1804 2397 negotium,
1839 2340 1938 2381 nec
1975 2326 2114 2381 citra

520 2419 848 2483 tumultum,
896 2429 1184 2488 urgerent.
1227 2418 1558 2488 Audiamus,
1590 2420 1724 2491 quid
1777 2422 1880 2476 hac
1917 2420 2110 2476 eadem

522 2512 590 2566 de
631 2528 689 2565 re
721 2509 1058 2568 Benedictus
1090 2511 1182 2566 XI]
1213 2512 1279 2566 ad
1317 2510 1645 2579 Robertum,
1675 2511 1878 2568 Sicilia
1909 2528 2114 2582 regem,

522 2613 735 2668 narret,
762 2620 827 2660 ex
860 2604 1204 2660 Bibliotheca
1251 2605 1551 2662 Barberina
1585 2625 1599 2662 :
1636 2624 1656 2658 ι
1689 2605 2035 2661 Charissimo
2058 2606 2115 2658 in

528 2698 756 2753 Christo
783 2695 944 2763 Filio,
977 2695 1225 2752 Roberto
1254 2699 1366 2769 regi
1393 2697 1596 2754 Sicilia
1625 2699 1844 2754 illustri.
1877 2697 2115 2753 Veniens

522 2789 740 2861 pridem
765 2789 830 2843 ad
872 2789 1224 2861 prasentiam
1258 2797 1506 2844 nostram
1534 2789 1774 2854 Barlam,
1803 2789 1975 2845 abbas
1995 2803 2117 2844 mo-

525 2885 756 2941 nasterii
791 2885 1009 2940 Domini
1036 2885 1212 2940 nostri
1251 2883 1380 2940 Jcsu
1403 2883 1615 2940 Christi
1641 2883 1944 2940 Saivatoris
1968 2883 2114 2940 Con-

523 2982 1027 3051 stantinOpolitani,
1057 2981 1305 3048 nuntius,
1329 2994 1387 3038 ut
1416 2983 1634 3051 asserit,
1657 2981 1941 3052 magnisui
1966 2981 2116 3052 prin-

521 3076 664 3146 cipis
691 3063 1016 3144 Andronici,
1050 3077 1419 3133 moderatoris
1476 3075 1797 3132 Graeorum
1853 3075 2110 3140 illustris,

523 3172 800 3239 quoddam
863 3173 1149 3242 negotium
1205 3172 1494 3228 reunionis
1533 3171 1855 3228 Gracorum
1908 3181 2117 3227 sancta

529 3263 797 3318 Romana
855 3263 1120 3320 Ecclesia
1178 3263 1446 3320 faciendae
1482 3264 1768 3336 tangentia
1829 3263 2118 3334 proposuit

531 3372 722 3412 coram
757 3356 918 3412 nobis
949 3373 963 3412 :
999 3370 1167 3426 super
1212 3357 1413 3426 quibus
1441 3356 1723 3413 serenitati
1757 3356 1923 3428 regiae
1971 3356 2114 3411 scri-

525 3439 657 3507 ππί)
685 3451 1028 3507 intendimus
1048 3452 1223 3522 magis
1250 3451 1431 3522 plene.
1463 3449 1630 3519 Sane,
1655 3450 1787 3523 quia
1811 3453 1991 3508 dictus
2021 3451 2120 3506 ab-

525 3545 626 3600 has
653 3544 722 3600 de
753 3545 1104 3615 beneplacito
1138 3556 1334 3603 nostro
1367 3547 1662 3604 revertitur
1687 3548 1755 3603 ad
1781 3546 2116 3612 mittentem,

525 3641 709 3709 ipsum
761 3639 927 3709 regiae
954 3639 1358 3696 benevolentiae
1388 3640 1719 3712 propensius
1753 3641 2116 3696 commenda-

528 3750 674 3790 mus.
713 3734 910 3788 Datum
946 3734 1230 3790 Avenione
1253 3775 1268 3802 ,
1293 3749 1353 3789 ιιι
1390 3733 1512 3789 Kal.
1563 3732 1928 3806 Septembris,
1974 3749 2120 3791 anno

524 3843 580 3881 τ.
619 3845 641 3881 ι
667 3827 732 3882 1n
767 3828 994 3884 nomine
1018 3827 1233 3884 Domini
1266 3828 1445 3883 nostri
1478 3827 1606 3884 Jesu
1645 3827 1879 3896 Christi,
1913 3843 2060 3883 anno
2088 3844 2118 3883 a

524 3921 828 3978 Nativitate
857 3922 1032 3992 ipsius
1059 3921 1356 3992 millesimo
1403 3923 1792 3978 trecentesimo
1838 3921 2120 3977 tricesimo

527 4032 698 4082 nono,
723 4017 790 4072 ad
815 4017 1166 4086 praesentiam
1196 4018 1545 4074 sanctissimi
1581 4017 1791 4074 domini
1817 4017 2000 4073 Patris
2023 4019 2122 4074 Be-

527 4109 734 4166 nedicti
759 4111 945 4166 divina
972 4111 1322 4167 Providentia
1343 4127 1497 4182 papa:
1516 4111 1636 4177 XII,
1668 4113 1811 4183 apud
1839 4113 2119 4168 civitatem

527 4204 1002 4269 Alenionensem,
1034 4203 1130 4260 ubi
1158 4219 1288 4259 cum
1342 4221 1442 4261 sua
1474 4205 1630 4260 curia
1655 4205 1959 4274 residebat,
1990 4206 2123 4261 Bar-

529 4300 640 4354 iam
671 4298 856 4354 dictus
887 4299 1060 4354 abbas
1094 4299 1419 4355 monasterii
1476 4297 1696 4354 Domini
1752 4300 1928 4355 nostri
1991 4298 2120 4357 Jesu

2148 3029 2189 3087 Β

2217 1769 2356 1837 perii
2401 1765 2722 1822 Gracorum
2766 1772 3046 1835 occupata
3091 1762 3326 1819 detineri
3359 1763 3639 1827 dicuntur,
3688 1778 3775 1831 per

2217 1862 2396 1930 ipsum
2422 1861 2710 1914 dominum
2735 1873 3014 1915 summum
3045 1855 3378 1928 pontificem,
3411 1865 3466 1911 et
3484 1854 3771 1910 Ecclesiam

2215 1957 2502 2022 dietosque
2528 1968 2706 2023 reges,
2743 1968 2807 2008 ac
2837 1951 3025 2007 ﬁdeles
3060 1949 3218 2016 alios,
3254 1957 3608 2020 praestaretur
3635 1949 3778 2003 auxi-

2218 2049 2374 2112 lium,
2411 2055 2467 2102 et
2521 2047 2644 2101 alia
2693 2061 2802 2101 non
2841 2044 3040 2100 modici
3074 2043 3334 2115 ponderis
3374 2043 3564 2114 gratia
3595 2058 3627 2096 a
3662 2046 3779 2096 sede

2217 2145 2519 2215 apostolica
2567 2143 2776 2199 Graecis
2815 2142 3209 2198 exhiberentur
3235 2139 3530 2210 praedictis.
3568 2140 3631 2192 Et
3667 2139 3780 2192 licet

2217 2238 2466 2307 pradicti
2494 2237 2710 2292 Barlam
2737 2243 2792 2289 et
2823 2236 3002 2298 miles,
3037 2233 3365 2301 interrogati
3391 2231 3460 2287 ab
3480 2231 3670 2286 eodem
3694 2231 3760 2284 do

2218 2329 2374 2385 mino
2421 2339 2613 2385 nostro
2645 2342 2867 2384 summo
2900 2325 3190 2396 pontiﬁce.
3223 2323 3506 2395 ipsiusque
3539 2320 3778 2392 collegio,

2216 2424 2264 2478 si
2297 2423 2541 2478 habeant
2589 2436 2756 2488 super
2786 2417 3110 2490 pramissis,
3143 2417 3230 2471 vel
3265 2414 3389 2470 aliis
3428 2411 3781 2484 proponendis

2216 2527 2272 2572 et
2299 2514 2676 2580 dicendis,‘ab
2717 2514 2810 2568 illo
2855 2512 2948 2583 qui
3005 2527 3065 2568 se
3091 2510 3224 2566 dicit
3251 2507 3619 2579 patriarcham
3645 2503 3778 2560 Con-

2218 2611 2773 2682 stantinopolitannm
2803 2609 2856 2664 in
2879 2607 2989 2663 illis
3021 2604 3291 2677 partibus,
3322 2611 3417 2658 aut
3446 2601 3782 2656 moderatore

2217 2707 2503 2780 pradicto,
2555 2705 2640 2759 vel
2673 2703 2798 2758 aliis
2841 2701 3099 2774 personis
3133 2698 3484 2770 magnatihus
3517 2695 3777 2750 dictarun-

2217 2801 2456 2872 partium
2507 2797 2900 2856 ecclesiasticis
2955 2805 3050 2851 aut
3104 2793 3396 2849 mundanis
3436 2790 3652 2845 litteras
3703 2784 3783 2840 vel

2219 2895 2566 2961 mandatum,
2602 2908 2669 2948 ne
2707 2890 3060 2947 frustratorie
3092 2895 3188 2943 aut
3227 2882 3501 2940 deluserie
3527 2877 3781 2951 procede-

2219 2996 2374 3042 retur
2405 2999 2572 3054 super
2601 2984 2695 3050 iis,
2741 2996 2866 3037 cum
2901 2980 3046 3036 sicut
3069 2992 3138 3034 ex
3172 2975 3341 3048 gestis
3367 2972 3614 3043 antiquis
3642 2969 3783 3025 colli-

2225 3079 2391 3150 gitur,
2434 3077 2565 3132 olim
2602 3091 2769 3145 super
2801 3073 3003 3129 unione
3030 3071 3289 3143 pradicta
3315 3067 3658 3126 solemnibus
3684 3075 3782 3120 tra-

2223 3167 2462 3224 ctatibus
2503 3163 2732 3227 habitis,
2771 3171 2826 3218 et
2871 3160 3090 3232 negotio
3119 3157 3473 3222 concorulato,
3502 3165 3782 3225 postquam

2223 3261 2466 3318 Joannes
2517 3269 2648 3315 tunc
2677 3257 2994 3330 patriarcha
3044 3250 3707 3323 Coustantinopolitanus,
3736 3254 3787 3302 et

2224 3357 2501 3428 quondam
2526 3352 2751 3409 ﬂichael
2781 3350 3118 3420 Palaologus
3135 3349 3445 3404 moderator
3457 3344 3786 3403 Graecorum,

2227 3447 2552 3522 synodatico
2587 3460 2690 3502 suo
2721 3445 3002 3501 celebrato
3045 3441 3284 3498 concilio
3310 3453 3408 3510 per
3438 3451 3568 3492 suus
3599 3433 3791 3490 solem-

2226 3558 2325 3598 nes
2349 3539 2738 3612 apocrisiarios
2780 3537 2998 3594 idoneis
3039 3534 3312 3591 mandatis
3358 3530 3612 3588 suﬂ‘ultos
3637 3529 3787 3582 fidem

2227 3633 2585 3699 catholicam,
2611 3645 2775 3701 quam
2807 3636 2980 3695 tenet,
3018 3629 3202 3690 docet,
3234 3635 3288 3679 et
3317 3622 3572 3694 pradicat
3603 3617 3784 3674 eadem

2227 3728 2477 3783 Romana
2499 3725 2766 3792 Ecclesia,
2794 3723 3019 3779 fuerunt
3047 3722 3102 3776 in
3133 3719 3373 3791 generali
3397 3715 3632 3772 cencilio
3659 3711 3792 3783 Lug-

2227 3820 2464 3877 dunensi
2521 3817 2779 3890 professi,
2840 3815 3287 3886 retrospicientes
3341 3807 3716 3866 damnabiliter
3760 3817 3786 3857 a

2231 3912 2578 3988 professione
2605 3911 2924 3982 huiusmodi
2959 3914 3328 3971 recesserunt,
3361 3911 3415 3959 et
3437 3901 3504 3957 ad
3529 3899 3787 3955 vomitum

2229 4011 2538 4076 redierunt,
2564 4007 2756 4063 eadem
2785 4005 3035 4062 Romana
3062 4001 3328 4066 Ecclesia,
3352 4004 3615 4068 quantum
3647 3994 3698 4046 in
3720 3989 3790 4044 eis

2231 4103 2355 4170 fuit,
2396 4112 2721 4159 remanente
2750 4101 2939 4156 delusa
2992 4089 3246 4154 ﬁnaliter.
3277 4093 3491 4149 Barlam
3537 4098 3592 4145 et
3644 4087 3790 4143 miles

2231 4199 2637 4272 responderunt
2685 4192 2953 4266 pradicti,
2984 4207 3044 4247 se
3075 4202 3415 4261 nequaquam
3463 4183 3663 4240 habere
3693 4181 3788 4272 hue

2227 4270 2538 4363 juscemodi
2571 4289 2788 4344 litteras
2817 4286 2903 4343 vel
2953 4283 3295 4340 mandatum.
3347 4279 3547 4334 Tamen
3589 4270 3788 4363 praefati

528 4395 734 4450 Christi
771 4393 1075 4450 Salvatoris
1108 4393 1725 4462 Constantinopolitani,
1747 4409 1855 4450 una
1879 4410 2002 4450 cum
2029 4409 2132 4450 no-
2157 4400 2204 4464 ρ
2237 4385 2500 4443 dominus
2521 4390 2734 4446 noster.
2763 4387 2819 4434 el
2836 4377 3011 4449 ipsius
3041 4371 3351 4464 collegium.
3377 4366 3696 4464 τουιιὶίζηεηξ
3715 4360 3789 4414 ³ῖ·

530 4489 630 4545 bili
662 4490 782 4556 viro
816 4487 1100 4559 Stephano
1129 4487 1197 4544 de
1255 4486 1506 4544 Dandulo
1556 4488 1732 4544 milite
1766 4489 2018 4554 veniens,
2069 4497 2127 4544 et

529 4583 716 4638 ferens
751 4582 966 4637 litteras
993 4580 1354 4648 Domitiorum
1386 4579 1624 4652 Philippi
1656 4579 1905 4636 Francia
1936 4589 1991 4634 et
2018 4579 2129 4634 Ro-

531 4678 672 4732 berti
699 4675 904 4731 Sicilia
940 4689 1129 4746 regum
1155 4674 1477 4740 illustrium,
1497 4675 1850 4730 continentes
1868 4673 2011 4728 inter
2027 4687 2130 4730 ca-

533 4784 674 4835 tera,
730 4769 876 4841 quod
927 4769 1069 4824 idem
1114 4769 1332 4823 Barlam
1365 4782 1493 4824 eum
1545 4768 1719 4823 milite
1755 4766 2022 4837 pradicto
2057 4782 2125 4822 ex

533 4873 690 4933 parte
719 4863 900 4933 magni
923 4863 1186 4934 principis
1203 4860 1502 4915 Andronici
1526 4859 1887 4913 moderatoris
1905 4857 2097 4914 Graeco
2110 4887 2130 4900 -

532 4974 677 5024 rum,
701 4972 806 5029 pro
827 4957 1048 5028 negotio
1073 4953 1358 5010 reunionis
1383 4952 1701 5008 Graeorum
1728 4949 1991 5007 Ecclesia
2018 4952 2130 5007 Ro-

534 5067 714 5106 mana
745 5066 808 5104 ac
838 5049 1015 5120 ipsius
1055 5045 1316 5100 Ecclesia
1342 5045 1578 5107 unitate,
1615 5043 1819 5097 missus
1857 5042 2036 5098 fuerat
2059 5043 2128 5097 ad

535 5147 636 5200 has
666 5155 871 5214 partes,
907 5157 1097 5199 coram
1137 5137 1369 5210 praefato
1424 5137 1650 5192 domino
1682 5146 1876 5193 nostro
1907 5152 2128 5192 summo

545 5240 821 5311 pontifice,
863 5239 1152 5308 ipsiusque
1181 5247 1343 5290 sacro
1368 5232 1599 5302 collegio
1630 5232 1982 5287 dominorum
2008 5247 2131 5287 ear-

541 5336 809 5392 dinalinm
845 5335 898 5387 in
930 5332 1127 5386 effectu
1163 5327 1478 5398 proposuit,
1504 5343 1628 5398 qua
1661 5337 2004 5400 sequuntur;
2043 5325 2129 5380 vi-

535 5429 762 5491 delicet,
803 5425 950 5495 quod
979 5426 1031 5480 in
1066 5423 1310 5494 genera-li
1345 5422 1585 5477 concilio
1612 5436 1710 5490 per
1733 5421 1988 5476 eumdem
2021 5419 2128 5471 do-

539 5524 753 5578 minum
787 5528 1038 5574 nostrum
1079 5533 1357 5574 summum
1388 5517 1704 5588 pontificem
1739 5517 2128 5579 convocando,

535 5617 810 5672 articulus
838 5615 904 5670 de
931 5615 1287 5684 processione
1321 5613 1563 5683 Spiritus
1588 5611 1788 5674 sancti,
1815 5624 1910 5679 per
1941 5606 2132 5677 dispu—

540 5716 777 5770 tationes
810 5724 862 5769 ct
885 5713 1327 5770 concertationes
1348 5709 1550 5764 ibidem
1579 5704 2019 5761 concordaretur
2046 5700 2132 5754 in-
2236 5700 2471 5750 veritate
2493 5700 2548 5744 et
2576 5700 2808 5758 Pur'la‘e
2832 5700 3012 5739 coms
3046 5700 3237 5747 loquar
3261 5700 3326 5731 uc
3357 5700 3492 5734 mm
3520 5700 3794 5805 “healed

1415 5804 1422 5805 ,
1869 5795 1878 5805 .
2164 5792 2201 5805 αι.
2336 5790 2454 5805 -..,.
2507 5801 2524 5805 -
2559 5787 2568 5805 I
2605 5792 2848 5805 _-_-.---.
2901 5777 3135 5805 nui-nona
3177 5780 3413 5805 υΔέΙιυὶΙιὶ
3468 5777 3586 5805 num
3637 5799 3646 5805 .

541 5819 624 5861 ter
655 5807 882 5863 Latinos
913 5818 966 5863 ct
997 5807 1240 5872 Grmcos,
1279 5804 1537 5874 quodque
1569 5810 1696 5854 ante
1730 5795 1919 5852 omnia
1959 5808 2126 5863 super
2164 5792 2207 5848 D
2236 5790 2459 5846 emittat
2503 5787 2570 5840 ad
2601 5792 2870 5874 sanctam,
2899 5777 3138 5874 animam
3177 5759 3760 5874 vestrarurqilzoglnil‘l:

539 5903 956 5977 recupri'atione
983 5903 1146 5959 trium
1190 5901 1277 5955 vel
1314 5910 1551 5963 quatuor
1581 5892 1867 5949 civitatum
1902 5901 2125 5958 magna-

2230 4479 2502 4536 feetantes
2537 4472 2876 4545 praedictam,
2909 4485 2974 4526 ex
3001 4481 3129 4539 qua,
3163 4465 3210 4521 si
3241 4463 3461 4519 daretur
3489 4474 3519 4513 a
3551 4455 3790 4515 Domino,

2229 4573 2380 4628 salus
2405 4568 2715 4623 animarum
2750 4562 3050 4618 multarum
3076 4555 3267 4628 procul
3298 4551 3464 4608 dubio
3494 4547 3788 4605 resultaret,

2227 4681 2291 4720 ea
2319 4679 2442 4736 qua
2468 4660 2601 4717 dicti
2625 4657 2839 4713 Barlam
2873 4663 2929 4710 et
2955 4653 3111 4708 miles
3139 4648 3385 4705 volebant
3410 4653 3715 4736 proponere
3729 4634 3787 4736 ad

2227 4730 2646 4824 experiendum,
2683 4751 2730 4807 si
2757 4750 2970 4804 fructus
2999 4744 3196 4801 exinde
3220 4749 3407 4812 posset
3431 4735 3625 4806 aliquis
3653 4730 3786 4792 elici,

2232 4851 2376 4906 unde
2408 4849 2490 4904 via
2511 4847 2659 4902 utilis
2686 4844 2889 4916 aperiri
2915 4840 3119 4897 valeret
3139 4835 3358 4907 negotio
3376 4828 3649 4887 rennionis
3669 4839 3791 4897 pra-

2229 4943 2391 4998 dicta
2417 4957 2434 5008 ;
2473 4937 2730 4994 fecerunt
2756 4934 2859 4990 sibi
2887 4933 3029 4997 dari,
3059 4942 3179 4999 qua
3200 4923 3528 4996 quibusdam
3560 4919 3789 5008 colorata

2232 5006 2543 5086 rationibus
2563 5035 2872 5091 sequuntur
2888 5023 2941 5077 in
2963 5021 3110 5075 hunc
3129 5016 3349 5071 modum
3374 5031 3476 5068 :—-
3495 5029 3513 5061 ι
3537 5006 3790 5075 Quoniam

2232 5127 2483 5182 divinum
2521 5131 2575 5178 et
2615 5120 2897 5177 adorabile
2923 5116 3235 5171 mandatum
3268 5110 3469 5166 factum
3508 5113 3590 5160 est
3613 5097 3738 5156 mihi
3766 5111 3790 5147 a

2231 5230 2420 5276 vestra
2450 5217 2768 5278 sanctitate,
2803 5223 2864 5269 ut
2911 5212 3094 5266 dicam
3122 5209 3343 5263 modum
3392 5217 3486 5273 per
3521 5211 3678 5270 quem
3713 5207 3791 5246 re-

2233 5326 2366 5386 puto
2397 5329 2501 5385 ego
2533 5309 2794 5383 possibile
2815 5324 2959 5373 esse,
2985 5303 3314 5362 Orientalcm
3338 5295 3630 5353 Ecelesiam
3659 5284 3788 5386 uniri

2233 5384 2576 5464 Occidentali
2620 5403 2898 5468 Ecclesia,
2933 5411 3110 5454 vestro
3164 5392 3468 5451 obcdiendo
3526 5384 3790 5442 mandato,

2233 5514 2344 5559 hoc
2386 5503 2536 5557 dicto
2574 5497 2902 5569 procedente
2932 5497 3043 5566 jam
3098 5489 3321 5545 faciam.
3354 5484 3590 5546 Primum
3620 5485 3792 5569 autem

2235 5599 2486 5654 omnium
2520 5597 2783 5665 deprecor
2827 5591 3020 5650 Deum,
3069 5595 3150 5652 ut,
3184 5584 3326 5639 sicut
3377 5595 3476 5649 ego
3505 5589 3621 5631 cum
3655 5565 3794 5665 omni

2236 5695 2471 5750 veritate
2493 5699 2548 5744 et
2576 5663 2808 5758 puritate
2832 5683 3012 5739 cordis
3045 5681 3237 5747 loquar
3261 5677 3326 5731 de
3356 5673 3492 5734 istis,
3520 5667 3592 5723 sic
3617 5675 3667 5717 cl
3691 5663 3795 5758 ipse

2237 5883 2470 5955 gloriam
2515 5878 2738 5950 quidem
2772 5884 2826 5932 et
2861 5869 3073 5929 laudem
3131 5871 3324 5921 vestra
3377 5845 3785 5927 magnificentia,
