4064 6462
356 410 494 472 1333

1583 419 1874 480 ORATIO
1921 423 2071 484 PRO
2114 423 2431 485 UNIONE.

3475 425 3608 487 131i

343 524 774 580 destruetionem
801 534 987 582 autem
1013 523 1332 594 impiorum,
1372 526 1763 598 perfectionem
1797 547 1928 589 vero
1957 541 2002 597 Î‘
2036 535 2211 600 missi,
2241 552 2420 606 neque
2456 550 2484 590 a
2512 547 2748 606 quatuor
2779 535 3132 606 patriarchis,
3174 537 3267 606 qui
3299 538 3610 608 gubernant

342 631 397 674 et
450 620 713 676 unitatem
761 625 1003 676 omnium
1038 623 1503 680 Christianorum.
1559 625 1923 685 Sanctissime

347 714 526 781 Pater,
555 717 665 769 duo
695 726 826 770 sunt
857 718 1024 782 modi,
1052 734 1146 787 per
1169 735 1302 787 quos
1332 730 1506 788 potest
1533 722 1732 792 aliquis
1765 739 1925 792 repu-

347 820 464 864 tare
494 809 754 879 possibile
783 824 925 875 esse,
953 810 1070 864 fieri
1100 811 1417 882 praedictam
1447 814 1728 868 unionem.
1764 812 1919 870 Unus

345 900 564 967 quidem
597 902 689 963 sit,
757 903 1047 967 violenter,
1080 903 1181 958 hoc
1217 912 1319 967 est,
1356 905 1402 958 si
1437 905 1542 957 vim
1577 905 1723 974 passi
1769 907 1924 962 habi-

346 1001 525 1048 tantes
550 992 854 1062 Orientem,
887 996 1138 1050 nolentes
1171 996 1437 1066 recipiant
1489 1008 1726 1052 vestram
1768 1014 1923 1052 com-

348 1085 671 1140 munitatem
705 1105 718 1141 :
756 1087 898 1142 alius
927 1101 1076 1152 vero,
1111 1088 1202 1157 qui
1246 1089 1385 1143 liber
1417 1090 1510 1154 sit,
1555 1089 1659 1145 hoc
1688 1102 1793 1155 est,
1827 1106 1923 1160 per

344 1176 670 1232 doctrinalia
704 1180 864 1232 verba
894 1180 1094 1234 erudizi
1135 1191 1186 1236 et
1223 1181 1512 1247 humiliati,
1547 1182 1794 1237 volentes
1828 1199 1922 1236 vo-

346 1270 553 1324 biscum
595 1272 878 1325 uniantur.
913 1271 1118 1326 Horum
1171 1286 1302 1340 ergo
1357 1273 1592 1328 duorum
1627 1274 1919 1330 modorum

345 1364 498 1432 prior
548 1364 766 1432 quidem
820 1365 1047 1419 cumino
1099 1365 1428 1432 dimittatur,
1464 1370 1726 1438 quoniam
1764 1369 1922 1424 vobis

345 1458 539 1525 placet.
565 1456 851 1512 Secundus
873 1465 1078 1518 autem.
1102 1460 1196 1529 qui
1220 1467 1305 1516 est
1327 1459 1698 1526 voluntarius,
1720 1462 1920 1534 duplex

343 1560 445 1604 est.
475 1549 629 1603 Alius
658 1561 739 1605 est
768 1552 913 1604 enim
957 1552 1175 1616 modus,
1215 1568 1312 1622 per
1347 1569 1510 1623 quem
1545 1555 1806 1628 possibile
1838 1567 1922 1613 est

343 1641 616 1709 sapientes
665 1653 881 1698 nostros
914 1644 1242 1699 concordari
1295 1646 1622 1714 vobiscum;
1671 1656 1724 1702 et
1755 1648 1919 1713 alius,

346 1747 439 1798 per
467 1746 652 1798 quem.
703 1734 964 1804 populum
1001 1750 1379 1790 communem.
1409 1735 1762 1806 Sapientium
1794 1741 1922 1809 qui-

344 1825 464 1875 dem
493 1826 690 1882 modus
717 1827 946 1896 simplex
983 1840 1066 1883 est
1099 1841 1152 1882 et
1186 1828 1359 1884 facilis
1390 1847 1404 1884 :
1441 1847 1562 1886 nam
1599 1831 1642 1886 si
1671 1834 1922 1888 venerint

345 1913 412 1968 ad
445 1927 680 1970 vestram
715 1918 1118 1972 sanctissimam
1153 1919 1489 1988 maiestatem
1518 1936 1582 1975 ex
1610 1923 1810 1978 nostris
1837 1938 1926 1978 sa-

347 2007 620 2074 pientibus
653 2009 872 2080 triginta
907 2019 1001 2064 aut
1031 2012 1410 2082 quadraginta,
1443 2025 1537 2068 aut
1565 2027 1924 2084 quOtcunque

347 2101 477 2164 sint,
515 2100 652 2155 bene
674 2101 812 2166 scio,
839 2105 968 2172 quia
997 2104 1481 2160 concordabuntur
1507 2107 1788 2162 vobiscum
1815 2117 1927 2164 sta-

345 2193 440 2248 tim
483 2191 760 2250 facillime.
796 2195 1019 2263 Quare?
1043 2197 1172 2267 quia
1223 2213 1400 2267 neque
1432 2215 1529 2255 vos
1556 2203 1830 2270 quaeritis,
1864 2211 1926 2258 ut

344 2287 684 2344 irrationalis
711 2291 984 2358 appclilus
1011 2291 1214 2352 vincat.
1248 2308 1426 2363 neque
1454 2294 1571 2349 illi:
1609 2295 1701 2350 sed
1737 2305 1788 2350 et
1823 2310 1921 2352 vos

345 2392 396 2434 et
435 2382 507 2436 illi
534 2385 801 2451 quaeritis,
835 2395 891 2439 ut
919 2385 1098 2439 vincat
1126 2387 1348 2441 veritas.
1382 2385 1546 2456 Ergo,
1579 2389 1838 2458 quoniam
1870 2397 1924 2444 et

344 2469 508 2524 atnbo
547 2471 874 2528 desideratis
905 2476 1216 2542 veritatem,
1266 2479 1598 2534 credendum
1635 2493 1742 2543 eSt,
1795 2484 1921 2550 quia

344 2571 399 2616 et
430 2563 540 2618 cito
569 2565 742 2632 ipsam
781 2567 1094 2631 invrnietis,
1145 2578 1200 2623 et
1254 2570 1366 2624 cito
1417 2573 1920 2629 concordabimini.

347 2655 451 2710 Sed
503 2657 616 2723 isti,
652 2668 946 2728 postquam
981 2660 1216 2717 fuissent
1253 2663 1577 2718 concordati
1613 2664 1921 2730 vobiscum,

347 2751 552 2803 reversi
585 2751 650 2804 ad
675 2749 979 2816 Orientem,
1014 2769 1121 2809 non
1163 2763 1419 2822 poterunt
1454 2755 1719 2812 reducere
1750 2771 1924 2826 popu-

345 2841 456 2894 lum
488 2851 738 2897 nostrum
775 2843 840 2898 ad
878 2845 1234 2913 credendum,
1281 2847 1405 2917 quia
1435 2847 1655 2905 fuerunt
1686 2864 1923 2906 concor-

345 2932 458 2988 dati
495 2935 806 3000 vobiscum,
839 2954 963 3002 cum
997 2938 1155 2993 salva
1188 2949 1376 2996 essent
1407 2941 1663 3011 dogmata
1695 2952 1919 2997 sancto-

348 3041 465 3081 rum
497 3027 722 3083 Patrum
749 3047 763 3084 :
788 3029 883 3084 sed
914 3042 1139 3101 surgent
1168 3032 1260 3086 alii
1287 3033 1534 3101 quidam,
1563 3045 1658 3089 aut
1700 3043 1921 3104 propter

348 3117 631 3185 invidiam,
666 3132 760 3175 aut
801 3137 992 3175 vanam
1025 3123 1280 3191 gloriam.
1314 3133 1411 3178 aut
1441 3123 1579 3180 forte
1615 3129 1921 3194 reputando

347 3209 485 3266 bene
512 3210 711 3278 facere,
741 3222 794 3269 et
823 3212 1094 3270 docebunt
1118 3225 1290 3270 totum
1315 3219 1646 3272 contrarium
1674 3221 1839 3290 plebi,
1868 3229 1921 3276 et

347 3304 574 3360 dicent:
611 3305 726 3361 Viri
770 3307 990 3373 fratres,
1021 3309 1204 3364 videte
1240 3327 1308 3365 ne
1335 3313 1704 3378 seducamini,
1741 3331 1921 3384 neque

345 3397 532 3452 audite
566 3413 705 3463 eos;
741 3399 834 3454 isti
889 3402 1036 3455 enim
1075 3418 1200 3456 cum
1253 3403 1364 3458 sint
1417 3406 1661 3476 corrupti
1698 3420 1921 3477 propter

350 3505 572 3544 munera
597 3499 651 3544 et
679 3506 872 3546 vanam
903 3493 1154 3563 gloriam,
1198 3497 1386 3552 dicunt
1414 3514 1534 3568 quae
1568 3499 1758 3555 dicunt
1785 3518 1800 3567 ;
1836 3503 1922 3556 ni-

350 3583 428 3637 liil
469 3599 602 3652 ergo
633 3588 969 3642 removeatis
1004 3603 1070 3643 ex
1105 3589 1171 3643 iis
1204 3605 1326 3660 qua:
1374 3593 1594 3648 tenetis.
1627 3592 1722 3648 isti
1769 3609 1920 3665 ergo,

346 3678 694 3736 sanctissime
719 3679 898 3743 Pater,
926 3681 1159 3735 dicendo
1184 3682 1310 3738 talia
1336 3683 1522 3749 verba,
1550 3685 1922 3742 humiliabunt

347 3770 556 3836 plebem
584 3770 808 3825 credere
829 3772 930 3826 eis.
960 3770 1251 3841 Sapientes
1272 3782 1481 3839 autem,
1510 3779 1604 3847 qui
1640 3779 1920 3834 vobiscum

349 3862 553 3916 fuerint
587 3864 926 3931 concordati,
954 3864 1089 3918 nihil
1119 3865 1298 3922 facere
1330 3876 1607 3937 poterunt,
1631 3871 1726 3926 sed
1750 3873 1923 3941 magis

344 3953 583 4008 eruntin
615 3956 854 4024 periculo
887 3969 916 4009 a
945 3958 1104 4012 turba
1129 3959 1414 4025 pereundi.
1439 3958 1594 4016 Unde
1626 3955 1922 4032 praedictus

350 4047 546 4100 modus
581 4058 801 4116 propter
824 4049 1044 4118 quidem
1071 4049 1344 4119 sapientes
1369 4051 1643 4109 sufï¬ciens
1671 4063 1775 4119 est,
1800 4071 1924 4126 pro-

349 4147 464 4207 pter
501 4154 630 4193 vero
667 4139 924 4210 populum
960 4156 1332 4210 nequaquam.
1366 4143 1503 4209 Quis
1535 4159 1664 4216 ergo
1689 4155 1772 4200 est
1807 4163 1920 4203 mo-

347 4233 471 4294 dus,
503 4232 596 4300 qui
629 4240 687 4286 et
734 4232 946 4302 plebem
980 4243 1033 4287 et
1067 4235 1343 4304 sapientes
1397 4236 1564 4291 simul
1597 4240 1828 4296 adducet
1857 4241 1922 4296 ad

350 4324 606 4378 unionem
645 4326 928 4380 vestram?
967 4325 1079 4397 Ego
1109 4327 1308 4382 dicam.
1361 4328 1646 4385 Audiendo
1672 4349 1922 4387 commu-

351 4415 435 4472 nis
467 4416 720 4486 populus,
748 4416 892 4486 quod
917 4418 1095 4473 sexies
1123 4418 1326 4474 factum
1351 4432 1433 4476 est
1461 4424 1712 4493 generale
1742 4427 1926 4480 conci-

350 4510 506 4572 lium,
544 4519 616 4575 et,
655 4510 870 4579 quoties
905 4509 1106 4565 factum
1141 4523 1244 4575 est,
1295 4513 1361 4567 ad
1397 4516 1786 4584 perfectionem
1820 4519 1920 4574 Ec-

2027 627 2364 683 Orientalem
2402 628 2724 694 Ecclesiam,
2768 643 2947 699 neque
2977 645 3006 682 a
3039 630 3263 700 populo,
3303 630 3398 685 sed
3429 648 3454 683 a
3490 636 3609 685 solo

2032 721 2386 790 imperatore,
2410 721 2501 790 qui
2533 731 2762 776 conatus
2786 721 2888 775 fuit
2915 722 3094 776 facere
3135 723 3392 777 unionem
3423 726 3606 780 vobis-

2031 828 2153 867 cum
2187 828 2252 868 ex
2290 813 2337 866 vi
2374 853 2389 876 ,
2425 826 2478 868 et
2511 829 2617 868 non
2643 813 2969 870 voluntarie.
3009 815 3063 868 Si
3103 831 3233 884 ergo
3269 827 3450 870 vestra
3483 832 3610 872 san-

2028 905 2192 959 ctitas
2227 907 2510 970 cencedit,
2551 916 2608 962 ul.
2637 906 2725 962 fiat
2757 908 2825 961 de
2851 908 2960 963 isto
2992 909 3248 977 generale
3279 911 3600 972 concilium,

2026 996 2099 1052 sit
2122 997 2304 1050 taliter
2337 995 2458 1064 ejus
2489 997 2724 1052 initium.
2763 996 3047 1051 Mittantur
3075 1015 3101 1049 a
3128 999 3284 1052 vobis
3311 998 3376 1050 ad
3411 997 3608 1052 Orien-

2027 1088 2188 1141 talem
2233 1088 2538 1142 Ecclesiam
2591 1088 2775 1158 legati,
2822 1090 2922 1144 viri
2977 1090 3216 1158 religiosi
3267 1089 3606 1144 cttimeutcs

2027 1181 2222 1246 Deum,
2257 1191 2312 1236 et
2353 1184 2496 1252 pleni
2527 1184 2722 1250 spiritu
2759 1184 3085 1237 humilitatis
3123 1192 3177 1238 et
3215 1184 3509 1253 patientim,
3552 1196 3608 1239 et.

2024 1283 2289 1345 portenta
2309 1276 2462 1332 vobis
2487 1276 2699 1331 litteras
2727 1276 2992 1331 habentes
3017 1279 3179 1330 istum
3213 1277 3426 1331 modum
3455 1277 3606 1332 :Yiri

2029 1365 2252 1430 fratres,
2288 1368 2466 1432 scitis,
2498 1369 2625 1436 quia
2648 1367 2959 1422 communis
2996 1369 3248 1422 inimicus
3275 1379 3460 1422 noster
3488 1369 3607 1422 dia-

2026 1453 2181 1509 bolus
2208 1456 2389 1523 posuit
2418 1455 2675 1511 scandala
2709 1456 2852 1510 inter
2885 1472 2980 1510 vos
3010 1467 3066 1512 et
3101 1473 3221 1522 nos,
3250 1467 3304 1512 et
3333 1459 3606 1526 separavit

2028 1559 2129 1599 nos
2159 1546 2227 1599 ab
2277 1545 2532 1600 invicem.
2568 1545 2840 1602 Debemus
2871 1563 3002 1616 ergo
3031 1556 3084 1603 et
3123 1563 3224 1604 nos
3259 1560 3313 1602 et
3345 1565 3443 1602 vos
3503 1552 3604 1602 tri-

2027 1635 2164 1688 stari
2195 1633 2358 1704 Super
2380 1635 2508 1702 hoc,
2539 1643 2592 1689 et
2619 1651 2910 1690 commune
2941 1635 3205 1690 damnum
3241 1649 3495 1706 reputare
3529 1639 3604 1692 is-

2029 1734 2140 1780 tam
2167 1729 2596 1795 separationem.
2627 1727 2904 1798 Rogamus
2935 1743 3063 1799 ergo
3121 1745 3217 1784 vos
3250 1740 3307 1783 ut
3335 1730 3530 1784 fratres
3555 1731 3605 1784 in

2027 1819 2274 1886 Christo,
2314 1822 2682 1892 patriarcbatn
2713 1821 3404 1892 ConstantinOpolitanum,
3434 1834 3486 1879 et
3517 1841 3610 1893 pa-

1959 1898 1997 1952 Î’
2031 1914 2329 1968 triarrham
2362 1916 2824 1982 Alexandrinum,
2865 1917 3268 1973 Antiochenum
3323 1927 3378 1972 et
3413 1918 3609 1973 lliero-

2027 2007 2436 2078 solymitanum,
2463 2020 2517 2065 et
2547 2010 2688 2066 alios
2722 2011 3009 2080 pontifices
3039 2021 3094 2066 et
3125 2011 3329 2067 electos
3355 2013 3523 2075 viros,
3549 2024 3610 2068 ut

2026 2102 2421 2159 conveniamus
2473 2103 2636 2159 simul
2669 2105 2723 2160 in
2775 2103 2960 2172 aliquo
3014 2103 3161 2168 loco,
3195 2112 3249 2158 et
3296 2119 3607 2173 quaramus

2025 2197 2398 2251 communiter
2437 2212 2560 2252 cum
2597 2195 2870 2267 spirituali
2905 2195 3103 2250 affectu
3153 2195 3222 2250 de
3272 2195 3602 2266 praepositis,

2026 2297 2082 2343 ct
2103 2289 2247 2358 quod
2279 2289 2437 2344 nobis
2467 2289 2735 2344 revelahit
2761 2288 2998 2358 Spiritus
3023 2297 3269 2354 sanctus,
3301 2289 3406 2344 hoc
3429 2291 3606 2343 deter-

2029 2381 2355 2447 minabitur,
2390 2394 2444 2437 et
2484 2397 2773 2450 speramus
2812 2383 2864 2438 in
2896 2383 3280 2438 misericordia
3312 2383 3430 2448 Dei,
3476 2383 3602 2453 quia

2027 2474 2287 2529 scandala
2319 2474 2470 2529 foras
2508 2475 2824 2545 ejicicntttr,
2876 2485 2930 2530 et
2966 2476 3303 2530 unanimitas
3356 2483 3410 2529 et
3451 2492 3605 2530 amor

2027 2568 2456 2622 dominabuntur
2511 2571 2701 2626 vestri.
2758 2567 2812 2624 Si
2869 2567 2972 2634 sic,
3019 2569 3370 2624 sanctis~ime
3421 2568 3603 2630 Iâ€˜ater.

2029 2671 2315 2718 mansueta
2341 2662 2502 2717 verba
2529 2661 2806 2718 audierint
2840 2660 3170 2725 Orientales,
3194 2663 3602 2730 imperator-ipsc

2026 2766 2080 2809 et
2112 2757 2443 2826 patriarcha:
2487 2765 2540 2812 et
2564 2760 2800 2826 populus
2843 2756 3079 2810 maxime
3111 2756 3423 2825 gaudebunt
3451 2773 3466 2821 ;
3495 2765 3606 2810 ÎµÎ¹Î´-

2029 2851 2125 2904 tim
2164 2850 2430 2920 ineipient
2469 2851 2686 2920 operari
2742 2849 2809 2906 ad
2851 2849 3216 2920 prepositum,
3249 2856 3450 2903 etcum
3513 2865 3604 2904 vc-

2026 2941 2158 2998 stris
2184 2944 2392 2997 nuntiis
2433 2942 2764 2997 ordinabunt
2789 2943 3033 3006 modum,
3057 2947 3274 3010 tempus
3323 2951 3375 2996 et
3397 2942 3598 3002 loctnn,

2027 3033 2082 3086 in
2118 3049 2230 3103 quo
2267 3033 2579 3088 universale
2609 3032 2698 3087 lict
2727 3032 3046 3096 concilium,
3081 3032 3133 3086 in
3163 3047 3271 3101 quo
3302 3033 3420 3087 sine
3452 3033 3599 3085 enini

2026 3125 2196 3182 dubio
2219 3133 2302 3180 est.
2333 3123 2690 3190 credendum,
2725 3124 2850 3194 quia
2885 3124 3014 3179 unio
3044 3124 3272 3178 firmiter
3307 3123 3448 3178 facta
3475 3125 3600 3178 erit.

2026 3221 2224 3276 Postea
2256 3229 2504 3292 quoquot
2532 3219 2879 3274 interfuerint
2907 3219 2996 3274 isti
3027 3218 3260 3273 concilio
3286 3219 3514 3272 exibunt
3537 3218 3604 3270 ad

2026 3328 2378 3368 communem
2448 3312 2748 3382 populum.
2803 3321 2857 3366 et
2919 3307 3305 3366 dicent:Viri
3383 3308 3603 3366 fratres.

2027 3415 2276 3461 sanctum
2309 3414 2362 3460 et
2391 3405 2648 3475 generale
2676 3403 2972 3460 concilium
3003 3401 3383 3456 determinavit
3415 3402 3526 3455 lucc
3553 3411 3607 3455 et

2029 3500 2186 3565 hac;
2234 3482 2450 3553 debetis
2484 3512 2617 3566 ergo
2658 3499 2905 3565 recipere
2944 3510 3028 3548 ea.
3065 3494 3128 3546 Et
3159 3509 3350 3548 omnes
3387 3509 3448 3548 ea
3485 3494 3607 3548 sine

2026 3592 2195 3648 dubio
2232 3591 2520 3661 recipient.
2557 3591 2685 3654 Iste,
2715 3589 3067 3645 sanctissime
3097 3587 3279 3651 Pater,
3314 3586 3464 3640 solus
3493 3603 3608 3641 mo-

2025 3685 2127 3740 dus
2162 3693 2265 3749 est,
2315 3685 2456 3738 sicut
2485 3683 2705 3736 videtur
2740 3681 2894 3748 mihi,
2927 3696 3026 3750 per
3059 3695 3222 3749 quem
3256 3680 3383 3733 unio
3421 3678 3607 3732 Eccle-

2026 3777 2122 3832 sia:
2157 3777 2270 3834 fieri
2297 3785 2499 3847 potest.
2529 3776 2772 3831 Consnlo
2801 3783 2982 3828 autem
3013 3787 3068 3828 et
3101 3775 3240 3838 hoc;
3281 3774 3453 3842 magis
3477 3789 3606 3828 vero

2025 3869 2318 3938 deprecor.
2357 3867 2414 3921 In
2455 3866 2654 3921 Turcia
2685 3878 2922 3936 quatuor
2953 3875 3084 3920 sunt
3111 3867 3362 3921 civitates
3395 3881 3606 3936 magna:

2025 3969 2080 4017 et
2101 3961 2315 4026 divites,
2349 3977 2472 4032 qua:
2494 3961 2766 4014 hactenus
2793 3959 3014 4013 fuerunt
3042 3955 3377 4018 Grzccorum.
3405 3968 3456 4012 et
3482 3973 3602 4027 pro-

2028 4062 2148 4126 pter
2181 4061 2404 4124 peccata
2435 4063 2620 4107 nostra
2655 4051 2829 4107 multo
2853 4052 3226 4120 temporejam
3259 4051 3472 4105 tradita:
3493 4051 3608 4108 fue-

2029 4155 2158 4202 runt
2187 4147 2240 4202 in
2278 4162 2472 4201 tnanus
2513 4145 2806 4216 impiorum
2845 4163 2858 4198 :
2919 4159 3063 4198 nunc
3125 4159 3256 4197 vero
3288 4144 3381 4212 qui
3415 4153 3606 4198 tenent

2025 4248 2081 4296 et
2104 4239 2426 4295 custodiunt
2481 4237 2623 4300 illas,
2651 4245 2809 4292 erant
2845 4235 3070 4308 quidem
3099 4235 3426 4299 Christiani,
3453 4252 3515 4289 ex
3555 4238 3604 4290 vi

2027 4345 2210 4389 autem
2254 4332 2383 4388 facti
2418 4340 2548 4386 sunt.
2581 4329 2766 4384 Turci.
2807 4327 2899 4382 Isti
2947 4341 3100 4396 ergo,
3139 4326 3376 4380 volendo
3409 4326 3605 4380 iterum

2028 4425 2232 4480 reverti
2258 4423 2326 4478 ad
2359 4421 2734 4478 Christianam
2766 4418 2951 4482 fidem,
2985 4427 3174 4471 notum
3211 4417 3464 4472 fecerunt
3503 4417 3608 4470 do-

2029 4521 2180 4574 mino
2205 4532 2325 4573 meo
2348 4513 2686 4586 imperatori,
2712 4522 2773 4567 ut
2795 4511 2960 4566 vadat
2980 4525 3101 4565 cum
3126 4509 3368 4564 exercitu
3396 4508 3460 4562 ad
3484 4523 3603 4572 eos,

349 4603 530 4656 clesiae
563 4603 766 4657 factum
797 4613 902 4670 est,
933 4613 986 4658 et
1010 4603 1077 4658 ad
1108 4606 1504 4660 correctionem
1527 4622 1800 4672 errorum.
1827 4611 1918 4681 qui
1954 4611 1997 4666 Î’
2030 4619 2084 4667 et
2127 4611 2228 4682 ipsi
2279 4609 2356 4664 illi
2411 4607 2628 4662 tradent
2659 4605 2954 4676 praedictas
3000 4602 3271 4657 civitates.
3305 4599 3605 4670 Imperator

349 4705 508 4750 erant
557 4696 610 4750 in
656 4695 764 4750 illis
805 4696 1168 4766 temporibus,
1221 4697 1536 4767 opinionem
1597 4713 1926 4770 receperunt

350 4805 543 4844 omnes
570 4790 638 4843 ad
681 4789 896 4843 animas
927 4803 1058 4844 snas
1090 4827 1104 4853 ,
1140 4790 1267 4859 quia
1300 4789 1447 4858 quod
1477 4790 1550 4846 sit
1588 4791 1923 4848 determina-

351 4894 464 4938 tum
487 4899 515 4936 a
537 4882 776 4952 generali
801 4882 1058 4946 concilio,
1092 4891 1301 4937 rectum
1332 4892 1384 4937 et
1411 4898 1604 4938 sanum
1625 4894 1730 4940 est.
1756 4887 1921 4957 Ergo,

350 4980 397 5034 si
433 4977 524 5032 fiet
557 4987 612 5032 et
665 4991 810 5030 nunc
857 4976 924 5030 de
977 4973 1325 5040 differentiis,
1373 4991 1511 5046 quas
1553 4978 1766 5035 habetis
1796 4995 1922 5035 cum

349 5071 576 5133 Graecis,
617 5068 873 5141 generale
920 5067 1236 5132 concilium,
1281 5079 1341 5124 ut
1395 5084 1496 5125 nos
1547 5071 1920 5137 ostendemus,

351 5177 697 5234 quaecunque
723 5176 752 5216 a
778 5159 1020 5230 generali
1051 5159 1284 5215 concilio
1308 5160 1670 5216 determinata
1698 5161 1921 5228 fuerint,

351 5271 548 5311 oniues
593 5254 904 5309 Orientales
933 5252 1170 5308 libenter
1203 5253 1317 5309 hare
1345 5254 1635 5324 recipient,
1671 5264 1726 5310 et
1764 5271 1922 5310 nemo

351 5350 457 5404 erit
488 5347 578 5416 qui
615 5347 697 5400 his
745 5345 1113 5410 contradicat,
1141 5356 1198 5400 et
1248 5346 1327 5402 sic
1365 5347 1698 5403 unanimitas
1739 5350 1921 5403 statim

351 5451 404 5494 et
428 5440 556 5493 unio
597 5439 734 5492 facta
780 5439 904 5493 erit.
920 5436 977 5492 Si
1009 5448 1191 5493 autem
1222 5438 1419 5510 aliquis
1458 5440 1623 5504 dicat,
1649 5443 1776 5511 quia
1803 5442 1915 5509 jam

351 5533 556 5587 factum
605 5531 782 5586 estde
821 5532 942 5586 istis
973 5531 1229 5602 generale
1259 5533 1551 5587 concilium
1600 5532 1652 5586 in
1686 5531 1923 5602 Lugdu-

353 5629 527 5692 nensi,
563 5627 615 5679 in
656 5641 766 5696 quo
799 5627 1019 5681 fuerunt
1053 5637 1104 5681 et
1140 5625 1338 5690 Graeci,
1376 5627 1535 5692 sciat,
1572 5630 1718 5698 quod
1763 5643 1925 5683 nemo

353 5719 555 5788 poterit
591 5719 878 5772 humiliare
912 5717 1169 5788 populum
1200 5719 1539 5783 Gnccorum,
1570 5729 1626 5773 ut
1660 5720 1926 5791 recipiant

352 5812 483 5866 illud
529 5812 823 5866 concilium
855 5810 976 5865 sine
1007 5811 1114 5864 alio
1147 5811 1401 5867 concilio.
1439 5810 1617 5878 Quare
1642 5812 1663 5865 ?
1685 5813 1810 5880 quia
1847 5811 1924 5867 illi

353 5904 551 5972 Cra-ci,
587 5906 679 5976 qui
728 5905 1094 5964 interfuerunt
1123 5906 1211 5962 isti
1248 5906 1504 5977 concilio,
1557 5924 1663 5965 non
1701 5905 1925 5966 fuerunt

2030 4722 2180 4771 vero,
2217 4717 2327 4760 non
2361 4701 2690 4758 confidendo
2720 4699 2774 4754 in
2809 4698 2924 4753 sola
2961 4713 3060 4753 sua
3101 4705 3282 4766 gente,
3326 4697 3474 4752 misit
3504 4711 3604 4750 nos

2028 4799 2096 4855 ad
2127 4797 2666 4856 Christianissimum
2706 4807 2889 4861 regem
2937 4789 3301 4850 Francorum.
3352 4805 3604 4856 quaerens

2029 4897 2251 4956 propter
2283 4885 2388 4939 hoc
2438 4883 2728 4938 auxilium.
2777 4879 2913 4934 Nam
2946 4881 2992 4935 si
3023 4880 3374 4950 apprehensa:
3404 4877 3604 4931 fuerint

2029 4979 2137 5032 illas
2166 4979 2440 5040 civitates,
2476 4985 2531 5030 et
2565 4989 2796 5030 reversae
2833 4972 2900 5027 ad
2937 4988 3056 5037 nos,
3107 4971 3340 5041 primum
3380 4969 3600 5038 quidem

2030 5080 2198 5126 totam
2226 5071 2510 5136 virtutem,
2544 5084 2705 5138 quam
2732 5067 2935 5122 habent
2969 5064 3136 5119 Turci
3172 5078 3269 5131 per
3297 5077 3467 5125 mare,
3493 5070 3598 5116 sta-

2028 5164 2123 5217 tim
2155 5161 2404 5232 perdent,
2439 5170 2492 5215 et
2521 5159 2778 5215 deficient
2802 5159 2942 5212 mala
2973 5171 3096 5226 qua:
3128 5155 3414 5225 patiuntur
3444 5153 3603 5208 Chri-

2027 5255 2193 5310 stiani
2229 5270 2324 5325 per
2352 5269 2502 5308 mare
2527 5269 2542 5319 ;
2574 5252 2643 5306 ab
2671 5251 2753 5306 eis
2773 5251 2939 5305 etiam
2967 5249 3216 5320 regiones
3238 5253 3293 5301 et
3324 5245 3599 5310 civitates,

2028 5361 2151 5416 quae
2190 5351 2318 5398 sunt
2362 5346 2506 5398 inter
2555 5341 2843 5410 praulictas
2877 5337 3128 5393 civitates
3161 5345 3216 5392 et
3257 5350 3356 5390 vos
3384 5350 3601 5398 omnes.

2028 5435 2314 5492 tradentur
2343 5435 2502 5489 nobis
2528 5451 2543 5498 ;
2567 5441 2621 5488 et
2646 5433 2750 5486 erit
2775 5445 2967 5500 magna
2995 5429 3161 5498 janua
3191 5437 3381 5496 aperta
3411 5437 3602 5484 sancto

2028 5529 2303 5600 passagio.
2356 5527 2420 5580 Et
2468 5525 2697 5580 audiens
2759 5523 2875 5577 haec
2924 5536 3018 5574 rex
3051 5519 3416 5584 Francorum,
3451 5520 3603 5573 misit

2030 5639 2131 5677 nos
2160 5621 2227 5677 ad
2256 5637 2372 5686 vos,
2423 5630 2481 5674 ut
2514 5618 2729 5682 dicatis,
2763 5615 2894 5687 qttid
2934 5614 3091 5669 vobis
3119 5611 3186 5668 de
3224 5613 3328 5666 isto
3367 5615 3599 5680 placeat.

2032 5716 2186 5771 Unde
2213 5714 2586 5784 supplicamus
2611 5709 2787 5774 vobis,
2812 5707 3160 5763 sanctissime
3186 5707 3364 5769 Pater,
3392 5715 3451 5760 ut
3472 5720 3604 5758 cou-

2031 5809 2258 5872 cedatis,
2303 5816 2360 5861 ut
2416 5807 2664 5859 mittatur
2700 5801 2959 5855 auxilium
2997 5800 3063 5854 ad
3097 5810 3283 5870 partes
3329 5797 3473 5861 illas,
3510 5808 3604 5852 aut

2030 5901 2354 5972 pri-usquam
2388 5899 2584 5955 vadat-it
2632 5896 2761 5952 illuc
2792 5893 3034 5965 praedicti
3084 5892 3248 5949 vestri
3287 5891 3472 5962 legati,
3511 5903 3603 5944 aut
