4064 6456
424 422 437 431 ’
530 420 667 486 1335

524 653 675 692 ιιιιιιη
702 638 946 709 quidem,
980 637 1125 708 quod
1152 639 1476 693 naturaliter
1498 654 1693 694 omnes
1715 642 1970 697 homines
2001 657 2116 698 ma-

475 730 478 733 “
522 730 608 800 gis
660 731 848 785 volunt
906 731 1190 803 subjugari
1238 733 1721 789 bcnefacientibus
1783 734 1887 802 eis,
1947 752 2111 805 quam

522 832 719 878 contra
757 823 1109 878 facientibus.
1140 824 1276 880 Nam
1309 837 1365 880 et
1403 824 1600 893 Judaei,
1624 841 1749 881 cum
1789 828 1899 882 sint
1931 829 2116 898 ingra-

523 914 724 968 tissimi
757 918 1002 970 omnium
1037 917 1351 984 hominum,
1395 928 1576 975 tamen
1607 921 1831 990 quando
1857 920 2113 978 Christus

520 1008 751 1062 nutrivit
779 1025 873 1065 eos
902 1025 963 1062 ex
989 1012 1233 1081 quinque
1256 1012 1489 1081 panibus
1522 1014 1573 1067 in
1599 1014 1842 1079 deserto,
1865 1030 1990 1069 cum
2018 1030 2111 1070 vo-

518 1098 738 1155 luerunt
763 1119 966 1165 eorum
1001 1120 1185 1175 regem
1220 1103 1421 1161 facere.
1449 1107 1595 1178 Ergo
1618 1117 1671 1162 et
1694 1107 1892 1171 Graeci,
1924 1111 2115 1163 viden-

522 1203 628 1260 tcs,
654 1197 758 1251 sibi
779 1197 893 1267 jam
923 1197 1129 1253 factum
1156 1210 1403 1255 vestrum
1431 1202 1724 1269 auxilium,
1751 1204 1927 1275 magis
1951 1220 2115 1261 erant

521 1290 704 1357 parati
741 1292 989 1360 recipere
1017 1292 1182 1346 verba
1220 1305 1529 1348 vestrorum
1564 1296 1890 1363 legatorum,
1917 1294 1973 1351 et'
1996 1297 2114 1368 ipsa

519 1382 869 1451 adimplere;
905 1384 1072 1438 etiam
1112 1400 1236 1451 nos,
1276 1386 1371 1457 qui
1422 1386 1810 1446 desideramus
1857 1390 2116 1445 Ecclesiae

517 1474 810 1538 unionem,
839 1476 1146 1543 poterimus
1180 1478 1512 1534 fidttcialiter
1553 1481 1815 1537 unionem
1850 1485 2111 1553 populum

518 1564 723 1620 docere
752 1582 767 1633 ;
793 1577 843 1622 et
872 1568 1173 1637 imperator
1194 1584 1406 1634 noster,
1434 1572 1716 1645 accipiens
1744 1575 2114 1639 occasionem,

518 1656 728 1725 poterit
780 1670 835 1711 et
870 1661 1203 1727 patriarchae
1239 1672 1293 1716 et
1332 1662 1458 1717 aliis
1488 1663 1854 1733 pontiﬁcibus
1884 1665 2068 1720 dicere
2099 1685 2112 1720 :

520 1748 741 1817 Videte,
778 1753 1055 1820 quomodo
1077 1752 1259 1809 Latini
1282 1764 1411 1810 sunt
1440 1756 1573 1811 boni
1600 1758 1876 1823 homines,
1900 1770 1954 1813 et
1978 1775 2118 1830 quo-

524 1843 689 1897 modo
731 1854 984 1913 quierunt
1019 1862 1119 1902 nos
1149 1846 1455 1904 fructuosis
1481 1852 1744 1920 operibus
1780 1863 1832 1907 et
1860 1853 2116 1922 gratiosis

521 1937 702 1992 verbis
729 1940 741 1991 l
774 1938 1040 1996 debemus
1070 1956 1202 2011 ergo
1233 1952 1287 1996 et
1317 1956 1417 1998 nos
1449 1943 1707 2000 similiter
1740 1945 1972 2016 diligere
1994 1961 2114 2012 eos,
2148 1918 2195 1978 Β

520 2041 575 2085 et
605 2047 856 2101 quatrere
882 2034 1133 2100 modum,
1166 2049 1267 2104 per
1299 2052 1462 2106 quem
1492 2052 1618 2092 cum
1652 2038 1788 2108 ipsis
1816 2041 2119 2095 concorde-

524 2141 670 2180 mttr.
704 2126 960 2182 Secunda
986 2136 1172 2184 autem
1204 2131 1346 2185 ratio
1376 2142 1458 2186 est
1483 2132 1583 2187 ista
1614 2151 1628 2188 :
1657 2149 1764 2188 non
1790 2136 1991 2204 poterit
2016 2135 2121 2188 im-

528 2230 750 2289 perator
772 2220 907 2277 dare
930 2236 991 2277 se
1015 2221 1084 2277 ad
1109 2223 1481 2280 ordinandum
1506 2226 1762 2298 generale
1795 2229 2118 2293 concilium,

525 2315 634 2370 nisi
666 2316 820 2385 prius
846 2331 1069 2387 gnerra,
1101 2333 1267 2387 quam
1289 2318 1453 2375 habet
1475 2335 1600 2375 cum
1625 2320 1845 2388 Turcis,
1883 2322 2121 2377 diﬂinia-

522 2418 618 2466 tur
648 2428 662 2474 ;
697 2428 879 2482 neque
914 2414 1063 2468 enim
1101 2413 1232 2469 dum
1277 2429 1477 2484 guerra
1510 2417 1599 2481 sit,
1641 2415 1843 2487 poterit
1877 2427 2123 2487 quatuor

526 2503 869 2576 patriarchas
902 2516 952 2561 et
982 2505 1122 2562 alios
1152 2505 1449 2576 pontiﬁces
1475 2507 1531 2561 in
1560 2524 1728 2563 unum
1758 2523 2120 2579 congregare,

528 2613 630 2654 nec
653 2599 892 2654 concilio
924 2600 1129 2668 poterit
1152 2600 1440 2668 interesse,
1475 2611 1532 2656 et
1562 2612 1852 2671 propterea
1879 2612 2122 2671 Oportet,

529 2703 589 2749 ut
621 2693 725 2762 ipsi
747 2692 933 2748 remuli
971 2693 1124 2763 prius
1153 2694 1224 2750 ab
1255 2694 1488 2765 imperio
1523 2696 1870 2765 aliquantum
1903 2697 2125 2767 longius

524 2787 875 2857 expelluntur
901 2803 916 2853 ;
941 2797 995 2841 et
1021 2797 1152 2842 tunc
1182 2788 1503 2857 imperator,
1552 2799 1778 2860 accepta
1808 2790 2124 2861 tranquilli-

529 2889 665 2945 tate,
720 2888 989 2948 quantutn
1042 2895 1109 2936 ex
1143 2894 1242 2937 sua
1276 2890 1436 2952 parte
1483 2893 1588 2949 est,
1630 2884 1831 2952 poterit
1884 2882 2127 2953 perfecte

531 2975 859 3042 adimplere.
898 2971 1058 3038 Quod
1082 2988 1217 3030 vero
1237 2974 1430 3030 dicunt
1451 2976 1677 3046 quidam
1702 2992 1767 3031 ex
1796 2977 1975 3040 vobis,
1999 2977 2127 3046 quia

532 3075 752 3137 oportet
785 3068 937 3137 prius
995 3067 1143 3123 uniri
1176 3069 1465 3126 vobiscum
1498 3068 1742 3134 Graecos,
1774 3081 1829 3125 et
1863 3078 1995 3125 tunc
2022 3070 2128 3125 ibi-

534 3176 661 3216 mus
695 3170 887 3216 contra
915 3159 1152 3229 Turcos,
1180 3177 1289 3217 non
1326 3161 1462 3216 mihi
1493 3164 1709 3219 videtur
1744 3164 1884 3218 bene
1917 3163 2125 3217 dictum

1633 424 2033 484 BARLAAMI
2077 423 2175 483 DE
2217 419 2653 482 SEMINARIA

523 543 715 599 simul.
746 543 865 599 Hoc
897 554 1081 598 autem
1120 544 1245 600 dico
1270 554 1495 614 propter
1526 544 1665 600 duas
1693 546 1953 601 rationes.
1983 542 2105 599 Pri-
2134 555 2182 608 Α

3644 410 3761 478 1336

2219 543 2373 598 vobis
2406 552 2758 613 prosternere
2804 554 2900 598 eos
2925 556 2940 606 ;
2978 538 3141 604 unde,
3171 536 3345 592 donec
3375 544 3457 591 est
3486 532 3637 590 facile
3660 548 3766 603 pro-

2220 645 2467 691 sternere
2499 650 2618 700 cos,
2653 652 2721 690 ne
2761 650 2857 690 vos
2904 632 3109 704 pigeat,
3159 646 3261 685 nec
3294 627 3573 684 dimittatis
3609 625 3770 681 venire

2221 730 2357 784 illud
2416 739 2653 798 tempus,
2715 726 2772 781 in
2821 741 2932 797 quo
2977 723 3084 779 erit
3128 722 3285 778 vobis
3341 720 3634 784 meditatio,
3680 734 3769 772 non

2219 822 2499 893 quomodo
2542 821 2695 877 ibitis
2746 834 2912 889 super
2961 833 3079 882 eos,
3122 816 3214 871 sed
3260 814 3527 884 quomodo
3577 810 3776 865 cavebi-

2220 916 2352 971 mini
2386 917 2456 970 ab
2484 914 2563 971 eis
2591 955 2604 977 ,
2644 924 2699 969 ct
2724 914 2829 968 erit
2858 928 3113 982 maguum
3150 910 3277 978 quid
3306 908 3477 972 vobis,
3513 904 3691 961 ulcisci
3718 905 3776 957 ab

2220 1017 2324 1069 eis.
2374 1010 2667 1077 Quartum,
2721 1007 2766 1063 si
2804 1008 2908 1062 soli
2940 1005 3105 1059 Turci
3157 1003 3436 1056 venissent
3467 1000 3530 1054 ad
3569 1014 3679 1059 vos,
3706 997 3776 1051 di-

2219 1114 2410 1159 centes
2447 1120 2461 1157 :
2504 1099 2549 1156 Ο
2598 1101 2801 1163 Latini,
2855 1098 3109 1153 volumus
3158 1094 3377 1165 quidem
3438 1085 3555 1146 esse
3604 1090 3776 1146 saltem

2220 1199 2411 1265 Turci,
2458 1207 2639 1252 tamen
2672 1208 2928 1264 rogamus
2970 1207 3091 1251 vos,
3120 1199 3178 1243 ut
3207 1188 3366 1246 simul
3395 1185 3670 1240 vobiscum
3700 1199 3780 1236 ex-

2218 1308 2527 1366 puguemus
2588 1289 2874 1350 Tartarus,
2944 1285 3273 1345 Saracenos,
3326 1290 3379 1335 et
3427 1277 3780 1348 disperdatuus

2217 1405 2337 1452 eos,
2388 1385 2740 1455 recepissetis
2794 1381 2984 1450 utique
3036 1391 3227 1432 eorum
3309 1371 3781 1444 supplicationem;

2218 1483 2429 1553 quare?
2453 1481 2583 1551 quia
2617 1477 2795 1548 magis
2815 1481 2959 1531 esset
2989 1473 3118 1528 utile
3147 1469 3305 1526 vobis
3336 1484 3457 1523 cum
3483 1464 3672 1520 Turcis
3704 1478 3783 1515 ex-

2218 1588 2462 1647 pugnare
2485 1569 2754 1626 Tartaros
2786 1576 2842 1623 et
2868 1562 3192 1624 Saracenos,
3224 1573 3384 1628 quam
3418 1557 3463 1611 si
3509 1553 3607 1609 soli
3636 1565 3785 1619 expu-

2220 1665 2494 1738 gnassetis
2519 1677 2712 1718 omnes
2742 1671 2873 1715 tres.
2915 1656 2991 1711 Ex
3026 1653 3190 1710 simili
3226 1667 3357 1720 ergo
3384 1647 3574 1704 utilius
3607 1655 3685 1698 est
3706 1658 3785 1695 vo-

2221 1764 2328 1830 bis,
2382 1777 2506 1816 cum
2559 1755 2788 1822 Grarcis,
2846 1765 2954 1808 tam
3004 1750 3052 1806 si
3103 1742 3440 1802 concordant
3492 1739 3778 1799 vobiscum,

2223 1870 2387 1926 quam
2419 1852 2463 1907 si
2492 1867 2620 1914 non,
2656 1846 2855 1917 impios
2879 1854 3217 1912 expugnare,
3248 1851 3409 1906 quam
3439 1833 3484 1889 si
3518 1829 3616 1886 soli
3639 1843 3788 1926 expu-

2225 1919 2401 2015 g-ttclis
2440 1940 2654 1996 Turcos
2705 1950 2759 1991 et
2807 1934 3027 2005 impios.
3064 1931 3327 1996 Quintum
3350 1966 3366 1990 ,
3401 1925 3596 1980 scitote
3625 1929 3675 1974 et
3703 1919 3789 1971 hoc

2226 2052 2376 2102 vere,
2412 2037 2541 2106 quia
2576 2048 2684 2087 non
2712 2040 2926 2084 tantum
2964 2022 3270 2081 diﬂ‘ercntia
3302 2022 3612 2090 dogmatnm
3644 2027 3783 2079 sepa-

2226 2138 2312 2185 rat
2339 2128 2506 2183 corda
2541 2128 2859 2182 Graecorum
2891 2135 2921 2174 a
2947 2117 3120 2180 vobis,
3153 2122 3416 2185 quantum
3447 2108 3632 2163 odium
3663 2102 3788 2174 quod

2228 2223 2453 2280 intravit
2489 2221 2542 2274 in
2583 2219 2798 2273 animos
2828 2227 3018 2270 eorum
3055 2220 3247 2265 contra
3282 2204 3510 2258 Latinos
3565 2214 3628 2253 ex
3663 2195 3786 2250 mulo

2228 2320 2301 2374 tis
2327 2327 2382 2372 et
2413 2313 2627 2384 magnis
2655 2309 2835 2375 malis,
2868 2319 2990 2378 quae
3023 2318 3118 2369 per
3152 2300 3366 2356 diversa
3395 2304 3643 2364 tempora
3666 2287 3787 2384 passi

2228 2380 2558 2469 suntGraeci
2583 2420 2611 2459 a
2636 2402 2869 2465 Latinis,
2892 2408 2943 2454 et
2961 2396 3140 2453 adhuc
3160 2392 3440 2463 patiuntur
3460 2402 3559 2457 per
3576 2380 3791 2452 singulos

2229 2507 2383 2569 dies;
2412 2499 2557 2571 quod
2585 2496 2770 2550 odium
2810 2492 2918 2547 nisi
2967 2487 3122 2559 prius
3152 2483 3443 2555 abjiciatur
3471 2479 3543 2533 ab
3573 2476 3668 2538 eis,
3700 2487 3789 2526 non

2230 2566 2588 2669 p0teritvnnio
2619 2589 2758 2645 ﬁeri.
2792 2585 3209 2646 Verumtamen,
3257 2576 3361 2632 nisi
3408 2573 3565 2646 prius
3611 2570 3696 2669 ﬁat
3728 2566 3795 2621 eis

2230 2661 2493 2759 magnum
2543 2700 2574 2739 a
2633 2681 2794 2737 vobis
2852 2676 3201 2737 beneficium,
3266 2681 3443 2738 neque
3498 2661 3794 2759 pradictum

2231 2748 2418 2839 odium
2475 2776 2786 2848 abjicietur,
2822 2783 3001 2839 neque
3049 2761 3248 2833 aliquis
3278 2756 3474 2830 poterit
3516 2754 3709 2848 audere
3731 2748 3798 2801 lo-

2231 2875 2323 2947 qui
2378 2876 2446 2928 ad
2481 2844 2574 2927 eos
2603 2884 2667 2923 ea
2700 2880 2821 2937 quae
2864 2869 2993 2919 sunt
3028 2857 3272 2914 unionis.
3307 2854 3533 2911 Sextum
3561 2889 3578 2915 ,
3628 2844 3798 2947 seitpte

2231 2933 2284 3022 et
2345 2966 2469 3028 hoc,
2522 2959 2651 3032 quia
2705 2933 2814 3012 non
2879 2949 3192 3010 communis
3243 2944 3556 3001 Graecorum
3592 2933 3796 3008 populus

2233 3060 2386 3115 misit
2423 3031 2623 3120 me,ut
2649 3064 2893 3123 quaeram
2919 3061 2949 3100 a
2980 3044 3135 3100 vobis
3166 3039 3424 3096 auxilium
3452 3042 3507 3090 et
3541 3031 3797 3086 unionem.

2234 3153 2330 3208 sed
2369 3151 2672 3218 imperator
2702 3143 2858 3199 solus
2879 3145 3092 3197 secrete
3120 3152 3136 3203 ;
3170 3135 3290 3207 qui,
3319 3129 3427 3185 nisi
3458 3127 3612 3198 prius
3637 3121 3798 3218 mitta-

533 3268 683 3318 esse,
728 3260 957 3324 prepter
982 3269 1079 3309 sex
1107 3239 1459 3326 argumenta.
1498 3254 1771 3319 Primum,
1808 3256 1933 3326 quia
1961 3254 2126 3310 Turci

2239 3255 2326 3303 tur
2359 3242 2627 3298 auxilium
2667 3239 2733 3294 ad
2767 3244 2949 3308 partes
2983 3231 3127 3310 illas,
3169 3244 3276 3284 non
3321 3220 3526 3293 paterit
3596 3211 3801 3347 magne-

2532 3338 2543 3347 .
2586 3336 2635 3347 ..
2903 3345 2917 3347 ῃ
2948 3331 2962 3347 ,
2988 3328 3097 3347 mh
3123 3333 3356 3347 “dum
3385 3317 3639 3347 “Amm
3714 3321 3801 3347 Μ,

535 3359 648 3403 non
682 3348 865 3401 soluat
898 3356 1101 3402 nocent
1137 3344 1365 3414 Graecis,
1397 3347 1492 3402 sed
1531 3348 1699 3402 etiam
1731 3348 2035 3411 Armeniis,
2071 3358 2124 3404 et

535 3439 852 3514 Cyprianis,
874 3450 928 3495 et
958 3438 1248 3508 Herodiis,
1276 3445 1404 3511 quia
1432 3455 1627 3497 omnes
1652 3450 1782 3499 sunt
1802 3443 2006 3499 subditi
2031 3457 2132 3499 no-

534 3536 662 3603 stri,
689 3534 1022 3592 etomuibus
1068 3535 1450 3592 habitantibus
1500 3535 1729 3593 insulas.
1759 3535 1930 3603 Unde,
1958 3552 2135 3610 quan-

535 3632 608 3687 do
641 3638 863 3700 propter
887 3625 1113 3686 Graecos
1136 3645 1248 3685 non
1268 3629 1439 3687 vultis
1466 3629 1687 3686 mittere
1709 3631 1981 3687 auxilium
2003 3644 2137 3686 cou-

537 3734 624 3780 tra
680 3722 916 3791 Turcos,
953 3722 1022 3778 ad
1077 3724 1261 3778 minus
1314 3731 1541 3794 propter
1577 3722 1810 3781 miseros
1842 3724 2136 3794 Armenios

538 3819 635 3891 qui
669 3831 798 3874 sunt
827 3818 942 3891 jam
978 3819 1235 3886 desolati,
1264 3828 1317 3874 et
1343 3828 1569 3889 propter
1595 3818 1734 3876 alios
1762 3819 2133 3889 Christianos,

537 3913 797 3969 subditos
824 3920 1066 3975 nostros,
1091 3909 1305 3966 debetis
1328 3912 1548 3965 mittere
1569 3910 1637 3965 ad
1661 3919 1846 3980 partes
1874 3909 1998 3965 illas
2046 3924 2142 3964 ve-

537 4017 716 4064 strum
748 4006 1036 4062 auxilium.
1071 4004 1386 4062 Secundum
1415 4046 1431 4074 ,
1462 4006 1591 4078 quia
1624 4003 1792 4062 Turci
1825 4012 2140 4077 eprgnaut

538 4101 789 4169 Graecos,
825 4118 933 4157 non
965 4111 1227 4173 tanquam
1261 4100 1506 4164 Graecos,
1537 4116 1639 4156 nec
1667 4099 1935 4172 quoniam
1979 4096 2135 4154 diffe-

536 4206 673 4252 runt
702 4212 732 4251 a
760 4192 935 4261 vobis,
960 4194 1056 4251 sed
1082 4194 1208 4266 quia
1233 4208 1455 4249 crucem
1489 4203 1617 4248 sunt
1639 4193 1958 4248 adorantes.
1983 4189 2140 4245 Unde

539 4305 641 4363 per
674 4304 734 4344 se
760 4287 985 4360 quidem
1014 4293 1595 4357 expugnautcrucem,
1620 4300 1716 4355 per
1747 4282 2009 4339 accidens
2039 4298 2139 4337 au-

539 4395 651 4437 tem
691 4381 935 4437 Graecos.
975 4378 1035 4434 Si
1079 4392 1211 4448 ergo
1241 4376 1495 4433 abicritis
1537 4388 1733 4432 contra
1763 4373 1996 4441 Turcos,
2030 4390 2139 4429 non

543 4475 697 4532 ibitis
724 4474 794 4531 ad
829 4474 1098 4530 auxilium
1146 4470 1490 4537 Graecorum,
1518 4469 1617 4527 sed
1644 4471 1847 4535 crucis,
1902 4485 2025 4541 qua;
2060 4480 2143 4524 est

547 4569 865 4625 communis
888 4569 1038 4624 salus
1070 4567 1320 4622 omnium
1380 4566 1857 4622 Christianorum.
1880 4564 2026 4635 Ergo
2052 4564 2142 4631 ju-

548 4677 694 4722 stum
724 4665 993 4727 est,sicut
1029 4662 1207 4717 Graeci
1237 4670 1369 4717 sunt
1396 4661 1721 4717 defensores
1737 4659 1942 4744 crucis,
1967 4668 2022 4713 et
2049 4672 2146 4713 vos
2178 4669 2223 4724 1)

550 4760 809 4817 sitniiiter
848 4758 991 4813 sitis.
1028 4756 1279 4810 Tertium
1307 4795 1323 4821 ,
1366 4753 1497 4825 quia
1539 4769 1688 4808 nunc
1736 4751 1984 4822 quidem,
2018 4753 2146 4805 dum

552 4858 626 4912 sit
659 4855 870 4909 salvum
904 4849 1199 4921 imperium
1234 4847 1574 4911 Grazcorum,
1636 4858 1691 4901 et
1722 4847 1797 4901 sit
1827 4845 1884 4899 in
1930 4845 2149 4914 juribus

552 4952 692 5015 suis,
730 4947 1054 5003 facillimum
1085 4953 1170 4997 est
1199 4941 1411 4996 Latinis
1429 4955 1553 4994 cum
1578 4940 1909 5010 imperatore
1929 4937 2150 4993 Grteco-

554 5064 677 5101 rum
706 5044 920 5098 Turcos
964 5046 1336 5109 prosternere.
1359 5033 1589 5101 Quare?
1617 5034 1743 5103 quia
1760 5035 1997 5102 primum
2026 5032 2151 5103 qni-

554 5141 702 5204 dem,
719 5137 908 5193 Graeca
923 5130 1115 5188 militia
1135 5130 1240 5185 scit
1254 5130 1392 5183 bene
1409 5143 1506 5197 per
1518 5138 1581 5181 ex
1590 5124 1912 5199 perientiam
1930 5126 2152 5181 modum

558 5249 771 5303 guerra:
826 5230 1135 5285 Turcorutn
1177 5241 1193 5291 ;
1242 5234 1296 5278 et
1342 5225 1572 5293 insuper
1621 5239 1715 5292 per
1782 5232 1951 5277 totam
2012 5221 2155 5273 Tur-

559 5331 699 5383 cium
756 5336 810 5380 et
857 5320 1212 5380 Saraceniam
1271 5329 1400 5374 sunt
1448 5318 1723 5374 commisti
1790 5315 2039 5387 plurimi,
2104 5323 2159 5369 et

562 5424 745 5476 adhuc
793 5413 1119 5476 Christiani,
1152 5422 1207 5469 et
1245 5412 1335 5467 alii
1379 5411 1491 5483 jam
1546 5412 1814 5481 renegati,
1863 5410 1956 5480 qui
2002 5408 2159 5461 valde

563 5518 801 5586 diligunt
832 5509 1139 5566 dominium
1172 5508 1516 5573 Graecorum;
1543 5506 1629 5561 isti
1662 5522 1792 5575 ergo
1816 5520 1941 5559 cum
1972 5502 2161 5557 audie-

562 5609 698 5673 rint,
732 5605 860 5676 quia
889 5620 1012 5659 cum
1033 5603 1277 5659 exercitu
1312 5603 1608 5672 imperator
1639 5597 1788 5652 vadit
1806 5596 1874 5652 ad
1899 5610 2016 5658 eos,
2050 5604 2163 5650 Sta-

563 5702 665 5757 tim
700 5700 1034 5756 unanimiter
1057 5695 1426 5766 subjicientur
1460 5692 1564 5748 sibi
1609 5707 1624 5745 :
1667 5689 1714 5746 si
1757 5698 1966 5750 autem,
2013 5685 2161 5757 quod

569 5791 717 5849 Deus
769 5810 877 5849 non
927 5793 1228 5864 permittat,
1263 5794 1577 5847 everterent
1612 5783 1903 5852 imperium
1947 5779 2165 5834 Grieco-

570 5900 717 5954 tum,
749 5895 905 5942 tanto
930 5895 1095 5941 erunt
1121 5884 1395 5949 fortiores,
1423 5895 1490 5937 ex
1520 5886 1714 5933 natura
1741 5874 1846 5929 loci
1870 5882 1924 5927 et
1946 5887 2125 5927 rerum
2149 5887 2163 5925 :

577 5981 703 6048 quia
738 5991 919 6037 autem
952 5981 1179 6037 omnino
1206 5972 1543 6048 impossibile
1577 5979 1631 6028 et
1656 5967 2034 6026 diﬂicillimum
2064 5963 2167 6021 erit

2243 3354 2390 3401 stare
2406 3355 2465 3395 se
2497 3336 2636 3408 plebi
2659 3350 2794 3401 suze,
2817 3331 2963 3403 quod
2988 3308 3357 3382 vultivestram
3385 3317 3664 3375 unionem.
3682 3308 3804 3364 Erce

2241 3436 2355 3494 dixi
2377 3442 2432 3490 et
2472 3429 2691 3487 narravi
2722 3428 2878 3482 vobis
2907 3421 3113 3479 omnia.
3146 3419 3290 3474 Deus
3320 3413 3483 3470 faciat
3536 3408 3676 3481 quod
3705 3417 3805 3458 me-

2243 3533 2351 3587 lius
2373 3538 2479 3585 est.
2508 3523 2836 3581 Praedictum
2866 3518 3089 3590 quidem
3128 3513 3347 3568 modum
3383 3504 3607 3562 unionis
3650 3497 3805 3555 habeo

2243 3621 2624 3686 manifestum,
2652 3625 2708 3672 et
2740 3615 2785 3669 si
2829 3609 3092 3684 possibile
3125 3616 3209 3662 est
3254 3602 3405 3659 vobis
3436 3597 3639 3674 .facere
3678 3604 3801 3651 eam,

2218 3715 2421 3789 ‘gratia
2453 3712 2525 3769 sit
2554 3710 2685 3766 Deo.
2711 3706 2770 3761 Si
2802 3719 2930 3761 vero
2964 3716 3094 3766 non,
3124 3698 3300 3754 dicam
3333 3692 3489 3748 vobis
3515 3689 3805 3789 alium-rno-

2245 3776 2377 3866 dum
2421 3806 2512 3877 qui
2557 3804 2613 3858 in
2646 3799 2815 3856 dubio
2852 3795 3074 3867 quidem
3126 3799 3231 3857 est,
3262 3796 3444 3843 tamen
3470 3787 3651 3877 potest
3681 3776 3806 3877 Deus

2245 3866 2508 3957 facere'et
2538 3910 2637 3965 per
2678 3887 3181 3963 ipsumunionem.
3222 3878 3380 3948 Quod
3414 3888 3548 3944 ergo
3575 3872 3682 3943 jam
3708 3866 3805 3920 dixi

2246 4006 2507 4063 magnum
2535 3988 2746 4051 odium,
2778 3980 3002 4039 intravit
3032 3979 3085 4032 in
3114 3975 3328 4032 animas
3352 3969 3671 4063 Graecorum.
3691 3971 3806 4059 cott-

2248 4053 2593 4153 trauLatinos
2622 4095 2693 4137 ex
2722 4075 2913 4133 multis
2935 4072 3117 4135 malis,
3147 4084 3269 4139 quae
3292 4063 3439 4137 passi
3471 4068 3601 4116 sunt
3627 4053 3692 4109 ab
3717 4053 3803 4153 eis;

2249 4181 2396 4256 quod
2426 4148 2615 4234 odium
2653 4174 2759 4230 nisi
2802 4170 2956 4241 prius
2985 4164 3258 4236 ejiciatur,
3292 4172 3454 4215 nemo
3484 4153 3677 4256 poterit
3717 4148 3803 4201 do-

2250 4247 2376 4335 cere
2404 4272 2627 4328 Grzecos
2656 4276 2899 4323 vestram
2933 4260 3217 4316 unionem.
3253 4253 3328 4310 Ut
3355 4264 3482 4323 ergo
3511 4247 3804 4318 praedictum

2251 4373 2435 4429 odium
2471 4367 2624 4435 prius
2651 4360 2925 4431 ejiciatur,
2965 4352 3361 4424 supplicamus,
3407 4356 3465 4400 ut
3494 4335 3807 4410 adimpleatis

2252 4466 2412 4521 nobis
2447 4463 2582 4516 istas
2613 4467 2724 4512 tres
2757 4441 3233 4522 supplicationes:
3269 4441 3519 4512 primam,
3553 4446 3609 4490 ut
3633 4443 3808 4522 conce-

2252 4559 2395 4614 datis
2429 4553 2540 4622 regi
2574 4520 2912 4603 Francorum
2965 4542 3178 4594 mittere
3208 4536 3274 4591 ad
3310 4546 3491 4605 partes
3521 4530 3640 4583 illas
3670 4520 3807 4577 auxi-

2255 4654 2410 4715 lium;
2449 4644 2769 4703 secundam,
2809 4647 2867 4693 ut
2902 4636 3042 4690 detis
3067 4629 3458 4701 indulgentiam
3484 4630 3806 4695 peccatorum

2252 4744 2512 4801 omnibus
2576 4734 2893 4792 volentibus
2938 4728 3202 4798 adjuvare
3246 4738 3368 4779 cum
3410 4718 3573 4773 rebus
3619 4725 3807 4770 eorum,

2253 4853 2308 4894 et
2342 4835 2600 4891 ornttibus
2649 4822 3020 4889 morientibus
3054 4821 3108 4876 in
3146 4818 3289 4875 bello
3334 4814 3669 4872 Turcorutn;
3711 4817 3799 4859 ter.

2257 4931 2409 4990 tiam,
2449 4935 2507 4981 ut
2538 4937 2732 4979 omnes
2770 4916 2968 4982 Graeci,
3004 4912 3097 4984 qui
3142 4910 3369 4965 fuerunt
3398 4903 3598 4959 venditi
3631 4919 3656 4953 ιι
3690 4897 3812 4953 Lati—

2258 5025 2365 5089 nis,
2420 5020 2736 5085 ubicunque
2780 5013 2911 5074 sint,
2947 5009 3270 5066 liberentur,
3315 5009 3371 5055 et
3418 4999 3484 5053 de
3530 5005 3735 5050 caetero.
3765 4997 3812 5043 ut

2257 5085 2369 5172 non
2400 5113 2707 5167 vendantur
2735 5105 2931 5167 Grazci,
2963 5110 3017 5155 ct
3067 5097 3116 5155 si
3167 5093 3444 5167 quondam
3478 5085 3810 5145 vendiderint,

2260 5212 2344 5266 vel
2375 5205 2612 5264 emerint
2657 5216 2773 5267 eos,
2824 5198 2906 5252 vel
2959 5194 3162 5249 vadant.
3222 5198 3410 5245 contra
3441 5200 3558 5252 eos,
3607 5181 3813 5236 sintex—

2262 5299 2708 5364 contmunicati;
2765 5305 2841 5358 et,
2906 5292 3229 5362 priusquam
3283 5284 3423 5337 facta
3479 5285 3654 5334 essent
3702 5272 3808 5364 ista.

2266 5400 2559 5453 mittantur
2597 5410 2624 5445 ιι
2662 5361 2819 5445 vobis
2851 5361 2918 5440 ad
2952 5392 3134 5455 partes
3172 5380 3293 5434 illas
3339 5376 3609 5430 doetot'cs.
3651 5374 3701 5420 ct
3728 5361 3811 5415 do-

2264 5498 2428 5546 ceant
2457 5487 2739 5559 populum,
2779 5482 3108 5551 imperatore
3154 5472 3315 5526 dante
3343 5468 3424 5522 eis
3454 5462 3811 5559 securitatem:

2267 5597 2323 5642 et
2364 5551 2593 5639 forsitan
2632 5577 2864 5649 populus
2893 5573 2982 5628 ille
3010 5568 3259 5624 videntes
3285 5563 3436 5633 prius
3469 5565 3640 5615 chtra
3665 5551 3817 5649 bene-

2271 5678 2413 5743 ﬁcia,
2443 5645 2984 5730 veret-uttdabuutur,
3019 5673 3075 5718 et
3111 5655 3538 5715 humiliabuutur
3576 5645 3814 5743 recipere.

2270 5785 2325 5826 et
2359 5770 2477 5824 sine
2516 5763 2755 5837 generali
2790 5758 3047 5821 concilio,
3070 5766 3306 5809 vestram
3337 5752 3604 5803 unionem.
3635 5736 3813 5839 Talus“

2270 5862 2521 5934 supplico
2567 5857 2917 5913 sanctitatem
2969 5860 3243 5911 vestram,
3319 5855 3378 5899 ut
3435 5843 3476 5897 si
3528 5836 3815 5893 inveneritis

2274 5928 2441 6015 ali-um
2475 5955 2720 6019 modum,
2748 5965 2843 6022 per
2866 5961 3028 6019 quem
3059 5939 3322 6014 possibile
3346 5937 3449 5995 crit
3477 5928 3718 6007 populum
3743 5935 3813 5976 rt:-
