4064 6466
376 405 506 464 lilii?

1566 408 1854 468 ORATIO
1898 410 2045 471 PRO
2087 414 2405 482 UNIONE.

3494 425 3634 486 1338

360 518 542 581 cinere
592 525 822 569 “suam
856 518 1446 582 “Ilionemtoswmlalis
1471 520 1628 574 "0N5
1654 521 1852 590 ipsum.
1885 529 1939 575 el
1969 528 2013 582 Α
2047 542 2166 579 men
2201 529 2263 581 ad
2291 529 2598 598 lllljUSlllOall
2624 538 2675 584 et
2706 530 2845 587 alios
2882 532 3230 602 expellendos
3281 534 3346 588 de
3376 537 3635 593 cordibus

364 625 490 673 nos,
515 608 660 678 quod
684 608 940 678 possibile
956 617 1058 674 est,
1081 611 1250 679 parati
1279 627 1470 666 sumus
1495 615 1694 667 ducere
1717 614 1781 665 ad
1807 611 1940 667 effe-

366 711 532 755 ctum.
565 718 583 750 ι
623 729 697 740 --
729 701 940 766 Quibus
991 719 1084 772 per
1124 704 1348 758 eosdem
1377 703 1659 758 dominum
1687 712 1936 757 nostrum

365 808 639 847 summum
679 795 990 863 pontilicem
1041 804 1094 850 et
1128 796 1414 866 collegium
1452 797 1582 850 visis
1614 807 1669 850 et
1705 796 1938 865 diligen-

365 881 477 936 tius
514 884 827 949 intellectis,
879 885 1170 954 liabitaque
1219 902 1385 954 super
1417 887 1496 940 eis
1545 887 1940 942 deliberatione

368 986 603 1038 matura,
657 975 893 1030 breviter
941 979 1336 1045 responderunt
1370 1018 1382 1041 ,
1413 981 1555 1047 quod
1595 993 1718 1032 cum
1749 980 1877 1032 olim
1911 994 1942 1032 a

366 1066 572 1118 sanctis
597 1065 870 1130 Patribus,
901 1078 954 1120 et
979 1067 1108 1122 viris
1129 1069 1416 1122 catholicis
1442 1070 1496 1121 in
1521 1069 1792 1138 Ephesino
1820 1085 1943 1137 par-

365 1157 498 1209 tium
534 1156 777 1222 Graecia,
811 1158 956 1226 quod
989 1167 1070 1212 est
1096 1176 1263 1212 unum
1291 1162 1354 1214 de
1378 1171 1610 1230 quatuor
1629 1163 1945 1230 principali-

367 1250 465 1303 bus
499 1251 780 1316 conciliis;
811 1267 911 1306 nec
963 1268 1069 1308 non
1123 1252 1412 1316 Toletano,
1459 1253 1830 1324 Lugdunensi,
1891 1265 1944 1308 et

365 1342 486 1397 aliis
526 1343 760 1398 diversis
788 1343 1038 1398 conciliis
1089 1361 1183 1414 per
1230 1344 1506 1400 Romanos
1554 1350 1841 1416 pontiﬁces
1891 1355 1946 1402 et

361 1435 651 1487 ecclesiam
713 1434 1041 1502 Romanam,
1077 1438 1159 1491 vel
1212 1439 1537 1493 auctoritate
1588 1440 1830 1508 ipsorum
1890 1441 1944 1493 in

362 1523 593 1578 diversis
659 1527 841 1579 mundi
903 1528 1148 1596 partibus
1207 1537 1314 1581 tam
1349 1526 1749 1593 Orientalibus,
1779 1545 1944 1598 quam

363 1615 802 1670 Occidentalibus
854 1618 1176 1684 celebratis,
1241 1620 1561 1674 solemniter
1611 1621 1946 1674 determina-

365 1717 478 1759 tum
513 1709 780 1763 catlioliee
807 1708 991 1776 fuerit,
1029 1725 1093 1764 ac
1118 1713 1281 1765 etiam
1309 1712 1623 1778 diiﬁnitum,
1651 1714 1795 1782 quod
1822 1712 1951 1782 Spi-

362 1797 502 1850 ritus
536 1809 756 1854 sanctus
791 1803 1126 1857 :eternaliter
1152 1818 1183 1857 a
1213 1804 1372 1858 Patre
1398 1814 1453 1859 et
1484 1804 1641 1869 Filio,
1690 1813 1945 1873 tanquam

361 1886 429 1940 ab
459 1905 567 1941 uno
601 1890 871 1964 principio
898 1902 952 1948 et
977 1896 1386 1964 conSpiratione
1428 1896 1692 1965 procedit,
1723 1905 1776 1949 et
1804 1913 1946 1966 qua:-

359 1980 442 2033 vis
469 1981 655 2049 Opinio
682 1985 956 2038 contraria
981 1988 1269 2055 reprobata
1306 1990 1579 2043 exstiterit
1633 1999 1688 2043 et
1720 1990 1947 2044 damna-

356 2083 449 2138 ta;
491 2090 598 2127 non
642 2085 786 2131 esset
822 2077 1016 2134 decens
1069 2095 1167 2134 nec
1212 2082 1509 2150 expediens
1564 2083 1792 2152 prtefato
1847 2083 1948 2137 do-

359 2165 510 2218 mino
549 2177 760 2234 nostro,
791 2178 846 2224 et
881 2169 1139 2226 Ecclesiae
1183 2185 1387 2228 sancire
1421 2175 1536 2241 Dei,
1571 2175 1849 2245 cretuique
1881 2176 1943 2230 ti-

360 2257 586 2322 delium,
621 2259 702 2314 sic
740 2261 973 2328 clarum,
1007 2263 1433 2319 determinatum
1473 2274 1528 2319 et
1559 2266 1848 2321 dilliuitum
1885 2268 1944 2322 ll-

359 2350 444 2402 dei
481 2351 774 2407 articulum
803 2355 1140 2422 liujusmodi,
1179 2371 1338 2426 quem
1364 2356 1537 2413 Grazci
1561 2362 1946 2430 antiquissimo

364 2451 628 2511 tempore,
667 2446 768 2515 piae
803 2451 1082 2503 memoria:
1119 2449 1370 2506 Ormisda
1403 2468 1543 2521 papa
1591 2448 1861 2519 Romano,
1893 2464 1948 2509 et

360 2536 572 2591 Joanne
636 2542 947 2608 patriarcha
1006 2543 1948 2613 Constantinopolitano,Ecclesiis

362 2636 490 2681 tunc
526 2630 964 2697 praesidentibus,
987 2644 1037 2688 et
1061 2632 1626 2704 Justinoimperatore
1661 2649 1944 2708 regnante,

358 2721 591 2788 professi
657 2723 878 2777 fuerunt
928 2740 1204 2792 expresse,
1247 2743 1349 2782 nec
1395 2743 1502 2782 non
1550 2728 1949 2796 subsequenter

360 2824 483 2880 post
521 2813 734 2882 lapsum
764 2816 912 2886 longi
963 2821 1228 2888 temporis
1261 2835 1427 2888 super
1470 2820 1814 2891 professione
1862 2823 1946 2892 ip-

360 2907 478 2961 sius
509 2908 723 2962 articuli
751 2908 992 2966 Joaunes
1025 2921 1154 2966 tunc
1206 2916 1518 2982 patriarcha
1555 2914 1950 2972 Constantino-

376 2997 684 3066 politanus,
716 3009 773 3055 et
870 2999 1102 3055 biichatl
1147 3003 1489 3075 l’alaeologus
1527 3014 1658 3061 tunc
1690 3006 1950 3076 temporis

362 3092 678 3146 moderator
701 3091 1038 3158 Graecorum,
1087 3095 1240 3163 prius
1279 3096 1349 3150 ab
1407 3097 1598 3151 eodem
1635 3099 1946 3167 patriarcha

2043 617 2359 673 Graecorum
2400 636 2637 683 errores,
2674 625 2934 693 ipsosque
2973 625 3314 679 inducendos
3343 626 3410 679 ad
3446 628 3636 680 unita-

2047 709 2117 764 tis
2151 712 2434 766 catltulicae
2459 715 2767 779 veritatem,
2797 718 2935 770 idem
2971 719 3228 771 dominus
3258 731 3444 772 noster
3473 719 3635 771 aliam

2043 803 2184 855 viam
2224 805 2393 873 magis
2442 806 2652 860 facilem
2687 816 2740 860 ct
2774 810 3210 874 accommodam,
3258 826 3380 878 quae
3431 810 3533 863 sibi
3585 819 3640 864 et
3720 821 3724 825 ‘

2044 893 2195 947 dicto
2219 896 2448 963 collegio
2497 898 2842 963 dominorum
2880 900 3244 952 cardinalium
3282 901 3634 964 oecuu‘ebat,

2045 985 2340 1054 praelibatis
2373 986 2586 1041 Barlam
2629 997 2683 1042 et
2716 989 2874 1042 militi
2935 991 3349 1051 ostendendam,
3386 977 3640 1046 videlicet

2046 1082 2190 1149 quod
2217 1097 2311 1151 per
2345 1083 2519 1146 illum,
2551 1083 2643 1152 qui
2671 1101 2728 1138 sc
2766 1085 2819 1137 in
2847 1085 3095 1154 partibus
3125 1085 3233 1139 illis
3262 1085 3632 1155 patriarcltam

2047 1173 2714 1244 Constantinopolitanum
2787 1177 3046 1247 appellat,
3118 1187 3170 1231 et
3236 1179 3635 1232 moderatorem

2047 1264 2362 1320 Graecorum
2398 1269 2492 1337 qui
2525 1284 2669 1322 nunc
2692 1279 2798 1335 est,
2845 1270 3163 1323 convocatis
3203 1269 3335 1333 illis,
3368 1269 3459 1336 qui
3512 1269 3638 1321 Ale—

2047 1357 2354 1420 xandt'inse,
2401 1361 2756 1415 Antiochense
2793 1369 2846 1413 et
2907 1361 3415 1431 llierosolymitaine
3451 1360 3644 1412 Eccle-

2049 1449 2255 1503 siarum
2287 1452 2561 1506 antistites
2583 1455 2635 1508 in
2669 1454 3012 1522 cispartibns
3042 1453 3417 1512 nominantur,
3442 1465 3466 1502 a
3495 1450 3643 1502 clero

2051 1542 2286 1608 partium
2341 1545 2654 1597 earumdem
2696 1545 3112 1614 principalibus,
3159 1554 3211 1597 et
3267 1544 3545 1596 nobilibus
3580 1551 3636 1596 et

2053 1631 2357 1701 majoribus
2399 1635 2580 1702 populi
2627 1635 2681 1688 in
2715 1638 3033 1705 synodatico
3061 1633 3295 1690 concilio
3324 1635 3645 1687 convocatis

2051 1724 2185 1778 certi
2208 1737 2618 1780 assumerentur
2645 1727 2940 1794 sapientes,
2968 1740 3021 1780 et
3043 1729 3107 1780 all
3137 1728 3235 1780 bas
3265 1737 3447 1795 partes
3479 1726 3646 1785 Occi-

2051 1815 2296 1868 dentales
2326 1823 2688 1880 mitterentur,
2724 1818 2936 1873 idoneis
2967 1818 3236 1871 mandatis
3262 1817 3487 1878 suifnlti,
3552 1816 3646 1883 qui

2055 1919 2178 1959 cum
2213 1906 2334 1960 aliis
2372 1907 2504 1961 viris
2535 1908 2898 1976 sapientibus,
2930 1909 3102 1964 doctis
3141 1910 3192 1962 in
3242 1909 3358 1974 lege
3403 1907 3644 1968 Domini,

2052 2007 2108 2052 et
2139 1998 2349 2065 peritis,
2383 2015 2478 2067 per
2511 2000 2697 2053 sedem
2734 2001 3090 2068 apostolicam
3128 2015 3292 2068 super
3334 2001 3435 2052 hoc
3467 2000 3646 2067 depu-

2055 2091 2256 2152 tandis,
2285 2107 2391 2144 non
2438 2109 2534 2160 per
2570 2094 2790 2146 modum
2819 2092 3207 2161 disputationis
3238 2092 3323 2147 vel
3358 2102 3644 2154 concerta-

2055 2184 2240 2247 tionis,
2276 2184 2372 2238 sed
2422 2185 2828 2248 instructionis,
2865 2183 3044 2253 quoad
3096 2182 3315 2237 Graecos
3354 2185 3501 2250 ipsos
3560 2199 3649 2236 sa-

2052 2273 2269 2330 lutifere
2313 2276 2580 2330 baberent
2633 2285 2903 2339 maturos,
2931 2284 2984 2329 et
3031 2276 3317 2345 diligenter
3362 2283 3644 2331 tractatos,

2054 2376 2114 2421 ut
2160 2368 2374 2421 tandem
2428 2383 2597 2437 super
2631 2367 2889 2436 praedicto
2937 2367 3192 2431 articulo,
3249 2374 3300 2418 et
3343 2365 3544 2425 dubiis,
3595 2347 3642 2416 si

2055 2475 2175 2529 quae
2209 2458 2384 2514 Grreci
2426 2460 2668 2529 praedicti
2713 2460 2942 2513 habeant
2990 2461 3095 2514 alia
3141 2459 3286 2512 circa
3344 2460 3525 2521 tidem,
3579 2459 3646 2509 ab

2056 2553 2192 2622 ipsis
2223 2550 2448 2618 Graecis,
2497 2553 2619 2606 lucc
2657 2552 2942 2605 catholicae
2981 2551 3226 2605 veritatis
3276 2557 3554 2618 percepta,
3591 2556 3648 2602 et

2055 2642 2122 2697 de
2155 2642 2413 2696 cordibus
2445 2657 2633 2697 eorum
2668 2642 2865 2711 fugatis
2896 2641 3156 2704 tenebris,
3186 2641 3250 2694 ad
3295 2639 3446 2693 ovile
3470 2654 3651 2692 revera

2057 2739 2306 2784 terentur
2332 2729 2703 2796 Dominieum,
2729 2733 2891 2802 cujus
2916 2741 2998 2785 est
3023 2747 3162 2785 unus
3185 2739 3391 2800 pastor,
3420 2739 3472 2782 et
3495 2739 3650 2782 extra

2057 2825 2204 2893 quod
2235 2840 2346 2879 non
2381 2833 2462 2880 est
2507 2825 2671 2879 alicui
2705 2825 2877 2894 gratia
2916 2840 3096 2894 neque
3129 2825 3298 2880 salus.
3347 2821 3482 2876 Nam
3517 2836 3650 2875 con-

2056 2915 2168 2968 cilii
2207 2915 2479 2983 generalis
2538 2916 2886 2980 conv-reatio,
2912 2931 3034 2983 quae
3060 2915 3209 2984 longi
3245 2914 3508 2981 temporis
3541 2923 3654 2965 tra-

2055 3015 2204 3060 ctum
2233 3005 2432 3076 exiget,
2462 3021 2526 3060 ac
2556 3022 2847 3076 expensas,
2871 3017 2926 3060 et
2956 3005 3174 3060 labores
3201 3005 3380 3059 varios
3423 3017 3476 3059 et
3508 3005 3652 3058 into-

2056 3094 2334 3160 lerabilcs,
2378 3097 2555 3166 quoad
2586 3093 2964 3151 Occidentales
3003 3097 3257 3166 praelatos
3294 3106 3346 3150 et
3383 3111 3649 3164 personas

362 3185 625 3251 synodico
646 3185 920 3239 celebrato
943 3185 1198 3253 concilio,
1227 3187 1528 3242 solemnem
1550 3191 1835 3257 epistolam
1862 3208 1949 3246 re-
1983 3204 2023 3260 ο
2059 3187 2481 3254 ecclesiasticas,
2508 3191 2745 3255 neclnon
2767 3203 2944 3259 reges,
2972 3190 3247 3258 principes
3275 3198 3328 3242 et
3350 3189 3490 3243 alios
3514 3203 3648 3243 con-

364 3276 604 3330 colenda:
634 3277 912 3332 memoriae
930 3275 1125 3332 Joanni
1155 3294 1306 3350 papae
1331 3279 1450 3334 XXI
1479 3281 1772 3348 miserunt,
1801 3301 1952 3340 llllllc

364 3383 460 3438 per
496 3385 666 3425 novas
697 3370 1116 3440 disputationes,
1144 3374 1228 3428 vel
1262 3375 1664 3440 altercationes,
1697 3386 1794 3432 aut
1815 3377 1952 3432 alias

365 3462 802 3532 quomodolibet,
836 3464 890 3518 in
929 3464 1154 3519 dubium
1187 3481 1495 3536 revocare;
1526 3483 1628 3523 nec
1659 3470 1953 3537 providen-

363 3557 437 3610 tia
464 3555 610 3612 sedis
638 3557 949 3625 apostolieze
990 3559 1410 3628 circumspecta,
1434 3575 1557 3630 qua:
1587 3561 1643 3614 in
1671 3563 1791 3617 suis
1821 3563 1954 3616 arti-

365 3649 469 3705 bus
501 3658 556 3704 et
579 3649 950 3719 processibus,
980 3651 1216 3705 maxime
1245 3667 1412 3720 super
1438 3654 1504 3708 iis
1533 3668 1653 3721 quae
1673 3653 1834 3709 (idem
1858 3669 1952 3708 or-

365 3743 660 3796 thodoxam
692 3753 1054 3806 conceruunt,
1083 3743 1450 3798 maturitatem
1481 3746 1780 3800 observare
1810 3746 1950 3799 solet

363 3851 394 3889 a
426 3836 770 3890 rectitudinis
790 3846 844 3890 et
862 3837 1101 3890 veritatis
1130 3836 1350 3890 tramite
1380 3851 1484 3890 non
1518 3837 1828 3902 discedens,
1868 3837 1952 3893 fc-

363 3928 499 3982 eerit
528 3943 614 3994 ea,
647 3943 768 3996 qua:
812 3943 908 3998 per
949 3942 1069 3982 eam
1109 3927 1352 3997 provide,
1385 3929 1703 3983 solemniter
1740 3938 1747 3993 Α
1776 3941 1830 3984 et
1855 3945 1952 3984 ca-

365 4023 566 4076 t‘iolice
599 4022 959 4076 determinata
1004 4031 1060 4076 et
1109 4021 1336 4076 dilﬁnita
1381 4031 1530 4086 sunt,
1566 4022 1620 4074 in
1670 4032 1954 4077 concerta-

368 4127 542 4170 tiones
561 4115 640 4169 vel
659 4115 1056 4183 disputationes
1070 4114 1372 4182 superfluas
1388 4113 1678 4176 deducere,
1714 4113 1952 4168 maxime

364 4222 464 4275 per
498 4205 975 4261 sebismaticorum
1024 4213 1079 4258 et
1113 4203 1495 4257 liaareticorum
1540 4200 1949 4270 instigationem

367 4299 450 4352 vel
490 4298 832 4361 instantiam,
887 4296 1215 4374 consuevit_:
1266 4307 1340 4361 et,
1387 4296 1433 4348 si
1469 4294 1571 4350 hoc
1613 4293 1731 4349 fieri
1784 4309 1951 4363 super

367 4393 599 4446 articulo
631 4400 952 4453 memorato,
984 4389 1348 4444 determinato
1369 4387 1524 4458 juxta
1550 4388 1835 4442 veritatem
1865 4405 1954 4441 ea-

370 4484 650 4546 titolicam,
681 4492 734 4535 et
766 4482 1066 4551 praisertim
1095 4484 1433 4549 permitteret
1465 4481 1610 4534 circa
1636 4481 1788 4534 illum
1811 4479 1953 4534 vide-

369 4579 494 4632 licet
540 4573 815 4636 dubitare,
871 4573 1015 4640 quod
1051 4571 1214 4625 absit.
1270 4571 1484 4625 Rursus
1533 4587 1656 4625 cum
1703 4571 1952 4640 prmdicti

370 4671 583 4724 Barlam
637 4676 691 4721 et
737 4667 914 4728 miles,
981 4663 1295 4731 huiusmodi
1348 4664 1708 4732 responsione
1750 4665 1958 4728 audita,

368 4766 632 4827 dicerent,
661 4759 807 4830 quod
838 4760 1054 4820 saltem,
1101 4756 1248 4827 quod
1278 4758 1324 4812 si
1380 4756 1447 4810 ad
1483 4756 1845 4826 profitendum
1876 4755 1960 4808 di-

372 4870 518 4912 ctum
551 4853 846 4910 articulum
898 4851 1072 4906 Grzeci
1120 4850 1306 4904 forsan
1349 4849 1528 4904 induci
1563 4865 1670 4903 non
1718 4857 1960 4917 possent,

373 4948 636 5004 reunione
701 4945 842 4999 facta
889 4943 1338 5013 permitterentur
1389 4943 1490 5010 ipsi
1551 4939 1751 5002 Graeci,
1811 4939 1960 5008 quod

375 5056 542 5107 super
591 5037 782 5091 eodem
837 5035 1069 5088 articulo
1117 5041 1325 5094 tenent,
1379 5031 1622 5094 credere,
1672 5029 1963 5097 [.atinique

381 5134 668 5187 crederent
705 5129 997 5193 catholire,
1048 5127 1312 5195 Spiritum
1365 5137 1616 5180 sanctum
1650 5140 1680 5178 a
1713 5123 1872 5177 Patre
1911 5131 1965 5176 et

380 5228 516 5285 Filio
545 5225 837 5295 procedere
864 5221 1168 5276 secundum
1206 5219 1484 5273 veritatem
1511 5216 1858 5281 catholicam,
1887 5215 1966 5270 si—

380 5335 467 5378 cut
498 5321 768 5386 credunt;
806 5330 1130 5386 responsum
1166 5313 1396 5377 exstitit,
1433 5311 1535 5365 hoc
1577 5325 1699 5364 esse
1729 5309 1964 5362 nullate-

382 5430 483 5468 nus
513 5412 879 5474 tolerandum,
907 5407 1032 5475 quia
1067 5407 1120 5459 in
1151 5405 1267 5475 ipsa
1312 5403 1556 5457 Ecclesia
1583 5401 1877 5462 catholica,
1910 5399 1963 5452 in

381 5521 488 5575 qua
535 5519 639 5556 una
681 5502 812 5556 lides
840 5514 962 5553 esse
995 5496 1260 5559 noscitur,
1311 5494 1392 5548 sic
1433 5491 1614 5561 quoad
1651 5491 1754 5544 hoc
1784 5486 1968 5556 duplis

381 5611 498 5652 cem
529 5595 685 5648 tidem
723 5592 905 5645 minus
932 5589 1198 5641 veraciter
1231 5594 1374 5641 esset
1399 5583 1552 5645 dare,
1589 5583 1771 5636 dictus
1793 5577 1970 5632 domi-

384 5703 488 5744 nus
516 5695 703 5741 noster
733 5696 984 5738 summus
1014 5681 1255 5751 pontifex
1296 5694 1420 5733 cum
1447 5678 1562 5746 ipsa
1597 5675 1837 5729 Ecclesia
1870 5674 1970 5726 Illl-

385 5779 620 5852 jusmodi
646 5777 937 5831 manifesto
963 5790 1069 5829 non
1095 5772 1418 5833 resistendo,
1446 5770 1622 5824 errori
1657 5767 1970 5821 viderentur

395 5873 589 5938 eidem,
618 5871 766 5942 quod
789 5876 997 5925 avertat
1022 5866 1306 5931 Dominus,
1336 5861 1662 5920 consentire.
1685 5858 1970 5916 Verumta-

2058 3282 2342 3337 vocandos
2393 3283 2460 3336 ad
2497 3282 2652 3348 illud,
2705 3297 2888 3337 secum
2938 3283 3199 3347 traheret,
3249 3296 3359 3336 non
3409 3280 3651 3343 videtur,

2056 3370 2361 3441 praesertim
2399 3373 2504 3426 hoc
2535 3372 2791 3440 praesenti
2829 3371 3049 3426 turbato
3097 3382 3150 3425 et
3209 3372 3481 3440 impacato
3516 3380 3653 3424 tem-

2054 3463 2490 3532 pore,'peccatis,
2518 3478 2614 3531 pro
2644 3463 2836 3518 dolor!
2867 3462 3232 3531 exigentibus,
3261 3462 3540 3528 expedire.
3575 3459 3658 3514 Ad

2055 3552 2160 3606 hoc
2187 3561 2368 3607 autem
2403 3553 2549 3620 quod
2581 3555 2646 3608 de
2675 3547 2982 3622 praestando
3030 3554 3235 3605 eisdem
3265 3551 3469 3606 Graecis
3529 3561 3659 3604 ante

2055 3646 2239 3701 omnia
2265 3645 2530 3712 subsidio,
2559 3656 2612 3700 et
2637 3647 2760 3701 aliis
2791 3645 3114 3699 exhibendis
3149 3644 3360 3713 gratiis,
3386 3653 3443 3697 ut
3471 3644 3657 3712 expri-

2053 3739 2242 3800 mitur,
2269 3735 2524 3805 superius
2578 3736 2885 3806 petebatur,
2913 3744 2965 3788 et
2991 3733 3320 3788 fulciebatur
3369 3748 3465 3801 pro
3501 3742 3657 3801 parte

2055 3827 2190 3882 dicti
2223 3826 2444 3882 Barlam
2487 3826 2798 3882 rationibus
2832 3825 3184 3895 quibusdam,
3219 3826 3286 3878 ab
3314 3839 3380 3878 eo
3410 3823 3548 3877 datis
3603 3825 3654 3876 in

2054 3920 2296 3990 scriptis,
2325 3929 2384 3974 ut
2411 3919 2662 3988 sequitur
2690 3919 2745 3973 in
2788 3919 2936 3972 hunc
2997 3918 3276 3971 modum.»
3305 3944 3375 3955 --
3411 3914 3658 3970 Licentia

2055 4009 2187 4062 mihi
2221 4008 2348 4062 data
2369 4023 2399 4061 a
2419 4016 2597 4063 vestra
2621 4007 2915 4062 sanctitate
2951 4007 3306 4075 respondere,
3329 4005 3659 4059 ﬁducialiter

2053 4096 2418 4166 respondebo.
2455 4095 2655 4151 Dicunt
2679 4095 2924 4164 quidam,
2965 4093 3354 4149 inconveniens
3430 4107 3573 4154 esse,
3609 4091 3657 4145 si

2053 4189 2402 4259 posuerimus
2432 4189 2630 4244 iterum
2653 4189 2706 4242 in
2733 4188 3196 4244 examinationem
3216 4185 3360 4256 quod
3389 4184 3658 4238 habemus

2049 4281 2162 4348 jam
2221 4282 2368 4336 sicut
2407 4282 2781 4346 manifestum,
2807 4281 2941 4334 mihi
2984 4289 3167 4334 autem
3225 4278 3444 4332 videtur
3479 4287 3654 4330 totum

2054 4374 2430 4440 contrarium;
2464 4375 2509 4428 si
2551 4373 2902 4428 manifestum
2929 4381 3031 4436 est,
3054 4372 3225 4428 multo
3247 4371 3420 4439 magis
3455 4384 3658 4424 conve-

2056 4469 2137 4521 nit
2179 4466 2305 4536 poni
2338 4467 2519 4536 ipsum
2553 4464 2609 4518 in
2631 4464 2908 4524 examine,
2943 4463 2988 4518 si
3046 4461 3216 4528 aliqui
3279 4461 3534 4514 dubitant
3592 4459 3659 4510 de

2061 4575 2260 4623 eo,per
2282 4568 2518 4628 quatuor
2533 4557 2792 4620 rationes,
2816 4573 3046 4625 quarum
3087 4555 3265 4626 prima
3299 4561 3381 4609 est
3400 4555 3526 4606 ista.
3550 4552 3660 4606 Vos

2065 4650 2398 4708 conﬁtemini
2415 4667 2584 4714 nunc,
2609 4651 2738 4718 quia
2757 4648 3231 4719 Spiritnssanetus
3248 4647 3495 4716 procedit
3514 4655 3565 4698 et
3596 4660 3661 4698 ex

2067 4746 2229 4812 Filio,
2265 4746 2407 4801 sicut
2441 4756 2496 4801 et
2530 4760 2597 4799 ex
2638 4745 2834 4810 Patre;
2864 4746 2959 4797 sed
3007 4743 3112 4797 hoc
3141 4757 3170 4796 a
3203 4740 3412 4796 Graecis
3448 4739 3662 4794 dubita-

2072 4847 2184 4893 tur.
2219 4838 2275 4892 Si
2301 4849 2482 4892 autem
2510 4853 2697 4891 verum
2727 4846 2831 4899 est,
2875 4846 2930 4890 et
2959 4845 3196 4905 ponetur
3223 4837 3275 4887 in
3307 4847 3660 4888 communem

2069 4932 2552 4996 examinationem,
2585 4932 2730 4984 sicut
2774 4942 2857 4983 est
2890 4944 3035 4982 nunc
3081 4927 3234 4981 vobis
3285 4923 3662 4987 manifestum,

2069 5025 2150 5078 sic
2180 5034 2234 5078 et
2261 5033 2391 5078 tunc
2421 5023 2508 5077 liet
2541 5033 2593 5077 et
2617 5021 2821 5076 Graecis
2850 5019 3199 5074 manifestmn
3225 5035 3238 5078 :
3273 5017 3415 5087 quod
3445 5031 3544 5071 vos
3568 5017 3662 5071 de-

2068 5118 2270 5174 beretis
2328 5116 2564 5170 maxime
2586 5109 3457 5177 considerare.Quemadmodum
3519 5107 3662 5162 enim

2069 5220 2263 5266 natura
2291 5218 2618 5272 aromatum,
2639 5214 2846 5276 quanto
2884 5204 3007 5274 quis
3033 5203 3138 5256 ista
3173 5211 3352 5255 movet
3381 5199 3662 5263 manibus,

2069 5303 2335 5372 majorem
2369 5300 2570 5354 emittit
2599 5299 2845 5360 odorem,
2884 5295 2966 5349 sic
2995 5304 3050 5347 et
3076 5305 3266 5348 natura
3292 5291 3430 5356 veri,
3458 5302 3666 5360 quanto

2071 5395 2246 5463 magis
2282 5391 2632 5447 cxaminatur
2661 5387 3058 5458 disputatione,
3096 5393 3277 5456 tanto_
3304 5383 3476 5453 magis
3526 5399 3666 5452 pura

2072 5499 2127 5542 et
2155 5487 2300 5540 clara
2333 5493 2578 5554 apparet.
2615 5481 2804 5537 Omnis
2835 5479 2981 5534 enim
3015 5476 3354 5532 examinatio
3392 5491 3502 5530 non
3532 5491 3666 5531 con-

2073 5578 2248 5633 suevit
2283 5577 2462 5630 faecre
2487 5573 2648 5627 dubia
2679 5587 2800 5641 qua:
2831 5570 3009 5639 primo
3033 5578 3194 5624 erant
3230 5567 3543 5631 manifesta,
3575 5569 3668 5622 sed
3709 5637 3711 5640 p

2075 5669 2432 5724 contrarium.
2462 5667 2538 5720 Ea
2567 5665 2714 5720 enim
2751 5677 2873 5732 qua:
2917 5662 3068 5731 prius
3099 5670 3258 5715 erant
3307 5659 3497 5722 dubia,
3547 5659 3666 5728 ipsa

2075 5763 2413 5818 examinatio
2447 5761 2607 5814 habet
2654 5775 2684 5812 a
2732 5765 2930 5811 natura
2981 5756 3048 5809 ad
3095 5755 3304 5809 clarum
3339 5753 3560 5808 ducere.
3592 5751 3667 5806 Ea

2079 5874 2230 5929 ergo,
2261 5874 2384 5927 quae
2417 5855 2569 5926 prius
2605 5860 2763 5909 erant
2806 5869 2834 5904 ιι
2861 5848 3118 5914 anifesta,
3169 5848 3286 5918 ipsa
3330 5847 3666 5904 examinatio
