4064 6456
489 361 624 424 133'.)

1628 360 1718 418 BA
1734 358 2025 417 l‘tLAAMI
2081 353 2182 416 DE
2221 357 2652 419 SEMINARIA

3630 363 3753 427 l3i0

484 471 862 530 manifestiora
897 473 1050 529 facit.
1097 472 1356 530 Secunda
1406 473 1548 528 ratio
1593 485 1676 529 est
1711 475 1834 528 ista.
1863 471 2082 526 Justum
2119 471 2165 527 Δ
2193 473 2540 537 substantiae,
2597 474 2872 529 sufﬁciant
2921 475 3024 530 ista
3103 475 3283 544 nobis,
3356 485 3413 532 ut
3476 477 3754 534 habeamus

473 577 582 633 est,
615 576 676 622 ut
731 582 826 620 vos
860 565 1170 635 exemplum
1223 566 1516 637 assignetis
1563 581 1592 618 a
1643 565 1852 620 sanctis
1898 562 2072 617 Patri-

477 663 603 716 bus.
655 660 731 714 Illi
767 660 913 713 enim
962 657 1236 712 habebant
1273 659 1493 727 quidem
1540 659 1918 720 manifestum,
1953 657 2080 726 quia

474 751 648 804 Filius
709 749 951 819 ejusdem
1027 747 1351 804 substantiae
1413 757 1495 807 est
1561 748 1769 815 Patri;
1841 761 2082 814 tamen,

471 843 736 913 quoniam
787 843 977 898 Ariani
1021 843 1342 899 dubitarant
1379 844 1448 899 de
1483 844 1610 910 hoc,
1640 855 1943 913 posuerunt
1976 845 2081 899 hoc

474 928 530 993 in
565 937 994 1003 examinatione,
1032 946 1090 992 ut
1119 947 1169 992 et
1210 938 1348 993 alios
1381 939 1659 994 salvarent
1685 953 1700 992 :
1729 939 1986 994 similiter
2025 945 2080 992 et

475 1033 530 1086 in
576 1031 699 1087 aliis
753 1031 1005 1086 conciliis
1051 1031 1342 1086 orthodoxi
1401 1031 1592 1088 Patres
1635 1031 1913 1086 habt-bant
1956 1032 2082 1102 qui-

476 1125 926 1178 dem‘manifcsta
963 1139 1048 1184 ea.
1108 1125 1176 1178 de
1219 1124 1418 1193 quibus
1459 1125 1694 1180 haeretici
1735 1126 2078 1192 dubitabant,

475 1219 940 1288 tamenquoniam
979 1217 1362 1273 desiderabant
1396 1230 1450 1272 et
1491 1218 1612 1274 illos
1645 1219 1860 1288 juvare,
1906 1236 2077 1288 pone-

471 1310 607 1365 bant
649 1326 711 1364 ca
753 1310 807 1364 in
849 1326 1201 1364 commonent
1236 1312 1720 1368 examinationem.
1765 1313 1880 1368 Non
1931 1317 2076 1371 enim

468 1415 588 1460 erat
613 1405 666 1458 iu
686 1405 768 1459 eis
808 1405 938 1474 quid
965 1406 1267 1474 prohibens
1293 1420 1388 1462 eos
1414 1405 1595 1462 facere
1619 1425 1635 1474 ;
1664 1415 1718 1463 et
1747 1410 2074 1477 credebant;

471 1513 620 1558 vere,
636 1501 788 1568 quia,
806 1513 928 1568 qua:
945 1498 1218 1554 habebant
1237 1501 1337 1566 ipsi
1361 1499 1668 1566 manifesta,
1687 1501 1863 1572 posita
1885 1502 1938 1558 in
1952 1518 2051 1559 exa
2066 1533 2078 1543 -

471 1591 856 1656 minationem,
877 1592 1056 1648 adhuc
1095 1593 1470 1648 manifestiora
1497 1593 1644 1658 ﬁent,
1668 1603 1724 1649 et
1758 1595 1962 1650 multos
1991 1595 2079 1664 ju-

471 1684 678 1736 vabnnt
702 1699 717 1737 :
739 1700 864 1753 ergo
905 1692 958 1738 et
976 1699 1091 1747 vos,
1112 1685 1156 1740 si
1176 1685 1432 1739 similiter
1455 1685 1739 1742 volueritis
1778 1687 1975 1752 facere,
2009 1687 2076 1742 ad

469 1775 701 1846 gloriam
747 1778 900 1831 vobis
954 1779 1252 1846 continget.
1287 1777 1470 1834 Tertia
1510 1781 1648 1833 ratio
1681 1789 1766 1836 est
1797 1779 1925 1838 ista.
1963 1782 2078 1852 Ego

471 1869 696 1932 quidem
749 1871 932 1925 sciens
978 1873 1134 1934 bene,
1174 1870 1398 1926 Latinos
1446 1888 1728 1943 nunquam
1769 1873 1838 1928 de
1875 1876 1956 1929 eis
1975 1876 2077 1928 ali-

467 1962 613 2031 quod
647 1963 1093 2032 blasphemium;
1129 1965 1436 2035 prudentes
1485 1967 1631 2021 enim
1692 1968 1836 2022 viros
1869 1977 1925 2023 et
1975 1985 2063 2024 sa-

468 2057 848 2126 pientissimos
876 2057 1031 2122 scio;
1066 2059 1160 2112 sed
1200 2059 1292 2112 alii
1324 2056 1526 2120 Graeci,
1563 2060 1654 2129 qui
1685 2075 1790 2114 non
1824 2072 2060 2117 noscunt

463 2165 560 2206 eos
602 2149 745 2204 sicut
774 2164 899 2216 ego,
932 2150 1136 2215 dicent,
1168 2149 1322 2220 quia,
1375 2167 1474 2220 pro
1530 2151 1842 2218 timiditate,
1873 2151 2059 2206 nolue-

465 2250 598 2297 runt
636 2242 824 2297 venire
863 2243 931 2296 ad
963 2243 1448 2308 examinationem,
1485 2243 1749 2311 timendo,
1802 2261 1870 2300 ne
1920 2245 2061 2302 forte

463 2338 758 2391 videantur
815 2336 992 2392 (ἔτωοὶ
1045 2337 1230 2392 dicere
1272 2338 1490 2392 veriora
1546 2353 1711 2409 quam
1768 2341 1868 2409 ipsi
1915 2341 2059 2412 ;qui

463 2430 610 2483 enim
647 2429 878 2484 conﬁdit
913 2430 1042 2493 sibi,
1077 2438 1132 2485 et
1169 2438 1385 2500 reputat
1419 2432 1649 2487 ﬁrmiter
1693 2433 1892 2488 habere
1920 2435 2055 2488 veri-

463 2529 654 2587 tatem,
683 2537 790 2577 non
814 2523 1003 2594 eﬂ‘ugit
1026 2526 1533 2594 examinationem;
1565 2529 1655 2594 qui
1698 2539 1881 2582 autem
1915 2527 2060 2583 hanc

461 2615 680 2682 effugit,
733 2626 962 2684 praestat
997 2617 1366 2684 suspicionem
1431 2618 1764 2672 timiditatis.
1821 2619 1880 2674 Si
1933 2619 2060 2688 quis

462 2711 634 2776 enim,
684 2710 968 2765 cambiens
1022 2726 1244 2777 aurum,
1289 2720 1454 2780 negat
1505 2712 1740 2782 experiri
1771 2714 1824 2767 in
1859 2714 2058 2782 lapide,

463 2819 590 2859 cum
621 2803 893 2872 recipiens
948 2805 1127 2873 ipsum
1171 2812 1318 2872 petat
1363 2813 1418 2859 et
1475 2805 1580 2859 hoc
1617 2805 1754 2868 ﬁeri,
1795 2807 2063 2874 suspicio-

462 2913 591 2952 nem
629 2897 747 2961 dat,
783 2897 912 2967 quia
975 2912 1082 2951 non
1143 2899 1338 2963 credit,
1400 2911 1601 2966 purum
1669 2913 1794 2954 esse
1857 2913 2058 2953 aurum

462 3005 626 3046 suum
678 2991 808 3045 :sic
864 2996 919 3044 et
973 3000 1202 3046 vocatus
1251 2989 1307 3045 in
1363 2990 1630 3060 judicium
1673 3001 1727 3047 et
1781 2992 2062 3049 examina-

466 3085 667 3138 tiouem
697 3099 796 3153 pro
830 3082 1012 3152 aliqua
1042 3099 1120 3149 re,
1153 3092 1208 3137 et
1234 3085 1426 3138 nolens
1451 3083 1740 3150 accedere,
1788 3085 2054 3154 suspicio-

461 3193 585 3233 nem
617 3177 730 3242 dat,
761 3175 891 3245 quia
925 3191 1032 3230 non
1069 3176 1297 3231 conﬁdit
1328 3177 1382 3230 in
1413 3190 1472 3232 se
1515 3178 1656 3245 ipso,
1689 3191 1868 3244 neque
1899 3191 2059 3246 repn-

2195 565 2476 621 unionem.
2537 566 2610 620 De
2669 567 3023 636 processione
3074 581 3256 623 autem
3308 567 3540 639 Spiritus
3595 575 3756 626 sancti

2189 673 2298 713 non
2332 659 2644 714 dividantur
2677 661 2745 715 ab
2801 660 3035 716 invicem
3062 677 3078 727 ;
3111 661 3206 716 sed
3239 663 3510 733 sapientes
3547 665 3755 733 quidam

2189 754 2363 809 nostri
2391 770 2518 809 cum
2555 755 2754 811 vestris
2788 757 3065 826 disputent
3103 755 3170 810 de
3206 757 3306 812 ista
3337 758 3658 828 quaestione,
3715 761 3756 812 si

2185 850 2404 904 volunt.
2449 848 2832 906 Communiter
2856 866 2989 906 vero
3044 867 3151 907 non
3180 851 3508 908 haberemus
3541 862 3758 922 prepter

2187 940 2295 996 hoc
2328 943 2784 1007 divisionem,sed
2821 953 3000 1000 tenete
3028 961 3147 1010 vos,
3181 947 3324 1008 quod
3354 947 3519 1001 vultis
3551 947 3617 1001 de
3637 949 3755 1010 isto,

2183 1045 2240 1090 et
2296 1051 2396 1091 nos
2439 1037 2712 1102 similiter,
2765 1046 2820 1092 et
2859 1055 2967 1093 non
3017 1039 3338 1095 damnemus
3396 1051 3610 1110 propter
3663 1041 3758 1092 hoc

2184 1129 2546 1196 alterutrum;
2581 1131 2675 1185 sed
2732 1132 2935 1186 factum
2965 1133 3036 1188 sit
3091 1141 3320 1188 tantum.
3377 1131 3487 1188 Vos
3546 1133 3755 1203 quidem

2183 1221 2310 1277 date
2362 1222 2627 1279 Ecclesiae
2655 1222 2921 1281 Romanae
2963 1225 3115 1281 illum
3156 1227 3444 1293 honorem,
3481 1242 3637 1297 quem
3665 1227 3757 1280 da-

2183 1315 2314 1371 bant
2351 1325 2407 1372 et
2454 1318 2663 1386 antiqui
2727 1319 3052 1387 patriarcha
3116 1322 3170 1376 in
3222 1331 3465 1391 tempore
3523 1321 3756 1385 unionis,

2180 1427 2346 1483 quam
2405 1413 2912 1468 determinaverunt
2938 1423 2991 1469 et
3049 1415 3193 1486 leges
3251 1415 3658 1484 imperatorum.
3709 1428 3756 1469 et

2181 1519 2425 1560 canones
2450 1515 2768 1560 sanctorum
2802 1506 3047 1571 Patrum,
3077 1517 3131 1562 et
3160 1507 3281 1578 plus
3316 1524 3422 1561 non
3470 1509 3700 1576 petimus
3727 1521 3753 1557 a

2179 1600 2359 1654 vobis.
2418 1597 2527 1653 Nos
2575 1608 2755 1656 autem
2798 1601 2976 1670 parati
3009 1614 3201 1656 sumus
3252 1601 3402 1663 dare.
3432 1609 3486 1655 et
3547 1601 3755 1654 ﬁrmare

2181 1689 2444 1746 Ecclesia:
2471 1690 2759 1758 Orientali,
2791 1701 2844 1746 et
2873 1693 3184 1761 specialiter
3217 1693 3472 1748 Ecclesiae
3496 1693 3753 1748 Constan-

2182 1783 2572 1852 tinopolitanae,
2597 1792 2651 1839 et
2676 1784 2908 1854 imperio
2933 1785 3543 1856 Constantinopolitano
3571 1789 3750 1839 omnia

2177 1873 2324 1942 jura,
2380 1890 2501 1945 qua:
2541 1885 2668 1930 sunt
2701 1878 2786 1931 vel
2819 1877 2890 1932 ab
2941 1879 3162 1946 antiqua
3207 1877 3626 1941 consuetudine,
3678 1878 3753 1928 vel

2178 1966 2542 2021 determinata
2577 1976 2674 2022 aut
2710 1985 2740 2023 a
2775 1969 2986 2040 legibus
3013 1970 3527 2038 imperatorum,aut
3581 1986 3613 2024 a
3663 1983 3751 2021 ea-

2171 2059 2414 2114 nonibus
2447 2069 2768 2115 sanctorum
2809 2061 3054 2118 Patrum.
3094 2063 3201 2118 Ista
3227 2062 3414 2127 verba,
3439 2064 3762 2116 sanctisinte‘

2163 2150 2349 2217 Pater,
2381 2153 2672 2210 audientes
2702 2153 2907 2221 Graeci,
2966 2155 3010 2210 si
3060 2169 3252 2210 oumes
3301 2155 3588 2224 recipient,
3650 2170 3749 2208 non

2164 2261 2389 2317 possum
2412 2248 2632 2313 dicere;
2661 2257 2842 2303 tamen
2868 2249 3054 2310 credo.
3075 2247 3200 2319 quia
3225 2247 3440 2318 plurimi
3464 2248 3749 2316 recipient,

2163 2345 2220 2394 et
2251 2337 2491 2394 forsitan
2546 2353 2642 2408 per
2709 2340 2873 2394 istum
2926 2337 3149 2394 modum
3209 2338 3351 2394 Deus
3395 2338 3543 2393 dabit
3599 2339 3749 2394 nobis

2165 2435 2454 2488 unionem.
2488 2430 2696 2488 Tamen
2723 2433 3102 2503 supplicamus
3119 2443 3357 2488 vestram
3389 2433 3750 2494 sanctitatem,

2165 2542 2272 2582 non
2325 2526 2594 2583 omittatis
2631 2541 2733 2582 nos
2760 2527 2881 2584 sine
2927 2537 3147 2597 portare
3177 2526 3416 2595 aliquam
3455 2527 3687 2596 gratiam
3722 2542 3749 2580 a

2164 2620 2325 2676 vobis
2381 2620 2606 2676 domino
2669 2636 2792 2678 meo
2818 2621 3163 2691 imperatori,
3202 2631 3261 2676 ut
3291 2631 3528 2691 optatum
3571 2636 3748 2683 suum,

2163 2711 2312 2784 quod
2330 2711 2494 2768 habet
2520 2714 2740 2770 unionis
2756 2714 3017 2771 Ecclesiae
3042 2729 3150 2770 non
3175 2718 3195 2740 ‘
3224 2718 3242 2736 θ
3269 2719 3286 2737 ⁸
3311 2715 3403 2770 sed
3428 2717 3614 2784 potius
3636 2715 3750 2768 illu-

2164 2807 2559 2860 ntinetur.r—-
2589 2807 2955 2875 Supradietus
2981 2807 3240 2863 dominus
3272 2819 3462 2863 noster
3501 2823 3748 2862 summus

2165 2899 2434 2970 pontifex,
2462 2916 2587 2957 cum
2635 2917 2738 2958 suo
2759 2900 2992 2972 collegio
3045 2900 3320 2969 praedicto,
3377 2902 3748 2971 respondendo

2165 2997 2325 3064 dixit,
2355 2997 2528 3067 quod,
2559 2998 2766 3054 eisdem
2801 2998 3105 3052 rationibus
3138 3011 3483 3066 nequaquam
3519 2999 3742 3051 obstan-

2165 3094 2337 3158 tibus,
2365 3110 2432 3148 ex
2466 3107 2532 3148 eo
2579 3093 2729 3165 justa
2776 3093 3032 3164 praedicta
3089 3094 3280 3163 petitio
3337 3109 3443 3148 non
3491 3093 3743 3158 Videtur;

2161 3184 2290 3255 quia
2319 3185 2365 3239 si
2407 3182 2708 3251 fortiﬁcati,
2757 3184 2939 3250 ditati,
2967 3184 3188 3239 exaltati
3247 3193 3302 3239 et
3332 3181 3625 3237 confortati
3656 3198 3746 3250 per

463 3281 546 3327 tat
575 3269 832 3335 firmiter,
880 3269 1088 3324 ﬁrmari
1124 3269 1179 3324 in
1226 3269 1480 3323 veritate.
1511 3268 1794 3324 Attendite
1823 3282 1977 3338 ergo,
2014 3268 2134 3343 sic
2169 3277 2354 3335 sedem
2389 3277 2768 3347 apostolicam,
2807 3292 2984 3347 reges,
3010 3277 3280 3348 principes
3309 3284 3365 3332 et
3393 3276 3624 3346 populos
3655 3291 3744 3330 ca-

465 3365 669 3419 bonum
697 3371 802 3427 est,
828 3362 990 3417 talem
1016 3361 1333 3430 Opinionem
1362 3362 1494 3416 dare
1512 3361 1792 3431 aliquibus
1808 3361 1876 3416 de
1904 3361 2062 3419 vobis

462 3456 616 3526 ipsis,
643 3455 771 3526 quia
799 3454 866 3508 ab
891 3454 1146 3509 omnibus
1169 3453 1484 3510 hominibus
1516 3453 2063 3511 differtissecundum

460 3564 641 3606 meam
673 3547 988 3618 opinionem
1023 3546 1293 3616 sapientia
1312 3554 1368 3602 et
1386 3546 1814 3616 magniﬁcentia.
1853 3546 2062 3613 Quarta

458 3643 603 3699 ratio
629 3642 854 3697 estista.
874 3640 992 3694 Non
1007 3639 1382 3711 debetaliquis
1437 3642 1652 3704 timere,
1693 3655 1759 3694 ne
1778 3639 1917 3696 forte
1933 3655 2067 3696 con-

460 3734 910 3804 tingatEcclesiae
929 3733 1025 3787 Dei
1051 3746 1116 3787 ex
1151 3732 1258 3788 isto
1285 3731 1522 3788 concilio
1549 3733 1736 3804 aliqua
1767 3732 2061 3798 desolatio,

459 3825 870 3883 considerando
920 3824 1054 3896 quia
1107 3823 1330 3895 quoties
1400 3823 1606 3880 factum
1666 3834 1751 3881 est
1806 3824 2062 3895 generale

458 3916 779 3984 concilium,
807 3929 1026 3985 semper
1057 3914 1127 3970 ad
1159 3915 1552 3972 exaltationem
1585 3925 1640 3972 et
1671 3915 1934 3971 honorem
1953 3915 2060 3972 Ec-

458 4009 663 4074 clesiae,
693 4018 749 4064 et
785 4008 1055 4074 majorem
1089 4008 1405 4064 ﬁrmitatem
1448 4008 1699 4064 veritatis
1721 4008 1927 4065 factum
1950 4017 2058 4077 est;

459 4121 595 4175 ergo
623 4114 680 4162 et
710 4120 858 4161 nunc
881 4105 1213 4161 credendum
1244 4113 1348 4171 est,
1381 4107 1534 4177 quia,
1564 4107 1611 4163 si
1639 4105 1732 4162 fiat
1757 4106 1827 4164 de
1854 4123 2058 4178 propo-

461 4197 584 4252 sitis
611 4197 863 4268 generale
893 4197 1215 4264 concilium,
1249 4207 1304 4254 et
1335 4199 1593 4254 exaltatio
1627 4215 1826 4270 magna
1859 4199 2052 4256 Eccle-

460 4293 560 4345 sia:
583 4301 864 4360 sequetur.
901 4291 955 4346 Si
981 4293 1179 4362 aliquis
1204 4303 1388 4348 autem
1417 4295 1530 4348 vult
1555 4295 1760 4359 dicere,
1790 4296 1919 4366 quia
1974 4295 2053 4352 is-

460 4386 556 4440 tud
589 4400 727 4455 opus
763 4387 968 4456 indiget
998 4389 1188 4443 multis
1221 4390 1566 4458 temporibus
1599 4397 1654 4444 et
1703 4390 1916 4462 magnis
1953 4407 2053 4445 ex-

459 4481 667 4549 pensis,
726 4481 885 4544 sciat.
927 4482 1055 4551 quia
1113 4498 1212 4553 pro
1274 4485 1381 4538 isto
1439 4500 1604 4555 opere
1662 4501 1770 4539 non
1835 4495 2048 4540 tantum

459 4573 719 4642 pecunias
757 4585 812 4629 et
843 4583 1087 4645 tempora
1136 4591 1233 4645 pro
1261 4577 1436 4632 nihilo
1477 4578 1739 4634 debemus
1768 4588 2046 4648 reputare,

459 4661 554 4716 sed
593 4671 646 4716 ct
675 4663 996 4733 sanguinem
1059 4676 1306 4721 nostrum
1373 4667 1606 4724 libenter
1659 4679 1882 4739 propter
1945 4669 2052 4725 hoc

457 4751 756 4821 effundere,
800 4755 847 4810 si
905 4771 1130 4813 necesse
1171 4756 1406 4824 fuisset;
1474 4759 1598 4827 quia
1663 4760 1842 4829 majus
1885 4775 2046 4830 opus,

456 4861 624 4914 quam
671 4847 816 4903 uniri
855 4846 1074 4904 Grtecos
1129 4865 1252 4904 cum
1307 4849 1539 4915 Latinis,
1580 4854 1686 4906 sub
1739 4852 1880 4907 ctelo
1940 4869 2048 4908 non

457 4940 662 5008 poterit
701 4941 866 4996 homo
898 4941 1168 4998 invenire.
1203 4942 1377 5009 Quem
1403 4959 1535 5015 ergo
1567 4946 1741 5000 habeo
1765 4946 2046 5002 residuum

461 5032 683 5087 modum
725 5034 967 5102 unionis,
1023 5035 1136 5104 jam
1172 5037 1350 5089 diram
1390 5044 1602 5091 tantum
1645 5041 2043 5108 protestando,

457 5125 588 5194 quia
613 5127 922 5182 certissime
954 5127 1176 5196 quidem
1207 5142 1317 5181 non
1353 5144 1581 5198 possum
1617 5132 1820 5199 dicere,
1853 5135 1897 5188 si
1955 5134 2050 5190 ﬁet

459 5221 754 5287 poristnm
794 5221 1015 5273 modum
1068 5219 1222 5284 unio,
1276 5230 1456 5278 tamen
1509 5229 1693 5295 credo,
1754 5228 1882 5299 quia
1933 5229 2047 5286 Deo

458 5309 720 5379 possibile
771 5318 874 5365 est.
926 5308 1183 5376 Potestis,
1218 5314 1262 5367 si
1321 5315 1504 5382 vultis,
1562 5319 1779 5375 mittere
1808 5322 1875 5375 ad
1907 5337 2044 5391 qua-

458 5411 585 5456 tttor
617 5402 962 5471 patriarchas
985 5404 1278 5463 Orientalis
1311 5409 1593 5479 Ecclesite,
1650 5423 1704 5469 et
1759 5415 1827 5468 ad
1873 5415 2045 5484 impe-

461 5502 726 5555 ratorem,
782 5493 988 5563 legatos
1025 5507 1255 5564 vestros,
1318 5503 1606 5560 dicentes:
1667 5507 1779 5561 Viri
1820 5507 2042 5576 fratres,

457 5591 721 5652 quoniam
753 5598 807 5643 et
838 5604 934 5645 vos
961 5600 1016 5648 et
1039 5610 1136 5650 nos
1168 5598 1499 5654 conﬁtemur
1531 5601 1584 5654 in
1637 5601 1844 5656 ditinis
1875 5617 2039 5655 unam

457 5681 845 5744 διιυδῑθηιίειη,
875 5694 930 5739 et
970 5695 1078 5743 tres
1110 5705 1397 5760 personas,
1431 5694 1596 5747 etiam
1639 5710 1804 5748 unum
1838 5694 2044 5764 print-i-

459 5765 605 5830 hinm
631 5786 644 5833 ;
672 5781 727 5826 et
761 5791 937 5844 neque
970 5795 1064 5834 vos
1107 5796 1280 5852 neque
1312 5799 1415 5839 nos
1458 5785 1783 5840 adducimus
1815 5786 1868 5840 in
1903 5785 2042 5840 diri-

457 5857 546 5916 ltis
575 5871 668 5919 aut
732 5865 1066 5932 identitatcm
1127 5892 1511 5948 personarum,
1563 5889 1654 5935 aut
1708 5881 2035 5939 divisionem

2170 3368 2404 3425 tholicos
2463 3378 2589 3424 ante
2629 3369 2950 3424 reunionem
2995 3367 3331 3438 praedictam,
3363 3377 3545 3436 postea
3600 3377 3744 3433 terga

2167 3469 2224 3517 et
2253 3475 2361 3516 non
2398 3459 2592 3517 faciem
2620 3469 2898 3516 verterent
2941 3457 3203 3515 Romanae
3234 3458 3489 3515 Ecclesiae
3537 3474 3742 3513 meato-

2166 3562 2324 3619 ratae,
2353 3553 2500 3610 sicut
2527 3555 2686 3622 alias,
2721 3559 2851 3610 dum
2881 3555 3245 3611 credebantur
3298 3556 3517 3620 reuniti,
3577 3565 3740 3625 prout

2165 3661 2490 3715 expressum
2546 3655 2629 3703 est
2668 3649 2945 3718 superius,
2997 3648 3194 3732 fecisse
3245 3657 3578 3713 noscuntur;
3620 3665 3739 3717 pro-

2165 3741 2256 3796 cul
2282 3742 2450 3797 dubio
2485 3741 2628 3796 idem
2673 3741 2930 3797 dominus
2977 3757 3224 3798 summus
3256 3741 3516 3812 pontifex,
3552 3740 3738 3795 Eccle-

2164 3834 2268 3898 sia,
2309 3845 2363 3890 et
2393 3833 2580 3889 ﬁdeles
2617 3834 2710 3890 alii
2758 3845 3108 3891 remanerent
3138 3835 3395 3900 delusi,et
3425 3834 3529 3890 dici
3558 3841 3738 3904 posset

2160 3926 2519 3997 opprobrium
2551 3943 2659 3982 non
2690 3928 2992 3995 modicum,
3027 3931 3171 4000 quod
3195 3943 3326 3985 suos
3357 3939 3409 3984 et
3438 3928 3560 3984 ﬁdei
3581 3929 3735 3999 juve-

2161 4030 2290 4075 rant
2323 4029 2380 4076 et
2407 4021 2836 4077 fortiﬁcaverant
2865 4023 3114 4079 inimicos
3167 4031 3222 4080 et
3269 4023 3475 4089 hostes,
3519 4023 3724 4093 partici-

2159 4125 2497 4188 passentque
2555 4117 2876 4172 scaudalosa
2906 4132 3032 4172 cum
3059 4119 3180 4183 eis;
3233 4118 3329 4172 sed
3375 4118 3419 4172 si
3453 4133 3549 4187 per
3581 4117 3730 4171 illum

2159 4210 2252 4278 qui
2276 4225 2492 4264 omnem
2527 4211 2806 4265 hominem
2845 4211 3152 4266 venientem
3182 4211 3236 4265 in
3273 4211 3418 4266 hunc
3468 4211 3727 4265 mundum

2158 4301 2451 4368 illuminat,
2489 4302 2807 4357 eorumdem
2839 4301 3157 4358 Graecorum
3191 4305 3468 4366 cordibus,
3519 4305 3727 4358 fusione

2157 4394 2463 4462 Spiritualis
2511 4395 2700 4464 gratia:
2731 4395 3044 4461 illustratis,
3070 4411 3170 4466 per
3207 4398 3346 4451 viam
3405 4407 3602 4452 rectam
3639 4413 3724 4465 per

2155 4487 2412 4541 eumdem
2446 4488 2731 4543 dominum
2763 4497 3036 4554 nostrum,
3074 4489 3156 4544 vel
3201 4489 3364 4544 aliam
3425 4506 3714 4544 accommo-

2157 4581 2280 4632 dam
2319 4586 2376 4633 et
2417 4582 2727 4645 honestam,
2784 4581 2850 4635 ad
2909 4580 3301 4647 obedientiam,
3359 4583 3616 4636 unitatem
3674 4594 3722 4638 et

2157 4673 2497 4728 devotionem
2529 4673 2650 4738 ejus
2701 4673 2960 4729 Romana:
2997 4673 3254 4730 Ecclesia:
3301 4675 3477 4731 redire.
3505 4692 3713 4732 curave-

2156 4767 2264 4822 rint
2316 4783 2440 4822 cum
2499 4768 2719 4833 effectu,
2761 4769 2911 4839 ipsos
2969 4780 3098 4826 tunc
3151 4771 3338 4826 effusis
3391 4773 3619 4842 gaudiis,
3662 4788 3721 4827 ac

2153 4860 2346 4928 gratiis
2389 4870 2442 4914 et
2491 4860 2770 4916 favoribus
2813 4862 3057 4934 largiﬁue
3084 4864 3435 4933 dispensatis,
3469 4876 3719 4936 tanquam

2151 4951 2222 5007 de
2253 4952 2477 5023 regione
2507 4955 2975 5010 dissimilitudinis
2999 4965 3356 5023 revertentes,
3390 4959 3502 5028 ipse
3538 4959 3718 5012 Domi-

2151 5061 2257 5100 nus
2291 5059 2482 5100 nos1er
2514 5054 2571 5101 et
2603 5047 2904 5116 apostolica
2952 5048 3086 5103 ﬁdes
3118 5049 3382 5118 recipiant
3411 5064 3506 5104 eos
3545 5050 3718 5103 chari-

2151 5139 2338 5195 tativis
2363 5139 2605 5194 brachiis
2637 5141 3021 5209 amplexando,
3072 5157 3178 5196 non
3238 5141 3415 5197 solum
3468 5157 3625 5212 super
3651 5146 3715 5199 iis

2149 5245 2272 5301 qua:
2298 5239 2511 5300 petunt,
2527 5234 2621 5288 sed
2647 5235 2959 5304 superfaliis
2983 5249 3171 5291 eorum
3191 5237 3706 5304 opportunitatilms,

2147 5323 2446 5379 exhibituri
2496 5333 2645 5388 tunc,
2706 5338 2968 5395 quantum
3018 5343 3140 5382 cum
3197 5327 3307 5382 Deo
3337 5339 3389 5383 et
3444 5332 3712 5383 honestate

2148 5415 2266 5471 fieri
2323 5416 2564 5485 poterit,
2605 5421 2830 5486 auxilia,
2867 5423 3094 5476 consilia
3148 5431 3202 5476 et
3260 5421 3492 5478 favores.
3547 5420 3710 5475 Porro

2147 5518 2272 5578 post
2296 5513 2576 5578 praemissa
2600 5511 2781 5567 dictus
2806 5513 3042 5579 Barlam,
3073 5515 3164 5582 qui
3196 5516 3260 5569 ad
3293 5527 3470 5582 partes
3497 5515 3708 5570 Graaciee

2143 5601 2433 5669 prmdictas
2473 5613 2610 5663 erat,
2679 5610 2735 5654 ut
2793 5605 3050 5665 asseruit,
3115 5604 3409 5669 rediturus,
3463 5602 3706 5674 quamvis

2145 5693 2556 5761 responsionem
2609 5692 2919 5762 hujusmodi
2971 5694 3179 5763 justam
3231 5706 3284 5749 et
3337 5694 3702 5749 rationabilem

2142 5797 2440 5856 reputaret,
2471 5788 2615 5841 viam
2640 5796 2818 5842 tamen
2853 5804 3015 5859 quam
3049 5788 3116 5844 de
3139 5789 3416 5846 mittendis
3441 5805 3534 5858 pro
3560 5798 3704 5857 parte

2141 5879 2455 5938 Grazcorum
2527 5882 2909 5952 przedictorum
2974 5884 3308 5953 sapientibus
3373 5891 3588 5948 tactam,
3646 5888 3700 5934 ut
