4064 6460
375 359 504 429 1⁸341

1449 380 1726 441 ETHICA
1766 383 2187 444 SECUNDUM
2225 386 2553 448 STOICOS.

3481 395 3631 457 134?.

369 480 740 579 praemittitur,
773 484 1045 542 difficilem
1080 504 1176 545 seu
1209 489 1606 562 impossibilem
1641 495 1942 564 existimat,
1976 503 2020 558 Δ
2051 498 2354 556 voluissent
2385 502 2608 570 venire;
2644 511 2700 558 et
2755 504 2908 572 dato,
2967 506 3116 577 quod
3166 507 3279 579 jam
3325 512 3632 571 venissent.

367 569 473 624 nisi
514 571 674 640 Deus,
708 578 795 628 cui
833 578 967 632 nihil
991 588 1075 634 est
1105 581 1464 651 impossibile,
1508 584 1655 638 illam
1689 587 1800 641 sola
1836 605 1935 644 sua

367 664 566 717 virtute
627 668 887 736 perficere
947 672 1302 743 dignaretur:
1349 691 1543 731 causas
1601 677 1935 740 difﬁcultatis

365 754 684 826 hujusmodi
748 763 1106 833 exprimendo
1157 784 1255 840 per
1311 775 1603 842 quamdam
1663 776 1933 842 cedulam,

365 862 528 916 quam
551 866 605 904 m
627 854 845 924 scriptis
866 857 1199 917 tradiditsub
1219 864 1320 921 hac
1344 865 1637 922 forma:-
1660 867 1938 926 cSanctis—

363 939 500 995 sime
536 941 718 1010 Pater,
745 949 992 1014 quamvis
1024 955 1322 1022 receperim
1372 972 1402 1010 a
1435 959 1586 1013 vobis
1631 961 1936 1030 perfectura

366 1047 712 1106 responsum,
745 1041 928 1096 adhuc
983 1047 1236 1116 supplico
1293 1059 1486 1106 vestrae
1540 1055 1841 1119 sanctitati,
1876 1067 1964 1111 ut-

360 1126 620 1195 dignetur
648 1132 840 1187 audire
897 1144 951 1190 et
985 1136 1086 1192 ista
1139 1155 1316 1210 pauca
1353 1144 1559 1222 verba;
1621 1148 1937 1204 necessaria

359 1219 504 1273 enim
545 1230 695 1289 sunt,
724 1233 779 1277 et
809 1227 941 1280 mihi
966 1229 1148 1286 dicere
1173 1243 1227 1286 et
1261 1219 1413 1290 vobis
1445 1237 1605 1292 scire.
1639 1238 1792 1304 Quod
1820 1239 1934 1308 jam

359 1320 540 1367 vestra
573 1316 836 1374 sanctitas
893 1320 1027 1376 mihi
1073 1323 1283 1380 dixerat
1315 1341 1480 1397 super
1525 1327 1672 1386 facto
1711 1332 1934 1387 unionis

361 1404 615 1461 Ecclesiae
646 1409 986 1480 orthodoxae,
1038 1426 1096 1470 ut
1129 1418 1351 1474 veniant
1375 1437 1437 1475 ex
1460 1424 1705 1492 partibus
1725 1424 1832 1478 illis
1855 1425 1936 1480 le-

358 1493 493 1562 gati,
560 1496 822 1554 habentes
861 1501 1076 1557 litteras
1142 1505 1455 1574 imperiales
1515 1518 1569 1563 et
1621 1509 1932 1580 synodicas,

358 1600 527 1640 exoro
550 1587 820 1653 Deum,ut‘
841 1591 1003 1648 faciat
1033 1595 1173 1651 istud
1207 1599 1488 1666 possibile,
1522 1605 1646 1669 quia
1670 1616 1734 1656 ex
1768 1617 1826 1656 se
1850 1611 1934 1658 est

357 1674 516 1729 valde
570 1675 809 1743 difﬁcile,
870 1682 1056 1736 multis
1113 1685 1182 1740 de
1231 1688 1438 1742 causis.
1475 1687 1768 1756 Videlicet,
1805 1693 1932 1761 quia

357 1763 656 1833 imperator
707 1784 814 1823 non
883 1774 1048 1828 audet
1094 1778 1445 1832 manifestare
1493 1795 1573 1842 se,
1631 1781 1774 1848 quod
1806 1783 1934 1838 velit

359 1859 502 1910 uniri
560 1861 886 1930 vobiscum;
940 1869 1226 1937 quoniam,
1289 1871 1338 1926 si
1393 1873 1802 1932 manifestasset
1850 1892 1931 1941 se,

357 1950 514 2004 multi
535 1967 598 2004 ex
629 1955 966 2025 principibus
986 1961 1123 2023 suis,
1143 1963 1307 2017 etiam
1327 1980 1391 2019 ex
1413 1967 1632 2035 populo,
1653 1968 1928 2038 timentes,

2050 599 2098 644 et
2137 605 2328 644 omnes
2359 592 2695 649 unanimiter
2735 597 3166 653 concordassent
3209 599 3277 656 ad
3311 602 3631 656 mittendum

2045 685 2249 754 legatos
2287 701 2446 756 super
2498 687 2795 757 prmdictis,
2850 690 2953 760 ipsi
3002 707 3110 747 non
3155 693 3348 748 darent
3373 694 3629 763 junquam

2044 777 2265 846 plenum
2324 795 2483 848 posse
2517 796 2681 850 super
2713 783 2814 838 hoc
2851 784 3058 839 talibus
3107 783 3322 855 legatis,
3362 803 3462 841 nec
3496 803 3628 858 pro-

2041 868 2337 935 mitterent,
2364 870 2494 925 illud
2525 873 2671 941 quod
2712 873 2915 928 factum
2948 875 3147 932 fuisset
3181 893 3278 946 per
3304 879 3454 946 ipsos
3485 880 3628 945 lega-

2041 967 2126 1016 tos
2157 969 2334 1016 ratum
2379 963 2601 1023 habere.
2639 965 2747 1020 nisi
2786 968 2888 1022 sub
2913 971 3082 1024 certis
3127 971 3376 1024 articulis
3411 972 3622 1038 pactis-

2039 1067 2188 1122 que;
2226 1069 2350 1123 quae
2381 1066 2535 1124 pacta
2572 1072 2668 1113 vos
2701 1057 3020 1116 nullatenus
3047 1061 3437 1118 admitteretis.
3473 1062 3628 1128 Qua-

2040 1155 2263 1214 propter
2288 1148 2502 1202 videtur
2531 1149 2690 1216 mihi,
2727 1151 2874 1220 quod
2906 1153 3042 1209 tales
3071 1153 3237 1223 legati
3308 1154 3625 1224 aliqualiter

2039 1252 2148 1292 non
2184 1238 2451 1304 venirent,
2482 1257 2548 1296 eo
2582 1242 2726 1312 quod
2754 1243 2854 1310 ipsi
2883 1243 3108 1308 scirent,
3145 1254 3432 1314 pactorum
3485 1247 3624 1302 arti-

2036 1333 2158 1390 Cuia
2193 1348 2287 1402 per
2340 1349 2436 1388 vos
2469 1335 2780 1391 nullatenus
2812 1335 3167 1391 admittenda.
3205 1337 3378 1405 Unde,
3404 1339 3449 1394 si
3487 1341 3624 1395 tales

2038 1425 2246 1496 legatus
2283 1427 2564 1496 contingat
2612 1429 2680 1482 ad
2712 1438 2948 1483 vestram
3007 1429 3352 1484 sanctitatem
3405 1431 3616 1494 venire,

2038 1518 2286 1575 habeatis
2313 1523 2459 1589 quod
2481 1536 2546 1575 ex
2575 1520 2684 1576 Deo
2731 1530 2834 1582 est.
2869 1522 2954 1576 cui
2994 1521 3211 1576 difﬁcile
3244 1521 3379 1576 nihil
3410 1532 3511 1578 est.
3564 1523 3622 1578 Si

2038 1617 2222 1665 autem
2267 1626 2378 1667 non
2433 1611 2678 1678 veniant,
2736 1627 2846 1668 non
2904 1612 3208 1682 imputetur
3280 1614 3622 1684 imperatori,

2037 1716 2212 1770 neque
2242 1702 2578 1771 suspicetur,
2609 1703 2754 1772 quod
2778 1701 2896 1770 ejus
2923 1702 3258 1773 negligentia
3299 1704 3372 1758 sit
3397 1704 3451 1758 in
3495 1719 3626 1758 cau-

2035 1808 2117 1857 sa,
2149 1808 2272 1848 cum
2317 1794 2436 1863 ipse
2492 1793 2587 1848 diu
2647 1794 2715 1849 ad
2769 1793 3084 1865 praedictam
3149 1795 3404 1849 unionem
3461 1793 3624 1849 fuerit

2035 1885 2332 1939 animatus.
2363 1885 2572 1955 Adjecit
2609 1899 2831 1955 quoque
2883 1885 3233 1954 postmodum
3289 1886 3623 1940 verbOtenus

2035 1973 2246 2030 Barlam
2301 1975 2668 2046 supradictus,
2703 1975 2852 2046 quod
2884 1991 2992 2030 non
3023 1975 3298 2040 obstante,
3338 1977 3504 2046 quod,
3562 1987 3626 2032 ut

357 2056 424 2136 ne
454 2041 592 2136 forte
618 2045 662 2098 si
705 2046 820 2115 ipse
852 2049 1031 2116 vellet,
1064 2052 1208 2107 sicut
1239 2054 1364 2110 fecit
1409 2057 1542 2125 ipsis
1574 2057 1801 2115 Michael
1827 2061 1930 2115 Pa-
1966 2060 2007 2115 Β
2036 2068 2310 2136 promisit,
2371 2041 2662 2136 praemissa
2689 2041 2746 2122 et
2808 2067 3048 2123 difﬁcilia
3111 2068 3195 2121 vel
3255 2041 3620 2135 impossibilia

355 2129 635 2204 laaologus,
684 2152 991 2206 qumrerent
1045 2148 1506 2213 opportunitatem
1569 2149 1931 2207 interﬁciendi

357 2222 536 2278 illum.
593 2224 861 2285 Praeterea
903 2232 1146 2291 Ecclesia
1181 2237 1789 2311 Constantinopolitana
1823 2260 1930 2300 non

356 2317 663 2374 remitteret
694 2322 758 2376 ad
791 2323 894 2379 hoe
925 2330 1204 2396 negotium
1256 2331 1462 2398 legatos
1491 2347 1621 2388 suos
1651 2335 1771 2390 sine
1798 2350 1933 2390 eone

355 2411 478 2465 silio
509 2423 560 2467 et
590 2429 860 2473 consensu
891 2423 1352 2491 patriarcharum,
1404 2425 1779 2494 Alexandrini,
1815 2430 1931 2484 An-

355 2502 594 2592 tiocheni
652 2516 708 2561 et
761 2507 1283 2584 Hierosolymitani;
1341 2532 1512 2588 quare
1541 2532 1792 2592 oportere
1839 2538 1932 2578 eos

355 2591 580 2650 insiutul
632 2611 1006 2671 congregare;
1058 2606 1206 2670 quod
1264 2615 1350 2662 est
1410 2591 1628 2666 difﬁcile
1709 2622 1932 2684 propter

353 2698 598 2753 guerras.
623 2689 687 2744 Et
710 2703 908 2761 praeter
926 2696 1031 2751 hoc
1051 2695 1318 2754 incertum
1345 2709 1453 2766 est,
1479 2703 1524 2758 si
1551 2705 1726 2760 vocati
1751 2706 1930 2761 adhuc

2034 2157 2345 2223 videantur,
2378 2159 2494 2227 ipse
2533 2166 2711 2214 tamen
2747 2159 2891 2214 circa
2913 2175 2974 2214 ea
3012 2158 3240 2214 fideliter
3263 2159 3558 2214 laborabit.
3595 2179 3616 2212 ι

2033 2279 2107 2290 -
2127 2250 2191 2305 Ει
2222 2251 2304 2305 sic
2335 2252 2404 2305 ab
2437 2251 2626 2306 eodem
2648 2251 2871 2306 domino
2895 2261 3085 2306 nostro
3105 2266 3320 2307 summo
3340 2252 3617 2320 pontifice,

2034 2343 2341 2412 explicante
2370 2343 2702 2412 expressius,
2753 2342 2900 2412 quod
2953 2342 3112 2396 aliter
3152 2343 3325 2395 eidem
3359 2342 3620 2410 diemque

2033 2432 2264 2502 collegio
2325 2447 2486 2502 posse
2523 2448 2630 2487 non
2671 2433 2979 2500 videbatur,
3037 2431 3143 2487 nisi
3175 2445 3335 2502 prout
3365 2431 3620 2500 superius

2035 2523 2266 2592 dixerat,
2296 2533 2352 2579 et
2379 2526 2651 2595 tetigerat,
2682 2525 2954 2594 negotium
2991 2526 3176 2592 perfici
3211 2524 3614 2595 supradictum;

2035 2613 2278 2679 rediens,
2302 2623 2364 2668 ut
2391 2615 2550 2681 dixit,
2588 2613 2851 2684 praefatus
2890 2614 3102 2670 Barlam
3136 2616 3203 2670 ad
3257 2623 3439 2685 partes
3468 2611 3618 2668 Grae-

2037 2708 2135 2763 ciae
2169 2708 2454 2777 praedictas
2491 2707 2762 2764 discessit.

363 2871 3581 2918 ____________________________________,_____

915 3005 1451 3127 ETHICA
1540 3014 2316 3134 SECUNDUM
2399 3013 3054 3133 STOICOS.

1031 3339 1143 3428 D.
1189 3337 1927 3432 BARLAAMUM
1993 3343 2140 3431 DE
2202 3341 2928 3449 SEMINABIA,

1536 3529 1927 3588 EPISCOPUM
1957 3531 2425 3588 GYRACENSEM

629 3692 714 3752 lix
749 3689 1041 3769 pluribus
1077 3689 1518 3755 voluminibus
1549 3693 1936 3756 eorumdem
1971 3692 2333 3758 Stoicorum
2357 3695 2480 3758 sub
2511 3693 2898 3774 compendio
2954 3695 3331 3774 composita.

1568 3871 1858 3963 PARS

659 4225 787 4283 Car.
820 4225 860 4282 Ι.
898 4224 1184 4282 Beatitudo
1219 4225 1345 4295 quid
1393 4226 1626 4282 dicatur.

429 4362 723 4417 Hominum
760 4361 925 4414 alium
955 4361 1086 4426 alio,
1119 4362 1420 4416 secundum
1452 4361 1599 4431 quod
1631 4362 1797 4418 homo
1825 4369 1930 4429 est,

353 4457 554 4511 melius
581 4455 758 4508 vivere
781 4462 1036 4524 putamus
1056 4496 1071 4520 ,
1108 4463 1162 4508 et
1190 4463 1433 4510 statuum
1459 4455 1742 4510 hominum
1764 4456 1932 4510 alium

355 4547 765 4619 eligibiliorem,
797 4545 966 4598 alium
1003 4546 1184 4600 minus
1222 4545 1531 4617 eligendum
1573 4547 1932 4603 arbitramur.

356 4642 502 4710 Ergo
534 4656 658 4694 cum
692 4649 888 4693 natura
920 4647 1114 4692 nostra
1144 4638 1216 4692 sit
1246 4640 1418 4703 finita,
1451 4649 1506 4693 et
1562 4653 1671 4693 non
1709 4641 1780 4696 sit
1812 4641 1935 4694 infi-

356 4734 484 4788 nitae
512 4731 773 4787 bonitatis
792 4745 986 4799 capax,
1019 4729 1181 4784 aliam
1212 4729 1317 4784 alia
1349 4730 1633 4786 meliorem
1655 4732 1821 4785 vitam
1849 4746 1937 4785 ra-

355 4829 505 4883 tione
527 4834 832 4887 sumentes,
864 4839 974 4877 non
1009 4822 1074 4876 ad
1108 4823 1381 4876 infinitum
1416 4824 1801 4892 procedamus,
1836 4825 1928 4880 sed

356 4919 740 4991 perveniemus
771 4929 1051 4988 postremo
1085 4917 1150 4970 ad
1187 4916 1426 4985 aliquem
1462 4915 1756 4970 terminum
1798 4917 1936 4970 bene

358 5012 597 5070 vivendi.
634 5025 798 5081 quem
829 5010 940 5080 jam
995 5008 1387 5063 transcendere
1420 5015 1613 5062 natura
1644 5017 1831 5062 nostra
1869 5009 1935 5063 de

357 5106 440 5161 sui
475 5103 793 5159 conditione
825 5100 1048 5156 minime
1099 5099 1297 5155 valeat.
1333 5099 1594 5166 Quamvis
1647 5101 1791 5157 enim
1823 5116 1933 5156 non

360 5202 681 5264 habeamus,
718 5214 881 5269 quem
925 5197 1356 5268 assignabimus,
1387 5213 1522 5267 pure
1555 5199 1620 5252 ad
1652 5213 1776 5253 eum
1817 5215 1940 5267 per-

359 5295 622 5350 venisse:
675 5304 858 5346 tamen
889 5289 1018 5360 quia
1046 5289 1415 5346 substantiam
1453 5297 1505 5342 et
1539 5289 1704 5344 vitam
1743 5301 1936 5346 natura

357 5385 646 5439 limitatam
699 5384 988 5447 habemus,
1025 5397 1250 5437 necesse
1301 5367 1385 5437 est
1419 5383 1610 5448 etiam,
1656 5399 1934 5438 summum

359 5479 585 5549 gradum
616 5487 814 5531 nostra:
847 5474 1221 5545 perfectionis,
1250 5485 1303 5528 et
1324 5475 1590 5544 optimum
1622 5485 1821 5530 statum
1858 5479 1938 5532 vi-

1955 3877 2376 3966 PRIMA.

1961 4232 2005 4290 C
2040 4227 2220 4284 solum
2251 4238 2335 4282 est
2387 4237 2579 4284 contra
2631 4243 2956 4283 communes
2989 4228 3242 4286 notiones
3272 4273 3287 4296 ,
3325 4233 3418 4287 sed
3449 4234 3612 4289 etiam

2037 4319 2176 4374 tollit
2208 4333 2427 4374 omnem
2467 4317 2788 4388 appetitum.
2849 4317 3129 4386 Siquidem
3177 4324 3611 4393 expetendorum

2035 4418 2340 4464 extremum
2380 4424 2487 4464 non
2531 4417 2634 4474 est,
2662 4409 2752 4462 ubi
2772 4425 2828 4464 se
2851 4410 3123 4479 appetitus
3145 4413 3441 4468 novissime
3465 4414 3611 4481 ligat.

2036 4501 2191 4556 l-lunc
2240 4503 2404 4571 igitur
2454 4502 2773 4565 terminum,
2832 4511 2885 4555 et
2933 4503 3074 4556 hanc
3136 4503 3423 4571 optimam,
3455 4515 3616 4574 prout

2035 4591 2296 4660 possibile
2329 4601 2431 4655 est,
2469 4591 2711 4644 hominis
2741 4592 2930 4657 vitam,
2981 4607 3092 4646 uno
3143 4593 3329 4661 verbo,
3384 4596 3524 4649 sicut
3562 4604 3616 4648 et

2037 4683 2152 4747 alii,
2187 4685 2578 4739 beatitudinem
2616 4685 2976 4754 appellantes,
3005 4701 3322 4754 quaeramus
3355 4689 3486 4756 quid
3521 4688 3615 4752 sit,

2037 4788 2090 4832 et
2127 4778 2179 4832 in
2236 4777 2438 4848 quibus
2465 4777 2755 4832 consistat.
2817 4775 2948 4832 inde
3002 4787 3185 4832 autem
3243 4779 3615 4848 suscipiamus

2037 4872 2262 4926 exurdiu
2273 4887 2347 4924 ιιι.

2107 4986 2236 5040 CAP.
2265 4986 2329 5041 ll.
2371 4985 2508 5040 Vera
2568 4987 2836 5041 beatitudo
2890 4987 3136 5051 hominis,
3168 4995 3226 5038 ut
3255 4989 3410 5040 homo
3444 4996 3545 5043 est.

2108 5100 2310 5156 Veram
2333 5102 2573 5158 hominis
2592 5103 2984 5183 beatitudinem
3010 5103 3310 5173 quaerimus
3335 5121 3348 5158 :
3373 5103 3494 5159 talis
3515 5121 3613 5159 au-

2039 5205 2146 5250 tem
2179 5211 2285 5250 non
2325 5203 2504 5266 potest
2532 5212 2675 5258 esse,
2707 5197 2812 5253 nisi
2849 5198 2916 5252 sit
2948 5195 3188 5250 hominis
3219 5205 3272 5248 ut
3308 5197 3615 5251 Ιιυιιιιοουδε.

2038 5285 2174 5344 Nam
2219 5289 2262 5345 si
2304 5291 2709 5356 assignahimus
2747 5289 2987 5344 hominis
3043 5289 3460 5354 beatitudinem,
3497 5305 3613 5359 quat

2041 5400 2148 5439 non
2181 5383 2285 5437 erit
2309 5367 2568 5444 hominis,
2603 5392 2661 5436 ut
2686 5381 2850 5435 homo
2881 5391 2963 5434 est
2986 5420 3001 5446 ,
3031 5395 3146 5434 non
3172 5389 3276 5434 ent
3295 5396 3444 5435 vera.
3476 5382 3617 5452 Ergo

2042 5485 2254 5546 oportet
2284 5484 2343 5529 ut
2369 5483 2588 5529 constet
2616 5489 2682 5527 ex
2711 5473 2971 5527 omnibus
2999 5468 3314 5537 illislionis,
3339 5490 3460 5543 qam
3489 5486 3618 5528 sunt

357 5571 542 5628 vendi.
573 5570 877 5624 secundum
912 5570 1056 5637 quod
1085 5567 1568 5636 proportioualitas
1599 5578 1785 5623 nostra
1814 5571 1932 5623 exi-
1963 5588 2012 5647 ί)
2036 5571 2296 5632 liuuiinis,
2331 5569 2384 5621 in
2422 5576 2685 5637 quantum
2709 5566 2880 5618 Immo-
2901 5573 3004 5618 est.
3031 5564 3170 5629 Quia
3201 5565 3252 5619 si
3275 5580 3340 5618 ex
3378 5565 3524 5630 aliis,
3563 5575 3616 5620 rt

359 5663 458 5729 git,
489 5661 680 5714 eadem
743 5671 938 5713 natura
977 5659 1256 5728 prmiixum
1289 5669 1343 5713 et
1385 5669 1572 5714 notum
1609 5676 1748 5715 esse.
1792 5661 1926 5716 Nam

357 5754 570 5824 opinari
604 5755 808 5808 finitam
849 5763 1098 5806 naturam
1131 5751 1198 5805 ad
1237 5752 1506 5806 infinitum
1547 5754 1833 5823 proficere,
1877 5765 1931 5807 et

356 5846 564 5916 perﬁci,
609 5861 758 5919 suos
797 5861 904 5901 non
957 5845 1270 5902 cxcedcndo
1307 5845 1530 5909 limites,
1567 5861 1724 5914 posse
1757 5888 1772 5914 ,
1817 5864 1924 5902 non

2041 5677 2149 5718 nun
2199 5675 2264 5714 ex
2303 5659 2502 5714 talibus
2533 5699 2546 5719 ,
2585 5672 2692 5709 non
2726 5655 3074 5717 habebimus,
3120 5656 3264 5725 quod
3295 5648 3612 5725 quaeritans.

2044 5756 2251 5809 Etenim
2284 5755 2328 5806 si
2354 5769 2459 5806 non
2489 5769 2552 5806 ex
2579 5744 2837 5805 omnibus
2871 5750 3188 5819 huiusmodi
3215 5751 3377 5806 bonis
3400 5761 3592 5805 consta

2036 5846 2133 5915 bit,
2169 5862 2276 5904 non
2307 5845 2411 5901 erit
2434 5857 2707 5898 summum
2732 5842 2960 5908 bonum,
2996 5840 3124 5912 quia
3157 5840 3202 5897 si
3231 5857 3340 5912 qua
3375 5850 3457 5897 est
3487 5839 3615 5896 bea-
