4064 6462
491 374 634 439 1342

1590 374 1992 437 BARLAAMI
2038 374 2136 435 DE
2180 378 2328 437 SEM
2346 377 2619 438 [NABIA

3558 406 3565 411 '
3622 380 3747 447 ΕΜ

484 490 792 555 titudo,cuI
811 489 1216 560 desuntaiiqua
1233 487 1501 553 hominis,
1529 489 1582 544 in
1607 502 1874 560 quantum
1909 495 2076 545 homo
2106 496 2151 553 Α
2185 490 2418 546 formam
2451 491 2806 548 beatitudinis
2838 489 3137 562 pertinent.
3166 491 3476 549 Sicutenun
3505 493 3558 548 in
3580 509 3747 549 omm-
3790 526 3796 530 -

481 594 585 650 est,
627 583 990 639 manifestum
1022 593 1125 649 est,
1164 584 1310 653 quod
1361 583 1470 637 illis
1516 584 1719 638 additis
1766 586 2076 653 augebitur.

482 679 591 737 Sed
643 680 792 750 quod
825 682 1013 744 augeri
1052 688 1250 749 potest,
1293 695 1573 734 summum
1609 696 1718 734 non
1750 692 1870 747 est;
1901 682 2079 735 beati-

485 775 730 828 tudinem
768 787 916 834 vero,
953 787 1117 841 quam
1153 774 1479 842 quaerimus,
1516 789 1798 829 summum
1833 774 2078 829 hominis

483 867 686 921 bonum
731 881 858 920 esse
893 866 1175 920 volumus.

555 958 726 1026 Igitur
757 973 819 1011 ex
850 957 1114 1012 omnibus
1151 958 1317 1013 dictis
1345 957 1506 1012 bouis
1537 957 1838 1023 constabit,
1861 972 1924 1013 ac
1948 972 2079 1013 vero

480 1065 545 1103 cx
575 1052 729 1105 solis.
770 1051 908 1116 Quia
941 1053 986 1107 si
1024 1068 1129 1121 qua
1181 1062 1312 1109 sunt
1345 1055 1452 1108 alia
1489 1054 1629 1108 bona
1665 1056 1931 1118 hominis,
1968 1071 2077 1110 non

482 1153 667 1197 tamen
707 1156 765 1196 ut
798 1145 964 1198 homo
1004 1154 1111 1211 est,
1144 1145 1501 1201 manifestum
1535 1158 1638 1208 est,
1677 1149 1823 1216 quod
1860 1149 1949 1201 illa
1985 1148 2082 1202 ad-

482 1235 596 1287 dita
632 1235 707 1286 illi
743 1235 1091 1303 beatitudini,
1123 1252 1246 1306 quae
1278 1246 1499 1293 cunstat
1522 1253 1586 1292 ex
1622 1237 1786 1294 bonis
1813 1239 2078 1305 hominis,

482 1336 540 1379 ut
584 1326 749 1381 homo
774 1337 893 1392 est,
945 1343 1058 1382 non
1091 1329 1375 1397 augebunt
1403 1344 1549 1395 eam,
1580 1341 1641 1384 ut
1680 1340 1968 1400 propterea
2006 1329 2077 1384 sit

486 1419 665 1487 magis
688 1419 971 1474 beatitudo
1001 1421 1268 1487 hominis,
1306 1432 1365 1476 ut
1388 1423 1558 1477 homo
1586 1433 1709 1489 est:
1737 1424 1865 1493 quia
1892 1424 1945 1477 in
1979 1421 2080 1477 tali

479 1509 648 1563 etiam
673 1512 1081 1577 compositione
1115 1521 1229 1568 tota
1263 1528 1330 1568 ex
1350 1514 1642 1584 utriusque
1677 1516 2081 1586 generisbonis

481 1604 795 1671 complexio
834 1619 946 1658 non
1002 1605 1303 1669 diceretur,
1365 1621 1464 1661 nec
1505 1606 1935 1676 intelligeretur,
1978 1625 2083 1680 nec

479 1705 629 1750 esset
657 1696 941 1751 beatitudo
966 1696 1230 1763 hominis,
1262 1708 1322 1753 ut
1359 1699 1524 1755 homo
1554 1709 1659 1762 est,
1690 1700 1793 1755 nisi
1829 1718 1893 1754 ex
1924 1710 2082 1770 parte

480 1778 704 1842 illorum
758 1790 1033 1845 bonorum
1066 1791 1331 1855 hominis,
1356 1808 1478 1863 quae
1509 1801 1696 1848 essent
1722 1792 1871 1849 bona
1897 1793 2080 1850 homi-

480 1881 589 1942 nis.
630 1882 681 1935 iu
713 1891 981 1951 quantum
1019 1884 1186 1937 homo
1218 1892 1320 1938 est.

588 1994 717 2049 CAP.
754 1994 843 2050 III.
887 1996 1025 2051 Vera
1071 1996 1341 2052 beatitudo
1389 2001 1575 2069 augeri
1623 2018 1728 2056 non
1775 2013 1967 2073 potest.

556 2106 697 2164 Vera
734 2125 864 2179 ergo
896 2110 1181 2167 beatitudo
1235 2114 1437 2169 additis
1475 2116 1583 2173 illis
1616 2121 1806 2187 augeri
1839 2135 1949 2175 non
1983 2134 2080 2191 po-

479 2210 608 2256 test.
633 2202 699 2257 Et
727 2206 945 2259 merito.
975 2204 1136 2260 Nulla
1165 2208 1311 2260 enim
1341 2211 1659 2279 aggregatio
1682 2213 1869 2282 augeri
1897 2222 2078 2283 potest

478 2294 765 2350 additione
799 2296 1035 2352 aliarum
1072 2314 1256 2353 rerum
1309 2315 1510 2370 genere
1541 2301 1913 2361 diversarum.
1965 2304 2080 2363 Nec

478 2388 627 2443 enim
666 2388 824 2444 lineae
857 2389 1060 2444 additis
1092 2392 1315 2459 punctis
1339 2433 1354 2460 ,
1394 2409 1499 2450 nec
1524 2396 1844 2465 superﬁcies
1872 2398 2075 2454 additis

479 2480 639 2537 lineis
667 2520 683 2546 ,
723 2497 821 2537 nec
847 2482 1022 2538 solida
1055 2484 1255 2541 additis
1278 2487 1697 2557 superﬁciebus,
1736 2500 1861 2547 “nec
1893 2491 2076 2547 diver-

488 2588 679 2631 sorum
718 2573 1070 2629 humidorum
1103 2577 1420 2634 eommistio
1452 2579 1651 2637 additis
1683 2582 1963 2640 coloribus
1988 2583 2078 2641 vel

479 2664 777 2733 saporibus
814 2673 1108 2733 augentur.

481 2771 612 2827 CAP.
648 2770 737 2829 IV.
771 2774 1352 2860 Beatitudo_hantittis,
1386 2789 1444 2834 ut
1476 2780 1630 2837 homo
1654 2793 1755 2851 est,
1788 2802 1854 2841 ex
1880 2786 2071 2857 quibus

979 2856 1314 2912 potissimum
1348 2861 1576 2908 constet.
1616 2866 1619 2869 ’

553 2955 696 3026 Ergo
727 2955 772 3013 si
817 2956 961 3013 bona
996 2957 1259 3026 hominis,
1299 2971 1358 3019 ιιι
1405 2963 1574 3021 homo
1623 2975 1728 3032 est,
1760 2984 1959 3040 genere
1988 2971 2076 3027 di-

479 3063 644 3104 versa
680 3057 811 3104 sunt
836 3054 907 3105 ab
938 3050 1045 3108 illis
1076 3069 1201 3123 quae
1224 3070 1332 3110 non
1372 3067 1503 3113 sunt
1534 3058 1795 3126 hominis,
1823 3070 1880 3117 ut
1910 3064 2077 3120 homo

2188 584 2292 640 bus
2324 586 2447 640 aliis
2489 585 2579 639 illa
2624 587 2765 639 bona
2801 586 3168 656 intelligimus
3222 587 3751 656 uninscujuscunque

2190 678 2291 742 rei,
2332 691 2391 732 ut
2427 678 2518 732 illa
2559 695 2645 734 res
2679 688 2783 744 est,
2817 694 2939 748 quae
2977 679 3154 750 ipsam
3192 696 3308 735 rem
3342 680 3534 734 bonam
3565 690 3616 735 et
3647 682 3751 735 lau-

2185 771 2424 824 dabilem
2455 771 2689 835 faciunt,
2719 782 2820 827 eta
2853 773 3051 841 quibus
3076 773 3190 843 ipsa
3228 789 3317 828 res
3343 773 3466 843 jure
3495 775 3749 839 laudatur,

2184 871 2239 918 et
2272 863 2411 917 bona
2440 863 2746 932 appellatur
2775 880 2792 919 :
2835 865 2910 919 ita
2947 876 3002 920 et
3037 865 3275 920 hominis
3301 867 3463 931 bona,
3507 879 3564 921 ut
3594 870 3747 923 homo

2185 964 2291 1019 est“,
2325 957 2417 1010 illa
2453 965 2665 1011 tantum
2704 958 3079 1028 intelligimus,
3115 976 3235 1029 quae
3267 961 3443 1030 ipsum
3482 961 3745 1015 hominem

2186 1047 2391 1101 bonttm
2434 1056 2489 1100 ct
2524 1046 2851 1102 laudabilem
2881 1049 3113 1117 faciunt,
3143 1060 3194 1106 et
3226 1066 3254 1107 a
3283 1053 3621 1123 quibusjurc
3646 1055 3750 1107 lau-

2185 1139 2374 1205 datur,
2407 1151 2464 1195 et
2496 1141 3028 1213 bonus‘appollatur.

2184 1277 2318 1334 CAP.
2347 1277 2483 1334 VIII.
2529 1277 2666 1333 Vera
2706 1279 2977 1334 beatitudo
3010 1280 3257 1348 hominis,
3290 1292 3348 1336 ut
3386 1285 3539 1338 homo
3572 1295 3669 1350 est,
3700 1286 3751 1339 in

2610 1351 2799 1420 quibus
2832 1352 3167 1416 potissimum
3213 1354 3339 1407 sita.

2259 1463 2365 1520 Sed
2396 1465 2680 1518 beatitudo
2723 1465 2964 1520 hominis
2995 1468 3098 1521 sita
3125 1477 3213 1522 est
3237 1469 3289 1522 iu
3316 1468 3423 1524 illis
3457 1468 3613 1523 bonis
3644 1479 3755 1522 tan-

2187 1567 2325 1623 tum,
2361 1574 2483 1626 qua:
2517 1569 2643 1612 sunt
2673 1559 2933 1622 hominis,
2958 1570 3018 1613 ut
3045 1560 3208 1615 homo
3232 1572 3313 1616 est
3342 1580 3356 1617 :
3383 1563 3496 1617 sola
3518 1578 3645 1632 ergo
3665 1564 3751 1617 illa

2188 1650 2493 1706 iormalitcr
2523 1652 2816 1722 perﬁciunt
2851 1653 3068 1709 beatam
3109 1656 3300 1719 vitam,
3339 1672 3460 1726 qua:
3489 1657 3750 1711 hominem

2186 1761 2315 1799 vere
2350 1747 2553 1799 bonum
2584 1758 2639 1802 ct
2668 1746 2994 1803 laudabilem
3028 1747 3273 1814 faciunt,
3305 1757 3358 1803 et
3389 1760 3607 1819 propter
3641 1766 3753 1819 qua:

2111 1843 2152 1897 Β
2178 1839 2604 1908 jurelaudatur,
2630 1849 2684 1892 et
2699 1839 2877 1894 bonus
2903 1840 3228 1909 appellatur.
3253 1839 3356 1896 Sed
3380 1857 3443 1896 ex
3475 1842 3617 1897 nulla
3645 1843 3755 1912 opi-

2191 1932 2357 1986 ﬁcum
2420 1942 2541 1987 arte
2578 1934 2693 1988 haec
2740 1933 2906 1988 homo
2956 1947 3216 1989 uteretur.
3269 1936 3755 2006 Quantumcunque

2189 2027 2332 2082 enim
2366 2034 2451 2081 est
2480 2027 2646 2081 homo
2670 2026 3034 2094 faberbonus,
3053 2040 3146 2083 aut
3164 2029 3351 2090 cerdo,
3375 2038 3470 2083 aut
3490 2031 3750 2099 scriptor,

2191 2135 2300 2174 non
2334 2128 2516 2174 tamen
2560 2119 2779 2175 ratione
2818 2121 2982 2192 hujus
3030 2122 3168 2177 artis
3196 2122 3375 2177 bonus
3419 2124 3753 2194 appellatur;

2185 2211 2339 2264 velut
2385 2210 2608 2280 sapiens
2640 2210 2824 2276 homo,
2860 2220 2956 2266 aut
2988 2213 3247 2282 prudens,
3303 2222 3399 2267 aut
3456 2215 3756 2285 intelligens

2187 2302 2517 2371 simpliciter
2558 2302 2839 2359 laudatur.
2871 2303 3013 2374 Ergo
3047 2306 3111 2359 ad
3149 2304 3380 2360 formam
3411 2306 3756 2363 beatitudinis

2186 2394 2444 2463 opilicum
2478 2403 2624 2448 artes
2654 2394 2881 2449 minime
2902 2405 3031 2451 sunt
3058 2397 3340 2452 vocandae.

2186 2506 2317 2563 CAP.
2351 2506 2444 2564 IX.
2474 2506 2716 2563 Scientia
2744 2508 2799 2563 in
2830 2509 2978 2563 bonis
3004 2510 3234 2564 hominis
3263 2511 3478 2565 minime
3508 2511 3757 2566 locanda.

2260 2624 2640 2695 Similiterque
2669 2625 3051 2693 scientiarum,
3084 2641 3318 2695 quarum
3353 2627 3475 2682 linis
3527 2636 3615 2683 est
3655 2644 3755 2683 non

2180 2718 2529 2775 extrinsecus
2561 2718 2825 2787 effectus,
2856 2723 2950 2776 sed
2980 2720 3280 2776 intrinseca
3311 2722 3449 2777 visio
3474 2723 3754 2788 veritatis;

2186 2810 2317 2866 licet
2339 2811 2391 2867 in
2414 2811 2573 2868 bonis
2591 2813 2766 2880 ipsius
2778 2814 3005 2880 mentis,
3023 2822 3083 2869 ut
3104 2830 3259 2870 meus
3275 2823 3380 2880 est,
3395 2818 3574 2871 omnis
3592 2817 3759 2872 scien-

2186 2903 2259 2961 tia
2287 2913 2636 2975 compuletur
2665 2923 2679 2960 :
2712 2915 2892 2961 tamen
2911 2922 3251 2977 quaecunque
3274 2908 3411 2962 tales
3436 2919 3586 2974 sunt,
3610 2920 3667 2962 ut
3690 2908 3752 2963 ab

2186 2998 2269 3055 eis
2308 3013 2420 3054 non
2476 3000 2654 3069 possit
2688 2998 2856 3054 homo
2883 3001 3207 3070 simpliciter
3240 3002 3418 3058 bonus
3473 3004 3750 3073 appellari,

2190 3092 2275 3147 vel
2323 3101 2385 3146 ut
2433 3092 2599 3147 homo
2633 3091 2853 3162 sapiens
2895 3104 2952 3147 et
2985 3093 3315 3163 intelligens,
3367 3103 3463 3149 aut
3515 3094 3751 3164 prudens

479 3151 590 3258 ea:
621 3142 980 3258 ¹¹¹Ῠ¹¹ἰξ⁰⁸ί¹ξ¹¹ξ
1020 3148 1289 3258 θείΔἹυθά
1342 3149 1645 3217 δ⁰³ίί¹¹¹δθν
1695 3166 2073 3258 “few”?
2100 3187 2143 3247 ο
2173 3182 2299 3256 jure
2323 3183 2536 3240 laudari
2569 3205 2581 3240 :
2614 3142 2725 3239 non
2749 3194 2878 3240 sunt
2912 3184 2966 3239 in
3001 3185 3110 3241 illis
3142 3142 3301 3242 lfonis
3342 3142 3755 3258 Itabenilae,qute

480 3248 546 3288 ex
576 3234 737 3289 bonis
766 3234 1036 3300 hominis,
1072 3248 1131 3293 ut
1164 3240 1329 3294 homo
1359 3252 1462 3307 est,
1504 3260 1613 3299 non
1647 3247 1939 3315 augebitur
1976 3249 2073 3305 ad-

476 3326 719 3395 jectione
757 3325 979 3383 illorum
1013 3329 1309 3398 bonorum,
1344 3349 1469 3402 quae
1501 3352 1612 3391 non
1639 3348 1769 3393 sunt
1804 3340 2071 3409 hominis,

483 3418 537 3472 in
577 3427 843 3486 quantum
899 3421 1068 3476 homo
1103 3433 1209 3478 est.
1247 3424 1439 3497 Itaque
1478 3429 1717 3498 perfecta
1755 3441 1810 3486 et
1856 3449 2073 3490 summa

481 3508 725 3567 hominis
761 3511 1039 3568 beatitudo
1086 3531 1150 3570 ex
1188 3516 1296 3574 illis
1350 3519 1487 3576 solis
1522 3523 1821 3589 constabit,
1856 3535 1917 3579 ιιι
1959 3526 2074 3595 jam

483 3602 765 3671 possimus
820 3603 1052 3660 formam
1111 3607 1278 3679 hujus
1334 3610 1691 3669 beatitudinis
1745 3615 2075 3675 brevissime

481 3696 1031 3764 comprehendentes,
1056 3701 1218 3757 talem
1245 3703 1368 3771 ejus
1402 3706 1782 3764 deliuitionem
1828 3712 1895 3766 ad
1925 3727 2078 3785 qua:-

480 3785 651 3841 renda
687 3794 745 3842 et
773 3787 1206 3847 demonstranda
1238 3808 1576 3866 supponere.

478 3898 609 3957 CAP.
640 3899 708 3955 ν.
741 3898 879 3964 Quid
936 3912 1014 3958 est
1063 3908 1336 3991 beatitudo
1380 3911 1613 3992 [taminia
1662 3929 1811 3981 vera,
1864 3917 2076 3989 etquid

1089 3993 1204 4047 ejus
1233 3995 1474 4035 miserta.

551 4088 748 4145 Veram
801 4090 1198 4146 beatitudinem
1249 4093 1492 4151 hominis
1546 4112 1672 4153 esse
1730 4101 2070 4157 cumulatam

480 4183 915 4255 complexionem
940 4185 1191 4240 omnium
1217 4186 1488 4243 bonorum
1526 4189 1788 4257 hominis,
1814 4203 1876 4249 ut
1904 4196 2070 4253 homo

480 4287 599 4344 est;
631 4293 695 4333 ac
724 4293 825 4345 per
852 4293 1218 4350 consequens,
1252 4294 1526 4338 summam
1579 4285 1859 4342 miseriam
1894 4288 2076 4346 benti-

482 4371 566 4427 uis
608 4387 731 4428 esse
792 4372 1131 4428 cumulatam
1198 4374 1633 4445 complexionem
1671 4381 1920 4436 omnium
1957 4398 2076 4438 ma-

480 4463 658 4519 lorum
693 4464 960 4528 hominis,
995 4475 1055 4521 ut
1089 4465 1252 4521 homo
1281 4477 1400 4523 est:
1436 4480 1495 4524 ιιι
1534 4471 1621 4526 cui
1658 4472 1763 4528 hoc
1793 4473 1938 4529 inest
1968 4476 2073 4529 mi-

480 4560 744 4615 serrimus
781 4561 945 4615 homo
962 4562 1202 4617 dicatur.
1232 4563 1329 4619 Est
1351 4572 1534 4619 autem
1561 4566 1846 4623 beatitudo
1878 4581 1976 4639 per
2006 4582 2068 4623 se
2101 4575 2148 4632 ι)

482 4653 808 4723 expetenda,
838 4661 892 4708 et
922 4654 1143 4710 miseria
1176 4653 1457 4722 fugienda.

949 4765 1079 4821 CAP.
1107 4765 1195 4821 Vl.
1236 4766 1420 4821 Virtus
1455 4769 1603 4839 quid.

551 4879 908 4951 Supponatur
939 4881 1104 4937 etiam
1134 4889 1189 4938 et
1227 4882 1446 4939 virtutis
1478 4883 1749 4955 deﬁnitio,
1789 4904 1910 4956 qua:
1946 4889 2070 4946 talis

480 4974 789 5028 secundum
821 4988 1011 5029 omnes
1046 4975 1503 5043 philosOphautes
1535 4985 1643 5032 est.

557 5066 823 5121 Virtutem
846 5082 967 5121 esse
999 5067 1263 5136 optimam
1301 5066 1644 5124 aﬁ‘cctionem
1675 5069 1843 5126 animi
1867 5087 1931 5127 ex
1961 5090 2069 5143 qua

485 5160 917 5225 proﬁciscuntur
954 5158 1111 5213 bona:
1149 5167 1203 5213 et
1234 5157 1542 5216 laudabiles
1578 5163 1909 5230 voluntates,
1940 5181 2069 5221 sen-

485 5254 687 5316 tentizc,
720 5252 965 5307 actiones
987 5269 1001 5305 :
1023 5268 1259 5321 quarunt
1289 5254 1545 5323 quaelibet
1573 5274 1673 5312 suo
1711 5260 1829 5314 loco
1861 5262 2071 5330 optima

484 5357 567 5400 est
601 5364 616 5413 ;
643 5354 836 5415 quaeet
858 5360 978 5408 eos,
1009 5344 1064 5398 in
1094 5344 1298 5413 quibus
1334 5357 1439 5413 est,
1472 5349 1647 5405 bonos
1673 5362 1726 5408 et
1764 5352 2072 5410 laudabiles

483 5435 666 5494 ellicit.

483 5570 614 5628 CAP.
647 5569 756 5626 VII.
795 5571 838 5627 Α
870 5571 1195 5631 beatitudine
1227 5577 1458 5632 hominis
1493 5618 1506 5639 ,
1537 5593 1590 5634 ut
1630 5582 1787 5637 homo
1822 5592 1925 5647 est,
1960 5600 2073 5637 om-

946 5662 1034 5700 nes
1070 5661 1208 5704 artes
1237 5651 1614 5707 excluduntur.

559 5752 655 5811 llis
696 5758 1012 5827 prannissis,
1052 5773 1218 5834 patet,
1269 5766 1418 5836 quod
1459 5782 1655 5822 omnes
1698 5776 1749 5821 et
1803 5767 2072 5822 universae

487 5849 747 5917 opiﬁcum
788 5864 935 5915 artes
969 5856 1336 5919 excluduntur
1370 5862 1438 5916 ab
1475 5860 1583 5916 illis
1618 5861 1800 5937 bouis,
1855 5878 1975 5932 qum
2005 5866 2071 5919 ad

2179 3277 2578 3332 beatitudinem
2607 3277 2781 3346 ipsius
2810 3278 3071 3347 hominis,
3100 3279 3153 3334 in
3173 3291 3439 3351 quantum
3468 3281 3634 3335 homo
3653 3290 3752 3346 est,

2179 3371 2551 3424 constituunt.
2583 3369 2876 3425 Hominem
2900 3372 3047 3426 enim
3079 3387 3187 3426 non
3211 3372 3382 3443 ipsam
3409 3381 3643 3428 mentem
3665 3383 3751 3427 aut

2179 3463 2448 3517 rationem
2478 3463 2846 3533 appellamus,
2876 3466 2972 3519 sed
2994 3465 3202 3520 animal
3230 3465 3457 3522 rationis
3475 3475 3529 3520 et
3558 3467 3752 3521 mentis

2178 3557 2474 3627 particeps,
2496 3557 2656 3626 cujus
2690 3572 2838 3613 nunc
2881 3558 3272 3615 beatitudinem
3301 3562 3618 3631 quau-imus,
3644 3576 3752 3617 rem

2178 3650 2456 3719 videlicet,
2489 3666 2599 3722 qua
2650 3654 2880 3724 optime,
2926 3651 3055 3708 dum
3096 3653 3320 3722 vivitur,
3354 3656 3462 3710 vita
3489 3654 3609 3723 eius
3652 3654 3751 3710 du-

2179 3756 2362 3800 catur.

2177 3882 2310 3940 Cap.
2342 3881 2553 3948 X.Quce
2582 3882 2883 3938 hominibus
2902 3891 2952 3937 et
2991 3883 3171 3937 bestiis
3202 3882 3523 3951 communia,
3555 3899 3658 3938 non
3701 3884 3753 3938 in

2394 3956 2542 4008 bonis
2565 3956 2816 4021 hominis,
2841 3966 2897 4007 ut
2917 3957 3072 4008 homo
3089 3964 3188 4021 est,
3216 3954 3546 4011 collocanda.

2249 4069 2321 4123 At
2348 4084 2477 4125 vero
2511 4108 2529 4135 ,
2564 4083 2665 4125 nec
2690 4084 3034 4139 quaecunque
3065 4079 3215 4134 sunt,
3241 4079 3335 4124 aut
3358 4085 3477 4125 esse
3504 4078 3748 4140 possunt,

2177 4161 2492 4217 communia
2512 4162 2752 4218 hominis
2781 4173 2835 4218 et
2850 4162 3148 4219 bestiarmn
3176 4205 3191 4228 ,
3222 4165 3277 4217 in
3312 4163 3423 4218 illis
3452 4163 3611 4218 bonis
3628 4170 3751 4218 sunt

2178 4255 2454 4321 habenda,
2485 4271 2553 4310 ex
2593 4255 2800 4326 quibus
2826 4255 3062 4310 hominis
3092 4254 3375 4310 beatitudo
3406 4264 3640 4311 constat.
3660 4255 3748 4309 Illa

2176 4348 2325 4402 enim
2362 4347 2569 4413 omnia,
2594 4358 2653 4402 ut
2684 4346 3079 4417 praedeﬁnitum
3111 4357 3215 4412 est,
3239 4355 3368 4404 sunt
3403 4348 3542 4402 bona
3575 4348 3750 4402 humi-

2178 4441 2290 4504 nis,
2318 4451 2379 4496 ut
2420 4440 2586 4494 homo
2627 4449 2734 4496 est.
2771 4439 2879 4495 Sed
2910 4440 3000 4494 illa
3031 4456 3154 4510 qua:
3184 4448 3334 4507 sunt,
3362 4451 3457 4495 aut
3483 4456 3601 4497 esse
3632 4455 3749 4509 pos-

2175 4543 2306 4587 sunt
2331 4533 2645 4588 communia
2677 4532 2921 4588 hominis
2973 4540 3028 4587 et
3057 4534 3358 4589 bestiarum
3386 4573 3404 4599 ,
3437 4544 3486 4589 et
3510 4548 3605 4604 per
3623 4549 3749 4587 con.

2173 4638 2415 4695 sequens
2447 4640 2572 4695 quze
2639 4627 2816 4695 gratia
2851 4625 3080 4679 istorum
3123 4629 3499 4695 requiruntur,
3544 4640 3601 4681 ut
3629 4626 3750 4680 eﬁ'e-

2175 4715 2342 4782 ctiva,
2375 4725 2470 4771 aut
2501 4717 2903 4780 conservativa,
2924 4725 2976 4770 et
3010 4717 3055 4771 si
3089 4732 3208 4785 quae
3235 4716 3555 4770 eorumdem
3588 4716 3750 4768 virtu-

2175 4816 2255 4865 tes
2287 4825 2412 4866 esse
2433 4809 2713 4877 dicuntur,
2742 4824 2853 4864 non
2879 4816 3011 4864 sunt
3031 4810 3172 4864 bona
3203 4810 3470 4873 hominis,
3503 4820 3561 4863 ut
3594 4809 3750 4862 homo

2172 4910 2279 4966 est,
2312 4911 2366 4957 et
2390 4901 2513 4957 ideo
2543 4916 2640 4958 nec
2672 4903 2724 4958 in
2752 4903 2859 4958 illis
2893 4904 3050 4960 bonis
3077 4913 3206 4961 sunt
3237 4903 3507 4970 habenda,
3537 4918 3653 4972 qua:
3684 4902 3744 4955 ad

2173 4992 2575 5052 beatitudinem
2603 4998 2902 5067 pertinent.

2174 5127 2305 5183 Car.
2355 5126 2444 5183 XI.
2491 5128 2784 5186 Miseri-imi
2836 5131 3098 5199 deﬁnitio,
3131 5139 3222 5186 aut
3276 5132 3365 5202 qui
3430 5147 3546 5186 vere
3600 5130 3747 5183 miser

2857 5204 3085 5256 dicatur.

2246 5310 2405 5376 Item,
2458 5313 2587 5382 quia
2630 5313 2980 5369 miserrimus
3026 5314 3191 5369 homo
3248 5328 3349 5369 nec
3386 5312 3475 5367 ille
3525 5321 3628 5373 est,
3655 5313 3743 5378 qui

2176 5419 2452 5473 nusquam
2487 5415 2612 5470 est,
2641 5422 2741 5463 nec
2771 5407 2883 5474 ille,
2917 5408 3011 5477 qui
3062 5408 3223 5462 immo
3258 5423 3366 5461 non
3400 5411 3540 5475 esti:
3582 5418 3747 5473 equus

2174 5499 2324 5554 enim
2362 5514 2469 5552 non
2510 5499 2716 5554 dicitur
2758 5501 2924 5554 homo
2965 5500 3314 5556 miserrimus
3346 5516 3363 5554 :
3399 5498 3740 5554 manifestum

2177 5601 2283 5655 est,
2321 5593 2464 5658 quod
2507 5601 2641 5647 sunt
2676 5595 2857 5663 aliqua
2909 5592 3228 5648 communia
3260 5593 3500 5647 hominis
3528 5589 3665 5645 beati
3693 5597 3746 5642 et

2181 5684 2502 5739 miserrimi.
2531 5684 2667 5739 Cum
2700 5699 2832 5739 vero
2880 5683 3229 5740 miserrimus
3257 5684 3492 5749 dicatur,
3528 5680 3618 5749 qui
3649 5684 3744 5733 ha.

2180 5771 2273 5826 bet
2303 5772 2490 5826 omnia
2519 5773 2662 5827 mala
2699 5773 2959 5840 hominis,
2987 5783 3046 5828 ut
3077 5774 3243 5829 homo
3281 5782 3387 5839 est,
3428 5772 3499 5827 ita
3534 5781 3590 5825 ut
3616 5766 3744 5824 nihil

2180 5863 2308 5920 boui
2345 5863 2613 5932 hominis,
2651 5874 2709 5921 ut
2740 5864 2906 5922 homo
2941 5875 3042 5933 est,
3081 5867 3129 5922 ei
3165 5865 3542 5936 relinquatur:
3569 5859 3739 5931 sequi-
