4064 6494
448 434 586 498 1345

1522 430 1798 492 ETlIICA
1835 431 2258 492 SECUNDUM
2307 430 2642 496 STOICOS.

3567 435 3702 498 134.6

445 558 534 604 tur
564 549 700 603 nihil
751 565 936 604 eorum
972 565 1094 619 qua:
1124 559 1273 612 sunt.
1325 558 1421 605 aut
1453 565 1574 606 esse
1608 561 1838 620 possunt
1869 565 2018 604 com-
2045 555 2093 611 Α
2121 550 2361 604 externis
2385 590 2398 613 ,
2426 566 2545 618 quae
2577 549 2820 606 secunda
2871 560 2924 606 et
2960 550 3125 606 tertia
3179 562 3470 617 vocantur,
3503 569 3699 624 magna

445 640 630 695 munia
664 641 808 694 beati
841 650 893 694 et
924 643 1238 705 miserrimi,
1263 657 1490 711 quaeque
1519 645 1692 712 gratia
1717 655 1907 695 eorum
1938 657 2022 694 re-

445 730 762 799 quirttntttr,
790 729 992 784 bonum
1019 745 1140 784 esse
1166 731 1429 794 hominis,
1452 741 1508 784 ut
1535 733 1694 784 homo
1714 739 1815 784 est.
1842 729 2022 794 Quare

448 838 547 878 nec
584 823 637 875 in
682 821 790 875 illis
829 823 1138 891 hujusmodi
1191 834 1316 877 sunt
1347 823 1618 888 habenda,
1653 837 1774 892 quae
1830 822 2022 877 deﬁni-

448 920 592 969 tione
637 915 994 968 beatitudinis
1032 915 1595 984 comprehenduntur.

445 1030 578 1084 CAP.
615 1028 731 1085 XII.
779 1028 909 1094 Qua:
952 1028 1007 1080 in
1036 1027 1185 1082 bonis
1231 1028 1452 1082 hominis
1482 1028 1600 1098 iure
1631 1026 1875 1082 habenda
1906 1043 2023 1082 cen-

1113 1108 1358 1157 reantur.

517 1213 672 1276 Item,
702 1215 744 1268 si
766 1213 856 1268 illa
881 1214 1020 1268 bona
1041 1222 1248 1267 tantum
1281 1213 1482 1266 faciant
1511 1227 1606 1281 per
1640 1225 1700 1264 se
1733 1211 2011 1265 hominem

448 1302 692 1366 beatum,
715 1319 834 1371 quae
858 1303 1035 1372 ipsunt
1069 1303 1368 1367 hominem,
1402 1309 1464 1356 ut
1483 1311 1762 1354 ostensum
1787 1307 1892 1362 est,
1927 1301 2020 1353 bo-

447 1410 575 1446 num
614 1395 939 1463 simpliciter
973 1405 1028 1448 et
1058 1393 1385 1447 laudabilem
1431 1392 1664 1453 faciunt,
1701 1397 1756 1444 et
1795 1398 2017 1458 propter

444 1502 564 1555 quae
606 1486 729 1553 jure
773 1487 1051 1551 laudatur,
1082 1495 1135 1540 et
1198 1487 1362 1539 homo
1426 1487 1604 1538 bonus
1652 1483 2012 1552 appellatur;

444 1579 627 1631 omnia
661 1593 788 1630 vero
835 1577 1148 1645 hujusmodi
1183 1588 1311 1632 sunt
1351 1575 1684 1636 voluntaria,
1717 1583 1769 1626 et
1820 1573 1875 1626 in
1918 1586 2018 1641 po-

444 1679 642 1721 testate
677 1668 918 1721 hominis
945 1667 1209 1736 jacentia,
1238 1676 1291 1721 et
1317 1666 1493 1720 amitti
1522 1665 1710 1718 invitis
1734 1676 2018 1730 nequeun-

445 1760 518 1812 tia
547 1776 560 1812 :
591 1760 798 1812 nullum
826 1773 953 1827 ergo
981 1758 1192 1828 fragile,
1218 1756 1574 1820 etcaducum,
1593 1761 1646 1808 et
1669 1759 2012 1811 extraneum.

444 1851 500 1904 in
545 1860 731 1903 nostra
762 1858 1030 1920 potestate
1075 1867 1183 1904 non
1211 1850 1506 1912 exsistens,
1541 1855 1594 1900 et
1619 1845 1895 1915 exstingui
1958 1850 2025 1897 et

2125 649 2206 697 est
2246 644 2497 709 qumstio.
3169 690 3176 694 .

2205 734 2436 799 Quidam
2467 734 2609 787 enim
2636 736 2708 788 nil
2735 742 2930 804 pra'tcr
2959 736 3210 802 virtutes,
3231 737 3468 792 hominis
3496 737 3698 791 bonum

2123 838 2264 887 esse,
2294 825 2350 876 in
2385 833 2650 892 quantum
2687 827 2852 891 homo
2883 837 2987 890 est,
3029 843 3139 882 non
3168 829 3441 892 dubitant,
3471 829 3562 882 sed
3590 829 3698 882 adi-

2123 925 2334 971 mentes
2371 919 2642 986 praedictae
2704 919 3030 980 definitioni,
3081 928 3407 988 postremam
3458 921 3692 974 additio-

2123 1023 2268 1070 nem,
2300 1018 2352 1062 et
2405 1009 2733 1077 simpliciter
2786 1018 3051 1078 ponentes
3090 1012 3506 1074 beatitudinem,
3543 1027 3697 1066 cont-

2121 1101 2430 1168 plexionem
2463 1117 2585 1156 esse
2618 1104 2886 1156 bonorum
2923 1105 3161 1160 hominis
3186 1143 3202 1170 ,
3228 1107 3476 1160 nituntur
3506 1121 3696 1172 aggre-

2119 1208 2248 1262 gare
2270 1193 2334 1246 ad
2366 1193 2572 1246 beatam
2605 1196 2768 1247 vitam
2803 1195 3152 1264 explendam,
3191 1206 3246 1250 et
3278 1212 3536 1265 corporea
3576 1213 3696 1250 om~

2123 1284 2232 1346 nia,
2263 1294 2316 1338 et
2343 1292 2594 1346 externa,
2627 1285 2784 1354 quasi
2832 1286 2949 1340 sine
2984 1285 3102 1340 istis
3126 1302 3464 1358 nequaquam
3497 1288 3587 1342 illa
3616 1289 3697 1342 iu-

2123 1381 2272 1440 tegra
2318 1376 2497 1427 valeat
2541 1390 2684 1427 esse.
2715 1375 2818 1439 Qui
2858 1378 3208 1430 vehementer
3240 1393 3426 1432 errare
3465 1379 3694 1433 convin-

2119 1474 2339 1528 cttntur,
2369 1480 2433 1516 ex
2485 1465 2570 1518 his
2617 1481 2739 1533 qua:
2775 1467 3144 1519 communiter
3179 1477 3231 1522 et
3270 1470 3592 1522 naturaliter
3625 1469 3692 1522 de

2118 1555 2276 1610 beata
2303 1557 2416 1609 vita
2469 1560 2759 1612 sentimus.
2809 1558 3206 1614 Beatitudinem
3245 1561 3390 1616 enim
3433 1570 3687 1630 tanquam

2119 1666 2394 1706 summum
2431 1652 2632 1706 bonum
2665 1668 2858 1707 omnes
2890 1653 3244 1724 intelligimus
3271 1673 3284 1719 ;
3312 1669 3420 1723 quo
3453 1653 3568 1723 ipsa
3604 1669 3690 1708 res

2121 1757 2337 1797 summe
2367 1742 2507 1796 bona
2533 1759 2634 1798 suo
2669 1761 2864 1814 genere
2887 1745 3140 1802 efficitur.
3173 1747 3313 1816 Ergo
3334 1756 3387 1802 et
3417 1763 3689 1802 summum

2117 1833 2358 1888 hominis
2388 1835 2587 1889 bonum
2621 1835 3031 1906 intelligendum
3075 1848 3180 1899 est,
3214 1839 3373 1904 cujus
3399 1840 3690 1908 praesentia

442 1942 617 1996 amitti
665 1953 858 2011 potens
893 1943 1106 2005 invitis,
1141 1941 1448 1996 habendum
1492 1939 1651 1996 estin
1689 1953 1754 1994 eo
1793 1951 2005 2009 genere,

2121 1925 2286 1979 homo
2312 1941 2525 1980 summe
2556 1927 2732 1982 bonus
2762 1929 2920 1982 ltomo
2959 1928 3217 1984 ell'icitur.
3257 1931 3397 1986 Sola:
3421 1945 3550 2000 ergo
3582 1932 3692 1984 vir-

443 2037 588 2104 quod
612 2037 720 2091 vita
754 2035 908 2090 beata
937 2035 1341 2105 complectitur.

440 2175 569 2230 CAP.
599 2173 737 2228 XIII.
777 2173 926 2226 Bona
971 2189 1222 2243 corporea
1264 2185 1479 2227 externa
1514 2174 1585 2225 ad
1626 2169 2011 2225 beatitudinem

649 2246 894 2308 hominis,
921 2253 976 2297 ut
1007 2246 1160 2296 homo
1195 2255 1292 2308 est,
1317 2260 1417 2296 non
1449 2244 1729 2312 pertinent.

514 2355 669 2412 Patet
698 2357 863 2426 igitur
896 2371 960 2410 ex
1002 2355 1314 2420 conclusis,
1352 2355 1498 2426 quod
1548 2370 1646 2409 nec
1686 2354 2009 2430 indolentia,

443 2465 547 2504 nec
573 2464 837 2516 corporea
865 2451 1139 2517 voluptas,
1174 2463 1274 2502 nec
1297 2449 1525 2502 omnino
1563 2447 1769 2516 aliquid
1817 2461 2007 2502 eorum

443 2561 566 2615 quae
593 2545 851 2600 dicuntur
897 2557 1158 2612 corporea
1189 2543 1329 2596 bona
1357 2552 1410 2596 et
1435 2551 1658 2595 externa
1689 2583 1703 2606 ,
1733 2540 1801 2595 ad
1831 2540 2006 2594 beati-

443 2637 708 2701 tudinem,
747 2651 909 2705 quant
941 2635 1265 2704 quaerimus,
1293 2634 1550 2704 pertinet.
1577 2631 1813 2701 ;Ilorum
1860 2632 2006 2688 enim

443 2732 547 2784 alia
603 2740 730 2784 sunt
772 2729 1085 2782 communia
1124 2726 1360 2780 hominis
1406 2734 1460 2779 et
1495 2724 1794 2779 bestiarum
1827 2742 1840 2778 :
1880 2725 2006 2789 alia,

438 2819 581 2873 beati
617 2819 853 2872 hominis
897 2825 950 2871 et
984 2816 1317 2876 miserrimi;
1352 2822 1405 2886 et
1434 2814 1616 2868 omnia
1644 2815 2009 2868 communiter

436 2922 566 2966 sunt
609 2923 764 2967 extra
810 2920 1051 2964 nostram
1100 2917 1448 2974 potestatem,
1478 2918 1530 2962 ct
1555 2906 1792 2976 fragilia,
1834 2917 1888 2960 et
1918 2921 2008 2960 ca-

436 3001 600 3068 duca,
641 3011 696 3056 et
729 3001 1002 3068 exstingui
1031 3009 1086 3054 et
1104 2999 1278 3051 amitti
1305 2997 1489 3052 invitis
1537 3006 1765 3064 possunt
1788 3015 1803 3063 ;
1830 3005 1884 3051 et
1906 3013 2005 3051 nec

436 3097 618 3152 omnia
656 3095 842 3156 simul,
876 3107 972 3146 nec
1003 3092 1185 3158 aliqua
1220 3090 1438 3144 illorum
1468 3105 1564 3143 sua
1591 3088 1880 3158 praesentia
1905 3088 2004 3141 ho-

437 3191 640 3242 minem
663 3187 866 3239 bOnum
896 3183 1123 3246 faciunt,
1154 3181 1238 3236 vel
1267 3182 1336 3236 ab
1364 3181 1443 3235 eis
1467 3181 1629 3234 homo
1654 3181 1778 3248 jure
1809 3180 2001 3233 lauda-

437 3287 607 3341 tur,et
638 3277 815 3330 bonus
848 3275 1176 3344 appellatur.
1218 3273 1355 3342 Ergo
1387 3288 1511 3326 cutn
1542 3271 1856 3341 hujusmodi
1881 3287 1997 3326 otn-
2027 3253 2071 3310 (ἶ

435 3376 526 3426 nia
557 3373 779 3426 exclusa
813 3377 997 3424 essent
1025 3383 1054 3422 a
1085 3367 1420 3422 beatitudine
1449 3403 1464 3430 ,
1497 3374 1552 3422 et
1584 3365 1704 3435 ipsa
1737 3378 2002 3436 corporea

435 3475 490 3520 et
510 3474 736 3520 externa
767 3462 1080 3518 necessario
1114 3459 1505 3516 excluduntur.

502 3598 634 3655 Car.
665 3595 808 3654 XIV.
830 3597 962 3663 Quae
988 3597 1163 3667 {arma
1194 3597 1536 3652 beatitudinis
1565 3595 1929 3650 includantur.

504 3714 691 3784 Itaque
708 3713 1140 3782 circumscriptis
1158 3711 1414 3767 omnibus
1429 3712 1573 3778 aliis,
1598 3713 1662 3766 de
1681 3711 1878 3780 quibus
1904 3708 2002 3763 du-

434 3806 598 3860 bitari
625 3805 818 3874 possit,
842 3819 910 3859 ne
933 3805 988 3858 in
1015 3803 1190 3858 forma
1221 3803 1573 3858 beatitudinis
1603 3801 1995 3865 includantur;

435 3895 638 3949 relictis
668 3909 797 3948 vero
825 3895 958 3948 solis
987 3893 1156 3948 animi
1183 3893 1494 3959 virtutibus,
1519 3903 1572 3948 et
1592 3907 1779 3948 eorum
1809 3891 1997 3944 lauda-

435 3987 637 4042 bilibus
665 3987 999 4054 actionibus,
1048 4001 1171 4056 quae
1207 3987 1461 4043 videlicet
1511 4002 1611 4041 nec
1645 3985 1906 4049 hominis,
1942 3993 1998 4038 et

432 4079 758 4143 belluarum,
795 4095 895 4134 nec
923 4079 1064 4133 beati
1098 4090 1151 4134 et
1183 4081 1482 4135 miserrimi
1517 4093 1837 4136 communes
1874 4091 1997 4132 esse

433 4179 683 4241 possunt,
717 4182 770 4226 et
801 4171 975 4225 amitti
1010 4171 1190 4226 invitis
1215 4171 1371 4226 nobis
1411 4187 1519 4226 non
1550 4179 1801 4241 possunt,
1849 4183 1998 4238 quae-

431 4279 536 4334 que
576 4279 706 4318 vero
737 4264 1010 4318 hominem
1062 4265 1270 4320 bonum
1304 4272 1356 4318 et
1401 4263 1725 4317 laudabilem
1764 4261 1992 4325 faciunt,

429 4367 483 4411 et
505 4373 533 4410 a
564 4357 764 4426 quibus
797 4357 960 4409 homo
989 4356 1112 4424 jure
1140 4357 1391 4410 laudatur
1415 4395 1431 4422 ,
1465 4367 1518 4409 et
1543 4356 1718 4410 bonus
1747 4354 1993 4425 appella-

431 4459 556 4502 tur:
592 4446 940 4501 manifestum
963 4457 1066 4511 est,
1095 4448 1238 4516 quod
1265 4447 1446 4501 insola
1470 4447 1577 4500 vita
1604 4448 1843 4502 virtuosa
1864 4448 1994 4503 bea-

431 4541 606 4595 titudo
647 4539 892 4593 consistit
924 4557 936 4602 ;
974 4547 1028 4593 et
1058 4539 1234 4593 virtus
1261 4539 1441 4607 seipsa
1504 4548 1588 4592 est
1613 4549 1891 4603 contenta,
1923 4539 1988 4592 ad

432 4633 572 4685 bene
605 4631 870 4698 beateque
908 4629 1220 4685 vivendum.

507 4723 857 4789 Reliquorum
916 4736 1044 4773 vero
1101 4719 1233 4773 nihil
1268 4718 1334 4774 ad
1375 4735 1557 4774 veram
1601 4721 1988 4775 beatitudinem

435 4815 665 4882 pct'lillttl
694 4829 710 4876 ;
743 4813 834 4864 sed
869 4811 994 4865 dum
1029 4813 1189 4865 homo
1225 4813 1518 4866 virtutibus
1545 4821 1626 4866 est
1659 4813 1920 4874 imbutus,
1942 4823 1995 4870 et

433 4921 622 4958 (nunes
653 4919 783 4959 suas
814 4905 1168 4972 cogitationes
1217 4911 1272 4956 et
1303 4903 1568 4963 actiones,
1595 4913 1646 4958 et
1687 4904 1848 4958 vitam
1883 4905 1992 4957 vir-

436 5000 640 5050 tutibus
673 4997 990 5066 regulariter
1021 5005 1074 5051 et
1111 4997 1444 5060 moderatur,
1476 5005 1528 5050 et
1555 4997 1737 5065 dirigit
1767 5013 1778 5047 :
1817 4997 1996 5050 omni-

434 5090 533 5140 bus
555 5088 676 5141 aliis
695 5089 857 5141 rebus
876 5088 1224 5141 nascentibus
1247 5096 1300 5140 et
1326 5087 1667 5150 cadentibus,
1694 5096 1748 5141 et
1772 5103 1992 5156 quoquo

435 5185 591 5233 modo
625 5197 680 5235 se
725 5180 1048 5233 habentibus
1078 5219 1092 5244 ,
1143 5179 1214 5231 nil
1244 5177 1498 5232 adimitur
1531 5190 1624 5232 aut
1655 5180 1872 5234 additur
1918 5181 1988 5244 ei,

433 5288 538 5340 quo
569 5272 741 5342 magis
787 5271 1035 5324 minusve
1057 5271 1124 5323 sit
1149 5269 1356 5325 beatus.

429 5413 554 5467 CAP.
591 5407 704 5464 XV.
750 5409 993 5464 Secunda
1038 5417 1087 5461 et
1135 5409 1314 5468 tertia,
1371 5424 1487 5474 qua:
1542 5417 1812 5469 vocantur,
1871 5425 1990 5460 num

503 5484 686 5550 forma:
719 5481 1017 5550 quaerenda:
1059 5479 1402 5531 beatitudinis
1429 5479 1632 5530 includi
1677 5478 1919 5531 debeant.

501 5594 576 5647 De
602 5591 848 5647 scientiis
874 5591 1092 5660 quidem
1129 5597 1182 5644 ct
1213 5589 1445 5651 artibus,
1475 5588 1608 5642 nulli
1646 5589 1994 5659 philosopho-

434 5697 550 5734 rum
589 5680 859 5745 dubitant,
892 5689 1074 5733 utrum
1129 5680 1498 5733 necessarium
1535 5679 1607 5732 sit
1658 5688 1751 5732 aut
1806 5695 1995 5734 omnes

429 5772 817 5834 scientias,aut
841 5772 1052 5842 aliquas
1078 5781 1238 5834 artes,
1262 5772 1313 5824 in
1343 5769 1511 5823 forma
1547 5771 1848 5840 qutereuda:
1867 5772 1994 5826 hea-

430 5865 677 5920 titudiuis
710 5863 935 5920 includi.
973 5864 1042 5918 De
1059 5864 1222 5919 dictis
1254 5879 1381 5921 vero
1419 5865 1700 5932 corporeis
1728 5864 1888 5918 bouis
1942 5877 1994 5920 et

2119 2023 2264 2072 tutes
2300 2006 2656 2073 beatitudinis
2699 2019 2948 2073 obtinent
2979 2023 3366 2090 principatum.

2362 2131 2490 2186 CAP.
2524 2129 2664 2186 XVI.
2691 2130 2888 2186 Beatus
2910 2133 3080 2202 qualis
3101 2150 3208 2188 esse
3235 2133 3440 2189 debeat.

2186 2240 2320 2297 Item
2353 2242 2605 2296 volumus
2634 2243 2807 2306 illum,
2837 2258 2999 2311 quem
3027 2244 3259 2312 perfecte
3279 2246 3498 2301 beatum
3521 2217 3682 2303 intel-

2114 2334 2354 2402 ligimus,
2387 2342 2561 2388 tutum
2603 2348 2744 2398 esse,
2765 2335 3261 2402 inexpugnabilem,
3297 2348 3535 2407 septum,
3563 2357 3684 2392 tnu-

2113 2426 2309 2492 nitum,
2342 2426 2456 2480 suis
2477 2425 2636 2480 bonis
2661 2425 3020 2480 inerrabiliter
3050 2427 3436 2490 confidentem.
3469 2445 3682 2500 semper

2114 2519 2313 2572 habere
2330 2517 2476 2586 quod
2502 2517 2695 2579 vult,et
2726 2521 3187 2588 nunquam,quod
3222 2535 3330 2574 non
3359 2521 3469 2574 vult
3503 2539 3517 2575 :
3545 2538 3685 2576 nun-

2112 2623 2275 2677 quam
2308 2607 2577 2672 dubitare,
2597 2615 2774 2660 utrum
2811 2607 2964 2661 adest
2999 2607 3102 2662 sibi
3146 2608 3352 2678 integre
3381 2611 3678 2671 beatitudo,

2111 2716 2180 2754 an
2207 2714 2312 2753 non
2342 2714 2356 2765 ;
2391 2714 2672 2767 nunquam
2711 2699 2919 2759 timere.
2951 2716 3018 2753 ne
3047 2700 3250 2755 invitus
3274 2702 3486 2756 amittat
3513 2717 3630 2756 eam
3665 2719 3680 2766 ;

2112 2791 2259 2854 forti,
2297 2798 2350 2844 et
2395 2791 2641 2854 robusto,
2667 2799 2724 2844 et
2747 2791 2984 2852 excelso,
3022 2801 3075 2845 et
3103 2807 3300 2858 magno
3331 2794 3516 2848 animo
3535 2809 3679 2858 esse.

2109 2897 2435 2950 semperque
2469 2883 2521 2936 in
2563 2883 2750 2936 animo
2803 2883 3276 2952 tranquillitatem,
3303 2893 3354 2938 et
3413 2886 3680 2940 securita-

2107 2981 2238 3034 tem,
2265 2982 2321 3026 et
2353 2972 2775 3040 placidissimam
2813 2988 3020 3041 pacem,
3056 2983 3112 3027 et
3158 2983 3499 3030 constantem
3547 2979 3681 3032 hila-

2107 3066 2321 3119 ritatem
2360 3063 2584 3125 habere,
2609 3072 2662 3116 et
2693 3063 2996 3118 terroribus
3025 3073 3080 3118 et
3109 3071 3408 3134 angoribus
3449 3079 3502 3123 ct
3547 3083 3680 3124 nite

2105 3156 2251 3212 stitia
2291 3170 2526 3208 vacuum
2558 3169 2702 3209 esse.

2246 3267 2379 3323 CAP.
2405 3266 2571 3324 XVII.
2606 3267 2746 3334 Quid
2779 3269 2836 3322 in
2865 3285 2919 3322 se
2948 3269 3210 3322 contineat
3247 3271 3532 3328 beatitudo.

2174 3378 2301 3435 Haec
2355 3391 2533 3435 autem
2563 3381 2760 3454 omnia
2813 3383 3058 3436 continet
3093 3384 3362 3437 sententia
3406 3386 3671 3440 confecta:

2110 3473 2502 3528 conclusionis.
2564 3473 2695 3527 Nam
2735 3475 2780 3528 si
2808 3475 2955 3543 quis,
3017 3492 3137 3531 cum
3173 3478 3242 3530 sit
3272 3477 3569 3542 virtuosus,
3603 3479 3673 3532 ita

2105 3563 2422 3620 conclusam
2459 3565 2524 3619 de
2553 3564 2886 3621 beatitudine
2920 3567 3270 3631 sententiam,
3304 3569 3479 3622 vivam
3506 3581 3558 3622 et
3581 3570 3660 3622 ef.

2101 3660 2322 3714 ficacem
2354 3659 2537 3724 habet,
2568 3667 2620 3714 et
2644 3667 2814 3713 totum
2848 3664 3094 3714 animum
3139 3677 3234 3730 per
3262 3677 3454 3716 omnes
3483 3671 3670 3732 partes

2101 3759 2500 3821 penetrantem,
2561 3757 2620 3804 ut
2659 3757 2714 3804 et
2761 3755 2941 3805 omnis
2977 3753 3249 3820 appetitus
3299 3753 3668 3808 sitconsonns

2103 3844 2203 3906 illi,
2232 3854 2285 3897 et
2341 3843 2524 3912 aliqua
2566 3857 2878 3912 repugnans
2919 3844 3106 3912 opinio
3130 3860 3234 3897 non
3271 3845 3346 3898 sit
3376 3845 3560 3900 animo
3586 3846 3663 3899 la-

2100 3947 2238 4000 tens,
2271 3951 2389 4004 quae
2426 3934 2602 4003 possit
2642 3935 2938 4004 aliquando
2989 3936 3053 3988 ad
3079 3938 3412 3989 contrarium
3455 3937 3672 4007 appeti-

2100 4038 2212 4084 tum
2238 4029 2480 4081 animum
2522 4026 2867 4081 distrahere:
2900 4027 2989 4080 hic
3022 4041 3145 4080 cum
3185 4027 3324 4079 nihil
3383 4028 3576 4081 habeat
3612 4029 3664 4083 in

2098 4119 2257 4174 bonis
2283 4119 2389 4174 nisi
2440 4121 2719 4184 virtutem,
2776 4130 2830 4172 et
2860 4119 3000 4188 quod
3037 4135 3096 4172 ea
3134 4130 3326 4188 agatur
3355 4157 3370 4182 ,
3427 4121 3666 4189 reliqua-

2097 4228 2218 4266 rum
2249 4227 2378 4265 vero
2420 4227 2623 4275 rerum,
2652 4211 2785 4265 nihil
2823 4211 2926 4264 sibi
2952 4212 3151 4264 bonum
3192 4211 3274 4266 vel
3315 4213 3516 4266 malum
3579 4229 3666 4267 re-

2099 4313 2272 4374 putet,
2297 4303 2586 4372 videatque
2612 4304 2758 4372 quod
2785 4303 2964 4356 solum
2997 4303 3200 4357 bonum
3243 4304 3415 4362 novit.
3449 4318 3658 4373 semper

2097 4398 2198 4451 sibi
2237 4407 2406 4450 totum
2457 4413 2716 4465 praesens,
2771 4405 2825 4452 et
2850 4397 3026 4451 amitti
3080 4397 3251 4452 invito
3281 4413 3389 4452 non
3429 4401 3664 4467 patiens,

2097 4505 2323 4546 necesse
2338 4491 2688 4545 estutomnia
2715 4490 2803 4544 illa
2825 4491 2872 4544 ei
2897 4490 3230 4559 contingant,
3262 4507 3380 4560 quae
3408 4492 3663 4563 exposui-

2023 4589 2072 4648 ι)
2101 4596 2220 4632 ntus
2251 4582 2614 4632 communiter
2634 4594 2757 4633 vere
2789 4579 2855 4634 de
2886 4567 3044 4634 beato
3068 4579 3314 4648 intelligi.
3348 4580 3494 4637 Talis
3521 4583 3664 4636 enim

2097 4681 2245 4724 tutus
2279 4679 2381 4732 est,
2411 4669 2876 4739 inexpugnabilis,
2901 4671 3268 4725 inerrabiliter
3291 4673 3532 4742 illisquze
3566 4691 3663 4729 sua

2098 4763 2236 4815 bona
2261 4761 2385 4823 scit,
2445 4762 2766 4815 confidens:
2814 4776 3034 4830 semper
3066 4763 3228 4816 habet
3273 4765 3416 4832 quod
3455 4765 3586 4829 vult,
3611 4779 3663 4818 et

2097 4869 2401 4922 nunquam,
2448 4852 2594 4922 quod
2625 4869 2730 4906 non
2781 4853 2917 4908 vult.
2965 4851 3134 4908 Vacat
3161 4854 3304 4907 enim
3341 4855 3511 4919 vitiis,
3544 4872 3660 4925 (iure

2095 4959 2203 4998 non
2237 4946 2348 4999 vult
2371 4946 2594 5010 habere,
2624 4953 2677 4998 et
2707 4944 2751 4999 si
2771 4955 3034 5010 terrores,
3068 4952 3123 4999 et
3163 4945 3459 5009 mmstitirr,
3493 4956 3546 5000 et
3568 4963 3663 4999 au-

2097 5049 2277 5107 gorcs,
2312 5046 2369 5092 et
2403 5039 2522 5092 aliae
2549 5038 3012 5106 perturbationes,
3054 5053 3174 5108 qua:
3200 5040 3524 5108 contingunt
3599 5057 3663 5092 o-

2098 5134 2357 5197 minibus,
2387 5144 2605 5202 propter
2652 5151 2943 5203 corporeas
2972 5147 3026 5190 et
3076 5145 3332 5191 externas
3371 5153 3488 5191 res:
3535 5143 3660 5207 quia

2096 5233 2286 5294 putant
2329 5239 2422 5277 eas
2460 5224 2630 5277 malas
2655 5225 2738 5278 vel
2782 5226 2954 5279 bonas
2985 5239 3126 5290 esse,
3181 5235 3235 5280 et
3290 5227 3567 5296 pertinere
3598 5233 3662 5282 ad

2097 5332 2256 5371 suum
2289 5316 2491 5369 bonum
2538 5317 2623 5371 vel
2667 5317 2869 5371 malum
2903 5327 3144 5372 statum:
3179 5319 3523 5373 manifestum
3559 5332 3662 5387 est,

2096 5410 2237 5478 quod
2281 5411 2324 5462 si
2356 5409 2478 5478 quis
2515 5408 3156 5479 hujusmodiOpinionem
3191 5421 3243 5464 et
3272 5411 3569 5480 appetitum
3598 5415 3665 5467 ah

2099 5503 2292 5557 iisdem
2325 5504 2487 5556 rebus
2516 5503 2735 5572 penitus
2761 5503 3082 5568 removerit,
3107 5503 3240 5557 nihil
3264 5519 3485 5573 quoquo
3506 5507 3668 5560 modo

2099 5594 2380 5657 acciderit,
2453 5605 2657 5648 terrere
2716 5601 2770 5647 et
2802 5593 3119 5661 perturbare
3159 5611 3281 5650 eum
3321 5595 3538 5661 valebit,
3574 5609 3668 5652 aut

2098 5685 2243 5753 angi,
2279 5697 2332 5738 et
2371 5699 2398 5736 a
2425 5684 2734 5740 constantia
2773 5686 2979 5750 egredi,
3025 5694 3080 5740 et
3113 5702 3344 5741 moerere
3381 5686 3562 5743 faciet.
3603 5689 3667 5744 Et

2099 5776 2220 5829 i-leo
2276 5790 2495 5844 semper
2552 5777 2656 5829 erit
2705 5776 3032 5844 tranquillus
3119 5779 3336 5848 sibique
3396 5779 3665 5848 placatus.

2087 5867 2387 5939 _l‘rnpterea
2425 5867 2583 5922 fortis
2621 5868 3137 5940 magnanimusque,
3164 5885 3384 5941 semper
3407 5872 3664 5940 invictus,
