4064 6492
406 464 542 527 1349

1455 452 1731 514 ΕΤΗῘΟᾹ
1773 450 2197 511 SECUNDUM
2246 449 2585 513 STOIC()S.

3530 446 3662 513 1135’.)

397 581 482 633 nis
515 583 839 631 versantur:
870 572 923 626 in
984 567 1279 625 contrariis
1302 582 1432 621 vero
1462 582 1568 620 non
1599 585 1612 620 :
1651 574 1710 620 ut
1741 566 1785 620 si
1822 568 1975 619 beate
2011 576 2050 630 Α
2083 570 2285 622 minem
2328 582 2471 626 esse.
2502 577 2555 621 et
2581 567 2842 620 miserum
2895 565 3173 619 hominem
3224 580 3372 628 esse,
3420 577 3479 620 ut
3545 566 3664 633 ipse

398 672 582 725 vivere
606 676 693 722 est
739 668 983 720 virtuose
1035 677 1238 731 agere:
1287 660 1391 713 hoc
1442 671 1625 713 autem
1665 674 1772 711 non
1797 667 1979 726 petest

404 777 549 825 esse,
595 760 698 814 nisi
730 761 782 813 in
814 759 973 811 bonis
997 754 1248 821 corporis
1281 761 1336 807 et
1366 753 1628 814 externis,
1660 750 1978 805 necessario

399 854 780 910 concludatur.
840 860 1043 918 quanto
1083 848 1183 901 ista
1241 846 1575 908 dilabuntur,
1636 852 1785 896 tanto
1811 842 1975 896 vitam

399 949 614 1000 beatam
648 943 823 997 deﬁci.
859 940 989 993 Nam
1026 954 1133 992 non
1171 946 1254 992 est
1280 952 1443 990 casus
1479 936 1532 988 in
1565 935 1695 999 vita,
1732 950 1830 989 nec
1859 933 1977 987 for-

402 1047 553 1099 tuna,
588 1051 687 1089 nec
713 1043 951 1102 tempus,
990 1031 1043 1083 in
1074 1046 1182 1098 quo
1210 1043 1316 1081 non
1345 1028 1517 1097 possit
1550 1028 1631 1079 vir
1661 1025 1841 1080 bonus
1868 1025 1978 1077 vir-

367 1135 374 1144 '
404 1138 561 1181 tuose
582 1126 1047 1195 agere.Decenter
1064 1122 1206 1175 enim
1241 1128 1294 1173 et
1324 1118 1724 1172 rationabiliter
1765 1115 1977 1185 cogita-

375 1204 479 1283 :rc,
500 1221 701 1287 jacere,
728 1219 938 1281 sedere,
962 1225 1129 1280 stare,
1147 1214 1449 1277 ambulare,
1468 1221 1672 1275 tacere,
1693 1210 1861 1279 loqui,
1882 1208 1983 1262 tri-

404 1314 571 1366 buere
613 1310 829 1379 corpori
868 1304 1402 1369 necessaria,videre
1422 1304 1503 1358 vel
1529 1302 1718 1355 audire
1741 1300 1972 1370 aliquid,

402 1405 645 1459 membra
665 1402 912 1470 corporis
932 1414 1170 1461 movere,
1192 1396 1355 1451 alicui
1380 1397 1652 1451 assentire
1669 1402 1724 1447 et
1748 1407 1939 1463 parere
1963 1410 1976 1456 ;

402 1495 487 1548 vel
516 1510 613 1563 pro
631 1493 1006 1547 conservanda
1029 1490 1337 1542 constantia
1363 1495 1417 1540 et
1439 1487 1542 1541 ﬁde
1556 1486 1776 1539 dolores
1807 1494 1860 1539 et
1887 1484 1984 1536 da-

401 1591 964 1647 mnanonfreeusare:
990 1582 1189 1651 quibus
1214 1596 1320 1635 non
1344 1588 1517 1647 potest
1548 1581 1830 1632 virtttosus
1866 1576 1980 1631 ullo

404 1690 650 1747 tempore
668 1676 895 1729 omnino
912 1690 1100 1729 carere
1122 1690 1134 1726 :
1156 1672 1399 1728 actiones
1418 1673 1675 1726 virtutum
1692 1675 1767 1725 ’su
1779 1678 1858 1735 nt,
1877 1679 1930 1725 et
1950 1686 1979 1725 a

403 1774 605 1827 virtute
644 1771 1089 1839 proﬁciscuntur.
1112 1767 1316 1822 Omitto
1329 1769 1509 1822 dicere
1526 1768 1667 1838 quod
1687 1768 1978 1831 fortitudo,

401 1874 458 1920 et
481 1861 814 1933 magnitudo,
838 1869 891 1914 et
904 1858 1366 1914 excelsitasanimi
1382 1858 1437 1913 in
1458 1858 1703 1913 adversis
1721 1859 1883 1914 rebus
1902 1868 1983 1911 to-

2087 662 2251 714 homo
2291 658 2510 728 utrique
2535 659 2638 715 sub
2665 659 2733 711 iei
2772 658 2947 711 valeat
2981 676 2996 723 ;
3033 660 3285 727 sequitur
3322 658 3661 720 necessario,

2084 753 2229 823 quod
2261 761 2316 807 et
2343 753 2458 821 ipsa
2490 753 2627 805 bona
2656 765 2915 820 corporea
2970 762 3025 807 et
3089 764 3337 817 externa,
3395 769 3539 822 quae,
3603 763 3665 806 ιιι

2086 845 2410 914 simpliciter
2443 846 2616 897 simus
2660 853 2713 897 et
2752 844 3023 909 vivamus,
3069 847 3448 913 requiruntur,
3512 846 3666 899 simi-
3724 826 3745 907 ἕ

2085 938 2209 992 liter
2238 938 2347 991 sint
2368 945 2423 990 et
2446 936 2804 988 nominentur
2834 937 2976 988 bona
3010 943 3103 988 :ut
3130 938 3382 991 videlicet
3444 953 3552 990 nun
3610 940 3662 989 iu

2086 1032 2263 1086 forma
2298 1029 2650 1084 beatitudinis
2682 1038 2974 1096 ponantur,
2998 1029 3090 1083 sed
3121 1039 3379 1099 tanquam
3413 1043 3667 1083 commu-

2086 1121 2175 1176 nia
2210 1119 2444 1174 miseria:
2474 1119 2801 1173 beatitudini
2826 1119 3247 1173 submittantur.
3277 1119 3472 1186 Itaque
3522 1120 3667 1173 sicut

2086 1220 2337 1266 nostrum
2362 1225 2484 1265 esse
2508 1208 2753 1263 refertur
2770 1208 2988 1277 quidem
3021 1211 3089 1262 ad
3113 1199 3528 1272 beatitudinem,
3557 1226 3662 1262 non

2088 1314 2274 1360 tamen
2314 1313 2370 1357 ut
2402 1317 2527 1372 pars
2558 1343 2572 1367 ,
2602 1303 2693 1356 sed
2726 1312 2785 1355 ut
2811 1301 3139 1368 subjectum,
3165 1303 3281 1357 sine
3324 1317 3432 1371 quo
3486 1302 3663 1355 forma

2087 1413 2193 1451 non
2242 1396 2497 1451 exsistit:
2540 1395 2709 1449 simili
2765 1397 2931 1448 modo
2958 1404 3012 1448 et
3070 1395 3159 1448 illa
3208 1396 3376 1461 bona,
3422 1410 3541 1463 qua:
3597 1394 3664 1447 ad

2086 1489 2263 1559 ipsum
2332 1495 2580 1540 nostrum
2639 1500 2763 1541 esse
2824 1484 3164 1552 referuntur,
3228 1486 3501 1540 mediante
3546 1485 3666 1554 ipso

2086 1589 2278 1636 nostro
2307 1595 2450 1645 esse,
2472 1579 2536 1633 ad
2566 1578 2957 1659 beatitudinem
2990 1577 3274 1632 referenda
3307 1588 3456 1633 sunt.
3496 1579 3669 1648 Igitur

2086 1674 2340 1744 sicutqui
2371 1685 2473 1735 est,
2501 1675 2554 1727 in
2589 1682 2855 1742 quantum
2888 1681 2993 1735 est,
3022 1688 3129 1725 nou
3161 1682 3245 1727 est
3272 1673 3490 1725 beatior
3546 1672 3662 1734 illo,

2085 1767 2178 1837 qui
2212 1782 2318 1821 non
2350 1776 2433 1820 est
2469 1783 2484 1822 :
2519 1766 2589 1820 ita
2624 1776 2677 1819 et
2703 1766 2793 1835 qui
2829 1765 2991 1817 habet
3018 1765 3197 1832 plura,
3231 1764 3297 1817 de
3351 1764 3666 1833 hujusmotii

2086 1861 2267 1924 bonis,
2313 1876 2419 1914 non
2453 1860 2574 1913 ideo
2608 1869 2690 1914 est
2717 1860 2889 1928 magis
2919 1858 3134 1923 beatus,
3158 1873 3322 1926 quam
3353 1860 3445 1927 qui
3502 1856 3667 1911 habet

403 1963 516 2009 tam
546 1969 701 2007 suam
749 1953 855 2006 Vim
889 1951 1113 2015 habent.
1146 1951 1395 2019 SCireque
1414 1950 1986 2005 beneadversitatibus
2018 1945 2057 1999 Β
2090 1954 2371 2022 pauciora.
2411 1952 2609 2005 Beatus
2637 1950 2782 2005 enim
2820 1958 2876 2002 et
2908 1949 3088 2004 minus
3121 1949 3312 2003 beatus
3337 1950 3503 2002 homo
3554 1948 3668 2001 etii-

405 2047 512 2111 uti,
540 2062 771 2103 summa:
802 2045 1101 2115 prudentia:
1124 2054 1228 2098 est.
1263 2041 1376 2098 Nec
1399 2058 1506 2097 non
1531 2045 1724 2101 multa.
1755 2058 1876 2111 qua:
1903 2040 1982 2094 vi-

406 2139 609 2191 dentur
659 2151 781 2189 esse
809 2134 1137 2203 negationis,
1160 2133 1337 2186 locum
1393 2132 1593 2185 habent
1638 2146 1976 2185 summarum

406 2230 711 2284 actionum.
739 2226 874 2281 Cum
906 2226 1049 2281 enim
1078 2226 1376 2289 virtuosus,
1402 2234 1677 2294 pauperet
1701 2223 1978 2292 ignobilis,

404 2318 689 2381 deformis,
721 2327 774 2372 et
810 2317 1037 2371 claudus
1080 2325 1131 2385 et
1161 2315 1434 2379 infirmus,
1461 2314 1671 2369 nobiles
1704 2322 1759 2368 et
1790 2314 1985 2368 divites

404 2409 739 2469 admiretur,
797 2417 1155 2477 potentesque
1210 2416 1263 2460 et
1294 2422 1495 2461 sanos:
1530 2417 1581 2460 et
1618 2421 1676 2459 se
1700 2406 1982 2470 miserum,

402 2511 461 2556 et
522 2502 646 2556 illos
700 2502 889 2554 beatos
940 2510 993 2554 et
1027 2501 1210 2554 felices
1233 2508 1467 2568 reputet,
1499 2507 1552 2553 et
1584 2498 1705 2553 ideo
1738 2498 1861 2551 odio
1888 2512 1983 2551 eos

406 2594 627 2659 habeat,
661 2602 713 2646 et
746 2593 989 2646 invideat
1025 2593 1112 2655 iis,
1144 2593 1548 2661 cupiditateque
1581 2591 1849 2643 immensa
1889 2605 1979 2643 ar-

406 2689 555 2750 deat,
588 2696 640 2738 et
666 2702 867 2754 angore
902 2694 957 2739 et
1003 2684 1222 2738 tristitia
1264 2694 1319 2738 et
1366 2697 1605 2737 tnmrore
1664 2683 1903 2735 tabescat
1932 2690 1986 2733 et

404 2779 772 2848 deprimatur,
835 2777 1183 2844 divinamque
1235 2773 1664 2835 Providentiam,
1707 2772 1984 2841 opinionis

403 2886 616 2935 errore,
674 2880 769 2922 aut
803 2870 1029 2932 nullam,
1071 2868 1442 2935 autinjustam
1498 2881 1620 2919 esse
1647 2865 1927 2919 existimet
1964 2880 1977 2917 :

407 2960 495 3013 vir
544 2961 722 3015 bonus
774 2970 825 3013 et
858 2967 1005 3013 totus
1052 2965 1251 3012 nostra:
1300 2954 1609 3019 sententias,
1647 2969 1773 3008 cum
1820 2954 1872 3006 in
1908 2952 1984 3007 si-

407 3052 522 3104 mili
543 3066 673 3105 casu
698 3060 801 3114 est,
850 3049 924 3102 nil
959 3049 1190 3102 istorum
1227 3047 1453 3115 patitur,
1479 3061 1582 3099 nec
1612 3052 1829 3113 reputat
1858 3043 1980 3096 itlos

407 3149 463 3200 in
499 3144 712 3199 meliori
747 3159 872 3199 esse
904 3143 1243 3203 conditione,
1273 3156 1437 3209 quam
1467 3156 1548 3194 se.
1592 3140 1657 3193 Et
1690 3140 1810 3193 ideo
1828 3146 1979 3190 tran-

405 3236 582 3307 quillo
638 3236 769 3290 vivit
821 3235 1027 3299 animo,
1056 3243 1111 3288 et
1173 3233 1398 3286 minime
1438 3232 1789 3293 turbulento,
1822 3238 1879 3283 et
1912 3227 1979 3282 ad

410 3329 697 3381 interiores
725 3328 995 3388 actiones,
1024 3335 1077 3378 et
1101 3324 1147 3379 si
1186 3339 1309 3394 qua:
1334 3333 1463 3377 sunt
1498 3322 1823 3385 exteriores,
1862 3336 1981 3374 ma-

406 3420 557 3472 xime
602 3419 876 3487 expedito.
928 3415 1044 3469 Tali
1080 3416 1241 3487 igitur
1295 3416 1543 3469 ﬁrmitati
1580 3424 1635 3469 et
1656 3414 1982 3468 constantia:

406 3514 889 3575 animi.actiones,
932 3526 1071 3580 quas
1105 3510 1316 3580 possint
1346 3524 1507 3579 agere
1528 3508 1760 3562 virtuosi
1782 3508 1981 3561 divites

407 3621 467 3663 et
500 3618 774 3677 potentes.
812 3620 919 3658 non
965 3613 1091 3659 sunt
1124 3602 1533 3673 postponendte.
1569 3602 1704 3655 Dum
1732 3616 1861 3668 ergo
1893 3601 1985 3654 bo-

403 3718 516 3756 nus
564 3700 646 3754 vir
674 3700 804 3752 vivit
849 3705 1029 3760 etest,
1067 3710 1173 3750 non
1232 3703 1392 3749 vacat
1426 3692 1686 3748 virtuosis
1745 3692 1984 3745 actioni-

402 3796 536 3849 bus.
588 3790 769 3856 Quare
824 3804 923 3843 nec
950 3789 1056 3843 isto
1086 3787 1248 3841 modo
1286 3784 1533 3855 corporis
1564 3798 1687 3852 qua:
1718 3783 1980 3837 dicuntur

397 3896 465 3942 et
483 3895 705 3940 externa
735 3885 896 3941 bona,
919 3896 1059 3935 verte
1092 3878 1444 3934 beatitudinis
1481 3885 1664 3947 partes
1691 3884 1875 3930 erunt.

398 4026 543 4078 (ῘΑΡ.
597 4018 788 4073 XXIII.
850 4017 1048 4070 Divisio
1119 4016 1371 4068 bonorum
1432 4012 1712 4081 corporis,
1771 4021 1819 4063 et
1867 4025 1983 4079 qute

942 4096 1077 4140 extet
1092 4102 1160 4137 na
1179 4094 1458 4138 vocantur.

486 4209 558 4264 Ut
585 4218 765 4264 autem
802 4222 909 4261 non
939 4206 1223 4259 videamur
1258 4202 1328 4257 de
1362 4203 1586 4255 nomine
1638 4208 1852 4252 tantum
1911 4197 1987 4250 Ia-

399 4305 545 4360 bora
555 4317 609 4355 re
634 4300 793 4362 velle,
810 4297 1095 4353 commoda
1114 4296 1478 4360 nominantes,
1497 4308 1619 4361 qua:
1633 4307 1828 4346 omnes
1847 4291 1983 4344 bona

392 4395 729 4464 appellant,
770 4401 829 4444 ut
853 4389 1104 4444 vocabuli
1127 4388 1429 4442 mutatione
1461 4404 1487 4438 a
1545 4387 1882 4441 beatitudine
1908 4386 1985 4438 vi-

402 4488 645 4542 deantur
677 4481 988 4550 segregari,
1023 4482 1093 4533 ita
1123 4480 1193 4533 sit
1233 4481 1666 4549 procedendum.

484 4578 761 4641 Omnium,
791 4592 912 4644 qua:
931 4576 1072 4629 bona
1099 4573 1346 4639 corporis
1372 4581 1426 4627 et
1450 4583 1672 4626 externa
1702 4572 1982 4636 dicuntur,

404 4674 520 4731 alia
576 4670 895 4724 referuntur
943 4667 1007 4720 ad
1068 4674 1309 4719 nostram
1371 4666 1546 4732 ipsam
1601 4665 1982 4721 substantiam.

406 4766 552 4831 Quae
572 4764 791 4832 quidem
825 4762 897 4814 ita
923 4774 980 4815 se
1010 4759 1237 4822 habent,
1276 4770 1334 4812 ut
1366 4759 1488 4813 sine
1516 4758 1627 4813 illis
1656 4773 1779 4814 esse
1800 4768 1854 4813 et
1906 4758 1988 4812 vi-

404 4870 546 4909 vere
582 4868 689 4906 non
722 4850 1017 4904 valeamus.

490 4946 607 4998 Alia
642 4958 769 4997 vero
805 4943 872 4995 ad
919 4941 1020 4994 hoc
1053 4939 1255 4992 habent
1303 4954 1458 4993 suam
1491 4938 1623 4999 vim,
1690 4946 1749 4991 ut
1801 4939 1986 4992 minus

406 5038 651 5093 moleste
683 5044 736 5089 et
759 5031 1133 5087 delectabilius
1171 5031 1333 5083 vitam
1358 5030 1648 5084 ducamus.
1690 5029 1822 5094 Quae
1863 5029 1986 5097 qui-

403 5131 538 5183 dem
565 5127 631 5179 ad
658 5124 1005 5179 indolentiam
1042 5122 1232 5176 ultimo
1254 5129 1308 5175 et
1338 5122 1691 5189 voluptatem,
1742 5136 1863 5190 qua:
1886 5136 1979 5189 per

407 5232 720 5288 corporeos
752 5231 951 5271 sensus
977 5214 1299 5283 percipitur,
1327 5213 1667 5267 referuntur.

672 5330 805 5386 Car.
865 5325 1050 5383 XXIV.
1118 5326 1192 5379 De
1240 5325 1472 5379 membro
1495 5326 1716 5392 primo”

497 5446 640 5516 Ergo
669 5455 727 5498 ut
758 5446 825 5499 de
858 5444 1036 5513 primo
1067 5441 1313 5495 membro
1368 5442 1521 5510 prius
1566 5441 1799 5503 dicatur,
1858 5441 1987 5511 quia

412 5537 727 5598 substantia
756 5545 940 5589 nostra
966 5542 1019 5587 et
1072 5533 1249 5600 ipsum
1297 5546 1420 5585 esse
1470 5542 1719 5585 nostrum
1781 5533 1983 5587 bonum

413 5631 645 5704 quidem
675 5628 833 5682 nobis
872 5635 958 5681 est
996 5626 1146 5679 :tale
1196 5638 1326 5677 vero
1386 5624 1611 5687 bonum,
1654 5632 1848 5678 utnon
1920 5624 1992 5679 sit

416 5724 609 5792 aliqua
640 5736 770 5791 pars
797 5718 988 5772 forma!
1014 5716 1401 5781 beatitudinis,
1446 5717 1540 5770 sed
1576 5725 1633 5770 ut
1685 5718 1991 5771 communi-

412 5822 506 5867 ter
532 5822 641 5864 tam
676 5823 904 5863 summa:
931 5808 1181 5869 miseriae,
1223 5821 1387 5875 quam
1438 5807 1763 5861 beatitudini
1814 5806 1990 5877 subji-

409 5905 617 5960 ciatur.
660 5899 848 5952 Differt
870 5898 1013 5952 enim
1047 5897 1322 5952 hominem
1351 5912 1494 5963 esse,
1529 5909 1582 5953 et
1604 5898 1823 5954 beatum
1890 5900 1986 5953 h0-

2089 2047 2253 2109 citur,
2281 2046 2563 2099 additione
2592 2052 2643 2098 et
2695 2044 3068 2099 subtractione
3118 2043 3333 2096 illorum
3372 2044 3665 2106 bonorum,

2089 2152 2211 2208 quae
2242 2148 2369 2191 sunt
2413 2145 2597 2205 partes
2661 2136 2847 2189 formae
2920 2135 3295 2190 beatitudinis.
3344 2134 3665 2189 Nostrorum

2090 2239 2216 2277 vero
2238 2239 2377 2287 esse,
2418 2236 2471 2277 et
2503 2225 2641 2277 bona
2669 2264 2685 2287 ,
2716 2239 2836 2292 qum
2861 2224 2925 2277 ad
2957 2224 3129 2292 ipsum
3163 2225 3497 2286 referuntur,
3559 2239 3663 2276 non

2090 2326 2422 2384 suntpartes
2489 2316 2676 2370 formae
2731 2317 3106 2377 beatitudinis.
3165 2327 3326 2381 prout
3374 2326 3659 2370 ostensum

2087 2417 2190 2462 est.
2221 2408 2327 2461 Sed
2373 2387 2646 2469 videatur:
2689 2409 2732 2461 si
2777 2408 2971 2477 placet,
3028 2409 3297 2477 reliquum
3358 2413 3663 2462 mcmbtttut

2086 2501 2382 2569 praemissae
2406 2500 2716 2555 divisionis.

2085 2614 2215 2670 Cap.
2266 2615 2433 2670 XXV.
2477 2615 2777 2671 Secundum
2823 2617 3135 2670 membrum.
3206 2617 3508 2671 Indolentia
3618 2627 3667 2671 et

2529 2688 2796 2754 voluptas,
2816 2705 2918 2741 non
2948 2691 3238 2743 beatitudo.

2160 2775 2221 2829 Et
2257 2776 2490 2842 primum
2515 2779 2914 2833 ostendendum
2941 2781 3031 2842 sit,
3068 2783 3215 2847 quod
3255 2781 3555 2836 indolentia
3612 2792 3667 2833 et

2087 2868 2335 2937 voluptas
2364 2871 2614 2938 corporis
2646 2870 2699 2923 in
2738 2870 2915 2925 forma
2972 2874 3326 2926 beatitudinis
3385 2874 3510 2941 poni
3563 2875 3666 2926 mi-

2087 2961 2235 3013 nime
2265 2969 2513 3028 possunt.
2566 2959 2673 3013 Nec
2703 2961 2848 3015 enim
2902 2977 3025 3015 cum
3088 2964 3383 3017 virtutibus
3443 2964 3661 3017 beatam

2085 3053 2249 3104 vitam
2279 3051 2495 3119 explere
2539 3062 2793 3120 possunt,
2843 3067 2944 3107 nec
2966 3053 3087 3108 sine
3136 3054 3451 3107 virtutibus.
3508 3054 3663 3119 Quod

2086 3143 2129 3197 si
2168 3144 2286 3197 sine
2305 3144 2621 3210 virtutibus,
2650 3144 2703 3198 in
2729 3160 2944 3200 summa
2974 3148 3101 3201 sede
3128 3157 3486 3215 ponerentur,
3532 3162 3666 3201 coo-

2086 3235 2320 3303 tingeret
2345 3236 2763 3293 vitiosissimum
2791 3238 3070 3293 hominem
3112 3248 3167 3293 et
3201 3240 3420 3308 penitus
3471 3245 3666 3307 depra-

2088 3336 2271 3382 vatum
2301 3339 2351 3383 et
2378 3338 2696 3398 corruptum
2728 3330 2972 3385 animum
3008 3332 3297 3386 habentem
3336 3340 3501 3400 atque
3557 3332 3660 3384 im-

2087 3422 2235 3488 pium
2265 3430 2315 3473 et
2357 3419 2784 3484 inconstantem,
2822 3421 3039 3475 beatum
3065 3437 3189 3476 esse
3226 3422 3403 3488 :quod
3429 3431 3509 3477 cst
3534 3412 3664 3477 con-

2086 3520 2169 3587 tra
2204 3527 2519 3567 communes
2547 3513 2816 3567 notiones.
2859 3512 2927 3565 At
2962 3528 3094 3566 vero
3123 3528 3222 3568 nec
3256 3530 3380 3568 cum
3451 3516 3670 3568 virtuti-

2086 3605 2188 3659 bus
2218 3603 2609 3658 beatitudinem
2643 3603 2854 3657 etlicere
2883 3615 3147 3673 possunt;
3182 3621 3305 3660 cum
3331 3607 3477 3661 enim
3532 3609 3665 3663 bea-

2090 3694 2261 3749 titudo
2289 3696 2358 3748 sit
2393 3694 2631 3765 optimus
2660 3696 2825 3750 totius
2859 3696 2981 3751 vita:
3045 3704 3245 3761 status,
3300 3708 3533 3767 oportet,
3608 3709 3668 3754 ut

2087 3795 2320 3846 constet.
2355 3802 2461 3840 non
2495 3802 2562 3842 ex
2611 3787 3051 3857 discrepantibus
3088 3790 3359 3845 interdum
3394 3802 3447 3846 et
3507 3809 3665 3862 repn-

2088 3880 2521 3949 gnantibus,sed
2551 3897 2615 3934 ex
2646 3882 3009 3937 concordibus
3048 3897 3263 3951 semper
3295 3894 3348 3937 et
3380 3889 3665 3940 consonis.

2090 3972 2237 4026 Bona
2263 3973 2405 4026 enim
2443 3973 2626 4027 omnia
2684 3973 2924 4027 amicitia
2992 3983 3045 4028 ct
3094 3977 3396 4030 concordia
3447 3992 3666 4045 semper

2089 4066 2344 4137 gaudent.
2384 4063 2486 4120 Sed
2516 4066 2658 4119 inter
2706 4066 3086 4131 indolentiam,
3114 4077 3171 4123 et
3228 4069 3561 4139 voluptatem
3614 4083 3667 4125 ct

2088 4161 2318 4214 virtutes
2351 4174 2547 4228 magna
2609 4160 2966 4229 repugnantia
3000 4172 3057 4213 ut
3098 4161 3395 4231 plurimttm
3452 4175 3555 4220 est.
3608 4166 3665 4220 In

2089 4252 2370 4320 plerisque
2394 4251 2541 4305 enim
2571 4251 2907 4320 impossibile
2939 4262 3023 4307 est
3058 4254 3413 4309 indolentiam
3450 4267 3504 4311 et
3568 4274 3665 4312 vo-

2088 4343 2349 4411 luptatetn
2385 4342 2671 4410 consequi,
2727 4343 2832 4396 nisi
2878 4347 3199 4400 omittamus
3267 4346 3559 4399 honestum
3613 4358 3667 4401 et

2089 4436 2370 4501 decorum,
2394 4443 2449 4489 et
2471 4435 2877 4489 committamus
2905 4446 3058 4503 turpe
3075 4446 3127 4490 et
3164 4436 3508 4493 indecorum.
3530 4437 3665 4493 Nam

2090 4528 2134 4582 si
2176 4527 2375 4596 ubique
2404 4525 2656 4591 velimus,
2686 4542 2808 4595 qua:
2841 4527 2981 4581 ratio
3019 4527 3377 4591 fortitudinis,
3406 4530 3663 4598 justitia‘,

2018 4632 2060 4686 ι)
2092 4618 2482 4689 temperantiae,
2512 4626 2566 4673 et
2595 4619 2819 4672 omnino
2840 4632 3032 4674 natura
3065 4621 3281 4677 honesti
3316 4623 3509 4691 exigit,
3533 4639 3671 4677 con-

2094 4712 2279 4781 sequi:
2328 4712 2699 4765 necessarium
2762 4719 2865 4773 est,
2942 4727 3051 4766 non
3116 4714 3293 4767 solum
3356 4716 3673 4783 voluptates

2096 4813 2421 4871 postponere
2445 4841 2460 4865 ,
2493 4801 2588 4856 sed
2623 4802 2790 4856 etiam
2843 4818 3072 4873 magnos
3104 4807 3295 4861 subire
3328 4808 3562 4874 labores,
3615 4818 3669 4860 et

2091 4897 2318 4950 acerbos
2344 4896 2615 4951 sustinere
2643 4895 2882 4951 dolores.
2942 4897 3007 4950 Et
3035 4912 3067 4953 ο
3099 4901 3393 4963 contrario,
3462 4900 3505 4952 si
3564 4902 3668 4954 hoc

2094 4997 2461 5042 statueremus
2495 4987 2546 5040 in
2591 4987 2772 5049 nobis,
2810 4996 2867 5042 ut
2894 4990 3152 5042 omnibus
3205 4991 3381 5044 modis
3419 4990 3673 5058 volupta-

2096 5084 2204 5129 tem
2235 5078 2483 5145 corporis
2536 5085 2587 5132 et
2622 5078 2978 5133 indolentiam
3022 5094 3415 5146 sequeremur,
3458 5082 3667 5135 nullum

2095 5167 2277 5222 scelus
2305 5177 2466 5233 esset,
2504 5169 2710 5221 nttllum
2752 5169 2988 5235 facinus,
3020 5171 3232 5223 nullum
3284 5171 3523 5240 denique
3552 5187 3667 5225 ma-

2094 5257 2230 5321 lum,
2263 5259 2328 5313 ad
2361 5258 2502 5328 quod
2536 5260 3201 5330 suscipiendum,lieentia
3232 5264 3531 5330 proposita,
3557 5280 3666 5317 non

2095 5348 2514 5417 itnpelleremur.
2543 5350 2652 5403 Nec
2686 5366 2817 5420 ergo
2852 5367 2973 5405 cum
3006 5350 3327 5415 virtutibus,
3363 5368 3463 5407 nec
3522 5355 3667 5420 sine,

2096 5441 2344 5509 voluptas
2378 5451 2432 5496 et
2462 5443 2761 5497 indolentia
2796 5446 2847 5497 in
2881 5444 3053 5498 forma
3084 5444 3442 5501 beatitudinis
3486 5448 3670 5502 valent

2097 5534 2500 5587 commmerari.
2536 5533 2600 5587 Et
2627 5535 2751 5589 ideo
2784 5538 2966 5588 omnia
3005 5551 3268 5605 corporea
3306 5542 3443 5594 bona
3484 5549 3536 5594 et
3565 5556 3668 5595 ex-

2102 5633 2278 5689 terna,
2314 5624 2367 5677 itt
2406 5635 2670 5693 quantum
2707 5627 3018 5681 referuntur
3053 5629 3124 5682 ad
3189 5630 3365 5698 ipsam
3418 5631 3670 5685 indolen-

2103 5716 2232 5770 tiam
2260 5724 2313 5770 et
2340 5716 2693 5786 voluptatem,
2724 5720 3056 5787 segreganda
3090 5731 3220 5774 sunt
3255 5737 3281 5773 a
3310 5721 3485 5776 fotzma
3545 5722 3668 5775 bea-

2100 5808 2368 5864 titudinis.
2431 5809 2722 5865 Ostensum
2780 5819 2865 5865 est
2930 5821 3112 5867 autem
3177 5829 3297 5870 esse
3368 5816 3468 5869 hoc
3527 5815 3668 5868 idem

2099 5902 2286 5962 etiam.
2310 5902 2362 5958 in
2390 5914 2655 5973 quantum
2694 5903 3007 5959 referuntur
3036 5905 3101 5959 ad
3132 5905 3307 5976 ipsam
3343 5910 3655 5962 essentiam-
