  <div class='ocr_page' id='page_1' title='image "/cluster/home/n/w/nwhite01/storage/ocr_20150623/151:no.2/coo.31924054870567/685.png"; bbox 0 0 4064 6454; ppageno 0'>
   <div class='ocr_carea' id='block_1_1' title="bbox 505 365 641 432">
    <p class='ocr_par' dir='ltr' id='par_1_1' title="bbox 505 365 641 432">
     <span class='ocr_line' id='line_1_1' title="bbox 505 365 641 432; baseline -0.007 -1"><span class='ocrx_word' id='word_1_1' title='bbox 505 365 641 432; x_wconf 81' lang='grc'><strong>1351</strong></span> 
     </span>
    </p>
   </div>
   <div class='ocr_carea' id='block_1_2' title="bbox 1602 359 2628 426">
    <p class='ocr_par' dir='ltr' id='par_1_2' title="bbox 1602 359 2628 426">
     <span class='ocr_line' id='line_1_2' title="bbox 1602 359 2628 426; baseline -0.006 -2"><span class='ocrx_word' id='word_1_2' title='bbox 1602 362 2000 426; x_wconf 75' lang='lat' dir='ltr'><strong>BARLAAMI</strong></span> <span class='ocrx_word' id='word_1_3' title='bbox 2045 362 2146 424; x_wconf 88' lang='lat' dir='ltr'><strong>DE</strong></span> <span class='ocrx_word' id='word_1_4' title='bbox 2188 359 2628 423; x_wconf 80' lang='lat' dir='ltr'><strong>SEMINARIA</strong></span> 
     </span>
    </p>
   </div>
   <div class='ocr_carea' id='block_1_3' title="bbox 3639 349 3757 414">
    <p class='ocr_par' dir='ltr' id='par_1_3' title="bbox 3639 349 3757 414">
     <span class='ocr_line' id='line_1_3' title="bbox 3639 349 3757 414; baseline 0.008 -1"><span class='ocrx_word' id='word_1_5' title='bbox 3639 349 3657 413; x_wconf 88' lang='lat' dir='ltr'><strong>i</strong></span> <span class='ocrx_word' id='word_1_6' title='bbox 3668 352 3757 414; x_wconf 65' lang='lat'><strong>352</strong></span> 
     </span>
    </p>
   </div>
   <div class='ocr_carea' id='block_1_4' title="bbox 499 466 3759 550">
    <p class='ocr_par' dir='ltr' id='par_1_4' title="bbox 499 466 3759 550">
     <span class='ocr_line' id='line_1_4' title="bbox 499 466 3759 550; baseline -0.006 -14"><span class='ocrx_word' id='word_1_7' title='bbox 499 481 731 537; x_wconf 83' lang='lat' dir='ltr'><strong>Penitus</strong></span> <span class='ocrx_word' id='word_1_8' title='bbox 776 491 911 550; x_wconf 80' lang='lat' dir='ltr'><strong>ergo</strong></span> <span class='ocrx_word' id='word_1_9' title='bbox 962 487 1320 548; x_wconf 81' lang='lat' dir='ltr'><strong>segregantur</strong></span> <span class='ocrx_word' id='word_1_10' title='bbox 1356 476 1424 531; x_wconf 88' lang='lat' dir='ltr'><strong>ab</strong></span> <span class='ocrx_word' id='word_1_11' title='bbox 1472 476 1581 533; x_wconf 81' lang='lat' dir='ltr'><strong>illis</strong></span> <span class='ocrx_word' id='word_1_12' title='bbox 1626 479 1810 546; x_wconf 89' lang='lat' dir='ltr'><strong>bonis,</strong></span> <span class='ocrx_word' id='word_1_13' title='bbox 1835 496 1956 548; x_wconf 76' lang='lat' dir='ltr'><strong>qua:</strong></span> <span class='ocrx_word' id='word_1_14' title='bbox 1978 478 2091 536; x_wconf 85' lang='lat' dir='ltr'><strong>for—</strong></span> <span class='ocrx_word' id='word_1_15' title='bbox 2123 486 2169 542; x_wconf 72' lang='grc' dir='ltr'>Α</span> <span class='ocrx_word' id='word_1_16' title='bbox 2195 477 2327 533; x_wconf 74' lang='lat' dir='ltr'><strong>CAP.</strong></span> <span class='ocrx_word' id='word_1_17' title='bbox 2374 473 2570 550; x_wconf 56' lang='lat' dir='ltr'><strong>XXIX.</strong></span> <span class='ocrx_word' id='word_1_18' title='bbox 2628 469 2780 550; x_wconf 85' lang='lat' dir='ltr'><strong>No_n_</strong></span> <span class='ocrx_word' id='word_1_19' title='bbox 2808 468 3115 550; x_wconf 63' lang='lat' dir='ltr'><strong>commoda.</strong></span> <span class='ocrx_word' id='word_1_20' title='bbox 3173 466 3265 550; x_wconf 57' lang='lat' dir='ltr'><strong>sed</strong></span> <span class='ocrx_word' id='word_1_21' title='bbox 3295 466 3515 549; x_wconf 61' lang='lat' dir='ltr'><strong>aﬁectus</strong></span> <span class='ocrx_word' id='word_1_22' title='bbox 3548 481 3664 531; x_wconf 84' lang='lat' dir='ltr'><strong>erqa</strong></span> <span class='ocrx_word' id='word_1_23' title='bbox 3698 482 3759 518; x_wconf 89' lang='lat' dir='ltr'><strong>ea</strong></span> 
     </span>
    </p>
   </div>
   <div class='ocr_carea' id='block_1_5' title="bbox 502 568 1448 630">
    <p class='ocr_par' dir='ltr' id='par_1_5' title="bbox 502 568 1448 630">
     <span class='ocr_line' id='line_1_5' title="bbox 502 568 1448 630; baseline -0.008 -1"><span class='ocrx_word' id='word_1_24' title='bbox 502 589 649 630; x_wconf 89' lang='lat' dir='ltr'><strong>mam</strong></span> <span class='ocrx_word' id='word_1_25' title='bbox 683 568 1045 628; x_wconf 90' lang='lat' dir='ltr'><strong>beatitudinis</strong></span> <span class='ocrx_word' id='word_1_26' title='bbox 1080 569 1448 623; x_wconf 87' lang='lat' dir='ltr'><strong>constituunt.</strong></span> 
     </span>
    </p>
   </div>
   <div class='ocr_carea' id='block_1_6' title="bbox 507 684 2099 766">
    <p class='ocr_par' dir='ltr' id='par_1_6' title="bbox 507 684 2099 766">
     <span class='ocr_line' id='line_1_6' title="bbox 507 684 2099 766; baseline -0.009 -20"><span class='ocrx_word' id='word_1_27' title='bbox 507 693 638 747; x_wconf 74' lang='lat' dir='ltr'><strong>CAP.</strong></span> <span class='ocrx_word' id='word_1_28' title='bbox 691 687 890 745; x_wconf 79' lang='lat' dir='ltr'><strong>XXVI.</strong></span> <span class='ocrx_word' id='word_1_29' title='bbox 945 685 1021 737; x_wconf 83' lang='lat' dir='ltr'><strong>De</strong></span> <span class='ocrx_word' id='word_1_30' title='bbox 1046 684 1197 738; x_wconf 74' lang='lat' dir='ltr'><strong>bouis</strong></span> <span class='ocrx_word' id='word_1_31' title='bbox 1247 685 1621 766; x_wconf 59' lang='lat' dir='ltr'><strong>etconzmodis</strong></span> <span class='ocrx_word' id='word_1_32' title='bbox 1650 701 1771 753; x_wconf 74' lang='lat' dir='ltr'><strong>qua:</strong></span> <span class='ocrx_word' id='word_1_33' title='bbox 1818 684 2099 752; x_wconf 74' lang='grc' dir='ltr'><strong>ινίριὶςίιει·</strong></span> 
     </span>
    </p>
   </div>
   <div class='ocr_carea' id='block_1_7' title="bbox 1175 765 1436 810">
    <p class='ocr_par' dir='ltr' id='par_1_7' title="bbox 1175 765 1436 810">
     <span class='ocr_line' id='line_1_7' title="bbox 1175 765 1436 810; baseline 0.008 -2"><span class='ocrx_word' id='word_1_34' title='bbox 1175 765 1436 810; x_wconf 75' lang='lat' dir='ltr'><strong>eventum.</strong></span> 
     </span>
    </p>
   </div>
   <div class='ocr_carea' id='block_1_8' title="bbox 579 868 2099 945">
    <p class='ocr_par' dir='ltr' id='par_1_8' title="bbox 579 868 2099 945">
     <span class='ocr_line' id='line_1_8' title="bbox 579 868 2099 945; baseline -0.007 -13"><span class='ocrx_word' id='word_1_35' title='bbox 579 878 684 932; x_wconf 91' lang='lat' dir='ltr'><strong>lsta</strong></span> <span class='ocrx_word' id='word_1_36' title='bbox 720 876 1078 945; x_wconf 85' lang='lat' dir='ltr'><strong>itaque,quae</strong></span> <span class='ocrx_word' id='word_1_37' title='bbox 1114 883 1314 942; x_wconf 58' lang='lat' dir='ltr'><strong>praeter</strong></span> <span class='ocrx_word' id='word_1_38' title='bbox 1339 872 1571 924; x_wconf 88' lang='lat' dir='ltr'><strong>virtutes</strong></span> <span class='ocrx_word' id='word_1_39' title='bbox 1601 869 1766 939; x_wconf 80' lang='lat' dir='ltr'><strong>vulgo</strong></span> <span class='ocrx_word' id='word_1_40' title='bbox 1815 869 1960 924; x_wconf 83' lang='lat' dir='ltr'><strong>bona</strong></span> <span class='ocrx_word' id='word_1_41' title='bbox 2014 868 2099 923; x_wconf 80' lang='lat' dir='ltr'><strong>di-</strong></span> 
     </span>
    </p>
   </div>
   <div class='ocr_carea' id='block_1_9' title="bbox 510 965 2101 1033">
    <p class='ocr_par' dir='ltr' id='par_1_9' title="bbox 510 965 2101 1033">
     <span class='ocr_line' id='line_1_9' title="bbox 510 965 2101 1033; baseline -0.006 -7"><span class='ocrx_word' id='word_1_42' title='bbox 510 980 735 1033; x_wconf 88' lang='lat' dir='ltr'><strong>cuntur,</strong></span> <span class='ocrx_word' id='word_1_43' title='bbox 771 979 825 1024; x_wconf 88' lang='lat' dir='ltr'><strong>et</strong></span> <span class='ocrx_word' id='word_1_44' title='bbox 854 984 887 1023; x_wconf 87' lang='lat' dir='ltr'><strong>a</strong></span> <span class='ocrx_word' id='word_1_45' title='bbox 921 967 1128 1024; x_wconf 80' lang='lat' dir='ltr'><strong>Stoicis</strong></span> <span class='ocrx_word' id='word_1_46' title='bbox 1161 966 1455 1021; x_wconf 87' lang='lat' dir='ltr'><strong>commoda</strong></span> <span class='ocrx_word' id='word_1_47' title='bbox 1488 965 1859 1033; x_wconf 83' lang='lat' dir='ltr'><strong>appellantur,</strong></span> <span class='ocrx_word' id='word_1_48' title='bbox 1891 976 1944 1019; x_wconf 89' lang='lat' dir='ltr'><strong>et</strong></span> <span class='ocrx_word' id='word_1_49' title='bbox 1966 979 2101 1018; x_wconf 90' lang='lat' dir='ltr'><strong>con-</strong></span> 
     </span>
    </p>
   </div>
   <div class='ocr_carea' id='block_1_10' title="bbox 508 1057 2102 1128">
    <p class='ocr_par' dir='ltr' id='par_1_10' title="bbox 508 1057 2102 1128">
     <span class='ocr_line' id='line_1_10' title="bbox 508 1057 2102 1128; baseline -0.005 -10"><span class='ocrx_word' id='word_1_50' title='bbox 508 1064 677 1118; x_wconf 87' lang='lat' dir='ltr'><strong>traria</strong></span> <span class='ocrx_word' id='word_1_51' title='bbox 703 1060 1080 1122; x_wconf 81' lang='lat' dir='ltr'><strong>incommoda,</strong></span> <span class='ocrx_word' id='word_1_52' title='bbox 1120 1059 1323 1128; x_wconf 89' lang='lat' dir='ltr'><strong>triplici</strong></span> <span class='ocrx_word' id='word_1_53' title='bbox 1364 1058 1526 1112; x_wconf 85' lang='lat' dir='ltr'><strong>modo</strong></span> <span class='ocrx_word' id='word_1_54' title='bbox 1552 1058 1943 1115; x_wconf 78' lang='lat' dir='ltr'><strong>eveniunt:cx</strong></span> <span class='ocrx_word' id='word_1_55' title='bbox 1993 1057 2102 1110; x_wconf 83' lang='lat' dir='ltr'><strong>vir-</strong></span> 
     </span>
    </p>
   </div>
   <div class='ocr_carea' id='block_1_11' title="bbox 505 1155 1316 1222">
    <p class='ocr_par' dir='ltr' id='par_1_11' title="bbox 505 1155 1316 1222">
     <span class='ocr_line' id='line_1_11' title="bbox 505 1155 1316 1222; baseline -0.007 -12"><span class='ocrx_word' id='word_1_56' title='bbox 505 1165 642 1218; x_wconf 90' lang='lat' dir='ltr'><strong>tute,</strong></span> <span class='ocrx_word' id='word_1_57' title='bbox 680 1169 749 1209; x_wconf 77' lang='lat' dir='ltr'><strong>ex</strong></span> <span class='ocrx_word' id='word_1_58' title='bbox 780 1155 966 1222; x_wconf 86' lang='lat' dir='ltr'><strong>culpa.</strong></span> <span class='ocrx_word' id='word_1_59' title='bbox 1000 1168 1069 1207; x_wconf 77' lang='lat' dir='ltr'><strong>ex</strong></span> <span class='ocrx_word' id='word_1_60' title='bbox 1097 1159 1316 1205; x_wconf 89' lang='lat' dir='ltr'><strong>neutro.</strong></span> 
     </span>
    </p>
   </div>
   <div class='ocr_carea' id='block_1_12' title="bbox 578 1241 2097 1317">
    <p class='ocr_par' dir='ltr' id='par_1_12' title="bbox 578 1241 2097 1317">
     <span class='ocr_line' id='line_1_12' title="bbox 578 1241 2097 1317; baseline -0.004 -16"><span class='ocrx_word' id='word_1_61' title='bbox 578 1248 655 1302; x_wconf 78' lang='lat' dir='ltr'><strong>Ex</strong></span> <span class='ocrx_word' id='word_1_62' title='bbox 689 1248 891 1301; x_wconf 86' lang='lat' dir='ltr'><strong>virtute</strong></span> <span class='ocrx_word' id='word_1_63' title='bbox 937 1247 1018 1317; x_wconf 91' lang='lat' dir='ltr'><strong>(ut</strong></span> <span class='ocrx_word' id='word_1_64' title='bbox 1070 1260 1098 1297; x_wconf 87' lang='lat' dir='ltr'><strong>a</strong></span> <span class='ocrx_word' id='word_1_65' title='bbox 1131 1242 1438 1298; x_wconf 88' lang='lat' dir='ltr'><strong>commodis</strong></span> <span class='ocrx_word' id='word_1_66' title='bbox 1470 1241 1781 1313; x_wconf 80' lang='lat' dir='ltr'><strong>incipiam),</strong></span> <span class='ocrx_word' id='word_1_67' title='bbox 1812 1250 1873 1297; x_wconf 91' lang='lat' dir='ltr'><strong>ut</strong></span> <span class='ocrx_word' id='word_1_68' title='bbox 1946 1257 2097 1311; x_wconf 61' lang='lat' dir='ltr'><strong>quaa-</strong></span> 
     </span>
    </p>
   </div>
   <div class='ocr_carea' id='block_1_13' title="bbox 507 1332 2101 1413">
    <p class='ocr_par' dir='ltr' id='par_1_13' title="bbox 507 1332 2101 1413">
     <span class='ocr_line' id='line_1_13' title="bbox 507 1332 2101 1413; baseline -0.005 -18"><span class='ocrx_word' id='word_1_69' title='bbox 507 1354 730 1409; x_wconf 89' lang='lat' dir='ltr'><strong>cunque</strong></span> <span class='ocrx_word' id='word_1_70' title='bbox 782 1339 996 1413; x_wconf 82' lang='lat' dir='ltr'><strong>homin_i</strong></span> <span class='ocrx_word' id='word_1_71' title='bbox 1059 1338 1128 1390; x_wconf 87' lang='lat' dir='ltr'><strong>ab</strong></span> <span class='ocrx_word' id='word_1_72' title='bbox 1181 1334 1498 1388; x_wconf 86' lang='lat' dir='ltr'><strong>hominibus</strong></span> <span class='ocrx_word' id='word_1_73' title='bbox 1566 1343 1792 1402; x_wconf 81' lang='lat' dir='ltr'><strong>propter</strong></span> <span class='ocrx_word' id='word_1_74' title='bbox 1842 1332 2101 1389; x_wconf 80' lang='lat' dir='ltr'><strong>virtutem</strong></span> 
     </span>
    </p>
   </div>
   <div class='ocr_carea' id='block_1_14' title="bbox 507 1425 2103 1497">
    <p class='ocr_par' dir='ltr' id='par_1_14' title="bbox 507 1425 2103 1497">
     <span class='ocr_line' id='line_1_14' title="bbox 507 1425 2103 1497; baseline -0.001 -13"><span class='ocrx_word' id='word_1_75' title='bbox 507 1431 849 1485; x_wconf 87' lang='lat' dir='ltr'><strong>tribuuntur.</strong></span> <span class='ocrx_word' id='word_1_76' title='bbox 876 1428 995 1495; x_wconf 82' lang='lat' dir='ltr'><strong>Vel,</strong></span> <span class='ocrx_word' id='word_1_77' title='bbox 1033 1428 1079 1482; x_wconf 90' lang='lat' dir='ltr'><strong>si</strong></span> <span class='ocrx_word' id='word_1_78' title='bbox 1108 1429 1232 1497; x_wconf 89' lang='lat' dir='ltr'><strong>quis</strong></span> <span class='ocrx_word' id='word_1_79' title='bbox 1263 1428 1534 1497; x_wconf 87' lang='lat' dir='ltr'><strong>optimum</strong></span> <span class='ocrx_word' id='word_1_80' title='bbox 1568 1427 1737 1481; x_wconf 89' lang='lat' dir='ltr'><strong>filium</strong></span> <span class='ocrx_word' id='word_1_81' title='bbox 1759 1425 1955 1492; x_wconf 82' lang='lat' dir='ltr'><strong>habet,</strong></span> <span class='ocrx_word' id='word_1_82' title='bbox 1978 1442 2103 1482; x_wconf 91' lang='lat' dir='ltr'><strong>cum</strong></span> 
     </span>
    </p>
   </div>
   <div class='ocr_carea' id='block_1_15' title="bbox 510 1516 2103 1588">
    <p class='ocr_par' dir='ltr' id='par_1_15' title="bbox 510 1516 2103 1588">
     <span class='ocr_line' id='line_1_15' title="bbox 510 1516 2103 1588; baseline -0.001 -15"><span class='ocrx_word' id='word_1_83' title='bbox 510 1520 624 1588; x_wconf 89' lang='lat' dir='ltr'><strong>ipse</strong></span> <span class='ocrx_word' id='word_1_84' title='bbox 648 1535 778 1574; x_wconf 88' lang='lat' dir='ltr'><strong>eum</strong></span> <span class='ocrx_word' id='word_1_85' title='bbox 820 1522 955 1573; x_wconf 85' lang='lat' dir='ltr'><strong>bene</strong></span> <span class='ocrx_word' id='word_1_86' title='bbox 997 1519 1348 1573; x_wconf 84' lang='lat' dir='ltr'><strong>educavisset</strong></span> <span class='ocrx_word' id='word_1_87' title='bbox 1389 1533 1406 1572; x_wconf 89' lang='lat'><strong>:</strong></span> <span class='ocrx_word' id='word_1_88' title='bbox 1446 1516 1555 1579; x_wconf 87' lang='lat' dir='ltr'><strong>vel,</strong></span> <span class='ocrx_word' id='word_1_89' title='bbox 1584 1532 1674 1572; x_wconf 89' lang='lat' dir='ltr'><strong>res</strong></span> <span class='ocrx_word' id='word_1_90' title='bbox 1706 1516 1998 1572; x_wconf 81' lang='lat' dir='ltr'><strong>familiaris</strong></span> <span class='ocrx_word' id='word_1_91' title='bbox 2035 1532 2103 1572; x_wconf 82' lang='lat' dir='ltr'><strong>ex</strong></span> 
     </span>
    </p>
   </div>
   <div class='ocr_carea' id='block_1_16' title="bbox 511 1609 2101 1681">
    <p class='ocr_par' dir='ltr' id='par_1_16' title="bbox 511 1609 2101 1681">
     <span class='ocr_line' id='line_1_16' title="bbox 511 1609 2101 1681; baseline 0.001 -17"><span class='ocrx_word' id='word_1_92' title='bbox 511 1612 825 1681; x_wconf 80' lang='lat' dir='ltr'><strong>prudentia,</strong></span> <span class='ocrx_word' id='word_1_93' title='bbox 861 1611 982 1665; x_wconf 85' lang='lat' dir='ltr'><strong>sine</strong></span> <span class='ocrx_word' id='word_1_94' title='bbox 1018 1611 1225 1679; x_wconf 85' lang='lat' dir='ltr'><strong>injuria</strong></span> <span class='ocrx_word' id='word_1_95' title='bbox 1291 1610 1565 1679; x_wconf 86' lang='lat' dir='ltr'><strong>acquisita</strong></span> <span class='ocrx_word' id='word_1_96' title='bbox 1614 1619 1671 1665; x_wconf 95' lang='lat' dir='ltr'><strong>et</strong></span> <span class='ocrx_word' id='word_1_97' title='bbox 1720 1609 2051 1679; x_wconf 83' lang='lat' dir='ltr'><strong>ampliﬁcata</strong></span> <span class='ocrx_word' id='word_1_98' title='bbox 2086 1628 2101 1666; x_wconf 88' lang='lat'><strong>:</strong></span> 
     </span>
    </p>
   </div>
   <div class='ocr_carea' id='block_1_17' title="bbox 511 1703 2102 1774">
    <p class='ocr_par' dir='ltr' id='par_1_17' title="bbox 511 1703 2102 1774">
     <span class='ocr_line' id='line_1_17' title="bbox 511 1703 2102 1774; baseline 0.001 -19"><span class='ocrx_word' id='word_1_99' title='bbox 511 1706 618 1771; x_wconf 83' lang='lat' dir='ltr'><strong>vel,</strong></span> <span class='ocrx_word' id='word_1_100' title='bbox 651 1706 907 1761; x_wconf 83' lang='lat' dir='ltr'><strong>sanitatis</strong></span> <span class='ocrx_word' id='word_1_101' title='bbox 939 1715 993 1760; x_wconf 90' lang='lat' dir='ltr'><strong>et</strong></span> <span class='ocrx_word' id='word_1_102' title='bbox 1027 1705 1228 1761; x_wconf 88' lang='lat' dir='ltr'><strong>virium</strong></span> <span class='ocrx_word' id='word_1_103' title='bbox 1264 1719 1329 1758; x_wconf 82' lang='lat' dir='ltr'><strong>ex</strong></span> <span class='ocrx_word' id='word_1_104' title='bbox 1358 1703 1692 1759; x_wconf 80' lang='lat' dir='ltr'><strong>abstinentia</strong></span> <span class='ocrx_word' id='word_1_105' title='bbox 1746 1714 1804 1758; x_wconf 86' lang='lat' dir='ltr'><strong>et</strong></span> <span class='ocrx_word' id='word_1_106' title='bbox 1856 1704 2102 1774; x_wconf 73' lang='lat' dir='ltr'><strong>diligenti</strong></span> 
     </span>
    </p>
   </div>
   <div class='ocr_carea' id='block_1_18' title="bbox 512 1796 1761 1867">
    <p class='ocr_par' dir='ltr' id='par_1_18' title="bbox 512 1796 1761 1867">
     <span class='ocr_line' id='line_1_18' title="bbox 512 1796 1761 1867; baseline 0.002 -17"><span class='ocrx_word' id='word_1_107' title='bbox 512 1798 786 1867; x_wconf 81' lang='lat' dir='ltr'><strong>regimine</strong></span> <span class='ocrx_word' id='word_1_108' title='bbox 815 1798 1196 1861; x_wconf 86' lang='lat' dir='ltr'><strong>conservatio,</strong></span> <span class='ocrx_word' id='word_1_109' title='bbox 1234 1798 1356 1853; x_wconf 82' lang='lat' dir='ltr'><strong>etsi</strong></span> <span class='ocrx_word' id='word_1_110' title='bbox 1397 1811 1504 1867; x_wconf 89' lang='lat' dir='ltr'><strong>qua</strong></span> <span class='ocrx_word' id='word_1_111' title='bbox 1535 1796 1761 1853; x_wconf 84' lang='lat' dir='ltr'><strong>similia.</strong></span> 
     </span>
    </p>
   </div>
   <div class='ocr_carea' id='block_1_19' title="bbox 585 1888 2106 1960">
    <p class='ocr_par' dir='ltr' id='par_1_19' title="bbox 585 1888 2106 1960">
     <span class='ocr_line' id='line_1_19' title="bbox 585 1888 2106 1960; baseline 0.001 -17"><span class='ocrx_word' id='word_1_112' title='bbox 585 1891 663 1944; x_wconf 75' lang='lat' dir='ltr'><strong>Ex</strong></span> <span class='ocrx_word' id='word_1_113' title='bbox 687 1890 869 1959; x_wconf 86' lang='lat' dir='ltr'><strong>culpa,</strong></span> <span class='ocrx_word' id='word_1_114' title='bbox 904 1899 964 1945; x_wconf 93' lang='lat' dir='ltr'><strong>ut</strong></span> <span class='ocrx_word' id='word_1_115' title='bbox 992 1890 1039 1946; x_wconf 88' lang='lat' dir='ltr'><strong>si</strong></span> <span class='ocrx_word' id='word_1_116' title='bbox 1071 1890 1196 1960; x_wconf 88' lang='lat' dir='ltr'><strong>quis</strong></span> <span class='ocrx_word' id='word_1_117' title='bbox 1228 1904 1292 1943; x_wconf 85' lang='lat' dir='ltr'><strong>ex</strong></span> <span class='ocrx_word' id='word_1_118' title='bbox 1313 1888 1592 1945; x_wconf 88' lang='lat' dir='ltr'><strong>adulterio</strong></span> <span class='ocrx_word' id='word_1_119' title='bbox 1623 1889 1831 1944; x_wconf 87' lang='lat' dir='ltr'><strong>bonum</strong></span> <span class='ocrx_word' id='word_1_120' title='bbox 1855 1890 2106 1959; x_wconf 84' lang='lat' dir='ltr'><strong>genuerit</strong></span> 
     </span>
    </p>
   </div>
   <div class='ocr_carea' id='block_1_20' title="bbox 513 1980 2106 2053">
    <p class='ocr_par' dir='ltr' id='par_1_20' title="bbox 513 1980 2106 2053">
     <span class='ocr_line' id='line_1_20' title="bbox 513 1980 2106 2053; baseline 0.001 -19"><span class='ocrx_word' id='word_1_121' title='bbox 513 1982 686 2035; x_wconf 87' lang='lat' dir='ltr'><strong>tilium</strong></span> <span class='ocrx_word' id='word_1_122' title='bbox 719 1999 734 2047; x_wconf 85' lang='lat'><strong>;</strong></span> <span class='ocrx_word' id='word_1_123' title='bbox 763 1990 861 2035; x_wconf 89' lang='lat' dir='ltr'><strong>aut</strong></span> <span class='ocrx_word' id='word_1_124' title='bbox 893 1980 1235 2037; x_wconf 88' lang='lat' dir='ltr'><strong>detrahendo</strong></span> <span class='ocrx_word' id='word_1_125' title='bbox 1261 1980 1465 2052; x_wconf 77' lang='lat' dir='ltr'><strong>injuria</strong></span> <span class='ocrx_word' id='word_1_126' title='bbox 1507 1995 1639 2037; x_wconf 88' lang='lat' dir='ltr'><strong>suas</strong></span> <span class='ocrx_word' id='word_1_127' title='bbox 1682 1995 1770 2036; x_wconf 88' lang='lat' dir='ltr'><strong>res</strong></span> <span class='ocrx_word' id='word_1_128' title='bbox 1811 1992 2031 2053; x_wconf 83' lang='lat' dir='ltr'><strong>augeat,</strong></span> <span class='ocrx_word' id='word_1_129' title='bbox 2053 1992 2106 2038; x_wconf 90' lang='lat' dir='ltr'><strong>et</strong></span> 
     </span>
    </p>
   </div>
   <div class='ocr_carea' id='block_1_21' title="bbox 511 2074 1111 2144">
    <p class='ocr_par' dir='ltr' id='par_1_21' title="bbox 511 2074 1111 2144">
     <span class='ocr_line' id='line_1_21' title="bbox 511 2074 1111 2144; baseline -0.003 -14"><span class='ocrx_word' id='word_1_130' title='bbox 511 2074 559 2130; x_wconf 90' lang='lat' dir='ltr'><strong>si</strong></span> <span class='ocrx_word' id='word_1_131' title='bbox 582 2088 691 2144; x_wconf 89' lang='lat' dir='ltr'><strong>qua</strong></span> <span class='ocrx_word' id='word_1_132' title='bbox 722 2074 1067 2142; x_wconf 76' lang='lat' dir='ltr'><strong>huiusmodi.</strong></span> <span class='ocrx_word' id='word_1_133' title='bbox 1106 2106 1111 2109; x_wconf 87' lang='grc'><strong><em>-</em></strong></span> 
     </span>
    </p>
   </div>
   <div class='ocr_carea' id='block_1_22' title="bbox 583 2163 2101 2239">
    <p class='ocr_par' dir='ltr' id='par_1_22' title="bbox 583 2163 2101 2239">
     <span class='ocr_line' id='line_1_22' title="bbox 583 2163 2101 2239; baseline 0 -19"><span class='ocrx_word' id='word_1_134' title='bbox 583 2167 662 2221; x_wconf 79' lang='lat' dir='ltr'><strong>Ex</strong></span> <span class='ocrx_word' id='word_1_135' title='bbox 688 2176 905 2233; x_wconf 89' lang='lat' dir='ltr'><strong>neutro,</strong></span> <span class='ocrx_word' id='word_1_136' title='bbox 940 2163 1365 2239; x_wconf 75' lang='lat' dir='ltr'><strong>utquaecunque</strong></span> <span class='ocrx_word' id='word_1_137' title='bbox 1393 2175 1617 2231; x_wconf 90' lang='lat' dir='ltr'><strong>natura,</strong></span> <span class='ocrx_word' id='word_1_138' title='bbox 1660 2166 1909 2230; x_wconf 79' lang='lat' dir='ltr'><strong>fortuna,</strong></span> <span class='ocrx_word' id='word_1_139' title='bbox 1946 2181 2101 2230; x_wconf 90' lang='lat' dir='ltr'><strong>casu,</strong></span> 
     </span>
    </p>
   </div>
   <div class='ocr_carea' id='block_1_23' title="bbox 513 2259 2107 2332">
    <p class='ocr_par' dir='ltr' id='par_1_23' title="bbox 513 2259 2107 2332">
     <span class='ocr_line' id='line_1_23' title="bbox 513 2259 2107 2332; baseline -0.001 -18"><span class='ocrx_word' id='word_1_140' title='bbox 513 2261 891 2325; x_wconf 81' lang='lat' dir='ltr'><strong>successione,</strong></span> <span class='ocrx_word' id='word_1_141' title='bbox 929 2259 1223 2325; x_wconf 85' lang='lat' dir='ltr'><strong>divinitus,</strong></span> <span class='ocrx_word' id='word_1_142' title='bbox 1248 2261 1336 2316; x_wconf 89' lang='lat' dir='ltr'><strong>vel</strong></span> <span class='ocrx_word' id='word_1_143' title='bbox 1357 2275 1585 2332; x_wconf 81' lang='lat' dir='ltr'><strong>quoque</strong></span> <span class='ocrx_word' id='word_1_144' title='bbox 1605 2261 1769 2315; x_wconf 85' lang='lat' dir='ltr'><strong>modo</strong></span> <span class='ocrx_word' id='word_1_145' title='bbox 1799 2260 1964 2314; x_wconf 90' lang='lat' dir='ltr'><strong>alicui</strong></span> <span class='ocrx_word' id='word_1_146' title='bbox 1985 2259 2107 2313; x_wconf 84' lang='lat' dir='ltr'><strong>sine</strong></span> 
     </span>
    </p>
   </div>
   <div class='ocr_carea' id='block_1_24' title="bbox 515 2357 1153 2426">
    <p class='ocr_par' dir='ltr' id='par_1_24' title="bbox 515 2357 1153 2426">
     <span class='ocr_line' id='line_1_24' title="bbox 515 2357 1153 2426; baseline 0.002 -18"><span class='ocrx_word' id='word_1_147' title='bbox 515 2369 687 2426; x_wconf 84' lang='lat' dir='ltr'><strong>opera</strong></span> <span class='ocrx_word' id='word_1_148' title='bbox 716 2371 815 2411; x_wconf 89' lang='lat' dir='ltr'><strong>sua</strong></span> <span class='ocrx_word' id='word_1_149' title='bbox 866 2357 1153 2411; x_wconf 85' lang='lat' dir='ltr'><strong>eveniunt.</strong></span> 
     </span>
    </p>
   </div>
   <div class='ocr_carea' id='block_1_25' title="bbox 689 2467 1914 2525">
    <p class='ocr_par' dir='ltr' id='par_1_25' title="bbox 689 2467 1914 2525">
     <span class='ocr_line' id='line_1_25' title="bbox 689 2467 1914 2525; baseline -0.002 0"><span class='ocrx_word' id='word_1_150' title='bbox 689 2470 823 2525; x_wconf 67' lang='lat' dir='ltr'><strong>Car.</strong></span> <span class='ocrx_word' id='word_1_151' title='bbox 888 2469 1111 2525; x_wconf 78' lang='lat' dir='ltr'><strong>XXVII.</strong></span> <span class='ocrx_word' id='word_1_152' title='bbox 1175 2468 1649 2524; x_wconf 84' lang='lat' dir='ltr'><strong>lncommodorum</strong></span> <span class='ocrx_word' id='word_1_153' title='bbox 1701 2467 1914 2523; x_wconf 77' lang='lat' dir='ltr'><strong>divisio.</strong></span> 
     </span>
    </p>
   </div>
   <div class='ocr_carea' id='block_1_26' title="bbox 585 2582 2105 2639">
    <p class='ocr_par' dir='ltr' id='par_1_26' title="bbox 585 2582 2105 2639">
     <span class='ocr_line' id='line_1_26' title="bbox 585 2582 2105 2639; baseline 0.001 -1"><span class='ocrx_word' id='word_1_154' title='bbox 585 2583 723 2638; x_wconf 87' lang='lat' dir='ltr'><strong>Item</strong></span> <span class='ocrx_word' id='word_1_155' title='bbox 759 2584 827 2637; x_wconf 86' lang='lat' dir='ltr'><strong>de</strong></span> <span class='ocrx_word' id='word_1_156' title='bbox 859 2586 1230 2638; x_wconf 85' lang='lat' dir='ltr'><strong>incommodis</strong></span> <span class='ocrx_word' id='word_1_157' title='bbox 1253 2584 1443 2639; x_wconf 80' lang='lat' dir='ltr'><strong>eadem</strong></span> <span class='ocrx_word' id='word_1_158' title='bbox 1470 2585 1673 2639; x_wconf 84' lang='lat' dir='ltr'><strong>divisio</strong></span> <span class='ocrx_word' id='word_1_159' title='bbox 1706 2593 1810 2639; x_wconf 90' lang='lat' dir='ltr'><strong>est.</strong></span> <span class='ocrx_word' id='word_1_160' title='bbox 1847 2582 1988 2638; x_wconf 80' lang='lat' dir='ltr'><strong>Nam</strong></span> <span class='ocrx_word' id='word_1_161' title='bbox 2041 2599 2105 2639; x_wconf 76' lang='lat' dir='ltr'><strong>ex</strong></span> 
     </span>
    </p>
   </div>
   <div class='ocr_carea' id='block_1_27' title="bbox 513 2674 2111 2744">
    <p class='ocr_par' dir='ltr' id='par_1_27' title="bbox 513 2674 2111 2744">
     <span class='ocr_line' id='line_1_27' title="bbox 513 2674 2111 2744; baseline 0 -15"><span class='ocrx_word' id='word_1_162' title='bbox 513 2676 719 2729; x_wconf 83' lang='lat' dir='ltr'><strong>virtute</strong></span> <span class='ocrx_word' id='word_1_163' title='bbox 752 2674 1097 2743; x_wconf 79' lang='lat' dir='ltr'><strong>contingunt,</strong></span> <span class='ocrx_word' id='word_1_164' title='bbox 1133 2683 1195 2727; x_wconf 89' lang='lat' dir='ltr'><strong>ut</strong></span> <span class='ocrx_word' id='word_1_165' title='bbox 1225 2690 1571 2744; x_wconf 67' lang='lat' dir='ltr'><strong>quaecunque</strong></span> <span class='ocrx_word' id='word_1_166' title='bbox 1605 2676 1809 2731; x_wconf 88' lang='lat' dir='ltr'><strong>damna</strong></span> <span class='ocrx_word' id='word_1_167' title='bbox 1862 2677 2111 2731; x_wconf 86' lang='lat' dir='ltr'><strong>dolores-</strong></span> 
     </span>
    </p>
   </div>
   <div class='ocr_carea' id='block_1_28' title="bbox 514 2765 2107 2836">
    <p class='ocr_par' dir='ltr' id='par_1_28' title="bbox 514 2765 2107 2836">
     <span class='ocr_line' id='line_1_28' title="bbox 514 2765 2107 2836; baseline 0.001 -16"><span class='ocrx_word' id='word_1_168' title='bbox 514 2782 625 2835; x_wconf 88' lang='lat' dir='ltr'><strong>que</strong></span> <span class='ocrx_word' id='word_1_169' title='bbox 655 2765 819 2820; x_wconf 81' lang='lat' dir='ltr'><strong>alicui</strong></span> <span class='ocrx_word' id='word_1_170' title='bbox 856 2765 1195 2829; x_wconf 87' lang='lat' dir='ltr'><strong>inferuntur,</strong></span> <span class='ocrx_word' id='word_1_171' title='bbox 1228 2776 1454 2835; x_wconf 88' lang='lat' dir='ltr'><strong>propter</strong></span> <span class='ocrx_word' id='word_1_172' title='bbox 1497 2767 1728 2836; x_wconf 71' lang='lat' dir='ltr'><strong>justitiae</strong></span> <span class='ocrx_word' id='word_1_173' title='bbox 1755 2767 2107 2822; x_wconf 89' lang='lat' dir='ltr'><strong>instantiam.</strong></span> 
     </span>
    </p>
   </div>
   <div class='ocr_carea' id='block_1_29' title="bbox 520 2854 2109 2925">
    <p class='ocr_par' dir='ltr' id='par_1_29' title="bbox 520 2854 2109 2925">
     <span class='ocr_line' id='line_1_29' title="bbox 520 2854 2109 2925; baseline 0.002 -17"><span class='ocrx_word' id='word_1_174' title='bbox 520 2854 634 2918; x_wconf 68' lang='lat' dir='ltr'><strong>Vel,</strong></span> <span class='ocrx_word' id='word_1_175' title='bbox 666 2855 710 2909; x_wconf 90' lang='lat' dir='ltr'><strong>si</strong></span> <span class='ocrx_word' id='word_1_176' title='bbox 742 2854 869 2925; x_wconf 87' lang='lat' dir='ltr'><strong>quis</strong></span> <span class='ocrx_word' id='word_1_177' title='bbox 945 2869 1151 2924; x_wconf 90' lang='lat' dir='ltr'><strong>pauper</strong></span> <span class='ocrx_word' id='word_1_178' title='bbox 1202 2864 1309 2922; x_wconf 85' lang='lat' dir='ltr'><strong>est,</strong></span> <span class='ocrx_word' id='word_1_179' title='bbox 1363 2871 1488 2910; x_wconf 90' lang='lat' dir='ltr'><strong>cum</strong></span> <span class='ocrx_word' id='word_1_180' title='bbox 1536 2872 1666 2911; x_wconf 87' lang='lat' dir='ltr'><strong>suas</strong></span> <span class='ocrx_word' id='word_1_181' title='bbox 1716 2856 2008 2911; x_wconf 79' lang='lat' dir='ltr'><strong>facultates</strong></span> <span class='ocrx_word' id='word_1_182' title='bbox 2044 2856 2109 2911; x_wconf 89' lang='lat' dir='ltr'><strong>ad</strong></span> 
     </span>
    </p>
   </div>
   <div class='ocr_carea' id='block_1_30' title="bbox 515 2946 2111 3017">
    <p class='ocr_par' dir='ltr' id='par_1_30' title="bbox 515 2946 2111 3017">
     <span class='ocr_line' id='line_1_30' title="bbox 515 2946 2111 3017; baseline 0.002 -16"><span class='ocrx_word' id='word_1_183' title='bbox 515 2962 684 3017; x_wconf 75' lang='lat' dir='ltr'><strong>Opera</strong></span> <span class='ocrx_word' id='word_1_184' title='bbox 719 2946 946 3016; x_wconf 63' lang='lat' dir='ltr'><strong>iustitiae</strong></span> <span class='ocrx_word' id='word_1_185' title='bbox 986 2956 1042 3002; x_wconf 92' lang='lat' dir='ltr'><strong>et</strong></span> <span class='ocrx_word' id='word_1_186' title='bbox 1071 2948 1423 3004; x_wconf 85' lang='lat' dir='ltr'><strong>liberalitatis</strong></span> <span class='ocrx_word' id='word_1_187' title='bbox 1466 2950 1866 3017; x_wconf 85' lang='lat' dir='ltr'><strong>transtulisset,</strong></span> <span class='ocrx_word' id='word_1_188' title='bbox 1894 2949 1981 3005; x_wconf 88' lang='lat' dir='ltr'><strong>vel</strong></span> <span class='ocrx_word' id='word_1_189' title='bbox 2016 2951 2111 3004; x_wconf 90' lang='lat' dir='ltr'><strong>de-</strong></span> 
     </span>
    </p>
   </div>
   <div class='ocr_carea' id='block_1_31' title="bbox 518 3038 1911 3106">
    <p class='ocr_par' dir='ltr' id='par_1_31' title="bbox 518 3038 1911 3106">
     <span class='ocr_line' id='line_1_31' title="bbox 518 3038 1911 3106; baseline 0.001 -14"><span class='ocrx_word' id='word_1_190' title='bbox 518 3039 628 3094; x_wconf 69' lang='lat' dir='ltr'><strong>labi</strong></span> <span class='ocrx_word' id='word_1_191' title='bbox 656 3054 776 3106; x_wconf 88' lang='lat' dir='ltr'><strong>eas,</strong></span> <span class='ocrx_word' id='word_1_192' title='bbox 807 3038 994 3093; x_wconf 88' lang='lat' dir='ltr'><strong>studio</strong></span> <span class='ocrx_word' id='word_1_193' title='bbox 1017 3038 1315 3095; x_wconf 86' lang='lat' dir='ltr'><strong>meliorum</strong></span> <span class='ocrx_word' id='word_1_194' title='bbox 1344 3055 1555 3105; x_wconf 89' lang='lat' dir='ltr'><strong>rerum,</strong></span> <span class='ocrx_word' id='word_1_195' title='bbox 1585 3040 1911 3096; x_wconf 88' lang='lat' dir='ltr'><strong>dimisisset.</strong></span> 
     </span>
    </p>
   </div>
   <div class='ocr_carea' id='block_1_32' title="bbox 581 3153 2183 3233">
    <p class='ocr_par' dir='ltr' id='par_1_32' title="bbox 581 3153 2183 3233">
     <span class='ocr_line' id='line_1_32' title="bbox 581 3153 2183 3233; baseline 0.004 -28"><span class='ocrx_word' id='word_1_196' title='bbox 581 3153 668 3208; x_wconf 81' lang='lat' dir='ltr'><strong>Ex</strong></span> <span class='ocrx_word' id='word_1_197' title='bbox 697 3154 856 3221; x_wconf 88' lang='lat' dir='ltr'><strong>culpa</strong></span> <span class='ocrx_word' id='word_1_198' title='bbox 883 3154 1212 3223; x_wconf 84' lang='lat' dir='ltr'><strong>contingunt</strong></span> <span class='ocrx_word' id='word_1_199' title='bbox 1239 3195 1254 3221; x_wconf 90' lang='lat'><strong>,</strong></span> <span class='ocrx_word' id='word_1_200' title='bbox 1286 3162 1347 3207; x_wconf 92' lang='lat' dir='ltr'><strong>ut</strong></span> <span class='ocrx_word' id='word_1_201' title='bbox 1393 3169 1751 3224; x_wconf 70' lang='lat' dir='ltr'><strong>qtueeunquze</strong></span> <span class='ocrx_word' id='word_1_202' title='bbox 1802 3155 1970 3233; x_wconf 79' lang='lat' dir='ltr'><strong>alicui</strong></span> <span class='ocrx_word' id='word_1_203' title='bbox 2028 3155 2106 3210; x_wconf 86' lang='lat' dir='ltr'><strong>in-</strong></span> <span class='ocrx_word' id='word_1_204' title='bbox 2138 3167 2183 3227; x_wconf 75' lang='grc' dir='ltr'>ο</span> 
     </span>
    </p>
   </div>
   <div class='ocr_carea' id='block_1_33' title="bbox 518 3243 2114 3316">
    <p class='ocr_par' dir='ltr' id='par_1_33' title="bbox 518 3243 2114 3316">
     <span class='ocr_line' id='line_1_33' title="bbox 518 3243 2114 3316; baseline 0 -17"><span class='ocrx_word' id='word_1_205' title='bbox 518 3247 806 3299; x_wconf 82' lang='lat' dir='ltr'><strong>Commoda</strong></span> <span class='ocrx_word' id='word_1_206' title='bbox 838 3243 1172 3309; x_wconf 87' lang='lat' dir='ltr'><strong>inferuntur,</strong></span> <span class='ocrx_word' id='word_1_207' title='bbox 1200 3252 1425 3313; x_wconf 86' lang='lat' dir='ltr'><strong>propter</strong></span> <span class='ocrx_word' id='word_1_208' title='bbox 1452 3245 1521 3298; x_wconf 87' lang='lat' dir='ltr'><strong>ah</strong></span> <span class='ocrx_word' id='word_1_209' title='bbox 1553 3259 1620 3297; x_wconf 84' lang='lat' dir='ltr'><strong>eo</strong></span> <span class='ocrx_word' id='word_1_210' title='bbox 1670 3251 1950 3299; x_wconf 89' lang='lat' dir='ltr'><strong>anteactas</strong></span> <span class='ocrx_word' id='word_1_211' title='bbox 1970 3244 2114 3316; x_wconf 90' lang='lat' dir='ltr'><strong>inju-</strong></span> 
     </span>
    </p>
   </div>
   <div class='ocr_carea' id='block_1_34' title="bbox 521 3335 2115 3405">
    <p class='ocr_par' dir='ltr' id='par_1_34' title="bbox 521 3335 2115 3405">
     <span class='ocr_line' id='line_1_34' title="bbox 521 3335 2115 3405; baseline 0.001 -15"><span class='ocrx_word' id='word_1_212' title='bbox 521 3338 666 3396; x_wconf 82' lang='lat' dir='ltr'><strong>rias;</strong></span> <span class='ocrx_word' id='word_1_213' title='bbox 700 3348 755 3390; x_wconf 85' lang='lat' dir='ltr'><strong>et</strong></span> <span class='ocrx_word' id='word_1_214' title='bbox 789 3336 835 3389; x_wconf 89' lang='lat' dir='ltr'><strong>si</strong></span> <span class='ocrx_word' id='word_1_215' title='bbox 863 3337 980 3403; x_wconf 85' lang='lat' dir='ltr'><strong>ipse</strong></span> <span class='ocrx_word' id='word_1_216' title='bbox 1010 3335 1190 3405; x_wconf 89' lang='lat' dir='ltr'><strong>aliqua</strong></span> <span class='ocrx_word' id='word_1_217' title='bbox 1226 3337 1641 3404; x_wconf 83' lang='lat' dir='ltr'><strong>perturbatiOne</strong></span> <span class='ocrx_word' id='word_1_218' title='bbox 1663 3338 1993 3405; x_wconf 87' lang='lat' dir='ltr'><strong>concitatus,</strong></span> <span class='ocrx_word' id='word_1_219' title='bbox 2019 3346 2115 3393; x_wconf 90' lang='lat' dir='ltr'><strong>aut</strong></span> 
     </span>
    </p>
   </div>
   <div class='ocr_carea' id='block_1_35' title="bbox 520 3428 2112 3500">
    <p class='ocr_par' dir='ltr' id='par_1_35' title="bbox 520 3428 2112 3500">
     <span class='ocr_line' id='line_1_35' title="bbox 520 3428 2112 3500; baseline 0.003 -19"><span class='ocrx_word' id='word_1_220' title='bbox 520 3443 629 3483; x_wconf 89' lang='lat' dir='ltr'><strong>non</strong></span> <span class='ocrx_word' id='word_1_221' title='bbox 664 3428 1014 3497; x_wconf 71' lang='lat' dir='ltr'><strong>prepulsm&#39;it</strong></span> <span class='ocrx_word' id='word_1_222' title='bbox 1043 3428 1328 3483; x_wconf 87' lang='lat' dir='ltr'><strong>interitum</strong></span> <span class='ocrx_word' id='word_1_223' title='bbox 1364 3444 1393 3483; x_wconf 89' lang='lat' dir='ltr'><strong>a</strong></span> <span class='ocrx_word' id='word_1_224' title='bbox 1438 3428 1921 3485; x_wconf 74' lang='lat' dir='ltr'><strong>charissimiseum</strong></span> <span class='ocrx_word' id='word_1_225' title='bbox 1982 3446 2112 3500; x_wconf 86' lang='lat' dir='ltr'><strong>pos-</strong></span> 
     </span>
    </p>
   </div>
   <div class='ocr_carea' id='block_1_36' title="bbox 506 3522 2115 3591">
    <p class='ocr_par' dir='ltr' id='par_1_36' title="bbox 506 3522 2115 3591">
     <span class='ocr_line' id='line_1_36' title="bbox 506 3522 2115 3591; baseline 0.001 -13"><span class='ocrx_word' id='word_1_226' title='bbox 506 3532 604 3579; x_wconf 87' lang='lat' dir='ltr'><strong>-set</strong></span> <span class='ocrx_word' id='word_1_227' title='bbox 630 3541 645 3589; x_wconf 87' lang='lat'><strong>;</strong></span> <span class='ocrx_word' id='word_1_228' title='bbox 675 3532 771 3576; x_wconf 88' lang='lat' dir='ltr'><strong>aut</strong></span> <span class='ocrx_word' id='word_1_229' title='bbox 794 3523 911 3591; x_wconf 90' lang='lat' dir='ltr'><strong>ipse</strong></span> <span class='ocrx_word' id='word_1_230' title='bbox 940 3522 1126 3577; x_wconf 84' lang='lat' dir='ltr'><strong>intulit</strong></span> <span class='ocrx_word' id='word_1_231' title='bbox 1157 3522 1239 3577; x_wconf 87' lang='lat' dir='ltr'><strong>eis</strong></span> <span class='ocrx_word' id='word_1_232' title='bbox 1281 3523 1566 3578; x_wconf 83' lang='lat' dir='ltr'><strong>interitum</strong></span> <span class='ocrx_word' id='word_1_233' title='bbox 1600 3539 1617 3589; x_wconf 85' lang='lat'><strong>;</strong></span> <span class='ocrx_word' id='word_1_234' title='bbox 1655 3534 1749 3579; x_wconf 85' lang='lat' dir='ltr'><strong>aut</strong></span> <span class='ocrx_word' id='word_1_235' title='bbox 1772 3526 1848 3578; x_wconf 90' lang='lat' dir='ltr'><strong>rei</strong></span> <span class='ocrx_word' id='word_1_236' title='bbox 1878 3523 2115 3580; x_wconf 85' lang='lat' dir='ltr'><strong>familia-</strong></span> 
     </span>
    </p>
   </div>
   <div class='ocr_carea' id='block_1_37' title="bbox 520 3617 2114 3690">
    <p class='ocr_par' dir='ltr' id='par_1_37' title="bbox 520 3617 2114 3690">
     <span class='ocr_line' id='line_1_37' title="bbox 520 3617 2114 3690; baseline 0.001 -19"><span class='ocrx_word' id='word_1_237' title='bbox 520 3619 617 3683; x_wconf 90' lang='lat' dir='ltr'><strong>ris,</strong></span> <span class='ocrx_word' id='word_1_238' title='bbox 653 3617 900 3688; x_wconf 76' lang='lat' dir='ltr'><strong>pigritia,</strong></span> <span class='ocrx_word' id='word_1_239' title='bbox 924 3619 1147 3676; x_wconf 87' lang='lat' dir='ltr'><strong>inertia.</strong></span> <span class='ocrx_word' id='word_1_240' title='bbox 1181 3617 1397 3688; x_wconf 76' lang='lat' dir='ltr'><strong>ignavia</strong></span> <span class='ocrx_word' id='word_1_241' title='bbox 1432 3619 1730 3689; x_wconf 86' lang='lat' dir='ltr'><strong>delapsus;</strong></span> <span class='ocrx_word' id='word_1_242' title='bbox 1760 3630 1817 3674; x_wconf 92' lang='lat' dir='ltr'><strong>et</strong></span> <span class='ocrx_word' id='word_1_243' title='bbox 1860 3620 2114 3690; x_wconf 87' lang='lat' dir='ltr'><strong>corporis</strong></span> 
     </span>
    </p>
   </div>
   <div class='ocr_carea' id='block_1_38' title="bbox 520 3710 2113 3782">
    <p class='ocr_par' dir='ltr' id='par_1_38' title="bbox 520 3710 2113 3782">
     <span class='ocr_line' id='line_1_38' title="bbox 520 3710 2113 3782; baseline 0.001 -17"><span class='ocrx_word' id='word_1_244' title='bbox 520 3711 962 3776; x_wconf 83' lang='lat' dir='ltr'><strong>commodorum,</strong></span> <span class='ocrx_word' id='word_1_245' title='bbox 999 3710 1282 3779; x_wconf 84' lang='lat' dir='ltr'><strong>voluptate</strong></span> <span class='ocrx_word' id='word_1_246' title='bbox 1307 3711 1544 3775; x_wconf 83' lang='lat' dir='ltr'><strong>devicto,</strong></span> <span class='ocrx_word' id='word_1_247' title='bbox 1566 3726 1631 3764; x_wconf 78' lang='lat' dir='ltr'><strong>ex</strong></span> <span class='ocrx_word' id='word_1_248' title='bbox 1655 3727 1821 3781; x_wconf 81' lang='lat' dir='ltr'><strong>pravo</strong></span> <span class='ocrx_word' id='word_1_249' title='bbox 1848 3711 2113 3782; x_wconf 80' lang='lat' dir='ltr'><strong>regimine</strong></span> 
     </span>
    </p>
   </div>
   <div class='ocr_carea' id='block_1_39' title="bbox 521 3790 1387 3868">
    <p class='ocr_par' dir='ltr' id='par_1_39' title="bbox 521 3790 1387 3868">
     <span class='ocr_line' id='line_1_39' title="bbox 521 3790 1387 3868; baseline 0.005 -13"><span class='ocrx_word' id='word_1_250' title='bbox 521 3804 772 3868; x_wconf 84' lang='lat' dir='ltr'><strong>amissio,</strong></span> <span class='ocrx_word' id='word_1_251' title='bbox 801 3810 857 3857; x_wconf 89' lang='lat' dir='ltr'><strong>et</strong></span> <span class='ocrx_word' id='word_1_252' title='bbox 895 3803 1064 3856; x_wconf 84' lang='lat' dir='ltr'><strong>multa</strong></span> <span class='ocrx_word' id='word_1_253' title='bbox 1094 3805 1248 3859; x_wconf 89' lang='lat' dir='ltr'><strong>talia.</strong></span> <span class='ocrx_word' id='word_1_254' title='bbox 1382 3790 1387 3797; x_wconf 13' lang='grc' dir='ltr'>ἡ</span> 
     </span>
    </p>
   </div>
   <div class='ocr_carea' id='block_1_40' title="bbox 596 3913 2114 3984">
    <p class='ocr_par' dir='ltr' id='par_1_40' title="bbox 596 3913 2114 3984">
     <span class='ocr_line' id='line_1_40' title="bbox 596 3913 2114 3984; baseline 0.003 -17"><span class='ocrx_word' id='word_1_255' title='bbox 596 3913 823 3969; x_wconf 76' lang='lat' dir='ltr'><strong>Neutro.</strong></span> <span class='ocrx_word' id='word_1_256' title='bbox 858 3913 991 3982; x_wconf 55' lang='lat' dir='ltr'><strong>Quae</strong></span> <span class='ocrx_word' id='word_1_257' title='bbox 1016 3931 1117 3970; x_wconf 86' lang='lat' dir='ltr'><strong>nec</strong></span> <span class='ocrx_word' id='word_1_258' title='bbox 1139 3916 1365 3980; x_wconf 85' lang='lat' dir='ltr'><strong>virtute,</strong></span> <span class='ocrx_word' id='word_1_259' title='bbox 1391 3933 1492 3973; x_wconf 90' lang='lat' dir='ltr'><strong>nec</strong></span> <span class='ocrx_word' id='word_1_260' title='bbox 1552 3916 1710 3983; x_wconf 84' lang='lat' dir='ltr'><strong>vitio,</strong></span> <span class='ocrx_word' id='word_1_261' title='bbox 1750 3934 1847 3972; x_wconf 88' lang='lat' dir='ltr'><strong>nec</strong></span> <span class='ocrx_word' id='word_1_262' title='bbox 1897 3918 2114 3984; x_wconf 84' lang='lat' dir='ltr'><strong>penitus</strong></span> 
     </span>
    </p>
   </div>
   <div class='ocr_carea' id='block_1_41' title="bbox 521 4009 2106 4080">
    <p class='ocr_par' dir='ltr' id='par_1_41' title="bbox 521 4009 2106 4080">
     <span class='ocr_line' id='line_1_41' title="bbox 521 4009 2106 4080; baseline -0.001 -18"><span class='ocrx_word' id='word_1_263' title='bbox 521 4025 587 4062; x_wconf 68' lang='lat' dir='ltr'><strong>ex</strong></span> <span class='ocrx_word' id='word_1_264' title='bbox 627 4009 809 4077; x_wconf 85' lang='lat' dir='ltr'><strong>aliqua</strong></span> <span class='ocrx_word' id='word_1_265' title='bbox 839 4024 1005 4078; x_wconf 85' lang='lat' dir='ltr'><strong>opera</strong></span> <span class='ocrx_word' id='word_1_266' title='bbox 1042 4010 1381 4079; x_wconf 82' lang='lat' dir='ltr'><strong>contingunt</strong></span> <span class='ocrx_word' id='word_1_267' title='bbox 1412 4028 1425 4063; x_wconf 85' lang='lat'><strong>:</strong></span> <span class='ocrx_word' id='word_1_268' title='bbox 1462 4021 1522 4064; x_wconf 92' lang='lat' dir='ltr'><strong>ut</strong></span> <span class='ocrx_word' id='word_1_269' title='bbox 1555 4025 1949 4080; x_wconf 88' lang='lat' dir='ltr'><strong>corporeorum</strong></span> <span class='ocrx_word' id='word_1_270' title='bbox 2004 4026 2106 4063; x_wconf 84' lang='lat' dir='ltr'><strong>na-</strong></span> 
     </span>
    </p>
   </div>
   <div class='ocr_carea' id='block_1_42' title="bbox 523 4102 2112 4171">
    <p class='ocr_par' dir='ltr' id='par_1_42' title="bbox 523 4102 2112 4171">
     <span class='ocr_line' id='line_1_42' title="bbox 523 4102 2112 4171; baseline 0 -16"><span class='ocrx_word' id='word_1_271' title='bbox 523 4105 731 4156; x_wconf 78' lang='lat' dir='ltr'><strong>turales</strong></span> <span class='ocrx_word' id='word_1_272' title='bbox 768 4102 1037 4169; x_wconf 67' lang='lat' dir='ltr'><strong>defectus,</strong></span> <span class='ocrx_word' id='word_1_273' title='bbox 1070 4111 1124 4156; x_wconf 89' lang='lat' dir='ltr'><strong>et</strong></span> <span class='ocrx_word' id='word_1_274' title='bbox 1150 4118 1495 4171; x_wconf 74' lang='lat' dir='ltr'><strong>qurecunque</strong></span> <span class='ocrx_word' id='word_1_275' title='bbox 1545 4103 1895 4158; x_wconf 87' lang='lat' dir='ltr'><strong>incommoda</strong></span> <span class='ocrx_word' id='word_1_276' title='bbox 1958 4117 2112 4169; x_wconf 87' lang='lat' dir='ltr'><strong>casu,</strong></span> 
     </span>
    </p>
   </div>
   <div class='ocr_carea' id='block_1_43' title="bbox 526 4182 2117 4267">
    <p class='ocr_par' dir='ltr' id='par_1_43' title="bbox 526 4182 2117 4267">
     <span class='ocr_line' id='line_1_43' title="bbox 526 4182 2117 4267; baseline 0.001 -18"><span class='ocrx_word' id='word_1_277' title='bbox 526 4195 767 4261; x_wconf 81' lang='lat' dir='ltr'><strong>fortuna,</strong></span> <span class='ocrx_word' id='word_1_278' title='bbox 796 4195 879 4249; x_wconf 88' lang='lat' dir='ltr'><strong>vel</strong></span> <span class='ocrx_word' id='word_1_279' title='bbox 901 4195 968 4250; x_wconf 84' lang='lat' dir='ltr'><strong>ab</strong></span> <span class='ocrx_word' id='word_1_280' title='bbox 1000 4195 1326 4249; x_wconf 88' lang='lat' dir='ltr'><strong>hominibus</strong></span> <span class='ocrx_word' id='word_1_281' title='bbox 1357 4194 1559 4267; x_wconf 79' lang='lat' dir='ltr'><strong>injuria</strong></span> <span class='ocrx_word' id='word_1_282' title='bbox 1615 4182 1909 4251; x_wconf 80' lang='lat' dir='ltr'><strong>commotis</strong></span> <span class='ocrx_word' id='word_1_283' title='bbox 1980 4195 2117 4250; x_wconf 88' lang='lat' dir='ltr'><strong>infe-</strong></span> 
     </span>
    </p>
   </div>
   <div class='ocr_carea' id='block_1_44' title="bbox 525 4300 745 4345">
    <p class='ocr_par' dir='ltr' id='par_1_44' title="bbox 525 4300 745 4345">
     <span class='ocr_line' id='line_1_44' title="bbox 525 4300 745 4345; baseline 0.005 -1"><span class='ocrx_word' id='word_1_284' title='bbox 525 4300 745 4345; x_wconf 67' lang='lat' dir='ltr'><strong>runtur.</strong></span> 
     </span>
    </p>
   </div>
   <div class='ocr_carea' id='block_1_45' title="bbox 524 4404 2116 4472">
    <p class='ocr_par' dir='ltr' id='par_1_45' title="bbox 524 4404 2116 4472">
     <span class='ocr_line' id='line_1_45' title="bbox 524 4404 2116 4472; baseline 0.003 -13"><span class='ocrx_word' id='word_1_285' title='bbox 524 4405 658 4460; x_wconf 65' lang='lat' dir='ltr'><strong>Car;</strong></span> <span class='ocrx_word' id='word_1_286' title='bbox 737 4404 986 4461; x_wconf 73' lang='lat' dir='ltr'><strong>XXVIII.</strong></span> <span class='ocrx_word' id='word_1_287' title='bbox 1037 4405 1388 4461; x_wconf 82' lang='lat' dir='ltr'><strong>Commodum</strong></span> <span class='ocrx_word' id='word_1_288' title='bbox 1428 4405 1705 4460; x_wconf 72' lang='lat' dir='ltr'><strong>exvirtute</strong></span> <span class='ocrx_word' id='word_1_289' title='bbox 1737 4407 1970 4472; x_wconf 77' lang='lat' dir='ltr'><strong>veniens,</strong></span> <span class='ocrx_word' id='word_1_290' title='bbox 2022 4423 2116 4463; x_wconf 78' lang='lat' dir='ltr'><strong>ea:-</strong></span> 
     </span>
    </p>
   </div>
   <div class='ocr_carea' id='block_1_46' title="bbox 965 4478 1651 4547">
    <p class='ocr_par' dir='ltr' id='par_1_46' title="bbox 965 4478 1651 4547">
     <span class='ocr_line' id='line_1_46' title="bbox 965 4478 1651 4547; baseline 0 -16"><span class='ocrx_word' id='word_1_291' title='bbox 965 4478 1241 4546; x_wconf 79' lang='lat' dir='ltr'><strong>petendum</strong></span> <span class='ocrx_word' id='word_1_292' title='bbox 1258 4490 1357 4541; x_wconf 82' lang='lat' dir='ltr'><strong>est,</strong></span> <span class='ocrx_word' id='word_1_293' title='bbox 1387 4487 1436 4529; x_wconf 81' lang='lat' dir='ltr'><strong>et</strong></span> <span class='ocrx_word' id='word_1_294' title='bbox 1467 4491 1651 4547; x_wconf 83' lang='lat' dir='ltr'><strong>quare.</strong></span> 
     </span>
    </p>
   </div>
   <div class='ocr_carea' id='block_1_47' title="bbox 600 4590 2119 4663">
    <p class='ocr_par' dir='ltr' id='par_1_47' title="bbox 600 4590 2119 4663">
     <span class='ocr_line' id='line_1_47' title="bbox 600 4590 2119 4663; baseline -0.002 -14"><span class='ocrx_word' id='word_1_295' title='bbox 600 4595 676 4649; x_wconf 66' lang='lat' dir='ltr'><strong>Ei</strong></span> <span class='ocrx_word' id='word_1_296' title='bbox 712 4593 889 4648; x_wconf 86' lang='lat' dir='ltr'><strong>tribus</strong></span> <span class='ocrx_word' id='word_1_297' title='bbox 913 4592 1079 4663; x_wconf 70' lang='lat' dir='ltr'><strong>igitur</strong></span> <span class='ocrx_word' id='word_1_298' title='bbox 1098 4592 1300 4658; x_wconf 83' lang='lat' dir='ltr'><strong>modis,</strong></span> <span class='ocrx_word' id='word_1_299' title='bbox 1336 4590 1566 4662; x_wconf 79' lang='lat' dir='ltr'><strong>primus,</strong></span> <span class='ocrx_word' id='word_1_300' title='bbox 1608 4606 1720 4660; x_wconf 92' lang='lat' dir='ltr'><strong>quo</strong></span> <span class='ocrx_word' id='word_1_301' title='bbox 1745 4591 1946 4646; x_wconf 86' lang='lat' dir='ltr'><strong>virtute</strong></span> <span class='ocrx_word' id='word_1_302' title='bbox 1967 4607 2119 4646; x_wconf 72' lang='lat' dir='ltr'><strong>uom-</strong></span> 
     </span>
    </p>
   </div>
   <div class='ocr_carea' id='block_1_48' title="bbox 528 4685 2119 4753">
    <p class='ocr_par' dir='ltr' id='par_1_48' title="bbox 528 4685 2119 4753">
     <span class='ocr_line' id='line_1_48' title="bbox 528 4685 2119 4753; baseline -0.004 -8"><span class='ocrx_word' id='word_1_303' title='bbox 528 4692 688 4745; x_wconf 89' lang='lat' dir='ltr'><strong>moda</strong></span> <span class='ocrx_word' id='word_1_304' title='bbox 719 4689 802 4742; x_wconf 87' lang='lat' dir='ltr'><strong>vel</strong></span> <span class='ocrx_word' id='word_1_305' title='bbox 825 4685 1196 4753; x_wconf 84' lang='lat' dir='ltr'><strong>incommoda,</strong></span> <span class='ocrx_word' id='word_1_306' title='bbox 1226 4700 1351 4739; x_wconf 90' lang='lat' dir='ltr'><strong>cum</strong></span> <span class='ocrx_word' id='word_1_307' title='bbox 1377 4685 1683 4743; x_wconf 84' lang='lat' dir='ltr'><strong>evenerint.</strong></span> <span class='ocrx_word' id='word_1_308' title='bbox 1719 4699 1820 4739; x_wconf 89' lang='lat' dir='ltr'><strong>sua</strong></span> <span class='ocrx_word' id='word_1_309' title='bbox 1878 4699 2119 4753; x_wconf 73' lang='lat' dir='ltr'><strong>pneseu—</strong></span> 
     </span>
    </p>
   </div>
   <div class='ocr_carea' id='block_1_49' title="bbox 528 4777 2117 4854">
    <p class='ocr_par' dir='ltr' id='par_1_49' title="bbox 528 4777 2117 4854">
     <span class='ocr_line' id='line_1_49' title="bbox 528 4777 2117 4854; baseline -0.006 -16"><span class='ocrx_word' id='word_1_310' title='bbox 528 4787 601 4838; x_wconf 91' lang='lat' dir='ltr'><strong>tia</strong></span> <span class='ocrx_word' id='word_1_311' title='bbox 636 4792 838 4854; x_wconf 89' lang='lat' dir='ltr'><strong>augent</strong></span> <span class='ocrx_word' id='word_1_312' title='bbox 870 4799 963 4852; x_wconf 87' lang='lat' dir='ltr'><strong>per</strong></span> <span class='ocrx_word' id='word_1_313' title='bbox 983 4798 1041 4837; x_wconf 84' lang='lat' dir='ltr'><strong>se</strong></span> <span class='ocrx_word' id='word_1_314' title='bbox 1070 4780 1469 4836; x_wconf 85' lang='lat' dir='ltr'><strong>beatitudinem</strong></span> <span class='ocrx_word' id='word_1_315' title='bbox 1497 4777 1627 4844; x_wconf 86' lang='lat' dir='ltr'><strong>;sed</strong></span> <span class='ocrx_word' id='word_1_316' title='bbox 1654 4786 1877 4845; x_wconf 83' lang='lat' dir='ltr'><strong>propter</strong></span> <span class='ocrx_word' id='word_1_317' title='bbox 1900 4790 2117 4839; x_wconf 75' lang='lat' dir='ltr'><strong>eorum,</strong></span> 
     </span>
    </p>
   </div>
   <div class='ocr_carea' id='block_1_50' title="bbox 529 4866 2117 4940">
    <p class='ocr_par' dir='ltr' id='par_1_50' title="bbox 529 4866 2117 4940">
     <span class='ocr_line' id='line_1_50' title="bbox 529 4866 2117 4940; baseline -0.004 -12"><span class='ocrx_word' id='word_1_318' title='bbox 529 4874 673 4928; x_wconf 90' lang='lat' dir='ltr'><strong>circa</strong></span> <span class='ocrx_word' id='word_1_319' title='bbox 704 4888 909 4939; x_wconf 14' lang='lat' dir='ltr'><strong>eorum,</strong></span> <span class='ocrx_word' id='word_1_320' title='bbox 952 4870 1347 4940; x_wconf 86' lang='lat' dir='ltr'><strong>sumptionem,</strong></span> <span class='ocrx_word' id='word_1_321' title='bbox 1382 4870 1684 4922; x_wconf 86' lang='lat' dir='ltr'><strong>virtuosam</strong></span> <span class='ocrx_word' id='word_1_322' title='bbox 1701 4866 2117 4934; x_wconf 86' lang='lat' dir='ltr'><strong>dispositionem</strong></span> 
     </span>
    </p>
   </div>
   <div class='ocr_carea' id='block_1_51' title="bbox 545 4965 933 5021">
    <p class='ocr_par' dir='ltr' id='par_1_51' title="bbox 545 4965 933 5021">
     <span class='ocr_line' id='line_1_51' title="bbox 545 4965 933 5021; baseline 0.005 -2"><span class='ocrx_word' id='word_1_323' title='bbox 545 4977 600 5019; x_wconf 87' lang='lat' dir='ltr'><strong>et</strong></span> <span class='ocrx_word' id='word_1_324' title='bbox 625 4965 933 5021; x_wconf 88' lang='lat' dir='ltr'><strong>actionem.</strong></span> 
     </span>
    </p>
   </div>
   <div class='ocr_carea' id='block_1_52' title="bbox 603 5068 2121 5144">
    <p class='ocr_par' dir='ltr' id='par_1_52' title="bbox 603 5068 2121 5144">
     <span class='ocr_line' id='line_1_52' title="bbox 603 5068 2121 5144; baseline -0.003 -9"><span class='ocrx_word' id='word_1_325' title='bbox 603 5079 892 5135; x_wconf 83' lang='lat' dir='ltr'><strong>Secundus</strong></span> <span class='ocrx_word' id='word_1_326' title='bbox 920 5079 1139 5141; x_wconf 87' lang='lat' dir='ltr'><strong>modus,</strong></span> <span class='ocrx_word' id='word_1_327' title='bbox 1175 5089 1288 5144; x_wconf 85' lang='lat' dir='ltr'><strong>quo</strong></span> <span class='ocrx_word' id='word_1_328' title='bbox 1319 5090 1384 5129; x_wconf 81' lang='lat' dir='ltr'><strong>ex</strong></span> <span class='ocrx_word' id='word_1_329' title='bbox 1415 5074 1577 5144; x_wconf 87' lang='lat' dir='ltr'><strong>culpa</strong></span> <span class='ocrx_word' id='word_1_330' title='bbox 1610 5068 1897 5133; x_wconf 74' lang='lat' dir='ltr'><strong>commoda</strong></span> <span class='ocrx_word' id='word_1_331' title='bbox 1922 5077 2005 5133; x_wconf 82' lang='lat' dir='ltr'><strong>vel</strong></span> <span class='ocrx_word' id='word_1_332' title='bbox 2036 5076 2121 5131; x_wconf 85' lang='lat' dir='ltr'><strong>in-</strong></span> 
     </span>
    </p>
   </div>
   <div class='ocr_carea' id='block_1_53' title="bbox 532 5166 2113 5239">
    <p class='ocr_par' dir='ltr' id='par_1_53' title="bbox 532 5166 2113 5239">
     <span class='ocr_line' id='line_1_53' title="bbox 532 5166 2113 5239; baseline -0.002 -11"><span class='ocrx_word' id='word_1_333' title='bbox 532 5174 825 5228; x_wconf 83' lang='lat' dir='ltr'><strong>commoda</strong></span> <span class='ocrx_word' id='word_1_334' title='bbox 857 5178 1175 5233; x_wconf 82' lang='lat' dir='ltr'><strong>sumuntur,</strong></span> <span class='ocrx_word' id='word_1_335' title='bbox 1204 5166 1498 5238; x_wconf 81' lang='lat' dir='ltr'><strong>fugiendus</strong></span> <span class='ocrx_word' id='word_1_336' title='bbox 1518 5179 1571 5223; x_wconf 89' lang='lat' dir='ltr'><strong>et</strong></span> <span class='ocrx_word' id='word_1_337' title='bbox 1600 5171 1932 5227; x_wconf 80' lang='lat' dir='ltr'><strong>miserabilis</strong></span> <span class='ocrx_word' id='word_1_338' title='bbox 1991 5180 2113 5239; x_wconf 85' lang='lat' dir='ltr'><strong>est;</strong></span> 
     </span>
    </p>
   </div>
   <div class='ocr_carea' id='block_1_54' title="bbox 534 5261 2120 5335">
    <p class='ocr_par' dir='ltr' id='par_1_54' title="bbox 534 5261 2120 5335">
     <span class='ocr_line' id='line_1_54' title="bbox 534 5261 2120 5335; baseline 0.003 -19"><span class='ocrx_word' id='word_1_339' title='bbox 534 5275 756 5335; x_wconf 85' lang='lat' dir='ltr'><strong>propter</strong></span> <span class='ocrx_word' id='word_1_340' title='bbox 789 5262 1045 5318; x_wconf 89' lang='lat' dir='ltr'><strong>similiter</strong></span> <span class='ocrx_word' id='word_1_341' title='bbox 1073 5261 1221 5315; x_wconf 89' lang='lat' dir='ltr'><strong>circa</strong></span> <span class='ocrx_word' id='word_1_342' title='bbox 1255 5261 1448 5315; x_wconf 86' lang='lat' dir='ltr'><strong>eadem</strong></span> <span class='ocrx_word' id='word_1_343' title='bbox 1474 5261 1727 5317; x_wconf 84' lang='lat' dir='ltr'><strong>vitiosam</strong></span> <span class='ocrx_word' id='word_1_344' title='bbox 1798 5264 2120 5335; x_wconf 87' lang='lat' dir='ltr'><strong>dispositio-</strong></span> 
     </span>
    </p>
   </div>
   <div class='ocr_carea' id='block_1_55' title="bbox 531 5361 1063 5417">
    <p class='ocr_par' dir='ltr' id='par_1_55' title="bbox 531 5361 1063 5417">
     <span class='ocr_line' id='line_1_55' title="bbox 531 5361 1063 5417; baseline -0.006 -3"><span class='ocrx_word' id='word_1_345' title='bbox 531 5375 655 5415; x_wconf 88' lang='lat' dir='ltr'><strong>nem</strong></span> <span class='ocrx_word' id='word_1_346' title='bbox 681 5371 736 5417; x_wconf 92' lang='lat' dir='ltr'><strong>ct</strong></span> <span class='ocrx_word' id='word_1_347' title='bbox 767 5361 1063 5412; x_wconf 85' lang='lat' dir='ltr'><strong>actionem.</strong></span> 
     </span>
    </p>
   </div>
   <div class='ocr_carea' id='block_1_56' title="bbox 607 5470 2117 5547">
    <p class='ocr_par' dir='ltr' id='par_1_56' title="bbox 607 5470 2117 5547">
     <span class='ocr_line' id='line_1_56' title="bbox 607 5470 2117 5547; baseline -0.001 -17"><span class='ocrx_word' id='word_1_348' title='bbox 607 5470 824 5530; x_wconf 85' lang='lat' dir='ltr'><strong>Tertius</strong></span> <span class='ocrx_word' id='word_1_349' title='bbox 854 5473 1071 5536; x_wconf 88' lang='lat' dir='ltr'><strong>modus,</strong></span> <span class='ocrx_word' id='word_1_350' title='bbox 1114 5489 1223 5544; x_wconf 91' lang='lat' dir='ltr'><strong>quo</strong></span> <span class='ocrx_word' id='word_1_351' title='bbox 1248 5490 1347 5530; x_wconf 84' lang='lat' dir='ltr'><strong>nec</strong></span> <span class='ocrx_word' id='word_1_352' title='bbox 1374 5474 1578 5531; x_wconf 87' lang='lat' dir='ltr'><strong>virtute</strong></span> <span class='ocrx_word' id='word_1_353' title='bbox 1600 5492 1699 5531; x_wconf 84' lang='lat' dir='ltr'><strong>nec</strong></span> <span class='ocrx_word' id='word_1_354' title='bbox 1726 5476 1907 5547; x_wconf 89' lang='lat' dir='ltr'><strong>culpa,</strong></span> <span class='ocrx_word' id='word_1_355' title='bbox 1929 5477 2117 5530; x_wconf 86' lang='lat' dir='ltr'><strong>eadem</strong></span> 
     </span>
    </p>
   </div>
   <div class='ocr_carea' id='block_1_57' title="bbox 530 5568 2117 5639">
    <p class='ocr_par' dir='ltr' id='par_1_57' title="bbox 530 5568 2117 5639">
     <span class='ocr_line' id='line_1_57' title="bbox 530 5568 2117 5639; baseline 0.001 -17"><span class='ocrx_word' id='word_1_356' title='bbox 530 5571 1016 5639; x_wconf 28' lang='lat' dir='ltr'><strong>contingunt,‘ncc</strong></span> <span class='ocrx_word' id='word_1_357' title='bbox 1041 5569 1106 5624; x_wconf 88' lang='lat' dir='ltr'><strong>ad</strong></span> <span class='ocrx_word' id='word_1_358' title='bbox 1138 5569 1559 5634; x_wconf 87' lang='lat' dir='ltr'><strong>beatitudinem,</strong></span> <span class='ocrx_word' id='word_1_359' title='bbox 1594 5586 1694 5623; x_wconf 88' lang='lat' dir='ltr'><strong>nec</strong></span> <span class='ocrx_word' id='word_1_360' title='bbox 1721 5568 1788 5622; x_wconf 90' lang='lat' dir='ltr'><strong>ad</strong></span> <span class='ocrx_word' id='word_1_361' title='bbox 1838 5568 2117 5624; x_wconf 86' lang='lat' dir='ltr'><strong>miseriam</strong></span> 
     </span>
    </p>
   </div>
   <div class='ocr_carea' id='block_1_58' title="bbox 532 5660 2119 5732">
    <p class='ocr_par' dir='ltr' id='par_1_58' title="bbox 532 5660 2119 5732">
     <span class='ocr_line' id='line_1_58' title="bbox 532 5660 2119 5732; baseline 0.003 -21"><span class='ocrx_word' id='word_1_362' title='bbox 532 5660 737 5731; x_wconf 83' lang='lat' dir='ltr'><strong>aliquid</strong></span> <span class='ocrx_word' id='word_1_363' title='bbox 780 5660 1041 5732; x_wconf 85' lang='lat' dir='ltr'><strong>ponderis</strong></span> <span class='ocrx_word' id='word_1_364' title='bbox 1073 5661 1238 5717; x_wconf 89' lang='lat' dir='ltr'><strong>habet</strong></span> <span class='ocrx_word' id='word_1_365' title='bbox 1277 5682 1290 5717; x_wconf 89' lang='lat'><strong>:</strong></span> <span class='ocrx_word' id='word_1_366' title='bbox 1320 5661 1417 5717; x_wconf 82' lang='lat' dir='ltr'><strong>sed</strong></span> <span class='ocrx_word' id='word_1_367' title='bbox 1447 5677 1571 5717; x_wconf 90' lang='lat' dir='ltr'><strong>cum</strong></span> <span class='ocrx_word' id='word_1_368' title='bbox 1603 5663 1716 5715; x_wconf 62' lang='lat' dir='ltr'><strong>sint</strong></span> <span class='ocrx_word' id='word_1_369' title='bbox 1740 5670 1955 5729; x_wconf 91' lang='lat' dir='ltr'><strong>sumpta</strong></span> <span class='ocrx_word' id='word_1_370' title='bbox 1984 5675 2119 5729; x_wconf 86' lang='lat' dir='ltr'><strong>quu-</strong></span> 
     </span>
    </p>
   </div>
   <div class='ocr_carea' id='block_1_59' title="bbox 534 5754 2122 5822">
    <p class='ocr_par' dir='ltr' id='par_1_59' title="bbox 534 5754 2122 5822">
     <span class='ocr_line' id='line_1_59' title="bbox 534 5754 2122 5822; baseline 0 -14"><span class='ocrx_word' id='word_1_371' title='bbox 534 5767 644 5822; x_wconf 84' lang='lat' dir='ltr'><strong>qno</strong></span> <span class='ocrx_word' id='word_1_372' title='bbox 680 5755 841 5811; x_wconf 86' lang='lat' dir='ltr'><strong>modo</strong></span> <span class='ocrx_word' id='word_1_373' title='bbox 860 5758 1150 5812; x_wconf 85' lang='lat' dir='ltr'><strong>cmnmoda</strong></span> <span class='ocrx_word' id='word_1_374' title='bbox 1185 5754 1270 5811; x_wconf 87' lang='lat' dir='ltr'><strong>vel</strong></span> <span class='ocrx_word' id='word_1_375' title='bbox 1311 5755 1689 5821; x_wconf 86' lang='lat' dir='ltr'><strong>incommoda,</strong></span> <span class='ocrx_word' id='word_1_376' title='bbox 1732 5754 1971 5820; x_wconf 84' lang='lat' dir='ltr'><strong>qualiter</strong></span> <span class='ocrx_word' id='word_1_377' title='bbox 2035 5762 2122 5808; x_wconf 85' lang='lat' dir='ltr'><strong>est</strong></span> 
     </span>
    </p>
   </div>
   <div class='ocr_carea' id='block_1_60' title="bbox 534 5843 2117 5931">
    <p class='ocr_par' dir='ltr' id='par_1_60' title="bbox 534 5843 2117 5931">
     <span class='ocr_line' id='line_1_60' title="bbox 534 5843 2117 5931; baseline 0.001 -31"><span class='ocrx_word' id='word_1_378' title='bbox 534 5843 619 5900; x_wconf 89' lang='lat' dir='ltr'><strong>eis</strong></span> <span class='ocrx_word' id='word_1_379' title='bbox 650 5851 933 5919; x_wconf 88' lang='lat' dir='ltr'><strong>utendum,</strong></span> <span class='ocrx_word' id='word_1_380' title='bbox 955 5850 1186 5930; x_wconf 61' lang='lat' dir='ltr'><strong>dicetur,</strong></span> <span class='ocrx_word' id='word_1_381' title='bbox 1227 5849 1319 5908; x_wconf 82' lang='lat' dir='ltr'><strong>ubi</strong></span> <span class='ocrx_word' id='word_1_382' title='bbox 1345 5849 1412 5906; x_wconf 88' lang='lat' dir='ltr'><strong>de</strong></span> <span class='ocrx_word' id='word_1_383' title='bbox 1445 5846 1745 5904; x_wconf 76' lang='lat' dir='ltr'><strong>virtutibus</strong></span> <span class='ocrx_word' id='word_1_384' title='bbox 1770 5846 2117 5931; x_wconf 62' lang='lat' dir='ltr'><strong>tractabitur:</strong></span> 
     </span>
    </p>
   </div>
   <div class='ocr_carea' id='block_1_61' title="bbox 2430 537 3561 616">
    <p class='ocr_par' dir='ltr' id='par_1_61' title="bbox 2430 537 3561 616">
     <span class='ocr_line' id='line_1_61' title="bbox 2430 537 3561 616; baseline -0.01 -17"><span class='ocrx_word' id='word_1_385' title='bbox 2430 546 2640 616; x_wconf 75' lang='lat' dir='ltr'><strong>faciunt</strong></span> <span class='ocrx_word' id='word_1_386' title='bbox 2660 545 2729 596; x_wconf 88' lang='lat' dir='ltr'><strong>ad</strong></span> <span class='ocrx_word' id='word_1_387' title='bbox 2762 540 3145 596; x_wconf 78' lang='lat' dir='ltr'><strong>beatitudinem</strong></span> <span class='ocrx_word' id='word_1_388' title='bbox 3170 537 3249 593; x_wconf 78' lang='lat' dir='ltr'><strong>vel</strong></span> <span class='ocrx_word' id='word_1_389' title='bbox 3271 539 3561 591; x_wconf 75' lang='lat' dir='ltr'><strong>miseriam.</strong></span> 
     </span>
    </p>
   </div>
   <div class='ocr_carea' id='block_1_62' title="bbox 2284 647 3763 718">
    <p class='ocr_par' dir='ltr' id='par_1_62' title="bbox 2284 647 3763 718">
     <span class='ocr_line' id='line_1_62' title="bbox 2284 647 3763 718; baseline -0.01 -3"><span class='ocrx_word' id='word_1_390' title='bbox 2284 659 2444 715; x_wconf 75' lang='lat' dir='ltr'><strong>Nunc</strong></span> <span class='ocrx_word' id='word_1_391' title='bbox 2491 667 2673 713; x_wconf 88' lang='lat' dir='ltr'><strong>autem</strong></span> <span class='ocrx_word' id='word_1_392' title='bbox 2741 654 2877 710; x_wconf 88' lang='lat' dir='ltr'><strong>illud</strong></span> <span class='ocrx_word' id='word_1_393' title='bbox 2918 653 2992 708; x_wconf 86' lang='lat' dir='ltr'><strong>sit</strong></span> <span class='ocrx_word' id='word_1_394' title='bbox 3047 648 3423 712; x_wconf 89' lang='lat' dir='ltr'><strong>manifestum,</strong></span> <span class='ocrx_word' id='word_1_395' title='bbox 3491 647 3630 718; x_wconf 90' lang='lat' dir='ltr'><strong>quod</strong></span> <span class='ocrx_word' id='word_1_396' title='bbox 3669 660 3763 701; x_wconf 87' lang='lat' dir='ltr'><strong>nec</strong></span> 
     </span>
    </p>
   </div>
   <div class='ocr_carea' id='block_1_63' title="bbox 2200 740 3765 812">
    <p class='ocr_par' dir='ltr' id='par_1_63' title="bbox 2200 740 3765 812">
     <span class='ocr_line' id='line_1_63' title="bbox 2200 740 3765 812; baseline -0.01 -2"><span class='ocrx_word' id='word_1_397' title='bbox 2200 750 2490 810; x_wconf 86' lang='lat' dir='ltr'><strong>commoda</strong></span> <span class='ocrx_word' id='word_1_398' title='bbox 2515 746 2894 812; x_wconf 86' lang='lat' dir='ltr'><strong>beatitudinis,</strong></span> <span class='ocrx_word' id='word_1_399' title='bbox 2920 760 3019 799; x_wconf 89' lang='lat' dir='ltr'><strong>nec</strong></span> <span class='ocrx_word' id='word_1_400' title='bbox 3040 742 3380 798; x_wconf 85' lang='lat' dir='ltr'><strong>incommoda</strong></span> <span class='ocrx_word' id='word_1_401' title='bbox 3398 740 3621 796; x_wconf 73' lang='lat' dir='ltr'><strong>miseriae</strong></span> <span class='ocrx_word' id='word_1_402' title='bbox 3647 755 3765 811; x_wconf 90' lang='lat' dir='ltr'><strong>par-</strong></span> 
     </span>
    </p>
   </div>
   <div class='ocr_carea' id='block_1_64' title="bbox 2204 837 3766 912">
    <p class='ocr_par' dir='ltr' id='par_1_64' title="bbox 2204 837 3766 912">
     <span class='ocr_line' id='line_1_64' title="bbox 2204 837 3766 912; baseline -0.01 -8"><span class='ocrx_word' id='word_1_403' title='bbox 2204 858 2288 904; x_wconf 85' lang='lat' dir='ltr'><strong>tes</strong></span> <span class='ocrx_word' id='word_1_404' title='bbox 2318 843 2579 912; x_wconf 88' lang='lat' dir='ltr'><strong>siut;sed</strong></span> <span class='ocrx_word' id='word_1_405' title='bbox 2624 841 2875 906; x_wconf 70' lang='lat' dir='ltr'><strong>affectus,</strong></span> <span class='ocrx_word' id='word_1_406' title='bbox 2909 850 2963 895; x_wconf 89' lang='lat' dir='ltr'><strong>et</strong></span> <span class='ocrx_word' id='word_1_407' title='bbox 3012 847 3191 904; x_wconf 89' lang='lat' dir='ltr'><strong>actus,</strong></span> <span class='ocrx_word' id='word_1_408' title='bbox 3218 846 3273 892; x_wconf 92' lang='lat' dir='ltr'><strong>et</strong></span> <span class='ocrx_word' id='word_1_409' title='bbox 3325 850 3459 889; x_wconf 90' lang='lat' dir='ltr'><strong>usus</strong></span> <span class='ocrx_word' id='word_1_410' title='bbox 3508 837 3766 889; x_wconf 66' lang='lat' dir='ltr'><strong>virtuesus</strong></span> 
     </span>
    </p>
   </div>
   <div class='ocr_carea' id='block_1_65' title="bbox 2204 929 3763 1002">
    <p class='ocr_par' dir='ltr' id='par_1_65' title="bbox 2204 929 3763 1002">
     <span class='ocr_line' id='line_1_65' title="bbox 2204 929 3763 1002; baseline -0.009 -5"><span class='ocrx_word' id='word_1_411' title='bbox 2204 941 2291 997; x_wconf 89' lang='lat' dir='ltr'><strong>vel</strong></span> <span class='ocrx_word' id='word_1_412' title='bbox 2317 941 2575 1002; x_wconf 86' lang='lat' dir='ltr'><strong>vitiosus,</strong></span> <span class='ocrx_word' id='word_1_413' title='bbox 2631 938 2782 992; x_wconf 88' lang='lat' dir='ltr'><strong>circa</strong></span> <span class='ocrx_word' id='word_1_414' title='bbox 2824 944 3061 1002; x_wconf 90' lang='lat' dir='ltr'><strong>utraque</strong></span> <span class='ocrx_word' id='word_1_415' title='bbox 3109 929 3465 998; x_wconf 86' lang='lat' dir='ltr'><strong>aequirenda,</strong></span> <span class='ocrx_word' id='word_1_416' title='bbox 3491 929 3763 994; x_wconf 87' lang='lat' dir='ltr'><strong>sumenda,</strong></span> 
     </span>
    </p>
   </div>
   <div class='ocr_carea' id='block_1_66' title="bbox 2207 1020 3767 1091">
    <p class='ocr_par' dir='ltr' id='par_1_66' title="bbox 2207 1020 3767 1091">
     <span class='ocr_line' id='line_1_66' title="bbox 2207 1020 3767 1091; baseline -0.006 -7"><span class='ocrx_word' id='word_1_417' title='bbox 2207 1028 2430 1091; x_wconf 85' lang='lat' dir='ltr'><strong>tuenda,</strong></span> <span class='ocrx_word' id='word_1_418' title='bbox 2456 1027 2710 1089; x_wconf 80' lang='lat' dir='ltr'><strong>Ieremia,</strong></span> <span class='ocrx_word' id='word_1_419' title='bbox 2738 1025 2941 1080; x_wconf 88' lang='lat' dir='ltr'><strong>utenda</strong></span> <span class='ocrx_word' id='word_1_420' title='bbox 2971 1031 3024 1077; x_wconf 87' lang='lat' dir='ltr'><strong>et</strong></span> <span class='ocrx_word' id='word_1_421' title='bbox 3050 1020 3347 1077; x_wconf 87' lang='lat' dir='ltr'><strong>amittenda</strong></span> <span class='ocrx_word' id='word_1_422' title='bbox 3388 1021 3457 1075; x_wconf 88' lang='lat' dir='ltr'><strong>ad</strong></span> <span class='ocrx_word' id='word_1_423' title='bbox 3493 1020 3767 1075; x_wconf 87' lang='lat' dir='ltr'><strong>beatitudi-</strong></span> 
     </span>
    </p>
   </div>
   <div class='ocr_carea' id='block_1_67' title="bbox 2206 1116 3065 1187">
    <p class='ocr_par' dir='ltr' id='par_1_67' title="bbox 2206 1116 3065 1187">
     <span class='ocr_line' id='line_1_67' title="bbox 2206 1116 3065 1187; baseline -0.006 -11"><span class='ocrx_word' id='word_1_424' title='bbox 2206 1138 2331 1178; x_wconf 85' lang='lat' dir='ltr'><strong>nem</strong></span> <span class='ocrx_word' id='word_1_425' title='bbox 2373 1121 2455 1176; x_wconf 88' lang='lat' dir='ltr'><strong>vel</strong></span> <span class='ocrx_word' id='word_1_426' title='bbox 2490 1119 2769 1175; x_wconf 88' lang='lat' dir='ltr'><strong>miseriam</strong></span> <span class='ocrx_word' id='word_1_427' title='bbox 2805 1116 3065 1187; x_wconf 88' lang='lat' dir='ltr'><strong>pertinet.</strong></span> 
     </span>
    </p>
   </div>
   <div class='ocr_carea' id='block_1_68' title="bbox 2281 1206 3769 1282">
    <p class='ocr_par' dir='ltr' id='par_1_68' title="bbox 2281 1206 3769 1282">
     <span class='ocr_line' id='line_1_68' title="bbox 2281 1206 3769 1282; baseline -0.005 -13"><span class='ocrx_word' id='word_1_428' title='bbox 2281 1214 2422 1270; x_wconf 89' lang='lat' dir='ltr'><strong>Sunt</strong></span> <span class='ocrx_word' id='word_1_429' title='bbox 2453 1214 2639 1282; x_wconf 88' lang='lat' dir='ltr'><strong>itaque</strong></span> <span class='ocrx_word' id='word_1_430' title='bbox 2691 1211 2976 1266; x_wconf 86' lang='lat' dir='ltr'><strong>commoda</strong></span> <span class='ocrx_word' id='word_1_431' title='bbox 3018 1207 3372 1279; x_wconf 87' lang='lat' dir='ltr'><strong>acquirenda,</strong></span> <span class='ocrx_word' id='word_1_432' title='bbox 3404 1217 3458 1263; x_wconf 92' lang='lat' dir='ltr'><strong>et</strong></span> <span class='ocrx_word' id='word_1_433' title='bbox 3490 1206 3769 1274; x_wconf 88' lang='lat' dir='ltr'><strong>tuenda,et</strong></span> 
     </span>
    </p>
   </div>
   <div class='ocr_carea' id='block_1_69' title="bbox 2210 1290 3770 1375">
    <p class='ocr_par' dir='ltr' id='par_1_69' title="bbox 2210 1290 3770 1375">
     <span class='ocr_line' id='line_1_69' title="bbox 2210 1290 3770 1375; baseline -0.007 -10"><span class='ocrx_word' id='word_1_434' title='bbox 2210 1308 2437 1375; x_wconf 88' lang='lat' dir='ltr'><strong>utenda,</strong></span> <span class='ocrx_word' id='word_1_435' title='bbox 2473 1307 2603 1362; x_wconf 92' lang='lat' dir='ltr'><strong>dum</strong></span> <span class='ocrx_word' id='word_1_436' title='bbox 2634 1306 2764 1360; x_wconf 88' lang='lat' dir='ltr'><strong>licet</strong></span> <span class='ocrx_word' id='word_1_437' title='bbox 2815 1290 3111 1359; x_wconf 39' lang='lat' dir='ltr'><strong>recte&#39;hmc</strong></span> <span class='ocrx_word' id='word_1_438' title='bbox 3146 1303 3284 1367; x_wconf 89' lang='lat' dir='ltr'><strong>fieri,</strong></span> <span class='ocrx_word' id='word_1_439' title='bbox 3316 1312 3370 1356; x_wconf 92' lang='lat' dir='ltr'><strong>et</strong></span> <span class='ocrx_word' id='word_1_440' title='bbox 3401 1302 3621 1357; x_wconf 88' lang='lat' dir='ltr'><strong>minime</strong></span> <span class='ocrx_word' id='word_1_441' title='bbox 3652 1301 3770 1371; x_wconf 89' lang='lat' dir='ltr'><strong>reji-</strong></span> 
     </span>
    </p>
   </div>
   <div class='ocr_carea' id='block_1_70' title="bbox 2207 1398 3770 1471">
    <p class='ocr_par' dir='ltr' id='par_1_70' title="bbox 2207 1398 3770 1471">
     <span class='ocr_line' id='line_1_70' title="bbox 2207 1398 3770 1471; baseline -0.005 -11"><span class='ocrx_word' id='word_1_442' title='bbox 2207 1404 2419 1471; x_wconf 87' lang='lat' dir='ltr'><strong>eienda,</strong></span> <span class='ocrx_word' id='word_1_443' title='bbox 2455 1403 2564 1459; x_wconf 89' lang='lat' dir='ltr'><strong>nisi</strong></span> <span class='ocrx_word' id='word_1_444' title='bbox 2597 1411 2691 1456; x_wconf 88' lang='lat' dir='ltr'><strong>aut</strong></span> <span class='ocrx_word' id='word_1_445' title='bbox 2726 1400 2795 1455; x_wconf 86' lang='lat' dir='ltr'><strong>ad</strong></span> <span class='ocrx_word' id='word_1_446' title='bbox 2822 1399 3215 1470; x_wconf 88' lang='lat' dir='ltr'><strong>comparandas</strong></span> <span class='ocrx_word' id='word_1_447' title='bbox 3268 1398 3353 1454; x_wconf 83' lang='lat' dir='ltr'><strong>vel</strong></span> <span class='ocrx_word' id='word_1_448' title='bbox 3384 1399 3645 1468; x_wconf 79' lang='lat' dir='ltr'><strong>gerendas</strong></span> <span class='ocrx_word' id='word_1_449' title='bbox 3690 1414 3770 1453; x_wconf 88' lang='lat' dir='ltr'><strong>res</strong></span> 
     </span>
    </p>
   </div>
   <div class='ocr_carea' id='block_1_71' title="bbox 2208 1492 3768 1563">
    <p class='ocr_par' dir='ltr' id='par_1_71' title="bbox 2208 1492 3768 1563">
     <span class='ocr_line' id='line_1_71' title="bbox 2208 1492 3768 1563; baseline -0.004 -10"><span class='ocrx_word' id='word_1_450' title='bbox 2208 1498 2468 1553; x_wconf 87' lang='lat' dir='ltr'><strong>meliores</strong></span> <span class='ocrx_word' id='word_1_451' title='bbox 2503 1537 2518 1563; x_wconf 94' lang='lat'><strong>,</strong></span> <span class='ocrx_word' id='word_1_452' title='bbox 2559 1505 2652 1549; x_wconf 92' lang='lat' dir='ltr'><strong>aut</strong></span> <span class='ocrx_word' id='word_1_453' title='bbox 2691 1495 2758 1548; x_wconf 90' lang='lat' dir='ltr'><strong>ad</strong></span> <span class='ocrx_word' id='word_1_454' title='bbox 2810 1493 3157 1550; x_wconf 86' lang='lat' dir='ltr'><strong>serviendum</strong></span> <span class='ocrx_word' id='word_1_455' title='bbox 3198 1492 3502 1555; x_wconf 88' lang='lat' dir='ltr'><strong>hominum,</strong></span> <span class='ocrx_word' id='word_1_456' title='bbox 3549 1507 3768 1562; x_wconf 88' lang='lat' dir='ltr'><strong>quorum</strong></span> 
     </span>
    </p>
   </div>
   <div class='ocr_carea' id='block_1_72' title="bbox 2208 1586 3771 1656">
    <p class='ocr_par' dir='ltr' id='par_1_72' title="bbox 2208 1586 3771 1656">
     <span class='ocr_line' id='line_1_72' title="bbox 2208 1586 3771 1656; baseline -0.005 -9"><span class='ocrx_word' id='word_1_457' title='bbox 2208 1591 2388 1656; x_wconf 89' lang='lat' dir='ltr'><strong>decet,</strong></span> <span class='ocrx_word' id='word_1_458' title='bbox 2412 1588 2656 1644; x_wconf 88' lang='lat' dir='ltr'><strong>utilitati.</strong></span> <span class='ocrx_word' id='word_1_459' title='bbox 2697 1586 2739 1640; x_wconf 88' lang='lat' dir='ltr'><strong>E</strong></span> <span class='ocrx_word' id='word_1_460' title='bbox 2768 1595 2960 1641; x_wconf 90' lang='lat' dir='ltr'><strong>contra</strong></span> <span class='ocrx_word' id='word_1_461' title='bbox 2990 1600 3121 1642; x_wconf 89' lang='lat' dir='ltr'><strong>vero</strong></span> <span class='ocrx_word' id='word_1_462' title='bbox 3145 1586 3487 1641; x_wconf 90' lang='lat' dir='ltr'><strong>incommoda</strong></span> <span class='ocrx_word' id='word_1_463' title='bbox 3516 1594 3611 1639; x_wconf 87' lang='lat' dir='ltr'><strong>aut</strong></span> <span class='ocrx_word' id='word_1_464' title='bbox 3649 1594 3771 1639; x_wconf 87' lang='lat' dir='ltr'><strong>sunt</strong></span> 
     </span>
    </p>
   </div>
   <div class='ocr_carea' id='block_1_73' title="bbox 2211 1677 3774 1755">
    <p class='ocr_par' dir='ltr' id='par_1_73' title="bbox 2211 1677 3774 1755">
     <span class='ocr_line' id='line_1_73' title="bbox 2211 1677 3774 1755; baseline -0.004 -15"><span class='ocrx_word' id='word_1_465' title='bbox 2211 1683 2532 1755; x_wconf 87' lang='lat' dir='ltr'><strong>rejicienda,</strong></span> <span class='ocrx_word' id='word_1_466' title='bbox 2557 1689 2655 1735; x_wconf 87' lang='lat' dir='ltr'><strong>aut</strong></span> <span class='ocrx_word' id='word_1_467' title='bbox 2687 1694 2845 1749; x_wconf 62' lang='lat' dir='ltr'><strong>aequo</strong></span> <span class='ocrx_word' id='word_1_468' title='bbox 2865 1679 3050 1733; x_wconf 88' lang='lat' dir='ltr'><strong>animo</strong></span> <span class='ocrx_word' id='word_1_469' title='bbox 3084 1677 3326 1745; x_wconf 84' lang='lat' dir='ltr'><strong>ferenda,</strong></span> <span class='ocrx_word' id='word_1_470' title='bbox 3349 1678 3454 1732; x_wconf 88' lang='lat' dir='ltr'><strong>nisi</strong></span> <span class='ocrx_word' id='word_1_471' title='bbox 3477 1688 3570 1732; x_wconf 87' lang='lat' dir='ltr'><strong>aut</strong></span> <span class='ocrx_word' id='word_1_472' title='bbox 3597 1677 3662 1732; x_wconf 81' lang='lat' dir='ltr'><strong>aJ</strong></span> <span class='ocrx_word' id='word_1_473' title='bbox 3688 1678 3774 1733; x_wconf 81' lang='lat' dir='ltr'><strong>de-</strong></span> 
     </span>
    </p>
   </div>
   <div class='ocr_carea' id='block_1_74' title="bbox 2210 1769 3773 1841">
    <p class='ocr_par' dir='ltr' id='par_1_74' title="bbox 2210 1769 3773 1841">
     <span class='ocr_line' id='line_1_74' title="bbox 2210 1769 3773 1841; baseline -0.006 -8"><span class='ocrx_word' id='word_1_474' title='bbox 2210 1776 2466 1833; x_wconf 85' lang='lat' dir='ltr'><strong>clinanda</strong></span> <span class='ocrx_word' id='word_1_475' title='bbox 2519 1772 2956 1828; x_wconf 86' lang='lat' dir='ltr'><strong>incommodiora</strong></span> <span class='ocrx_word' id='word_1_476' title='bbox 2990 1779 3046 1825; x_wconf 89' lang='lat' dir='ltr'><strong>et</strong></span> <span class='ocrx_word' id='word_1_477' title='bbox 3078 1769 3258 1841; x_wconf 83' lang='lat' dir='ltr'><strong>pe’jora</strong></span> <span class='ocrx_word' id='word_1_478' title='bbox 3290 1813 3306 1837; x_wconf 91' lang='lat'><strong>,</strong></span> <span class='ocrx_word' id='word_1_479' title='bbox 3337 1779 3434 1825; x_wconf 90' lang='lat' dir='ltr'><strong>aut</strong></span> <span class='ocrx_word' id='word_1_480' title='bbox 3479 1770 3545 1824; x_wconf 88' lang='lat' dir='ltr'><strong>ad</strong></span> <span class='ocrx_word' id='word_1_481' title='bbox 3586 1785 3773 1825; x_wconf 84' lang='lat' dir='ltr'><strong>consu-</strong></span> 
     </span>
    </p>
   </div>
   <div class='ocr_carea' id='block_1_75' title="bbox 2207 1861 3770 1934">
    <p class='ocr_par' dir='ltr' id='par_1_75' title="bbox 2207 1861 3770 1934">
     <span class='ocr_line' id='line_1_75' title="bbox 2207 1861 3770 1934; baseline -0.005 -9"><span class='ocrx_word' id='word_1_482' title='bbox 2207 1869 2428 1925; x_wconf 87' lang='lat' dir='ltr'><strong>lendum</strong></span> <span class='ocrx_word' id='word_1_483' title='bbox 2458 1867 2714 1922; x_wconf 83' lang='lat' dir='ltr'><strong>decenter</strong></span> <span class='ocrx_word' id='word_1_484' title='bbox 2737 1862 3025 1918; x_wconf 82' lang='lat' dir='ltr'><strong>hominum</strong></span> <span class='ocrx_word' id='word_1_485' title='bbox 3071 1864 3317 1919; x_wconf 84' lang='lat' dir='ltr'><strong>utilitati.</strong></span> <span class='ocrx_word' id='word_1_486' title='bbox 3350 1861 3452 1918; x_wconf 85' lang='lat' dir='ltr'><strong>Sed</strong></span> <span class='ocrx_word' id='word_1_487' title='bbox 3479 1863 3545 1918; x_wconf 91' lang='lat' dir='ltr'><strong>ad</strong></span> <span class='ocrx_word' id='word_1_488' title='bbox 3574 1863 3770 1934; x_wconf 88' lang='lat' dir='ltr'><strong>reliqua</strong></span> 
     </span>
    </p>
   </div>
   <div class='ocr_carea' id='block_1_76' title="bbox 2209 1974 2526 2032">
    <p class='ocr_par' dir='ltr' id='par_1_76' title="bbox 2209 1974 2526 2032">
     <span class='ocr_line' id='line_1_76' title="bbox 2209 1974 2526 2032; baseline -0.016 -16"><span class='ocrx_word' id='word_1_489' title='bbox 2209 1974 2526 2032; x_wconf 85' lang='lat' dir='ltr'><strong>pergamus.</strong></span> 
     </span>
    </p>
   </div>
   <div class='ocr_carea' id='block_1_77' title="bbox 2554 2067 3411 2140">
    <p class='ocr_par' dir='ltr' id='par_1_77' title="bbox 2554 2067 3411 2140">
     <span class='ocr_line' id='line_1_77' title="bbox 2554 2067 3411 2140; baseline -0.006 -11"><span class='ocrx_word' id='word_1_490' title='bbox 2554 2074 2689 2130; x_wconf 68' lang='grc' dir='ltr'><strong>(3η.</strong></span> <span class='ocrx_word' id='word_1_491' title='bbox 2724 2071 2893 2129; x_wconf 80' lang='lat' dir='ltr'><strong>XXX.</strong></span> <span class='ocrx_word' id='word_1_492' title='bbox 2926 2072 3218 2127; x_wconf 77' lang='lat' dir='ltr'><strong>Honestum</strong></span> <span class='ocrx_word' id='word_1_493' title='bbox 3260 2067 3411 2140; x_wconf 80' lang='lat' dir='ltr'><strong>quid.</strong></span> 
     </span>
    </p>
   </div>
   <div class='ocr_carea' id='block_1_78' title="bbox 2280 2182 3774 2257">
    <p class='ocr_par' dir='ltr' id='par_1_78' title="bbox 2280 2182 3774 2257">
     <span class='ocr_line' id='line_1_78' title="bbox 2280 2182 3774 2257; baseline -0.007 -13"><span class='ocrx_word' id='word_1_494' title='bbox 2280 2190 2530 2244; x_wconf 76' lang='lat' dir='ltr'><strong>Positum</strong></span> <span class='ocrx_word' id='word_1_495' title='bbox 2566 2197 2652 2243; x_wconf 86' lang='lat' dir='ltr'><strong>est</strong></span> <span class='ocrx_word' id='word_1_496' title='bbox 2692 2189 2748 2242; x_wconf 91' lang='lat' dir='ltr'><strong>in</strong></span> <span class='ocrx_word' id='word_1_497' title='bbox 2777 2186 3055 2257; x_wconf 89' lang='lat' dir='ltr'><strong>principio</strong></span> <span class='ocrx_word' id='word_1_498' title='bbox 3092 2186 3236 2255; x_wconf 90' lang='lat' dir='ltr'><strong>quod</strong></span> <span class='ocrx_word' id='word_1_499' title='bbox 3273 2182 3547 2238; x_wconf 86' lang='lat' dir='ltr'><strong>beatitudo</strong></span> <span class='ocrx_word' id='word_1_500' title='bbox 3603 2195 3696 2251; x_wconf 86' lang='lat' dir='ltr'><strong>per</strong></span> <span class='ocrx_word' id='word_1_501' title='bbox 3721 2195 3774 2233; x_wconf 81' lang='lat' dir='ltr'><strong>se</strong></span> 
     </span>
    </p>
   </div>
   <div class='ocr_carea' id='block_1_79' title="bbox 2209 2275 3773 2351">
    <p class='ocr_par' dir='ltr' id='par_1_79' title="bbox 2209 2275 3773 2351">
     <span class='ocr_line' id='line_1_79' title="bbox 2209 2275 3773 2351; baseline -0.008 -14"><span class='ocrx_word' id='word_1_502' title='bbox 2209 2280 2536 2351; x_wconf 78' lang='lat' dir='ltr'><strong>expetenda.</strong></span> <span class='ocrx_word' id='word_1_503' title='bbox 2572 2280 2637 2335; x_wconf 88' lang='lat' dir='ltr'><strong>Et</strong></span> <span class='ocrx_word' id='word_1_504' title='bbox 2668 2293 2754 2335; x_wconf 89' lang='lat' dir='ltr'><strong>est</strong></span> <span class='ocrx_word' id='word_1_505' title='bbox 2779 2289 3082 2341; x_wconf 89' lang='lat' dir='ltr'><strong>ostensum,</strong></span> <span class='ocrx_word' id='word_1_506' title='bbox 3111 2276 3253 2347; x_wconf 88' lang='lat' dir='ltr'><strong>quod</strong></span> <span class='ocrx_word' id='word_1_507' title='bbox 3289 2275 3396 2330; x_wconf 74' lang='lat' dir='ltr'><strong>vita</strong></span> <span class='ocrx_word' id='word_1_508' title='bbox 3429 2276 3581 2330; x_wconf 65' lang='lat' dir='ltr'><strong>beata</strong></span> <span class='ocrx_word' id='word_1_509' title='bbox 3646 2275 3773 2329; x_wconf 85' lang='lat' dir='ltr'><strong>idem</strong></span> 
     </span>
    </p>
   </div>
   <div class='ocr_carea' id='block_1_80' title="bbox 2210 2369 3778 2444">
    <p class='ocr_par' dir='ltr' id='par_1_80' title="bbox 2210 2369 3778 2444">
     <span class='ocr_line' id='line_1_80' title="bbox 2210 2369 3778 2444; baseline -0.007 -14"><span class='ocrx_word' id='word_1_510' title='bbox 2210 2383 2316 2440; x_wconf 87' lang='lat' dir='ltr'><strong>est,</strong></span> <span class='ocrx_word' id='word_1_511' title='bbox 2348 2375 2495 2444; x_wconf 91' lang='lat' dir='ltr'><strong>quod</strong></span> <span class='ocrx_word' id='word_1_512' title='bbox 2553 2375 2803 2427; x_wconf 89' lang='lat' dir='ltr'><strong>virtuosa</strong></span> <span class='ocrx_word' id='word_1_513' title='bbox 2847 2391 2861 2426; x_wconf 89' lang='lat'><strong>:</strong></span> <span class='ocrx_word' id='word_1_514' title='bbox 2895 2370 3005 2425; x_wconf 89' lang='lat' dir='ltr'><strong>vita</strong></span> <span class='ocrx_word' id='word_1_515' title='bbox 3037 2384 3172 2440; x_wconf 88' lang='lat' dir='ltr'><strong>ergo</strong></span> <span class='ocrx_word' id='word_1_516' title='bbox 3200 2369 3441 2422; x_wconf 89' lang='lat' dir='ltr'><strong>virtuosa</strong></span> <span class='ocrx_word' id='word_1_517' title='bbox 3479 2382 3575 2436; x_wconf 89' lang='lat' dir='ltr'><strong>per</strong></span> <span class='ocrx_word' id='word_1_518' title='bbox 3602 2382 3662 2421; x_wconf 90' lang='lat' dir='ltr'><strong>se</strong></span> <span class='ocrx_word' id='word_1_519' title='bbox 3702 2375 3778 2420; x_wconf 89' lang='lat' dir='ltr'><strong>est</strong></span> 
     </span>
    </p>
   </div>
   <div class='ocr_carea' id='block_1_81' title="bbox 2210 2459 3777 2534">
    <p class='ocr_par' dir='ltr' id='par_1_81' title="bbox 2210 2459 3777 2534">
     <span class='ocr_line' id='line_1_81' title="bbox 2210 2459 3777 2534; baseline -0.005 -14"><span class='ocrx_word' id='word_1_520' title='bbox 2210 2466 2537 2534; x_wconf 79' lang='lat' dir='ltr'><strong>expetenda.</strong></span> <span class='ocrx_word' id='word_1_521' title='bbox 2573 2463 2669 2520; x_wconf 85' lang='lat' dir='ltr'><strong>Est</strong></span> <span class='ocrx_word' id='word_1_522' title='bbox 2704 2474 2887 2519; x_wconf 89' lang='lat' dir='ltr'><strong>autem</strong></span> <span class='ocrx_word' id='word_1_523' title='bbox 2920 2470 2975 2518; x_wconf 89' lang='lat' dir='ltr'><strong>et</strong></span> <span class='ocrx_word' id='word_1_524' title='bbox 3008 2460 3316 2525; x_wconf 88' lang='lat' dir='ltr'><strong>laudabilis,</strong></span> <span class='ocrx_word' id='word_1_525' title='bbox 3347 2468 3405 2514; x_wconf 94' lang='lat' dir='ltr'><strong>ut</strong></span> <span class='ocrx_word' id='word_1_526' title='bbox 3437 2461 3597 2515; x_wconf 90' lang='lat' dir='ltr'><strong>situm</strong></span> <span class='ocrx_word' id='word_1_527' title='bbox 3627 2469 3704 2513; x_wconf 88' lang='lat' dir='ltr'><strong>est</strong></span> <span class='ocrx_word' id='word_1_528' title='bbox 3727 2459 3777 2513; x_wconf 87' lang='lat' dir='ltr'><strong>in</strong></span> 
     </span>
    </p>
   </div>
   <div class='ocr_carea' id='block_1_82' title="bbox 2213 2553 3778 2625">
    <p class='ocr_par' dir='ltr' id='par_1_82' title="bbox 2213 2553 3778 2625">
     <span class='ocr_line' id='line_1_82' title="bbox 2213 2553 3778 2625; baseline -0.004 -13"><span class='ocrx_word' id='word_1_529' title='bbox 2213 2558 2531 2613; x_wconf 83' lang='lat' dir='ltr'><strong>definitione</strong></span> <span class='ocrx_word' id='word_1_530' title='bbox 2546 2558 2794 2613; x_wconf 83' lang='lat' dir='ltr'><strong>virtutis.</strong></span> <span class='ocrx_word' id='word_1_531' title='bbox 2832 2555 2937 2610; x_wconf 85' lang='lat' dir='ltr'><strong>Sed</strong></span> <span class='ocrx_word' id='word_1_532' title='bbox 2964 2556 3110 2625; x_wconf 88' lang='lat' dir='ltr'><strong>quod</strong></span> <span class='ocrx_word' id='word_1_533' title='bbox 3135 2563 3216 2609; x_wconf 89' lang='lat' dir='ltr'><strong>est</strong></span> <span class='ocrx_word' id='word_1_534' title='bbox 3252 2555 3325 2607; x_wconf 90' lang='lat' dir='ltr'><strong>ita</strong></span> <span class='ocrx_word' id='word_1_535' title='bbox 3362 2553 3586 2617; x_wconf 87' lang='lat' dir='ltr'><strong>bonum,</strong></span> <span class='ocrx_word' id='word_1_536' title='bbox 3620 2556 3778 2606; x_wconf 83' lang='lat' dir='ltr'><strong>utde-</strong></span> 
     </span>
    </p>
   </div>
   <div class='ocr_carea' id='block_1_83' title="bbox 2212 2648 3780 2719">
    <p class='ocr_par' dir='ltr' id='par_1_83' title="bbox 2212 2648 3780 2719">
     <span class='ocr_line' id='line_1_83' title="bbox 2212 2648 3780 2719; baseline -0.004 -13"><span class='ocrx_word' id='word_1_537' title='bbox 2212 2660 2387 2707; x_wconf 82' lang='lat' dir='ltr'><strong>tracto</strong></span> <span class='ocrx_word' id='word_1_538' title='bbox 2414 2652 2563 2716; x_wconf 82' lang='lat' dir='ltr'><strong>omni</strong></span> <span class='ocrx_word' id='word_1_539' title='bbox 2589 2651 2978 2714; x_wconf 87' lang='lat' dir='ltr'><strong>emolumento,</strong></span> <span class='ocrx_word' id='word_1_540' title='bbox 3008 2650 3135 2719; x_wconf 92' lang='lat' dir='ltr'><strong>jure</strong></span> <span class='ocrx_word' id='word_1_541' title='bbox 3169 2648 3387 2703; x_wconf 88' lang='lat' dir='ltr'><strong>laudari</strong></span> <span class='ocrx_word' id='word_1_542' title='bbox 3419 2656 3471 2701; x_wconf 90' lang='lat' dir='ltr'><strong>et</strong></span> <span class='ocrx_word' id='word_1_543' title='bbox 3490 2648 3669 2716; x_wconf 68' lang='lat' dir='ltr'><strong>espeti</strong></span> <span class='ocrx_word' id='word_1_544' title='bbox 3692 2661 3780 2715; x_wconf 85' lang='lat' dir='ltr'><strong>per</strong></span> 
     </span>
    </p>
   </div>
   <div class='ocr_carea' id='block_1_84' title="bbox 2215 2740 3778 2812">
    <p class='ocr_par' dir='ltr' id='par_1_84' title="bbox 2215 2740 3778 2812">
     <span class='ocr_line' id='line_1_84' title="bbox 2215 2740 3778 2812; baseline -0.001 -16"><span class='ocrx_word' id='word_1_545' title='bbox 2215 2757 2276 2798; x_wconf 88' lang='lat' dir='ltr'><strong>se</strong></span> <span class='ocrx_word' id='word_1_546' title='bbox 2308 2743 2486 2812; x_wconf 88' lang='lat' dir='ltr'><strong>ipsum</strong></span> <span class='ocrx_word' id='word_1_547' title='bbox 2517 2743 2724 2812; x_wconf 88' lang='lat' dir='ltr'><strong>possit:</strong></span> <span class='ocrx_word' id='word_1_548' title='bbox 2750 2740 2879 2796; x_wconf 90' lang='lat' dir='ltr'><strong>illud</strong></span> <span class='ocrx_word' id='word_1_549' title='bbox 2903 2751 3007 2805; x_wconf 90' lang='lat' dir='ltr'><strong>est,</strong></span> <span class='ocrx_word' id='word_1_550' title='bbox 3028 2742 3171 2810; x_wconf 91' lang='lat' dir='ltr'><strong>quod</strong></span> <span class='ocrx_word' id='word_1_551' title='bbox 3195 2740 3475 2795; x_wconf 86' lang='lat' dir='ltr'><strong>honestum</strong></span> <span class='ocrx_word' id='word_1_552' title='bbox 3500 2741 3778 2795; x_wconf 87' lang='lat' dir='ltr'><strong>sentimus.</strong></span> 
     </span>
    </p>
   </div>
   <div class='ocr_carea' id='block_1_85' title="bbox 2215 2831 3776 2903">
    <p class='ocr_par' dir='ltr' id='par_1_85' title="bbox 2215 2831 3776 2903">
     <span class='ocr_line' id='line_1_85' title="bbox 2215 2831 3776 2903; baseline -0.001 -15"><span class='ocrx_word' id='word_1_553' title='bbox 2215 2833 2337 2888; x_wconf 84' lang='lat' dir='ltr'><strong>Vita</strong></span> <span class='ocrx_word' id='word_1_554' title='bbox 2370 2846 2503 2903; x_wconf 85' lang='lat' dir='ltr'><strong>ergo</strong></span> <span class='ocrx_word' id='word_1_555' title='bbox 2528 2832 2794 2895; x_wconf 85' lang='lat' dir='ltr'><strong>virtuosa,</strong></span> <span class='ocrx_word' id='word_1_556' title='bbox 2814 2832 3003 2887; x_wconf 88' lang='lat' dir='ltr'><strong>eadem</strong></span> <span class='ocrx_word' id='word_1_557' title='bbox 3035 2837 3121 2885; x_wconf 86' lang='lat' dir='ltr'><strong>est</strong></span> <span class='ocrx_word' id='word_1_558' title='bbox 3148 2833 3398 2886; x_wconf 86' lang='lat' dir='ltr'><strong>honesta.</strong></span> <span class='ocrx_word' id='word_1_559' title='bbox 3432 2831 3497 2884; x_wconf 80' lang='lat' dir='ltr'><strong>Et</strong></span> <span class='ocrx_word' id='word_1_560' title='bbox 3527 2832 3655 2901; x_wconf 81' lang='lat' dir='ltr'><strong>quia</strong></span> <span class='ocrx_word' id='word_1_561' title='bbox 3681 2833 3776 2886; x_wconf 81' lang='lat' dir='ltr'><strong>vita</strong></span> 
     </span>
    </p>
   </div>
   <div class='ocr_carea' id='block_1_86' title="bbox 2217 2923 3780 2993">
    <p class='ocr_par' dir='ltr' id='par_1_86' title="bbox 2217 2923 3780 2993">
     <span class='ocr_line' id='line_1_86' title="bbox 2217 2923 3780 2993; baseline -0.002 -13"><span class='ocrx_word' id='word_1_562' title='bbox 2217 2926 2363 2980; x_wconf 90' lang='lat' dir='ltr'><strong>bona</strong></span> <span class='ocrx_word' id='word_1_563' title='bbox 2399 2935 2452 2980; x_wconf 88' lang='lat' dir='ltr'><strong>et</strong></span> <span class='ocrx_word' id='word_1_564' title='bbox 2481 2926 2660 2988; x_wconf 86' lang='lat' dir='ltr'><strong>beata,</strong></span> <span class='ocrx_word' id='word_1_565' title='bbox 2681 2924 2872 2979; x_wconf 89' lang='lat' dir='ltr'><strong>eadem</strong></span> <span class='ocrx_word' id='word_1_566' title='bbox 2905 2933 2991 2979; x_wconf 90' lang='lat' dir='ltr'><strong>est</strong></span> <span class='ocrx_word' id='word_1_567' title='bbox 3015 2924 3259 2979; x_wconf 88' lang='lat' dir='ltr'><strong>virtuosa</strong></span> <span class='ocrx_word' id='word_1_568' title='bbox 3292 2940 3307 2978; x_wconf 91' lang='lat'><strong>:</strong></span> <span class='ocrx_word' id='word_1_569' title='bbox 3340 2923 3448 2977; x_wconf 87' lang='lat' dir='ltr'><strong>vita</strong></span> <span class='ocrx_word' id='word_1_570' title='bbox 3478 2938 3616 2993; x_wconf 80' lang='lat' dir='ltr'><strong>ergo</strong></span> <span class='ocrx_word' id='word_1_571' title='bbox 3652 2923 3780 2977; x_wconf 81' lang='lat' dir='ltr'><strong>bona</strong></span> 
     </span>
    </p>
   </div>
   <div class='ocr_carea' id='block_1_87' title="bbox 2214 3015 3782 3087">
    <p class='ocr_par' dir='ltr' id='par_1_87' title="bbox 2214 3015 3782 3087">
     <span class='ocr_line' id='line_1_87' title="bbox 2214 3015 3782 3087; baseline -0.002 -15"><span class='ocrx_word' id='word_1_572' title='bbox 2214 3028 2270 3074; x_wconf 88' lang='lat' dir='ltr'><strong>et</strong></span> <span class='ocrx_word' id='word_1_573' title='bbox 2306 3019 2487 3087; x_wconf 85' lang='lat' dir='ltr'><strong>beata,</strong></span> <span class='ocrx_word' id='word_1_574' title='bbox 2523 3019 2714 3073; x_wconf 85' lang='lat' dir='ltr'><strong>eadem</strong></span> <span class='ocrx_word' id='word_1_575' title='bbox 2746 3026 2832 3073; x_wconf 89' lang='lat' dir='ltr'><strong>est</strong></span> <span class='ocrx_word' id='word_1_576' title='bbox 2871 3015 3120 3072; x_wconf 87' lang='lat' dir='ltr'><strong>honesta.</strong></span> <span class='ocrx_word' id='word_1_577' title='bbox 3153 3016 3221 3072; x_wconf 82' lang='lat' dir='ltr'><strong>Et</strong></span> <span class='ocrx_word' id='word_1_578' title='bbox 3247 3016 3375 3087; x_wconf 85' lang='lat' dir='ltr'><strong>quia</strong></span> <span class='ocrx_word' id='word_1_579' title='bbox 3424 3015 3569 3086; x_wconf 88' lang='lat' dir='ltr'><strong>quod</strong></span> <span class='ocrx_word' id='word_1_580' title='bbox 3622 3016 3782 3070; x_wconf 86' lang='lat' dir='ltr'><strong>hone-</strong></span> 
     </span>
    </p>
   </div>
   <div class='ocr_carea' id='block_1_88' title="bbox 2221 3107 3783 3174">
    <p class='ocr_par' dir='ltr' id='par_1_88' title="bbox 2221 3107 3783 3174">
     <span class='ocr_line' id='line_1_88' title="bbox 2221 3107 3783 3174; baseline -0.003 -8"><span class='ocrx_word' id='word_1_581' title='bbox 2221 3119 2366 3166; x_wconf 84' lang='lat' dir='ltr'><strong>stum</strong></span> <span class='ocrx_word' id='word_1_582' title='bbox 2385 3119 2493 3174; x_wconf 88' lang='lat' dir='ltr'><strong>est,</strong></span> <span class='ocrx_word' id='word_1_583' title='bbox 2515 3110 2658 3166; x_wconf 89' lang='lat' dir='ltr'><strong>idem</strong></span> <span class='ocrx_word' id='word_1_584' title='bbox 2685 3125 2809 3165; x_wconf 88' lang='lat' dir='ltr'><strong>esse</strong></span> <span class='ocrx_word' id='word_1_585' title='bbox 2825 3110 3027 3164; x_wconf 88' lang='lat' dir='ltr'><strong>bonum</strong></span> <span class='ocrx_word' id='word_1_586' title='bbox 3063 3123 3224 3164; x_wconf 87' lang='lat' dir='ltr'><strong>nemo</strong></span> <span class='ocrx_word' id='word_1_587' title='bbox 3244 3108 3454 3164; x_wconf 84' lang='lat' dir='ltr'><strong>dubitat</strong></span> <span class='ocrx_word' id='word_1_588' title='bbox 3478 3125 3493 3162; x_wconf 93' lang='lat'><strong>:</strong></span> <span class='ocrx_word' id='word_1_589' title='bbox 3514 3107 3783 3164; x_wconf 80' lang='lat' dir='ltr'><strong>concludi-</strong></span> 
     </span>
    </p>
   </div>
   <div class='ocr_carea' id='block_1_89' title="bbox 2222 3202 3831 3273">
    <p class='ocr_par' dir='ltr' id='par_1_89' title="bbox 2222 3202 3831 3273">
     <span class='ocr_line' id='line_1_89' title="bbox 2222 3202 3831 3273; baseline -0.002 -16"><span class='ocrx_word' id='word_1_590' title='bbox 2222 3211 2312 3258; x_wconf 90' lang='lat' dir='ltr'><strong>tur</strong></span> <span class='ocrx_word' id='word_1_591' title='bbox 2347 3219 2377 3259; x_wconf 92' lang='lat' dir='ltr'><strong>e</strong></span> <span class='ocrx_word' id='word_1_592' title='bbox 2400 3217 2691 3271; x_wconf 86' lang='lat' dir='ltr'><strong>converso,</strong></span> <span class='ocrx_word' id='word_1_593' title='bbox 2719 3204 2866 3273; x_wconf 89' lang='lat' dir='ltr'><strong>quod</strong></span> <span class='ocrx_word' id='word_1_594' title='bbox 2900 3217 3022 3273; x_wconf 68' lang='lat' dir='ltr'><strong>quae</strong></span> <span class='ocrx_word' id='word_1_595' title='bbox 3052 3202 3277 3257; x_wconf 78' lang='lat' dir='ltr'><strong>honesta</strong></span> <span class='ocrx_word' id='word_1_596' title='bbox 3316 3203 3428 3256; x_wconf 88' lang='lat' dir='ltr'><strong>vita</strong></span> <span class='ocrx_word' id='word_1_597' title='bbox 3463 3209 3566 3268; x_wconf 88' lang='lat' dir='ltr'><strong>est,</strong></span> <span class='ocrx_word' id='word_1_598' title='bbox 3596 3202 3777 3258; x_wconf 87' lang='lat' dir='ltr'><strong>eadem</strong></span> <span class='ocrx_word' id='word_1_599' title='bbox 3828 3220 3831 3225; x_wconf 68' lang='grc'><em>’</em></span> 
     </span>
    </p>
   </div>
   <div class='ocr_carea' id='block_1_90' title="bbox 2219 3294 3195 3357">
    <p class='ocr_par' dir='ltr' id='par_1_90' title="bbox 2219 3294 3195 3357">
     <span class='ocr_line' id='line_1_90' title="bbox 2219 3294 3195 3357; baseline -0.004 -6"><span class='ocrx_word' id='word_1_600' title='bbox 2219 3306 2305 3351; x_wconf 84' lang='lat' dir='ltr'><strong>eSt</strong></span> <span class='ocrx_word' id='word_1_601' title='bbox 2338 3295 2502 3357; x_wconf 90' lang='lat' dir='ltr'><strong>bona,</strong></span> <span class='ocrx_word' id='word_1_602' title='bbox 2530 3302 2589 3349; x_wconf 89' lang='lat' dir='ltr'><strong>et</strong></span> <span class='ocrx_word' id='word_1_603' title='bbox 2619 3294 2780 3349; x_wconf 88' lang='lat' dir='ltr'><strong>beata</strong></span> <span class='ocrx_word' id='word_1_604' title='bbox 2839 3300 2895 3348; x_wconf 90' lang='lat' dir='ltr'><strong>et</strong></span> <span class='ocrx_word' id='word_1_605' title='bbox 2929 3295 3195 3348; x_wconf 83' lang='lat' dir='ltr'><strong>virtuosa.</strong></span> 
     </span>
    </p>
   </div>
   <div class='ocr_carea' id='block_1_91' title="bbox 2290 3388 3777 3456">
    <p class='ocr_par' dir='ltr' id='par_1_91' title="bbox 2290 3388 3777 3456">
     <span class='ocr_line' id='line_1_91' title="bbox 2290 3388 3777 3456; baseline -0.002 -14"><span class='ocrx_word' id='word_1_606' title='bbox 2290 3392 2369 3443; x_wconf 78' lang='lat' dir='ltr'><strong>Ae</strong></span> <span class='ocrx_word' id='word_1_607' title='bbox 2415 3390 2605 3454; x_wconf 89' lang='lat' dir='ltr'><strong>etiam,</strong></span> <span class='ocrx_word' id='word_1_608' title='bbox 2659 3388 2706 3443; x_wconf 90' lang='lat' dir='ltr'><strong>si</strong></span> <span class='ocrx_word' id='word_1_609' title='bbox 2739 3388 2999 3443; x_wconf 90' lang='lat' dir='ltr'><strong>decorum</strong></span> <span class='ocrx_word' id='word_1_610' title='bbox 3032 3394 3136 3453; x_wconf 85' lang='lat' dir='ltr'><strong>est,</strong></span> <span class='ocrx_word' id='word_1_611' title='bbox 3189 3389 3331 3456; x_wconf 81' lang='lat' dir='ltr'><strong>quod</strong></span> <span class='ocrx_word' id='word_1_612' title='bbox 3360 3396 3777 3442; x_wconf 80' lang='lat' dir='ltr'><strong>consentaneum</strong></span> 
     </span>
    </p>
   </div>
   <div class='ocr_carea' id='block_1_92' title="bbox 2217 3478 3780 3549">
    <p class='ocr_par' dir='ltr' id='par_1_92' title="bbox 2217 3478 3780 3549">
     <span class='ocr_line' id='line_1_92' title="bbox 2217 3478 3780 3549; baseline -0.002 -13"><span class='ocrx_word' id='word_1_613' title='bbox 2217 3490 2304 3536; x_wconf 89' lang='lat' dir='ltr'><strong>est</strong></span> <span class='ocrx_word' id='word_1_614' title='bbox 2342 3480 2588 3535; x_wconf 89' lang='lat' dir='ltr'><strong>hominis</strong></span> <span class='ocrx_word' id='word_1_615' title='bbox 2622 3479 2977 3542; x_wconf 82' lang='lat' dir='ltr'><strong>excellentiae,</strong></span> <span class='ocrx_word' id='word_1_616' title='bbox 3013 3478 3067 3531; x_wconf 90' lang='lat' dir='ltr'><strong>in</strong></span> <span class='ocrx_word' id='word_1_617' title='bbox 3101 3492 3186 3543; x_wconf 89' lang='lat' dir='ltr'><strong>eo,</strong></span> <span class='ocrx_word' id='word_1_618' title='bbox 3223 3479 3276 3531; x_wconf 90' lang='lat' dir='ltr'><strong>in</strong></span> <span class='ocrx_word' id='word_1_619' title='bbox 3309 3494 3418 3548; x_wconf 90' lang='lat' dir='ltr'><strong>quo</strong></span> <span class='ocrx_word' id='word_1_620' title='bbox 3451 3488 3643 3532; x_wconf 90' lang='lat' dir='ltr'><strong>natura</strong></span> <span class='ocrx_word' id='word_1_621' title='bbox 3669 3479 3780 3549; x_wconf 82' lang='lat' dir='ltr'><strong>ejus</strong></span> 
     </span>
    </p>
   </div>
   <div class='ocr_carea' id='block_1_93' title="bbox 2218 3570 3779 3642">
    <p class='ocr_par' dir='ltr' id='par_1_93' title="bbox 2218 3570 3779 3642">
     <span class='ocr_line' id='line_1_93' title="bbox 2218 3570 3779 3642; baseline -0.001 -14"><span class='ocrx_word' id='word_1_622' title='bbox 2218 3588 2251 3628; x_wconf 86' lang='lat' dir='ltr'><strong>a</strong></span> <span class='ocrx_word' id='word_1_623' title='bbox 2281 3573 2513 3642; x_wconf 90' lang='lat' dir='ltr'><strong>reliquis</strong></span> <span class='ocrx_word' id='word_1_624' title='bbox 2533 3572 2910 3626; x_wconf 88' lang='lat' dir='ltr'><strong>animantibus</strong></span> <span class='ocrx_word' id='word_1_625' title='bbox 2960 3570 3177 3636; x_wconf 77' lang='lat' dir='ltr'><strong>differt;</strong></span> <span class='ocrx_word' id='word_1_626' title='bbox 3215 3583 3269 3627; x_wconf 91' lang='lat' dir='ltr'><strong>et</strong></span> <span class='ocrx_word' id='word_1_627' title='bbox 3298 3573 3471 3641; x_wconf 85' lang='lat' dir='ltr'><strong>ipsum</strong></span> <span class='ocrx_word' id='word_1_628' title='bbox 3507 3572 3779 3636; x_wconf 84' lang='lat' dir='ltr'><strong>decorum,</strong></span> 
     </span>
    </p>
   </div>
   <div class='ocr_carea' id='block_1_94' title="bbox 2217 3665 3682 3737">
    <p class='ocr_par' dir='ltr' id='par_1_94' title="bbox 2217 3665 3682 3737">
     <span class='ocr_line' id='line_1_94' title="bbox 2217 3665 3682 3737; baseline 0 -16"><span class='ocrx_word' id='word_1_629' title='bbox 2217 3677 2272 3721; x_wconf 84' lang='lat' dir='ltr'><strong>et</strong></span> <span class='ocrx_word' id='word_1_630' title='bbox 2290 3667 2437 3737; x_wconf 89' lang='lat' dir='ltr'><strong>quod</strong></span> <span class='ocrx_word' id='word_1_631' title='bbox 2463 3666 2638 3725; x_wconf 83' lang='lat' dir='ltr'><strong>decet.</strong></span> <span class='ocrx_word' id='word_1_632' title='bbox 2666 3665 2810 3720; x_wconf 85' lang='lat' dir='ltr'><strong>idem</strong></span> <span class='ocrx_word' id='word_1_633' title='bbox 2841 3665 3030 3722; x_wconf 82' lang='lat' dir='ltr'><strong>virtuti</strong></span> <span class='ocrx_word' id='word_1_634' title='bbox 3057 3676 3112 3718; x_wconf 91' lang='lat' dir='ltr'><strong>et</strong></span> <span class='ocrx_word' id='word_1_635' title='bbox 3141 3665 3411 3720; x_wconf 84' lang='lat' dir='ltr'><strong>honestati</strong></span> <span class='ocrx_word' id='word_1_636' title='bbox 3437 3665 3682 3722; x_wconf 75' lang='lat' dir='ltr'><strong>edicitur.</strong></span> 
     </span>
    </p>
   </div>
   <div class='ocr_carea' id='block_1_95' title="bbox 2464 3776 3516 3850">
    <p class='ocr_par' dir='ltr' id='par_1_95' title="bbox 2464 3776 3516 3850">
     <span class='ocr_line' id='line_1_95' title="bbox 2464 3776 3516 3850; baseline 0 -15"><span class='ocrx_word' id='word_1_637' title='bbox 2464 3780 2594 3836; x_wconf 74' lang='lat' dir='ltr'><strong>CAP.</strong></span> <span class='ocrx_word' id='word_1_638' title='bbox 2636 3776 2828 3834; x_wconf 74' lang='lat' dir='ltr'><strong>XXXI.</strong></span> <span class='ocrx_word' id='word_1_639' title='bbox 2873 3776 3038 3844; x_wconf 80' lang='lat' dir='ltr'><strong>Utile,</strong></span> <span class='ocrx_word' id='word_1_640' title='bbox 3065 3787 3114 3833; x_wconf 85' lang='lat' dir='ltr'><strong>et</strong></span> <span class='ocrx_word' id='word_1_641' title='bbox 3141 3779 3346 3843; x_wconf 78' lang='lat' dir='ltr'><strong>inutile,</strong></span> <span class='ocrx_word' id='word_1_642' title='bbox 3374 3779 3516 3850; x_wconf 84' lang='lat' dir='ltr'><strong>quid.</strong></span> 
     </span>
    </p>
   </div>
   <div class='ocr_carea' id='block_1_96' title="bbox 2292 3893 3775 3966">
    <p class='ocr_par' dir='ltr' id='par_1_96' title="bbox 2292 3893 3775 3966">
     <span class='ocr_line' id='line_1_96' title="bbox 2292 3893 3775 3966; baseline 0.001 -18"><span class='ocrx_word' id='word_1_643' title='bbox 2292 3894 2498 3949; x_wconf 84' lang='lat' dir='ltr'><strong>Deinde</strong></span> <span class='ocrx_word' id='word_1_644' title='bbox 2532 3894 2598 3949; x_wconf 86' lang='lat' dir='ltr'><strong>de</strong></span> <span class='ocrx_word' id='word_1_645' title='bbox 2640 3894 2761 3948; x_wconf 90' lang='lat' dir='ltr'><strong>utili</strong></span> <span class='ocrx_word' id='word_1_646' title='bbox 2795 3905 2851 3949; x_wconf 90' lang='lat' dir='ltr'><strong>et</strong></span> <span class='ocrx_word' id='word_1_647' title='bbox 2904 3893 3081 3949; x_wconf 91' lang='lat' dir='ltr'><strong>inutili</strong></span> <span class='ocrx_word' id='word_1_648' title='bbox 3118 3894 3404 3949; x_wconf 83' lang='lat' dir='ltr'><strong>dicendum</strong></span> <span class='ocrx_word' id='word_1_649' title='bbox 3446 3896 3531 3949; x_wconf 90' lang='lat' dir='ltr'><strong>sit.</strong></span> <span class='ocrx_word' id='word_1_650' title='bbox 3570 3894 3775 3966; x_wconf 87' lang='lat' dir='ltr'><strong>Duplici</strong></span> 
     </span>
    </p>
   </div>
   <div class='ocr_carea' id='block_1_97' title="bbox 2220 3987 3779 4060">
    <p class='ocr_par' dir='ltr' id='par_1_97' title="bbox 2220 3987 3779 4060">
     <span class='ocr_line' id='line_1_97' title="bbox 2220 3987 3779 4060; baseline 0.001 -19"><span class='ocrx_word' id='word_1_651' title='bbox 2220 3990 2385 4057; x_wconf 81' lang='lat' dir='ltr'><strong>igitur</strong></span> <span class='ocrx_word' id='word_1_652' title='bbox 2413 3990 2573 4043; x_wconf 86' lang='lat' dir='ltr'><strong>modo</strong></span> <span class='ocrx_word' id='word_1_653' title='bbox 2608 3997 2899 4058; x_wconf 85' lang='lat' dir='ltr'><strong>utrumque</strong></span> <span class='ocrx_word' id='word_1_654' title='bbox 2922 3990 3142 4044; x_wconf 77' lang='lat' dir='ltr'><strong>dicitur.</strong></span> <span class='ocrx_word' id='word_1_655' title='bbox 3176 3987 3316 4052; x_wconf 83' lang='lat' dir='ltr'><strong>Uno,</strong></span> <span class='ocrx_word' id='word_1_656' title='bbox 3367 3990 3480 4060; x_wconf 88' lang='lat' dir='ltr'><strong>ipsa</strong></span> <span class='ocrx_word' id='word_1_657' title='bbox 3507 3992 3779 4045; x_wconf 84' lang='lat' dir='ltr'><strong>commoda</strong></span> 
     </span>
    </p>
   </div>
   <div class='ocr_carea' id='block_1_98' title="bbox 2221 4081 3779 4152">
    <p class='ocr_par' dir='ltr' id='par_1_98' title="bbox 2221 4081 3779 4152">
     <span class='ocr_line' id='line_1_98' title="bbox 2221 4081 3779 4152; baseline 0.001 -17"><span class='ocrx_word' id='word_1_658' title='bbox 2221 4081 2303 4135; x_wconf 76' lang='grc' dir='ltr'><strong>νρι</strong></span> <span class='ocrx_word' id='word_1_659' title='bbox 2331 4081 2699 4145; x_wconf 87' lang='lat' dir='ltr'><strong>incommoda,</strong></span> <span class='ocrx_word' id='word_1_660' title='bbox 2734 4090 2791 4136; x_wconf 92' lang='lat' dir='ltr'><strong>ut</strong></span> <span class='ocrx_word' id='word_1_661' title='bbox 2823 4083 3040 4149; x_wconf 88' lang='lat' dir='ltr'><strong>domus,</strong></span> <span class='ocrx_word' id='word_1_662' title='bbox 3081 4099 3278 4152; x_wconf 85' lang='lat' dir='ltr'><strong>equus,</strong></span> <span class='ocrx_word' id='word_1_663' title='bbox 3316 4100 3525 4150; x_wconf 81' lang='lat' dir='ltr'><strong>servus,</strong></span> <span class='ocrx_word' id='word_1_664' title='bbox 3564 4087 3704 4139; x_wconf 84' lang='lat' dir='ltr'><strong>vires</strong></span> <span class='ocrx_word' id='word_1_665' title='bbox 3728 4093 3779 4138; x_wconf 87' lang='lat' dir='ltr'><strong>et</strong></span> 
     </span>
    </p>
   </div>
   <div class='ocr_carea' id='block_1_99' title="bbox 2219 4171 3778 4240">
    <p class='ocr_par' dir='ltr' id='par_1_99' title="bbox 2219 4171 3778 4240">
     <span class='ocr_line' id='line_1_99' title="bbox 2219 4171 3778 4240; baseline 0 -14"><span class='ocrx_word' id='word_1_666' title='bbox 2219 4172 2420 4226; x_wconf 87' lang='lat' dir='ltr'><strong>similia</strong></span> <span class='ocrx_word' id='word_1_667' title='bbox 2455 4190 2469 4225; x_wconf 91' lang='lat'><strong>:</strong></span> <span class='ocrx_word' id='word_1_668' title='bbox 2502 4187 2624 4240; x_wconf 78' lang='lat' dir='ltr'><strong>quae</strong></span> <span class='ocrx_word' id='word_1_669' title='bbox 2666 4172 2922 4227; x_wconf 88' lang='lat' dir='ltr'><strong>videlicet</strong></span> <span class='ocrx_word' id='word_1_670' title='bbox 2959 4174 3025 4226; x_wconf 89' lang='lat' dir='ltr'><strong>ad</strong></span> <span class='ocrx_word' id='word_1_671' title='bbox 3066 4171 3205 4226; x_wconf 84' lang='lat' dir='ltr'><strong>idem</strong></span> <span class='ocrx_word' id='word_1_672' title='bbox 3238 4188 3361 4228; x_wconf 88' lang='lat' dir='ltr'><strong>cum</strong></span> <span class='ocrx_word' id='word_1_673' title='bbox 3410 4177 3647 4230; x_wconf 86' lang='lat' dir='ltr'><strong>honestis</strong></span> <span class='ocrx_word' id='word_1_674' title='bbox 3703 4174 3778 4228; x_wconf 83' lang='lat' dir='ltr'><strong>vel</strong></span> 
     </span>
    </p>
   </div>
   <div class='ocr_carea' id='block_1_100' title="bbox 2220 4262 3777 4322">
    <p class='ocr_par' dir='ltr' id='par_1_100' title="bbox 2220 4262 3777 4322">
     <span class='ocr_line' id='line_1_100' title="bbox 2220 4262 3777 4322; baseline 0.002 -4"><span class='ocrx_word' id='word_1_675' title='bbox 2220 4264 2526 4320; x_wconf 86' lang='lat' dir='ltr'><strong>inhonestis</strong></span> <span class='ocrx_word' id='word_1_676' title='bbox 2556 4279 2666 4318; x_wconf 88' lang='lat' dir='ltr'><strong>non</strong></span> <span class='ocrx_word' id='word_1_677' title='bbox 2690 4262 2938 4318; x_wconf 84' lang='lat' dir='ltr'><strong>veniunt.</strong></span> <span class='ocrx_word' id='word_1_678' title='bbox 2957 4263 3177 4319; x_wconf 81' lang='lat' dir='ltr'><strong>Nullum</strong></span> <span class='ocrx_word' id='word_1_679' title='bbox 3202 4266 3348 4320; x_wconf 85' lang='lat' dir='ltr'><strong>enim</strong></span> <span class='ocrx_word' id='word_1_680' title='bbox 3380 4270 3777 4322; x_wconf 83' lang='lat' dir='ltr'><strong>commodorum</strong></span> 
     </span>
    </p>
   </div>
   <div class='ocr_carea' id='block_1_101' title="bbox 2218 4354 3781 4431">
    <p class='ocr_par' dir='ltr' id='par_1_101' title="bbox 2218 4354 3781 4431">
     <span class='ocr_line' id='line_1_101' title="bbox 2218 4354 3781 4431; baseline 0.002 -22"><span class='ocrx_word' id='word_1_681' title='bbox 2218 4365 2316 4419; x_wconf 86' lang='lat' dir='ltr'><strong>aut</strong></span> <span class='ocrx_word' id='word_1_682' title='bbox 2342 4354 2817 4410; x_wconf 86' lang='lat' dir='ltr'><strong>incommodorum</strong></span> <span class='ocrx_word' id='word_1_683' title='bbox 2843 4358 3136 4411; x_wconf 90' lang='lat' dir='ltr'><strong>honestum</strong></span> <span class='ocrx_word' id='word_1_684' title='bbox 3170 4357 3255 4413; x_wconf 87' lang='lat' dir='ltr'><strong>vel</strong></span> <span class='ocrx_word' id='word_1_685' title='bbox 3280 4367 3459 4429; x_wconf 88' lang='lat' dir='ltr'><strong>turpe,</strong></span> <span class='ocrx_word' id='word_1_686' title='bbox 3487 4361 3660 4431; x_wconf 88' lang='lat' dir='ltr'><strong>quoad</strong></span> <span class='ocrx_word' id='word_1_687' title='bbox 3692 4361 3781 4413; x_wconf 91' lang='lat' dir='ltr'><strong>ho-</strong></span> 
     </span>
    </p>
   </div>
   <div class='ocr_carea' id='block_1_102' title="bbox 2220 4433 2987 4511">
    <p class='ocr_par' dir='ltr' id='par_1_102' title="bbox 2220 4433 2987 4511">
     <span class='ocr_line' id='line_1_102' title="bbox 2220 4433 2987 4511; baseline 0.003 -9"><span class='ocrx_word' id='word_1_688' title='bbox 2220 4449 2385 4505; x_wconf 89' lang='lat' dir='ltr'><strong>minis</strong></span> <span class='ocrx_word' id='word_1_689' title='bbox 2409 4433 2800 4504; x_wconf 81' lang='lat' dir='ltr'><strong>beatitudinem</strong></span> <span class='ocrx_word' id='word_1_690' title='bbox 2824 4487 2839 4511; x_wconf 97' lang='lat'><strong>,</strong></span> <span class='ocrx_word' id='word_1_691' title='bbox 2881 4458 2987 4504; x_wconf 89' lang='lat' dir='ltr'><strong>est.</strong></span> 
     </span>
    </p>
   </div>
   <div class='ocr_carea' id='block_1_103' title="bbox 2153 4541 3781 4615">
    <p class='ocr_par' dir='ltr' id='par_1_103' title="bbox 2153 4541 3781 4615">
     <span class='ocr_line' id='line_1_103' title="bbox 2153 4541 3781 4615; baseline 0.001 -20"><span class='ocrx_word' id='word_1_692' title='bbox 2153 4560 2194 4613; x_wconf 76' lang='grc' dir='ltr'>υ</span> <span class='ocrx_word' id='word_1_693' title='bbox 2294 4543 2416 4596; x_wconf 81' lang='lat' dir='ltr'><strong>Alio</strong></span> <span class='ocrx_word' id='word_1_694' title='bbox 2442 4541 2607 4596; x_wconf 85' lang='lat' dir='ltr'><strong>modo</strong></span> <span class='ocrx_word' id='word_1_695' title='bbox 2638 4542 2790 4596; x_wconf 87' lang='lat' dir='ltr'><strong>utilia</strong></span> <span class='ocrx_word' id='word_1_696' title='bbox 2811 4550 2869 4596; x_wconf 88' lang='lat' dir='ltr'><strong>et</strong></span> <span class='ocrx_word' id='word_1_697' title='bbox 2887 4542 3096 4597; x_wconf 90' lang='lat' dir='ltr'><strong>inutilia</strong></span> <span class='ocrx_word' id='word_1_698' title='bbox 3121 4541 3379 4598; x_wconf 88' lang='lat' dir='ltr'><strong>dicuntur</strong></span> <span class='ocrx_word' id='word_1_699' title='bbox 3404 4544 3529 4615; x_wconf 79' lang='lat' dir='ltr'><strong>ipsa:</strong></span> <span class='ocrx_word' id='word_1_700' title='bbox 3554 4543 3781 4599; x_wconf 90' lang='lat' dir='ltr'><strong>hominis</strong></span> 
     </span>
    </p>
   </div>
   <div class='ocr_carea' id='block_1_104' title="bbox 2226 4637 3781 4704">
    <p class='ocr_par' dir='ltr' id='par_1_104' title="bbox 2226 4637 3781 4704">
     <span class='ocr_line' id='line_1_104' title="bbox 2226 4637 3781 4704; baseline 0 -13"><span class='ocrx_word' id='word_1_701' title='bbox 2226 4637 2498 4701; x_wconf 84' lang='lat' dir='ltr'><strong>actiones,</strong></span> <span class='ocrx_word' id='word_1_702' title='bbox 2534 4651 2657 4704; x_wconf 77' lang='lat' dir='ltr'><strong>quae</strong></span> <span class='ocrx_word' id='word_1_703' title='bbox 2689 4645 2817 4689; x_wconf 88' lang='lat' dir='ltr'><strong>sunt</strong></span> <span class='ocrx_word' id='word_1_704' title='bbox 2840 4637 2988 4690; x_wconf 90' lang='lat' dir='ltr'><strong>circa</strong></span> <span class='ocrx_word' id='word_1_705' title='bbox 3019 4638 3304 4691; x_wconf 87' lang='lat' dir='ltr'><strong>commoda</strong></span> <span class='ocrx_word' id='word_1_706' title='bbox 3334 4638 3417 4692; x_wconf 85' lang='lat' dir='ltr'><strong>vel</strong></span> <span class='ocrx_word' id='word_1_707' title='bbox 3449 4637 3781 4692; x_wconf 80' lang='lat' dir='ltr'><strong>incommoda</strong></span> 
     </span>
    </p>
   </div>
   <div class='ocr_carea' id='block_1_105' title="bbox 2222 4726 3780 4798">
    <p class='ocr_par' dir='ltr' id='par_1_105' title="bbox 2222 4726 3780 4798">
     <span class='ocr_line' id='line_1_105' title="bbox 2222 4726 3780 4798; baseline 0.001 -17"><span class='ocrx_word' id='word_1_708' title='bbox 2222 4727 2510 4790; x_wconf 84' lang='lat' dir='ltr'><strong>sumenda,</strong></span> <span class='ocrx_word' id='word_1_709' title='bbox 2533 4730 2760 4791; x_wconf 86' lang='lat' dir='ltr'><strong>utenda,</strong></span> <span class='ocrx_word' id='word_1_710' title='bbox 2782 4726 3146 4797; x_wconf 87' lang='lat' dir='ltr'><strong>disponenda,</strong></span> <span class='ocrx_word' id='word_1_711' title='bbox 3165 4726 3410 4792; x_wconf 81' lang='lat' dir='ltr'><strong>ferenda,</strong></span> <span class='ocrx_word' id='word_1_712' title='bbox 3434 4728 3515 4782; x_wconf 79' lang='lat' dir='ltr'><strong>vel</strong></span> <span class='ocrx_word' id='word_1_713' title='bbox 3543 4729 3780 4798; x_wconf 86' lang='lat' dir='ltr'><strong>rejicien-</strong></span> 
     </span>
    </p>
   </div>
   <div class='ocr_carea' id='block_1_106' title="bbox 2223 4819 3780 4892">
    <p class='ocr_par' dir='ltr' id='par_1_106' title="bbox 2223 4819 3780 4892">
     <span class='ocr_line' id='line_1_106' title="bbox 2223 4819 3780 4892; baseline 0 -18"><span class='ocrx_word' id='word_1_714' title='bbox 2223 4820 2311 4875; x_wconf 85' lang='lat' dir='ltr'><strong>da.</strong></span> <span class='ocrx_word' id='word_1_715' title='bbox 2346 4819 2478 4886; x_wconf 65' lang='lat' dir='ltr'><strong>Quae</strong></span> <span class='ocrx_word' id='word_1_716' title='bbox 2512 4820 2666 4874; x_wconf 90' lang='lat' dir='ltr'><strong>utilia</strong></span> <span class='ocrx_word' id='word_1_717' title='bbox 2691 4821 2774 4874; x_wconf 88' lang='lat' dir='ltr'><strong>vel</strong></span> <span class='ocrx_word' id='word_1_718' title='bbox 2799 4819 3241 4887; x_wconf 86' lang='lat' dir='ltr'><strong>inutilia,eadem</strong></span> <span class='ocrx_word' id='word_1_719' title='bbox 3273 4831 3401 4875; x_wconf 89' lang='lat' dir='ltr'><strong>sunt</strong></span> <span class='ocrx_word' id='word_1_720' title='bbox 3419 4837 3539 4892; x_wconf 65' lang='lat' dir='ltr'><strong>quae</strong></span> <span class='ocrx_word' id='word_1_721' title='bbox 3565 4823 3780 4876; x_wconf 80' lang='lat' dir='ltr'><strong>honesta</strong></span> 
     </span>
    </p>
   </div>
   <div class='ocr_carea' id='block_1_107' title="bbox 2223 4911 3780 4982">
    <p class='ocr_par' dir='ltr' id='par_1_107' title="bbox 2223 4911 3780 4982">
     <span class='ocr_line' id='line_1_107' title="bbox 2223 4911 3780 4982; baseline 0 -15"><span class='ocrx_word' id='word_1_722' title='bbox 2223 4921 2277 4967; x_wconf 92' lang='lat' dir='ltr'><strong>et</strong></span> <span class='ocrx_word' id='word_1_723' title='bbox 2299 4913 2499 4981; x_wconf 90' lang='lat' dir='ltr'><strong>turpia.</strong></span> <span class='ocrx_word' id='word_1_724' title='bbox 2532 4911 2669 4967; x_wconf 84' lang='lat' dir='ltr'><strong>Nam</strong></span> <span class='ocrx_word' id='word_1_725' title='bbox 2702 4912 2750 4967; x_wconf 91' lang='lat' dir='ltr'><strong>si</strong></span> <span class='ocrx_word' id='word_1_726' title='bbox 2774 4913 2955 4967; x_wconf 89' lang='lat' dir='ltr'><strong>omnis</strong></span> <span class='ocrx_word' id='word_1_727' title='bbox 2980 4913 3157 4982; x_wconf 84' lang='lat' dir='ltr'><strong>turpis</strong></span> <span class='ocrx_word' id='word_1_728' title='bbox 3189 4912 3334 4966; x_wconf 87' lang='lat' dir='ltr'><strong>actio</strong></span> <span class='ocrx_word' id='word_1_729' title='bbox 3362 4927 3393 4967; x_wconf 88' lang='lat' dir='ltr'><strong>a</strong></span> <span class='ocrx_word' id='word_1_730' title='bbox 3435 4914 3645 4969; x_wconf 89' lang='lat' dir='ltr'><strong>defectu</strong></span> <span class='ocrx_word' id='word_1_731' title='bbox 3676 4915 3780 4968; x_wconf 88' lang='lat' dir='ltr'><strong>vir-</strong></span> 
     </span>
    </p>
   </div>
   <div class='ocr_carea' id='block_1_108' title="bbox 2224 5003 3785 5075">
    <p class='ocr_par' dir='ltr' id='par_1_108' title="bbox 2224 5003 3785 5075">
     <span class='ocr_line' id='line_1_108' title="bbox 2224 5003 3785 5075; baseline 0.001 -17"><span class='ocrx_word' id='word_1_732' title='bbox 2224 5007 2359 5060; x_wconf 88' lang='lat' dir='ltr'><strong>tutis</strong></span> <span class='ocrx_word' id='word_1_733' title='bbox 2376 5005 2773 5075; x_wconf 83' lang='lat' dir='ltr'><strong>proticiscitur:</strong></span> <span class='ocrx_word' id='word_1_734' title='bbox 2793 5003 3036 5060; x_wconf 86' lang='lat' dir='ltr'><strong>defectus</strong></span> <span class='ocrx_word' id='word_1_735' title='bbox 3054 5019 3185 5060; x_wconf 87' lang='lat' dir='ltr'><strong>vero</strong></span> <span class='ocrx_word' id='word_1_736' title='bbox 3210 5005 3428 5062; x_wconf 87' lang='lat' dir='ltr'><strong>virtutis</strong></span> <span class='ocrx_word' id='word_1_737' title='bbox 3452 5006 3595 5061; x_wconf 70' lang='lat' dir='ltr'><strong>itedit</strong></span> <span class='ocrx_word' id='word_1_738' title='bbox 3626 5005 3785 5061; x_wconf 87' lang='lat' dir='ltr'><strong>beati-</strong></span> 
     </span>
    </p>
   </div>
   <div class='ocr_carea' id='block_1_109' title="bbox 2224 5098 3781 5169">
    <p class='ocr_par' dir='ltr' id='par_1_109' title="bbox 2224 5098 3781 5169">
     <span class='ocr_line' id='line_1_109' title="bbox 2224 5098 3781 5169; baseline 0 -17"><span class='ocrx_word' id='word_1_739' title='bbox 2224 5099 2493 5162; x_wconf 83' lang='lat' dir='ltr'><strong>tudinem,</strong></span> <span class='ocrx_word' id='word_1_740' title='bbox 2510 5114 2574 5154; x_wconf 90' lang='lat' dir='ltr'><strong>ac</strong></span> <span class='ocrx_word' id='word_1_741' title='bbox 2602 5098 2807 5154; x_wconf 88' lang='lat' dir='ltr'><strong>nemini</strong></span> <span class='ocrx_word' id='word_1_742' title='bbox 2830 5098 2962 5153; x_wconf 87' lang='lat' dir='ltr'><strong>utile</strong></span> <span class='ocrx_word' id='word_1_743' title='bbox 2982 5106 3162 5167; x_wconf 84' lang='lat' dir='ltr'><strong>potest</strong></span> <span class='ocrx_word' id='word_1_744' title='bbox 3182 5112 3323 5165; x_wconf 80' lang='lat' dir='ltr'><strong>esse,</strong></span> <span class='ocrx_word' id='word_1_745' title='bbox 3346 5100 3487 5169; x_wconf 90' lang='lat' dir='ltr'><strong>quod</strong></span> <span class='ocrx_word' id='word_1_746' title='bbox 3519 5099 3589 5154; x_wconf 90' lang='lat' dir='ltr'><strong>sit</strong></span> <span class='ocrx_word' id='word_1_747' title='bbox 3605 5107 3781 5155; x_wconf 87' lang='lat' dir='ltr'><strong>contra</strong></span> 
     </span>
    </p>
   </div>
   <div class='ocr_carea' id='block_1_110' title="bbox 2225 5189 3781 5260">
    <p class='ocr_par' dir='ltr' id='par_1_110' title="bbox 2225 5189 3781 5260">
     <span class='ocr_line' id='line_1_110' title="bbox 2225 5189 3781 5260; baseline -0.004 -12"><span class='ocrx_word' id='word_1_748' title='bbox 2225 5207 2383 5248; x_wconf 86' lang='lat' dir='ltr'><strong>suam</strong></span> <span class='ocrx_word' id='word_1_749' title='bbox 2414 5191 3066 5245; x_wconf 78' lang='lat' dir='ltr'><strong>beatitudinemznemini</strong></span> <span class='ocrx_word' id='word_1_750' title='bbox 3104 5204 3235 5259; x_wconf 83' lang='lat' dir='ltr'><strong>ergo</strong></span> <span class='ocrx_word' id='word_1_751' title='bbox 3264 5191 3438 5260; x_wconf 89' lang='lat' dir='ltr'><strong>turpis</strong></span> <span class='ocrx_word' id='word_1_752' title='bbox 3475 5192 3612 5245; x_wconf 88' lang='lat' dir='ltr'><strong>actio</strong></span> <span class='ocrx_word' id='word_1_753' title='bbox 3642 5189 3781 5242; x_wconf 88' lang='lat' dir='ltr'><strong>utilis</strong></span> 
     </span>
    </p>
   </div>
   <div class='ocr_carea' id='block_1_111' title="bbox 2223 5282 3779 5354">
    <p class='ocr_par' dir='ltr' id='par_1_111' title="bbox 2223 5282 3779 5354">
     <span class='ocr_line' id='line_1_111' title="bbox 2223 5282 3779 5354; baseline -0.003 -15"><span class='ocrx_word' id='word_1_754' title='bbox 2223 5294 2326 5340; x_wconf 89' lang='lat' dir='ltr'><strong>est.</strong></span> <span class='ocrx_word' id='word_1_755' title='bbox 2346 5286 2515 5338; x_wconf 86' lang='lat' dir='ltr'><strong>Porro</strong></span> <span class='ocrx_word' id='word_1_756' title='bbox 2557 5285 2704 5354; x_wconf 88' lang='lat' dir='ltr'><strong>quod</strong></span> <span class='ocrx_word' id='word_1_757' title='bbox 2763 5284 2882 5337; x_wconf 87' lang='lat' dir='ltr'><strong>sine</strong></span> <span class='ocrx_word' id='word_1_758' title='bbox 2930 5282 3271 5352; x_wconf 89' lang='lat' dir='ltr'><strong>turpitudine</strong></span> <span class='ocrx_word' id='word_1_759' title='bbox 3316 5283 3522 5337; x_wconf 87' lang='lat' dir='ltr'><strong>utiliter</strong></span> <span class='ocrx_word' id='word_1_760' title='bbox 3562 5282 3779 5348; x_wconf 81' lang='lat' dir='ltr'><strong>fu,idem</strong></span> 
     </span>
    </p>
   </div>
   <div class='ocr_carea' id='block_1_112' title="bbox 2226 5375 3782 5447">
    <p class='ocr_par' dir='ltr' id='par_1_112' title="bbox 2226 5375 3782 5447">
     <span class='ocr_line' id='line_1_112' title="bbox 2226 5375 3782 5447; baseline -0.003 -16"><span class='ocrx_word' id='word_1_761' title='bbox 2226 5378 2624 5432; x_wconf 86' lang='lat' dir='ltr'><strong>rationabiliter</strong></span> <span class='ocrx_word' id='word_1_762' title='bbox 2651 5386 2706 5430; x_wconf 89' lang='lat' dir='ltr'><strong>et</strong></span> <span class='ocrx_word' id='word_1_763' title='bbox 2734 5386 2881 5431; x_wconf 84' lang='lat' dir='ltr'><strong>reete</strong></span> <span class='ocrx_word' id='word_1_764' title='bbox 2928 5375 3006 5430; x_wconf 83' lang='lat' dir='ltr'><strong>fit.</strong></span> <span class='ocrx_word' id='word_1_765' title='bbox 3060 5376 3167 5431; x_wconf 90' lang='lat' dir='ltr'><strong>Sed</strong></span> <span class='ocrx_word' id='word_1_766' title='bbox 3202 5377 3348 5447; x_wconf 88' lang='lat' dir='ltr'><strong>quod</strong></span> <span class='ocrx_word' id='word_1_767' title='bbox 3407 5376 3782 5431; x_wconf 76' lang='lat' dir='ltr'><strong>rationabititer</strong></span> 
     </span>
    </p>
   </div>
   <div class='ocr_carea' id='block_1_113' title="bbox 2221 5466 3781 5537">
    <p class='ocr_par' dir='ltr' id='par_1_113' title="bbox 2221 5466 3781 5537">
     <span class='ocr_line' id='line_1_113' title="bbox 2221 5466 3781 5537; baseline -0.004 -14"><span class='ocrx_word' id='word_1_768' title='bbox 2221 5478 2278 5523; x_wconf 92' lang='lat' dir='ltr'><strong>et</strong></span> <span class='ocrx_word' id='word_1_769' title='bbox 2306 5478 2452 5524; x_wconf 84' lang='lat' dir='ltr'><strong>recte</strong></span> <span class='ocrx_word' id='word_1_770' title='bbox 2487 5468 2566 5527; x_wconf 83' lang='lat' dir='ltr'><strong>Iit.</strong></span> <span class='ocrx_word' id='word_1_771' title='bbox 2599 5468 2760 5522; x_wconf 77' lang='lat' dir='ltr'><strong>etiam</strong></span> <span class='ocrx_word' id='word_1_772' title='bbox 2794 5468 3022 5522; x_wconf 80' lang='lat' dir='ltr'><strong>honeste</strong></span> <span class='ocrx_word' id='word_1_773' title='bbox 3055 5468 3133 5522; x_wconf 83' lang='lat' dir='ltr'><strong>iit.</strong></span> <span class='ocrx_word' id='word_1_774' title='bbox 3174 5468 3246 5520; x_wconf 84' lang='lat' dir='ltr'><strong>Ex</strong></span> <span class='ocrx_word' id='word_1_775' title='bbox 3278 5468 3480 5536; x_wconf 89' lang='lat' dir='ltr'><strong>quibus</strong></span> <span class='ocrx_word' id='word_1_776' title='bbox 3511 5466 3781 5537; x_wconf 82' lang='lat' dir='ltr'><strong>concludi-</strong></span> 
     </span>
    </p>
   </div>
   <div class='ocr_carea' id='block_1_114' title="bbox 2224 5558 3778 5632">
    <p class='ocr_par' dir='ltr' id='par_1_114' title="bbox 2224 5558 3778 5632">
     <span class='ocr_line' id='line_1_114' title="bbox 2224 5558 3778 5632; baseline -0.004 -17"><span class='ocrx_word' id='word_1_777' title='bbox 2224 5572 2332 5626; x_wconf 89' lang='lat' dir='ltr'><strong>tur,</strong></span> <span class='ocrx_word' id='word_1_778' title='bbox 2359 5561 2506 5632; x_wconf 84' lang='lat' dir='ltr'><strong>quod</strong></span> <span class='ocrx_word' id='word_1_779' title='bbox 2541 5561 2722 5615; x_wconf 89' lang='lat' dir='ltr'><strong>omnis</strong></span> <span class='ocrx_word' id='word_1_780' title='bbox 2770 5560 2919 5614; x_wconf 88' lang='lat' dir='ltr'><strong>utilis</strong></span> <span class='ocrx_word' id='word_1_781' title='bbox 2955 5560 3100 5615; x_wconf 87' lang='lat' dir='ltr'><strong>actio</strong></span> <span class='ocrx_word' id='word_1_782' title='bbox 3137 5560 3364 5614; x_wconf 86' lang='lat' dir='ltr'><strong>honesta</strong></span> <span class='ocrx_word' id='word_1_783' title='bbox 3394 5572 3495 5614; x_wconf 84' lang='lat' dir='ltr'><strong>est.</strong></span> <span class='ocrx_word' id='word_1_784' title='bbox 3533 5562 3608 5614; x_wconf 85' lang='lat' dir='ltr'><strong>Ae</strong></span> <span class='ocrx_word' id='word_1_785' title='bbox 3629 5558 3778 5612; x_wconf 86' lang='lat' dir='ltr'><strong>etiam</strong></span> 
     </span>
    </p>
   </div>
   <div class='ocr_carea' id='block_1_115' title="bbox 2223 5649 3780 5723">
    <p class='ocr_par' dir='ltr' id='par_1_115' title="bbox 2223 5649 3780 5723">
     <span class='ocr_line' id='line_1_115' title="bbox 2223 5649 3780 5723; baseline -0.006 -12"><span class='ocrx_word' id='word_1_786' title='bbox 2223 5655 2270 5711; x_wconf 83' lang='lat' dir='ltr'><strong>si</strong></span> <span class='ocrx_word' id='word_1_787' title='bbox 2303 5654 2459 5714; x_wconf 87' lang='lat' dir='ltr'><strong>illud.</strong></span> <span class='ocrx_word' id='word_1_788' title='bbox 2501 5653 2648 5723; x_wconf 82' lang='lat' dir='ltr'><strong>quod</strong></span> <span class='ocrx_word' id='word_1_789' title='bbox 2680 5654 2975 5708; x_wconf 82' lang='lat' dir='ltr'><strong>honestum</strong></span> <span class='ocrx_word' id='word_1_790' title='bbox 3019 5651 3160 5707; x_wconf 78' lang='lat' dir='ltr'><strong>factu</strong></span> <span class='ocrx_word' id='word_1_791' title='bbox 3189 5661 3293 5715; x_wconf 86' lang='lat' dir='ltr'><strong>est,</strong></span> <span class='ocrx_word' id='word_1_792' title='bbox 3326 5660 3380 5707; x_wconf 88' lang='lat' dir='ltr'><strong>et</strong></span> <span class='ocrx_word' id='word_1_793' title='bbox 3414 5654 3478 5706; x_wconf 85' lang='lat' dir='ltr'><strong>ad</strong></span> <span class='ocrx_word' id='word_1_794' title='bbox 3504 5649 3780 5706; x_wconf 58' lang='lat' dir='ltr'><strong>beatitudic</strong></span> 
     </span>
    </p>
   </div>
   <div class='ocr_carea' id='block_1_116' title="bbox 2227 5744 3777 5819">
    <p class='ocr_par' dir='ltr' id='par_1_116' title="bbox 2227 5744 3777 5819">
     <span class='ocr_line' id='line_1_116' title="bbox 2227 5744 3777 5819; baseline -0.005 -17"><span class='ocrx_word' id='word_1_795' title='bbox 2227 5764 2349 5803; x_wconf 86' lang='lat' dir='ltr'><strong>nem</strong></span> <span class='ocrx_word' id='word_1_796' title='bbox 2368 5749 2635 5819; x_wconf 86' lang='lat' dir='ltr'><strong>pertinet,</strong></span> <span class='ocrx_word' id='word_1_797' title='bbox 2659 5762 2886 5801; x_wconf 79' lang='lat' dir='ltr'><strong>summa:</strong></span> <span class='ocrx_word' id='word_1_798' title='bbox 2907 5745 3156 5801; x_wconf 73' lang='lat' dir='ltr'><strong>utilitatis</strong></span> <span class='ocrx_word' id='word_1_799' title='bbox 3171 5754 3289 5813; x_wconf 85' lang='lat' dir='ltr'><strong>est;</strong></span> <span class='ocrx_word' id='word_1_800' title='bbox 3317 5744 3617 5805; x_wconf 75' lang='lat' dir='ltr'><strong>Conficitur,</strong></span> <span class='ocrx_word' id='word_1_801' title='bbox 3642 5744 3777 5813; x_wconf 84' lang='lat' dir='ltr'><strong>quod</strong></span> 
     </span>
    </p>
   </div>
   <div class='ocr_carea' id='block_1_117' title="bbox 2224 5839 3775 5911">
    <p class='ocr_par' dir='ltr' id='par_1_117' title="bbox 2224 5839 3775 5911">
     <span class='ocr_line' id='line_1_117' title="bbox 2224 5839 3775 5911; baseline -0.005 -11"><span class='ocrx_word' id='word_1_802' title='bbox 2224 5843 2411 5901; x_wconf 88' lang='lat' dir='ltr'><strong>omnis</strong></span> <span class='ocrx_word' id='word_1_803' title='bbox 2444 5843 2674 5900; x_wconf 87' lang='lat' dir='ltr'><strong>honesta</strong></span> <span class='ocrx_word' id='word_1_804' title='bbox 2696 5842 2837 5898; x_wconf 87' lang='lat' dir='ltr'><strong>actio</strong></span> <span class='ocrx_word' id='word_1_805' title='bbox 2865 5843 3013 5898; x_wconf 87' lang='lat' dir='ltr'><strong>utilis</strong></span> <span class='ocrx_word' id='word_1_806' title='bbox 3042 5851 3148 5896; x_wconf 88' lang='lat' dir='ltr'><strong>est.</strong></span> <span class='ocrx_word' id='word_1_807' title='bbox 3178 5839 3302 5895; x_wconf 82' lang='lat' dir='ltr'><strong>Sola</strong></span> <span class='ocrx_word' id='word_1_808' title='bbox 3331 5858 3462 5911; x_wconf 81' lang='lat' dir='ltr'><strong>ergo</strong></span> <span class='ocrx_word' id='word_1_809' title='bbox 3490 5843 3705 5896; x_wconf 84' lang='lat' dir='ltr'><strong>honesta</strong></span> <span class='ocrx_word' id='word_1_810' title='bbox 3728 5847 3775 5892; x_wconf 85' lang='lat' dir='ltr'><strong>et</strong></span> 
     </span>
    </p>
   </div>
  </div>
