4064 6452
346 294 488 367 1353

1411 294 1698 357 ETHICA
1739 294 2164 355 SECUNDUM
2202 295 2535 358 STOICUS.

3473 299 3609 365 1354

314 436 317 441 ν
345 414 595 469 virtuosa
628 413 763 481 vita,
786 412 936 470 utilis
962 412 1074 469 vita
1099 420 1202 480 est,
1234 419 1291 468 et
1312 412 1429 468 sola
1457 412 1744 469 inhonesta
1767 421 1821 468 et
1850 413 1928 466 vi-
1958 418 2001 475 Α
2102 411 2181 465 Ae
2206 410 2372 465 etiam
2406 411 2569 466 iidem
2604 408 2876 468 Platonici
2911 411 3079 468 multa
3112 416 3276 480 bona,
3332 424 3607 483 naturam,

348 506 489 562 tiosa
513 505 744 561 inutilis.
771 505 945 577 Igitur
966 520 1065 562 sex
1095 511 1212 561 haec
1245 522 1261 560 :
1293 505 1524 574 bonum,
1545 505 1923 569 heatum,vir~

346 607 464 654 tute
483 597 816 667 confectum,
837 586 1154 659 hOnestum,
1187 597 1444 654 decorum
1471 606 1523 653 et
1555 597 1687 652 utile
1719 614 1732 651 :
1762 597 1922 659 adde,

347 691 393 745 si
427 691 528 754 vis,
566 698 800 757 rectum,
847 690 1175 746 rationabile
1209 708 1225 757 ;
1258 691 1324 745 ad
1382 692 1523 745 idem
1581 688 1827 752 veniunt,
1872 695 1925 741 et

349 781 490 836 idem
525 782 638 836 fere
665 789 885 836 sonant.
921 779 984 834 Et
1005 780 1129 835 ideo
1160 779 1415 850 Opposita
1449 792 1662 843 eorum,
1687 774 1923 841 scilicet,

350 872 582 938 malum,
616 873 902 937 miserum,
955 872 1239 936 vitiosum,
1292 872 1671 932 inhonestum,
1706 867 1927 922 indeco-

347 981 491 1030 rum,
526 973 705 1035 turpe,
735 965 949 1031 inutile,
980 975 1287 1035 peccatum,
1322 962 1716 1018 irrationabile.
1747 959 1924 1026 Adde,

348 1057 394 1112 si
429 1056 533 1121 vis,
564 1053 1191 1127 pravum,llagitiosum,
1228 1054 1455 1120 foedum,
1498 1061 1724 1117 tetrum,
1770 1051 1924 1107 dete-

346 1148 573 1218 stabile”;
592 1147 775 1203 omnia
796 1147 1163 1216 haccejusdcm
1190 1144 1682 1202 suntcalamitatis.
1701 1143 1783 1197 Ex
1805 1157 1926 1198 om-

347 1241 513 1297 nibus
542 1240 729 1310 itaque
764 1241 1145 1310 superioribus
1184 1240 1243 1294 lit
1276 1238 1517 1308 denique
1570 1237 1750 1292 linalis
1792 1252 1921 1292 con-

347 1331 545 1401 clusio,
586 1345 685 1402 pro
712 1345 820 1403 qua
844 1332 1026 1387 omnia
1048 1331 1101 1386 in
1134 1331 1239 1386 hac
1262 1332 1476 1386 ratione
1505 1336 1923 1400 praecesserunt,

347 1425 507 1481 hac:

424 1517 725 1574 Conclusio.
747 1517 904 1586 Quod
936 1518 985 1573 si
1015 1519 1140 1589 quis
1169 1518 1341 1573 vitam
1366 1516 1837 1572 dttcitvirtuosam
1871 1523 1926 1571 et

348 1611 661 1677 honestam,
680 1610 1181 1681 quomodocunque
1202 1608 1491 1665 commoda
1503 1618 1558 1663 et
1579 1606 1923 1663 incommoda

350 1704 479 1760 huic
512 1704 862 1774 contingunt,
898 1705 1059 1759 modo
1087 1719 1195 1758 non
1238 1718 1337 1759 sua
1365 1702 1520 1773 culpa
1553 1717 1567 1756 :
1605 1700 1742 1756 nihil
1768 1700 1926 1756 deest

2029 511 2083 557 et
2099 512 2296 568 artem,
2316 511 2369 557 et
2398 504 2849 560 consuetudinem
2875 506 3221 573 excellentia,
3250 508 3500 563 homines
3524 508 3608 563 di-

2029 594 2237 650 vinitus
2266 595 2529 666 consequi
2567 611 2729 666 posse
2765 595 3040 652 allirmant
3074 614 3089 651 :
3124 598 3269 654 sicut
3303 598 3421 669 ipse
3450 597 3609 653 Plato

2028 688 2095 769 de
2124 686 2340 756 poetica
2373 697 2426 743 et
2458 688 2798 744 divinatione
2827 699 2881 744 et
2932 702 3118 745 amore
3150 691 3205 743 in
3232 688 3465 744 Phwdro
3491 698 3608 745 tra-

2028 777 2129 835 dit.
2164 780 2277 833 Non
2320 788 2502 835 tamen
2536 783 2661 837 ideo
2692 783 3029 852 prohibitum
3061 784 3188 851 erit,
3218 784 3464 838 ultimum
3494 792 3607 838 ter-

2028 874 2342 939 minum,ad
2373 890 2532 945 quem
2551 876 2847 933 ascendere
2864 886 3044 947 potest
3066 878 3146 933 vis
3165 877 3454 943 naturalis,
3477 876 3609 931 bea-
3659 932 3663 936 .

2030 965 2317 1022 titudinetn
2354 968 2613 1037 appellari
2642 987 2657 1023 :
2688 971 2989 1040 praesertim
3034 986 3161 1026 cum
3187 972 3263 1026 ita
3287 970 3357 1027 sit
3383 972 3488 1026 hoc
3512 985 3607 1024 vo-

2029 1058 2288 1114 cabulum
2324 1062 2467 1129 apud
2509 1060 2695 1130 plures
2728 1062 3016 1131 usitatum,
3044 1074 3097 1119 et
3129 1079 3239 1119 non
3277 1072 3473 1120 natura
3507 1078 3607 1119 no-

2029 1150 2179 1206 mina
2215 1151 2379 1207 rebus
2412 1152 2612 1221 posita,
2645 1154 2741 1209 sed
2774 1158 3042 1212 utentium
3075 1156 3438 1225 beneplacito.

2293 1287 2428 1345 Car.
2464 1287 2711 1344 XXXIII.
2743 1289 3099 1346 Beatitudinis
3131 1293 3345 1348 divisio.

2100 1405 2288 1476 Itaque
2311 1405 2487 1476 prima
2508 1406 2579 1462 sit
2601 1405 2902 1472 beatitudo,
2926 1407 3046 1478 ipse
3081 1408 3321 1479 optimus
3336 1406 3461 1463 vita:
3497 1418 3604 1464 sta-

2027 1506 2116 1553 tus
2136 1496 2151 1565 ζ
2177 1512 2337 1569 quem
2358 1498 2553 1555 ultimo
2569 1499 2865 1554 ascendere
2886 1513 3200 1569 possumus,
3219 1499 3611 1555 transcendere

2028 1604 2160 1645 vero
2189 1589 2242 1645 vi
2275 1590 2509 1645 naturali
2544 1605 2654 1646 non
2684 1591 2952 1655 valemus,
2999 1592 3067 1647 de
3109 1606 3217 1662 qua
3268 1592 3608 1648 beatitudine

2029 1680 2087 1736 in
2106 1681 2191 1736 his
2216 1681 2369 1738 libris
2400 1690 2686 1738 tractatur.

350 1794 428 1850 illi
458 1794 525 1851 ad
552 1771 737 1852 veram
771 1795 1193 1851 beatitudinem.
1239 1794 1305 1849 Et
1343 1809 1442 1865 per
1457 1771 1841 1861 consequens,
1877 1789 1925 1845 si
1958 1780 2003 1836 Β
2032 1862 2047 1865 _
2100 1771 2352 1865 Sﬁcunda
2384 1774 2479 1839 δίεν
2513 1790 2636 1846 qua3
2653 1776 2829 1846 Prima
2847 1777 3129 1848 supposita
3152 1777 3334 1833 adhuc
3358 1793 3610 1848 οοηιρτε·
3650 1826 3657 1831 ι

350 1888 476 1958 quis
504 1896 588 1943 est
617 1889 688 1942 ita
721 1887 1054 1957 depravatus
1087 1895 1142 1942 et
1182 1894 1497 1957 corruptus,
1536 1893 1598 1940 ut
1624 1898 1729 1939 nec
1764 1884 1926 1939 vesti-

353 1981 502 2052 gium
539 1979 758 2049 aliquod
786 1980 1007 2036 virtutis
1037 1989 1093 2035 et
1124 1980 1430 2035 honestatis
1480 1979 1534 2032 in
1572 1990 1638 2033 eo
1670 1975 1922 2041 exsistat,

353 2075 501 2140 huic,
533 2087 851 2143 quanquam
879 2073 1137 2128 omnibus
1168 2073 1411 2128 abundet
1439 2069 1764 2135 commodis,
1788 2068 1926 2123 nihil

348 2165 504 2222 deest
534 2165 603 2221 ad
638 2180 911 2221 summam
949 2163 1251 2221 miseriam.

351 2281 483 2338 CAP.
513 2277 733 2335 XXXII.
757 2276 983 2335 Beatum
1019 2278 1226 2333 nullum
1257 2279 1313 2332 in
1342 2282 1440 2330 hac
1467 2281 1596 2342 vita,
1635 2279 1924 2332 secundum

977 2349 1310 2403 Platonicos.

424 2443 788 2516 ﬂic'quidam
837 2442 1130 2510 Platonici,
1185 2440 1585 2496 immortalitati
1613 2440 1924 2495 animorum

352 2552 573 2609 operam
606 2536 899 2603 dantes,et
924 2530 1115 2591 eorum
1139 2533 1434 2604 quamdam
1466 2532 1821 2588 excellentem
1848 2530 1926 2586 fe-

353 2630 618 2684 licitatem
652 2629 1035 2700 imaginantes,
1059 2628 1222 2697 eique
1241 2629 1407 2681 vitam
1435 2626 1577 2680 hanc
1602 2641 1927 2695 comparan-

354 2733 457 2791 tes,
490 2723 828 2794 impossibile
854 2731 1130 2786 asserunt,
1156 2723 1207 2776 in
1229 2721 1332 2775 hac
1356 2721 1462 2775 vita
1489 2721 1705 2777 beatum
1741 2719 1927 2774 homi-

353 2831 479 2871 nem
510 2830 655 2870 esse.
686 2813 901 2881 Quibus
932 2813 1090 2867 multi
1121 2826 1410 2867 assensum
1462 2812 1788 2881 praebentes,
1825 2824 1925 2865 nos

355 2921 385 2961 a
417 2908 646 2961 veritate
669 2915 929 2976 reputant
956 2906 1198 2961 deviare.
1235 2903 1331 2960 Est
1362 2914 1543 2959 autem
1577 2904 1721 2958 inter
1750 2917 1850 2956 nos
1870 2908 1925 2955 et

354 3002 502 3070 ipsos
548 3015 655 3055 non
686 3000 742 3054 in
791 3013 850 3053 re
886 2998 1284 3063 controversia,
1332 2996 1426 3051 sed
1467 2998 1519 3048 in
1557 2994 1776 3049 nomine
1806 3002 1923 3045 tan-

2032 1862 2220 1920 hendit
2248 1880 2589 1936 quaecunque
2618 1868 2939 1924 excellentia
2961 1869 3103 1924 bona
3130 1868 3416 1939 acquirere
3438 1869 3607 1923 homo

2027 1954 2193 2010 etiam
2228 1955 2284 2009 in
2308 1958 2411 2012 hac
2438 1957 2547 2012 vita
2571 1957 2756 2013 divina
2779 1959 3116 2030 sapiratione
3142 1968 3343 2030 potest,
3371 1969 3431 2014 ut
3454 1961 3609 2015 Plato

2028 2048 2082 2101 in
2108 2046 2337 2103 Phwdro
2365 2049 2545 2107 docet.

2060 2138 2283 2213 'Tertia
2318 2142 2408 2209 sit,
2438 2158 2561 2213 quat
2591 2144 2821 2216 suscipit
2874 2155 3003 2217 post
3040 2156 3275 2204 mortem
3306 2147 3602 2218 sapientes,

2028 2243 2088 2288 ut
2118 2233 2262 2289 idem
2295 2234 2452 2291 Plato
2492 2237 2546 2291 in
2589 2236 2853 2295 Phwdone
2883 2241 3070 2296 tradit.
3232 2224 3253 2231 ’
3321 2224 3330 2231 ⁵

2098 2327 2274 2397 Igitur
2325 2328 2455 2396 quia
2492 2329 2583 2383 illi'
2615 2332 2914 2386 secundam
2946 2342 3002 2387 et
3049 2335 3264 2388 tertiam
3299 2342 3600 2399 merentur,

2026 2418 2120 2488 qui
2150 2420 2339 2490 prima:
2383 2422 2681 2493 participes
2710 2425 3064 2490 exstiterunt,
3100 2427 3300 2479 merito
3335 2429 3401 2479 de
3428 2427 3604 2497 prima

2026 2520 2236 2569 tantum
2265 2514 2411 2571 hunc
2433 2516 2673 2572 laborem
2705 2516 2963 2573 duximus
2994 2519 3426 2590 suscipiendum.

2028 2626 2160 2685 CAP.
2199 2627 2444 2697 XXXIV.
2500 2628 2988 2705 Naturalia‘bona,
3037 2634 3300 2705 quomodo
3351 2635 3407 2688 in
3446 2632 3627 2691 nobis

2627 2702 2991 2769 perﬁciantur.

2097 2812 2408 2871 Notandum
2427 2830 2557 2871 vero
2586 2817 2653 2872 sit
2686 2826 2739 2871 et
2767 2816 2922 2881 illud,
2946 2817 3091 2887 quod
3120 2820 3420 2874 secundum
3443 2835 3602 2875 eum-

2030 2904 2153 2960 dcm
2180 2903 2483 2967 Platonem,
2506 2921 2603 2960 nec
2625 2907 2738 2975 ipsa
2760 2907 3032 2971 naturalia
3054 2909 3191 2962 bona
3213 2909 3400 2978 perfici
3422 2910 3477 2964 in
3504 2924 3604 2966 no-

2029 2994 2114 3049 bis
2147 3006 2381 3065 possunt
2433 2994 2554 3049 sine
2587 2994 2776 3049 divino
2808 2996 3033 3049 auxilio.
3074 2995 3212 3051 Nam
3251 3013 3316 3052 ex
3345 3014 3456 3068 quo
3489 3013 3607 3055 om~

354 3103 493 3148 tum.
515 3091 636 3146 Non
667 3091 814 3145 enim
846 3092 1093 3144 eamdem
1136 3104 1250 3144 rem
1283 3087 1503 3157 utrique
1528 3085 1919 3141 beatitudinem
1950 3125 1996 3186 Ο
2031 3087 2120 3139 nia
2173 3085 2381 3139 habent
2408 3100 2552 3151 esse,
2591 3100 2657 3140 ex
2713 3087 2905 3141 eodem
2938 3098 2993 3164 et
3024 3102 3179 3143 suam
3211 3092 3601 3159 perfectionem

355 3186 709 3257 appellamus,
742 3194 802 3239 ut
833 3184 904 3240 de
951 3183 1143 3239 eodem
1173 3182 1391 3254 negatio
1415 3189 1472 3236 et
1501 3180 1789 3235 allirmatio
1826 3179 1919 3233 sit.

354 3277 603 3346 Namque
628 3294 731 3335 nos
761 3277 1022 3348 optimam
1052 3278 1243 3340 vitam,
1272 3289 1396 3346 quae
1432 3274 1672 3329 maxime
1702 3286 1925 3340 compo-

352 3369 460 3424 sito
496 3369 776 3437 competit,
808 3367 1115 3423 secundum
1158 3367 1303 3436 quod
1337 3366 1579 3422 hominis
1606 3374 1800 3420 natura
1834 3380 1928 3418 ea-

353 3473 457 3527 pax
504 3468 608 3523 est,
643 3459 1037 3515 beatitudinem
1082 3458 1443 3529 appellantes,
1475 3461 1554 3523 fet
1583 3456 1658 3510 nil
1686 3456 1924 3511 alienum

352 3550 439 3604 vel
463 3550 826 3621 incongruum
861 3551 911 3605 ei
942 3550 1226 3615 addentes,
1261 3550 1404 3604 hanc
1434 3548 1685 3605 homines
1735 3561 1927 3602 conse-

353 3646 446 3716 qui
479 3660 642 3715 posse
661 3645 980 3701 asserimus.

424 3737 506 3793 Illi
563 3752 693 3792 vero
747 3745 1124 3807 separatorum
1178 3735 1485 3790 animorum
1524 3734 1922 3789 beatitudinem

352 3830 787 3897 considerantes,
816 3830 1015 3883 merito
1039 3827 1108 3882 ad
1138 3826 1291 3881 illum
1312 3826 1588 3881 hominem
1620 3826 1673 3879 in
1692 3826 1793 3879 hac
1813 3825 1922 3879 vita

351 3922 704 3976 exsistentem
728 3928 929 3990 negant
959 3918 1244 3990 pervenire
1262 3932 1442 3988 posse.
1466 3916 1611 3987 Ergo
1629 3922 1926 3986 utrumque

351 4025 540 4067 verum
561 4019 664 4067 est.
688 4010 798 4065 Nec
812 4009 957 4065 enim
984 4023 1085 4064 nos
1112 4009 1202 4063 illa
1233 4007 1568 4063 beatitudine
1588 4006 1732 4062 beati
1763 4004 1924 4070 etlici,

350 4102 406 4155 vi
445 4101 704 4166 naturali,
732 4101 862 4155 dum
881 4100 1142 4165 'vivimus,
1177 4112 1496 4169 possumus.
1544 4097 1659 4154 Nec
1694 4096 1801 4154 illis
1830 4111 1929 4150 no-

352 4204 465 4251 stra
495 4196 769 4265 congruit,
794 4195 877 4250 vel
907 4190 1109 4249 sufﬁcit
1137 4191 1436 4248 beatitudo.

2029 3176 2227 3231 habere
2258 3192 2479 3232 necesse
2494 3185 2599 3233 est.
2629 3176 2823 3231 Omnia
2844 3194 2975 3233 vero
2998 3181 3298 3234 secundum
3324 3180 3601 3238 Platonem

2026 3282 2091 3321 ex
2122 3266 2233 3321 Deo
2285 3267 2486 3322 habent
2525 3282 2669 3324 esse.
2700 3269 2833 3324 Item
2889 3270 2944 3323 in
2981 3270 3205 3338 Timwo,
3242 3288 3367 3328 cum
3407 3290 3606 3345 propo-

2026 3368 2212 3413 suerat
2237 3359 2304 3413 de
2325 3369 2519 3414 natura
2547 3361 2759 3427 mundi,
2786 3371 2841 3416 et
2870 3372 3088 3430 ortu,'et
3117 3367 3464 3421 connexione
3487 3382 3606 3421 ont-

2026 3451 2178 3505 nium
2215 3465 2244 3504 a
2275 3453 2450 3519 primo
2485 3453 2753 3523 principio
2777 3454 2960 3509 dicere
2994 3472 3007 3507 :
3040 3458 3237 3522 oravit,
3275 3467 3329 3512 et
3356 3460 3603 3515 divinutn

2027 3543 2094 3596 ad
2126 3543 2406 3612 proposita
2442 3542 2753 3613 imploravit
2786 3546 3125 3614 adjutorium
3160 3566 3174 3602 :
3209 3540 3522 3620 quanquam
3546 3551 3602 3606 in

2026 3634 2135 3688 illis
2167 3634 2241 3687 nil
2266 3635 2539 3691 excellens
2554 3637 2801 3691 naturale
2830 3649 3076 3692 nostrum
3111 3639 3390 3709 ingenium
3417 3641 3600 3698 dictu-

2028 3742 2124 3783 rus
2163 3737 2299 3792 erat,
2325 3735 2417 3784 sed
2448 3743 2557 3783 non
2591 3738 2744 3798 putat
2778 3744 2838 3785 se
2864 3730 2954 3785 illa
2988 3734 3249 3801 consequi
3274 3748 3435 3801 posse
3461 3735 3604 3790 divi-

2028 3818 2179 3873 nitus
2209 3834 2317 3873 non
2347 3820 2617 3890 adjutum.
2647 3821 2719 3875 At
2745 3822 2788 3876 si
2810 3822 3113 3877 secundum
3144 3824 3399 3879 eumdem
3427 3825 3481 3879 in
3509 3826 3602 3880 illo

2031 3924 2249 3965 summo
2294 3912 2462 3976 bono,
2495 3914 2664 3967 totius
2693 3914 2977 3978 bonitatis,
3006 3914 3361 3984 perfectionis
3396 3927 3449 3972 et
3480 3917 3606 3972 bea-

2029 4001 2280 4058 titudinis
2302 4003 2475 4057 instar
2508 4010 2615 4070 est,
2645 4003 2718 4058 ita
2747 4015 2937 4059 nostra
2967 4005 3275 4060 substantia
3296 4004 3601 4076 perﬁcitur,

2027 4096 2101 4149 ita
2140 4095 2512 4163 heatilicatur;
2543 4095 2590 4153 si
2618 4097 2689 4153 ad
2722 4097 2853 4151 illud
2881 4098 3076 4163 tendit,
3107 4098 3241 4154 illud
3270 4098 3516 4169 respicit,
3543 4106 3600 4154 et

2028 4188 2161 4242 illud
2189 4188 2449 4243 imitetur.

362 4406 3578 4437 ww

1510 4603 1799 4691 PARS
1869 4604 2442 4693 SECUNDA.

322 4972 351 5005 ε
707 4959 836 5018 (λιιι.
877 4960 919 5016 1.
963 4960 1144 5015 Animi
1188 4959 1263 5015 vis
1301 4959 1609 5032 quotuplez.

424 5078 637 5150 Duplex
664 5085 748 5133 est
789 5075 874 5130 vis
912 5073 1081 5129 animi
1112 5074 1314 5131 nostri.
1348 5072 1463 5129 Una
1499 5090 1606 5145 qua
1660 5072 1920 5143 intelligi-

354 5183 478 5223 mus
506 5177 561 5222 et
605 5180 795 5221 verum
832 5164 1187 5232 inquirimus,
1220 5174 1273 5219 et
1306 5178 1337 5218 a
1362 5162 1504 5218 falso
1536 5163 1920 5225 discernimus,

351 5272 406 5319 et
437 5277 467 5316 a
497 5260 680 5317 dubiis
711 5263 778 5313 ad
815 5256 1104 5313 manifesta
1134 5256 1434 5311 transimus
1466 5272 1481 5309 :
1509 5263 1564 5310 et
1594 5254 1649 5309 in
1680 5254 1762 5309 eis
1790 5255 1918 5324 quid

350 5366 720 5423 consequens,
772 5350 903 5421 quid
959 5364 1269 5419 repugnans
1315 5347 1709 5417 conspicimus.
1767 5344 1834 5402 Et
1866 5347 1918 5401 in

353 5428 599 5516 agendis,
631 5444 761 5514 quid
803 5443 957 5508 utile,
998 5442 1128 5512 quid
1170 5442 1395 5507 inutile;
1430 5441 1561 5512 quid
1603 5445 1832 5507 bonum,
1865 5451 1922 5496 et

351 5537 476 5608 quid
506 5535 751 5600 malum;
787 5544 840 5588 ct
863 5534 972 5599 cui,
1006 5544 1060 5587 et
1094 5544 1382 5603 quantum,
1417 5543 1468 5588 ct
1496 5534 1653 5603 quale
1685 5533 1923 5603 inquiri-

353 5644 474 5684 mus
510 5639 563 5682 et
608 5627 943 5696 iudicamus.
987 5626 1117 5692 Quae
1169 5627 1252 5681 vis
1296 5640 1420 5681 cum
1451 5627 1522 5682 sit
1558 5624 1916 5692 intellectiva,

353 5737 503 5776 mens
544 5718 798 5789 appellari
835 5719 992 5772 solet.
1086 5721 1101 5736 '

612 5820 882 5885 I’A'rttuL.
924 5816 969 5875 Ο
983 5836 1039 5874 s.
1103 5815 1225 5877 CLI

1952 4960 2006 5023 ι)
2100 4956 2220 5011 Alia
2247 4963 2351 5021 est,
2398 4969 2504 5026 qua
2530 4955 2674 5011 bona
2718 4958 2802 5012 vel
2840 4956 2984 5013 mala
3018 4956 3074 5012 in
3102 4956 3328 5027 agendis
3354 4957 3597 5025 iudicata
3663 5012 3687 5029 ,-

2029 5048 2270 5119 placent,
2300 5048 2383 5103 vel
2408 5048 2700 5119 displicent
2734 5050 2914 5105 nobis.
2948 5048 3015 5103 Et
3045 5048 3136 5103 illa
3165 5048 3386 5118 quidem
3411 5064 3605 5118 accepa

2030 5148 2236 5202 tamus,
2290 5136 2673 5206 amplexantur
2731 5147 2788 5192 et
2851 5138 3253 5209 amplectimur.
3313 5139 3601 5194 Contraria

2029 5242 2162 5282 vero
2194 5242 2554 5297 aspernamur
2611 5237 2667 5284 et
2712 5229 2997 5301 fugimus;
3041 5244 3161 5298 qum
3194 5230 3275 5285 vis
3306 5232 3605 5301 appetitiva

2029 5319 2286 5388 appellari
2314 5319 2470 5375 solet.
2499 5320 2674 5390 Hujus
2696 5331 2878 5375 autem
2906 5332 3088 5375 m0tus
3113 5320 3193 5375 vel
3225 5330 3381 5377 actus
3405 5323 3458 5375 in
3484 5325 3605 5379 ani-

2030 5428 2122 5467 mo
2152 5425 2208 5467 et
2239 5411 2380 5466 bene
2403 5422 2458 5467 et
2483 5415 2623 5469 male
2652 5421 2834 5484 potest
2861 5414 3199 5485 contingere.
3226 5415 3384 5480 Quod
3418 5426 3473 5470 ut
3495 5418 3609 5472 dis--

2032 5511 2311 5567 cernatur,
2340 5503 2726 5576 distinguenda
2774 5514 2905 5561 sunt
2940 5508 3093 5576 prius
3124 5506 3332 5578 aliqua,
3382 5524 3503 5577 qua:
3536 5508 3605 5563 ad

2033 5594 2195 5651 istum
2234 5596 2410 5652 locum
2448 5599 2745 5669 pertinent.
2948 5598 2951 5599 ⁷

3208 5806 3287 5866 Ιι3
