4064 6460
551 231 721 300 31355

832 348 962 406 CAP.
1003 349 1070 407 ll.
1105 349 1188 424 De,
1211 368 1332 408 aera
1363 363 1412 408 et
1450 355 1592 424 falsa
1637 361 1883 424 opinione

1170 423 1294 477 boni
1321 433 1372 479 et
1398 423 1554 481 muli.

646 531 809 591 Falsa
839 534 1026 607 opinio
1069 535 1123 591 in
1175 538 1403 608 agendis
1434 538 1593 595 bonis
1625 542 1714 597 vel
1746 541 1928 613 malis,
1963 547 2150 604 multis

578 628 758 681 n‘odis
782 627 1000 683 accidit.
1029 626 1162 683 Nam
1193 629 1238 685 si
1269 630 1398 698 quis
1435 632 1716 702 Opinatur,
1763 651 1871 690 non
1915 639 2147 704 bonum,

576 700 775 770 bonum
810 733 951 784 esse,
985 720 1066 773 vel
1095 735 1124 774 e
1151 734 1438 786 converso,
1472 733 1565 776 aut
1594 739 1664 778 an
1691 727 1763 780 sit
1789 726 2015 795 bonum,
2043 733 2146 785 mi-

573 823 678 862 nus
711 816 893 862 tamen
925 810 1010 863 vel
1039 811 1239 880 majus,
1283 827 1445 882 quam
1483 824 1570 869 est
1602 817 1756 880 illud,
1805 833 1926 874 esse
1958 821 2148 878 existi~

572 903 700 947 mat.
736 895 842 947 Λιιι
885 911 982 964 per
1013 911 1072 952 se
1107 899 1309 952 bonum
1340 915 1465 953 cum
1502 902 1594 958 sit.
1630 903 1696 956 ad
1725 904 1870 959 aliud
1907 915 2142 972 tantum,

568 996 621 1036 et
657 985 760 1038 hoc
788 987 1022 1042 fortasse
1067 988 1249 1044 minus
1283 991 1487 1045 bonum
1518 992 1702 1049 valere
1734 995 1866 1051 illud
1903 1011 2142 1068 reputat;

493 1145 499 1150 _
567 1088 660 1131 aut
686 1081 772 1133 cui
808 1082 1011 1136 bonum
1052 1093 1159 1146 est,
1197 1086 1433 1152 ignorat.

638 1171 908 1228 Similiter
941 1185 996 1228 et
1026 1175 1094 1228 de
1125 1176 1270 1232 malo
1304 1176 1441 1231 falsa
1485 1187 1569 1232 est
1597 1181 1788 1249 opinio
1822 1183 1964 1250 ejus.
2005 1183 2156 1240 Vera.

565 1271 751 1317 autem
805 1267 1077 1318 sententia
1111 1275 1164 1319 et
1209 1282 1397 1323 verum
1441 1269 1738 1338 judicium,
1771 1275 1918 1329 circa
1949 1277 2140 1330 cadent

564 1367 671 1417 εει,
706 1371 828 1408 cum
871 1358 922 1409 in
976 1359 1126 1412 nullo
1147 1361 1558 1428 praedictorum
1597 1375 1878 1432 peccatur.
1925 1367 2058 1421 Nam
2093 1370 2137 1423 si

561 1457 616 1501 et
639 1449 780 1518 quod
816 1459 897 1503 est
924 1451 1148 1516 bonum,
1186 1453 1390 1507 bonum
1415 1456 1734 1518 existimat;
1767 1467 1819 1512 et
1849 1469 2137 1528 quantum,

562 1547 617 1592 et
640 1540 820 1609 quale,
861 1551 916 1595 et
946 1543 1057 1607 cui,
1087 1559 1194 1596 non
1227 1546 1484 1615 ignorat;
1527 1549 1785 1604 similiter
1811 1561 1864 1606 et
1894 1553 2136 1618 malum;
2187 1591 2223 1622 κ

567 1647 754 1685 verum
797 1642 851 1686 et
899 1650 1093 1689 sanum
1136 1652 1258 1696 esse
1290 1639 1604 1708 hujusmodi
1633 1643 1900 1710 judicium
1946 1661 2137 1700 omnes

562 1726 887 1780 concedent.
921 1726 1016 1780 Est
1051 1729 1233 1799 itaque
1263 1730 1463 1786 falsum
1501 1737 1567 1786 de
1594 1734 1840 1802 quolibet
1868 1736 2136 1806 judicium
2168 1733 2214 1791 B

564 1815 884 1886 simpliciter
921 1819 1121 1873 malum
1154 1831 1207 1876 et
1239 1823 1700 1893 vituperandum:
1738 1843 1926 1882 verum
1956 1839 2135 1884 autem

559 1907 883 1977 simpliciter
910 1910 1109 1984 bonum
1142 1922 1195 1967 et
1234 1913 1590 1972 laudandum.

629 2000 764 2054 Item
797 2001 942 2057 sicut
978 2003 1030 2058 iu
1067 2007 1352 2076 corporeis
1384 2010 1560 2064 oculis
1593 2011 1867 2066 interdum
1915 2015 2137 2069 contin-

559 2092 639 2160 git
671 2092 874 2162 aliquid
909 2095 1036 2160 tale,
1064 2105 1123 2150 ιιι
1152 2098 1300 2154 acies
1344 2100 1562 2155 videndi
1592 2103 1952 2166 obtundatur.
1990 2115 2044 2160 et
2069 2122 2137 2160 ex

488 2174 502 2186 “
557 2185 743 2246 aliquo
783 2195 934 2250 motu
989 2189 1237 2257 quaedam
1275 2192 1648 2260 obumbratio,
1683 2211 1780 2252 seu
1819 2199 2137 2269 caliginatio

556 2284 611 2329 et
639 2277 952 2332 obscuratio
977 2279 1138 2334 oculo
1162 2282 1416 2351 accidat;
1451 2286 1521 2338 ita
1546 2290 1714 2356 quod,
1747 2299 1840 2343 aut
1874 2305 1980 2344 non
2015 2307 2136 2358 pos-

556 2367 648 2430 sit,
681 2378 775 2420 aut
808 2370 990 2425 minus
1021 2371 1184 2437 clare,
1217 2376 1623 2448 obscuriusque
1646 2391 1700 2434 et
1727 2381 1971 2436 deterius
2005 2397 2134 2452 pos-

555 2460 628 2513 sit
663 2461 897 2515 visibilia
931 2463 1117 2518 videre
1153 2473 1207 2520 et
1238 2467 1572 2524 discernere.
1611 2471 1676 2523 Et
1707 2461 1956 2528 haecum
2002 2488 2134 2527 con-

556 2552 721 2621 tingit
745 2553 871 2609 huic
895 2555 1105 2621 sensui,
1138 2571 1238 2626 pro
1266 2559 1406 2612 malo
1431 2560 1531 2628 ipsi
1563 2571 1869 2630 reputatur.
1923 2563 2130 2620 Bonum

556 2645 706 2696 enim
735 2644 854 2713 ejus
893 2653 1000 2711 est,
1057 2661 1276 2716 semper
1324 2665 1544 2706 manere
1583 2654 1634 2706 in
1669 2668 1770 2708 suo
1813 2656 2022 2724 vigore,
2079 2666 2134 2712 et

553 2737 729 2791 aciem
765 2737 983 2793 videndi
1013 2740 1331 2796 inviolatam
1361 2754 1416 2797 et
1445 2746 1752 2813 expeditam
1783 2751 2123 2806 conservari.

549 2829 808 2899 Alioquin
837 2830 1081 2886 conditio
1113 2833 1264 2886 visus
1299 2834 1685 2890 deterioratur.
1715 2836 1792 2892 lta
1821 2841 1986 2893 menti
2033 2843 2131 2895 ho-

548 2921 718 2977 minis
775 2923 972 2979 accidit
1007 2940 1404 2996 nonnunquam
1437 2927 1643 3000 aliquid
1699 2932 1826 2985 tale.
1890 2933 1962 2986 Ex
1999 2950 2109 3004 quo

549 3014 843 3082 quamdam
893 3016 1371 3073 obumbrationem
1405 3028 1458 3074 et
1507 3021 1950 3078 obscurationem
2010 3029 2124 3097 ipsa

1671 241 2086 307 BARLAAMI
2148 251 2244 312 DE
2287 256 2718 320 SEMINARIA

3689 125 3714 144 Ψ

3677 275 3788 342 1356

2179 374 2221 430 Α
2255 387 2419 429 unum
2448 377 2566 434 sine
2593 377 2808 435 duobus
2829 393 2954 438 esse
2974 381 3028 438 in
3056 383 3240 442 animo
3268 401 3282 441 :
3306 386 3580 445 minimum
3608 393 3786 448 malum

2254 477 2335 523 est
2369 472 2567 527 mentis
2595 471 2935 530 obscuratio.
2959 473 3282 548 Quanquam
3310 467 3470 536 enim~
3495 483 3591 552 ipsi
3615 487 3790 550 menti,

2256 574 2314 613 ιιι
2345 577 2501 619 mens
2529 572 2633 630 est,
2656 564 2861 620 malum
2888 577 2992 632 eat,
3019 575 3198 624 tamen
3233 573 3498 628 associata
3529 591 3646 629 cum
3679 592 3789 632 vera

2232 651 2307 705 -iu
2341 655 2567 723 agendis
2616 658 2887 714 sententia
2921 668 2974 715 et
3013 660 3250 718 beneﬁca
3297 665 3582 730 voluntate,
3628 672 3790 737 quoat

2252 747 2554 801 exteriores
2594 749 2862 817 actiones,
2895 759 2952 806 et
2999 755 3256 820 maxime,
3297 755 3350 810 in
3385 759 3581 826 quibus
3628 759 3790 813 conti-

2253 845 2411 891 netur
2444 839 2730 895 hominum
2778 843 3054 912 societas;
3088 846 3134 900 si
3167 855 3376 902 tantum
3405 849 3542 903 adsit
3572 849 3649 904 eis
3690 867 3791 903 me-

2253 929 2514 985 diocritas
2550 950 2563 986 :
2606 945 2714 988 nan
2771 937 2932 992 modo
2982 952 3090 992 non
3129 939 3356 1005 malum,
3411 941 3503 996 sed
3556 957 3790 1012 magnum

2251 1022 2450 1076 bonum
2483 1033 2588 1078 est.
2762 1089 2767 1098 ι

2319 1113 2492 1182 Majus
2516 1132 2646 1173 vero
2680 1121 2883 1175 malum
2923 1131 3028 1187 est,
3056 1124 3334 1195 opinionis
3369 1128 3425 1183 in
3461 1129 3684 1198 agendis
3708 1146 3791 1185 ρι’·

2255 1220 2370 1258 ror.
2407 1205 2520 1261 ΙΙοε
2550 1209 2696 1262 enim
2719 1225 2826 1264 non
2855 1221 3061 1268 tantum
3090 1214 3187 1283 ipsi
3208 1217 3388 1271 animo
3411 1233 3503 1286 per
3526 1236 3583 1276 se
3606 1222 3791 1276 malum

2246 1309 2350 1364 est,
2387 1301 2480 1355 sed
2512 1303 2675 1356 etiam
2727 1305 2847 1359 sine
2893 1305 3276 1362 obscuratione
3315 1313 3509 1367 mentis
3553 1323 3607 1366 et
3636 1316 3791 1368 malc-

2249 1391 2347 1445 ﬁea
2385 1393 2664 1450 voluntate
2697 1397 3004 1454 teterrimas
3038 1402 3280 1456 exterius
3313 1404 3574 1468 actiones,
3607 1415 3662 1462 et
3691 1423 3793 1462 ma-

2245 1486 2389 1539 xime
2423 1486 2474 1538 in
2507 1488 2802 1555 puniendo,
2831 1489 3051 1559 gignere
3078 1501 3276 1560 potest.

2318 1575 2390 1630 De
2423 1578 2624 1632 notatis
2654 1595 2783 1634 vero
2823 1581 2998 1637 tribus
3027 1585 3325 1652 pessimum
3359 1596 3462 1654 est,
3488 1599 3789 1659 separatum

2242 1667 2310 1720 ab
2339 1669 2483 1732 aliis,
2515 1671 2758 1726 maleﬁca
2790 1673 3066 1730 voluntas.
3104 1675 3234 1742 Quae
3264 1680 3408 1735 enim
3458 1682 3531 1736 ita
3561 1685 3790 1739 maleﬁia

2244 1772 2347 1828 est,
2388 1772 2445 1816 ut
2490 1765 2751 1821 inhmreat
2802 1769 3012 1836 animo,
3045 1773 3206 1827 etiam
3261 1775 3380 1830 sine
3412 1780 3697 1847 repentino
3744 1791 3792 1835 et

2245 1855 2464 1909 turbido
2508 1869 2656 1912 motu
2704 1863 2921 1926 mentis,
2966 1869 3128 1930 atque
3155 1865 3290 1920 falsa
3317 1869 3599 1937 opinione,
3637 1880 3694 1926 ut
3725 1873 3793 1926 alo

2242 1945 2421 2014 legare
2457 1948 2822 2015 ignorantiam
2852 1964 3118 2023 nequeat,
3155 1946 3399 2014 omnium
3432 1961 3692 2019 malorum
3716 1975 3790 2018 est

2241 2037 2561 2105 pessimum,
2599 2048 2653 2095 et
2686 2040 2868 2096 minus
2894 2044 3014 2100 aliis
3037 2047 3302 2104 sanabile.

2451 2151 2584 2207 Car.
2616 2151 2706 2208 111.
2740 2153 2991 2227 Male/ica
3019 2159 3260 2216 voluntas
3291 2167 3592 2235 quotuplex.

2311 2263 2518 2333 Duplex
2559 2267 2778 2334 quidem
2809 2279 2892 2324 est
2923 2272 3166 2328 maleﬁca
3201 2278 3472 2333 voluntas.
3511 2281 3621 2336 Aut
3655 2283 3785 2335 enim

2237 2366 2497 2410 causatur
2522 2373 2551 2411 a
2585 2361 2866 2428 repentina
2890 2363 3277 2421 obscuratione
3308 2372 3523 2437 mentis,
3552 2389 3660 2442 qua
3683 2391 3789 2429 ces-

2238 2456 2416 2512 sante,
2456 2449 2662 2504 recedit
2702 2460 2776 2507 et.
2805 2453 2917 2519 illa,
2955 2456 3093 2510 sicut
3131 2459 3179 2510 in
3211 2459 3287 2512 ira
3314 2477 3452 2529 saepe
3481 2465 3742 2536 contingit
3770 2483 3785 2533 ;

2237 2550 2332 2595 aut
2366 2542 2529 2597 insita
2564 2552 2647 2598 est
2679 2544 2730 2598 in
2767 2546 2974 2613 animo,
3012 2561 3066 2604 et
3121 2556 3238 2606 sine
3276 2557 3553 2622 repentina
3591 2566 3779 2613 utentis

2235 2635 2580 2705 ealigatione.
2612 2652 2733 2707 quae
2756 2641 2926 2694 multo
2954 2643 3144 2699 tetrior
3180 2655 3284 2708 est,
3317 2663 3475 2716 quam
3513 2649 3644 2718 illa;
3677 2667 3790 2722 qua:
3882 2666 3896 2678 '

2235 2730 2394 2804 simul
2418 2731 2792 2786 obscurationi
2823 2737 3023 2791 mentis
3055 2739 3251 2802 oritur,
3292 2750 3344 2794 et
3381 2742 3584 2797 interit.
3614 2745 3782 2809 Quare

2233 2820 2279 2875 si
2308 2830 2521 2890 oportet
2560 2823 2626 2877 de
2663 2827 2823 2880 ntalis
2866 2827 3091 2883 minima
3119 2831 3336 2901 eligere,
3384 2837 3555 2888 multo
3587 2838 3787 2906 cligibi-

2231 2913 2338 2969 lior
2364 2924 2448 2972 est
2494 2918 2809 2974 obscuratio
2843 2923 3040 2978 mentis
3071 2940 3190 2978 eum
3229 2926 3463 2981 benelica
3499 2931 3784 2997 voluntate,

2231 3023 2394 3076 quam
2433 3009 2677 3065 maleﬁca
2722 3013 2972 3069 voluntas
2998 3020 3120 3070 sine
3153 3017 3535 3074 obscuratione
3572 3024 3781 3080 mentis.

547 3125 707 3164 mens
739 3109 997 3170 incurrit,
1025 3119 1080 3164 et
1113 3111 1263 3166 acies
1297 3113 1636 3182 intelligendi
1678 3115 1748 3169 ita
1779 3117 2122 3185 obtunditur,
2153 3086 2195 3141 C
2301 3101 2377 3155 De
2409 3103 2610 3157 ηοίθῑίδ
2643 3114 2826 3159 amem
2862 3105 3045 3171 bonis:
3079 3125 3244 3163 ""“m
3285 3115 3654 3181 comparando
3679 3115 3784 3169 εῖηε

551 3209 613 3254 ιιι
645 3216 844 3256 munus
878 3197 1215 3272 intelligendi
1255 3213 1305 3258 et
1334 3203 1620 3272 judicandi
1653 3214 1744 3260 aut
1781 3211 1984 3275 minus,
2033 3222 2127 3265 aut

549 3294 845 3348 obscurius
878 3293 1202 3363 tardiusque
1241 3296 1508 3364 consequi
1541 3298 1712 3367 possit
1747 3317 1760 3352 :
1802 3310 1858 3355 et
1887 3317 1917 3355 a
1950 3317 2009 3357 re
2038 3319 2126 3373 ge-

550 3383 720 3438 renda
745 3399 837 3438 aut
857 3386 1080 3440 omnino
1103 3385 1408 3441 abducatnr
1431 3410 1446 3451 ,-
1473 3397 1567 3442 aut
1594 3391 1646 3443 in
1671 3389 1912 3460 jubendo
1936 3404 1989 3447 et
2012 3409 2128 3447 mo-

552 3476 732 3531 nendo
767 3477 1046 3531 hominem
1081 3477 1146 3531 ad
1197 3480 1494 3534 exteriores
1548 3482 1815 3548 actiones,
1855 3485 2021 3540 decus
2070 3495 2124 3540 et

551 3569 888 3622 honestatem
925 3568 977 3621 in
1007 3568 1088 3621 eis
1123 3577 1218 3622 aut
1255 3584 1361 3624 non
1407 3573 1602 3638 possit,
1640 3583 1734 3627 aut
1757 3574 2036 3632 dillicilius
2069 3587 2124 3631 et

543 3659 826 3713 molestius
848 3673 1178 3714 conservare
1218 3661 1411 3729 possit.
1439 3660 1592 3723 Quod
1628 3665 1883 3721 accidens
1918 3667 2116 3721 malum

541 3766 665 3806 esse
697 3751 888 3816 menti,
913 3751 1038 3820 quis
1072 3760 1312 3806 mentem
1342 3753 1545 3809 habens
1579 3770 1686 3810 non
1721 3757 2117 3828 intelligit?Ex

540 3841 902 3897 similitudine
927 3843 1092 3913 igitur
1121 3845 1433 3904 oculorum,
1455 3847 1684 3902 docendi
1717 3865 1908 3914 causa,
1933 3854 2120 3921 appel-

543 3936 688 3988 ietur
719 3934 1034 4005 huiusmodi
1068 3937 1323 3992 accidens
1367 3938 1716 3995 obumbratis
1765 3945 1987 4012 mentis,
2020 3961 2116 4000 seu

541 4023 885 4094 caliginatio,
916 4025 996 4076 vel
1035 4025 1219 4094 potius
1248 4026 1582 4082 obscuratio.

610 4116 750 4169 Cum
793 4124 974 4170 autem
1028 4131 1184 4171 mens
1219 4117 1292 4172 ita
1322 4118 1597 4175 stabiliter
1627 4135 1785 4176 suum
1809 4134 2117 4179 conservat

538 4207 807 4276 vigorem,
855 4215 916 4262 ut
942 4208 1076 4262 nihil
1107 4209 1174 4263 de
1204 4211 1480 4278 praedictis
1509 4213 1556 4267 ei
1586 4218 1891 4284 contingat,
1916 4231 1979 4270 ex
2003 4233 2116 4288 quo

536 4299 686 4353 acies
711 4298 1051 4371 intelligendi
1083 4301 1409 4358 deteriorari
1445 4319 1668 4375 quoquo
1701 4309 1862 4362 modo
1897 4311 2106 4378 possit:

534 4391 855 4462 hujusmodi
893 4399 1092 4456 status,
1139 4407 1308 4449 causa
1344 4394 1600 4451 similiter
1634 4398 1891 4465 docendi,
1925 4401 2112 4471 appel-

533 4487 674 4538 letur
699 4484 1001 4552 :rqualitas.

606 4573 704 4629 Est
738 4561 923 4644 itaque
957 4578 1333 4646 manifestum,
1365 4581 1513 4651 quod
1548 4581 1864 4640 obscuratio
1910 4587 2110 4642 mentis

532 4674 620 4721 est
675 4667 878 4720 malum
914 4671 1100 4744 'menti
1156 4679 1212 4724 et
1259 4673 1730 4741 vituperandum:
1769 4677 2110 4746 azqttabilitas

532 4772 662 4811 vero
686 4763 772 4810 est
805 4758 1006 4811 bonum
1031 4765 1087 4812 et
1117 4759 1470 4817 laudandum.

603 4848 737 4902 Item
794 4865 918 4904 cum
969 4850 1186 4908 animus
1235 4864 1421 4907 nOSter
1454 4855 1616 4910 habet
1667 4859 1990 4927 appetitum,
2022 4861 2106 4916 vel

528 4943 907 4997 committendi
965 4944 1110 5012 quod
1146 4959 1254 4999 non
1288 4947 1463 5011 decet,
1493 4947 1578 5002 vel
1621 4950 1909 5006 omittendi
1959 4954 2102 5022 quod

528 5023 721 5099 decet,
762 5036 1067 5105 appelletur
1111 5037 1357 5093 maleﬁca
1417 5040 1692 5098 voluntas.
1730 5044 1867 5099 Cum
1921 5057 2102 5102 autem

528 5131 804 5195 appetitus
839 5129 1015 5182 tendit
1041 5129 1107 5183 ad
1159 5132 1430 5202 agendum
1465 5137 1610 5205 quod
1636 5137 1811 5205 decet,
1845 5150 1900 5195 et
1940 5144 2105 5196 relin-

526 5219 806 5285 quendutn
838 5221 980 5286 quod
1037 5237 1145 5276 non
1175 5223 1353 5292 decet,
1381 5229 1684 5298 appelletur
1718 5233 1957 5290 beneﬁca
2009 5253 2102 5291 vo-

526 5309 728 5363 luntas.

594 5399 687 5454 Est
717 5394 900 5471 itaque
944 5407 1320 5478 manifestum,
1375 5415 1519 5482 quod
1564 5417 1810 5473 maleﬁca
1845 5421 2097 5480 voluntas

519 5499 603 5543 est
637 5494 959 5561 simpliciter
1011 5501 1215 5554 malum
1253 5513 1305 5558 et
1342 5506 1761 5576 vituperandum
1796 5527 1808 5562 :
1854 5513 2093 5569 beneﬁca

519 5592 701 5638 autem
739 5585 998 5660 voluntas
1026 5601 1109 5647 est
1151 5595 1477 5665 simpliciter
1524 5602 1725 5655 bonum
1777 5617 1827 5658 et
1867 5607 2064 5662 laudati

517 5671 668 5732 dum.
699 5675 774 5732 Ex
813 5681 986 5737 tribus
1023 5693 1201 5740 tamen
1247 5693 1546 5762 st'gregatis
1581 5697 1755 5758 malis,
1795 5699 1836 5752 si
1877 5711 2085 5768 oportet

2213 3191 2378 3257 -.aliis,
2401 3194 2690 3249 minimum
2715 3196 2915 3251 bonum
2940 3208 3023 3254 est
3052 3201 3250 3256 mentis
3284 3203 3644 3272 aequabilitas.
3669 3205 3784 3259 llaec

2228 3286 2378 3339 enim
2411 3287 2536 3341 licet
2587 3303 2683 3356 per
2717 3305 2776 3344 se
2815 3291 3014 3346 bonum
3046 3293 3115 3347 sit
3151 3295 3342 3358 menti,
3396 3303 3454 3349 ut
3496 3311 3651 3352 mens
3683 3305 3781 3360 est,

2229 3382 2411 3428 tamen
2445 3378 2700 3444 scp’arata
2730 3394 2759 3433 a
2796 3395 2920 3433 vera
2948 3381 3014 3435 de
3039 3381 3267 3450 agendis
3313 3386 3574 3440 sententia
3607 3397 3660 3442 et
3693 3388 3782 3441 be-

2228 3467 2401 3520 neliea
2439 3469 2742 3535 voluntate,
2799 3473 2976 3541 quoad
3013 3475 3310 3531 exteriores
3365 3477 3626 3543 actiones,
3664 3479 3780 3532 nul-

2228 3553 2338 3606 lum
2369 3556 2571 3610 bonum
2603 3567 2706 3613 est.

2301 3644 2497 3698 Verum
2532 3657 2716 3702 autem
2748 3650 3014 3718 judicium
3075 3653 3140 3710 de
3173 3655 3332 3711 bonis
3387 3665 3439 3711 ct
3491 3659 3650 3714 malis
3689 3659 3783 3712 ali-

2211 3738 2549 3802 .quantulum
2574 3741 2751 3809 majus
2783 3743 2985 3797 bonum
3016 3754 3119 3808 est,
3153 3759 3462 3816 separatum
3490 3767 3516 3802 ιι
3555 3752 3775 3820 reliquis

2225 3825 2438 3882 duobus
2467 3828 2645 3884 bonis.
2672 3831 2803 3886 Nam
2829 3833 2991 3888 etiam
3025 3838 3266 3893 exterius
3293 3841 3494 3910 aliquid
3527 3843 3675 3908 boni,
3698 3844 3775 3896 in-

2225 3917 2434 3971 terdum
2465 3933 2560 3987 per
2583 3922 2836 3978 accidens
2869 3925 3048 3980 eﬁicit.
3075 3928 3328 3984 Omnium
3363 3948 3488 3987 vero
3517 3937 3772 4002 optitnnnt

2219 4021 2304 4063 est
2343 4010 2582 4066 beneﬁca
2636 4015 2906 4072 voluntas.
2942 4017 3008 4072 Et
3054 4036 3150 4090 per
3197 4037 3256 4076 se
3288 4024 3428 4078 enim
3465 4026 3660 4080 bonum
3695 4036 3773 4082 est

2219 4101 2426 4168 animo,
2461 4115 2516 4158 et
2550 4116 2802 4175 separata
2830 4124 2860 4162 a
2891 4111 3114 4180 reliquis
3133 4113 3347 4171 duobus
3378 4118 3551 4183 bonis,
3576 4122 3766 4174 multas

2222 4200 2403 4248 tamen
2435 4194 2610 4253 bonas
2642 4199 2887 4255 actiones
2925 4205 3171 4260 exterius
3188 4208 3407 4278 gignere
3439 4221 3634 4280 potest.

2420 4309 2550 4364 CAP.
2593 4309 2681 4367 ιν.
2726 4312 2967 4384 Bene/ica
2998 4317 3238 4372 voluntas
3269 4323 3571 4392 qttoluplex.

2145 4430 2189 4486 ι)
2231 4423 2236 4428 ’
2289 4421 2383 4476 Est
2434 4431 2615 4476 autem
2669 4425 2867 4494 duplex
2913 4428 3151 4485 beneﬁca
3185 4435 3480 4492 voluntas:
3518 4453 3620 4492 una
3651 4455 3766 4509 qua:

2219 4519 2479 4566 causatur
2523 4513 2592 4567 ab
2620 4514 2806 4582 aliquo
2855 4520 3139 4586 repentino
3189 4524 3573 4593 caliginiosove
3604 4530 3763 4582 animi

2221 4611 2365 4655 motu
2397 4622 2410 4656 :
2438 4619 2558 4672 quae
2586 4605 2834 4661 similiter
2866 4614 3040 4665 oritur
3068 4623 3122 4668 ει
3153 4617 3373 4680 occidit,
3419 4619 3559 4673 sicut
3597 4622 3646 4673 in
3681 4622 3765 4675 hu-

2219 4694 2351 4747 titiis
2379 4695 2880 4768 misericordiisque
2915 4686 3058 4771 εαξρε
3084 4706 3302 4760 accidit.
3327 4707 3443 4763 Alia
3475 4720 3556 4763 est
3587 4712 3762 4764 animo

2217 4783 2383 4838 insita
2416 4797 2469 4838 et
2501 4803 2845 4854 permanens,
2880 4801 2934 4844 et
2972 4807 3000 4845 a
3032 4795 3147 4847 viva
3179 4807 3339 4865 atque
3376 4799 3574 4853 eﬁicaei
3608 4804 3763 4854 ratio-

2215 4890 2282 4928 ne
2317 4875 2601 4942 pendens:
2640 4893 2761 4941 qua:
2789 4882 2855 4933 de
2892 4881 3064 4938 tribus
3096 4887 3389 4954 propositis
3419 4890 3614 4957 Optima
3663 4901 3760 4944 est.

2213 4989 2342 5043 Car.
2413 4988 2677 5070 \i.___Num
2733 4998 2836 5070 Irin
2907 4999 3197 5070 prmdicta,
3245 5017 3420 5054 rerum
3468 5003 3761 5070 judicium,

2283 5062 2623 5137 aequabilitas
2656 5067 2845 5137 utentis
2889 5062 2938 5119 et
2987 5062 3212 5137 beneﬁcii
3242 5062 3485 5126 voluntas
3526 5075 3677 5127 simul
3714 5062 3760 5126 ιιι

2283 5133 2481 5195 animo,
2519 5142 2612 5185 aut
2641 5136 2922 5201 appetitiva
2943 5139 3006 5200 ri,
3035 5133 3344 5194 concurrere
3371 5144 3589 5210 possint.

2283 5245 2428 5301 Cum,
2443 5248 2632 5314 itaque
2657 5263 2718 5299 ex
2755 5251 3130 5319 superioribus
3161 5254 3518 5312 divisionibus
3539 5259 3634 5312 tria
3652 5261 3756 5312 sint

2207 5348 2394 5392 n0tata
2430 5338 2752 5402 simpliciter
2783 5342 2944 5407 bona,
2968 5351 3022 5397 et
3050 5344 3317 5400 laudanda
3359 5348 3408 5400 in
3453 5350 3629 5402 animo
3668 5367 3758 5401 no-

2205 5439 2343 5493 stro,
2365 5429 2574 5484 scilicet
2607 5447 2794 5485 verum
2814 5435 3079 5502 judicium
3114 5438 3318 5492 bonoru
3348 5459 3375 5490 ιι
3399 5443 3751 5506 etmalorum,

2202 5533 2249 5576 et
2297 5524 2577 5592 anmalit-13
2626 5526 2847 5591 mentis,
2905 5537 2957 5580 et
3015 5530 3249 5584 beneﬁca
3282 5533 3552 5601 voluntas,
3587 5546 3751 5604 potest

2203 5616 2342 5676 lieri,
2378 5627 2436 5672 ut
2483 5631 2608 5670 cum
2651 5621 2940 5687 appetitiva
2983 5623 3064 5677 vis
3098 5624 3166 5678 sit
3225 5625 3276 5679 in
3331 5628 3554 5695 agendo,
3593 5626 3746 5699 simul

2203 5708 2454 5775 praedicta
2489 5710 2589 5764 tria
2629 5712 2765 5768 l;o::a
2803 5713 2856 5768 in
2895 5716 3077 5771 anim-0
3108 5729 3431 5773 concurrant
3464 5739 3478 5773 :
3510 5729 3563 5775 ut
3615 5717 3748 5788 quod
