4064 6456
340 340 482 416 1357

1410 326 1458 398 Ε
1473 339 1702 398 I‘HICA
1726 338 2149 399 SECUNDUM
2186 335 2526 397 STOICOS.

2213 205 2281 220 .\‘

3459 334 3594 401 1358

333 462 540 531 placet,
571 454 657 513 vel
678 454 953 526 displicet,
985 463 1039 509 et
1074 467 1196 509 vere
1223 451 1530 523 judicatum
1564 453 1654 520 sit,
1679 462 1733 509 et
1759 468 1914 508 mens
1946 463 1989 515 Α
2020 451 2331 506 obscuratio
2365 453 2588 515 mentis,
2640 465 2763 505 cum
2799 465 2927 506 vero
2965 451 3175 520 judicio
3224 449 3426 518 objecti
3467 453 3594 506 boni

336 553 577 620 aliquam
611 547 996 619 caligationcm
1035 562 1141 602 non
1172 546 1442 610 incurrat,
1471 554 1527 600 et
1545 545 1790 601 benefica
1823 563 1916 600 vo-

333 641 518 698 luntas
551 640 607 694 in
635 640 820 694 animo
859 639 954 694 sit.
986 636 1144 703 Quod
1177 651 1303 691 cum
1336 637 1421 701 fit,
1476 635 1790 691 eob‘stantia
1818 652 1915 705 ap-

335 734 592 805 pellatur.
629 733 810 787 Potest
853 731 1000 783 enim
1052 728 1192 794 fieri,
1234 736 1295 783 ut
1330 728 1583 798 opposita
1625 727 1747 782 istis
1776 742 1912 781 con-

339 824 552 892 tingant
590 840 603 875 :
647 831 707 876 ut
755 832 808 876 et
845 820 988 875 male
1028 820 1096 874 de
1130 818 1361 888 objectis
1410 820 1630 882 sentiat,
1681 828 1738 872 et
1767 818 1913 873 acies

336 917 537 970 mentis
567 912 992 970 Obuntbratione
1022 911 1380 977 obtundatur,
1413 919 1467 965 et
1512 911 1766 965 voluntas
1794 925 1915 963 ma-

337 1008 492 1062 lefica
527 1009 675 1064 insit.
704 1004 892 1062 Potest
915 1012 1047 1061 vero
1069 1003 1210 1073 fieri,
1247 1003 1396 1072 quod
1425 1004 1536 1058 duo
1565 1003 1676 1058 sint
1705 1019 1771 1058 ex
1801 1010 1917 1056 m'a-

338 1099 410 1154 lis
443 1109 496 1154 et
534 1115 704 1154 unum
736 1114 804 1153 ex
837 1098 1038 1164 bonis;
1083 1093 1230 1164 quod
1265 1093 1555 1164 triplici'ter
1583 1095 1783 1148 variari
1819 1109 1915 1163 pO-

339 1201 466 1257 test,
492 1192 574 1246 vel
601 1209 630 1245 e
659 1205 962 1256 converso;
996 1193 1104 1243 duo
1133 1203 1199 1242 ex
1217 1187 1400 1254 bonis,
1427 1202 1594 1241 unum
1624 1202 1689 1242 ex
1718 1187 1913 1246 malis;

338 1285 482 1352 quod
518 1283 776 1337 similiter
814 1281 1102 1352 tripliciter
1129 1281 1207 1335 fit.

453 1395 584 1451 CAP.
619 1396 706 1450 VI.
741 1394 1135 1450 Prwdictorum
1158 1403 1353 1463 septem
1387 1392 1795 1462 complexiones.

315 1506 326 1512 '
407 1505 613 1562 Praeter
669 1507 833 1577 igitur
875 1507 1244 1562 constantiam
1282 1514 1490 1577 septem
1541 1507 1734 1560 borum
1779 1505 1918 1560 ﬁunt

335 1599 763 1668 complexiones.
791 1597 1116 1653 Constantia
1146 1613 1365 1668 nempe,
1408 1598 1535 1668 quia
1567 1598 1916 1668 aequabilitas

2022 543 2106 597 vel
2142 543 2294 607 mali,
2328 553 2382 598 et
2433 541 2675 598 benefica
2708 545 3016 600 voluntate.
3049 545 3179 610 Quae
3228 554 3495 613 quantum
3529 549 3596 600 ad

2019 635 2322 691 exteriores
2359 636 2625 700 actiones,
2660 638 2704 692 si
2739 639 2900 692 modo
2936 638 2988 691 in
3038 639 3120 692 eis
3149 631 3444 696 conservet
3487 655 3601 692 mo-

2016 721 2384 789 dioeritatetn,
2419 740 2676 794 magnum
2713 729 2915 782 bonum
2958 739 3061 784 est.
3122 762 3124 764 τ

2091 814 2343 870 Secunda
2371 817 2463 882 sit,
2495 833 2615 887 qua
2645 829 2731 874 est
2761 821 3078 877 obscuratio
3111 825 3310 878 mentis
3340 839 3464 878 cum
3495 823 3598 878 fal-

2018 918 2074 959 sa
2099 908 2357 976 Opinione
2385 914 2440 964 'et
2471 911 2710 965 benefica
2743 914 3042 969 voluntate.

2091 993 2277 1048 Tertia
2308 1000 2398 1062 sit,
2433 1013 2556 1068 qua:
2590 1009 2675 1054 est
2721 1003 3036 1058 obscuratio
3079 1006 3278 1079 mentis
3308 1023 3432 1060 cum
3469 1025 3598 1065 vero

2014 1083 2224 1154 judicio
2255 1094 2308 1140 et
2346 1089 2591 1142 malefica
2626 1091 2923 1147 voluntate.

2089 1173 2294 1239 Quarta
2320 1177 2411 1242 sit,
2447 1194 2569 1246 quae
2604 1193 2686 1234 est
2721 1181 3038 1236 obscuratio
3067 1184 3266 1239 mentis
3301 1203 3424 1239 cum
3460 1189 3597 1243 falsa

2018 1263 2278 1331 opinione
2311 1276 2367 1320 et
2393 1268 2636 1325 malefica
2679 1270 2978 1326 voluntate.
3025 1274 3156 1339 Qua:
3203 1278 3446 1344 omnium
3479 1294 3601 1347 pcr-

2020 1356 2395 1414 turbationum
2425 1371 2509 1416 est
2534 1364 2796 1432 pessima,
2828 1367 2970 1420 sicut
2999 1384 3162 1436 supra
3198 1381 3447 1453 notatum
3476 1384 3581 1427 ρει.

2289 1449 2418 1526 CAP.
2457 1473 2526 1531 X.
2559 1473 2886 1546 Earumdem
2915 1481 3100 1536 divisio
3134 1449 3324 1538 altera.

2085 1583 2221 1640 Item
2251 1589 2552 1644 secundum
2588 1592 2749 1646 aliam
2784 1595 3135 1661 divisionem,
3165 1611 3405 1670 quatuor
3436 1620 3600 1672 gene-

335 1691 539 1743 mentis
564 1691 617 1743 in
647 1699 770 1745 actu
800 1689 1130 1759 appetitivae,
1159 1704 1285 1744 cum
1311 1703 1438 1744 vera
1469 1689 1665 1759 objecti
1695 1699 1902 1744 senten-

2017 1689 2078 1730 ra
2104 1679 2579 1745 perturbationum
2623 1693 2772 1738 sunt.
2801 1688 2940 1752 Quia
2980 1690 3126 1746 enim
3173 1695 3352 1747 omnis
3384 1708 3600 1764 pertur-

334 1781 430 1843 ua,
462 1791 516 1836 et
549 1781 794 1836 beneﬁca
841 1781 1148 1844 mmmam,
1189 1795 1298 1836 non
1355 1779 1583 1834 dubium
1614 1788 1720 1846 ρει,
1777 1781 1909 1850 quin
1941 1807 1990 1868 Β
2017 1769 2166 1868 batio
2197 1781 2279 1824 est
2309 1771 2619 1828 obscuritas
2675 1779 2896 1842 mentis,
2953 1794 3207 1848 suscepta
3237 1800 3301 1837 ex
3333 1787 3594 1854 opinione

331 1873 663 1944 simpliciter
693 1874 897 1929 bonum
941 1881 998 1930 et
1029 1872 1306 1928 laudabile
1359 1873 1452 1928 sit.
1489 1871 1556 1927 Et
1604 1873 1730 1942 quia
1766 1873 1910 1928 sicut

331 1968 385 2019 in
415 1965 590 2034 prima
620 1974 778 2036 parte
808 1963 1209 2035 praedetinitum
1240 1973 1347 2031 est,
1386 1964 1666 2019 beatitudo
1694 1974 1780 2020 est
1809 1979 1910 2021 cu-

331 2056 536 2111 mulata
589 2056 894 2126 complexio
929 2056 1177 2111 omnium
1216 2055 1486 2111 bonorum
1546 2055 1810 2123 hominis,
1848 2067 1909 2112 ut

330 2149 498 2202 homo
521 2157 623 2203 est.
655 2147 750 2204 Est
784 2156 966 2204 autem
997 2157 1056 2203 et
1085 2149 1205 2219 ipsa
1232 2149 1569 2214 constantia,
1601 2150 1906 2205 secundum

328 2238 667 2307 assignatum
703 2253 951 2306 sensum,
981 2240 1187 2294 bonum
1222 2239 1485 2306 hominis,
1519 2250 1578 2296 ut
1608 2241 1775 2296 homo
1800 2247 1904 2298 est.

327 2327 424 2382 Ille
455 2344 588 2399 ergo
625 2344 790 2399 quem
826 2329 1147 2399 quaerimus,
1200 2345 1364 2398 quem
1412 2330 1656 2401 perfecte
1687 2332 1904 2387 beatum

330 2418 712 2489 intelligimus,
746 2436 1092 2492 nequaquam
1128 2423 1335 2478 carebit
1381 2426 1707 2480 constantiae
1737 2425 1904 2481 bono.

331 2510 560 2580 Semper
593 2512 760 2581 igitur
791 2522 1052 2570 constans
1105 2517 1229 2570 erit.

515 2625 644 2681 CAP.
674 2626 788 2681 VII.
829 2629 926 2703 De_
947 2632 1480 2697 perturbationibus;
1513 2641 1564 2688 et
1587 2649 1706 2703 quin

712 2700 1147 2767 perturbationes
1179 2703 1531 2772 appellentur.

403 2805 475 2862 De
506 2817 710 2881 septem
745 2813 1227 2883 complexionibus
1260 2817 1388 2884 illae,
1425 2819 1626 2888 quibus
1654 2833 1906 2890 compre-

333 2899 592 2954 benditur
624 2901 944 2958 obscuratio
997 2907 1218 2974 mentis,
1275 2909 1424 2978 quod
1475 2910 1905 2979 quadrupliciter

327 2991 636 3059 contingit,
701 2996 1146 3062 perturbationes
1217 3000 1585 3068 appellantur.
1655 3001 1900 3066 Quarum

325 3081 547 3150 quidem
574 3085 812 3152 pessima
846 3095 949 3152 est,
981 3102 1104 3143 cum
1160 3091 1233 3143 ita
1270 3091 1466 3159 placet,
1505 3100 1601 3146 aut
1645 3091 1900 3161 displicet

323 3176 483 3230 nobis
509 3176 716 3247 aliqttid
758 3195 772 3232 :
805 3189 864 3233 ut
896 3194 1020 3235 cum
1070 3181 1462 3238 obscuratione
1490 3186 1691 3239 mentis
1718 3185 1791 3239 sit
1844 3186 1897 3240 in
1927 3170 1971 3231 α
2077 3205 2420 3263 υθίίηίειηω.
2450 3211 2463 3262 ε

317 3267 512 3322 animo
540 3277 593 3323 et
625 3268 761 3325 falsa
790 3271 980 3341 opinio
1009 3273 1232 3344 objecti,
1262 3283 1317 3329 et
1347 3275 1591 3330 maleﬁca
1627 3275 1696 3330 ad
1733 3291 1901 3347 agen-

321 3357 453 3412 dum
491 3360 764 3418 voluntas.
806 3361 987 3420 Minus
1019 3377 1148 3421 vero
1185 3366 1326 3421 mala
1367 3376 1470 3435 est,
1509 3370 1728 3438 quando
1775 3385 1898 3434 cum

321 3452 712 3510 obscuratione
759 3457 981 3523 mentis,
1028 3474 1195 3512 unum
1248 3459 1593 3530 reliquorum
1628 3461 1898 3518 malorum

321 3544 485 3606 inest,
519 3555 571 3598 et
605 3546 715 3601 alio
769 3549 988 3604 animus
1033 3559 1212 3606 vacat.
1269 3552 1425 3616 Quod
1473 3553 1765 3622 dupliciter
1801 3553 1898 3620 fit;

321 3636 412 3688 illa
452 3649 578 3689 \ero
611 3637 952 3704 perturbatio
992 3638 1280 3696 minimum
1321 3641 1526 3696 malum
1553 3653 1658 3706 est,
1698 3642 1752 3696 in
1789 3657 1898 3712 qua

321 3725 638 3780 obscuratio
697 3727 893 3783 mentis
927 3743 1050 3784 cum
1099 3745 1235 3786 vera
1269 3733 1541 3788 sententia
1570 3734 1718 3790 illius
1749 3737 1897 3805 quod

319 3817 499 3886 placet
531 3819 612 3874 vel
645 3819 893 3899 oaendit,
924 3833 978 3878 et
1006 3825 1252 3882 benefica
1290 3827 1358 3882 ad
1392 3827 1667 3884 actionem
1697 3831 1898 3885 volun-

317 3917 449 3976 tate,
483 3911 790 3982 fconjuncta
825 3927 930 3970 est.
978 3914 1160 3981 Quare
1189 3919 1234 3974 si
1269 3919 1429 3989 quis,
1465 3935 1589 3974 cum
1638 3918 1897 3977 esset'ita

318 3999 639 4070 dispositus,
678 4013 738 4057 ut
769 4005 1078 4061 incurreret
1111 4007 1256 4061 illam
1285 4009 1583 4079 pessimam
1612 4014 1899 4081 perturba-

317 4093 524 4147 tionem
551 4135 567 4161 ,
605 4097 836 4152 mutavit
866 4113 1021 4153 suam
1052 4099 1323 4168 ejusmodi
1369 4103 1792 4173 dispositionem
1829 4106 1896 4160 ad

318 4182 464 4238 hanc
491 4187 984 4252 perturbationem,
1017 4205 1180 4260 quam
1208 4193 1496 4248 minimum
1533 4195 1735 4250 malum
1772 4212 1898 4253 esse

315 4273 432 4328 disi
467 4292 480 4328 :
519 4290 626 4330 non
657 4292 850 4347 parum
879 4281 1182 4337 melioravit
1221 4300 1377 4339 suum
1411 4285 1680 4341 animum.

481 4390 610 4446 CAP.
658 4391 792 4448 VIII.
838 4392 961 4448 Tres
1002 4399 1385 4471 complexiones
1420 4401 1636 4471 reliqua:
1670 4403 1741 4457 ad

953 4467 1076 4534 quid
1103 4471 1280 4523 utiles.

393 4549 618 4605 Restant
666 4562 776 4607 tres
804 4556 1238 4624 complexiones,
1275 4569 1475 4628 praeter
1522 4565 1890 4618 constantiam

313 4655 364 4694 (ιι
388 4642 841 4712 qttadripartitatn
868 4647 1360 4714 perturbationem.
1393 4649 1532 4716 Una,
1557 4667 1679 4707 cum
1705 4669 1890 4722 aequa-

316 4735 500 4788 bititas
537 4737 732 4790 mentis
789 4736 860 4790 sit
891 4739 1164 4794 associata
1217 4754 1341 4794 cum
1374 4741 1509 4798 falsa
1542 4743 1804 4813 opinione
1837 4757 1892 4802 et

315 4826 560 4879 malo-lica
593 4827 896 4893 voluntate,
938 4845 1060 4898 quae
1083 4833 1387 4902 appellatur
1417 4835 1729 4905 elythiotes.
1765 4839 1890 4896 (Ve-

308 4917 510 4979 sauia.)

385 5008 661 5074 Secunda,
695 5027 819 5066 cum
851 5015 1194 5083 aequabilitas
1231 5021 1429 5075 mentis
1463 5021 1599 5077 falsa
1629 5025 1888 5092 opinione

307 5111 483 5165 caret,
521 5102 769 5158 maleﬁca
798 5120 925 5158 vero
951 5107 1232 5164 voluntate
1254 5126 1365 5165 non
1394 5130 1406 5166 :
1437 5128 1558 5183 qum
1581 5117 1886 5184 appellatur

309 5193 539 5247 Ittalitia.

383 5279 567 5339 Tertia
601 5295 703 5350 est,
728 5291 1220 5359 cum-aequabilitas
1245 5297 1444 5352 mentis
1468 5309 1616 5354 caret
1636 5303 1881 5359 malefica

303 5373 627 5440 voluntate;
663 5377 825 5432 habet
849 5389 1030 5435 tamen
1070 5383 1138 5437 de
1178 5386 1392 5454 Objecto
1439 5387 1630 5444 falsam
1666 5394 1882 5461 Opinio-

302 5467 428 5519 nem
465 5484 475 5518 :
503 5481 624 5537 quae
658 5469 857 5524 dicitur
883 5472 1042 5528 afelia
1085 5475 1484 5550 (simplicitas).

591 5579 718 5636 CAP.
761 5581 851 5638 IX.
889 5585 1356 5656 Perturbationum
1384 5595 1594 5652 divisio.

375 5669 448 5723 De
479 5674 987 5740 perturbationibus
1012 5691 1215 5749 autem,
1246 5685 1507 5755 quoniam
1554 5690 1876 5764 quadrupli-

300 5761 438 5814 citer
473 5764 780 5833 variantur,
814 5781 866 5823 ut
912 5772 1114 5829 dictum
1143 5788 1224 5833 est
1249 5821 1262 5846 ,
1311 5780 1487 5850 prima
1525 5785 1612 5846 sit,
1645 5803 1763 5857 qum
1793 5800 1875 5845 est

2014 1864 2144 1921 boni
2183 1869 2470 1938 placentis,
2504 1875 2587 1927 vel
2617 1875 2743 1927 mali
2764 1875 3095 1933 offendentis
3127 1897 3139 1932 :
3181 1881 3321 1936 bona
3349 1885 3595 1945 verovrl

2014 1959 2176 2023 mala,
2219 1977 2341 2030 qua:
2376 1963 2586 2019 homini
2617 1968 2903 2035 eveniunt,
2932 1978 3027 2024 aut
3053 1983 3180 2025 sunt
3205 1973 3318 2042 jam
3353 1978 3599 2043 pra-teri-

2012 2056 2090 2114 ta,
2121 2060 2216 2105 aut
2246 2056 2555 2122 praesentia,
2606 2067 2700 2112 aut
2737 2057 2919 2113 futura
2955 2078 2968 2114 :
3007 2062 3096 2116 illa
3131 2062 3352 2132 quidem
3383 2077 3596 2135 pertur-

2011 2141 2184 2210 batio,
2219 2162 2344 2215 quae
2373 2151 2610 2217 percutit
2641 2159 2694 2205 et.
2723 2152 2982 2220 caliginat
3013 2157 3258 2211 animum
3288 2175 3350 2213 ex
3383 2161 3596 2228 Opinio-

2011 2251 2082 2291 ne
2112 2240 2394 2306 praateriti,
2429 2241 2514 2296 vel
2553 2237 2839 2311 praesentis
2868 2246 3020 2311 mali,
3047 2247 3249 2301 dicitur
3301 2249 3589 2320 aegritudo.

2011 2329 2142 2396 Quae
2177 2333 2221 2387 si
2259 2334 2426 2388 nimia
2481 2345 2587 2399 est,
2622 2338 2826 2392 dicitur
2873 2356 3083 2409 angor;
3116 2333 3161 2395 si
3205 2357 3337 2397 vero
3372 2360 3438 2398 ex
3470 2346 3593 2414 Opi-

2011 2429 2177 2486 nione
2214 2428 2552 2500 suscipiatur
2591 2430 2785 2497 futuri,
2822 2434 3027 2488 dicitur
3064 2446 3238 2491 metus
3285 2438 3369 2491 vel
3403 2440 3588 2511 timor.

2081 2522 2214 2577 Item
2240 2524 2285 2578 si
2317 2522 2578 2593 Opinione
2605 2527 2866 2595 praeteriti
2901 2528 2980 2582 vel
3005 2518 3290 2598 praesentis
3312 2530 3438 2585 boui
3463 2549 3594 2587 con-

2013 2615 2192 2686 tingit,
2228 2616 2395 2670 multa
2432 2617 2652 2696 quidem
2700 2620 2953 2696 nomina,
3005 2634 3196 2688 parum
3250 2623 3588 2690 dinei-entia,

2010 2715 2071 2761 ut
2102 2707 2312 2768 latitia,
2338 2690 2682 2776 iucunditas,
2712 2693 3003 2766 delectatio
3041 2724 3096 2766 et
3123 2714 3250 2780 alia,
3279 2715 3373 2769 sed
3411 2731 3511 2770 suo
3538 2733 3595 2771 a—

2010 2805 2101 2852 tur
2132 2798 2320 2852 laetitia
2351 2817 2364 2865 ;
2395 2800 2440 2854 si
2465 2815 2597 2855 vero
2623 2816 2683 2855 ex
2706 2803 2969 2871 Opinione
2997 2802 3165 2858 futuri
3201 2807 3350 2868 boni,
3390 2809 3594 2863 dicitur

2009 2890 2308 2958 cupiditas,
2345 2901 2394 2945 et
2427 2891 2602 2946 libido
2641 2894 2722 2946 vel
2755 2893 3114 2949 desiderium.
3141 2895 3387 2952 Vertitur
3426 2900 3590 2956 etiam

2009 2981 2063 3034 in
2096 2982 2334 3049 opinatis
2369 2982 2529 3039 bonis
2553 2985 2774 3040 dilectio
2803 2998 2858 3041 et
2889 3003 3065 3041 amor.
3103 2982 3110 2992 ’

2269 3094 2398 3149 CAP.
2426 3095 2520 3152 XI.
2554 3097 3023 3157 Perturbationum
3051 3105 3312 3173 definitio.

2471 3211 2616 3279 gitur
2644 3212 2750 3268 ista
2775 3224 3014 3283 quatuor
3041 3233 3242 3288 genera
3271 3221 3371 3276 sic.
3403 3221 3590 3292 Egi-i-

2007 3299 2138 3354 tudo
2173 3309 2258 3356 est
2304 3306 2645 3370 perturbatio
2681 3307 2874 3372 animi,
2911 3325 2979 3364 ex
3009 3311 3271 3378 opinione
3307 3318 3590 3384 prmscntis

2004 3388 2088 3442 vel
2122 3392 2384 3458 praeteriti
2419 3394 2571 3459 mali,
2603 3397 2862 3452 mordens
2907 3400 3150 3456 animum
3180 3415 3235 3458 et
3269 3407 3584 3464 demittens.

2003 3478 2198 3545 Metus,
2233 3495 2317 3538 est
2349 3488 2696 3554 perturbatio
2751 3491 2922 3545 animi
2961 3507 3028 3546 ex
3071 3497 3332 3563 opinione
3373 3501 3587 3570 impen-

2003 3571 2187 3628 dentis
2221 3575 2373 3639 mali,
2399 3576 2725 3635 humilitatis
2759 3591 2922 3651 atque
2953 3584 3210 3656 frangens
3237 3591 3506 3659 animum,
3533 3607 3588 3649 et

2002 3679 2286 3722 recessum
2354 3673 2649 3740 quemdam
2697 3683 2760 3728 et
2802 3675 2982 3745 fugam
3013 3680 3184 3736 animi
3232 3682 3496 3748 elﬁciens,
3533 3699 3615 3742 ct'

2000 3757 2067 3809 ad
2097 3749 2644 3817 declinandum‘illud
2678 3768 2822 3835 quod
2850 3771 3136 3838 metuitur,
3174 3774 3448 3832 hominem
3480 3782 3583 3832 im-

2000 3847 2230 3918 pellens.
2269 3850 2478 3908 Latitia
2520 3865 2603 3910 est
2636 3861 2980 3926 perturbatio
3021 3865 3191 3920 animi
3220 3881 3285 3922 ex
3321 3871 3583 3937 OpiniOoc

2000 3942 2264 4007 praeteriti
2297 3945 2381 4000 vel
2404 3949 2690 4016 praesentis
2711 3951 2838 4005 boni
2866 3969 2880 4018 ;
2915 3957 3071 4023 quasi
3101 3973 3223 4011 cum
3259 3962 3476 4017 animus
3501 3945 3582 4019 cf;

1999 4028 2124 4086 fuse
2151 4034 2415 4102 exsultat,
2470 4041 2730 4107 quaedam
2769 4044 3024 4116 voluptas
3054 4050 3300 4119 gestiens
3333 4064 3386 4108 et
3410 4056 3576 4122 elata,

2002 4123 2279 4191 perfusam
2321 4129 2652 4187 hilaritatem
2687 4134 2950 4192 efﬁciens.
3011 4139 3206 4198 Libido
3233 4156 3318 4199 cst
3359 4157 3579 4215 pertur-

2000 4214 2150 4270 batio
2190 4219 2383 4284 animi,
2440 4239 2504 4276 ex
2538 4225 2799 4294 Opinione
2839 4229 3008 4286 futuri
3042 4234 3193 4301 boni,
3246 4254 3368 4292 cum
3400 4242 3465 4294 ad
3500 4243 3590 4307 id,

1999 4308 2147 4376 quod
2182 4311 2402 4367 videtur
2458 4317 2686 4383 bonum,
2728 4321 3061 4380 inﬂammata
3110 4330 3379 4398 rapiatur.
3439 4335 3580 4389 Sunt

2001 4401 2169 4470 igitur
2193 4406 2535 4476 singulorum
2564 4428 2825 4481 generum
2850 4420 3033 4473 multtc
3065 4431 3119 4474 et
3143 4425 3308 4480 varia:
3327 4431 3574 4498 species:

1927 4508 1973 4567 υ
2001 4511 2136 4563 quas
2170 4513 2278 4552 non
2317 4510 2400 4555 cst
2436 4508 2810 4562 necessarium
2843 4515 3097 4580 praesenti
3142 4530 3306 4584 Opere
3333 4521 3578 4577 discute-

1999 4603 2078 4651 re,
2117 4591 2210 4643 sed
2253 4600 2462 4648 tantum
2531 4599 2583 4650 in
2645 4601 2726 4654 eis
2778 4606 3076 4659 nOtandum
3115 4608 3206 4675 sit,
3264 4613 3411 4680 quod
3449 4627 3580 4670 sunt

1997 4680 2243 4749 quaedam
2298 4702 2420 4755 quae
2474 4705 2582 4744 non
2642 4705 2876 4760 possunt
2913 4699 3138 4767 variari,
3207 4719 3304 4772 per
3334 4717 3576 4776 quatuor

1995 4775 2198 4842 gradus
2238 4781 2492 4850 superius
2531 4784 2862 4854 assignatos,
2899 4793 2992 4845 sed
3047 4793 3100 4847 in
3132 4811 3303 4850 unum
3363 4809 3572 4854 tantmn

1993 4870 2218 4935 cadunt,
2255 4871 2308 4926 in
2351 4891 2462 4942 quo
2517 4878 2836 4936 οϋειςυηηὶο
2904 4887 3106 4941 mentis
3155 4900 3241 4943 est
3302 4893 3570 4948 associata

1994 4973 2119 5014 cum
2153 4961 2287 5017 falsa
2327 4967 2586 5032 Opinione
2616 4979 2673 5024 et
2705 4974 2948 5028 malefica
2986 4978 3303 5045 voluntate;
3333 4984 3425 5050 qui
3458 4999 3572 5035 mo-

1992 5053 2094 5107 dus
2146 5055 2394 5111 omnium
2427 5068 2544 5114 erat
2599 5065 2898 5131 pessimus.
2929 5069 3088 5125 Tales
3125 5074 3570 5138 perturbationes

1991 5143 2179 5214 itaque
2209 5157 2357 5213 sunt,
2396 5160 2455 5204 ut
2508 5153 2561 5206 in
2603 5170 2804 5224 genere
2861 5162 3224 5226 aegritudinis,
3261 5166 3566 5221 invidentia

1988 5245 2042 5290 et
2077 5238 2403 5295 obtrectatio
2437 5258 2451 5296 :
2489 5253 2543 5297 et
2576 5245 2631 5298 in
2680 5263 2877 5315 genere
2918 5252 3138 5315 ltetitire,
3176 5255 3564 5323 rnalivolcntia,

1982 5329 2212 5398 jactatio
2247 5342 2300 5388 et
2335 5338 2590 5404 superbia
2628 5356 2642 5393 :
2698 5341 2750 5394 in
2790 5357 2989 5413 genere
3023 5345 3286 5411 libidinis,
3327 5349 3566 5404 inimici-

1985 5423 2080 5487 tia,
2113 5425 2410 5506 discordia.
2458 5427 2550 5484 Ila:
2580 5433 2726 5486 enim
2765 5449 2830 5488 ex
2869 5435 3146 5506 Opinionis
3177 5454 3387 5504 errore,
3417 5459 3566 5496 sem-

1986 5529 2100 5583 per,
2135 5527 2188 5569 et
2219 5498 2465 5575 malefica
2502 5524 2780 5578 voluntate
2812 5525 3054 5580 animum
3091 5533 3437 5598 perturbant.

2054 5605 2192 5662 Sunt
2213 5611 2338 5663 item
2372 5612 2512 5679 alim,
2537 5631 2658 5684 qua:
2692 5631 2786 5684 per
2813 5633 3004 5674 omnes
3026 5623 3316 5676 variantur
3341 5628 3564 5693 gradus,

1984 5710 2042 5753 ut
2081 5703 2484 5770 misericordia,
2541 5709 2886 5777 poenitentia,
2929 5713 3030 5779 ira,
3064 5729 3242 5783 amor,
3295 5727 3348 5771 et
3398 5720 3592 5778 imum,

1982 5792 2271 5850 merabilcs
2301 5797 2441 5853 alite.
2463 5799 2618 5866 Nam,
2650 5811 2706 5855 ut
2733 5818 2830 5871 pro
2854 5805 3112 5861 Omnibus
3135 5807 3201 5863 de
3233 5824 3337 5863 una
3361 5809 3559 5878 dicam,
