4064 6462
557 265 726 331 -1359

1717 275 2112 342 BARLAAMI
2141 279 2241 345 DE
2273 282 2703 347 SEMINARIA

3685 281 3815 350 1360

556 399 711 440 ’ϐυιη
748 384 821 438 Si!
858 383 1242 440 Illiéericortlia
1273 386 1542 457 aegritudo
1590 391 1760 446 animi
1791 407 1857 448 ex
1903 387 2163 463 opi'nmne
2190 397 2235 459 Α
2267 397 2339 451 ita
2373 405 2430 453 ut
2471 413 2599 453 vere
2651 371 2954 469 iudicatum
3008 397 3079 454 sit
3117 397 3342 463 bonum,
3375 405 3430 452 et
3467 396 3612 454 acies
3639 398 3818 454 mentis

588 478 825 534 miserias
857 482 1084 537 alterius
1119 481 1325 550 injuria
1355 483 1680 551 laborantis,
1710 493 1889 554 pOtest
1922 487 2062 552 ﬁeri,
2106 495 2168 542 ut

573 573 680 642 qui
716 574 1092 642 perturbatur,
1123 590 1222 629 nec
1261 590 1387 631 vere
1417 577 1679 646 opinatus
1711 578 1784 634 sit
1816 580 1885 635 de
1917 580 2063 636 malo
2090 581 2172 635 al-

584 665 788 729 terius,
838 681 938 720 nec
978 666 1276 722 beneﬁcam
1315 667 1381 722 ad
1438 667 1835 738 adjuvandum,
1886 686 2011 726 cum
2051 687 2174 741 pos-

593 764 701 817 set,
739 755 1076 810 voluntatem
1132 757 1349 812 habeat.
1387 757 1576 816 Potest
1611 771 1794 816 autem
1850 761 1988 827 ﬁeri,
2023 771 2083 816 ut
2117 763 2172 816 in

593 846 851 915 opinione
886 847 1032 901 illius
1054 849 1276 913 quidem
1308 851 1450 918 quod
1477 852 1782 920 perturbat,
1809 868 1917 908 non
1949 851 2174 908 falsetur

595 939 648 992 in
679 939 980 1008 opinando,
1014 940 1214 994 habeat
1254 950 1435 997 tamen
1470 945 1536 998 ad
1569 944 1940 1014 adjuvandum
1972 944 2178 998 beneﬁ-

592 1047 712 1085 cam
764 1033 1126 1088 voluntatem.
1164 1031 1351 1089 Potest
1379 1051 1510 1091 vero
1563 1035 1705 1100 ﬁeri,
1759 1045 1817 1091 ut
1859 1036 2176 1092 obscuratio

595 1128 817 1188 mentis,
854 1127 909 1181 in
947 1127 1050 1183 hoc
1077 1127 1373 1195 accidenti,
1401 1138 1544 1184 ctex
1602 1144 1732 1183 vero
1781 1128 1995 1199 judicio
2041 1145 2176 1199 pen-

594 1219 742 1281 deat,
773 1228 827 1273 et
858 1221 1018 1275 bonae
1054 1221 1320 1276 voluntati
1347 1221 1640 1292 conjuncta
1676 1221 1768 1278 sit.
1802 1221 1959 1288 Quod
2016 1223 2061 1276 si
2119 1221 2176 1277 in

599 1311 817 1366 actione
854 1313 1034 1368 valeat
1060 1314 1492 1370 mediocritatem
1532 1330 1885 1382 conservare,
1915 1330 2176 1386 magnum

595 1403 806 1458 bonum
841 1415 946 1460 est.
981 1405 1126 1461 Idem
1158 1407 1227 1462 de
1263 1407 1367 1473 ira,
1396 1408 1464 1463 de
1493 1407 1839 1479 pmnitcntia,
1868 1409 1936 1465 de
1969 1422 2178 1472 amore,

598 1507 655 1554 et
685 1499 752 1555 de
783 1500 906 1556 aliis
932 1500 1344 1571 intelligendum
1377 1512 1482 1557 est.
1517 1504 1651 1557 Nam
1685 1502 1962 1572 quaslibet,
1999 1502 2044 1557 si
2080 1501 2180 1556 ob-

601 1592 851 1647 scuratio
887 1593 1109 1658 mentis,
1150 1608 1252 1648 nec
1290 1609 1357 1648 ex
1388 1595 1596 1649 erroris
1624 1594 1884 1663 Opinione
1934 1593 2182 1648 concita-

603 1694 712 1751 tur,
739 1694 797 1740 et
827 1685 1072 1748 maleﬁca
1105 1694 1260 1740 vacat
1295 1687 1599 1752 voluntate,
1631 1697 1685 1740 ct
1713 1687 1767 1740 in
1811 1685 2029 1741 actione
2060 1701 2180 1741 tne-

2252 489 2340 544 ad
2366 490 2775 560 intelligendum
2805 507 2911 546 non
2940 491 3296 556 obtundatur,
3319 498 3368 545 et
3391 491 3622 546 beneﬁca
3641 491 3823 545 volun-

2276 588 2361 635 tas
2395 581 2467 637 sit
2497 581 2762 637 inanimo
2800 600 2816 649 ;
2857 598 3022 652 quam
3054 582 3362 637 dicebamus
3395 596 3515 636 esse
3549 581 3820 650 appetitum

2275 672 2511 728 faciendi
2535 675 2700 744 quod,
2731 685 2915 728 etnon
2945 673 3316 728 committendi
3353 673 3494 744 quod
3519 686 3624 726 non
3660 671 3819 725 decet.

2278 765 2343 819 Et
2367 767 2470 821 iste
2496 755 2658 821 amur
2680 767 2895 822 dicatur
2951 766 3109 836 primi
3146 765 3345 834 gradus
3392 764 3623 832 desuper
3649 759 3826 829 incipi-

2277 859 2502 915 entibus
2549 879 2564 926 ;
2603 860 2949 929 postmodum
2999 859 3202 915 relictis
3233 859 3288 912 in
3344 859 3523 912 animo
3557 871 3678 911 vera
3717 871 3828 910 sen-

2281 952 2451 1006 tentia
2513 961 2567 1007 et
2598 953 2839 1008 beneﬁca
2876 952 3180 1016 voluntate,
3242 949 3622 1021 caligationcm
3651 961 3828 1018 quam-

2279 1041 2404 1097 dam
2453 1053 2506 1098 et
2561 1043 3004 1099 obscurationem
3056 1043 3257 1097 mentis
3301 1043 3354 1096 in
3403 1040 3632 1097 amando
3659 1040 3829 1095 incur-

2281 1143 2368 1188 rat
2404 1152 2417 1187 :
2459 1144 2512 1189 et
2543 1135 2630 1187 hic
2671 1149 2826 1188 amor
2857 1133 3081 1189 secundi
3113 1133 3183 1188 sit
3213 1132 3434 1204 gradus.

2353 1227 2485 1282 item
2523 1227 2712 1282 relicta
2759 1227 2816 1282 in
2849 1225 3082 1281 amando
3110 1223 3352 1280 benefica
3384 1225 3684 1288 voluntate,
3718 1220 3833 1276 insit

2281 1323 2338 1378 in
2378 1323 2584 1386 animo,
2631 1337 2756 1378 eum
2788 1320 3014 1376 turbido
3047 1329 3195 1375 motu
3273 1319 3496 1384 mentis,
3543 1318 3703 1371 etiam
3750 1314 3834 1368 fal-

2284 1434 2405 1474 sum
2435 1417 2724 1484 judicium,
2751 1415 2822 1470 de
2849 1428 2937 1476 eo,
2967 1413 3112 1484 quod
3145 1421 3367 1467 amatur
3397 1427 3415 1476 ;
3448 1419 3501 1465 et
3529 1409 3599 1464 sit
3657 1396 3851 1477 hujus-i

2283 1511 2432 1566 modi
2467 1525 2621 1565 amor
2640 1508 2791 1564 tertii
2837 1506 3056 1577 gradus.
3099 1506 3156 1559 Si
3203 1520 3334 1559 vero
3365 1503 3416 1557 in
3453 1499 3680 1555 amando
3713 1499 3836 1566 judi-

2286 1603 2434 1658 cium
2505 1601 2722 1670 quidem
2776 1615 2968 1656 sanum
3019 1605 3124 1661 est,
3153 1597 3218 1652 de
3245 1595 3337 1650 illo
3392 1593 3534 1664 quod
3587 1601 3789 1646 amatur
3821 1631 3836 1656 ,
3895 1659 3901 1666 .

2287 1695 2380 1751 sed
2469 1709 2595 1749 cum
2656 1692 3050 1748 obscuratione
3108 1690 3328 1753 mentis,
3376 1687 3538 1743 etiam
3588 1685 3726 1739 inest
3780 1682 3837 1738 ad

603 1777 950 1834 diocritatem
977 1779 1364 1845 consequitur,
1403 1793 1661 1848 maguum
1694 1779 1901 1834 bonum
1938 1786 2045 1835 est.
2079 1777 2187 1832 Ha-

2300 1785 2558 1856 tgendum
2623 1784 2871 1841 maleﬁca
2914 1784 3188 1846 voluntas.
3249 1795 3371 1851 quae
3429 1787 3544 1834 erat
3585 1775 3840 1846 appetitus

607 1873 700 1926 bet
732 1871 878 1926 enim
916 1873 968 1926 iu
1025 1872 1213 1926 animo
1269 1870 1382 1926 duo
1423 1872 1566 1928 bona
1601 1891 1616 1939 ;
1655 1872 1866 1928 scilicet
1894 1871 2183 1928 veritatem

604 1964 672 2018 de
701 1962 916 2032 objecta
946 1978 1024 2029 re,
1067 1973 1118 2018 et
1171 1963 1239 2018 ad
1270 1963 1548 2020 actionem
1581 1963 1886 2019 benelicam
1920 1966 2186 2019 volunta-

607 2067 738 2119 tem,
769 2055 1049 2125 gignitque
1078 2064 1236 2111 extra
1267 2056 1532 2125 optimam
1585 2059 1882 2111 actionem.
1913 2056 2026 2113 Cur
2057 2069 2187 2110 vero

607 2166 717 2204 non
743 2149 880 2212 dixi,
915 2152 1215 2206 tnaxitnum
1251 2163 1374 2205 esse
1401 2149 1626 2213 bonum,
1657 2149 1750 2205 sed
1783 2164 2062 2220 maguum,
2093 2162 2191 2218 ap-

534 2238 540 2244 ’
607 2242 822 2312 parebit
855 2258 980 2297 cum
1014 2242 1083 2296 de
1113 2243 1442 2298 constantiis
1471 2243 1686 2299 dixero.

981 2375 1115 2433 CAP.
1156 2373 1267 2432 XII.
1316 2375 1631 2433 Constantia
1667 2377 1822 2449 quid.

610 2501 620 2509 “
678 2495 1002 2552 Constantia
1031 2494 1237 2564 itaque,
1261 2494 1388 2562 quia
1412 2503 1499 2549 est
1521 2493 1894 2563 tranquillitas
1922 2502 1976 2548 et
2011 2505 2190 2561 atqua-

607 2592 799 2648 bilitas
851 2591 1051 2644 mentis
1086 2592 1140 2643 in
1173 2603 1241 2644 eo
1290 2588 1437 2659 quod
1465 2587 1713 2658 judicata
1753 2590 1892 2642 bona
1927 2585 2008 2641 vel
2047 2585 2190 2641 mala

613 2687 996 2753 acccptantu'r,
1048 2691 1102 2736 et
1135 2681 1380 2752 placent,
1408 2681 1495 2734 vel
1546 2679 1840 2750 displicent
1872 2694 1996 2734 cum
2062 2693 2190 2733 vera

611 2775 912 2840 sententia,
941 2781 996 2828 et
1025 2773 1271 2828 beneﬁca
1309 2772 1587 2826 voluntate
1621 2789 1636 2826 :
1672 2769 1852 2825 varias
1882 2778 1936 2822 et
1970 2768 2083 2843 ipsa
2110 2782 2195 2822 se-

611 2871 854 2926 cundum
891 2867 1246 2935 temporalem
1281 2865 1601 2918 varietatem
1633 2864 1902 2924 bonorum
1941 2869 1994 2914 et
2027 2861 2194 2916 malo-

615 2977 759 3030 rum,
824 2967 880 3013 et
929 2957 1223 3013 nonnullas
1283 2956 1421 3010 alias
1470 2954 1792 3009 eorumdem
1855 2951 2194 3008 diﬂ'ercutias

612 3063 795 3116 partes
833 3051 1016 3107 habet.
1053 3049 1175 3104 Non
1203 3060 1383 3103 tamen
1423 3047 1664 3116 propriis
1714 3044 2036 3100 nominibus
2068 3057 2193 3098 etu-

615 3161 711 3200 ues
736 3144 1112 3213 assignantur,
1141 3143 1234 3196 sed
1272 3150 1331 3194 ut
1355 3140 1650 3210 plurimum
1685 3137 1888 3192 eisdem
1925 3151 2050 3191 cum
2077 3150 2197 3203 pcr-
2222 3125 2268 3190 C

618 3238 1048 3293 turbationibus.
1096 3233 1232 3289 Nam
1265 3235 1311 3289 si
1347 3233 1513 3298 mala,
1556 3247 1678 3300 quae
1717 3238 2034 3284 constanter
2083 3227 2198 3282 dis-

618 3334 844 3402 plicent,
894 3329 1170 3400 praeterita
1213 3337 1365 3392 sunt,
1400 3335 1455 3380 et
1491 3344 1520 3378 ιι
1551 3341 1611 3380 se
1641 3323 1960 3388 cmnmissa,
1995 3321 2198 3376 dicitur

617 3425 875 3481 similiter
896 3421 1218 3494 poenitentia
1243 3437 1259 3488 ;
1289 3421 1333 3474 si
1367 3418 1436 3475 ab
1453 3418 1580 3482 alio,
1609 3417 1814 3472 dicitur
1847 3418 1926 3471 ira
1951 3433 1965 3479 ;
1991 3415 2036 3469 si
2068 3427 2199 3468 vero

618 3521 760 3576 mala
793 3518 1066 3588 praeterita
1116 3515 1200 3570 vel
1255 3512 1548 3585 praesentia
1603 3510 1726 3565 aliis
1786 3515 2112 3568 evenerunt,
2147 3511 2201 3558 et

618 3616 767 3685 passi
806 3613 1049 3679 fuerunt,
1083 3609 1169 3665 vel
1209 3607 1516 3679 patiuntur,
1547 3604 1751 3659 dicitur
1797 3597 2202 3657 misericordia.

619 3709 678 3766 Si
707 3709 822 3780 ipse
852 3722 1047 3777 passus
1075 3713 1180 3770 est,
1213 3704 1294 3758 vel
1327 3701 1530 3771 patitur
1558 3698 1698 3752 mala
1723 3713 1738 3763 ;
1776 3696 1821 3752 si
1849 3695 2041 3758 animi,
2072 3689 2207 3748 dici-

623 3814 716 3857 tur
749 3801 1009 3856 similiter
1044 3795 1370 3869 poenitentia
1404 3793 1488 3846 vel
1543 3788 1962 3854 misericordia;
1995 3787 2041 3841 si
2080 3799 2206 3840 cor-

621 3891 773 3962 poris
797 3898 853 3945 et
881 3901 1130 3956 externa,
1163 3886 1368 3939 dicitur
1391 3881 1679 3953 patientia.
1707 3879 1760 3934 Si
1789 3894 1916 3934 vero
1941 3877 2128 3932 futura
2152 3884 2208 3930 et

623 3981 994 4053 impendentia
1023 3988 1175 4044 sunt,
1201 3978 1404 4033 dicitur
1426 3974 1610 4030 cautio
1633 3973 1722 4028 vel
1756 3980 1938 4025 metus
1961 3977 2016 4024 et
2037 3969 2204 4022 timor

623 4077 926 4150 aequivoce.
960 4073 1079 4128 Non
1109 4079 1292 4128 autem
1343 4063 1543 4133 dilfert,
1587 4068 1633 4122 si
1668 4066 1721 4121 in
1778 4065 1923 4128 istis,
1964 4077 2088 4133 quae
2114 4062 2202 4116 in-

623 4170 912 4232 commoda
951 4166 1122 4223 Stoici
1154 4165 1366 4230 dicunt,
1400 4161 1539 4218 mala
1562 4176 1662 4216 usu
1703 4156 1984 4216 communi
2011 4153 2202 4224 appel-

531 4314 536 4318 .
625 4272 852 4332 lantur;
894 4261 1032 4318 nihil
1061 4259 1204 4316 enim
1234 4257 1338 4313 ista
1358 4254 1650 4312 ‘distinctio
1687 4252 1918 4306 interest
1945 4244 2202 4318 proposi-

625 4373 691 4416 t:c
720 4356 1064 4430 quaestionis.
1258 4373 1264 4380 -
1353 4337 1356 4340 ’

697 4454 827 4509 hem
873 4466 1001 4507 eum
1046 4449 1267 4504 annuus
1319 4452 1506 4499 noster
1563 4438 1736 4496 sensit
1785 4449 1845 4492 se
1892 4438 2211 4488 constanter

625 4551 852 4605 fruitum
903 4545 986 4599 vel
1022 4545 1292 4598 fruentem
1337 4540 1522 4608 aliquo
1554 4537 1718 4602 bono,
1746 4531 1829 4586 vel
1856 4528 2212 4585 vehementer

626 4647 874 4704 acceptat
907 4636 1140 4692 aliorum
1197 4634 1428 4694 bonum,
1460 4627 1660 4684 dicitur
1697 4620 1999 4680 contentio,
2029 4617 2211 4688 placa-

629 4735 839 4797 bilitas,
867 4727 1123 4796 gaudium
1159 4741 1178 4790 ;
1228 4738 1292 4777 ac
1321 4721 1488 4776 etiam
1519 4718 1797 4789 aequis-oce
1819 4713 1925 4768 dici
1957 4717 2214 4781 possunt,

627 4841 748 4898 quze
779 4824 834 4878 in
887 4821 1048 4876 tertio
1103 4829 1300 4888 genere
1346 4809 1825 4883 perturbationum
1872 4803 2217 4858 dicebautur.

626 4893 681 4976 Si
721 4927 903 4974 autem
945 4918 1261 4968 constanter
1295 4903 1568 4975 appetitus
1627 4899 1798 4953 tomlit
1827 4896 1922 4965 ,ab
1972 4893 2216 4949 futurum

630 5019 857 5075 bonum,
895 5007 1099 5063 dicitur
1129 5002 1404 5060 voluntas,
1430 4996 1512 5050 vel
1539 4991 1871 5048 desiderium
1913 4988 2216 5058 :equivoce,

627 5109 687 5160 in
732 5102 934 5174 quibus
969 5105 1134 5154 estet
1172 5109 1319 5163 spes.
1367 5091 1462 5145 Est
1495 5099 1678 5142 autem
1713 5086 1764 5138 in
1829 5082 1986 5138 bonis
2017 5078 2217 5135 simili-

630 5209 714 5252 ter
771 5194 1062 5250 dilectim-t
1107 5201 1262 5243 amOr
1314 5205 1327 5252 ;

633 5287 946 5346 voluntatis.
983 5285 988 5290 ’

679 5409 811 5463 Car.
873 5401 1018 5458 Xlll.
1100 5399 1563 5455 Pcrturbationum
1631 5403 1680 5448 et
1735 5389 2161 5446 constantiarum

1236 5471 1557 5539 differentia.

708 5597 776 5654 lit
816 5605 994 5651 autem
1024 5602 1223 5664 pateat,
1259 5588 1390 5660 quid
1439 5589 1665 5640 interest
1710 5583 1852 5635 inter
1881 5577 2220 5634 constantias

636 5699 688 5744 et
731 5688 1172 5761 perturbationes
1207 5683 1542 5755 :cquivocas,
1585 5683 1836 5731 sumatur
1899 5687 2068 5726 unum
2124 5684 2221 5737 pro

641 5782 918 5850 omnibus,
965 5791 1020 5837 ut
1083 5795 1258 5836 amor.
1323 5778 1549 5830 Amctur
1579 5769 1742 5842 igitur
1793 5767 1970 5836 primo
2014 5764 2216 5833 aliquid

1414 5182 1654 5238 charitas
1685 5192 1814 5234 vero
1898 5175 2110 5246 species
2136 5177 2221 5226 est

2289 1881 2578 1938 omittendi
2635 1881 2780 1951 quod
2820 1880 2995 1943 decet,
3033 1887 3086 1933 et
3145 1875 3511 1930 committendi
3551 1872 3694 1940 quod
3748 1884 3842 1923 non

2289 1977 2443 2033 decet
2479 1992 2493 2028 :
2526 1975 2742 2030 dicatur
2784 1969 3098 2041 hujusmodi
3127 1983 3283 2023 amor
3330 1967 3511 2037 quarti
3543 1963 3762 2029 gradus.
3791 1961 3841 2015 Si

2290 2083 2420 2123 vero
2442 2075 2496 2121 et
2532 2066 2585 2119 in
2637 2064 2814 2118 tribus
2875 2060 3093 2115 animus
3124 2057 3354 2114 amando
3395 2055 3596 2118 deﬁcit,
3631 2067 3752 2107 cum
3775 2058 3846 2105 est

2290 2158 2558 2216 inanimo
2587 2153 2902 2212 obscuratio
2927 2152 3145 2214 mentis,
3173 2159 3227 2204 et
3278 2146 3520 2204 maleﬁca
3573 2143 3641 2199 ad
3698 2157 3845 2212 agen-

2291 2255 2423 2308 dum
2499 2249 2781 2313 voluntas,
2815 2256 2871 2302 et
2929 2245 3126 2300 falsum
3173 2241 3439 2312 judicium
3495 2238 3562 2293 de
3607 2252 3676 2291 eo
3707 2235 3834 2305 quod

2291 2337 2991 2411 amatur:sitbujusmodi
3050 2349 3206 2391 amor
3251 2331 3430 2404 quinti
3492 2331 3718 2401 gradus.
3755 2325 3848 2380 lla-

2292 2436 2554 2493 nifesutm
2594 2433 2778 2501 itaque
2825 2438 2928 2496 est,
2959 2428 3102 2500 quod
3163 2425 3323 2497 primi
3369 2422 3568 2495 gradus
3596 2435 3752 2475 amor
3778 2425 3850 2471 est

2295 2529 2621 2601 simpliciter
2649 2527 2826 2581 bonus
2858 2530 2913 2578 et
2961 2519 3206 2576 omnium
3241 2518 3499 2587 optimus,
3552 2521 3606 2568 ct
3639 2509 3783 2567 cadit
3805 2510 3850 2561 in

2293 2600 2628 2689 assignatam
2657 2615 2908 2686 superius
2993 2610 3312 2668 constantia:
3343 2607 3727 2662 deﬁnitionem.
3761 2600 3852 2654 Be-

2295 2712 2431 2783 liqui
2473 2727 2604 2767 vero
2661 2717 2900 2779 quatuor
2961 2705 3252 2774 graduum,
3312 2701 3567 2772 quoniam
3599 2699 3654 2752 in
3689 2695 3852 2764 quoli-

2299 2804 2390 2859 bet
2447 2805 2666 2873 ponltur
2715 2797 3032 2854 obscuratio
3085 2795 3307 2858 mentis,
3336 2789 3854 2860 comprehenduntur

2300 2897 2354 2952 in
2419 2910 2620 2966 genere
2664 2891 3160 2964 perturbationum,
3196 2890 3495 2944 secundum
3555 2883 3702 2954 quod
3746 2895 3854 2952 per-

2302 2988 2539 3044 turbatio
2572 2985 2824 3054 superius
2853 2983 3076 3048 deﬁnita
3130 2988 3236 3038 est.

2373 3079 2468 3136 Est
2550 3079 2716 3148 igitur
2773 3076 3019 3132 omnium
3108 3071 3573 3143 perturbationum
3635 3068 3852 3139 Optima,

2303 3190 2428 3245 qua:
2473 3170 2720 3228 secundo
2763 3169 2932 3241 gradu
2993 3167 3171 3237 posita
3238 3174 3322 3221 est
3363 3162 3579 3230 ;deﬁeit
3635 3169 3858 3215 tamen:

2307 3265 2618 3324 constantia
2652 3264 2708 3320 in
2733 3264 2910 3319 tribus
2942 3279 2957 3316 :
2985 3277 3116 3326 uno,
3151 3259 3294 3330 quod
3319 3273 3427 3313 non
3459 3262 3741 3312 conservat
3768 3250 3859 3318 cla-

2307 3359 2522 3415 ritatem
2570 3357 2769 3412 mentis
2795 3356 2849 3410 in
2881 3369 2981 3410 suo
3010 3354 3206 3423 rigore,
3239 3352 3381 3406 sicut
3408 3347 3737 3404 constantia.

2414 3451 2689 3516 Secundo,
2712 3447 2861 3519 quod
2914 3445 3234 3508 constantiae
3282 3443 3502 3514 quidem
3561 3440 3724 3495 facile
3770 3443 3861 3498 est,

2307 3557 2533 3618 propter
2579 3543 2788 3602 mentis
2815 3541 3143 3603 claritatem,
3175 3538 3452 3608 imponere
3497 3533 3751 3590 exteriori
3785 3544 3861 3582 ac-

2309 3638 2448 3698 tioni
2481 3637 2916 3693 mediocritatem
2949 3652 2963 3688 :
3013 3632 3116 3703 ipsi
3153 3620 3282 3684 vero
3313 3626 3726 3699 perturbationi,
3751 3637 3862 3693 pro-

2311 3738 2432 3802 pter
2475 3727 2674 3788 mentis
2712 3723 2988 3781 turbidam
3037 3720 3480 3784 commotionem,
3537 3718 3770 3787 idipsum
3802 3714 3864 3766 ita

2312 3823 2475 3880 facile
2509 3837 2622 3879 non
2655 3831 2764 3878 est.

2419 3915 2606 3972 Tertio
2653 3923 2877 3985 superat
2926 3910 3254 3978 constantia,
3284 3907 3425 3980 quod
3459 3907 3511 3962 in
3541 3921 3606 3962 ea
3636 3903 3864 3958 beneﬁca

2315 4012 2591 4077 voluntas,
2626 4023 2803 4065 cuma
2848 4008 3097 4063 claritate
3143 4005 3341 4061 mentis
3393 4011 3448 4057 et
3501 4001 3616 4054 viva
3676 3997 3865 4052 ratione

2317 4105 2574 4174 pendeat,
2607 4113 2691 4158 est
2733 4103 2788 4157 in
2824 4101 3012 4156 animo
3037 4099 3196 4154 insita
3225 4107 3279 4153 et
3313 4107 3655 4167 permanens,
3693 4098 3744 4143 et
3763 4087 3864 4140 ideo

2316 4196 2630 4261 cﬁicacior;
2666 4204 2720 4249 et
2762 4193 2906 4264 quod
2951 4192 3019 4246 ab
3059 4206 3121 4246 ea
3181 4188 3474 4257 prudenter
3500 4181 3865 4254 proﬁciscitur,

2315 4303 2596 4358 nunquam
2619 4287 2684 4341 ad
2724 4284 3097 4355 paenitentiam
3144 4279 3358 4337 adducit
3393 4298 3406 4333 :
3446 4277 3532 4332 illa
3561 4290 3685 4329 vero
3721 4273 3871 4326 bene-

2318 4382 2419 4435 ﬁca
2476 4379 2757 4443 voluntas,
2808 4392 2931 4446 qua:
2969 4383 3052 4431 est
3101 4375 3152 4429 in
3210 4370 3646 4443 perturbatione,
3693 4379 3810 4420 cum
3846 4376 3870 4414 a

2237 4482 2289 4542 ι)
2317 4471 2603 4542 repentino
2629 4479 2680 4525 et
2721 4469 3038 4533 turbulento
3057 4476 3203 4520 motu
3227 4471 3500 4526 causetur,
3523 4457 3700 4513 sedata
3731 4470 3868 4510 men-

2322 4577 2378 4622 te
2435 4579 2578 4632 saepe
2623 4570 2802 4618 cessat
2845 4571 2897 4615 et
2945 4560 3083 4628 ipsa.
3128 4555 3244 4610 Non
3293 4554 3434 4608 cnim
3466 4552 3626 4606 insita
3658 4557 3758 4611 est,
3786 4559 3870 4598 nec

2323 4656 2556 4714 vinculis
2627 4652 2858 4710 rationis
2889 4647 3376 4719 constringitur.Et
3413 4645 3533 4700 ideo
3586 4656 3726 4712 satpe
3753 4651 3871 4694 con-

2328 4749 2509 4821 tingit,
2541 4756 2600 4803 ut
2645 4746 2792 4817 quod
2841 4752 2987 4800 recte
3012 4723 3431 4812 ctlaudabilitcr
3461 4736 3659 4791 factum
3708 4730 3872 4791 fuerit,

2323 4857 2446 4899 cum
2483 4839 2659 4896 nubes
2691 4836 3006 4901 recesserit,
3043 4833 3300 4903 poeniteat
3321 4828 3593 4884 hominem
3628 4823 3870 4880 hocidem

2320 4934 2519 4989 fecisse
2553 4915 2740 4986 {sicut
2767 4929 2820 4983 in
2854 4925 3240 4982 misericordiis
3264 4935 3648 4991 nonnunquam
3675 4915 3873 4973 accidit.

2468 5026 2703 5094 Quintus
2727 5020 2989 5090 vero,qui
3030 5018 3242 5086 positus
3271 5016 3372 5071 fuit
3399 5015 3615 5084 gradus,
3646 5017 3728 5067 est
3754 5008 3872 5062 sime

2324 5119 2537 5190 pliciter
2563 5118 2758 5176 malus.
2790 5123 2844 5170 et
2873 5114 3122 5169 omnium
3163 5111 3454 5180 pessimus.
3504 5104 3646 5161 Nihil
3676 5102 3813 5158 enim
3829 5099 3871 5151 in

2321 5225 2386 5264 eo
2426 5208 2552 5263 boui
2581 5216 2684 5261 est.
2716 5203 2933 5260 Tertius
2957 5211 3010 5257 et
3032 5210 3258 5272 quartus
3279 5197 3573 5254 secundum
3601 5194 3738 5265 quod
3767 5205 3875 5261 par-

2325 5302 2519 5374 ticipes
2589 5309 2719 5356 sunt
2739 5297 2868 5354 boni
2899 5295 2981 5350 vel
3013 5295 3162 5359 mali,
3191 5300 3317 5356 sunt
3373 5290 3621 5346 laudandi
3641 5290 3719 5342 vel
3752 5286 3874 5336 vitu-

2325 5392 2576 5466 perandi.
2621 5390 2678 5446 Si
2729 5402 2860 5443 vero
2899 5393 3112 5457 oportet
3162 5400 3192 5439 a
3243 5382 3480 5454 pessimo
3525 5380 3872 5448 expositorum

2329 5487 2597 5558 graduum
2634 5479 3090 5553 perturbationis,
3133 5475 3400 5546 gradatim
3437 5484 3488 5529 et
3517 5488 3622 5528 non
3674 5477 3879 5537 repente

2327 5579 2394 5634 ad
2425 5575 2790 5634 constantiam
2837 5569 3172 5626 ascendere:
3202 5569 3381 5638 primo
3408 5563 3753 5620 subtrahatur
3780 5569 3881 5610 ma-

2327 5671 2484 5727 leﬁca
2512 5670 2765 5723 voluntas
2793 5664 2872 5718 vel
2903 5665 3036 5717 falsa
3062 5662 3248 5731 opinio
3277 5677 3289 5710 :
3319 5667 3374 5714 et
3397 5658 3515 5714 istis
3545 5652 3691 5726 prius
3718 5651 3880 5705 detra-

2332 5765 2460 5830 ctis,
2505 5772 2784 5834 postremo
2843 5756 3196 5811 subtrahatur
3229 5751 3427 5809 mentis
3467 5743 3806 5804 obscuratio:
3837 5747 3880 5792 et
