4064 6450
265 526 403 593 13ΰι

1344 548 1496 609 ΕΤΗ
1510 549 1629 610 ICA
1677 550 2094 615 SECUNDUM
2135 558 2467 620 STOICOS.

3405 565 3555 630 1302‘:

262 643 585 701 immediate
637 645 741 702 hac
781 648 1087 716 subtracta,
1119 653 1336 710 eluceat
1390 658 1443 712 in
1485 658 1669 714 animo
1729 675 1830 714 con

1962 668 2088 722 dine
2131 675 2414 735 commoti,
2454 674 2620 728 multa
2654 673 2792 729 bona
2842 677 2891 728 in
2949 673 3058 729 vita
3094 684 3545 744 consequuntur,

259 735 488 799 stantia,
532 736 586 791 in
649 753 756 808 qua
792 755 916 796 cum
950 745 1322 813 mquabilitate
1371 750 1592 816 mentis,
1621 759 1678 805 et
1719 767 1849 806 vera

260 835 348 881 est
382 832 680 898 sententia,
708 841 764 887 et
795 835 1034 891 beneﬁca
1068 839 1343 896 voluntas.
1402 840 1537 896 Nam
1570 843 1616 899 si
1657 859 1686 898 a
1723 859 1851 913 pes—

261 920 406 974 simo
435 925 606 988 gradu
661 927 1112 995 perturbatiOuis,
1153 933 1332 999 primo
1350 935 1628 991 subtracta
1655 936 1853 992 obscu-

261 1013 473 1069 ratione
502 1017 723 1079 mentis,
757 1010 1105 1076 dimittantur
1140 1023 1191 1077 iu
1228 1025 1411 1083 animo
1464 1026 1662 1083 falsum
1691 1031 1845 1098 judi-

260 1106 431 1170 cium,
465 1116 519 1162 et
544 1108 789 1164 maleﬁca
819 1112 1090 1178 voluntas,
1130 1128 1361 1185 augetur
1408 1121 1590 1187 potius
1624 1123 1846 1198 malum,

260 1213 426 1269 quam
448 1199 810 1269 dimiuuitur;
839 1213 892 1258 et
915 1206 1134 1260 animus
1158 1208 1396 1263 deterior
1421 1209 1497 1266 ﬁt.
1539 1210 1661 1266 Exit
1688 1215 1840 1269 enim

261 1304 290 1344 a
325 1307 526 1362 genere
579 1297 1080 1363 perturbationum,
1141 1303 1412 1358 etincidit
1455 1303 1510 1358 in
1562 1306 1845 1371 malitiam,

239 1355 657 1456 'elvthiotem-et
682 1387 972 1460 apheliam,
999 1355 1124 1462 quae

259 1477 534 1533 excellunt
575 1481 1035 1548 perturbationes,
1081 1494 1136 1540 et
1172 1487 1352 1543 minus
1393 1488 1666 1544 sanabiles
1695 1498 1844 1546 sunt.

329 1569 584 1642 Quinque
639 1573 804 1642 igitur
837 1577 1103 1645 graduum
1140 1583 1567 1648 assignatorum,
1612 1582 1845 1649 primus

261 1663 487 1732 gradus,
516 1667 609 1737 qui
648 1669 800 1723 solus
820 1679 936 1724 erat
959 1673 1303 1738 constantiae,
1328 1682 1412 1728 est
1443 1690 1714 1729 summum
1743 1673 1845 1728 bo-

261 1772 391 1811 num
425 1760 758 1825 ;seeundus,
785 1776 1042 1832 magnum
1101 1764 1331 1832 bonum,
1368 1767 1498 1821 latet
1519 1768 1665 1822 enim
1699 1769 1853 1835 quod

258 1846 423 1903 habet
461 1851 665 1906 malum
705 1870 720 1919 ;
751 1854 945 1910 tertius
983 1858 1039 1911 et
1088 1867 1337 1926 quartus,
1373 1859 1682 1914 sensibilem
1729 1860 1841 1930 jam

254 1940 542 1994 misturam
605 1943 892 2012 patiuntur
932 1962 948 2012 ;
995 1947 1222 2016 quintus
1260 1949 1497 2004 teta!iter
1548 1951 1845 2020 opponitur

213 2030 456 2101 .primo,
489 2039 545 2088 et
602 2044 685 2090 est
719 2034 1046 2106 simpliciter
1100 2041 1328 2099 malum.
1384 2041 1569 2112 Itaque
1614 2059 1739 2098 cum
1792 2052 1846 2098 et

253 2123 359 2186 ira,
388 2131 444 2177 et
495 2125 892 2192 misericordia,
918 2138 972 2184 et
997 2129 1354 2197 desiderium,
1388 2142 1445 2188 et
1477 2141 1734 2198 metus,et
1765 2150 1852 2189 re-

252 2214 426 2308 quua,
474 2232 597 2286 qua:
624 2219 902 2290 aequivoce
949 2221 1002 2276 in
1047 2238 1244 2292 genere
1291 2227 1743 2294 constantiarum,
1793 2236 1853 2283 et

252 2309 310 2364 ln
331 2323 530 2378 genere
582 2313 1054 2381 perturbationum
1086 2316 1187 2370 dici
1221 2326 1468 2387 possunt,
1508 2322 1844 2389 utsuperius

251 2409 535 2458 ostensum
567 2412 671 2470 est,
729 2419 828 2475 per
875 2408 1115 2477 quinque
1173 2410 1459 2482 quodlibet
1521 2412 1844 2482 simpliciter

249 2495 475 2565 gradus,
541 2497 714 2565 possit
778 2481 1432 2571 variari.utprimus.sit
1483 2481 1835 2575 constantiae,

248 2595 490 2657 quatuor
535 2603 665 2646 vero
717 2592 1150 2661 perturbationis
1193 2597 1588 2654 :manifestum
1636 2611 1718 2657 est
1770 2618 1838 2658 ex

247 2695 418 2752 supra
483 2683 662 2747 dictis.
725 2694 933 2756 quanto
984 2687 1183 2744 melius
1234 2696 1290 2744 et
1342 2693 1688 2760 praestantius
1757 2701 1841 2748 est

245 2773 528 2843 quodlibet
562 2775 826 2851 istorum,
849 2793 974 2834 cum
1004 2789 1322 2836 constanter
1359 2783 1645 2854 contingit,
1672 2799 1834 2854 quam

247 2867 307 2923 id
346 2867 525 2936 ipsum
563 2869 606 2924 si
663 2869 814 2925 ﬁeret
861 2871 1223 2929 turbulenter.
1280 2873 1438 2940 Quod
1487 2883 1666 2931 tamen
1709 2893 1832 2932 cum

244 2958 324 3012 ita
356 2957 642 3028 contingit,
671 2959 892 3028 quando
951 2976 1206 3031 magnum
1253 2962 1454 3018 bonum
1518 2974 1622 3028 est,
1656 2969 1833 3034 quoad

244 3051 547 3116 actionem,
593 3060 648 3105 et
696 3053 919 3120 quando
979 3054 1316 3108 sensibiliter
1355 3057 1731 3117 commistum.
1761 3066 1816 3114 et

243 3144 472 3211 quando
523 3143 822 3213 pessimum
855 3145 1082 3211 malum,
1129 3146 1264 3200 satis
1295 3155 1347 3201 et
1390 3147 1514 3215 hoc,
1577 3159 1636 3202 ut
1681 3150 1828 3203 arbi-

242 3244 386 3297 tror,
419 3236 674 3305 superius
698 3243 780 3290 est
806 3237 1152 3306 explicatum.
1192 3237 1296 3291 Sed
1329 3238 1480 3305 quia,
1518 3239 1660 3294 sicut
1692 3256 1830 3309 prac-

1954 765 2010 812 et
2061 759 2200 813 mala
2253 761 2505 816 evitant:
2550 762 2644 817 sed
2676 763 2747 818 ita
2784 763 3038 832 dispositi
3097 763 3388 818 simulacra
3430 762 3538 816 vir-

1955 858 2154 916 tutum,
2200 869 2306 924 non
2349 853 2498 924 ipsas
2543 872 2698 910 veras
2765 857 2995 913 virtutes
3047 857 3351 911 aestimandi
3408 866 3535 910 sunt

1954 944 2176 1001 habere.
2227 947 2414 1017 Itaque
2448 949 2492 1002 si
2530 951 2748 1004 nomine
2789 951 3058 1020 pztSsionis
3097 951 3324 1004 velimus
3356 952 3536 1002 uomi-

1956 1054 2107 1102 nare,
2132 1047 2240 1093 tam
2273 1043 2642 1106 constantias,
2674 1057 2836 1110 quam
2870 1044 3332 1110 perturbationes,
3364 1042 3535 1093 trani-

1954 1127 2174 1194 festum,
2228 1133 2373 1198 quod
2414 1133 2670 1190 dicimus.
2706 1132 3022 1200 passionum
3057 1133 3193 1185 alias
3219 1147 3340 1184 esse
3397 1147 3530 1183 stm-

1951 1223 2164 1290 pliciter
2211 1223 2406 1290 bdnas,
2462 1226 2599 1279 alias
2645 1225 2965 1293 simpliciter
2995 1225 3186 1285 malas,
3241 1225 3374 1277 alias
3419 1237 3534 1276 ma-

1951 1317 2033 1386 gis
2055 1317 2226 1372 bonas
2255 1333 2415 1385 quam
2454 1320 2644 1381 malas,
2678 1327 2730 1372 et
2765 1334 2795 1371 e
2827 1332 3093 1371 converso
3124 1333 3137 1380 ;
3186 1318 3319 1371 alias
3350 1332 3536 1383 aequa-

1950 1410 2074 1466 liter
2113 1412 2448 1473 commistas,
2484 1418 2886 1480 consequenter
2946 1409 3362 1478 quadripartitm
3394 1409 3533 1461 divi-

1949 1503 2113 1568 sioni,
2145 1519 2252 1557 non
2303 1517 2588 1573 generum,
2628 1504 2720 1559 sed
2762 1503 3027 1572 graduum
3079 1502 3530 1570 perturbationis.

1949 1596 2005 1652 Si
2037 1605 2216 1651 autem
2249 1596 2560 1666 passionem
2619 1596 2670 1648 in
2723 1596 2908 1648 animo
2951 1593 3186 1648 velimus
3241 1592 3530 1645 nominare

1949 1690 2082 1744 nihil
2115 1689 2283 1755 aliud,
2331 1689 2434 1744 nisi
2487 1688 2687 1744 mentis
2745 1687 2918 1757 ipsius
2981 1687 3444 1748 obscurationem,
3478 1692 3532 1736 et
3573 1743 3580 1750 _

1947 1781 2216 1834 turbidam
2277 1779 2599 1841 motionem,
2623 1787 2676 1833 et
2705 1777 3089 1832 obtusionem:
3135 1791 3256 1828 t'llttl
3319 1787 3532 1842 semper

1946 1868 2018 1923 sit
2049 1868 2247 1922 bonum
2281 1868 2445 1920 menti
2472 1865 2761 1934 tranquilla
2802 1865 3043 1929 claritas,
3067 1874 3120 1917 et
3151 1864 3337 1930 vigens
3369 1860 3518 1913 acies

1946 1957 2301 2027 intelligendi,
2330 1974 2437 2013 non
2488 1957 2859 2011 dubitabimus
2905 1956 3088 2009 dicere
3144 1967 3338 2008 omnes
3407 1965 3532 2020 pas~

1951 2053 2133 2108 siones
2161 2067 2283 2106 esse
2313 2051 2498 2104 animo
2526 2049 2926 2118 exstirpandas,
2959 2057 3013 2102 et
3044 2047 3261 2116 penitus
3287 2043 3528 2098 evelieu-

1948 2147 2100 2210 das;
2137 2146 2402 2200 duntaxat
2447 2157 2549 2198 nec
2593 2142 2757 2198 insita
2821 2139 3068 2196 maleﬁca
3135 2137 3408 2202 voluntas,
3442 2135 3526 2189 vel

1948 2238 2016 2292 ad
2070 2235 2412 2292 necessarias
2469 2245 2524 2289 et
2584 2234 2841 2288 honestas
2896 2229 3136 2287 actiones
3185 2228 3412 2284 tarditas
3471 2227 3525 2280 in

1945 2330 2130 2384 animo
2168 2337 2469 2390 remaneat,
2509 2342 2610 2382 nec
2637 2317 2958 2396 Opinionem
3008 2321 3311 2388 temeritas,
3349 2328 3408 2374 ut
3457 2317 3545 2373 ad:

1945 2421 2313 2477 constantiam
2351 2434 2486 2489 pure
2514 2417 2888 2487 perveniatur.

2015 2513 2397 2583 Theophrasto
2457 2512 2700 2582 quidem,
2732 2519 2855 2580 post
2895 2508 3238 2563 Aristotelem
3302 2505 3548 2575 Peripat-

1945 2607 2233 2660 tetit-orum
2259 2603 2516 2674 principi,
2554 2619 2658 2657 non
2704 2603 2914 2658 videtur
2970 2616 3184 2654 omnem
3243 2600 3530 2669 perturba-

1944 2699 2147 2754 tionem
2184 2699 2466 2753 adversam
2495 2711 2619 2752 esse
2651 2699 2997 2752 constantiae.
3035 2697 3140 2753 Sed
3172 2697 3316 2753 sicut
3348 2696 3551 2749 famosa

1940 2803 1993 2848 et
2018 2793 2158 2859 sitis,
2191 2803 2245 2848 et
2279 2793 2592 2862 huiusmodi
2642 2793 2922 2848 naturales
2976 2793 3309 2861 contingunt
3345 2791 3524 2845 Immi-

1940 2887 1993 2939 ni
2035 2886 2153 2940 sine
2179 2885 2317 2940 falsa
2349 2886 2628 2953 opinione,
2677 2885 2798 2940 sine
2849 2885 3098 2940 maleﬁca
3129 2886 3426 2948 voluntate,
3449 2882 3543 2935 si--

1939 2994 2007 3031 ne
2069 2978 2268 3032 mentis
2320 2978 2730 3042 obscuratione,
2807 2987 2862 3032 et
2910 2977 3230 3046 simpliciter
3291 2977 3525 3029 minime

1935 3070 2134 3123 mentis
2188 3070 2495 3123 constantia
2529 3069 2654 3123 laesa
2705 3069 2829 3124 :ita
2882 3068 2976 3131 ait,
3009 3077 3064 3122 et
3115 3069 3168 3121 in
3218 3067 3403 3141 animo
3435 3081 3522 3119 se-

1933 3161 2170 3215 cundum
2205 3159 2449 3213 inﬁrmas
2471 3161 2585 3229 ejus
2608 3169 2788 3228 partes
2813 3157 3078 3226 contingit
3133 3170 3522 3224 nonnunquam

1935 3269 1998 3306 ex
2041 3253 2228 3322 aliquo
2264 3267 2395 3306 casu
2422 3252 2636 3306 turbida
2677 3252 3001 3314 commotio,
3031 3265 3130 3304 nec
3177 3266 3205 3304 a
3244 3247 3377 3302 falsa
3405 3248 3525 3317 opi-

239 3327 531 3383 deﬁnitum
585 3338 671 3384 est
727 3329 780 3383 in
835 3330 1010 3400 primo
1068 3331 1229 3396 libro,
1271 3331 1448 3387 virtus
1492 3341 1576 3387 est
1630 3333 1833 3402 optima

1942 3346 2103 3398 nione
2153 3345 2430 3414 pendens,
2477 3334 2581 3398 nec
2630 3344 2932 3399 maleﬁcam
2995 3343 3329 3398 voluntatem
3369 3340 3522 3395 exci-

239 3421 468 3476 aﬂeCtio
486 3421 675 3489 animi,
708 3424 908 3492 optime
943 3423 1184 3477 animum
1220 3422 1288 3478 ad
1332 3425 1600 3492 agendum
1655 3427 1842 3496 dispo-

239 3529 406 3569 nens.
486 3511 638 3568 Nulla
690 3529 819 3584 ergo
849 3515 1022 3570 virtus
1056 3515 1119 3568 ad
1165 3516 1267 3569 hoc
1299 3515 1460 3569 habet
1505 3531 1661 3570 suam
1709 3519 1839 3581 vim,

237 3612 312 3662 ut
362 3603 526 3660 faciat
549 3604 749 3675 aliquid
785 3605 930 3660 malo
983 3605 1167 3658 animo
1199 3607 1530 3676 contingere.
1551 3609 1618 3661 At
1659 3618 1842 3663 osten-

235 3713 368 3755 sum
401 3706 506 3766 est,
555 3697 700 3767 quod
733 3696 1047 3752 obscuratio
1107 3697 1323 3763 mentis,
1357 3697 1558 3751 malum
1611 3707 1694 3752 est
1736 3699 1836 3767 ipsi

234 3790 458 3854 menti;
494 3787 644 3842 nulla
679 3802 808 3856 ergo
834 3787 1011 3841 virtus
1052 3787 1119 3840 ad
1162 3789 1263 3840 hoc
1313 3786 1475 3840 habet
1503 3803 1659 3840 suam
1702 3788 1835 3855 vim,

234 3891 310 3938 ut
337 3879 783 3935 obscurationem
814 3889 869 3933 et
894 3877 1146 3932 tenebras
1179 3876 1377 3941 inferat
1404 3893 1644 3947 unquam
1683 3894 1838 3932 men-

239 3971 312 4034 ti,
339 3978 394 4025 et
420 3968 684 4024 obtundat
722 3969 841 4037 ejus
885 3967 1056 4022 aciem
1128 3967 1490 4038 intelligendi.
1534 3969 1635 4023 Sed
1687 3969 1833 4024 nulla

236 4060 587 4134 perturbatio
631 4069 736 4123 est,
776 4060 892 4114 sine
932 4059 1131 4113 mentis
1176 4059 1566 4114 obscuratione
1603 4077 1618 4126 ;
1652 4075 1836 4127 segre-

235 4151 440 4225 ganda:
480 4165 610 4221 ergo
641 4160 771 4206 sunt
804 4151 1244 4221 perturbationes
1279 4167 1308 4205 a
1336 4152 1507 4206 choro
1543 4153 1830 4206 virtutum.

233 4246 402 4314 Quod
428 4254 483 4300 et
521 4245 594 4300 ita
619 4246 834 4300 ostendi
864 4254 1061 4314 potest.

319 4336 759 4392 Demonstratum
810 4345 894 4392 est
925 4339 1197 4407 superius,
1245 4340 1388 4409 quod
1423 4338 1637 4404 beatus,
1660 4352 1824 4406 quem

233 4433 630 4504 intelligimus,
684 4448 901 4501 semper
939 4445 1025 4488 est
1074 4444 1333 4488 constans
1365 4435 1495 4498 ;sed
1546 4433 1833 4502 perturba-

231 4528 423 4583 tiones
457 4540 649 4581 omnes
681 4525 1044 4580 adversantur
1079 4531 1400 4581 constantiae
1428 4545 1442 4592 ;
1480 4526 1696 4581 vacabit
1739 4541 1830 4579 er-

233 4633 314 4691 go
366 4618 562 4674 beatus
619 4617 1180 4688 perturbationibus:
1238 4621 1331 4674 sed
1399 4621 1602 4672 virtute
1645 4617 1825 4687 aliqua

233 4688 354 4768 non
388 4720 537 4766 caret
570 4728 586 4778 ;
623 4710 829 4767 nullius
887 4726 1020 4780 ergo
1077 4712 1296 4768 virtutis
1352 4713 1689 4781 perturbatio
1714 4721 1820 4766 est.
1857 4688 1905 4747 Ῑ)

315 4804 446 4859 Item
510 4803 554 4859 si
602 4813 918 4860 constanter
952 4805 1198 4859 misereri
1253 4803 1426 4858 multo
1468 4804 1665 4859 melius
1720 4813 1824 4870 est,

233 4910 408 4968 quam
462 4895 509 4950 si
560 4895 797 4965 idipsum
853 4897 1199 4951 turbulenter
1221 4896 1393 4962 ﬁeret,
1429 4903 1488 4968 ut
1545 4904 1828 4952 ostensum

235 4999 370 5045 est:
427 4986 559 5042 illud
599 5003 752 5054 vero,
797 4987 942 5058 quod
994 5003 1024 5042 a
1065 4989 1267 5043 virtute
1305 4988 1672 5057 proﬁciscitur
1726 5003 1828 5044 suo

237 5079 368 5132 loco
419 5085 474 5132 et
513 5091 666 5144 casu,
700 5080 967 5148 optimum
1029 5095 1147 5134 esse
1198 5080 1471 5136 volumus.
1534 5080 1722 5136 Virtus
1745 5089 1830 5136 est

242 5182 379 5236 ergo
418 5171 736 5238 quaerenda,
766 5185 887 5238 quae
914 5171 1210 5225 stabilitam
1246 5179 1537 5226 conservet
1566 5180 1828 5224 constan—

240 5260 403 5323 tiam,
457 5275 566 5315 non
616 5263 1041 5330 perturbationis
1114 5263 1426 5317 inﬁrmitas.
1496 5263 1828 5332 Separantes

242 5363 427 5408 tamen
461 5367 491 5406 a
522 5353 692 5407 choro
744 5354 1009 5409 virtutum
1055 5355 1511 5425 perturbationes,
1543 5371 1650 5410 non
1691 5355 1818 5409 illud

241 5446 528 5513 volumus,
566 5454 626 5500 ut
665 5449 731 5502 ad
766 5447 1066 5517 apheliam,
1107 5458 1162 5503 et
1211 5449 1546 5518 elythiotem,
1582 5459 1634 5502 et
1663 5448 1826 5502 mali-

241 5542 374 5597 tiam
435 5540 644 5595 incidat
699 5541 920 5596 animus
951 5582 967 5607 ,
1019 5541 1110 5595 sed
1155 5553 1213 5595 ut
1245 5542 1445 5597 bonum
1499 5542 1825 5596 constantia}

242 5641 633 5698 consequatur.
689 5629 802 5686 Illis
869 5632 1015 5687 enim
1071 5632 1166 5702 qui
1203 5633 1406 5686 claram
1459 5643 1512 5688 et
1546 5634 1746 5698 vivam,
1775 5641 1829 5687 et

241 5725 575 5795 expeditam,
609 5735 663 5780 et
723 5724 996 5783 eﬂicacetn
1051 5727 1323 5783 rationem
1384 5727 1822 5798 expetendarum

244 5829 408 5888 atque
448 5817 827 5886 fugiendarum
875 5834 1059 5874 rerum
1115 5834 1225 5874 non
1279 5819 1501 5885 habent,
1539 5835 1646 5874 non
1675 5818 1828 5889 peni-

247 5919 336 5967 tus
376 5911 596 5966 inutiles
635 5916 765 5966 sunt
828 5910 1318 5982 perturbationes;
1384 5911 1618 5966 aliarum
1679 5911 1824 5966 enim

245 6017 428 6060 rerum
487 6002 804 6074 cupiditate,
862 6002 943 6061 vel
998 6011 1168 6072 metu,
1231 6002 1442 6071 laetitia,
1479 6004 1559 6060 vel
1598 6002 1821 6074 aegritu-

1953 3445 2246 3503 tans,nec
2299 3435 2465 3490 menti
2526 3436 2972 3490 obscurationem
3033 3434 3296 3488 inferens.
3354 3430 3524 3500 Cujus

1951 3529 2336 3583 commotionis
2389 3529 2541 3597 signa
2566 3529 2729 3582 etiam
2782 3528 2834 3581 in
2867 3542 2984 3589 ore,
3022 3527 3074 3580 in
3106 3526 3255 3580 vultu
3287 3525 3364 3589 ,in
3389 3538 3526 3576 ocu-

1950 3623 2035 3684 lis,
2071 3620 2343 3675 interdum
2395 3627 2680 3688 apparent.
2738 3618 2863 3672 IIase
2892 3633 3014 3671 cum
3062 3617 3132 3671 sit
3159 3613 3519 3686 perturbatio,

1947 3713 2171 3767 minime
2206 3719 2386 3764 tamen
2422 3710 2744 3765 constantia:
2798 3710 3139 3763 adversatur.

2016 3805 2097 3859 Ad
2136 3821 2256 3874 qua:
2283 3803 2716 3872 respondendum
2749 3813 2851 3866 est,
2877 3801 3022 3871 quod
3053 3803 3154 3856 ista
3193 3815 3298 3855 non
3325 3799 3519 3854 adver-

1944 3907 2154 3961 santur,
2199 3898 2496 3952 secundum
2556 3911 2694 3960 rem,
2761 3893 3139 3964 superioribus
3199 3894 3400 3946 nostris
3454 3891 3521 3945 de

1943 3989 2349 4058 perturbatione
2405 3987 2737 4043 rationibus.
2791 3985 2923 4040 Nam
2975 3986 3020 4041 si
3075 3985 3381 4040 constantia
3415 3998 3520 4037 una

1941 4080 2256 4135 deﬁnitione
2318 4081 2714 4150 comprehensa
2764 4088 2864 4141 est,
2911 4078 2955 4133 si
2986 4077 3232 4133 deﬁnitio
3273 4076 3395 4143 ejus
3425 4090 3523 4145 per

1941 4188 2047 4227 non
2073 4174 2351 4240 mquivoca
2380 4173 2540 4226 verba
2581 4182 2662 4227 est
2692 4173 2962 4248 assignata
2998 4188 3012 4224 :
3063 4169 3407 4224 manifestum
3435 4177 3521 4222 cst
3611 4207 3622 4218 ,

1939 4267 2082 4335 quod
2129 4266 2468 4334 perturbatio
2507 4281 2628 4335 qure
2671 4265 2991 4320 constantia
3052 4265 3403 4324 adversatur,
3448 4263 3516 4316 de

1938 4374 2042 4428 qua
2077 4358 2328 4427 superius
2363 4357 2752 4422 trartabamus,
2789 4372 2884 4427 per
2911 4364 3145 4426 quatuor
3173 4354 3374 4425 gradus
3396 4368 3511 4407 eam

1938 4449 2234 4511 variantes,
2300 4457 2463 4518 atque
2530 4449 2598 4513 in,
2633 4459 2867 4516 quatuor
2914 4462 3113 4518 genera
3163 4445 3514 4499 dividentes:

1937 4553 1989 4598 et
2016 4542 2108 4596 illa
2164 4525 2503 4611 perturbatio
2558 4539 2950 4609 Theophrasti,
3005 4555 3127 4610 (lum
3191 4538 3537 4593 constantia)-

1937 4633 2137 4688 mentis
2170 4647 2276 4686 non
2331 4632 2675 4697 adversatur,
2729 4631 3009 4700 aequivoce
3069 4629 3530 4701 perturbationis.

1933 4727 2152 4782 nomine
2172 4725 2425 4778 fruuntur
2456 4740 2555 4778 :ac
2611 4725 2773 4778 etiam
2804 4725 3056 4790 superior
3117 4721 3516 4791 quadripartita

1934 4815 2293 4887 perturbatio,
2328 4830 2432 4885 qua
2465 4814 2904 4867 obscurationem
2959 4812 3128 4866 menti
3160 4812 3345 4874 inlert,
3384 4826 3521 4878 pra:-

1933 4907 2148 4962 dicatur
2176 4907 2245 4961 de
2300 4915 2500 4962 mente.
2547 4906 2643 4960 Est
2695 4905 2840 4960 enim
2884 4919 3074 4958 verum
3106 4904 3309 4960 dicere.
3343 4902 3396 4954 in
3428 4901 3518 4954 illa

1932 4995 2190 5066 passione
2237 5005 2471 5050 mentem
2526 4995 2762 5049 hominis
2805 5009 2929 5055 esse
2959 4993 3357 5063 perturbatam.
3385 4991 3517 5044 Per-
3599 4976 3601 4979 ’

1933 5088 2171 5141 turbatio
2226 5103 2353 5139 vero
2385 5087 2768 5156 TheOphrasti.
2802 5087 2933 5154 quia
2969 5083 3297 5150 descriptam
3349 5097 3517 5149 supe-

1932 5178 2047 5231 rius
2079 5177 2501 5242 aequabilitatem
2563 5177 2765 5230 mentis
2825 5191 2931 5228 nou
2966 5175 3112 5227 laedit
3154 5191 3168 5226 :
3199 5189 3306 5226 non
3339 5180 3535 5241 potest

1930 5285 2055 5323 vere
2099 5269 2168 5324 de
2197 5275 2378 5322 mente
2427 5267 2736 5336 praedicari.
2799 5265 2933 5319 Dum
2969 5264 3112 5319 enim
3173 5263 3517 5331 amnabilitas

1933 5361 2130 5414 tuentis
2161 5367 2343 5414 manet
2385 5358 2572 5421 illaesa,
2632 5373 2736 5412 non
2787 5366 2866 5411 est
2909 5356 3236 5417 dicendum,
3266 5364 3528 5406 lllCIIlt‘Ilh

1932 5451 2172 5505 hominis
2221 5466 2343 5506 esse
2392 5448 2789 5520 perturbatam.
2826 5448 2966 5516 Ergo
3017 5454 3071 5499 et
3124 5459 3190 5498 ex
3219 5444 3337 5522 _hoc
3371 5452 3530 5512 patet.

1930 5544 2516 5609 earumtequivocatio.
2561 5544 2746 5611 Itaque
2799 5538 3075 5593 terrestris
3123 5538 3276 5591 canis
3325 5536 3529 5590 deﬂui...

1933 5637 2082 5692 tione
2134 5637 2435 5707 assignata,
2485 5644 2664 5705 potest
2695 5632 2802 5686 dici
2843 5632 3128 5696 audacter,
3161 5645 3380 5683 onmem
3421 5643 3513 5682 ca.

1933 5745 2053 5783 nem
2088 5743 2208 5783 esse
2266 5728 2470 5803 animai
2507 5726 2754 5786 mortale,
2792 5727 2874 5780 vel
2925 5725 3124 5779 animal
3155 5723 3463 5794 quadrupes
3497 5739 3517 5776 :.

1931 5821 2002 5875 ita
2054 5821 2447 5891 quadripartita
2501 5819 2928 5889 perturbationis
2975 5817 3246 5886 descripta
3303 5815 3508 5873 deﬁni-

1930 5913 2098 5977 tione,
2139 5928 2232 5977 per
2263 5928 2424 5982 quam
2453 5911 2764 5966 necessario
2817 5909 3240 5980 distinguitur,a-
3261 5922 3513 5978 quacun-
3543 5916 3545 5918 ’

1931 6021 2042 6076 quo
2068 6004 2170 6060 alia
2211 6007 2486 6074 atquivoca
2516 6004 2930 6074 perturbatione
2969 6021 2981 6054 :
3017 6003 3289 6058 veraciter
3322 6009 3518 6076 potest
