4064 6454
1989 367 2000 373 ρ
2027 363 2100 380 ’,ρ’
2117 361 2139 369 Α
2183 363 2210 372 -α

1898 381 1905 389 .
1942 375 1964 381 ..
2005 374 2071 388 “5“

527 493 665 556 1363

1376 509 1772 570 BARLAAMI
1828 515 2125 574 ETllICA
2175 518 2594 585 SECUNDUM
2643 527 2980 593 STOICOS.

3658 536 3778 606 135i

518 615 622 723 930i
683 613 883 669 uuilnut
918 621 1381 686 perturbationem
1422 625 1542 680 sine
1581 628 1780 683 mentis
1838 630 2107 687 obscura-
2141 642 2190 698 Α
2223 639 2412 705 gendis
2433 641 2634 712 aliquis
2659 659 2768 700 non
2803 647 3073 716 incurrat,
3105 649 3283 717 danda
3309 650 3382 708 sit
3412 651 3538 708 talis
3560 654 3774 723 regula:

518 695 664 760 tioue
687 724 828 775 esse,
852 726 1179 784 omnemque
1219 719 1536 775 constantiae
1562 721 1860 788 adversari,
1893 732 1947 779 et
1989 727 2124 782 sim-

520 799 732 868 pliciter
759 818 878 858 esse
899 807 1085 862 animo
1111 811 1471 866 evellendam.
1503 812 1560 868 Si
1587 830 1696 884 qua
1719 817 1864 870 enim
1891 827 1972 872 est
2002 821 2121 874 ani-

519 891 590 944 mi
626 897 939 961 eommotio,
977 899 1043 953 de
1070 916 1176 970 qua
1209 905 1321 959 haec
1358 905 1463 960 dici
1498 921 1606 961 non
1639 919 1891 977 possunt,
1941 911 2032 966 illa
2059 912 2116 967 in

519 983 604 1038 his
638 985 791 1042 libris
823 1005 930 1043 non
967 993 1270 1060 appellatur
1323 999 1694 1066 perturbatio.‘

579 1102 707 1158 CAP.
743 1103 886 1158 XIV.
920 1105 1000 1160 De
1029 1110 1428 1176 perturbatione
1463 1111 1812 1182 Theophrasti
1842 1120 2072 1174 uua-stic

1209 1182 1430 1251 duplex.

591 1281 792 1351 Nempe
846 1286 912 1342 de
965 1291 1372 1357 perturbatione
1405 1293 1798 1366 TheOphrastl,
1839 1315 1962 1368 qua:
1995 1315 2104 1356 non

519 1373 842 1431 adversatur
871 1383 1214 1444 constantius,
1245 1384 1356 1437 duo
1381 1396 1510 1441 sunt
1541 1391 1853 1458 quaerenda.
1878 1389 2058 1448 Unum
2089 1412 2104 1448 :

517 1465 710 1542 Utrqm
764 1473 1032 1543 contingit
1070 1476 1273 1532 homini
1313 1479 1629 1548 aliquando,
1663 1498 1731 1537 an
1783 1489 2108 1553 nunquam?

516 1561 675 1620 Aliud
709 1579 722 1616 :
767 1560 956 1618 Utrum
994 1568 1137 1621 cadit
1165 1569 1216 1621 in
1251 1569 1504 1638 beatum,
1536 1587 1604 1626 an
1632 1576 1783 1629 non?
1813 1575 1946 1631 Nam
1975 1593 2100 1634 cum

516 1651 865 1709 deﬁnitiones
913 1656 1318 1714 obscurationis
1382 1669 1436 1714 et
1478 1663 1868 1730 aequabilitatis
1902 1667 2102 1721 mentis

518 1746 768 1812 superius
826 1749 936 1802 sint
986 1750 1308 1817 descriptae,
1359 1752 1480 1820 jure
1533 1755 1808 1810 dubitabit
1855 1757 2098 1825 aliquis,

519 1848 704 1906 utrum
742 1848 918 1908 potest
950 1842 1272 1911 contingere
1295 1843 1348 1896 in
1377 1844 1563 1899 animo
1596 1848 1814 1904 turbida
1847 1849 2095 1904 commo-

518 1928 615 1994 tio,
646 1946 767 2000 quae
796 1947 892 1987 nec
917 1932 1219 1990 deﬁnitioni
1249 1937 1656 1995 obscurationis
1685 1943 1883 1997 mentis
1915 1943 1968 1998 in
1995 1943 2098 1998 ali-

445 2007 461 2023 ί
517 2039 631 2092 quo
673 2028 1063 2093 communicet,
1146 2046 1243 2086 nec
1295 2032 1663 2088 deﬁnitionem
1722 2037 2104 2104 aequabilitatis

519 2118 720 2172 mentis
751 2119 801 2172 in
828 2119 1014 2189 aliquo
1061 2136 1171 2176 non
1225 2121 1432 2178 laedat?
1482 2127 1564 2180 An
1618 2126 1959 2196 impossibile
2002 2129 2107 2186 hoc

518 2209 648 2262 est?
699 2212 869 2281 Cujus
926 2215 1250 2282 quaestionis
1292 2218 1573 2272 veritatem
1622 2219 1796 2289 magis
1867 2222 2105 2277 arbitror

519 2315 679 2366 posse
716 2302 965 2372 intelligi,
1016 2304 1059 2358 si
1095 2307 1222 2374 quis
1275 2308 1560 2376 passiones
1583 2311 1751 2364 animi
1795 2313 1880 2368 sui
1929 2314 2103 2384 respi-

518 2391 646 2454 εἰμι,
683 2409 845 2458 quam
879 2395 924 2449 si
967 2410 1061 2462 per
1087 2397 1572 2458 demonstrationis
1604 2403 1764 2458 verba
1792 2415 2069 2473 sequatur.

590 2481 666 2532 Ad
698 2483 996 2563 secundum
1053 2477 1184 2542 vero
1235 2492 1590 2546 manifestum
1637 2503 1720 2549 est
1768 2497 1960 2564 procul
2002 2497 2104 2552 du—

520 2564 633 2631 hin,
658 2558 796 2637 quod
825 2569 868 2623 si
912 2583 1131 2640 quaest
1191 2581 1490 2636 commotio
1547 2583 1716 2636 animi
1777 2588 2104 2644 c0ustantia:

523 2659 721 2714 utentis
772 2677 877 2715 non
900 2679 1210 2735 repugnans
1256 2685 1271 2722 :
1317 2670 1432 2725 sive
1487 2673 1797 2742 passionem
1831 2677 1945 2732 sive
1978 2693 2104 2747 pcr-

523 2751 888 2807 turbationem
922 2757 1053 2810 velit
1091 2760 1213 2828 quis
1243 2775 1362 2815 eam
1423 2765 1717 2832 appellare;
1797 2769 1945 2824 nullo
1981 2785 2104 2825 mo-

520 2843 590 2896 do
625 2843 1012 2903 beatitudinem
1067 2851 1233 2908 laedit.
1273 2854 1378 2910 Sed
1435 2857 1480 2910 si
1511 2860 1817 2916 voluntaria
1848 2877 1956 2917 non
1988 2873 2094 2944 est,

520 2935 664 2990 sicut
717 2937 889 2995 fames
952 2951 1006 2995 et
1060 2945 1201 3008 sitis,
1258 2949 1560 3004 secundum
1620 2935 2099 3025 Theophrastum,

521 3045 621 3083 nec
653 3031 717 3084 ad
751 3033 982 3091 virtutes
1019 3052 1118 3092 nec
1148 3040 1213 3092 ad
1252 3042 1380 3095 vitia
1419 3043 1636 3112 penitus
1669 3046 1928 3114 pertinet.
1956 3048 2102 3114 Qua—

523 3121 569 3176 si
595 3123 809 3179 dicatur
847 3142 859 3177 :
923 3131 967 3183 si
1001 3131 1168 3186 nimia
1222 3145 1319 3193 est,
1363 3137 1493 3190 vitio
1524 3139 1704 3193 danda
1735 3149 1820 3196 est
1853 3159 1868 3208 ;
1910 3142 1954 3196 si
1985 3157 2099 3198 me-

523 3212 746 3280 diocris,
806 3216 993 3272 virtuti
1029 3226 1231 3289 ;CIIjUS
1283 3225 1428 3278 enim
1490 3228 1746 3286 voluntas
1781 3241 1968 3286 nostra
1999 3232 2099 3288 do-

2227 727 2284 781 In
2360 744 2687 811 quacunque
2750 737 3046 794 universali
3101 743 3470 812 propositione
3527 742 3779 800 videbitur

2221 820 2411 890 alicui,
2443 839 2550 880 non
2589 829 2846 886 omnibus
2881 874 2895 898 ,
2923 848 3046 903 quae
3079 837 3302 893 nomine
3325 838 3556 906 subjecti
3583 840 3780 908 signiﬁ-

2219 921 2436 981 cantur,
2493 918 2845 987 prtedicatum
2887 937 3190 995 congruere
3235 941 3250 980 :
3327 928 3464 984 sciat
3496 943 3595 984 nos
3641 945 3777 985 more

2222 1002 2535 1063 Stoicorum
2564 1009 2619 1064 in
2651 1011 2762 1068 illis
2791 1021 3005 1072 tantum
3037 1017 3200 1073 rebus
3250 1019 3330 1075 uti
3362 1022 3585 1075 nomine
3611 1021 3781 1090 subje-

2213 1095 2324 1158 cti.
2365 1097 2567 1167 quibus
2625 1101 2979 1170 pradicatum
3011 1105 3124 1162 fere
3176 1115 3480 1175 coaptatur.
3508 1106 3567 1161 Si
3611 1107 3780 1176 plures

2213 1198 2344 1240 vero
2373 1202 2483 1253 res,
2501 1189 2690 1244 eodem
2714 1192 2958 1256 nomine.
2984 1195 3286 1250 secundum
3317 1197 3453 1252 alios
3486 1197 3781 1267 significan'

2211 1285 2320 1344 tur,
2353 1281 2556 1350 quibus
2590 1283 2941 1353 praedicatum
2971 1287 3151 1344 inesse
3169 1304 3275 1344 non
3330 1298 3536 1359 potest;
3569 1289 3776 1343 nihilad

2207 1371 2454 1430 Stoicos!
2480 1377 2622 1432 sicut
2647 1393 2748 1432 nec
2787 1379 2856 1433 ad
2895 1385 3201 1448 geometras
3257 1382 3581 1452 estaliquid,
3623 1383 3778 1438 sialia

2208 1479 2318 1532 res,
2347 1475 2542 1535 praeter
2566 1471 2634 1523 ab
2665 1472 2745 1524 eis
2773 1471 3075 1539 deﬁnitam,
3110 1473 3355 1530 circulus
3385 1475 3704 1546 appellatur.

2279 1601 2412 1656 CAP.
2477 1601 2590 1656 XV.
2655 1603 2997 1664 Per-turbatio
3052 1625 3120 1663 an
3163 1611 3371 1664 omnino
3421 1610 3699 1665 evellenda.

2273 1735 2638 1792 Resumentes
2691 1739 2879 1809 igitur,
2965 1742 3033 1798 de
3081 1745 3582 1812 perturbationibus
3633 1745 3764 1800 dici-

2203 1842 2345 1892 mus,
2372 1828 2634 1898 quoniam
2668 1831 2812 1887 illam
2841 1835 3267 1892 commotionem
3302 1838 3763 1904 perturbationum

2203 1927 2258 1979 in
2295 1923 2378 1978 liis
2407 1925 2765 1993 appellamus,
2803 1927 2858 1981 in
2903 1942 3009 1997 qua
3039 1944 3192 1986 mens
3237 1945 3266 1984 a
3301 1933 3604 1986 constantia
3635 1945 3778 2000 egre-

2207 2012 2376 2080 ditur,
2410 2024 2464 2068 et
2505 2015 2852 2081 obscuratur,
2881 2027 2936 2073 et
2964 2033 3194 2074 acumen
3226 2019 3557 2088 intelligendi
3588 2022 3772 2077 obtun-

2207 2105 2376 2170 ditur,
2408 2107 2758 2164 manifestum
2812 2118 2915 2176 est,
2951 2110 3096 2180 quod
3127 2126 3236 2166 non
3268 2121 3352 2167 est
3384 2115 3674 2167 resecanda
3699 2112 3776 2168 vel

2209 2199 2562 2264 moderanda,
2614 2200 2709 2255 sed
2763 2201 2981 2270 penitus
3035 2202 3332 2278 evellenda.
3386 2201 3518 2258 Nam
3596 2205 3652 2258 in
3684 2205 3779 2258 illis

2207 2301 2354 2347 recte
2387 2293 2743 2348 rnediocritas
2797 2293 3082 2362 quaeritur,
3147 2295 3200 2349 in
3256 2296 3454 2365 quibus
3497 2306 3777 2365 utrumque

2205 2381 2632 2452 vituperandum
2689 2394 2794 2452 est,
2831 2395 2887 2440 et
2942 2386 3110 2442 nimis
3149 2387 3448 2454 abundare,
3471 2397 3524 2442 et
3570 2388 3775 2456 penitus

2207 2488 2416 2529 carere.
2453 2473 2559 2533 Sed
2614 2477 3021 2546 perturbatione
3089 2494 3305 2546 vacare,
3349 2489 3402 2534 et
3460 2480 3685 2534 minime
3749 2489 3820 2533 a'

2205 2568 2514 2624 constantia
2539 2570 2746 2640 egredi,
2774 2581 2827 2625 et
2885 2586 3112 2626 acumen
3157 2573 3352 2627 mentis
3402 2572 3627 2626 illaesum
3661 2585 3778 2626 con-

2207 2675 2450 2729 servare,
2491 2677 2697 2734 magnre
2753 2663 2893 2719 laudi
2928 2663 3166 2720 dandum
3200 2674 3303 2721 est.
3352 2664 3597 2720 Conatus
3655 2678 3779 2734 ergo

2205 2763 2414 2818 noster,
2465 2769 2572 2809 non
2598 2755 2665 2811 ad
2712 2757 3105 2825 amputandam
3173 2756 3658 2826 perturbationem,
3693 2755 3780 2811 sed

2205 2847 2432 2901 omnino
2489 2847 2892 2918 exstirpandam
2928 2848 3243 2920 dirigendus
3273 2860 3377 2905 est.

2263 2981 2393 3038 Ωιι).
2432 2981 2567 3037 XVI.
2601 2982 3031 3041 Perturbationes
3055 3003 3179 3040 num
3205 2987 3485 3057 exstirpari
3512 2989 3734 3056 possint.

2278 3095 2420 3162 Quia
2450 3111 2580 3152 vero
2610 3097 2882 3166 possibile
2907 3108 3012 3164 est,
3054 3100 3246 3155 deinde
3277 3101 3670 3156 ostendendum
3693 3102 3776 3157 sit.

2206 3189 2415 3260 Duplex
2465 3198 2551 3245 est
2594 3191 2804 3261 Opinio,
2832 3207 2952 3261 qua:
3007 3195 3290 3262 perturbat
3327 3195 3584 3250 animum.
3649 3197 3808 3260 lina,

521 3307 669 3360 mina
712 3324 817 3362 non
847 3321 931 3366 est
955 3352 968 3376 ,
1006 3283 1158 3367 illud-
1201 3318 1652 3391 qualitercunque
1697 3283 1982 3394 contingit,
2004 3283 2108 3382 nec
2133 3314 2180 3376 C
2209 3299 2316 3387 αξη
2343 3283 2859 3394 (ἶβίηέίξηχῗηίιξύά
2892 3286 3389 3394 ῑ¹’³,“³θ¹¹¹¹ίίί¹¹“ἰθ⁹’
3411 3287 3623 3394 "olm"
3648 3289 3778 3342 ima‘

520 3399 740 3455 beatum
777 3418 876 3459 nec
903 3405 1161 3463 miserum
1194 3407 1325 3464 facit
1374 3430 1387 3473 ;
1437 3425 1494 3468 ut
1523 3415 1576 3468 in
1633 3417 1810 3486 primo
1844 3419 1984 3472 libro
2016 3434 2108 3476 os-

520 3499 733 3546 tensum
765 3503 848 3550 est
879 3534 895 3550 .
944 3497 1000 3551 Si
1034 3515 1161 3555 vero
1195 3503 1502 3561 voluntaria
1558 3516 1643 3563 est
1672 3519 1724 3564 et
1753 3511 2022 3581 contingit
2053 3515 2106 3568 in

518 3600 583 3638 eo
612 3625 627 3648 ,
651 3587 796 3654 quod
833 3589 1038 3660 aliquid
1084 3592 1260 3662 placet
1293 3596 1374 3651 vel
1403 3599 1697 3668 displicet,
1736 3605 2045 3674 pendetque
2071 3622 2102 3661 a

516 3693 644 3732 vera
689 3680 888 3749 objecti
949 3687 1222 3740 sententia
1257 3699 1309 3743 et
1333 3689 1572 3748 beneﬁca
1608 3694 1909 3762 voluntate,
1947 3707 2112 3768 atque

521 3786 750 3826 acumen
783 3776 980 3831 mentis
1011 3778 1064 3832 in
1097 3778 1280 3848 aliquo
1310 3798 1416 3837 non
1442 3784 1743 3841 deteriorat
1779 3807 1792 3855 ;
1829 3804 1928 3844 nec
1958 3784 2105 3846 trau-

440 3929 449 3938 .
522 3862 851 3931 quillitatem
907 3872 1154 3925 concutit
1185 3914 1200 3939 ,
1231 3873 1395 3947 etiam
1453 3878 1532 3932 sic
1569 3877 1983 3948 Theophrastus
2015 3899 2111 3938 no-

523 3957 669 4011 mine
698 3967 911 4015 tantum
939 3963 1213 4034 discrepat
1248 3982 1274 4019 a
1326 3967 1528 4024 Stoicis
1558 3989 1572 4036 ;
1606 3971 1752 4027 illam
1781 3974 1924 4028 enim
1963 3990 2123 4041 rem,_

520 4067 684 4120 quam
716 4069 815 4109 nos
851 4056 1174 4112 laudabilem
1207 4072 1480 4129 putamus.
1521 4070 1575 4119 et
1600 4066 1870 4134 pertinere
1897 4067 1962 4122 ad
1990 4068 2117 4123 bea-

521 4146 806 4203 titudinem
841 4152 1198 4219 arbitramur,
1252 4166 1303 4208 et
1356 4159 1718 4214 constantiam
1750 4160 2112 4231 appellamus,

518 4243 765 4298 eamdem
797 4243 886 4299 ille
913 4248 1374 4314 perturbationem
1410 4253 1635 4309 abusive
1665 4239 1923 4324 appellat.
1966 4254 2105 4310 Nam

521 4349 661 4401 saepe
695 4337 978 4408 contingit,
1003 4339 1170 4408 quod,
1207 4355 1330 4395 cum
1355 4342 1688 4400 disserentes
1714 4344 1894 4416 aliqua
1921 4347 1985 4400 de
2011 4346 2117 4399 alio

521 4443 631 4495 quo
664 4430 1044 4486 universalitcr
1087 4434 1383 4502 praedicant
1435 4435 1756 4492 aliirmative
1797 4437 1880 4491 vel
1909 4439 2116 4508 negati-

524 4534 587 4571 νο
613 4561 627 4584 ,
665 4521 943 4577 auditores
992 4523 1034 4577 si
1067 4525 1304 4580 viderint
1365 4528 1655 4596 praedicata
1687 4541 1792 4582 non
1832 4529 2110 4595 omnibus,

522 4628 644 4676 que
673 4613 774 4665 sub
803 4616 1024 4668 nomine
1069 4616 1300 4684 subjecti
1338 4627 1487 4684 sunt,
1519 4633 1825 4689 congruere
1856 4660 1870 4684 ,
1914 4626 2111 4688 putant

521 4701 642 4755 illas
671 4703 887 4756 mentiri
921 4722 935 4768 ;
982 4705 1080 4773 ipsi
1119 4708 1290 4776 magis
1313 4709 1547 4775 decepti,
1586 4711 1906 4778 ignorantes
1949 4723 2109 4762 usum

519 4793 813 4845 verborum
879 4795 1290 4852 disserentium.
1337 4795 1470 4849 Nam
1545 4798 1591 4852 si
1639 4799 1999 4866 disputantes,
2045 4800 2112 4854 ad

522 4888 644 4944 illas
673 4899 883 4944 tantum
907 4905 992 4947 res
1051 4908 1249 4946 nomen
1285 4892 1518 4962 subjecti
1557 4894 1880 4961 extendunt,
1910 4893 2113 4964 quibus

522 4983 818 5050 prce-dicata
855 4984 1194 5038 conveniunt
1226 5021 1240 5048 ,
1271 4997 1457 5039 veram
1489 4998 1611 5041 esse
1654 4999 1845 5040 eorum
1892 4996 2115 5042 senten-

523 5079 652 5133 tiam
681 5091 907 5132 necesse
950 5087 1054 5134 est.

597 5169 668 5231 Ut
702 5171 866 5241 igitur
900 5171 1062 5228 talem
1107 5171 1483 5242 deccptionem
1527 5169 1580 5225 in
1633 5171 1755 5227 istis
1790 5174 1994 5230 nostris
2031 5173 2108 5232 le-

2214 3375 2478 3446 ginationi
2530 3374 2910 3440 incidentium,
2972 3377 3172 3433 bonum
3237 3379 3321 3434 vel
3379 3380 3575 3434 malum
3642 3395 3778 3443 esse,

2213 3483 2339 3523 cum
2388 3467 2504 3524 suis
2539 3469 3007 3534 circumstantiis,
3042 3486 3164 3540 quae
3211 3481 3271 3526 ut
3313 3473 3605 3542 plurimum
3657 3472 3780 3525 [ειιμα

2211 3570 2295 3614 est
2334 3577 2347 3614 :
2387 3570 2482 3614 aut
2525 3560 2668 3615 enim
2729 3577 2839 3615 non
2888 3561 3049 3627 bona,
3075 3564 3216 3617 bona
3259 3581 3274 3630 ;
3311 3573 3426 3632 aut,
3450 3580 3566 3633 qua:
3623 3580 3776 3633 parva

2213 3662 2362 3717 sunt,
2404 3667 2599 3724 magna
2649 3655 3002 3710 aestimantes.
3045 3655 3303 3711 Similiter
3347 3670 3403 3712 et
3443 3659 3508 3712 de
3537 3658 3696 3710 malis
3728 3667 3776 3709 ut

2215 3745 2512 3813 plurimum
2548 3745 2956 3814 perturbantur.
3011 3746 3129 3800 Alia
3162 3757 3266 3810 est,
3315 3761 3422 3817 qua
3453 3746 3668 3800 videtur
3699 3761 3780 3800 re-

2213 3846 2360 3890 ctum
2415 3851 2555 3904 esse,
2594 3843 2653 3890 ut
2680 3837 3076 3906 perturbetur:
3145 3853 3266 3908 quae
3326 3854 3597 3910 nunquam
3663 3853 3780 3892 vera

2214 3942 2338 3982 esse
2387 3935 2584 3997 potest.
2636 3928 2764 3982 Sive
2813 3927 2958 3984 enim
2987 3928 3190 3984 bonum
3245 3938 3349 3994 est,
3415 3933 3530 3983 sive
3582 3928 3776 3982 malum

2217 4021 2363 4089 quod
2394 4020 2604 4085 incidit,
2639 4021 2786 4074 nulla
2844 4020 2983 4076 ratio
3018 4030 3123 4086 est,
3151 4033 3210 4076 ut
3271 4023 3389 4076 ideo
3429 4031 3636 4076 tantum
3669 4038 3777 4075 ma-

2216 4111 2327 4164 lum
2361 4110 2526 4165 menti
2563 4109 2846 4166 inferatur:
2877 4126 3054 4182 neque
3092 4120 3298 4166 rectum
3330 4111 3437 4165 ullo
3476 4125 3634 4181 pacto
3667 4125 3778 4166 esse

2216 4213 2414 4274 potesr,
2449 4212 2506 4256 ut
2543 4214 2762 4273 propter
2795 4205 2901 4258 alia
2941 4219 3280 4274 quaecunque
3323 4204 3463 4258 mala
3503 4205 3580 4258 vel
3643 4204 3773 4258 bona

2217 4298 2585 4368 turpiﬁcetur,
2642 4297 2789 4366 quod
2832 4297 2886 4352 in
2925 4300 3080 4354 nobis
3134 4297 3644 4368 prastantissimum
3679 4304 3774 4352 est.

2216 4390 2380 4446 Bonis
2415 4391 2559 4445 enim
2602 4392 2904 4446 custodiam
2933 4431 2948 4457 ,
2993 4392 3151 4446 malis
3199 4392 3438 4447 remedia
3489 4407 3594 4446 non
3619 4393 3774 4454 mala,

2214 4493 2268 4537 et
2320 4481 2590 4571 praecipue
2646 4482 2845 4552 quibus
2880 4498 3032 4539 mens
3086 4483 3317 4562 laeditur,
3389 4485 3774 4539 admovendum

2217 4583 2321 4631 est.
2356 4575 2526 4644 Igitur
2550 4575 2809 4645 quoniam
2833 4573 2982 4630 falsae
3029 4576 3314 4645 Opiniones
3347 4586 3493 4638 sunt,
3519 4592 3633 4644 qua:
3664 4576 3772 4629 ani-

2145 4664 2336 4722 Dmos
2399 4665 2578 4720 solent
2638 4670 2995 4736 perturbare,
3047 4668 3114 4722 de
3172 4667 3588 4737 quibuscunque
3653 4682 3771 4719 vero

2220 4756 2359 4813 false
2397 4758 2715 4827 opinamur,
2743 4759 3083 4828 impossibile
3136 4771 3219 4815 est
3247 4767 3461 4815 rectum
3494 4769 3547 4814 et
3591 4775 3768 4813 verum

2218 4849 2420 4904 habere
2464 4850 2732 4920 judicium
2775 4868 2789 4905 :
2849 4849 3203 4916 manifestum
3261 4861 3365 4921 est,
3414 4851 3557 4916 quod
3596 4851 3776 4906 deletis

2217 4942 2404 4996 animo
2432 4941 2538 4997 illis
2567 4942 2941 5011 opinionibus,
2998 4951 3053 4997 et
3077 4945 3346 4998 sententia
3403 4943 3634 4998 totaliter
3663 4957 3776 4995 mu-

2214 5041 2346 5103 tata,
2377 5035 2510 5089 nihil
2532 5035 2878 5104 relinquitur,
2909 5035 3053 5104 quod
3085 5035 3323 5089 animum
3355 5036 3531 5090 valeat
3576 5043 3771 5104 pertur-

2215 5128 2368 5184 bare.
2432 5123 2701 5182 Possibile
2737 5139 2868 5196 ergo
2891 5132 2973 5182 est
3005 5124 3507 5196 perturbationibus
3565 5135 3767 5179 vacare.
