4064 6454
487 483 3628 538 ‘W

1367 505 1792 517 “*—

1797 511 2252 522 Μ

1767 647 2344 790 ΠΙΝΑΞ.

575 881 799 968 ΤΩΝ
881 881 1030 968 ΕΝ
1101 875 1349 965 ΤΑΙΣ
1425 876 1932 966 ΟΜΙΛΙᾹΙΣ
2005 882 2027 967 ]

2073 882 2639 972 ῬΗΓΟΡΙΟΥ
2711 888 2942 976 ΤΟΥ
3016 885 3492 981 ΠΑΛΑΜΑ

1200 1052 1646 1107 ΚΥΡΙΩΤΕΡΩΝ
1698 1051 2129 1109 ΠΡΑΓΜΑΤΩΝ
2184 1054 2376 1111 ΚΑΤΑ
2419 1059 2862 1116 ΑΛΦΑΒΗΤΟΝ.

856 1327 1108 1400 (Hujusce
1142 1325 1421 1382 voluminis
1461 1326 1563 1380 col.
1592 1326 1626 1382 9
1657 1341 1674 1393 ;
1705 1326 1799 1379 sed
1831 1323 2036 1392 require
2067 1328 2135 1377 ad
2177 1341 2421 1379 numeros
2448 1331 2735 1385 crassiores
2764 1336 2934 1389 textui
2959 1334 3230 1407 insertos.)

1177 1552 1224 1606 A

410 1649 662 1720 Ἀϐραὰμ
696 1649 1036 1719 ἐχρημάτισε
1069 1647 1250 1715 πατὴρ
1281 1643 1489 1698 πολλῶν
1512 1641 1706 1721 ἐθνῶν,
1736 1643 1828 1698 54.

407 1741 658 1811 Ἀγάπης
685 1740 823 1810 ἔργα
855 1739 977 1791 τίνα
1013 1739 1147 1800 εἰσὶ,
1180 1737 1273 1790 25.

408 1832 686 1901 ’Δγγέλοις
730 1831 1091 1899 ὲγκαταλέγει
1122 1833 1248 1894 τοὺς
1277 1826 1639 1900 νηστεύοντας
1681 1828 1714 1898 ἡ
1763 1825 1977 1897 ἀληθὴς

411 1979 421 1990 ,
465 1922 714 1990 νηστεία,
740 1923 830 1976 58.
1120 1988 1124 1992 _

407 2015 660 2083 Ἀδελφδς
713 2015 810 2068 καὶ
861 2013 1049 2083 πατὴρ
1096 2012 1256 2082 ὴμῶν
1311 2015 1462 2066 ἐστιν
1512 2015 1540 2066 6
1587 2011 1797 2084 Ἰησοῦς
1841 2013 1978 2082 Χρι-

466 2107 612 2167 στὸς,
644 2107 696 2160 1.

395 2200 660 2268 Αἴσθησις
694 2199 1163 2268 περιεκτικωτάτη
1200 2197 1350 2250 ἐστὶν
1379 2197 1413 2266 ἡ
1445 2195 1741 2264 φαντασία,
1780 2195 1904 2251 187.

405 2291 645 2360 Ἀμερὴς
677 2290 771 2342 καὶ
798 2290 1041 2358 ἄληπτος
1072 2292 1105 2360 ἡ
1135 2290 1230 2342 τοῦ
1262 2289 1398 2342 Θεοῦ
1430 2287 1613 2351 οὐσία,
1649 2287 1776 2341 199.

397 2382 666 2449 ’Δμικτον
707 2381 812 2451 χρὴ
847 2381 1029 2448 πάσης
1063 2379 1261 2444 κακίας
1303 2380 1396 2433 τὸν
1430 2379 1528 2449 τῆς
1564 2378 1816 2452 νηστείας
1849 2395 1975 2430 και-

471 2473 564 2544 ρὸν
598 2476 908 2543 συντηρεῖν,
947 2473 1036 2528 52.

323 2627 334 2640 ,
405 2566 460 2618 Ἀ
473 2567 695 2634 μπελὼν
723 2566 932 2634 Κυρίου
964 2565 1191 2620 Σαϐαὼθ
1222 2565 1366 2627 τίνες
1396 2563 1525 2630 εἰσὶ,
1557 2564 1684 2619 151.

405 2656 752 2720 Ἀναϐίὸασις
783 2656 877 2710 τοῦ
911 2656 1172 2727 λογισμοῦ
1199 2659 1291 2710 ἐπὶ
1317 2657 1378 2709 τὸ
1409 2655 1542 2725 ῦψος
1579 2655 1675 2710 τοῦ
1701 2656 1970 2727 Σταυροῦ,

464 2749 557 2804 60.

397 2841 669 2912 Ἀναρχον
697 2842 858 2912 ἔργον
890 2841 982 2896 τοῦ
1005 2841 1140 2896 Θεοῦ
1183 2841 1335 2895 ποῖόν
1363 2843 1504 2908 ἐστι,
1527 2841 1618 2897 99.

405 2933 785 2988 Ἀνθὶστασθαι
808 2937 889 2989 δεῖ
916 2935 1008 2988 τὸν
1042 2935 1230 2989 πιστὸν
1257 2938 1322 3006 τῇ
1349 2936 1565 2988 συνέσει
1588 2933 1690 3004 τῆς
1713 2933 1971 3000 πίστεως,

467 3028 562 3079 καὶ
595 3029 809 3098 χαίρειν
846 3032 910 3098 τῇ
944 3029 1146 3094 ἐλπίδι,
1177 3029 1270 3084 95.

405 3117 704 3187 Ἀνθρακιὰ
730 3120 783 3171 τί
815 3121 1054 3188 λέγεται,
1090 3121 1216 3176 152.

404 3207 707 3272 ’Δντίθετος
756 3212 785 3262 6
835 3213 1038 3280 τρόπος
1074 3212 1176 3282 τῆς
1224 3211 1539 3284 προσευχῆς
1577 3212 1670 3266 τοῦ
1724 3212 1972 3268 Τελώνου

463 3305 558 3355 καὶ
589 3305 912 3374 Φαρισαίου,
957 3305 1013 3361 6.

396 3394 667 3456 Ἅπαντες
715 3397 906 3460 κοινῶς
956 3396 1177 3469 εἴχομεν
1220 3399 1320 3468 τὴν
1364 3399 1432 3451 ὲκ
1475 3399 1570 3452 τοῦ
1624 3402 1972 3471 προπάτορος

463 3488 628 3558 ἀρὰν,
653 3488 746 3542 25.

404 3577 658 3651 Ἀπαρχὴ
685 3581 777 3633 τοῦ
806 3581 1124 3649 Πνεύματος
1157 3583 1210 3634 τί
1241 3583 1593 3652 ὀνομάζεται,
1628 3585 1718 3640 91.

407 3671 792 3742 Ἀπερινόητον
830 3677 1126 3744 μυστήριον
1155 3678 1187 3744 ἡ
1222 3675 1485 3744 σύλληψις
1514 3677 1609 3729 τοῦ
1655 3678 1835 3745 Λόγου
1874 3679 1968 3731 τοῦ

464 3768 598 3819 θεοῦ
626 3769 717 3818 καὶ
754 3767 1107 3838 θεανθρῶπου
1142 3769 1398 3836 Σωτῆρος
1419 3768 1580 3837 ἡμῶν
1624 3767 1804 3838 Ἰησοῦ
1834 3771 1966 3840 Χρι-

465 3862 590 3912 στοῦ
623 3862 878 3928 ἀγγέλοις
901 3877 961 3912 τε
995 3860 1086 3912 καὶ
1117 3859 1450 3927 ἀνθρώποις,
1485 3861 1576 3914 72.

376 3950 536 4004 .⁹Απδ
567 3952 737 4005 ποίων
783 3954 1066 4023 στομάτων
1105 3954 1132 4006 6
1163 3953 1294 4016 Θεὸς
1322 3953 1418 4005 καὶ
1446 3953 1495 4006 οί
1535 3953 1680 4023 ἆγιοι
1711 3951 1877 4008 αὑτοῦ
1905 3953 1966 4007 οὐ

459 4045 701 4114 δέχονται
735 4043 924 4113 ὕμνον,
967 4045 1092 4099 146.

402 4135 652 4189 Ἀσέϐεια
684 4137 930 4205 διαφέρει
963 4137 1214 4205 ἀνομίας,
1249 4135 1374 4189 165.

400 4227 625 4279 Ἀτοπία
668 4229 900 4296 μεγίστη
943 4228 1003 4279 τὸ
1037 4227 1216 4294 λέγειν
1253 4228 1329 4298 μὴ
1356 4228 1468 4280 δεῖν
1510 4229 1766 4297 γενέσθαι
1818 4229 1968 4300 παρὰ

457 4319 592 4370 Θεοῦ
626 4321 750 4381 τοὺς
790 4319 1321 4388 κολασθησομένους,
1346 4319 1474 4374 251.

385 4405 742 4468 Δὺτεξούσιον
773 4406 801 4456 6
827 4407 958 4480 Θεὸς
985 4409 1211 4478 ἐποίησε
1245 4412 1333 4462 τὸν
1359 4409 1672 4480 ἄνθρωπον,
1710 4410 1837 4466 200.

1165 4569 1206 4619 Β

386 4662 590 4752 Βαιθὴλ
626 4684 742 4742 πῶς
774 4679 1216 4749 ἑρμηνεύεται,”1
1237 4681 1319 4736 12.

389 4777 552 4836 Bito;
589 4776 679 4825 καὶ
705 4774 858 4835 λαὸἑς
886 4775 1034 4824 ἐστιν
1066 4776 1097 4841 ὴ
1125 4773 1594 4844 Παρθενομήτωρ,
1638 4774 1728 4830 76.

385 4866 547 4916 Βιαία
571 4859 692 4933 ἧνή
720 4864 856 4932 πνοὴ
893 4865 1033 4917 κατὰ
1059 4865 1156 4933 τὴν
1184 4865 1400 4934 ἡμέραν
1428 4866 1523 4934 τῆς
1559 4867 1962 4939 Πεντηκοστης,

458 4959 551 5008 καὶ
579 4956 725 5018 τίνες
756 4955 1018 5025 προεῖπον
1053 4959 1178 5027 περὶ
1216 4958 1407 5026 αὐτῆς,
1442 4958 1567 5012 156.

1161 5117 1200 5169 Γ

385 5231 625 5304 Γαϐριὴλ
651 5229 720 5306 ἦν
741 5233 770 5285 6
787 5231 1284 5310 εὖαγγελισάμενος
1313 5235 1433 5298 ταῖς
1465 5233 1816 5304 Μυροφόροις
1862 5237 1962 5310 τὴν

453 5305 754 5381 ἀνάστασιν
779 5323 875 5380 τοῦ
910 5305 1174 5395 Χριστοῦ,
1208 5325 1333 5380 105.

384 5419 570 5489 Γάμον
603 5419 656 5473 τί
690 5419 861 5488 λέγει’
893 5418 1102 5490 γάμους
1123 5420 1268 5473 διατί
1298 5420 1445 5490 λέγει
1476 5421 1573 5477 καὶ
1595 5422 1720 5494 οὐχὶ
1748 5423 1952 5494 γάμον,

453 5512 581 5567 252.

384 5607 684 5678 Γεννήτρια
714 5605 814 5676 τῆς
844 5607 1113 5670 ἀπαθείας
1139 5608 1288 5661 ἐστὶν
1311 5609 1346 5679 ἡ
1375 5608 1696 5679 ἐγκράτεια,
1721 5610 1810 5667 48.

385 5699 579 5761 Γεῦσις
608 5699 709 5764 τῆς
755 5701 1027 5769 ἁμαρτίας
1075 5704 1224 5757 ἐστὶν
1269 5704 1300 5770 ή
1345 5704 1407 5757 ἐν
1445 5702 1525 5774 τῷ
1574 5703 1823 5776 λογισμῷ
1853 5704 1956 5776 τῆς

459 5797 658 5859 κακίας
692 5796 856 5867 ἀρχὴ,
883 5795 980 5852 191
993 5834 1008 5851 .

2084 1548 2158 1618 Γῇ
2195 1547 2614 1617 παραϐάλλεται
2637 1553 2669 1623 ἡ
2694 1552 2863 1625 ψυχὴ.
2904 1554 3023 1609 184.

2083 1641 2282 1712 Γνόιρον
2312 1643 2364 1696 τί
2390 1647 2564 1698 ὲννοεῖ
2592 1648 2620 1700 6
2650 1648 2825 1716 μέγας
2852 1647 3153 1716 Διονύσιος,
3183 1650 3308 1704 197.

2845 1807 2884 1858 Δ
2941 1841 2945 1844 .

2079 1910 2312 1980 Δαίμοσι
2349 1913 2741 1969 συντάσσονται
2771 1916 2822 1970 οῖ
2863 1918 3001 1986 πρὸς
3042 1919 3295 1990 γοητείας
3331 1921 3657 1993 χωροῦντες,

2151 2004 2278 2058 177.

2079 2095 2432 2149 Δακτυλίδιον
2463 2099 2568 2150 καῖ’
2596 2099 2921 2171 ὑποδήματα
2953 2107 3004 2158 τί
3043 2107 3309 2173 ἐννοοῦσι,
3346 2111 3430 2165 16.

2077 2185 2173 2238 Δεῖ
2199 2188 2263 2258 τῇ
2297 2189 2524 2260 νηστείᾳ
2557 2196 2845 2260 προσεῖναι
2875 2195 2976 2265 τὴν
3011 2199 3364 2269 ἐγκράτειαν,
3396 2202 3487 2257 55.

2078 2278 2179 2330 Διὰ
2209 2280 2368 2348 λόγου
2404 2283 2639 2339 τελεῖται
2665 2288 2853 2359 ἡμῖνὴ
2894 2290 3029 2360 πρὸς
3052 2293 3186 2345 Θεὸν
3225 2294 3407 2360 θυσία,
3445 2296 3531 2350 52.

2076 2371 2176 2424 Διὰ
2207 2372 2262 2426 τί
2292 2375 2322 2442 ἡ
2353 2377 2685 2442 ταπείνωσις
2709 2381 2901 2449 ἀνάγει
2937 2383 3030 2436 τὸν
3060 2385 3350 2454 ἄνθρωπον
3393 2389 3473 2451 είς
3524 2388 3660 2455 ὕφος

2145 2463 2516 2536 δικαιοσύνης,
2549 2471 2581 2539 ή
2616 2471 2672 2523 δὲ
2718 2464 2897 2542 οἴησις
2931 2475 3159 2544 κατάγει
3189 2478 3356 2531 αὑτὸν
3401 2478 3536 2549 πρὸς
3567 2478 3661 2549 βυ-

2148 2554 2238 2607 θὸν
2261 2558 2358 2625 τῆς
2397 2561 2695 2629 ἁμαρτίας,
2729 2563 2784 2618 5.
3077 2619 3086 2638 _.

2075 2647 2230 2701 Διατί
2263 2650 2464 2718 κόσμος
2505 2653 2753 2707 καλεῖται
2787 2655 2846 2708 τὸ
2880 2658 3008 2721 πᾶν,
3049 2659 3141 2713 55.
3572 2728 3578 2733 χ

2077 2743 2233 2796 Διατί
2261 2744 2404 2797 κατὰ
2451 2749 2630 2800 πάντα
2658 2748 2895 2820 ὑπήκοος
2935 2755 3012 2821 τῷ
3058 2741 3214 2826 νόμῳ¹
3238 2759 3448 2826 γίνεται
3493 2761 3523 2814 6
3559 2763 3659 2815 Δε-

2156 2833 2359 2905 σπότης
2396 2837 2654 2904 Χριστὸς,
2682 2840 2773 2894 26.

2082 2926 2237 2980 Διατί
2279 2927 2306 2978 6
2333 2928 2636 2998 ἄνθρωπος
2684 2932 2821 3000 μετὰ
2851 2933 3028 2986 πάντα
3077 2935 3145 2988 τά
3191 2935 3658 3008 δημιουργήματι

2155 3018 2427 3088 ἐπλάσθη,
2455 3021 2544 3086 55,
2585 3023 2712 3078 146.

2081 3110 2232 3163 Διατί
2254 3111 2543 3183 ἄνθρωπος
2567 3115 2790 3185 γέγονεν
2820 3118 2849 3171 6
2882 3121 2975 3172 τοῦ
3006 3120 3142 3174 Θεοῦ
3179 3121 3306 3186 Υἱὸς
3341 3125 3435 3176 καὶ
3457 3125 3654 3190 Λόγος,

2151 3204 2242 3262 88.

2079 3320 2235 3373 Διατί
2289 3323 2316 3374 6
2367 3320 2603 3394 Χριστὸς
2651 3327 2970 3397 προσφοράν
3017 3331 3196 3400 ἑαυτῷ
3237 3333 3343 3418 ’καὶ
3397 3333 3656 3405 ἀπαρχὴν

2153 3416 2500 3482 προσήνεγκε
2527 3416 2602 3484 τῷ
2639 3419 2813 3486 Πατρὶ
2839 3419 2977 3486 ὑπὲρ
3009 3423 3190 3490 ἡμῶν,
3216 3416 3302 3477 89.

2079 3506 2116 3554 Δ
2145 3505 2234 3556 ατί
2263 3506 2395 3574 ἕστη
2425 3507 2483 3558 ὲν
2523 3512 2675 3577 μέσῳ
2697 3509 2808 3560 τῶν
2844 3498 3106 3580 μαθητῶν
3134 3515 3160 3564 6
3194 3515 3417 3582 Κύριος.
3456 3515 3576 3569 122.

2077 3598 2232 3650 Διατί
2275 3600 2494 3653 πάντων
2540 3602 2651 3652 τῶν
2699 3601 2869 3670 ἁγίων
2923 3605 3023 3675 τὴν
3075 3606 3293 3675 μνήμην
3335 3610 3571 3660 ποιεῖται
3616 3613 3650 3680 ἡ

2163 3692 2481 3761 Ἐκκλησία,
2515 3693 2639 3749 145.

2075 3807 2231 3860 Διατί
2263 3806 2345 3870 τὸ,
2379 3809 2665 3878 παράγων,
2701 3810 2781 3873 δὶς
2813 3810 3052 3881 εἴρηται,
3085 3811 3209 3868 169.

2077 3897 2231 3952 Διατί
2259 3899 2387 3961 τοὺς
2422 3899 2672 3970 μαθητὰς
2699 3902 3016 3971 ἠνάγκαζεν
3048 3906 3129 3968 εις
3160 3909 3220 3960 τὸ
3259 3906 3443 3962 πλοῖον
3469 3890 3648 3985 ἐμϐῆ-

2149 4008 2258 4058 ναη
2305 3993 2426 4048 179.

2069 4085 2224 4138 Διατί
2262 4080 2535 4154 λέγει’-δά,
2590 4087 2848 4158 καθήσει,
2901 4091 2995 4142 καὶ
3048 4090 3501 4162 συναχθήσονται,
3555 4099 3650 4152 καὶ

2138 4180 2377 4248 ἀφοριετ,
2411 4180 2536 4235 202.

2067 4270 2168 4324 Διά
2207 4272 2307 4339 τῆς
2354 4272 2630 4342 ἁμαρτίας
2689 4275 2946 4346 είσχωρεῖ
2979 4277 3008 4344 ἡ
3063 4276 3377 4344 δυσσέόεια,
3425 4280 3520 4333 καὶ
3562 4281 3652 4335 διά

2138 4364 2233 4431 τῆς
2259 4364 2574 4455 δυσσεϐείας
2603 4367 2636 4436 η
2664 4367 2934 4443 ἁμαρτία,
2970 4367 3060 4422 42.

2071 4479 2169 4530 Διὰ
2200 4478 2360 4530 τίνων
2407 4481 2435 4532 6
2483 4479 2719 4551 Χριστὸς
2765 4481 3100 4557 ὑπερυψώθη
3156 4487 3311 4557 παρὰ
3356 4487 3513 4553 Θεοῦ,
3551 4489 3650 4542 καὶ

2139 4568 2259 4631 πῶς
2299 4570 2446 4638 ἡμᾶς
2483 4571 2672 4634 σώσει,
2708 4572 2833 4628 126.

2068 4661 2404 4714 Διδασκαλία
2461 4679 2527 4715 πε
2537 4663 2592 4733 ρὶ
2642 4663 2744 4735 τῆς

2139 4754 2479 4824 Πνεύματος,
2508 4757 2596 4810 «11.
3219 4812 3222 4815 .

2068 4848 2324 4918 Διαξέρει
2358 4851 2390 4915 ὴ
2431 4850 2570 4919 πρὸς
2603 4850 2735 4904 Θεὸν
2774 4851 2966 4924 ἀγάπη
3007 4854 3106 4924 τῆς
3136 4857 3272 4926 πρὸς
3320 4857 3410 4911 τὸν
3438 4859 3647 4930 κόσμον

2137 4939 2327 5010 ἀγάπη
2348 4959 2381 5004 7,
2422 4941 2544 4996 185.
3315 4938 3335 4948 ”

2796 4667 3180 4739 ἐκπορεύσεως
3225 4671 3322 4726 τοῦ
3379 4672 3647 4742 παναγίου

2067 5055 2338 5124 Διάφορος
2365 5057 2398 5126 η
2427 5057 2710 5128 προσευχὴ
2737 5056 2832 5112 τοῦ
2860 5058 3130 5122 Τελώνου,
3165 5058 3218 5114 8.

2066 5150 2146 5203 Δι’
2172 5152 2290 5216 ἑνὸς
2315 5155 2342 5205 6
2366 5153 2604 5223 Χριστὸς
2637 5155 2830 5209 ἰάσατο
2857 5155 2949 5209 τὸν
2977 5155 3202 5209 διπλοῦν
3235 5157 3367 5226 ἡμῖν
3393 5157 3643 5226 θάνατον,

2137 5245 2392 5314 καθάπερ
2418 5248 2444 5298 6
2472 5244 2720 5309 διάϐολος
2743 5247 2810 5299 δι’
2833 5247 2953 5310 ἑνὸς
2985 5247 3358 5318 προύξένησεν
3391 5251 3520 5319 ἡμῖν
3545 5252 3646 5305 αὖ·

2138 5339 2249 5399 τὸν,
2279 5338 2368 5392 91.

2065 5428 2296 5482 Διπλοῦν
2322 5430 2384 5482 τὸ
2408 5424 2546 5493 εἶδος
2579 5429 2680 5500 τῆς
2711 5433 3041 5503 προσευχῆς,
3079 5429 3128 5484 7.
3155 5431 3391 5485 Διπλοῦν
3419 5433 3480 5486 τὸ
3505 5429 3645 5497 εἶδος

2133 5520 2244 5575 τῶν
2289 5521 2642 5593 πειρασμῶν,
2668 5521 2792 5578 182.
2833 5523 3066 5577 Διπλοῦν
3095 5523 3158 5578 τδ
3187 5524 3290 5596 τῆς
3345 5524 3645 5595 ἐλεημοσύ-

2134 5632 2234 5685 νης
2280 5615 2464 5682 καλὸν,
2508 5615 2635 5671 201.
2682 5614 2919 5670 Διπλοῦν
2965 5616 3027 5670 τὺ
3075 5618 3173 5686 τῆς
3221 5617 3510 5688 ἐνεργείας
3537 5618 3644 5688 κη.

2134 5723 2321 5780 ρυγμα
2357 5708 2469 5762 τῶν
2507 5710 2872 5787 ’Δποστόλων,
2916 5711 3042 5766 157.
3075 5710 3306 5788 Διπλοῦς
3337 5711 3366 5763 6
3400 5710 3459 5762 ἐν
3506 5710 3643 5779 ἡμῖν

2126 5802 2389 5873 πόλεμος,
2418 5801 2543 5858 155.
2568 5785 2801 5858 Διπλοῦν
2822 5785 3275 5876 περιτείχισμα
3303 5802 3528 5875 νηστεία
3545 5801 3642 5858 καὶ
