  <div class='ocr_page' id='page_1' title='image "/cluster/home/n/w/nwhite01/storage/ocr_20150623/151:no.2/coo.31924054870567/693.png"; bbox 0 0 4064 6462; ppageno 0'>
   <div class='ocr_carea' id='block_1_1' title="bbox 418 450 557 514">
    <p class='ocr_par' dir='ltr' id='par_1_1' title="bbox 418 450 557 514">
     <span class='ocr_line' id='line_1_1' title="bbox 418 450 557 514; baseline 0.007 -1"><span class='ocrx_word' id='word_1_1' title='bbox 418 450 557 514; x_wconf 58' lang='lat'><strong>131.7</strong></span> 
     </span>
    </p>
   </div>
   <div class='ocr_carea' id='block_1_2' title="bbox 481 565 1987 648">
    <p class='ocr_par' dir='ltr' id='par_1_2' title="bbox 481 565 1987 648">
     <span class='ocr_line' id='line_1_2' title="bbox 481 565 1987 648; baseline 0.009 -31"><span class='ocrx_word' id='word_1_2' title='bbox 481 567 514 634; x_wconf 81' lang='grc' dir='ltr'>ἠ</span> <span class='ocrx_word' id='word_1_3' title='bbox 548 565 868 636; x_wconf 77' lang='grc' dir='ltr'>ἐγκράτεια,</span> <span class='ocrx_word' id='word_1_4' title='bbox 902 567 991 624; x_wconf 69' lang='grc' dir='ltr'>ιι.</span> <span class='ocrx_word' id='word_1_5' title='bbox 1026 571 1256 636; x_wconf 82' lang='grc' dir='ltr'>Διπλοῦς</span> <span class='ocrx_word' id='word_1_6' title='bbox 1281 573 1430 628; x_wconf 75' lang='grc' dir='ltr'>ἐστιν</span> <span class='ocrx_word' id='word_1_7' title='bbox 1457 574 1485 627; x_wconf 87' lang='lat'>0</span> <span class='ocrx_word' id='word_1_8' title='bbox 1519 574 1828 648; x_wconf 79' lang='grc' dir='ltr'>ἄνθρωπος,</span> <span class='ocrx_word' id='word_1_9' title='bbox 1863 575 1987 631; x_wconf 71' lang='grc'><strong>141.</strong></span> 
     </span>
    </p>
   </div>
   <div class='ocr_carea' id='block_1_3' title="bbox 411 658 1823 740">
    <p class='ocr_par' dir='ltr' id='par_1_3' title="bbox 411 658 1823 740">
     <span class='ocr_line' id='line_1_3' title="bbox 411 658 1823 740; baseline 0.01 -28"><span class='ocrx_word' id='word_1_10' title='bbox 411 658 672 730; x_wconf 86' lang='grc' dir='ltr'>Δοκίμιον</span> <span class='ocrx_word' id='word_1_11' title='bbox 705 661 817 716; x_wconf 89' lang='grc' dir='ltr'>τῶν</span> <span class='ocrx_word' id='word_1_12' title='bbox 850 663 1060 716; x_wconf 80' lang='grc' dir='ltr'>πιστῶν</span> <span class='ocrx_word' id='word_1_13' title='bbox 1083 667 1223 722; x_wconf 83' lang='grc' dir='ltr'>εἰσιν</span> <span class='ocrx_word' id='word_1_14' title='bbox 1255 669 1306 724; x_wconf 87' lang='grc' dir='ltr'>οί</span> <span class='ocrx_word' id='word_1_15' title='bbox 1336 670 1660 740; x_wconf 70' lang='grc' dir='ltr'>πειρασμυὶ,</span> <span class='ocrx_word' id='word_1_16' title='bbox 1699 670 1823 726; x_wconf 87' lang='lat'><strong>179.</strong></span> 
     </span>
    </p>
   </div>
   <div class='ocr_carea' id='block_1_4' title="bbox 407 753 1132 826">
    <p class='ocr_par' dir='ltr' id='par_1_4' title="bbox 407 753 1132 826">
     <span class='ocr_line' id='line_1_4' title="bbox 407 753 1132 826; baseline 0.012 -22"><span class='ocrx_word' id='word_1_17' title='bbox 407 753 570 824; x_wconf 87' lang='grc' dir='ltr'>Δῶρα</span> <span class='ocrx_word' id='word_1_18' title='bbox 603 757 703 824; x_wconf 80' lang='grc' dir='ltr'>τῆς</span> <span class='ocrx_word' id='word_1_19' title='bbox 732 755 1007 826; x_wconf 78' lang='grc' dir='ltr'>νηστείας,</span> <span class='ocrx_word' id='word_1_20' title='bbox 1040 758 1132 813; x_wconf 66' lang='grc'>51.</span> 
     </span>
    </p>
   </div>
   <div class='ocr_carea' id='block_1_5' title="bbox 1187 875 1231 932">
    <p class='ocr_par' dir='ltr' id='par_1_5' title="bbox 1187 875 1231 932">
     <span class='ocr_line' id='line_1_5' title="bbox 1187 875 1231 932; baseline 0 0"><span class='ocrx_word' id='word_1_21' title='bbox 1187 875 1231 932; x_wconf 86' lang='lat' dir='ltr'><strong>E</strong></span> 
     </span>
    </p>
   </div>
   <div class='ocr_carea' id='block_1_6' title="bbox 407 984 1416 1061">
    <p class='ocr_par' dir='ltr' id='par_1_6' title="bbox 407 984 1416 1061">
     <span class='ocr_line' id='line_1_6' title="bbox 407 984 1416 1061; baseline 0.009 -24"><span class='ocrx_word' id='word_1_22' title='bbox 407 984 504 1047; x_wconf 85' lang='grc' dir='ltr'>Είς</span> <span class='ocrx_word' id='word_1_23' title='bbox 531 985 777 1058; x_wconf 85' lang='grc' dir='ltr'>τέσσαρα</span> <span class='ocrx_word' id='word_1_24' title='bbox 806 988 1045 1060; x_wconf 80' lang='grc' dir='ltr'>διῃρεῖτο</span> <span class='ocrx_word' id='word_1_25' title='bbox 1072 991 1105 1061; x_wconf 81' lang='grc' dir='ltr'>ἡ</span> <span class='ocrx_word' id='word_1_26' title='bbox 1133 990 1252 1055; x_wconf 83' lang='grc' dir='ltr'>νὺξ,</span> <span class='ocrx_word' id='word_1_27' title='bbox 1292 990 1416 1046; x_wconf 88' lang='grc'><strong>180.</strong></span> 
     </span>
    </p>
   </div>
   <div class='ocr_carea' id='block_1_7' title="bbox 412 1073 1250 1149">
    <p class='ocr_par' dir='ltr' id='par_1_7' title="bbox 412 1073 1250 1149">
     <span class='ocr_line' id='line_1_7' title="bbox 412 1073 1250 1149; baseline 0.011 -23"><span class='ocrx_word' id='word_1_28' title='bbox 412 1073 636 1129; x_wconf 78' lang='grc' dir='ltr'>Ἕλαιόν</span> <span class='ocrx_word' id='word_1_29' title='bbox 666 1078 818 1132; x_wconf 72' lang='grc' dir='ltr'>ἔστιν</span> <span class='ocrx_word' id='word_1_30' title='bbox 850 1080 881 1149; x_wconf 81' lang='grc' dir='ltr'><strong>ἠ</strong></span> <span class='ocrx_word' id='word_1_31' title='bbox 916 1081 1126 1149; x_wconf 82' lang='grc' dir='ltr'>ἀγάπη,</span> <span class='ocrx_word' id='word_1_32' title='bbox 1158 1079 1250 1136; x_wconf 84' lang='grc'>22.</span> 
     </span>
    </p>
   </div>
   <div class='ocr_carea' id='block_1_8' title="bbox 409 1168 1498 1252">
    <p class='ocr_par' dir='ltr' id='par_1_8' title="bbox 409 1168 1498 1252">
     <span class='ocr_line' id='line_1_8' title="bbox 409 1168 1498 1252; baseline 0.008 -29"><span class='ocrx_word' id='word_1_33' title='bbox 409 1168 659 1242; x_wconf 84' lang='grc' dir='ltr'>Ἐνδυμα</span> <span class='ocrx_word' id='word_1_34' title='bbox 683 1173 865 1242; x_wconf 82' lang='grc' dir='ltr'>γάμου</span> <span class='ocrx_word' id='word_1_35' title='bbox 897 1174 1050 1227; x_wconf 70' lang='grc' dir='ltr'>ἐστὶν</span> <span class='ocrx_word' id='word_1_36' title='bbox 1085 1175 1345 1252; x_wconf 38' lang='grc' dir='ltr'>ήιὰρετὴ,</span> <span class='ocrx_word' id='word_1_37' title='bbox 1369 1176 1498 1232; x_wconf 73' lang='grc'><strong>251.</strong></span> 
     </span>
    </p>
   </div>
   <div class='ocr_carea' id='block_1_9' title="bbox 416 1259 1987 1341">
    <p class='ocr_par' dir='ltr' id='par_1_9' title="bbox 416 1259 1987 1341">
     <span class='ocr_line' id='line_1_9' title="bbox 416 1259 1987 1341; baseline 0.007 -26"><span class='ocrx_word' id='word_1_38' title='bbox 416 1259 510 1315; x_wconf 86' lang='grc' dir='ltr'>Ἐν</span> <span class='ocrx_word' id='word_1_39' title='bbox 538 1261 810 1333; x_wconf 81' lang='grc' dir='ltr'>πνεύματι</span> <span class='ocrx_word' id='word_1_40' title='bbox 849 1265 945 1318; x_wconf 78' lang='grc' dir='ltr'>καὶ</span> <span class='ocrx_word' id='word_1_41' title='bbox 972 1264 1201 1338; x_wconf 80' lang='grc' dir='ltr'>ἀληθείᾳ</span> <span class='ocrx_word' id='word_1_42' title='bbox 1224 1267 1306 1322; x_wconf 79' lang='grc' dir='ltr'>δεῖ</span> <span class='ocrx_word' id='word_1_43' title='bbox 1333 1271 1665 1341; x_wconf 82' lang='grc' dir='ltr'>προσκυνεῖν</span> <span class='ocrx_word' id='word_1_44' title='bbox 1698 1269 1789 1326; x_wconf 83' lang='grc' dir='ltr'>τὸν</span> <span class='ocrx_word' id='word_1_45' title='bbox 1821 1270 1987 1340; x_wconf 80' lang='grc' dir='ltr'>Θεδν,</span> 
     </span>
    </p>
   </div>
   <div class='ocr_carea' id='block_1_10' title="bbox 473 1357 599 1413">
    <p class='ocr_par' dir='ltr' id='par_1_10' title="bbox 473 1357 599 1413">
     <span class='ocr_line' id='line_1_10' title="bbox 473 1357 599 1413; baseline 0 -1"><span class='ocrx_word' id='word_1_46' title='bbox 473 1357 599 1413; x_wconf 86' lang='grc'><strong>112.</strong></span> 
     </span>
    </p>
   </div>
   <div class='ocr_carea' id='block_1_11' title="bbox 415 1448 1986 1537">
    <p class='ocr_par' dir='ltr' id='par_1_11' title="bbox 415 1448 1986 1537">
     <span class='ocr_line' id='line_1_11' title="bbox 415 1448 1986 1537; baseline 0.013 -35"><span class='ocrx_word' id='word_1_47' title='bbox 415 1448 757 1520; x_wconf 85' lang='grc' dir='ltr'>Ἐπαγγελία</span> <span class='ocrx_word' id='word_1_48' title='bbox 807 1451 901 1508; x_wconf 82' lang='grc' dir='ltr'>τοῦ</span> <span class='ocrx_word' id='word_1_49' title='bbox 940 1455 1158 1527; x_wconf 74' lang='grc' dir='ltr'>Πατρδς</span> <span class='ocrx_word' id='word_1_50' title='bbox 1189 1451 1258 1530; x_wconf 81' lang='grc' dir='ltr'>ἦν</span> <span class='ocrx_word' id='word_1_51' title='bbox 1315 1456 1376 1513; x_wconf 85' lang='grc' dir='ltr'>τὺ</span> <span class='ocrx_word' id='word_1_52' title='bbox 1429 1458 1659 1534; x_wconf 78' lang='grc' dir='ltr'>Πνεῦμα</span> <span class='ocrx_word' id='word_1_53' title='bbox 1701 1463 1764 1520; x_wconf 79' lang='grc' dir='ltr'>τὸ</span> <span class='ocrx_word' id='word_1_54' title='bbox 1805 1466 1986 1537; x_wconf 76' lang='grc' dir='ltr'>ἆγιον.</span> 
     </span>
    </p>
   </div>
   <div class='ocr_carea' id='block_1_12' title="bbox 412 1541 1161 1722">
    <p class='ocr_par' dir='ltr' id='par_1_12' title="bbox 412 1541 1161 1722">
     <span class='ocr_line' id='line_1_12' title="bbox 412 1541 1161 1722; baseline 0.019 -37"><span class='ocrx_word' id='word_1_55' title='bbox 772 1641 826 1692; x_wconf 90' lang='grc' dir='ltr'>τί</span> <span class='ocrx_word' id='word_1_56' title='bbox 856 1604 1001 1707; x_wconf 62' lang='grc' dir='ltr'>εστι,</span> <span class='ocrx_word' id='word_1_57' title='bbox 1036 1643 1161 1722; x_wconf 81' lang='grc'><strong>152.</strong></span> 
     </span>
    </p>
   </div>
   <div class='ocr_carea' id='block_1_13' title="bbox 402 1726 1984 1816">
    <p class='ocr_par' dir='ltr' id='par_1_13' title="bbox 402 1726 1984 1816">
     <span class='ocr_line' id='line_1_13' title="bbox 402 1726 1984 1816; baseline 0.014 -36"><span class='ocrx_word' id='word_1_58' title='bbox 402 1726 628 1798; x_wconf 81' lang='grc' dir='ltr'>Ἔργοις</span> <span class='ocrx_word' id='word_1_59' title='bbox 653 1729 896 1788; x_wconf 81' lang='grc' dir='ltr'>δεικτέον</span> <span class='ocrx_word' id='word_1_60' title='bbox 922 1735 1015 1790; x_wconf 82' lang='grc' dir='ltr'>τὸν</span> <span class='ocrx_word' id='word_1_61' title='bbox 1045 1739 1199 1809; x_wconf 88' lang='grc' dir='ltr'>παρά</span> <span class='ocrx_word' id='word_1_62' title='bbox 1218 1739 1341 1812; x_wconf 86' lang='grc' dir='ltr'>Θεῷ</span> <span class='ocrx_word' id='word_1_63' title='bbox 1368 1742 1668 1799; x_wconf 79' lang='grc' dir='ltr'>ὑπεύθυνον</span> <span class='ocrx_word' id='word_1_64' title='bbox 1696 1744 1792 1801; x_wconf 75' lang='grc' dir='ltr'>καὶ</span> <span class='ocrx_word' id='word_1_65' title='bbox 1815 1761 1984 1816; x_wconf 83' lang='grc' dir='ltr'>μετα·</span> 
     </span>
    </p>
   </div>
   <div class='ocr_carea' id='block_1_14' title="bbox 471 1817 1983 1905">
    <p class='ocr_par' dir='ltr' id='par_1_14' title="bbox 471 1817 1983 1905">
     <span class='ocr_line' id='line_1_14' title="bbox 471 1817 1983 1905; baseline 0.013 -36"><span class='ocrx_word' id='word_1_66' title='bbox 471 1817 720 1886; x_wconf 87' lang='grc' dir='ltr'>νοοῦντα,</span> <span class='ocrx_word' id='word_1_67' title='bbox 756 1822 841 1876; x_wconf 86' lang='grc' dir='ltr'>ὅτι</span> <span class='ocrx_word' id='word_1_68' title='bbox 880 1826 914 1896; x_wconf 80' lang='grc' dir='ltr'><strong>ἠ</strong></span> <span class='ocrx_word' id='word_1_69' title='bbox 948 1827 1079 1898; x_wconf 86' lang='grc' dir='ltr'>παρ’</span> <span class='ocrx_word' id='word_1_70' title='bbox 1124 1829 1305 1885; x_wconf 81' lang='grc' dir='ltr'>ἄλλων</span> <span class='ocrx_word' id='word_1_71' title='bbox 1339 1829 1500 1904; x_wconf 84' lang='grc' dir='ltr'>ὕϐρις</span> <span class='ocrx_word' id='word_1_72' title='bbox 1531 1835 1626 1888; x_wconf 75' lang='grc' dir='ltr'>καὶ</span> <span class='ocrx_word' id='word_1_73' title='bbox 1674 1835 1874 1905; x_wconf 81' lang='grc' dir='ltr'>ἀτιμία</span> <span class='ocrx_word' id='word_1_74' title='bbox 1902 1835 1983 1890; x_wconf 89' lang='grc' dir='ltr'>δι-</span> 
     </span>
    </p>
   </div>
   <div class='ocr_carea' id='block_1_15' title="bbox 467 1911 1260 1993">
    <p class='ocr_par' dir='ltr' id='par_1_15' title="bbox 467 1911 1260 1993">
     <span class='ocr_line' id='line_1_15' title="bbox 467 1911 1260 1993; baseline 0.021 -30"><span class='ocrx_word' id='word_1_75' title='bbox 467 1911 600 1964; x_wconf 84' lang='grc' dir='ltr'>καία</span> <span class='ocrx_word' id='word_1_76' title='bbox 633 1913 751 1967; x_wconf 67' lang='grc' dir='ltr'>ἔστι</span> <span class='ocrx_word' id='word_1_77' title='bbox 783 1918 875 1970; x_wconf 74' lang='grc' dir='ltr'>καὶ</span> <span class='ocrx_word' id='word_1_78' title='bbox 901 1921 1136 1993; x_wconf 77' lang='grc' dir='ltr'>φορητὴ,</span> <span class='ocrx_word' id='word_1_79' title='bbox 1173 1922 1260 1981; x_wconf 90' lang='grc'>10.</span> 
     </span>
    </p>
   </div>
   <div class='ocr_carea' id='block_1_16' title="bbox 401 1999 1979 2089">
    <p class='ocr_par' dir='ltr' id='par_1_16' title="bbox 401 1999 1979 2089">
     <span class='ocr_line' id='line_1_16' title="bbox 401 1999 1979 2089; baseline 0.013 -36"><span class='ocrx_word' id='word_1_80' title='bbox 401 1999 637 2073; x_wconf 83' lang='grc' dir='ltr'>Ἕτοιμα</span> <span class='ocrx_word' id='word_1_81' title='bbox 664 2005 802 2076; x_wconf 82' lang='grc' dir='ltr'>πρὸς</span> <span class='ocrx_word' id='word_1_82' title='bbox 822 2007 919 2079; x_wconf 79' lang='grc' dir='ltr'>τὴν</span> <span class='ocrx_word' id='word_1_83' title='bbox 944 2011 1226 2085; x_wconf 78' lang='grc' dir='ltr'>ἡμετέραν</span> <span class='ocrx_word' id='word_1_84' title='bbox 1243 2013 1520 2088; x_wconf 82' lang='grc' dir='ltr'>σωτηρίαν</span> <span class='ocrx_word' id='word_1_85' title='bbox 1541 2016 1668 2072; x_wconf 81' lang='grc' dir='ltr'>ποτα</span> <span class='ocrx_word' id='word_1_86' title='bbox 1695 2019 1979 2089; x_wconf 81' lang='grc' dir='ltr'>γεγόνασι,</span> 
     </span>
    </p>
   </div>
   <div class='ocr_carea' id='block_1_17' title="bbox 466 2093 595 2150">
    <p class='ocr_par' dir='ltr' id='par_1_17' title="bbox 466 2093 595 2150">
     <span class='ocr_line' id='line_1_17' title="bbox 466 2093 595 2150; baseline 0.031 -4"><span class='ocrx_word' id='word_1_87' title='bbox 466 2093 595 2150; x_wconf 81' lang='grc'><strong>255.</strong></span> 
     </span>
    </p>
   </div>
   <div class='ocr_carea' id='block_1_18' title="bbox 396 2184 1163 2264">
    <p class='ocr_par' dir='ltr' id='par_1_18' title="bbox 396 2184 1163 2264">
     <span class='ocr_line' id='line_1_18' title="bbox 396 2184 1163 2264; baseline 0.02 -28"><span class='ocrx_word' id='word_1_88' title='bbox 396 2184 545 2258; x_wconf 74' lang='grc' dir='ltr'>Εὐχή</span> <span class='ocrx_word' id='word_1_89' title='bbox 578 2187 632 2240; x_wconf 86' lang='grc' dir='ltr'>τί</span> <span class='ocrx_word' id='word_1_90' title='bbox 659 2189 1081 2264; x_wconf 76' lang='grc' dir='ltr'>ἐπονομάζεται,</span> <span class='ocrx_word' id='word_1_91' title='bbox 1110 2195 1163 2252; x_wconf 89' lang='grc'>7.</span> 
     </span>
    </p>
   </div>
   <div class='ocr_carea' id='block_1_19' title="bbox 396 2278 1677 2364">
    <p class='ocr_par' dir='ltr' id='par_1_19' title="bbox 396 2278 1677 2364">
     <span class='ocr_line' id='line_1_19' title="bbox 396 2278 1677 2364; baseline 0.02 -34"><span class='ocrx_word' id='word_1_92' title='bbox 396 2278 610 2334; x_wconf 81' lang='grc' dir='ltr'>Εὑωδία</span> <span class='ocrx_word' id='word_1_93' title='bbox 642 2279 883 2353; x_wconf 81' lang='grc' dir='ltr'>Χριστοῦ</span> <span class='ocrx_word' id='word_1_94' title='bbox 915 2288 1057 2342; x_wconf 67' lang='grc' dir='ltr'>εἰσιν</span> <span class='ocrx_word' id='word_1_95' title='bbox 1084 2292 1134 2344; x_wconf 86' lang='grc' dir='ltr'>οί</span> <span class='ocrx_word' id='word_1_96' title='bbox 1172 2291 1518 2364; x_wconf 79' lang='grc' dir='ltr'>Χριστιανοὶ,</span> <span class='ocrx_word' id='word_1_97' title='bbox 1557 2298 1677 2355; x_wconf 78' lang='grc'><strong>186.</strong></span> 
     </span>
    </p>
   </div>
   <div class='ocr_carea' id='block_1_20' title="bbox 407 2349 1980 2475">
    <p class='ocr_par' dir='ltr' id='par_1_20' title="bbox 407 2349 1980 2475">
     <span class='ocr_line' id='line_1_20' title="bbox 407 2349 1980 2475; baseline 0.017 -52"><span class='ocrx_word' id='word_1_98' title='bbox 407 2369 640 2428; x_wconf 77' lang='grc' dir='ltr'>Ἕωθινά</span> <span class='ocrx_word' id='word_1_99' title='bbox 664 2349 785 2430; x_wconf 73' lang='grc' dir='ltr'>τίνα</span> <span class='ocrx_word' id='word_1_100' title='bbox 814 2377 1090 2450; x_wconf 83' lang='grc' dir='ltr'>λέγονται,</span> <span class='ocrx_word' id='word_1_101' title='bbox 1311 2349 1690 2448; x_wconf 23' lang='grc' dir='ltr'>Ἐωθνινάᾯαὶι</span> <span class='ocrx_word' id='word_1_102' title='bbox 1746 2349 1980 2466; x_wconf 78' lang='grc' dir='ltr'>ὀρθρινά</span> 
     </span>
    </p>
   </div>
   <div class='ocr_carea' id='block_1_21' title="bbox 462 2465 1098 2546">
    <p class='ocr_par' dir='ltr' id='par_1_21' title="bbox 462 2465 1098 2546">
     <span class='ocr_line' id='line_1_21' title="bbox 462 2465 1098 2546; baseline 0.022 -28"><span class='ocrx_word' id='word_1_103' title='bbox 462 2465 608 2520; x_wconf 88' lang='grc' dir='ltr'>διατί</span> <span class='ocrx_word' id='word_1_104' title='bbox 634 2467 906 2540; x_wconf 85' lang='grc' dir='ltr'>λέγονται,</span> <span class='ocrx_word' id='word_1_105' title='bbox 945 2475 1068 2531; x_wconf 89' lang='grc'><strong>151.</strong></span> <span class='ocrx_word' id='word_1_106' title='bbox 1096 2543 1098 2546; x_wconf 16' lang='grc' dir='ltr'>ν</span> 
     </span>
    </p>
   </div>
   <div class='ocr_carea' id='block_1_22' title="bbox 390 2596 1201 2750">
    <p class='ocr_par' dir='ltr' id='par_1_22' title="bbox 390 2596 1201 2750">
     <span class='ocr_line' id='line_1_22' title="bbox 390 2596 1201 2750; baseline 0.017 -22"><span class='ocrx_word' id='word_1_107' title='bbox 390 2673 616 2739; x_wconf 78' lang='grc' dir='ltr'>Ζιζάνια</span> <span class='ocrx_word' id='word_1_108' title='bbox 647 2677 791 2744; x_wconf 86' lang='grc' dir='ltr'>τίνες</span> <span class='ocrx_word' id='word_1_109' title='bbox 819 2681 947 2750; x_wconf 76' lang='grc' dir='ltr'>εἰσὶ,</span> <span class='ocrx_word' id='word_1_110' title='bbox 981 2684 1106 2742; x_wconf 84' lang='grc'><strong>155.</strong></span> <span class='ocrx_word' id='word_1_111' title='bbox 1162 2596 1201 2648; x_wconf 81' lang='lat' dir='ltr'><strong>z</strong></span> 
     </span>
    </p>
   </div>
   <div class='ocr_carea' id='block_1_23' title="bbox 1130 2799 1178 2854">
    <p class='ocr_par' dir='ltr' id='par_1_23' title="bbox 1130 2799 1178 2854">
     <span class='ocr_line' id='line_1_23' title="bbox 1130 2799 1178 2854; baseline 0 0"><span class='ocrx_word' id='word_1_112' title='bbox 1130 2799 1178 2854; x_wconf 82' lang='lat' dir='ltr'><strong>H</strong></span> 
     </span>
    </p>
   </div>
   <div class='ocr_carea' id='block_1_24' title="bbox 400 2883 1974 2978">
    <p class='ocr_par' dir='ltr' id='par_1_24' title="bbox 400 2883 1974 2978">
     <span class='ocr_line' id='line_1_24' title="bbox 400 2883 1974 2978; baseline 0.018 -43"><span class='ocrx_word' id='word_1_113' title='bbox 400 2883 468 2936; x_wconf 78' lang='lat'>&#39;11</span> <span class='ocrx_word' id='word_1_114' title='bbox 497 2883 742 2956; x_wconf 86' lang='grc' dir='ltr'>ἁμαρτία</span> <span class='ocrx_word' id='word_1_115' title='bbox 772 2891 1074 2960; x_wconf 81' lang='grc' dir='ltr'>φυγαδεύει</span> <span class='ocrx_word' id='word_1_116' title='bbox 1112 2895 1211 2968; x_wconf 81' lang='grc' dir='ltr'>τὴν</span> <span class='ocrx_word' id='word_1_117' title='bbox 1241 2897 1486 2972; x_wconf 77' lang='grc' dir='ltr'>ἀγάπην,</span> <span class='ocrx_word' id='word_1_118' title='bbox 1522 2903 1576 2958; x_wconf 84' lang='grc'>5.</span> <span class='ocrx_word' id='word_1_119' title='bbox 1620 2904 1681 2958; x_wconf 83' lang='grc' dir='ltr'><strong>Ἠ</strong></span> <span class='ocrx_word' id='word_1_120' title='bbox 1726 2905 1974 2978; x_wconf 80' lang='grc' dir='ltr'>ἁμαρτία</span> 
     </span>
    </p>
   </div>
   <div class='ocr_carea' id='block_1_25' title="bbox 461 2978 1974 3065">
    <p class='ocr_par' dir='ltr' id='par_1_25' title="bbox 461 2978 1974 3065">
     <span class='ocr_line' id='line_1_25' title="bbox 461 2978 1974 3065; baseline 0.017 -36"><span class='ocrx_word' id='word_1_121' title='bbox 461 2978 667 3043; x_wconf 78' lang='grc' dir='ltr'>πολλὰς</span> <span class='ocrx_word' id='word_1_122' title='bbox 720 2983 993 3054; x_wconf 70' lang='grc' dir='ltr'>ἐπήνεγκε</span> <span class='ocrx_word' id='word_1_123' title='bbox 1053 2993 1443 3063; x_wconf 87' lang='grc' dir='ltr'>καταστροφάς</span> <span class='ocrx_word' id='word_1_124' title='bbox 1496 3000 1724 3065; x_wconf 73' lang='grc' dir='ltr'>γενικὰς</span> <span class='ocrx_word' id='word_1_125' title='bbox 1769 3018 1829 3054; x_wconf 89' lang='grc' dir='ltr'>τε</span> <span class='ocrx_word' id='word_1_126' title='bbox 1878 3005 1974 3057; x_wconf 80' lang='grc' dir='ltr'>καὶ</span> 
     </span>
    </p>
   </div>
   <div class='ocr_carea' id='block_1_26' title="bbox 463 3073 1538 3143">
    <p class='ocr_par' dir='ltr' id='par_1_26' title="bbox 463 3073 1538 3143">
     <span class='ocr_line' id='line_1_26' title="bbox 463 3073 1538 3143; baseline 0.019 -21"><span class='ocrx_word' id='word_1_127' title='bbox 463 3073 717 3143; x_wconf 80' lang='grc' dir='ltr'>μερικάς,</span> <span class='ocrx_word' id='word_1_128' title='bbox 753 3075 841 3133; x_wconf 91' lang='lat'><strong>19.</strong></span> <span class='ocrx_word' id='word_1_129' title='bbox 1533 3138 1538 3142; x_wconf 91' lang='lat'>.</span> 
     </span>
    </p>
   </div>
   <div class='ocr_carea' id='block_1_27' title="bbox 401 3162 1730 3254">
    <p class='ocr_par' dir='ltr' id='par_1_27' title="bbox 401 3162 1730 3254">
     <span class='ocr_line' id='line_1_27' title="bbox 401 3162 1730 3254; baseline 0.02 -39"><span class='ocrx_word' id='word_1_130' title='bbox 401 3162 468 3216; x_wconf 85' lang='grc' dir='ltr'><strong>Ἦ</strong></span> <span class='ocrx_word' id='word_1_131' title='bbox 501 3168 752 3234; x_wconf 75' lang='grc' dir='ltr'>βασιλεία</span> <span class='ocrx_word' id='word_1_132' title='bbox 781 3171 874 3226; x_wconf 87' lang='grc' dir='ltr'>τοῦ</span> <span class='ocrx_word' id='word_1_133' title='bbox 902 3175 1038 3230; x_wconf 65' lang='grc' dir='ltr'>Θεοῦ</span> <span class='ocrx_word' id='word_1_134' title='bbox 1069 3177 1172 3232; x_wconf 83' lang='grc' dir='ltr'>οὐκ</span> <span class='ocrx_word' id='word_1_135' title='bbox 1203 3179 1317 3233; x_wconf 70' lang='grc' dir='ltr'>ἔστι</span> <span class='ocrx_word' id='word_1_136' title='bbox 1355 3183 1571 3254; x_wconf 81' lang='grc' dir='ltr'>κτιστὴ,</span> <span class='ocrx_word' id='word_1_137' title='bbox 1611 3184 1730 3242; x_wconf 77' lang='grc'><strong>192.</strong></span> 
     </span>
    </p>
   </div>
   <div class='ocr_carea' id='block_1_28' title="bbox 399 3258 1971 3351">
    <p class='ocr_par' dir='ltr' id='par_1_28' title="bbox 399 3258 1971 3351">
     <span class='ocr_line' id='line_1_28' title="bbox 399 3258 1971 3351; baseline 0.015 -39"><span class='ocrx_word' id='word_1_138' title='bbox 399 3258 464 3312; x_wconf 89' lang='grc' dir='ltr'><strong>ΊΙ</strong></span> <span class='ocrx_word' id='word_1_139' title='bbox 497 3259 734 3332; x_wconf 76' lang='grc' dir='ltr'>διαφορά</span> <span class='ocrx_word' id='word_1_140' title='bbox 784 3265 885 3335; x_wconf 88' lang='grc' dir='ltr'>τῆς</span> <span class='ocrx_word' id='word_1_141' title='bbox 937 3269 1166 3341; x_wconf 81' lang='grc' dir='ltr'>γνώμης</span> <span class='ocrx_word' id='word_1_142' title='bbox 1210 3275 1290 3336; x_wconf 87' lang='grc' dir='ltr'>είς</span> <span class='ocrx_word' id='word_1_143' title='bbox 1331 3274 1426 3329; x_wconf 87' lang='grc' dir='ltr'>δύο</span> <span class='ocrx_word' id='word_1_144' title='bbox 1478 3276 1644 3331; x_wconf 83' lang='grc' dir='ltr'>διεῖλε</span> <span class='ocrx_word' id='word_1_145' title='bbox 1697 3278 1798 3350; x_wconf 75' lang='grc' dir='ltr'>τὴν</span> <span class='ocrx_word' id='word_1_146' title='bbox 1841 3282 1971 3351; x_wconf 90' lang='grc' dir='ltr'>μίαν</span> 
     </span>
    </p>
   </div>
   <div class='ocr_carea' id='block_1_29' title="bbox 461 3354 776 3420">
    <p class='ocr_par' dir='ltr' id='par_1_29' title="bbox 461 3354 776 3420">
     <span class='ocr_line' id='line_1_29' title="bbox 461 3354 776 3420; baseline 0.019 -15"><span class='ocrx_word' id='word_1_147' title='bbox 461 3354 647 3420; x_wconf 86' lang='grc' dir='ltr'>φύσιν,</span> <span class='ocrx_word' id='word_1_148' title='bbox 687 3356 776 3410; x_wconf 92' lang='grc'>15.</span> 
     </span>
    </p>
   </div>
   <div class='ocr_carea' id='block_1_30' title="bbox 399 3445 1654 3527">
    <p class='ocr_par' dir='ltr' id='par_1_30' title="bbox 399 3445 1654 3527">
     <span class='ocr_line' id='line_1_30' title="bbox 399 3445 1654 3527; baseline 0.015 -30"><span class='ocrx_word' id='word_1_149' title='bbox 399 3445 466 3498; x_wconf 83' lang='lat'><strong>&#39;11</strong></span> <span class='ocrx_word' id='word_1_150' title='bbox 501 3447 564 3499; x_wconf 79' lang='grc' dir='ltr'>ὲκ</span> <span class='ocrx_word' id='word_1_151' title='bbox 600 3448 700 3517; x_wconf 81' lang='grc' dir='ltr'>τῆς</span> <span class='ocrx_word' id='word_1_152' title='bbox 734 3449 966 3522; x_wconf 80' lang='grc' dir='ltr'>νεφέλης</span> <span class='ocrx_word' id='word_1_153' title='bbox 999 3453 1150 3524; x_wconf 75' lang='grc' dir='ltr'>φωνὴ</span> <span class='ocrx_word' id='word_1_154' title='bbox 1189 3455 1241 3509; x_wconf 88' lang='grc' dir='ltr'>τί</span> <span class='ocrx_word' id='word_1_155' title='bbox 1269 3456 1498 3527; x_wconf 75' lang='grc' dir='ltr'>ἐδίδαξε,</span> <span class='ocrx_word' id='word_1_156' title='bbox 1530 3461 1654 3518; x_wconf 81' lang='lat'><strong>193.</strong></span> 
     </span>
    </p>
   </div>
   <div class='ocr_carea' id='block_1_31' title="bbox 397 3537 1702 3620">
    <p class='ocr_par' dir='ltr' id='par_1_31' title="bbox 397 3537 1702 3620">
     <span class='ocr_line' id='line_1_31' title="bbox 397 3537 1702 3620; baseline 0.015 -31"><span class='ocrx_word' id='word_1_157' title='bbox 397 3537 463 3590; x_wconf 81' lang='lat'>&#39;11</span> <span class='ocrx_word' id='word_1_158' title='bbox 503 3540 560 3591; x_wconf 83' lang='grc' dir='ltr'>ἐν</span> <span class='ocrx_word' id='word_1_159' title='bbox 591 3539 865 3612; x_wconf 84' lang='grc' dir='ltr'>πνεύματι</span> <span class='ocrx_word' id='word_1_160' title='bbox 904 3549 1178 3618; x_wconf 79' lang='grc' dir='ltr'>περιτομὴ</span> <span class='ocrx_word' id='word_1_161' title='bbox 1209 3549 1305 3619; x_wconf 83' lang='grc' dir='ltr'>τῆς</span> <span class='ocrx_word' id='word_1_162' title='bbox 1335 3552 1583 3620; x_wconf 77' lang='grc' dir='ltr'>καρδίας,</span> <span class='ocrx_word' id='word_1_163' title='bbox 1613 3553 1702 3609; x_wconf 85' lang='grc'><strong>67.</strong></span> 
     </span>
    </p>
   </div>
   <div class='ocr_carea' id='block_1_32' title="bbox 399 3631 1968 3722">
    <p class='ocr_par' dir='ltr' id='par_1_32' title="bbox 399 3631 1968 3722">
     <span class='ocr_line' id='line_1_32' title="bbox 399 3631 1968 3722; baseline 0.035 -39"><span class='ocrx_word' id='word_1_164' title='bbox 399 3631 466 3684; x_wconf 79' lang='grc'>⁸11</span> <span class='ocrx_word' id='word_1_165' title='bbox 501 3631 588 3700; x_wconf 77' lang='grc' dir='ltr'>ἐφ’</span> <span class='ocrx_word' id='word_1_166' title='bbox 616 3633 823 3703; x_wconf 73' lang='grc' dir='ltr'>ὑψηλοῦ</span> <span class='ocrx_word' id='word_1_167' title='bbox 855 3637 1202 3710; x_wconf 68' lang='grc' dir='ltr'>οἰκοδόμησις</span> <span class='ocrx_word' id='word_1_168' title='bbox 1232 3642 1326 3696; x_wconf 83' lang='grc' dir='ltr'>τοῦ</span> <span class='ocrx_word' id='word_1_169' title='bbox 1363 3643 1535 3716; x_wconf 76' lang='grc' dir='ltr'>Ἱεροῦ</span> <span class='ocrx_word' id='word_1_170' title='bbox 1563 3646 1736 3713; x_wconf 76' lang='grc' dir='ltr'>τύπος</span> <span class='ocrx_word' id='word_1_171' title='bbox 1763 3644 1832 3721; x_wconf 75' lang='grc' dir='ltr'>ἦν</span> <span class='ocrx_word' id='word_1_172' title='bbox 1869 3652 1968 3722; x_wconf 67' lang='grc' dir='ltr'>τῆς</span> 
     </span>
    </p>
   </div>
   <div class='ocr_carea' id='block_1_33' title="bbox 457 3725 1964 3810">
    <p class='ocr_par' dir='ltr' id='par_1_33' title="bbox 457 3725 1964 3810">
     <span class='ocr_line' id='line_1_33' title="bbox 457 3725 1964 3810; baseline 0.013 -32"><span class='ocrx_word' id='word_1_173' title='bbox 457 3726 611 3795; x_wconf 81' lang='grc' dir='ltr'>ίερᾶς</span> <span class='ocrx_word' id='word_1_174' title='bbox 668 3725 996 3798; x_wconf 82' lang='grc' dir='ltr'>Ἐκκλησίας</span> <span class='ocrx_word' id='word_1_175' title='bbox 1037 3733 1132 3785; x_wconf 81' lang='grc' dir='ltr'>καὶ</span> <span class='ocrx_word' id='word_1_176' title='bbox 1181 3733 1284 3804; x_wconf 82' lang='grc' dir='ltr'>τῆς</span> <span class='ocrx_word' id='word_1_177' title='bbox 1331 3738 1714 3810; x_wconf 85' lang='grc' dir='ltr'>πνευματικῆς</span> <span class='ocrx_word' id='word_1_178' title='bbox 1756 3741 1964 3797; x_wconf 69' lang='grc' dir='ltr'>ἀναϐά-</span> 
     </span>
    </p>
   </div>
   <div class='ocr_carea' id='block_1_34' title="bbox 456 3819 708 3884">
    <p class='ocr_par' dir='ltr' id='par_1_34' title="bbox 456 3819 708 3884">
     <span class='ocr_line' id='line_1_34' title="bbox 456 3819 708 3884; baseline 0.02 -15"><span class='ocrx_word' id='word_1_179' title='bbox 456 3835 617 3884; x_wconf 76' lang='grc' dir='ltr'>σεως.</span> <span class='ocrx_word' id='word_1_180' title='bbox 655 3819 708 3878; x_wconf 78' lang='grc'>6.</span> 
     </span>
    </p>
   </div>
   <div class='ocr_carea' id='block_1_35' title="bbox 392 3909 1960 3999">
    <p class='ocr_par' dir='ltr' id='par_1_35' title="bbox 392 3909 1960 3999">
     <span class='ocr_line' id='line_1_35' title="bbox 392 3909 1960 3999; baseline 0.017 -37"><span class='ocrx_word' id='word_1_181' title='bbox 392 3909 584 3982; x_wconf 83' lang='grc' dir='ltr'>Ἢμείς</span> <span class='ocrx_word' id='word_1_182' title='bbox 605 3913 938 3987; x_wconf 80' lang='grc' dir='ltr'>διαφέρομεν</span> <span class='ocrx_word' id='word_1_183' title='bbox 964 3921 1300 3990; x_wconf 78' lang='grc' dir='ltr'>μυρμήκων,</span> <span class='ocrx_word' id='word_1_184' title='bbox 1329 3927 1424 3978; x_wconf 83' lang='grc' dir='ltr'>καὶ</span> <span class='ocrx_word' id='word_1_185' title='bbox 1445 3926 1602 3980; x_wconf 80' lang='grc' dir='ltr'>αὐτοὶ</span> <span class='ocrx_word' id='word_1_186' title='bbox 1629 3929 1810 3999; x_wconf 75' lang='grc' dir='ltr'>ἡμῶν,</span> <span class='ocrx_word' id='word_1_187' title='bbox 1832 3931 1960 3988; x_wconf 89' lang='grc'><strong>251.</strong></span> 
     </span>
    </p>
   </div>
   <div class='ocr_carea' id='block_1_36' title="bbox 394 4004 1833 4088">
    <p class='ocr_par' dir='ltr' id='par_1_36' title="bbox 394 4004 1833 4088">
     <span class='ocr_line' id='line_1_36' title="bbox 394 4004 1833 4088; baseline 0.014 -31"><span class='ocrx_word' id='word_1_188' title='bbox 394 4004 459 4057; x_wconf 75' lang='lat' dir='ltr'>‘Il</span> <span class='ocrx_word' id='word_1_189' title='bbox 484 4008 708 4075; x_wconf 81' lang='grc' dir='ltr'>νηστεία</span> <span class='ocrx_word' id='word_1_190' title='bbox 731 4008 1073 4075; x_wconf 79' lang='grc' dir='ltr'>ἀνακαινίζει</span> <span class='ocrx_word' id='word_1_191' title='bbox 1107 4012 1199 4068; x_wconf 83' lang='grc' dir='ltr'>τὸν</span> <span class='ocrx_word' id='word_1_192' title='bbox 1227 4014 1379 4080; x_wconf 73' lang='grc' dir='ltr'>ἐντὸς</span> <span class='ocrx_word' id='word_1_193' title='bbox 1403 4017 1716 4088; x_wconf 78' lang='grc' dir='ltr'>ἄνθρωπον,</span> <span class='ocrx_word' id='word_1_194' title='bbox 1741 4021 1833 4078; x_wconf 71' lang='grc'>44.</span> 
     </span>
    </p>
   </div>
   <div class='ocr_carea' id='block_1_37' title="bbox 394 4099 1829 4181">
    <p class='ocr_par' dir='ltr' id='par_1_37' title="bbox 394 4099 1829 4181">
     <span class='ocr_line' id='line_1_37' title="bbox 394 4099 1829 4181; baseline 0.014 -30"><span class='ocrx_word' id='word_1_195' title='bbox 394 4099 460 4151; x_wconf 75' lang='grc'><strong>’11</strong></span> <span class='ocrx_word' id='word_1_196' title='bbox 483 4099 768 4168; x_wconf 73' lang='grc' dir='ltr'>όρϐόδοξος</span> <span class='ocrx_word' id='word_1_197' title='bbox 809 4103 1111 4176; x_wconf 81' lang='grc' dir='ltr'>Ἐκκλησία</span> <span class='ocrx_word' id='word_1_198' title='bbox 1137 4110 1273 4180; x_wconf 81' lang='grc' dir='ltr'>τιμᾷ</span> <span class='ocrx_word' id='word_1_199' title='bbox 1295 4110 1422 4174; x_wconf 84' lang='grc' dir='ltr'>τοὺς</span> <span class='ocrx_word' id='word_1_200' title='bbox 1459 4111 1669 4181; x_wconf 80' lang='grc' dir='ltr'>ἀγίους,</span> <span class='ocrx_word' id='word_1_201' title='bbox 1703 4113 1829 4171; x_wconf 77' lang='grc'><strong>145.</strong></span> 
     </span>
    </p>
   </div>
   <div class='ocr_carea' id='block_1_38' title="bbox 393 4194 1886 4274">
    <p class='ocr_par' dir='ltr' id='par_1_38' title="bbox 393 4194 1886 4274">
     <span class='ocr_line' id='line_1_38' title="bbox 393 4194 1886 4274; baseline 0.013 -28"><span class='ocrx_word' id='word_1_202' title='bbox 393 4194 457 4248; x_wconf 84' lang='grc' dir='ltr'><strong><em>Ἥ</em></strong></span> <span class='ocrx_word' id='word_1_203' title='bbox 495 4196 727 4266; x_wconf 85' lang='grc' dir='ltr'>πορνεία</span> <span class='ocrx_word' id='word_1_204' title='bbox 757 4199 1025 4272; x_wconf 76' lang='grc' dir='ltr'>μεγίστης</span> <span class='ocrx_word' id='word_1_205' title='bbox 1054 4203 1358 4268; x_wconf 82' lang='grc' dir='ltr'>καταδίκης</span> <span class='ocrx_word' id='word_1_206' title='bbox 1386 4207 1536 4261; x_wconf 78' lang='grc' dir='ltr'>ἐστὶν</span> <span class='ocrx_word' id='word_1_207' title='bbox 1571 4207 1719 4274; x_wconf 80' lang='grc' dir='ltr'>ἀξία,</span> <span class='ocrx_word' id='word_1_208' title='bbox 1757 4211 1886 4267; x_wconf 95' lang='lat'><strong>218.</strong></span> 
     </span>
    </p>
   </div>
   <div class='ocr_carea' id='block_1_39' title="bbox 391 4289 1963 4372">
    <p class='ocr_par' dir='ltr' id='par_1_39' title="bbox 391 4289 1963 4372">
     <span class='ocr_line' id='line_1_39' title="bbox 391 4289 1963 4372; baseline 0.009 -26"><span class='ocrx_word' id='word_1_209' title='bbox 391 4289 458 4346; x_wconf 84' lang='grc' dir='ltr'><strong>Ἦ</strong></span> <span class='ocrx_word' id='word_1_210' title='bbox 487 4292 581 4345; x_wconf 88' lang='grc' dir='ltr'>τοῦ</span> <span class='ocrx_word' id='word_1_211' title='bbox 626 4293 837 4364; x_wconf 83' lang='grc' dir='ltr'>Κυρίου</span> <span class='ocrx_word' id='word_1_212' title='bbox 870 4296 1172 4358; x_wconf 86' lang='grc' dir='ltr'>ἀνάστασις</span> <span class='ocrx_word' id='word_1_213' title='bbox 1212 4301 1304 4352; x_wconf 78' lang='grc' dir='ltr'>καὶ</span> <span class='ocrx_word' id='word_1_214' title='bbox 1347 4300 1639 4372; x_wconf 74' lang='grc' dir='ltr'>ἀνάληψις,</span> <span class='ocrx_word' id='word_1_215' title='bbox 1664 4304 1963 4370; x_wconf 84' lang='grc' dir='ltr'>ἀνάστασις</span> 
     </span>
    </p>
   </div>
   <div class='ocr_carea' id='block_1_40' title="bbox 451 4386 1956 4466">
    <p class='ocr_par' dir='ltr' id='par_1_40' title="bbox 451 4386 1956 4466">
     <span class='ocr_line' id='line_1_40' title="bbox 451 4386 1956 4466; baseline 0.009 -26"><span class='ocrx_word' id='word_1_216' title='bbox 451 4386 545 4440; x_wconf 75' lang='grc' dir='ltr'>καὶ</span> <span class='ocrx_word' id='word_1_217' title='bbox 581 4387 851 4457; x_wconf 60' lang='grc' dir='ltr'>ἀλάληψίς</span> <span class='ocrx_word' id='word_1_218' title='bbox 885 4390 1003 4444; x_wconf 72' lang='grc' dir='ltr'>ἐστι</span> <span class='ocrx_word' id='word_1_219' title='bbox 1039 4390 1141 4460; x_wconf 85' lang='grc' dir='ltr'>τῆς</span> <span class='ocrx_word' id='word_1_220' title='bbox 1170 4389 1527 4464; x_wconf 77' lang='grc' dir='ltr'>ἀνθρωπίνης</span> <span class='ocrx_word' id='word_1_221' title='bbox 1563 4393 1800 4466; x_wconf 76' lang='grc' dir='ltr'>φύσεως,</span> <span class='ocrx_word' id='word_1_222' title='bbox 1834 4399 1956 4456; x_wconf 78' lang='grc'><strong>121.</strong></span> 
     </span>
    </p>
   </div>
   <div class='ocr_carea' id='block_1_41' title="bbox 1153 4508 1198 4562">
    <p class='ocr_par' dir='ltr' id='par_1_41' title="bbox 1153 4508 1198 4562">
     <span class='ocr_line' id='line_1_41' title="bbox 1153 4508 1198 4562; baseline 0 0"><span class='ocrx_word' id='word_1_223' title='bbox 1153 4508 1198 4562; x_wconf 88' lang='grc' dir='ltr'>Θ</span> 
     </span>
    </p>
   </div>
   <div class='ocr_carea' id='block_1_42' title="bbox 374 4599 1955 4682">
    <p class='ocr_par' dir='ltr' id='par_1_42' title="bbox 374 4599 1955 4682">
     <span class='ocr_line' id='line_1_42' title="bbox 374 4599 1955 4682; baseline 0.005 -28"><span class='ocrx_word' id='word_1_224' title='bbox 374 4599 530 4664; x_wconf 82' lang='grc' dir='ltr'>Θεϊος</span> <span class='ocrx_word' id='word_1_225' title='bbox 558 4601 650 4653; x_wconf 80' lang='grc' dir='ltr'>καὶ</span> <span class='ocrx_word' id='word_1_226' title='bbox 685 4605 1060 4670; x_wconf 78' lang='grc' dir='ltr'>προσκυνητός</span> <span class='ocrx_word' id='word_1_227' title='bbox 1106 4608 1253 4660; x_wconf 83' lang='grc' dir='ltr'>ὲστιν</span> <span class='ocrx_word' id='word_1_228' title='bbox 1287 4609 1316 4660; x_wconf 94' lang='lat'>0</span> <span class='ocrx_word' id='word_1_229' title='bbox 1347 4606 1519 4671; x_wconf 87' lang='grc' dir='ltr'>τύπος</span> <span class='ocrx_word' id='word_1_230' title='bbox 1559 4606 1656 4662; x_wconf 89' lang='grc' dir='ltr'>τοῦ</span> <span class='ocrx_word' id='word_1_231' title='bbox 1686 4609 1955 4682; x_wconf 83' lang='grc' dir='ltr'>Σταυροῦ.</span> 
     </span>
    </p>
   </div>
   <div class='ocr_carea' id='block_1_43' title="bbox 446 4692 538 4747">
    <p class='ocr_par' dir='ltr' id='par_1_43' title="bbox 446 4692 538 4747">
     <span class='ocr_line' id='line_1_43' title="bbox 446 4692 538 4747; baseline 0 -1"><span class='ocrx_word' id='word_1_232' title='bbox 446 4692 538 4747; x_wconf 85' lang='grc'><strong>91.</strong></span> 
     </span>
    </p>
   </div>
   <div class='ocr_carea' id='block_1_44' title="bbox 373 4783 1730 4859">
    <p class='ocr_par' dir='ltr' id='par_1_44' title="bbox 373 4783 1730 4859">
     <span class='ocr_line' id='line_1_44' title="bbox 373 4783 1730 4859; baseline 0.008 -21"><span class='ocrx_word' id='word_1_233' title='bbox 373 4783 638 4853; x_wconf 86' lang='grc' dir='ltr'>Θεολογία</span> <span class='ocrx_word' id='word_1_234' title='bbox 666 4787 794 4857; x_wconf 69' lang='grc' dir='ltr'>περὶ</span> <span class='ocrx_word' id='word_1_235' title='bbox 823 4788 1084 4858; x_wconf 80' lang='grc' dir='ltr'>Χριστοῦ,</span> <span class='ocrx_word' id='word_1_236' title='bbox 1121 4789 1246 4858; x_wconf 87' lang='grc'>151,</span> <span class='ocrx_word' id='word_1_237' title='bbox 1286 4791 1411 4859; x_wconf 86' lang='grc'><strong>157,</strong></span> <span class='ocrx_word' id='word_1_238' title='bbox 1449 4793 1571 4858; x_wconf 70' lang='grc'><strong>145,</strong></span> <span class='ocrx_word' id='word_1_239' title='bbox 1606 4795 1730 4850; x_wconf 86' lang='grc'><strong>155.</strong></span> 
     </span>
    </p>
   </div>
   <div class='ocr_carea' id='block_1_45' title="bbox 374 4880 1807 4959">
    <p class='ocr_par' dir='ltr' id='par_1_45' title="bbox 374 4880 1807 4959">
     <span class='ocr_line' id='line_1_45' title="bbox 374 4880 1807 4959; baseline 0.011 -26"><span class='ocrx_word' id='word_1_240' title='bbox 374 4880 636 4950; x_wconf 76' lang='grc' dir='ltr'>Θεολογία</span> <span class='ocrx_word' id='word_1_241' title='bbox 665 4883 795 4953; x_wconf 74' lang='grc' dir='ltr'>περὶ</span> <span class='ocrx_word' id='word_1_242' title='bbox 822 4883 918 4938; x_wconf 84' lang='grc' dir='ltr'>τοῦ</span> <span class='ocrx_word' id='word_1_243' title='bbox 943 4885 1100 4954; x_wconf 83' lang='grc' dir='ltr'>ἁγίου</span> <span class='ocrx_word' id='word_1_244' title='bbox 1138 4888 1485 4959; x_wconf 84' lang='grc' dir='ltr'>Πνεύματος,</span> <span class='ocrx_word' id='word_1_245' title='bbox 1525 4890 1646 4957; x_wconf 84' lang='grc'><strong>156,</strong></span> <span class='ocrx_word' id='word_1_246' title='bbox 1680 4892 1807 4949; x_wconf 88' lang='grc'><strong>157.</strong></span> 
     </span>
    </p>
   </div>
   <div class='ocr_carea' id='block_1_46' title="bbox 373 4974 1165 5050">
    <p class='ocr_par' dir='ltr' id='par_1_46' title="bbox 373 4974 1165 5050">
     <span class='ocr_line' id='line_1_46' title="bbox 373 4974 1165 5050; baseline 0.011 -23"><span class='ocrx_word' id='word_1_247' title='bbox 373 4974 610 5030; x_wconf 85' lang='grc' dir='ltr'>Θεοπτία</span> <span class='ocrx_word' id='word_1_248' title='bbox 639 4978 733 5031; x_wconf 89' lang='grc' dir='ltr'>τοῦ</span> <span class='ocrx_word' id='word_1_249' title='bbox 770 4978 1046 5050; x_wconf 72' lang='grc' dir='ltr'>Ἀϐραάμ,</span> <span class='ocrx_word' id='word_1_250' title='bbox 1074 4980 1165 5036; x_wconf 84' lang='grc'>55.</span> 
     </span>
    </p>
   </div>
   <div class='ocr_carea' id='block_1_47' title="bbox 373 5069 1952 5155">
    <p class='ocr_par' dir='ltr' id='par_1_47' title="bbox 373 5069 1952 5155">
     <span class='ocr_line' id='line_1_47' title="bbox 373 5069 1952 5155; baseline 0.011 -33"><span class='ocrx_word' id='word_1_251' title='bbox 373 5069 569 5141; x_wconf 84' lang='grc' dir='ltr'>Θέρμη</span> <span class='ocrx_word' id='word_1_252' title='bbox 627 5089 712 5135; x_wconf 88' lang='grc' dir='ltr'>τις</span> <span class='ocrx_word' id='word_1_253' title='bbox 759 5073 848 5127; x_wconf 80' lang='grc' dir='ltr'>διὰ</span> <span class='ocrx_word' id='word_1_254' title='bbox 893 5077 992 5141; x_wconf 85' lang='grc' dir='ltr'>τῆς</span> <span class='ocrx_word' id='word_1_255' title='bbox 1043 5078 1278 5149; x_wconf 78' lang='grc' dir='ltr'>μελέτης</span> <span class='ocrx_word' id='word_1_256' title='bbox 1323 5078 1436 5134; x_wconf 87' lang='grc' dir='ltr'>τῶν</span> <span class='ocrx_word' id='word_1_257' title='bbox 1482 5080 1647 5152; x_wconf 80' lang='grc' dir='ltr'>ιερῶν</span> <span class='ocrx_word' id='word_1_258' title='bbox 1688 5083 1952 5155; x_wconf 75' lang='grc' dir='ltr'>ᾀσμάτων</span> 
     </span>
    </p>
   </div>
   <div class='ocr_carea' id='block_1_48' title="bbox 442 5158 1716 5243">
    <p class='ocr_par' dir='ltr' id='par_1_48' title="bbox 442 5158 1716 5243">
     <span class='ocr_line' id='line_1_48' title="bbox 442 5158 1716 5243; baseline 0.013 -27"><span class='ocrx_word' id='word_1_259' title='bbox 442 5165 725 5232; x_wconf 75' lang='grc' dir='ltr'>ἐγγίνεται</span> <span class='ocrx_word' id='word_1_260' title='bbox 750 5170 816 5239; x_wconf 82' lang='grc' dir='ltr'>τῇ</span> <span class='ocrx_word' id='word_1_261' title='bbox 857 5169 1057 5241; x_wconf 80' lang='grc' dir='ltr'>καρδίᾳ</span> <span class='ocrx_word' id='word_1_262' title='bbox 1080 5169 1175 5223; x_wconf 91' lang='grc' dir='ltr'>τοῦ</span> <span class='ocrx_word' id='word_1_263' title='bbox 1200 5158 1553 5243; x_wconf 75' lang='grc' dir='ltr'>Χριστιανοῦ,</span> <span class='ocrx_word' id='word_1_264' title='bbox 1591 5176 1716 5233; x_wconf 84' lang='grc'><strong>120.</strong></span> 
     </span>
    </p>
   </div>
   <div class='ocr_carea' id='block_1_49' title="bbox 370 5256 1945 5338">
    <p class='ocr_par' dir='ltr' id='par_1_49' title="bbox 370 5256 1945 5338">
     <span class='ocr_line' id='line_1_49' title="bbox 370 5256 1945 5338; baseline 0.01 -30"><span class='ocrx_word' id='word_1_265' title='bbox 370 5256 630 5328; x_wconf 32' lang='grc' dir='ltr'>Θεξρισταὶ</span> <span class='ocrx_word' id='word_1_266' title='bbox 659 5260 754 5313; x_wconf 85' lang='grc' dir='ltr'>τοῦ</span> <span class='ocrx_word' id='word_1_267' title='bbox 789 5262 1162 5330; x_wconf 82' lang='grc' dir='ltr'>πνευματικοῦ</span> <span class='ocrx_word' id='word_1_268' title='bbox 1198 5264 1460 5336; x_wconf 78' lang='grc' dir='ltr'>θερισμοῦ</span> <span class='ocrx_word' id='word_1_269' title='bbox 1492 5268 1638 5334; x_wconf 85' lang='grc' dir='ltr'>τίνες</span> <span class='ocrx_word' id='word_1_270' title='bbox 1661 5271 1790 5336; x_wconf 72' lang='grc' dir='ltr'>εἰσὶ,</span> <span class='ocrx_word' id='word_1_271' title='bbox 1818 5272 1945 5338; x_wconf 89' lang='grc'>150,</span> 
     </span>
    </p>
   </div>
   <div class='ocr_carea' id='block_1_50' title="bbox 447 5349 1721 5415">
    <p class='ocr_par' dir='ltr' id='par_1_50' title="bbox 447 5349 1721 5415">
     <span class='ocr_line' id='line_1_50' title="bbox 447 5349 1721 5415; baseline 0.012 -13"><span class='ocrx_word' id='word_1_272' title='bbox 447 5349 568 5415; x_wconf 74' lang='grc'><strong>152,</strong></span> <span class='ocrx_word' id='word_1_273' title='bbox 602 5349 727 5405; x_wconf 86' lang='grc'><strong>155.</strong></span> <span class='ocrx_word' id='word_1_274' title='bbox 1719 5371 1721 5375; x_wconf 84' lang='grc'><strong>’</strong></span> 
     </span>
    </p>
   </div>
   <div class='ocr_carea' id='block_1_51' title="bbox 369 5439 1908 5525">
    <p class='ocr_par' dir='ltr' id='par_1_51' title="bbox 369 5439 1908 5525">
     <span class='ocr_line' id='line_1_51' title="bbox 369 5439 1908 5525; baseline 0.01 -32"><span class='ocrx_word' id='word_1_275' title='bbox 369 5439 543 5512; x_wconf 80' lang='grc' dir='ltr'>Θέρος</span> <span class='ocrx_word' id='word_1_276' title='bbox 574 5443 706 5515; x_wconf 82' lang='grc' dir='ltr'>παρ’</span> <span class='ocrx_word' id='word_1_277' title='bbox 732 5445 866 5516; x_wconf 77' lang='grc' dir='ltr'>ἡμῖν</span> <span class='ocrx_word' id='word_1_278' title='bbox 893 5447 1042 5501; x_wconf 71' lang='grc' dir='ltr'>ἐστιν</span> <span class='ocrx_word' id='word_1_279' title='bbox 1081 5449 1342 5520; x_wconf 78' lang='grc' dir='ltr'>αἰσθητὸν</span> <span class='ocrx_word' id='word_1_280' title='bbox 1381 5452 1476 5506; x_wconf 75' lang='grc' dir='ltr'>καὶ</span> <span class='ocrx_word' id='word_1_281' title='bbox 1511 5453 1754 5525; x_wconf 69' lang='grc' dir='ltr'>λογικὴν,</span> <span class='ocrx_word' id='word_1_282' title='bbox 1783 5456 1908 5512; x_wconf 74' lang='grc'>147.</span> 
     </span>
    </p>
   </div>
   <div class='ocr_carea' id='block_1_52' title="bbox 383 5669 1422 5753">
    <p class='ocr_par' dir='ltr' id='par_1_52' title="bbox 383 5669 1422 5753">
     <span class='ocr_line' id='line_1_52' title="bbox 383 5669 1422 5753; baseline 0.007 -22"><span class='ocrx_word' id='word_1_283' title='bbox 383 5676 580 5731; x_wconf 84' lang='grc' dir='ltr'>Ἰακὼϐ</span> <span class='ocrx_word' id='word_1_284' title='bbox 613 5679 782 5744; x_wconf 84' lang='grc' dir='ltr'>τύπος</span> <span class='ocrx_word' id='word_1_285' title='bbox 809 5677 878 5752; x_wconf 81' lang='grc' dir='ltr'>ἦν</span> <span class='ocrx_word' id='word_1_286' title='bbox 903 5669 998 5735; x_wconf 82' lang='grc' dir='ltr'>τοῦ</span> <span class='ocrx_word' id='word_1_287' title='bbox 1026 5683 1297 5753; x_wconf 85' lang='grc' dir='ltr'>Σταυροῦ,</span> <span class='ocrx_word' id='word_1_288' title='bbox 1331 5683 1422 5740; x_wconf 89' lang='grc'>56.</span> 
     </span>
    </p>
   </div>
   <div class='ocr_carea' id='block_1_53' title="bbox 381 5769 1716 5848">
    <p class='ocr_par' dir='ltr' id='par_1_53' title="bbox 381 5769 1716 5848">
     <span class='ocr_line' id='line_1_53' title="bbox 381 5769 1716 5848; baseline 0.01 -26"><span class='ocrx_word' id='word_1_289' title='bbox 381 5769 604 5842; x_wconf 83' lang='grc' dir='ltr'>Ἰάματα</span> <span class='ocrx_word' id='word_1_290' title='bbox 631 5775 740 5829; x_wconf 86' lang='grc' dir='ltr'>τῶν</span> <span class='ocrx_word' id='word_1_291' title='bbox 766 5777 1032 5831; x_wconf 77' lang='grc' dir='ltr'>ἐναντίων</span> <span class='ocrx_word' id='word_1_292' title='bbox 1066 5779 1189 5833; x_wconf 72' lang='grc' dir='ltr'>ἐστὶ</span> <span class='ocrx_word' id='word_1_293' title='bbox 1215 5779 1284 5832; x_wconf 77' lang='grc' dir='ltr'>τά</span> <span class='ocrx_word' id='word_1_294' title='bbox 1311 5780 1550 5848; x_wconf 65' lang='grc' dir='ltr'>ἐναντία,</span> <span class='ocrx_word' id='word_1_295' title='bbox 1589 5782 1716 5838; x_wconf 84' lang='grc'><strong>129.</strong></span> 
     </span>
    </p>
   </div>
   <div class='ocr_carea' id='block_1_54' title="bbox 372 5865 1945 5946">
    <p class='ocr_par' dir='ltr' id='par_1_54' title="bbox 372 5865 1945 5946">
     <span class='ocr_line' id='line_1_54' title="bbox 372 5865 1945 5946; baseline 0.004 -25"><span class='ocrx_word' id='word_1_296' title='bbox 372 5865 534 5921; x_wconf 83' lang='grc' dir='ltr'>Ἴδιον</span> <span class='ocrx_word' id='word_1_297' title='bbox 559 5869 651 5922; x_wconf 88' lang='grc' dir='ltr'>τοῦ</span> <span class='ocrx_word' id='word_1_298' title='bbox 675 5869 926 5924; x_wconf 86' lang='grc' dir='ltr'>διαϐόλου</span> <span class='ocrx_word' id='word_1_299' title='bbox 955 5871 988 5940; x_wconf 87' lang='grc' dir='ltr'><strong>ή</strong></span> <span class='ocrx_word' id='word_1_300' title='bbox 1018 5871 1418 5942; x_wconf 84' lang='grc' dir='ltr'>ὑπερηφάνεια,</span> <span class='ocrx_word' id='word_1_301' title='bbox 1447 5875 1556 5930; x_wconf 88' lang='grc' dir='ltr'>τῶν</span> <span class='ocrx_word' id='word_1_302' title='bbox 1594 5875 1650 5928; x_wconf 82' lang='grc' dir='ltr'>δὲ</span> <span class='ocrx_word' id='word_1_303' title='bbox 1697 5877 1945 5946; x_wconf 79' lang='grc' dir='ltr'>ἀγγέλων</span> 
     </span>
    </p>
   </div>
   <div class='ocr_carea' id='block_1_55' title="bbox 442 5958 1250 6033">
    <p class='ocr_par' dir='ltr' id='par_1_55' title="bbox 442 5958 1250 6033">
     <span class='ocr_line' id='line_1_55' title="bbox 442 5958 1250 6033; baseline 0.012 -26"><span class='ocrx_word' id='word_1_304' title='bbox 442 5959 470 6024; x_wconf 69' lang='grc' dir='ltr'>ἡ</span> <span class='ocrx_word' id='word_1_305' title='bbox 508 5958 636 6026; x_wconf 64' lang='grc' dir='ltr'>πρὸς</span> <span class='ocrx_word' id='word_1_306' title='bbox 665 5959 797 6014; x_wconf 61' lang='grc' dir='ltr'>Θεὸν</span> <span class='ocrx_word' id='word_1_307' title='bbox 823 5961 1175 6033; x_wconf 78' lang='grc' dir='ltr'>ταπείνωσις,</span> <span class='ocrx_word' id='word_1_308' title='bbox 1199 5964 1250 6019; x_wconf 83' lang='grc'><strong>9.</strong></span> 
     </span>
    </p>
   </div>
   <div class='ocr_carea' id='block_1_56' title="bbox 1931 461 2165 520">
    <p class='ocr_par' dir='ltr' id='par_1_56' title="bbox 1931 461 2165 520">
     <span class='ocr_line' id='line_1_56' title="bbox 1931 461 2165 520; baseline 0.026 -6"><span class='ocrx_word' id='word_1_309' title='bbox 1931 461 2165 520; x_wconf 81' lang='grc' dir='ltr'>[ΙΙΝΛΞ.</span> 
     </span>
    </p>
   </div>
   <div class='ocr_carea' id='block_1_57' title="bbox 2117 582 3324 669">
    <p class='ocr_par' dir='ltr' id='par_1_57' title="bbox 2117 582 3324 669">
     <span class='ocr_line' id='line_1_57' title="bbox 2117 582 3324 669; baseline 0.021 -34"><span class='ocrx_word' id='word_1_310' title='bbox 2117 582 2480 662; x_wconf 75' lang='grc' dir='ltr'>Ἰερουσαλὴμ</span> <span class='ocrx_word' id='word_1_311' title='bbox 2507 590 2630 658; x_wconf 87' lang='grc' dir='ltr'>πῶς</span> <span class='ocrx_word' id='word_1_312' title='bbox 2657 593 3046 668; x_wconf 80' lang='grc' dir='ltr'>ἑρμηνεύεται,</span> <span class='ocrx_word' id='word_1_313' title='bbox 3073 599 3166 669; x_wconf 66' lang='grc' dir='ltr'>Η,</span> <span class='ocrx_word' id='word_1_314' title='bbox 3201 601 3324 661; x_wconf 86' lang='grc'><strong>150.</strong></span> 
     </span>
    </p>
   </div>
   <div class='ocr_carea' id='block_1_58' title="bbox 2108 675 2897 752">
    <p class='ocr_par' dir='ltr' id='par_1_58' title="bbox 2108 675 2897 752">
     <span class='ocr_line' id='line_1_58' title="bbox 2108 675 2897 752; baseline 0.022 -24"><span class='ocrx_word' id='word_1_315' title='bbox 2108 675 2430 749; x_wconf 80' lang='grc' dir='ltr'>Ἰματισμὸν</span> <span class='ocrx_word' id='word_1_316' title='bbox 2461 685 2514 736; x_wconf 88' lang='grc' dir='ltr'>τί</span> <span class='ocrx_word' id='word_1_317' title='bbox 2542 685 2733 752; x_wconf 75' lang='grc' dir='ltr'>ἑννοεῖ,</span> <span class='ocrx_word' id='word_1_318' title='bbox 2767 688 2897 746; x_wconf 88' lang='grc'><strong>207.</strong></span> 
     </span>
    </p>
   </div>
   <div class='ocr_carea' id='block_1_59' title="bbox 2107 767 3569 861">
    <p class='ocr_par' dir='ltr' id='par_1_59' title="bbox 2107 767 3569 861">
     <span class='ocr_line' id='line_1_59' title="bbox 2107 767 3569 861; baseline 0.02 -42"><span class='ocrx_word' id='word_1_319' title='bbox 2107 767 2298 823; x_wconf 83' lang='grc' dir='ltr'>Ἰσαὰκ</span> <span class='ocrx_word' id='word_1_320' title='bbox 2324 771 2497 836; x_wconf 88' lang='grc' dir='ltr'>τύπος</span> <span class='ocrx_word' id='word_1_321' title='bbox 2526 771 2597 848; x_wconf 72' lang='grc' dir='ltr'>ἦν</span> <span class='ocrx_word' id='word_1_322' title='bbox 2619 777 2716 832; x_wconf 90' lang='grc' dir='ltr'>τοῦ</span> <span class='ocrx_word' id='word_1_323' title='bbox 2749 785 3162 855; x_wconf 88' lang='grc' dir='ltr'>σταυρωθέντος</span> <span class='ocrx_word' id='word_1_324' title='bbox 3187 789 3448 861; x_wconf 85' lang='grc' dir='ltr'>Χριστοῦ,</span> <span class='ocrx_word' id='word_1_325' title='bbox 3483 792 3569 850; x_wconf 95' lang='grc'>56.</span> 
     </span>
    </p>
   </div>
   <div class='ocr_carea' id='block_1_60' title="bbox 2105 859 3662 955">
    <p class='ocr_par' dir='ltr' id='par_1_60' title="bbox 2105 859 3662 955">
     <span class='ocr_line' id='line_1_60' title="bbox 2105 859 3662 955; baseline 0.019 -43"><span class='ocrx_word' id='word_1_326' title='bbox 2105 859 2282 931; x_wconf 80' lang='grc' dir='ltr'>Ἰχθὺς</span> <span class='ocrx_word' id='word_1_327' title='bbox 2309 864 2402 918; x_wconf 79' lang='grc' dir='ltr'>καὶ</span> <span class='ocrx_word' id='word_1_328' title='bbox 2434 866 2714 936; x_wconf 89' lang='grc' dir='ltr'>μελίσσιον</span> <span class='ocrx_word' id='word_1_329' title='bbox 2742 873 2957 944; x_wconf 90' lang='grc' dir='ltr'>κηρίον,</span> <span class='ocrx_word' id='word_1_330' title='bbox 2989 877 3026 932; x_wconf 74' lang='grc' dir='ltr'>ἃ</span> <span class='ocrx_word' id='word_1_331' title='bbox 3056 859 3260 950; x_wconf 79' lang='grc' dir='ltr'>ἔφαγεν</span> <span class='ocrx_word' id='word_1_332' title='bbox 3288 884 3317 936; x_wconf 93' lang='lat'>0</span> <span class='ocrx_word' id='word_1_333' title='bbox 3351 883 3578 955; x_wconf 86' lang='grc' dir='ltr'>Ἰησοῦς,</span> <span class='ocrx_word' id='word_1_334' title='bbox 3606 885 3662 941; x_wconf 86' lang='grc' dir='ltr'>τί</span> 
     </span>
    </p>
   </div>
   <div class='ocr_carea' id='block_1_61' title="bbox 2165 955 2672 1027">
    <p class='ocr_par' dir='ltr' id='par_1_61' title="bbox 2165 955 2672 1027">
     <span class='ocr_line' id='line_1_61' title="bbox 2165 955 2672 1027; baseline 0.022 -19"><span class='ocrx_word' id='word_1_335' title='bbox 2165 955 2523 1027; x_wconf 79' lang='grc' dir='ltr'>σημαίνουσι,</span> <span class='ocrx_word' id='word_1_336' title='bbox 2548 963 2672 1019; x_wconf 90' lang='grc'><strong>125.</strong></span> 
     </span>
    </p>
   </div>
   <div class='ocr_carea' id='block_1_62' title="bbox 2105 1046 3661 1139">
    <p class='ocr_par' dir='ltr' id='par_1_62' title="bbox 2105 1046 3661 1139">
     <span class='ocr_line' id='line_1_62' title="bbox 2105 1046 3661 1139; baseline 0.016 -38"><span class='ocrx_word' id='word_1_337' title='bbox 2105 1046 2364 1122; x_wconf 86' lang='grc' dir='ltr'>Ἰωάννης</span> <span class='ocrx_word' id='word_1_338' title='bbox 2421 1053 2450 1106; x_wconf 87' lang='lat'>0</span> <span class='ocrx_word' id='word_1_339' title='bbox 2495 1052 2806 1129; x_wconf 80' lang='grc' dir='ltr'>βαπτιστὴς</span> <span class='ocrx_word' id='word_1_340' title='bbox 2835 1059 3155 1134; x_wconf 85' lang='grc' dir='ltr'>Πρόδρομος</span> <span class='ocrx_word' id='word_1_341' title='bbox 3182 1059 3252 1138; x_wconf 75' lang='grc' dir='ltr'>ἦν</span> <span class='ocrx_word' id='word_1_342' title='bbox 3293 1071 3388 1122; x_wconf 71' lang='grc' dir='ltr'>καὶ</span> <span class='ocrx_word' id='word_1_343' title='bbox 3410 1067 3509 1139; x_wconf 84' lang='grc' dir='ltr'>τῆς</span> <span class='ocrx_word' id='word_1_344' title='bbox 3532 1068 3661 1124; x_wconf 80' lang='grc' dir='ltr'>Ἐκ-</span> 
     </span>
    </p>
   </div>
   <div class='ocr_carea' id='block_1_63' title="bbox 2163 1142 2976 1219">
    <p class='ocr_par' dir='ltr' id='par_1_63' title="bbox 2163 1142 2976 1219">
     <span class='ocr_line' id='line_1_63' title="bbox 2163 1142 2976 1219; baseline 0.017 -25"><span class='ocrx_word' id='word_1_345' title='bbox 2163 1142 2399 1213; x_wconf 84' lang='grc' dir='ltr'>κλησίας</span> <span class='ocrx_word' id='word_1_346' title='bbox 2420 1145 2516 1199; x_wconf 90' lang='grc' dir='ltr'>τοῦ</span> <span class='ocrx_word' id='word_1_347' title='bbox 2549 1147 2821 1219; x_wconf 83' lang='grc' dir='ltr'>Χριστοῦ,</span> <span class='ocrx_word' id='word_1_348' title='bbox 2847 1151 2976 1209; x_wconf 89' lang='grc'><strong>227.</strong></span> 
     </span>
    </p>
   </div>
   <div class='ocr_carea' id='block_1_64' title="bbox 2100 1232 3654 1321">
    <p class='ocr_par' dir='ltr' id='par_1_64' title="bbox 2100 1232 3654 1321">
     <span class='ocr_line' id='line_1_64' title="bbox 2100 1232 3654 1321; baseline 0.014 -33"><span class='ocrx_word' id='word_1_349' title='bbox 2100 1232 2289 1300; x_wconf 78' lang='grc' dir='ltr'>Ἰωνᾶς</span> <span class='ocrx_word' id='word_1_350' title='bbox 2322 1236 2496 1305; x_wconf 86' lang='grc' dir='ltr'>τύπος</span> <span class='ocrx_word' id='word_1_351' title='bbox 2549 1235 2620 1314; x_wconf 82' lang='grc' dir='ltr'>ἦν</span> <span class='ocrx_word' id='word_1_352' title='bbox 2666 1242 2763 1297; x_wconf 89' lang='grc' dir='ltr'>τοῦ</span> <span class='ocrx_word' id='word_1_353' title='bbox 2799 1246 3136 1316; x_wconf 90' lang='grc' dir='ltr'>προαιωνίου</span> <span class='ocrx_word' id='word_1_354' title='bbox 3177 1249 3354 1320; x_wconf 82' lang='grc' dir='ltr'>Λόγου</span> <span class='ocrx_word' id='word_1_355' title='bbox 3383 1253 3477 1307; x_wconf 88' lang='grc' dir='ltr'>τοῦ</span> <span class='ocrx_word' id='word_1_356' title='bbox 3497 1254 3654 1321; x_wconf 88' lang='grc' dir='ltr'>Θεοῦ,</span> 
     </span>
    </p>
   </div>
   <div class='ocr_carea' id='block_1_65' title="bbox 2155 1326 2284 1385">
    <p class='ocr_par' dir='ltr' id='par_1_65' title="bbox 2155 1326 2284 1385">
     <span class='ocr_line' id='line_1_65' title="bbox 2155 1326 2284 1385; baseline 0 -1"><span class='ocrx_word' id='word_1_357' title='bbox 2155 1326 2284 1385; x_wconf 76' lang='lat'><strong>220.</strong></span> 
     </span>
    </p>
   </div>
   <div class='ocr_carea' id='block_1_66' title="bbox 2867 1408 2918 1462">
    <p class='ocr_par' dir='ltr' id='par_1_66' title="bbox 2867 1408 2918 1462">
     <span class='ocr_line' id='line_1_66' title="bbox 2867 1408 2918 1462; baseline 0 0"><span class='ocrx_word' id='word_1_358' title='bbox 2867 1408 2918 1462; x_wconf 81' lang='grc' dir='ltr'><strong>Κ</strong></span> 
     </span>
    </p>
   </div>
   <div class='ocr_carea' id='block_1_67' title="bbox 2084 1493 3648 1582">
    <p class='ocr_par' dir='ltr' id='par_1_67' title="bbox 2084 1493 3648 1582">
     <span class='ocr_line' id='line_1_67' title="bbox 2084 1493 3648 1582; baseline 0.011 -34"><span class='ocrx_word' id='word_1_359' title='bbox 2084 1493 2310 1564; x_wconf 75' lang='grc' dir='ltr'>Καίσαρ</span> <span class='ocrx_word' id='word_1_360' title='bbox 2338 1495 2419 1558; x_wconf 82' lang='grc' dir='ltr'>είς</span> <span class='ocrx_word' id='word_1_361' title='bbox 2447 1497 2697 1568; x_wconf 81' lang='grc' dir='ltr'>τέσσαρα</span> <span class='ocrx_word' id='word_1_362' title='bbox 2725 1497 2894 1554; x_wconf 78' lang='grc' dir='ltr'>διεῖλε</span> <span class='ocrx_word' id='word_1_363' title='bbox 2923 1499 3023 1573; x_wconf 77' lang='grc' dir='ltr'>τὴν</span> <span class='ocrx_word' id='word_1_364' title='bbox 3055 1502 3230 1576; x_wconf 82' lang='grc' dir='ltr'>ἀρχὴν</span> <span class='ocrx_word' id='word_1_365' title='bbox 3260 1506 3355 1560; x_wconf 90' lang='grc' dir='ltr'>τοῦ</span> <span class='ocrx_word' id='word_1_366' title='bbox 3389 1507 3648 1582; x_wconf 84' lang='grc' dir='ltr'>Ἡρώδου,</span> 
     </span>
    </p>
   </div>
   <div class='ocr_carea' id='block_1_68' title="bbox 2152 1587 2276 1646">
    <p class='ocr_par' dir='ltr' id='par_1_68' title="bbox 2152 1587 2276 1646">
     <span class='ocr_line' id='line_1_68' title="bbox 2152 1587 2276 1646; baseline 0.048 -6"><span class='ocrx_word' id='word_1_367' title='bbox 2152 1587 2276 1646; x_wconf 81' lang='grc'><strong>225.</strong></span> 
     </span>
    </p>
   </div>
   <div class='ocr_carea' id='block_1_69' title="bbox 2083 1683 3382 1764">
    <p class='ocr_par' dir='ltr' id='par_1_69' title="bbox 2083 1683 3382 1764">
     <span class='ocr_line' id='line_1_69' title="bbox 2083 1683 3382 1764; baseline 0.012 -28"><span class='ocrx_word' id='word_1_368' title='bbox 2083 1683 2246 1738; x_wconf 83' lang='grc' dir='ltr'>Κατά</span> <span class='ocrx_word' id='word_1_369' title='bbox 2280 1683 2408 1740; x_wconf 89' lang='grc' dir='ltr'>τίνα</span> <span class='ocrx_word' id='word_1_370' title='bbox 2439 1687 2776 1758; x_wconf 89' lang='grc' dir='ltr'>σταυροῦται</span> <span class='ocrx_word' id='word_1_371' title='bbox 2805 1690 2939 1762; x_wconf 79' lang='grc' dir='ltr'>ἡμῖν</span> <span class='ocrx_word' id='word_1_372' title='bbox 2963 1693 2993 1746; x_wconf 83' lang='lat'>0</span> <span class='ocrx_word' id='word_1_373' title='bbox 3029 1693 3258 1764; x_wconf 88' lang='grc' dir='ltr'>κόσμος,</span> <span class='ocrx_word' id='word_1_374' title='bbox 3296 1694 3382 1751; x_wconf 87' lang='grc'>55.</span> 
     </span>
    </p>
   </div>
   <div class='ocr_carea' id='block_1_70' title="bbox 2080 1775 3648 1856">
    <p class='ocr_par' dir='ltr' id='par_1_70' title="bbox 2080 1775 3648 1856">
     <span class='ocr_line' id='line_1_70' title="bbox 2080 1775 3648 1856; baseline 0.006 -28"><span class='ocrx_word' id='word_1_375' title='bbox 2080 1775 2507 1848; x_wconf 80' lang='grc' dir='ltr'>Κεκλεισμένων</span> <span class='ocrx_word' id='word_1_376' title='bbox 2536 1781 2646 1834; x_wconf 87' lang='grc' dir='ltr'>τῶν</span> <span class='ocrx_word' id='word_1_377' title='bbox 2675 1780 2884 1854; x_wconf 83' lang='grc' dir='ltr'>θυρῶν,</span> <span class='ocrx_word' id='word_1_378' title='bbox 2932 1783 3052 1848; x_wconf 90' lang='grc' dir='ltr'>πῶς</span> <span class='ocrx_word' id='word_1_379' title='bbox 3099 1783 3346 1856; x_wconf 82' lang='grc' dir='ltr'>εἰσῆλθεν</span> <span class='ocrx_word' id='word_1_380' title='bbox 3384 1787 3412 1840; x_wconf 98' lang='lat'>0</span> <span class='ocrx_word' id='word_1_381' title='bbox 3449 1785 3648 1855; x_wconf 83' lang='grc' dir='ltr'>Ἰησοῦς</span> 
     </span>
    </p>
   </div>
   <div class='ocr_carea' id='block_1_71' title="bbox 2152 1867 2928 1941">
    <p class='ocr_par' dir='ltr' id='par_1_71' title="bbox 2152 1867 2928 1941">
     <span class='ocr_line' id='line_1_71' title="bbox 2152 1867 2928 1941; baseline 0.012 -21"><span class='ocrx_word' id='word_1_382' title='bbox 2152 1867 2315 1938; x_wconf 90' lang='grc' dir='ltr'>σῶμα</span> <span class='ocrx_word' id='word_1_383' title='bbox 2346 1872 2764 1941; x_wconf 89' lang='grc' dir='ltr'>περικείμενος,</span> <span class='ocrx_word' id='word_1_384' title='bbox 2803 1873 2928 1931; x_wconf 85' lang='grc'><strong>102.</strong></span> 
     </span>
    </p>
   </div>
   <div class='ocr_carea' id='block_1_72' title="bbox 2080 1961 3658 2043">
    <p class='ocr_par' dir='ltr' id='par_1_72' title="bbox 2080 1961 3658 2043">
     <span class='ocr_line' id='line_1_72' title="bbox 2080 1961 3658 2043; baseline 0.008 -30"><span class='ocrx_word' id='word_1_385' title='bbox 2080 1961 2313 2033; x_wconf 74' lang='grc' dir='ltr'>Κεφαλη</span> <span class='ocrx_word' id='word_1_386' title='bbox 2355 1964 2452 2018; x_wconf 75' lang='grc' dir='ltr'>καὶ</span> <span class='ocrx_word' id='word_1_387' title='bbox 2493 1966 2790 2036; x_wconf 86' lang='grc' dir='ltr'>πρόσωπον</span> <span class='ocrx_word' id='word_1_388' title='bbox 2819 1969 3185 2040; x_wconf 83' lang='grc' dir='ltr'>ἀναγωγικῶς</span> <span class='ocrx_word' id='word_1_389' title='bbox 3213 1973 3268 2026; x_wconf 92' lang='grc' dir='ltr'>τί</span> <span class='ocrx_word' id='word_1_390' title='bbox 3299 1972 3658 2043; x_wconf 85' lang='grc' dir='ltr'>σημαίνουσι,’</span> 
     </span>
    </p>
   </div>
   <div class='ocr_carea' id='block_1_73' title="bbox 2150 2053 2239 2109">
    <p class='ocr_par' dir='ltr' id='par_1_73' title="bbox 2150 2053 2239 2109">
     <span class='ocr_line' id='line_1_73' title="bbox 2150 2053 2239 2109; baseline 0.011 -2"><span class='ocrx_word' id='word_1_391' title='bbox 2150 2053 2239 2109; x_wconf 94' lang='grc'>58.</span> 
     </span>
    </p>
   </div>
   <div class='ocr_carea' id='block_1_74' title="bbox 1995 2143 3564 2228">
    <p class='ocr_par' dir='ltr' id='par_1_74' title="bbox 1995 2143 3564 2228">
     <span class='ocr_line' id='line_1_74' title="bbox 1995 2143 3564 2228; baseline 0.011 -33"><span class='ocrx_word' id='word_1_392' title='bbox 1995 2157 2002 2162; x_wconf 88' lang='grc'><strong>·</strong></span> <span class='ocrx_word' id='word_1_393' title='bbox 2079 2143 2472 2216; x_wconf 77' lang='grc' dir='ltr'>κληρονομίαν</span> <span class='ocrx_word' id='word_1_394' title='bbox 2503 2150 2642 2218; x_wconf 79' lang='grc' dir='ltr'>πρὸς</span> <span class='ocrx_word' id='word_1_395' title='bbox 2674 2149 2860 2216; x_wconf 86' lang='grc' dir='ltr'>ποίους</span> <span class='ocrx_word' id='word_1_396' title='bbox 2893 2153 3128 2225; x_wconf 84' lang='grc' dir='ltr'>παρέχει</span> <span class='ocrx_word' id='word_1_397' title='bbox 3153 2156 3181 2209; x_wconf 91' lang='lat'>0</span> <span class='ocrx_word' id='word_1_398' title='bbox 3217 2155 3441 2228; x_wconf 83' lang='grc' dir='ltr'>Κύριος,</span> <span class='ocrx_word' id='word_1_399' title='bbox 3473 2156 3564 2212; x_wconf 81' lang='grc'>22.</span> 
     </span>
    </p>
   </div>
   <div class='ocr_carea' id='block_1_75' title="bbox 2076 2241 2734 2311">
    <p class='ocr_par' dir='ltr' id='par_1_75' title="bbox 2076 2241 2734 2311">
     <span class='ocr_line' id='line_1_75' title="bbox 2076 2241 2734 2311; baseline 0.009 -17"><span class='ocrx_word' id='word_1_400' title='bbox 2076 2241 2296 2311; x_wconf 78' lang='grc' dir='ltr'>Κλητδς</span> <span class='ocrx_word' id='word_1_401' title='bbox 2325 2241 2410 2306; x_wconf 90' lang='grc' dir='ltr'>τίς</span> <span class='ocrx_word' id='word_1_402' title='bbox 2431 2243 2574 2308; x_wconf 74' lang='grc' dir='ltr'>ἐστι,</span> <span class='ocrx_word' id='word_1_403' title='bbox 2604 2244 2734 2299; x_wconf 88' lang='grc'><strong>250.</strong></span> 
     </span>
    </p>
   </div>
   <div class='ocr_carea' id='block_1_76' title="bbox 2840 2365 2885 2419">
    <p class='ocr_par' dir='ltr' id='par_1_76' title="bbox 2840 2365 2885 2419">
     <span class='ocr_line' id='line_1_76' title="bbox 2840 2365 2885 2419; baseline 0 0"><span class='ocrx_word' id='word_1_404' title='bbox 2840 2365 2885 2419; x_wconf 89' lang='grc' dir='ltr'>Λ</span> 
     </span>
    </p>
   </div>
   <div class='ocr_carea' id='block_1_77' title="bbox 2075 2473 2965 2548">
    <p class='ocr_par' dir='ltr' id='par_1_77' title="bbox 2075 2473 2965 2548">
     <span class='ocr_line' id='line_1_77' title="bbox 2075 2473 2965 2548; baseline 0.01 -21"><span class='ocrx_word' id='word_1_405' title='bbox 2075 2474 2257 2529; x_wconf 88' lang='grc' dir='ltr'>Λαλιά</span> <span class='ocrx_word' id='word_1_406' title='bbox 2285 2473 2537 2546; x_wconf 80' lang='grc' dir='ltr'>διαφέρει</span> <span class='ocrx_word' id='word_1_407' title='bbox 2569 2478 2842 2548; x_wconf 83' lang='grc' dir='ltr'>κραυγῆς,</span> <span class='ocrx_word' id='word_1_408' title='bbox 2874 2479 2965 2536; x_wconf 88' lang='grc'><strong>65.</strong></span> 
     </span>
    </p>
   </div>
   <div class='ocr_carea' id='block_1_78' title="bbox 2074 2565 3643 2646">
    <p class='ocr_par' dir='ltr' id='par_1_78' title="bbox 2074 2565 3643 2646">
     <span class='ocr_line' id='line_1_78' title="bbox 2074 2565 3643 2646; baseline 0.005 -27"><span class='ocrx_word' id='word_1_409' title='bbox 2074 2566 2288 2621; x_wconf 87' lang='grc' dir='ltr'>Λευκόν</span> <span class='ocrx_word' id='word_1_410' title='bbox 2320 2570 2438 2621; x_wconf 80' lang='grc' dir='ltr'>εστι</span> <span class='ocrx_word' id='word_1_411' title='bbox 2467 2569 2528 2622; x_wconf 77' lang='grc' dir='ltr'>τὸ</span> <span class='ocrx_word' id='word_1_412' title='bbox 2551 2569 2790 2643; x_wconf 85' lang='grc' dir='ltr'>γράμμα</span> <span class='ocrx_word' id='word_1_413' title='bbox 2828 2565 2924 2626; x_wconf 78' lang='grc' dir='ltr'>τοῦ</span> <span class='ocrx_word' id='word_1_414' title='bbox 2966 2572 3333 2644; x_wconf 82' lang='grc' dir='ltr'>εὐαγγελικοῦ</span> <span class='ocrx_word' id='word_1_415' title='bbox 3360 2575 3643 2646; x_wconf 84' lang='grc' dir='ltr'>κηρύγμα-</span> 
     </span>
    </p>
   </div>
   <div class='ocr_carea' id='block_1_79' title="bbox 2147 2651 2509 2724">
    <p class='ocr_par' dir='ltr' id='par_1_79' title="bbox 2147 2651 2509 2724">
     <span class='ocr_line' id='line_1_79' title="bbox 2147 2651 2509 2724; baseline 0.014 -12"><span class='ocrx_word' id='word_1_416' title='bbox 2147 2676 2262 2724; x_wconf 83' lang='grc' dir='ltr'>τος,</span> <span class='ocrx_word' id='word_1_417' title='bbox 2301 2660 2426 2717; x_wconf 86' lang='grc'><strong>196.</strong></span> <span class='ocrx_word' id='word_1_418' title='bbox 2503 2651 2509 2656; x_wconf 57' lang='grc'><em>’</em></span> 
     </span>
    </p>
   </div>
   <div class='ocr_carea' id='block_1_80' title="bbox 2074 2750 2639 2819">
    <p class='ocr_par' dir='ltr' id='par_1_80' title="bbox 2074 2750 2639 2819">
     <span class='ocr_line' id='line_1_80' title="bbox 2074 2750 2639 2819; baseline 0.004 -15"><span class='ocrx_word' id='word_1_419' title='bbox 2074 2750 2250 2819; x_wconf 82' lang='grc' dir='ltr'>Λιμὸς</span> <span class='ocrx_word' id='word_1_420' title='bbox 2281 2751 2334 2804; x_wconf 86' lang='grc' dir='ltr'>τί</span> <span class='ocrx_word' id='word_1_421' title='bbox 2370 2751 2517 2818; x_wconf 76' lang='grc' dir='ltr'>ἐστι,</span> <span class='ocrx_word' id='word_1_422' title='bbox 2551 2752 2639 2806; x_wconf 93' lang='grc'>11.</span> 
     </span>
    </p>
   </div>
   <div class='ocr_carea' id='block_1_81' title="bbox 2071 2837 3135 2918">
    <p class='ocr_par' dir='ltr' id='par_1_81' title="bbox 2071 2837 3135 2918">
     <span class='ocr_line' id='line_1_81' title="bbox 2071 2837 3135 2918; baseline 0.006 -22"><span class='ocrx_word' id='word_1_423' title='bbox 2071 2844 2315 2912; x_wconf 79' lang='grc' dir='ltr'>Λογικάς</span> <span class='ocrx_word' id='word_1_424' title='bbox 2344 2846 2618 2918; x_wconf 84' lang='grc' dir='ltr'>τρυγόνας</span> <span class='ocrx_word' id='word_1_425' title='bbox 2651 2846 2806 2911; x_wconf 87' lang='grc' dir='ltr'>τίνας</span> <span class='ocrx_word' id='word_1_426' title='bbox 2835 2847 3007 2917; x_wconf 87' lang='grc' dir='ltr'>λέγει,</span> <span class='ocrx_word' id='word_1_427' title='bbox 3042 2837 3135 2903; x_wconf 76' lang='grc'><strong>2⁷7.</strong></span> 
     </span>
    </p>
   </div>
   <div class='ocr_carea' id='block_1_82' title="bbox 2070 2938 3635 3016">
    <p class='ocr_par' dir='ltr' id='par_1_82' title="bbox 2070 2938 3635 3016">
     <span class='ocr_line' id='line_1_82' title="bbox 2070 2938 3635 3016; baseline 0.006 -26"><span class='ocrx_word' id='word_1_428' title='bbox 2070 2938 2250 2991; x_wconf 83' lang='grc' dir='ltr'>Λῦσαι</span> <span class='ocrx_word' id='word_1_429' title='bbox 2283 2939 2347 2992; x_wconf 82' lang='grc' dir='ltr'>τὸ</span> <span class='ocrx_word' id='word_1_430' title='bbox 2375 2940 2633 3011; x_wconf 83' lang='grc' dir='ltr'>ὑπόδημα</span> <span class='ocrx_word' id='word_1_431' title='bbox 2661 2941 2772 2995; x_wconf 89' lang='grc' dir='ltr'>τῶν</span> <span class='ocrx_word' id='word_1_432' title='bbox 2804 2943 2984 2997; x_wconf 85' lang='grc' dir='ltr'>ποδῶν</span> <span class='ocrx_word' id='word_1_433' title='bbox 3018 2961 3139 3012; x_wconf 89' lang='grc' dir='ltr'>σου,</span> <span class='ocrx_word' id='word_1_434' title='bbox 3159 2944 3216 2999; x_wconf 89' lang='grc' dir='ltr'>τί</span> <span class='ocrx_word' id='word_1_435' title='bbox 3247 2944 3519 3016; x_wconf 83' lang='grc' dir='ltr'>σημαίνει,</span> <span class='ocrx_word' id='word_1_436' title='bbox 3547 2944 3635 3000; x_wconf 67' lang='grc'>51.</span> 
     </span>
    </p>
   </div>
   <div class='ocr_carea' id='block_1_83' title="bbox 2069 3031 3324 3109">
    <p class='ocr_par' dir='ltr' id='par_1_83' title="bbox 2069 3031 3324 3109">
     <span class='ocr_line' id='line_1_83' title="bbox 2069 3031 3324 3109; baseline 0.009 -27"><span class='ocrx_word' id='word_1_437' title='bbox 2069 3031 2269 3103; x_wconf 79' lang='grc' dir='ltr'>Λύχνῳ</span> <span class='ocrx_word' id='word_1_438' title='bbox 2301 3035 2705 3102; x_wconf 75' lang='grc' dir='ltr'>παρεικάζεται</span> <span class='ocrx_word' id='word_1_439' title='bbox 2737 3037 2770 3106; x_wconf 79' lang='grc' dir='ltr'><strong>ἡ</strong></span> <span class='ocrx_word' id='word_1_440' title='bbox 2801 3036 3036 3091; x_wconf 81' lang='grc' dir='ltr'>ἑκάστου</span> <span class='ocrx_word' id='word_1_441' title='bbox 3068 3038 3240 3109; x_wconf 77' lang='grc' dir='ltr'>ψυχὴ,</span> <span class='ocrx_word' id='word_1_442' title='bbox 3271 3038 3324 3093; x_wconf 74' lang='grc'>5.</span> 
     </span>
    </p>
   </div>
   <div class='ocr_carea' id='block_1_84' title="bbox 2828 3153 2883 3205">
    <p class='ocr_par' dir='ltr' id='par_1_84' title="bbox 2828 3153 2883 3205">
     <span class='ocr_line' id='line_1_84' title="bbox 2828 3153 2883 3205; baseline -0.018 0"><span class='ocrx_word' id='word_1_443' title='bbox 2828 3153 2883 3205; x_wconf 87' lang='grc' dir='ltr'><em>Μ</em></span> 
     </span>
    </p>
   </div>
   <div class='ocr_carea' id='block_1_85' title="bbox 2069 3261 3634 3339">
    <p class='ocr_par' dir='ltr' id='par_1_85' title="bbox 2069 3261 3634 3339">
     <span class='ocr_line' id='line_1_85' title="bbox 2069 3261 3634 3339; baseline 0.003 -25"><span class='ocrx_word' id='word_1_444' title='bbox 2069 3261 2336 3334; x_wconf 83' lang='grc' dir='ltr'>Μαθητὴν</span> <span class='ocrx_word' id='word_1_445' title='bbox 2383 3263 2484 3317; x_wconf 85' lang='grc' dir='ltr'>οὐκ</span> <span class='ocrx_word' id='word_1_446' title='bbox 2536 3266 2702 3334; x_wconf 84' lang='grc' dir='ltr'>ἀρκεῖ</span> <span class='ocrx_word' id='word_1_447' title='bbox 2750 3267 2811 3319; x_wconf 76' lang='grc' dir='ltr'>τὸ</span> <span class='ocrx_word' id='word_1_448' title='bbox 2863 3267 3146 3338; x_wconf 84' lang='grc' dir='ltr'>βάπτισμα</span> <span class='ocrx_word' id='word_1_449' title='bbox 3195 3270 3358 3339; x_wconf 90' lang='grc' dir='ltr'>μόνον</span> <span class='ocrx_word' id='word_1_450' title='bbox 3389 3267 3634 3339; x_wconf 85' lang='grc' dir='ltr'>ποιῆσαι,</span> 
     </span>
    </p>
   </div>
   <div class='ocr_carea' id='block_1_86' title="bbox 2136 3355 2260 3410">
    <p class='ocr_par' dir='ltr' id='par_1_86' title="bbox 2136 3355 2260 3410">
     <span class='ocr_line' id='line_1_86' title="bbox 2136 3355 2260 3410; baseline 0 -2"><span class='ocrx_word' id='word_1_451' title='bbox 2136 3355 2260 3410; x_wconf 74' lang='grc'><strong>214.</strong></span> 
     </span>
    </p>
   </div>
   <div class='ocr_carea' id='block_1_87' title="bbox 2066 3452 3634 3528">
    <p class='ocr_par' dir='ltr' id='par_1_87' title="bbox 2066 3452 3634 3528">
     <span class='ocr_line' id='line_1_87' title="bbox 2066 3452 3634 3528; baseline 0.003 -21"><span class='ocrx_word' id='word_1_452' title='bbox 2066 3452 2262 3522; x_wconf 89' lang='grc' dir='ltr'>Μαρία</span> <span class='ocrx_word' id='word_1_453' title='bbox 2293 3452 2326 3523; x_wconf 82' lang='grc' dir='ltr'><strong>ή</strong></span> <span class='ocrx_word' id='word_1_454' title='bbox 2354 3452 2690 3526; x_wconf 79' lang='grc' dir='ltr'>Μαγδαληνὴ</span> <span class='ocrx_word' id='word_1_455' title='bbox 2723 3455 3022 3522; x_wconf 73' lang='grc' dir='ltr'>ἀπόστολος</span> <span class='ocrx_word' id='word_1_456' title='bbox 3054 3457 3296 3528; x_wconf 87' lang='grc' dir='ltr'>γίγνεται</span> <span class='ocrx_word' id='word_1_457' title='bbox 3322 3461 3433 3522; x_wconf 84' lang='grc' dir='ltr'>τοῖς</span> <span class='ocrx_word' id='word_1_458' title='bbox 3475 3459 3634 3512; x_wconf 76' lang='grc' dir='ltr'>’Δποο</span> 
     </span>
    </p>
   </div>
   <div class='ocr_carea' id='block_1_88' title="bbox 2137 3545 2530 3610">
    <p class='ocr_par' dir='ltr' id='par_1_88' title="bbox 2137 3545 2530 3610">
     <span class='ocr_line' id='line_1_88' title="bbox 2137 3545 2530 3610; baseline 0.01 -13"><span class='ocrx_word' id='word_1_459' title='bbox 2137 3547 2368 3610; x_wconf 86' lang='grc' dir='ltr'>στόλοις,</span> <span class='ocrx_word' id='word_1_460' title='bbox 2406 3545 2530 3602; x_wconf 89' lang='grc'><strong>118.</strong></span> 
     </span>
    </p>
   </div>
   <div class='ocr_carea' id='block_1_89' title="bbox 2063 3640 3036 3718">
    <p class='ocr_par' dir='ltr' id='par_1_89' title="bbox 2063 3640 3036 3718">
     <span class='ocr_line' id='line_1_89' title="bbox 2063 3640 3036 3718; baseline 0.003 -24"><span class='ocrx_word' id='word_1_461' title='bbox 2063 3641 2303 3711; x_wconf 82' lang='grc' dir='ltr'>Μαριὰμ</span> <span class='ocrx_word' id='word_1_462' title='bbox 2336 3640 2457 3704; x_wconf 87' lang='grc' dir='ltr'>πῶς</span> <span class='ocrx_word' id='word_1_463' title='bbox 2486 3640 2894 3718; x_wconf 76' lang='grc' dir='ltr'>ἑρμηνεύεται,</span> <span class='ocrx_word' id='word_1_464' title='bbox 2943 3642 3036 3697; x_wconf 67' lang='grc'>74.</span> 
     </span>
    </p>
   </div>
   <div class='ocr_carea' id='block_1_90' title="bbox 2062 3733 3632 3810">
    <p class='ocr_par' dir='ltr' id='par_1_90' title="bbox 2062 3733 3632 3810">
     <span class='ocr_line' id='line_1_90' title="bbox 2062 3733 3632 3810; baseline 0.004 -24"><span class='ocrx_word' id='word_1_465' title='bbox 2062 3734 2220 3802; x_wconf 87' lang='grc' dir='ltr'>Μέγα</span> <span class='ocrx_word' id='word_1_466' title='bbox 2257 3735 2397 3804; x_wconf 76' lang='grc' dir='ltr'>ἴαμα</span> <span class='ocrx_word' id='word_1_467' title='bbox 2426 3733 2526 3804; x_wconf 84' lang='grc' dir='ltr'>τῆς</span> <span class='ocrx_word' id='word_1_468' title='bbox 2579 3735 2856 3805; x_wconf 82' lang='grc' dir='ltr'>ἁμαρτίας</span> <span class='ocrx_word' id='word_1_469' title='bbox 2911 3738 3062 3790; x_wconf 71' lang='grc' dir='ltr'>ἐστὶν</span> <span class='ocrx_word' id='word_1_470' title='bbox 3097 3737 3125 3788; x_wconf 87' lang='lat'>0</span> <span class='ocrx_word' id='word_1_471' title='bbox 3169 3739 3294 3802; x_wconf 82' lang='grc' dir='ltr'>Υἱὸς</span> <span class='ocrx_word' id='word_1_472' title='bbox 3337 3741 3430 3792; x_wconf 70' lang='grc' dir='ltr'>καὶ</span> <span class='ocrx_word' id='word_1_473' title='bbox 3459 3741 3632 3810; x_wconf 85' lang='grc' dir='ltr'>Λόγος</span> 
     </span>
    </p>
   </div>
   <div class='ocr_carea' id='block_1_91' title="bbox 2133 3827 2549 3896">
    <p class='ocr_par' dir='ltr' id='par_1_91' title="bbox 2133 3827 2549 3896">
     <span class='ocr_line' id='line_1_91' title="bbox 2133 3827 2549 3896; baseline 0.01 -15"><span class='ocrx_word' id='word_1_474' title='bbox 2133 3828 2228 3882; x_wconf 84' lang='grc' dir='ltr'>τοῦ</span> <span class='ocrx_word' id='word_1_475' title='bbox 2257 3827 2417 3896; x_wconf 88' lang='grc' dir='ltr'>Θεοῦ,</span> <span class='ocrx_word' id='word_1_476' title='bbox 2459 3829 2549 3885; x_wconf 88' lang='lat'><strong>19.</strong></span> 
     </span>
    </p>
   </div>
   <div class='ocr_carea' id='block_1_92' title="bbox 2061 3921 2645 3992">
    <p class='ocr_par' dir='ltr' id='par_1_92' title="bbox 2061 3921 2645 3992">
     <span class='ocr_line' id='line_1_92' title="bbox 2061 3921 2645 3992; baseline 0.009 -18"><span class='ocrx_word' id='word_1_477' title='bbox 2061 3921 2222 3992; x_wconf 86' lang='grc' dir='ltr'>Μέθη</span> <span class='ocrx_word' id='word_1_478' title='bbox 2255 3922 2310 3975; x_wconf 83' lang='grc' dir='ltr'>τί</span> <span class='ocrx_word' id='word_1_479' title='bbox 2337 3925 2482 3988; x_wconf 71' lang='grc' dir='ltr'>ιστι,</span> <span class='ocrx_word' id='word_1_480' title='bbox 2514 3924 2645 3979; x_wconf 86' lang='lat'><strong>217.</strong></span> 
     </span>
    </p>
   </div>
   <div class='ocr_carea' id='block_1_93' title="bbox 2049 4015 3050 4090">
    <p class='ocr_par' dir='ltr' id='par_1_93' title="bbox 2049 4015 3050 4090">
     <span class='ocr_line' id='line_1_93' title="bbox 2049 4015 3050 4090; baseline 0.008 -23"><span class='ocrx_word' id='word_1_481' title='bbox 2049 4015 2306 4080; x_wconf 76' lang='grc' dir='ltr'>Μείζονα</span> <span class='ocrx_word' id='word_1_482' title='bbox 2354 4016 2513 4086; x_wconf 81' lang='grc' dir='ltr'>ίσχὺν</span> <span class='ocrx_word' id='word_1_483' title='bbox 2541 4017 2658 4087; x_wconf 84' lang='grc' dir='ltr'>ἔχει</span> <span class='ocrx_word' id='word_1_484' title='bbox 2697 4017 2730 4088; x_wconf 83' lang='grc' dir='ltr'><strong>ἡ</strong></span> <span class='ocrx_word' id='word_1_485' title='bbox 2762 4019 2958 4090; x_wconf 86' lang='grc' dir='ltr'>ἀρετὴ,</span> <span class='ocrx_word' id='word_1_486' title='bbox 2997 4019 3050 4075; x_wconf 89' lang='grc'>5.</span> 
     </span>
    </p>
   </div>
   <div class='ocr_carea' id='block_1_94' title="bbox 2059 4107 2806 4179">
    <p class='ocr_par' dir='ltr' id='par_1_94' title="bbox 2059 4107 2806 4179">
     <span class='ocr_line' id='line_1_94' title="bbox 2059 4107 2806 4179; baseline 0.004 -17"><span class='ocrx_word' id='word_1_487' title='bbox 2059 4107 2385 4179; x_wconf 84' lang='grc' dir='ltr'>Μελέαγρον</span> <span class='ocrx_word' id='word_1_488' title='bbox 2413 4108 2468 4161; x_wconf 91' lang='grc' dir='ltr'>τί</span> <span class='ocrx_word' id='word_1_489' title='bbox 2499 4109 2641 4178; x_wconf 73' lang='grc' dir='ltr'>ἐστι,</span> <span class='ocrx_word' id='word_1_490' title='bbox 2679 4109 2806 4166; x_wconf 89' lang='grc'><strong>288.</strong></span> 
     </span>
    </p>
   </div>
   <div class='ocr_carea' id='block_1_95' title="bbox 2058 4199 3296 4276">
    <p class='ocr_par' dir='ltr' id='par_1_95' title="bbox 2058 4199 3296 4276">
     <span class='ocr_line' id='line_1_95' title="bbox 2058 4199 3296 4276; baseline 0.009 -24"><span class='ocrx_word' id='word_1_491' title='bbox 2058 4199 2203 4253; x_wconf 83' lang='grc' dir='ltr'>Μέλι</span> <span class='ocrx_word' id='word_1_492' title='bbox 2232 4200 2608 4271; x_wconf 75' lang='grc' dir='ltr'>πνευματικὸν</span> <span class='ocrx_word' id='word_1_493' title='bbox 2638 4203 2787 4272; x_wconf 84' lang='grc' dir='ltr'>λέγει</span> <span class='ocrx_word' id='word_1_494' title='bbox 2817 4203 2914 4276; x_wconf 80' lang='grc' dir='ltr'>τὴν</span> <span class='ocrx_word' id='word_1_495' title='bbox 2939 4205 3140 4276; x_wconf 85' lang='grc' dir='ltr'>λύπην,</span> <span class='ocrx_word' id='word_1_496' title='bbox 3175 4207 3296 4262; x_wconf 89' lang='grc'><strong>165.</strong></span> 
     </span>
    </p>
   </div>
   <div class='ocr_carea' id='block_1_96' title="bbox 2057 4294 3626 4373">
    <p class='ocr_par' dir='ltr' id='par_1_96' title="bbox 2057 4294 3626 4373">
     <span class='ocr_line' id='line_1_96' title="bbox 2057 4294 3626 4373; baseline 0.004 -25"><span class='ocrx_word' id='word_1_497' title='bbox 2057 4294 2370 4366; x_wconf 85' lang='grc' dir='ltr'>Μελισσείῳ</span> <span class='ocrx_word' id='word_1_498' title='bbox 2401 4295 2581 4368; x_wconf 87' lang='grc' dir='ltr'>κηρίῳ</span> <span class='ocrx_word' id='word_1_499' title='bbox 2610 4298 3069 4370; x_wconf 79' lang='grc' dir='ltr'>παρεικάζεταιή</span> <span class='ocrx_word' id='word_1_500' title='bbox 3097 4300 3427 4370; x_wconf 79' lang='grc' dir='ltr'>εὐαγγελικὴ</span> <span class='ocrx_word' id='word_1_501' title='bbox 3451 4303 3626 4373; x_wconf 73' lang='grc' dir='ltr'>φωνὴ,</span> 
     </span>
    </p>
   </div>
   <div class='ocr_carea' id='block_1_97' title="bbox 2131 4386 2260 4443">
    <p class='ocr_par' dir='ltr' id='par_1_97' title="bbox 2131 4386 2260 4443">
     <span class='ocr_line' id='line_1_97' title="bbox 2131 4386 2260 4443; baseline 0.016 -2"><span class='ocrx_word' id='word_1_502' title='bbox 2131 4386 2260 4443; x_wconf 85' lang='grc'><strong>161.</strong></span> 
     </span>
    </p>
   </div>
   <div class='ocr_carea' id='block_1_98' title="bbox 2055 4481 3622 4554">
    <p class='ocr_par' dir='ltr' id='par_1_98' title="bbox 2055 4481 3622 4554">
     <span class='ocr_line' id='line_1_98' title="bbox 2055 4481 3622 4554; baseline 0.005 -19"><span class='ocrx_word' id='word_1_503' title='bbox 2055 4481 2202 4535; x_wconf 86' lang='grc' dir='ltr'>Μίαν</span> <span class='ocrx_word' id='word_1_504' title='bbox 2237 4481 2526 4538; x_wconf 84' lang='grc' dir='ltr'>σαϐϐάτων</span> <span class='ocrx_word' id='word_1_505' title='bbox 2552 4484 2606 4538; x_wconf 87' lang='grc' dir='ltr'>τί</span> <span class='ocrx_word' id='word_1_506' title='bbox 2633 4482 2912 4537; x_wconf 76' lang='grc' dir='ltr'>ἐννοοῦσιν</span> <span class='ocrx_word' id='word_1_507' title='bbox 2944 4486 2994 4538; x_wconf 81' lang='grc' dir='ltr'>οί</span> <span class='ocrx_word' id='word_1_508' title='bbox 3044 4486 3460 4554; x_wconf 73' lang='grc' dir='ltr'>Εὐαγγελισταὶ,</span> <span class='ocrx_word' id='word_1_509' title='bbox 3502 4488 3622 4543; x_wconf 91' lang='grc'><strong>105.</strong></span> 
     </span>
    </p>
   </div>
   <div class='ocr_carea' id='block_1_99' title="bbox 2055 4559 3624 4648">
    <p class='ocr_par' dir='ltr' id='par_1_99' title="bbox 2055 4559 3624 4648">
     <span class='ocr_line' id='line_1_99' title="bbox 2055 4559 3624 4648; baseline 0.004 -21"><span class='ocrx_word' id='word_1_510' title='bbox 2055 4574 2334 4645; x_wconf 83' lang='grc' dir='ltr'>Μόλυσμα</span> <span class='ocrx_word' id='word_1_511' title='bbox 2363 4575 2545 4630; x_wconf 76' lang='grc' dir='ltr'>κοινὸν</span> <span class='ocrx_word' id='word_1_512' title='bbox 2580 4559 2683 4648; x_wconf 78' lang='grc' dir='ltr'>τῆς</span> <span class='ocrx_word' id='word_1_513' title='bbox 2719 4575 3049 4648; x_wconf 84' lang='grc' dir='ltr'>Ἐκκλησίας</span> <span class='ocrx_word' id='word_1_514' title='bbox 3076 4578 3226 4631; x_wconf 81' lang='grc' dir='ltr'>ἐστὶν</span> <span class='ocrx_word' id='word_1_515' title='bbox 3258 4579 3286 4631; x_wconf 93' lang='lat'>0</span> <span class='ocrx_word' id='word_1_516' title='bbox 3328 4579 3624 4648; x_wconf 80' lang='grc' dir='ltr'>πορνεύων,</span> 
     </span>
    </p>
   </div>
   <div class='ocr_carea' id='block_1_100' title="bbox 2125 4669 2216 4725">
    <p class='ocr_par' dir='ltr' id='par_1_100' title="bbox 2125 4669 2216 4725">
     <span class='ocr_line' id='line_1_100' title="bbox 2125 4669 2216 4725; baseline 0.011 -1"><span class='ocrx_word' id='word_1_517' title='bbox 2125 4669 2216 4725; x_wconf 88' lang='lat'><strong>29.</strong></span> 
     </span>
    </p>
   </div>
   <div class='ocr_carea' id='block_1_101' title="bbox 2054 4764 3618 4838">
    <p class='ocr_par' dir='ltr' id='par_1_101' title="bbox 2054 4764 3618 4838">
     <span class='ocr_line' id='line_1_101' title="bbox 2054 4764 3618 4838; baseline 0.004 -20"><span class='ocrx_word' id='word_1_518' title='bbox 2054 4765 2210 4834; x_wconf 86' lang='grc' dir='ltr'>Μόνη</span> <span class='ocrx_word' id='word_1_519' title='bbox 2239 4764 2445 4836; x_wconf 83' lang='grc' dir='ltr'>ἐστάθη</span> <span class='ocrx_word' id='word_1_520' title='bbox 2485 4766 2692 4834; x_wconf 79' lang='grc' dir='ltr'>μεταξὺ</span> <span class='ocrx_word' id='word_1_521' title='bbox 2721 4765 2858 4820; x_wconf 88' lang='grc' dir='ltr'>Θεοῦ</span> <span class='ocrx_word' id='word_1_522' title='bbox 2906 4765 2998 4820; x_wconf 74' lang='grc' dir='ltr'>καὶ</span> <span class='ocrx_word' id='word_1_523' title='bbox 3042 4767 3246 4830; x_wconf 76' lang='grc' dir='ltr'>παντὸς</span> <span class='ocrx_word' id='word_1_524' title='bbox 3278 4769 3618 4838; x_wconf 83' lang='grc' dir='ltr'>ἀνθρωπείου</span> 
     </span>
    </p>
   </div>
   <div class='ocr_carea' id='block_1_102' title="bbox 2123 4859 2872 4930">
    <p class='ocr_par' dir='ltr' id='par_1_102' title="bbox 2123 4859 2872 4930">
     <span class='ocr_line' id='line_1_102' title="bbox 2123 4859 2872 4930; baseline 0.004 -18"><span class='ocrx_word' id='word_1_525' title='bbox 2123 4861 2318 4928; x_wconf 85' lang='grc' dir='ltr'>γένους</span> <span class='ocrx_word' id='word_1_526' title='bbox 2347 4861 2380 4930; x_wconf 83' lang='grc' dir='ltr'><strong>ή</strong></span> <span class='ocrx_word' id='word_1_527' title='bbox 2419 4859 2707 4924; x_wconf 84' lang='grc' dir='ltr'>Θεοτόκσς,</span> <span class='ocrx_word' id='word_1_528' title='bbox 2742 4859 2872 4915; x_wconf 88' lang='grc'><strong>207.</strong></span> 
     </span>
    </p>
   </div>
   <div class='ocr_carea' id='block_1_103' title="bbox 2049 4952 3618 5034">
    <p class='ocr_par' dir='ltr' id='par_1_103' title="bbox 2049 4952 3618 5034">
     <span class='ocr_line' id='line_1_103' title="bbox 2049 4952 3618 5034; baseline 0.005 -27"><span class='ocrx_word' id='word_1_529' title='bbox 2049 4952 2271 5023; x_wconf 87' lang='grc' dir='ltr'>Μόσχος</span> <span class='ocrx_word' id='word_1_530' title='bbox 2293 4954 2538 5019; x_wconf 78' lang='grc' dir='ltr'>σιτευτός</span> <span class='ocrx_word' id='word_1_531' title='bbox 2561 4957 2713 5010; x_wconf 74' lang='grc' dir='ltr'>ἐστιν</span> <span class='ocrx_word' id='word_1_532' title='bbox 2736 4957 2900 5022; x_wconf 82' lang='grc' dir='ltr'>αὐτὸς</span> <span class='ocrx_word' id='word_1_533' title='bbox 2928 4960 2956 5014; x_wconf 88' lang='lat'>0</span> <span class='ocrx_word' id='word_1_534' title='bbox 2987 4959 3195 5034; x_wconf 83' lang='grc' dir='ltr'>Κύριος</span> <span class='ocrx_word' id='word_1_535' title='bbox 3218 4961 3375 5032; x_wconf 79' lang='grc' dir='ltr'>ἡμῶν</span> <span class='ocrx_word' id='word_1_536' title='bbox 3413 4960 3618 5034; x_wconf 87' lang='grc' dir='ltr'>Ἰησοῦς</span> 
     </span>
    </p>
   </div>
   <div class='ocr_carea' id='block_1_104' title="bbox 2119 5047 2504 5118">
    <p class='ocr_par' dir='ltr' id='par_1_104' title="bbox 2119 5047 2504 5118">
     <span class='ocr_line' id='line_1_104' title="bbox 2119 5047 2504 5118; baseline 0 -17"><span class='ocrx_word' id='word_1_537' title='bbox 2119 5047 2378 5118; x_wconf 80' lang='grc' dir='ltr'>Χριστὸς,</span> <span class='ocrx_word' id='word_1_538' title='bbox 2416 5048 2504 5103; x_wconf 88' lang='grc'>16.</span> 
     </span>
    </p>
   </div>
   <div class='ocr_carea' id='block_1_105' title="bbox 2047 5140 2850 5211">
    <p class='ocr_par' dir='ltr' id='par_1_105' title="bbox 2047 5140 2850 5211">
     <span class='ocr_line' id='line_1_105' title="bbox 2047 5140 2850 5211; baseline 0.002 -17"><span class='ocrx_word' id='word_1_539' title='bbox 2047 5141 2368 5211; x_wconf 88' lang='grc' dir='ltr'>Μυροφόροι</span> <span class='ocrx_word' id='word_1_540' title='bbox 2397 5141 2537 5203; x_wconf 86' lang='grc' dir='ltr'>τίνες</span> <span class='ocrx_word' id='word_1_541' title='bbox 2561 5141 2691 5208; x_wconf 70' lang='grc' dir='ltr'>είσὶ,</span> <span class='ocrx_word' id='word_1_542' title='bbox 2728 5140 2850 5196; x_wconf 75' lang='grc'><strong>104.</strong></span> 
     </span>
    </p>
   </div>
   <div class='ocr_carea' id='block_1_106' title="bbox 2045 5234 3614 5314">
    <p class='ocr_par' dir='ltr' id='par_1_106' title="bbox 2045 5234 3614 5314">
     <span class='ocr_line' id='line_1_106' title="bbox 2045 5234 3614 5314; baseline 0.005 -26"><span class='ocrx_word' id='word_1_543' title='bbox 2045 5235 2370 5306; x_wconf 83' lang='grc' dir='ltr'>Μυστήριον</span> <span class='ocrx_word' id='word_1_544' title='bbox 2404 5235 2551 5302; x_wconf 84' lang='grc' dir='ltr'>μέγα</span> <span class='ocrx_word' id='word_1_545' title='bbox 2578 5237 2606 5287; x_wconf 93' lang='lat'>0</span> <span class='ocrx_word' id='word_1_546' title='bbox 2632 5234 2727 5288; x_wconf 84' lang='grc' dir='ltr'>τοῦ</span> <span class='ocrx_word' id='word_1_547' title='bbox 2775 5236 3020 5309; x_wconf 87' lang='grc' dir='ltr'>Σταυροῦ</span> <span class='ocrx_word' id='word_1_548' title='bbox 3050 5235 3206 5309; x_wconf 74' lang='grc' dir='ltr'>λόγδς</span> <span class='ocrx_word' id='word_1_549' title='bbox 3227 5278 3244 5304; x_wconf 88' lang='grc'>,</span> <span class='ocrx_word' id='word_1_550' title='bbox 3272 5239 3358 5296; x_wconf 85' lang='grc'>61.</span> <span class='ocrx_word' id='word_1_551' title='bbox 3393 5242 3614 5314; x_wconf 84' lang='grc' dir='ltr'>Μυστή-</span> 
     </span>
    </p>
   </div>
   <div class='ocr_carea' id='block_1_107' title="bbox 2119 5323 3613 5402">
    <p class='ocr_par' dir='ltr' id='par_1_107' title="bbox 2119 5323 3613 5402">
     <span class='ocr_line' id='line_1_107' title="bbox 2119 5323 3613 5402; baseline 0.006 -25"><span class='ocrx_word' id='word_1_552' title='bbox 2119 5341 2238 5396; x_wconf 92' lang='grc' dir='ltr'>ριον</span> <span class='ocrx_word' id='word_1_553' title='bbox 2274 5323 2372 5377; x_wconf 90' lang='grc' dir='ltr'>τοῦ</span> <span class='ocrx_word' id='word_1_554' title='bbox 2407 5325 2701 5393; x_wconf 85' lang='grc' dir='ltr'>μέλλοντος</span> <span class='ocrx_word' id='word_1_555' title='bbox 2736 5327 2934 5394; x_wconf 78' lang='grc' dir='ltr'>αἰῶνός</span> <span class='ocrx_word' id='word_1_556' title='bbox 2966 5330 3082 5384; x_wconf 76' lang='grc' dir='ltr'>ἐστι</span> <span class='ocrx_word' id='word_1_557' title='bbox 3107 5332 3168 5384; x_wconf 83' lang='grc' dir='ltr'>τὸ</span> <span class='ocrx_word' id='word_1_558' title='bbox 3201 5331 3319 5402; x_wconf 83' lang='grc' dir='ltr'>φῶς</span> <span class='ocrx_word' id='word_1_559' title='bbox 3361 5333 3460 5402; x_wconf 85' lang='grc' dir='ltr'>τῆς</span> <span class='ocrx_word' id='word_1_560' title='bbox 3503 5335 3613 5388; x_wconf 77' lang='lat' dir='ltr'><strong>Me-</strong></span> 
     </span>
    </p>
   </div>
   <div class='ocr_carea' id='block_1_108' title="bbox 2114 5417 2718 5490">
    <p class='ocr_par' dir='ltr' id='par_1_108' title="bbox 2114 5417 2718 5490">
     <span class='ocr_line' id='line_1_108' title="bbox 2114 5417 2718 5490; baseline 0.002 -17"><span class='ocrx_word' id='word_1_561' title='bbox 2114 5417 2557 5490; x_wconf 81' lang='grc' dir='ltr'>ταμορφώσεως,</span> <span class='ocrx_word' id='word_1_562' title='bbox 2593 5419 2718 5474; x_wconf 87' lang='grc'><strong>190.</strong></span> 
     </span>
    </p>
   </div>
   <div class='ocr_carea' id='block_1_109' title="bbox 2044 5512 3612 5589">
    <p class='ocr_par' dir='ltr' id='par_1_109' title="bbox 2044 5512 3612 5589">
     <span class='ocr_line' id='line_1_109' title="bbox 2044 5512 3612 5589; baseline 0.003 -22"><span class='ocrx_word' id='word_1_563' title='bbox 2044 5512 2181 5567; x_wconf 86' lang='grc' dir='ltr'>Μωῦ</span> <span class='ocrx_word' id='word_1_564' title='bbox 2193 5515 2291 5582; x_wconf 70' lang='grc' dir='ltr'>τῆς</span> <span class='ocrx_word' id='word_1_565' title='bbox 2324 5514 2443 5577; x_wconf 76' lang='grc' dir='ltr'>πῶς</span> <span class='ocrx_word' id='word_1_566' title='bbox 2471 5515 2574 5584; x_wconf 80' lang='grc' dir='ltr'>ὁρᾷ</span> <span class='ocrx_word' id='word_1_567' title='bbox 2605 5514 2697 5568; x_wconf 85' lang='grc' dir='ltr'>τὸν</span> <span class='ocrx_word' id='word_1_568' title='bbox 2726 5514 2884 5583; x_wconf 82' lang='grc' dir='ltr'>Θεὸν,</span> <span class='ocrx_word' id='word_1_569' title='bbox 2927 5517 3016 5572; x_wconf 88' lang='grc'>52.</span> <span class='ocrx_word' id='word_1_570' title='bbox 3055 5517 3298 5589; x_wconf 78' lang='grc' dir='ltr'>Μωῦτῆς</span> <span class='ocrx_word' id='word_1_571' title='bbox 3326 5519 3419 5574; x_wconf 76' lang='grc' dir='ltr'>τὸν</span> <span class='ocrx_word' id='word_1_572' title='bbox 3444 5521 3612 5574; x_wconf 86' lang='grc' dir='ltr'>τύπον</span> 
     </span>
    </p>
   </div>
   <div class='ocr_carea' id='block_1_110' title="bbox 2114 5601 3610 5683">
    <p class='ocr_par' dir='ltr' id='par_1_110' title="bbox 2114 5601 3610 5683">
     <span class='ocr_line' id='line_1_110' title="bbox 2114 5601 3610 5683; baseline 0.003 -24"><span class='ocrx_word' id='word_1_573' title='bbox 2114 5604 2216 5660; x_wconf 85' lang='grc' dir='ltr'>τοῦ</span> <span class='ocrx_word' id='word_1_574' title='bbox 2249 5601 2498 5676; x_wconf 87' lang='grc' dir='ltr'>Σταυροῦ</span> <span class='ocrx_word' id='word_1_575' title='bbox 2550 5605 2646 5661; x_wconf 81' lang='grc' dir='ltr'>καὶ</span> <span class='ocrx_word' id='word_1_576' title='bbox 2684 5607 2745 5660; x_wconf 80' lang='grc' dir='ltr'>τὺ</span> <span class='ocrx_word' id='word_1_577' title='bbox 2792 5608 2979 5680; x_wconf 82' lang='grc' dir='ltr'>σχῆμα</span> <span class='ocrx_word' id='word_1_578' title='bbox 3023 5609 3193 5664; x_wconf 83' lang='grc' dir='ltr'>αὐτοῦ</span> <span class='ocrx_word' id='word_1_579' title='bbox 3249 5611 3610 5683; x_wconf 80' lang='grc' dir='ltr'>προανέδειξε,</span> 
     </span>
    </p>
   </div>
   <div class='ocr_carea' id='block_1_111' title="bbox 2116 5700 2928 5756">
    <p class='ocr_par' dir='ltr' id='par_1_111' title="bbox 2116 5700 2928 5756">
     <span class='ocr_line' id='line_1_111' title="bbox 2116 5700 2928 5756; baseline 0.011 -1"><span class='ocrx_word' id='word_1_580' title='bbox 2116 5700 2209 5756; x_wconf 85' lang='grc'><strong>5⁵1.</strong></span> <span class='ocrx_word' id='word_1_581' title='bbox 2917 5732 2928 5742; x_wconf 90' lang='grc'><strong>·</strong></span> 
     </span>
    </p>
   </div>
   <div class='ocr_carea' id='block_1_112' title="bbox 2811 5773 2861 5826">
    <p class='ocr_par' dir='ltr' id='par_1_112' title="bbox 2811 5773 2861 5826">
     <span class='ocr_line' id='line_1_112' title="bbox 2811 5773 2861 5826; baseline 0 0"><span class='ocrx_word' id='word_1_582' title='bbox 2811 5773 2861 5826; x_wconf 87' lang='grc' dir='ltr'><strong>Ν</strong></span> 
     </span>
    </p>
   </div>
   <div class='ocr_carea' id='block_1_113' title="bbox 2043 5864 3612 5947">
    <p class='ocr_par' dir='ltr' id='par_1_113' title="bbox 2043 5864 3612 5947">
     <span class='ocr_line' id='line_1_113' title="bbox 2043 5864 3612 5947; baseline 0.004 -27"><span class='ocrx_word' id='word_1_583' title='bbox 2043 5865 2292 5936; x_wconf 88' lang='grc' dir='ltr'>Νηστεία</span> <span class='ocrx_word' id='word_1_584' title='bbox 2320 5864 2531 5938; x_wconf 73' lang='grc' dir='ltr'>ἀληθὴς</span> <span class='ocrx_word' id='word_1_585' title='bbox 2558 5865 2690 5947; x_wconf 72' lang='grc' dir='ltr'>ποία</span> <span class='ocrx_word' id='word_1_586' title='bbox 2725 5865 2868 5932; x_wconf 80' lang='grc' dir='ltr'>ἐστὶ,</span> <span class='ocrx_word' id='word_1_587' title='bbox 2903 5865 2994 5921; x_wconf 77' lang='grc'><strong>45.</strong></span> <span class='ocrx_word' id='word_1_588' title='bbox 3037 5866 3281 5936; x_wconf 82' lang='grc' dir='ltr'>Νηστεία</span> <span class='ocrx_word' id='word_1_589' title='bbox 3311 5869 3612 5926; x_wconf 72' lang='grc' dir='ltr'>έντέλλεται</span> 
     </span>
    </p>
   </div>
   <div class='ocr_carea' id='block_1_114' title="bbox 2117 5961 3609 6036">
    <p class='ocr_par' dir='ltr' id='par_1_114' title="bbox 2117 5961 3609 6036">
     <span class='ocr_line' id='line_1_114' title="bbox 2117 5961 3609 6036; baseline 0.006 -19"><span class='ocrx_word' id='word_1_590' title='bbox 2117 5963 2196 6035; x_wconf 77' lang='grc' dir='ltr'>τῷ</span> <span class='ocrx_word' id='word_1_591' title='bbox 2251 5961 2528 6036; x_wconf 71' lang='grc' dir='ltr'>ἀνθρώπῳ</span> <span class='ocrx_word' id='word_1_592' title='bbox 2579 5961 2722 6018; x_wconf 86' lang='grc' dir='ltr'>κατά</span> <span class='ocrx_word' id='word_1_593' title='bbox 2783 5961 3021 6033; x_wconf 86' lang='grc' dir='ltr'>πρῶτον,</span> <span class='ocrx_word' id='word_1_594' title='bbox 3074 5963 3164 6019; x_wconf 85' lang='grc'>55.</span> <span class='ocrx_word' id='word_1_595' title='bbox 3221 5965 3464 6036; x_wconf 86' lang='grc' dir='ltr'>Νηστεία</span> <span class='ocrx_word' id='word_1_596' title='bbox 3510 5969 3609 6025; x_wconf 73' lang='grc' dir='ltr'>καὶ</span> 
     </span>
    </p>
   </div>
  </div>
