4064 6336
428 263 561 335 13:1
1026 237 1028 239 ’
1947 251 2184 312 unus.
3550 260 3685 330 1372

492 393 590 448 καὶ
637 390 876 458 Λουκᾶς,
911 391 1010 445 καὶ
1034 383 1307 459 τούδεμίαν
1345 381 1651 456 διαφωνίαν
1697 380 1816 453 εχει
1867 377 1898 434 6
1945 377 2007 444 ἐξ

491 486 630 558 πρὸς
667 485 760 540 τὸν
795 482 967 549 ὀκτὼ,
1002 479 1129 538 190.
1183 497 1192 505 ·

419 578 904 650 Συντετριμμένος
931 575 1094 644 λόγος
1127 573 1284 636 ποῖός
1312 572 1457 638 ἐστι,
1490 568 1617 627 191.

1199 668 1242 721 Τ

420 768 502 820 Τά
533 767 674 836 μετὰ
701 765 801 837 τὴν
833 762 1152 832 παράϐασιν
1182 761 1355 822 δεινά,
1385 759 1477 814 75.

420 862 503 912 Τά
537 861 804 928 μνήματα
856 856 958 926 τῆς
1006 857 1310 926 ἐπιθυμίας
1344 853 1497 907 ἐστὶν
1547 854 1580 923 ή
1629 851 2012 924 άναστήλωσις

492 955 592 1020 τῆς
617 950 770 1014 θείας
805 950 1000 1022 ὀργῆς,
1036 948 1130 1004 45.

420 1045 502 1098 Τά
529 1045 669 1114 πρὸς
708 1043 801 1096 τὸν
827 1042 1085 1112 Λάζαρον
1128 1040 1354 1112 ῥήματα
1405 1039 1502 1092 τοῦ
1536 1034 1746 1106 Κυρίου
1790 1031 1862 1107 ἦν
1912 1036 2010 1106 ρή-

496 1159 646 1212 ματα
676 1138 1000 1199 δεσποτείας
1030 1135 1126 1188 καὶ
1156 1133 1616 1203 αὐτοκρατορίας,
1646 1132 1732 1186 79.

422 1235 676 1307 Τετάρτῃ
703 1235 927 1304 φυλακῇ
970 1233 1069 1302 τῆς
1105 1227 1300 1291 νυκτὸς
1348 1227 1606 1293 ἀναλογεῖ
1638 1228 1671 1298 ή
1705 1222 1802 1278 τοῦ
1850 1224 2009 1295 Χρι-

495 1327 624 1380 στοῦ
653 1328 889 1395 δευτέρα
926 1321 1224 1392 παρουσία,
1253 1318 1378 1375 181.

420 1423 503 1493 Τῇ
537 1419 862 1491 δικαιοσύνῃ
894 1413 1208 1486 κατεϐλήθη
1235 1415 1263 1466 6
1291 1411 1563 1480 διάϐολος,
1595 1410 1686 1466 85.

421 1519 536 1586 Τὴν
555 1513 727 1585 τιμὴν
757 1512 858 1582 τῆς
894 1505 1090 1580 ὀγδόης
1116 1507 1334 1578 ἡμέρας
1368 1507 1636 1576 εἰσήγαγε
1661 1506 1757 1560 καὶ
1785 1504 2009 1560 6,.Μωῦ-

497 1612 620 1680 σῆς,
661 1607 788 1664 100.

422 1703 536 1776 Τῆς
568 1701 664 1755 τοῦ
705 1696 920 1770 ’Δαρὼν
953 1695 1147 1766 στολῆς
1187 1693 1238 1746 οί
1291 1689 1537 1755 κώδωνες
1582 1690 1635 1744 τί
1680 1684 2009 1763 ἐσήμαινον,

491 1797 582 1852 68.
1457 1842 1468 1850 .

420 1891 487 1946 Τί
517 1890 795 1944 δείκνυται
843 1887 933 1940 διᾶι
968 1883 1070 1953 τῆς
1113 1883 1607 1952 Τεσσαρακοστῖβ,
1659 1881 1757 1937 καὶ
1809 1881 1862 1934 τί
1919 1883 2010 1937 διά

491 1985 591 2047 τῆς
621 1979 786 2049 ἀγίας
817 1975 1232 2047 Πεντηκοστῆς,
1270 1961 1396 2029 109.

421 2077 487 2130 Τί
515 2075 707 2145 ἐδήλου
737 2077 766 2127 ὁ
803 2071 1045 2144 κρίθινος
1094 2070 1263 2141 άρτος
1298 2068 1409 2120 τῶν
1447 2066 1591 2136 μετά
1633 2063 1730 2117 τοῦ
1777 2064 2006 2130 Γεδεὼν,

492 2170 584 2226 44.

420 2265 487 2316 Τί
520 2265 640 2315 ἐστι
670 2260 753 2320 τὸ,
784 2253 1232 2328 Μετεμορφὼθη,
1265 2253 1388 2309 192.

419 2359 556 2410 Τίνα
587 2353 902 2409 ἀπέϐλεπον
931 2351 1073 2422 πρὸς
1105 2345 1485 2419 κληρονομίαν
1523 2343 1627 2415 τῆς
1653 2342 1876 2398 αἰωνίου
1906 2358 2012 2413 μα-

490 2450 842 2520 καριότητος,
873 2446 964 2499 21.

419 2547 556 2601 Τίνα
594 2543 855 2611 ἐποίησεν
899 2542 927 2593 6
960 2521 1266 2607 φιλάγαθος
1296 2534 1578 2603 Δεσπότης
1616 2530 1756 2603 πρὸς
1786 2530 2014 2602 βελτίω-

496 2653 582 2689 σιν
611 2634 786 2703 ήθῶν,
820 2632 916 2685 καὶ
949 2630 1176 2700 όδηγίαν
1215 2629 1377 2699 ἡμῶν
1415 2627 1553 2694 πρὸς
1587 2624 1814 2694 ἀρετὴν,
1849 2622 1937 2678 12.

421 2729 562 2786 Τίνα
609 2729 728 2782 ἐστὶ
778 2726 1129 2796 παράστασις
1161 2721 1257 2775 τοῦ
1296 2717 1517 2789 άληθῶς
1558 2716 1850 2770 πιστεῦσαι
1889 2717 2011 2777 ταῖς

494 2821 858 2892 ἐπαγγελίαις
895 2817 992 2874 τοῦ
1025 2816 1292 2888 Χριστοῦ,
1328 2815 1425 2870 40.

420 2923 556 2974 Τίνα
585 2919 736 2988 ζωὴν
785 2915 1190 2984 ὐποστήσονται
1241 2911 1292 2966 οί
1341 2907 1666 2980 ἁμαρτωλοὶ
1714 2907 1856 2979 μετά
1909 2905 2010 2977 τὴν

497 3015 823 3077 ἀνάστασιν,
859 3009 983 3064 149.
1875 3019 1879 3022 ’

417 3114 558 3167 Τίνα
589 3110 659 3164 τά
693 3108 829 3175 ἔργα
865 3100 966 3174 τῆς
1004 3102 1230 3172 ἀγάπης
1283 3101 1380 3154 καὶ
1412 3099 1750 3170 κηδεμονίας
1784 3097 1819 3150 ἀ
1867 3097 2010 3149 άπερ

490 3203 710 3269 δείξατο
741 3199 849 3267 πρὸ
893 3196 990 3250 τοῦ
1044 3193 1488 3264 γενέσθαι,ήμᾶς
1521 3193 1549 3244 6
1595 3191 1878 3260 Δεσπότης
1915 3191 2010 3244 καὶ

491 3293 736 3364 Ποιητὴς
769 3288 954 3360 ἡμῶν,
986 3285 1075 3340 12.

419 3390 559 3444 Τίνα
583 3387 653 3440 τὰ
676 3386 814 3455 ἔργα
841 3383 944 3452 τῆς
974 3380 1293 3452 μετανοίας,
1329 3379 1454 3435 174.

420 3485 578 3545 Τίνες
614 3477 1096 3548 ἀναληφθήσονται
1128 3477 1188 3529 ὲν
1215 3472 1494 3542 νεφέλαις,
1525 3473 1650 3529 150.

419 3581 580 3641 Τίνες
606 3576 748 3630 είσὶν
780 3571 1094 3641 οίιμίσθιοι,
1126 3570 1221 3623 καὶ
1249 3568 1398 3631 τίνες
1425 3568 1475 3621 οί
1508 3569 1636 3633 υἱοὶ,
1678 3567 1767 3622 15.

420 3671 576 3731 Τίνες
601 3669 689 3721 διὰ
723 3667 982 3736 νηστείας
1017 3662 1244 3715 θεόπςαι
1273 3661 1546 3728 ἐγένοντο,
1582 3660 1672 3714 68.

296 3793 304 3800 -
419 3764 576 3824 Τίνες
607 3761 702 3812 καὶ
736 3759 894 3810 πόσοι
928 3752 1070 3826 ἦσαν
1110 3755 1161 3807 οἱ
1198 3750 1285 3804 ἐπ’
1316 3753 1488 3822 ἀρετῇ
1545 3750 2008 3821 περιϐεϐοημένοι

493 3856 600 3924 πρὸ
632 3853 726 3905 τοῦ
761 3852 952 3919 νόμου,
983 3848 1074 3901 57.

419 3951 578 4010 Τίνες
605 3946 657 3999 οί
694 3943 1047 4006 στενάζοντες
1080 3941 1136 3991 ἐν
1166 3939 1233 4007 τῇ
1271 3935 1546 4007 μελλούσῃ
1581 3935 1790 4004 κρίσει,
1822 3937 1913 3990 22.

420 4038 580 4098 Τίνες
628 4034 737 4086 τῶν
775 4029 1008 4100 πτωχῶν
1043 4030 1138 4082 καὶ
1184 4027 1461 4081 πλουσίων
1505 4026 1731 4096 ἀδελφοὶ
1766 4027 2009 4100 Χριστοῦ

477 4128 586 4184 ’τοῦ
618 4124 754 4180 Θεοῦ
786 4124 947 4197 ήμῶν
983 4123 1116 4188 είσι,
1152 4119 1244 4177 22.
1821 4187 1827 4193 _

420 4227 544 4278 Τίνι
587 4221 778 4292 τρόπῳ
813 4221 842 4274 6
882 4217 1126 4291 Χριστὸς
1178 4213 1535 4286 ὲτροπώσατο
1582 4217 1678 4270 τὸν
1727 4217 2005 4285 διάϐολον,

491 4318 581 4375 90,

419 4416 576 4474 Τίνος
607 4410 797 4464 ἕνεκεν
823 4409 850 4461 6
879 4405 1014 4469 Θεὸς
1046 4403 1324 4478 ηὐλόγησε
1358 4405 1457 4478 καλ⁸
1487 4405 1691 4477 ἡγίασε
1731 4407 1830 4476 τὴν
1857 4406 2009 4460 ἐϐδό-

497 4524 606 4576 μην
639 4505 884 4575 ἡμέραν,
922 4502 1011 4556 98.
1381 4549 1384 4552 .

418 4601 576 4663 Τίνος
604 4599 768 4652 ἕνεκα
802 4598 858 4648 ἐν
888 4595 1105 4665 φυλακῇ
1148 4594 1304 4649 ἔθετο
1333 4595 1422 4648 τὸν
1469 4594 1728 4662 Ἰωάννην
1760 4594 1788 4646 6
1827 4591 2007 4663 ’11ρὼ-

491 4694 608 4761 δης,
641 4691 768 4746 224.

417 4787 594 4840 Τίνων
619 4784 680 4836 τὸ
719 4784 1020 4841 διδάσκειν,
1057 4781 1154 4834 καὶ
1188 4782 1313 4834 τίνα
1359 4780 1470 4834 ίδια
1519 4780 1621 4850 τῆς
1660 4779 1810 4844 θείας
1843 4781 2004 4851 χάριο

488 4893 603 4938 τος,
626 4874 754 4929 215.

417 4965 483 5019 Τί
508 4968 534 5018 6
562 4966 837 5037 δαιμονῶν
871 4964 1012 5018 κατά
1050 4964 1276 5032 πρῶτον
1310 4964 1517 5033 μᾶλλον
1547 4963 1772 5033 πάσχει,
1803 4962 1898 5020 64.

416 5061 512 5124 Τίς
543 5059 741 5114 ἐαυτὸν
779 5060 933 5123 ἄξιον
967 5058 1120 5120 θείας
1155 5057 1466 5127 ἐπισκοπῆς
1497 5059 1666 5124 ποιεῖ,
1705 5057 1831 5112 111.

415 5152 510 5217 Τίς
545 5154 575 5223 ή
609 5152 816 5221 ἀληθὴς
841 5153 936 5204 καὶ
964 5152 1258 5220 θεάρεστος
1288 5152 1535 5221 νηστεία,
1565 5149 1657 5206 69.

416 5243 512 5307 Τίς
543 5244 684 5297 κατὰ
715 5244 894 5313 σάρκα
928 5247 1249 5314 περιπατεῖ,
1290 5242 1382 5297 59.

415 5337 510 5399 Τίς
543 5339 570 5390 6
600 5337 829 5400 θάνατος
859 5339 956 5408 τῆς
993 5337 1194 5410 ψυχῆς,
1233 5339 1357 5395 175.

414 5429 512 5493 Τίς
547 5434 574 5484 6
605 5429 776 5483 θέλων
815 5431 944 5483 ἰδεῖν
975 5433 1185 5503 ἡμέρας
1223 5433 1440 5502 ἀγαθάς
1475 5432 1613 5487 κατά
1648 5433 1742 5487 τὸν
1783 5453 2001 5506 προφη-

484 5524 732 5579 τάνακτα
769 5525 955 5588 Δαεὶδ,
990 5525 1079 5580 77.

414 5607 511 5668 Τίς
538 5616 566 5666 6
601 5616 902 5682 πιστεύων,
937 5618 1068 5676 171.

413 5701 511 5770 Τίς
548 5710 778 5779 προεῖπε
827 5710 959 5784 περὶ
1002 5710 1096 5766 τοῦ
1151 5711 1288 5783 ἤχου
1328 5713 1424 5768 τοῦ
1468 5702 1861 5784 πληρώσαντος
1905 5719 1998 5773 τὸν

2190 373 2363 444 οἶκον,
2392 371 2456 433 οὐ
2484 369 2633 449 ἦσαν
2662 377 2712 433 οί
2745 366 2992 451 μαθηταὶ
3023 378 3122 435 τοῦ
3169 379 3369 453 Ἰησοῦ,
3403 375 3526 440 136.

2113 470 2181 524 Τί
2213 469 2276 524 τὺ
2316 473 2554 544 ποιῆσαν
2585 473 2713 538 τούς
2752 472 3098 546 Ἰσραηλίτας
3125 474 3378 543 ἀναξίους
3404 478 3514 531 τῶν
3546 478 3687 532 πλα-

2189 565 2326 629 κῶν,
2360 565 2489 621 217.

2028 669 2030 672 ’
2085 656 2180 713 ⁴Τί
2210 657 2560 714 ὐποδεικνύει
2604 659 2690 724 τὸ,
2739 659 3111 730 εὐλογημένος
3161 663 3190 715 ό
3229 663 3522 733 ἐρχόμενος
3547 681 3562 694 ·
3591 666 3689 719 καὶ

2185 750 2268 812 τὸ,
2307 750 2655 820 εὐλογημένη
2690 751 2722 820 ή
2756 753 3032 825 ἐρχομένη
3065 751 3342 823 βασιλεία.
3368 754 3456 808 80.

2113 843 2180 896 Τί
2229 843 2570 914 ὑπεμιραίνει
2605 844 2667 897 τὸ
2699 843 2896 914 ζεῦγος
2935 845 3044 898 τῶν
3077 847 3381 916 τρυγόνων,
3436 848 3530 902 καὶ
3557 848 3608 900 τί
3640 850 3688 901 οί

2183 937 2398 989 νεοσσοὶ
2431 935 2543 990 τῶν
2571 937 2943 1008 περιστερῶν,
2968 938 3060 996 27.
3666 998 3671 1004 ,

2113 1029 2205 1094 Τὸ,
2230 1029 2551 1084 ἀκολουθεῖν
2574 1032 2824 1103 Χριστῷ,
2855 1033 3009 1105 δηλοί
3028 1034 3110 1099 τὸ,
3138 1033 3235 1105 ζῇν
3264 1035 3405 1090 κατά
3433 1045 3490 1088 το
3517 1037 3689 1105 Εὐαγ-

2186 1121 2372 1190 γέλιον
2403 1123 2592 1194 αὐτοῦ,
2631 1126 2721 1180 58.

2115 1217 2210 1280 Τὸ,
2241 1223 2337 1272 καὶ
2367 1220 2400 1290 ἡ
2447 1219 2586 1293 ἄλλη
2641 1218 2854 1292 Μαρία,
2889 1220 2990 1291 τὴν
3031 1222 3299 1278 Θεοτόκον
3333 1223 3684 1294 ὐπεμξραίνει,

2188 1313 2313 1370 104.

2114 1407 2254 1471 Τοὺς
2274 1406 2628 1479 καθημένους
2655 1411 2751 1466 ἐπὶ
2773 1410 3072 1482 πρόσωπον
3096 1410 3281 1481 πάσης
3302 1410 3395 1480 τῆς
3421 1411 3546 1482 γῆς,
3573 1411 3686 1474 πῶς

2185 1501 2578 1572 ἐρμηνευτέον,
2613 1504 2701 1559 19.
3167 1513 3171 1516 ’

2113 1596 2257 1660 Τοὺς
2303 1596 2380 1666 μὴ
2420 1596 2666 1663 διδόντας
2732 1597 2812 1668 τῷ
2853 1599 3094 1671 δεομένῳ
3144 1599 3261 1672 οὐχ’
3304 1600 3379 1666 ὡς
3412 1601 3690 1673 ἅρπαγας,

2185 1690 2304 1744 ἀλλ’
2330 1691 2406 1754 ὡς
2439 1691 2512 1761 μὴ
2541 1691 2784 1754 διδόντας
2820 1694 3200 1761 καταδικάζει,
3240 1694 3326 1751 70.

2113 1785 2278 1856 Τρεῖς
2313 1787 2453 1854 είσιν
2481 1786 2537 1840 αί
2567 1791 2858 1857 πτωχεῖαι,
2892 1790 3014 1843 175.

2114 1881 2334 1950 Τρόμος
2363 1881 2415 1933 τί
2445 1883 2583 1945 ἐστι,
2621 1882 2744 1937 176.

2115 1977 2332 2045 Τρόπος
2357 1978 2686 2046 ἐνοικήσεως
2721 1982 2820 2049 τῆς
2860 1979 3235 2033 ἐνυποστάτου
3280 1983 3559 2052 δυνάμεως
3594 1986 3684 2038 τοῦ

2199 2069 2482 2137 Ὑψίστου,
2517 2070 2648 2125 206.

2115 2158 2298 2222 Τύπος
2328 2159 2421 2212 τοῦ
2464 2160 2762 2232 σπηλαίου,
2798 2163 2857 2214 ἐν
2887 2156 2930 2230 ᾧ
2960 2163 3134 2232 ἐτάφη
3163 2165 3190 2217 6
3227 2165 3490 2233 Χριστὸς,
3532 2165 3682 2219 ἐστὶν

2183 2257 2212 2308 6
2242 2254 2393 2324 ναὸς,
2442 2255 2567 2311 119.
2622 2257 2796 2311 Τύποι
2849 2257 2958 2312 τῶν
2995 2259 3316 2328 μυστηρίων
3353 2258 3473 2312 τίνα
3522 2255 3687 2330 ἦσαν,

2184 2349 2315 2404 214.

2898 2427 2933 2474 f

2116 2516 2282 2580 Υῑοὺς
2317 2517 2453 2570 Θεοῦ
2501 2518 2657 2580 τίνας
2686 2516 2948 2570 ἐκάλεσεν
2977 2521 3010 2588 ἡ
3050 2517 3182 2586 ἁγία
3212 2517 3427 2588 Γραφὴ,
3455 2517 3548 2584 28,
3593 2517 3684 2572 58.

2186 2609 2351 2673 rm;
2403 2609 2541 2664 Θεοῦ
2588 2609 2847 2681 ἐποίησεν
2891 2611 3039 2679 ἡμᾶς
3091 2611 3119 2662 ὁ
3175 2609 3382 2681 Ἰησοῦς
3430 2609 3686 2681 Χριστὸς,

2189 2703 2314 2768 125,
2350 2703 2476 2760 155.
2513 2703 2680 2765 Υίοὺς
2723 2702 2976 2772 Ἀϐραὰμ
3000 2704 3152 2766 τίνας
3182 2703 3355 2771 λέγει,
3387 2703 3478 2756 81.

2126 2793 2468 2863 ’Υπόδειγμα
2497 2795 2595 2863 τῆς
2634 2794 2735 2863 μὲν
2781 2794 2983 2862 ἀρετῆς
3028 2794 3308 2864 Ἰωάννης,
3345 2796 3444 2863 τῆς
3491 2793 3546 2846 δέ
3591 2810 3686 2846 καο

2186 2887 2314 2951 κίας
2341 2889 2370 2941 6
2408 2887 2680 2958 Ἡρώδης,
2709 2888 2838 2942 226.

2127 2981 2544 3046 ’Υποστατικῶς
2572 2981 2721 3051 ἡμᾶς
2755 2981 3078 3034 ἐδικαίωσεν
3114 2983 3142 3034 6
3183 2981 3392 3051 Ἰησοῦς
3424 2982 3679 3052 Χριστὸς,

2183 3073 2275 3130 26.

2127 3169 2269 3225 Ὑπὸ
2333 3173 2498 3226 τίνων
2553 3172 2641 3226 δεῖ
2701 3173 2997 3241 αἰρόμενον
3049 3171 3143 3224 τὸν
3195 3170 3683 3244 ἐξομολογούμενον

2185 3265 2456 3335 φέρεσθαι
2485 3266 2622 3336 πρὸς
2652 3264 2884 3334 Κύριον,
2917 3265 3009 3320 51.

2875 3383 2918 3440 Φ

2111 3474 2430 3546 Φανέρωσῒς
2458 3475 2560 3542 τῆς
2594 3474 2868 3543 παναγίας
2902 3474 3137 3546 Τριάδος
3173 3475 3254 3539 είς
3299 3475 3361 3528 τὺ
3397 3476 3680 3547 βάπτισμα

2183 3569 2279 3624 τοῦ
2325 3570 2504 3640 Ἰησοῦ
2537 3569 2801 3640 Χριστοῦ,
2833 3570 2922 3622 87.

2109 3667 2409 3736 Φαρισαῖος
2440 3663 2501 3716 οὐ
2532 3663 2670 3734 πρὸς
2704 3663 2860 3728 Θεὸν,
2893 3662 3030 3716 ά).λά
3061 3663 3198 3733 πρὸς
3230 3661 3424 3717 ἑαυτὸν
3455 3664 3683 3735 προσηύ-

2183 3777 2329 3832 χετο,
2365 3758 2418 3812 ’1.
2556 3751 2559 3754 ’

2111 3853 2357 3909 Φευκτέα
2387 3852 2421 3922 ή
2455 3849 2708 3919 πορνεία,
2745 3847 2835 3904 50.
2875 3849 3142 3904 Φευκτέον
3171 3853 3298 3914 τούς
3331 3853 3407 3922 μὴ
3438 3853 3678 3922 παραδε-

2187 3944 2454 4015 χομένους
2483 3943 2583 4006 τὰς
2611 3942 2720 3994 τῶν
2755 3940 3019 4010 Πατέρων
3057 3941 3370 4012 ἐξηγήσεις,
3417 3943 3536 3998 189.

2111 4039 2272 4092 Φιλία
2311 4036 2445 4105 πρὸς
2479 4034 2572 4088 τον
2606 4033 2813 4102 κόσμον
2842 4036 3052 4101 γίνεται
3077 4034 3162 4087 διὰ
3185 4035 3280 4105 τῆς
3308 4034 3400 4088 τοῦ
3434 4038 3679 4104 σώματος

2183 4131 2428 4199 ἀγάπης,
2465 4128 2590 4184 186.

2112 4226 2282 4280 Φόνου
2312 4224 2600 4300 γεννήτωρ
2631 4223 2783 4276 ἐστὶν
2809 4224 2836 4276 6
2865 4222 3081 4290 φθόνος,
3105 4221 3231 4276 218.

2112 4320 2286 4383 ουλαι
2314 4319 2415 4388 τῆς
2450 4319 2556 4388 γῆς
2583 4316 2731 4380 τίνες
2762 4319 2890 4381 εἰσὶ,
2927 4317 3010 4370 19.

2113 4412 2407 4481 Οωοτῆρσι
2433 4408 2867 4479 παρεικάζονται
2925 4411 2974 4463 οί
3018 4408 3306 4463 ἀπόστολοι
3359 4410 3559 4480 Πέτρος
3590 4413 3682 4468 καὶ

2065 4498 2082 4518 ⁸
2188 4505 2428 4570 Παῦλος,
2457 4502 2584 4560 157.

2875 4575 2926 4628 Χ

2112 4665 2265 4721 Χιὼν
2296 4666 2468 4736 λευκὴ
2502 4667 2662 4737 μόνον
2688 4666 2864 4730 ἐστὶν,
2903 4667 3023 4738 οὐχὶ
3071 4668 3167 4720 καὶ
3205 4667 3520 4734 στίλϐουσα,
3556 4667 3680 4723 196.

2110 4757 2350 4828 Χοίρους
2378 4757 2531 4820 τίνας
2563 4757 2734 4826 λέγει,
2776 4757 2867 4813 15.

2113 4852 2332 4921 Χρῆσις
2363 4852 2526 4920 μόνον
2555 4850 2651 4904 τοῦ
2689 4853 2902 4922 κόσμου
2935 4851 3094 4905 τοῦτο
3131 4853 3270 4906 ἔστω
3302 4858 3413 4920 τοῖς
3449 4857 3679 4920 πιστοῖς,

2183 4944 2302 4997 ἀλλ’
2332 4944 2391 4996 οὐ
2419 4945 2515 4997 καὶ
2548 4944 2919 5014 κατάχρησις,
2966 4946 3086 4998 115.

2065 5099 2076 5112 ⁸
2111 5035 2334 5108 Χριστῷ
2369 5035 2909 5108 συμϐασιλεύσουσιν
2937 5041 2983 5090 οἱ
3016 5038 3238 5104 δίκαιοι,
3273 5039 3395 5094 150.

2881 5173 2934 5226 Ψ

2107 5269 2280 5324 Ψιλὸν
2311 5269 2604 5337 ἄνθρωπον
2654 5268 2705 5320 οί
2735 5269 3026 5341 Φαρισαῖοι
3071 5269 3317 5334 ἐδιξαζον
3348 5273 3435 5344 16v
3471 5266 3677 5342 Ἰησοῦν

2177 5361 2439 5432 Χριστὸν,
2477 5363 2566 5416 50.

2091 5456 2268 5524 ,Ψυχὴ
2300 5456 2394 5508 καὶ
2428 5453 2664 5524 ἄγγελος
2708 5456 2981 5525 ἀσώματα
3011 5455 3138 5510 ὄντα
3172 5458 3271 5510 οὐκ
3324 5457 3434 5511 είσὶ
3469 5471 3676 5515 παντα·

2175 5552 2299 5621 χοῦ,
2335 5551 2439 5606 113

2383 5652 2386 5654 ~
2880 5622 2921 5674 Ω

2107 5717 2334 5785 Ὠσανά,
2369 5715 2486 5782 πῶς
2521 5716 2922 5790 ἑρμηνεύεται,
2966 5715 3054 5773 80.
