4450 6444
756 362 834 421 23
1986 363 2364 421 GREGORH
2406 363 2513 422 ΡΛ]

2244 363 2364 421 tm
2406 359 2726 423 ettraxi-tit:
3933 362 4001 424 εὶς

761 488 882 523 nem
911 472 1127 540 quidem
1159 489 1261 539 qua
1305 473 1616 526 remittatur
1647 482 1925 540 peceatum
1969 484 2023 527 et
2046 475 2317 541 supplica-
2354 481 2392 532 Α
2427 491 2518 542 πρ(

2241 491 2317 526 :a-
2354 481 2392 532 Α
2427 475 2790 542 προσέχουσι·
2840 473 2937 542 τὴν
2987 473 3085 538 μὲν
3128 473 3234 540 γὰρ
3272 474 3410 542 ὑπὲρ
3449 473 3694 540 ἀφέσεως
3749 475 3998 544 ἁμαρτη-

758 562 960 613 tionem
1005 562 1405 615 abstinentibus
1437 578 1464 615 a
1501 565 1643 618 malo
1682 562 1953 617 eliicacem
2004 565 2180 617 reddit
2209 580 2332 630 spes

759 663 807 705 el
846 654 1211 720 eompnnctio,
1235 663 1539 707 emortuam
1569 670 1696 707 vero
1719 655 2024 721 desperatio
2051 667 2102 706 et
2127 655 2330 707 duritas

759 745 962 798 cordis.
992 745 1299 798 Gratiarum
1320 748 1585 799 actionem
1608 761 1702 812 pro
1731 748 1882 798 bouis
1906 761 1932 797 a
1962 746 2071 798 Deo
2091 748 2153 796 de
2177 749 2330 799 nobis

760 829 1000 896 acceptis
1054 831 1444 896 acceptabilem
1494 831 1710 899 quidem
1747 830 1914 885 el'ticit
1947 834 2251 894 lmmilitas,
2278 843 2330 884 et

759 937 869 975 non
899 923 1180 987 superbire
1203 923 1462 975 adversus
1485 937 1579 976 eos
1612 924 1700 989 qui
1739 938 1799 975 ea
1849 941 1954 977 non
1980 936 2326 993 acceperunt,

760 1009 1028 1077 ingratam
1057 1024 1186 1061 vero
1207 1009 1269 1062 de
1298 1011 1375 1063 eis
1402 1009 1605 1062 inﬂatio
1629 1021 1880 1079 tanquam
1903 1014 2120 1080 proprio
2150 1014 2330 1066 studio

761 1106 815 1149 et
854 1110 1034 1151 mente
1067 1099 1285 1162 habitis,
1322 1109 1375 1153 et
1417 1115 1605 1153 eorum
1639 1103 1727 1168 qui
1761 1119 1864 1154 non
1907 1104 1989 1154 illa
2050 1113 2175 1157 sont
2239 1119 2329 1157 as-

763 1190 931 1240 secuti
975 1191 1370 1244 condemnatio.
1427 1191 1543 1257 Quo
1598 1203 1826 1261 utroque
1864 1207 2102 1263 mgrotus
2139 1199 2329 1250 morbo

766 1277 1090 1344 Pharisrns,
1132 1298 1159 1333 a
1201 1286 1498 1352 swuetipse
1554 1288 1774 1354 suisque
1822 1291 2163 1342 sermonibus
2193 1305 2327 1341 con-

761 1372 1069 1424 demnatur.
1140 1373 1269 1426 Nam
1306 1391 1424 1426 eum
1471 1379 1803 1430 ascendisset
1863 1381 1912 1430 in
1953 1383 2207 1447 templum
2271 1393 2330 1434 ut

761 1461 983 1525 gratias,
1017 1478 1118 1513 non
1168 1479 1372 1530 preces,
1403 1474 1612 1528 ageret,
1641 1468 1950 1533 superhiaui
1985 1483 2032 1518 Cl
2069 1472 2328 1521 con-lem-

764 1551 1038 1602 nationcm
1070 1567 1181 1604 sum
1203 1555 1265 1604 ad
1307 1554 1468 1604 Deum
1503 1555 1796 1617 gratiarum
1853 1557 2049 1608 actioni
2084 1559 2247 1612 stulte
2276 1571 2331 1612 et

765 1642 1146 1696 miserabiliter
1186 1644 1502 1697 immiscuit.
1564 1645 1759 1699 «Stans
1810 1650 1976 1710 enim,
2027 1649 2102 1701 ait
2147 1648 2327 1710 Jesns,

768 1735 882 1787 haec
941 1735 1079 1801 apud
1113 1752 1171 1788 se
1209 1738 1432 1790 orabat:
1495 1738 1652 1800 Deus,
1693 1741 1893 1805 gratias
1928 1740 2019 1792 tibi
2083 1757 2181 1808 ago
2205 1741 2328 1808 quia

765 1839 873 1877 non
907 1841 1025 1878 sum
1057 1827 1196 1880 sicut
1226 1830 1401 1878 czrtvrl
1465 1829 1761 1888 hominum,
1823 1839 2086 1896 raptores,
2126 1831 2330 1897 injusti,

765 1913 1051 1965 adulteri.)
1088 1913 1340 1968 Phariszei
1388 1928 1558 1970 status
1598 1935 1704 1970 non
1739 1921 1879 1970 servi
1915 1921 2329 1987 subiectionem,

767 2005 863 2058 sed
889 2005 1307 2058 inverecundam
1334 2008 1575 2060 declarat
1633 2009 1967 2076 superbiam,
1999 2013 2329 2064 contrariam

765 2097 813 2150 ei
872 2097 964 2165 qui
1003 2099 1188 2151 oculos
1218 2099 1280 2150 ad
1324 2100 1518 2151 emtum
1559 2109 1779 2167 propter
1817 2101 2178 2154 lnunilitatcm
2213 2105 2330 2155 ele-

765 2204 896 2242 vare
926 2205 1027 2241 non
1059 2192 1312 2243 audebat.
1373 2189 1503 2242 Vere
1536 2193 1670 2257 apud
1704 2208 1761 2242 se
1795 2192 2328 2257 PltarismuSurabat,

767 2296 877 2333 non
907 2283 1046 2333 enim
1080 2285 1143 2333 ad
1177 2282 1341 2333 Deum
1380 2284 1642 2345 ascendit,
1699 2287 1796 2336 etsi
1836 2301 1938 2337 non
1981 2288 2173 2340 lateret
2207 2304 2330 2340 eum

767 2375 856 2440 qui
893 2376 1041 2427 sedet
1067 2391 1228 2443 super
1252 2375 1568 2441 Cherubin],
1597 2378 1686 2445 qni
1706 2378 2020 2446 abyssornm
2071 2381 2176 2431 ima
2203 2395 2300 2447 pro
2319 2409 2330 2418 -

766 2464 950 2530 spirit,
990 2465 1131 2518 illius
1187 2468 1383 2519 oratio.
1439 2467 1645 2536 Quippe
1668 2485 1789 2520 cum
1851 2472 2082 2524 dim-ret:
2122 2471 2332 2525 Gratias

769 2571 870 2621 ago
901 2555 1020 2618 tibi,
1057 2572 1160 2608 non
1195 2558 1410 2625 adjecit.
1449 2561 1574 2625 quia
1613 2561 1805 2625 gratis,
1848 2567 2107 2629 tanquam
2147 2563 2325 2614 minus

772 2650 835 2700 ad
871 2649 1230 2703 resistendum
1270 2652 1513 2715 robusto,
1567 2653 1693 2704 mihi
1729 2654 2020 2706 miseratus
2072 2654 2262 2706 dedisti
2302 2671 2329 2706 a

770 2741 978 2810 laqueis
1007 2741 1222 2811 maligni
1252 2743 1594 2808 libertatem;
1633 2761 1755 2797 nam
1796 2746 2087 2798 admodum
2138 2747 2333 2799 animae

770 2833 1020 2895 arduum,
1063 2832 1281 2892 fratres,
1319 2833 1524 2901 laqueis
1562 2835 1764 2887 inimici
1812 2836 2078 2888 irretitum
2123 2847 2174 2890 et
2206 2839 2334 2889 reti-

773 2926 873 2974 hns
899 2924 1106 2992 peccati
1144 2922 1388 2990 illapsum
1423 2939 1578 2991 posse
1608 2939 1701 2991 per
1749 2925 2122 2991 pmnitentiam
2177 2928 2332 2979 auru-

770 3029 921 3080 (ιο-το.
953 3015 1079 3066 Ideo
1125 3015 1316 3080 majori
1351 3015 1686 3080 providentia
1721 3026 1903 3068 nostra
1930 3020 2326 3084 gubernantur,

771 3105 1070 3174 saepiusque
1109 3122 1226 3158 eum
1249 3107 1395 3159 nullo
1419 3107 1576 3159 modo
1603 3107 2047 3169 laboraverintns,
2074 3111 2256 3163 multis
2278 3122 2329 3163 et
2361 3154 2398 3209 Β

775 3198 986 3265 magnis
1026 3197 1183 3250 malis
1227 3198 1534 3264 superiores
1579 3212 1698 3250 cum
1752 3195 1862 3251 Deo
1914 3203 2327 3265 permansimus,

775 3289 1192 3343 misericorditer
1206 3287 1433 3342 alleviati
1455 3296 1919 3356 propternostram
1941 3290 2329 3354 inlirmitatem,

771 3390 826 3434 et
841 3389 1048 3446 oportet
1063 3395 1158 3433 nos
1177 3395 1273 3448 pro
1291 3383 1428 3432 dono
1443 3389 1621 3449 gratos
1640 3394 1780 3439 esse.
1799 3390 1848 3434 et
1865 3381 2132 3433 humiliari
2149 3397 2328 3435 coram

773 3471 1020 3536 adjutore
1051 3480 1259 3529 nostro,
1310 3470 1400 3521 sed
1432 3483 1536 3521 non
1560 3467 1754 3521 inflari.
1783 3468 2086 3522 Pharisaeus
2112 3479 2290 3522 autem
2318 3487 2330 3522 :

772 3560 1010 3623 Gratias,
1031 3562 1124 3622 ait,
1145 3574 1245 3626 ago
1277 3561 1367 3613 tibi
1387 3558 1817 3626 Deus.'nun‘qnia
1855 3561 2033 3628 accepi
2059 3569 2156 3612 ate
2175 3563 2332 3613 anxi-

772 3653 929 3715 lium,
950 3652 1040 3705 sed
1059 3652 1182 3718 quia
1219 3665 1323 3703 non
1348 3666 1465 3703 sum
1491 3653 1629 3703 sit-ut
1653 3653 1832 3704 creteri
1856 3651 2158 3713 hominum,
2179 3654 2332 3719 quasi

773 3760 800 3794 a
835 3757 893 3795 se
911 3753 960 3795 et
998 3757 1059 3795 ex
1095 3757 1188 3795 sua
1218 3742 1411 3794 virtute
1439 3743 1638 3795 habens
1667 3751 1932 3810 raptorem
1960 3757 2064 3796 non
2091 3759 2210 3797 esse
2240 3760 2336 3799 nec

775 3835 1097 3893 adulterum,
1151 3846 1250 3884 nec
1296 3831 1578 3899 iniustum,
1633 3833 1676 3885 si
1717 3831 1998 3888 fortetalis
2022 3850 2126 3887 non
2156 3845 2332 3901 esset;

776 3944 881 3980 non
908 3925 1050 3976 enim
1084 3925 1136 3976 in
1160 3924 1276 3993 ejus
1305 3933 1569 3992 potestate
1595 3935 1713 3977 erat
1741 3935 1797 3977 nt
1821 3925 1998 3993 justus
2023 3927 2337 3980 crederetur

775 4021 843 4072 de
870 4021 1162 4087 semetipso
1223 4015 1561 4078 tcstiticatus,
1613 4017 1705 4068 sed
1731 4031 1922 4069 omnes
1950 4018 2130 4082 potius
2170 4033 2333 4086 quam

775 4127 832 4165 se
869 4111 1191 4178 aSpiciebat,
1246 4119 1300 4160 et
1333 4120 1544 4168 omnes,
1575 4120 1606 4157 ο
1634 4107 1899 4159 dementia
1934 4109 1946 4160 l
1981 4119 2337 4162 contemnens

777 4218 942 4256 unum
994 4201 1166 4255 solum
1191 4198 1445 4252 censebat
1467 4213 1586 4251 esse
1613 4198 1885 4264 justumet
1906 4201 2224 4270 sapientem,
2257 4218 2340 4256 se-

779 4294 1089 4360 metipsum.
1115 4289 1244 4343 Nam
1282 4289 1451 4341 dixit:
1489 4306 1507 4338 ‹
1542 4287 1656 4340 Non
1697 4305 1812 4341 sum
1842 4291 1985 4343 sicut
2033 4293 2212 4345 caeteri
2245 4293 2340 4345 ho-

780 4385 1296 4445 miuttm,raptorcs,
1337 4376 1546 4445 injusti,
1580 4378 1829 4443 adulteri,
1866 4381 2008 4433 velut
2042 4383 2204 4435 etiam
2250 4382 2339 4436 hic

2437 565 2622 633 μάτων
2656 565 2965 632 προσευχήν
2994 581 3051 614 τε
3085 564 3181 615 καὶ
3209 563 3392 632 δέησιν
3437 564 3699 633 ἀνύσιμον
3731 565 3826 632 μὲν
3859 563 4004 618 ποιεῖ

2439 656 2574 722 μετὰ
2616 659 2714 724 τὴν
2749 657 2959 725 ἀποχὴν
2984 656 3094 706 τῶν
3133 657 3319 707 κακῶν
3351 658 3383 725 ἡ
3419 659 3600 717 πίστις
3632 656 3726 708 καὶ
3761 657 3794 724 ἡ
3827 657 3997 707 κατά-

2434 748 2603 810 νυξις,
2637 747 2901 814 ἀνήνυτον
2945 745 3003 798 δὲ
3051 748 3083 815 ἡ
3127 747 3436 812 ἀπόγνωσις
3487 746 3580 798 καὶ
3630 748 3662 814 ὴ
3713 745 3988 815 πώρωσις.

2432 838 2546 903 Τὴν
2572 837 2627 888 δὲ
2661 837 2801 904 ὑπὲρ
2833 831 2906 886 ὧν
2953 835 3011 887 εὖ
3043 835 3190 901 παρὰ
3219 834 3356 886 Θεοῦ
3389 834 3739 902 πεπόνθαμεν
3779 835 4000 900 εὐχαρι-

2435 931 2586 981 στίαν
2615 926 3012 997 εὐπρόσδεκτον
3047 927 3149 994 μὲν
3179 928 3211 995 ἡ
3254 927 3588 987 ταπείνωσις
3618 927 3780 985 ποιεῖ,
3810 924 3901 975 καὶ
3937 922 3997 975 τὸ

2436 1019 2508 1086 μὴ
2556 1017 2990 1085 κατεπαίρεσθαι
3038 1015 3146 1067 τῶν
3170 1015 3268 1068 οὐκ
3314 1016 3573 1085 ἑχόντων,
3629 1014 3996 1083 ἀπρόσδεκτον

2431 1109 2486 1160 δὲ
2542 1110 2574 1176 ἡ
2608 1110 2699 1159 ἐπὶ
2747 1108 2957 1169 τούτοις
3012 1108 3264 1175 ἔπαρσις,
3299 1108 3372 1169 ὡς
3421 1109 3599 1178 οἰκεία
3652 1109 3850 1176 σπουδῇ
3906 1109 4000 1158 καὶ

2431 1199 2628 1264 γνώσει
2660 1202 3133 1265 προσγινομένοις,
3171 1200 3266 1250 καὶ
3297 1199 3329 1268 ἠ
3373 1199 3509 1266 πρὸς
3538 1199 3663 1260 τοὺς
3700 1199 3773 1266 μὴ
3799 1215 4001 1264 κεκτηο

2435 1289 2631 1355 μένους
2655 1289 3003 1357 κατάκρισις.
3032 1289 3213 1357 "Amp
3242 1289 3408 1356 ἄμφω
3422 1290 3615 1351 νοσῶν,
3647 1290 3998 1357 ὁΦαρισαῖος,

2433 1380 2561 1448 παρ’
2599 1380 2791 1431 ἑαυτοῦ
2822 1381 2916 1432 καὶ
2943 1379 3052 1430 τῶν
3075 1380 3291 1430 οἰκείων
3317 1379 3490 1444 λόγων
3523 1379 3797 1446 ἐλέγχεται
3826 1394 3839 1409 ·
3871 1381 4002 1430 ἁνα-

2432 1471 2531 1532 ϐΞις
2567 1472 2674 1540 γὰρ
2709 1473 2788 1533 είς
2812 1472 3058 1541 τὸίερδν,
3095 1470 3533 1539 εὐχαριστήσων,
3566 1470 3627 1522 οὐ
3657 1470 3998 1537 δεησόμενος,

2432 1562 2660 1630 ἔπαρσιν
2689 1563 2783 1613 καὶ
2825 1565 3149 1630 κατάκρισιν
3181 1562 3430 1630 ἀφρόνως
3479 1579 3534 1612 τε
3572 1563 3664 1612 καὶ
3710 1563 3905 1621 ἀθλίως
3935 1564 3997 1629 τῇ

2433 1654 2568 1716 προς
2616 1651 2747 1702 Θεὸν
2800 1652 3124 1720 εὔχαριστίᾳ
3178 1652 3465 1719 κατέμιξε.
3506 1670 3522 1698 ι
3563 1651 3789 1709 Σταθεὶς
3845 1652 3996 1716 γὰρ.

2435 1745 2621 1807 φησιν,
2668 1738 2819 1805 οὗτος
2877 1745 3011 1811 πρὸς
3066 1744 3255 1795 ἑαυτὸν
3303 1743 3470 1794 ταῦτα
3526 1744 3901 1811 προσηύχετο·
3944 1743 3998 1790 't)

2370 1818 2406 1868 Β
2439 1834 2593 1897 Θεὸς,
2618 1834 2926 1902 εὐχαριστῶ
2963 1845 3066 1896 σοι,
3101 1835 3182 1886 ὃτι
3217 1835 3315 1885 οὐκ
3358 1835 3474 1894 εἰμὶ
3518 1833 3707 1900 ὥσπερ
3741 1836 3787 1883 οἱ
3827 1833 4001 1883 λοιποὶ

2440 1925 2547 1974 τῶν
2587 1925 2906 1993 ἀνθρώπων,
2938 1925 3208 1994 ἅρπαγες,
3245 1927 3442 1987 ἄδικοι,
3467 1926 3663 1993 μοιχοί.
3710 1943 3725 1974 ι
3752 1925 3824 1974 Τὸ
3878 1923 4002 1989 στῆ-

2441 2035 2524 2066 νπι
2582 2017 2673 2067 τὸν
2722 2017 3014 2084 Φαρισαῖον
3065 2017 3124 2067 ού
3179 2018 3275 2085 τὴν
3315 2016 3566 2084 δουλικὴν
3635 2016 3998 2082 παράστασιν,

2441 2107 2576 2160 ἀλλὰ
2639 2108 2737 2174 τὴν
2789 2107 3314 2176 ἀπηρυθριασμένην
3377 2107 3636 2161 ἀνάτασιν
3686 2107 3852 2173 δηλοῖ,
3904 2105 4002 2171 τὴν

2439 2199 2822 2266 ἀντικειμένην
2857 2198 2933 2265 τῷ
2973 2199 3106 2267 μηδὲ
3169 2200 3295 2260 τοὺς
3350 2199 3666 2266 ὀφθαλμοὺς
3716 2196 4001 2266 Θαρρεὖντι

2440 2291 2574 2356 πρὸς
2607 2290 2834 2358 οὐρανδλν
2887 2290 2990 2340 ὑπὸ
3041 2289 3422 2350 ταπεινώσεως
3468 2285 3622 2356 ἆραι.
3676 2287 3913 2346 Εἰκότως
3944 2285 4000 2337 δὲ

2439 2380 2573 2447 πρὸς
2604 2380 2794 2432 ἑαυτὸν
2826 2379 2853 2429 ὁ
2885 2380 3174 2445 Φαρισαῖος
3224 2377 3593 2447 προσηύχετο·
3643 2377 3700 2427 οὐ
3734 2376 3840 2441 γὰρ
3879 2374 4002 2425 ἀνέ-

2439 2472 2591 2522 ϐαινε
2629 2471 2762 2536 πρὸς
2790 2469 3054 2527 meam.
3085 2472 3132 2521 εἰ
3167 2472 3257 2521 καὶ
3283 2471 3382 2520 οὐκ
3413 2469 3674 2519 ἐλάνθανε
3703 2469 3791 2517 τὶν
3823 2467 3997 2532 καθή-

2445 2581 2600 2630 μενον
2649 2562 2896 2614 ἐπὶτῶν
2961 2561 3276 2628 Χερουϐὶμ,
3346 2561 3441 2611 καὶ
3508 2558 3869 2610 ἐπιϐλέποντα
3931 2555 4000 2606 τὰ.

2441 2658 2645 2726 ἔσχατα
2669 2658 2778 2709 τῶν
2815 2657 3087 2709 ἀϐύσσων.
3130 2656 3194 2708 Ἦ
3241 2655 3404 2708 αὑτοῦ
3441 2655 3662 2720 τοιαύτη
3691 2651 3997 2720 προσευχήο

2443 2750 2761 2817 Εὑχαριστῶ
2796 2766 2876 2800 σοι
2909 2750 3039 2818 γὰρ,
3077 2749 3268 2809 εἰπὼν,
3302 2749 3400 2799 ούκ
3425 2748 3748 2813 ἐπήνεγκεν,
3777 2745 3856 2796 ὅτι
3896 2742 3998 2794 δω-

2443 2843 2592 2906 ρεὰν,
2649 2839 2725 2902 ὡς
2773 2841 2974 2909 ἀσθενῆ
3032 2841 3167 2909 πρὸς
3235 2836 3662 2908 ἀντιπαράταξιν
3698 2877 3712 2900 ,
3772 2836 3999 2901 ἐλεήσας

2440 2932 2642 2992 ἔδωκάς
2692 2938 2781 2999 μοί
2834 2931 2935 2998 τὴν
2990 2932 3096 2980 ἀπὸ
3151 2930 3259 2982 τῶν
3308 2928 3406 2985 ,τοῦ
3471 2927 3704 2994 πονηροῦ
3761 2924 4000 2989 παγίδων

2440 3022 2767 3091 ἐλευθερίαν·
2796 3022 3035 3090 ἀνδρεῖον
3068 3021 3172 3088 γάρ
3201 3024 3316 3072 ἐστι
3359 3020 3497 3070 κατὰ
3531 3018 3728 3086 ψυχὴν,
3759 3015 3996 3080 ἀδελφοὶ,

2438 3115 2499 3166 τὸ
2528 3113 2870 3183 κρατηθέντα
2910 3115 3026 3174 ταῖς
3057 3112 3148 3163 τοῦ
3200 3111 3395 3178 ἐχθρσῦ
3443 3110 3664 3175 πάγαις,
3703 3109 3793 3158 καὶ
3838 3122 3998 3173 περι-

2435 3206 2669 3257 πεσόντα
2708 3206 2819 3265 τοῖς
2873 3203 3087 3270 βρόχοις
3123 3203 3219 3269 τῆς
3259 3200 3530 3268 ἁμαρτίας
3555 3240 3567 3260 ,
3602 3196 3893 3262 δυνηθῆναι
3929 3195 3994 3261 τῇ

2437 3296 2693 3364 μετανοίᾳ
2722 3295 3024 3360 διαφυγεῖν.
3069 3293 3167 3343 Διὰ
3211 3291 3369 3343 τοῦτο
3410 3289 3637 3365 προνοία
3688 3287 3891 3355 μείζονι
3930 3285 3998 3336 τὰ

2433 3386 2554 3439 καθ’
2598 3386 2745 3455 ἡμᾶς
2785 3383 3138 3448 διευθύνεται,
3167 3384 3260 3434 καὶ
3291 3382 3551 3440 πολλάκις
3591 3378 3782 3446 μικρδν
3828 3377 3858 3444 ἢ
3893 3386 3998 3441 μη“

2435 3481 2520 3532 δὲν
2577 3479 3024 3540 σπουδάσαντες,
3077 3476 3289 3531 πολλῶν
3357 3469 3494 3528 xiiii"
3516 3473 3766 3543 μεγάλων
3813 3469 3997 3521 παθῶν

2436 3567 2698 3638 ἀνώτεροι
2732 3568 2828 3620 σὺν
2874 3567 2992 3633 Θεῷ
3042 3565 3413 3630 διεμείναμεν,
3451 3562 3749 3626 συμπαθῶς
3801 3575 3996 3623 κουφι-

2441 3660 2658 3720 σθὲντες
2708 3659 2795 3712 διὰ
2842 3660 2940 3727 τὴν
2975 3657 3249 3726 ἡμετέραν
3289 3655 3604 3707 ἀσθένειαν·
3654 3655 3742 3704 καὶ
3795 3652 3874 3702 δεῖ
3902 3651 3996 3715 τῆς

2438 3751 2645 3818 δωρεᾶς
2681 3748 3059 3817 ἐπιγνώμονας
3093 3749 3240 3816 ἡμᾶς
3283 3743 3446 3808 εἶναι,
3484 3744 3577 3795 καὶ
3612 3741 3995 3794 ταπεινοῦσθαι

2439 3844 2532 3893 τοῦ
2579 3842 2954 3911 παρασχόντος
2997 3840 3246 3904 ἐνώπιον,
3287 3838 3418 3890 ἀλλὰ
3457 3837 3530 3904 μὴ
3562 3835 3902 3906 ἐπαίρεσθαι.
3939 3833 3998 3883 Ὀ

2439 3931 2493 3982 δὲ
2526 3931 2837 3998 Φαρισαῖος,
2876 3929 3198 3998 Εὐχαριστῶ
3252 3945 3356 3986 σοι,
3398 3927 3584 3992 φησὶν,
3641 3926 3667 3974 ὁ
3725 3922 3875 3982 Θεός·
3904 3919 3998 3986 οὔχ

2440 4022 2520 4074 ὅτι
2572 4021 2765 4072 ἔλαϐον
2815 4020 3064 4089 βοήθειάν
3114 4036 3233 4071 τινα
3286 4018 3437 4086 παρὰ
3491 4014 3605 4078 σοῦ,
3640 4014 3751 4066 ἀλλ’
3798 4012 3998 4064 ὅτιού(

2440 4115 2554 4182 εἰμι
2581 4113 2766 4181 ὥσπερ
2791 4115 2837 4165 oi
2868 4114 3044 4165 λοιποὶ
3073 4113 3180 4163 τῶν
3207 4111 3508 4179 ἀνθρώπων
3534 4125 3548 4139 ο
3583 4108 3655 4168 ὡς
3692 4108 3754 4159 ἂν
3791 4104 3999 4156 οἴκοθεν

2441 4210 2536 4262 καὶ
2579 4206 2708 4272 παρ’
2742 4204 2962 4266 ἑαυτοῦ,
2995 4205 3090 4256 καί
3134 4202 3192 4265 ἐξ
3234 4201 3437 4261 οἰκείας
3461 4200 3601 4264 ἔχων
3632 4197 3911 4262 δυνάμεως
3940 4196 3998 4245 τὸ

2444 4299 2518 4367 μὴ
2548 4293 2687 4349 εἶναι
2718 4296 2918 4366 ἅρπαξ,
2963 4297 3054 4345 καὶ
3098 4294 3282 4362 μοιχὸς
3333 4294 3422 4343 καὶ
3472 4291 3675 4351 ἄδικος,
3709 4291 3863 4354 εἴπερ
3893 4287 3998 4354 ἄρα

2442 4394 2541 4442 οὐκ
2578 4385 2665 4459 ἦν’
2702 4390 2761 4441 οὐ
2799 4392 2908 4457 γὰρ
2944 4388 3230 4455 προσεῖχεν
3279 4383 3456 4450 ἑαυτῷ
3480 4425 3492 4445 ,
3541 4385 3624 4433 ἵνα
3669 4383 3872 4440 δίκαιος
3916 4380 3998 4448 εἴη

780 4476 1152 4545 publicanus.)
1177 4469 1386 4535 lnsane,
1412 4469 1612 4524 diceret
1641 4474 1759 4537 quis
1784 4474 1846 4526 ad
1880 4489 2034 4526 eum:
2072 4475 2114 4527 si
2141 4486 2334 4542 pnetcr
2361 4498 2413 4556 ι)
2441 4499 2537 4532 πισ

2244 4486 2334 4527 τιον
2361 4498 2413 4556 D
2441 4481 2793 4532 πιστεύεσθαι
2825 4480 2952 4546 περὶ
3000 4474 3191 4529 ἑαυτοῦ
3217 4475 3411 4540 λέγων,
3446 4474 3581 4527 ἀλλὰ
3623 4473 3832 4531 πάντας
3870 4471 4001 4536 μᾶλ-

782 4581 833 4621 te
861 4581 1052 4620 omnes
1098 4566 1273 4632 injusti
1322 4578 1376 4619 et
1406 4580 1667 4632 raptores,
1701 4568 1820 4635 quis
1872 4568 2070 4620 furtum
2100 4579 2152 4620 et
2183 4572 2334 4619 dam-

783 4675 906 4711 unm
939 4656 1242 4710 snli'erens?
1265 4657 1400 4721 Quid
1432 4658 1559 4710 «iste
1581 4658 1894 4723 publicanus
1912 4658 1961 4710 ⁸2)
1987 4673 2152 4724 quare
2171 4673 2334 4725 pecn-

779 4752 930 4804 liaris
959 4750 1058 4802 ista
1093 4750 1335 4803 additio?
1368 4748 1552 4804 Nonne
1583 4766 1718 4802 unus
1748 4762 1830 4803 est
1859 4751 2097 4803 outninm
2130 4760 2181 4803 et
2212 4764 2333 4803 cum

781 4841 992 4894 caeteris
1025 4856 1051 4892 a
1091 4851 1175 4892 tua
1216 4841 1486 4892 connunni
1529 4849 1604 4901 et,
1636 4850 1693 4892 nt
1723 4841 1792 4892 ita
1817 4841 2332 4904 dicam,universali

783 4933 1233 4985 rondemnatioue
1291 4932 1709 4999 comprehensus
1767 4931 1905 4986 fuit?
1941 4934 2024 4986 vel
2071 4933 2332 5000 numquid

783 5023 981 5092 duplici
1022 5023 1288 5089 indigebat
1341 5023 1565 5088 judicio,
1604 5024 1728 5090 quia
1766 5025 1864 5078 sub
1908 5027 2012 5077 tuis
2044 5036 2160 5078 erat
2190 5024 2332 5076 Pha-

785 5113 994 5167 risaieis
1028 5112 1198 5164 oculis
1235 5152 1248 5172 ,
1284 5113 1457 5165 liceta
1504 5113 1659 5183 longe
1690 5115 1900 5168 staret?
1955 5115 2180 5184 Insuper
2230 5118 2331 5168 etsi

786 5205 912 5274 quia
948 5213 1130 5270 aperte
1157 5202 1489 5269 publicanus,
1526 5205 1648 5259 inde
1681 5205 1934 5274 iniustum
1977 5209 2116 5261 hunc
2141 5223 2336 5261 nosce-

791 5301 909 5348 has.
937 5293 1077 5346 unde
1108 5293 1447 5346 adulterum?
1468 5293 1654 5351 Nonne
1678 5297 1894 5365 impune
1923 5298 2015 5350 tibi
2042 5301 2165 5353 licet
2201 5300 2340 5351 hunc

786 5392 1003 5454 hedere,
1042 5391 1161 5456 quia
1198 5391 1325 5443 alios
1358 5389 1527 5442 Iresit?
1558 5389 1668 5442 Non
1702 5390 1771 5442 ita
1806 5404 1955 5454 sane,
1984 5408 2088 5444 non
2122 5393 2214 5456 ita,
2245 5395 2338 5443 sed

788 5486 888 5534 iste
914 5482 1130 5548 quidem
1159 5482 1209 5534 in
1239 5483 1421 5535 humili
1442 5483 1632 5550 spiritu
1668 5494 1808 5536 tuam
1838 5484 2013 5538 ferens
2045 5487 2329 5547 superbam

788 5572 1310 5632 condemnationem,
1341 5572 1557 5641 Deoqne
1585 5589 1782 5643 preces
1808 5591 1926 5627 cum
1966 5575 2224 5641 sniipsius
2243 5575 2338 5626 ob-

784 5664 1093 5730 jurgatione
1142 5664 1397 5727 ollereus,
1448 5664 1569 5730 jure
1623 5666 1778 5719 abeo
1808 5667 2112 5718 dimittetur
2162 5680 2225 5717 ex
2259 5665 2340 5718 eis

784 5757 850 5803 oh
870 5771 1000 5824 quas
1020 5757 1411 5811 damnationem
1441 5759 1635 5828 meruit
1661 5758 1931 5827 injustitiis
1956 5775 1969 5818 ;
1999 5766 2048 5809 ttt
2075 5773 2200 5810 vero
2222 5757 2340 5824 jnt'c

2448 4572 2539 4623 λον
2571 4569 2851 4636 ἔϐλεπενῆ
2886 4569 3095 4629 ἑαυτὸν,
3118 4567 3212 4617 καὶ
3239 4566 3466 4626 πάντας,
3506 4564 3548 4616 ὣ
3584 4566 3678 4632 τῆς
3707 4563 3997 4624 ἀπο-κολαςέ

2449 4664 2760 4728 ὲξουδενῶν,
2793 4661 2892 4714 ἕνα
2945 4661 3103 4730 μόνον
3137 4658 3271 4728 ᾤετο
3328 4659 3532 4709 δίκαιον
3585 4654 3721 4711 εἶναι
3771 4659 3862 4707 καὶ
3901 4657 4002 4706 σώ-

2451 4774 2643 4825 φρονα,
2697 4752 2887 4806 ἑαυτόν
2915 4768 2927 4780 ·
2965 4769 2983 4798 ι
3014 4753 3126 4802 Οὐκ
3179 4753 3293 4817 εἰμὶ
3328 4752 3454 4817 γὰρ,
3506 4750 3687 4814 φησὶν,
3722 4748 3906 4814 ὥσπερ
3953 4747 4002 4798 (σί

2447 4848 2625 4900 λοιποὶ
2652 4846 2762 4896 τῶν
2807 4842 3129 4908 ἀνθρώπων,
3177 4843 3441 4910 ἅρπαγες,
3491 4841 3689 4898 ἄδικοι,
3735 4839 3928 4906 μοιχοὶ,
3969 4839 3998 4905 ἦ

2451 4939 2546 4990 καὶ
2577 4937 2650 4997 ὡς
2689 4929 2841 4996 οὗτος
2871 4934 2897 4983 ὁ
2931 4933 3232 4997 Τελώνης.»
3275 4932 3382 4998 Τῆς
3409 4932 3612 4990 ἀνοίας.
3644 4927 3794 4981 εἶπεν
3832 4930 3894 4982 ἄν
3921 4946 4002 4990 τις

2457 5029 2591 5096 πρὸς
2617 5025 2776 5076 αὐτόν
2803 5039 2818 5053 ·
2847 5027 2937 5074 καὶ
2982 5025 3028 5073 εἰ
3078 5022 3212 5089 πλὴν
3248 5022 3340 5073 σού
3388 5025 3584 5082 πάντες
3616 5021 3786 5073 ἄδικοί
3817 5039 3872 5073 τε
3911 5023 4004 5073 καὶ

2453 5122 2719 5186 ἅρπαγες,
2766 5118 2845 5173 τίς
2875 5117 2901 5164 ὁ
2934 5115 3029 5180 τὴν
3068 5115 3322 5179 ἁρπαγὴν
3365 5115 3459 5164 καὶ
3488 5115 3582 5179 τὴν
3615 5115 3853 5165 κάκωσιν
3883 5115 4004 5181 '33::-

2457 5210 2756 5276 στάμενοςς
2789 5207 2838 5257 τί
2873 5207 2926 5257 δὲ
2955 5208 3047 5256 καὶ
3071 5207 3096 5256 ὁ
3129 5204 3374 5273 Teir-3w};
3410 5199 3595 5265 0310:;
3631 5207 3723 5256 καὶ
3752 5206 3781 5274 ἡ
3814 5205 4002 5256 τούτου

2452 5303 2571 5353 κατ’
2602 5299 2792 5366 ἐξοχὴν
2826 5295 3107 5364 προσθήκη
3137 5313 3150 5359 ;
3205 5299 3300 5364 οὐχ
3337 5293 3413 5358 εἷς
3459 5296 3531 5347 ὢν
3565 5298 3815 5348 ἁπάντων
3851 5297 3987 5364 μετᾶ

2455 5392 2562 5444 τῶν
2597 5390 2795 5441 λοιπῶν
2830 5391 2919 5440 καὶ
2963 5382 3116 5447 οὗτος
3163 5390 3225 5454 τῇ
3285 5389 3432 5456 παρᾶ
3477 5388 3568 5440 σοῦ
3609 5392 3781 5456 κοινῇ,
3811 5389 3903 5440 καὶ
3931 5389 4006 5450 ὡς

2457 5483 2629 5533 είπεῖν
2684 5481 3032 5546 οἰκούμενικῇ
3095 5478 3416 5544 κατακρίσει
3470 5480 4002 5546 συμπεριείληπταις

2458 5575 2488 5642 ἦ
2534 5573 2816 5632 διπλασίας
2847 5570 2950 5621 ἔδει
2978 5568 3152 5636 τούτῳ
3184 5574 3279 5636 τῆς
3317 5573 3633 5638 καταδίκης,
3656 5573 3727 5632 ὡς
3758 5573 3857 5622 ὑπὸ
3883 5574 4004 5632 τοὺς

2454 5662 2820 5732 Φαρισαῖκοὺς
2856 5661 2978 5719 σοὺς
3017 5659 3176 5724 ὀφθα)
3195 5661 3346 5724 μους,
3383 5661 3428 5709 εί
3462 5661 3554 5710 καὶ
3595 5661 3809 5726 μακρὰν
3836 5661 4001 5710 ἑστῶ-

2454 5775 2503 5808 τι
2538 5777 2550 5820 ,
2586 5755 2754 5814 ἄλλως
2784 5769 2839 5802 τε
2877 5751 2970 5802 καὶ
3002 5751 3238 5820 τελώνην
3270 5752 3366 5820 μὲν
3397 5753 3707 5823 ὑπάρχοντα
3734 5755 3996 5821 φανερῶς,
