4450 6444
477 388 550 449 33
1850 370 2177 431 notuth
2224 369 2336 426 ιιι.
3658 370 3734 434 34

477 498 660 568 ζητῶν
704 496 797 549 τὸν
837 493 1028 564 ἔχοντα
1072 491 1218 562 παρά
1259 487 1394 542 Θεοῦ
1449 489 1546 556 τῆς
1608 484 1962 546 διδασκαλίας
1993 483 2053 534 τὸ
2082 492 2128 545 Α
2159 496 2234 535 Cll!

1993 483 2053 534 τὸ
2082 492 2128 545 Α
2159 496 2279 535 cum
2313 483 2506 550 gaudio
2554 479 2792 534 vescitur
2842 493 2980 547 pane
3027 481 3331 548 spiritualis
3366 485 3488 539 vitm
3514 491 3605 555 qui
3657 503 3739 542 «κει

480 591 726 658 χάρισμα
747 602 762 618 °
799 586 904 638 xiv
935 582 1093 656 εὕρῃ,
1131 583 1250 650 μετ’
1278 579 1620 651 εὐφροσύνης
1670 578 1935 647 τρέφεται
1964 575 2054 627 τὸν

479 683 642 754 ἄρτον
677 680 775 747 τῆς
823 675 1207 746 πνευματικῆς
1236 674 1402 744 ζωῆς,
1451 675 1507 735 ὃς
1539 661 1698 724 ἔστιν
1730 671 1758 723 ὁ
1791 670 2055 738 σωτήριος

478 773 654 842 λόγος.
676 765 739 824 οὗ
773 770 913 839 μηδὲ
950 768 1247 838 ἀποτυχεῖν
1280 765 1506 819 εστιτδν
1541 763 1619 826 είς
1654 762 1806 823 τέλος
1836 758 2058 830 ζητοῦν-

480 877 582 916 τα’
619 880 640 912 ε
675 861 786 922 Πᾶς
820 860 929 927 γάρ
964 859 991 910 ὁ
1017 859 1187 911 αἰτῶν
1242 855 1532 925 λαμϐάνει,
1592 853 1737 906 καὶὸ
1767 849 1948 921 ζητῶν
1967 848 2056 899 sb-

480 960 655 1023 ρήσει,
697 953 795 1005 καὶ
828 950 907 1020 τῷ
938 951 1194 1020 κρούοντι
1222 947 1597 1018 ἀνοιγήσεται,
1632 962 1652 997 ι
1689 939 1844 998 εἶπεν
1865 943 1893 995 ό
1919 940 2056 1010 Χρι-

478 1047 627 1107 στός.

554 1138 694 1191 Ἀλλ’
717 1137 822 1189 εἰσί
876 1153 1046 1198 τινες,
1086 1134 1136 1187 οἳ
1181 1135 1250 1203 τῇ
1286 1130 1624 1200 πολυημέρῳ
1665 1127 1811 1183 κατά
1841 1125 1966 1180 νοῦν
1990 1128 2056 1179 ἀ-

479 1229 678 1300 τροφίᾳ
704 1229 801 1281 καὶ
844 1228 946 1295 τὴν
985 1225 1081 1278 τοῦ
1110 1223 1406 1294 τρέφεσθαι
1449 1223 1631 1292 ὄρεξιν
1676 1218 2016 1274 ἀπεὸάλοντο
2041 1233 2055 1247 ⁸

478 1324 560 1376 διδ
599 1322 724 1375 οὐδὲ
770 1323 870 1390 τῆς
903 1319 1107 1389 ζημίας
1146 1318 1518 1386 λαμδάνουσιν
1567 1313 1843 1385 αῐσθησιν,
1872 1311 1976 1366 κᾶν
2008 1310 2061 1364 ἐ-

480 1433 618 1484 χωσι
649 1416 742 1466 τὸν
779 1413 1126 1471 διδάσκοντα,
1164 1409 1428 1478 καὶπρὸς
1467 1406 1638 1475 αὐτὴν
1688 1405 1786 1475 τὴν
1822 1405 1921 1472 τῆς
1977 1404 2058 1456 δι-

480 1505 781 1568 δασκαλίας
808 1506 1074 1574 ἀκρόασιν
1107 1501 1519 1571 δυσχεραίνουσι
1547 1516 1559 1529 ο
1590 1498 1694 1552 κάν
1727 1497 1804 1567 μὴ
1839 1496 2056 1565 ἔχωσιν,

480 1600 540 1650 οὐ
571 1596 794 1666 ζητοῦσι
813 1598 904 1649 τὸν
921 1595 1219 1658 διδάξοντα,
1240 1592 1335 1646 τοῦ
1383 1591 1595 1646 ἀσώτου
1634 1589 1768 1642 πολὺ
1798 1589 2060 1658 ἀμαρτω-

487 1689 708 1758 λόεερον
736 1687 960 1752 ἄγοντες
1000 1685 1134 1755 βίον.
1185 1685 1421 1746 Ἐκεῖνος
1462 1682 1570 1752 γάρ
1599 1683 1648 1733 εί
1670 1682 1765 1732 καὶ
1789 1680 2058 1749 ἑστερήθη

489 1777 829 1848 μακρυνθεὶς
885 1775 980 1828 τοῦ
1033 1773 1217 1827 κοινοῦ
1253 1774 1499 1844 τροφέως
1553 1771 1651 1824 καὶ
1703 1772 1911 1839 πατρὸς
1966 1771 2063 1822 καὶ

2159 573 2351 626 salutis
2378 573 2601 626 verbum
2636 573 2777 642 quod
2814 588 2918 624 non
2961 581 3142 638 potest
3192 592 3296 629 non
3334 579 3579 631 invenire
3623 594 3739 648 per-

2160 673 2484 719 severanter
2508 679 2778 733 qumrens.
2813 683 2830 714 ε
2868 662 3058 716 Omnis
3089 666 3238 716 enim
3275 670 3366 735 qui
3412 672 3547 736 petit
3593 673 3737 723 aeri-

2160 756 2259 826 pit,
2287 767 2341 810 et
2366 756 2457 826 qui
2489 757 2687 825 qua-rit
2715 757 2941 822 invenit,
2968 768 3022 812 et
3051 757 3288 828 pulsanti
3314 763 3587 828 aperietur
3609 764 3677 828 ³⁸,
3711 784 3728 813 ι

2159 850 2235 902 ait
2267 848 2538 904 Christus.

2235 1114 2342 1170 Sed
2393 1125 2518 1168 sunt
2572 1115 2662 1185 qui
2711 1116 2963 1170 diuturna
3014 1118 3209 1172 mentis
3258 1120 3434 1173 inedia
3484 1136 3733 1175 escarum

2162 1208 2534 1279 appetentiam
2572 1210 2914 1273 amiserunt;
2977 1210 3098 1262 ideo
3150 1225 3249 1265 nec
3299 1214 3455 1266 exitii
3513 1231 3735 1269 sensum

2161 1303 2537 1370 experiuntur,
2566 1303 2850 1356 etetiamsi
2872 1303 3153 1354 doctorem
3186 1302 3444 1366 habeant.
3480 1307 3738 1359 «loctriuze

2162 1393 2406 1447 auditum
2445 1408 2585 1462 mgre
2617 1393 2934 1462 patiuntur;
2976 1404 3030 1446 et
3061 1396 3104 1446 si
3139 1410 3241 1446 non
3279 1395 3520 1448 habeant
3553 1399 3737 1450 docto-

2164 1502 2299 1549 rem,
2371 1503 2476 1540 non
2522 1499 2789 1554 qua-runt.
2840 1486 3086 1557 pluribus
3118 1502 3278 1555 quam
3323 1491 3574 1557 prodigus
3600 1491 3740 1543 lilius

2165 1579 2404 1646 peccatis
2452 1587 2729 1632 oneratam
2767 1589 2989 1647 agentes
3022 1579 3208 1631 vitam.
3258 1579 3353 1631 Ille
3397 1580 3542 1631 enim
3581 1584 3736 1647 equi-

2164 1671 2286 1724 dem
2339 1671 2609 1734 indigebat
2661 1683 2902 1724 remOtus
2955 1685 2984 1723 a
3055 1671 3326 1724 communi
3387 1674 3652 1726 tmtritore
3686 1685 3739 1724 et

2165 1771 2317 1831 patre
2378 1773 2433 1816 et
2488 1763 2746 1824 domino,
2803 1761 2896 1826 sed
2959 1761 3011 1813 in
3092 1762 3465 1814 vehementem
3541 1761 3737 1815 [autem

481 1871 766 1935 δεσπότου,
803 1868 941 1922 ἀλλά
986 1867 1131 1936 λιμῷ
1179 1865 1512 1936 περιέπεσεν
1569 1862 1797 1932 ίσχυρῷ,
1835 1864 1929 1914 καὶ
1961 1861 2060 1930 τῆς
2092 1849 2135 1905 Β
2168 1853 2238 1906 itt‘t

1976 1861 2060 1930 τῆς
2092 1849 2135 1905 Β
2168 1852 2374 1912 incidit,
2413 1859 2466 1905 et
2514 1852 2876 1921 privationem
2930 1850 3194 1912 sentiens,
3257 1852 3531 1918 [)(BItilttil,
3573 1864 3625 1902 ιιι
3659 1868 3733 1903 re-

482 1965 794 2033 στερήσεως
825 1957 1247 2026 ἐπαισθόμενος,
1300 1955 1596 2024 μετενόησε
1645 1957 1741 2006 καὶ
1781 1952 2055 2022 επανῆ).οε

484 2053 577 2104 καὶ
604 2050 933 2118 ἐπεζήτησε,
969 2046 1068 2099 καὶ
1096 2046 1255 2098 πάλιν
1288 2045 1448 2115 ιτυχε
1480 2044 1578 2113 τῆς
1614 2042 1764 2106 θείας
1795 2044 1891 2095 καὶ
1921 2044 2058 2111 ἀκη-

486 2145 652 2212 ράτου
683 2140 914 2212 τροφῆς,
952 2140 1045 2192 καὶ
1088 2136 1342 2191 τοσοῦτον
1386 2137 1674 2207 ἀπήλαυσε
1715 2135 1804 2188 διά
1831 2137 1929 2203 τῆς
1959 2150 2059 2200 με·

484 2236 703 2295 τανοίας
739 2234 847 2286 τῶν
886 2231 981 2285 τοῦ
1036 2232 1358 2301 Πνεύματος
1402 2225 1782 2299 χαρισμάτων,
1833 2227 1907 2289 ῶς
1963 2227 2058 2278 καὶ

485 2327 777 2395 επίφθονον
808 2322 974 2376 αὑτὸν
1018 2321 1273 2390 γενέσθαι
1311 2320 1407 2373 τοῦ
1452 2319 1710 2371 πλούτου.
1748 2316 1965 2370 Μᾶλλον
1998 2315 2056 2367 δὲ

485 2419 844 2480 ἀναλαδόντες
872 2416 1080 2470 ἀνωθεν
1117 2410 1584 2482 διατρανώσωμεν
1621 2408 1754 2478 πρὸς
1792 2407 1890 2476 τὴν
1919 2406 2056 2474 ὑμε-

485 2509 648 2579 τέραν
679 2509 901 2574 ἀγάπην
936 2508 1035 2578 τὴν
1077 2507 1135 2556 εν
1169 2499 1524 2570 Εὐαγγελίοις
1562 2499 1766 2566 ταύτην
1810 2498 1904 2550 τοῦ
1940 2497 2055 2549 Κυ-

488 2603 608 2671 ρίου
643 2600 965 2671 παραδολήν
990 2614 1005 2630 ο
1047 2598 1170 2650 ἐπεὶ
1217 2597 1312 2649 καὶ
1342 2594 1583 2664 σήμερον
1637 2590 1756 2652 ἔθος
1788 2587 2058 2657 ἀναγινώ-

487 2685 711 2739 σκεσθαι
746 2687 947 2755 ταύτην
976 2688 1047 2736 επ
1085 2682 1404 2751 ἐκκλησίας.

561 2781 663 2850 12
700 2797 718 2830 ε
761 2779 1083 2850 Ἄνθρωπός
1133 2794 1237 2838 τις,
1304 2775 1493 2843 φησὶν,
1525 2768 1636 2841 εἶχε
1667 2769 1761 2824 δύο
1810 2770 1979 2831 υἱούς.
2028 2787 2047 2819 ι

499 2873 722 2924 Ἑαυτὸν
779 2871 1066 2938 ἄνθρωπον
1101 2865 1491 2937 παραδολικῶς
1542 2861 1780 2914 ἐνταῦθά
1819 2877 1984 2930 φησιν
2027 2863 2056 2912 ό

489 2963 663 3031 Κύριο
700 3003 715 3026 ,
750 2961 847 3013 καὶ
889 2956 1206 3027 θαυμαστὸν
1249 2953 1422 3006 οὐδέν.
1465 2952 1527 3003 El.
1561 2951 1671 3019 γὰρ
1714 2947 1929 3016 ἀληθῶς
1958 2943 2057 2998 ἇν-

489 3054 704 3124 θρωπςς
760 3053 979 3118 ἐγένετο
1028 3050 1116 3102 διά
1167 3047 1265 3116 τὴν
1313 3043 1591 3114 ἡμετέραν
1659 3039 1955 3108 σωτηρίαν,
2003 3037 2054 3088 τί

491 3143 825 3211 θαυμαστὸν,
854 3142 904 3193 εί
935 3139 1010 3202 ὼς
1042 3137 1349 3208 ἀνθρώπων
1378 3135 1475 3186 ἕνα
1504 3130 1823 3202 προτίθησιν
1863 3129 2056 3180 ἑαυτὸν

489 3232 578 3285 διὰ
601 3234 700 3302 τὴν
727 3235 1002 3301 ἡμετέραν
1055 3229 1346 3296 ὠφέλειαν,
1395 3227 1422 3277 ὁ
1476 3225 1570 3275 καὶ
1602 3222 1700 3289 τῆς
1730 3219 1908 3288 ψυχῆς
1961 3219 2057 3270 καὶ

488 3333 582 3383 τοῦ
620 3331 872 3394 σώματος
904 3328 990 3380 ἀεὶ
1024 3321 1301 3394 κηδεμὼν,
1333 3321 1408 3381 ὼς
1436 3316 1763 3386 ἀμφοτέρων
1788 3312 2054 3378 δεσπότης

488 3424 578 3475 καὶ
611 3421 884 3490 ποιητὴς;
933 3419 992 3479 ὃς
1034 3417 1195 3485 μόνος
1235 3415 1460 3482 ἀγάπης
1486 3412 1565 3471 εἰς
1615 3408 1764 3476 ἡμᾶς
1799 3405 1934 3476 ἔργα
1962 3404 2058 3456 καὶ

490 3515 816 3583 κηδεμονίας
849 3508 1303 3582 ὑπερδαλλούσης
1325 3507 1416 3558 καὶ
1445 3502 1552 3570 πρὸ
1584 3501 1675 3554 τοῦ
1711 3497 1967 3568 γενέσθαι
1999 3497 2059 3564 ή-

493 3610 598 3677 μᾶς
645 3605 1002 3668 ἀπεδείξατοο
1057 3601 1166 3670 πρὸ
1217 3599 1375 3668 ἡμῶν
1434 3595 1544 3662 γὰρ
1591 3590 1869 3662 βασιλείας
1926 3589 2058 3655 ἡμῖν

490 3699 752 3766 ἡτοίμασε
797 3692 1166 3764 κληρονομίαν
1220 3688 1471 3750 αἰώνιον,
1528 3684 1602 3746 ὡς
1648 3681 1811 3742 αὑτός
1868 3695 2055 3746 φησιν,

490 3791 598 3842 ἀπὸ
621 3785 926 3854 καταῦολῆς
959 3785 1186 3852 κόσμου.
1225 3778 1337 3847 Πρὸ
1380 3775 1529 3844 ἡμῶν
1571 3774 1713 3840 ὑπὲρ
1748 3770 1901 3840 ἡμῶν
1932 3767 2058 3828 τοὺς

491 3881 755 3948 ἀγγέλους
789 3879 1016 3943 εποίησε
1049 3872 1331 3932 διακόνους
1368 3863 1887 3931 ἀποστελλομένους,
1919 3860 1990 3922 ὡς
2031 3862 2059 3910 ό

495 3974 703 4033 “aulo;
729 3971 887 4039 φησὶ,
914 3969 1003 4021 διὰ
1030 3968 1155 4027 τοὺς
1188 3962 1476 4032 μέλλοντας
1508 3957 2060 4025 κληρονομεῐν“σωτη-

494 4069 640 4136 ρίαν.
681 4065 793 4130 ιίρὺ
825 4061 983 4129 ἡμῶν
1017 4058 1083 4109 δι’
1116 4057 1262 4126 ἡμᾶς
1295 4053 1456 4104 παντὶ
1504 4049 1579 4117 τῷ
1618 4045 1861 4113 αίσυητῴ
1887 4043 2061 4109 τούτῳ

496 4133 687 4228 κόσμῳ
713 4156 803 4208 τὸν
838 4152 1067 4221 οὐρανὸν
1091 4148 1429 4217 περιέτεινεν
1454 4137 1563 4194 οἷόν
1594 4157 1717 4192 τινα
1763 4137 1964 4204 σκηνὴν
1994 4133 2060 4186 ἆ-

493 4269 628 4304 πασι
663 4248 846 4316 κοινὴν
877 4245 974 4297 καὶ
1002 4242 1263 4310 ὁμότιμον
1287 4234 1575 4302 ἀνεγείρας
1607 4233 1740 4299 ἡμῖν
1773 4233 1829 4280 ὲν
1859 4230 1924 4296 τῇ
1952 4243 2058 4277 πα-

497 4343 682 4413 ροδικῇ
719 4340 831 4408 ζωῇ
866 4339 1060 4406 ταύτῃ,
1092 4332 1181 4382 τὸν
1213 4329 1376 4380 αὑτδιν
1421 4324 1728 4391 ἀεικίνητον
1765 4321 1858 4371 καὶ
1900 4318 2062 4368 πολυ-

495 4439 737 4502 κίνητον,
769 4431 845 4491 ὡς
887 4429 952 4481 ἂν
984 4422 1326 4494 ἀντιρρόπως
1384 4415 1702 4485 κινούμενος
1746 4411 1904 4472 αὐτὸς
1939 4412 2063 4461 ὲαυ-

2165 1960 2352 1999 versns
2382 1944 2658 2012 quaesivit,
2691 1955 2744 1997 et
2769 1956 2959 1996 rursus
2994 1941 3201 1995 invenit
3248 1943 3483 1994 divinam
3517 1958 3731 2006 putam-

2170 2048 2278 2102 que
2311 2034 2380 2087 ab
2409 2033 2557 2086 otuni
2597 2033 2822 2086 mistnra
2853 2047 3057 2096 escam,
3087 2042 3140 2085 et
3175 2042 3380 2085 tantum
3410 2036 3629 2098 gavisus
3656 2045 3740 2084 est

2163 2141 2257 2194 per
2291 2125 2666 2193 paenitentiam
2695 2123 2890 2191 gratiis
2917 2122 3293 2190 spiritualibus
3316 2131 3372 2173 ut
3398 2123 3547 2173 dives
3576 2123 3737 2173 etiam

2161 2213 2237 2265 illi
2303 2214 2591 2267 invideret.
2650 2213 2845 2268 Melius
2898 2228 3028 2266 vero
3081 2213 3244 2266 altius
3305 2224 3634 2278 resumptam
3671 2213 3736 2262 ad

2160 2307 2483 2360 charitatem
2515 2317 2754 2361 vestram
2789 2305 3145 2372 explauemns
3185 2306 3344 2359 ismm
3380 2308 3434 2358 in
3490 2305 3707 2371 Evange

2160 2398 2249 2452 liis
2305 2400 2513 2453 Domini
2567 2398 2904 2468 parabolam,
2953 2414 3077 2452 cum
3114 2399 3229 2453 lucc
3270 2399 3444 2454 soleat
3475 2400 3526 2452 in
3561 2399 3732 2454 eccle-

2161 2491 2258 2545 siis
2298 2492 2364 2545 ad
2391 2489 2708 2545 memoriam
2740 2491 2902 2546 hodie
2939 2493 3207 2546 revocari.

2240 2801 2256 2830 ε
2298 2780 2471 2833 llomo
2499 2781 2719 2848 quidam
2754 2780 2942 2834 habuit
2972 2783 3106 2834 duos
3139 2783 3301 2846 lilios,
3340 2803 3358 2834 ›
3392 2785 3515 2837 dicit
3553 2785 3719 2837 Domi-

2162 2888 2289 2926 nus.
2317 2871 2565 2936 Seipsum
2599 2871 2870 2924 hominem
2914 2887 3008 2938 per
3062 2874 3371 2939 parabolam
3409 2876 3492 2928 hic
3528 2877 3602 2927 ait
3628 2876 3706 2928 Do

2164 2967 2360 3026 minus,
2407 2972 2460 3016 et
2511 2963 2645 3015 nihil
2681 2963 2821 3031 quod
2853 2973 3073 3028 stupeas
3103 2980 3118 3017 :
3150 2964 3194 3017 si
3230 2967 3370 3016 enim
3415 2983 3537 3018 vero
3574 2969 3735 3018 itOtlm

2162 3055 2334 3108 lactus
2365 3062 2446 3106 est
2482 3065 2703 3121 pr0pter
2751 3061 2989 3106 nostram
3035 3055 3302 3117 salutem,
3349 3056 3474 3121 quid
3531 3058 3726 3109 mirum

2161 3147 2206 3199 si
2267 3155 2325 3198 ut
2378 3147 2547 3196 unum
2603 3145 2873 3196 hominem
2925 3147 3161 3212 seipsum
3218 3149 3467 3213 pl‘OpOttil
3517 3159 3700 3216 proptr

2161 3246 2399 3288 nostram
2425 3235 2740 3296 utilitatem,
2783 3235 2873 3299 qui
2909 3249 3123 3301 semper
3152 3236 3216 3287 de
3248 3238 3422 3287 anima
3447 3243 3587 3290 etde
3615 3253 3707 3288 Cor

2159 3339 2290 3392 pore
2334 3334 2516 3385 t'ttrat,
2563 3331 2817 3390 tanquam
2871 3323 3156 3390 utriusque
3202 3324 3461 3378 Dominus
3501 3336 3552 3376 et
3599 3343 3731 3378 con—

2160 3416 2334 3478 ditur,
2394 3417 2481 3482 qui
2517 3415 2664 3467 solus
2697 3415 2983 3468 cltaritatis
3024 3430 3148 3482 erga
3199 3431 3293 3469 nos
3326 3433 3488 3481 opera
3526 3429 3581 3470 et
3617 3419 3718 3471 siu-

2160 3507 2366 3575 gularis
2422 3506 2837 3569 sollicitudinis,
2900 3508 3066 3559 etiam
3127 3510 3438 3577 priusquam
3489 3526 3736 3564 essemus

2159 3599 2450 3651 exhibuit?
2483 3599 2610 3650 Nam
2637 3609 2764 3650 ante
2801 3614 2897 3651 nos
2934 3600 3083 3666 regni
3121 3601 3277 3652 nobis
3320 3603 3528 3668 paravit
3574 3613 3728 3653 aeter-

2163 3704 2285 3742 nam
2323 3688 2730 3750 ltmretlitatent,
2775 3696 2832 3739 ιιι
2881 3689 2996 3755 ipse
3042 3688 3205 3751 dixit,
3260 3706 3287 3741 a
3345 3693 3733 3743 constitutiom:

2164 3782 2375 3835 mundi.
2425 3785 2565 3835 Ante
2601 3797 2699 3835 nos
2733 3796 2830 3849 pro
2873 3783 3030 3834 nobis
3077 3783 3297 3850 angelos
3353 3782 3480 3836 fecit
3519 3785 3569 3836 itt
3633 3786 3702 3835 mi

2165 3880 2446 3932 nisterium
2480 3879 2698 3940 missos,
2744 3876 2920 3942 inquit
2972 3873 3195 3938 Paulus,
3248 3887 3466 3943 propter
3519 3890 3612 3928 eos
3642 3879 3732 3944 qui

2166 3966 2539 4019 ltzereditatem
2577 3966 2805 4033 cupiunt
2839 3965 3029 4017 salutis
3059 3965 3120 4016 ³⁹.
3162 3967 3300 4016 Ante
3331 3983 3424 4016 nos
3456 3981 3552 4032 pro
3581 3970 3734 4017 uulus

2163 4061 2308 4111 circa
2361 4066 2527 4110 totum
2587 4057 2900 4110 sensibilem
2959 4057 3120 4108 istum
3181 4056 3439 4107 mundum
3493 4058 3733 4108 extendit

2163 4151 2359 4201 malum
2398 4159 2652 4214 tanquam
2689 4147 3095 4198 tabernaculum
3132 4147 3385 4198 utuuibus
3420 4161 3727 4207 commune,

2164 4253 2216 4293 et
2251 4241 2363 4306 pari
2398 4239 2575 4307 pretio
2602 4240 2826 4291 charmu
2863 4239 2994 4289 illud
3023 4237 3179 4289 nobis
3210 4238 3261 4288 in
3300 4237 3401 4289 hac
3434 4240 3732 4289 transeunti

2166 4332 2273 4384 vita
2314 4333 2533 4399 erigens
2561 4329 2822 4381 continuo
2855 4328 3110 4395 varioque
3143 4338 3291 4379 motu
3326 4327 3632 4394 prarditum,
3663 4329 3734 4379 ita

2168 4433 2221 4475 ιιι
2260 4422 2458 4474 librato
2500 4421 2751 4473 examine
2782 4428 2988 4472 motum
3021 4418 3368 4487 semetipsum
3411 4419 3465 4472 in
3516 4421 3733 4487 propria

493 4525 585 4576 τὸν
609 4495 756 4575 ’κατά
781 4517 965 4588 χώραν
992 4514 1162 4582 ἐπέχῃ
1189 4528 1202 4542 ο
1238 4511 1326 4562 ἀει
1355 4508 1411 4558 δὲ
1441 4507 1762 4572 κινούμενον
1794 4504 1851 4551 ὲν
1886 4495 2063 4567 ἑαυτῷ
2096 4514 2138 4569 ι)
2172 4531 2250 4582 ηε

1977 4495 2063 4567 δτίῖ)
2096 4514 2138 4569 Ι)
2172 4515 2391 4582 regione
2417 4512 2692 4576 retineat;
2727 4525 2944 4577 semper
2977 4520 3158 4562 autem
3195 4519 3398 4563 motmn
3440 4510 3493 4562 in
3527 4523 3585 4563 se
3619 4511 3734 4575 ipso

496 4622 590 4672 καὶ
630 4616 731 4683 τὴν
775 4610 984 4680 πληθὺν
1025 4606 1134 4659 τῶν
1183 4603 1400 4671 ἄστρων
1444 4595 1946 4666 συμπεριφέροντχό
1996 4591 2061 4643 ἵν.

495 4711 654 4780 ἡμεῖς
684 4706 818 4776 ὁμοῦ
849 4720 909 4756 τε
950 4695 1334 4764 διδασκώμεθα
1357 4693 1420 4745 τὸ
1451 4690 1748 4757 παροδικὸν
1794 4686 1894 4754 τῆς
1927 4687 2061 4754 ἠμε-

493 4797 675 4872 τέραξ
697 4802 865 4867 ζωῆς,
891 4796 988 4848 καὶ
1013 4792 1229 4844 πάντων
1255 4784 1622 4852 ἀπολαύωμεν
1668 4783 1776 4832 τῶν
1805 4777 1925 4832 κατ’
1970 4779 2067 4830 αὺ-

497 4901 611 4961 τὸν,
641 4895 830 4947 ἄλλοτε
869 4889 1045 4942 ἄλλων
1087 4884 1226 4950 ὑπὲρ
1256 4877 1499 4947 κεφαλῆς
1539 4875 1697 4944 ἡμῶν
1731 4872 2063 4940 γενομένων.

500 4989 577 5042 Δι’
602 4988 748 5057 ἡμᾶς
773 4977 1057 5050 πρὸηήμῶν
1091 4976 1183 5027 τὸν
1217 4972 1391 5040 μέγαν
1432 4967 1654 5034 εποίησε
1687 4964 1952 5046 φωστήρα
1983 4964 2061 5022 εἰς

497 5055 671 5152 ἀρχάς
699 5077 799 5146 τῆς
837 5074 1070 5144 ἡμέρας,
1105 5067 1198 5119 καὶ
1236 5065 1327 5115 τὸν
1369 5061 1581 5114 ἐλάσσω
1629 5061 1706 5119 εἰς
1759 5057 1936 5125 ἀρχάς⁴
1963 5055 2060 5123 τῆς

496 5163 723 5233 νυκτός·
751 5172 844 5221 καὶ
883 5167 1034 5218 ἔθετο
1066 5160 1263 5220 αὐτούς
1305 5173 1364 5209 τε
1406 5158 1497 5208 καὶ
1526 5155 1651 5214 τοὺς
1683 5153 1869 5208 ἄλλους
1900 5154 2059 5203 ἀστε-

499 5287 598 5342 ρας
633 5264 789 5332 εντῴ
815 5261 1178 5327 στερεῶματι,
1214 5249 1673 5318 συγκινουμένους
1713 5248 1806 5298 καὶ
1852 5246 2062 5299 ἀντικι-

497 5338 790 5428 νουμένους
831 5351 1004 5419 αὐτῷ,
1038 5348 1318 5406 συνιόντας
1350 5359 1406 5394 τε
1441 5346 1534 5393 καί
1585 5338 2066 5408 παραλλάσσοντας

500 5450 820 5509 πολυειδῶς,
846 5445 912 5497 ἵν’
939 5439 1072 5497 ὦσιν
1099 5441 1230 5509 ἡμῖν
1254 5438 1330 5500 είς
1363 5437 1585 5517 σημεῖα,
1613 5434 1708 5484 καὶ
1731 5432 1810 5493 εἰς
1841 5429 2068 5499 καιροὺς

499 5545 593 5596 καὶ
622 5540 700 5599 είς
737 5533 1019 5594 ἐνιαυτούς
1042 5548 1055 5562 ο
1090 5525 1166 5582 ῶν
1212 5524 1424 5585 οὐδενὸς
1462 5524 1651 5592 χρῄζει
1692 5521 1815 5572 οὔτε
1839 5520 1873 5589 η
1905 5522 2067 5587 νοερὰ

499 5635 658 5701 φύσις
688 5631 828 5696 ὑπὲρ
853 5625 1103 5695 αἰσθησιν
1135 5618 1290 5675 οὖσα.
1317 5617 1438 5670 οὔτε
1475 5620 1506 5685 ὴ
1543 5615 1652 5667 τῶν
1684 5615 1891 5677 ἀλόγων
1913 5611 2068 5674 ζώων

575 5815 619 5845 ³³
649 5813 782 5868 Lor.
820 5831 889 5880 XI,
940 5814 1019 5866 l0.
1098 5815 1138 5840 δί’
1178 5810 1340 5865 llebr.
1377 5827 1412 5871 ι,
1455 5808 1536 5862 Η-

2168 4614 2222 4660 ct
2255 4603 2648 4674 pleuitndinem
2687 4614 2957 4656 astrorqu
2990 4614 3171 4652 secum
3204 4599 3618 4661 circumferens,
3679 4613 3739 4652 ut

2172 4712 2273 4749 nos
2308 4695 2468 4748 simul
2497 4695 2774 4747 discamus
2813 4689 3093 4759 fugitivam
3133 4690 3273 4743 hanc
3307 4705 3429 4742 esse
3466 4691 3654 4751 vitam,
3682 4703 3728 4741 et

2173 4787 2426 4840 omnibus
2457 4798 2576 4852 quae
2621 4787 2724 4836 sub
2769 4796 2835 4836 eo
2865 4790 2993 4835 sunt
3024 4790 3258 4843 utamur,
3316 4782 3470 4833 aliter
3501 4781 3622 4832 aliis
3650 4794 3708 4831 ra

2177 4879 2381 4945 pitibtts
2411 4874 2611 4929 nostris
2654 4873 3038 4941 superpositis.
3088 4872 3228 4923 Ante
3272 4887 3378 4924 nos
3431 4887 3527 4939 pro
3579 4873 3736 4922 nobis

2175 4983 2429 5037 maguum
2461 4965 2668 5020 creavit
2692 4964 2871 5016 lumen
2910 4974 2967 5015 ut
3002 4970 3259 5031 praeesset
3303 4962 3431 5021 diei,
3473 4974 3525 5014 et
3556 4961 3733 5012 lumen

2173 5065 2348 5115 minus
2380 5073 2436 5112 ut
2468 5066 2723 5127 pra-esset
2757 5057 2922 5119 uoeti,
2968 5065 3023 5108 et
3056 5056 3230 5122 posuit
3262 5054 3350 5104 illu
3387 5056 3527 5106 sicut
3554 5065 3606 5105 et
3633 5055 3734 5104 alia

2170 5157 2346 5209 sidera
2385 5157 2434 5205 iu
2480 5155 2841 5214 lirmatnento,
2908 5161 3056 5200 motu
3105 5158 3216 5199 tum
3267 5146 3431 5198 simili
3467 5156 3576 5196 tttnt
3608 5161 3738 5197 cou-

2172 5249 2341 5300 trario
2380 5246 2454 5297 illi
2483 5253 2625 5308 acta,
2659 5253 2714 5297 et
2739 5241 3139 5294 multiformiter
3169 5253 3290 5292 cum
3330 5255 3395 5291 eo
3437 5241 3518 5291 vel
3546 5249 3734 5289 contra

2168 5355 2292 5395 eum
2323 5338 2586 5397 volutata,
2624 5344 2681 5388 ut
2713 5337 2824 5388 sint
2853 5333 3008 5385 nobis
3039 5334 3088 5382 in
3122 5333 3272 5399 signa
3305 5342 3358 5382 et
3389 5333 3442 5382 in
3489 5341 3735 5396 tempora

2169 5442 2222 5483 et
2259 5431 2309 5478 in
2354 5435 2724 5491 tempestates,
2757 5435 2984 5489 quorum
3018 5418 3164 5471 nullo
3199 5419 3404 5486 indiget
3429 5432 3530 5469 nec
3569 5418 3735 5483 Spiri-

2171 5521 2335 5575 tualis
2366 5529 2556 5571 natura
2585 5533 2704 5569 cum
2735 5519 2805 5567 sit
2840 5527 3000 5580 supra
3033 5526 3272 5572 sensum,
3304 5526 3402 5561 nec
3424 5509 3738 5561 animalium

2175 5603 2733 5674 rationisexpertium
2766 5621 2884 5658 eum
2921 5618 3028 5657 non
3065 5601 3164 5656 nisi
3195 5601 3491 5655 secundum
3517 5615 3736 5653 sensum
