4450 6444
385 334 450 395 37
1753 325 2067 386 ιιοιιιιιι
2113 324 2217 382 ιιι.
3554 319 3628 389 33

389 457 498 518 γάρ
533 446 665 515 μίαν
695 444 855 508 φύσιν
881 445 959 507 είς
1008 443 1101 496 δύο
1130 443 1324 495 διεῖλεν
1357 445 1388 511 ἡ
1441 445 1535 511 τῆς
1580 445 1802 512 γνώμης
1848 444 1960 496 διας
1993 453 2036 505 Α
2077 461 2144 496 ttn

1872 451 1960 496 ἰια-
1993 453 2036 505 Α
2077 459 2237 496 unam
2266 441 2408 493 enim
2447 450 2695 493 naturam
2725 439 2774 490 itt
2819 441 2922 490 duo
2953 437 3210 506 tlisjnntit
3238 438 3448 491 diversa
3482 443 3629 491 ass-i-

393 540 553 609 φορά,
577 539 672 590 καὶ
705 539 830 598 τοὺς
855 536 1084 598 πολλοὺς
1115 538 1195 598 εἰς
1239 535 1332 587 δύο
1368 537 1595 600 συνῆξεν
1626 537 1656 603 ἡ
1696 537 1794 602 τῆς
1823 536 1954 600 ἀρε-

394 631 486 697 τῆς
525 629 618 680 καὶ
658 628 757 696 τῆς
788 627 986 687 κακίας
1026 627 1311 694 διαστολή·
1353 629 1445 677 καὶ
1490 627 1650 693 ἡμεῖς
1673 627 1783 695 γὰρ
1809 626 1955 677 ἔστιν

396 722 481 772 ὅτε
509 719 604 771 καὶ
635 719 727 770 τὸν
751 718 874 770 καθ’
906 717 1205 770 ὑπόστασιν
1230 716 1322 769 ἕνα
1349 715 1572 770 διπλοῦν
1597 729 1797 784 φαμεν.
1822 716 1953 768 ὅταν

397 815 494 884 ἔχη
518 809 620 881 τὴν
647 808 744 862 τοῦ
781 809 947 879 ἤθους
985 807 1235 877 διπλόην,
1270 811 1362 859 καὶ
1405 809 1529 869 τοὺς
1581 807 1808 868 πολλοὺς
1858 806 1956 858 ἕνα

397 902 580 964 πάλιν,
612 901 774 971 ἡνίκα
803 901 938 965 πρὸς
965 900 1229 969 ἀλλήλους
1250 898 1554 968 συνᾴδουσι.
1588 917 1605 949 ι
1638 897 1957 967 Προσελθὼν

397 989 488 1045 οὖν
516 992 546 1044 6
575 993 838 1061 νεώτερος
862 992 977 1052 υἱὸς
1004 985 1125 1042 εἶπε
1155 988 1232 1058 τῷ
1254 989 1424 1056 πατρί
1447 1004 1460 1018 ⁶
1505 1007 1524 1040 ι
1561 989 1788 1050 εῖκότως
1820 989 1956 1040 νεώ-

397 1099 595 1152 τερος·
641 1082 973 1153 νεωτερικὴν
1029 1083 1138 1152 γάρ
1181 1082 1279 1134 καὶ
1321 1080 1636 1149 ἀφροσύνης
1679 1081 1961 1148 γέμουσαν

402 1175 669 1243 προσάγει
699 1173 797 1242 τὴν
843 1173 1096 1242 ζήτησιν.
1134 1173 1242 1225 Καὶ
1271 1174 1305 1243 η
1358 1173 1600 1242 ἀμαρτία
1634 1171 1710 1234 δὲ,
1744 1172 1810 1240 ἢν
1843 1176 1957 1223 ivs-

403 1269 511 1319 νόει
550 1267 648 1334 τὴν
683 1267 1021 1318 ἀποστασίαν
1063 1266 1289 1326 ὠδίνων,
1321 1265 1561 1333 νεωτέρα
1609 1266 1773 1323 ἐστὶν.
1811 1266 1966 1317 ὑστε-

407 1357 626 1429 ρογενὲς
661 1355 878 1424 εὕρημα
906 1359 1168 1424 γενομένη
1190 1357 1286 1422 τῆς
1312 1358 1484 1421 κακῆς
1511 1355 1669 1424 ἡμῶν
1701 1359 1962 1425 προαιρέ-

407 1465 575 1508 σεως·
612 1447 646 1516 ἡ
679 1447 736 1500 δὲ
777 1447 945 1516 ἀρετὴ
983 1445 1313 1516 παλαιγενής
1362 1448 1528 1509 ἐστιν,
1567 1446 1623 1509 ἐξ
1665 1446 1834 1499 ἀῖδίου
1865 1447 1964 1514 μὲν

405 1539 462 1588 ὲν
496 1538 572 1606 τῷ
604 1537 723 1606 Θεῷ
745 1533 904 1601 οὖσα,
943 1539 1010 1607 τῇ
1043 1537 1100 1590 δὲ
1153 1538 1396 1607 ἡμετέρᾳ⁴
1445 1537 1544 1605 τὴν
1587 1537 1762 1606 ἀρχὴν
1812 1538 1966 1604 παρὰ

403 1629 541 1681 Θεοῦ
565 1630 704 1683 κατά
734 1630 892 1698 χάριν
917 1628 1196 1681 ἐντεθεῖσα
1242 1627 1413 1697 ψυχῇ.
1469 1629 1577 1681 Καὶ
1625 1629 1965 1695 προσελθὼν,

407 1723 591 1792 φησὶν,
631 1721 946 1790 όνεώτερος
976 1722 1090 1782 υίὸς
1143 1717 1263 1772 εἶπε
1294 1721 1371 1788 τῷ
1427 1721 1616 1789 πατρί’
1659 1739 1676 1770 ι
1738 1722 1834 1781 Δός
1877 1738 1967 1788 μοι

2068 535 2259 591 tnatio,
2291 545 2338 584 et
2391 531 2674 597 plerosque
2709 531 2758 581 in
2788 530 3000 580 duobus
3028 529 3305 594 conjunxit
3337 529 3552 582 virtutis
3576 539 3632 582 et

2061 623 2172 674 vitii
2204 623 2495 675 distim-tio.
2526 623 2602 675 lla
2633 623 2789 675 nobis
2827 621 3025 672 accidit
3057 631 3111 670 ιιι
3145 636 3302 670 unaut
3341 635 3628 686 personant

2060 713 2302 767 dicamus
2329 713 2592 779 duplicem
2635 724 2854 782 propter
2893 727 3100 764 murum
3136 711 3504 778 dttplicitatetn
3531 756 3544 777 ,
3578 721 3634 767 ct

2063 819 2252 857 rursus
2285 804 2481 856 mullos
2525 820 2722 870 unum,
2753 806 2968 872 quando
2999 804 3100 855 sibi
3145 804 3368 855 invicem
3407 818 3635 855 cousin-

2063 897 2223 947 tiunt.
2264 911 2282 946 ι
2316 896 2590 948 Acvcdeus
2613 910 2742 964 ergo
2775 896 3171 949 adulescentior
3206 893 3344 946 ﬁlius
3376 895 3515 947 dixit
3545 913 3636 962 pa-

2068 989 2174 1051 tri;
2213 1007 2230 1039 ι
2269 995 2412 1041 recte.
2443 987 2854 1049 adolescentior,
2879 1004 3000 1040 natu
3033 988 3289 1055 puerilem
3324 997 3375 1039 et
3405 989 3634 1041 stultitia

2069 1079 2323 1133 refertam
2353 1080 2596 1147 producit
2627 1078 3066 1145 postulationem.
3105 1079 3390 1132 Peccatum
3423 1094 3637 1147 quoque

2067 1173 2209 1238 quod
2248 1169 2503 1237 cogitavit
2547 1171 2637 1237 qtti
2695 1169 3022 1235 apostasiam
3070 1170 3305 1230 molitur,
3362 1182 3634 1222 recentum

2067 1272 2171 1325 est,
2219 1263 2579 1332 pessima'que
2631 1263 2960 1328 prmlationis
3015 1273 3210 1315 nostra:
3250 1265 3515 1318 recentius
3553 1266 3636 1314 itt-

2071 1366 2326 1418 venlmn;
2372 1356 2539 1409 virtus
2567 1366 2746 1407 autem
2786 1355 3139 1423 primogenita
3181 1365 3286 1417 est,
3341 1358 3405 1406 ab
3436 1367 3637 1408 {clt‘run

2069 1449 2284 1516 quidem
2324 1449 2373 1501 in
2403 1447 2509 1501 Deo
2536 1463 2779 1508 manens,
2815 1457 3012 1500 nostra:
3051 1461 3174 1500 vero
3196 1447 3386 1500 anitum
3411 1447 3462 1500 itt
3491 1449 3638 1517 prin-

2070 1541 2210 1603 cipio
2246 1557 2272 1592 a
2311 1543 2417 1595 Deo
2447 1557 2542 1608 per
2573 1541 2797 1607 gratiam
2840 1540 3034 1593 infusa.
3065 1542 3360 1604 Accedens,
3388 1545 3481 1607 ait,
3510 1543 3641 1595 ado-

2072 1634 2362 1686 lescentior
2410 1635 2542 1687 dixit
2589 1635 2726 1699 patri
2762 1650 2775 1685 :
2818 1651 2835 1683 t
2878 1634 2946 1684 [)a
2995 1635 3123 1686 milii
3159 1638 3455 1701 portionem
3514 1635 3639 1690 sub-

2073 1727 2284 1777 stantiae
2308 1739 2427 1793 qum
2458 1739 2542 1776 me
2576 1725 2890 1794 contiugitn
2924 1725 2968 1778 0
3017 1727 3280 1779 stultitia!
3315 1743 3416 1779 non
3443 1728 3639 1788 oravit.

403 1817 464 1866 τὸ
491 1813 780 1866 ἐπιϐάλλον
812 1814 977 1879 μέρος
1001 1813 1100 1880 τῆς
1129 1813 1338 1873 οὐσίας.
1369 1830 1387 1862 ι
1429 1811 1600 1864 Βαϐαλ⁸
1641 1813 1737 1878 τῆς
1789 1814 1961 1878 ἁφρο-
1995 1794 2037 1852 Β
2068 1828 2160 1865 nor

1882 1829 1961 1861 90-
1995 1794 2037 1852 Β
2068 1828 2170 1865 non
2206 1812 2484 1880 ﬂagitavit.
2517 1813 2790 1867 scd-mere
2817 1814 2985 1876 dixit,
3020 1830 3116 1868 nec
3151 1815 3251 1869 hoc
3277 1824 3510 1880 tantum,
3546 1818 3639 1870 sed

407 1904 613 1972 σύνηςι
650 1904 712 1956 οὐ
743 1907 1103 1972 προσέπεσεν,
1154 1905 1251 1973 οὐχ
1280 1905 1583 1969 ἱκέτευσεν,
1623 1904 1740 1955 ἀλλ’
1779 1904 1964 1966 ἁπλῶς

404 1990 567 2048 eius‘
621 1997 714 2048 καὶ
742 1998 803 2048 οὐ
852 1996 1011 2050 τοῦτο
1065 2000 1245 2066 μόνον,
1293 1997 1428 2050 ἀλλᾶ
1479 1999 1574 2050 καὶ
1617 1997 1693 2058 ὡς
1741 1996 1964 2064 ὀφειλὴν

406 2089 635 2140 ἀπαιτεῖ
662 2088 813 2158 παρὰ
850 2087 942 2142 τοῦ
988 2091 1123 2142 πᾶσι
1178 2090 1320 2142 κατά
1373 2090 1534 2158 χάριν
1583 2088 1834 2149 διδόντος.
1873 2089 1970 2150 Δός

408 2197 501 2250 μοι
525 2180 587 2232 τὸ
634 2181 926 2234 ἐπιϐάλλον
953 2180 1118 2251 μέρος
1148 2182 1248 2249 τῆς
1278 2182 1489 2246 οὐσίας,
1514 2182 1574 2232 τὸ
1602 2182 1744 2233 κατά
1774 2181 1972 2248 νόμους

405 2273 530 2340 ἐμοὶ
569 2273 867 2342 προσῆκον,
902 2274 1002 2338 τὴν
1032 2272 1173 2324 κατὰ
1222 2272 1283 2324 τὸ
1335 2271 1544 2325 δίκαιον
1574 2272 1846 2340 ἡμετέραν
1879 2289 1974 2338 με-

408 2363 552 2430 ρίδα.
584 2364 694 2416 Καὶ
751 2365 835 2425 τίς
896 2364 1081 2430 νόμος,
1123 2365 1220 2414 καὶ
1253 2362 1417 2414 πόθεν
1449 2361 1656 2413 δίκαιον
1690 2357 1973 2427 ὀφειλέτας

406 2446 692 2512 εἶναιτοῖς
747 2453 904 2504 παισὶ
960 2453 1088 2513 τοὺς
1152 2451 1430 2520 πατέραςς
1481 2449 1804 2501 Τούναντίον
1867 2450 1964 2517 μὲν

408 2540 502 2592 οὖν
573 2541 775 2608 μᾶλλον
830 2544 938 2604 τοῖς
991 2543 1264 2610 πατράσιν
1320 2541 1558 2608 ὀφείλειν
1595 2543 1722 2597 τοὺς
1773 2538 1969 2600 παῖδας

2071 1904 2224 1969 quasi
2259 1903 2499 1956 tlcbitntn
2537 1903 2700 1972 exigit
2735 1905 2803 1958 ab
2829 1919 2894 1958 eo
2928 1906 3016 1973 qui
3053 1906 3302 1960 omnibus
3343 1910 3510 1976 gratis
3544 1909 3641 1958 do-

2066 2001 2173 2045 nat.
2206 1991 2275 2044 D.t
2297 1993 2426 2044 milii
2455 1993 2750 2060 portionem
2772 1996 3086 2049 StlltsL’tllliKB
3107 2013 3224 2065 qua:
3252 2013 3333 2051 nte
3360 1999 3639 2068 contingit,

2071 2099 2188 2152 quin
2227 2083 2357 2135 milii
2407 2098 2502 2152 per
2554 2085 2696 2152 leges
2736 2085 3012 2152 tribuitur,
3062 2103 3180 2154 quae
3230 2103 3294 2140 ex
3325 2088 3447 2154 jure
3490 2092 3643 2143 nobis

2069 2177 2317 2243 partitur.
2352 2175 2415 2228 Et
2448 2191 2548 2243 qua
2585 2176 2733 2244 lege?
2775 2191 2882 2243 quo
2931 2180 3052 2242 jure
3080 2191 3258 2243 patres
3293 2180 3521 2232 liliorutn
3555 2185 3645 2234 de-

2072 2270 2272 2321 bitores
2301 2277 2426 2322 sunt
2454 2269 2775 2321 constituti?
2811 2269 2999 2323 Nonne
3037 2283 3256 2323 econtra
3293 2283 3501 2339 patrum
3549 2273 3644 2324 tle-

2073 2358 2273 2411 bitores
2310 2370 2432 2410 esse
2479 2357 2685 2412 liberos
2722 2369 2910 2411 natura
2953 2361 3066 2426 ipsa
3102 2363 3357 2425 OSIendit,
3401 2377 3528 2415 cunt
3573 2376 3643 2416 ex

2071 2449 2149 2503 cis
2179 2448 2342 2502 vitam
2371 2449 2712 2517 acceperint?
2746 2449 2850 2505 Sed
2877 2451 2974 2505 ista
3002 2468 3212 2521 quoque
3235 2462 3468 2507 mentem
3492 2454 3649 2524 juve-

2074 2538 2236 2593 nilem
2272 2540 2638 2595 manifestam.

409 2636 502 2685 ausi.
525 2636 557 2704 ἡ
581 2636 737 2702 φύσις
767 2633 902 2701 αὕτη
938 2633 1286 2702 παρίστησιν,
1311 2632 1369 2695 ἐξ
1388 2633 1613 2686 ἐκείνων
1649 2633 1706 2684 τὸ
1727 2626 1866 2683 εῖναι
1897 2631 2180 2692 λαϐόντας.
2214 2629 2372 2683 Ἀλλά
2409 2633 2501 2684 καὶ
2535 2631 2695 2684 τοῦτο
2710 2631 2805 2686 τοῦ
2831 2634 3158 2702 νεωτερικοῦ
3194 2638 3571 2706 φρονήματος.

473 2749 664 2803 «Τίοῦν
711 2751 739 2802 6
774 2751 982 2820 βρέχων
1055 2751 1148 2803 ἐπὶ
1192 2751 1439 2813 δικαίους
1503 2751 1598 2803 καὶ
1659 2748 1894 2812 ἀδίκους,
1950 2749 1978 2800 6

415 2840 724 2893 ἀνατέλλων
747 2842 840 2892 τὸν
893 2842 1045 2910 ἥλιον
1105 2843 1198 2894 ἐπὶ
1247 2843 1520 2912 πονηροὺς
1564 2845 1659 2899 καὶ
1701 2840 1978 2907 ἀγαθούς;

419 2929 622 2983 Διεῖλεν
651 2931 854 2995 αὐτοῖς,
907 2933 1062 3002 φησι,
1091 2934 1182 2987 τὸν
1214 2932 1350 3002 βίον.
1397 2933 1561 3002 Ὁρᾷς
1589 2933 1671 2985 ὅτι
1727 2929 1981 2999 ἀνενδεὴς

417 3024 565 3072 ἐστιν
610 3022 638 3072 6
684 3020 976 3090 ἄνθρωπος
1018 3023 1113 3075 καὶ
1170 3022 1353 3092 πατὴρ
1402 3017 1588 3088 οὗτος;
1639 3022 1711 3074 Οὐ
1754 3020 1859 3089 γάρ
1912 3021 1978 3073 ἂν

419 3113 533 3172 τοῖς
563 3110 682 3162 δυσὶ
722 3111 906 3180 μόνοις
931 3113 1145 3179 διεῖλεν,
1179 3114 1298 3167 οὐδὲ
1348 3115 1428 3176 είς
1453 3115 1547 3167 δύο
1605 3113 1785 3182 μόνον,
1839 3113 1976 3166 ἀλλά

419 3201 514 3254 καὶ
534 3202 724 3269 τρίτην
750 3202 816 3254 ἂν
852 3202 1033 3272 ἑαυτῷ
1057 3203 1150 3256 τοῦ
1180 3204 1296 3272 βίου
1328 3204 1712 3274 παρακατέσχε
1754 3203 1973 3274 μερίδα.

428 3292 488 3343 ὐ
516 3292 594 3358 δὲ,
653 3294 728 3354 ὡς
784 3293 936 3358 Θεὸς,
992 3295 1244 3364 καθάπερ
1292 3299 1388 3348 καὶ
1440 3298 1468 3348 6
1501 3299 1784 3365 προφήτης
1844 3299 1976 3364 φησι

422 3383 605 3450 Δαϐὶδ,
645 3384 721 3453 μὴ
753 3386 941 3454 χρείαν
969 3385 1108 3455 ἔχων
1134 3387 1243 3439 τῶν
1269 3388 1400 3456 παρ’
1429 3386 1560 3456 ἡμῖν
1593 3385 1832 3454 ἀγαθῶν,
1865 3389 1980 3450 τοῖς

419 3478 542 3529 δυσὶ
581 3481 741 3530 παισὶ
771 3478 984 3541 τούτοις
1013 3479 1194 3548 μόνοις
1247 3478 1431 3542 διεῖλε,
1487 3479 1644 3547 φησὶ,
1697 3480 1788 3531 τὸν
1844 3479 1976 3548 βίον,

418 3569 666 3621 τουτέστι
712 3568 802 3621 τὸν
832 3569 1039 3637 κόσμον
1091 3570 1306 3622 ἅπαντα
1333 3585 1346 3599 '
1378 3569 1666 3637 διαιρεῖται
1695 3571 1821 3639 γὰρ,
1867 3570 1977 3622 ὦσ-

424 3675 529 3726 περ
560 3660 592 3726 ἡ
628 3658 725 3726 μία
747 3658 910 3726 φύσις
958 3661 1024 3727 τῇ
1067 3658 1311 3728 διαφόρῳ
1369 3658 1583 3728 γνώμῃ,
1616 3650 1770 3719 οὗτος
1824 3660 1852 3710 ό
1899 3652 1980 3720 εἷς

423 3752 627 3816 κόσμος
658 3751 724 3817 τῇ
757 3748 999 3816 διαφόρῳ
1030 3749 1224 3817 χρήσει
1250 3764 1264 3778 ο
1314 3751 1342 3800 6
1389 3750 1490 3817 μέν
1529 3763 1663 3818 φησι
1701 3748 1838 3816 πρὸς
1887 3750 1978 3800 τὸν

425 3839 576 3902 Θεὸν,
617 3858 636 3890 ι
671 3840 838 3906 Ὅλην
875 3840 974 3906 τὴν
1022 3839 1237 3907 ἡμέραν
1290 3837 1578 3890 διεπέτασσ
1616 3837 1748 3906 πρὸς
1781 3835 1840 3889 σε
1881 3836 1981 3900 τὰς

425 3929 611 3998 χεῖράς
647 3945 748 3997 μου
767 3944 780 3958 ·
797 3946 816 3977 ι
847 3928 960 3991 καὶ,
985 3944 1004 3977 ι
1028 3927 1287 3988 Ἐπτάκις
1309 3925 1408 3993 τῆς
1438 3925 1646 3996 ἡμέρας
1673 3925 1841 3994 ⁴ᾔνεσα
1860 3941 1972 3976 σε’»

425 4025 542 4083 καὶ,
567 4021 965 4073 «Μεσονύκτιον
985 4017 1368 4086 ἐξηγειρόμηψ
1383 4035 1401 4068 ι
1426 4017 1542 4080 καὶ,
1567 4035 1586 4068 ι
1608 4017 1909 4086 Ἐκέκραξα
1927 4020 1982 4070 ἐν

425 4110 656 4181 ἀωρξᾳί
684 4111 797 4172 καὶ,
824 4127 842 4158 ι
867 4109 1170 4177 Ἐπήλπισα
1206 4110 1297 4160 ἐπὶ
1318 4110 1440 4170 τοὺς
1455 4107 1646 4175 λόγους
1673 4123 1784 4162 σου’
1805 4127 1821 4158 i
1858 4110 1974 4173 καὶ,

431 4220 450 4251 ι
479 4202 571 4260 Είς
597 4204 694 4260 τὰς
721 4198 823 4269 14
852 4198 1064 4267 πρωῖας
1089 4199 1411 4251 ἀπέκτεινον
1432 4199 1637 4261 πάντας
1667 4200 1792 4260 τοὺς
1805 4200 1984 4268 ἀμαρ-

424 4292 627 4353 τωλοὺς
656 4293 754 4358 τῆς
785 4292 938 4355 γῆς.»
978 4293 1223 4342 τουτέστι
1253 4290 1350 4354 τάς
1375 4291 1508 4359 πρὸς
1538 4291 1868 4358 ἡδυπάθειαν
1895 4308 1980 4343 κι-

426 4380 692 4448 νουμένας
720 4381 925 4448 ὀρέξεις
969 4379 1066 4446 τῆς
1101 4377 1302 4444 σαρκὸς
1359 4379 1667 4447 ἀπέτεμνον
1689 4395 1702 4409 ·
1730 4380 1758 4431 6
1783 4381 1840 4431 δὲ
1863 4382 1982 4450 διη-

431 4471 653 4541 μερεὺει
684 4473 742 4522 ὲν
774 4471 923 4538 οἴνῳ,
959 4471 1050 4521 καὶ
1080 4472 1273 4522 σκοπεῖ
1295 4468 1397 4520 ποῦ
1431 4471 1590 4531 πότος
1638 4469 1868 4536 γίνεται,
1890 4474 1984 4525 καὶ

429 4561 929 4629 συνδιινυκτερεύει
956 4563 1073 4621 ταῖς
1094 4560 1348 4627 ἁσέμνοις
1390 4560 1484 4612 καὶ
1535 4558 1796 4627 ἀθέσμοις
1835 4567 1975 4630 πρά-

2146 2746 2284 2810 Quid
2320 2761 2448 2816 ergo
2480 2747 2565 2801 ille
2596 2749 2687 2817 qui
2720 2748 2844 2803 facit
2869 2750 3107 2818 pluviam
3136 2753 3328 2805 cadere
3367 2767 3530 2820 super
3553 2752 3645 2818 ju-

2095 2845 2207 2890 stos
2247 2846 2302 2890 et
2337 2837 2587 2903 injustos,
2617 2850 2672 2894 et
2714 2841 2880 2894 solem
2912 2842 3042 2894 oriri
3082 2857 3244 2908 super
3274 2845 3438 2897 malos
3465 2856 3517 2898 et
3555 2846 3650 2899 lio-

2079 2926 2213 2980 nos?
2255 2926 2446 2982 Divisit
2489 2929 2595 2983 illis
2665 2929 3048 2986 substantiam.
3112 2931 3340 2986 Videsne
3387 2945 3648 3000 quantum

2080 3020 2219 3072 nulla
2259 3034 2316 3074 re
2348 3019 2583 3090 indigeat
2613 3021 2773 3076 homo
2809 3031 2860 3076 et
2891 3031 3044 3090 pater
3091 3022 3237 3076 iste?
3281 3023 3452 3077 Aliter
3504 3028 3648 3079 enim

2083 3125 2187 3164 non
2237 3111 2444 3165 duobus
2483 3112 2634 3175 solis,
2670 3126 2770 3166 nec
2810 3113 2860 3164 in
2893 3115 3024 3167 duas
3066 3124 3270 3168 tantum
3303 3126 3483 3180 partes
3511 3118 3653 3171 divi-

2081 3200 2262 3266 sisset,
2293 3203 2386 3255 sed
2416 3202 2630 3256 tertiam
2657 3203 2978 3272 sibimetipsi
3009 3205 3322 3260 substantiae
3349 3208 3651 3272 portionem

2086 3300 2434 3346 reservasset.
2462 3291 2558 3345 Ille
2591 3302 2797 3357 autem,
2837 3305 3107 3361 quatenus
3139 3295 3299 3361 Deus,
3329 3310 3486 3366 prout
3521 3315 3649 3366 pro-

2085 3381 2243 3449 plteta
2267 3383 2432 3438 David
2458 3383 2594 3437 dixit
2617 3384 2683 3449 ⁸ο,
2709 3383 2971 3439 bonorum
2999 3399 3304 3443 nostrorum
3331 3409 3433 3446 non
3463 3410 3646 3463 egens.

2088 3473 2220 3526 solis
2254 3473 2371 3527 istis
2399 3475 2606 3528 duobus
2643 3476 2764 3528 liliis
2794 3477 2996 3534 divisit.
3033 3480 3226 3547 inquit,
3260 3484 3650 3551 substantiam,

2090 3565 2141 3618 id
2175 3576 2259 3619 est
2308 3567 2563 3619 mundum
2614 3568 2954 3634 universum;
2986 3585 3107 3622 nam
3137 3572 3280 3626 sicut
3317 3587 3507 3629 natura
3544 3595 3650 3632 una

2085 3657 2300 3712 diverso
2323 3658 2476 3728 signo
2504 3658 2785 3725 dividitur,
2814 3660 2887 3714 ita
2927 3670 2982 3714 et
3024 3665 3124 3715 iste
3164 3668 3396 3719 mundus
3430 3685 3528 3722 usu
3568 3675 3652 3722 di-

2089 3764 2268 3804 verso.
2322 3750 2475 3804 Alius
2521 3751 2738 3819 quidem
2784 3754 2849 3804 ad
2899 3753 3063 3806 Deum
3112 3755 3294 3810 dixit:
3339 3777 3358 3809 ι
3392 3759 3523 3813 Tota
3565 3763 3654 3815 die

2089 3840 2305 3894 extendi
2358 3855 2550 3894 manus
2585 3856 2733 3895 meas
2767 3842 2832 3894 ad
2867 3852 2917 3896 te
2949 3841 3030 3907 “;
3071 3862 3088 3894 I
3128 3855 3180 3898 ιιι
3229 3865 3240 3898 :
3291 3868 3307 3897 ι
3349 3849 3557 3917 Septies
3600 3854 3651 3906 itt

2095 3933 2182 3986 die
2215 3929 2423 3986 laudem
2454 3932 2561 3984 dixi
2596 3932 2687 3985 tibi
2717 3933 2763 3962 ⁸³
2784 3935 2858 3997 ;ι·›
2891 3944 2943 3987 et
2970 3951 2983 3988 :
3014 3953 3031 3984 t
3067 3935 3237 3990 Media
3275 3954 3429 3994 nocte
3461 3958 3487 3993 ο
3517 3944 3654 3996 lt-cto

2092 4023 2373 4092 surgebam
2427 4021 2507 4087 ";
2566 4040 2584 4072 ι
2633 4033 2686 4077 ct
2729 4041 2744 4078 :
2792 4041 2810 4074 ι
2863 4025 3101 4079 Clamavl
3144 4028 3195 4080 itt
3237 4031 3466 4092 caligine
3505 4037 3582 4097 u‘;
3631 4057 3647 4085 ι

2092 4123 2190 4167 ct:
2229 4132 2247 4164 ι
2283 4113 2500 4181 Speravi
2547 4115 2596 4166 in
2647 4115 2809 4168 verba
2843 4126 2931 4168 tua
2964 4116 3045 4181 ";
3079 4129 3136 4171 et
3184 4136 3197 4172 :
3241 4139 3258 4169 ι
3297 4121 3351 4173 lu
3391 4133 3558 4177 utatut
3584 4141 3654 4177 no

2093 4203 2478 4256 interiiciebam
2519 4218 2707 4257 omnes
2738 4213 3049 4271 peccatores
3083 4218 3238 4262 terra:
3278 4210 3345 4273 “,
3387 4231 3405 4262 ι
3449 4216 3499 4266 id
3531 4227 3608 4267 est
3633 4253 3650 4279 ,

2093 4297 2158 4348 ad
2185 4295 2512 4362 voluptatem
2541 4304 2713 4350 motas
2753 4297 3078 4364 cupiditates
3104 4302 3471 4366 atttputabant.
3501 4306 3654 4359 Alius

2096 4396 2274 4442 autem
2319 4387 2460 4442 diem
2510 4387 2621 4458 agit
2663 4389 2716 4441 in
2767 4390 2913 4456 vino,
2961 4393 3268 4446 considerat
3305 4396 3447 4448 unde
3475 4399 3657 4450 vcniat

2095 4489 2270 4548 potus,
2305 4489 2584 4548 pernoctat
2608 4481 2659 4533 in
2695 4480 2908 4534 lascivis
2945 4482 3252 4551 illicitisque
3279 4488 3551 4552 aperibtts,
3596 4498 3654 4543 et

2104 4582 2359 4640 properat
2375 4571 2440 4624 ad
2464 4571 2705 4626 occultas
2732 4571 2950 4628 frandes
2971 4577 3054 4627 vel
3079 4575 3142 4627 ad
3165 4582 3380 4643 apertas
3407 4579 3651 4645 insidias,

427 4656 564 4719 ξεσι,
598 4652 694 4705 καὶ
719 4654 936 4719 ταχύνει
972 4651 1107 4717 πρὸς
1152 4651 1379 4716 ἀφανεῖς
1429 4648 1636 4711 δόλους,
1674 4648 1705 4717 ἢ
1742 4653 1985 4719 φανερὰς
2016 4676 2061 4732 υ
2092 4664 2154 4714 ad

1898 4653 1985 4712 νὰς
2016 4676 2061 4732 ι)
2092 4664 2154 4714 ad
2193 4663 2434 4730 rapinam
2468 4665 2766 4731 capiarum,
2792 4665 2858 4718 ad
2895 4679 3087 4732 pravas
3116 4667 3443 4722 molitiones.
3469 4669 3655 4726 Nonne

429 4745 724 4807 ἐπιϐουλὰς
781 4745 876 4796 καὶ
921 4742 1217 4813 χρημάτων
1276 4741 1552 4812 ἁρπαγὰς,
1600 4743 1693 4794 καὶ
1752 4743 1984 4812 μελέτας

427 4831 853 4908 πονηράς.⁷Δρ’
910 4835 971 4886 οὐ
1025 4835 1220 4886 διεῖλον
1265 4826 1410 4886 οὗτοι
1451 4833 1550 4901 τὴν
1603 4834 1732 4902 μίαν
1794 4833 1982 4898 νύκτα,

429 4931 526 4983 καὶ
552 4928 644 4981 τὸν
666 4928 765 4980 ἕνα
799 4926 980 4994 ἥλιον,
1016 4928 1110 4979 καὶ
1141 4926 1248 4995 πρὸ
1271 4925 1473 4977 τούτων
1505 4925 1603 4993 τὴν
1637 4925 1772 4977 ἰδίαν
1801 4925 1983 4993 φύσιν,

430 5019 772 5088 ἀσυμφώνως
801 5017 1050 5085 ἀλληλοις
1092 5017 1607 5086 καταχρησάμενοις
1668 5014 1728 5066 '0
1754 5015 1811 5067 δὲ
1856 5017 1986 5078 θεὸς

429 5111 752 5179 ἀδιαιρέτως
797 5109 958 5162 διεῖλε
984 5110 1114 5161 πᾶσι
1170 5111 1352 5161 πᾶσαν
1395 5107 1493 5177 τὴν
1528 5107 1725 5171 κτίσιν,
1768 5107 1990 5176 προθεὶς

429 5203 512 5267 είς
546 5202 740 5271 χρῆσιν
769 5200 867 5270 την
893 5200 1031 5252 κατά
1056 5199 1331 5269 βούλησιν.

503 5313 524 5347 ι
562 5296 672 5347 Καὶ
707 5295 825 5361 μετ’
861 5293 922 5344 οὐ
975 5292 1171 5353 πολλὰς
1212 5294 1439 5361 ἡμέρας,
1467 5293 1617 5361 φησὶ,
1672 5292 1994 5359 συναγαγὼν

2085 4753 2167 4806 isti
2201 4767 2304 4806 non
2331 4753 2630 4807 diviserunt
2657 4757 2897 4808 eamdem
2931 4766 3165 4820 noctem,
3190 4763 3438 4813 eumdem
3464 4762 3653 4825 solem,

2085 4856 2135 4896 ct
2169 4855 2294 4897 ante
2328 4845 2430 4899 ista
2470 4848 2741 4914 propriam
2779 4859 3064 4912 naturam,
3111 4865 3236 4904 cum
3273 4866 3378 4905 non
3416 4854 3557 4906 inter
3591 4870 3651 4908 se

2088 4936 2136 4986 in
2167 4950 2261 4987 usti
2289 4937 2698 4990 consenserint?
2722 4937 2864 4992 Deus
2901 4953 3028 4993 vero
3057 4941 3261 5006 pariter
3285 4943 3534 4997 omnibus
3569 4945 3650 4996 di-

2092 5025 2214 5076 vtsit
2240 5035 2542 5089 creaturas,
2573 5027 2669 5081 ltas
2701 5028 2756 5082 itt
2802 5043 2958 5083 usum
3004 5038 3164 5097 prout
3214 5031 3500 5096 voluerint,
3542 5044 3655 5086 tra-

2095 5118 2247 5171 tlells.

2166 5316 2183 5349 ι
2219 5296 2281 5349 Et
2344 5312 2447 5351 non
2505 5308 2624 5367 post
2668 5299 2864 5352 multos
2924 5299 3058 5361 dies.
3129 5301 3244 5364 ait,
3318 5303 3656 5372 congregatis

427 5391 643 5444 ἅπαντα
669 5392 696 5442 6
718 5387 981 5456 νεώτερος
1015 5386 1148 5448 υἱὸς,
1186 5385 1538 5454 ἀπεδήμησεν
1568 5389 1644 5447 είς
1669 5385 1850 5454 χώραν
1885 5402 1990 5452 μα-
2089 5403 2184 5441 om]

1894 5403 1990 5450 ;ta-
2089 5389 2358 5452 omnibus,
2382 5390 2778 5443 adolescentior
2816 5388 2956 5442 fiiius
2981 5406 3202 5459 peregre
3239 5393 3651 5457 proﬁciscitur.»

427 5482 586 5551 κράν.
622 5497 641 5532 ι
676 5479 796 5541 Πῶς
847 5480 946 5530 οὐκ
991 5477 1169 5541 εὐθὺς,
1206 5477 1407 5529 ἀλλὀὺ
1444 5477 1580 5543 μετά
1624 5476 1844 5540 πολλὰς,
1874 5477 1990 5545 ἢτοι
2088 5480 2184 5533 Cm

1901 5491 1990 5545 ιτοι
2088 5480 2196 5533 Cur
2230 5496 2333 5535 non
2363 5481 2568 5543 statim,
2601 5482 2692 5534 sed
2728 5498 2829 5534 non
2869 5494 2989 5548 post
3021 5484 3215 5536 multos
3242 5483 3376 5544 dies,
3409 5498 3502 5537 seu
3535 5492 3658 5551 post

431 5575 550 5643 μετ’
579 5571 762 5638 ὀλίγας
807 5571 1155 5641 ἀπεδήμησεν
1207 5570 1452 5640 ὴμέραςς
1487 5567 1548 5620 '0
1580 5567 1810 5636 πονηρὸς
1856 5567 1989 5621 ὑπε-
2093 5588 2188 5639 pati

1901 5585 1989 5621 ιτς·-
2093 5587 2290 5639 paucos
2330 5573 2447 5628 dies
2483 5571 2756 5642 profectus
2792 5573 2912 5626 est?
2941 5571 3230 5627 Perversus
3263 5574 3516 5626 sedurtor
3540 5573 3658 5626 dia-

499 5714 547 5744 “
593 5713 736 5768 Psal.
792 5726 886 5772 xv.
940 5713 994 5766 2.
1073 5710 1114 5741 δ’
1153 5708 1294 5763 Psal.
1336 5722 1574 5773 Lxxxvu,
1608 5706 1692 5761 {0.
1771 5705 1816 5735 δ’
1845 5705 1987 5758 Psal.
2021 5721 2213 5774 cxvtu,
2252 5708 2375 5764 liii.
2456 5709 2503 5742 “
2535 5709 2666 5764 ibid.
2701 5708 2789 5763 62.
2869 5709 2912 5738 “
2941 5707 3084 5763 Psal.
3113 5723 3258 5775 cxtx,
3294 5710 3346 5764 1.
3427 5711 3470 5743 ⁵³
3507 5709 3654 5766 Psal.

427 5799 614 5849 ειοςιιι,
652 5785 741 5838 42.
816 5785 862 5813 ⁵⁸
893 5779 1038 5838 Psal.
1070 5796 1116 5847 c,
1149 5785 1203 5835 8.
