4450 6444
310 327 362 389 Η
1683 326 2013 388 llOMlLlA

1806 326 2013 388 lllLlA
2067 330 2146 387 Ill
3491 322 3563 390 42

312 445 414 505 ταῖς
453 440 615 495 αὑτοῦ
651 440 980 510 παραλόγοις
1031 440 1267 511 ὀρέξεσι,
1312 441 1408 492 καὶ
1437 438 1883 508 ἀνθρωποκτόνος
1916 442 1960 498 Α
1994 446 2069 495 bet

1806 454 1883 499 νος
1916 442 1960 498 Δ
1994 444 2130 495 beul
2169 444 2225 493 lit
2259 446 2439 507 Immo,
2487 457 2590 494 nun
2629 449 2835 493 tantum
2868 440 3132 508 junientis
3179 439 3563 508 insipientibus

313 534 445 603 φεῦί
502 533 788 604 ἅνθρωπος
844 534 1092 601 γίνεται,
1144 533 1205 585 οὐ
1268 533 1429 602 μόνον
1492 532 1606 593 τοῖς
1655 531 1879 598 κτήνεσι

311 631 407 690 τοίς
438 627 689 697 ἀνοήτοις
741 625 1054 697 ὀμοιωθεὶς,
1108 625 1245 680 ἀλλὰ
1302 625 1396 678 καὶ
1452 625 1563 686 τοῖς
1629 623 1881 690 ἑρπετοῖς

312 719 392 773 καὶ
425 718 647 780 ἰοϐόλοις
711 718 820 769 τῶν
866 718 1042 781 ζώων,
1099 716 1383 784 σκορπίος,
1437 713 1580 782 ὄφις,
1634 714 1882 781 γέννημα

312 811 517 880 ἐχιδνῶν
555 809 819 877 γεγονὼς,
852 811 880 862 6
913 810 970 862 tv
1005 810 1141 872 υἰοῖς
1165 807 1302 862 Θεοῦ
1330 807 1683 875 τεταγμένος.
1733 801 1883 869 Εἰόες

315 893 414 963 πῶς
470 901 820 970 διεσκόρπισε
869 901 963 954 καὶ
996 899 1244 954 ἀπώλεσε
1291 900 1391 969 τὴν
1447 898 1635 952 οὐσίαν
1673 896 1880 960 αὐτοῧ;

316 996 469 1048 «Kal.
501 995 846 1064 δαπανήσας,
902 994 1060 1063 φησὶ,
1126 994 1308 1046 πάντα
1359 993 1388 1046 6
1436 993 1699 1059 νεώτερος
1747 990 1880 1054 υίὸς,

312 1087 499 1156 ήρξατο
523 1086 889 1156 ὑστερεῖσθαι.
935 1103 956 1137 ι
989 1084 1083 1146 Ei;
1109 1082 1271 1152 λιμὸν
1306 1081 1588 1151 ἐμπεσὼν,
1655 1081 1769 1136 ἀλλ’
1796 1081 1886 1133 οὗ-

411 1182 544 1249 πρὶς
570 1178 908 1250 ἐπιστροφὴν
931 1176 1126 1246 ἐόλεψε
1167 1190 1180 1204 ⁶
1222 1178 1314 1228 καὶ
1359 1176 1468 1245 γὰρ
1517 1171 1585 1244 ἦν
1639 1174 1879 1236 ἄσωτος·

310 1275 378 1326 διὸ
411 1293 426 1323 ι
467 1274 573 1325 Καὶ
609 1271 899 1342 πορευθεὶς
929 1270 1194 1337 ἐκολλήθη
1232 1268 1314 1321 ἑνὶ
1338 1268 1447 1321 τῶν
1495 1267 1726 1320 πολιτῶν
1788 1269 1885 1334 τῆς

313 1366 477 1434 χώρα,
505 1364 746 1432 ἐκείνης,
784 1365 880 1417 καὶ
914 1362 1164 1432 ἔπεμψεν
1191 1360 1358 1414 αὑτὸν
1391 1362 1471 1422 είς
1501 1363 1630 1423 τοὺς
1678 1362 1882 1431 ἀγροὺς

312 1456 464 1510 αὑτοῦ
495 1455 710 1527 βόσκειν
745 1457 984 1527 χοίρους.
1027 1475 1045 1507 ι

373 1550 526 1614 Τίνες
554 1549 610 1602 δὲ
633 1549 683 1602 οἰ
706 1549 808 1619 τῆς
841 1551 1061 1619 μακρὰν
1088 1548 1257 1620 οὔσης
1285 1550 1376 1603 τοῦ
1400 1549 1536 1603 Θεοῦ
1567 1547 1749 1619 χώρας
1789 1565 1882 1599 πο-

311 1643 440 1696 λίται
469 1643 565 1696 καὶ
599 1643 926 1711 πολιτάρχαι
952 1661 965 1707 ;
1012 1641 1232 1705 Πάντως
1258 1644 1305 1695 οἱ
1337 1643 1588 1709 δαίμονες
1618 1659 1632 1672 ο
1687 1640 1777 1709 ὑφ’
1810 1632 1887 1692 ῶν

313 1736 688 1806 πορνοϐοσκὸς,
720 1737 818 1790 καὶ
845 1735 1244 1806 ἀρχιτελώνης,
1268 1740 1359 1789 καὶ
1403 1735 1758 1809 ἀρχιλῃστὴς,
1793 1735 1887 1786 καὶ

1987 542 2356 600 οοιιιρκιιιιιιιυι,
2385 535 2480 586 sed
2511 533 2674 586 ctiam
2709 530 3027 600 repentibus
3059 541 3112 585 et
3141 535 3422 587 venenatis
3452 537 3562 586 ani-

1988 623 2244 691 malibus,
2274 623 2510 692 scorpio.
2542 637 2791 693 serpens,
2855 622 3104 688 genimeu
3141 623 3450 692 viperarum
3482 623 3567 675 fa-

1987 727 2107 770 ctus
2136 757 2150 780 ,
2181 717 2268 783 qui
2324 716 2463 770 inter
2514 715 2652 769 ﬁlios
2699 715 2791 769 Dei
2846 717 3257 769 nuuierabatur.
3301 713 3571 769 Vidistine

1988 807 2260 874 quomodo
2291 807 2578 875 dissipat-it
2609 817 2664 861 et
2698 805 2933 875 perdidit
2981 807 3337 858 substantiam
3369 822 3520 858 suam
3548 804 3575 857 ἲ

1993 915 2012 948 ι
2051 896 2115 951 Et
2149 908 2430 966 postquam
2464 899 2646 952 omnia
2695 905 3128 952 consummasset
3173 897 3576 952 adolescentior

1991 989 2153 1056 illius,
2182 994 2348 1060 erepit
2382 1007 2557 1062 egere.
2584 1013 2602 1044 ι
2635 992 2691 1046 lu
2730 991 2926 1045 famem
2957 990 3166 1053 incidit,
3206 990 3298 1044 sed
3333 993 3570 1044 nondum

1988 1087 2054 1140 ad
2099 1087 2330 1139 reditum
2382 1087 2657 1155 respexit;
2697 1095 2814 1138 erat
2849 1087 2992 1137 enim
3036 1086 3370 1147 dissolutus;
3426 1084 3570 1149 ideo,

1995 1199 2014 1231 ι
2052 1179 2253 1233 Abiens
2308 1178 2538 1234 adhaesit
2593 1179 2685 1232 nui
2745 1178 2944 1232 civium
2984 1179 3128 1233 illius
3190 1181 3449 1248 regionis.
3508 1180 3574 1235 Et

1991 1272 2137 1327 misit
2171 1272 2318 1326 illum
2354 1272 2404 1324 iu
2441 1272 2623 1324 villam
2657 1286 2811 1325 suam
2853 1280 2906 1322 ut
2941 1281 3190 1338 pasceret
3226 1288 3437 1340 porcos.
3477 1291 3494 1322 ι

2064 1547 2169 1601 Sed
2211 1548 2434 1613 quinam
2487 1546 2724 1616 regionis
2757 1562 2785 1599 a
2834 1544 2946 1599 Deo
3001 1546 3308 1616 longinquae
3337 1549 3482 1603 cives
3520 1559 3577 1604 et

1992 1641 2307 1709 principes?
2336 1639 2570 1694 Omnino
2601 1640 2894 1706 daemones,
2937 1656 3032 1709 pro
3058 1641 3256 1709 quibus
3287 1640 3574 1695 libidinum

1993 1733 2250 1794 nutritor.
2284 1732 2700 1802 publicanorum
2743 1732 3035 1799 furtimque
3063 1743 3228 1802 caput
3263 1743 3316 1786 et
3347 1734 3454 1788 dux
3488 1750 3575 1789 se-

313 1801 637 1898 στασιάρχης
686 1801 985 1898 κατέστη-ό
1020 1827 1134 1890 υίὸς
1170 1801 1264 1880 τοῦ
1319 1801 1599 1897 οὐρανίου..
1631 1801 1844 1893 Πατρός
1872 1839 1886 1854 ο
1919 1801 1966 1863 Β
1995 1825 2070 1879 dit

1819 1843 1844 1887 ς
1872 1839 1886 1854 °
1919 1801 1966 1863 Β
1995 1825 2219 1879 ditionis
2258 1801 2596 1878 constitutus
2628 1834 2708 1878 est
2742 1825 2978 1878 crelcstis
3018 1801 3194 1880 Patris
3230 1827 3372 1880 illius
3399 1844 3412 1890 ;
3452 1843 3573 1880 nam

312 1923 411 1976 πᾶν
441 1924 540 1991 μὲν
594 1919 704 1991 γὰρ
743 1920 912 1983 πάθος
955 1920 1045 1974 διὰ
1099 1919 1200 1992 τὴν
1241 1919 1417 1988 ἀκραν
1478 1917 1830 1988 ἀκαθαρσίαν
1863 1920 1892 1971 6

310 2015 565 2087 χοιρώδης
596 2014 932 2068 αἰνίττεται·
971 2016 1144 2085 χοῖροι
1176 2014 1232 2066 δέ
1274 2015 1413 2067 εἰσιν
1443 2013 1595 2084 οἰτῷ
1643 2011 1891 2083 βορῦόρῳ

309 2110 410 2163 τῶν
461 2109 650 2163 παθῶν
703 2107 909 2162 τούτων
982 2107 1476 2178 ἑγκυλινδούμενοι,
1550 2102 1627 2161 ῶν
1683 2107 1890 2170 ἐκεῖνος

311 2207 562 2279 προστὰς,
594 2208 666 2269 ὼς
695 2205 816 2260 καθ’
845 2205 1187 2275 ἡδυπάθειαν
1223 2205 1507 2273 ὑπερέχων
1554 2201 1758 2266 αὐτῶν,
1788 2201 1888 2254 οὐκ

309 2301 537 2371 ἠδύνατο
574 2299 900 2369 κορεσθῆναι
933 2298 1042 2351 ἀπὺ
1099 2298 1209 2350 τῶν
1271 2296 1540 2359 κερατίων
1590 2290 1665 2350 ὧν
1699 2296 1889 2366 ἤσθιον

309 2393 354 2446 εἰ
382 2394 573 2460 χοῖροι,
619 2392 866 2442 τουτέστι
893 2391 1051 2456 κόρον
1087 2390 1182 2458 τῆς
1212 2389 1417 2452 οἰκείας
1447 2389 1743 2458 ἐπιθυμίας
1793 2389 1888 2441 λαο

311 2482 420 2534 ϐεεν
448 2484 546 2534 οὐκ
581 2481 828 2548 ὴδύνατο.
871 2479 991 2544 Πῶς
1026 2481 1059 2549 ἡ
1114 2478 1208 2532 τοῦ
1270 2479 1522 2548 σώματος
1569 2479 1734 2547 φύσις
1789 2479 1890 2531 οὐκ

311 2578 465 2644 ἀρκεῖ
521 2575 616 2626 τοῦ
675 2573 975 2626 ἀκολάστου
1039 2574 1334 2642 ὑπηρετεῖν
1381 2574 1500 2634 ταῖς
1552 2573 1786 2642 όρμαίς;
1831 2573 1890 2624 '0

310 2669 501 2735 χρυσθις
542 2665 624 2733 ἢὸ
646 2664 905 2733 ἄργυρος,
934 2663 1014 2734 τῷ
1049 2663 1366 2734 φιλοχρύσῳ
1412 2663 1507 2716 καὶ
1566 2661 1892 2733 φιλαργύρῳ

313 2757 711 2828 προσγεγονὼς,
744 2761 842 2827 τὴν
870 2756 1074 2809 ἔνδειαν
1104 2757 1330 2826 ηὒξησε,
1363 2756 1458 2808 καὶ
1487 2755 1607 2808 καθ’
1643 2757 1766 2808 ὅσον
1824 2756 1892 2808 ἂν

311 2851 469 2912 πολὺς
504 2850 827 2921 ὲπιρόεύσῃ,
871 2849 1015 2903 κατὰ
1045 2849 1272 2901 τοσοῦτο
1323 2847 1565 2910 πλείονος
1603 2847 1892 2917 ἐπιθυμεῖν

311 2943 719 3010 παρεσκεύασεν
749 2958 763 2972 ·
805 2943 833 2993 ὁ
863 2943 1063 3010 κόσμος
1098 2940 1244 3004 ἅπας
1284 2939 1456 3010 μόλις,
1513 2939 1654 3010 τάχα
1682 2941 1738 2993 δὲ
1772 2941 1893 2995 οὐδὲ

313 3034 464 3102 μόλις
494 3033 722 3101 ἀρκέσει
754 3033 1056 3106 πλεονέκτῃ
1110 3037 1207 3089 καὶ
1257 3032 1507 3104 φιλόρχῳ
1566 3034 1670 3088 ἑνί.
1739 3034 1894 3087 Ἐπεὶ

307 3121 401 3180 οὖν
435 3126 617 3179 πολλοὶ
656 3127 755 3197 μὲν
785 3121 954 3191 οὗτοι,
997 3128 1199 3196 κόσμος
1223 3126 1279 3180 δὲ
1309 3121 1412 3192 εἷς,
1441 3126 1559 3190 πῶς
1586 3126 1694 3198 ἄρα
1728 3128 1887 3198 δυνή-
1919 3164 1963 3223 c

310 3221 462 3273 σεταί
494 3235 576 3283 τις
618 3219 798 3274 αὐτῶν
826 3221 924 3290 τῆς
965 3219 1174 3282 οἰκείας
1233 3219 1532 3289 ἐπιθυμίας
1581 3220 1744 3288 κόρον
1793 3222 1885 3274 εὑ-

309 3316 458 3384 ρείνς
493 3311 649 3366 Οὕτω
672 3312 849 3364 τοίνυν
878 3312 973 3364 καὶ
999 3311 1028 3362 6
1053 3309 1146 3364 τοῦ
1165 3309 1298 3363 Θεοῦ
1334 3312 1722 3381 ἀποστατήσας
1748 3313 1890 3364 ἐκείο

306 3421 395 3467 νος
448 3405 546 3457 οὐκ
592 3404 824 3473 ἠδύνατο
885 3402 1253 3473 χορτασθῆναι
1296 3419 1310 3449 τ
1381 3401 1500 3454 οὐδὲ
1549 3403 1658 3470 γὰρ
1718 3403 1889 3455 ἐδίδου

307 3515 412 3559 τις,
438 3499 590 3565 φησὶ,
619 3496 710 3547 τὸν
741 3496 901 3564 κόρον
927 3493 1079 3565 αὺτῷ
1104 3509 1119 3526 ⁸
1151 3495 1233 3557 τίς
1263 3494 1373 3566 γάρ
1405 3496 1473 3548 ἂν
1517 3495 1609 3549 καὶ
1642 3495 1844 3550 ἔδωκεν
1874 3516 1887 3562 ;

303 3593 334 3642 6
367 3588 499 3650 Θεὸς
532 3589 697 3656 ἀπῆν,
733 3580 794 3640 οὗ
828 3588 925 3640 καὶ
951 3590 1015 3658 τῇ
1045 3587 1143 3658 θέᾳ
1177 3589 1312 3658 μόνῃ
1368 3589 1528 3658 κόρος
1579 3589 1892 3659 ἀνεπαχθὴς

307 3680 385 3748 τε,
419 3677 612 3747 ὁρῶντι
640 3676 1014 3749 προσγίνεται,
1056 3678 1198 3732 κατά
1242 3677 1335 3732 τὸν
1387 3677 1611 3730 εἰπόντα
1643 3694 1657 3708 ο
1693 3696 1712 3729 ι
1752 3679 1892 3748 Χορ-

305 3769 650 3840 τασθήσομαι
685 3771 741 3821 ἐν
780 3769 856 3839 τῷ
888 3770 1120 3839 ὀφθῆναι
1154 3788 1242 3838 μοι
1288 3771 1388 3841 τὴν
1423 3769 1583 3835 δόξαν
1615 3788 1728 3824 σου.
1772 3790 1789 3822 ι
1831 3772 1891 3824 Ὁ

305 3863 552 3926 διάϐολος
605 3864 704 3915 οὐκ
761 3862 935 3915 ἐθέλει
967 3862 1125 3931 κόρον
1157 3866 1462 3933 παρασχεῖν
1488 3863 1596 3916 τῶν
1646 3865 1889 3933 αἰσχρῶν

304 3954 639 4023 ἐπιθυμιῶν,
674 3955 796 4006 ἐπεὶ
833 3956 1141 4023 μεταϐολὴν
1168 3954 1264 4022 τῆς
1295 3956 1434 4025 πρὸς
1475 3955 1615 4010 αὐτὰ
1653 3942 1891 4026 σχέσεως

305 4047 370 4097 ὲν
395 4047 504 4107 τοῖς
536 4046 792 4114 τρεπτοῖς
825 4046 852 4098 6
878 4044 1039 4116 κόρος
1090 4046 1419 4115 ἐργάζεσθαι
1465 4047 1710 4117 πέφυκεν
1739 4065 1753 4079 ο
1819 4049 1894 4100 εί-

308 4139 487 4199 κότως
516 4137 610 4190 οὖν
645 4137 821 4198 οὐδεὶς
850 4137 1023 4190 ἐδίδου
1046 4138 1136 4190 τὸν
1175 4139 1333 4207 κόρον
1363 4137 1535 4209 αὐτῷ.

383 4229 551 4292 Μόλις
579 4227 708 4280 ποτὲ
737 4229 912 4280 τοίνυν
942 4229 1026 4295 ἐφ’
1049 4229 1242 4282 ἑαυτοῦ
1261 4230 1542 4298 γενόμενος
1575 4233 1603 4283 6
1629 4231 1891 4302 ἀποσκιρ-

300 4322 482 4388 τήσας
517 4318 842 4388 τοῦ,πατρὸς
873 4323 1100 4386 ἐκεῖνος,
1133 4321 1228 4372 καὶ
1249 4316 1306 4373 οί
1330 4321 1521 4374 κακῶν
1554 4321 1786 4390 ἔφθασεν
1808 4327 1889 4376 ὲν-

301 4410 530 4476 νοήσας,
567 4407 948 4460 ἀπεκλαύσατο
980 4409 1192 4473 ἑαυτὸν,
1239 4409 1413 4478 λέγων
1446 4428 1459 4441 ο
1520 4429 1536 4461 ι
1577 4413 1738 4464 Πόσοι
1799 4415 1887 4482 μί-

1994 1918 2172 1974 omnis
2202 1920 2419 1989 quidem
2452 1919 2721 1988 cupiditas
2765 1919 2882 1984 jure
2918 1927 3140 1988 propter
3176 1935 3445 1974 summam
3475 1920 3571 1973 obl-

1994 2013 2314 2069 scenitatem
2363 2016 2585 2084 porcina
2621 2018 2956 2088 appellatur;
3011 2021 3160 2090 porci
3213 2030 3397 2077 autem
3451 2033 3580 2077 sunt

1993 2101 2050 2158 in
2107 2105 2221 2162 luto
2269 2107 2631 2176 cupiditatum
2697 2125 2755 2163 se
2819 2111 3158 2176 volutantes,
3202 2127 3435 2182 quorum
3490 2113 3577 2168 ille

1993 2199 2271 2270 princeps,
2314 2202 2441 2271 quia
2495 2203 2838 2271 voluptatum
2892 2206 3332 2274 concupiscentia
3387 2221 3577 2260 omnes

1993 2297 2307 2362 superabat.
2335 2311 2440 2350 non
2473 2308 2687 2365 poterat
2707 2299 2895 2353 satiari
2923 2301 2987 2353 de
3019 2301 3231 2370 siliquis
3260 2317 3396 2368 quas
3427 2301 3576 2362 porci

1996 2385 2396 2441 manducabant
2421 2428 2437 2451 ,
2475 2387 2527 2441 id
2563 2399 2644 2441 est
2667 2430 2680 2451 ,
2716 2389 3019 2443 satietatem
3051 2392 3284 2460 propria:
3316 2393 3578 2461 com-upi-

1995 2481 2218 2534 scentia’.
2269 2480 2516 2548 accipere
2567 2481 2952 2549 nonfpoterat.
2998 2482 3283 2548 Quomodo
3332 2486 3582 2552 corporis

1999 2581 2192 2627 natura
2223 2589 2326 2626 non
2371 2575 2502 2628 satis
2541 2583 2750 2641 poterat
2787 2576 3044 2645 ganeonis
3087 2577 3382 2645 impetibus
3423 2577 3575 2630 nilni-

1999 2662 2218 2718 strare?
2250 2664 2452 2716 Aurum
2487 2664 2573 2719 vel
2607 2676 2897 2735 argentum
2931 2667 3107 2721 amico
3136 2669 3253 2720 auri
3283 2679 3336 2722 ct
3366 2669 3581 2740 argenti

1998 2757 2389 2824 superveniens
2416 2796 2431 2820 ,
2477 2757 2717 2821 inopiam
2775 2759 2897 2826 ejus
2936 2760 3184 2818 adauxit.
3223 2768 3276 2812 et
3316 2773 3580 2830 quantum

2000 2849 2172 2917 magis
2193 2848 2486 2913 allluxerit,
2518 2859 2721 2902 tantum
2749 2850 2816 2903 ad
2853 2851 3057 2920 majora
3084 2855 3583 2922 concupiscendum

1999 2943 2312 3012 disposuit;
2351 2942 2585 2997 mundus
2620 2944 2910 2997 universus
2951 2943 3073 3007 vix,
3130 2959 3222 2998 seu
3254 2945 3436 3012 potius
3483 2962 3578 2997 ue-

2000 3050 2269 3104 quaquam
2308 3035 2396 3088 uni
2431 3049 2595 3088 avaro
2629 3043 2682 3088 et
2723 3036 2919 3104 cupido
2968 3034 3217 3090 suiliciet.
3256 3035 3422 3106 Igitur
3451 3052 3578 3090 cum

2000 3130 2084 3183 isti
2119 3127 2334 3199 quidem
2360 3131 2468 3182 sint
2502 3128 2678 3192 multi,
2701 3130 2931 3181 mundus
2960 3144 3090 3182 vero
3122 3143 3281 3184 unus.
3307 3130 3581 3198 quomodo

1995 3236 2124 3290 ergo
2159 3221 2357 3291 poterit
2389 3222 2510 3290 quis
2536 3236 2723 3275 eorum
2757 3236 2909 3275 suam
2955 3222 3156 3275 satiare
3184 3223 3580 3289 concupiscen-

1995 3312 2166 3366 tiam?
2206 3310 2359 3367 Unde
2398 3314 2486 3367 ille
2537 3329 2566 3367 a
2613 3313 2726 3366 Deo
2759 3313 2943 3381 procul
2982 3326 3202 3368 amotus
3234 3331 3340 3368 non
3370 3324 3583 3383 poterat

1995 3402 2218 3468 satiari;
2255 3419 2416 3457 nemo
2446 3405 2615 3468 enim,
2645 3403 2839 3472 inquit,
2862 3404 3025 3459 dabat
3049 3406 3098 3459 ei
3124 3421 3232 3474 quo
3262 3406 3578 3460 satiaretur.

1995 3492 2129 3547 Nam
2164 3494 2286 3561 quis
2326 3495 2376 3549 ei
2422 3493 2700 3549 dedisset?
2743 3494 2886 3549 Deus
2926 3496 3311 3565 aberat,cujus
3341 3495 3458 3550 solo
3493 3496 3578 3549 iu-

1998 3586 2226 3639 tuitione
2252 3584 2495 3653 jucunda
2537 3584 2741 3640 videnti
2776 3596 3092 3657 supervenit
3123 3589 3350 3642 satietas
3373 3627 3387 3652 ,
3418 3596 3581 3656 prout

1997 3678 2166 3731 David
2201 3678 2376 3730 dixit:
2408 3697 2425 3727 ι
2461 3675 2716 3731 Satiabor
2746 3694 2867 3732 eum
2903 3679 3218 3747 apparuerit
3245 3680 3373 3732 mibi
3401 3680 3578 3747 gloria

1997 3779 2085 3822 tua
2117 3770 2185 3822 ‘7.
2222 3788 2240 3820 ι
2299 3768 2557 3822 Diabolus
2607 3771 2824 3823 nolebat
2875 3771 3123 3838 turpium:
3146 3770 3264 3838 ejus
3314 3770 3580 3839 concupi-

1995 3864 2326 3916 scentiarum
2361 3862 2602 3930 praebere
2625 3863 2954 3926 satietatem,
2979 3879 3103 3916 eum
3131 3862 3238 3916 ista
3265 3863 3436 3916 soleat
3467 3878 3581 3916 iuo-

1997 3953 2131 4008 biles
2161 3956 2371 4008 animas
2406 3970 2434 4006 a
2467 3969 2562 4008 sua
2595 3956 2660 4006 ad
2715 3955 2802 4006 illa
2843 3954 3188 4022 proclivitate
3236 3963 3576 4008 convertere.

1995 4044 2188 4100 Merito
2216 4046 2378 4116 igitur
2404 4060 2560 4099 nemo
2594 4046 2642 4100 ei
2676 4061 2787 4114 quo
2814 4044 3107 4100 satiaretur
3135 4045 3317 4099 dabat.

2069 4225 2306 4279 Tandem
2341 4241 2471 4294 ergo
2512 4223 2578 4276 ad
2618 4238 2676 4278 se
2703 4238 2958 4278 reversus
2989 4224 3078 4275 ille
3131 4237 3158 4274 a
3193 4231 3344 4289 patre
3379 4223 3570 4288 procul

1995 4320 2294 4390 profecuis,
2330 4329 2510 4386 etquo
2544 4316 2870 4371 calamitatis
2903 4328 3223 4385 pervenerat
3259 4315 3576 4377 meditatus,

1989 4415 2347 4482 semetipsum
2376 4411 2612 4467 deﬂebat
2661 4410 2887 4464 dicens:
2921 4429 2937 4459 ι
2973 4414 3111 4476 Quot
3167 4410 3486 4462 mercenarii
3523 4411 3573 4462 in

303 4507 452 4552 amor
484 4497 577 4550 τοῦ
608 4500 815 4567 πατρὸς
845 4516 947 4568 μου
980 4502 1393 4569 περισσεύουσιν
1438 4503 1641 4572 ἀρτων,
1694 4505 1804 4570 ἐγὼ
1835 4505 1890 4558 δὲ
1925 4504 1967 4558 D
2000 4511 2060 4563 du

1835 4505 1890 4558 δὲ
1925 4504 1967 4558 D
2000 4511 2162 4563 domo
2194 4508 2366 4576 patris
2392 4508 2496 4561 mei
2537 4505 2817 4559 abundant
2852 4504 3109 4572 panibus,
3138 4519 3238 4573 ego
3273 4513 3451 4556 autem
3489 4501 3575 4555 hic

298 4591 451 4659 λιμῷ
481 4591 808 4659 ἀπόλλυμαι.
860 4609 879 4643 ι
909 4590 1064 4653 Τίνες
1096 4593 1143 4644 oi
1173 4592 1375 4661 μίσθιοι
1401 4610 1416 4658 ;
1448 4596 1497 4646 οἰ
1523 4593 1610 4648 διὰ
1641 4597 1750 4646 τῶν
1789 4596 1889 4663 τῆς

300 4683 598 4747 μετανοίας
656 4683 896 4751 ἱδρώτων
926 4685 1141 4752 καὶτῆς
1193 4685 1577 4750 ταπεινώσεως
1630 4683 1720 4742 οἷά
1768 4707 1888 4742 τινα

300 4774 506 4842 μισθὸν
541 4774 1042 4842 ἐπανακαλούμενοι
1075 4786 1172 4845 την
1203 4778 1501 4847 σωτηρίαν.
1561 4780 1678 4832 Υίοὶ
1710 4780 1764 4832 δέ
1812 4784 1888 4833 εί-

297 4884 392 4918 ηιν
423 4868 470 4918 οἰ
501 4868 587 4918 διὰ
610 4868 708 4937 τὴν
740 4867 873 4938 πρὸς
895 4870 1056 4921 αὐτὸν
1092 4870 1313 4940 ἀγάπην
1342 4877 1462 4937 ταῖς
1518 4875 1682 4927 αὺτοῦ
1746 4877 1891 4928 ἐντο-

293 4957 424 5019 λαῖς
458 4959 885 5028 ὑποτασσόμενοι
909 4976 922 4989 ’
963 4961 1213 5030 καθάπερ
1262 4965 1356 5016 καὶ
1383 4965 1411 5016 ό
1445 4966 1650 5037 Κύριος
1683 4961 1836 5024 εἶπεν
1868 4982 1885 5000 ο

299 5068 321 5101 ε
371 5051 435 5102 '0
457 5050 687 5116 ἀγαπῶν
711 5067 778 5120 με
804 5052 900 5115 τὰς
932 5055 1149 5118 ἐντολάς
1176 5076 1275 5126 μου
1307 5059 1558 5130 τηρήσει.
1600 5083 1618 5113 ι
1657 5061 1768 5130 Τῆς
1792 5061 1887 5114 οὖν

292 5141 584 5205 υἱοθεσίας
609 5146 636 5196 6
669 5143 932 5215 νεώτερος
961 5148 1258 5203 ἀποπεσὼν
1282 5152 1417 5216 υίὸς,
1443 5157 1537 5208 καὶ
1596 5155 1692 5222 τῆς
1734 5158 1886 5225 ίερᾶς

288 5236 560 5304 πατρίδος
597 5237 844 5290 ἐκπεσὼν
875 5239 1037 5302 ἑκών,
1067 5243 1161 5294 καὶ
1193 5243 1335 5313 λιμῷ
1359 5248 1690 5314 περιπεσὼν,
1717 5265 1885 5302 κατα-

287 5329 565 5395 γινώσκει
597 5328 791 5382 ἑαυτοῦ
834 5331 927 5384 καὶ⁴
956 5335 1334 5398 ταπεινοῦται,
1370 5339 1466 5389 καὶ
1524 5345 1778 5410 μετανοεῖ
1799 5342 1886 5395 λέ-

283 5438 414 5488 γων
454 5436 466 5451 '
498 5438 517 5473 ι
542 5421 803 5485 Ἀναστὰς
834 5423 1197 5496 πορεύσομαι,
1227 5431 1324 5506 κα).
1347 5434 1761 5504 προσπεσοῦμαι
1809 5437 1884 5505 τῷ

281 5513 497 5580 παι·ρῖ,
562 5512 655 5564 καὶ
702 5512 814 5581 ἐρῶ
851 5527 862 5536 ³
895 5513 1097 5585 Πάτερ,
1137 5516 1384 5588 ἥμαρτον
1433 5523 1512 5582 εἰς
1544 5522 1635 5572 τὸν
1659 5523 1884 5590 οὐρανὸν

281 5605 392 5657 καὶ
423 5603 659 5658 ἐνώπιόν
690 5621 806 5659 σου.
843 5626 861 5658 ι
894 5608 1090 5668 Καλῶς
1118 5609 1225 5678 ἄρα
1257 5614 1355 5681 τὴν
1393 5614 1567 5684 ἀρχὴν
1768 5615 1885 5668 ἑλέ-

367 5787 413 5814 ⁸”
458 5785 599 5840 Psal.
636 5804 744 5848 xw,
793 5791 871 5846 I5.
953 5793 995 5824 ’⁵⁸
1029 5793 1185 5849 Juau.
1225 5813 1330 5857 xw.
1366 5800 1435 5851 9.5

509 5886 778 5949 Ρλτιιοι..
809 5888 926 5952 GR.
960 5892 1084 5952 CLI

2003 4603 2147 4656 laine
2183 4616 2372 4671 pereo.
2416 4619 2434 4651 ι
2470 4598 2699 4664 Quinam
2734 4598 3104 4651 mercenarii?
3139 4598 3228 4664 ιιιιί
3265 4611 3360 4663 per
3405 4597 3577 4662 pumi-

1999 4692 2182 4746 tentia:
2221 4692 2493 4762 lacrymas
2536 4700 2590 4744 et
2645 4690 3005 4743 humilitatem
3063 4689 3218 4758 quasi
3268 4687 3574 4740 mercedem

1998 4786 2348 4838 redemerunt
2379 4783 2630 4838 salutem.
2663 4781 2786 4837 Filii
2821 4795 2999 4837 autem
3034 4793 3161 4836 sunt
3194 4785 3286 4850 qui
3321 4797 3417 4847 per
3443 4779 3576 4832 clla-

2002 4877 2213 4930 ritatem
2246 4892 2369 4946 erga
2415 4875 2568 4931 illum
2601 4877 2874 4932 mandatis
2919 4878 3037 4945 ejus
3071 4877 3273 4931 subditi
3315 4880 3568 4939 luerunt,

1996 4978 2157 5036 prout
2179 4968 2317 5020 dixit
2343 4967 2605 5022 Dominus
2635 4985 2647 5020 :
2682 4987 2698 5019 ι
2723 4968 2821 5034 Qui
2848 4969 3019 5039 diligit
3045 4987 3148 5033 me,
3174 4971 3428 5025 mandata
3454 4989 3571 5025 mea

1993 5060 2226 5114 servabit
2258 5057 2322 5112 δ’.
2371 5078 2390 5112 ι
2428 5060 2841 5116 Adolescentior
2887 5075 3014 5129 ergo
3052 5062 3193 5118 [ilius
3227 5078 3256 5116 a
3301 5065 3571 5134 dignitate

1994 5153 2090 5207 ﬁlii
2123 5154 2404 5220 escidens,
2449 5162 2504 5210 et
2559 5170 2587 5208 a
2629 5157 2803 5224 patria
2846 5167 3033 5210 sancta
3079 5171 3331 5227 egressus
3361 5175 3574 5220 necnon

1994 5245 2137 5300 fante
2173 5257 2477 5316 correptus,
2511 5249 2863 5317 semetipsum
2908 5249 3176 5318 vituperat
3206 5260 3259 5305 et
3299 5251 3571 5320 bumiliat,

1996 5355 2118 5393 cum
2153 5340 2478 5409 pwnitentia
2518 5341 2738 5394 dicens:
2765 5361 2781 5392 ι
2811 5341 3045 5411 Surgam
3070 5353 3125 5395 et
3151 5343 3239 5396 ibo
3271 5346 3334 5396 ad
3363 5353 3572 5412 patrem

2001 5454 2201 5499 uit-mn,
2236 5447 2289 5490 et
2337 5438 2625 5505 procidens
2657 5437 2836 5490 dicam
2869 5437 2917 5492 ei
2961 5455 2973 5491 :
3026 5437 3209 5500 Pater,
3261 5440 3481 5505 peccavi
3519 5440 3574 5492 in

1996 5530 2194 5585 rrelum
2230 5539 2283 5583 et
2313 5545 2494 5583 coram
2530 5540 2581 5585 te
2619 5550 2662 5580 ι.
2704 5527 2836 5584 Jurc
2880 5545 3011 5599 ergo
3052 5545 3081 5585 a
3122 5529 3392 5598 principio
3428 5533 3573 5585 dice-

2001 5624 2190 5677 ltatnus
2225 5625 2478 5692 quoniam
2506 5635 2656 5692 pater
2686 5624 2789 5680 iste
2821 5626 2960 5679 Deus
2988 5633 3070 5678 est
3102 5640 3115 5690 ;
3145 5637 3268 5676 nam
3301 5622 3574 5694 qttomodo
