4450 6444
853 336 922 400 43
2106 334 2485 396 GREGORII
2529 336 2850 397 PALAIlix‘E
4020 339 4081 394 44

851 470 902 504 ιιι
954 454 1152 502 emtum
1204 451 1447 517 peccavit
1497 457 1776 518 elongatns
1823 463 1849 500 a
1904 464 2053 517 patre
2083 450 2246 510 ﬁlius,
2299 449 2608 520 πίεῑΑγομ

2324 449 2403 503 tisi
2432 453 2482 511 Α
2507 468 2696 520 γομεν,
2758 454 2838 505 ὅτι
2890 454 2918 504 6
2955 452 3131 523 πατὴρ
3185 443 3336 513 οὗτος
3370 452 3396 503 6
3430 450 3558 512 Θεός
3604 451 3718 501 ἐστι
3755 466 3766 479 ·
3798 451 3911 511 πῶς
3978 457 4081 519 γὰρ

849 539 1085 592 cmlestis
1115 548 1254 591 esset
1288 539 1489 591 Pater?
1523 540 1608 591 Ait
1637 553 1766 606 ergo
1794 555 1806 592 :
1845 538 2066 599 Peccavi
2098 539 2148 592 in
2190 540 2406 604 malum,

849 631 1060 683 scilicet
1088 630 1141 681 in
1176 639 1394 681 sanctos
1424 630 1512 684 ani
1555 631 1606 681 in
1641 642 1779 681 cmto
1805 637 1948 691 sunt,
1980 638 2035 681 et
2064 643 2294 695 quorum
2328 630 2407 681 ci-

847 724 990 773 vitas
1018 722 1069 774 in
1100 721 1242 773 ccelo
1271 733 1563 783 versatur;
1597 731 1649 773 et
1677 735 1858 773 coram
1883 730 1932 773 te
1951 720 2040 788 qui
2061 735 2183 774 cum
2208 721 2412 773 sanctis

852 815 956 864 tuis
989 813 1040 863 in
1074 811 1212 865 cado
1250 813 1481 864 habitas.
1518 830 1534 862 ι
1568 810 1632 863 Et
1657 811 1768 876 jam
1803 826 1905 864 non
1942 826 2060 864 sum
2097 811 2293 879 dignus
2323 826 2408 862 vo-

850 905 961 954 ear-i
991 904 1133 956 filius
1163 914 1325 966 tuns;
1357 903 1440 956 fac
1479 918 1562 956 me
1587 903 1727 956 sicut
1771 919 1936 956 unum
1968 905 2032 957 de
2059 905 2413 978 mercenariis

852 990 979 1042 luis.
1014 1009 1028 1040 ι
1066 989 1365 1044 Pulchrein
1391 992 1690 1046 humilitate
1707 992 1948 1046 addidit:
1975 992 2081 1047 Fac
2105 1008 2188 1046 me
2214 1008 2228 1045 :
2253 1008 2414 1048 nemo

851 1084 996 1134 enim
1035 1098 1062 1134 a
1104 1098 1164 1136 se
1209 1083 1326 1152 ipso
1368 1083 1597 1150 suscipit
1645 1084 1844 1152 gradus
1879 1084 1945 1138 ad
1995 1085 2270 1148 virtutem,
2311 1087 2412 1140 etsi

853 1187 960 1225 non
995 1173 1110 1227 sine
1157 1172 1271 1238 ejus
1301 1187 1568 1228 consensu
1611 1185 1953 1243 assequatur.
1995 1194 2012 1226 ι
2063 1176 2128 1230 Ει
2163 1191 2411 1245 surgens,

848 1262 1050 1328 inquit,
1089 1263 1238 1316 venit
1287 1263 1353 1316 ad
1397 1274 1604 1333 patrem
1636 1279 1835 1332 suum;
1869 1281 1987 1318 cum
2019 1278 2196 1320 autem
2231 1267 2412 1321 adhuc

849 1354 1008 1422 longe
1066 1363 1278 1409 esset...
1312 1374 1329 1406 ι
1373 1353 1575 1410 Verum
1637 1357 1909 1425 quomodo
1962 1357 2107 1410 venit
2159 1365 2212 1410 et
2243 1359 2416 1410 adhuc

852 1449 1008 1515 longe
1047 1458 1202 1514 erat;
1231 1465 1398 1519 quare
1464 1450 1830 1504 misericordia
1873 1461 2048 1505 motus
2084 1460 2234 1519 pater
2290 1450 2409 1515 ejus

855 1543 950 1595 ivit
989 1544 1040 1595 in
1070 1557 1357 1596 occursum
1392 1542 1582 1596 illius?
1624 1540 1900 1596 Ptenitens
1937 1543 2099 1595 homo
2129 1557 2195 1594 ex
2234 1543 2411 1595 anima

855 1633 981 1686 dum
1027 1633 1164 1685 bona
1211 1633 1312 1685 sibi
1353 1632 1599 1699 praponit
1631 1641 1687 1684 et
1731 1645 1761 1683 a
1801 1639 2022 1697 peccato
2053 1630 2318 1699 exsurgit,
2351 1627 2412 1680 ad

855 1724 1020 1777 Deum
1061 1723 1274 1792 pergit;
1318 1723 1412 1776 sed
1442 1722 1623 1790 pravis
1661 1721 2143 1775 consuetudinibus
2179 1733 2232 1774 et
2277 1735 2414 1788 prte-

848 1813 1250 1880 snmptionibus
1273 1813 1557 1882 tyrannica
1584 1822 1831 1876 vexatus,
1855 1812 2030 1866 adhuc
2056 1811 2241 1879 procul
2265 1811 2418 1864 abest
2447 1795 2492 1852 Β
2524 1829 2606 1864 σιν
2641 1812 2803 1865 αὑτοῦ
2838 1831 2852 1878 ;

853 1921 881 1953 a
923 1901 1051 1965 Deo,
1089 1903 1346 1972 valdeque
1375 1912 1498 1972 eget
1527 1917 1761 1972 superna
1791 1903 2162 1956 misericordia
2193 1911 2246 1956 et
2269 1904 2425 1955 auxi-

853 1991 948 2059 lio,
988 1994 1030 2046 si
1057 1994 1345 2047 salvandus
1370 2003 1474 2048 est.

2513 545 2758 613 ⁴ἥμαρτεν
2787 547 2866 608 είς
2889 551 2980 598 τὸν
3008 546 3258 615 οέρανὸν,
3317 548 3346 599 6
3405 544 3791 613 ἀποστατήσας
3840 544 3933 594 τοῦ
3984 561 4084 594 πα-

2514 634 2634 702 τρὸς
2663 635 2795 697 υίὸς,
2827 638 2873 687 εί
2895 637 2967 705 μὴ
2992 637 3238 705 οὐράνιος
3265 632 3330 705 ἦν
3358 636 3384 685 6
3415 637 3595 702 Πατὴρ
3622 653 3634 694 ;
3657 636 3939 702 Ἥμαρτον
3967 629 4082 694 οὖν,

2516 727 2704 794 φησὶν,
2740 729 2819 789 εἰς
2851 729 2942 778 τον
2971 729 3220 795 οὖρα-δον.
3273 729 3553 779 τουτέστιν
3610 728 3687 788 είς
3715 727 3840 786 τοῦς
3896 728 3951 777 ὲν
4012 733 4086 792 τῷ

2514 813 2728 881 οὐρανῷ
2759 814 2967 879 ἁγίους,
3009 816 3102 864 καὶ
3132 808 3206 866 ὧν
3264 813 3324 865 τὸ
3379 815 3702 881 πολίτευμα.
3737 813 3793 861 ὲν
3839 811 4088 879 οὐρανοῖς

2516 904 2768 974 ὑπάρχει,
2798 906 2892 958 καὶ
2919 906 3147 958 ἐνώπιόν
3182 923 3299 968 σου,
3334 905 3394 967 ὃς
3435 906 3572 973 μετὰ
3622 903 3728 954 τῶν
3767 902 3876 953 σῶν
3915 903 4088 966 ἁγίων

2516 997 2574 1047 ὲν
2600 997 2676 1064 τῷ
2713 997 2926 1066 οὐρανῷ
2961 1001 3254 1058 κατοικεῖς.
3315 1016 3332 1048 ι
3372 999 3480 1049 Καὶ
3546 995 3727 1048 οὐκέτι
3775 995 3894 1065 εἰμὶ
3942 995 4091 1057 ἄξιος

2518 1089 2782 1158 κληθῆναι
2807 1091 2920 1151 υἱός
2953 1106 3047 1141 σου
3083 1106 3096 1120 ⁸
3131 1091 3355 1160 ποίησόν
3389 1107 3454 1159 με
3496 1090 3570 1150 ὼς
3601 1089 3695 1141 ἕνα
3721 1089 3827 1141 τῶν
3863 1087 4090 1156 μισθίων

2519 1200 2635 1236 σου.
2670 1200 2689 1233 ι
2731 1180 2925 1244 Καλῶς
2950 1184 3014 1250 τῇ
3049 1181 3143 1234 νῦν
3169 1182 3494 1235 ταπεινώσει
3526 1180 3880 1241 συνετισθεὶς.
3919 1182 4084 1248 Ποίη-

2519 1272 2610 1324 σόν
2648 1288 2736 1341 με,
2765 1270 2927 1339 φησίν
2962 1290 2974 1302 ⁸
3012 1272 3072 1324 οὐ
3104 1272 3212 1339 γὰρ
3252 1271 3381 1341 παρ’
3415 1270 3611 1324 ἑαυτοῦ
3669 1289 3754 1334 τις
3819 1270 4087 1338 λαμϐάνει

2518 1361 2643 1422 τοῦς
2681 1360 2799 1411 κατ’
2825 1358 3024 1428 ἀρετὴν
3062 1358 3326 1428 βαθμοὺς,
3355 1362 3402 1412 εί
3432 1363 3526 1412 καὶ
3561 1361 3635 1428 μὴ
3664 1361 3831 1429 χωρὶς
3863 1359 3960 1427 τῆς
3990 1358 4089 1410 αὑ-

2516 1451 2609 1503 τοῦ
2644 1451 3038 1520 προαιρέσεως.
3073 1469 3097 1503 ‹
3146 1451 3406 1513 Ἀναστὰς
3438 1450 3552 1515 οῦν,
3601 1453 3785 1521 φησὶν,
3815 1447 3976 1523 ἦλθεν
4011 1450 4089 1512 είς

2516 1543 2607 1594 τὸν
2635 1542 2850 1611 πατέρα
2882 1542 3047 1595 αὑτοῦ
3081 1559 3095 1574 ο
3135 1544 3215 1597 ἑτι
3264 1544 3321 1596 δὲ
3370 1544 3533 1597 αὑτοῦ
3592 1545 3811 1614 μακρὰν
3861 1544 4090 1612 ἀπέχον.

2516 1647 2627 1693 τος.
2669 1649 2686 1681 ι
2759 1630 2883 1693 Πῶς
2930 1632 2985 1685 δὲ
3033 1628 3164 1702 ἦλθε
3213 1634 3309 1685 καὶ
3368 1634 3584 1700 μακρὰν
3613 1635 3827 1702 ἀπεῖχε,
3877 1633 3957 1685 διὸ
3994 1634 4090 1685 καὶ

2520 1722 2938 1789 σπλαγχνισθεὶς
2969 1724 2996 1773 6
3027 1722 3209 1792 πατὴρ
3248 1723 3414 1776 αὐτοῦ
3441 1723 3663 1791 ἐξῆλθεν
3716 1725 3796 1785 είς
3825 1722 4088 1791 συνάντη-

2901 1814 2960 1866 ⁹Ο
3013 1815 3287 1882 μετανοῶν
3343 1816 3628 1886 ἄνθρωπος
3694 1817 3757 1868 ὲκ
3797 1815 3976 1884 ψυχῆς
4022 1817 4088 1885 τῇ

2527 1901 2624 1970 μὲν
2659 1901 2836 1971 ἀγαθῇ
2867 1902 3122 1971 προθέσει
3161 1903 3256 1955 καὶ
3285 1903 3364 1970 τῷ
3398 1907 3496 1973 τῆς
3522 1903 3795 1972 ἁμαρτίας
3829 1903 4090 1970 ἐκστῆναι

2526 1992 2716 2059 φθάνει
2747 1994 2879 2062 πρὸς
2918 1993 3010 2045 τὸν
3047 1993 3180 2046 Θεόν
3209 2011 3221 2024 ·
3260 1994 3360 2047 ὑπὸ
3388 1995 3445 2048 δὲ
3484 1995 3582 2063 τῆς
3608 1997 3782 2064 κακῆς
3808 1994 4090 2062 συνηθείας

849 2084 944 2135 καὶ
984 2083 1092 2135 τῶν
1123 2084 1440 2152 προλήψεων
1470 2085 1791 2149 λογιστικῶς
1846 2084 2296 2153 τυραννούμενος,
2337 2081 2417 2135 ἐτι
2461 2082 2676 2151 μακρὰν
2713 2084 2908 2153 ἀπέχει
2941 2084 3100 2147 Θεοῦ,
3131 2087 3228 2140 καὶ
3257 2086 3458 2156 πολλῆς
3493 2088 3662 2140 δεῖται
3729 2087 3828 2156 τῆς
3884 2088 4096 2149 ἄνωθεν

848 2178 1246 2248 εὐσπλαγχνίας
1281 2180 1374 2232 καὶ
1403 2179 1676 2250 βοηθείας,
1710 2184 1757 2233 εί
1789 2181 1973 2250 μέλλει
2005 2180 2293 2244 σώζεσθαι.

923 2273 1223 2341 Ideo.pater
1260 2276 1754 2328 misericordiarum
1791 2279 2124 2330 descendens
2147 2275 2408 2338 occurrit,

847 2374 905 2418 et
926 2365 1206 2432 amplexus
1232 2365 1436 2430 dilexit,
1464 2369 1682 2432 suisque
1705 2368 1899 2429 servis,
1925 2382 2015 2418 seu
2041 2369 2412 2422 sacerdotibus

849 2458 1012 2524 jussit
1041 2458 1230 2507 stolam
1264 2458 1492 2524 primam
1531 2457 1771 2525 proferre
1804 2458 2016 2511 scilicet
2051 2460 2142 2510 filii
2176 2459 2412 2526 dignita-

855 2559 958 2601 tem
992 2564 1154 2616 quam
1182 2549 1408 2616 primam
1441 2563 1536 2616 per
1563 2560 1807 2603 sanctum
1843 2552 2110 2619 baptisma
2145 2551 2411 2614 induerat,

851 2646 907 2689 et
928 2639 1053 2690 dare
1072 2639 1328 2691 annulum
1352 2639 1402 2691 in
1426 2655 1643 2693 manum
1666 2641 1800 2708 ejus,
1821 2641 1871 2695 id
1891 2652 1972 2695 est
1993 2643 2188 2695 actioni
2221 2643 2417 2698 animm

853 2746 973 2798 qua:
1040 2743 1133 2796 per
1199 2745 1415 2782 manum
1481 2729 1853 2784 manifestatur
1935 2733 2118 2787 indere
2182 2733 2411 2800 sigillum

853 2821 1277 2889 contemplativa
1337 2822 1590 2883 virtutis,
1639 2823 1826 2875 arrltas
1887 2822 2083 2877 futura:
2132 2823 2417 2876 haeredita-

857 2925 922 2965 llS
942 2928 957 2978 ;
979 2923 1032 2964 et
1061 2913 1450 2982 insuperjnssit
1479 2913 1594 2967 dari
1617 2915 1980 2968 calceamenta
2012 2917 2065 2969 in
2089 2916 2249 2983 pedes
2279 2916 2417 2986 ejus,

853 3001 1084 3055 ditinam
1118 3005 1447 3072 vigilantiam
1470 3016 1523 3058 et
1555 3007 1858 3062 lirmitatem
1884 3044 1901 3071 ,
1926 3007 2119 3075 quibus
2137 3009 2420 3062 roboratus

854 3095 1131 3148 ambulare
1181 3102 1345 3163 queat
1397 3110 1560 3164 super
1609 3105 1915 3166 serpentem
1947 3111 2001 3151 et
2047 3099 2413 3166 scorpionem,

2588 2269 2677 2322 Διὸ
2732 2269 2824 2322 καὶ
2879 2272 2906 2322 6
2970 2270 3154 2340 πατὴρ
3226 2271 3333 2322 τῶν
3398 2272 3699 2340 οἰκτιρμιτν
3745 2273 4093 2340 συγκαταεᾶς

2519 2364 2816 2432 ὑπήντησε,
2873 2364 2963 2414 καὶ
3010 2364 3367 2426 περιπλακεὶς
3412 2364 3777 2432 κατεφίλησε,
3833 2368 3927 2417 καὶ
3978 2368 4089 2426 τοῖς

2518 2455 2685 2508 αὐτοῦ
2715 2456 2942 2517 ἰούλοις,
2974 2457 3090 2523 ἦτοι
3125 2460 3234 2516 τοῖς
3268 2455 3450 2525 ἱερεῦσ
3478 2475 3505 2506 ν
3545 2457 3796 2508 ἐκέλευσε
3841 2459 3938 2524 τὴν
3972 2474 4090 2509 στο-

2519 2548 2617 2616 λίην
2644 2547 2804 2598 αὑτὸν
2827 2546 2923 2616 τὴν
2956 2547 3177 2615 πρώτην
3203 2547 3438 2605 ἐνδῦσαι.
3469 2549 3586 2617 ἦτοι
3642 2550 3739 2614 τὴν
3795 2549 4091 2614 υἱοθεσίαν,

2520 2639 2588 2708 ἢν
2617 2639 2711 2690 καὶ
2746 2637 2937 2706 πρώην
2999 2638 3087 2689 διὰ
3118 2638 3213 2689 τοῦ
3252 2637 3407 2704 ἁγίου
3460 2639 3828 2706 βαπτίσματος
3886 2642 4090 2709 ἠμφια-

2525 2744 2672 2789 σατο,
2701 2728 2795 2779 καὶ
2815 2726 3097 2778 δακτύλιον
3119 2725 3300 2779 δοῦναι
3324 2730 3402 2790 είς
3426 2729 3522 2795 τὴν
3555 2731 3713 2797 χεῖρα
3745 2731 3931 2793 αὑτοῦ,
3965 2747 4088 2782 του-

2520 2823 2670 2871 τέστι
2699 2819 2776 2888 τῷ
2810 2820 3098 2888 πρακτικῷ
3123 2820 3218 2886 τῆς
3243 2820 3444 2888 ψυχῆς,
3484 2821 3511 2872 ὃ
3556 2821 3806 2888 δηλοῦται
3851 2823 3936 2874 διὰ
3989 2823 4091 2890 τῆς

2525 2912 2702 2982 χειρὸς
2743 2912 2978 2963 ἐνθεῖναι
3032 2911 3298 2980 σφραγῖδα
3331 2913 3677 2980 θεωρητικῆς
3728 2916 3926 2982 ἀρετῆς
3990 2917 4092 2984 ἀρ·

2526 3003 2741 3074 ραϐῶνα
2769 3007 2865 3073 τῆς
2899 3002 3196 3072 μελλούσης
3222 3005 3609 3072 κληρονομίας,
3639 3006 3772 3057 ἀλλα
3808 3009 3901 3058 καὶ
3958 3008 4089 3059 ὐπο-

2523 3093 2736 3161 δήματα
2764 3094 2840 3154 εἰς
2868 3093 2993 3154 τοὺς
3026 3094 3214 3154 πόδας,
3267 3093 3416 3144 Θείαν
3475 3094 3721 3164 φυλακὴν
3773 3099 3863 3147 καὶ
3917 3099 4091 3164 ἀσφα-

854 3205 1063 3243 necnon
1111 3205 1270 3259 super
1323 3206 1537 3245 omnem
1592 3191 1797 3245 inimici
1848 3193 2163 3261 potentiam.
2212 3193 2414 3247 Deinde
2443 3165 2486 3222 α
2518 3183 2611 3235 λεί(

2325 3194 2414 3246 me
2443 3165 2486 3222 α
2518 3183 2668 3235 λείαν
2693 3183 3091 3250 ένδυναμοῦσαν
3109 3185 3271 3235 αὑτὸν
3301 3186 3494 3235 πατεῖν
3518 3187 3698 3237 ἐπάνω
3751 3188 3928 3253 ιφεων
3986 3190 4082 3241 καὶ

851 3283 1079 3335 vitulum
1115 3283 1267 3350 jubet
1323 3285 1630 3352 saginatum
1690 3283 1869 3338 aﬂ'erri
1912 3296 1968 3339 et
2022 3287 2196 3340 occidi
2247 3296 2304 3340 et
2357 3287 2409 3338 in

852 3391 1030 3428 escam
1061 3376 1278 3443 apponi.
1320 3375 1532 3428 Vitttltts
1598 3378 1699 3430 isle
1747 3379 1859 3445 ipse
1893 3375 2151 3431 Dominus
2193 3385 2275 3432 est
2320 3378 2410 3446 qui

854 3480 1107 3534 egressus
1135 3480 1200 3518 ex
1226 3468 1386 3535 adle
1419 3467 1714 3519 divinitatis
1747 3478 1798 3519 et
1821 3469 1884 3519 de
1910 3483 2138 3533 superna
2173 3484 2411 3521 omnium

853 3558 1002 3621 sede,
1041 3571 1247 3609 necnon
1284 3567 1337 3608 ιιι
1376 3558 1536 3609 homo
1568 3557 1618 3608 in
1657 3568 1799 3609 terra
1831 3574 1998 3623 visus,
2047 3569 2300 3626 tanquam
2338 3562 2411 3612 vi-

854 3647 1001 3698 tulus
1016 3661 1117 3710 pro
1149 3646 1304 3699 nobis
1335 3649 1712 3714 peccatoribus
1743 3649 2006 3701 occiditur
2033 3665 2047 3713 ;
2074 3661 2128 3702 et
2161 3661 2412 3717 tanquam

857 3743 1132 3806 saginatus
1179 3741 1335 3806 panis
1384 3755 1532 3793 more
1583 3743 1632 3792 in
1668 3756 1848 3794 escam
1903 3743 2056 3794 nobis
2107 3744 2412 3810 apponitur.

856 3825 1207 3881 Communem
1260 3829 1386 3882 facit
1419 3840 1604 3896 postea
1681 3829 1821 3882 Deus
1866 3829 2124 3896 lzetitiam,
2172 3847 2416 3884 commu-

861 3922 1033 3985 ιιι-ιιιιε
1061 3918 1364 3971 convivium
1389 3935 1507 3972 cum
1531 3922 1734 3974 sanctis
1753 3922 1885 3982 suis,
1914 3932 2097 3975 nostra
2117 3935 2182 3974 ex
2206 3937 2416 3975 summa

860 4009 1188 4075 benignitate
1213 4023 1497 4063 assumens
1529 4023 1581 4062 et
1606 4011 1794 4063 dicens
1827 4028 1840 4062 :
1879 4010 2097 4075 Eamus,
2135 4015 2418 4065 manduce-

863 4112 984 4150 mus
1015 4110 1067 4148 ct
1123 4100 1423 4165 epulemur.
1482 4098 1675 4153 Senior
1721 4111 1897 4152 autem
1949 4101 2091 4153 filius
2146 4101 2412 4155 irascitur.

860 4188 1046 4241 Refert
1098 4192 1199 4242 iSte
1239 4192 1367 4241 milii
1409 4187 1622 4244 Judaeos
1664 4203 1881 4258 propter
1917 4192 2248 4245 vocationem
2291 4207 2421 4260 gen-

864 4282 996 4332 tium
1065 4281 1270 4342 iratos,
1331 4279 1550 4333 Scribas
1611 4291 1664 4333 et
1717 4281 2017 4336 Pliariszeos
2087 4284 2420 4334 scandaliza-

863 4381 945 4422 tos
986 4373 1239 4436 quoniam
1291 4370 1548 4422 Dominus
1601 4381 1912 4436 peceatores
1957 4373 2178 4438 suscipit
2211 4382 2266 4423 ct
2298 4387 2418 4423 cum

2517 3275 2813 3342 σκορπίων,
2847 3277 2940 3325 καὶ
2990 3274 3082 3324 ἐπὶ
3115 3275 3296 3326 πᾶσαν
3325 3275 3424 3344 τὴν
3455 3276 3680 3343 δύναμιν
3717 3277 3808 3328 τοῦ
3867 3278 4084 3348 ἐχθροῦ.

2517 3361 2647 3416 Εἶτα
2675 3367 2766 3416 καὶ
2800 3366 2889 3415 τὸν
2932 3366 3132 3433 μόσχον
3162 3367 3374 3418 κελεύει
3418 3367 3507 3417 τὸν
3549 3367 3788 3418 σιτευτὸν
3843 3369 4086 3435 ἐνεγκεῖν

2517 3457 2609 3507 καὶ
2641 3457 2798 3506 θῦσαι
2827 3458 2920 3506 καὶ
2946 3457 3224 3524 προθεῖναι
3272 3457 3352 3518 εἷς
3387 3456 3610 3525 βρῶσιν.
3654 3459 3713 3510 Ὀ
3765 3460 3962 3529 μόσχος
4027 3462 4084 3514 δέ

2517 3549 2661 3597 ἐστιν
2685 3540 2832 3604 οὗτος
2892 3547 3052 3608 αὐτὸς
3098 3549 3125 3597 6
3172 3548 3394 3614 Κύριος.
3437 3547 3494 3608 ὃς
3542 3548 3791 3614 ἐξάγεται
3849 3552 3944 3616 μὲν
3990 3551 4085 3604 τοῦ

2518 3636 2747 3702 κρυφίου
2778 3636 2872 3700 τῆς
2901 3636 3172 3705 θεότητος,
3197 3638 3288 3688 καὶ
3323 3636 3491 3704 αὐτῆς
3516 3637 3612 3706 τῆς
3665 3641 3917 3708 ὑπεράνω
3968 3659 4085 3693 κει-

2521 3726 2686 3794 μένης
2719 3726 2810 3778 τοῦ
2841 3727 3035 3786 παντὸς
3074 3727 3257 3793 ἕδρας,
3293 3728 3388 3778 καὶ
3422 3728 3494 3789 ὼς
3523 3729 3805 3797 ἄνθρωπος
3849 3733 3938 3783 ἐπὶ
3984 3733 4086 3799 γῆς

2517 3818 2722 3881 ὀφθεὶς,
2752 3818 2825 3880 ὡς
2853 3819 3046 3886 μόσγος
3072 3819 3209 3885 ὑπὲρ
3229 3819 3384 3886 ημῶν
3429 3821 3535 3872 τῶν
3570 3821 3908 3887 ἁμαρτωλῶν
3967 3824 4089 3875 θύε-

2519 3926 2628 3971 ται,
2657 3911 2749 3960 καὶ
2777 3907 2848 3970 ὡς
2878 3909 3153 3969 σιτευτὸς,
3206 3910 3483 3962 τουτέστιν
3531 3913 3692 3979 ἄρτος
3742 3913 3823 3973 εἰς
3884 3912 4086 3981 βρῶσιν

2521 3999 2675 4067 ἡμῶν
2711 3997 3040 4066 προτίθεται.
3074 3999 3360 4065 Κοινὴν¹ὀὲ
3397 4001 3630 4052 ποιεῖται
3675 4004 3773 4069 τὴν
3830 4003 3922 4054 ἐπὶ
3965 4005 4087 4055 τού-

2520 4108 2631 4152 τοις
2671 4090 3006 4158 εὺφροσύνην
3037 4092 3128 4141 καὶ
3153 4092 3248 4157 τὴν
3278 4092 3508 4159 εὐωχίαν
3565 4095 3591 4144 6
3621 4092 3751 4155 Θεὸς
3804 4095 3940 4163 μετὰ
3978 4097 4087 4146 τῶν

2522 4182 2687 4234 αὑτοῦ
2723 4183 2918 4248 ἁγίων,
2951 4183 3013 4233 τὰ
3055 4182 3210 4250 ἡμῶν
3251 4183 3341 4234 ὑπ’
3364 4185 3538 4252 ἄκρας
3572 4185 3938 4255 οἰκειούμενος
4000 4205 4089 4254 φι-

2521 4273 2884 4341 λανθρωπίας,
2921 4274 3013 4325 καὶ
3045 4273 3219 4339 λέγων
3246 4290 3259 4303 ο
3321 4275 3486 4325 Δεῦτε
3540 4276 3800 4340 φαγόντες
3850 4278 4087 4342 εὐφραι-

2524 4365 2727 4432 Θῶμεν.
2775 4365 2910 4415 Ἀλλ’
2944 4365 3368 4430 όπρεσϐἁτερος
3433 4366 3542 4423 υἱὸς
3607 4366 3908 4432 ὀργίζεται.
3958 4367 4085 4418 Νόει

863 4461 993 4527 ipsis
1054 4459 1358 4512 tnandncat.
1431 4459 1486 4513 Si
1535 4475 1662 4512 vero
1721 4461 1833 4512 haec
1903 4462 1967 4513 de
2016 4461 2174 4528 justis
2223 4461 2418 4513 intelli-
2454 4493 2498 4548 Β
2529 4473 2615 4522 μοι

2327 4461 2418 4511 :lli-
2454 4493 2498 4548 D
2529 4473 2615 4522 μοι
2656 4455 2818 4506 πάλιν
2856 4454 2980 4512 τοὺς
3004 4454 3291 4514 Ἰουδαίους
3319 4455 3703 4521 ὀργιζομένους
3736 4456 3824 4505 ἐπὶ
3855 4459 3917 4524 τῇ
3956 4457 4084 4525 κλή-

862 4564 986 4620 gere
1047 4551 1303 4612 volueris,
1357 4552 1484 4619 quid
1531 4551 1720 4602 mirum
1770 4552 1813 4604 si
1862 4552 2041 4619 jusuts
2086 4553 2292 4620 ignorat
2339 4553 2423 4604 in-

861 4640 1376 4706 comprehensibiics
1423 4641 1615 4693 divinat
1683 4640 1940 4694 bonitatis
1988 4643 2245 4695 divitias?
2298 4644 2420 4696 Ideo

863 4735 1106 4784 linttatur
1178 4747 1300 4784 eum
1362 4732 1664 4784 communis
1716 4731 1895 4794 Pater,
1943 4732 2198 4799 justaqne
2243 4732 2418 4797 dUCt‘i,

863 4823 1042 4874 dicens
1095 4823 1158 4873 ad
1218 4821 1363 4872 illum
1395 4838 1407 4872 :
1439 4820 1519 4872 Ttt
1573 4836 1786 4889 semper
1844 4837 2050 4873 meeum
2087 4837 2167 4885 es,
2225 4822 2422 4874 imtntt-

865 4911 1040 4964 labilis
1097 4911 1291 4963 laetitiae
1353 4913 1658 4979 particeps;
1715 4910 1918 4978 epulari
1970 4919 2146 4963 autem
2194 4920 2247 4963 et
2296 4925 2422 4974 gau-

863 5004 990 5055 dere
1058 5003 1337 5069 Oportebat
1412 5004 1535 5069 quia
1611 5002 1777 5055 frater
1857 5014 1978 5054 tuus
2034 5004 2120 5056 ltic
2181 5015 2421 5056 mortuus

861 5103 998 5154 erat,
1043 5102 1096 5144 et
1135 5095 1372 5157 revixit;
1404 5095 1660 5161 petierat,
1693 5103 1746 5146 et
1793 5094 2042 5147 inventus
2094 5105 2212 5158 est;
2273 5111 2420 5146 mor-

865 5204 986 5240 tuus
1040 5199 1156 5240 erat
1209 5203 1301 5256 per
1361 5199 1664 5256 pet-catum,
1698 5199 1752 5240 et
1800 5189 1994 5241 revixit
2031 5205 2123 5256 per
2165 5191 2426 5256 paeniten-

867 5280 992 5328 tiam
1023 5293 1037 5339 ;
1069 5277 1303 5344 perierat
1326 5279 1446 5342 quia
1475 5277 1525 5327 in
1561 5277 1668 5329 Deo
1692 5291 1792 5328 non
1824 5277 2212 5342 inveniebatur,
2245 5280 2426 5330 inven-

870 5379 953 5418 tus
984 5381 1114 5433 ergo
1149 5367 1346 5417 coelum
1384 5369 1550 5433 replet
1585 5367 1802 5434 gaudio,
1835 5367 1973 5418 sicut
2007 5369 2266 5435 scriptum
2295 5380 2376 5421 est
2409 5386 2420 5419 :

875 5477 890 5506 ι
926 5457 1188 5509 Gaudium
1222 5459 1327 5507 erit
1360 5457 1410 5508 in
1440 5459 1580 5508 uelo
1612 5473 1770 5524 super
1803 5472 1907 5510 uno
1939 5468 2218 5526 peceatore
2257 5460 2425 5526 panti-

869 5548 1088 5598 tentiam
1119 5553 1330 5614 agente.
1372 5561 1390 5594 ι
1431 5543 1568 5607 Quid
1607 5553 1686 5595 est
1721 5557 1888 5611 quare
1924 5546 2219 5611 praesertim
2248 5546 2426 5597 trista-

871 5651 955 5690 tur
1006 5637 1186 5689 senior
1229 5636 1418 5688 filius?
1453 5635 1612 5700 Quia,
1663 5637 1861 5704 inquit,
1912 5651 2185 5703 nunquam
2238 5637 2424 5690 tletliSti

870 5729 996 5783 mihi
1047 5729 1276 5793 lnulum,
1333 5737 1385 5780 ιιι
1430 5742 1549 5781 cum
1611 5729 1798 5780 amicis
1839 5729 1971 5778 meis
2023 5737 2289 5793 eptitarct',
2331 5731 2422 5779 sed

2526 4563 2608 4597 σει
2663 4546 2770 4597 τῶν
2821 4545 3011 4606 ἐθνῶν,
3060 4547 3182 4605 τοὺς
3226 4546 3575 4613 Γραμματεῖς
3625 4546 3715 4598 καὶ
3764 4547 4085 4612 Φαρισαίους

2525 4637 3058 4703 σκανδαλιζομένους,
3098 4637 3176 4687 ὅτι
3203 4637 3228 4686 6
3276 4636 3471 4703 Κύριος
3510 4637 3862 4704 ἁμαρτωλοὺς
3922 4655 4085 4705 προσ-

2522 4729 2734 4796 δέχεται
2768 4735 2857 4777 καὶ
2888 4728 3152 4777 συνεσῦίει
3188 4730 3392 4788 αὐτοῖς.
3433 4729 3490 4778 Εἰ
3518 4729 3572 4779 δὲ
3607 4732 3697 4778 καὶ
3726 4733 3850 4797 περὶ
3883 4730 3985 4779 τῶν
4007 4730 4085 4780 δι·

2524 4822 2692 4869 καίων
2721 4829 2876 4870 τοῦτο
2933 4820 3071 4869 νοεῖν
3105 4819 3322 4880 ἐθέλεις,
3358 4819 3410 4869 τί
3468 4819 3798 4884 θασμ,σ.ὸν,
3830 4822 3877 4870 εἰ
3911 4822 4000 4870 καὶ
4061 4822 4087 4870 ὁ

2523 4907 2726 4968 δίκαιος
2766 4909 2949 4972 ἀγνοεῖ
2991 4908 3081 4959 τὸν
3127 4909 3264 4975 ὑπὲρ
3327 4910 3502 4958 πάντα
3534 4908 3656 4958 νοῦν
3716 4908 3941 4959 πλοῦτον
3991 4909 4086 4976 τῆς

2522 4994 2614 5047 τοῦ
2639 4995 2770 5047 Θεοῦ
2805 4998 3163 5063 χρηστότητος
3203 5013 3217 5059 ;
3251 4997 3338 5046 Διὸ
3373 4997 3464 5046 καὶ
3507 4995 3892 5063 παρακαλεῖται
3938 4997 4088 5062 παρὰ

2524 5087 2620 5138 τοῦ
2670 5087 2847 5138 κοινοῦ
2893 5087 3126 5155 Πατρὸς,
3163 5089 3256 5138 καὶ
3283 5090 3347 5138 τα
3379 5088 3566 5138 εἰκότα
3623 5087 3948 5146 ὃιὸασκεται,
4008 5087 4082 5136 λέο

2525 5191 2708 5242 γοντος
2746 5178 2879 5243 πρὸς
2909 5178 3072 5228 αὐτόν
3109 5191 3122 5205 ⁸
3155 5178 3228 5229 Συ
3269 5180 3500 5229 πάντοτε
3545 5182 3658 5244 μετ’
3697 5178 3828 5246 ἐμοῦ
3885 5176 3956 5239 εἴ,
3990 5179 4085 5244 τῆς

2525 5266 2878 5317 ἀναλλοιώτου
2911 5269 3249 5334 εὐφροσύνης
3283 5269 3555 5319 κοινωνῶν
3587 5284 3599 5295 ·
3638 5269 4002 5336 εὐφρανθῆναι
4032 5271 4086 5320 δὲ

2531 5363 2618 5411 καὶ
2641 5360 2869 5428 χαρῆναι
2907 5359 3033 5422 ἔδει,
3067 5360 3147 5410 ὁτι
3175 5360 3201 5410 6
3233 5359 3457 5426 ἁδελφός
3484 5376 3579 5410 σου
3631 5354 3782 5418 οὗτος
3810 5362 3995 5425 νεκρὸς
4018 5355 4085 5428 ἦν

2527 5452 2622 5501 καὶ
2653 5450 2933 5514 ἀνέζησεν,
2968 5448 3261 5509 ἀπολωλὼς
3312 5444 3378 5515 ἦν
3405 5449 3496 5499 καὶ
3523 5448 3719 5515 εὑρέθη
3755 5463 3768 5475 ·
3797 5448 3984 5513 νεκρὸς
4020 5445 4085 5516 ἦν

2527 5546 2592 5610 τῇ
2631 5544 2890 5612 ἁμαρτίᾳ,
2929 5545 3019 5594 καί
3051 5542 3281 5609 ἁνέξησε
3315 5545 3380 5608 τῇ
3416 5540 3695 5607 μετανοίᾳ,
3731 5539 3824 5590 καὶ
3873 5538 4086 5588 απολω·

3847 5629 4086 5695 stipam";

2531 5726 2623 5780 οἷν
2657 5729 2826 5796 χαρᾶς
2858 5728 3048 5795 πληροῖ
3098 5727 3184 5776 τὸν
3240 5726 3490 5791 οὐρανὸν,
3535 5724 3673 5777 καθᾶ
3733 5722 4080 5790 γέγραπταιε

2529 5635 2633 5696 λως
2671 5631 2760 5702 ἦν.
2790 5633 2866 5693 ὡς
2903 5635 2976 5700 μὴ
3005 5633 3387 5702 εὑρισκόμενος
3416 5632 3473 5680 ἐν
3523 5629 3597 5698 τῷ
3631 5628 3747 5697 Θεῷ
3785 5643 3798 5657 ·
