4450 6444
449 362 526 427 45
1858 363 2188 422 HOMIHA
2222 361 2308 424 Ili
3677 367 3749 429 46

463 500 480 531 ι
516 477 676 548 Χαρὰ
707 478 914 547 γίνεται
945 476 1003 531 ἐν
1047 474 1263 548 οὐρανῷ
1287 476 1379 531 ἐπὶ
1409 477 1489 531 ἐνὶ
1536 476 1846 549 ἁμαρτωλῴ
1885 494 2049 547 μετα·
2078 478 2128 537 Α
2157 492 2220 545 po

1989 494 2049 531 a-
2078 478 2128 537 Α
2157 488 2440 545 postquam
2470 478 2607 531 ntus
2638 483 2759 530 ldtlS
2792 481 2898 531 tne.
2927 491 3015 544 qni
3056 477 3342 531 devoravit
3379 476 3742 534 substantiam

451 571 681 627 ν)οῦντι.
710 591 729 624 ι
773 571 840 624 Τί
872 571 931 625 δέ
956 571 1098 635 ἐστι,
1127 569 1198 623 δι’
1227 569 1256 624 6
1291 569 1526 641 μάλιστα
1565 569 1817 623 λυπεῖται
1865 572 1891 622 ὁ
1921 586 2055 639 πρε-

461 667 727 737 σϐύτερος
763 666 919 732 υίός;
969 665 1052 719 ὅτι
1095 665 1243 736 ἐμοὶ,
1303 663 1488 735 φησὶν,
1542 662 1800 717 οὐδέποτε
1846 662 2053 725 ἔδωκας

454 759 664 828 ἔριφον,
699 759 790 812 ἵνα
830 757 970 829 μετὰ
997 757 1106 810 τῶν
1142 757 1311 826 φίλων
1345 774 1445 827 μου
1479 754 1795 825 εὐφρανθῶ,
1821 755 1910 808 ὅτε
1942 755 1996 807 δὲ
2025 754 2055 806 6

452 854 564 914 υίὸς
603 869 702 905 σου
761 844 936 916 οὗτος,
983 851 1010 903 6
1065 849 1404 919 καταφαγών
1475 865 1568 900 σου
1602 847 1692 900 τὸν
1729 847 1848 918 βίον
1903 848 2050 916 μετὰ

447 944 687 1015 πορνῶν,
737 939 926 1014 ἦλθεν,
966 942 1167 1005 ἐθυσας
1197 941 1346 1011 αὑτῷ
1369 940 1462 994 τὸν
1487 941 1686 1010 μόσχον
1733 940 1825 993 τὸν
1872 957 2055 992 σιτευ·

448 1039 545 1092 τόν
573 1053 587 1068 ⁸
614 1038 842 1091 τοσοῦτο
871 1039 981 1108 γὰρ
1012 1036 1073 1090 τὸ
1108 1035 1450 1107 ὑπερϐάλλον
1478 1034 1585 1087 τῶν
1609 1035 1690 1097 είς
1724 1035 1873 1105 ἡμᾶς
1900 1050 2055 1105 χαρι-

447 1133 670 1202 σμάτων
689 1130 784 1185 τοῦ
804 1131 971 1200 Θεοῦ,
999 1131 1100 1201 17
1134 1131 1215 1184 ὅτι
1247 1133 1341 1183 καὶ
1368 1129 1419 1182 oi
1445 1128 1668 1197 ἄγγελοι
1699 1126 2055 1199 ἐπεθύμησαν

447 1224 778 1294 παρακύψαι
811 1222 988 1287 είςτὰ
1024 1221 1359 1294 χαρισθέντα
1392 1221 1481 1274 διὰ
1525 1221 1624 1292 τῆς
1666 1221 1834 1274 αὑτοῦ
1891 1222 2053 1274 ἐναν-

453 1316 796 1389 θρωπήσεως
852 1318 1017 1389 ἡμῖν,
1076 1315 1224 1371 καθὰ
1264 1333 1431 1387 φησιν
1473 1315 1501 1368 6
1571 1317 1874 1384 κορυφαῖος
1945 1316 2055 1369 τῶν

444 1413 792 1467 ’Δποστόλων
825 1411 1054 1482 Πέτρος.
1073 1410 1235 1465 Ἀλλὰ
1263 1411 1359 1464 καὶ
1383 1411 1434 1463 τί
1457 1409 1655 1464 δίκαιοι
1681 1408 2054 1482 ἐπεθύμησαν

445 1506 542 1560 καὶ
579 1507 687 1577 πρὸ
733 1505 931 1576 καιροῦ
966 1498 1036 1560 δι’
1062 1504 1201 1558 αὐτὰ
1233 1503 1408 1558 ἐλθεῖν
1429 1503 1522 1557 τὸν
1554 1503 1816 1574 Χριστὸν,
1842 1502 1918 1566 ὡς
1957 1503 2052 1557 καὶ

453 1600 705 1670 ’Δϐραάμ
719 1599 1069 1670 ἐπεθύμησεν
1089 1598 1219 1652 ῑδείν
1249 1597 1347 1668 τὴν
1372 1597 1587 1669 ἡμέραν
1619 1597 1810 1653 αὐτοῦ·
1835 1598 1862 1650 6
1891 1595 1948 1650 δέ
1969 1597 2057 1650 τό-

443 1706 503 1742 τε
526 1690 625 1742 οὐκ
644 1684 802 1760 ἦλθε,
831 1689 927 1742 καὶ
944 1689 1034 1742 ὅτε
1053 1682 1241 1758 ἦλθεν,
1262 1688 1364 1743 ούκ
1388 1684 1524 1761 ἦλθε
1551 1687 2052 1749 καλέσαιδικαίουςν

446 1781 587 1836 ἁ).λὰ
607 1781 969 1851 ἁμαρτωλοὺς
994 1782 1075 1843 εὶς
1090 1781 1401 1851 μετάνοιαν,
1423 1779 1518 1834 καὶ
1543 1780 1682 1849 ὑπὲρ
1705 1779 1882 1834 αὐτῶν
1902 1777 2056 1849 μάλι-

443 1891 547 1929 στα
582 1873 915 1944 σταυροῦται
941 1873 970 1925 6
994 1875 1095 1943 τὴν
1121 1873 1400 1944 ἁμαρτίαν
1430 1871 1602 1944 αίρων
1648 1871 1743 1924 τοῦ
1790 1871 1998 1941 κόσμου
2032 1887 2045 1901 °

440 1969 950 2040 ὐπερεπερίσσευσε
1009 1967 1120 2038 γὰρ
1174 1967 1208 2035 ἡ
1249 1967 1435 2038 χάρις,
1471 1967 1606 2020 ὅπου
1649 1964 1977 2019 ἐπλεόνασεν
2012 1967 2045 2036 ἠ

440 2062 710 2133 ἁμαρτία.
759 2057 885 2114 Ὅτι
932 2060 989 2114 δὲ
1041 2059 1155 2112 τῶν
1221 2057 1450 2115 δικαίων
1481 2060 1783 2114 αἰτούντων
1824 2060 1949 2114 οὐδὲ
1986 2059 2044 2112 ἐν

444 2155 554 2206 vim
579 2152 788 2223 ἐρίφων
820 2150 1034 2218 δίδωσι,
1066 2150 1322 2204 τουτέστι
1359 2149 1468 2203 τῶν
1523 2149 1893 2220 ἁμαρτωλῶν,
1945 2167 2041 2204 σα-

441 2248 538 2316 φὲς
570 2249 703 2317 ἡμῖν
725 2246 950 2315 γέγονεν
980 2245 1044 2298 ἐκ
1066 2261 1126 2297 τε
1163 2244 1341 2299 ἄλλων
1373 2244 1476 2296 οὐκ
1514 2242 1733 2311 ὀλίγων,
1792 2243 1889 2296 καὶ
1933 2242 2042 2297 ἁπδ

439 2342 538 2410 τῆς
566 2339 707 2393 κατὰ
737 2339 830 2393 τὸν
873 2337 1021 2409 ἱερὸν
1044 2338 1141 2391 καὶ
1181 2337 1455 2406 μακάριον
1502 2337 1736 2407 Κὰρπον
1769 2337 2039 2401 ὀπτασίας

442 2434 701 2503 μάλιστα.
738 2425 912 2495 Οῦτος
936 2430 1047 2502 γὰρ
1085 2430 1147 2483 ού
1177 2431 1337 2498 μόνον
1359 2429 1463 2483 οὐκ
1501 2429 1750 2501 ἠκούσθη
1776 2429 2041 2501 πονηρῶν

438 2539 601 2582 τινων
655 2523 868 2594 ἀνδρῶν
927 2523 1310 2594 ἐπαρώμενος,
1372 2526 1467 2578 καὶ
1515 2523 1722 2577 δίκαιον
1747 2524 1849 2577 οὐκ
1897 2518 2038 2576 εἶναι

437 2621 634 2688 λέγων,
669 2619 719 2671 εί
741 2616 912 2682 ζῶσιν
942 2616 1134 2686 ἄνδρες
1165 2616 1343 2680 ἀθεοι,
1378 2615 1474 2669 καὶ
1503 2615 1918 2687 διαστρέφοντες
1941 2616 2039 2678 τὰς

436 2712 592 2775 ὀδοὺς
621 2710 826 2781 Κυρίου
856 2709 952 2772 τὰς
980 2708 1223 2774 εὐθείας,
1284 2707 1424 2763 ἀλλὰ
1472 2710 1568 2762 καὶ
1621 2709 1770 2771 θείας
1826 2711 2034 2778 ἀγανα-

447 2805 697 2874 κτήσεως
749 2802 1042 2874 ἐπειράθης
1071 2801 1166 2855 καὶ⁵
1213 2801 1668 2870 φρικωδεστὰτων
1699 2801 1859 2855 τινῶν
1905 2801 2039 2854 ἐπύ-

438 2896 564 2949 θετο
593 2895 789 2963 λόγων,
823 2895 961 2963 πρὸς
990 2893 1290 2961 ἐπίγνωσιν
1315 2893 1417 2956 τῆς
1471 2893 1715 2964 ἀρρήτου
1759 2895 1855 2946 καὶ
1897 2892 2035 2962 ὑπὲρ

437 2987 566 3042 νοῦν
623 2986 775 3050 θείας
817 2985 1018 3055 ἀνοχῆς
1073 2984 1405 3052 ἐναγόντων,
1449 2986 1544 3037 καὶ
1598 2984 1676 3054 μὴ
1739 2985 1901 3053 μόνον
1933 2985 2034 3037 οὐκ

437 3077 756 3149 ἐπαρᾶσθαι
790 3076 1114 3142 πειθόντων,
1142 3075 1280 3129 ἀλλὰ
1309 3077 1404 3129 καὶ
1427 3076 1534 3129 τῶν
1563 3075 1620 3128 ἐν
1643 3076 1880 3147 πονηρίᾳ
1898 3075 2035 3141 ζών-

2160 587 2312 626 Suam
2343 586 2464 622 eum
2497 571 2897 635 meretricibus,
2927 571 3098 636 venit,
3133 570 3380 625 occidisti
3411 569 3483 624 iiii
3515 573 3737 626 vitulum

2159 663 2488 733 saginatum.
2515 661 2647 716 Nam
2682 671 2828 716 tanta
2860 671 3007 724 sunt,
3038 673 3255 732 tamque
3301 663 3501 718 eximia
3530 663 3746 717 charis-

2159 768 2304 811 mata
2339 772 2366 810 a
2389 757 2497 811 Deo
2524 757 2680 811 nobis
2702 757 2968 816 exhibita.
3002 766 3061 810 ut
3089 757 3265 826 angeli
3298 757 3396 827 ipsi
3431 757 3748 813 desiderent

2163 848 2478 918 prospicere
2510 848 2562 900 in
2597 847 2806 914 gratias
2834 862 2930 914 per
2965 846 3087 914 ejus
3126 846 3559 903 incarnationem
3589 851 3748 904 nobis

2140 938 2342 1002 .datas,
2379 948 2539 1006 prout
2560 939 2695 992 dixit
2719 939 3045 1008 coryphwus
3069 937 3439 1006 apostolorum
3468 941 3743 995 Petrus".

2160 1029 2301 1086 Justi
2339 1031 2503 1084 etiam
2542 1043 2766 1100 propter
2798 1032 2886 1084 illa
2922 1029 3190 1085 beneﬁria
3219 1030 3666 1086 desideraverunt
3694 1035 3744 1086 in

2159 1141 2260 1182 suo
2297 1132 2544 1195 tempore
2577 1123 2859 1179 Christum
2894 1125 3100 1188 venire,
3131 1126 3272 1180 sicut
3294 1125 3568 1179 Abraham
3599 1127 3748 1180 desi~

2158 1220 2366 1275 deravit
2403 1219 2545 1274 diem
2579 1220 2695 1285 ejus
2723 1218 2947 1283 videre;
2973 1219 3060 1273 ille
3086 1229 3267 1273 autem
3293 1229 3420 1273 tunc
3446 1235 3549 1273 non
3577 1221 3746 1287 venit,

2159 1323 2214 1369 ct
2242 1314 2459 1385 quando
2491 1313 2638 1368 venit
2668 1327 2773 1366 non
2808 1313 2957 1367 venit
2993 1328 3188 1367 vocare
3212 1314 3528 1382 justos,sed
3556 1330 3747 1384 pecca—

2161 1422 2308 1464 tores
2341 1409 2405 1463 ad
2441 1409 2840 1479 pmnitentiam.
2878 1415 2930 1462 et
2957 1415 3178 1476 propter
3208 1407 3306 1461 bos
3329 1423 3381 1460 tu
3403 1408 3593 1477 primis
3618 1424 3744 1463 cru-

2161 1500 2354 1556 cifixus
2412 1512 2495 1555 est
2549 1501 2640 1569 qui
2705 1499 2846 1554 tollit
2899 1509 3122 1568 peccata
3179 1501 3404 1564 mundi;
3466 1515 3591 1554 nam
3654 1504 3743 1557 ubi

2160 1595 2461 1650 abundavit
2481 1594 2758 1660 delictum,
2787 1593 2855 1648 ibi
2877 1594 3345 1663 superabundavit
3369 1595 3566 1661 gratia.
3589 1594 3742 1661 Quod

2160 1687 2533 1758 ﬂagitantibus
2562 1686 2726 1756 justis
2770 1701 2868 1741 nec
2909 1700 3075 1740 unum
3127 1689 3220 1741 dat
3269 1687 3508 1752 haedum,
3561 1686 3614 1740 id
3662 1697 3746 1741 est

2163 1789 2505 1850 peccatorem
2557 1778 2906 1832 manifestum
2954 1779 3111 1832 nobis
3144 1779 3351 1833 factum
3394 1787 3476 1833 est
3515 1794 3577 1832 ex
3615 1780 3742 1834 aliis

2162 1886 2267 1925 non
2295 1871 2485 1939 paucis
2516 1881 2568 1925 et
2603 1872 2905 1940 praesertim
2941 1886 3002 1925 ex
3030 1873 3279 1941 exemplo
3312 1873 3483 1926 sancti
3514 1883 3566 1925 et
3599 1873 3740 1926 beati

2157 1965 2347 2034 Carpi.
2379 1962 2516 2019 Nam
2553 1961 2658 2018 iste
2690 1978 2796 2017 non
2827 1964 3006 2018 solum
3037 1979 3142 2018 non
3174 1965 3466 2019 exauditus
3499 1975 3582 2018 est
3616 1979 3742 2032 pra-

2155 2059 2235 2113 vis
2264 2059 2593 2128 quibusdam
2627 2058 2762 2111 viris
2789 2058 3139 2121 maledicens,
3164 2067 3218 2110 et
3246 2059 3454 2127 justum
3483 2073 3590 2111 nun
3617 2072 3740 2112 esse

2152 2153 2346 2208 dicens
2393 2155 2435 2208 si
2477 2153 2659 2208 vivant
2716 2153 2965 2205 homines
3000 2151 3121 2204 sine
3159 2152 3288 2216 Deo,
3342 2159 3734 2205 convcrtentes

2151 2246 2268 2302 vias
2292 2245 2502 2299 Domini
2536 2255 2736 2307 rectas,
2771 2247 2866 2298 sed
2900 2245 3063 2297 etiam
3097 2244 3335 2298 divinam
3365 2252 3624 2313 expertus
3650 2253 3738 2296 est

2147 2337 2603 2409 indignationem,
2647 2337 2924 2406 durosque
2959 2336 3166 2390 audivit
3201 2349 3486 2390 sermr-nes
3529 2335 3732 2404 quibus

2149 2433 2487 2486 excitaretur
2514 2431 2579 2484 ad
2614 2429 3018 2498 agnoseendam
3076 2426 3407 2482 ineffabilem
3438 2434 3494 2480 et
3526 2427 3738 2481 incom-

2149 2523 2576 2593 prehensibilem
2623 2523 2713 2576 Dei
2755 2522 3104 2590 sapientiam.
3152 2535 3361 2574 necnon
3411 2520 3737 2575 suaderetur

2148 2629 2255 2666 non
2303 2613 2628 2668 maledicere
2674 2612 2808 2665 viris
2859 2612 2913 2665 in
2967 2611 3209 2680 nequitia
3247 2611 3578 2674 viventibus,
3629 2613 3738 2664 Deo

2146 2705 2310 2757 ctiam
2363 2704 2471 2757 illis
2515 2701 2778 2772 largiente
2841 2711 3052 2770 tempus
3106 2700 3466 2770 paenitentiae.
3516 2700 3644 2767 Qum
3681 2709 3738 2753 ut

2144 2794 2630 2851 ostenderetDeus
2668 2796 3077 2864 preuiteutium,
3118 2793 3284 2850 Pater
3318 2794 3734 2851 misericordia-
3800 2845 3804 2848 .

2145 2901 2288 2952 rum,
2319 2897 2375 2943 et
2399 2899 2458 2941 ut
2489 2889 2712 2943 adderet
2742 2891 2996 2956 quoniam
3025 2888 3305 2944 conversis
3337 2903 3432 2957 per
3466 2888 3736 2958 poeniten-

2147 2983 2278 3036 tiam
2315 2996 2513 3052 magna
2543 2980 2998 3050 aemulationeque
3019 2981 3179 3051 digna
3208 2979 3405 3034 tribuit
3446 2979 3733 3042 beneﬁcia,

2143 3077 2214 3130 ita
2243 3075 2515 3153 ordinavit
2541 3074 2879 3142 parabolam.

437 3193 566 3240 των,
622 3175 717 3227 τοῦ
768 3174 904 3228 Θεοῦ
971 3171 1167 3243 καιρὸν
1219 3173 1301 3225 ἐτι
1361 3173 1652 3244 μετανοίας
1694 3175 2030 3244 παρέχοντος
2067 3174 2318 3236 ἐκείνοις.
2357 3174 2472 3226 Ἰνα
2539 3171 2720 3225 τοίνυν
2754 3171 2912 3224 τοῦτο
2951 3169 3102 3242 δείξῃ
3149 3172 3176 3224 6
3206 3170 3339 3234 Θεὸς
3395 3172 3503 3226 τῶν
3567 3187 3730 3241 μετα,

441 3264 730 3328 νοούντων,
759 3265 788 3315 6
843 3263 1035 3333 Πατὴρ
1055 3261 1165 3314 τῶν
1201 3263 1527 3333 οἰκτιρμῶν,
1554 3265 1649 3317 καὶ
1684 3264 1768 3316 ἴνα
1800 3265 2296 3334 προσπαραστήσῃ,
2329 3264 2410 3316 ὅτι
2461 3265 2574 3326 τοῖς
2628 3263 2716 3315 διὰ
2766 3263 3056 3332 μετανοίας
3101 3263 3484 3332 ἐπιστραφεῖσι
3521 3263 3730 3332 μεγάλα

437 3357 536 3409 καὶ
558 3355 825 3425 ἐπίφθονα
847 3354 1002 3426 δῶρα
1033 3354 1273 3419 δίδωσιν,
1309 3354 1454 3408 οῦτω
1475 3355 1694 3425 διέθηκε
1717 3356 1816 3424 τὴν
1851 3357 2198 3427 παραϐολήν.

522 3452 952 3525 Ἐπιλαϐώμεθα
993 3446 1089 3506 οὖν
1133 3454 1229 3506 καὶ
1268 3455 1451 3524 ἡμεῖς,
1485 3453 1733 3522 ἀδελφοὶ,
1765 3453 1833 3506 δι’
1863 3455 2029 3526 ἔργου
2056 3460 2101 3524 C
2209 3453 2279 3507 No

1970 3472 2029 3507 ου
2056 3460 2101 3524 c
2209 3453 2316 3508 Nos
2353 3468 2590 3524 quoque,
2636 3451 2855 3517 fratres,
2891 3453 3244 3507 emendemus
3281 3467 3382 3507 nos
3424 3468 3520 3524 per
3565 3469 3727 3525 Opera

438 3546 538 3614 τῆς
575 3542 890 3615 μετανοίας,
957 3543 1367 3615 ἀποταξώμεθα
1407 3543 1486 3615 τῷ
1517 3545 1746 3616 πονηρῷ
1793 3546 1888 3598 καὶ
1919 3547 2032 3606 τοῖς

439 3638 790 3708 βοσκήμασιν
847 3636 1053 3690 αὐτοῦ’
1087 3637 1462 3706 ἁποσχώμεθα
1521 3637 1632 3691 τῶν
1675 3639 1898 3709 χοίρων,
1939 3641 2032 3690 καὶ

441 3732 550 3784 τῶν
579 3731 779 3793 αὐτοὺς
808 3731 1120 3800 τρεφόντων
1156 3731 1453 3800 κερατίων,
1483 3731 1732 3799 δηλονότι
1775 3731 1884 3783 τῶν
1910 3731 2031 3801 βδεο

441 3821 624 3892 λυρῶν
652 3822 864 3886 παθῶν,
900 3822 997 3874 καὶ
1025 3821 1136 3874 τῶν
1167 3821 1378 3884 τούτοις
1410 3823 1827 3892 προσκειμένων
1849 3840 1864 3857 ο
1898 3826 2032 3876 ἁπο-

446 3919 660 3987 στῶμεν
716 3917 816 3985 τῆς
881 3917 1132 3986 πονηρᾶς
1187 3916 1381 3986 νομῆς,
1422 3917 1672 3971 τουτέστι
1704 3917 1803 3987 τῆς
1854 3917 2035 3988 κακῆς

445 4008 734 4078 συνηθείας
756 4025 770 4038 ·
836 4007 1104 4078 φύγωμεν
1136 4007 1238 4076 τὴν
1288 4007 1397 4060 τῶν
1443 4007 1637 4061 παθῶν
1673 4011 1878 4079 χώραν,
1913 4011 2034 4081 ἥτις

442 4100 591 4154 ἐστὶν
623 4100 852 4156 ἀπιστία
895 4098 992 4153 καὶ
1047 4099 1325 4170 ἀπληστία
1374 4101 1468 4152 καὶ
1525 4100 1790 4170 ἀκρασία,
1851 4103 1909 4154 ἐν
1936 4095 2025 4164 αἷς

441 4195 599 4264 λιμὸς
630 4193 848 4265 ἰσχυρὸς
880 4193 987 4246 τῶν
1034 4193 1259 4262 ἀγαθῶν
1283 4192 1518 4262 γίνεται,
1550 4195 1648 4246 καὶ
1678 4191 1838 4262 λιμοῦ
1864 4192 2034 4263 χείρω

441 4286 625 4356 πὰἿη’
660 4285 960 4355 δράμωμεν
992 4285 1128 4353 πρὸς
1185 4285 1279 4337 τὸν
1310 4285 1537 4354 Πατέρα
1567 4284 1666 4354 τῆς
1695 4283 2029 4353 ἀφθαρσίας,

439 4377 531 4430 τὸν
555 4376 756 4447 δοτῆρα
791 4376 889 4446 τῆς
927 4375 1096 4447 ζωῆς,
1165 4376 1266 4447 τὴν
1301 4376 1421 4429 ὁδὸν
1473 4377 1571 4446 τῆς
1605 4375 1754 4446 ζωῆς
1782 4375 1870 4429 διὰ
1923 4375 2033 4429 τῶν

440 4469 652 4540 ἀρετῶν
686 4469 1010 4539 βαδίσαντες
1037 4487 1051 4500 ο
1083 4471 1201 4523 ἐκεῖ
1221 4469 1332 4539 γὰρ
1357 4469 1522 4523 αὑτὸν
1558 4469 1868 4539 εὑρήσομεν
1895 4468 2035 4538 πρὸς

439 4564 689 4636 ὑπαντὴν
722 4563 826 4615 ὑπὸ
865 4563 1282 4633 φιλανθρωπίας
1331 4559 1652 4630 ἐξελθόντα,
1694 4565 1787 4617 καὶ
1812 4564 2035 4634 χαριζό-

445 4639 606 4724 μενον
629 4655 760 4724 ἡμῖν
782 4655 882 4725 τὴν
910 4654 1108 4724 ἄφεσιν
1130 4655 1242 4708 τῶν
1281 4656 1575 4725 ἁμαρτιῶν
1607 4657 1788 4727 ήμῶν,
1821 4657 1883 4709 τὸ
1911 4658 2033 4710 σύν-

440 4747 592 4817 θημα
613 4747 713 4816 τῆς
749 4747 1090 4816 ἀφθαρσίας,
1123 4749 1214 4800 τὸν
1250 4748 1554 4818 ἀρραϐῶνα.
1591 4748 1691 4819 τῆς
1725 4750 2032 4819 μελλούσης

2141 3547 2496 3618 ptenitentie,
2521 3547 2968 3601 abrenuntiemus
2995 3545 3231 3612 maligno
3257 3555 3308 3600 et
3336 3549 3549 3616 pascuis
3577 3551 3727 3616 ejus;

2138 3642 2514 3694 abstineamus
2540 3638 2724 3708 porcis
2761 3645 2816 3691 et
2850 3634 3066 3706 siliquis
3091 3637 3288 3706 quibus
3321 3649 3641 3703 vescuntur,
3676 3641 3726 3693 id

2135 3743 2220 3787 est
2264 3731 2511 3801 turpibus
2564 3729 2952 3798 cupiditatibus
3002 3730 3241 3797 virisque
3274 3728 3394 3784 istis
3441 3731 3722 3801 indulgen-

2139 3826 2300 3891 tibus,
2320 3837 2674 3877 amoveantur
2690 3821 2914 3880 afnoxiis
2933 3821 3167 3890 pabulis,
3188 3822 3394 3877 scilicet
3411 3838 3437 3874 a
3460 3828 3729 3894 perversis

2138 3916 2664 3980 censuetudinibus;
2697 3912 2965 3982 fugiamus
2990 3903 3275 3967 libidinum
3307 3915 3578 3983 regionem
3611 3933 3729 3986 qua:

2138 4020 2218 4066 est
2241 4008 2550 4071 inﬁdelitas,
2570 4007 2694 4077 gula
2715 4016 2771 4061 et
2796 4006 3212 4074 intemperantia
3234 4007 3285 4060 in
3306 4006 3501 4074 quibus
3527 4007 3705 4062 inveni

2140 4113 2220 4156 tur
2251 4102 2419 4156 fames
2437 4100 2611 4154 valida
2636 4099 2888 4168 fameque
2907 4098 3118 4169 pejores
3139 4098 3420 4166 libidines;
3444 4115 3730 4157 curramus

2139 4199 2204 4251 ad
2253 4195 2467 4250 Patrem
2501 4193 3054 4262 incorruptibilitatis,
3099 4192 3165 4246 ad
3218 4191 3533 4263 largitorem
3582 4196 3725 4261 vitae,

2137 4289 2202 4343 ad
2233 4291 2374 4343 viam
2398 4288 2519 4340 vita;
2551 4302 2647 4357 per
2671 4285 2903 4338 virtutes
2933 4285 3246 4338 incedentes
3275 4301 3290 4350 ;
3329 4285 3401 4338 ibi
3429 4285 3567 4339 enim
3602 4303 3724 4340 cunt

2139 4381 2444 4437 videbimus
2473 4380 2538 4433 ad
2592 4394 2880 4435 occursum
2921 4378 3151 4448 benigne
3192 4389 3509 4444 exeuntem,
3537 4391 3592 4432 et
3623 4381 3721 4435 do-

2138 4488 2359 4531 nantem
2393 4475 2552 4528 nobis
2579 4473 2958 4528 remissionem
2995 4482 3345 4542 peccatorum
3384 4482 3722 4540 nostrorum,

2140 4566 2679 4636 incorruptibilitatis
2719 4565 2938 4636 pignus,
2980 4566 3173 4618 arrbas
3204 4566 3400 4619 futurae
3436 4565 3725 4621 heredita-

2137 4663 2227 4717 tis.
2252 4661 2343 4715 Sic
2365 4662 2508 4714 lilius
2536 4660 2818 4730 prodigus,
2853 4668 3014 4728 prout
3035 4674 3063 4710 a
3090 4657 3373 4712 Salvatore
3403 4658 3721 4725 didicimus,

2143 4755 2389 4824 quandiu
2413 4755 2466 4807 in
2498 4754 2720 4822 regione
2751 4752 3109 4822 cupiditatum
3146 4751 3430 4813 remansit,
3470 4753 3598 4806 licet
3626 4769 3725 4807 cx-

440 4837 828 4909 κληρονομίας.
906 4837 1064 4890 Ἐπεὶ
1122 4840 1216 4890 καὶ
1243 4841 1270 4891 6
1306 4838 1518 4902 ἄσωτος
1576 4840 1712 4906 υίὸς,
1773 4841 2029 4911 καθάπερ
2060 4867 2112 4926 ο
2142 4863 2197 4901 co

1960 4858 2029 4911 περ
2060 4867 2112 4926 ο
2142 4848 2408 4918 cogitaret
2439 4859 2493 4899 et
2543 4847 2751 4899 diceret
2798 4847 2961 4899 verba
3016 4845 3376 4913 pmnitentizn,
3412 4845 3547 4899 nihil
3592 4847 3717 4901 boui

440 4933 593 5002 παρά
636 4928 733 4983 τοῦ
791 4930 1044 5000 Σωτῆρος
1087 4930 1478 5002 ἐδιδάχθημεν,
1537 4933 1733 5004 μέχρις
1771 4934 1838 4986 ἂν
1870 4930 1938 5004 ἦν
1970 4937 2030 4988 ἐν

438 5024 504 5093 τῇ
538 5021 694 5094 χώρᾳ
719 5021 828 5076 τῶν
859 5023 1070 5086 παθῶν,
1110 5026 1158 5076 εί
1208 5027 1302 5078 καὶ
1348 5025 1607 5078 διενοεῖτο
1636 5028 1731 5079 καὶ
1766 5026 1923 5097 ἔλεγε
1958 5028 2028 5080 τὰ

442 5114 667 5186 ῥήματα
692 5117 792 5184 τῆς
820 5116 1132 5186 μετανοίας,
1163 5117 1282 5170 ἀλλ’
1317 5119 1532 5183 οὐδενὸς
1562 5119 1721 5190 ἔτυχε
1750 5121 2019 5189 χρηστοῦ,

438 5208 542 5270 ἕως
565 5200 628 5262 οὗ
653 5209 812 5275 ἀφεὶς
834 5208 1055 5262 ἅπαντα
1082 5213 1267 5263 ἐκεῖνα
1295 5213 1365 5266 τὰ
1399 5212 1540 5283 ἔργα
1587 5217 1687 5283 τῆς
1723 5216 2023 5285 ἁμαρτίαε,

436 5299 660 5372 δραμὼν
682 5295 813 5370 ἦλθε
850 5302 986 5370 πρδς
1012 5303 1100 5356 τὸν
1128 5305 1364 5375 πατέρα,
1397 5308 1508 5360 καὶ·
1523 5307 1632 5358 τῶν
1666 5307 1803 5377 ὑπὲρ
1834 5309 2028 5362 ἐλπίδα

437 5395 640 5465 τυχὼν,
681 5396 864 5465 ἔμεινε
912 5399 1134 5462 πάντως
1171 5403 1266 5453 τοῦ
1304 5404 1493 5455 λοιποῦ
1529 5405 1627 5457 σὺν
1663 5407 2018 5471 ταπεινώσει,

440 5485 735 5556 σωφρονῶν
775 5487 869 5539 καὶ
909 5488 1320 5559 δικαιοπραγῶν
1385 5495 1478 5546 καὶ
1521 5494 1804 5562 ισυντηρῶν
1845 5495 2024 5562 ἐαυτῷ

439 5578 1017 5646 τὴνργκαινισθείσαν
1050 5583 1156 5633 ὑπὸ
1201 5583 1296 5634 τοῦ
1316 5583 1468 5636 ’Θεοῦ
1504 5585 1664 5655 χάριν
1698 5587 1857 5655 ἀσινῆ
1885 5602 1897 5614 ⁸
1956 5583 2022 5658 ἦς

438 5677 648 5736 γένοιτο
679 5673 775 5724 καὶ
821 5671 968 5740 ἡμᾶς
1023 5673 1232 5736 πάντας
1284 5676 1567 5746 ἐπιτυχεῖν
1607 5679 1702 5729 καὶ
1741 5678 2021 5748 διατηρεῖν

439 5763 730 5831 ἁμείωτον,
765 5763 839 5824 ὡς
889 5765 956 5818 ἂν
990 5768 1089 5819 -καὶ
1138 5768 1194 5821 ἐν
1230 5765 1307 5838 τῷ
1357 5769 1598 5839 μέλλοντι
1630 5771 1785 5823 αἰῶνι
1823 5789 2012 5825 συνευι

509 5885 554 5919 ⁸³
590 5885 608 5937 1
638 5882 784 5938 Pclr.
818 5899 855 5941 ι.
907 5885 988 5937 1'1.

2132 4939 2388 5004 obtinuit,
2421 4937 2719 5007 usquedum
2759 4937 3005 4991 dimissis
3035 4937 3144 4990 illis
3174 4939 3380 5005 peccati
3438 4938 3720 5007 operibus,

2132 5047 2358 5086 currens
2410 5030 2556 5083 venit
2587 5031 2650 5082 ad
2695 5041 2900 5098 patrem
2928 5069 2941 5093 ,
2979 5031 3118 5085 bona
3170 5046 3291 5099 qua:
3339 5047 3445 5085 non
3492 5046 3718 5103 sperare

2133 5141 2300 5180 alISIIS
2325 5136 2440 5178 erat
2476 5135 2787 5187 assecutus,
2817 5135 3002 5194 postea
3062 5129 3290 5182 omnino
3357 5139 3718 5184 conversatus

2132 5227 2214 5270 est
2241 5217 2293 5269 in
2328 5215 2634 5270 humilitate
2678 5227 2829 5270 caste
2861 5218 3119 5285 justeque
3160 5221 3352 5273 vivens
3396 5229 3449 5274 et
3484 5234 3717 5274 renow-

2135 5320 2240 5362 tam
2268 5324 2295 5362 a
2325 5307 2434 5361 Deo
2462 5309 2694 5378 gratiam
2729 5307 3044 5362 custodiens
3080 5312 3371 5381 integram,
3409 5326 3570 5380 quam
3611 5328 3713 5367 nos

2136 5417 2322 5456 omnes
2369 5403 2628 5471 consequi
2677 5403 2911 5456 donetur
2949 5412 3002 5456 ct
3036 5405 3291 5457 intartatu
3329 5409 3608 5460 custodire
3655 5418 3714 5460 ut

2136 5497 2187 5548 in
2223 5494 2406 5548 futuro
2435 5497 2644 5561 seculo,
2698 5497 2752 5549 in
2797 5511 3032 5565 superna
3076 5495 3402 5562 Jerusalem,
3435 5517 3555 5552 cum
3590 5517 3710 5571 pro.

2134 5588 2389 5659 digojam
2425 5588 2575 5642 salvo
2608 5589 3052 5655 congaudeamus
3109 5591 3241 5654 lilio,
3299 5591 3349 5643 iu
3410 5591 3498 5644 illa
3540 5602 3710 5646 matri-

2135 5682 2426 5735 viventium
2459 5681 2697 5734 Ecclesia
2725 5682 2863 5750 prim
2879 5685 3243 5751 ogenitorum,
3276 5686 3324 5736 in
3353 5683 3472 5753 ipso
3490 5686 3710 5738 Christo

2136 5772 2358 5825 [luntin
2389 5783 2597 5835 nostro,
2617 5788 2776 5842 qttcut
2800 5774 2954 5828 dccct
2981 5773 3150 5843 gloria
3178 5776 3229 5827 in
3267 5777 3477 5829 saecula.
3521 5781 3702 5833 Arnen.
