4450 6444
458 343 528 405 49
1849 354 2172 415 llOMlLM
2211 360 2265 415 l\
2289 406 2302 417 .
3615 363 3687 425 50

457 471 546 504 τιι
575 470 586 480 ’
615 453 682 521 γῆ
716 454 770 506 δὲ
807 457 897 506 καὶ
929 456 995 508 τὰ
1054 457 1112 508 ἐν
1161 458 1296 528 αὐτῇ
1349 458 1484 523 ἔργα
1530 464 1958 533 κατακαήσεται.
1999 484 2016 514 ι
2053 478 2095 534 Α
2127 467 2214 520 fui‘

1931 483 1958 518 ι.
1999 484 2016 514 ι
2053 478 2095 534 Α
2127 467 2315 520 fuisset
2343 470 2518 523 omnis
2547 486 2691 536 caro,
2728 483 2867 526 s.cnt
2894 472 3148 528 Dominus
3185 475 3237 527 in
3275 472 3577 541 Evangeliis
3605 474 3688 527 di-

459 544 569 609 Ιίρδ
599 544 654 596 δὲ
682 546 942 616 τούτωνή
981 547 1263 616 βαρυτάτη
1318 550 1412 602 τοῦ
1458 551 1830 620 Ἀντιχρίστου
1883 557 2027 608 κατὰ
2134 561 2204 612 xit

1931 557 2027 608 ιτὰ
2134 561 2228 614 xit.
2272 562 2394 614 Ideo
2425 580 2549 617 suos
2581 567 2835 619 atlmonct
2887 567 3112 620 dicens:
3181 588 3199 618 ι
3234 567 3463 634 Vigilalc
3508 568 3688 635 itaque

458 637 558 701 τῆς
593 637 829 698 πίστεως
854 637 1003 690 ἔσται
1029 641 1300 709 παρουσία
1325 659 1383 695 τε
1416 645 1510 696 καὶ
1539 646 1794 715 ἐπήρεια,
1827 649 1949 717 ἥτις
1978 651 2024 700 εἰ
2133 669 2215 704 om

1931 651 2024 711 ςεί
2133 656 2550 723 omnitempore
2580 670 2823 716 orantes.
2867 669 2921 712 ut
2961 659 3104 720 digni
3151 660 3456 712 haheamini
3503 659 3688 728 fugere

464 727 536 796 μὴ
570 728 877 798 ἐκολοϐώθη
906 731 1095 798 χρόνον
1117 733 1299 800 ὀλίγον
1348 737 1787 806 συγχωρηθεῖσα,
1824 741 1923 792 οὐκ
1957 741 2024 794 ἂν
2132 744 2221 798 ista

1700 755 1787 801 σα,
1824 741 1923 792 οὐκ
1957 741 2024 794 ἂν
2132 744 2231 798 ista
2263 749 2462 809 omnia,
2498 757 2551 800 et
2590 761 2734 804 stare
2765 761 2890 803 ante
2923 749 3115 802 Filium
3145 751 3400 804 hominis.
3435 771 3451 800 ι

460 821 637 890 habet}
677 825 825 876 πᾶσα
853 825 955 894 19
975 826 1128 896 σὰρξ,
1163 829 1236 885 ὡς
1259 829 1286 880 6
1318 829 1521 898 Κύριος
1552 832 1609 882 ἐν
1631 834 1742 894 τοῖς
1771 833 2276 906 Εύαγγελίοιςφησξ
2305 855 2318 869 °
2347 841 2426 893 διὸ
2453 844 2546 893 καὶ
2604 845 2714 904 τοῖς
2772 844 2993 904 οἰκείοις
3039 842 3432 912 παραγγέλλει,
3481 843 3685 907 λέγων’

463 929 486 967 ε
532 912 884 982 ’Λγρυπνεῖτε
934 919 1026 973 οὖν
1089 921 1148 972 ὲν
1178 923 1339 974 παντὶ
1401 923 1579 993 καιρῷ
1611 925 1871 993 δεόμενοι,
1925 928 2010 982 ἵνα
2047 934 2420 1002 καταξιωθῆτε
2475 938 2735 1005 ἐκφυγεῖν
2767 939 2942 992 πάντα
2975 940 3042 992 τὰ
3111 939 3371 1009 μέλλοντα
3427 936 3688 1005 γίνεσθαι,

462 1009 555 1058 καὶ
586 1009 848 1078 σταθῆναι
880 1009 1190 1079 ἔμπροσθεν
1215 1011 1311 1065 τοῦ
1337 1014 1465 1065 Υίοῦ
1494 1013 1587 1066 τοῦ
1620 1015 1927 1086 ἀνθρώπου.
1961 1037 1977 1068 ι

527 1101 736 1170 Φρίκης
793 1102 891 1165 μὲν
943 1103 1032 1155 οὖν
1096 1105 1543 1177 ὑπερϐαλλούσης
1604 1109 1780 1162 πάντα
1839 1113 2020 1165 ἐκεῖνα

461 1193 644 1260 γέμει,
677 1194 816 1246 ἀλλά
840 1197 951 1257 τοῖς
982 1198 1040 1249 ὲν
1065 1198 1292 1271 ἀπιστίᾳ
1323 1202 1419 1253 καὶ
1453 1201 1640 1270 ἀδικία
1663 1204 1753 1255 καὶ
1780 1203 2023 1275 ῥᾳθυμία

461 1284 554 1336 τὸν
610 1286 819 1339 ἑαυτῶν
873 1288 987 1358 βίον
1033 1291 1407 1353 ἀναλίσκουσι.
1461 1295 1684 1348 καὶτῶν
1717 1296 2023 1366 εἰρημένων

463 1374 766 1430 ἀπειλεῖται
787 1378 1081 1450 δεινότερα,
1121 1381 1373 1452 καθάπερ
1404 1383 1499 1436 καὶ
1558 1385 1718 1447 αὐτὸς
1747 1387 1774 1438 6
1821 1387 2024 1455 Κύριος

463 1467 633 1536 λέγει,
669 1471 784 1522 ὂτυ
824 1489 842 1522 ι
879 1472 1011 1525 Τότε
1039 1473 1363 1526 κλαύσονται
1411 1479 1583 1528 πᾶσαι
1623 1477 1678 1528 αἱ
1724 1477 1893 1545 φυλαὶ
1923 1479 2022 1546 τῆς

466 1563 588 1628 γῆς.
624 1581 642 1614 ι
681 1564 847 1616 Φυλαὶ
895 1564 952 1617 δέ
983 1567 1089 1618 είσι
1140 1569 1236 1636 τῆς
1277 1568 1378 1633 γῆς
1405 1571 1451 1620 οἱ
1489 1569 1563 1638 μὴ
1595 1570 1672 1636 τῷ
1703 1571 1760 1633 ἐξ
1790 1571 2023 1639 οὐρανοῦ

467 1651 674 1704 ἐλθόντι
713 1654 1201 1724 πειθαρχήσαντες,
1236 1659 1368 1726 μηδὲ
1405 1660 1496 1711 τὸν
1539 1660 1788 1729 οὐράνιον
1826 1663 2026 1726 εἰδότες

467 1745 559 1795 καὶ
628 1747 1046 1817 ἐπικαλούμενοι
1101 1751 1336 1819 Πατέρα,
1393 1752 1526 1821 μηδὲ
1560 1755 1692 1822 πρὸς
1726 1753 1911 1806 τοῦτον
1942 1756 2029 1808 διὰ

467 1845 564 1911 τῆς
596 1843 703 1896 τῶν
749 1845 922 1914 ἔργων
970 1849 1285 1917 ὁμοιᾶτητος
1347 1852 1713 1921 ἀναφέροντες
1757 1855 1816 1906 τδ
1850 1854 2027 1919 γένος.
2063 1848 2102 1902 Β
2131 1851 2224 1904 refl

1026 1849 1285 1917 ιοιᾶτητος
1347 1852 1713 1921 ἀναφέροντες
1757 1855 1816 1906 τδ
1850 1854 2027 1919 γένος.
2063 1848 2102 1902 Β
2131 1851 2391 1905 referunt.
2440 1850 2504 1903 Et
2543 1868 2728 1905 rursus
2771 1871 2783 1904 :

470 1939 577 1989 Καὶ
606 1938 767 1990 πάλιν
787 1954 803 1970 ’
831 1958 853 1990 ε
891 1940 974 2002 Ὦς
1005 1944 1170 2008 παγίς
1200 1944 1557 1997 ἐπελεύσεται
1582 1948 1612 2014 ἡ
1641 1947 1821 2014 ἡμέρα
1849 1949 2030 2017 ἐκείνη

470 2030 564 2083 ἐπὶ
604 2033 809 2094 πάντας
833 2035 958 2096 τοὺς
995 2035 1339 2104 καθημένους
1381 2039 1474 2091 ἐπὶ
1509 2041 1804 2108 πρόσωπον
1845 2043 2031 2111 πάσης

471 2123 565 2192 τῆς
587 2126 708 2192 γῆς,
747 2145 764 2175 ι
801 2128 1063 2191 τουτέστι,
1097 2132 1221 2192 τοὺς
1249 2133 1306 2182 ἐν
1340 2132 1617 2204 κραιπάλῃ
1647 2137 1738 2186 καὶ
1765 2136 1905 2206 μέθῃ
1936 2135 2031 2187 καὶ

469 2221 698 2284 τρυφαῖς
756 2221 851 2274 καὶ
892 2221 1184 2289 μερίμναις
1222 2222 1524 2291 βιωτικαῖς.
1569 2229 1630 2296 τῇ
1665 2229 1734 2295 γῇ
1787 2228 1881 2280 καὶ
1918 2229 2031 2289 τοῖς

471 2313 676 2379 γηϊνοιξ
702 2314 1183 2384 προσηλωμένους,
1215 2318 1312 2368 καὶ
1335 2318 1774 2386 προσανέχοντας
1808 2320 2031 2388 ὁλοσχε-

475 2405 580 2474 ρῶς
638 2409 749 2467 τοῖς
799 2404 1150 2474 φαινομένοις
1216 2406 1344 2459 κατ’
1399 2407 1652 2476 αἴσθησιν
1705 2408 2030 2476 εὐπρεπέσι,

473 2496 688 2564 πλούτῳ
724 2498 819 2550 καὶ
855 2495 982 2567 δόξῃ
1014 2499 1106 2550 καὶ
1133 2497 1294 2569 ἡδονῇ
1319 2514 1334 2530 ο
1376 2499 1464 2553 διὰ
1490 2500 1593 2569 μὶν
1616 2500 1724 2570 γὰρ
1748 2500 1843 2553 τοῦ
1869 2519 2035 2570 προσ-

475 2586 622 2639 ώπου
662 2588 757 2654 τῆς
815 2590 917 2656 γῆς
950 2589 1010 2641 το
1061 2589 1387 2660 φαινόμενον
1415 2593 1641 2662 ἐπίχαρι
1676 2592 1878 2663 ταύτης
1913 2595 2032 2664 ῂνί-

477 2678 625 2743 ξατο,
671 2678 758 2730 διὰ
786 2678 842 2731 δι
887 2677 980 2731 τοῦ
1011 2679 1285 2746 καθῆσθαι
1319 2684 1519 2746 αὐτοὺς
1562 2685 1758 2748 εἰπεῖν,
1789 2685 1886 2754 τὴν
1919 2686 2037 2737 ὲπί-

477 2788 640 2836 μονον
670 2771 847 2822 αὐτῶν
883 2771 974 2823 καὶ
1001 2773 1304 2826 ἰνδιάθετον
1354 2776 1709 2844 προσεδρίαν.
1763 2777 2034 2830 Συνάπτει

474 2862 530 2915 δὲ
556 2864 644 2916 διὰ
678 2864 782 2916 τῶν
821 2864 1077 2918 τοιούτων
1103 2866 1279 2934 λόγων
1338 2869 1466 2930 τοὺς
1512 2870 1905 2936 ἀμετανοήτως
1956 2871 2037 2932 εἰς

476 2954 629 3016 τέλος
678 2955 1019 3024 ἁμαρτόντας
1069 2959 1181 3019 τοῖς
1235 2957 1512 3019 ἀσεϐέσιν,
1556 2957 1630 3021 ὡς
1677 2960 1772 3010 καὶ
1811 2958 2038 3020 Ἡσαΐας

476 3045 907 3113 προηγόρευσεν,
962 3047 1086 3100 ὅτι·
1152 3065 1170 3099 ι
1221 3046 1684 3118 Ἐκκαυθήσονται
1735 3048 1785 3099 οί
1847 3047 2036 3116 ἄνομοι

479 3135 576 3187 καὶ
617 3136 666 3187 οἱ
703 3137 1021 3205 ἁμαρτωλοὶ
1079 3138 1218 3206 ἅμα,
1251 3141 1346 3191 καὶ
1377 3139 1474 3192 οὐκ
1504 3139 1656 3191 ἔσται
1688 3141 1715 3191 6
1747 3140 1978 3194 c6éowv.
2013 3156 2031 3190 ι

485 3245 504 3276 ι
566 3228 737 3295 Hitth
764 3228 821 3279 δὲ
848 3229 907 3281 τὸ
960 3229 1260 3296 πολίτευμα
1296 3231 1353 3281 ἐν
1375 3231 1625 3298 οὐρανοῖς
1653 3229 1909 3299 ὑπάρχει,
1940 3231 2036 3296 ἀφ’

478 3312 553 3371 ὧν
599 3321 694 3372 καὶ
742 3321 970 3387 Σωτῆρα
998 3320 1434 3389 ἀπεκδεχόμεθα,
1475 3341 1493 3371 ι
1533 3323 1695 3389 φησὶν
1722 3326 1749 3374 6
1778 3321 2036 3374 Ἀπόστο-

479 3411 567 3472 io;
587 3427 599 3439 ·
632 3410 744 3473 καί,
782 3429 800 3461 r
835 3410 1017 3477 Ὑμεῖς
1045 3411 1108 3462 ὲκ
1137 3409 1229 3462 τοῦ
1260 3409 1464 3476 κόσμου
1499 3408 1690 3461 τούτου
1713 3409 1814 3462 οὐκ
1833 3409 1978 3471 ἐστὲ,
2010 3428 2028 3460 ι

479 3504 615 3572 πρὸς
653 3503 780 3565 τοὺς
837 3502 1000 3564 ίδίους
1057 3501 1301 3571 μαθητὰς
1353 3501 1537 3569 ἔλεγεν
1567 3502 1596 3554 6
1624 3501 1860 3570 Κύριος⁶
1896 3501 2033 3570 πρὸς

2196 1113 2362 1185 Igitur
2394 1116 2477 1171 illa
2508 1118 2728 1187 quidem
2761 1121 2939 1171 omnia
2971 1121 3231 1188 singulari
3268 1123 3493 1175 horron:
3527 1121 3686 1189 plena

2122 1220 2268 1271 sunt,
2298 1211 2392 1264 sed
2431 1212 2494 1265 iis
2525 1213 2613 1279 qni
2641 1213 2692 1265 in
2727 1212 3044 1266 infidelitate
3073 1222 3125 1266 et
3154 1215 3418 1281 injustitia
3447 1222 3501 1268 et
3531 1215 3691 1280 igna-
3784 1228 3787 1229 '

2125 1305 2289 1356 vitate
2321 1304 2484 1356 vitam
2516 1307 2858 1371 pertrahunt,
2881 1306 3076 1374 quibus
3111 1307 3362 1376 praedicm
3394 1309 3687 1360 tristiorem

2125 1401 2326 1447 sortem
2352 1395 2648 1456 minantur,
2685 1395 3141 1462 quemadmodum
3172 1397 3286 1464 ipse
3310 1396 3573 1449 Dominus
3605 1396 3690 1448 di-

2122 1483 2196 1538 cit
2228 1500 2241 1536 :
2275 1502 2292 1534 ι
2328 1482 2475 1538 Tune
2497 1484 2754 1550 lugebunt
2786 1501 2976 1540 omnes
3009 1488 3179 1541 trilms
3209 1495 3371 1540 terrae
3403 1505 3447 1541 ι.
3481 1485 3680 1540 Tribus

2124 1584 2278 1629 terrae
2323 1585 2447 1628 sunt
2491 1577 2581 1643 qui
2630 1577 2866 1632 venienti
2907 1593 2936 1631 e
2971 1577 3108 1632 crelo
3149 1593 3255 1631 non
3291 1577 3689 1639 obediverunt;

2125 1667 2214 1735 qui
2246 1668 2520 1720 caelestem
2564 1668 2776 1721 Patrem
2815 1684 2912 1722 nec
2943 1676 3312 1736 cognoverunt
3339 1682 3438 1721 nec
3470 1668 3694 1720 invoca-

2130 1770 2344 1821 verunt,
2384 1776 2483 1812 nec
2527 1761 2643 1828 ejus
2672 1775 2843 1827 genus
2885 1776 2980 1827 per
3010 1776 3232 1829 operum
3280 1760 3692 1812 similitmlinem

2829 1871 2849 1901 ι
2901 1851 3181 1920 Tanquam
3225 1851 3450 1920 laqueus
3499 1866 3692 1917 super-

2135 1943 2452 1998 venietdies
2501 1943 2585 1996 illa
2628 1945 2676 1997 in
2709 1960 2896 1998 omnes
2925 1945 3015 2014 qui
3057 1944 3247 1998 sedent
3274 1958 3437 2012 super
3494 1942 3690 1995 facient

2136 2044 2291 2090 terra:
2314 2038 2378 2088 ".
2414 2056 2431 2086 ι
2490 2037 2544 2089 Id
2583 2049 2688 2098 est,
2745 2038 2796 2089 in
2831 2052 2924 2089 eos
2961 2038 3052 2104 qui
3109 2037 3368 2101 crapulm,
3418 2034 3695 2096 ebrietati,

2133 2129 2295 2185 escis.
2349 2128 2571 2192 vitaeque
2623 2126 3108 2191 sollicitudinibus,
3167 2139 3324 2181 terra:
3357 2134 3412 2181 et
3464 2124 3696 2180 terrenis

2133 2220 2288 2289 quasi
2314 2219 2451 2273 allixi
2486 2222 2760 2274 adltzerent
2783 2239 2795 2284 ;
2821 2222 2910 2289 qui
2941 2219 3218 2288 indulgent
3238 2221 3462 2273 omnino
3481 2220 3558 2273 eis
3580 2236 3698 2286 qua:

2133 2325 2324 2365 sensus
2351 2311 2605 2370 mulcent,
2626 2312 2848 2371 divitiis,
2876 2311 3056 2379 gloriae
3074 2311 3540 2378 etvoluptatihus;
3571 2327 3694 2363 nam

2135 2419 2230 2473 per
2257 2403 2445 2456 faciem
2477 2413 2635 2455 terra:
2664 2413 3011 2471 apparentem
3038 2417 3225 2455 eorum
3257 2403 3498 2455 laetitiam
3532 2402 3703 2458 incul-

2136 2497 2284 2550 cavit
2305 2513 2319 2559 ;
2340 2495 2567 2549 dicendo
2591 2507 2772 2548 autem
2798 2507 2892 2547 eos
2921 2494 3133 2556 sedere,
3163 2501 3501 2547 constantem
3527 2504 3580 2547 et
3608 2510 3702 2548 na-

2136 2588 2366 2643 turalem
2397 2586 2858 2653 perseverantiam
2892 2585 3241 2653 signiﬁcavit.
3279 2584 3483 2649 Quibus
3515 2586 3697 2638 verbis

2136 2692 2255 2730 cum
2304 2677 2479 2744 impiis
2514 2674 2723 2729 confert
2773 2685 3081 2743 peccatores
3113 2675 3232 2730 sine
3275 2677 3593 2743 poenitentia
3642 2677 3698 2730 in

2139 2768 2297 2820 finem
2325 2767 2722 2835 delinquentes,
2760 2768 2900 2821 sicut
2935 2767 3109 2819 Isaias
3163 2768 3412 2834 prazdixit
3455 2768 3640 2821 dicens
3679 2786 3695 2821 :

2145 2879 2162 2911 ι
2192 2860 2592 2914 Combnrentur
2627 2860 2814 2928 injusti
2848 2870 2901 2914 et
2933 2868 3248 2929 peccatores
3284 2859 3468 2933 simul,
3500 2868 3553 2914 et
3591 2875 3714 2914 non.

2138 2954 2242 3005 erit
2280 2953 2368 3020 qui
2423 2952 2733 3022 exstinguat
2764 2952 2832 3004 ⁵⁸.
2872 2970 2891 3002 ι
2943 2951 3137 3006 Nostra
3172 2962 3350 3005 autem
3405 2952 3600 3004 civitas
3647 2951 3701 3003 in

2139 3039 2290 3096 caelis
2318 3052 2418 3098 est.
2449 3042 2592 3094 unde
2624 3041 2788 3094 etiam
2826 3040 3164 3095 Salvatorem
3190 3053 3594 3108 exspectamus.
3627 3041 3706 3092 ait

2138 3135 2421 3202 Apostolus
2440 3134 2517 3198 ";
2539 3141 2642 3198 et,t
2659 3133 2764 3188 Vos
2785 3134 2851 3187 de
2879 3133 2981 3186 hoc
2999 3134 3200 3188 mundo
3220 3149 3326 3186 non
3346 3135 3501 3196 estis,
3516 3150 3534 3184 ι
3563 3133 3702 3186 dixit

2138 3227 2394 3280 Dominus
2419 3226 2693 3292 discipulis
2722 3227 2870 3290 suis;
2895 3226 3090 3294 quibus
3123 3226 3317 3280 iterum
3350 3225 3488 3279 dixit
3518 3240 3533 3276 :
3563 3242 3582 3276 ι
3610 3223 3704 3279 llis

2137 3326 2312 3369 autem
2347 3316 2458 3369 fieri
2493 3315 2894 3381 incipientibus,
2924 3317 3273 3380 respicite,et
3315 3316 3489 3369 levate
3521 3317 3699 3383 capita

2137 3417 2315 3460 vestra
2379 3424 2392 3460 :
2467 3407 2718 3474 quoniam
2787 3409 3181 3476 appropinquat
3246 3408 3544 3476 redemptio
3615 3422 3702 3461 ve-

2134 3511 2245 3554 stra
2269 3499 2337 3550 ⁸³.
2364 3518 2380 3548 ι

479 3598 571 3657 οὓς
601 3599 761 3651 πάλιν
791 3596 973 3666 ερησὶν,
1021 3598 1102 3679 ὅτι
1140 3615 1156 3642 σ
1196 3597 1416 3649 Τούτων
1457 3597 1676 3651 πάντων
1697 3597 2033 3666 τελουμένων
2057 3594 2372 3664 ἀνακύψατε
2397 3595 2490 3646 καὶ⁵
2510 3594 2747 3663 ἐπάρατε
2769 3593 2868 3656 τὰς
2901 3594 3142 3661 κεφαλὰς
3174 3594 3346 3664 ὑμῶν,
3380 3595 3460 3646 ὅτι
3494 3593 3702 3662 ἐγγίζει

481 3697 513 3764 ὴ
543 3692 912 3762 ἀπολύτρωσις
945 3691 1117 3758 ὑμῶν.
1153 3708 1172 3740 ι

564 3790 756 3859 Ὁρᾶτε
791 3787 862 3848 ὡς
895 3790 940 3839 οἱ
965 3789 1106 3839 κατὰ
1128 3784 1360 3854 Χριστὸν
1383 3784 1583 3847 ζῶντες
1611 3785 1704 3836 ἐπὶ
1733 3786 1843 3846 τοῖς
1874 3783 2036 3846 εὐθὺς

486 3883 603 3950 μετ’
641 3881 822 3931 ἐκεῖνα
851 3879 1155 3945 γινομένοις
1184 3877 1356 3947 χαρᾶς
1373 3877 1465 3929 καὶ
1491 3876 1802 3949 παρρησίας
1827 3875 2034 3942 ἀφάτου

481 3973 838 4044 πληροῦνται,
869 3975 915 4025 oi
950 3971 1004 4024 δὲ
1039 3973 1178 4024 κατᾶ
1212 3971 1388 4039 σάρκα
1413 3969 1636 4034 ζῶντες,
1662 3970 1923 4039 αἰσχύνης
1943 3970 2039 4022 καὶ

480 4064 668 4130 ὀδύνης
703 4063 792 4114 καὶ
817 4061 1155 4130 κατηφείας;
1191 4059 1332 4111 καθᾶ
1373 4061 1464 4111 καὶ
1497 4061 1525 4111 6
1574 4060 1782 4120 Παῦλος
1822 4059 1919 4129 βοᾷ
1948 4059 2038 4110 λέ-

481 4169 624 4224 γων⁸
667 4171 685 4204 ι
735 4154 795 4203 '0
836 4151 968 4212 Θεὸς
1019 4149 1288 4201 ἀποδώσει
1354 4150 1568 4218 ἑκάστῳ
1628 4152 1769 4201 κατὰ
1806 4152 1874 4202 τὰ
1905 4151 2037 4218 ἔργα

480 4243 641 4296 αὑτοῦ
661 4258 675 4272 ⁸
711 4243 822 4305 τοῖς
853 4241 950 4310 μὲν
980 4240 1099 4292 καθ’
1130 4239 1406 4308 ὑπομονὴν
1449 4239 1612 4308 ἔργου
1643 4241 1847 4308 ἀγαθοῦ
1879 4241 2038 4306 δόξαν

482 4336 576 4386 καὶ
606 4332 768 4400 τιμὴν
823 4331 918 4383 καὶ
950 4331 1261 4400 ἀφθαρσίαν
1313 4329 1535 4398 ζητοῦσι
1586 4331 1730 4401 ζωὴν
1798 4333 2033 4397 αἰώνιον,

480 4423 590 4484 τοῖς
620 4422 675 4474 δὲ
703 4419 987 4473 ἀπειθοῦσι
1014 4419 1111 4487 μὲν
1145 4422 1208 4488 τῇ
1237 4419 1484 4489 ἀληθεία,
1525 4420 1863 4490 πειθομένοις
1889 4423 1944 4475 δὲ
1970 4426 2034 4492 τῇ

2215 3780 2492 3834 Videtisne
2522 3782 2797 3847 quomodo
2819 3780 3065 3831 viventes
3093 3778 3387 3831 secundum
3424 3776 3716 3829 Christum

2144 3883 2366 3943 propter
2396 3889 2456 3927 ea
2490 3889 2609 3941 qua:
2642 3871 2722 3927 eis
2749 3874 2933 3924 statim
2966 3881 3085 3937 post
3119 3871 3206 3923 illa
3237 3871 3535 3924 obventura
3577 3883 3706 3924 sunt

2145 3966 2337 4033 gaudio
2364 3974 2416 4017 et
2452 3963 2780 4016 confidentia
2816 3960 3074 4015 ineﬂabili
3110 3962 3413 4028 replentur.
3452 3963 3702 4014 viventes

2143 4063 2321 4107 autem
2355 4052 2653 4106 secundum
2687 4067 2931 4114 carnem,
2964 4054 3191 4120 pudore,
3220 4053 3404 4105 dolore
3432 4062 3484 4104 et
3511 4052 3716 4103 confu-

2141 4145 2335 4199 sione?
2364 4143 2493 4208 Quae
2525 4144 2724 4198 Paulus
2757 4146 2960 4197 clamat
2988 4145 3173 4197 dicens
3208 4160 3221 4197 :
3264 4162 3282 4195 ι
3322 4146 3459 4198 Dens
3515 4143 3704 4196 reddet

2139 4236 2436 4303 unicuique
2470 4236 2769 4289 secundum
2802 4250 2972 4303 opera
3027 4234 3182 4301 ejus;
3234 4235 3300 4287 iis
3349 4236 3570 4302 quidem
3609 4236 3701 4302 qni

2141 4327 2440 4380 sv'cnndum
2476 4327 2788 4394 patientiam
2817 4328 2942 4379 boni
2982 4327 3168 4394 operis
3195 4326 3419 4390 gloriam
3447 4334 3500 4378 et
3533 4328 3702 4377 hono—

2140 4433 2252 4470 rem
2283 4429 2337 4470 et
2366 4418 2827 4485 incorruptionem
2864 4430 3134 4485 quaarnnt,
3186 4419 3352 4470 vitam
3397 4431 3654 4470 aaternam
3683 4435 3697 4480 ;

480 4512 662 4580 ἀδικία
694 4511 863 4578 θυμὸς
896 4511 989 4563 καὶ
1026 4510 1162 4581 ὀργή
1189 4510 1200 4561 l
1244 4510 1420 4573 θλίψις
1457 4511 1550 4564 καὶ
1594 4513 1918 4581 στενοχωρία
1942 4514 2035 4566 ἐπὶ
2061 4538 2112 4597 D
2140 4510 2203 4562 iis

1942 4514 2035 4566 ἐπὶ
2061 4538 2112 4597 D
2140 4510 2203 4562 iis
2243 4519 2421 4561 autem
2447 4510 2536 4577 qui
2573 4521 2699 4563 sunt
2725 4525 2787 4561 ex
2824 4509 3196 4574 contentione,
3237 4521 3291 4562 et
3338 4512 3428 4578 qui
3466 4524 3571 4562 non
3605 4524 3699 4563 ac-

481 4605 662 4655 πᾶσαν
718 4601 896 4671 ψυχὴν
944 4601 1251 4671 ἀνθρώπου,
1306 4603 1400 4653 τοῦ
1457 4605 1934 4672 κατεργαζομένου
1973 4607 2032 4658 τὸ

482 4693 671 4744 κακόν.
705 4709 726 4744 ι
771 4693 894 4743 Ἐπὶ
935 4691 1032 4758 μὲν
1061 4692 1168 4760 γὰρ
1195 4691 1286 4743 τοῦ
1308 4692 1429 4744 Νῶέ
1461 4711 1586 4745 ποτε
1626 4695 1724 4762 τῆς
1757 4697 2034 4766 ἁμαρτίας

482 4782 825 4849 αὐξηθείσης,
875 4781 970 4834 καὶ
1021 4781 1220 4843 παντὸς
1284 4783 1376 4835 τοῦ
1441 4784 1780 4852 ἀνθρωπίνου
1848 4789 2032 4855 σχεδὸν

481 4873 670 4938 γένους
723 4874 1192 4942 ἐπικρατησάσης,
1259 4876 1643 4941 κατακλυσμὸς
1687 4877 1908 4945 γέγονεν
1929 4880 2032 4931 ὑπὸ

481 4960 637 5024 Θεοῦ,
698 4961 963 5029 ἐκτρίϐων
1011 4964 1194 5014 πᾶσαν
1256 4963 1446 5031 πνοὴν,
1473 4964 1565 5017 τοῦ
1605 4967 1812 5018 δικαίου
1867 4968 2030 5035 μόνου

483 5055 703 5104 πανοικὶ
731 5053 1095 5121 φυλαχθὲν-τος
1133 5055 1267 5122 πρὸς
1293 5056 1545 5122 δευτέρου
1568 5058 1770 5126 κόσμου
1796 5059 2029 5121 γένεσιν.

481 5144 591 5197 Καὶ
633 5145 750 5212 μετ’
776 5146 937 5196 αὑτὸν
972 5146 1131 5197 πάλιν
1151 5147 1248 5215 τὴν
1269 5148 1466 5201 κακίαν
1495 5149 1867 5215 ὑλομανοῦσαν
1893 5154 2032 5204 κατὰ

483 5236 648 5303 μέρος
671 5237 698 5286 6
729 5235 860 5296 Θεὸς
888 5235 1241 5303 ὑπετέμνετο,
1290 5239 1424 5305 πυρὶ
1456 5240 1552 5305 μὲν
1588 5240 1712 5299 τοὺς
1745 5241 2033 5310 Σοδομίτας

481 5325 895 5394 ἁποτεςρρώσας,
933 5325 1173 5398 θαλάσσῃ
1213 5328 1270 5378 δὲ
1326 5330 1449 5388 τοὺς
1483 5330 1831 5398 Φαραωνίτας
1888 5332 2032 5397 ἐξαι-

483 5416 613 5478 σίως
644 5417 1059 5481 καταποντίσας,
1109 5419 1378 5470 Ἰουδαίων
1429 5421 1484 5472 δὲ
1514 5421 1574 5473 τὸ
1606 5422 1907 5490 πάντολμον
1941 5425 2034 5490 γέ-

479 5523 568 5565 vo;
600 5505 742 5574 λιμῷ
780 5506 874 5557 καὶ
904 5510 1087 5559 στάσει
1117 5508 1209 5560 καὶ
1255 5507 1428 5571 νόσόις
1457 5511 1550 5562 καὶ
1599 5514 1811 5575 ποιναῖς
1843 5513 2034 5578 ἐξαναο

478 5595 659 5658 λώσας
688 5599 933 5666 πικραῖς.
988 5599 1062 5650 Οὐ
1091 5599 1198 5668 μὴν
1228 5602 1338 5662 τοῖς
1393 5602 1680 5672 αὐστηροῖς
1718 5605 2033 5674 φαρμάκοις

549 5777 601 5806 ⁸⁵
644 5775 774 5832 Luc.
807 5794 914 5843 xu,
947 5779 1032 5834 56.
1112 5781 1281 5837 "lsa.
1307 5799 1345 5849 ι,
1372 5783 1460 5837 51.

1542 5787 1580 5816 ⁵⁷
1609 5786 1836 5856 Philipp.
1875 5803 1953 5852 nt,
1986 5786 2074 5840 20.
2153 5790 2194 5822 °"
2235 5789 2362 5843 Luc.
2394 5806 2502 5852 xu,
2533 5789 2622 5844 28.

2138 4601 2427 4667 quiescunt
2456 4601 2692 4660 veritati.
2720 4603 2948 4653 credunt
2993 4612 3169 4654 autem
3204 4602 3497 4669 iniquitati,
3537 4603 3611 4653 ira
3646 4614 3700 4655 et

2140 4691 2476 4758 indignatio!
2510 4690 2814 4744 Tribulatio
2853 4703 2906 4745 et
2943 4693 3193 4760 angusda
3227 4693 3280 4745 in
3326 4709 3541 4746 omnetn
3581 4693 3695 4746 ani-

2139 4796 2278 4834 mam
2311 4782 2547 4835 hominis
2571 4785 2852 4850 operantis
2883 4785 3084 4836 malum
3115 4786 3182 4838 ⁸⁵.
3217 4802 3234 4835 ι
3274 4783 3330 4837 In
3363 4785 3552 4838 diebus
3581 4787 3714 4853 qui-

2138 4872 2258 4925 dent
2288 4871 2418 4933 Noe.
2461 4886 2841 4926 succrescente
2879 4875 3186 4942 iniquitate,
3229 4883 3284 4927 et
3326 4872 3437 4927 fere
3468 4875 3562 4926 tuli
3598 4875 3699 4926 htt-

2138 4979 2296 5017 mano
2354 4965 2535 5032 generi
2597 4964 2920 5030 imperante,
2981 4967 3244 5018 diluvium
3305 4981 3333 5019 α
3378 4966 3486 5018 Deo
3531 4967 3697 5028 venit,

2139 5065 2424 5109 conterens
2449 5069 2660 5108 omnem
2700 5057 2960 5121 animam,
2991 5059 3141 5126 justo
3189 5072 3294 5111 uno
3335 5067 3545 5110 tantum
3574 5074 3694 5111 cum

2137 5148 2296 5199 domo
2322 5160 2415 5199 sua
2455 5148 2747 5208 custodito,
2768 5163 2831 5200 ex
2865 5163 2970 5215 quo
3003 5163 3174 5201 novus
3204 5157 3517 5202 nasceretur
3543 5164 3701 5205 mnn-.

2136 5241 2255 5294 dus.
2309 5241 2516 5295 Rursus
2567 5252 2692 5309 post
2737 5257 2857 5296 eum
2907 5242 3317 5311 multiplicatam
3357 5243 3696 5309 iniquitatem

2135 5346 2227 5400 per
2262 5341 2437 5400 partes
2473 5331 2614 5386 Deus
2650 5333 2936 5395 resecavit,
2977 5332 3100 5399 igne
3133 5334 3348 5402 quidem
3390 5330 3712 5386 Sodomitas

2138 5423 2486 5485 comburens,
2513 5425 2644 5476 mari
2678 5433 2857 5476 autem
2899 5423 3200 5478 Pharaonis
3227 5424 3527 5477 exercitum
3568 5440 3693 5491 pro-

2141 5514 2348 5583 digiose
2386 5514 2730 5580 innuergens,
2775 5518 2948 5568 audax
2993 5531 3117 5569 vero
3166 5516 3474 5570 Jndteorum
3528 5534 3696 5586 genus

2140 5606 2304 5670 fante,
2342 5607 2622 5673 seditione,
2651 5608 2851 5661 morbis
2881 5617 2932 5659 et
2959 5609 3134 5677 pinnis
3159 5609 3515 5679 depopulatus
3545 5625 3697 5665 acer.-

2711 5791 2754 5822 ”
2784 5789 2939 5846 lion).
2977 5807 3034 5854 ιι,
3069 5790 3186 5845 6-9.
