4450 6444
460 418 528 485 53
1820 426 2147 495 ΗΟΜῘΙΛΛ
2192 437 2211 494 Ι

1938 433 2147 495 ΜῘΙΛΛ
2192 436 2286 494 Η.
3623 424 3695 488 ες

461 533 663 601 κρίσιν,
694 533 815 588 οὐδὲ
841 534 998 602 λόγου
1031 535 1252 602 ἀξιώσει
1282 540 1432 605 τινός
1452 557 1466 573 ⁸
1503 544 1755 617 οὐδὲγὰρ
1794 547 2029 615 ἀναστήο
2058 555 2101 606 Λ
2131 555 2208 598 est

1938 547 2029 615 τήο
2058 555 2101 606 Λ
2131 555 2234 606 est,
2260 544 2350 598 sed
2383 546 2434 598 in
2472 544 2943 599 comlcmnatione.
2984 540 3243 597 Producet
3274 548 3450 595 autem
3480 541 3531 595 in
3554 541 3695 610 judi-

462 640 642 675 σονται
703 624 921 688 ἀσεϐεῖς
975 628 1034 679 ἐν
1083 629 1262 695 κρίσει
1307 633 1448 687 κατά
1502 634 1564 688 τὸ
1616 638 2017 707 γεγραμμένον,

460 712 577 766 ἀλλ’
598 717 655 768 ἐν
683 722 1029 787 κατακρίσει.
1072 722 1344 791 Προθήσει
1373 724 1430 777 δὲ
1464 726 1543 788 εἰς
1582 728 1764 795 κρίσιν
1789 728 1857 780 τὰ
1886 730 2022 797 ήμὲο

458 820 591 889 τερα
640 804 837 871 πάντα,
897 813 1038 865 κατὰ
1074 814 1172 882 τήν
1226 817 1467 884 σήμερον
1505 818 2022 889 ἀναγινωσκομένη)

458 887 552 950 τὶῦ
592 899 923 968 Εὐαγγελίου
949 907 1132 972 φωνήν
1155 924 1168 937 ·
1203 925 1222 956 ε
1265 908 1433 960 Ὅταν
1462 910 1591 977 γὰρ.
1627 912 1811 978 φησὶν,
1842 887 2023 981 ἐλθῃδ

462 989 590 1053 Υίδς
649 993 741 1045 τοῦ
776 995 1064 1065 ἀνθρώπου
1098 999 1155 1049 ἐν
1187 1001 1255 1067 τῇ
1290 1000 1415 1070 δόξῃ
1449 1001 1636 1065 αὐτοῦ,
1695 1004 1787 1056 καὶ
1824 1003 2023 1066 πάντες

458 1085 506 1135 oi
537 1084 679 1150 ἆγιοι
740 1087 961 1155 ἄγγελοι
1000 1091 1118 1158 μετ’
1148 1092 1334 1146 αὐτοῦ.
1385 1111 1403 1144 ι
1482 1094 1601 1145 Ἐπὶ
1648 1095 1745 1162 μὲν
1776 1095 1885 1163 γάρ
1925 1096 2022 1163 τῆς

462 1174 734 1244 προτέρας
788 1178 954 1232 αὐτοῦ
989 1183 1292 1251 παρουσίας
1350 1183 1655 1254 ἐκρύπτετο
1708 1186 1901 1253 ήδόξα
1927 1186 2023 1253 τῆς

462 1264 627 1317 αὐτοῦ
679 1266 930 1337 θεότητος
987 1270 1093 1323 ὑπὸ
1123 1271 1223 1339 τὴν
1249 1273 1449 1341 σάρκα,
1502 1275 1569 1343 ἢν
1601 1275 1840 1344 ἐξήμῶν
1886 1277 2024 1346 ὑπὲρ

462 1357 620 1425 ήμῶν
653 1359 884 1413 ἀνέλαϐε
908 1376 921 1391 ⁸
951 1360 1045 1414 νῦν
1074 1362 1129 1415 δὲ
1160 1363 1461 1432 κρύπτεται
1507 1365 1642 1434 πρὸς
1672 1367 1762 1418 τὸν
1805 1368 2023 1435 Πατέρα

463 1447 531 1498 ἐνί
569 1448 646 1516 τῷ
704 1450 914 1520 οὐρανῷ
971 1453 1109 1519 μετά
1148 1455 1245 1523 τῆς
1270 1455 1497 1523 ὀμοθὲου
1546 1457 1773 1527 σαρκὸς,
1811 1459 1931 1510 τότε
1966 1460 2023 1512 δέ

464 1542 645 1593 πᾶσαν
666 1542 963 1612 ἐπικαλύψει
996 1546 1094 1613 τὴν
1118 1546 1275 1611 δόξαν
1296 1564 1310 1577 ο
1355 1547 1462 1600 ἀπὸ
1488 1547 1596 1617 γάρ
1623 1548 1898 1601 ἀνατολῶν
1922 1550 2028 1611 ἕως

461 1628 682 1694 δυσμῶν
716 1638 965 1700 φανεῖται
1000 1635 1253 1705 λάμπων,
1286 1639 1467 1689 ἀκτῖσι
1510 1637 1760 1705 θεότητος
1796 1655 2027 1703 περιαυ-

462 1720 648 1789 γάζων
692 1725 764 1776 τὰ
812 1725 1047 1795 πέρατα,
1094 1726 1441 1795 παγκοσμίου
1475 1726 1568 1778 καὶ
1602 1725 1868 1788 ζωοποιοῦ
1898 1728 2029 1779 σάλ-

463 1830 660 1882 πιγγος
716 1819 1111 1885 περιηχούσης,
1167 1836 1259 1877 και
1305 1818 1687 1887 συγκαλούσης
1737 1819 1855 1888 ἅμα
1891 1821 2027 1888 πρὸς

2126 635 2267 687 ciqu
2317 645 2499 689 nostra
2560 635 2761 695 omnia,
2798 634 3094 688 secundum
3152 633 3311 687 hodie
3362 633 3692 700 recognitum

2124 722 2395 795 Evangelii
2441 740 2653 791 vocem;
2686 725 2755 777 ait
2813 723 2992 778 enim:
3024 740 3042 773 ι
3072 715 3207 775 (Ξυίιι
3259 722 3471 776 venerit
3527 721 3695 775 Filius

2126 816 2362 871 hominis
2395 817 2445 869 iu
2476 816 2642 885 gloria
2680 815 2817 881 ejus,
2849 823 2903 869 et
2934 828 3122 868 omnes
3150 812 3321 867 sancti
3354 811 3529 881 angeli
3571 825 3693 865 cum

2123 921 2205 962 eo.
2245 924 2263 958 ι
2296 906 2484 961 Priore
2515 906 2726 975 quidem
2759 909 2990 960 adventu
3034 904 3233 960 latebat
3262 904 3432 975 gloria
3468 903 3585 972 ejus
3616 902 3696 955 di-

2124 996 2364 1050 vinitatis
2382 994 2481 1050 sub
2510 1010 2849 1061 carnequam
2886 1011 2949 1049 ex
2980 994 3133 1049 nobis
3156 1009 3255 1063 pro
3282 994 3438 1049 nobis
3458 1008 3699 1062 assump-

2125 1087 2218 1149 sit;
2247 1101 2387 1139 itunc
2413 1100 2542 1140 vero
2564 1086 2691 1139 latet
2711 1087 2762 1137 in
2787 1086 2904 1138 sinu
2930 1085 3103 1140 Patris
3133 1086 3184 1139 in
3207 1084 3344 1140 coelo
3369 1100 3490 1140 cum
3513 1086 3697 1139 divina

2125 1178 2242 1248 eius
2264 1194 2428 1233 carne
2455 1197 2467 1241 ;
2505 1190 2631 1233 tunc
2655 1188 2831 1233 autem
2863 1189 3025 1233 totam
3054 1179 3419 1233 manifestabit
3448 1178 3697 1249 gloriam.

2127 1269 2307 1324 Numa
2335 1269 2462 1323 solis
2476 1278 2596 1323 ortu
2622 1284 2793 1338 usque
2832 1269 2898 1323 ad
2922 1284 3168 1323 occasum
3209 1269 3479 1324 videbitur
3516 1269 3702 1338 splen-

2127 1362 2281 1424 dens,
2315 1360 2480 1414 radiis
2527 1358 2827 1415 divinitatis
2862 1358 2992 1413 ﬂues
3039 1358 3369 1425 illuminans,
3404 1359 3700 1415 universali

2128 1462 2181 1509 et
2214 1452 2421 1508 viviﬁca
2451 1461 2777 1522 personante
2810 1452 2956 1518 tuba,
2987 1451 3257 1521 simulque
3297 1452 3364 1505 ad
3407 1467 3528 1505 eum
3570 1466 3701 1505 con—

2129 1556 2354 1601 vocante
2370 1545 2572 1599 omnia.
2595 1542 2752 1598 Prius
2769 1546 2987 1613 quidem
3012 1544 3231 1613 angelos
3251 1543 3526 1603 excitabit,
3545 1543 3704 1595 modo

2132 1646 2313 1693 autem
2358 1635 2633 1697 invisibili,
2662 1650 2911 1701 represso
2940 1650 3127 1689 eorum
3179 1635 3295 1688 zelo
3327 1635 3586 1689 adversus
3619 1634 3707 1687 ad-

2132 1730 2404 1784 versarios
2458 1727 2587 1790 Dei;
2632 1726 2904 1793 posterius
2957 1742 3085 1780 vero
3139 1726 3315 1793 palam
3379 1725 3576 1789 veniet,
3608 1739 3706 1778 nec

2137 1820 2355 1883 tacebit,
2394 1818 2490 1872 sed
2535 1816 2812 1871 convictos
2854 1818 3027 1885 pomis
3083 1816 3259 1870 tradet
3305 1830 3401 1871 eos
3455 1815 3547 1884 qui
3600 1830 3704 1868 non

464 1907 627 1961 αὐτὸν
683 1910 754 1963 τά
809 1910 1008 1964 πάντα.
1040 1912 1149 1964 Καὶ
1174 1912 1301 1973 τοὺς
1339 1912 1603 1978 ἀγγέλους
1646 1912 1898 1978 ἐπείγετο
1933 1911 2028 1978 μὲν
2064 1905 2103 1957 Β
2133 1913 2221 1965 ob:

720 1910 754 1963 ἀ
809 1910 1008 1964 πάντα.
1040 1912 1149 1964 Καὶ
1174 1912 1301 1973 τοὺς
1339 1912 1603 1978 ἀγγέλους
1646 1912 1898 1978 ἐπείγετο
1933 1911 2028 1978 μὲν
2064 1905 2103 1957 Β
2133 1911 2476 1966 obctlierunt.

465 2000 560 2052 καὶ
586 2002 872 2072 πρότερον,
901 2003 1015 2055 ἀλλ’
1035 2003 1281 2072 ἀφανῶς,
1303 2004 1515 2073 ἐπέχων
1545 2006 1634 2057 τὸν
1660 2006 1839 2058 αὐτῶν
1870 2004 2031 2070 ζῆλον
2071 2005 2212 2058 κατὰ
2241 2005 2350 2057 τῶν
2393 2005 2811 2076 θεομαχούντων
2836 2020 2849 2035 ·
2887 2002 3115 2073 ὕστερον
3183 2003 3239 2057 δέ
3270 2002 3531 2072 ἐμφανῶς
3585 1999 3709 2070 ἥξει

465 2095 560 2148 καὶ
605 2096 667 2147 ού
705 2100 1216 2166 παρασιωπήσεται,
1252 2099 1353 2167 21
1387 2099 1523 2153 ἀλλά
1558 2100 1651 2153 καὶ¹
1684 2100 1889 2168 ἐλέγξει
1923 2101 2017 2153 καὶ
2060 2100 2369 2169 παραδώσει
2400 2103 2523 2162 ταῖς
2559 2101 2774 2162 ποιναῖς
2799 2098 2931 2159 τοὺς
2951 2097 3225 2159 ἀπειθεῖς.

540 2207 558 2239 ι
601 2190 771 2242 Ὅταν
805 2184 899 2242 οὖν
932 2189 1059 2261 ἔλθῃ
1077 2195 1103 2243 ό
1131 2191 1258 2252 Υἱὸς
1283 2190 1374 2243 τοῦ
1404 2189 1690 2261 ἀνθρώπου
1718 2194 1777 2244 ἐν
1809 2194 1876 2261 τῇ
1904 2190 2031 2261 δόξῃ

465 2279 652 2346 αὑτοῦ,
710 2282 803 2335 καὶ
862 2283 1065 2343 πάντες
1124 2283 1171 2335 οἱ
1222 2281 1368 2350 ἆγιοι
1405 2284 1627 2351 ἄγγελοι
1682 2285 1799 2352 μετ’
1839 2286 2028 2348 αὑτοῦ,

462 2370 609 2435 τότε,
632 2370 788 2442 φησὶ,
827 2371 1044 2424 καθίσει
1071 2373 1162 2424 ἐπὶ
1192 2372 1385 2442 θρόνου
1409 2373 1566 2441 δόξης
1596 2373 1792 2426 αὐτοῦ·
1833 2393 1853 2425 ι
1885 2374 2029 2427 οὕτω

464 2461 576 2529 γὰρ
604 2464 697 2515 καὶ
723 2464 751 2516 ό
777 2463 974 2534 Δανιὴλ
1012 2465 1106 2517 καὶ
1144 2464 1363 2535 προεῖδε
1391 2464 1486 2517 καὶ
1510 2468 1774 2536 προεῖπεν
1798 2483 1806 2490 ⁸
1841 2484 1858 2515 ι
1896 2466 2029 2518 Ἰδοὺ

467 2552 597 2621 γὰρ,
651 2553 804 2624 φησὶ,
851 2554 1032 2623 θρόνοι
1085 2556 1370 2625 ἐτέθησαν,
1427 2556 1522 2610 καὶ
1553 2556 1780 2618 παλαιὸς
1805 2556 2029 2627 ἡμερῶν

467 2644 691 2697 ἐκάθισε
710 2659 724 2674 ⁸
767 2644 864 2698 καὶ
896 2642 1035 2699 εἶδον
1052 2648 1124 2709 ὡς
1151 2648 1264 2700 υἱὸν
1290 2647 1577 2717 ἀνθρώπου
1620 2648 1913 2717 ἐρχόμενον
1938 2648 2030 2699 ἐπὶ

466 2735 575 2787 τῶν
604 2736 842 2803 νεφελῶν
868 2736 959 2789 τοῦ
986 2737 1243 2801 ούρανοῦ,
1276 2738 1372 2791 xui.
1403 2738 1509 2801 ἕως
1531 2738 1626 2792 τοῦ
1659 2736 1893 2792 παλαιοῦ
1920 2737 2030 2790 τῶν

467 2826 689 2895 ήμερῶν
746 2826 971 2894 ἔφθασε,
1024 2828 1119 2880 καὶ
1147 2828 1296 2895 αὐτῷ
1340 2829 1497 2897 ἐδόθη
1527 2830 1676 2882 πᾶσα
1704 2830 1798 2881 καὶ
1828 2830 1860 2898 ή
1898 2828 2032 2899 τιμή

470 2917 618 2985 καὶὴ
651 2916 899 2981 ἐξουσίαο
940 2917 1108 2987 χίλιαι
1167 2919 1401 2988 χιλιάδες
1430 2919 1808 2989 ἐλειτούργουν
1861 2918 2033 2986 αὐτῷ,

469 3008 565 3061 καὶ
604 3008 798 3078 μύριαι
844 3009 1105 3078 μυριάδες
1151 3011 1620 3081 παρειστήκεισαν
1670 3009 1854 3078 αὐτῷ·
1916 3029 1932 3059 ι
1987 3004 2031 3077 ᾧ

471 3100 776 3168 συμφώνως
836 3102 930 3154 καὶ
980 3100 1043 3153 τὸ
1103 3100 1248 3172 ῖερδν
1282 3101 1635 3169 Εὑαγγέλιον,
1673 3102 1828 3162 Τότε,
1877 3103 2030 3169 φησὶ,

476 3211 495 3244 ι
528 3192 963 3261 Σνναχθήσονται
996 3192 1174 3247 πάντα
1210 3193 1278 3245 τὰ
1318 3192 1451 3263 ἐθνη
1479 3191 1790 3261 ἔμπροσθεν
1821 3192 1987 3244 αὑτοῦ
2014 3210 2027 3223 ο

472 3284 564 3335 καὶ
588 3285 806 3351 ἀφοριεῖ
847 3283 1042 3343 αὐτοὺς
1090 3284 1184 3335 ἀπ’
1228 3284 1495 3354 ἀλλήλων,
1531 3285 1720 3353 ῶσπερ
1767 3288 1794 3337 ὁ
1824 3284 2031 3354 ποιμὴν

470 3373 715 3442 ἀφορίζει
768 3374 837 3427 τὰ
868 3373 1115 3443 πρόϐατα
1151 3375 1260 3427 ἀπὸ
1314 3375 1424 3426 τῶν
1456 3376 1679 3441 ἐρίφων.
1726 3395 1742 3427 ι
1779 3377 2033 3443 Πρὸϐατα

468 3466 594 3526 τοὺς
646 3465 888 3526 δικαίους
928 3465 1086 3517 καλεῖ
1130 3465 1203 3528 ὡς
1240 3468 1439 3537 πραεῖς
1495 3468 1593 3519 καὶ
1622 3468 1907 3529 ἐπιεικεῖς,
1944 3467 2037 3519 καὶ

474 3555 796 3623 βαδίσαντας
858 3556 957 3624 τὴν
987 3556 1138 3609 λείαν
1166 3557 1261 3609 καὶ
1293 3557 1434 3627 ὑπὲρ
1478 3557 1643 3610 αὖτοῦ
1670 3558 2037 3627 τετριμμένην

470 3648 585 3700 ὁδὸν
632 3648 741 3701 τῶν
790 3648 1024 3717 ἀρετῶν,
1077 3649 1172 3700 καὶ
1227 3648 1303 3710 ῶς
1344 3650 1814 3717 ἁφωμοιωμένουε
1864 3650 2035 3716 αύτῷ.

484 3742 634 3797 Ἐπεὶ
658 3742 755 3795 καὶ
786 3742 944 3804 αὐτὸς
982 3742 1153 3809 ἀμνὸς
1192 3742 1398 3812 ἐκλήθη
1431 3742 1581 3809 παρά
1611 3742 1704 3795 τοῦ
1753 3743 2034 3811 προφήτου

471 3834 563 3886 καὶ
598 3833 935 3887 Βαπτιστοῦ·
971 3852 989 3885 ι
1029 3830 1133 3886 ’Ῑδε
1173 3834 1201 3885 ὁ
1231 3834 1404 3903 ἀμνὸς
1445 3833 1538 3886 τοῦ
1566 3834 1726 3894 Θεοῦ,
1756 3833 2033 3902 λέγοντος,

470 3923 694 3994 δαῖρων
729 3924 826 3993 τήν
862 3924 1133 3993 ἁμαρτίαν
1184 3925 1278 3977 τοῦ
1328 3926 1554 3994 κόσμου.
1602 3943 1619 3976 ι
1690 3924 1945 3993 Ἐρίφους
1979 3925 2035 3977 δὲ

473 4014 629 4068 καλεῖ
673 4015 799 4077 τοὺς
848 4015 1210 4084 ἁμαρτωλοὺς
1252 4015 1327 4079 ὡς
1355 4016 1573 4086 θρασεῖς
1598 4018 1692 4068 καὶ
1746 4015 2035 4076 ἀτάκτους,

474 4106 570 4160 καὶ
601 4108 739 4159 κατά
787 4109 1049 4177 κρημνῶν
1104 4109 1439 4178 φερομένους
1467 4108 1567 4174 τῆς
1600 4108 1909 4178 ἁμαρτίας·
1943 4106 2037 4157 καὶ

471 4196 596 4264 τοὺς
652 4198 772 4266 μὲν,
814 4199 970 4267 φησὶ,
1023 4200 1217 4267 στήσει
1268 4202 1331 4251 ἐκ
1376 4198 1590 4263 δεξιῶν,
1622 4198 1696 4259 ὡς
1725 4197 1819 4249 καλ⁵
1846 4196 2036 4260 δεξιῶν

472 4286 706 4357 ἐργάτας
735 4288 909 4357 ἔργων
929 4302 945 4318 ⁹
971 4290 1097 4351 τοὺς
1131 4290 1187 4342 δὲ
1217 4290 1291 4358 μὴ
1322 4290 1599 4350 τοιούτους
1622 4291 1681 4341 ἐκ
1706 4288 1813 4340 τῶν
1840 4287 2037 4338 εὐωνύ-

477 4392 611 4444 μων.
636 4378 797 4429 «Τότε
823 4379 977 4447 ἐρεῖό
1003 4380 1277 4443 Βασιλεὺς,
1304 4399 1321 4431 ι
1346 4382 1500 4449 φησὶ,
1523 4380 1617 4433 καὶ
1642 4380 1701 4431 οὐ
1731 4379 2038 4447 προσέθηκε

473 4464 640 4535 τίς,ἢ
677 4465 838 4519 τίνων
877 4467 1151 4536 βασιλεὺς,
1216 4470 1291 4532 ὼς
1352 4470 1567 4533 οὐδενὸς
1616 4469 1769 4530 δντος
1824 4469 2036 4538 ἐτέρου,

474 4556 611 4629 πλὴν
650 4557 815 4610 αὐτοῦ
836 4573 849 4587 ⁸
892 4560 939 4610 εί
968 4561 1072 4628 γὰρ
1100 4562 1193 4612 καὶ
1226 4563 1344 4613 ἐκεῖ
1368 4560 1557 4614 πολλοὶ
1587 4560 1763 4630 κύριοι
1814 4562 1908 4611 καὶ
1942 4559 2043 4627 βα-

2215 2210 2232 2241 (
2259 2191 2392 2245 Cum
2427 2206 2554 2259 ergo
2577 2188 2784 2243 venerit
2818 2186 2989 2241 Filius
3020 2185 3252 2240 hominis
3292 2183 3342 2237 in
3372 2183 3543 2256 gloria
3565 2182 3706 2251 ejus,

2133 2290 2183 2335 et
2206 2296 2396 2335 omnes
2424 2281 2593 2334 sancti
2627 2276 2800 2345 angeli
2833 2293 2953 2332 cum
2986 2293 3071 2339 eo,
3106 2285 3251 2339 tunc,
3274 2274 3470 2343 inquit.
3499 2274 3708 2329 sedebit

2133 2388 2295 2440 super
2330 2372 2580 2425 thronum
2620 2370 2800 2439 gloriae
2838 2384 2968 2423 suae.
2996 2387 3014 2419 ι
3046 2367 3120 2421 lta
3147 2370 3290 2422 enim
3333 2366 3515 2421 Daniel
3567 2382 3709 2434 pra:-

2132 2464 2339 2519 viditet
2367 2462 2644 2531 praedixit;
2677 2478 2802 2516 nam
2827 2462 2936 2517 ait:
2969 2480 2986 2511 ι
3018 2460 3154 2514 Ecce
3180 2458 3356 2513 throni
3382 2457 3537 2527 positi
3561 2471 3709 2523 sunt,

2138 2566 2192 2611 et
2218 2555 2480 2624 Antiquus
2505 2555 2711 2608 dierum
2740 2556 2975 2619 sedlt,et
3002 2552 3105 2605 vidi
3134 2550 3286 2620 quasi
3318 2549 3509 2603 Filium
3536 2550 3713 2602 homi-

2141 2645 2224 2702 nis
2264 2646 2563 2700 venientem
2608 2646 2659 2698 in
2701 2645 2929 2698 nubibus
2974 2644 3118 2706 cmli,
3153 2651 3206 2696 et
3244 2655 3415 2710 usque
3453 2640 3519 2694 ad
3552 2640 3711 2693 Anti-

2139 2755 2303 2810 quum
2328 2738 2535 2793 dierum
2565 2739 2833 2807 pervenit,
2866 2743 2920 2789 et
2951 2736 3050 2804 ipsi
3081 2737 3199 2789 data
3226 2743 3307 2788 est
3339 2733 3511 2787 omnis
3540 2732 3709 2801 gloria

2142 2841 2195 2886 et
2256 2839 2530 2899 potestas;
2572 2830 2735 2883 millia
2810 2826 3035 2882 millium
3097 2824 3475 2879 ministrabant
3542 2823 3616 2885 ei,
3658 2833 3712 2877 et

2145 2923 2329 2976 decem
2368 2921 2534 2974 millia
2575 2919 2798 2972 millium
2846 2916 3171 2972 assistebant
3218 2916 3265 2969 ci
3293 2915 3361 2967 “.
3403 2933 3420 2965 ι
3453 2913 3551 2968 Cui
3583 2929 3716 2969 cono

2138 3014 2292 3061 sonat
2322 3015 2566 3061 sanctum
2600 3005 2943 3075 Evangelium
2980 3005 3199 3059 dicens:
3239 3022 3256 3056 ι
3289 3001 3714 3074 Congregabun-

2139 3104 2224 3150 tur
2254 3110 2441 3150 omnes
2483 3105 2666 3164 gentes
2701 3109 2857 3150 terra:
2906 3096 2969 3149 ad
3022 3104 3247 3159 eum,et
3290 3093 3424 3148 alias
3482 3094 3548 3147 ab
3594 3095 3738 3150 aliis-

2141 3189 2431 3253 discernet,
2465 3190 2604 3244 sicut
2664 3201 2845 3258 pastor
2890 3189 3149 3243 discernit
3196 3202 3324 3241 ures
3372 3189 3437 3242 ab
3469 3188 3655 3242 bat-dis.
3687 3205 3706 3239 ι

2140 3279 2281 3334 Oves
2311 3280 2490 3349 justus
2515 3287 2689 3345 vocat,
2724 3280 2847 3348 quia
2880 3278 3082 3333 dociles
3108 3288 3163 3333 et
3210 3280 3474 3333 mansueti
3520 3288 3573 3333 et
3597 3293 3731 3351 ani-7

2136 3371 2388 3426 bulantes
2420 3372 2632 3440 planam
2660 3371 2728 3426 ah
2776 3372 2890 3437 ipso
2946 3372 3127 3423 tritam
3180 3370 3440 3424 virtutum
3468 3369 3629 3431 viam,
3657 3377 3715 3424 et

2135 3465 2260 3532 quia
2293 3463 2392 3531 ipsi
2424 3462 2763 3530 contigurati,
2793 3477 2916 3515 cum
2951 3462 3066 3529 ipse
3097 3475 3309 3529 quoque
3345 3475 3516 3529 agnus
3554 3474 3716 3513 voca-

2139 3564 2227 3607 tus
2257 3553 2420 3607 fuerit
2466 3567 2495 3605 a
2547 3551 2814 3622 Propheta
2849 3562 2903 3607 et
2959 3551 3199 3621 Baptista
3248 3551 3493 3605 dicente:
3530 3568 3547 3601 ι
3577 3547 3716 3604 Ecce

2138 3661 2307 3715 agnus
2332 3646 2449 3709 Dei,
2472 3659 2597 3700 ecce
2623 3646 2712 3715 qui
2743 3645 2883 3699 tollit
2918 3655 3140 3712 peccata
3175 3643 3357 3698 mundi
3380 3644 3446 3697 “.
3474 3662 3493 3696 ι
3523 3641 3714 3697 Ηαιάοε

2138 3752 2265 3792 vero
2292 3746 2446 3791 vocat
2489 3746 2822 3805 peccatores,
2855 3735 2979 3804 quia
3012 3745 3189 3789 truces
3220 3743 3275 3789 et
3310 3735 3542 3802 protervi
3576 3742 3629 3789 et
3658 3734 3710 3787 in

2138 3842 2328 3897 aspera
2363 3827 2563 3896 peccati
2598 3836 2845 3890 ruentes;
2877 3826 3015 3881 alios
3045 3826 3285 3897 quidem,
3321 3826 3514 3896 inquit,
3546 3822 3714 3879 collo.

2140 3921 2283 3974 cabit
2311 3935 2338 3972 a
2374 3919 2597 3980 dextris,
2635 3917 2779 3971 velut
2815 3918 3124 3971 dextrorum
3177 3931 3400 3985 operum
3458 3916 3713 3983 factores,

2142 4015 2276 4070 alios
2308 4025 2484 4071 autem
2513 4028 2617 4067 non
2650 4013 2785 4068 tales
2805 4029 2831 4065 a
2866 4012 3125 4068 sinistris.
3157 4029 3176 4065 ι
3206 4012 3358 4067 Tunc
3383 4012 3522 4067 dicet
3543 4028 3657 4077 rex,
3686 4031 3706 4065 ι

2144 4105 2240 4169 ait,
2273 4112 2323 4157 et
2353 4118 2458 4157 non
2490 4101 2697 4157 addidit
2719 4102 2965 4171 quisnam
2992 4101 3075 4156 vel
3119 4116 3346 4170 quorum
3375 4102 3443 4155 sit
3471 4117 3559 4155 rex
3596 4101 3710 4167 ille,

2136 4210 2256 4249 cum
2290 4209 2451 4248 nemo
2486 4194 2622 4248 alius
2657 4196 2727 4248 sit
2760 4202 2956 4263 prater
2976 4208 3135 4255 eum;
3169 4208 3290 4246 nam
3332 4193 3429 4247 etsi
3461 4194 3529 4246 ibi
3560 4192 3715 4246 multi

2141 4286 2340 4339 domini
2382 4295 2436 4340 et
2484 4301 2657 4353 reges,
2692 4300 2840 4340 unus
2902 4295 3081 4339 tamen
3138 4299 3265 4339 vere
3322 4285 3715 4347 Dominus,rcx

2147 4392 2306 4439 unus,
2332 4377 2421 4445 qui
2457 4387 2646 4431 natura
2673 4386 2755 4430 est
2779 4375 3018 4430 omnium
3054 4376 3215 4431 herus
3240 4394 3253 4431 ι
3286 4374 3527 4436 «Venite.
3556 4376 3719 4429 bene-

2142 4468 2275 4523 dicti
2308 4466 2487 4522 Patris
2520 4469 2647 4534 mei,
2681 4468 2944 4537 percipite
2978 4452 3202 4537 regnum
3238 4476 3491 4534 paratum
3518 4464 3716 4522 vobisa

2143 4561 2531 4616 constitutione
2567 4562 2772 4613 mundi.
2807 4579 2824 4611 ι

477 4649 666 4713 σιλεῖς,
687 4650 801 4703 ἀλλ’
833 4645 915 4712 εἷς
945 4650 1112 4710 δντως
1139 4651 1361 4719 Κύριος,
1392 4648 1473 4715 εἷς
1504 4652 1779 4721 βασιλεὺς,
1824 4658 1848 4707 ό
1879 4655 2038 4722 φύσει
2076 4654 2170 4707 τοῦ
2202 4655 2402 4715 παντὸς
2431 4653 2721 4719 δεσπότης.
2792 4654 2939 4722 Ἐρεῖ
2988 4654 3168 4706 τοίνυν
3198 4652 3319 4705 τότε
3340 4653 3453 4714 τοῖς
3510 4652 3574 4703 ἐκ
3632 4649 3737 4701 διε-ι

477 4739 606 4806 ξιῶν
628 4741 793 4794 αὑτοῦ
822 4743 849 4794 ό
879 4742 1033 4811 μόνος
1068 4742 1349 4810 βασιλεύςυ
1387 4761 1404 4793 ι
1444 4743 1607 4795 Δεῦτε
1637 4747 1683 4795 οί
1726 4745 2081 4814 εὐλογημένοι
2109 4744 2205 4797 τοῦ
2243 4743 2454 4814 Πατρός
2520 4759 2646 4812 μου,
2690 4743 3144 4814 κληρονομήσατε
3204 4743 3306 4813 τὴν
3370 4742 3719 4814 ἡτοιμασμές

478 4854 575 4907 νην
607 4836 734 4903 ὑμῖν
764 4834 1040 4905 βασιλείαν
1066 4836 1174 4888 ἀπὸ
1207 4836 1515 4906 καταϐολῆς
1547 4838 1778 4905 κόσμου.
1824 4856 1841 4889 ι

550 4934 756 4994 Ὄντως
780 4933 917 5001 πρὸς
949 4930 1106 4985 τοῦτο
1128 4931 1356 4985 ἔϐλεπεν
1380 4932 1412 5001 ή
1439 4933 1535 4983 ἀπ’
1565 4933 1740 5002 ἀρχῆς
1769 4936 2041 5004 καταϐολὴ
2070 4942 2125 5000 D
2220 4930 2307 4985 Vel

1961 4936 2041 5004 >λὴ
2070 4942 2125 5000 1)
2220 4930 2359 4985 Vere
2385 4928 2449 4982 ad
2474 4928 2575 4981 hoc
2605 4924 2881 4993 spectabat
2912 4938 2937 4976 a
2968 4922 3235 4991 principio
3269 4920 3454 4975 mundi
3508 4921 3718 4977 consti-

481 5024 575 5078 τοῦ
624 5024 832 5093 κόσμου
853 5040 865 5053 ·
921 5024 1015 5076 καὶ
1045 5024 1133 5077 διά
1162 5024 1319 5077 τοῦτο
1374 5024 1433 5075 τὸ
1461 5025 1612 5087 τέλος
1646 5028 1677 5094 ἡ
1724 5028 2047 5093 ἐπουράνιος

478 5115 660 5182 ἐκείνη
703 5118 795 5167 καὶ
833 5116 1166 5185 ἀρχαιοτάτη
1205 5115 1300 5169 τοῦ
1350 5116 1564 5184 Πατρὸς
1600 5118 1787 5186 βουλὴ,
1828 5120 1945 5171 καθ’
1978 5120 2045 5188 ἢν

478 5206 505 5257 δ
531 5207 629 5273 τῆς
673 5205 913 5273 μεγάλης
964 5204 1161 5275 βουλῆς
1195 5207 1292 5275 τῆς
1324 5208 1418 5259 τοῦ
1455 5209 1667 5276 Πατρδς
1698 5209 1949 5277 ἄγγελος,
1981 5210 2043 5262 οὑ

479 5297 596 5347 κατ’
618 5296 801 5347 εἰκόνα
852 5295 1032 5367 μόνον,
1063 5296 1196 5348 ἀλλά
1224 5298 1319 5350 καὶ
1372 5298 1494 5350 καθ’
1542 5299 1803 5366 ὁμοίωσιν
1837 5301 2045 5353 οἰκείαν

480 5386 855 5453 ἀπειργάσατο
906 5386 1043 5450 ζῶον
1088 5387 1177 5439 τὸν
1204 5389 1516 5457 ἄνθρωπον,
1553 5392 1638 5444 ἵνα
1681 5392 1882 5461 δυνηθῇ
1914 5410 2043 5444 ποτε

479 5477 727 5545 χωρῆσαι
752 5478 849 5546 τὴν
882 5476 1282 5544 μεγαλειότητα
1313 5467 1407 5546 τῆς
1435 5480 1584 5543 θείας
1620 5483 1918 5547 βασιλείας,
1946 5484 2045 5550 τὴν

485 5568 864 5635 μακαριότητα
885 5569 979 5636 τῆς
1004 5568 1157 5630 θείαῖ
1192 5571 1577 5640 κληρονομίας,
1606 5573 1704 5641 τὴν
1729 5575 2043 5639 τελετότητει

480 5658 578 5725 τῆς
619 5658 709 5710 τοῦ
750 5660 1007 5712 ἀνωτάτω
1068 5662 1275 5730 Πατρδς
1319 5664 1589 5730 εὐλογίας,
1632 5666 1698 5716 62‘
1744 5666 1808 5731 ήν
1871 5667 2041 5718 nium

550 5835 595 5868 “
637 5837 766 5892 Dan.
798 5854 894 5902 τςι,
933 5840 984 5893 9.
1064 5842 1106 5871 "
1148 5839 1166 5883 ,ἲ
1197 5861 1273 5893 ut:
1338 5860 1346 5891 I
1440 5856 1464 5874 ·ι

2149 5024 2307 5083 tutio,
2340 5027 2393 5074 et
2424 5026 2641 5087 propter
2683 5017 2827 5069 hunc
2876 5016 3032 5067 tinem
3075 5023 3333 5065 asternum
3388 5012 3439 5065 in
3492 5011 3745 5068 excelsis-

2149 5113 2323 5167 Patris
2358 5109 2670 5169 consilium,
2701 5107 2992 5159 secundum
3051 5102 3195 5172 quod
3256 5101 3477 5170 angelus
3534 5099 3717 5169 magni

2147 5202 2359 5255 consilii
2400 5198 2578 5252 Patris
2624 5214 2729 5250 non
2771 5204 2972 5249 tantum
3005 5195 3069 5247 ad
3107 5193 3391 5259 imaginem
3425 5188 3717 5254 suam,sed

2146 5295 2308 5347 etiam
2362 5292 2427 5343 ad
2464 5289 2872 5344 similitudinem
2931 5286 3111 5340 vivum
3152 5284 3278 5337 fecit
3334 5282 3626 5345 hominem,
3659 5290 3720 5335 ut

2147 5385 2467 5451 quandoque
2506 5380 2766 5448 consequi
2800 5380 2970 5448 possit
3001 5377 3425 5445 magnitudinem
3466 5373 3613 5439 regni
3639 5373 3720 5425 di-

2153 5478 2285 5540 vini,
2318 5476 2511 5530 divinzc
2562 5472 2898 5528 hazreditatis
2951 5470 3281 5527 felicitatem,
3315 5463 3719 5532 perfectamque

2154 5571 2367 5636 Sttth‘Iti
2401 5567 2572 5621 Patris
2590 5565 3016 5620 benedictionem
3039 5576 3133 5630 per
3151 5576 3310 5629 quam
3334 5559 3514 5611 omnia
3541 5567 3719 5610 creata

2156 5671 2279 5716 sunt
2304 5661 2532 5715 visibilis
2562 5667 2613 5714 ct
2652 5657 2972 5721 invisibilia;
3004 5670 3125 5706 nam
3164 5667 3269 5705 nou
3296 5650 3467 5704 dixit:
3524 5662 3553 5702 a
3587 5661 3735 5702 con--
