4450 6444
745 381 819 442 63
2003 379 2384 440 onsoonu
2415 347 2753 440 pan
3910 382 3977 444 δι

751 514 934 566 quem,
978 499 1120 554 sicut
1161 497 1412 553 Christus
1447 496 1600 553 nobis
1628 497 1887 569 pepercit,
1911 508 1963 549 et
2011 511 2119 548 uno
2148 495 2310 547 vet-bu
2343 494 2383 548 A
2416 517 2508 567 χας

2219 495 2310 545 ι·1›υ
2343 494 2383 548 Α
2416 499 2766 567 χαριζόμενοι
2798 499 3070 568 ἀλλήλοις,
3104 500 3256 563 εἴτις
3271 499 3404 569 πρός
3429 517 3551 554 τινα
3585 500 3699 570 ἔχει
3729 500 3976 570 μομφήν,

749 594 900 645 omni
952 594 1137 657 modo,
1191 593 1444 646 omnibus
1497 592 1752 661 operibus
1797 597 1849 642 et
1897 588 2075 641 verbis
2118 587 2314 655 quibus

751 687 1061 746 note.imus,
1094 686 1448 741 ostendamus
1482 697 1720 740 mutuam
1767 683 2084 737 churitutem
2115 719 2128 742 ,
2182 691 2238 732 ut
2286 695 2312 731 a

753 777 867 830 Deo
893 778 1212 830 charitatem
1245 793 1642 847 consequamur
1674 785 1727 830 et
1756 777 1842 830 ille
1893 775 2044 828 nobis
2090 773 2318 828 benedi-

753 879 862 932 Cat,
897 884 1105 922 necnon
1146 870 1507 938 perripiamus
1539 868 1860 937 promissum
1896 867 2051 920 nobis
2075 904 2089 926 .
2128 866 2315 919 nohis-

750 974 857 1027 que
909 969 1268 1029 przeparatum
1318 961 1538 1015 cmleste
1581 970 1955 1026 aeternumque
2004 973 2225 1028 regnum
2286 973 2314 1011 a

753 1052 1137 1106 constitutione
1171 1051 1376 1116 mundi,
1401 1067 1560 1121 quam
1593 1066 1692 1105 nos
1726 1065 1913 1104 omnes
1945 1049 2186 1102 obtinere
2221 1050 2315 1101 do-

751 1154 911 1196 netur
938 1145 1106 1212 gratia
1138 1153 1188 1197 et
1219 1144 1548 1212 benignitate
1577 1144 1785 1197 Domini
1821 1144 1982 1196 nostri
2015 1141 2135 1195 Iesu
2160 1140 2317 1195 Chri-

754 1235 821 1287 sti
850 1275 865 1298 ,
900 1236 984 1289 cui
1012 1237 1276 1305 simulque
1303 1236 1448 1291 Patri
1485 1247 1538 1292 et
1567 1247 1754 1292 sancto
1783 1234 2003 1305 Spiritui
2061 1234 2233 1289 honor
2261 1246 2315 1288 et

755 1327 924 1396 gloria
955 1328 1006 1381 iu
1039 1331 1232 1384 stecnla
1270 1329 1608 1385 seculorum.
1649 1331 1837 1384 Amen.

1326 1621 1614 1679 HOMILIA
1667 1621 1734 1678 Ὗ.

758 1732 822 1786 1η
852 1737 1304 1792 vrrrsentationem
1335 1736 1540 1793 Domini
1567 1751 1614 1793 et
1641 1739 1731 1791 Dei
1756 1749 1804 1792 et
1830 1737 2124 1793 Saluatoris
2153 1737 2319 1791 nostri

2418 593 2494 654 ὡς
2521 593 2616 643 καὶ
2640 596 2666 645 ὁ
2688 593 2921 662 Χριστὸς
2951 593 3238 661 ἐχαρίσατο
3277 595 3400 663 ἡμῖν
3429 610 3443 626 ο
3487 593 3582 646 καὶ
3604 593 3792 654 άπὶῶς
3820 592 3980 645 ποιντί⁷

2420 686 2602 753 τρόπῳ
2644 687 2735 736 καὶ
2764 687 2928 737 πᾶσιν
2975 685 3159 754 ἔργοις
3191 705 3247 738 τε
3290 687 3383 738 καὶ
3415 687 3614 754 λόγοις,
3648 680 3730 748 οἷς
3761 685 3979 754 ἔχομεν,

2420 776 2820 846 ὲπιδειξὼμεθα
2853 779 2957 847 τὴν
3010 778 3145 845 πρὸς
3176 779 3446 847 ἀλλήλους
3479 779 3723 846 ἀγάπην,
3768 779 3852 829 ἵνα
3888 779 3983 828 καὶ

2420 871 2519 938 τῆς
2559 870 2708 938 παρὰ
2752 869 2846 921 τοῦ
2879 869 3010 922 Θεοῦ
3048 869 3397 937 ἐπιτύχωμεν
3426 870 3667 936 ἀγάπης,
3704 872 3796 921 καὶ
3835 869 3983 920 εὐλο-

2419 961 2678 1030 γηθῶμεν
2738 962 2873 1029 παρ’
2935 961 3135 1024 αὑτοῦ,
3194 962 3288 1013 καὶ
3333 960 3837 1029 κληρονομήσωμεν
3885 959 3983 1028 τὴν

2419 1055 2836 1124 ἐπηγγελμένην
2867 1057 2996 1121 ήμῖν
3041 1056 3133 1106 καὶ
3169 1054 3237 1106 δι’
3266 1055 3411 1122 ἡμᾶς
3437 1053 3850 1122 ἡτοιμασμένην
3892 1053 3982 1102 οὖ-

2423 1148 2607 1215 ράνιον
2647 1145 2740 1198 καὶ
2768 1144 2984 1198 αἰώνιον
3037 1144 3314 1211 βασιλείαν
3370 1145 3478 1195 ἀπλι
3530 1141 3838 1209 καταξολῆς
3891 1141 3980 1192 κό-

2424 1256 2565 1306 σμου
2591 1255 2606 1272 ο
2660 1233 2727 1308 ἦς
2779 1237 2986 1305 γένοιτο
3036 1237 3240 1297 πάντας
3283 1237 3428 1305 ἡμᾶς
3469 1237 3765 1305 ἐπιτυχεῖν,
3807 1237 3985 1302 χάριτι

2422 1331 2516 1381 καὶ
2547 1327 2926 1397 φιλανθρωπίᾳ
2959 1325 3050 1378 τοῦ
3078 1327 3281 1395 Κυρίου
3315 1326 3471 1394 ἡμῶν
3507 1325 3680 1391 Ἰησοῦ
3722 1323 3983 1391 Χριστοῦ,

2424 1413 2629 1490 μτὺὀῦ
2671 1421 2750 1490 τῷ
2781 1419 2978 1488 "arpi,
3019 1419 3133 1485 ἅμα
3184 1417 3259 1483 τῷ
3312 1416 3454 1483 ἀγέῳ
3506 1414 3805 1483 Πνεύματι,
3852 1414 3988 1485 τιμὴ

2421 1513 2514 1566 καὶ
2552 1513 2678 1578 δόξα
2710 1513 2788 1576 εἰς
2821 1512 2948 1574 τοὺς
2982 1511 3187 1572 αίὼνας
3212 1509 3319 1562 τὸλν
3343 1509 3575 1562 αἰώνων.
3612 1509 3804 1578 Ἀμήν.

3031 1622 3270 1675 ΟΜΙΛΙΑ
3307 1621 3362 1673 E'

2425 1739 2528 1801 Εἰς
2558 1737 2671 1799 τὴν
2704 1735 3101 1798 ’Υπαπαντὴν
3133 1735 3238 1786 τοῦ
3287 1735 3506 1798 Κυρίου
3552 1736 3650 1787 καί
3675 1734 3851 1801 *Θεοῦ
3890 1733 3984 1786 κα)

824 1802 954 1857 Iesu
1005 1804 1244 1871 Christi;
1292 1824 1488 1863 necnon
1534 1811 1596 1863 de
1640 1811 1953 1863 castimonia
2003 1810 2229 1873 vitioque
2271 1808 2317 1860 ei
2351 1821 2390 1873 Β
2493 1798 2578 1862 Σω

2271 1808 2317 1860 ei
2351 1821 2390 1873 Β
2493 1798 2760 1873 Σωτῆρος
2787 1805 2956 1872 ἡμῶν
2997 1805 3200 1873 Ἰησοῦ
3233 1804 3512 1866 Χριστοῦ,
3566 1805 3636 1857 ἐν
3727 1805 3823 1856 καί
3857 1803 3989 1869 περὲ

825 1885 946 1929 cont
954 1878 1116 1930 rario.

827 2054 979 2108 Illam
1036 2056 1256 2124 quidem
1312 2060 1718 2128 protoparentis
1776 2060 2205 2115 maledictionem
2266 2073 2320 2118 et

755 2148 1258 2203 candemnatiouem
1317 2166 1504 2204 omnes
1563 2153 1802 2206 eamdem
1864 2163 1916 2205 et
1977 2169 2317 2209 communem

756 2248 954 2307 prater
980 2239 1253 2294 Christum
1287 2243 1460 2297 sortiti
1487 2260 1690 2306 sumus,
1721 2247 1788 2297 ab
1808 2260 1911 2298 uno
1940 2255 2321 2314 protoparenlc

758 2331 812 2384 in
849 2345 1034 2385 omnes
1065 2330 1338 2396 diﬂ‘usam,
1363 2333 1511 2386 velut
1537 2349 1566 2387 a
1606 2337 1784 2389 radice
1807 2339 2019 2406 generis
2045 2339 2324 2391 tranSmis-

758 2434 872 2472 sam
902 2429 956 2473 et
986 2429 1176 2475 natura
1202 2423 1252 2475 in
1282 2422 1644 2479 hereditatem
1668 2436 1978 2495 acceptam;
2007 2429 2202 2497 singuli
2228 2446 2324 2483 an-

757 2517 868 2561 tem
903 2525 998 2578 per
1026 2525 1086 2564 ea
1120 2527 1236 2581 qua:
1281 2512 1380 2582 ipsi
1418 2517 1635 2583 proprie
1683 2516 1888 2572 faciunt
1923 2519 2003 2573 vel
2042 2520 2325 2589 vitupera-

761 2603 959 2655 tionem
1006 2603 1088 2657 vel
1141 2604 1351 2660 laudern
1389 2607 1439 2660 in
1479 2610 1747 2677 proprium
1799 2625 2081 2678 personam
2130 2626 2158 2664 a
2217 2610 2324 2667 Deo

760 2691 1064 2759 attrahunt,
1105 2703 1293 2750 contra
1329 2712 1668 2753 communem
1703 2701 1845 2755 illam
1878 2702 2319 2757 tnaledictionem

760 2791 817 2833 et
868 2785 1413 2850 comlemnationem,
1474 2805 1679 2845 necnon
1721 2793 1984 2846 miseram
2039 2803 2240 2848 sortem
2293 2809 2323 2848 a

761 2874 1028 2943 principio
1053 2875 1104 2928 iu
1140 2878 1307 2946 ipsum
1344 2890 1394 2933 et
1420 2895 1514 2949 per
1541 2882 1714 2951 ipsum
1745 2884 1798 2936 in
1831 2895 2076 2953 posteros
2102 2887 2327 2941 descen-

762 2969 924 3022 dente
978 2969 1106 3024 nihil
1162 2983 1376 3036 patrare
1426 2986 1671 3042 possunt.
1729 2977 1834 3031 Sed
1887 2979 2033 3032 venit
2084 2979 2328 3034 Christus

759 3070 968 3112 natura:
1012 3060 1268 3116 liberatus
1299 3065 1386 3130 qui
1423 3079 1758 3120 communem
1808 3069 2233 3123 maledictionem
2274 3072 2325 3124 in

2492 1877 2892 1999 σὲοφροσύνης
2961 1872 3211 1941 καὶτῆς
3272 1873 3581 1928 ἀντιθέτου
3646 1872 3832 1942 ταύτῃ
3890 1889 3992 1926 κα-

2495 1965 2650 1999 καο.

2495 1965 2650 2013 κιας.

2493 2061 2605 2129 Τὴν
2637 2058 2733 2128 μὲν
2769 2058 3094 2128 προγονικὴν
3126 2058 3342 2128 ἐκείνην
3374 2057 3513 2126 ἀράν
3542 2074 3598 2108 τε
3633 2057 3729 2109 καὶ
3770 2057 3993 2110 καταδί-

2423 2173 2528 2222 κην
2558 2155 2745 2223 κοινήν
2787 2171 2844 2206 τε
2888 2154 2981 2205 καὶ
3010 2154 3106 2222 τὴν
3145 2151 3317 2222 αὐτὴν
3349 2153 3583 2214 ἅπαντες
3621 2153 3839 2220 εἴχομεν
3882 2151 3987 2220 πρὸ

2423 2245 2684 2316 Χριστοῦ,
2718 2246 2776 2311 ἐξ
2812 2244 2928 2306 ἑιδς
2961 2247 3054 2297 τοῦ
3097 2245 3436 2313 προπάτορος
3468 2244 3556 2295 ἐπὶ
3585 2246 3792 2306 πάντας
3812 2244 3990 2311 χυθεῖ-

2427 2354 2548 2403 σαν,
2597 2339 2673 2397 ὡς
2722 2338 2786 2389 ὲκ
2823 2334 2977 2406 ῥίζης
3029 2334 3124 2387 τοῦ
3161 2335 3350 2403 γένους
3376 2335 3761 2403 ἀναδιδομένην
3800 2335 3889 2386 καῖ
3922 2337 3988 2404 τῇ

2426 2431 2587 2498 φύσει
2631 2428 3201 2497 συγκεκληρωμένην·
3254 2428 3485 2490 ἕκαστος
3532 2427 3588 2479 δὲ
3631 2426 3699 2479 δι’
3728 2420 3802 2479 ὧν
3829 2427 3989 2489 αὑτὸς

2429 2525 2573 2586 ἰδίως
2607 2524 2898 2593 ἔπραττεν,
2943 2522 2975 2592 ἢ
3022 2522 3122 2582 τὴν
3171 2521 3381 2591 μέμψιν
3433 2522 3465 2588 ἢ
3523 2521 3611 2574 τὸν
3665 2521 3884 2574 ἔπαινον
3910 2522 3988 2582 εἰς

2426 2616 2527 2684 τὴν
2585 2615 2720 2668 ἰδίαν
2772 2614 3071 2666 ὑπόστασιν
3119 2614 3273 2683 παρά
3332 2612 3466 2664 Θεοῦ
3507 2615 3804 2674 ἐπεσπᾶτο,
3855 2613 3991 2682 πρὶς

2427 2706 2644 2773 ἐκείνην
2676 2703 2772 2773 τήν
2800 2705 2985 2773 κοινὴν
3018 2703 3154 2772 ἀράν
3186 2721 3244 2756 τε
3280 2707 3376 2758 καὶ
3419 2703 3737 2773 καταδίκην,
3777 2705 3868 2755 καῖ
3902 2703 3991 2753 τὸν

2427 2795 2637 2849 ἀνωθεν
2686 2796 2823 2865 πρὸς
2872 2794 3034 2848 αὑτὸν
3070 2795 3163 2846 καὶ
3207 2794 3276 2846 δι’
3304 2794 3469 2846 αὑτοῦ
3515 2793 3650 2865 πρὸς
3695 2796 3821 2856 τοὺς
3868 2793 3991 2862 ἑᾶς

2431 2887 2829 2943 καταὸαἰνοντα
2866 2887 3102 2957 πονηρὸν
3131 2887 3328 2956 κλῆρον
3359 2886 3622 2954 πράττειν
3651 2885 3788 2954 ἔχων
3813 2886 3985 2939 οὐδέν.

2444 2979 2584 3032 Ἀλλ’
2631 2973 2761 3046 ἦλθε
2808 2976 3087 3046 Χριστὸςό
3121 2976 3220 3045 τῆς
3267 2976 3482 3040 φύσεως
3525 2975 3918 3046 ἐλευθερωτής,
3965 2979 3991 3027 ό

2431 3071 2529 3137 τὴν
2567 3067 2752 3138 κοινὴν
2790 3068 2930 3137 ἀράν
2969 3067 3050 3130 είς
3079 3066 3331 3134 εὐλογίαν
3363 3067 3615 3134 μετάγων
3651 3066 3857 3136 κοινὴν,
3900 3068 3991 3118 καὶ

763 3152 1183 3208 lwuetlictiunem
1211 3158 1470 3211 convertit
1491 3159 1691 3226 pariter
1739 3175 2324 3226 communem,nocen-
2351 3173 2395 3234 ο
2427 3161 2520 3231 τὴν

2232 3179 2324 3216 en-
2351 3173 2395 3234 ρ
2427 3161 2526 3231 τὴν
2558 3159 2856 3212 ὑπεύθυνον
2891 3157 3048 3228 ήμῶν
3097 3157 3260 3227 φύσιν
3302 3158 3584 3211 ἀναλαϐὼν
3616 3158 3673 3222 ἐξ
3717 3159 3989 3226 ἀκηράτου

765 3251 978 3309 temque
1033 3252 1268 3298 nosttatn
1331 3255 1577 3301 naturain
1633 3264 1697 3303 ex
1746 3249 2060 3305 intemerata
2108 3250 2325 3320 Virgine

763 3339 1093 3398 susceptum,
1124 3343 1177 3387 et
1225 3335 1544 3404 sihimetipsi
1591 3355 1779 3392 novam
1812 3339 1864 3393 in
1907 3356 2189 3409 personam
2238 3357 2328 3394 ac-

757 3426 1160 3480 commodatam
1191 3431 1388 3483 Veteris
1421 3432 1646 3484 seminis
1703 3448 1804 3486 non
1838 3434 2155 3502 participem
2182 3473 2196 3498 ,
2231 3435 2328 3487 in-

765 3517 979 3570 noxiam
1011 3525 1065 3572 et
1088 3519 1429 3585 iustiﬁcatam
1464 3524 1722 3588 ostendit,
1757 3524 1828 3577 ita
1872 3534 1930 3579 ut
1979 3528 2048 3580 ab
2092 3527 2206 3594 ipso
2243 3541 2329 3579 se-

758 3611 996 3662 cundum
1026 3611 1284 3679 Spiritum
1308 3618 1546 3683 generati
1577 3630 1765 3670 omnes
1796 3617 1986 3671 deinde
2005 3630 2155 3671 extra
2182 3619 2325 3673 illam

767 3703 1194 3760 tnaledictionem
1237 3719 1423 3760 contra
1459 3718 1874 3777 protopirentes
1907 3711 2170 3778 prolatam
2207 3727 2326 3780 per-

763 3807 1038 3851 maneant.
1073 3795 1211 3862 Qunl
1247 3806 1374 3866 ergo
1401 3797 1591 3866 gratiae
1621 3813 1724 3851 non
1763 3798 1986 3868 largitus
2014 3809 2097 3855 est
2124 3813 2333 3855 nosua-

771 3900 893 3938 rum
928 3886 1154 3954 singulis
1191 3903 1569 3954 personarum,
1601 3888 1721 3956 quis
1762 3889 2108 3958 propriorum
2140 3891 2334 3946 remis-

762 3979 974 4033 sionem
1028 3978 1345 4033 delictorum
1380 3979 1448 4034 ab
1496 3995 1560 4033 eo
1601 3995 1706 4035 non
1755 3982 1999 4036 obtinet?
2042 3981 2180 4037 Cum
2219 3983 2333 4052 ipse

765 4081 874 4122 non
907 4081 1185 4136 personam
1217 4083 1246 4122 a
1277 4069 1458 4131 nobis,
1481 4067 1575 4123 sed
1611 4079 1862 4124 naturam
1909 4085 2148 4126 nostram
2180 4090 2335 4129 reno-

766 4159 975 4212 varerit
1022 4170 1362 4229 susceptam,
1395 4161 1522 4215 huic
1556 4160 1674 4227 ipse
1700 4167 1996 4218 secundum
2029 4181 2180 4219 suam
2212 4181 2337 4234 per-

768 4264 954 4303 sonam
1002 4251 1284 4314 adunatns,
1333 4259 1386 4306 et
1445 4252 1517 4306 ita
1569 4253 1658 4321 qui
1715 4266 1903 4307 omnes
1957 4255 2177 4309 omnino
2223 4256 2334 4309 vult.

765 4341 872 4395 salx
885 4356 946 4395 os
970 4334 1103 4405 ﬁeri,
1139 4359 1232 4411 pro
1257 4343 1508 4397 omnibus
1533 4345 1699 4398 cmlos
1729 4345 1997 4399 inclinans
2027 4345 2331 4412 descendit,

768 4445 824 4485 et
859 4434 1316 4502 operibus,verbis
1341 4444 1394 4488 et
1426 4436 1768 4504 passionibus
1788 4438 1899 4490 suis
1937 4452 2151 4492 omnem
2186 4448 2335 4507 pate-

2428 3252 2731 3322 Παρθένου,
2755 3249 2852 3304 καὶ
2876 3249 3080 3320 ταύτην
3109 3251 3422 3319 ὑποστήσας
3444 3252 3621 3318 ἐαυτῷ
3653 3250 3864 3320 καινὴν,
3896 3270 3995 3302 πα-

2427 3342 2580 3395 λαιοῦ
2610 3342 2685 3412 μὴ
2717 3341 3099 3412 μετασχοῦσαν
3128 3341 3462 3410 σπέρματος,
3495 3341 3787 3394 ἀνεύθυνον
3823 3341 3992 3408 αὐτὴν

2429 3435 2522 3487 καὶ
2545 3433 2975 3502 δεδικαιωμένην
3012 3432 3314 3497 ἀπέδειξεν,
3355 3433 3430 3493 ὡς
3463 3434 3558 3484 καὶ
3583 3433 3708 3495 τοὺς
3737 3432 3796 3497 ἐξ
3828 3433 3991 3484 αὑτοὶ

2431 3526 2573 3578 κατὰ
2601 3525 2821 3593 πνεῦμα
2843 3523 3217 3592 γεννωμένους
3254 3523 3445 3575 ἔπειτα
3480 3525 3686 3581 πάντας
3722 3523 3823 3590 τῆς
3855 3541 3995 3591 προι-

2428 3613 2652 3681 γονικῆς
2682 3614 2897 3682 ἐκείνης
2926 3613 3066 3681 ἀρᾶς
3116 3615 3209 3665 καὶ
3244 3615 3542 3682 καταδίκης
3585 3614 3770 3682 μένειν
3817 3615 3992 3675 ἐκτός.

2431 3705 2496 3761 Τί
2527 3705 2618 3758 οὑν
2647 3705 2770 3775 οὑχὶ
2803 3704 2900 3758 καὶ
2936 3703 3047 3756 τῶν
3089 3703 3438 3756 ὑποστάσεων
3465 3705 3618 3772 ήμῶν
3649 3705 3855 3775 ἑκάστῃ
3900 3707 3995 3772 τῆς

2431 3796 2597 3851 αὐτοῦ
2639 3795 2963 3866 μεταδίδωσι
3006 3797 3251 3864 χάριτος,
3295 3794 3413 3846 οὐδὲ
3456 3795 3564 3846 τῶν
3597 3795 3742 3846 ἰδίων
3769 3795 3999 3856 ἕκαστος

2434 3887 2930 3956 πλημμελημάτων
2959 3886 3231 3954 λαμὸάνει
3273 3889 3401 3953 παρ’
3439 3886 3604 3938 αὑτοῦ
3631 3886 3732 3954 τήν
3766 3887 3997 3954 ἀφεσινς

2433 3980 2730 4048 ἐπειδήπερ
2768 3978 2865 4048 οὑχ
2913 3977 3210 4030 ὑπόστασιν
3260 3977 3420 4040 αὑτὸς
3476 3978 3607 4047 παρ’
3651 3976 3829 4045 ἡμῶν,
3866 3977 4000 4028 ἀλλὰ

2434 4072 2533 4142 τὴν
2566 4070 2845 4142 ἡμετέραν
2887 4069 3176 4123 ἀναλαϐὼν
3213 4068 3610 4137 ἐκαικοὺργησε
3656 4066 3836 4135 φύσιν,
3867 4067 4000 4120 ἐνω-

2436 4162 2549 4224 Gel;
2585 4161 2720 4231 αὑτῇ
2749 4160 2869 4214 κατ’
2901 4159 3035 4212 ἰδίαν
3062 4160 3359 4212 ὑπόστασιν
3421 4159 3516 4212 καὶ
3540 4157 3680 4222 πῶς,
3706 4156 3763 4218 ὃς
3792 4157 4000 4216 πάντας

2435 4253 2656 4314 τελείως
2695 4251 2838 4304 Οέλει
2869 4252 3131 4320 σωθῆναι,
3158 4253 3251 4303 καὶ
3279 4251 3417 4320 ὑπὲρ
3445 4251 3660 4302 πάντων
3693 4249 3877 4309 κλίνας
3904 4247 3995 4298 οὐ·

2438 4343 2634 4413 ρανοὺς
2674 4342 2934 4409 κατῆλθε,
2959 4343 3052 4392 καὶ
3075 4341 3143 4392 δι’
3179 4341 3356 4410 ἔργων
3381 4343 3472 4391 καὶ
3511 4339 3687 4406 λόγων
3715 4338 3809 4390 καὶ
3834 4337 4004 4404 παθη-

2442 4434 2628 4502 μάτων
2658 4433 2875 4484 οἰκείων
2918 4435 3096 4483 πᾶσαν
3141 4431 3424 4493 ὑποδείξας
3467 4431 3742 4498 σωτηρίας
3778 4429 3893 4480 ὁδὸν
3926 4431 4002 4489 εἰς

767 4523 896 4576 fecit
935 4525 1073 4576 viam
1121 4524 1331 4588 salutis,
1378 4534 1432 4578 et
1458 4535 1641 4592 postea
1673 4527 1722 4578 in
1759 4526 1953 4580 uelum
2003 4504 2334 4588 conscendit.
2370 4504 2411 4558 θ
2440 4523 2524 4592 οὑξ

2241 4530 2334 4588 dit,
2370 4504 2411 4558 θ
2440 4523 2702 4592 οὐρανοὺς
2729 4520 3055 4588 ἐπανῆλθεν,
3080 4521 3253 4573 ἕλκων
3275 4523 3452 4572 ἐκεῖσε
3475 4521 3598 4582 τοὺς
3626 4519 3998 4588 πειθομένους.

773 4614 846 4668 ibi
897 4614 1079 4668 ﬁdeles
1132 4617 1430 4670 adducens.
1482 4614 1649 4684 Igitur
1700 4631 1804 4669 non
1863 4626 2068 4670 naturae
2127 4628 2339 4671 tantum

769 4723 932 4777 quam
961 4710 1074 4778 ipse
1106 4724 1132 4760 a
1174 4707 1331 4760 nobis
1361 4708 1593 4776 sumpsit
1623 4723 1717 4776 per
1740 4708 2026 4761 indivisatn
2061 4710 2346 4762 adunatio-

775 4817 923 4868 nem,
956 4803 1050 4854 sed
1097 4800 1258 4853 etiam
1299 4801 1523 4869 singulis
1563 4801 1615 4854 in
1654 4801 1826 4868 il'sum
1855 4804 2199 4856 credentibus
2228 4818 2350 4871 per.

774 4895 972 4948 fectum
1023 4893 1254 4961 praebuit
1300 4892 1721 4957 liberationem,
1768 4898 1910 4962 quod
1949 4895 2161 4962 quidem
2217 4894 2346 4950 fecit

775 5000 876 5037 nec
921 4984 1097 5038 facere
1131 4986 1360 5038 cessavit
1406 5001 1499 5051 per
1530 4987 1763 5053 seipsum
1794 4986 1936 5039 l’atri
1978 4986 2334 5050 satisfaciens,

776 5088 827 5128 et
849 5076 914 5128 ad
941 5075 1295 5128 obedientiam
1316 5093 1753 5145 unumquemque
1779 5090 2016 5131 nostrum
2043 5079 2335 5153 adducens,

775 5179 1103 5231 omnemque
1143 5176 1378 5221 nostram
1413 5182 1610 5220 sanans
1637 5167 2076 5221 inobedientiam.

846 5254 1134 5322 Pr0pterea
1172 5256 1407 5310 divinum
1459 5257 1731 5310 mandavit
1779 5257 2064 5325 baptisma,
2099 5257 2330 5325 etleges

782 5348 1015 5403 instituit
1045 5348 1341 5412 salutares,
1377 5357 1430 5401 et
1471 5349 1845 5417 paenitentiam
1882 5348 2193 5417 praedicavit
2221 5364 2337 5401 om-

781 5440 939 5493 nibus
965 5479 979 5503 .
1015 5442 1397 5508 prOpriumque
1433 5441 1648 5493 tradidit
1683 5455 1881 5507 corpus
1911 5450 1966 5493 et
1998 5442 2334 5508 sanguinem.

783 5531 896 5586 Non
945 5533 1089 5587 enim
1142 5542 1335 5587 natura
1391 5534 1527 5595 sola,
1559 5532 1651 5586 sed
1701 5533 1862 5585 etiam
1920 5533 2340 5600 uniuscujusque

783 5627 1117 5679 credentium
1155 5641 1381 5694 persona
1414 5634 1464 5679 ct
1499 5627 1824 5694 baptismum
1861 5626 2100 5692 suscipit.
2154 5636 2208 5677 et
2253 5640 2342 5677 se-

785 5716 1026 5770 cundum
1067 5717 1246 5771 divina
1294 5717 1500 5786 regitur
1543 5717 1815 5780 mandata,
1869 5727 1922 5769 et
1967 5716 2141 5769 deiiiei
2191 5715 2343 5782 punis

785 5822 1056 5880 potusque
1105 5811 1157 5861 lit
1201 5811 1484 5880 particeps.
1545 5811 1643 5863 deo
1695 5824 1792 5863 nos
1840 5809 2052 5877 quidem
2091 5808 2339 5863 Christus

2441 4613 2650 4665 Οὑκοῖιν
2673 4611 2734 4664 οὑ
2771 4613 2836 4680 τῇ
2868 4610 3025 4679 φύσει
3057 4613 3217 4679 μόνον
3253 4613 3315 4681 ἦν
3348 4611 3506 4674 αὑτὸς
3539 4610 3669 4679 παρ’
3697 4609 3852 4678 ἡμῶν
3876 4611 4000 4678 ἔσχε

2444 4706 2564 4758 καθ’
2604 4706 2797 4758 ἕνωσιν
2835 4706 3223 4767 ἀδιάσπαστον,
3279 4704 3413 4755 ἀλλὰ
3471 4704 3564 4754 καὶ
3589 4704 3698 4754 τῶν
3728 4704 3806 4764 είς
3839 4705 4001 4754 αὑτὸν

2445 4797 2808 4850 πιστευόντων
2846 4797 3060 4863 έκάστιρ
3101 4795 3374 4862 παράσχοι
3407 4793 3622 4845 τελείαν
3659 4791 3757 4862 τὴν
3802 4792 4003 4846 άπολὺ-

2447 4908 2682 4959 τρωσιν’
2714 4891 2741 4944 ὃ
2772 4890 2837 4960 δὴ
2867 4890 2960 4941 καὶ
3006 4888 3296 4950 πεποίηκε,
3324 4889 3418 4940 καὶ
3461 4885 3629 4937 ποιῶν
3675 4885 3737 4937 οὑ
3774 4884 4000 4946 διέλιπε,

2440 4983 2505 5034 δι’
2522 4983 2714 5035 ἑαυτοῦ
2735 4975 3013 5051 τῷΠατρὶ
3041 4979 3440 5040 καταλλάττων,
3463 4979 3570 5047 26
3589 4981 3681 5030 καὶ
3703 4978 3834 5047 πρὸς
3861 4976 4000 5028 ὑπα-

2446 5075 2575 5143 κοὴν
2629 5074 2785 5143 ἡμῶν
2841 5074 3131 5138 ἐπανάγων
3177 5071 3428 5132 ἕκαστον,
3480 5072 3571 5120 καὶ
3624 5070 3802 5120 πᾶσαν
3849 5065 4004 5134 ἡμῶν

2447 5165 2730 5234 παρακοήν
2771 5163 3083 5231 ἐξιώμενος.

2517 5259 2614 5310 Διά
2645 5257 2820 5310 ταῦτα
2849 5257 3031 5308 τοίνυν
3063 5261 3157 5308 καὶ
3197 5255 3480 5323 βάπτισμα
3512 5251 3813 5304 ἐνετείλατο
3840 5247 4000 5310 θεῖον,

2445 5354 2537 5404 καὶ
2567 5350 2762 5418 νόμους
2790 5349 2955 5416 ἔθηκε
2979 5349 3308 5415 σωτηρίους,
3338 5347 3429 5398 καὶ
3459 5345 3748 5412 μετάνοιαν
3771 5337 4003 5407 ἐκήρυξε

2447 5444 2602 5504 πᾶσι,
2632 5444 2724 5493 καὶ
2750 5439 2842 5491 τοῦ
2875 5439 3079 5491 οἰκείου
3120 5438 3388 5507 μετέδωκε
3430 5435 3678 5502 σώματός
3711 5449 3770 5484 τε
3800 5431 3892 5483 καὶ
3918 5428 4005 5482 αἴ·

2451 5549 2616 5603 ματος
2643 5549 2655 5561 ·
2687 5533 2744 5583 οὐ
2780 5533 2884 5600 γὰρ
2917 5531 3101 5591 ἀτλῶς
3141 5531 3172 5598 ή
3203 5529 3385 5598 φύσις,
3430 5529 3543 5579 ἀλλ’
3571 5529 3604 5596 ή
3637 5527 3867 5578 ἑκάστου
3897 5523 4002 5575 τῶν

2450 5623 2816 5677 πιστευόντων
2848 5623 3139 5683 ὑπόστασις
3192 5623 3286 5674 καὶ
3345 5622 3403 5671 τὺ
3439 5619 3718 5686 βάπτισμα
3769 5617 4000 5684 δέχεται,

2451 5717 2543 5767 καὶ
2579 5715 2719 5766 κατὰ
2761 5715 2857 5776 τὰς
2916 5713 3065 5776 Θείας
3102 5714 3321 5776 ἐντολάς
3383 5712 3742 5770 πολιτεύεται,
3777 5711 3867 5760 καὶ
3910 5707 4002 5757 τοῦ

2453 5802 2713 5877 Θεονργοῦ
2763 5808 2924 5876 ἄρτου
2965 5806 3057 5859 καὶ
3087 5809 3180 5859 τοῦ
3222 5805 3476 5877 ποτηρίου
3518 5807 3575 5857 ὲν
3621 5800 3833 5872 μεθέξει
3863 5801 4003 5867 γίνε-
