4450 6444
736 428 806 485 67
2017 419 2392 484 GREGOBII
2434 423 2753 498 DALAM'AE
3926 431 3995 491 68

816 537 1024 590 Etverc
1061 537 1162 591 istc
1200 533 1347 589 solus
1376 546 1455 589 est
1492 536 1582 604 qui
1618 536 1829 590 vulvam
1859 538 2077 604 quando
2118 549 2310 590 conce—
2341 536 2387 595 Α
2490 538 2572 589 Κα

2238 549 2310 590 re—
2341 536 2387 595 Α
2490 538 2596 589 Καὶ
2625 539 2730 606 μὴν
2760 533 2911 600 οὗτος
2945 539 3106 608 μόνος
3138 538 3285 593 ἐστὶν
3317 541 3344 592 6
3373 543 3586 611 μήτραν
3611 542 3665 593 ὲν
3698 540 3772 610 τῷ
3799 544 3995 613 συλλη·

741 639 864 699 plus
879 630 973 684 fuit
997 632 1294 699 adaperuit,
1315 629 1434 683 sine
1455 630 1596 684 coitu
1625 640 1916 696 generatus
1933 645 1996 684 ex
2020 635 2136 686 solo
2155 634 2316 684 verbo

742 731 796 772 et
827 721 982 789 signo
1019 720 1108 772 Dei
1141 721 1286 785 quod
1337 720 1390 771 in
1450 734 1581 774 aure
1611 717 1776 787 Virgo
1806 736 1900 787 per
1931 721 2180 790 angelum
2222 735 2308 773 ac-

743 814 907 881 cepit.
944 809 1223 876 Quomodo
1259 811 1422 880 igitur
1454 811 1536 864 lex
1574 829 1588 864 :
1623 810 1814 876 Omne,
1868 811 2063 880 inquit,
2103 826 2318 865 mascu-

744 903 911 955 linum
970 899 1225 968 aperiens
1286 899 1551 953 vulvam?
1611 899 2076 965 Quemadmodum
2160 900 2317 955 mulli

743 992 1000 1045 dicuntur
1087 991 1386 1061 prophetm,
1449 991 1745 1060 Christique
1807 992 1984 1057 multi,
2040 991 2180 1046 siCut
2223 1006 2319 1061 per

746 1082 1086 1136 Psalmistam
1124 1085 1252 1134 dirit
1305 1081 1488 1135 Dens:
1531 1100 1549 1133 ι
1604 1083 1781 1137 Nolite
1829 1095 2048 1151 langore
2087 1083 2318 1137 rhristos

745 1190 916 1238 neos,
971 1186 1021 1228 et
1057 1176 1106 1226 in
1151 1174 1428 1242 prophetis
1482 1176 1616 1229 meis
1667 1175 1834 1228 nolite
1883 1175 2162 1244 tnaliguari
2193 1173 2261 1239 "°;
2295 1193 2312 1225 ι

745 1283 883 1319 ιιιηις
912 1273 1087 1317 autem
1120 1277 1203 1318 est
1235 1265 1508 1329 Christus,
1555 1280 1800 1334 unusque
1839 1268 1987 1320 solus
2034 1267 2135 1319 iste
2184 1265 2316 1320 Pro-

744 1356 939 1424 pheta,
1009 1357 1080 1408 ita
1134 1371 1295 1410 omne
1354 1356 1775 1426 primogenitum
1833 1359 2038 1411 dicitur
2098 1357 2319 1427 quidem

745 1449 954 1501 \ulvam
987 1450 1221 1517 aperire,
1258 1465 1385 1503 vere
1424 1459 1600 1502 autem
1635 1449 1886 1517 aperiens
1917 1450 2020 1504 iste
2058 1450 2215 1505 solus
2241 1460 2322 1504 est

742 1553 967 1592 sanctus
999 1541 1185 1594 Israel.
1229 1541 1491 1594 Tuleruut
1520 1555 1676 1611 ergo,
1712 1540 1907 1609 inquit,
1935 1550 1988 1594 et
2021 1557 2038 1590 ι
2080 1549 2137 1594 ut
2164 1539 2324 1594 oﬂ'er-

747 1641 864 1679 I'l‘lll
903 1631 1167 1689 liOstiam.
1209 1630 1350 1683 sicut
1383 1629 1584 1682 dictum
1610 1639 1694 1683 est
1723 1630 1772 1683 iu
1806 1630 1926 1700 lege
1953 1630 2192 1692 Domini,
2224 1646 2321 1699 par

746 1732 1016 1773 turturum
1049 1731 1142 1773 aut
1172 1723 1312 1775 duos
1339 1721 1514 1789 pullos
1560 1720 1958 1778 columbarum.
1997 1741 2016 1775 ι
2055 1720 2164 1776 Par
2198 1725 2322 1792 qui-

741 1810 864 1862 dem
896 1818 1203 1876 turturum,
1260 1810 1387 1863 dum
1417 1821 1704 1879 parentum
1743 1813 2048 1867 castitatem
2085 1816 2318 1868 manife-

2420 629 2621 697 φἰῆναι
2647 630 2752 698 27
2781 631 3073 697 διακοίξας,
3109 631 3487 696 ἀσυιδυάστως
3517 634 3877 705 κυοφορηθεὲς
3908 636 3998 688 διὰ

2423 720 2590 784 μόνου
2625 723 3022 792 προσρήμάτος
3054 723 3151 776 καὶ
3193 723 3513 792 μηνύματος
3544 723 3705 782 Θεοῦ.
3747 727 3884 791 ὅπερ
3909 725 3991 786 είς

2421 809 2594 879 εκοὴν
2635 811 2668 878 ἡ
2712 809 2988 880 ιιαρθένος
3036 811 3103 865 δι’
3131 814 3367 881 ἀγγέλου
3399 812 3640 877 ἐδέξατο.
3692 814 3816 876 Πῶς
3840 814 3934 868 οὖν
3966 815 3998 868 6

2419 900 2604 970 νόμος,
2642 902 2758 956 Πᾶν
2803 905 2991 972 ἄρσεν,
3048 906 3205 974 φησὶ,
3246 906 3516 974 διανοῖγον
3556 907 3806 975 μήτραη
3861 907 3992 960 Ὠσ-

2421 1010 2526 1062 περ
2554 994 2743 1047 πολλοὶ
2767 994 3018 1062 λέγονται
3053 998 3334 1068 προφῆται
3369 999 3464 1051 καὶ
3518 999 3704 1051 πολλοὶ
3759 1000 3990 1067 χριστοὶ,

2415 1085 2491 1150 ὡς
2522 1088 2608 1141 διὸ.
2637 1087 2732 1142 τοῦ
2766 1086 3076 1161 Ψαλμῳδοῦ
3100 1092 3249 1159 λέγει
3279 1093 3307 1145 6
3337 1092 3473 1155 Θαός
3499 1106 3510 1119 '
3581 1113 3599 1143 ι
3631 1093 3722 1163 Μὴ
3759 1091 3994 1146 iusso:

2417 1180 2527 1231 τῶν
2579 1183 2818 1251 χριστῶν
2852 1200 2977 1252 μου,
3018 1187 3109 1236 καλ⁸
3133 1186 3190 1236 ἐν
3239 1188 3352 1248 τοῖς
3403 1188 3712 1255 προφήταις
3757 1202 3860 1254 μου
3920 1184 3994 1254 μὴ

2420 1271 2790 1342 πονηρεύεσθε
2817 1290 2832 1304 ο
2869 1293 2887 1325 ι
2926 1268 3004 1332 εἷς
3031 1274 3087 1326 δέ
3115 1277 3263 1327 ἐστιν
3295 1278 3322 1329 6
3374 1277 3635 1346 Χριστὸς,
3700 1277 3796 1328 καὶ
3831 1269 3912 1338 εἷς
3972 1277 4000 1328 6

2423 1364 2582 1432 μόνος
2615 1363 2906 1435 Προφήτης
2938 1361 3116 1428 οὗτος,
3168 1365 3314 1419 οὓτω
3345 1367 3441 1419 καὶ
3490 1369 3598 1419 πᾶν
3651 1366 3750 1435 μὲν
3782 1364 3996 1435 πρωτό-

2419 1473 2580 1508 τοκον
2628 1457 2849 1525 λέγεται
2925 1458 3221 1526 διανοίγειν
3275 1460 3512 1530 μήτραν,
3582 1461 3610 1512 6
3659 1458 3716 1512 δὲ
3777 1459 3994 1525 ἀληθῶς

2419 1550 2692 1616 διανοίξας
2734 1547 2888 1615 οὗτός
2912 1557 3062 1608 ἐστιν
3113 1556 3140 1607 6
3188 1556 3350 1624 μόνος
3382 1554 3540 1620 ᾶγιος
3593 1551 3688 1605 τοῦ
3751 1551 3992 1621 Ἰσραήλ.

2433 1643 2736 1714 Ἀνήγαγον
2763 1645 2843 1711 δὲ,
2875 1649 3032 1715 φησὶ,
3060 1647 3174 1708 καὶ,
3213 1665 3232 1698 ι
3255 1643 3364 1699 Τοῦ
3398 1647 3583 1699 δοῦναι
3616 1643 3810 1696 θυσίαν
3856 1641 3998 1694 κατὰ

2419 1738 2482 1790 τὸ
2522 1737 2817 1805 εἰρημένον
2852 1737 2911 1789 έν
2972 1737 3122 1806 νόμῳ
3169 1737 3401 1806 Κυρίου,
3454 1734 3648 1804 ζεῦγος
3697 1733 3998 1805 τρυγόνων,

2425 1829 2456 1899 ἢ
2493 1828 2588 1882 δύο
2614 1829 2870 1891 νεοσσοὺς
2900 1827 3265 1898 περιστερῶν.
3287 1846 3332 1879 ιι
3369 1828 3441 1881 T6
3467 1827 3566 1897 μὲν
3596 1822 3692 1880 οὖν
3736 1827 3845 1878 τῶν
3869 1840 4001 1893 τρυ-

741 1901 946 1965 stabal,
979 1901 1269 1968 quamdam
1319 1901 1553 1954 habebat
1583 1902 1846 1954 rationem
1877 1903 1944 1956 ad
1993 1908 2320 1973 coujuuctos
2354 1885 2397 1940 Β
2422 1885 2498 1986 ἑός

2244 1913 2320 1960 los
2354 1885 2397 1940 Β
2422 1885 2598 1986 γόνων
2650 1885 2870 1986 ζεῦγος,
2927 1885 3271 1986 ὑπεμφαῐνον
3294 1915 3404 1969 τῶν
3453 1885 3728 1968 τεκόντων
3780 1913 3844 1966 τὸ
3895 1885 4001 1965 σῶ-

743 1993 846 2044 suh
876 1993 997 2061 lege
1031 1991 1388 2056 matrimonii,
1439 1991 1547 2046 duo
1578 2007 1706 2048 vero
1737 1993 1864 2063 pulli
1915 1995 2316 2063 columbarum,

741 2097 866 2138 cum
909 2084 1313 2137 matrimonium
1345 2087 1614 2146 nesciant,
1653 2095 1800 2139 recte
1827 2085 2161 2156 patefaciunt
2195 2087 2320 2144 Vir-

741 2177 949 2244 ginem,
989 2187 1042 2229 et
1077 2175 1238 2244 hujus
1268 2175 1507 2247 Virginis
1557 2187 1766 2248 partum
1799 2189 1852 2235 et
1887 2179 2163 2252 Virginem
2194 2198 2317 2251 per-

742 2278 906 2336 petuo
938 2277 1264 2322 manentem.
1300 2268 1367 2321 Et
1401 2269 1520 2323 ride
1575 2285 1736 2338 quam
1772 2280 1894 2341 apta
1936 2276 2008 2326 sit
2038 2274 2159 2340 lex;
2198 2289 2319 2329 nam

743 2361 810 2415 de
847 2361 1155 2414 turtutibus
1181 2375 1278 2430 par
1320 2361 1535 2430 quidem
1570 2361 1744 2429 dixit,
1804 2375 2073 2433 quatenus
2125 2369 2318 2422 matri-

743 2454 928 2506 monio
966 2449 1295 2522 conjunctos
1327 2454 1784 2523 significantibus,
1839 2459 1905 2511 de
1949 2460 2111 2528 pullis
2135 2471 2318 2516 autem

741 2547 811 2601 ab
846 2548 953 2602 isto
982 2547 1248 2601 abstinuit
1268 2548 1531 2602 vocabulo
1561 2563 1577 2613 ;
1602 2549 1789 2618 iugum
1823 2551 1966 2605 enim
2008 2554 2323 2609 nesciebant

740 2649 795 2693 et
823 2647 996 2692 mater
1028 2648 1083 2692 et
1113 2638 1276 2692 filius.
1324 2637 1519 2694 Verum
1553 2641 1635 2694 lex
1670 2643 1885 2711 quidem
1920 2659 1950 2697 a
1984 2644 2143 2712 longe
2183 2661 2319 2715 prae-

742 2728 998 2782 nuntiaus
1051 2740 1263 2798 partum
1315 2731 1638 2798 virginalem
1676 2733 1750 2788 ita
1793 2735 2216 2803 vaticinabatur,
2265 2749 2320 2793 et

742 2821 816 2873 ita
852 2819 999 2873 illum
1026 2822 1174 2888 prius
1208 2822 1595 2890 describebat;
1648 2824 1754 2879 lsto
1786 2836 1966 2882 autem
1997 2828 2320 2886 mirabiliter

741 2913 924 2980 genito
955 2923 1007 2965 et
1042 2914 1199 2969 hodie
1267 2914 1322 2968 in
1361 2916 1614 2984 templmn
1678 2928 1974 2986 asportato,
2011 2922 2146 2976 alios
2202 2932 2314 2976 tur-

746 3013 894 3058 tures
924 3005 1172 3072 aliosque
1207 3006 1578 3061 columbarum
1618 3008 1792 3075 pullos
1843 3013 2016 3077 magis
2052 3029 2318 3083 congruos

744 3095 958 3162 paravit
1014 3095 1249 3162 Spiritus
1283 3111 1529 3152 sanctus.
1563 3099 1837 3161 Quosnam
1884 3103 2062 3156 istos?
2099 3105 2316 3160 Simeon

2422 2029 2581 2082 φρον,
2612 2007 2727 2081 εῐχέ
2752 2028 2875 2063 τινα
2910 2009 3068 2078 λόγον
3106 2008 3241 2081 πρὸς
3269 2012 3393 2072 τοὺς
3421 2011 3574 2078 νόμῳ
3633 2007 3817 2078 γάμου
3867 2022 3996 2059 συν-

2419 2103 2809 2173 εζευγμένονς,
2858 2105 2907 2156 οί
2957 2103 3014 2156 δὲ
3069 2102 3163 2155 δύο
3219 2104 3434 2155 νεοσσοὶ
3480 2103 3588 2156 τῶν
3654 2099 3995 2171 περιστερῶν

2419 2193 2791 2264 ἀπειρόγαμοι
2821 2193 2975 2256 ὅντες
3007 2193 3194 2260 σαφῶς
3251 2209 3388 2262 προε
3422 2193 3586 2263 ήλουν
3641 2193 3740 2259 τὴν
3783 2189 3997 2258 napo:-

2424 2304 2538 2349 vov,
2577 2291 2675 2340 καὶ
2720 2286 2811 2338 τὸν
2861 2286 2926 2336 ὲκ
2951 2285 3049 2354 τῆς
3107 2284 3389 2354 Παρθένου
3441 2285 3646 2353 ταύτης
3704 2283 3993 2353 τεχθέντα,

2419 2386 2514 2437 καὶ
2554 2381 2832 2451 Παρθένον
2887 2382 2969 2442 εἰς
3011 2378 3163 2441 τέλος
3181 2377 3336 2431 δντα.
3373 2378 3485 2430 Καὶ
3529 2379 3633 2446 ὅρα
3677 2374 3780 2428 τοῦ
3828 2375 3994 2444 νόμου

2420 2478 2483 2530 τὸ
2511 2475 2739 2545 ἀκριϐές
2767 2488 2780 2502 ·
2815 2473 2908 2524 ἐπὶ
2943 2471 3040 2540 μὲν
3073 2471 3182 2540 γὰρ
3230 2470 3340 2524 τῶν
3372 2470 3651 2540 τρυγόνων
3691 2467 3885 2534 ζεῦγος
3915 2465 3994 2519 εί-

2423 2585 2546 2630 πεν,
2579 2567 2653 2629 ὡς
2683 2565 3077 2633 αἰνιττομένων
3127 2566 3252 2626 τοὺς
3286 2563 3453 2632 γάμῳ
3507 2559 3993 2630 συνεζευγμένουε,

2424 2660 2520 2713 ἐπὶ
2541 2659 2598 2711 δὲ
2627 2658 2735 2711 τῶν
2768 2655 3009 2710 νεοσσῶν
3058 2653 3364 2723 ἐφυλάξατο
3412 2650 3600 2706 τοῦτο’
3633 2653 3996 2722 ἁπειρόζυγος

2420 2755 2530 2825 γὰρ
2567 2746 2662 2805 καὶ
2692 2753 2724 2822 ἠ
2751 2749 2992 2803 τεκοῦσα
3033 2749 3129 2800 καὶ
3156 2749 3184 2800 6
3244 2747 3480 2817 τεχθείς.
3540 2745 3683 2798 Ἀλλ’
3727 2747 3756 2797 6
3779 2745 3879 2815 μὶν
3909 2746 3995 2796 νόι-

2424 2866 2522 2920 μος
2545 2846 2828 2918 πόρρωθεν
2851 2841 3349 2915 προκαταγγέλλων
3368 2842 3460 2894 τὸν
3486 2841 3813 2912 παρθενικδν
3836 2840 3994 2892 τόκον

2419 2937 2645 2992 τοιαῦτα
2668 2934 3011 3007 χρησμῳδεῖ,
3051 2933 3145 2985 καὶ
3196 2933 3285 2985 διὰ
3319 2930 3582 2986 τοιούτων
3612 2932 3800 2984 τοῦτον
3826 2934 3995 3002 προῦ-

2421 3031 2698 3102 πογράφει
2725 3046 2741 3061 ·
2791 3027 2962 3082 αὐτοῦ
2991 3027 3049 3079 δὲ
3088 3025 3183 3078 τοῦ
3237 3023 3558 3096 παραδόξως
3590 3025 3872 3093 τεχθέντος
3898 3023 3993 3075 νῦν

2420 3126 2503 3188 εἰς
2537 3125 2600 3177 τδ
2625 3122 2771 3192 ἱερὸν
2806 3119 3158 3191 ἀναχθέντος,
3196 3119 3392 3188 ἑτέρας
3423 3118 3693 3188 τρυγόνας
3745 3119 3839 3171 καὶ
3899 3116 3991 3169 ἄλ-

743 3197 797 3238 et
819 3187 1050 3253 Annam,
1073 3204 1208 3255 quos
1232 3191 1344 3245 sive
1366 3191 1540 3259 pullos
1556 3193 1926 3278 columbarum
1951 3196 2072 3264 quis
2094 3199 2317 3263 diceret,
2347 3231 2388 3286 ρ
2421 3187 2500 3270 λοί

2234 3210 2317 3263 ἐιν
2347 3231 2388 3286 c
2421 3187 2549 3280 λους
2597 3187 2944 3285 περιστερῶν.
2981 3213 3238 3275 νεοσσοὺς
3295 3213 3786 3283 πρεπωδεστέρους
3848 3210 3991 3280 ἡτοί-

742 3279 867 3345 quia
902 3277 954 3332 in
990 3280 1140 3333 omni
1184 3282 1385 3336 malitia
1415 3284 1670 3350 infantes,
1697 3287 1808 3340 sive
1832 3294 2072 3344 turtures
2097 3300 2316 3360 propter

740 3383 1008 3422 summam
1042 3372 1415 3426 castimoniam
1439 3383 1585 3429 recte
1621 3377 1784 3429 etiam
1817 3379 2133 3449 appellaret.

2429 3325 2570 3381 μασε
2600 3307 2660 3360 τὸ
2684 3305 2911 3375 Πνεῦμα
2942 3305 3003 3356 τὸ
3031 3304 3206 3371 ἆγιον.
3237 3304 3403 3367 Τίνας
3439 3304 3700 3368 τούτο·.›ς;
3763 3303 3991 3372 Συμεὼν

2423 3405 2516 3457 καὶ
2542 3403 2640 3473 τὴν
2677 3402 2896 3458 Ἀνναν,
2929 3397 3046 3460 οὓς,
3076 3401 3186 3448 εἴτε
3237 3398 3496 3459 νεοσσοὺς
3533 3399 3874 3467 περιστερῶν
3907 3396 3989 3450 ιῖ-

740 3502 834 3539 ποι
858 3503 963 3552 τις,
995 3487 1082 3542 διὰ
1114 3488 1174 3542 τὸ
1196 3490 1335 3560 πρδς
1368 3491 1570 3546 κακίαν
1625 3493 1944 3548 παντάπασι
2006 3499 2300 3568 νηπιῶδες,
2346 3501 2461 3554 εἴτε
2486 3495 2756 3568 τρυγόνας
2821 3491 2911 3543 διά
2965 3492 3027 3542 τὸ
3100 3491 3198 3559 τῆς
3254 3494 3606 3559 σωφροσύνης
3661 3492 3986 3562 ἀκρῦτατονι

739 3578 978 3645 εὐλόγως
999 3579 1022 3629 ὲ
1031 3581 1134 3648 ρετ.

814 3673 1032 3729 Simeon
1058 3676 1302 3742 quidem,
1331 3684 1389 3730 ut
1408 3676 1699 3731 abundanti
1723 3694 1971 3735 sermone
1999 3686 2308 3753 evangelica

741 3765 905 3818 verba
936 3781 1317 3834 percurramus
1337 3807 1352 3831 ,
1384 3782 1504 3820 cum
1539 3769 1718 3837 justus
1747 3783 1890 3826 esset
1919 3784 1969 3825 et
2003 3774 2307 3838 timoralus,

742 3871 1004 3925 responso
1030 3871 1058 3909 a
1090 3866 1280 3910 sancto
1313 3858 1518 3927 Spiritu
1552 3873 1797 3929 accepto,
1829 3879 1972 3917 mmc
2001 3880 2213 3933 quoque
2245 3869 2310 3919 ah

739 3961 805 3998 co
833 3947 1027 4000 ductus
1061 3947 1209 3999 venit
1242 3947 1293 3999 in
1325 3948 1604 4016 templum,
1640 3961 1694 4002 et
1725 3965 2020 4007 occurrens
2057 3955 2108 4005 iu
2155 3957 2311 4008 ulnas

743 4037 952 4107 accepit
1009 4037 1153 4089 illum
1192 4041 1472 4093 cwlestcm
1517 4042 1678 4094 simul
1723 4054 1774 4095 et
1808 4050 2086 4098 terrenum
2113 4061 2311 4114 pueru-

745 4128 873 4189 lum,
914 4129 1009 4196 ipsi
1042 4130 1191 4197 quasi
1226 4129 1331 4182 Deo
1358 4130 1591 4184 offerens
1620 4133 1876 4201 hymnum
1903 4146 1958 4188 et
1982 4135 2310 4200 orationem,

751 4223 800 4274 it!
841 4235 971 4287 pace
1003 4224 1030 4273 il
1064 4221 1284 4274 \‘iurulo
1318 4224 1561 4291 corporis
1590 4224 1837 4293 ﬂagitans
1868 4226 2028 4292 solvi,
2057 4228 2312 4296 illumque

747 4310 924 4362 lumen
960 4325 1081 4362 a-sse
1110 4311 1347 4365 salutare
1376 4313 1630 4367 Omnibus
1667 4317 2059 4383 pra-nuntians,
2108 4318 2161 4370 in
2195 4334 2306 4370 l‘lll-

752 4416 873 4452 nam
911 4400 1060 4452 illum
1093 4403 1324 4468 positum
1369 4418 1490 4455 esse
1519 4401 1812 4456 infideliqu
1843 4414 1898 4458 et
1943 4405 1995 4457 iu
2064 4420 2307 4460 resurre-

742 4492 975 4544 cti0uem
1012 4494 1349 4546 credentium
1379 4494 1430 4547 in
1463 4494 1636 4562 ipsum
1674 4495 1825 4549 firme
1855 4498 2136 4553 confitens.
2159 4499 2318 4553 Dein-

745 4597 872 4650 ceps
907 4579 1176 4650 Virginem
1224 4594 1278 4636 et
1329 4581 1554 4636 Matrem
1591 4586 1793 4653 pueruli
1833 4587 2135 4652 allocutus,
2196 4605 2313 4643 eam

748 4673 994 4742 prmdixlt
1027 4688 1091 4725 ex
1127 4673 1313 4726 dolore
1345 4688 1509 4740 Super
1540 4690 1704 4728 cruce
1741 4675 1832 4728 lilii
1865 4687 2088 4730 matrem
2121 4693 2315 4732 secun-

748 4765 876 4816 dum
910 4773 1153 4815 naturam
1185 4764 1408 4818 infantis
1437 4762 1529 4818 Dei
1563 4749 1812 4821 Hominis
1847 4769 2316 4834 manifestaudam,

749 4869 801 4906 ιιι
835 4858 1193 4908 lem-laturam
1214 4873 1277 4909 ex
1299 4857 1555 4910 cordibus
1585 4858 1826 4913 incertas
1849 4859 1915 4913 de
1938 4860 2040 4913 hoc
2062 4864 2317 4930 mysterio

751 4950 1106 5015 cogitationes
1133 4963 1148 5011 ;
1188 4963 1315 4999 nam
1348 4949 1572 5016 pulchre
1604 4958 1832 5005 testatus
1857 4962 1942 5005 est
1978 4952 2196 5007 Simeon
2226 4969 2317 5007 ve-

747 5051 862 5089 ram
906 5037 1118 5105 mystici
1177 5036 1340 5104 huius
1404 5037 1627 5092 infantis
1697 5049 1923 5094 matrem
1995 5057 2063 5096 ex
2129 5043 2316 5098 dolore

747 5136 965 5194 propter
1026 5127 1338 5195 passionem
1382 5126 1516 5191 lilii,
1578 5139 1634 5181 et
1689 5144 1752 5182 ex
1815 5131 2121 5186 vehementi
2178 5133 2320 5187 illius

749 5225 973 5286 pri-pler
1000 5218 1135 5269 hanc
1162 5233 1380 5272 causam
1414 5221 1632 5274 triStilia
1658 5226 2128 5291 ctcompassione.
2155 5227 2312 5278 Anna

747 5322 876 5377 vero
909 5309 1267 5377 prophetissa,
1319 5312 1474 5364 vidua
1524 5311 1763 5367 Phanuel
1818 5331 1986 5382 usque
2038 5320 2104 5370 ad
2139 5332 2308 5372 annos

749 5399 1019 5465 Octoginta
1051 5411 1307 5466 quatuor,
1357 5401 1574 5468 jejuuiis
1627 5412 1680 5455 et
1717 5405 1966 5470 precibus
2022 5422 2080 5460 se
2115 5422 2309 5460 conse-

746 5503 931 5556 crans,
979 5505 1007 5542 a
1043 5491 1241 5561 templo
1278 5493 1496 5548 minime
1529 5497 1832 5562 discedens,
1880 5498 2058 5553 divino
2108 5500 2310 5567 Spiritu

751 5589 878 5632 tunc
925 5582 1264 5648 potissimum
1321 5583 1569 5650 alllante,
1610 5591 1809 5657 gratias
1860 5589 1970 5643 Deo
2014 5592 2229 5659 agebat,
2259 5604 2310 5646 et

749 5672 1174 5740 redemptionem
1205 5674 1398 5731 adesse
1439 5681 1879 5748 exspectantibus
1926 5684 2305 5746 annuntiabat,

823 5845 869 5877 ’³
897 5845 1033 5904 Psal.
1062 5865 1166 5913 car,
1205 5851 1287 5904 l5.

2484 3643 2646 3730 ιςᾸλλν
2677 3673 2705 3725 ὁ
2727 3671 2825 3742 μὲν
2852 3669 3095 3739 Συμεὼν,
3127 3668 3211 3720 ἵνα
3238 3667 3359 3720 κατ’
3392 3667 3692 3736 ἐπιδρομὴν
3724 3667 3790 3720 τὰ
3827 3668 3993 3736 εὐαγ⁶

2421 3773 2613 3842 γελικά
2641 3767 2941 3834 διέλθωμεν
2980 3764 3224 3834 ῥήνιατσ,
3253 3763 3462 3825 δίκαιος
3496 3762 3571 3816 ῶν
3597 3765 3689 3815 καὶ
3719 3763 3950 3834 εὐλαϐὴς
3969 3803 3988 3830 ,

2421 3856 3040 3934 προκεχρηματισμένος
3079 3872 3136 3907 τε
3177 3855 3282 3906 ὑπὸ
3329 3855 3642 3924 Πνεύματος
3679 3855 3854 3917 ἁγίου,
3890 3855 3987 3908 καὶ

2416 3957 2512 4008 νῦν
2542 3954 2648 4006 ὑπὸ
2678 3954 2864 4004 τούτου
2901 3948 3262 4016 κεκινημένος
3293 3941 3456 4015 ἦλθεν
3486 3945 3564 4005 είς
3602 3942 3662 3995 τὸ
3694 3943 3858 4012 ίερὸν,
3892 3943 3987 3994 καὶ

2420 4047 2699 4114 ὑπήντησε
2755 4044 2847 4095 καὶ
2877 4039 3272 4108 ἑνηγκαλίσατο
3317 4035 3473 4088 τοῦτο
3517 4034 3576 4086 τὸ
3614 4035 3863 4097 οὺράιιον
3895 4051 3964 4086 κα

2419 4140 2659 4206 ἐπίγειον
2714 4136 2935 4206 βρέφος,
2978 4130 3126 4200 αύτῷ
3180 4130 3472 4199 προσάγων
3510 4127 3582 4188 ὡς
3636 4128 3752 4193 θεῷ
3797 4131 3887 4175 τόν
3930 4142 3982 4176 τε

2421 4227 2588 4298 ὕμνον
2629 4228 2725 4281 καὶ
2758 4227 2855 4294 τὴν
2903 4223 3133 4283 ἱκεσίαν,
3179 4223 3238 4274 ὲν
3284 4220 3479 4289 εἰρήνῃ
3507 4235 3566 4270 τε
3616 4217 3843 4283 λυθῆναι
3894 4216 3986 4266 τοῦ

2418 4319 2664 4388 σώματος
2714 4314 2993 4373 ἱκετεύων,
3051 4313 3144 4363 καὶ
3190 4311 3456 4376 σωτήρι’-ν
3507 4306 3638 4358 αὐτὸ
3685 4305 3800 4372 φῶς
3849 4299 3984 4355 εἶναι

2420 4407 2805 4475 καταγγέλλων
2847 4405 2959 4464 τοῖς
3014 4403 3203 4462 πᾶσιν,
3246 4400 3323 4460 εἰς
3368 4396 3575 4448 πτῶσίν
3616 4413 3673 4446 τε
3714 4396 3869 4448 τοῦτο
3903 4412 3990 4447 τε-

2351 4524 2392 4576 D
2421 4499 2635 4552 θεῖσθαι
2663 4497 2770 4549 τῶν
2791 4493 3188 4554 ἀπιστούντων,
3222 4492 3315 4542 καὶ
3345 4492 3423 4550 εἰς
3461 4488 3756 4541 ἀνάστασιν
3787 4488 3891 4538 τῶν
3910 4487 3986 4547 είς

2421 4588 2553 4640 αὐτὸ
2589 4587 2952 4637 πιστευόντων
2989 4580 3424 4651 ἰσχυριζόμενος.
3451 4572 3584 4630 Εἶτα
3624 4580 3713 4628 καὶ
3746 4581 3807 4646 τῇ
3842 4579 3988 4644 [lap-

2419 4680 2556 4749 θένῳ
2591 4681 2685 4732 καὶ
2715 4676 2899 4748 Μητρὶ
2928 4676 3021 4728 τοῦ
3058 4675 3290 4743 βρέφους
3324 4670 3737 4739 προσδιελέξατο
3758 4711 3771 4733 ,
3806 4671 3868 4720 ὲκ
3893 4669 3988 4736 τῆς

2420 4775 2546 4842 περὶ
2603 4770 2693 4823 τὸν
2734 4770 2967 4835 σταυρόν
2998 4766 3092 4819 τοῦ
3125 4765 3309 4826 παιδὸς
3359 4762 3550 4830 ὀδύνης
3609 4761 3820 4830 μητέρα
3851 4759 3991 4810 κατὰ

2419 4863 2583 4932 φύσιν
2617 4859 3104 4930 φανερωθήσεσθαι
3139 4856 3352 4915 δεικνὺς
3386 4853 3476 4906 τοῦ
3510 4853 3602 4904 νῦν
3641 4853 3988 4920 θεανθρώπου

2419 4955 2673 5024 βρέφους,
2706 4952 2798 5004 καὶ
2827 4951 2954 5012 τοὺς
2979 4948 3310 5017 ἀμφιὸόλους
3330 4947 3458 5015 περὶ
3480 4945 3667 4997 τούτου
3695 4945 3986 5010 λογισμοὺς

2414 5043 2847 5111 ἀποκαλύψασαν
2882 5043 2946 5093 ἐκ
2993 5039 3102 5092 τῶν
3152 5037 3390 5107 καρδιῶν
3442 5037 3793 5103 ἁπα>.είνᾷειν’
3833 5036 3926 5086 καὶ
3962 5036 3989 5085 ὁ

2415 5133 2640 5202 Συμεὼν
2673 5137 2778 5202 γαρ
2806 5131 2904 5201 τὴν
2931 5132 3162 5197 γνησίαν
3193 5128 3286 5180 τοῦ
3318 5128 3624 5197 ἀμφιϐόλου
3656 5127 3841 5186 παιδὸς
3879 5143 3987 5192 μη·

2419 5228 2554 5296 τέρα
2585 5227 2647 5277 ὲκ
2696 5226 2791 5292 τῆς
2824 5227 2953 5292 περὶ
2996 5223 3055 5273 τδ
3098 5220 3270 5282 πάθος
3299 5221 3393 5273 τοῦ
3442 5219 3627 5280 παιδὸς
3659 5217 3850 5286 ὀδύνης
3898 5219 3991 5269 καὶ

2413 5317 2510 5386 τῆς
2542 5316 2629 5369 ἐπ’
2662 5315 2795 5367 αὐτὸ
2829 5314 3064 5384 σφοδρᾶς
3094 5311 3270 5380 λύπης
3302 5311 3396 5363 καὶ
3429 5309 3770 5378 συμπαθείας
3810 5306 3990 5368 καλῶς

2418 5411 2784 5478 ἐτεκμήρατο.
2811 5406 3085 5476 Προφῆτις
3115 5405 3171 5456 δὲ
3202 5405 3369 5455 Ἀννα
3395 5404 3427 5471 η
3461 5401 3552 5454 τοῦ
3574 5399 3816 5468 Φανουὴλ
3839 5401 3982 5466 χήρα

2420 5504 2500 5562 ῶς¹
2520 5501 2653 5550 ἐτῶν
2685 5499 3009 5565 ὀγδοήκοντα
3029 5494 3309 5564 τεσσίρων
3331 5494 3488 5551 οᾳσα,
3518 5491 3788 5560 νηστείαις
3813 5505 3868 5539 τε
3894 5487 3985 5540 καὶ

2416 5593 2631 5658 δεήσεσι
2656 5588 3048 5660 προσκειμένη,
3069 5585 3266 5639 καὶτοῦ
3299 5584 3442 5654 ίεροῦ
3474 5582 3988 5652 μηδαμῶς-ἀφιστα-

2422 5685 2579 5753 μένη,
2629 5685 2755 5753 θείῳ
2802 5682 3082 5752 Πνεύματι
3127 5678 3428 5750 τηνικαῦτα
3479 5678 3674 5747 μᾶλλον
3719 5674 3987 5745 γενομένη
