4450 6444
777 408 845 470 95
2012 412 2402 475 GREGORII
2442 415 2770 477 PALAMi’E

3981 416 4050 480 96

778 520 948 574 Deum
979 531 1060 576 est
1095 533 1239 576 recte
1285 522 1352 576 de
1382 536 1446 575 eo
1496 522 1757 584 cogitare.
1822 523 1930 579 Nos
1966 542 2094 577 vero
2137 538 2355 593 oportet
2388 547 2428 602 Α
2459 528 2535 582 tbi

2290 539 2355 583 tet
2388 547 2428 602 Α
2459 528 2550 582 τὸν
2585 529 2720 582 Θεὸν
2750 529 2811 582 τὸ
2847 527 2977 599 περὶ
3020 527 3190 580 αὑτοῦ
3229 529 3447 598 φρονεῖν
3497 527 3694 600 ὀρθῶς.
3736 529 3830 582 Δεῐ
3862 527 3918 582 δέ
3951 533 4047 582 καὶ

779 621 1071 682 utrumque
1128 613 1331 669 habere
1385 625 1435 669 et
1482 615 1626 669 circa
1687 621 2062 686 utrumquein
2126 622 2359 675 veritate

779 716 946 769 stare,
995 716 1050 760 et
1076 708 1146 759 ita
1193 709 1506 762 conversari
1543 719 1599 760 ut
1649 720 1758 764 tam
1796 713 2025 768 firmiter
2065 716 2361 769 credamus

777 810 943 864 quam
968 798 1010 848 si
1042 799 1242 852 nostris
1271 798 1602 854 vidiSsemus
1628 804 1819 868 oculis,
1859 815 1915 858 et
1958 805 2142 860 ﬁdeles
2175 821 2361 858 coram

780 889 910 951 Deo,
940 891 1002 943 ad
1045 907 1204 959 quem
1239 893 1370 948 lidcs
1406 905 1614 959 nostra,
1652 897 2022 963 inveniamur,
2053 911 2104 954 et
2137 909 2361 968 propter

781 985 939 1038 fidem
959 987 1029 1037 ita
1055 987 1121 1038 ab
1153 990 1268 1052 ipso
1287 989 1648 1055 justiliceinur
1674 1008 1689 1057 ;
1716 994 2016 1048 dixit'enim
2048 994 2357 1064 Scriptura:

785 1095 804 1126 ε
841 1076 1084 1130 Credidit
1131 1080 1401 1132 Abraham
1457 1082 1585 1146 Deo,
1641 1093 1693 1137 rt
1749 1096 2057 1153 reputatum
2103 1102 2182 1144 est
2225 1093 2271 1145 ei
2308 1095 2360 1148 in

779 1171 1148 1239 jtiSIitiaui'.i
1199 1174 1479 1239 Quomodo
1534 1194 1665 1248 ergo
1721 1181 1992 1234 Abraham
2051 1199 2146 1252 per
2203 1186 2361 1240 [idem

779 1266 1109 1331 justiﬁratus
1139 1269 1267 1322 est?
1306 1270 1524 1338 Accepit
1568 1288 1594 1323 a
1630 1272 1740 1325 Deo
1770 1275 2190 1340 promissionum
2223 1295 2361 1348 quo-

785 1359 929 1411 niam
965 1359 1017 1412 in
1061 1362 1270 1413 semine
1305 1362 1422 1430 ejus
1465 1365 1607 1430 quod
1650 1364 1801 1419 Isaac
1834 1365 1933 1419 fuit
1969 1367 2357 1427 benedici-udae

784 1462 969 1502 essent
998 1468 1188 1505 omnes
1223 1455 1397 1507 tribus
1439 1455 1646 1521 Israel;
1684 1459 1880 1513 deinde
1926 1477 1952 1513 a
1985 1461 2098 1515 Deo
2140 1463 2363 1531 iubetur

784 1543 1098 1597 sacriﬁcare
1159 1545 1309 1598 Isaac
1358 1549 1533 1601 adhuc
1571 1565 1798 1617 puerum
1833 1566 1932 1620 per
1978 1570 2137 1624 quem
2181 1557 2361 1611 solum

788 1638 1079 1702 promissio
1111 1637 1365 1691 eﬂeetum
1403 1640 1590 1694 sortiri
1624 1641 1852 1697 debebat
1882 1661 1898 1709 ;
1928 1647 1993 1699 ad
2028 1649 2174 1716 quod
2233 1649 2369 1704 nihil

788 1735 1170 1789 contradiceus
1200 1747 1357 1804 pater
1398 1738 1563 1791 tilium
1597 1755 1692 1792 sua
1735 1755 1898 1795 manu
1931 1743 2217 1800 immolare
2248 1763 2372 1816 pro-

789 1824 1035 1892 perabat,
1066 1837 1118 1881 et
1150 1837 1329 1882 tamen
1378 1829 1522 1883 illam
1553 1845 1648 1899 per
1678 1846 1804 1888 eum
1830 1835 2249 1900 promissionem
2275 1839 2371 1892 lir-

2466 624 2755 693 ἀμςρότερα
2781 625 2930 692 ἡμᾶς
2952 623 3120 692 ἐχειν,
3149 623 3246 674 καὶ
3275 622 3398 675 κατ’
3422 622 3715 692 ἀμφότερα
3736 623 3886 690 ἡμᾶς
3916 623 4051 690 άλη-

2466 717 2667 779 θεύειν,
2703 716 2800 768 καὶ
2824 715 3001 778 οὕτως
3029 714 3196 784 ἔχειν,
3226 713 3368 767 ὥστε
3397 717 3492 768 καὶ
3521 715 4051 784 πιστεύεσθαοπαρά

2464 808 2573 860 τῶν
2620 806 2882 876 ἀσφαλῶς
2926 807 3204 877 ὁρώντων,
3253 808 3350 860 καὶ
3393 807 3619 869 πιστοὺς
3651 807 3885 860 ἐνώπιον
3912 803 4052 860 εἶναι

2465 900 2558 952 τοῦ
2592 900 2727 969 πρὸς
2765 899 2823 952 6v
2861 901 2892 970 ὴ
2932 899 3119 960 πίστις
3171 897 3332 960 Θεοῦ,
3371 899 3467 950 καὶ
3496 898 3570 960 ὡς
3634 900 3861 960 πιστοὺς
3908 898 4052 951 οὕτω

2467 993 2594 1064 παρ’
2617 993 2783 1047 αὑτοῦ
2803 991 3148 1047 δικαιοῦσθαι
3173 1007 3190 1024 ο
3216 1009 3234 1042 ε
3269 991 3589 1044 Ἑπίστευσε
3607 994 3715 1062 γὰρ
3732 992 3760 1042 6
3799 990 4050 1060 Ἀϐραάμ

2465 1091 2544 1162 τῷ
2583 1091 2722 1160 Θεῷ,
2775 1091 2928 1162 φησὶ,
2985 1094 3080 1144 καὶ
3119 1089 3376 1159 ἐλογίσθη
3431 1089 3583 1156 αύτῷ
3634 1091 3713 1152 είς
3771 1087 4050 1140 δικαιοσύ-

2467 1204 2584 1254 νην.
2627 1204 2644 1237 ι
2703 1187 2827 1248 Πῶς
2867 1180 2960 1238 οὖν
3017 1186 3046 1237 6
3101 1185 3356 1256 Ἀδραάμ
3396 1183 3699 1247 πιστεύσας
3723 1183 4049 1250 ἐδικαιώθη;

2472 1278 2673 1331 Ἐλασε
2705 1277 2860 1348 παρὰ
2906 1276 3042 1331 Θεοῦ
3071 1278 3412 1346 ἐπαγγελίαν
3447 1279 3504 1330 ἐν
3530 1277 3607 1346 τῷ
3647 1276 3926 1346 σπέρματι
3957 1274 4055 1327 αὑ·

2466 1371 2584 1437 τοῦ,
2612 1374 2750 1442 ὅπερ
2797 1369 2865 1442 ἦν
2897 1373 2925 1425 6
2968 1372 3179 1438 Ἰσαὰκ,
3231 1371 3699 1441 εὐλογηθήσεσθαι
3745 1370 3927 1432 πάσας
3954 1368 4052 1431 τὰς

2469 1452 2641 1532 φυλάς
2673 1465 2765 1516 τοῦ
2814 1464 3068 1536 Ἰσραήλο
3098 1460 3219 1516 εἶτα
3255 1463 3361 1516 ὑπὸ
3407 1464 3505 1515 τοῦ
3539 1462 3674 1515 Θεοῦ
3722 1461 4057 1532 προστάττε-

2469 1571 2581 1616 ται,
2609 1555 2778 1608 παῖδα
2821 1555 2902 1608 ἐτι
2934 1556 3086 1619 ὅντα,
3120 1555 3283 1609 θῦσαι
3324 1554 3418 1608 τὸν
3463 1555 3651 1608 Ἰσαάκ
3696 1553 3762 1606 δι’
3791 1546 3852 1606 οὗ
3889 1554 4052 1616 μόνου

2469 1647 2572 1716 τὴν
2596 1646 2823 1702 ῐκϐασιν
2852 1649 3076 1718 σχήσειν
3111 1647 3338 1718 ἔμελλεν
3366 1649 3397 1716 ή
3443 1645 3747 1714 ἐπαγγελία
3776 1661 3791 1675 ο
3820 1646 3916 1698 καὶ
3943 1660 4052 1713 μη-

2471 1741 2559 1794 δὲν
2590 1741 2864 1794 ἀντειπὼν
2890 1743 2919 1794 6
2944 1741 3152 1810 πατὴρ,
3179 1741 3438 1810 αὐτόχειρ
3468 1739 3722 1808 γενέσθαι
3742 1737 3837 1792 τοῦ
3867 1737 4053 1801 παιδὸς

2474 1831 2755 1901 ἠπείγετο,
2796 1833 2892 1885 καὶ
2920 1832 3019 1903 τὴν
3042 1833 3110 1885 δι’
3137 1833 3304 1885 αὑτοῦ
3351 1833 3558 1902 ταύτην
3590 1830 3923 1900 ἐπαγγελίαν
3963 1829 4055 1899 βε-

791 1933 931 1970 mam
957 1927 1010 1971 ct
1039 1920 1371 1974 tutissimam
1419 1924 1700 1979 censebat.
1735 1924 2025 1983 Videtisne
2049 1940 2256 2000 quanta
2297 1933 2368 1987 sit
2401 1912 2443 1966 Β
2473 1924 2542 1976 δα

2298 1933 2368 1987 sit
2401 1912 2443 1966 Β
2473 1924 2631 1976 6αἱαν
2667 1925 2761 1976 καὶ
2785 1923 3128 1977 ἀδιάπτωτον
3171 1926 3381 1993 ἠγεῖτο.
3415 1922 3526 1995 ω
3569 1923 3807 1976 Βλέπετε
3843 1923 3941 1991 τὴν
3972 1922 4055 1975 δι-

791 2009 925 2063 ﬁdes
981 2012 1340 2077 justiticans?
1374 2013 1569 2070 Verum
1631 2019 1788 2072 nobis
1846 2037 2064 2090 quoque
2122 2024 2373 2091 promisit

788 2101 1040 2158 Christus
1074 2106 1195 2159 vitae
1224 2115 1465 2171 πίει-ηαξ,
1515 2119 1571 2162 et
1620 2111 1939 2166 deliciarum
1985 2124 2040 2168 et
2071 2115 2267 2184 gloria;
2317 2127 2374 2172 et

791 2198 940 2264 regni
991 2199 1386 2264 hmreditatein,
1424 2203 1620 2256 deinde
1646 2205 1930 2260 mandavit
1994 2217 2373 2275 paupertatem

791 2292 1226 2362 colere,jcjunia
1258 2311 1542 2364 exercere,
1597 2300 1893 2368 perlectam
1955 2304 2006 2355 in
2045 2304 2376 2358 contritione

794 2385 956 2436 vitam
985 2400 1170 2456 agere,
1209 2399 1435 2456 paratos
1467 2405 1566 2444 nos
1590 2405 1716 2445 esse
1743 2393 1808 2444 ad
1847 2405 2102 2458 mortem,
2131 2399 2376 2448 nosmet-

795 2475 944 2542 ipsos
1017 2479 1341 2549 crueiligere
1424 2497 1546 2535 cum
1600 2485 1748 2539 vitiis
1802 2496 1857 2539 et
1921 2491 2380 2556 concupiscentiis

797 2571 1018 2622 nostris.
1055 2570 1109 2624 Si
1153 2588 1282 2642 ergo
1333 2574 1450 2629 istis
1504 2565 1908 2643 incumbamus,
1945 2580 2146 2647 istique
2175 2583 2378 2635 diiinzn

801 2663 1151 2730 promissioni
1208 2668 1521 2731 credamus,
1586 2669 1666 2724 sic
1707 2670 1994 2725 credemus
2032 2672 2139 2726 Deo
2189 2690 2385 2726 secun-

797 2756 922 2808 dum
963 2759 1254 2824 Abraham,
1286 2770 1339 2815 et
1379 2763 1720 2831 reputabitur
1757 2765 1914 2818 nobis
1946 2767 1996 2818 iu
2029 2767 2321 2834 justitiam.

866 2847 1052 2901 Videte
1067 2851 1231 2904 etiam
1257 2853 1636 2918 praelictorum
1661 2859 2104 2924 consequentiae;
2133 2875 2252 2909 nam
2280 2877 2382 2913 non

800 2949 1012 2995 tantum
1057 2944 1325 3014 przrclara}
1360 2947 1668 3000 testimonia
1696 2957 1750 3001 ct
1772 2951 2040 3002 exhibitio
2068 2953 2187 3004 fidei
2211 2953 2385 3004 Abra-

804 3033 926 3085 ham
955 3034 1004 3086 in
1040 3050 1105 3088 eo
1137 3036 1286 3090 stetit
1324 3027 1379 3091 ut
1411 3039 1522 3092 lilio
1551 3040 1698 3094 Isaac
1721 3040 2026 3094 occidendo
2069 3045 2389 3111 acquiesce-

804 3135 908 3189 ret,
933 3127 1026 3179 sed
1052 3128 1215 3181 etiam
1243 3132 1294 3182 in
1320 3145 1479 3184 causa
1511 3133 1609 3184 fuit
1633 3148 1729 3185 cur
1754 3135 2014 3187 meruerit
2045 3150 2144 3188 siio
2168 3139 2380 3191 semine

2476 2012 2742 2065 κγιοῦσαν
2775 2015 2958 2067 πίστιν
2980 2016 3141 2068 ὁποία
3167 2033 3182 2074 ;
3226 2015 3367 2068 Ἀλλ’
3396 2017 3770 2085 ἐπηγγείλατο
3803 2016 3896 2068 καὶ
3924 2017 4057 2086 ἡμζν

2477 2105 2504 2156 6
2541 2105 2776 2174 Χριστὸς
2807 2106 2954 2175 ζωῆς
3006 2107 3181 2160 ἀῖδίου
3222 2110 3317 2160 καὶ
3370 2108 3585 2178 τρυφῆς
3630 2112 3727 2161 καὶ
3754 2107 3914 2176 δόξης
3965 2110 4060 2160 καὶ

2480 2197 2755 2264 βασιλείας
2796 2199 3183 2267 κληρονομίαν,
3220 2195 3338 2252 εἶτα
3392 2198 3693 2266 προσέταξε
3737 2198 4058 2267 πτωχεύειν,

2479 2291 2784 2360 νηστεύειν,
2822 2292 3058 2354 εὐτελῶς
3095 2295 3188 2345 καὶ
3235 2293 3614 2363 τεθλιμμένως
3649 2293 3772 2362 ζῇν,
3806 2290 4060 2360 ἑτοίμους

2480 2378 2622 2434 εἶναι
2655 2377 2792 2451 πρὸς
2821 2383 3080 2447 θάνατον,
3116 2384 3384 2451 σταυροῦν
3418 2387 3642 2447 ἑαυτοὺς
3676 2387 3775 2438 σὺν
3809 2386 3921 2446 τοῖς
3951 2400 4057 2436 πα-

2481 2473 2690 2541 θήμασι
2734 2477 2826 2528 καὶ
2865 2479 2985 2540 ταῖς
3017 2477 3356 2546 ἐπιθυμίαις.
3401 2476 3524 2530 Ἐὰν
3576 2476 3668 2530 οῦν
3703 2477 3839 2546 πρὸς
3887 2477 4060 2529 ταῦτα

2485 2584 2515 2618 σ
2562 2567 2832 2637 εύδωμεν,
2866 2571 2958 2621 καὶ
2990 2572 3056 2638 τῇ
3101 2570 3407 2640 ἐπαγγελίᾳ
3450 2572 3635 2642 ἐκείνῃ
3666 2572 3760 2622 τοῦ
3796 2569 3932 2622 Θεοῦ
3966 2587 4060 2621 πι-

2487 2662 2790 2729 στεύωμεν,
2829 2661 3003 2724 οὕτως
3050 2664 3462 2732 ἐπιστεύσαμεν
3497 2665 3574 2732 τῷ
3608 2664 3728 2732 Θεῷ
3780 2666 3920 2717 κατὰ
3970 2664 4060 2716 τὸν

2498 2751 2774 2822 ’Δὸραάμ,
2814 2754 2909 2805 xui.
2935 2753 3318 2822 λογισθήσεται
3347 2758 3481 2825 ἡμῖν
3513 2757 3592 2815 εἰς
3621 2756 3988 2825 δικαιοσύνην.

2565 2846 2669 2897 Καὶ
2702 2848 2865 2914 όράτε
2903 2847 3002 2915 τὴν
3054 2846 3378 2900 ἀκολουθίαν
3410 2844 3523 2900 τῶν
3553 2848 3923 2918 προτεθέντων
3952 2864 3965 2877 °
4000 2849 4062 2899 οὔ

2492 2939 2652 3006 μόνον
2685 2941 2795 3007 γὰρ
2855 2940 3053 3010 ἰσχυρά
3109 2939 3388 3008 μαρτυρία
3447 2941 3542 2992 καὶ
3597 2941 3936 3010 παράστασις
3967 2939 4065 3008 τῆς

2488 3030 2584 3082 τοῦ
2631 3030 2883 3100 Ἀϐραὰμ
2938 3032 3175 3095 πίστεως
3232 3016 3450 3099 ἐγένετο
3483 3031 3542 3085 τὸ
3589 3031 4065 3100 συγκατατεθῆναι

2494 3129 2631 3198 πρὸς
2667 3108 2896 3199 σφαγὴν
2917 3130 3012 3182 τὸν
3052 3129 3238 3182 Ἰσαὰκ
3268 3128 3572 3198 προθεῖναι,
3600 3127 3736 3181 ἀλλὰ
3774 3128 3868 3180 καὶ
3894 3128 4068 3180 αίτιον

797 3215 1075 3270 Christum
1124 3235 1424 3287 generare,
1473 3237 1569 3290 per
1601 3237 1762 3291 quem
1819 3225 2118 3278 benedicta:
2170 3226 2386 3280 fuerunt
2413 3248 2456 3308 ρ
2494 3223 2554 3274 ὑπ

2309 3237 2386 3280 Int
2413 3248 2456 3308 ρ
2494 3222 2704 3292 ὑπῆρξε
2735 3222 2894 3276 τοῦτο
2927 3223 3021 3308 τοῦ
3055 3224 3147 3276 τὸν
3181 3223 3420 3292 Χριστὸν
3454 3225 3517 3276 ἐκ
3553 3223 3871 3292 σπέρματος
3901 3220 4066 3274 αὐτοῦ

805 3325 997 3363 omnes
1033 3311 1204 3365 tribus
1235 3323 1411 3375 terra},
1447 3324 1516 3364 et
1548 3314 1762 3383 impleta
1815 3329 1896 3370 est
1959 3320 2282 3386 promissio;
2315 3323 2388 3377 illi

807 3402 952 3453 enim
989 3403 1078 3470 qui
1129 3417 1350 3471 pmpler
1399 3405 1562 3459 Deum
1613 3408 1890 3476 proprium
1948 3423 2000 3464 et
2056 3413 2390 3481 unigenitum

811 3495 979 3547 lilium
1018 3497 1263 3563 dederat,
1309 3497 1448 3552 Deus
1515 3501 1919 3569 quodammodo
1966 3505 2147 3558 debuit
2178 3518 2394 3574 propter
2437 3515 2439 3518 ‘

804 3604 930 3640 eum
967 3598 1019 3641 et
1055 3591 1470 3656 promissionem
1524 3593 1589 3646 'ad
1637 3609 1758 3646 eum
1808 3595 2002 3648 tactam
2033 3600 2308 3667 proprium
2339 3610 2393 3652 et

811 3681 1152 3747 unigenitum
1191 3696 1348 3751 suum
1385 3684 1613 3736 reddere
1645 3683 1862 3738 Filium.
1915 3687 1993 3738 Ita
2032 3698 2084 3740 et
2131 3689 2183 3740 iu
2233 3692 2390 3743 nobis

811 3775 1180 3827 sanctimonia
1213 3814 1227 3839 ,
1256 3775 1489 3844 justitia,
1513 3777 1814 3840 humilitas,
1851 3780 2199 3832 adversorum
2229 3785 2396 3837 unde-

822 3881 1040 3934 qnaque
1097 3877 1328 3933 urgeant
1373 3853 1658 3937 patientia,
1694 3870 1962 3924 bonorum
2015 3871 2226 3942 largitio
2277 3890 2395 3942 quae

817 3969 1039 4029 propter
1068 3961 1250 4013 divina
1287 3944 1535 4014 mandata
1568 3976 1916 4027 exercuntur,
1953 3967 2033 4019 vel
2067 3969 2313 4036 corporis
2341 3969 2394 4021 in

811 4054 1034 4120 jejuniis
1070 4066 1122 4108 et
1156 4054 1353 4118 vigiliis
1382 4039 1682 4128 debilitatio
1705 4098 1718 4118 ,
1753 4065 1807 4109 et
1839 4073 1945 4111 uno
1983 4059 2148 4112 verbo
2197 4072 2390 4113 semet

816 4144 994 4212 ipsum
1027 4161 1150 4198 cum
1187 4145 1332 4198 vitiis
1359 4143 1889 4212 et'c0ncupiscentiis
1929 4151 2247 4218 cruciﬁgere
2279 4168 2384 4205 non

819 4236 981 4290 modo
1009 4234 1278 4290 testantur
1307 4252 1402 4290 nos
1437 4237 1634 4290 Christi
1666 4241 1994 4306 promission
2015 4243 2123 4294 bus
2153 4246 2374 4296 credere

815 4332 910 4384 sed
941 4329 1107 4382 Deum
1144 4331 1544 4397 quodammodo
1577 4332 1874 4386 debitorem
1903 4333 2107 4387 faciunt
2141 4335 2394 4391 reddendi

817 4424 978 4477 nobis
1017 4436 1274 4477 externam
1326 4434 1684 4494 sanctamque
1737 4426 1923 4490 vitam,
1975 4440 2026 4480 et
2059 4428 2298 4492 delicias,
2349 4444 2398 4484 et

823 4519 1057 4587 gloriam
1093 4527 1146 4571 ct
1172 4533 1420 4584 regnum.

892 4786 1015 4840 Ideo
1057 4787 1191 4854 ipse.
1237 4788 1411 4841 oeulis
1442 4787 1495 4841 in
1535 4789 1829 4858 discipulos
1859 4805 1986 4844 suos
2033 4793 2402 4858 circumactis,

820 4880 1082 4934 dicebat:
1122 4899 1139 4930 ι
1194 4880 1338 4932 Beati
1392 4897 1678 4949 pauperes,
1727 4884 1982 4951 quoniam
2033 4895 2271 4938 vestrum
2322 4897 2402 4939 est

824 4988 1047 5040 regnum
1075 4973 1368 5035 cmlorum;
1406 4973 1553 5027 Beati
1593 4975 1684 5042 qui
1729 4975 1948 5040 lugent;
1981 4976 2129 5029 Beati
2182 4978 2395 5032 miseri-

822 5065 1042 5128 cordes;
1079 5064 1223 5116 Beati
1265 5067 1354 5133 qui
1403 5069 1833 5134 persecutionem
1869 5072 2152 5135 patiuntur
2178 5078 2399 5137 propter

818 5156 1150 5225 justitiam“.
1192 5177 1209 5208 ι
1243 5157 1304 5210 Ει
1333 5174 1346 5210 :
1381 5178 1397 5208 ι
1433 5157 1519 5211 Vae
1545 5159 1834 5224 divitibus;
1865 5175 1941 5213 va!
1965 5161 2045 5213 eis
2073 5161 2161 5228 qui
2193 5162 2397 5227 rident;

823 5264 904 5302 va:
938 5251 1229 5316 satgratis;
1272 5266 1348 5303 vae
1376 5251 1529 5305 vobis
1562 5253 1605 5306 si
1657 5267 1844 5306 omnes
1880 5253 2258 5306 benedixerint
2307 5252 2403 5305 ho-

826 5346 998 5397 mines
1023 5346 1060 5396 ⁷.
1104 5362 1121 5394 ι
1155 5345 1252 5409 Qui
1296 5361 1419 5415 erga
1449 5362 1553 5399 nou
1597 5345 1661 5398 ad
1699 5348 2017 5400 beatudines
2051 5347 2143 5399 sed
2189 5347 2252 5397 ad
2283 5362 2406 5398 ma-

827 5436 1146 5490 ledictioncs
1198 5437 1405 5489 Domini
1466 5440 1814 5506 spectaverit,
1860 5438 2130 5506 quomodo
2161 5478 2174 5500 ,
2240 5439 2406 5491 dicite

829 5529 983 5591 mihi,
1017 5532 1204 5584 credet
1228 5545 1286 5582 se
1323 5531 1428 5583 Deo
1453 5529 1712 5584 credere?
1746 5549 1764 5581 ι
1807 5529 2044 5584 Ostende
2079 5531 2234 5597 mihi,
2271 5531 2409 5583 dixit

825 5619 1083 5682 Iacobus.
1115 5624 1271 5677 [idem
1299 5635 1444 5676 tuam
1469 5639 1534 5677 ex
1561 5625 1818 5692 operibus
1845 5624 1974 5678 tuis.
1995 5623 2131 5689 Quis
2163 5624 2408 5692 sapiens?

829 5716 1085 5770 ostendat
1137 5732 1200 5770 ex
1261 5716 1676 5772 conversatione
1719 5719 2092 5784 operationem
2125 5731 2274 5771 suam
2305 5716 2347 5772 ⁸.
2387 5737 2403 5768 ι

885 5894 906 5926 ⁸
933 5893 1083 5950 Rom.
1123 5911 1195 5960 tv,
1229 5897 1279 5950 5.
1351 5901 1368 5927 ⁸
1403 5897 1590 5953 Matth.
1614 5914 1662 5960 v,
1693 5897 1724 5949 3
1759 5911 1912 5964 seqq.

1992 5899 2005 5927 ⁷
2042 5894 2171 5950 Luc.
2199 5911 2269 5960 τι,
2299 5895 2389 5960 2t,
2411 5895 2501 5948 9.6.

2491 3313 2775 3381 τεχθῆναι,
2810 3313 2876 3364 δι’
2903 3307 2966 3368 οὗ
3013 3313 3388 3382 εὐλογήθησαν
3443 3315 3612 3366 πᾶσαι
3647 3313 3704 3365 αί
3755 3311 3922 3381 φυλαὶ
3966 3311 4064 3380 τῆς

2443 3450 2447 3454 .
2493 3405 2618 3472 γῆς,
2653 3405 2747 3455 καὶ
2772 3402 3066 3473 ἐπληρώθη
3099 3404 3130 3473 ἡ
3165 3404 3472 3474 ἐπαγγελία
3498 3419 3512 3433 ο
3547 3403 3625 3472 τῷ
3657 3402 3766 3471 γὰρ
3815 3402 3957 3454 δόντι
3983 3401 4072 3453 διὰ

2496 3495 2588 3548 τδν
2617 3495 2752 3547 Θεὸν
2781 3497 2872 3548 τὸν
2917 3495 3113 3548 ἐαυτοῦ
3165 3497 3433 3566 μονογενῆ
3466 3513 3525 3549 τε
3574 3498 3667 3549 καί
3699 3495 3927 3564 γνήσιον
3959 3494 4071 3545 υἱὸν

2494 3588 2782 3657 ὀφειλέτης
2827 3585 2940 3642 οἷον
2996 3591 3023 3641 6
3071 3589 3204 3654 Θεὸς
3257 3591 3496 3658 ἐγένετο,
3536 3588 3605 3640 δι’
3643 3588 3805 3641 αὐτὸν
3855 3587 3947 3640 καί
3977 3589 4074 3658 τὴν

2497 3681 2633 3752 πρὸς
2657 3680 2823 3734 αὐτὸν
2848 3681 3182 3748 ἐπαγγελίαν
3213 3681 3522 3735 ἀντιδοῦναι
3564 3680 3654 3732 τὸν
3681 3681 3878 3732 ἐαυτοῦ
3919 3699 4048 3749 μονο

2495 3772 2628 3837 γενῆ
2665 3786 2724 3822 τε
2776 3771 2871 3822 καὶ
2897 3774 3121 3839 γνήσιον
3157 3771 3307 3824 Υίόν.
3345 3770 3503 3824 Οῦτω
3532 3770 3596 3840 δὴ
3645 3773 3737 3823 καὶ
3773 3773 3830 3822 ἐν
3882 3772 4072 3840 ήμῖνή

2495 3861 2584 3914 διὰ
2618 3863 2715 3924 τὰς
2741 3864 2962 3926 ἐντολὰς
2987 3863 3082 3916 τοῦ
3113 3863 3251 3917 Θεοῦ
3283 3863 3609 3934 σωφροσύνη
3635 3865 3730 3915 καὶ
3761 3865 4075 3934 δικαιοσύνη

2499 3956 2592 4007 καὶ
2631 3953 2959 4017 ταπείνωσις
3011 3955 3258 4026 ὑπομονή
3311 3972 3373 4007 τε
3415 3956 3522 4007 τῶν
3571 3956 3929 4024 ὁπωσδήποτε
3983 3974 4081 4008 κα-

2499 4044 2760 4109 κούντων,
2805 4047 2899 4099 καὶ
2952 4047 3190 4110 διάδοσις
3223 4047 3333 4100 τῶν
3384 4048 3761 4116 ὑπαρχόντων,
3795 4051 3828 4119 ἦ
3885 4068 3945 4102 τε
3979 4050 4076 4102 τοῦ

2501 4135 2758 4205 σώματος
2786 4137 2844 4189 ἐν
2877 4139 3157 4207 νηστείαις
3200 4138 3295 4190 καὶ
3323 4138 3664 4206 ἀγρυπνίαις
3713 4140 4076 4205 κακοπάθεια,

2501 4229 2594 4280 καὶ
2625 4228 2811 4291 ἁπλῶς
2843 4246 2902 4281 τε
2931 4230 3198 4299 σταυροῦν
3236 4229 3465 4289 ἐαυτοῦς
3501 4231 3598 4282 σὺν
3637 4234 3750 4293 τοῖς
3787 4233 4079 4302 παθήμασι

2501 4321 2596 4373 καὶ
2630 4322 2750 4384 ταῖς
2780 4321 3128 4390 ἐπιθυμίαις,
3159 4321 3220 4373 οὐ
3256 4323 3418 4389 μόνον
3463 4323 3806 4393 παράστασίς
3841 4327 3956 4376 ἐστι
3987 4325 4078 4376 τοῦ

2502 4416 2719 4484 άληθῶς
2753 4417 2898 4483 ἡμᾶς
2935 4414 3221 4467 πιστεῦσαι
3247 4417 3365 4476 tui;
3412 4415 3767 4484 ἐπαγγελίαις
3804 4415 3896 4468 τοῦ
3944 4417 4078 4485 Χριο

2506 4507 2655 4569 στοῦ,
2697 4510 2831 4560 ἀλλὰ
2875 4513 2960 4560 καῖ
3000 4508 3286 4576 ὀφειλέτην
3322 4503 3434 4559 οἷον
3481 4508 3574 4558 τὸν
3611 4507 3747 4559 Θεὸν
3793 4508 4080 4578 καθίστησι

2425 4596 2469 4650 Ῑ)
2499 4605 2592 4656 τοῦ
2623 4606 2722 4671 τὴν
2751 4604 2921 4658 ἀΐδιον
2949 4605 3040 4656 καὶ
3071 4605 3351 4670 ἀκήρατον
3383 4605 3512 4672 ἡμῖν
3544 4602 3692 4671 ζωὴν
3735 4611 3829 4654 καὶ
3865 4606 4078 4672 τρυφὴν

2507 4699 2599 4749 καὶ
2627 4697 2788 4760 δόξαν
2820 4698 2912 4748 καὶ
2944 4696 3220 4764 βασιλείαν
3248 4694 3576 4748 ἀντιδοῦναι.

2577 4788 2666 4839 Διό
2699 4789 2794 4841 καὶ
2825 4789 2989 4850 αὐτὸς
3032 4790 3172 4856 προς
3201 4788 3330 4849 τοὺς
3379 4788 3624 4855 μαθητὰς
3671 4788 3832 4840 αὑτοῦ
3873 4790 4084 4858 βλέπων

2505 4882 2659 4949 ἔλεγε
2691 4897 2704 4910 ·
2739 4899 2757 4932 ι
2802 4880 3079 4948 Μακάριοι
3133 4881 3180 4930 οἱ
3239 4882 3463 4947 πτωχοὶ,
3500 4882 3582 4932 ὅτι
3638 4880 3878 4949 ὑμετέρα
3941 4885 4086 4934 tati;

2507 4979 2540 5044 ὴ
2585 4973 2832 5042 βασιλεία
2859 4975 2967 5024 τῶν
3000 4975 3247 5042 οὐρανῶν
3272 4987 3283 4999 °
3320 4973 3594 5038 Μακάριοι
3634 4975 3683 5023 οί
3716 4973 4041 5036 πενθοῦντες
4065 4991 4081 5006 ο

2507 5068 2784 5136 Μακάριοι
2815 5066 2862 5117 οί
2924 5067 3253 5135 ἐλεήμονες·
3311 5064 3589 5133 Μακάριοι
3637 5077 3685 5116 οτ
3735 5065 4081 5135 δεδιωγμένοι

2508 5160 2695 5211 ἕνεκεν
2746 5159 3097 5226 δικαιοσύνης
3123 5174 3136 5186 '
3180 5175 3199 5209 ι
3239 5159 3357 5218 καὶ,
3397 5175 3415 5207 ε
3456 5158 3594 5209 Οὐαὶ
3625 5160 3671 5209 οι
3703 5157 4082 5220 πλουιοῦντες,

2507 5253 2628 5304 οὐαὶ
2656 5252 2706 5304 οί
2737 5253 3025 5320 γελῶντες,
3048 5253 3170 5303 οὐαὶ
3220 5252 3761 5320 οίέμπεπλησμένοι,
3792 5251 3915 5303 ούαὶ
3957 5253 4087 5302 ὅταν

2504 5343 2684 5405 καλῶς
2739 5345 2941 5406 πάντες
3009 5343 3238 5395 είπωσιν
3295 5343 3441 5409 ὑμᾶς
3505 5343 3552 5392 οί
3605 5342 3900 5412 ἄνθρωποι.
3943 5359 3961 5392 ι
4027 5342 4086 5394 ’0

2504 5435 2684 5486 τοίνυν
2715 5434 2792 5504 μὴ
2823 5435 2956 5503 πρὸς
2981 5433 3049 5486 τὰ
3081 5432 3500 5503 μακαριζόμενα
3531 5430 3766 5500 βλέπων,
3792 5433 3926 5486 ἀλλὰ
3950 5433 4085 5501 πρὸς

2506 5528 2573 5579 τά
2608 5527 2760 5596 παρὰ
2789 5526 2882 5578 τοῦ
2921 5527 3126 5594 Κυρίου
3167 5525 3589 5589 ταλανιζόμενα,
3626 5523 3764 5586 πῶς,
3812 5525 3933 5575 είπέ
3965 5541 4082 5591 μοι,

2508 5619 2932 5688 πιστευθήσεται
2985 5615 3263 5670 πιστεύειν
3314 5615 3390 5686 τῷ
3439 5615 3598 5684 Θεῷ;
3649 5633 3667 5666 ε
3731 5614 3916 5679 Δεῖξόν
3967 5630 4084 5682 μοι,

2507 5713 2666 5782 φησὶ,
2700 5714 2799 5781 τὴν
2848 5711 3034 5762 πίστιν
3064 5726 3159 5762 σου
3211 5712 3273 5762 ἐκ
3307 5707 3417 5760 τῶν
3469 5707 3648 5777 ἔργων
3699 5721 3791 5758 σου
3816 5720 3831 5735 ⁸
3863 5705 3957 5758 καὶ
4001 5707 4084 5769 τίς

2580 5893 2734 5948 IllJac.
2771 5910 2829 5956 ιι,
2869 5894 2967 5960 l8;
3015 5909 3093 5957 ιιι,
3133 5895 3209 5948 l3.
