4450 6444
397 415 469 478 ‘37
1774 412 2106 482 HOMILIA
2147 419 2313 481 VIII.
3596 427 3671 491 93

389 536 573 604 σοφὸς,
604 533 837 600 δειξάτω
891 536 956 589 ἐκ
988 525 1085 604 τῆς
1119 535 1292 605 καλῆς
1326 524 1675 607 ἀναστροφῆς
1726 537 1791 589 τὰ
1833 538 1968 606 ἔργα
2006 544 2043 596 Α
2078 533 2146 601 lgi

1917 554 1968 603 (α
2006 544 2043 596 Α
2078 533 2247 601 igitur
2271 534 2315 586 si
2345 532 2453 585 Deo
2484 531 2703 601 quidem
2729 544 2860 586 vere
2891 529 3189 597 credimus.
3220 532 3271 589 id
3302 546 3412 603 est,
3441 538 3488 593 si
3513 554 3674 595 veras

390 626 577 681 αὐτοῦ.
624 645 643 680 ι
705 628 830 682 Ὅτι
894 628 995 695 μὲν
1058 624 1151 682 οὖν
1221 628 1443 698 ἀληθῶς
1494 627 1831 697 πιστεύομεν
1891 628 1970 697 τῷ

391 720 531 788 Θεῷ,
560 722 845 792 τουτέστιν
871 721 1093 791 ἀληθείς
1133 723 1226 774 xui
1257 721 1502 792 βεϐαίας,
1534 726 1625 774 xui
1652 722 1776 774 ὅσον
1818 721 1972 774 οὔπω

395 815 776 883 παρεσομένας
796 789 1140 883 ᾖνῶσκομεν
1163 789 1267 876 τὰς
1289 813 1453 867 αὐτοῦ
1478 814 1615 885 πρὸς
1638 815 1783 885 ἡμᾶς
1804 816 1976 883 ἐπαγ-

396 907 578 971 γεῌας
628 905 789 976 ἢκαὶ
843 906 1098 969 ἀπειλὰς,
1133 907 1219 960 διὰ
1264 907 1374 959 τῶν
1421 906 1707 976 ἡμετέρων
1753 905 1975 972 ἀγαθῶν

398 996 575 1066 ἔργων
607 996 884 1049 δείκνυται
925 997 1021 1049 xui
1050 997 1153 1062 τῆς
1195 998 1301 1050 τῶν
1328 996 1492 1051 θείων
1542 997 1772 1050 ἐντολῶν
1799 999 1973 1068 τηρή-

400 1105 556 1151 σεως.
589 1089 710 1143 Ὀτι
746 1089 804 1143 δὲ
830 1087 1004 1159 ὀρθῶς
1031 1087 1362 1157 πιστεύομεν
1388 1089 1469 1150 είς
1512 1089 1604 1141 τὸν
1631 1088 1785 1153 Θεὸν,
1819 1107 1976 1144 τουτ-

400 1181 516 1235 έστι
563 1179 750 1243 καλῶς
803 1182 900 1235 xui
951 1181 1211 1249 ἀσφαλῶς
1238 1182 1334 1235 καὶ
1376 1182 1621 1245 εὐσεϐῶς
1666 1182 1975 1252 φρονοῦμεν

400 1276 531 1344 περὶ
588 1274 777 1338 αὑτοῦ,
812 1275 977 1329 πόθεν
1027 1276 1161 1345 ἡμῖν
1197 1278 1229 1346 ἡ
1282 1276 1671 1345 παράστασιςς
1705 1275 1838 1330 Ἀπὸ
1871 1277 1975 1347 τῆς

402 1369 538 1438 προς
601 1369 722 1430 τοὺς
777 1369 1070 1439 θεοφόρους
1132 1371 1383 1438 Πατέρας
1444 1369 1601 1439 ἡμῶν
1660 1369 1974 1440 ὁμολογίας.

401 1460 615 1529 Ὠσπερ
644 1460 701 1512 δὲ
747 1459 808 1513 τὸ
850 1460 1102 1530 ἁψευδῶς
1135 1460 1414 1514 πιστεύειν
1453 1461 1529 1530 τῷ
1559 1461 1677 1530 Θεῷ
1707 1462 1767 1515 οὑ
1815 1462 1977 1531 μόνον

398 1550 511 1618 ἔχει
538 1550 638 1619 τὴν
668 1551 778 1604 ἀπὸ
819 1550 927 1604 τῶν
970 1552 1071 1619 τῆς
1125 1552 1328 1621 σαρκὸς
1373 1553 1561 1606 παθῶν
1610 1555 1703 1607 xui
1734 1553 1835 1623 τὴν
1868 1554 1978 1607 ἀπὸ

398 1642 507 1695 τῦν
530 1642 624 1694 τοῦ
657 1642 896 1711 πονηροῦ
926 1643 1173 1709 παγίδων
1208 1644 1547 1708 ἐναντίωσιν,
1580 1644 1717 1699 ἀλλὰ
1747 1646 1839 1697 xui
1879 1644 1978 1715 τὴν

399 1736 508 1787 ἀπὸ
538 1735 646 1787 τῶν
684 1735 950 1803 ὲμπαθῶν
980 1737 1308 1806 ἀνθρνῢπων.
1362 1736 1668 1803 θεὶγόντων
1701 1740 1797 1792 xui
1847 1755 1981 1807 συγ-

400 1824 779 1877 καθελκόντων
808 1827 889 1889 είς
915 1826 1015 1887 τὰς
1058 1831 1117 1879 οὐ
1151 1827 1325 1891 καλὰς
1353 1828 1571 1899 ἡδονὰς,
1602 1828 1746 1881 οὕτω
1778 1830 1871 1882 xui
1919 1829 1979 1883 τὸ

402 1914 683 1966 πιστεύειν
710 1913 887 1985 ὀρθῶς
921 1916 1002 1979 είς
1035 1916 1125 1970 τὸν
1161 1912 1322 1987 μόνον
1358 1918 1531 1989 ἀληθῆ
1558 1920 1693 1972 Θεὸν
1725 1920 1784 1971 οὑ
1817 1919 1979 1988 μόνον

399 2006 513 2076 ἔχει
537 2007 638 2077 τὴν
668 2008 776 2061 ἀπὸ
799 2009 903 2079 τῆς
926 2010 1149 2077 ἀγνοίας
1180 2013 1276 2064 xui
1305 2012 1405 2082 τὴν
1428 2013 1536 2065 ἀπὸ
1562 2012 1670 2064 τῶν
1695 2012 1978 2066 ὐποεολῶν

398 2092 492 2152 τοῦ
526 2103 907 2171 ἀντικειμένου
941 2105 1285 2168 ἐναντίωσιν,
1312 2104 1446 2158 ἀλλὰ
1477 2108 1571 2158 xui
1598 2106 1696 2175 τὴν
1725 2106 1835 2159 ἀπὸ
1868 2105 1979 2158 τῶν

396 2188 675 2244 δυσσεδῶν
703 2192 1006 2263 ἀνθρώπων
1042 2194 1386 2247 κλεπτόντων
1416 2196 1510 2247 xui
1544 2195 1980 2262 συγκατασπών-

2082 636 2137 679 et
2178 627 2362 679 lirmas
2390 634 2441 679 et
2474 640 2749 693 nunquam
2779 625 3030 693 lapsuras
3059 626 3179 696 ejus
3212 630 3279 681 ad
3305 644 3407 685 nos
3432 632 3673 699 promis-

2085 719 2268 773 siones
2309 718 2391 770 vel
2422 718 2600 771 minas
2631 718 3035 783 cognoscimus,
3082 734 3179 786 per
3212 726 3350 773 bona
3377 737 3537 789 opera
3571 741 3674 779 no-

2088 819 2198 862 Stra
2230 817 2282 861 et
2314 822 2410 875 per
2444 809 2879 862 observationem
2911 809 3222 863 divinorum
3277 823 3668 880 praeceptorum

2085 900 2460 955 ostendemus.
2494 899 2548 953 Si
2588 914 2719 953 vero
2753 912 2897 955 recte
2928 902 2979 954 in
3017 900 3185 955 Deum
3236 904 3533 967 credimus,
3571 920 3669 961 seu

2086 992 2130 1045 si
2160 992 2383 1059 pulchre
2416 1001 2471 1043 et
2501 1001 2614 1045 tute
2642 999 2697 1045 et
2728 992 2812 1058 pie
2843 992 2906 1045 de
2934 1006 2999 1046 eo
3026 994 3354 1059 c0gitamns,
3393 995 3537 1047 unde
3568 1012 3668 1049 no-

2086 1083 2169 1138 bis
2193 1084 2464 1153 probatio?
2488 1084 2564 1139 Ex
2588 1094 2773 1139 nostra
2797 1084 2862 1137 ad
2887 1085 3041 1139 divos
3066 1084 3258 1139 Patres
3272 1086 3674 1142 convenientia.

2088 1176 2557 1244 Quemadmodum
2591 1193 2720 1233 vero
2754 1176 2907 1231 firme
2931 1176 3043 1231 Deo
3081 1178 3327 1242 credere,
3354 1194 3461 1232 non
3491 1180 3668 1234 solum

2089 1284 2187 1324 nos
2229 1285 2258 1323 a
2291 1269 2437 1323 vitiis
2463 1270 2777 1324 carnalibus
2803 1279 2854 1323 et
2887 1284 2916 1321 a
2949 1269 3153 1323 retibus
3198 1270 3417 1339 maligni
3451 1271 3671 1338 avertit,

2088 1364 2180 1418 sed
2207 1366 2370 1419 etiam
2397 1380 2422 1414 a
2450 1363 2860 1432 corruptoribus
2882 1375 2933 1417 et
2962 1362 3296 1417 illecebrosis
3326 1363 3458 1417 viris
3483 1363 3535 1417 in
3568 1379 3667 1419 vo-

2090 1456 2324 1525 luptates
2345 1455 2693 1523 turpissimas
2718 1455 3089 1520 trahentibus,
3120 1455 3193 1509 ita
3220 1455 3271 1508 in
3299 1456 3473 1510 solum
3503 1457 3672 1513 Deum

2091 1565 2277 1603 verum
2322 1557 2468 1602 recte
2506 1548 2735 1602 credere
2764 1565 2872 1603 non
2914 1554 3087 1603 solum
3128 1562 3227 1602 nos
3263 1548 3332 1602 ab
3363 1550 3670 1620 ignorantia

2094 1654 2147 1698 et
2179 1642 2624 1712 suggestionibus
2657 1643 2864 1696 inimici
2907 1645 3123 1706 avertit,
3167 1659 3355 1699 verum
3390 1646 3556 1698 etiam
3602 1645 3673 1700 ab

2092 1736 2275 1804 impiis
2325 1744 2378 1787 et
2428 1733 2716 1788 fallacibus
2750 1736 2882 1789 viris
2938 1734 2989 1787 in
3043 1736 3320 1805 propriam
3369 1736 3671 1806 perniciem

2091 1827 2545 1897 proripio-utilius.
2596 1826 2889 1881 Maximum
2944 1839 3124 1882 autem
3181 1829 3235 1881 in
3285 1836 3515 1898 utraque
3568 1830 3675 1885 ﬁde

2014 1912 2053 1964 Β
2084 1920 2245 1972 datur
2271 1919 2600 1986 adjutorinm
2634 1934 2742 1972 non
2775 1918 3119 1973 solummodo
3152 1921 3219 1971 ah
3244 1921 3361 1990 ipso
3387 1919 3497 1974 Deo
3518 1929 3573 1975 et
3608 1919 3680 1975 ab

2086 2011 2198 2078 ipsa
2238 2012 2391 2064 nobis
2428 2012 2629 2064 tributa
2673 2010 3033 2079 cognoscendi
3065 2012 3329 2078 potentia,
3362 2010 3456 2065 sed
3502 2012 3671 2064 etiam

2084 2103 2152 2155 ab
2197 2102 2407 2170 angelis
2436 2101 2593 2155 bonis
2616 2109 2671 2155 et
2705 2101 2808 2170 piis
2832 2100 3144 2154 hominibus
3168 2101 3465 2155 secundum
3498 2100 3669 2156 Deum

2082 2195 2411 2250 viventibus.

394 2305 507 2342 των
538 2290 616 2350 είς
660 2290 759 2359 τὴν
789 2290 999 2344 οἰκείαν
1034 2292 1338 2347 ἀπώλειαν.
1390 2292 1500 2345 Kui
1530 2292 1757 2362 βοήθεια
1838 2292 1896 2345 δὲ
1967 2294 2202 2364 μεγίστη
2269 2294 2562 2363 πρόσεστιν
2612 2291 2700 2360 ἐφ’
2762 2292 3036 2361 ἑκατέρας
3086 2291 3349 2351 πίστεως,
3394 2289 3457 2343 οὐ
3513 2290 3677 2370 μόνον

395 2381 529 2450 παρ’
560 2380 725 2434 αὑτοῦ
758 2398 817 2433 τε
849 2381 941 2434 τοῦ
973 2381 1109 2436 Θεοῦ
1142 2384 1237 2437 xui
1268 2383 1368 2453 τῆς
1395 2384 1454 2449 ἐξ
1483 2383 1652 2437 αὐτοῦ
1682 2385 1978 2455 δεδομένης
2016 2387 2148 2455 ἡμῖν
2177 2386 2489 2454 γνωστικῆς
2520 2385 2827 2453 δυνάμεως,
2857 2384 3000 2437 ἀλλὰ
3024 2384 3119 2435 xui
3151 2382 3304 2451 παρὰ
3367 2383 3475 2436 τῶν
3534 2384 3676 2449 ἀγα-

397 2476 507 2529 θῶν
535 2478 803 2546 ἀγγέλων,
834 2480 931 2532 xui
966 2480 1080 2532 τῶν
1122 2479 1396 2533 θεοσεδῶν
1445 2484 1541 2535 xui
1575 2479 1797 2546 ζώντων
1840 2483 1982 2536 κατὰ
2016 2482 2149 2535 Θεὸν
2187 2483 2517 2551 ἀνθρώπων.

468 2572 572 2644 ﬁl
608 2574 893 2632 Atuxobro
919 2579 1010 2629 xui
1037 2577 1071 2647 η
1099 2578 1449 2647 πνευματικὴ
1484 2579 1578 2630 xui
1604 2580 1755 2649 κοινὴ
1790 2582 1979 2649 μήτηρ

2160 2577 2449 2646 Propterea
2480 2577 2778 2646 spiritualis
2832 2576 3247 2646 communisque
3274 2586 3450 2630 mater
3479 2586 3533 2631 et
3575 2593 3675 2631 nu-

399 2669 494 2717 xui
528 2667 728 2735 τροξὺς
761 2668 941 2737 ήμῶν,
966 2670 1000 2739 ἡ
1056 2670 1354 2739 Ἐκκλησία
1397 2672 1491 2723 τοῦ
1524 2672 1784 2741 Χριστοῦ,
1815 2676 1985 2741 σήμε-
2076 2673 2156 2726 tri

1909 2691 1985 2725 ιε·-
2076 2673 2184 2726 trix
2215 2684 2397 2726 nostra
2434 2673 2636 2726 Christi
2673 2673 2916 2727 Ecclesia
2955 2672 3182 2727 clariore
3216 2673 3484 2741 simulque
3529 2688 3666 2728 nova

406 2774 500 2825 ρον
534 2758 924 2828 ἀριδηλότερον
947 2760 1065 2828 ἆρα
1093 2762 1187 2812 xui
1222 2763 1532 2831 κοινότερον
1558 2766 1660 2832 τήν
1684 2781 1739 2816 τε
1779 2766 1987 2834 ἁνακή-
2078 2780 2163 2834 pra

1914 2766 1987 2834 μή·
2078 2766 2469 2834 praedicatione
2526 2764 2684 2817 hodie
2746 2766 3091 2817 commendat
3146 2778 3243 2817 eos
3300 2764 3388 2830 qui
3472 2762 3671 2829 pietate

404 2850 556 2915 ρυξιν
586 2854 822 2905 ποιεῖται
849 2854 958 2906 τῶν
989 2854 1077 2905 ἐπ’
1118 2855 1371 2925 εὑσεῦείᾳ
1400 2858 1494 2909 καὶ
1533 2858 1701 2928 ἀρετῇ
1739 2857 1989 2927 λαμψάν·

395 2956 527 3006 των,
573 2948 665 2997 xui
700 2945 809 2998 τῶν
848 2947 1125 3017 πανιέρων
1173 2947 1294 3000 κατ’
1328 2949 1526 3010 αὐτοὺς
1574 2950 1833 3016 συνόδων,
1876 2953 1975 3005 xu-i

401 3036 510 3086 τῶν
541 3038 664 3088 κατ’
695 3038 864 3100 αὑτὰς
896 3038 1056 3091 θείων
1084 3039 1394 3106 δογμάτων,
1427 3039 1521 3091 xui
1552 3040 1647 3108 τὴν
1688 3042 1976 3110 ἀποκήρυ-

405 3126 489 3190 ξιν
517 3129 1056 3199 κεφαλαιωδέστερον
1102 3129 1209 3182 τῶν
1248 3132 1601 3184 σπουδαστῶν
1649 3133 1746 3200 τῆς
1790 3134 1981 3185 δυσσε-

2082 2868 2137 2913 et
2172 2860 2373 2912 virtute
2415 2858 2735 2913 eil'ulserttnl
2764 2896 2779 2921 ,
2836 2838 3044 2911 neeuon
3083 2856 3431 2911 sanctissima
3469 2856 3672 2909 horum

2086 2953 2315 3006 consilia
2353 2952 2646 3016 divinaque
2697 2952 2944 3018 dogmata
2986 2948 3038 3001 in
3084 2948 3202 3001 istis
3237 2947 3587 3016 proclamata,
3621 2953 3679 3000 et

2088 3046 2402 3098 summatim
2433 3044 2665 3111 abnegat
2696 3057 2790 3095 eos
2830 3043 2919 3109 qui
2963 3040 3226 3109 impietati
3278 3039 3619 3093 indulserunt
3650 3075 3666 3098 ,

2090 3153 2360 3207 pravaque
2394 3154 2582 3189 eorum
2618 3136 2792 3190 studia
2835 3143 2888 3187 et
2938 3133 3188 3197 consilia,
3220 3142 3279 3186 ut
3309 3148 3408 3185 nos
3456 3130 3525 3184 ab
3556 3129 3678 3184 istis

398 3222 574 3287 Isim,
617 3226 711 3277 xui
740 3224 849 3277 τῶν
878 3224 1134 3294 πονηρῶν
1161 3224 1284 3277 κατ’
1315 3225 1513 3287 αὐτοὺς
1542 3227 1981 3295 σπουδασμῶων
2008 3255 2049 3310 C
2086 3249 2147 3285 ar

1916 3246 1981 3280 ων
2008 3255 2049 3310 C
2086 3235 2286 3291 aversi,
2339 3232 2613 3283 doctrinas
2662 3244 2791 3282 vero
2821 3243 2942 3295 quae
2976 3235 3098 3278 sunt
3152 3224 3448 3279 secundum
3506 3220 3673 3275 Deum

399 3334 458 3368 τε
506 3317 601 3367 xui
636 3318 1023 3385 φρονημάτων,
1078 3317 1167 3370 ἵνα
1206 3317 1430 3379 τούτους
1489 3317 1586 3387 μὲν
1643 3320 1801 3385 ἡμεῖς
1847 3321 1981 3371 ἀπο-

400 3408 750 3475 τρεπόμενοι,
783 3410 896 3469 τοῖς
942 3407 999 3460 δὲ
1034 3408 1176 3460 κατὰ
1219 3408 1353 3460 Θεὸν
1390 3411 1727 3478 φρονήσασιν
1779 3411 1980 3478 ἑπόμε-

399 3517 479 3550 νοι
533 3499 882 3568 πιστεύωμεν
922 3500 1005 3563 είς
1072 3501 1167 3553 ἕνα
1213 3501 1368 3567 Θεὸν,
1404 3502 1645 3571 Πατέρα,
1708 3503 1835 3555 Υίὸν
1889 3505 1983 3557 xui

401 3591 627 3660 Πιεῦμα
661 3594 838 3659 ἅγιον,
873 3591 931 3657 ἐξ
968 3586 1029 3645 οὗ
1061 3594 1157 3644 xui
1184 3591 1251 3643 δι’
1285 3585 1351 3644 οὗ
1384 3592 1480 3645 xui
1522 3596 1578 3645 ὲν
1609 3588 1652 3660 ᾧ
1690 3594 1757 3645 τὰ
1807 3596 1982 3647 πάντα

399 3688 646 3751 γέγονεν,
675 3685 735 3746 ὃς
791 3686 907 3736 ὲστι
951 3685 1057 3754 πρὸ
1099 3684 1319 3736 πάντων
1370 3687 1465 3737 xui
1499 3686 1592 3738 ἐπὶ
1644 3688 1861 3739 πάντων
1889 3689 1985 3740 xui

400 3780 459 3829 ὲν
504 3779 635 3829 πᾶσι
694 3778 790 3830 xui
834 3778 973 3855 ύπὲρ
1026 3777 1087 3828 τὸ
1120 3779 1251 3841 πᾶν,
1295 3780 1480 3841 Μονὰς
1536 3781 1593 3830 ὲν
1620 3780 1834 3847 Τριὰδι,
1889 3782 1983 3831 xui

401 3872 571 3940 Τριὰς
601 3873 658 3923 ὲν
690 3872 918 3935 Μονάδι,
954 3873 1279 3942 ἀσυγχύτως
1326 3873 1614 3942 ἑνουμένη,
1661 3873 1757 3927 xui
1790 3874 1984 3942 ἀμερί-

404 3981 543 4025 στως
574 3964 953 4034 διαιρουμένη.
989 3966 1173 4027 Μονὰς
1205 3967 1237 4034 ἡ
1275 3965 1416 4034 αὑτὴ
1448 3966 1545 4017 xui
1578 3966 1748 4035 Τριὰς
1780 3967 1982 4018 παντο-

401 4056 634 4123 δύναμος
670 4072 684 4087 ·
722 4058 905 4128 Πατὴρ
961 4057 1188 4126 ἄχρονος
1218 4060 1312 4110 καὶ
1364 4059 1601 4129 ἄναρχος
1648 4059 1745 4110 xui
1790 4058 1981 4124 ἀΐδιος,

407 4150 566 4216 μόνος
599 4150 746 4202 uitia
773 4150 866 4201 xui
902 4149 1026 4219 ῥίζα
1050 4152 1148 4219 τῆς
1182 4152 1239 4202 ὲν
1265 4150 1378 4221 Υίῷ
1407 4153 1501 4203 xui
1532 4152 1674 4222 ἁγίῳ
1704 4152 1985 4221 Πνεύματι

406 4245 791 4312 θεωρουμένης
827 4243 1116 4312 θεότητοςο
1169 4246 1226 4297 οὐ
1260 4247 1419 4312 μόνος
1469 4246 1819 4315 δημιουργὸς,
1849 4246 1985 4298 ἀλλὰ

410 4336 568 4406 μόνος
606 4336 723 4398 ἑνὸς
754 4334 884 4389 Υἱοῦ
918 4336 1127 4405 Πατὴρ,
1162 4337 1256 4390 xui
1298 4336 1615 4406 Πνεύματος
1656 4338 1812 4404 ἁγίου
1852 4353 1987 4406 προ-

406 4432 593 4494 συλεύς
621 4449 635 4463 ·
678 4433 765 4483 ἀεὶ
794 4429 889 4492 ῶν,
925 4432 1019 4483 xui
1052 4432 1137 4483 ἀεὶ
1165 4432 1240 4482 ῶν
1269 4432 1479 4499 Πατὴρ,
1516 4434 1607 4483 xui
1637 4433 1724 4483 ἀεὶ
1755 4428 1827 4482 ῶν
1867 4431 1980 4482 [Ια-

404 4530 509 4595 τήρ
539 4544 598 4577 τε
632 4527 724 4579 xui
774 4525 1104 4594 προὸολεύςο
1135 4518 1196 4577 οὗ
1250 4524 1374 4586 Υἱὸς
1405 4520 1484 4586 εἷς
1518 4524 1791 4585 συναῖδιος
1835 4521 1982 4593 αὐτῷ

2083 3324 2277 3384 seenli,
2312 3326 2597 3375 credamus
2630 3321 2681 3373 in
2717 3336 2888 3372 nnntn
2930 3319 3118 3377 Deum,
3150 3314 3363 3368 Patrem
3393 3322 3447 3367 et
3476 3310 3675 3365 Filium

2082 3426 2136 3469 et
2167 3415 2427 3483 Spiritum
2458 3424 2729 3473 sanetum,
2757 3428 2817 3463 ex
2851 3428 2980 3479 quo,
3020 3424 3111 3478 per
3137 3422 3321 3477 quem,
3348 3406 3400 3459 in
3423 3420 3532 3474 quo
3559 3419 3678 3456 om-

2085 3512 2171 3562 nia
2206 3508 2346 3562 farta
2384 3516 2532 3565 sunt,
2568 3505 2656 3574 qui
2683 3515 2763 3556 est
2795 3519 2958 3570 super
2985 3501 3191 3566 omnia,
3217 3509 3342 3553 ante
3370 3496 3575 3560 omnia,
3619 3506 3677 3553 et

2085 3602 2137 3656 in
2176 3603 2451 3659 tnutnilins,
2482 3597 2673 3653 Unitas
2703 3598 2753 3649 in
2779 3596 2811 3648 ἰ
2831 3594 3324 3657 rinitate,Trinitas
3350 3592 3401 3643 in
3426 3587 3671 3653 Unitate,

2083 3695 2201 3748 sine
2234 3690 2553 3745 confusione
2576 3690 2833 3750 atlunata,
2864 3701 2915 3739 et
2943 3688 3062 3741 sine
3095 3687 3360 3741 divisione
3383 3684 3670 3738 distincta.

2084 3784 2280 3839 Unitas
2312 3784 2498 3833 eadem
2539 3790 2593 3834 et
2630 3779 2873 3835 Trinitas
2901 3780 3271 3847 omnipotens.
3309 3778 3474 3831 Pater
3512 3787 3675 3830 reter-

2086 3896 2209 3943 nus,
2261 3881 2378 3931 sine
2428 3888 2689 3944 tempore,
2746 3878 2863 3930 sine
2896 3875 3186 3941 principio,
3233 3874 3383 3927 solus
3426 3888 3588 3927 causa
3620 3880 3676 3924 et

2085 3973 2239 4025 radix
2272 3970 2576 4023 divinitatis
2607 3970 2655 4020 in
2691 3968 2829 4021 Filio
2860 3977 3157 4033 sanctoque
3197 3966 3402 4035 Spiritu
3455 3964 3676 4016 inhabia

2089 4064 2293 4127 tantis;
2333 4078 2436 4115 non
2469 4061 2615 4114 solus
2641 4069 2858 4113 creator
2909 4059 3091 4112 mundi
3116 4098 3130 4119 ,
3186 4060 3275 4110 sed
3322 4056 3473 4111 solus
3509 4053 3678 4108 unius

2087 4154 2207 4208 Filii
2241 4152 2421 4215 Pater,
2456 4162 2510 4206 et
2538 4152 2774 4218 Spiritus
2806 4150 2975 4201 sancti
3012 4148 3363 4216 principium,
3405 4147 3497 4215 qui
3529 4160 3679 4199 srm-

2088 4262 2181 4315 per
2210 4256 2313 4308 est,
2347 4257 2675 4311 semperque
2706 4251 2789 4295 est
2831 4241 3012 4298 Pater,
3046 4253 3373 4307 semperque
3397 4247 3479 4290 est
3510 4235 3673 4289 Pater

2087 4348 2141 4392 et
2186 4337 2547 4406 principium;
2594 4335 2749 4403 cujus
2818 4348 2956 4384 IIIIIIS
3006 4331 3171 4384 Filius
3218 4330 3318 4398 ipsi
3368 4343 3679 4384 coaeternus

2086 4431 2174 4498 qui
2202 4429 2266 4481 ad
2306 4430 2479 4481 inSlar
2517 4426 2694 4479 Patris
2735 4425 3059 4497 principium
3111 4422 3407 4476 secundum
3465 4432 3678 4487 tempus

2088 4539 2194 4575 non
2254 4521 2449 4580 habet,
2503 4518 2600 4573 sed
2659 4516 2993 4587 priuetpium
3064 4514 3253 4577 habet,
3313 4521 3474 4580 prout
3526 4512 3681 4581 geni-

406 4625 498 4674 xu‘:
540 4622 681 4674 κατὰ
716 4621 906 4689 χρόνον
952 4619 1286 4687 συνάναρχος
1312 4634 1326 4647 ·
1361 4619 1461 4669 οὐκ
1498 4619 1736 4687 ἄναρχος
1777 4616 1855 4677 δὲ,
1909 4614 1981 4677 ὡς
2017 4623 2061 4677 ι)
2093 4624 2163 4667 101

1923 4614 1981 4677 b;
2017 4623 2061 4677 ι)
2093 4624 2261 4667 torem
2316 4620 2366 4665 et
2433 4610 2669 4663 radicem
2705 4621 2755 4661 et
2796 4608 2993 4659 fontem
3026 4614 3077 4657 et
3136 4605 3462 4674 principium
3516 4605 3680 4657 habet

402 4717 703 4784 γεννήτορα
730 4713 824 4766 xui
858 4711 1018 4783 ῥίζαν
1049 4712 1143 4762 xui
1174 4710 1358 4779 πηγὴν
1390 4711 1485 4763 xui
1525 4711 1699 4777 ἀρχὴν
1725 4708 1864 4778 ἔχων
1894 4708 1984 4759 τὸν

406 4808 648 4877 Πατέρα,
683 4808 741 4870 ἐξ
769 4800 830 4860 οὗ
864 4805 1026 4873 μόνου
1061 4803 1167 4872 πρὸ
1199 4806 1418 4856 πάντων
1450 4805 1556 4855 τῶν
1586 4803 1798 4856 αἰώνων
1841 4803 1985 4853 ἀσω-

408 4903 617 4970 μάτως,
677 4897 931 4960 ἀπαθῶς,
979 4896 1319 4969 άρῤεύστως,

407 4993 525 5046 ἀλλ’
556 4994 615 5045 οὐ
644 4991 872 5061 διῃρέθη
896 5006 911 5021 ο
946 4990 1077 5051 Θεὸς
1121 4987 1196 5040 ῶν
1231 4990 1294 5041 ἐκ
1330 4987 1487 5048 Θεοῦ,
1526 4989 1625 5039 οὐκ
1672 4987 1828 5051 ἄλλας
1865 4986 1981 5055 μὲν,

405 5084 544 5137 καθὸ
568 5084 724 5144 Θεὸς,
748 5082 906 5140 ἄλλος
931 5079 986 5132 δὲ
1016 5080 1153 5133 καθὸ
1195 5078 1321 5141 Υἱός
1348 5094 1362 5107 ·
1391 5080 1476 5128 ἀεὶ
1511 5077 1608 5139 ῶν,
1655 5078 1747 5129 xui
1797 5079 1881 5129 ἁεί
1911 5078 1985 5128 ῶν

408 5179 557 5239 Υἱὸς,
604 5178 701 5228 καὶ
725 5175 811 5227 ἀεὶ
854 5174 991 5243 πρὸς
1028 5172 1120 5225 τδν
1155 5172 1290 5224 Θεὸν
1320 5172 1642 5241 ἀσυγχύτω;
1688 5168 1797 5221 ὤν’
1831 5171 1986 5236 λόγος

408 5273 542 5335 ζῶν,
577 5270 697 5338 φῶς
727 5266 1001 5329 ἀληθινὸν,
1059 5265 1429 5325 ὲνυπόστατος
1481 5264 1663 5329 σοφία,
1704 5263 1853 5315 αἰτία
1890 5263 1983 5314 xui

409 5366 556 5433 ἀρχὴ
583 5363 693 5415 τῶν
723 5360 1027 5429 γεγονότων
1076 5359 1317 5421 πάντων,
1362 5357 1435 5419 ὡς
1469 5355 1536 5410 δι’
1568 5356 1733 5409 αὖτοῦ
1771 5356 1988 5407 πάντων

408 5455 715 5523 γεγονότων
739 5466 752 5481 ’
791 5452 849 5514 ὃς
881 5452 973 5503 ἐπὶ
1000 5450 1285 5519 συντελείᾳ
1316 5448 1423 5516 τῶν
1470 5450 1703 5507 αίώνων,
1735 5446 1987 5514 καθάπερ

407 5550 457 5600 οἱ
492 5546 771 5616 προφῆται
822 5543 1261 5614 προηγόρευσαν,
1308 5540 1501 5595 ἑαυτὸν
1549 5541 1806 5601 ὲριένωσε,
1856 5556 1990 5605 μορ.

412 5642 520 5709 φῆν
554 5641 652 5708 τὴν
684 5638 807 5690 καθ’
834 5639 982 5707 ἡμᾶς
1013 5635 1081 5691 δι’
1114 5636 1264 5705 ἡμᾶς
1297 5635 1499 5699 λαεὼν,
1544 5634 1644 5687 xui
1670 5636 1730 5684 ὲκ
1759 5634 1990 5702 ἀειπαρ-

414 5735 570 5785 θένου
621 5731 841 5800 Μαρίας
891 5728 1106 5800 εὐδοκία
1148 5730 1241 5781 τοῦ
1283 5728 1517 5796 Πατρδς,
1554 5728 1649 5779 xui
1698 5725 1988 5793 συνεργεὶᾳ

409 5827 506 5876 τοῦ
545 5824 700 5890 ἁγίου
735 5821 1051 5891 Πνεύματος
1086 5820 1308 5891 κυηθεὶς
1337 5824 1427 5871 καί
1459 5819 1761 5889 γεννηθεὶς.
1798 5818 1890 5869 xui
1914 5818 1985 5876 ὡς

410 5917 631 5987 ἀληθῶς
690 5915 1121 5978 ὲνακθοωπέπσας
1164 5916 1388 5983 γέγονεν
1424 5915 1607 5985 ὅμοιος
1660 5914 1789 5963 ᾗελῖν
1847 5913 1987 5963 κατὰ

1370 4898 1647 4963 γεννητῶς
1691 4893 1980 4963 προῆλθεν,

2092 4705 2333 4767 Patrem,
2365 4718 2429 4755 ex
2470 4719 2577 4770 quo
2612 4703 2727 4754 Solo
2777 4709 2901 4751 ante
2929 4700 3112 4751 omnia
3140 4699 3336 4752 SierIIia
3392 4699 3508 4751 sine
3557 4713 3684 4753 εον-

2096 4812 2246 4865 pore,
2318 4796 2435 4848 sine
2490 4794 2709 4857 labore,
2760 4793 3041 4855 continuo,
3092 4807 3185 4859 per
3243 4791 3459 4845 modum
3516 4805 3685 4857 gene-

2096 4888 2323 4941 rationis
2388 4887 2688 4956 processit,
2726 4887 2818 4937 sed
2880 4901 2985 4936 non
3019 4888 3327 4936 abstractus
3384 4891 3488 4936 est.
3538 4882 3683 4934 Dens

2095 4986 2160 5037 de
2213 4982 2343 5043 Deo,
2401 4996 2505 5032 non
2561 4979 2700 5031 alius
2751 4978 2969 5043 quidrm
3022 4986 3289 5043 quatenus
3323 4974 3481 5035 licus,
3543 4973 3685 5026 alius

2095 5084 2274 5125 autem
2341 5079 2609 5139 quatenus
2662 5067 2883 5131 Filius;
2940 5068 3029 5133 qui
3082 5080 3298 5133 semper
3360 5074 3478 5126 ρει,
3533 5080 3680 5115 sen-

2097 5180 2298 5234 perqne
2328 5174 2410 5215 est
2442 5160 2633 5223 Filius,
2661 5172 2985 5227 semperque
3008 5167 3089 5211 est
3122 5158 3263 5222 apud
3301 5157 3466 5206 licunt
3494 5154 3686 5206 incon-

2096 5259 2421 5319 fusibiliter;
2457 5254 2690 5305 Verbum
2730 5255 2937 5311 vivum,
2965 5250 3143 5302 lumen
3171 5262 3378 5311 verum,
3411 5245 3678 5313 sapientia

2096 5348 2489 5409 substantialis,
2515 5361 2677 5398 causa
2702 5357 2750 5397 et
2778 5344 3101 5411 principium
3126 5340 3369 5392 muniunt
3395 5354 3512 5407 qum
3539 5338 3679 5387 facta

2097 5456 2242 5510 sunt,
2277 5447 2404 5514 quia
2438 5458 2531 5511 per
2563 5443 2738 5507 ipsum
2780 5442 2917 5491 tacta
2960 5450 3080 5490 sunt
3114 5438 3336 5498 munia;
3381 5436 3496 5503 qui,
3530 5450 3680 5483 eom-

2098 5539 2255 5607 pletis
2292 5537 2521 5598 smcnlis,
2557 5536 2695 5587 sient
2739 5533 3011 5601 propinene
3060 5530 3422 5599 pra-dixerant
3480 5538 3665 5580 semei-

2099 5633 2272 5697 ipsnm
2305 5628 2623 5687 exinaniv.t,
2658 5626 2885 5677 lurmam
2917 5632 3162 5675 nostram
3196 5632 3415 5689 propter
3456 5635 3556 5673 nos
3591 5636 3681 5671 ac.

2097 5724 2328 5791 cipiens,
2363 5735 2568 5773 necnon
2618 5733 2680 5770 ex
2731 5716 2894 5769 Maria
2951 5729 3164 5781 semper
3214 5712 3441 5779 virgine,
3488 5710 3682 5763 ‘Patrie

2100 5812 2463 5881 benrplarito,
2491 5820 2547 5863 et
2576 5810 2960 5876 cooperatione
2988 5807 3224 5874 Spiritus
3256 5804 3449 5867 sancti,
3478 5817 3681 5856 conre—

2099 5917 2221 5977 ptus
2252 5916 2299 5961 ct
2337 5906 2575 5972 genitus,
2612 5912 2665 5957 et
2692 5902 2819 5971 quia
2854 5913 2979 5953 vere
3017 5900 3178 5952 homo
3228 5895 3404 5950 factus
3430 5936 3445 5961 ,
3487 5894 3681 5949 s‘m‘lt~
