4450 6444
385 361 491 424 109

1746 356 2075 417 IIOMILIA
2103 356 2201 415 IX.

3503 354 3605 416 110

393 474 543 526 στεία
575 475 743 536 ἐστὶν,
775 471 848 534 ώς
907 473 970 526 ἐκ
999 473 1094 542 τῆς
1141 472 1249 524 τῶν
1278 470 1575 525 Νινευῖτῶν
1613 471 1952 541 ἐπιστροφῆς
1983 480 2026 530 Α
2056 484 2150 537 qua

1851 471 1952 539 φῆς
1983 480 2026 530 Α
2056 484 2216 537 quam
2252 477 2336 522 est
2374 468 2661 536 jejunium,
2716 477 2772 522 ut
2819 470 3110 524 didicimus
3143 485 3205 522 ex
3256 468 3608 520 Ninivitarum

394 563 749 632 ἐδιδάχθημεν
772 580 788 597 ο
822 565 974 616 οὐδὲν
1009 564 1150 616 οὕτω
1186 563 1503 632 νεκροποιὸν
1536 563 1611 625 ὡς
1663 564 1694 630 ἡ
1727 579 1956 629 γαστρι-

402 657 610 725 μαργία
640 658 788 710 ἐστί·
827 659 921 710 καὶ
948 658 1219 710 δείκνυσιν
1252 660 1279 710 6
1321 659 1448 727 περὶ
1481 657 1572 709 τοῦ
1599 657 1808 708 ἀσώτου
1840 657 1957 708 ἐπι-

397 750 720 818 στρέψαντος
760 749 930 802 εξπών
954 766 968 780 ο
1007 768 1026 800 r
1063 743 1227 812 Οὗτος
1269 753 1295 803 6
1342 750 1455 811 υἱός
1488 767 1588 818 μου
1628 747 1818 813 νεκρὸς
1867 743 1957 816 ἦν,

393 844 487 895 καὶ
525 841 809 908 ἀνέζησεν,
852 841 1143 918 ἀπολωλὼς
1186 838 1274 911 ἦν,
1322 843 1415 893 καὶ
1460 841 1690 910 εύρέθη’
1725 859 1741 891 ι
1782 838 1958 908 συώδη

396 935 501 1001 γάρ
539 933 651 1000 βίον
675 934 978 1001 ἠσπάσατο,
1008 935 1099 987 καὶ
1125 935 1266 986 συῶν
1296 934 1450 1004 ἥδετο
1487 933 1752 1004 βορϐόρῳ,
1783 948 1960 1002 παραυ

399 1025 698 1094 συνεὸλήθη
725 1027 955 1088 τούτοις,
1004 1026 1096 1078 καὶ
1147 1025 1406 1095 ὡμοιώθη
1444 1027 1646 1088 αὐτοῖς,
1682 1025 1781 1087 τὴν
1821 1024 1958 1092 πρὸς

397 1117 527 1168 Θεὸν
557 1119 813 1186 ὁμοίωσιν
837 1117 1192 1186 ἀποθέμενος.
1226 1119 1378 1170 Κατὰ
1414 1119 1471 1170 δέ
1505 1118 1596 1171 τὸν
1634 1117 1806 1186 μέγαν
1841 1117 1957 1170 Ἰὼϐ

397 1209 456 1260 ού
490 1210 741 1277 κτήνεσιν
774 1207 1031 1279 ὡμοιώθη
1070 1209 1248 1278 μόνον,
1283 1209 1416 1263 ἀλλὰ
1448 1210 1673 1271 καὶτοῖς
1714 1211 1770 1260 ἐν
1801 1209 1960 1278 ὑδρη-

400 1300 508 1362 λοίς
538 1300 756 1370 χωρίοις
788 1302 1066 1363 παντελῶς
1095 1302 1461 1370 ἀναισθήτοις,
1496 1301 1746 1371 βουτόμῳ
1778 1318 1834 1352 τε
1867 1301 1959 1354 καὶ

398 1394 636 1464 παπύρῳ
675 1394 766 1446 καὶ
800 1394 879 1462 τῷ
935 1394 1191 1463 καλάμῳ,
1253 1396 1310 1446 ἐν
1362 1389 1443 1456 οἷς
1478 1395 1572 1446 καὶ
1629 1396 1889 1463 κοιμᾶται
1935 1395 1962 1445 6

400 1485 694 1551 παμφάγος
729 1484 1020 1539 Λευῖαθάν.
1059 1485 1144 1536 Ἑν
1177 1485 1284 1553 γάρ
1322 1486 1432 1547 τοῖς
1465 1484 1738 1554 ὕγροόίοις
1762 1486 1821 1537 τὸ
1846 1502 1965 1553 νοη-

400 1573 490 1623 τὸν
543 1571 701 1625 τοῦτο
743 1576 904 1642 κῆτος
949 1571 1387 1624 ἐπαναπαύεται.
1438 1573 1542 1624 Ἦν
1608 1572 1880 1639 ὑγρότητα
1937 1570 1965 1621 6

398 1663 562 1715 Δαϐὶδ
600 1663 919 1716 ἀπελαύνων
963 1662 1050 1715 διά
1095 1663 1194 1731 τῆς
1238 1663 1565 1732 ἐγκρατεὶας
1617 1662 1717 1730 τῆς
1759 1660 1965 1723 οἰκείας

403 1756 567 1824 ζωῆς,
621 1773 641 1808 t
687 1756 1015 1826 Ἐξηράνθη,
1070 1756 1256 1824 φησιν,
1302 1757 1375 1816 ὡς
1417 1756 1686 1824 ὄστρακον
1732 1755 1764 1816 ἡ
1814 1752 1965 1822 ἰσχύς

2061 559 2467 624 conversione;
2519 562 2651 614 nihil
2707 562 2778 614 ita
2834 573 3060 615 mortem
3115 572 3371 627 operatur
3418 569 3475 611 ut
3534 561 3614 611 in-

2061 652 2287 719 gluvies,
2325 661 2383 704 ut
2412 653 2645 705 ostendit
2677 653 2767 721 qui
2815 654 2880 706 dc
2915 653 3022 706 ﬁlio
3056 652 3277 721 prodigo
3311 662 3618 706 revertente

2062 743 2242 798 dixit:
2282 764 2298 794 ‹
2338 743 2446 797 iste
2493 746 2633 799 ﬁlius
2660 760 2809 800 meus
2852 756 3100 798 mortuus
3147 754 3283 809 erat,
3337 755 3388 797 et
3441 760 3619 797 resur-

2061 836 2225 901 rexit;
2269 837 2524 905 perierat,
2560 848 2612 891 et
2641 838 2886 892 inventus
2914 849 2994 892 est
3022 840 3138 903 ²³;›
3171 837 3448 908 porcinam
3475 837 3616 887 enim

2064 928 2223 980 vitam
2260 930 2546 998 amplexus
2589 940 2724 994 erat,
2758 942 2812 986 et
2856 947 3140 1000 porcorqu
3175 933 3282 985 luto
3308 929 3575 999 gaudebat
3602 966 3615 986 ,

2062 1019 2258 1087 quibus
2294 1032 2614 1090 aggregatus
2647 1032 2813 1076 estet
2849 1024 3199 1086 assimilatus,
3235 1039 3329 1076 sua
3355 1025 3418 1075 ad
3453 1024 3615 1075 Deum

2063 1113 2266 1166 amissa
2316 1114 2691 1168 similitudine.
2730 1114 3033 1169 Secundum
3080 1132 3330 1186 maguum
3364 1114 3483 1177 Job,
3515 1131 3619 1166 non

2063 1206 2234 1258 solum
2268 1217 2609 1274 comparatus
2640 1217 2724 1261 est
2769 1207 3027 1276 jumeutis
3074 1208 3476 1277 insipientibus.
3528 1207 3622 1259 sed

2064 1297 2228 1348 etiam
2283 1296 2414 1350 locis
2470 1298 2820 1352 humentibus
2872 1299 3017 1351 omni
3077 1315 3236 1353 sensu
3289 1298 3621 1358 carentibus,

2065 1385 2251 1454 junco,
2287 1388 2515 1453 calamo,
2549 1391 2822 1453 arundiui,
2868 1392 2917 1444 in
2954 1390 3153 1459 quibus
3188 1405 3351 1443 vorax
3398 1391 3628 1457 quiescit.

2066 1475 2481 1548 Leviatliun._Et
2514 1496 2638 1535 vero
2672 1483 2724 1535 in
2759 1484 2877 1536 istis
2904 1483 3248 1536 humentibus
3284 1482 3413 1535 locis
3448 1485 3626 1535 ﬁctum

2069 1569 2208 1623 istud
2250 1579 2365 1624 cete
2402 1571 2688 1624 inhabitat.
2724 1572 2893 1637 Quem
2945 1573 3188 1625 mollitiei
3223 1574 3500 1626 humorem
3538 1585 3631 1638 per

2067 1678 2218 1716 suam
2259 1663 2380 1716 vitae
2422 1665 2831 1732 temperantiam
2861 1665 3124 1719 damnans
3155 1664 3318 1717 David
3353 1680 3365 1715 :
3397 1681 3415 1714 ι
3452 1665 3629 1724 Aruit,

2073 1754 2267 1822 inquit,
2307 1765 2563 1822 tanquam
2595 1764 2731 1809 testa
2769 1757 2941 1811 virtus
2981 1772 3094 1810 mea
3121 1796 3134 1819 ,
3185 1755 3326 1810 sicut
3373 1755 3630 1808 creminm

407 1863 530 1913 μου,
568 1846 751 1898 καὶτὰ
783 1846 918 1898 ὀστᾶ
949 1862 1050 1915 μου
1082 1847 1216 1898 ώσεὶ
1264 1845 1494 1914 φρύγιον
1525 1842 1962 1912 συνεφρύγησαν,
1993 1831 2040 1889 Β
2069 1859 2164 1898 aru

1878 1859 1962 1903 av.
1993 1831 2040 1889 Β
2069 1856 2364 1911 aruerunt;
2399 1863 2567 1916 genua
2621 1862 2738 1902 mea
2777 1848 3043 1902 inﬁrmata
3080 1856 3204 1901 sunt.
3245 1864 3273 1901 a
3311 1849 3541 1917 jejunio,
3581 1859 3633 1899 et.

399 1937 468 1988 τὰ
493 1937 693 2004 γόνατά
730 1955 829 2004 μου
861 1937 1168 2006 ἢσθένησαν
1202 1937 1310 1991 ἀπὸ
1343 1935 1615 2004 νηστείας,
1649 1937 1744 1987 καὶ
1775 1934 1966 2002 ήσάρξ

407 2047 504 2096 μου
545 2029 808 2098 ἠλλοιώθη
836 2029 902 2080 δι’
943 2029 1143 2082 ἔλαιον.
1193 2046 1210 2077 ι
1255 2027 1345 2080 Διὸ
1373 2029 1467 2081 καὶ
1498 2027 1595 2097 τὴν
1646 2028 1744 2095 τῆς
1783 2026 1965 2092 δεξιᾶς

400 2118 762 2185 τοῦῪψίστου
793 2116 1072 2186 ἠλλοιοῦτο
1103 2116 1407 2183 ἀλλοίωσιν,
1444 2117 1590 2187 αὐτῷ
1631 2117 1823 2169 ἑαυτὸν
1844 2117 1966 2169 ὅλον

403 2209 755 2278 ἀναθέμενος,
788 2212 882 2263 καὶ
929 2209 1123 2263 ἐαυτὸν
1164 2211 1252 2263 διὰ
1296 2210 1498 2273 παντὸς
1529 2209 1760 2263 ἐνώπιον
1804 2208 1967 2261 αὑτοῦ

406 2300 790 2374 προορώμενος
812 2303 905 2355 καὶ
934 2302 1032 2372 τὴν
1056 2305 1153 2372 τῆς
1182 2303 1388 2365 οἰκείας
1433 2303 1658 2371 καρδίας
1713 2300 1966 2371 μελέτην,

406 2396 610 2446 ἐκεῖνον
633 2395 719 2447 διὰ
749 2394 947 2456 παντὸς
970 2394 1104 2464 ἔχων
1127 2393 1384 2447 ἐνώπιον.

479 2483 650 2536 Τοῦτο
679 2483 742 2552 δὴ
791 2482 888 2537 καὶ
913 2485 1093 2552 ἡμεῖς,
1123 2482 1416 2551 ἀγαπητοὶ,
1455 2482 1846 2553 μιμησώμεθα,
1878 2485 1970 2538 καὶ

409 2575 485 2646 μὴ
513 2576 673 2644 μόνον
703 2576 799 2644 τῆς
831 2576 1006 2643 ὑγρᾶς
1028 2576 1119 2627 καὶ
1152 2575 1548 2644 διακεχυμένης
1575 2575 1719 2641 ζωῆς
1743 2576 1972 2639 ἑαυτοὺς

410 2669 831 2736 ἀποστήσωμεν,
869 2667 1007 2719 ἀλλά
1039 2666 1128 2720 καὶ
1161 2668 1261 2735 τὴν
1297 2667 1573 2737 ἡμετέραν
1603 2667 1854 2730 νηστείαν
1878 2666 1974 2719 καὶ

406 2760 727 2830 ψαλμῳδίαν
756 2760 852 2811 xui.
891 2761 1219 2830 προσευχὴν,
1248 2759 1322 2821 ὠς
1356 2758 1520 2811 αὐτοῦ
1556 2759 1821 2829 παρόντος
1872 2759 1967 2812 καὶ

407 2849 714 2918 ἐφορῶντος
765 2847 858 2901 τοῦ
897 2848 1031 2901 Θεοῦ
1084 2849 1408 2917 ποιώμεθα·
1463 2849 1684 2911 εἰδότες,
1734 2850 1809 2906 ὡς
1848 2849 1972 2902 οὔτε

410 2940 651 3010 νηστεία,
678 2939 799 2994 οὔτε
825 2941 1132 3011 ψαλμῳδία,
1159 2941 1283 2993 οὕτε
1320 2942 1591 3011 προσευχὴ
1619 2941 1811 3006 σώζειν
1830 2944 1976 3010 ἡμᾶς

413 3034 534 3087 καθ’
583 3035 752 3088 ἐαυτά
800 3034 1045 3094 δύναται,
1085 3033 1222 3085 ἀλλά
1268 3034 1327 3085 τὸ
1373 3033 1601 3086 ἐνώπιον
1643 3035 1977 3087 ἐκτελεῖσθαι

2069 1950 2198 1990 caro
2230 1949 2346 1989 mea
2377 1939 2658 1992 immutata
2688 1948 2770 1993 est
2803 1950 3018 2009 promer
3047 1941 3223 1994 oleum
3250 1942 3345 1995 ⁵⁵.)
3379 1941 3500 1994 Ideo
3526 1941 3630 1993 im-

2067 2027 2295 2079 mutavit
2316 2028 2669 2083 mutationem
2698 2030 2918 2084 dextera
2945 2032 3175 2092 Excelsi,
3198 2033 3436 2099 seipsum
3464 2041 3630 2084 totum

2068 2117 2133 2169 ad
2170 2133 2292 2171 eum
2339 2119 2630 2187 applicans,
2680 2121 2732 2175 in
2759 2123 3009 2177 omnibus
3042 2134 3095 2177 et
3127 2124 3288 2177 etiam
3319 2123 3373 2176 in
3409 2125 3637 2176 medita-

2071 2207 2213 2262 tione
2241 2210 2420 2265 cordis
2454 2212 2504 2263 in
2537 2223 2828 2280 conspectu
2872 2215 3015 2267 illius
3043 2215 3344 2279 ambulans,
3380 2214 3637 2283 illumque

2070 2297 2274 2352 habens
2302 2309 2424 2353 ante
2456 2301 2639 2355 oculos
2674 2303 2726 2356 in
2757 2304 3006 2358 omnibus
3034 2305 3284 2372 operibus
3313 2305 3444 2358 suis.

2143 2476 2295 2532 llunc
2329 2491 2456 2548 ergo
2487 2495 2605 2546 nos,
2657 2480 2854 2542 dilecti.
2887 2482 3177 2544 imitemur,
3221 2491 3275 2537 et
3302 2499 3403 2536 non
3431 2491 3637 2538 tantum

2075 2584 2104 2623 a
2134 2570 2279 2624 molli
2326 2570 2549 2640 laxaque
2590 2573 2699 2626 vita
2727 2588 2824 2628 nos
2852 2586 3152 2639 arceamus,
3215 2576 3309 2629 sed
3364 2577 3525 2630 etiam
3563 2576 3646 2643 je-

2072 2661 2303 2731 junium,
2335 2664 2683 2732 psalmodiam
2712 2675 2766 2719 et
2806 2666 3108 2720 orationem
3145 2670 3298 2738 quasi
3340 2671 3438 2723 sub
3475 2670 3644 2724 oculis

2076 2762 2129 2806 et.
2161 2753 2213 2806 in
2254 2763 2545 2824 conspectu
2579 2754 2671 2809 Dei
2703 2769 3073 2822 exerceamus,
3115 2759 3349 2814 scientes
3389 2761 3645 2827 quoniam

2076 2845 2485 2917 necjejunium,
2506 2861 2601 2901 nec
2641 2849 2960 2916 psalmodia,
2992 2864 3092 2905 nec
3112 2851 3294 2904 oratio
3326 2867 3420 2906 sua
3452 2853 3650 2905 virtute

2077 2952 2180 2991 nos
2233 2939 2448 2993 salvare
2499 2951 2739 3007 possunt,
2792 2946 2887 2997 sed
2934 2945 3059 3011 quia
3111 2943 3163 2997 in
3217 2954 3504 3013 conspectu
3560 2945 3651 2999 Dei

2080 3028 2318 3098 perfecta
2349 3029 2578 3096 fuerint;
2617 3033 2688 3085 ita
2719 3033 2862 3087 enim
2901 3036 3041 3088 oculi
3069 3034 3280 3089 Domini
3303 3037 3653 3104 inspicientes

412 3126 583 3208 ⁸ταῦτα
611 3125 706 3177 τοῦ
737 3125 871 3178 Θεοῦ
899 3141 910 3153 '
944 3125 1084 3178 οὕτω
1113 3126 1219 3192 γὰρ
1248 3127 1296 3178 oi.
1317 3126 1585 3196 ὀφθαλμοὶ⁵
1621 3128 1825 3194 Κυρίου
1860 3128 1978 3179 ἐπι·
2006 3169 2051 3229 C
2087 3138 2169 3176 nos

1895 3147 1978 3179 ττι·
2006 3169 2051 3229 C
2087 3138 2184 3177 nos
2222 3125 2589 3189 sanctiﬁcant,
2643 3128 2784 3182 sicut
2829 3129 2912 3184 sol
2962 3146 3049 3185 res
3098 3134 3164 3184 ah
3211 3147 3275 3186 eo
3324 3132 3652 3186 illuminatas

412 3220 704 3281 ϐλέποντες
744 3219 1064 3287 ἁγιάζουσιν
1111 3222 1283 3289 ἡμᾶς,
1323 3220 1397 3283 ώς
1444 3222 1471 3272 6
1511 3221 1659 3291 ἥλιος
1700 3221 1980 3290 θερμαίνει

415 3315 482 3364 τὰ
519 3312 608 3364 ὑπ’
660 3312 824 3364 αὑτοῦ
870 3313 1362 3381 καταλαμπόμενα.
1401 3313 1660 3366 Ἐνώπιον
1703 3313 1761 3365 δὲ
1810 3314 1980 3366 ταῦτα

416 3403 624 3468 γίνεται
658 3401 815 3463 Θεοῦ,
849 3403 978 3454 ὅταν
1007 3401 1210 3463 ἀτενῶς
1243 3403 1273 3470 ἠ
1326 3402 1534 3454 διάνοια
1578 3402 1770 3471 ἐκείνῳ
1801 3405 1983 3472 ἐνορᾷ,

418 3496 511 3547 καὶ
542 3495 628 3547 διὰ
657 3496 713 3546 τὸ
744 3495 880 3563 πρὸς
926 3496 1089 3546 αὑτὸν
1125 3497 1256 3564 ὀρᾷν
1286 3496 1378 3547 καὶ
1415 3495 1650 3565 νηστεύη
1685 3497 1778 3547 καὶ
1808 3496 1987 3568 omn

422 3590 518 3640 καὶ
576 3587 1134 3658 προσεύχηταιοὸταν
1183 3589 1291 3657 γὰρ
1344 3589 1398 3639 ἐν
1456 3589 1521 3656 τῇ
1570 3592 1842 3657 προσευχῇ
1894 3594 1988 3641 καὶ

418 3680 707 3749 ψαλμῳδίᾳ
734 3679 860 3730 ποτὲ
889 3678 988 3746 μὲν
1009 3681 1034 3730 6
1060 3677 1183 3739 νοῦς
1203 3677 1548 3747 συντείνηται
1573 3678 1703 3746 πρὸς
1729 3679 1817 3730 τὸν
1836 3679 1989 3743 Θεον,

421 3772 638 3824 ποτὲδέ
679 3771 945 3841 διαπίπτῃ
990 3772 1080 3823 καὶ
1127 3767 1543 3839 μετεωρίζηται,
1602 3769 1683 3822 δεῖ
1719 3775 1876 3835 νοεῖν,
1918 3771 1992 3834 ὠς

421 3863 573 3916 οῦττω
596 3864 940 3933 ἀνεθήκαμεν
969 3863 1192 3925 ἑαυτοὺς
1225 3861 1377 3925 ὅλους
1407 3862 1482 3931 τῷ
1505 3861 1646 3930 Θεῷ,
1679 3863 1801 3914 οὐδὲ
1833 3864 1889 3917 ἐν
1914 3863 1990 3931 τῷ

425 3956 575 4024 νόμῳ
620 3955 822 4024 Κυρίου
864 3956 972 4016 πᾶς
1007 3955 1033 4005 6
1085 3953 1284 4015 σκοπὸς
1326 3952 1434 4004 τῶν
1470 3953 1858 4022 πραττομένων
1905 3952 1990 4020 ἐφ’

426 4047 580 4115 ἡμῶν
608 4047 722 4098 ἐστι
744 4061 757 4074 ·
786 4045 874 4096 διά
905 4043 1061 4097 τοῦτο
1085 4044 1204 4096 καθ’
1236 4044 1358 4095 ὅσον
1387 4043 1494 4094 τῶν
1520 4044 1618 4112 τῆς
1649 4043 1991 4108 δικαιοσύνης

423 4137 602 4204 ἔργων
649 4133 1056 4202 ἀποπίπτομεν,
1097 4133 1237 4186 κατὰ
1283 4131 1536 4186 τοσοῦτον
1595 4131 1827 4183 ἐνώπ;ον
1881 4131 1988 4183 τῶν

424 4227 518 4279 τοῦ
546 4226 681 4279 Θεοῦ
713 4225 1010 4295 ὀφθαλμῶν
1044 4225 1383 4294 παραμένειν
1417 4225 1476 4276 οὐ
1510 4223 1787 4293 δυνάμεθα
1814 4238 1827 4252 ·
1861 4241 1880 4274 ι
1916 4224 1986 4275 Οὐ

2085 3216 2353 3271 calefacit.
2395 3217 2520 3272 llaec
2570 3230 2747 3273 autem
2791 3221 2925 3276 ﬁunt
2971 3223 3024 3276 in
3071 3233 3364 3293 conspectu
3404 3223 3495 3278 Dei
3533 3241 3654 3279 cum

2088 3317 2406 3362 constanter
2441 3325 2596 3364 mens
2629 3323 2813 3366 nostra
2850 3313 2914 3367 ad
2969 3331 3090 3369 eum
3141 3328 3367 3386 spectat,
3419 3318 3658 3386 dumque

2091 3414 2213 3453 eum
2245 3400 2458 3468 aspicit,
2487 3402 2717 3468 jejunat,
2747 3404 2928 3471 psallit
2964 3416 3017 3458 et
3043 3417 3184 3461 orat.
3230 3405 3365 3460 Nam
3397 3409 3478 3473 si,
3527 3411 3653 3462 dum

2091 3491 2147 3544 in
2202 3494 2449 3547 oratione
2501 3505 2555 3548 et
2588 3495 2790 3564 jejunio
2828 3497 2893 3550 ad
2945 3499 3107 3551 Deum
3146 3499 3482 3565 intendatur,
3529 3512 3659 3554 tunc

2093 3582 2300 3636 incerta
2333 3584 2626 3648 dilabatur,
2681 3598 2873 3657 putare
2921 3600 3132 3656 oportet
3182 3606 3281 3643 nos
3327 3592 3504 3646 adhuc
3553 3609 3656 3645 non

2097 3683 2238 3728 totos
2267 3677 2331 3728 ad
2370 3675 2534 3730 Deum
2582 3680 2780 3742 attolli,
2833 3695 2935 3734 nec
2990 3681 3040 3733 in
3082 3681 3199 3751 lege
3246 3683 3454 3737 Domini
3489 3694 3656 3738 totum

2091 3781 2215 3820 esse
2244 3775 2556 3820 nostrorum
2605 3785 2826 3838 operum
2873 3773 3070 3836 lineiu;
3125 3774 3242 3828 ideo
3287 3787 3545 3843 quantum
3596 3779 3662 3831 ah

2093 3857 2349 3924 operibus
2399 3858 2623 3924 iustitia:
2673 3860 2992 3924 decidimus,
3047 3870 3252 3915 tantum
3304 3873 3427 3919 aute
3477 3865 3664 3920 oculos

2096 3948 2188 4001 Dei
2222 3963 2545 4017 permanere
2580 3964 2686 4004 non
2719 3967 3024 4020 possumus.
3059 3970 3077 4003 ι
3118 3953 3235 4007 Non
3265 3958 3430 4022 enim,
3466 3959 3662 4026 inquit,

2097 4041 2498 4108 permanebunt
2542 4041 2726 4110 injusti
2775 4055 2903 4100 ante
2944 4047 3127 4101 oculos
3157 4058 3276 4103 tuos
3299 4051 3369 4103 ³⁵.
3406 4070 3425 4103 ι
3468 4053 3663 4107 Verum

2103 4132 2270 4184 saucii
2304 4131 2550 4198 iacentes
2582 4148 2704 4186 eum
2728 4136 2819 4203 qui
2854 4145 3030 4204 pote5t
3061 4139 3412 4194 delinimenta
3450 4153 3505 4197 et
3538 4145 3668 4214 liga-

2103 4231 2251 4276 turas
2285 4223 2456 4294 plagis
2492 4226 2788 4294 impmiere,
2840 4229 3152 4286 invocemus
3187 4234 3489 4290 Dominum.

428 4322 535 4390 γὰρ
585 4317 925 4388 διαμενοῦσι,
1011 4318 1164 4386 φησὶ,
1217 4316 1524 4385 παράνομοι
1583 4316 1871 4368 κατέναντι
1929 4315 2036 4366 τῶν
2113 4313 2408 4384 ὀφθαλμῶν
2455 4333 2570 4370 σου.
2608 4335 2626 4367 ι
2670 4319 2856 4387 Ὅμως
2913 4323 3093 4388 μέντοι
3143 4328 3671 4395 τετραυματισμένοε

430 4417 692 4482 κείμενοι,
727 4413 816 4464 τὸν
848 4412 1142 4480 δυνάμενον
1190 4411 1454 4480 μάλαγμα
1489 4410 1582 4462 καὶ
1644 4409 2017 4476 καταδέσμους
2093 4407 2365 4462 ἐπιθεῖναι
2419 4411 2530 4472 τοῖς
2582 4412 3008 4482 συντρίμμασιν’
3060 4416 3217 4484 ἡμῶν
3273 4418 3671 4489 ἐπικαλώμεθα

426 4510 650 4580 Κύριον.

503 4601 594 4671 Μὴ
633 4600 811 4651 τοίνυν
853 4599 1165 4667 ἀνήσωμεν,
1208 4598 1530 4665 παρακαλῶ,
1581 4598 1858 4666 νηστείαις
1909 4597 2001 4648 καὶ
2027 4629 2078 4688 D

428 4695 612 4762 εὐχαῖς
645 4693 738 4744 καὶ
781 4691 1031 4760 δάκρυσι,
1066 4692 1158 4741 καὶ
1192 4692 1326 4742 πᾶσι
1358 4691 1582 4759 τρόποις
1611 4689 1773 4742 αὑτὸν
1809 4688 1996 4739 ἐπιϐο-

429 4784 648 4851 ώμενοι,
683 4782 873 4850 μέχρις
913 4782 979 4833 ἀν
1007 4780 1202 4851 ἐγγίσῃ
1231 4782 1322 4832 καὶ
1349 4781 1566 4849 ἰάσηται
1596 4781 1745 4847 ἡμᾶς
1769 4795 1782 4809 ο
1814 4774 1999 4842 δείξω-

433 4892 532 4944 μεν
559 4876 650 4925 καὶ
678 4872 745 4924 δι’
774 4872 950 4940 ἔργων
983 4872 1214 4940 νυμφίον
1240 4870 1868 4936 πλουτοῦντεςΧριστὸν,
1905 4869 2003 4920 καὶ

433 4967 622 5021 τοῦτον
672 4964 1057 5034 ἀποδημοῦντα
1097 4965 1189 5015 νῦν
1239 4965 1331 5031 ἀφ’
1371 4964 1547 5033 ἡμῶν,
1585 4966 1680 5016 καὶ
1712 4965 1909 5025 ὲν“τοῖς
1941 4963 1997 5013 ἐ-

438 5057 759 5126 πουρανίοις
783 5055 1158 5125 κρυπτόμενον
1181 5055 1249 5106 δι’
1280 5056 1496 5115 ἐλπίδος
1537 5055 1996 5123 ἀπεκδεχόμενοι·

444 5171 460 5202 ι
502 5152 673 5200 ’.υταν
707 5146 836 5216 γὰρ,
885 5148 1074 5215 φησὶν,
1106 5145 1323 5215 ἀπαρθῇ
1350 5146 1442 5196 ἀπ’
1479 5147 1655 5197 αὐτῶν
1685 5147 1712 5196 6
1741 5144 1997 5212 νυμφίος,

440 5244 560 5295 τότε
597 5239 1006 5310 νηστεύσουσιν.
1045 5257 1064 5289 ι
1103 5237 1264 5290 Ὅθεν
1317 5238 1472 5306 δῆλον
1504 5237 1578 5300 ὡς
1622 5238 1678 5288 ἐν
1707 5235 2002 5304 ἐγκρατείᾳ

439 5350 496 5384 τε
523 5333 616 5384 καὶ
644 5329 867 5399 νηστεία
898 5328 1100 5389 παντὸς
1151 5323 1289 5378 εἶναι
1316 5327 1412 5378 τοῦ
1449 5326 1566 5396 βίου
1594 5325 1697 5395 χρὴ
1745 5327 1867 5387 τοὺς
1899 5325 2005 5377 ἀπὸ

446 5423 688 5493 Χριστοῦ
720 5422 1111 5490 καλουμένους,
1142 5420 1257 5488 μετ’
1296 5419 1506 5486 ἀγαθῆς
1538 5419 1749 5479 ἐλπίδος
1785 5418 1883 5485 τὴν
1910 5419 2006 5470 αύ-

443 5514 539 5566 τοῦ
599 5512 1012 5581 προσδοκῶντας
1048 5509 1282 5578 φρικτὴν
1320 5510 1642 5577 παρουσίαν.
1675 5508 2008 5575 Νηστεύσω-

447 5621 547 5672 μεν
583 5603 638 5654 δὲ
689 5602 890 5671 μᾶλλον
938 5602 994 5652 ἐν
1036 5599 1255 5661 ταύταις
1296 5601 1416 5661 ταῖς
1447 5599 1702 5668 ἡμέραις,
1739 5598 1830 5649 καὶ
1878 5616 2009 5650 παν-

516 5804 558 5833 ¹³
587 5801 715 5856 Luc.
751 5818 836 5868 xv,
869 5804 956 5858 9.4.
1035 5801 1077 5833 "
1111 5803 1252 5858 Psal.
1296 5813 1419 5860 cvu,
1463 5795 1544 5849 16.

1625 5795 1674 5825 "
1721 5794 1864 5848 Psul.
1899 5810 1949 5859 γ,
1977 5796 2025 5849 5.

2179 4590 2362 4658 Neque
2387 4589 2742 4653 dimittamus,
2783 4576 3038 4658 ohse'cro,’
3076 4593 3221 4646 illum
3259 4594 3509 4662 jejuniis,
3548 4609 3671 4664 pre'

2103 4683 2280 4747 cibus,
2307 4683 2557 4752 lacryiuis
2583 4685 2937 4752 omnibusque
2968 4687 3138 4741 modis
3160 4687 3474 4748 clamantes.
3501 4691 3672 4743 donec

2103 4776 2356 4829 adveniat
2405 4791 2610 4845 nosque
2644 4785 2827 4842 sanet;
2865 4780 3119 4845 operibus
3166 4791 3533 4836 monstremus
3570 4797 3667 4836 nos

2104 4868 2269 4921 divite
2304 4882 2506 4935 sponso
2561 4871 2792 4934 gaudere
2842 4869 3082 4933 Christo,
3142 4872 3398 4942 illmnque
3444 4891 3584 4927 nunc
3634 4890 3665 4927 a

2110 4959 2268 5012 uobis
2303 4975 2529 5028 peregre
2554 4959 2886 5027 profectum,
2920 4971 2973 5016 ct
3017 4964 3329 5017 ccnlcsﬁhus
3379 4963 3670 5018 abscondi-

2111 5064 2224 5106 tum
2253 5067 2346 5119 Spe
2371 5053 2525 5105 ﬁrma
2555 5053 2809 5121 opperiri.
2837 5054 3088 5108 Aitenim
3125 5073 3137 5106 :
3175 5073 3194 5104 ι
3229 5055 3364 5110 Cum
3395 5056 3671 5109 auferetur

2109 5158 2335 5211 spoosus
2369 5144 2437 5197 ab
2473 5143 2587 5206 eis,
2650 5153 2779 5196 tunc
2818 5144 3228 5212 jejunabuut".
3267 5164 3284 5195 ι
3329 5144 3478 5200 Unde
3527 5153 3673 5213 patet

2111 5237 2162 5289 iu
2195 5236 2518 5289 abstinentia
2544 5235 2823 5303 ctjejunio
2859 5245 3024 5290 totam
3060 5239 3254 5290 debere
3284 5239 3446 5290 vitam
3481 5237 3674 5290 transi-

2114 5343 2239 5398 gere
2269 5337 2486 5381 vocatos
2532 5341 2559 5378 a
2610 5328 2849 5393 Christo,
2907 5343 3026 5382 eum
3086 5330 3219 5381 bona
3255 5343 3360 5397 ηερε
3411 5329 3678 5381 horrendo

2113 5419 2231 5489 ejus
2257 5420 2634 5487 prmstolantes
2660 5419 2881 5486 judicio.
2917 5419 3021 5473 Sed
3055 5421 3348 5488 prrcsertim
3372 5418 3676 5486 jejunemus

2120 5516 2171 5567 in
2208 5512 2293 5565 his
2322 5511 2534 5575 diebus,
2567 5522 2619 5564 et
2651 5511 2871 5564 omnino
2901 5526 2997 5566 nos
3020 5512 3083 5563 ad
3113 5513 3285 5565 honos
3307 5525 3483 5564 mores
3506 5508 3678 5562 infor-

2124 5617 2352 5666 nicmus,
2405 5612 2785 5669 exspectantes
2831 5601 3257 5657 anniversariam
3305 5602 3445 5657 diem
3499 5613 3679 5656 rcSur-

2110 5796 2147 5824 ³⁸
2185 5793 2368 5847 .‘.l.tth.
2417 5809 2490 5858 ιι,
2542 5797 2621 5845 ιι».
