4450 6444
411 308 508 372 113

1804 326 2076 388 IIOMiLi
2110 344 2128 383 ³η
2182 333 2244 388 Χ.

3556 339 3658 405 1H

408 430 529 520 τῇς,
554 429 776 501 ἡμερῶν
791 431 1062 505 ἀεοῦτός
1088 440 1233 493 ἐστιν
1250 439 1276 493 6
1299 439 1510 510 καιρὸς,
1529 443 1561 511 ἡ
1583 444 1989 515 τεσσαρακοστὴ
2022 454 2063 503 Α
2098 444 2165 497 illi

1907 444 1989 515 ιτὴ
2022 454 2063 503 Α
2098 444 2223 498 illud
2245 455 2479 515 tempus,
2510 448 2623 518 ipsa
2647 451 3307 520 dierumquadragesima.
3331 454 3383 506 Si
3411 469 3538 509 vero
3559 465 3664 509 tota

408 519 513 571 τῶν
533 520 758 590 ἡμερῶν
775 523 936 597 αὕτη.
968 528 1029 582 Et
1049 529 1104 580 δὲ
1128 530 1217 584 καὶ
1241 532 1347 594 πᾶς
1365 533 1391 584 6
1410 532 1518 584 τῶν
1540 532 1635 585 ἀνθ
1646 532 1842 603 ρώπων
1866 533 1981 603 βίος

408 609 544 676 πρὸς
571 614 848 683 σωτηρίας
895 622 1168 689 πορισμόν
1203 622 1358 674 ἐστιν
1398 622 1709 692 ὲπιτῆδειος
1735 663 1749 685 ,
1793 623 1977 693 πολλῷ

412 701 614 767 μᾶλλον
641 704 670 756 6
705 705 896 775 καιρὸς
922 701 1079 773 οὗτος
1115 712 1213 780 τῆς
1230 714 1487 781 νηστείας
1533 714 1681 766 ἐστίν
1704 729 1719 745 ο
1748 714 1869 766 ἐπεὶ
1890 715 1984 766 καὶ

408 791 439 843 6
470 793 715 862 ἀρχηγὸς
749 798 844 849 καὶ
880 802 1119 870 χορηγὸς
1166 803 1265 871 τῆς
1312 803 1588 875 σωτηρίας
1637 803 1796 875 ἡμῶν
1851 805 1984 868 Χρι-

411 884 537 971 στδς
590 887 701 940 ἀπὸ
738 893 996 961 νηστείας
1044 896 1342 965 ἐποιήσατο
1385 899 1486 968 τὴν
1541 899 1717 970 ἀρχὴν
1742 940 1756 963 ,
1794 900 1886 952 καὶ
1926 901 1984 951 ὲν

412 976 490 1045 τῷ
551 981 752 1051 σταδίῳ
801 975 1007 1054 ταύτης
1051 987 1144 1040 τὸν
1196 990 1537 1060 δημιουργὸν
1599 990 1707 1042 τῶν
1768 990 1979 1058 παθῶν,

413 1071 691 1134 παντοίως
748 1076 1126 1142 προσϐαλόντα
1156 1120 1172 1144 ,
1234 1082 1607 1136 κατεπάλαισε
1663 1085 1758 1137 καὶ
1810 1086 1982 1156 κατῄ-

412 1176 575 1229 σχυνε
625 1163 870 1221 διάϐολον
895 1183 909 1199 ·
942 1169 1133 1241 ὥσπερ
1167 1173 1276 1243 γάρ
1322 1175 1355 1243 ἡ
1391 1174 1491 1237 τῆς
1531 1176 1771 1244 γαστρὸς
1812 1178 1985 1249 ἀκρα-

410 1254 503 1307 σία
566 1257 676 1312 τῶν
726 1262 937 1330 ἀρετῶν
990 1265 1266 1333 ἀναιρέτις
1339 1264 1474 1320 οῦσα
1530 1271 1828 1340 γεννήτρια
1882 1272 1985 1341 τῆς

410 1345 718 1414 ὲμπαθείας
776 1356 946 1418 ἐστὶν,
975 1356 1116 1410 οὕτω
1165 1360 1259 1412 καὶ
1314 1360 1347 1429 ή
1401 1360 1701 1429 ἐγκράτεια
1747 1365 1873 1427 τοὺς
1920 1366 1985 1418 ὲκ

408 1439 506 1507 τῆς
537 1442 804 1511 ἀκρασίας
868 1449 1180 1518 μολυσμοὺς
1222 1452 1524 1521 ἀναιροῦσα
1554 1455 1850 1525 γεννήτρια
1885 1456 1986 1525 τῆς

407 1529 678 1595 ἀπαθείας
713 1535 884 1593 ἐστίν.
916 1539 977 1591 Ei
1023 1540 1079 1591 δὲ
1112 1542 1280 1611 μήπω
1316 1544 1385 1597 τὰ
1421 1543 1571 1613 πάθη
1608 1544 1666 1598 ἐν
1696 1546 1828 1616 ἡμίν
1855 1545 1987 1599 ὄντα

410 1621 662 1688 προξενεῖ
686 1644 743 1678 τε
770 1630 860 1680 καὶ
891 1630 1254 1701 προεξένησεν
1285 1635 1316 1705 ἡ
1364 1626 1649 1702 ἀκρασίαῖ
1683 1636 1800 1701 πῶς
1857 1637 1987 1691 ὄντα

408 1713 507 1766 οὐκ
528 1716 752 1787 αὐξήσει
780 1736 836 1774 τε
855 1724 948 1776 καὶ
967 1725 1231 1795 στηρίξει,
1251 1727 1492 1798 ὥσπερὴ
1517 1730 1743 1796 νηστεία
1763 1728 1989 1799 μειώσει

2085 533 2364 591 hominum
2392 539 2496 592 vita
2523 541 2588 594 ad
2619 541 2849 595 salutem
2874 546 3269 612 assequendam
3303 556 3628 614 estopportu
3648 579 3663 589 -

2084 643 2176 690 n.1,
2192 639 2392 694 quanto
2414 633 2583 702 magis
2610 633 2751 688 istud
2777 634 2964 701 jejunii
2996 639 3247 707 tempus?
3270 639 3392 693 Ideo
3416 641 3664 708 princeps

2085 727 2139 770 et
2158 718 2263 771 dux
2284 719 2474 775 salutis
2499 731 2698 777 nostra:
2714 724 2968 779 Christus
2992 740 3019 777 a
3039 726 3246 794 jejunio
3271 729 3415 782 illam
3444 730 3638 784 incltoa

2085 810 2183 873 vit,
2209 820 2263 863 et
2295 811 2700 878 dumjejunium
2736 817 3349 885 transigeret,vitiorum
3369 820 3656 887 artiﬁcem,

2085 902 2231 955 omni
2257 905 2415 957 modo
2444 902 2761 971 irruentem,
2802 908 3002 962 devixit
3030 919 3083 962 et
3116 910 3407 978 ignominia
3438 911 3661 966 sntfudit

2086 993 2401 1059 diabolum;
2450 1011 2570 1047 nam
2619 998 2761 1051 sicut
2805 1001 3006 1053 ventris
3041 1001 3490 1069 intemperantia,
3538 1005 3661 1058 dum

2085 1088 2311 1142 virtutes
2340 1088 2556 1149 evertit.
2599 1102 2769 1144 mater
2798 1102 2882 1145 est
2912 1092 3357 1159 perturbationis.
3404 1099 3475 1150 ita
3529 1108 3663 1150 tem-

2089 1179 2331 1246 perantia
2360 1179 2481 1231 dum
2515 1180 2923 1238 incontinentiae
2957 1187 3149 1240 sordes
3185 1187 3665 1256 abstergit,mater

2087 1280 2172 1326 est
2196 1276 2620 1343 tranquillitatis.
2644 1274 2697 1329 Si
2725 1291 2848 1330 vero
2867 1277 2995 1331 dum
3015 1280 3141 1333 vitia
3167 1280 3405 1335 nondum
3423 1282 3663 1335 animum

2087 1374 2377 1433 occupant,
2421 1366 2536 1421 haec
2590 1367 2799 1422 inducit
2847 1378 2901 1423 et
2951 1370 3170 1425 inducet
3218 1373 3666 1440 intemperantia,

2088 1457 2386 1525 quomodo,
2414 1459 2457 1512 si
2477 1461 2583 1528 jam
2608 1472 2961 1528 occultarum,
2990 1479 3094 1517 non
3122 1465 3341 1530 augebit
3361 1475 3415 1517 et
3444 1469 3671 1519 robora-

2089 1548 2188 1611 bit,
2220 1548 2359 1603 sicut
2380 1550 2643 1619 jejunium
2682 1568 2746 1607 ea
2785 1554 3048 1611 diminuta
3081 1555 3251 1610 tollet.
3288 1555 3482 1609 Verum
3527 1558 3669 1610 inter

2090 1651 2147 1693 se
2177 1641 2504 1695 conveniunt
2528 1642 2792 1711 jejunium
2819 1652 2870 1697 et
2894 1646 3271 1714 temperantia,
3295 1646 3398 1700 etsi
3430 1647 3661 1701 alterum

2090 1731 2222 1788 alias
2247 1733 2325 1788 eis
2356 1733 2447 1803 qui
2480 1744 2636 1788 caute
2669 1746 3073 1804 prosequuntur
3109 1738 3421 1792 antecellat.

409 1806 581 1861 ταῦτα
615 1813 707 1865 καὶ
732 1815 1028 1884 ἀφανίσεις
1094 1820 1356 1890 Συζυγείς
1418 1822 1473 1875 δὲ
1530 1824 1787 1895 ἀλλήλαις
1829 1825 1966 1879 είσὶν
2003 1827 2123 1898 ἥτε
2169 1830 2394 1899 νηστεία
2431 1830 2522 1881 καὶ
2560 1831 2592 1900 ὴ
2632 1829 2953 1901 ἐγκράτεια,
2998 1830 3098 1885 κᾶν
3135 1832 3324 1885 ἄλλοτε
3374 1833 3511 1902 ἄλλη
3561 1833 3673 1897 τοῖς

411 1902 650 1967 συνετῶς
682 1907 964 1973 μετιοῦσιν
1001 1909 1275 1982 εὐκαίρως
1309 1914 1630 1985 πλεονεκτῇ.

481 1990 702 2057 Ταύτας
758 1991 852 2050 οῦν
900 1999 998 2052 καὶ
1044 2001 1208 2070 ἡμεῖς
1243 2004 1447 2073 ἀρτίως
1482 2005 1723 2076 ἀλλήλων
1767 2007 1843 2076 μὴ
1870 2008 1985 2060 δια·
2018 2016 2059 2070 Β

412 2080 716 2153 ζεύξωμεν,
752 2088 889 2143 ἀλλὰ
922 2092 986 2161 τῇ
1029 2094 1130 2162 μὲν
1165 2097 1338 2165 σεπτῇ
1382 2098 1585 2166 μεταξὺ
1623 2100 1845 2153 πεντάδι
1878 2100 1989 2154 τῶν

410 2173 511 2243 τῆς
573 2177 866 2247 ἑϐδομάδος
919 2183 1143 2253 ἡμερῶν
1214 2188 1417 2256 μᾶλλον
1475 2190 1833 2260 ἀντεχώμεθα
1889 2193 1988 2261 τῆς

411 2268 691 2334 νηστείας,
727 2271 1007 2327 Σαεόάτου
1034 2275 1089 2329 δὲ
1125 2279 1218 2331 καὶ
1267 2281 1558 2350 Κυριακῆς
1600 2284 1664 2352 τῇ
1696 2285 1989 2353 ἐγκρατείᾳ

416 2358 619 2424 μᾶλλον
662 2362 694 2430 ἢ
741 2366 805 2433 τῇ
850 2368 1076 2438 νηστείᾳ
1120 2370 1504 2440 προσέλωμεν,
1542 2371 1616 2434 ὡς
1646 2372 1712 2425 ἂν
1751 2374 1988 2437 συνετῶς

412 2450 742 2521 ἀκροώμεθα
776 2458 882 2509 τῶν
916 2460 1299 2529 εὐαγγελικῶν
1335 2466 1620 2535 ῥημάτων,
1662 2467 1697 2520 6.
1733 2469 1985 2538 σήμερον

414 2546 723 2614 ἀπαγγελεῖ
760 2550 860 2618 τὴν
897 2553 988 2606 τοῦ
1026 2557 1342 2627 παραλύτου
1370 2559 1695 2629 θαυμαστὴν
1731 2560 1898 2625 ἴασιν,
1929 2562 1990 2613 οὐ

420 2637 519 2705 τὴν
567 2643 625 2691 ὲν
686 2641 1128 2716 Ἱεροσολύμοις»
1164 2650 1301 2704 ἀλλὰ
1352 2650 1454 2720 τὴν
1501 2654 1559 2704 ὲν
1612 2654 1991 2722 Καπερναοὺμ

417 2728 519 2783 ὑπὸ
550 2731 647 2785 τοῦ
691 2734 900 2805 Κυρίου
934 2743 1334 2811 γεγενημένην.
1369 2740 1463 2813 Τῷ
1496 2743 1604 2812 γὰρ
1643 2744 1820 2815 καιρῷ
1850 2745 1994 2798 ὲκεί-

419 2838 494 2889 νῳ
523 2826 688 2890 φησὶν
736 2828 763 2878 6
806 2826 1068 2901 θεηγόρος
1112 2833 1340 2903 Μάρκος
1370 2876 1382 2898 ,
1437 2853 1457 2884 ι
1500 2833 1731 2905 Εἰσῆλθε
1762 2835 1927 2890 πάλιν
1965 2839 1994 2890 6

432 2911 645 2982 Ἰησοῦς
697 2918 777 2979 είς
814 2919 1195 2992 Καπερναοὺμ
1237 2924 1305 2977 δι’
1342 2926 1586 2997 ἡμερῶν.
1628 2946 1645 2979 ι
1686 2928 1907 3007 Ἱςαύτην
1939 2928 1995 2994 δὲ

418 3004 518 3074 τὴν
578 3009 953 3081 Καπερναοὺμ
1006 3014 1141 3068 ίδίαν
1202 3017 1356 3070 πόλιν
1403 3019 1496 3072 τοῦ
1528 3004 1737 3090 Κυρίου
1784 3022 1812 3073 6
1844 3021 1997 3074 Ματ-

422 3097 573 3161 θαῖός
631 3117 767 3170 φησι
794 3119 807 3134 ·
864 3106 934 3159 τὰ
964 3108 1076 3177 γάρ
1122 3110 1264 3162 κατά
1306 3110 1399 3162 τὸν
1460 3113 1774 3182 παράλυτον
1808 3113 1996 3165 τοῦτον

422 3192 669 3253 κάκεῖνος
706 3196 954 3267 ἱστορῶν,
986 3217 1005 3250 ι
1039 3196 1235 3260 Ἦλθε.
1272 3203 1457 3271 φησὶν,
1485 3206 1512 3255 6
1550 3204 1755 3273 Ἰησοῦς
1789 3205 1868 3267 είς
1899 3205 1997 3275 τὴν

426 3284 561 3335 ἰδίαν
595 3286 773 3338 πόλιν
808 3307 827 3339 ι
866 3289 1005 3358 μετά
1033 3291 1142 3361 γὰρ
1172 3293 1233 3346 τὸ
1262 3293 1628 3365 βαπτισθῆναι
1660 3296 1719 3349 ἐν
1746 3295 1823 3367 τῷ
1858 3297 1993 3367 Ἰορ-

421 3377 552 3445 δάνῃ
590 3380 695 3434 ὑπὸ
741 3382 1015 3453 Ἰωάννου,
1068 3389 1163 3441 καὶ
1206 3389 1267 3449 τὸ
1314 3390 1538 3458 Πνεῦμα
1574 3391 1866 3461 οὐρανόθεν
1910 3393 1998 3444 ἐπ’

425 3471 586 3522 αὑτὸν
621 3476 988 3543 καταπτῆναι,
1024 3480 1105 3541 είς
1148 3481 1246 3549 τὴν
1293 3481 1501 3551 ἔρημον
1554 3482 1657 3534 61:6
1698 3482 1790 3536 τοῦ
1826 3483 1997 3536 Πνεῦ-

428 3580 596 3631 ματος
644 3568 780 3636 πρὸς
820 3572 1018 3639 πεῖραν
1051 3572 1327 3640 ἐξάγεται,
1366 3576 1457 3628 καὶ
1501 3576 1642 3644 μετὰ
1681 3578 1740 3628 τὸ
1780 3577 2000 3646 νικῆσαι

425 3658 518 3708 τὸν
549 3665 851 3729 πειραστὴν
900 3665 1210 3719 ἐπανελθὼν
1261 3668 1430 3735 ἐγγὺς
1476 3668 1739 3739 Ἰορδάνου
1789 3668 2000 3739 περιῄει

425 3747 713 3816 διδάσκων,
754 3754 850 3805 καὶ
895 3755 999 3808 61:6
1043 3758 1139 3810 τοῦ
1185 3759 1495 3813 Βαπτιστοῦ
1532 3760 1814 3829 πολλαχῶς
1862 3777 2003 3830 μαρ-

425 3843 800 3910 τυρούμενος,
834 3847 1026 3916 μέχρις
1059 3850 1180 3905 ὅτου
1230 3851 1259 3902 6
1307 3851 1560 3919 Ἰωάννης
1610 3851 1713 3904 61:6
1761 3850 2001 3922 Ἡρώδου

2161 2010 2267 2066 Ista
2297 2012 2462 2083 igitur
2490 2029 2590 2069 nos
2618 2030 2648 2069 a
2675 2028 2733 2070 se
2768 2014 3001 2069 invicem
3039 2030 3104 2069 ne
3134 2031 3457 2085 separemus
3485 2032 3675 2070 cavea-

2092 2118 2234 2171 mus,
2268 2107 2359 2159 sed
2396 2122 2494 2176 per
2525 2122 2713 2163 sacros
2762 2109 3121 2164 hebdomadis
3166 2112 3364 2178 quinos
3409 2112 3543 2170 dies.
3576 2126 3674 2164 nos

2084 2195 2293 2267 jejunio
2326 2201 2651 2260 muniamus.
2683 2200 2921 2254 Sabbato
2948 2209 3126 2255 autem
3152 2212 3206 2255 et
3241 2200 3510 2255 Dominica
3544 2212 3677 2256 tem-

2093 2291 2354 2357 perantia:
2395 2291 2565 2359 magis
2598 2306 2758 2360 quam
2789 2292 2996 2360 jejunio
3049 2292 3450 2355 incumbamus,
3486 2302 3541 2346 ut
3588 2295 3672 2345 in-

2095 2381 2398 2451 telligentcs
2441 2384 2725 2438 audiamus
2761 2384 3073 2453 evangelica
3123 2384 3290 2449 dicta,
3346 2400 3466 2453 quae
3516 2385 3678 2438 hodie

2093 2481 2398 2525 memorant
2446 2473 2746 2526 mirabilem
2792 2474 3077 2542 paralytiei
3109 2475 3446 2526 sanationem
3480 2490 3586 2526 nun
3623 2475 3674 2526 in

2091 2560 2390 2615 Jerusalem
2421 2562 2515 2615 sed
2548 2564 2600 2615 in
2634 2562 3016 2631 Capharnaum
3049 2578 3078 2616 a
3116 2562 3344 2615 Dutttiuu
3370 2575 3671 2631 peractam.

2092 2649 2151 2704 lu
2180 2652 2271 2704 illo
2294 2655 2438 2705 enim
2473 2661 2737 2721 tempore,
2762 2654 2838 2705 ait
2865 2653 3019 2707 divus
3054 2653 3387 2719 evangelista
3419 2654 3666 2708 Marcus:

2100 2763 2119 2795 ι
2158 2743 2358 2797 lterum
2397 2745 2614 2797 intravit
2658 2744 3037 2813 Capharnaum
3087 2754 3205 2813 post
3251 2746 3364 2799 dies
3390 2746 3671 2815 aliquot...

2094 2832 2265 2899 Quam
2284 2834 2660 2903 Capharuaum
2678 2836 2863 2888 urbem
2883 2834 3091 2887 Domini
3110 2835 3379 2889 civitatem
3399 2835 3681 2890 Matthaeus

2097 2923 2273 2986 dixit;
2309 2939 2432 2976 nam
2461 2924 2575 2991 ipse
2598 2939 2813 2993 quoque
2842 2925 2907 2978 de
2936 2925 3026 2978 illo
3053 2926 3349 2996 paralytico
3372 2942 3673 2980 enarrans:

2104 3035 2120 3066 ‹
2162 3014 2341 3078 Venit,
2379 3016 2573 3084 inquit,
2628 3014 2789 3070 Iesus
2840 3018 2893 3071 in
2938 3018 3213 3072 civitatem
3258 3035 3406 3072 suam
3439 3020 3501 3072 ³¹.
3542 3039 3558 3070 ι
3616 3020 3682 3073 Et

2098 3124 2228 3161 vero
2283 3118 2569 3177 postquam
2624 3124 2653 3162 a
2710 3108 2921 3164 Joanne
2977 3110 3031 3163 in
3085 3108 3319 3164 Jordane
3375 3110 3679 3178 baptizatus

2097 3210 2265 3262 esset,
2292 3210 2344 3254 et
2378 3201 2618 3269 Spiritus
2646 3215 2674 3253 a
2705 3202 2842 3255 coelo
2879 3202 2928 3255 iu
2957 3219 3079 3256 eum
3112 3205 3343 3258 volitans
3379 3205 3675 3272 requievis-

2047 3352 2066 3370 τ
2102 3304 2204 3356 set,
2237 3293 2288 3346 in
2330 3294 2599 3345 desertum
2639 3307 2665 3345 a
2711 3292 2911 3361 spiritu
2968 3296 3033 3347 ad
3084 3296 3435 3347 tentatiouem
3485 3296 3679 3347 titlﬂlus

2104 3395 2208 3448 est,
2264 3393 2338 3445 et,
2387 3384 2532 3436 victo
2577 3394 2869 3449 tentatore,
2916 3400 3167 3439 reversus
3201 3388 3344 3438 circa
3387 3384 3677 3439 Jordaneut

2107 3473 2475 3526 inambulabat
2533 3472 2756 3531 docens.
2807 3475 3122 3527 testimonio
3153 3494 3178 3526 :t
3205 3476 3443 3544 Baptista
3479 3477 3682 3544 pluries

2106 3577 2349 3634 accepto,
2379 3565 2679 3633 usquedum
2712 3564 2947 3619 Joannes
2976 3568 3042 3620 ab
3082 3568 3291 3619 lit-rude
3320 3570 3369 3620 iu
3398 3584 3674 3623 Cameren»

2105 3657 2381 3725 conjectus
2403 3655 2621 3709 fuisset.
2656 3653 2832 3722 Tunc,
2860 3656 2999 3709 sicut
3022 3657 3154 3710 di.\it
3183 3656 3466 3712 Mallltattts
3503 3676 3515 3709 :
3554 3678 3570 3709 ι
3599 3658 3686 3710 Fe-

2106 3751 2270 3805 cessit
2320 3750 2373 3803 in
2426 3747 2725 3811 Galilzcam,
2784 3759 2837 3802 et
2890 3750 3075 3803 relicta
3131 3751 3345 3803 civitate
3392 3751 3685 3814 Nazarctb,

2111 3843 2264 3897 venit
2289 3849 2343 3896 et
2372 3841 2637 3895 habitavit
2676 3841 2726 3893 in
2761 3840 3141 3909 Capharnaum
3185 3844 3449 3896 maritima
3480 3845 3542 3897 ³³.
3580 3863 3597 3894 ι

427 3933 815 3998 κατάκλειστος
863 3938 1074 4005 γέγονε.
1117 3941 1248 3994 Τότε
1276 3940 1352 4006 δὲ,
1388 3943 1462 4005 ὡς
1493 3944 1521 3995 6
1567 3941 1860 4006 Ματθαῖὸς.
1885 3956 2070 4011 φησιν,
2119 3953 2138 3988 ι
2190 3932 2565 4003 Ἀνεχώρησεν
2619 3932 2698 3994 εἰς
2752 3931 2851 4002 τὴν
2897 3932 3201 4000 Γαλιλαίαν,
3236 3953 3327 3988 και
3370 3935 3686 3989 καταλιπὼν

425 4030 525 4098 τὴν
563 4027 855 4098 Ναζαρὲτ,
900 4030 1071 4084 ἐλθὼν
1119 4033 1435 4104 κατῴκησεν
1495 4038 1573 4100 είς
1624 4039 1996 4106 Καπερναοὺμ
2030 4033 2128 4102 τὴν
2168 4026 2635 4098 παραθαλασσίαν,
2687 4047 2705 4078 ι

511 4120 805 4191 Ἐξήρχετο
854 4123 948 4178 οὖν
1013 4126 1108 4178 ἀπ’
1162 4129 1332 4198 αὐτῆς
1388 4131 1465 4192 είς
1514 4148 1572 4183 τε
1630 4131 1727 4194 τάς
1761 4131 2002 4201 ἐρήμους

428 4216 740 4283 πρθσευχῆς
772 4217 953 4285 χάριν,
983 4219 1077 4272 καὶ
1104 4219 1182 4282 είς
1201 4220 1298 4283 τὰς
1326 4222 1431 4273 τῶν
1456 4223 1711 4289 γειτόνων
1747 4222 2005 4289 κωμοπό-

426 4305 543 4366 λεις
578 4305 892 4375 κηρύσσων,
930 4311 1023 4361 καὶ
1069 4312 1232 4363 πάλιν
1265 4314 1607 4383 ἐπανήρχετο
1638 4313 1774 4383 πρὶς
1806 4313 2000 4381 αὐτὴν.

427 4397 525 4452 Διά
559 4398 714 4450 τοῦτο
750 4399 1025 4464 Ματθαίος
1054 4402 1153 4469 μὲν
1185 4404 1212 4455 6
1260 4404 1653 4471 εὓαγγελιστὴς
1710 4403 1847 4457 ἰδίαν
1885 4399 2004 4455 εἷπε

426 4489 634 4562 ταύτην
662 4492 816 4544 πελιν
856 4495 1020 4547 αὑτοῦ
1046 4510 1060 4526 ·
1100 4498 1129 4548 6
1156 4495 1211 4548 δὲ
1238 4496 1481 4565 Μάρκος,
1517 4516 1533 4547 ι
1565 4495 1818 4557 Εἰσῆλθε,
1848 4497 2003 4563 φησὶ,

430 4585 599 4637 πάλιν
669 4586 749 4647 είς
784 4586 1160 4657 Καπερναοὺμ
1205 4587 1270 4639 δι’
1303 4587 1548 4657 ἡμερῶν.
1598 4589 1706 4642 Καὶ
1768 4588 2007 4656 ἥκουσαν

433 4676 517 4726 ὅτι
559 4676 639 4737 είς
689 4671 837 4729 οἶκόν
864 4678 999 4737 ἐστι,
1041 4680 1133 4731 καὶ
1183 4677 1387 4740 εὐθέως
1422 4678 1767 4748 συνήχθησαν
1800 4677 2005 4743 πολλοὶ,

2180 4125 2350 4195 Igitur
2375 4125 2443 4179 ab
2468 4124 2572 4178 ista
2605 4124 2827 4177 civitate
2871 4122 2923 4177 in
2962 4122 3250 4178 desertum‘
3280 4125 3469 4176 orandi
3514 4126 3689 4194 gratia

2113 4232 2364 4286 egressus
2390 4227 2494 4279 est,
2529 4215 2847 4283 vicinosque
2881 4215 3033 4269 vicos
3058 4214 3324 4268 circuibat
3367 4218 3689 4283 prtetlicans,

2112 4322 2165 4366 et
2195 4325 2381 4365 rursus
2414 4310 2481 4363 ad
2521 4310 2694 4378 ipsam
2737 4309 2916 4362 rediit.
2972 4308 3098 4362 ideo
3133 4308 3422 4361 ltlattlueus
3465 4308 3687 4375 quidem

2114 4403 2444 4471 evangelista
2470 4402 2612 4454 haue
2644 4401 2916 4454 civitatem
2943 4400 3156 4453 Domini
3188 4400 3442 4465 vocavit;
3474 4400 3690 4455 Marcus

2118 4504 2298 4548 autem
2352 4493 2535 4548 dixit:
2575 4510 2594 4542 ί
2652 4494 2850 4544 lterum
2893 4492 3115 4545 intravit
3142 4490 3525 4559 Capliarnamn
3569 4501 3692 4560 post

2117 4587 2255 4639 dies.
2294 4584 2355 4636 Et
2402 4587 2649 4637 auditum
2683 4594 2767 4637 est
2796 4583 2939 4651 quod
2968 4585 3020 4635 in
3047 4584 3208 4636 domo
3236 4592 3400 4645 esset,
3428 4591 3480 4635 et
3508 4585 3688 4637 statim

2118 4684 2488 4731 convenerunt
2541 4676 2716 4740 tuulti,
2767 4675 2841 4728 ita
2901 4685 2955 4728 ut
3000 4690 3107 4727 non
3160 4684 3377 4740 caperet
3420 4691 3592 4743 neque
3624 4678 3690 4728 ad

435 4764 579 4816 ὥστε
621 4768 815 4835 μηκέτι
848 4771 1046 4835 χωρεῖν
1082 4768 1213 4837 μηδὲ
1247 4770 1314 4822 τά
1343 4772 1479 4841 πρὸς
1506 4769 1603 4838 τὴν
1636 4770 1828 4838 θύραψ
1866 4787 1884 4820 ι
1912 4770 2009 4836 τὴν
2043 4758 2087 4817 D
2112 4768 2187 4838 jat

1935 4770 2009 4836 τὴν
2043 4758 2087 4817 D
2112 4768 2370 4838 januam;
2408 4784 2426 4817 ι
2461 4780 2584 4820 nam
2619 4780 2743 4818 eum
2780 4764 2851 4817 ibi
2890 4764 3223 4831 frequentius
3260 4765 3563 4823 habitaret.
3594 4780 3692 4833 per

433 4856 545 4925 γάρ
572 4856 852 4925 διατριῦὴν
894 4857 965 4920 ὡς
996 4859 1086 4911 ἐπὶ
1127 4861 1376 4913 πλεῖστον
1423 4864 1541 4915 ἐκεῖ
1573 4861 1895 4926 ποιούμενος
1921 4861 2009 4913 διὰ

438 4945 651 4998 πολλῶν
726 4950 819 5001 καὶ
877 4948 1130 5015 μεγάλων
1186 4951 1281 5004 καὶ
1336 4950 1631 5019 θαυμάτων
1690 4955 1786 5003 καὶ
1835 4950 2009 5018 λόγων

435 5035 756 5105 ἐπεγνώσθη
801 5036 1091 5105 μειζόνως,
1121 5040 1202 5093 διὸ
1232 5041 1323 5093 καὶ
1356 5040 1599 5094 ὲποοεῖτο
1620 5040 2006 5110 διαφερόντως.

446 5127 536 5188 Ὠς
555 5127 647 5179 οὖν
674 5128 911 5197 ἥκουσαν
943 5131 1023 5183 ὅτι
1053 5132 1283 5200 πάρεστι
1320 5133 1501 5198 πάλιν,
1527 5132 1798 5201 πανδημεὶ
1820 5133 2011 5202 συνέρ-

438 5223 640 5282 {suam
662 5239 674 5251 ο
710 5222 783 5283 ὡς
816 5222 873 5273 δὲ
904 5224 929 5274 6
971 5225 1189 5286 Λουκᾶς
1235 5242 1391 5293 φησι,
1435 5225 1525 5277 καὶ
1566 5224 1672 5277 ἀπὸ
1703 5222 1882 5291 πάσης
1916 5224 2012 5275 1:6-

435 5312 571 5372 ).sw;
620 5307 758 5381 ἦσαν
798 5313 847 5365 οἱ
886 5314 1249 5377 συνελθόντες,
1296 5318 1352 5366 ἐν
1388 5313 1469 5372 οἷς
1518 5317 1613 5369 καὶ
1660 5317 2012 5384 Γραμματεῖς

440 5401 586 5475 ἦσαν
619 5408 706 5457 καὶ
739 5408 1025 5475 Φαρισαῖοι
1062 5409 1157 5461 καὶ
1192 5411 1665 5476 νομοδιδάσκαλοι,
1699 5412 1793 5461 καὶ
1835 5411 2014 5461 ελεγ-ει

441 5498 628 5557 αὐτοῖς
656 5536 670 5558 ,
714 5497 870 5564 φησὶ,
914 5498 1005 5549 τὸν
1048 5498 1225 5565 λόγον’
1256 5493 1406 5561 οὗτος
1434 5499 1541 5570 γὰρ
1569 5495 1635 5569 ἦν
1662 5500 1808 5565 αὐτῷ
1841 5516 2016 5567 προη-

442 5587 541 5656 γοῦ
554 5605 711 5656 μενον
738 5589 919 5660 ἔργον,
939 5590 966 5642 ὃ
990 5592 1082 5643 καὶ
1117 5590 1493 5659 παραϐολικῶς
1528 5590 1798 5660 ἐδήλωσεν
1820 5591 2012 5643 εἰπών·

502 5766 543 5796 ³¹
583 5762 767 5819 ἷιῙιιῑῑΙι.
807 5779 880 5832 tx,
918 5765 965 5821 Ι.
1044 5766 1087 5796 ³³
1121 5764 1306 5820 Mittit.
1343 5781 1414 5827 tv.
1461 5764 1541 5819 1‘2.

1624 5766 1665 5797 ³³
1704 5764 1834 5819 Luc.
1872 5780 1987 5829 \‘tll,
2022 5765 2054 5819 ’ὁ

2120 4857 2379 4912 miracula
2412 4872 2612 4927 magna
2642 4865 2695 4909 et
2723 4854 2894 4908 multa
2939 4870 3144 4923 perque
3174 4869 3457 4908 sermones
3498 4855 3694 4910 melius

2120 4951 2467 5012 noscebatur,
2536 4948 2765 5014 ideoque
2830 4946 2900 4999 ibi
2942 4947 3213 5014 [tt‘tecipuc
3263 4946 3690 5001 desiderabatur.

2117 5039 2250 5094 C-un
2284 5054 2414 5107 ergo
2471 5039 2755 5092 audissent
2811 5038 3069 5106 quoniam
3113 5038 3309 5090 iterum
3353 5039 3595 5102 adesset,
3626 5053 3692 5092 ex

2121 5131 2268 5185 omni
2302 5141 2454 5200 parte
2486 5130 2885 5183 conﬂuxerunt.
2918 5128 3085 5183 Erant
3118 5140 3324 5195 autent,
3371 5130 3545 5197 inquit
3581 5128 3691 5182 Lu-

2119 5239 2233 5289 cas,
2269 5238 2333 5276 ex
2360 5222 2505 5275 omni
2551 5222 2773 5275 civitate
2813 5222 3219 5282 convenientes.
3252 5222 3302 5274 in
3326 5223 3519 5289 quibus
3549 5222 3694 5275 Scri-

2120 5316 2201 5368 ba:
2223 5355 2236 5378 ,
2283 5313 2562 5377 Pltarismi,
2598 5314 2835 5383 legisque
2866 5317 3134 5379 doctores,
3181 5324 3236 5367 et
3263 5314 3585 5383 loquebatur
3612 5314 3692 5368 eis

2122 5407 2381 5467 verbum;
2408 5406 2523 5473 ipse
2556 5406 2699 5458 enim
2730 5421 2822 5472 per
2850 5404 3228 5458 excellentiam
3258 5412 3375 5457 erat
3418 5403 3505 5455 ille
3532 5418 3692 5473 quem

2125 5512 2218 5566 per
2276 5496 2593 5563 parabolam
2648 5496 3018 5550 manil‘estavit
3074 5496 3307 5550 dicens:
3346 5514 3365 5546 ι
3407 5495 3551 5549 Exiit
3597 5494 3695 5565 qui

2124 5589 2352 5645 seminat
2382 5589 2648 5644 seminare
2680 5604 2860 5645 semen
2897 5604 3053 5645 suum
3082 5588 3149 5657 ³³,
3181 5608 3199 5641 ι
3224 5588 3275 5644 id
3298 5595 3400 5653 est,
3434 5588 3696 5645 doctrinae
