4450 6444
729 455 824 520 ῙΞἹ

722 666 871 712 ἐστιν
898 659 924 708 6
955 655 1209 724 σταυρός.

798 747 876 797 Ad
907 745 1195 808 Abraham,
1224 753 1400 798 autem
1427 745 1738 813 priusquam
1764 745 2051 813 impiorum
2077 748 2308 801 societa-
2339 752 2380 807 Α

723 849 828 892 tem
852 837 1071 906 fugisset
1091 854 1103 889 ε
1126 837 1408 906 Egredere,
1426 837 1499 889 ait
1515 836 1757 900 Deus,de
1775 845 1938 899 terra,
1959 847 2007 889 et
2029 837 2094 891 de
2111 854 2308 906 (cgna-

723 929 868 980 tione
887 935 1052 984 tua.et
1075 926 1205 976 vade
1225 927 1274 977 in
1293 936 1489 978 terram
1510 941 1618 978 non
1637 926 1852 993 quidem
1872 926 2129 980 interi-aut
2147 945 2308 996 quam

725 1020 818 1072 tibi
842 1019 1057 1083 dedero,
1081 1019 1170 1070 sed
1189 1034 1342 1085 quam
1362 1019 1452 1070 ti|.i
1475 1020 1961 1085 monstravuoﬁd
1981 1021 2194 1088 Moysen
2217 1038 2312 1072 au-

725 1120 849 1168 tem,
870 1120 1147 1176 postquam
1174 1107 1393 1174 fugisset
1414 1122 1474 1159 ex
1500 1105 1731 1177 [Egypto
1753 1117 2098 1177 montemque
2119 1125 2310 1162 ascen—

724 1199 912 1265 disset,
932 1198 1057 1266 quid
1082 1200 1212 1252 dixit
1235 1215 1282 1267 p2
1300 1200 1406 1252 imo
1437 1198 1572 1252 facta
1593 1201 1656 1251 ad
1672 1215 1791 1252 cum
1820 1215 1920 1252 vox
1939 1199 2075 1253 Dei?
2096 1219 2112 1250 ι
2147 1199 2309 1252 Solve

723 1292 1089 1343 calceamenta
1119 1291 1313 1358 pedum
1348 1302 1584 1342 tuorum.
1624 1308 1641 1338 ι
1684 1289 1843 1343 Aliud
1892 1291 1990 1344 hoc
2026 1304 2104 1344 est
2131 1291 2308 1344 crucis

727 1382 1046 1449 mysterium
1082 1383 1232 1450 prius
1264 1385 1565 1438 arctissime
1613 1385 1974 1452 subsequens.
2010 1384 2302 1450 Quamvis,

727 1473 825 1537 ait,
861 1489 921 1526 ex
962 1473 1196 1543 Egypto
1229 1475 1464 1541 exivisti,
1492 1475 1791 1530 Pharaonis
1817 1477 2076 1542 obsequio
2109 1491 2308 1529 renun-

729 1565 893 1626 tiasti,
932 1563 1234 1618 Pharaonis
1263 1565 1384 1619 ﬁliae
1417 1568 1556 1620 ﬁlius
1586 1569 1765 1621 vocari
1794 1568 1943 1636 parvi
2006 1567 2206 1629 fecisti,
2256 1575 2309 1621 et

729 1663 988 1719 quantum
1049 1654 1100 1706 in
1157 1665 1207 1708 te
1242 1665 1381 1719 erat,
1421 1657 1652 1710 mundus
1711 1655 1949 1724 perversi
2022 1655 2309 1709 famulatus

731 1741 938 1794 solutus
975 1741 1073 1794 fuit
1109 1753 1159 1795 et
1191 1755 1510 1810 evacuatus,
1544 1744 1640 1799 sed
1672 1744 1850 1800 adhuc
1885 1754 2099 1815 Oportet
2125 1758 2179 1800 te
2239 1748 2306 1800 ad

732 1833 846 1885 hrec
892 1833 1107 1895 addere,
1138 1834 1261 1900 quid
1289 1836 1462 1902 ergo?
1504 1834 1663 1891 Solve
1690 1835 2060 1891 caleeamenta
2115 1840 2310 1907 pedum

740 1933 950 1976 tuorum
993 1941 1006 1986 ;
1049 1924 1288 1994 relinque
1317 1926 1540 1994 pellicea
1576 1926 1772 1996 quibus
1809 1927 2029 1982 indutus
2057 1942 2114 1982 es
2145 1928 2310 1982 vesti-

730 2022 935 2076 menta,
1005 2031 1122 2082 quze
1171 2027 1463 2084 operantur
1516 2029 1793 2086 peccatum
1857 2029 1910 2074 ct
1970 2029 2020 2074 lc
2071 2034 2100 2073 a
2150 2029 2308 2074 terra:

739 2117 926 2158 szmrta
947 2117 1156 2161 arcent.
1191 2110 1349 2164 Solve
1377 2125 1506 2180 ergo
1533 2111 1631 2165 ista
1676 2111 1875 2180 pedum
1936 2120 2150 2167 tuorum
2205 2113 2314 2167 cal-

735 2209 1039 2261 ceamenta,
1063 2200 1164 2253 hoc
1195 2211 1270 2254 est
1306 2221 1318 2254 :
1354 2201 1459 2255 noli
1488 2203 1716 2270 amplius
1759 2204 2057 2258 secundum
2087 2219 2308 2258 carnem

735 2287 788 2339 in
819 2303 1039 2356 prcrato
1089 2292 1311 2356 vivere;
1361 2295 1670 2348 destruatur
1710 2304 1764 2348 et
1809 2296 2156 2348 interimatur
2207 2297 2317 2350 vita

733 2381 847 2432 Deo
885 2383 1133 2445 adversa,
1182 2399 1387 2438 necnon
1437 2385 1796 2453 cegitationes
1837 2390 2042 2450 carnis,
2107 2397 2161 2441 et
2224 2387 2313 2441 lex

735 2471 787 2522 in
813 2475 1069 2527 membris
1088 2475 1313 2542 pollens,
1335 2491 1454 2544 qua:
1487 2478 1863 2546 repugnatlegi
1886 2471 2084 2533 mentis
2115 2490 2168 2533 et
2191 2494 2321 2548 cap-

737 2563 868 2616 tivat.
940 2581 1039 2616 nos
1089 2568 1139 2618 iu
1205 2568 1320 2635 lege
1380 2569 1606 2635 peccati,
1668 2570 1774 2637 jam
1829 2584 1933 2621 non
1971 2570 2168 2636 vigeat,
2217 2584 2315 2622 nec

737 2667 1013 2720 Opez'etur,
1048 2659 1244 2709 virtute
1279 2658 1367 2710 Dei
1403 2659 1624 2711 visionis
1653 2658 1962 2712 interfecta.
1991 2658 2181 2712 Nonne
2212 2662 2313 2712 hoc

737 2759 953 2797 crucem
991 2747 1225 2802 dixeris?
1249 2750 1389 2802 Crux
1423 2762 1504 2801 est
1532 2751 1696 2814 enim,
1729 2760 1784 2801 ut
1806 2750 2103 2803 secundum
2127 2750 2310 2804 divum

739 2833 965 2887 Pau'nnt
1009 2838 1196 2906 loquar
1229 2840 1272 2869 ”
1303 2840 1371 2904 ⁸ο,
1402 2841 1723 2909 cruciﬁgere
1749 2854 1965 2894 carnem
2000 2854 2150 2893 suam
2195 2855 2316 2894 cum

739 2926 886 2980 vitiis
911 2939 961 2982 et
1005 2931 1481 2997 concupiscentiis.

1985 455 2027 513 G
2041 453 2294 515 REGOR
2309 457 2359 514 ΙΙ
2403 455 2486 514 PA
2499 457 2585 515 LA
2598 458 2643 514 Μ
2659 456 2719 513 RE

717 565 752 634 ἢ
793 564 884 615 τὸν
929 562 1130 630 κόσμον
1164 561 1599 630 ἀμεταστρεπτὶ,
1639 560 1671 630 ἡ
1722 561 1858 614 κατὰ
1887 562 2064 631 σάρκα
2093 565 2293 632 πιτρῖς
2336 563 2426 615 καὶ
2457 566 2483 615 6
2515 565 2721 633 κόσμος
2755 560 3033 632 ἐνεκρὼοη
3079 560 3174 615 καὶ
3207 561 3586 632 κατήργηται·

3881 449 3979 510 129

3668 562 3762 614 καὶ
3829 551 3986 613 τοῦτό

2496 744 2656 797 Ἀλλὰ
2719 743 2856 811 πρὸς
2911 743 3009 811 μὲν
3067 743 3158 795 τδν
3226 742 3476 812 Ἀϐραὰμ
3528 744 3694 812 μήπω
3743 744 3984 810 φυγόντα

2419 835 2517 902 τὴν
2549 834 2684 902 μετᾶ
2719 832 2829 884 τῶν
2867 832 3044 885 ἀθέων
3075 835 3389 895 συναυλίαν,
3426 833 3668 899 Ἔξελθε,
3700 834 3884 901 φησὶν,
3922 835 3984 884 ἐκ

2413 927 2510 994 τῆς
2545 929 2647 991 γῆς
2679 943 2793 988 σου,
2828 925 2923 978 καὶ
2961 926 3122 993 δεῦρο
3157 929 3235 986 εἰς
3277 926 3400 993 γῆν,
3448 926 3545 994 οὑχ
3575 927 3638 995 ἣν
3670 925 3733 976 ἄν
3776 942 3856 976 σοι
3886 926 3986 976 εὼ-

2415 1035 2510 1079 σω,
2543 1016 2658 1067 ἀλλ’
2691 1017 2756 1085 ἢν
2781 1016 2846 1069 ἄν
2882 1032 2960 1067 σοι
2997 1015 3176 1078 δείξω,
3215 1016 3287 1075 ῶς
3336 1017 3402 1067 δι’
3447 1016 3662 1081 ἐκείνης
3698 1015 3864 1080 ἄλλης
3887 1014 3986 1081 γῆς

2413 1109 2793 1176 πνευματικῆς
2840 1107 3222 1174 δεικνυμένης.
3279 1107 3422 1174 ιΙρδς
3471 1106 3525 1158 δὲ
3584 1106 3674 1156 τὸν
3728 1107 3985 1166 Μωῡσέα,

2414 1204 2551 1270 μετὰ
2583 1203 2642 1254 τὸ
2679 1204 2871 1269 φυγεῖν
2903 1201 3002 1271 τὴν
3053 1202 3349 1267 Αἴγυπτον,
3387 1200 3479 1251 καὶ
3529 1200 3588 1249 τὸ
3629 1199 3754 1266 δρος
3791 1198 3990 1264 ἀναϐῆ-

2411 1311 2521 1356 ναι,
2550 1293 2604 1344 τί
2629 1310 2796 1360 φησιν
2837 1296 2868 1359 ἡ
2907 1293 3042 1359 πρὸς
3082 1291 3246 1343 αὑτὸν
3280 1289 3470 1360 πρώτη
3504 1288 3594 1340 τοῦ
3631 1288 3765 1340 θεοῦ
3797 1288 3945 1353 φωνή
3974 1305 3988 1351 ;

2419 1404 2438 1435 ι
2496 1385 2670 1437 Λῦσαι
2723 1385 2784 1435 τὸ
2817 1384 3068 1453 ὑπόδημα
3096 1384 3160 1434 ἐκ
3201 1383 3314 1433 τῶν
3349 1380 3526 1432 ποδῶν
3558 1398 3672 1432 σου.
3737 1399 3754 1430 ι
3826 1379 3988 1430 Ἀλλο

2410 1474 2568 1526 τοῦτο
2601 1474 2694 1526 τοῦ
2733 1473 2965 1542 σταυροῦ
3024 1473 3348 1540 μυστήριον,
3391 1470 3467 1538 τῷ
3530 1470 3780 1539 προτέρῳ
3813 1486 3986 1536 προσ-

2413 1566 2560 1631 φυῶς
2604 1567 2892 1633 ἑπόμενον.
2944 1563 3004 1615 Ei
3041 1565 3148 1631 γὰρ
3198 1565 3291 1614 καὶ
3333 1562 3431 1628 τῆς
3453 1561 3756 1628 Αἰγύπτου,
3799 1562 3987 1629 φησὶν,

2413 1656 2658 1724 ἐξῆλθες,
2691 1658 2785 1710 καὶ
2817 1657 2914 1726 τὴν
2952 1655 3151 1724 Φαραὼ
3193 1654 3490 1725 θεραπείαν
3527 1655 3768 1720 ἀφῆκας,
3810 1655 3904 1706 καὶ
3929 1653 3990 1705 τὸ

2413 1747 2693 1800 καλεῖσθαι
2721 1747 2834 1809 υίὸς
2877 1748 2975 1816 τῆς
3019 1746 3290 1814 θυγατρὸς
3334 1744 3538 1814 Φαραὼ
3588 1744 3862 1814 παρεῖδες,
3898 1743 3993 1796 καὶ

2413 1841 2537 1893 ὅσον
2567 1838 2625 1891 τὸ
2667 1841 2749 1900 είς
2781 1838 2838 1890 σε
2869 1833 3002 1908 ἧκον
3041 1840 3069 1890 6
3119 1837 3322 1904 κόσμος
3361 1838 3571 1898 ἐκεῖνος
3611 1839 3710 1906 τῆς
3747 1836 3994 1904 πονηρᾶς

2415 1928 2716 1998 θεραπείας
2741 1927 2906 1990 ἐλύθη
2958 1925 3051 1980 καὶ
3110 1927 3482 1995 κατήργηται,
3517 1925 3652 1977 ἀλλὰ
3693 1925 3776 1976 δεῖ
3809 1940 3869 1976 σε
3900 1923 3994 1976 καὶ

2413 2020 2752 2090 προσθεῖναι,
2787 2017 2838 2070 τί
2867 2017 3056 2082 τοῦτο;
3107 2015 3283 2069 Λῦσαι
3338 2018 3401 2068 τδ
3461 2016 3714 2085 ὑπόδημα
3773 2017 3837 2067 ἐκ
3883 2014 3994 2068 τῶν

2416 2111 2593 2164 ποδῶν
2621 2128 2752 2164 σου·
2807 2110 3112 2164 ἀποθέσθαι
3165 2110 3292 2171 τοὺς
3347 2109 3709 2179 δερματίνους
3760 2107 3996 2177 χιτῶνας

2415 2203 2509 2265 οὓς
2546 2204 2782 2266 ἐνέδυσε,
2815 2203 2912 2254 καὶ
2941 2203 2999 2254 ἐν
3033 2196 3114 2263 οἷς
3150 2202 3366 2271 ἐνεργεῖ
3396 2202 3427 2269 ἡ
3467 2200 3733 2268 ἁμαρτία,
3765 2200 3859 2252 καὶ
3897 2200 3997 2268 τῆς

2421 2296 2584 2364 ἁγίας
2638 2295 3055 2349 ἀποδιαστέλλει
3102 2295 3225 2363 γῆς.
3259 2293 3436 2348 Δῦσαι
3466 2290 3560 2346 οὖν
3597 2292 3755 2345 τοῦτο
3782 2293 3843 2344 τὸ
3871 2293 4002 2344 ὑπό-

2422 2387 2568 2456 δημα
2610 2388 2673 2440 ὲκ
2717 2386 2827 2438 τῶν
2861 2384 3039 2437 ποδῶν
3076 2401 3191 2447 σου,
3227 2384 3425 2436 ταυτὸν
3471 2383 3526 2435 δὲ
3565 2385 3758 2446 εἰπεῖν,
3802 2381 3998 2451 μηκέτι

2425 2478 2569 2531 κατὰ
2607 2478 2785 2548 σάρκα
2824 2477 2919 2531 καὶ
2968 2480 3032 2546 τῇ
3086 2476 3329 2546 ἁμαρτίᾳ
3359 2475 3505 2542 ζῆθι,
3537 2475 3674 2528 ἀλλὰ
3720 2491 4002 2542 καταργη-

2421 2568 2568 2637 θήτω
2593 2570 2687 2621 καὶ
2717 2569 3046 2637 νεκρωθήτω
3076 2569 3107 2636 ἡ
3137 2567 3490 2634 ἀντικειμένη
3518 2565 3596 2635 τῷ
3624 2564 3745 2633 Θεῷ
3767 2566 3880 2632 ζωὴ
3906 2563 4001 2616 καὶ

2420 2661 2481 2710 τὸ
2526 2660 2779 2729 φρόνημα
2817 2660 2914 2726 τῆς
2951 2659 3175 2727 σαρκὸς,
3206 2659 3297 2710 καὶ
3322 2660 3348 2709 6
3379 2660 3434 2709 ἐν
3456 2659 3569 2718 τοῖς
3599 2656 3786 2724 μέλεσι
3812 2656 3998 2723 νόμος,

2422 2753 2450 2804 6
2485 2753 3042 2820 ἀντιστρατευόμενος
3070 2750 3148 2819 τῷ
3187 2751 3337 2819 νόμῳ
3382 2749 3477 2801 τοῦ
3508 2749 3646 2813 νοὸς,
3679 2749 3770 2800 καὶ
3792 2750 4000 2816 αίχμα·

2423 2841 2669 2904 λωτίζων
2715 2842 2791 2909 τῷ
2838 2842 2989 2911 νόμῳ
3043 2842 3140 2908 τῆς
3186 2841 3482 2909 ἁμαρτίας,
3521 2839 3718 2907 μηκέτι
3768 2840 4001 2906 ἐπικρα-

2423 2932 2601 2998 τείτω,
2655 2933 2788 3003 μηδὲ
2845 2933 3166 3002 ἐνεργείτω,
3217 2935 3284 3000 τῇ
3332 2931 3559 2999 δυνάμει
3609 2933 3706 2999 τῆς
3749 2929 4003 2991 Θεοπτίας

742 3024 1127 3092 νεκρούμενος.
1189 3023 1317 3095 'Ap’
1382 3029 1441 3079 οὑ
1505 3027 1663 3080 τοῦτό
1721 3028 1871 3081 ἐστιν
1920 3030 1946 3081 6
1999 3027 2270 3095 σταυρός;
2315 3028 2556 3098 Σταυρδς
2607 3030 2716 3099 γάρ
2753 3032 2870 3082 ἐστι
2921 3029 3086 3081 πάλιν
3112 3028 3251 3080 κατὰ
3295 3027 3384 3078 τὸν
3455 3026 3597 3078 θεῖον
3670 3023 3886 3076 Παῦλον
3928 3034 4003 3084 ει-

750 3118 893 3177 πεῖ),
944 3118 1002 3167 τὸ
1035 3121 1346 3186 σταυρῶσαι
1378 3121 1475 3188 τὴν
1511 3120 1689 3188 σάρκα
1733 3121 1830 3170 σὺν
1867 3121 1978 3181 τοῖς
2028 3119 2314 3188 παθήμασι
2358 3123 2454 3172 καὶ
2493 3123 2615 3181 ταῖς
2643 3121 2987 3189 ἐπιθυμίαις.

824 3210 963 3261 Dixit
1019 3226 1148 3275 ergo
1199 3212 1378 3277 Deus,
1423 3231 1440 3262 ι
1497 3212 1657 3265 Solve
1711 3212 2076 3265 ealeeameuta
2134 3214 2326 3280 pedum

749 3313 964 3352 tuorum
990 3319 1004 3357 ;
1034 3319 1152 3354 nam
1181 3313 1322 3356 terra
1351 3305 1529 3373 inqua
1557 3313 1690 3369 stas,
1721 3314 1860 3358 terra
1894 3315 2080 3358 sancta
2104 3314 2188 3358 est
2209 3305 2274 3358 “.
2305 3322 2324 3354 ι

753 3393 1027 3446 Ρ.ιιι‹1υ1›;ιι
1061 3393 1224 3462 Moysi
1256 3395 1355 3449 iste
1385 3410 1559 3448 sermo
1594 3412 1691 3465 per
1721 3409 1934 3449 erurem
1961 3397 2013 3449 in
2039 3405 2179 3450 terra
2205 3412 2332 3451 san-

2503 3214 2678 3265 Λῦσαι
2709 3210 2821 3278 οὖν,
2851 3214 3006 3280 φησι,
3034 3211 3092 3264 τὸ
3123 3209 3377 3278 ὑπόδημα
3426 3210 3486 3261 ἐκ
3517 3209 3623 3259 τῶν
3658 3206 3832 3259 ποδῶν
3868 3222 3963 3257 σου
3986 3222 4000 3235 '

2435 3306 2466 3373 ὴ
2504 3306 2612 3375 γὰρ
2646 3307 2717 3374 γῆ
2746 3307 2830 3374 ἐφ’
2868 3307 2932 3375 ἣν
2966 3305 3029 3357 σὺ
3063 3304 3305 3369 ἕστηκας
3341 3301 3413 3369 γῆ
3446 3300 3576 3367 ἁγία
3598 3299 3744 3352 ἐστίν
3767 3314 3779 3326 ·
3815 3297 4001 3365 ἐδήλου

2433 3397 2490 3448 δὲ
2519 3396 2664 3465 αὑτῴ
2692 3398 2719 3448 6
2743 3397 2904 3463 ¹λόγος
2931 3397 3019 3447 τὸν
3048 3395 3189 3464 μετὰ
3216 3395 3314 3462 τὴν
3343 3393 3665 3459 ἐπιφάνειαν
3685 3390 3777 3440 τοῦ
3801 3388 4002 3457 Κυρίου

750 3486 1130 3538 ctiﬁt-ationem
1162 3496 1281 3554 post
1307 3487 1800 3540 manifestationem
1828 3487 2040 3540 Domini
2077 3498 2123 3541 et
2157 3489 2246 3540 Dei
2277 3497 2329 3541 et
2357 3517 2398 3573 ε
2436 3505 2506 3539 κα

2277 3497 2329 3541 et
2357 3517 2398 3573 ε
2436 3490 2528 3539 καὶ
2548 3487 2682 3540 Θεοῦ
2724 3490 2813 3540 καὶ
2863 3488 3114 3556 Σωτῆρος
3155 3487 3310 3555 ἡμῶν
3372 3482 3548 3552 Ἰησοῦ
3589 3479 3828 3550 Χριστοῦ
3878 3479 4005 3548 μέλ-

755 3575 1050 3628 Salvatoris
1076 3577 1244 3630 nostri
1281 3575 1404 3630 Jcsu
1436 3577 1637 3630 Christi
1671 3576 1935 3631 fturant.
1972 3578 2150 3631 ‘Tunc
2182 3579 2325 3631 enim

756 3665 966 3736 Moyses
993 3668 1222 3720 I’utnram
1253 3669 1458 3722 ChriSti
1490 3671 1830 3737 praesentiam
1860 3671 2126 3738 prmvidit,
2159 3686 2329 3740 quan-

758 3765 826 3814 do
849 3763 1128 3828 conspexit
1163 3761 1290 3813 illud
1319 3761 1434 3814 rubi
1468 3762 1518 3813 in
1559 3763 1683 3830 igne
1723 3764 2055 3818 roresccntis
2094 3763 2331 3817 admira-

759 3851 864 3904 bile
899 3853 1283 3919 spectaculum.
1340 3852 1515 3906 Nihilo
1550 3855 1725 3907 minus
1790 3870 1967 3907 rerum
2025 3855 2328 3907 divinarum

760 3945 1148 4011 contemplatio
1180 3946 1358 3998 erucis
1407 3945 1567 3997 etiam
1619 3955 1702 3998 est
1768 3947 2113 4014 mysterium,
2163 3946 2330 4013 primi

761 4035 852 4088 illo
881 4035 1133 4103 mysterio
1175 4037 1371 4103 majus.
1406 4037 1576 4088 Ambo
1607 4037 1749 4088 enim
1783 4037 1794 4088 i
1835 4046 1881 4088 ta
1941 4035 2194 4103 mysteria
2235 4037 2333 4090 de-

762 4128 990 4188 clarant,
1029 4139 1081 4181 et
1106 4145 1330 4197 magnus
1365 4129 1582 4194 Paulus,
1629 4140 1683 4183 et
1725 4131 1831 4182 divi
1869 4129 2058 4197 Patres
2111 4132 2280 4184 nostri
2318 4149 2331 4183 :

762 4219 852 4272 ille
879 4219 1093 4285 quidem
1132 4194 1234 4269 non
1266 4220 1448 4272 dicens
1482 4229 1684 4272 tantum
1722 4239 1734 4272 :
1766 4194 2024 4272 Mundo;
2043 4220 2174 4272 mihi
2209 4235 2333 4273 cru-

763 4312 957 4364 cilixus
987 4321 1087 4374 est,
1121 4313 1284 4364 sedet
1316 4312 1618 4379 adjiciens:
1653 4310 1725 4364 Et
1757 4327 1855 4378 ego
1889 4315 2123 4377 mundo;
2160 4313 2209 4366 hi
2244 4329 2332 4366 ve-

764 4417 826 4453 ro
861 4402 981 4452 dum
1011 4417 1104 4453 nos
1143 4410 1362 4453 monent
1396 4417 1464 4455 ne
1495 4403 1545 4453 in
1575 4416 1794 4454 crucem
1820 4418 1915 4469 pro
1953 4417 2113 4456 cruce
2146 4419 2337 4460 ascen-

765 4494 891 4546 dere
932 4494 1276 4556 festinemus;
1311 4508 1432 4560 qum
1479 4494 1638 4545 ambo
1681 4503 1806 4545 sunt
1868 4502 2094 4562 utraque
2155 4498 2337 4552 crucis

767 4600 1046 4639 sermones
1070 4593 1120 4635 et
1143 4585 1418 4647 mysteria.
1455 4582 1787 4652 lgiturjuxta
1817 4584 1968 4649 prius
2011 4586 2189 4639 crucis
2224 4604 2337 4657 my-

769 4677 1020 4740 sterium,
1067 4676 1210 4743 quod
1245 4675 1375 4726 nihil
1411 4685 1489 4728 cst
1519 4675 1665 4729 aliud
1688 4691 1749 4729 ac
1779 4675 1900 4746 fuga
1940 4677 2146 4740 mundi,
2178 4691 2207 4729 a
2239 4693 2337 4744 pa—

769 4767 1014 4820 rentibus
1037 4766 1348 4820 carnalibus
1410 4766 1697 4833 separatio,
1753 4767 2020 4834 siquidem
2076 4767 2336 4850 pietatem

2434 3580 2592 3632 λοντα
2625 3581 2714 3632 ἐπὶ
2761 3581 2861 3648 τῆς
2891 3581 2994 3647 γῆς
3030 3580 3118 3630 δια
3168 3576 3258 3630 τοῦ
3311 3574 3548 3643 σταυροῦ
3599 3573 3816 3624 ἔσεσθαι
3849 3572 4005 3638 ἁγια-

2435 3673 2571 3743 σμόν
2595 3690 2609 3704 ⁶
2652 3674 2771 3726 τότε
2796 3673 2902 3741 γὰρ
2925 3674 2950 3725 ὀ
2975 3673 3106 3723 Μωῦ
3119 3673 3211 3739 σῆς
3238 3669 3335 3738 τὴν
3375 3668 3496 3720 τότε
3527 3665 3826 3734 μέλλουσαν
3871 3681 4006 3732 παρ-

2434 3768 2620 3818 ουσίαν
2648 3764 2743 3819 τοῦ
2781 3764 3020 3834 Χριστοῦ
3059 3761 3336 3832 προεώρα,
3388 3759 3522 3832 πρὸς
3555 3758 3615 3811 τὸ
3649 3758 3789 3828 μέγα
3822 3757 4007 3823 θέαμα

2435 3858 2612 3910 ἐκεῖνο
2661 3857 2892 3927 βλέπων,
2926 3857 3024 3925 τὴν
3085 3858 3142 3908 ἐν
3179 3857 3312 3923 πυρὶ
3368 3851 3759 3922 δροσιζομένην
3814 3850 4002 3918 βάτον·

2436 3951 2575 4003 ὥστε
2613 3950 2706 4002 καὶ
2744 3951 2775 4017 ἡ
2822 3951 2878 4000 ἐν
2908 3948 3024 4016 Θεῷ
3065 3947 3266 4015 θεωρία
3301 3948 3394 3998 τοῦ
3427 3944 3661 4013 σταυροῦ
3703 3943 4006 4011 μυστήριόν

2437 4043 2575 4105 ἐστι,
2611 4040 2703 4093 τοῦ
2757 4039 3027 4108 προτέρου
3062 4039 3271 4090 ἐκείνου
3311 4034 3611 4103 μυστηρίου
3647 4031 3859 4099 μεῖζον.
3904 4029 4007 4081 Δύο

2436 4134 2543 4202 γὰρ
2584 4129 2721 4184 εἶναι
2760 4131 2932 4182 ταῦτα
2965 4130 3057 4182 καὶ
3110 4131 3138 4180 6
3182 4129 3354 4196 μέγας
3404 4125 3614 4186 Παῦλος
3640 4123 3733 4174 καὶ
3771 4123 3821 4173 οι
3873 4121 4007 4172 θεῖοι

2441 4225 2543 4295 55
2575 4226 2822 4293 -Πατέρες
2874 4222 3032 4290 ἡμῶν
3069 4220 3431 4272 αἰνίττονται·
3496 4218 3523 4267 ὁ
3579 4213 3678 4282 μὲν
3733 4213 3807 4279 μὴ
3851 4212 4009 4279 μόνον

2437 4319 2629 4384 λέγων,
2667 4317 2760 4375 ὅτι,
2790 4315 2850 4366 '0
2875 4314 3076 4382 κόσμος
3106 4311 3228 4377 ἐμοὶ⁵
3261 4307 3621 4373 ἐσταύρωται,
3654 4303 3791 4355 ἀλλὰ
3835 4319 4008 4370 προσ-

2437 4407 2627 4469 τιθεὶς,
2679 4407 2758 4457 ὅτι
2789 4403 2959 4470 Κάγὼ
3000 4402 3077 4470 τῷ
3143 4402 3356 4466 κόσμῳ·
3400 4399 3447 4449 οἱ
3481 4398 3558 4458 δὲ,
3604 4392 4013 4461 παραγγέλλον-

2438 4517 2529 4562 τες
2561 4501 2692 4568 ἡμῖν
2744 4497 2818 4566 μὴ
2868 4495 3120 4548 σπεύδειν
3165 4492 3479 4545 ἀναϐαίνειν
3509 4489 3601 4540 ἐπὶ
3648 4487 3739 4538 τὸν
3780 4483 4013 4553 σταυρὸν

2442 4591 2549 4661 πρὸ
2578 4588 2670 4642 τοῦ
2704 4586 2962 4656 σταυροῦ,
2994 4586 3067 4647 ὡς
3099 4584 3190 4636 δύο
3225 4585 3439 4640 πάντως
3484 4581 3654 4632 ὅντων
3687 4577 3792 4630 τῶν
3839 4576 4013 4641 λόγων

2442 4674 2666 4750 καὶτῶν
2704 4678 3022 4748 μυστηρίων
3048 4675 3142 4728 τοῦ
3191 4673 3448 4743 σταυροῦ.
3496 4670 3654 4724 Κατὰ
3699 4667 3799 4736 μὲν
3829 4667 3919 4719 οῦν
3954 4666 4014 4717 τὸ

2445 4748 2660 4841 πρῶτον
2690 4771 2784 4822 τοῦ
2818 4767 3053 4837 σταυροῦ
3085 4767 3407 4836 μυστήριον,
3450 4762 3585 4831 ὅπερ
3626 4760 3774 4811 ἐστὶν
3804 4762 3833 4824 ἠ
3867 4755 4014 4828 φυγὴ

772 4868 826 4909 et
854 4857 1163 4925 religiosam
1200 4857 1501 4923 impediunt
1528 4860 2007 4912 conversationem
2041 4869 2094 4912 et
2142 4844 2336 4928 cor'po-
2365 4864 2416 4924 D
2442 4862 2529 4915 τοῦ

2256 4876 2336 4913 )0-
2365 4864 2416 4924 D
2442 4862 2532 4915 τοῦ
2567 4863 2772 4930 κόσμου
2797 4861 2890 4912 καὶ
2915 4862 2945 4927 ἡ
2975 4859 3082 4910 τῶν
3109 4857 3252 4909 κατὰ
3283 4855 3462 4924 σάρκα
3493 4844 3772 4919 συγγενῶν
3803 4849 4013 4911 διάζευ-

774 4949 850 5000 t'is
873 4947 1211 5012 exercitatio,
1238 4961 1376 5014 qum,
1411 4954 1466 4998 ut
1507 4947 1580 4999 ait
1618 4946 1834 5012 Paulus,
1871 4963 2057 5014 parum
2101 4952 2336 5017 prodest,

773 5059 866 5110 per
899 5043 1032 5101 hzec.
1062 5041 1302 5108 inquam,
1336 5040 1566 5092 mundus
1594 5040 1744 5092 nobis
1764 5041 2053 5094 cruciﬁxus
2084 5051 2163 5095 est
2198 5043 2340 5095 sicut

772 5145 826 5187 et
857 5145 1159 5201 peccatum,
1194 5146 1318 5186 cum
1352 5131 1455 5185 ista
1495 5131 1573 5184 sic
1636 5132 1977 5200 eﬁ‘ugiamus.
2031 5130 2337 5186 Secundum

776 5225 1048 5293 posterius
1108 5223 1285 5276 crucis
1340 5222 1658 5291 mysterium
1709 5223 2029 5291 nosmetipsi
2092 5224 2339 5276 cruciﬁxi

776 5332 961 5370 smnus
990 5315 1192 5368 mundo
1233 5323 1288 5368 et
1328 5316 1445 5384 ejus
1476 5313 1876 5379 cupiditatibus,
1939 5329 2060 5367 cum
2094 5315 2192 5368 ista
2242 5332 2341 5371 nos

775 5410 1056 5475 t-ll‘ugiant.
1088 5406 1202 5461 Non
1230 5415 1453 5475 possunt
1488 5406 1578 5458 illa
1615 5406 1836 5459 omnino
1884 5421 1980 5458 nos
2013 5405 2196 5473 fugere
2247 5423 2346 5460 nec

781 5506 832 5550 in
863 5499 1017 5553 nobis
1050 5499 1384 5552 rationaliter
1419 5499 1656 5570 operari,
1716 5497 1819 5549 nisi
1879 5497 2043 5550 Deum
2105 5506 2346 5551 contem-

785 5593 1013 5659 plemur.
1046 5587 1178 5640 Nam
1212 5589 1428 5657 quando
1476 5588 1690 5641 virtutis
1755 5589 2009 5640 exercitio
2058 5588 2123 5641 ad
2188 5590 2344 5644 istam

782 5683 1302 5748 contemplationem
1362 5680 1694 5744 accedimus,
1767 5681 1984 5747 quando
2033 5683 2344 5738 interiorem

855 5863 990 5892 ἰβ-’σο
1029 5863 1198 5918 Galit,
1231 5882 1279 5930 ν,
1307 5865 1394 5917 9i.
1473 5865 1509 5896 δ’
1568 5863 1737 5919 Exod.
1775 5878 1853 5924 ul.
1891 5869 1936 5920 3.

2446 4955 2546 5018 ξις,
2583 4952 2742 5021 είπερ
2777 4953 2910 5020 πρὸς
2951 4949 3233 5001 εὐσέϐειαν
3281 4947 3374 4999 καὶ
3406 4945 3495 4996 τὸν
3538 4942 3660 4995 κατ’
3707 4941 3877 5010 αὑτὴν
3912 4941 4013 5008 ἐμ-

2445 5046 2722 5108 ποδίζουσι
2774 5043 2906 5112 βίον,
2960 5040 3055 5092 καὶ
3096 5041 3126 5107 ἡ
3166 5035 3454 5106 σωματικὴ
3506 5033 3764 5102 ἐργασία,
3821 5033 3885 5100 ἣν
3917 5031 4014 5083 καὶ

2444 5138 2576 5204 πρὸς
2614 5136 2794 5202 ὀλίγον
2835 5133 3108 5201 ὠφέλιμον
3143 5124 3282 5180 εἷναί
3321 5143 3486 5196 φησιν
3516 5125 3542 5176 6
3576 5124 3804 5184 Παῦλος.
3854 5120 4016 5172 Κιτά

2443 5227 2620 5280 ταῦτα
2645 5225 2774 5293 γοῦν
2807 5225 2835 5275 ὁ
2869 5224 3071 5291 κόσμος
3115 5222 3247 5288 ἡμῖν
3282 5215 3609 5285 σταυροῦται
3644 5215 3739 5266 καὶ
3770 5213 3800 5280 ἡ
3834 5212 4014 5280 ἁμαρ-

2443 5323 2559 5381 τία,
2594 5319 2877 5386 φυγόντων
2910 5315 3067 5385 ἡμῶν
3097 5315 3159 5364 ἐκ
3193 5309 3422 5363 τούτων.
3463 5307 3615 5359 Κατὰ
3646 5307 3699 5357 δὲ
3741 5306 3800 5357 τὸ
3831 5305 4017 5356 δεύτε-

2447 5431 2539 5484 ρον
2561 5411 2652 5463 τοῦ
2692 5409 2923 5478 σταυροῦ
2965 5407 3284 5477 μυστήριον,
3320 5402 3482 5468 ἡμεῖς
3527 5396 3909 5467 στα-δροὺμεθσ.
3940 5396 4017 5461 τῷ

2446 5483 2638 5570 κόσμῳ
2701 5502 2792 5552 καὶ
2850 5500 2958 5559 τοῖς
3018 5495 3295 5555 πάθεσιν,
3355 5489 3533 5542 αὑτῶν
3587 5487 3894 5555 φευγόντων
3953 5483 4014 5548 ἐξ

2445 5593 2624 5662 ἡμῶν.
2658 5593 2769 5643 Οὐκ
2805 5590 2883 5641 ἔνι
2935 5588 2990 5639 δὲ
3043 5586 3260 5646 τελείως
3310 5582 3367 5646 ἐξ
3405 5577 3562 5649 ἡμῶν
3615 5577 3754 5630 αὐτὰ
3797 5576 4010 5644 φυγεῖν,

2453 5685 2525 5755 μὴ
2589 5687 2641 5738 ἐν
2725 5684 2855 5753 ἡμῖν
2924 5681 3166 5748 ἐνεργεῖν
3245 5672 3613 5744 λογιστικῶς,
3691 5668 3756 5722 ἂν
3811 5669 3884 5738 μὴ
3958 5670 4013 5719 ἐν
