4450 6444
758 407 858 468 131

759 516 885 581 ipsa-
914 522 1022 565 tres
1074 523 1209 562 unus
1235 506 1510 572 Dominus,
1557 519 1678 559 nam
1709 502 1970 571 scriptum
2002 512 2076 556 est

757 609 838 660 xit
875 607 1132 661 Dominus
1166 603 1230 656 ".
1275 621 1292 651 ι

830 700 894 750 Et
918 699 993 750 sic
1011 696 1278 748 Abraham
1307 693 1486 748 crucis
1512 688 1767 760 mysterio
1798 687 1896 741 fuit
1928 685 2332 754 initiatus.lpse

761 807 887 841 vero
920 789 1067 841 lsazic
1094 787 1211 854 ejus
1244 788 1399 853 cujus
1428 799 1614 836 necem
1672 781 2015 848 significabat
2052 789 2165 832 erat
2204 779 2334 846 figit-

760 897 841 939 ιη,
871 894 1041 947 uSque
1064 880 1125 930 ad
1148 890 1374 930 mortem
1403 876 1542 929 sicut
1564 885 1616 928 et
1641 873 1889 927 Christus
1918 871 2054 940 patri
2077 871 2335 923 obedienc

763 973 972 1032 fat-tus;
1008 967 1372 1034 suﬂ'ct-tusque
1405 967 1455 1016 in
1492 963 1613 1034 ejus
1649 963 1820 1015 locum
1861 962 2004 1012 aries
2034 960 2209 1027 ipsum
2239 958 2334 1011 Dei

759 1077 957 1129 agnum
993 1076 1088 1126 pro
1120 1059 1279 1112 nobis
1307 1059 1357 1109 in
1393 1058 1717 1110 occisionem
1753 1053 2008 1105 traditum
2040 1065 2336 1118 repraesen-

761 1156 934 1214 ιιώιιι,
969 1163 1020 1204 et
1043 1167 1230 1217 vepres
1278 1152 1416 1203 inter
1447 1165 1582 1218 quas
1611 1147 1869 1200 cornibus
1907 1145 2140 1198 ltzerebat
2171 1144 2334 1206 aries,

762 1252 922 1311 typus
959 1255 1116 1295 erant
1145 1244 1322 1295 crucis
1364 1241 1624 1310 mysterii.
1659 1238 2023 1303 Quamobrem
2059 1235 2335 1287 arbustum

763 1332 888 1385 lllutl
919 1333 1148 1395 Sabech,
1177 1334 1276 1384 hoc
1319 1341 1399 1384 est
1439 1331 1597 1382 arbor
1645 1328 1977 1382 remissionis
2023 1328 2338 1391 vocabatur,

763 1429 904 1478 sicut
951 1442 1078 1480 crux
1145 1426 1349 1493 lignum
1399 1423 1803 1491 redemptionis.
1847 1419 1902 1472 in
1951 1417 2117 1472 Jacob
2173 1420 2337 1472 etiam

761 1518 927 1571 Isaari
966 1519 1073 1571 lilio
1104 1518 1305 1570 relucet
1342 1517 1521 1570 crucis
1555 1515 1916 1585 mysterium;
1955 1527 2077 1564 nam
2115 1510 2258 1580 ligno
2287 1518 2341 1564 et

764 1626 900 1678 aqua
922 1625 1107 1677 greges
1124 1624 1250 1662 suos
1270 1609 1663 1675 multiplicavit.
1698 1605 1924 1672 Lignum
1945 1603 2107 1672 igitur
2124 1616 2338 1654 crucem

763 1702 1168 1769 pra-figurabat,
1206 1715 1341 1767 aqua
1378 1707 1557 1752 autem
1595 1697 1836 1750 divinum
1874 1694 2164 1763 baptisma,
2199 1693 2343 1760 quod

761 1793 816 1844 in
851 1807 909 1844 se
942 1793 1182 1844 continet
1217 1793 1396 1845 crucis
1431 1791 1771 1860 mysterium.
1805 1789 2018 1841 dicente
2049 1787 2334 1854 Apostolo:

2015 395 2360 452 ωιωυιιι
2377 396 2398 448 ι
2430 395 2518 451 ΡΑ
2532 393 2758 448 ιΑΜΕ

3911 388 4010 453 132

2123 519 2137 555 :
2173 519 2189 551 ι
2236 500 2332 554 Di-
2363 506 2411 560 Δ
2453 501 2582 550 Ἰδοὺ
2613 503 2638 551 6
2669 495 2745 560 εἷς
2771 500 2899 560 Θεὸς
2934 500 3079 567 τρεῖς
3113 498 3452 559 ὑποστάσεις,
3482 499 3566 548 κειέ
3599 497 3652 548 αἱ
3676 499 3819 566 τρεῖς
3853 493 4007 551 αῦται

2433 587 2512 653 εἷς
2545 592 2746 661 Κύριος
2770 604 2781 616 ·
2824 587 2956 642 Eine
2988 591 3115 660 γὰρ,
3154 592 3307 657 φησὶ,
3341 590 3561 656 Κύριος.

2514 684 2603 734 Ἐν
2671 683 2768 752 μὲν
2829 678 2920 735 οῦν
2983 684 3059 753 τῷ
3108 682 3360 750 Ἀϐραὰμ
3396 680 3538 732 οῦτω
3600 683 3660 733 τὸ
3705 685 4010 752 μυστήριον

2435 777 2720 846 ἐνηργεῖτο
2771 776 2862 828 τοῦ
2895 775 3154 844 σταυροῦ.
3198 775 3253 826 '0
3286 776 3340 825 δὲ
3385 776 3568 826 Ἰσαὰκ
3601 774 3761 835 αὑτὸς
3796 770 3864 846 ἦν
3917 775 4011 826 τοῦ

2435 866 2492 918 ἐν
2546 868 2696 936 αὑτῷ
2743 869 3188 935 προτηλωθέντος
3251 866 3438 928 τύπος,
3475 868 3713 936 ὑπήκοος
3765 867 3838 927 ὡς
3870 868 3960 917 καὶ
3988 869 4014 918 ὀ

2437 957 2676 1026 Χριστὸς
2703 960 2865 1028 μέχρι
2897 958 3128 1011 θανάτου
3162 958 3238 1026 τῷ
3283 959 3450 1025 πατρὶ
3486 959 3779 1024 γενόμενος
3804 973 3818 987 ο
3862 959 3957 1006 καὶ
3989 958 4015 1007 6

2435 1051 2731 1114 ἀντιδοθεὶς
2765 1052 2914 1120 αῦτῴ
2941 1051 3092 1120 κριὸς
3123 1051 3285 1103 αὑτὸν
3313 1051 3402 1101 τὸν
3443 1050 3533 1100 τχῦ
3558 1050 3692 1100 Θεοῦ
3725 1050 3895 1116 ἀμνὸν
3925 1050 4014 1099 τὸν

2440 1143 2580 1211 ὑπὲρ
2612 1130 2768 1212 ἡμῶν
2817 1145 2893 1206 είς
2929 1144 3146 1212 σφαγὴν
3181 1142 3405 1195 δοθέντα
3439 1142 3735 1212 προεδήλου
3763 1159 3778 1171 ·
3836 1143 3927 1193 καὶ
3957 1141 4014 1192 τὸ

2440 1238 2626 1303 φυτὸν,
2682 1238 2736 1283 ἐν
2764 1228 2806 1301 ᾧ
2835 1239 2861 1286 ο
2897 1235 3051 1303 κριὸς
3091 1234 3315 1290 ἐδέδετο.
3339 1233 3409 1285 (ὸ
3458 1235 3754 1302 μυστήριον
3781 1228 3888 1299 εἶχε
3921 1230 4012 1283 τοῦ

2439 1327 2611 1379 τύπου
2641 1326 2734 1378 τοῦ
2795 1327 3052 1396 σταυροῦ,
3102 1326 3180 1378 διδ
3220 1327 3312 1378 καὶ
3344 1325 3505 1392 φυτὸν
3535 1325 3732 1386 Σαὸὲκ,
3764 1324 4016 1375 τουτέστι

2443 1419 2607 1486 (potin
2645 1419 2894 1486 ἀφέσεως
2944 1417 3299 1485 ὠνομάζετο,
3348 1415 3419 1477 ὡς
3455 1417 3547 1466 καὶ
3582 1416 3811 1483 σταυρὸς
3863 1413 4017 1477 ξύλον

2444 1510 2738 1578 σωτηρίου,
2788 1511 2893 1562 Καὶ
2923 1509 2982 1561 ὲν
3019 1506 3212 1560 Ἰακὼϐ
3263 1507 3318 1560 δὲ
3358 1506 3434 1576 τῷ
3472 1506 3564 1559 τοῦ
3607 1506 3789 1558 Ἰσαὰκ
3826 1506 3926 1574 υίῴ
3959 1505 4018 1556 τὸ

2446 1603 2744 1671 μυστήριον
2775 1603 2869 1653 καὶ
2902 1601 2929 1652 6
2964 1601 3132 1661 τύπος
3166 1599 3388 1668 ἐνήργει
3437 1597 3532 1651 τοῦ
3569 1597 3840 1666 σταυροῦ·
3876 1598 4018 1668 ξύλῳ

2444 1693 2550 1763 γὰρ
2584 1695 2676 1745 καὶ
2706 1691 2857 1743 ’ύδατι
2891 1690 2958 1744 τὰ
3004 1691 3232 1760 ποίμνια
3262 1688 3439 1758 ἑαυτῷ
3467 1690 3757 1760 ἐπλήθυνε.
3812 1689 3884 1741 T6
3923 1691 4020 1758 μὲν

2444 1781 2537 1837 οῦν
2555 1784 2716 1848 ξύλον
2740 1783 2799 1834 τὸ
2830 1783 3121 1852 σταυρικὸν
3143 1781 3450 1850 προετύπου
3479 1781 3632 1846 ξύλον
3659 1800 3671 1813 υ
3698 1781 3756 1834 τὸ
3787 1781 3842 1833 δὲ
3875 1779 4019 1851 ὕδωρ

770 1901 787 1932 ι
826 1880 881 1935 in
931 1894 1104 1936 morte
1161 1883 1362 1936 Christi
1425 1881 1682 1949 baptizati
1741 1879 2008 1932 sumus".
2044 1896 2062 1928 ι
2091 1853 2341 1930 Christus
2373 1853 2416 1910 Β
2446 1878 2507 1928 τὸ

2261 1887 2341 1930 lus
2373 1853 2416 1910 Β
2446 1878 2507 1928 τὸ
2531 1879 2672 1928 θεῖον
2701 1876 3005 1945 βάπτισμα,
3038 1874 3066 1926 ὃ
3117 1877 3172 1926 ὲν
3201 1875 3379 1944 ἐαυτῷ
3408 1874 3516 1942 ἔχει
3548 1874 3608 1926 τὸ
3655 1873 3751 1926 τοῦ
3783 1874 4018 1942 σταυροῦ

765 1989 980 2043 quoque
1027 1975 1170 2043 ligno
1201 1982 1256 2028 et
1299 1973 1526 2042 aqua,”
1586 1979 1670 2024 est
1710 1985 1870 2025 cruce
1908 1978 1956 2022 el
1987 1968 2332 2037 baptismate,

765 2080 953 2132 greges
984 2063 1291 2133 spirituales
1315 2065 1364 2117 in
1395 2074 1538 2116 terra
1566 2061 1665 2116 sibi
1692 2060 2088 2129 multiplicavit.
2117 2059 2338 2126 Insuper

764 2154 933 2209 Jacob
965 2167 1072 2210 tum
1100 2157 1315 2226 quando
1343 2155 1588 2209 adoravit
1613 2154 1979 2206 summitatem
2016 2152 2199 2219 virgae,
2224 2160 2333 2203 tum

766 2249 981 2315 quando
1007 2249 1289 2314 nepotibus
1314 2248 1428 2299 suis
1459 2244 1753 2305 benedixit,
1788 2242 2035 2296 manibus
2067 2251 2338 2294 transmu-

768 2354 878 2396 tato
903 2343 1094 2396 ordine
1120 2341 1407 2410 impositis,
1440 2340 1618 2392 crucis
1651 2339 1827 2391 adhuc
1863 2335 2091 2404 figuram
2123 2332 2342 2387 eviden-

769 2435 957 2484 tiorem
985 2432 1240 2484 ostendit.
1276 2431 1542 2484 Praeterea
1577 2429 1884 2499 parentibus
1921 2442 1949 2479 a
1977 2426 2245 2496 principio
2278 2425 2344 2478 ad

768 2525 925 2576 ﬁnem
953 2524 1211 2577 obediens
1230 2523 1419 2584 factus,
1447 2534 1500 2575 et
1524 2524 1642 2575 ideo
1670 2522 1894 2575 dilectus
1925 2528 1977 2572 et
2006 2518 2344 2582 benedictus,

765 2616 860 2668 sed
900 2626 953 2669 et
990 2627 1213 2684 propter
1261 2615 1360 2668 ista
1406 2613 1546 2668 Esau
1576 2613 1804 2674 invisus,
1847 2612 1991 2665 omni
2047 2609 2348 2662 tentatione

769 2708 978 2760 fortiter
1010 2709 1255 2772 tolerata,
1289 2721 1384 2776 per
1418 2715 1583 2759 totam
1620 2707 1784 2759 vitam
1823 2703 2000 2758 crucis
2033 2704 2347 2772 mysterium

769 2809 1019 2867 operatus
1055 2809 1157 2852 est.
1195 2798 1539 2869 Quapropter
1573 2799 1706 2852 dixit
1742 2796 1920 2851 Deus:
1960 2814 1977 2846 ι
2018 2793 2186 2848 Jacob
2219 2793 2349 2848 dile-

769 2908 844 2953 xi,
871 2892 1007 2944 Esau
1040 2903 1215 2945 autem
1243 2892 1366 2945 odio
1395 2891 1552 2944 habui
1574 2889 1639 2942 ".
1663 2908 1681 2940 ο

2449 1968 2768 2037 μυστήριον.
2806 1985 2826 2019 ι
2863 1968 2952 2028 Et;
2988 1967 3092 2036 γὰρ
3115 1967 3204 2019 τὸν
3232 1967 3458 2019 θάνατον
3492 1965 3584 2018 τοῦ
3624 1965 3858 2034 Χριστοῦ
3889 1965 4017 2018 ἑδα-

2442 2058 2771 2125 πτίσθημεν,
2807 2074 2824 2106 ι
2873 2056 3038 2124 φησὶν
3067 2058 3094 2108 6
3142 2055 3484 2116 Ἀπόστολος.
3521 2053 3628 2106 Καὶ
3655 2054 3681 2103 6
3708 2053 3937 2120 Χριστὸς
3959 2049 4018 2102 δδ

2448 2148 2588 2217 ξύλῳ
2617 2149 2709 2200 καὶ
2744 2146 2918 2211 ὕδατι,
2985 2145 3060 2215 τῷ
3107 2145 3325 2216 σταυρῷ
3380 2147 3476 2198 καὶ
3532 2145 3608 2213 τῷ
3659 2143 4016 2214 βαπτίσματι,

2445 2241 2512 2290 τὰ
2556 2237 2752 2303 λογικὰ
2797 2239 3020 2305 ποίμνια
3057 2238 3146 2288 ὲπὶ
3174 2239 3272 2305 τῆς
3325 2238 3428 2303 γῆς
3479 2236 3658 2304 ἑαυτῷ
3691 2237 4014 2304 ἐπλήθυνεν.

2456 2330 2515 2382 '0
2545 2330 2600 2381 δὲ
2636 2329 2810 2382 ιακὼϐ
2836 2330 2926 2383 καὶ
2952 2331 3037 2381 ὅτε
3057 2331 3192 2398 πρὸς
3220 2329 3279 2382 τὸ
3309 2330 3472 2399 ἄκρον
3501 2329 3596 2397 τῆς
3627 2328 3819 2397 ῥάϐδου
3845 2343 4018 2395 προσ-

2468 2421 2670 2487 εκύνει,
2730 2423 2824 2474 καὶ
2890 2422 2979 2473 ὅτε
3026 2422 3150 2482 τοὺς
3189 2421 3445 2487 ἐγγόνους
3493 2420 3740 2486 εὐλόγει,
3791 2417 4022 2481 ἐναλλὰξ

2452 2516 2550 2575 τὰς
2586 2516 2774 2582 χεῖρας
2809 2512 2943 2574 θεὶς,
2979 2512 3069 2564 τὸν
3103 2511 3339 2578 σταυροῦ
3373 2511 3543 2563 τύπον
3585 2512 3664 2561 ἔτι
3692 2510 4022 2578 σαφέστερον

2451 2606 2748 2674 ὑπέφηνεν.
2786 2605 2948 2657 Ἀλλὰ
2977 2604 3070 2656 καὶ
3102 2605 3212 2667 τοῖς
3257 2604 3528 2673 πατράσιν
3560 2604 3616 2668 ἐξ
3650 2605 3820 2672 ἀρχῆς
3859 2602 4022 2670 μέχρι

2448 2697 2635 2757 τέλους
2665 2696 2906 2764 ὑπήκοος
2927 2696 3022 2760 ὢν,
3052 2699 3144 2746 καὶ
3181 2696 3465 2762 ἀγαπητὸς
3494 2695 3582 2744 καὶ
3621 2692 3914 2760 εὐλογητὸς
3938 2690 4027 2742 διὰ.

2448 2788 2627 2855 τοῦτο,
2664 2788 2800 2841 ἀλλὰ
2831 2791 2923 2843 καὶ
2959 2788 3186 2857 μισητὸς
3236 2788 3311 2855 τῷ
3359 2784 3532 2838 Ἠσαῦ
3561 2786 3648 2837 διὰ
3677 2784 3880 2836 ταῦτα·
3933 2783 4026 2834 καὶ

2448 2880 2590 2933 οὕτω
2651 2882 2827 2933 πάντα
2878 2880 3188 2949 πειρασμὸν
3242 2879 3506 2946 γενναίως
3568 2876 3879 2945 ὑποφέρων.
3939 2874 4026 2926 διὰ

770 2986 973 3047 παντὸς
1018 2984 1111 3035 τοῦ
1172 2984 1286 3053 βίου
1333 2982 1392 3036 τὸ
1451 2983 1745 3052 μυστήριον
1798 2977 1916 3051 εἶχε
1973 2978 2068 3032 τοῦ
2123 2974 2359 3047 σταυροῦ
2396 2973 2816 3044 ὲνεργούμενον.
2869 2971 2959 3023 Διδ
2991 2971 3084 3024 καὶ
3127 2971 3153 3022 6
3183 2970 3314 3032 Θεὸς
3378 2969 3565 3038 ἔλεγε·
3642 2987 3660 3019 ι
3691 2967 3794 3020 Τὸν
3831 2965 4024 3021 Ἰακὼϐ

770 3086 1055 3160 ἠγάπησα,
1085 3087 1174 3137 τὸν
1199 3086 1253 3136 δὲ
1289 3082 1460 3158 Ἡσαῦ
1494 3083 1751 3150 ἐμίσησα.
1791 3100 1808 3132 ι

846 3175 1015 3238 Talia,
1042 3177 1256 3237 fratres,
1291 3155 1449 3227 etiam
1474 3145 1612 3241 apud
1641 3145 1741 3226 nos
1765 3172 2105 3239 contingunt.
2130 3169 2341 3223 Etenim
2372 3177 2414 3234 c
2517 3163 2603 3214 Τοε

2271 3170 2341 3222 im
2372 3177 2414 3234 ο
2517 3158 2770 3214 Τοιοῦτόν
2795 3175 2844 3209 τι
2867 3155 3076 3222 γίνεται
3111 3152 3203 3204 καὶ
3234 3148 3320 3218 ἐφ’
3355 3146 3537 3217 ἡμῶν,
3568 3145 3809 3214 ἀδελφοί.
3841 3145 3900 3196 Ὀ
3930 3145 4025 3213 μὲν

773 3270 860 3336 qui
894 3277 1103 3336 patrum
1130 3265 1428 3320 secundum
1451 3266 1698 3334 spiritum
1721 3275 1773 3319 et
1805 3266 2102 3318 secundum
2126 3276 2345 3316 carnem

775 3365 934 3412 dictis
974 3361 1329 3425 obtemperat.
1361 3357 1513 3426 juxta
1546 3357 1855 3408 mandatum
1896 3353 2133 3423 Apostoli
2169 3353 2352 3406 dicen-

777 3453 870 3504 tis:
900 3468 918 3501 ‹
952 3448 1092 3512 Filii,
1113 3449 1324 3502 obetlite
1349 3447 1662 3516 parentibus
1688 3447 1880 3500 vestris
1902 3445 1969 3509 ",
2007 3464 2026 3497 ι
2054 3446 2139 3498 hic
2162 3460 2191 3498 a
2221 3446 2347 3507 Deo,

776 3555 1044 3611 quatenus
1076 3541 1438 3610 configuratus
1476 3542 1527 3592 in
1563 3541 1679 3594 istis
1699 3539 1890 3594 dilecto
1923 3537 2017 3592 Dei
2045 3536 2198 3601 Filio,
2236 3537 2354 3590 dili-

779 3637 954 3701 gitur;
984 3636 1074 3703 qui
1110 3643 1285 3686 autent
1319 3649 1506 3701 parere
1542 3635 1736 3695 renuit,
1765 3642 2020 3698 tanquam
2053 3633 2260 3684 alienus
2288 3629 2354 3680 ab

783 3727 873 3779 illa
913 3740 1033 3777 cum
1095 3724 1289 3776 dilecto
1318 3721 1453 3774 Filio
1508 3722 1876 3784 sitnililudinc,
1915 3722 1965 3772 in
2014 3721 2195 3774 odittnt
2264 3717 2353 3770 Dei

782 3818 951 3870 venit.
980 3816 1108 3880 Qua:
1139 3815 1356 3883 sapiens
1389 3813 1642 3881 expandit
1669 3811 1922 3866 Salomon
1947 3811 2131 3864 dicens
2163 3810 2357 3861 nonde

779 3908 947 3962 Jztcob
980 3919 1030 3961 et
1073 3906 1212 3958 Esau
1251 3913 1480 3967 tantum,
1522 3903 1612 3956 sed
1654 3904 1874 3957 omnino
1906 3911 1960 3956 et
1996 3904 2045 3954 in
2073 3899 2356 3954 omnibus:

790 4021 807 4050 ι
833 3993 1003 4052 Filius
1051 3998 1312 4050 obediens
1351 3997 1455 4049 erit
1486 3997 1536 4048 in
1598 3995 1788 4058 vitam,
1825 4003 2002 4047 autem
2043 3993 2359 4046 iuobedicns

785 4094 838 4146 in
900 4092 1252 4161 perditionem
1274 4091 1342 4142 ⁵⁸.
1375 4108 1393 4140 ο
1422 4087 1612 4141 Nonne
1679 4085 1844 4141 Jacob
1887 4086 1995 4138 lilio
2045 4085 2362 4139 obedientire

791 4184 965 4253 majus
997 4182 1172 4234 adhuc
1207 4180 1392 4234 cruris
1419 4177 1732 4248 mysterium
1759 4175 2000 4242 contigit,
2033 4174 2366 4241 contempla-

789 4279 885 4339 tio,
910 4277 1150 4342 inquam,
1174 4287 1266 4340 per
1286 4285 1445 4339 quam
1469 4270 1677 4338 plenius
1705 4269 1863 4321 homo
1892 4265 2227 4335 cruciﬁgitur
2253 4278 2366 4317 mo-

788 4370 1031 4433 riturque
1060 4372 1280 4432 pet-cato
1320 4371 1374 4414 et
1397 4361 1581 4413 virtuti
1624 4359 1788 4415 vivit?
1817 4357 1939 4424 Ipse
1977 4359 2045 4411 de
2073 4371 2170 4411 sua
2202 4355 2366 4408 visio-

792 4474 859 4511 ne
895 4469 946 4510 et
995 4457 1164 4509 salute
1188 4453 1365 4506 reddit
1409 4450 1782 4505 testimonium
1808 4451 1926 4516 ;ait
1976 4449 2151 4504 enim:
2195 4464 2213 4497 ι
2249 4444 2364 4499 Vidi

2450 3256 2557 3323 γὰρ
2589 3249 3027 3317 ὑποτασσόμενος
3085 3246 3196 3306 τοῖς
3246 3260 3303 3295 τε
3355 3242 3491 3292 κατὰ
3542 3240 3758 3306 πνεῦμα
3788 3239 4025 3307 πατράσι

2452 3347 2592 3400 κατὰ
2629 3345 2729 3414 τὴν
2775 3339 3138 3406 ἀποστολικὴν
3175 3336 3397 3404 ἐντολὴν
3432 3335 3527 3402 τὴν
3559 3332 3821 3400 λέγουσιν
3850 3347 3864 3363 ο
3899 3349 3916 3381 ι
3947 3331 4026 3382 Τὰ

2452 3440 2620 3491 τέκνα
2662 3434 2965 3488 ὑπακούετε
3013 3434 3123 3492 τοῖς
3175 3427 3422 3496 γονεῦσιν
3459 3446 3476 3476 ι
3507 3442 3520 3456 ·
3579 3429 3605 3478 6
3653 3422 3914 3486 τοιοῦτος,
3952 3423 4028 3483 ὡς

2455 3521 3052 3596 ἁφωμοιωμένοςκατὰ
3110 3519 3266 3571 τοῦτο
3337 3515 3412 3583 τῷ
3461 3514 3726 3582 ἀγαπητῴ
3791 3513 3901 3580 Υξῷ
3933 3512 4025 3564 τοῦ

2457 3620 2615 3683 Θεοῦ,
2646 3617 2741 3668 καὶ
2768 3614 2915 3683 παρὰ
2933 3611 3025 3663 τοῦ
3052 3611 3183 3662 Θεοῦ
3205 3610 3488 3676 ἀγαπᾶται
3515 3623 3527 3636 ·
3552 3609 3577 3657 6
3601 3605 3653 3656 δε
3674 3603 4027 3672 παρακούων,

2457 3710 2528 3771 ὼς
2562 3709 2838 3774 ἀλλότριος
2875 3707 2986 3764 τοῖς
3039 3702 3173 3772 πρὸς
3219 3701 3308 3750 τὸν
3360 3698 3642 3765 ἀγαπητὸν
3694 3693 4026 3764 ὁμοιώσεως,

2460 3802 2550 3849 καὶ
2581 3798 2730 3866 παρὰ
2768 3796 2860 3846 τοῦ
2913 3792 3047 3846 Θεοῦ
3094 3793 3361 3859 μισεῖται.
3416 3790 3522 3839 Καὶ
3552 3786 3710 3837 τοῦτο
3764 3784 3973 3844 δεικνὺς
4004 3785 4032 3834 ὁ

2461 3889 2621 3954 σοφὸς
2656 3887 2929 3953 Σολομῶν,
2971 3885 3045 3947 ὡς
3079 3885 3179 3935 οὑκ
3229 3883 3319 3932 ἐπὶ
3359 3881 3450 3931 τοῦ
3496 3876 3695 3930 Ἰακὼϐ
3746 3878 3905 3945 μόνον
3939 3875 4034 3926 καὶ

2475 3982 2670 4044 Ἡσαῦ,
2703 3981 2838 4032 ἀλλὰ
2866 3981 2960 4030 καὶ
2990 3979 3074 4029 διὰ
3110 3975 3303 4035 παντὸς
3332 3976 3422 4023 καὶ
3444 3974 3532 4023 ἐπὶ
3565 3972 3777 4020 πάντων
3803 3970 4030 4034 γίνεται·

2472 4093 2489 4125 ι
2526 4075 2674 4138 Υἱὸς,
2719 4073 2904 4139 φησὶν,
2937 4071 3175 4138 ὑπήκοος
3199 4068 3353 4118 ἔσται
3389 4067 3466 4127 εἰς
3515 4063 3692 4132 ζωήν·
3726 4063 3753 4113 6
3785 4061 3840 4113 δὲ
3893 4076 4033 4130 παρ-

2465 4168 2624 4237 ήκοος
2653 4169 2730 4227 εἰς
2754 4163 3052 4217 ἀπώλειαν.
3097 4179 3115 4211 ι

2547 4259 2687 4311 Ἀλλ’
2721 4261 2747 4310 6
2773 4257 2875 4325 τῆς
2905 4255 3150 4322 ὑπακοῆς
3185 4253 3299 4314 υίὸς
3340 4248 3537 4303 Ἰακὼϐ
3572 4243 3661 4316 ἆρ’
3687 4241 3922 4314 οὑχὶκαὶ
3943 4240 4034 4292 τοῦ

2474 4355 2716 4424 μείζονος
2774 4351 2930 4419 ἔτυχε
2986 4345 3290 4418 μυστηρίου
3351 4342 3444 4394 τοῦ
3485 4338 3738 4408 σταυροῦ,
3781 4338 3878 4405 τῆς
3914 4337 4034 4387 Θεο-

2472 4445 2634 4505 πτίας
2689 4443 2852 4509 λέγω,
2914 4439 3034 4492 καθ’
3069 4441 3133 4507 ἣν
3186 4437 3511 4503 τελεώτερον
3566 4428 3893 4499 σταυροῦται
3941 4431 4037 4480 καὶ

792 4549 1076 4603 Dominum
1109 4544 1243 4599 facie
1271 4543 1336 4597 ad
1371 4543 1583 4608 faciem,
1613 4553 1669 4597 et
1698 4542 1842 4596 salva
1884 4542 2026 4595 facta
2065 4551 2147 4594 est
2185 4538 2363 4592 anima
2389 4514 2442 4572 θ
2470 4542 2544 4592 ἀπ

2280 4553 2363 4592 ma
2389 4514 2442 4572 Β
2470 4539 2804 4606 ἀποθνήσκει
2835 4537 2862 4586 6
2897 4535 3186 4601 ἄνθρωπος
3215 4533 3280 4599 τῇ
3326 4525 3589 4597 ἁμαρτία,
3622 4525 3715 4576 καὶ
3744 4523 3807 4591 ζῇ
3829 4524 3892 4590 τῇ
3916 4521 4036 4589 ἀρε-

794 4657 909 4694 IllC'd
927 4640 993 4691 '°.
1035 4657 1053 4690 ι

2470 4633 2572 4698 cf};
2612 4630 2722 4680 Καὶ
2763 4628 2867 4696 μὴν
2910 4625 3072 4685 αὑτὸς
3113 4620 3294 4688 ἑαυτῷ
3325 4617 3592 4687 μαρτυρεῖ
3627 4615 3719 4666 καὶ
3770 4613 3865 4681 τὴν
3897 4611 4034 4662 θεω-

796 4741 919 4809 ρίαν
978 4737 1070 4788 καὶ
1105 4735 1201 4805 τὴν
1249 4732 1562 4802 σωτηρίανσ
1619 4750 1639 4782 ι
1683 4727 1834 4782 Εἶδον
1881 4729 2009 4796 γὰρ,
2065 4726 2221 4795 φησι,
2269 4725 2361 4778 τὸν
2402 4725 2540 4778 Θεὸν
2575 4724 2864 4794 πρόσωπον
2918 4720 3050 4790 πρὸς
3087 4718 3399 4788 πρόσωπον,
3434 4714 3530 4766 καὶ
3573 4711 3748 4780 ἐσώθη
3831 4726 3934 4779 μου
4003 4709 4034 4774 ἡ

787 4833 958 4902 ψυχή·
1001 4849 1018 4881 ι

865 4929 965 4985 Ubi
998 4937 1122 4982 sunt
1152 4925 1243 4995 qui
1302 4923 1496 4994 plausu
1529 4920 1888 4990 comprobant
1921 4928 2102 4986 turpes
2137 4918 2371 4987 ineptias

789 5025 1246 5079 hcterodoxornm
1309 5019 1447 5087 apud
1509 5031 1608 5069 nos
1669 5012 2052 5068 versantium?
2095 5012 2368 5064 Audiant:

794 5117 935 5168 Ecce
962 5113 1126 5166 Iacob
1191 5111 1320 5163 vidit
1367 5109 1555 5162 faciem
1609 5107 1719 5170 Dei,
1746 5115 1800 5159 et
1854 5115 2034 5157 tamen
2101 5119 2206 5156 non
2263 5103 2372 5153 vita

791 5214 1011 5260 mutum
1038 5219 1140 5256 non
1167 5203 1407 5271 privatus
1431 5210 1537 5262 est,
1560 5198 1651 5251 sed
1685 5199 1873 5260 etiam,
1906 5196 2020 5264 ipso
2047 5204 2203 5258 teste,
2229 5193 2374 5246 salus

801 5303 922 5348 datu
952 5303 1066 5358 est;
1095 5293 1338 5360 quamvis
1397 5291 1539 5343 Deus
1569 5289 1680 5356 ipse
1712 5287 1855 5340 dicat
1882 5302 1893 5337 :
1929 5303 1948 5336 ι
1988 5283 2153 5337 Nemo
2183 5282 2372 5335 faciem

798 5405 977 5441 meam
1007 5387 1237 5446 videbit,
1271 5393 1321 5436 et
1352 5381 1606 5434 vivet“.i
1643 5379 1908 5446 Numquid
1951 5377 2086 5430 forte
2121 5383 2248 5428 sunt
2272 5378 2377 5428 duo

805 5481 908 5544 Dii,
934 5495 1162 5547 quorum
1191 5491 1331 5530 unus
1352 5474 1541 5528 faciem
1562 5473 1723 5526 habet
1747 5472 1847 5525 sub
1863 5479 2138 5540 aspectum
2162 5477 2377 5521 sancto-

802 5588 922 5624 rum
958 5574 1256 5632 cadentem,
1295 5569 1429 5620 alter
1459 5581 1590 5619 vero
1619 5565 1819 5617 nullius
1841 5562 2016 5615 oculis
2045 5560 2378 5631 conspicien-

812 5663 1177 5730 dam?Apage
1239 5670 1438 5712 tantum
1494 5655 1858 5724 impietatem!
1899 5653 2005 5707 Sed
2064 5653 2157 5706 Dei
2225 5652 2387 5704 lacies

877 5784 918 5812 ⁸⁵
953 5781 1086 5834 Gen.
1118 5796 1266 5839 xvnt,
1299 5780 1314 5830 l
1353 5793 1502 5844 seqq.
1583 5776 1625 5805 ⁸⁸
1652 5774 1812 5826 Rom.
1848 5790 1921 5839 vt,
1956 5775 2007 5826 3.

823 5868 990 5910 sxxii,
1029 5854 1116 5904 ὖυ.
1199 5853 1238 5880 ’⁸
1278 5852 1442 5904 ΕΧυιΙ.
1475 5863 1663 5903 sntit,
1693 5847 1782 5896 ‘20.

2087 5773 2128 5802 ⁸⁷
2174 5770 2400 5826 Malac'n.
2442 5786 2479 5834 t,
2509 5770 2563 5820 I3.

2548 4909 2656 4962 Ποῦ
2686 4910 2824 4960 εἰσιν
2859 4907 2908 4958 οἱ
2941 4902 3279 4970 στοιχοῦντες
3335 4899 3413 4950 ἔτι
3445 4900 3561 4958 ταῖς
3614 4896 3722 4945 τῶν
3771 4895 3854 4961 ἐφ’
3887 4894 4040 4961 ἡμῶν

2477 5003 2860 5070 ἀναφανέντων
2916 4996 3222 5058 κακοδόξων
3286 4992 3569 5061 βδελυραῐς
3625 4987 4038 5053 λογολεσχίαιςς

2487 5096 2887 5156 Ἀκουέτωσαν,
2922 5092 3001 5143 ὃτι
3049 5092 3075 5141 6
3131 5086 3319 5140 Ἰακὼὸ
3365 5085 3423 5136 τὸ
3457 5083 3743 5152 πρόσωπον
3798 5074 3900 5129 εἶδε
3948 5077 4041 5129 τοῦ

2482 5189 2618 5243 Θεοῦ
2640 5205 2652 5218 ·
2689 5189 2784 5240 καὶ
2834 5186 2892 5237 οὺ
2926 5184 3084 5252 μόνον
3118 5183 3217 5233 οὑκ
3248 5177 3525 5247 ἀφῄρηται
3569 5173 3628 5225 τὸ
3664 5172 3780 5241 ζῇν,
3829 5171 3937 5221 ἀλλ’
3968 5171 4042 5230 ὡς

2485 5281 2643 5341 αὑτός
2677 5294 2832 5347 φησι,
2882 5277 2975 5326 καὶ
3011 5277 3313 5332 σέσωσται,
3351 5266 3529 5318 καίτοι
3562 5264 3654 5316 τοῦ
3683 5262 3818 5313 Θεοῦ
3859 5262 4044 5326 λεγον-

2482 5391 2594 5435 τος,
2633 5390 2650 5422 (
2686 5369 2874 5430 Οὐδεὶς
2901 5368 3090 5435 δψεται
3111 5364 3171 5415 τὸ
3197 5359 3484 5429 πρόσωπον
3517 5373 3617 5424 μου
3646 5354 3737 5404 καὶ
3762 5355 4036 5419 ζήσεται.»

2486 5462 2609 5531 'Ap'
2640 5461 2731 5515 οὖν
2770 5460 2860 5512 δύο
2899 5461 3042 5521 Θεοῖ,
3100 5459 3126 5508 ὁ
3160 5456 3257 5524 μὲν
3312 5449 3390 5513 εἷς
3437 5449 3576 5517 ἒχων
3636 5446 3925 5514 πρόσωπον
3979 5446 4042 5511 τῇ

2487 5559 2674 5624 ὁράσει
2699 5554 2807 5604 τῶν
2837 5552 3006 5618 ἁγίων
3033 5549 3358 5604 ὑποπίπτον,
3393 5545 3418 5594 6
3463 5542 3517 5592 δε
3545 5541 3724 5606 ἔτερος
3758 5539 4045 5604 πρόςωπον

2495 5651 2630 5714 ἔχων
2660 5644 2796 5712 ὑπὲρ
2827 5644 3006 5694 πᾶσαν
3038 5643 3262 5708 apum;
3329 5637 3539 5699 Ἄπαγε
3577 5633 3671 5699 τῆς
3701 5626 4044 5686 δυσσεὸεἰαςε

2643 5767 2684 5794 ""
2713 5765 2908 5834 Epitcs.
2952 5780 3014 5826 vt,
3053 5763 3094 5813 ι.
3178 5763 3218 5787 ⁸³
3251 5758 3404 5810 i‘im'.
3456 5770 3599 5816 χχιχ,
3628 5751 3713 5804 '37.
3830 5750 3871 5781 ⁵⁰
3914 5747 4045 5802 Gen.
