4450 6444
763 394 864 464 147

1988 395 2372 457 ΕἶῐὶΕῧΟΡιῖΙ
2415 397 2741 459 PALAM/E

3916 403 4013 468 148

763 516 818 568 ἰη
852 511 1098 567 oratione
1128 519 1180 566 et
1205 509 1415 583 jejunio
1461 513 1529 568 ".
1583 530 1600 565 ι
1639 511 1768 569 Ideo
1801 513 1947 569 illico
1983 524 2101 584 post
2131 518 2338 571 oratio-
2365 512 2412 571 Α
2443 518 2520 584 φοἰ

2260 518 2338 571 io-
2365 512 2412 571 Α
2443 516 2546 584 φοῦ
2577 516 2881 585 δαιμονίου,
2912 517 2993 570 ὅτι
3038 518 3229 586 Ἡμεῖς
3259 518 3360 572 οὐκ
3392 519 3737 588 ἠδυνήθημεν
3764 521 4013 576 ἐκϐαλεῖν

755 625 878 666 nem
913 609 966 661 in
999 616 1180 663 monte
1207 616 1263 662 et
1293 607 1458 662 divini
1490 609 1675 664 vultus
1712 610 2199 664 manifeStationem
2233 612 2328 663 de-

756 705 1020 756 Sttcndons
1054 700 1201 754 vadit
1228 701 1293 754 ad
1321 701 1498 756 locum
1534 703 1619 756 ubi
1652 711 1769 756 erat
1809 703 1970 757 homo
1999 703 2066 758 ab
2102 702 2197 758 illo
2225 704 2331 757 dre-

754 809 915 848 mone
961 801 1209 847 vexatus.
1248 791 1382 846 Nam
1425 793 1626 847 electos
1650 793 1963 862 discipulos,
1983 804 2042 847 nt
2068 795 2328 863 scriptum

753 896 836 939 est
863 885 932 947 τ’,
969 900 1274 947 assmuens,
1319 886 1562 939 ascendit
1591 887 1642 940 in
1680 896 1916 941 montem
1950 902 2128 951 orare,
2164 896 2219 942 et
2249 903 2334 941 re-

754 976 1030 1045 spleuduit
1059 975 1198 1030 sicut
1248 975 1349 1030 sol.
1395 976 1461 1030 Et
1495 990 1621 1032 ecce
1653 991 2020 1048 apparuerunt
2051 995 2172 1034 cum
2213 979 2332 1048 ipso

757 1070 1039 1135 loquentes
1086 1067 1298 1141 Moyses
1334 1075 1388 1122 et
1431 1071 1606 1136 Elias,
1637 1071 1725 1138 qui
1762 1070 1933 1127 Fertne
1966 1087 2028 1126 ex
2078 1072 2333 1146 omnibus

755 1159 1062 1214 hominibus
1086 1163 1486 1219 studiosissime
1507 1161 1730 1217 exerciti
1766 1160 1974 1228 jejunio
2010 1171 2063 1216 et
2085 1162 2333 1218 oratione

755 1256 1054 1310 ostendunt
1101 1257 1156 1311 in
1195 1273 1259 1312 eo
1303 1257 1444 1325 quod
1489 1273 1582 1327 per
1610 1258 1906 1312 orationem
1937 1256 2134 1311 adsunt
2164 1271 2335 1325 quan-

756 1356 868 1400 tum
906 1348 1046 1402 inter
1075 1364 1133 1403 se
1163 1351 1497 1406 conveniunt
1537 1361 1590 1405 et
1641 1358 1941 1406 consonant
1987 1348 2250 1417 jejunium
2279 1358 2334 1404 et

755 1440 951 1502 oratio,
983 1439 1119 1493 adeo
1145 1449 1204 1495 ut
1232 1457 1353 1495 cum
1383 1421 1628 1496 ora‘tione
1660 1455 1776 1508 quae
1803 1448 1859 1493 et
1900 1440 2013 1506 ipsa
2043 1440 2332 1494 Dominum

756 1530 974 1593 aﬂ'atur,
1033 1533 1262 1601 colloqui
1328 1534 1574 1587 videatur
1617 1533 1908 1602 jejunium.
1958 1530 2014 1586 Si
2055 1534 2198 1587 enim
2229 1549 2330 1589 vox

756 1621 1038 1687 sanguinis
1089 1624 1254 1676 occisi
1290 1624 1420 1677 Abel
1473 1627 1676 1676 clamat
1729 1623 1792 1675 ad
1857 1624 2138 1677 Dominum
2176 1632 2335 1693 prout

758 1711 893 1779 ipse,
947 1723 1082 1768 teste
1134 1713 1333 1783 Moyse,
1366 1715 1430 1765 ad
1485 1715 1620 1768 Cain
1659 1715 1792 1768 dixit
1839 1716 1907 1777 “,
1931 1724 2137 1783 quanto
2165 1716 2336 1784 magis

2436 608 2588 674 αὐτὸ,
2626 609 2764 676 πρὸς
2814 609 3011 674 αὐτοὺς
3040 611 3067 663 6
3104 612 3307 680 Κύριος
3341 610 3462 681 ἐφηι
3505 628 3523 662 ι
3559 608 3732 664 Τοῦτο
3761 612 3821 666 τὸ
3860 613 4016 679 γένος

2437 701 2536 754 οὐκ
2564 703 2945 772 ἐκπορεύεται,
2978 705 3024 757 εί
3051 705 3125 774 μὴ
3167 688 3542 775 ἐν’προσευχῇ
3585 705 3679 758 καὶ
3713 706 3958 776 νηστείᾳ.
3991 725 4010 757 ι

2436 796 2546 847 Kal.
2581 795 2722 862 τάχα
2759 795 2845 848 διὰ
2878 796 3036 848 τοῦτο
3069 797 3210 865 μετᾶ
3242 797 3344 866 τὴν
3387 797 3474 848 ἐπ’
3513 797 3676 867 ὅρους
3703 797 4016 867 προσευχὴν

2437 888 2530 940 και)⁵
2563 888 2660 956 τὴν
2697 889 2819 942 κατ’
2867 889 3036 958 αὐτὴν
3087 888 3393 957 ἐμφάνειαν
3436 889 3535 957 τῆς
3588 889 3773 956 θεῐκῆς
3813 888 4011 957 αὐγῆς,

2436 980 2684 1041 καταϐὰς
2717 977 2879 1042 εὐθὺς
2917 981 3010 1033 ἐπὶ
3065 981 3156 1032 τὸν
3193 981 3357 1033 τόπον
3406 978 3625 1048 ἔρχεται
3682 979 3811 1031 ἔνθα
3864 981 3892 1030 ὁ
3937 981 4016 1048 τῷ

2435 1073 2649 1141 δαίμονι
2689 1073 2882 1144 ἐκείνῳ
2913 1073 3143 1142 κάτοχος
3330 1092 3345 1122 ι
3382 1073 3522 1135 Τοὺς
3557 1071 3666 1140 γὰρ
3719 1072 4012 1141 ἐγκρίτους

2437 1165 2547 1219 τῶν
2579 1164 2863 1233 μαθητῶν,
2900 1171 3054 1234 φησὶ,
3092 1165 3427 1234 παραλαϐὼν
3469 1164 3638 1234 ἀνέϐη
3666 1166 3747 1228 είς
3799 1165 3859 1217 τὸ
3886 1163 4013 1232 ὅρος

2438 1257 2860 1327 προσεύξασθαι,
2895 1261 2991 1313 καὶ
3039 1257 3284 1326 ἔλαμψεν
3339 1257 3416 1317 ὡς
3467 1258 3496 1310 6
3545 1257 3734 1326 ἥλιος·
3775 1257 3867 1308 καὶ
3901 1255 4012 1308 ἰδοὺ

2437 1349 2699 1421 ὤφθησαν
2730 1350 2876 1417 αὐτῷ
2905 1349 3297 1412 συλλαλοῦντες
3326 1348 3564 1416 Μωῦσῆς
3596 1347 3688 1399 καὶ
3737 1345 3918 1407 Ἠλίας
3937 1384 3953 1406 ,
3985 1362 4006 1396 ι

2437 1445 2484 1497 οἱ
2520 1444 2756 1512 μάλιστα
2785 1443 2969 1511 σχεδὸν
3000 1441 3219 1494 πάντων
3242 1439 3549 1510 ἀνθρώπων
3575 1438 3674 1506 τὴν
3705 1435 4016 1505 προσευχὴν

2437 1536 2532 1588 καὶ
2564 1535 2662 1603 τὴν
2707 1535 2962 1603 νηστείαν
3015 1534 3358 1602 ἀσκήσαντες
3385 1547 3399 1563 ο
3458 1529 3735 1582 δεικνύντι
3787 1527 3883 1579 καὶ
3928 1527 4015 1580 διὰ

2437 1621 2536 1690 τῆς
2557 1623 2612 1672 ὲν
2635 1623 2699 1690 τῇ
2726 1623 3001 1690 προσευχῇ
3031 1620 3342 1688 παρουσίας
3370 1619 3549 1671 αὐτῶν
3577 1617 3638 1670 τὸ
3665 1618 3764 1685 τῆς
3789 1632 4020 1683 προσευ-

2437 1709 2543 1779 χῆς
2576 1710 2671 1763 καὶ
2700 1711 2800 1778 τῆς
2832 1711 3090 1777 νηστείας
3122 1710 3362 1778 συνῳδὸν
3409 1710 3505 1762 καὶ
3564 1707 3911 1777 φιλάλληλον,
3943 1707 4020 1768 ὡς

756 1819 945 1858 oumcs
977 1805 1221 1874 corporis
1263 1815 1464 1875 partes,
1495 1807 1675 1860 omnia
1712 1807 1953 1862 membra
2003 1806 2212 1877 jejunio
2252 1807 2327 1861 la-
2363 1845 2410 1904 Β
2440 1820 2512 1856 κα

2259 1808 2327 1861 la-
2363 1845 2410 1904 Β
2440 1805 2536 1856 καὶ
2566 1802 2851 1857 συλλαλεῖν
2881 1799 2995 1856 οἷον
3043 1805 3108 1871 τῇ
3156 1803 3434 1871 προσευχῇ
3470 1800 3571 1868 τὴν
3602 1799 3862 1865 νηστείαν
3893 1799 4016 1866 ὁμι-

757 1894 1004 1946 borautia
1031 1895 1340 1948 clamalmnt
1374 1897 1438 1947 ad
1469 1895 1777 1959 Dominum,
1807 1906 1859 1951 et
1886 1897 2184 1965 jejuuantis
2215 1912 2337 1951 ora-

759 1983 891 2036 tioni
926 1984 1303 2037 convenientia
1357 2000 1450 2039 seu
1486 1986 1668 2054 aliquo
1714 1989 1873 2040 modo
1904 1996 1957 2040 et
1993 1988 2107 2056 ipsa
2141 1989 2337 2056 depre-

759 2073 959 2128 cautia.
990 2073 1183 2127 merito
1221 2089 1337 2127 eam
1368 2075 1747 2144 jucundiorem
1783 2077 2013 2132 reddent
2054 2086 2106 2132 et
2138 2080 2338 2147 proba-

759 2163 895 2215 bunt
930 2163 1158 2218 libenter
1212 2166 1499 2220 toleratam
1551 2167 1745 2236 jejunii
1783 2168 2173 2239 fatigationem.
2214 2168 2340 2224 ldeo

761 2263 1042 2322 postquam
1084 2264 1292 2309 orasset
1349 2265 1404 2310 et
1453 2256 1716 2312 divinitus
1764 2259 2215 2328 resplenduisset,
2245 2259 2340 2314 de-

763 2349 1030 2401 scendens
1059 2363 1088 2402 e
1116 2360 1303 2424 monte
1328 2349 1590 2404 Dominus
1619 2351 1683 2404 ad
1723 2352 1933 2406 turbam
1963 2362 2012 2406 et
2048 2353 2342 2423 discipulos

764 2444 960 2511 pergit,
1001 2445 1197 2510 quibus
1228 2444 1423 2499 allatus
1486 2455 1569 2500 est
1604 2446 1694 2501 ille
1753 2447 2077 2501 daemonium
2115 2449 2340 2515 habens,

766 2547 822 2587 ut
855 2538 997 2589 sit-ut
1037 2537 1088 2590 in
1125 2539 1217 2593 illo
1247 2550 1429 2594 monte
1463 2547 1857 2594 monstraverat
1898 2541 2084 2610 jejuuii
2121 2551 2174 2596 et
2209 2557 2339 2596 ora-

769 2626 935 2680 tionis
973 2627 1226 2680 bravium
1269 2642 1374 2681 non
1411 2629 1571 2683 modo
1603 2645 1852 2698 magnum
1908 2633 1999 2685 sed
2030 2648 2190 2702 quam
2228 2649 2345 2687 ma-

764 2717 970 2770 ximum
1001 2717 1424 2785 (ostenditenim
1467 2734 1654 2773 eorum
1682 2720 1925 2775 bravium
1961 2737 2080 2779 esse
2106 2723 2343 2777 divinum

767 2808 1156 2878 splendorem),
1228 2810 1302 2865 ita
1358 2811 1698 2867 descendens
1745 2822 2074 2868 monstraret
2127 2814 2342 2870 illorum

771 2899 1074 2951 mercedem
1101 2913 1221 2952 csse
1247 2907 1568 2967 potestatem
1603 2901 1863 2955 adversus
1889 2900 2185 2957 damones.
2208 2903 2344 2958 Cum

771 2990 934 3053 igitur
974 2991 1026 3044 in
1057 2991 1306 3058 praesenti
1366 3005 1643 3046 sacrorum
1690 2993 2019 3062 jejuniorum
2064 2993 2344 3051 Dominica

774 3081 1047 3135 soleamus
1081 3081 1131 3133 in
1174 3081 1413 3136 Ecclesia
1465 3081 1631 3150 hujus
1678 3083 1924 3137 miraculi
1977 3087 2344 3154 evangelicam

2438 1895 2605 1966 λούσῃ
2639 1896 2774 1964 πρὸς
2803 1897 3028 1965 Κύριον.
3065 1896 3128 1947 Et
3163 1895 3271 1964 γὰρ
3299 1894 3453 1960 φωνὴ
3491 1893 3723 1958 αἵματος
3755 1888 4019 1952 παθόντος

2443 1986 2610 2039 ’Δϐελ
2637 1987 2736 2057 βοᾷ
2761 1986 2900 2056 πρὸς
2947 1986 3172 2054 Κύριον,
3234 1985 3488 2051 καθάπερ
3543 1980 3706 2043 αὐτὸς
3759 1979 3898 2048 πρὸς
3930 1978 4019 2031 τὸν

2442 2079 2584 2134 Κάῑν
2616 2079 2805 2148 φησὶν,
2839 2077 2916 2140 ὡς
2945 2078 3032 2130 διὰ
3056 2077 3302 2138 Μωσέως
3329 2077 3630 2143 ἐμάθομεν,
3663 2075 3880 2133 πάντως
3927 2072 4021 2123 καὶ

2439 2171 2508 2224 τὰ
2546 2169 2641 2222 τοῦ
2679 2169 2933 2238 σώματος
2983 2171 3127 2239 μέρη
3167 2169 3260 2221 καὶ
3311 2167 3446 2234 μέλη
3478 2167 3659 2218 πάντα
3693 2167 3757 2234 τῇ
3789 2161 4016 2232 νηστείᾳ

2442 2261 2866 2316 κακοπαθοῦντα
2890 2262 3076 2331 βοήσει
3105 2261 3241 2331 πρὸς
3266 2259 3492 2329 Κύριον,
3516 2257 3614 2310 καὶ
3641 2261 3705 2326 τῇ
3736 2256 4015 2326 προσευχῇ

2443 2356 2854 2421 συλλαλήσαντα
2881 2353 2977 2407 τοῦ
3008 2353 3390 2422 νηστεύοντος,
3417 2350 3513 2403 καὶ
3537 2345 3650 2403 οἷον
3670 2362 4022 2417 συμπροσσυο

2445 2449 2677 2519 ξάμενα,
2710 2448 2934 2510 δικαίως
2971 2445 3511 2515 εὐπροσδεκτοτέραν
3556 2442 3759 2511 ταύτην
3789 2440 4020 2510 ἐργάσε-

2443 2560 2555 2600 ται.
2593 2543 2687 2595 καὶ
2735 2541 3016 2594 δικαιώσει
3051 2541 3142 2594 τὸν
3193 2539 3461 2599 ἑκουσίως
3514 2534 3882 2603 ὑφιστάμενον
3922 2536 4024 2600 τῆς

2445 2637 2698 2705 νηστείας
2728 2636 2821 2687 τὸν
2870 2637 3053 2689 πόνον.
3106 2633 3263 2688 Μετὰ
3291 2632 3352 2701 δὴ
3385 2631 3447 2683 τὸ
3479 2627 3883 2698 προσεύξασθαι
3922 2625 4019 2678 καὶ

2445 2728 2658 2797 λάμψαι
2701 2727 2880 2790 θείως,
2945 2726 3192 2788 καταϐὰς
3250 2726 3314 2776 ὲκ
3365 2723 3460 2775 τοῦ
3517 2723 3683 2790 ὅρους
3729 2721 3756 2769 ὁ
3791 2718 4018 2787 Κύριος,

2447 2822 2666 2891 ἔρχεται
2727 2820 2863 2887 πρὸς
2920 2820 3009 2870 τὸν
3066 2818 3223 2886 ὄχλον
3280 2816 3374 2869 καὶ
3433 2816 3561 2876 τοὺς
3615 2811 3885 2880 μαθητὰς,
3943 2803 4025 2870 οἷς

2449 2911 2798 2982 προσηνέχθη
2829 2913 2856 2962 6
2889 2911 2946 2962 τὸ
2973 2910 3252 2976 δαιμόνιον
3284 2907 3424 2977 ἔχων
3459 2907 3687 2969 ἐκεῖνος,
3739 2902 3806 2954 ἵν’
3835 2901 4025 2970 ῶσπερ

2448 3004 2648 3069 ἔδειξεν
2702 3001 2787 3054 ἐπ’
2823 3001 2985 3070 ὄρους
3047 3001 3225 3052 έκεῖνο
3279 2998 3538 3068 νηστείας
3590 2998 3682 3048 καὶ
3715 2994 4028 3064 προσευχῆς

2449 3093 2696 3161 ὑπάρχον
2751 3091 3025 3160 βραϐεῖον,
3079 3089 3139 3141 οὐ
3180 3087 3322 3157 μέγα
3357 3086 3540 3155 μόνον,
3576 3085 3711 3137 ἀλλὰ
3753 3086 3845 3137 καὶ
3884 3082 4027 3151 ὑπὲρ

773 3175 1090 3228 relationem
1129 3173 1394 3239 lectitare,
1431 3188 1551 3244 age,
1584 3175 1747 3229 istam
1781 3176 2150 3231 narrationem
2184 3180 2349 3236 altius
2374 3182 2420 3244 C
2453 3184 2511 3235 τὸ

2270 3180 2349 3236 ius
2374 3182 2420 3244 C
2453 3184 2511 3235 τὸ
2545 3184 2690 3250 μέγα
2715 3198 2729 3212 ο
2760 3182 2856 3233 καὶ
2895 3182 3002 3250 γὰρ
3040 3178 3245 3244 ἔδειξεν
3281 3175 3442 3231 ἆθλον
3475 3173 3644 3229 οὖσαν
3671 3173 3876 3226 τούτων
3924 3173 4027 3239 τὴν

771 3279 1133 3319 resumamus.

2464 3276 2618 3328 θείαν
2651 3275 3031 3343 λαμπρότητα·
3072 3271 3215 3324 οὕτω
3249 3267 3497 3331 καταϐὰς
3528 3265 3786 3331 ἐπιδείξει
3823 3263 4030 3316 τούτων

770 3359 1005 3432 επαθλον
1041 3355 1208 3412 οὖσαν
1239 3359 1333 3412 καὶ
1365 3359 1462 3429 τὴν
1490 3361 1629 3414 κατὰ
1665 3360 1940 3430 δαιμόνων
1979 3363 2153 3433 ἰσχύν.
2191 3365 2331 3420 Ἀλλ’
2371 3371 2495 3425 ἐπεὶ
2525 3369 2667 3422 κατὰ
2735 3369 2835 3438 τὴν
2903 3365 3188 3436 παροῦσαν
3237 3362 3348 3414 τῶν
3402 3358 3566 3427 ιερῶν
3621 3355 3888 3424 νηστειῶν
3927 3370 4030 3406 κυ-

775 3450 1044 3518 ριὼνυμον
1097 3451 1310 3519 ἡμέραν
1357 3451 1446 3500 ἐπ’
1480 3451 1780 3520 ἐκκλησίας
1810 3451 1933 3513 ἔθος
1959 3451 2030 3503 τὰ
2067 3456 2196 3524 περὶ
2252 3459 2345 3510 τοῦ
2388 3460 2667 3528 θαύματος
2723 3455 3196 3527 ἀναγινώσκεσθαι
3267 3455 3485 3516 τούτου,
3544 3449 3676 3518 φέρε
3714 3447 3812 3517 τὴν
3899 3447 4032 3503 αὐτὸ

773 3545 1256 3611 καταγγέλλουσαν
1302 3546 1669 3612 εὐαγγελικὴν
1721 3549 1880 3618 ῥῆσιν
1927 3550 2135 3604 ἄνωθεν
2183 3551 2500 3621 ἐπέλθωμεν
2527 3554 2770 3607 ἅπασαν.

844 3639 1115 3708 Scriptum
1153 3649 1235 3696 est
1258 3642 1402 3714 enim
1439 3660 1452 3698 :
1490 3640 1756 3698 Veniente
1792 3643 1919 3698 Jesu
1954 3645 2018 3698 ad
2057 3645 2352 3714 discipulos

774 3743 823 3785 et
860 3734 922 3784 ad
951 3735 1161 3787 turbam
1187 3734 1633 3790 circumstantcm
1685 3745 1739 3791 et
1791 3737 2184 3807 interrogante,
2233 3737 2353 3807 quis

777 3835 923 3880 esset
952 3842 1133 3880 sermo
1171 3828 1236 3881 ad
1269 3829 1521 3892 invicem,
1555 3829 1894 3898 respondens
1942 3846 2085 3884 unus
2111 3831 2352 3884 deturba

777 3919 913 3972 dixit
945 3934 959 3972 :
1003 3936 1020 3969 ι
1060 3918 1332 3988 Magister,
1367 3922 1526 3976 attuli
1555 3921 1723 3974 tilium
1756 3936 1930 3974 meum
1964 3921 2028 3974 ad
2058 3931 2108 3975 te
2147 3921 2354 3973 baben-

781 4022 884 4061 tom
915 4012 1162 4076 Spiritum
1189 4025 1423 4079 mutum,
1453 4013 1544 4082 qui
1573 4013 1883 4081 ubicunque
1907 4027 2029 4065 eum
2057 4014 2352 4081 apprehen-

780 4107 915 4157 σερε-ιι
949 4104 1120 4156 allidit
1160 4119 1280 4159 eum
1332 4117 1386 4160 et
1434 4113 1650 4173 spumat
1696 4111 1750 4158 et
1797 4105 1987 4158 stridet
2016 4105 2270 4158 dentibus
2303 4113 2358 4157 et

781 4193 978 4250 arescit
1001 4197 1064 4250 ".
1083 4212 1102 4246 ι
1131 4194 1243 4249 Cur
1266 4211 1392 4266 ergo
1427 4197 1715 4264 spumabat
1738 4196 1824 4248 ille
1851 4205 1905 4249 et
1933 4197 2195 4250 stridebat
2227 4197 2355 4249 den-

780 4289 927 4340 tibus
949 4297 1002 4341 et
1032 4290 1536 4357 arescebatiQuem
1562 4290 1888 4356 corripuerit
1911 4288 2157 4342 diabolus
2182 4291 2354 4354 primo

782 4391 828 4433 et
866 4382 1037 4452 magis
1065 4397 1226 4452 quam
1255 4392 1448 4437 caetera
1481 4384 1728 4449 corporis
1777 4383 2016 4437 membra
2053 4384 2168 4450 ejus
2217 4383 2362 4436 do‘et

783 4479 1090 4541 cerebrum,
1122 4491 1243 4528 nam
1291 4477 1398 4529 isto
1429 4476 1581 4545 quasi
1634 4475 1757 4529 inde
1806 4487 2062 4530 nascatur
2106 4476 2358 4529 animalis

2540 3649 2781 3702 Ἐλθόντι
2815 3649 2967 3714 γοῦν,
3004 3648 3159 3718 φησὶ,
3193 3645 3270 3716 τῷ
3307 3645 3485 3717 Ἰησοῦ
3509 3645 3647 3715 πρδς
3680 3642 3807 3704 τοὺς
3851 3639 4032 3711 μαθη⁹

2454 3741 2551 3802 τὰς
2580 3743 2671 3793 καὶ
2697 3741 2824 3802 τοὺς
2859 3742 3042 3802 αὐτοῖς
3077 3742 3496 3807 συμπαρόντας,
3533 3737 3628 3790 καὶ
3662 3733 4027 3804 ὲρωτήσαντι,

2455 3829 2538 3892 τίς
2568 3833 2594 3883 ὁ
2625 3831 2760 3899 πρὸς
2784 3829 3046 3899 ἀλλήλους
3069 3831 3244 3897 λόγος,
3271 3827 3598 3899 ἀποκριθεὶς
3744 3819 3825 3887 εἷς
3843 3824 3906 3874 ἐκ
3938 3819 4030 3873 τοῦ

2455 3921 2616 3991 δχλου
2646 3919 2787 3974 εἷπε
2822 3940 2840 3973 ι
2879 3922 3198 3985 Διδάσκαλε,
3237 3923 3444 3990 ἤνεγκα
3472 3920 3565 3971 τὸν
3599 3917 3717 3970 υἱόν
3752 3932 3856 3985 μου
3896 3913 4032 3982 πρὸς

2459 4014 2519 4067 σὲ
2552 4014 2743 4084 ἔχοντα
2777 4014 2993 4082 πνεῦμα
3025 4013 3243 4078 ἄλαλον,
3278 4012 3373 4064 καὶ
3400 4013 3532 4064 ὅπου
3564 4009 3631 4063 ἂν
3660 4007 3822 4061 αὑτὸν
3857 4021 4030 4057 κατα-

2458 4107 2619 4177 λάϐῃ,
2655 4109 2849 4176 ρήσσει
2900 4106 3064 4160 αὐτὸν
3115 4107 3208 4159 καὶ
3262 4106 3484 4174 ἀφρίζει
3536 4104 3630 4156 καὶ
3680 4103 3856 4170 τρίζει
3907 4099 4032 4160 τοὺς

2459 4200 2676 4259 ὀδόντας
2723 4196 2890 4250 αὑτοῦ
2923 4199 3017 4250 καὶ
3069 4196 3412 4264 ξηραίνεται.
3449 4213 3468 4245 ι
3521 4193 3642 4254 Πῶς
3681 4188 3774 4244 οὖν
3804 4189 4034 4258 ἧφριζεν

2462 4283 2614 4350 οὗτος
2641 4288 2737 4341 καὶ
2771 4287 2950 4356 ἕτριζε
2985 4287 3110 4347 τοὺς
3137 4287 3358 4348 ὀδόντας
3410 4287 3504 4338 καὶ
3535 4283 3852 4352 ὲξηραίνετο
3878 4299 3893 4341 ς
3927 4280 4032 4332 Τοῦ

2463 4383 2830 4451 δαιμονῶντος
2868 4379 3084 4446 πρῶτόν
3115 4395 3174 4429 τε
3199 4379 3290 4429 καὶ
3323 4376 3523 4443 μᾶλλον
3562 4374 3671 4426 τῶν
3721 4372 3899 4424 ἄλλων
3935 4387 4032 4438 μο-

2470 4474 2598 4542 ρίων
2634 4471 2725 4548 τοῦ
2775 4471 3025 4538 σώματος
3059 4471 3085 4521 6
3113 4467 3415 4536 ἐγκέφαλος
3446 4467 3670 4533 πάσχει·
3708 4463 3785 4532 τῷ
3818 4463 3925 4530 γὰρ
3977 4465 4034 4512 ὲν

786 4570 1029 4636 spiritus,
1069 4577 1322 4636 tanquam
1354 4583 1516 4622 curru
1555 4569 1719 4620 utitur
1749 4567 1957 4620 d.-emon
1991 4578 2042 4619 et
2072 4583 2138 4622 ex
2168 4584 2231 4621 eo
2261 4582 2354 4622 ve-
2389 4563 2432 4617 D
2465 4584 2543 4618 τοι

2278 4582 2354 4622 ιθ·
2389 4563 2432 4617 D
2465 4569 2638 4631 τούτῳ
2670 4565 2887 4633 ψυχικῷ
2922 4562 3195 4632 πνεύματι
3235 4562 3309 4622 ῶς
3341 4561 3582 4630 ὀχήματι
3617 4558 3821 4627 χρῆται
3859 4558 3887 4608 6
3920 4554 4035 4605 δαί-

788 4667 864 4723 ιιι
904 4677 966 4715 ex
1010 4675 1134 4714 arce
1167 4661 1264 4714 toti
1311 4662 1551 4712 minatur
1596 4659 1833 4727 corpori.
1879 4658 2102 4713 Dolente
2148 4660 2375 4713 cerebro

790 4755 1006 4820 quidam
1052 4753 1174 4805 inde
1204 4749 1379 4803 ﬂuxus
1415 4749 1594 4816 prodit
1625 4749 1864 4804 inilatilis
1898 4761 1948 4805 et
1979 4751 2289 4817 pituitosus,
2320 4750 2373 4803 in

792 4859 986 4898 m-rvos
1041 4855 1094 4897 et
1153 4843 1463 4909 corporales
1518 4852 1686 4904 artus,
1740 4845 2004 4895 obturatis
2059 4840 2372 4894 animaliqu

794 4937 1084 5004 Spirilttttlll
1131 4937 1472 4988 transitibus.
1509 4933 1642 4988 ilinc
1680 4944 1823 4989 motu
1855 4974 1867 4996 ,
1897 4934 2125 4997 laniatu,
2167 4933 2370 4999 impetu

792 5027 1163 5082 involuntario
1191 5026 1369 5078 omnia
1412 5027 1653 5078 membra
1691 5027 1884 5092 quibus
1917 5029 2146 5092 imperat
2180 5026 2375 5076 volun-

791 5131 896 5185 tas,
916 5105 1244 5182 aﬂic'uutur,
1265 5127 1319 5171 et
1346 5117 1401 5172 in
1431 5118 1620 5186 primis
1653 5117 1881 5170 maxillae
1910 5133 2029 5185 qua}
2057 5117 2274 5184 propius
2306 5115 2372 5167 ad

795 5211 1095 5264 membrum
1134 5209 1284 5272 prius
1315 5209 1626 5264 dolorosum
1667 5209 1952 5264 inhaerent.
1988 5208 2093 5262 Sed
2145 5211 2373 5260 humore

796 5307 970 5356 multo
1007 5303 1176 5371 magis
1211 5320 1272 5358 ac
1303 5303 1473 5373 magis
1521 5303 1572 5356 in
1613 5318 1839 5372 corpore
1871 5302 2118 5371 irrigato,
2152 5309 2371 5367 propter

802 5398 1092 5449 lumborum
1128 5395 1326 5447 ﬂuxum
1361 5407 1410 5448 et
1443 5395 1648 5449 cerebri
1688 5395 2083 5461 proximitatem
2112 5430 2125 5451 ,
2160 5406 2282 5443 cum
2317 5388 2366 5440 vi

801 5503 1128 5554 organorum
1161 5487 1467 5539 immediate
1499 5495 1890 5538 commotorum
1927 5499 2069 5551 aeger
2104 5481 2374 5533 anIu-litus

804 5581 1013 5646 spirare
1041 5590 1305 5643 .uequcat,
1356 5581 1446 5631 sed
1492 5589 1680 5633 contra
1735 5576 1979 5631 humoris
2033 5575 2375 5626 multitudine

807 5670 1006 5726 iaistim
1046 5670 1255 5733 perfusa
1308 5672 1704 5740 argutatitibus
1738 5669 1975 5723 nascitur
2009 5681 2222 5734 Spuma.
2255 5663 2383 5716 inde

875 5847 1110 5912 "Matth
1163 5865 1291 5922 xm,
1328 5852 1385 5906 ιε
1452 5852 1528 5906 t9.
1594 5852 1621 5877 πυ
1670 5849 1844 5907 una:
1885 5858 2035 5914 seqq.

2115 5845 2155 5873 τ’
2193 5841 2325 5898 Gen.
2359 5859 2433 5907 tv,
2459 5857 2510 5906 ξι,
2548 5856 2699 5910 seqq.

2478 4672 2612 4722 μων,
2657 4655 2749 4706 καὶ
2780 4655 2885 4704 ἀπὸ
2912 4653 3127 4718 τούτου,
3157 4652 3407 4722 καθάπερ
3435 4651 3492 4714 ἐξ
3519 4648 3874 4718 ἀκροπόλεώς
3897 4662 4040 4706 τινος

2475 4743 2935 4797 καταδυναστεύει
2971 4743 3170 4805 παντὸς
3201 4742 3294 4794 τοῦ
3332 4741 3622 4810 σώματος*
3655 4737 3750 4791 τοῦ
3782 4739 3838 4790 δὲ
3887 4739 4046 4803 ἐγκε-

2475 4838 2644 4906 φάλου
2675 4837 3005 4905 πάσχοντος,
3043 4835 3273 4906 σύρροια
3305 4852 3386 4896 τις
3420 4832 3630 4885 ἐκεῖθεν
3657 4830 3874 4897 ἀφίεται
3907 4843 4044 4895 φυσ-

2477 4927 2651 4995 σὼδης
2684 4926 2821 4994 ὁμοῦ
2871 4926 2966 4978 καὶ
3019 4923 3417 4993 φλεγματώδης
3467 4922 3561 4974 ἐπὶ
3619 4921 3687 4973 τὰ
3739 4919 3906 4986 νεῦρα
3953 4917 4047 4969 καὶ

2479 5021 2606 5080 τοὺς
2640 5020 2782 5087 μῦας
2830 5019 2926 5070 τοῦ
2983 5020 3254 5086 σώματος,
3307 5015 3402 5068 τοῦ
3457 5012 3687 5084 ψυχικοῦ
3739 5009 4048 5075 πνεύματος

2475 5109 2575 5172 τὰς
2609 5109 2875 5173 διεξόδους
2911 5109 3306 5178 ὲμφράττουσα
3332 5122 3349 5138 ο
3405 5107 3500 5158 καὶ
3553 5105 3739 5165 κλόνος
3796 5099 4047 5152 ἐντεῦθεν

2476 5202 2570 5254 καὶ
2612 5203 2764 5271 ῥῆξις
2799 5201 2894 5253 καὶ
2927 5201 3142 5268 κίνησις
3173 5197 3541 5268 ἀπροαίρετος
3579 5196 3712 5250 πᾶσι
3760 5195 3875 5253 τοῖς
3910 5203 4050 5256 προ·

2475 5296 2776 5363 αιρετικοῖς
2813 5294 3020 5362 μορίοις
3053 5292 3351 5359 ἐγγίνεται,
3410 5288 3643 5358 μάλιστα
3676 5287 3731 5340 δὲ
3766 5287 3883 5346 ταῖς
3913 5282 4047 5350 γνάε-

2473 5386 2608 5447 θοις,
2665 5385 2741 5448 ὡς
2795 5385 3031 5452 μάλιστα
3083 5382 3516 5452 πλησιαζούσαις
3563 5378 3640 5447 τῷ
3688 5373 4052 5446 πρωτοπαθήο

2481 5498 2635 5534 σαντι
2671 5479 2862 5548 μορίῳ.
2917 5477 3120 5530 Πολλοῦ
3154 5476 3209 5527 δὲ
3257 5474 3352 5526 τοῦ
3402 5470 3571 5542 ὑγροῦ
3610 5469 3809 5540 μᾶλλον
3851 5468 3943 5518 ἐπὶ
3990 5465 4052 5517 τὸ

2483 5571 2658 5640 στόμα
2698 5566 3147 5636 καταφερομένου
3172 5564 3261 5617 διὰ
3291 5581 3348 5615 τε
3376 5564 3436 5614 τὸ
3466 5561 3704 5631 χώρημα
3726 5557 3834 5609 τῶν
3865 5555 4050 5622 πόρων

2492 5663 2588 5715 καὶ
2643 5662 2740 5730 τὴν
2799 5660 2936 5730 πρὸς
2989 5659 3077 5708 τὶν
3134 5655 3436 5724 ἐγκέφαλον
3491 5651 3790 5721 ἐγγύτητα,
3839 5648 3939 5717 τῆς
3992 5661 4052 5698 τε

2816 5839 2858 5868 τ’
2891 5837 3055 5890 Marc.
3086 5851 3157 5899 rx,
3199 5833 3277 5898 l3,
3321 5832 3404 5886 17.
