4450 6444
778 393 877 458 151

1991 397 2374 460 GREGORII
2420 397 2746 458 PALMLE

3925 386 4026 452 152

773 509 1046 580 gitabant;
1079 510 1378 564 animatum
1415 511 1673 580 siquidem
1713 510 1968 567 Dominus
1994 521 2046 568 et
2079 523 2355 582 protector
2384 521 2427 576 Α
2459 529 2530 566 πα

2274 523 2355 566 ιοι·
2384 521 2427 576 Α
2459 511 2611 582 παρά
2643 511 2751 564 τῶν
2781 510 2880 571 τὰς
2914 509 3087 571 ἰάσεις
3121 506 3546 576 ὶπιζητούντωνο
3590 505 3681 558 καὶ
3712 503 3818 557 τῶν
3843 502 4031 572 ψυχῶν

773 600 997 654 ardebat
1027 601 1206 653 studio
1247 615 1337 656 eas
1375 616 1469 671 per
1526 602 1683 657 fidem
1728 605 1974 658 sanandi.
2011 603 2170 657 Pater
2224 617 2354 657 vero

775 691 950 756 pueri,
985 701 1040 744 ut
1071 690 1366 748 audivisset
1397 707 1549 746 suam
1583 693 1741 748 fidem
1793 693 1946 762 sequi
1991 694 2351 758 sanationem,

774 796 896 836 cum
945 782 1194 851 lacrymis
1257 784 1429 839 aiebat
1487 802 1500 838 :
1564 803 1582 837 ι
1633 785 1826 852 Credo,
1887 785 2129 848 Domine,
2168 785 2356 851 adiuva

775 874 1208 933 incredulitatem
1251 891 1448 931 meam.
1499 895 1517 929 ι
1577 875 1856 933 Videtisne
1910 877 2046 931 hanc
2103 877 2355 931 eximiam

779 982 992 1020 morum
1041 968 1560 1024 commutationem?
1612 969 1728 1023 Non
1783 969 1952 1023 solum
2018 967 2244 1022 credidit
2299 967 2329 1020 li

778 1056 911 1112 lium
966 1057 1077 1112 fore
1129 1059 1456 1122 sanandum,
1501 1060 1592 1118 sed
1649 1061 1809 1114 etiam
1864 1059 2152 1115 Dominum
2203 1071 2360 1126 posse

779 1149 824 1204 si
866 1149 1023 1202 vellet
1053 1149 1170 1219 ejus
1203 1151 1454 1218 subigere
1503 1152 1963 1206 incredulitatem.
2002 1149 2183 1206 Turba
2233 1164 2360 1205 vero

781 1243 847 1294 ad
893 1242 1006 1295 hrec
1058 1242 1215 1296 verba
1270 1254 1662 1309 concurrente,
1707 1245 2073 1299 comminatus
2121 1253 2224 1306 est,
2263 1243 2358 1307 ait,

782 1332 1044 1387 Dominus
1068 1334 1280 1403 Spiritui
1319 1336 1596 1388 immundo
1627 1336 1812 1390 dicens
1851 1336 1924 1390 illi
1961 1352 1974 1388 :
2034 1353 2049 1385 ι
2089 1336 2263 1390 Surde
2309 1343 2362 1389 et

782 1438 928 1481 mute
962 1427 1209 1494 spiritus,
1253 1443 1349 1496 ego
1381 1429 1638 1497 praccipio
1667 1430 1784 1490 tibi,
1815 1429 1898 1484 exi
1943 1430 2009 1483 ab
2052 1428 2268 1482 homine
2307 1436 2363 1481 et

781 1517 1013 1583 amplius
1057 1533 1120 1572 ne
1156 1519 1389 1572 introeas
1419 1519 1470 1573 in
1502 1535 1645 1574 eum.
1691 1538 1710 1573 ι

857 1798 984 1852 Mihi
1034 1797 1249 1853 nonnisi
1295 1811 1437 1869 mgre
1485 1797 1810 1870 ejiciendum
1873 1810 1927 1856 et
1988 1802 2361 1871 expellendum

2465 607 2571 674 γὰρ
2623 603 2888 672 ὑπάρχων
2935 600 3204 670 δεσπότης
3258 600 3352 654 καλ
3409 596 3688 669 κηδεμὼν,
3734 593 4030 657 έσπούδαζε

2464 695 2558 748 καὶ
2595 693 2798 755 ταύτας
2852 690 3035 744 ίᾶσθαι
3073 690 3162 744 διὰ
3207 688 3306 758 τῆς
3356 689 3629 751 πίστεως⁹
3687 685 3802 739 ἀλλ’
3851 687 3880 738 ὁ
3934 683 4030 738 τοῦ

2467 785 2656 847 παιδὸς
2686 783 2867 852 πατὴρ
2897 783 3129 844 ικεῖνος,
3164 781 3240 840 ῶς
3275 781 3476 848 ἢκουσε
3511 782 3577 849 τῇ
3629 777 3795 832 αὐτοῦ
3846 777 4030 828 πίστει

2463 876 2562 946 τὴν
2610 876 2756 928 ῐασιν
2787 872 3123 940 ἀκολουθεῖν,
3175 871 3315 942 μετά
3360 869 3613 938 δακρύων
3646 869 3832 938 ελεγε·
3883 884 3902 918 ε
3936 866 4032 919 Πιο

2469 969 2662 1030 στεύω,
2715 967 2905 1039 Κύριεο
2944 965 3129 1036 βοήθει
3181 981 3285 1034 μου
3325 967 3392 1034 τῇ
3441 963 3690 1031 ἀπιστίᾳ.
3733 981 3752 1013 ε
3795 960 4030 1013 Βλέπετε

2471 1061 2756 1131 προκοπὴν
2795 1058 2942 1129 ἠθῶν
2975 1057 3249 1127 ἀρίστηνς
3296 1056 3356 1109 ού
3398 1054 3558 1125 μόνον
3605 1053 3713 1123 γὰρ
3746 1052 4031 1105 ιπίστευσε

2468 1153 2716 1224 περὶτῆς
2747 1153 2841 1206 τοῦ
2876 1150 3063 1215 παιδος
3099 1149 3314 1213 ἰάσεως,
3347 1147 3464 1202 ἀλλ’
3486 1149 3569 1202 ὄτι
3607 1145 3828 1198 δύναται
3859 1143 3888 1195 δ
3919 1141 4030 1193 Κύ-

2471 1263 2584 1314 ριος
2617 1243 2906 1314 ἐκνικῆσαι
2935 1243 3029 1298 καὶ
3059 1243 3156 1312 τὴν
3183 1240 3349 1298 αὐτοῦ
3403 1240 3682 1302 ἀπιστίαν,
3723 1237 3880 1304 εῖπερ
3909 1233 4030 1286 t0:-

2469 1336 2646 1408 λήσει.
2675 1334 2781 1389 Τοῦ
2812 1333 2870 1388 δὲ
2911 1334 3072 1405 ὄχλου
3107 1333 3198 1386 ἰπὶ
3233 1334 3347 1396 τοῖς
3402 1331 3583 1398 λόγοις
3641 1327 3850 1388 τούτοις
3903 1342 4032 1379 συνι

2469 1429 2775 1498 τρέχοντος,
2809 1428 3134 1497 ἐπετίμησε,
3157 1425 3346 1494 φησὶν,
3376 1425 3405 1476 ὀ
3431 1422 3637 1491 Κύριος
3659 1419 3735 1489 τῷ
3763 1417 4034 1485 πνεύματι

2468 1520 2546 1589 τῷ
2577 1520 2894 1589 ἀκαθάρτῳ,
2921 1521 3098 1587 λέγων
3127 1517 3296 1587 αύτῷ⁹
3339 1533 3356 1566 ε
3395 1515 3468 1568 Τὸ
3500 1511 3717 1582 πνεῦμα
3743 1513 3802 1564 τὸ
3841 1510 4037 1564 ἄλαλον

2473 1614 2565 1667 καὶ
2605 1611 2808 1680 κωφὸν,
2868 1611 2978 1679 ἐγώ
3018 1626 3100 1663 σοι
3143 1609 3444 1662 ιπιτάσσω·
3482 1603 3663 1670 ἔξελθε
3719 1603 3774 1668 ἐξ
3824 1597 3989 1653 αὑτοῦ
4019 1637 4034 1663 ,

2475 1705 2570 1757 καὶ
2607 1703 2809 1773 μηκέτι
2839 1702 3090 1776 εἰσέλθῃς
3115 1703 3194 1764 είς
3228 1699 3415 1755 αὐτόν.
3449 1717 3467 1750 ι

2547 1796 2905 1868 Παγχάλεπον
2939 1795 3001 1849 τὸ
3029 1793 3307 1866 δαιμόνιον
3335 1791 3494 1846 τοῦτο
3519 1790 3671 1845 δοκεῖ
3701 1787 3794 1841 καὶ
3830 1781 4036 1854 ίταμῶ-

782 1888 1000 1966 videtur
1028 1889 1128 1945 hoc
1157 1889 1480 1945 daemonium
1506 1907 1521 1958 ;
1551 1905 1673 1944 nam
1710 1892 1753 1945 vi
1789 1891 1943 1946 istius
1972 1893 2352 1948 comminatio-
2384 1882 2433 1942 Β
2463 1905 2539 1943 τα·

2277 1894 2352 1948 io-
2384 1882 2433 1942 B
2463 1905 2626 1943 τατον
2676 1885 2841 1943 εἶναι’
2877 1888 2936 1940 τό
2965 1903 3023 1941 τε
3054 1869 3188 1956 ’γὰρ
3230 1885 3460 1953 σφοδρὸν
3513 1883 3614 1950 τῆς
3643 1879 4033 1948 ἐπιτιμήσεως.

785 1982 874 2036 nis
913 1991 967 2037 et
990 1982 1140 2052 jussu
1175 1997 1279 2036 non
1313 1983 1547 2052 amplius
1575 1983 1812 2036 intrandi
1840 1992 1996 2038 tenax
2036 1985 2363 2038 manifesta-

786 2081 876 2125 tur
895 2073 1154 2126 daemonis
1178 2070 1778 2126 adhasioﬁrediderim
1803 2073 2049 2142 equidem
2080 2075 2224 2144 quod
2250 2075 2368 2129 sine

790 2163 881 2216 tali
918 2164 1095 2233 jussu,
1127 2164 1296 2218 semel
1330 2163 1559 2233 ejectus,
1598 2165 1792 2218 iterum
1823 2163 2014 2218 fuisset
2064 2168 2364 2229 ingressus.

787 2255 976 2322 Magna
1031 2264 1293 2324 potestate
1335 2257 1384 2308 in
1435 2257 1575 2310 hunc
1618 2257 1894 2310 hominem
1942 2257 2363 2317 dominabatur;

791 2345 1068 2400 mordicus
1104 2345 1442 2411 adhaerebat,
1477 2356 1682 2399 mutmn
1708 2355 1760 2402 et
1792 2347 2019 2401 surdmn
2049 2358 2166 2402 erat
2200 2349 2268 2402 ita
2309 2359 2368 2402 ut

790 2448 982 2490 natura
1024 2453 1130 2491 non
1163 2446 1344 2504 posset
1396 2439 1560 2492 nimio
1608 2439 1725 2507 ejus
1758 2439 1929 2495 furori
1979 2441 2290 2494 ministrare
2316 2448 2370 2495 et

791 2526 1017 2594 proinde
1049 2527 1101 2580 in
1134 2528 1484 2582 indolentiam
1520 2529 1630 2583 fere
1664 2530 1875 2595 plenam
1917 2531 2119 2585 viribus
2161 2530 2367 2584 exhau-

789 2621 889 2672 stis
923 2619 1217 2674 laberetur.
1267 2619 1390 2675 Ideo
1445 2620 1755 2674 exclamans
1803 2631 1856 2676 et
1893 2621 2121 2675 multum
2159 2622 2367 2676 discer-

789 2727 918 2774 ju-ns
969 2725 1089 2764 eum
1125 2711 1261 2764 exiit
1300 2714 1367 2765 ab
1398 2727 1497 2776 eo;
1553 2720 1606 2766 et
1656 2712 1818 2767 homo
1873 2712 2046 2768 factus
2093 2721 2174 2768 est
2226 2714 2369 2769 sicut

788 2811 1056 2864 mortuus,
1099 2803 1171 2855 ita
1214 2811 1272 2855 ut
1330 2804 1488 2857 multi
1548 2803 1791 2858 d.cerent
1847 2806 2019 2873 ipsum
2071 2816 2364 2862 mortuum.

789 2890 1004 2944 (Jlsmor
1027 2905 1130 2944 non
1165 2890 1390 2959 impedit
1415 2893 1544 2960 quin
1580 2904 1786 2947 mutum
1823 2895 1982 2950 fuerit
2015 2897 2364 2951 daemonium.

789 2978 922 3032 Nam
964 2994 1144 3035 sermo
1177 2996 1280 3034 vox
1314 2992 1394 3037 est
1429 2985 1774 3051 cogitationis
1822 2986 2178 3054 signiticativa
2202 3029 2217 3054 ,
2254 2989 2366 3042 cla-

790 3081 1096 3127 morantem
1117 3072 1259 3128 nulla
1276 3074 1322 3126 vi
1347 3075 1685 3144 significandi
1707 3077 1920 3146 gaudet.
1947 3078 2087 3133 Sinit
2113 3079 2367 3134 Dominus

789 3165 1113 3219 dtetnonium
1150 3167 1328 3222 taliter
1359 3167 1668 3237 discerpere
1705 3169 1977 3225 hominem
2009 3179 2064 3227 ut
2113 3183 2363 3227 mortuus

781 3257 967 3324 jieere
999 3258 1276 3314 videretur
1297 3259 1363 3312 ad
1395 3259 1847 3314 manil‘estandam
1895 3276 2076 3315 coram
2111 3263 2363 3316 omnibus
2394 3237 2434 3290 θ

790 3358 956 3402 totam
996 3349 1137 3403 illius
1174 3348 1589 3419 malignitatem.
1635 3350 1790 3406 Jesus
1820 3361 1998 3406 autem
2032 3362 2218 3407 tenens
2256 3370 2369 3407 ma-

790 3459 915 3495 num
969 3443 1206 3497 hominis
1239 3442 1473 3498 elevavit
1513 3457 1661 3504 eum,
1703 3452 1756 3497 et
1794 3445 2030 3499 surrexit
2066 3460 2126 3507 ea
2157 3447 2365 3500 ratione

789 3535 1081 3590 ostendens
1133 3537 1388 3602 quoniam
1439 3536 1708 3606 duplicem
1764 3537 1924 3592 habet
1974 3549 2184 3608 potesta
2215 3554 2297 3592 em
2347 3555 2360 3589 :

790 3644 951 3680 manu
998 3629 1140 3682 enim
1195 3644 1473 3684 assumere
1507 3639 1701 3684 creatte
1749 3641 1830 3685 est
1862 3632 2148 3701 potestatis
2203 3641 2362 3700 prout

791 3719 949 3773 nobis
979 3720 1120 3774 inest
1141 3759 1154 3783 .
1187 3721 1283 3776 sed
1311 3723 1517 3792 erigere
1548 3724 1821 3777 hominem
1857 3725 2122 3778 malorum
2174 3741 2364 3780 sensus

791 3823 1066 3880 expertem
1105 3815 1317 3868 nonnisi
1343 3815 1408 3869 ad
1448 3816 1764 3878 increatam.
1803 3817 1867 3872 ad
1901 3817 2156 3885 divinam,
2188 3820 2252 3872 ad
2289 3819 2366 3872 vi-

793 3908 1102 3959 viﬁcantem
1166 3907 1398 3973 pertinet
1457 3918 1799 3975 potestatem.
1877 3908 2165 3976 Discipulis
2243 3925 2366 3965 vero

795 4007 978 4065 [νομῆι-τι
1010 4005 1217 4050 secreto
1251 3996 1625 4064 interroganti!
1651 4012 1711 4051 us
1738 4011 1907 4065 quare
1926 4014 2032 4051 non
2067 3998 2368 4064 potuissent

794 4091 924 4143 illud
961 4091 1180 4158 ejicere,
1241 4090 1514 4158 respondit
1567 4104 1580 4142 :
1633 4089 1746 4144 lloc
1787 4091 2110 4145 daemonium
2138 4091 2192 4145 in
2221 4091 2368 4145 nullo

798 4191 972 4250 potest
1001 4183 1150 4237 exire
1187 4182 1286 4236 nisi
1323 4181 1375 4234 in
1411 4182 1616 4250 jejunio
1648 4189 1702 4233 et
1728 4182 1994 4238 oratione.
2026 4181 2222 4235 Dicunt
2252 4184 2370 4252 qui-

798 4277 920 4329 dam
951 4275 1250 4328 orationem
1284 4283 1335 4327 et
1363 4273 1629 4343 jejunium
1667 4273 1866 4328 debere
1891 4288 1918 4327 a
1953 4276 2188 4339 patiente
2220 4273 2372 4328 facti-

803 4370 903 4422 tari
929 4386 942 4431 ;
971 4367 1112 4437 quod
1140 4383 1244 4421 non
1277 4368 1378 4432 ita;
1408 4383 1526 4421 nam
1553 4369 1641 4436 qui
1663 4383 1824 4436 pravo
1849 4369 2035 4437 spiritu
2065 4371 2371 4436 possidetur

796 4470 851 4514 et
881 4469 937 4512 ut
977 4461 1096 4512 talis
1126 4461 1244 4526 ejus
1281 4458 1703 4513 instrumentum
1750 4469 1805 4514 et
1837 4460 1889 4512 in
1927 4459 2072 4514 illius
2103 4469 2369 4528 potestate

2471 1981 2628 2050 καὶοή
2666 1978 3012 2050 παραγγελία
3036 1976 3131 2032 τοῦ
3177 1977 3376 2047 μηκέτι
3410 1973 3675 2028 εἰσελθεῖν
3710 1972 3808 2040 τὴν
3844 1969 4037 2038 ίταμό-

2469 2093 2608 2145 τητα
2643 2074 2736 2127 τοῦ
2773 2072 3054 2143 δαιμονίου
3091 2073 3426 2142 παρίστησιο
3460 2068 3630 2138 χωρὶς
3672 2067 3778 2134 γὰρ
3810 2065 4038 2134 ταύτης.

2467 2167 2544 2231 ὡς
2578 2166 2744 2231 ἔοικε,
2781 2166 2876 2220 καὶ
2902 2162 3166 2232 ἐκϐληθεν
3194 2151 3598 2231 ἐπανέστρεψεν
3627 2157 3713 2213 ἄν.
3749 2154 3955 2226 Πολλὴν
3982 2153 4039 2206 δὲ

2471 2261 2563 2312 καὶ
2591 2259 2776 2328 χώραν
2821 2257 2978 2327 ἔσχεν
3009 2255 3067 2307 έν
3096 2252 3174 2323 τῷ
3206 2250 3501 2320 ἀνθρώπῳ,
3549 2251 3643 2303 καὶ
3691 2244 4043 2302 δυσαποσπά-

2473 2367 2611 2413 στως
2667 2345 2803 2418 εἶχε,
2847 2351 2942 2402 καὶ
2994 2347 3178 2415 κωφὸν
3229 2345 3324 2400 καὶ
3362 2345 3555 2399 ἀλαλον
3587 2337 3676 2412 ἦν,
3723 2339 3798 2402 ὡς
3831 2339 3904 2409 μὴ
3937 2341 4040 2408 ἀρ-

2471 2442 2672 2509 κούσης
2715 2443 2812 2509 τῆς
2849 2439 3068 2507 φύσεως
3098 2435 3592 2508 ύπηρετέῖσθαιξτῇ
3631 2430 3905 2501 ὑπερϐολῇ
3937 2430 4038 2498 τῆς

2470 2534 2677 2586 ἐκείνου
2738 2533 2976 2602 μανίας,
3029 2530 3110 2584 διὸ
3165 2532 3256 2582 καὶ
3307 2525 3619 2597 πασχούσης
3679 2523 4037 2592 ἀναισθησίαν

2471 2627 2658 2694 σχεδὸν
2679 2625 2910 2677 τελείαν·
2939 2625 3081 2688 ἐπεὶ,
3118 2642 3134 2674 ι
3165 2622 3274 2675 Καὶ
3303 2620 3532 2692 κράξαν,
3559 2618 3714 2686 φησὶ,
3749 2615 3840 2668 καὶ
3865 2613 4037 2668 πολλά

2472 2717 2756 2787 σπαράξαν
2787 2717 2969 2782 αὐτὸν,
3005 2713 3220 2784 ἐξῆλθε·
3260 2715 3352 2766 καὶ
3392 2712 3605 2780 ἐγένετο
3643 2709 3774 2763 ὡσεὶ
3809 2706 4034 2777 νεκρὸς,

2469 2811 2608 2865 ὥστε
2663 2809 2891 2872 πολλοὺς
2935 2810 3116 2876 λέγειν
3143 2809 3226 2861 ὅτι
3255 2805 3547 2859 ἀπέθανεν.
3581 2821 3599 2855 ι
3639 2803 3704 2856 Ἥ
3734 2800 3950 2870 κραυγὴ
3980 2799 4039 2851 δι

2468 2903 2567 2954 οὐκ
2598 2901 2902 2955 ἀντίκειται
2942 2899 3078 2971 πρὸς
3109 2899 3166 2951 τὸ
3209 2897 3406 2951 ἄλαλον
3443 2891 3582 2948 εἶναι
3629 2894 3689 2946 τὸ
3737 2892 4037 2961 δαιμόνιον·

2467 2995 2500 3065 ἡ
2546 2994 2642 3062 μὲν
2672 2994 2776 3061 γάρ
2808 2991 2966 3045 λα).ιά
2998 2991 3148 3061 φωνή
3211 2991 3326 3042 ἐστι
3385 2984 3700 3056 σημαντικὴ
3765 2981 4040 3053 νοήματος

2467 3103 2632 3148 τινος,
2676 3087 2708 3156 ἠ
2743 3085 2798 3137 δὲ
2832 3085 3050 3154 κραυγὴ
3099 3082 3309 3151 ἀσημός
3345 3081 3461 3133 ἐστι
3515 3079 3695 3147 φωνήο
3729 3077 3950 3145 ἀφίεται
3983 3073 4039 3125 δὲ

2466 3177 2527 3229 τὸ
2555 3177 2828 3245 δαιμόνιον
2856 3175 2948 3228 καλ⁸
2977 3174 3256 3244 σπαράξαι
3293 3174 3383 3226 ἐπὶ
3415 3172 3670 3226 τοσοῦτον
3699 3171 3790 3222 τὸν
3820 3167 4034 3235 ἂνθρω-

2467 3286 2588 3332 πον,
2629 3271 2722 3320 καὶ
2753 3268 2886 3322 ὡσεὶ
2913 3267 3107 3336 νεκρὸν
3139 3265 3427 3330 διαθεῖναι,
3454 3265 3542 3317 ἵνα
3579 3263 3789 3333 φανερὰ
3814 3263 4040 3330 γένηται

2468 3363 2617 3414 πᾶσα
2650 3361 2679 3428 ἡ
2711 3365 2880 3413 κακία
2913 3359 3106 3412 αὑτοῦ.
3151 3358 3209 3410 '0
3253 3359 3439 3426 μέντοι
3484 3356 3688 3425 Κύριος
3724 3356 3823 3424 τῆς
3857 3354 4040 3424 χειρδς

2465 3452 2560 3506 τοῦ
2592 3452 2882 3524 ἀνθρώπου
2917 3450 3214 3520 λαϐόμενος
3245 3451 3468 3520 ἤγειρεν
3501 3448 3668 3502 αὑτὸν
3695 3450 3786 3500 καὶ
3816 3447 4038 3510 ἀνέστη,

2467 3545 2683 3607 δεικνὺς
2723 3543 2977 3596 ἐντεῦθεν
3013 3545 3094 3596 ὅτι
3132 3541 3334 3610 πολλὴν
3377 3541 3492 3610 ἔχει
3525 3540 3622 3611 τὴν
3646 3540 3946 3609 ἐνέργειαν·
3981 3539 4043 3592 τὸ

2471 3639 2570 3710 μὲν
2599 3640 2707 3715 γαρ
2759 3639 2825 3706 τῇ
2867 3638 3009 3707 χειρὶ
3064 3634 3327 3689 λαϐέσθαι
3375 3633 3604 3702 κτιστῆς
3649 3628 3717 3702 ἦν
3761 3630 4040 3701 ἐνεργείας

2466 3731 2563 3801 τῆς
2594 3731 2717 3784 καθ’
2755 3731 2922 3800 ἡμᾶς·
2957 3728 3017 3781 τὸ
3063 3727 3120 3781 δὲ
3148 3726 3455 3795 ἀναστῆσαι
3486 3726 3676 3778 τοῦτον
3720 3724 3904 3791 ἀπαθῆ
3941 3739 4040 3774 κα-

2468 3823 2580 3876 κῶν
2614 3823 2710 3889 τῆς
2746 3821 3003 3874 ἀκτίστου
3061 3820 3154 3871 καὶ
3209 3817 3360 3882 θείας
3393 3819 3489 3872 καὶ
3532 3817 3850 3887 ζωαρχικῆς
3891 3817 4038 3884 ένερ·

2469 3915 2642 3984 γείας.
2683 3915 2804 3967 Τῶν
2851 3914 2908 3968 δὲ
2943 3912 3208 3983 μαθητῶν
3253 3911 3654 3982 ερωτησάντων
3692 3910 3887 3963 ἔπειτα
3919 3907 4044 3962 κατ’

2473 4010 2630 4072 ἰδίαν,
2667 4025 2685 4058 ε
2723 4006 2874 4060 Διατί
2901 4007 3002 4059 οὐκ
3032 4004 3380 4074 ἠδυνήθημεν
3407 4003 3658 4055 ἐκϐαλεῖν
3688 4001 3875 4064 αύτδ,›
3908 4001 4043 4071 πρὸς

2469 4101 2665 4163 αὐτοὺς
2717 4094 2894 4160 εἶπεν,
2923 4099 3005 4150 ὅτι
3049 4096 3206 4149 τοῦτο
3251 4097 3311 4148 τὸ
3355 4095 3633 4164 δαιμόνιον
3671 4113 3688 4146 ‹
3732 4093 3820 4147 Ἐν
3862 4093 4038 4146 οὐδενὶ

2470 4193 2691 4246 δύναται
2715 4190 2973 4257 ἐξελθεῖν,
3007 4189 3056 4241 εί
3088 4188 3164 4258 μὴ
3197 4191 3254 4241 ἰν
3289 4190 3564 4258 προσευχῇ
3607 4189 3700 4240 καὶ
3733 4186 3979 4257 νηστείᾳ.
4017 4203 4035 4236 ε

2469 4287 2606 4338 Φασὶ
2642 4283 2740 4352 μὲν
2771 4282 2864 4335 οὖν
2890 4298 3034 4342 τινες
3069 4282 3169 4348 τὴν
3205 4280 3517 4350 προσευχὴν
3548 4280 3750 4350 ταύτην
3799 4281 3892 4332 καὶ
3941 4280 4041 4348 τὴν

2472 4377 2728 4442 νηστείαν
2767 4373 2918 4442 παρὰ
2965 4372 3060 4425 τοῦ
3109 4373 3410 4441 πάσχοντος
3449 4372 3694 4437 γίνεσθαι
3751 4371 3900 4423 δεῖν·
3946 4372 4047 4422 οὐκ

2473 4468 2584 4538 εχει
2635 4466 2692 4520 st
2748 4466 2942 4527 οὕτως·
2985 4467 3012 4517 ὁ
3062 4465 3171 4532 γὰρ
3218 4463 3615 4532 ινεργούμενος
3668 4463 3772 4516 ὑπὸ
3810 4463 4047 4532 πονηροῦ

796 4555 1027 4622 positus,
1064 4553 1337 4621 quomodo
1368 4562 1679 4620 precaretur
1724 4561 1778 4606 et
1827 4563 2048 4620 propter
2081 4567 2139 4607 se
2168 4552 2371 4606 utiliter
2405 4575 2447 4630 ο
2478 4577 2553 4610 τινι

2293 4564 2371 4606 ter
2405 4575 2447 4630 ο
2478 4559 2805 4627 πνεύματος.
2831 4559 2927 4609 καὶ
2956 4556 3128 4609 ταῦτα
3151 4556 3417 4619 τοιούτου,
3453 4557 3684 4625 ὄργανον
3711 4556 3788 4608 ῶν
3815 4558 4044 4620 ἐκείνου,

791 4645 1088 4717 jejunaret?
1117 4645 1329 4699 Censeo
1363 4643 1795 4711 intemperantia:
1827 4642 1993 4698 fuisse
2019 4643 2148 4700 illud
2178 4652 2369 4696 tetrum

797 4738 1125 4791 dremouium
1163 4735 1306 4802 quod
1345 4734 1395 4786 in
1427 4733 1602 4800 ignem
1633 4733 1960 4802 quandoque
1999 4734 2165 4788 mittit
2196 4747 2377 4787 corre-

799 4842 973 4900 ptum.
1020 4827 1179 4882 Tales
1221 4825 1364 4880 enim
1416 4833 1540 4878 sunt
1588 4826 1748 4879 alieni
1798 4826 2092 4894 vesanique
2137 4839 2370 4879 amores.

800 4923 1138 4993 Quandoque
1180 4920 1234 4974 in
1278 4932 1447 4986 aquas
1479 4918 1640 4973 etiam
1683 4933 1805 4972 eum
1860 4917 2034 4986 injicit
2067 4931 2162 4985 per
2191 4915 2371 4985 inglu-

799 5020 963 5079 vieto,
1000 5030 1094 5084 per
1125 5013 1319 5066 nimios
1355 5017 1533 5080 potus,
1567 5024 1661 5078 per
1697 5009 1894 5064 multas
1921 5010 2370 5077 compotatioues.

799 5110 858 5164 In
892 5109 974 5161 his
1002 5113 1248 5162 versatur
1272 5105 1400 5158 illud
1429 5111 1635 5156 mutum
1667 5105 1998 5170 surdumque
2027 5103 2371 5156 dmmnniutn.

807 5199 996 5253 Divina
1029 5197 1170 5251 enim
1198 5211 1301 5250 non
1336 5195 1489 5250 facile
1513 5198 1718 5264 patitur
1750 5193 1937 5248 audire
1963 5194 2046 5248 vel
2077 5193 2259 5247 dicere
2285 5191 2372 5261 qui

805 5293 928 5348 tulis
946 5293 1196 5347 daemonii
1218 5289 1655 5358 instigationihus
1687 5299 1952 5343 movetur.
1973 5287 2078 5342 Sed
2105 5288 2263 5341 simul
2285 5288 2374 5356 qui

803 5400 1032 5456 pravum
1076 5382 1322 5451 spiritum
1358 5381 1752 5437 iuhabitantem
1786 5381 1959 5449 ipsum
2011 5395 2118 5433 non
2172 5381 2372 5446 habet,

803 5480 922 5546 tjus
973 5487 1149 5528 autem
1206 5474 1544 5526 suasionibus
1571 5472 1866 5534 inducitur,
1901 5472 1946 5524 si
1979 5473 2042 5524 de
2078 5485 2375 5525 conversa-

810 5574 955 5622 tione
988 5569 1196 5620 fortiter
1229 5576 1451 5628 statuat,
1490 5566 1663 5619 adhuc
1699 5567 1864 5617 lihern
1901 5564 2098 5617 fruitur
2127 5565 2373 5629 arbitrio,

807 5668 899 5712 sed
922 5663 1166 5713 oratione
1198 5671 1247 5709 et
1270 5659 1476 5728 jejunio
1509 5659 1707 5726 indiget
1750 5667 1802 5709 ut
1837 5673 1927 5723 per
1954 5657 2216 5726 jejunium
2251 5673 2376 5710 cor-

814 5769 911 5819 pus
955 5751 1182 5802 retu-net
1210 5791 1221 5806 .
1263 5761 1310 5803 et
1367 5749 1484 5817 ejus
1544 5749 1768 5801 rebelles
1824 5751 2054 5817 impetus
2094 5760 2373 5807 coerceat,

815 5862 894 5925 μη
945 5856 1059 5896 om!
1089 5858 1244 5909 poem
1291 5858 1414 5895 vero
1450 5842 1944 5922 pra-couo'j'tioucs
1991 5852 2041 5895 ct
2095 5843 2378 5907 incitantes

2477 4653 2574 4704 καὶ
2633 4647 3236 4716 καταδυναστευόμενος
3293 4645 3385 4697 ὑπ’
3436 4647 3669 4706 ἐκείνου,
3730 4645 3848 4707 πῶς
3896 4647 3962 4699 ἂν
4012 4645 4046 4716 ἢ

2476 4739 2860 4809 προσεύξαιτο,
2893 4736 2924 4806 ἢ
2960 4733 3247 4806 νηστεύσει
3292 4734 3470 4804 ἑαυτῷ
3501 4734 3839 4798 λυσιτελῶςς
3886 4738 4049 4788 Δοκεῖ

2477 4832 2533 4886 es
2560 4833 2656 4898 τῆς
2685 4828 2979 4890 ἀκολασίας
3004 4824 3224 4879 εἶναιτὸ
3251 4826 3536 4878 πά·.δεινον
3561 4827 3842 4894 δαιμόνιον
3860 4825 4041 4893 τοῦτο,

2475 4925 2503 4978 δ
2538 4923 2666 4976 ποτὶ
2697 4922 2791 4991 μὲν
2823 4921 2904 4984 είς
2935 4919 3048 4990 πῦρ
3081 4919 3258 4989 ῥίπτει
3287 4919 3378 4970 τὸν
3410 4917 3607 4971 ἁλόντα
3631 4934 3646 4948 θ
3675 4917 3905 4972 τοιοῦτοι
3935 4919 4046 4989 γάρ

2476 5022 2615 5072 εἰσιν
2645 5018 2693 5068 οἱ
2725 5015 3000 5068 ἀλλόκοτοι
3035 5013 3128 5066 καὶ
3157 5014 3459 5081 δυσέρωτες
3488 5012 3709 5082 ερωτεςο
3738 5013 3866 5065 ποτὶ
3885 5013 3940 5065 δὲ
3964 5012 4048 5075 είς

2479 5109 2647 5160 ὕδατα
2679 5097 3102 5165 καταϐαπτίζων
3133 5103 3293 5154 αὐτὸν
3323 5101 3409 5155 διὰ
3432 5102 3531 5171 τῆς
3561 5102 3919 5170 ἀδδηφαγίας,
3947 5103 4046 5156 καὶ

2478 5199 2583 5252 τῶν
2624 5199 2879 5267 ἀμέτρων
2917 5197 3010 5248 καὶ
3065 5195 3275 5248 πολλῶν
3334 5195 3510 5247 πότων
3565 5195 3660 5248 καὶ
3701 5197 4042 5264 συμποσίων.

2483 5293 2637 5343 Ἐστι
2669 5290 2724 5341 δὲ
2772 5289 2864 5341 καὶ
2913 5291 2970 5339 ἐν
3009 5290 3118 5350 τοῖς
3157 5287 3419 5349 τοιούτοις
3473 5289 3654 5354 κωφζν
3704 5289 3800 5341 καὶ
3845 5287 4044 5342 ἄλαλον

2479 5385 2538 5436 τὸ
2566 5383 2841 5450 δαιμόνιον
2875 5379 3065 5432 τοῦτο’
3103 5379 3228 5431 οὔτε
3265 5382 3372 5448 γὰρ
3426 5379 3646 5431 ἀκούειν
3697 5378 3818 5431 οὗτε
3865 5379 4047 5434 λαλεῖν

2479 5474 2717 5543 εὐχερῶς
2773 5472 3033 5540 ὑπομένει
3068 5472 3135 5523 τὰ
3190 5470 3310 5522 θεῖα
3363 5472 3390 5522 ὁ
3440 5474 3561 5533 ταῖς
3607 5471 3899 5533 ὑποϐολαῖς
3949 5470 4044 5525 τοῦ

2477 5569 2621 5620 τοιού
2635 5584 2720 5620 ιου
2749 5566 3026 5634 δαιμονίου
3066 5565 3404 5632 πειθόμενος·
3433 5564 3546 5617 ἀλλ’
3578 5566 3725 5633 ὅμως
3753 5565 3827 5636 μη
3848 5566 3907 5616 τὸ
3944 5582 4043 5617 πο-

2479 5662 2642 5730 νηρὸν
2805 5659 2934 5712 αύτὺ
2969 5657 3186 5725 πνεῦμα
3219 5659 3586 5726 ἐνῳκισμένον
3623 5675 3702 5718 τις
3729 5657 3890 5726 ἔχων,
3911 5657 4045 5708 ἀλλὰ

2480 5754 2598 5813 τοῖς
2647 5750 2937 5811 ὑπιόολαῖς
2993 5750 3201 5800 ἐκείνου
3253 5749 3575 5816 φερέμενοῇ
3615 5750 3740 5799 ὅταν
3794 5747 4046 5817 inuam

2484 5845 2613 5906 710‘;
2654 5842 3024 5905 ἐπιττροφήν·
3063 5836 3189 5906 ’ἔχει
3249 5842 3354 5913 γὲρ
3411 5842 3485 5894 ἔτι
3539 5843 3597 5893 τὸ
3658 5839 4043 5907 αὐτεξούσιον·
