4450 6444
456 403 556 467 157

1825 414 2157 475 ΠΟΜΙΗΑ
2222 416 2393 473 .\'IIt.

3613 410 3714 474 158

447 520 702 577 δίανηιαί
731 520 901 573 nit-1n
961 523 1279 594 πράξσιιμεν,
1339 524 1427 580 ἵνα
1485 527 1687 596 ταύτης
1749 530 2024 599 τύχωμεν,
2063 537 2200 596 Aqtt

1973 549 2024 593 v,
2063 537 2102 588 Α
2131 543 2234 596 qua
2256 537 2454 580 :eterna
2476 537 2555 577 est
2577 527 2710 584 vita,
2732 528 3050 578 intemerata
3075 523 3440 592 pulchritudo,
3465 524 3723 576 inexhau-

454 605 662 680 μεθ’ἦς
692 612 900 680 ἐστινὴ
953 612 1170 677 αἰώνιος
1218 615 1440 685 ζωὴ,τὸ
1489 617 1766 687 ἀκήρατον
1815 619 2028 680 κάλλος,

449 703 479 751 δ
515 701 861 770 ἀδαπάνητος
893 702 1145 768 πλοῦτος,
1174 707 1206 776 ἡ
1237 708 1599 771 ἀναλλοίωτος
1631 710 1729 761 καὶ
1791 711 2031 780 ἀπέραν-

449 807 541 852 τος
575 793 756 861 τρυφὴ
782 795 880 848 καὶ
910 794 1036 860 δόξα
1069 799 1160 850 καὶ
1222 798 1469 867 βασιλεία
1493 817 1505 830 ο
1534 795 1609 854 ὧν
1635 803 1849 869 γένοιτο
1899 803 2034 855 πάν-

448 900 546 946 τας
573 886 720 954 ἡμᾶς
749 890 1028 957 ἐπιτυχεῖν
1059 891 1118 943 ἐν
1146 892 1293 960 αὑτῷ
1321 895 1398 960 τῷ
1424 893 1637 962 βασιλεῖ
1672 895 1779 948 τῶν
1818 895 2033 948 αἰώνων

449 976 666 1045 Χριστῷ
687 995 700 1008 ·
732 974 775 1043 ᾧ
810 980 955 1051 μόνῳ
991 982 1186 1051 πρέπει
1229 987 1376 1037 πᾶσα
1407 985 1553 1050 δόξα,
1581 987 1712 1055 τιμὴ
1732 987 1825 1039 καὶ
1861 1004 2026 1057 προσ-

2137 625 2231 668 sta:
2265 615 2488 676 divitim,
2524 614 2892 668 immulahiles
2920 623 2972 667 et
2995 628 3260 681 perennes
3280 612 3510 675 deliciae,
3534 620 3587 665 et
3611 610 3721 680 glo-

2143 706 2241 767 ria,
2289 719 2341 757 et
2378 721 2601 772 regnum
2638 720 2754 770 qua:
2789 719 2888 758 nos
2919 719 3110 757 omnes
3148 704 3396 757 obtinere
3447 703 3727 766 contingat

2141 800 2192 850 in
2226 799 2346 865 ipso
2380 815 2504 865 rege.
2537 800 2859 852 smculorum
2886 799 3130 861 Christo,
3159 800 3243 851 cui
3270 798 3367 850 soli
3400 798 3576 850 omnis
3606 797 3720 863 glo-

2140 896 2240 956 ria,
2272 897 2446 948 honor
2477 912 2506 949 c
2561 896 2810 949 adoratio
2861 912 2984 950 cum
3039 905 3244 949 mterno
3298 894 3414 962 ejus
3450 892 3607 947 Patre
3669 904 3724 946 et

2143 987 2454 1041 viviﬁcante
2481 987 2686 1054 Spiritu
2723 989 2773 1040 in
2801 990 2996 1042 saecula
3035 987 3387 1042 smculorum.
3417 987 3609 1040 Amen.

449 1067 698 1137 κύντισις.
753 1072 851 1123 σὺν
890 1072 967 1142 τῷ
1026 1075 1247 1148 ἀνάρχῳ
1278 1078 1442 1132 αὐτοῦ
1476 1081 1672 1151 [lat-pl,
1705 1083 1798 1134 καὶ
1831 1081 1907 1151 τῷ
1945 1080 2198 1150 παναγίῳ
2229 1083 2320 1134 καὶ
2349 1081 2539 1150 ἀγαθῷ
2582 1081 2676 1134 καὶ
2733 1081 2985 1154 ζωοποιῷ
3047 1081 3353 1150 Πνεύματι,
3419 1081 3500 1143 εἰς
3587 1082 3721 1134 ἀπεο-

453 1161 682 1229 ράντονς
715 1163 936 1228 αἰῶνας.
986 1168 1040 1218 Ἀ
1053 1169 1182 1238 μήν.

983 1287 1096 1357 63
1133 1285 1374 1342 OMIAIA
1397 1287 1499 1344 tr'.

457 1371 537 1441 Τῇ
567 1373 809 1447 πέμπτῃ
857 1375 1126 1451 Κυριᾳκῇ
1158 1377 1279 1429 τῶν
1307 1377 1605 1451 νηστειῶν
1634 1377 1703 1432 ἐν
1741 1371 1900 1451 ﬁnal
1931 1397 2034 1434 πε-

960 1447 1024 1513 ρὶ
1057 1448 1503 1515 ἐλεημοσύνης.

521 1535 642 1587 Εἰσί
667 1554 787 1589 τινα
822 1537 960 1607 μέρη
991 1537 1289 1607 θαλάσσης,
1327 1539 1358 1592 ἀ
1387 1540 1602 1610 κητώδη
1670 1543 1882 1610 μεγάλα
1947 1543 2035 1611 θη.

456 1629 544 1694 ρία
575 1628 866 1696 τρέφουσιν
890 1645 903 1659 ⁶
937 1632 983 1682 οἱ
1014 1630 1143 1696 γοῦν
1170 1632 1227 1682 ἐν
1264 1631 1448 1694 αὐτοῖς
1482 1632 1737 1695 πλέοντες
1776 1634 2034 1692 κώδωνας

452 1721 769 1786 ἐκκρεμῶσι
789 1722 894 1773 τῶν
931 1721 1152 1786 πλοίων,
1193 1723 1281 1776 ἵνα
1319 1725 1406 1776 διὰ
1457 1725 1556 1793 τῆς
1603 1725 1768 1795 ἠχοῦς
1822 1726 2028 1778 τούτων

453 1813 865 1881 ἐκπῖηττὸμενα
900 1814 1146 1880 φεύγωσι
1201 1816 1268 1868 τά
1303 1815 1491 1883 θηρία.
1541 1818 1649 1870 Καὶ
1699 1819 1732 1886 ἡ
1787 1817 2028 1872 θάλασσα

2693 1281 2980 1337 IIOMILIA
3028 1282 3164 1336 XIII.

2130 1375 2196 1430 In
2233 1376 2417 1446 quinta
2444 1376 2780 1445 jejuniorum
2822 1375 3101 1428 Dominica
3125 1414 3139 1436 ,
3183 1391 3288 1443 qua
3323 1377 3487 1428 etiam
3525 1385 3722 1432 tractat

2696 1448 2758 1498 de
2803 1447 3154 1516 eleemosyna.

2203 1539 2344 1591 Sunt
2379 1539 2625 1608 quaedam
2664 1539 2831 1592 maris
2881 1549 3062 1606 partes
3115 1555 3234 1606 quae
3281 1552 3426 1603 cete,
3477 1540 3724 1605 ingentes

2132 1629 2353 1692 bestias,
2400 1630 2709 1692 emutriunt;
2745 1632 2832 1696 qui
2867 1628 3069 1697 ergoin
3106 1629 3211 1682 illis
3239 1631 3495 1695 navigant
3533 1631 3723 1684 tintin-

2138 1721 2333 1774 nabula
2366 1720 2595 1774 navibus
2636 1721 2876 1787 alligant,
2919 1729 2974 1771 nt
3012 1721 3200 1771 borum
3251 1735 3384 1773 sono
3411 1725 3722 1788 perterrita:

2139 1813 2347 1882 fugiant
2383 1811 2591 1865 bestia).
2634 1811 2782 1864 Marc
2824 1823 3006 1864 autem
3040 1812 3163 1864 vitm
3203 1823 3402 1864 nostrae
3437 1815 3634 1867 multas
3665 1822 3724 1868 et

451 1907 505 1956 δὲ
529 1907 618 1957 τοῦ
652 1908 920 1976 ἡμετέρου
955 1907 1070 1974 βίου
1128 1901 1300 1960 πολλά
1362 1910 1456 1960 καὶ
1503 1909 1779 1972 δεινότερα
1839 1911 2026 1980 τρέφει
2057 1886 2103 1945 Β
2138 1910 2204 1953 ῑνι

1965 1928 2026 1963 ,ει
2057 1886 2103 1945 Β
2138 1902 2408 1953 truciores
2444 1901 2617 1953 nutrit
2657 1902 2886 1963 bestias,
2929 1902 3099 1954 malas
3139 1903 3262 1957 (lico
3292 1907 3621 1972 cupiditates
3668 1920 3722 1960 et

453 1997 634 2064 θηρία,
663 1999 727 2050 τὰ
752 2000 966 2066 πονηρὰ
999 1999 1146 2069 πάθη
1177 2000 1342 2067 λέγω,
1377 2001 1470 2053 καὶ
1503 2002 1629 2064 τοὺς
1675 2002 1905 2072 ἐφόρους
1932 2003 2030 2055 αύ-

453 2088 560 2140 τῶν
590 2090 988 2159 πονηροτέρους
1016 2091 1278 2160 δαίμονας
1300 2108 1312 2123 ³
1344 2093 1564 2144 ἐπιπλεῖ
1588 2093 1645 2144 δέ
1673 2093 1775 2162 τὴν
1831 2095 2030 2146 θάλασ-

457 2199 554 2233 σαν
579 2183 785 2250 ταύτην
817 2179 905 2235 οἷά
943 2201 1026 2246 τις
1051 2183 1184 2246 ναῦς
1212 2185 1245 2254 ἡ
1275 2184 1368 2236 τοῦ
1415 2183 1556 2238 Θεοῦ
1600 2185 1916 2252 Ἐκκλησία,
1938 2188 2031 2240 καὶ

451 2275 572 2326 ἀντὶ
597 2275 858 2328 κωδώνων
898 2274 1011 2345 ἔχει
1049 2277 1177 2338 τοὺς
1203 2278 1612 2346 πνευματικοὺς
1649 2277 2027 2345 διδασκάλους,

453 2366 537 2417 ἵνα
573 2366 660 2419 διὰ
692 2369 789 2434 τῆς
840 2370 991 2432 ἰερᾶς
1046 2370 1218 2439 ἠχοῦς
1265 2372 1364 2439 τῆς
1409 2371 1618 2424 τούτων
1678 2373 2030 2436 διδασκαλίας

451 2457 574 2518 τοὺς
607 2460 828 2526 νοητοὺς
861 2460 1240 2529 ἀποτρέπηται
1313 2461 1508 2531 θῆρας.
1570 2463 1679 2515 Καὶ
1731 2464 1876 2515 τοῦτ’
1921 2465 2028 2531 ἀρα

448 2550 690 2602 τυποῦσα
720 2553 811 2602 καὶ
841 2553 873 2621 ἡ
907 2552 1002 2604 τοῦ
1039 2553 1252 2623 Ἀαρὼν
1284 2554 1469 2623 στολὴ.
1509 2552 1767 2618 κώδωνας
1792 2557 2026 2625 εύήχους

450 2638 563 2709 εἶχε
615 2643 1100 2712 παρηρτημένους,
1154 2645 1247 2698 καὶ
1299 2645 1585 2716 θέσπισμα
1635 2643 1702 2717 ἦν
1759 2650 2029 2719 ἀκουστὴν

447 2727 585 2785 εἶναι
614 2731 712 2799 τὴν
737 2733 922 2801 φωνὴν
950 2733 1133 2787 αὐτῶν
1153 2737 1209 2789 ἐν
1238 2736 1317 2806 τῷ
1342 2737 1436 2791 τὸν
1504 2737 1719 2806 Ἀαρὼν
1779 2739 2028 2810 λειτουρ-

446 2827 583 2892 γεῖν.
619 2824 886 2893 Ἡμεῖςδέ
909 2829 989 2889 εἰς
1017 2829 1078 2880 τὸ
1131 2829 1348 2897 πνεῦμα
1411 2831 1471 2884 τὸ
1544 2834 1779 2902 γράμμα
1847 2835 2027 2899 καλῶς

452 2917 870 2986 μεταφέροντες,
911 2920 1209 2989 ἠχήσωμεν
1225 2922 1356 2989 ὑμῖν
1381 2922 1585 2992 ἀρτίως
1622 2927 2025 2994 πνευματικῶς,

447 3007 543 3060 καὶ
569 3008 804 3076 μάλιστα
835 3009 978 3063 κατά
1004 3011 1094 3065 τὸν
1125 3015 1226 3081 τῆς
1253 3015 1510 3084 νηστείας
1544 3016 1757 3086 καιρὸν,
1790 3011 1833 3083 ᾧ
1863 3036 2028 3085 φανε-

449 3101 517 3171 ρΞι
548 3103 638 3153 καὶ
681 3101 864 3169 ἀφανῆ
927 3100 1093 3172 θηρία
1157 3104 1355 3168 δεινῶς
1409 3107 1746 3161 ἐπιτίθεταιο
1817 3111 2025 3179 φανερά

2138 1992 2332 2042 harum
2373 1990 2613 2044 artitices
2654 1990 2869 2059 pejores
2907 1995 3213 2059 daemonas;
3271 1996 3373 2050 hoc
3409 2012 3538 2050 vero
3571 2015 3721 2052 mare

2136 2083 2343 2151 trajicit
2376 2083 2530 2150 quasi
2599 2084 2749 2138 navis
2791 2085 3033 2139 Ecclesia
3076 2085 3190 2150 Dei,
3242 2098 3294 2140 et
3329 2105 3426 2156 pro
3462 2091 3723 2145 tintinna-

2132 2174 2274 2226 bulis
2307 2175 2467 2228 habet
2497 2177 2774 2243 spiritales
2811 2179 3090 2242 doctores,
3137 2191 3192 2234 ut
3242 2198 3335 2248 per
3370 2198 3586 2235 sacrum
3621 2188 3719 2236 bo-

2134 2281 2251 2317 rum
2310 2269 2571 2320 doctrinm
2627 2285 2816 2322 sunnm
2879 2270 3181 2325 invisibiles
3246 2273 3427 2340 abigat
3491 2275 3718 2330 bcstias.

2138 2358 2288 2421 Quod
2342 2361 2708 2427 prmlignravit
2767 2361 2942 2414 Aaron
2984 2366 3152 2414 vestis
3198 2364 3344 2418 clare
3393 2369 3717 2420 sonantibus

2133 2451 2465 2504 circumdata
2490 2453 2886 2514 tintinnabulis.
2909 2465 2963 2508 et
2997 2456 3238 2510 sol-mue
3264 2473 3324 2511 er
3343 2469 3381 2508 ιι
3407 2474 3593 2509 eorum
3621 2475 3718 2511 au-

2132 2543 2378 2596 diendam
2403 2560 2525 2598 esse
2551 2559 2734 2598 vocem
2759 2548 2881 2598 dum
2906 2547 3047 2599 Aaro
3073 2568 3080 2595 ι
3104 2563 3257 2600 saera
3283 2549 3716 2604 administraret.

2131 2632 2239 2688 Nos
2265 2645 2446 2688 autem
2480 2635 2532 2687 in
2570 2635 2821 2703 spiritum
2870 2638 3102 2689 litteram
3142 2647 3290 2691 recte
3321 2639 3718 2696 transferentes

2138 2725 2298 2777 modo
2352 2727 2506 2778 vobis
2555 2735 2964 2795 perstrepemns
3016 2728 3358 2797 spiritaliter,
3415 2733 3716 2796 pnesertim

2140 2816 2190 2867 iu
2222 2817 2321 2868 hnc
2338 2816 2527 2884 jejunii
2565 2826 2834 2887 tempore,
2867 2834 2972 2885 quo
3008 2830 3117 2872 tum
3158 2821 3398 2874 visibiles
3435 2830 3547 2875 tum
3579 2824 3719 2878 invi-

2129 2907 2314 2961 sibiles
2346 2911 2739 2978 aggrediuntur
2776 2911 3000 2976 Ιιιιειίςιι;
3035 2913 3272 2967 visibiles
3317 2914 3557 2981 quidem,
3591 2917 3716 2978 gula

2129 3010 2182 3053 et
2213 3003 2470 3060 ebrietas.
2511 3013 2564 3056 et
2609 3003 2838 3068 similia;
2887 3004 3004 3057 alia:
3042 3020 3168 3056 vero
3209 3006 3556 3060 invisibiliter
3585 3010 3717 3060 insi.

2127 3094 2358 3159 diantcs,
2384 3094 2560 3148 inanis
2592 3095 2792 3163 gloria,
2839 3096 3119 3163 superbia,
3159 3101 3514 3166 pnesumptio
3550 3110 3597 3151 et
3643 3102 3715 3152 si-

450 3191 548 3259 μὲν
570 3192 978 3261 γαστριμαργία
1006 3195 1104 3246 καὶ
1138 3194 1277 3265 μέθη
1307 3195 1402 3248 καὶ
1421 3197 1489 3248 τά
1532 3198 1756 3251 τοιαῦτα
1785 3215 1798 3229 ·
1857 3200 2020 3269 ἕτερα
2050 3229 2093 3288 c
2129 3202 2207 3288 ξξιυ

1954 3219 2020 3269 pa
2050 3229 2093 3288 α
2129 3186 2376 3288 nudatio.
2414 3185 2558 3288 Idem
2597 3195 2777 3239 autem
2819 3202 2986 3288 sonus
3032 3188 3252 3241 latebrae
3309 3191 3467 3288 simul
3499 3201 3601 3288 est
3633 3201 3711 3245 ta-

443 3283 499 3334 δὲ
537 3282 763 3348 ἀφανῶς
822 3284 1212 3353 ὕφεδρεύοντα,
1279 3289 1555 3350 κενοδοξία
1595 3293 1686 3342 καί⁸
1741 3292 2025 3362 ὑπερηφα-

442 3370 530 3423 νία
551 3372 644 3424 καὶ
676 3372 851 3440 οἴησις
881 3373 975 3426 καὶ
1011 3375 1321 3443 ὑπόκρισις.
1372 3377 1433 3430 '0
1457 3379 1620 3440 αὐτὸς
1667 3379 1724 3432 δέ
1780 3382 1928 3434 ἐστιν
1955 3378 2022 3451 ἦ·

443 3477 538 3528 χος
569 3461 662 3513 καὶ
692 3461 1123 3531 φυγαδευτήριον
1167 3464 1276 3516 τῶν
1329 3465 1586 3518 τοιούτων
1643 3467 1872 3538 θηρίων,
1931 3471 2024 3524 καὶ

445 3553 809 3622 φυλακτήριον
840 3553 948 3606 τῶν
977 3554 1075 3625 τὴν
1114 3556 1366 3625 νηστείαν
1401 3558 1738 3615 ἀσκούντων.

518 3648 709 3700 Ἔστιν
736 3644 830 3700 οὖν
871 3649 1094 3717 νηστεία
1118 3651 1211 3701 καὶ
1235 3651 1475 3719 ἀκρασία
1504 3653 1720 3707 ἐναντία
1751 3654 2019 3725 ἀλλήλοις,

439 3741 513 3801 ὡς
539 3742 571 3809 ή
595 3743 706 3810 ζωὴ
737 3743 832 3795 καὶ
868 3742 1159 3803 ὀθάνατος.
1197 3743 1304 3796 Καὶ
1334 3745 1364 3813 ἡ
1395 3744 1495 3814 μὲν
1544 3749 1768 3815 νηστεία
1832 3750 2018 3820 ἐντολή

442 3836 558 3887 ἐστι
592 3836 759 3903 ζωῆς,
793 3835 1174 3903 συνηλικιῶτις
1205 3832 1338 3890 οὖσα
1370 3837 1470 3903 τῆς
1500 3839 1848 3907 ἀνθρωπίνης
1911 3844 2018 3911 φύ-

443 3942 582 3987 σεως
611 3927 667 3977 ἐν
695 3927 772 3996 τῷ
805 3927 1122 3996 παραδείσῳ
1148 3928 1252 3980 ὑπὸ
1272 3927 1365 3981 τοῦ
1405 3929 1542 3982 Θεοῦ
1573 3931 1651 4000 τῷ
1696 3932 1870 4001 Ἀδὰμ
1933 3934 2020 3986 δο-

440 4017 593 4070 θεῖσα
623 4017 720 4085 τὴν
747 4017 943 4088 ἀρχὴν,
975 4019 1054 4081 εἰς
1102 4019 1350 4088 φυλακὴν
1373 4023 1473 4086 τῆς
1522 4021 1892 4089 ἐγγενομένης
1924 4024 2018 4076 αύ-

436 4107 516 4176 τῷ
547 4109 697 4179 παρά
721 4108 812 4162 τοῦ
839 4109 1005 4162 αὐτοῦ
1030 4109 1165 4162 Θεοῦ
1199 4109 1342 4178 ζωῆς
1386 4129 1443 4164 τε
1465 4113 1555 4164 καὶ
1589 4112 1740 4174 θείας
1770 4115 2013 4183 χάριτος.

445 4203 513 4256 Ἦ
541 4202 597 4256 δὲ
629 4203 868 4273 ἀκρασία
900 4203 1179 4273 συμϐουλή
1222 4207 1339 4256 ἐστι
1370 4203 1602 4258 θανάτου
1650 4204 1902 4274 σώματός
1954 4227 2014 4262 τε

437 4295 526 4348 καὶ
553 4295 752 4363 ψυχῆς,
784 4293 889 4346 ὑπὸ
914 4295 1008 4347 τοῦ
1061 4295 1306 4348 διαϐόλου
1346 4295 1425 4365 τῷ
1469 4298 1642 4366 Ἀδὰμ
1699 4301 1755 4352 ἐν
1779 4301 1854 4369 τῷ
1909 4320 2014 4354 πα-

436 4387 668 4456 ραδείσῳ
700 4386 786 4438 διὰ
813 4385 916 4456 τῆς
946 4385 1087 4447 Εὔας
1116 4388 1329 4440 δοθεῖσα
1384 4389 1574 4452 δολίως
1605 4393 1684 4452 εἰς
1734 4392 2012 4446 ἔκπτωσιν

432 4480 530 4546 τῆς
564 4479 727 4545 ζωῆς,
767 4479 860 4530 καὶ
909 4479 1347 4549 ἀπαλλοτρίωσιν
1400 4483 1504 4550 τῆς
1559 4483 1621 4533 ἐκ
1671 4481 1806 4535 Θεοῦ
1863 4464 2013 4547 θείας

2129 3275 2257 3329 lium
2310 3277 2627 3343 bestiarum,
2678 3287 2732 3330 et
2775 3278 3024 3332 custodia
3060 3293 3248 3333 eorum
3304 3283 3391 3349 qui
3437 3282 3703 3351 jejunium

2125 3377 2410 3423 exercent.

2194 3643 2308 3698 Sibi
2357 3660 2487 3715 ergo
2537 3645 2768 3700 invicem
2802 3647 3170 3704 adversantur
3199 3648 3466 3717 jejunium
3515 3659 3569 3702 et
3621 3650 3708 3702 in-

2131 3738 2514 3802 temperantia,
2549 3739 2690 3791 sicut
2723 3740 2829 3792 vita
2864 3751 2919 3794 et
2968 3756 3133 3800 mors.
3180 3739 3450 3808 Jejuuium
3490 3742 3704 3807 quidem

2123 3828 2438 3882 mandatum
2470 3829 2631 3883 habet
2657 3831 2798 3896 vitae,
2824 3842 3032 3886 naturte
3056 3833 3302 3886 humana:
3321 3842 3476 3886 :etate
3503 3833 3713 3900 aequale.

2122 3931 2150 3970 a
2202 3919 2312 3973 Deo
2347 3920 2399 3974 in
2434 3924 2689 3990 paradiso
2724 3924 2895 3977 Adam
2946 3925 2996 3977 in
3032 3925 3303 3994 principio
3357 3925 3610 3978 traditum
3649 3930 3715 3985 tn,

2121 4013 2436 4065 custodiam
2494 4014 2595 4082 ipsi
2648 4016 2831 4071 inditae
2873 4017 2942 4071 ab
2969 4020 3155 4071 eodem
3192 4016 3298 4071 Deo
3332 4019 3456 4072 vitae
3487 4018 3711 4071 divi-te-

2119 4119 2222 4174 que
2244 4106 2451 4174 gratiaa.
2473 4105 2542 4159 At
2568 4109 2988 4176 intemperantia
3014 4110 3234 4164 molitur
3259 4120 3484 4163 mortem
3514 4111 3716 4165 animata

2117 4201 2170 4248 et
2204 4196 2451 4262 corporis
2483 4211 2509 4249 a
2544 4196 2762 4250 diabolo
2794 4213 2888 4266 per
2922 4200 3088 4252 Evam
3121 4198 3173 4252 in
3206 4201 3461 4264 paradiso
3509 4199 3701 4252 fraude

2124 4288 2295 4341 Adam
2332 4287 2558 4353 tradita,
2597 4300 2653 4343 nt
2684 4305 2713 4342 a
2753 4291 2861 4341 vita
2895 4292 3165 4344 decideret
3195 4301 3247 4345 et
3279 4292 3489 4344 alienus
3520 4305 3548 4342 a
3596 4291 3724 4344 Deo.

2117 4381 2408 4449 divinaque
2464 4381 2637 4450 gratia
2693 4381 3043 4443 elliceretur:
3083 4383 3226 4438 Deus
3269 4384 3414 4438 enim
3463 4392 3693 4437 mortem

2117 4489 2220 4524 non
2259 4473 2408 4534 fecit,
2430 4488 2530 4528 nec
2568 4474 2782 4528 ltetatur
2824 4475 2876 4528 in
2906 4475 3208 4543 perditione
3235 4476 3499 4528 vivorum.
3533 4473 3703 4544 Igitur

431 4569 731 4638 xapttorb
775 4569 906 4632 Θεὸς
925 4571 1034 4639 γὰρ
1080 4570 1308 4624 θάνατον
1369 4573 1467 4624 οὐκ
1527 4574 1814 4643 ἐποίησεν,
1887 4578 2008 4629 οὐδὲ
2043 4574 2086 4628 Ι)
2118 4581 2184 4625 tl"

1939 4578 2008 4629 ,δὲ
2043 4574 2086 4628 ο
2118 4567 2237 4625 nnis
2277 4575 2362 4620 est
2393 4567 2552 4622 homo
2586 4569 2676 4636 qui
2716 4568 2846 4621 velit
2879 4567 3044 4621 vitam
3080 4577 3133 4620 et
3163 4568 3394 4634 gratiam
3433 4582 3460 4618 a
3496 4567 3606 4624 Deo.
3641 4574 3696 4628 et

429 4661 690 4726 τέρπεται
727 4661 812 4711 ἐπ’
845 4660 1092 4729 ἀπωλείᾳ
1117 4659 1354 4724 ζώντων.
1387 4662 1483 4724 Τίς
1499 4663 1592 4717 οὖν
1627 4667 1774 4718 ἐστιν
1798 4665 2009 4735 ἀνθρω-

431 4765 528 4809 πος
552 4749 580 4799 ὁ
607 4750 775 4801 θέλων
815 4750 982 4818 ζωὴν,
1017 4752 1110 4803 καὶ
1139 4753 1299 4821 χάριν
1328 4753 1510 4820 εὑρεῖν
1540 4753 1636 4824 τὴν
1662 4758 1719 4808 ἐν
1774 4757 1852 4825 τῷ
1883 4757 2002 4827 Θεῷ

431 4841 525 4891 καὶ
562 4842 709 4905 παρά
738 4839 912 4904 Θεοῦ;
950 4841 1172 4910 φυγέτω
1194 4845 1292 4912 τὴν
1326 4842 1704 4914 θανατηφόρον
1732 4847 2008 4916 ἀκρασίαν

431 4931 524 4979 καὶ
553 4927 950 4999 προσδραμέτω
971 4934 1034 5001 τῇ
1068 4932 1298 5002 θεοποιῴ
1321 4934 1548 5004 νηστείᾳ
1574 4936 1665 4987 καὶ
1684 4937 2005 5008 ἐγκρατείᾳ,

432 5018 498 5068 ῖν*
525 5019 794 5090 ἐπανέλθῃ
825 5020 1034 5090 χαίρων
1069 5024 1148 5084 εἰς
1180 5025 1269 5076 τὸν
1300 5023 1655 5091 παράδεισον.
1718 5027 1924 5095 Μωσῆς
1950 5045 2008 5080 τε

429 5112 1014 5180 τεσσαρακονθήμερον
1048 5113 1325 5184 νηστεύων
1358 5115 1442 5166 ἐπ’
1477 5117 1657 5184 ὅρους,
1723 5120 1802 5182 εἰς
1871 5121 2007 5189 ὕψος

431 5202 686 5266 θεοπτίας
707 5204 938 5273 ἀνέπτη,
1003 5207 1096 5259 καὶ
1149 5207 1363 5270 πλάκας
1412 5207 1722 5270 θεοσεϐείας
1763 5209 2004 5275 ἐδέξατο·

428 5294 538 5346 ὁδε
588 5292 697 5346 τῶν
767 5295 1039 5366 Ἐϐραίων
1112 5298 1281 5369 δῆμος
1345 5302 1496 5353 κάτω
1570 5301 1881 5371 μεθύοντες,
1929 5306 2008 5368 είς

428 5387 684 5440 ἀσέϐειαν
714 5389 1149 5460 κατωλίσθησαν,
1178 5392 1273 5442 καὶ
1320 5393 1538 5446 εἴδωλον
1575 5395 1882 5464 ἐχώνευσαν
1918 5397 2006 5466 μό·

432 5494 559 5546 σχου
599 5478 691 5530 τοῦ
715 5481 1018 5546 Αἰγυπτίου
1053 5483 1277 5543 ’Λπιδος
1308 5484 1440 5536 Θεὸν
1465 5488 1670 5552 ὅμοιον.
1705 5489 1809 5539 Καὶ
1841 5491 1890 5540 εἰ
1929 5491 2005 5560 μὴ

429 5569 668 5639 Μωῦσῆς
699 5572 827 5642 ἔστη
857 5576 991 5642 πρὸς
1023 5575 1116 5627 τὸν
1152 5575 1315 5643 Θεὸν,
1353 5578 1441 5630 διά
1477 5578 1571 5630 τοῦ
1634 5580 1895 5649 ἀνηλεοῦς
1943 5585 2007 5634 ὲκ

428 5661 535 5712 τῶν
562 5664 839 5729 ὁμογενῶν
877 5665 1039 5734 φόνου
1101 5665 1492 5736 ἐξιλασάμενος
1548 5669 1839 5739 πρότερον,
1905 5671 2006 5724 ούκ

427 5747 495 5800 ἂν
528 5750 661 5811 ὅλως
689 5752 940 5818 ἐφείσατο
966 5755 1146 5808 αὐτῶν
1181 5759 1208 5809 ὁ
1267 5758 1418 5820 Θεός.
1453 5760 1512 5810 Εἰ
1545 5752 1671 5825 γοῦν
1706 5761 1800 5811 καὶ
1845 5761 2006 5830 ἡμεῖς

431 5841 522 5898 τοῦ
557 5843 734 5905 ἐλέους
767 5845 857 5898 τοῦ
908 5849 1039 5901 Θεοῦ
1094 5849 1390 5920 χρῄζομεν,
1464 5853 1543 5924 μὴ
1604 5855 2002 5923 μεθυσκώμεθα

2116 4671 2298 4711 coram
2325 4657 2434 4712 Deo
2463 4657 3100 4712 invenire?Letbiferam
3131 4657 3301 4726 fugiat
3336 4657 3707 4725 intemperan-

2114 4749 2264 4812 tiam,
2292 4758 2344 4802 et
2370 4756 2555 4803 currat
2588 4750 2652 4802 ad
2689 4749 2958 4803 viviﬁcum
2993 4749 3266 4818 jejunium
3299 4760 3350 4800 et
3391 4749 3455 4800 ad
3489 4757 3699 4816 tempe-

2114 4840 2382 4903 rantiam,
2453 4850 2510 4894 ut
2568 4841 2620 4894 in
2686 4842 2998 4910 paradisum
3056 4841 3296 4911 gaudens
3364 4848 3694 4894 revertatur.

2110 4932 2322 5003 Moyses
2356 4934 2720 5004 quadraginta
2751 4934 2864 4988 dies
2906 4934 2956 4986 in
2987 4942 3171 4988 monte
3202 4933 3456 5000 jejunans
3484 4933 3550 4985 ad
3579 4933 3694 4999 api-

2114 5040 2234 5079 cem
2272 5027 2754 5097 contemplationis
2805 5026 3082 5080 advolavit
3128 5035 3180 5079 et
3209 5024 3424 5078 tabulas
3457 5038 3485 5087 a
3514 5024 3714 5085 divina,

2110 5118 2309 5183 pietate
2333 5121 2563 5187 accepit;
2589 5118 2817 5186 populus
2843 5126 3021 5171 autem
3048 5117 3398 5170 Hebraaorum
3422 5116 3490 5169 ad
3512 5114 3695 5168 ebrie-

2114 5216 2279 5261 tatem
2329 5218 2382 5261 et
2416 5208 2749 5276 impietatem
2788 5207 2972 5275 lapsus
3003 5206 3207 5261 idolum
3242 5206 3493 5259 conﬂavit
3520 5205 3705 5262 Demn.

2109 5301 2162 5356 in
2214 5301 2626 5355 similitudinem
2679 5300 2837 5355 vituli
2894 5299 3135 5372 Egyptii
3200 5299 3418 5368 Apidis.
3482 5298 3547 5350 Et
3593 5298 3710 5353 nisi.

2108 5395 2320 5463 Moyses
2356 5399 2601 5450 S'etisset
2653 5411 2839 5450 coram
2898 5396 3028 5459 Deo,
3074 5408 3232 5463 quem
3279 5392 3429 5459 prius
3457 5389 3704 5461 placavit-

2109 5501 2174 5539 ne
2212 5488 2329 5542 sine
2363 5489 2738 5542 misericordia
2776 5497 2989 5557 gentem
3023 5501 3175 5540 suam
3204 5485 3564 5553 disperderet,
3599 5497 3709 5537 ne:

2111 5594 2386 5647 quaquam
2417 5581 2561 5634 Deus
2590 5581 2671 5634 eis
2701 5581 3057 5649 pepercisset.
3085 5577 3256 5647 Igitur
3281 5579 3324 5632 si
3351 5590 3706 5643 nosquoque.

2115 5673 2316 5738 pietate
2351 5673 2532 5726 divina
2575 5674 2802 5734 utimur,
2846 5687 3135 5725 caveamus
3187 5683 3251 5722 ne
3292 5672 3417 5721 vino
3452 5668 3708 5722 inebrie-_

2114 5779 2254 5826 mur,
2290 5779 2355 5816 ne
2394 5763 2680 5827 saturitate
2709 5779 3020 5833 gravemur,
3079 5762 3133 5816 in
3171 5763 3368 5830 quibus
3400 5761 3613 5813 luxuria
3642 5767 3707 5814 et

2107 5859 2377 5927 impietas.
2425 5859 2567 5913 ΕΗδὸ
2630 5860 2790 5913 etiam
2837 5859 2997 5910 Deum
3054 5857 3203 5921 vidit,
3264 5856 3355 5911 sctl
3401 5853 3548 5923 prius
3581 5854 3696 5922 ipse
