4442 6448
748 319 842 380 1⁸11

755 523 959 574 reditus
1005 519 1300 575 secundum
1347 528 1566 572 sanctas
1592 516 1928 586 prephetias,
1959 526 2006 569 et
2045 516 2149 567 alia
2180 529 2301 582 quae

756 632 898 667 tittllC
940 627 1259 667 cnumerare
1306 627 1412 666 non
1465 612 1696 679 expedit.
1757 608 2048 678 Propterea
2104 606 2299 675 conjux

751 696 1004 771 acceptus
1053 713 1134 758 est
1195 697 1436 771 Ioseph,
1488 709 1541 756 et
1589 699 2056 769 angelus‘missus
2097 689 2181 750 est
2211 698 2302 749 -ad

753 791 1010 863 virginem
1034 779 1572 863 "dep’onsaiam‘viro'
1595 793 1682 846 cui
1719 806 1911 845 nomen
1945 798 2062 843 erat
2082 787 2300 854 Joseph.

751 872 1082 939 ila-cautem
1126 886 1286 938 verba
1324 901 1338 938 :
1375 884 1440 937 de
1474 896 1634 937 uomo
1680 894 1732 936 et
1776 883 1843 935 de
1879 880 2080 933 familia
2111 879 2300 958 David,

747 978 812 1030 de
857 977 1071 1029 duobus
1125 975 1427 1045 intelliges;
1466 977 1747 1028 amborum
1791 959 2032 1024 cniml'et
2079 962 2337 1042 virginis

746 1079 797 1119 σει
827 1067 1018 1132 Juscph
1043 1081 1069 1120 a
1098 1066 1262 1120 David
1281 1066 1578 1120 ducebatur
1605 1064 1779 1130 origo.
1822 1060 1917 1113 «Ει
1945 1047 2150 1114 nomen
2179 1047 2323 1112 Vir?

748 1160 887 1228 ginis
923 1159 1135 1222 Marim,
1173 1178 1189 1210 ι
1239 1158 1380 1226 quod
1434 1147 1832 1224 interpretatur
1871 1144 2118 1205 Domina.
2165 1142 2308 1206 Conl
2358 1147 2365 1156 ’

752 1263 898 1304 notat
930 1268 1026 1304 vox
1065 1252 1164 1304 ista
1199 1260 1250 1303 ct
1283 1250 1518 1319 Virginis
1544 1232 1868 1317 dignitatem
1906 1257 1958 1300 et
1981 1244 2307 1313 virginitatis

753 1344 1056 1396 lirniitatcni
1096 1356 1371 1410 nunquam
1417 1341 1526 1410 jam
1563 1338 1874 1397 defectum,
1911 1345 1964 1389 et
2011 1335 2140 1388 illud
2167 1334 2305 1401 quod

752 1441 835 1484 cst
873 1431 929 1484 in
963 1432 1082 1498 ejus
1123 1431 1228 1484 vita
1279 1432 1345 1484 ab
1396 1431 1516 1483 aliis
1544 1429 1860 1497 discrepans
1890 1426 2039 1480 etab
2061 1426 2310 1478 onmihus

758 1525 1131 1590 mquirendutn
1184 1531 1258 1584 et,
1291 1528 1347 1574 ut
1403 1522 1472 1572 ita
1514 1519 1711 1581 dicam,
1751 1533 1812 1571 ex
1873 1516 2015 1570 nulla
2069 1529 2308 1584 unquam

759 1623 905 1678 parte
960 1612 1394 1680 vituperandum.
1454 1608 1585 1662 Nam
1643 1624 1768 1661 vere
1828 1618 1882 1661 et
1943 1605 2311 1674 principaliter

762 1705 918 1774 Virgo
952 1705 1170 1758 to:aletn
1198 1713 1252 1758 et
1275 1702 1649 1757 omnitnodum
1678 1701 1864 1752 habuit
1894 1698 2141 1766 puritatis
2167 1697 2313 1764 prin-

1996 318 2362 378 GREGemt
2403 306 2715 379 muniit:

751 433 932 501 piucul
965 433 1030 483 ab
1060 427 1267 485 iierode
1294 425 1416 496 iuga
1454 425 1506 479 in
1545 425 1860 496 Egyptum,
1895 436 1949 480 et
1972 426 2039 479 ab
2071 424 2300 493 [Egypto
2336 431 2373 485 Α
2402 427 2501 494 τῆς

1765 440 1860 491 tm,
1895 426 2039 480 etab
2071 424 2300 493 [Egypto
2336 431 2373 485 Α
2402 427 2501 494 τῆς
2539 432 2733 498 ’Λννης
2765 428 2906 498 ζωῆς
2935 432 3023 484 καὶ
3061 433 3290 485 θανάτου
3335 434 3519 501 κύριος

3862 326 3957 388 172

3613 441 3967 508 μαρτυρεῖται

2410 519 2469 569 τὸ
2511 518 2705 587 βρέφος
2733 538 2743 549 ·
2779 522 2967 589 tinet;
2997 524 3267 589 Αἴγυπτον
3301 526 3359 588 ἐξ
3393 527 3630 596 Ἡρώδου
3656 528 3966 596 φυγὴν,κ.ι.ὶ

2408 609 2505 674 τὴν
2538 612 2596 674 ἐξ
2627 613 2758 678 Αίγύ
2772 630 2898 685 πτου
2943 613 3083 666 κατὰ
3112 616 3208 676 τὰς
3243 616 3389 685 ἱερὰς
3416 618 3748 686 προρρήσεις
3774 617 3966 669 ἐπάνο-

2407 701 2514 766 δον,
2548 706 2640 755 καὶ
2665 705 2830 782 τᾶἶλα
2860 705 2958 757 ὃσα
2991 705 3085 758 νῦν
3118 707 3436 769 καταλέγειν
3464 707 3561 778 ούκ
3594 707 3837 777 εὐχερές.
3868 708 3964 759 Διά

2407 792 2576 868 ταύτα
2610 798 2868 870 μνήστωρ
2902 799 2951 865 ὁ,
2977 797 3175 864 Ἰωσὴφ
3226 798 3573 867 παρελήφθη,
3609 798 3700 866 καὶ
3725 784 3767 871 ’ό
3800 801 3966 865 ἄγγε-

2409 884 2496 946 λος
2525 886 2783 960 ἐπέμφθη
2819 888 2954 955 πρὸς
2990 888 3259 956 ΙΙαρθένον
3295 890 3783 958 μεμνηστευμένην
3814 890 3966 960 ἁνδρὶ

2410 971 2452 1045 ᾧ
2478 975 2644 1043 ὄνομα
2687 977 2907 1046 Ἰωσήφ.
2937 979 3010 1029 Ίὺ
3043 979 3095 1030 δὲ
3125 979 3181 1043 ἐξ
3214 979 3363 1030 οῐκου
3403 980 3493 1030 καὶ
3537 983 3770 1048 πατριᾶς
3805 984 3968 1033 Δαεὶδ

2412 1068 2497 1119 ἐπ’
2521 1068 2846 1135 ἀμφοτέρων
2875 1069 3112 1134 νοήσεις·
3142 1068 3307 1136 ἄμφω
3346 1069 3452 1141 γὰρ
3494 1070 3527 1139 ἢ
3575 1087 3644 1149 τε.
3695 1072 3967 1139 Παρθένιος

2383 1159 2504 1241 καὶ
2538 1162 2563 1211 ὁ
2606 1157 2801 1226 Ἰωσὴφ
2837 1160 2914 1219 είς
2943 1159 3105 1210 Δαϐὶδ
3148 1161 3206 1210 τὸ
3230 1162 3377 1220 γένο;
3408 1163 3690 1232 ἀνέφερον.
3737 1165 3877 1215 «Καὶ
3912 1165 3968 1215 τὸ

2420 1250 2612 1315 ὄνομα,
2648 1252 2798 1318 φησι,
2834 1251 2929 1317 τῆς
2957 1252 3228 1320 Παρθένου
3265 1253 3496 1321 Μαριάμ
3525 1271 3570 1305 ἰ
3605 1255 3763 1307 τοῦτο
3793 1255 3849 1308 δὲ
3877 1257 3969 1322 έρ-

2416 1340 2709 1407 μη·.·εύεται
2740 1341 2939 1410 κυρία.
2982 1344 3283 1412 Παρίστησι
3322 1343 3375 1394 δὲ
3414 1346 3506 1396 καὶ
3536 1345 3596 1395 τὸ
3625 1346 3843 1414 ἀξίωμα.
3873 1348 3967 1414 τῆς

2415 1429 2712 1497 Παρθένου,
2750 1432 2846 1481 καὶ
2885 1430 2946 1482 τὸ
2989 1431 3204 1498 βέϐαιον
3239 1435 3337 1499 τῆς
3388 1431 3707 1500 παρθενίας,
3756 1436 3851 1483 καὶ
3891 1435 3967 1493 εἰς

2412 1522 2472 1573 τὸ
2508 1520 2908 1589 ἐξηλλαγμένον
2957 1521 3126 1588 αὐτῆς
3170 1523 3262 1573 τοῦ
3317 1522 3453 1591 βίου,
3499 1525 3591 1574 καὶ
3625 1523 3710 1575 διὰ
3755 1522 3971 1575 πάντων

2416 1611 2817 1678 ὴκριϐωμένον,
2857 1611 2951 1663 καὶ
2976 1610 3050 1670 ὼς
3084 1612 3260 1662 εἰπεῖν
3285 1613 3696 1682 παναμώμητον
3717 1629 3730 1643 ο
3767 1612 3967 1681 κυρίως

2419 1701 2526 1770 γὰρ
2559 1700 2690 1754 οὖσα
2722 1700 3054 1771 φερωνύμως
3081 1701 3370 1771 παρθένος,
3400 1704 3578 1754 πᾶσαν
3607 1700 3718 1771 εἶχε
3743 1704 3840 1773 τὴν
3871 1702 3972 1770 τῆς

753 1799 1011 1864 ripatuin,
1032 1793 1198 1864 Virgo
1224 1805 1416 1862 potens
1444 1808 1670 1860 corpore
1698 1801 1749 1845 et
1782 1791 1982 1851 anitna,
2012 1789 2315 1852 animaque
2351 1787 2388 1839 Β
2418 1793 2507 1858 ἀγι

2217 1801 2315 1852 qttc
2351 1787 2388 1839 Β
2418 1791 2637 1858 ἁγνείας
2690 1793 2930 1860 παντελῆ
2979 1793 3346 1861 παγκτησίαν,
3389 1793 3653 1863 παρθένος
3686 1794 3819 1846 οὖσα
3877 1796 3971 1847 καὶ

755 1887 1105 1939 fatuitatibus
1166 1900 1376 1939 necnon
1437 1884 1694 1936 omnibus
1759 1879 2007 1948 corporis
2065 1877 2314 1930 sensibus

756 1977 902 2028 milhi
942 1976 1359 2044 inquinamento
1417 1973 1672 2042 pollutis,
1731 1981 1783 2024 ct
1837 1971 1935 2023 ista
1993 1968 2216 2020 ﬁrmiter
2261 1977 2316 2020 et

760 2067 1157 2135 principaliter,
1209 2074 1261 2118 et
1296 2076 1352 2117 ut
1380 2065 1452 2117 ita
1489 2065 1690 2128 dicam,
1724 2063 1868 2117 sicut
1903 2061 2183 2115 Dominam
2222 2059 2318 2110 de-

761 2168 865 2218 ret,
905 2167 956 2209 et
988 2172 1048 2208 ex
1081 2156 1229 2209 omni
1267 2165 1418 2223 parte
1456 2154 1844 2207 inviolabiliter
1896 2153 1945 2204 in
2001 2151 2146 2203 omni
2180 2159 2315 2202 tent-

762 2268 909 2316 pore,
939 2250 1083 2301 velut
1105 2258 1254 2316 porta
1280 2248 1487 2311 clausa,
1525 2261 1651 2313 opes
1685 2245 1945 2308 inclusas,
1975 2243 2107 2295 liber
2137 2244 2317 2309 signa-

765 2359 851 2394 tus
883 2342 1055 2393 oculis
1107 2340 1316 2393 occulta
1371 2336 1608 2390 custodit
1648 2336 1869 2404 scripta.
1923 2333 2043 2387 ldeo
2090 2335 2155 2386 dc
2202 2335 2314 2401 ipsa

764 2432 1026 2499 scriptum
1082 2441 1164 2483 est
1202 2444 1213 2479 :
1255 2447 1271 2479 ι
1305 2427 1402 2481 llic
1432 2435 1514 2480 est
1575 2426 1707 2479 liber
1760 2426 2073 2492 signatus...
2115 2434 2166 2476 et
2199 2423 2316 2491 ipsa

762 2528 913 2584 porta
973 2519 1157 2572 clausa
1209 2518 1333 2578 erit,
1383 2525 1436 2569 et
1465 2529 1620 2569 nemo
1655 2514 1872 2567 intrabit
1895 2528 1987 2582 per
2018 2528 2156 2566 eam.
2189 2530 2205 2562 ι

2413 1882 2473 1932 τὸ
2513 1880 2673 1949 σῶμα
2707 1883 2799 1934 καὶ
2837 1881 2935 1950 τὴν
2967 1882 3167 1951 ψυχὴν,
3202 1885 3294 1936 καὶ
3323 1884 3418 1944 τὰς
3472 1884 3569 1952 τῆς
3604 1883 3777 1952 ψυχῆς
3809 1885 3968 1936 δυνάο

2421 1989 2561 2041 μεις,
2594 1973 2685 2026 καὶ
2718 1972 2815 2034 τὰς
2847 1973 2940 2026 τοῦ
2979 1973 3227 2042 σώματος
3267 1975 3548 2044 αἰσθήσεις
3587 1976 3762 2034 πάσας
3799 1974 3967 2042 μολυ-

2420 2063 2557 2130 σμοῦ
2605 2065 2803 2126 παντὸς
2832 2064 3358 2135 ὑπερανῳκισμένας
3389 2067 3726 2120 πλουτοῦσα·
3761 2068 3853 2119 καὶ
3887 2085 3967 2117 το-

2420 2153 2575 2206 σοῦτο
2601 2157 2806 2221 κυρίως
2850 2171 2907 2206 τε
2968 2157 3061 2208 καὶ
3091 2155 3343 2224 βεϐαίως,
3380 2159 3472 2209 καὶ
3495 2159 3570 2219 ὡς
3604 2159 3778 2210 εἰπεῖν
3809 2175 3972 2211 κεκυ-

2393 2249 2400 2256 ’
2422 2245 2702 2314 ρωμένως,
2733 2247 2825 2297 καὶ
2865 2249 2977 2307 τοῖς
3025 2249 3190 2299 πᾶσιν
3223 2247 3436 2309 ἁσύλως
3462 2249 3554 2300 τὸν
3592 2249 3806 2303 ἅπαντα
3847 2250 3971 2320 χρό-

2418 2352 2532 2398 νον,
2567 2335 2758 2405 ὥσπερ
2803 2336 2836 2404 ὴ
2884 2337 3246 2407 κεκλεισμένη
3282 2338 3423 2408 πύλη
3472 2339 3539 2391 τὰ
3595 2339 3977 2410 έντεθησαυρι-

2424 2428 2614 2494 σμένα,
2658 2428 2753 2480 καὶ
2807 2427 2866 2480 τὸ
2922 2430 3360 2496 έσφραγισμένον
3436 2429 3637 2494 βιϐλίον
3681 2432 3976 2498 ὀφθαλμοῖς

2426 2517 2680 2583 ἄψαυστα
2716 2520 2872 2586 τηρεῖ
2924 2519 2992 2570 τὰ
3036 2519 3486 2587 ἐγγεγραμμένα·
3530 2523 3649 2572 ἐπεὶ
3701 2523 3792 2572 καὶ
3853 2524 3977 2588 περὶ

765 2613 935 2678 αὐτῆς
1001 2610 1328 2677 γέγραπται,
1405 2625 1422 2656 ι
1472 2606 1791 2658 Τοῦτόὲστι
1842 2606 1901 2658 τὸ
1951 2605 2391 2672 ὲσφραγισμένον
2435 2607 2659 2676 βιϐλίον,
2713 2612 2807 2661 καὶ
2845 2610 2981 2678 αὕτη
3016 2612 3048 2680 ἡ
3090 2611 3234 2679 πύλη
3283 2612 3642 2682 κεκλεισμένη
3675 2612 3851 2678 ἔσται,
3886 2617 3977 2665 καὶ

763 2706 935 2767 οὐδεὶς
976 2705 1033 2756 ού
1066 2703 1138 2771 μὴ
1178 2701 1356 2768 διέλθῃ
1381 2699 1445 2752 δι’
1474 2700 1660 2767 αὐτῆς.
1697 2717 1715 2750 ι

839 2784 1044 2851 ltursus
1077 2795 1244 2847 altero
1296 2792 1450 2844 titulo
1496 2791 1660 2844 etiam
1719 2789 1941 2842 Domina
1991 2798 2075 2844 est
2132 2788 2319 2858 Virgo,

770 2901 1038 2956 quatenus
1086 2900 1180 2953 per
1205 2885 1518 2953 dignitatem
1551 2883 1791 2936 omnium
1826 2882 2028 2949 regina,
2062 2883 2320 2948 quoniam

769 2966 890 3034 cum
928 2976 1014 3044 qui
1055 2973 1254 3028 natura
1279 2984 1360 3027 cst
1397 2972 1580 3025 mundi
1623 2969 1881 3025 Dominus
1931 2972 1984 3024 in
2025 2982 2178 3024 utero
2211 2971 2318 3047 vir—

2504 2783 2665 2835 Ἀλλὰ
2695 2785 2787 2835 καὶ
2823 2784 3002 2850 Κυρία
3038 2783 3200 2836 πάλιν
3250 2783 3436 2854 ἕτερον
3466 2787 3666 2852 τρόπον
3698 2789 3728 2852 ή
3763 2787 3976 2855 Παρθέη

2421 2891 2513 2936 νος
2562 2875 2702 2926 κατὰ
2753 2874 2850 2943 τὴν
2899 2873 3079 2937 ἀξίαν,
3117 2875 3191 2936 ὡς
3227 2876 3564 2938 δεσπόζουσα
3612 2879 3850 2939 πάντων,
3884 2879 3977 2930 ἃτε

2425 2965 2514 3017 τὸν
2553 2966 2714 3033 φύσει
2766 2967 2860 3017 τοῦ
2922 2967 3121 3028 παντλς
3177 2967 3454 3036 Δεσπότην
3481 2969 3537 3020 ὲν
3560 2968 3824 3037 παρθενίᾳ
3859 2971 3980 3020 συλ-

765 3068 928 3134 ginali
980 3064 1223 3131 cencepit
1261 3072 1315 3116 et
1345 3062 1608 3116 divinitus
1647 3061 1874 3130 peperit.
1933 3061 2120 3114 Adhuc
2158 3061 2318 3113 etiam
2352 3061 2396 3119 (ζ
2429 3053 2519 3105 λαε

2234 3077 2318 3113 am
2352 3061 2396 3119 (ζ
2429 3053 2666 3105 λαϐοῦσά
2697 3071 2753 3105 τε
2801 3057 2890 3106 καὶ
2921 3055 3153 3106 τεκοῦσα
3187 3056 3362 3114 θείως.
3400 3058 3520 3108 "lict
3557 3074 3619 3123 γε
3661 3059 3769 3126 μὴν
3804 3061 3980 3128 κυρία

768 3157 992 3210 Domina
1045 3164 1126 3209 est
1179 3169 1286 3206 non
1327 3153 1487 3206 modo
1513 3154 1637 3220 quia
1672 3168 1700 3204 a
1735 3152 1995 3205 servitute
2042 3151 2322 3212 imtnunis,

767 3259 821 3299 et
871 3247 1066 3300 divintn
1111 3243 1498 3298 dominationis
1534 3243 1824 3310 particeps,
1871 3243 1962 3295 sed
2009 3243 2168 3294 etiam
2200 3241 2325 3308 quia

773 3337 893 3391 fons
929 3347 981 3390 et
1011 3335 1163 3389 radix
1196 3333 1408 3402 generis
1441 3333 1660 3384 humani
1718 3331 2055 3384 liberationis
2101 3346 2326 3398 pra-ser-

770 3432 864 3481 tiin
898 3429 949 3480 in
984 3437 1138 3495 partu
1170 3434 1276 3478 tam
1319 3424 1440 3476 lteto
1488 3433 1650 3490 quam
1701 3421 1978 3474 ineﬂabili.
2018 3419 2148 3472 Viro
2181 3422 2324 3474 enim

773 3519 1058 3585 coniugata
1094 3515 1271 3583 p0tius
1303 3521 1386 3566 est
1417 3512 1690 3564 dominata
1725 3526 1883 3577 quam
1912 3511 2151 3572 domina,
2197 3525 2328 3578 prae-

775 3610 959 3660 sertim
1020 3605 1073 3658 in
1124 3617 1350 3672 pcenoso
1411 3599 1770 3666 dolorosoque
1819 3609 1974 3667 partu
2029 3600 2323 3652 secundum

775 3697 920 3748 illam
954 3694 1009 3747 in
1051 3692 1210 3746 Evam
1254 3687 1683 3743 inaledictionetn
1721 3704 1735 3741 :
1775 3706 1793 3738 ι
1822 3686 1877 3739 In
1916 3687 2098 3740 dolore
2149 3689 2326 3755 paries

777 3789 913 3841 ﬁlios
1049 3785 1149 3838 sub
1179 3782 1278 3836 viri
1309 3789 1573 3850 potestate
1607 3779 1715 3832 eris
1736 3789 1790 3831 et
1825 3779 1936 3846 ipse
1964 3779 2324 3831 dominabitur

773 3879 866 3931 tibi
886 3896 930 3941 ;ι
953 3891 1054 3944 qua
1075 3873 1444 3927 maledictione
1462 3867 1625 3937 Virgo
1641 3867 1808 3922 Mater
1837 3884 2004 3937 genus
2030 3870 2325 3922 humanum

775 3970 1067 4020 hberatura
1095 3972 1314 4016 econtra
1344 3960 1568 4013 salutem
1606 3962 1674 4012 ab
1705 3957 1891 4026 angelo
1920 3967 1972 4009 et
1996 3957 2327 4010 benedictio-

781 4073 903 4111 nem
942 4054 1156 4122 aecipit.
1194 4051 1327 4105 Nam
1361 4050 1620 4118 scriptum
1652 4058 1774 4103 est:
1806 4048 2086 4116 Ingressus
2107 4048 2328 4116 angi-lus

779 4151 916 4201 dixit
965 4147 1027 4199 ad
1065 4144 1339 4212 Virginem
1377 4142 1552 4200 :Ave.
1610 4139 1780 4207 gratia
1822 4138 1974 4206 plena
2000 4176 2014 4199 ,
2070 4136 2330 4191 Dominus

780 4250 954 4290 tecum
1006 4232 1284 4287 benedicta
1312 4240 1366 4283 tu
1390 4230 1441 4281 in
1471 4227 1806 4281 mulieribus.
1834 4225 1950 4278 Non
1975 4227 2156 4278 statim
2187 4225 2329 4277 lutu-

787 4345 902 4381 rum
934 4321 1278 4394 praenuntiat
1319 4323 1365 4374 ei
1417 4321 1640 4374 dicens:
1677 4317 1932 4372 Dominus
1987 4326 2182 4379 tecum,
2234 4317 2325 4370 sed

781 4419 923 4490 quod
959 4415 1298 4469 invisibiliter
1330 4412 1469 4465 videt
1514 4411 1568 4463 in
1601 4424 1664 4464 ea
1694 4410 1800 4477 jam
1853 4408 2146 4478 perfectum
2195 4423 2329 4478 pra:-

781 4511 964 4572 mittit,
996 4522 1111 4560 eam
1143 4503 1295 4572 quasi
1323 4503 1503 4556 sedem
1532 4501 1835 4554 divinarum
1867 4501 2330 4568 humanarumque

779 4601 1074 4669 gratiarum
1119 4592 1459 4658 intelligens,
1507 4600 1560 4643 et
1614 4587 1866 4641 omnibus
1896 4586 2211 4639 adornatam
2246 4588 2329 4638 di-

780 4692 884 4744 vini
927 4687 1158 4755 Spiritus
1191 4681 1638 4745 charismatibus,
1672 4680 1840 4745 gratia
1871 4677 2083 4746 plenam
2113 4676 2329 4746 proprie

783 4777 1113 4850 praedicavit.
1150 4774 1372 4841 Insuper
1393 4774 1532 4826 illam
1553 4785 1673 4841 quae
1698 4769 1852 4838 quasi
1882 4771 1989 4835 iam
2022 4770 2076 4821 in
2101 4782 2162 4820 ea
2182 4782 2332 4820 recu-

787 4874 1003 4926 bantem
1034 4867 1347 4935 conceperit
1369 4879 1490 4917 eum
1519 4865 1698 4930 in;quo
1719 4870 1845 4915 sunt
1876 4871 2064 4913 omnes
2093 4859 2332 4912 thesauri

783 4962 1145 5030 conspiciens,
1176 4957 1582 5027 prtevidensque
1612 4956 1729 5023 ejus
1755 4951 2128 5022 graviditatem
2151 4952 2334 5003 dolore

783 5029 1081 5108 immunem
1111 5060 1162 5102 et
1185 5059 1395 5114 partum
1434 5047 1615 5099 labore
1651 5047 1907 5108 liberum,
1955 5044 2077 5112 jure
2107 5043 2170 5095 ad
2203 5029 2335 5108 gau-

785 5147 933 5199 dium
967 5143 1234 5207 invitavit,
1262 5151 1315 5194 et
1340 5140 1507 5194 solani
1542 5136 1878 5190 benedictam
1907 5146 1958 5188 et
1983 5135 2334 5203 gloriﬁcatatn

787 5239 837 5289 in
879 5233 1197 5288 mulieribus
1232 5231 1420 5282 merito
1476 5228 1754 5282 indicavit.
1806 5227 1861 5279 Si
1907 5226 2050 5280 enim
2090 5227 2336 5279 attendas

786 5339 982 5396 quanta
1042 5325 1213 5392 gloria
1272 5321 1503 5390 gaudeat
1548 5318 1709 5388 Virgo
1760 5318 2007 5386 Deipara,
2066 5318 2211 5370 nulla
2257 5326 2338 5372 est

786 5421 888 5473 alia
944 5417 1237 5488 glorificata
1272 5422 1690 5481 quantacunth
1728 5409 1886 5463 laude
1917 5417 2160 5462 ornetur.

857 5687 982 5741 Qum
1029 5693 1149 5729 cuin
1198 5677 1418 5730 vidissct
1461 5673 1663 5741 Virgo,
1719 5676 1914 5728 timens
1963 5691 2026 5728 ne
2087 5677 2341 5728 seducta:

945 6003 1108 6071 "‘1.

2428 3146 2519 3197 καὶ
2556 3144 2628 3208 ὡς
2651 3146 2748 3197 οὐκ
2786 3146 3048 3214 ἐλευθέρα
3075 3150 3234 3212 μόνον
3267 3149 3529 3211 δουλείας,
3555 3151 3645 3200 καὶ
3668 3150 3981 3218 κυριότητος

2427 3236 2578 3296 θείας
2609 3238 3001 3306 ὲπειλημμένη,
3027 3240 3160 3290 ἀλλὰ
3186 3239 3277 3290 καὶ¹
3308 3239 3379 3299 di;
3415 3241 3564 3308 πηγὴ
3597 3243 3689 3292 καὶ
3715 3243 3839 3308 ῥίζα
3886 3243 3981 3309 τῆς

2425 3327 2518 3378 τοῦ
2550 3327 2737 3393 γένους
2775 3327 3104 3396 ἐλευθερίας,
3140 3327 3500 3396 καὶ“μάλιστα
3527 3324 3665 3399 μετὰ
3696 3333 3784 3382 τὸν
3809 3333 3981 3402 ἁπόρ-

2429 3418 2589 3483 ρητον
2622 3416 2710 3465 καὶ
2735 3417 3071 3481 χαρμόσυνον
3094 3419 3250 3470 τόκον
3272 3435 3283 3447 ·
3307 3421 3338 3487 ἡ
3361 3421 3466 3488 γὰρ
3489 3421 3640 3487 ἀνδρὶ
3687 3421 3976 3486 συζυγείσα

2429 3505 2785 3574 κυριευομένη
2834 3506 3030 3573 μᾶλλόν
3081 3510 3229 3559 ἐστιν
3276 3509 3306 3576 ἢ
3365 3513 3547 3576 κυρία,
3595 3513 3688 3562 καὶ
3748 3512 3980 3578 μάλιστα

2433 3596 2569 3663 μετὰ
2595 3596 2685 3646 τὸν
2724 3599 3016 3664 περίλυπον
3047 3600 3137 3649 καὶ
3171 3599 3478 3653 κατώδυνον
3515 3602 3691 3663 τόκον,
3721 3605 3860 3654 κατὰ
3884 3605 3980 3670 τὴν

2431 3685 2565 3752 πρὸς
2599 3684 2696 3752 τὴν
2755 3684 2896 3736 Εὕαν
2942 3687 3078 3754 ἀρὰν
3115 3690 3358 3758 ἐκείνηψ
3413 3710 3431 3741 ι
3463 3691 3551 3742 Ἑν
3601 3692 3792 3756 λύπαις
3854 3693 3983 3762 τέξῃ

2428 3774 2612 3838 τέκνα,
2646 3775 2738 3826 καὶ
2787 3777 2919 3842 πρὸς
2962 3778 3050 3828 τὸν
3084 3779 3250 3846 ἄνδρα
3299 3796 3391 3831 σου
3431 3783 3461 3848 ἠ
3514 3784 3825 3851 ἀποστροφή
3863 3799 3978 3844 σου,

2429 3866 2522 3916 καὶ
2548 3864 2708 3927 αὑτός
2742 3883 2835 3917 σου
2898 3870 3207 3934 κυριεύσει·
3245 3887 3262 3918 ι
3317 3866 3382 3937 ἦς
3413 3871 3547 3938 ἀρᾶς
3577 3872 3608 3939 ἡ
3635 3873 3980 3940 ῐΙαρθενομή-

2429 3973 2540 4024 τωρ
2566 3956 2918 4025 ἐλευθεροῦσα
2954 3958 3011 4008 τὸ
3056 3957 3396 4028 ἀνθρώπινον
3440 3963 3614 4026 γένος,
3664 3964 3762 4030 τὴν
3807 3967 3980 4032 χαρὰν

2430 4047 2496 4099 δι’
2516 4047 2748 4114 ἀγγέλου
2793 4050 2885 4100 καὶ
2936 4049 3034 4116 τὴν
3084 4049 3332 4116 εὐλογίαν
3373 4053 3980 4116 ἀναλαμϐάνει-εἰσελ-

2434 4135 2540 4189 θὼν
2572 4136 2704 4202 γὰρ,
2743 4138 2928 4204 φησὶν,
2962 4143 2985 4190 ὸ
3011 4138 3261 4204 ἄγγελος,
3310 4135 3429 4191 εἷπε
3479 4144 3611 4209 πρὸς
3643 4145 3739 4210 τὴν
3772 4145 3982 4212 Παρθέ-

2434 4244 2522 4279 νον
2544 4245 2556 4257 ο
2591 4245 2608 4277 ι
2635 4229 2830 4295 Χαῖρε,
2869 4229 3283 4299 κεχαριτωμένη
3306 4247 3319 4260 ·
3351 4233 3378 4283 ό
3410 4233 3609 4300 Κύριος
3659 4236 3796 4302 μετὰ
3846 4235 3937 4286 σοῦ
3968 4251 3981 4264 ο

2434 4317 2767 4387 εὐλογημένη
2794 4320 2856 4369 σὺ
2888 4320 2945 4370 ὲν
2973 4320 3235 4386 γυναιξίν.
3271 4340 3288 4371 ι
3323 4323 3394 4374 Οὐ
3431 4323 3490 4373 τὸ
3515 4323 3703 4390 μέλλον
3721 4323 3749 4374 ό
3774 4325 3983 4392 ἀρχάγ-

2433 4407 2585 4474 γελος
2621 4409 3087 4476 προκαταγγέλλει
3150 4412 3283 4478 πρὸς
3337 4413 3506 4480 αὐτὴν
3547 4415 3740 4479 λέγων,
3783 4415 3840 4466 Ὀ
3876 4415 3985 4466 Κύ-

2437 4513 2546 4565 ριος
2587 4499 2722 4564 μετὰ
2769 4498 2883 4563 σοῦ,
2919 4498 3032 4552 ἀλλ’
3065 4502 3201 4570 ὅπερ
3239 4504 3479 4572 ἀοράτως
3505 4504 3650 4573 ἑώρα
3685 4507 3983 4572 τηνικαῦτα

2433 4586 2754 4654 τελούμενον
2795 4588 3129 4655 ἐξαγγέλλει.
3187 4592 3299 4643 Καὶ
3375 4594 3572 4660 χωρίον
3632 4595 3732 4662 μὲν
3779 4594 3984 4662 ταύτην

2437 4677 2596 4729 θείων
2628 4680 2726 4729 καὶ
2755 4680 3106 4746 ἀνθρωπίνων
3164 4683 3517 4749 χαρισμάτων
3565 4683 3858 4745 κατανοῶν,
3893 4687 3982 4735 καὶ

2437 4765 2526 4820 διὰ
2577 4768 2792 4820 πάντων
2847 4769 3267 4837 κεκοσμημένην
3319 4770 3428 4821 τῶν
3485 4773 3838 4840 χαρισμάτων
3888 4773 3983 4824 τοῦ

2441 4855 2584 4907 θείου
2619 4857 2946 4926 Ιινεύματος,
2976 4861 3426 4928 κεχαριτωμένην
3450 4845 3659 4929 ἐτύμως
3688 4865 3982 4932 ἀνηγόρευ-

2450 4948 2836 4998 σεν.Ἐνοικον·
2855 4946 3201 5002 δὲλαϐοῦσαν
3224 4952 3321 5020 ἤδη
3344 4952 3573 5003 κατιδὼν
3604 4952 3692 5004 τὸν
3723 4953 3778 5002 ὲν
3867 4953 3979 5004 τού-

2438 5056 2544 5090 των
2604 5039 2858 5090 ἁπάντων
2913 5040 2961 5091 οἱ
3008 5039 3291 5108 θησαυροὶ,
3339 5041 3431 5092 καὶ
3474 5041 3833 5110 προκαθορῶν
3885 5045 3986 5107 τῆν

2440 5130 2643 5182 ἄλυπον
2697 5132 3011 5198 κυοφορίαν,
3052 5131 3145 5182 καὶ
3187 5131 3292 5182 τῶν
3331 5133 3458 5183 ἄνευ
3509 5133 3708 5183 ὠδίνων
3733 5134 3987 5200 ἐσόμενον

2440 5222 2619 5286 τόκον,
2668 5221 3207 5292 προσευηγγελίσατο
3251 5222 3423 5293 ταύτῃ
3471 5223 3573 5291 75
3609 5224 3838 5292 χαίρειν,
3895 5226 3988 5274 καὶ

2446 5313 2612 5379 μόνην
2644 5312 3010 5380 εὐλογημένην
3045 5310 3182 5363 εἶναι
3214 5311 3307 5363 καὶ
3337 5313 3729 5382 δεδοξασμένην
3768 5313 3988 5372 εἰκότως

2441 5407 2498 5456 ἐν
2521 5405 2735 5471 γυναιξὶ
2764 5405 3055 5458 διετείνατο
3081 5421 3094 5435 °
3127 5409 3191 5474 τῇ
3243 5407 3352 5474 γάρ
3400 5406 3674 5474 ὑπερϐολῇ
3707 5408 3802 5472 τῆς
3852 5409 3988 5458 κατὰ

2447 5495 2544 5563 τὴν
2571 5495 2875 5563 θεομήτορα
2907 5495 3178 5562 Παρθένον
3213 5496 3366 5565 δόξης
3395 5497 3494 5548 οὐκ
3546 5496 3659 5547 ἔστι
3707 5514 3786 5559 τις
3833 5498 3992 5565 ἑτέρα

2450 5586 2827 5650 δεδνιξασμένη,
2858 5586 2959 5636 κᾶν
2984 5585 3263 5653 ἐδοξάσθη.

2531 5677 2667 5729 ’Λλϊ
2710 5676 3044 5746 ὴίΙαρθένος
3081 5677 3259 5728 ἰδοῦσα
3316 5680 3405 5730 καὶ
3446 5677 3741 5746 φοϐηθεῖσα
3788 5676 3863 5742 μή
3914 5692 3992 5736 τις
