4442 6448
769 443 788 503 Ῑ
801 444 865 502 75

2015 435 2389 504 otiEGonII
2433 446 2754 505 meum

3886 448 3986 506 Πὸ

760 554 824 602 at
855 550 1138 618 antiquum
1173 551 1382 602 tiith'Ulll
1419 557 1678 616 μνη-(ειη,
1716 563 1765 602 et
1803 553 1866 604 \IU
1909 553 1945 603 il
1986 552 2032 604 ei
2070 562 2304 619 potesta-
2335 569 2380 624 Α
2408 556 2514 623 γὰρ

2236 563 2304 603 La-
2335 556 2539 624 Αγάρ,
2577 555 2761 622 φησὶν,
2811 555 2912 616 ἕως
2948 548 3007 607 οῦ
3070 554 3249 622 θρόνοι
3299 553 3562 622 ἐτέθησαν
3616 555 3709 607 καὶ
3762 557 3990 619 παλαιὸς

761 655 863 689 lt'lll
894 653 944 693 et
981 644 1237 694 honori-tu
1269 651 1321 693 et
1357 656 1580 708 regnum
1612 663 1624 706 ;
1657 645 1742 711 t-ju
1807 659 1990 710 regum
2020 651 2303 703 aeternum,

757 744 805 779 et
835 748 863 796 p
888 743 951 782 ite
987 743 1066 784 tas
1093 733 1212 798 ejus
1245 736 1397 786 alteri
1431 751 1533 786 non
1568 735 1976 801 ili-relinquetur
1998 735 2062 786 ".
2107 753 2124 784 ι

2422 645 2646 714 ἡμερῶν
2678 645 2899 696 ἐκάθισε
2931 661 2944 673 ·
2986 648 3077 697 καὶ
3115 645 3221 697 ἰδοῦ
3255 646 3328 706 ὡς
3360 646 3472 706 υίὸς
3505 645 3796 712 ἀνθρώπου
3832 648 3990 715 ἐρχό-

2427 751 2584 802 μενος
2610 736 2702 786 ἐπὶ
2731 735 2836 786 τῶν
2867 736 3108 803 νεφελῶν
3137 736 3231 787 τοῦ
3257 737 3512 804 οὐρανοῦ,
3555 739 3649 790 καὶ
3693 739 3852 807 μέχρι
3899 741 3993 792 τοῦ

761 825 869 891 76
900 822 1126 874 παλαιοῦ
1160 823 1263 872 τώι
1292 824 1512 892 ἡμερῶν
1541 823 1765 891 ἔφθασε,
1794 826 1884 875 καὶ
1915 823 2063 891 αῦτῷ
2094 823 2251 890 ἐδόθη
2289 824 2321 890 ή
2358 822 2494 890 τιμὴ
2528 825 2620 874 καὶ
2655 826 2686 893 ἡ
2720 825 2936 890 ἐξουσία
2965 843 2979 857 ο
3008 827 3100 878 καὶ
3129 828 3162 895 ἡ
3208 825 3454 894 βασιλεία
3515 827 3680 881 αὑτοῦ
3749 829 3996 896 βασιλεία

757 925 809 970 ei
847 937 992 980 αγις,
1022 937 1113 971 και
1168 920 1375 986 βασιλεῖ
1413 920 1584 988 ἑτέρῳ
1631 922 1728 988 οῦκ
1780 919 2252 988 ύπολειφθήσεται.
2295 937 2312 968 ι

823 1015 978 1064 (Lerte
1007 1013 1246 1077 regnabit
1275 1028 1436 1078 super
1471 1014 1728 1063 thronum
1765 1011 1952 1076 David,
1983 1021 2036 1064 et
2069 1012 2314 1082 regnabit

755 1105 806 1156 iu
844 1103 1004 1155 duino
1027 1101 1216 1164 Jaeoh,
1243 1118 1362 1154 eum
1397 1101 1565 1157 Jacob
1594 1106 1814 1172 quidem
1846 1104 1916 1156 sit
1948 1104 2191 1156 omnittm
2223 1101 2316 1171 qui

755 1196 917 1247 DeUtu
959 1206 1213 1247 verentur
1251 1194 1581 1260 patriarcha,
1626 1194 1790 1247 David
1825 1205 2003 1247 autem
2041 1193 2162 1262 pius
2202 1208 2318 1246 Oln-

752 1285 898 1337 nium
957 1301 1140 1353 regum
1177 1288 1382 1353 primus
1415 1287 1742 1352 regnaverit,
1771 1300 1800 1337 a
1838 1285 1944 1338 Deo
1974 1291 2228 1352 acceptus
2261 1282 2314 1336 in

751 1381 972 1441 li,,ttt:t«u
1007 1380 1210 1429 Christi
1247 1378 1335 1444 qui
1368 1377 1786 1445 patriam-halent
1823 1389 1876 1431 et
1931 1377 2130 1446 regiam
2167 1385 2315 1444 pole-

751 1480 938 1521 statem
974 1470 1024 1520 in
1056 1486 1220 1520 unum
1254 1470 1524 1522 ccelcslezn
1563 1480 1614 1522 et
1650 1479 1912 1521 aeternum
1952 1469 2311 1536 principatum

753 1563 1048 1632 majunxit.
1091 1559 1252 1630 Virgo
1315 1576 1441 1612 vero
1486 1559 1904 1628 gratiosissima,
1952 1558 2151 1610 auditis
2202 1567 2308 1610 tam

750 1658 902 1706 novis
929 1665 1146 1719 tamque
1173 1653 1372 1703 divinis
1399 1653 1466 1703 ah
1512 1651 1704 1719 angelo
1739 1651 1802 1701 ad
1839 1651 2010 1716 ipsam
2043 1647 2312 1702 sermoni-

748 1754 843 1797 bus
875 1761 888 1799 :
936 1762 951 1792 ι
977 1743 1246 1795 Dominus
1277 1753 1550 1804 tecum,...
1580 1752 1631 1795 et
1653 1756 1778 1795 cccc
1807 1740 2081 1808 concipit-5
2104 1756 2224 1802 ς...»
2259 1746 2312 1789 et

2501 1014 2729 1066 Καθίσει
2757 1016 2813 1067 δὲ
2844 1017 2932 1066 ἐπὶ
2964 1017 3054 1067 τὸν
3086 1015 3276 1084 θρόνον
3312 1014 3497 1073 Δαὸὶδ.
3551 1013 3646 1066 καὶ
3683 1014 3994 1082 βασιλεύσει

2425 1105 2515 1156 ἐπὶ
2549 1108 2637 1156 τὸν
2676 1099 2824 1157 οἷκον
2853 1106 3051 1158 Ἰακώϐ
3081 1120 3096 1134 ⁸
3132 1105 3434 1174 ἐπειδήπερ
3461 1108 3489 1159 δ
3533 1108 3633 1175 μὲν
3663 1105 3859 1158 Ἰακὼϐ
3891 1124 3992 1157 πα-

2423 1194 2686 1263 τριάρχης
2722 1194 2830 1246 τῶν
2863 1194 3132 1246 θεοσεὸὦν
3159 1196 3305 1246 ἐστιν
3331 1195 3609 1256 ἀπάντων,
3654 1196 3682 1246 ὁ
3720 1194 3790 1246 δὲ·
3829 1194 3993 1246 Δα6“ιδ

2422 1286 2636 1356 πρῶτος
2668 1286 2924 1339 ἁπάντων
2964 1286 3231 1348 θεοσεὸὦς
3262 1286 3402 1354 ὁμοῦ
3432 1288 3525 1338 καὶ
3565 1286 3876 1354 θεαρέστως
3906 1289 3984 1349 εἰς

2419 1378 2588 1430 τύπον
2613 1377 2932 1430 ἐϐασίλευσε
2978 1377 3213 1446 Χριστοῦ
3241 1392 3255 1406 ο
3300 1377 3358 1440 ὃς
3390 1377 3758 1447 πατριαρχίαν
3793 1394 3848 1428 τε
3895 1379 3992 1429 καὶ

2415 1470 2692 1538 βασιλείαν
2721 1471 2799 1530 είς
2830 1468 2958 1537 μίαν
2993 1470 3245 1536 οὐράνιον
3279 1470 3373 1521 καὶ
3424 1469 3646 1521 αἰώνιον
3681 1469 3985 1535 συνήγαγεν

2413 1563 2608 1630 ἀρχήν.
2653 1561 2716 1612 Ἦ
2752 1561 2808 1612 δὲ
2860 1561 3286 1630 κεχαριτωμένη
3341 1559 3613 1630 Παρθένος
3667 1560 3773 1610 τῶν
3816 1558 3988 1620 οὕτως

2413 1652 2664 1716 ἐξαισίων
2731 1653 2825 1704 καὶ
2875 1651 3034 1704 θείων
3096 1652 3169 1714 ώς
3215 1653 3413 1721 ἤκουσε
3477 1649 3570 1703 τοῦ
3635 1651 3987 1720 ἀρχαγγέλου

2412 1743 2548 1812 πρὸς
2579 1744 2749 1812 αὐτὴν
2780 1744 3064 1813 ῥημάτων,
3085 1744 3166 1796 ὃτι
3207 1743 3266 1796 ’0
3299 1742 3502 1812 Κύριος
3535 1743 3675 1812 μετά
3732 1742 3846 1805 σοῦ,
3890 1742 3989 1793 καὶ

746 1834 970 1887 habebis
1008 1831 1202 1885 Filium
1261 1842 1575 1900 regnantem
1629 1834 1680 1884 in
1733 1842 1994 1885 :rternum
2047 1829 2310 1884 Altissitni
2342 1819 2387 1878 Β
2421 1835 2494 1886 [Eo

2229 1829 2310 1882 uni
2342 1819 2387 1878 Β
2421 1835 2530 1888 ἰδοὺ
2587 1835 2855 1906 συλλὴψῃ,
2892 1835 3124 1888 καὶυίδν
3147 1835 3310 1900 ἔξεις,
3336 1835 3428 1886 τὸν
3471 1834 3821 1903 βασιλεύοντα
3875 1833 3983 1886 τῶν

747 1923 935 1976 Filium
970 1941 981 1975 :
1021 1943 1036 1974 ι
1069 1924 1372 1988 Quomodo,
1399 1924 1490 1984 ait,
1521 1927 1606 1975 tiet
1638 1923 1820 1976 istud?
1845 1924 2097 1989 quoniam
2134 1923 2310 1974 virum

745 2032 850 2068 non
875 2031 1165 2085 cognosco;
1190 2034 1206 2065 ι
1232 2015 1358 2068 licet
1384 2016 1716 2082 spiritualem
1736 2015 1894 2067 nimis
1911 2014 2313 2084 corporalibus-

745 2126 847 2177 que
877 2109 1222 2177 passiouibus
1253 2111 1587 2176 superiorem
1617 2109 1746 2161 mihi
1785 2110 2032 2160 nuntium
2074 2107 2270 2161 atTeras
2294 2147 2309 2171 ,

747 2213 924 2253 tamen
950 2201 1080 2254 mihi
1107 2201 1342 2268 loqueris
1366 2199 1416 2251 in
1439 2209 1592 2252 utero
1609 2202 2043 2270 conceptionem,
2063 2210 2112 2252 et
2137 2201 2313 2268 gravi-

743 2293 963 2344 tlitatcni
1013 2299 1065 2342 et
1097 2301 1310 2358 partum
1346 2304 1465 2358 qua:
1519 2291 1924 2359 conceptionem
1968 2300 2306 2355 sequentur;

743 2381 1014 2449 quomodo
1031 2395 1158 2449 ergo
1180 2379 1425 2433 mihierit
1445 2380 1610 2445 istud,
1630 2396 1883 2448 quoniam
1907 2381 2078 2434 virum
2096 2395 2202 2432 non
2223 2395 2310 2434 co-

745 2470 982 2538 guosco?
1005 2468 1094 2524 Sic
1117 2472 1260 2522 fatur
1283 2469 1464 2539 Virgo,
1489 2485 1595 2522 non
1620 2471 1743 2538 quia
1775 2472 2011 2524 nondum
2033 2471 2308 2534 credebat,

745 2565 834 2615 sed
862 2563 986 2632 quia
1021 2563 1228 2616 discere
1258 2571 1522 2630 quantum
1555 2571 1785 2630 poterat,
1810 2563 2083 2628 quomodo
2108 2576 2193 2614 res
2217 2561 2308 2614 tie-

745 2668 847 2717 l‘t‘l,
879 2651 1317 2722 concupiscebat.
1345 2652 1640 2719 Propterea
1670 2652 2028 2719 arcltaugelus
2049 2651 2110 2703 ad
2135 2666 2254 2703 eam
2289 2668 2301 2702 :

751 2765 767 2796 ι
806 2745 1064 2813 Spiritus,
1113 2744 1210 2806 ait,
1248 2752 1471 2796 sanctus
1501 2744 1848 2811 superveniet
1878 2743 1928 2794 in
1961 2751 2030 2806 ιιι,
2060 2751 2112 2795 et
2136 2743 2306 2797 virtus

743 2835 1008 2888 Altissimi
1038 2833 1391 2886 obumbrabit
1435 2832 1568 2894 tibi;
1608 2831 1725 2884 ideo
1769 2842 1817 2882 et
1863 2832 2003 2898 quod
2052 2842 2306 2885 nascetur

743 2934 991 2980 sanetum
1025 2924 1303 2979 vocabitur
1333 2922 1502 2976 Filius
1541 2921 1654 2975 Dei.
1695 2940 1711 2971 ι
1741 2920 1857 2974 lam
1891 2922 2105 2989 quidem
2177 2939 2304 2973 san-

742 3030 825 3071 cta
863 3034 942 3080 es,
984 3018 1182 3085 inquit,
1232 3032 1262 3068 ο
1299 3013 1482 3084 Virgo,
1522 3014 1789 3082 plenaque
1837 3012 2029 3082 gratia,
2067 3015 2303 3081 Spiritus

743 3119 919 3161 tamen
953 3116 1174 3161 sanctus
1203 3105 1548 3174 superveniet
1568 3105 1619 3156 in
1655 3113 1705 3156 te
1729 3119 1823 3172 per
1849 3103 2080 3171 amplius
2099 3104 2268 3155 sancti

743 3199 1015 3252 lleationis
1047 3199 1467 3261 incrementum,
1520 3199 1792 3249 instruens
1823 3205 1876 3249 et
1904 3209 2213 3263 praeparans
2250 3195 2300 3247 in

741 3298 794 3344 te
825 3289 913 3341 Dei
961 3288 1332 3357 Operationem
1364 3328 1378 3350 ,
1408 3295 1462 3339 et
1491 3286 1666 3339 virtus
1708 3286 1976 3339 Altissimi
2011 3286 2302 3337 obumbra-

740 3379 818 3434 bit
849 3378 942 3431 tibi
972 3377 1135 3432 simul
1166 3377 1551 3436 corroborans,
1579 3374 1740 3441 vique
1789 3375 2228 3427 obumbrationis
2253 3384 2306 3426 et

739 3469 1016 3524 weietatis
1048 3469 1100 3520 iu
1137 3477 1186 3520 te
1220 3465 1524 3519 informans
1557 3465 1973 3526 humanitatem,
2007 3481 2101 3519 seu
2133 3476 2187 3517 ut
2231 3465 2304 3518 ita

741 3560 940 3619 dicam,
979 3557 1110 3610 illud
1141 3556 1285 3624 quod
1335 3564 1590 3606 noseetur
1627 3562 1903 3616 sanetum,
1948 3552 2040 3605 Dei
2081 3553 2299 3617 Filium,

741 3649 1005 3704 Altissimi
1043 3651 1294 3700 virtutem
1330 3646 1564 3697 humana
1620 3644 1794 3696 forma
1853 3644 1904 3694 in
1931 3646 2121 3695 tutam.
2169 3643 2300 3695 Nam

741 3758 867 3798 ecce
935 3739 1210 3793 Elisabeth
1270 3746 1495 3804 cognata
1570 3745 1701 3797 tua,
1787 3736 1912 3786 licet
1976 3734 2028 3786 in
2107 3735 2304 3786 ειμι-ἰη-

743 3845 851 3887 tate
898 3843 1005 3886 tota
1053 3834 1156 3884 vita
1217 3839 1530 3890 transacta,
1583 3842 1724 3879 nunc
1795 3827 1845 3878 in
1902 3835 2178 3878 senectute
2237 3841 2296 3878 ex

742 3929 854 3979 sola
932 3925 1019 3976 Dei
1071 3923 1348 3974 voluntate
1405 3921 1574 3972 tilium
1622 3919 1889 3985 concepit,
1953 3936 1969 3968 ι
2014 3917 2138 3984 quia
2197 3933 2301 3968 non

742 4019 846 4069 erit
912 4013 1246 4083 impossibile
1310 4013 1451 4080 apud
1519 4009 1684 4062 Deum
1753 4025 1911 4060 omne
1973 4011 2212 4060 verbum.
2280 4024 2297 4056 ι

743 4111 880 4176 Quid
943 4110 1108 4177 igitur
1173 4117 1295 4175 post
1360 4105 1484 4157 talia
1540 4101 1703 4170 Virgo
1761 4100 2154 4168 gratiosissitna
2215 4103 2302 4152 cui

746 4202 887 4254 nulla
936 4208 1153 4268 propter
1190 4211 1344 4248 suam
1386 4210 1507 4247 cum
1557 4192 1664 4245 Deo
1695 4193 2139 4259 coniunctionem
2173 4207 2303 4245 con-

747 4294 873 4347 ferri
911 4290 1129 4360 potest?
1175 4287 1370 4339 lterum
1415 4288 1478 4338 a.l
1521 4285 1688 4338 Deum
1739 4284 1911 4338 currit
1963 4295 2013 4338 et
2050 4300 2143 4352 per
2179 4297 2302 4337 ora-

746 4389 948 4436 tionem
985 4383 1048 4432 ad
1089 4380 1264 4446 ipsum
1299 4378 1554 4439 intendit,
1592 4376 1973 4445 archangelum
2006 4375 2164 4428 allaza
2197 4392 2209 4428 :
2247 4374 2301 4429 Si

748 4476 1003 4545 Spiritus,
1040 4483 1096 4524 ut
1150 4474 1252 4534 ais,
1311 4482 1530 4522 sanctus
1561 4469 1906 4537 superveniet
1958 4468 2011 4520 in
2067 4483 2150 4521 me
2208 4469 2300 4536 qui

748 4582 922 4621 meam
956 4573 1207 4618 naturam
1251 4563 1501 4630 puritieet
1551 4571 1600 4614 et
1633 4563 1916 4614 continuet
1946 4560 2010 4613 ad
2044 4561 2308 4629 recipien-

745 4658 875 4709 dum
933 4653 1226 4706 salutarem
1280 4659 1517 4716 partum,
1568 4649 1611 4700 si
1670 4648 1842 4702 virtus
1897 4647 2167 4702 Altissimi
2219 4664 2305 4702 uie

748 4743 1096 4801 obumbrabit
1126 4742 1195 4795 ad.
1227 4739 1414 4792 ell‘orm
1437 4739 1621 4791 indum
1658 4741 1710 4792 in
1749 4754 1833 4792 me
1867 4743 2166 4793 secundum
2201 4741 2302 4792 huv

748 4837 1062 4892 mauitatem
1102 4833 1250 4885 illum
1292 4834 1380 4900 qui
1418 4831 1576 4884 estin
1611 4829 1784 4882 forma
1823 4830 1938 4894 Dei,
1965 4841 2018 4884 et
2053 4829 2306 4900 ellingen-

749 4933 870 4985 dam
924 4929 1040 4983 sine
1073 4927 1276 4980 semine
1338 4925 1566 4991 prolem,
1603 4923 1647 4976 si
1704 4923 1847 4992 quod
1902 4933 2156 4978 nascetur
2205 4927 2308 4978 erit

745 5033 1036 5078 sanctum,
1095 5027 1146 5069 et
1197 5014 1363 5067 Filius
1419 5015 1509 5067 Dei
1572 5025 1624 5066 et
1684 5013 1822 5066 Deus
1883 5025 1937 5067 ct
2004 5031 2094 5067 rex
2162 5031 2305 5069 sctu-

725 5090 1016 5185 ipiternus,
1076 5125 1180 5162 non
1237 5120 1320 5163 est
1365 5110 1509 5160 enim
1561 5109 1893 5176 impossibile
1946 5109 2084 5176 apud
2141 5109 2306 5160 Deum

747 5222 908 5260 omne
955 5203 1174 5258 verbum
1214 5219 1227 5253 :
1268 5219 1285 5251 ι
1330 5200 1464 5255 ECI'C
1514 5201 1706 5253 ancilla
1763 5201 1999 5263 Domini,
2055 5201 2138 5253 ﬁat
2176 5199 2304 5252 tnihi

748 5297 1042 5352 secundum
1109 5294 1329 5346 verbum
1405 5305 1578 5345 tuum.
1625 5309 1641 5340 ι
1711 5291 1770 5343 Et
1835 5291 2085 5344 discessit
2136 5306 2299 5358 auge-

743 5391 829 5444 lus
911 5387 980 5439 ab
1031 5399 1094 5438 ea
1148 5385 1463 5451 relinquens
1527 5383 1578 5434 in
1643 5390 1798 5434 utero
1876 5373 2024 5460 illius
2084 5381 2303 5449 corpori

747 5479 1116 5534 coadunatum
1172 5475 1414 5526 omnium
1475 5473 1834 5535 conditorem,
1902 5483 1952 5524 ct
2016 5489 2106 5540 per
2150 5473 2304 5524 istam

747 5561 1191 5638 conjunctiontmi
1268 5565 1350 5616 cui
1425 5565 1755 5616 ministravit
1825 5564 2048 5632 largitus
2108 5565 2308 5617 mundo

749 5665 999 5716 salutem.
1074 5658 1146 5709 Ita
1201 5672 1332 5709 sane
1393 5656 1556 5709 Isaias
1620 5672 1716 5722 per
1769 5672 1830 5710 ea
1887 5672 2005 5724 qua:
2071 5657 2200 5707 vidit
2256 5665 2307 5707 et

822 5841 865 5869 ⁸ο
891 5837 1026 5893 Dan.
1063 5850 1154 5906 vti,
1184 5835 1235 5904 9,
1291 5833 1373 5900 l5,
1413 5833 1498 5885 l/t.

2414 1927 2624 1978 αἰώνων
2662 1928 2754 1979 τοῦ
2801 1928 3052 1996 Ὑψίστου
3086 1927 3214 1978 Υίόν
3249 1943 3262 1956 °
3293 1944 3312 1977 ι
3355 1925 3476 1988 Πῶς
3499 1926 3650 1978 ἔσται
3678 1943 3786 1994 μοι,
3823 1925 3982 1993 φησὶ,

2411 2021 2614 2086 τοῦτο;
2674 2023 2795 2074 ἐπεὶ
2859 2022 3026 2090 ἄνδρα
3079 2022 3140 2074 οῦ
3203 2021 3478 2087 γινώσκω.
3523 2039 3541 2070 ι
3599 2020 3660 2072 Et
3721 2020 3830 2087 γὰρ
3884 2019 3986 2072 καὶ

2413 2115 2781 2182 πνευματικὸν
2810 2117 2970 2182 ἄγαν,
3004 2113 3101 2167 καὶ
3143 2113 3423 2183 σαρκικῶν
3469 2111 3660 2165 παθῶν
3695 2113 3980 2180 ὑπερανῳ-

2412 2208 2668 2273 κισμένον
2699 2222 2791 2275 μοι
2822 2207 3068 2274 κομίζεις
3090 2207 3151 2258 τὸ
3179 2205 3519 2271 εὐαγγέλιον,
3550 2203 3682 2256 ἀλλά
3719 2203 3977 2271 σύλληψίν

2415 2315 2503 2366 μοι
2527 2297 2704 2362 λέγεις
2736 2298 2792 2350 ἐν
2829 2298 3046 2366 γαστρὶ.
3083 2298 3176 2349 καὶ
3207 2297 3404 2364 κύησιν
3439 2297 3531 2347 καὶ
3565 2296 3744 2357 τόκον,
3780 2293 3873 2345 καὶ
3917 2293 3978 2344 τὸ

2415 2389 2525 2441 ίδοῦ
2555 2388 2852 2458 προστίθης
2883 2389 2974 2440 ἐπὶ
3011 2389 3111 2457 τῆς
3149 2389 3461 2456 συλλήψεως
3492 2403 3503 2414 '
3541 2387 3656 2448 πῶς
3698 2381 3789 2437 οῦν
3824 2385 3980 2436 ἔσται

2413 2500 2504 2551 μοι
2533 2481 2688 2534 τοῦτο
2719 2498 2734 2544 ;
2780 2481 2902 2532 ἐπεὶ
2937 2469 3126 2549 ἀνδρα,
3160 2481 3344 2549 φησὶν,
3374 2480 3434 2530 οὐ
3483 2479 3754 2544 γινώσκω.
3807 2476 3981 2528 Τοῦτο

2407 2575 2462 2627 δέ
2494 2575 2715 2642 φησινὴ
2755 2571 3021 2641 Παρθένος
3053 2571 3230 2623 οὐκέτ’
3280 2569 3600 2633 ἀπιστοῦσα,
3664 2569 3852 2636 μαθεῖν
3921 2570 3976 2618 δὲ

2409 2664 2468 2717 τδ
2505 2667 2734 2734 πρᾶγμα
2758 2663 2895 2716 κατὰ
2923 2664 2981 2713 τὸ
3005 2662 3226 2714 δυνατὸν
3258 2661 3332 2724 ώς
3377 2662 3492 2730 ἔχει
3546 2659 3780 2729 ζητοῦσα
3813 2675 3826 2690 ο
3886 2659 3976 2712 διὰ

2407 2757 2564 2810 τοῦτο
2591 2758 2682 2810 καὶ
2711 2758 2736 2808 ὁ
2768 2754 3105 2824 ἀρχάγγελος
3128 2753 3261 2820 πρὸς
3289 2753 3477 2822 αὐτὴν,
3545 2770 3562 2802 ι
3602 2750 3846 2818 Πνεῦμα,
3874 2767 3981 2818 φη-

2409 2849 2515 2913 σὶν,
2547 2849 2698 2915 ἆγιον
2729 2848 3080 2899 ἐπελεύσεται
3112 2845 3203 2894 ἐπί
3233 2844 3312 2906 σὲ,
3341 2847 3431 2896 καὶ
3451 2843 3679 2910 δύναμις
3715 2842 3976 2909 Ὑψίστου

2407 2940 2715 2991 ἐπισκιάσει
2749 2955 2830 2989 σοι
2865 2952 2878 2966 ’
2940 2935 3020 2988 διὸ
3055 2935 3149 2986 καὶ
3174 2935 3232 2985 τὸ
3260 2935 3597 3001 γεννώμενον
3648 2933 3800 2998 ἅγιον
3844 2933 3978 3000 κλη-

2407 3030 2628 3098 θήσεται
2685 3027 2809 3090 Tib;
2873 3009 3014 3078 Θεοῦ⁴
3042 3040 3054 3052 '
3094 3045 3110 3074 ι
3152 3026 3279 3091 ἁγία
3324 3025 3420 3092 μὲν
3464 3025 3569 3090 γὰρ
3595 3018 3645 3076 εἴ
3673 3024 3757 3084 σὺ,
3817 3023 3974 3090 φησὶ,

2329 3150 2373 3208 c
2405 3121 2498 3172 xxi.
2524 3118 2960 3187 κεχαριτωμένη,
2983 3115 3227 3182 Παρθὲνε
3256 3132 3268 3145 ο
3301 3112 3520 3180 Πνεῦμα
3551 3113 3607 3164 δὲ
3631 3111 3791 3164 πάλιν
3820 3113 3974 3176 ἇγιον

2406 3210 2756 3262 ἐπελεύσεται
2787 3208 2878 3259 ἐπὶ
2912 3211 2992 3271 σέ,
3019 3206 3090 3258 δι’
3115 3207 3391 3273 ἀγιασμοῦ
3426 3203 3742 3270 προσθήκης
3771 3200 3976 3267 ὑψηλοο

2405 3303 2604 3370 τέρας,
2653 3298 2942 3366 ἐτοιμάζον
2995 3296 3088 3349 καὶ
3141 3292 3574 3364 προκαταρτίζον
3635 3291 3732 3359 τὴν
3780 3291 3838 3341 ἐν
3888 3290 3973 3341 σοὶ

2407 3393 2695 3460 θεουργίαν
2723 3408 2736 3420 ·
2791 3390 2884 3442 καὶ
2935 3389 3162 3456 δύναμις
3202 3387 3456 3454 Ὑψίστου
3496 3384 3806 3434 ἐπισκιάσει
3865 3397 3972 3443 σοι,

2407 3481 2884 3550 συνεπιρρωννῦσά
2908 3496 2966 3531 τε
2994 3479 3109 3546 ἅμα
3133 3479 3226 3529 καὶ
3253 3475 3340 3528 διά
3385 3475 3481 3541 τῆς
3522 3477 3579 3524 ἐν
3601 3473 3683 3524 σοὶ
3719 3475 3973 3524 ἐπισκιά-

2407 3591 2542 3635 σεως
2572 3574 2665 3623 καὶ
2702 3572 3000 3638 συναφείας
3038 3571 3202 3637 ἑαυτῇ
3232 3567 3515 3636 μορφοῦσα
3563 3564 3663 3632 τὴν
3687 3562 3977 3631 ἀνθρωπόο

2405 3681 2562 3731 τητα,
2592 3663 2664 3721 ώς
2699 3657 2917 3712 εἶναιτὸ
2953 3657 3290 3727 γεννώμενον
3339 3656 3521 3722 ἅγιον,
3554 3654 3680 3705 Υἰὸν
3710 3652 3976 3716 8590,66-

2407 3771 2568 3822 ναμιν
2635 3752 2887 3818 Ὑψίστου
2947 3748 3384 3817 μεμορφωμένην
3461 3743 3578 3795 κατ’
3647 3741 3970 3810 ἄνθρωπονο

2410 3847 2520 3898 ίδοῦ
2554 3846 2660 3913 γὰρ
2690 3843 2784 3894 καὶ
2830 3840 3104 3891 Ἐλισάϐετ
3130 3839 3164 3906 ἡ
3209 3835 3473 3904 συγγενής
3504 3852 3594 3885 σου
3632 3835 3819 3901 στείρα
3879 3833 3970 3882 τὸν

2407 3937 2621 3990 ἅπαντα
2685 3933 2986 3985 διανύσασα
3023 3930 3168 3998 βῗον,
3206 3928 3300 3978 νῦν
3359 3930 3414 3977 ἐν
3456 3928 3626 3994 γήρα,
3667 3925 3800 3975 θεοῦ
3849 3922 3972 3991 βου-

2406 4021 3018 4096 λι,θέντος,παραδόξως
3049 4020 3330 4087 κυοφορεῖ,
3373 4019 3452 4069 ὅτι
3503 4017 3601 4068 οὑκ
3647 4015 3972 4079 ἀδυνατήσει

2409 4116 2556 4184 παρά
2595 4114 2672 4182 τῷ
2691 4112 2807 4178 Θεῷ
2837 4111 2943 4162 πᾶν
2989 4110 3158 4176 ρῆμα.
3215 4105 3279 4157 Τί
3327 4105 3418 4157 οῦν
3472 4107 3504 4172 ἡ
3561 4105 3969 4172 κεχαριτωμένη

2409 4211 2544 4278 πρὶς
2608 4203 2778 4256 ταῦτα
2837 4199 3132 4266 Παρθένος,
3182 4197 3270 4248 καὶ
3307 4197 3404 4266 τὴν
3456 4196 3671 4247 σύνεσιν
3711 4195 3828 4246 θεία
3877 4195 3973 4246 καὶ

2409 4294 2785 4367 ἀπαράμιλλος
2811 4310 2826 4356 ;
2855 4292 3020 4343 nam
3053 4288 3186 4355 πρὸς
3212 4287 3304 4337 τὸν
3335 4287 3465 4337 Θεὸν
3496 4285 3699 4354 τρέχει,
3751 4284 3846 4335 καὶ
3905 4283 3972 4334 δι’

2410 4387 2576 4456 εῦχῆς
2607 4385 2737 4454 πρὸς
2764 4383 2922 4435 αὑτὸν
2947 4377 3312 4438 ἀνατείνεται,
3345 4375 3481 4444 πρὸς
3511 4376 3598 4426 τὸν
3626 4374 3971 4443 ἀρχάγγελον

2407 4478 2642 4544 λέγουσα
2668 4473 2761 4524 Ἐἰ
2800 4471 3043 4538 Πνεῦμα,
3083 4467 3224 4519 καθὰ
3256 4467 3383 4534 φῂς,
3425 4465 3576 4552 ἄγξον
3623 4464 3976 4516 ἐπελεύσεται

2408 4567 2491 4630 ἐπ’
2523 4565 2646 4630 ἐμὲ,
2677 4561 2775 4629 τὴν
2804 4558 2938 4627 ἐμὴν
2976 4559 3138 4624 φύσιν
3175 4557 3254 4606 ἐτι
3295 4555 3553 4621 καθαῖρον
3593 4555 3682 4605 καὶ
3726 4554 3972 4622 ἐνισχύον

2407 4629 2664 4718 δέξασθαί
2699 4669 2764 4720 με
2791 4651 2849 4701 τὸ
2881 4650 3147 4716 σωτήριον
3179 4646 3366 4712 κύημα
3390 4659 3403 4671 ⁸
3434 4648 3482 4694 εἰ
3530 4644 3758 4711 δύναμις
3808 4643 3973 4710 ’Υψμ

2408 4761 2532 4796 στου
2568 4741 2875 4793 ἐπισκιάσει
2936 4754 3049 4806 μοι,
3088 4733 3372 4804 μορφοῦσα
3430 4736 3552 4785 κατ’
3593 4734 3879 4801 ἄνθρωπον
3919 4735 3976 4785 ἐν

2406 4838 2528 4906 ἐμοὶ
2562 4838 2652 4885 τὸν
2681 4835 2736 4885 ἐν
2766 4833 2945 4899 μορφῇ
2975 4827 3107 4880 Θεοῦ
3138 4828 3288 4889 δντα,
3322 4832 3411 4877 καὶ
3432 4825 3839 4892 δημιουργοῦσα
3879 4825 3969 4874 λο-

2409 4926 2558 4994 χείαν
2597 4923 2834 4990 ἄσπορον
2869 4936 2880 4948 ’
2916 4921 2964 4970 εί
3017 4917 3077 4968 τὸ
3106 4916 3442 4984 γεννώμενον
3484 4916 3638 4981 ἆγιον
3704 4916 3793 4966 καὶ
3853 4915 3976 4976 Υἱὸς

2407 5013 2560 5075 Θεοῦ,
2590 5011 2683 5064 καὶ
2712 5009 2851 5068 Θεὸς,
2886 5007 2981 5059 καὶ
3014 5007 3262 5074 βασιλεὺς
3299 5005 3514 5065 αἰώνιος
3548 5019 3561 5032 '
3612 5004 3670 5056 οῦ
3714 5015 3821 5072 γαρ
3851 5003 3976 5055 ἁδυε-

2407 5109 2556 5159 νατεί
2588 5103 2738 5173 παρᾶ
2769 5102 2844 5170 τῷ
2877 5100 2996 5169 Θεῷ
3017 5101 3122 5152 πᾶν
3161 5100 3309 5169 ῥῆμα
3341 5115 3353 5128 ο
3391 5117 3409 5148 ι
3451 5097 3580 5150 Ἰδοὺ
3622 5099 3655 5167 ἠ
3683 5097 3843 5165 δούλη
3865 5099 3977 5149 Κυ-

2411 5197 2525 5269 ρίου
2561 5211 2574 5226 °
2611 5193 2817 5263 γένοιτό
2846 5211 2932 5262 μοι
2963 5193 3104 5244 κατά
3141 5192 3200 5242 τὸ
3247 5190 3397 5259 ῥῆμά
3427 5207 3542 5242 σου.
3581 5209 3598 5240 ι
3643 5191 3749 5242 Καὶ
3799 5188 3973 5254 ἀπῆλ-

2408 5291 2498 5342 θεν
2535 5289 2626 5348 ἀπ⁹
2652 5286 2820 5354 αὐτῆς
2850 5288 2875 5338 ὀ
2896 5283 3143 5352 ἄγγελος,
3166 5283 3337 5333 λιπὼκ
3370 5285 3424 5332 ἐν
3455 5285 3518 5350 τῇ
3552 5283 3748 5350 γαστρὶ
3777 5279 3976 5347 ταύτης

2419 5382 2626 5449 σώματι
2658 5378 2996 5447 συνημμένον
3042 5375 3131 5427 τὸν
3179 5375 3273 5425 τοῦ
3313 5375 3506 5434 mm;
3559 5375 3823 5442 ποιητὴν,
3886 5377 3976 5423 καί

2417 5471 2502 5522 διὰ
2533 5470 2632 5537 τῆς
2678 5470 2734 5548 ἐν
2791 5467 2925 5534 αὐτῇ
2979 5463 3178 5532 ταύτης
3229 5463 3538 5531 συναφείας,
3670 5463 3976 5528 διηκονηςε.

2421 5559 2756 5628 προξενῄσας
2785 5558 2862 5625 τῷ
2897 5556 3083 5624 κόσμῳ
3135 5556 3230 5622 τὴν
3274 5556 3569 5620 σωτηρίαν.
3603 5552 3755 5603 Uine)
3794 5551 3847 5601 δὲ
3886 5553 3978 5601 καὶ

2433 5655 2656 5713 Ἡσαΐας
2681 5652 2744 5703 δι’
2768 5645 2840 5703 ὧν
2877 5649 2973 5718 ἥδη
3011 5651 3098 5699 καί
3129 5646 3406 5714 μακαρίως
3434 5644 3634 5714 ἠξιώθη
3671 5644 3857 5696 παθεῖν
3902 5645 3984 5694 ἐι-
