4442 6448
424 393 524 456 iTI

1805 399 2127 456 HUMILH
2176 397 2290 455 Xr.
3521 403 3540 460 ε

3521 403 3620 432 ,γη-οι

3564 441 3622 469 n.’

412 506 590 572 αργιῖις
631 505 1083 575 ττρτιῦττέγρσᾴνεν·
1119 508 1178 559 οῦ
1208 507 1312 577 γὰρ
1341 506 1556 576 ἀςιέσως
1620 509 1831 578 ἑώρακε
1882 509 1970 558 τ“ιν
2003 509 2045 562 Α
2079 509 2182 576 pali
2221 500 2444 560 feliciter
2477 505 2721 572 dignatus
2770 517 2839 559 est

1809 526 1831 561 ε
1882 509 1970 558 την
2003 509 2045 562 Α
2079 509 2182 576 ιηιὶ
2221 500 2444 560 feliciter
2477 505 2721 572 dignatus
2770 517 2848 559 ρει
2884 508 3152 574 perlucide
3185 507 3273 558 diu
3303 515 3428 560 aute
3461 523 3621 560 cvcu-

414 597 690 665 Ξερσιφεῖμ
722 598 784 648 ἐκ
815 597 905 648 τοῦ
944 597 1059 648 κατ’
1086 599 1312 667 οὗρανον
1360 599 1548 669 νοητοῦ
1590 598 1970 668 θυσιαστηρίου

413 691 501 738 τ’ν
541 688 781 754 ἄνθρακα
813 687 1042 740 λαϐόντα
1069 703 1083 718 ⁶
1112 689 1197 740 διὰ
1239 689 1344 756 γάρ
1375 690 1471 758 τῆς
1528 689 1740 752 λαὸίδος
1789 689 1976 742 τοῦτον

417 778 604 828 ἕλαῆεν
632 780 657 828 ό
693 779 990 845 Σεραφεὶμ,
1031 777 1098 830 δι’
1145 774 1212 848 ἧς
1256 781 1349 831 καὶ
1383 781 1489 832 τῶν
1537 780 1700 832 αὑτοῦ
1755 781 2009 848 χειλέων⁴

416 869 610 931 Nam,
638 867 736 934 τὴν
768 867 1030 937 κάθαρσιν
1059 869 1254 928 διδούς.
1287 871 1456 924 Τοῦτο
1492 871 1538 923 δ’
1565 867 1631 940 ἢν
1663 871 1720 923 τὸ
1748 872 1844 938 τῆς
1881 873 1978 924 λα-

418 944 558 1015 ὅίδος
585 956 776 1025 ἐκείνῳ
798 955 875 1026 τῷ
929 959 1152 1027 μεγάλῳ
1184 958 1415 1028 θεάματι
1472 961 1685 1024 ταυτὸν,
1717 962 1743 1013 δ
1777 961 1979 1031 Μωσῆς

420 1048 652 1112 ἑώρακε,
690 1047 847 1115 βάτον
873 1051 935 1102 ἐκ
961 1051 1131 1120 πυρὸς
1149 1052 1399 1120 ἡμμένην
1433 1051 1524 1105 καὶ
1564 1053 1636 1122 μὴ
1689 1070 1980 1106 κατακαιο-

423 1141 610 1207 μένην.
636 1139 732 1200 Τίς
762 1139 806 1192 δ’
837 1140 937 1193 οὐκ
965 1137 1125 1204 οἶδεν,
1154 1141 1227 1204 ὡς
1255 1144 1289 1210 ἡ
1323 1143 1766 1215 Παρθενομητωρ
1799 1145 1980 1213 ἐκείνη

420 1247 478 1281 τε
530 1230 562 1298 ἡ
613 1230 770 1292 βάτος
813 1232 906 1284 καὶ
955 1231 1096 1300 αὕτη
1152 1233 1369 1302 ἡλαὸίς
1422 1250 1590 1298 εστιν,
1630 1237 1686 1287 ἐν
1729 1237 1892 1304 ἑαυτῇ
1922 1233 1983 1287 τὸ

424 1324 565 1374 θέτο-ι
596 1322 706 1392 πῦρ
737 1325 1134 1392 ἀπυρπολύτως
1157 1324 1516 1392 συλλαϐοῦσα,
1541 1327 1820 1381 κάνταῦθα
1868 1327 1984 1380 δια-

425 1412 751 1480 κονήσαντος
792 1413 1143 1482 ἀρχαγγέλου
1172 1417 1240 1484 τῇ
1283 1414 1560 1484 συλλήψει,
1620 1417 1714 1469 καὶ
1767 1415 1856 1468 τὸν
1901 1415 1986 1468 ατ-

430 1519 588 1570 ροντα
635 1503 731 1572 τὴν
755 1505 1029 1572 ἁμαρτίαν
1063 1503 1156 1559 τοῦ
1183 1505 1388 1575 κόσμου
1421 1505 1486 1559 δι’
1514 1505 1684 1573 αὐτῆς
1717 1506 1985 1575 συνάψαν-

429 1611 519 1654 τος
550 1595 654 1663 77
682 1594 758 1665 τῷ
790 1595 1113 1666 ἀνθρωτείῳ
1141 1597 1312 1664 γένει,
1339 1598 1432 1650 κα)⁵
1466 1597 1554 1649 διὰ
1587 1596 1688 1664 τῆς
1747 1597 1991 1668 άπορῤή-

429 1702 523 1738 του
560 1685 762 1754 ταύτης
807 1686 1099 1754 συναφείας
1142 1689 1286 1756 ἡμᾶς
1317 1688 1781 1759 περικαθάραντος
1810 1706 1823 1751 ;
1852 1689 1991 1741 Οὐκ-

431 1778 525 1829 οῦν
582 1779 614 1844 ἡ
678 1778 1111 1845 παρθενομήτωρ
1185 1777 1322 1848 αὕτη
1383 1781 1518 1846 μόνη
1578 1778 1830 1849 μεθόριόν
1876 1779 1993 1831 ἐστι

437 1869 660 1936 κτιστῆς
685 1867 777 1920 καὶ
800 1867 1056 1921 ἀκτίστου
1074 1870 1308 1936 φύσεως,
1337 1871 1430 1921 καὶ
1458 1868 1624 1938 αὐτὴν
1650 1870 1882 1922 εἴσονται
1901 1870 1992 1922 τοῦ

436 1959 718 2029 ἀχωρήτου
753 1957 933 2028 χώραν
962 1959 1076 2012 ὅσοι
1106 1959 1169 2030 δὴ
1199 1959 1526 2027 γινώσκουσι
1565 1959 1716 2024 Θεὸν,
1758 1961 1850 2013 καὶ
1899 1960 1995 2013 αὑ-

439 2048 536 2116 τὴν
568 2049 867 2118 ὑμνήσουσι
894 2049 1032 2119 μετά
1061 2051 1194 2102 Θεὸν
1239 2050 1352 2102 ὅσοι
1393 2049 1482 2102 τὸν
1533 2048 1664 2102 Θεὸν
1717 2049 1994 2118 ὑμνοῦσιν.

445 2139 587 2207 Αὕτη
609 2138 836 2192 καὶτῶν
867 2139 970 2210 πρὸ
995 2139 1160 2208 αὐτῆς
1195 2139 1364 2202 αίτία,
1401 2141 1491 2192 καὶ
1532 2140 1638 2192 τῶν
1671 2141 1791 2209 μετ’
1831 2141 1999 2212 αὐτὴν

445 2230 759 2297 προστάτις,
805 2231 899 2284 καὶ
939 2231 1046 2282 τῶν
1105 2232 1339 2284 αίωνίων
1368 2231 1644 2302 πρόξενος.
1700 2232 1847 2300 Αὕτη
1892 2233 2000 2286 τῶν

447 2318 738 2390 προφητῶν
798 2321 1086 2384 ὑπόθεσις,
1137 2322 1246 2373 τῶν
1305 2323 1618 2375 ἀποστόλων
1673 2323 1834 2393 ἀρχὴ,
1893 2323 2001 2376 τῶν

454 2410 744 2478 μαρτύρων
779 2409 1074 2480 ἑδραίωμα,
1103 2409 1209 2462 τῶν
1232 2409 1565 2463 διδασκάλων
1596 2413 1819 2480 κρηπίς.
1853 2412 2000 2482 Αὕτη

448 2498 556 2550 τῶν
580 2499 670 2549 ἐπὶ
690 2500 790 2570 γῆς
828 2500 860 2569 ἡ
892 2499 1039 2564 δόξα.
1067 2499 1173 2552 τῶν
1197 2499 1318 2552 κατ’
1346 2500 1574 2571 οὐρανὸν
1617 2503 1648 2570 ἡ
1686 2503 2001 2572 τερπνότης,

451 2590 509 2641 τὸ
533 2590 714 2658 πάσης
737 2589 964 2652 κτίσεως
989 2589 1438 2660 ἐγκαλλώπισμα.
1462 2591 1610 2660 Αὕτη
1632 2595 1878 2662 καταρχὴ
1913 2596 2007 2647 καὶ

453 2680 606 2749 πηγὴ
632 2681 722 2733 καὶ
750 2681 875 2750 ῥίζα
907 2683 1004 2750 τῆς
1033 2682 1402 2752 ἀποκειμένης
1458 2684 1590 2753 ἡμῖν
1633 2684 1692 2736 ἐν
1754 2684 2006 2752 οὐρανοῖς

456 2772 670 2835 ἐλπίδος
701 2789 713 2803 ·
742 2769 806 2845 ἦς
851 2772 1058 2840 γίνοιτο
1103 2774 1311 2837 πάντας
1345 2775 1491 2844 ἡμᾶς
1555 2779 1829 2845 ἐπιτυχεῖν
1889 2781 2007 2840 ταῖς

460 2862 628 2931 αὑτῆς
659 2864 798 2934 ὑπὲρ
829 2864 985 2933 ἡμῶν
1016 2865 1332 2935 πρεσϐείαις
1359 2868 1436 2930 είς
1473 2866 1630 2932 δόξαν
1657 2866 1749 2920 τοῦ
1779 2867 1902 2938 ,πρὸ
1927 2869 2012 2920 αε-

461 2953 612 3007 ώνων
643 2954 704 3006 ἐκ
736 2954 942 3022 [ἰατρὸς
970 2953 1340 3024 γεννηθέντος,
1364 2955 1457 3008 καὶ
1499 2956 1586 3008 ἐπ’
1629 2955 1874 3024 ἐσχάτων
1924 2957 2011 3009 αί·

461 3043 613 3097 ὠνων
661 3043 721 3109 ἐξ
782 3045 948 3114 αὐτῆς
1001 3045 1371 3115 σαρκωοέντος
1407 3046 1580 3116 Ἰησοῦ
1632 3046 1869 3116 Χριστοῦ
1919 3046 2012 3100 τοῦ

2081 612 2190 653 ιιιιη
2226 601 2537 666 scripserat.
2571 598 2685 652 Non
2718 599 2859 651 cnim
2902 600 3034 651 vidit
3068 600 3348 667 Seraphin)
3391 599 3566 668 ipsum
3597 615 3623 652 a

2077 689 2281 742 ctelesti
2320 692 2459 755 quod
2507 689 2834 757 excogitavit
2873 687 3148 741 thurihulo
3180 688 3468 742 carbonem
3511 690 3627 741 sine

2080 780 2438 832 instrumento
2465 778 2841 843 accipientem,
2875 791 2995 831 nam
3040 781 3244 845 accepit
3276 778 3479 844 forcipe
3526 777 3627 831 Sc-

2082 871 2287 938 raphim
2353 869 2500 921 illum
2563 868 2847 920 ctrbonem
2903 867 3180 935 tetigitque
3246 868 3632 936 proolretmla—

2081 961 2166 1016 bia
2212 962 2406 1031 quibus
2451 960 2768 1013 munditiam
2797 961 2990 1012 attulit.
3025 960 3104 1013 Ab
3153 959 3253 1013 ista
3293 961 3493 1027 forcipe
3519 974 3628 1012 non

2081 1054 2422 1122 discrepabat
2456 1067 2710 1122 magnum
2753 1052 2880 1106 illud
2918 1053 3283 1114 spectaculum
3313 1052 3457 1119 quod
3489 1051 3635 1104 vitie-

2081 1153 2166 1198 rat
2197 1143 2407 1214 Moyses
2440 1160 2454 1197 :
2501 1145 2697 1197 rubum
2732 1141 2946 1196 ﬂamma
2994 1143 3271 1196 ardentem
3317 1158 3415 1196 nec
3453 1154 3630 1195 tamen

2084 1246 2487 1303 consumptum.
2524 1234 2639 1288 Jam
2675 1235 2796 1304 quis
2830 1249 2938 1287 non
2972 1234 3234 1300 intelligat
3258 1236 3509 1288 quoniam
3545 1235 3632 1287 illa

2086 1327 2252 1382 Mater
2285 1326 2446 1396 Virgo
2484 1329 2616 1381 rubo
2649 1340 2701 1382 et
2759 1327 2958 1395 forcipe
2992 1328 3464 1394 prmﬁgurahatur,
3507 1343 3629 1382 cum

2088 1421 2140 1473 in
2170 1428 2321 1474 utero
2355 1419 2593 1471 divinum
2631 1421 2804 1488 ignem
2839 1423 2954 1471 s‘ne
2991 1418 3100 1472 ullo
3133 1418 3456 1471 detrimento
3499 1431 3637 1469 con-

2089 1510 2315 1579 ceperit,
2346 1511 2686 1578 conceptioni
2730 1511 2890 1563 etiam
2926 1512 3268 1563 ministrante
3302 1509 3632 1577 arcltaugelo

2091 1605 2180 1672 qni
2215 1603 2446 1656 humano
2476 1603 2653 1671 generi
2681 1602 2960 1670 conjunxit
2993 1601 3141 1654 illum
3169 1601 3258 1667 qui
3300 1601 3350 1652 in
3374 1600 3497 1667 ipsa
3529 1602 3619 1653 tol-

2095 1695 2154 1749 iit
2198 1703 2414 1762 peccata
2451 1694 2658 1750 mundi.
2694 1701 2748 1744 ct
2778 1708 2877 1746 nos
2917 1693 3018 1746 ista
3074 1690 3328 1744 inembili
3364 1689 3640 1743 coatluna-

2097 1788 2244 1838 tione
2281 1782 2594 1836 mnmlavit?
2642 1781 2804 1851 Igitur
2839 1783 2928 1835 illa
2960 1784 3108 1851 virgo
3159 1782 3320 1836 simul
3359 1790 3411 1832 et
3471 1791 3643 1832 mater

2095 1877 2209 1931 sola
2239 1875 2494 1943 cstqnasi
2522 1873 2749 1928 confinis
2793 1874 2934 1927 inter
2970 1883 3206 1925 creatam
3257 1878 3311 1924 et
3334 1871 3628 1922 increatam

2095 1977 2382 2030 naturam;
2427 1965 2597 2036 ipsam
2661 1964 2834 2018 scient
2880 1963 3180 2032 capientem
3228 1975 3349 2013 eum
3396 1959 3484 2027 qui
3523 1957 3639 2024 capi

2097 2075 2200 2114 non
2243 2067 2417 2127 potest
2469 2057 2799 2123 quicumque
2841 2053 3008 2108 Deum
3061 2059 3416 2119 cognoscunt,
3472 2050 3640 2117 ipsam

2099 2159 2220 2218 post
2253 2147 2416 2200 Deum
2441 2146 2732 2201 concincnt
2771 2143 3084 2212 quicunque
3125 2141 3289 2192 Deum
3322 2139 3642 2194 concinunt.

2099 2237 2218 2304 Ipsa
2242 2243 2325 2290 est
2354 2235 2513 2286 etiam
2545 2249 2636 2301 per
2661 2247 2822 2300 quam
2847 2231 3080 2284 mundus
3107 2239 3216 2281 tum
3243 2238 3366 2280 ante
3393 2238 3503 2281 tum
3529 2234 3648 2294 post

2099 2341 2215 2382 eam
2239 2324 2498 2379 beneﬁcia
2523 2323 2723 2391 recepit
2749 2339 2763 2387 ;
2795 2323 2908 2390 ipsa
2937 2331 3134 2373 aeterna
3163 2319 3356 2388 gaudia
3385 2317 3645 2386 largitur;

2101 2420 2215 2488 ipsa
2268 2417 2670 2486 prophetiarmn
2723 2413 2970 2472 materia,
3023 2411 3392 2479 apostolorum
3443 2410 3646 2475 regina,

2103 2517 2396 2577 martyrum
2432 2504 2829 2565 fulcimentum,
2863 2503 3146 2555 doctorum
3178 2501 3352 2554 sedes.
3397 2499 3514 2567 Ipsa
3545 2507 3651 2551 tcr-

2105 2613 2359 2654 renorunt
2397 2596 2586 2667 gloria,
2614 2593 2912 2648 caelestium
2949 2591 3156 2655 laetitia,
3201 2591 3467 2644 universae
3498 2603 3654 2643 crea-

2111 2691 2273 2744 tionis
2316 2696 2718 2740 ornamentum.
2757 2684 2873 2753 ipsa
2904 2683 3229 2751 principium
3270 2689 3325 2735 et
3357 2679 3509 2734 radix
3553 2692 3652 2732 nos

2111 2780 2381 2833 manentis
2413 2777 2524 2843 spei
2582 2773 2816 2830 ccelcstis
2849 2788 3008 2842 quam
3045 2787 3145 2825 nos
3174 2785 3364 2825 omnes
3396 2771 3654 2835 consequi

2111 2870 2344 2924 donetur
2374 2868 2518 2920 illius
2538 2881 2635 2934 pro
2669 2865 2824 2920 nobis
2847 2861 3334 2932 supplicationibus
3353 2860 3404 2914 in
3428 2859 3654 2929 gloriam

2115 2961 2259 3015 illius
2292 2967 2416 3013 ante
2445 2959 2640 3012 saecula
2675 2973 2702 3010 a
2737 2955 2891 3008 Patre
2918 2953 3107 3022 geniti,
3129 2963 3181 3005 et
3213 2950 3525 3006 novissimis
3556 2965 3658 3003 sa:-

2116 3053 2252 3106 culis
2280 3067 2344 3104 ex
2378 3052 2490 3118 ipsa
2527 3047 2790 3102 incarnati
2823 3045 2948 3100 Jesu
2991 3043 3191 3098 Christi
3231 3042 3443 3096 Domini
3487 3042 3658 3094 ηοω-ἱ

462 3135 668 3206 Κυρίου
698 3137 852 3207 ἡμῶν
885 3153 899 3168 ο
929 3130 973 3205 ᾧ
1012 3137 1210 3207 πρέπει
1242 3139 1386 3191 πᾶσα
1414 3139 1562 3203 δόξα,
1583 3137 1713 3208 τιμὴ
1735 3138 1828 3192 καὶ
1854 3156 2016 3209 προσ·
2037 3153 2084 3216 c
2115 3145 2199 3197 cui
2229 3144 2405 3196 omnis
2438 3141 2630 3212 gloria,
2657 3141 2828 3191 honor

1805 3138 1828 3192 ὶ
1854 3156 2016 3209 προσ·
2037 3153 2084 3216 c
2115 3145 2199 3197 cui
2229 3144 2405 3196 omnis
2438 3141 2630 3212 gloria,
2657 3141 2828 3191 honor
2861 3147 2912 3192 et
2943 3135 3186 3191 adoratio
3214 3149 3356 3190 nunc
3395 3145 3448 3188 et
3479 3131 3534 3187 in
3562 3146 3665 3186 sm-

464 3227 688 3296 κύνιησις
708 3226 803 3282 νῦν
831 3227 924 3283 καὶ
947 3228 1032 3283 ἀεὶ
1061 3228 1152 3283 καὶ
1169 3230 1246 3292 είς
1273 3229 1400 3293 τοὺς
1424 3229 1624 3292 αἰῶνας
1647 3229 1752 3285 τῶν
1783 3229 2011 3284 αίὼνων.

478 3318 672 3388 Ἀμήν.

1061 3516 1300 3574 ΟΜΙΛΙΑ
1341 3519 1439 3574 lE'.

629 3651 1067 3722 Ἐκφωνηθεῖσα
1101 3653 1175 3722 τῇ
1208 3654 1473 3723 κυριακῇ
1520 3654 1638 3709 τῶν
1669 3657 1882 3710 Βαΐων.

557 3805 575 3838 ι
617 3787 805 3856 Καιρῷ
832 3787 1003 3858 δεκτῷ
1029 3788 1309 3859 ἐπήκουσά
1339 3806 1454 3854 σου,
1486 3789 1577 3842 καὶ
1615 3790 1672 3841 ἐν
1702 3790 1882 3860 ἡμέρᾳ
1915 3807 2023 3844 σω-

475 3882 670 3949 τηρίας
727 3864 999 3950 ἐϐοήθησά
1053 3897 1156 3947 σοι,
1194 3900 1212 3932 ι
1250 3881 1336 3934 διά
1383 3881 1478 3933 τοῦ
1539 3881 1764 3934 Ἡσαΐου
1815 3877 1965 3934 εἷπεν
2000 3880 2027 3932 ό

480 3971 630 4036 Θεός.
698 3972 872 4026 Καλὸν
919 3970 1010 4024 οῦν
1056 3973 1294 4041 σήμερον
1326 3972 1386 4024 τὸ
1441 3971 1795 4025 ἀποστολικδν
1846 3969 2028 4025 ἐκεῖνο

485 4065 620 4132 πρὸς
651 4065 748 4132 τὴν
779 4063 1049 4133 ὑμετέραν
1087 4064 1305 4135 ἀγάπην
1358 4066 1530 4118 είπείν
1555 4082 1567 4096 ·
1611 4082 1631 4116 ε
1672 4065 1802 4118 Ἰδοὺ
1843 4064 2031 4131 καιρὸς

485 4157 898 4223 εὐπρόσδεκτος,
945 4157 1052 4209 ίδοὺ
1104 4155 1286 4225 ἡμέρα
1342 4153 1651 4224 σωτηρίας,-
1702 4152 2034 4223 ἀποθώμεθα

484 4244 578 4300 οῦν
607 4249 672 4300 τά
714 4247 849 4315 ἔργα
877 4245 970 4299 τοῦ
1006 4246 1248 4309 σκότους,
1283 4241 1376 4297 καὶ
1411 4237 1755 4312 ἐνδυσώμεθα
1785 4246 1853 4298 τά
1897 4245 2035 4298 ὅπλα

485 4339 580 4391 τοῦ
609 4337 805 4406 φωτὸς,
835 4335 910 4397 ὡς
943 4335 1002 4386 ἐν
1037 4333 1220 4407 ἡμέρᾳ
1267 4333 1615 4401 εὐσχημόνως
1647 4333 2035 4402 περιπατήσωο

492 4446 590 4496 μεν
615 4444 629 4458 ο
668 4445 686 4479 ι
736 4425 944 4494 ἐγγίζει
969 4425 1077 4494 γὰρ
1110 4425 1143 4494 ἡ
1192 4423 1301 4477 τῶν
1332 4423 1614 4492 σωτηρίων
1655 4422 1748 4476 τοῦ
1794 4423 2033 4492 Χριστοῦ

2116 3233 2238 3288 cula
2269 3233 2608 3288 saeculorum.
2643 3233 2831 3285 Anton.

2677 3492 2953 3550 IIOMILIA
3001 3490 3115 3547 XV.

2441 3634 2594 3688 Dicta
2622 3634 2674 3685 in
2707 3630 2978 3684 Dominica
3007 3625 3339 3680 Paimarum.

2204 3793 2221 3824 ε
2256 3770 2520 3840 Tempore
2549 3775 2768 3836 accepto
2800 3762 3048 3818 exaudivi
3084 3771 3154 3822 te,
3185 3773 3240 3815 et
3269 3762 3320 3814 in
3356 3759 3442 3813 die
3486 3757 3674 3813 saiutis

2129 3864 2308 3935 adjuvi
2334 3872 2403 3926 te,
2433 3882 2450 3908 ι
2485 3861 2620 3915 dixit
2653 3873 2745 3927 per
2771 3856 2959 3911 Isaiam
2985 3855 3244 3907 Dominus
3275 3853 3342 3906 ".
3365 3849 3524 3904 Juvat
3553 3865 3676 3919 ergo

2130 3958 2290 4013 ho-Iie
2319 3954 2385 4008 ad
2418 3960 2648 4006 vestram
2680 3948 2999 4003 charitatem
3034 3945 3175 4000 istud
3219 3943 3569 4012 apostolicum
3601 3940 3670 3993 af-

2135 4050 2234 4103 fari
2275 4064 2287 4100 :
2328 4066 2344 4097 ι
2382 4044 2518 4098 Ecce
2574 4057 2718 4096 nunc
2757 4050 2971 4108 tempus
3005 4036 3351 4104 acceptabile,
3385 4049 3508 4088 ecce
3539 4047 3679 4086 nunc

2133 4140 2248 4194 dies
2306 4137 2526 4199 salutis,
2578 4131 2896 4202 abjiciamus
2935 4143 3096 4196 opera
3133 4127 3472 4180 tenebrarum
3517 4133 3569 4177 et
3604 4125 3678 4175 in-

2136 4233 2364 4284 duamur
2383 4240 2531 4279 arma
2560 4225 2718 4287 lucis,
2750 4230 3002 4289 tanquam
3039 4219 3089 4270 in
3127 4218 3214 4271 dic
3245 4218 3465 4269 honeste
3489 4213 3682 4267 ambu-

2137 4322 2309 4374 lemus
2336 4319 2408 4371 ".
2448 4335 2465 4367 ι
2504 4314 2910 4384 Appropinquat
2940 4311 3082 4363 enim
3135 4307 3452 4362 salutarium
3485 4305 3683 4358 Cluisti

2138 4413 2446 4484 passionum
2466 4403 2954 4467 memoria,accedit
2968 4416 3164 4456 novum
3183 4409 3235 4453 et
3252 4413 3500 4469 magnum
3521 4397 3686 4464 etapi-

489 4488 829 4590 παθημάτων
855 4488 1178 4586 ἀνάμνησις,
1209 4515 1302 4567 καὶ
1326 4514 1384 4567 τὸ
1418 4488 1598 4566 καινὸν
1633 4515 1727 4565 καὶ
1763 4488 1902 4582 μέγα
1945 4513 2036 4566 καὶ
2069 4488 2113 4538 λ’
2141 4504 2332 4557 rituale
2374 4500 2599 4561 Pascha,
2621 4498 2766 4566 pacis
2790 4510 2839 4564 pl

1805 4488 1902 4578 ἐγα
1945 4513 2036 4566 καὶ
2069 4488 2113 4538 υ
2141 4504 2332 4557 rituale
2374 4500 2599 4561 Pascha,
2621 4498 2766 4566 pacis
2790 4494 3038 4564 pretium,
3060 4491 3225 4544 futuri
3251 4488 3428 4542 saeculi
3455 4488 3644 4554 pignus
3671 4501 3686 4549 ;

492 4607 859 4663 πνευματικὸν
899 4607 1108 4674 Πάσχα,
1141 4606 1202 4657 τὸ
1226 4605 1326 4673 τῆς
1377 4604 1644 4665 ἀπαθείας
1675 4603 1945 4672 βραὸεἰον,
1978 4604 2038 4655 τὸ

491 4702 585 4754 τοῦ
623 4701 900 4770 μέλλοντος
958 4698 1150 4758 αίῶνος
1183 4695 1486 4764 προοίμιον,
1531 4695 1623 4746 καὶ
1673 4693 2040 4762 προκηρύττει

492 4791 650 4845 τοῦτο
679 4790 944 4860 Λάζαρος,
974 4789 1036 4840 ἐκ
1071 4787 1180 4838 τῶν
1213 4787 1338 4856 ᾅδου
1367 4783 1694 4854 κευθμώνων
1715 4783 2041 4847 ἐπανελθὼν,

496 4886 592 4936 καὶ
627 4885 774 4952 φωνῇ
808 4882 900 4933 καὶ
949 4879 1333 4948 προστάγματι
1369 4877 1513 4947 μόνῳ
1555 4875 1710 4937 Θεοῦ,
1754 4875 1847 4927 τοῦ
1905 4875 2045 4943 ζωῆς

496 4977 708 5045 ἔχοντος
754 4975 849 5028 καὶ
877 4974 1102 5027 θανάτου
1132 4974 1228 5042 τὴν
1280 4971 1547 5034 ἐξουσίαν,
1576 4968 1943 5042 τετραήμερος
1985 4970 2048 5018 ἐκ

500 5070 707 5140 νεκρῶν
768 5069 1023 5128 ἀναστάς.
1085 5066 1194 5117 Καὶ
1251 5060 1651 5130 προανυμνοῦσι
1710 5059 1896 5121 παῖδες
1957 5059 2049 5110 καὶ

500 5163 630 5219 λαὸς
658 5161 857 5213 ἄκακος
891 5157 1145 5226 ἐπιπνοίᾳ
1190 5155 1284 5207 τοῦ
1319 5155 1462 5204 θείου
1501 5153 1813 5221 Πνευματος
1862 5150 1950 5201 τὸν
1985 5152 2046 5200 ἐι

505 5253 736 5308 θανάτου
770 5248 1150 5319 λυτρούμενον,
1186 5247 1277 5299 τὶν
1310 5245 1365 5312 ἐξ
1411 5245 1533 5315 ᾆδον
1561 5243 1733 5312 ψυχὰς
1763 5242 2048 5306 ἀνάγοντα,

505 5348 596 5399 τὸν
619 5345 765 5413 ψυχῇ
812 5343 906 5393 καὶ
950 5341 1158 5408 σώματι
1193 5338 1335 5405 ζωὴν
1380 5338 1545 5388 ἀΐδιον
1581 5332 1956 5402 χαριζόμενον.
1993 5331 2054 5381 Εἴ

507 5455 592 5500 τις
625 5435 718 5489 οῦν
745 5433 916 5487 ἐθέλει
939 5434 1104 5496 ζωὴν,
1139 5431 1349 5499 ἡμέρας
1381 5427 1504 5480 ίδεῖν
1530 5425 1758 5493 ἀγαθάς,
1793 5423 2054 5474 παυσάτω

509 5529 605 5598 τὴν
630 5527 881 5595 γλῶσσαν
916 5523 1078 5576 αὐτοῦ
1115 5522 1216 5574 ἀπὸ
1251 5520 1442 5582 κακοῦ,
1474 5519 1564 5569 καὶ
1599 5515 1748 5584 χείλη
1774 5511 1935 5564 αὑτοῦ
1963 5509 2054 5561 τοῦ

512 5619 822 5690 μὴλαλῆσαι
839 5616 985 5667 δόλον
1006 5630 1021 5646 ο
1043 5614 1193 5666 ἐκκλι
1211 5612 1341 5664 κάτω
1364 5610 1466 5660 ἀπὸ
1491 5606 1656 5660 κακοῦ
1672 5607 1760 5655 καὶ
1782 5604 2058 5670 ποιησάτω

587 5799 630 5829 ’⁵
671 5796 769 5850 lsa.
809 5809 948 5853 λιιι,
987 5792 1037 5844 8.

2147 4600 2246 4650 hoc
2279 4593 2568 4663 proclamat
2599 4591 2828 4642 Lazarus
2858 4601 2887 4639 e
2919 4585 3093 4637 medio
3131 4582 3462 4650 sepultorum
3514 4578 3565 4629 in
3611 4577 3687 4628 in-

2146 4687 2298 4739 fcrno
2330 4698 2576 4750 surgens,
2605 4688 2658 4733 et
2684 4693 2813 4732 voce
2839 4676 3059 4743 soloque
3081 4674 3234 4742 jussu
3260 4668 3458 4725 Christi
3490 4668 3610 4719 vita:
3640 4676 3693 4718 ct

2151 4775 2341 4831 mortis
2375 4773 2601 4841 imperio
2630 4769 2911 4840 gaudcntis
2943 4763 3336 4833 quatriduanus
3370 4775 3432 4812 ex
3465 4758 3694 4817 mortuis

2153 4877 2470 4926 revoratus;
2506 4861 2794 4930 procinunt
2825 4855 2973 4926 pueri
3005 4864 3057 4907 et
3092 4854 3354 4905 innocens
3381 4850 3539 4901 turba
3575 4847 3696 4913 Spi-

2156 4959 2257 5011 ritu
2290 4956 2374 5008 Dci
2409 4953 2583 5006 aliiala
2616 4950 2803 5003 mortis
2836 4946 3142 5004 victoriam,
3182 4942 3481 4994 animarum
3514 4954 3577 4992 ex
3621 4937 3698 4989 iu-

2157 5052 2304 5104 fcrno
2321 5048 2716 5106 suscitatorcm,
2741 5039 2933 5094 animae
2957 5034 3231 5102 etcorpori
3258 5032 3418 5083 vitam
3446 5038 3699 5082 aeternam

2157 5143 2492 5209 largientem.
2525 5135 2578 5189 Si
2619 5135 2738 5203 quis
2773 5132 2883 5184 vult
2911 5131 3071 5182 vitam
3099 5169 3111 5180 .
3141 5124 3312 5192 diligit
3363 5123 3478 5173 dies
3523 5118 3703 5170 videre

2160 5207 2346 5290 bonos,
2367 5226 2643 5294 prohibeat
2674 5223 2900 5291 linguam
2932 5232 3082 5271 suam
3110 5231 3136 5267 a
3160 5213 3320 5275 malo,
3349 5209 3558 5281 etlabia
3588 5207 3705 5267 eiu»;

2160 5337 2224 5373 nc
2258 5321 2543 5386 loquantur
2573 5316 2776 5373 dolum,
2806 5312 3031 5363 divcrlat
3063 5321 3090 5357 a
3142 5305 3277 5356 malo
3319 5313 3372 5354 et
3416 5300 3574 5351 faciat
3611 5314 3706 5348 ινε-

2163 5425 2288 5464 nunt
2322 5409 2390 5460 ’⁷.
2443 5427 2459 5458 ι
2513 5405 2708 5458 Malum
2753 5401 2950 5454 ventris
2987 5405 3240 5458 set-vrtus,
3272 5400 3324 5444 et
3363 5391 3615 5443 ebrietas.
3653 5395 3706 5438 et

2163 5500 2465 5562 dissolutio,
2489 5496 2688 5548 maintn
2719 5493 2834 5546 auri
2861 5492 3072 5559 cupido,
3100 5486 3320 5539 avaritia
3344 5494 3394 5536 ct
3421 5479 3706 5548 iniustitia,

2165 5595 2359 5647 rnatum
2399 5607 2528 5644 vana
2561 5589 2747 5656 eioria,
2785 5584 2919 5638 (ovili
2947 5582 3101 5635 fczztia
3143 5594 3190 5632 cz
3224 5575 3493 5645 svpctbiu.
3526 5573 3706 5621 liivcr-

1115 5790 1159 5818 °°
1231 5788 1269 5838 ll
1301 5786 1424 5839 Cor.
1464 5801 1533 5845 γι,
1562 5782 1594 5834 9.
1626 5800 1637 5845 ;
1675 5781 1830 5832 liotn.
1861 5793 1968 5840 xui,
2014 5775 2093 5826 l2.
2168 5776 2205 5803 ’7
2245 5771 2360 5823 "sal
2418 5785 2598 5829 Vill”,
2647 5766 2722 5818 l3.
2767 5767 2839 5816 Η).
