  <div class='ocr_page' id='page_1' title='image "/cluster/home/n/w/nwhite01/storage/ocr_20150623/151/nnc1.0022106707/099.png"; bbox 0 0 4442 6448; ppageno 0'>
   <div class='ocr_carea' id='block_1_1' title="bbox 718 417 818 480">
    <p class='ocr_par' dir='ltr' id='par_1_1' title="bbox 718 417 818 480">
     <span class='ocr_line' id='line_1_1' title="bbox 718 417 818 480; baseline -0.01 0"><span class='ocrx_word' id='word_1_1' title='bbox 718 417 818 480; x_wconf 74' lang='lat'>179</span> 
     </span>
    </p>
   </div>
   <div class='ocr_carea' id='block_1_2' title="bbox 2003 406 2752 468">
    <p class='ocr_par' dir='ltr' id='par_1_2' title="bbox 2003 406 2752 468">
     <span class='ocr_line' id='line_1_2' title="bbox 2003 406 2752 468; baseline -0.004 -1"><span class='ocrx_word' id='word_1_2' title='bbox 2003 409 2391 468; x_wconf 69' lang='lat' dir='ltr'>CBEGORII</span> <span class='ocrx_word' id='word_1_3' title='bbox 2426 406 2752 468; x_wconf 75' lang='lat' dir='ltr'>PALAM/E</span> 
     </span>
    </p>
   </div>
   <div class='ocr_carea' id='block_1_3' title="bbox 3857 394 3964 460">
    <p class='ocr_par' dir='ltr' id='par_1_3' title="bbox 3857 394 3964 460">
     <span class='ocr_line' id='line_1_3' title="bbox 3857 394 3964 460; baseline 0.009 -4"><span class='ocrx_word' id='word_1_4' title='bbox 3857 394 3964 460; x_wconf 72' lang='lat'>180</span> 
     </span>
    </p>
   </div>
   <div class='ocr_carea' id='block_1_4' title="bbox 713 512 2467 600">
    <p class='ocr_par' dir='ltr' id='par_1_4' title="bbox 713 524 2454 600">
     <span class='ocr_line' id='line_1_4' title="bbox 713 524 2454 600; baseline -0.002 -20"><span class='ocrx_word' id='word_1_5' title='bbox 713 542 794 586; x_wconf 85' lang='lat' dir='ltr'>tat</span> <span class='ocrx_word' id='word_1_6' title='bbox 819 546 948 600; x_wconf 75' lang='lat' dir='ltr'><strong>ergo</strong></span> <span class='ocrx_word' id='word_1_7' title='bbox 979 530 1292 597; x_wconf 88' lang='lat' dir='ltr'><strong>quicunque</strong></span> <span class='ocrx_word' id='word_1_8' title='bbox 1321 526 1389 580; x_wconf 91' lang='lat' dir='ltr'>ab</span> <span class='ocrx_word' id='word_1_9' title='bbox 1419 526 1540 581; x_wconf 76' lang='lat' dir='ltr'><strong>istis</strong></span> <span class='ocrx_word' id='word_1_10' title='bbox 1584 525 1740 579; x_wconf 82' lang='lat' dir='ltr'><strong>malis</strong></span> <span class='ocrx_word' id='word_1_11' title='bbox 1761 533 1812 578; x_wconf 82' lang='lat' dir='ltr'>et</span> <span class='ocrx_word' id='word_1_12' title='bbox 1843 533 2096 592; x_wconf 80' lang='lat' dir='ltr'>operetur</span> <span class='ocrx_word' id='word_1_13' title='bbox 2127 524 2288 578; x_wconf 92' lang='lat' dir='ltr'><strong>bona.</strong></span> <span class='ocrx_word' id='word_1_14' title='bbox 2322 546 2363 597; x_wconf 68' lang='grc' dir='ltr'>Α</span> <span class='ocrx_word' id='word_1_15' title='bbox 2394 525 2454 577; x_wconf 82' lang='grc' dir='ltr'>τὸ</span> 
     </span>
    </p>
   </div>
   <div class='ocr_carea' id='block_1_5' title="bbox 2211 512 3965 600">
    <p class='ocr_par' dir='ltr' id='par_1_5' title="bbox 2211 512 3965 597">
     <span class='ocr_line' id='line_1_5' title="bbox 2211 512 3965 597; baseline -0.009 -20"><span class='ocrx_word' id='word_1_16' title='bbox 2211 540 2288 578; x_wconf 69' lang='lat' dir='ltr'>ma.</span> <span class='ocrx_word' id='word_1_17' title='bbox 2322 546 2363 597; x_wconf 68' lang='grc' dir='ltr'>Α</span> <span class='ocrx_word' id='word_1_18' title='bbox 2394 525 2454 577; x_wconf 82' lang='grc' dir='ltr'>τὸ</span> <span class='ocrx_word' id='word_1_19' title='bbox 2491 523 2716 590; x_wconf 86' lang='grc' dir='ltr'>ἀγαθόν.</span> <span class='ocrx_word' id='word_1_20' title='bbox 2752 522 2934 575; x_wconf 65' lang='grc' dir='ltr'>Κακδν</span> <span class='ocrx_word' id='word_1_21' title='bbox 2967 519 3058 572; x_wconf 80' lang='grc' dir='ltr'>οὐν</span> <span class='ocrx_word' id='word_1_22' title='bbox 3105 514 3519 587; x_wconf 76' lang='grc' dir='ltr'>γαστριμαργία</span> <span class='ocrx_word' id='word_1_23' title='bbox 3566 513 3659 565; x_wconf 69' lang='grc' dir='ltr'>καὶ</span> <span class='ocrx_word' id='word_1_24' title='bbox 3709 512 3847 580; x_wconf 83' lang='grc' dir='ltr'>μέθη</span> <span class='ocrx_word' id='word_1_25' title='bbox 3875 515 3965 562; x_wconf 70' lang='grc' dir='ltr'>καὶ</span> 
     </span>
    </p>
   </div>
   <div class='ocr_carea' id='block_1_6' title="bbox 713 617 2286 687">
    <p class='ocr_par' dir='ltr' id='par_1_6' title="bbox 713 617 2286 687">
     <span class='ocr_line' id='line_1_6' title="bbox 713 617 2286 687; baseline -0.002 -15"><span class='ocrx_word' id='word_1_26' title='bbox 713 619 1014 686; x_wconf 60' lang='lat' dir='ltr'><strong>Quaenam?</strong></span> <span class='ocrx_word' id='word_1_27' title='bbox 1043 619 1505 687; x_wconf 65' lang='lat' dir='ltr'>Temperantia&quot;),</span> <span class='ocrx_word' id='word_1_28' title='bbox 1529 618 1826 685; x_wconf 81' lang='lat' dir='ltr'><strong>jejunium.</strong></span> <span class='ocrx_word' id='word_1_29' title='bbox 1846 619 2173 680; x_wconf 81' lang='lat' dir='ltr'><strong>castitatem,</strong></span> <span class='ocrx_word' id='word_1_30' title='bbox 2200 617 2286 684; x_wconf 88' lang='lat' dir='ltr'>ju-</span> 
     </span>
    </p>
   </div>
   <div class='ocr_carea' id='block_1_7' title="bbox 711 707 2288 777">
    <p class='ocr_par' dir='ltr' id='par_1_7' title="bbox 711 707 2288 777">
     <span class='ocr_line' id='line_1_7' title="bbox 711 707 2288 777; baseline -0.006 -11"><span class='ocrx_word' id='word_1_31' title='bbox 711 711 942 768; x_wconf 77' lang='lat' dir='ltr'><strong>stitiam.</strong></span> <span class='ocrx_word' id='word_1_32' title='bbox 984 709 1406 777; x_wconf 81' lang='lat' dir='ltr'><strong>eleemosynam,</strong></span> <span class='ocrx_word' id='word_1_33' title='bbox 1443 709 1885 776; x_wconf 80' lang='lat' dir='ltr'><strong>generositatem,</strong></span> <span class='ocrx_word' id='word_1_34' title='bbox 1927 707 2246 761; x_wconf 84' lang='lat' dir='ltr'><strong>cliaritatern</strong></span> <span class='ocrx_word' id='word_1_35' title='bbox 2273 746 2288 770; x_wconf 90' lang='lat'>,</span> 
     </span>
    </p>
   </div>
   <div class='ocr_carea' id='block_1_8' title="bbox 719 796 2293 866">
    <p class='ocr_par' dir='ltr' id='par_1_8' title="bbox 719 796 2293 866">
     <span class='ocr_line' id='line_1_8' title="bbox 719 796 2293 866; baseline -0.004 -12"><span class='ocrx_word' id='word_1_36' title='bbox 719 800 1097 854; x_wconf 75' lang='lat' dir='ltr'><strong>Lumilitatein.</strong></span> <span class='ocrx_word' id='word_1_37' title='bbox 1124 808 1181 850; x_wconf 93' lang='lat' dir='ltr'>ut</span> <span class='ocrx_word' id='word_1_38' title='bbox 1212 800 1371 864; x_wconf 71' lang='lat' dir='ltr'><strong>digne</strong></span> <span class='ocrx_word' id='word_1_39' title='bbox 1404 797 1694 866; x_wconf 81' lang='lat' dir='ltr'><strong>participes</strong></span> <span class='ocrx_word' id='word_1_40' title='bbox 1719 797 1888 851; x_wconf 85' lang='lat' dir='ltr'><strong>simus</strong></span> <span class='ocrx_word' id='word_1_41' title='bbox 1907 796 2166 850; x_wconf 76' lang='lat' dir='ltr'>immolati</span> <span class='ocrx_word' id='word_1_42' title='bbox 2194 809 2293 862; x_wconf 90' lang='lat' dir='ltr'>pro</span> 
     </span>
    </p>
   </div>
   <div class='ocr_carea' id='block_1_9' title="bbox 715 885 2294 955">
    <p class='ocr_par' dir='ltr' id='par_1_9' title="bbox 715 885 2294 955">
     <span class='ocr_line' id='line_1_9' title="bbox 715 885 2294 955; baseline -0.004 -12"><span class='ocrx_word' id='word_1_43' title='bbox 715 890 870 943; x_wconf 88' lang='lat' dir='ltr'><strong>nobis</strong></span> <span class='ocrx_word' id='word_1_44' title='bbox 893 890 1015 955; x_wconf 68' lang='lat' dir='ltr'><strong>agni</strong></span> <span class='ocrx_word' id='word_1_45' title='bbox 1052 889 1164 952; x_wconf 82' lang='lat' dir='ltr'><strong>Dei,</strong></span> <span class='ocrx_word' id='word_1_46' title='bbox 1191 898 1245 941; x_wconf 87' lang='lat' dir='ltr'>et</span> <span class='ocrx_word' id='word_1_47' title='bbox 1278 887 1400 940; x_wconf 89' lang='lat' dir='ltr'><strong>inde</strong></span> <span class='ocrx_word' id='word_1_48' title='bbox 1436 901 1721 940; x_wconf 79' lang='lat' dir='ltr'><strong>sumamus</strong></span> <span class='ocrx_word' id='word_1_49' title='bbox 1749 887 1944 939; x_wconf 79' lang='lat' dir='ltr'><strong>arrlias</strong></span> <span class='ocrx_word' id='word_1_50' title='bbox 1972 885 2294 938; x_wconf 84' lang='lat' dir='ltr'><strong>immortali-</strong></span> 
     </span>
    </p>
   </div>
   <div class='ocr_carea' id='block_1_10' title="bbox 719 978 2293 1048">
    <p class='ocr_par' dir='ltr' id='par_1_10' title="bbox 719 978 2293 1048">
     <span class='ocr_line' id='line_1_10' title="bbox 719 978 2293 1048; baseline -0.002 -16"><span class='ocrx_word' id='word_1_51' title='bbox 719 985 844 1035; x_wconf 84' lang='lat' dir='ltr'><strong>tatis</strong></span> <span class='ocrx_word' id='word_1_52' title='bbox 871 996 1008 1048; x_wconf 87' lang='lat' dir='ltr'><strong>quas</strong></span> <span class='ocrx_word' id='word_1_53' title='bbox 1043 981 1094 1032; x_wconf 88' lang='lat' dir='ltr'>in</span> <span class='ocrx_word' id='word_1_54' title='bbox 1131 979 1286 1033; x_wconf 89' lang='lat' dir='ltr'><strong>nobis</strong></span> <span class='ocrx_word' id='word_1_55' title='bbox 1327 993 1608 1032; x_wconf 83' lang='lat' dir='ltr'>servemus</span> <span class='ocrx_word' id='word_1_56' title='bbox 1639 993 1759 1030; x_wconf 89' lang='lat' dir='ltr'>cum</span> <span class='ocrx_word' id='word_1_57' title='bbox 1802 978 1955 1029; x_wconf 81' lang='lat' dir='ltr'><strong>ﬁrma</strong></span> <span class='ocrx_word' id='word_1_58' title='bbox 1993 992 2085 1046; x_wconf 80' lang='lat' dir='ltr'>spe</span> <span class='ocrx_word' id='word_1_59' title='bbox 2133 978 2293 1030; x_wconf 83' lang='lat' dir='ltr'><strong>nobis</strong></span> 
     </span>
    </p>
   </div>
   <div class='ocr_carea' id='block_1_11' title="bbox 716 1067 2296 1140">
    <p class='ocr_par' dir='ltr' id='par_1_11' title="bbox 716 1067 2296 1140">
     <span class='ocr_line' id='line_1_11' title="bbox 716 1067 2296 1140; baseline -0.004 -14"><span class='ocrx_word' id='word_1_60' title='bbox 716 1076 768 1126; x_wconf 92' lang='lat' dir='ltr'><strong>in</strong></span> <span class='ocrx_word' id='word_1_61' title='bbox 817 1075 970 1127; x_wconf 83' lang='lat' dir='ltr'><strong>cu-lis</strong></span> <span class='ocrx_word' id='word_1_62' title='bbox 1016 1072 1296 1140; x_wconf 72' lang='lat' dir='ltr'><strong>promissa:</strong></span> <span class='ocrx_word' id='word_1_63' title='bbox 1352 1070 1705 1123; x_wconf 79' lang='lat' dir='ltr'><strong>lnereditatis.</strong></span> <span class='ocrx_word' id='word_1_64' title='bbox 1741 1067 1842 1122; x_wconf 88' lang='lat' dir='ltr'><strong>Sed</strong></span> <span class='ocrx_word' id='word_1_65' title='bbox 1885 1084 2066 1122; x_wconf 89' lang='lat' dir='ltr'><strong>nonne</strong></span> <span class='ocrx_word' id='word_1_66' title='bbox 2111 1084 2296 1137; x_wconf 89' lang='lat' dir='ltr'><strong>perar-</strong></span> 
     </span>
    </p>
   </div>
   <div class='ocr_carea' id='block_1_12' title="bbox 714 1160 2294 1228">
    <p class='ocr_par' dir='ltr' id='par_1_12' title="bbox 714 1160 2294 1228">
     <span class='ocr_line' id='line_1_12' title="bbox 714 1160 2294 1228; baseline -0.003 -11"><span class='ocrx_word' id='word_1_67' title='bbox 714 1169 880 1217; x_wconf 81' lang='lat' dir='ltr'><strong>duum</strong></span> <span class='ocrx_word' id='word_1_68' title='bbox 911 1172 992 1216; x_wconf 79' lang='lat' dir='ltr'>est</span> <span class='ocrx_word' id='word_1_69' title='bbox 1020 1163 1242 1228; x_wconf 89' lang='lat' dir='ltr'><strong>bonum,</strong></span> <span class='ocrx_word' id='word_1_70' title='bbox 1281 1161 1618 1228; x_wconf 77' lang='lat' dir='ltr'>virtutesque</span> <span class='ocrx_word' id='word_1_71' title='bbox 1646 1175 1826 1213; x_wconf 91' lang='lat' dir='ltr'><strong>nonne</strong></span> <span class='ocrx_word' id='word_1_72' title='bbox 1854 1161 1998 1214; x_wconf 81' lang='lat' dir='ltr'><strong>vitIis</strong></span> <span class='ocrx_word' id='word_1_73' title='bbox 2029 1160 2294 1213; x_wconf 84' lang='lat' dir='ltr'><strong>dillicilio-</strong></span> 
     </span>
    </p>
   </div>
   <div class='ocr_carea' id='block_1_13' title="bbox 717 1253 2295 1321">
    <p class='ocr_par' dir='ltr' id='par_1_13' title="bbox 717 1253 2295 1321">
     <span class='ocr_line' id='line_1_13' title="bbox 717 1253 2295 1321; baseline -0.005 -9"><span class='ocrx_word' id='word_1_74' title='bbox 717 1259 842 1312; x_wconf 75' lang='lat' dir='ltr'><strong>res?</strong></span> <span class='ocrx_word' id='word_1_75' title='bbox 877 1256 985 1321; x_wconf 74' lang='lat' dir='ltr'>Ego</span> <span class='ocrx_word' id='word_1_76' title='bbox 1025 1257 1096 1309; x_wconf 90' lang='lat' dir='ltr'>ita</span> <span class='ocrx_word' id='word_1_77' title='bbox 1138 1271 1244 1310; x_wconf 92' lang='lat' dir='ltr'>non</span> <span class='ocrx_word' id='word_1_78' title='bbox 1276 1255 1476 1310; x_wconf 84' lang='lat' dir='ltr'><strong>sentio.</strong></span> <span class='ocrx_word' id='word_1_79' title='bbox 1507 1253 1696 1307; x_wconf 85' lang='lat' dir='ltr'><strong>Plures</strong></span> <span class='ocrx_word' id='word_1_80' title='bbox 1735 1254 1878 1306; x_wconf 81' lang='lat' dir='ltr'><strong>enim</strong></span> <span class='ocrx_word' id='word_1_81' title='bbox 1913 1253 2103 1306; x_wconf 76' lang='lat' dir='ltr'>tolerat</span> <span class='ocrx_word' id='word_1_82' title='bbox 2145 1253 2295 1305; x_wconf 74' lang='lat' dir='ltr'><strong>labo-</strong></span> 
     </span>
    </p>
   </div>
   <div class='ocr_carea' id='block_1_14' title="bbox 713 1343 2298 1417">
    <p class='ocr_par' dir='ltr' id='par_1_14' title="bbox 713 1343 2298 1417">
     <span class='ocr_line' id='line_1_14' title="bbox 713 1343 2298 1417; baseline -0.004 -14"><span class='ocrx_word' id='word_1_83' title='bbox 713 1366 802 1404; x_wconf 89' lang='lat' dir='ltr'>res</span> <span class='ocrx_word' id='word_1_84' title='bbox 848 1349 1098 1403; x_wconf 78' lang='lat' dir='ltr'><strong>ebriosus</strong></span> <span class='ocrx_word' id='word_1_85' title='bbox 1135 1363 1296 1417; x_wconf 87' lang='lat' dir='ltr'><strong>quam</strong></span> <span class='ocrx_word' id='word_1_86' title='bbox 1336 1348 1415 1400; x_wconf 87' lang='lat' dir='ltr'>vir</span> <span class='ocrx_word' id='word_1_87' title='bbox 1453 1348 1590 1400; x_wconf 89' lang='lat' dir='ltr'><strong>bene</strong></span> <span class='ocrx_word' id='word_1_88' title='bbox 1623 1346 1944 1410; x_wconf 83' lang='lat' dir='ltr'><strong>ordinatus,</strong></span> <span class='ocrx_word' id='word_1_89' title='bbox 1988 1349 2164 1413; x_wconf 75' lang='lat' dir='ltr'><strong>plures</strong></span> <span class='ocrx_word' id='word_1_90' title='bbox 2206 1343 2298 1396; x_wconf 80' lang='lat' dir='ltr'><strong>lla-</strong></span> 
     </span>
    </p>
   </div>
   <div class='ocr_carea' id='block_1_15' title="bbox 715 1437 2296 1511">
    <p class='ocr_par' dir='ltr' id='par_1_15' title="bbox 715 1437 2296 1511">
     <span class='ocr_line' id='line_1_15' title="bbox 715 1437 2296 1511; baseline -0.001 -20"><span class='ocrx_word' id='word_1_91' title='bbox 715 1442 946 1511; x_wconf 60' lang='lat' dir='ltr'><strong>gitiOs-ns</strong></span> <span class='ocrx_word' id='word_1_92' title='bbox 995 1456 1157 1508; x_wconf 84' lang='lat' dir='ltr'><strong>quam</strong></span> <span class='ocrx_word' id='word_1_93' title='bbox 1223 1449 1364 1493; x_wconf 81' lang='lat' dir='ltr'><strong>recte</strong></span> <span class='ocrx_word' id='word_1_94' title='bbox 1418 1439 1756 1505; x_wconf 88' lang='lat' dir='ltr'><strong>compositus</strong></span> <span class='ocrx_word' id='word_1_95' title='bbox 1786 1478 1800 1502; x_wconf 91' lang='lat'>,</span> <span class='ocrx_word' id='word_1_96' title='bbox 1848 1438 2029 1505; x_wconf 82' lang='lat' dir='ltr'><strong>plures</strong></span> <span class='ocrx_word' id='word_1_97' title='bbox 2079 1437 2296 1490; x_wconf 74' lang='lat' dir='ltr'><strong>divitias</strong></span> 
     </span>
    </p>
   </div>
   <div class='ocr_carea' id='block_1_16' title="bbox 719 1529 2294 1602">
    <p class='ocr_par' dir='ltr' id='par_1_16' title="bbox 719 1529 2294 1602">
     <span class='ocr_line' id='line_1_16' title="bbox 719 1529 2294 1602; baseline -0.005 -14"><span class='ocrx_word' id='word_1_98' title='bbox 719 1546 982 1602; x_wconf 88' lang='lat' dir='ltr'><strong>appetens</strong></span> <span class='ocrx_word' id='word_1_99' title='bbox 1015 1548 1177 1600; x_wconf 90' lang='lat' dir='ltr'><strong>quam</strong></span> <span class='ocrx_word' id='word_1_100' title='bbox 1206 1530 1493 1585; x_wconf 75' lang='lat' dir='ltr'><strong>sunieienti</strong></span> <span class='ocrx_word' id='word_1_101' title='bbox 1519 1540 1827 1589; x_wconf 76' lang='lat' dir='ltr'><strong>contentus,</strong></span> <span class='ocrx_word' id='word_1_102' title='bbox 1859 1530 2040 1595; x_wconf 86' lang='lat' dir='ltr'><strong>plures</strong></span> <span class='ocrx_word' id='word_1_103' title='bbox 2067 1529 2294 1593; x_wconf 75' lang='lat' dir='ltr'><strong>gloriam</strong></span> 
     </span>
    </p>
   </div>
   <div class='ocr_carea' id='block_1_17' title="bbox 714 1618 2302 1692">
    <p class='ocr_par' dir='ltr' id='par_1_17' title="bbox 714 1618 2302 1692">
     <span class='ocr_line' id='line_1_17' title="bbox 714 1618 2302 1692; baseline -0.004 -15"><span class='ocrx_word' id='word_1_104' title='bbox 714 1639 820 1692; x_wconf 90' lang='lat' dir='ltr'>qua</span> <span class='ocrx_word' id='word_1_105' title='bbox 883 1623 1139 1676; x_wconf 90' lang='lat' dir='ltr'><strong>induatur</strong></span> <span class='ocrx_word' id='word_1_106' title='bbox 1203 1623 1448 1674; x_wconf 82' lang='lat' dir='ltr'><strong>ambiens</strong></span> <span class='ocrx_word' id='word_1_107' title='bbox 1507 1634 1670 1688; x_wconf 91' lang='lat' dir='ltr'><strong>quam</strong></span> <span class='ocrx_word' id='word_1_108' title='bbox 1713 1619 1764 1671; x_wconf 90' lang='lat' dir='ltr'><strong>in</strong></span> <span class='ocrx_word' id='word_1_109' title='bbox 1823 1618 2153 1672; x_wconf 80' lang='lat' dir='ltr'><strong>obscuritate</strong></span> <span class='ocrx_word' id='word_1_110' title='bbox 2209 1619 2302 1670; x_wconf 87' lang='lat' dir='ltr'><strong>de-</strong></span> 
     </span>
    </p>
   </div>
   <div class='ocr_carea' id='block_1_18' title="bbox 717 1710 2303 1784">
    <p class='ocr_par' dir='ltr' id='par_1_18' title="bbox 717 1710 2303 1784">
     <span class='ocr_line' id='line_1_18' title="bbox 717 1710 2303 1784; baseline -0.003 -16"><span class='ocrx_word' id='word_1_111' title='bbox 717 1731 870 1784; x_wconf 73' lang='lat' dir='ltr'><strong>gens.</strong></span> <span class='ocrx_word' id='word_1_112' title='bbox 914 1715 1106 1768; x_wconf 89' lang='lat' dir='ltr'><strong>Verum</strong></span> <span class='ocrx_word' id='word_1_113' title='bbox 1172 1730 1295 1766; x_wconf 79' lang='lat' dir='ltr'>cum</span> <span class='ocrx_word' id='word_1_114' title='bbox 1338 1723 1556 1781; x_wconf 85' lang='lat' dir='ltr'><strong>propter</strong></span> <span class='ocrx_word' id='word_1_115' title='bbox 1590 1719 1830 1763; x_wconf 82' lang='lat' dir='ltr'><strong>nostrain</strong></span> <span class='ocrx_word' id='word_1_116' title='bbox 1865 1710 2146 1762; x_wconf 81' lang='lat' dir='ltr'><strong>moliiticm</strong></span> <span class='ocrx_word' id='word_1_117' title='bbox 2203 1727 2303 1763; x_wconf 83' lang='lat' dir='ltr'><strong>no-</strong></span> 
     </span>
    </p>
   </div>
   <div class='ocr_carea' id='block_1_19' title="bbox 719 1803 2306 1867">
    <p class='ocr_par' dir='ltr' id='par_1_19' title="bbox 719 1803 2306 1867">
     <span class='ocr_line' id='line_1_19' title="bbox 719 1803 2306 1867; baseline -0.003 -7"><span class='ocrx_word' id='word_1_118' title='bbox 719 1809 802 1861; x_wconf 82' lang='lat' dir='ltr'>bis</span> <span class='ocrx_word' id='word_1_119' title='bbox 835 1807 1155 1859; x_wconf 71' lang='lat' dir='ltr'><strong>difﬁciliores</strong></span> <span class='ocrx_word' id='word_1_120' title='bbox 1189 1805 1475 1857; x_wconf 84' lang='lat' dir='ltr'><strong>videantur</strong></span> <span class='ocrx_word' id='word_1_121' title='bbox 1507 1803 1734 1855; x_wconf 79' lang='lat' dir='ltr'><strong>virtutes</strong></span> <span class='ocrx_word' id='word_1_122' title='bbox 1764 1841 1777 1865; x_wconf 92' lang='lat'>,</span> <span class='ocrx_word' id='word_1_123' title='bbox 1830 1803 1878 1854; x_wconf 94' lang='lat' dir='ltr'>vi</span> <span class='ocrx_word' id='word_1_124' title='bbox 1937 1803 2306 1867; x_wconf 83' lang='lat' dir='ltr'><strong>nosmetipsos</strong></span> 
     </span>
    </p>
   </div>
   <div class='ocr_carea' id='block_1_20' title="bbox 719 1900 1078 1965">
    <p class='ocr_par' dir='ltr' id='par_1_20' title="bbox 719 1900 1078 1965">
     <span class='ocr_line' id='line_1_20' title="bbox 719 1900 1078 1965; baseline -0.008 -16"><span class='ocrx_word' id='word_1_125' title='bbox 719 1900 1035 1965; x_wconf 77' lang='lat' dir='ltr'><strong>frangamus</strong></span> <span class='ocrx_word' id='word_1_126' title='bbox 1065 1913 1078 1946; x_wconf 86' lang='lat'>:</span> 
     </span>
    </p>
   </div>
   <div class='ocr_carea' id='block_1_21' title="bbox 722 1984 1869 2057">
    <p class='ocr_par' dir='ltr' id='par_1_21' title="bbox 722 1984 1869 2057">
     <span class='ocr_line' id='line_1_21' title="bbox 722 1984 1869 2057; baseline -0.005 -17"><span class='ocrx_word' id='word_1_127' title='bbox 722 1993 944 2057; x_wconf 89' lang='lat' dir='ltr'><strong>patitur,</strong></span> <span class='ocrx_word' id='word_1_128' title='bbox 986 1999 1037 2042; x_wconf 91' lang='lat' dir='ltr'>et</span> <span class='ocrx_word' id='word_1_129' title='bbox 1068 1989 1287 2040; x_wconf 73' lang='lat' dir='ltr'><strong>violenti</strong></span> <span class='ocrx_word' id='word_1_130' title='bbox 1325 1987 1541 2054; x_wconf 86' lang='lat' dir='ltr'><strong>rapiunt</strong></span> <span class='ocrx_word' id='word_1_131' title='bbox 1579 1984 1708 2038; x_wconf 91' lang='lat' dir='ltr'><strong>illud</strong></span> <span class='ocrx_word' id='word_1_132' title='bbox 1743 1985 1809 2036; x_wconf 86' lang='lat'>&quot;&#39;.</span> <span class='ocrx_word' id='word_1_133' title='bbox 1852 2003 1869 2034; x_wconf 75' lang='grc' dir='ltr'>ι</span> 
     </span>
    </p>
   </div>
   <div class='ocr_carea' id='block_1_22' title="bbox 2395 604 3968 680">
    <p class='ocr_par' dir='ltr' id='par_1_22' title="bbox 2395 604 3968 680">
     <span class='ocr_line' id='line_1_22' title="bbox 2395 604 3968 680; baseline -0.009 -13"><span class='ocrx_word' id='word_1_134' title='bbox 2395 616 2637 668; x_wconf 81' lang='grc' dir='ltr'>ἀσωτία·</span> <span class='ocrx_word' id='word_1_135' title='bbox 2671 615 2842 666; x_wconf 78' lang='grc' dir='ltr'>κακὸν</span> <span class='ocrx_word' id='word_1_136' title='bbox 2892 611 3230 680; x_wconf 77' lang='grc' dir='ltr'>φιλαργυρία</span> <span class='ocrx_word' id='word_1_137' title='bbox 3251 649 3265 673; x_wconf 92' lang='grc'>,</span> <span class='ocrx_word' id='word_1_138' title='bbox 3296 607 3581 671; x_wconf 78' lang='grc' dir='ltr'>πλεονεξία</span> <span class='ocrx_word' id='word_1_139' title='bbox 3611 605 3706 656; x_wconf 74' lang='grc' dir='ltr'>καὶ</span> <span class='ocrx_word' id='word_1_140' title='bbox 3739 604 3921 655; x_wconf 82' lang='grc' dir='ltr'>ἀδικία</span> <span class='ocrx_word' id='word_1_141' title='bbox 3943 620 3968 659; x_wconf 69' lang='lat'><strong>,-</strong></span> 
     </span>
    </p>
   </div>
   <div class='ocr_carea' id='block_1_23' title="bbox 2396 693 3970 771">
    <p class='ocr_par' dir='ltr' id='par_1_23' title="bbox 2396 693 3970 771">
     <span class='ocr_line' id='line_1_23' title="bbox 2396 693 3970 771; baseline -0.01 -13"><span class='ocrx_word' id='word_1_142' title='bbox 2396 707 2566 758; x_wconf 72' lang='grc' dir='ltr'>κακὸν</span> <span class='ocrx_word' id='word_1_143' title='bbox 2608 705 2903 769; x_wconf 79' lang='grc' dir='ltr'>κενοδοξία,</span> <span class='ocrx_word' id='word_1_144' title='bbox 2959 702 3236 771; x_wconf 81' lang='grc' dir='ltr'>θρασύτης</span> <span class='ocrx_word' id='word_1_145' title='bbox 3286 701 3378 752; x_wconf 77' lang='grc' dir='ltr'>καὶ</span> <span class='ocrx_word' id='word_1_146' title='bbox 3431 695 3804 764; x_wconf 81' lang='grc' dir='ltr'>ὑπερηφανία.</span> <span class='ocrx_word' id='word_1_147' title='bbox 3849 693 3970 745; x_wconf 81' lang='grc' dir='ltr'>Ἐκ-</span> 
     </span>
    </p>
   </div>
   <div class='ocr_carea' id='block_1_24' title="bbox 2396 785 3972 853">
    <p class='ocr_par' dir='ltr' id='par_1_24' title="bbox 2396 785 3972 853">
     <span class='ocr_line' id='line_1_24' title="bbox 2396 785 3972 853; baseline -0.01 -5"><span class='ocrx_word' id='word_1_148' title='bbox 2396 797 2633 850; x_wconf 84' lang='grc' dir='ltr'>κλινάτω</span> <span class='ocrx_word' id='word_1_149' title='bbox 2659 791 2751 847; x_wconf 77' lang='grc' dir='ltr'>οὖν</span> <span class='ocrx_word' id='word_1_150' title='bbox 2777 796 2881 853; x_wconf 79' lang='grc' dir='ltr'>πᾶς</span> <span class='ocrx_word' id='word_1_151' title='bbox 2907 793 3016 845; x_wconf 81' lang='grc' dir='ltr'>ἀπὸ</span> <span class='ocrx_word' id='word_1_152' title='bbox 3036 793 3144 843; x_wconf 83' lang='grc' dir='ltr'>τῶν</span> <span class='ocrx_word' id='word_1_153' title='bbox 3168 791 3426 842; x_wconf 67' lang='grc' dir='ltr'>τοιούτων</span> <span class='ocrx_word' id='word_1_154' title='bbox 3459 787 3664 847; x_wconf 85' lang='grc' dir='ltr'>κακῶν,</span> <span class='ocrx_word' id='word_1_155' title='bbox 3693 786 3788 837; x_wconf 73' lang='grc' dir='ltr'>καὶ</span> <span class='ocrx_word' id='word_1_156' title='bbox 3811 785 3972 852; x_wconf 80' lang='grc' dir='ltr'>ἐργα-</span> 
     </span>
    </p>
   </div>
   <div class='ocr_carea' id='block_1_25' title="bbox 2396 874 3970 950">
    <p class='ocr_par' dir='ltr' id='par_1_25' title="bbox 2396 874 3970 950">
     <span class='ocr_line' id='line_1_25' title="bbox 2396 874 3970 950; baseline -0.01 -12"><span class='ocrx_word' id='word_1_157' title='bbox 2396 884 2574 947; x_wconf 81' lang='grc' dir='ltr'>ζέσθω</span> <span class='ocrx_word' id='word_1_158' title='bbox 2602 884 2670 937; x_wconf 81' lang='grc' dir='ltr'>τὰ</span> <span class='ocrx_word' id='word_1_159' title='bbox 2704 882 2907 950; x_wconf 85' lang='grc' dir='ltr'>ἀγαθά.</span> <span class='ocrx_word' id='word_1_160' title='bbox 2944 880 3077 935; x_wconf 83' lang='grc' dir='ltr'>Τίνα</span> <span class='ocrx_word' id='word_1_161' title='bbox 3110 879 3322 943; x_wconf 87' lang='grc' dir='ltr'>ταῦτα;</span> <span class='ocrx_word' id='word_1_162' title='bbox 3353 876 3466 944; x_wconf 81' lang='grc' dir='ltr'>Τὴν</span> <span class='ocrx_word' id='word_1_163' title='bbox 3491 875 3839 944; x_wconf 78' lang='grc' dir='ltr'>ἐγκράτειαν,</span> <span class='ocrx_word' id='word_1_164' title='bbox 3873 874 3970 941; x_wconf 73' lang='grc' dir='ltr'>τὴν</span> 
     </span>
    </p>
   </div>
   <div class='ocr_carea' id='block_1_26' title="bbox 2398 966 3973 1044">
    <p class='ocr_par' dir='ltr' id='par_1_26' title="bbox 2398 966 3973 1044">
     <span class='ocr_line' id='line_1_26' title="bbox 2398 966 3973 1044; baseline -0.009 -14"><span class='ocrx_word' id='word_1_165' title='bbox 2398 977 2678 1044; x_wconf 83' lang='grc' dir='ltr'>νηστείαν,</span> <span class='ocrx_word' id='word_1_166' title='bbox 2731 974 2829 1044; x_wconf 78' lang='grc' dir='ltr'>τὴν</span> <span class='ocrx_word' id='word_1_167' title='bbox 2880 972 3264 1042; x_wconf 79' lang='grc' dir='ltr'>σωφροσύνην,</span> <span class='ocrx_word' id='word_1_168' title='bbox 3315 971 3414 1039; x_wconf 81' lang='grc' dir='ltr'>τὴν</span> <span class='ocrx_word' id='word_1_169' title='bbox 3465 967 3837 1033; x_wconf 87' lang='grc' dir='ltr'>δικαιοσύνην.</span> <span class='ocrx_word' id='word_1_170' title='bbox 3873 966 3973 1034; x_wconf 76' lang='grc' dir='ltr'>τὴν</span> 
     </span>
    </p>
   </div>
   <div class='ocr_carea' id='block_1_27' title="bbox 2399 1057 3976 1138">
    <p class='ocr_par' dir='ltr' id='par_1_27' title="bbox 2399 1057 3976 1138">
     <span class='ocr_line' id='line_1_27' title="bbox 2399 1057 3976 1138; baseline -0.009 -18"><span class='ocrx_word' id='word_1_171' title='bbox 2399 1067 2789 1138; x_wconf 79' lang='grc' dir='ltr'>ἐλεημοσύνην,</span> <span class='ocrx_word' id='word_1_172' title='bbox 2830 1068 2930 1135; x_wconf 82' lang='grc' dir='ltr'>τὴν</span> <span class='ocrx_word' id='word_1_173' title='bbox 2980 1063 3388 1134; x_wconf 80' lang='grc' dir='ltr'>μακροθυμίαν,</span> <span class='ocrx_word' id='word_1_174' title='bbox 3438 1061 3537 1130; x_wconf 78' lang='grc' dir='ltr'>τὴν</span> <span class='ocrx_word' id='word_1_175' title='bbox 3585 1059 3829 1124; x_wconf 79' lang='grc' dir='ltr'>ἀγάπην,</span> <span class='ocrx_word' id='word_1_176' title='bbox 3875 1057 3976 1125; x_wconf 78' lang='grc' dir='ltr'>τὴν</span> 
     </span>
    </p>
   </div>
   <div class='ocr_carea' id='block_1_28' title="bbox 2399 1147 3976 1223">
    <p class='ocr_par' dir='ltr' id='par_1_28' title="bbox 2399 1147 3976 1223">
     <span class='ocr_line' id='line_1_28' title="bbox 2399 1147 3976 1223; baseline -0.008 -13"><span class='ocrx_word' id='word_1_177' title='bbox 2399 1158 2754 1221; x_wconf 85' lang='grc' dir='ltr'>ταπείνωσιν,</span> <span class='ocrx_word' id='word_1_178' title='bbox 2802 1158 2890 1209; x_wconf 84' lang='grc' dir='ltr'>ἵνα</span> <span class='ocrx_word' id='word_1_179' title='bbox 2942 1155 3341 1223; x_wconf 72' lang='grc' dir='ltr'>μεταλάϐωμεν</span> <span class='ocrx_word' id='word_1_180' title='bbox 3377 1152 3542 1215; x_wconf 80' lang='grc' dir='ltr'>ἀξίως</span> <span class='ocrx_word' id='word_1_181' title='bbox 3577 1149 3670 1201; x_wconf 89' lang='grc' dir='ltr'>τοῦ</span> <span class='ocrx_word' id='word_1_182' title='bbox 3721 1147 3976 1207; x_wconf 88' lang='grc' dir='ltr'>τυθέντος</span> 
     </span>
    </p>
   </div>
   <div class='ocr_carea' id='block_1_29' title="bbox 2402 1237 3976 1316">
    <p class='ocr_par' dir='ltr' id='par_1_29' title="bbox 2402 1237 3976 1316">
     <span class='ocr_line' id='line_1_29' title="bbox 2402 1237 3976 1316; baseline -0.009 -16"><span class='ocrx_word' id='word_1_183' title='bbox 2402 1248 2543 1316; x_wconf 78' lang='grc' dir='ltr'>ὑπὲρ</span> <span class='ocrx_word' id='word_1_184' title='bbox 2579 1247 2735 1315; x_wconf 78' lang='grc' dir='ltr'>ἡμῶν</span> <span class='ocrx_word' id='word_1_185' title='bbox 2785 1245 2959 1316; x_wconf 87' lang='grc' dir='ltr'>ἀμνοῦ</span> <span class='ocrx_word' id='word_1_186' title='bbox 2988 1245 3082 1298; x_wconf 88' lang='grc' dir='ltr'>τοῦ</span> <span class='ocrx_word' id='word_1_187' title='bbox 3114 1244 3271 1308; x_wconf 86' lang='grc' dir='ltr'>Θεοῦ,</span> <span class='ocrx_word' id='word_1_188' title='bbox 3304 1242 3399 1297; x_wconf 73' lang='grc' dir='ltr'>καί</span> <span class='ocrx_word' id='word_1_189' title='bbox 3441 1241 3698 1309; x_wconf 77' lang='grc' dir='ltr'>λάθωμεν</span> <span class='ocrx_word' id='word_1_190' title='bbox 3729 1237 3976 1291; x_wconf 87' lang='grc' dir='ltr'>ἐντεῦθεν</span> 
     </span>
    </p>
   </div>
   <div class='ocr_carea' id='block_1_30' title="bbox 2402 1328 3973 1409">
    <p class='ocr_par' dir='ltr' id='par_1_30' title="bbox 2402 1328 3973 1409">
     <span class='ocr_line' id='line_1_30' title="bbox 2402 1328 3973 1409; baseline -0.008 -19"><span class='ocrx_word' id='word_1_191' title='bbox 2402 1339 2494 1391; x_wconf 64' lang='grc' dir='ltr'>τὸν</span> <span class='ocrx_word' id='word_1_192' title='bbox 2523 1337 2818 1409; x_wconf 73' lang='grc' dir='ltr'>ἀρραϐῶνα</span> <span class='ocrx_word' id='word_1_193' title='bbox 2859 1337 2955 1405; x_wconf 83' lang='grc' dir='ltr'>τῆς</span> <span class='ocrx_word' id='word_1_194' title='bbox 2986 1334 3318 1406; x_wconf 78' lang='grc' dir='ltr'>ἀφθαρσίας,</span> <span class='ocrx_word' id='word_1_195' title='bbox 3351 1335 3446 1386; x_wconf 74' lang='grc' dir='ltr'>καὶ</span> <span class='ocrx_word' id='word_1_196' title='bbox 3481 1331 3808 1400; x_wconf 79' lang='grc' dir='ltr'>φυλάξωμεν</span> <span class='ocrx_word' id='word_1_197' title='bbox 3843 1328 3973 1395; x_wconf 78' lang='grc' dir='ltr'>παρ’</span> 
     </span>
    </p>
   </div>
   <div class='ocr_carea' id='block_1_31' title="bbox 2403 1422 3978 1498">
    <p class='ocr_par' dir='ltr' id='par_1_31' title="bbox 2403 1422 3978 1498">
     <span class='ocr_line' id='line_1_31' title="bbox 2403 1422 3978 1498; baseline -0.008 -16"><span class='ocrx_word' id='word_1_198' title='bbox 2403 1432 2614 1492; x_wconf 79' lang='grc' dir='ltr'>ἑαυτοῖς</span> <span class='ocrx_word' id='word_1_199' title='bbox 2650 1431 2727 1482; x_wconf 78' lang='grc' dir='ltr'>εἰς</span> <span class='ocrx_word' id='word_1_200' title='bbox 2755 1429 3130 1498; x_wconf 66' lang='grc' dir='ltr'>πληροφορίαν</span> <span class='ocrx_word' id='word_1_201' title='bbox 3157 1427 3255 1493; x_wconf 76' lang='grc' dir='ltr'>τῆς</span> <span class='ocrx_word' id='word_1_202' title='bbox 3284 1427 3341 1475; x_wconf 79' lang='grc' dir='ltr'>ἐν</span> <span class='ocrx_word' id='word_1_203' title='bbox 3372 1425 3624 1493; x_wconf 78' lang='grc' dir='ltr'>οὐρανοῖς</span> <span class='ocrx_word' id='word_1_204' title='bbox 3650 1423 3780 1490; x_wconf 79' lang='grc' dir='ltr'>ἡμῖν</span> <span class='ocrx_word' id='word_1_205' title='bbox 3807 1422 3978 1486; x_wconf 81' lang='grc' dir='ltr'>ἐπηγ-</span> 
     </span>
    </p>
   </div>
   <div class='ocr_carea' id='block_1_32' title="bbox 2405 1510 3978 1589">
    <p class='ocr_par' dir='ltr' id='par_1_32' title="bbox 2405 1510 3978 1589">
     <span class='ocr_line' id='line_1_32' title="bbox 2405 1510 3978 1589; baseline -0.01 -15"><span class='ocrx_word' id='word_1_206' title='bbox 2405 1521 2674 1589; x_wconf 85' lang='grc' dir='ltr'>γελμένης</span> <span class='ocrx_word' id='word_1_207' title='bbox 2721 1521 3110 1588; x_wconf 77' lang='grc' dir='ltr'>κληρονομίας.</span> <span class='ocrx_word' id='word_1_208' title='bbox 3160 1516 3322 1570; x_wconf 83' lang='grc' dir='ltr'>Ἀλλά</span> <span class='ocrx_word' id='word_1_209' title='bbox 3367 1515 3699 1566; x_wconf 82' lang='grc' dir='ltr'>δυσάνυστον</span> <span class='ocrx_word' id='word_1_210' title='bbox 3730 1511 3789 1561; x_wconf 80' lang='grc' dir='ltr'>τὸ</span> <span class='ocrx_word' id='word_1_211' title='bbox 3839 1510 3978 1574; x_wconf 77' lang='grc' dir='ltr'>ἀγα·</span> 
     </span>
    </p>
   </div>
   <div class='ocr_carea' id='block_1_33' title="bbox 2405 1602 3979 1682">
    <p class='ocr_par' dir='ltr' id='par_1_33' title="bbox 2405 1602 3979 1682">
     <span class='ocr_line' id='line_1_33' title="bbox 2405 1602 3979 1682; baseline -0.01 -15"><span class='ocrx_word' id='word_1_212' title='bbox 2405 1616 2518 1679; x_wconf 86' lang='grc' dir='ltr'>θὸν,</span> <span class='ocrx_word' id='word_1_213' title='bbox 2548 1617 2641 1667; x_wconf 61' lang='grc' dir='ltr'>καὶ⁵</span> <span class='ocrx_word' id='word_1_214' title='bbox 2673 1615 2728 1664; x_wconf 88' lang='grc' dir='ltr'>αἰ</span> <span class='ocrx_word' id='word_1_215' title='bbox 2773 1614 2964 1682; x_wconf 78' lang='grc' dir='ltr'>ἀρεταὶ</span> <span class='ocrx_word' id='word_1_216' title='bbox 2996 1612 3106 1680; x_wconf 80' lang='lat'>78</span> <span class='ocrx_word' id='word_1_217' title='bbox 3141 1608 3543 1674; x_wconf 82' lang='grc' dir='ltr'>δυσκολώτεραί</span> <span class='ocrx_word' id='word_1_218' title='bbox 3581 1607 3687 1656; x_wconf 85' lang='grc' dir='ltr'>εἰσι</span> <span class='ocrx_word' id='word_1_219' title='bbox 3735 1602 3844 1654; x_wconf 76' lang='grc' dir='ltr'>τῶν</span> <span class='ocrx_word' id='word_1_220' title='bbox 3880 1617 3979 1652; x_wconf 83' lang='grc' dir='ltr'>κα-</span> 
     </span>
    </p>
   </div>
   <div class='ocr_carea' id='block_1_34' title="bbox 2405 1693 3980 1772">
    <p class='ocr_par' dir='ltr' id='par_1_34' title="bbox 2405 1693 3980 1772">
     <span class='ocr_line' id='line_1_34' title="bbox 2405 1693 3980 1772; baseline -0.012 -14"><span class='ocrx_word' id='word_1_221' title='bbox 2405 1706 2561 1758; x_wconf 80' lang='grc' dir='ltr'>κιῶν.</span> <span class='ocrx_word' id='word_1_222' title='bbox 2607 1704 2747 1766; x_wconf 87' lang='grc' dir='ltr'>Ἐγὼ</span> <span class='ocrx_word' id='word_1_223' title='bbox 2789 1705 2886 1772; x_wconf 82' lang='grc' dir='ltr'>μὲν</span> <span class='ocrx_word' id='word_1_224' title='bbox 2940 1705 3038 1771; x_wconf 87' lang='grc' dir='ltr'>οὐχ</span> <span class='ocrx_word' id='word_1_225' title='bbox 3092 1703 3200 1769; x_wconf 80' lang='grc' dir='ltr'>ὁρῶ</span> <span class='ocrx_word' id='word_1_226' title='bbox 3238 1701 3420 1762; x_wconf 85' lang='grc' dir='ltr'>τοῦτο,</span> <span class='ocrx_word' id='word_1_227' title='bbox 3457 1698 3550 1750; x_wconf 72' lang='grc' dir='ltr'>καὶ</span> <span class='ocrx_word' id='word_1_228' title='bbox 3595 1697 3703 1765; x_wconf 83' lang='grc' dir='ltr'>γὰρ</span> <span class='ocrx_word' id='word_1_229' title='bbox 3758 1693 3980 1751; x_wconf 80' lang='grc' dir='ltr'>πλείους</span> 
     </span>
    </p>
   </div>
   <div class='ocr_carea' id='block_1_35' title="bbox 2407 1783 3980 1864">
    <p class='ocr_par' dir='ltr' id='par_1_35' title="bbox 2407 1783 3980 1864">
     <span class='ocr_line' id='line_1_35' title="bbox 2407 1783 3980 1864; baseline -0.009 -15"><span class='ocrx_word' id='word_1_230' title='bbox 2407 1798 2632 1850; x_wconf 88' lang='grc' dir='ltr'>αὐτόθεν</span> <span class='ocrx_word' id='word_1_231' title='bbox 2666 1798 2961 1864; x_wconf 78' lang='grc' dir='ltr'>ὑφίσταται</span> <span class='ocrx_word' id='word_1_232' title='bbox 3015 1796 3208 1854; x_wconf 80' lang='grc' dir='ltr'>πόνους</span> <span class='ocrx_word' id='word_1_233' title='bbox 3253 1796 3279 1845; x_wconf 99' lang='lat'>6</span> <span class='ocrx_word' id='word_1_234' title='bbox 3317 1794 3553 1861; x_wconf 80' lang='grc' dir='ltr'>μέθυσος</span> <span class='ocrx_word' id='word_1_235' title='bbox 3604 1789 3695 1840; x_wconf 77' lang='grc' dir='ltr'>καί</span> <span class='ocrx_word' id='word_1_236' title='bbox 3732 1783 3980 1852; x_wconf 83' lang='grc' dir='ltr'>ἀκρατὴς</span> 
     </span>
    </p>
   </div>
   <div class='ocr_carea' id='block_1_36' title="bbox 1127 1877 2881 1964">
    <p class='ocr_par' dir='ltr' id='par_1_36' title="bbox 1127 1885 2855 1964">
     <span class='ocr_line' id='line_1_36' title="bbox 1127 1885 2855 1964; baseline -0.003 -19"><span class='ocrx_word' id='word_1_237' title='bbox 1127 1915 1144 1945; x_wconf 81' lang='grc' dir='ltr'>ι</span> <span class='ocrx_word' id='word_1_238' title='bbox 1184 1896 1425 1964; x_wconf 72' lang='lat' dir='ltr'><strong>Regnum</strong></span> <span class='ocrx_word' id='word_1_239' title='bbox 1461 1893 1747 1957; x_wconf 73' lang='lat' dir='ltr'><strong>cmlorum,</strong></span> <span class='ocrx_word' id='word_1_240' title='bbox 1775 1893 1849 1946; x_wconf 85' lang='lat' dir='ltr'><strong>ait</strong></span> <span class='ocrx_word' id='word_1_241' title='bbox 1877 1891 2157 1952; x_wconf 85' lang='lat' dir='ltr'><strong>Dominus.</strong></span> <span class='ocrx_word' id='word_1_242' title='bbox 2184 1893 2290 1945; x_wconf 88' lang='lat' dir='ltr'>vim</span> <span class='ocrx_word' id='word_1_243' title='bbox 2332 1885 2372 1942; x_wconf 82' lang='grc' dir='ltr'>Β</span> <span class='ocrx_word' id='word_1_244' title='bbox 2402 1889 2495 1941; x_wconf 91' lang='grc' dir='ltr'>τοῦ</span> <span class='ocrx_word' id='word_1_245' title='bbox 2533 1889 2855 1958; x_wconf 76' lang='grc' dir='ltr'>ἐγκρατοῦς,</span> 
     </span>
    </p>
   </div>
   <div class='ocr_carea' id='block_1_37' title="bbox 2224 1877 3978 1964">
    <p class='ocr_par' dir='ltr' id='par_1_37' title="bbox 2224 1877 3978 1958">
     <span class='ocr_line' id='line_1_37' title="bbox 2224 1877 3978 1958; baseline -0.005 -16"><span class='ocrx_word' id='word_1_246' title='bbox 2224 1893 2290 1943; x_wconf 86' lang='lat' dir='ltr'>im</span> <span class='ocrx_word' id='word_1_247' title='bbox 2332 1885 2372 1942; x_wconf 82' lang='grc' dir='ltr'>Β</span> <span class='ocrx_word' id='word_1_248' title='bbox 2402 1889 2495 1941; x_wconf 85' lang='grc' dir='ltr'>τοῦ</span> <span class='ocrx_word' id='word_1_249' title='bbox 2533 1889 2855 1958; x_wconf 77' lang='grc' dir='ltr'>ἐγκρατοῦς,</span> <span class='ocrx_word' id='word_1_250' title='bbox 2887 1890 2981 1939; x_wconf 72' lang='grc' dir='ltr'>καὶ</span> <span class='ocrx_word' id='word_1_251' title='bbox 3024 1890 3050 1940; x_wconf 93' lang='lat'>6</span> <span class='ocrx_word' id='word_1_252' title='bbox 3084 1887 3383 1946; x_wconf 76' lang='grc' dir='ltr'>ἀκόλαστος</span> <span class='ocrx_word' id='word_1_253' title='bbox 3416 1881 3510 1934; x_wconf 85' lang='grc' dir='ltr'>τοῦ</span> <span class='ocrx_word' id='word_1_254' title='bbox 3551 1877 3978 1946; x_wconf 75' lang='grc' dir='ltr'>σωφρονοῦντος.</span> 
     </span>
    </p>
   </div>
   <div class='ocr_carea' id='block_1_38' title="bbox 2407 1970 3981 2040">
    <p class='ocr_par' dir='ltr' id='par_1_38' title="bbox 2407 1970 3981 2040">
     <span class='ocr_line' id='line_1_38' title="bbox 2407 1970 3981 2040; baseline -0.011 -6"><span class='ocrx_word' id='word_1_255' title='bbox 2407 1983 2504 2034; x_wconf 77' lang='grc' dir='ltr'>καὶ</span> <span class='ocrx_word' id='word_1_256' title='bbox 2534 1983 2563 2034; x_wconf 88' lang='lat'>6</span> <span class='ocrx_word' id='word_1_257' title='bbox 2610 1999 2640 2032; x_wconf 89' lang='grc' dir='ltr'>σ</span> <span class='ocrx_word' id='word_1_258' title='bbox 2687 1981 2854 2033; x_wconf 80' lang='grc' dir='ltr'>εύδων</span> <span class='ocrx_word' id='word_1_259' title='bbox 2890 1980 3142 2032; x_wconf 80' lang='grc' dir='ltr'>πλουτεῖν</span> <span class='ocrx_word' id='word_1_260' title='bbox 3189 1975 3282 2029; x_wconf 88' lang='grc' dir='ltr'>τοῦ</span> <span class='ocrx_word' id='word_1_261' title='bbox 3314 1977 3371 2027; x_wconf 92' lang='grc' dir='ltr'>ἐν</span> <span class='ocrx_word' id='word_1_262' title='bbox 3419 1971 3721 2040; x_wconf 71' lang='grc' dir='ltr'>αὐταρκείᾳ</span> <span class='ocrx_word' id='word_1_263' title='bbox 3760 1970 3981 2032; x_wconf 65' lang='grc' dir='ltr'>ζῶντος,</span> 
     </span>
    </p>
   </div>
   <div class='ocr_carea' id='block_1_39' title="bbox 720 2062 3982 2148">
    <p class='ocr_par' dir='ltr' id='par_1_39' title="bbox 720 2062 3982 2148">
     <span class='ocr_line' id='line_1_39' title="bbox 720 2062 3982 2148; baseline -0.005 -14"><span class='ocrx_word' id='word_1_264' title='bbox 720 2084 814 2134; x_wconf 73' lang='grc' dir='ltr'>καὶ</span> <span class='ocrx_word' id='word_1_265' title='bbox 851 2086 877 2134; x_wconf 82' lang='lat'>6</span> <span class='ocrx_word' id='word_1_266' title='bbox 907 2083 1060 2144; x_wconf 79' lang='grc' dir='ltr'>δόξαν</span> <span class='ocrx_word' id='word_1_267' title='bbox 1094 2081 1270 2148; x_wconf 79' lang='grc' dir='ltr'>ἐαυτῷ</span> <span class='ocrx_word' id='word_1_268' title='bbox 1299 2080 1620 2148; x_wconf 74' lang='grc' dir='ltr'>περιθέσθαι</span> <span class='ocrx_word' id='word_1_269' title='bbox 1648 2078 1826 2148; x_wconf 79' lang='grc' dir='ltr'>ζητῶν</span> <span class='ocrx_word' id='word_1_270' title='bbox 1849 2078 1942 2130; x_wconf 89' lang='grc' dir='ltr'>τοῦ</span> <span class='ocrx_word' id='word_1_271' title='bbox 1972 2081 2027 2131; x_wconf 87' lang='grc' dir='ltr'>ὲν</span> <span class='ocrx_word' id='word_1_272' title='bbox 2051 2078 2284 2147; x_wconf 69' lang='grc' dir='ltr'>ἀφανείᾳ</span> <span class='ocrx_word' id='word_1_273' title='bbox 2324 2076 2632 2142; x_wconf 80' lang='grc' dir='ltr'>διάγοντος.</span> <span class='ocrx_word' id='word_1_274' title='bbox 2687 2076 2833 2130; x_wconf 80' lang='grc' dir='ltr'>Ἀλλ’</span> <span class='ocrx_word' id='word_1_275' title='bbox 2870 2078 2992 2128; x_wconf 67' lang='grc' dir='ltr'>ἐπεὶ</span> <span class='ocrx_word' id='word_1_276' title='bbox 3031 2075 3118 2127; x_wconf 84' lang='grc' dir='ltr'>διὰ</span> <span class='ocrx_word' id='word_1_277' title='bbox 3152 2075 3252 2142; x_wconf 77' lang='grc' dir='ltr'>τὴν</span> <span class='ocrx_word' id='word_1_278' title='bbox 3330 2069 3601 2140; x_wconf 65' lang='grc' dir='ltr'>ημετέραν</span> <span class='ocrx_word' id='word_1_279' title='bbox 3651 2062 3982 2133; x_wconf 69' lang='grc' dir='ltr'>ἡδυπάθειαν</span> 
     </span>
    </p>
   </div>
   <div class='ocr_carea' id='block_1_40' title="bbox 720 2157 3978 2242">
    <p class='ocr_par' dir='ltr' id='par_1_40' title="bbox 720 2157 3978 2242">
     <span class='ocr_line' id='line_1_40' title="bbox 720 2157 3978 2242; baseline -0.003 -18"><span class='ocrx_word' id='word_1_280' title='bbox 720 2172 1122 2240; x_wconf 81' lang='grc' dir='ltr'>δυσκολώτεραι</span> <span class='ocrx_word' id='word_1_281' title='bbox 1152 2173 1284 2241; x_wconf 78' lang='grc' dir='ltr'>ἡμῖν</span> <span class='ocrx_word' id='word_1_282' title='bbox 1316 2174 1598 2239; x_wconf 79' lang='grc' dir='ltr'>φαίνονται</span> <span class='ocrx_word' id='word_1_283' title='bbox 1634 2174 1689 2224; x_wconf 87' lang='grc' dir='ltr'>αἰ</span> <span class='ocrx_word' id='word_1_284' title='bbox 1724 2173 1941 2242; x_wconf 66' lang='grc' dir='ltr'>ἀρεταὶ,</span> <span class='ocrx_word' id='word_1_285' title='bbox 1972 2171 2291 2241; x_wconf 81' lang='grc' dir='ltr'>βιασώμεθα</span> <span class='ocrx_word' id='word_1_286' title='bbox 2327 2171 2477 2239; x_wconf 79' lang='grc' dir='ltr'>ἡμᾶς</span> <span class='ocrx_word' id='word_1_287' title='bbox 2508 2173 2705 2234; x_wconf 84' lang='grc' dir='ltr'>αὐτούς</span> <span class='ocrx_word' id='word_1_288' title='bbox 2728 2187 2744 2202; x_wconf 75' lang='grc' dir='ltr'><strong><em>ο</em></strong></span> <span class='ocrx_word' id='word_1_289' title='bbox 2781 2190 2800 2222; x_wconf 76' lang='grc' dir='ltr'>ι</span> <span class='ocrx_word' id='word_1_290' title='bbox 2847 2171 3051 2241; x_wconf 81' lang='grc' dir='ltr'>Βιαστὴ</span> <span class='ocrx_word' id='word_1_291' title='bbox 3082 2169 3189 2238; x_wconf 79' lang='grc' dir='ltr'>γάρ</span> <span class='ocrx_word' id='word_1_292' title='bbox 3240 2169 3378 2230; x_wconf 85' lang='grc' dir='ltr'>ἐστι,</span> <span class='ocrx_word' id='word_1_293' title='bbox 3411 2163 3578 2233; x_wconf 70' lang='grc' dir='ltr'>φησὶν</span> <span class='ocrx_word' id='word_1_294' title='bbox 3647 2163 3675 2213; x_wconf 83' lang='grc' dir='ltr'>ὁ</span> <span class='ocrx_word' id='word_1_295' title='bbox 3748 2157 3978 2235; x_wconf 62' lang='grc' dir='ltr'>Κύριος,</span> 
     </span>
    </p>
   </div>
   <div class='ocr_carea' id='block_1_41' title="bbox 723 2262 2573 2335">
    <p class='ocr_par' dir='ltr' id='par_1_41' title="bbox 723 2262 2573 2335">
     <span class='ocr_line' id='line_1_41' title="bbox 723 2262 2573 2335; baseline 0.001 -19"><span class='ocrx_word' id='word_1_296' title='bbox 723 2269 757 2335; x_wconf 79' lang='grc' dir='ltr'><strong>ἡ</strong></span> <span class='ocrx_word' id='word_1_297' title='bbox 790 2266 1035 2334; x_wconf 80' lang='grc' dir='ltr'>βασιλεία</span> <span class='ocrx_word' id='word_1_298' title='bbox 1070 2268 1172 2318; x_wconf 68' lang='grc' dir='ltr'>τῶν</span> <span class='ocrx_word' id='word_1_299' title='bbox 1223 2266 1491 2335; x_wconf 77' lang='grc' dir='ltr'>οὐρανῶν,</span> <span class='ocrx_word' id='word_1_300' title='bbox 1529 2269 1621 2318; x_wconf 71' lang='grc' dir='ltr'>καὶ</span> <span class='ocrx_word' id='word_1_301' title='bbox 1676 2265 1891 2333; x_wconf 78' lang='grc' dir='ltr'>βιασταὶ</span> <span class='ocrx_word' id='word_1_302' title='bbox 1948 2265 2288 2334; x_wconf 67' lang='grc' dir='ltr'>ἁρπάζουσιν</span> <span class='ocrx_word' id='word_1_303' title='bbox 2325 2262 2514 2334; x_wconf 83' lang='grc' dir='ltr'>αὐτήν.</span> <span class='ocrx_word' id='word_1_304' title='bbox 2557 2286 2573 2317; x_wconf 76' lang='grc' dir='ltr'>ι</span> 
     </span>
    </p>
   </div>
   <div class='ocr_carea' id='block_1_42' title="bbox 803 2359 2310 2427">
    <p class='ocr_par' dir='ltr' id='par_1_42' title="bbox 803 2359 2310 2427">
     <span class='ocr_line' id='line_1_42' title="bbox 803 2359 2310 2427; baseline 0.001 -18"><span class='ocrx_word' id='word_1_305' title='bbox 803 2359 974 2425; x_wconf 67' lang='lat' dir='ltr'><strong>Igitur</strong></span> <span class='ocrx_word' id='word_1_306' title='bbox 1007 2359 1296 2412; x_wconf 89' lang='lat' dir='ltr'><strong>sedulitate</strong></span> <span class='ocrx_word' id='word_1_307' title='bbox 1327 2368 1379 2412; x_wconf 91' lang='lat' dir='ltr'>et</span> <span class='ocrx_word' id='word_1_308' title='bbox 1412 2359 1692 2427; x_wconf 83' lang='lat' dir='ltr'><strong>diligentia</strong></span> <span class='ocrx_word' id='word_1_309' title='bbox 1720 2375 1856 2427; x_wconf 91' lang='lat' dir='ltr'><strong>opus</strong></span> <span class='ocrx_word' id='word_1_310' title='bbox 1881 2368 1964 2413; x_wconf 89' lang='lat' dir='ltr'>est</span> <span class='ocrx_word' id='word_1_311' title='bbox 1999 2359 2154 2413; x_wconf 93' lang='lat' dir='ltr'><strong>nobis</strong></span> <span class='ocrx_word' id='word_1_312' title='bbox 2183 2359 2310 2412; x_wconf 82' lang='lat' dir='ltr'><strong>illu-</strong></span> 
     </span>
    </p>
   </div>
   <div class='ocr_carea' id='block_1_43' title="bbox 732 2451 2308 2522">
    <p class='ocr_par' dir='ltr' id='par_1_43' title="bbox 732 2451 2308 2522">
     <span class='ocr_line' id='line_1_43' title="bbox 732 2451 2308 2522; baseline 0 -16"><span class='ocrx_word' id='word_1_313' title='bbox 732 2453 938 2506; x_wconf 73' lang='grc' dir='ltr'>ιιιί-ιιιιε</span> <span class='ocrx_word' id='word_1_314' title='bbox 981 2463 1032 2506; x_wconf 87' lang='lat' dir='ltr'>et</span> <span class='ocrx_word' id='word_1_315' title='bbox 1076 2453 1163 2520; x_wconf 81' lang='lat' dir='ltr'>ing</span> <span class='ocrx_word' id='word_1_316' title='bbox 1191 2452 1347 2515; x_wconf 89' lang='lat' dir='ltr'><strong>oriis,</strong></span> <span class='ocrx_word' id='word_1_317' title='bbox 1395 2451 1830 2520; x_wconf 78' lang='lat' dir='ltr'><strong>gubernantibus</strong></span> <span class='ocrx_word' id='word_1_318' title='bbox 1870 2463 1922 2506; x_wconf 90' lang='lat' dir='ltr'>et</span> <span class='ocrx_word' id='word_1_319' title='bbox 1968 2452 2308 2522; x_wconf 79' lang='lat' dir='ltr'><strong>gubernatis,</strong></span> 
     </span>
    </p>
   </div>
   <div class='ocr_carea' id='block_1_44' title="bbox 727 2543 2312 2612">
    <p class='ocr_par' dir='ltr' id='par_1_44' title="bbox 727 2543 2312 2612">
     <span class='ocr_line' id='line_1_44' title="bbox 727 2543 2312 2612; baseline 0 -18"><span class='ocrx_word' id='word_1_320' title='bbox 727 2545 986 2597; x_wconf 76' lang='lat' dir='ltr'><strong>divitibus</strong></span> <span class='ocrx_word' id='word_1_321' title='bbox 1013 2554 1064 2595; x_wconf 81' lang='lat' dir='ltr'><strong>et</strong></span> <span class='ocrx_word' id='word_1_322' title='bbox 1100 2543 1386 2604; x_wconf 82' lang='lat' dir='ltr'><strong>mendicis,</strong></span> <span class='ocrx_word' id='word_1_323' title='bbox 1422 2553 1478 2596; x_wconf 90' lang='lat' dir='ltr'>ut</span> <span class='ocrx_word' id='word_1_324' title='bbox 1517 2559 1708 2612; x_wconf 86' lang='lat' dir='ltr'><strong>pravas</strong></span> <span class='ocrx_word' id='word_1_325' title='bbox 1741 2545 2064 2612; x_wconf 87' lang='lat' dir='ltr'><strong>cupiditates</strong></span> <span class='ocrx_word' id='word_1_326' title='bbox 2097 2545 2164 2598; x_wconf 85' lang='lat' dir='ltr'>ab</span> <span class='ocrx_word' id='word_1_327' title='bbox 2196 2545 2312 2596; x_wconf 89' lang='lat' dir='ltr'><strong>ani-</strong></span> 
     </span>
    </p>
   </div>
   <div class='ocr_carea' id='block_1_45' title="bbox 732 2634 2307 2688">
    <p class='ocr_par' dir='ltr' id='par_1_45' title="bbox 732 2634 2307 2688">
     <span class='ocr_line' id='line_1_45' title="bbox 732 2634 2307 2688; baseline 0.002 -3"><span class='ocrx_word' id='word_1_328' title='bbox 732 2650 835 2686; x_wconf 80' lang='lat' dir='ltr'><strong>m.s</strong></span> <span class='ocrx_word' id='word_1_329' title='bbox 888 2634 1058 2685; x_wconf 81' lang='lat' dir='ltr'><strong>nostri</strong></span> <span class='ocrx_word' id='word_1_330' title='bbox 1109 2647 1463 2685; x_wconf 74' lang='lat' dir='ltr'><strong>aznoveanius</strong></span> <span class='ocrx_word' id='word_1_331' title='bbox 1498 2643 1545 2687; x_wconf 90' lang='lat' dir='ltr'>et</span> <span class='ocrx_word' id='word_1_332' title='bbox 1605 2634 1834 2687; x_wconf 90' lang='lat' dir='ltr'><strong>istorum</strong></span> <span class='ocrx_word' id='word_1_333' title='bbox 1892 2637 2011 2688; x_wconf 76' lang='lat' dir='ltr'><strong>loco</strong></span> <span class='ocrx_word' id='word_1_334' title='bbox 2060 2635 2307 2688; x_wconf 89' lang='lat' dir='ltr'><strong>ordinem</strong></span> 
     </span>
    </p>
   </div>
   <div class='ocr_carea' id='block_1_46' title="bbox 732 2724 2314 2794">
    <p class='ocr_par' dir='ltr' id='par_1_46' title="bbox 732 2724 2314 2794">
     <span class='ocr_line' id='line_1_46' title="bbox 732 2724 2314 2794; baseline 0.001 -17"><span class='ocrx_word' id='word_1_335' title='bbox 732 2726 990 2778; x_wconf 78' lang='lat' dir='ltr'><strong>virtu&#39;u:i:</strong></span> <span class='ocrx_word' id='word_1_336' title='bbox 1010 2724 1337 2778; x_wconf 89' lang='lat' dir='ltr'><strong>inseramus.</strong></span> <span class='ocrx_word' id='word_1_337' title='bbox 1361 2726 1569 2778; x_wconf 83' lang='lat' dir='ltr'><strong>Etenim</strong></span> <span class='ocrx_word' id='word_1_338' title='bbox 1601 2727 1835 2794; x_wconf 80' lang='lat' dir='ltr'><strong>agricola</strong></span> <span class='ocrx_word' id='word_1_339' title='bbox 1856 2736 1907 2778; x_wconf 90' lang='lat' dir='ltr'><strong>et</strong></span> <span class='ocrx_word' id='word_1_340' title='bbox 1933 2737 2081 2780; x_wconf 90' lang='lat' dir='ltr'><strong>sutor</strong></span> <span class='ocrx_word' id='word_1_341' title='bbox 2102 2737 2152 2779; x_wconf 87' lang='lat' dir='ltr'>et</span> <span class='ocrx_word' id='word_1_342' title='bbox 2169 2734 2314 2779; x_wconf 86' lang='lat' dir='ltr'><strong>stru—</strong></span> 
     </span>
    </p>
   </div>
   <div class='ocr_carea' id='block_1_47' title="bbox 731 2814 2315 2884">
    <p class='ocr_par' dir='ltr' id='par_1_47' title="bbox 731 2814 2315 2884">
     <span class='ocr_line' id='line_1_47' title="bbox 731 2814 2315 2884; baseline 0 -16"><span class='ocrx_word' id='word_1_343' title='bbox 731 2824 853 2868; x_wconf 88' lang='lat' dir='ltr'><strong>ctor</strong></span> <span class='ocrx_word' id='word_1_344' title='bbox 896 2823 948 2865; x_wconf 84' lang='lat' dir='ltr'><strong>et</strong></span> <span class='ocrx_word' id='word_1_345' title='bbox 987 2823 1164 2866; x_wconf 78' lang='lat' dir='ltr'><strong>sai-tor</strong></span> <span class='ocrx_word' id='word_1_346' title='bbox 1187 2822 1240 2866; x_wconf 78' lang='lat' dir='ltr'>et</span> <span class='ocrx_word' id='word_1_347' title='bbox 1273 2821 1470 2878; x_wconf 69' lang='lat' dir='ltr'><strong>textor,</strong></span> <span class='ocrx_word' id='word_1_348' title='bbox 1506 2831 1611 2868; x_wconf 91' lang='lat' dir='ltr'><strong>om.</strong></span> <span class='ocrx_word' id='word_1_349' title='bbox 1638 2829 1697 2868; x_wconf 94' lang='lat' dir='ltr'>es</span> <span class='ocrx_word' id='word_1_350' title='bbox 1739 2815 1960 2868; x_wconf 89' lang='lat' dir='ltr'><strong>omnino</strong></span> <span class='ocrx_word' id='word_1_351' title='bbox 1992 2816 2084 2884; x_wconf 91' lang='lat' dir='ltr'>qui</span> <span class='ocrx_word' id='word_1_352' title='bbox 2122 2814 2315 2868; x_wconf 80' lang='lat' dir='ltr'><strong>frontis</strong></span> 
     </span>
    </p>
   </div>
   <div class='ocr_carea' id='block_1_48' title="bbox 734 2905 2316 2973">
    <p class='ocr_par' dir='ltr' id='par_1_48' title="bbox 734 2905 2316 2973">
     <span class='ocr_line' id='line_1_48' title="bbox 734 2905 2316 2973; baseline 0 -14"><span class='ocrx_word' id='word_1_353' title='bbox 734 2906 931 2959; x_wconf 78' lang='lat' dir='ltr'><strong>sudore</strong></span> <span class='ocrx_word' id='word_1_354' title='bbox 963 2921 1292 2973; x_wconf 84' lang='lat' dir='ltr'><strong>suarumque</strong></span> <span class='ocrx_word' id='word_1_355' title='bbox 1319 2921 1574 2957; x_wconf 83' lang='lat' dir='ltr'><strong>manuum</strong></span> <span class='ocrx_word' id='word_1_356' title='bbox 1610 2905 1795 2959; x_wconf 87' lang='lat' dir='ltr'><strong>labore</strong></span> <span class='ocrx_word' id='word_1_357' title='bbox 1821 2906 1921 2960; x_wconf 90' lang='lat' dir='ltr'><strong>sibi</strong></span> <span class='ocrx_word' id='word_1_358' title='bbox 1953 2908 2132 2959; x_wconf 88' lang='lat' dir='ltr'><strong>cibum</strong></span> <span class='ocrx_word' id='word_1_359' title='bbox 2162 2922 2316 2960; x_wconf 80' lang='lat' dir='ltr'><strong>com-</strong></span> 
     </span>
    </p>
   </div>
   <div class='ocr_carea' id='block_1_49' title="bbox 735 2996 2316 3066">
    <p class='ocr_par' dir='ltr' id='par_1_49' title="bbox 735 2996 2316 3066">
     <span class='ocr_line' id='line_1_49' title="bbox 735 2996 2316 3066; baseline 0.001 -17"><span class='ocrx_word' id='word_1_360' title='bbox 735 3005 972 3061; x_wconf 82' lang='lat' dir='ltr'><strong>parant.</strong></span> <span class='ocrx_word' id='word_1_361' title='bbox 1037 2997 1082 3050; x_wconf 89' lang='lat' dir='ltr'>si</span> <span class='ocrx_word' id='word_1_362' title='bbox 1138 2996 1639 3063; x_wconf 84' lang='lat' dir='ltr'><strong>concupiscentiam</strong></span> <span class='ocrx_word' id='word_1_363' title='bbox 1704 2997 2012 3051; x_wconf 87' lang='lat' dir='ltr'><strong>divitiarum</strong></span> <span class='ocrx_word' id='word_1_364' title='bbox 2044 3007 2098 3050; x_wconf 91' lang='lat' dir='ltr'>et</span> <span class='ocrx_word' id='word_1_365' title='bbox 2132 2999 2316 3066; x_wconf 71' lang='lat' dir='ltr'><strong>gloriae</strong></span> 
     </span>
    </p>
   </div>
   <div class='ocr_carea' id='block_1_50' title="bbox 736 3086 2308 3151">
    <p class='ocr_par' dir='ltr' id='par_1_50' title="bbox 736 3086 2308 3151">
     <span class='ocr_line' id='line_1_50' title="bbox 736 3086 2308 3151; baseline 0.004 -17"><span class='ocrx_word' id='word_1_366' title='bbox 736 3094 790 3135; x_wconf 74' lang='lat' dir='ltr'>et</span> <span class='ocrx_word' id='word_1_367' title='bbox 872 3086 1114 3137; x_wconf 79' lang='lat' dir='ltr'><strong>mollitici</strong></span> <span class='ocrx_word' id='word_1_368' title='bbox 1189 3087 1256 3139; x_wconf 85' lang='lat' dir='ltr'>ab</span> <span class='ocrx_word' id='word_1_369' title='bbox 1320 3087 1499 3140; x_wconf 81' lang='lat' dir='ltr'><strong>anima</strong></span> <span class='ocrx_word' id='word_1_370' title='bbox 1577 3100 1901 3151; x_wconf 54' lang='lat' dir='ltr'><strong>coerceant,</strong></span> <span class='ocrx_word' id='word_1_371' title='bbox 1974 3104 2100 3143; x_wconf 87' lang='lat' dir='ltr'><strong>vere</strong></span> <span class='ocrx_word' id='word_1_372' title='bbox 2169 3090 2308 3143; x_wconf 85' lang='lat' dir='ltr'><strong>beati</strong></span> 
     </span>
    </p>
   </div>
   <div class='ocr_carea' id='block_1_51' title="bbox 739 3173 2312 3245">
    <p class='ocr_par' dir='ltr' id='par_1_51' title="bbox 739 3173 2312 3245">
     <span class='ocr_line' id='line_1_51' title="bbox 739 3173 2312 3245; baseline 0.003 -18"><span class='ocrx_word' id='word_1_373' title='bbox 739 3190 889 3227; x_wconf 87' lang='lat' dir='ltr'><strong>sum.</strong></span> <span class='ocrx_word' id='word_1_374' title='bbox 931 3173 1088 3227; x_wconf 66' lang='lat' dir='ltr'><strong>Tales</strong></span> <span class='ocrx_word' id='word_1_375' title='bbox 1135 3177 1276 3227; x_wconf 81' lang='lat' dir='ltr'><strong>enim</strong></span> <span class='ocrx_word' id='word_1_376' title='bbox 1333 3184 1460 3229; x_wconf 90' lang='lat' dir='ltr'><strong>sunt</strong></span> <span class='ocrx_word' id='word_1_377' title='bbox 1497 3190 1760 3244; x_wconf 84' lang='lat' dir='ltr'><strong>pauperes</strong></span> <span class='ocrx_word' id='word_1_378' title='bbox 1811 3192 2042 3245; x_wconf 92' lang='lat' dir='ltr'><strong>quorum</strong></span> <span class='ocrx_word' id='word_1_379' title='bbox 2076 3188 2159 3232; x_wconf 90' lang='lat' dir='ltr'>est</span> <span class='ocrx_word' id='word_1_380' title='bbox 2211 3194 2312 3231; x_wconf 82' lang='lat' dir='ltr'><strong>re—</strong></span> 
     </span>
    </p>
   </div>
   <div class='ocr_carea' id='block_1_52' title="bbox 2483 2346 3982 2430">
    <p class='ocr_par' dir='ltr' id='par_1_52' title="bbox 2483 2346 3982 2430">
     <span class='ocr_line' id='line_1_52' title="bbox 2483 2346 3982 2430; baseline -0.011 -18"><span class='ocrx_word' id='word_1_381' title='bbox 2483 2362 2726 2430; x_wconf 87' lang='grc' dir='ltr'>Σπουδῆς</span> <span class='ocrx_word' id='word_1_382' title='bbox 2758 2357 2850 2413; x_wconf 73' lang='grc' dir='ltr'>οὖν</span> <span class='ocrx_word' id='word_1_383' title='bbox 2901 2361 3031 2429; x_wconf 75' lang='grc' dir='ltr'>ἡμῖν</span> <span class='ocrx_word' id='word_1_384' title='bbox 3061 2359 3194 2412; x_wconf 76' lang='grc' dir='ltr'>πᾶσι</span> <span class='ocrx_word' id='word_1_385' title='bbox 3230 2355 3389 2425; x_wconf 85' lang='grc' dir='ltr'>χρεία</span> <span class='ocrx_word' id='word_1_386' title='bbox 3433 2356 3524 2405; x_wconf 76' lang='grc' dir='ltr'>καὶ</span> <span class='ocrx_word' id='word_1_387' title='bbox 3564 2348 3860 2418; x_wconf 75' lang='grc' dir='ltr'>προσοχῆς,</span> <span class='ocrx_word' id='word_1_388' title='bbox 3896 2346 3982 2395; x_wconf 78' lang='grc' dir='ltr'>ἐν·</span> 
     </span>
    </p>
   </div>
   <div class='ocr_carea' id='block_1_53' title="bbox 2409 2439 3981 2517">
    <p class='ocr_par' dir='ltr' id='par_1_53' title="bbox 2409 2439 3981 2517">
     <span class='ocr_line' id='line_1_53' title="bbox 2409 2439 3981 2517; baseline -0.005 -12"><span class='ocrx_word' id='word_1_389' title='bbox 2409 2453 2582 2516; x_wconf 82' lang='grc' dir='ltr'>δόξοις</span> <span class='ocrx_word' id='word_1_390' title='bbox 2640 2471 2698 2504; x_wconf 89' lang='grc' dir='ltr'>τε</span> <span class='ocrx_word' id='word_1_391' title='bbox 2761 2454 2855 2504; x_wconf 75' lang='grc' dir='ltr'>καὶ</span> <span class='ocrx_word' id='word_1_392' title='bbox 2906 2452 3139 2514; x_wconf 84' lang='grc' dir='ltr'>ἀδόξοις,</span> <span class='ocrx_word' id='word_1_393' title='bbox 3194 2448 3425 2517; x_wconf 80' lang='grc' dir='ltr'>ἄρχουσι</span> <span class='ocrx_word' id='word_1_394' title='bbox 3481 2447 3577 2495; x_wconf 69' lang='grc' dir='ltr'>καὶ</span> <span class='ocrx_word' id='word_1_395' title='bbox 3636 2439 3981 2509; x_wconf 59' lang='grc' dir='ltr'>ἀρχομένοις.</span> 
     </span>
    </p>
   </div>
   <div class='ocr_carea' id='block_1_54' title="bbox 2410 2526 3986 2608">
    <p class='ocr_par' dir='ltr' id='par_1_54' title="bbox 2410 2526 3986 2608">
     <span class='ocr_line' id='line_1_54' title="bbox 2410 2526 3986 2608; baseline -0.011 -16"><span class='ocrx_word' id='word_1_396' title='bbox 2410 2543 2690 2603; x_wconf 77' lang='grc' dir='ltr'>πλουσίοις</span> <span class='ocrx_word' id='word_1_397' title='bbox 2717 2542 2809 2594; x_wconf 67' lang='grc' dir='ltr'>καὶ</span> <span class='ocrx_word' id='word_1_398' title='bbox 2839 2541 3092 2608; x_wconf 84' lang='grc' dir='ltr'>πένησιν,</span> <span class='ocrx_word' id='word_1_399' title='bbox 3126 2537 3267 2589; x_wconf 79' lang='grc' dir='ltr'>ὥστε</span> <span class='ocrx_word' id='word_1_400' title='bbox 3293 2536 3362 2588; x_wconf 85' lang='grc' dir='ltr'>τά</span> <span class='ocrx_word' id='word_1_401' title='bbox 3389 2533 3604 2601; x_wconf 85' lang='grc' dir='ltr'>πονηρά</span> <span class='ocrx_word' id='word_1_402' title='bbox 3638 2530 3783 2596; x_wconf 76' lang='grc' dir='ltr'>πάθη</span> <span class='ocrx_word' id='word_1_403' title='bbox 3814 2526 3986 2580; x_wconf 85' lang='grc' dir='ltr'>ταῦτα</span> 
     </span>
    </p>
   </div>
   <div class='ocr_carea' id='block_1_55' title="bbox 2409 2619 3985 2700">
    <p class='ocr_par' dir='ltr' id='par_1_55' title="bbox 2409 2619 3985 2700">
     <span class='ocr_line' id='line_1_55' title="bbox 2409 2619 3985 2700; baseline -0.011 -16"><span class='ocrx_word' id='word_1_404' title='bbox 2409 2635 2507 2700; x_wconf 78' lang='grc' dir='ltr'>τῆς</span> <span class='ocrx_word' id='word_1_405' title='bbox 2538 2633 2742 2691; x_wconf 71' lang='grc' dir='ltr'>οἰκείας</span> <span class='ocrx_word' id='word_1_406' title='bbox 2771 2632 3059 2683; x_wconf 80' lang='grc' dir='ltr'>ἀπώσαθαι</span> <span class='ocrx_word' id='word_1_407' title='bbox 3087 2629 3263 2698; x_wconf 69' lang='grc' dir='ltr'>ψυχῆς</span> <span class='ocrx_word' id='word_1_408' title='bbox 3288 2627 3382 2678; x_wconf 87' lang='grc' dir='ltr'>καὶ</span> <span class='ocrx_word' id='word_1_409' title='bbox 3398 2622 3792 2677; x_wconf 86' lang='grc' dir='ltr'>ἀντεισοικίσαι</span> <span class='ocrx_word' id='word_1_410' title='bbox 3814 2619 3985 2689; x_wconf 71' lang='grc' dir='ltr'>ταύτῃ</span> 
     </span>
    </p>
   </div>
   <div class='ocr_carea' id='block_1_56' title="bbox 2412 2712 3988 2794">
    <p class='ocr_par' dir='ltr' id='par_1_56' title="bbox 2412 2712 3988 2794">
     <span class='ocr_line' id='line_1_56' title="bbox 2412 2712 3988 2794; baseline -0.009 -20"><span class='ocrx_word' id='word_1_411' title='bbox 2412 2724 2502 2775; x_wconf 72' lang='grc' dir='ltr'>τὸν</span> <span class='ocrx_word' id='word_1_412' title='bbox 2531 2723 2639 2774; x_wconf 84' lang='grc' dir='ltr'>τῶν</span> <span class='ocrx_word' id='word_1_413' title='bbox 2673 2722 2885 2794; x_wconf 77' lang='grc' dir='ltr'>ἀρετῶν</span> <span class='ocrx_word' id='word_1_414' title='bbox 2919 2721 3244 2786; x_wconf 82' lang='grc' dir='ltr'>κατάλογον.</span> <span class='ocrx_word' id='word_1_415' title='bbox 3280 2719 3391 2772; x_wconf 72' lang='grc' dir='ltr'>Καὶ</span> <span class='ocrx_word' id='word_1_416' title='bbox 3414 2719 3441 2768; x_wconf 97' lang='lat'>6</span> <span class='ocrx_word' id='word_1_417' title='bbox 3467 2716 3715 2783; x_wconf 74' lang='grc' dir='ltr'>γεωργὸς</span> <span class='ocrx_word' id='word_1_418' title='bbox 3748 2712 3856 2781; x_wconf 75' lang='grc' dir='ltr'>γὰρ</span> <span class='ocrx_word' id='word_1_419' title='bbox 3893 2715 3988 2761; x_wconf 72' lang='grc' dir='ltr'>κλί</span> 
     </span>
    </p>
   </div>
   <div class='ocr_carea' id='block_1_57' title="bbox 2413 2801 3988 2882">
    <p class='ocr_par' dir='ltr' id='par_1_57' title="bbox 2413 2801 3988 2882">
     <span class='ocr_line' id='line_1_57' title="bbox 2413 2801 3988 2882; baseline -0.011 -15"><span class='ocrx_word' id='word_1_420' title='bbox 2413 2817 2441 2866; x_wconf 91' lang='lat'>6</span> <span class='ocrx_word' id='word_1_421' title='bbox 2477 2813 2807 2882; x_wconf 81' lang='grc' dir='ltr'>σκυτοτόμος</span> <span class='ocrx_word' id='word_1_422' title='bbox 2850 2817 2943 2864; x_wconf 73' lang='grc' dir='ltr'>καὶ</span> <span class='ocrx_word' id='word_1_423' title='bbox 2977 2814 3004 2863; x_wconf 91' lang='lat'>6</span> <span class='ocrx_word' id='word_1_424' title='bbox 3063 2810 3345 2878; x_wconf 86' lang='grc' dir='ltr'>οἰκοδόμος</span> <span class='ocrx_word' id='word_1_425' title='bbox 3384 2811 3480 2860; x_wconf 78' lang='grc' dir='ltr'>καὶ</span> <span class='ocrx_word' id='word_1_426' title='bbox 3509 2809 3537 2858; x_wconf 90' lang='lat'>6</span> <span class='ocrx_word' id='word_1_427' title='bbox 3590 2806 3802 2875; x_wconf 76' lang='grc' dir='ltr'>ρἀτης</span> <span class='ocrx_word' id='word_1_428' title='bbox 3837 2802 3931 2853; x_wconf 63' lang='grc' dir='ltr'>καὶ</span> <span class='ocrx_word' id='word_1_429' title='bbox 3960 2801 3988 2849; x_wconf 88' lang='lat'>6</span> 
     </span>
    </p>
   </div>
   <div class='ocr_carea' id='block_1_58' title="bbox 2413 2893 3988 2976">
    <p class='ocr_par' dir='ltr' id='par_1_58' title="bbox 2413 2893 3988 2976">
     <span class='ocr_line' id='line_1_58' title="bbox 2413 2893 3988 2976; baseline -0.011 -18"><span class='ocrx_word' id='word_1_430' title='bbox 2413 2906 2680 2976; x_wconf 81' lang='grc' dir='ltr'>ὐφαντὴς,</span> <span class='ocrx_word' id='word_1_431' title='bbox 2715 2907 2810 2958; x_wconf 73' lang='grc' dir='ltr'>καὶ</span> <span class='ocrx_word' id='word_1_432' title='bbox 2871 2902 3057 2964; x_wconf 74' lang='grc' dir='ltr'>ἀπλῶς</span> <span class='ocrx_word' id='word_1_433' title='bbox 3093 2901 3200 2961; x_wconf 79' lang='grc' dir='ltr'>πᾶς</span> <span class='ocrx_word' id='word_1_434' title='bbox 3242 2901 3267 2952; x_wconf 86' lang='lat'>6</span> <span class='ocrx_word' id='word_1_435' title='bbox 3298 2899 3364 2951; x_wconf 84' lang='grc' dir='ltr'>δι’</span> <span class='ocrx_word' id='word_1_436' title='bbox 3417 2898 3635 2959; x_wconf 71' lang='grc' dir='ltr'>οἰκείων</span> <span class='ocrx_word' id='word_1_437' title='bbox 3671 2895 3847 2946; x_wconf 78' lang='grc' dir='ltr'>πόνων</span> <span class='ocrx_word' id='word_1_438' title='bbox 3895 2893 3988 2942; x_wconf 76' lang='grc' dir='ltr'>καὶ</span> 
     </span>
    </p>
   </div>
   <div class='ocr_carea' id='block_1_59' title="bbox 2415 2984 3989 3070">
    <p class='ocr_par' dir='ltr' id='par_1_59' title="bbox 2415 2984 3989 3070">
     <span class='ocr_line' id='line_1_59' title="bbox 2415 2984 3989 3070; baseline -0.012 -17"><span class='ocrx_word' id='word_1_439' title='bbox 2415 3005 2511 3070; x_wconf 80' lang='grc' dir='ltr'>τῆς</span> <span class='ocrx_word' id='word_1_440' title='bbox 2539 2999 2646 3052; x_wconf 76' lang='grc' dir='ltr'>ἀπὸ</span> <span class='ocrx_word' id='word_1_441' title='bbox 2679 2999 2788 3050; x_wconf 85' lang='grc' dir='ltr'>τῶν</span> <span class='ocrx_word' id='word_1_442' title='bbox 2840 2997 3039 3066; x_wconf 81' lang='grc' dir='ltr'>χειρῶν</span> <span class='ocrx_word' id='word_1_443' title='bbox 3074 2994 3334 3064; x_wconf 78' lang='grc' dir='ltr'>ἐργασίας</span> <span class='ocrx_word' id='word_1_444' title='bbox 3382 2988 3739 3061; x_wconf 75' lang='grc' dir='ltr'>ποριζόμενος</span> <span class='ocrx_word' id='word_1_445' title='bbox 3779 2987 3838 3038; x_wconf 60' lang='grc' dir='ltr'>τί,</span> <span class='ocrx_word' id='word_1_446' title='bbox 3866 2984 3989 3053; x_wconf 74' lang='grc' dir='ltr'>ζῇν,</span> 
     </span>
    </p>
   </div>
   <div class='ocr_carea' id='block_1_60' title="bbox 2417 3078 3988 3160">
    <p class='ocr_par' dir='ltr' id='par_1_60' title="bbox 2417 3078 3988 3160">
     <span class='ocr_line' id='line_1_60' title="bbox 2417 3078 3988 3160; baseline -0.012 -15"><span class='ocrx_word' id='word_1_447' title='bbox 2417 3094 2515 3145; x_wconf 69' lang='grc' dir='ltr'>ἐὰν</span> <span class='ocrx_word' id='word_1_448' title='bbox 2545 3091 2644 3160; x_wconf 81' lang='grc' dir='ltr'>τὴν</span> <span class='ocrx_word' id='word_1_449' title='bbox 2697 3089 2994 3157; x_wconf 74' lang='grc' dir='ltr'>ἐπιθυμίαν</span> <span class='ocrx_word' id='word_1_450' title='bbox 3027 3087 3121 3139; x_wconf 86' lang='grc' dir='ltr'>τοῦ</span> <span class='ocrx_word' id='word_1_451' title='bbox 3175 3085 3408 3138; x_wconf 82' lang='grc' dir='ltr'>πλούτου</span> <span class='ocrx_word' id='word_1_452' title='bbox 3446 3083 3538 3134; x_wconf 68' lang='grc' dir='ltr'>καὶ</span> <span class='ocrx_word' id='word_1_453' title='bbox 3582 3082 3679 3149; x_wconf 77' lang='grc' dir='ltr'>τῆς</span> <span class='ocrx_word' id='word_1_454' title='bbox 3707 3079 3863 3146; x_wconf 75' lang='grc' dir='ltr'>δόξης</span> <span class='ocrx_word' id='word_1_455' title='bbox 3899 3078 3988 3127; x_wconf 62' lang='grc' dir='ltr'>καὶ</span> 
     </span>
    </p>
   </div>
   <div class='ocr_carea' id='block_1_61' title="bbox 2419 3171 3987 3254">
    <p class='ocr_par' dir='ltr' id='par_1_61' title="bbox 2419 3171 3987 3254">
     <span class='ocr_line' id='line_1_61' title="bbox 2419 3171 3987 3254; baseline -0.01 -16"><span class='ocrx_word' id='word_1_456' title='bbox 2419 3184 2519 3252; x_wconf 84' lang='grc' dir='ltr'>τῆς</span> <span class='ocrx_word' id='word_1_457' title='bbox 2556 3184 2766 3254; x_wconf 78' lang='grc' dir='ltr'>τρυφῆς</span> <span class='ocrx_word' id='word_1_458' title='bbox 2820 3183 2928 3233; x_wconf 72' lang='grc' dir='ltr'>ἀπὸ</span> <span class='ocrx_word' id='word_1_459' title='bbox 2963 3180 3061 3248; x_wconf 76' lang='grc' dir='ltr'>τῆς</span> <span class='ocrx_word' id='word_1_460' title='bbox 3101 3178 3305 3242; x_wconf 88' lang='grc' dir='ltr'>οἰκείας</span> <span class='ocrx_word' id='word_1_461' title='bbox 3358 3177 3630 3230; x_wconf 73' lang='grc' dir='ltr'>ἐκῦἀλωαι</span> <span class='ocrx_word' id='word_1_462' title='bbox 3664 3173 3861 3243; x_wconf 72' lang='grc' dir='ltr'>ψυκῆςι</span> <span class='ocrx_word' id='word_1_463' title='bbox 3897 3171 3987 3223; x_wconf 60' lang='grc' dir='ltr'>ινδ</span> 
     </span>
    </p>
   </div>
   <div class='ocr_carea' id='block_1_62' title="bbox 740 3237 2494 3343">
    <p class='ocr_par' dir='ltr' id='par_1_62' title="bbox 740 3237 2494 3334">
     <span class='ocr_line' id='line_1_62' title="bbox 740 3237 2494 3334; baseline 0.001 -16"><span class='ocrx_word' id='word_1_464' title='bbox 740 3283 903 3334; x_wconf 73' lang='lat' dir='ltr'><strong>gnu.n</strong></span> <span class='ocrx_word' id='word_1_465' title='bbox 953 3269 1238 3319; x_wconf 68' lang='lat' dir='ltr'><strong>caa&#39;orum.</strong></span> <span class='ocrx_word' id='word_1_466' title='bbox 1282 3265 1404 3319; x_wconf 88' lang='lat' dir='ltr'><strong>Ideo</strong></span> <span class='ocrx_word' id='word_1_467' title='bbox 1457 3266 1716 3320; x_wconf 84' lang='lat' dir='ltr'><strong>Dominus</strong></span> <span class='ocrx_word' id='word_1_468' title='bbox 1770 3268 1837 3320; x_wconf 89' lang='lat' dir='ltr'>de</span> <span class='ocrx_word' id='word_1_469' title='bbox 1874 3269 1980 3321; x_wconf 91' lang='lat' dir='ltr'><strong>illis</strong></span> <span class='ocrx_word' id='word_1_470' title='bbox 2016 3287 2028 3322; x_wconf 93' lang='lat'><strong>:</strong></span> <span class='ocrx_word' id='word_1_471' title='bbox 2066 3288 2084 3318; x_wconf 79' lang='grc' dir='ltr'>ι</span> <span class='ocrx_word' id='word_1_472' title='bbox 2121 3267 2267 3322; x_wconf 84' lang='lat' dir='ltr'><strong>Beati</strong></span> <span class='ocrx_word' id='word_1_473' title='bbox 2298 3311 2312 3332; x_wconf 88' lang='lat'>,</span> <span class='ocrx_word' id='word_1_474' title='bbox 2343 3237 2391 3300; x_wconf 64' lang='grc' dir='ltr'>Ο</span> <span class='ocrx_word' id='word_1_475' title='bbox 2419 3294 2494 3329; x_wconf 78' lang='grc' dir='ltr'>τω</span> 
     </span>
    </p>
   </div>
   <div class='ocr_carea' id='block_1_63' title="bbox 2235 3237 3989 3343">
    <p class='ocr_par' dir='ltr' id='par_1_63' title="bbox 2235 3237 3989 3343">
     <span class='ocr_line' id='line_1_63' title="bbox 2235 3237 3989 3343; baseline -0.013 -10"><span class='ocrx_word' id='word_1_476' title='bbox 2235 3270 2267 3322; x_wconf 70' lang='lat' dir='ltr'><strong>li</strong></span> <span class='ocrx_word' id='word_1_477' title='bbox 2298 3311 2312 3332; x_wconf 70' lang='grc' dir='ltr'>ν</span> <span class='ocrx_word' id='word_1_478' title='bbox 2343 3237 2391 3300; x_wconf 76' lang='lat' dir='ltr'>c</span> <span class='ocrx_word' id='word_1_479' title='bbox 2419 3293 2527 3337; x_wconf 88' lang='grc' dir='ltr'>τως</span> <span class='ocrx_word' id='word_1_480' title='bbox 2560 3275 2821 3343; x_wconf 86' lang='grc' dir='ltr'>μακάριοι</span> <span class='ocrx_word' id='word_1_481' title='bbox 2849 3288 2862 3300; x_wconf 73' lang='grc' dir='ltr'>ο</span> <span class='ocrx_word' id='word_1_482' title='bbox 2905 3267 3049 3326; x_wconf 73' lang='grc' dir='ltr'>οὗτοι</span> <span class='ocrx_word' id='word_1_483' title='bbox 3079 3272 3188 3341; x_wconf 80' lang='grc' dir='ltr'>γάρ</span> <span class='ocrx_word' id='word_1_484' title='bbox 3223 3273 3360 3323; x_wconf 88' lang='grc' dir='ltr'>εἰσιν</span> <span class='ocrx_word' id='word_1_485' title='bbox 3388 3271 3437 3321; x_wconf 91' lang='grc' dir='ltr'>οἰ</span> <span class='ocrx_word' id='word_1_486' title='bbox 3476 3269 3702 3336; x_wconf 70' lang='grc' dir='ltr'>πτωχοὶ,</span> <span class='ocrx_word' id='word_1_487' title='bbox 3733 3259 3806 3317; x_wconf 81' lang='grc' dir='ltr'>ὦν</span> <span class='ocrx_word' id='word_1_488' title='bbox 3837 3265 3989 3315; x_wconf 85' lang='grc' dir='ltr'>ἐστιν</span> 
     </span>
    </p>
   </div>
   <div class='ocr_carea' id='block_1_64' title="bbox 740 3357 2320 3427">
    <p class='ocr_par' dir='ltr' id='par_1_64' title="bbox 740 3357 2320 3427">
     <span class='ocr_line' id='line_1_64' title="bbox 740 3357 2320 3427; baseline 0.004 -19"><span class='ocrx_word' id='word_1_489' title='bbox 740 3357 940 3425; x_wconf 84' lang='lat' dir='ltr'><strong>inquit,</strong></span> <span class='ocrx_word' id='word_1_490' title='bbox 987 3372 1250 3424; x_wconf 85' lang='lat' dir='ltr'><strong>pauperes</strong></span> <span class='ocrx_word' id='word_1_491' title='bbox 1284 3358 1476 3424; x_wconf 89' lang='lat' dir='ltr'><strong>spiritu</strong></span> <span class='ocrx_word' id='word_1_492' title='bbox 1511 3359 1579 3410; x_wconf 68' lang='grc' dir='ltr'>θ’.</span> <span class='ocrx_word' id='word_1_493' title='bbox 1624 3377 1642 3409; x_wconf 72' lang='grc' dir='ltr'>ι</span> <span class='ocrx_word' id='word_1_494' title='bbox 1678 3359 1950 3427; x_wconf 84' lang='lat' dir='ltr'><strong>Pauperes</strong></span> <span class='ocrx_word' id='word_1_495' title='bbox 1975 3370 2155 3414; x_wconf 89' lang='lat' dir='ltr'><strong>autem</strong></span> <span class='ocrx_word' id='word_1_496' title='bbox 2191 3371 2320 3414; x_wconf 84' lang='lat' dir='ltr'><strong>sunt.</strong></span> 
     </span>
    </p>
   </div>
   <div class='ocr_carea' id='block_1_65' title="bbox 742 3447 2320 3521">
    <p class='ocr_par' dir='ltr' id='par_1_65' title="bbox 742 3447 2320 3521">
     <span class='ocr_line' id='line_1_65' title="bbox 742 3447 2320 3521; baseline 0.004 -21"><span class='ocrx_word' id='word_1_497' title='bbox 742 3450 935 3516; x_wconf 79' lang='lat' dir='ltr'><strong>Spiritu</strong></span> <span class='ocrx_word' id='word_1_498' title='bbox 985 3449 1075 3517; x_wconf 90' lang='lat' dir='ltr'>qui</span> <span class='ocrx_word' id='word_1_499' title='bbox 1111 3447 1301 3516; x_wconf 84' lang='lat' dir='ltr'><strong>spiritu</strong></span> <span class='ocrx_word' id='word_1_500' title='bbox 1336 3465 1427 3502; x_wconf 88' lang='lat' dir='ltr'>seu</span> <span class='ocrx_word' id='word_1_501' title='bbox 1463 3449 1644 3501; x_wconf 88' lang='lat' dir='ltr'><strong>animo</strong></span> <span class='ocrx_word' id='word_1_502' title='bbox 1683 3451 1930 3504; x_wconf 89' lang='lat' dir='ltr'><strong>modesto</strong></span> <span class='ocrx_word' id='word_1_503' title='bbox 1987 3469 2084 3506; x_wconf 87' lang='lat' dir='ltr'>nec</span> <span class='ocrx_word' id='word_1_504' title='bbox 2136 3453 2320 3521; x_wconf 64' lang='lat' dir='ltr'><strong>gloriae</strong></span> 
     </span>
    </p>
   </div>
   <div class='ocr_carea' id='block_1_66' title="bbox 747 3542 2318 3613">
    <p class='ocr_par' dir='ltr' id='par_1_66' title="bbox 747 3542 2318 3613">
     <span class='ocr_line' id='line_1_66' title="bbox 747 3542 2318 3613; baseline 0.003 -21"><span class='ocrx_word' id='word_1_505' title='bbox 747 3557 846 3593; x_wconf 82' lang='lat' dir='ltr'>nec</span> <span class='ocrx_word' id='word_1_506' title='bbox 873 3542 1206 3609; x_wconf 83' lang='lat' dir='ltr'><strong>voluptatum</strong></span> <span class='ocrx_word' id='word_1_507' title='bbox 1241 3542 1533 3608; x_wconf 88' lang='lat' dir='ltr'><strong>cupiditate</strong></span> <span class='ocrx_word' id='word_1_508' title='bbox 1563 3543 1800 3608; x_wconf 86' lang='lat' dir='ltr'><strong>irretito,</strong></span> <span class='ocrx_word' id='word_1_509' title='bbox 1828 3544 2055 3599; x_wconf 87' lang='lat' dir='ltr'><strong>libenter</strong></span> <span class='ocrx_word' id='word_1_510' title='bbox 2088 3561 2318 3613; x_wconf 84' lang='lat' dir='ltr'><strong>pauper-</strong></span> 
     </span>
    </p>
   </div>
   <div class='ocr_carea' id='block_1_67' title="bbox 748 3634 2317 3701">
    <p class='ocr_par' dir='ltr' id='par_1_67' title="bbox 748 3634 2317 3701">
     <span class='ocr_line' id='line_1_67' title="bbox 748 3634 2317 3701; baseline 0.003 -18"><span class='ocrx_word' id='word_1_511' title='bbox 748 3641 912 3684; x_wconf 85' lang='lat' dir='ltr'><strong>tatem</strong></span> <span class='ocrx_word' id='word_1_512' title='bbox 945 3634 1364 3700; x_wconf 83' lang='lat' dir='ltr'><strong>aniplectuntur,</strong></span> <span class='ocrx_word' id='word_1_513' title='bbox 1394 3634 1477 3687; x_wconf 90' lang='lat' dir='ltr'>vel</span> <span class='ocrx_word' id='word_1_514' title='bbox 1504 3649 1620 3687; x_wconf 89' lang='lat' dir='ltr'>eam</span> <span class='ocrx_word' id='word_1_515' title='bbox 1649 3673 1662 3695; x_wconf 89' lang='lat'>,</span> <span class='ocrx_word' id='word_1_516' title='bbox 1698 3636 1740 3688; x_wconf 91' lang='lat' dir='ltr'>si</span> <span class='ocrx_word' id='word_1_517' title='bbox 1797 3635 2162 3689; x_wconf 89' lang='lat' dir='ltr'><strong>involuntaria</strong></span> <span class='ocrx_word' id='word_1_518' title='bbox 2207 3639 2276 3691; x_wconf 89' lang='lat' dir='ltr'>sit</span> <span class='ocrx_word' id='word_1_519' title='bbox 2302 3675 2317 3701; x_wconf 95' lang='lat'>,</span> 
     </span>
    </p>
   </div>
   <div class='ocr_carea' id='block_1_68' title="bbox 747 3720 2321 3784">
    <p class='ocr_par' dir='ltr' id='par_1_68' title="bbox 747 3720 2321 3784">
     <span class='ocr_line' id='line_1_68' title="bbox 747 3720 2321 3784; baseline 0.007 -10"><span class='ocrx_word' id='word_1_520' title='bbox 747 3720 980 3774; x_wconf 70' lang='lat' dir='ltr'><strong>libi-nter</strong></span> <span class='ocrx_word' id='word_1_521' title='bbox 1008 3723 1294 3775; x_wconf 82' lang='lat' dir='ltr'><strong>sulTerunt.</strong></span> <span class='ocrx_word' id='word_1_522' title='bbox 1332 3722 1540 3777; x_wconf 81' lang='lat' dir='ltr'><strong>Divites</strong></span> <span class='ocrx_word' id='word_1_523' title='bbox 1574 3739 1699 3777; x_wconf 86' lang='lat' dir='ltr'><strong>vero</strong></span> <span class='ocrx_word' id='word_1_524' title='bbox 1728 3735 1783 3778; x_wconf 88' lang='lat' dir='ltr'>et</span> <span class='ocrx_word' id='word_1_525' title='bbox 1808 3725 2018 3779; x_wconf 83' lang='lat' dir='ltr'><strong>deliciis</strong></span> <span class='ocrx_word' id='word_1_526' title='bbox 2045 3729 2321 3784; x_wconf 77' lang='lat' dir='ltr'><strong>amuentes</strong></span> 
     </span>
    </p>
   </div>
   <div class='ocr_carea' id='block_1_69' title="bbox 749 3813 2322 3889">
    <p class='ocr_par' dir='ltr' id='par_1_69' title="bbox 749 3813 2322 3889">
     <span class='ocr_line' id='line_1_69' title="bbox 749 3813 2322 3889; baseline 0.006 -23"><span class='ocrx_word' id='word_1_527' title='bbox 749 3823 803 3867; x_wconf 80' lang='lat' dir='ltr'>et</span> <span class='ocrx_word' id='word_1_528' title='bbox 842 3813 1102 3865; x_wconf 80' lang='lat' dir='ltr'><strong>caduCani</strong></span> <span class='ocrx_word' id='word_1_529' title='bbox 1146 3814 1447 3870; x_wconf 85' lang='lat' dir='ltr'><strong>ambientes</strong></span> <span class='ocrx_word' id='word_1_530' title='bbox 1502 3814 1726 3883; x_wconf 78' lang='lat' dir='ltr'><strong>gloriam</strong></span> <span class='ocrx_word' id='word_1_531' title='bbox 1761 3855 1776 3881; x_wconf 95' lang='lat'>,</span> <span class='ocrx_word' id='word_1_532' title='bbox 1818 3817 1910 3885; x_wconf 94' lang='lat' dir='ltr'>qui</span> <span class='ocrx_word' id='word_1_533' title='bbox 1962 3819 2061 3872; x_wconf 91' lang='lat' dir='ltr'><strong>ista</strong></span> <span class='ocrx_word' id='word_1_534' title='bbox 2103 3836 2322 3889; x_wconf 84' lang='lat' dir='ltr'><strong>prorsus</strong></span> 
     </span>
    </p>
   </div>
   <div class='ocr_carea' id='block_1_70' title="bbox 752 3903 2321 3975">
    <p class='ocr_par' dir='ltr' id='par_1_70' title="bbox 752 3903 2321 3975">
     <span class='ocr_line' id='line_1_70' title="bbox 752 3903 2321 3975; baseline 0.003 -16"><span class='ocrx_word' id='word_1_535' title='bbox 752 3904 973 3972; x_wconf 80' lang='lat' dir='ltr'><strong>explent</strong></span> <span class='ocrx_word' id='word_1_536' title='bbox 1019 3903 1310 3966; x_wconf 85' lang='lat' dir='ltr'><strong>desideria,</strong></span> <span class='ocrx_word' id='word_1_537' title='bbox 1338 3905 1709 3960; x_wconf 88' lang='lat' dir='ltr'><strong>acerbioribus</strong></span> <span class='ocrx_word' id='word_1_538' title='bbox 1742 3907 2202 3975; x_wconf 81' lang='lat' dir='ltr'><strong>concupiscentiis</strong></span> <span class='ocrx_word' id='word_1_539' title='bbox 2241 3912 2321 3964; x_wconf 87' lang='lat' dir='ltr'><strong>in-</strong></span> 
     </span>
    </p>
   </div>
   <div class='ocr_carea' id='block_1_71' title="bbox 755 3996 2321 4067">
    <p class='ocr_par' dir='ltr' id='par_1_71' title="bbox 755 3996 2321 4067">
     <span class='ocr_line' id='line_1_71' title="bbox 755 3996 2321 4067; baseline 0.004 -19"><span class='ocrx_word' id='word_1_540' title='bbox 755 3996 989 4048; x_wconf 79' lang='lat' dir='ltr'><strong>servient</strong></span> <span class='ocrx_word' id='word_1_541' title='bbox 1005 4003 1055 4047; x_wconf 82' lang='lat' dir='ltr'>ct</span> <span class='ocrx_word' id='word_1_542' title='bbox 1076 3997 1125 4047; x_wconf 91' lang='lat' dir='ltr'><strong>in</strong></span> <span class='ocrx_word' id='word_1_543' title='bbox 1152 3996 1448 4050; x_wconf 85' lang='lat' dir='ltr'><strong>strictiores</strong></span> <span class='ocrx_word' id='word_1_544' title='bbox 1465 4006 1516 4050; x_wconf 88' lang='lat' dir='ltr'>et.</span> <span class='ocrx_word' id='word_1_545' title='bbox 1541 3996 1718 4064; x_wconf 89' lang='lat' dir='ltr'><strong>plures</strong></span> <span class='ocrx_word' id='word_1_546' title='bbox 1739 4008 1791 4052; x_wconf 89' lang='lat' dir='ltr'><strong>et</strong></span> <span class='ocrx_word' id='word_1_547' title='bbox 1807 4000 2321 4067; x_wconf 81' lang='lat' dir='ltr'><strong>aspct‘ioresdiaboli</strong></span> 
     </span>
    </p>
   </div>
   <div class='ocr_carea' id='block_1_72' title="bbox 756 4085 2319 4159">
    <p class='ocr_par' dir='ltr' id='par_1_72' title="bbox 756 4085 2319 4159">
     <span class='ocr_line' id='line_1_72' title="bbox 756 4085 2319 4159; baseline 0.005 -21"><span class='ocrx_word' id='word_1_548' title='bbox 756 4087 983 4153; x_wconf 75' lang='lat' dir='ltr'><strong>laqueus</strong></span> <span class='ocrx_word' id='word_1_549' title='bbox 1028 4085 1289 4141; x_wconf 74' lang='lat' dir='ltr'><strong>incident.</strong></span> <span class='ocrx_word' id='word_1_550' title='bbox 1323 4085 1453 4140; x_wconf 87' lang='lat' dir='ltr'><strong>Nam</strong></span> <span class='ocrx_word' id='word_1_551' title='bbox 1487 4089 1786 4142; x_wconf 87' lang='lat' dir='ltr'><strong>ditescendi</strong></span> <span class='ocrx_word' id='word_1_552' title='bbox 1821 4093 2319 4159; x_wconf 88' lang='lat' dir='ltr'><strong>concupiscentiam</strong></span> 
     </span>
    </p>
   </div>
   <div class='ocr_carea' id='block_1_73' title="bbox 756 4178 2320 4252">
    <p class='ocr_par' dir='ltr' id='par_1_73' title="bbox 756 4178 2320 4252">
     <span class='ocr_line' id='line_1_73' title="bbox 756 4178 2320 4252; baseline 0.006 -23"><span class='ocrx_word' id='word_1_553' title='bbox 756 4179 960 4230; x_wconf 84' lang='lat' dir='ltr'><strong>ditatus</strong></span> <span class='ocrx_word' id='word_1_554' title='bbox 999 4193 1102 4229; x_wconf 91' lang='lat' dir='ltr'>non</span> <span class='ocrx_word' id='word_1_555' title='bbox 1138 4178 1384 4242; x_wconf 81' lang='lat' dir='ltr'><strong>dimittit,</strong></span> <span class='ocrx_word' id='word_1_556' title='bbox 1426 4179 1516 4232; x_wconf 88' lang='lat' dir='ltr'>sed</span> <span class='ocrx_word' id='word_1_557' title='bbox 1550 4181 1727 4247; x_wconf 81' lang='lat' dir='ltr'><strong>potius</strong></span> <span class='ocrx_word' id='word_1_558' title='bbox 1753 4193 1931 4250; x_wconf 84' lang='lat' dir='ltr'><strong>auget,</strong></span> <span class='ocrx_word' id='word_1_559' title='bbox 1970 4184 2121 4251; x_wconf 92' lang='lat' dir='ltr'><strong>plura</strong></span> <span class='ocrx_word' id='word_1_560' title='bbox 2159 4200 2320 4252; x_wconf 86' lang='lat' dir='ltr'><strong>quam</strong></span> 
     </span>
    </p>
   </div>
   <div class='ocr_carea' id='block_1_74' title="bbox 759 4267 2325 4336">
    <p class='ocr_par' dir='ltr' id='par_1_74' title="bbox 759 4267 2325 4336">
     <span class='ocr_line' id='line_1_74' title="bbox 759 4267 2325 4336; baseline 0.005 -16"><span class='ocrx_word' id='word_1_561' title='bbox 759 4269 911 4336; x_wconf 89' lang='lat' dir='ltr'><strong>prius</strong></span> <span class='ocrx_word' id='word_1_562' title='bbox 935 4280 1215 4335; x_wconf 77' lang='lat' dir='ltr'><strong>expetens.</strong></span> <span class='ocrx_word' id='word_1_563' title='bbox 1250 4267 1339 4321; x_wconf 83' lang='lat' dir='ltr'><strong>Sic</strong></span> <span class='ocrx_word' id='word_1_564' title='bbox 1371 4281 1420 4321; x_wconf 92' lang='lat' dir='ltr'><strong>et</strong></span> <span class='ocrx_word' id='word_1_565' title='bbox 1451 4271 1806 4336; x_wconf 87' lang='lat' dir='ltr'><strong>voluptuosus</strong></span> <span class='ocrx_word' id='word_1_566' title='bbox 1840 4283 1891 4325; x_wconf 87' lang='lat' dir='ltr'>et</span> <span class='ocrx_word' id='word_1_567' title='bbox 1923 4289 2119 4328; x_wconf 82' lang='lat' dir='ltr'><strong>avarus</strong></span> <span class='ocrx_word' id='word_1_568' title='bbox 2154 4285 2205 4327; x_wconf 89' lang='lat' dir='ltr'><strong>et</strong></span> <span class='ocrx_word' id='word_1_569' title='bbox 2233 4275 2325 4328; x_wconf 78' lang='lat' dir='ltr'>ﬂa-</span> 
     </span>
    </p>
   </div>
   <div class='ocr_carea' id='block_1_75' title="bbox 761 4361 2324 4436">
    <p class='ocr_par' dir='ltr' id='par_1_75' title="bbox 761 4361 2324 4436">
     <span class='ocr_line' id='line_1_75' title="bbox 761 4361 2324 4436; baseline 0.009 -25"><span class='ocrx_word' id='word_1_570' title='bbox 761 4361 985 4430; x_wconf 78' lang='lat' dir='ltr'><strong>gitiosus</strong></span> <span class='ocrx_word' id='word_1_571' title='bbox 1016 4369 1068 4413; x_wconf 91' lang='lat' dir='ltr'>et</span> <span class='ocrx_word' id='word_1_572' title='bbox 1091 4361 1416 4423; x_wconf 85' lang='lat' dir='ltr'><strong>dissolutus.</strong></span> <span class='ocrx_word' id='word_1_573' title='bbox 1443 4364 1668 4431; x_wconf 76' lang='lat' dir='ltr'><strong>expletis</strong></span> <span class='ocrx_word' id='word_1_574' title='bbox 1697 4367 1813 4419; x_wconf 88' lang='lat' dir='ltr'><strong>suis</strong></span> <span class='ocrx_word' id='word_1_575' title='bbox 1843 4372 2324 4436; x_wconf 62' lang='lat' dir='ltr'><strong>concupiscentiis,</strong></span> 
     </span>
    </p>
   </div>
   <div class='ocr_carea' id='block_1_76' title="bbox 771 4454 2321 4526">
    <p class='ocr_par' dir='ltr' id='par_1_76' title="bbox 771 4454 2321 4526">
     <span class='ocr_line' id='line_1_76' title="bbox 771 4454 2321 4526; baseline 0.006 -20"><span class='ocrx_word' id='word_1_576' title='bbox 771 4454 892 4506; x_wconf 90' lang='lat' dir='ltr'><strong>illas</strong></span> <span class='ocrx_word' id='word_1_577' title='bbox 951 4454 1127 4520; x_wconf 89' lang='lat' dir='ltr'><strong>potius</strong></span> <span class='ocrx_word' id='word_1_578' title='bbox 1192 4457 1512 4518; x_wconf 71' lang='grc' dir='ltr'>αρςιιηιιιιιιι,</span> <span class='ocrx_word' id='word_1_579' title='bbox 1557 4457 1649 4509; x_wconf 89' lang='lat' dir='ltr'>sed</span> <span class='ocrx_word' id='word_1_580' title='bbox 1691 4473 1964 4524; x_wconf 64' lang='lat' dir='ltr'><strong>nunquam</strong></span> <span class='ocrx_word' id='word_1_581' title='bbox 2018 4463 2321 4526; x_wconf 77' lang='lat' dir='ltr'><strong>repudiarit.</strong></span> 
     </span>
    </p>
   </div>
   <div class='ocr_carea' id='block_1_77' title="bbox 2421 3354 3995 3438">
    <p class='ocr_par' dir='ltr' id='par_1_77' title="bbox 2421 3354 3995 3438">
     <span class='ocr_line' id='line_1_77' title="bbox 2421 3354 3995 3438; baseline -0.011 -17"><span class='ocrx_word' id='word_1_582' title='bbox 2421 3370 2454 3438; x_wconf 81' lang='grc' dir='ltr'>ἡ</span> <span class='ocrx_word' id='word_1_583' title='bbox 2488 3367 2734 3436; x_wconf 86' lang='grc' dir='ltr'>βασιλεία</span> <span class='ocrx_word' id='word_1_584' title='bbox 2761 3366 2868 3417; x_wconf 77' lang='grc' dir='ltr'>τῶν</span> <span class='ocrx_word' id='word_1_585' title='bbox 2912 3364 3160 3433; x_wconf 81' lang='grc' dir='ltr'>οὐρανῶν</span> <span class='ocrx_word' id='word_1_586' title='bbox 3189 3379 3201 3391; x_wconf 87' lang='grc'>·</span> <span class='ocrx_word' id='word_1_587' title='bbox 3251 3362 3331 3413; x_wconf 84' lang='grc' dir='ltr'>διὸ</span> <span class='ocrx_word' id='word_1_588' title='bbox 3377 3364 3471 3412; x_wconf 78' lang='grc' dir='ltr'>καὶ</span> <span class='ocrx_word' id='word_1_589' title='bbox 3506 3361 3592 3412; x_wconf 67' lang='grc' dir='ltr'>διὰ</span> <span class='ocrx_word' id='word_1_590' title='bbox 3632 3359 3760 3418; x_wconf 72' lang='grc' dir='ltr'>τοὺς</span> <span class='ocrx_word' id='word_1_591' title='bbox 3809 3354 3995 3406; x_wconf 64' lang='grc' dir='ltr'>το-εἰσο</span> 
     </span>
    </p>
   </div>
   <div class='ocr_carea' id='block_1_78' title="bbox 2421 3444 3990 3526">
    <p class='ocr_par' dir='ltr' id='par_1_78' title="bbox 2421 3444 3990 3526">
     <span class='ocr_line' id='line_1_78' title="bbox 2421 3444 3990 3526; baseline -0.01 -14"><span class='ocrx_word' id='word_1_592' title='bbox 2421 3477 2544 3524; x_wconf 90' lang='grc' dir='ltr'>τους</span> <span class='ocrx_word' id='word_1_593' title='bbox 2579 3461 2607 3511; x_wconf 86' lang='lat'>6</span> <span class='ocrx_word' id='word_1_594' title='bbox 2663 3458 2886 3526; x_wconf 84' lang='grc' dir='ltr'>Κύριος,</span> <span class='ocrx_word' id='word_1_595' title='bbox 2917 3473 2933 3506; x_wconf 86' lang='grc' dir='ltr'>ι</span> <span class='ocrx_word' id='word_1_596' title='bbox 2984 3456 3281 3524; x_wconf 83' lang='grc' dir='ltr'>Μακάριοι,</span> <span class='ocrx_word' id='word_1_597' title='bbox 3317 3454 3502 3522; x_wconf 70' lang='grc' dir='ltr'>φησὶν,</span> <span class='ocrx_word' id='word_1_598' title='bbox 3558 3451 3606 3501; x_wconf 86' lang='grc' dir='ltr'>οἰ</span> <span class='ocrx_word' id='word_1_599' title='bbox 3652 3447 3859 3516; x_wconf 69' lang='grc' dir='ltr'>πτωχοὶ</span> <span class='ocrx_word' id='word_1_600' title='bbox 3911 3444 3990 3510; x_wconf 75' lang='grc' dir='ltr'>τῷ</span> 
     </span>
    </p>
   </div>
   <div class='ocr_carea' id='block_1_79' title="bbox 2422 3537 3991 3620">
    <p class='ocr_par' dir='ltr' id='par_1_79' title="bbox 2422 3537 3991 3620">
     <span class='ocr_line' id='line_1_79' title="bbox 2422 3537 3991 3620; baseline -0.012 -15"><span class='ocrx_word' id='word_1_601' title='bbox 2422 3553 2718 3620; x_wconf 84' lang='grc' dir='ltr'>πνεύματι.</span> <span class='ocrx_word' id='word_1_602' title='bbox 2755 3570 2772 3602; x_wconf 76' lang='grc' dir='ltr'>ι</span> <span class='ocrx_word' id='word_1_603' title='bbox 2809 3550 3022 3618; x_wconf 76' lang='grc' dir='ltr'>Πτωχοὶ</span> <span class='ocrx_word' id='word_1_604' title='bbox 3073 3548 3128 3599; x_wconf 78' lang='grc' dir='ltr'>δέ</span> <span class='ocrx_word' id='word_1_605' title='bbox 3171 3548 3281 3598; x_wconf 88' lang='grc' dir='ltr'>εἰσι</span> <span class='ocrx_word' id='word_1_606' title='bbox 3311 3545 3388 3613; x_wconf 81' lang='grc' dir='ltr'>τῷ</span> <span class='ocrx_word' id='word_1_607' title='bbox 3439 3544 3703 3610; x_wconf 83' lang='grc' dir='ltr'>πνεύματι</span> <span class='ocrx_word' id='word_1_608' title='bbox 3735 3541 3783 3591; x_wconf 83' lang='grc' dir='ltr'>οἰ</span> <span class='ocrx_word' id='word_1_609' title='bbox 3818 3537 3904 3589; x_wconf 73' lang='grc' dir='ltr'>διὰ</span> <span class='ocrx_word' id='word_1_610' title='bbox 3933 3541 3991 3587; x_wconf 73' lang='grc' dir='ltr'>το</span> 
     </span>
    </p>
   </div>
   <div class='ocr_carea' id='block_1_80' title="bbox 2423 3626 3990 3709">
    <p class='ocr_par' dir='ltr' id='par_1_80' title="bbox 2423 3626 3990 3709">
     <span class='ocr_line' id='line_1_80' title="bbox 2423 3626 3990 3709; baseline -0.013 -14"><span class='ocrx_word' id='word_1_611' title='bbox 2423 3642 2778 3709; x_wconf 84' lang='grc' dir='ltr'>ἀκόμπαστον</span> <span class='ocrx_word' id='word_1_612' title='bbox 2805 3640 2897 3690; x_wconf 83' lang='grc' dir='ltr'>καὶ</span> <span class='ocrx_word' id='word_1_613' title='bbox 2927 3635 3242 3706; x_wconf 79' lang='grc' dir='ltr'>ἀφιλόδοξον</span> <span class='ocrx_word' id='word_1_614' title='bbox 3265 3638 3359 3686; x_wconf 79' lang='grc' dir='ltr'>καὶ</span> <span class='ocrx_word' id='word_1_615' title='bbox 3392 3633 3711 3700; x_wconf 77' lang='grc' dir='ltr'>ἀφιλήόονον</span> <span class='ocrx_word' id='word_1_616' title='bbox 3737 3627 3831 3679; x_wconf 85' lang='grc' dir='ltr'>τοῦ</span> <span class='ocrx_word' id='word_1_617' title='bbox 3862 3626 3959 3676; x_wconf 71' lang='grc' dir='ltr'>ἐαυ</span> <span class='ocrx_word' id='word_1_618' title='bbox 3976 3656 3990 3664; x_wconf 87' lang='lat'><strong>-</strong></span> 
     </span>
    </p>
   </div>
   <div class='ocr_carea' id='block_1_81' title="bbox 2421 3716 3988 3800">
    <p class='ocr_par' dir='ltr' id='par_1_81' title="bbox 2421 3716 3988 3800">
     <span class='ocr_line' id='line_1_81' title="bbox 2421 3716 3988 3800; baseline -0.015 -13"><span class='ocrx_word' id='word_1_619' title='bbox 2421 3734 2529 3788; x_wconf 85' lang='grc' dir='ltr'>τῶν</span> <span class='ocrx_word' id='word_1_620' title='bbox 2557 3733 2894 3800; x_wconf 88' lang='grc' dir='ltr'>πνεύματος,</span> <span class='ocrx_word' id='word_1_621' title='bbox 2923 3730 3040 3797; x_wconf 72' lang='grc' dir='ltr'>ἢτοι</span> <span class='ocrx_word' id='word_1_622' title='bbox 3067 3727 3165 3790; x_wconf 78' lang='grc' dir='ltr'>τῆς</span> <span class='ocrx_word' id='word_1_623' title='bbox 3192 3724 3392 3793; x_wconf 76' lang='grc' dir='ltr'>ψυχῆς,</span> <span class='ocrx_word' id='word_1_624' title='bbox 3424 3722 3457 3790; x_wconf 82' lang='grc' dir='ltr'><strong>ἦ</strong></span> <span class='ocrx_word' id='word_1_625' title='bbox 3496 3719 3741 3772; x_wconf 79' lang='grc' dir='ltr'>ἑκούσιον</span> <span class='ocrx_word' id='word_1_626' title='bbox 3773 3718 3866 3767; x_wconf 77' lang='grc' dir='ltr'>καί</span> <span class='ocrx_word' id='word_1_627' title='bbox 3893 3716 3988 3779; x_wconf 76' lang='grc' dir='ltr'>τὴν</span> 
     </span>
    </p>
   </div>
   <div class='ocr_carea' id='block_1_82' title="bbox 2423 3805 3991 3893">
    <p class='ocr_par' dir='ltr' id='par_1_82' title="bbox 2423 3805 3991 3893">
     <span class='ocr_line' id='line_1_82' title="bbox 2423 3805 3991 3893; baseline -0.016 -15"><span class='ocrx_word' id='word_1_628' title='bbox 2423 3826 2579 3887; x_wconf 79' lang='grc' dir='ltr'>ἐκτὸς</span> <span class='ocrx_word' id='word_1_629' title='bbox 2615 3825 2829 3893; x_wconf 77' lang='grc' dir='ltr'>ἔχοντες</span> <span class='ocrx_word' id='word_1_630' title='bbox 2864 3819 3158 3890; x_wconf 81' lang='grc' dir='ltr'>πτωχείαν,</span> <span class='ocrx_word' id='word_1_631' title='bbox 3191 3818 3224 3887; x_wconf 82' lang='grc' dir='ltr'>ἦ</span> <span class='ocrx_word' id='word_1_632' title='bbox 3263 3815 3527 3884; x_wconf 89' lang='grc' dir='ltr'>γενναίως</span> <span class='ocrx_word' id='word_1_633' title='bbox 3557 3809 3759 3877; x_wconf 86' lang='grc' dir='ltr'>ταύτην</span> <span class='ocrx_word' id='word_1_634' title='bbox 3799 3805 3991 3874; x_wconf 70' lang='grc' dir='ltr'>φέροι-</span> 
     </span>
    </p>
   </div>
   <div class='ocr_carea' id='block_1_83' title="bbox 2423 3900 3989 3986">
    <p class='ocr_par' dir='ltr' id='par_1_83' title="bbox 2423 3900 3989 3986">
     <span class='ocr_line' id='line_1_83' title="bbox 2423 3900 3989 3986; baseline -0.017 -13"><span class='ocrx_word' id='word_1_635' title='bbox 2423 3938 2534 3984; x_wconf 89' lang='grc' dir='ltr'>τες,</span> <span class='ocrx_word' id='word_1_636' title='bbox 2585 3918 2689 3970; x_wconf 73' lang='grc' dir='ltr'>κᾶν</span> <span class='ocrx_word' id='word_1_637' title='bbox 2722 3917 2974 3977; x_wconf 83' lang='grc' dir='ltr'>ἀκούσιος</span> <span class='ocrx_word' id='word_1_638' title='bbox 3096 3913 3158 3965; x_wconf 88' lang='grc' dir='ltr'>Οἱ</span> <span class='ocrx_word' id='word_1_639' title='bbox 3209 3911 3264 3962; x_wconf 80' lang='grc' dir='ltr'>δὲ</span> <span class='ocrx_word' id='word_1_640' title='bbox 3299 3905 3656 3965; x_wconf 78' lang='grc' dir='ltr'>πλουτοῦντες</span> <span class='ocrx_word' id='word_1_641' title='bbox 3684 3902 3778 3954; x_wconf 74' lang='grc' dir='ltr'>καὶ</span> <span class='ocrx_word' id='word_1_642' title='bbox 3818 3900 3989 3950; x_wconf 80' lang='grc' dir='ltr'>εὐπα-</span> 
     </span>
    </p>
   </div>
   <div class='ocr_carea' id='block_1_84' title="bbox 2424 3992 3988 4076">
    <p class='ocr_par' dir='ltr' id='par_1_84' title="bbox 2424 3992 3988 4076">
     <span class='ocr_line' id='line_1_84' title="bbox 2424 3992 3988 4076; baseline -0.015 -13"><span class='ocrx_word' id='word_1_643' title='bbox 2424 4009 2664 4075; x_wconf 87' lang='grc' dir='ltr'>θοῦντες,</span> <span class='ocrx_word' id='word_1_644' title='bbox 2699 4008 2795 4062; x_wconf 74' lang='grc' dir='ltr'>καὶ</span> <span class='ocrx_word' id='word_1_645' title='bbox 2847 4011 2946 4076; x_wconf 84' lang='grc' dir='ltr'>τῆς</span> <span class='ocrx_word' id='word_1_646' title='bbox 2993 4003 3333 4074; x_wconf 84' lang='grc' dir='ltr'>προσκαίρου</span> <span class='ocrx_word' id='word_1_647' title='bbox 3393 3998 3552 4065; x_wconf 78' lang='grc' dir='ltr'>δόξης</span> <span class='ocrx_word' id='word_1_648' title='bbox 3602 3992 3988 4051; x_wconf 78' lang='grc' dir='ltr'>ἀπολαύοντες,</span> 
     </span>
    </p>
   </div>
   <div class='ocr_carea' id='block_1_85' title="bbox 2424 4088 3988 4164">
    <p class='ocr_par' dir='ltr' id='par_1_85' title="bbox 2424 4088 3988 4164">
     <span class='ocr_line' id='line_1_85' title="bbox 2424 4088 3988 4164; baseline -0.015 -8"><span class='ocrx_word' id='word_1_649' title='bbox 2424 4103 2517 4156; x_wconf 70' lang='grc' dir='ltr'>καὶ</span> <span class='ocrx_word' id='word_1_650' title='bbox 2544 4101 2730 4164; x_wconf 85' lang='grc' dir='ltr'>ἀπλῶς</span> <span class='ocrx_word' id='word_1_651' title='bbox 2754 4100 2802 4152; x_wconf 92' lang='grc' dir='ltr'>οἱ</span> <span class='ocrx_word' id='word_1_652' title='bbox 2830 4099 2935 4151; x_wconf 86' lang='grc' dir='ltr'>τῶν</span> <span class='ocrx_word' id='word_1_653' title='bbox 2964 4097 3222 4150; x_wconf 88' lang='grc' dir='ltr'>τοιούτων</span> <span class='ocrx_word' id='word_1_654' title='bbox 3245 4092 3583 4161; x_wconf 81' lang='grc' dir='ltr'>ἐπιθυμηταὶ</span> <span class='ocrx_word' id='word_1_655' title='bbox 3609 4088 3988 4156; x_wconf 77' lang='grc' dir='ltr'>τυγχάνοντες,</span> 
     </span>
    </p>
   </div>
   <div class='ocr_carea' id='block_1_86' title="bbox 2424 4175 3992 4260">
    <p class='ocr_par' dir='ltr' id='par_1_86' title="bbox 2424 4175 3992 4260">
     <span class='ocr_line' id='line_1_86' title="bbox 2424 4175 3992 4260; baseline -0.015 -13"><span class='ocrx_word' id='word_1_656' title='bbox 2424 4193 2751 4260; x_wconf 79' lang='grc' dir='ltr'>δεινοτέροις</span> <span class='ocrx_word' id='word_1_657' title='bbox 2808 4191 3010 4245; x_wconf 88' lang='grc' dir='ltr'>πάθεσι</span> <span class='ocrx_word' id='word_1_658' title='bbox 3061 4187 3558 4256; x_wconf 81' lang='grc' dir='ltr'>περιπαρήσονται,</span> <span class='ocrx_word' id='word_1_659' title='bbox 3613 4180 3705 4232; x_wconf 72' lang='grc' dir='ltr'>καὶ</span> <span class='ocrx_word' id='word_1_660' title='bbox 3741 4180 3820 4239; x_wconf 86' lang='grc' dir='ltr'>εἰς</span> <span class='ocrx_word' id='word_1_661' title='bbox 3877 4175 3992 4243; x_wconf 80' lang='grc' dir='ltr'>μεί-</span> 
     </span>
    </p>
   </div>
   <div class='ocr_carea' id='block_1_87' title="bbox 2426 4268 3992 4348">
    <p class='ocr_par' dir='ltr' id='par_1_87' title="bbox 2426 4268 3992 4348">
     <span class='ocr_line' id='line_1_87' title="bbox 2426 4268 3992 4348; baseline -0.013 -12"><span class='ocrx_word' id='word_1_662' title='bbox 2426 4284 2549 4348; x_wconf 81' lang='grc' dir='ltr'>ζους</span> <span class='ocrx_word' id='word_1_663' title='bbox 2583 4283 2677 4335; x_wconf 75' lang='grc' dir='ltr'>καὶ</span> <span class='ocrx_word' id='word_1_664' title='bbox 2730 4281 2950 4343; x_wconf 86' lang='grc' dir='ltr'>πλείους</span> <span class='ocrx_word' id='word_1_665' title='bbox 3001 4281 3095 4333; x_wconf 76' lang='grc' dir='ltr'>καὶ</span> <span class='ocrx_word' id='word_1_666' title='bbox 3145 4276 3578 4347; x_wconf 81' lang='grc' dir='ltr'>δυσχερεστὲρας</span> <span class='ocrx_word' id='word_1_667' title='bbox 3624 4268 3992 4339; x_wconf 79' lang='grc' dir='ltr'>ἐμπεσοῦνται</span> 
     </span>
    </p>
   </div>
   <div class='ocr_carea' id='block_1_88' title="bbox 2427 4360 3995 4442">
    <p class='ocr_par' dir='ltr' id='par_1_88' title="bbox 2427 4360 3995 4442">
     <span class='ocr_line' id='line_1_88' title="bbox 2427 4360 3995 4442; baseline -0.011 -14"><span class='ocrx_word' id='word_1_668' title='bbox 2427 4375 2659 4442; x_wconf 85' lang='grc' dir='ltr'>παγίδας</span> <span class='ocrx_word' id='word_1_669' title='bbox 2686 4373 2781 4427; x_wconf 87' lang='grc' dir='ltr'>τοῦ</span> <span class='ocrx_word' id='word_1_670' title='bbox 2805 4373 3053 4426; x_wconf 78' lang='grc' dir='ltr'>διαϐόλου</span> <span class='ocrx_word' id='word_1_671' title='bbox 3079 4389 3091 4402; x_wconf 88' lang='grc'><strong>·</strong></span> <span class='ocrx_word' id='word_1_672' title='bbox 3121 4373 3218 4440; x_wconf 84' lang='grc' dir='ltr'>τὴν</span> <span class='ocrx_word' id='word_1_673' title='bbox 3251 4372 3358 4440; x_wconf 86' lang='grc' dir='ltr'>γὰρ</span> <span class='ocrx_word' id='word_1_674' title='bbox 3387 4365 3680 4435; x_wconf 82' lang='grc' dir='ltr'>ἐπιθυμίαν</span> <span class='ocrx_word' id='word_1_675' title='bbox 3705 4361 3799 4415; x_wconf 84' lang='grc' dir='ltr'>τοῦ</span> <span class='ocrx_word' id='word_1_676' title='bbox 3835 4360 3995 4410; x_wconf 78' lang='grc' dir='ltr'>πλου-</span> 
     </span>
    </p>
   </div>
   <div class='ocr_carea' id='block_1_89' title="bbox 2426 4447 3995 4530">
    <p class='ocr_par' dir='ltr' id='par_1_89' title="bbox 2426 4447 3995 4530">
     <span class='ocr_line' id='line_1_89' title="bbox 2426 4447 3995 4530; baseline -0.009 -18"><span class='ocrx_word' id='word_1_677' title='bbox 2426 4466 2535 4516; x_wconf 84' lang='grc' dir='ltr'>τεῖν</span> <span class='ocrx_word' id='word_1_678' title='bbox 2568 4466 2595 4516; x_wconf 90' lang='lat'>6</span> <span class='ocrx_word' id='word_1_679' title='bbox 2630 4463 2938 4530; x_wconf 82' lang='grc' dir='ltr'>πλουτήσας</span> <span class='ocrx_word' id='word_1_680' title='bbox 2985 4462 3084 4514; x_wconf 87' lang='grc' dir='ltr'>οὐκ</span> <span class='ocrx_word' id='word_1_681' title='bbox 3128 4458 3466 4517; x_wconf 87' lang='grc' dir='ltr'>ἀποτίθεται,</span> <span class='ocrx_word' id='word_1_682' title='bbox 3503 4452 3619 4506; x_wconf 83' lang='grc' dir='ltr'>ἀλλ’</span> <span class='ocrx_word' id='word_1_683' title='bbox 3673 4451 3826 4514; x_wconf 79' lang='grc' dir='ltr'>αὐξει</span> <span class='ocrx_word' id='word_1_684' title='bbox 3863 4447 3995 4514; x_wconf 80' lang='grc' dir='ltr'>μᾶλ-</span> 
     </span>
    </p>
   </div>
   <div class='ocr_carea' id='block_1_90' title="bbox 765 4539 2519 4631">
    <p class='ocr_par' dir='ltr' id='par_1_90' title="bbox 765 4543 2516 4631">
     <span class='ocr_line' id='line_1_90' title="bbox 765 4543 2516 4631; baseline 0.006 -35"><span class='ocrx_word' id='word_1_685' title='bbox 765 4543 1043 4611; x_wconf 82' lang='lat' dir='ltr'><strong>Principes</strong></span> <span class='ocrx_word' id='word_1_686' title='bbox 1081 4555 1259 4597; x_wconf 89' lang='lat' dir='ltr'><strong>autem</strong></span> <span class='ocrx_word' id='word_1_687' title='bbox 1301 4545 1512 4612; x_wconf 87' lang='lat' dir='ltr'><strong>virique</strong></span> <span class='ocrx_word' id='word_1_688' title='bbox 1549 4545 1785 4601; x_wconf 86' lang='lat' dir='ltr'><strong>illustres</strong></span> <span class='ocrx_word' id='word_1_689' title='bbox 1817 4557 2078 4616; x_wconf 87' lang='lat' dir='ltr'><strong>potestate</strong></span> <span class='ocrx_word' id='word_1_690' title='bbox 2101 4566 2318 4621; x_wconf 77' lang='lat' dir='ltr'><strong>accepta</strong></span> <span class='ocrx_word' id='word_1_691' title='bbox 2352 4571 2404 4631; x_wconf 70' lang='grc' dir='ltr'>Ι)</span> <span class='ocrx_word' id='word_1_692' title='bbox 2431 4561 2516 4608; x_wconf 87' lang='grc' dir='ltr'>λον</span> 
     </span>
    </p>
   </div>
   <div class='ocr_carea' id='block_1_91' title="bbox 2241 4539 3995 4631">
    <p class='ocr_par' dir='ltr' id='par_1_91' title="bbox 2241 4539 3995 4631">
     <span class='ocr_line' id='line_1_91' title="bbox 2241 4539 3995 4631; baseline -0.01 -24"><span class='ocrx_word' id='word_1_693' title='bbox 2241 4566 2318 4621; x_wconf 71' lang='lat' dir='ltr'>pta</span> <span class='ocrx_word' id='word_1_694' title='bbox 2352 4571 2404 4631; x_wconf 71' lang='grc' dir='ltr'>Ι)</span> <span class='ocrx_word' id='word_1_695' title='bbox 2431 4561 2536 4620; x_wconf 87' lang='grc' dir='ltr'>λον,</span> <span class='ocrx_word' id='word_1_696' title='bbox 2570 4555 2835 4607; x_wconf 88' lang='grc' dir='ltr'>πλειόνων</span> <span class='ocrx_word' id='word_1_697' title='bbox 2870 4553 2902 4622; x_wconf 80' lang='grc' dir='ltr'>ἢ</span> <span class='ocrx_word' id='word_1_698' title='bbox 2955 4552 3220 4620; x_wconf 87' lang='grc' dir='ltr'>πρότερον</span> <span class='ocrx_word' id='word_1_699' title='bbox 3266 4549 3613 4620; x_wconf 78' lang='grc' dir='ltr'>ὀρεγόμενος.</span> <span class='ocrx_word' id='word_1_700' title='bbox 3650 4541 3806 4595; x_wconf 75' lang='grc' dir='ltr'>Οὕτω</span> <span class='ocrx_word' id='word_1_701' title='bbox 3849 4539 3995 4631; x_wconf 15' lang='grc' dir='ltr'>καίλὸ</span> 
     </span>
    </p>
   </div>
   <div class='ocr_carea' id='block_1_92' title="bbox 763 4633 2240 4712">
    <p class='ocr_par' dir='ltr' id='par_1_92' title="bbox 763 4633 2240 4712">
     <span class='ocr_line' id='line_1_92' title="bbox 763 4633 2240 4712; baseline 0.012 -30"><span class='ocrx_word' id='word_1_702' title='bbox 763 4633 915 4702; x_wconf 90' lang='lat' dir='ltr'><strong>plura</strong></span> <span class='ocrx_word' id='word_1_703' title='bbox 950 4644 1165 4702; x_wconf 70' lang='lat' dir='ltr'><strong>pecvata</strong></span> <span class='ocrx_word' id='word_1_704' title='bbox 1204 4635 1546 4706; x_wconf 88' lang='lat' dir='ltr'><strong>majoresque</strong></span> <span class='ocrx_word' id='word_1_705' title='bbox 1579 4648 1890 4706; x_wconf 79' lang='lat' dir='ltr'><strong>perpetrant</strong></span> <span class='ocrx_word' id='word_1_706' title='bbox 1928 4642 2240 4712; x_wconf 74' lang='lat' dir='ltr'><strong>injnsiiiius.</strong></span> 
     </span>
    </p>
   </div>
   <div class='ocr_carea' id='block_1_93' title="bbox 2432 4629 3998 4717">
    <p class='ocr_par' dir='ltr' id='par_1_93' title="bbox 2432 4629 3998 4717">
     <span class='ocr_line' id='line_1_93' title="bbox 2432 4629 3998 4717; baseline -0.013 -16"><span class='ocrx_word' id='word_1_707' title='bbox 2432 4649 2734 4717; x_wconf 86' lang='grc' dir='ltr'>φιλήδονος,</span> <span class='ocrx_word' id='word_1_708' title='bbox 2768 4647 2861 4697; x_wconf 76' lang='grc' dir='ltr'>καί</span> <span class='ocrx_word' id='word_1_709' title='bbox 2893 4648 2918 4697; x_wconf 86' lang='lat'>6</span> <span class='ocrx_word' id='word_1_710' title='bbox 2950 4645 3232 4712; x_wconf 66' lang='grc' dir='ltr'>φίλαρχος,</span> <span class='ocrx_word' id='word_1_711' title='bbox 3268 4643 3361 4693; x_wconf 78' lang='grc' dir='ltr'>καὶ</span> <span class='ocrx_word' id='word_1_712' title='bbox 3381 4641 3407 4691; x_wconf 88' lang='lat'>6</span> <span class='ocrx_word' id='word_1_713' title='bbox 3436 4641 3666 4698; x_wconf 80' lang='grc' dir='ltr'>ἄσωτος,</span> <span class='ocrx_word' id='word_1_714' title='bbox 3696 4635 3788 4687; x_wconf 75' lang='grc' dir='ltr'>καὶ</span> <span class='ocrx_word' id='word_1_715' title='bbox 3815 4635 3842 4684; x_wconf 90' lang='lat'>6</span> <span class='ocrx_word' id='word_1_716' title='bbox 3873 4629 3998 4684; x_wconf 78' lang='grc' dir='ltr'>ἀκό-</span> 
     </span>
    </p>
   </div>
   <div class='ocr_carea' id='block_1_94' title="bbox 760 4724 3994 4807">
    <p class='ocr_par' dir='ltr' id='par_1_94' title="bbox 760 4724 3994 4807">
     <span class='ocr_line' id='line_1_94' title="bbox 760 4724 3994 4807; baseline -0.003 -19"><span class='ocrx_word' id='word_1_717' title='bbox 760 4727 977 4788; x_wconf 69' lang='grc' dir='ltr'>λαστος,</span> <span class='ocrx_word' id='word_1_718' title='bbox 1013 4725 1234 4790; x_wconf 70' lang='grc' dir='ltr'>αὔξουσι</span> <span class='ocrx_word' id='word_1_719' title='bbox 1272 4729 1472 4794; x_wconf 74' lang='grc' dir='ltr'>μᾶλλον</span> <span class='ocrx_word' id='word_1_720' title='bbox 1519 4729 1742 4794; x_wconf 67' lang='grc' dir='ltr'>ταύτας.</span> <span class='ocrx_word' id='word_1_721' title='bbox 1781 4731 1896 4783; x_wconf 85' lang='grc' dir='ltr'>ἀλλ’</span> <span class='ocrx_word' id='word_1_722' title='bbox 1960 4736 2059 4786; x_wconf 86' lang='grc' dir='ltr'>οὐκ</span> <span class='ocrx_word' id='word_1_723' title='bbox 2104 4737 2523 4794; x_wconf 71' lang='grc' dir='ltr'>ἀποϐάλλονται.</span> <span class='ocrx_word' id='word_1_724' title='bbox 2588 4742 2650 4792; x_wconf 85' lang='grc' dir='ltr'>Οί</span> <span class='ocrx_word' id='word_1_725' title='bbox 2723 4740 2780 4791; x_wconf 79' lang='grc' dir='ltr'>δὲ</span> <span class='ocrx_word' id='word_1_726' title='bbox 2845 4739 3104 4807; x_wconf 79' lang='grc' dir='ltr'>ἄρχοντες</span> <span class='ocrx_word' id='word_1_727' title='bbox 3159 4736 3253 4788; x_wconf 69' lang='grc' dir='ltr'>καὶ</span> <span class='ocrx_word' id='word_1_728' title='bbox 3283 4735 3329 4786; x_wconf 88' lang='grc' dir='ltr'>οἱ</span> <span class='ocrx_word' id='word_1_729' title='bbox 3385 4730 3584 4795; x_wconf 78' lang='grc' dir='ltr'>ἔνδοξοι</span> <span class='ocrx_word' id='word_1_730' title='bbox 3639 4724 3994 4798; x_wconf 69' lang='grc' dir='ltr'>προσλαμεᾶ·</span> 
     </span>
    </p>
   </div>
   <div class='ocr_carea' id='block_1_95' title="bbox 761 4819 2785 4906">
    <p class='ocr_par' dir='ltr' id='par_1_95' title="bbox 761 4819 2785 4906">
     <span class='ocr_line' id='line_1_95' title="bbox 761 4819 2785 4906; baseline 0.008 -35"><span class='ocrx_word' id='word_1_731' title='bbox 761 4835 912 4873; x_wconf 80' lang='grc' dir='ltr'>νουσι</span> <span class='ocrx_word' id='word_1_732' title='bbox 963 4819 1054 4868; x_wconf 81' lang='grc' dir='ltr'>καί</span> <span class='ocrx_word' id='word_1_733' title='bbox 1103 4819 1328 4889; x_wconf 90' lang='grc' dir='ltr'>δύναμιν</span> <span class='ocrx_word' id='word_1_734' title='bbox 1364 4822 1504 4873; x_wconf 77' lang='grc' dir='ltr'>ὥστε</span> <span class='ocrx_word' id='word_1_735' title='bbox 1560 4823 1777 4890; x_wconf 73' lang='grc' dir='ltr'>μεῖζους</span> <span class='ocrx_word' id='word_1_736' title='bbox 1829 4827 2069 4880; x_wconf 81' lang='grc' dir='ltr'>ἐκτελεῖν</span> <span class='ocrx_word' id='word_1_737' title='bbox 2112 4832 2326 4897; x_wconf 78' lang='grc' dir='ltr'>ἀδικίας</span> <span class='ocrx_word' id='word_1_738' title='bbox 2363 4837 2456 4888; x_wconf 74' lang='grc' dir='ltr'>καὶ</span> <span class='ocrx_word' id='word_1_739' title='bbox 2492 4837 2785 4906; x_wconf 73' lang='grc' dir='ltr'>ἁμαρτίας.</span> 
     </span>
    </p>
   </div>
   <div class='ocr_carea' id='block_1_96' title="bbox 839 4909 2326 4980">
    <p class='ocr_par' dir='ltr' id='par_1_96' title="bbox 839 4909 2326 4980">
     <span class='ocr_line' id='line_1_96' title="bbox 839 4909 2326 4980; baseline 0.009 -19"><span class='ocrx_word' id='word_1_740' title='bbox 839 4910 962 4963; x_wconf 84' lang='lat' dir='ltr'><strong>Ideo</strong></span> <span class='ocrx_word' id='word_1_741' title='bbox 994 4909 1209 4964; x_wconf 80' lang='lat' dir='ltr'><strong>diﬂicile</strong></span> <span class='ocrx_word' id='word_1_742' title='bbox 1245 4921 1328 4964; x_wconf 86' lang='lat' dir='ltr'>est</span> <span class='ocrx_word' id='word_1_743' title='bbox 1356 4913 1653 4980; x_wconf 80' lang='lat' dir='ltr'><strong>principem</strong></span> <span class='ocrx_word' id='word_1_744' title='bbox 1692 4918 1886 4968; x_wconf 67' lang='lat' dir='ltr'><strong>salvari</strong></span> <span class='ocrx_word' id='word_1_745' title='bbox 1924 4929 1978 4970; x_wconf 91' lang='lat' dir='ltr'>et</span> <span class='ocrx_word' id='word_1_746' title='bbox 2018 4921 2237 4975; x_wconf 85' lang='lat' dir='ltr'><strong>divitem</strong></span> <span class='ocrx_word' id='word_1_747' title='bbox 2274 4925 2326 4976; x_wconf 90' lang='lat' dir='ltr'><strong>in</strong></span> 
     </span>
    </p>
   </div>
   <div class='ocr_carea' id='block_1_97' title="bbox 763 5001 2328 5078">
    <p class='ocr_par' dir='ltr' id='par_1_97' title="bbox 763 5001 2328 5078">
     <span class='ocr_line' id='line_1_97' title="bbox 763 5001 2328 5078; baseline 0.006 -23"><span class='ocrx_word' id='word_1_748' title='bbox 763 5019 987 5074; x_wconf 73' lang='lat' dir='ltr'><strong>regnum</strong></span> <span class='ocrx_word' id='word_1_749' title='bbox 1017 5001 1108 5055; x_wconf 90' lang='lat' dir='ltr'><strong>Dei</strong></span> <span class='ocrx_word' id='word_1_750' title='bbox 1147 5002 1370 5056; x_wconf 79' lang='lat' dir='ltr'><strong>intrare.</strong></span> <span class='ocrx_word' id='word_1_751' title='bbox 1401 5004 1551 5057; x_wconf 86' lang='lat' dir='ltr'><strong>Unde</strong></span> <span class='ocrx_word' id='word_1_752' title='bbox 1599 5006 1857 5061; x_wconf 86' lang='lat' dir='ltr'><strong>Dominus</strong></span> <span class='ocrx_word' id='word_1_753' title='bbox 1900 5026 1913 5062; x_wconf 93' lang='lat'>:</span> <span class='ocrx_word' id='word_1_754' title='bbox 1964 5028 1981 5060; x_wconf 81' lang='grc' dir='ltr'>ι</span> <span class='ocrx_word' id='word_1_755' title='bbox 2023 5012 2328 5078; x_wconf 85' lang='lat' dir='ltr'><strong>Quomodo,</strong></span> 
     </span>
    </p>
   </div>
   <div class='ocr_carea' id='block_1_98' title="bbox 765 5097 2323 5167">
    <p class='ocr_par' dir='ltr' id='par_1_98' title="bbox 765 5097 2323 5167">
     <span class='ocr_line' id='line_1_98' title="bbox 765 5097 2323 5167; baseline 0.008 -20"><span class='ocrx_word' id='word_1_756' title='bbox 765 5097 861 5158; x_wconf 84' lang='lat' dir='ltr'><strong>ait,</strong></span> <span class='ocrx_word' id='word_1_757' title='bbox 912 5111 1006 5150; x_wconf 88' lang='lat' dir='ltr'>vos</span> <span class='ocrx_word' id='word_1_758' title='bbox 1058 5097 1287 5163; x_wconf 88' lang='lat' dir='ltr'><strong>potestis</strong></span> <span class='ocrx_word' id='word_1_759' title='bbox 1335 5097 1552 5150; x_wconf 88' lang='lat' dir='ltr'><strong>credere</strong></span> <span class='ocrx_word' id='word_1_760' title='bbox 1584 5099 1675 5165; x_wconf 78' lang='lat' dir='ltr'>qui</span> <span class='ocrx_word' id='word_1_761' title='bbox 1714 5100 1936 5167; x_wconf 70' lang='lat' dir='ltr'><strong>gloriam</strong></span> <span class='ocrx_word' id='word_1_762' title='bbox 1985 5105 2052 5154; x_wconf 76' lang='lat' dir='ltr'>alt</span> <span class='ocrx_word' id='word_1_763' title='bbox 2099 5105 2323 5160; x_wconf 79' lang='lat' dir='ltr'><strong>invicem</strong></span> 
     </span>
    </p>
   </div>
   <div class='ocr_carea' id='block_1_99' title="bbox 765 5187 2320 5261">
    <p class='ocr_par' dir='ltr' id='par_1_99' title="bbox 765 5187 2320 5261">
     <span class='ocr_line' id='line_1_99' title="bbox 765 5187 2320 5261; baseline 0.005 -21"><span class='ocrx_word' id='word_1_764' title='bbox 765 5187 1034 5255; x_wconf 78' lang='lat' dir='ltr'><strong>accipitis,</strong></span> <span class='ocrx_word' id='word_1_765' title='bbox 1056 5197 1107 5239; x_wconf 87' lang='lat' dir='ltr'>et</span> <span class='ocrx_word' id='word_1_766' title='bbox 1136 5188 1360 5253; x_wconf 74' lang='lat' dir='ltr'><strong>gloriam</strong></span> <span class='ocrx_word' id='word_1_767' title='bbox 1388 5205 1506 5257; x_wconf 68' lang='lat' dir='ltr'>qum</span> <span class='ocrx_word' id='word_1_768' title='bbox 1537 5205 1565 5242; x_wconf 91' lang='lat' dir='ltr'>a</span> <span class='ocrx_word' id='word_1_769' title='bbox 1595 5191 1698 5245; x_wconf 89' lang='lat' dir='ltr'>Deo</span> <span class='ocrx_word' id='word_1_770' title='bbox 1730 5201 1810 5244; x_wconf 87' lang='lat' dir='ltr'>est</span> <span class='ocrx_word' id='word_1_771' title='bbox 1842 5209 1946 5245; x_wconf 90' lang='lat' dir='ltr'><strong>non</strong></span> <span class='ocrx_word' id='word_1_772' title='bbox 1970 5197 2210 5261; x_wconf 63' lang='lat' dir='ltr'><strong>quau-itis</strong></span> <span class='ocrx_word' id='word_1_773' title='bbox 2235 5199 2248 5227; x_wconf 89' lang='grc'>¹</span> <span class='ocrx_word' id='word_1_774' title='bbox 2271 5197 2320 5247; x_wconf 70' lang='grc' dir='ltr'>ί»</span> 
     </span>
    </p>
   </div>
   <div class='ocr_carea' id='block_1_100' title="bbox 764 5280 2329 5351">
    <p class='ocr_par' dir='ltr' id='par_1_100' title="bbox 764 5280 2329 5351">
     <span class='ocr_line' id='line_1_100' title="bbox 764 5280 2329 5351; baseline 0.006 -19"><span class='ocrx_word' id='word_1_775' title='bbox 764 5280 867 5333; x_wconf 74' lang='lat' dir='ltr'><strong>Sed</strong></span> <span class='ocrx_word' id='word_1_776' title='bbox 909 5297 1066 5333; x_wconf 78' lang='lat' dir='ltr'><strong>nemo</strong></span> <span class='ocrx_word' id='word_1_777' title='bbox 1107 5283 1358 5334; x_wconf 88' lang='lat' dir='ltr'><strong>turbetur</strong></span> <span class='ocrx_word' id='word_1_778' title='bbox 1402 5284 1446 5334; x_wconf 82' lang='lat' dir='ltr'>si</span> <span class='ocrx_word' id='word_1_779' title='bbox 1499 5284 1813 5351; x_wconf 88' lang='lat' dir='ltr'><strong>opulentus,</strong></span> <span class='ocrx_word' id='word_1_780' title='bbox 1876 5287 1919 5337; x_wconf 89' lang='lat' dir='ltr'><strong>si</strong></span> <span class='ocrx_word' id='word_1_781' title='bbox 1984 5286 2228 5348; x_wconf 84' lang='lat' dir='ltr'><strong>illustris,</strong></span> <span class='ocrx_word' id='word_1_782' title='bbox 2286 5290 2329 5341; x_wconf 61' lang='lat' dir='ltr'><strong>si</strong></span> 
     </span>
    </p>
   </div>
   <div class='ocr_carea' id='block_1_101' title="bbox 767 5371 2328 5445">
    <p class='ocr_par' dir='ltr' id='par_1_101' title="bbox 767 5371 2328 5445">
     <span class='ocr_line' id='line_1_101' title="bbox 767 5371 2328 5445; baseline 0.006 -24"><span class='ocrx_word' id='word_1_783' title='bbox 767 5374 1017 5438; x_wconf 69' lang='lat' dir='ltr'><strong>princeps</strong></span> <span class='ocrx_word' id='word_1_784' title='bbox 1065 5373 1152 5424; x_wconf 84' lang='lat' dir='ltr'><strong>sit.</strong></span> <span class='ocrx_word' id='word_1_785' title='bbox 1183 5371 1363 5424; x_wconf 85' lang='lat' dir='ltr'><strong>Potest</strong></span> <span class='ocrx_word' id='word_1_786' title='bbox 1392 5374 1534 5426; x_wconf 89' lang='lat' dir='ltr'><strong>enim</strong></span> <span class='ocrx_word' id='word_1_787' title='bbox 1574 5375 1691 5429; x_wconf 85' lang='lat' dir='ltr'><strong>lalis</strong></span> <span class='ocrx_word' id='word_1_788' title='bbox 1739 5376 1781 5429; x_wconf 90' lang='lat' dir='ltr'>si</span> <span class='ocrx_word' id='word_1_789' title='bbox 1817 5377 1938 5429; x_wconf 85' lang='lat' dir='ltr'><strong>velit</strong></span> <span class='ocrx_word' id='word_1_790' title='bbox 1972 5377 2197 5445; x_wconf 78' lang='lat' dir='ltr'><strong>gloriam</strong></span> <span class='ocrx_word' id='word_1_791' title='bbox 2240 5379 2328 5431; x_wconf 73' lang='lat' dir='ltr'>Dei</span> 
     </span>
    </p>
   </div>
   <div class='ocr_carea' id='block_1_102' title="bbox 766 5463 2332 5539">
    <p class='ocr_par' dir='ltr' id='par_1_102' title="bbox 766 5463 2332 5539">
     <span class='ocr_line' id='line_1_102' title="bbox 766 5463 2332 5539; baseline 0.008 -30"><span class='ocrx_word' id='word_1_792' title='bbox 766 5480 1009 5527; x_wconf 48' lang='lat' dir='ltr'><strong>qni-rere</strong></span> <span class='ocrx_word' id='word_1_793' title='bbox 1042 5474 1094 5517; x_wconf 84' lang='lat' dir='ltr'>et</span> <span class='ocrx_word' id='word_1_794' title='bbox 1129 5463 1448 5533; x_wconf 83' lang='lat' dir='ltr'><strong>sibimetipsi</strong></span> <span class='ocrx_word' id='word_1_795' title='bbox 1483 5468 1586 5518; x_wconf 90' lang='lat' dir='ltr'>vim</span> <span class='ocrx_word' id='word_1_796' title='bbox 1621 5467 1843 5533; x_wconf 79' lang='lat' dir='ltr'><strong>inferre,</strong></span> <span class='ocrx_word' id='word_1_797' title='bbox 1887 5469 1961 5522; x_wconf 90' lang='lat' dir='ltr'><strong>ita</strong></span> <span class='ocrx_word' id='word_1_798' title='bbox 2009 5471 2332 5539; x_wconf 67' lang='lat' dir='ltr'><strong>utdisrupta</strong></span> 
     </span>
    </p>
   </div>
   <div class='ocr_carea' id='block_1_103' title="bbox 768 5557 2331 5627">
    <p class='ocr_par' dir='ltr' id='par_1_103' title="bbox 768 5557 2331 5627">
     <span class='ocr_line' id='line_1_103' title="bbox 768 5557 2331 5627; baseline 0.004 -19"><span class='ocrx_word' id='word_1_799' title='bbox 768 5557 831 5608; x_wconf 78' lang='lat' dir='ltr'>al</span> <span class='ocrx_word' id='word_1_800' title='bbox 868 5558 1065 5608; x_wconf 86' lang='lat' dir='ltr'><strong>malum</strong></span> <span class='ocrx_word' id='word_1_801' title='bbox 1104 5560 1464 5625; x_wconf 89' lang='lat' dir='ltr'><strong>propensione</strong></span> <span class='ocrx_word' id='word_1_802' title='bbox 1493 5599 1506 5621; x_wconf 93' lang='lat'>,</span> <span class='ocrx_word' id='word_1_803' title='bbox 1538 5575 1760 5627; x_wconf 74' lang='lat' dir='ltr'><strong>magnas</strong></span> <span class='ocrx_word' id='word_1_804' title='bbox 1795 5576 2048 5614; x_wconf 85' lang='lat' dir='ltr'><strong>exerceas</strong></span> <span class='ocrx_word' id='word_1_805' title='bbox 2087 5564 2331 5624; x_wconf 77' lang='lat' dir='ltr'>\‘il‘lUltS,</span> 
     </span>
    </p>
   </div>
   <div class='ocr_carea' id='block_1_104' title="bbox 772 5649 2333 5718">
    <p class='ocr_par' dir='ltr' id='par_1_104' title="bbox 772 5649 2333 5718">
     <span class='ocr_line' id='line_1_104' title="bbox 772 5649 2333 5718; baseline 0.004 -20"><span class='ocrx_word' id='word_1_806' title='bbox 772 5663 964 5708; x_wconf 55' lang='lat' dir='ltr'><strong>magna</strong></span> <span class='ocrx_word' id='word_1_807' title='bbox 998 5665 1182 5703; x_wconf 77' lang='lat' dir='ltr'><strong>:uccas</strong></span> <span class='ocrx_word' id='word_1_808' title='bbox 1217 5649 1371 5712; x_wconf 86' lang='lat' dir='ltr'><strong>vitia,</strong></span> <span class='ocrx_word' id='word_1_809' title='bbox 1397 5666 1500 5702; x_wconf 85' lang='lat' dir='ltr'>non</span> <span class='ocrx_word' id='word_1_810' title='bbox 1550 5665 1577 5702; x_wconf 86' lang='lat' dir='ltr'>a</span> <span class='ocrx_word' id='word_1_811' title='bbox 1627 5651 1917 5718; x_wconf 80' lang='lat' dir='ltr'><strong>semetipso</strong></span> <span class='ocrx_word' id='word_1_812' title='bbox 1948 5661 2153 5705; x_wconf 81' lang='lat' dir='ltr'><strong>tantum</strong></span> <span class='ocrx_word' id='word_1_813' title='bbox 2191 5667 2333 5707; x_wconf 74' lang='lat' dir='ltr'>rem</span> 
     </span>
    </p>
   </div>
   <div class='ocr_carea' id='block_1_105' title="bbox 874 5829 1328 5886">
    <p class='ocr_par' dir='ltr' id='par_1_105' title="bbox 874 5829 1328 5886">
     <span class='ocr_line' id='line_1_105' title="bbox 874 5829 1328 5886; baseline 0.004 -6"><span class='ocrx_word' id='word_1_814' title='bbox 874 5830 888 5848; x_wconf 77' lang='grc'>⁹</span> <span class='ocrx_word' id='word_1_815' title='bbox 928 5829 1088 5886; x_wconf 66' lang='lat' dir='ltr'><strong>.‘ia&#39;l‘i</strong></span> <span class='ocrx_word' id='word_1_816' title='bbox 1153 5848 1223 5886; x_wconf 54' lang='lat'>‘~..&#39;.</span> <span class='ocrx_word' id='word_1_817' title='bbox 1271 5832 1328 5882; x_wconf 56' lang='lat'>9:!</span> 
     </span>
    </p>
   </div>
   <div class='ocr_carea' id='block_1_106' title="bbox 1434 5831 2330 5889">
    <p class='ocr_par' dir='ltr' id='par_1_106' title="bbox 1434 5831 2330 5889">
     <span class='ocr_line' id='line_1_106' title="bbox 1434 5831 2330 5889; baseline 0.004 -8"><span class='ocrx_word' id='word_1_818' title='bbox 1434 5834 1474 5853; x_wconf 74' lang='grc'>’”⁴</span> <span class='ocrx_word' id='word_1_819' title='bbox 1506 5831 1665 5882; x_wconf 65' lang='lat' dir='ltr'>\htth</span> <span class='ocrx_word' id='word_1_820' title='bbox 1807 5835 1835 5872; x_wconf 66' lang='grc' dir='ltr'>’ἶ</span> <span class='ocrx_word' id='word_1_821' title='bbox 1941 5835 1951 5860; x_wconf 81' lang='lat'><strong>&#39;</strong></span> <span class='ocrx_word' id='word_1_822' title='bbox 1996 5831 2147 5889; x_wconf 72' lang='lat' dir='ltr'><strong>Jonn.</strong></span> <span class='ocrx_word' id='word_1_823' title='bbox 2187 5852 2236 5887; x_wconf 64' lang='grc' dir='ltr'>ι.</span> <span class='ocrx_word' id='word_1_824' title='bbox 2264 5837 2330 5888; x_wconf 62' lang='grc' dir='ltr'><strong><em>ὀὶ</em></strong></span> 
     </span>
    </p>
   </div>
   <div class='ocr_carea' id='block_1_107' title="bbox 2506 4913 3997 4990">
    <p class='ocr_par' dir='ltr' id='par_1_107' title="bbox 2506 4913 3997 4990">
     <span class='ocr_line' id='line_1_107' title="bbox 2506 4913 3997 4990; baseline -0.011 -11"><span class='ocrx_word' id='word_1_825' title='bbox 2506 4930 2605 4978; x_wconf 77' lang='grc' dir='ltr'>Διά</span> <span class='ocrx_word' id='word_1_826' title='bbox 2638 4927 2796 4979; x_wconf 82' lang='grc' dir='ltr'>τοῦτο</span> <span class='ocrx_word' id='word_1_827' title='bbox 2848 4925 3104 4977; x_wconf 80' lang='grc' dir='ltr'>δύσκολόν</span> <span class='ocrx_word' id='word_1_828' title='bbox 3135 4926 3282 4975; x_wconf 79' lang='grc' dir='ltr'>ἐστιν</span> <span class='ocrx_word' id='word_1_829' title='bbox 3316 4923 3553 4990; x_wconf 78' lang='grc' dir='ltr'>ἄρχοντα</span> <span class='ocrx_word' id='word_1_830' title='bbox 3612 4915 3870 4984; x_wconf 76' lang='grc' dir='ltr'>σωθῆναι,</span> <span class='ocrx_word' id='word_1_831' title='bbox 3907 4913 3997 4965; x_wconf 82' lang='grc' dir='ltr'>καὶ</span> 
     </span>
    </p>
   </div>
   <div class='ocr_carea' id='block_1_108' title="bbox 2437 5011 4000 5089">
    <p class='ocr_par' dir='ltr' id='par_1_108' title="bbox 2437 5011 4000 5089">
     <span class='ocr_line' id='line_1_108' title="bbox 2437 5011 4000 5089; baseline -0.008 -18"><span class='ocrx_word' id='word_1_832' title='bbox 2437 5020 2692 5072; x_wconf 75' lang='grc' dir='ltr'>πλούσιον</span> <span class='ocrx_word' id='word_1_833' title='bbox 2715 5023 2791 5082; x_wconf 84' lang='grc' dir='ltr'>εἰς</span> <span class='ocrx_word' id='word_1_834' title='bbox 2818 5023 2917 5089; x_wconf 81' lang='grc' dir='ltr'>τὴν</span> <span class='ocrx_word' id='word_1_835' title='bbox 2951 5018 3223 5088; x_wconf 82' lang='grc' dir='ltr'>βασιλείαν</span> <span class='ocrx_word' id='word_1_836' title='bbox 3247 5016 3338 5069; x_wconf 87' lang='grc' dir='ltr'>τοῦ</span> <span class='ocrx_word' id='word_1_837' title='bbox 3364 5013 3497 5069; x_wconf 82' lang='grc' dir='ltr'>Θεοῦ</span> <span class='ocrx_word' id='word_1_838' title='bbox 3527 5012 3814 5065; x_wconf 83' lang='grc' dir='ltr'>εἰσελθεῖν.</span> <span class='ocrx_word' id='word_1_839' title='bbox 3850 5028 3865 5060; x_wconf 84' lang='grc' dir='ltr'>ι</span> <span class='ocrx_word' id='word_1_840' title='bbox 3894 5011 4000 5061; x_wconf 73' lang='grc' dir='ltr'>Καὶ</span> 
     </span>
    </p>
   </div>
   <div class='ocr_carea' id='block_1_109' title="bbox 2434 5105 4000 5180">
    <p class='ocr_par' dir='ltr' id='par_1_109' title="bbox 2434 5105 4000 5180">
     <span class='ocr_line' id='line_1_109' title="bbox 2434 5105 4000 5180; baseline -0.008 -15"><span class='ocrx_word' id='word_1_841' title='bbox 2434 5113 2571 5174; x_wconf 84' lang='grc' dir='ltr'>πῶς,</span> <span class='ocrx_word' id='word_1_842' title='bbox 2603 5115 2756 5180; x_wconf 68' lang='grc' dir='ltr'>φησι,</span> <span class='ocrx_word' id='word_1_843' title='bbox 2806 5112 3037 5165; x_wconf 81' lang='grc' dir='ltr'>δύνασθε</span> <span class='ocrx_word' id='word_1_844' title='bbox 3069 5111 3343 5163; x_wconf 87' lang='grc' dir='ltr'>πιστεύειν</span> <span class='ocrx_word' id='word_1_845' title='bbox 3375 5112 3452 5170; x_wconf 79' lang='grc' dir='ltr'>είς</span> <span class='ocrx_word' id='word_1_846' title='bbox 3509 5107 3628 5174; x_wconf 80' lang='grc' dir='ltr'>ἐμὲ,</span> <span class='ocrx_word' id='word_1_847' title='bbox 3663 5105 3817 5168; x_wconf 72' lang='grc' dir='ltr'>δόξαν</span> <span class='ocrx_word' id='word_1_848' title='bbox 3851 5105 4000 5170; x_wconf 66' lang='grc' dir='ltr'>παρὰ</span> 
     </span>
    </p>
   </div>
   <div class='ocr_carea' id='block_1_110' title="bbox 2433 5194 4000 5270">
    <p class='ocr_par' dir='ltr' id='par_1_110' title="bbox 2433 5194 4000 5270">
     <span class='ocr_line' id='line_1_110' title="bbox 2433 5194 4000 5270; baseline -0.006 -17"><span class='ocrx_word' id='word_1_849' title='bbox 2433 5203 2735 5270; x_wconf 78' lang='grc' dir='ltr'>ἀνθρώπων</span> <span class='ocrx_word' id='word_1_850' title='bbox 2785 5203 3178 5270; x_wconf 74' lang='grc' dir='ltr'>λαμϐάνοντες,</span> <span class='ocrx_word' id='word_1_851' title='bbox 3231 5202 3322 5252; x_wconf 70' lang='grc' dir='ltr'>καὶ</span> <span class='ocrx_word' id='word_1_852' title='bbox 3378 5199 3474 5266; x_wconf 78' lang='grc' dir='ltr'>τὴν</span> <span class='ocrx_word' id='word_1_853' title='bbox 3513 5197 3670 5259; x_wconf 80' lang='grc' dir='ltr'>δόξαν</span> <span class='ocrx_word' id='word_1_854' title='bbox 3703 5199 3800 5264; x_wconf 75' lang='grc' dir='ltr'>τὴν</span> <span class='ocrx_word' id='word_1_855' title='bbox 3851 5194 4000 5259; x_wconf 65' lang='grc' dir='ltr'>παρὰ</span> 
     </span>
    </p>
   </div>
   <div class='ocr_carea' id='block_1_111' title="bbox 2434 5286 4001 5363">
    <p class='ocr_par' dir='ltr' id='par_1_111' title="bbox 2434 5286 4001 5363">
     <span class='ocr_line' id='line_1_111' title="bbox 2434 5286 4001 5363; baseline 0.004 -18"><span class='ocrx_word' id='word_1_856' title='bbox 2434 5293 2527 5345; x_wconf 88' lang='grc' dir='ltr'>τοῦ</span> <span class='ocrx_word' id='word_1_857' title='bbox 2567 5295 2724 5360; x_wconf 83' lang='grc' dir='ltr'>μόνου</span> <span class='ocrx_word' id='word_1_858' title='bbox 2757 5294 2889 5345; x_wconf 83' lang='grc' dir='ltr'>Θεοῦ</span> <span class='ocrx_word' id='word_1_859' title='bbox 2944 5296 3019 5362; x_wconf 82' lang='grc' dir='ltr'>μὴ</span> <span class='ocrx_word' id='word_1_860' title='bbox 3069 5293 3351 5363; x_wconf 71' lang='grc' dir='ltr'>ζητοῦντες</span> <span class='ocrx_word' id='word_1_861' title='bbox 3389 5311 3400 5346; x_wconf 87' lang='lat'>:</span> <span class='ocrx_word' id='word_1_862' title='bbox 3443 5311 3456 5342; x_wconf 77' lang='grc' dir='ltr'>ι</span> <span class='ocrx_word' id='word_1_863' title='bbox 3502 5290 3665 5342; x_wconf 67' lang='grc' dir='ltr'>Ἀλλά</span> <span class='ocrx_word' id='word_1_864' title='bbox 3717 5289 3790 5354; x_wconf 63' lang='grc' dir='ltr'>μὴ</span> <span class='ocrx_word' id='word_1_865' title='bbox 3845 5286 4001 5352; x_wconf 59' lang='grc' dir='ltr'>θδρν·</span> 
     </span>
    </p>
   </div>
   <div class='ocr_carea' id='block_1_112' title="bbox 2436 5375 4000 5452">
    <p class='ocr_par' dir='ltr' id='par_1_112' title="bbox 2436 5375 4000 5452">
     <span class='ocr_line' id='line_1_112' title="bbox 2436 5375 4000 5452; baseline -0.005 -18"><span class='ocrx_word' id='word_1_866' title='bbox 2436 5384 2636 5435; x_wconf 73' lang='grc' dir='ltr'>ϐείτυω</span> <span class='ocrx_word' id='word_1_867' title='bbox 2668 5385 2720 5436; x_wconf 71' lang='grc' dir='ltr'>εἴ</span> <span class='ocrx_word' id='word_1_868' title='bbox 2755 5401 2833 5445; x_wconf 86' lang='grc' dir='ltr'>τις</span> <span class='ocrx_word' id='word_1_869' title='bbox 2863 5384 3096 5448; x_wconf 81' lang='grc' dir='ltr'>εὐπορος</span> <span class='ocrx_word' id='word_1_870' title='bbox 3130 5384 3159 5452; x_wconf 75' lang='grc' dir='ltr'><strong>ἦ</strong></span> <span class='ocrx_word' id='word_1_871' title='bbox 3200 5384 3406 5447; x_wconf 75' lang='grc' dir='ltr'>ἔνδοξος</span> <span class='ocrx_word' id='word_1_872' title='bbox 3447 5383 3476 5451; x_wconf 77' lang='grc' dir='ltr'><strong>ἢ</strong></span> <span class='ocrx_word' id='word_1_873' title='bbox 3510 5383 3691 5448; x_wconf 73' lang='grc' dir='ltr'>ἄρχων</span> <span class='ocrx_word' id='word_1_874' title='bbox 3725 5379 3837 5429; x_wconf 70' lang='grc' dir='ltr'>ἐστί</span> <span class='ocrx_word' id='word_1_875' title='bbox 3864 5392 3876 5403; x_wconf 87' lang='grc'>·</span> <span class='ocrx_word' id='word_1_876' title='bbox 3908 5375 4000 5426; x_wconf 77' lang='grc' dir='ltr'>δύ·-</span> 
     </span>
    </p>
   </div>
   <div class='ocr_carea' id='block_1_113' title="bbox 2438 5463 3998 5545">
    <p class='ocr_par' dir='ltr' id='par_1_113' title="bbox 2438 5463 3998 5545">
     <span class='ocr_line' id='line_1_113' title="bbox 2438 5463 3998 5545; baseline -0.006 -20"><span class='ocrx_word' id='word_1_877' title='bbox 2438 5493 2593 5526; x_wconf 85' lang='grc' dir='ltr'>ναται</span> <span class='ocrx_word' id='word_1_878' title='bbox 2633 5478 2738 5544; x_wconf 76' lang='grc' dir='ltr'>γὰρ</span> <span class='ocrx_word' id='word_1_879' title='bbox 2792 5469 2964 5538; x_wconf 68' lang='grc' dir='ltr'>οὗτος,</span> <span class='ocrx_word' id='word_1_880' title='bbox 3007 5478 3104 5527; x_wconf 70' lang='grc' dir='ltr'>ἐὰν</span> <span class='ocrx_word' id='word_1_881' title='bbox 3159 5476 3308 5545; x_wconf 78' lang='grc' dir='ltr'>θέλῃ,</span> <span class='ocrx_word' id='word_1_882' title='bbox 3360 5475 3456 5542; x_wconf 74' lang='grc' dir='ltr'>τὴν</span> <span class='ocrx_word' id='word_1_883' title='bbox 3525 5472 3682 5533; x_wconf 65' lang='grc' dir='ltr'>δοξαν</span> <span class='ocrx_word' id='word_1_884' title='bbox 3715 5469 3806 5521; x_wconf 82' lang='grc' dir='ltr'>τοῦ</span> <span class='ocrx_word' id='word_1_885' title='bbox 3865 5463 3998 5517; x_wconf 77' lang='grc' dir='ltr'>Θεοῦ</span> 
     </span>
    </p>
   </div>
   <div class='ocr_carea' id='block_1_114' title="bbox 2439 5556 3998 5635">
    <p class='ocr_par' dir='ltr' id='par_1_114' title="bbox 2439 5556 3998 5635">
     <span class='ocr_line' id='line_1_114' title="bbox 2439 5556 3998 5635; baseline -0.03 14"><span class='ocrx_word' id='word_1_886' title='bbox 2439 5565 2640 5632; x_wconf 35' lang='lat' dir='ltr'>“ut”</span> <span class='ocrx_word' id='word_1_887' title='bbox 2695 5567 2786 5617; x_wconf 61' lang='grc' dir='ltr'>καὶ</span> <span class='ocrx_word' id='word_1_888' title='bbox 2844 5566 3124 5635; x_wconf 62' lang='grc' dir='ltr'>βιάζεσθαι</span> <span class='ocrx_word' id='word_1_889' title='bbox 3181 5566 3392 5628; x_wconf 74' lang='grc' dir='ltr'>ἑαυτὸν,</span> <span class='ocrx_word' id='word_1_890' title='bbox 3425 5564 3564 5614; x_wconf 76' lang='grc' dir='ltr'>ὥστε</span> <span class='ocrx_word' id='word_1_891' title='bbox 3616 5561 3714 5628; x_wconf 73' lang='grc' dir='ltr'>τὴν</span> <span class='ocrx_word' id='word_1_892' title='bbox 3767 5558 3899 5627; x_wconf 62' lang='grc' dir='ltr'>πρὸς</span> <span class='ocrx_word' id='word_1_893' title='bbox 3933 5556 3998 5606; x_wconf 71' lang='grc' dir='ltr'>τὰ</span> 
     </span>
    </p>
   </div>
   <div class='ocr_carea' id='block_1_115' title="bbox 2438 5649 4002 5727">
    <p class='ocr_par' dir='ltr' id='par_1_115' title="bbox 2438 5649 4002 5727">
     <span class='ocr_line' id='line_1_115' title="bbox 2438 5649 4002 5727; baseline 0.006 -19"><span class='ocrx_word' id='word_1_894' title='bbox 2438 5657 2605 5725; x_wconf 63' lang='grc' dir='ltr'>χείρω</span> <span class='ocrx_word' id='word_1_895' title='bbox 2643 5659 2814 5727; x_wconf 58' lang='grc' dir='ltr'>ῥοπὴν</span> <span class='ocrx_word' id='word_1_896' title='bbox 2871 5660 3218 5721; x_wconf 68' lang='grc' dir='ltr'>ἀνακόπτειν,</span> <span class='ocrx_word' id='word_1_897' title='bbox 3257 5658 3492 5724; x_wconf 60' lang='grc' dir='ltr'>μεγάλας</span> <span class='ocrx_word' id='word_1_898' title='bbox 3520 5656 3716 5724; x_wconf 73' lang='grc' dir='ltr'>ἀρετὰς</span> <span class='ocrx_word' id='word_1_899' title='bbox 3767 5649 4002 5720; x_wconf 63' lang='grc' dir='ltr'>ἐργάσαο·</span> 
     </span>
    </p>
   </div>
  </div>
