4442 6448
476 381 565 447 181

1890 385 2213 446 HUMlLlA
2254 386 2370 448 XV.

3614 397 3709 460 189

473 497 619 562 οθαι,
650 497 742 549 καὶ
770 495 1012 565 μεγάλας
1047 495 1373 550 ἀπώσασθαι
1407 497 1623 562 κακίας,
1654 498 1753 551 οὐκ
1789 499 1881 566 ἀφ’
1910 501 2036 551 ἑαυ-
2068 500 2114 559 Α
2142 498 2224 552 ele

1955 517 2036 550 ιυ-
2068 500 2114 559 Α
2142 498 2427 560 electione,
2464 501 2552 553 scil
2586 500 2744 553 t-tiam
2794 499 2857 553 ab
2895 501 3015 556 aliis
3067 501 3250 553 multis
3301 503 3463 554 etiam
3512 503 3709 555 invitis.

470 590 563 640 τοῦ
617 589 797 656 μόνον,
849 588 988 641 ἀλλὰ
1039 589 1131 641 καὶ
1180 589 1286 642 ἀπὸ
1335 590 1544 643 πολλῶν
1575 592 1778 662 ἐτέρων
1827 594 1933 645 τῶν
1965 594 2039 663 μὴ

473 680 817 748 βουλομένων
843 695 856 709 ⁶
887 681 982 732 καὶ
1012 681 1117 750 γὰρ
1145 681 1368 734 δύναται
1405 684 1478 752 μὴ
1526 685 1686 751 μόνον
1715 683 2038 753 δικαιοπρα-

469 775 584 834 γεῖν
626 772 718 824 καὶ
755 773 1073 840 σωφρονεῖν,
1109 772 1241 824 ἀλλὰ
1272 773 1365 826 καὶ
1395 790 1519 836 τους
1549 774 1756 827 ἀδικεῖν
1789 776 1886 827 καὶ
1915 777 2042 827 ἀκο-

473 863 780 916 λασταίνειν
831 863 1186 933 βουλομένους
1246 865 1475 918 κωλύειν
1521 866 1895 939 πολυτρόπως,
1950 871 2039 920 καὶ

475 953 550 1023 μή
585 955 745 1020 μόνον
797 954 1021 1025 εὐπειθῆ
1056 957 1318 1026 παρέχειν
1370 958 1561 1011 ἑαυτὸν
1596 960 1669 1024 τῶ
1723 960 2041 1031 Εύαγγε).ίῳ

472 1045 566 1098 τοῦ
598 1046 839 1118 Χριστοῦ
867 1049 964 1101 καὶ
992 1050 1104 1111 τοῖς
1136 1049 1366 1118 κήρυξιν
1395 1049 1584 1112 αὑτοῦ,
1623 1049 1756 1102 ἀλλὰ
1794 1052 1884 1102 καὶ
1917 1053 2041 1112 τοὺς

481 1139 728 1192 ἀπειθεῖν
781 1139 1146 1208 βουλομένους
1199 1140 1523 1193 ύποτάσσειν
1572 1141 1638 1210 τῇ
1671 1139 1764 1192 τοῦ
1805 1139 2041 1210 Χριστοῦ

485 1229 800 1301 Ἐκκλησία,
860 1231 955 1283 καὶ
1006 1233 1118 1291 τοῖς
1178 1231 1322 1283 κατὰ
1380 1230 1618 1302 Χριστὸν
1674 1229 2043 1301 προεστηκόσι

472 1325 696 1392 ταύτης,
738 1325 812 1394 μὴ
847 1324 1011 1394 μόνον
1053 1325 1142 1378 διὰ
1177 1324 1273 1394 τῆς
1329 1325 1612 1395 δυνάμεως
1659 1327 1753 1378 καὶ
1797 1325 2042 1391 ὲξουσία;

474 1411 540 1485 ἧς
574 1416 735 1485 ἔλαχε
785 1417 940 1487 παρὰ
987 1415 1146 1480 Θεοῦ,
1177 1417 1313 1470 ἀλλὰ
1360 1418 1454 1470 καὶ
1493 1417 1554 1469 τὸ
1593 1417 1757 1479 τύπος
1801 1416 2043 1483 γίνεσθαι

473 1510 581 1570 τοῖς
619 1508 1039 1578 ὑποδεεστέροις
1085 1511 1144 1561 ὲν
1195 1510 1358 1562 πᾶσιν
1403 1508 1659 1575 ἀγαθοῖς·
1710 1506 2044 1576 ἐξομοιοῦται

474 1603 582 1671 γὰρ
614 1600 691 1671 τῷ
728 1602 952 1670 ἄρχοντι
1006 1601 1068 1654 τὸ
1109 1601 1431 1672 ὰρλόμενον.
1468 1601 1706 1669 Σπουδῆς
1757 1601 1849 1653 οὖν
1889 1601 2046 1668 χρεία

476 1693 570 1745 καὶ
606 1691 726 1761 βίας
757 1695 851 1746 καὶ
898 1695 1171 1762 προσοχῆς
1221 1695 1356 1746 πᾶσι
1403 1693 1522 1762 μὲν,
1573 1693 1672 1746 οὐκ
1706 1695 1903 1762 ἐπίσης
1949 1691 2044 1744 δέ’

483 1785 592 1846 uti;
623 1785 732 1855 γὰρ
772 1786 829 1838 ἐν
866 1785 990 1857 δόξῃ
1022 1786 1114 1838 καὶ
1145 1784 1360 1855 πλούτῳ
1391 1786 1484 1838 καὶ
1517 1787 1657 1855 ἀρχῇ
1713 1785 2040 1848 καθεστῶσι,

476 1878 568 1929 καὶ
610 1880 722 1940 τοῖς
757 1878 884 1947 περὶ
912 1878 1099 1945 λόγους
1132 1881 1225 1932 καὶ
1252 1880 1376 1946 περὶ
1406 1878 1504 1948 τὴν
1545 1878 1737 1947 κτῆσιν
1781 1879 1878 1949 τῆς
1922 1878 2041 1930 κατ’

473 1972 668 2034 αὐτοὺς
719 1973 910 2040 σοφίας
970 1967 1381 2038 ἐσπουδακόσιν,
1429 1974 1588 2044 είπερ
1635 1973 1870 2042 σωθῆναι
1921 1973 2044 2043 βού-

476 2065 670 2128 λοιντο,
711 2065 960 2127 πλείονος
1005 2065 1163 2135 χρεία
1207 2065 1324 2130 βίας
1356 2083 1416 2118 τε
1460 2067 1556 2120 καὶ
1609 2066 1864 2136 σπουδῆς,
1919 2070 2043 2120 επεὶ

475 2151 566 2202 καὶ
598 2152 905 2218 πεφύκασιν
940 2148 1079 2206 είναὶ
1124 2173 1238 2218 πως
1270 2155 1734 2226 δυσπειθέστεροι.

545 2242 654 2310 79
686 2242 853 2295 Τοῦτο
888 2244 950 2312 δὴ
1004 2247 1097 2297 καὶ
1143 2239 1252 2298 ἀπὸ
1303 2247 1410 2298 τῶν
1471 2246 1596 2316 χθὲς
1649 2249 1741 2300 καὶ
1800 2251 2041 2319 σήμερον

475 2336 931 2399 ἀναγνωσθέντων
991 2337 1342 2403 Εύαγγελίων
1395 2336 1488 2390 τοῦ
1537 2338 1775 2406 Χριστοῦ
1833 2341 2040 2405 γίνεται

476 2429 785 2491 καταφανές
807 2442 821 2456 ·
852 2429 942 2479 τοῦ
975 2429 1083 2497 γὰρ
1115 2429 1202 2480 ἐπὶ
1250 2429 1487 2499 Λαζὰρῳ
1516 2429 1862 2492 τελεσθέντος
1911 2431 2039 2483 οαύο

481 2535 670 2585 ματος,
704 2522 794 2571 καὶ
821 2519 955 2572 Θεὸν
981 2519 1122 2575 εἶναι
1146 2523 1237 2573 τὸν
1266 2524 1570 2592 ποιήσαντα
1593 2525 1906 2592 περιφανῶς
1940 2540 2039 2577 πα·

479 2609 871 2674 ρλστήσαντος,
905 2611 931 2662 ὁ
957 2613 1054 2678 μὲν
1083 2611 1210 2672 λαὸς
1237 2612 1635 2681 ἀνεπείσθησαν
1662 2613 1754 2664 καί⁵
1793 2615 2041 2665 ἐπίστευι

480 2715 599 2759 σαν,
660 2699 712 2750 oi
766 2699 822 2750 δὲ
878 2700 1180 2763 τηνικαῦτα
1244 2704 1531 2770 ἄρχοντες,
1585 2707 1633 2754 οἱ
1697 2708 2045 2773 γραμματεῖς

477 2789 719 2854 δηλονότι
752 2793 847 2844 καὶ
893 2794 1198 2860 Φαρισαῖοι,
1240 2795 1496 2846 τοσοῦτον
1529 2795 1766 2864 ἀπέσχον
1789 2796 1881 2848 τοῦ
1925 2815 2044 2848 πει·
2079 2822 2085 2826 -

480 2881 698 2949 σθῆναι,
727 2883 800 2946 ὡς
828 2886 922 2936 καὶ
953 2885 1074 2937 κατ’
1104 2884 1267 2938 αὑτοῦ
1305 2886 1539 2955 μανῆναι
1572 2888 1793 2957 μᾶλλον,
1820 2891 1910 2942 καὶ
1945 2891 2048 2943 ὑπὸ

482 2975 909 3042 φρενοόλαὸείας
939 2975 1156 3046 θανάτῳ
1181 2979 1520 3043 παραδοῦναι
1553 2978 1905 3049 βουλεύεσθαι
1934 2983 2045 3045 τὸν,

481 3067 572 3118 καὶ
603 3066 670 3119 δι’
701 3061 776 3120 ὧν
810 3065 952 3134 εἷπε,
986 3074 1078 3121 καὶ
1108 3071 1175 3122 δι’
1202 3065 1274 3124 ὧν
1307 3071 1532 3140 ἔπραξε,
1566 3073 1710 3136 ζωῆς
1744 3076 1837 3127 καὶ
1881 3076 2048 3127 θανά-

2145 587 2276 641 Nam
2313 599 2488 658 potest
2532 606 2636 644 non
2673 600 2880 644 tartutu
2927 591 3195 661 justitiam
3243 600 3293 643 t-t
3330 591 3710 643 castimoniam

2144 681 2342 747 colere,
2373 683 2464 736 sed
2492 685 2652 736 etiam
2673 685 2762 753 qui
2797 685 2994 752 injuste
3020 694 3072 737 et
3104 684 3367 737 dissolute
3391 684 3573 736 vivere
3601 685 3682 736 vel
3701 713 3720 720 —

2146 773 2217 828 let
2249 774 2566 827 multimode
2597 777 2898 845 castigare;
2931 776 3025 828 sed
3063 790 3157 828 nec
3198 777 3714 844 ctiaminiquitatem

2147 869 2307 922 modo
2333 884 2362 922 e
2391 869 2526 922 solio
2562 869 2779 936 ejicere,
2814 886 2997 922 verum
3048 869 3226 922 adhuc
3266 869 3530 936 justitiam
3566 869 3620 921 in
3655 888 3718 920 co

2144 959 2498 1021 constituere,
2539 974 2637 1014 ncc
2670 968 2875 1012 tantum
2910 977 2966 1012 se
2999 961 3173 1028 ipsum
3206 958 3435 1012 docilem
3481 958 3718 1027 praebere

2145 1049 2197 1102 in
2228 1050 2527 1106 obedieudo
2548 1051 2841 1122 Evangelio
2868 1052 3088 1113 Christi,
3111 1051 3338 1122 ejusque
3353 1052 3715 1120 praesumus.

2145 1144 2236 1199 sed
2275 1144 2438 1197 etiam
2471 1155 2821 1200 contumaces
2851 1145 3174 1199 submittere
3199 1146 3400 1201 Christi
3438 1145 3715 1209 Ecclesia,

2147 1237 2375 1305 ejusque
2410 1239 2707 1292 secundum
2745 1237 3025 1293 Christum
3078 1239 3399 1306 praepositis,
3446 1256 3566 1309 qua:
3610 1253 3718 1292 non

2146 1329 2322 1380 solum
2358 1328 2556 1382 utendo
2588 1341 2847 1396 potestate
2882 1343 2931 1382 ιιι
2954 1331 3075 1398 jure
3111 1344 3136 1380 a
3176 1329 3285 1383 Deo
3322 1331 3554 1398 acceptis
3581 1370 3592 1391 ,
3626 1331 3718 1382 scd

2147 1419 2310 1472 etiam
2345 1436 2402 1475 se
2433 1421 2612 1474 minus
2659 1421 2816 1474 bonis
2855 1425 2903 1474 iu
2953 1422 3260 1494 cwtnplum
3283 1421 3470 1474 tlando
3506 1422 3694 1474 obtine

2147 1511 2244 1567 bit.
2280 1512 2411 1566 Nam
2445 1515 2576 1567 tales
2608 1514 2807 1567 subditi
2840 1516 3029 1583 quales
3076 1515 3371 1583 principes.
3419 1513 3720 1566 Setlulilalc

2149 1618 2278 1673 etgo
2309 1614 2361 1657 et
2393 1605 2647 1660 violentia
2693 1616 2746 1661 et
2781 1607 3056 1676 diligentia
3114 1622 3248 1674 opus
3292 1617 3374 1660 est
3406 1651 3417 1669 ,
3461 1606 3715 1659 omnibus

2151 1697 2392 1764 quidem,
2422 1698 2513 1752 sed
2548 1714 2651 1751 non
2676 1700 2976 1769 azqualiter.
3005 1699 3105 1765 Qui
3126 1699 3269 1753 enim
3301 1699 3472 1768 gloria
3504 1707 3555 1752 et
3587 1697 3692 1750 divi

2155 1788 2243 1841 tiis
2299 1796 2352 1841 et
2383 1795 2644 1856 potestate
2675 1790 3168 1856 superiuduuntur,
3236 1799 3288 1845 et
3320 1791 3466 1844 circa
3512 1789 3722 1841 litteras

2145 1886 2197 1931 et
2239 1879 2657 1944 comparandam
2705 1879 2846 1933 illam
2893 1895 3056 1949 quam
3099 1880 3348 1949 iudicant
3398 1879 3719 1949 sapientiam

2144 1970 2385 2025 studiose
2419 1980 2730 2036 versantur,
2766 1973 2808 2024 si
2849 1973 3049 2026 salvari
3087 1974 3283 2033 velint,
3316 1972 3487 2040 magis
3534 1987 3719 2026 neces-

2144 2064 2342 2118 sariam
2369 2063 2566 2118 habent
2598 2065 2704 2118 vim
2735 2075 2788 2118 et
2813 2063 3148 2135 diligentiam
3174 2106 3187 2126 ,
3221 2080 3345 2120 cum
3385 2075 3574 2118 natura
3615 2065 3722 2118 sint

2144 2153 2483 2207 indocilioris
2518 2154 2740 2222 ingenii.

2215 2242 2368 2308 Quod
2401 2258 2465 2296 ex
2498 2243 2754 2297 hesterno
2789 2259 2997 2297 necnon
3026 2261 3087 2297 cx
3126 2244 3390 2299 hodierno
3427 2241 3725 2313 Et’angelso

2144 2335 2423 2390 evidenter
2450 2344 2611 2404 patet.
2643 2335 2852 2389 Etenim
2876 2337 3111 2401 perfecto
3143 2351 3306 2404 super
3332 2335 3593 2389 Lazarum
3626 2336 3726 2386 mi-

2146 2430 2333 2484 raculo
2382 2444 2492 2499 quo
2548 2429 2797 2484 Christus
2854 2444 2910 2482 se
2949 2427 3112 2482 Deum
3181 2430 3322 2482 clare
3383 2428 3723 2496 probaverat.

2147 2522 2378 2591 populus
2410 2521 2630 2589 quidem
2663 2535 2957 2590 persuasus
2993 2521 3264 2584 credidit,
3308 2521 3585 2588 principes
3626 2535 3725 2571 au-

2149 2624 2276 2678 tem,
2311 2614 2363 2667 id
2395 2623 2480 2668 est
2521 2613 2723 2668 Scriba:
2770 2622 2826 2666 et
2849 2612 3128 2675 Pbarisa-i,
3166 2621 3376 2666 tantum
3431 2613 3617 2664 aberat
3671 2620 3726 2662 ut

2148 2708 2450 2764 crederent.
2518 2714 2579 2758 ut
2634 2715 2824 2758 contra
2876 2706 3049 2772 ipsum
3117 2704 3380 2768 furerent,
3439 2714 3492 2757 et
3547 2703 3726 2756 insani

2149 2813 2273 2853 eum
2339 2797 2552 2851 tradere
2630 2795 2792 2851 morti
2876 2797 3221 2850 intenderent
3279 2795 3370 2863 qui
3445 2805 3495 2847 ct
3568 2796 3728 2848 dictis

2149 2899 2204 2944 et
2237 2889 2396 2942 lactis
2435 2904 2554 2943 sese
2594 2889 2717 2942 vitae
2748 2889 3050 2956 mortisque
3080 2888 3370 2942 Dotniuum
3412 2886 3728 2941 manifesta-

2152 2996 2323 3039 verat.
2374 2986 2510 3039 Nam
2556 2985 2681 3053 quis
2715 2993 3025 3038 autumaret
3071 2999 3136 3037 ex
3169 2998 3235 3036 eo
3278 2982 3422 3052 quod
3455 2982 3727 3046 Christus,

2152 3077 2374 3131 elevatis
2403 3091 2624 3131 sursum
2651 3073 2844 3139 oculis,
2871 3075 3070 3130 dixerit
3103 3092 3115 3128 :
3148 3092 3165 3126 t
3199 3074 3376 3139 Pater,
3401 3074 3605 3144 gratias
3629 3089 3729 3142 ago

480 3177 571 3212 του
609 3159 813 3229 Κύριον
843 3162 1192 3222 ἀναφανέντα
1213 3178 1227 3194 °
1259 3164 1317 3216 ού
1350 3166 1458 3232 γὰρ
1484 3165 1595 3234 ἔχει
1630 3183 1712 3228 τις
1745 3168 1941 3229 εἰπεῖν,
1970 3170 2049 3220 ὅτι
2081 3174 2124 3235 c
2160 3170 2234 3221 tib

1974 3170 2049 3220 ὅτι
2081 3174 2124 3235 c
2160 3170 2278 3241 tibi,
2317 3187 2333 3218 ι
2372 3168 2714 3238 p:oltibuisse
2783 3182 2850 3222 ne
2911 3165 3056 3220 Patri
3123 3166 3348 3234 aequalis
3399 3166 3728 3234 putaretur?

481 3249 542 3302 τὸ
581 3252 706 3314 τοὺς
737 3255 969 3314 οἰκείους
1015 3253 1327 3324 ὀφθαλμοὺς
1375 3256 1486 3309 ἄνω
1530 3257 1650 3308 τότε
1700 3259 1788 3309 τὸν
1822 3260 2052 3327 Χριστὸν

485 3345 690 3412 ἐπᾶραι
719 3344 812 3396 καὶ
850 3345 1057 3397 είπεῖν·
1087 3345 1291 3412 Πάτερ,
1323 3347 1634 3416 εὐχαριστῷ
1667 3364 1747 3399 σοι
1775 3351 1854 3400 ὅτι
1887 3350 2053 3416 ἡκου-

488 3435 582 3497 σάς
618 3453 745 3504 μου,
789 3436 1046 3505 ἐμπόδιον
1078 3437 1261 3500 αὐτοῖς
1287 3438 1504 3506 ἐγένετο
1531 3441 1665 3510 πρὸς
1692 3440 1749 3491 τὸ
1779 3440 1890 3492 ἴσον
1920 3435 2054 3492 εἶναι

486 3524 706 3593 νομίσαι
736 3522 924 3577 τοῦτον
958 3524 1036 3594 τῷ
1065 3526 1269 3596 Πατρίο
1304 3529 1558 3597 ἐπιφέρει
1591 3529 1701 3596 γὰρ
1745 3529 1904 3592 αὐτὸς
1938 3532 2055 3582 ἐκεῖ

485 3616 621 3686 πρὸς
661 3616 751 3668 τὸν
785 3616 1004 3685 Πατέρα
1050 3617 1260 3685 λέγων’
1297 3637 1314 3668 ι
1364 3617 1504 3687 Ἐγὼ
1533 3619 1589 3671 δὲ
1634 3620 1779 3690 ῇίειν
1811 3622 1889 3674 ὅτι
1924 3623 2058 3676 πάν-

484 3708 604 3759 τοτέ
643 3726 743 3776 μου
796 3707 1038 3772 ἀκούεις,
1071 3709 1207 3762 ἀλλὰ
1254 3709 1340 3761 διὰ
1387 3709 1477 3762 τὸν
1507 3711 1664 3779 ὄχλον
1714 3711 1804 3763 τὸν
1861 3729 2056 3780 περιε-

489 3799 667 3852 στῶτα
705 3795 877 3859 εἷπον,
921 3800 1007 3853 ἴνα
1067 3799 1433 3853 πιστεύσωσιν
1467 3803 1549 3853 ὃτι
1592 3801 1652 3854 σύ
1693 3820 1758 3869 με
1806 3804 2055 3855 ἀπέστει-

488 3897 602 3953 λας.
655 3912 671 3942 ι
707 3894 823 3945 Ἰνα
858 3894 968 3962 γὰρ
1000 3893 1135 3961 ὁμοῦ
1167 3911 1221 3944 τε
1259 3893 1391 3944 Θεὸν
1427 3894 1592 3960 γνῶσι
1628 3893 1838 3958 τοῦτον,
1879 3897 1972 3948 καὶ
1995 3897 2058 3948 ὲκ

489 3986 582 4038 τοῦ
624 3985 832 4054 [ἰατρὸς
873 3986 1023 4050 ὅντα,
1055 3989 1150 4038 καὶ
1188 3985 1308 4037 κατ’
1348 3987 1502 4038 οὐδὲν
1547 3987 1897 4050 ὑπεναντίον,
1925 3990 2059 4044 ἀλλὰ

493 4077 631 4130 κατὰ
663 4076 891 4146 γνώμην
929 4076 1023 4130 τοῦ
1058 4078 1265 4146 Πατρὸς
1295 4077 1360 4129 τὰ
1391 4077 1644 4146 θαύματα
1672 4080 2057 4149 ἐργαζόμενον,

489 4165 591 4237 ἦοε
644 4170 742 4236 μὲν
796 4169 1025 4221 ἐνώπιον
1067 4170 1283 4221 πάντων
1337 4167 1462 4228 τοὺς
1520 4169 1828 4238 ὀφθαλμοὺς
1895 4172 2059 4224 αὑτοῦ

494 4262 628 4329 πρὸς
660 4262 751 4313 τὶν
788 4260 1030 4330 Πατέρα,
1073 4264 1257 4314 ὲκεῖνα
1288 4263 1343 4314 δὲ
1373 4261 1493 4314 εἷπε
1529 4263 1663 4330 πρὸς
1701 4264 1886 4327 αὑτὸν,
1921 4263 2062 4335 ᾇπερ

497 4354 609 4403 ἴσον
638 4353 991 4405 ἀποδείκνυσι
1037 4352 1127 4404 τὸν
1162 4354 1253 4403 ἐπὶ
1292 4353 1394 4422 γῆς
1436 4354 1659 4406 εἰπόντα
1693 4355 1772 4423 τῷ
1801 4357 2063 4425 ἀνωτάτω

494 4446 587 4496 καὶ
612 4445 732 4497 κατ’
758 4444 987 4513 οὐρανὸν
1027 4445 1198 4513 Πατρί
1226 4460 1238 4473 ο
1276 4444 1466 4514 ὥσπερ
1502 4447 1609 4514 γαρ
1652 4446 1936 4513 μέλλοντος
1966 4446 2062 4518 τὴν

494 4537 668 4606 ἀρχὴν
700 4536 1034 4590 πλάττεσθαι
1053 4537 1146 4588 τοῦ
1180 4537 1468 4606 ἀνθρώπου
1495 4538 1658 4607 βουλὴ
1683 4541 2062 4609 προηγήσατο,

498 4631 639 4682 οὓτω
670 4631 764 4680 καὶ
799 4629 892 4681 νῦν
921 4630 977 4681 ὲν
1001 4629 1076 4697 τῷ
1114 4630 1371 4700 Λαζάρῳ,
1401 4631 1493 4682 τοῦ
1521 4629 1812 4699 ἀνθρώπου
1847 4633 2066 4700 μέλλον-

496 4740 586 4783 τος
640 4720 1080 4774 ἀναπλάττεσθαι
1122 4721 1284 4789 βουλὴ
1347 4726 1692 4792 προηγεῖται.
1749 4724 1889 4777 Ἀλλ’
1950 4726 2066 4777 ἐκεῖ

501 4817 598 4883 μὲν
627 4813 719 4866 τοῦ
760 4814 972 4882 Πατρδς
1004 4815 1137 4886 πρὸς
1165 4815 1256 4866 τὸν
1285 4815 1410 4867 Υί’.ν
1445 4818 1502 4866 ἐν
1541 4814 1617 4885 τῷ
1651 4817 1862 4884 μέλλειν
1897 4817 2062 4869 πλάτ⁹

498 4906 687 4957 τεσθαι
719 4904 809 4954 τὸν
854 4903 1141 4971 ἄνθρωπον
1176 4905 1445 4968 εἰπόντος,
1501 4908 1824 4977 Ποιήσωμεν
1855 4909 2064 4978 ἄνθρω-

500 5012 622 5058 πον,
660 4994 819 5055 αύτὸς
858 4996 884 5046 ό
924 4994 1047 5056 Υἱὸς
1102 4996 1303 5065 ἢκουσε
1337 4996 1429 5048 τοῦ
1483 4995 1718 5066 Πατρὸς,
1761 4999 1856 5052 καὶ
1896 4997 2065 5059 οὕτως

501 5091 525 5135 ὁ
560 5085 842 5153 ἄνθρωπος
877 5085 956 5146 είς
999 5091 1060 5136 τὸ
1088 5083 1225 5138 εἶναι
1261 5088 1516 5157 παρήχθη
1545 5105 1556 5119 ·
1601 5088 1841 5142 ἐνταῦθα
1870 5089 1923 5141 δὲ
1973 5088 2066 5139 νῦν

502 5179 688 5230 sxa-3st
716 5176 811 5229 τοῦ
843 5177 970 5230 Υίοῦ
1000 5178 1247 5240 εἰπόντος
1276 5182 1302 5230 ό
1335 5181 1546 5248 Πατὴρ,
1576 5183 1669 5234 καὶ
1695 5180 1865 5236 mino;
1897 5181 1924 5230 ὁ
1961 5181 2064 5231 Λά-

504 5271 665 5335 ζαρος
694 5267 938 5334 ὲζωώθη.
985 5269 1180 5336 Ὀρᾶτε
1215 5269 1310 5337 τὴν
1340 5270 1634 5337 ὁμοτιμίαν
1672 5271 1764 5322 καὶ
1795 5270 1891 5338 τὴν
1937 5274 2066 5338 ὀμο-

503 5359 722 5409 έιουὶλαν
750 5358 846 5426 ὅση
873 5374 887 5422 ;
921 5359 993 5410 Τὸ
1033 5360 1127 5427 μὲν
1158 5360 1263 5427 γὰρ
1303 5361 1489 5429 σχῆμα
1519 5363 1616 5428 τῆς
1647 5363 1954 5428 προσευχῆς
1983 5361 2070 5412 διὰ

502 5467 529 5498 τ
567 5466 593 5498 ν
643 5449 983 5515 περιεστῶτα
1036 5449 1258 5515 γέγονεν
1293 5451 1467 5518 ὄχλοι,
1505 5451 1574 5500 τὰ
1625 5450 1680 5501 δὲ
1735 5451 1958 5519 ῥήματα
2007 5454 2066 5503 οὐ

507 5541 816 5609 προσευχῆς
841 5535 930 5608 ἦν,
967 5540 1101 5591 ἀλλὰ
1139 5542 1452 5602 δισποτείας
1487 5541 1580 5593 καὶ
1616 5542 2068 5610 αὐτοκρατορίας·

505 5633 751 5702 Λάζαρε,
773 5632 931 5702 δεῦρο
959 5632 1082 5697 ἔξω,
1115 5634 1208 5687 καὶ
1241 5635 1399 5696 εὐθὺς
1425 5637 1449 5685 ὁ
1481 5636 1852 5702 τ;ῖραήμερος
1883 5634 2072 5700 νεκρὸς

600 5815 893 5878 'Joau.x1,
932 5815 1013 5880 41,
1060 5817 1138 5868 ιι.
1219 5816 1306 5868 ⁸0
1347 5833 1376 5868 ιι
1431 5833 1442 5868 t
1500 5820 1527 5867 ι’
1577 5860 1583 5867 .

1675 5817 1846 5867 ιὲιιηιι
1931 5829 2004 5874 xt,
2043 5813 2126 5865 .13.

2162 3261 2401 3328 Explicat
2439 3261 2584 3312 enim
2634 3258 2748 3328 ipse
2796 3257 3009 3312 Patrem
3049 3257 3245 3312 altatus
3281 3274 3295 3310 :
3339 3274 3357 3308 ι
3401 3257 3512 3327 Ego
3548 3266 3728 3312 autem

2157 3350 2392 3403 sciebam
2424 3350 2550 3416 quia
2587 3363 2802 3416 semper
2833 3363 2916 3401 me
2945 3348 3124 3409 audis,
3166 3346 3258 3400 sed
3304 3353 3526 3414 propter
3555 3360 3730 3414 popu-

2157 3446 2266 3498 lum
2292 3443 2382 3510 qui
2420 3442 2735 3495 circumstat
2759 3439 2892 3504 dixi,
2922 3450 2980 3493 ut
3013 3439 3238 3493 credant
3261 3439 3386 3507 quia
3421 3448 3473 3492 ttt
3511 3454 3594 3491 tne
3628 3440 3732 3490 mi-

2157 3535 2360 3589 sisti’.»
2388 3532 2454 3588 Ut
2478 3535 2620 3586 enim
2643 3533 2842 3600 pariter
2868 3532 3036 3586 Deum
3056 3546 3176 3584 esse
3200 3540 3550 3600 cognoscant,
3579 3530 3727 3582 illum

2157 3635 2210 3679 et
2253 3640 2281 3677 a
2319 3623 2480 3678 Patre
2513 3625 2891 3692 procedentem
2930 3630 2985 3674 et
3018 3621 3069 3673 in
3109 3621 3256 3674 nullo
3300 3621 3564 3674 minorem
3588 3661 3601 3683 ,
3635 3621 3730 3675 sed

2158 3717 2454 3770 secundum
2518 3730 2801 3769 assensum
2882 3713 3146 3768 miracula
3199 3713 3452 3781 operari,
3503 3713 3735 3766 elevavit

2157 3809 2372 3878 quidem
2423 3823 2606 3863 coram
2657 3807 2912 3862 omnibus
2969 3807 3156 3860 oculos
3205 3806 3271 3858 ad
3320 3803 3556 3868 Patrem,
3608 3806 3734 3859 talia

2158 3917 2287 3958 vero
2321 3901 2388 3955 ad
2436 3901 2610 3970 ipsum
2653 3899 2793 3953 dixit
2838 3913 2956 3967 qum
2983 3898 3340 3953 ostenderent
3381 3897 3433 3950 in
3468 3898 3628 3951 terris
3659 3898 3736 3948 lo—

2160 4005 2417 4065 quentem
2467 3993 2709 4064 regnanti
2769 3993 2820 4046 iu
2870 3993 3104 4046 excelsis
3160 4002 3214 4046 et
3268 3992 3320 4045 in
3377 3991 3531 4045 caelis
3587 3988 3734 4043 Patri

2160 4089 2444 4157 aqualem.
2477 4087 2764 4141 Enimvero
2791 4087 2933 4141 sicut
2959 4086 3009 4137 in
3039 4084 3324 4152 principio,
3354 4099 3479 4136 cum
3509 4082 3732 4150 jatnjam

2163 4179 2434 4235 creandus
2469 4190 2614 4234 esset
2665 4182 2848 4242 homo,
2901 4177 3186 4232 consilium
3246 4175 3519 4244 prrcedit,
3570 4176 3640 4226 ita
3681 4173 3736 4226 in

2164 4270 2368 4325 Lazaro
2397 4285 2521 4325 cum
2559 4269 2722 4323 homo
2758 4284 2946 4323 rursus
2973 4276 3117 4323 esset
3144 4266 3477 4320 formandus.
3498 4264 3607 4317 Illic
3638 4279 3736 4316 au-

2169 4368 2272 4410 tem
2304 4357 2464 4411 Pater
2493 4357 2558 4410 ad
2600 4354 2796 4410 Filium
2824 4356 2892 4410 de
2921 4357 3031 4425 jam
3074 4355 3310 4409 creando
3339 4355 3558 4408 homine
3580 4353 3733 4406 dixit:

2174 4471 2192 4501 ι
2231 4449 2516 4504 Faciamus
2545 4450 2821 4505 homini-tn
2860 4449 2917 4511 ³;
2957 4468 2974 4500 i
3015 4447 3182 4502 Filius
3213 4463 3341 4501 vero
3379 4447 3595 4500 Patrem
3639 4461 3737 4498 an-

2169 4539 2322 4602 divit,
2347 4548 2399 4592 et
2429 4540 2509 4592 sic
2533 4538 2696 4593 homo
2717 4539 2767 4591 in
2796 4538 2960 4590 vitam
2996 4537 3281 4605 processit.
3318 4535 3416 4589 Hic
3442 4544 3620 4588 autem
3650 4532 3737 4586 Fi-

2170 4634 2298 4686 lium
2326 4633 2637 4700 loquentem
2670 4631 2818 4683 audit
2838 4629 3020 4695 Pater,
3050 4640 3102 4682 et
3135 4629 3214 4682 sic
3231 4627 3472 4681 Lazarus
3495 4627 3549 4680 in
3575 4626 3738 4678 vitam

2171 4725 2348 4776 rediit.
2383 4722 2570 4776 Videte
2626 4721 2851 4775 honoris
2908 4730 2961 4774 et
3010 4719 3227 4773 consilii
3263 4719 3569 4786 paritatem.
3609 4716 3743 4771 For-

2170 4826 2310 4863 mam
2345 4812 2562 4877 quidcm
2593 4810 2857 4862 orationis
2892 4818 3111 4876 propter
3144 4807 3588 4861 circumstantem
3632 4814 3743 4859 tur-

2171 4903 2290 4955 bam
2325 4903 2603 4963 adhibuit;
2640 4904 2796 4955 verba
2821 4911 3002 4955 autem
3033 4899 3296 4953 orationis
3331 4914 3440 4952 non
3471 4907 3616 4960 sunt,
3649 4896 3744 4950 sed

2168 4991 2379 5058 imperii
2409 5002 2460 5044 ct
2490 4991 2658 5059 plenae
2688 4990 2973 5058 potestatis
3008 5006 3022 5042 :
3063 4988 3317 5049 «Lazare,
3349 4987 3468 5041 veni
3494 4985 3639 5040 foras
3663 4987 3738 5048 ⁵,»

2168 5092 2224 5137 et
2256 5085 2461 5145 statim,
2494 5081 2782 5136 defunctus
2808 5081 3204 5150 quatridnanus
3240 5079 3311 5130 illi
3343 5079 3497 5132 vivus
3523 5078 3697 5132 adfuit
3730 5095 3740 5129 :

2175 5192 2354 5230 utrum
2385 5175 2609 5228 tiventis
2635 5175 2866 5242 imperio
2893 5189 2961 5227 an
2989 5172 3313 5226 viviticautis
3335 5171 3622 5224 oratione?
3643 5171 3743 5223 Ex~

2173 5268 2424 5320 tlatnatit
2456 5281 2585 5319 voce
2609 5281 2824 5334 magna,
2853 5266 3027 5319 ethoc
3047 5272 3265 5334 prepter
3296 5263 3741 5322 circumstantes.

2175 5338 2382 5429 potei‘at
2408 5359 2549 5412 enim
2578 5358 2626 5411 vi
2655 5374 2760 5411 non
2789 5367 2994 5410 lautqu
3025 5355 3435 5417 vocismodicm,
3463 5353 3553 5408 scd
3579 5355 3740 5406 etiam

2176 5453 2434 5521 simplicis
2468 5450 2764 5504 voluntatis
2785 5450 3112 5503 resuscitare
3131 5448 3254 5500 licet
3282 5445 3435 5498 valde
3455 5445 3663 5498 distans
3689 5455 3744 5498 et

2177 5542 2424 5611 quamvis
2451 5540 2585 5608 lapis
2616 5538 2905 5608 impositus
2931 5549 3092 5593 esset.
3135 5536 3240 5590 Sed
3268 5536 3330 5589 ad
3370 5535 3638 5588 tumulum
3658 5549 3744 5585 .tc-

2183 5632 2348 5686 eeSsit
2379 5629 2940 5686 «circumstantibus
2969 5643 3272 5683 sermonem
3315 5627 3523 5685 habuit,
3558 5634 3610 5679 cl
3655 5635 3741 5678 tu-
