4442 6448
747 400 848 464 183

2033 407 2412 471 GREGORJI
2443 409 2766 472 PALAMB

3890 404 3985 467 184

744 514 1200 582 Ictttntliapidem,
1231 529 1278 572 ct
1318 517 1562 573 faetorem
1597 529 1880 574 senserunt
1906 559 1922 584 ,
1953 529 2006 577 et
2040 537 2173 578 voce
2204 539 2318 578 ma-
2349 529 2390 586 Α
2421 524 2498 588 ζῶ

2234 539 2318 578 na-
2349 529 2390 586 Α
2421 524 2532 588 ζῶν
2583 523 2732 593 αὑτῷ
2787 521 3034 594 παρέστη
3065 537 3077 551 ·
3128 516 3237 591 ἄρα
3292 518 3678 589 προστάγματι
3727 517 3988 582 ζιυοῦντος

744 623 848 676 gna
875 607 1118 659 clamavit
1147 617 1198 660 ct
1224 611 1432 662 vocavit
1464 608 1749 676 Lazarum,
1791 619 1844 664 et
1872 614 1949 667 sic
1975 629 2097 667 eum
2132 613 2198 666 ad
2231 615 2311 667 lu-

743 714 863 752 cem
893 699 1143 764 reddidit,
1184 711 1240 753 ut
1269 702 1502 770 propriis
1533 705 1728 767 oculis.
1762 705 2016 761 viderunt
2052 706 2197 760 enim
2229 696 2312 762 tu-

747 789 952 840 muluni
999 790 1298 852 a'lstanfes,
1334 789 1974 862 propriaperceptione,
2024 807 2312 851 senserunt

745 881 942 934 mortui
973 883 1256 945 fictorem,
1295 899 1416 935 nam
1447 886 1860 953 quatriduamus
1895 897 2042 954 erat,
2090 872 2324 958 proprio

746 981 916 1036 tactu,
953 973 1068 1027 Suis
1099 973 1242 1027 enim
1280 976 1532 1030 manibus
1575 979 1751 1046 primo
1797 980 2027 1047 lapidem
2081 996 2144 1034 ex
2196 964 2313 1032 mo-

743 1077 1004 1119 numento
1035 1068 1395 1130 sustulerunt,
1423 1069 1618 1122 deinde
1646 1071 1858 1124 vincula
1885 1071 2081 1140 quibus
2112 1087 2310 1140 corpus

745 1157 1038 1224 ligabatur,
1075 1169 1129 1214 et
1160 1159 1462 1214 sudarium.
1501 1176 1608 1230 quo
1635 1163 1911 1215 velabatur
1944 1162 2108 1218 facies
2144 1165 2312 1217 Solve-

747 1262 893 1313 runt,
916 1261 966 1303 et
992 1252 1225 1321 propriis
1253 1252 1500 1318 auribus,
1527 1254 1737 1307 Domini
1766 1255 1909 1307 enim
1939 1271 2038 1308 vox
2064 1257 2307 1310 omnium

746 1342 970 1396 auribus
1006 1347 1340 1413 personavit,
1380 1360 1568 1399 omnes
1613 1345 1980 1415 intelligerent
2017 1357 2068 1401 et
2113 1349 2306 1402 crede-

743 1444 863 1487 rent
913 1437 1178 1505 quoniam
1232 1437 1349 1506 ipse
1419 1448 1499 1490 est
1544 1453 1745 1493 vocans
1794 1455 1854 1492 ea
1884 1455 2003 1508 qua:
2033 1456 2137 1493 non
2185 1449 2310 1494 sunt

744 1536 998 1595 tanquam
1027 1543 1090 1582 ea
1122 1544 1242 1598 qua:
1280 1538 1406 1583 sunt
1440 1530 1481 1592 ',
1517 1541 1744 1598 portans
1787 1532 1966 1584 omnia
2001 1533 2163 1585 verbo
2201 1533 2310 1586 vir-

744 1618 873 1671 tutis
903 1635 1014 1674 sua:
1045 1629 1098 1675 et
1127 1621 1310 1675 omnia
1346 1623 1398 1676 in
1445 1622 1713 1691 principio
1745 1622 1861 1676 solo
1893 1623 2057 1678 verbo
2098 1624 2150 1676 in
2194 1640 2316 1679 esse

745 1709 1041 1766 adducens.

2421 615 2596 679 τοῦτο,
2629 616 2660 685 ἢ
2685 615 2752 668 δι’
2779 616 2944 682 εὐχῆς
2969 611 3358 676 ζωοποιοῦντος
3387 629 3400 676 ;
3443 609 3720 678 Ἐφὼνησε
3751 609 3806 661 δὲ
3838 612 3985 678 φωνῇ

2424 705 2659 777 μεγάλῃ,
2696 708 2791 759 καὶ
2833 701 2992 757 τοῦτο
3028 703 3115 756 διᾶ
3144 703 3272 765 τοὺς
3309 701 3686 764 περιεστῶτας
3715 715 3728 729 ⁸
3765 699 3990 752 ἐδύνατο

2376 797 2528 864 ,γὰρ
2583 796 3080 878 μὴμετρίᾳιφωνῇ
3114 794 3295 861 μόνον,
3349 790 3486 874 ἀλλὰ
3543 789 3639 841 καὶ
3689 787 3990 857 βουλήματι

2425 889 2568 958 μόνῳ
2596 887 2786 940 τοῦτον
2811 871 3134 954 ἀναστῆσαι,
3162 884 3351 960 ῶσπερ
3382 871 3475 934 καὶ
3507 881 3726 952 μακράν
3745 880 3987 947 ἀπέχων,

2421 980 2511 1031 καὶ
2568 978 2661 1031 τοῦ
2717 978 2865 1031 λίθου
2901 979 3291 1044 ἐπικειμένου·
3346 974 3480 1028 ἀλλὰ
3529 971 3624 1024 καλ.
3681 970 3882 1035 ἐπέστη
3913 968 3990 1033 τῷ

2415 1072 2592 1140 τάφῳ,
2643 1073 2736 1122 καὶ
2771 1067 2888 1122 εἶπε
2943 1072 3054 1130 τοῖς
3105 1068 3459 1136 περιεστῶσι,
3492 1065 3587 1116 καὶ
3643 1059 3786 1132 ἦραν
3835 1061 3989 1112 αὑτηὶ

2416 1162 2510 1214 τλν
2533 1162 2681 1214 λίθον
2721 1163 2816 1213 καὶ
2860 1161 3084 1230 ᾔσθοντο
3113 1159 3213 1226 τῆς
3259 1158 3543 1219 δυσωδίας,
3575 1156 3671 1208 καὶ
3703 1155 3853 1222 φωνῇ
3892 1168 3989 1220 με-

2416 1255 2556 1326 γάλῃ
2613 1254 2859 1320 ὲφώνησε
2911 1255 3004 1306 καὶ
3047 1253 3296 1313 ἐκάλεσε,
3330 1252 3424 1303 καὶ
3472 1249 3643 1308 οὑτως
3689 1247 3986 1313 ἀνέστησεν

2415 1350 2598 1413 αὑτὸν,
2629 1349 2715 1402 ἵνα
2745 1349 2838 1400 καὶ
2867 1347 2952 1400 διὰ
2987 1347 3088 1416 τῆς
3122 1345 3330 1408 οίκείας
3380 1344 3623 1410 ὁράσεως
3649 1355 3664 1370 ·
3693 1338 3846 1391 αὐτοὶ
3876 1337 3985 1402 γάρ

2419 1441 2605 1510 ἑώρων
2639 1440 2985 1510 ἐφισταμένῳ
3035 1439 3111 1508 τῷ
3137 1440 3294 1506 τάφῳ
3319 1453 3333 1467 ·
3385 1439 3479 1488 καὶ
3511 1435 3597 1487 διὰ
3644 1434 3737 1500 τῆς
3777 1429 3985 1487 οἰκείας

2419 1535 2776 1604 ὀσφρήσεωςο
2830 1533 2983 1586 αὑτοὶ
3033 1533 3139 1601 γὰρ
3179 1532 3408 1602 ᾔσθοντο
3440 1529 3540 1594 τῆς
3590 1525 3854 1584 δυσωδίας
3894 1519 3987 1572 τοῦ

2422 1623 2641 1693 νεκροῦ.
2692 1626 3010 1693 τεταρταῖος
3059 1624 3169 1692 γὰρ
3216 1617 3320 1690 ἦν’
3369 1625 3463 1675 καὶ
3492 1619 3580 1672 διὰ
3630 1619 3726 1687 τῆς
3783 1613 3990 1668 ἑαυτῶν

2427 1715 2595 1783 ἀφῆςι
2626 1714 2694 1765 δι’
2721 1709 2787 1785 ἦς
2820 1714 2974 1766 αὐτοὶ
3003 1717 3124 1775 ταῖς
3162 1713 3390 1771 οἰκείαις
3422 1711 3761 1781 χρησάμενοι
3807 1703 3990 1775 χερσὶ,

745 1803 961 1872 πρῶτον
995 1805 1092 1871 μὲν
1125 1802 1268 1878 ἦραν
1306 1807 1396 1860 τὸν
1426 1805 1572 1859 λίθον
1594 1807 1656 1859 ἐκ
1691 1806 1784 1859 τοῦ
1830 1807 2117 1876 μνημείου,
2157 1807 2383 1878 ὕστερον
2410 1808 2467 1861 δὲ
2511 1809 2602 1861 τὸν
2676 1808 2768 1860 ἐπὶ
2832 1808 2925 1860 τοῦ
2971 1807 3222 1876 σώματος
3293 1807 3492 1874 δεσμὸν
3536 1804 3628 1855 καὶ
3670 1801 3730 1853 τὸ
3774 1802 3863 1853 ἐπὶ
3922 1802 3987 1867 τῇ

741 1895 860 1964 Wst
901 1898 1182 1967 σουδάριον
1231 1898 1460 1952 ἔλυσαν·
1496 1900 1588 1951 καὶ
1658 1899 1745 1952 διὰ
1808 1901 1916 1953 τῶν
1963 1900 2179 1953 οἰκείων
2222 1901 2376 1953 ὢτων
2415 1902 2516 1965 τῆς
2541 1902 2634 1955 τοῦ
2665 1903 2873 1974 Κυρίου
2906 1902 3086 1970 φωνῆς
3122 1902 3216 1952 ἐπὶ
3251 1901 3348 1964 τὰς
3384 1901 3604 1952 πάντων
3647 1899 3816 1956 ἀκοὰς
3849 1895 3992 1963 φθα⁹

741 1990 959 2057 νούσης,
1000 1990 1197 2044 συνῶσι
1226 1991 1428 2053 πάντες
1462 1993 1552 2044 καὶ
1586 1991 1971 2058 πιστεύσωσιν,
2004 1994 2084 2046 ὅτι
2129 1993 2293 2056 αὑτός
2325 1995 2472 2046 ἐστιν
2509 1996 2535 2047 ό
2569 1996 2750 2048 καλῶν
2780 1997 2849 2048 τὰ
2902 2000 2974 2065 μὴ
3017 1995 3142 2047 ὅντα
3171 1993 3246 2056 ὡς
3279 1994 3428 2057 ὅντα,
3471 1996 3496 2046 6
3557 1997 3740 2062 φέρων
3805 1992 3988 2046 πάντα

739 2087 816 2150 τῷ
849 2087 1053 2154 ῥήματι
1080 2084 1176 2152 τῆς
1223 2084 1506 2152 δυνάμεως
1558 2084 1743 2147 αὑτοῦ,
1783 2087 1808 2136 6
1858 2086 1951 2136 καὶ
1997 2087 2173 2138 πάντα
2208 2086 2307 2152 τὴν
2342 2087 2517 2156 ἀρχὴν
2553 2089 2756 2156 ῥήματι
2790 2089 2934 2156 μόνῳ
2968 2090 3028 2139 ἐκ
3064 2086 3137 2155 μὴ
3182 2085 3348 2137 ὄντων
3380 2085 3449 2137 τὰ
3474 2085 3602 2136 δντα
3655 2085 3907 2152 ποιήσας.

813 2175 1052 2242 Populus
1081 2191 1210 2244 ergo
1236 2176 1466 2244 simplex
1503 2188 1721 2245 pr0ptcr
1760 2177 1886 2230 talia
1918 2177 1997 2231 sic
2041 2179 2106 2230 ei'
2132 2179 2307 2231 credi-
2342 2185 2381 2237 Β

739 2267 818 2320 dit
846 2276 902 2321 ut
932 2283 1038 2320 non
1065 2268 1240 2322 solum
1272 2268 1439 2320 silens
1464 2268 1713 2321 habuerit
1738 2268 1920 2332 fidenti,
1943 2269 2035 2324 sed
2065 2279 2114 2323 et
2143 2285 2317 2339 pra-co

739 2359 915 2412 iactus
944 2359 1013 2410 sit
1041 2373 1206 2431 Opere
1254 2367 1306 2411 et
1357 2357 1538 2426 lingua
1588 2357 1708 2426 ejus
1742 2358 2064 2412 divinitatis.
2102 2358 2313 2410 Etenim

737 2448 945 2504 Lazaro
1002 2467 1030 2500 ιι
1088 2464 1281 2504 somno
1338 2449 1704 2517 quatritluano
1754 2451 2011 2513 excitato,
2052 2449 2318 2504 Dominus

739 2551 935 2595 nactus
991 2542 1204 2594 asinum
1252 2557 1413 2609 quem
1475 2552 1797 2608 paraverant
1843 2543 2120 2611 discipuli,
2171 2542 2318 2595 sicut

738 2632 1070 2701 evangelista
1097 2631 1381 2684 Matthqu
1404 2641 1588 2682 narrat
1614 2630 1657 2695 ⁸,
1683 2632 1733 2683 in
1767 2630 1884 2699 ipso
1908 2635 2104 2686 sedens
2131 2630 2320 2684 Hiero-

743 2723 950 2793 solyma
998 2722 1318 2790 ingreditur,
1351 2733 1513 2789 prout
1561 2721 1979 2789 prophetavcrat
2027 2721 2321 2776 Zacharias

743 2815 931 2869 dicens
959 2832 970 2866 :
1009 2831 1027 2864 ι
1071 2812 1187 2867 Noli
1221 2814 1438 2876 timere,
1467 2813 1571 2866 ﬁlia
1606 2813 1759 2880 Sion,
1793 2829 1921 2867 cccc
1953 2830 2043 2868 rex
2074 2823 2201 2866 tuus
2236 2830 2322 2868 ve-

745 2907 824 2960 nit
865 2905 959 2958 tibi
1005 2907 1183 2975 justus
1220 2917 1272 2958 et
1313 2904 1600 2969 Salvator;
1638 2905 1752 2972 ipse
1788 2917 2109 2961 mansuetus
2151 2915 2205 2959 et
2241 2919 2322 2960 se—

741 2999 876 3052 dens
907 3012 1072 3065 super
1101 2994 1438 3065 sulijugalem
1473 3009 1523 3049 et
1553 2995 1760 3065 pullum
1801 2996 1966 3050 asina:
1998 2997 2070 3051 ⁷.»
2111 2997 2321 3062 Quibus

745 3087 923 3141 verbis
974 3086 1211 3139 ostendit
1247 3085 1507 3154 propheta
1540 3087 1684 3154 quod
1740 3087 2030 3156 pnedictus
2072 3098 2186 3142 erat
2227 3104 2316 3142 rex

744 3179 861 3246 ipse
895 3177 985 3247 qui
1021 3178 1171 3232 solus
1199 3178 1312 3230 liex
1348 3177 1478 3230 Sion
1505 3178 1627 3248 jure
1654 3180 1978 3247 appellatur.
2017 3180 2105 3232 Ait
2136 3180 2317 3233 enim:

744 3255 856 3326 Rex
895 3283 1018 3325 tuus
1050 3286 1152 3325 non
1186 3279 1270 3324 est
1300 3285 1364 3324 ex
1389 3271 1693 3339 conspectis
1723 3271 2065 3335 metuendus,
2094 3287 2192 3326 nec
2221 3287 2320 3325 au-

744 3376 946 3428 stetus,
982 3379 1080 3418 nec
1111 3361 1376 3428 nefarius,
1413 3365 1675 3418 satellites
1699 3366 2057 3432 stipatoresve
2084 3379 2188 3417 non
2221 3365 2319 3417 ha-

741 3455 853 3518 bet,
887 3470 984 3509 nec
1018 3455 1259 3524 peditum
1306 3455 1382 3508 \el
1413 3455 1655 3523 equitum
1691 3457 1900 3507 turbam
1944 3456 2184 3516 adducit.
2218 3471 2316 3508 nec

2492 2176 2552 2232 Ὀ
2594 2181 2695 2247 μὲν
2723 2177 2815 2234 οῦν
2855 2181 3060 2240 ἄκακος
3115 2179 3237 2241 λαὸς
3281 2178 3423 2232 οὓτω
3467 2179 3554 2230 διὰ
3616 2178 3834 2230 πάντων
3869 2176 3990 2229 επί-

2423 2289 2652 2324 στευσαν
2688 2273 2858 2342 αὑτῷ,
2890 2275 2964 2335 ὡς
2994 2274 3067 2343 μὴ
3107 2273 3265 2343 μόνον
3311 2273 3436 2340 σιγῇ
3481 2271 3576 2339 τὴν
3607 2271 3793 2322 πίστιν
3825 2270 3988 2338 ἔχειν,

2421 2363 2558 2414 άλλά
2603 2364 2696 2416 καὶ
2725 2365 2964 2432 κήρυκες
2994 2363 3247 2432 γενέσθαι
3280 2363 3344 2414 δι’
3377 2364 3555 2429 ἔργων
3588 2379 3644 2412 τε
3697 2363 3784 2411 καὶ
3817 2361 3988 2420 λόγων

2420 2454 2518 2522 τῆς
2573 2454 2735 2507 αὑτοῦ
2773 2455 3043 2524 θεότητος.
3097 2456 3249 2508 Μετὰ
3302 2457 3409 2524 γὰρ
3459 2456 3558 2522 τὴν
3595 2452 3686 2504 τοῦ
3736 2452 3987 2518 Λαζάρου

2420 2547 2792 2616 τετραήμερον
2843 2546 3084 2615 ἔγερσιν,
3137 2547 3354 2615 ὀνάριον
3411 2544 3587 2613 εὑρὼν
3622 2545 3648 2595 6
3705 2543 3924 2610 Κύριος,
3962 2543 3989 2594 3

2422 2636 2860 2704 προητοίμασται
2914 2637 3065 2706 παρὰ
3099 2636 3205 2689 τῶν
3240 2636 3518 2705 μαθητῶν,
3563 2634 3637 2694 ὡς
3675 2635 3700 2685 6
3754 2634 3987 2699 εὑαγγς·

2420 2726 2608 2795 λιστὴς
2641 2728 2920 2790 λίατθαίός
2954 2745 3140 2796 φησιν,
3174 2729 3259 2780 ἐπ’
3292 2725 3456 2779 αὑτοῦ
3488 2725 3741 2786 καθίσας,
3774 2725 3838 2776 τὰ
3889 2724 3987 2775 Ἰεο

2423 2818 2696 2889 ροσόλυμα
2728 2819 2839 2888 80
2878 2820 3050 2890 εἰσῄει
3095 2820 3232 2871 κατὰ
3270 2825 3368 2889 τὴν
3420 2823 3754 2886 προφητείαν
3806 2817 3986 2882 Ζαχα-

2426 2910 2564 2977 ρίου.
2626 2912 3052 2980 προειρηκότοςο
3094 2933 3109 2962 ι
3152 2915 3241 2982 Μὴ
3297 2913 3485 2979 φοϐοῦ,
3523 2912 3762 2978 θύγατερ
3821 2907 3979 2968 Σιὼν,

2426 3001 2532 3071 ἰδοὺ
2568 3002 2595 3053 6
2633 3001 2884 3071 βασιλεύς
2917 3019 3010 3053 σου
3045 3002 3266 3071 ἔρχεταί
3301 3021 3383 3055 σοι
3410 3002 3619 3063 δίκαιος
3646 3000 3739 3052 καλ⁵
3777 3000 3984 3061 σώζω

2422 3067 2582 3151 αὑίτδς
2613 3067 2783 3160 πρᾶος
2823 3093 2915 3142 καὶ
2945 3067 3291 3161 ἐπιϐεϐηκὼς
3317 3093 3407 3144 ἐπὶ
3431 3091 3723 3156 ὑποζύγιον
3759 3090 3848 3141 καὶ
3878 3089 3990 3137 πῶ-

2422 3183 2511 3234 λον
2560 3182 2707 3236 6νου.
2756 3202 2773 3233 ι
2831 3184 3071 3235 Ἐδείκνυ
3108 3184 3162 3236 δὲ
3196 3184 3284 3236 διὰ
3330 3183 3438 3234 τῶν
3494 3184 3666 3249 λόγων
3711 3180 3915 3233 τούτων
3961 3181 3989 3230 ὁ

2424 3275 2730 3344 προφήτης,
2767 3275 2847 3327 ὅτι
2899 3276 2926 3325 6
2971 3276 3454 3343 προφητευόμενος
3501 3267 3650 3334 οὗτος
3709 3272 3979 3341 βασιλεὺς,

2421 3365 2476 3428 ὃς
2507 3367 2601 3418 καὶ
2631 3364 2789 3433 μόνος
2819 3366 2988 3426 ὄντως
3017 3367 3113 3432 τῆς
3149 3364 3286 3417 Σιὼν
3326 3366 3561 3434 ὑπάρχει
3593 3361 3844 3433 βασιλεύς
3867 3379 3880 3392 ·
3923 3361 3982 3414 Ὀ

2425 3458 2676 3526 βασιλεύς
2724 3473 2816 3509 σου
2875 3458 3006 3526 γὰρ,
3047 3457 3232 3526 φησὶν,
3282 3458 3383 3509 οὑκ
3437 3456 3549 3509 ἔστι
3601 3454 3826 3522 φοϐερὸς
3876 3452 3984 3504 ἀπὸ

744 3559 906 3598 avare
961 3545 1125 3613 degit,
1169 3559 1264 3596 nec
1306 3545 1508 3595 tributa
1542 3554 1633 3596 aut
1669 3545 1948 3612 vectigalia
1993 3546 2156 3610 exigit
2207 3560 2306 3598 nec
2335 3531 2377 3589 C
2417 3549 2496 3600 τῶ

2229 3560 2306 3598 Icc
2335 3531 2377 3589 (ἶ
2417 3549 2529 3600 τῶν
2558 3548 2872 3618 ὁρωμένων,
2907 3547 3024 3599 οὐδὲ
3057 3545 3227 3616 βαρύς
3257 3562 3340 3608 τις
3372 3546 3462 3597 καὶ
3494 3543 3809 3602 κακοποιὸς,
3843 3541 3983 3592 ὑπαο

745 3638 1037 3692 scrvitutcs
1098 3645 1188 3688 aut
1242 3634 1410 3687 otiii-ia
1467 3651 1570 3690 uou
1634 3637 1812 3689 minus
1846 3637 1970 3688 vilia
2009 3653 2170 3702 quam
2221 3654 2316 3690 no-

747 3729 855 3782 xia.
877 3725 979 3780 Sed
1015 3728 1132 3795 ejus
1165 3727 1392 3796 insignia
1426 3727 1725 3790 humilitas,
1759 3738 2041 3795 paupertas
2067 3737 2116 3779 ct
2145 3729 2317 3796 parci-

745 3819 969 3882 monia;
1055 3817 1208 3872 asino
1292 3818 1534 3872 insidens
1604 3818 1946 3887 ingreditur,
2035 3820 2315 3872 hminum

743 3923 875 3962 vero
905 3906 1161 3960 comitatu
1194 3906 1360 3958 utitur
1387 3905 1556 3960 nullo.
1582 3904 1706 3958 Ideo
1725 3905 1906 3974 justus
1929 3906 2076 3960 solus
2103 3907 2203 3958 iste
2227 3922 2314 3958 rex

744 3999 1032 4054 etSalvans
1060 3998 1110 4050 in
1134 3997 1411 4065 aaquitate,
1437 4005 1490 4048 et
1520 3997 1634 4065 ipse
1668 4006 2018 4050 mansuetus:
2043 3999 2313 4065 propriam

743 4089 890 4144 enim
935 4089 1097 4142 habet
1142 4087 1640 4140 mansuetudinem.
1675 4083 1828 4139 Unde
1862 4096 1915 4140 et
1957 4086 2216 4140 Dominus
2251 4090 2316 4142 de

745 4182 928 4250 seipso
960 4179 1098 4234 dixit
1132 4196 1145 4232 :
1183 4197 1201 4228 ι
1241 4177 1442 4232 Discite
1471 4192 1500 4229 a
1527 4192 1611 4231 me
1640 4179 1764 4246 quia
1800 4177 1946 4230 mitis
1981 4193 2102 4232 sum
2139 4190 2188 4231 et
2219 4178 2317 4230 hu-

747 4273 890 4327 milis
924 4271 1088 4326 corde
1113 4270 1155 4323 ⁸.
1195 4289 1212 4321 ι
1240 4271 1334 4324 Ille
1365 4285 1492 4339 ergo
1517 4269 1609 4337 qui
1655 4269 1919 4323 Lazarum
1958 4271 2312 4324 resuscitzivc-

744 4371 849 4424 rat.
879 4377 967 4415 rex
1001 4376 1163 4430 super
1189 4361 1400 4414 asinum
1445 4359 1665 4421 sedens,
1702 4360 1781 4414 sic
1819 4357 2192 4431 Hierosolyma
2227 4361 2315 4414 in-

744 4453 1009 4524 greditur,
1052 4467 1243 4506 omnes
1290 4461 1470 4503 autem
1515 4451 1704 4513 turbas,
1747 4450 1859 4505 fere
1914 4467 2104 4507 omnes
2140 4454 2313 4522 pueri,

742 4545 870 4608 viri,
903 4544 1165 4606 seniores,
1198 4541 1480 4610 prostratis
1510 4541 1853 4594 vestimentis
1886 4551 1938 4594 et
1969 4543 2201 4611 acceptis
2231 4557 2316 4594 ra-

743 4639 850 4692 mis
870 4636 1170 4705 palmarqu
1203 4649 1324 4702 qua:
1348 4641 1476 4688 sunt
1509 4634 1748 4688 victoria:
1782 4634 2019 4702 signum,
2057 4643 2312 4703 tanquam

743 4730 868 4782 vita:
900 4725 1112 4780 auctori
1159 4725 1459 4793 mortisque
1502 4725 1692 4778 victori
1718 4734 2099 4790 occurrerunt,
2151 4742 2312 4794 quem

746 4819 1117 4874 adorabantet
1136 4818 1467 4871 deducebant
1489 4833 1592 4872 nou
1615 4829 1764 4871 extra
1785 4827 2014 4883 tantum,
2034 4819 2126 4873 sed
2151 4821 2310 4872 etiam
2345 4857 2389 4912 ο

2355 4909 2376 4970 Ϊ
2418 4914 2622 4977 παῖδες,
2652 4913 2863 4981 ἄνδρες,
2901 4910 3223 4980 πρεσϐῦται,
3251 4909 3315 4960 τά
3342 4925 3399 4960 τε
3441 4909 3627 4976 ίμάτια
3666 4909 3976 4973 ὑποστρων-

747 4913 889 4965 intra
940 4919 1252 4962 sanctorum
1307 4909 1504 4962 Inceuia
1556 4925 1659 4962 una
1715 4925 1846 4963 voce
1898 4905 2247 4985 concinentes
2291 4930 2303 4963 :

754 5025 771 5056 ι
799 4987 1052 5059 llosanna
1089 5002 1200 5056 lilio
1237 5000 1434 5055 David!
1494 4988 1744 5056 llosanna
1780 5005 1830 5055 iu
1866 4987 2092 5056 excelsis
2117 5001 2306 5056 lilloc
2332 4996 2354 5032 ·’

745 5096 964 5166 quidem
998 5095 1240 5148 hosanna
1276 5094 1504 5164 hymnus
1539 5103 1622 5147 est
1647 5093 1710 5146 ad
1744 5094 1906 5148 Deum
1942 5095 2177 5159 missus;
2228 5095 2306 5147 iu-

749 5194 1100 5256 tcrprctatum
1133 5185 1274 5238 enim
1310 5185 1447 5238 idem
1481 5195 1738 5239 sonat/ac
1782 5185 1967 5238 «Salva
2000 5185 2243 5239 Domine.
2285 5205 2302 5236 ι

748 5279 883 5333 l'lnd
917 5287 1093 5331 autem
1114 5278 1255 5346 quod
1285 5278 1533 5333 additur:
1563 5279 1615 5330 in
1645 5278 1889 5341 excelsis,
1928 5279 2165 5332 ostendit
2185 5295 2306 5333 eum

753 5385 862 5422 non
910 5369 962 5421 in
1005 5369 1165 5420 terris
1199 5377 1403 5422 tantum
1435 5383 1534 5421 nec
1565 5369 1725 5420 modo
1756 5369 1822 5420 ab
1855 5369 2184 5430 hominibus.
2219 5369 2309 5422 sed

750 5459 881 5513 etin
913 5460 1140 5514 excelsis
1188 5461 1255 5514 ab
1302 5460 1609 5527 angelorum
1648 5461 1826 5514 cooris
1874 5462 2155 5514 celebrari.
2204 5460 2313 5514 Nec

751 5559 957 5602 tantum
994 5551 1139 5604 illum
1173 5553 1250 5605 sic
1293 5552 1640 5604 concinentes
1677 5552 1839 5606 Deum
1874 5554 2185 5621 praedicant,
2212 5555 2303 5607 sed

748 5639 912 5694 etiam
948 5644 1127 5710 pravis
1172 5643 1412 5698 consiliis
1459 5652 1512 5696 et
1561 5653 1744 5696 contra
1805 5644 1966 5698 Deum
2019 5645 2308 5714 propositis

823 5815 842 5846 '
899 5831 1029 5870 nom
1082 5831 1152 5875 iv.
1187 5815 1265 5870 Π.
1349 5817 1367 5847 ⁸
1401 5816 1588 5872 Matth.
1624 5817 1777 5878 “nl
1817 5830 1969 5881 scuq.

2046 5819 2064 5848 ⁷
2095 5816 2320 5872 Zaclnr.
2353 5831 2424 5878 ιι,
2458 5819 2507 5870 9.

2421 3641 2649 3701 σπιστὰς
2682 3640 2775 3690 καὶ
2818 3638 3149 3706 δορυφόρους
3190 3635 3548 3705 ἐπαγόμενος,
3579 3634 3610 3702 ἢ
3647 3631 3830 3693 πεζῶν
3878 3629 3978 3682 καὶ

2422 3730 2666 3783 ἱπποτῶν
2695 3729 3088 3796 ἐπισυρόμενος
3119 3726 3346 3795 πλῆθος,
3376 3724 3661 3793 πλεονεξίᾳ
3685 3740 3743 3774 τε
3779 3723 3979 3785 συζῶν,

2421 3826 2516 3876 καὶ
2566 3823 2694 3891 τέλη
2732 3824 2826 3874 καὶ
2880 3821 3079 3890 φόρους
3131 3817 3400 3879 ἀπαιτῶν,
3444 3817 3537 3869 καὶ
3589 3814 3830 3874 δουλείας
3889 3813 3986 3863 καὶ

2419 3915 2728 3984 ὑπηρεσίας
2761 3914 2977 3981 ἀγενεῖς
3009 3930 3065 3964 τε
3101 3913 3198 3965 καὶ
3222 3909 3535 3971 ὲπιϐλαϐεἶς
3561 3925 3574 3939 ο
3603 3906 3740 3961 ἀλλὰ
3768 3906 3829 3958 τὸ
3860 3906 3982 3958 ἐπί-

2422 4020 2596 4072 σημον
2631 4004 2798 4056 αὑτοῦ
2828 4002 3158 4066 ταπείνωσίς
3187 4003 3325 4065 ἐστι,
3363 4001 3458 4053 καὶ
3500 3997 3738 4067 πτωχεία
3772 3997 3864 4049 καὶ
3895 3995 3984 4047 εὑ-

2417 4097 2638 4147 τέὶεια·
2672 4094 2778 4163 δνῳ
2826 4095 2934 4164 γὰρ
2981 4093 3344 4161 ἐποχούμενος
3397 4089 3590 4158 εἰσῄει,
3641 4087 3982 4156 ἀνθρώπινον

2418 4183 2582 4249 ϐγκον
2633 4185 2971 4251 ἑπαγόμενος
2997 4182 3205 4234 οὑδένα.
3243 4180 3339 4231 Διὰ
3385 4177 3542 4230 τοῦτο
3571 4177 3777 4235 δίκαιος
3823 4175 3890 4242 μό
3925 4191 3978 4236 ος

2417 4269 2574 4334 οὗτος
2606 4273 2876 4342 βασιλεὺς,
2928 4272 3022 4325 καὶ
3057 4269 3245 4333 σώζων
3275 4271 3331 4321 ὲν
3377 4265 3711 4334 δικαιοσύνῃ,
3764 4264 3856 4315 καὶ
3885 4264 3980 4314 αὑ-

2418 4366 2507 4428 τὸς
2537 4367 2710 4435 πρᾶος
2757 4365 2830 4429 ὡς
2872 4364 3174 4433 ίδιαιτάτην
3221 4362 3360 4430 ἔχων
3406 4358 3502 4428 τὴν
3533 4358 3848 4427 πραότητα·
3887 4356 3979 4405 καὶ

2419 4459 2526 4528 γὰρ
2558 4460 2651 4512 καὶ
2680 4458 2840 4520 αὑτὸς
2879 4459 2904 4509 6
2943 4457 3142 4524 Κύριος
3193 4455 3320 4521 περὶ
3350 4449 3542 4503 ἑαυτοῦ
3587 4465 3718 4517 φησι
3743 4463 3756 4476 ⁸
3796 4465 3816 4498 ι
3863 4449 3979 4498 Μα-

2419 4549 2539 4602 θετε
2573 4550 2668 4602 ἀπ’
2727 4546 2884 4617 ἐμοῦ,
2935 4547 3015 4598 ὅτι
3078 4544 3250 4612 πρᾶός
3305 4545 3418 4610 εἰμι
3471 4538 3564 4591 καὶ
3623 4537 3871 4592 ταπεινδς
3910 4539 3972 4604 τῇ

2420 4640 2635 4710 καρδίᾳ.
2672 4657 2691 4690 ι
2740 4639 2799 4691 '0
2829 4638 2926 4706 μὲν
2957 4635 3048 4688 οὑν
3076 4637 3166 4688 τὸν
3216 4633 3465 4700 Λάζαρον
3497 4631 3560 4680 ἐκ
3591 4627 3796 4694 νεκρῶν
3847 4630 3976 4678 ἀνα-

2420 4735 2620 4802 στήσας
2645 4729 2894 4800 βασιλεὺς
2917 4731 3020 4798 ὄνῳ
3043 4725 3443 4794 ὲπικαθήμενος
3468 4721 3638 4791 εἰσῄει
3675 4720 3975 4789 τηνικαῦτα.

2418 4825 2484 4875 τὰ
2539 4822 2920 4891 Ἰεροσόλυμα·
2963 4821 3011 4872 oi
3045 4819 3100 4871 δὲ
3132 4819 3248 4869 λαοὶ
3301 4817 3522 4879 πάντες,
3573 4816 3732 4876 εὐθὺς
3770 4813 3971 4882 σχεδον,

2415 5005 2622 5068 νὺντες,
2670 5005 2761 5055 καὶ
2792 5003 2917 5067 β’άῖα
2969 5001 3223 5062 λαϐόντες
3271 5001 3332 5050 ἐκ
3367 5001 3644 5067 φοινίκων,
3689 4997 3828 5066 άπερ
3862 5000 3974 5046 ἐστὶ

2418 5099 2575 5166 νίκης
2633 5095 2898 5162 σύμϐολα,
2943 5094 3030 5155 ὡς·
3070 5092 3313 5160 ξωοποιῷ
3351 5094 3441 5144 καὶ
3501 5092 3692 5158 νικητῇ
3747 5085 3972 5141 θανάτου

2417 5189 2661 5256 γεγονότι
2712 5187 3131 5256 προσυπήντων,
3169 5187 3560 5251 προσέπιπτον,
3617 5183 3970 5250 προέπεμπον

2417 5280 2579 5332 αὑτόν
2614 5296 2625 5310 ·
2653 5280 2750 5331 οὑκ
2788 5279 2942 5339 ὲκτδς
2995 5279 3176 5344 μόνον,
3212 5276 3345 5328 ἀλλὰ
3395 5277 3486 5325 καὶ
3543 5274 3689 5333 ἐντὸς
3729 5271 3832 5322 τῶν
3878 5267 3970 5320 τοῦ

2417 5372 2562 5440 ἱεροῦ
2619 5371 2923 5440 περιϐόλων
2980 5369 3282 5437 συμφώνως
3327 5369 3564 5436 ᾄδοντες,
3615 5363 3837 5416 Ὡσαννὰ
3896 5361 3972 5429 τῷ

2419 5463 2515 5533 υἱῷ
2566 5464 2748 5528 Δαϐὶδ,
2799 5463 3012 5515 ὠσαννὲ
3063 5465 3119 5512 ὲν
3168 5463 3281 5522 τοῖς
3334 5460 3592 5527 ὑψίστοις.
3629 5455 3701 5509 Τὸ
3757 5449 3972 5524 μὲνοῦν

2418 5557 2632 5607 ὡσαννᾶ
2663 5555 2827 5623 ὕμνος
2859 5557 2972 5605 ἐστὶ
3019 5555 3150 5621 πρὶς
3179 5553 3312 5604 Θεὸν
3359 5551 3812 5618 ἀναπεμπόμενος
3841 5568 3848 5573 ·
3886 5547 3970 5611 ἐρ·

2424 5645 2788 5714 μηνευόμενον
2818 5644 2946 5713 γάρ,
2992 5644 3170 5694 Σῶσον
3189 5642 3275 5711 δὴ,
3311 5639 3500 5708 Κύριε,
3533 5636 3662 5705 φησί
3691 5653 3703 5666 ο
3739 5636 3796 5686 τὸ
3833 5633 3888 5683 δε
3921 5638 3969 5682 ἓν

2587 5819 2606 5848 ⁸
2633 5815 2820 5870 Matth.
2865 5831 2937 5879 si,
2961 5813 3047 5868 ‘29.
