  <div class='ocr_page' id='page_1' title='image "/cluster/home/n/w/nwhite01/storage/ocr_20150623/151/nnc1.0022106707/106.png"; bbox 0 0 4442 6448; ppageno 0'>
   <div class='ocr_carea' id='block_1_1' title="bbox 435 343 533 407">
    <p class='ocr_par' dir='ltr' id='par_1_1' title="bbox 435 343 533 407">
     <span class='ocr_line' id='line_1_1' title="bbox 435 343 533 407; baseline 0.041 -3"><span class='ocrx_word' id='word_1_1' title='bbox 435 343 533 407; x_wconf 78' lang='grc'><strong>193</strong></span> 
     </span>
    </p>
   </div>
   <div class='ocr_carea' id='block_1_2' title="bbox 1805 341 2316 420">
    <p class='ocr_par' dir='ltr' id='par_1_2' title="bbox 1805 341 2316 420">
     <span class='ocr_line' id='line_1_2' title="bbox 1805 341 2316 420; baseline 0.018 -19"><span class='ocrx_word' id='word_1_2' title='bbox 1805 341 2132 403; x_wconf 61' lang='grc' dir='ltr'>ΗΟλῙίΗλ</span> <span class='ocrx_word' id='word_1_3' title='bbox 2176 349 2316 420; x_wconf 59' lang='lat' dir='ltr'><strong>XVI.</strong></span> 
     </span>
    </p>
   </div>
   <div class='ocr_carea' id='block_1_3' title="bbox 3576 358 3685 428">
    <p class='ocr_par' dir='ltr' id='par_1_3' title="bbox 3576 358 3685 428">
     <span class='ocr_line' id='line_1_3' title="bbox 3576 358 3685 428; baseline 0.064 -6"><span class='ocrx_word' id='word_1_4' title='bbox 3576 358 3685 428; x_wconf 66' lang='lat'><strong>194</strong></span> 
     </span>
    </p>
   </div>
   <div class='ocr_carea' id='block_1_4' title="bbox 433 452 2187 532">
    <p class='ocr_par' dir='ltr' id='par_1_4' title="bbox 433 452 2181 528">
     <span class='ocr_line' id='line_1_4' title="bbox 433 452 2181 528; baseline -0.003 -18"><span class='ocrx_word' id='word_1_5' title='bbox 433 457 528 512; x_wconf 81' lang='grc' dir='ltr'><strong>καὶ</strong></span> <span class='ocrx_word' id='word_1_6' title='bbox 562 457 827 528; x_wconf 75' lang='grc' dir='ltr'>ῥυπαροῖς</span> <span class='ocrx_word' id='word_1_7' title='bbox 885 455 1165 524; x_wconf 80' lang='grc' dir='ltr'>λογισμοῖς</span> <span class='ocrx_word' id='word_1_8' title='bbox 1226 454 1325 524; x_wconf 84' lang='grc' dir='ltr'><strong>τῆς</strong></span> <span class='ocrx_word' id='word_1_9' title='bbox 1374 454 1437 506; x_wconf 80' lang='grc' dir='ltr'>ὲκ</span> <span class='ocrx_word' id='word_1_10' title='bbox 1492 454 1591 522; x_wconf 80' lang='grc' dir='ltr'><strong>τῆς</strong></span> <span class='ocrx_word' id='word_1_11' title='bbox 1643 452 2013 521; x_wconf 82' lang='grc' dir='ltr'>παραϐάσεως</span> <span class='ocrx_word' id='word_1_12' title='bbox 2048 456 2088 512; x_wconf 79' lang='grc' dir='ltr'><strong>Α</strong></span> <span class='ocrx_word' id='word_1_13' title='bbox 2120 457 2181 509; x_wconf 60' lang='lat' dir='ltr'><strong>si.</strong></span> 
     </span>
    </p>
   </div>
   <div class='ocr_carea' id='block_1_5' title="bbox 1931 452 3685 532">
    <p class='ocr_par' dir='ltr' id='par_1_5' title="bbox 1931 456 3685 532">
     <span class='ocr_line' id='line_1_5' title="bbox 1931 456 3685 532; baseline 0.016 -29"><span class='ocrx_word' id='word_1_14' title='bbox 1931 468 2013 513; x_wconf 84' lang='grc' dir='ltr'><strong>;ως</strong></span> <span class='ocrx_word' id='word_1_15' title='bbox 2048 456 2088 512; x_wconf 79' lang='grc' dir='ltr'><strong>Α</strong></span> <span class='ocrx_word' id='word_1_16' title='bbox 2120 457 2274 510; x_wconf 77' lang='lat' dir='ltr'><strong>sione</strong></span> <span class='ocrx_word' id='word_1_17' title='bbox 2305 480 2335 529; x_wconf 85' lang='lat' dir='ltr'><strong>p</strong></span> <span class='ocrx_word' id='word_1_18' title='bbox 2361 463 2519 514; x_wconf 51' lang='lat' dir='ltr'><strong>illunc</strong></span> <span class='ocrx_word' id='word_1_19' title='bbox 2550 482 2561 526; x_wconf 88' lang='lat'><strong>;</strong></span> <span class='ocrx_word' id='word_1_20' title='bbox 2590 476 2645 519; x_wconf 83' lang='grc' dir='ltr'><strong>ιιι</strong></span> <span class='ocrx_word' id='word_1_21' title='bbox 2672 477 2811 519; x_wconf 56' lang='lat' dir='ltr'><strong>esxz-t</strong></span> <span class='ocrx_word' id='word_1_22' title='bbox 2844 471 3146 526; x_wconf 83' lang='lat' dir='ltr'><strong>secundum</strong></span> <span class='ocrx_word' id='word_1_23' title='bbox 3173 480 3339 527; x_wconf 84' lang='lat' dir='ltr'><strong>totam</strong></span> <span class='ocrx_word' id='word_1_24' title='bbox 3380 474 3488 529; x_wconf 86' lang='lat' dir='ltr'><strong>vim</strong></span> <span class='ocrx_word' id='word_1_25' title='bbox 3532 482 3685 532; x_wconf 79' lang='lat' dir='ltr'><strong>vocis</strong></span> 
     </span>
    </p>
   </div>
   <div class='ocr_carea' id='block_1_6' title="bbox 436 538 2009 619">
    <p class='ocr_par' dir='ltr' id='par_1_6' title="bbox 436 538 2009 619">
     <span class='ocr_line' id='line_1_6' title="bbox 436 538 2009 619; baseline -0.004 -19"><span class='ocrx_word' id='word_1_26' title='bbox 436 547 818 619; x_wconf 68' lang='grc' dir='ltr'><strong>μεμιασμένης</strong></span> <span class='ocrx_word' id='word_1_27' title='bbox 875 545 1093 615; x_wconf 78' lang='grc' dir='ltr'>φύσεως</span> <span class='ocrx_word' id='word_1_28' title='bbox 1116 562 1130 576; x_wconf 89' lang='grc'><strong>·</strong></span> <span class='ocrx_word' id='word_1_29' title='bbox 1164 544 1239 605; x_wconf 85' lang='grc' dir='ltr'>ὡς</span> <span class='ocrx_word' id='word_1_30' title='bbox 1274 544 1339 597; x_wconf 84' lang='grc' dir='ltr'>ἂν</span> <span class='ocrx_word' id='word_1_31' title='bbox 1386 538 1420 616; x_wconf 78' lang='grc' dir='ltr'>ᾗ</span> <span class='ocrx_word' id='word_1_32' title='bbox 1467 544 1561 597; x_wconf 69' lang='grc' dir='ltr'>καὶ</span> <span class='ocrx_word' id='word_1_33' title='bbox 1588 543 1729 596; x_wconf 77' lang='grc' dir='ltr'>κατὰ</span> <span class='ocrx_word' id='word_1_34' title='bbox 1753 543 1812 594; x_wconf 82' lang='grc' dir='ltr'><strong>τὸ</strong></span> <span class='ocrx_word' id='word_1_35' title='bbox 1843 542 2009 612; x_wconf 86' lang='grc' dir='ltr'>πρόσ-</span> 
     </span>
    </p>
   </div>
   <div class='ocr_carea' id='block_1_7' title="bbox 433 634 2013 707">
    <p class='ocr_par' dir='ltr' id='par_1_7' title="bbox 433 634 2013 707">
     <span class='ocr_line' id='line_1_7' title="bbox 433 634 2013 707; baseline -0.003 -19"><span class='ocrx_word' id='word_1_36' title='bbox 433 637 627 707; x_wconf 88' lang='grc' dir='ltr'>λημμα</span> <span class='ocrx_word' id='word_1_37' title='bbox 652 636 878 699; x_wconf 75' lang='grc' dir='ltr'><strong>τελείως</strong></span> <span class='ocrx_word' id='word_1_38' title='bbox 910 637 1152 706; x_wconf 80' lang='grc' dir='ltr'>καθαρὸς</span> <span class='ocrx_word' id='word_1_39' title='bbox 1189 637 1285 688; x_wconf 77' lang='grc' dir='ltr'><strong>καὶ</strong></span> <span class='ocrx_word' id='word_1_40' title='bbox 1313 636 1635 705; x_wconf 78' lang='grc' dir='ltr'>άμόλυντος,</span> <span class='ocrx_word' id='word_1_41' title='bbox 1668 634 1758 687; x_wconf 73' lang='grc' dir='ltr'>καὶ</span> <span class='ocrx_word' id='word_1_42' title='bbox 1794 634 1866 702; x_wconf 84' lang='grc' dir='ltr'>μὴ</span> <span class='ocrx_word' id='word_1_43' title='bbox 1891 634 2013 685; x_wconf 82' lang='grc' dir='ltr'>κατ’</span> 
     </span>
    </p>
   </div>
   <div class='ocr_carea' id='block_1_8' title="bbox 434 724 2012 797">
    <p class='ocr_par' dir='ltr' id='par_1_8' title="bbox 434 724 2012 797">
     <span class='ocr_line' id='line_1_8' title="bbox 434 724 2012 797; baseline -0.005 -14"><span class='ocrx_word' id='word_1_44' title='bbox 434 729 566 783; x_wconf 82' lang='grc' dir='ltr'><strong>αὐτὸ</strong></span> <span class='ocrx_word' id='word_1_45' title='bbox 594 729 663 782; x_wconf 90' lang='grc' dir='ltr'><strong>δι’</strong></span> <span class='ocrx_word' id='word_1_46' title='bbox 693 730 860 782; x_wconf 83' lang='grc' dir='ltr'>αὐτὸν</span> <span class='ocrx_word' id='word_1_47' title='bbox 888 728 1205 797; x_wconf 76' lang='grc' dir='ltr'><strong>καθαρσίων</strong></span> <span class='ocrx_word' id='word_1_48' title='bbox 1250 727 1529 797; x_wconf 82' lang='grc' dir='ltr'>δεόμενος,</span> <span class='ocrx_word' id='word_1_49' title='bbox 1571 726 1707 778; x_wconf 85' lang='grc' dir='ltr'>ἀλλὰ</span> <span class='ocrx_word' id='word_1_50' title='bbox 1739 726 1809 777; x_wconf 80' lang='grc' dir='ltr'><strong>δι’</strong></span> <span class='ocrx_word' id='word_1_51' title='bbox 1864 724 2012 794; x_wconf 76' lang='grc' dir='ltr'>ἡμᾶς</span> 
     </span>
    </p>
   </div>
   <div class='ocr_carea' id='block_1_9' title="bbox 434 814 2014 888">
    <p class='ocr_par' dir='ltr' id='par_1_9' title="bbox 434 814 2014 888">
     <span class='ocr_line' id='line_1_9' title="bbox 434 814 2014 888; baseline -0.006 -15"><span class='ocrx_word' id='word_1_52' title='bbox 434 820 502 874; x_wconf 79' lang='grc' dir='ltr'>τὰ</span> <span class='ocrx_word' id='word_1_53' title='bbox 547 822 728 875; x_wconf 85' lang='grc' dir='ltr'>πάντα</span> <span class='ocrx_word' id='word_1_54' title='bbox 787 819 972 888; x_wconf 73' lang='grc' dir='ltr'>σοφῶς</span> <span class='ocrx_word' id='word_1_55' title='bbox 1011 820 1333 888; x_wconf 73' lang='grc' dir='ltr'><strong>δεχόμενος⁹</strong></span> <span class='ocrx_word' id='word_1_56' title='bbox 1376 819 1471 870; x_wconf 69' lang='grc' dir='ltr'>καὶ</span> <span class='ocrx_word' id='word_1_57' title='bbox 1513 816 1656 869; x_wconf 81' lang='grc' dir='ltr'>οῦτω</span> <span class='ocrx_word' id='word_1_58' title='bbox 1683 816 1800 878; x_wconf 85' lang='grc' dir='ltr'>νέος</span> <span class='ocrx_word' id='word_1_59' title='bbox 1846 814 2014 877; x_wconf 75' lang='grc' dir='ltr'>ὅντως</span> 
     </span>
    </p>
   </div>
   <div class='ocr_carea' id='block_1_10' title="bbox 445 904 2011 980">
    <p class='ocr_par' dir='ltr' id='par_1_10' title="bbox 445 904 2011 980">
     <span class='ocr_line' id='line_1_10' title="bbox 445 904 2011 980; baseline -0.008 -15"><span class='ocrx_word' id='word_1_60' title='bbox 445 911 619 980; x_wconf 69' lang='grc' dir='ltr'>Ἀδὰμ</span> <span class='ocrx_word' id='word_1_61' title='bbox 653 910 997 979; x_wconf 77' lang='grc' dir='ltr'>χρηματίσῃ,</span> <span class='ocrx_word' id='word_1_62' title='bbox 1034 910 1127 962; x_wconf 75' lang='grc' dir='ltr'>καὶ</span> <span class='ocrx_word' id='word_1_63' title='bbox 1163 907 1419 979; x_wconf 74' lang='grc' dir='ltr'>διαμείνῃ</span> <span class='ocrx_word' id='word_1_64' title='bbox 1455 908 1571 969; x_wconf 84' lang='grc' dir='ltr'>νέος</span> <span class='ocrx_word' id='word_1_65' title='bbox 1603 907 1772 968; x_wconf 79' lang='grc' dir='ltr'>ὅντως</span> <span class='ocrx_word' id='word_1_66' title='bbox 1804 905 1893 956; x_wconf 77' lang='grc' dir='ltr'><strong>καὶ</strong></span> <span class='ocrx_word' id='word_1_67' title='bbox 1921 904 2011 954; x_wconf 78' lang='grc' dir='ltr'><strong>εὐ·</strong></span> 
     </span>
    </p>
   </div>
   <div class='ocr_carea' id='block_1_11' title="bbox 438 989 2014 1072">
    <p class='ocr_par' dir='ltr' id='par_1_11' title="bbox 438 989 2014 1072">
     <span class='ocr_line' id='line_1_11' title="bbox 438 989 2014 1072; baseline -0.005 -18"><span class='ocrx_word' id='word_1_68' title='bbox 438 989 659 1071; x_wconf 74' lang='grc' dir='ltr'>σθενὴς,</span> <span class='ocrx_word' id='word_1_69' title='bbox 716 1000 983 1072; x_wconf 79' lang='grc' dir='ltr'><strong>μηδαμῶς</strong></span> <span class='ocrx_word' id='word_1_70' title='bbox 1033 999 1458 1069; x_wconf 75' lang='grc' dir='ltr'><strong>παλαιούμενος,</strong></span> <span class='ocrx_word' id='word_1_71' title='bbox 1507 997 1603 1050; x_wconf 79' lang='grc' dir='ltr'><strong>καὶ</strong></span> <span class='ocrx_word' id='word_1_72' title='bbox 1653 999 1744 1048; x_wconf 72' lang='grc' dir='ltr'>τὸν</span> <span class='ocrx_word' id='word_1_73' title='bbox 1784 994 2014 1047; x_wconf 75' lang='grc' dir='ltr'>παλαιὸν</span> 
     </span>
    </p>
   </div>
   <div class='ocr_carea' id='block_1_12' title="bbox 446 1089 2015 1164">
    <p class='ocr_par' dir='ltr' id='par_1_12' title="bbox 446 1089 2015 1164">
     <span class='ocr_line' id='line_1_12' title="bbox 446 1089 2015 1164; baseline -0.003 -19"><span class='ocrx_word' id='word_1_74' title='bbox 446 1094 621 1163; x_wconf 81' lang='grc' dir='ltr'>Ἀδὰμ</span> <span class='ocrx_word' id='word_1_75' title='bbox 666 1094 723 1144; x_wconf 85' lang='grc' dir='ltr'>ὲν</span> <span class='ocrx_word' id='word_1_76' title='bbox 754 1093 937 1164; x_wconf 79' lang='grc' dir='ltr'><strong>ἑαυτῷ</strong></span> <span class='ocrx_word' id='word_1_77' title='bbox 972 1093 1066 1145; x_wconf 76' lang='grc' dir='ltr'><strong>καὶ</strong></span> <span class='ocrx_word' id='word_1_78' title='bbox 1106 1092 1175 1145; x_wconf 82' lang='grc' dir='ltr'><strong>δι’</strong></span> <span class='ocrx_word' id='word_1_79' title='bbox 1226 1091 1420 1143; x_wconf 79' lang='grc' dir='ltr'>ἑαυτοῦ</span> <span class='ocrx_word' id='word_1_80' title='bbox 1471 1090 1763 1161; x_wconf 77' lang='grc' dir='ltr'>ἀνακτίσῃ,</span> <span class='ocrx_word' id='word_1_81' title='bbox 1796 1090 1890 1139; x_wconf 72' lang='grc' dir='ltr'><strong>καὶ</strong></span> <span class='ocrx_word' id='word_1_82' title='bbox 1935 1089 2015 1148; x_wconf 82' lang='grc' dir='ltr'><strong>είς</strong></span> 
     </span>
    </p>
   </div>
   <div class='ocr_carea' id='block_1_13' title="bbox 434 1181 2012 1255">
    <p class='ocr_par' dir='ltr' id='par_1_13' title="bbox 434 1181 2012 1255">
     <span class='ocr_line' id='line_1_13' title="bbox 434 1181 2012 1255; baseline -0.004 -18"><span class='ocrx_word' id='word_1_83' title='bbox 434 1185 522 1237; x_wconf 70' lang='grc' dir='ltr'><strong>ἀεὶ</strong></span> <span class='ocrx_word' id='word_1_84' title='bbox 548 1202 710 1255; x_wconf 80' lang='grc' dir='ltr'>συντη</span> <span class='ocrx_word' id='word_1_85' title='bbox 722 1187 863 1255; x_wconf 68' lang='grc' dir='ltr'><strong>ρῆσῃ</strong></span> <span class='ocrx_word' id='word_1_86' title='bbox 889 1186 1030 1250; x_wconf 77' lang='grc' dir='ltr'>νέον,</span> <span class='ocrx_word' id='word_1_87' title='bbox 1071 1184 1299 1246; x_wconf 72' lang='grc' dir='ltr'>δυνατὸς</span> <span class='ocrx_word' id='word_1_88' title='bbox 1323 1183 1398 1236; x_wconf 83' lang='grc' dir='ltr'>ὣν</span> <span class='ocrx_word' id='word_1_89' title='bbox 1424 1184 1505 1244; x_wconf 84' lang='grc' dir='ltr'>είς</span> <span class='ocrx_word' id='word_1_90' title='bbox 1537 1182 1685 1235; x_wconf 83' lang='grc' dir='ltr'>ἆπαν</span> <span class='ocrx_word' id='word_1_91' title='bbox 1715 1181 2012 1235; x_wconf 81' lang='grc' dir='ltr'>ἀποσείσα-</span> 
     </span>
    </p>
   </div>
   <div class='ocr_carea' id='block_1_14' title="bbox 435 1271 2014 1347">
    <p class='ocr_par' dir='ltr' id='par_1_14' title="bbox 435 1271 2014 1347">
     <span class='ocr_line' id='line_1_14' title="bbox 435 1271 2014 1347; baseline -0.004 -17"><span class='ocrx_word' id='word_1_92' title='bbox 435 1276 562 1331; x_wconf 84' lang='grc' dir='ltr'><strong>σθαι</strong></span> <span class='ocrx_word' id='word_1_93' title='bbox 587 1276 687 1347; x_wconf 82' lang='grc' dir='ltr'><strong>τὴν</strong></span> <span class='ocrx_word' id='word_1_94' title='bbox 721 1277 1053 1330; x_wconf 86' lang='grc' dir='ltr'>παλαίωσιν.</span> <span class='ocrx_word' id='word_1_95' title='bbox 1084 1277 1352 1339; x_wconf 79' lang='grc' dir='ltr'>Κάκεῖνος</span> <span class='ocrx_word' id='word_1_96' title='bbox 1382 1276 1491 1344; x_wconf 82' lang='grc' dir='ltr'><strong>γὰρ</strong></span> <span class='ocrx_word' id='word_1_97' title='bbox 1519 1275 1545 1326; x_wconf 99' lang='lat'><strong>6</strong></span> <span class='ocrx_word' id='word_1_98' title='bbox 1592 1273 1809 1344; x_wconf 85' lang='grc' dir='ltr'>πρῶτος</span> <span class='ocrx_word' id='word_1_99' title='bbox 1844 1271 2014 1341; x_wconf 80' lang='grc' dir='ltr'><strong>Ἀδὰμ</strong></span> 
     </span>
    </p>
   </div>
   <div class='ocr_carea' id='block_1_15' title="bbox 436 1366 2013 1441">
    <p class='ocr_par' dir='ltr' id='par_1_15' title="bbox 436 1366 2013 1441">
     <span class='ocr_line' id='line_1_15' title="bbox 436 1366 2013 1441; baseline -0.003 -18"><span class='ocrx_word' id='word_1_100' title='bbox 436 1371 744 1437; x_wconf 81' lang='grc' dir='ltr'>άμόλυντος</span> <span class='ocrx_word' id='word_1_101' title='bbox 775 1370 874 1441; x_wconf 80' lang='grc' dir='ltr'>τὴν</span> <span class='ocrx_word' id='word_1_102' title='bbox 908 1371 1085 1441; x_wconf 75' lang='grc' dir='ltr'>ἀρχὴν</span> <span class='ocrx_word' id='word_1_103' title='bbox 1113 1368 1339 1437; x_wconf 78' lang='grc' dir='ltr'><strong>ἐκτίσθη</strong></span> <span class='ocrx_word' id='word_1_104' title='bbox 1372 1368 1523 1435; x_wconf 82' lang='grc' dir='ltr'>παρὰ</span> <span class='ocrx_word' id='word_1_105' title='bbox 1566 1367 1727 1427; x_wconf 88' lang='grc' dir='ltr'>Θεοῦ,</span> <span class='ocrx_word' id='word_1_106' title='bbox 1765 1366 1858 1418; x_wconf 74' lang='grc' dir='ltr'><strong>καὶ</strong></span> <span class='ocrx_word' id='word_1_107' title='bbox 1896 1366 2013 1429; x_wconf 79' lang='grc' dir='ltr'>νέος</span> 
     </span>
    </p>
   </div>
   <div class='ocr_carea' id='block_1_16' title="bbox 436 1458 2011 1534">
    <p class='ocr_par' dir='ltr' id='par_1_16' title="bbox 436 1458 2011 1534">
     <span class='ocr_line' id='line_1_16' title="bbox 436 1458 2011 1534; baseline -0.004 -18"><span class='ocrx_word' id='word_1_108' title='bbox 436 1459 528 1534; x_wconf 79' lang='grc' dir='ltr'>ἧν,</span> <span class='ocrx_word' id='word_1_109' title='bbox 575 1462 767 1532; x_wconf 74' lang='grc' dir='ltr'>μέχρις</span> <span class='ocrx_word' id='word_1_110' title='bbox 819 1464 959 1515; x_wconf 83' lang='grc' dir='ltr'>ἑκὼν</span> <span class='ocrx_word' id='word_1_111' title='bbox 1017 1462 1095 1531; x_wconf 81' lang='grc' dir='ltr'>τῷ</span> <span class='ocrx_word' id='word_1_112' title='bbox 1132 1461 1365 1531; x_wconf 85' lang='grc' dir='ltr'>διαϐόλῳ</span> <span class='ocrx_word' id='word_1_113' title='bbox 1398 1459 1664 1523; x_wconf 73' lang='grc' dir='ltr'>πεισθεὶς,</span> <span class='ocrx_word' id='word_1_114' title='bbox 1735 1461 1825 1512; x_wconf 67' lang='grc' dir='ltr'><strong>καλ⁸</strong></span> <span class='ocrx_word' id='word_1_115' title='bbox 1877 1458 2011 1529; x_wconf 81' lang='grc' dir='ltr'>πρὸς</span> 
     </span>
    </p>
   </div>
   <div class='ocr_carea' id='block_1_17' title="bbox 436 1549 2013 1623">
    <p class='ocr_par' dir='ltr' id='par_1_17' title="bbox 436 1549 2013 1623">
     <span class='ocr_line' id='line_1_17' title="bbox 436 1549 2013 1623; baseline -0.003 -18"><span class='ocrx_word' id='word_1_116' title='bbox 436 1554 537 1616; x_wconf 75' lang='grc' dir='ltr'><strong>τὰς</strong></span> <span class='ocrx_word' id='word_1_117' title='bbox 573 1554 674 1623; x_wconf 81' lang='grc' dir='ltr'><strong>τῆς</strong></span> <span class='ocrx_word' id='word_1_118' title='bbox 706 1553 913 1623; x_wconf 76' lang='grc' dir='ltr'>σαρκὸς</span> <span class='ocrx_word' id='word_1_119' title='bbox 945 1553 1140 1621; x_wconf 76' lang='grc' dir='ltr'>ἡδονὰς</span> <span class='ocrx_word' id='word_1_120' title='bbox 1174 1553 1491 1620; x_wconf 75' lang='grc' dir='ltr'>ὲκτραπεὶς,</span> <span class='ocrx_word' id='word_1_121' title='bbox 1520 1550 1612 1603; x_wconf 80' lang='grc' dir='ltr'><strong>καὶ</strong></span> <span class='ocrx_word' id='word_1_122' title='bbox 1639 1549 1716 1618; x_wconf 80' lang='grc' dir='ltr'><strong>τῷ</strong></span> <span class='ocrx_word' id='word_1_123' title='bbox 1752 1549 2013 1619; x_wconf 85' lang='grc' dir='ltr'>μολυσμῷ</span> 
     </span>
    </p>
   </div>
   <div class='ocr_carea' id='block_1_18' title="bbox 437 1640 2014 1714">
    <p class='ocr_par' dir='ltr' id='par_1_18' title="bbox 437 1640 2014 1714">
     <span class='ocr_line' id='line_1_18' title="bbox 437 1640 2014 1714; baseline -0.003 -19"><span class='ocrx_word' id='word_1_124' title='bbox 437 1643 537 1712; x_wconf 82' lang='grc' dir='ltr'><strong>τῆς</strong></span> <span class='ocrx_word' id='word_1_125' title='bbox 570 1644 849 1714; x_wconf 83' lang='grc' dir='ltr'>ἁμαρτίας</span> <span class='ocrx_word' id='word_1_126' title='bbox 874 1642 1166 1695; x_wconf 82' lang='grc' dir='ltr'><strong>ὑποπεσὼν</strong></span> <span class='ocrx_word' id='word_1_127' title='bbox 1201 1643 1602 1707; x_wconf 87' lang='grc' dir='ltr'>πεπαλαὶωται,</span> <span class='ocrx_word' id='word_1_128' title='bbox 1639 1642 1733 1694; x_wconf 76' lang='grc' dir='ltr'><strong>καὶ</strong></span> <span class='ocrx_word' id='word_1_129' title='bbox 1783 1642 1925 1711; x_wconf 81' lang='grc' dir='ltr'>πρὸς</span> <span class='ocrx_word' id='word_1_130' title='bbox 1952 1640 2014 1692; x_wconf 84' lang='grc' dir='ltr'><strong>τὸ</strong></span> 
     </span>
    </p>
   </div>
   <div class='ocr_carea' id='block_1_19' title="bbox 437 1735 1056 1804">
    <p class='ocr_par' dir='ltr' id='par_1_19' title="bbox 437 1735 1056 1804">
     <span class='ocr_line' id='line_1_19' title="bbox 437 1735 1056 1804; baseline 0.005 -18"><span class='ocrx_word' id='word_1_131' title='bbox 437 1736 589 1804; x_wconf 81' lang='grc' dir='ltr'>παρὰ</span> <span class='ocrx_word' id='word_1_132' title='bbox 615 1735 776 1804; x_wconf 75' lang='grc' dir='ltr'>φύσιν</span> <span class='ocrx_word' id='word_1_133' title='bbox 805 1735 1056 1799; x_wconf 77' lang='grc' dir='ltr'><strong>ἐξέπεσε.</strong></span> 
     </span>
    </p>
   </div>
   <div class='ocr_carea' id='block_1_20' title="bbox 507 1822 2014 1896">
    <p class='ocr_par' dir='ltr' id='par_1_20' title="bbox 507 1822 2014 1896">
     <span class='ocr_line' id='line_1_20' title="bbox 507 1822 2014 1896; baseline -0.003 -17"><span class='ocrx_word' id='word_1_134' title='bbox 507 1827 608 1879; x_wconf 77' lang='grc' dir='ltr'><strong>Διὰ</strong></span> <span class='ocrx_word' id='word_1_135' title='bbox 636 1826 793 1879; x_wconf 87' lang='grc' dir='ltr'>τοῦτο</span> <span class='ocrx_word' id='word_1_136' title='bbox 820 1826 881 1879; x_wconf 87' lang='grc' dir='ltr'>οὐ</span> <span class='ocrx_word' id='word_1_137' title='bbox 918 1826 1063 1896; x_wconf 78' lang='grc' dir='ltr'>χειρὶ</span> <span class='ocrx_word' id='word_1_138' title='bbox 1116 1825 1278 1895; x_wconf 85' lang='grc' dir='ltr'>μόνον</span> <span class='ocrx_word' id='word_1_139' title='bbox 1306 1825 1334 1877; x_wconf 88' lang='lat'><strong>6</strong></span> <span class='ocrx_word' id='word_1_140' title='bbox 1365 1824 1641 1895; x_wconf 80' lang='grc' dir='ltr'><strong>Δεσπότης</strong></span> <span class='ocrx_word' id='word_1_141' title='bbox 1671 1822 2014 1887; x_wconf 76' lang='grc' dir='ltr'>ἀνακαινίζει</span> 
     </span>
    </p>
   </div>
   <div class='ocr_carea' id='block_1_21' title="bbox 439 1914 2015 1990">
    <p class='ocr_par' dir='ltr' id='par_1_21' title="bbox 439 1914 2015 1990">
     <span class='ocr_line' id='line_1_21' title="bbox 439 1914 2015 1990; baseline -0.006 -16"><span class='ocrx_word' id='word_1_142' title='bbox 439 1918 758 1990; x_wconf 81' lang='grc' dir='ltr'><strong>παραδόξως</strong></span> <span class='ocrx_word' id='word_1_143' title='bbox 795 1917 995 1980; x_wconf 81' lang='grc' dir='ltr'>αὐτὸν,</span> <span class='ocrx_word' id='word_1_144' title='bbox 1040 1916 1174 1984; x_wconf 74' lang='grc' dir='ltr'>ἀλλὰ</span> <span class='ocrx_word' id='word_1_145' title='bbox 1235 1916 1331 1970; x_wconf 79' lang='grc' dir='ltr'>καὶ</span> <span class='ocrx_word' id='word_1_146' title='bbox 1375 1917 1595 1985; x_wconf 78' lang='grc' dir='ltr'><strong>κατέχει</strong></span> <span class='ocrx_word' id='word_1_147' title='bbox 1650 1915 1837 1967; x_wconf 90' lang='grc' dir='ltr'>τοῦτον</span> <span class='ocrx_word' id='word_1_148' title='bbox 1882 1914 2015 1984; x_wconf 83' lang='grc' dir='ltr'>παρ’</span> 
     </span>
    </p>
   </div>
   <div class='ocr_carea' id='block_1_22' title="bbox 438 2005 2015 2081">
    <p class='ocr_par' dir='ltr' id='par_1_22' title="bbox 438 2005 2015 2081">
     <span class='ocr_line' id='line_1_22' title="bbox 438 2005 2015 2081; baseline -0.006 -16"><span class='ocrx_word' id='word_1_149' title='bbox 438 2011 639 2081; x_wconf 83' lang='grc' dir='ltr'>ἑαυτῷ,</span> <span class='ocrx_word' id='word_1_150' title='bbox 673 2011 773 2062; x_wconf 83' lang='grc' dir='ltr'>οὐκ</span> <span class='ocrx_word' id='word_1_151' title='bbox 805 2008 1213 2079; x_wconf 84' lang='grc' dir='ltr'>ἀναλαϐόμενος</span> <span class='ocrx_word' id='word_1_152' title='bbox 1256 2008 1416 2077; x_wconf 86' lang='grc' dir='ltr'>μόνον</span> <span class='ocrx_word' id='word_1_153' title='bbox 1450 2010 1544 2061; x_wconf 75' lang='grc' dir='ltr'><strong>καὶ</strong></span> <span class='ocrx_word' id='word_1_154' title='bbox 1582 2005 1677 2060; x_wconf 90' lang='grc' dir='ltr'><strong>τοῦ</strong></span> <span class='ocrx_word' id='word_1_155' title='bbox 1720 2006 2015 2074; x_wconf 81' lang='grc' dir='ltr'><strong>πτώματος</strong></span> 
     </span>
    </p>
   </div>
   <div class='ocr_carea' id='block_1_23' title="bbox 438 2098 2015 2175">
    <p class='ocr_par' dir='ltr' id='par_1_23' title="bbox 438 2098 2015 2175">
     <span class='ocr_line' id='line_1_23' title="bbox 438 2098 2015 2175; baseline -0.006 -17"><span class='ocrx_word' id='word_1_156' title='bbox 438 2105 534 2175; x_wconf 80' lang='grc' dir='ltr'><strong>τὴν</strong></span> <span class='ocrx_word' id='word_1_157' title='bbox 566 2102 920 2173; x_wconf 79' lang='grc' dir='ltr'>ἀνθρωπίνην</span> <span class='ocrx_word' id='word_1_158' title='bbox 948 2102 1150 2171; x_wconf 77' lang='grc' dir='ltr'><strong>ἐξάρας</strong></span> <span class='ocrx_word' id='word_1_159' title='bbox 1180 2101 1365 2170; x_wconf 83' lang='grc' dir='ltr'>φύσιν,</span> <span class='ocrx_word' id='word_1_160' title='bbox 1430 2101 1567 2166; x_wconf 73' lang='grc' dir='ltr'>ἀλλὰ</span> <span class='ocrx_word' id='word_1_161' title='bbox 1594 2103 1690 2153; x_wconf 82' lang='grc' dir='ltr'><strong>καὶ</strong></span> <span class='ocrx_word' id='word_1_162' title='bbox 1721 2098 2015 2169; x_wconf 77' lang='grc' dir='ltr'>περιϐαλό-</span> 
     </span>
    </p>
   </div>
   <div class='ocr_carea' id='block_1_24' title="bbox 444 2189 2016 2265">
    <p class='ocr_par' dir='ltr' id='par_1_24' title="bbox 444 2189 2016 2265">
     <span class='ocr_line' id='line_1_24' title="bbox 444 2189 2016 2265; baseline -0.003 -19"><span class='ocrx_word' id='word_1_163' title='bbox 444 2212 603 2265; x_wconf 89' lang='grc' dir='ltr'>μενος</span> <span class='ocrx_word' id='word_1_164' title='bbox 635 2193 955 2263; x_wconf 80' lang='grc' dir='ltr'><strong>ἀφράστως,</strong></span> <span class='ocrx_word' id='word_1_165' title='bbox 986 2194 1082 2245; x_wconf 85' lang='grc' dir='ltr'><strong>καὶ</strong></span> <span class='ocrx_word' id='word_1_166' title='bbox 1129 2193 1425 2260; x_wconf 73' lang='grc' dir='ltr'><strong>συναφθεὶς</strong></span> <span class='ocrx_word' id='word_1_167' title='bbox 1460 2191 1784 2261; x_wconf 84' lang='grc' dir='ltr'>ἀδιαιρέτως</span> <span class='ocrx_word' id='word_1_168' title='bbox 1839 2189 2016 2258; x_wconf 76' lang='grc' dir='ltr'><strong>ταύτῃ</strong></span> 
     </span>
    </p>
   </div>
   <div class='ocr_carea' id='block_1_25' title="bbox 439 2281 2015 2355">
    <p class='ocr_par' dir='ltr' id='par_1_25' title="bbox 439 2281 2015 2355">
     <span class='ocr_line' id='line_1_25' title="bbox 439 2281 2015 2355; baseline -0.005 -16"><span class='ocrx_word' id='word_1_169' title='bbox 439 2286 532 2339; x_wconf 72' lang='grc' dir='ltr'>καὶ</span> <span class='ocrx_word' id='word_1_170' title='bbox 565 2284 780 2355; x_wconf 81' lang='grc' dir='ltr'><strong>τεχθεὶς</strong></span> <span class='ocrx_word' id='word_1_171' title='bbox 808 2283 942 2346; x_wconf 81' lang='grc' dir='ltr'>Θεὸς</span> <span class='ocrx_word' id='word_1_172' title='bbox 988 2282 1125 2353; x_wconf 79' lang='grc' dir='ltr'>ὁμοῦ</span> <span class='ocrx_word' id='word_1_173' title='bbox 1168 2283 1261 2335; x_wconf 57' lang='grc' dir='ltr'><strong>καὶ¹</strong></span> <span class='ocrx_word' id='word_1_174' title='bbox 1300 2282 1610 2353; x_wconf 79' lang='grc' dir='ltr'>ἄνθρωπος,</span> <span class='ocrx_word' id='word_1_175' title='bbox 1645 2284 1708 2334; x_wconf 84' lang='grc' dir='ltr'>ὲκ</span> <span class='ocrx_word' id='word_1_176' title='bbox 1757 2281 2015 2349; x_wconf 79' lang='grc' dir='ltr'>γυναικὸς</span> 
     </span>
    </p>
   </div>
   <div class='ocr_carea' id='block_1_26' title="bbox 442 2373 2017 2449">
    <p class='ocr_par' dir='ltr' id='par_1_26' title="bbox 442 2373 2017 2449">
     <span class='ocr_line' id='line_1_26' title="bbox 442 2373 2017 2449; baseline -0.004 -18"><span class='ocrx_word' id='word_1_177' title='bbox 442 2381 565 2449; x_wconf 84' lang='grc' dir='ltr'>μὲν,</span> <span class='ocrx_word' id='word_1_178' title='bbox 602 2380 689 2431; x_wconf 78' lang='grc' dir='ltr'><strong>ἵνα</strong></span> <span class='ocrx_word' id='word_1_179' title='bbox 738 2378 837 2447; x_wconf 78' lang='grc' dir='ltr'><strong>τὴν</strong></span> <span class='ocrx_word' id='word_1_180' title='bbox 872 2374 1005 2430; x_wconf 59' lang='grc' dir='ltr'>παρ’</span> <span class='ocrx_word' id='word_1_181' title='bbox 1056 2374 1225 2428; x_wconf 77' lang='grc' dir='ltr'>αὐτοῦ</span> <span class='ocrx_word' id='word_1_182' title='bbox 1274 2374 1607 2427; x_wconf 80' lang='grc' dir='ltr'>πλασθεῖσαν</span> <span class='ocrx_word' id='word_1_183' title='bbox 1644 2374 1881 2443; x_wconf 73' lang='grc' dir='ltr'>ἐκείνην,</span> <span class='ocrx_word' id='word_1_184' title='bbox 1924 2373 2017 2425; x_wconf 71' lang='grc' dir='ltr'>καὶ</span> 
     </span>
    </p>
   </div>
   <div class='ocr_carea' id='block_1_27' title="bbox 442 2464 2015 2540">
    <p class='ocr_par' dir='ltr' id='par_1_27' title="bbox 442 2464 2015 2540">
     <span class='ocr_line' id='line_1_27' title="bbox 442 2464 2015 2540; baseline -0.005 -16"><span class='ocrx_word' id='word_1_185' title='bbox 442 2474 503 2540; x_wconf 80' lang='grc' dir='ltr'>τῇ</span> <span class='ocrx_word' id='word_1_186' title='bbox 552 2468 646 2523; x_wconf 91' lang='grc' dir='ltr'><strong>τοῦ</strong></span> <span class='ocrx_word' id='word_1_187' title='bbox 691 2485 932 2539; x_wconf 84' lang='grc' dir='ltr'>πονηρου</span> <span class='ocrx_word' id='word_1_188' title='bbox 985 2466 1260 2536; x_wconf 80' lang='grc' dir='ltr'>συμϐουλῇ</span> <span class='ocrx_word' id='word_1_189' title='bbox 1330 2465 1632 2519; x_wconf 84' lang='grc' dir='ltr'>κλαπεῖσαν</span> <span class='ocrx_word' id='word_1_190' title='bbox 1677 2464 2015 2535; x_wconf 77' lang='grc' dir='ltr'>ἅναλάϐηται</span> 
     </span>
    </p>
   </div>
   <div class='ocr_carea' id='block_1_28' title="bbox 439 2556 2012 2627">
    <p class='ocr_par' dir='ltr' id='par_1_28' title="bbox 439 2556 2012 2627">
     <span class='ocr_line' id='line_1_28' title="bbox 439 2556 2012 2627; baseline -0.002 -16"><span class='ocrx_word' id='word_1_191' title='bbox 439 2562 622 2626; x_wconf 82' lang='grc' dir='ltr'>φύσιν,</span> <span class='ocrx_word' id='word_1_192' title='bbox 654 2560 718 2611; x_wconf 79' lang='grc' dir='ltr'>ἑκ</span> <span class='ocrx_word' id='word_1_193' title='bbox 756 2558 1029 2626; x_wconf 76' lang='grc' dir='ltr'>παρθένου</span> <span class='ocrx_word' id='word_1_194' title='bbox 1068 2558 1125 2609; x_wconf 83' lang='grc' dir='ltr'><strong>δὲ</strong></span> <span class='ocrx_word' id='word_1_195' title='bbox 1168 2557 1375 2627; x_wconf 73' lang='grc' dir='ltr'>ταῦτης</span> <span class='ocrx_word' id='word_1_196' title='bbox 1436 2558 1525 2610; x_wconf 83' lang='grc' dir='ltr'><strong>ῐνα</strong></span> <span class='ocrx_word' id='word_1_197' title='bbox 1572 2556 1761 2609; x_wconf 82' lang='grc' dir='ltr'>καινὸν</span> <span class='ocrx_word' id='word_1_198' title='bbox 1811 2557 2012 2627; x_wconf 79' lang='grc' dir='ltr'><strong>ποιήσῃ</strong></span> 
     </span>
    </p>
   </div>
   <div class='ocr_carea' id='block_1_29' title="bbox 438 2645 2014 2729">
    <p class='ocr_par' dir='ltr' id='par_1_29' title="bbox 438 2645 2014 2729">
     <span class='ocr_line' id='line_1_29' title="bbox 438 2645 2014 2729; baseline -0.003 -24"><span class='ocrx_word' id='word_1_199' title='bbox 438 2651 529 2705; x_wconf 82' lang='grc' dir='ltr'><strong>τὸν</strong></span> <span class='ocrx_word' id='word_1_200' title='bbox 553 2650 868 2721; x_wconf 77' lang='grc' dir='ltr'>ἄνθρωπον</span> <span class='ocrx_word' id='word_1_201' title='bbox 902 2652 1107 2718; x_wconf 71' lang='grc' dir='ltr'>εί¹γὰρ</span> <span class='ocrx_word' id='word_1_202' title='bbox 1139 2651 1204 2702; x_wconf 78' lang='grc' dir='ltr'>ἐκ</span> <span class='ocrx_word' id='word_1_203' title='bbox 1241 2649 1558 2729; x_wconf 65' lang='grc' dir='ltr'>σπέρματος</span> <span class='ocrx_word' id='word_1_204' title='bbox 1589 2646 1680 2721; x_wconf 82' lang='grc' dir='ltr'>ἦν,</span> <span class='ocrx_word' id='word_1_205' title='bbox 1721 2649 1821 2703; x_wconf 83' lang='grc' dir='ltr'>οὐκ</span> <span class='ocrx_word' id='word_1_206' title='bbox 1849 2650 1915 2702; x_wconf 82' lang='grc' dir='ltr'>ἂν</span> <span class='ocrx_word' id='word_1_207' title='bbox 1946 2645 2014 2720; x_wconf 81' lang='grc' dir='ltr'>ἦν</span> 
     </span>
    </p>
   </div>
   <div class='ocr_carea' id='block_1_30' title="bbox 438 2740 2014 2813">
    <p class='ocr_par' dir='ltr' id='par_1_30' title="bbox 438 2740 2014 2813">
     <span class='ocr_line' id='line_1_30' title="bbox 438 2740 2014 2813; baseline -0.002 -17"><span class='ocrx_word' id='word_1_208' title='bbox 438 2742 625 2804; x_wconf 81' lang='grc' dir='ltr'>καινὸς</span> <span class='ocrx_word' id='word_1_209' title='bbox 654 2742 974 2811; x_wconf 75' lang='grc' dir='ltr'>ἄνθρωπος·</span> <span class='ocrx_word' id='word_1_210' title='bbox 1023 2741 1123 2792; x_wconf 87' lang='grc' dir='ltr'><strong>οῦκ</strong></span> <span class='ocrx_word' id='word_1_211' title='bbox 1153 2740 1218 2792; x_wconf 86' lang='grc' dir='ltr'>ἂν</span> <span class='ocrx_word' id='word_1_212' title='bbox 1247 2740 1347 2809; x_wconf 78' lang='grc' dir='ltr'><strong>τῆς</strong></span> <span class='ocrx_word' id='word_1_213' title='bbox 1386 2740 1584 2808; x_wconf 79' lang='grc' dir='ltr'>καινῆς</span> <span class='ocrx_word' id='word_1_214' title='bbox 1618 2741 1711 2794; x_wconf 76' lang='grc' dir='ltr'><strong>καὶ</strong></span> <span class='ocrx_word' id='word_1_215' title='bbox 1743 2740 2014 2813; x_wconf 82' lang='grc' dir='ltr'><strong>μηδαμῶς</strong></span> 
     </span>
    </p>
   </div>
   <div class='ocr_carea' id='block_1_31' title="bbox 439 2832 2014 2903">
    <p class='ocr_par' dir='ltr' id='par_1_31' title="bbox 439 2832 2014 2903">
     <span class='ocr_line' id='line_1_31' title="bbox 439 2832 2014 2903; baseline 0 -16"><span class='ocrx_word' id='word_1_216' title='bbox 439 2834 850 2902; x_wconf 78' lang='grc' dir='ltr'>παλαιουμὲνης</span> <span class='ocrx_word' id='word_1_217' title='bbox 892 2832 1038 2902; x_wconf 83' lang='grc' dir='ltr'>ζωῆς</span> <span class='ocrx_word' id='word_1_218' title='bbox 1078 2833 1323 2902; x_wconf 79' lang='grc' dir='ltr'><strong>ἀρχηγός</strong></span> <span class='ocrx_word' id='word_1_219' title='bbox 1363 2849 1422 2885; x_wconf 83' lang='grc' dir='ltr'><strong>τε</strong></span> <span class='ocrx_word' id='word_1_220' title='bbox 1457 2835 1549 2887; x_wconf 76' lang='grc' dir='ltr'><strong>καὶ</strong></span> <span class='ocrx_word' id='word_1_221' title='bbox 1581 2834 1817 2903; x_wconf 82' lang='grc' dir='ltr'>χορηγός</span> <span class='ocrx_word' id='word_1_222' title='bbox 1844 2848 1860 2866; x_wconf 88' lang='grc'><strong>·</strong></span> <span class='ocrx_word' id='word_1_223' title='bbox 1903 2832 2014 2887; x_wconf 84' lang='grc' dir='ltr'>οὐδ’</span> 
     </span>
    </p>
   </div>
   <div class='ocr_carea' id='block_1_32' title="bbox 440 2923 2014 2995">
    <p class='ocr_par' dir='ltr' id='par_1_32' title="bbox 440 2923 2014 2995">
     <span class='ocr_line' id='line_1_32' title="bbox 440 2923 2014 2995; baseline 0 -17"><span class='ocrx_word' id='word_1_224' title='bbox 440 2929 507 2979; x_wconf 84' lang='grc' dir='ltr'>ἂν</span> <span class='ocrx_word' id='word_1_225' title='bbox 537 2924 794 2994; x_wconf 80' lang='grc' dir='ltr'>ἐδυνήθη,</span> <span class='ocrx_word' id='word_1_226' title='bbox 825 2923 920 2975; x_wconf 85' lang='grc' dir='ltr'><strong>τοῦ</strong></span> <span class='ocrx_word' id='word_1_227' title='bbox 948 2924 1182 2976; x_wconf 73' lang='grc' dir='ltr'>παλαιοῦ</span> <span class='ocrx_word' id='word_1_228' title='bbox 1212 2924 1497 2993; x_wconf 81' lang='grc' dir='ltr'>κόμματος</span> <span class='ocrx_word' id='word_1_229' title='bbox 1524 2923 1622 2990; x_wconf 80' lang='grc' dir='ltr'><strong>ὢν,</strong></span> <span class='ocrx_word' id='word_1_230' title='bbox 1648 2925 1710 2977; x_wconf 84' lang='grc' dir='ltr'><strong>τὸ</strong></span> <span class='ocrx_word' id='word_1_231' title='bbox 1735 2926 2014 2995; x_wconf 84' lang='grc' dir='ltr'>πλήρωμα</span> 
     </span>
    </p>
   </div>
   <div class='ocr_carea' id='block_1_33' title="bbox 440 3012 2015 3087">
    <p class='ocr_par' dir='ltr' id='par_1_33' title="bbox 440 3012 2015 3087">
     <span class='ocr_line' id='line_1_33' title="bbox 440 3012 2015 3087; baseline 0 -20"><span class='ocrx_word' id='word_1_232' title='bbox 440 3016 495 3067; x_wconf 81' lang='grc' dir='ltr'>ὲν</span> <span class='ocrx_word' id='word_1_233' title='bbox 526 3014 703 3083; x_wconf 78' lang='grc' dir='ltr'><strong>ἐαυτῷ</strong></span> <span class='ocrx_word' id='word_1_234' title='bbox 739 3012 995 3076; x_wconf 80' lang='grc' dir='ltr'>δέξασθαι</span> <span class='ocrx_word' id='word_1_235' title='bbox 1025 3013 1124 3081; x_wconf 78' lang='grc' dir='ltr'><strong>τῆς</strong></span> <span class='ocrx_word' id='word_1_236' title='bbox 1154 3013 1431 3084; x_wconf 79' lang='grc' dir='ltr'><strong>ἀκηράτου</strong></span> <span class='ocrx_word' id='word_1_237' title='bbox 1477 3012 1751 3084; x_wconf 82' lang='grc' dir='ltr'>θεότητος,</span> <span class='ocrx_word' id='word_1_238' title='bbox 1790 3016 1884 3067; x_wconf 73' lang='grc' dir='ltr'><strong>καὶ</strong></span> <span class='ocrx_word' id='word_1_239' title='bbox 1908 3032 2015 3087; x_wconf 90' lang='grc' dir='ltr'>πη-</span> 
     </span>
    </p>
   </div>
   <div class='ocr_carea' id='block_1_34' title="bbox 2116 554 3687 635">
    <p class='ocr_par' dir='ltr' id='par_1_34' title="bbox 2116 554 3687 635">
     <span class='ocr_line' id='line_1_34' title="bbox 2116 554 3687 635; baseline 0.013 -34"><span class='ocrx_word' id='word_1_240' title='bbox 2116 566 2285 615; x_wconf 84' lang='lat' dir='ltr'><strong>purns</strong></span> <span class='ocrx_word' id='word_1_241' title='bbox 2316 564 2365 606; x_wconf 87' lang='lat' dir='ltr'><strong>ct</strong></span> <span class='ocrx_word' id='word_1_242' title='bbox 2402 554 2736 623; x_wconf 69' lang='lat' dir='ltr'><strong>impollutus,</strong></span> <span class='ocrx_word' id='word_1_243' title='bbox 2788 569 2839 613; x_wconf 70' lang='lat' dir='ltr'><strong>rt</strong></span> <span class='ocrx_word' id='word_1_244' title='bbox 2875 561 2994 614; x_wconf 85' lang='lat' dir='ltr'><strong>ideo</strong></span> <span class='ocrx_word' id='word_1_245' title='bbox 3029 578 3136 615; x_wconf 90' lang='lat' dir='ltr'><strong>non</strong></span> <span class='ocrx_word' id='word_1_246' title='bbox 3165 578 3333 631; x_wconf 82' lang='lat' dir='ltr'><strong>egens</strong></span> <span class='ocrx_word' id='word_1_247' title='bbox 3373 575 3591 635; x_wconf 76' lang='lat' dir='ltr'><strong>propter</strong></span> <span class='ocrx_word' id='word_1_248' title='bbox 3625 583 3687 622; x_wconf 83' lang='lat' dir='ltr'><strong>se</strong></span> 
     </span>
    </p>
   </div>
   <div class='ocr_carea' id='block_1_35' title="bbox 2116 640 3689 726">
    <p class='ocr_par' dir='ltr' id='par_1_35' title="bbox 2116 640 3689 726">
     <span class='ocr_line' id='line_1_35' title="bbox 2116 640 3689 726; baseline 0.017 -40"><span class='ocrx_word' id='word_1_249' title='bbox 2116 640 2369 707; x_wconf 78' lang='lat' dir='ltr'><strong>piaculis,</strong></span> <span class='ocrx_word' id='word_1_250' title='bbox 2398 646 2491 697; x_wconf 92' lang='lat' dir='ltr'><strong>sed</strong></span> <span class='ocrx_word' id='word_1_251' title='bbox 2521 658 2742 717; x_wconf 92' lang='lat' dir='ltr'><strong>propter</strong></span> <span class='ocrx_word' id='word_1_252' title='bbox 2766 642 2865 705; x_wconf 83' lang='lat' dir='ltr'><strong>nos</strong></span> <span class='ocrx_word' id='word_1_253' title='bbox 2888 654 3072 706; x_wconf 57' lang='lat' dir='ltr'><strong>omnia</strong></span> <span class='ocrx_word' id='word_1_254' title='bbox 3101 655 3378 722; x_wconf 88' lang='lat' dir='ltr'><strong>sapienter</strong></span> <span class='ocrx_word' id='word_1_255' title='bbox 3408 657 3689 726; x_wconf 83' lang='lat' dir='ltr'><strong>accipiens</strong></span> 
     </span>
    </p>
   </div>
   <div class='ocr_carea' id='block_1_36' title="bbox 2114 730 3689 820">
    <p class='ocr_par' dir='ltr' id='par_1_36' title="bbox 2114 730 3689 820">
     <span class='ocr_line' id='line_1_36' title="bbox 2114 730 3689 820; baseline 0.013 -38"><span class='ocrx_word' id='word_1_256' title='bbox 2114 740 2169 784; x_wconf 88' lang='lat' dir='ltr'><strong>et</strong></span> <span class='ocrx_word' id='word_1_257' title='bbox 2201 730 2326 786; x_wconf 88' lang='lat' dir='ltr'><strong>inde</strong></span> <span class='ocrx_word' id='word_1_258' title='bbox 2359 750 2483 790; x_wconf 83' lang='lat' dir='ltr'><strong>vere</strong></span> <span class='ocrx_word' id='word_1_259' title='bbox 2506 752 2679 820; x_wconf 74' lang='lat' dir='ltr'><strong>novus</strong></span> <span class='ocrx_word' id='word_1_260' title='bbox 2707 742 2881 795; x_wconf 83' lang='lat' dir='ltr'><strong>Adam</strong></span> <span class='ocrx_word' id='word_1_261' title='bbox 2913 756 3225 809; x_wconf 70' lang='lat' dir='ltr'><strong>vocaretur,</strong></span> <span class='ocrx_word' id='word_1_262' title='bbox 3266 762 3473 801; x_wconf 91' lang='lat' dir='ltr'><strong>necnon</strong></span> <span class='ocrx_word' id='word_1_263' title='bbox 3515 765 3689 803; x_wconf 84' lang='lat' dir='ltr'><strong>rema-</strong></span> 
     </span>
    </p>
   </div>
   <div class='ocr_carea' id='block_1_37' title="bbox 2116 832 3689 902">
    <p class='ocr_par' dir='ltr' id='par_1_37' title="bbox 2116 832 3689 902">
     <span class='ocr_line' id='line_1_37' title="bbox 2116 832 3689 902; baseline 0.014 -28"><span class='ocrx_word' id='word_1_264' title='bbox 2116 833 2337 879; x_wconf 89' lang='lat' dir='ltr'><strong>neretet</strong></span> <span class='ocrx_word' id='word_1_265' title='bbox 2364 842 2490 882; x_wconf 79' lang='lat' dir='ltr'><strong>vere</strong></span> <span class='ocrx_word' id='word_1_266' title='bbox 2515 844 2688 885; x_wconf 87' lang='lat' dir='ltr'><strong>novus</strong></span> <span class='ocrx_word' id='word_1_267' title='bbox 2717 842 2767 885; x_wconf 89' lang='lat' dir='ltr'><strong>et</strong></span> <span class='ocrx_word' id='word_1_268' title='bbox 2796 832 2977 899; x_wconf 84' lang='lat' dir='ltr'><strong>fortis,</strong></span> <span class='ocrx_word' id='word_1_269' title='bbox 3009 837 3320 892; x_wconf 74' lang='lat' dir='ltr'><strong>nullatenus</strong></span> <span class='ocrx_word' id='word_1_270' title='bbox 3341 841 3614 902; x_wconf 80' lang='lat' dir='ltr'><strong>exoletus.</strong></span> <span class='ocrx_word' id='word_1_271' title='bbox 3633 852 3689 896; x_wconf 86' lang='lat' dir='ltr'><strong>et</strong></span> 
     </span>
    </p>
   </div>
   <div class='ocr_carea' id='block_1_38' title="bbox 2113 912 3684 991">
    <p class='ocr_par' dir='ltr' id='par_1_38' title="bbox 2113 912 3684 991">
     <span class='ocr_line' id='line_1_38' title="bbox 2113 912 3684 991; baseline 0.014 -33"><span class='ocrx_word' id='word_1_272' title='bbox 2113 917 2351 961; x_wconf 82' lang='lat' dir='ltr'><strong>veterem</strong></span> <span class='ocrx_word' id='word_1_273' title='bbox 2386 912 2556 964; x_wconf 85' lang='lat' dir='ltr'><strong>Adam</strong></span> <span class='ocrx_word' id='word_1_274' title='bbox 2598 912 2649 965; x_wconf 90' lang='lat' dir='ltr'><strong>in</strong></span> <span class='ocrx_word' id='word_1_275' title='bbox 2687 916 2869 983; x_wconf 82' lang='lat' dir='ltr'><strong>seipso</strong></span> <span class='ocrx_word' id='word_1_276' title='bbox 2898 927 3064 983; x_wconf 85' lang='lat' dir='ltr'><strong>atque</strong></span> <span class='ocrx_word' id='word_1_277' title='bbox 3104 936 3198 988; x_wconf 88' lang='lat' dir='ltr'><strong>per</strong></span> <span class='ocrx_word' id='word_1_278' title='bbox 3233 923 3475 991; x_wconf 74' lang='lat' dir='ltr'><strong>seipsutn</strong></span> <span class='ocrx_word' id='word_1_279' title='bbox 3519 941 3684 980; x_wconf 82' lang='lat' dir='ltr'><strong>reno—</strong></span> 
     </span>
    </p>
   </div>
   <div class='ocr_carea' id='block_1_39' title="bbox 2114 1001 3686 1088">
    <p class='ocr_par' dir='ltr' id='par_1_39' title="bbox 2114 1001 3686 1088">
     <span class='ocr_line' id='line_1_39' title="bbox 2114 1001 3686 1088; baseline 0.015 -41"><span class='ocrx_word' id='word_1_280' title='bbox 2114 1008 2285 1061; x_wconf 68' lang='lat' dir='ltr'><strong>varvt,</strong></span> <span class='ocrx_word' id='word_1_281' title='bbox 2328 1001 2377 1052; x_wconf 91' lang='lat' dir='ltr'><strong>in</strong></span> <span class='ocrx_word' id='word_1_282' title='bbox 2417 1013 2736 1071; x_wconf 64' lang='lat' dir='ltr'><strong>perpetuum</strong></span> <span class='ocrx_word' id='word_1_283' title='bbox 2786 1008 3131 1072; x_wconf 73' lang='lat' dir='ltr'><strong>juvvntutem</strong></span> <span class='ocrx_word' id='word_1_284' title='bbox 3185 1026 3539 1070; x_wconf 68' lang='lat' dir='ltr'><strong>conservaret</strong></span> <span class='ocrx_word' id='word_1_285' title='bbox 3592 1018 3686 1088; x_wconf 88' lang='lat' dir='ltr'><strong>qui</strong></span> 
     </span>
    </p>
   </div>
   <div class='ocr_carea' id='block_1_40' title="bbox 2115 1097 3676 1166">
    <p class='ocr_par' dir='ltr' id='par_1_40' title="bbox 2115 1097 3676 1166">
     <span class='ocr_line' id='line_1_40' title="bbox 2115 1097 3676 1166; baseline 0.012 -28"><span class='ocrx_word' id='word_1_286' title='bbox 2115 1097 2311 1155; x_wconf 80' lang='lat' dir='ltr'><strong>potens</strong></span> <span class='ocrx_word' id='word_1_287' title='bbox 2337 1101 2417 1145; x_wconf 77' lang='lat' dir='ltr'><strong>cst</strong></span> <span class='ocrx_word' id='word_1_288' title='bbox 2450 1107 2666 1147; x_wconf 89' lang='lat' dir='ltr'><strong>omnem</strong></span> <span class='ocrx_word' id='word_1_289' title='bbox 2700 1099 2975 1166; x_wconf 75' lang='lat' dir='ltr'><strong>expellere</strong></span> <span class='ocrx_word' id='word_1_290' title='bbox 3012 1110 3365 1156; x_wconf 86' lang='lat' dir='ltr'><strong>vetustatem.</strong></span> <span class='ocrx_word' id='word_1_291' title='bbox 3411 1105 3501 1158; x_wconf 87' lang='lat' dir='ltr'><strong>Ille</strong></span> <span class='ocrx_word' id='word_1_292' title='bbox 3530 1108 3676 1163; x_wconf 81' lang='lat' dir='ltr'><strong>enim</strong></span> 
     </span>
    </p>
   </div>
   <div class='ocr_carea' id='block_1_41' title="bbox 2115 1181 3684 1265">
    <p class='ocr_par' dir='ltr' id='par_1_41' title="bbox 2115 1181 3684 1265">
     <span class='ocr_line' id='line_1_41' title="bbox 2115 1181 3684 1265; baseline 0.014 -35"><span class='ocrx_word' id='word_1_293' title='bbox 2115 1181 2323 1247; x_wconf 83' lang='lat' dir='ltr'><strong>primus</strong></span> <span class='ocrx_word' id='word_1_294' title='bbox 2354 1184 2524 1237; x_wconf 87' lang='lat' dir='ltr'><strong>Adam</strong></span> <span class='ocrx_word' id='word_1_295' title='bbox 2578 1186 2939 1242; x_wconf 84' lang='lat' dir='ltr'><strong>intemeratus</strong></span> <span class='ocrx_word' id='word_1_296' title='bbox 2983 1207 3011 1244; x_wconf 87' lang='lat' dir='ltr'><strong>a</strong></span> <span class='ocrx_word' id='word_1_297' title='bbox 3052 1194 3319 1263; x_wconf 86' lang='lat' dir='ltr'><strong>principio</strong></span> <span class='ocrx_word' id='word_1_298' title='bbox 3369 1211 3464 1265; x_wconf 84' lang='lat' dir='ltr'><strong>per</strong></span> <span class='ocrx_word' id='word_1_299' title='bbox 3519 1198 3684 1252; x_wconf 70' lang='lat' dir='ltr'><strong>Urunt</strong></span> 
     </span>
    </p>
   </div>
   <div class='ocr_carea' id='block_1_42' title="bbox 2114 1282 3687 1344">
    <p class='ocr_par' dir='ltr' id='par_1_42' title="bbox 2114 1282 3687 1344">
     <span class='ocr_line' id='line_1_42' title="bbox 2114 1282 3687 1344; baseline 0.011 -18"><span class='ocrx_word' id='word_1_300' title='bbox 2114 1283 2328 1326; x_wconf 79' lang='lat' dir='ltr'><strong>creatus</strong></span> <span class='ocrx_word' id='word_1_301' title='bbox 2362 1285 2443 1327; x_wconf 92' lang='lat' dir='ltr'><strong>est</strong></span> <span class='ocrx_word' id='word_1_302' title='bbox 2484 1286 2537 1329; x_wconf 81' lang='lat' dir='ltr'><strong>et</strong></span> <span class='ocrx_word' id='word_1_303' title='bbox 2573 1295 2747 1333; x_wconf 89' lang='lat' dir='ltr'><strong>novns</strong></span> <span class='ocrx_word' id='word_1_304' title='bbox 2789 1290 2930 1344; x_wconf 78' lang='lat' dir='ltr'><strong>erat,</strong></span> <span class='ocrx_word' id='word_1_305' title='bbox 2972 1282 3146 1338; x_wconf 81' lang='lat' dir='ltr'><strong>donec</strong></span> <span class='ocrx_word' id='word_1_306' title='bbox 3198 1288 3427 1341; x_wconf 76' lang='lat' dir='ltr'><strong>libenter</strong></span> <span class='ocrx_word' id='word_1_307' title='bbox 3468 1290 3687 1343; x_wconf 76' lang='lat' dir='ltr'><strong>diabolo</strong></span> 
     </span>
    </p>
   </div>
   <div class='ocr_carea' id='block_1_43' title="bbox 2114 1363 3685 1441">
    <p class='ocr_par' dir='ltr' id='par_1_43' title="bbox 2114 1363 3685 1441">
     <span class='ocr_line' id='line_1_43' title="bbox 2114 1363 3685 1441; baseline 0.012 -26"><span class='ocrx_word' id='word_1_308' title='bbox 2114 1363 2348 1419; x_wconf 82' lang='lat' dir='ltr'><strong>credens</strong></span> <span class='ocrx_word' id='word_1_309' title='bbox 2384 1373 2436 1419; x_wconf 78' lang='lat' dir='ltr'><strong>et</strong></span> <span class='ocrx_word' id='word_1_310' title='bbox 2469 1368 2535 1420; x_wconf 93' lang='lat' dir='ltr'><strong>ad</strong></span> <span class='ocrx_word' id='word_1_311' title='bbox 2570 1369 2875 1436; x_wconf 76' lang='lat' dir='ltr'><strong>voluptates</strong></span> <span class='ocrx_word' id='word_1_312' title='bbox 2926 1379 3111 1429; x_wconf 89' lang='lat' dir='ltr'><strong>carnis</strong></span> <span class='ocrx_word' id='word_1_313' title='bbox 3159 1393 3487 1441; x_wconf 83' lang='lat' dir='ltr'><strong>conversus,</strong></span> <span class='ocrx_word' id='word_1_314' title='bbox 3522 1385 3685 1434; x_wconf 74' lang='lat' dir='ltr'><strong>Sordc</strong></span> 
     </span>
    </p>
   </div>
   <div class='ocr_carea' id='block_1_44' title="bbox 2116 1457 3686 1536">
    <p class='ocr_par' dir='ltr' id='par_1_44' title="bbox 2116 1457 3686 1536">
     <span class='ocr_line' id='line_1_44' title="bbox 2116 1457 3686 1536; baseline 0.015 -31"><span class='ocrx_word' id='word_1_315' title='bbox 2116 1457 2322 1521; x_wconf 77' lang='lat' dir='ltr'><strong>peccati</strong></span> <span class='ocrx_word' id='word_1_316' title='bbox 2351 1458 2535 1524; x_wconf 84' lang='lat' dir='ltr'><strong>lapsus</strong></span> <span class='ocrx_word' id='word_1_317' title='bbox 2561 1462 2844 1515; x_wconf 77' lang='lat' dir='ltr'><strong>consenuit</strong></span> <span class='ocrx_word' id='word_1_318' title='bbox 2873 1475 2922 1518; x_wconf 90' lang='lat' dir='ltr'><strong>et</strong></span> <span class='ocrx_word' id='word_1_319' title='bbox 2951 1467 3007 1519; x_wconf 90' lang='lat' dir='ltr'><strong>in</strong></span> <span class='ocrx_word' id='word_1_320' title='bbox 3028 1470 3288 1536; x_wconf 84' lang='lat' dir='ltr'><strong>probrosa</strong></span> <span class='ocrx_word' id='word_1_321' title='bbox 3316 1484 3506 1527; x_wconf 73' lang='lat' dir='ltr'><strong>contra</strong></span> <span class='ocrx_word' id='word_1_322' title='bbox 3532 1485 3686 1528; x_wconf 72' lang='lat' dir='ltr'><strong>uatu-</strong></span> 
     </span>
    </p>
   </div>
   <div class='ocr_carea' id='block_1_45' title="bbox 2114 1549 2485 1602">
    <p class='ocr_par' dir='ltr' id='par_1_45' title="bbox 2114 1549 2485 1602">
     <span class='ocr_line' id='line_1_45' title="bbox 2114 1549 2485 1602; baseline 0.013 -5"><span class='ocrx_word' id='word_1_323' title='bbox 2114 1560 2229 1598; x_wconf 80' lang='lat' dir='ltr'><strong>ram</strong></span> <span class='ocrx_word' id='word_1_324' title='bbox 2263 1549 2485 1602; x_wconf 74' lang='lat' dir='ltr'><strong>decidit.</strong></span> 
     </span>
    </p>
   </div>
   <div class='ocr_carea' id='block_1_46' title="bbox 2191 1807 3689 1876">
    <p class='ocr_par' dir='ltr' id='par_1_46' title="bbox 2191 1807 3689 1876">
     <span class='ocr_line' id='line_1_46' title="bbox 2191 1807 3689 1876; baseline 0.013 -18"><span class='ocrx_word' id='word_1_325' title='bbox 2191 1807 2316 1861; x_wconf 79' lang='lat' dir='ltr'><strong>Ideo</strong></span> <span class='ocrx_word' id='word_1_326' title='bbox 2347 1825 2451 1862; x_wconf 87' lang='lat' dir='ltr'><strong>non</strong></span> <span class='ocrx_word' id='word_1_327' title='bbox 2509 1826 2670 1865; x_wconf 83' lang='lat' dir='ltr'><strong>manu</strong></span> <span class='ocrx_word' id='word_1_328' title='bbox 2709 1823 2918 1867; x_wconf 87' lang='lat' dir='ltr'><strong>tantum</strong></span> <span class='ocrx_word' id='word_1_329' title='bbox 2956 1816 3214 1872; x_wconf 79' lang='lat' dir='ltr'><strong>Dominus</strong></span> <span class='ocrx_word' id='word_1_330' title='bbox 3267 1824 3592 1876; x_wconf 79' lang='lat' dir='ltr'><strong>mirabiliter</strong></span> <span class='ocrx_word' id='word_1_331' title='bbox 3627 1826 3689 1876; x_wconf 83' lang='lat' dir='ltr'><strong>il-</strong></span> 
     </span>
    </p>
   </div>
   <div class='ocr_carea' id='block_1_47' title="bbox 2121 1900 3685 1981">
    <p class='ocr_par' dir='ltr' id='par_1_47' title="bbox 2121 1900 3685 1981">
     <span class='ocr_line' id='line_1_47' title="bbox 2121 1900 3685 1981; baseline 0.01 -30"><span class='ocrx_word' id='word_1_332' title='bbox 2121 1900 2229 1952; x_wconf 91' lang='lat' dir='ltr'><strong>lum</strong></span> <span class='ocrx_word' id='word_1_333' title='bbox 2274 1912 2520 1964; x_wconf 86' lang='lat' dir='ltr'><strong>renovat,</strong></span> <span class='ocrx_word' id='word_1_334' title='bbox 2574 1905 2666 1956; x_wconf 90' lang='lat' dir='ltr'><strong>sed</strong></span> <span class='ocrx_word' id='word_1_335' title='bbox 2701 1917 2755 1957; x_wconf 90' lang='lat' dir='ltr'><strong>et</strong></span> <span class='ocrx_word' id='word_1_336' title='bbox 2805 1906 2949 1960; x_wconf 87' lang='lat' dir='ltr'><strong>hunc</strong></span> <span class='ocrx_word' id='word_1_337' title='bbox 2982 1908 3036 1961; x_wconf 94' lang='lat' dir='ltr'><strong>in</strong></span> <span class='ocrx_word' id='word_1_338' title='bbox 3075 1913 3373 1981; x_wconf 85' lang='lat' dir='ltr'><strong>semetipso</strong></span> <span class='ocrx_word' id='word_1_339' title='bbox 3422 1915 3685 1974; x_wconf 88' lang='lat' dir='ltr'><strong>contin-t.</strong></span> 
     </span>
    </p>
   </div>
   <div class='ocr_carea' id='block_1_48' title="bbox 2118 1986 3689 2062">
    <p class='ocr_par' dir='ltr' id='par_1_48' title="bbox 2118 1986 3689 2062">
     <span class='ocr_line' id='line_1_48' title="bbox 2118 1986 3689 2062; baseline 0.01 -18"><span class='ocrx_word' id='word_1_340' title='bbox 2118 2007 2224 2044; x_wconf 91' lang='lat' dir='ltr'><strong>non</strong></span> <span class='ocrx_word' id='word_1_341' title='bbox 2277 1993 2453 2046; x_wconf 89' lang='lat' dir='ltr'><strong>solum</strong></span> <span class='ocrx_word' id='word_1_342' title='bbox 2490 1997 2906 2062; x_wconf 80' lang='lat' dir='ltr'><strong>apprehendens</strong></span> <span class='ocrx_word' id='word_1_343' title='bbox 2943 2009 2992 2053; x_wconf 86' lang='lat' dir='ltr'><strong>et</strong></span> <span class='ocrx_word' id='word_1_344' title='bbox 3031 2011 3284 2056; x_wconf 86' lang='lat' dir='ltr'><strong>naturam</strong></span> <span class='ocrx_word' id='word_1_345' title='bbox 3324 1986 3616 2059; x_wconf 81' lang='lat' dir='ltr'><strong>humanam</strong></span> <span class='ocrx_word' id='word_1_346' title='bbox 3656 2023 3689 2060; x_wconf 69' lang='grc' dir='ltr'><strong>α</strong></span> 
     </span>
    </p>
   </div>
   <div class='ocr_carea' id='block_1_49' title="bbox 2116 2083 3686 2154">
    <p class='ocr_par' dir='ltr' id='par_1_49' title="bbox 2116 2083 3686 2154">
     <span class='ocr_line' id='line_1_49' title="bbox 2116 2083 3686 2154; baseline 0.007 -17"><span class='ocrx_word' id='word_1_347' title='bbox 2116 2083 2273 2152; x_wconf 70' lang='lat' dir='ltr'><strong>lapsu</strong></span> <span class='ocrx_word' id='word_1_348' title='bbox 2306 2085 2543 2154; x_wconf 66' lang='lat' dir='ltr'><strong>erigens,</strong></span> <span class='ocrx_word' id='word_1_349' title='bbox 2580 2087 2673 2139; x_wconf 67' lang='lat' dir='ltr'><strong>svd</strong></span> <span class='ocrx_word' id='word_1_350' title='bbox 2705 2087 2871 2140; x_wconf 88' lang='lat' dir='ltr'><strong>etiam</strong></span> <span class='ocrx_word' id='word_1_351' title='bbox 2903 2105 3024 2144; x_wconf 82' lang='lat' dir='ltr'><strong>eam</strong></span> <span class='ocrx_word' id='word_1_352' title='bbox 3059 2092 3506 2151; x_wconf 84' lang='lat' dir='ltr'><strong>inenarrabiliter</strong></span> <span class='ocrx_word' id='word_1_353' title='bbox 3533 2114 3686 2152; x_wconf 81' lang='lat' dir='ltr'><strong>rom-</strong></span> 
     </span>
    </p>
   </div>
   <div class='ocr_carea' id='block_1_50' title="bbox 2117 2174 3689 2258">
    <p class='ocr_par' dir='ltr' id='par_1_50' title="bbox 2117 2174 3689 2258">
     <span class='ocr_line' id='line_1_50' title="bbox 2117 2174 3689 2258; baseline 0.011 -34"><span class='ocrx_word' id='word_1_354' title='bbox 2117 2175 2483 2242; x_wconf 76' lang='lat' dir='ltr'><strong>prehendens,</strong></span> <span class='ocrx_word' id='word_1_355' title='bbox 2513 2174 2617 2243; x_wconf 81' lang='lat' dir='ltr'><strong>ipsi</strong></span> <span class='ocrx_word' id='word_1_356' title='bbox 2659 2176 3070 2234; x_wconf 78' lang='lat' dir='ltr'><strong>indivisihiliter</strong></span> <span class='ocrx_word' id='word_1_357' title='bbox 3098 2184 3377 2241; x_wconf 86' lang='lat' dir='ltr'><strong>adunatns</strong></span> <span class='ocrx_word' id='word_1_358' title='bbox 3406 2198 3689 2258; x_wconf 73' lang='lat' dir='ltr'><strong>natusque</strong></span> 
     </span>
    </p>
   </div>
   <div class='ocr_carea' id='block_1_51' title="bbox 2121 2265 3688 2344">
    <p class='ocr_par' dir='ltr' id='par_1_51' title="bbox 2121 2265 3688 2344">
     <span class='ocr_line' id='line_1_51' title="bbox 2121 2265 3688 2344; baseline 0.013 -29"><span class='ocrx_word' id='word_1_359' title='bbox 2121 2265 2257 2319; x_wconf 90' lang='lat' dir='ltr'><strong>Dens</strong></span> <span class='ocrx_word' id='word_1_360' title='bbox 2287 2266 2447 2319; x_wconf 85' lang='lat' dir='ltr'><strong>simul</strong></span> <span class='ocrx_word' id='word_1_361' title='bbox 2479 2275 2531 2320; x_wconf 91' lang='lat' dir='ltr'><strong>et</strong></span> <span class='ocrx_word' id='word_1_362' title='bbox 2568 2270 2728 2322; x_wconf 92' lang='lat' dir='ltr'><strong>homo</strong></span> <span class='ocrx_word' id='word_1_363' title='bbox 2761 2288 2823 2323; x_wconf 82' lang='lat' dir='ltr'><strong>ex</strong></span> <span class='ocrx_word' id='word_1_364' title='bbox 2862 2273 3093 2328; x_wconf 87' lang='lat' dir='ltr'><strong>muliere</strong></span> <span class='ocrx_word' id='word_1_365' title='bbox 3119 2277 3363 2344; x_wconf 86' lang='lat' dir='ltr'><strong>quidem,</strong></span> <span class='ocrx_word' id='word_1_366' title='bbox 3395 2291 3450 2333; x_wconf 93' lang='lat' dir='ltr'><strong>ut</strong></span> <span class='ocrx_word' id='word_1_367' title='bbox 3480 2282 3626 2335; x_wconf 80' lang='lat' dir='ltr'><strong>illam</strong></span> <span class='ocrx_word' id='word_1_368' title='bbox 3657 2299 3688 2336; x_wconf 87' lang='lat' dir='ltr'><strong>a</strong></span> 
     </span>
    </p>
   </div>
   <div class='ocr_carea' id='block_1_52' title="bbox 2116 2358 3688 2441">
    <p class='ocr_par' dir='ltr' id='par_1_52' title="bbox 2116 2358 3688 2441">
     <span class='ocr_line' id='line_1_52' title="bbox 2116 2358 3688 2441; baseline 0.012 -31"><span class='ocrx_word' id='word_1_369' title='bbox 2116 2371 2175 2410; x_wconf 92' lang='lat' dir='ltr'><strong>se</strong></span> <span class='ocrx_word' id='word_1_370' title='bbox 2205 2358 2477 2410; x_wconf 87' lang='lat' dir='ltr'><strong>conditam</strong></span> <span class='ocrx_word' id='word_1_371' title='bbox 2517 2368 2571 2413; x_wconf 90' lang='lat' dir='ltr'><strong>et</strong></span> <span class='ocrx_word' id='word_1_372' title='bbox 2600 2362 2819 2430; x_wconf 61' lang='lat' dir='ltr'><strong>maligni</strong></span> <span class='ocrx_word' id='word_1_373' title='bbox 2852 2364 3065 2420; x_wconf 85' lang='lat' dir='ltr'><strong>insidiis</strong></span> <span class='ocrx_word' id='word_1_374' title='bbox 3102 2369 3345 2423; x_wconf 86' lang='lat' dir='ltr'><strong>delusatn</strong></span> <span class='ocrx_word' id='word_1_375' title='bbox 3376 2374 3688 2441; x_wconf 61' lang='lat' dir='ltr'><strong>apprehen-</strong></span> 
     </span>
    </p>
   </div>
   <div class='ocr_carea' id='block_1_53' title="bbox 2115 2449 3686 2531">
    <p class='ocr_par' dir='ltr' id='par_1_53' title="bbox 2115 2449 3686 2531">
     <span class='ocr_line' id='line_1_53' title="bbox 2115 2449 3686 2531; baseline 0.009 -28"><span class='ocrx_word' id='word_1_376' title='bbox 2115 2449 2267 2503; x_wconf 89' lang='lat' dir='ltr'><strong>deret</strong></span> <span class='ocrx_word' id='word_1_377' title='bbox 2293 2460 2569 2514; x_wconf 79' lang='lat' dir='ltr'><strong>naturam,</strong></span> <span class='ocrx_word' id='word_1_378' title='bbox 2603 2470 2664 2505; x_wconf 83' lang='lat' dir='ltr'><strong>ex</strong></span> <span class='ocrx_word' id='word_1_379' title='bbox 2703 2456 2939 2509; x_wconf 88' lang='lat' dir='ltr'><strong>muliere</strong></span> <span class='ocrx_word' id='word_1_380' title='bbox 2986 2468 3166 2512; x_wconf 81' lang='lat' dir='ltr'><strong>autem</strong></span> <span class='ocrx_word' id='word_1_381' title='bbox 3208 2462 3437 2531; x_wconf 80' lang='lat' dir='ltr'><strong>virgine,</strong></span> <span class='ocrx_word' id='word_1_382' title='bbox 3478 2475 3536 2517; x_wconf 91' lang='lat' dir='ltr'><strong>ut</strong></span> <span class='ocrx_word' id='word_1_383' title='bbox 3587 2484 3686 2519; x_wconf 84' lang='lat' dir='ltr'><strong>no-</strong></span> 
     </span>
    </p>
   </div>
   <div class='ocr_carea' id='block_1_54' title="bbox 2119 2540 3690 2620">
    <p class='ocr_par' dir='ltr' id='par_1_54' title="bbox 2119 2540 3690 2620">
     <span class='ocr_line' id='line_1_54' title="bbox 2119 2540 3690 2620; baseline 0.012 -31"><span class='ocrx_word' id='word_1_384' title='bbox 2119 2556 2241 2591; x_wconf 88' lang='lat' dir='ltr'><strong>vum</strong></span> <span class='ocrx_word' id='word_1_385' title='bbox 2277 2540 2480 2595; x_wconf 83' lang='lat' dir='ltr'><strong>faceret</strong></span> <span class='ocrx_word' id='word_1_386' title='bbox 2518 2543 2814 2597; x_wconf 85' lang='lat' dir='ltr'><strong>hominem.</strong></span> <span class='ocrx_word' id='word_1_387' title='bbox 2845 2544 2899 2598; x_wconf 89' lang='lat' dir='ltr'><strong>Si</strong></span> <span class='ocrx_word' id='word_1_388' title='bbox 2938 2549 3083 2601; x_wconf 88' lang='lat' dir='ltr'><strong>enim</strong></span> <span class='ocrx_word' id='word_1_389' title='bbox 3129 2566 3159 2601; x_wconf 90' lang='lat' dir='ltr'><strong>e</strong></span> <span class='ocrx_word' id='word_1_390' title='bbox 3208 2553 3415 2607; x_wconf 85' lang='lat' dir='ltr'><strong>semine</strong></span> <span class='ocrx_word' id='word_1_391' title='bbox 3469 2554 3690 2620; x_wconf 63' lang='lat' dir='ltr'><strong>fuisset,</strong></span> 
     </span>
    </p>
   </div>
   <div class='ocr_carea' id='block_1_55' title="bbox 2118 2638 3686 2716">
    <p class='ocr_par' dir='ltr' id='par_1_55' title="bbox 2118 2638 3686 2716">
     <span class='ocr_line' id='line_1_55' title="bbox 2118 2638 3686 2716; baseline 0.012 -32"><span class='ocrx_word' id='word_1_392' title='bbox 2118 2647 2223 2685; x_wconf 91' lang='lat' dir='ltr'><strong>non</strong></span> <span class='ocrx_word' id='word_1_393' title='bbox 2255 2641 2401 2687; x_wconf 83' lang='lat' dir='ltr'><strong>esset</strong></span> <span class='ocrx_word' id='word_1_394' title='bbox 2427 2649 2613 2689; x_wconf 79' lang='lat' dir='ltr'><strong>novus-</strong></span> <span class='ocrx_word' id='word_1_395' title='bbox 2638 2638 2823 2701; x_wconf 89' lang='lat' dir='ltr'><strong>homo,</strong></span> <span class='ocrx_word' id='word_1_396' title='bbox 2868 2655 2966 2692; x_wconf 92' lang='lat' dir='ltr'><strong>nec</strong></span> <span class='ocrx_word' id='word_1_397' title='bbox 3010 2656 3166 2694; x_wconf 75' lang='lat' dir='ltr'><strong>omne</strong></span> <span class='ocrx_word' id='word_1_398' title='bbox 3213 2659 3392 2710; x_wconf 91' lang='lat' dir='ltr'><strong>neque</strong></span> <span class='ocrx_word' id='word_1_399' title='bbox 3442 2663 3686 2716; x_wconf 84' lang='lat' dir='ltr'><strong>unquam</strong></span> 
     </span>
    </p>
   </div>
   <div class='ocr_carea' id='block_1_56' title="bbox 2116 2727 3685 2806">
    <p class='ocr_par' dir='ltr' id='par_1_56' title="bbox 2116 2727 3685 2806">
     <span class='ocr_line' id='line_1_56' title="bbox 2116 2727 3685 2806; baseline 0.013 -30"><span class='ocrx_word' id='word_1_400' title='bbox 2116 2733 2443 2781; x_wconf 74' lang='lat' dir='ltr'><strong>veteratura:</strong></span> <span class='ocrx_word' id='word_1_401' title='bbox 2476 2727 2600 2781; x_wconf 74' lang='lat' dir='ltr'><strong>vita:</strong></span> <span class='ocrx_word' id='word_1_402' title='bbox 2629 2729 2739 2781; x_wconf 82' lang='lat' dir='ltr'><strong>dux</strong></span> <span class='ocrx_word' id='word_1_403' title='bbox 2772 2742 2824 2784; x_wconf 90' lang='lat' dir='ltr'><strong>et</strong></span> <span class='ocrx_word' id='word_1_404' title='bbox 2853 2741 3068 2794; x_wconf 86' lang='lat' dir='ltr'><strong>auctor.</strong></span> <span class='ocrx_word' id='word_1_405' title='bbox 3105 2750 3204 2789; x_wconf 88' lang='lat' dir='ltr'><strong>nec</strong></span> <span class='ocrx_word' id='word_1_406' title='bbox 3236 2740 3523 2806; x_wconf 40' lang='lat' dir='ltr'><strong>potuisset,</strong></span> <span class='ocrx_word' id='word_1_407' title='bbox 3560 2756 3685 2796; x_wconf 70' lang='lat' dir='ltr'><strong>cum</strong></span> 
     </span>
    </p>
   </div>
   <div class='ocr_carea' id='block_1_57' title="bbox 2115 2814 3692 2899">
    <p class='ocr_par' dir='ltr' id='par_1_57' title="bbox 2115 2814 3692 2899">
     <span class='ocr_line' id='line_1_57' title="bbox 2115 2814 3692 2899; baseline 0.01 -31"><span class='ocrx_word' id='word_1_408' title='bbox 2115 2828 2179 2869; x_wconf 78' lang='lat' dir='ltr'><strong>ex</strong></span> <span class='ocrx_word' id='word_1_409' title='bbox 2216 2827 2398 2871; x_wconf 84' lang='lat' dir='ltr'><strong>vetere</strong></span> <span class='ocrx_word' id='word_1_410' title='bbox 2439 2814 2618 2886; x_wconf 71' lang='lat' dir='ltr'><strong>panno</strong></span> <span class='ocrx_word' id='word_1_411' title='bbox 2666 2818 2882 2883; x_wconf 81' lang='lat' dir='ltr'><strong>fuisset,</strong></span> <span class='ocrx_word' id='word_1_412' title='bbox 2934 2824 3330 2891; x_wconf 81' lang='lat' dir='ltr'><strong>plenitudinem</strong></span> <span class='ocrx_word' id='word_1_413' title='bbox 3373 2830 3692 2899; x_wconf 81' lang='lat' dir='ltr'><strong>purissima-</strong></span> 
     </span>
    </p>
   </div>
   <div class='ocr_carea' id='block_1_58' title="bbox 2115 2906 3689 2982">
    <p class='ocr_par' dir='ltr' id='par_1_58' title="bbox 2115 2906 3689 2982">
     <span class='ocr_line' id='line_1_58' title="bbox 2115 2906 3689 2982; baseline 0.01 -19"><span class='ocrx_word' id='word_1_414' title='bbox 2115 2906 2418 2963; x_wconf 87' lang='lat' dir='ltr'><strong>divinitatis</strong></span> <span class='ocrx_word' id='word_1_415' title='bbox 2452 2912 2503 2962; x_wconf 91' lang='lat' dir='ltr'><strong>in</strong></span> <span class='ocrx_word' id='word_1_416' title='bbox 2534 2926 2593 2965; x_wconf 85' lang='lat' dir='ltr'><strong>se</strong></span> <span class='ocrx_word' id='word_1_417' title='bbox 2623 2913 2866 2982; x_wconf 89' lang='lat' dir='ltr'><strong>recipere</strong></span> <span class='ocrx_word' id='word_1_418' title='bbox 2897 2924 2951 2967; x_wconf 92' lang='lat' dir='ltr'><strong>et</strong></span> <span class='ocrx_word' id='word_1_419' title='bbox 2996 2914 3196 2970; x_wconf 73' lang='lat' dir='ltr'><strong>fontem</strong></span> <span class='ocrx_word' id='word_1_420' title='bbox 3231 2923 3689 2978; x_wconf 74' lang='lat' dir='ltr'><strong>sanctiﬁcationis</strong></span> 
     </span>
    </p>
   </div>
   <div class='ocr_carea' id='block_1_59' title="bbox 2116 3002 3690 3083">
    <p class='ocr_par' dir='ltr' id='par_1_59' title="bbox 2116 3002 3690 3083">
     <span class='ocr_line' id='line_1_59' title="bbox 2116 3002 3690 3083; baseline 0.01 -27"><span class='ocrx_word' id='word_1_421' title='bbox 2116 3002 2503 3060; x_wconf 79' lang='lat' dir='ltr'><strong>inexhaustum</strong></span> <span class='ocrx_word' id='word_1_422' title='bbox 2538 3021 2757 3061; x_wconf 89' lang='lat' dir='ltr'><strong>carnem</strong></span> <span class='ocrx_word' id='word_1_423' title='bbox 2791 3009 3023 3071; x_wconf 71' lang='lat' dir='ltr'><strong>edicere.</strong></span> <span class='ocrx_word' id='word_1_424' title='bbox 3072 3012 3142 3065; x_wconf 91' lang='lat' dir='ltr'><strong>ita</strong></span> <span class='ocrx_word' id='word_1_425' title='bbox 3178 3023 3233 3065; x_wconf 88' lang='lat' dir='ltr'><strong>ttt</strong></span> <span class='ocrx_word' id='word_1_426' title='bbox 3265 3017 3418 3083; x_wconf 86' lang='lat' dir='ltr'><strong>copia</strong></span> <span class='ocrx_word' id='word_1_427' title='bbox 3467 3018 3690 3072; x_wconf 68' lang='lat' dir='ltr'><strong>virtutis</strong></span> 
     </span>
    </p>
   </div>
   <div class='ocr_carea' id='block_1_60' title="bbox 439 3098 2193 3184">
    <p class='ocr_par' dir='ltr' id='par_1_60' title="bbox 439 3104 2193 3184">
     <span class='ocr_line' id='line_1_60' title="bbox 439 3104 2193 3184; baseline 0.001 -25"><span class='ocrx_word' id='word_1_428' title='bbox 439 3108 540 3178; x_wconf 80' lang='grc' dir='ltr'><strong>γῆν</strong></span> <span class='ocrx_word' id='word_1_429' title='bbox 569 3106 795 3175; x_wconf 78' lang='grc' dir='ltr'>ποιῆσαι</span> <span class='ocrx_word' id='word_1_430' title='bbox 823 3108 919 3172; x_wconf 74' lang='grc' dir='ltr'>τὴν</span> <span class='ocrx_word' id='word_1_431' title='bbox 950 3105 1132 3176; x_wconf 82' lang='grc' dir='ltr'>σάρκα</span> <span class='ocrx_word' id='word_1_432' title='bbox 1157 3105 1251 3158; x_wconf 87' lang='grc' dir='ltr'><strong>τοῦ</strong></span> <span class='ocrx_word' id='word_1_433' title='bbox 1287 3105 1563 3175; x_wconf 84' lang='grc' dir='ltr'>ἀγιασμοῦ</span> <span class='ocrx_word' id='word_1_434' title='bbox 1594 3106 2008 3179; x_wconf 81' lang='grc' dir='ltr'>ἀνεξάντλητον,</span> <span class='ocrx_word' id='word_1_435' title='bbox 2037 3127 2079 3184; x_wconf 77' lang='lat' dir='ltr'><strong>C</strong></span> <span class='ocrx_word' id='word_1_436' title='bbox 2116 3104 2193 3161; x_wconf 71' lang='lat' dir='ltr'><strong>Pal</strong></span> 
     </span>
    </p>
   </div>
   <div class='ocr_carea' id='block_1_61' title="bbox 1934 3098 3688 3184">
    <p class='ocr_par' dir='ltr' id='par_1_61' title="bbox 1934 3098 3688 3184">
     <span class='ocr_line' id='line_1_61' title="bbox 1934 3098 3688 3184; baseline 0.009 -39"><span class='ocrx_word' id='word_1_437' title='bbox 1934 3126 2008 3175; x_wconf 57' lang='grc' dir='ltr'><strong>ον,</strong></span> <span class='ocrx_word' id='word_1_438' title='bbox 2037 3127 2079 3184; x_wconf 76' lang='lat' dir='ltr'><strong><em>C</em></strong></span> <span class='ocrx_word' id='word_1_439' title='bbox 2116 3104 2328 3161; x_wconf 89' lang='lat' dir='ltr'><strong>patrum</strong></span> <span class='ocrx_word' id='word_1_440' title='bbox 2361 3098 2550 3150; x_wconf 86' lang='lat' dir='ltr'><strong>sordes</strong></span> <span class='ocrx_word' id='word_1_441' title='bbox 2601 3098 2866 3159; x_wconf 84' lang='lat' dir='ltr'><strong>ahluerct,</strong></span> <span class='ocrx_word' id='word_1_442' title='bbox 2921 3108 2975 3151; x_wconf 93' lang='lat' dir='ltr'><strong>et</strong></span> <span class='ocrx_word' id='word_1_443' title='bbox 3028 3106 3257 3168; x_wconf 88' lang='lat' dir='ltr'><strong>posteris</strong></span> <span class='ocrx_word' id='word_1_444' title='bbox 3304 3105 3564 3158; x_wconf 80' lang='lat' dir='ltr'><strong>omnibus</strong></span> <span class='ocrx_word' id='word_1_445' title='bbox 3619 3110 3688 3161; x_wconf 85' lang='lat' dir='ltr'><strong>ad</strong></span> 
     </span>
    </p>
   </div>
   <div class='ocr_carea' id='block_1_62' title="bbox 440 3197 2008 3268">
    <p class='ocr_par' dir='ltr' id='par_1_62' title="bbox 440 3197 2008 3268">
     <span class='ocr_line' id='line_1_62' title="bbox 440 3197 2008 3268; baseline 0.001 -16"><span class='ocrx_word' id='word_1_446' title='bbox 440 3201 513 3261; x_wconf 82' lang='grc' dir='ltr'><strong>ὡς</strong></span> <span class='ocrx_word' id='word_1_447' title='bbox 555 3203 645 3251; x_wconf 82' lang='grc' dir='ltr'>καὶ</span> <span class='ocrx_word' id='word_1_448' title='bbox 674 3199 780 3251; x_wconf 79' lang='grc' dir='ltr'>τῶν</span> <span class='ocrx_word' id='word_1_449' title='bbox 810 3199 1174 3267; x_wconf 77' lang='grc' dir='ltr'>προπατόρων</span> <span class='ocrx_word' id='word_1_450' title='bbox 1206 3197 1429 3251; x_wconf 77' lang='grc' dir='ltr'>ἐκείνων</span> <span class='ocrx_word' id='word_1_451' title='bbox 1460 3197 1551 3251; x_wconf 80' lang='grc' dir='ltr'>τὸν</span> <span class='ocrx_word' id='word_1_452' title='bbox 1573 3198 1849 3268; x_wconf 80' lang='grc' dir='ltr'>μολυσμὸν</span> <span class='ocrx_word' id='word_1_453' title='bbox 1873 3202 2008 3254; x_wconf 83' lang='grc' dir='ltr'>ἀπο-</span> 
     </span>
    </p>
   </div>
   <div class='ocr_carea' id='block_1_63' title="bbox 441 3288 2007 3361">
    <p class='ocr_par' dir='ltr' id='par_1_63' title="bbox 441 3288 2007 3361">
     <span class='ocr_line' id='line_1_63' title="bbox 441 3288 2007 3361; baseline 0.001 -17"><span class='ocrx_word' id='word_1_454' title='bbox 441 3291 641 3345; x_wconf 86' lang='grc' dir='ltr'>πλῦναι</span> <span class='ocrx_word' id='word_1_455' title='bbox 686 3290 975 3360; x_wconf 68' lang='grc' dir='ltr'>περιουσίᾳ</span> <span class='ocrx_word' id='word_1_456' title='bbox 1009 3289 1316 3358; x_wconf 84' lang='grc' dir='ltr'>δυνάμεως,</span> <span class='ocrx_word' id='word_1_457' title='bbox 1362 3288 1458 3342; x_wconf 78' lang='grc' dir='ltr'>καὶ</span> <span class='ocrx_word' id='word_1_458' title='bbox 1495 3292 1607 3352; x_wconf 75' lang='grc' dir='ltr'>τοῖς</span> <span class='ocrx_word' id='word_1_459' title='bbox 1648 3288 1777 3358; x_wconf 80' lang='grc' dir='ltr'><strong>ἑξῆς</strong></span> <span class='ocrx_word' id='word_1_460' title='bbox 1816 3293 2007 3361; x_wconf 83' lang='grc' dir='ltr'>ἀρκεῖν</span> 
     </span>
    </p>
   </div>
   <div class='ocr_carea' id='block_1_64' title="bbox 441 3380 2007 3451">
    <p class='ocr_par' dir='ltr' id='par_1_64' title="bbox 441 3380 2007 3451">
     <span class='ocr_line' id='line_1_64' title="bbox 441 3380 2007 3451; baseline 0.001 -18"><span class='ocrx_word' id='word_1_461' title='bbox 441 3383 577 3451; x_wconf 72' lang='grc' dir='ltr'>πρὸς</span> <span class='ocrx_word' id='word_1_462' title='bbox 608 3381 876 3449; x_wconf 79' lang='grc' dir='ltr'>άγιασμὺν</span> <span class='ocrx_word' id='word_1_463' title='bbox 916 3382 1108 3435; x_wconf 74' lang='grc' dir='ltr'>ἅπασι.</span> <span class='ocrx_word' id='word_1_464' title='bbox 1153 3381 1250 3432; x_wconf 79' lang='grc' dir='ltr'><strong>Διὰ</strong></span> <span class='ocrx_word' id='word_1_465' title='bbox 1283 3380 1446 3434; x_wconf 90' lang='grc' dir='ltr'>τοῦτο</span> <span class='ocrx_word' id='word_1_466' title='bbox 1478 3380 1578 3433; x_wconf 89' lang='grc' dir='ltr'><strong>οῦκ</strong></span> <span class='ocrx_word' id='word_1_467' title='bbox 1616 3380 1869 3449; x_wconf 77' lang='grc' dir='ltr'>ἄγγελος,</span> <span class='ocrx_word' id='word_1_468' title='bbox 1906 3383 2007 3435; x_wconf 84' lang='grc' dir='ltr'>οὐκ</span> 
     </span>
    </p>
   </div>
   <div class='ocr_carea' id='block_1_65' title="bbox 442 3469 2007 3543">
    <p class='ocr_par' dir='ltr' id='par_1_65' title="bbox 442 3469 2007 3543">
     <span class='ocr_line' id='line_1_65' title="bbox 442 3469 2007 3543; baseline 0.003 -19"><span class='ocrx_word' id='word_1_469' title='bbox 442 3473 743 3542; x_wconf 70' lang='grc' dir='ltr'>ἄνθρωπος,</span> <span class='ocrx_word' id='word_1_470' title='bbox 780 3471 895 3523; x_wconf 79' lang='grc' dir='ltr'>ἀλλ’</span> <span class='ocrx_word' id='word_1_471' title='bbox 934 3472 1090 3534; x_wconf 76' lang='grc' dir='ltr'>αὐτὸς</span> <span class='ocrx_word' id='word_1_472' title='bbox 1132 3471 1160 3523; x_wconf 88' lang='lat'><strong>6</strong></span> <span class='ocrx_word' id='word_1_473' title='bbox 1196 3470 1399 3541; x_wconf 82' lang='grc' dir='ltr'>Κύριος</span> <span class='ocrx_word' id='word_1_474' title='bbox 1445 3469 1618 3534; x_wconf 81' lang='grc' dir='ltr'>οὕτως</span> <span class='ocrx_word' id='word_1_475' title='bbox 1648 3472 1908 3543; x_wconf 79' lang='grc' dir='ltr'>εὐδόκησε</span> <span class='ocrx_word' id='word_1_476' title='bbox 1938 3474 2007 3528; x_wconf 86' lang='grc' dir='ltr'>δι’</span> 
     </span>
    </p>
   </div>
   <div class='ocr_carea' id='block_1_66' title="bbox 442 3561 2007 3633">
    <p class='ocr_par' dir='ltr' id='par_1_66' title="bbox 442 3561 2007 3633">
     <span class='ocr_line' id='line_1_66' title="bbox 442 3561 2007 3633; baseline 0.002 -19"><span class='ocrx_word' id='word_1_477' title='bbox 442 3563 587 3625; x_wconf 78' lang='grc' dir='ltr'>ἔλεος</span> <span class='ocrx_word' id='word_1_478' title='bbox 617 3563 764 3633; x_wconf 77' lang='grc' dir='ltr'>ἡμᾶς</span> <span class='ocrx_word' id='word_1_479' title='bbox 794 3561 968 3613; x_wconf 84' lang='grc' dir='ltr'>σῶσαι</span> <span class='ocrx_word' id='word_1_480' title='bbox 994 3562 1089 3615; x_wconf 71' lang='grc' dir='ltr'><strong>καὶ</strong></span> <span class='ocrx_word' id='word_1_481' title='bbox 1120 3562 1456 3623; x_wconf 81' lang='grc' dir='ltr'><strong>ἀναπλάσαι,</strong></span> <span class='ocrx_word' id='word_1_482' title='bbox 1487 3564 1680 3632; x_wconf 84' lang='grc' dir='ltr'>μείνας</span> <span class='ocrx_word' id='word_1_483' title='bbox 1711 3562 1814 3631; x_wconf 84' lang='grc' dir='ltr'>μὲν</span> <span class='ocrx_word' id='word_1_484' title='bbox 1842 3565 2007 3619; x_wconf 85' lang='grc' dir='ltr'>ἀναλ-</span> 
     </span>
    </p>
   </div>
   <div class='ocr_carea' id='block_1_67' title="bbox 443 3652 2011 3725">
    <p class='ocr_par' dir='ltr' id='par_1_67' title="bbox 443 3652 2011 3725">
     <span class='ocr_line' id='line_1_67' title="bbox 443 3652 2011 3725; baseline 0.002 -19"><span class='ocrx_word' id='word_1_485' title='bbox 443 3653 681 3717; x_wconf 67' lang='grc' dir='ltr'>ιοιώτως</span> <span class='ocrx_word' id='word_1_486' title='bbox 720 3654 875 3717; x_wconf 67' lang='grc' dir='ltr'>Θεὸς,</span> <span class='ocrx_word' id='word_1_487' title='bbox 923 3652 1207 3723; x_wconf 88' lang='grc' dir='ltr'>προελθὼν</span> <span class='ocrx_word' id='word_1_488' title='bbox 1235 3654 1292 3708; x_wconf 76' lang='grc' dir='ltr'><strong>δὲ</strong></span> <span class='ocrx_word' id='word_1_489' title='bbox 1322 3654 1527 3716; x_wconf 83' lang='grc' dir='ltr'>τέλειος</span> <span class='ocrx_word' id='word_1_490' title='bbox 1560 3654 1683 3708; x_wconf 84' lang='grc' dir='ltr'>καθ’</span> <span class='ocrx_word' id='word_1_491' title='bbox 1724 3657 1872 3725; x_wconf 74' lang='grc' dir='ltr'>ἡμᾶς</span> <span class='ocrx_word' id='word_1_492' title='bbox 1919 3658 2011 3711; x_wconf 69' lang='grc' dir='ltr'>ἄνε-</span> 
     </span>
    </p>
   </div>
   <div class='ocr_carea' id='block_1_68' title="bbox 444 3748 678 3818">
    <p class='ocr_par' dir='ltr' id='par_1_68' title="bbox 444 3748 678 3818">
     <span class='ocr_line' id='line_1_68' title="bbox 444 3748 678 3818; baseline 0.004 -19"><span class='ocrx_word' id='word_1_493' title='bbox 444 3748 469 3799; x_wconf 81' lang='grc' dir='ltr'><strong>θ</strong></span> <span class='ocrx_word' id='word_1_494' title='bbox 476 3763 678 3818; x_wconf 81' lang='grc' dir='ltr'>ρωπος.</span> 
     </span>
    </p>
   </div>
   <div class='ocr_carea' id='block_1_69' title="bbox 514 3836 2009 3912">
    <p class='ocr_par' dir='ltr' id='par_1_69' title="bbox 514 3836 2009 3912">
     <span class='ocr_line' id='line_1_69' title="bbox 514 3836 2009 3912; baseline 0.004 -23"><span class='ocrx_word' id='word_1_495' title='bbox 514 3837 775 3890; x_wconf 83' lang='grc' dir='ltr'>Γεννᾶται</span> <span class='ocrx_word' id='word_1_496' title='bbox 810 3836 1097 3908; x_wconf 85' lang='grc' dir='ltr'>τοιγαροῦν</span> <span class='ocrx_word' id='word_1_497' title='bbox 1136 3838 1199 3891; x_wconf 81' lang='grc' dir='ltr'>ὲκ</span> <span class='ocrx_word' id='word_1_498' title='bbox 1249 3838 1525 3908; x_wconf 81' lang='grc' dir='ltr'>Παρθένου</span> <span class='ocrx_word' id='word_1_499' title='bbox 1566 3839 1727 3907; x_wconf 80' lang='grc' dir='ltr'>ἁγίας</span> <span class='ocrx_word' id='word_1_500' title='bbox 1774 3842 1801 3894; x_wconf 89' lang='lat'><strong>6</strong></span> <span class='ocrx_word' id='word_1_501' title='bbox 1852 3842 2009 3912; x_wconf 81' lang='grc' dir='ltr'>μόνος</span> 
     </span>
    </p>
   </div>
   <div class='ocr_carea' id='block_1_70' title="bbox 444 3930 2010 4005">
    <p class='ocr_par' dir='ltr' id='par_1_70' title="bbox 444 3930 2010 4005">
     <span class='ocr_line' id='line_1_70' title="bbox 444 3930 2010 4005; baseline 0.004 -22"><span class='ocrx_word' id='word_1_502' title='bbox 444 3930 501 3997; x_wconf 81' lang='grc' dir='ltr'><strong>ἐξ</strong></span> <span class='ocrx_word' id='word_1_503' title='bbox 532 3930 728 3993; x_wconf 83' lang='grc' dir='ltr'>αίῶνος</span> <span class='ocrx_word' id='word_1_504' title='bbox 764 3930 1139 3994; x_wconf 84' lang='grc' dir='ltr'>ἀνυπεύθυνος</span> <span class='ocrx_word' id='word_1_505' title='bbox 1187 3931 1491 4005; x_wconf 73' lang='grc' dir='ltr'>ἄνθρωπος,</span> <span class='ocrx_word' id='word_1_506' title='bbox 1517 3932 1545 3985; x_wconf 88' lang='lat'><strong>6</strong></span> <span class='ocrx_word' id='word_1_507' title='bbox 1578 3934 1734 4003; x_wconf 80' lang='grc' dir='ltr'>μόνος</span> <span class='ocrx_word' id='word_1_508' title='bbox 1768 3934 2010 4005; x_wconf 83' lang='grc' dir='ltr'>μηδαμό-</span> 
     </span>
    </p>
   </div>
   <div class='ocr_carea' id='block_1_71' title="bbox 444 4022 2010 4096">
    <p class='ocr_par' dir='ltr' id='par_1_71' title="bbox 444 4022 2010 4096">
     <span class='ocr_line' id='line_1_71' title="bbox 444 4022 2010 4096; baseline 0.001 -20"><span class='ocrx_word' id='word_1_509' title='bbox 444 4024 534 4076; x_wconf 87' lang='grc' dir='ltr'><strong>θεν</strong></span> <span class='ocrx_word' id='word_1_510' title='bbox 556 4024 631 4076; x_wconf 85' lang='grc' dir='ltr'>ὣν</span> <span class='ocrx_word' id='word_1_511' title='bbox 663 4024 761 4094; x_wconf 86' lang='grc' dir='ltr'><strong>τῆς</strong></span> <span class='ocrx_word' id='word_1_512' title='bbox 787 4022 880 4076; x_wconf 90' lang='grc' dir='ltr'><strong>τοῦ</strong></span> <span class='ocrx_word' id='word_1_513' title='bbox 912 4022 1048 4076; x_wconf 91' lang='grc' dir='ltr'>Θεοῦ</span> <span class='ocrx_word' id='word_1_514' title='bbox 1075 4022 1511 4093; x_wconf 70' lang='grc' dir='ltr'>ἐγκαταλείψεως</span> <span class='ocrx_word' id='word_1_515' title='bbox 1533 4024 1703 4090; x_wconf 77' lang='grc' dir='ltr'><strong>ἄξιος.</strong></span> <span class='ocrx_word' id='word_1_516' title='bbox 1740 4028 1847 4078; x_wconf 69' lang='grc' dir='ltr'><strong>Καὶ</strong></span> <span class='ocrx_word' id='word_1_517' title='bbox 1878 4027 2010 4096; x_wconf 73' lang='grc' dir='ltr'>πρὶν</span> 
     </span>
    </p>
   </div>
   <div class='ocr_carea' id='block_1_72' title="bbox 448 4114 2011 4190">
    <p class='ocr_par' dir='ltr' id='par_1_72' title="bbox 448 4114 2011 4190">
     <span class='ocr_line' id='line_1_72' title="bbox 448 4114 2011 4190; baseline 0.003 -22"><span class='ocrx_word' id='word_1_518' title='bbox 448 4116 476 4187; x_wconf 66' lang='grc' dir='ltr'>ἢ</span> <span class='ocrx_word' id='word_1_519' title='bbox 510 4114 716 4184; x_wconf 84' lang='grc' dir='ltr'>γνῶναι</span> <span class='ocrx_word' id='word_1_520' title='bbox 764 4115 822 4168; x_wconf 87' lang='grc' dir='ltr'><strong>τδ</strong></span> <span class='ocrx_word' id='word_1_521' title='bbox 858 4115 1027 4168; x_wconf 78' lang='grc' dir='ltr'>κακὸν</span> <span class='ocrx_word' id='word_1_522' title='bbox 1066 4116 1347 4183; x_wconf 77' lang='grc' dir='ltr'><strong>ἐκλέγεται</strong></span> <span class='ocrx_word' id='word_1_523' title='bbox 1379 4115 1438 4168; x_wconf 84' lang='grc' dir='ltr'><strong>τὸ</strong></span> <span class='ocrx_word' id='word_1_524' title='bbox 1470 4115 1698 4184; x_wconf 81' lang='grc' dir='ltr'>ἀγαθὸν,</span> <span class='ocrx_word' id='word_1_525' title='bbox 1730 4120 1872 4171; x_wconf 85' lang='grc' dir='ltr'><strong>κατά</strong></span> <span class='ocrx_word' id='word_1_526' title='bbox 1910 4120 2011 4190; x_wconf 80' lang='grc' dir='ltr'><strong>τὴν</strong></span> 
     </span>
    </p>
   </div>
   <div class='ocr_carea' id='block_1_73' title="bbox 444 4206 2011 4280">
    <p class='ocr_par' dir='ltr' id='par_1_73' title="bbox 444 4206 2011 4280">
     <span class='ocr_line' id='line_1_73' title="bbox 444 4206 2011 4280; baseline 0.003 -20"><span class='ocrx_word' id='word_1_527' title='bbox 444 4208 819 4278; x_wconf 56' lang='grc' dir='ltr'>προφητείαν</span> <span class='ocrx_word' id='word_1_528' title='bbox 859 4207 954 4259; x_wconf 85' lang='grc' dir='ltr'>καὶ</span> <span class='ocrx_word' id='word_1_529' title='bbox 1008 4206 1115 4270; x_wconf 85' lang='grc' dir='ltr'>βιοῖ</span> <span class='ocrx_word' id='word_1_530' title='bbox 1148 4206 1262 4276; x_wconf 86' lang='grc' dir='ltr'>βίον</span> <span class='ocrx_word' id='word_1_531' title='bbox 1298 4207 1641 4261; x_wconf 85' lang='grc' dir='ltr'>παντάπασιν</span> <span class='ocrx_word' id='word_1_532' title='bbox 1689 4210 2011 4280; x_wconf 78' lang='grc' dir='ltr'>ἀναμάρτη-</span> 
     </span>
    </p>
   </div>
   <div class='ocr_carea' id='block_1_74' title="bbox 444 4298 2010 4371">
    <p class='ocr_par' dir='ltr' id='par_1_74' title="bbox 444 4298 2010 4371">
     <span class='ocr_line' id='line_1_74' title="bbox 444 4298 2010 4371; baseline 0.003 -19"><span class='ocrx_word' id='word_1_533' title='bbox 444 4316 556 4362; x_wconf 90' lang='grc' dir='ltr'>τον,</span> <span class='ocrx_word' id='word_1_534' title='bbox 589 4298 727 4369; x_wconf 80' lang='grc' dir='ltr'><strong>μηδὲ</strong></span> <span class='ocrx_word' id='word_1_535' title='bbox 755 4298 872 4351; x_wconf 83' lang='grc' dir='ltr'>κατ’</span> <span class='ocrx_word' id='word_1_536' title='bbox 899 4298 1061 4351; x_wconf 84' lang='grc' dir='ltr'>αὐτὸν</span> <span class='ocrx_word' id='word_1_537' title='bbox 1089 4298 1333 4366; x_wconf 79' lang='grc' dir='ltr'>εὑρεθεὶς</span> <span class='ocrx_word' id='word_1_538' title='bbox 1353 4300 1450 4352; x_wconf 77' lang='grc' dir='ltr'>σὺν</span> <span class='ocrx_word' id='word_1_539' title='bbox 1480 4300 1603 4371; x_wconf 84' lang='grc' dir='ltr'>δίκῃ</span> <span class='ocrx_word' id='word_1_540' title='bbox 1630 4301 1729 4369; x_wconf 84' lang='grc' dir='ltr'><strong>τῆς</strong></span> <span class='ocrx_word' id='word_1_541' title='bbox 1753 4301 1849 4354; x_wconf 89' lang='grc' dir='ltr'><strong>τοῦ</strong></span> <span class='ocrx_word' id='word_1_542' title='bbox 1874 4303 2010 4356; x_wconf 84' lang='grc' dir='ltr'>Θεοῦ</span> 
     </span>
    </p>
   </div>
   <div class='ocr_carea' id='block_1_75' title="bbox 444 4390 2009 4461">
    <p class='ocr_par' dir='ltr' id='par_1_75' title="bbox 444 4390 2009 4461">
     <span class='ocr_line' id='line_1_75' title="bbox 444 4390 2009 4461; baseline 0.002 -16"><span class='ocrx_word' id='word_1_543' title='bbox 444 4390 885 4460; x_wconf 71' lang='grc' dir='ltr'>ἐγκαταλείψεως</span> <span class='ocrx_word' id='word_1_544' title='bbox 922 4390 1097 4456; x_wconf 76' lang='grc' dir='ltr'>ἄξιος,</span> <span class='ocrx_word' id='word_1_545' title='bbox 1126 4390 1249 4443; x_wconf 70' lang='grc' dir='ltr'>ἐπεὶ</span> <span class='ocrx_word' id='word_1_546' title='bbox 1285 4390 1410 4461; x_wconf 86' lang='grc' dir='ltr'>μηδ’</span> <span class='ocrx_word' id='word_1_547' title='bbox 1443 4392 1606 4454; x_wconf 82' lang='grc' dir='ltr'>αὐτὸς</span> <span class='ocrx_word' id='word_1_548' title='bbox 1632 4393 1722 4444; x_wconf 74' lang='grc' dir='ltr'>τὸν</span> <span class='ocrx_word' id='word_1_549' title='bbox 1754 4394 1910 4461; x_wconf 77' lang='grc' dir='ltr'>Θεὸν,</span> <span class='ocrx_word' id='word_1_550' title='bbox 1933 4395 2009 4458; x_wconf 84' lang='grc' dir='ltr'><strong>ὼς</strong></span> 
     </span>
    </p>
   </div>
   <div class='ocr_carea' id='block_1_76' title="bbox 2115 3186 3685 3269">
    <p class='ocr_par' dir='ltr' id='par_1_76' title="bbox 2115 3186 3685 3269">
     <span class='ocr_line' id='line_1_76' title="bbox 2115 3186 3685 3269; baseline 0.009 -31"><span class='ocrx_word' id='word_1_551' title='bbox 2115 3186 2605 3239; x_wconf 76' lang='lat' dir='ltr'><strong>sanctiﬁcationt-m</strong></span> <span class='ocrx_word' id='word_1_552' title='bbox 2632 3188 2921 3243; x_wconf 81' lang='lat' dir='ltr'><strong>suliieeret.</strong></span> <span class='ocrx_word' id='word_1_553' title='bbox 2960 3190 3252 3259; x_wconf 82' lang='lat' dir='ltr'><strong>Pmpterea</strong></span> <span class='ocrx_word' id='word_1_554' title='bbox 3293 3210 3399 3250; x_wconf 92' lang='lat' dir='ltr'><strong>non</strong></span> <span class='ocrx_word' id='word_1_555' title='bbox 3435 3201 3685 3269; x_wconf 79' lang='lat' dir='ltr'><strong>angelus,</strong></span> 
     </span>
    </p>
   </div>
   <div class='ocr_carea' id='block_1_77' title="bbox 2113 3278 3689 3360">
    <p class='ocr_par' dir='ltr' id='par_1_77' title="bbox 2113 3278 3689 3360">
     <span class='ocr_line' id='line_1_77' title="bbox 2113 3278 3689 3360; baseline 0.01 -30"><span class='ocrx_word' id='word_1_556' title='bbox 2113 3292 2221 3330; x_wconf 89' lang='lat' dir='ltr'><strong>non</strong></span> <span class='ocrx_word' id='word_1_557' title='bbox 2257 3278 2443 3337; x_wconf 86' lang='lat' dir='ltr'><strong>homo.</strong></span> <span class='ocrx_word' id='word_1_558' title='bbox 2478 3280 2570 3332; x_wconf 92' lang='lat' dir='ltr'><strong>sed</strong></span> <span class='ocrx_word' id='word_1_559' title='bbox 2604 3280 2719 3349; x_wconf 85' lang='lat' dir='ltr'><strong>ipse</strong></span> <span class='ocrx_word' id='word_1_560' title='bbox 2754 3281 3016 3337; x_wconf 89' lang='lat' dir='ltr'><strong>Dominus</strong></span> <span class='ocrx_word' id='word_1_561' title='bbox 3056 3285 3125 3337; x_wconf 43' lang='lat' dir='ltr'><strong>sic</strong></span> <span class='ocrx_word' id='word_1_562' title='bbox 3156 3287 3416 3353; x_wconf 82' lang='lat' dir='ltr'><strong>judicavit</strong></span> <span class='ocrx_word' id='word_1_563' title='bbox 3458 3306 3559 3344; x_wconf 90' lang='lat' dir='ltr'><strong>nos</strong></span> <span class='ocrx_word' id='word_1_564' title='bbox 3595 3308 3689 3360; x_wconf 62' lang='lat' dir='ltr'><strong>pvr</strong></span> 
     </span>
    </p>
   </div>
   <div class='ocr_carea' id='block_1_78' title="bbox 2115 3370 3682 3447">
    <p class='ocr_par' dir='ltr' id='par_1_78' title="bbox 2115 3370 3682 3447">
     <span class='ocr_line' id='line_1_78' title="bbox 2115 3370 3682 3447; baseline 0.011 -26"><span class='ocrx_word' id='word_1_565' title='bbox 2115 3370 2548 3425; x_wconf 82' lang='lat' dir='ltr'><strong>misericordiam</strong></span> <span class='ocrx_word' id='word_1_566' title='bbox 2586 3378 2813 3428; x_wconf 68' lang='lat' dir='ltr'><strong>salvare</strong></span> <span class='ocrx_word' id='word_1_567' title='bbox 2842 3386 2895 3428; x_wconf 92' lang='lat' dir='ltr'><strong>et</strong></span> <span class='ocrx_word' id='word_1_568' title='bbox 2939 3393 3158 3431; x_wconf 84' lang='lat' dir='ltr'><strong>rursum</strong></span> <span class='ocrx_word' id='word_1_569' title='bbox 3189 3393 3401 3447; x_wconf 90' lang='lat' dir='ltr'><strong>creare,</strong></span> <span class='ocrx_word' id='word_1_570' title='bbox 3453 3399 3682 3439; x_wconf 72' lang='lat' dir='ltr'><strong>manens</strong></span> 
     </span>
    </p>
   </div>
   <div class='ocr_carea' id='block_1_79' title="bbox 2115 3462 3690 3539">
    <p class='ocr_par' dir='ltr' id='par_1_79' title="bbox 2115 3462 3690 3539">
     <span class='ocr_line' id='line_1_79' title="bbox 2115 3462 3690 3539; baseline 0.012 -26"><span class='ocrx_word' id='word_1_571' title='bbox 2115 3462 2334 3530; x_wconf 80' lang='lat' dir='ltr'><strong>quidem</strong></span> <span class='ocrx_word' id='word_1_572' title='bbox 2388 3462 2533 3519; x_wconf 87' lang='lat' dir='ltr'><strong>Deus</strong></span> <span class='ocrx_word' id='word_1_573' title='bbox 2585 3465 2929 3535; x_wconf 86' lang='lat' dir='ltr'><strong>impollutus,</strong></span> <span class='ocrx_word' id='word_1_574' title='bbox 2984 3470 3288 3539; x_wconf 86' lang='lat' dir='ltr'><strong>procedens</strong></span> <span class='ocrx_word' id='word_1_575' title='bbox 3335 3488 3465 3529; x_wconf 90' lang='lat' dir='ltr'><strong>vero</strong></span> <span class='ocrx_word' id='word_1_576' title='bbox 3522 3467 3690 3531; x_wconf 60' lang='lat' dir='ltr'><strong>homo</strong></span> 
     </span>
    </p>
   </div>
   <div class='ocr_carea' id='block_1_80' title="bbox 2114 3555 2873 3626">
    <p class='ocr_par' dir='ltr' id='par_1_80' title="bbox 2114 3555 2873 3626">
     <span class='ocr_line' id='line_1_80' title="bbox 2114 3555 2873 3626; baseline 0.013 -20"><span class='ocrx_word' id='word_1_577' title='bbox 2114 3555 2413 3608; x_wconf 85' lang='lat' dir='ltr'><strong>secundum</strong></span> <span class='ocrx_word' id='word_1_578' title='bbox 2444 3569 2540 3610; x_wconf 88' lang='lat' dir='ltr'><strong>nos</strong></span> <span class='ocrx_word' id='word_1_579' title='bbox 2570 3556 2873 3626; x_wconf 81' lang='lat' dir='ltr'><strong>perfectus.</strong></span> 
     </span>
    </p>
   </div>
   <div class='ocr_carea' id='block_1_81' title="bbox 2189 3826 3688 3918">
    <p class='ocr_par' dir='ltr' id='par_1_81' title="bbox 2189 3826 3688 3918">
     <span class='ocr_line' id='line_1_81' title="bbox 2189 3826 3688 3918; baseline 0.012 -24"><span class='ocrx_word' id='word_1_580' title='bbox 2189 3840 2446 3897; x_wconf 85' lang='lat' dir='ltr'><strong>Nascitur</strong></span> <span class='ocrx_word' id='word_1_581' title='bbox 2489 3826 2618 3914; x_wconf 76' lang='lat' dir='ltr'><strong>ergo</strong></span> <span class='ocrx_word' id='word_1_582' title='bbox 2646 3860 2710 3900; x_wconf 71' lang='lat' dir='ltr'><strong>ex</strong></span> <span class='ocrx_word' id='word_1_583' title='bbox 2746 3846 2961 3918; x_wconf 79' lang='lat' dir='ltr'><strong>Virgine</strong></span> <span class='ocrx_word' id='word_1_584' title='bbox 2992 3862 3179 3913; x_wconf 85' lang='lat' dir='ltr'><strong>sancta</strong></span> <span class='ocrx_word' id='word_1_585' title='bbox 3213 3854 3364 3910; x_wconf 74' lang='lat' dir='ltr'><strong>sidus</strong></span> <span class='ocrx_word' id='word_1_586' title='bbox 3414 3873 3442 3910; x_wconf 88' lang='lat' dir='ltr'><strong>a</strong></span> <span class='ocrx_word' id='word_1_587' title='bbox 3486 3861 3688 3913; x_wconf 76' lang='lat' dir='ltr'><strong>saecolo</strong></span> 
     </span>
    </p>
   </div>
   <div class='ocr_carea' id='block_1_82' title="bbox 2120 3933 3687 4018">
    <p class='ocr_par' dir='ltr' id='par_1_82' title="bbox 2120 3933 3687 4018">
     <span class='ocr_line' id='line_1_82' title="bbox 2120 3933 3687 4018; baseline 0.011 -32"><span class='ocrx_word' id='word_1_588' title='bbox 2120 3933 2383 3988; x_wconf 90' lang='lat' dir='ltr'><strong>innocens</strong></span> <span class='ocrx_word' id='word_1_589' title='bbox 2410 3936 2595 3997; x_wconf 85' lang='lat' dir='ltr'><strong>homo,</strong></span> <span class='ocrx_word' id='word_1_590' title='bbox 2622 3937 2769 3991; x_wconf 84' lang='lat' dir='ltr'><strong>solus</strong></span> <span class='ocrx_word' id='word_1_591' title='bbox 2791 3941 2939 3995; x_wconf 91' lang='lat' dir='ltr'><strong>nullo</strong></span> <span class='ocrx_word' id='word_1_592' title='bbox 2965 3944 3126 3996; x_wconf 91' lang='lat' dir='ltr'><strong>modo</strong></span> <span class='ocrx_word' id='word_1_593' title='bbox 3142 3945 3340 4013; x_wconf 76' lang='lat' dir='ltr'><strong>dignus</strong></span> <span class='ocrx_word' id='word_1_594' title='bbox 3378 3950 3470 4018; x_wconf 91' lang='lat' dir='ltr'><strong>qui</strong></span> <span class='ocrx_word' id='word_1_595' title='bbox 3509 3966 3537 4002; x_wconf 90' lang='lat' dir='ltr'><strong>a</strong></span> <span class='ocrx_word' id='word_1_596' title='bbox 3577 3950 3687 4005; x_wconf 50' lang='lat' dir='ltr'><strong>Deo</strong></span> 
     </span>
    </p>
   </div>
   <div class='ocr_carea' id='block_1_83' title="bbox 2118 4027 3694 4111">
    <p class='ocr_par' dir='ltr' id='par_1_83' title="bbox 2118 4027 3694 4111">
     <span class='ocr_line' id='line_1_83' title="bbox 2118 4027 3694 4111; baseline 0.009 -31"><span class='ocrx_word' id='word_1_597' title='bbox 2118 4027 2586 4096; x_wconf 89' lang='lat' dir='ltr'><strong>derelinqueretur</strong></span> <span class='ocrx_word' id='word_1_598' title='bbox 2611 4045 2625 4093; x_wconf 90' lang='lat'><strong>;</strong></span> <span class='ocrx_word' id='word_1_599' title='bbox 2654 4041 2705 4082; x_wconf 92' lang='lat' dir='ltr'><strong>et</strong></span> <span class='ocrx_word' id='word_1_600' title='bbox 2733 4032 3057 4101; x_wconf 85' lang='lat' dir='ltr'><strong>priusquam</strong></span> <span class='ocrx_word' id='word_1_601' title='bbox 3093 4037 3545 4111; x_wconf 76' lang='lat' dir='ltr'><strong>seiatrcprobare</strong></span> <span class='ocrx_word' id='word_1_602' title='bbox 3578 4059 3694 4095; x_wconf 78' lang='lat' dir='ltr'><strong>nm-</strong></span> 
     </span>
    </p>
   </div>
   <div class='ocr_carea' id='block_1_84' title="bbox 2120 4115 3692 4205">
    <p class='ocr_par' dir='ltr' id='par_1_84' title="bbox 2120 4115 3692 4205">
     <span class='ocr_line' id='line_1_84' title="bbox 2120 4115 3692 4205; baseline 0.011 -37"><span class='ocrx_word' id='word_1_603' title='bbox 2120 4115 2229 4169; x_wconf 82' lang='lat' dir='ltr'><strong>lunt</strong></span> <span class='ocrx_word' id='word_1_604' title='bbox 2262 4124 2315 4169; x_wconf 78' lang='lat' dir='ltr'><strong>et</strong></span> <span class='ocrx_word' id='word_1_605' title='bbox 2351 4117 2550 4185; x_wconf 80' lang='lat' dir='ltr'><strong>eligere</strong></span> <span class='ocrx_word' id='word_1_606' title='bbox 2578 4119 2804 4181; x_wconf 77' lang='lat' dir='ltr'><strong>bonum,</strong></span> <span class='ocrx_word' id='word_1_607' title='bbox 2834 4125 3135 4177; x_wconf 77' lang='lat' dir='ltr'><strong>secundum</strong></span> <span class='ocrx_word' id='word_1_608' title='bbox 3159 4128 3496 4205; x_wconf 71' lang='lat' dir='ltr'><strong>prophetiam</strong></span> <span class='ocrx_word' id='word_1_609' title='bbox 3525 4134 3594 4196; x_wconf 72' lang='grc' dir='ltr'><strong>ἰ,</strong></span> <span class='ocrx_word' id='word_1_610' title='bbox 3619 4135 3692 4184; x_wconf 87' lang='lat' dir='ltr'><strong>vi-</strong></span> 
     </span>
    </p>
   </div>
   <div class='ocr_carea' id='block_1_85' title="bbox 2121 4209 3685 4291">
    <p class='ocr_par' dir='ltr' id='par_1_85' title="bbox 2121 4209 3685 4291">
     <span class='ocr_line' id='line_1_85' title="bbox 2121 4209 3685 4291; baseline 0.008 -29"><span class='ocrx_word' id='word_1_611' title='bbox 2121 4217 2228 4262; x_wconf 85' lang='lat' dir='ltr'><strong>tam</strong></span> <span class='ocrx_word' id='word_1_612' title='bbox 2268 4209 2399 4261; x_wconf 86' lang='lat' dir='ltr'><strong>vivit</strong></span> <span class='ocrx_word' id='word_1_613' title='bbox 2454 4210 2601 4261; x_wconf 88' lang='lat' dir='ltr'><strong>omni</strong></span> <span class='ocrx_word' id='word_1_614' title='bbox 2659 4226 2723 4262; x_wconf 82' lang='lat' dir='ltr'><strong>ex</strong></span> <span class='ocrx_word' id='word_1_615' title='bbox 2764 4222 2915 4278; x_wconf 78' lang='lat' dir='ltr'><strong>parte</strong></span> <span class='ocrx_word' id='word_1_616' title='bbox 2972 4214 3513 4282; x_wconf 74' lang='lat' dir='ltr'><strong>irrt-prelwnsihilem</strong></span> <span class='ocrx_word' id='word_1_617' title='bbox 3543 4238 3555 4282; x_wconf 85' lang='lat'><strong>;</strong></span> <span class='ocrx_word' id='word_1_618' title='bbox 3590 4222 3685 4291; x_wconf 86' lang='lat' dir='ltr'><strong>qui</strong></span> 
     </span>
    </p>
   </div>
   <div class='ocr_carea' id='block_1_86' title="bbox 2114 4298 3693 4368">
    <p class='ocr_par' dir='ltr' id='par_1_86' title="bbox 2114 4298 3693 4368">
     <span class='ocr_line' id='line_1_86' title="bbox 2114 4298 3693 4368; baseline 0.009 -18"><span class='ocrx_word' id='word_1_619' title='bbox 2114 4298 2239 4368; x_wconf 86' lang='lat' dir='ltr'><strong>jure</strong></span> <span class='ocrx_word' id='word_1_620' title='bbox 2272 4312 2339 4352; x_wconf 91' lang='lat' dir='ltr'><strong>ac</strong></span> <span class='ocrx_word' id='word_1_621' title='bbox 2367 4300 2574 4365; x_wconf 56' lang='lat' dir='ltr'><strong>,merito</strong></span> <span class='ocrx_word' id='word_1_622' title='bbox 2608 4315 2714 4352; x_wconf 92' lang='lat' dir='ltr'><strong>non</strong></span> <span class='ocrx_word' id='word_1_623' title='bbox 2759 4304 2992 4355; x_wconf 71' lang='lat' dir='ltr'><strong>meritus</strong></span> <span class='ocrx_word' id='word_1_624' title='bbox 3041 4316 3123 4357; x_wconf 82' lang='lat' dir='ltr'><strong>est</strong></span> <span class='ocrx_word' id='word_1_625' title='bbox 3163 4316 3221 4358; x_wconf 89' lang='lat' dir='ltr'><strong>ut</strong></span> <span class='ocrx_word' id='word_1_626' title='bbox 3254 4321 3281 4359; x_wconf 90' lang='lat' dir='ltr'><strong>a</strong></span> <span class='ocrx_word' id='word_1_627' title='bbox 3338 4306 3445 4363; x_wconf 89' lang='lat' dir='ltr'><strong>Deo</strong></span> <span class='ocrx_word' id='word_1_628' title='bbox 3476 4308 3693 4365; x_wconf 62' lang='lat' dir='ltr'><strong>dest-re-</strong></span> 
     </span>
    </p>
   </div>
   <div class='ocr_carea' id='block_1_87' title="bbox 2124 4391 3694 4460">
    <p class='ocr_par' dir='ltr' id='par_1_87' title="bbox 2124 4391 3694 4460">
     <span class='ocr_line' id='line_1_87' title="bbox 2124 4391 3694 4460; baseline 0.008 -18"><span class='ocrx_word' id='word_1_629' title='bbox 2124 4401 2293 4451; x_wconf 89' lang='lat' dir='ltr'><strong>retur,</strong></span> <span class='ocrx_word' id='word_1_630' title='bbox 2324 4404 2445 4443; x_wconf 84' lang='lat' dir='ltr'><strong>eum</strong></span> <span class='ocrx_word' id='word_1_631' title='bbox 2490 4391 2606 4459; x_wconf 90' lang='lat' dir='ltr'><strong>ipse</strong></span> <span class='ocrx_word' id='word_1_632' title='bbox 2652 4391 2840 4456; x_wconf 84' lang='lat' dir='ltr'><strong>Deum,</strong></span> <span class='ocrx_word' id='word_1_633' title='bbox 2876 4393 3015 4447; x_wconf 76' lang='lat' dir='ltr'><strong>sicut</strong></span> <span class='ocrx_word' id='word_1_634' title='bbox 3056 4397 3264 4460; x_wconf 84' lang='lat' dir='ltr'><strong>primus</strong></span> <span class='ocrx_word' id='word_1_635' title='bbox 3291 4397 3480 4459; x_wconf 79' lang='lat' dir='ltr'><strong>Adam.</strong></span> <span class='ocrx_word' id='word_1_636' title='bbox 3518 4409 3694 4455; x_wconf 84' lang='lat' dir='ltr'><strong>trans-</strong></span> 
     </span>
    </p>
   </div>
   <div class='ocr_carea' id='block_1_88' title="bbox 444 4478 2198 4555">
    <p class='ocr_par' dir='ltr' id='par_1_88' title="bbox 444 4478 2198 4553">
     <span class='ocr_line' id='line_1_88' title="bbox 444 4478 2198 4553; baseline 0.002 -18"><span class='ocrx_word' id='word_1_637' title='bbox 444 4484 472 4535; x_wconf 93' lang='lat'><strong>6</strong></span> <span class='ocrx_word' id='word_1_638' title='bbox 505 4481 718 4553; x_wconf 83' lang='grc' dir='ltr'>πρῶτος</span> <span class='ocrx_word' id='word_1_639' title='bbox 750 4482 946 4551; x_wconf 80' lang='grc' dir='ltr'>Ἀδὰμ,</span> <span class='ocrx_word' id='word_1_640' title='bbox 975 4481 1234 4551; x_wconf 84' lang='grc' dir='ltr'>παραϐὰς</span> <span class='ocrx_word' id='word_1_641' title='bbox 1268 4482 1618 4549; x_wconf 77' lang='grc' dir='ltr'>ἐγκατέλιπε,</span> <span class='ocrx_word' id='word_1_642' title='bbox 1657 4484 1838 4553; x_wconf 91' lang='grc' dir='ltr'>πάσης</span> <span class='ocrx_word' id='word_1_643' title='bbox 1871 4487 2018 4539; x_wconf 59' lang='grc' dir='ltr'>ὲντοι</span> <span class='ocrx_word' id='word_1_644' title='bbox 2053 4478 2094 4532; x_wconf 83' lang='lat' dir='ltr'><strong>D</strong></span> <span class='ocrx_word' id='word_1_645' title='bbox 2122 4497 2198 4552; x_wconf 58' lang='lat' dir='ltr'><strong>gl“!</strong></span> 
     </span>
    </p>
   </div>
   <div class='ocr_carea' id='block_1_89' title="bbox 1941 4478 3695 4555">
    <p class='ocr_par' dir='ltr' id='par_1_89' title="bbox 1941 4478 3695 4555">
     <span class='ocr_line' id='line_1_89' title="bbox 1941 4478 3695 4555; baseline 0.007 -24"><span class='ocrx_word' id='word_1_646' title='bbox 1941 4488 2018 4539; x_wconf 61' lang='grc' dir='ltr'><strong>τοι</strong></span> <span class='ocrx_word' id='word_1_647' title='bbox 2053 4478 2094 4532; x_wconf 91' lang='lat' dir='ltr'><strong>D</strong></span> <span class='ocrx_word' id='word_1_648' title='bbox 2122 4481 2371 4552; x_wconf 79' lang='lat' dir='ltr'><strong>grediens</strong></span> <span class='ocrx_word' id='word_1_649' title='bbox 2409 4497 2514 4535; x_wconf 91' lang='lat' dir='ltr'><strong>non</strong></span> <span class='ocrx_word' id='word_1_650' title='bbox 2550 4483 2874 4546; x_wconf 87' lang='lat' dir='ltr'><strong>deseruerit,</strong></span> <span class='ocrx_word' id='word_1_651' title='bbox 2910 4486 3091 4541; x_wconf 85' lang='lat' dir='ltr'><strong>oumis</strong></span> <span class='ocrx_word' id='word_1_652' title='bbox 3114 4489 3695 4555; x_wconf 85' lang='lat' dir='ltr'><strong>mandatidivini,om-</strong></span> 
     </span>
    </p>
   </div>
   <div class='ocr_carea' id='block_1_90' title="bbox 444 4572 2015 4654">
    <p class='ocr_par' dir='ltr' id='par_1_90' title="bbox 444 4572 2015 4654">
     <span class='ocr_line' id='line_1_90' title="bbox 444 4572 2015 4654; baseline 0.001 -25"><span class='ocrx_word' id='word_1_653' title='bbox 444 4577 541 4647; x_wconf 78' lang='grc' dir='ltr'><strong>λῆς</strong></span> <span class='ocrx_word' id='word_1_654' title='bbox 577 4576 751 4639; x_wconf 83' lang='grc' dir='ltr'>θείας,</span> <span class='ocrx_word' id='word_1_655' title='bbox 775 4575 975 4635; x_wconf 85' lang='grc' dir='ltr'>παντὸς</span> <span class='ocrx_word' id='word_1_656' title='bbox 1003 4574 1169 4644; x_wconf 85' lang='grc' dir='ltr'>νόμου</span> <span class='ocrx_word' id='word_1_657' title='bbox 1200 4573 1344 4626; x_wconf 87' lang='grc' dir='ltr'>θείου</span> <span class='ocrx_word' id='word_1_658' title='bbox 1378 4572 1669 4654; x_wconf 77' lang='grc' dir='ltr'>πληρωτὴς</span> <span class='ocrx_word' id='word_1_659' title='bbox 1701 4577 2015 4645; x_wconf 81' lang='grc' dir='ltr'>γενόμενος,</span> 
     </span>
    </p>
   </div>
   <div class='ocr_carea' id='block_1_91' title="bbox 445 4666 2018 4737">
    <p class='ocr_par' dir='ltr' id='par_1_91' title="bbox 445 4666 2018 4737">
     <span class='ocr_line' id='line_1_91' title="bbox 445 4666 2018 4737; baseline -0.002 -12"><span class='ocrx_word' id='word_1_660' title='bbox 445 4669 739 4725; x_wconf 72' lang='grc' dir='ltr'>κάντεῦθεν</span> <span class='ocrx_word' id='word_1_661' title='bbox 788 4672 883 4722; x_wconf 82' lang='grc' dir='ltr'><strong>καὶ</strong></span> <span class='ocrx_word' id='word_1_662' title='bbox 916 4668 1013 4737; x_wconf 86' lang='grc' dir='ltr'><strong>τῆς</strong></span> <span class='ocrx_word' id='word_1_663' title='bbox 1064 4666 1156 4719; x_wconf 91' lang='grc' dir='ltr'><strong>τοῦ</strong></span> <span class='ocrx_word' id='word_1_664' title='bbox 1205 4666 1453 4720; x_wconf 72' lang='grc' dir='ltr'>διαϐόλου</span> <span class='ocrx_word' id='word_1_665' title='bbox 1505 4667 1749 4730; x_wconf 80' lang='grc' dir='ltr'>δουλείας</span> <span class='ocrx_word' id='word_1_666' title='bbox 1794 4669 2018 4733; x_wconf 82' lang='grc' dir='ltr'>δικαίως</span> 
     </span>
    </p>
   </div>
   <div class='ocr_carea' id='block_1_92' title="bbox 443 4758 2020 4832">
    <p class='ocr_par' dir='ltr' id='par_1_92' title="bbox 443 4758 2020 4832">
     <span class='ocr_line' id='line_1_92' title="bbox 443 4758 2020 4832; baseline -0.001 -17"><span class='ocrx_word' id='word_1_667' title='bbox 443 4761 748 4832; x_wconf 74' lang='grc' dir='ltr'>ἐλεύθερος.</span> <span class='ocrx_word' id='word_1_668' title='bbox 783 4760 891 4814; x_wconf 78' lang='grc' dir='ltr'><strong>Καὶ</strong></span> <span class='ocrx_word' id='word_1_669' title='bbox 922 4758 1064 4812; x_wconf 74' lang='grc' dir='ltr'>οὕτω</span> <span class='ocrx_word' id='word_1_670' title='bbox 1100 4761 1315 4812; x_wconf 68' lang='grc' dir='ltr'>νικᾶται</span> <span class='ocrx_word' id='word_1_671' title='bbox 1358 4760 1509 4828; x_wconf 69' lang='grc' dir='ltr'>παρὰ</span> <span class='ocrx_word' id='word_1_672' title='bbox 1551 4759 1839 4830; x_wconf 83' lang='grc' dir='ltr'>ἀνθρώπου</span> <span class='ocrx_word' id='word_1_673' title='bbox 1867 4761 1896 4813; x_wconf 91' lang='lat'><strong>6</strong></span> <span class='ocrx_word' id='word_1_674' title='bbox 1921 4761 2020 4831; x_wconf 76' lang='grc' dir='ltr'>τὴν</span> 
     </span>
    </p>
   </div>
   <div class='ocr_carea' id='block_1_93' title="bbox 442 4851 2020 4928">
    <p class='ocr_par' dir='ltr' id='par_1_93' title="bbox 442 4851 2020 4928">
     <span class='ocr_line' id='line_1_93' title="bbox 442 4851 2020 4928; baseline -0.004 -17"><span class='ocrx_word' id='word_1_675' title='bbox 442 4855 619 4928; x_wconf 79' lang='grc' dir='ltr'>ἀρχὴν</span> <span class='ocrx_word' id='word_1_676' title='bbox 649 4853 743 4908; x_wconf 75' lang='grc' dir='ltr'><strong>τὸν</strong></span> <span class='ocrx_word' id='word_1_677' title='bbox 790 4852 1081 4922; x_wconf 78' lang='grc' dir='ltr'>ἄνθρωπον</span> <span class='ocrx_word' id='word_1_678' title='bbox 1133 4852 1362 4921; x_wconf 82' lang='grc' dir='ltr'>νικήσας</span> <span class='ocrx_word' id='word_1_679' title='bbox 1394 4852 1640 4915; x_wconf 86' lang='grc' dir='ltr'>διάϐολος</span> <span class='ocrx_word' id='word_1_680' title='bbox 1662 4868 1676 4880; x_wconf 88' lang='grc'><strong>·</strong></span> <span class='ocrx_word' id='word_1_681' title='bbox 1713 4851 1821 4920; x_wconf 75' lang='lat'><strong>85</strong></span> <span class='ocrx_word' id='word_1_682' title='bbox 1870 4859 1963 4906; x_wconf 76' lang='grc' dir='ltr'><strong>καὶ</strong></span> <span class='ocrx_word' id='word_1_683' title='bbox 1990 4854 2020 4905; x_wconf 89' lang='lat'><strong>6</strong></span> 
     </span>
    </p>
   </div>
   <div class='ocr_carea' id='block_1_94' title="bbox 443 4941 2017 5017">
    <p class='ocr_par' dir='ltr' id='par_1_94' title="bbox 443 4941 2017 5017">
     <span class='ocr_line' id='line_1_94' title="bbox 443 4941 2017 5017; baseline -0.004 -15"><span class='ocrx_word' id='word_1_684' title='bbox 443 4948 546 5017; x_wconf 82' lang='grc' dir='ltr'><strong>τὴν</strong></span> <span class='ocrx_word' id='word_1_685' title='bbox 588 4946 706 5000; x_wconf 77' lang='grc' dir='ltr'>κατ’</span> <span class='ocrx_word' id='word_1_686' title='bbox 739 4944 921 4997; x_wconf 76' lang='grc' dir='ltr'>εἰκόνα</span> <span class='ocrx_word' id='word_1_687' title='bbox 955 4942 1091 4996; x_wconf 88' lang='grc' dir='ltr'>Θεοῦ</span> <span class='ocrx_word' id='word_1_688' title='bbox 1133 4946 1362 5011; x_wconf 82' lang='grc' dir='ltr'>νικήσας</span> <span class='ocrx_word' id='word_1_689' title='bbox 1393 4941 1557 5011; x_wconf 78' lang='grc' dir='ltr'>φύσιν</span> <span class='ocrx_word' id='word_1_690' title='bbox 1610 4944 1703 4995; x_wconf 77' lang='grc' dir='ltr'><strong>καὶ</strong></span> <span class='ocrx_word' id='word_1_691' title='bbox 1739 4945 1824 4995; x_wconf 70' lang='grc' dir='ltr'><strong>διὰ</strong></span> <span class='ocrx_word' id='word_1_692' title='bbox 1861 4943 2017 4995; x_wconf 83' lang='grc' dir='ltr'>τοῦτο</span> 
     </span>
    </p>
   </div>
   <div class='ocr_carea' id='block_1_95' title="bbox 449 5034 2018 5110">
    <p class='ocr_par' dir='ltr' id='par_1_95' title="bbox 449 5034 2018 5110">
     <span class='ocr_line' id='line_1_95' title="bbox 449 5034 2018 5110; baseline -0.002 -19"><span class='ocrx_word' id='word_1_693' title='bbox 449 5036 810 5110; x_wconf 83' lang='grc' dir='ltr'>μεγαλαυχῶν</span> <span class='ocrx_word' id='word_1_694' title='bbox 858 5034 1258 5089; x_wconf 84' lang='grc' dir='ltr'>καταϐάλλεται</span> <span class='ocrx_word' id='word_1_695' title='bbox 1314 5036 1412 5103; x_wconf 84' lang='grc' dir='ltr'><strong>τῆς</strong></span> <span class='ocrx_word' id='word_1_696' title='bbox 1473 5034 1778 5103; x_wconf 78' lang='grc' dir='ltr'>ὲπάρσεως,</span> <span class='ocrx_word' id='word_1_697' title='bbox 1844 5036 1935 5087; x_wconf 79' lang='grc' dir='ltr'>καὶ</span> <span class='ocrx_word' id='word_1_698' title='bbox 1990 5038 2018 5088; x_wconf 90' lang='lat'><strong>6</strong></span> 
     </span>
    </p>
   </div>
   <div class='ocr_carea' id='block_1_96' title="bbox 447 5124 2018 5213">
    <p class='ocr_par' dir='ltr' id='par_1_96' title="bbox 447 5124 2018 5213">
     <span class='ocr_line' id='line_1_96' title="bbox 447 5124 2018 5213; baseline -0.005 -28"><span class='ocrx_word' id='word_1_699' title='bbox 447 5130 735 5201; x_wconf 68' lang='grc' dir='ltr'>ἄνθρωπος</span> <span class='ocrx_word' id='word_1_700' title='bbox 770 5127 1175 5181; x_wconf 83' lang='grc' dir='ltr'>άναπλάττεται</span> <span class='ocrx_word' id='word_1_701' title='bbox 1206 5124 1299 5178; x_wconf 84' lang='grc' dir='ltr'><strong>τοῦ</strong></span> <span class='ocrx_word' id='word_1_702' title='bbox 1335 5126 1475 5178; x_wconf 85' lang='grc' dir='ltr'><strong>κατά</strong></span> <span class='ocrx_word' id='word_1_703' title='bbox 1503 5125 1679 5213; x_wconf 57' lang='grc' dir='ltr'>φθχὴν</span> <span class='ocrx_word' id='word_1_704' title='bbox 1726 5130 1816 5178; x_wconf 72' lang='grc' dir='ltr'><strong>καὶ</strong></span> <span class='ocrx_word' id='word_1_705' title='bbox 1850 5128 2018 5187; x_wconf 79' lang='grc' dir='ltr'>ὅντως</span> 
     </span>
    </p>
   </div>
   <div class='ocr_carea' id='block_1_97' title="bbox 448 5218 2023 5285">
    <p class='ocr_par' dir='ltr' id='par_1_97' title="bbox 448 5218 2023 5285">
     <span class='ocr_line' id='line_1_97' title="bbox 448 5218 2023 5285; baseline -0.005 -8"><span class='ocrx_word' id='word_1_706' title='bbox 448 5223 710 5277; x_wconf 84' lang='grc' dir='ltr'>θανάτου·</span> <span class='ocrx_word' id='word_1_707' title='bbox 747 5220 1001 5281; x_wconf 84' lang='grc' dir='ltr'>θανάτου,</span> <span class='ocrx_word' id='word_1_708' title='bbox 1048 5218 1105 5271; x_wconf 79' lang='grc' dir='ltr'>ὃν</span> <span class='ocrx_word' id='word_1_709' title='bbox 1156 5218 1428 5271; x_wconf 79' lang='grc' dir='ltr'>ἀπέθανεν</span> <span class='ocrx_word' id='word_1_710' title='bbox 1478 5219 1638 5280; x_wconf 74' lang='grc' dir='ltr'>εὐθὺς</span> <span class='ocrx_word' id='word_1_711' title='bbox 1673 5218 1765 5269; x_wconf 87' lang='grc' dir='ltr'><strong>τοῦ</strong></span> <span class='ocrx_word' id='word_1_712' title='bbox 1810 5218 2023 5285; x_wconf 71' lang='grc' dir='ltr'>απτ,γο-</span> 
     </span>
    </p>
   </div>
   <div class='ocr_carea' id='block_1_98' title="bbox 457 5306 2021 5383">
    <p class='ocr_par' dir='ltr' id='par_1_98' title="bbox 457 5306 2021 5383">
     <span class='ocr_line' id='line_1_98' title="bbox 457 5306 2021 5383; baseline -0.004 -18"><span class='ocrx_word' id='word_1_713' title='bbox 457 5313 717 5383; x_wconf 79' lang='grc' dir='ltr'>ρευμένον</span> <span class='ocrx_word' id='word_1_714' title='bbox 752 5309 910 5377; x_wconf 78' lang='grc' dir='ltr'>ξύλου</span> <span class='ocrx_word' id='word_1_715' title='bbox 960 5310 1297 5377; x_wconf 80' lang='grc' dir='ltr'>γευσάμενος</span> <span class='ocrx_word' id='word_1_716' title='bbox 1320 5323 1331 5335; x_wconf 85' lang='grc'><em>’</em></span> <span class='ocrx_word' id='word_1_717' title='bbox 1369 5308 1620 5368; x_wconf 74' lang='grc' dir='ltr'>θανάτου,</span> <span class='ocrx_word' id='word_1_718' title='bbox 1649 5306 1705 5367; x_wconf 77' lang='grc' dir='ltr'>ὃς</span> <span class='ocrx_word' id='word_1_719' title='bbox 1731 5307 2021 5374; x_wconf 75' lang='grc' dir='ltr'>ἡπεὶληται</span> 
     </span>
    </p>
   </div>
   <div class='ocr_carea' id='block_1_99' title="bbox 451 5396 2022 5475">
    <p class='ocr_par' dir='ltr' id='par_1_99' title="bbox 451 5396 2022 5475">
     <span class='ocr_line' id='line_1_99' title="bbox 451 5396 2022 5475; baseline -0.006 -17"><span class='ocrx_word' id='word_1_720' title='bbox 451 5404 560 5475; x_wconf 78' lang='grc' dir='ltr'>πρὸ</span> <span class='ocrx_word' id='word_1_721' title='bbox 592 5405 687 5473; x_wconf 82' lang='grc' dir='ltr'><strong>τῆς</strong></span> <span class='ocrx_word' id='word_1_722' title='bbox 736 5402 1017 5470; x_wconf 80' lang='grc' dir='ltr'>παρακοῆς</span> <span class='ocrx_word' id='word_1_723' title='bbox 1049 5400 1125 5469; x_wconf 79' lang='grc' dir='ltr'><strong>τῷ</strong></span> <span class='ocrx_word' id='word_1_724' title='bbox 1162 5400 1332 5467; x_wconf 70' lang='grc' dir='ltr'><strong>Ἀδὰμ</strong></span> <span class='ocrx_word' id='word_1_725' title='bbox 1381 5400 1474 5450; x_wconf 79' lang='grc' dir='ltr'><strong>καὶ</strong></span> <span class='ocrx_word' id='word_1_726' title='bbox 1502 5401 1567 5467; x_wconf 76' lang='grc' dir='ltr'>τῇ</span> <span class='ocrx_word' id='word_1_727' title='bbox 1606 5396 1715 5449; x_wconf 73' lang='grc' dir='ltr'><strong>Εὕα</strong></span> <span class='ocrx_word' id='word_1_728' title='bbox 1754 5398 1856 5449; x_wconf 76' lang='grc' dir='ltr'>ῦπῦ</span> <span class='ocrx_word' id='word_1_729' title='bbox 1886 5397 2022 5449; x_wconf 70' lang='grc' dir='ltr'>Θεοῦ</span> 
     </span>
    </p>
   </div>
   <div class='ocr_carea' id='block_1_100' title="bbox 452 5483 2023 5566">
    <p class='ocr_par' dir='ltr' id='par_1_100' title="bbox 452 5483 2023 5566">
     <span class='ocr_line' id='line_1_100' title="bbox 452 5483 2023 5566; baseline -0.006 -17"><span class='ocrx_word' id='word_1_730' title='bbox 452 5495 588 5566; x_wconf 74' lang='grc' dir='ltr'>πρὸς</span> <span class='ocrx_word' id='word_1_731' title='bbox 617 5496 815 5555; x_wconf 78' lang='grc' dir='ltr'>αὐτοὺς</span> <span class='ocrx_word' id='word_1_732' title='bbox 848 5494 1092 5553; x_wconf 71' lang='grc' dir='ltr'>εἰπόντος</span> <span class='ocrx_word' id='word_1_733' title='bbox 1115 5507 1128 5520; x_wconf 89' lang='grc'><strong>·</strong></span> <span class='ocrx_word' id='word_1_734' title='bbox 1170 5509 1187 5541; x_wconf 78' lang='lat' dir='ltr'><strong>t</strong></span> <span class='ocrx_word' id='word_1_735' title='bbox 1232 5483 1311 5549; x_wconf 83' lang='grc' dir='ltr'>Ἦ</span> <span class='ocrx_word' id='word_1_736' title='bbox 1341 5490 1406 5543; x_wconf 86' lang='grc' dir='ltr'>ἂν</span> <span class='ocrx_word' id='word_1_737' title='bbox 1439 5493 1625 5560; x_wconf 69' lang='grc' dir='ltr'>ἡμέρᾳ</span> <span class='ocrx_word' id='word_1_738' title='bbox 1646 5488 1900 5558; x_wconf 71' lang='grc' dir='ltr'><strong>⁵φαγιησθε</strong></span> <span class='ocrx_word' id='word_1_739' title='bbox 1930 5488 2023 5541; x_wconf 82' lang='grc' dir='ltr'><strong>ἀπ’</strong></span> 
     </span>
    </p>
   </div>
   <div class='ocr_carea' id='block_1_101' title="bbox 448 5574 2027 5679">
    <p class='ocr_par' dir='ltr' id='par_1_101' title="bbox 448 5574 2027 5679">
     <span class='ocr_line' id='line_1_101' title="bbox 448 5574 2027 5679; baseline -0.006 -36"><span class='ocrx_word' id='word_1_740' title='bbox 448 5589 640 5653; x_wconf 81' lang='grc' dir='ltr'>αὑτοῦ,</span> <span class='ocrx_word' id='word_1_741' title='bbox 692 5585 909 5679; x_wconf 63' lang='grc' dir='ltr'>θανάτῳ</span> <span class='ocrx_word' id='word_1_742' title='bbox 957 5574 1351 5638; x_wconf 78' lang='grc' dir='ltr'>ἀποθανεῖσθε’·</span> <span class='ocrx_word' id='word_1_743' title='bbox 1385 5601 1404 5635; x_wconf 71' lang='grc' dir='ltr'><strong>ι</strong></span> <span class='ocrx_word' id='word_1_744' title='bbox 1440 5584 1528 5635; x_wconf 85' lang='grc' dir='ltr'><strong>τὸν</strong></span> <span class='ocrx_word' id='word_1_745' title='bbox 1559 5582 1664 5653; x_wconf 77' lang='grc' dir='ltr'><strong>γὰρ</strong></span> <span class='ocrx_word' id='word_1_746' title='bbox 1693 5584 1791 5652; x_wconf 68' lang='grc' dir='ltr'><strong>τῆς</strong></span> <span class='ocrx_word' id='word_1_747' title='bbox 1824 5582 2027 5652; x_wconf 77' lang='grc' dir='ltr'>σαρκὸς</span> 
     </span>
    </p>
   </div>
   <div class='ocr_carea' id='block_1_102' title="bbox 525 5759 1450 5826">
    <p class='ocr_par' dir='ltr' id='par_1_102' title="bbox 525 5759 1450 5826">
     <span class='ocr_line' id='line_1_102' title="bbox 525 5759 1450 5826; baseline -0.008 -8"><span class='ocrx_word' id='word_1_748' title='bbox 525 5765 566 5797; x_wconf 70' lang='grc'>³⁸</span> <span class='ocrx_word' id='word_1_749' title='bbox 604 5764 705 5818; x_wconf 83' lang='lat' dir='ltr'><strong>lsa.</strong></span> <span class='ocrx_word' id='word_1_750' title='bbox 741 5776 837 5826; x_wconf 90' lang='lat' dir='ltr'><strong>vtt,</strong></span> <span class='ocrx_word' id='word_1_751' title='bbox 866 5762 950 5817; x_wconf 78' lang='grc'><strong>15.</strong></span> <span class='ocrx_word' id='word_1_752' title='bbox 1029 5759 1241 5815; x_wconf 67' lang='lat' dir='ltr'><strong>ﬂ~Gen.</strong></span> <span class='ocrx_word' id='word_1_753' title='bbox 1268 5775 1328 5826; x_wconf 88' lang='grc' dir='ltr'><strong>ιι,</strong></span> <span class='ocrx_word' id='word_1_754' title='bbox 1366 5760 1450 5812; x_wconf 76' lang='grc'><strong>17.</strong></span> 
     </span>
    </p>
   </div>
   <div class='ocr_carea' id='block_1_103' title="bbox 2121 4566 3691 4646">
    <p class='ocr_par' dir='ltr' id='par_1_103' title="bbox 2121 4566 3691 4646">
     <span class='ocr_line' id='line_1_103' title="bbox 2121 4566 3691 4646; baseline 0.008 -22"><span class='ocrx_word' id='word_1_755' title='bbox 2121 4573 2205 4625; x_wconf 89' lang='lat' dir='ltr'><strong>nis</strong></span> <span class='ocrx_word' id='word_1_756' title='bbox 2247 4571 2380 4640; x_wconf 81' lang='lat' dir='ltr'><strong>legis</strong></span> <span class='ocrx_word' id='word_1_757' title='bbox 2432 4573 2630 4625; x_wconf 73' lang='lat' dir='ltr'><strong>divinae</strong></span> <span class='ocrx_word' id='word_1_758' title='bbox 2666 4574 2861 4636; x_wconf 81' lang='lat' dir='ltr'><strong>factor,</strong></span> <span class='ocrx_word' id='word_1_759' title='bbox 2914 4566 3234 4645; x_wconf 48' lang='lat' dir='ltr'><strong>et&#39;proinde</strong></span> <span class='ocrx_word' id='word_1_760' title='bbox 3264 4583 3420 4646; x_wconf 85' lang='lat' dir='ltr'><strong>jnstc</strong></span> <span class='ocrx_word' id='word_1_761' title='bbox 3475 4584 3612 4636; x_wconf 68' lang='lat' dir='ltr'><strong>liber</strong></span> <span class='ocrx_word' id='word_1_762' title='bbox 3662 4600 3691 4636; x_wconf 87' lang='lat' dir='ltr'><strong>a</strong></span> 
     </span>
    </p>
   </div>
   <div class='ocr_carea' id='block_1_104' title="bbox 2122 4660 3694 4741">
    <p class='ocr_par' dir='ltr' id='par_1_104' title="bbox 2122 4660 3694 4741">
     <span class='ocr_line' id='line_1_104' title="bbox 2122 4660 3694 4741; baseline 0.006 -22"><span class='ocrx_word' id='word_1_763' title='bbox 2122 4666 2388 4719; x_wconf 88' lang='lat' dir='ltr'><strong>diabolica</strong></span> <span class='ocrx_word' id='word_1_764' title='bbox 2425 4660 2711 4719; x_wconf 79' lang='lat' dir='ltr'><strong>servitute.</strong></span> <span class='ocrx_word' id='word_1_765' title='bbox 2762 4666 2836 4719; x_wconf 91' lang='lat' dir='ltr'><strong>Ita</strong></span> <span class='ocrx_word' id='word_1_766' title='bbox 2866 4668 3103 4722; x_wconf 73' lang='lat' dir='ltr'><strong>vincitur</strong></span> <span class='ocrx_word' id='word_1_767' title='bbox 3140 4672 3207 4725; x_wconf 81' lang='lat' dir='ltr'><strong>ab</strong></span> <span class='ocrx_word' id='word_1_768' title='bbox 3242 4673 3461 4726; x_wconf 90' lang='lat' dir='ltr'><strong>homine</strong></span> <span class='ocrx_word' id='word_1_769' title='bbox 3494 4676 3588 4741; x_wconf 90' lang='lat' dir='ltr'><strong>qui</strong></span> <span class='ocrx_word' id='word_1_770' title='bbox 3623 4676 3694 4728; x_wconf 88' lang='lat' dir='ltr'><strong>ab</strong></span> 
     </span>
    </p>
   </div>
   <div class='ocr_carea' id='block_1_105' title="bbox 2121 4755 3694 4828">
    <p class='ocr_par' dir='ltr' id='par_1_105' title="bbox 2121 4755 3694 4828">
     <span class='ocr_line' id='line_1_105' title="bbox 2121 4755 3694 4828; baseline 0.005 -18"><span class='ocrx_word' id='word_1_771' title='bbox 2121 4757 2277 4811; x_wconf 89' lang='lat' dir='ltr'><strong>initio</strong></span> <span class='ocrx_word' id='word_1_772' title='bbox 2327 4755 2603 4807; x_wconf 86' lang='lat' dir='ltr'><strong>hominem</strong></span> <span class='ocrx_word' id='word_1_773' title='bbox 2642 4755 2771 4808; x_wconf 87' lang='lat' dir='ltr'><strong>vicit</strong></span> <span class='ocrx_word' id='word_1_774' title='bbox 2822 4757 3117 4824; x_wconf 78' lang='lat' dir='ltr'><strong>diabolus;</strong></span> <span class='ocrx_word' id='word_1_775' title='bbox 3170 4761 3262 4828; x_wconf 88' lang='lat' dir='ltr'><strong>qtti</strong></span> <span class='ocrx_word' id='word_1_776' title='bbox 3319 4768 3569 4814; x_wconf 84' lang='lat' dir='ltr'><strong>naturam</strong></span> <span class='ocrx_word' id='word_1_777' title='bbox 3628 4764 3694 4818; x_wconf 91' lang='lat' dir='ltr'><strong>ad</strong></span> 
     </span>
    </p>
   </div>
   <div class='ocr_carea' id='block_1_106' title="bbox 2124 4845 3694 4921">
    <p class='ocr_par' dir='ltr' id='par_1_106' title="bbox 2124 4845 3694 4921">
     <span class='ocr_line' id='line_1_106' title="bbox 2124 4845 3694 4921; baseline 0.005 -21"><span class='ocrx_word' id='word_1_778' title='bbox 2124 4846 2417 4915; x_wconf 79' lang='lat' dir='ltr'><strong>imaginem</strong></span> <span class='ocrx_word' id='word_1_779' title='bbox 2469 4845 2559 4899; x_wconf 88' lang='lat' dir='ltr'><strong>Dei</strong></span> <span class='ocrx_word' id='word_1_780' title='bbox 2612 4848 2895 4899; x_wconf 86' lang='lat' dir='ltr'><strong>conditam</strong></span> <span class='ocrx_word' id='word_1_781' title='bbox 2946 4848 3267 4915; x_wconf 64' lang='lat' dir='ltr'><strong>fiedaverat,</strong></span> <span class='ocrx_word' id='word_1_782' title='bbox 3320 4862 3372 4906; x_wconf 86' lang='lat' dir='ltr'><strong>et</strong></span> <span class='ocrx_word' id='word_1_783' title='bbox 3405 4865 3694 4921; x_wconf 83' lang='lat' dir='ltr'><strong>prepterea</strong></span> 
     </span>
    </p>
   </div>
   <div class='ocr_carea' id='block_1_107' title="bbox 2125 4937 3697 5017">
    <p class='ocr_par' dir='ltr' id='par_1_107' title="bbox 2125 4937 3697 5017">
     <span class='ocr_line' id='line_1_107' title="bbox 2125 4937 3697 5017; baseline 0.005 -26"><span class='ocrx_word' id='word_1_784' title='bbox 2125 4938 2263 4993; x_wconf 78' lang='lat' dir='ltr'><strong>fastu</strong></span> <span class='ocrx_word' id='word_1_785' title='bbox 2327 4937 2503 4991; x_wconf 88' lang='lat' dir='ltr'><strong>elatus</strong></span> <span class='ocrx_word' id='word_1_786' title='bbox 2568 4955 2595 4990; x_wconf 75' lang='grc' dir='ltr'><strong>α</strong></span> <span class='ocrx_word' id='word_1_787' title='bbox 2661 4939 2921 5008; x_wconf 77' lang='lat' dir='ltr'><strong>jactantia</strong></span> <span class='ocrx_word' id='word_1_788' title='bbox 2984 4940 3260 5006; x_wconf 83' lang='lat' dir='ltr'><strong>dejicitnr,</strong></span> <span class='ocrx_word' id='word_1_789' title='bbox 3310 4953 3364 5017; x_wconf 90' lang='lat' dir='ltr'><strong>et</strong></span> <span class='ocrx_word' id='word_1_790' title='bbox 3420 4946 3697 4999; x_wconf 74' lang='lat' dir='ltr'><strong>reviviseit</strong></span> 
     </span>
    </p>
   </div>
   <div class='ocr_carea' id='block_1_108' title="bbox 2126 5033 3695 5106">
    <p class='ocr_par' dir='ltr' id='par_1_108' title="bbox 2126 5033 3695 5106">
     <span class='ocr_line' id='line_1_108' title="bbox 2126 5033 3695 5106; baseline -0.001 -21"><span class='ocrx_word' id='word_1_791' title='bbox 2126 5033 2287 5085; x_wconf 87' lang='lat' dir='ltr'><strong>homo</strong></span> <span class='ocrx_word' id='word_1_792' title='bbox 2321 5046 2443 5082; x_wconf 80' lang='lat' dir='ltr'><strong>vera</strong></span> <span class='ocrx_word' id='word_1_793' title='bbox 2474 5033 2671 5083; x_wconf 73' lang='lat' dir='ltr'><strong>anima:</strong></span> <span class='ocrx_word' id='word_1_794' title='bbox 2696 5041 2871 5084; x_wconf 89' lang='lat' dir='ltr'><strong>morte</strong></span> <span class='ocrx_word' id='word_1_795' title='bbox 2904 5042 3179 5097; x_wconf 87' lang='lat' dir='ltr'><strong>mortuus,</strong></span> <span class='ocrx_word' id='word_1_796' title='bbox 3214 5050 3392 5088; x_wconf 81' lang='lat' dir='ltr'><strong>morte</strong></span> <span class='ocrx_word' id='word_1_797' title='bbox 3418 5052 3544 5101; x_wconf 80' lang='lat' dir='ltr'><strong>qua,</strong></span> <span class='ocrx_word' id='word_1_798' title='bbox 3593 5054 3695 5106; x_wconf 74' lang='lat' dir='ltr'><strong>gu-</strong></span> 
     </span>
    </p>
   </div>
   <div class='ocr_carea' id='block_1_109' title="bbox 2125 5121 3693 5195">
    <p class='ocr_par' dir='ltr' id='par_1_109' title="bbox 2125 5121 3693 5195">
     <span class='ocr_line' id='line_1_109' title="bbox 2125 5121 3693 5195; baseline 0.003 -19"><span class='ocrx_word' id='word_1_799' title='bbox 2125 5132 2267 5177; x_wconf 82' lang='lat' dir='ltr'><strong>stato</strong></span> <span class='ocrx_word' id='word_1_800' title='bbox 2299 5121 2473 5175; x_wconf 84' lang='lat' dir='ltr'><strong>l&#39;rttctn</strong></span> <span class='ocrx_word' id='word_1_801' title='bbox 2522 5123 3089 5189; x_wconf 74' lang='lat' dir='ltr'><strong>prohibitooccubuit,</strong></span> <span class='ocrx_word' id='word_1_802' title='bbox 3128 5136 3301 5178; x_wconf 87' lang='lat' dir='ltr'><strong>morte</strong></span> <span class='ocrx_word' id='word_1_803' title='bbox 3348 5143 3510 5195; x_wconf 87' lang='lat' dir='ltr'><strong>quam</strong></span> <span class='ocrx_word' id='word_1_804' title='bbox 3547 5144 3693 5181; x_wconf 79' lang='lat' dir='ltr'><strong>enm-</strong></span> 
     </span>
    </p>
   </div>
   <div class='ocr_carea' id='block_1_110' title="bbox 2122 5212 3691 5287">
    <p class='ocr_par' dir='ltr' id='par_1_110' title="bbox 2122 5212 3691 5287">
     <span class='ocr_line' id='line_1_110' title="bbox 2122 5212 3691 5287; baseline 0.003 -20"><span class='ocrx_word' id='word_1_805' title='bbox 2122 5215 2362 5267; x_wconf 81' lang='lat' dir='ltr'><strong>minatth</strong></span> <span class='ocrx_word' id='word_1_806' title='bbox 2388 5223 2503 5266; x_wconf 88' lang='lat' dir='ltr'><strong>erat</strong></span> <span class='ocrx_word' id='word_1_807' title='bbox 2539 5212 2681 5267; x_wconf 88' lang='lat' dir='ltr'><strong>Deus</strong></span> <span class='ocrx_word' id='word_1_808' title='bbox 2708 5215 2877 5266; x_wconf 81' lang='lat' dir='ltr'><strong>Adam</strong></span> <span class='ocrx_word' id='word_1_809' title='bbox 2909 5226 2962 5269; x_wconf 88' lang='lat' dir='ltr'><strong>et</strong></span> <span class='ocrx_word' id='word_1_810' title='bbox 2992 5214 3117 5269; x_wconf 68' lang='lat' dir='ltr'><strong>Eva:</strong></span> <span class='ocrx_word' id='word_1_811' title='bbox 3152 5219 3466 5287; x_wconf 79' lang='lat' dir='ltr'><strong>priusquam</strong></span> <span class='ocrx_word' id='word_1_812' title='bbox 3498 5235 3691 5272; x_wconf 55' lang='lat' dir='ltr'><strong>con&#39;u-</strong></span> 
     </span>
    </p>
   </div>
   <div class='ocr_carea' id='block_1_111' title="bbox 2081 5287 3696 5378">
    <p class='ocr_par' dir='ltr' id='par_1_111' title="bbox 2081 5287 3696 5378">
     <span class='ocr_line' id='line_1_111' title="bbox 2081 5287 3696 5378; baseline 0.002 -20"><span class='ocrx_word' id='word_1_813' title='bbox 2081 5287 2089 5313; x_wconf 69' lang='grc'><strong><em>’</em></strong></span> <span class='ocrx_word' id='word_1_814' title='bbox 2123 5322 2303 5359; x_wconf 72' lang='lat' dir='ltr'><strong>mares</strong></span> <span class='ocrx_word' id='word_1_815' title='bbox 2323 5304 2580 5368; x_wconf 78' lang='lat' dir='ltr'><strong>fuissent,</strong></span> <span class='ocrx_word' id='word_1_816' title='bbox 2618 5307 2807 5360; x_wconf 86' lang='lat' dir='ltr'><strong>dicens</strong></span> <span class='ocrx_word' id='word_1_817' title='bbox 2841 5308 2904 5358; x_wconf 87' lang='lat' dir='ltr'><strong>ad</strong></span> <span class='ocrx_word' id='word_1_818' title='bbox 2933 5322 3028 5360; x_wconf 79' lang='lat' dir='ltr'><strong>eos</strong></span> <span class='ocrx_word' id='word_1_819' title='bbox 3069 5326 3080 5359; x_wconf 87' lang='lat'><strong>:</strong></span> <span class='ocrx_word' id='word_1_820' title='bbox 3118 5328 3134 5358; x_wconf 80' lang='grc' dir='ltr'><strong>ι</strong></span> <span class='ocrx_word' id='word_1_821' title='bbox 3170 5308 3222 5359; x_wconf 86' lang='lat' dir='ltr'><strong>In</strong></span> <span class='ocrx_word' id='word_1_822' title='bbox 3257 5325 3584 5378; x_wconf 66' lang='lat' dir='ltr'><strong>qmtcunqttv</strong></span> <span class='ocrx_word' id='word_1_823' title='bbox 3612 5313 3696 5362; x_wconf 74' lang='lat' dir='ltr'><strong>die</strong></span> 
     </span>
    </p>
   </div>
   <div class='ocr_carea' id='block_1_112' title="bbox 2122 5396 3692 5468">
    <p class='ocr_par' dir='ltr' id='par_1_112' title="bbox 2122 5396 3692 5468">
     <span class='ocr_line' id='line_1_112' title="bbox 2122 5396 3692 5468; baseline 0.001 -18"><span class='ocrx_word' id='word_1_824' title='bbox 2122 5396 2471 5450; x_wconf 67' lang='lat' dir='ltr'><strong>comederitis</strong></span> <span class='ocrx_word' id='word_1_825' title='bbox 2505 5411 2570 5450; x_wconf 63' lang='lat' dir='ltr'><strong>ex</strong></span> <span class='ocrx_word' id='word_1_826' title='bbox 2596 5412 2682 5459; x_wconf 87' lang='lat' dir='ltr'><strong>ea,</strong></span> <span class='ocrx_word' id='word_1_827' title='bbox 2745 5407 2920 5451; x_wconf 87' lang='lat' dir='ltr'><strong>morte</strong></span> <span class='ocrx_word' id='word_1_828' title='bbox 2954 5399 3262 5453; x_wconf 70' lang='lat' dir='ltr'><strong>moriemini</strong></span> <span class='ocrx_word' id='word_1_829' title='bbox 3289 5402 3353 5453; x_wconf 79' lang='lat'><strong>&quot;.</strong></span> <span class='ocrx_word' id='word_1_830' title='bbox 3394 5419 3410 5450; x_wconf 72' lang='grc' dir='ltr'><strong>ι</strong></span> <span class='ocrx_word' id='word_1_831' title='bbox 3442 5418 3457 5468; x_wconf 86' lang='grc'><strong>;</strong></span> <span class='ocrx_word' id='word_1_832' title='bbox 3496 5403 3692 5454; x_wconf 67' lang='lat' dir='ltr'><strong>ctenim</strong></span> 
     </span>
    </p>
   </div>
   <div class='ocr_carea' id='block_1_113' title="bbox 2124 5487 3696 5561">
    <p class='ocr_par' dir='ltr' id='par_1_113' title="bbox 2124 5487 3696 5561">
     <span class='ocr_line' id='line_1_113' title="bbox 2124 5487 3696 5561; baseline 0.008 -26"><span class='ocrx_word' id='word_1_833' title='bbox 2124 5497 2243 5556; x_wconf 80' lang='lat' dir='ltr'><strong>post</strong></span> <span class='ocrx_word' id='word_1_834' title='bbox 2299 5487 2722 5542; x_wconf 83' lang='lat' dir='ltr'><strong>inobedientiatn</strong></span> <span class='ocrx_word' id='word_1_835' title='bbox 2760 5490 2824 5543; x_wconf 90' lang='lat' dir='ltr'><strong>ad</strong></span> <span class='ocrx_word' id='word_1_836' title='bbox 2882 5500 3112 5546; x_wconf 88' lang='lat' dir='ltr'><strong>mortem</strong></span> <span class='ocrx_word' id='word_1_837' title='bbox 3165 5493 3416 5561; x_wconf 81' lang='lat' dir='ltr'><strong>corporis</strong></span> <span class='ocrx_word' id='word_1_838' title='bbox 3455 5494 3696 5548; x_wconf 78' lang='lat' dir='ltr'><strong>dmnnati</strong></span> 
     </span>
    </p>
   </div>
   <div class='ocr_carea' id='block_1_114' title="bbox 2129 5580 3697 5651">
    <p class='ocr_par' dir='ltr' id='par_1_114' title="bbox 2129 5580 3697 5651">
     <span class='ocr_line' id='line_1_114' title="bbox 2129 5580 3697 5651; baseline 0.003 -18"><span class='ocrx_word' id='word_1_839' title='bbox 2129 5594 2338 5644; x_wconf 86' lang='lat' dir='ltr'><strong>sumus,</strong></span> <span class='ocrx_word' id='word_1_840' title='bbox 2374 5580 2481 5633; x_wconf 72' lang='lat' dir='ltr'><strong>Deo</strong></span> <span class='ocrx_word' id='word_1_841' title='bbox 2514 5590 2801 5651; x_wconf 83' lang='lat' dir='ltr'><strong>preptcrea</strong></span> <span class='ocrx_word' id='word_1_842' title='bbox 2842 5583 2907 5637; x_wconf 80' lang='lat' dir='ltr'><strong>ad</strong></span> <span class='ocrx_word' id='word_1_843' title='bbox 2942 5582 3117 5637; x_wconf 82' lang='lat' dir='ltr'><strong>Adam</strong></span> <span class='ocrx_word' id='word_1_844' title='bbox 3157 5583 3373 5639; x_wconf 89' lang='lat' dir='ltr'><strong>dicente</strong></span> <span class='ocrx_word' id='word_1_845' title='bbox 3409 5603 3421 5639; x_wconf 89' lang='lat'><strong>:</strong></span> <span class='ocrx_word' id='word_1_846' title='bbox 3474 5602 3492 5635; x_wconf 75' lang='grc' dir='ltr'><strong>ι</strong></span> <span class='ocrx_word' id='word_1_847' title='bbox 3526 5583 3697 5637; x_wconf 73' lang='lat' dir='ltr'><strong>Terra</strong></span> 
     </span>
    </p>
   </div>
  </div>
