4442 6448
749 399 845 462 211

2020 396 2401 458 GBEGURII
2451 400 2772 461 PALAM/E

3899 393 4004 456 21!

755 507 994 566 exsistit.
1029 519 1129 561 nec
1177 503 1288 559 ullo
1334 503 1493 559 modo
1527 520 1556 554 n
1581 503 1688 557 orti
1725 517 1847 559 esse
1893 505 2184 559 obnoxiam
2227 521 2332 575 qua
2367 521 2405 572 Α
2441 513 2509 566 αὖ

2242 521 2332 575 tua
2367 521 2405 572 Α
2441 513 2625 566 αὐτῶν
2657 511 2950 577 πολυετοῦς
2991 512 3344 582 τυραννίδος;
3380 509 3480 565 Διά
3508 508 3678 565 ταῦτα
3701 509 3879 563 τοίνυν
3906 510 3996 562 ἐκ·

753 602 870 669 ipsc
907 613 998 668 per
1031 597 1382 662 semetipsum
1417 595 1664 649 homines
1691 593 1891 660 aﬂ'ccit,
1921 611 2120 664 corpus
2145 607 2326 653 autem

753 692 874 755 eius
930 701 1036 742 tum
1077 689 1248 741 dolori
1289 696 1401 740 tum
1448 686 1604 740 morti
1646 687 1970 756 subjacere;
2028 703 2152 742 cum
2197 703 2326 744 vero

759 785 917 835 talum
957 795 1142 833 necem
1177 794 1272 847 per
1308 793 1368 832 se
1403 778 1651 844 nequiret
1685 778 1921 843 inferre,
1970 778 2036 833 ad
2071 779 2191 848 ejus
2223 795 2330 834 ea:-

756 874 876 927 dem
917 871 1211 926 inlidelium
1250 868 1564 923 Iudaeorum
1597 878 1805 924 mentes
1853 881 2034 926 movet
2071 886 2207 941 quas
2243 882 2326 926 ut.

757 975 883 1032 pote
928 961 1189 1016 scelestas
1248 975 1278 1014 a
1326 960 1546 1015 Christo
1582 962 1859 1015 convictas
1906 969 1960 1015 et
2011 963 2326 1031 reprobatas

761 1060 937 1103 ιπονιιῑ
959 1059 1011 1104 et
1041 1051 1227 1105 suadet
1268 1050 1334 1102 ad
1362 1049 1478 1118 ejus
1511 1063 1717 1110 necem,
1749 1048 1817 1103 ad
1861 1062 2045 1103 necem
2091 1051 2322 1119 ignomi-

757 1145 970 1196 niosam
1019 1145 1154 1197 solis
1187 1142 1466 1196 sceleratis
1511 1150 1564 1196 et
1598 1141 1778 1210 impiis
1827 1141 2179 1206 destinatam,
2224 1158 2327 1212 pu-

763 1246 886 1290 tans
919 1236 988 1288 ita
1018 1235 1166 1289 illum
1201 1249 1229 1288 a
1265 1245 1405 1288 terra
1432 1235 1630 1303 ejicere
1657 1243 1710 1287 et
1740 1249 1934 1287 nomen
1964 1237 2080 1302 ejus
2106 1235 2156 1288 in
2186 1244 2326 1290 terra

759 1330 1063 1382 (Ιρςςιςυρτε.
1123 1327 1389 1396 Sperabat
1433 1330 1618 1387 etiam,
1673 1341 1738 1379 eo
1798 1336 2036 1386 mortuo.
2091 1327 2325 1381 animam

759 1418 908 1474 illius
943 1418 995 1472 in
1036 1417 1246 1472 inferno
1278 1417 1554 1472 occlusam
1585 1425 1766 1472 tenere
1797 1417 1938 1472 sicut
1969 1417 2180 1471 animas
2205 1433 2328 1472 om-

758 1512 904 1562 nium
941 1526 968 1562 a
1017 1510 1230 1563 Iu'cttlis
1274 1507 1684 1562 defunctorum.

2438 604 2630 671 μανεὶς
2687 605 2829 659 κατά
2875 605 3136 674 Χριστοῦ,
3187 604 3314 657 ἐπεὶ
3355 603 3456 671 τὴν
3512 601 3614 670 μέν
3676 600 4002 670 θεανδρικὴν

2436 694 2652 763 ἐκείνην
2678 694 2857 764 ψυχὴν
2905 695 2994 749 διὰ
3049 693 3242 762 πείρας
3299 692 3834 761 ὑπερανφκισμένην
3891 687 4001 743 οἶδε

2433 786 2749 839 παντάπασι
2779 786 2887 840 τῶν
2909 785 3121 850 παθῶν,
3144 780 3222 838 ὧν
3245 783 3488 854 ἀρχηγὸς
3534 781 3778 850 ὑπῆρξεν
3816 781 3999 843 αὐτος,

2430 885 2524 931 καὶ
2564 878 2798 933 Θανάτου
2852 877 3133 940 παντελῶς
3189 875 3560 940 ἀνεπίδεκτον,
3608 867 3780 942 οὗπερ
3841 871 4005 933 αὐτὸς

2429 970 2493 1023 δι’
2523 969 2721 1023 ἐαυτοῦ
2753 968 3036 1036 ποιητικός
3095 969 3211 1020 ἐστι
3274 967 3388 1028 τοῖς
3445 963 3774 1036 ἀνθρώποις.
3826 961 3890 1036 τδ
3947 962 4005 1014 δὲ

2430 1057 2591 1125 σῶμα
2630 1035 2881 1127 παθητόν
2909 1073 2969 1109 τε
2996 1057 3089 1109 καὶ
3118 1056 3332 1126 θνητὸν,
3371 1035 3560 1118 αὑτδςγ
3593 1055 3654 1107 δέ
3693 1051 3762 1105 δι’
3807 1035 4002 1106 ἑαυτοῦ

2432 1150 2664 1203 θάνατον
2689 1149 2936 1202 τοιοῦτον
2961 1150 3250 1219 ἐπιφέρειν
3279 1149 3342 1202 οὑ
3390 1148 3838 1217 συγκεχώρηται,
3867 1153 4006 1203 κινεῖ

2432 1241 2571 1309 πρὸς
2611 1241 2770 1310 φόνον
2793 1239 2986 1293 τούτου
3017 1241 3113 1301 τάς
3146 1239 3374 1309 γνώμας
3431 1238 3542 1310 τῷν
3593 1237 3836 1292 ἀπειθῶν
3875 1238 4008 1291 ’1ου-

2431 1332 2618 1396 δαίων,
2656 1333 2791 1402 προς
2816 1331 3008 1399 φθόνον
3032 1332 3126 1385 καὶ
3184 1333 3385 1400 μανίαν
3442 1329 3750 1384 ἀκάθεκτον
3789 1329 4007 1395 ἐγείρας

2435 1421 2535 1489 τὴν
2565 1421 2687 1473 κατ’
2709 1421 2895 1481 αὑτοῦ,
2932 1419 3027 1473 ἅτε
3061 1421 3156 1472 καὶ
3188 1421 3396 1474 τούτων
3440 1420 3514 1483 ὡς
3573 1419 3826 1489 πονηρῶν
3860 1418 4011 1482 ἐλεγ-

2435 1505 2683 1574 χομένων
2713 1508 2893 1558 τεκαὶ
2945 1507 3324 1573 ἀθετουμένων
3376 1509 3481 1561 ὑπὸ
3540 1508 3802 1579 Χριστοῦ.
3857 1509 4011 1560 Κινεῖ

757 1599 939 1650 τοίνυν
998 1602 1093 1653 καὶ
1146 1599 1322 1651 πείθει
1378 1599 1514 1667 πρὸς
1562 1598 1722 1666 φόνον
1776 1595 1990 1659 τούτου,
2041 1595 2136 1648 καὶ
2171 1597 2330 1665 φόνον
2370 1598 2564 1665 ἄτιμον
2589 1599 2684 1652 καὶ
2724 1600 3056 1671 κακούργοις
3116 1601 3301 1670 μόνοις
3327 1601 3420 1654 καὶ
3455 1602 3678 1656 ἀσεϐέσι
3758 1617 4010 1669 νενομισ-

764 1695 948 1762 μένον,
983 1693 1212 1759 νομίσας
1262 1689 1434 1750 οὑτως
1461 1690 1621 1741 αὐτόν
1678 1705 1740 1740 τε
1775 1690 1838 1740 ἐκ
1865 1688 1965 1756 τῆς
2004 1689 2106 1756 γῆς
2165 1688 2437 1751 ἐκϐαλεῖν,
2473 1691 2570 1742 καὶ
2603 1691 2665 1744 τὸ
2719 1693 2893 1762 δνομα
2947 1695 3138 1749 τούτου
3199 1695 3292 1747 ἐπὶ
3356 1696 3456 1764 τῆς
3506 1694 3610 1764 γῆς
3683 1694 4006 1765 ἀχρειῶσαι.

776 1786 1028 1854 Ἐθαρῤει
1051 1785 1104 1836 δέ
1136 1785 1322 1837 τούτου
1357 1783 1633 1848 θανόντος,
1664 1783 1760 1837 καὶ
1805 1785 1905 1851 τὴν
1954 1781 2119 1835 αὑτοῦ
2150 1780 2328 1853 ψυχὴν
2363 1783 2420 1833 ἐν
2455 1783 2582 1855 ᾅδου
2613 1787 3004 1843 κατάκλειστον
3024 1788 3190 1860 ἐχειν,
3216 1789 3292 1852 ὡς
3322 1789 3419 1843 καὶ
3451 1788 3550 1852 τὰς
3572 1787 3678 1841 τῶν
3742 1787 3801 1854 ἐξ
3882 1785 4013 1840 alti:-

761 1896 870 1930 νων
896 1877 1148 1930 ἁπάντων
1171 1876 1368 1945 ψυχάς.

833 1972 926 2026 Sic
960 1971 1217 2038 deceptus
1246 1980 1329 2024 est
1353 1970 1626 2038 deceptor,
1658 1983 1876 2023 carnem
1904 1969 2107 2024 Christi
2139 1976 2325 2036 utpote
2358 1970 2401 2026 Β
2499 1968 2587 2022 06‘

2255 1976 2325 2020 ite
2358 1970 2401 2026 Β
2499 1968 2743 2034 Οὑτωςδ
2802 1970 3060 2023 ἀπατεὼν
3097 1969 3464 2039 ἐξηπάτηται.
3523 1969 3604 2037 τῷ
3648 1971 3746 2040 τῆς
3810 1971 4009 2042 σαρκδς

765 2063 938 2116 dolori
972 2071 1024 2116 et
1050 2061 1204 2114 morti
1227 2060 1513 2114 obnoxiam
1539 2068 1833 2123 attentans,
1857 2069 1909 2114 et
1933 2061 2106 2115 lucem
2136 2060 2337 2114 invitus

767 2154 952 2208 attulit
1012 2154 1316 2207 tenebrosis
1375 2153 1678 2222 amatisque
1734 2151 1849 2218 ejus
1914 2151 2248 2215 carceribus,
2285 2159 2340 2205 et

769 2249 892 2300 vita:
930 2247 1242 2314 largitorem
1296 2245 1493 2298 animis
1547 2246 1613 2296 ab
1657 2259 1722 2298 eo
1777 2256 1993 2314 propter
2042 2243 2336 2312 spiritalem

769 2350 996 2394 mortem
1040 2339 1246 2391 vexatis
1303 2336 1613 2405 proposuit;
1653 2336 1875 2404 insuper
1926 2351 2124 2404 corpus
2165 2350 2192 2387 a
2230 2351 2339 2404 quo

769 2433 1014 2504 procedit
1065 2429 1389 2484 resurrectio
1423 2437 1473 2481 et
1510 2427 1887 2481 immortalitas
1927 2443 2051 2482 cum
2108 2426 2340 2480 mortuis

766 2525 1129 2584 commiscuit,
1159 2522 1380 2589 cupiens
1421 2520 1548 2574 illud
1583 2520 1740 2573 morti
1773 2530 1823 2574 et
1861 2520 2134 2574 vermibus
2167 2519 2342 2572 trade-

772 2637 848 2674 re.
887 2617 1144 2670 Dominus
1166 2625 1346 2668 autem
1383 2613 1478 2668 bas
1517 2614 1678 2666 etiam
1719 2613 1864 2666 illius
1902 2611 2129 2666 insidias
2185 2618 2340 2680 pote-

769 2720 850 2762 rat
877 2709 1093 2776 quidem
1137 2716 1397 2765 evertere.
1426 2705 1518 2758 sed
1552 2716 1893 2772 nequaquam
1930 2703 2120 2765 voluit,
2153 2701 2341 2755 maluit

771 2817 899 2855 vero
934 2800 1170 2852 dolorem
1218 2813 1315 2865 pro
1369 2796 1525 2849 nobis
1575 2795 1820 2859 sull‘erre,
1856 2796 1978 2849 ideo
2007 2794 2145 2850 Deus
2180 2795 2341 2848 homo

770 2895 949 2948 factus
982 2900 1083 2945 est.
1117 2888 1226 2944 Nisi
1264 2889 1406 2941 enim
1445 2889 1608 2941 homo
1642 2897 1805 2950 esset,
1844 2888 1953 2957 puti
1990 2903 2095 2940 non
2132 2886 2342 2956 potuis-

769 2993 886 3048 set;
914 2983 957 3037 si
998 2981 1157 3042 Deus,
1188 2995 1309 3034 cum
1342 2979 1518 3032 locum
1559 2979 1727 3032 dolori
1760 2979 1965 3032 nullum
1999 2979 2252 3048 praebeat,
2287 2979 2339 3032 in

768 3076 1051 3130 divinitate.
1122 3088 1218 3128 sua
1290 3070 1702 3141 permansisset,
1741 3086 1838 3140 pro
1875 3071 2033 3124 nobis
2079 3070 2131 3124 iu
2173 3084 2339 3125 carne

770 3179 998 3221 mortem
1036 3180 1139 3217 non
1174 3165 1448 3226 subiisset,
1470 3177 1576 3230 qua
1611 3163 2003 3216 surrectionem
2035 3178 2130 3216 seu
2161 3165 2340 3231 potius

772 3256 1226 3311 resurrectionem
1283 3251 1440 3305 nobis
1497 3251 1723 3318 largitus
1784 3261 2036 3314 est;non
2094 3251 2341 3306 creditus

770 3349 964 3404 fuisset
994 3359 1152 3414 posse
1185 3344 1398 3411 quidem
1436 3314 1742 3411 nihil—pati,
1774 3341 2006 3397 libenter
2041 3358 2170 3396 vero
2217 3357 2343 3411 pas—
2368 3314 2412 3376 Ο

771 3442 979 3493 sionem
1007 3438 1205 3505 eligere
1229 3448 1285 3488 ut
1310 3441 1637 3488 monstraret
1667 3432 2030 3486 humilitatem
2058 3448 2210 3487 suam
2240 3449 2342 3489 nos

773 3534 1029 3586 liberatos
1056 3537 1357 3583 erecturam
1398 3539 1539 3588 esse,
1568 3533 1622 3579 et
1652 3539 1815 3593 Opere
1847 3524 2065 3577 doceret
2094 3538 2343 3578 necessa-

773 3625 914 3678 rium
946 3637 1066 3678 esse
1102 3635 1274 3690 usque
1310 3619 1374 3672 ad
1414 3627 1641 3672 mortem
1684 3632 1782 3686 pro
1817 3615 2024 3686 justitia
2059 3615 2340 3681 dimicare,

773 3726 831 3770 ut
851 3714 1195 3771 credentibus
1218 3728 1312 3781 per
1337 3709 1790 3766 resurrectionem
1825 3707 2092 3762 nuutiaret
2122 3707 2344 3761 immor-

775 3807 996 3860 talitatis
1027 3804 1269 3858 \irtutem
1302 3816 1420 3870 qua:
1459 3815 1562 3853 non
1602 3813 1915 3867 permanere
1946 3807 2154 3851 tantum
2190 3798 2340 3861 dirit,

775 3901 868 3955 sed
922 3900 1084 3953 etiam
1142 3908 1460 3966 permanere
1509 3901 1659 3946 extra
1708 3901 1963 3944 sternam
2026 3889 2343 3958 perniciem,

774 4004 1036 4048 :eteruum
1066 3990 1187 4044 dico
1216 3997 1269 4041 et
1303 3985 1456 4039 valde
1498 3984 1831 4038 horrendum
1865 3981 2194 4050 supplicium
2232 3981 2342 4034 dia-

775 4085 897 4139 bolo
931 4090 1318 4151 prmparatum,
1344 4085 1397 4129 et
1424 4087 1759 4142 conregnare
1789 4087 1910 4126 cum
1947 4072 2148 4126 sanctis
2179 4087 2344 4140 auge-

776 4178 864 4236 lis.
903 4175 1062 4227 beato
1115 4172 1453 4238 percuniquc
1518 4181 1683 4233 regno
1742 4164 2168 4232 congaudentes.
2221 4161 2345 4217 Ideo

776 4284 939 4336 quam
972 4279 1077 4318 non
1103 4263 1286 4316 debuit
1319 4270 1547 4313 mortem
1594 4256 1759 4310 subiit
1807 4272 1902 4325 pro
1939 4255 2118 4318 nobis,
2149 4265 2206 4307 ut
2250 4270 2346 4307 nos

775 4357 982 4427 quibus
1001 4353 1262 4409 sulTectns
1290 4359 1370 4406 cst
1396 4349 1671 4404 debitores
1703 4361 1731 4400 ε
1766 4348 2028 4400 servitute
2072 4344 2269 4400 diaboli
2295 4353 2348 4400 et

777 4458 951 4502 morte
1001 4447 1274 4506 liberaret,
1307 4449 1480 4494 morte
1526 4439 1734 4492 scilicet
1791 4447 1896 4490 tam
1938 4438 2131 4491 animae
2182 4451 2344 4505 quam

776 4538 1044 4607 corporis,
1077 4545 1189 4590 tum
1218 4532 1497 4602 temporali
1525 4541 1637 4584 tum
1677 4531 1884 4600 perreui
1909 4549 1923 4596 ;
1951 4529 2181 4598 pretium
2201 4529 2345 4584 enim

774 4648 874 4702 pro
907 4630 1062 4684 nobis
1097 4631 1319 4699 propter
1351 4637 1632 4696 peceatum
1662 4623 1771 4678 reis
1801 4623 2071 4678 insontem
2098 4631 2286 4692 utpote
2316 4638 2342 4674 a
2383 4663 2428 4722 D

773 4729 999 4790 peccato
1031 4719 1324 4771 immunem
1361 4715 1595 4769 fundens
1627 4713 1968 4784 sanguinem.
2005 4730 2106 4768 nos
2133 4729 2159 4766 a
2195 4721 2346 4767 reatu

774 4812 1027 4877 redemit,
1057 4809 1282 4863 dimissa
1317 4807 1600 4878 iniquitate
1636 4817 1841 4872 nostra,
1871 4807 2272 4874 dilaceratoque
2297 4807 2351 4858 in

773 4917 937 4957 cruce
955 4901 1338 4972 chirographo,
1373 4915 1473 4954 nos
1496 4914 1525 4953 a
1554 4901 1837 4970 tyrannide
1869 4898 2067 4953 diaboli
2100 4898 2352 4953 redemit.

775 4993 866 5052 ille
898 4995 1040 5049 enim
1064 4996 1320 5063 deceptus
1368 4993 1595 5062 etquasi
1648 4993 2056 5062 obstupesceus,
2083 5004 2358 5044 uomunt-

775 5102 882 5155 que
909 5089 1141 5157 pretium
1163 5086 1478 5156 sanguinem
1504 5087 1654 5139 illum
1686 5085 2027 5140 Dominicum
2053 5083 2253 5137 ell‘undi
2280 5081 2355 5137 si-

779 5183 974 5233 tienter
1007 5189 1284 5248 appetens,
1313 5179 1654 5248 sanguinem,
1682 5180 1924 5247 inquam,
1950 5191 2055 5228 non
2080 5177 2348 5228 insontem

778 5273 961 5336 modo,
987 5273 1079 5326 sed
1113 5272 1272 5324 etiam
1307 5271 1501 5325 virtute
1553 5273 1732 5325 divina
1788 5271 2033 5328 divitem,
2069 5269 2136 5321 ab
2165 5283 2228 5320 ρο
2261 5268 2346 5319 di-

778 5373 921 5418 tatus
955 5379 1060 5415 non
1093 5363 1213 5426 l'ttit,
1237 5365 1328 5416 sed
1373 5363 1582 5417 fortiter
1610 5365 1842 5424 vinctus,
1883 5363 1934 5414 in
1961 5375 2122 5413 cruce
2151 5360 2349 5412 Christi

779 5454 1165 5521 triumphatus,
1209 5464 1259 5506 et
1320 5454 1388 5507 ita
1445 5470 1543 5507 nos
1601 5470 1663 5505 ex
1724 5454 1841 5521 ejus
1901 5454 2159 5505 servitute
2211 5450 2352 5503 eruti

779 5563 971 5600 sumus
988 5557 1041 5600 et
1069 5547 1422 5600 transivimus
1455 5549 1505 5598 in
1533 5561 1754 5615 regnum
1794 5545 1909 5598 Filii
1942 5544 2054 5606 Dei,
2082 5543 2171 5610 qui
2208 5545 2353 5610 prius

777 5638 995 5706 quidem
1021 5652 1237 5691 eramus
1259 5639 1451 5691 domus
1479 5637 1589 5700 irae,
1622 5639 1744 5691 lacti
1775 5649 1953 5689 autem
1979 5638 2045 5689 ab
2065 5652 2132 5689 eo
2156 5637 2351 5690 ilo-nus

780 5731 1177 5786 llliSL‘l‘lt'Ol'tlla’.
1223 5731 1314 5798 qui
1379 5730 1616 5792 alligavit
1674 5730 1865 5782 fortem
1921 5745 2025 5796 pm.
2087 5730 2259 5784 nobis,
2300 5738 2352 5780 ct

783 5825 1003 5876 domum
1033 5823 1151 5886 ciu.»
1182 5821 1436 5880 diripuit;
1472 5822 1561 5878 tlUl
1596 5823 1729 5877 iut‘c.
1765 5833 1944 5876 uttvotc
1981 5823 2177 5886 ιιιιυοιυ
2227 5839 2349 5885 su;-

2439 2059 2533 2114 106
2569 2060 2806 2130 Χριστοῦ
2831 2059 3060 2130 παθητῷ
3091 2077 3150 2113 τε
3177 2061 3272 2114 καὶ
3300 2059 3478 2128 θνητῷ
3507 2060 3853 2130 προσϐαλὼν,
3915 2063 4009 2113 καὶ

2439 2153 2498 2205 τδ
2525 2153 2640 2220 φῶς
2665 2153 2898 2224 ἤνεγκεν
2927 2152 3076 2206 ἄκων
3103 2154 3224 2214 ταῖς
3254 2154 3565 2214 σκοτειναῖς
3603 2153 3697 2205 καὶ
3727 2153 4013 2214 ποθειναῖς

2439 2243 2607 2298 αὑτοῦ
2633 2245 2989 2309 καταδύσεσι,
3017 2245 3110 2297 καὶ
3153 2244 3244 2297 τὸν
3301 2245 3403 2312 τῆς
3456 2243 3603 2311 ζωῆς
3657 2243 3858 2313 δοτῆρα
3893 2247 4011 2306 ταῖς

2438 2333 2528 2386 διὰ
2552 2334 2649 2402 τὴν
2677 2333 2869 2402 νοητὴν
2893 2334 3163 2404 νέκρωσιν
3197 2333 3291 2386 ὑπ’
3325 2332 3492 2386 αὑτοῦ
3543 2333 4011 2402 τυραννουμέναις

2441 2426 2639 2496 ψυχαῖς
2676 2427 3098 2495 ἐπέστησενόὑ
3144 2427 3307 2497 μόνον
3362 2427 3419 2479 δέ
3479 2426 3616 2479 ἀλλά
3668 2429 3761 2478 καὶ
3810 2427 3869 2479 τὸ
3917 2428 4014 2493 τῆς

2443 2519 2798 2581 ἀναστάσεως
2846 2520 2943 2572 καὶ
2989 2519 3087 2587 τῆς
3135 2519 3436 2580 ἀθανασίας
3480 2519 3812 2587 παρεκτικὸν
3854 2519 4012 2587 σῶμα

2440 2614 2556 2669 τοῖς
2599 2612 2922 2680 τεθνηκόσιν
2952 2611 3199 2681 ἀνέμιξε,
3231 2611 3448 2680 θανάτῳ
3476 2611 3572 2663 καὶ
3633 2615 3775 2680 ταφῇ
3833 2629 4013 2681 παρα-

2440 2705 2619 2758 δοῦναι
2654 2705 2892 2769 σπεύσας
2915 2705 3104 2766 αὑτός.
3159 2704 3290 2759 Ὀδέ
3355 2704 3561 2771 Κύριος
3616 2704 3848 2772 ἠδύνατο
3917 2705 4014 2771 μὲν

2443 2797 2538 2850 καὶ
2563 2797 2766 2860 ταύτας
2836 2799 3004 2852 αὑτοῦ
3050 2798 3147 2859 τάς
3202 2795 3496 2859 ἐπιϐουλὰς
3561 2795 4012 2866 διακρούσασθαι.

2442 2887 2558 2942 ἀλλ’
2584 2887 2682 2942 οὐκ
2701 2888 2983 2959 ἠθέλησεν,
3043 2889 3280 2958 ἠθέλησε
3324 2889 3607 2958 δὲμᾶλλον
3649 2888 3900 2942 ὑπελθεῖν
3954 2885 4015 2937 τὸ

2445 2983 2617 3046 πάθος
2649 2982 2791 3052 ὑπέρ
2845 2983 3030 3053 ἡμῶν,
3088 2982 3171 3035 διδ
3208 2981 3303 3034 καὶ
3361 2980 3712 3050 θεάνθρωπος
3769 2981 4011 3046 γέγονεν.

2443 3078 2506 3130 El
2542 3076 2615 3147 μὴ
2639 3077 2748 3146 γάρ
2787 3075 3074 3146 ἄνθρωπος
3119 3071 3210 3144 ἦν,
3242 3073 3344 3127 οὑκ
3395 3070 3463 3143 ἦν
3491 3073 3720 3125 δυνατὴν
3778 3071 4011 3124 παθεῖν’

2445 3170 2495 3221 εί
2529 3168 2586 3220 δέ
2619 3169 2694 3238 μὴ
2717 3167 2851 3229 Θεὸς
2890 3165 3112 3234 ἀπαθὴς
3161 3165 3302 3217 κατά
3331 3164 3429 3232 τὴν
3460 3163 3690 3228 θεότητα
3719 3161 4017 3230 διαμένων.

2444 3261 2545 3312 οὑκ
2574 3259 2640 3312 ἂν
2663 3259 2802 3328 ὑπὲρ
2823 3255 2981 3324 ἡμῶν
3016 3256 3223 3323 ὑπέστη
3257 3255 3426 3323 σαρκὶ
3478 3255 3572 3308 τὸν
3633 3255 3887 3313 θάνατον,
3946 3251 4017 3304 δι’

2447 3348 2612 3401 αὑτοῦ
2653 3348 2752 3415 τὴν
2784 3347 3107 3406 ἀνάστασιν.
3159 3345 3360 3412 μᾶλλον
3391 3345 3446 3396 δέ
3498 3344 3859 3406 ἐξανάστασιν
3921 3340 4016 3393 καὶ

2448 3437 2751 3490 ἀθανασίαν
2803 3438 2934 3504 ἡμῖν
2987 3435 3386 3506 χαριζόμενος·
3441 3435 3550 3487 οὐδ’
3583 3435 3648 3487 ἂν
3722 3433 4015 3501 ἐπιστεύθη

2449 3528 2708 3582 δύνασθαι
2745 3527 2843 3597 μὲν
2871 3526 2946 3597 μὴ
2977 3527 3193 3587 παθεῖν,
3230 3526 3372 3578 ἑκὼν
3410 3526 3464 3578 δὲ
3493 3525 3686 3577 παθεῖν
3717 3522 4018 3594 προελόμε-

2449 3639 2558 3683 νος,
2598 3621 2674 3682 ὡς
2732 3622 2878 3690 ἡμᾶς
2919 3619 3241 3689 ἐλευθεροῦν
3292 3621 3387 3670 καὶ
3437 3617 3674 3686 ἀνυψοῦν
3714 3617 4016 3683 μέλλουσαν

2448 3714 2660 3776 δεικνὺς
2687 3711 2786 3782 τὴν
2837 3711 3045 3766 οίκείαν
3091 3710 3444 3773 ταπείνωσιν,
3488 3712 3580 3762 καὶ
3615 3708 3903 3768 διδάσκων.
3967 3708 4016 3758 εί

2449 3806 2652 3876 δεήσει,
2678 3804 2746 3857 δι’
2788 3805 2985 3874 ἔργων,
3039 3803 3203 3874 μέχρι
3235 3802 3468 3854 θανάτου
3503 3800 3642 3868 ὑπὲρ
3671 3799 4016 3864 δικαιοσύνης

2451 3897 2837 3965 ἀγωνίζεσθαι,
2892 3898 2986 3950 καὶ
3018 3892 3461 3963 ἐπαγγελόμενος
3495 3895 3611 3952 τοῖς
3669 3891 4015 3960 πειθομένοις

2451 3991 2518 4044 δι’
2549 3988 2899 4049 ἀναστάσεως
2934 3987 3032 4053 τῆς
3091 3986 3392 4048 ἀθανασίας
3424 3983 3520 4055 τὴν
3549 3985 3800 4052 δύναμιν,
3832 3984 3894 4037 οὑ
3923 3980 4014 4035 106

2453 4079 2529 4141 είς
2553 4078 2640 4131 ἀεὶ
2681 4077 2962 4146 διαμένειν
2999 4075 3183 4144 μόνον,
3215 4074 3348 4128 ἀλλά
3380 4073 3476 4126 καὶ
3512 4071 3605 4126 106
3637 4072 3856 4124 αἰωνίου
3905 4071 4018 4123 δλέ-

2453 4168 2582 4238 θρου
2609 4168 2886 4236 διαμένειν
2926 4166 3100 4229 ἐκτὸς,
3132 4167 3230 4234 τῆς
3265 4165 3488 4218 αίωνίου
3532 4164 3675 4227 λέγω
3709 4163 4018 4229 φρικωδεσ-

2451 4261 2621 4329 τάτης
2653 4260 2948 4323 κολάσεως,
2978 4259 3076 4327 τῆς
3110 4257 3524 4327 ήτοιμασμένης
3549 4255 3625 4323 τῷ
3647 4253 3895 4320 διαϐόλῳ,
3924 4255 4016 4304 καὶ

2455 4353 2874 4416 συνδιαιωνίζειν
2900 4354 3011 4415 τοῖς
3039 4352 3214 4419 ἁγίοις
3264 4350 3537 4418 ἀγγέλοις,
3582 4348 3680 4416 τῆς
3732 4346 4017 4416 ἀκηράτου

2454 4445 2549 4499 καὶ
2601 4443 2960 4513 ἀτελευτήτου
3024 4441 3303 4512 βασιλείας
3365 4440 3856 4497 συναπολαύοντας.
3923 4439 4020 4490 Διά

2453 4537 2608 4591 10610
2637 4539 2746 4607 γάρ
2773 4537 2832 4588 ὃν
2862 4535 2964 4587 οὑκ
2989 4533 3222 4600 ὤφειλεν
3269 4533 3407 4602 ὑπὲρ
3447 4531 3603 4602 ήμῶν
3640 4531 3899 4599 ὑπέμεινε
3929 4531 4021 4583 θά-

2456 4647 2632 4695 νατον,
2687 4628 2773 4681 ἵνα
2808 4627 2933 4688 τοὺς
2963 4627 3401 4694 ἐποφειλομένως
3430 4625 4019 4693 ὑφισταμένουςὴμᾶς,

2453 4722 2517 4774 ἔκ
2554 4739 2610 4774 τε
2639 4720 2738 4790 τῆς
2763 4720 3009 4782 δουλείας
3060 4717 3153 4770 τοῦ
3210 4716 3458 4770 διαϐόλου
3507 4716 3601 4769 καὶ
3664 4716 3757 4769 τοῦ
3795 4717 4020 4769 θανάτου

2451 4813 2840 4882 λυτρώσηται·
2873 4810 3109 4864 θανάτου
3144 4808 3238 4860 καλ⁵
3271 4808 3366 4860 τοῦ
3429 4808 3572 4861 κατὰ
3616 4806 3796 4878 ψυχὴν
3856 4808 4018 4875 λέγω,

2456 4907 2549 4958 καὶ
2581 4903 2676 4957 106
2703 4904 2843 4957 κατά
2899 4903 3084 4970 σῶμα,
3132 4903 3229 4954 106
3293 4917 3352 4953 τε
3404 4901 3741 4969 προσκαίρου
3785 4899 3879 4952 καὶ
3925 4899 4021 4951 τοῦ

2452 4997 2847 5057 διαιωνίζοντος
2866 5011 2880 5025 ο
2915 4994 3110 5062 λύτρον
3132 4994 3237 5060 γὰρ
3265 4991 3584 5061 ὑπέρήμῶν
3607 4991 3717 5044 τῶν
3753 4992 3819 5042 δι’
3844 4992 4023 5057 ἀμαρ-

2455 5087 2576 5140 τίαν
2612 5085 2925 5139 ὑπευθύνων
2954 5085 3014 5136 τὸ
3068 5084 3361 5136 ἀνεύθυνον
3416 5083 3488 5144 ὡς
3540 5083 3923 5152 ἀναμάρτητον
3954 5083 4024 5132 ol-

2461 5181 2605 5230 κείον
2642 5177 2940 5246 αἶμαδοῦς,
2992 5175 3338 5244 ἐλυτρώσατο
3397 5173 3495 5242 τῆς
3570 5173 3801 5242 εὐθύνης
3848 5173 4022 5240 ἡμᾶς,

2457 5271 2553 5332 τὰς
2578 5268 2849 5338 ἁμαρτίας
2913 5265 3279 5334 συγχωρήσας
3317 5263 3498 5332 ἡμῶν,
3560 5263 3654 5313 καὶ
3706 5263 3764 5313 τὸ
3820 5261 4025 5312 τούτων

2459 5360 2821 5428 χειρόγραφον
2853 5358 2910 5409 ἐν
2941 5355 3021 5424 τῷ
3052 5355 3268 5423 σταυρῷ
3299 5354 3620 5424 διαρρήξας,
3679 5353 4026 5419 ἐλυτρώτατο

2460 5454 2559 5518 τῆς
2595 5448 2908 5515 τυραννίδος
2954 5445 3048 5498 τοῦ
3085 5447 3353 5500 διαϐόλου.
3403 5444 3726 5506 Δελεαςθεὶς
3749 5446 3853 5513 γὰρ
3881 5446 4023 5494 ἑλεῖ-

2465 5560 2550 5605 νος
2580 5542 2674 5594 καὶ
2701 5538 3012 5609 περιχανὼν
3044 5534 3176 5602 οἷον,
3213 5540 3307 5592 καὶ
3332 5539 3388 5591 τὸ
3426 5539 3695 5607 ἡμέτερον
3727 5538 3937 5606 λύτρον,
3970 5537 4027 5586 τὸ

2462 5632 2603 5702 αἷμα
2633 5633 2809 5684 ἐκεῖνο
2833 5631 2891 5682 τὸ
2921 5631 3244 5684 δεσποτικὸν
3296 5629 3527 5700 χυθῆναι
3565 5629 3826 5692 σπεύσας,
3863 5627 3921 5679 τὸ
3954 5627 4027 5694 μὴ

2465 5729 2622 5795 μόνον
2658 5722 2974 5785 ἀνεύθυνον,
3023 5723 3156 5775 ἀλλὰ
3213 5724 3305 5775 καὶ
3357 5723 3544 5787 θεῖκὴν
3590 5721 3817 5790 δύναμιν
3869 5721 4030 5772 πλου-

2463 5821 2605 5883 τοῦν,
2631 5820 2729 5870 οὐκ
2763 5816 3088 5885 ἐπλουτίοθη
3123 5819 3210 5869 ὑπ’
3241 5817 3426 5882 αὑτοῦ,
3463 5816 3576 5872 ἀλλ’
3638 5817 3874 5883 ίςίυρῷς
3908 5816 4020 5868 :65-
