4442 6448
402 380 514 450 213
1785 384 2115 447 HOMILIA
2150 386 2308 448 XVI.
3565 391 3673 456 2M

406 498 500 567 θη,
535 495 1098 568 παραδειγματισθεὶς
1125 495 1186 552 ἐν
1219 496 1300 568 τῷ
1327 495 1548 568 σταυρῷ
1572 494 1666 549 τοῦ
1701 495 1940 564 Χριστοῦ
1969 506 1984 525 ο
2016 501 2060 556 Δ
2089 515 2160 572 ge:

1917 495 1984 546 ὗ·
2016 501 2312 572 Agerente
2375 497 2592 555 diabolo
2648 498 2977 566 trucidatus,
3011 514 3177 571 super
3242 515 3344 559 nos
3401 505 3671 573 regnavit.

409 590 510 644 καὶ
539 588 713 653 οὕτως
737 589 900 660 ἡμεῖς
921 591 985 644 ἐκ
1009 590 1109 660 τῆς
1139 589 1308 645 αὑτοῦ
1335 589 1579 654 δουλείας
1617 587 1991 660 ἐῤῥύσθημεν,
2092 593 2163 664 jus

1920 603 1991 651 εν.
2092 593 2304 664 iustitia
2337 593 2564 664 mystice
2589 594 2803 673 devicto
2832 594 2959 649 mali
2984 593 3251 665 principe,
3277 593 3674 667 manifesteque

411 683 512 735 καὶ
549 683 895 754 μετέστημεν
950 685 1031 746 τίς
1071 683 1174 755 τὴν
1217 682 1506 754 βασιλείαν
1544 684 1641 736 τοῦ
1711 683 1843 738 Υίοῦ
1901 682 1994 737 τοῦ
2095 687 2165 742 vit

1922 682 1994 737 τοῦ
2095 687 2206 742 vim
2243 703 2398 743 suam
2435 689 2889 757 omnipotentem,
2922 688 3052 743 dum
3098 702 3331 758 corpore
3371 689 3565 745 mortis
3595 690 3676 743 in-

409 774 572 837 Θεοῦ,
608 775 780 844 σκεύη
813 775 914 843 μὶν
942 775 1114 846 ὀργῆς
1165 774 1322 841 δντις
1359 777 1656 846 πρότερον,
1709 775 1880 847 σκεύη
1937 773 1997 829 δέ
2097 780 2163 836 du

1937 773 1997 829 δέ
2097 780 2282 846 dutus,
2313 796 2343 835 a
2381 781 2613 835 mortuis
2663 790 2783 848 post
2832 792 2940 838 tres
2990 781 3109 837 dies
3164 784 3483 849 resurrexit,
3512 792 3567 839 et
3622 784 3676 837 iu

412 865 597 942 ἐλέους
629 866 724 920 ὑπ’
749 866 918 921 αὑτοῦ
952 867 1265 936 γεγονότες,
1290 868 1387 923 τοῦ
1409 869 1679 940 δήσαντος
1706 867 1800 921 τὸν
1846 870 1999 938 ίσχυ-
2099 886 2166 927 ca

1923 887 1999 938 :u-
2099 873 2298 927 caelum
2328 872 2632 928 ascendens
2669 873 2733 926 ad
2767 873 3046 928 dexteram
3081 872 3262 930 Patris
3291 875 3433 931 sedit
3460 893 3581 931 cum
3618 893 3677 932 ea

417 959 512 1032 ρδν
539 961 615 1024 ὡς
647 961 785 1030 πρὸς
821 944 974 1032 ἡμᾶς
1003 963 1157 1028 ὄντα,
1181 963 1278 1018 καὶ
1315 965 1385 1019 τά
1430 963 1600 1035 σκεύη
1643 963 1809 1019 αὐτοῦ
1843 965 2001 1033 διαρ-

414 1055 693 1116 πάσαντος
715 1072 728 1086 ·
759 1055 820 1119 ὃς
851 1057 974 1110 ἐπεὶ
1000 1056 1244 1124 δικαίως,
1289 1059 1364 1124 ὡς
1536 1059 1736 1124 ἀδίκως
1762 1060 2000 1132 ὑποϐολῇ

416 1146 515 1201 τοῦ
546 1147 795 1203 διαϐόλου
822 1149 1106 1217 φονευθεὶς
1127 1150 1478 1207 ἐϐασίλευσεν
1508 1153 1684 1223 ἡμῶν,
1706 1156 1770 1225 τῇ
1795 1154 2005 1208 δικαιο-

421 1239 560 1312 σύνῃ
594 1242 875 1310 μυστικῶς
916 1244 1154 1314 νικήσας
1205 1243 1298 1299 τὸν
1331 1245 1666 1317 ἀρχέκακον,
1702 1247 1798 1301 καὶ⁵
1839 1263 2005 1316 φανε-

423 1332 536 1404 ρῶς
566 1334 942 1390 ἐπιδείκνυται
967 1337 1068 1408 τὴν
1119 1337 1532 1406 παντοδύναμον
1595 1338 1849 1412 δύναμιν,
1908 1340 2002 1395 καὶ

422 1425 568 1480 κατά
596 1428 754 1497 σῶμα
785 1425 880 1483 τοῦ
910 1430 1145 1486 θανάτου
1170 1429 1616 1502 περιγενόμενος,
1642 1435 1738 1486 καὶ
1761 1434 2002 1498 ἀναστάς

420 1517 490 1570 ἐκ
524 1515 736 1589 νεκρῶν
765 1523 1092 1592 τριήμιρος,
1138 1522 1236 1578 καὶ
1274 1525 1352 1588 είς
1384 1524 1614 1594 οὐρανὸν
1645 1523 1872 1590 ἀναϐὰς,
1907 1523 2002 1577 καὶ

424 1609 659 1673 καθίσας
683 1612 747 1665 ἐκ
789 1613 978 1678 δεξιῶν
1012 1613 1110 1666 τοῦ
1136 1614 1372 1684 Πατρδς,
1407 1618 1506 1670 σὺν
1561 1616 1698 1686 αὐτῇ
1735 1617 1802 1687 ἥν
1857 1615 1996 1686 ὑπὲρ

2105 980 2267 1036 quam
2292 978 2389 1033 pro
2417 965 2574 1020 nobis
2595 965 2786 1020 tulitet
2806 981 2899 1038 per
2925 981 3086 1037 quam
3112 978 3363 1024 mortuus
3389 981 3469 1024 εει
3497 984 3682 1033 carne,

2105 1055 2334 1126 pignore
2364 1055 2689 1124 promittens
2723 1072 2822 1112 nos
2853 1072 2884 1111 a
2921 1058 3153 1114 mortuis
3191 1060 3682 1124 resurrectiom-nt,

2106 1150 2158 1202 iu
2185 1148 2338 1203 ccelis
2384 1147 2795 1203 collocationem
2827 1157 2882 1203 et
2926 1165 3152 1221 regnum
3193 1166 3317 1206 esse
3365 1153 3682 1214 sortitnros,

2106 1241 2403 1296 dummodo
2462 1256 2562 1296 nos
2620 1256 2837 1310 quoque
2886 1241 3036 1296 illum
3086 1242 3283 1296 imitati
3329 1257 3427 1312 pro
3481 1244 3688 1296 viribus

2110 1331 2333 1397 nostris,
2369 1346 2558 1388 rursus
2585 1332 2796 1402 justitia
2833 1332 3038 1402 peccati
3077 1335 3371 1402 principem
3423 1331 3686 1388 devinca—

2111 1441 2256 1488 mus,
2322 1423 2656 1496 propulsatis
2725 1423 2844 1492 eius
2909 1425 3258 1495 nggressibus
3339 1425 3567 1496 ejusque
3624 1429 3687 1479 atl

2113 1519 2289 1588 turpia
2342 1517 2472 1573 vitia
2504 1517 2850 1587 impulsibus,
2904 1519 3224 1590 fortiterque
3292 1519 3493 1575 retusis
3545 1521 3691 1575 illius

2108 1613 2376 1670 artiﬁciis.

422 1701 581 1770 ἡμῶν
612 1703 861 1775 ἐφόρεσε,
894 1707 989 1760 καὶ
1030 1707 1156 1761 καθ’
1179 1708 1248 1779 ἢν
1279 1708 1521 1765 ἀπέθανε
1544 1712 1728 1782 σαρκὶ,
1762 1709 2177 1778 πιστωσάμενος
2208 1711 2341 1778 ἡμῖν
2364 1709 2458 1762 καὶ
2489 1707 2588 1779 τὴν
2645 1708 2708 1760 ἐκ
2763 1706 2975 1775 νεκρῶν
3035 1707 3355 1774 ἀνάστασιν,
3422 1704 3520 1761 καὶ
3589 1708 3697 1779 τὴν

427 1792 510 1854 εἰς
533 1793 799 1864 οὐρανοὺς
821 1796 1297 1864 ἀποκατάστασιν,
1335 1802 1428 1854 καὶ
1458 1797 1559 1872 τὴν
1587 1802 1685 1871 τῆς
1722 1800 2002 1872 βασιλείας
2038 1802 2443 1871 κληρονομίανο
2475 1803 2680 1872 ἐάνπερ
2709 1803 2804 1855 καὶ
2875 1802 3038 1872 ἡμεῖς
3096 1801 3263 1854 αὐτὸν
3338 1801 3696 1878 μιμούμενοι,

427 1885 569 1938 κατὰ
602 1887 661 1940 τὸ
687 1889 986 1958 ἐγχωροῦν,
1016 1895 1080 1963 τῇ
1120 1893 1439 1968 δικαιοσύνῃ
1466 1896 1557 1949 τὸν
1591 1895 1691 1966 τῆς
1765 1896 2046 1966 ἁμαρτίας

2108 1896 2356 1966 ἀρχηγὸν
2434 1897 2751 1950 καταπαλαί
2758 1915 2832 1950 σω
2842 1914 2960 1963 μεν,
3079 1897 3110 1949 ἀ
3123 1914 3222 1949 ποκ
3231 1887 3514 1967 ρουόμενοι

3596 1901 3697 1964 τὰς

428 1974 597 2029 αὑτοῦ
655 1982 987 2051 προσϐολὰς,
1031 1987 1126 2038 καὶ
1152 1985 1253 2048 τὰς
1278 1987 1416 2059 πρὸς
1449 1988 1518 2042 τά
1577 1989 1794 2061 πονηρά
1854 1989 2002 2060 πάθη
2070 1991 2412 2061 προτροπὰς,
2479 1991 2574 2046 καὶ
2649 1990 3018 2062 ὑποφέροντες
3073 1991 3338 2059 γενναίως
3428 1993 3528 2054 τὰς
3574 1994 3699 2047 ἐπι-

430 2071 651 2136 ϐουλάς.

499 2171 598 2222 Διὰ
630 2170 788 2223 τοῦτο
826 2175 933 2239 γὰρ
973 2173 1154 2226 καίτοι
1190 2174 1276 2230 διά
1305 2175 1398 2230 τοῦ
1452 2179 1599 2232 θείου
1633 2180 2013 2250 βαπτίσματος
2045 2178 2092 2238 Β
2191 2178 2245 2232 Id

1943 2199 2013 2243 τος
2045 2178 2092 2238 Β
2191 2177 2403 2232 Idcirco
2439 2176 2538 2230 etsi
2575 2190 2674 2230 nos
2709 2176 2893 2228 divino
2933 2174 3261 2244 baptismate
3299 2177 3697 2245 rcgeneraverit

430 2263 804 2334 ἀναγεννήσας
849 2268 997 2334 ἡμᾶς
1039 2269 1065 2319 6
1097 2269 1323 2336 Κύριος,
1356 2275 1453 2324 καὶ
1493 2273 1581 2325 διά
1633 2275 1731 2338 τῆς
1788 2275 2011 2344 χάριτος

429 2373 490 2407 το
552 2355 709 2423 ἁγίου
743 2357 1060 2426 Πνεύματος
1093 2363 1412 2429 σφραγίζων
1441 2365 1519 2425 είς
1551 2365 1767 2434 ἡμέραν
1815 2369 2015 2419 ἀπολυ-

431 2447 711 2514 τρώσεως,
745 2449 892 2516 ὅμως
925 2450 1118 2520 θνητὸν
1153 2452 1232 2507 ἔτι
1267 2455 1363 2507 καὶ
1384 2455 1624 2524 παθητὸν
1647 2457 1790 2527 ἔχειν
1818 2459 2014 2528 ἀφίησι

436 2539 616 2607 σῶμα,
657 2543 748 2593 καὶ
781 2542 871 2594 τὸν
916 2543 1014 2609 τῆς
1047 2545 1245 2609 κακίας
1285 2547 1571 2619 ὑφηγητὴν
1614 2550 1726 2602 τῶν
1770 2553 2014 2619 ταμείων

432 2630 534 2700 τῆς
555 2632 732 2702 ψυχῆς
769 2634 1039 2703 ἐκϐαλὼν,
1069 2637 1219 2706 ὅμως
1249 2639 1441 2708 ἀφίησι
1484 2641 1848 2712 προσϐάλλειν
1881 2643 2014 2708 ἔξω·

435 2728 548 2789 θεν,
583 2725 658 2788 ὡς
689 2726 754 2779 ἂν
778 2731 805 2782 6
837 2730 1246 2793 ἀνακαινισθεὶς
1276 2732 1560 2801 ἄνθρωπος
1587 2735 1726 2788 κατὰ
1757 2735 1854 2806 τὴν
1893 2755 2016 2790 και-

435 2814 532 2886 νὴν
563 2816 858 2888 Διαθήκην,
895 2822 1140 2875 τουτέστι
1169 2822 1228 2874 τὸ
1262 2823 1356 2875 τοῦ
1391 2822 1630 2895 Χριστοῦ
1660 2827 2014 2896 Εὐαγγέλιον,

437 2910 496 2960 ἐν
524 2908 861 2981 ἀγαθοεργία
890 2912 985 2964 καὶ
1034 2914 1294 2983 μετανοίᾳ
1327 2915 1457 2980 ζῶ),
1507 2918 1601 2970 καὶ
1622 2919 1729 2971 τῶν
1757 2921 1858 2988 μὲν
1891 2937 1947 2972 τε
1960 2939 2018 2992 ρ-

437 2999 586 3052 πνῶν
634 3000 728 3054 τοῦ
777 3001 889 3071 βίου
925 3003 1118 3057 τούτου
1159 3008 1522 3077 περιφρονῶν,
1574 3011 1640 3065 τά
1684 3011 1741 3064 δὲ
1779 3013 2018 3080 ὀδυνηρά

435 3089 748 3159 ὑποφέρων,
801 3095 897 3146 καὶ
926 3097 1044 3158 ταῖς
1094 3095 1189 3149 τοῦ
1245 3098 1632 3169 ἀντικειμένου
1682 3104 2016 3173 προσϐολαῖς

436 3181 870 3254 γυμναζόμενος,
901 3187 1200 3260 ἑτοιμασθῇ
1230 3191 1364 3260 πρὸς
1382 3192 1650 3264 ὑποδοχὴν
1673 3194 1772 3263 τῆς
1798 3197 2016 3266 ἀφθαρ-

438 3273 581 3340 σίας,
614 3277 709 3328 καὶ
741 3279 848 3330 τῶν
883 3279 940 3330 ἐν
975 3281 1111 3351 αὐτῇ
1145 3283 1284 3336 κατά
1315 3284 1405 3336 τὸν
1451 3286 1635 3339 καινὸν
1683 3287 1853 3340 αἰῶνα
1887 3289 2017 3356 μελ-

436 3367 639 3422 λόντων
686 3369 914 3423 ἐκείνων
936 3373 1181 3440 ἀγαθῶν.
1224 3378 1316 3428 Δεῖ
1344 3376 1437 3430 οὖν
1451 3378 1553 3445 τὸν
1585 3379 1774 3432 πιστὸν
1821 3382 1887 3451 τῇ
1918 3381 2017 3450 μὲν

435 3459 611 3512 ἐλπίδι
642 3461 887 3531 χαίρεινο
948 3465 1182 3538 κάπειδὴ
1231 3467 1406 3536 πέρας
1445 3469 1473 3521 6
1524 3468 1639 3537 βίος
1690 3464 1844 3530 οὗτος
1881 3471 2013 3535 ἕξει,

437 3551 719 3621 φρονίμως
747 3552 974 3622 ἥδεσθαι
1007 3554 1105 3624 τὴν
1150 3556 1536 3628 μακαριότητα
1572 3560 1783 3622 πιστῶς
1807 3559 2019 3628 ἐκδεχό-

442 3659 624 3712 μενον,
651 3643 719 3714 ῆν
745 3645 1078 3714 ὴημέλλουσα
1115 3647 1229 3719 ζωὴ
1255 3649 1635 3720 ἀτελευτήτως
1684 3651 1818 3716 ἔξει.
1852 3651 1929 3721 Τῇ
1962 3651 2018 3705 δὲ

440 3740 653 3793 συνέσει
685 3740 784 3813 τῆς
818 3741 1056 3805 πίστεως
1085 3744 1184 3815 τὴν
1210 3745 1524 3815 ἀθλιότητα,
1559 3745 1624 3816 ἦν
1659 3748 1685 3799 6
1721 3745 1833 3815 βίος
1865 3739 2020 3808 οὗτος

439 3834 607 3899 ἀξίως
654 3835 954 3906 κατεκρίθη
981 3837 1189 3906 φέρειν,
1221 3838 1278 3890 ὲν
1310 3837 1554 3908 ὑπομονῇ
1589 3837 1685 3891 καὶ
1717 3837 1784 3890 δι’
1815 3837 2024 3905 ὑπομο-

439 3926 537 3997 νῆς
564 3925 701 3997 πρὸς
738 3927 837 3998 τὴν
866 3927 1165 3998 ἁμαρτίαν,
1200 3930 1293 3981 καὶ
1345 3913 1438 3982 τον
1481 3929 1580 3999 τῆς
1613 3930 1890 4000 ἀμαρτίας
1924 3931 2024 3997 ἀρ-

441 4020 613 4089 χηγὸν
646 4020 739 4071 καὶ
771 4020 1056 4091 συνεργὸν,
1111 4021 1205 4074 καὶ
1251 4022 1380 4084 τοὺς
1412 4022 1777 4091 ταττομένους
1808 4021 1901 4075 ὑπ’
1929 4021 2024 4073 αὑ-

441 4113 560 4178 τοῦ,
633 4115 683 4168 εί
723 4113 926 4184 δεήσει,
975 4113 1173 4182 μέχρις
1224 4108 1456 4183 αἵματος
1499 4111 2018 4167 ἀντικαθίστασθαι’

441 4207 584 4277 πλὴν
628 4208 737 4276 γὰρ
768 4207 866 4277 τῆς
893 4205 1172 4276 ἁμαρτίας
1199 4205 1352 4257 οὐδὲν
1382 4203 1494 4258 τῶν
1522 4206 1580 4257 ἐν
1605 4203 1682 4274 τῷ
1717 4203 1817 4273 βίῳ
1847 4203 2023 4272 τούτῳ

444 4301 614 4353 κακὸν
660 4299 850 4361 ὅντως,
885 4299 934 4351 εί
955 4298 1048 4352 καὶ
1081 4295 1379 4360 κακώσεως
1403 4294 1686 4363 πρόξενον,
1716 4295 1829 4348 οὐδ’
1859 4296 2024 4360 αὐτὸς

444 4395 474 4445 6
498 4391 749 4452 θάνατος.
782 4390 876 4442 Διὸ
919 4391 1015 4443 καὶ
1043 4388 1202 4460 χορὸς
1240 4388 1340 4458 μὲν
1371 4387 1534 4440 ὁσίων
1561 4386 1716 4442 αὐτοὶ
1739 4386 1870 4458 παρ’
1895 4389 2025 4441 ἐαυ-

444 4484 553 4538 τῶν
588 4484 801 4545 ἐαυτοίς
824 4482 1136 4552 ἐπήνεγκαν
1172 4479 1273 4542 τάς
1300 4474 1577 4542 κακώσεις
1601 4478 1696 4531 τοῦ
1733 4477 1984 4545 σώματος
2006 4495 2021 4511 ο

445 4577 496 4630 oi
528 4577 585 4629 δὲ
611 4575 888 4646 μάρτυρες
918 4570 1013 4627 καὶ
1068 4572 1160 4626 τὸν
1194 4571 1367 4642 βίαιον
1418 4571 1549 4642 παρ’
1577 4572 1782 4641 ἐτέρων
1820 4571 2024 4640 ἐπαγό-

423 4675 610 4738 μενον
643 4668 827 4728 αὐτοῖς
873 4664 1101 4723 θάνατον
1147 4664 1414 4733 ἐποίησαν
1467 4663 1880 4726 εὐκλεέστατον,
1931 4665 2025 4716 καὶ

446 4760 591 4828 ζωῆς
621 4758 717 4812 καὶ⁵
759 4757 918 4825 δόξης
951 4755 1045 4809 καὶ
1083 4755 1364 4826 βασιλείας
1383 4751 1604 4809 αἰωνίου
1639 4755 1736 4807 καὶ
1767 4753 2024 4824 οὐρανίου

2117 2271 2401 2333 Dominus,
2434 2278 2488 2324 et
2515 2270 2687 2335 gratia
2720 2269 2955 2336 Spiritus
2997 2270 3168 2324 sancti
3210 2284 3310 2324 nos
3343 2270 3393 2324 in
3432 2271 3573 2323 diem
3609 2287 3697 2323 re-

2115 2361 2449 2431 demptionis
2484 2361 2874 2427 obsignaverit,
2905 2374 3106 2427 corpus
3147 2369 3326 2414 tamen
3363 2358 3622 2427 passibile
3647 2369 3700 2411 et

2118 2454 2346 2508 mortale
2403 2467 2502 2507 nos
2557 2452 2762 2506 habere
2819 2451 3085 2520 permisit,
3119 2461 3174 2505 et
3216 2453 3343 2505 licet
3399 2455 3468 2506 ab
3524 2445 3701 2521 adytis

2118 2546 2314 2600 animae
2345 2543 2602 2614 nequitia:
2628 2541 2818 2596 ducem
2861 2541 3127 2612 eiecisset,
3157 2543 3282 2596 sivit
3319 2552 3497 2597 tamen
3547 2543 3698 2595 illmu

2120 2638 2252 2693 foris
2279 2637 2518 2708 aggredi.
2546 2645 2604 2690 ttt
2638 2647 2930 2690 renovatus
2960 2635 3125 2690 homo
3155 2635 3459 2690 secundum
3495 2649 3697 2690 novum

2117 2729 2622 2793 Testamentum,id
2655 2738 2739 2787 est
2777 2728 2980 2782 Christi
3023 2726 3396 2795 Evangelium,
3427 2728 3480 2782 in
3516 2730 3700 2797 Operi-

2120 2823 2224 2878 bus
2259 2822 2418 2877 bonis
2469 2830 2522 2876 et
2558 2820 2609 2876 in
2665 2821 2983 2889 pmnitentia
3035 2821 3240 2878 vivens.
3275 2822 3473 2888 spretis
3535 2821 3700 2890 hujus

2121 2917 2242 2971 vita
2262 2915 2494 2981 deliciis,
2530 2929 2720 2985 aspera
2743 2929 3035 2984 perpessus
3055 2923 3104 2968 et
3123 2913 3569 2983 aggressionibus
3593 2914 3702 2970 ini.

2121 3011 2242 3066 mici
2271 3010 2560 3074 exercitus,
2584 3018 2804 3077 par-atus
2830 3018 2973 3064 esset
3017 3009 3080 3061 ad
3110 3008 3481 3071 accipiendam
3516 3009 3700 3063 incor-

2120 3103 2530 3173 ruptibilitatem
2555 3101 2804 3169 donaque
2838 3115 2932 3170 per
2961 3116 3078 3154 eam
3108 3101 3159 3152 in
3195 3116 3336 3154 novo
3371 3101 3571 3156 saeculo
3600 3102 3705 3155 lar-

2122 3197 2333 3268 gienda.
2360 3195 2730 3264 Oportetergo
2757 3194 2965 3249 ﬁdelem
2993 3210 3088 3263 spe
3127 3193 3359 3263 gaudere
3385 3204 3456 3259 et,
3482 3196 3703 3264 quando

2125 3289 2283 3344 ﬁnem
2308 3289 2528 3344 habebit
2556 3290 2670 3342 haec
2697 3289 2978 3347 vita.recte
2999 3288 3274 3341 exsultare
3307 3288 3700 3342 beatitudinem

2123 3381 2350 3436 ﬁdeliter
2385 3388 2815 3435 consecuturum
2869 3394 3030 3448 quam
3069 3379 3176 3432 vita
3225 3378 3404 3433 futura
3442 3381 3561 3434 sine
3598 3383 3704 3432 ﬁne

2123 3473 2377 3528 servabit.
2413 3469 2637 3542 Oportet
2663 3480 2842 3525 autem
2874 3471 3036 3526 etiam
3070 3471 3425 3539 intelligentia
3456 3472 3575 3527 ﬁdei
3612 3474 3700 3528 in—

2125 3564 2439 3621 felicitatem
2469 3579 2632 3632 quam
2668 3564 2780 3618 haec
2818 3564 2925 3618 vita
2962 3564 3148 3619 atthire
3175 3565 3298 3632 jure
3330 3575 3549 3633 propter
3580 3583 3705 3634 βρισ-

2123 3665 2304 3712 catum
2329 3655 2479 3726 jussa
2513 3664 2619 3718 est,
2643 3655 2933 3724 ipsumque
2965 3656 3170 3724 peccati
3207 3655 3399 3710 ducem
3438 3667 3490 3709 et
3522 3655 3707 3708 fauto-

2125 3764 2258 3814 rem,
2288 3763 2499 3802 necnon
2540 3747 2608 3802 ab
2638 3763 2703 3801 eo
2728 3747 3024 3802 instructas
3059 3746 3226 3809 acies,
3254 3745 3298 3801 si
3333 3747 3699 3802 necessarium

2122 3845 2212 3907 sit,
2253 3841 2318 3897 ad
2351 3841 2664 3911 sanguinem
2706 3841 2946 3909 perferre
2979 3859 2992 3906 ;
3033 3857 3154 3895 nam
3195 3854 3390 3911 praeter
3421 3853 3699 3911 peccatum

2124 3935 2257 3990 nihil
2290 3950 2477 3989 eorum
2516 3948 2636 4003 qua:
2669 3944 2788 3986 sunt
2827 3933 2887 3986 .iu
2928 3934 3029 3987 hac
3062 3935 3167 3987 vita
3206 3935 3404 3988 malum
3439 3942 3545 3995 est,
3581 3935 3708 3988 licet

2126 4027 2326 4082 malum
2358 4026 2594 4092 foveant,
2622 4041 2720 4079 nec
2753 4040 2900 4080 mors
2931 4026 3066 4095 ipsa.
3104 4027 3229 4080 Ideo
3260 4027 3461 4080 chorus
3489 4028 3706 4096 quidem

2125 4127 2444 4173 sanctorum
2505 4118 2650 4186 passi
2705 4125 2833 4170 sunt
2891 4117 3134 4185 corporis
3191 4114 3515 4171 aﬁ'lictioues
3565 4134 3704 4183 quas

2127 4225 2268 4280 saepe
2299 4209 2649 4277 sibimetipsis
2678 4207 2998 4272 intulerunt,
3024 4219 3291 4277 martyres
3322 4225 3449 4263 vero
3500 4208 3708 4262 violen-

2127 4311 2234 4356 tam
2263 4301 2330 4355 ab
2364 4301 2483 4355 aliis
2511 4300 2612 4354 sibi
2651 4300 2855 4354 illatam
2896 4312 3125 4354 mortem
3175 4301 3420 4354 fecerunt
3465 4300 3705 4361 clarissi—

2129 4409 2269 4448 mam
2299 4408 2330 4448 a
2363 4407 2468 4462 qua
2499 4392 2724 4462 gloriam
2759 4400 2812 4446 et
2855 4392 3016 4444 vitam
3047 4401 3106 4469 et
3157 4406 3382 4464 regnum
3440 4399 3702 4446 aeternum

2127 4484 2437 4551 cmlutnque
2467 4491 2815 4550 acceperunt,
2850 4479 2966 4551 ipsa
2998 4481 3081 4550 pie
3111 4489 3407 4550 sancteque
3448 4491 3698 4547 utentes;

2128 4571 2232 4625 hac
2261 4570 2404 4623 enim
2438 4569 2505 4624 de
2535 4583 2698 4623 causa
2729 4579 3015 4638 postquam
3047 4583 3274 4624 mortem
3304 4587 3400 4640 per
3430 4588 3584 4627 suam
3620 4589 3705 4627 re-

2127 4661 2520 4717 surrectionem
2555 4660 2961 4727 mortiﬁcusset,
2991 4663 3106 4716 suis
3157 4672 3334 4716 tamen
3382 4663 3524 4716 illam
3582 4681 3705 4734 p-r-

2129 4769 2351 4810 manere
2371 4752 2516 4818 sivit,
2540 4763 2734 4808 etcum
2759 4753 2847 4807 illa
2874 4753 3010 4807 alias
3035 4755 3196 4821 hujus
3221 4755 3402 4807 mundi
3431 4756 3703 4820 miserias,
3737 4790 3739 4792 -

447 4853 800 4922 παρεκτικον,
839 4846 1019 4912 καλῶς
1075 4851 1170 4903 καὶ
1200 4843 1695 4918 θεαρέστως-αὐτῷ
1745 4847 2025 4918 χρησάμε-
2062 4867 2104 4924 D
2135 4858 2193 4902 ut

1955 4865 2025 4899 ιε·
2062 4867 2104 4924 D
2135 4842 2514 4902 utsecundum
2547 4844 2826 4900 Christum
2863 4846 3025 4899 homo
3070 4861 3165 4913 per
3208 4863 3302 4901 cas
3356 4862 3452 4916 pro
3484 4846 3709 4900 veritate:

447 4965 529 5000 νοι
553 4964 567 4978 ο
599 4948 687 4999 διά
715 4945 876 4998 τοῦτο
915 4944 1023 5014 γάρ
1053 4943 1146 4996 καὶ
1175 4941 1312 5011 μετὰ
1335 4943 1394 4994 τὸ
1427 4941 1777 5010 καταργῆσαι
1807 4940 1898 4992 τὸν
1927 4941 2025 4994 θά-

447 5058 608 5095 νατον
639 5039 728 5093 διά
757 5038 858 5109 τῆς
908 5037 1116 5097 οίκείας
1142 5034 1520 5100 ἀναστάσεως,
1559 5038 1671 5097 τοῖς
1695 5019 1919 5097 οίκεῖοις
1944 5034 2024 5090 ἔτι

447 5132 787 5202 παραμένειν
841 5130 1045 5198 ἀφῆκε,
1083 5127 1177 5180 καὶ
1209 5127 1305 5179 σὺν
1330 5125 1504 5196 τούτῳ
1535 5127 1634 5189 τὰς
1663 5125 1829 5189 ἄλλας
1858 5123 1916 5176 ἐν
1947 5124 2024 5194 τῷ

2138 4943 2190 4995 in
2222 4940 2329 4993 vita
2359 4950 2412 4994 et
2451 4937 2555 4993 ﬁde
2591 4939 2928 4992 ostendenda
2961 4938 3326 5002 colluctando,
3361 4939 3428 4991 ad
3464 4939 3706 4992 futurum

2138 5029 2269 5083 illud
2319 5043 2517 5081 novum
2549 5038 2600 5081 et
2636 5041 2911 5095 nunquam
2943 5037 3286 5080 veterascens
3318 5027 3574 5082 sarculum
3616 5045 3708 5096 per

2137 5135 2335 5175 novum
2377 5131 2594 5189 paclum
2637 5128 2991 5188 praéparetur.

447 5227 641 5297 κόσμῳ
667 5225 841 5294 τοῦτῳ
876 5221 1172 5282 κακώσεις,
1207 5217 1272 5271 ἶν’
1306 5219 1334 5271 6
1372 5219 1511 5271 κατά
1542 5219 1777 5289 Χριστὸν
1815 5219 2102 5288 ἄνθρωπος
2128 5216 2213 5268 διὰ
2243 5213 2447 5267 τούτων
2519 5211 2920 5281 ἀγωνιζόμενος
2993 5213 3133 5280 ὑπὲρ
3177 5213 3435 5284 ἀληθείας
3489 5217 3589 5285 τῆς
3650 5218 3707 5271 ἐν

445 5321 524 5392 τῷ
559 5322 657 5391 βίῳ
685 5337 746 5373 τι
774 5320 868 5372 καὶ
899 5319 1013 5381 τοῖς
1036 5316 1293 5388 δόγμασι,
1331 5313 1466 5384 πρὸς
1494 5315 1583 5368 τὸν
1608 5317 1872 5386 μέλλοντα
1898 5315 2082 5367 καινὸν
2117 5315 2327 5365 ἐκεῖνον
2360 5311 2452 5363 καὶ
2487 5311 2682 5380 ἀγήρω
2714 5309 2886 5362 αἰῶνα
2953 5309 3041 5361 διὰ
3103 5309 3202 5378 τῆς
3265 5313 3456 5384 καινῆς
3506 5314 3706 5385 Διαθήα

446 5435 551 5489 κης
580 5397 900 5486 ἑτοιμασθῇ.

515 5501 901 5568 Λυσιτελοῦσιν
929 5508 1024 5567 οὖν
1063 5513 1120 5567 αἱ
1156 5501 1430 5576 κακώσεις
1465 5506 1626 5568 αὗται
1650 5513 1763 5575 τοῖς
1818 5509 2021 5572 πιστῶς

445 5608 799 5678 ὑπομένουσι,
825 5606 959 5675 πρὸς
989 5605 1276 5674 διόρθωσιν
1292 5607 1402 5660 τῶν
1422 5606 1863 5677 ἁμαρτημάτων,
1885 5604 2021 5675 πρὸς

443 5700 776 5769 γυμνασίαν,
829 5698 964 5768 πρὸς
997 5697 1249 5767 δοκιμὴν,
1289 5699 1424 5769 πρὸς
1451 5699 1758 5769 κατάληψιν
1797 5699 1895 5767 τῆς
1924 5698 2017 5750 τοῦ

445 5791 566 5861 βίου
594 5790 784 5845 τούτου
818 5789 1215 5860 ταλαιπωρίας,
1256 5790 1387 5859 ’πρὸς
1425 5793 1742 5862 προτροπὴν
1768 5788 1863 5843 τοῦ
1903 5792 2019 5842 ἐπι-

2202 5506 2438 5562 Prosunt
2467 5505 2631 5574 igitur
2662 5503 2788 5572 ipsa:
2821 5501 3052 5555 miseriae
3089 5498 3320 5553 ﬁdeliter
3353 5515 3707 5568 perseveravi-

2131 5601 2276 5655 tibus
2312 5600 2376 5654 ad
2410 5599 2704 5668 piationem
2760 5595 3131 5665 iniquitatnm,
3166 5594 3229 5647 ad
3264 5592 3604 5654 exercitium,
3638 5596 3704 5646 ad

2126 5691 2584 5760 experimentum,
2600 5690 2662 5741 all
2685 5686 3173 5756 apprehensiouem
3194 5682 3704 5752 ittl’elicitntishujus

2127 5785 2271 5852 νίιιιι,
2308 5784 2374 5840 ad
2401 5783 2812 5838 incitamentum
2846 5779 3098 5836 ardenter
3128 5775 3349 5846 sitiendi
3375 5786 3427 5831 et
3449 5790 3702 5846 persae-
