4442 6448
763 319 872 382 215

758 440 939 482 ranter
979 420 1286 492 inquirendi
1319 427 1580 474 aeternam
1619 417 1764 472 illam
1801 417 2123 473 tiliationem
2158 430 2212 474 et
2247 435 2335 474 re-

756 515 1151 585 demptionem,
1188 524 1493 577 novamque
1534 522 1660 562 vere
1694 508 1855 560 vitam
1907 516 1962 561 et
1993 508 2330 562 felicitatem.

757 609 971 677 Quippe
994 620 1115 660 cum
1145 602 1346 671 duplex
1379 601 1451 655 sit
1483 609 1588 653 tam
1629 600 1824 652 anima:
1869 615 2034 668 quam
2084 601 2334 668 corporis

756 711 939 756 nostra
968 698 1022 752 in
1039 695 1257 750 Christo
1283 694 1465 747 liliatio
1494 700 1545 747 et
1571 690 1872 756 renovatio,
1899 707 2018 760 quae
2043 691 2257 744 initium
2283 701 2336 744 et

756 796 914 846 tinem
948 790 1110 843 habet
1155 802 1254 842 nec
1293 785 1486 839 mediis
1530 793 1705 848 caret,
1739 787 2067 852 prlllclpldlli
2111 784 2330 852 quidem

756 885 911 938 Ilnbls
943 882 1095 952 ponit
1125 879 1372 946 baptismi
1408 881 1580 948 gratia
1611 894 1708 945 rp:-
1747 874 1905 929 datur
1936 875 2178 928 omnium
2211 890 2334 944 pec-

754 985 1000 1029 catorum
1027 983 1080 1028 ct
1110 984 1290 1027 reatus
1321 988 1386 1026 ex
1425 970 1803 1025 maledictione
1841 970 2018 1024 exorti
2055 969 2332 1033 remissio,

758 1082 810 1119 et
847 1068 1098 1120 balneum
1132 1063 1560 1133 reguteratiouis
1583 1063 1925 1132 appellatur;
1963 1061 2123 1116 linem
2149 1070 2330 1114 autem

756 1160 907 1214 dabit
931 1167 1142 1228 sperata
1177 1157 1423 1212 ﬁdelibus
1453 1156 1784 1211 resurrectio
1817 1155 2034 1222 vitaque
2062 1153 2116 1207 in
2149 1151 2334 1206 futuro

758 1253 959 1306 seculo
993 1251 1286 1320 promissa,
1324 1251 1497 1304 media
1535 1263 1660 1301 vero
1693 1248 1952 1302 interista
1993 1246 2098 1299 vita
2129 1254 2211 1298 est
2249 1260 2335 1298 se-

755 1347 995 1398 cundum
1051 1343 1403 1412 Evangelium
1459 1339 1812 1408 Christi,pcr
1855 1353 2017 1408 quam
2073 1336 2327 1397 nutritur,

756 1436 955 1490 crescit
984 1445 1037 1490 et
1070 1443 1359 1488 renovatur
1388 1451 1436 1485 ιιι
1466 1433 1583 1486 dies
1618 1431 1702 1484 vir
1739 1430 1828 1483 Dei
1867 1431 1917 1483 in
1958 1427 2330 1497 cognitionem

758 1530 851 1582 Dei
881 1527 1196 1597 procedens,
1225 1530 1276 1580 in
1299 1527 1564 1595 justitiam
1589 1535 1642 1577 et
1661 1523 2148 1578 sanctiﬁcatione")
2171 1521 2334 1590 paulo

756 1622 940 1673 minus
985 1619 1053 1673 ab
1094 1619 1302 1687 angelis
1356 1619 1685 1679 minoiatus,
1719 1629 1747 1667 a
1780 1614 1960 1681 seipse
2017 1612 2334 1667 rescindens

753 1729 907 1767 suam
937 1713 1002 1767 ad
1030 1713 1312 1765 hmmliora
1338 1709 1778 1779 propcttsionsm,
1807 1716 1860 1761 et
1890 1704 2160 1759 desideria
2191 1721 2220 1758 a
2250 1705 2331 1756 vi-

2034 311 2419 372 GREGORII
2466 314 2787 374 I‘.~\LA.\LE
2822 332 2824 334 '

3907 311 4009 374 216

2370 452 2405 506 Α
2442 429 2630 498 θυμεῖν
2655 430 2960 500 διαπύροις,
2998 429 3090 482 καὶ
3125 427 3308 494 ζητεῖν
3344 425 3622 494 ἐπιμόνως
3646 422 3744 493 τὴν
3776 421 4008 475 διαιωνὶο

2440 519 2641 582 ζουσαν
2660 519 2874 587 ἐκείνην
2910 520 3194 572 υἱοθεσίαν
3217 519 3311 570 καὶ
3343 516 3751 583 ἀπολύτρωσιν,
3781 515 3872 566 καὶ
3899 528 4018 564 και-

2438 613 2533 680 νὴν
2557 611 2726 678 ὅντως
2752 611 2897 682 ζωὴν
2926 611 3020 663 καὶ
3067 610 3472 681 μακαριότητα.
3537 605 3864 672 Πολλαπλῆς
3910 603 4053 670 γὰρο

2437 701 2604 770 οῦσης
2632 701 2774 753 κατά
2825 717 2884 753 τε
2929 700 3088 769 σῶμα
3144 701 3238 752 καὶ
3279 697 3462 767 ψυχὴν
3493 695 3595 765 τῆς
3632 693 3907 762 ἡμετέρας
3962 695 4020 744 ἐν

2438 792 2659 862 Χριστῷ
2687 793 2957 855 υἱοθεσίας
3011 793 3104 844 καὶ
3133 790 3535 850 ἀνακαινίσεως
3594 788 3773 856 ἀρχήν
3809 801 3869 836 τε
3924 785 4020 835 καὶ

2438 883 2752 952 τελειότητα
2779 883 3028 955 ἐχούσης,
3064 883 3162 935 καὶ
3187 882 3255 935 τά
3292 881 3504 934 τούτων
3536 877 3764 948 μεταξὺ,
3791 874 3890 944 τὴν
3920 876 4021 943 μὲν

2439 956 2614 1039 ἀρχὴν
2649 970 2923 1039 ἐντίθησιν
2981 969 3187 1040 ήμῖνή
3247 969 3342 1022 τοῦ
3404 968 3782 1037 βαπτίσματος
3840 965 4019 1033 χάρις,

2438 1061 2656 1114 πάντων
2691 1078 2750 1114 τε
2784 1062 2891 1114 τῶν
2922 1061 3340 1132 ἁμαρτημάτων
3395 1059 3494 1114 καὶ
3522 1059 3622 1128 τῆς
3656 1059 3720 1112 ἐκ
3757 1057 3856 1126 τῆς
3879 1057 4019 1123 ἀρᾶς

2438 1154 2670 1223 εὐθύνης
2704 1154 2804 1226 τὴν
2839 1155 3032 1223 ἄφεσιν
3057 1155 3395 1222 παρέχουσα,
3423 1151 3519 1204 καὶ
3563 1149 3786 1218 λουτρὸν
3817 1148 4018 1214 παλιγ-

2439 1248 2690 1317 γενεσίας
2739 1249 2959 1312 λέγεται
2991 1263 3006 1278 ⁸
3071 1246 3168 1315 τὴν
3221 1246 3278 1299 δὲ
3323 1244 3644 1314 τελειότητα
3695 1241 3927 1311 παρέξει
3986 1241 4019 1308 ἠ

2440 1338 2771 1409 ἐλπιζομένη
2815 1341 2928 1401 τοῖς
2977 1340 3190 1400 πιστοῖς
3237 1334 3622 1400 ἐξανάστασις,
3658 1333 3755 1385 καὶ
3810 1333 3842 1400 ἡ
3880 1331 4020 1382 κατὰ

2437 1435 2528 1487 τον
2566 1432 2738 1486 αἰῶνα
2767 1432 2860 1485 τὸν
2895 1431 3160 1500 μέλλοντα
3205 1427 3546 1496 ἐπαγγελία·
3591 1425 3659 1478 τὰ
3702 1424 3760 1477 δὴ
3813 1420 4020 1492 μεταξῦ

2438 1524 2666 1589 τούτων,
2692 1525 2723 1594 ἡ
2751 1526 2894 1577 κατὰ
2917 1523 2975 1576 τὸ
2995 1523 3088 1575 τοῦ
3111 1519 3350 1589 Χριστοῦ
3379 1517 3713 1584 Εὐαγγέλιόν
3736 1517 3851 1568 ἐστι
3884 1514 4020 1583 ζωὴ,

2438 1612 2592 1687 δι’ἦς
2641 1615 2900 1684 τρέφεται
2950 1613 3043 1666 καὶ
3069 1611 3226 1677 αὔξει
3457 1609 3552 1660 καὶ
3613 1603 4024 1666 ἀνακαινίξεται

2440 1707 2651 1776 ἡμέραν
2680 1707 2738 1770 ἐξ
2766 1704 2978 1775 ἡμέρας
3010 1705 3341 1772 προκόπτων
3361 1703 3388 1753 ὁ
3418 1698 3714 1753 κατάΘεδν
3735 1695 4024 1766 ἅνθρωπος

755 1807 1010 1857 ιιιιιιιινυς
1051 1817 1102 1857 ct
1135 1804 1444 1858 carnalibus
1480 1811 1530 1855 et
1571 1798 1948 1866 temporalieis
1972 1795 2037 1852 ad
2069 1785 2326 1866 iittclltgi-
2359 1799 2405 1860 Β
2437 1797 2509 1856 εἰς

2264 1796 2326 1866 ςί-
2359 1799 2405 1860 Β
2437 1797 2514 1856 εἰς
2551 1796 2845 1863 ἐπίγνωσιν
2864 1794 3022 1858 Θεοῦ,
3060 1796 3155 1847 καὶ
3185 1789 3557 1860 δικαιοσύνην,
3585 1790 3682 1841 καὶ
3717 1785 4018 1853 ἁγιασμόν,

755 1897 884 1949 lulia
916 1906 970 1950 et
1005 1896 1306 1964 Spiritualia
1344 1903 1396 1948 et
1441 1901 1641 1946 aiterna
1691 1889 2048 1943 transferens.

2442 1889 2534 1940 καὶ
2566 1889 2706 1938 κατὰ
2740 1888 2935 1956 μικρὸν
2971 1885 3164 1950 μειῶν,
3225 1886 3321 1936 καὶ
3367 1883 3462 1948 ἀφ’
3498 1877 3691 1934 ἐαυτοῦ
3747 1875 4029 1929 ἐκκόπτων

755 1992 855 2056 τὴν
885 1990 959 2048 εἱς
996 1989 1062 2040 τὰ
1110 1989 1262 2039 κάτω
1302 1985 1701 2054 προσπάθειαν,
1734 1984 1826 2034 καὶ
1865 1979 2195 2050 μεταφέρων
2247 1977 2336 2029 τὸν
2379 1979 2537 2030 πόθον
2585 1979 2692 2032 ἀπὸ
2719 1980 2827 2030 τῶν
2856 1977 3073 2049 ὁρατῶν
3114 1977 3208 2029 καὶ
3260 1972 3540 2043 σαρκικῶν
3608 1973 3702 2024 καὶ
3761 1961 4027 2039 προσκαί.

757 2100 864 2150 ρων
889 2080 1108 2150 πρὸςτὰ
1136 2079 1298 2149 νοητά
1340 2079 1432 2131 καὶ
1467 2075 1810 2145 πνευματικά
1842 2077 1937 2129 καὶ
1969 2073 2136 2126 ἀΐδια.

829 2173 1170 2242 Triplcxhoc
1193 2173 1258 2227 de
1289 2171 1689 2227 resurrectione
1741 2168 1941 2222 Christi
1991 2182 2090 2219 nos
2121 2166 2353 2219 edocens

753 2273 789 2328 ιι
815 2272 847 2324 ii
882 2266 1172 2340 ineil'abilia
1205 2263 1456 2336 mysteria
1501 2262 1733 2330 Spiritus
1797 2257 2196 2325 contemplatus
2230 2256 2354 2316 fuit,

761 2381 855 2418 \as
881 2359 1158 2417 electionis
1200 2358 1397 2411 Paulus
1447 2369 1688 2424 magnus
1728 2350 1988 2405 Romanis
2024 2350 2076 2403 in
2109 2349 2346 2417 Epistula

760 2456 951 2509 scribit
998 2470 1012 2507 :
1054 2473 1070 2503 ι
1113 2451 1434 2516 Quicunque
1491 2446 1744 2514 baptizati
1785 2456 1979 2498 sumus
2019 2441 2072 2495 in
2123 2441 2344 2495 Christo

762 2547 917 2609 Ju'stl,
957 2546 1009 2597 in
1051 2552 1220 2596 morte
1255 2539 1426 2607 ipsius
1472 2533 1727 2602 baptizati
1765 2546 1988 2595 sumus;
2029 2527 2338 2597 consepulti

764 2654 895 2707 ΓΙ·ὃο
927 2652 1118 2691 sumus
1146 2649 1268 2687 cum
1296 2633 1386 2685 illo
1415 2645 1508 2696 per
1531 2627 1858 2696 baptismum
1887 2624 1938 2676 iu
1967 2629 2196 2675 mortem
2234 2621 2336 2672 ³⁷.»

765 2735 878 2784 lloc
900 2741 981 2783 est
1008 2723 1424 2782 resurrectionis
1458 2729 1657 2776 nostra:
1685 2717 2007 2789 principium
2031 2731 2045 2781 ;
2069 2715 2347 2782 chirogra-

765 2827 928 2892 p'mm
956 2836 1100 2876 enim
1128 2820 1474 2887 iniquitatum
1505 2820 1814 2866 nostrarum
1833 2808 2085 2864 Christus
2107 2807 2159 2860 in
2187 2820 2348 2861 cruce

765 2941 776 2968 t
806 2919 840 2970 il
862 2901 1162 2976 iceiava‘et
1182 2926 1276 2980 per
1307 2908 1634 2975 baptismum
1659 2918 1843 2959 secum
1879 2899 2236 2969 consepultos
2262 2898 2347 2950 in-

768 3017 1028 3060 nocentes
1052 3003 1245 3058 cil‘ecut.
1267 2999 1337 3056 Se
1359 3000 1372 3050 l
1395 2999 1518 3052 audi
1544 2997 1781 3050 medium
1805 2995 2014 3046 instans
2033 2989 2299 3060 principio
2329 3007 2342 3043 :

773 3123 788 3151 ι
818 3100 904 3160 Ut,
925 3099 1020 3158 ait,
1053 3093 1324 3164 quomodo
1357 3089 1595 3144 surrexit
1631 3103 1659 3140 a
1686 3085 1933 3147 mortuis,
1975 3084 2048 3138 ita
2075 3092 2126 3136 et
2160 3097 2256 3136 nos
2289 3086 2341 3136 in

769 3211 800 3245 n
825 3199 1005 3244 mute
1028 3191 1152 3241 vitm,
1184 3184 1520 3238 ambulemus
1547 3199 1561 3245 ς
1598 3199 1616 3231 ι
1647 3187 1699 3232 et
1730 3179 1889 3231 linem
1922 3175 2342 3230 resurrectionis

2539 2164 2614 2217 Τὸ
2641 2162 2854 2232 τριττὸν
2913 2160 3068 2214 τοῦτο
3106 2160 3203 2228 τῆς
3262 2158 3319 2210 ἐν
3365 2151 3584 2225 Χριστῷ
3641 2145 4024 2203 ἀνακαινίσεω;

2460 2260 2608 2327 ἡμᾶς
2645 2257 2911 2311 διδάσκων
2962 2258 2988 2308 ὁ
3036 2253 3141 2307 τῶν
3197 2251 3526 2321 ἀπορρήτων
3582 2241 3901 2312 μυστηρίων
3935 2235 4028 2288 τοῦ

2461 2353 2774 2421 Πνεῦματος
2807 2349 3026 2416 θεατὴς,
3053 2347 3112 2400 τὸ
3147 2345 3337 2406 σκεῦος
3365 2342 3424 2395 an
3458 2337 3732 2398 ἐκλεκτὸν,
3763 2331 3973 2390 Παῦλος
4006 2330 4026 2381 ξ

2457 2420 2650 2512 μέγιζ.
2677 2442 2880 2512 γράφει
2921 2437 3216 2507 Ῥωμαίοις
3263 2431 3622 2485 ἐπιστέλλων·
3663 2445 3680 2477 ι
3711 2425 3864 2478 Ὅσοι
3902 2420 4026 2473 ἐῆαο

2452 2531 2757 2601 πτίσθημεν
2792 2534 2868 2593 εἱς
2903 2528 3136 2591 Χριστὸν
3177 2523 3411 2594 Ἰησοῦν,
3446 2523 3525 2583 είς
3549 2519 3642 2574 τὸν
3679 2516 3908 2570 θάνατον
3937 2514 4026 2568 αῦ-

2450 2626 2544 2679 τοῦ
2570 2623 3010 2693 ἐδαπτίσθημενο
3069 2613 3452 2685 συνετάφημεν
3484 2613 3576 2665 οὖν
3629 2609 3779 2678 αὐτῷ
3807 2608 3894 2663 διὰ
3936 2607 4029 2659 τοῦ

2454 2717 2827 2787 βαπτίσματος
2858 2717 2936 2777 εἰς
2968 2713 3058 2765 τὸν
3090 2710 3336 2764 θάνατον.
3377 2727 3395 2758 ι
3451 2705 3597 2774 Αῦτη
3636 2705 3666 2773 ἡ
3699 2703 3797 2772 τῆς
3828 2701 4025 2771 ἠμετέ-

2456 2827 2552 2880 ρας
2602 2808 3003 2868 ἀνακαινίσεως
3057 2803 3200 2872 ἀρχή
3226 2819 3239 2833 ·
3297 2799 3352 2852 τὸ
3383 2799 3492 2867 γὰρ
3526 2797 3888 2867 χειρόγραφον
3921 2792 4030 2843 τῶν

2454 2902 2736 2972 ἡμετέρων
2781 2895 3196 2967 ἁμαρτημάτων
3230 2893 3258 2944 ὁ
3313 2889 3544 2962 Χριστὸς
3580 2889 3635 2939 ἐν
3682 2885 3759 2954 τῷ
3812 2881 4029 2950 σταυρῷ

2444 2994 2717 3066 διέρρηξε,
2757 2993 2848 3045 καὶ
2881 2991 3007 3052 τοὺς
3041 2988 3127 3042 διὰ
3159 2984 3252 3039 τοῦ
3298 2981 3672 3055 βαπτίσματος
3715 2977 3865 3046 αὐτῷ
3903 2993 4028 3027 συν-

2445 3086 2818 3152 θαπτομένους
2873 3080 3197 3140 ἀνευθύνους
3254 3075 3529 3144 ἐποίησεν.
3599 3072 3796 3122 "Amos
3849 3066 3903 3118 δὲ
3937 3066 4029 3116 καὶ

2443 3179 2542 3245 τῆς
2581 3178 2720 3244 μετά
2740 3176 2838 3243 τὴν
2873 3172 3045 3243 ἀρχὴν
3083 3169 3407 3239 μεσότητος⁶
3450 3184 3468 3216 ι
3505 3163 3620 3217 Ἵνα
3652 3161 3783 3228 γὰρ,
3839 3158 4027 3225 φησῖν,

771 3282 1018 3350 producit
1050 3279 1280 3331 dicens:
1330 3293 1348 3325 ι
1394 3273 1448 3326 Si
1483 3273 1626 3326 enim
1674 3267 2027 3337 coinplantati
2078 3264 2204 3320 facti
2255 3271 2416 3332 su-C
2449 3270 2525 3322 ὦσ

2272 3283 2346 3319 ιυ-
2369 3271 2416 3332 C
2449 3270 2638 3336 ὥσπερ
2678 3265 2886 3336 ⁴ἠγέρθη
2934 3261 3164 3332 Χριστος
3196 3262 3260 3312 ἐκ
3294 3257 3529 3327 νεκρῶν,
3564 3253 3704 3306 οὕτω
3731 3251 3825 3304 καὶ
3870 3249 4026 3317 ἡμεῖς

774 3389 893 3426 mus
934 3369 1277 3425 similitudini
1315 3366 1506 3420 mortis
1532 3364 1672 3432 ejus,
1715 3360 1878 3415 simul
1902 3369 1956 3413 et
1990 3357 2352 3412 resurrectio-

770 3483 855 3519 nis
885 3464 1112 3517 erimus.
1162 3479 1180 3511 ι
1221 3459 1461 3528 Denique
1496 3453 1820 3524 principium
1871 3459 1925 3505 et
1963 3465 2132 3519 genus
2167 3463 2355 3504 reSur-

773 3575 795 3608 r
831 3555 1026 3610 etionis
1043 3565 1095 3607 et
1130 3551 1405 3605 liliationis
1433 3546 1737 3601 evidentius
1769 3545 2175 3605 demonstrans,
2237 3561 2254 3591 ι
2289 3539 2355 3593 Ει

775 3663 872 3702 nos
909 3645 1032 3718 ipsi,
1061 3645 1254 3713 inquit,
1282 3640 1550 3711 primitias
1581 3637 1818 3706 Spiritus
1849 3635 2130 3697 habentes,
2166 3644 2218 3686 et
2250 3632 2352 3701 ipsi

775 3745 914 3796 intra
963 3755 1064 3795 nos
1103 3737 1395 3807 gemimus,
1436 3734 1778 3800 adoptionem
1820 3728 2054 3780 Iiliorum
2121 3725 2214 3778 Dei
2261 3742 2354 3780 ex-

773 3841 1079 3904 spectantes
1105 3830 1171 3882 “.
1214 3847 1231 3879 ι
1270 3826 1544 3881 Primitias
1576 3822 1814 3890 Spiritus
1857 3829 2013 3875 vocat
2040 3817 2354 3873 sanctiﬁca-

776 3930 977 3981 tionctn
1013 3932 1066 3978 ct
1107 3920 1345 3990 Spiritus
1377 3917 1605 3988 gratiam
1643 3929 1805 3983 quam
1846 3912 2030 3965 divino
2082 3910 2351 3978 baptismo

773 4016 1096 4084 accipimus,
1152 4012 1219 4065 ab
1269 4006 1649 4077 iniquitatibus
1698 4006 1946 4058 conversi
1988 4011 2042 4055 et
2083 4001 2349 4064 renovati,

775 4109 1056 4177 gratisque
1099 4103 1298 4159 Christi
1335 4099 1504 4171 gratia
1545 4096 1863 4167 justiﬁrati;
1893 4095 2007 4148 hmc
2046 4093 2190 4147 enim
2225 4099 2352 4144 sunt

777 4203 1086 4256 futurorum
1143 4199 1408 4249 bettorum
1469 4189 1741 4258 primititc.
1801 4187 2036 4240 Dicendo
2093 4194 2274 4237 autem
2337 4199 2351 4237 :

777 4293 1120 4362 adoptionem
1150 4286 1384 4340 filiorum
1413 4283 1500 4337 Dei
1526 4289 1926 4349 exspectantes,
1954 4275 2274 4330 monstravit
2295 4290 2354 4329 se

777 4360 969 4437 nonde
993 4380 1250 4434 ﬁliatione
1269 4393 1335 4432 cx
1364 4374 1628 4444 baptismo
1652 4381 1768 4424 orta
1791 4360 1959 4439 loqui,
1979 4367 2073 4422 scd
2096 4369 2161 4421 de
2175 4365 2355 4420 futura

776 4479 866 4532 illa
896 4484 947 4529 et
977 4471 1210 4542 perfecta
1246 4479 1297 4524 et
1325 4465 1622 4525 indelebili,
1654 4462 1857 4517 addens
1890 4480 1903 4515 :
1944 4478 1961 4511 ι
2002 4458 2354 4528 Redemptio-

776 4585 900 4622 nem
936 4564 1183 4633 corporis
1225 4559 1422 4621 nostri,
1463 4576 1480 4608 ι
1523 4556 1730 4611 scilicet
1767 4553 1910 4606 illius
1941 4565 1966 4603 a
1998 4550 2295 4610 doloribus,
2321 4564 2350 4601 a

2457 3364 2516 3414 ἐν
2543 3360 2824 3426 καινότητι
2864 3356 3009 3424 ζωῆς
3043 3353 3543 3424 περιπατήσωμεν
3579 3365 3595 3398 ι
3633 3347 3724 3398 καὶ
3754 3339 4025 3414 προσεπά-

2454 3472 2542 3521 γει
2571 3453 2669 3523 τὴν
2700 3451 3012 3519 τελειότητα
3043 3447 3139 3514 τῆς
3178 3443 3591 3503 ἀνακαινίσεω·,
3619 3436 3832 3497 δεικνύς
3853 3453 3866 3464 ·
3908 3450 3924 3483 ι
3961 3432 4022 3486 Εί

2458 3547 2562 3615 γὰρ
2595 3545 2868 3613 σύμφυτοι
2894 3539 3199 3609 γεγόναμεν
3229 3537 3306 3606 τῷ
3332 3533 3640 3605 ὁμοιώματι
3672 3529 3766 3584 τοῦ
3795 3526 4027 3581 Θανάτου

2455 3639 2638 3700 αὑτοῦ,
2677 3636 2812 3689 ἀλλὰ
2854 3635 2947 3686 καὶ
2980 3631 3078 3700 τῆς
3111 3628 3460 3689 ἀναστάσεως
3505 3622 3763 3694 ἐσόμεθα.
3801 3640 3818 3671 ι
3864 3617 4027 3684 Ἑξῆς

2454 3729 2639 3797 δὲτὴν
2674 3726 2848 3797 ἀρχὴν
2899 3723 2992 3777 καὶ
3041 3722 3100 3775 τὸ
3131 3723 3286 3790 γένος
3326 3718 3426 3788 τῆς
3484 3714 3880 3773 ἀνακαινίσεως
3933 3709 4027 3761 καὶ

2455 3823 2725 3881 υἱοθεσίας
2757 3817 3156 3888 ἐμφανέστερον
3197 3812 3400 3882 δηλῶν,
3441 3829 3459 3861 ι
3501 3811 3607 3861 Καὶ
3628 3805 3804 3869 αὐτοὶ,
3837 3803 4022 3872 φησὶν,

2454 3917 2504 3968 οἱ
2534 3915 2632 3983 τὴν
2664 3911 2917 3981 ἀπαρχὴν
2946 3908 3040 3961 τοῦ
3093 3905 3414 3975 Πνεῦματος
3456 3903 3693 3972 ἔχοντες,
3731 3898 3826 3952 καὶ
3866 3896 4025 3965 ἡμεῖς

2455 4003 2607 4056 αὐτοὶ
2654 4003 2711 4053 ἐν
2743 4001 2954 4060 ἑαυτοῖς
3005 3995 3359 4061 στενάζομεν,
3397 3989 3670 4044 υἱοθεσίαν
3731 3986 4027 4054 ἀπεκδεχό-

2459 4109 2641 4164 μενοιο
2682 4111 2700 4144 ι
2766 4089 3021 4159 ἀπαρχὴν
3073 4086 3166 4139 τοῦ
3229 4084 3544 4150 Πνεῦματος
3599 4079 3880 4147 ὀνομάζω)
3935 4077 4027 4129 τὸν

2455 4184 2746 4253 ἁγιασμδν,
2781 4183 2876 4233 καὶ
2905 4181 3004 4248 τὴν
3048 4177 3208 4246 χάριν
3242 4173 3333 4228 τοῦ
3368 4172 3704 4240 Πνεῦματος,
3750 4169 3816 4239 ἢν
3860 4169 3916 4220 ὲν
3951 4165 4028 4234 τῷ

2457 4277 2585 4345 θείῳ
2621 4272 2957 4345 βαπτίσματι
3009 4268 3381 4338 λαμϐάνομεν,
3441 4264 3548 4317 τῶν
3605 4260 4028 4333 ,ἁμαρτημάτων

2456 4365 2865 4432 ἀπαλλαγέντες
2915 4359 3010 4413 καὶ
3038 4355 3536 4417 ἀνακαινισθέντες,
3583 4355 3676 4406 καὶ
3703 4351 3912 4420 δωρεάν
3958 4351 4026 4417 τῇ

2457 4456 2549 4510 τοῦ
2579 4454 2816 4525 Χριστοῦ
2855 4453 3040 4522 χάριτι
3071 4448 3482 4509 δικαιωθέντες·
3514 4445 3736 4514 ἀπαρχὴ
3782 4444 3885 4511 γάρ
3911 4442 4025 4493 ἐστι

2457 4551 2630 4601 ταῦτα
2670 4547 2777 4598 τῶν
2811 4544 3117 4614 μελλόντων
3164 4541 3388 4592 ἐκείνων
3438 4537 3679 4606 ἀγαθῶν.
3727 4535 3909 4588 Εἰπὼν
3938 4533 4018 4594 δὲ,

775 4658 1124 4726 corruptione
1163 4652 1577 4711 liberationem;
1633 4648 1722 4700 illa
1777 4646 1920 4700 enim
1973 4642 2204 4695 filiorum
2252 4640 2345 4694 Dei
2383 4616 2427 4668 θ
2461 4661 2478 4692 ι
2517 4659 2529 4690 ι

2258 4640 2345 4694 Dei
2383 4616 2427 4668 Β
2461 4661 2478 4692 ι
2517 4638 2788 4692 υἱοθεσίαν
2813 4632 3254 4703 ἀπεκδεχόμενοι,
3277 4650 3300 4686 ο
3342 4630 3576 4691 δεικνὺς.
3613 4629 3687 4690 ὡς
3713 4628 3772 4680 οὐ
3808 4625 3904 4694 τὴν
3926 4626 4012 4677 διὰ

775 4750 992 4818 adoptio
1042 4746 1238 4813 szrpius
1271 4741 1568 4802 evanescit,
1626 4739 1740 4791 hazc
1783 4745 1963 4789 autem
2012 4750 2041 4787 a
2103 4747 2242 4786 nova
2281 4747 2346 4785 ex

777 4841 1007 4896 mortuis
1059 4839 1165 4892 vita
1211 4845 1264 4892 et
1315 4835 1715 4889 resurrectione
1780 4829 1989 4890 adorta,
2050 4827 2165 4895 ipsa
2226 4840 2349 4878 vere

778 4933 1012 5004 perfecta
1048 4941 1129 4985 est
1161 4927 1492 4982 firmissima.
1528 4923 1674 4977 Idem
1709 4936 1834 4975 vero
1862 4920 1927 4973 ad
1971 4917 2347 4986 Philippenses

776 5025 1021 5079 scribens
1054 5023 1212 5076 linem
1242 5030 1403 5072 tantze
1425 5012 1792 5070 renoratiouis
1821 5010 2122 5076 sapientius
2144 5006 2347 5077 profert

777 5122 1000 5171 riotus:
1035 5115 1404 5167 «Salvatorem
1436 5114 1818 5175 exspectamus
1847 5101 2133 5154 Dominum
2165 5096 2343 5152 Jcsum

777 5211 1053 5264 Christum
1079 5206 1170 5275 qui
1203 5200 1516 5258 reformabit
1561 5211 1757 5266 corpus
1795 5191 2113 5247 humilitatis
2151 5198 2348 5242 nostra:

778 5301 1174 5368 conﬁguratum
1207 5294 1420 5362 corpori
1461 5290 1646 5360 gloria:
1692 5301 1803 5340 sua:
1839 5285 1904 5337 ³⁸.
1939 5303 1956 5334 ι
1993 5281 2125 5334 Nam
2159 5293 2349 5347 quem-

781 5393 1072 5446 admodum
1120 5388 1371 5442 Christus
1425 5395 1672 5436 mortuus
1721 5387 1804 5430 est
1849 5377 1899 5428 iu
1955 5372 2270 5426 inﬁrmitate
2299 5379 2350 5422 et

781 5477 1326 5549 ignobilitatecarnis.
1346 5473 1582 5528 surrexit
1605 5479 1780 5522 autem
1803 5470 1852 5521 in
1883 5467 2076 5518 virtute
2099 5471 2150 5517 et
2177 5463 2345 5531 gIOria

780 5575 872 5628 Dei
898 5614 912 5638 ,
941 5573 1014 5625 ita
1046 5571 1134 5641 qui
1164 5566 1463 5623 secundum
1516 5561 1792 5616 Christum
1827 5558 2059 5611 vixerint
2089 5569 2182 5623 per
2205 5569 2349 5607 mor~

859 5754 898 5784 ³⁷
938 5751 1092 5806 “Ulli.
1123 5765 1196 5818 νζ,
1239 5748 1289 5802 ὖ.
1373 5748 1413 5779 ³⁸
1445 5745 1581 5798 “(Hi
1647 5762 1766 5810 νιιι,
1802 5745 1870 5798 23

2452 4735 2542 4787 τοῦ
2582 4730 2957 4802 βαπτίσματός
2990 4743 3156 4796 φησιν
3184 4713 3475 4786 υἱοθεσίαν,
3504 4723 3634 4775 ἀλλά
3670 4721 3765 4792 τὴν
3801 4720 4028 4788 μέλλου-

2454 4846 2550 4880 σαν
2583 4825 2798 4892 ἐκείνην
2843 4822 2936 4874 καὶ
2974 4817 3187 4872 τελείαν
3233 4818 3327 4869 καὶ
3354 4815 3713 4875 ἀδιάπτωτον,
3741 4811 4026 4880 προσεπά-

2451 4938 2534 4985 γει
2553 4936 2568 4950 ·
2608 4936 2625 4968 ι
2658 4917 2766 4984 Τὴν
2783 4914 3159 4982 ἀπολύτρωσιν
3181 4910 3271 4962 τοῦ
3297 4910 3543 4974 σώματος
3569 4906 3726 4972 ἡμῶν
3744 4920 3757 4934 ⁸
3783 4923 3798 4954 ι
3833 4904 4022 4967 δηλον-

2449 5011 2531 5062 ότι
2562 5010 2657 5078 τὴν
2688 5006 2793 5059 ἀπὸ
2838 5005 2947 5056 τῶν
2990 5000 3177 5053 παθῶν
3211 5000 3303 5049 καὶ
3351 4997 3449 5064 τῆς
3491 4996 3694 5062 φθορᾶς
3721 4993 3886 5044 αὐτοῦ
3927 4991 4015 5041 λύ-

2447 5114 2680 5170 τρωσιν·
2743 5098 2774 5165 ἡ
2837 5095 2934 5163 μέν
2988 5094 3097 5161 γὰρ
3158 5088 3393 5143 ἐνταῦθα
3457 5086 3697 5140 υἱοθεσία
3739 5085 4020 5136 διαπίπτει

2449 5192 2728 5251 πολλάκις,
2781 5189 2813 5258 ἡ
2845 5181 2900 5239 δὲ
2931 5184 3019 5238 διὰ
3051 5185 3146 5252 τῆς
3190 5186 3253 5234 ἐκ
3287 5180 3495 5248 νεκρῶν
3541 5176 3874 5239 παλινζωῖας
3924 5176 4018 5226 καὶ

2449 5281 2817 5342 ἀναστάσεως,
2875 5275 3014 5343 αὕτη
3071 5273 3250 5326 τελεία
3305 5273 3396 5323 καὶ
3463 5268 3787 5338 βεὸαιοτάτη
3847 5265 4018 5325 ὅντως

2449 5373 2615 5426 ἐστίν.

2536 5461 2596 5515 Ὀ
2640 5460 2799 5521 αὐτδς
2851 5459 2906 5510 δὲ
2940 5459 3032 5508 καὶ
3079 5453 3467 5521 ψιλιππησίοις
3511 5449 3739 5518 γράφων
3781 5445 4018 5508 τὸτέλος

2453 5556 2551 5624 τῆς
2608 5551 2863 5620 τοιαύτης
2916 5549 3091 5602 ἀνακα
3116 5547 3306 5606 νίσεως
3339 5544 3672 5612 σαφέστερον
3731 5539 4016 5608 ἐκτίθησι,

1980 5745 2020 5774 ³⁹
2058 5741 2284 5807 i‘h'ligtp.
2325 5753 2400 5802 ιιι,
2438 5736 2529 5789 9.0.
