4442 6448
427 415 533 482 21⁸1

1755 416 2084 475 nouum
2127 383 2283 477 xvi.

3567 421 3670 486 218

421 551 444 587 ε
474 532 725 602 Σωτῆρα.
751 531 947 600 λέγων,
974 529 1392 600 ἀπεκδεχόμεθα
1413 528 1614 599 Κύριον
1631 528 1839 598 Ἰησοῦν
1862 531 1993 601 Χρι-
2023 529 2070 588 Α
2098 541 2175 585 ten

1915 548 1993 601 ρι-
2023 529 2070 588 Α
2098 541 2226 595 tem,
2259 542 2315 586 ut
2345 549 2533 588 rursus
2566 537 2866 590 secumlum
2888 535 3367 605 Paulum~-loquar,
3396 536 3668 589 semlnau—

420 627 565 687 στὸν,
593 623 653 686 δς
685 623 1155 692 μετασχηματίσει
1184 623 1246 675 τὸ
1272 621 1429 690 σῶμα
1473 621 1572 690 τῆς
1606 622 1984 684 ταπεινώσεως

417 709 576 784 ἡμῶν
605 717 685 779 εις
733 715 795 767 τὸ
836 714 1090 782 γενέσθαι
1146 714 1473 784 σύμμορφον
1524 714 1600 783 τῷ
1647 715 1859 783 σώματι
1890 716 1987 780 τῆς

416 806 577 876 δόξης
607 807 774 860 αὑτοῦ
798 821 809 832 '
849 824 867 857 ›
904 807 978 869 ὡς
1011 807 1117 876 γὰρ
1145 809 1172 859 6
1202 808 1434 876 Χριστὸς
1458 807 1725 859 ἀπέθανεν
1745 809 1800 858 ἐν
1824 809 1984 860 ἀσθεο

417 900 537 970 νεία
585 903 681 954 καὶ
707 899 898 969 ἀτιμίᾳ
929 901 1150 970 σαρκδς,
1181 900 1379 970 ἀνέστη
1439 901 1495 952 δέ
1536 903 1594 954 ἐν
1623 899 1851 969 δυνάμει
1893 905 1983 956 καὶ

415 992 540 1061 δόξῃ
571 995 636 1061 τῇ
669 991 850 1063 θεῖκῃ,
881 991 1024 1046 οὕτω
1055 994 1149 1046 καὶ
1178 994 1228 1046 ot
1269 994 1409 1046 κατά
1444 994 1678 1064 Χριστὸν
1722 996 1986 1065 ζήσαντες

423 1084 739 1153 σπείρονται
761 1085 848 1137 διὰ
869 1085 961 1137 τοῦ
995 1085 1226 1138 θανάτου
1271 1087 1455 1152 πάλιν,
1497 1088 1638 1142 κατά
1673 1089 1882 1141 Παῦλον
1914 1090 1988 1140 εί-

419 1177 564 1241 πετν,
600 1179 657 1230 ἐν
682 1176 936 1249 ἀσθενείᾳ
958 1179 1050 1231 καὶ
1081 1178 1294 1247 ἀτιμίᾳ,
1330 1180 1635 1250 ἐγείρονται
1666 1181 1724 1233 ἐν
1756 1181 1984 1248 δυνάμει

419 1268 517 1321 καὶ⁵
547 1267 696 1339 δόξῃ.
729 1269 888 1338 σῶμα
939 1269 1604 1341 λαϐόντεςδεδοξασμίνον
1631 1287 1689 1324 τε
1723 1275 1817 1325 καὶ
1847 1273 1986 1341 ἀκή-

420 1376 603 1428 ρατον,
639 1362 823 1415 ὁποῖον
851 1362 1008 1431 ἔσχεν
1047 1364 1072 1415 6
1094 1363 1326 1432 Χριστὸς
1369 1363 1506 1432 μετά
1539 1364 1638 1432 τὴν
1667 1364 1982 1428 ἀνάστασιν,

418 1451 764 1520 πρωτότοκος
803 1455 861 1505 ἐκ
894 1452 1003 1506 τῶν
1027 1453 1256 1522 νεκρῶν,
1292 1455 1387 1508 καὶ
1418 1455 1641 1525 ἀπαρχὴ
1667 1454 1774 1507 τῶν
1804 1471 1988 1507 uexat-

419 1541 680 1610 μημένων
744 1541 1051 1611 γενόμενος.
1108 1543 1251 1596 Ἀλλ’
1321 1545 1458 1613 αὕτη
1527 1547 1558 1613 ἠ
1614 1547 1670 1597 ἐν
1729 1545 1804 1614 τῷ
1880 1545 1986 1596 σώ-

419 1647 549 1700 ματι
615 1633 954 1697 ἀνακαίνισις
1005 1635 1187 1688 πίστει
1231 1635 1430 1705 μᾶλλον
1487 1638 1682 1707 ὁρᾶται
1732 1637 1849 1698 νῦν,
1885 1639 1983 1691 οἰκ

416 1722 666 1791 αὑτοψίᾳ,
705 1722 820 1775 ἀλλ’
846 1724 1042 1787 ἐλπίδι,
1097 1726 1385 1796 πράγματι
1419 1727 1475 1778 δι
1508 1727 1662 1780 οῠπω
1684 1743 1698 1758 ο
1732 1729 1763 1796 ἠ
1796 1728 1850 1780 δὲ
1884 1728 1983 1796 τῆς

414 1813 591 1883 ψυχῆς
620 1814 884 1885 λαμϐάνει
907 1817 1004 1885 μὲν
1023 1820 1116 1869 καὶ
1141 1816 1277 1884 αὕτη
1304 1818 1401 1887 τὴν
1425 1817 1617 1888 ἀρχὴν,
1645 1819 1720 1880 ὡς
1744 1820 1980 1887 είρηται,

417 1907 479 1958 ἐν
508 1906 588 1975 τῷ
630 1907 756 1975 θείῳ
792 1907 1121 1977 βαπτίσματι
1159 1902 1246 1962 διὰ
1291 1910 1389 1979 τῆς
1421 1910 1528 1963 τῶν
1570 1912 1979 1980 ἁμαρτημάτων

416 1998 688 2063 ἀφέσεως,
721 1999 974 2068 τρέφεταί
1012 2017 1069 2054 τε
1097 2001 1190 2053 καὶ
1219 1999 1441 2065 αὔξεται
1464 2003 1549 2055 διὰ
1581 2005 1679 2072 τῆς
1713 2005 1770 2055 ἐν
1801 2003 1980 2056 πίστει

418 2089 782 2160 δικαιοσύνης,
815 2091 894 2144 ἔτι
930 2092 1022 2144 καὶ
1054 2093 1132 2145 ἐτι
1180 2092 1635 2163 ἀνακαινιζομένη
1668 2095 1724 2146 ἐν
1749 2092 1981 2161 ἐπιγνώ-

423 2195 504 2231 σει
538 2179 630 2231 τοῦ
679 2181 835 2242 Θεοῦ,
869 2181 965 2232 καὶ
991 2184 1111 2244 ταῖς
1144 2183 1280 2250 αὐτῇ
1313 2182 1565 2252 ἀλλήλοις
1595 2185 1846 2251 ἀρεταῖς·
1889 2183 1980 2253 λή-

414 2272 574 2340 ψεται
599 2271 654 2324 δέ
699 2271 797 2342 τὴν
826 2272 1103 2324 τελείωσιν
1135 2272 1192 2326 ἐν
1223 2277 1287 2343 τῇ
1336 2276 1473 2326 κατά
1499 2276 1559 2327 τδ
1590 2276 1779 2342 μέλλον
1815 2278 1980 2344 πρόσ-

413 2381 565 2415 ωπον
612 2365 744 2432 πρὸς
794 2365 1084 2432 πρόσωπον
1136 2367 1228 2419 τοῦ
1263 2367 1399 2418 Θεοῦ
1459 2367 1664 2438 θεωρίᾳ
1690 2383 1703 2397 ο
1739 2367 1832 2419 νῦν
1871 2370 1978 2435 γὰρ

415 2456 480 2508 δι’
507 2456 768 2524 ἐσόπτρου
822 2457 1006 2525 βλέπει
1040 2460 1132 2510 καὶ
1163 2460 1221 2510 ἐν
1251 2457 1559 2526 αἰνίγματι·
1597 2459 1681 2510 διά
1705 2460 1862 2510 τοῦτο
1885 2461 1977 2510 καὶ

415 2551 444 2601 6
477 2550 552 2616 τῷ
579 2551 794 2617 Χριστῴ
815 2551 1176 2619 διαφερόντως
1203 2551 1554 2619 ὴγαπημένος
1581 2549 1689 2619 95
1727 2551 1978 2618 Ἰωάννης

415 2642 727 2710 ἀμφοτέρας
762 2659 858 2702 τας
895 2641 1266 2703 ἀνακαινίσεις
1324 2641 1600 2694 συλλαϐὼν
1629 2642 1722 2693 τοῦ
1778 2658 1835 2692 τε
1873 2641 1978 2692 σώ-

419 2748 588 2800 ματος
638 2732 729 2783 καὶ
782 2732 882 2799 τῆς
931 2731 1130 2800 ψυχῆς,
1191 2750 1207 2782 ι
1245 2731 1379 2793 Νῦν,
1439 2733 1592 2798 φησι,
1649 2733 1809 2784 τέκνα
1842 2731 1975 2783 Θεοῦ

413 2825 601 2891 ἐσμεν.
637 2841 652 2870 ι
686 2821 856 2872 Τοῦτο
889 2823 918 2887 ἠ
950 2822 1048 2890 τῆς
1099 2821 1366 2885 υἱοθεσίας
1392 2822 1565 2890 ἀρχήο
1598 2821 1712 2875 ἀλλ’
1756 2843 1772 2873 ι
1812 2823 1976 2876 Οὖπω

414 2911 732 2978 ἐφανερώθη
759 2909 810 2961 τί
849 2908 1086 2977 ἐσόμεθα
1114 2925 1126 2940 ο
1156 2909 1377 2978 οἴδαμεν
1401 2909 1456 2961 δὲ
1492 2912 1572 2962 ὅτι
1601 2913 1696 2962 ἐὰν
1726 2930 1975 2981 φανερω-

414 3001 502 3069 θῇ,
536 3001 708 3069 ὅμοιοι
737 3001 882 3068 αύτῷ
913 3001 1170 3069 ἐσόμεθα,
1204 3003 1284 3054 ὅτι
1325 3003 1568 3071 ὀψόαεθα
1597 3005 1758 3056 αὐτὸν
1790 3007 1973 3068 καθώς

413 3094 546 3146 ἐττι.
576 3111 594 3144 ι
649 3093 817 3144 Τοῦτο
865 3095 896 3159 ἡ
925 3094 1204 3154 τελείωσις
1253 3094 1354 3160 τῆς
1399 3095 1537 3147 κατά
1565 3095 1698 3149 Θεὸν
1729 3099 1862 3166 ἡμῖν
1889 3099 1974 3151 διὰ

2089 637 2178 680 tur
2227 630 2278 680 in
2317 629 2630 681 inlirmitate
2658 639 2711 682 et
2745 631 3102 699 ignobilitate,
3139 635 3360 696 surgent
3389 637 3569 681 autem
3613 629 3665 680 iu

2090 720 2290 772 virtute
2321 729 2372 772 et
2398 721 2592 787 gloria,
2620 731 2841 783 accepto
2868 734 3096 787 corpore
3128 718 3365 786 glorioso
3388 729 3442 770 et
3471 719 3665 770 imma-

2088 810 2268 864 culato
2304 812 2463 877 quale
2496 810 2684 862 habuit
2729 809 2978 863 Christus
3019 821 3138 876 post
3173 794 3622 861 resurrectionem
3645 846 3661 870 ,

2088 905 2480 972 primogenilus
2533 917 2597 955 ex
2655 902 2917 964 mortuis,
2975 901 3229 968 primitize
3276 899 3660 952 dormientium

2088 996 2280 1049 factus.
2311 992 2510 1047 Verum
2543 995 2642 1047 ista
2675 994 2728 1045 in
2753 1007 2978 1059 corpore
3011 994 3289 1045 renovatio
3329 989 3432 1044 {ide
3465 991 3657 1057 magis,

2089 1101 2193 1140 non
2211 1087 2493 1139 intnitione
2511 1101 2653 1139 nunc
2675 1085 3024 1151 conspicitur,
3043 1097 3137 1152 spe
3159 1083 3399 1151 quidem,
3423 1082 3661 1134 nondum

2087 1193 2214 1231 vero
2239 1178 2292 1230 in
2334 1191 2391 1230 re
2419 1176 2686 1240 habetur;
2715 1184 2769 1228 at
2801 1175 2991 1227 anima:
3020 1177 3296 1227 renovatio
3324 1174 3518 1238 accipit
3542 1173 3664 1241 qni-

2086 1270 2206 1323 dem
2262 1275 2315 1321 et
2349 1268 2461 1336 ipsa
2498 1267 2845 1335 principium,
2893 1275 2948 1318 ιιι
2991 1265 3196 1318 dictum
3229 1276 3330 1328 est,
3369 1265 3420 1316 in
3471 1265 3661 1318 divino

2085 1362 2410 1430 baptismate
2453 1376 2545 1429 per
2593 1359 2969 1413 remissionem
3019 1358 3387 1426 iniquitatium.
3422 1359 3661 1409 nutritur

2086 1467 2214 1505 vero
2252 1461 2306 1506 et
2336 1460 2559 1520 augetur
2591 1465 2685 1516 per
2717 1448 2982 1519 justitiam
3020 1463 3138 1516 quae
3170 1457 3253 1500 est
3289 1448 3340 1499 in
3387 1447 3512 1505 lide,
3544 1461 3661 1497 ma-

2085 1544 2167 1613 gis
2199 1558 2259 1596 ac
2286 1544 2456 1610 magis
2482 1543 2779 1595 instaurata
2805 1541 2858 1592 in
2882 1540 3195 1608 cognitione
3225 1537 3314 1591 Dei
3342 1539 3661 1603 caeterisque

2084 1635 2375 1688 virtutihus
2414 1631 2830 1694 consentaneis;
2881 1631 3039 1681 tinem
3072 1638 3252 1680 autem
3294 1638 3660 1693 consequetur

2086 1730 2137 1782 in
2180 1728 2363 1781 futuro
2398 1725 2615 1795 quando
2645 1725 2779 1777 facie
2813 1723 2877 1776 ad
2913 1721 3104 1776 faciem
3157 1721 3430 1773 videbitur
3473 1720 3655 1776 Deus:

2085 1835 2227 1874 nunc
2247 1820 2386 1873 enim
2409 1833 2501 1888 per
2521 1817 2798 1886 speculum
2827 1824 2879 1868 et
2909 1818 2960 1866 in
2985 1813 3270 1881 aenigmate
3299 1811 3656 1877 conspicitur.

2086 1912 2206 1965 ideo
2235 1911 2434 1963 eximie
2465 1909 2686 1962 Christo
2719 1908 2944 1961 dilectus
2964 1905 3202 1959 JOanues
3239 1903 3429 1957 ambas
3459 1917 3658 1969 corpo-

2081 2005 2158 2057 ris
2188 2013 2238 2055 et
2269 2002 2465 2055 animae
2499 2000 2881 2054 renovationes
2903 1997 3223 2064 complexus
3258 2013 3271 2049 :
3310 2013 3327 2045 ι
3360 1994 3536 2054 Nunc,
3576 1995 3654 2046 in-

2080 2094 2217 2159 quit,
2248 2090 2337 2144 iilil
2374 2091 2464 2144 Dei
2505 2106 2727 2152 sumus;
2776 2107 2793 2140 ι
2830 2089 2932 2142 hoc
2961 2095 3045 2141 est
3077 2087 3389 2155 adoptionis
3425 2085 3655 2138 tiliomm

2083 2181 2172 2234 Dei
2214 2182 2458 2243 initium;
2493 2183 2584 2234 sed
2625 2200 2641 2231 ι
2685 2180 2931 2232 Nondum
2969 2177 3219 2246 apparuit
3247 2178 3375 2246 quid
3414 2177 3657 2238 erimus;

2081 2274 2286 2327 scimus
2350 2274 2611 2340 quoniam
2657 2287 2782 2324 cum
2830 2271 3177 2340 apparuerit,
3216 2270 3422 2322 similes
3467 2270 3512 2320 ei
3548 2269 3657 2320 eri-

2079 2379 2222 2428 mus,
2277 2379 2532 2434 quoniam
2582 2363 2825 2417 videmus
2886 2377 3008 2415 eum
3064 2363 3220 2416 sicuti
3275 2361 3508 2414 (θεων.)
3578 2360 3654 2413 En

2081 2458 2202 2510 ﬁnis
2274 2456 2578 2524 adoptionis
2647 2463 2702 2508 et
2769 2455 3137 2508 renovationis
3197 2469 3319 2521 quae
3363 2452 3654 2506 secundum

2082 2546 2246 2599 Deum
2315 2559 2342 2599 a
2399 2545 2614 2598 Christo
2679 2544 2836 2596 nohis
2906 2543 3318 2611 suppeditatur,
3397 2543 3463 2595 de
3537 2544 3656 2608 qui-

2079 2639 2178 2690 hus
2229 2640 2365 2689 idem
2403 2636 2537 2688 dixit
2579 2640 2629 2687 in
2668 2634 2958 2704 Evangelia
3000 2651 3014 2687 :
3053 2654 3070 2685 ι
3107 2635 3256 2687 Dedit
3290 2634 3400 2687 Chr
3429 2645 3552 2688 stus
3588 2635 3655 2687 iis

2078 2733 2168 2799 qui
2219 2731 2448 2783 credunt
2484 2729 2538 2781 in
2594 2729 2813 2779 nomine
2847 2741 2967 2794 eius
3009 2734 3332 2796 potestatem
3371 2727 3509 2780 illius
3561 2726 3652 2780 Dei

2080 2823 2227 2882 fieri.
2260 2822 2351 2890 qui
2392 2836 2498 2874 non
2530 2837 2592 2874 ex
2627 2820 3004 2888 sanguinibus,
3050 2835 3223 2888 neque
3267 2836 3328 2872 ex
3385 2820 3654 2872 roluotate

2077 2916 2308 2973 carnis~
2335 2929 2510 2982 neque
2552 2929 2614 2966 ex
2664 2914 2940 2965 voluntate
2981 2912 3104 2974 viri,
3153 2913 3248 2966 sed
3289 2927 3352 2964 ex
3405 2910 3512 2963 Deo
3542 2915 3651 2963 nati

2078 3017 2221 3061 sunt.
2264 3025 2280 3057 ι
2319 3005 2449 3058 Nam
2486 3005 2749 3058 discendo
2775 3020 2838 3058 cx
2867 3020 3031 3056 carne
3064 3019 3169 3056 non
3201 3013 3356 3056 natos
3383 3018 3523 3063 esse,
3559 3003 3651 3056 sed

2078 3116 2140 3152 ex
2199 3099 2326 3160 Deo,
2378 3098 2843 3166 regenerationem
2898 3106 2951 3150 et
2995 3097 3228 3149 liliorum
3268 3095 3356 3147 Dei
3403 3095 3651 3163 adoptio-

411 3185 506 3237 τοῦ
563 3185 798 3255 Χριστοῦ
842 3185 1195 3255 χαρισθείσης
1231 3186 1503 3253 υίοθεσίας
1543 3189 1636 3239 καὶ
1692 3191 1973 3243 ἀνακαινί-
1997 3189 2038 3246 C
2076 3207 2165 3244 nec

1899 3192 1973 3243 νί-
1997 3189 2038 3246 C
2076 3207 2193 3244 nem
2232 3191 2466 3244 declarat
2507 3202 2600 3258 per
2628 3203 2789 3257 quam
2832 3189 2883 3240 in
2907 3188 3145 3256 Epistola
3178 3187 3313 3241 divit
3350 3189 3647 3254 :qnouiam

413 3291 571 3336 σεως,
603 3275 670 3326 δι’
703 3275 769 3342 ἢν
823 3275 916 3327 καὶ
947 3276 1002 3325 ἐν
1041 3273 1117 3341 τῷ
1167 3273 1479 3343 Εὑαγγελίῳ
1532 3277 1697 3343 φησιν
1727 3278 1753 3328 6
1787 3278 1966 3339 αὐτὸς,

409 3366 489 3418 ὅτι
510 3382 522 3394 ·
564 3384 580 3415 ι
617 3366 854 3418 Ἔδωκεν
881 3365 909 3417 6
936 3363 1165 3432 Χριστὸς
1198 3363 1444 3426 ἐξουσίαν
1481 3367 1593 3422 τοῖς
1622 3368 1969 3420 πιστεύουσιν

409 3461 489 3520 είς
509 3459 572 3511 τὸ
589 3459 757 3527 ὄνομα
791 3458 954 3510 αὑτοῦ
983 3459 1148 3512 τέκνα
1197 3457 1331 3509 Θεοῦ
1364 3457 1651 3524 γενέσθαι·
1700 3460 1748 3511 οἳ
1779 3462 1877 3512 οὐκ
1913 3460 1968 3523 ἐξ

409 3550 676 3615 αἱμάτων,
711 3549 832 3602 ούδέ
862 3551 923 3599 ἐκ
955 3547 1262 3615 θελήματος
1311 3547 1533 3621 σαρκὸς,
1572 3550 1689 3602 οὐδὲ
1721 3551 1782 3602 ἐκ
1816 3550 1970 3619 θελή-

413 3659 581 3711 ματος
632 3641 842 3709 ἀνδρδς,
889 3640 1002 3691 ἀλλ’
1035 3641 1097 3691 ἐκ
1128 3638 1260 3690 Θεοῦ
1309 3640 1706 3710 ἐγεννήθησανο
1740 3660 1758 3693 ι
1799 3642 1968 3708 λέγων

407 3735 516 3804 γὰρ
545 3735 646 3786 οὐκ
677 3734 740 3785 ἐκ
777 3731 978 3799 σαρκὸς
1009 3732 1158 3799 ἡμᾶς
1209 3731 1558 3800 γεννηθῆναι,
1610 3731 1727 3784 ἀλλ’
1760 3735 1824 3786 ἐκ
1873 3737 1967 3788 τοῦ

407 3825 565 3889 Θεοῦ,
601 3825 699 3894 τὴν
724 3823 812 3876 διὰ
849 3823 942 3876 τοῦ
987 3820 1129 3875 θείου
1183 3821 1560 3891 βαπτίσματος
1608 3824 1968 3894 ἀναγέννησιν

404 3922 500 3972 καὶ
534 3916 805 3971 υἱοθεσίαν
836 3916 1001 3984 δηλοῐ,
1033 3915 1100 3966 δι’
1145 3917 1212 3984 ἢν
1239 3915 1334 3968 καὶ
1369 3915 1521 3984 ἐν’ξτῇ
1542 3917 1964 3987 Ἐπιστο).ῇ.φηο

407 4027 512 4069 σιν,
537 4010 617 4062 ὅτι
643 4007 738 4059 νῦν
770 4007 932 4059 τέκνα
956 4005 1090 4057 Θεοῦ
1122 4007 1311 4073 ἐσμεν.
1358 4005 1542 4058 Εἰπὼν
1570 4007 1626 4057 δὲ
1657 4008 1741 4059 ὄτι
1770 4009 1966 4061 ἔδωκεν

404 4104 535 4172 ἡμῖν
569 4101 814 4164 ἐξουσίαν
839 4097 1002 4151 τέκνα
1032 4097 1167 4150 Θεοῦ
1195 4097 1467 4164 γενέσθαι,
1500 4099 1577 4158 ὡς
1627 4101 1792 4167 μήπω
1823 4098 1961 4163 οὖσι,

402 4196 460 4246 τὸ
493 4193 694 4245 τέλειον
725 4191 822 4255 τῆς
846 4189 1116 4249 υἱοθεσίας
1138 4188 1384 4252 ὑπέδειξε
1409 4204 1421 4218 '
1467 4188 1722 4257 καθάπερ
1772 4193 1879 4259 γὰρ
1905 4191 1966 4246 τδ

402 4284 681 4354 ἀρτιγενές
710 4283 905 4351 βρέφος
931 4279 1152 4348 δύναμιν
1181 4279 1278 4347 μὲν
1297 4279 1407 4348 ἔχει
1427 4281 1577 4349 παρὰ
1603 4282 1704 4350 τῆς
1753 4283 1965 4346 φύσεως

406 4379 568 4445 σοφὸν
591 4376 862 4442 γενέσθαι,
909 4373 999 4424 καὶ
1026 4372 1187 4439 σοφόν
1211 4374 1326 4423 ἐστι
1354 4371 1606 4440 δυνάμει,
1641 4376 1738 4440 τῆς
1772 4374 1813 4425 δ’
1841 4375 1963 4442 ήλι-

402 4472 526 4530 κίας
553 4467 866 4534 προϊούσης,
899 4466 1055 4532 είπερ
1088 4464 1178 4515 καὶ
1206 4465 1274 4515 τὰ
1306 4463 1648 4516 συντείνοντα
1677 4467 1812 4533 πρὸς
1858 4467 1957 4536 τὴν

402 4559 709 4625 ἐπιστήμην
759 4554 1027 4623 μετέλθοι,
1053 4553 1224 4615 οὕτως
1271 4553 1421 4604 ἔσται
1450 4557 1542 4607 καὶ
1594 4557 1842 4625 ἐνεργείᾳ
1870 4575 1956 4609 σο-
1988 4537 2030 4592 D

403 4651 522 4718 φὺν,
546 4649 636 4700 τὸν
663 4647 821 4700 αὑτὸν
863 4645 1065 4713 τρόπον
1120 4645 1212 4697 καὶ
1239 4646 1267 4695 6
1300 4645 1686 4711 ἀναγεννηθεὶς
1736 4648 1821 4700 διὰ
1869 4651 1961 4701 τοῦ

402 4741 546 4794 θείου
578 4739 968 4808 βαπτίσματος.
1007 4735 1237 4802 δύναμιν
1275 4735 1372 4803 μὲν
1425 4734 1582 4785 ἔλαϐε
1635 4735 1961 4804 σύμμορφος

399 4831 653 4901 γενέσθαι
683 4829 759 4899 τῷ
796 4828 1006 4894 σώματι
1032 4826 1126 4893 τῆς
1170 4826 1325 4894 δόξης
1356 4826 1448 4878 τοῦ
1502 4827 1630 4878 Υἱοῦ
1664 4828 1754 4880 τοῦ
1786 4830 1918 4882 Θεοῦ
1945 4846 1958 4861 .

397 4926 446 4984 εἰ
483 4923 612 4988 γοῦν
651 4923 744 4974 καὶ
772 4921 831 4971 ἐν
865 4918 1140 4986 καινότητι
1179 4917 1326 4985 ζωῆς
1379 4921 1763 4990 περιπατήσει,
1819 4923 1959 4974 κατά

395 5014 632 5083 Χριστὸν
679 5013 772 5063 καὶ
803 5011 864 5063 τὸ
889 5009 1080 5061 τούτου
1116 5008 1443 5075 Εὑαγγέλιον
1469 5008 1599 5072 ζῶν,
1631 5012 1689 5063 ἐν
1716 5015 1785 5080 τῇ
1824 5014 1955 5064 ἁνα-

398 5105 585 5157 στάσει
628 5101 725 5170 τῆς
744 5100 1021 5167 δυνάμεως
1054 5097 1258 5168 ταύτης
1298 5101 1652 5170 προκοψάσης
1700 5105 1778 5164 εις
1809 5105 1956 5157 ἐντέ-

395 5197 569 5256 λειαν,
596 5192 780 5245 οὐκέτι
829 5191 1011 5242 πίστει
1049 5189 1143 5242 καὶ
1191 5191 1364 5243 ἐλπίδι
1388 5231 1401 5254 ,
1440 5193 1558 5244 ἀλλ’
1586 5194 1811 5266 ἀληθείᾳ
1865 5201 1958 5249 καὶ

394 5285 700 5354 πράγματι,
733 5283 1122 5349 δεδοξασμένον
1148 5283 1239 5334 καὶ
1264 5284 1538 5351 ἀκήρατον
1561 5285 1671 5349 ἔξει
1695 5287 1754 5339 τὸ
1777 5289 1956 5357 σῶμα,

393 5379 580 5432 ὁποῖον
602 5379 692 5429 καὶ
720 5378 748 5430 6
777 5375 976 5441 Κύριος
1005 5375 1128 5443 ἐσχε
1173 5376 1310 5442 μετά
1332 5377 1428 5446 τὴν
1454 5377 1772 5446 ἀνάστασιν,
1810 5384 1957 5452 πόσῳ

394 5470 596 5539 μᾶλλον
637 5467 696 5519 τὸ
732 5454 984 5534 Πνὲῦμα;
1025 5467 1444 5535 Ἀναστήσονται
1488 5471 1583 5539 μὲν
1624 5472 1730 5540 γάρ
1765 5477 1953 5528 καὶτὰ

389 5564 561 5633 νεκρά
599 5562 825 5631 σώματα
851 5561 958 5614 τῶν
984 5561 1214 5622 ἀσεϐῶν,
1267 5563 1380 5614 ἀλλ’
1415 5566 1513 5617 οὐκ
1561 5569 1616 5618 ὲν
1641 5569 1764 5641 δόξῃ
1789 5573 2007 5642 οὺρσινίιζ

2081 3282 2172 3335 lilii
2199 3281 2287 3333 Dei
2317 3296 2525 3335 sumus.
2552 3281 2786 3334 Dicendo
2812 3289 2993 3333 autem
3031 3279 3288 3347 quoniam
3316 3278 3462 3330 dedit
3494 3278 3651 3330 uohis

2078 3382 2399 3442 potestatem
2437 3374 2574 3426 filios
2601 3373 2690 3425 Dei
2729 3372 2866 3434 ﬁeri,
2902 3373 3056 3439 quasi
3091 3371 3328 3422 nondum
3361 3371 3551 3428 simus,
3587 3367 3642 3420 ﬂ-

2077 3482 2197 3519 nem
2232 3466 2534 3534 adoptionis
2563 3466 2792 3518 ﬁliorum
2819 3463 3162 3518 suhostendit
3191 3480 3203 3524 ;
3239 3476 3362 3512 nam
3396 3463 3531 3512 sicut
3565 3475 3648 3512 re-

2077 3572 2208 3610 cens
2254 3567 2415 3610 natus
2449 3556 2752 3609 infantulus
2793 3563 3117 3624 potestatem
3147 3553 3364 3621 quidem
3409 3552 3568 3603 hahet
3619 3565 3649 3603 a

2077 3661 2265 3704 natura
2296 3650 2590 3717 sapientem
2629 3647 2739 3700 fieri
2769 3687 2782 3708 ,
2815 3657 2866 3700 et
2931 3655 3012 3698 est
3045 3647 3262 3714 sapiens
3290 3644 3343 3698 in
3371 3646 3645 3714 potentia,

2077 3757 2362 3810 progressa
2395 3755 2523 3793 vero
2551 3749 2785 3797 :etatate.
2823 3738 2866 3792 si
2897 3738 3096 3803 pariter
3120 3737 3172 3790 in
3209 3737 3488 3789 scientiam
3529 3750 3653 3803 pro-

2075 3837 2367 3901 grediatur,
2400 3845 2530 3888 tunc
2580 3833 2684 3886 erit
2722 3847 2849 3884 vere
2888 3831 3125 3898 sapiens,
3172 3830 3241 3882 ita
3293 3836 3648 3896 regeneratus

2081 3943 2175 3995 per
2223 3926 2469 3979 divinum
2524 3925 2786 3992 haptisma
2833 3932 3148 3990 potestatem
3187 3921 3400 3990 quidem
3443 3923 3648 3990 accepit

2071 4016 2396 4084 conligurari
2427 4029 2656 4080 corpore
2688 4014 2872 4078 gloria!
2900 4012 2991 4064 lilii
3031 4011 3158 4072 Dei;
3192 4012 3354 4076 igitur
3387 4009 3430 4064 si
3469 4012 3518 4062 in
3553 4027 3648 4063 no-

2073 4108 2240 4160 vitate
2275 4108 2398 4160 vitaa
2431 4106 2813 4167 ambulaverit,
2850 4103 3150 4158 secundum
3183 4103 3459 4156 Christum
3501 4102 3646 4170 ejus-

2071 4217 2175 4270 que
2207 4199 2557 4266 Evangelium
2586 4199 2788 4260 vivens,
2827 4199 2928 4251 hac
2954 4206 3224 4264 potestate
3255 4196 3319 4249 ad
3354 4195 3648 4263 perfectio-

2070 4309 2194 4347 nem
2239 4293 2293 4345 in
2327 4291 2726 4346 resurrectione
2764 4290 3107 4358 procedente,
3147 4289 3254 4354 jam
3289 4302 3395 4339 non
3446 4287 3549 4338 fide
3591 4295 3640 4338 et

2070 4397 2182 4449 spe,
2220 4382 2311 4434 sed
2353 4395 2411 4432 re
2441 4388 2496 4433 et
2533 4381 2759 4431 veritate
2802 4377 3096 4444 gloriosum
3131 4384 3185 4427 et
3233 4375 3640 4426 immaculatum

2070 4487 2266 4540 corpus
2317 4471 2556 4532 hahebit,
2588 4473 2748 4532 quale
2787 4469 2974 4521 hahuit
3004 4467 3267 4520 Christus
3303 4473 3422 4532 post
3461 4480 3642 4517 resur-

2061 4564 2386 4624 rectionem,
2421 4571 2630 4630 quanto
2682 4561 2851 4626 magis
2897 4558 3166 4626 spiritum.
3208 4558 3324 4623 lpsa
3358 4557 3501 4608 cnim
3538 4559 3641 4608 im-

2061 4657 2273 4724 piorum
2319 4670 2544 4721 corpora
2588 4661 2873 4720 resurgent
2916 4650 3157 4717 quidem,
3194 4649 3282 4700 sed
3329 4648 3551 4701 minimc
3587 4649 3638 4700 in

2062 4750 2230 4818 gloria
2276 4747 2505 4808 ccelesti,
2543 4761 2663 4799 nam
2709 4759 2815 4796 non
2859 4753 3019 4797 erunt
3051 4745 3379 4809 conligmm"
3417 4743 3632 4806 Cm'mri

2033 4843 2244 4911 .glorire
2269 4839 2495 4900 Christi,
2519 4839 2639 4890 ideo
2665 4852 2769 4891 non
2802 4836 3052 4889 fruentur
3085 4835 3350 4901 promissa
3383 4833 3635 4885 tidclihus

2061 4935 2265 4985 vi~ioue
2315 4929 2402 4982 Dei
2447 4943 2567 4996 qure
2602 4927 2690 4980 Dei
2737 4943 2963 4994 regnum
3013 4929 3258 4978 voenthr.
3290 4927 3377 4977 Ait
3418 4926 3560 4977 enim
3616 4944 3630 4978 :

2064 5041 2081 5073 ι
2119 5023 2306 5075 Pereat
2337 5022 2557 5088 impius,
2587 5029 2646 5073 ut
2677 5033 2778 5072 non
2803 5019 2981 5070 videat.
3005 5018 3236 5083 gloriam
3274 5015 3482 5068 Domini
3510 5017 3574 5068 “.
3609 5034 3628 5065 ι

2062 5115 2164 5169 Sed
2216 5112 2515 5182 regenerati
2561 5121 2614 5164 et
2653 5111 2950 5164 secundum
2982 5110 3260 5161 Christum
3306 5109 3547 5171 enutriti,
3582 5116 3635 5161 et

2063 5219 2390 5266 mensuram,
2418 5211 2685 5270 quantum
2720 5202 2771 5252 in
2803 5208 3067 5266 potestate
3105 5199 3285 5259 fuerit,
3322 5195 3497 5250 aetatis
3521 5198 3636 5262 ple-

2061 5295 2326 5350 nitudinis
2361 5292 2565 5346 Christi
2605 5289 2909 5351 consecuti,
2982 5290 3055 5342 illi
3095 5289 3341 5341 divinum
3385 5286 3636 5355 splendoo

2066 5403 2178 5440 rem
2213 5383 2443 5438 feliciter
2476 5383 2793 5441 sortientur,
2827 5391 2877 5434 et
2909 5391 3068 5448 prout
3097 5380 3358 5445 scriptum
3395 5388 3498 5440 cst,
3535 5378 3634 5429 fu!-

2062 5478 2257 5546 gehunt
2281 5474 2421 5528 sicut
2454 5475 2535 5527 sol
2569 5474 2618 5525 in
2647 5489 2816 5542 regno
2849 5475 3029 5525 Patris
3063 5487 3274 5525 eorum.

2012 5575 2149 5625 μού
2205 5571 2312 5640 γὰρ
2343 5572 2557 5622 ἔσονται
2628 5571 2927 5637 σύμμορφα
2994 5568 3069 5635 τῷ
3114 5567 3326 5630 σώματι
3395 5565 3491 5630 τῆς
3551 5567 3630 5617 δύ-

390 5659 488 5726 εης
521 5655 615 5710 τοῦ
668 5655 922 5723 Χριστοῦ,
956 5653 1068 5707 ἀλλ’
1101 5655 1218 5706 οὐδὲ
1252 5655 1350 5726 τὴν
1398 5659 1813 5735 ἐπηγγελμένην
1839 5668 1950 5730 τοῖς
1990 5668 2200 5729 πιστοῖς
2224 5665 2444 5733 ὄψονται
2495 5663 2732 5731 θεωρίαν
2764 5661 2854 5714 τοῦ
2908 5661 3076 5725 Θεοῦ,
3143 5661 3176 5730 ἧ
3233 5661 3321 5712 καὶ
3388 5658 3631 5727 βασιλεία

448 5848 510 5877 ³⁸⁸
545 5846 738 5901 lJoan.
779 5863 857 5904 ιιι,
892 5844 924 5896 2
1039 5846 1080 5878 δ”
1116 5847 1215 5901 lsa.
1255 5863 1396 5907 “vi.
1430 5847 1510 5900 lit.
