4442 6448
733 423 840 483 zlii
1955 419 2337 480 GREGORII
2386 421 2487 481 PA?

2234 419 2337 480 Rll
2386 421 2709 481 ρΑιΑνΑζ
3881 409 3988 479 Ξῖθ

737 530 834 583 τοῦ
881 529 1018 582 Θεοῦ
1046 528 1288 585 καλείται
1310 544 1324 560 ο
1368 546 1387 580 ι
1434 527 1705 598 ’Δρθήτω,
1741 529 1848 599 γάρ
1884 535 2070 600 φησὶν,
2126 533 2156 585 ό
2183 533 2409 602 ἀσεϐὴς,
2441 533 2529 586 ινα
2562 533 2636 601 μὴ
2668 533 2752 601 ιδῃ
2779 530 2878 600 τὴν
2906 529 3066 595 δόξαν
3103 530 3331 599 Κυρίου.
3374 547 3392 581 ι
3478 529 3621 583 Ἀλλ’
3683 527 3734 584 ol
3797 541 3992 596 γεννη-

739 618 925 680 θίντες
950 635 1008 671 τε
1039 621 1132 672 καὶ
1156 620 1458 689 τραφέντες
1501 621 1643 672 κατά
1684 621 1924 690 Χριστὸν
1943 659 1956 683 .
1985 624 2077 676 καὶ
2102 624 2161 675 τὸ
2212 624 2411 694 μέτρον
2443 623 2751 691 φθάσαντες
2779 621 2855 683 ὡς
2882 615 3109 674 δυνατὸν
3136 621 3236 688 τῆς
3293 621 3516 690 ἡλικίας
3593 618 3687 673 τοῦ
3751 619 3990 688 Χριστοῦ

739 709 1128 777 πληρώματος.
1169 711 1367 763 ἐκείνοι
1417 711 1512 763 καὶ
1561 712 1661 779 τῆς
1718 712 1868 773 θείας
1925 713 2311 782 λαμπρότητος
2384 713 2668 782 μακαρίως
2705 711 3102 777 ἐπιτεύξονται,
3155 713 3250 764 καὶ
3295 710 3439 764 κατά
3508 710 3576 764 τὸ
3601 709 3994 780 γεγραμμινον

742 799 1114 866 ἐκλάμψουσιν
1145 799 1219 861 ὡς
1245 801 1272 850 ό
1304 801 1454 868 ἥλιος
1482 803 1541 853 ἐν
1581 804 1646 871 τῇ
1689 801 1940 872 βασιλείᾳ
1970 803 2064 856 τοῦ
2099 803 2314 873 Πατρδς
2351 803 2552 858 αὐτῶν.

816 892 987 955 Cuius
1017 891 1180 944 divini
1207 891 1441 960 fulgoris
1466 903 1518 946 ct
1549 893 1966 950 illuminationis
1992 894 2162 948 Adam
2188 909 2313 963 paro
2346 902 2390 957 Α
2488 895 2566 948 Ta

2239 909 2313 947 Iro
2346 902 2390 957 Α
2488 895 2705 963 Ταύτης
2736 895 2834 963 τῆς
2865 894 3018 958 θείας
3058 892 3379 963 ἐλλάμψεώς
3401 909 3458 945 τε
3490 892 3582 945 καὶ
3610 891 3993 960 λαμπρότητος

747 984 916 1051 ticeps
946 992 1071 1035 ante
1104 985 1586 1049 transgressionem
1611 1023 1624 1046 ,
1660 995 1847 1052 utpote
1879 1000 2002 1038 vere
2032 985 2166 1038 stula
2193 985 2326 1054 glo—~
2417 987 2501 1038 xci

2237 986 2326 1038 lo—-
2417 987 2509 1038 καὶ
2536 985 2748 1055 όἋδάμ
2783 986 3006 1055 μέτοχος
3030 985 3289 1054 ὑπάρχων
3309 984 3416 1052 πρὸ
3441 984 3541 1051 τῆς
3571 982 3991 1049 παρραδάσεωῖ,

747 1076 840 1128 τίκ
892 1074 1113 1128 indutus
1138 1111 1152 1136 ,
1198 1074 1378 1127 nudus
1414 1090 1520 1128 non
1557 1087 1712 1142 erat,
1744 1091 1920 1145 neque
1958 1076 2314 1131 erubescebat
2417 1078 2492 1142 ὡς

2239 1084 2314 1130 lat
2417 1078 2492 1142 ὡς
2518 1078 2684 1140 δντως
2733 1077 2924 1147 στολὴν
2974 1076 3132 1144 δόξης
3170 1078 3571 1147 ⁴ἠμφιεσμιέιινδς,
3625 1077 3724 1145 οὐχ
3781 1076 3993 1146 ὑπῆρχε

748 1169 875 1236 quia
921 1168 1131 1228 niidus,
1174 1166 1267 1220 sed
1316 1167 1486 1220 multo
1520 1168 1817 1236 speciosior
1855 1177 1974 1222 erat
2011 1183 2175 1236 quam
2207 1166 2312 1220 dici
2421 1189 2502 1239 γυ]

2245 1166 2312 1219 ici
2421 1171 2649 1239 γυμνὸς,
2687 1171 2798 1223 οὐδ’
2848 1170 3113 1238 ἀσχήμων
3167 1169 3413 1238 ὑπῆρχεν
3443 1169 3525 1221 δτι
3575 1168 3803 1237 γυμνὸς,
3859 1167 3997 1220 ἀλλὰ

750 1268 928 1327 potest
948 1299 960 1318 ,
991 1273 1100 1326 pra;
1126 1258 1204 1309 eis
1231 1258 1322 1326 qui
1365 1259 1762 1312 diadematibus
1793 1258 1960 1311 multo
2003 1272 2137 1310 auro
2172 1271 2318 1324 gem-
2424 1265 2504 1316 πο]

2244 1272 2318 1308 m-
2424 1261 2603 1331 πολλῴ
2632 1261 3024 1331 κοσμιώτερος,
3042 1260 3155 1313 οὐδ’
3179 1260 3305 1313 ὅσον
3331 1261 3543 1324 είπεῐν,’
3562 1259 3672 1312 τῶν
3718 1258 3816 1312 νῦν
3842 1275 3998 1327 περι.

754 1351 966 1418 misque
983 1351 1313 1404 micantibus
1335 1350 1543 1405 ornatis
1560 1350 1782 1418 fulgent.
1805 1349 1916 1402 Hoc
1937 1347 2123 1401 divino
2136 1347 2317 1415 splen-
2427 1372 2508 1408 κει

2241 1363 2317 1399 m-
2427 1355 2697 1424 κειμένων
2755 1353 2822 1404 τὰ
2870 1350 3056 1422 χρυσῷ
3123 1351 3304 1420 πολλῷ
3364 1354 3461 1405 καὶ
3524 1351 3772 1419 διαυγέσι
3829 1349 3995 1412 λίθοις

751 1441 886 1496 dore
907 1451 960 1495 et
988 1441 1198 1511 fulgore
1220 1457 1313 1509 per
1340 1443 1833 1510 transgressionem
1858 1440 2084 1509 turpiter
2105 1437 2320 1492 nudata:
2427 1461 2505 1497 κω

2255 1447 2320 1490 ιω
2427 1442 2782 1511 κοσμούμενα
2831 1441 3162 1509 διαδήματα.
3207 1440 3427 1508 Ταύτης
3469 1443 3568 1509 τῆς
3598 1440 3753 1503 θείας
3803 1439 4002 1508 ἐλλάμ-

752 1539 1036 1591 misertum
1069 1546 1274 1590 natura
1307 1537 1540 1591 Verbum
1563 1537 1675 1598 Dei.
1703 1537 1909 1590 viscera
1939 1533 2322 1588 misericordiae

753 1642 1063 1690 assumens,
1096 1641 1216 1680 eam
1259 1627 1574 1694 praeclarius
1605 1625 1846 1680 indutam
1881 1626 1932 1678 in
1967 1633 2149 1676 monte
2182 1623 2325 1675 'l‘ha-

757 1719 855 1772 bor
886 1718 966 1771 eis
994 1733 1128 1786 quos
1151 1732 1216 1770 ex
1248 1717 1527 1786 discipulis
1555 1717 1714 1785 elegit
1737 1731 1930 1770 rursus
1956 1713 2200 1769 ostendit
2232 1727 2326 1781 pa-

759 1809 839 1863 tef
872 1811 1019 1863 cit-us
1048 1809 1302 1862 omnibus
1345 1809 1474 1878 quid
1519 1809 1649 1861 olim
1682 1823 1924 1868 eramus,
1954 1817 2007 1860 et
2047 1806 2234 1875 quales
2273 1805 2324 1858 in

759 1901 946 1953 futuro
973 1900 1168 1954 steculo
1200 1901 1405 1953 erimus
1437 1900 1529 1967 qui
1563 1901 1614 1952 in
1656 1916 1780 1953 eum
1809 1899 2084 1953 credimus
2116 1907 2168 1952 et
2206 1911 2329 1965 per-

760 1990 1047 2043 fectionem
1076 1990 1130 2042 in
1159 1990 1276 2057 ipso
1299 1991 1574 2044 consecuti
1600 2005 1810 2044 sumus.
1841 1988 2010 2058 Cujus
2043 1988 2330 2056 perfectio-

762 2078 847 2130 nis
914 2093 1102 2131 eorum
1151 2079 1244 2147 qui
1273 2080 1571 2132 secundum
1601 2079 1879 2131 Christum
1917 2078 2101 2130 vivunt
2139 2077 2332 2130 arrhas

760 2167 1034 2220 obtinebis
1052 2168 1137 2219 hic
1161 2187 1186 2216 η
1213 2167 1251 2217 D
1287 2184 1317 2220 ο
1337 2169 1540 2221 δαεὶς-υς
1565 2168 1718 2221 datas
1738 2167 1828 2236 qui
1861 2165 1968 2233 jam
2005 2166 2330 2235 percipiunt,

2426 1535 2574 1604 ψεὼς
2603 1550 2661 1587 τε
2695 1533 2789 1586 καλ⁵
2819 1532 3206 1602 λαμπρότητος
3227 1533 3662 1601 γεγυμνωμένην
3719 1531 3814 1597 τὴν
3845 1529 4002 1599 ἡμῶν

2429 1625 2597 1693 φύσιν
2628 1627 2694 1678 ἐκ
2730 1623 3100 1692 παραϐάσεως
3151 1626 3248 1690 τῆς
3283 1623 3672 1694 ἀσχημοσύνης
3721 1623 3950 1692 ἐλεήσας
3976 1622 4006 1674 δ

2429 1717 2525 1771 τοῦ
2557 1717 2692 1770 Θεοῦ
2724 1717 2914 1783 Λόγος,
2946 1716 3040 1768 καὶ
3065 1714 3157 1768 διὰ
3193 1716 3480 1785 σπλάγχνα
3530 1716 3713 1776 ἐλέους
3743 1712 4006 1765 ἀναλαϐό-

2437 1825 2617 1878 μενος,
2643 1809 2996 1875 ἐνδεδυμένην
3027 1809 3454 1876 ἐπιφανέστερον
3485 1809 3577 1859 ἐπὶ
3597 1805 3690 1858 τοῦ
3715 1805 4004 1874 Θαδωρίου

2435 1900 2542 1954 τῶν
2579 1899 2835 1969 μαθητῶν
2861 1903 2971 1960 τοῖς
3004 1899 3276 1967 ἐκκρίτοις
3299 1899 3459 1952 πάλιν
3496 1899 3763 1962 ὑπέδειξε,
3789 1897 3841 1948 τί
3875 1908 4006 1947 ποτε

2434 1986 2599 2062 ἦμεν,
2634 1992 2729 2044 καὶ
2766 1991 2911 2054 τίνες
2965 1990 3056 2044 ἐπὶ
3085 1989 3178 2043 τοῦ
3222 1989 3508 2057 μέλλοντος
3544 1987 3741 2048 αἰῶνος
3769 1985 4007 2054 ἐσόμεθα

2436 2080 2502 2134 δι’
2525 2080 2689 2134 αὑτοῦ
2715 2083 2764 2133 ol
2796 2080 3165 2145 πιστεύοντες,
3214 2081 3313 2133 καὶ
3369 2083 3466 2147 τῆς
3503 2083 3560 2132 ἐν
3592 2078 3741 2146 αύτῷ
3792 2076 4010 2130 τελειώ-

2444 2189 2582 2234 σεως
2603 2174 2946 2243 ἐπιτυχόντες
2975 2175 3090 2236 τοῖς
3135 2175 3272 2226 πᾶσι
3321 2179 3617 2242 παριστὰς.
3662 2173 3880 2240 Ταύτης
3912 2171 4011 2237 τῆς

764 2262 1039 2312 utdictum
1072 2267 1176 2322 est,
1214 2259 1422 2313 fructus
1457 2260 1663 2312 venturi
1692 2259 1899 2312 surculi.
1933 2257 1996 2310 Et
2029 2258 2172 2311 istud
2201 2272 2336 2325 prte-
2369 2245 2408 2298 Β
2436 2272 2518 2318 τε)

2257 2272 2336 2310 ’ω-
2369 2245 2408 2298 Β
2436 2267 2766 2329 τελειώσεως
2827 2267 2939 2318 τῶν
2975 2264 3116 2319 κατά
3163 2265 3397 2335 Χριστὸν
3447 2266 3702 2335 βιούντων
3762 2264 4011 2330 εὑρήσεις

764 2359 1038 2416 gustatum
1063 2351 1295 2403 ostendit
1319 2350 1527 2420 Moysvs
1546 2351 1596 2402 in
1627 2349 1784 2418 cujus
1809 2350 2010 2404 vultum
2038 2349 2336 2418 gloriosum
2439 2347 2518 2411 ad

2259 2366 2336 2403 1m
2439 2347 2689 2420 καὶτοὺς
2736 2359 3062 2429 ἀρραϐῶνας
3114 2359 3369 2428 φανερῶς
3406 2356 3640 2411 ἐνταῦθα
3693 2355 4013 2423 δεδομένους

767 2446 860 2497 lilii
893 2443 1056 2498 Israel
1085 2458 1191 2500 non
1227 2452 1479 2511 poterant
1507 2443 1784 2497 intendere
1815 2461 1827 2495 ε
1859 2453 1912 2496 et
1941 2453 2062 2511 post
2087 2458 2213 2496 eum
2247 2442 2341 2494 ad-
2438 2455 2521 2505 τοι

2261 2442 2341 2494 ιά·
2438 2455 2551 2513 τοῖς
2596 2451 2690 2504 τοῦ
2717 2451 2853 2504 Θεοῦ
2888 2453 3090 2517 ἁγίοις,
3136 2450 3542 2522 καρπουμένοις
3590 2449 3692 2519 ῆδη
3734 2447 3873 2500 κατὰ
3922 2445 4015 2498 τὸν

773 2538 880 2590 huc
928 2535 1198 2588 illustrius
1248 2534 1364 2602 ipse
1409 2535 1670 2588 Dominus
1713 2535 1764 2587 iu
1815 2545 1996 2589 monte
2043 2548 2341 2587 coruscans
2443 2548 2527 2598 ειη

2264 2548 2341 2587 m5
2443 2547 2664 2598 εἰπόντα
2699 2545 2756 2597 τὸ
2780 2545 2874 2597 τοῦ
2913 2545 3196 2613 μέλλοντος
3239 2543 3435 2605 αίῶνος
3475 2541 3699 2609 ἀγαθόν.
3727 2539 3834 2591 Καὶ
3858 2536 4018 2590 τοῦτο

775 2629 982 2682 lumine
1020 2627 1233 2680 deitatis
1265 2627 1337 2680 Ita
1369 2626 1590 2680 micanti
1631 2637 1686 2679 ut
1720 2627 1973 2694 discipuli
2003 2627 2180 2686 electi,
2219 2626 2344 2678 licet
2444 2655 2529 2705 πρ.

2265 2632 2344 2678 εει
2444 2636 2732 2705 προλαϐὼν
2779 2637 2979 2702 ἔδειξεν
3016 2639 3045 2689 δ
3079 2635 3334 2703 Μωῦσῆς,
3369 2627 3431 2688 οῦ
3471 2631 3539 2702 τῇ
3565 2632 3689 2702 δόξῃ
3720 2629 3814 2683 τοῦ
3846 2645 4019 2697 προσ-

773 2723 846 2773 ob
889 2721 1028 2773 hanc
1065 2734 1285 2773 causam
1320 2719 1519 2772 virtute
1551 2729 1794 2786 accepta,
1833 2734 1938 2771 non
1971 2726 2220 2785 poterant
2262 2717 2344 2769 in-

775 2814 999 2866 tendere
1049 2813 1101 2864 in
1151 2811 1324 2865 lucem
1367 2811 1534 2864 illam.
1575 2809 1835 2877 Stephani
1878 2823 2005 2862 vero
2050 2807 2237 2872 facies,
2289 2813 2348 2860 ut

774 2905 1036 2970 scriptum
1087 2913 1192 2966 est,
1239 2902 1491 2970 apparuit
1539 2910 1798 2967 tanquam
1838 2901 2005 2955 facies
2053 2899 2252 2968 angeli,
2297 2906 2348 2949 et

776 2999 894 3062 ip~e
926 3012 952 3048 a
988 3005 1127 3049 terra
1157 2996 1210 3048 in
1239 2995 1478 3048 caelestia
1503 2995 1787 3046 intendens
1817 2993 1905 3045 ubi
1932 2991 2180 3047 Christus
2208 2988 2350 3042 sedit

777 3090 844 3142 ad
871 3089 1147 3141 dexteram
1180 3086 1500 3154 maiestatis,
1531 3086 1805 3140 caelestem
1830 3085 1960 3138 vidit
1987 3084 2076 3137 Dei
2101 3084 2350 3152 gloriam.

782 3181 845 3234 Et
882 3179 1100 3247 longum
1155 3186 1239 3232 est
1279 3178 1415 3232 alios
1471 3187 1656 3247 postea
1701 3188 2024 3232 enumerare
2074 3186 2236 3246 atque
2263 3192 2356 3232 re-

781 3283 1010 3325 censere
1051 3268 1144 3334 qui
1189 3269 1244 3321 in
1293 3267 1454 3322 terris
1504 3268 1806 3322 futurorum
1853 3268 2118 3322 bonorum
2163 3267 2356 3321 arrhas

783 3370 1134 3429 acceperunt,
1179 3370 1232 3415 et
1267 3361 1508 3414 divinum
1545 3361 1698 3415 illum
1741 3360 2084 3430 splendorem
2129 3359 2357 3414 feliciter

785 3453 961 3507 sortiti
994 3462 1122 3505 sunt
1148 3461 1200 3505 et
1240 3452 1694 3506 illuminationem
1716 3490 1732 3514 ,
1761 3467 1923 3520 quam
1972 3466 2070 3504 nos
2100 3450 2360 3520 coiiseqiti

2444 2727 2600 2783 ὡπου
2640 2730 2909 2793 ἀτενίξειν
2949 2729 3050 2782 οὑκ
3085 2728 3347 2798 ἠδύναντο
3396 2727 3444 2778 ol
3471 2726 3576 2777 υἱοὶ
3637 2722 3730 2776 τοῦ
3771 2720 4018 2790 Ἰσραήλο

2447 2821 2542 2871 καὶ
2580 2822 2701 2887 μετ’
2731 2821 2893 2872 αὑτὸν
2923 2819 3002 2872 ἔτι
3045 2818 3512 2886 περιφανέστερον
3562 2814 3724 2876 αὑτὸς
3756 2813 3784 2864 δ
3818 2811 4023 2880 Κύριος

2449 2915 2533 2966 ἐπ’
2563 2913 2721 2980 δρους
2749 2911 3039 2981 ἀστράψας
3060 2910 3172 2980 96
3207 2911 3263 2961 ἐν
3295 2908 3440 2977 φωτλ
3467 2906 3722 2975 θεότητος
3770 2903 3912 2956 οὕτω
3931 2919 4024 2968 τη·

2449 3005 2691 3073 λαυγῶς,
2719 3004 2795 3067 ὡς
2829 3003 2964 3072 μηδέ
2993 3003 3119 3064 τοὺς
3146 3002 3433 3071 ἐκκρίτους
3459 3000 3571 3051 τῶν
3599 2996 3880 3066 μαθητῶν,
3907 2994 4028 3047 καίο

2451 3115 2536 3150 τοι
2571 3094 2951 3164 πνευματικὴν
2977 3092 3207 3160 δύναμιν
3251 3090 3554 3161 τηνικαῦτα
3576 3089 3871 3148 λαϐόντας.
3911 3087 4030 3138 ἀτί--

2453 3190 2697 3251 νίζοντας
2723 3187 3022 3254 δυνηθῆναι
3054 3185 3189 3255 πρὸς
3209 3184 3306 3252 τὴν
3335 3181 3540 3251 λάμψιν
3565 3181 3778 3248 ἐκείνην
3803 3178 4020 3246 στῆναι.

2456 3279 2731 3346 Στεφάνου
2755 3277 2812 3328 δὲ
2831 3275 2891 3328 τὸ
2912 3267 3210 3345 ’πρόσωπον
3243 3272 3399 3342 ὤφθη
3433 3273 3574 3326 κατὰ
3605 3271 3668 3324 τὸ
3691 3267 4031 3345 ,γεγραμμέ-

2457 3387 2546 3423 νον
2569 3369 2644 3429 ὡς
2676 3367 2967 3434 πρόσωπον
2991 3365 3244 3431 ἀγγέλου,
3272 3363 3368 3416 καὶ
3401 3362 3560 3423 αύτδς
3597 3360 3705 3414 ἀπὸ
3729 3359 3829 3427 γῆς
3855 3361 3934 3418 είς
3961 3357 4032 3410 τά

2460 3460 2720 3513 ἐπέκεινα
2767 3457 2877 3510 τῶν
2933 3455 3180 3526 οὐρανῶν
3217 3452 3488 3523 ἡτένιζεν,
3543 3452 3682 3505 ὅπου
3735 3453 3763 3504 δ
3799 3449 4034 3519 Χριστὸς

787 3543 1050 3597 concedat
1099 3542 1270 3609 gratia
1319 3550 1374 3596 et
1417 3542 1721 3612 benignitas
1752 3543 1870 3610 ejus
1914 3542 2006 3611 qui
2065 3556 2162 3610 pro
2203 3541 2359 3596 nobis
2385 3569 2431 3630 ρ
2460 3551 2541 3603 ἐκ(

2282 3541 2359 3596 bis
2385 3569 2431 3630 ρ
2460 3548 2715 3603 ἐκάθισεν
2754 3548 2811 3599 ἐν
2834 3546 2985 3615 δεξιᾷ
3007 3544 3107 3621 τῆς
3139 3541 3554 3611 μεγαλωσύνης
3602 3541 3699 3594 καὶ
3723 3539 3824 3610 τὴν
3866 3539 4036 3605 ὑπερ-

789 3634 965 3689 factus
999 3633 1180 3696 homo,
1217 3633 1460 3701 sepultus
1497 3642 1551 3687 et
1589 3645 1954 3699 resurrectus,
1991 3644 2241 3688 naturam
2263 3648 2362 3687 no-

794 3738 964 3780 stram
1017 3726 1158 3779 infra
1203 3725 1689 3789 jacentemerexit.
1739 3736 1787 3779 et
1833 3742 2016 3781 secum
2063 3727 2115 3780 in
2169 3727 2365 3781 throno

791 3815 972 3870 Patris
997 3816 1186 3871 sedere
1217 3812 1367 3878 fecit,
1395 3812 1556 3868 Jesus
1584 3814 1834 3869 Christus
1866 3813 2129 3870 Dominus
2145 3824 2330 3870 noster
2349 3856 2366 3882 ,

795 3923 954 3975 quem
991 3906 1146 3960 decet
1181 3905 1372 3972 gloria,
1408 3905 1581 3958 honor
1618 3915 1672 3959 et
1703 3905 1954 3960 sdoratio
1985 3921 2111 3961 cum
2157 3917 2366 3960 attento

793 4003 915 4069 ejus
958 4000 1114 4054 Patre
1149 4011 1202 4052 et
1250 3998 1598 4053 sanctissimo
1640 4011 1848 4051 necnon
1893 3998 2194 4053 vivificante
2245 3997 2368 4067 Spi-

796 4096 928 4156 ritu,
986 4109 1131 4147 nunc
1181 4100 1237 4146 ct
1280 4106 1498 4160 semper
1547 4099 1603 4144 et
1658 4089 1714 4145 in
1765 4090 1962 4146 saecula
2019 4092 2362 4147 saeculorum.

795 4186 994 4240 Amen.

2463 3639 2715 3708 ουράνιον
2745 3637 2892 3706 ἐώρα
2922 3635 3081 3701 δόξαν
3111 3632 3205 3688 τοῦ
3239 3631 3398 3686 Θεοῦ.
3471 3632 3583 3685 Καὶ
3617 3630 3828 3700 μικρὸν
3858 3628 3924 3681 ἂν
3953 3627 4037 3695 είη

2465 3733 2596 3794 τοὺς
2651 3731 2846 3793 ἄλλους
2889 3727 3132 3792 καθεξῆς
3191 3721 3634 3795 ἀπαριθμεῖσθαι
3675 3721 3768 3774 καὶ
3814 3719 4040 3772 καταλέ-

2466 3837 2606 3888 γειν,
2637 3820 2832 3876 οἵτινες
2861 3815 3108 3870 ἐντεῦθεν
3151 3815 3279 3878 τοὺς
3307 3813 3634 3885 ἀρραϐῶνας
3670 3811 3778 3863 τῶν
3812 3809 4039 3877 μελλόν-

2469 3932 2577 3968 των
2623 3911 2846 3981 ἀγαθῶν
2875 3909 3065 3963 ιλαῦον
3090 3944 3106 3973 ,
3139 3907 3235 3962 καὶ
3261 3905 3369 3974 ’τῆς
3403 3905 3553 3967 θείας
3595 3903 3814 3970 ἐκείνης
3841 3901 4042 3970 ἐλλάμ-

2469 4004 2618 4076 ψεώς
2660 4021 2720 4056 τε
2746 4003 2841 4055 καὶ
2875 3999 3266 4076 λαμπρότητος
3316 3995 3604 4065 μακαρίως
3631 3993 3898 4061 ἐπέτυχον
3923 4009 3938 4024 -
3971 3987 4038 4061 ἧς

2473 4074 2686 4161 γένοιτο
2708 4090 2802 4142 καὶ
2837 4074 2985 4158 ήμῖς
3006 4085 3288 4154 ἐπιτυχεῖν
3319 4083 3503 4153 χάριτι
3534 4082 3630 4134 καὶ
3661 4080 4044 4149 φιλανθρωπίᾳ

2469 4184 2570 4238 τοῦ
2597 4183 2664 4236 δι’
2706 4181 2852 4252 ἡμᾶς
2882 4177 3431 4248 ἐνανθρωπήσαντος,
3474 4175 3573 4226 καὶ
3601 4171 3896 4234 παθόντος,
3950 4173 4045 4224 καὶ

795 4277 1079 4351 ταφέντμ,
1112 4275 1206 4329 καὶ
1234 4275 1588 4337 ἀναστάντος,
1636 4275 1728 4326 καὶ
1758 4271 1856 4343 τὴν
1901 4273 2050 4327 κάτω
2097 4275 2358 4345 κειμένην
2391 4277 2553 4346 φύσιν
2584 4273 2739 4346 ἡμῶν
2775 4273 2854 4334 είς
2873 4269 3136 4340 οὐρανοὺς
3179 4263 3585 4334 ἀνυψώσαντος,
3648 4262 3743 4313 καὶ
3795 4258 4047 4326 συνεδρίᾳ

798 4375 1128 4444 τιμήσαντος
1183 4372 1452 4442 πατρικῇ.
1500 4368 1679 4438 Ἰησοῦ
1735 4369 1974 4439 Χριστοῦ
2010 4369 2106 4423 τοῦ
2161 4373 2370 4441 Κυρίου
2407 4373 2594 4443 ἡμῶνο
2626 4366 2670 4439 ᾧ
2702 4369 2903 4440 πρέπει
2953 4366 3105 4430 δόξα.
3154 4361 3292 4432 τιμὴ
3361 4361 3458 4414 καὶ
3522 4357 3894 4427 προσκύνησις
3952 4357 4048 4407 σὺν

799 4473 878 4540 τῷ
904 4472 1122 4538 ἁνάρχῳ
1151 4468 1316 4521 αὑτοῦ
1370 4467 1568 4537 [ια-τρὶ,
1595 4467 1686 4520 καὶ
1715 4465 1796 4537 τῷ
1827 4467 2078 4537 παναγίῳ
2109 4466 2199 4521 καὶ
2227 4468 2478 4538 ζωοποιῷ
2525 4468 2826 4539 Πνεύματι,
2887 4460 2984 4516 νῦν
3053 4459 3152 4513 καὶ
3221 4456 3315 4512 ἀεὶ
3393 4454 3490 4508 καὶ
3542 4453 3624 4516 εις
3678 4451 3806 4514 τοὺς
3846 4450 4046 4518 αἰῶνας

803 4564 914 4618 τῶν
950 4560 1183 4612 αίώνων.
1235 4557 1430 4625 Ἀμήν.

1348 4667 1634 4725 ιιοιιιιιλ
1669 4668 1834 4724 XVII.

809 4792 873 4846 In
939 4807 1044 4855 qua
1102 4785 1396 4841 ostendi'ur
1445 4783 1667 4855 Sabbati
1729 4793 1780 4837 et
1848 4784 2138 4839 Dominica:
2187 4795 2383 4853 myste-

879 4854 1050 4923 rium,-
1109 4873 1307 4912 necnon
1337 4861 1390 4910 in
1429 4854 1769 4924 Evangelt'um
1812 4858 1997 4922 prima
2017 4865 2133 4924 post
2173 4857 2384 4909 Pascha

884 4932 1190 4983 honunicaz.

882 5026 1086 5078 Novam
1109 5021 1266 5075 hodie
1286 5020 1622 5074 celebramus
1654 5017 1987 5071 Dominicatn
2008 5034 2022 5080 ;
2046 5016 2225 5085 potius
2254 5031 2384 5070 vero

3060 4658 3312 4716 ΟΜῘΛΙΑ
3356 4647 3456 4711 lZ':

2485 4781 2780 4837 Δεικνῦσα
2810 4777 2872 4830 τὸ
2904 4774 3010 4829 τσῦ
3039 4769 3343 4841 Σαϐϐάτοᾉυ
3391 4764 3488 4841 καί
3514 4763 3578 4816 τὸ
3610 4761 3721 4841 τῇς
3752 4759 4053 4841 {ipp/amig-

2553 4835 2921 4920 μυστήριον·
2973 4846 3071 4898 καί
3122 4845 3209 4905 εις
3247 4838 3316 4892 τὸ
3345 4836 3456 4906 τῆς
3491 4835 3704 4900 καινῆς
3753 4835 4053 4898 Κυριωιής

2558 4923 2604 4976 Ε
2613 4919 2952 4988 ὺαγτέλιον.

2561 5011 2766 5090 Καινὴν
2792 5005 3075 5077 Κυριακὴν
3099 5000 3432 5072 ἑορτάζομεν
3464 4998 3732 5066 σήμερονο
3767 4991 3966 5090 μᾶλλρν
3995 4989 4050 5040 δὲ

816 5133 967 5172 novae
1021 5113 1315 5168 Dominicte
1347 5110 1818 5165 consecrationem
1865 5109 2098 5176 agimus.
2153 5107 2389 5162 Intendit
2491 5104 2570 5172 τῆ‹

2295 5107 2389 5162 ιιΙίι
2491 5104 2590 5172 τῆς
2621 5084 2813 5167 καινῆς
2846 5094 3130 5167 Κυριακῆς
3156 5093 3362 5158 ἀγομεν
3391 5087 3461 5140 τὰ
3491 5085 3767 5152 ἐγκαίνια.
3798 5081 4049 5176 Βούλεται

816 5225 944 5278 ergo
970 5221 1148 5259 sermo
1184 5213 1365 5256 uoster
1399 5203 1560 5270 paulo
1595 5200 1786 5264 altius,
1819 5209 2087 5268 quantum
2119 5199 2386 5263 permisc-

816 5306 883 5357 rit
916 5310 1148 5366 tempus,
1172 5295 1464 5350 Dominicte
1485 5295 1800 5363 mysterium
1826 5292 1890 5344 ad
1916 5290 2234 5345 charitatem
2298 5280 2407 5344 vei

821 5408 990 5449 s‘ram
1016 5391 1274 5445 revelare.
1311 5387 1414 5440 Sed
1462 5397 1587 5438 cum
1625 5383 1764 5437 istud
1798 5385 1868 5438 sit
1901 5383 2132 5436 sublime
2171 5390 2224 5434 et
2269 5381 2387 5434 ideo

821 5502 929 5539 non
988 5481 1058 5535 sit
1105 5477 1360 5532 omnibus
1415 5475 1685 5529 intellectu
1739 5473 1918 5535 facile,
1978 5474 2177 5541 gratias
2230 5485 2388 5539 agere

824 5583 1038 5644 oportet
1065 5571 1306 5626 omnium
1352 5568 1576 5621 Domino
1608 5583 1634 5618 ιι
1676 5580 1783 5635 quo
1813 5564 2231 5633 cognominatur
2273 5563 2390 5615 haec

826 5667 1071 5732 ὀίω,ᾳυί
1105 5677 1198 5730 per
1230 5674 1384 5712 suam
1417 5658 1467 5710 in
1485 5671 1649 5711 carne
1679 5656 2018 5725 praesentiam
2049 5653 2300 5708 omnibus
2323 5653 2390 5704 ad

827 5773 951 5813 eum
994 5757 1094 5808 fide
1129 5752 1510 5807 aecedcntibus
1549 5748 1792 5804 exhibuit
1833 5762 1952 5816 quae
1997 5745 2388 5815 aliquantulum

833 5856 1066 5902 mentem
1101 5854 1153 5898 et
1200 5857 1502 5902 sermonem
1543 5849 1816 5911 superant.
1854 5837 2018 5895 Dictis
2055 5850 2232 5896 autem
2275 5852 2390 5893 οω-

2491 5198 2677 5250 τοίνυν-
2701 5194 2728 5245 ὑ
2753 5194 3016 5262 ἡμέτερος
3046 5187 3223 5254 λόγος,
3283 5180 3479 5253 μικρὸν
3534 5177 3742 5258 ἀνωθεν
3778 5175 3915 5244 πρὸς
3957 5173 4052 5240 τὴν

2491 5287 2761 5357 ὑμετέραν
2784 5282 3026 5352 ἀγάπην,
3059 5275 3142 5344 ἐφ’
3175 5276 3300 5328 ὅσον
3345 5275 3374 5326 ὁ
3399 5269 3593 5340 καιρὸς
3622 5268 3830 5326 δίδωσι,
3876 5265 3936 5315 τὸ
3961 5265 4054 5357 τῆς

2493 5355 2778 5448 Κυριακῆς
2804 5369 3142 5439 ἀνακαλύψαι
3181 5364 3502 5436 μυστήριον.
3541 5362 3602 5413 Εἰ
3625 5360 3682 5413 δὲ
3717 5357 3856 5426 μέγα
3901 5355 4058 5448 τοῦτο

2489 5447 2591 5525 καί
2622 5469 2843 5540 ὑψηλὸν,
2877 5467 2973 5518 καὶ
3005 5463 3093 5515 διὰ
3151 5457 3308 5513 τοῦτο
3340 5455 3474 5523 μηδὲ
3505 5454 3564 5506 τὸ
3615 5452 3908 5520 πρόχειρον
3937 5447 4060 5540 τού.-

2490 5581 2584 5616 του
2619 5536 2728 5623 τοῖς
2785 5560 2953 5611 πᾶσιν
2983 5554 3296 5623 ,εύληπτον,
3355 5547 3587 5616 χάριτας
3639 5541 3919 5610 ὁμολογεῖν
3955 5536 4059 5605 χρὴ

2491 5653 2568 5723 τῷ
2601 5649 2790 5721 Κυρίῳ
2843 5648 2951 5700 τῶν
2988 5645 3148 5705 ὅλων,
3201 5633 3262 5692 οὗ
3323 5637 3478 5705 καὶὴ
3535 5633 3715 5703 ἡμέρα
3750 5625 4057 5723 ἐπῶυνμος,

2493 5713 2669 5797 ταῦτα
2690 5713 3038 5810 χαρισαμὲνῳ
3075 5733 3163 5787 διὰ
3198 5731 3294 5797 τῆς
3327 5731 3384 5780 ἐν
3418 5724 3584 5793 σαρκὶ
3615 5719 3914 5791 παρουσίας
3964 5713 4058 5810 αύ-

2497 5836 2589 5891 τοῦ
2621 5836 2728 5897 τοῖς
2762 5830 2909 5900 αύτῷ
2943 5824 3225 5898 προσιοῦσι
3254 5821 3342 5877 διὰ
3370 5820 3468 5888 τῆς
3516 5817 3770 5880 πίστεως,
3805 5812 3836 5866 ἃ
3867 5810 3959 5865 καὶ
3981 5806 4057 5877 νῷ
