4442 6448
427 397 530 464 221

1765 411 2093 472 HOMILH
2142 417 2329 476 XV“.

3587 427 3692 490 222

426 509 524 563 καὶ
554 508 719 581 λόγῳ,
753 511 846 564 καὶ
898 514 1032 584 πρὸς
1084 515 1264 584 ὀλίγον
1296 520 1410 572 ἐστὶ
1449 519 1764 589 δυσέφικτα.
1802 524 2003 593 Ιιροσέ-
2031 530 2075 589 Α
2107 545 2180 581 ne:

1935 526 2003 575 τέ·
2031 530 2075 589 Α
2107 545 2201 583 nes
2232 531 2394 584 simul
2421 535 2658 586 animum.
2697 536 2991 600 intmditc;
3025 553 3148 591 nam
3179 537 3221 591 si
3253 538 3374 607 quis
3396 547 3566 592 totum
3595 558 3689 595 ca-

425 617 548 670 χετε
581 600 642 654 δὲ
671 602 821 671 ὅμως
851 602 1090 669 ἅπαντες
1128 611 1243 670 τοῖς
1293 610 1608 680 λεγομένοις
1638 612 1730 665 τὸν
1761 614 1886 668 νοῦν
1910 632 1921 644 ·
1956 616 2004 669 εί

425 688 535 758 γάρ
558 705 642 751 τις
677 691 769 743 καὶ
804 690 878 762 μὴ
924 691 984 746 τὸ
1010 695 1119 747 πᾶν
1170 697 1561 764 ἐπιγινώσκειν
1590 700 1905 772 δυνήσεται,
1948 703 2007 771 ἐξ

423 779 622 846 ὀλίγων
668 779 780 844 ῑξει
808 783 908 853 τὴν
961 786 1145 839 πᾶσαν
1204 788 1469 861 δύναμινο
1531 794 1708 863 φωτὸς
1752 795 1860 866 γὰρ
1892 796 2005 866 ἔχει

425 871 581 939 λόγον
612 873 644 942 ἡ
678 872 996 930 διδασκαλία
1045 879 1138 932 τοῦ
1173 881 1515 953 Πνεῦματος.
1566 885 1653 940 Ἐν
1680 886 1738 953 ἒξ
1767 888 1945 942 τοίνυν
1977 890 2006 942 6

422 963 557 1028 Θεὸς
607 966 848 1036 ἡμέραις
895 969 970 1040 μὴ
1026 972 1187 1040 μόνον
1240 974 1300 1028 τὸ
1356 977 1618 1046 αἰσθητὸν
1660 979 1809 1034 ἀπαν
1847 981 2004 1035 τοῦτο

423 1057 658 1124 ποιήσας
712 1075 771 1112 τε
805 1059 901 1113 καὶ
930 1064 1235 1132 κοσμήσας,
1294 1066 1432 1121 ἀλλά
1484 1071 1580 1124 καὶ
1627 1071 1689 1124 τὸ
1726 1074 1887 1142 μόνον
1942 1075 2001 1142 ἐξ

421 1148 732 1218 αίσϐἡσεως
763 1150 858 1204 καὶ
887 1152 978 1207 νοῦ
1010 1158 1371 1227 συγκείμενον
1413 1162 1552 1226 ζῶον
1580 1163 1672 1215 τὸν
1712 1165 2000 1231 ἄνθρωπον

419 1236 632 1303 πλάσας
656 1257 713 1293 τε
739 1244 831 1298 καὶ
863 1243 1111 1311 ζωώσας,
1144 1249 1238 1302 καὶ
1264 1249 1361 1319 τὴν
1388 1251 1684 1322 ἡγεμονίαν
1714 1257 1862 1324 αὐτῷ
1891 1257 2000 1311 τῶν

419 1333 550 1401 περὶ
583 1334 684 1402 γῆν
712 1334 867 1399 ζώων
901 1339 996 1390 καὶ
1021 1340 1206 1407 φυτῶν
1240 1346 1676 1416 παρασχόμενος,
1705 1350 1772 1418 τῇ
1800 1351 1999 1421 ἑϐδόμῃ

418 1425 766 1480 κατέπαυσεν
789 1429 892 1481 ἀπὸ
933 1431 1150 1485 πάντων
1178 1433 1282 1486 τὼν
1310 1437 1487 1507 ἔργων
1525 1438 1712 1504 αὑτοῦ,
1749 1443 1998 1512 καθάπερ

413 1515 442 1567 6
479 1515 718 1586 Μωῦσῆς
748 1517 984 1584 ἐδίδαξεν
1017 1521 1163 1591 ἡμᾶς
1193 1525 1219 1576 6
1263 1528 1730 1599 μεταγενέστερος
1794 1529 1997 1600 Θεωρὸς

411 1606 507 1675 τῆς
539 1608 630 1659 ἐπὶ
677 1609 810 1663 πολὺ
853 1615 1295 1684 προγενεστέρας
1335 1617 1504 1672 αὑτοῦ
1553 1621 1866 1690 καταϐολῆς
1899 1622 1992 1675 τοῦ

414 1694 660 1764 κόσμου·
702 1699 905 1767 μᾶλλον
938 1701 994 1755 δὲ
1050 1703 1112 1756 τὸ
1164 1706 1390 1777 Πνεῦμα
1426 1711 1485 1762 τὸ
1537 1711 1693 1778 ἀγιον
1744 1713 1832 1766 διά
1889 1716 1990 1784 τῆς

2109 633 2237 686 pere
2272 631 2531 688 nequeat.
2571 639 2633 676 ev
2674 628 2861 690 paucis
2891 641 3106 681 omnem
3140 631 3390 682 virtutem
3435 631 3684 692 hahehit.

2107 710 2243 765 luris
2276 714 2420 766 enim
2471 716 2733 769 rationem
2770 719 2927 772 habet
2963 721 3203 773 doctrina
3255 722 3507 789 Spiritus.
3549 723 3688 777 licus

2110 817 2242 870 ergo
2297 806 2347 857 in
2391 821 2483 860 sex
2542 806 2732 862 tiielms
2784 821 3070 878 postquam
3127 828 3231 864 non
3291 816 3451 864 modo
3510 826 3685 868 totum

2103 893 2246 957 quOtl
2291 893 2504 948 videtur
2557 897 2769 952 fecisset
2802 910 2854 953 et
2898 903 3226 963 ornavisset,
3276 917 3460 954 verum
3499 914 3550 956 et
3585 906 3676 956 lm.

2107 985 2306 1038 minem
2341 987 2516 1039 solum
2559 1004 2619 1043 ex
2652 1006 2812 1044 Sensu
2847 1003 3132 1062 menteque
3166 1005 3504 1048 construitcrn
3532 1012 3675 1047 crea-

2103 1073 2267 1128 visset
2305 1085 2359 1128 et
2392 1074 2744 1141 vitiiicassct,
2791 1097 2966 1148 regem
3016 1098 3138 1137 eum
3190 1084 3523 1140 instituendo
3567 1090 3682 1138 uni-

2100 1182 2385 1222 versorum
2423 1185 2543 1236 qum.
2589 1187 2752 1238 super
2801 1184 2998 1226 terram
3035 1185 3188 1227 eram
3224 1185 3333 1230 tam
3368 1180 3676 1244 plantarun

2098 1275 2260 1327 quam
2289 1260 2626 1326 animalium,
2655 1265 2997 1357 septimaadie
3028 1269 3293 1335 requievit
3325 1270 3390 1322 ab
3420 1272 3676 1326 omnibus

2098 1352 2353 1419 operihus
2401 1354 2534 1416 suis,
2576 1355 2715 1407 sicut
2745 1371 2841 1408 nos
2881 1352 3081 1411 'docuit
3148 1357 3360 1428 Moyses
3413 1364 3676 1430 posterior

2098 1444 2506 1498 constitutionis
2572 1446 2759 1498 mundi
2797 1447 2956 1515 longe
2997 1449 3095 1517 ipsi
3138 1451 3427 1505 antrrioris
3463 1462 3671 1521 specta-

2099 1546 2200 1599 tor,
2239 1553 2331 1592 seu
2379 1538 2555 1606 magis
2598 1538 2834 1607 Spiritus
2869 1552 3092 1597 sanctus
3134 1544 3226 1612 qui
3281 1561 3374 1614 per
3413 1546 3531 1614 cjus
3567 1547 3660 1599 liu-

2096 1643 2254 1696 guam
2289 1629 2355 1682 ad
2387 1645 2543 1683 aures
2574 1632 2892 1701 animasque
2918 1643 3134 1688 nostras
3172 1639 3496 1705 personavit.
3527 1638 3645 1691 lttsu

2095 1734 2191 1787 per
2227 1719 2550 1786 «Benedixit,
2588 1722 2781 1791 inquit,
2813 1724 2917 1778 diei
2953 1727 3200 1795 septimo,
3232 1737 3285 1781 et
3316 1730 3673 1784 sanctilicavit

411 1785 624 1841 ἐκείνου
660 1788 906 1862 γλώττης
954 1797 1074 1858 ταῖς
1130 1796 1436 1867 ἡμετέραις
1482 1801 1758 1870 ἑνηχῆσαν
1805 1803 1992 1870 φιλαν-
2026 1803 2065 1857 Β
2095 1785 2165 1863 illi

1908 1821 1992 1856 αν-
2026 1803 2065 1857 Β
2095 1811 2243 1864 illum
2269 1813 2566 1890 “.{Quare
2596 1815 2759 1882 igitur
2803 1816 2898 1871 isti
2929 1818 2979 1870 in
3016 1833 3124 1887 quo
3154 1818 3288 1873 nihil
3333 1819 3478 1883 fecit,
3514 1821 3662 1874 henc-

412 1879 648 1949 ορςῦπως
675 1884 868 1947 ἀκοαῖς
905 1902 962 1938 τε
996 1888 1088 1940 καὶ
1117 1889 1337 1958 ψυχαῖς.
1386 1892 1546 1945 Ἀλλά
1579 1895 1671 1946 καὶ
1703 1894 1988 1964 εὐλόγησε,

411 1975 599 2041 φησὶν,
631 1976 657 2028 6
684 1974 815 2039 Θεὸς
842 1977 940 2049 τὴν
970 1980 1186 2050 ἡμέραν
1215 1984 1314 2052 τὴν
1344 1983 1579 2053 ἑϐδόμην
1623 1986 1719 2038 καὶ
1762 1989 1990 2058 ἡγίασεν

407 2062 598 2133 αὑτήν.
629 2064 751 2127 Πῶς
781 2065 876 2122 οὖν
919 2069 1150 2138 ταύτην»
1183 2071 1308 2125 καθ’
1336 2073 1403 2143 ἢν
1435 2075 1587 2128 οὐδὲν
1618 2075 1847 2146 ἔπραξε’
1893 2079 1988 2130 καὶ

406 2154 670 2225 εὐλόγησε
723 2159 820 2211 καὶ
851 2161 1100 2229 ἡγίασεν,
1159 2163 1275 2215 ἀλλ’
1304 2165 1427 2233 οὐχὶ
1473 2166 1574 2232 τὴν
1623 2169 1846 2238 πρώτην
1877 2169 1985 2239 97

408 2246 610 2313 μᾶλλον
655 2246 731 2302 ὡς
774 2249 1295 2323 ὑπερεξῃρημένηνς
1327 2256 1417 2306 Διὸ
1470 2258 1562 2308 καὶ
1593 2261 1720 2326 μίαν
1760 2261 1929 2328 αὐτὴν
1959 2264 1986 2314 6

405 2338 647 2407 Μωῦσῆς
677 2335 849 2406 εἶπεν,
879 2343 992 2395 ἀλλ’
1020 2346 1141 2414 οὐχ),
1169 2347 1414 2416 πρώτην,
1453 2349 1576 2400 καθ’
1611 2351 1678 2420 ἢν
1699 2353 1727 2403 6
1758 2352 1891 2415 Θεὸς
1921 2354 1985 2406 ἐκ

402 2426 499 2479 τοῦ
535 2427 609 2498 μὴ
644 2428 796 2495 ὄντος
845 2431 1043 2502 ἀθρόον
1092 2438 1377 2506 προήγαγε
1409 2438 1470 2491 τὸ
1521 2442 1653 2505 πᾶν,
1707 2443 1802 2495 καὶ
1843 2446 1984 2512 φωτὶ

403 2518 576 2590 καινῷ
595 2523 968 2593 περιηύγασεν
1001 2527 1156 2593 αὐτὸ,
1182 2529 1229 2582 εί
1261 2532 1354 2583 καὶ
1388 2533 1556 2602 μήπω
1584 2533 1675 2587 τὸν
1707 2535 1981 2606 κατάλλη-

401 2611 492 2664 λον
537 2614 774 2684 ἐπέθηκε
828 2617 1074 2687 κόσμον,
1114 2621 1196 2684 είς
1237 2623 1394 2688 τάξιν
1445 2624 1539 2676 καὶ
1568 2622 1709 2688 εϊδος
1754 2629 1980 2697 ἀγαγὼν

401 2706 651 2760 ἕκαστον.
691 2707 815 2769 Πῶς
846 2710 895 2761 εί
928 2711 1004 2780 μὴ
1036 2713 1126 2764 καὶ
1157 2712 1388 2781 ταύτην,
1417 2715 1535 2768 ἀλλ’
1574 2717 1695 2787 οὐχὶ
1721 2718 1820 2789 τὴν
1862 2722 1981 2789 μετ’

401 2800 591 2866 αὐτὴν,
629 2802 749 2852 καύ*
781 2800 850 2869 ἡν
879 2803 942 2855 τὸ
972 2805 1115 2872 μέγα
1161 2803 1320 2858 τοῦτο
1358 2809 1523 2870 κύτος
1557 2809 1855 2881 ὲστερέωσε
1885 2814 1976 2866 καὶ

400 2891 728 2959 περιέτεινε,
778 2893 872 2948 τὸν
915 2903 1045 2963 περὶ
1093 2895 1240 2964 ἡμᾶς
1285 2897 1505 2968 πρῶτον
1535 2901 1762 2970 οὐρανὸν
1810 2903 1977 2974 λέγω,

399 2985 536 3052 πρὸς
555 2984 610 3039 δὲ
639 2986 732 3040 τὸν
755 2986 972 3055 πρῶτον
993 2987 1203 3041 ἐκεῖνον
1233 2989 1520 3060 δεύτερονς
1571 2993 1695 3058 Πῶς
1719 2995 1841 3066 οὐχὶ
1879 2998 1978 3065 τὴν

401 3076 520 3144 μετ’
543 3076 713 3148 αὐτὴν
749 3077 909 3130 πάλιν
934 3078 965 3147 ἡ
999 3078 1096 3142 τάς
1124 3079 1320 3149 ἑφεξῆς
1351 3082 1475 3135 καθ’
1497 3083 1562 3146 ἃς
1587 3085 1621 3155 ἡ
1652 3103 1709 3139 τε
1739 3089 1809 3158 γῆ
1847 3106 1974 3142 συν-

2101 1904 2238 1957 dixit
2275 1921 2512 1974 eumque
2542 1908 2934 1966 sanetilieavit.
2976 1924 3082 1963 non
3120 1923 3300 1964 autem
3356 1913 3525 1975 magis
3560 1914 3668 1974 pri-

2099 2011 2244 2049 mum
2287 2007 2472 2065 utpote
2501 1998 2832 2068 superiorem
2873 2001 3068 2070 inquo
3107 2000 3248 2055 Deus
3273 2019 3301 2050 ιι
3326 2004 3494 2054 nihilo
3542 2005 3638 2053 edn

2096 2087 2174 2140 xit
2208 2087 2545 2152 universum,
2586 2102 2638 2143 ct
2671 2108 2804 2145 nuva
2839 2093 2958 2146 luce
2993 2094 3339 2158 illuminavit,
3373 2095 3496 2148 licet
3525 2113 3650 2146 non

2094 2179 2220 2231 dum
2252 2181 2660 2236 convenientem
2702 2185 3027 2237 instituisset
3072 2185 3393 2237 munditiam
3429 2185 3481 2237 in
3517 2189 3665 2238 ordi-

2095 2285 2215 2322 nem
2253 2281 2304 2324 ct
2344 2271 2570 2338 figuram
2603 2275 2821 2341 singula
2867 2275 3182 2328 adducens?
3225 2277 3438 2340 Quare,
3473 2278 3515 2330 si
3561 2294 3663 2328 non

2093 2361 2291 2428 istum,
2323 2364 2513 2417 saltem
2546 2365 2844 2419 seettndum
2882 2367 2933 2419 in
2968 2382 3076 2436 quo
3119 2383 3370 2432 magnum
3408 2369 3534 2421 illud
3570 2385 3664 2420 ca-

2092 2469 2217 2507 vmn
2255 2456 2398 2509 circa
2454 2473 2553 2512 nos
2602 2457 2835 2511 firmavit
2863 2467 2916 2512 et
2967 2461 3209 2513 extendit
3233 2499 3245 2519 .
3279 2462 3472 2512 cadum
3496 2503 3508 2514 .
3544 2462 3664 2514 dico

2090 2544 2348 2612 primum,
2397 2555 2450 2599 et
2489 2555 2610 2615 post
2659 2548 2805 2601 istud
2857 2550 3091 2618 primum
3147 2550 3274 2602 illud
3327 2551 3666 2606 secnmlum?

2088 2637 2268 2702 Quare
2319 2655 2508 2693 rursus
2549 2657 2652 2693 nou
2691 2653 3008 2710 sequentem
3053 2644 3132 2696 vel
3171 2643 3527 2699 succedentes
3567 2659 3663 2711 per

2087 2745 2224 2796 quas
2259 2731 2406 2785 stetit
2438 2744 2600 2798 terra,
2642 2736 3017 2791 secedentibus
3045 2737 3220 2805 aquis,
3259 2736 3471 2806 sibique
3505 2747 3664 2792 natu-

2087 2821 2276 2881 ralem,
2307 2837 2521 2876 omnem
2548 2834 2798 2878 ornatum
2821 2825 3047 2894 accepit.
3070 2835 3124 2879 et
3151 2826 3348 2880 caelum
3386 2837 3528 2882 astra
3551 2832 3660 2882 duo

2088 2928 2278 2982 magna
2310 2915 2466 2982 quasi
2499 2914 2688 2968 oculos
2719 2917 2970 2968 sortitum
3006 2915 3128 2980 fuit,
3163 2930 3373 2970 necnon
3404 2932 3465 2970 ex
3502 2919 3659 2981 aquis

2086 2992 2322 3058 volatilia
2365 3016 2417 3057 et
2451 3006 2625 3073 pisces
2673 3021 2784 3060 uno
2823 3006 2981 3077 jussu
3031 3017 3147 3061 orta
3190 3016 3316 3061 sunt
3357 3009 3655 3062 secundum

2083 3094 2293 3161 species
2321 3096 2493 3150 suas?

395 3173 547 3241 έστη,
593 3173 701 3227 τῖν
750 3173 959 3226 ὑδάτων
995 3174 1494 3246 ὑποχωρησάντων,
1530 3183 1622 3234 καὶ
1665 3183 1756 3236 τὸν
1789 3186 1953 3257 ἑαυτῇ
1997 3188 2279 3262 σύμφυτον
2313 3193 2494 3246 πάντα
2543 3194 2747 3256 κόσμον
2795 3191 3112 3260 ἀπειλήφει,
3175 3193 3270 3244 καὶ
3335 3193 3363 3244 6
3429 3193 3655 3260 οὑραν¹.ς

395 3271 519 3330 τοις
577 3269 668 3322 δύο
723 3269 1015 3338 μεγάλους,
1051 3264 1141 3323 οἶά
1171 3288 1325 3335 τινας
1376 3275 1688 3346 όφθαλμοῦς
1741 3282 1964 3348 ἐδέξατο
2001 3287 2320 3357 φωστῆρας,
2374 3291 2465 3342 καὶ
2494 3291 2555 3341 ὲκ
2587 3289 2694 3340 τῶν
2723 3288 2930 3341 ὑδάτων
2958 3291 3024 3340 τά
3060 3287 3280 3341 πετεινά
3307 3289 3401 3341 καὶ
3463 3289 3530 3340 τά
3563 3305 3658 3354 νη·

396 3364 500 3414 κτὰ
529 3361 616 3414 διά
648 3359 1071 3429 προστάγματος
1104 3361 1314 3432 ὑπέστη
1351 3367 1495 3418 κατά
1519 3367 1711 3434 γένοςς

466 3455 581 3508 Ἷνα
613 3454 676 3523 δὴ
714 3455 808 3507 καὶ
853 3453 1055 3519 ταύτας
1087 3459 1505 3527 παραλίπωμεν,
1537 3462 1625 3515 διὰ
1656 3461 1707 3515 τί
1761 3463 1836 3535 μὴ
1864 3466 1965 3536 τὴν
1994 3475 2038 3537 c
2142 3470 2220 3526 Se:

1899 3466 1965 3536 ὴν
1994 3475 2038 3537 c
2142 3470 2246 3526 Sed
2287 3483 2340 3524 ut
2384 3471 2518 3525 istos
2548 3479 2937 3539 praetereamus
2976 3468 3115 3531 dies,
3146 3483 3316 3538 quare
3349 3484 3459 3524 non
3492 3481 3647 3524 sexto

392 3548 561 3615 ἕκτην
602 3548 802 3615 μᾶλλον
833 3549 860 3601 6
908 3548 1038 3610 Θεὸς
1089 3549 1375 3619 εὑλόγησε,
1426 3553 1546 3606 καθ’
1588 3555 1653 3626 ἡν
1697 3558 1756 3609 οὒ
1788 3558 1968 3630 ψυχὴν

398 3642 560 3711 μόνον
587 3641 769 3704 ζῶσαν
816 3641 1064 3709 ἑρπετῶν
1096 3643 1189 3694 καὶ
1217 3645 1561 3711 τετραπόδων
1591 3646 1856 3710 ἐξέτεινεν
1901 3654 1965 3704 ὲκ

396 3733 523 3800 τῆς.
569 3731 701 3785 ἀλλά
750 3732 845 3785 καὶ
881 3730 1078 3800 βουλῆς
1129 3732 1279 3797 ἀξιον
1327 3733 1607 3799 ὑπέδειξεν
1645 3739 1852 3802 οἰκείας
1880 3741 1967 3811 ἐρ-

392 3840 511 3890 γον,
565 3822 1196 3893 συγκεφαλαίωσάμενος
1234 3825 1293 3876 τὸ
1324 3827 1452 3890 πᾶν,
1488 3829 1737 3898 αἴσθησίν
1765 3848 1824 3884 τε
1873 3835 1965 3886 καὶ

392 3914 516 3968 νοῦν
557 3913 902 3982 συναγαγὼν,
944 3914 1002 3968 ἒν
1053 3916 1148 3968 καὶ
1189 3918 1248 3970 τὸ
1289 3918 1565 3986 μέγιστον,
1597 3922 1678 3974 ὅτι
1707 3925 1799 3977 καὶ
1831 3927 1960 3978 ἐαυ-

391 4005 484 4059 τὸν
532 4005 618 4058 διὰ
651 4005 748 4074 τῆς
780 4004 930 4066 θείας
962 4005 1184 4076 χᾶριτος
1237 4008 1432 4070 ἐνθεὶς,
1487 4012 1582 4062 καὶ
1612 4012 1730 4064 κατ’
1777 4015 1962 4068 εἰκόνα

391 4098 485 4149 καὶ
529 4097 787 4165 ὁμοίωσιν
829 4098 1056 4161 οίκείαν,
1107 4102 1406 4166 γνωστικὸν
1436 4103 1628 4156 ἑαυτοῦ
1671 4105 1815 4170 ζῶον
1867 4111 1959 4161 ἐπὶ

389 4189 496 4257 γῆς
544 4189 829 4254 ἀναδείξας
855 4191 949 4243 τὸν
999 4191 1320 4260 ἀνθρωπον;
1351 4195 1476 4258 Πῶς
1523 4197 1617 4250 οὖν
1663 4199 1724 4251 οὐ
1757 4200 1962 4270 ταύτην

389 4281 649 4348 εὐλόγησε
677 4284 772 4333 καὶ
822 4281 1073 4350 ἡγίασεν,
1124 4284 1266 4336 ἀλλά
1316 4287 1418 4354 τὴν
1461 4287 1698 4359 ἑϐδόμην
1747 4293 1960 4362 ἡμέραν

386 4373 659 4442 ἀπραξίας
692 4372 861 4426 οὖσαν
891 4374 1107 4445 ἡμέραν
1136 4391 1150 4440 ;
1183 4376 1501 4448 Βουλομένῳ
1527 4383 1587 4449 δὴ
1621 4399 1712 4449 μοι
1739 4385 1829 4434 τὸν
1869 4384 1960 4436 λό-

388 4481 484 4530 γον
528 4463 841 4524 ἀποδοῦναι,
878 4467 974 4517 καὶ
1021 4467 1122 4534 τὴν
1168 4467 1322 4522 λύσιν
1372 4471 1471 4539 τῆς
1510 4473 1744 4541 ἀπορίας
1784 4491 1962 4545 παρα-

390 4558 563 4624 σχεῖν.
593 4557 897 4624 ἀναγκαῖον
927 4557 1163 4626 μάλιστα
1214 4560 1300 4613 διὰ
1336 4564 1460 4624 τοὺς
1492 4563 1957 4638 ἐλλογιμωτῳους

387 4644 497 4697 τῶν
552 4645 984 4715 συνειλεγμένων
1039 4647 1318 4717 ἐξελέγξαι
1375 4653 1642 4723 πρότερον
1696 4659 1822 4720 τοὺς
1879 4657 1954 4727 μὴ

386 4736 569 4798 καλῶς
615 4736 931 4799 ἀποδόντας.
969 4737 1090 4790 Εἰσὶ
1119 4739 1226 4808 γὰρ
1266 4740 1313 4793 οἳ
1365 4744 1455 4795 τὸν
1497 4744 1730 4814 ἀριθμὸν
1763 4763 1957 4814 σεμνο-

2072 3562 2250 3630 putins
2297 3561 2572 3613 benedixit
2611 3560 2750 3613 Deus
2801 3560 2998 3628 inquo
3052 3575 3156 3612 non
3204 3560 3380 3614 solum
3413 3562 3651 3615 animam

2072 3651 2341 3702 viventem
2373 3649 2641 3717 reptiliutn
2671 3658 2728 3702 et
2745 3649 3151 3719 quadrupedum
3182 3663 3212 3703 e
3244 3656 3390 3702 terra
3439 3650 3651 3710 eduxit,

2068 3743 2162 3794 sed
2195 3742 2355 3794 etiam
2394 3741 2477 3794 sui
2512 3741 2735 3809 dignum
2771 3741 2990 3794 consilii
3030 3755 3168 3809 opus
3202 3741 3428 3809 protulit
3460 3742 3512 3793 in
3543 3758 3652 3807 (μιο

2069 3833 2397 3901 colliguntur
2429 3833 2630 3896 omnia,
2657 3846 2877 3886 sensum
2902 3843 2954 3886 et
2986 3842 3219 3885 mentem
3250 3833 3300 3885 in
3333 3847 3392 3886 se
3420 3847 3647 3901 congre-

2069 3939 2228 3991 gans,
2261 3940 2426 3976 unum
2449 3933 2503 3976 et
2528 3925 2820 3976 rnaximum
2853 3925 2978 3992 quia
3013 3924 3063 3977 in
3097 3938 3162 3976 eo
3182 3925 3336 3982 Deus
3367 3939 3461 3991 per
3491 3939 3644 3978 suam

2069 4015 2296 4081 gratiam
2324 4013 2673 4082 semetipsum
2731 4014 2946 4076 indidit,
2973 4021 3038 4066 ad
3062 4013 3300 4068 divinam
3338 4015 3649 4068 similitudi-

2071 4119 2194 4158 nem
2237 4106 2462 4164 faclutn.
2495 4106 2672 4159 solum
2705 4121 2733 4157 a
2763 4121 2876 4174 quo
2911 4117 3325 4173 cognosceretur
3354 4108 3554 4160 animai
3591 4107 3644 4159 in

2067 4205 2209 4250 terra
2258 4198 2502 4250 exhibuit
2544 4196 2817 4251 hominem
2845 4198 2867 4249 ἲ
2895 4196 3074 4262 Quare
3125 4199 3288 4269 igitur
3338 4199 3505 4252 istum
3541 4214 3643 4252 non

2068 4289 2426 4344 sanctilicavit
2458 4290 2620 4356 eique
2657 4289 2951 4348 henedixit.
2990 4290 3081 4342 sed
3129 4289 3418 4358 septimum
3454 4292 3505 4342 in
3536 4306 3646 4359 quo

2066 4379 2133 4430 ab
2183 4393 2343 4446 opere
2396 4377 2706 4446 requievit?
2765 4376 2895 4431 ΜιΙιί
2951 4380 3218 4434 rationum
3273 4379 3499 4433 reddere
3594 4391 3647 4434 et

2065 4468 2441 4523 diﬂicultatem
2474 4470 2687 4522 solvere
2718 4469 2939 4523 conanti
2991 4465 3359 4523 necessarium
3395 4482 3478 4526 est
3511 4487 3647 4540 prte-

2063 4561 2246 4613 sertitn
2287 4570 2506 4630 propter
2544 4561 2824 4628 dtictiores,‘
2852 4576 2916 4613 ex
2948 4561 3326 4615 assistentibus
3385 4563 3534 4629 prius
3554 4579 3644 4615 so-

2066 4653 2305 4706 lutiones
2348 4669 2454 4706 non
2492 4654 2688 4720 prohas
2733 4653 2947 4707 ailcrre.
2985 4652 3125 4706 Sunt
3162 4654 3307 4706 enim
3351 4655 3444 4722 qui
3497 4657 3640 4708 hunc

2066 4760 2352 4798 numerum
2390 4746 2759 4798 venerandum
2790 4753 2982 4813 putant
3011 4743 3280 4812 Josephus
3322 4754 3374 4798 et
3414 4745 3566 4798 Philo
3589 4759 3643 4801 et

385 4826 605 4892 λιι-[οὖσι
628 4827 820 4879 τοῦτον
861 4827 1123 4897 Ἰώσηπος
1171 4832 1263 4883 καὶ
1311 4832 1505 4898 Φίλων,
1557 4834 1650 4886 καὶ
1681 4835 1793 4887 ὅσοι
1841 4829 1962 4888 κατ’
1996 4837 2040 4894 D
2069 4850 2135 4902 qu

1885 4837 1962 4887 ατ⁹
1996 4837 2040 4894 D
2069 4842 2329 4902 quotquot
2358 4835 2654 4888 secundum
2683 4849 2779 4889 eos
2802 4835 2950 4887 illum
2985 4849 3091 4887 non
3115 4834 3352 4902 genitum
3387 4836 3639 4891 dixerunt

386 4919 584 4980 αὐτοὺς
611 4921 908 4988 ἀγέννητόν
940 4937 995 4972 τε
1029 4916 1167 4974 εἶναι
1200 4922 1470 4990 λέγοντες,
1515 4925 1653 4978 ἀλλά
1685 4928 1778 4979 καὶ
1817 4944 1960 4997 παρ-

385 5015 538 5067 οένον
567 5015 640 5077 ὡς
672 5014 745 5083 μὴ
770 5015 1064 5082 γεννῶντα,
1091 5016 1272 5069 ὁποῖόν
1305 5021 1418 5071 ἐστι
1446 5023 1537 5072 καὶ
1560 5023 1621 5072 τὸ
1638 5004 1806 5074 -Θεῖον
1837 5023 1958 5074 κατ’

384 5106 583 5167 αὐτούς
608 5120 621 5132 ’
659 5106 719 5158 οὐ
763 5107 873 5174 γάρ
910 5106 1247 5178 ἐδυνήθησαν
1294 5111 1548 5175 συνιδεῖν,
1579 5112 1651 5173 ὡς
1693 5113 1788 5166 καὶ
1836 5129 1957 5178 γεν-

383 5197 494 5249 νῶν
522 5199 548 5248 6
579 5197 715 5256 Θεὸς
763 5197 860 5262 τὴν
890 5199 1188 5266 παρθενίαν
1232 5201 1331 5252 οὐκ
1384 5203 1742 5255 ἀποτίθεται·
1789 5208 1955 5276 γεν·,ᾷ

385 5291 494 5358 γάρ
537 5288 938 5353 ἀσυνδυάστως,
998 5290 1319 5360 ἀρῤεύστως
1357 5294 1450 5345 καὶ
1501 5295 1749 5357 ἀπαθῶς.
1786 5297 1848 5348 Οί
1898 5296 1955 5349 δὲ

381 5382 470 5435 διὰ
500 5380 659 5432 τοῦτο
691 5381 787 5432 καὶ
813 5381 912 5450 τὴν
962 5381 1200 5451 ἑϐδόμην
1235 5385 1402 5452 μόνην
1429 5385 1537 5436 τῶν
1589 5387 1809 5456 ἡμερῶν
1853 5389 1954 5456 τῆς

382 5473 534 5536 Θείας
573 5471 824 5540 εὐλογίας
870 5474 1144 5543 ἐπιτυχεῖν
1189 5471 1568 5539 διατείνονται,
1615 5480 1951 5548 καταψευδό-

384 5581 537 5634 μενοι
575 5564 649 5632 μὴ
680 5562 774 5615 τοῦ
806 5563 941 5616 θεοῦ
976 5566 1136 5634 μόνον
1175 5567 1496 5631 ἀθετοῦντες
1524 5569 1689 5622 αὑτοῦ
1717 5571 1774 5623 τὸ
1802 5574 1949 5637 γόνι-

387 5673 511 5725 μον,
543 5655 676 5708 ἀλλὰ
705 5656 799 5708 καὶ
846 5655 946 5725 τῆς
977 5657 1214 5728 ἑϐδόμης
1270 5659 1440 5729 αὐτῆς
1465 5674 1480 5690 ·
1511 5662 1617 5724 πᾶς
1651 5662 1760 5731 γάρ
1791 5663 1946 5734 ἀριθ-

460 5839 496 5868 "
531 5839 667 5894 Gen.
708 5859 762 5905 rt,
802 5845 852 5894 3.

2062 4933 2116 4978 et
2151 4927 2411 4994 virginem
2435 4925 2560 4993 quia
2605 4941 2711 4980 non
2743 4935 2996 4994 generat,
3027 4927 3201 4994 {quale
3232 4935 3316 4979 est
3366 4928 3502 4993 apml
3545 4945 3640 4984 eos

2059 5013 2305 5080 Numen;
2345 5032 2465 5069 nam
2509 5019 2795 5086 concipere
2841 5032 2948 5071 non
2985 5026 3234 5085 poterant
3267 5016 3432 5070 Deum
3473 5035 3636 5083 gene-

2063 5117 2267 5159 rantem
2302 5121 2644 5175 nequaquam
2689 5107 2938 5161 amittere
2971 5107 3334 5176 virginitatem
3368 5112 3493 5178 quis
3519 5112 3638 5164 sinu

2059 5198 2228 5262 coitu,
2263 5199 2379 5251 sine
2411 5200 2636 5261 semine,
2663 5199 2778 5253 sine
2807 5199 2997 5252 dolore
3029 5209 3267 5264 generat.
3301 5200 3367 5252 At
3392 5216 3637 5256 assuen-

2064 5298 2142 5342 tes
2183 5291 2355 5344 solum
2401 5306 2464 5342 ex
2512 5290 2707 5344 diebus
2741 5290 3029 5354 septimum
3078 5299 3359 5359 prapterea
3395 5292 3630 5346 divinam

2061 5384 2359 5436 obtinuisse
2412 5383 2866 5445 benedictionem,
2894 5385 3122 5450 turpiter
3154 5383 3492 5436 mentiuntur
3526 5399 3632 5437 non

2058 5477 2232 5528 solum
2278 5475 2368 5528 Dei
2412 5475 2504 5529 sed
2537 5485 2590 5529 et
2633 5474 2803 5543 ipsius
2837 5474 3057 5544 septimi
3099 5475 3309 5526 numeri
3358 5477 3631 5528 notionem

2055 5566 2396 5623 destruentcs
2430 5582 2445 5620 :
2475 5568 2654 5620 omnis
2680 5569 2823 5621 enim
2853 5580 3112 5620 numerus
3146 5566 3213 5620 ah
3239 5565 3443 5619 unitate
3474 5582 3628 5630 gene-

2054 5670 2226 5727 ratur,
2260 5676 2420 5731 porro
2452 5673 2706 5732 srptcnus
2739 5671 2822 5718 est
2847 5675 3125 5725 nutnerus,
3159 5675 3287 5730 ergo
3320 5671 3622 5730 generatur.
