4442 6448
389 393 495 456 22S

1729 384 1889 446 ΠΟΜ
1903 383 2010 444 ILI
2023 383 2063 442 Λ
2131 384 2222 443 XV
2235 383 2312 444 Il.

3521 384 3626 449 226

378 507 592 568 κτίσας.
620 503 648 559 ὃ
673 522 758 568 τις
782 504 849 562 ἂν
871 505 963 560 τοῦ
996 506 1233 578 ἀριθμοῦ
1265 508 1429 576 μέρος
1453 504 1743 560 ἀπολαϐὼν
1773 503 1956 568 ἐξετα-
1986 511 2026 566 Α
2061 517 2130 571 qu

1873 523 1956 558 τα-
1986 511 2026 566 Α
2061 516 2186 571 que,
2220 509 2435 570 sumpta
2469 501 2677 554 numeri
2702 509 2875 570 parte,
2905 515 3023 554 eam
3051 512 3301 556 accurate
3329 517 3627 572 conspexe-

382 599 584 661 πικώς
630 599 871 662 κατίδοι,
930 599 1095 654 καλὸν
1155 600 1382 670 εὑρήσει
1435 599 1528 651 καὶ
1581 597 1745 650 καλὸν
1799 595 1950 658 λίαν,

379 694 560 764 ἑαυτῷ
607 711 664 746 τε
697 696 792 746 καὶ
820 696 932 757 τοῖς
963 694 1146 756 ἄλλοις
1201 694 1381 761 λόγοις
1421 689 1713 758 ἀναλογίας
1741 687 1952 758 ἐμπρέ-

379 801 481 836 πον
534 783 873 852 Θαυμασίως.
931 785 1005 837 Οὐ
1044 783 1150 852 μὴν
1203 783 1293 838 διὰ
1340 785 1431 837 τὸν
1486 782 1718 852 ἀριθμὸν
1768 780 1954 838 ἅπλῶς

381 874 543 940 ἑτέρα
572 873 672 943 τῆς
709 874 900 944 ἑτέρας
931 871 1240 944 διενήνοχεν
1277 874 1527 944 ἡμέραςο
1563 871 1651 925 ἐπ’
1695 871 1956 940 οὐδεμιᾶς

383 969 490 1035 γὰρ
515 966 543 1018 6
572 966 815 1034 Μωῦσῆς
838 967 1130 1035 ἐπαινέτην
1156 965 1393 1036 ἀριθμοῦ
1420 966 1689 1034 γεγονότα
1712 964 1804 1016 τὸν
1826 963 1958 1014 Θεὸν

386 1055 694 1124 ἱστόρησεν,
749 1054 888 1109 ἀλλὰ
937 1057 1006 1108 τὰ
1053 1055 1173 1109 καθ’
1205 1055 1444 1126 ἑκάστην
1477 1054 1570 1108 ὑπ’
1603 1053 1771 1106 αὑτοῦ
1824 1070 1930 1122 προ

386 1147 599 1216 ηγμένα
637 1147 706 1201 δι⁹
759 1150 988 1201 ἐπαίνου
1047 1148 1329 1202 τίθεσθαι·
1392 1147 1684 1220 τοιγαροῦν
1738 1146 1859 1199 οὐδὲ
1920 1148 1950 1212 ἡ

388 1240 591 1310 ἑϐδόμη
647 1241 755 1293 τῶν
810 1241 1038 1310 ἡμερῶν
1083 1241 1170 1294 διὰ
1223 1242 1314 1294 τὸν
1357 1241 1592 1312 ἀριθμὸν
1648 1240 1958 1292 ἑπαινετέα.

387 1331 636 1401 Λέγομεν
693 1334 872 1385 τοίνυν
920 1336 1080 1401 ἡμεῖς
1117 1335 1264 1397 τίνος
1317 1334 1506 1386 ἕνεκεν
1546 1332 1574 1383 6
1602 1331 1734 1393 Θεὸς
1792 1330 1960 1397 αὐτὴν

386 1421 751 1493 διαφερόντως
781 1423 1044 1494 εὐλόγησέ
1067 1442 1126 1477 τε
1153 1426 1248 1477 καὶ
1279 1424 1527 1495 ἡγίασεν,
1557 1423 1616 1487 ἐξ
1645 1423 1824 1475 αὐτῶν
1854 1421 1962 1473 τῶν

388 1513 484 1566 τοῦ
530 1515 773 1578 Μωσέως
818 1514 991 1582 λόγων
1041 1515 1294 1578 λαϐόντες
1343 1515 1442 1578 τὰς
1485 1516 1681 1585 ἀρχάς.
1724 1532 1742 1565 ι
1791 1513 1962 1566 Κατέ-

2059 594 2148 656 ril,
2181 594 2460 661 pulchram
2501 593 2738 646 inveniet
2763 595 3032 659 nimisque
3063 594 3342 660 pulchram
3369 597 3631 651 sibimet-

2058 684 2160 754 ipsi
2216 685 2444 752 aliisque
2470 685 3071 752 respectibusanalogia
3099 687 3232 738 mire
3259 699 3623 754 pra-Stantem.

2057 771 2248 829 Nullus
2279 790 2411 828 sane
2433 775 2549 828 dies
2581 773 2732 828 alteri
2761 789 2856 842 per
2884 791 3168 828 numerum
3201 791 3423 841 prorsus
3453 780 3602 830 excel

2060 868 2154 932 lit;
2183 867 2385 922 nullius
2436 867 2582 920 enim
2605 883 2889 921 numerum
2937 867 3146 935 Moyses
3183 867 3348 920 Deum
3382 868 3631 923 laudasse

2059 970 2302 1019 enarrat.
2335 975 2522 1012 verum
2556 974 2723 1026 opera
2763 957 3103 1027 singulorum
3148 963 3215 1012 ab
3249 960 3366 1028 ipso
3405 977 3602 1013 enuiiie

2060 1062 2176 1105 rata
2211 1051 2483 1120 praeconio
2512 1061 2702 1103 ornata
2730 1049 2932 1114 fuisse;
2960 1053 3194 1104 ideonec
3224 1053 3494 1119 septimus
3518 1054 3630 1105 dics

2063 1154 2281 1212 propter
2328 1157 2610 1196 numerum
2666 1141 2869 1210 dignus
2929 1153 3007 1196 est
3059 1142 3332 1196 laudibus.
3391 1142 3635 1197 Dicimus

2061 1252 2190 1303 ergo
2235 1252 2332 1291 nos
2373 1235 2529 1304 cujus
2567 1238 2739 1304 gratia
2774 1237 2912 1290 Deus
2952 1236 2999 1288 ei
3049 1235 3250 1289 eximie
3277 1235 3549 1289 benedixit
3582 1249 3636 1290 et

2065 1328 2214 1382 illum
2244 1328 2623 1393 sanelilieavit,
2654 1338 2877 1396 accepto
2902 1331 2968 1381 ab
3001 1329 3132 1398 ipsis
3179 1327 3378 1399 Moysis
3410 1328 3636 1382 vocibus

2067 1421 2259 1484 initio;
2297 1422 2371 1475 ait
2401 1423 2546 1475 enim
2579 1438 2592 1474 :
2623 1437 2643 1471 ε
2681 1419 2964 1486 Requievit
2998 1420 3138 1474 Deus
3167 1421 3257 1483 die
3292 1420 3527 1490 septimo
3569 1422 3638 1474 ab

2067 1512 2323 1566 omnibus
2354 1513 2610 1581 operibus
2641 1527 2760 1582 qua:
2792 1511 3014 1568 fecerat.
3049 1530 3067 1562 ι
3104 1509 3296 1567 Postea
3331 1511 3593 1578 adjiciens
3619 1529 3635 1561 τ

390 1620 568 1657 παυσε
603 1604 732 1674 γὰρ,
767 1607 956 1674 φησίν,
988 1607 1016 1661 6
1045 1605 1179 1667 Θεὸς
1206 1607 1271 1676 τῇ
1305 1605 1488 1675 ἡμέρᾳ
1514 1609 1579 1675 τῇ
1615 1604 1819 1674 ἐϐδόμῃ
1858 1604 1963 1655 ἀπὸ
2072 1624 2089 1657 ι
2139 1610 2144 1658 l

1885 1604 1963 1654 ιπὸ
2072 1624 2089 1657 ε
2139 1609 2204 1658 Et
2249 1604 2525 1659 benedixit
2564 1604 2703 1658 Dens
2749 1604 2855 1658 diei
2902 1606 3134 1672 septimo
3182 1615 3235 1657 et
3279 1605 3639 1658 sanctilii-avit

389 1697 610 1749 πάντων
639 1697 747 1749 τῶν
786 1697 965 1766 ῐργων
986 1696 1150 1751 αὑτοῦ
1180 1692 1253 1752 ὦν
1281 1698 1558 1766 εποίησεν.
1590 1714 1608 1747 ι
1642 1692 1772 1750 Εἶτα
1801 1711 1964 1766 προσ-ι
2065 1709 2143 1747 θυι

1884 1711 1964 1748 as—
2065 1709 2234 1756 eum;
2275 1710 2294 1742 ι
2344 1703 2398 1745 et
2431 1693 2611 1746 statim
2643 1707 2866 1747 causam
2907 1694 3054 1747 addit
3093 1694 3489 1750 benedictionis
3517 1711 3638 1746 rur-

394 1789 532 1849 θεὶς,
566 1788 682 1841 δτιο
723 1807 742 1840 ι
778 1790 887 1842 Καὶ
918 1789 1218 1858 εὐλόγησεν
1250 1792 1276 1842 6
1309 1791 1441 1852 Θεὸς
1485 1788 1587 1856 τὴν
1621 1789 1836 1858 ἡμέραν
1867 1787 1966 1857 τὴν
2068 1800 2148 1838 su:

1883 1787 1966 1857 ιὴν
2068 1800 2163 1838 sus
2186 1783 2326 1837 idem
2350 1783 2540 1838 dicens
2571 1801 2586 1837 :
2618 1801 2636 1834 ι
2671 1783 2938 1849 Quoniam
2974 1784 3237 1852 requievit
3265 1783 3404 1839 Deus
3433 1785 3500 1838 ab
3521 1801 3637 1839 om-

397 1882 654 1951 ἑΰδόμην,
686 1883 782 1934 καὶ
815 1882 1045 1951 ἡγίασεν
1081 1883 1288 1953 αὐτὴνο
1330 1901 1346 1932 i
1385 1883 1480 1933 καὶ
1513 1881 1613 1950 τὴν
1657 1880 1840 1933 αἰτίαν
1872 1881 1965 1932 εὑ-
1996 1877 2040 1934 Β
2071 1874 2151 1928 nil

1887 1881 1965 1932 εὺ-
1996 1877 2040 1934 Β
2071 1874 2233 1928 nibus
2263 1875 2522 1940 operibus
2556 1889 2676 1942 quae
2701 1872 2876 1928 facere
2911 1875 3209 1942 inceperat.
3251 1893 3269 1924 ι
3317 1874 3481 1945 Igitur
3513 1885 3641 1928 sunt

399 1975 491 2037 Θὺς
530 1974 852 2043 προστίθησι
884 1973 980 2043 τῆς
1005 1974 1260 2041 εὐλογίας
1297 1973 1428 2026 αὐτὸ
1456 1972 1615 2026 τοῦτο
1657 1971 1831 2039 λέγων
1860 1970 1962 2023 πά-
2066 1981 2153 2039 opt

1885 1970 1962 2022 τά-
2066 1981 2228 2039 opera
2287 1965 2379 2018 Dei
2426 1979 2546 2035 qua:
2587 1968 2826 2019 nondum
2878 1967 3197 2033 inceperat,
3255 1978 3308 2020 et
3359 1983 3389 2021 a
3439 1967 3639 2036 quibus

396 2064 519 2116 ὶινο
569 2082 589 2116 ε
640 2065 761 2116 Ὅτι
807 2064 1208 2117 κατέπαυσενό
1245 2064 1374 2126 Θεὸς
1419 2063 1527 2116 ἀπὸ
1585 2064 1802 2116 πάντων
1859 2061 1965 2114 τῶν
2069 2073 2150 2112 tto:

1891 2061 1965 2114 ὦν
2069 2073 2179 2112 tton
2233 2057 2476 2126 quievit;
2515 2076 2533 2108 ι
2571 2059 2714 2125 quod
2742 2057 3005 2113 Dominus
3040 2063 3152 2126 ipse
3196 2060 3351 2113 nobis
3386 2061 3645 2113 rerelavit

396 2155 576 2223 εργων
618 2155 783 2208 αὑτοῦ
832 2148 908 2208 ὦν
933 2153 1140 2225 ἡρξατο
1190 2156 1435 2223 ποιῆσαι.
1499 2173 1518 2205 ε
1559 2151 1772 2207 Οὐκοῦν
1821 2154 1968 2206 ἐστιν
2075 2149 2150 2204 dit

1892 2170 1968 2204 τιν
2075 2149 2264 2204 dicens
2304 2166 2318 2201 :
2358 2166 2375 2198 ι
2419 2145 2581 2203 Pater
2609 2163 2765 2205 meus
2799 2153 3128 2219 usquemodo
3154 2161 3411 2220 operatur
3444 2160 3498 2205 et
3543 2166 3646 2221 ego

398 2249 538 2317 ἔργα
569 2245 664 2299 τοῦ
699 2245 832 2298 Θεοῦ
874 2247 1017 2316 ᾰπερ
1067 2245 1190 2300 οὔτε
1225 2246 1429 2317 ἤρξατο
1463 2247 1654 2310 ποιεῖν,
1687 2244 1810 2297 οὔτε
1837 2261 1971 2298 κατ-

2078 2257 2274 2312 operor
2308 2243 2396 2295 ⁵⁸⁸.
2436 2261 2455 2294 ε

399 2347 604 2398 ἔπαυσε
667 2342 858 2396 ποιιῖινο
919 2341 996 2406 ὼς
1037 2344 1131 2396 καὶ⁵
1181 2343 1342 2404 αὑτὸς
1403 2344 1432 2394 6
1479 2342 1681 2412 Κύριος
1715 2340 2070 2409 ἀπεκάλυψεν
2096 2342 2226 2410 ἡμῖν
2282 2341 2493 2410 λέγων’
2534 2361 2551 2394 ι
2598 2343 2657 2395 '0
2725 2343 2914 2414 Πατήρ
2961 2360 3059 2411 μου
3126 2343 3232 2406 ἕως
3276 2342 3402 2413 ἄρτι
3475 2343 3639 2412 ἐργά-

396 2438 571 2502 ζεται.
610 2437 763 2503 κάγὼ
793 2438 1122 2505 ἐργάζομαι.
1171 2454 1190 2488 ε

467 2531 651 2588 Θέλων
680 2529 775 2587 οὖν
822 2535 851 2586 6
879 2533 1010 2596 Θεὸς
1046 2531 1158 2585 τῶν
1191 2530 1450 2586 τοιούτων
1479 2531 1657 2601 ἔργων
1704 2533 1836 2606 ἡμῖν
1868 2531 1966 2600 τὴν

399 2626 634 2695 δυνατὴν
676 2623 878 2692 γνῶσιν
917 2625 1239 2692 παρασχεῖν,
1265 2624 1358 2676 καὶ
1390 2622 1558 2676 ταῦτα
1597 2623 1762 2688 δεῖξαι
1799 2623 1968 2690 ζητη-

401 2717 499 2770 τέα
541 2714 742 2785 μᾶλλον
789 2715 880 2767 ὑπ’
939 2713 1193 2782 αἴσθησιν
1244 2713 1518 2774 ἁπάντων,
1580 2715 1679 2779 τὴν
1732 2713 1966 2781 ἑϐδόμην

402 2807 524 2860 καθ’
555 2811 622 2877 ἡν
662 2807 976 2860 κατέπαυσε
1013 2805 1081 2858 τὰ
1130 2804 1364 2866 αἰσθητὰ
1404 2805 1571 2858 ποιῶν
1613 2806 1873 2873 εὐλόγησέ
1908 2821 1967 2857 τε

401 2902 494 2951 καὶ
526 2899 774 2969 ἡγίασεν,
801 2897 876 2959 ὡς
921 2894 1177 2950 ὲπάνοδον
1204 2891 1314 2948 οἷον
1353 2892 1518 2950 οὖσαν
1558 2897 1643 2950 διὰ
1677 2896 1770 2964 τῆς
1800 2914 1962 2948 κατα-

403 2991 656 3050 παύσεως
687 2989 794 3043 ἀπὸ
842 2989 952 3042 τῶν
1000 2990 1170 3052 κάτω,
1203 2988 1340 3058 πρὸς
1395 2989 1579 3039 ἐκεῖνα
1625 2989 1691 3040 τὰ
1734 2988 1968 3055 κρείττω

403 3085 500 3137 καὶ
556 3082 925 3151 ὑπερκόσμια.
986 3082 1142 3134 Κατὰ
1172 3083 1276 3150 γὰρ
1324 3080 1416 3131 τὸν
1468 3080 1642 3148 μέγαν
1694 3082 1967 3132 Διονύσιον

404 3174 599 3232 εἰπεῖν.
639 3171 743 3236 ἔξω
790 3171 985 3224 ἑαυτοῦ
1017 3171 1226 3239 γίνεται
1259 3171 1328 3223 δι’
1360 3169 1663 3239 ὑπερϐολὴν
1695 3170 1967 3237 ἀγαοότη-

403 3281 493 3327 τος
514 3267 542 3317 6
569 3264 724 3326 Θεὸς,
757 3266 853 3317 καὶ
892 3267 957 3316 ὲκ
989 3262 1084 3315 τοῦ
1121 3263 1340 3316 πάντων
1374 3262 1712 3331 ἐξῃρημένου
1744 3263 1882 3331 πρὸς
1910 3263 1971 3313 τὸ

2145 2529 2327 2597 Itaque
2353 2544 2475 2581 cum
2506 2526 2644 2582 Deus
2675 2528 2868 2581 borum
2898 2544 3122 2595 operum
3153 2530 3404 2582 notitiam
3436 2530 3646 2585 viribus

2071 2623 2278 2675 nostris
2325 2621 2789 2674 arcommodatam
2842 2623 3000 2675 vellet
3049 2623 3321 2690 praebere,
3377 2623 3648 2692 simulque

2072 2713 2366 2767 oswudere
2400 2727 2461 2765 ea
2497 2712 2800 2766 studiosius
2833 2727 2994 2781 quam
3035 2717 3214 2768 omnia
3247 2731 3368 2783 quae
3396 2717 3644 2770 sentiunv

2075 2816 2162 2858 tur
2193 2819 2312 2857 esse
2342 2805 2657 2871 quierenda,
2695 2804 2838 2856 diem
2871 2821 2980 2874 quo
3015 2806 3083 2859 ab
3121 2807 3380 2874 operibus
3411 2811 3615 2860 sensibi
3642 2841 3646 2844 ~

2073 2895 2436 2963 libusquievit
2460 2895 2817 2949 sanctiﬁeavlt
2848 2897 3006 2964 eique
3040 2898 3334 2962 benedixit,
3367 2902 3523 2968 quasi
3549 2917 3644 2969 per

2075 2987 2232 3042 istam
2294 2987 2530 3054 quietem
2587 2987 2849 3040 indicaret
2881 3004 2980 3042 nos
3024 2988 3224 3042 debere
3257 3005 3286 3042 a
3315 2991 3545 3045 terrenis
3576 2993 3643 3044 ad

2077 3077 2299 3128 meliora
2327 3084 2380 3128 et
2408 3091 2568 3145 supra
2603 3087 2849 3130 naturain
2883 3093 3188 3147 assurgere.
3230 3078 3398 3144 Nam,
3452 3097 3647 3151 magno

2073 3167 2253 3234 judice
2293 3167 2568 3237 Dionysio,
2597 3170 2660 3220 ad
2701 3177 2852 3222 extra
2885 3171 3094 3223 excedit
3132 3170 3273 3226 Deus
3304 3183 3520 3241 pr0pter
3557 3175 3639 3226 iii-

2082 3262 2245 3313 minm
2286 3259 2577 3313 bonitatem
2611 3276 2788 3323 suam,
2814 3272 2866 3314 et
2901 3277 2995 3329 per
3032 3263 3338 3317 diﬂusivam
3381 3281 3494 3319 sua:
3541 3266 3640 3319 vir-

405 3354 460 3402 ἑν
496 3355 631 3404 πᾶσι
667 3354 991 3420 κατάγεται,
1025 3351 1144 3405 κατ’
1173 3352 1501 3419 ἐκστατικὴν
1533 3351 1858 3417 ὑπερούσιον
1884 3351 1973 3403 δύ·
2002 3347 2043 3403 C
2079 3362 2157 3403 tut

1890 3351 1973 3403 5-5-
2002 3347 2043 3403 C
2079 3352 2209 3403 tutis
2238 3365 2356 3418 qua:
2390 3366 2603 3420 semper
2648 3354 2852 3419 integra
2889 3365 3068 3407 manet
3112 3357 3499 3411 abundantiam
3528 3399 3544 3422 ,
3579 3374 3644 3412 ex

405 3465 568 3514 ναμιν
598 3447 992 3513 ἁνεκφοὶτητον
1026 3443 1221 3496 ἑαυτοῦ
1253 3461 1266 3473 ⁵
1302 3442 1652 3509 συγκαταϐὰς
1694 3441 1758 3510 δὴ
1788 3444 1974 3510 φιλαν-

407 3540 657 3606 θρώπως,
710 3537 798 3606 ἐφ’
847 3539 969 3590 ὅσον
1015 3536 1176 3598 αὐτὸς
1228 3535 1460 3604 ἠθέλησε
1510 3537 1604 3585 καὶ
1637 3535 1824 3602 ὲρχῆν,
1886 3535 1978 3586 καὶ

405 3631 496 3680 τὸν
528 3630 648 3681 καθ’
677 3631 821 3698 ἡμᾶς
851 3627 1108 3698 αἰσθητὸν
1155 3627 1340 3680 τοῦτον
1366 3628 1424 3679 ὲν
1450 3626 1506 3692 ἒξ
1537 3628 1769 3695 ἡμέραις
1815 3630 1977 3696 ἐργα-

409 3723 640 3788 σάμενος
697 3721 921 3787 κόσμον,
956 3720 1095 3772 κιτὰ
1147 3718 1243 3787 τὴν
1297 3719 1530 3788 ἑϐδόμην
1575 3720 1652 3780 είς
1689 3721 1747 3770 τὸ
1777 3720 1977 3770 οίκεῖον

409 3815 564 3882 ὕψος,
594 3812 622 3865 ὃ
654 3814 778 3882 μηδ’
804 3812 1058 3876 ἀπέλιπε,
1083 3812 1404 3880 Θεοπρεπῶς
1433 3811 1725 3880 ἐπανῆλθε,
1761 3813 1851 3862 καὶ
1876 3811 1976 3879 τὴν

409 3905 530 3957 κατ’
562 3905 734 3974 αὐτὴν
781 3905 1127 3957 κατάπαυσιν
1175 3903 1549 3973 εὐλογημένην
1600 3903 1801 3972 μᾶλλον
1847 3894 1978 3954 ὖπέ-

417 3997 580 4061 δειξε,
612 3997 883 4048 διδάσκων
936 3996 1030 4047 καὶ
1081 3995 1227 4065 ἡμᾶς
1266 3994 1453 4066 ζητεῖν
1500 3996 1785 4058 είσελθεῖν,
1834 3994 1976 4045 κατὰ

413 4088 472 4139 τὸ
495 4087 794 4155 ἐγχωροῦν,
820 4088 898 4148 είς
924 4087 1140 4156 εκείνην
1166 4088 1265 4156 τὴν
1283 4086 1653 4149 κατάπαυσιν,
1677 4088 1798 4156 ἡτις
1829 4088 1976 4140 ἐστὶν

409 4177 520 4248 99
549 4181 580 4244 ἡ
615 4180 755 4231 κατὰ
803 4177 928 4230 νοῦν
967 4179 1122 4248 ἡμῶν
1176 4178 1400 4248 θεωρία,
1432 4180 1524 4231 καὶ
1576 4179 1722 4248 ήδιὰ
1775 4180 1977 4250 ταύτης

413 4273 546 4336 πρεις
581 4269 713 4321 Θεὸν
766 4269 1076 4331 ἀνάνευσις.
1121 4269 1262 4338 Πρὸς
1305 4271 1368 4336 ἢν
1427 4273 1770 4324 κατάπαυσιν
1828 4251 1978 4322 καὶ-ὁ

427 4357 747 4420 Ἀπόστολος
806 4357 1104 4426 διαρρήδην
1153 4357 1567 4427 προτρέπεται·
1616 4359 1840 4426 προθεὶς
1873 4361 1978 4428 γὰρ

411 4449 473 4500 τὸ
502 4447 653 4515 παρὰ
685 4448 780 4500 τοῦ
810 4447 948 4500 Θεοῦ
986 4447 1074 4500 διὰ
1107 4434 1212 4501 τοῦ
1243 4449 1551 4517 Ψαλμῳδοῦ
1605 4453 1733 4518 περὶ
1764 4452 1856 4503 τοῦ
1885 4453 1978 4517 γέο

412 4557 535 4602 νους
566 4541 676 4592 τῶν
724 4540 995 4593 Ἰουδαίων
1049 4540 1371 4608 λεγόμενον·
1422 4560 1440 4591 ι
1487 4541 1573 4602 Ὠς
1600 4542 1786 4611 ὤμοσα
1825 4545 1880 4595 ἐν
1909 4545 1976 4612 τῇ

410 4632 548 4700 ὀργῇ
613 4648 739 4698 μου,
797 4633 845 4682 εί
903 4632 1301 4685 εἰσελεύσονται
1357 4634 1437 4693 είς
1479 4633 1576 4702 τὴν
1629 4632 1976 4686 κατάπαυσίν

419 4737 520 4790 μου
537 4735 606 4777 ’.ι
640 4724 892 4790 ἐπιφέρει
919 4723 1179 4790 γράφων·
1219 4742 1235 4774 ι
1277 4724 1504 4792 Εἴρηταί
1551 4739 1652 4774 που
1705 4726 1830 4793 περὶ
1879 4725 1976 4792 τῆς

415 4811 649 4884 ἑϐδόμης
696 4814 778 4866 ὅτι
829 4815 1173 4866 κατέπαυσεν
1208 4817 1235 4866 ὁ
1278 4814 1409 4876 Θεὸς
1452 4814 1559 4866 ἀπὸ
1606 4815 1823 4865 πάντων
1869 4813 1975 4866 τῶν

413 4900 591 4974 ιργων
644 4902 831 4957 αὐτοῦ.
871 4922 886 4953 i
941 4906 1047 4957 Καὶ
1094 4903 1214 4973 μετ’
1256 4904 1449 4971 ὀλίγα’
1499 4921 1516 4954 ε
1576 4903 1971 4972 Σπουδάσωμεν

418 4988 513 5046 οὖν
539 4993 636 5046 καὶ
665 4995 823 5062 ἡμεῖς
850 4994 1112 5045 εἰσελθεῖν
1137 4997 1214 5056 εἰς
1245 4995 1341 5062 τὴν
1365 4993 1706 5045 κατάπαυσιν
1727 4992 1892 5044 αὑτοῦ
1910 5008 1921 5021 ⁸
1956 5011 1972 5044 ι

417 5084 450 5138 6
472 5085 580 5156 γὰρ
610 5084 888 5150 εἰσελθὼν,
924 5087 1234 5137 κατέπαυσε
1270 5088 1361 5137 καὶ
1413 5086 1571 5147 αὐτὸς
1604 5085 1710 5136 ἀπὸ
1748 5085 1855 5136 τῶν
1889 5085 1976 5154 ἔρ-

419 5194 531 5247 γων
565 5177 752 5239 αὑτοῦ,
791 5177 1040 5245 καθάπερ
1073 5179 1180 5231 ἀπὸ
1212 5177 1322 5230 τῶν
1351 5177 1496 5230 ίδίων
1520 5179 1546 5230 ό
1579 5175 1731 5237 Θεὸς.

498 5268 658 5321 Ἀλλὰ
689 5267 772 5331 τίς
802 5267 939 5337 αὕτη
969 5269 1002 5338 ἡ
1037 5268 1383 5330 κατάπαυσις
1409 5268 1490 5320 In
1523 5270 1860 5335 σαωέστερεν
1890 5283 1982 5319 πο-

417 5361 562 5415 θεῖτε
618 5363 831 5429 μαθεῖν,
865 5361 1114 5421 καὶπῶς
1165 5362 1254 5412 καὶ
1286 5362 1442 5427 ἡμεῖς
1492 5360 1569 5420 είς
1620 5359 1790 5428 αὐτὴν
1835 5362 1976 5411 εἰσε-

415 5450 748 5520 λευσόμεθα;
789 5451 885 5502 ‘Av
920 5453 986 5501 τὰ
1021 5448 1159 5518 εργα
1209 5430 1488 5516 μάθωμεν,
1523 5440 1596 5499 ὧν
1621 5446 1693 5506 ὼς
1725 5445 1975 5514 ἀνάςχων

413 5543 586 5594 δντων
615 5546 642 5595 ὁ
674 5542 805 5604 Θεὸς
846 5542 946 5594 οὐκ
979 5541 1206 5610 ἡρξατο,
1247 5538 1325 5592 ἔτι
1357 5539 1555 5607 μᾶλλον
1606 5538 1698 5590 καὶ
1741 5537 1839 5606 τῆς
1880 5555 1977 5594 κα-

413 5632 738 5693 ταπαύσεως
793 5631 1020 5700 ταύτης,
1064 5632 1156 5684 καὶ⁵
1199 5633 1296 5700 τῆς
1330 5629 1465 5699 πρὸς
1514 5629 1679 5699 αὐτην
1733 5627 1971 5684 εἰσελεύ-

1612 5811 1653 5840 ⁸³
1697 5810 1853 5865 Ilebr.
1891 5829 1932 5865 IV

487 5814 815 5874 ⁸¹”.1υ;ιιι.γ,
853 5814 929 5868 l7.
1013 5813 1218 5867 "l’sal.
1267 5829 1373 5866 tczx
1451 5817 1524 5864 ll.

2007 4682 2057 4740 D

2063 3444 2356 3498 'charitate
2399 3460 2525 3514 erga
2577 3447 2823 3501 homines
2849 3448 3183 3504 descendens
3216 3463 3477 3518 quantum
3533 3458 3646 3522 ipse

2082 3536 2255 3588 voluit
2283 3545 2334 3589 et
2365 3539 2666 3592 necessitas
2701 3538 2819 3601 fuit,
2859 3549 3044 3593 creato
3078 3557 3171 3609 per
3200 3558 3361 3597 senos
3393 3543 3510 3599 dies
3542 3547 3644 3599 lioe

2080 3640 2266 3682 nostro
2297 3629 2537 3682 setisibili
2574 3632 2797 3693 mundo,
2829 3632 2916 3684 die
2963 3635 3192 3698 septimo
3225 3637 3274 3686 in
3307 3651 3460 3688 suam
3496 3653 3647 3688 sum-

2080 3722 2320 3774 mitatem
2373 3739 2532 3789 quam
2587 3725 2881 3778 nulliinode
2919 3726 3244 3794 reliquerat,
3295 3743 3358 3782 ex
3399 3730 3646 3784 decentia

2079 3814 2345 3877 ascendit,
2377 3823 2430 3866 et
2462 3814 2602 3866 diem
2639 3814 2691 3867 in
2733 3831 2838 3883 qua
2872 3817 3137 3868 reonievit
3173 3820 3516 3886 singulariter
3552 3824 3613 3875 be

2082 3905 2354 3957 uedictuni
2390 3905 2731 3970 monstravit,
2763 3905 2967 3960 docens
2996 3919 3048 3960 et
3076 3922 3173 3959 nos
3199 3925 3441 3977 quaerere
3473 3923 3529 3965 ut
3565 3915 3634 3964 in»

2080 3997 2408 4064 grediauiur,
2438 3997 2657 4065 quando
2683 3997 2889 4063 licebit,
2915 4001 2966 4052 in
3002 4000 3145 4054 illam
3163 4003 3403 4070 requiem
3425 4021 3542 4073 quae
3564 4016 3650 4060 est

2080 4087 2336 4154 spiiitalis
2371 4097 2611 4141 nostrum
2645 4087 2922 4141 meditatio
2967 4099 3020 4142 et
3064 4105 3159 4158 per
3204 4107 3322 4146 eam
3376 4099 3438 4146 ad
3477 4093 3645 4148 Deum

2081 4189 2355 4247 aspectus.
2390 4180 2466 4232 Ad
2499 4195 2661 4248 quam
2710 4182 2952 4248 requiem
2983 4185 3276 4248 Apostolus
3313 4185 3489 4240 lucide
3515 4203 3647 4240 con-

2083 4270 2342 4332 vellitur;
2377 4272 2708 4335 przL-ii'itleiis
2743 4274 2888 4324 enim
2923 4275 3066 4341 quod
3102 4289 3131 4325 a
3160 4273 3267 4327 Deo
3299 4290 3390 4342 per
3423 4275 3649 4331 Psalmi-

2081 4373 2217 4417 stam
2252 4364 2316 4415 de
2349 4361 2577 4415 Judaicn
2613 4379 2807 4428 genere
2833 4365 3038 4418 dictum
3074 4378 3155 4421 cst
3190 4383 3202 4418 :
3239 4370 3532 4434 «Quoniam
3559 4371 3647 4440 iu-

2081 4454 2192 4506 ravi
2229 4454 2279 4504 in
2312 4454 2388 4505 ira
2423 4468 2562 4510 mea.
2596 4454 2640 4507 si
2669 4454 2971 4507 introibunt
2998 4456 3049 4507 in
3085 4459 3324 4524 requiem
3351 4476 3520 4513 meam
3542 4463 3640 4526 ",p

2079 4545 2357 4612 subjuugit
2382 4545 2627 4598 Scribi-iis
2659 4561 2672 4595 :
2713 4563 2730 4593 ι
2782 4543 2925 4598 Dixit
2960 4547 3010 4598 iu
3038 4551 3271 4614 quodam
3321 4552 3437 4604 loco
3468 4554 3532 4605 de
3563 4556 3647 4606 die

2084 4639 2308 4704 septima
2361 4635 2440 4690 sic
2489 4654 2502 4688 :
2547 4654 2565 4685 ‹
2607 4640 2669 4688 Ιτι
2704 4638 2970 4705 requievit
3005 4641 3143 4692 Deus
3183 4642 3267 4693 die
3310 4646 3537 4710 septima
3579 4649 3646 4698 ab

2087 4730 2338 4782 omnibus
2377 4729 2635 4790 oneribus
2671 4730 2839 4782 suis.»
2881 4729 2943 4780 Et
2977 4732 3161 4796 paucis
3188 4735 3491 4800 praedictis}
3517 4734 3643 4787 «Fe-

2084 4817 2351 4871 stineuius
2380 4832 2507 4883 ergo
2531 4827 2584 4868 et
2621 4830 2720 4870 nos
2752 4818 2953 4885 ingredi
2994 4822 3043 4870 in
3076 4821 3220 4872 illam
3254 4825 3491 4891 requiem
3527 4826 3591 4885 ⁴’³;
3625 4845 3640 4872 ε

2081 4910 2170 4976 qui
2212 4909 2350 4961 enim
2385 4911 2657 4972 ingressus
2687 4912 2864 4972 luerit,
2891 4911 3184 4978 requiescet
3209 4923 3258 4964 et
3292 4915 3400 4980 ipse
3428 4916 3494 4967 ab
3518 4931 3644 4983 0pc—

2083 4999 2236 5050 i'ibus
2271 5000 2405 5061 Suis,
2437 5000 2895 5065 queinadinoium
2927 5001 3070 5054 Deus
3101 5017 3128 5053 a
3166 5006 3415 5070 proliriis.

2162 5259 2356 5316 Verum
2406 5280 2527 5333 qua:
2581 5268 2650 5320 sit
2702 5268 2815 5322 bace
2862 5271 3077 5338 requies
3131 5281 3185 5325 et
3227 5273 3499 5340 quomodo
3550 5289 3647 5326 nos

2086 5359 2246 5408 etiam
2283 5357 2333 5408 in
2368 5372 2485 5410 eam
2527 5360 2897 5428 ingrediantur
2951 5362 3166 5428 plenius
3188 5363 3400 5417 discere
3427 5365 3648 5418 deside-

2085 5448 2251 5501 ratis?
2280 5449 2335 5501 Si
2367 5464 2531 5517 opera
2555 5453 2830 5507 discamus
2858 5470 2977 5522 quae
3009 5461 3193 5522 utpote
3219 5455 3378 5508 initio
3407 5461 3647 5510 carentia

2085 5537 2227 5598 Deus
2251 5543 2564 5612 neutiquam
2593 5545 2816 5612 incepit,
2846 5547 3013 5615 magis
3038 5551 3201 5601 etiam
3229 5549 3365 5601 lianc
3406 5549 3647 5613 requiem

2083 5641 2136 5685 et
2155 5636 2428 5701 Quomodo
2454 5635 2506 5689 in
2534 5650 2650 5691 eam
2677 5636 3046 5704 iugrcdiamur
3077 5639 3442 5694 intelligemus
3496 5640 3538 5697 υ
3562 5658 3651 5685 w-
