4442 6448
769 411 868 475 ἓῧῙ

2027 405 2407 465 GREGOP-Il
2451 405 2774 465 I’ALAMXE

3895 412 4003 474 252

775 522 1052 592 lixaiigelii
1103 538 1168 576 vo
1207 536 1289 575 em
1326 537 1336 573 :
1380 538 1397 569 ι
1441 519 1594 573 Venit
1650 519 1702 572 in
1757 517 2030 572 civitatem
2089 517 2349 572 Samariae
2381 531 2422 580 Α
2456 537 2522 569 κα

2261 519 2349 570 ria:
2381 531 2422 580 Α
2456 520 2593 571 κατά
2634 521 2732 590 τὴν
2784 523 3022 593 σήμερον
3074 523 3586 594 ἀναγινωσκομένην
3634 524 3714 587 είς
3776 524 4015 591 ἐπήκοον

775 630 894 675 quae
948 615 1146 667 diritur
1202 612 1433 674 Sicbar.
1488 611 1641 680 juxta
1693 611 1947 678 praedium
2004 609 2146 676 quod
2203 608 2354 661 dedit

776 706 942 759 Jacob
974 706 1174 772 Josepb
1220 705 1329 758 lilio
1369 719 1467 759 suo
1494 704 1563 757 ⁷⁷.
1609 724 1625 754 ι
1689 702 1813 754 Erat
1855 702 1924 754 ibi
1982 700 2103 754 fons
2141 701 2350 765 Jaa-ob;

780 801 979 849 tantem
1014 805 1233 864 puteum
1261 795 1423 857 dixit,
1454 795 1577 862 quia
1604 808 1799 860 aquam
1827 809 1887 844 ex
1919 792 2066 845 fonte
2097 793 2351 856 habebat,

779 897 834 938 ul.
870 895 1011 954 patet
1049 902 1108 938 ex
1143 887 1323 939 verbis
1351 883 1776 953 prtecedeutibus
1803 901 1816 948 ;
1847 883 2029 936 Jacobi
2059 892 2194 948 erat,
2227 885 2353 952 quia

780 981 862 1030 iiic
896 993 1016 1031 eum
1055 976 1283 1031 (oderat.
1342 976 1610 1030 Praedium
1648 993 1773 1028 vero
1805 976 1948 1043 quod
1999 975 2167 1029 Jacob
2209 975 2356 1028 dedit

779 1067 1012 1135 Josepbo
1066 1078 1180 1121 erat
1234 1068 1495 1133 Sicbem;
1536 1070 1610 1121 ait
1660 1071 1801 1121 enim
1841 1070 1909 1120 ad
1949 1083 2072 1121 eum
2106 1067 2354 1121 ultimum

779 1160 965 1213 t-lllaus
1007 1160 1252 1226 spiritum
1296 1160 1347 1212 in
1387 1158 1641 1228 Egypto,
1695 1168 1745 1212 et
1779 1169 2160 1212 testamentum
2197 1176 2355 1214 suunt

783 1251 1139 1304 ronscribens
1170 1268 1184 1304 :
1224 1271 1241 1302 ι
1281 1250 1358 1304 En
1387 1268 1486 1321 ego
1531 1251 1752 1309 morior.
1792 1267 1892 1304 vos
1929 1262 2105 1305 autem
2138 1251 2360 1306 reducet

788 1347 926 1397 Heus
967 1359 1030 1397 ex
1077 1354 1218 1397 terra
1276 1347 1373 1397 ista
1409 1344 1473 1396 ad
1528 1353 1727 1396 terram
1776 1353 1989 1411 patrum
2021 1350 2358 1398 vestrorum.

787 1439 858 1489 lto
907 1438 999 1491 tibi
1054 1438 1271 1490 Sicbem
1322 1449 1532 1505 partem
1569 1452 1730 1489 unam
1764 1446 1914 1489 extra
1954 1436 2148 1490 fratres
2188 1447 2311 1490 tuos
2341 1478 2356 1502 ,

785 1546 945 1596 quam
1005 1530 1099 1583 tuli
1137 1531 1201 1583 de
1239 1545 1399 1583 manu
1453 1529 1755 1582 Amorrbzei
1811 1530 1861 1581 in
1914 1529 2094 1596 gladio
2143 1541 2193 1584 et
2230 1545 2356 1585 arcu

786 1622 1025 1674 meo’h
1057 1620 1180 1674 Ideo
1213 1621 1426 1674 Sicbem
1457 1623 1630 1673 stabat
1665 1621 1715 1672 iu
1751 1636 1808 1673 ea
1851 1631 2000 1687 parte
2030 1634 2134 1688 qua
2171 1631 2357 1688 postea

787 1714 1032 1766 constitit
1081 1713 1256 1765 triluts
1293 1713 1546 1779 prraim
1607 1711 1698 1764 ﬁlii
1737 1712 1936 1780 Josepb
1987 1713 2353 1782 primogeniti,

783 1821 941 1872 quem
976 1805 1120 1858 circa
1174 1805 1351 1857 locum
1407 1804 1726 1857 habitabant
1761 1804 1943 1858 decem
1986 1805 2159 1860 tribus
2189 1805 2353 1861 Israel

2461 610 2548 661 τοῦ
2597 611 2924 678 Εὑαγγελίου
2969 617 3189 684 φωνήν·
3227 633 3244 665 ι
3278 616 3534 684 Ἔρχεται
3587 617 3666 678 είς
3719 616 3872 668 πόλιν
3921 618 4018 680 τῆς

2458 701 2768 770 Σαμαρείας
2815 703 3114 772 λεγομένην
3160 705 3348 775 Σιχὰρ,
3405 705 3631 773 πλησίον
3681 705 3775 759 τοῦ
3821 707 4020 774 χωρίου

2455 786 2514 844 οὗ
2551 792 2749 845 ἔδωκεν
2790 793 2985 846 ’ἰακὼὸ
3037 795 3231 865 Ἰωσὴφ
3281 796 3357 865 τῷ
3401 795 3504 865 υίῷ
3548 793 3733 850 αὐτοῦ.
3773 813 3791 847 ι
3835 795 4022 864 [Im/iw

2461 885 2557 954 μὲν
2597 885 2686 937 οὖν
2726 886 2786 938 τὸ
2829 887 3004 957 φρέαρ
3061 888 3232 957 φησί’
3276 888 3336 941 τὸ
3357 890 3464 958 γὰρ
3505 887 3661 959 ὕδωρ.
3684 890 3918 954 πηγαῖον
3949 883 4023 938 εῖ-

2457 993 2570 1044 χεν,
2597 977 2669 1038 ὡς
2696 977 2852 1044 δῆλον
2887 979 3038 1031 ἔσται
3068 979 3344 1051 προϊόντος
3380 979 3472 1034 τοῦ
3501 981 3658 1046 λόγου
3678 996 3691 1011 ο
3721 980 3812 1031 τοῦ
3832 977 4023 1031 Ἰακὼϐ

2457 1070 2510 1119 δὲ
2539 1065 2624 1136 ἦν,
2659 1071 2954 1140 ἐπειδήπερ
2984 1075 3190 1134 ἐκεῖνος
3216 1072 3421 1142 ὤρυξεν
3465 1074 3617 1128 αὑτό.
3646 1075 3718 1128 Τδ
3743 1074 3797 1127 δὲ
3827 1073 4024 1143 χωρίον

2458 1162 2484 1213 ὃ
2514 1161 2674 1213 ἔδωκε
2702 1163 2776 1231 τῷ
2811 1163 3007 1233 Ἰωσὴφ
3038 1166 3066 1216 ό
3103 1163 3294 1218 Ἰακὼὸ
3332 1166 3400 1218 τά
3445 1165 3664 1234 Σίκημά
3711 1168 3824 1218 ἐστι
3846 1181 3859 1194 ·
3890 1167 4026 1234 φησι

2460 1254 2568 1321 γὰρ
2608 1255 2742 1322 πρὸς
2785 1255 2942 1306 αὑτὸν
2972 1254 3039 1305 τὰ
3096 1255 3299 1323 ἔσχατα
3333 1258 3512 1310 πνέων
3548 1261 3603 1311 ὲν
3647 1258 3905 1325 Αἰγύπτῳ
3935 1260 4026 1310 aut

2459 1344 2831 1412 διατιἽέμενος
2855 1362 2868 1373 ·
2907 1366 2922 1396 ι
2965 1346 3093 1399 Ἰδοὺ
3122 1347 3228 1415 ἐγὼ
3259 1348 3586 1417 ἀποθνήσκω
3612 1366 3624 1381 ·
3653 1350 3795 1416 ὑμᾶς
3820 1349 3873 1401 δὲ
3897 1351 4027 1401 ἀπο-

2463 1434 2686 1505 στρέψει
2726 1437 2752 1487 ὸ
2791 1436 2921 1499 Θεὸς
2957 1439 3020 1490 ὲκ
3050 1437 3149 1505 τῆς
3179 1438 3281 1506 γῆς
3305 1438 3507 1508 ταύτης
3537 1439 3615 1498 είς
3665 1438 3762 1507 τὴν
3789 1439 3889 1504 γῆν
3919 1437 4026 1491 τῶν

2464 1527 2713 1596 πατέρων
2745 1528 2918 1595 ἡμῶν.
2959 1527 3100 1596 Ἐγὼ
3130 1529 3185 1582 δὲ
3231 1529 3424 1600 δίδωμί
3460 1547 3540 1582 σοι
3581 1530 3795 1600 Σίκημα
3817 1522 4027 1599 ἐξαίρε-

2460 1636 2552 1670 τον
2585 1621 2731 1688 παρὰ
2770 1621 2896 1681 τοὺς
2941 1621 3202 1689 ἀδελφούς
3235 1637 3353 1686 σου,
3401 1621 3466 1691 ἢν
3502 1621 3692 1675 ἔλαϐον
3747 1623 3809 1674 ἐκ
3846 1622 4026 1692 χειρὸς

2463 1709 2569 1761 τῶν
2608 1709 2948 1780 Ἀμορραίων
2999 1711 3056 1761 ἐν
3087 1713 3151 1779 τῇ
3193 1711 3435 1782 μαχαίρᾳ
3490 1728 3592 1779 μου
3645 1712 3740 1764 καὶ
3782 1711 3859 1781 τῷ
3892 1711 4027 1780 τόξῳ

2467 1816 2590 1868 μου.
2620 1818 2636 1850 ι
2670 1800 2758 1851 Διὸ
2789 1800 2856 1852 τὰ
2891 1800 2987 1869 μὲν
3016 1799 3233 1870 Σίκημα
3260 1803 3555 1871 κατῳκεῖτο
3581 1801 3737 1871 ιιο
3761 1797 3910 1871 παρὰ
3929 1802 4030 1870 τῆς

785 1911 950 1964 super
983 1911 1118 1963 quas
1162 1895 1405 1962 regnavit
1457 1892 1742 1948 Jeroboam
1794 1903 2060 1961 aposmta.
2094 1894 2196 1958 Qui
2232 1911 2354 1950 cum
2395 1872 2431 1927 Β
2475 1890 2539 1941 Ἐε

2271 1912 2354 1950 um
2395 1872 2431 1927 Β
2475 1889 2712 1958 Ἐφραίμ
2763 1889 2935 1958 φυλῆς
2979 1889 3223 1960 ὕστερον,
3281 1890 3339 1953 δς
3391 1886 3456 1960 ἦν
3516 1891 3630 1955 υίὸς
3684 1891 4025 1959 πρωτότοκος

786 1989 985 2055 sa'pius
1047 1987 1209 2038 Deum
1247 1985 1618 2048 olTendissent,
1674 1999 1811 2052 Saepe
1874 1986 1939 2039 ab
1986 2000 2050 2040 eo
2111 1987 2357 2041 derelicti

787 2080 1016 2145 denique
1055 2077 1294 2130 universi
1327 2076 1469 2128 ducti
1510 2085 1634 2128 sunt
1681 2076 1732 2128 in
1769 2076 2160 2144 captivitatem,
2203 2077 2273 2130 ita
2304 2085 2361 2130 ut

789 2183 883 2236 pro
910 2168 990 2221 eis
1023 2168 1186 2220 variae
1216 2180 1401 2233 gentos
1432 2181 1459 2216 a
1500 2181 1621 2235 rege
1644 2165 1989 2234 Assyriorum
2021 2175 2360 2234 congregata:

790 2261 840 2311 in
877 2274 1062 2313 eorum
1105 2259 1218 2310 loco
1258 2257 1680 2310 iubabztaverint
1723 2267 1775 2308 et
1829 2257 2226 2310 Samaritarum
2267 2270 2364 2309 no-

787 2366 907 2402 men
956 2366 982 2402 a
1038 2359 1218 2402 monte
1253 2348 1446 2402 Somor
1495 2347 1823 2414 acceperint.
1894 2346 2364 2410 Quemadmodum

787 2440 1143 2507 pt-Ogretliens
1172 2437 1362 2500 Jacob,
1402 2438 1541 2491 sicut
1576 2446 1763 2489 narrat
1801 2437 2049 2499 historia,
2101 2437 2370 2490 habitavit

785 2529 940 2598 juxta
979 2533 1167 2585 urbem
1205 2530 1597 2590 Sicbintorum,
1652 2530 1724 2582 ita
1771 2545 1917 2582 nunc
1950 2527 2208 2581 Christus
2248 2543 2375 2595 pro-

788 2625 1036 2689 grediens
1061 2622 1511 2691 apprOpinquavit
1537 2626 1602 2676 ad
1637 2619 1956 2674 Samariam.
1987 2619 2087 2673 Sed
2136 2621 2223 2674 ille
2250 2621 2373 2688 qui-

799 2720 942 2779 dem,
977 2726 1033 2770 ut
1066 2719 1176 2784 ipSe
1215 2717 1367 2773 dixit.
1427 2716 1477 2768 in
1535 2715 1713 2784 gladio
1747 2725 1798 2768 et
1855 2731 2020 2777 arcu,
2075 2715 2126 2768 id
2177 2724 2262 2770 est
2297 2716 2362 2769 ad

793 2811 1014 2864 mitium
1047 2819 1101 2864 et
1141 2810 1351 2862 ruinam
1420 2809 1664 2876 priorum
1689 2806 2046 2859 habitantium
2073 2845 2086 2867 ,
2114 2803 2366 2859 Christus

797 2916 921 2954 vero
949 2901 1001 2954 in
1038 2915 1287 2954 sermone
1313 2909 1366 2951 et
1389 2897 1658 2960 doctrina,
1690 2905 1741 2949 et
1773 2896 1998 2965 proinde
2022 2896 2086 2957 ad
2115 2895 2365 2948 salutem.

800 2993 960 3046 «Nam
994 2992 1177 3054 Jesus,
1213 2991 1472 3060 fatigatus
1494 3005 1556 3043 ex
1593 2989 1806 3050 itinere,
1846 2987 2065 3042 sedebat
2098 2989 2177 3042 sic
2202 3001 2366 3056 supra

795 3091 1020 3138 l'ontem.
1068 3081 1207 3134 liora
1239 3090 1355 3133 erat
1386 3081 1540 3147 quasi
1574 3089 1746 3133 sexta.
1782 3098 1801 3131 ι

2456 1979 2554 2032 τοῦ
2590 1979 2784 2049 Ἰωσήφ
2808 1997 2820 2010 ·
2868 1980 2960 2034 τὸν
3010 1980 3065 2033 δὲ
3097 1981 3224 2052 περὶ
3256 1982 3394 2036 αὐτὰ
3446 1983 3609 2035 τόπον
3653 1981 3932 2052 κατῴκουν
3972 1997 4027 2049 αι

2457 2071 2589 2124 δέκα
2619 2071 2782 2139 φυλαὶ
2811 2071 2903 2123 τοῦ
2945 2071 3182 2143 Ἰσραὴλ,
3221 2067 3293 2126 ὧν
3333 2073 3616 2144 Ἰεροὸοὰμ
3646 2076 3673 2126 6
3715 2075 4029 2144 ἀποστάτης

2457 2157 2611 2232 ἦρξε·
2657 2161 3142 2232 Προσκρούσαντες
3179 2163 3235 2216 δὲ
3267 2164 3344 2234 τῷ
3383 2165 3500 2234 Θεῷ
3553 2165 3812 2225 πολλάκις
3859 2159 4025 2232 οὗτοι,

2460 2255 2552 2308 καὶ
2601 2253 2859 2316 πολλάκις
2906 2254 3444 2322 ἑγκαταλειφθέντες,
3495 2255 3721 2326 ὕστερον
3781 2256 4028 2324 παγγενῆ

2465 2347 2752 2414 γεγόνασιν
2781 2347 3139 2419 αἰχμάλωτοι,
3171 2350 3244 2410 ὼς
3273 2347 3389 2402 ἀντ’
3419 2350 3602 2402 αὐτῶν
3642 2349 3768 2419 ἔθνη
3798 2351 4030 2419 διάφορα

2468 2436 2896 2505 συμφορήσαντα
2928 2435 3020 2488 τὸν
3049 2437 3284 2504 ἄρχοντα
3309 2437 3416 2490 τῶν
3448 2439 3746 2507 Ἀσσυρίων
3779 2443 4028 2506 ἐγκατοι-

2467 2527 2631 2594 κῆσαι
2657 2527 2731 2594 τῷ
2759 2527 2926 2594 τόπῳ,
2955 2527 3047 2578 καί
3091 2526 3433 2596 Σαμαρείτας
3462 2530 3569 2581 ἀπὸ
3598 2529 3692 2581 τοῦ
3731 2531 3889 2599 ὅρους
3931 2531 3998 2582 Σο
4017 2563 4031 2573 -

2473 2617 2576 2684 μδρ
2607 2615 2852 2669 καλέσαι.
2900 2617 3166 2684 Καθάπερ
3196 2618 3250 2670 δὲ
3293 2623 3811 2690 παραπορευόμενος
3858 2625 3886 2676 δ
3932 2625 4031 2678 ’ία-

2473 2707 2609 2772 κὼϐ,
2642 2707 2716 2769 ὼς
2749 2709 2780 2774 ἡ
2829 2708 3038 2776 ἱστορία
3079 2711 3234 2777 φησὶ,
3266 2713 3650 2781 παρεστήσατο
3688 2713 3752 2765 τὰ
3788 2714 4025 2784 Σίκημα,

2464 2800 2604 2855 οὕτω
2653 2803 3173 2871 παραπορευόμενος
3203 2805 3230 2854 ὁ
3274 2803 3508 2874 Χριστὸς
3544 2806 3658 2869 νῦν,
3712 2807 4030 2876 ὑπηγάγετο

2463 2895 2563 2962 τὴν
2595 2894 2922 2962 Σαμάρειαν.
2965 2893 3103 2946 Ἀλλ’
3147 2896 3353 2957 ἐκεῖνος
3379 2896 3500 2964 μὲν,
3534 2896 3609 2959 ὡς
3651 2898 3810 2959 αὑτός
3842 2915 4025 2967 φησιν,

2464 2988 2522 3039 ὲν
2553 2988 2617 3054 τῇ
2654 2985 2898 3056 ῥομφαίᾳ
2926 2986 3023 3038 καὶ
3074 2985 3151 3055 τῷ
3198 2985 3336 3056 τόξῳ
3371 2988 3558 3054 αὑτοῦ,
3615 2991 3857 3058 δηλονότι
3892 2989 4028 3059 Δπρὸς

2469 3076 2845 3145 ὲξολόθρευσιν
2883 3081 2978 3130 καὶ
3006 3077 3286 3130 ἀπώλειαν
3315 3079 3422 3131 τῶν
3453 3081 3718 3151 πρότερον
3751 3082 4023 3135 ὲνοικούν-
4072 3145 4076 3149 θ

792 3200 897 3230 των
925 3194 938 3206 ·
966 3164 992 3230 δ
1021 3179 1074 3230 δὲ
1105 3176 1337 3244 Χριστὸς
1369 3157 1595 3242 ἐν’λόγῳ
1623 3175 1715 3226 καὶ
1769 3172 2110 3243 διδασκαλίᾳ,
2146 3173 2223 3225 διδ
2251 3174 2345 3224 καὶ
2383 3171 2517 3240 πρὸς
2549 3171 2826 3240 σωτηρίαν
2854 3187 2869 3202 ο
2905 3190 2923 3223 ι
2959 3171 3018 3225 '0
3050 3171 3158 3242 γὰρ
3203 3170 3410 3240 Ἰησοῦς
3473 3173 3843 3240 κεκοπιακὼς,
3915 3193 4023 3246 φη-

793 3276 896 3333 σὶν,
935 3275 997 3326 ἐκ
1029 3273 1126 3339 τῆς
1154 3267 1480 3337 ὁδοιπορίας,
1518 3266 1750 3334 ἐκάθητο
1776 3265 1948 3327 οὕτως
1975 3267 2067 3320 ἐπὶ
2089 3270 2151 3334 τῇ
2180 3267 2354 3334 πηγῇ·
2395 3263 2512 3332 ὥρα
2537 3258 2602 3332 ἦν
2633 3262 2762 3314 ὡσεὶ
2791 3263 2947 3330 ἕκτη.
2982 3282 3000 3314 ι

865 3367 1004 3418 llora
1038 3374 1088 3417 et
1128 3361 1372 3430 fatigatio
1409 3369 1465 3412 ut
1495 3359 1704 3412 sederet
1755 3358 2058 3412 invitabant
2107 3372 2228 3411 eum
2263 3356 2351 3421 qui
2381 3360 2428 3422 ο
2530 3357 2617 3408 Κα

2267 3356 2351 3421 qui
2381 3360 2428 3422 ο
2530 3356 2638 3408 Καὶ
2664 3357 2695 3424 ή
2719 3354 2835 3423 ὥρα
2867 3357 2960 3409 καὶ
2989 3357 3016 3408 ὁ
3047 3357 3214 3421 κόπος
3237 3358 3410 3410 ἐδίδου
3441 3358 3714 3428 καθῆσθαι
3744 3361 3836 3414 τὸν
3865 3361 4021 3433 σῶμα

788 3473 990 3526 corpus
1021 3465 1206 3508 nostro
1240 3467 1584 3522 nequaquum
1615 3450 1862 3502 absimile
1904 3449 2173 3504 induerat.
2209 3447 2359 3512 Quod

793 3561 849 3602 ut
895 3551 1296 3603 demonstraret
1354 3554 1405 3597 ct
1458 3543 1696 3596 futuram
1748 3542 2088 3611 prospiciens
2150 3543 2359 3593 luerunt

792 3643 928 3695 sedit
967 3642 1066 3703 sic,
1100 3647 1157 3690 ιιι
1187 3637 1388 3690 dictum
1420 3646 1523 3696 est,
1558 3649 1719 3697 supra
1757 3635 1980 3696 l'ontem,
2016 3633 2066 3685 id
2105 3642 2182 3684 est
2218 3645 2362 3683 more

795 3730 1125 3797 bumi,solus
1148 3727 1370 3795 quasiet
1395 3742 1532 3778 unus
1556 3741 1618 3776 ex
1641 3724 1824 3777 multis
1843 3724 2045 3787 viator;
2073 3722 2190 3790 ejus
2219 3724 2358 3774 enim

790 3823 1045 3891 discipuli
1091 3822 1339 3873 abierant
1397 3819 1448 3871 in
1503 3811 1777 3870 civitatem
1831 3827 1887 3869 ut
1918 3817 2068 3869 cibos
2099 3823 2359 3867 emerent.

796 3921 927 3971 ltum
987 3929 1114 3982 ergo
1162 3913 1241 3966 sic
1290 3913 1438 3966 solus
1482 3927 1644 3978 supra
1692 3910 1894 3967 fontem
1938 3911 2171 3968 sederet,
2214 3907 2362 3962 venit

795 4009 990 4067 mulier
1025 4005 1091 4058 de
1129 4002 1376 4056 Samaria
1429 4002 1653 4054 haurire
1693 4015 1917 4068 aquam;
1959 3999 2221 4051 Dominus
2261 4013 2362 4048 au-

793 4105 988 4152 temet
1033 4096 1225 4150 sitiens
1278 4103 1333 4146 ut
1391 4093 1574 4153 bonto,
1638 4101 1688 4143 et
1744 4091 2121 4157 obsequiosani
2175 4089 2362 4144 videns

795 4208 914 4259 qua:
947 4191 1010 4242 ad
1062 4188 1206 4240 sitim
1256 4186 1548 4238 sbdandum
1584 4183 1851 4246 veniebat,
1887 4198 2118 4235 cernens
2151 4196 2275 4233 vero
2308 4193 2363 4234 ut

799 4288 938 4335 tteus
967 4296 1081 4333 eam
1113 4293 1251 4344 aqua
1286 4275 1472 4327 salutis
1507 4273 1659 4326 sitire
1690 4287 1850 4340 quam
1880 4272 2056 4339 ipsum
2088 4270 2363 4338 impertire

800 4374 1098 4428 nesciebat.
1157 4369 1512 4435 semetipsum
1568 4365 1763 4417 anima:
1822 4362 2063 4431 diligenti
2119 4361 2361 4415 revelare

798 4469 986 4534 coepit.
1055 4464 1216 4522 Nam,
1274 4460 1410 4512 sicut
1467 4459 1727 4524 scriptum
1776 4464 1898 4518 est,
1944 4454 2230 4522 diligentes
2305 4467 2361 4504 se

799 4560 997 4626 diligit.
1033 4556 1222 4621 Incipit
1253 4564 1432 4604 autem
1478 4565 1580 4616 qua
1617 4547 1721 4600 erit
1748 4554 2023 4613 arceptus,
2055 4553 2114 4597 et
2146 4542 2213 4596 ad
2241 4558 2358 4596 eam

799 4655 831 4703 (ἲ
864 4653 929 4703 \it
973 4668 983 4702 :
1023 4668 1039 4699 ι
1091 4649 1159 4699 lia
1224 4644 1350 4696 mihi
1413 4643 1616 4695 bibere.
1655 4658 1672 4690 ι
1734 4640 1827 4692 Illa
1876 4653 2004 4692 vero
2057 4653 2176 4692 cum
2219 4646 2364 4690 esset

2469 3447 2876 3515 περικείμενον,
2908 3449 3094 3500 ὁποῖόν
3129 3451 3246 3503 ἐστι
3277 3451 3336 3502 τὸ
3370 3451 3638 3521 ἡμέτερον
3663 3468 3677 3483 ο
3703 3451 3861 3506 τοῦτο
3914 3456 4024 3507 τοί-

2466 3556 2558 3591 νυν
2591 3539 2974 3606 πιστούμενος,
3010 3540 3181 3591 καὶτὸ
3215 3541 3407 3609 μέλλον
3454 3543 3642 3612 κέρδος
3702 3545 4025 3614 προόλέπων

2465 3630 2722 3699 ἐκάθητο,
2760 3634 2945 3699 φησιν,
3018 3631 3189 3694 οὕτως
3251 3634 3342 3685 επὶ
3395 3637 3458 3703 τῇ
3524 3639 3697 3706 πηγῇ,
3751 3640 4025 3693 τουτέστιν

2465 3724 2678 3790 ἀφελῶς
2714 3727 2905 3792 χαμαὶ,
2961 3727 3120 3792 μόνος
3155 3726 3225 3787 ὡς
3256 3721 3333 3788 εἷς
3391 3727 3495 3778 τῶν
3551 3729 3760 3782 πολλῶν
3795 3731 3973 3797 ὁδίτης
4009 3749 4020 3762 ’

2464 3817 2646 3885 οίγὰρ
2673 3818 2911 3886 μαθηταὶ
2965 3817 3129 3870 αὐτοῦ
3169 3820 3606 3888 ἀπεληλύθεισαν
3664 3823 3740 3884 είς
3793 3823 3890 3894 τὴν
3927 3825 4023 3876 πό-

2467 3908 2570 3972 λιν,
2602 3909 2688 3960 ἴνα
2749 3909 2952 3978 τροφὰς
3008 3910 3341 3977 ἁγοράσωσι.
3395 3914 3798 3982 Μεμονωμένου
3846 3914 4025 3969 τοίνυν

2467 3999 2639 4076 οὕτως
2673 4001 2763 4052 ἐπὶ
2793 4001 2856 4070 τῇ
2887 4005 3037 4069 πηγῇ
3090 4002 3426 4069 καθημένου,
3481 4005 3696 4070 ἔρχεται
3759 4007 3898 4076 γυνὴ
3962 4012 4025 4062 ἐκ

2471 4088 2562 4154 τῆς
2599 4075 2909 4157 Σαμαρείας
2959 4091 3223 4159 ἀντλῆσαι
3287 4092 3450 4160 ὕδωρ·
3491 4096 3518 4145 ὁ
3571 4095 3625 4146 δὲ
3684 4075 3895 4164 Κύριος
3931 4099 4025 4151 καὶ

2468 4175 2636 4242 διψῶν
2688 4179 2764 4241 ὡς·
2791 4180 3096 4248 ἄνθρωπος,
3125 4183 3217 4234 καὶ
3243 4183 3338 4250 την
3386 4183 3614 4252 ἔχουσαν
3666 4187 4020 4251 ἀνθρωπίνως

2467 4272 2562 4339 τὴν
2596 4270 2759 4338 δίψαν
2811 4271 3016 4323 παῦσαι
3071 4277 3520 4342 παραγενομένην
3559 4274 3706 4337 ἰδὼν,
3762 4277 3903 4343 ὁρῶν
3966 4277 4020 4329 δὲ

2468 4361 2541 4421 ὡς
2570 4359 2700 4421 Θεὸς
2745 4361 2840 4412 καὶ
2881 4361 2980 4428 τὴν
3011 4362 3209 4431 ταύτης
3244 4363 3471 4431 καρδίαν
3525 4364 3764 4433 διψῶσαν
3832 4366 4022 4430 ὕδατος

2467 4449 2756 4517 σωτηρίου,
2786 4449 2875 4502 τὸν
2921 4451 2976 4502 δὲ
3007 4451 3302 4519 δυνάμενον
3359 4453 3513 4504 τοῦτο
3571 4458 3876 4524 παρασχεῖν
3925 4458 4025 4508 οὐκ

2466 4543 2689 4604 εἰδυῖαν,
2719 4542 3065 4608 ἀποκαλύψαι
3102 4545 3199 4610 μὲν
3245 4545 3434 4597 ἑαυτὸν
3485 4546 3763 4612 ἐπείγεται
3826 4550 3889 4617 τῇ
3922 4566 4019 4600 πο-

2468 4635 2636 4706 θούσῃ
2679 4635 2826 4704 ψυχῇ
2849 4652 2865 4667 ·
2904 4635 3057 4686 ποθεῖ
3088 4636 3191 4703 γὰρ
3247 4638 3341 4686 καὶ
3377 4638 3533 4690 ait-3,:
3563 4638 3687 4701 τοὺς
3731 4640 4027 4701 ποθοῦντας

799 4742 1103 4812 ριϊμρῑυιικ,
1148 4747 1200 4790 et
1229 4753 1292 4789 ex
1352 4736 1464 4788 sola
1496 4743 1664 4792 veste,
1705 4747 1770 4784 ex
1804 4730 1996 4792 forma,
2026 4745 2092 4782 ex
2118 4727 2362 4781 decentia
2399 4729 2439 4781 D
2471 4743 2553 4776 κα·

2273 4727 2362 4779 ttia
2399 4729 2439 4781 D
2471 4727 2611 4776 κατὰ
2643 4726 2701 4776 τὸ
2731 4725 3115 4792 γεγραμμένον
3141 4741 3154 4754 ·
3187 4725 3412 4793 ἄρχεται
3457 4727 3510 4778 δὲ
3554 4728 3676 4779 ὅθεν
3728 4730 4027 4796 εὐπαράδει-

805 4837 939 4888 teris
973 4835 1206 4898 fulgente
1235 4844 1358 4880 Ctllll
1395 4841 1513 4879 esse
1547 4823 1790 4877 Judauun
1830 4823 2073 4892 legisque
2114 4820 2374 4874 observa-

806 4942 978 4980 torem
1027 4923 1372 4988 intelligeret,
1429 4917 1614 4979 Miror,
1663 4916 1857 4981 inquit,
1913 4911 2184 4980 quomodo
2237 4920 2290 4963 tu
2341 4926 2368 4963 a

803 5018 1028 5070 muliere
1062 5012 1401 5065 Samaritana
1434 5007 1614 5076 poscis
1652 5006 1868 5068 bibere;
1900 5000 2067 5054 Judwi
2095 5001 2238 5054 enim
2275 4999 2373 5053 Sa-

804 5105 1090 5158 maritanis
1147 5108 1332 5168 utpote
1394 5097 1619 5166 paganis
1679 5110 1784 5148 non
1845 5099 2157 5146 coutuntur.
2213 5089 2371 5144 Ude

807 5197 1068 5250 liotuinus
1099 5194 1445 5247 occasionem
1486 5188 1632 5256 cepit
1686 5185 2035 5253 semetipsum
2067 5182 2365 5246 revelandi,

804 5292 867 5342 ad
901 5305 1017 5342 eam
1054 5287 1240 5338 dicens
1281 5299 1294 5335 :
1331 5302 1346 5332 ι
1389 5282 1443 5334 Si
1475 5281 1643 5333 scires
1673 5279 1871 5331 donum
1901 5275 2016 5339 Dei,
2056 5284 2109 5329 et
2136 5275 2260 5344 quis
2287 5283 2370 5327 est

807 5382 896 5449 qui
935 5379 1064 5433 dicit
1098 5376 1191 5430 tibi
1221 5393 1233 5429 :
1269 5375 1339 5426 Da
1372 5371 1501 5424 mibi
1537 5370 1742 5431 bibere,
1797 5377 1848 5420 tu
1886 5367 2112 5420 forsitan
2143 5365 2369 5435 petisses

808 5464 879 5526 ab.
914 5489 998 5538 eo,
1037 5482 1090 5525 et
1119 5469 1355 5524 dedisset
1385 5465 1478 5518 tibi
1512 5478 1704 5532 aquam
1743 5463 1942 5514 vivam.

807 5568 1054 5635 ἄργεται,
1088 5563 1224 5632 πρὸς
1251 5559 1416 5627 αὐτὴν
1445 5557 1620 5622 λέγων
1649 5571 1662 5583 ·
1704 5571 1720 5603 ι
1769 5553 1828 5603 Εἰ
1855 5552 2000 5622 ᾕδεις
2027 5551 2121 5619 τὴν
2155 5551 2360 5621 δωρεὰν
2401 5550 2494 5602 τοῦ
2523 5549 2680 5615 Θεοῦ,
2719 5553 2807 5603 καί
2839 5551 2923 5613 τίς
2955 5553 3098 5603 ἐστιν
3132 5551 3349 5616 ἀλέγων
3377 5568 3478 5617 σοι,
3534 5551 3630 5611 Δός
3721 5565 3811 5618 μοι

2470 4833 2596 4879 κτος
2645 4816 2820 4880 ἔσται,
2860 4817 2952 4867 καί
2986 4834 3115 4884 φησι
3161 4816 3294 4884 πρὸς
3325 4818 3527 4884 αὑτήνο
3571 4836 3587 4867 ι
3630 4821 3725 4880 Δός
3762 4837 3850 4885 μοι
3889 4820 4028 4890 ὕδωρ

2472 4911 2633 4961 πιεῖν.
2669 4926 2685 4958 ι
2738 4906 2802 4958 'H
2831 4907 2886 4958 δὲ
2917 4908 3110 4975 συνετὴ
3178 4905 3333 4972 οὖσα,
3393 4910 3483 4959 καὶ
3547 4911 3654 4962 ἀπὸ
3715 4912 3881 4981 μόνης
3932 4914 4026 4980 τῆς

2470 5001 2658 5069 στολῆ;
2708 5001 2802 5051 καὶ
2835 5000 2925 5052 τοῦ
2964 5001 3242 5069 σχήματος
3305 5003 3399 5053 καὶ
3436 5000 3534 5068 τῆς
3601 5003 4026 5072 ἐπιφαινομέιιτς

2468 5091 2666 5156 ἔξωθεν
2700 5091 3056 5159 κοσμιότητος
3105 5090 3358 5142 Ἰουδαῖον
3388 5108 3444 5142 τε
3497 5093 3624 5142 δντα
3661 5095 3902 5156 συνεῖσα,
3937 5095 4029 5144 καὶ

2469 5185 2561 5236 τοῦ
2591 5186 2755 5253 νόμου
2804 5184 3040 5252 φύλακα,
3074 5183 3368 5252 Θαυμάζω,
3404 5183 3532 5252 ἔφη,
3583 5183 3700 5246 πῶς
3748 5187 3894 5250 παρᾶ
3924 5186 4026 5235 Σα-

2475 5276 2779 5345 μαρείτιδος
2819 5278 2986 5337 αἰτεῖς
3024 5280 3194 5342 πίμα,
3229 5275 3336 5326 τῶν
3380 5275 3646 5328 Ἰουδαίων
3702 5277 3812 5335 τοῖς
3844 5276 4026 5340 Σαμα-

2476 5368 2681 5434 ρείταις
2723 5366 2793 5427 ὡς
2819 5367 3050 5428 ὲθνικοῖς
3084 5363 3200 5417 οἷσι
3237 5367 3309 5436 μὴ
3365 5365 3786 5418 κοινωνούντων.
3865 5367 3921 5416 '0
3974 5367 4029 5416 δὲ

2476 5459 2680 5528 Κύριος
2713 5460 2965 5529 ἀφορμῆς
3019 5460 3320 5529 λαὸῦμενος
3369 5461 3557 5512 ἑαυτὸν
3618 5457 4029 5511 ἀποκαλύπτειν

3884 5563 4030 5599 ’ἐοωο

805 5663 971 5722 πιεῖν,
996 5659 1057 5711 σὺ
1080 5658 1142 5711 ἂν
1174 5657 1378 5726 ᾔτησας
1407 5651 1586 5714 αὐτὸν,
1629 5648 1722 5700 καὶ
1757 5647 1951 5698 ἔδωκεν
1981 5646 2041 5699 ἄν
2097 5662 2178 5697 σοι
2213 5644 2355 5714 ὕδωρ
2396 5645 2523 5709 ζῶν.
2568 5664 2584 5698 ι

887 5838 1059 5886 ~’.l'tt:
1148 5853 1285 5888 .\_.‘
1396 5829 1600 5881 "(ith
1648 5827 1914 5884 ἰλιιῃὲἶ
