4442 6448
775 383 881 444 ἓῖιό

2057 384 2437 449 GltEGORII
2483 390 2806 450 PALARHE

3919 397 4020 456 956

778 509 958 553 mente
1002 498 1045 551 si
1096 499 1298 553 sanctis
1331 499 1601 553 incumbis
1632 501 2094 567 meditationibus,
2124 505 2352 572 teipsum
2387 513 2428 564 Α
2461 509 2532 559 ἀπ

2271 521 2352 556 um
2387 513 2428 564 Α
2461 509 2850 578 ἀποστρέφεις,
2881 510 3022 562 οὕτω
3057 511 3150 562 καὶ
3215 513 3307 562 ἐπὶ
3335 511 3430 576 τῆς
3481 510 3715 572 διανοίας
3748 527 3758 539 ·
3797 511 3861 562 ἂν
3929 521 4025 579 μὶν

779 592 998 658 dignum
1048 589 1181 643 faris
1223 606 1378 658 quem
1428 591 1569 644 Deus
1607 595 1909 658 intueatur;
1954 595 2040 648 hic
2075 606 2156 648 est
2207 600 2350 650 enim

780 681 913 732 odor
959 681 1261 743 sumitatis,
1313 698 1468 749 quem
1519 683 1773 735 mloratur
1807 686 2097 751 Dominus;
2140 687 2186 741 si
2229 703 2354 739 vero

783 773 966 839 pravis
991 782 1042 824 et
1078 773 1312 826 sordidis
1343 789 1402 825 ac
1433 777 1782 828 terrestribus
1817 777 2038 844 agitaris
2070 779 2355 844 Cogitatio-

784 863 967 923 nibus.
1000 863 1154 929 longe
1190 864 1250 916 iis
1283 864 1349 915 ab
1387 863 1558 917 oculis
1591 866 1702 928 Dei,
1733 875 1785 917 et
1819 867 2013 920 misere
2054 877 2102 920 te
2133 868 2354 934 dignum

785 953 961 1005 reddis
1003 956 1282 1008 aversione
1324 957 1505 1009 divina
1542 977 1553 1010 :
1597 975 1613 1006 ι
1652 956 1782 1010 Nam
1822 974 1924 1010 non
1965 961 2360 1027 permanebunt

787 1043 969 1105 iujusti
1003 1055 1126 1097 ante
1159 1048 1346 1099 orulos
1379 1057 1558 1109 tuos,»
1594 1049 1728 1102 dixit
1765 1049 1870 1102 Deo
1909 1052 2163 1118 propheta
2202 1050 2352 1103 Psal-

785 1137 969 1191 mistes
1012 1140 1077 1193 ".
1131 1139 1336 1193 Etenim
1389 1158 1510 1196 cum
1566 1143 1645 1195 lex
1690 1144 1803 1210 ipsa
1830 1144 2015 1212 jubeat
2051 1165 2063 1198 :
2107 1166 2122 1195 ι
2158 1147 2361 1198 Recor-

785 1232 916 1284 dare
949 1232 1003 1283 in
1033 1234 1286 1288 omnibus
1323 1234 1534 1287 Domini
1571 1235 1659 1289 Dei
1707 1238 1803 1299 tui,
1840 1238 1954 1292 sive
1996 1239 2216 1303 sedens,
2247 1241 2362 1294 sive

786 1324 1092 1388 ambulans,
1133 1336 1239 1379 tam
1282 1329 1332 1379 in
1368 1328 1533 1380 cubili
1568 1345 1727 1396 quam
1761 1331 1811 1383 in
1843 1332 2040 1399 vigiliis
2070 1334 2150 1394 '°;
2191 1352 2206 1383 ι
2239 1349 2360 1387 cum

789 1413 1009 1482 insuper
1038 1417 1180 1469 dicat
1208 1417 1535 1484 evangelista
1568 1436 1581 1473 :
1611 1435 1628 1468 ι
1659 1417 1990 1474 Scrutamini
2027 1421 2363 1489 Scripturas,

788 1515 838 1556 et
867 1505 919 1556 in
950 1505 1029 1558 eis
1061 1505 1226 1558 vitam
1260 1516 1518 1560 aeternam
1551 1509 1948 1573 invenietis“;)
1987 1528 2193 1565 necnon
2239 1515 2363 1564 bur-

791 1605 939 1647 tetur
1005 1597 1298 1664 Apostolus
1358 1599 1542 1652 dicens
1609 1617 1622 1650 :
1686 1618 1704 1651 ι
1762 1600 1888 1654 Sine
1968 1605 2369 1658 intermissione

792 1698 943 1739 orate
958 1686 1023 1750 ⁸³,
1040 1706 1057 1738 ι
1087 1688 1176 1756 qui
1207 1690 1559 1744 terrestribus
1583 1690 1902 1745 immoratur
1921 1695 2366 1778 cogitationibus.

794 1777 1016 1830 omnino
1053 1787 1132 1832 est
1175 1779 1304 1849 legis
1347 1790 1754 1850 transgressor;
1799 1785 1886 1851 qui
1924 1801 2050 1838 vero
2093 1787 2274 1853 pravis
2310 1777 2365 1841 et

796 1875 1080 1943 turpibus,
1116 1886 1316 1944 quanto
1353 1876 1560 1945 magis?
1605 1878 1669 1928 At
1695 1893 1930 1944 quonam
1959 1889 2200 1947 tempore
2235 1882 2367 1933 ado-

799 1977 1060 2018 raverunt
1135 1976 1319 2034 patres
1379 1967 1546 2020 nostri
1601 1968 1652 2021 in
1710 1969 1800 2020 illo
1859 1970 2085 2022 monte?
2139 1970 2368 2034 Quando

796 2055 966 2110 Jacob
1009 2057 1320 2125 patriarcha
1375 2057 1512 2112 Esau
1571 2058 1789 2112 fratrem
1841 2061 2080 2112 invidum
2135 2061 2364 2127 fugiens,

802 2162 1108 2215 parensque
1151 2147 1394 2200 consiliis
1433 2150 1600 2215 patris
1631 2149 1779 2203 Isaac
1809 2151 1938 2202 abiit
1977 2150 2028 2202 in
2065 2149 2368 2217 Mesopota-

802 2239 986 2297 miam,
1016 2249 1068 2292 et
1091 2239 1307 2307 quando
1339 2240 1460 2292 inde
1492 2257 1610 2292 cum
1641 2242 1960 2295 mulieribus
1989 2251 2042 2296 et
2073 2243 2257 2296 liberis
2287 2259 2370 2296 re-

803 2330 934 2382 divit
962 2345 975 2393 ;
1009 2345 1130 2384 nam
1179 2346 1457 2399 regressus
1485 2332 1638 2400 juvta
1667 2333 1845 2386 locum
1878 2333 2026 2386 illum
2057 2334 2173 2389 ﬁxit
2199 2344 2374 2390 tento-

803 2422 907 2484 ria,
937 2421 988 2474 in
1013 2439 1122 2490 quo
1147 2421 1415 2476 Dominus
1435 2439 1554 2477 cum
1587 2425 1916 2478 Samaritide
1939 2425 2371 2495 colloquebatur,

806 2521 860 2562 ct
911 2521 1033 2579 post
1081 2524 1291 2580 raptum
1345 2513 1491 2566 Dime
1540 2515 2074 2584 Sicbeudtarumque
2121 2518 2373 2583 exitium,

807 2600 945 2654 dixit
997 2600 1135 2656 Deus
1171 2599 1357 2666 Jacob,
1403 2603 1544 2658 sicut
1586 2604 1638 2657 in
1686 2604 1882 2660 Genesi
1937 2609 2196 2676 scriptum
2229 2617 2311 2661 est
2359 2626 2372 2661 :

814 2713 833 2745 ι
871 2694 1043 2762 Surge
1088 2703 1138 2747 et
1172 2696 1405 2750 ascende
1442 2695 1642 2760 Bethel,
1681 2697 1874 2766 facque
1929 2700 2002 2752 ibi
2051 2699 2225 2752 altare
2269 2698 2377 2753 Deo

809 2785 899 2853 qui
961 2787 1208 2854 apparuit
1252 2787 1348 2840 tibi
1395 2790 1610 2855 quando
1663 2790 1908 2859 fugiebas
1965 2793 2102 2845 Esau
2156 2791 2376 2845 fratrem

812 2878 1050 2930 tuum".
1089 2898 1106 2930 ι
1141 2880 1353 2944 Quibus
1403 2882 1624 2946 auditis,
1659 2884 1891 2937 surrexit
1942 2881 2109 2937 Jacob
2143 2885 2194 2936 in
2242 2899 2382 2952 pra:-

813 2968 1016 3022 dictum
1069 2982 1331 3034 montem,
1375 2982 1424 3024 ct
1465 2974 1748 3026 aediﬁcavit
1801 2974 1910 3037 ibi,
1947 2984 2003 3026 ut
2029 2973 2232 3026 dictum
2265 2984 2378 3036 est,

814 3060 1006 3127 altare,
1050 3069 1103 3114 et
1138 3063 1424 3130 appellavit
1476 3079 1669 3118 nomen
1705 3065 1804 3118 loci
1850 3065 1994 3118 illius
2041 3063 2261 3128 Bethcl;
2308 3064 2380 3116 ibi

2461 600 2611 665 ἱερὰν
2669 601 2798 671 ἔχῃς
2827 603 3062 670 μελέτην
3094 601 3188 653 καὶ
3247 601 3502 666 σπουδὴν,
3539 603 3841 668 ἐπισκοπῆ·
3879 603 4027 656 θείοις

2460 692 2606 754 ἄξιον
2645 695 2814 754 ποιεῖς
2843 696 3068 746 σεαυτόν
3095 710 3108 723 ·
3142 694 3280 760 αὕτη
3314 696 3419 762 γὰρ
3455 688 3518 762 ἧς
3543 696 3893 761 δσφραίνεται
3925 698 4028 745 KC-

2465 802 2576 851 ριος
2610 786 2784 854 ὀσμῆς
2821 786 3047 848 εὐωδίας
3071 803 3084 818 ο
3120 788 3183 839 ἂν
3210 789 3263 839 δὲ
3292 790 3560 856 πονηροὺς
3618 790 3708 837 καὶ
3753 790 4028 854 ρυπαροτις

2462 879 2553 929 καὶ
2584 879 2806 944 γητνους
2838 878 2985 929 ἔνδον
3032 879 3239 947 τρέφῃς
3271 879 3589 945 λογισμοζς.
3653 881 3868 944 μακών
3905 881 4030 948 γένῃ

2461 970 2561 1036 τῆς
2589 968 2739 1030 θείας
2807 971 3137 1037 ἐπισκοπῆς,
3185 974 3284 1038 τῆς
3337 972 3686 1036 ἀποστροφῆς
3740 970 3831 1020 τοῦ
3897 971 4030 1021 ι-ὶεοῦ

2465 1061 2565 1127 φεῦ
2611 1060 2758 1124 ἄξιον
2794 1061 2987 1111 σαυτὸν
3017 1061 3429 1128 ἐργασάμενοεῐ
3473 1080 3489 1110 ι
3558 1063 3630 1112 Οὺ
3682 1061 3788 1128 γ.⁵ιρ
3842 1062 4020 1128 διαμε-

2466 1151 2616 1202 νοῦσι
2646 1153 2954 1218 παράνομοι
2985 1152 3275 1204 κατέναντι
3341 1153 3448 1202 τιτιν
3499 1152 3792 1220 ὀφθαλμῶν
3851 1169 3964 1210 σου,
4009 1171 4024 1202 ι

2467 1244 2596 1306 πρὸς
2627 1245 2718 1295 τὸν
2749 1246 2880 1294 Θεον
2913 1262 3073 1313 φησιν
3129 1247 3154 1296 6
3210 1245 3501 1311 ψαλμιχδὸς
3550 1245 3859 1310 Προφιῖτης.
3923 1243 4026 1295 Τοῦ

2469 1334 2578 1402 γὰρ
2611 1334 2776 1401 νόμου
2817 1335 3298 1401 διακελευομένου,
3341 1353 3356 1385 ι
3402 1334 3703 1404 Μνησθήσῃ
3764 1335 3848 1385 διὰ
3901 1353 4031 1386 παν-

2469 1421 2555 1475 τὸς
2609 1424 2811 1490 Κυρίου
2865 1423 2956 1474 τοῦ
2987 1424 3125 1474 θεοῦ
3183 1442 3298 1481 σου.
3356 1426 3663 1492 καθήμενος
3699 1429 3788 1476 v.1".
3837 1441 4034 1493 πορευ-

2470 1513 2682 1578 όμενος,
2717 1513 3099 1581 κοιταζομενος
3138 1516 3231 1566 καὶ
3265 1515 3679 1584 διανιστάμενος
3705 1530 3718 1544 ⁶
3756 1535 3773 1565 ι
3807 1517 3898 1566 καὶ
3941 1516 4034 1567 τοῦ

2473 1603 2808 1670 Εὐαγγελίου
2837 1605 3088 1669 λέγοντος
3111 1623 3124 1636 ⁸
3167 1624 3186 1656 ‹
3209 1607 3495 1674 Ἑρευνᾶτε
3539 1607 3634 1667 τὰς
3671 1607 3913 1672 Γραφὰς,
3949 1607 4038 1657 καὶ

2475 1695 2531 1745 ἐν
2563 1693 2752 1754 αὑταῖς
2787 1695 3049 1763 εὑρήσετε
3084 1694 3230 1764 ζωὴν
3277 1695 3375 1763 τὴν
3427 1696 3688 1748 αἰώνιον·
3733 1715 3750 1745 ι
3795 1699 3885 1748 καὶ
3945 1698 4035 1747 τοῦ

2503 1785 2813 1838 Λποστόλου
2842 1787 3315 1853 παραγγέλλοντος
3339 1805 3351 1818 ·
3401 1807 3417 1838 ι
3464 1789 3848 1849 Ἀδιαλείπτως
3877 1806 4040 1857 προσ-

2470 1878 2694 1947 εύχεσθε
2721 1890 2793 1941 ,·ι
2825 1880 2852 1929 6
2881 1880 3088 1945 γηῖνοις
3134 1878 3412 1946 λογισμοῖς
3471 1880 3822 1947 ἐμϐραδύνων
3865 1881 4038 1948 παρά-

2471 1966 2635 2034 νομός
2671 1967 2785 2017 ἐστι
2819 1965 3039 2027 πάντως
3069 1982 3081 1994 °
3113 1967 3138 2017 6
3171 1966 3222 2016 δὲ
3257 1966 3352 2018 καὶ
3411 1971 3666 2036 πονηροῖς
3723 1970 3813 2018 καὶ
3869 1970 4042 2036 ῥυπα-

2475 2058 2589 2126 ροῖς
2626 2056 2776 2123 πόσῳ
2811 2056 3050 2125 μᾶλλον;
3121 2056 3284 2108 ’Λλλά
3317 2056 3444 2109 ποτε
3477 2057 3552 2126 τῷ
3593 2058 3711 2125 Θεῷ
3773 2058 4040 2126 προσεκύ-

2473 2164 2643 2213 νησαν
2679 2148 2728 2198 οἱ
2767 2148 3003 2215 πατέρες
3043 2147 3198 2217 ἡμῶν
3230 2149 3287 2200 έν
3315 2147 3391 2215 τῷ
3425 2148 3541 2217 ὄρει
3594 2151 3801 2217 τούτῳς
3847 2150 4034 2200 'llvixz

2485 2237 2680 2290 ’ἰακὼὸ
2715 2239 2741 2290 6
2793 2239 3140 2308 πατριάρχης
3197 2239 3290 2290 τόν
3346 2257 3405 2290 τε
3474 2240 3700 2308 ἀδελφὸν
3743 2241 4040 2308 φθονοῦντα

2476 2329 2696 2397 φεύγων
2764 2329 2954 2392 Ἠσαῦ,
2994 2331 3088 2381 καὶ
3144 2333 3265 2392 ταῖς
3299 2330 3634 2398 συμϐουλαῖς
3679 2333 3772 2384 τοῦ
3838 2334 4040 2399 πατρος

2478 2423 2720 2474 ὑπείκων
2766 2421 2974 2486 Ἰσαὰκ,
3021 2423 3157 2491 πρὸς
3213 2424 3640 2489 Μεσοποταμίαν
3698 2424 3884 2494 ἀπῄει,
3948 2427 4044 2477 καὶ

2477 2515 2640 2582 ἡνίκα
2673 2515 2769 2566 σὺν
2801 2513 3046 2580 γυναιξὶν
3094 2513 3302 2566 ἐκεῖθεν
3353 2515 3580 2584 ἐπανῄει
3627 2515 3722 2567 καὶ
3789 2517 3998 2576 τέκνοις
4026 2532 4042 2546 '

2479 2607 2621 2658 κατὰ
2653 2605 2760 2674 γὰρ
2783 2603 2882 2674 τὴν
2920 2605 3182 2657 ἐπάνοδον
3215 2607 3418 2673 σκηνὰς
3455 2607 3756 2676 πηςαρένῳ
3789 2609 3917 2677 περί
3941 2625 4040 2658 που

2479 2698 2570 2751 τὸν
2600 2699 2763 2750 τόπον
2825 2697 3036 2762 τοῦτον,
3075 2697 3198 2749 καθ’
3225 2697 3284 2749 ὃν
3308 2698 3337 2748 6
3376 2698 3576 2765 Κύριος
3604 2698 3796 2765 ὡμίλει
3835 2703 3897 2768 τῇ
3942 2701 4044 2751 Σα-

2485 2790 2778 2859 μαρείτιδι,
2819 2791 2959 2858 μετά
2996 2789 3062 2842 τὰ
3093 2791 3235 2842 κατὰ
3273 2789 3369 2858 τὴν
3407 2788 3617 2852 Δείναν,
3654 2791 3744 2842 καὶ
3787 2791 3883 2854 τὴν
3910 2791 4043 2841 alw-

2485 2900 2568 2933 σιν
2614 2882 2722 2934 τῶν
2773 2882 3052 2950 Σικήμων,
3115 2877 3268 2933 εἶπεν
3305 2884 3331 2934 6
3367 2881 3495 2944 Θεὸς
3553 2883 3630 2950 τῷ
3703 2882 3916 2944 Ἰακὼὸ,
3971 2881 4046 2943 ὡς

2484 2975 2540 3024 ἐν
2572 2976 2635 3041 τῇ
2669 2971 2883 3024 Γενέσει
2936 2973 3284 3058 γέγραπταιο
3327 2991 3345 3022 ι
3390 2962 3656 3035 Ἀναστὰς
3692 2974 3922 3038 ἀνάϐηθι
3969 2976 4046 3034 εἰς

2485 3061 2708 3130 natm.
2736 3063 2830 3114 καὶ
2859 3063 3080 3129 ποίησον
3134 3064 3251 3115 ἐκεῖ
3274 3062 3658 3131 θυσιαστήριον
3690 3064 3766 3132 τῷ
3803 3063 3940 3131 Θεῷ,
3970 3063 4046 3130 τῷ

814 3151 957 3204 enim
999 3154 1250 3222 apparuit
1293 3154 1340 3208 ei
1391 3152 1554 3211 Dens.
1623 3155 1748 3208 Ideo
1803 3153 2144 3207 Samaritana
2201 3155 2336 3207 dixit
2370 3173 2380 3206 :
2410 3169 2455 3231 ρ
2488 3155 2568 3220 ὀφι

2297 3155 2336 3204 it
2370 3173 2380 3206 :
2410 3169 2455 3231 ρ
2488 3154 2709 3220 ὀφθέντι
2747 3170 2828 3205 σοι
2859 3155 2914 3204 ἐν
2944 3154 3022 3223 τῷ
3054 3154 3480 3223 ἀποδιδράσκειν
3519 3171 3576 3206 σε
3617 3156 3724 3208 ἀπὸ
3755 3155 4047 3224 προσώπου

822 3260 839 3292 ι
884 3241 1015 3298 Vere
1039 3254 1216 3312 patres
1258 3246 1425 3299 nostri
1483 3247 1846 3302 adoraverunt
1905 3247 1956 3299 iu
2000 3247 2103 3299 hoc
2138 3254 2376 3308 monte,»

819 3336 1011 3404 priscae
1055 3336 1160 3405 legi
1215 3338 1623 3405 adhmresccns;
1672 3355 1794 3392 nam
1850 3338 2285 3407 praescriptiones
2326 3338 2390 3389 de

821 3427 1016 3494 templo
1068 3426 1554 3498 llierosolymitauo
1610 3431 1878 3486 mandatae
1923 3440 2049 3483 sunt
2097 3429 2385 3498 posterius.

821 3520 886 3570 Et
931 3535 1049 3572 cum
1083 3520 1233 3574 locus
1279 3521 1367 3574 ille
1411 3541 1428 3572 ι
1472 3524 1666 3576 domus
1709 3523 1796 3576 Dei
1833 3541 1850 3574 ι
1886 3540 1914 3576 a
1949 3522 2116 3577 Jacob
2169 3533 2390 3575 vocatus

824 3609 986 3664 fuerit
1037 3612 1160 3681 (hoc
1212 3613 1355 3667 enim
1407 3615 1819 3682 interpretatum
1871 3616 2125 3684 exprimit
2185 3614 2390 3684 Bethel)

826 3703 1016 3757 mulier
1071 3706 1259 3774 qurerit
1319 3708 1592 3776 quomodo
1631 3723 1734 3761 non
1769 3709 1879 3776 jam
1937 3711 1988 3761 in
2041 3707 2246 3771 Bethel,
2299 3707 2391 3760 sed

828 3793 1215 3865 Hierosolymis
1263 3797 1473 3851 dicatur
1500 3814 1621 3854 esse
1662 3801 1854 3854 domus
1885 3799 1974 3852 Dei
2021 3799 2071 3851 in
2102 3814 2206 3866 qua
2238 3797 2394 3866 jube-

827 3887 1022 3942 bantur
1085 3889 1351 3944 sacriﬁcia
1400 3900 1452 3945 et
1502 3891 1844 3946 adorationes
1889 3892 1994 3945 Deo
2039 3891 2256 3944 oll'erre.
2289 3891 2395 3943 Do-

830 3981 1011 4034 minus
1039 3997 1164 4034 vero
1195 3982 1352 4037 tinem
1381 3999 1689 4037 sermonum
1723 3999 1945 4037 suorum
1976 3985 2218 4040 inferens
2248 3995 2303 4038 et
2329 3988 2399 4041 de

831 4072 943 4137 ipsa
999 4074 1222 4128 muliere
1283 4076 1580 4143 praedicens
1631 4091 1749 4130 eam
1806 4091 1925 4129 esse
1983 4077 2194 4144 qualem
2257 4079 2396 4133 Deus

831 4158 1091 4222 qmeritet
1139 4160 1356 4227 accipit.
1389 4161 1566 4212 verbis
1591 4159 1732 4213 illius
1766 4161 2118 4228 respondens,
2152 4161 2394 4230 «Mulier,

831 4249 1024 4316 inquit,
1073 4252 1230 4304 crede
1285 4251 1414 4303 mihi
1463 4251 1589 4319 quia
1629 4252 1774 4304 venit
1809 4253 1933 4305 hora
1973 4253 2192 4321 quando
2226 4270 2398 4323 neque

831 4344 884 4394 in
937 4354 1114 4397 monte
1165 4345 1284 4414 hoc,
1339 4360 1514 4413 neque
1565 4346 1616 4397 in
1667 4344 2049 4416 Hierosolymis
2091 4347 2398 4401 adorabunt

832 4434 1066 4492 l‘atrcm.
1103 4454 1122 4486 ι
1183 4437 1479 4504 paucisque
1513 4437 1671 4490 dictis
1727 4455 1739 4489 :
1799 4457 1815 4488 ι
1873 4436 2012 4492 Deus
2063 4438 2204 4491 enim
2264 4441 2399 4494 tales

829 4529 1021 4593 qtlzPl‘il
1051 4526 1389 4582 adoratores.
1421 4547 1439 4579 ι

2501 3244 2670 3296 Ἥσαῦ
2705 3243 2798 3296 τοῦ
2825 3243 3052 3312 ἀδελφοῦ
3080 3262 3194 3298 σου.
3235 3264 3252 3295 ι
3301 3247 3410 3298 Καὶ
3435 3247 3572 3312 μετά
3606 3247 3664 3298 τὸ
3695 3248 3843 3316 ῥῆμα
3873 3248 4047 3309 τοῦτο,

2494 3337 2840 3402 μεταναστὰς
2883 3337 2910 3387 6
2956 3334 3153 3387 Ἰακὼϐ
3201 3335 3366 3404 ἀνέϐη
3417 3338 3494 3398 είς
3528 3337 3588 3388 τὸ
3647 3341 4050 3406 παρακείμενον

2490 3429 2636 3496 ὅρος,
2693 3428 2786 3479 καὶ
2823 3426 3170 3494 ᾠκοδόμησε,
3232 3430 3416 3495 φησιν,
3474 3429 3590 3479 ἐκεῖ
3641 3427 4051 3495 θυσιαστήριον,

2489 3522 2584 3572 καὶ
2616 3519 2838 3572 ἐκάλεσε
2878 3519 2936 3568 τὸ
2983 3518 3154 3584 ὖνομα
3179 3518 3270 3570 τοῦ
3305 3520 3468 3570 τόπου
3503 3519 3701 3588 Βαιθήλ
3730 3536 3742 3548 ·
3777 3522 3892 3571 ἐκεῖ
3944 3523 4049 3589 γὰρ

2492 3613 2739 3680 ἐπεφάνη
2770 3612 2915 3681 αὐτῷ
2941 3613 2966 3663 ὁ
2989 3613 3142 3673 Θεός.
3167 3613 3263 3662 Διὰ
3287 3613 3441 3664 τοῦτό
3475 3615 3688 3679 φησινή
3723 3614 4048 3681 Σαμαρεῖτις

2494 3705 2573 3756 ὅτι
2617 3705 2679 3756 Οί
2703 3705 2936 3772 πατέρας
2968 3703 3122 3771 ἡμῶν
3146 3704 3300 3771 112
3336 3706 3390 3754 ἐν
3419 3703 3495 3772 τῷ
3536 3704 3649 3771 ὄρει
3683 3705 3855 3772 τούτῳ
3885 3721 4054 3774 προσ-

2496 3795 2790 3866 εκύνησαν,
2848 3797 2954 3862 τῶν
3002 3795 3245 3862 ἀρχαίων
3297 3794 3519 3845 ἐκείνων
3571 3796 3945 3864 ἀντεχομένηο
3988 3797 4054 3846 τὰ

2495 3888 2604 3956 γὰρ
2636 3889 2777 3940 κατὰ
2818 3889 2909 3939 τὸν
2941 3890 2998 3940 ἐν
3039 3886 3439 3955 Ἱεροσολύμοις
3492 3887 3616 3939 ναὸν
3658 3887 3880 3955 ὕστερον
3943 3889 4057 3938 ἐνοο

2500 3981 2816 4050 μυθετήθη·
2847 3981 2938 4031 καὶ
3007 3979 3307 4048 ἐπειδήπερ
3361 3981 3388 4030 6
3440 3979 3603 4040 τόπος
3667 3981 3870 4039 ἐκεῖνος
3913 3975 4057 4040 οἶκος

2497 4073 2634 4126 Θεοῦ
2665 4073 2867 4140 ἐκλήθη
2905 4071 3056 4139 παρὰ
3087 4070 3179 4122 τοῦ
3236 4070 3431 4122 Ἰακώὸ
3457 4086 3468 4097 ·
3508 4069 3663 4121 τοῦτο
3720 4072 3826 4137 γὰρ
3888 4071 4058 4137 ἑρμη-

2500 4167 2792 4234 νευόμενον
2820 4165 2970 4232 δηλοῖ
2998 4163 3058 4214 τὸ
3097 4162 3299 4232 Βαιθῂλ
3324 4181 3336 4192 ·
3395 4162 3644 4232 διαπορεῖ
3687 4163 3924 4213 ποθοῦσα
3963 4179 4061 4229 μα-

2499 4257 2632 4322 θεῖν,
2670 4257 2789 4318 πῶς
2815 4257 2914 4308 οὐκ
2948 4257 3064 4308 ἐκεῖ
3105 4254 3327 4321 μᾶλλον,
3379 4253 3494 4304 ἀλλ’
3551 4256 3607 4303 ἐν
3668 4253 4059 4320 Ἱεροσολύμοις

2500 4344 2641 4402 εἶναι
2699 4348 2916 4415 λέγεται
2969 4350 2996 4400 ὁ
3042 4344 3187 4409 οἶκος
3216 4347 3309 4398 τοῦ
3359 4346 3516 4408 Θεοῦ,
3559 4348 3614 4395 ἐν
3662 4340 3703 4411 ᾧ
3759 4346 3907 4396 θύειν
3973 4349 4059 4394 καὶ

2503 4441 2834 4507 προσκυνεῖν
2861 4437 2936 4504 τῷ
2981 4435 3100 4503 Θεῷ
3147 4436 3450 4502 νομίζεται.
3515 4435 3571 4485 '0
3629 4436 3681 4487 δὲ
3739 4436 3936 4503 Κύριος
3972 4436 4062 4486 καὶ

2425 4523 2469 4574 Ῑ)
2499 4531 2590 4581 τὸν
2635 4529 2836 4580 σκοπὸν
2875 4528 2984 4580 τῶν
3009 4528 3224 4579 οἰκείων
3256 4527 3428 4590 λόγων
3461 4526 3558 4594 ἤδη
3613 4528 3905 4594 περαίνων,
3971 4529 4061 4578 καὶ

831 4617 962 4686 περὶ
1007 4621 1104 4687 τῆς
1136 4620 1392 4686 γυναικὸς
1441 4621 1827 4688 προφητεύων,
1859 4621 1941 4672 ὅτι
1979 4619 2206 4688 τοιαύτη
2239 4621 2389 4672 ἔσται
2428 4620 2548 4672 οἵαν
2579 4622 2606 4670 6
2630 4620 2761 4679 Θεὸς
2785 4619 2937 4686 ζητεῖ
3002 4637 3058 4670 τε
3097 4621 3186 4669 καὶ
3215 4617 3558 4682 ἀποδέχεται,
3613 4621 3702 4668 καὶ
3767 4618 3900 4684 πρὸς
3939 4616 4060 4674 τοὺς

833 4710 1002 4778 αὐτῆς
1059 4711 1250 4776 λόγους
1324 4712 1779 4779 ἀποκρινὸμενος,
1846 4731 1863 4763 ι
1923 4712 2221 4764 Πίστευσον
2283 4731 2394 4780 μοι,
2438 4712 2619 4777 γύναι,
2685 4713 2874 4781 φησιν,
2941 4712 3021 4763 ὅτι
3087 4711 3304 4778 ἔρχεται
3364 4709 3502 4776 ὥρα,
3559 4710 3646 4760 ὅτε
3688 4710 3809 4763 οὗτε

3903 4730 3928 4760 ν
3990 4711 4061 4778 τῷ

833 4803 950 4870 δρει
980 4801 1319 4872 τούτῳ,οῠτε
1353 4803 1411 4853 ἐν
1447 4803 1846 4872 Ἰεροσολύμοις
1877 4808 2284 4873 προσκυνήσετε
2308 4803 2383 4871 τῷ
2421 4805 2612 4872 Πατρί.
2653 4823 2668 4854 ι
2705 4806 2813 4854 Καὶ
2846 4802 2959 4871 μετ’
3004 4801 3193 4865 ὀλίγα·
3257 4818 3272 4849 ι
3337 4799 3621 4860 Τοιούτους
3695 4801 3803 4868 γὰρ
3854 4805 3875 4851 ὁ
3933 4802 4060 4861 Θεὸς

835 4897 987 4962 ζητεί
1017 4897 1141 4958 τοὺς
1163 4894 1602 4963 προσκυνοῦντας
1632 4896 1816 4949 αὐτόν.
1847 4913 1865 4946 ι

909 4987 1112 5043 Videtis
1142 4989 1414 5058 quomodo
1450 4989 1512 5041 de
1549 4989 1662 5057 ipsa
1709 4991 1905 5044 asserit
1934 5005 2051 5042 eam
2089 4989 2244 5042 talem
2282 5002 2399 5040 esse

835 5081 1049 5148 qualem
1081 5082 1220 5134 Deus
1246 5083 1472 5148 quzerit,
1507 5080 1718 5134 Patrem
1744 5081 2067 5134 altissimum
2105 5097 2210 5134 non
2245 5081 2294 5132 in
2338 5081 2394 5130 ti-

839 5192 967 5242 gura
992 5175 1082 5228 sed
1100 5179 1394 5229 secundum
1420 5176 1694 5228 veritatem
1719 5174 1987 5245 Evangelii
2009 5176 2399 5230 adoraturam?

840 5268 902 5322 Ei
946 5268 1087 5319 enim
1113 5267 1242 5320 dicit
1275 5286 1286 5318 :
1329 5286 1345 5316 ι
1381 5264 1496 5319 Jam
1540 5283 1642 5319 non
1682 5268 1735 5320 in
1773 5271 1872 5323 hoc
1908 5279 2104 5333 tuente,
2140 5284 2312 5336 neque
2348 5269 2398 5322 in

841 5359 1229 5427 Hierosolymis
1268 5359 1564 5413 adorabitis
1610 5357 1850 5426 Patrem;
1898 5378 1914 5410 ι
1956 5361 2225 5428 simulque
2266 5360 2398 5426 legis

841 5454 1244 5517 translationem
1286 5451 1356 5505 illi
1399 5460 1581 5519 aperte
1619 5452 1933 5514 adnuntiat;
1967 5467 2086 5504 nam
2141 5454 2398 5505 translata

839 5544 1176 5606 adoratiune,
1230 5558 1450 5596 necesse
1494 5549 1575 5595 est
1613 5550 1751 5594 utet
1791 5542 1921 5608 legis
1962 5541 2244 5593 translatio
2287 5543 2396 5594 tiat.

843 5633 948 5687 διά
989 5632 1186 5686 interea
1232 5631 1381 5685 addit
1420 5649 1432 5684 :
1476 5649 1493 5682 ι
1531 5629 1636 5684 Vos
1679 5631 1917 5684 adoratis
1949 5631 2086 5698 quod
2126 5631 2347 5684 nescitis
2388 5648 2399 5684 :

941 5811 984 5837 τῖ’
1019 5808 1161 5861 PSH].
1215 5825 1262 5870 ι’,
1298 5808 1348 5860 (5.
1426 5809 1467 5839 ⁸⁰
1493 5807 1641 5862 Deut.
1674 5825 1746 5869 γι,
1784 5809 1832 5860 ’7.
1910 5809 1948 5837 “
1985 5809 2139 5861 .lnnn.
2169 5825 2196 5853 γ
2243 5809 2313 5862 39

2409 5808 2460 5840 “
2490 5807 2504 5859 l
2540 5805 2732 5860 Thess.
2775 5822 2822 5866 v,
2855 5807 2935 5856 l7.

3851 4999 3893 5010 ,ν
3953 4997 4002 5015 Τ

2581 4987 2775 5052 Ὁρᾶτε
2807 4985 2886 5036 ὅτι
2911 4983 3007 5032 καὶ
3040 4983 3168 5047 περὶ
3212 4981 3380 5048 αὐτῆς
3439 4980 3781 5030 διατείκεται.
3817 4979 3895 5029 ὅτε

2500 5081 2637 5146 αὐτη
2673 5078 2823 5128 ἔσται
2851 5076 2968 5126 οἵαν
3003 5077 3029 5124 ὁ
3061 5073 3190 5133 Θεὸς
3229 5072 3404 5140 ζητεῖ.
3433 5073 3524 5122 καὶ
3557 5072 3637 5121 ὅτι
3697 5074 4062 5137 προσκυνήσει

2499 5173 2575 5240 τῷ
2608 5167 2871 5220 ἀνωτάτω
2909 5165 3080 5233 Πατρὶ
3115 5168 3189 5232 μὴ
3221 5163 3484 5223 τοπικῶς,
3517 5161 3630 5213 ἀλλ’
3668 5162 4058 5227 εἰαγγελικώςς

2501 5265 2640 5331 Πρὸς
2667 5263 2839 5325 αὐτὴν
2870 5260 2977 5328 γὰρ
3007 5260 3033 5308 6
3061 5257 3238 5323 λόγος,
3273 5257 3353 5306 ὅτι
3378 5253 3514 5306 Οὔτε
3541 5257 3597 5305 ἐν
3628 5255 3702 5321 τῷ
3731 5257 3845 5321 ὄρει
3867 5255 3992 5305 τοὺτ
4014 5275 4060 5317 -ι,

2499 5355 2622 5408 οὕτε
2696 5355 2752 5405 ἐν
2788 5350 3180 5420 Ἱεροσολύμοις
3240 5348 3645 5415 προσκυνήσετε
3708 5345 3785 5413 τῷ
3848 5346 4056 5412 Harpx"

2500 5449 2614 5513 ἅμα
2645 5445 2696 5496 δὲ
2726 5444 2818 5494 καὶ
2869 5444 2967 5511 τὴν
3001 5441 3094 5494 τοῦ
3128 5441 3292 5508 νόμου
3332 5440 3620 5506 μετάθεσιν
3656 5435 4059 5502 φανερῶςαρτῇ

2499 5535 2899 5607 πρ·›αγγέλλ.ει’
2941 5532 3371 5601 μετατιθεμένης
3428 5534 3537 5597 γὰρ
3594 5528 3688 5592 τῆς
3751 5528 4054 5592 προσκυνψ

2502 5644 2658 5688 σεως,
2694 5625 2750 5690 ἐξ
2803 5625 3050 5692 ἀνάγκης
3085 5624 3176 5675 καὶ
3227 5621 3321 5674 τοῦ
3361 5621 3524 5687 νόμου
3559 5617 3848 5686 μετάθεσις
3884 5615 4053 5665 ἔσται.

3042 5805 3083 5828 ’ἶ
3116 5802 3249 5852 (ξι-ιι.
3282 5817 3439 5852 xxxx.
3488 5807 3498 5848 t
