4442 6448
398 408 502 470 SL7
1737 405 2059 467 HOBiIIJA
2100 407 2251 467 XIX.

3541 419 3641 484 258

417 520 577 571 Ἀ).λά
620 517 716 570 καὶ
753 517 812 569 τὸ
848 512 1051 585 μεταξὺ
1103 516 1392 585 κείμενον*
1433 534 1451 567 ι
1490 514 1682 587 Ὑμεῖς
1723 535 1965 587 προσκυ-
1999 532 2041 585 Α
2074 533 2169 572 nus

1886 536 1965 570 ιυ-
1999 532 2041 585 Α
2074 533 2169 572 nus
2203 518 2496 572 adoramus
2532 520 2674 589 quod
2719 521 2942 586 scimus,
2980 521 3105 590 quia
3150 524 3297 580 salus
3334 540 3397 581 es
3437 524 3640 583 ludatis

408 614 545 663 νεῖτε
571 609 599 663 6
627 610 728 662 οὐκ
758 609 961 671 οῖδατε,
992 610 1153 677 ἡμεῖς
1210 608 1627 677 προσκυνοῦμεν
1668 609 1695 662 6
1724 610 1964 679 οἴδαμεν,

406 704 487 757 ὅτι
524 705 558 772 ἡ
590 700 831 771 σωτηρία
881 703 945 755 ἐκ
974 701 1082 753 τῶν
1135 701 1405 755 Ἰουδαίων
1447 704 1599 754 ἔστί·
1637 720 1655 753 ι
1699 703 1834 774 πρὸς
1873 704 1970 771 μὲν

409 796 499 847 τον
539 794 755 863 ἐκείνης
783 792 940 859 λόγον
971 791 1046 854 ὡς
1075 792 1367 861 ἀπόκρισίς
1418 796 1586 853 ἐστιν.
1626 794 1742 861 ἅμα
1781 794 1834 846 δὲ
1879 796 1972 846 καὶ

409 887 522 946 τοῖς
551 884 772 945 οἰκείοις
807 884 983 949 λέγοις
1018 884 1165 935 ἐστὶν
1188 882 1478 935 ἀκόλουθον
1501 900 1515 915 ·
1547 883 1704 936 τοῦτο
1727 885 1835 954 γάρ
1866 901 1974 953 φη-

413 993 495 1027 σιν
527 976 600 1037 ώς
630 978 786 1044 ἡμεῖς
812 976 859 1027 οἱ
902 974 1147 1027 Ἰουδαῖοι
1173 991 1185 1002 ·
1219 976 1501 1028 συντάττει
1528 977 1638 1045 γὰρ
1670 976 1766 1030 καὶ
1782 978 1976 1030 ἑαυτὸν

413 1067 662 1131 ἐκείνοις,
707 1067 780 1129 ώς
810 1066 866 1132 ἐξ
909 1066 1134 1119 ἐκείνων
1169 1066 1298 1120 ὄντα
1346 1070 1486 1120 κατὰ
1539 1068 1740 1136 σάρκα.
1783 1066 1976 1136 ῚΙμεῖς

409 1154 525 1220 οῦν,
557 1159 744 1228 φησιν,
769 1158 815 1209 οῖ
851 1158 925 1227 μὴ
956 1156 1418 1227 καταψευδόμενοι
1442 1158 1534 1213 τοῦ
1550 1160 1833 1229 ὀνόματος.
1862 1159 1975 1212 ἀλλ’

414 1248 870 1317 ἐπιγινώσκοντες
899 1248 967 1302 τὰ
997 1249 1260 1321 ἡμέτερα,
1297 1249 1454 1303 τοῦτο
1488 1250 1633 1304 κατά
1682 1250 1781 1321 τὴν
1812 1269 1979 1324 προσσ

415 1341 644 1411 κῦνησιν
678 1342 829 1409 ὑμῶν
862 1342 965 1395 τῶν
996 1345 1354 1414 Σαμαρειτῶν
1383 1345 1735 1415 διαφέρομεν.
1772 1347 1851 1398 ὅτι
1893 1364 1978 1413 γι-

415 1428 700 1499 νώσκομεν
739 1432 829 1485 διὰ
876 1431 1034 1486 τοῦτο
1090 1435 1187 1502 τὴν
1224 1436 1594 1504 προσκύνησιν
1646 1436 1705 1488 ιν
1750 1434 1978 1506 Ἰουδαίᾳ

414 1521 691 1575 τελεῖσθαι
720 1523 1099 1595 νομιζομένην,
1127 1526 1207 1578 ὅτι
1246 1528 1310 1578 ὲκ
1352 1526 1459 1578 τῶν
1489 1526 1763 1580 Ἰουδαίων
1791 1530 1824 1597 ὴ
1870 1544 1977 1580 σωο

416 1612 582 1679 τηρία
608 1615 807 1676 παντὸς
835 1612 930 1666 τοῦ
956 1616 1187 1683 κόσμου,
1219 1616 1495 1668 τουτέστιν
1517 1617 1544 1668 6
1571 1616 1803 1685 Χριστὸς
1830 1615 1981 1669 ιλεύ-

420 1718 593 1757 σεται.
636 1704 757 1757 Ὀτι
816 1705 871 1757 δὲ
910 1706 1092 1759 οὐκέτι
1131 1706 1341 1773 μέλλει,
1394 1707 1557 1770 αὐτὸς
1609 1709 1720 1775 γὰρ
1748 1703 1835 1777 ἦν,
1881 1708 1980 1762 οῦκ

419 1792 572 1851 εἶπεν
606 1796 687 1848 ὅτι
720 1796 783 1849 Ἡ
814 1799 1056 1867 σωτηρία
1096 1800 1160 1850 ἐκ
1204 1799 1310 1850 τῶν
1343 1798 1611 1851 Ἰουδαίων
1644 1798 1817 1863 ἔσται,
1864 1799 1979 1853 ἀλλ’

2074 623 2175 663 est.
2222 629 2239 661 ι
2281 610 2489 675 Quibus
2537 609 2714 665 verbis
2748 620 2851 664 tatu
2898 612 3106 665 mulieri
3152 615 3442 681 respondet
3475 631 3637 686 quam

2074 717 2203 755 suos
2246 705 2421 755 lirutat
2465 716 2765 756 sermones.
2794 702 2880 756 Ait
2909 704 3048 756 enim
3088 721 3100 757 :
3134 703 3243 758 Nos
3288 702 3481 771 Judaei,
3516 722 3639 761 nam

2075 808 2132 846 se
2160 794 2239 845 eis
2280 791 2509 857 confert,
2546 795 2669 859 quia
2720 808 2779 845 es
2818 793 2922 848 illis
2955 803 3037 847 est
3070 797 3363 848 secundum
3399 811 3639 850 carnem.

2076 882 2184 936 Nos
2207 899 2357 953 ergo,
2393 883 2584 952 inquit,
2613 885 2704 952 qui
2741 899 2935 937 nomen
2966 900 3070 937 nun
3098 884 3334 940 lallunus
3356 926 3371 950 ,
3415 888 3508 941 sed
3539 904 3639 941 nu—

2079 984 2189 1028 stra
2224 976 2728 1039 animadvertimus,
2765 976 2815 1029 iu
2848 976 2949 1029 hoc
2998 978 3065 1030 ab
3097 977 3411 1033 adoratione
3462 991 3638 1035 vestra

2082 1066 2554 1121 Samaritanorum
2586 1069 2958 1137 discrepatnus
2989 1072 3242 1139 quoniam
3271 1072 3476 1127 scimus
3508 1074 3641 1127 ado-

2080 1159 2343 1212 ratioueut
2377 1159 2489 1226 lege
2519 1160 2827 1213 mandatam
2852 1159 2902 1212 iu
2938 1158 3123 1215 Jud:ea
3144 1163 3279 1226 ﬁeri,
3301 1164 3424 1231 quia
3452 1178 3516 1218 ex
3549 1165 3643 1217 ιυ-

2082 1248 2210 1303 daeis
2240 1250 2388 1303 salus
2422 1251 2607 1305 tnuudi
2642 1251 2904 1315 universi,
2938 1253 2989 1307 id
3022 1262 3103 1307 est
3145 1254 3398 1309 Christus
3434 1255 3644 1321 egredi-

2081 1350 2190 1395 tur.
2250 1340 2444 1396 Vermn
2496 1345 2621 1411 quia
2676 1344 2785 1412 jam
2844 1362 2951 1400 non
3018 1355 3102 1401 est
3159 1359 3455 1413 venturus,
3515 1364 3639 1403 cum

2082 1433 2307 1503 ipsemet
2343 1443 2481 1496 erat,
2517 1450 2625 1488 non
2653 1437 3028 1491 dixitsalutem
3053 1452 3115 1492 ex
3143 1436 3341 1494 ludatis
3373 1438 3509 1505 fore,
3547 1441 3640 1494 sed

2080 1539 2219 1578 esse.
2265 1542 2283 1575 ι
2325 1525 2429 1578 Sed
2463 1526 2628 1589 venit,
2667 1526 2858 1595 inquit.
2895 1529 3048 1589 hora,
3082 1537 3134 1581 et
3161 1544 3307 1582 nunc
3334 1537 3417 1583 est
3453 1546 3471 1579 ι
3511 1528 3642 1594 Quze

2081 1625 2204 1669 sunt
2248 1617 2594 1685 prnplteliCa;
2626 1617 2771 1671 venit
2795 1617 3033 1686 quidem,
3071 1619 3197 1686 quia
3245 1620 3482 1672 nondum
3516 1634 3640 1688 per-

2082 1704 2217 1761 fecta
2246 1716 2347 1771 est,
2380 1707 2472 1761 sed
2504 1708 2835 1775 perﬁcietur,
2856 1723 2996 1762 nunc
3026 1718 3203 1761 autem
3228 1719 3312 1763 est
3344 1710 3467 1776 quia
3490 1708 3639 1761 vide-

2082 1798 2171 1851 bat
2210 1812 2327 1851 eam
2362 1812 2467 1851 non
2503 1796 2733 1851 multum
2764 1798 2956 1853 abesse
2987 1800 3117 1867 quin
3150 1802 3396 1855 crederet
3426 1816 3639 1856 ncencn

419 1890 502 1942 ὃτι
529 1890 694 1941 ἐστιν.
719 1904 739 1939 ε
762 1887 903 1941 Ἀλλ’
927 1887 1165 1957 ἔρχεται,
1194 1891 1379 1959 φησιν,
1400 1888 1517 1958 ὥρα
1547 1889 1641 1943 καὶ
1663 1890 1756 1943 νῦν
1784 1890 1915 1944 ἔστι.
1954 1910 1972 1943 ε
2008 1887 2050 1943 Β
2080 1887 2132 1941 iu
2162 1903 2173 1940 ι

1886 1908 1915 1944 ι.
1954 1910 1972 1943 υ
2008 1887 2050 1943 Β
2080 1887 2132 1941 iu
2162 1886 2359 1956 spiritu
2389 1897 2441 1941 et
2473 1890 2699 1943 veritate
2738 1889 3013 1943 adoraret.
3048 1888 3193 1945 Dixit
3220 1906 3386 1960 ergo:
3426 1908 3444 1943 ι
3484 1891 3640 1946 Venit

423 1980 529 2033 Καὶ
553 1978 725 2032 ταῦτα
745 1980 1058 2049 προφητικά
1076 1995 1087 2008 ·
1116 1979 1178 2032 τδ
1204 1981 1303 2049 μὶν
1327 1980 1431 2050 γάρ
1455 1980 1697 2049 ἔρχεται,
1729 1982 1808 2034 ὅτι
1830 1980 1981 2035 οῠπω

422 2070 701 2137 ἐτελέσθη,
738 2070 1116 2141 τελεσθήσεται
1142 2073 1198 2125 δέ
1220 2087 1236 2104 ⁶
1266 2072 1327 2125 τὸ
1356 2073 1411 2125 δὲ
1443 2071 1537 2124 νῦν
1560 2074 1727 2135 ἐστιν,
1764 2076 1982 2144 ἐπειδή-

423 2180 528 2231 περ
560 2163 703 2231 ἐώρα
736 2164 937 2233 ταύτην
960 2165 1085 2217 ὅσον
1114 2164 1264 2217 οὔπω
1294 2164 1674 2229 πιστεύουσαν,
1707 2165 1801 2218 καὶ
1826 2183 1982 2219 πνευ-

426 2253 669 2321 ματικῶς
721 2254 817 2306 καὶ
863 2253 1079 2324 ἀληθῶς
1132 2254 1582 2325 προσκυνοῦσαν·
1648 2273 1666 2307 ε
1722 2255 1980 2324 Ἔρχεται

421 2340 533 2407 οῦν,
560 2346 744 2413 φησὶν,
770 2344 890 2414 ὥρα
920 2348 1015 2400 καὶ
1037 2344 1131 2399 νῦν
1165 2346 1334 2411 ἐστιν,
1360 2348 1447 2400 ὅτε
1477 2346 1527 2399 οί
1552 2347 1793 2415 ἀληθινοὶ
1812 2364 1980 2411 προσ-

423 2436 653 2502 κυνηταὶ
678 2440 1115 2507 προσκυνήσουσι
1149 2438 1227 2509 τῷ
1261 2438 1433 2509 Πατρὶ
1471 2440 1530 2492 ἐν
1584 2438 1856 2508 πνεύματι
1888 2440 1982 2492 καὶ

424 2528 653 2601 ἀληθείᾳ
673 2546 687 2560 ·
729 2548 747 2581 ι
786 2533 813 2582 6
846 2533 952 2602 γὰρ
990 2533 1247 2586 ἀνωτάτω
1268 2533 1363 2586 καὶ
1392 2532 1764 2604 προσκυνητδς
1796 2531 1982 2603 Πατὴρ

427 2619 613 2689 Πατὴρ
644 2622 1034 2691 αὐτοα).ηθείας
1088 2625 1226 2689 ἐστι,
1251 2624 1492 2692 δηλονότι
1521 2624 1614 2676 τοῦ
1661 2623 1983 2694 μονογενοῦς

422 2707 573 2773 Υιοῦ,
620 2715 712 2767 καὶ
772 2716 984 2781 πνεῦμα
1038 2715 1294 2785 ἀληθείας
1344 2717 1475 2787 ἔχει,
1534 2715 1596 2768 τὸ
1637 2714 1861 2785 Πνεῦμα
1921 2716 1982 2767 τὸ

2083 1980 2237 2047 hora,
2256 1990 2469 2036 etnunc
2492 1991 2593 2048 est,
2622 1983 2839 2051 quando
2860 1984 2966 2037 veri
2996 1985 3309 2037 adoratores
3336 1983 3639 2039 adorabunt

2084 2072 2293 2127 Patrem
2342 2073 2394 2127 in
2426 2072 2617 2141 spiritu
2645 2082 2697 2127 et
2733 2076 2972 2128 veritate.
3016 2094 3033 2126 ι
3084 2074 3213 2128 Nam
3262 2077 3555 2131 altissimus
3585 2087 3641 2132 et

2080 2161 2385 2216 adorandus
2414 2161 2574 2216 Pater
2596 2162 2768 2231 ipsius
2797 2163 3062 2223 veritatis.
3087 2163 3291 2218 scilicet
3315 2163 3435 2218 Filii
3455 2166 3641 2234 unige-

2081 2250 2200 2315 niti,
2229 2261 2280 2306 et
2307 2252 2554 2321 spiritum
2590 2253 2832 2307 veritatis
2868 2254 3047 2316 habet,
3075 2249 3337 2323 spiritum
3364 2262 3638 2318 sam-tum,

2080 2355 2133 2399 et
2155 2348 2245 2414 qui
2266 2346 2318 2399 in
2353 2345 2485 2413 ipsis
2510 2360 2632 2401 eum
2664 2346 2891 2400 adorant
2920 2354 3049 2400 sunt
3074 2346 3166 2413 qui
3201 2344 3382 2399 taliter
3410 2345 3640 2399 credunt

2080 2446 2240 2504 atque
2266 2447 2483 2505 pr0pter
2505 2451 2600 2491 eos
2619 2446 2936 2505 operantur.
2971 2436 3178 2490 Etenim
3216 2454 3235 2488 ι
3272 2433 3507 2505 Spiritus
3533 2446 3637 2496 est.

2080 2530 2150 2582 ait
2199 2528 2514 2599 Apustolus,
2564 2544 2657 2599 per
2695 2544 2853 2598 quem
2896 2530 3185 2583 adoramus
3234 2538 3287 2583 et
3333 2543 3430 2597 per
3476 2543 3637 2597 quem

2080 2624 2431 2677 obsecramus
2454 2621 2534 2687 ";
2566 2642 2584 2672 ι
2622 2629 2674 2674 et
2709 2639 2721 2675 :
2761 2638 2779 2671 ι
2819 2618 2987 2674 Nemo
3014 2622 3154 2675 venit
3188 2622 3253 2674 ad
3286 2618 3499 2675 Patrem
3533 2619 3639 2675 nisi

2082 2729 2177 2783 per
2204 2729 2342 2775 me,»
2373 2713 2510 2768 dixit
2538 2713 2845 2783 unigenitus
2874 2713 2964 2767 Dei
2996 2713 3183 2768 Filius.

424 2808 598 2872 ἅγιον,
661 2812 753 2864 καὶ
793 2812 839 2863 οί
880 2812 939 2864 ἐν
970 2811 1153 2872 αὐτοῖς
1180 2811 1371 2865 τοῦτον
1396 2809 1850 2879 προσκυνοῦντες,
1885 2811 1979 2864 καὶ
2007 2809 2083 2872 ώς
2110 2810 2252 2862 οὕτω
2280 2808 2626 2870 πιστεύοντες
2652 2808 2745 2861 καὶ
2774 2808 2850 2872 ώς
2884 2809 2972 2863 διὰ
2997 2809 3202 2862 τούτων
3236 2808 3634 2876 ἐνεργούμενα.

422 2899 493 2951 Τὸ
524 2898 741 2969 Πνεῦμα
778 2901 887 2971 γάρ
912 2903 1049 2963 εστι,
1070 2902 1233 2969 φησιν
1265 2902 1293 2954 6
1331 2901 1673 2965 Ἀπόστολος,
1712 2901 1782 2954 δι’
1803 2893 1865 2953 οὗ
1892 2900 2324 2970 προσκυνοῦμεν,
2355 2900 2447 2952 καὶ
2493 2900 2561 2953 δι’
2599 2893 2660 2953 οὗ
2689 2901 3105 2971 προσευχόμεθα
3126 2918 3141 2933 ο
3179 2920 3197 2953 ι
3226 2903 3317 2954 καί
3348 2920 3355 2932 ι
3391 2921 3409 2955 ε
3450 2903 3636 2963 Οὐδεὶς

422 2992 636 3061 ἔρχεται
668 2993 800 3062 πρὸς
829 2995 916 3047 τὸν
940 2995 1175 3064 Πατέρα,
1204 2996 1252 3047 εί
1286 2998 1359 3065 μὴ
1390 2994 1459 3048 δι’
1487 2994 1642 3064 ἐμοῦ,
1679 3014 1697 3047 ι
1732 2996 1759 3048 6
1789 2992 1882 3047 τοῦ
1904 2993 2038 3048 Θεοῦ
2063 2995 2370 3063 Μονογενής
2387 3010 2572 3063 φησιν.

492 3084 555 3136 Ol
593 3080 688 3137 οῦν
727 3085 897 3147 οὕτως
935 3089 991 3138 ἐν
1021 3086 1289 3152 πνεύματι
1318 3086 1410 3139 τὸν
1447 3088 1707 3140 ἀνωτάτω
1763 3087 1984 3155 Πατέρα

427 3176 873 3243 προσκυνοῦντες,
911 3170 1055 3230 οὗτοί
1093 3179 1231 3230 εἰσιν
1273 3179 1321 3229 οί
1376 3176 1620 3247 ἀληθινοὶ
1671 3194 1982 3249 προσκυνη-

423 3264 533 3319 ταί.
577 3267 731 3319 Ἐπεὶ
776 3267 830 3319 δὲ
873 3269 965 3320 καὶ
1013 3271 1079 3322 τὰ
1119 3268 1489 3337 Ἰεροσόλυμα,
1527 3267 1619 3321 καὶ
1665 3270 1763 3339 τὴν
1797 3269 1981 3335 Σαμά-

428 3372 579 3425 ρειαν
605 3358 875 3422 ἐξέϐαλεν,
902 3360 985 3412 ἴνα
1017 3361 1089 3429 μή
1114 3375 1197 3422 τις
1219 3360 1413 3430 νομίσῃ
1432 3363 1595 3415 τόπον
1628 3364 1811 3431 ἕτερον
1848 3365 1975 3415 ἀντ-

2148 3084 2316 3154 Igitur
2355 3087 2444 3154 qui
2477 3087 2529 3139 in
2563 3084 2759 3153 spiritu
2799 3083 3009 3139 Patrem
3043 3083 3364 3139 altissimum
3396 3086 3466 3139 ita
3506 3085 3609 3139 adu

2079 3186 2220 3243 rant,
2252 3178 2285 3231 ii
2319 3185 2444 3232 sunt
2475 3177 2582 3231 veri
2616 3179 2957 3231 adoratores.
2993 3175 3098 3229 Sed
3130 3187 3412 3246 postquam
3448 3175 3639 3231 Ηίθεοι

2076 3272 2341 3340 solymam
2370 3279 2421 3323 et
2447 3268 2747 3322 Samariam
2774 3267 3131 3335 seposuisset,
3159 3282 3226 3322 ne
3252 3266 3372 3337 quis
3395 3268 3637 3323 ert-deret

2076 3360 2253 3414 locum
2291 3360 2453 3413 alium
2488 3358 2719 3413 invicem
2765 3358 3174 3427 proponendum
3207 3372 3349 3423 esse,
3411 3374 3630 3427 sequen-

426 3446 848 3514 εισαχθήσεσθαι
905 3448 1140 3516 μέ-λλειν.
1170 3449 1259 3503 διὰ
1290 3450 1397 3503 τῶν
1428 3451 1554 3520 ἑξῆς
1582 3452 1786 3519 ἀπάγει
1816 3452 1976 3504 πάλιν
2004 3480 2048 3539 C
2084 3451 2180 3505 tibt

1882 3452 1976 3504 ιλιν
2004 3480 2048 3539 C
2084 3451 2228 3506 tibus
2272 3451 2452 3505 verbis
2494 3450 2690 3505 iterum
2738 3449 3265 3517 cximitquicunque
3320 3464 3636 3517 corpoream

424 3538 514 3589 τὸν
536 3538 883 3609 ἀκροώμενον
914 3541 1091 3611 πάσης
1112 3542 1432 3613 σωματικῆς
1464 3544 1671 3607 ἐννοίας
1692 3545 1786 3598 καὶ
1811 3545 1977 3599 τόπου

426 3630 521 3680 καὶ
562 3632 1015 3701 προσκυνήσεως,
1051 3650 1069 3683 ε
1107 3634 1349 3703 Πνεῦμα,
1391 3635 1583 3701 λέγων,
1621 3638 1648 3688 6
1696 3634 1849 3697 Θεὸς,
1886 3638 1980 3688 καὶ

424 3722 548 3783 τοὺς
588 3722 1025 3791 προσκυνοῦντας
1054 3725 1213 3777 αὐτὸν
1253 3725 1311 3777 ὲν
1342 3727 1612 3796 πνεύματι
1640 3728 1728 3779 καὶ
1754 3726 1979 3800 ἀληθείᾳ

422 3812 505 3865 δεῖ
536 3817 892 3882 προσκυνεῖν·
944 3834 961 3866 ι
997 3817 1296 3879 τουτέστιν,
1329 3820 1483 3882 ἐκτὸς
1515 3820 1780 3888 σωμάτων
1802 3820 1979 3888 πάντη

423 3904 513 3955 τὸν
554 3904 843 3973 ἀσώματον
893 3907 1237 3970 ἐννοοῦνυῳ
1270 3909 1412 3963 οὕτω
1466 3912 1574 3979 γὰρ
1633 3912 1727 3963 καὶ
1766 3912 1979 3981 ἀληθῶς

424 3991 644 4060 ἅψονται
697 3994 886 4048 τοῦτον
936 3997 1209 4067 πανταχοῦ
1244 4000 1298 4051 ὲν
1328 4000 1405 4069 τῷ
1457 4002 1726 4069 πνεύματι
1773 4002 1867 4055 καὶ
1912 4005 1977 4072 τῇ

424 4082 650 4154 ἀληθείᾳ
667 4084 831 4138 αὑτοῦ
860 4101 874 4116 ο
906 4087 979 4150 ώς
1004 4087 1103 4158 μὲν
1122 4088 1229 4159 γάρ
1260 4092 1474 4159 πνεῦμα
1494 4092 1755 4162 ὑπάρχων
1793 4096 1818 4145 6
1850 4094 1980 4156 Θεὸς

424 4174 709 4243 ἀξιώματός
743 4179 859 4229 εστι
883 4192 898 4209 ο
930 4181 989 4231 τὸ
1024 4180 1078 4233 δὲ
1108 4180 1397 4248 ἀσώματον
1424 4183 1578 4252 113
1607 4184 1705 4237 οὐκ
1743 4186 1801 4236 ὲν
1834 4187 1980 4252 τόπῳ

425 4265 595 4329 ἐστὶν,
630 4265 749 4318 οὐδὲ
786 4270 1030 4329 τοπικοῖς
1057 4268 1201 4333 ὅροις
1249 4273 1687 4339 περιγράφεται·
1722 4270 1915 4327 οὐκοῦν
1955 4278 1982 4326 6

424 4359 593 4425 λέγων
628 4362 685 4413 εν
712 4363 822 4423 τοῖς
852 4360 1020 4427 ὁρίοις
1050 4363 1229 4430 μόνοις
1260 4362 1369 4414 τῶν
1405 4363 1795 4433 Ἱεροσολύμων
1827 4366 1857 4434 ἢ
1887 4364 1980 4417 τοῦ

423 4452 519 4519 τῆς
561 4450 874 4519 Σαμαρείας
907 4450 1088 4522 ὅρους,
1131 4452 1162 4522 ἢ
1192 4454 1249 4504 ὲν
1278 4453 1421 4523 ἄλλῳ
1456 4456 1561 4506 τινὶ
1590 4455 1698 4506 τῶν
1737 4455 1980 4509 ἁπαντα-

424 4542 521 4610 χοῦ
558 4542 650 4613 γῆς
687 4546 782 4598 καὶ
807 4544 1036 4611 οὐρανοῦ
1071 4545 1249 4597 τόπων
1279 4547 1388 4597 δεῖν
1436 4547 1864 4615 προσκυνεῖσθαι
1892 4548 1984 4599 τὸν

427 4632 581 4694 Θεὸν,
638 4634 739 4685 οῦκ
790 4633 1004 4699 ἀληθῶς
1035 4650 1220 4700 φησιν,
1260 4634 1366 4686 οὐδ’
1407 4635 1621 4703 ἀληθῶς
1664 4640 1979 4703 προσκυνεῖ.

439 4724 581 4777 Ἀλλ’
608 4724 680 4787 ὡς
710 4727 809 4794 μὲν
848 4725 1135 4793 ἀσώματος
1164 4728 1189 4777 ὁ
1214 4725 1345 4789 Θεὸς
1369 4726 1626 4795 οὐδαμοῦ,
1658 4728 1732 4789 ώς
1761 4728 1817 4780 δὲ
1852 4726 1983 4790 Θεὸς

2081 3542 2463 3611 cogitationem
2494 3545 2571 3594 vel
2596 3541 2772 3596 locum
2792 3540 2873 3594 vel
2899 3541 3268 3594 adoratiouetu
3293 3541 3636 3609 intelligeret,

2080 3635 2307 3690 dicendo
2343 3652 2356 3689 :
2397 3652 2414 3685 ι
2447 3632 2680 3702 Spiritus
2716 3642 2798 3687 est
2833 3631 2996 3697 Deus,
3037 3641 3091 3686 et
3124 3635 3214 3701 qui
3252 3634 3475 3688 adurant
3514 3653 3636 3689 emn

2081 3730 2132 3781 in
2166 3728 2357 3796 spiritu
2393 3737 2445 3779 et
2478 3727 2698 3779 veritate
2737 3724 3230 3793 oportet-atlnrare,
3269 3743 3287 3776 ι
3338 3725 3391 3778 id
3413 3734 3516 3791 esl,
3548 3728 3640 3795 qui

2080 3837 2202 3874 eum
2240 3822 2617 3888 incorporeum
2660 3819 2880 3873 omnino
2907 3817 3027 3872 sine
3060 3832 3286 3884 corpore
3312 3827 3528 3886 putant;
3566 3820 3638 3872 ita

2080 3914 2222 3966 enim
2253 3928 2373 3966 vere
2407 3913 2664 3967 videbunt
2703 3927 2824 3965 eum
2858 3910 3056 3979 ubique
3094 3911 3144 3962 in
3184 3910 3377 3978 spiritu
3414 3910 3639 3980 ejusque

2082 4014 2323 4059 ventate.
2356 4003 2563 4057 Etenim
2601 4003 2822 4071 spiritus
2874 4017 2995 4056 com
3029 4003 3098 4055 sit
3129 4001 3285 4059 Deus.
3318 4011 3400 4056 est
3457 4004 3633 4057 iucor-~

2084 4112 2301 4166 porcus,
2344 4096 2487 4165 quod
2557 4104 2736 4148 autem
2792 4109 2988 4161 corpus
3030 4108 3139 4146 nou
3176 4092 3332 4147 habet
3394 4107 3500 4147 nou
3559 4103 3642 4148 est

2084 4192 2134 4242 iu
2192 4188 2332 4252 loco,
2374 4201 2548 4254 neque
2592 4186 2831 4238 locorqu
2887 4185 3084 4237 lluibus
3140 4183 3637 4247 circumscribitur,

2082 4293 2209 4347 ergo
2237 4276 2327 4345 qui
2371 4277 2502 4329 dicit
2535 4274 2587 4327 iu
2628 4273 2761 4329 solis
2810 4271 3189 4341 llierosolyunu
3223 4272 3437 4334 linihus,
3473 4271 3553 4324 vel
3589 4272 3639 4323 iu

2086 4381 2266 4423 monte
2303 4368 2558 4422 Saltim-ia:
2597 4366 2679 4420 vel
2730 4366 2783 4419 iu
2821 4365 3059 4431 quolibet
3094 4365 3197 4417 alio
3253 4374 3409 4416 terra:
3452 4363 3643 4417 cmlivc

2084 4463 2222 4525 loco,
2260 4462 2424 4513 lleum
2457 4475 2576 4513 esse
2612 4458 2969 4521 adorandum,
3006 4471 3110 4509 non
3154 4470 3275 4509 vere
3306 4454 3435 4509 dicit
3468 4468 3642 4522 neque

2084 4569 2208 4606 vere
2252 4552 2463 4605 adorat.
2504 4554 2781 4615 Quatenus
2819 4550 3200 4616 incorp-treus,
3239 4546 3382 4599 Deus
3425 4544 3639 4610 quidem

2087 4655 2386 4705 nusquam,
2421 4648 2687 4707 quati-nus
2724 4648 2903 4689 autem
2944 4635 3083 4689 Deus
3110 4645 3193 4688 est
3240 4635 3474 4702 ubique;
3518 4648 3640 4685 nam

2086 4732 2131 4787 si
2150 4743 2292 4786 esset
2310 4746 2464 4785 mons
2484 4732 2565 4786 vel
2597 4730 2747 4784 locus
2774 4730 2855 4785 vel
2882 4738 3126 4783 creatura
3152 4727 3355 4796 aliqua,
3387 4726 3472 4779 ubi
3504 4724 3644 4778 Deus

430 4817 739 4886 πανταχοῦ⁹
775 4820 821 4869 εί
851 4817 956 4887 γὰρ
983 4819 1128 4869 ἔστιν
1157 4818 1301 4887 ὄρος,
1342 4818 1373 4888 ἢ
1414 4820 1597 4882 τόπος,
1628 4818 1658 4889 ἢ
1692 4819 1888 4883 κτίσις,
1922 4812 1983 4871 οὗ
2011 4830 2062 4887 1)
2090 4840 2184 4879 nor

1886 4862 1888 4875 ι
1922 4812 1983 4871 οὗ
2011 4830 2062 4887 D
2090 4840 2195 4879 non
2226 4827 2319 4890 sit,
2350 4838 2539 4878 rursus
2568 4822 2898 4877 inveniretur
2929 4820 3124 4875 alicubi
3157 4818 3640 4886 circumscriptus;

432 4911 507 4979 μὴ
529 4910 671 4961 ἔστιν
706 4910 732 4962 6
756 4908 908 4972 Θεὸς,
932 4908 1092 4961 πάλιν
1126 4910 1475 4979 εὑρεθήσεται
1509 4910 1984 4978 περιγραφόμενος

431 5003 486 5055 ἓν
538 5018 674 5054 τινι·
709 5000 982 5071 πανταχοῦ
1041 4998 1131 5054 οὖν
1166 5003 1259 5054 καὶ
1292 5004 1349 5053 ἐν
1406 5005 1569 5055 πᾶσιν
1617 5003 1644 5054 6
1675 5001 1825 5064 Θεός.
1863 5001 1984 5062 Πῶς

431 5092 522 5149 οὖν
576 5095 847 5164 πανταχοῦ
909 5096 999 5149 καὶ
1039 5098 1095 5149 ὲν
1152 5096 1340 5157 πᾶσιν,
1388 5092 1462 5158 ὡς
1490 5095 1587 5164 οὐχ
1632 5096 1734 5147 ὑπὸ
1763 5094 1983 5164 μέρους,

429 5189 542 5242 ἀλλ’
573 5188 674 5241 ὑπὸ
700 5188 790 5241 τοῦ
823 5185 1017 5249 παντὸς
1048 5186 1463 5256 περιεχόμενοςς
1497 5183 1801 5255 Οῦμενουνθ
1828 5186 1986 5253 σῶμα

431 5284 537 5351 γὰρ
586 5281 737 5333 ἔσται
785 5278 964 5332 πάλιν.
1003 5278 1208 5331 Οᾷκοῦν
1257 5277 1332 5339 ώς
1370 5277 1429 5328 τὸ
1458 5278 1564 5328 πᾶν
1594 5276 1688 5329 καὶ
1744 5277 1983 5345 συνέχων

430 5378 521 5428 καὶ
563 5374 829 5442 περιέχων
866 5372 1023 5433 αὑτός
1069 5372 1212 5422 ἐστιν
1256 5372 1313 5422 ἐν
1362 5368 1559 5439 ἑαυτῷ,
1594 5370 1871 5437 πανταχοῦ
1927 5386 1983 5420 τε

431 5466 523 5518 καὶ
551 5465 688 5530 ὑπὲρ
717 5464 775 5516 τὸ
812 5466 915 5514 πᾶν
962 5462 1436 5531 προσκυνούμενος
1468 5460 1616 5530 παρὰ
1646 5460 1755 5510 τῶν
1793 5461 1983 5529 ἀληθι-

429 5556 531 5609 νῶν
576 5554 967 5623 προσκυνητῶν
1001 5556 1056 5604 ὲν
1097 5554 1173 5618 τῷ
1210 5553 1478 5621 πνεύματι
1518 5552 1609 5605 καὶ
1658 5554 1719 5622 τῇ
1758 5552 1981 5615 ἀλητιείῖθ

430 5653 607 5703 lites.

584 5834 761 5887 "tuor.
806 5848 881 5891 tu,
920 5832 968 5881 ii

2087 4919 2286 4986 ubique
2336 4933 2463 4985 ergo
2487 4925 2536 4968 et
2570 4916 2619 4968 iu
2661 4916 2915 4968 omnibus
2948 4920 3123 4966 exstat
3171 4909 3332 4965 Deus.
3364 4910 3645 4973 Quomodo

2085 5011 2243 5077 igitur
2295 5010 2491 5075 ubique
2527 5016 2578 5060 et
2623 5007 2673 5058 iu
2701 5004 2951 5059 munibus
2998 5001 3158 5065 Deus,
3198 5017 3302 5055 non
3339 5016 3441 5053 una
3472 5010 3643 5068 parte,

2084 5105 2175 5157 sed
2228 5103 2475 5154 universo
2526 5095 3044 5151 circumscribatur?
3093 5094 3466 5164 Nequaquam,
3516 5109 3642 5148 nam

2086 5197 2274 5249 iterum
2327 5206 2522 5257 corpus
2566 5198 2727 5242 esset.
2774 5186 2912 5257 Ergo
2949 5187 3327 5255 conjungendo
3366 5186 3547 5239 omnia
3591 5193 3646 5238 et

2087 5286 2464 5357 amplectende
2504 5287 2616 5352 ipse
2645 5290 2727 5334 est
2755 5283 2805 5333 iu
2837 5280 3148 5348 semetipso,
3177 5279 3376 5347 ubique
3399 5287 3449 5331 et
3482 5291 3645 5345 super

2086 5384 2267 5437 omnia
2296 5395 2323 5432 a
2362 5380 2501 5430 veris
2542 5374 2925 5428 adoratoribus
2953 5372 3005 5426 iu
3041 5372 3234 5440 spiritu
3266 5382 3474 5440 suaque
3503 5368 3644 5421 veri-

2090 5490 2193 5531 tate
2225 5476 2533 5528 atlul'autlus
