4442 6448
777 450 884 514 2.30

2077 424 2456 486 GilEGOBlI
2499 418 2822 482 PALAME

3947 401 4055 463 260

853 563 1058 617 Idcirco
1096 555 1237 611 Deus
1272 551 1475 620 ubique
1506 557 1776 603 terrarum
1821 541 1930 597 imo
1967 547 2020 594 et
2050 553 2214 609 supra
2249 547 2355 591 ter-
2386 539 2433 595 Α
2533 533 2607 585 Πα

2304 552 2355 590 r-
2386 539 2433 595 Α
2533 528 2814 599 Πανταχοῦ
2849 527 3023 581 τοίνυν
3065 526 3092 579 6
3137 522 3290 585 Θεὸς,
3318 520 3379 573 οὐ
3425 518 3521 588 τῆς
3571 517 3670 588 γῆς
3703 515 3888 584 μόνον,
3920 513 4053 565 ἀλλὰ

781 649 1099 710 ras_taliter
1148 643 1499 701 credentibus
1550 637 1871 696 adorabitur
1922 634 1978 689 ln
2006 631 2260 695 veritate,
2314 637 2372 681 ut

785 748 946 799 neum
979 747 1154 800 decet.
1194 739 1351 792 Pater
1374 737 1728 802 incorporeus
1765 742 1869 786 tam
1906 727 2207 784 secundum
2238 735 2372 778 tem-

783 855 902 906 pus,
936 851 1097 906 quam
1147 831 1448 886 secundum
1485 830 1664 880 locum
1711 823 1956 880 inﬁnitus
1998 821 2050 874 in
2093 817 2372 873 sancto‘et

784 941 984 982 a-tcrno
1017 926 1220 994 Spiritu
1258 935 1420 991 atque
1455 920 1614 986 Filio,
1649 932 1860 972 necnon
1886 913 2069 968 Verbo
2101 919 2372 966 coaeterno

782 1019 923 1087 quod
974 1027 1056 1070 est
1100 1010 1579 1068 consulistantialis
1611 1008 1795 1062 Patris
1821 1005 2042 1060 veritas.
2092 1003 2284 1054 Anima
2322 1009 2374 1054 et

783 1110 1012 1177 angelus
1054 1122 1174 1160 eum
1211 1105 1316 1158 sint
1363 1101 1689 1169 incorporei,
1728 1115 1835 1152 non
1889 1103 2106 1150 exstant
2137 1094 2188 1147 in
2224 1093 2369 1153 loco,

784 1205 874 1254 sed
910 1200 1104 1265 ubique
1126 1212 1229 1248 mm
1255 1203 1421 1259 sunt;
1456 1207 1580 1246 nam
1614 1207 1719 1245 non
1751 1184 2250 1248 cont‘nentomnia,
2279 1181 2371 1238 sed

788 1296 902 1358 ipsa
943 1291 1118 1359 pmius
1153 1289 1396 1354 indigent
1434 1301 1461 1338 a
1494 1299 1602 1354 quo
1633 1283 2042 1344 contineantur,
2073 1279 2217 1332 Sunt
2247 1289 2375 1344 ergo

787 1393 839 1433 ιιι
878 1383 992 1451 ipsa
1031 1380 1081 1432 in
1113 1393 1176 1431 eo
1217 1378 1306 1445 qui
1337 1376 1584 1430 continet
1614 1381 1668 1428 et
1695 1371 2043 1441 amplectitur
2074 1368 2278 1432 omnia,
2310 1366 2377 1420 ab

787 1491 852 1527 eo
909 1477 1303 1538 consequenter
1354 1466 1600 1520 delinita.
1653 1463 1847 1518 Anima
1902 1460 2123 1531 quidem
2173 1473 2377 1526 corpus

790 1576 1021 1629 qttOt'lllll
1056 1569 1232 1610 creata
1272 1557 1370 1609 fuit
1405 1555 1693 1610 continens
1730 1551 1932 1621 ubique
1981 1547 2225 1618 corporis
2257 1557 2377 1611 est,

796 1669 899 1704 mm
934 1647 1090 1718 quasi
1127 1647 1179 1700 in
1216 1649 1336 1700 luco
1369 1645 1450 1698 vel
1488 1644 1640 1713 quasi
1671 1651 1945 1703 contenta,
1967 1653 2152 1693 verum
2186 1645 2379 1707 quate-

797 1755 898 1795 nus
949 1754 1147 1805 corpus
1191 1729 1438 1790 continet
1471 1742 1525 1786 et
1559 1729 1995 1800 comprehendit,
2033 1727 2178 1797 quod
2216 1727 2379 1782 etiam

799 1834 954 1883 labet
989 1830 1287 1882 secundum
1320 1825 1613 1894 imaginem
1651 1823 1767 1878 Dei.
1799 1820 2092 1876 Samaritis
2117 1833 2246 1873 vero
2282 1833 2383 1872 au-

2474 625 2569 678 xai
2591 624 2701 677 τῶν
2729 621 2870 692 ὑπὲρ
2899 620 3023 689 γῆν,
3067 613 3581 687 προσκυνηθήσεται
3625 609 3780 681 παρὰ
3816 608 3923 662 τῶν
3963 606 4058 661 οῦ-

2473 733 2550 769 τω
2578 714 2948 768 πιστευόντων
2992 709 3207 778 ἀληθῶς
3236 725 3294 760 τε
3350 707 3442 758 καὶ
3475 702 3818 773 θεοπρεπῶς.
3872 699 4058 768 Πατὴρ

2476 805 2770 876 ἀσώματος
2800 804 2894 857 καὶ
2927 800 3068 856 κατά
3092 799 3282 867 χρόνον
3327 797 3421 849 καὶ
3473 796 3638 845 τόπον
3689 792 3964 859 ἀόριστος,
4001 790 4058 839 ἐν

2476 899 2615 964 ἀγίῳ
2640 895 2732 948 καὶ
2767 895 2918 963 ἀϊδίῳ
2951 891 3230 959 Πνεύματι
3268 890 3361 941 καὶ
3387 887 3499 954 Υἱῷ
3532 886 3624 936 καὶ
3646 923 3657 934 .
3678 883 3837 952 Λόγῳ
3868 897 4061 933 συναν-

2477 990 2650 1057 ἀρχῳ,
2683 988 2741 1049 ὃς
2801 988 2946 1037 ἐστιν
2978 986 3009 1053 ή
3038 981 3404 1041 ὲνυπόστατος
3434 977 3526 1030 τοῦ
3560 975 3774 1052 Πατρδς
3807 972 4059 1039 ἀλήθεια.

2680 1073 2950 1143 καὶψυχὴ
2979 1050 3071 1124 arat
3103 1069 3334 1137 ἄγγελος
3369 1065 3639 1134 ἀσώματα
3670 1050 3818 1123 ὄντα,
3849 1059 3950 1111 οὐκ
4003 1058 4060 1108 ὲν

2477 1170 2629 1239 τόπῳ
2659 1168 2828 1232 ἐστιν,
2863 1165 2978 1218 ἀλλ’
3003 1165 3129 1232 οὐχ).
3163 1162 3257 1215 καὶ
3293 1156 3572 1227 πανταχοῦ
3619 1159 3768 1210 ἐστιν
3795 1169 3807 1184 ·
3835 1151 3926 1204 -οὐ
3952 1149 4063 1219 γὰρ

2482 1265 2767 1332 συνέχουσι
2799 1262 2859 1313 τὸ
2891 1261 3020 1319 πᾶν,
3049 1257 3188 1310 ἀλλά
3223 1256 3318 1309 καὶ
3354 1254 3492 1306 αύτά
3518 1251 3692 1304 δεῖται
3753 1245 3847 1300 τοῦ
3905 1245 4062 1298 συνέ-

2480 1371 2686 1423 χοντος.
2726 1352 2936 1407 Οὐκοῦν
2976 1349 3069 1402 καὶ
3099 1349 3239 1401 αὐτά
3273 1349 3330 1398 ὲν
3373 1344 3452 1412 τῷ
3495 1347 3773 1411 συνέχοντι
3822 1338 3916 1391 καὶ
3967 1352 4060 1388 πε-

2491 1446 2726 1515 ριέχοντι
2757 1445 2816 1495 τὸ
2848 1444 2976 1506 πᾶν,
3016 1437 3109 1494 ὑπ’
3142 1437 3305 1491 αὑτοῦ
3352 1435 3702 1503 καταλλήλως
3747 1430 4056 1500 δριζόμενα.

2495 1538 2558 1591 Ἦ
2585 1537 2767 1607 μέντοι
2801 1534 2949 1605 ψυχὴ
2982 1535 3282 1602 συνέχουσα
3311 1533 3369 1585 το
3404 1527 3560 1594 σῶμα
3608 1519 3652 1593 ᾦ
3679 1524 3773 1579 καὶ
3821 1519 4068 1576 συνεκτί-

2487 1629 2612 1699 σθη,
2636 1626 2919 1696 πανταχοῦ
2947 1625 3039 1679 τοῦ
3071 1624 3325 1692 σώματός
3351 1626 3522 1686 ἐστιν,
3555 1620 3653 1688 οὐχ
3684 1619 3760 1681 ὡς
3803 1619 3859 1668 τι
3893 1616 4062 1682 τόπῳ,

2485 1722 2594 1776 οὐδ’
2662 1721 2737 1784 ὡς
2772 1719 3173 1790 περιεχομένη,
3227 1713 3340 1768 ἀλλ’
3389 1713 3464 1776 ὡς
3516 1711 3822 1780 συνέχουσά
3861 1724 3920 1759 τε
3975 1707 4068 1758 καὶ

2487 1813 2820 1881 περιέχουσα
2851 1810 2912 1862 τὸ
2946 1809 3127 1878 σῶμα,
3180 1807 3300 1859 κατ’
3330 1807 3513 1858 εἰκόνα
3538 1806 3633 1856 καὶ
3674 1800 3822 1855 τοῦτ’
3866 1800 4067 1869 ἔχουσα

802 1922 929 1973 ditis
967 1934 994 1971 a
1027 1917 1248 1973 Christo
1281 1917 1435 1968 miris
1479 1914 1598 1968 istis
1635 1913 1851 1980 Deoque
1890 1909 2069 1979 dignis
2109 1908 2385 1964 sermoni-
2420 1891 2458 1943 δ
2490 1904 2555 1955 ΘΞ

2317 1908 2385 1961 ιὶο
2420 1891 2458 1943 δ
2490 1902 2647 1956 Θεοῦ.
2694 1903 2757 1954 Ἠ
2778 1903 2833 1954 δὲ
2861 1902 3210 1970 Σαμαρεῖτις,
3246 1899 3320 1960 ὼς
3365 1897 3567 1966 ἢκουσε
3618 1893 3766 1962 παρά
3828 1889 4065 1960 Χριστοῦ

801 2016 922 2075 lius,
951 2010 1207 2079 quoniam
1251 2007 1393 2060 Deus
1428 2018 1774 2076 nequaquam
1811 2017 1938 2058 vere
1965 2013 2046 2056 est
2076 2001 2385 2056 adorandus

801 2105 900 2157 nisi
919 2102 968 2156 iu
1001 2101 1202 2170 Spiritu
1228 2108 1280 2153 et
1302 2099 1525 2152 veritate
1553 2112 1676 2159 sua,
1703 2095 2160 2165 quemadmodum
2205 2095 2386 2148 anima

804 2197 912 2251 Deo
943 2203 1197 2264 sponsata
1245 2194 1297 2247 in
1338 2191 1578 2245 Canticis
1621 2189 1983 2251 canticorum,
2016 2188 2202 2258 sponsi
2257 2202 2388 2242 voce

801 2301 1048 2349 accensa,
1103 2285 1221 2352 ejus
1266 2296 1423 2351 quem
1459 2280 1752 2343 desiderat,
1803 2295 1964 2348 quem
2004 2286 2281 2345 cXSpectat
2333 2286 2388 2329 et

806 2386 1021 2446 ignmat
1046 2376 1146 2429 etsi
1184 2383 1529 2444 prementem,
1574 2371 1894 2426 recordatur
1933 2371 2168 2424 dicens:
2218 2369 2386 2422 «Scio

803 2470 925 2538 quia
956 2467 1183 2521 Messias
1225 2467 1372 2520 venit
1399 2467 1490 2534 qui
1531 2465 1734 2518 dicitur
1764 2463 2053 2525 Christus;
2091 2477 2214 2516 cum
2254 2475 2384 2530 ergo

806 2563 1013 2616 venerit
1041 2561 1147 2623 ille,
1175 2559 1331 2612 nobis
1364 2558 1715 2611 annuntiahit
1747 2557 1951 2613 omnia.
1981 2554 2184 2610 Videtis
2221 2571 2384 2624 quam

805 2668 923 2710 erat
958 2663 1141 2724 parata
1175 2653 1239 2707 ad
1268 2653 1426 2706 ﬁdem
1463 2651 1743 2718 nimiaque
1778 2665 1871 2718 spe
1904 2649 2060 2718 plena
2093 2648 2390 2715 apprOpin-

809 2759 1010 2816 quante
1072 2761 1233 2815 quem
1267 2743 1648 2799 desiderabat?
1691 2743 1864 2812 Igitur
1890 2742 2004 2812 ejus
2039 2752 2154 2795 erat
2193 2755 2389 2794 canere

806 2858 931 2899 cum
970 2840 1132 2892 David
1170 2856 1184 2894 :
1226 2857 1244 2889 ι
1281 2837 1532 2891 Paratum
1581 2852 1675 2891 cor
1715 2851 1915 2898 meum,
1947 2835 2107 2899 Deus,
2137 2845 2386 2901 paratum

809 2949 904 2988 cor
951 2947 1152 2996 meum,
1200 2931 1432 2985 cantabo
1489 2938 1545 2984 et
1594 2928 1863 2999 psalmum
1909 2928 2085 2982 dicam
2120 2927 2171 2981 in
2216 2925 2388 2996 gloria

817 3043 933 3078 utra
965 3024 1030 3076 ⁸⁸.
1071 3041 1093 3076 ο

887 3291 953 3340 At
1001 3287 1143 3341 unde
1170 3287 1271 3342 ista
1306 3294 1412 3340 tam
1451 3285 1623 3352 ﬁrme,
1661 3294 1768 3339 tam
1797 3301 1942 3343 certe
1975 3299 2216 3357 noverat,
2249 3291 2393 3346 unde

817 3380 946 3434 talia
969 3380 1020 3433 in
1048 3387 1228 3433 mente
1259 3377 1512 3432 versabat
1536 3379 1638 3432 nisi
1668 3380 1792 3448 quia
1821 3395 1944 3434 cum
1977 3397 2186 3441 summa
2218 3391 2396 3438 atten-

817 3474 966 3526 tioae
1010 3470 1359 3540 propheticos
1391 3469 1559 3524 libros
1599 3480 1714 3524 erat
1757 3473 2063 3525 meditata?
2095 3471 2391 3528 llincenim

821 3563 1060 3616 animum
1094 3563 1166 3614 ita
1200 3561 1486 3614 sublimem
1521 3562 1708 3616 habuit
1737 3572 1786 3616 et
1819 3563 1998 3617 divina
2036 3566 2397 3632 inSpiratione

819 3658 1034 3722 plenum
1066 3671 1080 3719 ;
1116 3654 1257 3707 unde
1289 3653 1420 3706 mihi
1457 3669 1599 3706 nunc
1633 3654 1854 3708 miranti
1906 3655 2068 3728 hujus
2111 3658 2394 3714 Samariti-

816 3749 900 3800 dis
940 3747 1003 3799 ad
1042 3747 1320 3800 Christum
1358 3746 1600 3813 spiritale
1640 3757 1693 3800 et
1737 3749 2031 3804 vehemens
2063 3750 2394 3806 desiderium

831 3841 1024 3892 accidit
1056 3839 1122 3893 de
1147 3854 1208 3891 ea
1234 3837 1576 3892 rursusillud
1594 3837 1800 3893 Cautici
1825 3843 2157 3895 canticorum
2179 3845 2390 3898 dicere:

826 3951 843 3982 ι
887 3929 1018 3997 Οιιαξ
1048 3941 1131 3985 est
1163 3929 1263 3984 ista
1296 3945 1416 3999 quae
1448 3931 1790 4000 progreditur
1819 3935 1971 4001 quasi
2005 3951 2228 3999 aurora,
2265 3938 2387 4003 pul—

827 4028 954 4076 citra
993 4033 1051 4076 ut
1080 4023 1203 4075 luna
1227 4062 1239 4084 ,
1273 4023 1440 4076 electa
1472 4034 1528 4076 ut
1570 4024 1647 4078 sol
1679 4025 1760 4075 86?
1791 4043 1807 4072 ι
1844 4025 1973 4078 Nam
2017 4028 2142 4079 dum
2175 4029 2393 4096 quidem

825 4116 1108 4167 annuntiat
1168 4130 1289 4167 mox
1337 4124 1713 4168 surrecturum
1767 4117 2044 4170 Christum
2096 4120 2394 4186 spiritalem

819 4207 1042 4273 justitile
1079 4205 1284 4265 Solem.
1318 4219 1370 4258 et
1417 4205 1761 4261 subostendit
1799 4225 1892 4277 per
1947 4213 2298 4280 semetipsam
2331 4229 2393 4266 ex

823 4299 1074 4366 gentibus
1110 4309 1389 4350 vettlUratu
1428 4298 1750 4360 Ecclesiam,
1783 4303 1936 4367 quasi
1987 4319 2047 4355 ex
2085 4319 2238 4358 sacra
2274 4305 2398 4359 ion-

825 4391 894 4443 tis
923 4390 1154 4457 origine,
1189 4391 1252 4442 ad
1285 4406 1440 4457 quem
1471 4392 1651 4444 stabat
1681 4403 1949 4456 exortam,
1979 4406 2032 4447 et.
2056 4411 2082 4446 a
2115 4397 2397 4453 Salvatore

827 4481 1102 4538 eductam,
1133 4482 1272 4534 hanc
1304 4483 1457 4535 video
1487 4484 1916 4550 progredientem
1957 4489 2112 4554 quasi
2141 4503 2394 4543 auroram

2488 1994 2594 2045 τῶν
2624 1993 2878 2060 ἐξαισίων
2910 1993 3118 2045 τούτων
3168 1990 3264 2044 καὶ
3301 1987 3624 2054 θεοπρεπῶν
3666 1984 3881 2053 φαγὼν,
3923 1983 3995 2044 ὡς
4041 1983 4069 2030 ό

2489 2085 2621 2148 Θεὺς
2673 2083 2911 2154 οὐδαμοῦ
2940 2084 3061 2135 κατ’
3104 2081 3361 2152 ἀλήθειαν
3393 2078 3767 2150 προσκυνητός
3809 2077 3975 2134 ἐστιν,
4022 2075 4069 2124 εί

2494 2178 2566 2247 μὴ
2600 2179 2655 2229 ὲν
2689 2176 2768 2246 τῷ
2801 2175 3068 2244 πνεύματι
3099 2175 3194 2227 καὶ
3238 2176 3303 2244 τῇ
3334 2170 3564 2241 ἀληθείᾳ
3600 2168 3786 2232 αὑτοῦ,
3821 2167 4071 2234 καθάπερ

2490 2270 2522 2336 ἡ
2555 2269 2609 2319 ὲν
2642 2271 2752 2329 τοῖς
2790 2266 3036 2337 ⁸ᾼσμασι
3081 2266 3190 2316 τῶν
3229 2264 3488 2336 ᾀσμάτων
3549 2261 3935 2330 νυμφεύομένη
3996 2258 4072 2328 τῷ

2490 2361 2609 2434 Θεῷ
2656 2359 2824 2431 ψυχὴ,
2866 2361 2932 2428 τῇ
2990 2361 3141 2428 φωνῇ
3172 2358 3266 2410 τοῦ
3321 2356 3555 2426 νυμφίου
3614 2357 3713 2422 τῆς
3764 2351 4072 2421 ἀφθαρσίας

2491 2452 2969 2521 ἀνιπτερωθεῐσα,
3000 2451 3097 2504 τοῦ
3136 2450 3594 2520 προσδοκωμένου
3651 2447 3744 2500 καὶ
3807 2447 4074 2514 ποθουμέ-

2491 2562 2580 2596 νου
2618 2542 2713 2596 καὶ
2746 2542 3060 2612 λεληθότος,
3095 2541 3172 2593 ἔτι
3237 2541 3526 2608 παρόντος.
3587 2541 3823 2592 ποιεῖται
3885 2538 4074 2607 μνείαν

2493 2638 2723 2702 λέγουσα
2749 2652 2761 2667 ι
2808 2653 2825 2685 ι
2853 2630 2982 2688 Οἶδα
3013 2635 3093 2687 ὅτι
3122 2633 3370 2697 Μεσσίας
3407 2633 3646 2704 ἔρχεται,
3691 2633 3719 2683 6
3786 2633 4076 2700 λεγόμενος

2493 2729 2750 2808 Χριστός.
2784 2728 2951 2779 Ὅταν
2977 2725 3105 2796 ἔλθῃ
3149 2728 3374 2789 ἐκεῖνος,
3409 2725 3702 2792 ἀναγγελεῖ
3761 2725 3895 2792 ἡμῖν
3941 2723 4076 2774 πάν-

2494 2840 2580 2874 τα.
2617 2840 2633 2871 ι
2679 2819 2873 2888 Ὁρᾶτε
2897 2819 3013 2879 πῶς
3048 2815 3113 2889 ἦν
3171 2816 3494 2888 ἐτοιμοτάτη
3546 2817 3681 2885 πρὸς
3740 2817 3941 2878 πίστιν,
4002 2815 4076 2876 ὡς

2494 2911 2802 2981 ἐγγίζοντος
2836 2911 2936 2981 ἤδη
2967 2909 3059 2962 τοῦ
3096 2908 3575 2981 προσδοκωμένου,
3604 2911 3699 2961 καὶ
3743 2908 3864 2961 λίαν
3918 2906 4074 2959 εῦελ-

2501 3022 2592 3065 πις
2629 3020 2643 3069 ;
2682 2997 2809 3073 'Ap‘
2839 3004 2959 3071 οὐχ).
2989 3003 3083 3054 καὶ
3121 3001 3323 3070 ταύτης
3353 2996 3423 3071 ἦν
3447 3000 3624 3068 λέγειν
3679 2999 3817 3068 μετά
3848 2997 3940 3051 τοῦ
3975 2998 4078 3048 Δα-

2496 3097 2580 3150 ϐιδ
2603 3115 2615 3126 ·
2656 3115 2673 3147 ι
2718 3097 2945 3166 Ἐτοίμη
2977 3097 3008 3163 ὴ
3047 3086 3245 3164 καρδία
3274 3111 3398 3163 μου,
3433 3095 3461 3146 6
3485 3093 3638 3156 Θεὸς,
3674 3093 3867 3162 ἑτοίμη
3894 3093 4078 3162 ήκαρ-

2421 3229 2462 3286 C
2497 3193 2582 3245 δὶα
2609 3209 2711 3260 μου
2751 3205 2766 3220 ο
2793 3191 2998 3261 ᾄσομαι
3030 3189 3124 3241 καὶ
3152 3187 3309 3256 ψαλῶ
3338 3187 3396 3239 ὲν
3436 3188 3503 3257 τῇ
3534 3186 3661 3257 δόξῃ
3698 3202 3800 3255 μου
3831 3201 3845 3250 ;
3879 3203 3897 3235 ι

2573 3283 2746 3335 Πόθεν
2775 3283 2827 3335 δὲ
2861 3284 2955 3335 καὶ
2983 3280 3141 3334 τοῦτο
3169 3279 3400 3350 βεϐαίως
3431 3279 3603 3340 οὕτως
3633 3278 3750 3348 ᾔδει
3785 3278 3877 3329 καὶ
3901 3277 4078 3344 ἀσσα-

2498 3379 2622 3442 λῶς,
2681 3378 2770 3430 acati
2827 3376 2927 3445 τὴν
2958 3377 3021 3427 ἐκ
3073 3373 3250 3444 ψυχῆς
3276 3368 3390 3443 εἶχε
3426 3372 3560 3442 πρὸς
3624 3371 3758 3423 αὐτὸ
3811 3369 4072 3432 διάθεσιν,

2499 3471 2546 3521 εἰ
2586 3468 2661 3537 μὴ
2700 3468 2839 3536 μετά
2868 3468 3138 3530 συνέσεως
3197 3467 3514 3534 ἀκροτάτης
3575 3463 3671 3527 τὰς
3729 3463 4076 3532 προφητικάς

2499 3560 2856 3629 ἐξεμελέτησε
2889 3558 3106 3628 βίϐλους
3139 3574 3152 3623 ;
3198 3556 3480 3612 Ἐντεῦθεν
3503 3557 3598 3609 καὶ
3648 3557 3740 3609 τὸν
3763 3555 3888 3609 νοῦν
3933 3554 4075 3608 οὕτω

2502 3653 2795 3723 μετάρσιον
2822 3647 3074 3721 εἶχε,τῆς
3104 3651 3251 3714 θείας
3312 3650 3544 3719 Εμπλεος
3595 3649 3853 3718 γεγονότα
3909 3665 4076 3701 κατο-

2500 3749 2598 3817 χῆς
2634 3763 2647 3778 ·
2669 3747 2742 3810 ὡς
2779 3747 2902 3814 ἐμοὶ
2939 3744 3032 3798 νῦν
3066 3744 3358 3812 ἀγαμένως
3388 3743 3586 3814 ὁρῶντι
3632 3745 3725 3795 τὸν
3755 3741 3854 3810 τῆς
3887 3740 4074 3808 Σαμα-

2502 3837 2735 3909 ρείτιδος
2772 3836 2977 3906 ταύτης
3012 3836 3147 3904 πρὸς
3185 3834 3418 3904 Χριστὸν
3463 3833 3839 3902 πνεύματικὸν
3877 3849 3936 3884 τε
3985 3833 4076 3883 καὶ

2502 3931 2732 4001 σφοδρὸν
2765 3929 2953 3994 πόθον,
2984 3927 3278 3996 ἐπέρχεται
3311 3925 3440 3994 περὶ
3475 3925 3645 3995 αὐτῆς
3674 3924 3836 3976 πάλιν
3891 3924 3960 3975 τὰ
3984 3925 4076 3976 τοῦ

2507 4022 2781 4092 ’ᾼσματος
2817 4023 3028 4072 ἐκείνου
3055 4019 3234 4086 λέγειν
3271 4035 3284 4050 ο
3307 4035 3326 4069 ι
3360 4016 3456 4078 Τίς
3491 4015 3631 4084 αῦτη
3662 4017 3694 4084 ἠ
3729 4013 4079 4068 ὲκκύπτουσα

2502 4117 2633 4168 ὡσεὶ
2661 4115 2876 4186 ὄρθρος,
2910 4112 3050 4183 καλὴ
3077 4113 3150 4174 ὡς
3187 4111 3408 4180 σελήνη,
3442 4109 3676 4178 ὲκλεκτὴ
3708 4107 3778 4169 ὡς
3812 4107 3840 4158 6
3868 4107 4070 4176 ἥλιος;›

2501 4209 2579 4278 τῷ
2607 4209 2704 4277 μὲν
2728 4209 2835 4277 γὰρ
2872 4196 3313 4273 ι’τταγγέλλεσθαι
3373 4203 3490 4273 μετ’
3522 4203 3701 4269 ὀλίγον
3740 4203 4074 4272 ὲπιφανήσευ

2505 4301 2628 4352 σθαι
2653 4302 2743 4350 τὸν
2767 4299 2866 4368 τῆς
2903 4296 3253 4364 δικαιοσύνης
3285 4296 3475 4363 νοητὸν
3514 4295 3668 4363 ἥλιον
3699 4295 3952 4364 Χριστὸν,
3985 4294 4076 4345 καὶ

2501 4393 2578 4462 τῷ
2624 4391 2721 4459 τὴν
2766 4393 2824 4455 ἐξ
2853 4390 3019 4442 ὲθνῶν
3055 4389 3384 4458 Ἐκκλησίαν
3419 4387 3485 4440 δι’
3536 4387 3734 4455 ἑαυτῆς
3769 4387 4078 4456 ἀρχομένην

2503 4482 2845 4548 ὑποφαίνειν,
2873 4481 2946 4540 ὡς
2978 4481 3036 4543 ἐξ
3096 4481 3248 4548 ἱερᾶς
3309 4479 3637 4546 ἀνίσχουσαν
3692 4477 4078 4546 κολνμδῄθρας

825 4574 978 4625 valde
1009 4575 1293 4627 amabilem
1341 4574 1571 4628 Pulchra
1602 4591 1729 4629 vero
1762 4588 1842 4630 est
1875 4590 1930 4629 ut
1963 4580 2109 4641 luna,
2141 4582 2263 4646 quia
2294 4581 2400 4633 ful-
2432 4577 2473 4629 ί)
2504 4575 2579 4643 τῆη

2320 4583 2400 4633 Iil-
2432 4577 2473 4629 Ι)
2504 4575 2601 4643 τῆς
2630 4575 2836 4642 πηγῆς,
2880 4573 2962 4641 ἐφ’
2995 4569 3061 4643 ἧς
3110 4573 3374 4640 εἱστήκει,
3408 4571 3660 4639 καθάπερ
3692 4571 4074 4639 κατηχουμὲνη

827 4675 932 4732 get,
971 4665 1294 4732 praevalente
1335 4666 1512 4717 adhuc
1543 4676 1702 4718 nocte
1736 4666 2065 4731 impietatis;
2104 4667 2272 4721 electa
2311 4683 2405 4720 au-

830 4765 932 4806 tem
968 4765 1024 4807 ut
1070 4755 1173 4817 sol,
1206 4772 1323 4823 qum
1365 4756 1566 4807 Lucida
1597 4773 1623 4806 a
1673 4753 1954 4809 Salvatore
1986 4758 2082 4808 fuit
2126 4761 2406 4826 cognomi-

833 4859 978 4909 nata,
1011 4859 1063 4898 ct
1102 4849 1216 4915 ipsa
1256 4848 1306 4899 in
1348 4863 1633 4901 numerum
1669 4858 1957 4918 aggregata
1989 4865 2176 4902 eorum
2207 4852 2294 4916 qui
2323 4867 2406 4904 se-

821 4941 1067 4992 ~cundum
1096 4940 1326 5010 Evangel
1359 4955 1444 4993 um
1488 4951 1541 4994 ut
1576 4942 1654 4994 Sol
1693 4943 1889 4994 debent
1935 4942 2168 5009 fulgere;
2214 4943 2408 4996 deinde

829 5031 990 5081 etiam
1027 5029 1340 5082 beatissimo
1374 5031 1616 5102 martyrii
1648 5034 1749 5085 line
1781 5033 1942 5085 vitam
1972 5033 2080 5100 jam
2112 5035 2397 5102 splenden-

834 5133 936 5170 ιειιιι
998 5121 1379 5188 consignavit;
1433 5139 1576 5176 nunc
1635 5139 1763 5176 vero
1821 5124 1983 5177 Deum
2037 5141 2220 5178 verum
2270 5127 2402 5178 vidit

823 5211 1129 5276 Christum,
1175 5224 1225 5265 et
1273 5228 1496 5280 prorsus
1546 5229 1667 5266 cum
1731 5214 1895 5267 [leum
1956 5215 2294 5282 praalicavit;
2350 5231 2402 5269 et

831 5304 972 5369 quod
1009 5303 1115 5369 ipse
1151 5313 1337 5369 postea
1372 5303 1506 5356 dixit
1533 5306 1811 5373 discipulis
1840 5307 1904 5359 de
1940 5309 2142 5375 Spiritu
2181 5325 2276 5359 net:
2311 5323 2406 5361 na-

836 5407 952 5447 tura
980 5412 1072 5448 nuc
1109 5397 1369 5465 dignitate
1401 5398 1607 5450 minore
1645 5416 1657 5449 :
1704 5417 1719 5446 ι
1756 5398 1982 5462 Quando
2010 5401 2212 5452 venerit
2242 5401 2402 5453 doce-

837 5490 913 5538 int
944 5503 1157 5541 omnem
1189 5490 1467 5542 veritatem
1499 5491 1564 5553 ⁸⁷,
1601 5509 1615 5540 ι
1656 5492 1785 5542 illud
1822 5493 1934 5558 ipsa
1969 5496 2124 5560 longe
2155 5505 2310 5543 antea
2342 5493 2407 5543 de

835 5597 899 5634 eo
929 5583 1096 5634 dicit;
1143 5602 1159 5633 ‹
1190 5582 1322 5636 Cum
1361 5573 1566 5637 venerit
1601 5585 1706 5646 ille,
1737 5587 1890 5639 nobis
1923 5587 2267 5638 annuntialiit
2291 5602 2407 5638 om-

839 5674 944 5724 nia.
985 5693 1002 5725 ι
1039 5673 1228 5727 Verum
1265 5675 1479 5743 quando
1516 5677 1674 5728 laletu
1715 5692 1831 5729 esse
1868 5679 1996 5730 vidtl.
2031 5691 2260 5744 Sponsus
2296 5678 2407 5745 Spi-

911 5851 953 5881 ⁸⁵
992 5852 1132 5905 I‘sal.
1169 5867 1274 5918 Lvt,
1313 5852 1394 5904 l0.
1474 5851 1515 5882 ⁸⁶
1547 5853 1678 5905 Cint
1735 5867 1808 5916 vt,
1844 5852 1928 5905 10.

2505 4669 2653 4736 παρά
2706 4667 2797 4728 τοῦ
2861 4667 3136 4734 Σωτῆρος,
3189 4665 3297 4734 όρῶ
3347 4665 3550 4730 ταύτην
3603 4663 3979 4714 ἐκκύπτουσαν
4006 4663 4076 4723 ὡς

2507 4762 2881 4828 πολυέρῖστον
2913 4759 3131 4828 ὄρθρον.
3169 4758 3322 4824 Καλὴ
3363 4759 3417 4809 δέ
3469 4760 3616 4808 ἐστιν
3674 4757 3806 4808 ὡσεὶ
3858 4759 4074 4826 σελήνη,

2506 4854 2695 4919 ἐπειδὴ
2734 4854 2934 4920 φαίνει,
2969 4853 3068 4919 τῆς
3098 4852 3288 4910 νυκτὸς
3318 4851 3396 4902 ἔτι
3443 4852 3536 4917 τῆς
3561 4851 3814 4912 ἀσεϐείας
3847 4854 4079 4918 ἐπικρα-

2508 4945 2704 5013 τούσης
2743 4960 2753 4972 ·
2786 4944 3015 5014 ἐκλεκτὴ
3048 4945 3102 4997 δὲ
3135 4946 3207 5007 ὡς
3258 4948 3282 4997 ὀ
3315 4944 3484 5012 ἥλιος.
3537 4947 3628 4997 Em
3690 4946 3784 4997 καὶ
3834 4947 4074 5012 Φωτεινὴ

2504 5039 2653 5105 παρὰ
2686 5037 2778 5088 τοῦ
2811 5036 3059 5104 Σωτῆρος
3094 5038 3478 5105 ὠνομασμένη,
3519 5041 3612 5090 καὶ
3654 5039 3744 5090 τοῦ
3779 5039 4076 5104 καταλόγου

2505 5135 2597 5182 καὶ
2658 5129 2794 5197 αῦτη
2853 5130 3209 5196 τετελεσμένη
3270 5129 3428 5200 114
3490 5132 3596 5182 τῶν
3655 5132 3957 5199 μελλόντων
4005 5133 4080 5194 (λς

2506 5223 2653 5291 ἣλιος
2686 5222 2916 5290 λάμψειν
2950 5230 3086 5274 κατξι
3120 5223 3178 5273 τὸ
3211 5224 3539 5286 Εὐαγγελιον
3564 5239 3576 5252 ·
3615 5225 3733 5275 ἐπεὶ
3783 5225 3877 5276 καὶ
3902 5242 4077 5290 μακα-

2512 5313 2764 5382 ριωτὰτῳ
2802 5317 2893 5367 καὶ
2931 5315 3250 5383 μαρτυρικῴ
3311 5315 3453 5365 τέλει
3491 5316 3577 5366 τόν
3633 5315 3759 5382 ἑξῆς
3816 5317 4076 5384 φωτοειδῆ

2515 5406 2624 5474 βίον
2667 5409 3108 5474 ἐπεσφρειγίσατο
3135 5423 3147 5435 ·
3183 5409 3276 5458 καὶ
3308 5408 3400 5459 νῦν
3439 5409 3492 5459 δὲ
3533 5408 3663 5459 Θεὸν
3699 5405 3839 5461 εἶδεν
3904 5409 4078 5478 ἁληθῆ

2512 5498 2600 5547 τον
2654 5499 2905 5565 Χριστὸν,
2967 5504 3060 5549 καὶ
3114 5499 3312 5560 τελέως
3371 5500 3900 5568 τοὶτονέθεολόγησε
3936 5516 3948 5529 ·
3986 5505 4080 5551 καὶ

2512 5591 2646 5656 ὅπερ
2674 5590 2832 5652 αὐτος
2873 5593 2983 5651 τοῖς
3041 5593 3305 5658 μαθηταῖς
3339 5589 3488 5645 εἶπεν
3524 5593 3747 5661 ὕστερον
3807 5597 3933 5661 περὶ
3989 5593 4077 5644 τοῦ

2515 5681 2792 5749 συμφυοῦς
2828 5686 2914 5734 καὶ
2955 5685 3216 5752 genere»
3267 5685 3597 5754 Πλεύματος,
3649 5689 3720 5747 ὡς·
3780 5686 3905 5739 ὅταν
3954 5684 4077 5755 ἔλθῃ

2008 5854 2048 5883 ⁸⁷
2083 5851 2244 5906 Joau.
2275 5867 2384 5915 xvi,
2427 5853 2506 5904 ιδ.
