4442 6448
438 420 538 482 261

438 626 788 699 προλαϐοῦσα
824 628 949 695 περὶ
981 627 1145 680 αὑτοῦ
1175 644 1336 695 φησιν
1373 644 1386 657 ο
1426 645 1443 678 ι
1484 627 1654 679 Ὅταν
1699 627 1827 697 ἔλθῃ
1863 632 2010 680 ἐκεῖ·

438 736 546 779 νος,
570 716 861 786 ἀναγγελεῖ
886 718 1022 786 ἡμῖν
1051 718 1251 770 πάντα.
1286 735 1303 766 ι
1355 716 1491 769 Ἀλλ’
1526 717 1599 779 ὼς
1626 714 1731 767 εἶδε
1755 716 2007 785 τοιαύτην

437 810 601 863 οὖσαν
652 812 679 862 ό
704 810 888 879 νοητὸς
919 807 1014 861 τοῦ
1048 807 1282 877 Χριστοῦ
1343 809 1600 874 νυμφίος,
1670 806 2008 876 ἁπερικαλὺ-

440 918 587 963 πτως
616 901 750 970 πρὸς
783 901 957 969 αὑτήν
982 916 1173 969 φησιν,
1212 918 1228 950 ι
1273 898 1411 966 Ἑγώ
1448 900 1565 966 εἰμι
1600 899 1627 950 δ
1656 898 1828 952 λαλῶν
1866 916 2002 950 σοι.»

452 992 516 1044 Ὶὶ
544 992 598 1045 δὲ
628 991 831 1054 εὐθέως
863 991 937 1053 ὼς
984 990 1215 1061 ὲκλεκτὴ
1248 990 1417 1052 ὄντως
1460 989 1882 1059 εὑαγγελίστρια
1929 992 2011 1056 γί-

438 1100 608 1148 νεται,
634 1084 726 1135 καὶ
754 1085 853 1154 τὴν
895 1081 1087 1151 ὑδρίαν
1116 1083 1336 1149 ἀφεῖσα,
1362 1082 1455 1133 καὶ
1506 1081 1643 1147 πρὸς
1704 1082 1803 1148 τὴν
1858 1081 2010 1133 πόλιν

436 1175 740 1245 δραμοῦσα,
802 1177 1010 1236 πάντας
1085 1172 1405 1245 ἐπιστρέφει
1485 1176 1597 1237 τοῖς
1668 1174 1867 1241 λόγοις,
1920 1174 2012 1225 καὶ

438 1266 577 1333 πρὸς
616 1265 799 1319 πίστιν
853 1265 949 1318 τοῦ
996 1265 1253 1333 ὀφθέντος
1304 1266 1515 1331 ἀνάγει,
1566 1283 1583 1315 ‹
1640 1264 1802 1317 Δεῦτε
1852 1263 2010 1325 ἴδετε,

436 1359 690 1424 ὶέγουσα,
721 1357 1027 1426 ἄνθρωπον,
1059 1357 1118 1421 δς
1149 1352 1269 1410 εἶπέ
1294 1375 1385 1427 μοι
1415 1359 1595 1410 πάντα
1625 1358 1722 1409 ὅσα
1748 1356 2009 1425 ἐποίησα·

1785 423 2103 482 liOMll.l-\
2154 425 2307 485 MK.

440 542 643 600 ἐκεῖνος
678 534 876 600 διδάξει
908 534 1089 589 πᾶσαν
1121 535 1217 604 τὴν
1250 534 1524 605 ἀλήθειαν,
1557 534 1712 589 τοῦτο
1752 537 1844 589 καὶ
1867 535 2006 605 αῦτη
2040 542 2080 597 Α
2114 537 2574 597 τίιιιίὶείζίιιὲκιιις.
2612 556 2727 590 stuc
2753 540 3016 608 auditoria

3045 563 3065 579 ι.
3099 558 3144 591 et
3169 539 3301 592 .Tivit
3338 562 3348 593 ;
3387 559 3402 590 ι
3433 539 3542 610 Ego
3566 558 3685 596 sunt

2113 628 2204 694 qui
2252 627 2447 693 loquor
2486 636 2681 679 tecum.
2739 646 2755 675 ι
2793 629 2920 691 Qum
2970 630 3153 680 statim
3216 630 3369 696 quasi
3424 630 3592 685 electa
3633 637 3689 686 lit

2109 714 2501 783 cvangeiistria,
2540 727 2611 771 et.
2654 715 2871 767 dimissa
2908 718 3116 784 hydria,
3151 722 3215 769 ad
3252 720 3519 772 civitatem
3559 737 3683 775 ettr—

2111 822 2258 869 rens,
2310 822 2500 860 omnes
2542 815 2720 859 verbis
2760 810 3105 863 cunvcrtitet
3139 809 3204 861 ad
3246 812 3573 864 credendum
3629 815 3681 865 in

2112 912 2229 949 tum
2254 911 2411 964 quem
2436 897 2613 950 vident
2636 897 2873 960 adducit,
2908 897 3132 953 dicens:
3168 900 3413 963 «Venite,
3438 910 3491 953 et
3514 901 3688 955 videte

2117 987 2388 1040 hominem
2441 986 2534 1055 qui
2577 988 2709 1039 dixit
2763 989 2889 1041 mihi
2935 990 3113 1042 on.nia
3163 1005 3505 1057 qumruuque
3536 990 3633 1044 feci
3671 1008 3683 1054 ;

2116 1077 2379 1148 numquid
2414 1078 2528 1146 ipse
2567 1088 2650 1132 est
2686 1076 2973 1133 Christus?
3013 1098 3030 1129 ι
3073 1079 3162 1133 Sic
3206 1081 3320 1141 ait,
3354 1082 3498 1133 nulla
3531 1091 3690 1136 utens

2114 1170 2488 1238 ambiguitate,
2516 1170 2686 1238 magis
2712 1184 2774 1222 ev
2816 1169 2930 1222 visu
2962 1171 3264 1223 suadr-ndus
3298 1179 3350 1223 et
3373 1186 3434 1223 ex
3466 1186 3691 1226 conver-

2115 1262 2325 1316 satione
2369 1262 2431 1315 ad
2480 1260 2765 1315 Dominum
2820 1262 3035 1315 facilius
3089 1264 3395 1315 crediturus
3442 1264 3688 1333 cogitans

2116 1354 2281 1415 alios.
2324 1354 2466 1422 quod
2506 1370 2569 1408 ex
2600 1365 2793 1407 eventu
2834 1370 3012 1407 rerum
3059 1354 3252 1406 enituit

441 1458 513 1522 μή
573 1470 655 1507 τοι
720 1447 873 1515 οὗτός
920 1455 1067 1506 ἐστιν
1100 1455 1128 1507 ὁ
1175 1453 1407 1522 Χριστός
1440 1468 1455 1517 ;
1494 1469 1513 1502 ι
1584 1451 1738 1505 Οὕτω
1788 1451 1845 1504 δέ
1896 1467 2081 1520 φησιν,
2117 1450 2215 1502 οὑκ
2265 1451 2594 1518 ἀμφιϐολίαν
2623 1451 2759 1519 αῦτη
2815 1452 3125 1521 κεκτημένη
3163 1453 3303 1518 τινὰ,
3348 1457 3681 1525 πληροφορη-

438 1549 695 1617 Οήσεσθαι
755 1548 811 1600 δὲ
852 1547 1049 1614 μᾶλλον
1086 1547 1149 1598 ἐκ
1195 1545 1295 1613 τῆς
1328 1544 1477 1607 θέας,
1527 1545 1620 1597 καὶ
1652 1546 1738 1597 διὰ
1769 1547 1869 1614 τῆς
1921 1545 2061 1613 πρὸς
2093 1543 2181 1596 τὸν
2231 1544 2436 1613 Κύριον
2487 1545 2698 1613 ὁμιλίας
2751 1547 3136 1615 εὐχερέστερον
3194 1549 3685 1618 ἁναπεισθήσεσθιι

438 1642 531 1692 καὶ
556 1641 679 1701 τοὺς
716 1639 907 1699 ἄλλους
936 1636 1283 1697 πιστεύουσα.
1308 1638 1558 1706 καθάπερ
1604 1640 1698 1691 καὶ
1738 1638 1825 1691 διὰ
1884 1638 1993 1690 τῶν
2028 1638 2205 1708 ἔργων
2229 1637 2412 1708 ἐξέϐη.
2512 1630 2515 1633 Ἴ

521 1730 662 1798 Ἐγὼ
694 1730 749 1782 δὲ
785 1731 1014 1792 καὶτοῖς
1072 1732 1492 1801 προειρημένοις
1540 1730 2003 1799 συνοπτικώτερον

2161 1729 2269 1798 Ego
2290 1732 2505 1799 quidem
2528 1746 2737 1785 summa
2759 1741 2978 1787 secutus
2994 1746 3114 1788 Sum
3136 1735 3510 1801 przedictm-um
3534 1735 3652 1789 fasti

438 1824 780 1891 ἑχρησάμην,
819 1821 915 1875 καὶ
945 1822 1014 1873 τὰ
1039 1822 1163 1889 ἑξῆς
1195 1822 1300 1874 τῶν
1326 1824 1707 1890 εὑαγγελικῶν
1741 1824 2002 1893 ῥημάτων
2033 1839 2075 1895 Β
2109 1822 2192 1891 gia

1927 1840 2002 1875 ων
2033 1839 2075 1895 Β
2109 1822 2274 1891 gia,et
2294 1836 2438 1874 nunc
2455 1823 2729 1889 sequentia
2750 1823 3023 1891 Evangelii
3044 1825 3202 1877 verba
3226 1834 3504 1893 pra-terea;
3530 1830 3681 1881 video

438 1915 639 1985 ἀρτίως
712 1914 973 1983 παρίημι,
1029 1914 1127 1981 τὴν
1177 1912 1325 1982 ὤραν
1362 1917 1453 1967 ἐπὶ
1504 1915 1601 1977 τὰς
1631 1914 1724 1967 τοῦ
1756 1914 2005 1984 σώματος

438 2005 623 2075 χρείας
644 2005 738 2059 καὶ
784 2006 851 2060 τά
871 2006 1009 2075 ἔργα
1054 2005 1147 2058 τοῦ
1212 2005 1327 2074 βίου
1381 2008 1813 2074 κατεπείγουσαν
1862 2006 2005 2073 ὑμᾶς

438 2097 779 2167 ὁρῶν.,’Δλλ’
830 2098 987 2167 ὑμεῖς
1028 2100 1281 2151 σκοπεῖτε
1327 2096 1425 2167 τὴν
1472 2097 1835 2167 Σαμαρείτιδα
1878 2097 2005 2149 ταὺ-

437 2204 568 2258 την·
600 2187 675 2250 ὡς
716 2190 825 2257 γάρ
874 2189 1075 2257 ἢκουσε
1128 2186 1237 2242 τῶν
1278 2186 1656 2255 εὑαγγελικῶν
1684 2187 1878 2253 λόγων,
1911 2186 2003 2248 οὓς

442 2280 532 2331 καὶ
559 2280 717 2348 ἡμεῖς
745 2279 1142 2350 ἐξαγγέλλομεν
1170 2280 1303 2351 πρὸς
1331 2279 1429 2349 τὴν
1459 2279 1727 2349 ὑμετέραν
1761 2279 2000 2347 ἀγάπην,

440 2372 598 2433 εὐθὺς
626 2374 720 2425 καὶ
748 2373 857 2425 τῶν
916 2374 1359 2440 ἀναγκαιοτάτων
1405 2371 1500 2425 τοῦ
1546 2372 1794 2441 σώματος
1848 2389 2004 2425 κατε-

448 2467 712 2531 φρόνησεν
732 2479 748 2495 ·
784 2465 960 2531 ἀφῆκε
981 2462 1090 2533 γὰρ
1122 2463 1380 2533 πάραυτα
1430 2464 1520 2516 καὶ
1551 2462 1647 2532 τὴν
1678 2463 1865 2533 ὑδρίαν
1910 2463 2003 2514 καὶ

441 2556 537 2619 τὴν
567 2554 763 2617 οἰκίαν,
807 2555 897 2607 καὶ
926 2557 1003 2617 είς
1049 2555 1146 2623 τὴν
1192 2556 1348 2608 πόλιν
1384 2554 1689 2625 δραμοῦσα,
1728 2556 1821 2608 καὶ
1880 2556 2004 2616 τοῦς

442 2643 783 2711 Σαμαρείτας
812 2645 1252 2715 ἐπισπασαμένη,
1318 2645 1416 2697 σὺν
1472 2645 1651 2707 αὑτοῖς
1711 2646 1866 2699 πάλιν
1908 2646 2004 2696 ὲπ-

442 2732 638 2798 ἀνῆλθε
692 2734 829 2802 πρὸς
862 2734 951 2787 τὸν
997 2735 1232 2805 Χριστόν
1263 2748 1277 2763 ⁸
1345 2735 1404 2788 τὸ
1447 2739 1576 2803 γὰρ,
1624 2734 1789 2787 Δεῦτε
1842 2735 1999 2801 ἴδετε,

439 2822 596 2875 τοῦτό
624 2842 787 2894 φησιν
826 2824 1111 2893 ἄντικρυς,
1152 2825 1577 2897 Ἀκολουθήσατέ
1615 2843 1726 2896 μοι,
1759 2830 1856 2878 καὶ
1884 2827 2004 2895 ὁδη-

440 2916 593 2983 γήσω
623 2916 787 2985 ὑμᾶς,
820 2918 913 2970 καὶ
941 2917 1097 2982 δείξω
1116 2917 1211 2971 νῦν
1250 2919 1378 2988 ὑμῖν
1414 2919 1505 2971 τὸν
1534 2918 1593 2981 ἐξ
1630 2916 1870 2989 οὐρανῶν
1892 2920 2003 2971 Σω-

438 3004 579 3074 τῆρα
607 3005 683 3075 τῷ
711 3007 900 3076 κόσμῳ
932 3010 1393 3079 παραγενόμενον.
1439 3010 1713 3073 Ἐκείνους
1753 3011 1851 3079 μὲν
1905 3007 1999 3064 οῦν

438 3096 581 3149 οὕτω
606 3098 906 3166 τηνικαῦτα
926 3102 1348 3173 προτρεψαμένη
1374 3101 1449 3172 τῷ
1478 3104 1697 3173 Χριστῷ
1723 3105 1999 3173 παρέστη·

2108 1913 2251 1967 enim
2282 1912 2469 1965 horam
2504 1928 2623 1979 qua:
2656 1914 2720 1965 ad
2765 1916 3118 1968 necessitates
3152 1917 3395 1983 corporis
3428 1929 3479 1970 et
3517 1934 3679 1986 opera

2107 2004 2232 2056 vita:
2252 2018 2346 2056 vos
2374 2003 2588 2057 invitat.
2608 2002 2717 2057 Vos
2741 2014 2920 2057 autem
2948 2005 3104 2057 istam
3130 2006 3462 2059 considerate
3493 2008 3675 2059 Sama-

2106 2094 2356 2157 ritidem;
2392 2108 2517 2146 nam
2545 2103 2603 2145 ut
2626 2093 2830 2146 audivit
2853 2095 3158 2163 evangelica
3194 2096 3335 2149 dicta
3368 2112 3489 2165 quae
3516 2098 3677 2151 modo

2106 2200 2206 2237 nos
2246 2183 2497 2237 charitati
2551 2193 2742 2237 vestra
2790 2185 3097 2247 retulimus,
3137 2188 3317 2240 statim
3371 2190 3674 2243 necessaria

2105 2278 2348 2346 corpOris
2391 2279 2746 2347 contempsit,
2783 2278 2999 2347 reliquit
3039 2279 3281 2349 hydriam
3331 2292 3382 2335 et
3428 2283 3673 2342 domum.

2108 2382 2442 2437 currensque
2470 2368 2535 2421 ad
2559 2367 2770 2433 urbem,
2797 2367 3045 2421 adductis
3078 2367 3455 2434 Samaritanis,
3485 2388 3677 2427 rursus

2106 2473 2227 2511 cum
2263 2458 2340 2511 eis
2365 2458 2430 2511 ad
2471 2458 2747 2512 Christum
2781 2459 2998 2522 redivit,
3036 2460 3238 2528 quibus
3273 2472 3457 2530 aperte
3488 2462 3623 2517 dixit
3664 2486 3671 2491 ο

2111 2548 2317 2614 Venite,
2337 2565 2423 2605 me
2445 2550 2760 2617 sequimini,
2784 2560 2837 2604 et
2871 2566 2964 2605 vos
2993 2552 3258 2605 adducam
3289 2565 3339 2605 ct
3365 2555 3677 2609 monstrabo

2104 2642 2259 2696 vobis
2290 2640 2627 2695 Salvatorem
2660 2642 2752 2709 qui
2798 2642 2863 2695 de
2907 2641 3061 2695 cmlis
3110 2643 3161 2694 in
3214 2651 3386 2697 terras
3438 2647 3648 2700 advenit

2103 2730 2251 2797 Quos
2292 2732 2362 2784 ita
2402 2729 2527 2784 inde
2560 2730 2849 2798 perductos
2880 2728 3100 2783 Christo
3134 2730 3371 2798 obtulit;
3410 2748 3510 2785 nos
3550 2751 3672 2787 τωο

2104 2823 2280 2886 docet,
2313 2822 2440 2875 dum
2466 2822 2724 2889 relinquit
2748 2822 2987 2891 hydriam
3018 2832 3070 2876 et
3094 2822 3339 2889 domum,
3373 2823 3528 2879 valde
3550 2841 3643 2896 pre

2105 2913 2378 2967 tiosiorem
2418 2913 2618 2967 ducere
2682 2914 3069 2980 temporalibus
3102 2917 3516 2971 necessitatibus
3574 2920 3662 2971 do-

2102 3011 2291 3064 ctrina:
2327 3010 2639 3074 utilitatem,
2677 3025 2839 3078 quam
2884 3009 3145 3065 Dominus
3175 3011 3430 3079 optimam
3459 3021 3666 3081 partem

2103 3100 2239 3154 dixit
2274 3101 2342 3166 ⁸⁸,
2375 3100 2638 3154 Martham
2693 3101 2747 3155 in
2795 3100 3085 3170 Evangelio
3120 3102 3183 3156 de
3215 3101 3381 3156 Maria
3410 3118 3530 3172 qua:
3555 3120 3663 3159 seri

446 3202 558 3253 σεν,
588 3189 735 3255 ημᾶς
758 3188 812 3241 δὲ
839 3171 1082 3245 διδάσκει
1124 3191 1212 3245 διὰ
1263 3191 1357 3245 τοῦ
1394 3171 1710 3247 καταλιπεῖν
1763 3171 1857 3249 καὶ
1900 3171 1997 3267 την
2029 3171 2069 3230 c
2104 3204 2200 3246 mo}

1900 3171 1997 3267 τήν
2029 3171 2069 3230 c
2104 3204 2293 3246 mones
2315 3190 2659 3244 auscultabat
2704 3189 2919 3245 all‘atus.
2960 3189 3015 3244 Si
3054 3204 3179 3244 vero
3206 3171 3509 3246 necessaria
3542 3208 3639 3246 con

436 3277 616 3329 οἰκίαν
649 3280 742 3332 καὶ
772 3280 871 3348 τὴν
893 3281 1100 3350 ὑδρίαν,
1132 3286 1553 3355 προτιμωτέραν
1588 3285 1842 3355 ἡγεῖσθαι
1901 3290 1996 3341 καὶ

437 3368 545 3418 τῶν
576 3369 888 3435 ἀναγκαίων
918 3370 1116 3440 χρειῶν
1145 3372 1245 3442 τὴν
1262 3376 1325 3425 εκ
1360 3378 1458 3445 τῆς
1486 3375 1827 3439 διδασκαλίας
1852 3378 1995 3447 ὠφέ-

438 3459 609 3523 λειαν,
656 3460 723 3529 ἢν
764 3461 860 3515 καὶ
905 3463 933 3515 δ
985 3462 1190 3534 Κύριος
1240 3466 1448 3534 ἀγαθὴν
1488 3467 1681 3538 μερίδα
1709 3472 1994 3539 προσεῖπε,

438 3548 573 3619 πρὸς
602 3550 700 3621 τὴν
736 3552 792 3603 ὲν
814 3551 895 3621 τῷ
925 3553 1237 3623 Εὑαγγελίῳ
1262 3556 1513 3626 Μάρθαν,
1548 3558 1687 3628 ὑπὲρ
1716 3559 1811 3627 τῆς
1834 3563 1998 3629 ἀκρο⁶

438 3641 657 3710 ωμένης
694 3641 788 3694 τοῦ
822 3643 980 3711 λόγου
1004 3645 1220 3713 Μαρίας
1238 3645 1640 3718 διαλεγόμενος.
1687 3650 1748 3703 Et
1782 3650 1837 3702 δὲ
1889 3651 1996 3702 τῶν

437 3731 752 3799 ἀναγκαίων
786 3739 1131 3805 περιφρονεῖν
1170 3737 1270 3801 δεῖ,
1303 3740 1452 3809 πόσῳ
1494 3741 1693 3808 μᾶλλον
1741 3741 1850 3795 τῶν
1904 3742 1996 3796 ἀλ-

438 3821 583 3887 λων;
618 3824 685 3876 Τί
708 3825 813 3893 γάρ
853 3842 909 3878 σε
932 3829 1024 3879 καὶ
1056 3832 1399 3897 κατεπείγει,
1439 3832 1533 3883 καὶ
1571 3832 1679 3884 τῶν
1711 3834 1851 3888 κατά
1897 3835 1996 3904 ψυ-

438 3915 537 3982 Χὴν
554 3914 846 3982 ὠφελίμων
867 3919 1229 3988 ἀκουσμάτων
1256 3921 1491 3990 ἀπάγει;
1533 3924 1687 3976 οῐκου
1742 3926 1836 3978 καὶ
1860 3927 1995 3978 παί-

438 4007 655 4058 δωνκαὶ
686 4007 942 4073 γυναικὸς
974 4009 1261 4077 επιμέλεια
1294 4031 1310 4076 ;
1357 4014 1554 4065 οἰκεῖον
1596 4013 1629 4083 ἢ
1675 4019 1996 4083 συγγενικὸν

438 4099 653 4163 πένθος,
715 4099 746 4167 ἢ
805 4101 1082 4169 χαρμονή;
1148 4104 1419 4172 ἀγορασία.
1464 4120 1547 4167 τις
1612 4109 1993 4181 κτημάτων,ἢ

440 4188 676 4259 πώλησις
702 4207 717 4253 ;
750 4192 941 4259 χρῆσις
958 4192 1064 4244 τῶν
1090 4192 1444 4263 ὑπαρχόντων
1465 4213 1547 4249 σοι
1581 4200 1817 4263 πάντων,
1863 4205 1997 4271 μᾶλ-

439 4280 529 4331 λον
559 4281 616 4333 δὲ
643 4284 979 4351 κατάχρησις
1015 4301 1029 4348 ;
1061 4286 1176 4338 ἀλλ’
1203 4287 1369 4340 ἄκουε
1409 4289 1647 4353 συνετῶς
1700 4293 1807 4345 τῶν
1857 4296 1992 4346 ἀπο-

440 4372 700 4425 στολικῶν
732 4372 1076 4441 διδαγμάτων
1119 4391 1133 4405 °
1165 4394 1184 4429 ε
1227 4377 1285 4430 Ὀ
1314 4384 1523 4450 καιρὸς,
1562 4382 1804 4451 ἀδελφοὶ,
1866 4403 1989 4439 συν·

435 4465 767 4532 εσταλμένος
800 4465 859 4517 τὸ
916 4468 1099 4520 λοιπόν
1128 4469 1295 4534 εστιν,
1328 4471 1412 4523 ἴνα
1452 4472 1545 4526 καὶ
1574 4473 1624 4526 οί
1654 4477 1864 4544 ἔχοντες
1892 4495 1991 4545 γυ·

2099 3291 2339 3335 temuere
2365 3290 2602 3351 Oportet,
2640 3290 2845 3350 quanto
2879 3282 3049 3350 magis
3080 3282 3315 3337 caetera?
3345 3280 3485 3348 Quid
3523 3286 3665 3336 enin.

2099 3381 2151 3426 te
2179 3372 2420 3439 impedit,
2446 3372 2572 3440 quid
2609 3379 2660 3427 te
2688 3375 2753 3424 ah
2784 3372 3073 3427 audiendis
3103 3373 3444 3427 sermonibus
3472 3376 3669 3426 anima:

2102 3464 2326 3517 utilibus
2346 3463 2579 3517 avertit?
2601 3464 2680 3516 Au
2705 3462 2870 3527 domi,
2892 3464 2974 3517 vel
2995 3462 3292 3517 liberorum
3319 3463 3399 3516 vel
3424 3462 3665 3516 mulieris

2099 3556 2273 3611 cura?
2298 3571 2425 3609 num
2456 3555 2798 3624 particularis
2827 3554 3023 3624 aliquis
3043 3556 3156 3608 sive
3178 3554 3511 3608 domesticus
3538 3570 3643 3609 mur

2097 3663 2188 3701 ror
2209 3648 2322 3701 sive
2347 3648 2526 3700 latitia
2546 3646 2680 3715 {An
2697 3646 2937 3700 eummhe
2960 3660 3088 3715 opes
3113 3646 3193 3698 vel
3230 3646 3622 3700 venumdanda-
3652 3690 3658 3698 .

2094 3740 2174 3793 An
2212 3741 2477 3792 honorum
2517 3745 2733 3791 tuorum
2770 3752 2903 3792 usus
2939 3752 3033 3791 seu
3067 3737 3247 3805 potius
3274 3736 3518 3792 abusus?
3552 3740 3657 3793 Sed

2097 3828 2223 3882 audi
2253 3838 2307 3882 et
2330 3828 2568 3897 intellige
2602 3827 2848 3896 Apostoli
2873 3830 3168 3881 doctrinam
3207 3844 3219 3878 :
3260 3844 3278 3878 ι
3309 3827 3544 3895 Tempus
3568 3831 3662 3887 ait.

2099 3922 2311 3987 fratres,
2363 3921 2524 3974 hreve
2557 3931 2639 3974 est
2666 3935 2680 3984 ;
2736 3920 3004 3988 reliquum
3036 3928 3113 3973 est
3153 3928 3210 3972 ut
3239 3928 3293 3973 et
3320 3920 3413 3989 qui
3464 3919 3666 3974 habent

2098 4032 2294 4070 uxores
2316 4057 2331 4081 ,
2365 4026 2622 4084 tanquam
2673 4030 2780 4067 non
2822 4014 3080 4068 habentes
3111 4013 3259 4079 sint;
3292 4024 3345 4066 ct
3379 4016 3470 4081 qui
3506 4013 3664 4076 ﬂent,

2098 4118 2350 4176 tauquam
2378 4124 2483 4162 non
2513 4106 2700 4162 ﬂentes
2729 4123 2743 4170 ;
2770 4116 2823 4161 et
2852 4108 2943 4175 qui
2973 4109 3230 4176 gaudent,
3267 4116 3523 4175 tanquam
3556 4125 3661 4161 ItOu

2096 4204 2422 4268 gaudentes;
2452 4186 2519 4254 et
2547 4200 2639 4267 qui
2678 4209 2885 4263 emunt,
2925 4209 3180 4265 tanquam
3228 4214 3334 4252 non
3380 4200 3629 4268 possides:

2097 4301 2210 4357 tes;
2242 4301 2293 4343 et
2325 4292 2414 4359 qui
2440 4298 2664 4342 tttuntur
2698 4288 2799 4341 hoc
2830 4289 3051 4351 mundo,
3083 4297 3337 4355 tanquam
3366 4303 3468 4340 non
3504 4299 3628 4340 utan

2097 4387 2217 4444 tur;
2255 4378 2491 4446 praeterit
2512 4376 2656 4430 enim
2707 4375 2878 4444 llgura
2930 4376 3091 4443 hujus
3125 4376 3306 4429 tnundi
3340 4377 3407 4429 ⁸⁹.
3446 4396 3463 4426 ι
3508 4380 3657 4442 Quo.:

2094 4482 2176 4523 est
2224 4479 2435 4537 tempus
2506 4467 2651 4522 istud
2700 4467 2904 4521 breve?
2960 4467 3145 4520 Brevis
3195 4478 3278 4521 est
3336 4469 3467 4531 vita,
3515 4484 3659 4522 mors

436 4558 625 4617 ναίκας
646 4555 720 4617 ὼς
750 4557 824 4625 μὴ
850 4556 1062 4626 ἔχοντες
1090 4553 1216 4626 ὦσι,
1256 4565 1352 4615 καὶ
1374 4564 1421 4615 oi
1460 4537 1760 4633 κλαίοντε-ς,
1802 4537 1877 4632 ὡς
1904 4537 1993 4641 ,μὴ
2024 4537 2067 4592 D
2096 4577 2190 4630 ΡΙὍ

1906 4537 1993 4641 ’μὴ
2024 4537 2067 4592 Ῑ²
2096 4563 2357 4630 proxima,
2393 4558 2760 4627 corruptibilis
2794 4559 2894 4612 iste
2930 4550 3197 4621 mundus,
3223 4560 3363 4612 altt-r
3393 4562 3482 4628 qui
3518 4576 3660 4613 seut-

434 4642 710 4706 κλαίοντες
731 4659 745 4675 ·
773 4647 868 4699 καὶ
890 4647 939 4698 oi
970 4648 1269 4716 χαίροντες,
1296 4650 1370 4713 ὠς
1415 4652 1489 4722 μὴ
1544 4652 1821 4723 χαίροντες
1855 4674 1869 4689 ο
1900 4663 1995 4713 καὶ

435 4733 483 4783 oi
515 4734 899 4800 ἀγοράζοντες,
928 4734 1002 4799 ὡς
1032 4736 1107 4805 μὴ
1133 4741 1453 4810 κατέχοντες
1482 4759 1499 4775 ο
1534 4745 1627 4797 καὶ
1674 4747 1723 4798 oi
1772 4752 1990 4820 χρώμε-

435 4840 515 4875 νοι
546 4823 621 4892 τῷ
645 4826 834 4894 κόσμῳ
859 4824 1054 4896 τούτῳ,
1083 4827 1159 4890 ὼς
1189 4829 1263 4899 μὴ
1307 4833 1719 4904 καταχρώμενοι
1750 4853 1765 4868 ⁸
1816 4842 1995 4909 παρά-

435 4915 649 4984 γειγάρ
671 4916 730 4968 τὸ
761 4916 944 4985 σχῆμα
991 4917 1085 4969 τοῦ
1130 4918 1333 4989 κόσμου
1386 4923 1596 4979 τούτου.
1643 4946 1661 4978 ι
1713 4929 1777 4981 Τί
1824 4932 1988 4996 ἐστιν,

440 5024 458 5055 ι
501 5004 562 5056 ὐ
593 5008 781 5073 καιρὸς
802 5007 1227 5076 συνεσταλμένος
1255 5012 1403 5076 tati;
1440 5032 1458 5064 ι
1518 5015 1731 5087 Βραχὺς
1782 5020 1809 5071 ὁ
1852 5020 1986 5089 βίος,

434 5099 598 5163 ἐγγὺς
624 5098 651 5147 ὸ
682 5096 927 5160 θάνατος,
950 5097 1186 5169 φθαρτὸς
1211 5102 1237 5152 ὁ
1267 5104 1471 5171 κὺσμος
1499 5098 1674 5173 οὗτος,
1699 5112 1726 5160 ό
1759 5111 1847 5163 ἀεὶ
1892 5112 1987 5179 μέ-

434 5203 541 5238 νων
573 5186 756 5255 ἒτερος
789 5202 804 5217 '
837 5188 1198 5258 παραπέμπει
1228 5190 1283 5244 δὲ
1310 5194 1451 5261 ημᾶς
1497 5196 1632 5264 πρὸς
1673 5200 1879 5254 ἐκεῖνον
1928 5204 1985 5253 ἐν

434 5276 707 5348 ἀσφαλείᾳ
737 5278 770 5348 ἡ
802 5277 893 5331 τοῦ
915 5279 1183 5348 παρόντος
1232 5284 1637 5354 καταφρόνησις
1676 5290 1904 5360 κόσμου,
1952 5296 1983 5363 η

436 5367 573 5436 πρὸς
596 5367 686 5418 τὸν
716 5367 974 5433 μέλλοντα
997 5370 1203 5421 ἐκεῖνον
1234 5372 1541 5442 ἑτοιμασία,
1578 5378 1636 5429 τὸ
1698 5379 1797 5450 ζῇν
1847 5386 1983 5436 κατά

432 5458 494 5508 τὸ
516 5454 795 5525 ἐγχωροῦν
825 5457 933 5509 ἀπὸ
961 5456 1068 5509 τῶν
1099 5458 1329 5511 ἐνταῦθα
1358 5463 1476 5513 κατ’
1505 5466 1719 5534 ἐκείνην
1762 5468 1859 5538 τὴν
1893 5487 1985 5521 πο-

433 5549 636 5599 λιτείαν
666 5564 681 5578 ο
709 5550 800 5599 καὶ
828 5549 886 5599 τὸ
940 5548 1034 5601 τοῦ
1095 5552 1357 5619 παρόντος
1417 5555 1529 5622 βίου
1575 5557 1836 5629 βλαϐερὸν
1885 5563 1981 5630 ὅση

433 5639 659 5707 δύναμις
690 5640 929 5707 φεύγειν.
964 5641 1227 5711 Καθάπερ
1266 5644 1319 5696 δὲ
1373 5649 1641 5718 πολεμίων
1688 5654 1975 5721 ἐπιδρομῆς

509 5826 546 5854 δ’
584 5822 709 5878 Luc.
755 5841 805 5887 ι,
838 5828 903 5881 ω
1080 5831 1085 5853 ί
1122 5831 1155 5868 ι’
1206 5873 1213 5879 .
1284 5850 1289 5851 ν
1340 5858 1367 5879 ε.
1404 5830 1469 5882 ιν,-

2094 4669 2186 4722 per
2224 4662 2423 4707 manet.
2461 4651 2568 4706 Nos
2592 4660 2771 4704 autem
2806 4659 2916 4703 tute
2943 4653 3009 4703 ad
3044 4650 3188 4702 illutn
3227 4652 3485 4704 conducit
3522 4667 3653 4719 ιιι-ιιι-

2092 4748 2262 4799 sentis
2309 4743 2492 4796 mundi
2532 4751 2901 4810 contemptus,
2934 4742 2977 4794 si
3003 4750 3054 4793 et
3090 4741 3154 4795 ad
3184 4740 3425 4794 futurum
3481 4755 3653 4809 pul'all

2091 4851 2305 4901 sumus,
2337 4834 2380 4887 si
2418 4846 2512 4902 pro
2539 4832 2744 4886 viribus
2768 4831 2943 4886 abhis
2974 4831 3231 4884 abstracti
3262 4830 3556 4883 secundum
3594 4833 3654 4882 il-

2091 4928 2195 4980 lam
2230 4925 2694 4980 conversationem
2732 4925 2991 4985 vivamus,
3021 4931 3073 4975 et
3108 4925 3279 4977 virtus
3311 4923 3360 4974 iu
3397 4937 3460 4975 eo
3493 4932 3576 4974 est
3603 4940 3651 4973 lli

2088 5019 2231 5085 quod
2265 5018 2483 5070 noxium
2520 5024 2600 5069 est
2633 5015 2794 5083 hujus
2830 5014 3015 5066 mundi
3053 5014 3341 5079 lugiamus.
3380 5014 3621 5077 Quemad

2087 5109 2305 5162 modqu
2338 5108 2578 5162 hostibus
2609 5106 2663 5160 in
2696 5106 2957 5162 suburbia
2990 5106 3344 5164 irruentibus.
3373 5118 3530 5174 agros
3562 5107 3651 5157 ha-

2085 5200 2276 5254 bemus
2312 5210 2563 5268 tanquam
2610 5213 2714 5252 non
2758 5198 3037 5259 habentes,
3078 5206 3130 5250 et
3178 5196 3495 5264 plerumque
3535 5195 3653 5247 illus

2084 5292 2348 5361 fugietttes
2377 5290 2522 5342 intus
2547 5289 2645 5340 tuti
2673 5288 3035 5349 ambulamus,
3065 5295 3116 5338 et
3146 5286 3189 5339 si
3228 5286 3292 5338 ad
3326 5295 3537 5353 tempus
3571 5299 3641 5336 re-

2088 5382 2351 5437 cesserint
2384 5380 2615 5443 inimici,
2646 5378 2876 5432 breviter
2914 5379 3113 5430 utimur
3160 5376 3488 5429 ambulacris
3533 5379 3649 5426 ιιιιη

2089 5472 2513 5541 subiacentibus,
2562 5487 2667 5526 non
2720 5484 2899 5524 autem
2955 5470 3261 5532 abutimur;
3310 5477 3647 5522 centractum

2090 5568 2231 5620 enim
2259 5563 2625 5632 conspicimus
2657 5577 2787 5618 usus
2821 5571 3068 5631 tempus:
3112 5561 3180 5613 ita
3217 5561 3280 5613 ad
3316 5562 3417 5613 hut:
3454 5564 3646 5611 ηιριιιιιρ

2094 5655 2374 5716 utendum,
2415 5662 2467 5706 ct
2521 5670 2626 5707 non
2682 5653 3006 5707 abutendum
3040 5652 3286 5704 hortatur
3318 5650 3599 5704 Anosmlm
